<mjloggm ver="2.3"><GO type="169" lobby="0"/><UN n0="%E3%81%9B%E3%81%95%E3%81%BF%E3%82%93%E2%99%AA" n1="%E3%81%99%E3%81%9A%E3%82%81%E3%82%AF%E3%83%AC%E3%82%A4%E3%82%B8%E3%83%BC" n2="%E5%A4%A9%E7%A9%BA%73%61%79%61" n3="%79%61%62%61%69" dan="16,19,16,18" rate="2139.38,2269.92,2067.59,2208.02" sx="F,M,M,M"/><TAIKYOKU oya="0"/>

<Scene>
<INIT seed="0,0,0,0,4,107" ten="250,250,250,250" oya="0" hai0="34,47,115,84,45,125,30,97,32,78,94,68,40" hai1="96,41,112,106,75,35,74,39,0,90,33,79,53" hai2="2,93,57,48,66,127,62,105,7,49,133,69,114" hai3="129,18,81,130,3,108,36,131,86,37,135,71,121"/><T59/><D115/><U52/><E79/><V116/><F114/><W67/><G121/><T95/><D68/><U122/><E122/><V126/><F105/><W19/><G135/><T8/><D125/><N who="2" m="47626" /><F2/><W92/><G3/><T119/><D119/><U26/><E112/><V11/><F133/><W16/><G92/><T15/><D47/><N who="1" m="23999" /><E90/><V128/><F116/><W51/><G51/><N who="2" m="19529" /><F128/><W72/><G108/><T102/><D59/><U14/><E14/><N who="2" m="5503" /><F93/><W44/><G44/><T22/><D22/><U134/><E53/><V70/><AGARI ba="0,0" hai="57,62,66,69,70" m="5503,19529,47626" machi="70" ten="30,1100,0" yaku="18,1" doraHai="107" who="2" fromWho="2" sc="250,-5,250,-3,250,11,250,-3" />
</Scene>
<Scene>
<INIT seed="1,0,0,5,1,64" ten="245,247,261,247" oya="1" hai0="108,30,25,55,130,36,103,9,95,68,123,58,70" hai1="89,3,96,62,76,78,132,57,54,53,100,129,34" hai2="11,14,122,51,22,92,86,124,66,61,77,82,118" hai3="37,43,50,12,115,27,33,48,131,41,23,105,83"/><U7/><E129/><V46/><F122/><W97/><G115/><T21/><D108/><U98/><E34/><V73/><F118/><W112/><G112/><T90/><D130/><U24/><E132/><V28/><F124/><W75/><G131/><T125/><D125/><U126/><E3/><V91/><F22/><W87/><G75/><T35/><D123/><U15/><E24/><V94/><F28/><W19/><G37/><T84/><D36/><U111/><E111/><V106/><F106/><W107/><G107/><T31/><D9/><N who="1" m="4543" /><E126/><V29/><F29/><W18/><G97/><N who="1" m="37482" /><E100/><V81/><F61/><W39/><G105/><T8/><D103/><U117/><E117/><V49/><F66/><W119/><G119/><T26/><REACH who="0" step="1"/><D8/><REACH who="0" ten="235,247,261,247" step="2"/><U71/><E71/><V5/><F51/><AGARI ba="0,1" hai="21,25,26,30,31,35,51,55,58,68,70,84,90,95" machi="51" ten="30,8000,1" yaku="1,1,2,1,7,1,52,2,53,0" doraHai="64" doraHaiUra="0" who="0" fromWho="2" sc="235,90,247,0,261,-80,247,0" />
</Scene>
<Scene>
<INIT seed="2,0,0,0,3,87" ten="325,247,181,247" oya="2" hai0="107,75,26,18,25,123,27,13,35,77,2,23,105" hai1="90,3,131,78,6,99,24,61,10,40,29,17,68" hai2="71,32,60,33,20,91,11,76,130,94,88,34,49" hai3="37,39,128,59,135,70,4,12,30,66,109,125,28"/><V121/><F121/><W84/><G125/><T47/><D123/><U124/><E131/><V38/><F38/><W111/><G128/><T44/><D2/><U48/><E78/><V54/><F130/><W103/><G103/><T5/><D5/><U73/><E73/><V83/><F11/><N who="3" m="4199" /><G70/><T93/><D93/><U119/><E119/><V92/><F20/><W97/><G97/><T14/><D35/><U115/><E115/><V74/><F60/><N who="3" m="38175" /><G84/><T100/><D14/><U16/><E124/><V79/><F79/><W22/><G22/><T57/><D57/><U122/><E122/><V95/><REACH who="2" step="1"/><F71/><REACH who="2" ten="325,247,171,247" step="2"/><W62/><G39/><T0/><D77/><U53/><E61/><V118/><F118/><W8/><G37/><T31/><D23/><U117/><E68/><V9/><F9/><W86/><G62/><T82/><D75/><U69/><E69/><V65/><F65/><W108/><G8/><T42/><D26/><U110/><E117/><V134/><F134/><W104/><G135/><T1/><D27/><U72/><E72/><V132/><F132/><W67/><G67/><T56/><D25/><U43/><E24/><V51/><F51/><W52/><G109/><T106/><D31/><U126/><E29/><V63/><F63/><W96/><G108/><T133/><D133/><U120/><E110/><V85/><F85/><W129/><G86/><T98/><D98/><U101/><E120/><V89/><F89/><W64/><G111/><T58/><D100/><U50/><E101/><V81/><F81/><W41/><G30/><T55/><D82/><U19/><E99/><RYUUKYOKU ba="0,1" sc="325,-10,247,-10,171,30,247,-10" hai2="32,33,34,49,54,74,76,83,88,91,92,94,95" />
</Scene>
<Scene>
<INIT seed="2,1,1,0,0,80" ten="315,237,201,237" oya="2" hai0="78,41,62,58,104,7,32,28,134,82,15,33,96" hai1="94,87,27,81,51,133,122,74,65,37,116,131,124" hai2="13,5,42,105,9,66,101,68,64,92,56,8,34" hai3="50,63,123,106,97,99,60,103,79,90,17,132,125"/><V112/><F112/><W16/><G123/><T38/><D134/><U75/><E37/><V102/><F34/><W91/><G132/><T127/><D127/><U59/><E116/><V83/><F68/><W84/><G125/><T36/><D96/><U57/><E122/><V53/><F105/><W39/><G39/><T108/><D108/><U14/><E94/><V29/><F29/><W54/><G79/><T44/><D104/><U22/><E131/><V0/><F42/><W120/><G120/><T6/><D36/><U61/><E14/><N who="2" m="5391" /><F83/><N who="3" m="49439" /><G103/><N who="2" m="39433" /><F92/><N who="3" m="56479" /><G106/><T49/><D38/><U117/><E117/><V3/><F3/><W93/><G93/><T11/><D7/><U95/><E95/><V30/><F30/><W52/><G99/><T115/><D28/><U69/><E133/><V114/><F114/><W113/><G113/><T98/><D115/><U4/><E69/><V12/><F0/><W85/><G85/><N who="0" m="48343" /><D98/><U107/><E107/><V110/><F110/><W2/><G2/><T76/><D76/><N who="1" m="46503" /><E124/><V45/><F45/><N who="3" m="27727" /><G54/><AGARI ba="1,1" hai="6,11,15,32,33,41,44,49,54,58,62" m="48343" machi="54" ten="30,2000,0" yaku="25,1,52,1" doraHai="80" who="0" fromWho="3" sc="315,33,237,0,201,0,237,-23" />
</Scene>
<Scene>
<INIT seed="3,0,0,3,5,89" ten="348,237,201,214" oya="3" hai0="57,17,124,58,12,44,75,63,103,79,88,97,39" hai1="11,101,109,106,48,38,55,125,129,84,73,64,43" hai2="83,34,105,107,123,81,41,6,8,31,69,23,19" hai3="51,116,92,67,20,9,128,52,60,62,108,127,135"/><W30/><G116/><T26/><D124/><U112/><E73/><V7/><F69/><W86/><G127/><T110/><D110/><U37/><E109/><V59/><F123/><W65/><G108/><T131/><D131/><U72/><E72/><V28/><F41/><W90/><G128/><T21/><D79/><U119/><E106/><V78/><F34/><W82/><G135/><T50/><D75/><U22/><E38/><V2/><F105/><W91/><G9/><T24/><D39/><U40/><E37/><V115/><F107/><W133/><G133/><T134/><D134/><U102/><E112/><V95/><F6/><W5/><G5/><T25/><D63/><N who="3" m="24105" /><G20/><T130/><D103/><U29/><E11/><V66/><F115/><W100/><G30/><T85/><D97/><U122/><E122/><V14/><F66/><W96/><G100/><T42/><REACH who="0" step="1"/><D130/><REACH who="0" ten="338,237,201,214" step="2"/><U77/><E102/><V56/><F78/><W104/><G104/><T0/><D0/><U46/><E101/><V47/><F2/><W68/><G68/><T10/><D10/><U33/><E129/><V126/><F126/><W98/><G98/><T113/><D113/><U53/><E77/><V36/><F8/><W70/><G70/><T87/><D87/><U111/><E84/><V118/><F36/><W80/><G80/><AGARI ba="0,1" hai="12,17,21,24,25,26,42,44,50,57,58,80,85,88" machi="80" ten="40,5200,0" yaku="1,1,8,1,54,1,53,0" doraHai="89" doraHaiUra="74" who="0" fromWho="3" sc="338,62,237,0,201,0,214,-52" />
</Scene>
<Scene>
<INIT seed="4,0,0,5,1,41" ten="400,237,201,162" oya="0" hai0="122,43,23,104,3,125,4,89,74,119,57,36,40" hai1="47,1,64,129,99,80,8,13,96,49,134,70,111" hai2="7,37,98,105,86,59,16,91,0,42,133,12,87" hai3="108,78,9,58,132,45,106,75,115,112,26,52,50"/><T14/><D119/><U126/><E111/><V15/><F0/><W30/><G108/><T123/><D125/><U33/><E33/><V51/><F37/><W73/><G106/><T46/><D89/><U107/><E1/><V39/><F39/><W76/><G73/><T113/><D57/><U17/><E107/><V5/><F133/><W65/><G132/><T131/><D113/><N who="3" m="43593" /><G75/><T100/><D14/><U82/><E129/><V63/><F105/><W79/><G9/><N who="0" m="2207" /><D23/><U120/><E120/><V67/><F98/><N who="1" m="37417" /><E70/><V21/><F15/><W6/><G6/><N who="2" m="2057" /><F91/><W83/><G65/><T94/><D94/><U72/><E72/><V68/><F68/><W92/><G92/><T66/><D131/><U110/><E110/><V2/><F2/><W85/><G58/><T10/><D10/><U60/><E126/><V44/><AGARI ba="0,0" hai="12,16,21,42,44,51,59,63,67,86,87" m="2057" machi="44" ten="30,4000,0" yaku="8,1,52,1,54,1" doraHai="41" who="2" fromWho="2" sc="400,-20,237,-10,201,40,162,-10" />
</Scene>
<Scene>
<INIT seed="5,0,0,1,0,60" ten="380,227,241,152" oya="1" hai0="39,55,85,8,100,83,113,121,43,41,71,15,40" hai1="105,30,47,77,58,95,80,9,120,124,127,90,109" hai2="16,57,36,65,29,6,122,0,49,34,99,27,54" hai3="33,68,44,82,115,107,106,48,87,93,108,116,101"/><U75/><E30/><V24/><F122/><W123/><G115/><T4/><D113/><U51/><E120/><V134/><F36/><W63/><G123/><T5/><D121/><U37/><E105/><V26/><F134/><W69/><G108/><T18/><D39/><U59/><E37/><V14/><F65/><W97/><G116/><T70/><D70/><U89/><E9/><V35/><F35/><W128/><G69/><T32/><D71/><U117/><E117/><V129/><F129/><W103/><G33/><T3/><D32/><U28/><E28/><V81/><F81/><W62/><G128/><T78/><D100/><U125/><E109/><V104/><F99/><W110/><G110/><T2/><D2/><U25/><E25/><V114/><F104/><W92/><G106/><T31/><D31/><U21/><E21/><N who="2" m="11415" /><F114/><W98/><G107/><T74/><D74/><U88/><REACH who="1" step="1"/><E95/><REACH who="1" ten="380,217,241,152" step="2"/><V50/><F29/><W45/><G68/><T111/><D111/><U56/><E56/><V67/><F34/><W22/><G22/><T102/><D8/><U23/><E23/><V96/><F27/><W86/><G82/><T135/><D83/><U119/><E119/><V73/><F24/><W118/><G118/><T1/><D135/><U20/><E20/><V52/><F26/><W46/><G46/><T64/><D1/><U112/><E112/><V53/><F0/><W84/><REACH who="3" step="1"/><G45/><REACH who="3" ten="380,217,241,142" step="2"/><T42/><D3/><U38/><E38/><V76/><F57/><W19/><G19/><T132/><N who="0" m="10752" /><DORA hai="17" /><T130/><D132/><U133/><E133/><V10/><F10/><RYUUKYOKU ba="0,2" sc="380,-15,217,15,241,-15,142,15" hai1="47,51,58,59,75,77,80,88,89,90,124,125,127" hai3="44,48,62,63,84,86,87,92,93,97,98,101,103" />
</Scene>
<Scene>
<INIT seed="5,1,2,4,3,23" ten="365,232,226,157" oya="1" hai0="6,22,46,125,93,52,41,135,99,38,55,107,14" hai1="25,50,49,92,8,3,45,26,73,19,17,69,119" hai2="12,66,98,117,100,106,61,97,16,108,42,5,116" hai3="13,33,114,124,54,64,101,20,28,79,67,102,133"/><U80/><E69/><V62/><F108/><W74/><G124/><T36/><D125/><U94/><E119/><V128/><F128/><W76/><G33/><T10/><D135/><U15/><E3/><V121/><F121/><W24/><G133/><T44/><D107/><U105/><E105/><V132/><F132/><W18/><G114/><T83/><D83/><U56/><E73/><V27/><F42/><W118/><G118/><T37/><D22/><N who="1" m="13535" /><E80/><V70/><F97/><W35/><G54/><T115/><D115/><U111/><E111/><V51/><F51/><N who="1" m="19465" /><E45/><V89/><F62/><W86/><G74/><T30/><D44/><U40/><E40/><V71/><F71/><W87/><G102/><T96/><D38/><U103/><E103/><V63/><F63/><W90/><G101/><T60/><D37/><U110/><E110/><V31/><F89/><W68/><G68/><T91/><D46/><U85/><E85/><V129/><F129/><W47/><G47/><T126/><D41/><U104/><E104/><V59/><F59/><W29/><G87/><T0/><D36/><U113/><E113/><V82/><F82/><W65/><REACH who="3" step="1"/><G28/><REACH who="3" ten="365,232,226,147" step="2"/><T53/><D30/><U122/><E122/><V123/><F123/><W88/><G88/><T4/><D126/><U78/><E56/><V34/><F116/><W2/><G2/><T11/><D0/><U43/><E43/><V134/><F117/><W32/><G32/><T75/><D75/><U21/><E78/><V9/><F134/><W84/><G84/><T57/><D99/><U127/><E127/><V72/><F72/><RYUUKYOKU ba="1,3" sc="365,0,232,0,226,0,147,0" hai0="4,6,10,11,14,52,53,55,57,60,91,93,96" hai1="8,15,17,21,26,92,94" hai2="5,9,12,16,27,31,34,61,66,70,98,100,106" hai3="13,18,20,24,29,35,64,65,67,76,79,86,90" />
</Scene>
<Scene>
<INIT seed="5,2,3,2,0,48" ten="365,232,226,147" oya="1" hai0="72,119,55,7,8,132,37,56,133,101,54,23,16" hai1="79,114,94,20,71,51,43,14,106,42,0,53,78" hai2="22,39,76,26,66,125,4,121,2,13,89,116,100" hai3="62,17,104,107,11,31,6,113,95,87,91,47,19"/><U67/><E106/><V63/><F116/><W105/><G31/><T77/><D119/><U124/><E0/><V9/><F39/><W128/><G128/><T64/><D37/><U92/><E71/><V115/><F121/><W18/><G113/><T81/><D101/><U111/><E67/><V57/><F115/><W12/><G47/><T30/><D30/><U73/><E73/><V97/><F125/><W3/><REACH who="3" step="1"/><G62/><REACH who="3" ten="365,232,226,137" step="2"/><T98/><D133/><U130/><E114/><V90/><F2/><AGARI ba="2,4" hai="2,3,6,11,12,17,18,19,87,91,95,104,105,107" machi="2" ten="50,6400,0" yaku="1,1,2,1,53,1" doraHai="48" doraHaiUra="84" who="3" fromWho="2" sc="365,0,232,0,226,-70,137,110" />
</Scene>
<Scene>
<INIT seed="6,0,0,4,5,91" ten="365,232,156,247" oya="2" hai0="53,124,100,119,107,104,17,131,45,113,80,101,57" hai1="13,39,103,68,72,11,121,90,123,67,24,55,46" hai2="7,62,32,75,12,48,109,18,76,44,34,33,108" hai3="49,65,73,97,31,63,56,19,22,126,83,114,10"/><V98/><F7/><W84/><G73/><T93/><D93/><U15/><E72/><V38/><F38/><W86/><G126/><T50/><D17/><U81/><E103/><V29/><F29/><W117/><G117/><T25/><D53/><U20/><E68/><V52/><F62/><W23/><G114/><T3/><D131/><U116/><E67/><V6/><F6/><W2/><G2/><T66/><D124/><U111/><E111/><N who="2" m="42571" /><F98/><W115/><G115/><T79/><D50/><N who="1" m="29143" /><E39/><V4/><F4/><W134/><G97/><T43/><D25/><U37/><E37/><V8/><F75/><W135/><G84/><T130/><D45/><U77/><E116/><V89/><F89/><W35/><G35/><N who="2" m="8961" /><V5/><DORA hai="118" /><F5/><W95/><G31/><T85/><D79/><AGARI ba="0,0" hai="8,12,18,44,48,52,76,79" m="8961,42571" machi="79" ten="50,4800,0" yaku="10,1,54,1" doraHai="91,118" who="2" fromWho="0" sc="365,-48,232,0,156,48,247,0" />
</Scene>
<Scene>
<INIT seed="6,1,0,0,3,121" ten="317,232,204,247" oya="2" hai0="60,32,40,2,9,99,62,79,38,48,27,111,46" hai1="15,113,123,110,16,19,74,91,64,61,67,117,80" hai2="13,59,96,72,70,34,76,81,120,73,130,51,78" hai3="133,58,128,82,132,44,22,126,101,69,109,103,53"/><V21/><F120/><W97/><G69/><T28/><D111/><U36/><E110/><V30/><F34/><W127/><G109/><T23/><D99/><U115/><E36/><V118/><F118/><W25/><G44/><T14/><D48/><U49/><E117/><V87/><F70/><W26/><G82/><T134/><D134/><N who="3" m="51817" /><G22/><T85/><D85/><N who="1" m="50599" /><E74/><V17/><F130/><W105/><G103/><T86/><D86/><U10/><E49/><V1/><F1/><W92/><G92/><T65/><D65/><N who="1" m="25163" /><E61/><V24/><F78/><W6/><G128/><T20/><D79/><U12/><E123/><V33/><REACH who="2" step="1"/><F96/><REACH who="2" ten="317,232,194,247" step="2"/><W11/><G126/><T94/><D2/><U129/><E129/><V104/><F104/><W89/><G127/><T71/><D71/><U52/><E115/><V88/><F88/><W93/><G89/><T131/><D32/><U45/><E113/><V55/><AGARI ba="1,1" hai="13,17,21,24,30,33,51,55,59,72,73,76,81,87" machi="55" ten="30,3000,0" yaku="1,1,0,1,53,0" doraHai="121" doraHaiUra="122" who="2" fromWho="2" sc="317,-11,232,-11,194,43,247,-11" />
</Scene>
<Scene>
<INIT seed="6,2,0,3,5,45" ten="306,221,237,236" oya="2" hai0="113,127,105,86,60,16,109,69,62,11,87,125,104" hai1="12,36,121,20,58,41,123,91,9,24,15,85,96" hai2="61,93,28,63,65,79,44,98,122,72,39,101,111" hai3="81,82,97,106,27,37,22,29,95,102,34,52,43"/><V14/><F122/><N who="1" m="46601" /><E36/><V90/><F111/><W83/><G37/><T103/><D113/><U64/><E41/><V8/><F28/><W66/><G43/><T6/><D16/><N who="1" m="12295" /><E96/><V31/><F31/><W112/><G112/><T3/><D109/><U80/><E9/><V78/><F39/><W48/><G66/><N who="0" m="41159" /><D62/><AGARI ba="2,0" hai="12,15,58,62,64,80,85,91" m="12295,46601" machi="62" ten="30,2000,0" yaku="13,1,54,1" doraHai="45" who="1" fromWho="0" sc="306,-26,221,26,237,0,236,0" />
</Scene>
<Scene>
<INIT seed="7,0,0,5,1,28" ten="280,247,237,236" oya="3" hai0="17,109,85,8,106,3,54,15,9,41,26,19,73" hai1="18,126,21,64,77,113,38,29,2,94,49,72,14" hai2="134,90,6,93,129,68,99,110,107,132,63,123,13" hai3="89,57,48,37,88,70,60,75,39,98,122,36,61"/><W35/><G122/><T81/><D109/><U43/><E38/><V27/><F110/><W97/><G75/><T91/><D106/><U45/><E2/><V96/><F123/><W130/><G130/><T56/><D73/><U58/><E113/><V30/><F129/><W5/><G5/><T101/><D3/><U11/><E72/><V42/><F42/><W79/><G79/><T135/><D135/><N who="2" m="51754" /><F6/><W20/><G35/><T52/><D101/><U67/><E126/><V7/><F7/><W100/><G70/><T4/><D41/><U108/><E77/><V66/><F13/><W34/><G34/><T105/><D105/><U0/><E0/><V95/><F107/><W51/><G37/><T55/><D9/><U32/><E32/><N who="2" m="20575" /><F95/><W80/><G39/><T74/><D74/><U112/><E112/><V65/><F65/><W127/><G36/><T25/><D56/><U47/><E47/><V116/><F116/><W10/><G57/><T128/><D128/><U69/><E58/><V62/><F63/><W83/><G127/><T103/><D103/><U16/><E69/><V133/><N who="2" m="51762" /><V33/><DORA hai="44" /><F33/><W87/><G100/><T124/><D124/><U23/><E94/><V78/><F78/><W125/><G125/><T46/><D46/><U84/><E108/><V102/><F102/><W118/><G118/><T92/><D92/><U40/><E40/><V76/><F76/><W82/><G61/><T120/><D120/><U119/><E119/><V12/><F99/><W86/><G60/><T59/><D59/><U115/><E115/><V111/><F111/><RYUUKYOKU ba="0,0" sc="280,15,247,-15,237,15,236,-15" hai0="4,8,15,17,19,25,26,52,54,55,81,85,91" hai2="12,62,66,68,90,93,96" />
</Scene>
<Scene>
<INIT seed="8,1,0,0,2,32" ten="295,232,252,221" oya="0" hai0="73,123,135,75,76,12,66,89,133,45,60,107,68" hai1="106,15,84,132,6,36,69,41,33,98,16,126,28" hai2="99,129,117,38,83,14,27,25,71,77,8,95,70" hai3="109,62,29,13,112,104,9,1,57,97,24,18,17"/><T115/><D115/><U122/><E122/><V120/><F38/><W7/><G112/><T55/><D123/><U53/><E69/><V105/><F105/><W128/><G109/><T58/><D107/><U113/><E113/><V130/><F120/><W3/><G128/><N who="2" m="49257" /><F117/><W30/><G104/><T47/><D12/><U11/><E132/><N who="0" m="50761" /><D89/><U103/><E126/><V101/><F27/><W102/><G102/><T63/><D76/><U82/><E53/><V127/><F25/><W49/><G97/><T96/><D96/><U87/><E33/><V4/><F127/><W43/><G29/><T110/><D110/><U116/><E28/><V78/><F78/><W81/><G81/><T2/><D2/><U34/><E34/><V125/><F125/><W80/><G80/><T48/><D45/><U31/><E31/><V40/><F77/><W20/><G1/><T131/><D131/><U22/><E82/><V51/><F83/><W67/><REACH who="3" step="1"/><G3/><REACH who="3" ten="295,232,252,211" step="2"/><T61/><D61/><U85/><E116/><V134/><F134/><W94/><G94/><T88/><D88/><U65/><E85/><V26/><F95/><W0/><G0/><T52/><AGARI ba="1,1" hai="47,48,52,55,58,60,63,66,68,73,75" m="50761" machi="52" ten="30,3000,0" yaku="20,1,54,1" doraHai="32" who="0" fromWho="0" sc="295,43,232,-11,252,-11,211,-11" owari="338,44.0,221,-18.0,241,4.0,200,-30.0" />
</Scene>
</mjloggm>