<mjloggm ver="2.3"><GO type="169" lobby="0"/><UN n0="%E6%94%BE%E9%8A%83%E7%8E%8B%EF%BC%94" n1="%E3%81%A9%E3%81%B0%E3%81%A8%E3%81%A1%E3%82%83%E3%82%93" n2="%E3%83%8D%E3%83%BC%E3%83%A0%E3%83%AC%E3%82%B9%EF%BC%97" n3="%E3%81%99%E3%81%9A%E3%82%81%E3%82%AF%E3%83%AC%E3%82%A4%E3%82%B8%E3%83%BC" dan="16,17,16,19" rate="2090.89,2165.03,2019.61,2291.01" sx="F,F,M,M"/><TAIKYOKU oya="0"/>

<Scene>
<INIT seed="0,0,0,4,5,80" ten="250,250,250,250" oya="0" hai0="39,63,93,50,112,6,98,53,124,33,30,18,95" hai1="10,91,101,12,37,51,62,2,47,118,84,27,58" hai2="107,114,23,97,100,14,40,83,11,45,108,25,71" hai3="128,16,131,9,29,41,0,68,117,134,1,105,96"/><T38/><D112/><U89/><E118/><V36/><F114/><W104/><G68/><T120/><D124/><U59/><E2/><V123/><F123/><W87/><G41/><T3/><D120/><U67/><E37/><V54/><F71/><W94/><G29/><T7/><D95/><U13/><E101/><V60/><F108/><W15/><G134/><T31/><D63/><U44/><E27/><V5/><F83/><W127/><G127/><T132/><D132/><U115/><E115/><V75/><F75/><W116/><G105/><T69/><D69/><U64/><E91/><V48/><F60/><W65/><G65/><N who="1" m="25162" /><E62/><V77/><F77/><W49/><G49/><T133/><D133/><U70/><E13/><V106/><F106/><W52/><G104/><T19/><D3/><U4/><E47/><V8/><F8/><W42/><G0/><T17/><D33/><U110/><E110/><V72/><F72/><W21/><G9/><T79/><D79/><U113/><E113/><V32/><F32/><W121/><G1/><T57/><D39/><U74/><E74/><V82/><F36/><W125/><G121/><T56/><D38/><U28/><E28/><N who="0" m="10793" /><D57/><U34/><E34/><V20/><F25/><W126/><G117/><T55/><D55/><N who="1" m="30183" /><E70/><V92/><F54/><W135/><G52/><T26/><D26/><U66/><E66/><V102/><F82/><AGARI ba="0,0" hai="4,10,12,58,59,82,84,89" m="30183,25162" machi="82" ten="30,2000,0" yaku="8,1,52,1" doraHai="80" who="1" fromWho="2" sc="250,0,250,20,250,-20,250,0" />
</Scene>
<Scene>
<INIT seed="1,0,0,5,3,21" ten="250,270,230,250" oya="1" hai0="0,81,95,85,27,89,107,60,116,7,129,15,3" hai1="90,40,51,101,22,74,71,134,5,84,50,112,37" hai2="123,117,45,131,65,16,67,61,41,87,82,38,64" hai3="25,53,79,52,8,26,44,128,114,62,42,118,102"/><U76/><E112/><V1/><F117/><W96/><G114/><T104/><D107/><U115/><E115/><V77/><F123/><W92/><G128/><T48/><D104/><U121/><E71/><V34/><F1/><W120/><G120/><T57/><D116/><U99/><E134/><V13/><F34/><W54/><G79/><T94/><D129/><U91/><E5/><V98/><F131/><W111/><G111/><T72/><D48/><U113/><E121/><V122/><F122/><W36/><G118/><T73/><D0/><U132/><E132/><V9/><REACH who="2" step="1"/><F98/><REACH who="2" ten="250,270,220,250" step="2"/><W125/><G125/><T126/><D3/><U19/><E113/><V12/><F12/><W78/><G8/><N who="0" m="4511" /><D126/><U43/><E99/><V127/><F127/><W70/><REACH who="3" step="1"/><G78/><REACH who="3" ten="250,270,220,240" step="2"/><T39/><D73/><U88/><E74/><V66/><F66/><AGARI ba="0,2" hai="25,26,36,42,44,52,53,54,62,66,70,92,96,102" machi="66" ten="40,12000,2" yaku="1,1,2,1,52,2,54,1,53,1" doraHai="21" doraHaiUra="58" who="3" fromWho="2" sc="250,0,270,0,220,-120,240,140" />
</Scene>
<Scene>
<INIT seed="2,0,0,1,1,100" ten="250,270,100,380" oya="2" hai0="57,39,40,64,75,1,97,37,27,79,51,106,60" hai1="89,63,135,3,2,21,71,133,90,59,91,72,58" hai2="29,81,8,130,120,20,56,54,17,109,41,28,25" hai3="129,55,128,69,98,11,85,112,66,103,84,126,105"/><V134/><F120/><W68/><G66/><T70/><D1/><N who="1" m="11" /><E72/><V93/><F134/><N who="1" m="51209" /><E21/><V83/><F130/><N who="3" m="50283" /><G126/><T99/><D99/><U86/><E86/><N who="3" m="33386" /><G112/><T15/><D15/><U82/><E82/><N who="2" m="31243" /><F109/><W104/><G11/><T88/><D79/><U52/><E58/><V46/><F93/><N who="3" m="58831" /><G55/><T107/><D75/><U62/><E71/><AGARI ba="0,0" hai="68,69,71,104,105" m="58831,33386,50283" machi="71" ten="30,3900,0" yaku="19,1,52,2" doraHai="100" who="3" fromWho="1" sc="250,0,270,-39,100,0,380,39" />
</Scene>
<Scene>
<INIT seed="3,0,0,0,5,123" ten="250,231,100,419" oya="3" hai0="10,43,42,129,67,106,101,107,95,89,92,100,0" hai1="20,102,103,5,4,14,19,61,108,94,35,131,22" hai2="115,23,58,64,132,69,51,119,74,135,13,72,46" hai3="133,62,81,90,97,44,125,99,33,60,63,30,21"/><W114/><G33/><T48/><D129/><U29/><E35/><V130/><F115/><W116/><G116/><T2/><D67/><U87/><E108/><V39/><F119/><W45/><G133/><N who="2" m="51273" /><F69/><W7/><G125/><T109/><D48/><U117/><E131/><V27/><F39/><W3/><G7/><T41/><D10/><U70/><E70/><V104/><F104/><W82/><G3/><T8/><D8/><U31/><E61/><N who="2" m="37943" /><F13/><W122/><G122/><T127/><D127/><U83/><E94/><V12/><F12/><W49/><G45/><T38/><D38/><U11/><E83/><N who="3" m="31754" /><G90/><T88/><D43/><U121/><E121/><V91/><F91/><W96/><G114/><T111/><AGARI ba="0,0" hai="0,2,41,42,88,89,92,95,100,101,106,107,109,111" machi="111" ten="25,12000,2" yaku="0,1,22,2,52,2,54,1" doraHai="123" who="0" fromWho="0" sc="250,120,231,-30,100,-30,419,-60" />
</Scene>
<Scene>
<INIT seed="4,0,0,2,0,0" ten="370,201,70,359" oya="0" hai0="2,33,7,112,30,64,130,11,129,15,19,57,61" hai1="134,54,3,88,18,20,8,69,65,72,22,105,114" hai2="119,39,121,71,135,103,42,87,13,41,133,125,76" hai3="50,44,84,100,115,5,43,49,93,110,55,28,36"/><T16/><D112/><U94/><E105/><V62/><F121/><W113/><G28/><T104/><D104/><U27/><E72/><V48/><F39/><W66/><G110/><T118/><D118/><U109/><E109/><V45/><F119/><W26/><G26/><N who="0" m="18647" /><D19/><U77/><E77/><V124/><F103/><W117/><G117/><T51/><D51/><U101/><E101/><V123/><F123/><W68/><G100/><T106/><D106/><U108/><E108/><V111/><F111/><W67/><G93/><T74/><D74/><U120/><E114/><V89/><F76/><W127/><G84/><T46/><D46/><U92/><E92/><V1/><F1/><W12/><G50/><T10/><D10/><U59/><E8/><V96/><F96/><W24/><G24/><T9/><D9/><U122/><E3/><V6/><F42/><W53/><G43/><T56/><D56/><U73/><E73/><V83/><F71/><W31/><G68/><T4/><D2/><U38/><E69/><V131/><F62/><W75/><G75/><T63/><D63/><U78/><E38/><V85/><F85/><W47/><G36/><T90/><D90/><U34/><E88/><V14/><F6/><W37/><G37/><T29/><D29/><U98/><E122/><V116/><F116/><W52/><G113/><T107/><D107/><U80/><E120/><V32/><F32/><W79/><G79/><T132/><D132/><N who="2" m="50762" /><F14/><W99/><G12/><T58/><D58/><U86/><E134/><V23/><F131/><AGARI ba="0,0" hai="4,7,11,15,16,57,61,64,129,130,131" m="18647" machi="131" ten="30,11600,0" yaku="19,1,52,2,54,1" doraHai="0" who="0" fromWho="2" sc="370,116,201,0,70,-116,359,0" owari="486,59.0,201,-20.0,-46,-55.0,359,16.0" />
</Scene>
</mjloggm>