<mjloggm ver="2.3"><GO type="169" lobby="0"/><UN n0="%E3%82%8C%E3%81%A3%E3%81%A9%E3%81%82%E3%81%84" n1="%6B%61%6E%65%67%61%6E%65" n2="%E3%81%B5%E3%82%8F%E3%81%B5%E3%82%8F%E3%81%BE%E3%82%8A%E3%82%82" n3="%E3%81%99%E3%81%9A%E3%82%81%E3%82%AF%E3%83%AC%E3%82%A4%E3%82%B8%E3%83%BC" dan="16,16,16,19" rate="2082.50,2098.66,2054.78,2305.98" sx="M,M,M,M"/><TAIKYOKU oya="0"/>

<Scene>
<INIT seed="0,0,0,0,2,45" ten="250,250,250,250" oya="0" hai0="131,99,9,17,0,127,104,73,37,130,105,114,111" hai1="10,41,27,31,128,84,118,70,134,33,76,3,98" hai2="16,80,77,79,85,15,58,82,43,47,96,74,24" hai3="81,2,66,110,83,8,49,65,11,97,19,133,102"/><T125/><D73/><U116/><E70/><V63/><F96/><W115/><G110/><T12/><D114/><U1/><E1/><V50/><F24/><W107/><G133/><T25/><D111/><U88/><E134/><V42/><F63/><W14/><G83/><T135/><D37/><U7/><E128/><N who="0" m="49193" /><D135/><U18/><E41/><V113/><F113/><W92/><G107/><T106/><D0/><U55/><E76/><V13/><F58/><W124/><G124/><N who="0" m="47691" /><D25/><U72/><E98/><AGARI ba="0,0" hai="9,12,17,98,99,104,105,106" m="47691,49193" machi="98" ten="40,3900,0" yaku="19,1,18,1" doraHai="45" who="0" fromWho="1" sc="250,39,250,-39,250,0,250,0" />
</Scene>
<Scene>
<INIT seed="0,1,0,5,2,128" ten="289,211,250,250" oya="0" hai0="91,118,115,105,68,7,33,88,75,37,122,119,35" hai1="18,28,114,25,97,20,9,66,121,62,5,1,81" hai2="108,90,44,99,67,89,32,51,39,57,11,27,126" hai3="4,43,125,71,70,103,22,19,69,107,123,87,135"/><T21/><D68/><U34/><E114/><V8/><F108/><W116/><G43/><T106/><D7/><U134/><E121/><V129/><F129/><W72/><G72/><T85/><D75/><U60/><E81/><V50/><F126/><W95/><G116/><T74/><D74/><U10/><E10/><V12/><F39/><W23/><G4/><T54/><D37/><U3/><E3/><V46/><F32/><W96/><G23/><T41/><D41/><U64/><E134/><V63/><F27/><W100/><G125/><T132/><D21/><U58/><E97/><V76/><F76/><W111/><G103/><T26/><D85/><U78/><E78/><V112/><F112/><W65/><G65/><T73/><D73/><U13/><REACH who="1" step="1"/><E62/><REACH who="1" ten="289,201,250,250" step="2"/><V102/><F8/><W42/><G135/><T133/><D115/><U29/><E29/><V80/><F80/><W84/><G123/><T98/><D122/><U104/><E104/><V120/><F120/><W14/><G107/><T30/><D98/><U113/><E113/><V127/><F127/><W48/><G111/><T117/><D117/><U79/><E79/><V131/><F131/><W86/><G87/><T24/><D30/><U45/><E45/><V36/><F46/><N who="3" m="25687" /><G86/><T82/><D82/><U31/><E31/><V17/><F99/><W16/><G84/><T38/><D38/><U40/><E40/><V0/><F0/><W109/><G109/><T110/><D110/><U61/><E61/><V52/><F36/><W83/><G83/><T15/><D54/><AGARI ba="1,1" hai="1,5,9,13,18,20,25,28,34,54,58,60,64,66" machi="54" ten="30,7700,0" yaku="1,1,7,1,24,2,53,0" doraHai="128" doraHaiUra="47" who="1" fromWho="0" sc="289,-80,201,90,250,0,250,0" />
</Scene>
<Scene>
<INIT seed="1,0,0,2,4,18" ten="209,291,250,250" oya="1" hai0="120,49,13,33,36,50,68,106,122,127,62,97,30" hai1="125,44,76,51,22,16,45,65,5,17,56,114,67" hai2="59,29,64,109,35,69,82,42,116,79,115,104,1" hai3="43,41,66,57,71,110,58,70,15,134,38,61,37"/><U89/><E114/><V107/><F115/><W8/><G110/><T24/><D127/><U111/><E76/><V11/><F109/><W60/><G15/><T133/><D36/><N who="3" m="13929" /><G134/><T90/><D133/><U88/><E125/><V20/><F42/><N who="3" m="15883" /><G8/><T84/><D13/><N who="1" m="9487" /><E5/><V19/><F1/><W124/><G124/><T99/><D68/><U7/><E7/><V103/><F11/><W28/><G28/><T74/><D74/><U75/><E75/><V135/><F135/><W2/><G2/><T26/><D26/><U47/><E111/><V25/><F104/><W85/><G85/><T118/><D106/><U108/><E108/><V98/><F35/><W0/><G0/><T55/><D99/><U94/><E89/><V32/><F32/><W77/><G77/><T48/><D97/><N who="1" m="57543" /><E17/><V128/><F19/><W39/><G39/><T81/><D122/><U23/><E23/><V21/><F21/><W112/><G112/><T73/><D120/><U91/><E91/><V96/><F96/><W63/><G71/><T102/><D73/><U80/><E80/><V53/><F69/><W95/><G95/><T126/><D126/><U6/><E6/><V101/><F82/><W78/><G78/><T9/><D9/><U86/><E86/><V46/><F79/><W14/><G14/><T34/><D34/><U132/><E132/><V4/><F4/><W130/><G70/><T83/><D83/><U52/><AGARI ba="0,0" hai="44,45,47,51,52,56,65,67" m="57543,9487" machi="52" ten="30,12000,1" yaku="8,1,52,1,54,3" doraHai="18" who="1" fromWho="1" sc="209,-40,291,120,250,-40,250,-40" />
</Scene>
<Scene>
<INIT seed="1,1,0,3,1,48" ten="169,411,210,210" oya="1" hai0="62,71,78,23,2,45,35,29,30,135,44,50,52" hai1="57,80,102,87,6,118,9,64,77,65,40,94,90" hai2="49,22,97,4,134,12,120,127,32,116,66,54,101" hai3="111,119,13,115,53,10,95,128,81,59,92,121,79"/><U0/><E118/><V110/><F120/><W25/><G115/><T33/><D2/><U82/><E82/><V99/><F116/><W11/><G111/><T129/><D35/><U55/><E102/><V56/><F32/><W51/><G128/><T100/><D129/><U1/><E40/><V7/><F110/><W122/><G119/><T132/><D33/><U26/><E26/><V20/><F134/><N who="0" m="51242" /><D100/><U37/><E37/><V126/><F66/><W89/><G10/><T91/><D78/><U75/><REACH who="1" step="1"/><E0/><REACH who="1" ten="169,401,210,210" step="2"/><V104/><F101/><W5/><G25/><N who="0" m="16575" /><D91/><U84/><E84/><V108/><F108/><W93/><REACH who="3" step="1"/><G89/><REACH who="3" ten="169,401,210,200" step="2"/><T107/><D107/><U24/><E24/><V131/><F104/><W113/><G113/><T69/><D30/><U70/><E70/><N who="0" m="26633" /><D62/><AGARI ba="1,2" hai="1,6,9,55,57,62,64,65,75,77,80,87,90,94" machi="62" ten="30,5800,0" yaku="1,1,7,1,52,1,53,0" doraHai="48" doraHaiUra="43" who="1" fromWho="0" sc="169,-61,401,81,210,0,200,0" />
</Scene>
<Scene>
<INIT seed="1,2,0,2,0,109" ten="108,482,210,200" oya="1" hai0="13,116,22,98,86,50,58,37,21,38,134,27,71" hai1="100,56,18,29,35,97,47,4,49,126,10,19,15" hai2="43,118,133,130,69,23,34,81,1,0,9,73,114" hai3="131,77,48,8,88,122,68,70,105,128,80,46,85"/><U5/><E126/><V25/><F69/><W40/><G105/><T82/><D71/><U113/><E113/><V123/><F123/><W79/><G122/><T78/><D116/><U20/><E56/><V108/><F118/><W26/><G26/><T16/><D134/><U66/><E66/><V65/><F133/><W106/><G106/><T12/><D12/><U30/><E35/><V84/><F65/><W6/><G68/><T51/><D98/><U119/><E119/><V132/><F132/><W2/><REACH who="3" step="1"/><G70/><REACH who="3" ten="108,482,210,190" step="2"/><T55/><REACH who="0" step="1"/><D50/><REACH who="0" ten="98,482,210,190" step="2"/><U92/><E49/><V39/><F108/><W24/><G24/><T89/><D89/><U135/><E100/><V95/><F25/><W41/><G41/><T36/><D36/><U31/><E135/><V63/><F43/><W90/><G90/><T52/><D52/><U91/><E91/><V28/><F39/><W67/><G67/><T17/><AGARI ba="2,2" hai="13,16,17,21,22,27,37,38,51,55,58,78,82,86" machi="17" ten="20,8000,1" yaku="1,1,0,1,7,1,54,1,53,1" doraHai="109" doraHaiUra="76" who="0" fromWho="0" sc="98,106,482,-42,210,-22,190,-22" />
</Scene>
<Scene>
<INIT seed="2,0,0,5,1,65" ten="204,440,188,168" oya="2" hai0="96,92,24,132,50,1,78,122,101,112,54,73,26" hai1="52,82,13,123,81,128,30,6,53,44,97,85,40" hai2="9,127,49,64,47,58,95,11,99,63,3,69,114" hai3="98,57,111,88,27,37,36,67,87,19,94,108,29"/><V121/><F114/><W22/><G67/><T2/><D122/><U134/><E123/><V20/><F121/><W21/><G57/><T133/><D112/><U124/><E124/><V33/><F127/><W5/><G5/><T70/><D70/><U59/><E30/><V12/><F33/><W89/><G108/><T17/><D78/><U72/><E72/><V102/><F3/><N who="0" m="1034" /><D17/><U15/><E128/><V130/><F130/><W76/><G76/><T103/><D103/><U115/><E134/><N who="0" m="51817" /><D73/><U7/><E115/><V84/><F84/><W74/><G74/><T104/><D104/><U14/><E97/><V0/><F0/><W56/><G56/><AGARI ba="0,0" hai="24,26,50,54,56,92,96,101" m="51817,1034" machi="56" ten="30,1000,0" yaku="20,1" doraHai="65" who="0" fromWho="3" sc="204,10,440,0,188,0,168,-10" />
</Scene>
<Scene>
<INIT seed="3,0,0,1,5,13" ten="214,440,188,158" oya="3" hai0="11,61,70,76,20,127,62,37,85,7,16,115,124" hai1="63,28,42,79,106,73,96,89,46,10,92,2,65" hai2="12,116,86,119,77,111,23,55,57,87,130,101,26" hai3="22,88,69,36,0,29,3,58,49,18,30,110,67"/><W105/><G36/><T24/><D115/><U126/><E126/><N who="0" m="48169" /><D37/><N who="1" m="21839" /><E28/><N who="3" m="10858" /><G105/><T59/><D70/><U5/><E106/><V4/><F111/><W39/><G39/><T93/><D59/><U99/><E89/><V64/><F130/><W97/><G69/><T1/><D93/><U114/><E92/><V109/><F109/><W17/><G0/><T100/><D100/><U32/><E32/><V82/><F101/><W14/><G3/><T66/><D66/><U51/><E51/><V75/><F64/><W121/><G121/><T9/><D11/><U123/><E123/><V74/><F74/><W120/><G120/><T21/><D21/><U133/><E133/><V112/><F112/><W117/><G117/><T131/><D131/><U103/><E103/><V60/><F4/><W122/><G122/><T94/><D94/><U132/><E132/><V45/><F45/><W81/><G97/><T33/><D33/><U128/><E128/><V48/><F116/><W54/><G67/><T25/><D25/><U43/><E114/><V118/><F118/><W44/><G110/><T38/><D38/><U19/><E2/><V15/><F119/><W40/><G58/><T41/><D41/><U8/><E43/><V78/><F75/><W102/><G102/><T80/><AGARI ba="0,0" hai="1,7,9,16,20,24,61,62,76,80,85" m="48169" machi="80" ten="30,4000,0" yaku="18,1,52,1,54,1" doraHai="13" who="0" fromWho="0" sc="214,40,440,-10,188,-10,158,-20" />
</Scene>
<Scene>
<INIT seed="4,0,0,5,2,106" ten="254,430,178,138" oya="0" hai0="62,130,16,107,43,19,76,80,49,8,45,4,111" hai1="20,35,2,32,115,59,46,112,88,70,15,18,131" hai2="14,108,25,30,71,117,28,129,53,63,50,54,13" hai3="97,79,21,67,74,5,84,11,34,116,12,104,3"/><T69/><D130/><U100/><E70/><V95/><F129/><W94/><G116/><T42/><D107/><U127/><E131/><V122/><F117/><W135/><G135/><T128/><D128/><U120/><E120/><V68/><F122/><W132/><G132/><T91/><D91/><U72/><E2/><V0/><F0/><W55/><G34/><N who="1" m="12842" /><E100/><V52/><F108/><W77/><G67/><T78/><D78/><U44/><E127/><V41/><F30/><W51/><G104/><T58/><D69/><U85/><E59/><V64/><F71/><W39/><G39/><T93/><D93/><U75/><E46/><V10/><F95/><W47/><G74/><T9/><D43/><U90/><E44/><V40/><F50/><W37/><G37/><T26/><D26/><U60/><E60/><V105/><F105/><W7/><G84/><N who="0" m="48135" /><D111/><U92/><E90/><V57/><F68/><W114/><G114/><AGARI ba="0,0" hai="15,18,20,72,75,85,88,92,112,114,115" m="12842" machi="114" ten="30,8000,1" yaku="15,1,11,1,52,2,54,1" doraHai="106" who="1" fromWho="3" sc="254,0,430,80,178,0,138,-80" />
</Scene>
<Scene>
<INIT seed="5,0,0,1,2,4" ten="254,510,178,58" oya="1" hai0="45,53,125,74,43,11,92,93,59,40,75,19,107" hai1="6,27,36,55,58,120,71,42,97,115,84,103,100" hai2="2,85,29,0,114,35,88,110,31,72,1,127,118" hai3="52,56,90,41,109,32,112,102,83,130,105,37,106"/><U66/><E120/><V79/><F110/><W30/><G109/><T47/><D107/><U89/><E115/><V51/><F118/><W60/><G112/><T62/><D125/><U15/><E27/><V9/><F114/><W50/><G130/><T54/><D59/><U23/><E71/><V131/><F127/><W104/><G30/><T113/><D113/><U39/><E66/><V24/><F131/><W101/><G32/><T121/><D19/><U7/><E103/><V94/><F31/><W46/><G90/><T16/><D16/><U126/><E7/><V26/><F26/><W69/><REACH who="3" step="1"/><G83/><REACH who="3" ten="254,510,178,48" step="2"/><T34/><D121/><U70/><E89/><V91/><F91/><W132/><G132/><T123/><D123/><U3/><E126/><V64/><F35/><W98/><G98/><T65/><D34/><U25/><E97/><V95/><F29/><W20/><G20/><T38/><D40/><U135/><E42/><V77/><F88/><W73/><G73/><T14/><D43/><U108/><E23/><V133/><F72/><W13/><G13/><T22/><D14/><U57/><E15/><V96/><F133/><W49/><G49/><T81/><D22/><U80/><E135/><V76/><F51/><W28/><G28/><T111/><D81/><U124/><E80/><V116/><F96/><W8/><G8/><T129/><D75/><U5/><E124/><V44/><F9/><W78/><G78/><T61/><D11/><U68/><E108/><V18/><F76/><W99/><G99/><T82/><D74/><U117/><E36/><V21/><F77/><RYUUKYOKU ba="0,1" sc="254,-10,510,-10,178,-10,48,30" hai3="37,41,46,50,52,56,60,69,101,102,104,105,106" />
</Scene>
<Scene>
<INIT seed="6,1,1,4,1,22" ten="244,500,168,78" oya="2" hai0="98,55,20,114,133,68,119,79,10,95,123,111,116" hai1="31,27,25,124,132,51,112,127,50,3,126,46,96" hai2="87,122,30,2,113,78,49,88,24,105,89,86,11" hai3="37,109,43,130,21,94,58,75,134,97,110,118,5"/><V104/><F122/><W125/><G118/><N who="0" m="45099" /><D111/><U32/><E112/><V19/><F113/><W67/><G75/><T73/><D68/><U69/><E132/><V14/><F78/><W101/><G134/><T6/><D133/><U29/><E69/><V35/><F2/><W18/><G130/><T7/><D114/><U81/><E3/><V26/><F49/><N who="1" m="18441" /><E81/><V128/><F128/><W84/><G125/><T62/><D10/><U93/><E46/><V63/><F63/><W70/><G70/><T100/><D20/><N who="1" m="15527" /><E93/><V56/><F56/><W52/><G5/><T59/><D123/><U28/><E96/><V17/><F17/><W65/><G110/><T76/><D76/><U108/><E108/><V71/><F71/><W83/><G43/><T47/><D47/><U13/><E13/><V129/><F129/><W60/><G37/><T99/><D99/><U36/><E31/><V135/><F135/><W16/><G18/><T38/><D38/><AGARI ba="1,1" hai="27,28,32,36,38,124,126,127" m="15527,18441" machi="38" ten="40,5200,0" yaku="18,1,52,2" doraHai="22" who="1" fromWho="0" sc="244,-55,500,65,168,0,78,0" />
</Scene>
<Scene>
<INIT seed="7,0,0,3,0,77" ten="189,565,168,78" oya="3" hai0="132,1,0,33,68,113,72,101,36,40,27,25,28" hai1="34,55,2,97,26,18,3,119,88,92,58,67,38" hai2="5,107,131,43,54,32,115,104,114,117,57,76,59" hai3="48,130,12,79,61,31,64,46,89,129,7,37,85"/><W120/><G37/><T133/><D72/><U112/><E67/><V108/><F32/><W4/><G120/><T47/><D113/><U65/><E65/><V39/><F108/><W87/><G31/><N who="0" m="19711" /><D101/><U135/><E38/><V24/><F117/><W134/><G134/><N who="0" m="51819" /><D68/><U6/><E6/><N who="3" m="2090" /><G79/><T91/><D91/><U84/><E34/><AGARI ba="0,0" hai="0,1,25,28,34,36,40,47" m="51819,19711" machi="34" ten="30,2000,0" yaku="20,1,23,1" doraHai="77" who="0" fromWho="1" sc="189,20,565,-20,168,0,78,0" owari="209,1.0,545,64.0,168,-23.0,78,-42.0" />
</Scene>
</mjloggm>