<mjloggm ver="2.3"><GO type="169" lobby="0"/><UN n0="%73%66%73%66" n1="%E3%82%AB%E3%83%96%E3%83%88" n2="%E5%8F%8A%E5%B7%9D%E5%86%B0%E9%BA%97" n3="%E3%81%99%E3%81%9A%E3%82%81%E3%82%AF%E3%83%AC%E3%82%A4%E3%82%B8%E3%83%BC" dan="17,16,16,19" rate="2200.16,2076.21,2150.64,2305.79" sx="M,M,F,M"/><TAIKYOKU oya="0"/>

<Scene>
<INIT seed="0,0,0,3,3,71" ten="250,250,250,250" oya="0" hai0="63,135,45,36,98,47,103,134,75,25,101,84,70" hai1="110,122,37,69,80,130,50,52,73,99,43,31,106" hai2="17,51,10,107,123,108,68,29,112,104,49,72,87" hai3="90,128,46,6,30,20,55,64,129,3,102,39,82"/><T133/><D75/><U120/><E69/><V60/><F72/><W48/><G102/><N who="0" m="38923" /><D98/><U81/><E110/><V65/><F108/><W97/><G64/><N who="0" m="41247" /><D36/><U23/><E130/><V67/><F67/><W66/><G66/><T33/><D84/><U117/><E117/><V100/><F112/><W9/><G82/><T95/><D95/><U35/><E35/><V76/><F123/><W114/><G114/><T74/><D74/><U11/><E11/><V59/><F87/><W109/><G109/><T118/><D118/><U27/><E106/><V40/><F100/><W83/><G83/><T124/><D124/><U126/><E99/><V86/><F104/><W105/><G105/><T94/><D94/><U4/><E4/><V127/><F107/><W125/><G125/><T116/><D116/><U53/><E126/><V41/><F127/><W79/><G79/><T26/><D33/><U12/><E80/><V93/><F68/><W58/><G90/><T113/><D113/><U77/><E37/><V0/><F76/><W132/><G97/><T111/><D111/><U61/><E12/><N who="2" m="7319" /><F93/><W115/><G115/><T28/><D28/><U15/><E15/><V44/><F86/><W78/><G78/><T32/><D32/><U5/><E5/><V131/><F29/><W89/><G89/><T56/><D56/><N who="1" m="34951" /><E43/><V14/><F14/><W57/><G39/><T22/><D25/><U91/><E91/><V19/><F0/><W8/><G3/><T121/><D121/><U88/><E88/><V42/><F42/><W2/><G2/><T92/><D92/><U96/><E96/><RYUUKYOKU ba="0,0" sc="250,15,250,15,250,-15,250,-15" hai0="22,26,45,47,133,134,135" hai1="23,27,31,50,53,73,77,81,120,122" />
</Scene>
<Scene>
<INIT seed="0,1,0,1,4,18" ten="265,265,235,235" oya="0" hai0="134,12,32,133,41,20,91,3,13,22,10,58,51" hai1="4,66,87,7,89,40,112,27,50,37,74,69,129" hai2="73,95,103,62,101,100,9,113,16,38,135,60,86" hai3="25,21,26,109,115,116,111,94,122,80,72,33,108"/><T105/><D105/><U17/><E74/><V126/><F38/><W114/><G72/><T106/><D106/><U2/><E37/><V71/><F73/><W44/><G80/><T34/><D3/><U36/><E36/><V64/><F113/><N who="3" m="43019" /><G94/><T42/><D91/><U93/><E129/><V127/><F135/><N who="0" m="51722" /><D58/><U131/><E131/><V65/><F86/><W48/><G48/><T85/><D85/><U128/><E128/><V31/><F31/><N who="3" m="19703" /><G44/><N who="0" m="25999" /><D42/><U82/><E112/><V19/><F95/><W98/><G98/><T124/><D124/><N who="2" m="47658" /><F9/><W123/><G116/><T125/><D125/><U77/><E50/><V45/><F45/><W75/><G75/><T110/><D110/><U76/><E40/><V15/><F15/><N who="0" m="5706" /><D10/><U28/><E2/><V119/><F119/><W83/><G83/><T57/><D57/><AGARI ba="1,0" hai="16,19,57,60,62,64,65,71,100,101,103" m="47658" machi="57" ten="30,2000,0" yaku="18,1,54,1" doraHai="18" who="2" fromWho="0" sc="265,-23,265,0,235,23,235,0" />
</Scene>
<Scene>
<INIT seed="1,0,0,2,5,45" ten="242,265,258,235" oya="1" hai0="24,115,76,104,96,21,8,121,52,77,110,89,3" hai1="27,12,135,14,4,116,94,53,72,118,54,1,55" hai2="75,13,30,105,113,81,95,133,41,79,31,62,85" hai3="23,120,66,125,33,34,59,97,39,0,42,99,111"/><U49/><E72/><V78/><F105/><W106/><G0/><T70/><D115/><U86/><E135/><V102/><F133/><W18/><G111/><T46/><D70/><U51/><E1/><V19/><F113/><W25/><G125/><T82/><D110/><U108/><E108/><V47/><F62/><W40/><G39/><T60/><D121/><U83/><E118/><V131/><F131/><W119/><G34/><T123/><D123/><U91/><E116/><V2/><F2/><W56/><G33/><T134/><D134/><U92/><E27/><V35/><F35/><W124/><G106/><T130/><D130/><U26/><E26/><V69/><F69/><W109/><G124/><T117/><D117/><U61/><E61/><V98/><F78/><W103/><G103/><T57/><D104/><U48/><E4/><V58/><F58/><N who="3" m="22059" /><G66/><T68/><D68/><U128/><E128/><V100/><F100/><W28/><G109/><T101/><D101/><U67/><E67/><V22/><REACH who="2" step="1"/><F75/><REACH who="2" ten="242,265,248,235" step="2"/><W5/><G120/><T11/><D3/><U64/><E64/><V71/><F71/><W43/><G119/><T93/><D46/><U16/><REACH who="1" step="1"/><E12/><REACH who="1" ten="242,255,248,235" step="2"/><V84/><F84/><W126/><G126/><T7/><D60/><U73/><E73/><V114/><F114/><W127/><G127/><T74/><D74/><U29/><E29/><V50/><AGARI ba="0,2" hai="13,19,22,30,31,41,47,50,79,81,85,95,98,102" machi="50" ten="20,8000,1" yaku="1,1,0,1,7,1,8,1,52,1,53,0" doraHai="45" doraHaiUra="122" who="2" fromWho="2" sc="242,-20,255,-40,248,100,235,-20" />
</Scene>
<Scene>
<INIT seed="2,0,0,4,4,44" ten="222,215,348,215" oya="2" hai0="61,51,67,73,10,46,91,101,118,43,81,6,120" hai1="74,62,0,111,49,112,107,104,99,47,134,57,22" hai2="121,115,9,89,126,19,96,123,93,38,125,124,79" hai3="53,133,114,132,106,37,5,7,98,108,18,109,105"/><V68/><F38/><W13/><G37/><T76/><D118/><U102/><E112/><V78/><F68/><W29/><G98/><T30/><D120/><N who="2" m="46154" /><F9/><W113/><G29/><T26/><D101/><U116/><E116/><V128/><F19/><W45/><G45/><T54/><D91/><U60/><E0/><V3/><F3/><W59/><G59/><T70/><D10/><U42/><E74/><V39/><F39/><W83/><G83/><T135/><D6/><N who="3" m="2057" /><G53/><T75/><D135/><N who="3" m="51785" /><G105/><T40/><REACH who="0" step="1"/><D75/><REACH who="0" ten="212,215,348,215" step="2"/><U11/><E134/><V129/><F115/><N who="3" m="44043" /><G106/><T127/><D127/><U95/><E107/><V2/><F2/><W87/><G87/><T32/><AGARI ba="0,1" hai="26,30,32,40,43,46,51,54,61,67,70,73,76,81" machi="32" ten="20,8000,1" yaku="1,1,0,1,7,1,52,1,53,1" doraHai="44" doraHaiUra="64" who="0" fromWho="0" sc="212,90,215,-20,348,-40,215,-20" />
</Scene>
<Scene>
<INIT seed="3,0,0,2,3,56" ten="302,195,308,195" oya="3" hai0="84,90,7,1,128,74,75,123,5,116,10,109,26" hai1="29,60,17,112,127,53,40,8,15,122,3,126,39" hai2="87,20,130,100,0,117,119,125,14,107,59,103,132" hai3="113,28,82,98,88,83,89,134,24,36,13,64,63"/><W105/><G36/><T22/><D116/><U115/><E122/><V61/><F0/><W124/><G113/><T129/><D123/><U69/><E39/><V95/><F125/><N who="1" m="47625" /><E40/><V114/><F114/><W111/><G124/><T118/><D7/><N who="1" m="1151" /><E29/><V25/><F130/><N who="0" m="50282" /><D109/><U101/><E101/><V94/><F132/><W92/><G134/><T51/><D51/><U30/><E30/><V86/><F107/><W45/><G45/><T78/><D78/><U76/><E76/><V41/><F41/><W9/><G89/><T81/><D118/><U80/><E80/><V21/><F103/><W42/><G42/><T47/><D47/><U58/><E69/><V71/><F100/><W85/><G111/><T33/><D33/><U11/><AGARI ba="0,0" hai="11,15,17,53,58,60,112,115" m="1151,47625" machi="11" ten="30,2000,0" yaku="18,1,52,1" doraHai="56" who="1" fromWho="1" sc="302,-5,195,20,308,-5,195,-10" />
</Scene>
<Scene>
<INIT seed="4,0,0,3,2,27" ten="297,215,303,185" oya="0" hai0="88,80,132,134,24,45,97,2,81,77,53,125,31" hai1="40,30,37,43,94,17,51,7,127,70,41,96,114" hai2="111,57,95,131,117,104,79,101,6,22,105,72,109" hai3="68,32,120,69,42,50,39,115,54,3,66,36,61"/><T35/><D2/><U118/><E118/><V107/><F6/><W29/><G3/><T52/><D125/><U25/><E37/><N who="3" m="14410" /><G32/><T75/><D45/><U103/><E70/><N who="3" m="27242" /><G29/><T91/><D91/><U119/><E119/><V63/><F131/><W34/><G34/><T20/><D35/><U33/><E127/><V60/><F117/><W83/><G83/><T130/><D130/><U48/><E114/><V86/><F22/><W116/><G120/><T84/><D97/><U85/><E7/><V10/><F10/><W49/><G115/><T12/><D12/><U92/><E17/><V98/><F109/><W82/><G82/><T16/><D16/><U74/><E74/><V46/><F111/><W65/><G116/><T18/><D18/><U78/><E78/><V123/><F79/><W106/><G106/><T56/><REACH who="0" step="1"/><D53/><REACH who="0" ten="287,215,303,185" step="2"/><U5/><E5/><V110/><F46/><N who="3" m="25815" /><G61/><AGARI ba="0,1" hai="20,24,31,52,56,61,75,77,80,81,84,88,132,134" machi="61" ten="40,12000,1" yaku="1,1,52,1,54,2,53,0" doraHai="27" doraHaiUra="133" who="0" fromWho="3" sc="287,130,215,0,303,0,185,-120" />
</Scene>
<Scene>
<INIT seed="4,1,0,4,1,128" ten="417,215,303,65" oya="0" hai0="68,105,26,37,134,60,79,111,71,131,94,98,32" hai1="24,4,9,53,114,28,63,54,6,97,123,58,65" hai2="108,89,22,57,78,27,72,113,46,119,42,88,18" hai3="85,109,125,120,0,39,38,5,29,49,8,19,10"/><T115/><D94/><U14/><E123/><V75/><F108/><W132/><G109/><T127/><D79/><U50/><E114/><V112/><F119/><W34/><G120/><T56/><D56/><U91/><E6/><V17/><F17/><W52/><G125/><T25/><D98/><U35/><E54/><V106/><F106/><W69/><G69/><T107/><D60/><U100/><E91/><N who="2" m="34891" /><F78/><W86/><G132/><T76/><D76/><U81/><E81/><V73/><F57/><W44/><G34/><T64/><D64/><U80/><E80/><V117/><F117/><W99/><G29/><T84/><D84/><U83/><E83/><V55/><F55/><W21/><G10/><T48/><D111/><U74/><E74/><V82/><F82/><W129/><G129/><T31/><D31/><U133/><E133/><V2/><F2/><W101/><G86/><T92/><D134/><U135/><E135/><V12/><F12/><W13/><REACH who="3" step="1"/><G85/><REACH who="3" ten="417,215,303,55" step="2"/><T36/><D32/><U90/><E35/><V7/><F73/><W30/><G30/><T130/><D127/><U124/><E28/><V20/><F75/><W96/><G96/><T110/><D110/><U15/><E124/><V66/><F72/><W70/><G70/><T87/><D87/><U67/><E97/><V93/><F112/><W51/><G51/><T61/><D48/><U45/><E50/><V3/><F113/><W77/><G77/><T122/><D115/><U40/><E9/><V43/><F22/><W104/><AGARI ba="1,1" hai="0,5,8,13,19,21,38,39,44,49,52,99,101,104" machi="104" ten="20,8000,1" yaku="1,1,0,1,7,1,54,1,53,1" doraHai="128" doraHaiUra="102" who="3" fromWho="3" sc="417,-41,215,-21,303,-21,55,93" />
</Scene>
<Scene>
<INIT seed="5,0,0,4,1,14" ten="376,194,282,148" oya="1" hai0="124,63,84,60,119,8,15,25,9,30,17,72,5" hai1="44,112,81,56,28,42,107,50,21,120,70,121,43" hai2="67,64,126,118,68,92,108,122,100,71,74,47,11" hai3="20,10,58,86,132,99,62,49,110,32,3,134,65"/><U38/><E107/><V102/><F74/><W55/><G32/><T37/><D72/><U34/><E34/><V26/><F108/><W111/><G99/><T16/><D37/><U45/><E81/><V48/><F118/><W85/><G3/><T69/><D119/><U106/><E106/><V88/><F122/><N who="1" m="47209" /><E28/><V135/><F135/><N who="3" m="51755" /><G10/><T1/><D124/><U117/><E21/><V95/><F126/><W93/><G93/><T39/><D39/><N who="1" m="21599" /><E117/><V35/><F95/><W53/><G20/><N who="0" m="15655" /><D69/><U36/><E70/><V23/><F35/><W13/><G13/><N who="0" m="7215" /><D1/><U31/><E31/><V133/><F133/><W83/><G83/><T2/><D2/><U52/><E112/><V54/><F11/><W87/><G53/><T61/><D84/><N who="3" m="21505" /><W41/><DORA hai="104" /><G41/><T76/><D76/><U94/><E94/><V105/><F105/><W115/><G115/><T96/><D96/><U101/><E101/><V0/><F71/><AGARI ba="0,0" hai="49,55,58,62,65,71,110,111" m="21505,51755" machi="71" ten="40,1300,0" yaku="20,1" doraHai="14,104" who="3" fromWho="2" sc="376,0,194,0,282,-13,148,13" />
</Scene>
<Scene>
<INIT seed="6,0,0,3,4,37" ten="376,194,269,161" oya="2" hai0="50,63,68,132,14,75,12,118,79,18,6,134,119" hai1="20,100,127,88,42,98,2,102,3,61,60,114,29" hai2="97,66,17,117,47,1,124,122,123,80,131,105,8" hai3="128,24,121,104,84,31,41,22,106,94,92,53,71"/><V10/><F117/><N who="0" m="44554" /><D6/><U86/><E127/><V28/><F66/><W67/><G121/><T26/><D50/><U44/><E114/><V15/><F47/><W65/><G128/><T0/><D0/><U23/><E2/><V108/><F80/><W39/><G104/><T45/><D45/><U32/><E3/><V82/><F82/><W19/><G106/><T11/><D79/><U111/><E111/><V87/><F97/><W90/><G71/><T130/><D130/><U77/><E77/><V125/><F105/><W54/><G39/><T96/><D75/><U57/><E32/><V78/><F87/><W35/><G41/><T76/><D76/><U89/><E61/><V38/><F38/><W70/><G92/><T7/><D26/><N who="1" m="16583" /><E23/><V64/><F108/><W5/><G5/><T85/><D85/><U107/><E107/><V109/><F109/><W48/><G70/><T69/><D96/><U16/><E98/><V129/><F78/><W51/><G35/><T74/><D74/><U91/><E16/><N who="2" m="8295" /><F1/><W13/><G31/><T46/><D69/><U110/><E86/><V59/><F28/><W115/><G115/><T25/><D68/><U34/><E34/><V30/><F30/><W9/><G51/><T113/><D113/><U101/><E110/><V21/><F131/><W116/><G116/><T99/><D99/><U126/><E44/><V58/><F129/><W133/><G133/><T33/><D46/><U56/><E56/><V27/><F123/><W95/><G95/><T83/><D134/><U49/><E57/><V93/><F122/><W52/><G48/><RYUUKYOKU ba="0,0" sc="376,-10,194,-10,269,-10,161,30" hai3="9,13,19,22,24,52,53,54,65,67,84,90,94" />
</Scene>
<Scene>
<INIT seed="7,1,0,5,1,122" ten="366,184,259,191" oya="3" hai0="13,66,115,86,87,107,98,119,22,72,49,126,97" hai1="127,54,67,75,90,89,50,29,27,3,84,111,60" hai2="39,103,48,58,70,24,112,26,15,30,95,113,79" hai3="57,135,42,59,7,104,56,31,55,17,123,47,40"/><W21/><G123/><T43/><D72/><U65/><E111/><V130/><F70/><W83/><G104/><T4/><D66/><U120/><E120/><V23/><F39/><W100/><G135/><T38/><D49/><U51/><E75/><V18/><F130/><W33/><G100/><T116/><D87/><U96/><E3/><V105/><F105/><W94/><G33/><T9/><D97/><U132/><E132/><V124/><F79/><W117/><G117/><T92/><D13/><U108/><E108/><V121/><F121/><W45/><G31/><T32/><D22/><N who="1" m="15607" /><E127/><V91/><F124/><W63/><G94/><T82/><D92/><N who="1" m="56343" /><E60/><V80/><F80/><W106/><G106/><T20/><D20/><U19/><E19/><V69/><F69/><W76/><G7/><T74/><D82/><N who="1" m="49303" /><E51/><V41/><F103/><W8/><G8/><T101/><D9/><U12/><E12/><V134/><F134/><W109/><G109/><T34/><D4/><U5/><E5/><V125/><F125/><W10/><G10/><T131/><D126/><U35/><E35/><V133/><F133/><W93/><G93/><T46/><D32/><U14/><E14/><V0/><F0/><W44/><G17/><T85/><D34/><U61/><E61/><V110/><F110/><W99/><G99/><T114/><D116/><U73/><E73/><V77/><F41/><N who="3" m="15979" /><G21/><T129/><D119/><U71/><E71/><V88/><F77/><W118/><G118/><T52/><D129/><U6/><E6/><V28/><F58/><AGARI ba="1,0" hai="50,54,58,65,67" m="49303,56343,15607" machi="58" ten="30,1000,0" yaku="8,1" doraHai="122" who="1" fromWho="2" sc="366,0,184,13,259,-13,191,0" owari="366,46.0,197,-20.0,246,5.0,191,-31.0" />
</Scene>
</mjloggm>