<mjloggm ver="2.3"><GO type="169" lobby="0"/><UN n0="%E6%AE%8B%E5%B0%BF%E6%84%9F%E3%81%AA%E3%81%84%EF%BC%9F" n1="%E3%81%99%E3%81%9A%E3%82%81%E3%82%AF%E3%83%AC%E3%82%A4%E3%82%B8%E3%83%BC" n2="%28%C2%B4%E2%80%95%CF%89%E2%80%95%60%29" n3="%E6%A1%9C%E8%8A%B1%E9%96%83%E3%80%85" dan="16,19,16,18" rate="2111.99,2300.00,2089.71,2241.41" sx="F,M,M,M"/><TAIKYOKU oya="0"/>

<Scene>
<INIT seed="0,0,0,4,4,39" ten="250,250,250,250" oya="0" hai0="126,78,0,80,38,89,116,101,56,13,98,21,135" hai1="97,83,46,61,77,14,43,73,117,49,115,103,134" hai2="106,6,36,76,18,48,92,86,47,85,55,93,45" hai3="8,2,67,120,108,26,74,33,91,17,72,34,62"/><T124/><D0/><U27/><E134/><V60/><F106/><W75/><G108/><T133/><D38/><U94/><E115/><V81/><F6/><W87/><G120/><T11/><D21/><U123/><E117/><V35/><F35/><W88/><G2/><T32/><D32/><U69/><E123/><V105/><F105/><W121/><G121/><T19/><D116/><U22/><E69/><V66/><F18/><W84/><G8/><T90/><D56/><U110/><E110/><V65/><F86/><W71/><G17/><T128/><D90/><U20/><E61/><V10/><F10/><W95/><REACH who="3" step="1"/><G26/><REACH who="3" ten="250,250,250,240" step="2"/><T1/><D1/><U23/><REACH who="1" step="1"/><E14/><REACH who="1" ten="250,240,250,240" step="2"/><V57/><REACH who="2" step="1"/><F66/><REACH who="2" ten="250,240,240,240" step="2"/><W64/><G64/><T129/><D135/><U16/><AGARI ba="0,3" hai="16,20,22,23,27,43,46,49,73,77,83,94,97,103" machi="16" ten="20,12000,2" yaku="1,1,2,1,0,1,7,1,52,1,54,1,53,0" doraHai="39" doraHaiUra="113" who="1" fromWho="1" sc="250,-60,240,150,240,-30,240,-30" />
</Scene>
<Scene>
<INIT seed="1,0,0,5,5,14" ten="190,390,210,210" oya="1" hai0="9,110,80,128,125,58,41,113,77,55,112,120,53" hai1="11,135,130,115,49,114,64,97,102,106,85,46,99" hai2="21,81,108,133,48,100,84,6,33,122,56,0,26" hai3="67,111,63,39,87,2,4,28,8,30,129,79,22"/><U37/><E37/><V119/><F122/><W5/><G39/><T82/><D110/><U25/><E130/><V43/><F119/><W44/><G111/><T71/><D58/><U23/><E135/><V74/><F33/><W12/><G129/><T83/><D9/><U3/><E64/><V57/><F108/><W98/><G44/><T31/><D83/><U17/><E85/><V73/><F133/><W19/><G5/><T117/><D41/><U59/><E59/><V127/><F100/><W7/><G7/><T75/><D31/><U96/><E96/><V27/><F127/><W118/><G98/><T65/><D65/><U50/><E50/><V40/><F0/><W32/><G118/><T95/><D95/><U123/><E123/><V101/><F6/><W131/><G131/><T52/><D53/><U51/><E51/><V60/><F101/><W10/><G10/><T92/><D92/><U18/><E99/><V86/><F48/><W116/><G116/><T76/><D128/><U72/><E72/><V34/><F34/><W134/><G134/><T54/><D54/><U36/><E36/><V69/><F69/><N who="3" m="42239" /><G32/><T94/><D117/><U132/><E132/><V16/><F74/><W1/><G1/><T78/><D75/><U13/><REACH who="1" step="1"/><E3/><REACH who="1" ten="190,380,210,210" step="2"/><V61/><F73/><W103/><G103/><T124/><D120/><U89/><E89/><N who="2" m="51343" /><F86/><W45/><G45/><T70/><D78/><U109/><E109/><V15/><F57/><W62/><G62/><N who="2" m="24169" /><F56/><W29/><G87/><T105/><D105/><U68/><E68/><V121/><F121/><W88/><G79/><RYUUKYOKU ba="0,1" sc="190,0,380,0,210,0,210,0" hai0="52,55,70,71,76,77,80,82,94,112,113,124,125" hai1="11,13,17,18,23,25,46,49,97,102,106,114,115" hai2="15,16,21,26,27,40,43" hai3="2,4,8,12,19,22,28,29,30,88" />
</Scene>
<Scene>
<INIT seed="1,1,1,1,2,103" ten="190,380,210,210" oya="1" hai0="44,71,89,7,48,47,66,90,40,49,79,125,4" hai1="64,97,92,124,35,99,134,115,105,128,37,39,20" hai2="24,75,14,83,17,69,32,22,93,107,104,98,46" hai3="26,33,101,108,15,19,31,34,68,100,127,41,119"/><U123/><E115/><V29/><F69/><W118/><G68/><T0/><D125/><U56/><E35/><V57/><F57/><W80/><G127/><T52/><D79/><U132/><E123/><V91/><REACH who="2" step="1"/><F46/><REACH who="2" ten="190,380,200,210" step="2"/><W95/><G118/><T76/><D71/><U81/><E56/><V116/><F116/><W10/><G119/><T3/><D66/><U42/><E64/><V120/><F120/><W65/><G65/><T135/><D135/><U13/><E124/><V106/><F106/><W84/><G108/><T113/><D113/><U78/><E105/><V28/><F28/><W12/><G31/><T111/><D111/><U9/><E132/><V117/><F117/><W55/><G34/><T88/><REACH who="0" step="1"/><D76/><AGARI ba="1,2" hai="14,17,22,24,29,32,75,76,83,91,93,98,104,107" machi="76" ten="40,5200,0" yaku="1,1,52,2,53,0" doraHai="103" doraHaiUra="63" who="2" fromWho="0" sc="190,-55,380,0,200,75,210,0" />
</Scene>
<Scene>
<INIT seed="2,0,0,2,4,133" ten="135,380,275,210" oya="2" hai0="126,7,11,13,21,54,73,115,93,76,97,130,20" hai1="23,89,103,131,36,104,80,129,95,68,72,107,98" hai2="124,120,6,118,4,5,59,15,106,128,19,49,77" hai3="33,62,84,83,82,135,2,69,66,112,91,110,31"/><V63/><F106/><W65/><G2/><T48/><D115/><U39/><E68/><V127/><F118/><W42/><G135/><T86/><D73/><U16/><E104/><V122/><F128/><N who="1" m="49225" /><E80/><V47/><F77/><W92/><G112/><T113/><D126/><N who="2" m="48170" /><F49/><W43/><G110/><T34/><D34/><U10/><E10/><N who="2" m="6647" /><F47/><W102/><G83/><N who="0" m="47463" /><D113/><U14/><E72/><V116/><F116/><W109/><G109/><T117/><D117/><U100/><E100/><V22/><F22/><W58/><G102/><N who="0" m="60719" /><D130/><U90/><E90/><V41/><F41/><W8/><G82/><T40/><D40/><U105/><E105/><V132/><F132/><W134/><G134/><T9/><D11/><U37/><E39/><V70/><F70/><W46/><G8/><T79/><D79/><U24/><E103/><V53/><AGARI ba="0,0" hai="4,5,6,53,59,63,120,122" m="6647,48170" machi="53" ten="30,11700,0" yaku="18,1,52,3" doraHai="133" who="2" fromWho="2" sc="135,-39,380,-39,275,117,210,-39" />
</Scene>
<Scene>
<INIT seed="2,1,0,3,0,5" ten="96,341,392,171" oya="2" hai0="11,61,17,59,2,16,124,131,90,129,51,107,103" hai1="102,88,24,40,7,36,113,64,44,71,101,60,120" hai2="114,48,96,66,89,123,112,128,135,53,29,21,108" hai3="76,95,13,91,134,127,54,111,50,56,23,6,115"/><V26/><F123/><W94/><G111/><T92/><D107/><U119/><E113/><V63/><F108/><W1/><G115/><T69/><D103/><U18/><E119/><V43/><F43/><W37/><G37/><T20/><D69/><U133/><E133/><V109/><F109/><W47/><G134/><T35/><D35/><U122/><E7/><V19/><F135/><W132/><G132/><T72/><D72/><U87/><E24/><V46/><F128/><N who="0" m="49226" /><D51/><U70/><E70/><V81/><F29/><W98/><G127/><T57/><D124/><U0/><E18/><V58/><REACH who="2" step="1"/><F96/><REACH who="2" ten="96,341,382,171" step="2"/><W42/><G42/><T31/><D31/><U28/><E28/><V67/><F67/><W8/><G76/><T82/><D82/><U32/><E122/><V126/><F126/><W106/><G106/><T75/><D75/><U4/><E120/><V39/><F39/><W80/><G80/><T73/><D73/><U78/><E78/><V110/><F110/><W100/><G95/><T116/><D116/><U83/><E32/><V77/><F77/><W86/><G98/><T121/><D121/><U130/><E130/><V99/><F99/><W97/><G97/><T125/><D125/><U33/><E33/><V9/><F9/><W118/><G118/><T79/><D79/><U55/><E102/><V41/><F41/><W10/><G100/><T85/><D92/><U27/><E101/><V22/><F22/><W105/><G105/><T65/><D20/><U84/><E83/><V15/><F15/><W12/><G23/><T45/><D11/><U25/><E36/><RYUUKYOKU ba="1,1" sc="96,-10,341,-10,382,30,171,-10" hai2="19,21,26,46,48,53,58,63,66,81,89,112,114" />
</Scene>
<Scene>
<INIT seed="2,2,1,2,1,108" ten="86,331,412,161" oya="2" hai0="121,70,28,2,24,5,115,47,113,112,18,117,131" hai1="57,15,88,73,99,133,87,30,56,96,40,53,102" hai2="104,45,38,82,21,29,50,23,101,100,22,94,37" hai3="9,125,63,105,17,106,128,43,11,12,93,67,61"/><V62/><F104/><W127/><G128/><T8/><D70/><U134/><E73/><V4/><F29/><W76/><G43/><T79/><D79/><U16/><E40/><V120/><F120/><W46/><G46/><T42/><D121/><U97/><E30/><V49/><F82/><W114/><G76/><T130/><D18/><U27/><E27/><V6/><F62/><N who="3" m="23563" /><G67/><T0/><D0/><U80/><E102/><N who="2" m="39531" /><F45/><W52/><G52/><T19/><D19/><U35/><E35/><V66/><F94/><W124/><G93/><T74/><D74/><U84/><E84/><V118/><F66/><W3/><G114/><T20/><REACH who="0" step="1"/><D117/><REACH who="0" ten="76,331,412,161" step="2"/><U95/><E134/><V92/><F118/><W26/><G26/><T98/><D98/><U13/><E133/><V68/><F68/><W39/><G39/><AGARI ba="2,2" hai="2,5,8,20,24,28,39,42,47,112,113,115,130,131" machi="39" ten="40,8000,1" yaku="1,1,52,3,53,1" doraHai="108" doraHaiUra="41" who="0" fromWho="3" sc="76,106,331,0,412,0,161,-86" />
</Scene>
<Scene>
<INIT seed="3,0,0,5,2,99" ten="182,331,412,75" oya="3" hai0="93,95,82,133,118,47,125,4,84,96,12,23,63" hai1="87,34,88,130,107,135,85,124,120,35,56,28,21" hai2="72,94,98,44,26,59,50,29,7,134,48,25,55" hai3="16,123,112,2,60,71,66,74,119,83,102,70,101"/><W62/><G119/><T31/><D118/><U78/><E120/><V67/><F72/><W103/><G123/><T86/><D125/><U109/><E109/><V51/><F134/><W38/><G112/><T76/><D133/><U5/><E124/><V114/><F114/><W57/><G38/><T11/><D63/><U131/><E107/><V129/><F129/><W90/><G2/><T0/><D0/><U53/><E5/><V61/><F7/><W115/><G115/><T100/><D31/><U81/><E21/><N who="2" m="15535" /><F26/><W39/><G39/><T13/><D23/><U15/><E15/><V41/><F41/><W9/><G90/><AGARI ba="0,0" hai="44,48,50,51,55,59,61,67,90,94,98" m="15535" machi="90" ten="30,1000,0" yaku="8,1" doraHai="99" who="2" fromWho="3" sc="182,0,331,0,412,10,75,-10" />
</Scene>
<Scene>
<INIT seed="4,0,0,5,1,120" ten="182,331,422,65" oya="0" hai0="15,96,52,11,126,79,99,85,106,105,17,114,98" hai1="56,132,102,111,37,44,130,80,84,25,49,69,30" hai2="27,104,76,78,133,74,51,103,4,115,71,135,92" hai3="122,119,108,118,66,87,12,35,45,113,54,86,63"/><T123/><D114/><U95/><E69/><V1/><F71/><W20/><G35/><T107/><D123/><U73/><E130/><V8/><F104/><W47/><G122/><T19/><D126/><U61/><E37/><V18/><F115/><W3/><G3/><T127/><D127/><U26/><E73/><V32/><F51/><W9/><G113/><T90/><D79/><U59/><E111/><V50/><F50/><W21/><G66/><T82/><REACH who="0" step="1"/><D52/><REACH who="0" ten="172,331,422,65" step="2"/><U23/><E132/><V125/><F125/><W33/><G54/><T101/><D101/><U10/><E102/><V0/><F78/><W77/><G77/><T38/><D38/><U134/><E134/><V129/><F76/><W88/><G63/><T7/><AGARI ba="0,1" hai="7,11,15,17,19,82,85,90,96,98,99,105,106,107" machi="7" ten="40,3900,0" yaku="1,1,0,1,53,0" doraHai="120" doraHaiUra="97" who="0" fromWho="0" sc="172,49,331,-13,422,-13,65,-13" />
</Scene>
<Scene>
<INIT seed="4,1,0,3,4,100" ten="221,318,409,52" oya="0" hai0="52,76,106,4,121,103,44,81,94,92,54,11,98" hai1="111,74,43,115,31,86,53,33,129,56,16,18,24" hai2="7,77,21,118,78,68,73,135,10,85,66,95,130" hai3="32,131,110,114,79,97,67,63,125,128,27,87,65"/><T91/><D121/><U13/><E74/><V93/><F130/><N who="3" m="49707" /><G110/><T8/><D44/><U42/><E111/><V55/><F73/><W105/><G114/><T104/><D94/><U12/><E115/><V17/><F66/><W61/><G125/><T123/><D106/><U3/><E3/><V14/><F68/><W122/><G122/><T47/><D123/><U119/><E119/><V36/><F36/><W58/><G87/><N who="0" m="52351" /><D47/><U82/><E12/><V59/><F135/><W57/><G79/><N who="2" m="30217" /><F85/><W60/><G60/><T83/><D83/><U23/><E18/><V96/><F96/><W1/><G1/><N who="0" m="15" /><D11/><U117/><E117/><V107/><F107/><W101/><G27/><T30/><D30/><U84/><E84/><V112/><F118/><W41/><G32/><T45/><D45/><U39/><E39/><V70/><F10/><W64/><G64/><T6/><D6/><U134/><E129/><V89/><F7/><W69/><G41/><T25/><D25/><U51/><E134/><V71/><F71/><AGARI ba="1,0" hai="57,58,61,63,65,67,69,71,97,101,105" m="49707" machi="71" ten="30,2000,0" yaku="19,1,52,1" doraHai="100" who="3" fromWho="2" sc="221,0,318,0,409,-23,52,23" />
</Scene>
<Scene>
<INIT seed="5,0,0,0,0,63" ten="221,318,386,75" oya="1" hai0="131,86,47,117,111,95,22,45,73,76,82,94,32" hai1="23,77,61,134,17,48,54,46,65,96,42,101,83" hai2="34,92,104,125,69,74,41,0,27,24,129,3,106" hai3="67,109,99,110,84,29,16,81,79,119,7,58,39"/><U50/><E134/><V1/><F69/><W120/><G120/><T18/><D117/><U35/><E35/><V97/><F74/><W107/><G39/><T98/><D32/><U80/><E50/><V114/><F114/><W112/><G7/><T70/><D70/><U75/><E42/><V31/><F129/><W62/><G112/><T93/><D111/><U8/><E8/><V133/><F133/><W56/><G119/><T126/><D73/><U127/><E127/><V37/><F125/><W108/><G29/><T38/><D126/><U100/><E80/><V122/><F122/><W55/><G107/><T87/><D131/><U115/><E115/><V90/><REACH who="2" step="1"/><F24/><REACH who="2" ten="221,318,376,75" step="2"/><W43/><G43/><T116/><D116/><U91/><E96/><V118/><F118/><W12/><G99/><T72/><D72/><U21/><E91/><V105/><F105/><W33/><G33/><T132/><D132/><U68/><REACH who="1" step="1"/><E21/><REACH who="1" ten="221,308,376,75" step="2"/><V2/><N who="2" m="0" /><DORA hai="5" /><V44/><AGARI ba="0,2" hai="27,31,34,37,41,44,90,92,97,104,106" m="0" machi="44" ten="60,7900,0" yaku="1,1,4,1,0,1,53,0" doraHai="63,5" doraHaiUra="66,13" who="2" fromWho="2" sc="221,-20,308,-39,376,99,75,-20" />
</Scene>
<Scene>
<INIT seed="6,0,0,0,3,68" ten="201,269,475,55" oya="2" hai0="67,65,55,116,34,79,4,109,53,114,25,125,117" hai1="28,101,98,133,30,57,76,51,39,16,135,96,107" hai2="92,46,119,70,63,66,121,59,111,3,118,64,99" hai3="10,73,48,54,123,14,113,56,132,35,29,61,1"/><V90/><F121/><W52/><G123/><T127/><D114/><U69/><E69/><V5/><F111/><W72/><G1/><T50/><D79/><U32/><E76/><V6/><F66/><N who="0" m="25098" /><D4/><U74/><E74/><V129/><F129/><W94/><G132/><N who="1" m="50762" /><E39/><V62/><F3/><W78/><G113/><T87/><D87/><U24/><E98/><V124/><F63/><W115/><G115/><T11/><D11/><U15/><E30/><V104/><F70/><W23/><G35/><T44/><D25/><U2/><E2/><V105/><F64/><W86/><G23/><T126/><D34/><U100/><E100/><V20/><F99/><W9/><G29/><T17/><D17/><U40/><E40/><V7/><F104/><W106/><G106/><T81/><D81/><U27/><E27/><V93/><F92/><W75/><G14/><T21/><D21/><N who="1" m="11423" /><E57/><V47/><F59/><W22/><G22/><T95/><D95/><U84/><E51/><V112/><F93/><W110/><G110/><T45/><D109/><U0/><E0/><V38/><F105/><W134/><G134/><T41/><D55/><U82/><E84/><V80/><F112/><W36/><G94/><T83/><D83/><AGARI ba="0,0" hai="24,28,32,82,83,96,101,107" m="11423,50762" machi="83" ten="30,2000,0" yaku="20,1,54,1" doraHai="68" who="1" fromWho="0" sc="201,-20,269,20,475,0,55,0" />
</Scene>
<Scene>
<INIT seed="7,0,0,1,5,133" ten="181,289,475,55" oya="3" hai0="121,17,16,79,92,120,119,125,30,43,109,93,53" hai1="29,37,78,86,124,11,127,134,5,39,73,111,40" hai2="25,106,126,56,38,84,104,66,83,6,55,132,32" hai3="82,60,76,50,24,131,41,117,116,23,45,118,97"/><W15/><G131/><T96/><D53/><U42/><E29/><V77/><F66/><W4/><G97/><T107/><D30/><U94/><E111/><V110/><F38/><W103/><G103/><T0/><D109/><U81/><E134/><V70/><F70/><W114/><G114/><T1/><D79/><U85/><E94/><V130/><F32/><W95/><G95/><T46/><D46/><N who="1" m="23823" /><E42/><V34/><F130/><W88/><G60/><T113/><D43/><U8/><E8/><V129/><F6/><W31/><G88/><T21/><D21/><U48/><E48/><V28/><F110/><W105/><G105/><T57/><D57/><U74/><E39/><V19/><F132/><W36/><G36/><T135/><D135/><U80/><E74/><V112/><F104/><W44/><G44/><T108/><D119/><U54/><E54/><V63/><F106/><W62/><G62/><T128/><D108/><U102/><E102/><V7/><F112/><W65/><G65/><T75/><D75/><U61/><E61/><V35/><F63/><W52/><G41/><T47/><D107/><U99/><E99/><V98/><F77/><W68/><G68/><T20/><D47/><U115/><E115/><V27/><F129/><W58/><G45/><T12/><D128/><U90/><E86/><V14/><F84/><N who="3" m="48199" /><G118/><T67/><D113/><U123/><E123/><V59/><F98/><W72/><G72/><T69/><D67/><U122/><E122/><V3/><F83/><W101/><G101/><T18/><D69/><U64/><E64/><V22/><F56/><RYUUKYOKU ba="0,0" sc="181,-15,289,15,475,-15,55,15" hai1="5,11,73,78,80,81,85,90,124,127" hai3="4,15,23,24,31,50,52,58,116,117" />
</Scene>
<Scene>
<INIT seed="7,1,0,3,0,42" ten="166,304,460,70" oya="3" hai0="63,92,132,91,6,130,26,109,25,70,45,18,133" hai1="8,98,0,93,20,102,14,23,31,97,129,32,86" hai2="77,50,35,106,128,127,111,49,41,44,134,13,82" hai3="10,53,87,37,19,7,66,73,68,103,40,38,76"/><W113/><G103/><T48/><D109/><U12/><E0/><V29/><F111/><W28/><G19/><T94/><D130/><U17/><E129/><V56/><F106/><W39/><G87/><T131/><D131/><U126/><E126/><V89/><F128/><W118/><G53/><N who="0" m="29839" /><D6/><U84/><E32/><V46/><F127/><W64/><G118/><T81/><D81/><U83/><E97/><V72/><F56/><W59/><G28/><T99/><D18/><N who="1" m="10327" /><E83/><V117/><F117/><W122/><G122/><T65/><D94/><U33/><E33/><V2/><F2/><N who="3" m="375" /><G59/><T58/><D58/><U4/><E4/><V15/><F29/><W1/><G1/><T24/><D24/><AGARI ba="1,0" hai="8,12,17,23,24,31,84,86,93,98,102" m="10327" machi="24" ten="30,1000,0" yaku="8,1" doraHai="42" who="1" fromWho="0" sc="166,-13,304,13,460,0,70,0" owari="153,-25.0,317,12.0,460,56.0,70,-43.0" />
</Scene>
</mjloggm>