<mjloggm ver="2.3"><GO type="169" lobby="0"/><UN n0="%E3%81%93%E3%81%82%E3%81%8B%E3%82%8A" n1="%E3%81%99%E3%81%9A%E3%82%81%E3%82%AF%E3%83%AC%E3%82%A4%E3%82%B8%E3%83%BC" n2="%E3%81%AD%E3%82%8A%E3%82%B4%E3%83%9E" n3="%E5%B8%83%E5%9B%A3%EF%BC%A0%E5%83%8D%E3%81%8B%E3%81%AA%E3%81%84" dan="16,19,16,16" rate="2066.40,2296.15,2108.57,2021.74" sx="M,M,M,F"/><TAIKYOKU oya="0"/>

<Scene>
<INIT seed="0,0,0,3,5,108" ten="250,250,250,250" oya="0" hai0="19,120,84,112,43,135,91,88,95,133,130,54,123" hai1="53,14,28,34,113,8,35,82,100,16,103,41,36" hai2="97,132,134,115,122,104,86,10,0,85,116,50,77" hai3="45,105,59,32,72,128,102,65,83,64,67,94,23"/><T26/><D112/><U48/><E36/><V33/><F33/><W12/><G32/><T40/><D130/><U58/><E113/><V99/><F50/><W29/><G105/><T27/><D54/><U7/><E41/><N who="0" m="15945" /><D19/><U22/><E35/><V93/><F10/><W74/><G45/><T90/><D84/><N who="2" m="32362" /><F0/><W24/><G12/><T79/><D95/><U62/><E82/><V121/><F122/><N who="0" m="46634" /><D79/><U114/><E114/><V11/><F11/><W2/><G2/><T46/><D46/><U52/><E34/><V73/><F121/><W126/><G128/><T15/><D15/><N who="1" m="9503" /><E28/><V63/><F63/><W107/><G107/><T3/><D3/><U56/><AGARI ba="0,0" hai="7,8,14,48,52,53,56,58,62,100,103" m="9503" machi="56" ten="30,4000,0" yaku="8,1,54,2" doraHai="108" who="1" fromWho="1" sc="250,-20,250,40,250,-10,250,-10" />
</Scene>
<Scene>
<INIT seed="1,0,0,5,4,83" ten="230,290,240,240" oya="1" hai0="66,11,32,49,69,96,45,57,74,108,67,36,82" hai1="114,55,70,41,87,133,10,117,64,52,86,104,5" hai2="97,39,58,100,135,3,8,121,93,21,59,12,107" hai3="123,15,18,37,106,17,118,43,0,91,14,60,7"/><U26/><E117/><V131/><F121/><W116/><G123/><T95/><D108/><U29/><E114/><V102/><F131/><W76/><G106/><T115/><D32/><U77/><E104/><V27/><F39/><W71/><G76/><T73/><D115/><U105/><E105/><V54/><F135/><W80/><G7/><T6/><D36/><U30/><E41/><V132/><F132/><W65/><G0/><T1/><D69/><U19/><E77/><V61/><F3/><W126/><G126/><T81/><D73/><U72/><E72/><V68/><F68/><W110/><G110/><T38/><D38/><U50/><E64/><V28/><F59/><W42/><G43/><T75/><D75/><U2/><E55/><V120/><F120/><W13/><G42/><T98/><D98/><U111/><E70/><V99/><F107/><W23/><G37/><T33/><D33/><U78/><E78/><V22/><F99/><W79/><G91/><T112/><D112/><U88/><E133/><V101/><REACH who="2" step="1"/><F22/><REACH who="2" ten="230,290,230,240" step="2"/><W92/><G23/><T34/><D96/><U16/><E111/><V51/><F51/><W122/><G122/><T24/><D57/><U63/><E50/><V48/><F48/><W127/><G116/><T53/><D49/><U25/><E2/><V84/><F84/><N who="3" m="48159" /><G118/><T35/><D1/><U20/><E20/><V103/><F103/><W56/><G71/><T94/><D74/><U128/><E86/><V40/><F40/><W124/><G127/><T134/><D134/><U46/><E87/><V119/><F119/><W47/><G124/><RYUUKYOKU ba="0,1" sc="230,-10,290,-10,230,30,240,-10" hai2="8,12,21,27,28,54,58,61,93,97,100,101,102" />
</Scene>
<Scene>
<INIT seed="2,1,1,3,0,82" ten="220,280,260,230" oya="2" hai0="100,89,69,86,83,105,25,10,77,21,23,33,85" hai1="104,113,73,92,49,107,98,34,4,54,2,38,26" hai2="12,87,119,126,14,134,99,110,95,20,115,132,103" hai3="81,37,112,111,97,90,84,108,133,45,71,106,13"/><V59/><F115/><W66/><G133/><N who="2" m="51305" /><F119/><W65/><G112/><T88/><D69/><U16/><E73/><V122/><F122/><W130/><G13/><T93/><D10/><U8/><E38/><V70/><F70/><W124/><G130/><T52/><D105/><U48/><E48/><V79/><F126/><W57/><G57/><T46/><D33/><U117/><E117/><V9/><F59/><W129/><G129/><T109/><D109/><N who="3" m="42057" /><G71/><T116/><D116/><U18/><E113/><V121/><F121/><W76/><G124/><T80/><D100/><U101/><E107/><V0/><F110/><W36/><G36/><T131/><D131/><U28/><REACH who="1" step="1"/><E104/><REACH who="1" ten="220,270,260,230" step="2"/><V15/><F0/><W1/><G1/><T6/><D6/><U11/><E11/><V127/><F127/><W55/><G106/><T32/><D32/><U60/><E60/><V53/><F9/><W62/><G62/><T91/><D23/><U27/><E27/><V123/><F123/><W120/><G120/><T31/><D93/><U43/><E43/><V74/><F20/><W51/><G37/><T19/><D31/><U64/><E64/><V39/><F39/><W42/><G42/><T7/><D7/><U118/><E118/><V47/><F74/><W114/><G114/><T125/><D125/><U56/><AGARI ba="1,2" hai="2,4,8,16,18,26,28,34,49,54,56,92,98,101" machi="56" ten="20,5200,0" yaku="1,1,0,1,7,1,54,1,53,0" doraHai="82" doraHaiUra="17" who="1" fromWho="1" sc="220,-14,270,75,260,-27,230,-14" />
</Scene>
<Scene>
<INIT seed="3,0,0,1,3,129" ten="206,345,233,216" oya="3" hai0="104,106,6,36,75,84,5,49,114,14,16,86,88" hai1="100,91,17,126,21,103,68,111,50,116,41,2,43" hai2="15,82,40,118,94,135,105,70,8,28,99,128,11" hai3="67,96,108,93,13,76,53,132,73,90,24,110,66"/><W130/><G132/><T62/><D36/><U61/><E2/><V1/><F70/><W92/><G130/><T64/><D75/><U56/><E111/><N who="3" m="42538" /><G24/><T30/><D114/><U74/><E74/><V112/><F112/><W46/><G13/><T80/><D30/><U51/><E68/><V79/><F28/><W58/><G46/><T124/><D124/><U10/><E91/><V72/><F105/><W23/><G23/><T97/><D49/><N who="1" m="18443" /><E116/><V59/><F118/><W31/><G31/><T54/><D54/><N who="1" m="33943" /><E10/><V42/><F8/><W109/><N who="3" m="42546" /><W87/><DORA hai="9" /><G76/><T47/><D47/><U89/><E89/><V98/><F1/><W19/><G19/><T71/><D84/><U4/><E4/><V39/><F128/><W44/><G44/><T83/><D83/><U32/><E32/><V63/><F82/><W57/><G73/><T115/><D115/><U3/><E3/><V60/><F72/><W12/><G12/><T22/><REACH who="0" step="1"/><D97/><REACH who="0" ten="196,345,233,216" step="2"/><U25/><E126/><V78/><F99/><W122/><G122/><T18/><D18/><U33/><E33/><V113/><F98/><W107/><G107/><AGARI ba="0,1" hai="5,6,14,16,22,62,64,71,80,86,88,104,106,107" machi="107" ten="40,8000,1" yaku="1,1,52,1,54,2,53,0" doraHai="129,9" doraHaiUra="69,38" who="0" fromWho="3" sc="196,90,345,0,233,0,216,-80" />
</Scene>
<Scene>
<INIT seed="4,0,0,0,4,63" ten="286,345,233,136" oya="0" hai0="1,77,14,4,113,56,60,15,121,8,32,74,40" hai1="118,5,90,7,86,75,79,91,58,21,3,20,27" hai2="127,38,83,34,50,71,24,94,111,97,33,11,125" hai3="114,82,31,72,64,23,36,42,134,57,78,129,59"/><T95/><D121/><U133/><E133/><V103/><F111/><W93/><G134/><T45/><D113/><U124/><E124/><N who="2" m="47691" /><F38/><W66/><G114/><T51/><D32/><U53/><E75/><V80/><F71/><W120/><G129/><T87/><D74/><U52/><E3/><V131/><F131/><W65/><G120/><T108/><D108/><U135/><E118/><V92/><F92/><W17/><G31/><T76/><D1/><U130/><E130/><V49/><F11/><W12/><REACH who="3" step="1"/><G93/><REACH who="3" ten="286,345,233,126" step="2"/><T81/><D95/><U69/><E135/><V46/><F94/><W132/><G132/><T54/><D15/><U116/><E116/><V68/><F34/><W128/><G128/><T2/><REACH who="0" step="1"/><D2/><REACH who="0" ten="276,345,233,126" step="2"/><U73/><E73/><V100/><F33/><W19/><G19/><T16/><D16/><U102/><E5/><V84/><F80/><W35/><G35/><T44/><D44/><AGARI ba="0,2" hai="12,17,23,36,42,44,57,59,64,65,66,72,78,82" machi="44" ten="40,8000,1" yaku="1,1,52,3,53,0" doraHai="63" doraHaiUra="67" who="3" fromWho="0" sc="276,-80,345,0,233,0,126,100" />
</Scene>
<Scene>
<INIT seed="5,0,0,5,2,95" ten="196,345,233,226" oya="1" hai0="32,118,106,38,26,30,3,40,31,113,87,51,33" hai1="35,116,27,69,92,71,34,52,104,84,46,111,126" hai2="41,91,72,99,90,9,120,19,119,109,93,49,42" hai3="5,133,70,37,25,122,98,85,123,105,63,29,16"/><U94/><E116/><V23/><F109/><W62/><G133/><T107/><D118/><U10/><E104/><V67/><F72/><W131/><G37/><T36/><D3/><U66/><E126/><V127/><F120/><W12/><G131/><T132/><D132/><U82/><E66/><V124/><F119/><W48/><G5/><T15/><D15/><U80/><E27/><V2/><F67/><W81/><G48/><T97/><D87/><U54/><E84/><V13/><F90/><W28/><G28/><T101/><D107/><U59/><E59/><V4/><REACH who="2" step="1"/><F49/><REACH who="2" ten="196,345,223,226" step="2"/><W129/><G129/><T86/><D113/><U89/><E89/><V65/><F65/><W78/><G123/><T102/><D102/><U17/><E111/><V1/><F1/><W135/><G122/><T114/><D114/><U11/><E46/><V24/><F24/><W130/><G130/><T56/><D26/><U47/><E47/><V74/><F74/><W100/><G135/><T20/><D38/><U53/><E53/><V88/><F88/><W6/><G70/><T7/><D36/><U50/><E50/><V96/><F96/><W57/><G57/><T61/><D97/><U45/><E45/><V60/><F60/><W112/><G112/><T58/><D61/><U77/><E77/><V21/><F21/><N who="3" m="11399" /><G63/><T68/><D51/><U8/><E69/><V22/><F22/><N who="3" m="15543" /><G62/><T0/><D68/><U117/><E71/><V83/><F83/><W18/><G81/><T64/><D64/><U75/><E75/><V76/><F76/><W115/><G78/><T108/><D108/><RYUUKYOKU ba="0,1" sc="196,-10,345,-10,223,30,226,-10" hai2="2,4,9,13,19,23,41,42,91,93,99,124,127" />
</Scene>
<Scene>
<INIT seed="6,1,1,5,2,51" ten="186,335,253,216" oya="2" hai0="34,100,118,77,79,98,96,14,78,124,129,120,7" hai1="49,89,16,132,122,5,111,72,88,121,64,81,21" hai2="128,43,108,126,117,50,93,53,4,83,12,63,80" hai3="37,109,94,84,102,86,2,68,107,106,46,45,38"/><V59/><F117/><W13/><G109/><T130/><D34/><U119/><E111/><V60/><F108/><W76/><G13/><T9/><D118/><U26/><E132/><V58/><F126/><W116/><G116/><T31/><D31/><U32/><E32/><V47/><F128/><N who="0" m="49258" /><D120/><N who="1" m="46187" /><E64/><V29/><F29/><W15/><G15/><T115/><D115/><U39/><E39/><V99/><F12/><W133/><G2/><T30/><D30/><U75/><E5/><V70/><F70/><W24/><G68/><T3/><D124/><U91/><E119/><V101/><REACH who="2" step="1"/><F4/><REACH who="2" ten="186,335,243,216" step="2"/><W97/><G133/><T20/><D14/><U67/><E26/><V33/><F33/><W104/><G24/><T61/><D3/><U0/><E0/><V10/><F10/><W71/><G71/><T35/><D9/><U125/><E125/><V6/><F6/><W123/><G123/><T114/><D7/><U54/><E21/><V95/><F95/><W18/><G106/><T134/><D35/><U73/><E16/><V36/><F36/><N who="3" m="13931" /><G18/><T40/><D134/><U85/><E67/><AGARI ba="1,2" hai="43,47,50,53,58,59,60,63,67,80,83,93,99,101" machi="67" ten="30,11600,0" yaku="1,1,7,1,8,1,52,1,53,0" doraHai="51" doraHaiUra="87" who="2" fromWho="1" sc="186,0,335,-119,243,139,216,0" />
</Scene>
<Scene>
<INIT seed="6,2,0,0,2,113" ten="186,216,382,216" oya="2" hai0="12,79,124,3,84,4,57,58,39,127,31,68,70" hai1="14,129,36,33,44,92,89,132,51,18,117,82,102" hai2="130,109,112,7,86,54,59,52,10,11,94,17,2" hai3="60,72,8,34,42,19,46,95,53,116,85,41,22"/><V45/><F112/><W16/><G72/><T81/><D39/><U135/><E33/><V114/><F114/><W74/><G74/><T131/><D3/><U67/><E67/><V96/><F130/><W71/><G34/><T78/><D31/><U35/><E35/><V100/><F109/><W27/><G116/><T110/><D131/><U103/><E36/><V111/><F111/><W126/><G126/><N who="0" m="48171" /><D110/><U99/><E117/><V101/><F45/><W5/><G71/><N who="0" m="27179" /><D79/><U119/><E119/><V30/><F30/><W90/><G19/><T24/><D24/><U76/><E129/><V121/><F121/><W26/><G27/><T23/><D23/><U6/><E6/><V128/><F128/><W40/><G60/><T64/><D64/><U62/><E62/><V9/><F86/><W61/><G61/><T115/><D115/><U29/><E29/><V122/><F122/><W98/><G53/><N who="2" m="20585" /><F59/><W25/><G25/><T91/><D78/><U0/><E0/><V106/><F2/><W20/><G20/><T21/><D21/><N who="1" m="11479" /><E135/><V63/><F63/><W93/><G46/><T105/><D105/><U65/><E132/><V48/><F7/><W134/><G134/><T80/><D80/><U49/><E65/><V50/><F17/><W66/><G66/><T32/><D32/><U56/><E56/><V38/><F38/><W1/><REACH who="3" step="1"/><G42/><REACH who="3" ten="186,216,382,206" step="2"/><T28/><D28/><U73/><E44/><V107/><F10/><AGARI ba="2,1" hai="4,10,12,57,58,81,84,91" m="27179,48171" machi="10" ten="30,1000,0" yaku="18,1" doraHai="113" who="0" fromWho="2" sc="186,26,216,0,382,-16,206,0" />
</Scene>
<Scene>
<INIT seed="7,0,0,5,4,28" ten="212,216,366,206" oya="3" hai0="37,99,36,42,29,124,111,127,78,101,19,131,20" hai1="7,14,130,104,103,16,113,62,108,106,21,64,89" hai2="30,10,3,67,38,12,44,80,122,98,72,57,0" hai3="11,27,112,91,129,118,8,40,97,94,126,49,77"/><W17/><G112/><T85/><D111/><U35/><E108/><V45/><F30/><W115/><G115/><T31/><D131/><U24/><E130/><V134/><F44/><N who="3" m="25735" /><G129/><T53/><D53/><U121/><E121/><V66/><F0/><W79/><G118/><T114/><D114/><U102/><E113/><V128/><F128/><W51/><G126/><N who="0" m="48171" /><D85/><U34/><E89/><V5/><F12/><W23/><G51/><T75/><D78/><AGARI ba="0,0" hai="8,11,17,23,27,77,78,79,91,94,97" m="25735" machi="78" ten="30,1500,0" yaku="8,1" doraHai="28" who="3" fromWho="0" sc="212,-15,216,0,366,0,206,15" />
</Scene>
<Scene>
<INIT seed="7,1,0,1,2,31" ten="197,216,366,221" oya="3" hai0="77,71,81,107,103,97,126,54,43,96,118,119,70" hai1="88,105,132,48,44,68,19,122,37,59,104,114,45" hai2="42,40,41,95,94,30,61,125,66,134,46,29,14" hai3="58,1,20,73,2,27,87,3,13,21,100,112,24"/><W8/><G73/><T51/><D126/><U91/><E122/><V69/><F125/><W25/><G100/><T92/><D43/><U10/><E68/><V67/><F134/><W23/><G112/><T80/><D119/><U32/><E32/><V36/><F36/><W83/><G58/><T98/><D118/><U62/><E37/><V131/><F131/><W108/><G108/><T113/><D113/><U135/><E114/><V121/><F121/><W60/><G60/><T47/><D97/><U55/><E45/><V56/><F69/><W17/><G87/><T63/><D63/><U0/><E105/><V9/><F67/><W72/><G83/><T53/><D53/><U120/><E104/><V115/><F46/><W16/><G72/><T102/><REACH who="0" step="1"/><D81/><REACH who="0" ten="187,216,366,221" step="2"/><U85/><E120/><V123/><F123/><W109/><G109/><T75/><AGARI ba="1,1" hai="47,51,54,70,71,75,77,80,92,96,98,102,103,107" machi="75" ten="20,5200,0" yaku="1,1,2,1,0,1,7,1,53,0" doraHai="31" doraHaiUra="22" who="0" fromWho="0" sc="187,65,216,-14,366,-14,221,-27" owari="252,5.0,202,-20.0,352,46.0,194,-31.0" />
</Scene>
</mjloggm>