<mjloggm ver="2.3"><GO type="169" lobby="0"/><UN n0="%72%61%74%74%61%74%74%61" n1="%E3%81%99%E3%81%9A%E3%82%81%E3%82%AF%E3%83%AC%E3%82%A4%E3%82%B8%E3%83%BC" n2="%E3%82%B5%E3%83%9C" n3="%67%69%6A%79%75%74%75" dan="18,19,16,17" rate="2212.84,2315.74,2114.38,2190.90" sx="M,M,M,M"/><TAIKYOKU oya="0"/>

<Scene>
<INIT seed="0,0,0,4,2,116" ten="250,250,250,250" oya="0" hai0="104,55,126,128,87,10,65,62,98,132,117,72,57" hai1="135,82,129,34,69,42,60,28,4,101,75,66,41" hai2="73,2,131,81,64,3,15,29,80,133,38,58,103" hai3="90,109,114,121,18,86,11,83,78,92,50,77,74"/><T23/><D72/><U111/><E111/><V12/><F38/><W16/><G114/><T124/><D117/><U96/><E4/><V37/><F37/><W112/><G112/><T100/><D132/><U59/><E129/><V125/><F125/><N who="0" m="48234" /><D128/><U130/><E135/><V45/><F103/><W68/><G68/><T119/><D119/><U48/><E130/><V84/><F29/><W31/><G31/><T63/><D23/><U71/><E71/><V115/><F115/><W120/><G109/><T102/><D102/><U32/><E32/><V106/><F106/><W97/><G77/><T27/><D27/><N who="1" m="18719" /><E59/><V56/><F45/><W46/><G74/><T122/><D87/><U88/><E48/><V1/><F73/><W36/><G36/><T40/><D40/><U6/><E6/><V105/><F105/><W35/><G35/><T5/><D122/><N who="3" m="47209" /><G11/><T44/><D44/><U9/><E9/><V110/><F110/><W7/><G7/><T134/><D134/><U51/><E75/><V67/><F131/><W85/><G86/><T43/><D10/><U13/><E69/><V61/><F84/><W22/><G22/><T24/><D5/><U14/><E82/><V123/><F133/><W127/><G127/><T54/><D98/><U53/><E96/><V76/><F123/><W33/><G33/><T113/><D113/><U49/><E101/><V47/><F80/><W99/><G97/><T95/><D100/><U118/><E118/><V79/><F81/><W108/><G108/><T0/><D0/><U91/><E91/><V52/><F2/><W107/><G107/><RYUUKYOKU ba="0,0" sc="250,-10,250,-10,250,-10,250,30" hai3="16,18,46,50,78,83,85,90,92,99" />
</Scene>
<Scene>
<INIT seed="1,1,0,0,3,77" ten="240,240,240,280" oya="1" hai0="8,63,1,123,43,57,110,44,65,51,5,121,53" hai1="67,113,84,98,9,59,118,114,103,22,29,120,17" hai2="62,70,102,78,88,50,133,107,30,93,4,16,58" hai3="13,36,89,79,39,52,119,69,14,125,95,3,19"/><U105/><E120/><V54/><F133/><W40/><G3/><T0/><D0/><U132/><E118/><V61/><F78/><W87/><G69/><T48/><REACH who="0" step="1"/><D110/><REACH who="0" ten="230,240,240,280" step="2"/><U115/><E132/><V126/><F126/><W32/><G125/><T135/><D135/><U21/><E114/><V97/><F70/><AGARI ba="1,1" hai="1,5,8,43,44,48,51,53,57,63,65,70,121,123" machi="70" ten="40,1300,0" yaku="1,1,53,0" doraHai="77" doraHaiUra="124" who="0" fromWho="2" sc="230,26,240,0,240,-16,280,0" />
</Scene>
<Scene>
<INIT seed="2,0,0,4,0,86" ten="256,240,224,280" oya="2" hai0="13,130,118,122,133,75,27,109,135,7,30,40,33" hai1="101,68,55,110,95,11,18,53,62,31,99,69,58" hai2="26,9,19,132,28,98,20,23,46,47,65,100,64" hai3="106,8,41,104,17,36,25,44,15,51,49,83,107"/><V35/><F132/><N who="0" m="50762" /><D40/><U105/><E110/><V34/><F34/><W111/><G111/><T121/><D75/><U88/><E31/><V1/><F35/><W50/><G36/><T43/><D43/><U42/><E42/><V63/><F1/><W90/><REACH who="3" step="1"/><G25/><REACH who="3" ten="256,240,224,270" step="2"/><T32/><D109/><U38/><E38/><V129/><F129/><W128/><G128/><T5/><D130/><U12/><REACH who="1" step="1"/><E55/><REACH who="1" ten="256,230,224,270" step="2"/><V61/><F64/><W67/><G67/><T14/><D121/><U52/><E52/><V134/><F65/><W3/><G3/><T71/><D122/><U16/><E16/><V131/><F19/><W76/><G76/><T2/><D2/><U103/><E103/><V89/><F100/><W72/><G72/><T97/><D5/><U24/><E24/><V82/><F26/><W4/><G4/><T96/><D7/><U80/><E80/><V77/><F82/><W114/><G114/><T124/><D27/><U29/><E29/><V123/><F28/><W94/><G94/><T56/><D30/><U87/><AGARI ba="0,2" hai="11,12,18,53,58,62,68,69,87,88,95,99,101,105" machi="87" ten="20,8000,1" yaku="1,1,0,1,7,1,52,1,54,1,53,0" doraHai="86" doraHaiUra="73" who="1" fromWho="1" sc="256,-20,230,100,224,-40,270,-20" />
</Scene>
<Scene>
<INIT seed="3,0,0,2,5,89" ten="236,330,184,250" oya="3" hai0="14,39,61,83,110,12,55,1,93,48,132,87,32" hai1="71,81,91,124,46,30,82,115,22,29,120,94,113" hai2="88,19,62,65,49,73,112,95,84,116,99,118,50" hai3="90,26,111,104,59,75,64,102,133,20,119,97,36"/><W122/><G122/><T128/><D39/><U106/><E106/><V77/><F112/><W41/><G119/><T35/><D1/><U4/><E71/><V130/><F130/><W47/><G75/><T15/><D128/><U114/><E120/><V27/><F73/><W28/><G133/><T127/><D132/><U8/><E46/><V58/><F116/><W2/><G2/><T121/><D121/><U72/><E124/><V54/><F118/><W67/><G111/><T51/><D127/><U40/><E40/><V125/><F125/><W45/><G45/><T10/><D10/><U131/><E131/><V23/><F65/><W80/><G80/><AGARI ba="0,0" hai="19,23,27,49,50,54,58,62,77,80,84,88,95,99" machi="80" ten="40,8000,1" yaku="25,2,8,1,52,1,54,1" doraHai="89" who="2" fromWho="3" sc="236,0,330,0,184,80,250,-80" />
</Scene>
<Scene>
<INIT seed="4,0,0,0,1,86" ten="236,330,264,170" oya="0" hai0="16,99,41,63,61,134,122,55,91,50,70,64,49" hai1="56,13,60,19,109,73,6,101,26,82,51,123,2" hai2="54,83,8,39,57,128,94,79,77,46,9,59,10" hai3="105,74,53,7,27,78,129,121,103,11,100,115,36"/><T72/><D122/><U87/><E2/><V62/><F128/><W88/><G121/><T111/><D72/><U119/><E109/><V28/><F28/><W69/><G69/><T125/><D111/><U29/><E73/><V25/><F25/><W130/><G36/><T0/><D0/><U76/><E119/><V47/><F39/><W12/><G115/><T102/><D125/><U1/><E101/><V97/><F59/><W135/><G135/><T21/><D63/><U84/><E51/><V20/><F20/><W116/><G116/><T17/><D134/><U93/><E6/><V5/><F5/><W48/><G27/><T4/><D4/><U34/><E1/><V24/><F24/><W80/><G105/><T65/><D65/><U23/><E93/><V66/><F66/><W45/><G103/><T127/><D41/><U40/><E40/><V126/><F126/><W15/><G100/><T44/><D50/><U42/><E42/><V124/><F124/><W114/><G15/><T68/><D68/><U95/><E123/><V75/><REACH who="2" step="1"/><F79/><REACH who="2" ten="236,330,254,170" step="2"/><W110/><G110/><T89/><D127/><U33/><E26/><V133/><F133/><W112/><G130/><T113/><D113/><N who="3" m="43625" /><G129/><T108/><D108/><U117/><E29/><V120/><F120/><W43/><G7/><T96/><D17/><U118/><E117/><V35/><F35/><W81/><G78/><T131/><D131/><U67/><E118/><V37/><F37/><W106/><G45/><T30/><D44/><U92/><E33/><V14/><F14/><W18/><G12/><T31/><D70/><RYUUKYOKU ba="0,1" sc="236,-10,330,-10,254,30,170,-10" hai2="8,9,10,46,47,54,57,62,75,77,83,94,97" />
</Scene>
<Scene>
<INIT seed="5,1,1,2,4,10" ten="226,320,284,160" oya="1" hai0="97,110,125,62,90,4,58,9,68,20,117,47,56" hai1="36,25,103,64,55,82,59,15,44,131,119,78,48" hai2="13,40,28,85,66,50,27,126,32,98,29,76,83" hai3="33,43,96,26,17,114,80,118,11,112,63,106,94"/><U23/><E131/><V102/><F126/><W130/><G106/><T1/><D117/><U86/><E119/><V87/><F66/><W6/><G118/><T77/><D110/><U41/><E103/><V72/><F29/><N who="3" m="19639" /><G17/><T101/><D125/><U124/><E124/><V104/><F40/><W5/><G43/><T16/><D47/><U54/><E64/><V38/><F38/><W24/><G24/><T39/><D39/><U34/><E34/><V71/><F71/><W14/><G130/><T127/><D127/><U57/><E57/><V122/><F122/><W128/><G128/><T132/><D77/><U105/><E105/><V133/><F133/><W129/><G129/><T100/><D132/><U91/><E55/><V61/><F61/><W108/><G108/><T60/><D58/><U70/><E70/><V35/><F35/><W107/><G107/><T12/><D68/><U30/><E78/><V89/><F50/><W42/><G42/><T18/><D18/><U46/><E41/><V79/><F79/><W73/><G63/><T3/><D60/><U93/><E82/><V95/><F87/><W31/><G31/><T65/><REACH who="0" step="1"/><D3/><REACH who="0" ten="216,320,284,160" step="2"/><U134/><E134/><V111/><F111/><W53/><G5/><T120/><D120/><U22/><E36/><V75/><F72/><W2/><G2/><T81/><D81/><U52/><E54/><V92/><F95/><AGARI ba="1,2" hai="1,4,9,12,16,20,56,62,65,90,95,97,100,101" machi="95" ten="40,5200,0" yaku="1,1,52,1,54,1,53,0" doraHai="10" doraHaiUra="51" who="0" fromWho="2" sc="216,75,320,0,284,-55,160,0" />
</Scene>
<Scene>
<INIT seed="6,0,0,2,0,24" ten="291,320,229,160" oya="2" hai0="66,74,128,84,94,26,113,22,47,61,28,102,6" hai1="33,43,64,20,4,129,105,34,100,86,93,111,49" hai2="78,118,82,55,50,51,19,56,98,101,44,125,104" hai3="42,117,68,85,96,52,31,97,53,7,127,27,135"/><V46/><F118/><W126/><G68/><T107/><D74/><U23/><E105/><V87/><F125/><N who="3" m="47627" /><G117/><T10/><D107/><U108/><E4/><V120/><F120/><W121/><G121/><T131/><D47/><U72/><E93/><V17/><REACH who="2" step="1"/><F56/><REACH who="2" ten="291,320,219,160" step="2"/><W76/><G135/><T130/><D130/><U2/><E129/><V89/><F89/><W15/><G42/><AGARI ba="0,1" hai="17,19,42,44,46,50,51,55,78,82,87,98,101,104" machi="42" ten="30,5800,0" yaku="1,1,7,1,53,1" doraHai="24" doraHaiUra="81" who="2" fromWho="3" sc="291,0,320,0,219,68,160,-58" />
</Scene>
<Scene>
<INIT seed="6,1,0,3,2,29" ten="291,320,287,102" oya="2" hai0="68,0,95,109,125,115,103,18,89,20,99,75,77" hai1="24,27,102,69,120,100,113,67,86,31,10,98,33" hai2="76,94,71,34,112,1,74,45,123,4,105,83,52" hai3="38,111,88,134,126,41,90,116,37,54,53,129,78"/><V16/><F105/><W13/><G111/><T32/><D109/><U59/><E113/><V5/><F123/><W108/><G108/><T82/><D0/><U48/><E100/><V19/><F71/><W96/><G116/><T73/><D73/><U66/><E27/><V101/><F112/><W87/><G78/><T85/><D115/><U133/><E133/><V11/><F5/><W55/><G134/><T70/><D32/><U46/><E59/><V14/><F34/><W104/><G129/><T65/><D65/><U12/><E86/><V50/><REACH who="2" step="1"/><F1/><REACH who="2" ten="291,320,277,102" step="2"/><W118/><G104/><N who="0" m="63615" /><D125/><U15/><E69/><V128/><F128/><W7/><G126/><T117/><D117/><U23/><E33/><V39/><F39/><W58/><G37/><T114/><D114/><U131/><E131/><V122/><F122/><W79/><G118/><T130/><D130/><U124/><E120/><V121/><F121/><W93/><G38/><T119/><D119/><U64/><E124/><V91/><F91/><W36/><G36/><T25/><AGARI ba="1,1" hai="18,20,25,68,70,75,77,82,85,89,95" m="63615" machi="25" ten="30,1100,0" yaku="24,1" doraHai="29" who="0" fromWho="0" sc="291,24,320,-4,277,-6,102,-4" />
</Scene>
<Scene>
<INIT seed="7,0,0,3,2,71" ten="315,316,271,98" oya="3" hai0="38,106,110,5,79,117,81,92,0,46,52,88,48" hai1="131,85,96,15,124,89,91,6,34,32,128,119,90" hai2="69,22,33,75,25,68,1,47,21,103,105,118,37" hai3="104,62,29,7,111,127,10,80,112,20,51,58,70"/><W53/><G104/><T126/><D110/><U11/><E119/><V43/><F118/><W134/><G111/><T67/><D106/><U99/><E85/><V18/><F1/><W40/><G112/><T60/><D126/><U28/><E124/><V31/><F75/><W13/><G127/><T17/><D38/><U19/><E6/><V95/><F105/><W82/><G134/><T61/><D5/><U4/><E4/><V44/><F44/><N who="3" m="25991" /><G70/><T114/><D0/><U102/><E28/><V30/><F30/><W56/><G58/><N who="0" m="37303" /><D117/><U84/><E84/><V14/><REACH who="2" step="1"/><F33/><REACH who="2" ten="315,316,261,98" step="2"/><W116/><G116/><T87/><D114/><U133/><E133/><V2/><F2/><W63/><G62/><T41/><D17/><U107/><E34/><V27/><F27/><AGARI ba="0,1" hai="7,10,13,20,27,29,53,56,63,80,82" m="25991" machi="27" ten="30,1500,0" yaku="8,1" doraHai="71" who="3" fromWho="2" sc="315,0,316,0,261,-15,98,25" />
</Scene>
<Scene>
<INIT seed="7,1,0,2,3,34" ten="315,316,246,123" oya="3" hai0="1,132,18,27,79,24,98,121,93,31,48,45,63" hai1="75,6,2,23,116,72,106,11,51,90,94,33,53" hai2="99,28,15,5,7,78,135,124,112,86,133,4,84" hai3="70,122,108,111,117,115,123,47,66,128,12,97,129"/><W40/><G97/><T76/><D1/><U19/><E33/><V21/><F112/><W89/><G89/><N who="0" m="55599" /><D132/><N who="2" m="50762" /><F124/><W67/><G12/><T131/><D131/><N who="3" m="50249" /><G117/><T64/><D31/><U36/><E36/><V101/><F78/><W125/><G115/><T20/><D27/><U69/><E69/><V61/><F61/><N who="3" m="40271" /><G67/><T44/><D121/><N who="3" m="46089" /><G125/><T46/><D48/><AGARI ba="1,0" hai="40,47,48,108,111" m="46089,40271,50249" machi="48" ten="30,5800,0" yaku="19,1,34,2" doraHai="34" who="3" fromWho="0" sc="315,-61,316,0,246,0,123,61" />
</Scene>
<Scene>
<INIT seed="7,2,0,1,0,70" ten="254,316,246,184" oya="3" hai0="52,111,92,54,115,123,107,133,134,51,42,78,76" hai1="110,79,114,30,20,132,64,96,7,57,56,17,31" hai2="87,62,32,89,113,50,0,37,65,61,86,80,118" hai3="98,135,95,121,1,53,35,29,22,83,119,48,73"/><W44/><G121/><T12/><D107/><U120/><E110/><V106/><F118/><W100/><G119/><T39/><D111/><U85/><E7/><V82/><F32/><W116/><G116/><T46/><D123/><U8/><E114/><V126/><F106/><W45/><G35/><T125/><D125/><U19/><E96/><V94/><F0/><W36/><G1/><T108/><D108/><U71/><E71/><V14/><F113/><W41/><G135/><T77/><D115/><U27/><E132/><N who="0" m="50793" /><D51/><U127/><E64/><V34/><F34/><W84/><G73/><T68/><D68/><U93/><E79/><N who="2" m="46367" /><F37/><W105/><G105/><T9/><D92/><U103/><E93/><V49/><F126/><W33/><G33/><T129/><D129/><U10/><E127/><V60/><F65/><W15/><G29/><T55/><D55/><U23/><E30/><V90/><F14/><W74/><G74/><T40/><D40/><U101/><E120/><V38/><F38/><W67/><G67/><T21/><D21/><U16/><E23/><V4/><F4/><AGARI ba="2,0" hai="4,9,12,39,42,46,52,54,76,77,78" m="50793" machi="4" ten="30,3900,0" yaku="20,1,52,1,54,1" doraHai="70" who="0" fromWho="2" sc="254,45,316,0,246,-45,184,0" owari="299,10.0,316,42.0,201,-20.0,184,-32.0" />
</Scene>
</mjloggm>