<mjloggm ver="2.3"><GO type="169" lobby="0"/><UN n0="%E3%82%AE%E3%82%AC%E3%83%9E%E3%82%A4%E3%83%B3" n1="%E7%A5%9E%E8%8A%9D%E5%B1%85" n2="%E3%81%99%E3%81%9A%E3%82%81%E3%82%AF%E3%83%AC%E3%82%A4%E3%82%B8%E3%83%BC" n3="%6C%6F%4A%61%73%6B%69%6E" dan="17,17,19,16" rate="2186.89,2196.30,2274.87,2111.98" sx="M,M,M,F"/><TAIKYOKU oya="0"/>

<Scene>
<INIT seed="0,0,0,5,0,84" ten="250,250,250,250" oya="0" hai0="68,26,126,83,90,10,22,128,21,38,69,47,7" hai1="19,132,11,133,100,16,62,61,72,46,55,98,14" hai2="58,91,80,37,45,79,102,75,123,135,6,41,117" hai3="131,0,27,116,93,23,64,77,130,124,18,33,30"/><T78/><D128/><N who="3" m="49193" /><G116/><T60/><D126/><U35/><E72/><V24/><F135/><N who="1" m="51785" /><E35/><V56/><F123/><W110/><G77/><T119/><D119/><U63/><E46/><V114/><F102/><W82/><G82/><T99/><D60/><U48/><E48/><V97/><F114/><W1/><G64/><T121/><D121/><U112/><E112/><V32/><F117/><W95/><G110/><T25/><D22/><U34/><E34/><V107/><F24/><N who="3" m="14455" /><G124/><T118/><D26/><U44/><E44/><V31/><F31/><W88/><G95/><T129/><D118/><U20/><E55/><V109/><F32/><W122/><G122/><T2/><D129/><U94/><E20/><V13/><F107/><W5/><G5/><AGARI ba="0,0" hai="5,11,14,16,19,61,62,63,94,98,100" m="51785" machi="5" ten="30,2000,0" yaku="20,1,54,1" doraHai="84" who="1" fromWho="3" sc="250,0,250,20,250,0,250,-20" />
</Scene>
<Scene>
<INIT seed="1,0,0,3,0,40" ten="250,270,250,230" oya="1" hai0="68,23,16,78,18,52,84,83,51,12,113,33,17" hai1="25,107,22,50,29,1,121,24,9,3,5,64,62" hai2="59,128,28,63,120,96,119,108,27,92,117,58,14" hai3="82,110,11,2,30,35,133,31,4,41,45,61,100"/><U81/><E121/><V118/><F108/><W99/><G110/><T129/><D33/><U21/><E107/><V106/><F128/><W66/><G133/><T60/><D113/><U132/><E132/><V20/><F106/><W47/><G82/><T97/><D129/><U77/><E50/><V95/><F120/><W111/><G111/><T115/><D115/><U8/><E8/><V38/><F92/><W126/><G126/><T90/><D60/><U0/><E62/><V125/><F38/><W75/><G75/><T134/><D68/><U93/><E93/><V89/><F125/><W105/><G41/><T104/><D134/><U44/><E64/><V48/><F48/><W57/><REACH who="3" step="1"/><G35/><REACH who="3" ten="250,270,250,220" step="2"/><T6/><D6/><U73/><REACH who="1" step="1"/><E44/><AGARI ba="0,1" hai="2,4,11,30,31,44,45,47,57,61,66,99,100,105" machi="44" ten="40,8000,1" yaku="1,1,2,1,52,3,53,0" doraHai="40" doraHaiUra="88" who="3" fromWho="1" sc="250,0,270,-80,250,0,220,90" />
</Scene>
<Scene>
<INIT seed="2,0,0,3,2,92" ten="250,190,250,310" oya="2" hai0="21,53,119,45,4,72,0,11,75,46,103,121,27" hai1="56,39,120,37,77,58,98,70,74,115,65,43,100" hai2="78,49,29,73,111,13,26,3,71,68,59,97,69" hai3="5,32,81,22,133,118,28,116,66,110,131,90,9"/><V84/><F3/><W107/><G107/><T57/><D121/><U25/><E115/><V114/><F73/><W79/><G32/><T7/><D119/><U113/><E113/><V128/><F128/><W62/><G110/><T127/><D127/><U87/><E74/><V67/><F114/><W47/><G90/><T106/><D7/><U126/><E126/><V60/><F111/><W55/><G131/><T129/><D129/><U125/><E125/><V2/><F2/><W23/><G133/><T48/><D75/><U105/><E120/><V96/><F13/><W109/><G109/><T102/><D72/><U86/><E58/><V89/><F49/><W94/><G94/><T124/><D124/><U88/><E77/><V85/><F85/><N who="3" m="48319" /><G28/><T122/><D122/><U61/><E86/><V19/><F19/><W130/><G130/><T101/><REACH who="0" step="1"/><D106/><REACH who="0" ten="240,190,250,310" step="2"/><U95/><E43/><V51/><F78/><W10/><G118/><T63/><D63/><U38/><E70/><V15/><F15/><W34/><G62/><T36/><D36/><U35/><REACH who="1" step="1"/><E37/><REACH who="1" ten="240,180,250,310" step="2"/><V12/><F51/><W117/><G116/><T42/><D42/><U132/><E132/><V99/><F69/><W33/><G117/><T93/><D93/><U52/><E52/><V24/><F71/><W64/><G55/><T108/><D108/><U18/><E18/><AGARI ba="0,2" hai="0,4,11,18,21,27,45,46,48,53,57,101,102,103" machi="18" ten="40,1300,0" yaku="1,1,53,0" doraHai="92" doraHaiUra="80" who="0" fromWho="1" sc="240,33,180,-13,250,0,310,0" />
</Scene>
<Scene>
<INIT seed="3,0,0,5,5,40" ten="273,167,250,310" oya="3" hai0="135,27,113,66,91,4,46,116,112,19,101,117,56" hai1="16,111,97,59,80,124,133,58,14,127,83,36,17" hai2="0,75,126,15,28,34,43,53,123,92,96,134,32" hai3="103,45,77,125,10,87,79,81,128,38,90,2,129"/><W64/><G103/><T74/><D135/><U73/><E36/><V95/><F0/><W24/><G64/><T89/><D74/><U131/><E111/><V41/><F75/><W50/><G38/><T29/><D4/><U109/><E109/><V22/><F134/><W51/><G51/><T6/><D6/><U108/><E133/><V121/><F126/><N who="1" m="48169" /><E108/><V61/><F95/><W82/><G125/><T42/><D101/><U1/><E1/><V98/><F98/><W94/><G24/><T88/><D19/><N who="1" m="7243" /><E73/><V105/><F15/><W13/><G2/><T69/><D69/><U102/><E14/><V72/><F72/><W99/><G81/><N who="1" m="31306" /><E131/><V49/><F121/><W9/><G79/><T25/><D117/><U130/><E130/><N who="3" m="50282" /><G13/><T93/><D116/><U52/><E52/><AGARI ba="0,0" hai="9,10,45,50,52,77,82,87,90,94,99" m="50282" machi="52" ten="30,5800,0" yaku="19,1,52,1,54,1" doraHai="40" who="3" fromWho="1" sc="273,0,167,-58,250,0,310,58" />
</Scene>
<Scene>
<INIT seed="3,1,0,3,4,73" ten="273,109,250,368" oya="3" hai0="82,36,104,99,108,9,0,75,92,80,110,72,91" hai1="98,29,117,128,65,113,24,122,127,67,52,37,5" hai2="126,62,125,87,19,50,18,107,7,129,23,16,14" hai3="81,26,88,25,85,33,121,54,64,71,43,58,6"/><W22/><G121/><T15/><D36/><U60/><E37/><V46/><F107/><W78/><G33/><T124/><D0/><U132/><E113/><V97/><F97/><W44/><G6/><T53/><D53/><U59/><E122/><V131/><F62/><N who="3" m="37975" /><G71/><T63/><D63/><U134/><E127/><N who="2" m="48651" /><F87/><N who="3" m="48567" /><G43/><T48/><D124/><U47/><E128/><N who="2" m="49227" /><F7/><W89/><G89/><T30/><D91/><U27/><E117/><V79/><F79/><W135/><G85/><T2/><D104/><U51/><E5/><V28/><F28/><W112/><G88/><T119/><D30/><U70/><E98/><V31/><F31/><W109/><G112/><T41/><D99/><U21/><E27/><V83/><F83/><W120/><G25/><T86/><D82/><U100/><E100/><V116/><F116/><W84/><G120/><T94/><D80/><U39/><REACH who="1" step="1"/><E65/><REACH who="1" ten="273,99,250,368" step="2"/><V17/><F19/><W61/><G26/><T101/><D119/><U66/><E66/><V49/><F49/><W13/><G61/><T106/><D48/><U56/><E56/><V8/><F8/><W103/><G103/><T96/><D9/><U130/><E130/><V74/><F74/><W3/><G3/><T10/><D75/><U111/><E111/><V115/><F115/><W68/><G109/><T123/><D72/><U32/><E32/><V114/><F114/><W77/><G13/><T102/><D110/><U118/><E118/><V69/><F69/><W35/><G68/><T95/><D15/><U90/><E90/><V57/><F57/><W40/><G35/><T38/><D108/><RYUUKYOKU ba="1,1" sc="273,-15,99,15,250,15,368,-15" hai1="21,24,29,39,47,51,52,59,60,67,70,132,134" hai2="14,16,17,18,23,46,50" />
</Scene>
<Scene>
<INIT seed="4,2,1,2,1,37" ten="258,114,265,353" oya="0" hai0="18,39,15,89,8,55,79,101,126,134,60,45,63" hai1="44,32,127,5,23,3,36,26,104,66,10,81,11" hai2="68,17,131,107,130,85,100,13,117,65,30,61,24" hai3="86,64,121,118,82,34,91,76,93,83,54,38,106"/><T4/><D126/><U116/><E116/><V29/><F117/><W12/><G34/><T50/><D134/><U99/><E127/><V73/><F73/><W119/><G121/><T125/><D125/><U47/><E66/><V28/><F85/><W25/><G106/><T88/><D39/><U132/><E132/><V70/><F70/><W115/><G38/><T98/><D79/><U129/><E129/><N who="2" m="49163" /><F100/><W72/><G115/><T114/><D114/><U105/><E32/><N who="2" m="20487" /><F107/><W43/><G64/><T9/><D63/><U78/><E44/><V96/><F96/><W35/><G82/><T42/><D60/><U2/><E99/><V31/><F31/><W77/><G76/><T128/><D128/><U111/><E111/><V95/><F95/><W113/><G83/><T20/><D55/><U7/><E47/><V92/><F92/><W52/><G54/><T1/><REACH who="0" step="1"/><D8/><AGARI ba="2,1" hai="8,13,17,29,30,61,65,68" m="20487,49163" machi="8" ten="30,1000,0" yaku="19,1" doraHai="37" who="2" fromWho="0" sc="258,-16,114,0,265,26,353,0" />
</Scene>
<Scene>
<INIT seed="5,0,0,5,2,66" ten="242,114,291,353" oya="1" hai0="60,6,126,94,81,87,40,104,21,14,78,131,37" hai1="72,3,106,103,109,97,55,45,134,112,107,102,116" hai2="52,86,36,84,129,128,114,83,67,41,96,51,76" hai3="130,32,30,23,61,25,9,132,119,92,35,89,64"/><U11/><E116/><V1/><F1/><W0/><G119/><T38/><D104/><U42/><E55/><V118/><F114/><W82/><G132/><T120/><D131/><U28/><E28/><V121/><F121/><W46/><G82/><T50/><D126/><U100/><E134/><V91/><F96/><W39/><G130/><T117/><D117/><U48/><E112/><V17/><F67/><W57/><G0/><T5/><D120/><U115/><E115/><V47/><F118/><W88/><G9/><T24/><D60/><U101/><E109/><V62/><F62/><W68/><G89/><T77/><D77/><U71/><E72/><V90/><F17/><W10/><G10/><T31/><D38/><U49/><E49/><V93/><F76/><W99/><G57/><T8/><D37/><U108/><E108/><V16/><F16/><W26/><G25/><T105/><D105/><U44/><E44/><V70/><F70/><W19/><G19/><N who="0" m="8647" /><D94/><U33/><E33/><V98/><F98/><W54/><G54/><T75/><D75/><U74/><E74/><V110/><F110/><W80/><G80/><T63/><D63/><U135/><E135/><V79/><F79/><W111/><G111/><T43/><D50/><U65/><E107/><V15/><F129/><W56/><G56/><T2/><D2/><U20/><E20/><V7/><F128/><W73/><G73/><T95/><D95/><U123/><E123/><V58/><F36/><W125/><REACH who="3" step="1"/><G125/><REACH who="3" ten="242,114,291,343" step="2"/><T34/><D34/><U133/><E133/><V124/><F124/><W122/><G122/><RYUUKYOKU ba="0,1" sc="242,15,114,-15,291,-15,343,15" hai0="5,6,21,24,31,40,43,78,81,87" hai3="23,26,30,32,35,39,46,61,64,68,88,92,99" />
</Scene>
<Scene>
<INIT seed="6,1,1,3,2,46" ten="257,99,276,358" oya="2" hai0="7,95,59,101,14,44,130,62,9,114,127,122,31" hai1="55,17,135,88,29,3,115,124,18,83,79,54,49" hai2="11,42,19,105,126,56,96,75,69,58,65,23,8" hai3="134,111,39,45,120,86,36,28,102,129,85,34,32"/><V103/><F75/><W73/><G111/><T87/><D122/><U132/><E3/><V53/><F126/><W63/><G73/><T112/><D127/><U22/><E124/><V109/><F69/><W10/><G120/><T108/><D108/><U61/><E115/><N who="0" m="44073" /><D130/><U12/><E29/><V60/><F42/><W70/><G10/><T48/><D31/><U125/><E125/><V33/><F33/><W91/><G102/><T90/><D101/><U68/><E79/><V89/><F89/><W82/><G85/><T30/><D30/><U119/><E119/><V78/><F78/><W2/><G45/><T74/><D74/><U80/><E18/><V5/><F5/><W37/><G63/><T21/><D21/><U76/><E76/><V47/><F47/><W72/><G2/><T35/><D35/><U41/><E41/><V67/><F67/><W1/><G70/><T117/><D117/><U57/><E68/><V99/><F99/><W16/><G72/><T25/><D25/><U97/><E80/><V20/><F20/><W40/><G82/><T51/><D44/><U38/><E38/><V50/><F109/><W77/><G1/><T100/><D100/><U107/><E107/><V98/><F98/><W133/><G129/><T94/><D94/><N who="1" m="56519" /><E83/><V24/><AGARI ba="1,1" hai="8,11,19,23,24,50,53,56,58,60,65,96,103,105" machi="24" ten="20,3900,0" yaku="0,1,7,1,52,1" doraHai="46" who="2" fromWho="2" sc="257,-14,99,-14,276,52,358,-14" />
</Scene>
<Scene>
<INIT seed="6,2,0,0,1,7" ten="243,85,328,344" oya="2" hai0="134,37,11,27,132,94,70,105,53,19,84,4,25" hai1="128,8,28,69,106,93,102,125,71,47,38,119,123" hai2="115,1,78,48,113,109,104,39,46,24,64,74,110" hai3="77,66,73,42,12,87,72,9,121,96,60,116,100"/><V56/><F104/><W117/><G121/><T86/><D105/><U97/><E125/><V83/><F1/><W29/><G29/><T76/><D70/><U80/><E128/><V98/><F98/><W90/><G42/><T103/><D37/><U130/><E130/><V49/><F24/><N who="0" m="9290" /><D19/><U10/><E119/><V13/><F13/><W34/><G34/><T63/><D76/><U75/><E28/><V22/><F22/><W88/><G90/><T43/><D43/><U127/><E127/><V79/><F78/><W91/><G91/><T3/><D103/><U26/><E26/><V58/><F39/><W33/><G33/><T35/><D35/><U23/><E23/><V85/><F49/><W120/><G120/><T108/><D94/><U52/><E123/><V126/><F74/><W112/><G96/><T82/><D108/><N who="2" m="41578" /><F64/><W50/><G100/><T89/><D86/><U45/><E38/><V67/><F67/><W99/><G50/><T41/><D41/><U31/><E31/><V129/><F129/><W81/><G99/><T68/><D53/><U135/><E106/><V59/><F126/><W2/><G2/><T21/><D21/><U40/><E40/><AGARI ba="2,0" hai="40,46,48,56,58,59,79,83,85,113,115" m="41578" machi="40" ten="30,1500,0" yaku="10,1" doraHai="7" who="2" fromWho="1" sc="243,0,85,-21,328,21,344,0" />
</Scene>
<Scene>
<INIT seed="6,3,0,3,2,31" ten="243,64,349,344" oya="2" hai0="21,18,93,80,84,0,32,11,40,114,28,57,39" hai1="72,12,101,29,67,74,103,82,121,68,66,19,119" hai2="99,7,13,115,132,41,69,87,37,48,112,104,44" hai3="94,14,65,88,25,123,22,15,60,26,71,54,9"/><V108/><F69/><W47/><G123/><T8/><D114/><U107/><E119/><V36/><F132/><W75/><G75/><T118/><D118/><U61/><E121/><V98/><F108/><W96/><G25/><T46/><D93/><U51/><E67/><V89/><F7/><W85/><G15/><T33/><D28/><U10/><E107/><V62/><F62/><W55/><G47/><T100/><D100/><U95/><E82/><V97/><F13/><W34/><G96/><T102/><D102/><U127/><E127/><V73/><F73/><W76/><G76/><T23/><D57/><U111/><E111/><V24/><F24/><W53/><G34/><T90/><D23/><U134/><E134/><V79/><F79/><W110/><G110/><T120/><D120/><U30/><E74/><V113/><F104/><W105/><G105/><T42/><D42/><U129/><E72/><V45/><F44/><W109/><G109/><T64/><D64/><U3/><E129/><V1/><F1/><W126/><G126/><T92/><D80/><AGARI ba="3,0" hai="36,37,41,45,48,80,87,89,97,98,99,112,113,115" machi="80" ten="50,2400,0" yaku="15,1" doraHai="31" who="2" fromWho="0" sc="243,-33,64,0,349,33,344,0" />
</Scene>
<Scene>
<INIT seed="6,4,0,5,0,26" ten="210,64,382,344" oya="2" hai0="117,35,61,54,41,50,62,101,33,119,51,44,123" hai1="12,43,80,1,95,45,18,118,103,46,135,40,38" hai2="125,55,113,57,68,116,36,14,112,73,100,86,96" hai3="63,122,127,111,114,102,10,99,66,108,59,107,3"/><V88/><F73/><W97/><G122/><T48/><D101/><U15/><E135/><V76/><F68/><W90/><G127/><T75/><D75/><U24/><E118/><N who="0" m="45065" /><D35/><U67/><E1/><V129/><F116/><W115/><G3/><T22/><D33/><U16/><E67/><V79/><F36/><W132/><G10/><T72/><D72/><U69/><E69/><V27/><F125/><W0/><G0/><T64/><D22/><U11/><E80/><V25/><F14/><W124/><G132/><T105/><D105/><U20/><E103/><V28/><F27/><W4/><G4/><T131/><D123/><U2/><E2/><V13/><F13/><W133/><G133/><T84/><D84/><U130/><E130/><V83/><F129/><W17/><G17/><T70/><D131/><U92/><REACH who="1" step="1"/><E24/><REACH who="1" ten="210,54,382,344" step="2"/><V19/><F100/><W29/><G124/><T23/><D70/><U94/><E94/><V31/><F112/><N who="3" m="43051" /><G111/><T134/><D134/><U126/><E126/><V106/><F113/><W7/><G108/><T39/><D64/><U53/><E53/><V21/><F106/><W71/><G71/><T110/><D110/><U120/><E120/><V78/><F78/><W37/><G102/><T98/><D54/><U58/><E58/><V82/><F79/><W85/><G107/><T104/><D104/><U109/><E109/><V121/><F121/><W34/><G66/><T47/><D47/><U49/><AGARI ba="4,1" hai="11,12,15,16,18,20,38,40,43,45,46,49,92,95" machi="49" ten="20,5200,0" yaku="1,1,0,1,7,1,54,1,53,0" doraHai="26" doraHaiUra="128" who="1" fromWho="1" sc="210,-17,54,74,382,-30,344,-17" />
</Scene>
<Scene>
<INIT seed="7,0,0,1,2,2" ten="193,128,352,327" oya="3" hai0="96,28,97,99,71,51,19,107,100,125,10,112,49" hai1="81,34,121,116,76,45,86,62,23,52,113,1,67" hai2="91,92,0,32,98,21,105,120,133,88,22,27,13" hai3="3,85,73,75,102,90,59,44,15,40,130,42,12"/><W56/><G3/><T41/><D71/><U47/><E113/><V83/><F0/><W43/><G130/><T84/><D125/><U8/><E121/><V74/><F120/><W33/><G33/><T58/><D112/><U48/><E34/><V82/><F133/><W94/><G102/><T29/><D107/><U123/><E123/><V4/><F105/><W126/><G126/><T46/><D100/><U135/><E135/><V72/><F32/><W63/><G44/><N who="0" m="25743" /><D58/><U132/><E132/><V53/><F74/><W65/><REACH who="3" step="1"/><G56/><REACH who="3" ten="193,128,352,317" step="2"/><T128/><D128/><U115/><E115/><V117/><F117/><W69/><G69/><T20/><D10/><U61/><E116/><V37/><F37/><W80/><G80/><T122/><D122/><U30/><E47/><V70/><F70/><W7/><G7/><T134/><D134/><U14/><E1/><V127/><F127/><W38/><G38/><T17/><D46/><U55/><E55/><V18/><F4/><W79/><G79/><T36/><D36/><U109/><E109/><V60/><F91/><W6/><G6/><T118/><D118/><U50/><E50/><V114/><F114/><W103/><G103/><T68/><D51/><U104/><E104/><V25/><F72/><AGARI ba="0,1" hai="12,15,40,42,43,59,63,65,72,73,75,85,90,94" machi="72" ten="40,2000,0" yaku="1,1,53,0" doraHai="2" doraHaiUra="124" who="3" fromWho="2" sc="193,0,128,0,352,-20,317,30" owari="193,-21.0,128,-37.0,332,13.0,347,45.0" />
</Scene>
</mjloggm>