<mjloggm ver="2.3"><GO type="169" lobby="0"/><UN n0="%70%69%2D%70%6F" n1="%E3%81%88%E3%81%A0%E2%98%86%E3%81%BE%E3%82%81" n2="%E9%8A%80%E3%81%B0%E3%81%95%E3%81%BF" n3="%E3%81%99%E3%81%9A%E3%82%81%E3%82%AF%E3%83%AC%E3%82%A4%E3%82%B8%E3%83%BC" dan="17,16,18,19" rate="2198.89,2107.00,2191.51,2244.78" sx="M,M,M,M"/><TAIKYOKU oya="0"/>

<Scene>
<INIT seed="0,0,0,0,5,63" ten="250,250,250,250" oya="0" hai0="42,106,71,109,92,18,9,118,28,52,26,90,68" hai1="134,49,1,0,130,55,119,53,124,121,54,96,82" hai2="21,65,66,100,107,125,61,58,22,8,120,83,84" hai3="104,101,36,19,127,25,2,131,122,57,97,74,59"/><T45/><D118/><U41/><E119/><V126/><F120/><W13/><G2/><T86/><D106/><U16/><E121/><V80/><F8/><W95/><G36/><T114/><D114/><U31/><E31/><V10/><F10/><W3/><G3/><T112/><D112/><U123/><E123/><V91/><F83/><W73/><G131/><T37/><D109/><U89/><E1/><V133/><F133/><W43/><G43/><T56/><D18/><U110/><E0/><V79/><F79/><W98/><G25/><T4/><D9/><U117/><E117/><V14/><F14/><W115/><G127/><N who="2" m="48649" /><F100/><W99/><G99/><T20/><REACH who="0" step="1"/><D4/><REACH who="0" ten="240,250,250,250" step="2"/><U47/><E110/><V94/><F107/><W129/><G115/><T6/><D6/><U38/><E124/><V23/><F94/><W35/><G104/><T44/><D44/><U105/><E105/><V70/><F70/><W111/><G95/><T72/><D72/><U103/><E134/><V51/><F51/><AGARI ba="0,1" hai="20,26,28,37,42,45,51,52,56,68,71,86,90,92" machi="51" ten="30,5800,0" yaku="1,1,7,1,54,1,53,0" doraHai="63" doraHaiUra="7" who="0" fromWho="2" sc="240,68,250,0,250,-58,250,0" />
</Scene>
<Scene>
<INIT seed="0,1,0,4,4,15" ten="308,250,192,250" oya="0" hai0="108,95,100,82,71,109,120,94,72,54,12,92,39" hai1="57,18,86,122,80,76,28,41,104,128,5,56,113" hai2="127,77,4,107,50,73,63,33,126,67,9,132,85" hai3="99,65,1,52,22,124,21,31,101,36,43,81,112"/><T88/><D71/><U62/><E104/><V119/><F107/><W11/><G124/><N who="2" m="47657" /><F33/><W131/><G131/><T125/><D125/><U93/><E28/><V2/><F132/><W30/><G65/><T58/><D120/><U134/><E122/><V37/><F37/><W32/><G43/><T19/><D39/><U34/><E34/><V69/><F119/><W91/><G36/><T84/><D72/><U130/><E41/><V49/><F73/><W8/><G1/><T6/><D6/><U97/><E5/><V111/><F111/><N who="0" m="42570" /><D100/><U35/><E35/><V51/><F85/><W45/><G101/><T23/><D82/><U10/><E134/><V98/><F98/><W70/><G32/><T53/><D53/><U133/><E133/><V16/><F77/><W74/><G70/><T13/><D13/><N who="1" m="7479" /><E113/><V26/><F26/><W20/><G74/><T40/><D40/><U78/><E78/><V79/><F79/><W38/><G112/><T27/><D12/><U103/><E62/><AGARI ba="1,0" hai="19,23,27,54,58,62,84,88,92,94,95" m="42570" machi="62" ten="30,11600,0" yaku="14,1,10,1,52,1,54,1" doraHai="15" who="0" fromWho="1" sc="308,119,250,-119,192,0,250,0" />
</Scene>
<Scene>
<INIT seed="0,2,0,0,5,65" ten="427,131,192,250" oya="0" hai0="113,93,68,85,14,60,102,0,38,47,28,109,110" hai1="58,121,64,100,27,51,13,33,107,97,115,16,103" hai2="72,117,22,8,101,80,17,5,118,129,116,105,66" hai3="104,40,49,36,81,29,46,130,76,63,41,37,23"/><T125/><D113/><U56/><E121/><V6/><F129/><W20/><G104/><T55/><D0/><U53/><E115/><V43/><F43/><W57/><G130/><T122/><D122/><U135/><E103/><V99/><F8/><W71/><G29/><T96/><D125/><U52/><E135/><V90/><F66/><N who="3" m="41439" /><G37/><T123/><D123/><U127/><E127/><V95/><F80/><W26/><G26/><T35/><D14/><U77/><E77/><V9/><F9/><W48/><G48/><N who="0" m="29087" /><D38/><U25/><E64/><V50/><F50/><W54/><G41/><T124/><D124/><U10/><E33/><V70/><F72/><AGARI ba="2,0" hai="20,23,36,40,46,49,54,57,72,76,81" m="41439" machi="72" ten="30,2000,0" yaku="24,1,52,1" doraHai="65" who="3" fromWho="2" sc="427,0,131,0,192,-26,250,26" />
</Scene>
<Scene>
<INIT seed="1,0,0,0,1,46" ten="427,131,166,276" oya="1" hai0="66,64,101,124,53,35,5,42,69,56,7,40,31" hai1="73,34,27,43,49,115,22,6,89,44,107,106,12" hai2="131,100,116,88,82,79,9,39,120,51,25,4,119" hai3="45,99,126,92,58,95,118,127,29,17,68,1,132"/><U78/><E115/><V19/><F39/><W33/><G68/><T59/><D101/><U3/><E89/><V90/><F120/><W125/><G1/><T74/><D74/><U23/><E23/><V28/><F19/><W71/><G71/><T109/><D109/><U21/><E21/><V38/><F38/><W85/><G132/><T15/><D69/><U93/><E93/><V114/><F131/><W8/><G118/><T110/><D110/><U16/><E78/><V13/><F114/><W91/><G45/><T62/><D124/><U84/><E84/><V55/><F100/><W57/><G17/><T47/><D64/><U70/><E73/><V50/><F116/><W67/><G67/><T2/><D2/><U80/><E80/><V11/><F11/><W103/><G8/><T129/><D31/><N who="1" m="19839" /><E70/><V128/><F119/><W134/><G134/><T102/><D35/><U108/><E108/><V36/><F36/><W14/><G14/><T133/><D133/><U63/><E63/><V113/><F113/><W41/><G41/><T123/><D15/><U76/><E76/><V122/><F122/><W97/><REACH who="3" step="1"/><G85/><REACH who="3" ten="427,131,166,266" step="2"/><T65/><D65/><U135/><E135/><V10/><F10/><AGARI ba="0,1" hai="3,6,10,12,16,22,43,44,49,106,107" m="19839" machi="10" ten="30,5800,0" yaku="24,1,52,1,54,1" doraHai="46" who="1" fromWho="2" sc="427,0,131,68,166,-58,266,0" />
</Scene>
<Scene>
<INIT seed="1,1,0,0,2,32" ten="427,199,108,266" oya="1" hai0="85,78,97,33,55,56,113,73,18,8,64,17,35" hai1="0,120,49,30,116,50,23,29,126,45,2,99,114" hai2="95,13,96,98,36,67,108,134,103,107,58,20,68" hai3="71,46,3,61,77,53,124,118,125,25,5,34,54"/><U26/><E120/><V80/><F36/><W52/><G77/><T1/><D73/><U76/><E116/><V6/><F68/><W69/><G118/><T75/><D75/><U15/><E114/><V38/><F38/><W65/><G71/><T48/><D113/><U51/><E126/><N who="3" m="48746" /><G46/><T109/><D109/><U127/><E127/><V89/><F108/><W111/><G111/><T21/><D64/><U57/><E76/><V130/><F130/><W129/><G129/><T40/><D40/><U11/><E30/><V132/><F80/><W94/><G94/><T83/><D97/><U28/><E28/><V131/><F131/><W88/><G88/><T62/><D62/><U105/><E45/><V110/><F110/><W119/><G119/><T104/><D104/><U100/><REACH who="1" step="1"/><E57/><REACH who="1" ten="427,189,108,266" step="2"/><V9/><F58/><W133/><G133/><T70/><D70/><U60/><E60/><V42/><F132/><W128/><G128/><T84/><D78/><U16/><AGARI ba="1,1" hai="0,2,11,15,16,23,26,29,49,50,51,99,100,105" machi="16" ten="30,12000,1" yaku="1,1,0,1,52,2,54,1,53,0" doraHai="32" doraHaiUra="91" who="1" fromWho="1" sc="427,-41,189,133,108,-41,266,-41" />
</Scene>
<Scene>
<INIT seed="1,2,0,2,5,132" ten="386,322,67,225" oya="1" hai0="47,16,95,55,64,49,40,4,32,111,48,67,101" hai1="123,92,2,18,97,25,53,112,84,83,41,81,63" hai2="19,71,91,118,14,96,66,22,26,15,54,120,130" hai3="61,134,78,108,50,127,94,87,80,114,104,62,3"/><U30/><E2/><V59/><F118/><W129/><G114/><T42/><D32/><U38/><E112/><V93/><F120/><W24/><G3/><T0/><D111/><U51/><E123/><V70/><F130/><W46/><G134/><T119/><D119/><U23/><E63/><V74/><F74/><W11/><G104/><T57/><D42/><U75/><E75/><V12/><REACH who="2" step="1"/><F66/><REACH who="2" ten="386,322,57,225" step="2"/><W34/><G129/><T116/><D116/><U126/><E126/><V33/><F33/><W8/><G34/><T35/><D35/><U89/><E84/><V85/><F85/><W68/><G127/><T133/><D133/><U44/><E30/><V107/><F107/><W39/><G108/><T110/><D110/><U73/><E73/><V10/><F10/><W102/><G8/><T31/><D31/><U86/><E86/><V52/><F52/><W125/><G11/><T135/><D135/><U117/><E117/><V99/><F99/><W103/><G125/><T58/><D64/><U21/><E21/><V36/><F36/><W27/><G39/><T79/><D67/><U56/><AGARI ba="2,1" hai="18,23,25,38,41,44,51,53,56,81,83,89,92,97" machi="56" ten="20,2100,0" yaku="0,1,7,1" doraHai="132" who="1" fromWho="1" sc="386,-9,322,37,57,-9,225,-9" />
</Scene>
<Scene>
<INIT seed="1,3,0,2,2,21" ten="377,359,48,216" oya="1" hai0="134,62,58,52,112,71,108,113,34,128,26,72,25" hai1="77,20,86,125,33,54,124,41,79,101,44,92,81" hai2="120,17,30,130,99,53,48,74,121,19,117,65,105" hai3="67,115,93,0,32,76,133,3,127,135,15,29,7"/><U13/><E33/><V107/><F74/><W23/><G76/><T12/><D108/><U63/><E79/><V91/><F117/><W49/><G67/><T88/><D34/><U106/><E106/><V11/><F65/><W69/><G49/><T45/><D72/><U2/><E2/><V22/><F130/><W38/><G93/><T119/><D119/><U123/><E123/><V96/><F30/><W90/><G90/><T5/><D71/><U28/><E101/><V50/><F91/><W57/><G57/><T55/><D128/><U104/><E104/><V116/><F116/><W102/><G38/><T9/><D134/><U61/><E92/><V95/><F22/><W27/><G69/><T122/><D122/><U80/><E80/><V85/><F95/><W4/><G102/><T14/><D14/><U75/><E75/><V132/><F11/><N who="3" m="2463" /><G127/><N who="1" m="48714" /><E54/><V66/><F53/><W87/><G87/><T110/><D110/><U82/><E82/><V78/><F66/><W42/><G115/><T118/><D118/><U89/><E89/><V40/><F78/><W97/><G97/><T43/><D55/><U31/><E63/><V70/><F85/><W129/><G129/><T46/><D88/><N who="1" m="51279" /><E61/><V98/><F98/><W16/><G42/><T36/><REACH who="0" step="1"/><D46/><REACH who="0" ten="367,359,48,216" step="2"/><U35/><E35/><V51/><F40/><W68/><G68/><T111/><D111/><U39/><E77/><V64/><F70/><W10/><AGARI ba="3,1" hai="0,7,10,15,16,23,27,29,32,133,135" m="2463" machi="10" ten="30,8000,1" yaku="24,1,34,2,52,1,54,1" doraHai="21" who="3" fromWho="3" sc="367,-23,359,-43,48,-23,216,99" />
</Scene>
<Scene>
<INIT seed="2,0,0,1,4,31" ten="344,316,25,315" oya="2" hai0="119,50,37,56,4,13,121,21,12,47,9,10,18" hai1="110,74,14,118,1,17,86,116,45,90,25,52,77" hai2="0,2,38,46,124,106,129,108,111,101,78,36,100" hai3="91,97,55,32,51,68,102,84,112,95,76,128,115"/><V114/><F114/><N who="3" m="43563" /><G68/><T57/><D121/><U16/><E1/><N who="2" m="619" /><F78/><W62/><G128/><T122/><D122/><U71/><E110/><N who="2" m="42027" /><F129/><W11/><G11/><T20/><D37/><N who="2" m="14442" /><F46/><N who="3" m="28151" /><G32/><T40/><D119/><U49/><E71/><V7/><F7/><W48/><G62/><T134/><D134/><U96/><E74/><V33/><F124/><W65/><G65/><T8/><D8/><U75/><E75/><V44/><F44/><W131/><G131/><T70/><D70/><U104/><E77/><V15/><F15/><W87/><G76/><T22/><AGARI ba="0,0" hai="4,9,10,12,13,18,20,21,22,40,47,50,56,57" machi="22" ten="30,2000,0" yaku="0,1,8,1" doraHai="31" who="0" fromWho="0" sc="344,20,316,-5,25,-10,315,-5" />
</Scene>
<Scene>
<INIT seed="3,0,0,2,0,47" ten="364,311,15,310" oya="3" hai0="0,103,19,87,57,38,86,74,100,24,89,59,80" hai1="90,62,128,20,53,11,64,99,134,88,42,98,48" hai2="43,14,81,27,37,54,40,129,29,18,117,133,4" hai3="56,101,31,91,5,84,69,94,75,119,9,68,33"/><W73/><G119/><T106/><D74/><U8/><E134/><V126/><F117/><W2/><G101/><N who="0" m="38987" /><D38/><U46/><E128/><V10/><F129/><W1/><G1/><T127/><D0/><U97/><E20/><V83/><F133/><W109/><G109/><T82/><D127/><U76/><E76/><V67/><F126/><W77/><G77/><N who="0" m="46351" /><D106/><U34/><E34/><V51/><F67/><W60/><G31/><T65/><D65/><U58/><E64/><V130/><F130/><W39/><G39/><T132/><D132/><U41/><E41/><V111/><F111/><W26/><G26/><T113/><D113/><U3/><E3/><V28/><F4/><W6/><G33/><T16/><D24/><U123/><E123/><V32/><F29/><W22/><G22/><T15/><D19/><U124/><E124/><V93/><F93/><W116/><G6/><T49/><D49/><U12/><E11/><AGARI ba="0,0" hai="11,15,16,57,59,82,87,89" m="46351,38987" machi="11" ten="30,2000,0" yaku="8,1,54,1" doraHai="47" who="0" fromWho="1" sc="364,20,311,-20,15,0,310,0" />
</Scene>
<Scene>
<INIT seed="4,0,0,5,5,24" ten="384,291,15,310" oya="0" hai0="56,119,134,86,17,18,121,10,35,126,29,101,81" hai1="74,89,44,45,78,31,13,93,104,97,98,127,116" hai2="67,83,88,62,6,38,59,128,30,106,115,123,92" hai3="47,80,15,111,113,84,36,60,64,87,79,102,95"/><T117/><D121/><U70/><E70/><V3/><F123/><W48/><G113/><T40/><D126/><U132/><E127/><V7/><F106/><W94/><G36/><T110/><D134/><U14/><E132/><V50/><F38/><W8/><G102/><T135/><D135/><U26/><E116/><V27/><F3/><W100/><G100/><T33/><D101/><U43/><E104/><V1/><F1/><W66/><G111/><T131/><D131/><U122/><E98/><V99/><F115/><W39/><G39/><T71/><D71/><U85/><E122/><V107/><F107/><W129/><G129/><T32/><D110/><U20/><E74/><V37/><F37/><W114/><G114/><T118/><D40/><U53/><E53/><V19/><F128/><W77/><G77/><T54/><D10/><U42/><E42/><V0/><F0/><W49/><G49/><T133/><D29/><U21/><E43/><V58/><F19/><W34/><G34/><T51/><REACH who="0" step="1"/><D133/><REACH who="0" ten="374,291,15,310" step="2"/><U11/><E21/><N who="2" m="15727" /><F83/><W76/><G80/><T124/><D124/><U63/><E11/><V65/><F65/><W69/><G66/><T91/><AGARI ba="0,1" hai="17,18,32,33,35,51,54,56,81,86,91,117,118,119" machi="91" ten="40,3900,0" yaku="1,1,0,1,53,0" doraHai="24" doraHaiUra="105" who="0" fromWho="0" sc="374,49,291,-13,15,-13,310,-13" />
</Scene>
<Scene>
<INIT seed="4,1,0,3,1,48" ten="423,278,2,297" oya="0" hai0="54,98,47,46,27,64,40,21,88,20,116,35,68" hai1="63,41,44,76,82,102,97,112,53,38,26,105,96" hai2="57,123,25,24,119,87,133,69,77,5,50,14,118" hai3="61,65,86,94,124,121,67,39,59,56,34,131,91"/><T81/><D116/><N who="2" m="44586" /><F69/><W111/><G111/><T10/><D35/><U1/><E1/><V60/><F123/><W17/><G39/><T55/><D68/><U85/><E112/><V93/><F133/><W3/><G3/><T52/><D64/><U12/><E97/><V132/><F132/><W18/><G34/><T99/><D10/><U16/><E26/><V103/><F50/><W36/><G131/><T78/><D21/><U2/><E2/><V92/><F5/><W66/><G36/><T7/><D7/><U62/><REACH who="1" step="1"/><E53/><REACH who="1" ten="423,268,2,297" step="2"/><N who="2" m="33839" /><F14/><W23/><G121/><T128/><D98/><U31/><E31/><V114/><F114/><W6/><G124/><T79/><D128/><U72/><E72/><V125/><F125/><W134/><G134/><T89/><D99/><U80/><E80/><N who="2" m="47503" /><F103/><W83/><G6/><T28/><D81/><U120/><E120/><V19/><F25/><N who="3" m="14575" /><G18/><T126/><D126/><U74/><E74/><V130/><F130/><W29/><G29/><T108/><D28/><U58/><E58/><V127/><F127/><W0/><G0/><T84/><D27/><U42/><E42/><V122/><F122/><W43/><G43/><T30/><D40/><U37/><E37/><V71/><F71/><W115/><G115/><T33/><D30/><U15/><E15/><V104/><F104/><W13/><G13/><T129/><D129/><U22/><AGARI ba="1,1" hai="12,16,22,38,41,44,62,63,76,82,85,96,102,105" machi="22" ten="20,8000,1" yaku="1,1,0,1,7,1,54,1,53,1" doraHai="48" doraHaiUra="75" who="1" fromWho="1" sc="423,-41,268,93,2,-21,297,-21" owari="382,48.0,361,16.0,-19,-52.0,276,-12.0" />
</Scene>
</mjloggm>