<mjloggm ver="2.3"><GO type="169" lobby="0"/><UN n0="%E3%81%99%E3%81%9A%E3%82%81%E3%82%AF%E3%83%AC%E3%82%A4%E3%82%B8%E3%83%BC" n1="%E8%B1%86%E7%89%B9%EF%BC%A0%E6%B2%B3%E6%9D%91%E8%BB%8D%E5%9B%A3" n2="%E3%81%BE%E3%82%8B%E3%81%9F%E3%82%8D%E3%81%86" n3="%E3%83%96%E3%83%A9%E3%83%95%E3%83%BB%4E%61%76%69" dan="19,17,16,16" rate="2271.30,2139.44,2101.30,2168.42" sx="M,M,M,M"/><TAIKYOKU oya="0"/>

<Scene>
<INIT seed="0,0,0,5,2,28" ten="250,250,250,250" oya="0" hai0="35,36,23,7,87,39,71,125,75,94,112,16,105" hai1="103,99,32,110,85,17,98,100,34,43,14,57,18" hai2="21,26,65,90,131,63,97,88,118,89,123,55,84" hai3="52,47,37,68,22,8,76,11,38,77,74,19,40"/><T129/><D105/><U81/><E43/><V53/><F123/><W42/><G68/><T80/><D112/><U20/><E110/><V50/><F131/><W1/><G40/><T117/><D71/><U115/><E115/><V92/><F118/><W54/><G38/><T109/><D117/><U2/><E2/><V73/><F73/><W49/><G54/><T122/><D122/><U133/><E133/><V86/><F65/><W51/><G51/><T104/><D104/><U46/><E46/><N who="2" m="27863" /><F63/><W15/><G74/><T101/><D35/><U27/><E57/><V78/><F55/><W91/><G91/><N who="2" m="34889" /><F78/><W64/><G64/><T113/><D109/><U106/><E85/><V62/><F62/><W5/><REACH who="3" step="1"/><G8/><REACH who="3" ten="250,250,250,240" step="2"/><T102/><D75/><U60/><E60/><V69/><F69/><W95/><G95/><T82/><D39/><U126/><E81/><V66/><F66/><W67/><G67/><T132/><D36/><U130/><E130/><V121/><F121/><W119/><G119/><T107/><D129/><U56/><E56/><AGARI ba="0,1" hai="1,5,11,15,19,22,37,42,47,49,52,56,76,77" machi="56" ten="30,7700,0" yaku="1,1,7,1,54,1,53,1" doraHai="28" doraHaiUra="45" who="3" fromWho="1" sc="250,0,250,-77,250,0,240,87" />
</Scene>
<Scene>
<INIT seed="1,0,0,2,5,102" ten="250,173,250,327" oya="1" hai0="84,129,101,78,91,104,105,2,94,122,24,44,66" hai1="46,58,57,25,118,70,19,3,115,69,26,53,1" hai2="123,45,95,47,98,17,83,37,64,51,60,90,82" hai3="42,73,119,80,21,31,127,108,65,12,93,11,124"/><U132/><E118/><V100/><F123/><W97/><G108/><T76/><D2/><U109/><E115/><V107/><F37/><W32/><G32/><T86/><D66/><U6/><E109/><V10/><F10/><W54/><G65/><T62/><D62/><U128/><E128/><V4/><F17/><W67/><G67/><T99/><D44/><U110/><E110/><V35/><F35/><W135/><G42/><T88/><D24/><U15/><E132/><V7/><F82/><W0/><G0/><T23/><D23/><U27/><E3/><V29/><F83/><W55/><G135/><T43/><D43/><U56/><E6/><V71/><F29/><W61/><G21/><T85/><D129/><U125/><E1/><V38/><F38/><W103/><G31/><T34/><D34/><U33/><E33/><V48/><F51/><W87/><G73/><T68/><D68/><U134/><E134/><V8/><F8/><W63/><G119/><T79/><D122/><U20/><REACH who="1" step="1"/><E125/><REACH who="1" ten="250,163,250,327" step="2"/><V77/><F77/><W13/><G127/><T126/><D126/><U114/><E114/><V16/><F7/><W106/><G124/><T22/><D22/><U50/><AGARI ba="0,1" hai="15,19,20,25,26,27,46,50,53,56,57,58,69,70" machi="50" ten="40,3900,0" yaku="1,1,0,1,53,0" doraHai="102" doraHaiUra="72" who="1" fromWho="1" sc="250,-13,163,49,250,-13,327,-13" />
</Scene>
<Scene>
<INIT seed="1,1,0,0,0,78" ten="237,212,237,314" oya="1" hai0="48,95,126,129,61,124,4,102,83,17,110,121,75" hai1="12,21,114,72,85,81,79,107,131,93,57,30,55" hai2="40,120,99,115,13,27,67,68,111,36,90,117,41" hai3="125,53,8,82,1,35,24,123,25,32,89,9,50"/><U51/><E107/><V134/><F117/><W7/><G123/><T92/><D4/><U60/><E114/><V97/><F120/><W59/><G125/><T66/><D121/><U74/><E131/><V34/><F111/><W63/><G9/><T23/><D110/><U16/><E30/><V10/><F134/><W91/><G91/><T39/><D39/><U69/><REACH who="1" step="1"/><E93/><REACH who="1" ten="237,202,237,314" step="2"/><V133/><F115/><W62/><G32/><T98/><D95/><U26/><E26/><V87/><F34/><W29/><REACH who="3" step="1"/><G25/><REACH who="3" ten="237,202,237,304" step="2"/><T118/><D126/><U3/><E3/><V119/><F27/><W28/><G28/><T108/><D124/><U77/><E77/><V47/><F119/><W113/><G113/><T130/><D118/><U31/><E31/><V20/><F133/><W22/><G22/><T64/><D108/><U103/><E103/><V86/><F20/><W128/><G128/><T101/><D130/><U49/><E49/><V42/><F36/><W58/><G58/><T38/><D102/><U45/><E45/><V15/><F47/><W88/><G88/><T5/><D38/><U135/><E135/><V43/><F90/><W71/><G71/><T18/><D23/><U106/><E106/><V96/><F68/><W84/><AGARI ba="1,2" hai="1,7,8,24,29,35,50,53,59,62,63,82,84,89" machi="84" ten="30,7900,0" yaku="1,1,0,1,52,1,53,1" doraHai="78" doraHaiUra="54" who="3" fromWho="3" sc="237,-21,202,-40,237,-21,304,102" />
</Scene>
<Scene>
<INIT seed="2,0,0,3,2,39" ten="216,162,216,406" oya="2" hai0="59,111,50,37,130,58,85,95,104,35,86,70,120" hai1="99,131,90,134,48,68,127,66,106,61,88,72,81" hai2="128,18,19,34,45,107,13,73,17,93,21,103,43" hai3="69,12,31,133,41,8,82,56,23,2,97,1,27"/><V77/><F107/><W118/><G69/><T51/><D104/><U40/><E131/><V0/><F34/><W26/><G118/><T16/><D70/><U109/><E134/><V114/><F0/><W22/><G133/><T14/><D37/><U92/><E127/><V78/><F114/><W67/><G82/><T83/><D111/><U65/><E109/><V5/><F128/><W20/><G97/><T33/><D120/><U57/><E106/><V110/><F110/><W32/><G41/><T47/><D51/><U119/><E119/><V94/><F5/><N who="3" m="3087" /><G56/><T29/><D29/><U71/><E65/><V28/><F28/><N who="3" m="17479" /><G67/><T3/><D3/><AGARI ba="0,0" hai="1,2,3,22,23,27,31,32" m="17479,3087" machi="3" ten="30,8000,1" yaku="35,5" doraHai="39" who="3" fromWho="0" sc="216,-80,162,0,216,0,406,80" />
</Scene>
<Scene>
<INIT seed="3,0,0,2,5,79" ten="136,162,216,486" oya="3" hai0="81,10,67,4,29,31,1,124,125,49,2,73,131" hai1="68,42,129,58,34,14,30,17,96,15,37,78,109" hai2="103,118,8,89,108,60,91,119,39,87,62,20,71" hai3="43,52,70,102,117,22,41,59,104,44,86,45,128"/><W40/><G70/><T123/><D67/><U80/><E68/><V13/><F39/><W50/><G117/><T32/><D123/><U5/><E129/><V33/><F33/><W6/><G128/><T63/><D131/><U93/><E109/><V130/><F108/><W106/><G6/><T3/><D63/><U55/><E34/><V113/><F113/><W112/><G112/><T65/><D65/><U115/><E30/><V23/><F103/><W95/><G106/><T9/><D49/><U74/><E115/><V38/><F38/><W135/><G104/><T48/><D48/><U121/><E121/><V111/><F111/><W47/><G135/><T28/><D32/><U97/><E37/><V83/><F130/><W75/><G75/><T90/><D4/><U21/><E42/><V101/><F101/><W27/><G102/><T122/><D122/><U16/><E5/><V66/><F62/><W72/><G72/><T88/><D81/><U107/><E93/><V116/><REACH who="2" step="1"/><F91/><REACH who="2" ten="136,162,206,486" step="2"/><N who="0" m="34858" /><D73/><U133/><E133/><V0/><F0/><W105/><G105/><T56/><D56/><U76/><E107/><V53/><F53/><W69/><G44/><T25/><D25/><U82/><E58/><V92/><F92/><W51/><G69/><T64/><D64/><U35/><E55/><V24/><F24/><W18/><G59/><T36/><D36/><U12/><E35/><V114/><F114/><W126/><G95/><T134/><D134/><U98/><REACH who="1" step="1"/><E21/><REACH who="1" ten="136,152,206,486" step="2"/><V57/><F57/><W99/><G22/><T46/><D46/><U84/><AGARI ba="0,2" hai="12,14,15,16,17,74,76,78,80,82,84,96,97,98" machi="84" ten="30,12000,2" yaku="1,1,2,1,0,1,52,2,54,1,53,0" doraHai="79" doraHaiUra="19" who="1" fromWho="1" sc="136,-30,152,140,206,-30,486,-60" />
</Scene>
<Scene>
<INIT seed="4,0,0,1,5,45" ten="106,292,176,426" oya="0" hai0="11,124,42,114,123,41,38,106,99,47,12,84,49" hai1="16,85,35,112,79,50,73,119,8,58,65,95,109" hai2="130,54,98,122,62,61,128,52,39,6,14,107,20" hai3="105,104,53,76,51,87,27,22,92,33,74,71,24"/><T72/><D72/><U91/><E119/><V132/><F39/><W2/><G71/><T81/><D124/><U30/><E109/><V3/><F122/><W10/><G74/><T34/><D34/><U4/><E112/><V78/><F78/><W26/><G33/><T60/><D114/><U120/><E120/><V96/><F3/><W101/><G105/><T127/><D127/><U59/><E30/><V28/><F28/><W93/><G104/><T44/><D123/><U32/><E58/><V21/><F107/><W75/><G75/><T113/><D113/><U121/><E121/><V7/><REACH who="2" step="1"/><F14/><REACH who="2" ten="106,292,166,426" step="2"/><W15/><G15/><T40/><D106/><U133/><E79/><V118/><F118/><W57/><G76/><T36/><D36/><U43/><E73/><V23/><F23/><W103/><G22/><T115/><D115/><U88/><E32/><V83/><F83/><W55/><G2/><T82/><D38/><U5/><E35/><V108/><F108/><W18/><G10/><T77/><D82/><U117/><E8/><V70/><F70/><W29/><G93/><T46/><D99/><U89/><E95/><V1/><F1/><W86/><G92/><T111/><D111/><U126/><E126/><V94/><F94/><W17/><G29/><T0/><D0/><U97/><E97/><V68/><F68/><W100/><G55/><N who="0" m="30119" /><D12/><U102/><E117/><V25/><F25/><W116/><G116/><T90/><D11/><U67/><E65/><V69/><F69/><W135/><G26/><T13/><D77/><U56/><E67/><V125/><F125/><RYUUKYOKU ba="0,1" sc="106,-10,292,-10,166,30,426,-10" hai2="6,7,20,21,52,54,61,62,96,98,128,130,132" />
</Scene>
<Scene>
<INIT seed="5,1,1,0,3,29" ten="96,282,196,416" oya="1" hai0="10,58,32,83,18,19,65,53,13,124,28,85,71" hai1="30,131,52,4,31,68,74,82,33,41,46,15,106" hai2="5,61,35,109,25,50,38,55,103,133,64,132,92" hai3="22,6,69,95,94,79,37,77,96,118,114,51,47"/><U134/><E106/><V93/><F38/><W1/><G37/><T119/><D124/><U20/><E68/><V127/><F109/><W60/><G114/><T57/><D119/><U86/><E74/><V121/><F121/><W12/><G1/><T104/><D104/><U129/><E134/><N who="2" m="51819" /><F5/><W80/><G79/><T112/><D112/><U42/><E33/><V102/><F127/><W101/><G60/><T11/><D71/><U117/><E117/><V66/><F93/><W99/><G69/><T39/><D39/><U0/><E0/><V116/><F116/><W44/><G118/><T14/><D65/><N who="2" m="25194" /><F61/><W81/><G81/><T26/><REACH who="0" step="1"/><D53/><REACH who="0" ten="86,282,196,416" step="2"/><U84/><E52/><V21/><F92/><W135/><G135/><T54/><D54/><U27/><E131/><V107/><F107/><W108/><G108/><T100/><D100/><U7/><E129/><V126/><F126/><W110/><G110/><T128/><D128/><U91/><E41/><V2/><F2/><W40/><G101/><T70/><D70/><U59/><E42/><V8/><F103/><W45/><G40/><T34/><D34/><U62/><E62/><V17/><F102/><W23/><G99/><T125/><D125/><U111/><E111/><V122/><F35/><W75/><G96/><T9/><D9/><U48/><E20/><V36/><F36/><W87/><G22/><T89/><AGARI ba="1,2" hai="10,11,13,14,18,19,26,28,32,57,58,83,85,89" machi="89" ten="20,8000,1" yaku="1,1,0,1,7,1,9,1,52,1,53,0" doraHai="29" doraHaiUra="105" who="0" fromWho="0" sc="86,103,282,-41,196,-21,416,-21" />
</Scene>
<Scene>
<INIT seed="6,0,0,0,1,0" ten="189,241,175,395" oya="2" hai0="20,2,130,96,24,116,39,34,56,27,85,65,134" hai1="21,75,83,97,37,17,94,123,38,68,78,81,26" hai2="40,43,16,107,1,84,72,89,128,32,86,113,135" hai3="63,44,106,51,70,95,52,104,109,80,61,19,131"/><V9/><F72/><W98/><G109/><T71/><D39/><U126/><E68/><V127/><F32/><W58/><G131/><T79/><D71/><U23/><E126/><V29/><F127/><W42/><G80/><N who="0" m="47263" /><D2/><U129/><E129/><V4/><F128/><W53/><G19/><N who="0" m="12319" /><D34/><U45/><E83/><V88/><F107/><W117/><G117/><T62/><D130/><U77/><E78/><V8/><F113/><W66/><G42/><N who="2" m="15913" /><F29/><W132/><G132/><T122/><D122/><U31/><E45/><V124/><F135/><W76/><G76/><T3/><D3/><U35/><E35/><V11/><F124/><W125/><G125/><T49/><D134/><U7/><E123/><V22/><F1/><W112/><G112/><T121/><D121/><U105/><E105/><V36/><F36/><W13/><G13/><T108/><D108/><U110/><E110/><V10/><N who="2" m="2048" /><DORA hai="111" /><V120/><F120/><W60/><G60/><T30/><D116/><U93/><E37/><V55/><F4/><W48/><G63/><T87/><D49/><U101/><E38/><V74/><F74/><W119/><G119/><T90/><D96/><U59/><E75/><V99/><F55/><W102/><AGARI ba="0,0" hai="44,48,51,52,53,58,61,66,70,95,98,102,104,106" machi="102" ten="20,2700,0" yaku="0,1,7,1,54,1" doraHai="0,111" who="3" fromWho="3" sc="189,-7,241,-7,175,-13,395,27" />
</Scene>
<Scene>
<INIT seed="7,0,0,4,4,36" ten="182,234,162,422" oya="3" hai0="12,81,134,5,105,78,80,51,100,67,16,82,43" hai1="121,14,95,103,11,89,47,87,114,46,73,101,64" hai2="34,98,92,37,23,66,60,18,115,132,74,93,9" hai3="56,111,109,127,68,120,88,77,70,25,26,85,71"/><W119/><G119/><T122/><D122/><U39/><E73/><V24/><F37/><W57/><G77/><T90/><D134/><U97/><E114/><V112/><F132/><W28/><G120/><T7/><D105/><U107/><E121/><V113/><F74/><W84/><G127/><T96/><D100/><U31/><E31/><V108/><F108/><N who="3" m="41547" /><G84/><T45/><D67/><U49/><E64/><V40/><F40/><W131/><G131/><T76/><D96/><U123/><E123/><V19/><F34/><N who="3" m="20751" /><G26/><T69/><D69/><U6/><E39/><V116/><F116/><W33/><G33/><T13/><D78/><U63/><E87/><V75/><F75/><W44/><G44/><T128/><D76/><U94/><E47/><V41/><F41/><W126/><G126/><T30/><D30/><U104/><E46/><V35/><F35/><W20/><G20/><N who="0" m="11271" /><D128/><U10/><E107/><V0/><F98/><W61/><G61/><T86/><D13/><N who="1" m="5335" /><E63/><V58/><REACH who="2" step="1"/><F19/><REACH who="2" ten="182,234,152,422" step="2"/><W124/><G124/><T72/><D72/><U125/><E97/><V118/><F118/><W106/><G106/><T55/><D43/><U130/><E104/><V99/><F99/><W54/><G54/><T48/><D48/><U129/><E49/><V2/><F2/><W42/><G42/><T32/><D32/><U62/><E125/><V21/><F21/><W59/><G59/><T102/><D102/><U3/><E103/><V22/><F22/><W79/><G79/><T27/><D27/><U117/><E101/><V91/><F91/><W110/><G110/><T4/><AGARI ba="0,1" hai="4,5,7,45,51,55,80,81,82,86,90" m="11271" machi="4" ten="30,4000,0" yaku="5,1,8,1,54,1" doraHai="36" who="0" fromWho="0" sc="182,50,234,-10,152,-10,422,-20" owari="232,3.0,224,-18.0,142,-36.0,402,51.0" />
</Scene>
</mjloggm>