<mjloggm ver="2.3"><GO type="169" lobby="0"/><UN n0="%E3%83%9C%E3%83%A4%E3%83%83%E3%82%AD%E3%83%BC" n1="%E3%81%99%E3%81%9A%E3%82%81%E3%82%AF%E3%83%AC%E3%82%A4%E3%82%B8%E3%83%BC" n2="%E9%9D%A2%E6%B8%85%E3%81%AE%E3%83%90%E3%83%93%E3%82%A3" n3="%E3%82%AC%E3%83%9F%E3%82%B4%E3%83%B3" dan="16,19,16,16" rate="2086.34,2280.47,2098.95,2113.66" sx="M,M,M,M"/><TAIKYOKU oya="0"/>

<Scene>
<INIT seed="0,0,0,5,2,22" ten="250,250,250,250" oya="0" hai0="106,109,9,39,47,92,64,8,74,107,54,42,18" hai1="30,90,82,128,28,97,33,45,68,56,104,37,81" hai2="116,123,29,86,63,67,69,132,2,94,1,38,4" hai3="48,78,0,3,40,14,111,96,98,95,76,55,122"/><T25/><D74/><U53/><E68/><V41/><F123/><W133/><G111/><T12/><D109/><U127/><E128/><V52/><F132/><W89/><G133/><T124/><D124/><U19/><E37/><V105/><F116/><W10/><G122/><T46/><D64/><U84/><E45/><V131/><F131/><W121/><G121/><T31/><D8/><U60/><E33/><V6/><F105/><W7/><G40/><T79/><D79/><U103/><E82/><V112/><F112/><W87/><G3/><T102/><D102/><U62/><E62/><V120/><F2/><W26/><G0/><T43/><D54/><U50/><E60/><V61/><F1/><W17/><G78/><T13/><D13/><U11/><E127/><V113/><F113/><W126/><G126/><T49/><REACH who="0" step="1"/><D92/><REACH who="0" ten="240,250,250,250" step="2"/><U91/><E91/><N who="2" m="53623" /><F52/><W85/><G76/><T93/><D93/><U118/><E118/><V130/><F67/><W21/><REACH who="3" step="1"/><G98/><REACH who="3" ten="240,250,250,240" step="2"/><T16/><D16/><U5/><E19/><V108/><F108/><W23/><G23/><AGARI ba="0,2" hai="9,12,18,23,25,31,39,42,43,46,47,49,106,107" machi="23" ten="30,5800,0" yaku="1,1,7,1,52,1,53,0" doraHai="22" doraHaiUra="115" who="0" fromWho="3" sc="240,78,250,0,250,0,240,-58" />
</Scene>
<Scene>
<INIT seed="0,1,0,0,2,48" ten="318,250,250,182" oya="0" hai0="122,133,55,26,78,1,27,131,4,41,30,11,86" hai1="22,45,80,31,49,62,90,115,134,106,119,79,99" hai2="127,113,108,32,88,21,128,10,95,89,29,118,13" hai3="35,77,70,116,56,135,66,16,15,101,0,8,58"/><T33/><D122/><U12/><E134/><V102/><F32/><W103/><G116/><T63/><D41/><U23/><E115/><V3/><F3/><W117/><G117/><T42/><D42/><U34/><E34/><V93/><F113/><W39/><G39/><T126/><D126/><U24/><E106/><V85/><F102/><W64/><G35/><T19/><D131/><U6/><E62/><V84/><F127/><W97/><G135/><T57/><D133/><U120/><E120/><V51/><F128/><W46/><G46/><T72/><D72/><U123/><E123/><V109/><F118/><W73/><G101/><T5/><D5/><U59/><E59/><V75/><F75/><W17/><G0/><T47/><D47/><U107/><E107/><V132/><F132/><W40/><G40/><T74/><D74/><U71/><E71/><V111/><F21/><W112/><G112/><T98/><D98/><U61/><E23/><V43/><F29/><W28/><G28/><T68/><D68/><U121/><E99/><V52/><F43/><W53/><G70/><T25/><REACH who="0" step="1"/><D19/><REACH who="0" ten="308,250,250,182" step="2"/><U82/><E6/><V83/><F111/><W20/><G73/><T69/><D69/><U94/><E121/><V129/><F129/><W7/><G7/><T44/><D44/><U125/><E45/><V105/><F105/><W81/><G97/><T60/><D60/><U37/><E61/><V114/><F114/><W38/><G17/><T14/><D14/><U96/><E125/><V92/><F109/><W87/><G15/><T67/><D67/><U130/><E12/><RYUUKYOKU ba="1,1" sc="308,30,250,-10,250,-10,182,-10" hai0="1,4,11,25,26,27,30,33,55,57,63,78,86" />
</Scene>
<Scene>
<INIT seed="0,2,1,4,5,54" ten="338,240,240,172" oya="0" hai0="53,112,22,73,39,134,41,108,46,78,64,127,121" hai1="91,94,35,105,117,20,36,19,124,98,1,86,6" hai2="99,95,88,102,51,43,17,32,4,101,44,65,107" hai3="93,31,77,57,30,125,62,83,47,120,49,128,18"/><T110/><D121/><U100/><E35/><V24/><F4/><W111/><G120/><T76/><D112/><U40/><E124/><V119/><F119/><W74/><G125/><T34/><D34/><U16/><E117/><V87/><F65/><W48/><G111/><N who="0" m="42539" /><D127/><U63/><E40/><V70/><F70/><W26/><G128/><T50/><D64/><U109/><E36/><V79/><F102/><W42/><G49/><T122/><D122/><U135/><E135/><V132/><F132/><W66/><REACH who="3" step="1"/><G93/><REACH who="3" ten="338,240,240,162" step="2"/><T0/><D134/><U104/><E109/><V68/><F95/><W33/><G33/><T69/><D69/><U56/><E104/><V11/><F68/><W28/><G28/><T113/><D113/><U92/><E105/><V116/><F107/><W38/><G38/><T58/><D73/><U3/><E6/><V7/><F7/><W29/><G29/><T114/><D114/><U8/><E19/><V25/><F17/><W115/><G115/><T81/><D81/><U2/><E94/><V13/><F32/><W5/><G5/><T118/><D118/><U80/><E80/><V10/><F116/><W59/><G59/><T103/><D103/><U14/><E100/><V89/><F101/><W21/><AGARI ba="2,2" hai="18,21,26,30,31,42,47,48,57,62,66,74,77,83" machi="21" ten="30,7900,0" yaku="1,1,0,1,52,1,53,1" doraHai="54" doraHaiUra="75" who="3" fromWho="3" sc="338,-41,240,-22,240,-22,162,105" />
</Scene>
<Scene>
<INIT seed="1,0,0,5,2,107" ten="297,218,218,267" oya="1" hai0="31,40,120,83,92,19,110,67,9,129,26,64,46" hai1="38,66,36,118,96,100,113,133,126,51,47,57,49" hai2="7,55,87,124,103,50,101,21,30,97,62,72,33" hai3="25,12,77,24,17,69,121,93,105,2,42,94,112"/><U82/><E118/><V115/><F33/><W135/><G105/><T34/><D120/><U6/><E113/><V98/><F7/><W131/><G2/><T61/><D110/><U102/><E6/><V27/><F115/><W86/><G112/><T111/><D111/><U3/><E133/><V28/><F124/><W123/><G69/><T90/><D129/><U60/><E102/><V108/><F87/><W48/><G131/><T1/><D83/><U81/><E3/><V53/><F72/><W56/><G135/><T74/><D74/><U23/><E51/><V104/><F62/><W15/><G15/><T116/><D116/><U13/><E36/><V0/><F0/><W43/><G43/><T63/><D63/><U117/><E38/><V119/><F119/><W10/><G123/><T14/><D61/><U73/><E73/><V71/><F71/><W35/><G35/><T58/><D58/><U18/><E126/><V122/><F122/><W125/><G121/><T5/><D90/><U79/><E79/><V68/><F68/><W76/><G125/><T128/><D92/><N who="3" m="35433" /><G77/><T22/><D128/><U65/><E66/><V44/><F108/><W75/><G75/><T91/><D91/><U95/><REACH who="1" step="1"/><E117/><REACH who="1" ten="297,208,218,267" step="2"/><V85/><F103/><W54/><G42/><AGARI ba="0,1" hai="13,18,23,42,47,49,57,60,65,81,82,95,96,100" machi="42" ten="30,11600,0" yaku="1,1,2,1,7,1,8,1,53,0" doraHai="107" doraHaiUra="109" who="1" fromWho="3" sc="297,0,208,126,218,0,267,-116" />
</Scene>
<Scene>
<INIT seed="1,1,0,4,4,100" ten="297,334,218,151" oya="1" hai0="128,124,45,4,127,117,37,53,0,71,31,30,83" hai1="96,62,63,70,44,8,120,39,20,94,129,130,64" hai2="97,72,77,17,119,47,19,34,28,109,76,41,65" hai3="88,27,126,7,125,11,42,115,60,106,123,26,111"/><U14/><E120/><V107/><F119/><W103/><G115/><T95/><D117/><U5/><E63/><V74/><F109/><W36/><G123/><T33/><D71/><U54/><E20/><V59/><F59/><W118/><G118/><T66/><D128/><U105/><E105/><V29/><F65/><W50/><G111/><T93/><D66/><U122/><E122/><V48/><F34/><W121/><G121/><T104/><D104/><U113/><E113/><V16/><F77/><W135/><G36/><T69/><D69/><U90/><REACH who="1" step="1"/><E54/><REACH who="1" ten="297,324,218,151" step="2"/><V38/><F107/><W10/><G60/><T87/><D87/><U2/><E2/><V82/><F72/><W25/><G106/><T15/><D15/><U21/><E21/><V79/><F97/><W86/><G125/><T134/><D127/><U112/><E112/><V6/><F74/><W46/><G126/><T80/><D124/><U116/><E116/><V52/><F52/><W114/><G114/><T68/><D0/><U12/><E12/><V89/><F41/><AGARI ba="1,1" hai="5,8,14,39,41,44,62,64,70,90,94,96,129,130" machi="41" ten="40,2000,0" yaku="1,1,53,0" doraHai="100" doraHaiUra="131" who="1" fromWho="2" sc="297,0,324,33,218,-23,151,0" />
</Scene>
<Scene>
<INIT seed="1,2,0,3,1,2" ten="297,357,195,151" oya="1" hai0="117,129,50,20,6,42,128,33,55,73,23,10,29" hai1="54,118,114,70,131,92,108,91,88,51,19,69,22" hai2="57,61,32,84,119,4,81,64,90,86,115,72,85" hai3="74,24,96,1,126,60,68,0,130,110,49,89,122"/><U36/><E118/><V28/><F119/><W58/><G122/><T95/><D73/><U47/><E114/><V40/><F115/><W94/><G74/><T44/><D117/><U35/><E35/><V97/><F40/><W71/><G110/><T82/><D95/><U27/><E131/><N who="0" m="50249" /><D82/><U13/><E108/><V127/><F127/><W104/><G130/><T134/><D134/><U103/><E103/><V76/><F28/><W102/><G126/><T75/><D75/><U41/><E27/><V133/><F32/><W25/><G1/><N who="0" m="335" /><D33/><U15/><E13/><V59/><F133/><W7/><G68/><T5/><D5/><U78/><E91/><V53/><F72/><W83/><G71/><T62/><D29/><U132/><E78/><V43/><F43/><W31/><G83/><T12/><D12/><U21/><E21/><N who="0" m="8265" /><D62/><U105/><E105/><V65/><F4/><W3/><G7/><T37/><D55/><U38/><E38/><AGARI ba="2,0" hai="37,38,42,44,50" m="8265,335,50249" machi="38" ten="30,2000,0" yaku="19,1,52,1" doraHai="2" who="0" fromWho="1" sc="297,26,357,-26,195,0,151,0" />
</Scene>
<Scene>
<INIT seed="2,0,0,2,3,102" ten="323,331,195,151" oya="2" hai0="135,78,86,53,72,9,74,106,92,133,67,96,26" hai1="18,61,47,104,20,88,29,16,131,6,119,24,81" hai2="71,55,0,117,113,73,93,94,7,5,56,41,62" hai3="10,43,3,84,66,44,68,49,40,85,32,33,36"/><V80/><F113/><W114/><G114/><T42/><D42/><U4/><E119/><V60/><F117/><W46/><G66/><T125/><D67/><U30/><E104/><V45/><F0/><W127/><G68/><T57/><D125/><U87/><E131/><V8/><F71/><W52/><G127/><T126/><D126/><U39/><E39/><V59/><F73/><W89/><G85/><T103/><D9/><U120/><E47/><V58/><F80/><W100/><G43/><T112/><D112/><U12/><E61/><V82/><F82/><W132/><G132/><T75/><D26/><U118/><E120/><V77/><F77/><W13/><G100/><T21/><D21/><N who="1" m="11399" /><E118/><V110/><F110/><W35/><G3/><T11/><D11/><U17/><E17/><V14/><F5/><AGARI ba="0,0" hai="4,5,6,18,20,24,29,30,81,87,88" m="11399" machi="5" ten="30,3900,0" yaku="8,1,54,2" doraHai="102" who="1" fromWho="2" sc="323,0,331,39,195,-39,151,0" />
</Scene>
<Scene>
<INIT seed="3,0,0,2,1,7" ten="323,370,156,151" oya="3" hai0="6,88,42,96,30,104,98,69,75,91,21,85,36" hai1="135,127,17,80,45,18,128,114,23,73,31,113,60" hai2="120,19,83,71,41,130,119,43,97,78,54,38,125" hai3="57,132,118,79,94,105,53,124,39,92,20,65,51"/><W111/><G105/><T108/><D69/><U82/><E60/><V101/><F119/><W59/><G118/><T55/><D75/><U76/><E31/><V63/><F38/><W110/><G39/><T58/><D108/><N who="3" m="41513" /><G124/><T84/><D104/><U47/><E135/><V33/><F33/><W134/><G79/><T37/><D6/><U35/><E23/><V46/><F125/><W52/><G65/><T66/><D66/><U24/><E127/><V106/><F120/><W77/><G77/><T10/><D10/><U102/><E76/><V112/><F112/><W74/><G74/><T25/><D42/><U16/><E73/><V123/><F123/><W1/><G1/><T56/><D56/><U61/><E35/><V103/><F106/><W3/><G3/><T116/><D116/><U81/><E24/><V89/><F78/><W32/><G32/><T11/><D11/><U64/><E102/><V67/><F103/><W126/><G20/><T129/><D129/><U107/><E128/><V93/><F130/><W0/><G0/><T34/><D34/><U5/><E107/><V99/><F67/><W8/><G8/><T40/><D40/><U12/><E114/><V9/><F9/><W2/><G2/><T121/><D121/><U109/><E113/><V50/><F43/><W100/><G126/><T72/><D72/><U15/><E5/><V70/><F41/><W27/><G27/><T26/><D26/><U122/><E109/><V28/><F28/><W4/><G4/><T48/><D36/><U90/><E122/><V86/><F19/><N who="1" m="4865" /><U68/><DORA hai="95" /><E64/><RYUUKYOKU ba="0,0" sc="323,0,370,0,156,0,151,0" />
</Scene>
<Scene>
<INIT seed="4,1,0,3,3,19" ten="323,370,156,151" oya="0" hai0="23,28,113,75,15,44,131,21,5,60,85,12,71" hai1="9,1,74,73,50,65,45,117,48,99,7,135,41" hai2="112,10,89,95,115,67,26,55,78,121,56,119,118" hai3="33,114,109,62,11,51,13,127,52,77,36,98,129"/><T88/><D75/><U124/><E117/><N who="2" m="44555" /><F78/><W46/><G109/><T90/><D113/><N who="2" m="43594" /><F67/><W68/><G114/><T72/><D72/><U47/><E135/><V108/><F10/><W43/><G33/><T122/><D122/><U16/><E124/><V102/><F102/><W91/><G129/><T116/><D116/><U101/><E65/><V100/><F100/><W34/><G34/><T17/><D131/><U3/><E3/><V107/><F107/><W128/><G128/><T63/><D71/><U0/><E1/><V27/><F108/><W18/><G127/><T40/><D5/><U64/><E64/><V123/><F123/><W29/><G29/><T37/><D12/><U105/><E16/><V87/><F121/><W110/><G110/><T35/><D35/><U120/><E120/><V83/><F83/><W106/><G77/><T81/><REACH who="0" step="1"/><D90/><REACH who="0" ten="313,370,156,151" step="2"/><U93/><E105/><V42/><F89/><W96/><G106/><T38/><D38/><U80/><E74/><V76/><F26/><AGARI ba="1,1" hai="15,17,21,23,26,28,37,40,44,60,63,81,85,88" machi="26" ten="40,12000,1" yaku="1,1,52,2,54,1,53,1" doraHai="19" doraHaiUra="20" who="0" fromWho="2" sc="313,133,370,0,156,-123,151,0" />
</Scene>
<Scene>
<INIT seed="4,2,0,2,0,0" ten="446,370,33,151" oya="0" hai0="7,27,79,102,130,34,135,26,25,113,131,96,104" hai1="74,30,37,111,23,92,9,33,52,105,28,133,124" hai2="63,57,116,108,101,22,119,64,35,65,12,95,93" hai3="2,69,8,5,18,21,41,128,90,78,49,112,73"/><T109/><D113/><U118/><E105/><V29/><F108/><W123/><G112/><T103/><D109/><U59/><E118/><V100/><F35/><W16/><G69/><T132/><D79/><U68/><E68/><V51/><F65/><W11/><G128/><N who="0" m="49195" /><D34/><U39/><E74/><V42/><F119/><W110/><G110/><T56/><D56/><U99/><E33/><V24/><F12/><W55/><G41/><T83/><D83/><U86/><E133/><N who="0" m="51273" /><D103/><U75/><E75/><V61/><F61/><W70/><G70/><T91/><D91/><U80/><E59/><V1/><F1/><W85/><G73/><T72/><D72/><U40/><E80/><V32/><F32/><W115/><G78/><T48/><D48/><U94/><E37/><V117/><F117/><W134/><G115/><T84/><D84/><U20/><E39/><V77/><F77/><W43/><G43/><T47/><D47/><U38/><E40/><V14/><F116/><W67/><G134/><T82/><D82/><U13/><E38/><V126/><F101/><W36/><G36/><T88/><D88/><U76/><E76/><V45/><F100/><W31/><G85/><T97/><D97/><U89/><E86/><V87/><F87/><W81/><G81/><T71/><D71/><U114/><E99/><V125/><REACH who="2" step="1"/><F14/><REACH who="2" ten="446,370,23,151" step="2"/><W58/><G2/><T107/><D107/><U3/><E3/><V62/><F62/><W122/><G90/><T54/><D54/><U50/><E52/><V44/><F44/><W15/><G55/><T129/><N who="0" m="49203" /><T17/><DORA hai="4" /><D102/><RYUUKYOKU ba="2,1" sc="446,-10,370,-10,23,30,151,-10" hai2="22,24,29,42,45,51,57,63,64,93,95,125,126" />
</Scene>
<Scene>
<INIT seed="5,3,1,0,5,73" ten="436,360,53,141" oya="1" hai0="128,83,24,99,82,15,9,74,133,28,114,118,67" hai1="41,81,134,32,107,76,51,135,1,96,20,60,71" hai2="108,40,8,30,53,43,49,85,34,131,94,48,50" hai3="111,129,39,106,2,68,130,93,0,80,72,113,21"/><U26/><E1/><V14/><F108/><W105/><G111/><T116/><D74/><N who="1" m="43159" /><E41/><V56/><F131/><N who="3" m="50187" /><G113/><T16/><D114/><U29/><E51/><V38/><F30/><W27/><G93/><T12/><D128/><U126/><E20/><V31/><F31/><N who="3" m="17903" /><G68/><T59/><D133/><N who="1" m="50699" /><E126/><V122/><F122/><W11/><G39/><T101/><D12/><U69/><E60/><N who="2" m="35855" /><F34/><W57/><G57/><T23/><D116/><U79/><E79/><V87/><F38/><W5/><G2/><T103/><D118/><U109/><E109/><V91/><F85/><W77/><AGARI ba="3,1" hai="0,5,11,72,77,80,105,106" m="17903,50187" machi="77" ten="30,2000,0" yaku="19,1,52,1" doraHai="73" who="3" fromWho="3" sc="436,-8,360,-13,53,-8,141,39" />
</Scene>
<Scene>
<INIT seed="6,0,0,0,3,28" ten="428,347,45,180" oya="2" hai0="44,112,81,105,92,90,22,39,101,5,14,103,34" hai1="120,17,73,15,106,83,38,4,62,108,37,82,13" hai2="21,132,48,94,127,75,27,59,68,60,67,29,80" hai3="99,56,104,7,109,46,1,117,76,123,40,42,91"/><V128/><F128/><W129/><G117/><T11/><D112/><U87/><E106/><V107/><F107/><W52/><G123/><T26/><D81/><U32/><E4/><V49/><F132/><W35/><G35/><T116/><D116/><U25/><E108/><V93/><F127/><W43/><G109/><T30/><D105/><U113/><E62/><V77/><F68/><W134/><G129/><T114/><D114/><U79/><E15/><V53/><REACH who="2" step="1"/><F49/><REACH who="2" ten="428,347,35,180" step="2"/><W125/><G104/><T8/><D39/><U88/><E113/><V31/><F31/><W118/><G134/><T2/><D44/><U63/><E120/><V54/><F54/><W86/><G125/><T0/><D0/><U41/><E38/><V122/><F122/><W72/><G52/><T135/><D135/><U36/><E36/><V9/><F9/><W20/><G46/><T50/><D50/><U69/><E69/><V130/><F130/><W97/><G43/><T47/><D47/><U70/><E41/><V12/><F12/><W33/><G42/><T19/><D8/><U45/><E45/><V74/><F74/><W126/><G40/><T23/><D23/><U89/><E37/><V18/><F18/><W95/><G20/><T78/><D78/><U6/><E17/><V24/><F24/><W51/><G126/><T71/><D71/><U102/><E70/><V96/><F96/><AGARI ba="0,1" hai="2,5,11,14,19,22,26,30,34,90,92,96,101,103" machi="96" ten="30,7700,0" yaku="7,1,24,2,52,1" doraHai="28" who="0" fromWho="2" sc="428,87,347,0,35,-77,180,0" owari="515,61.0,347,15.0,-42,-54.0,180,-22.0" />
</Scene>
</mjloggm>