<mjloggm ver="2.3"><GO type="169" lobby="0"/><UN n0="%E3%82%A8%E3%83%83%E3%83%95%E3%82%A7%E3%83%AB%E5%A1%94" n1="%E6%96%B0%E9%96%8B%E5%96%84%E6%96%87" n2="%4E%58%47%45%30" n3="%E3%81%99%E3%81%9A%E3%82%81%E3%82%AF%E3%83%AC%E3%82%A4%E3%82%B8%E3%83%BC" dan="16,17,16,19" rate="2126.41,2164.38,2112.57,2241.57" sx="M,F,M,M"/><TAIKYOKU oya="0"/>

<Scene>
<INIT seed="0,0,0,1,0,117" ten="250,250,250,250" oya="0" hai0="116,134,65,28,40,90,13,33,128,106,51,25,114" hai1="80,38,55,95,101,3,100,39,78,122,115,119,8" hai2="96,14,19,125,127,66,69,21,89,35,30,54,43" hai3="123,91,97,111,29,129,83,31,102,109,56,132,41"/><T62/><D90/><U18/><E119/><V63/><F43/><W11/><G41/><T20/><D116/><U118/><E118/><V59/><F35/><W99/><G11/><T49/><D114/><U81/><E115/><V76/><F30/><W131/><G56/><T9/><D128/><U16/><E95/><V130/><F76/><W79/><G132/><T85/><D85/><U61/><E61/><V1/><F1/><W5/><G91/><T108/><D40/><U87/><E55/><V107/><F130/><W112/><G5/><T126/><D106/><U77/><E8/><V22/><F22/><W57/><G57/><T64/><D20/><U75/><E3/><V47/><F47/><W133/><G79/><T45/><D45/><U7/><E7/><V48/><F107/><W4/><G4/><T84/><D134/><U26/><E26/><V72/><F72/><W46/><G46/><T105/><D105/><U93/><E93/><V24/><F24/><W74/><G133/><T23/><D62/><U86/><E75/><V98/><F89/><W67/><G74/><T82/><D33/><U17/><E18/><V92/><F92/><W103/><G112/><T53/><D23/><U135/><E135/><V68/><F69/><W2/><G2/><T37/><D25/><U6/><E6/><V34/><F34/><W70/><G83/><T71/><D82/><U73/><E73/><V52/><REACH who="2" step="1"/><F54/><REACH who="2" ten="250,250,240,250" step="2"/><W124/><G70/><T10/><D71/><U104/><E104/><V110/><F110/><W88/><G109/><T0/><D108/><U58/><E58/><RYUUKYOKU ba="0,1" sc="250,-15,250,15,240,15,250,-15" hai1="16,17,38,39,77,78,80,81,86,87,100,101,122" hai2="14,19,21,48,52,59,63,66,68,96,98,125,127" />
</Scene>
<Scene>
<INIT seed="1,1,1,5,0,37" ten="235,265,255,235" oya="1" hai0="38,47,74,117,4,68,82,116,75,6,24,39,17" hai1="90,84,52,23,88,12,112,101,2,41,130,57,98" hai2="29,81,131,7,94,87,21,93,114,36,58,65,27" hai3="9,60,95,5,40,28,61,99,97,44,19,56,108"/><U45/><E2/><V105/><F36/><N who="0" m="13866" /><D17/><N who="1" m="10663" /><E112/><V123/><F105/><W1/><G108/><T43/><D24/><U133/><E130/><V109/><F114/><W51/><G28/><T77/><D47/><U135/><E84/><V102/><F131/><W59/><G19/><T25/><D25/><U14/><E14/><V49/><F123/><W42/><G42/><T134/><D82/><U78/><E78/><V89/><F7/><N who="0" m="2602" /><D77/><U124/><E124/><V76/><F102/><W3/><G3/><T86/><D86/><U100/><E100/><V70/><F70/><W127/><G127/><T80/><D80/><U104/><E45/><V132/><F132/><N who="1" m="50761" /><E41/><V129/><F129/><W50/><G95/><T71/><D43/><U54/><E54/><V13/><F94/><W110/><G110/><T111/><D134/><U33/><E33/><V15/><F109/><W34/><G34/><T113/><D111/><U20/><E20/><V18/><F29/><W79/><G79/><T128/><D113/><U31/><E31/><V26/><F26/><W83/><G83/><T122/><D128/><U118/><E118/><N who="0" m="45673" /><D122/><U121/><E121/><V62/><REACH who="2" step="1"/><F49/><AGARI ba="1,1" hai="49,52,57,88,90,98,101,104" m="50761,10663" machi="49" ten="30,5800,0" yaku="20,1,54,2" doraHai="37" who="1" fromWho="2" sc="235,0,265,71,255,-61,235,0" />
</Scene>
<Scene>
<INIT seed="1,2,0,1,5,51" ten="235,336,194,235" oya="1" hai0="86,108,6,55,71,41,133,67,82,100,3,130,77" hai1="110,1,113,64,97,126,83,105,16,19,65,103,66" hai2="54,76,35,56,11,18,129,36,121,81,80,22,60" hai3="102,124,30,40,116,118,92,8,57,49,115,79,38"/><U109/><E113/><V127/><F35/><W84/><G115/><T134/><D41/><U106/><E1/><V87/><F36/><W17/><G30/><T10/><D100/><U31/><E31/><V95/><F121/><W58/><G38/><T63/><D108/><N who="1" m="41579" /><E126/><V123/><F129/><W73/><G73/><T47/><REACH who="0" step="1"/><D130/><REACH who="0" ten="225,336,194,235" step="2"/><U34/><E34/><V20/><F127/><W111/><G124/><T9/><D9/><U78/><E105/><V112/><F123/><W96/><G111/><T93/><D93/><U42/><E42/><V5/><F95/><W85/><G40/><T135/><D135/><U39/><E39/><V131/><F131/><W107/><G92/><T15/><D15/><U88/><E88/><V74/><F112/><W117/><G107/><T37/><D37/><U29/><E29/><V33/><F11/><W50/><G8/><T48/><AGARI ba="2,1" hai="3,6,10,47,48,55,63,67,71,77,82,86,133,134" machi="48" ten="30,8000,1" yaku="1,1,0,1,52,1,53,2" doraHai="51" doraHaiUra="128" who="0" fromWho="0" sc="225,96,336,-42,194,-22,235,-22" />
</Scene>
<Scene>
<INIT seed="2,0,0,5,0,102" ten="321,294,172,213" oya="2" hai0="59,42,0,109,112,91,122,31,113,4,104,55,107" hai1="68,103,15,49,92,33,116,25,45,123,133,128,58" hai2="43,18,100,41,57,90,17,24,77,52,22,98,114" hai3="51,27,60,46,134,14,76,99,69,20,78,37,10"/><V6/><F114/><W82/><G134/><T29/><D122/><U74/><E15/><V50/><F77/><W87/><G37/><T5/><D91/><U111/><E58/><V64/><F64/><W44/><G44/><T54/><D59/><U47/><E49/><V53/><F6/><W94/><G69/><T30/><D42/><U83/><E25/><V127/><F127/><W35/><G35/><T84/><D84/><U19/><E19/><V13/><F90/><W124/><G60/><T118/><D109/><U110/><E47/><V70/><F53/><N who="0" m="19978" /><D0/><U105/><E83/><V12/><F24/><W130/><G130/><T28/><D31/><U16/><E92/><V2/><F2/><W135/><G135/><T101/><D101/><U93/><E93/><V115/><F70/><W39/><G78/><T32/><D32/><U11/><E103/><V34/><F34/><W7/><G94/><T3/><D3/><U80/><E80/><V48/><F115/><N who="0" m="44106" /><D118/><U89/><E89/><V79/><F79/><W117/><G117/><T129/><D129/><U75/><E111/><V81/><F81/><W65/><G82/><T120/><D120/><U63/><E123/><V106/><F48/><W88/><G51/><T62/><D62/><U21/><E128/><V126/><F126/><W61/><G124/><T72/><D72/><U131/><E75/><V56/><F57/><W71/><G76/><T95/><D95/><U132/><E116/><V26/><F26/><W125/><G125/><T86/><D86/><U85/><E110/><V1/><F1/><W40/><G88/><RYUUKYOKU ba="0,0" sc="321,15,294,-15,172,15,213,-15" hai0="4,5,28,29,30,104,107" hai2="12,13,17,18,22,41,43,50,52,56,98,100,106" />
</Scene>
<Scene>
<INIT seed="2,1,0,0,3,101" ten="336,279,187,198" oya="2" hai0="66,102,127,79,9,121,78,20,21,25,13,76,6" hai1="1,27,49,69,85,15,89,11,10,8,46,50,5" hai2="45,106,71,38,104,97,68,82,125,112,123,61,37" hai3="118,91,31,83,30,107,114,2,99,52,12,18,116"/><V110/><F123/><W132/><G2/><T57/><D121/><U73/><E69/><V98/><F82/><W4/><G4/><T54/><D127/><U42/><E73/><V94/><F125/><W135/><G114/><T17/><D102/><U119/><E119/><V72/><F72/><W103/><G91/><T115/><D115/><U3/><E27/><V44/><F112/><W51/><G83/><T100/><D100/><U32/><E32/><V96/><F94/><W77/><G77/><T95/><D95/><U65/><E65/><V90/><F90/><W126/><G126/><T64/><REACH who="0" step="1"/><D20/><REACH who="0" ten="326,279,187,198" step="2"/><U60/><E1/><V56/><F97/><W23/><G118/><T0/><D0/><U122/><E3/><V75/><F75/><W80/><G80/><T53/><D53/><U86/><E122/><V128/><F96/><W24/><G116/><T63/><AGARI ba="1,1" hai="6,9,13,17,21,25,54,57,63,64,66,76,78,79" machi="63" ten="30,4000,0" yaku="1,1,0,1,8,1,53,0" doraHai="101" doraHaiUra="124" who="0" fromWho="0" sc="326,53,279,-11,187,-21,198,-11" />
</Scene>
<Scene>
<INIT seed="3,0,0,4,4,35" ten="379,268,166,187" oya="3" hai0="109,114,71,47,111,39,91,76,30,24,6,97,26" hai1="68,33,29,73,70,99,28,4,126,11,43,62,112" hai2="25,75,84,106,117,96,74,130,57,119,15,107,42" hai3="17,77,124,59,13,122,27,21,135,2,54,102,110"/><W16/><G122/><T14/><D71/><U92/><E112/><V108/><F42/><W88/><G2/><T19/><D6/><U134/><E73/><V41/><F41/><W100/><G135/><T94/><D76/><U85/><E126/><V1/><F15/><W118/><G77/><T51/><D39/><U5/><E5/><V72/><F57/><W121/><G121/><T9/><D114/><U116/><E116/><N who="2" m="44619" /><F25/><W80/><G110/><N who="0" m="41995" /><D30/><U12/><E43/><AGARI ba="0,0" hai="9,14,19,24,26,43,47,51,91,94,97" m="41995" machi="43" ten="30,1000,0" yaku="14,1" doraHai="35" who="0" fromWho="1" sc="379,10,268,-10,166,0,187,0" />
</Scene>
<Scene>
<INIT seed="4,0,0,3,1,96" ten="389,258,166,187" oya="0" hai0="48,133,27,75,119,28,4,13,9,23,122,132,121" hai1="66,10,33,5,97,74,135,73,14,116,70,31,38" hai2="76,126,68,42,123,21,20,91,83,40,94,86,46" hai3="112,50,88,35,58,34,113,1,130,59,124,54,56"/><T49/><D75/><U17/><E38/><V106/><F68/><W26/><G1/><T41/><D41/><U95/><E116/><V64/><F106/><W93/><G130/><T16/><D49/><U2/><E135/><N who="0" m="51785" /><D119/><U101/><E66/><V102/><F64/><W43/><G124/><T90/><D48/><U127/><E70/><V104/><F126/><W32/><G26/><T22/><D90/><U19/><E19/><V53/><F123/><W61/><G43/><T77/><D77/><U129/><E129/><V92/><F92/><W109/><G109/><T7/><D7/><U98/><E127/><V111/><F111/><W103/><G103/><T100/><D100/><U44/><E44/><V6/><F6/><W117/><G117/><T131/><D131/><U105/><E31/><V39/><F53/><W81/><G81/><T107/><D107/><U89/><E33/><V51/><F40/><W128/><G128/><T12/><AGARI ba="0,0" hai="4,9,12,13,16,22,23,27,28,121,122" m="51785" machi="12" ten="30,11700,0" yaku="20,1,34,2,54,1" doraHai="96" who="0" fromWho="0" sc="389,117,258,-39,166,-39,187,-39" />
</Scene>
<Scene>
<INIT seed="4,1,0,5,2,56" ten="506,219,127,148" oya="0" hai0="10,14,36,22,82,57,28,17,27,34,95,8,77" hai1="45,102,5,128,96,114,9,70,52,133,30,126,69" hai2="72,78,104,100,46,29,16,130,103,115,116,66,84" hai3="21,19,67,131,125,110,4,79,117,13,71,20,42"/><T3/><D36/><U61/><E128/><V0/><F0/><W134/><G110/><T18/><D95/><U87/><E133/><V39/><F29/><W73/><G117/><T43/><D43/><U111/><E111/><V41/><F46/><W54/><G42/><T2/><D57/><U85/><E30/><V60/><F66/><W48/><G131/><T120/><D120/><U129/><E129/><V53/><F41/><W122/><G125/><T97/><D97/><U98/><E98/><V106/><F39/><W90/><G4/><N who="0" m="1055" /><D82/><U51/><E126/><V99/><F72/><W1/><G1/><T15/><D77/><U109/><E114/><V38/><F78/><W105/><G105/><T127/><D127/><U26/><E26/><V101/><F38/><W94/><G134/><T12/><D2/><U11/><E109/><V118/><F104/><W55/><G55/><T37/><D37/><U83/><E85/><V35/><F106/><W91/><G73/><T25/><AGARI ba="1,0" hai="10,12,14,15,17,18,22,25,27,28,34" m="1055" machi="25" ten="30,12000,1" yaku="35,5" doraHai="56" who="0" fromWho="0" sc="506,123,219,-41,127,-41,148,-41" />
</Scene>
<Scene>
<INIT seed="4,2,0,0,2,77" ten="629,178,86,107" oya="0" hai0="16,102,6,134,85,82,18,32,98,122,87,76,125" hai1="116,115,91,27,22,42,117,61,124,112,5,26,121" hai2="13,103,96,73,90,111,29,72,23,62,107,67,133" hai3="1,101,79,132,84,52,99,100,12,57,48,109,8"/><T114/><D122/><U128/><E128/><V47/><F111/><W135/><G1/><T3/><D32/><U17/><E42/><V56/><F133/><N who="3" m="51275" /><G109/><T66/><D134/><U30/><E121/><V113/><F113/><N who="1" m="43593" /><E61/><V34/><F34/><W45/><G57/><T75/><D114/><U0/><E91/><V15/><F47/><W54/><G54/><T78/><D66/><U28/><E124/><V88/><F15/><W46/><G46/><T38/><D38/><U4/><E0/><V97/><F90/><W31/><G31/><N who="1" m="11818" /><E26/><V50/><F50/><W110/><G110/><T41/><D41/><U10/><E10/><V74/><F29/><W25/><G25/><T40/><D40/><U43/><E43/><V108/><F108/><W95/><G100/><T53/><D125/><U89/><E89/><V131/><F131/><W2/><G2/><T70/><D3/><U39/><E39/><V130/><F130/><W60/><G60/><T92/><D53/><U68/><E68/><V123/><F123/><W63/><G63/><T119/><D70/><U59/><E59/><V104/><F104/><W105/><G105/><T64/><D64/><U94/><E94/><V9/><F23/><W81/><G12/><T80/><D92/><U7/><AGARI ba="2,0" hai="4,5,7,17,22,27,116,117" m="11818,43593" machi="7" ten="40,8000,1" yaku="15,1,11,1,34,2" doraHai="77" who="1" fromWho="1" sc="629,-42,178,86,86,-22,107,-22" />
</Scene>
<Scene>
<INIT seed="5,0,0,1,4,44" ten="587,264,64,85" oya="1" hai0="5,57,31,112,120,128,19,133,8,4,108,48,28" hai1="72,117,37,62,77,94,0,76,13,79,46,106,6" hai2="34,9,64,99,56,53,93,10,20,110,47,104,43" hai3="70,35,126,109,92,90,69,29,55,87,125,122,101"/><U113/><E117/><V82/><F104/><W22/><G122/><T98/><D98/><U127/><E106/><V89/><F34/><W103/><G35/><T59/><D19/><U27/><E113/><V131/><F110/><W114/><G109/><T121/><D108/><U61/><E127/><N who="3" m="48650" /><G114/><T1/><D112/><U97/><E0/><V25/><F64/><W21/><G55/><T30/><D128/><U24/><E37/><V116/><F82/><W66/><G29/><T58/><D133/><U49/><E6/><V42/><F116/><W32/><G32/><T65/><D65/><U54/><E13/><V12/><F131/><W51/><G51/><T83/><D83/><U45/><E45/><V71/><F71/><N who="3" m="27147" /><G66/><T68/><D68/><U75/><E75/><V40/><F47/><W36/><G36/><T14/><D1/><U85/><E72/><V23/><F12/><W124/><G124/><T18/><D48/><U107/><E107/><V26/><F9/><W38/><G38/><T3/><D3/><U111/><E111/><V118/><F10/><W115/><G115/><T96/><D96/><U129/><E129/><V100/><F118/><W135/><G135/><T102/><D102/><AGARI ba="0,0" hai="21,22,87,90,92,101,102,103" m="27147,48650" machi="102" ten="30,1000,0" yaku="18,1" doraHai="44" who="3" fromWho="0" sc="587,-10,264,0,64,0,85,10" />
</Scene>
<Scene>
<INIT seed="6,0,0,4,4,24" ten="577,264,64,95" oya="2" hai0="39,19,2,117,35,120,114,102,26,38,43,72,128" hai1="87,95,109,8,115,112,22,5,47,66,119,107,94" hai2="1,89,37,76,61,21,124,83,105,32,55,62,60" hai3="131,30,36,122,82,74,116,33,13,104,96,77,90"/><V42/><F32/><W17/><G122/><T10/><D19/><U57/><E107/><V45/><F1/><W98/><G116/><T27/><D27/><U7/><E109/><V80/><F105/><W48/><G36/><T103/><D26/><U127/><E127/><V9/><F124/><W46/><G131/><T67/><D103/><U20/><E47/><V25/><F9/><W44/><G44/><T14/><D14/><U81/><E5/><V34/><F34/><W75/><G75/><T31/><D102/><U118/><E57/><V125/><F125/><W18/><G18/><T78/><D67/><U92/><E66/><V3/><F3/><W130/><G130/><T99/><D99/><U53/><E53/><V50/><F89/><W135/><G135/><T133/><D43/><U12/><E118/><V29/><REACH who="2" step="1"/><F76/><REACH who="2" ten="577,264,54,95" step="2"/><W86/><G104/><T121/><D78/><N who="1" m="46519" /><E119/><V73/><F73/><W51/><G74/><T68/><D72/><U15/><E8/><V28/><F28/><W56/><G30/><T123/><D10/><U132/><E22/><V97/><F97/><W111/><G33/><T52/><D123/><U11/><E20/><V16/><F16/><W58/><G98/><T54/><D35/><U106/><E106/><V113/><F113/><N who="1" m="43593" /><E132/><V88/><F88/><W71/><G90/><T40/><D121/><U49/><E11/><V64/><F64/><W126/><G126/><T65/><D120/><U100/><E7/><V84/><F84/><W23/><G86/><T129/><D65/><U6/><E6/><V4/><F4/><W70/><G23/><RYUUKYOKU ba="0,1" sc="577,-10,264,-10,54,30,95,-10" hai2="21,25,29,37,42,45,50,55,60,61,62,80,83" />
</Scene>
<Scene>
<INIT seed="6,1,1,0,0,55" ten="567,254,84,85" oya="2" hai0="25,128,54,38,134,2,50,100,93,90,99,53,13" hai1="108,73,6,69,46,59,88,34,21,17,118,78,23" hai2="30,135,132,7,111,87,29,70,57,96,8,81,40" hai3="28,49,115,112,121,94,47,120,103,60,83,18,116"/><V125/><F70/><W91/><G28/><T113/><D38/><U75/><E69/><V37/><F111/><W133/><G116/><T51/><D2/><U11/><E34/><V126/><F96/><N who="3" m="59799" /><G133/><N who="2" m="51273" /><F40/><N who="3" m="24807" /><G18/><T0/><D0/><U36/><E118/><V107/><F37/><W4/><G4/><T12/><D113/><N who="3" m="43593" /><G60/><T102/><D128/><U66/><E6/><V68/><F107/><W65/><G65/><T82/><D25/><U61/><E17/><V56/><F68/><W76/><G91/><T14/><D134/><U20/><E88/><N who="2" m="51311" /><F30/><W85/><AGARI ba="1,1" hai="76,83,85,120,121" m="43593,24807,59799" machi="85" ten="30,2000,0" yaku="15,1,11,1" doraHai="55" who="3" fromWho="3" sc="567,-6,254,-6,84,-11,85,33" />
</Scene>
<Scene>
<INIT seed="7,0,0,3,5,41" ten="561,248,73,118" oya="3" hai0="100,95,20,13,107,50,76,115,134,6,103,3,37" hai1="94,46,91,14,60,111,34,82,66,75,85,4,25" hai2="129,19,38,40,42,43,133,108,22,59,54,109,125" hai3="10,89,8,61,112,47,104,119,135,80,105,35,23"/><W49/><G119/><T73/><D95/><U92/><E111/><V102/><F102/><W132/><G35/><T16/><D50/><U71/><E46/><V5/><F5/><W32/><G32/><T30/><D37/><U86/><E75/><V36/><F22/><W53/><G112/><T29/><D103/><U64/><E64/><V33/><F19/><W70/><G23/><T74/><D16/><U48/><E48/><V116/><F33/><W9/><G70/><T55/><D55/><U127/><E127/><V57/><F116/><W78/><G89/><T101/><D13/><U122/><E122/><V56/><F125/><W58/><G105/><T63/><D63/><U11/><E86/><V65/><F129/><W84/><REACH who="3" step="1"/><G104/><REACH who="3" ten="561,248,73,108" step="2"/><T99/><D107/><U31/><AGARI ba="0,1" hai="4,11,14,25,31,34,60,66,71,82,85,91,92,94" machi="31" ten="30,1100,0" yaku="0,1" doraHai="41" who="1" fromWho="1" sc="561,-3,248,21,73,-3,108,-5" owari="558,66.0,269,7.0,70,-43.0,103,-30.0" />
</Scene>
</mjloggm>