<mjloggm ver="2.3"><GO type="169" lobby="0"/><UN n0="%E5%A4%A9%E5%B0%8A%E4%BD%8D" n1="%E2%98%86%6E%61%6F%E2%98%86" n2="%E3%82%86%E3%81%86%E3%81%B4" n3="%E3%81%99%E3%81%9A%E3%82%81%E3%82%AF%E3%83%AC%E3%82%A4%E3%82%B8%E3%83%BC" dan="16,16,16,19" rate="2133.79,2041.38,2132.74,2307.45" sx="F,F,M,M"/><TAIKYOKU oya="0"/>

<Scene>
<INIT seed="0,0,0,1,1,36" ten="250,250,250,250" oya="0" hai0="45,111,4,42,41,105,8,35,43,21,102,17,15" hai1="127,73,0,55,82,91,24,123,107,112,28,20,57" hai2="85,117,14,63,113,106,72,128,133,44,68,29,97" hai3="125,16,54,90,60,126,74,26,67,114,3,76,66"/><T37/><D35/><U58/><E123/><V46/><F113/><W87/><G3/><T31/><D31/><U116/><E116/><V25/><F72/><W119/><G119/><T33/><D33/><U49/><E112/><V38/><F117/><W2/><G2/><T40/><D111/><U104/><E127/><V69/><F85/><W92/><G114/><T135/><D135/><U1/><E1/><V64/><F14/><W51/><G74/><T100/><REACH who="0" step="1"/><D105/><REACH who="0" ten="240,250,250,250" step="2"/><U79/><E0/><AGARI ba="0,1" hai="0,4,8,15,17,21,37,40,41,42,43,45,100,102" machi="0" ten="40,24000,3" yaku="1,1,2,1,52,4,53,2" doraHai="36" doraHaiUra="99" who="0" fromWho="1" sc="240,250,250,-240,250,0,250,0" />
</Scene>
<Scene>
<INIT seed="0,1,0,3,1,48" ten="490,10,250,250" oya="0" hai0="19,112,122,66,65,28,27,44,5,39,8,17,20" hai1="61,26,42,23,125,105,43,11,4,91,60,101,78" hai2="10,133,45,85,121,106,9,88,53,68,46,62,90" hai3="7,115,111,82,123,81,132,55,25,38,80,2,107"/><T56/><D112/><U63/><E125/><V135/><F106/><W75/><G115/><T100/><D122/><U40/><E78/><V52/><F121/><W71/><G107/><T102/><D39/><U67/><E105/><V18/><F68/><W76/><G71/><T6/><D44/><U73/><E73/><V128/><F62/><W117/><G117/><T3/><D6/><U118/><E118/><V120/><F120/><W98/><G111/><T108/><D108/><U32/><E32/><V83/><F128/><W79/><G98/><T109/><D109/><U99/><E91/><V86/><F18/><W41/><G132/><T69/><D69/><U119/><E119/><V134/><F135/><W95/><G95/><T54/><D19/><U37/><E37/><V70/><F70/><W87/><G25/><T1/><D17/><U14/><E99/><V0/><F0/><W72/><G82/><AGARI ba="1,0" hai="9,10,45,46,52,53,82,83,85,86,88,90,133,134" machi="82" ten="25,12000,2" yaku="22,2,52,2,54,2" doraHai="48" who="2" fromWho="3" sc="490,0,10,0,250,123,250,-123" />
</Scene>
<Scene>
<INIT seed="1,0,0,3,2,63" ten="490,10,373,127" oya="1" hai0="100,112,98,37,9,3,68,31,39,125,8,108,115" hai1="103,12,92,41,89,126,123,10,102,117,49,22,88" hai2="109,121,18,34,76,67,85,62,79,99,48,81,4" hai3="116,94,104,72,129,96,131,52,122,127,73,57,71"/><U23/><E123/><V66/><F121/><W28/><G71/><T113/><D68/><U7/><E126/><V120/><F34/><W51/><G127/><T54/><D125/><U134/><E134/><V78/><F120/><W95/><G122/><T135/><D135/><U44/><E89/><V58/><F109/><W59/><G28/><T86/><D108/><U19/><E117/><V13/><F4/><W27/><G27/><T90/><D31/><U26/><REACH who="1" step="1"/><E22/><REACH who="1" ten="490,0,373,127" step="2"/><N who="2" m="11599" /><F99/><AGARI ba="0,1" hai="7,10,12,19,23,26,41,44,49,88,92,99,102,103" machi="99" ten="30,12000,1" yaku="1,1,7,1,8,1,54,1,53,1" doraHai="63" doraHaiUra="17" who="1" fromWho="2" sc="490,0,0,130,373,-120,127,0" />
</Scene>
<Scene>
<INIT seed="1,1,0,3,3,69" ten="490,130,253,127" oya="1" hai0="19,113,112,129,103,94,5,109,133,30,111,7,63" hai1="128,24,35,81,110,29,95,80,59,91,77,75,31" hai2="72,135,34,39,15,62,49,22,13,66,14,79,33" hai3="107,38,28,17,44,53,76,48,55,46,20,83,84"/><U65/><E128/><V124/><F135/><W56/><G107/><T126/><D133/><U96/><E31/><V102/><F124/><W105/><G105/><T32/><D126/><U50/><E80/><V70/><F102/><W116/><G116/><T64/><D129/><U11/><E11/><V41/><F49/><W45/><G28/><T132/><D132/><U73/><E110/><N who="0" m="41993" /><D19/><U127/><E127/><V36/><F22/><W115/><G115/><N who="0" m="44107" /><D30/><U51/><REACH who="1" step="1"/><E75/><REACH who="1" ten="490,120,253,127" step="2"/><V27/><F72/><W23/><G23/><T89/><D32/><U9/><E9/><V74/><F34/><W58/><G38/><T117/><D117/><U86/><E86/><V8/><F33/><W68/><G68/><N who="0" m="42015" /><D103/><U37/><E37/><V104/><F36/><W82/><G82/><T92/><D92/><U4/><E4/><V93/><F93/><W118/><G118/><T47/><D5/><U1/><E1/><V131/><F104/><W61/><G20/><T10/><D7/><U26/><E26/><V100/><F27/><W134/><G134/><T78/><D94/><U42/><E42/><V130/><F41/><W108/><G108/><T12/><D10/><U71/><E71/><V119/><F39/><W0/><G0/><T123/><D12/><N who="2" m="4714" /><F119/><W16/><AGARI ba="1,1" hai="16,17,44,45,46,48,53,55,56,58,61,76,83,84" machi="16" ten="30,4000,0" yaku="0,1,8,1,54,1" doraHai="69" who="3" fromWho="3" sc="490,-11,120,-21,253,-11,127,53" />
</Scene>
<Scene>
<INIT seed="2,0,0,2,1,94" ten="479,99,242,180" oya="2" hai0="129,39,75,1,131,97,35,135,10,78,21,48,2" hai1="19,106,98,122,5,9,79,4,28,86,90,118,58" hai2="126,103,25,22,82,3,74,12,84,130,20,73,132" hai3="124,93,120,29,63,17,80,111,6,55,18,127,26"/><V66/><F3/><W85/><G120/><T47/><D35/><U14/><E118/><V116/><F116/><W65/><G6/><T67/><D39/><U7/><E122/><V110/><F126/><N who="3" m="48171" /><G55/><T64/><D135/><U123/><E123/><V77/><F132/><W8/><G8/><T121/><D121/><U23/><E79/><V43/><F43/><W125/><G93/><T45/><D21/><U46/><E46/><V113/><F113/><W104/><G104/><T83/><D47/><U53/><E106/><V72/><F130/><N who="0" m="49674" /><D97/><U101/><E101/><V112/><F112/><W105/><G105/><T42/><D10/><U107/><E107/><V91/><F103/><W30/><G111/><T33/><D33/><U56/><E98/><V52/><F110/><W41/><G41/><T61/><D67/><U37/><E53/><V11/><F66/><W40/><G40/><T32/><D32/><U44/><E44/><V81/><F52/><W87/><G87/><T27/><D1/><U13/><E37/><V0/><F0/><W102/><G102/><T59/><D2/><U100/><E100/><V68/><F74/><W36/><G36/><T70/><D75/><U60/><E60/><V51/><F73/><W62/><G62/><T31/><D61/><U99/><E99/><V108/><F108/><W133/><G133/><T92/><D42/><U96/><E96/><V89/><F72/><W57/><N who="3" m="48179" /><W76/><DORA hai="54" /><G30/><T49/><D31/><U88/><E28/><V69/><F84/><W15/><G15/><T38/><D64/><U50/><E86/><RYUUKYOKU ba="0,0" sc="479,-10,99,-10,242,-10,180,30" hai3="17,18,26,29,57,63,65,76,80,85" />
</Scene>
<Scene>
<INIT seed="3,1,0,5,5,97" ten="469,89,232,210" oya="3" hai0="6,41,134,43,19,117,5,127,110,39,84,85,108" hai1="0,37,56,18,12,67,53,102,114,7,10,61,129" hai2="31,28,30,70,8,80,81,48,113,76,126,88,75" hai3="94,20,109,62,120,34,112,47,2,4,45,107,125"/><W26/><G120/><T35/><D117/><U90/><E129/><V71/><F113/><W121/><G121/><T59/><D35/><U89/><E114/><V104/><F104/><W87/><G107/><T32/><D32/><U38/><E37/><V46/><F126/><W68/><G125/><T128/><D127/><U82/><E38/><V50/><F8/><W69/><G34/><T123/><D123/><U124/><E124/><V49/><REACH who="2" step="1"/><F46/><REACH who="2" ten="469,89,222,210" step="2"/><W122/><G47/><N who="0" m="23999" /><D128/><U9/><E82/><V101/><F101/><W40/><G45/><T135/><D110/><U72/><E72/><V131/><F131/><W133/><G109/><T106/><D108/><U29/><E102/><V54/><F54/><W92/><G112/><T36/><D106/><U15/><E0/><V58/><F58/><W86/><G69/><T16/><D59/><U78/><E78/><V55/><F55/><W23/><G68/><T83/><D5/><U119/><E119/><V25/><F25/><W116/><G26/><T79/><D6/><U73/><E73/><V118/><F118/><W22/><G4/><T105/><D105/><U132/><E132/><V130/><F130/><W65/><G133/><T111/><D111/><U77/><E77/><V17/><F17/><N who="0" m="6730" /><D135/><U66/><REACH who="1" step="1"/><E29/><REACH who="1" ten="469,79,222,210" step="2"/><V95/><F95/><N who="3" m="36395" /><G2/><T100/><D134/><U103/><E103/><V60/><F60/><W1/><G1/><T74/><D100/><U11/><E11/><V13/><F13/><W14/><G14/><T96/><D79/><U64/><AGARI ba="1,2" hai="7,9,10,12,15,18,53,56,61,64,66,67,89,90" machi="64" ten="30,7900,0" yaku="1,1,0,1,8,1,53,1" doraHai="97" doraHaiUra="52" who="1" fromWho="1" sc="469,-21,79,102,222,-21,210,-40" />
</Scene>
<Scene>
<INIT seed="4,0,0,4,2,97" ten="448,181,201,170" oya="0" hai0="80,126,87,120,4,78,53,5,2,0,9,22,123" hai1="66,128,89,74,108,19,52,134,21,135,96,88,56" hai2="94,14,36,90,35,99,67,70,131,51,115,6,124" hai3="62,48,24,34,73,60,11,29,103,63,98,83,122"/><T50/><D126/><U7/><E74/><V75/><F36/><W44/><G122/><T26/><D5/><U15/><E108/><V23/><F124/><W39/><G39/><T118/><D0/><U119/><E119/><V84/><F35/><W41/><G11/><T46/><REACH who="0" step="1"/><D118/><REACH who="0" ten="438,181,201,170" step="2"/><U77/><E7/><V57/><F6/><W47/><G47/><T130/><D130/><U10/><E128/><V85/><F131/><W32/><G32/><T27/><D27/><U101/><E135/><V121/><F121/><W30/><G24/><T12/><D12/><U54/><E134/><V82/><F14/><W25/><G25/><T20/><D20/><U40/><E21/><V91/><F23/><W107/><G34/><T112/><D112/><U28/><E15/><V113/><F113/><W106/><G29/><AGARI ba="0,1" hai="2,4,9,22,26,29,46,50,53,78,80,87,120,123" machi="29" ten="30,11600,0" yaku="1,1,7,1,53,2" doraHai="97" doraHaiUra="116" who="0" fromWho="3" sc="438,126,181,0,201,0,170,-116" />
</Scene>
<Scene>
<INIT seed="4,1,0,2,3,46" ten="564,181,201,54" oya="0" hai0="116,124,99,130,70,105,55,41,22,57,67,96,58" hai1="23,111,89,48,87,129,115,4,120,134,47,26,10" hai2="61,109,95,123,40,84,39,56,128,132,1,33,20" hai3="126,117,32,59,90,118,92,66,106,31,19,38,27"/><T77/><D116/><U54/><E120/><V5/><F33/><W114/><G114/><T110/><D70/><U81/><E111/><V21/><F123/><W49/><G38/><T93/><D110/><U45/><E134/><V24/><F132/><W3/><G106/><T79/><D41/><U14/><E129/><V74/><F74/><W122/><G122/><T11/><D130/><U102/><E115/><V113/><F113/><W52/><G3/><T44/><D105/><U18/><E102/><V97/><F128/><W13/><G66/><T53/><D44/><AGARI ba="1,0" hai="4,10,14,18,23,26,44,45,47,48,54,81,87,89" machi="44" ten="30,3900,0" yaku="7,1,8,1,52,1" doraHai="46" who="1" fromWho="0" sc="564,-42,181,42,201,0,54,0" />
</Scene>
<Scene>
<INIT seed="5,0,0,5,0,25" ten="522,223,201,54" oya="1" hai0="59,133,52,132,12,109,26,10,1,98,73,125,30" hai1="43,64,119,2,110,65,11,108,99,13,102,81,75" hai2="115,80,48,9,83,55,101,47,72,126,20,130,40" hai3="29,33,123,127,53,66,129,54,57,37,46,105,35"/><U61/><E2/><V122/><F122/><W38/><G105/><T5/><D73/><U77/><E119/><V27/><F130/><W111/><G111/><N who="1" m="42538" /><E61/><V135/><F135/><N who="0" m="51786" /><D109/><U71/><E43/><V97/><F126/><W39/><G127/><T60/><D125/><U36/><E36/><V23/><F115/><W28/><G123/><T45/><D98/><U51/><E51/><V7/><F72/><W93/><G129/><T107/><D45/><U94/><E71/><V63/><F63/><W16/><G93/><T78/><D78/><U8/><E8/><V116/><F116/><W124/><G46/><T15/><D107/><U86/><E86/><V69/><F69/><W18/><G124/><T100/><D100/><U24/><E24/><V134/><F55/><N who="3" m="21003" /><G66/><T56/><D56/><U89/><E102/><V3/><F134/><W44/><G44/><T96/><D96/><U32/><E32/><AGARI ba="0,0" hai="1,5,10,12,15,26,30,32,52,59,60" m="51786" machi="32" ten="30,3900,0" yaku="20,1,52,1,54,1" doraHai="25" who="0" fromWho="1" sc="522,39,223,-39,201,0,54,0" />
</Scene>
<Scene>
<INIT seed="6,0,0,2,1,36" ten="561,184,201,54" oya="2" hai0="4,85,26,135,95,73,117,61,108,99,126,23,84" hai1="118,79,21,98,113,24,86,20,12,125,1,103,32" hai2="16,11,70,131,106,93,57,40,100,89,83,58,97" hai3="81,3,127,78,48,66,28,116,60,110,49,19,114"/><V128/><F70/><W30/><G110/><T55/><D108/><U122/><E118/><V34/><F34/><W31/><G116/><T94/><D73/><U7/><E1/><V25/><F83/><W46/><G3/><T67/><D117/><U45/><E113/><V8/><F8/><W14/><G127/><T5/><D55/><U41/><E125/><V0/><F0/><W68/><G114/><T47/><D47/><U35/><E21/><V119/><F119/><W77/><G49/><T44/><D44/><U91/><E122/><V111/><F111/><W76/><G81/><T74/><D135/><U50/><E79/><V104/><F40/><W39/><G39/><T121/><D74/><U101/><E32/><V17/><F106/><W107/><G107/><T112/><D121/><U123/><E35/><V120/><F120/><W82/><G82/><T59/><D112/><U10/><E98/><V51/><F11/><W15/><REACH who="3" step="1"/><G19/><REACH who="3" ten="561,184,201,44" step="2"/><T109/><D126/><U33/><E123/><V2/><F2/><W64/><G64/><T72/><D67/><U18/><E33/><V71/><F17/><W22/><G22/><T105/><D23/><U27/><E24/><V90/><F51/><W87/><G87/><T102/><D84/><U96/><E86/><V80/><F104/><W132/><G132/><T62/><D85/><U133/><E133/><V69/><F16/><W42/><AGARI ba="0,1" hai="14,15,28,30,31,42,46,48,60,66,68,76,77,78" machi="42" ten="30,7900,0" yaku="1,1,0,1,52,1,53,1" doraHai="36" doraHaiUra="38" who="3" fromWho="3" sc="561,-20,184,-20,201,-39,44,89" />
</Scene>
<Scene>
<INIT seed="7,0,0,4,1,90" ten="541,164,162,133" oya="3" hai0="104,78,117,15,38,97,1,120,33,91,5,59,54" hai1="3,96,100,129,66,92,86,42,71,134,27,48,14" hai2="64,39,99,67,73,19,102,55,113,125,29,88,45" hai3="70,123,7,128,107,32,25,121,17,101,6,41,31"/><W126/><G41/><T108/><D108/><U56/><E3/><V116/><F73/><W16/><G70/><T63/><D38/><U36/><E36/><V47/><F116/><W106/><G101/><T68/><D33/><U21/><E71/><V133/><F113/><W132/><G107/><T77/><D15/><U51/><E42/><V61/><F133/><W103/><G103/><T49/><D104/><U74/><E74/><V98/><F29/><W12/><G106/><T60/><D120/><N who="3" m="46153" /><G132/><T0/><D68/><U58/><E129/><V2/><F39/><W95/><G95/><N who="0" m="56575" /><D0/><U93/><E14/><V85/><F102/><W84/><G84/><T62/><D1/><U124/><E134/><V24/><F125/><W118/><G118/><T9/><D117/><U8/><E8/><V20/><F55/><W52/><G52/><T89/><D9/><U122/><E124/><V28/><F2/><W135/><G135/><T94/><D5/><N who="3" m="1545" /><G126/><T110/><D110/><U130/><E122/><V69/><F67/><W79/><G79/><T23/><D78/><U87/><E66/><V76/><F76/><W11/><G17/><T18/><D77/><U127/><E127/><V26/><F99/><W40/><G40/><T81/><D81/><U112/><E96/><V82/><F98/><W115/><G115/><T46/><D63/><U65/><E112/><V119/><F119/><W22/><G128/><T44/><D62/><U75/><E130/><V109/><F109/><W72/><G72/><T83/><D60/><U13/><E75/><V114/><F114/><W131/><G131/><RYUUKYOKU ba="0,0" sc="541,-15,164,-15,162,15,133,15" hai2="19,20,24,26,28,45,47,61,64,69,82,85,88" hai3="11,12,16,22,25,31,32" />
</Scene>
<Scene>
<INIT seed="7,1,0,1,4,86" ten="526,149,177,148" oya="3" hai0="95,122,29,113,68,89,0,58,109,30,82,7,53" hai1="22,72,57,83,24,103,40,96,33,98,87,55,51" hai2="84,48,129,135,120,133,63,91,62,75,26,73,92" hai3="121,69,80,9,64,105,115,65,27,10,34,130,119"/><W14/><G119/><T111/><D122/><U46/><E72/><N who="2" m="27723" /><F120/><W76/><G121/><T21/><D113/><U107/><E33/><V54/><F26/><W20/><G115/><T90/><D68/><U117/><E117/><V116/><F129/><W106/><G34/><T101/><D101/><U41/><E98/><V78/><F78/><W104/><G130/><T6/><D82/><U71/><E71/><V2/><F2/><W1/><G1/><T85/><D111/><U118/><E118/><V128/><F128/><W88/><G69/><T5/><D0/><U15/><E15/><V123/><F123/><W102/><G102/><T32/><D32/><U8/><E8/><V108/><F108/><W38/><G38/><T4/><D4/><U49/><E49/><V132/><F116/><W52/><G52/><T39/><D39/><U70/><E70/><V23/><F23/><W17/><G10/><T47/><D47/><AGARI ba="1,0" hai="47,48,54,62,63,84,91,92,132,133,135" m="27723" machi="47" ten="40,2600,0" yaku="20,1,52,1" doraHai="86" who="2" fromWho="0" sc="526,-29,149,0,177,29,148,0" owari="497,59.0,149,-25.0,206,1.0,148,-35.0" />
</Scene>
</mjloggm>