<mjloggm ver="2.3"><GO type="169" lobby="0"/><UN n0="%E3%81%99%E3%81%9A%E3%82%81%E3%82%AF%E3%83%AC%E3%82%A4%E3%82%B8%E3%83%BC" n1="%74%61%74%73%75%37%30%32" n2="%75%65%73%68%6F%77" n3="%E7%AB%9C%E6%B2%B3%E6%86%A9" dan="19,17,17,16" rate="2269.32,2237.22,2161.08,2068.74" sx="M,M,M,M"/><TAIKYOKU oya="0"/>

<Scene>
<INIT seed="0,0,0,1,4,119" ten="250,250,250,250" oya="0" hai0="125,52,3,80,75,91,41,134,20,72,106,56,111" hai1="84,121,32,86,24,16,107,126,68,127,110,117,44" hai2="8,103,69,65,33,38,85,1,61,76,62,77,57" hai3="0,135,47,130,63,128,40,17,123,131,28,51,6"/><T45/><D3/><U90/><E117/><V39/><F33/><W48/><G6/><T120/><D106/><U30/><E68/><V7/><F103/><W13/><G28/><T118/><D118/><U82/><E107/><V96/><F96/><W27/><G27/><T101/><D101/><U93/><E110/><V132/><F132/><W49/><G0/><T5/><D5/><U88/><E44/><V25/><F25/><W35/><G35/><T105/><D105/><U22/><REACH who="1" step="1"/><E121/><REACH who="1" ten="250,240,250,250" step="2"/><V83/><REACH who="2" step="1"/><F77/><REACH who="2" ten="250,240,240,250" step="2"/><W78/><G78/><T97/><D134/><U70/><E70/><V21/><F21/><W124/><G135/><T94/><D20/><U67/><E67/><AGARI ba="0,2" hai="1,7,8,38,39,57,61,62,65,67,69,76,83,85" machi="67" ten="30,2000,0" yaku="1,1,7,1,53,0" doraHai="119" doraHaiUra="114" who="2" fromWho="1" sc="250,0,240,-20,240,40,250,0" />
</Scene>
<Scene>
<INIT seed="1,0,0,0,4,73" ten="250,220,280,250" oya="1" hai0="30,12,118,107,52,75,121,6,125,134,0,102,46" hai1="53,32,119,49,29,131,92,84,126,115,104,54,36" hai2="5,11,4,83,130,113,109,20,41,28,38,13,85" hai3="117,58,108,68,14,133,98,26,96,60,44,64,61"/><U57/><E104/><V42/><F113/><W67/><G108/><T71/><D71/><U72/><E36/><V116/><F109/><W62/><G133/><T88/><D75/><U105/><E72/><V55/><F116/><W56/><G117/><T97/><D134/><U47/><E105/><V99/><F38/><W22/><G61/><T10/><D125/><U124/><E119/><V77/><F130/><W43/><G14/><T80/><D30/><U48/><E131/><V18/><F28/><W120/><G120/><T90/><D118/><U69/><E69/><V79/><F5/><W87/><G87/><T123/><D0/><U110/><E115/><V51/><F99/><W135/><G135/><T95/><D80/><U37/><E37/><V21/><F77/><W9/><G9/><T114/><D114/><U31/><E110/><V86/><F86/><W70/><G70/><T65/><D65/><U127/><REACH who="1" step="1"/><E32/><REACH who="1" ten="250,210,280,250" step="2"/><V23/><REACH who="2" step="1"/><F4/><REACH who="2" ten="250,210,270,250" step="2"/><W94/><G68/><T27/><D121/><U74/><E74/><V89/><F89/><AGARI ba="0,2" hai="29,31,47,48,49,53,54,57,84,89,92,124,126,127" machi="89" ten="40,12000,1" yaku="1,1,18,1,53,2" doraHai="73" doraHaiUra="45" who="1" fromWho="2" sc="250,0,210,140,270,-120,250,0" />
</Scene>
<Scene>
<INIT seed="1,1,0,1,3,39" ten="250,350,150,250" oya="1" hai0="72,26,88,73,15,104,48,76,130,74,51,91,84" hai1="77,122,81,54,67,37,102,124,71,61,133,115,68" hai2="1,14,44,29,65,89,3,2,90,46,105,36,5" hai3="131,78,22,129,80,34,82,94,86,109,47,59,134"/><U24/><E115/><V50/><F105/><W11/><G34/><T66/><D66/><U9/><E122/><V106/><F106/><W98/><G109/><T13/><D104/><U21/><E37/><V63/><F29/><W101/><G134/><T95/><D76/><U31/><E133/><V125/><F125/><W35/><G35/><T38/><D38/><U75/><E124/><V111/><F111/><W0/><G59/><T107/><D107/><U64/><E102/><V92/><F36/><W27/><G11/><T8/><D26/><U87/><E54/><V96/><F44/><W108/><G108/><T69/><D69/><U100/><E100/><V18/><F5/><W49/><G0/><T128/><D91/><U56/><E67/><V4/><F4/><W132/><G82/><T117/><D15/><U57/><E71/><V99/><F99/><W120/><G120/><T121/><D117/><U12/><E75/><V127/><F90/><W112/><G112/><T79/><D79/><U114/><E114/><V52/><F127/><W113/><G113/><T123/><D121/><U20/><E20/><V97/><F97/><W19/><G132/><T17/><REACH who="0" step="1"/><D123/><REACH who="0" ten="240,350,150,250" step="2"/><U41/><E68/><V25/><F25/><W62/><G131/><AGARI ba="1,1" hai="8,13,17,48,51,72,73,74,84,88,95,128,130,131" machi="131" ten="50,8000,1" yaku="1,1,2,1,19,1,54,1,53,0" doraHai="39" doraHaiUra="42" who="0" fromWho="3" sc="240,93,350,0,150,0,250,-83" />
</Scene>
<Scene>
<INIT seed="2,0,0,5,4,88" ten="333,350,150,167" oya="2" hai0="130,92,118,82,133,41,37,60,44,81,12,24,115" hai1="16,8,42,95,117,111,28,75,122,43,135,98,78" hai2="114,79,32,9,74,35,50,13,112,36,116,89,63" hai3="45,61,62,33,53,22,108,107,83,94,46,72,26"/><V48/><F36/><W113/><G107/><T71/><D115/><U25/><E117/><V11/><F116/><W34/><G108/><T120/><D130/><U73/><E111/><V105/><F105/><W23/><G113/><T93/><D120/><U30/><E122/><V0/><F114/><W59/><G72/><T106/><D106/><U49/><E135/><V51/><F112/><W52/><G83/><T7/><D133/><U100/><E75/><V56/><F0/><W80/><G80/><T4/><D24/><U85/><E73/><V18/><F9/><W101/><G33/><T124/><D124/><U1/><E1/><V64/><F74/><W6/><G34/><T19/><D82/><N who="1" m="47319" /><E49/><V91/><F79/><W126/><G126/><T102/><D81/><U29/><E25/><V110/><F110/><W99/><G6/><T57/><D102/><U132/><E132/><V77/><F77/><W69/><G23/><T38/><D71/><U17/><E8/><V47/><F47/><W87/><G87/><T68/><D38/><U104/><E104/><V27/><REACH who="2" step="1"/><F35/><REACH who="2" ten="333,350,140,167" step="2"/><W31/><G69/><T39/><D68/><U40/><AGARI ba="0,1" hai="16,17,28,29,30,40,42,43,95,98,100" m="47319" machi="40" ten="30,4000,0" yaku="8,1,52,1,54,1" doraHai="88" who="1" fromWho="1" sc="333,-10,350,50,140,-20,167,-10" />
</Scene>
<Scene>
<INIT seed="3,0,0,3,3,99" ten="323,400,120,157" oya="3" hai0="92,27,0,39,52,130,14,53,100,135,71,134,67" hai1="60,93,44,62,76,45,123,43,112,64,7,4,2" hai2="109,47,10,13,59,63,87,54,9,1,94,89,101" hai3="56,23,80,16,12,30,25,37,79,41,127,128,20"/><W85/><G127/><T95/><D0/><U84/><E112/><V107/><F109/><W35/><G128/><T90/><D39/><U108/><E123/><V132/><F132/><W75/><G37/><T69/><D67/><U66/><E108/><V118/><F118/><W120/><G120/><T19/><D27/><U29/><E29/><V49/><F1/><W106/><G106/><T96/><D130/><U17/><E17/><V97/><REACH who="2" step="1"/><F13/><REACH who="2" ten="323,400,110,157" step="2"/><W3/><G3/><T98/><D135/><U31/><E2/><V33/><F33/><W115/><G115/><T81/><D134/><U6/><E31/><V46/><F46/><W50/><G35/><T121/><D121/><U58/><E43/><AGARI ba="0,1" hai="9,10,43,47,49,54,59,63,87,89,94,97,101,107" machi="43" ten="30,3900,0" yaku="1,1,7,1,52,1,53,0" doraHai="99" doraHaiUra="61" who="2" fromWho="1" sc="323,0,400,-39,110,49,157,0" />
</Scene>
<Scene>
<INIT seed="4,0,0,1,4,107" ten="323,361,159,157" oya="0" hai0="10,92,108,53,44,82,96,64,103,56,126,131,19" hai1="134,57,43,32,83,69,35,77,48,73,88,12,49" hai2="105,5,47,112,110,123,130,8,42,11,127,50,71" hai3="98,21,13,26,111,18,63,113,66,40,86,51,129"/><T16/><D131/><U55/><E69/><V85/><F105/><W124/><G111/><T28/><D126/><U100/><E100/><V30/><F110/><W14/><G124/><T27/><D108/><U62/><E134/><V133/><F123/><W122/><G122/><T115/><D115/><U102/><E102/><V97/><F71/><W121/><G121/><T25/><D25/><U45/><E12/><V118/><F97/><W59/><G113/><T0/><D82/><U37/><E88/><V36/><F36/><W68/><G129/><T4/><D44/><U41/><REACH who="1" step="1"/><E41/><REACH who="1" ten="323,351,159,157" step="2"/><V22/><F133/><W29/><G68/><T117/><D117/><U125/><E125/><V23/><F118/><W81/><G14/><T132/><D132/><U74/><E74/><V70/><F70/><W119/><G119/><T2/><D2/><U75/><E75/><V60/><F127/><W7/><G40/><T89/><D89/><U101/><E101/><V87/><F130/><W58/><G13/><T72/><D72/><U120/><E120/><V106/><F112/><W84/><G98/><T93/><D92/><U20/><E20/><V65/><F106/><W9/><G21/><T94/><D93/><U99/><E99/><V116/><F116/><W128/><G128/><T15/><D0/><U95/><E95/><V80/><F22/><W1/><G1/><T39/><D94/><U109/><E109/><V54/><F42/><W52/><G84/><T135/><D96/><U78/><E78/><V76/><F85/><W67/><G86/><T3/><D103/><U31/><E31/><RYUUKYOKU ba="0,1" sc="323,-10,351,30,159,-10,157,-10" hai1="32,35,37,43,45,48,49,55,57,62,73,77,83" />
</Scene>
<Scene>
<INIT seed="5,1,1,1,5,20" ten="313,381,149,147" oya="1" hai0="5,89,62,38,49,95,82,32,22,103,13,93,63" hai1="75,51,35,66,112,96,124,67,134,28,73,18,90" hai2="4,25,123,59,80,107,15,91,86,21,33,108,85" hai3="54,3,120,52,27,12,64,29,84,98,11,61,133"/><U76/><E112/><V77/><F108/><W79/><G120/><T125/><D32/><U43/><E124/><V114/><F107/><W69/><G133/><T50/><D38/><U45/><E134/><V121/><F114/><W117/><G117/><T71/><D71/><U126/><E126/><V100/><F100/><W39/><G3/><T44/><D50/><U128/><E128/><V92/><F33/><W9/><G39/><T60/><D103/><U68/><E18/><V0/><F0/><W30/><G98/><T101/><D101/><U26/><E76/><V97/><F86/><W1/><G1/><T36/><D36/><U78/><E78/><V16/><REACH who="2" step="1"/><F59/><REACH who="2" ten="313,381,139,147" step="2"/><W48/><G84/><N who="0" m="50327" /><D125/><U105/><E105/><V58/><F58/><W99/><G79/><T6/><D95/><U119/><E119/><V122/><F122/><W7/><G99/><T17/><D93/><U127/><E127/><V53/><F53/><AGARI ba="1,2" hai="5,6,13,17,22,44,49,53,60,62,63" m="50327" machi="53" ten="30,1000,0" yaku="8,1" doraHai="20" who="0" fromWho="2" sc="313,33,381,0,139,-13,147,0" />
</Scene>
<Scene>
<INIT seed="6,0,0,2,0,104" ten="346,381,126,147" oya="2" hai0="77,103,73,82,96,124,72,128,61,12,51,85,80" hai1="83,3,38,76,55,90,39,37,60,93,27,102,129" hai2="95,23,121,111,98,16,67,107,56,48,99,2,117" hai3="10,131,40,31,17,86,132,100,21,24,122,89,134"/><V87/><F121/><W41/><G122/><T75/><D61/><U88/><E3/><V5/><F117/><W65/><G65/><T47/><D128/><U53/><E129/><V114/><F111/><W0/><G131/><T20/><D124/><U123/><E123/><V101/><F114/><W64/><G100/><T26/><D12/><U126/><E126/><V63/><F87/><W9/><G64/><T110/><D110/><U74/><E90/><V54/><F5/><W46/><G0/><T70/><D70/><U57/><E102/><V81/><F2/><W92/><G31/><T7/><D7/><U25/><REACH who="1" step="1"/><E55/><REACH who="1" ten="346,371,126,147" step="2"/><V34/><F34/><W59/><G41/><T49/><D82/><U14/><E14/><V69/><F81/><W19/><G132/><T118/><D118/><U33/><E33/><V97/><REACH who="2" step="1"/><F95/><REACH who="2" ten="346,371,116,147" step="2"/><W116/><G92/><T112/><D112/><U91/><E91/><V13/><AGARI ba="0,2" hai="13,16,23,48,54,56,63,67,69,97,98,99,101,107" machi="13" ten="20,24000,3" yaku="1,1,2,1,0,1,7,1,54,1,53,3" doraHai="104" doraHaiUra="94" who="2" fromWho="2" sc="346,-80,371,-80,116,260,147,-80" />
</Scene>
<Scene>
<INIT seed="6,1,0,3,0,109" ten="266,291,376,67" oya="2" hai0="79,46,130,92,1,80,64,132,90,15,47,36,134" hai1="43,73,32,110,39,60,6,125,33,101,97,68,3" hai2="52,88,107,45,93,50,48,38,16,119,121,65,44" hai3="62,118,2,18,83,7,106,94,49,84,19,133,122"/><V5/><F107/><W124/><G122/><T72/><D1/><U105/><E110/><V23/><F38/><W20/><G106/><T131/><D64/><U75/><E125/><V85/><F119/><W12/><G124/><T21/><D21/><U100/><E101/><V61/><F5/><W111/><G111/><T30/><D30/><U104/><E104/><V11/><F11/><W89/><G133/><N who="0" m="51307" /><D15/><U86/><E86/><V27/><F121/><W56/><G118/><T117/><D36/><U28/><E6/><V66/><REACH who="2" step="1"/><F61/><REACH who="2" ten="266,291,366,67" step="2"/><W54/><G7/><T113/><D117/><U98/><E3/><V24/><F24/><W59/><G2/><T127/><D127/><U42/><E39/><V76/><F76/><W10/><G10/><T67/><D79/><U102/><E60/><V115/><F115/><W103/><G103/><T13/><D113/><U22/><E105/><V69/><F69/><W35/><G35/><T40/><D13/><U34/><E68/><V41/><AGARI ba="1,1" hai="16,23,27,41,44,45,48,50,52,65,66,85,88,93" machi="41" ten="20,24000,3" yaku="1,1,0,1,7,1,8,1,54,3,53,2" doraHai="109" doraHaiUra="63" who="2" fromWho="2" sc="266,-81,291,-81,366,253,67,-81" owari="185,-21.0,210,1.0,619,71.0,-14,-51.0" />
</Scene>
</mjloggm>