<mjloggm ver="2.3"><GO type="169" lobby="0"/><UN n0="%3A%44%75%63%61%3A" n1="%E3%81%99%E3%81%9A%E3%82%81%E3%82%AF%E3%83%AC%E3%82%A4%E3%82%B8%E3%83%BC" n2="%E3%81%93%E3%81%B0%E3%81%A3%E3%81%A1%E3%81%83" n3="%6B%65%69%2D%6B%65%69" dan="16,19,17,16" rate="2144.91,2302.21,2151.67,2022.57" sx="M,M,M,M"/><TAIKYOKU oya="0"/>

<Scene>
<INIT seed="0,0,0,1,1,72" ten="250,250,250,250" oya="0" hai0="36,109,33,104,31,2,32,100,111,34,8,121,120" hai1="130,119,85,123,0,116,38,110,42,77,125,115,45" hai2="64,94,80,40,5,124,56,83,16,39,128,20,52" hai3="133,4,107,95,46,135,91,47,112,11,19,66,57"/><T68/><D36/><U15/><E123/><N who="0" m="47177" /><D68/><U96/><E0/><V86/><F124/><W92/><G107/><T23/><D100/><U59/><E125/><V58/><F128/><W61/><G112/><T26/><D104/><U35/><E35/><V17/><F5/><AGARI ba="0,0" hai="2,5,8,23,26,31,32,33,34,109,111" m="47177" machi="5" ten="40,3900,0" yaku="34,2" doraHai="72" who="0" fromWho="2" sc="250,39,250,0,250,-39,250,0" />
</Scene>
<Scene>
<INIT seed="0,1,0,1,5,34" ten="289,250,211,250" oya="0" hai0="44,86,91,94,127,41,47,100,57,119,27,109,60" hai1="123,7,68,96,114,98,107,74,80,128,70,118,30" hai2="99,53,135,115,37,88,71,5,18,131,33,38,61" hai3="76,117,15,46,16,26,110,20,82,101,105,24,125"/><T81/><D119/><U9/><E123/><V8/><F115/><W93/><G117/><T134/><D134/><U55/><E128/><V66/><F33/><W85/><G105/><T73/><D127/><U95/><E30/><V64/><F131/><W103/><G125/><T72/><D109/><U67/><E114/><V84/><F66/><W25/><G110/><T45/><D41/><U133/><E67/><V113/><F135/><W56/><G46/><T87/><D27/><U23/><E23/><V106/><F18/><W77/><G77/><T52/><REACH who="0" step="1"/><D100/><REACH who="0" ten="279,250,211,250" step="2"/><U36/><E133/><V129/><F113/><W63/><REACH who="3" step="1"/><G93/><REACH who="3" ten="279,250,211,240" step="2"/><T130/><D130/><U14/><E95/><V4/><F129/><W78/><G78/><AGARI ba="1,2" hai="44,45,47,52,57,60,72,73,78,81,86,87,91,94" machi="78" ten="40,3900,0" yaku="1,1,54,1,53,0" doraHai="34" doraHaiUra="12" who="0" fromWho="3" sc="279,62,250,0,211,0,240,-42" />
</Scene>
<Scene>
<INIT seed="0,2,0,4,0,21" ten="341,250,211,198" oya="0" hai0="37,105,51,78,46,45,6,85,87,63,115,84,75" hai1="48,52,16,67,66,109,0,86,106,44,89,111,92" hai2="60,17,113,71,94,69,1,81,117,104,125,40,59" hai3="57,56,54,19,73,124,82,62,30,79,108,97,122"/><T93/><D105/><U29/><E0/><V4/><F104/><W7/><G122/><T26/><D115/><U70/><E106/><V35/><F35/><W77/><G124/><T33/><D6/><U120/><E120/><V5/><F113/><W135/><G108/><N who="1" m="41546" /><E70/><V13/><F125/><W110/><G135/><T61/><D37/><U102/><E102/><V131/><F40/><W53/><G110/><T133/><D133/><U14/><E29/><V64/><F81/><W55/><G7/><T3/><D3/><U65/><E67/><V95/><F131/><W36/><G36/><T11/><D11/><AGARI ba="2,0" hai="11,14,16,44,48,52,65,66,86,89,92" m="41546" machi="11" ten="30,3900,0" yaku="14,1,54,2" doraHai="21" who="1" fromWho="0" sc="341,-45,250,45,211,0,198,0" />
</Scene>
<Scene>
<INIT seed="1,0,0,5,1,123" ten="296,295,211,198" oya="1" hai0="39,117,23,100,34,9,97,73,114,103,120,84,18" hai1="85,75,20,17,22,70,128,126,92,71,83,58,53" hai2="93,65,29,105,33,111,119,134,79,45,30,69,27" hai3="115,35,91,31,11,133,14,112,16,95,4,37,62"/><U6/><E128/><V24/><F105/><W5/><G37/><T129/><D114/><U13/><E126/><V63/><F119/><W132/><G91/><T46/><D73/><U127/><E6/><N who="3" m="2666" /><G62/><T7/><D34/><U19/><E75/><V131/><F134/><N who="3" m="51819" /><G95/><T116/><D117/><U60/><E127/><V104/><F104/><W121/><G121/><T0/><D120/><U38/><E38/><V124/><F131/><W15/><G14/><T110/><D116/><U86/><E92/><V72/><F124/><W80/><G80/><T56/><D129/><U32/><E32/><N who="2" m="20519" /><F45/><W78/><G78/><T96/><D84/><U87/><E71/><V61/><F61/><W50/><G50/><T40/><D97/><U130/><E70/><V118/><F93/><W54/><G54/><T36/><D36/><U89/><E130/><V1/><F118/><W67/><G67/><T94/><D100/><U109/><E89/><V88/><F88/><W74/><G74/><T52/><D56/><U10/><E83/><N who="2" m="45543" /><F1/><W44/><G44/><T51/><D39/><U77/><E77/><V55/><F55/><W3/><G3/><T57/><D46/><U90/><E90/><V42/><F42/><W108/><G108/><AGARI ba="0,0" hai="27,30,33,63,65,69,108,111" m="45543,20519" machi="108" ten="30,3900,0" yaku="23,1,52,2" doraHai="123" who="2" fromWho="3" sc="296,0,295,0,211,39,198,-39" />
</Scene>
<Scene>
<INIT seed="2,0,0,4,5,12" ten="296,295,250,159" oya="2" hai0="20,1,42,118,2,77,4,35,43,84,119,123,38" hai1="9,14,132,16,0,129,15,102,66,31,89,59,104" hai2="68,18,73,82,28,124,99,122,54,113,5,3,75" hai3="92,21,107,11,100,27,60,91,85,22,120,26,105"/><V133/><F122/><W72/><G72/><T40/><D123/><U13/><E129/><V61/><F113/><W71/><G120/><T117/><D35/><U52/><E0/><V78/><F28/><W80/><G11/><T41/><D4/><U36/><E36/><V115/><F115/><W24/><G71/><T95/><D38/><U44/><E104/><V34/><F34/><W74/><G74/><T125/><D125/><U48/><E102/><V32/><F32/><W29/><G60/><T76/><D20/><U63/><E132/><V58/><F75/><W45/><G45/><T135/><D135/><U96/><E31/><V25/><F68/><W106/><REACH who="3" step="1"/><G29/><REACH who="3" ten="296,295,250,149" step="2"/><T33/><D117/><U79/><E79/><N who="2" m="44399" /><F61/><W88/><G88/><T90/><D118/><U70/><E70/><V87/><F78/><W97/><AGARI ba="0,1" hai="21,22,24,26,27,80,85,91,92,97,100,105,106,107" machi="97" ten="40,2700,0" yaku="1,1,0,1,53,0" doraHai="12" doraHaiUra="108" who="3" fromWho="3" sc="296,-7,295,-7,250,-13,149,37" />
</Scene>
<Scene>
<INIT seed="3,0,0,0,4,118" ten="289,288,237,186" oya="3" hai0="109,46,114,100,119,61,43,57,96,93,36,91,51" hai1="37,38,101,71,8,40,19,84,25,41,49,31,12" hai2="0,132,108,75,76,66,102,98,2,123,53,29,134" hai3="56,79,1,95,48,39,18,106,117,21,3,62,33"/><W50/><G106/><T14/><D109/><U124/><E71/><V88/><F108/><W28/><G39/><T82/><D119/><U121/><E101/><V125/><F125/><W58/><G117/><T77/><D114/><U54/><E121/><V111/><F111/><W104/><G104/><T26/><D14/><U63/><E63/><V45/><F66/><W70/><G79/><T120/><D120/><U44/><E38/><V127/><F127/><W85/><G70/><T65/><D26/><U35/><E37/><V97/><F29/><W24/><G3/><T73/><REACH who="0" step="1"/><D36/><REACH who="0" ten="279,288,237,186" step="2"/><U69/><E124/><V32/><F0/><W135/><G1/><T110/><D110/><U87/><E69/><V42/><F2/><W129/><G135/><T17/><D17/><U52/><REACH who="1" step="1"/><E54/><REACH who="1" ten="279,278,237,186" step="2"/><V30/><F53/><N who="3" m="34063" /><G129/><T86/><D86/><AGARI ba="0,2" hai="8,12,19,25,31,35,40,41,44,49,52,84,86,87" machi="86" ten="40,8000,1" yaku="1,1,54,1,53,3" doraHai="118" doraHaiUra="83" who="1" fromWho="0" sc="279,-80,278,100,237,0,186,0" />
</Scene>
<Scene>
<INIT seed="4,0,0,4,2,13" ten="199,378,237,186" oya="0" hai0="37,35,44,91,54,22,2,69,78,20,97,56,100" hai1="32,103,50,26,130,70,88,94,106,121,129,21,86" hai2="59,60,14,81,79,49,34,76,23,95,112,67,24" hai3="16,41,30,133,17,117,27,93,134,8,65,68,126"/><T9/><D69/><U52/><E70/><V92/><F112/><W102/><G117/><T105/><D35/><U116/><E121/><V25/><F34/><W40/><G8/><T87/><D78/><N who="2" m="29738" /><F81/><W122/><G122/><T127/><D127/><U66/><E66/><V131/><F131/><N who="1" m="50185" /><E32/><V72/><F72/><W124/><G68/><T10/><D37/><U15/><E15/><V123/><F123/><W12/><G65/><T29/><D44/><N who="1" m="27719" /><E103/><V62/><F62/><W110/><G12/><T64/><D64/><U71/><E106/><V5/><F49/><W42/><G110/><T89/><D89/><U33/><E33/><V45/><F45/><W11/><G11/><T75/><D75/><U128/><E71/><V135/><F5/><W101/><G30/><T80/><D29/><N who="1" m="17615" /><E128/><V7/><F7/><W28/><G28/><T83/><D9/><U43/><E43/><V19/><F67/><W39/><G27/><T77/><D10/><U111/><E111/><V73/><F24/><W47/><G40/><T61/><D2/><U53/><E53/><N who="2" m="33903" /><F73/><W31/><G42/><T90/><D20/><U57/><E57/><V38/><F38/><W99/><G102/><T132/><D22/><U107/><E107/><V115/><F25/><W125/><G31/><T108/><D108/><U120/><E120/><V18/><F14/><W119/><G119/><AGARI ba="0,0" hai="86,88,94,116,119" m="17615,27719,50185" machi="119" ten="30,3900,0" yaku="19,1,54,2" doraHai="13" who="1" fromWho="3" sc="199,0,378,39,237,0,186,-39" />
</Scene>
<Scene>
<INIT seed="5,0,0,5,3,117" ten="199,417,237,147" oya="1" hai0="118,85,7,15,0,65,121,107,84,119,48,30,75" hai1="128,92,44,58,38,113,73,59,13,67,23,93,3" hai2="5,45,49,77,115,9,34,87,1,32,70,2,79" hai3="133,26,134,76,61,55,24,72,50,124,19,27,82"/><U4/><E73/><V22/><F70/><W14/><G61/><T47/><D75/><U98/><E113/><V129/><F1/><W66/><G66/><T52/><D0/><U108/><E3/><V33/><F129/><W39/><G39/><T35/><D107/><U80/><E80/><V12/><F115/><W6/><G6/><T40/><D65/><U90/><E108/><V37/><F37/><W135/><G124/><T8/><D121/><U21/><E21/><V51/><F87/><W106/><G106/><T120/><D120/><U81/><E81/><V127/><F127/><W56/><REACH who="3" step="1"/><G14/><REACH who="3" ten="199,417,237,137" step="2"/><T95/><D118/><U110/><E13/><V64/><F64/><W57/><G57/><T94/><D119/><U130/><E59/><V86/><F12/><W122/><G122/><T29/><D40/><U54/><E4/><V74/><F5/><W41/><G41/><T69/><D69/><U10/><E67/><V53/><F2/><W132/><N who="3" m="34304" /><DORA hai="112" /><W126/><G126/><T116/><D116/><U99/><E58/><V125/><F125/><W60/><G60/><T103/><D15/><U16/><E38/><V114/><F114/><W63/><G63/><T25/><D7/><U97/><E10/><V43/><F43/><W17/><AGARI ba="0,1" hai="17,19,24,26,27,50,55,56,72,76,82" m="34304" machi="17" ten="60,12000,2" yaku="1,1,0,1,20,1,53,4" doraHai="117,112" doraHaiUra="83,131" who="3" fromWho="3" sc="199,-30,417,-60,237,-30,137,130" />
</Scene>
<Scene>
<INIT seed="6,0,0,4,5,95" ten="169,357,207,267" oya="2" hai0="0,10,69,116,68,39,48,100,37,108,121,22,86" hai1="107,3,83,57,93,87,58,23,101,113,110,104,119" hai2="24,114,18,45,71,42,79,82,135,2,124,123,112" hai3="4,51,5,15,38,36,14,54,50,67,78,31,19"/><V117/><F123/><W26/><G67/><T98/><D121/><U94/><E3/><V90/><F71/><W85/><G38/><T105/><D108/><U91/><E113/><N who="2" m="43627" /><F2/><W52/><G36/><T63/><D116/><U1/><E107/><V128/><F128/><W120/><G120/><T74/><D86/><U81/><E104/><V43/><F135/><W133/><G133/><T84/><D84/><U6/><E6/><N who="3" m="2666" /><G31/><T13/><D74/><U89/><E1/><V21/><F124/><W92/><G26/><T73/><D73/><U106/><E106/><V66/><F66/><W34/><G34/><T55/><D0/><U53/><E110/><V61/><F61/><W56/><G19/><T102/><D102/><U28/><E83/><V65/><F65/><W111/><G111/><T35/><D35/><U40/><E81/><V127/><F127/><W11/><G11/><T12/><D22/><U88/><E93/><V75/><F117/><W47/><G78/><T20/><D20/><U97/><E94/><V99/><F45/><W132/><G132/><T125/><D125/><U115/><E119/><V122/><F122/><W27/><G27/><T131/><D131/><U16/><E115/><V130/><F130/><W64/><G64/><N who="0" m="40991" /><D69/><U118/><E118/><V8/><F8/><W109/><G109/><T96/><D10/><U29/><E29/><V76/><F76/><W103/><G85/><T70/><D70/><U32/><E28/><V41/><F90/><W62/><G62/><T60/><D60/><U129/><E129/><V30/><F30/><W49/><G49/><RYUUKYOKU ba="0,0" sc="169,-15,357,-15,207,15,267,15" hai2="18,21,24,41,42,43,75,79,82,99" hai3="14,15,47,50,51,52,54,56,92,103" />
</Scene>
<Scene>
<INIT seed="6,1,0,1,5,7" ten="154,342,222,282" oya="2" hai0="52,15,1,125,115,88,41,21,78,132,97,67,116" hai1="70,58,126,42,9,74,82,96,106,94,104,32,100" hai2="123,12,5,135,18,111,121,54,110,133,16,2,119" hai3="76,90,56,35,4,34,72,86,131,49,14,98,112"/><V51/><F119/><W13/><G72/><T40/><D116/><U83/><E70/><V63/><F63/><W128/><G98/><T19/><D115/><U84/><E32/><V117/><F117/><W65/><G76/><T25/><D67/><U17/><E42/><N who="0" m="16489" /><D1/><U127/><E58/><N who="2" m="33119" /><F2/><W109/><G109/><N who="2" m="41481" /><F5/><W53/><G65/><T122/><D122/><N who="2" m="46602" /><F12/><N who="3" m="4715" /><G4/><T60/><D78/><U92/><E74/><V118/><F118/><W134/><G112/><T73/><D73/><U36/><E36/><V50/><F50/><W27/><G27/><T10/><D132/><AGARI ba="1,0" hai="16,18,132,133,135" m="46602,41481,33119" machi="132" ten="40,7700,0" yaku="20,1,10,1,54,1" doraHai="7" who="2" fromWho="0" sc="154,-80,342,0,222,80,282,0" />
</Scene>
<Scene>
<INIT seed="6,2,0,5,5,26" ten="74,342,302,282" oya="2" hai0="61,96,52,93,44,101,45,49,6,130,55,82,59" hai1="110,16,111,78,135,109,29,86,69,112,7,105,120" hai2="119,2,116,23,81,80,122,67,63,133,46,0,102" hai3="64,89,106,5,77,132,65,41,118,18,24,115,35"/><V113/><F122/><W134/><G106/><T62/><D130/><U9/><E69/><V33/><F33/><W84/><G118/><T91/><D6/><U1/><E105/><V68/><F113/><W34/><G77/><T20/><D20/><U10/><E112/><V95/><F133/><N who="3" m="51307" /><G115/><T129/><D129/><U88/><E135/><V100/><F46/><W48/><G5/><T8/><D8/><U108/><E78/><V47/><F47/><N who="3" m="25711" /><G18/><T54/><D45/><U131/><E120/><V3/><F23/><W17/><G17/><T107/><D107/><U19/><E131/><V50/><F50/><W85/><G85/><T127/><D127/><U98/><E98/><V72/><F72/><W99/><G99/><T30/><D30/><U92/><E29/><V126/><F126/><W42/><G42/><T87/><REACH who="0" step="1"/><D62/><REACH who="0" ten="64,342,302,282" step="2"/><U37/><E9/><V4/><F4/><W125/><G125/><T74/><D74/><U124/><E124/><V104/><F104/><W114/><G114/><T22/><D22/><U128/><E128/><V15/><F119/><W40/><G35/><T90/><D90/><U25/><E110/><V13/><F116/><W56/><G34/><T121/><D121/><U28/><E28/><V39/><F102/><W70/><G89/><T97/><D97/><U51/><E19/><V43/><F100/><W36/><G84/><T12/><D12/><U71/><E16/><V73/><F73/><W123/><G123/><T94/><D94/><U53/><E109/><V27/><F95/><W79/><G24/><T83/><D83/><N who="2" m="31818" /><F27/><W11/><G11/><RYUUKYOKU ba="2,1" sc="64,15,342,-15,302,15,282,-15" hai0="44,49,52,54,55,59,61,82,87,91,93,96,101" hai2="0,2,3,13,15,39,43,63,67,68" />
</Scene>
<Scene>
<INIT seed="6,3,1,4,4,38" ten="79,327,317,267" oya="2" hai0="39,2,12,46,99,108,98,56,70,120,23,87,49" hai1="69,73,32,95,132,75,107,64,93,133,104,57,94" hai2="123,76,115,97,51,3,92,124,17,9,63,126,77" hai3="109,114,4,66,34,113,37,61,50,26,15,85,13"/><V11/><F115/><N who="3" m="44043" /><G37/><T131/><D108/><U100/><E69/><V86/><F123/><W127/><G109/><T135/><D120/><U45/><E32/><V21/><F63/><W74/><G74/><N who="1" m="28170" /><E57/><V81/><F76/><W117/><G117/><T42/><D2/><U25/><E25/><N who="2" m="14511" /><F51/><W55/><G127/><N who="2" m="48681" /><F3/><W6/><G85/><T105/><D70/><U89/><E64/><V58/><F58/><N who="3" m="33143" /><G26/><T67/><D105/><N who="1" m="40523" /><E45/><V71/><F71/><N who="3" m="42447" /><G34/><T111/><D111/><U40/><E40/><V125/><F125/><W62/><G62/><T84/><D23/><U14/><E14/><AGARI ba="3,1" hai="4,6,13,14,15" m="42447,33143,44043" machi="14" ten="30,2000,0" yaku="15,1,11,1" doraHai="38" who="3" fromWho="1" sc="79,0,327,-29,317,0,267,39" />
</Scene>
<Scene>
<INIT seed="7,0,0,5,4,46" ten="79,298,317,306" oya="3" hai0="132,65,62,35,112,14,93,89,85,3,90,117,95" hai1="52,13,124,15,60,36,45,2,128,71,44,51,82" hai2="99,103,76,17,38,24,48,111,73,69,134,40,63" hai3="9,39,87,7,5,105,121,115,70,83,59,68,126"/><W43/><G105/><T74/><D117/><U66/><E2/><V75/><F38/><W30/><G121/><T55/><D3/><U130/><E124/><V98/><F111/><W32/><G126/><T10/><D132/><U67/><E67/><V78/><F73/><W92/><G70/><T49/><D74/><U47/><E82/><V16/><F75/><W26/><G68/><T104/><D104/><U129/><E36/><V57/><F69/><W58/><G115/><T11/><D35/><U81/><E81/><V1/><F1/><W116/><G92/><T135/><D135/><U120/><E120/><V0/><F0/><W53/><G116/><T27/><D112/><U64/><E64/><N who="2" m="39023" /><F134/><W101/><G101/><T28/><D65/><U100/><E100/><V72/><F72/><W41/><G39/><T6/><D62/><U91/><E91/><V34/><F34/><W119/><G58/><AGARI ba="0,0" hai="13,15,44,45,47,51,52,58,60,66,71,128,129,130" machi="58" ten="50,6400,0" yaku="19,1,52,1,54,1" doraHai="46" who="1" fromWho="3" sc="79,0,298,64,317,0,306,-64" owari="79,-42.0,362,46.0,317,12.0,242,-16.0" />
</Scene>
</mjloggm>