<mjloggm ver="2.3"><GO type="169" lobby="0"/><UN n0="%E4%B8%89%E8%89%B2%E5%90%8C%E5%88%BB%E2%98%86" n1="%E3%81%99%E3%81%9A%E3%82%81%E3%82%AF%E3%83%AC%E3%82%A4%E3%82%B8%E3%83%BC" n2="%63%68%61%72%6C%69%65%37" n3="%E3%81%82%E3%81%A3%E3%81%8D%E3%83%BC%E3%81%AB%E3%82%83%E3%82%93" dan="16,19,18,16" rate="2121.21,2306.12,2215.13,2040.59" sx="M,M,M,M"/><TAIKYOKU oya="0"/>

<Scene>
<INIT seed="0,0,0,2,1,71" ten="250,250,250,250" oya="0" hai0="34,113,77,121,104,98,43,101,95,73,108,20,33" hai1="109,81,29,75,61,105,100,2,59,106,96,53,79" hai2="21,52,26,41,65,131,39,116,4,36,112,25,49" hai3="23,80,3,51,32,7,72,133,15,5,94,89,10"/><T30/><D113/><U93/><E2/><V130/><F116/><W127/><G32/><T114/><D114/><U117/><E117/><V115/><F4/><W57/><G133/><T135/><D121/><U42/><E109/><V126/><F126/><W47/><G127/><T74/><D135/><U97/><E29/><V125/><F65/><W50/><G57/><T35/><D108/><U38/><E42/><V19/><F125/><W14/><G3/><T119/><D119/><U122/><E122/><V62/><F26/><W107/><G107/><T54/><D54/><U12/><E38/><N who="2" m="14379" /><F41/><W46/><G80/><T76/><D43/><U40/><E40/><V8/><F62/><W87/><G72/><T18/><D30/><U84/><E75/><V11/><F11/><N who="3" m="4463" /><G23/><T1/><D1/><U103/><E12/><V69/><F8/><W48/><AGARI ba="0,0" hai="7,10,15,46,47,48,50,51,87,89,94" m="4463" machi="48" ten="30,1100,0" yaku="8,1" doraHai="71" who="3" fromWho="3" sc="250,-5,250,-3,250,-3,250,11" />
</Scene>
<Scene>
<INIT seed="1,0,0,4,5,95" ten="245,247,247,261" oya="1" hai0="128,17,28,74,24,21,122,36,100,119,58,98,75" hai1="20,101,55,124,117,70,111,10,104,31,65,129,82" hai2="90,7,15,61,57,64,89,43,120,26,97,53,14" hai3="68,110,38,62,108,3,0,37,19,88,107,40,60"/><U72/><E117/><V16/><F120/><W96/><G19/><T56/><D119/><U92/><E104/><V84/><F43/><W66/><G62/><T126/><D36/><N who="3" m="13929" /><G40/><T123/><D128/><U63/><E129/><V102/><F64/><W47/><G47/><T49/><D126/><U54/><E124/><V125/><F125/><W41/><G41/><T48/><D17/><U133/><E133/><V93/><F26/><W46/><G46/><T51/><D58/><U67/><E65/><V109/><F109/><N who="3" m="42091" /><G88/><N who="2" m="33897" /><F84/><W69/><G69/><T8/><D8/><U13/><E111/><V33/><F33/><W113/><G113/><T27/><D27/><U131/><E131/><V18/><F14/><W29/><G29/><T52/><D123/><U134/><E31/><V59/><F57/><W35/><G35/><T12/><D12/><U130/><E130/><V103/><F103/><AGARI ba="0,0" hai="0,3,60,66,68,96,103,107" m="42091,13929" machi="103" ten="30,3900,0" yaku="14,1,23,1,52,1" doraHai="95" who="3" fromWho="2" sc="245,0,247,0,247,-39,261,39" />
</Scene>
<Scene>
<INIT seed="2,0,0,4,2,5" ten="245,247,208,300" oya="2" hai0="44,112,66,86,72,61,45,27,4,51,0,48,38" hai1="6,126,55,134,74,128,75,85,43,37,100,70,87" hai2="92,114,101,123,127,68,118,108,17,50,35,98,58" hai3="11,91,60,46,41,81,39,96,120,116,13,73,12"/><V89/><F35/><W99/><G120/><T105/><D72/><U22/><E70/><V80/><F114/><W32/><G32/><T7/><D38/><U26/><E100/><V54/><F68/><W24/><G116/><T64/><D105/><U133/><E43/><V117/><F118/><W20/><G60/><T10/><D7/><U30/><E37/><V18/><F117/><W131/><G13/><T122/><D122/><U16/><E6/><V49/><F123/><W121/><G121/><T1/><D1/><U78/><E128/><V107/><F127/><W67/><G67/><T109/><D112/><U53/><E78/><V76/><F108/><W93/><G131/><T65/><D61/><U3/><E3/><V69/><F69/><W47/><G47/><T8/><D4/><U95/><E95/><V77/><F50/><N who="0" m="18986" /><D0/><U94/><E94/><V14/><F14/><W124/><G124/><T36/><D36/><U132/><E126/><V135/><F135/><W62/><G62/><T56/><D56/><U82/><E82/><V83/><F83/><W97/><G81/><T115/><D115/><U63/><E63/><V19/><REACH who="2" step="1"/><F80/><REACH who="2" ten="245,247,198,300" step="2"/><W104/><G73/><T9/><D109/><U34/><E75/><V33/><F33/><W90/><G104/><T28/><D86/><AGARI ba="0,1" hai="17,18,19,49,54,58,76,77,86,89,92,98,101,107" machi="86" ten="40,2000,0" yaku="1,1,53,0" doraHai="5" doraHaiUra="40" who="2" fromWho="0" sc="245,-20,247,0,198,30,300,0" />
</Scene>
<Scene>
<INIT seed="2,1,0,3,4,9" ten="225,247,228,300" oya="2" hai0="55,118,66,110,62,31,30,37,29,64,45,125,116" hai1="86,131,49,68,123,101,78,121,119,128,12,108,50" hai2="82,104,93,32,34,80,102,75,106,120,124,54,5" hai3="72,94,15,41,111,103,57,47,67,52,38,89,1"/><V135/><F120/><N who="1" m="46153" /><E68/><V59/><F5/><W91/><G1/><T16/><D110/><U84/><E101/><V39/><F39/><W112/><G72/><T35/><D125/><U88/><E119/><N who="0" m="45609" /><D35/><U28/><E28/><V130/><F124/><W71/><G111/><T58/><D16/><U99/><E108/><V20/><F130/><N who="1" m="49705" /><E78/><V90/><F102/><W11/><G103/><T115/><D115/><U61/><E61/><V26/><F135/><W8/><G8/><T74/><D74/><U109/><E109/><V43/><F104/><W27/><G27/><T79/><D79/><U14/><E99/><V77/><F82/><W132/><G132/><T87/><D87/><N who="1" m="33323" /><E88/><V122/><F122/><W17/><G112/><T81/><D81/><U60/><E60/><V126/><F126/><W46/><G94/><T2/><D2/><U48/><AGARI ba="1,0" hai="12,14,48,49,50" m="33323,49705,46153" machi="48" ten="40,12000,2" yaku="28,2,13,1,19,1,52,2" doraHai="9" who="1" fromWho="1" sc="225,-31,247,123,228,-61,300,-31" />
</Scene>
<Scene>
<INIT seed="3,0,0,3,5,26" ten="194,370,167,269" oya="3" hai0="94,5,133,8,72,116,84,127,56,98,14,18,17" hai1="132,79,71,77,29,12,40,57,3,86,96,87,51" hai2="111,44,55,85,74,110,76,22,46,83,24,126,38" hai3="45,67,122,36,66,135,104,50,34,11,1,62,33"/><W92/><G104/><T128/><D72/><U118/><E3/><V113/><F113/><W61/><G122/><T131/><D116/><U30/><E71/><V58/><F126/><W88/><G36/><T123/><D123/><U107/><E132/><V2/><F2/><W102/><G102/><T91/><D133/><U80/><E96/><V6/><F6/><W9/><G135/><T68/><D68/><U70/><E70/><V69/><F69/><W90/><G1/><T15/><D127/><U23/><E107/><V42/><F46/><W114/><G92/><T10/><D5/><U105/><E105/><V130/><F74/><W78/><G78/><T16/><D18/><N who="1" m="10695" /><E57/><V32/><F32/><W97/><G97/><T95/><REACH who="0" step="1"/><D56/><REACH who="0" ten="184,370,167,269" step="2"/><U73/><E73/><V37/><F130/><W4/><G4/><T108/><D108/><U75/><E75/><V52/><F111/><W47/><REACH who="3" step="1"/><G50/><REACH who="3" ten="184,370,167,259" step="2"/><T93/><D93/><U134/><E134/><V100/><F110/><W81/><G81/><T31/><D31/><U117/><E118/><V19/><F83/><W54/><G54/><T49/><D49/><U109/><E109/><V82/><F38/><W119/><G119/><T35/><D35/><U39/><E39/><V121/><F121/><W115/><AGARI ba="0,2" hai="9,11,33,34,45,47,61,62,66,67,88,90,114,115" machi="115" ten="25,12000,1" yaku="1,1,0,1,22,2,54,1,53,0" doraHai="26" doraHaiUra="65" who="3" fromWho="3" sc="184,-40,370,-40,167,-40,259,140" />
</Scene>
<Scene>
<INIT seed="3,1,0,4,2,42" ten="144,330,127,399" oya="3" hai0="63,86,57,46,114,1,135,43,23,25,6,77,68" hai1="15,96,65,50,87,74,29,58,95,117,22,45,90" hai2="129,16,9,73,59,0,85,64,134,35,131,115,126" hai3="108,27,26,62,84,81,52,8,66,49,110,78,55"/><W97/><G97/><T69/><D135/><U89/><E74/><V127/><F73/><W7/><G27/><T67/><D114/><U61/><E117/><V48/><F35/><W76/><G78/><T24/><D24/><N who="1" m="16535" /><E15/><N who="2" m="7279" /><F0/><W31/><G62/><T99/><D99/><U102/><E87/><V19/><F115/><W41/><G66/><T18/><D6/><U130/><E130/><N who="2" m="49675" /><F19/><W10/><G41/><AGARI ba="1,0" hai="41,45,50,58,61,65,89,90,95,96,102" m="16535" machi="41" ten="30,3900,0" yaku="25,1,8,1,52,1" doraHai="42" who="1" fromWho="3" sc="144,0,330,42,127,0,399,-42" />
</Scene>
<Scene>
<INIT seed="4,0,0,1,2,29" ten="144,372,127,357" oya="0" hai0="5,33,70,2,123,62,14,56,92,69,49,7,19" hai1="0,61,16,82,24,53,127,47,31,25,60,128,71" hai2="74,117,129,85,79,102,91,134,112,116,131,59,44" hai3="51,37,99,34,86,110,80,63,98,101,48,93,118"/><T72/><D72/><U120/><E0/><V132/><F44/><W104/><G37/><T105/><D105/><U114/><E120/><V126/><F126/><W113/><G118/><N who="2" m="45673" /><F59/><W125/><G34/><T130/><D49/><U45/><E128/><N who="2" m="49227" /><F102/><W23/><G110/><T6/><D2/><U65/><E114/><V10/><F10/><W88/><G113/><T83/><D123/><U38/><E61/><V18/><F18/><W40/><G40/><T3/><D3/><U111/><E111/><V122/><F122/><W35/><G125/><T94/><D83/><U68/><E82/><N who="2" m="45431" /><F112/><W17/><G63/><T52/><D130/><U50/><E47/><V90/><F90/><W43/><G43/><T95/><REACH who="0" step="1"/><D33/><REACH who="0" ten="134,372,127,357" step="2"/><U57/><E127/><V97/><F97/><W54/><G35/><T106/><D106/><U64/><E50/><V109/><F109/><W4/><G48/><T76/><D76/><U89/><E38/><V46/><F46/><W73/><G104/><T27/><D27/><U26/><E26/><V13/><F13/><W107/><G107/><T15/><D15/><U21/><E45/><V81/><AGARI ba="0,1" hai="81,85,91,132,134" m="45431,49227,45673" machi="81" ten="40,8000,1" yaku="12,1,19,1,34,2" doraHai="29" who="2" fromWho="2" sc="134,-40,372,-20,127,90,357,-20" />
</Scene>
<Scene>
<INIT seed="5,0,0,3,3,10" ten="94,352,217,337" oya="1" hai0="86,115,35,15,17,118,112,127,122,82,90,41,95" hai1="83,36,132,53,102,37,101,38,67,24,50,54,116" hai2="12,26,131,64,62,31,109,21,72,32,43,81,97" hai3="39,1,68,130,6,52,104,14,107,34,114,65,123"/><U22/><E116/><V121/><F121/><W7/><G123/><T8/><D118/><U117/><E132/><V98/><F109/><W60/><G39/><T134/><D122/><U133/><E133/><V105/><F43/><W87/><G34/><T129/><D134/><U27/><E67/><V128/><F105/><W77/><G114/><T88/><D127/><U96/><E83/><V25/><F72/><W110/><G110/><T49/><D35/><U5/><E5/><V58/><F81/><W124/><G124/><T48/><D129/><U78/><E78/><V51/><F51/><W61/><G1/><T89/><D41/><U56/><E101/><V63/><F63/><W80/><G6/><T75/><D75/><U79/><E79/><V42/><F42/><W99/><G99/><T44/><D44/><U100/><E100/><V29/><REACH who="2" step="1"/><F12/><REACH who="2" ten="94,352,207,337" step="2"/><W11/><G130/><AGARI ba="0,1" hai="21,25,26,29,31,32,58,62,64,97,98,128,130,131" machi="130" ten="40,5200,0" yaku="1,1,2,1,19,1,53,0" doraHai="10" doraHaiUra="74" who="2" fromWho="3" sc="94,0,352,0,207,62,337,-52" />
</Scene>
<Scene>
<INIT seed="6,0,0,0,4,128" ten="94,352,269,285" oya="2" hai0="12,133,70,131,43,124,32,25,69,46,20,113,80" hai1="15,8,125,77,105,93,73,14,37,49,106,87,114" hai2="71,134,40,68,102,2,97,132,13,22,74,89,119" hai3="56,11,61,38,5,123,99,1,129,54,67,47,50"/><V122/><F74/><W33/><G129/><T85/><D131/><U66/><E37/><V7/><F2/><W6/><G123/><T135/><D113/><U53/><E66/><V44/><F119/><W127/><G127/><T90/><D124/><U19/><E114/><V28/><F122/><W96/><G33/><T24/><D12/><U103/><E73/><V76/><F76/><W30/><G30/><T17/><D32/><U3/><E3/><V9/><F89/><W65/><G5/><T111/><D111/><U45/><E103/><V84/><F84/><W39/><G67/><T31/><D25/><U57/><E45/><V21/><F21/><W59/><G39/><T78/><D31/><U92/><E106/><N who="2" m="63823" /><F22/><W62/><G38/><T112/><D112/><U35/><E105/><V64/><F64/><W41/><AGARI ba="0,0" hai="1,6,11,41,47,50,54,56,59,61,62,65,96,99" machi="41" ten="20,1500,0" yaku="0,1,7,1" doraHai="128" who="3" fromWho="3" sc="94,-4,352,-4,269,-7,285,15" />
</Scene>
<Scene>
<INIT seed="7,0,0,4,2,135" ten="90,348,262,300" oya="3" hai0="97,9,90,30,23,117,80,0,2,37,118,48,35" hai1="57,132,14,31,63,70,52,4,24,12,22,25,101" hai2="129,71,75,45,32,104,122,99,36,41,89,81,87" hai3="38,20,56,26,119,86,93,84,109,64,102,44,34"/><W126/><G34/><T58/><D37/><U21/><E132/><V13/><F122/><W83/><G119/><T115/><D48/><U121/><E70/><V94/><F32/><W43/><G126/><T108/><D58/><U131/><E131/><V133/><F133/><W85/><G109/><T113/><D97/><U77/><E121/><V103/><F129/><W3/><G3/><T6/><D80/><U110/><E110/><V125/><F71/><W79/><G102/><T55/><D90/><U120/><E120/><V100/><F100/><W123/><G123/><T27/><D55/><U1/><E77/><N who="2" m="44223" /><F13/><N who="1" m="5225" /><E1/><V16/><F16/><W116/><G116/><T53/><D53/><U40/><E101/><V92/><F92/><W59/><G93/><T106/><D108/><U124/><E124/><AGARI ba="0,0" hai="36,41,45,87,89,94,99,103,104,124,125" m="44223" machi="124" ten="30,3900,0" yaku="24,1,52,2" doraHai="135" who="2" fromWho="1" sc="90,0,348,-39,262,39,300,0" owari="90,-41.0,309,41.0,301,10.0,300,-10.0" />
</Scene>
</mjloggm>