<mjloggm ver="2.3"><GO type="169" lobby="0"/><UN n0="%63%6F%6C%6F%70%6C" n1="%53%48%49%53%55%4B%45" n2="%E3%81%99%E3%81%9A%E3%82%81%E3%82%AF%E3%83%AC%E3%82%A4%E3%82%B8%E3%83%BC" n3="%7A%6B%75%72%74" dan="16,16,19,18" rate="2077.80,2163.31,2298.16,2177.42" sx="M,M,M,M"/><TAIKYOKU oya="0"/>

<Scene>
<INIT seed="0,0,0,5,4,25" ten="250,250,250,250" oya="0" hai0="83,99,32,121,129,40,13,130,65,63,81,36,77" hai1="85,117,45,89,135,47,24,33,8,115,112,20,72" hai2="19,0,103,114,28,14,131,2,56,22,127,90,123" hai3="91,92,39,35,79,23,122,95,55,102,86,11,132"/><T87/><D121/><U69/><E117/><V30/><F103/><W113/><G35/><T106/><D32/><U75/><E69/><V110/><F123/><W57/><G39/><T125/><D13/><U9/><E33/><V134/><F114/><N who="1" m="43561" /><E135/><V15/><F134/><W96/><G132/><T82/><D125/><U17/><E8/><V54/><F110/><W1/><G113/><T100/><D40/><U119/><E9/><V18/><F131/><N who="0" m="50186" /><D36/><U10/><E10/><N who="2" m="6487" /><F0/><W34/><G34/><T16/><D16/><U6/><E6/><V44/><F44/><N who="1" m="16969" /><E119/><V51/><F2/><W42/><G122/><T48/><D48/><U97/><E97/><V29/><F127/><W124/><G124/><T128/><N who="0" m="50194" /><T104/><DORA hai="108" /><D104/><U5/><E5/><V41/><F41/><W70/><G42/><T4/><D4/><U98/><E98/><V26/><F15/><W37/><G37/><T105/><D106/><U71/><E71/><AGARI ba="0,0" hai="63,65,71,77,81,82,83,87,99,100,105" m="50194" machi="71" ten="40,2000,0" yaku="19,1" doraHai="25,108" who="0" fromWho="1" sc="250,20,250,-20,250,0,250,0" />
</Scene>
<Scene>
<INIT seed="0,1,0,1,0,81" ten="270,230,250,250" oya="0" hai0="118,113,22,45,106,75,111,115,58,92,53,87,35" hai1="129,57,77,80,67,41,42,1,8,15,59,135,90" hai2="126,24,91,2,27,11,39,29,10,99,83,25,120" hai3="5,64,18,9,85,112,78,121,66,44,61,23,119"/><T26/><D35/><U13/><E129/><V98/><F120/><W19/><G119/><T56/><D118/><U14/><E135/><V36/><F2/><W110/><G112/><T51/><D75/><U62/><E90/><V33/><F33/><W48/><G110/><T20/><D106/><U46/><E59/><N who="0" m="22569" /><D111/><U104/><E104/><V21/><F126/><W3/><G121/><T72/><D72/><U71/><E71/><V116/><F116/><W6/><G6/><T16/><D113/><U73/><E1/><V74/><F74/><W122/><G122/><T63/><D63/><U69/><E69/><V82/><F91/><W134/><G61/><T109/><D109/><U49/><REACH who="1" step="1"/><E42/><REACH who="1" ten="270,220,250,250" step="2"/><V114/><F114/><W108/><G134/><T65/><D115/><U131/><E131/><V47/><F29/><W40/><G108/><T123/><D123/><U84/><E84/><V68/><F68/><W100/><G100/><T70/><D70/><U117/><E117/><V30/><F30/><W54/><G40/><T101/><D65/><U88/><E88/><V28/><F28/><W31/><G66/><T38/><D101/><U130/><E130/><V0/><F0/><W89/><G64/><T107/><D107/><U124/><E124/><V79/><F99/><W76/><G76/><T95/><D87/><U52/><E52/><V17/><F98/><W102/><G78/><T34/><D34/><U105/><E105/><V86/><F86/><W133/><G133/><T60/><D60/><U37/><E37/><V4/><F79/><W7/><G102/><T127/><D38/><RYUUKYOKU ba="1,1" sc="270,-10,220,30,250,-10,250,-10" hai1="8,13,14,15,41,46,49,57,62,67,73,77,80" />
</Scene>
<Scene>
<INIT seed="1,2,1,3,4,24" ten="260,250,240,240" oya="1" hai0="49,27,18,76,26,5,133,2,123,69,77,38,102" hai1="79,64,7,55,59,29,12,17,98,47,10,42,96" hai2="134,61,97,120,125,78,48,28,36,108,94,53,80" hai3="85,3,124,23,89,45,105,75,19,22,84,9,99"/><U129/><E129/><V95/><F36/><W122/><G122/><T118/><D38/><U32/><E64/><V50/><F108/><W106/><G75/><T37/><D37/><U115/><E115/><V46/><F134/><W87/><G124/><T73/><D69/><U126/><E126/><V121/><F95/><W35/><G35/><T40/><D133/><U4/><E79/><V110/><F110/><W16/><G45/><T130/><D102/><U65/><E65/><V57/><F50/><W56/><G56/><T71/><D71/><U111/><E111/><V66/><F125/><W109/><G109/><T25/><D18/><U119/><E119/><V127/><F127/><W70/><G70/><T1/><D118/><U117/><E117/><V43/><F43/><W60/><G60/><T8/><D130/><U86/><E86/><V0/><F0/><W15/><G3/><T41/><D2/><U100/><E100/><V34/><F34/><W82/><G9/><T54/><D123/><U88/><E88/><V13/><F78/><W39/><G39/><T14/><D1/><U58/><E98/><V67/><F80/><W103/><REACH who="3" step="1"/><G106/><REACH who="3" ten="260,250,240,230" step="2"/><T11/><D73/><U81/><E59/><V112/><F57/><W114/><G114/><T52/><D11/><U83/><E58/><V107/><F112/><W135/><G135/><T93/><D41/><U113/><E42/><V63/><F63/><W44/><G44/><T101/><D40/><U90/><E113/><V51/><F61/><W33/><G33/><T104/><D104/><U20/><E47/><V128/><F121/><RYUUKYOKU ba="2,2" sc="260,-10,250,-10,240,-10,230,30" hai3="15,16,19,22,23,82,84,85,87,89,99,103,105" />
</Scene>
<Scene>
<INIT seed="2,3,2,4,0,15" ten="250,240,230,260" oya="2" hai0="77,74,1,111,24,108,120,13,81,112,63,132,93" hai1="52,83,51,2,110,97,82,58,69,45,61,27,59" hai2="117,88,26,10,28,38,62,5,134,127,116,39,87" hai3="32,20,79,29,25,0,60,17,14,18,94,42,65"/><V44/><F134/><W126/><G126/><T99/><D1/><U101/><E2/><V47/><F127/><W106/><G106/><T80/><D132/><U104/><E110/><N who="0" m="42025" /><D120/><U3/><E3/><V95/><F62/><W109/><G109/><T114/><D63/><U48/><E69/><V23/><F47/><W90/><G0/><T96/><D24/><U40/><REACH who="1" step="1"/><E27/><REACH who="1" ten="250,230,230,260" step="2"/><V57/><F116/><W129/><G129/><T21/><D13/><U125/><E125/><V105/><F117/><W56/><G42/><T19/><D112/><U124/><E124/><V123/><F123/><W86/><G14/><T30/><D114/><U122/><E122/><V103/><F26/><W46/><G32/><T64/><D30/><U33/><E33/><V131/><F28/><W75/><REACH who="3" step="1"/><G46/><REACH who="3" ten="250,230,230,250" step="2"/><T34/><D34/><U43/><E43/><V41/><F131/><W89/><G89/><T92/><D77/><U78/><E78/><V135/><F44/><W22/><G22/><T71/><D21/><U54/><AGARI ba="3,4" hai="40,45,48,51,52,54,58,59,61,82,83,97,101,104" machi="54" ten="20,5200,0" yaku="1,1,0,1,7,1,54,1,53,0" doraHai="15" doraHaiUra="6" who="1" fromWho="1" sc="250,-16,230,101,230,-29,250,-16" />
</Scene>
<Scene>
<INIT seed="3,0,0,1,2,48" ten="234,331,201,234" oya="3" hai0="59,133,100,134,90,36,38,110,105,20,129,47,86" hai1="10,78,14,37,120,82,72,135,113,101,122,6,70" hai2="19,124,5,114,54,45,49,98,71,117,77,22,60" hai3="69,3,64,30,109,25,67,21,83,93,119,35,94"/><W1/><G119/><T102/><D110/><U42/><E113/><V74/><F114/><W130/><G130/><T40/><D59/><U53/><E70/><V112/><F112/><W24/><G109/><T116/><D116/><U7/><E101/><N who="0" m="39017" /><D105/><U50/><E6/><V79/><F5/><W89/><G83/><N who="0" m="49503" /><D20/><U26/><E26/><V91/><F74/><W99/><G93/><T76/><D76/><U96/><E96/><V97/><F124/><W118/><G118/><T55/><D55/><U8/><E8/><V13/><F97/><W115/><G115/><T43/><D129/><U33/><E33/><V17/><F117/><W87/><G99/><T85/><D85/><U52/><E37/><V61/><F71/><W12/><G12/><T28/><D28/><U57/><E42/><N who="0" m="15913" /><D47/><U66/><E66/><V95/><F77/><W16/><REACH who="3" step="1"/><G69/><REACH who="3" ten="234,331,201,224" step="2"/><T107/><D107/><U32/><E82/><V18/><F79/><W4/><G4/><T92/><D92/><U15/><E78/><V68/><F68/><W128/><G128/><T46/><D38/><U132/><E72/><V39/><F39/><W111/><G111/><T131/><D131/><U9/><E7/><V31/><F13/><W62/><G62/><T44/><D36/><U63/><E63/><V34/><F34/><W123/><G123/><T29/><D134/><N who="1" m="51243" /><E32/><V84/><F98/><W27/><G27/><AGARI ba="0,1" hai="17,18,19,22,27,31,45,49,54,60,61,84,91,95" machi="27" ten="40,2600,0" yaku="8,1,52,1" doraHai="48" who="2" fromWho="3" sc="234,0,331,0,201,36,224,-26" />
</Scene>
<Scene>
<INIT seed="4,0,0,4,5,49" ten="234,331,237,198" oya="0" hai0="24,104,46,127,95,83,38,39,27,131,91,53,72" hai1="30,25,82,36,94,102,62,100,105,93,92,106,44" hai2="128,121,41,75,43,20,32,59,18,21,108,26,64" hai3="86,5,134,70,74,112,107,97,103,73,12,58,14"/><T3/><D3/><U65/><E82/><V13/><F108/><W109/><G70/><T122/><D122/><U29/><E36/><V76/><F32/><W116/><G109/><T63/><D104/><U119/><E44/><V57/><F128/><W52/><G116/><T118/><D118/><U61/><E119/><V123/><F75/><W114/><G134/><T126/><D131/><U1/><E93/><V81/><F59/><W37/><G37/><T84/><D39/><U101/><E101/><V87/><F123/><W71/><G71/><T19/><D38/><U77/><E77/><V117/><F117/><W135/><G135/><T31/><D19/><U56/><E56/><V69/><F69/><W96/><G96/><T113/><D31/><U68/><E68/><V99/><F99/><W33/><G33/><T54/><D113/><N who="3" m="43625" /><G86/><N who="0" m="52727" /><D72/><N who="3" m="27753" /><G5/><T10/><D63/><AGARI ba="0,0" hai="12,14,52,58,63,97,103,107" m="27753,43625" machi="63" ten="30,3900,0" yaku="15,1,52,1,54,1" doraHai="49" who="3" fromWho="0" sc="234,-39,331,0,237,0,198,39" />
</Scene>
<Scene>
<INIT seed="5,0,0,2,0,64" ten="195,331,237,237" oya="1" hai0="55,12,103,68,46,134,109,85,53,28,48,21,127" hai1="42,88,77,115,128,113,3,90,132,104,4,9,1" hai2="17,61,130,135,20,67,39,105,13,32,62,98,15" hai3="23,91,133,116,119,110,11,40,101,79,25,43,122"/><U96/><E128/><V84/><F39/><W16/><G110/><T44/><D109/><U57/><E132/><V95/><F135/><W102/><G133/><T19/><D134/><U100/><E77/><V33/><F62/><W92/><G79/><T71/><D127/><U29/><E29/><V112/><F112/><N who="1" m="43081" /><E42/><N who="3" m="15914" /><G122/><T51/><D103/><U6/><E57/><V94/><F105/><W5/><G5/><N who="1" m="2154" /><E9/><V31/><F31/><W37/><G11/><T18/><D28/><U125/><E125/><V7/><F7/><W50/><G37/><T83/><D19/><U30/><E30/><V89/><F130/><W87/><G50/><T117/><D117/><AGARI ba="0,0" hai="16,23,25,87,91,92,101,102,116,117,119" m="15914" machi="117" ten="30,2000,0" yaku="12,1,54,1" doraHai="64" who="3" fromWho="0" sc="195,-20,331,0,237,0,237,20" />
</Scene>
<Scene>
<INIT seed="6,0,0,0,2,90" ten="175,331,237,257" oya="2" hai0="100,9,34,126,38,27,117,80,76,21,53,7,35" hai1="119,77,94,110,11,48,92,109,5,40,61,135,132" hai2="89,47,97,25,134,78,115,56,60,123,125,127,17" hai3="18,10,44,43,46,63,36,114,72,98,6,31,116"/><V75/><F134/><N who="1" m="51241" /><E119/><V99/><F115/><W86/><G72/><T49/><D117/><U85/><E61/><V30/><F123/><W93/><G116/><T55/><D38/><U118/><E118/><V84/><F17/><W83/><G31/><T24/><D100/><U70/><E70/><V16/><F47/><W37/><G18/><T81/><D126/><N who="2" m="48138" /><F78/><W59/><G114/><T103/><D103/><U4/><E77/><V129/><F75/><W22/><G22/><T95/><D95/><N who="1" m="36395" /><E85/><V66/><F129/><W108/><G108/><N who="1" m="41578" /><E11/><V52/><F66/><W69/><G69/><T0/><D76/><U28/><E28/><V29/><F30/><W120/><G86/><T41/><D9/><U91/><E91/><V107/><F29/><W20/><G10/><T74/><D74/><U79/><E79/><V124/><F124/><W42/><G63/><T96/><D96/><U45/><AGARI ba="0,0" hai="4,5,40,45,48" m="41578,36395,51241" machi="45" ten="40,8000,1" yaku="20,1,52,3" doraHai="90" who="1" fromWho="1" sc="175,-20,331,80,237,-40,257,-20" />
</Scene>
<Scene>
<INIT seed="7,0,0,3,0,39" ten="155,411,197,237" oya="3" hai0="7,76,116,1,127,132,46,77,96,69,105,30,5" hai1="23,16,111,55,26,32,114,62,14,27,88,15,122" hai2="45,110,72,0,59,78,44,73,84,38,20,3,70" hai3="119,133,101,118,135,87,8,129,29,125,74,113,128"/><W4/><G74/><T43/><D116/><N who="3" m="44585" /><G101/><T34/><D69/><U131/><E111/><V28/><F70/><W107/><G107/><T109/><D109/><U90/><E122/><V66/><F110/><W120/><G87/><T31/><D132/><N who="3" m="50761" /><G120/><T64/><D64/><U89/><E32/><V93/><F0/><N who="3" m="7" /><G113/><T13/><D105/><U112/><E112/><V52/><F72/><W80/><G80/><T61/><D96/><U71/><E114/><V33/><F73/><W106/><G106/><T18/><D77/><U51/><E71/><V94/><F94/><W36/><G36/><T40/><D76/><U56/><E90/><V37/><F37/><W50/><G50/><T98/><D98/><U115/><E115/><V100/><F38/><W48/><G48/><T134/><D61/><U60/><E88/><V83/><F66/><W124/><G29/><T49/><D31/><U24/><E89/><V117/><F117/><W47/><G47/><T41/><D134/><U102/><E102/><V10/><F93/><W121/><G121/><T35/><D30/><U85/><E85/><V126/><F100/><W82/><G82/><T11/><D5/><U108/><E108/><V75/><F75/><W92/><G92/><T68/><D68/><U42/><E62/><V53/><F28/><W63/><G63/><T65/><D65/><U104/><E104/><V22/><F84/><W58/><G58/><T19/><D1/><U91/><E91/><V81/><F3/><W54/><G129/><T25/><D46/><N who="1" m="26071" /><E131/><V2/><F78/><W67/><G128/><T123/><D123/><RYUUKYOKU ba="0,0" sc="155,-10,411,30,197,-10,237,-10" hai1="14,15,16,23,24,26,27,55,56,60" owari="145,-35.0,441,53.0,187,-21.0,227,3.0" />
</Scene>
</mjloggm>