<mjloggm ver="2.3"><GO type="169" lobby="0"/><UN n0="%73%68%75%6E%35%35%35" n1="%E3%81%99%E3%81%9A%E3%82%81%E3%82%AF%E3%83%AC%E3%82%A4%E3%82%B8%E3%83%BC" n2="%E9%A2%A8%E8%BB%8A%E3%81%AE%E7%B5%B5%E7%90%86%E5%AD%90" n3="%61%76%71%38%37%30%30%33" dan="16,19,17,16" rate="2057.48,2299.13,2156.54,2055.87" sx="M,M,F,M"/><TAIKYOKU oya="0"/>

<Scene>
<INIT seed="0,0,0,5,0,109" ten="250,250,250,250" oya="0" hai0="120,77,51,123,9,117,80,102,127,71,104,89,85" hai1="121,122,73,17,47,24,129,33,56,75,68,55,74" hai2="116,107,26,112,113,42,103,52,131,64,40,3,54" hai3="119,106,49,86,41,94,100,65,95,6,34,118,21"/><T72/><D71/><U135/><E68/><V57/><F3/><W18/><G34/><T16/><D117/><U61/><E129/><V99/><F116/><W114/><G106/><T60/><D127/><U22/><E135/><V30/><F131/><W14/><G65/><T93/><D60/><U79/><E79/><V20/><F64/><W92/><G100/><T58/><D58/><U50/><REACH who="1" step="1"/><E33/><REACH who="1" ten="250,240,250,250" step="2"/><V81/><F81/><W13/><G118/><T46/><D123/><U91/><E91/><V39/><F54/><AGARI ba="0,1" hai="17,22,24,47,50,54,55,56,61,73,74,75,121,122" machi="54" ten="40,1300,0" yaku="1,1,53,0" doraHai="109" doraHaiUra="69" who="1" fromWho="2" sc="250,0,240,23,250,-13,250,0" />
</Scene>
<Scene>
<INIT seed="1,0,0,5,1,33" ten="250,263,237,250" oya="1" hai0="100,121,24,7,96,103,131,51,0,113,30,36,59" hai1="111,71,44,82,26,6,32,41,54,116,114,106,107" hai2="52,95,97,124,102,70,63,88,21,29,50,61,9" hai3="14,80,125,75,91,128,57,118,12,15,39,40,69"/><U37/><E116/><V5/><F124/><W35/><G69/><T2/><D121/><U98/><E114/><V110/><F110/><W112/><G35/><T94/><D113/><U34/><E111/><V108/><F108/><W90/><G128/><T99/><D36/><U74/><E54/><V49/><F49/><W68/><G68/><T16/><D7/><U81/><E81/><V129/><F129/><W83/><G125/><T109/><D109/><U28/><E34/><V101/><F70/><W56/><G112/><T64/><D131/><U43/><E98/><V65/><F29/><W84/><G118/><T92/><D16/><U20/><E43/><V86/><F21/><W13/><G13/><T46/><D64/><U87/><E20/><V117/><F117/><W23/><G23/><T79/><D59/><U58/><E58/><V132/><F132/><W38/><G15/><T66/><D66/><U55/><E55/><V73/><F73/><W31/><G31/><T18/><D79/><N who="1" m="44407" /><E87/><V47/><F65/><W122/><G122/><T8/><D8/><U127/><E127/><V11/><F11/><W76/><G76/><T62/><D18/><U134/><E134/><V17/><F17/><W78/><G78/><T133/><D62/><U27/><E27/><V135/><F135/><W67/><G75/><T1/><D133/><U130/><E130/><V126/><F126/><W120/><G120/><T53/><D30/><U115/><E115/><V77/><F77/><W93/><G67/><T85/><D85/><U45/><E71/><V42/><F86/><W105/><G84/><RYUUKYOKU ba="0,0" sc="250,30,263,-10,237,-10,250,-10" hai0="0,1,2,24,46,51,53,92,94,96,99,100,103" />
</Scene>
<Scene>
<INIT seed="2,1,0,2,3,74" ten="280,253,227,240" oya="2" hai0="22,116,98,76,57,114,41,54,81,37,78,107,110" hai1="2,48,66,46,60,18,70,91,102,40,90,38,62" hai2="87,72,44,101,86,89,118,29,88,52,12,58,27" hai3="94,95,55,131,126,8,67,31,16,77,21,133,30"/><V17/><F72/><W128/><G67/><T105/><D114/><U36/><E2/><V106/><F118/><W82/><G55/><T79/><D116/><U0/><E0/><V1/><F1/><W127/><G8/><T115/><D115/><U28/><E102/><V59/><F106/><W108/><G108/><T6/><D110/><U5/><E5/><V9/><F101/><W39/><G39/><T100/><D6/><U84/><E28/><N who="3" m="10794" /><G133/><T92/><D22/><U7/><E7/><V13/><F13/><N who="3" m="9359" /><G94/><T129/><D81/><U134/><E134/><V47/><F86/><N who="3" m="48463" /><G95/><T130/><D37/><U49/><E18/><V34/><F89/><W53/><G53/><T99/><D41/><U93/><E91/><V135/><F135/><W19/><G19/><T10/><D10/><U124/><E36/><V132/><F132/><W45/><G45/><T123/><D123/><U23/><E23/><V15/><F15/><W111/><G111/><T119/><D119/><U26/><E26/><V75/><F75/><W125/><AGARI ba="1,0" hai="125,126,127,128,131" m="48463,9359,10794" machi="125" ten="40,5200,0" yaku="18,1,52,1,54,1" doraHai="74" who="3" fromWho="3" sc="280,-14,253,-14,227,-27,240,55" />
</Scene>
<Scene>
<INIT seed="3,0,0,4,1,80" ten="266,239,200,295" oya="3" hai0="104,16,122,107,49,111,73,102,65,27,96,98,132" hai1="123,88,133,12,33,119,89,129,7,74,82,3,92" hai2="5,51,120,118,90,116,14,131,110,8,4,100,45" hai3="25,66,77,19,53,24,20,97,6,113,69,67,68"/><W42/><G42/><T18/><D122/><U21/><E123/><V34/><F120/><W30/><G6/><T17/><D73/><U22/><E33/><V86/><F34/><W32/><G68/><T50/><D132/><U44/><E129/><V70/><F70/><W47/><G69/><T85/><D111/><U1/><E74/><V105/><F110/><W128/><G128/><T37/><D37/><U72/><E72/><V115/><F115/><W94/><G77/><T54/><D65/><U26/><E1/><V101/><F131/><W0/><G0/><T38/><D38/><U78/><E78/><V75/><F75/><W2/><G2/><T125/><D125/><U39/><E3/><V57/><F5/><W36/><G113/><T91/><D27/><U46/><E26/><V56/><F118/><W23/><G32/><T62/><D62/><U93/><E133/><V83/><F116/><W31/><G19/><T114/><D114/><U40/><E7/><V64/><F105/><W103/><REACH who="3" step="1"/><G36/><REACH who="3" ten="266,239,200,285" step="2"/><T71/><D71/><U87/><E39/><V79/><F79/><W28/><G28/><T59/><D18/><U55/><E40/><V99/><F4/><W35/><G35/><T95/><D50/><AGARI ba="0,1" hai="20,23,24,25,30,31,47,50,53,66,67,94,97,103" machi="50" ten="40,7700,0" yaku="1,1,9,1,8,1,53,0" doraHai="80" doraHaiUra="134" who="3" fromWho="0" sc="266,-77,239,0,200,0,285,87" />
</Scene>
<Scene>
<INIT seed="3,1,0,2,4,61" ten="189,239,200,372" oya="3" hai0="40,96,47,62,31,118,131,64,66,27,71,89,100" hai1="104,43,53,86,0,37,122,81,28,26,92,36,98" hai2="38,35,15,127,73,24,45,97,123,91,88,58,108" hai3="34,1,42,3,74,11,19,22,10,56,134,94,93"/><W29/><G74/><T84/><D118/><U18/><E0/><V25/><F73/><W102/><G42/><T99/><D131/><U13/><E104/><V76/><F76/><W16/><G56/><T4/><D4/><U65/><E43/><V75/><F75/><W70/><G70/><T51/><D64/><U32/><E53/><V12/><F108/><W83/><G83/><T5/><D5/><U77/><E122/><V109/><F109/><W68/><G68/><T48/><D48/><U112/><E112/><V2/><F2/><N who="3" m="523" /><G94/><T50/><D50/><U44/><E44/><V105/><F127/><W133/><G93/><T9/><D9/><N who="3" m="3081" /><G102/><T126/><D126/><U21/><E65/><V60/><F123/><W59/><G59/><T117/><D117/><U90/><AGARI ba="1,0" hai="13,18,21,26,28,32,36,37,77,81,86,90,92,98" machi="90" ten="20,1500,0" yaku="0,1,7,1" doraHai="61" who="1" fromWho="1" sc="189,-5,239,18,200,-5,372,-8" />
</Scene>
<Scene>
<INIT seed="4,0,0,3,3,81" ten="184,257,195,364" oya="0" hai0="22,28,59,25,73,67,99,84,98,91,48,55,68" hai1="3,60,37,4,120,16,20,13,47,29,87,58,62" hai2="41,118,15,135,18,130,133,53,72,82,94,92,121" hai3="42,128,49,27,51,54,64,7,57,10,89,40,39"/><T124/><D124/><U117/><E120/><V107/><F107/><W74/><G74/><T88/><D73/><U113/><E117/><V24/><F121/><W11/><G39/><T23/><D23/><U101/><E101/><V134/><F41/><W96/><G64/><T43/><D43/><U126/><E37/><V75/><F130/><W95/><G11/><T78/><D78/><U131/><E47/><V76/><F75/><W46/><G27/><T132/><D132/><U17/><E29/><V8/><F118/><W65/><G65/><T108/><D108/><U93/><E4/><V114/><F114/><W0/><G42/><T97/><REACH who="0" step="1"/><D84/><REACH who="0" ten="174,257,195,364" step="2"/><U38/><E126/><V2/><F135/><W125/><G125/><T30/><D30/><U52/><E87/><V100/><F134/><W9/><G128/><T103/><D103/><U109/><E109/><V83/><F100/><W79/><G79/><T32/><D32/><U70/><E131/><V102/><F102/><W45/><G10/><T50/><D50/><U110/><E110/><V34/><F133/><W66/><G40/><T61/><AGARI ba="0,1" hai="22,25,28,48,55,59,61,67,68,88,91,97,98,99" machi="61" ten="30,6000,0" yaku="1,1,0,1,54,1,53,0" doraHai="81" doraHaiUra="71" who="0" fromWho="0" sc="174,70,257,-20,195,-20,364,-20" />
</Scene>
<Scene>
<INIT seed="4,1,0,5,0,13" ten="244,237,175,344" oya="0" hai0="62,104,95,92,120,109,59,19,30,43,18,16,93" hai1="63,125,36,119,123,56,25,114,89,2,42,75,79" hai2="0,34,23,22,85,117,111,45,103,86,9,33,83" hai3="31,5,121,115,134,52,3,74,124,98,90,132,29"/><T7/><D120/><U46/><E123/><V105/><F111/><W76/><G115/><T129/><D104/><U39/><E125/><V70/><F70/><W27/><G124/><T118/><D118/><U8/><E39/><V67/><F67/><W135/><G121/><T20/><D109/><U21/><E119/><V71/><F71/><W94/><G29/><T17/><D129/><U100/><E100/><V64/><F64/><W60/><G3/><T66/><D7/><U15/><E2/><V97/><F117/><W6/><G76/><T108/><D108/><U80/><E89/><V1/><F45/><W11/><G11/><T68/><D43/><U91/><E91/><V40/><F40/><W69/><G74/><T72/><D72/><U57/><E63/><V73/><F73/><W53/><G69/><T55/><N who="0" m="4096" /><DORA hai="101" /><T26/><REACH who="0" step="1"/><D95/><REACH who="0" ten="234,237,175,344" step="2"/><U107/><E107/><V49/><F105/><W58/><G53/><T128/><D128/><U10/><E10/><V77/><F9/><W84/><G84/><T110/><D110/><U48/><E8/><V130/><F86/><W116/><G116/><T54/><D54/><U113/><E75/><V112/><F130/><W47/><G135/><T82/><D82/><U127/><E80/><V50/><F85/><W14/><G134/><T41/><D41/><U87/><E87/><V61/><F83/><W51/><G132/><T65/><D65/><U133/><E133/><V131/><F131/><W24/><G14/><T35/><D35/><U38/><E15/><V37/><F34/><W28/><G94/><T12/><D12/><RYUUKYOKU ba="1,1" sc="234,30,237,-10,175,-10,344,-10" hai0="20,26,30,55,59,62,66,68,92,93" />
</Scene>
<Scene>
<INIT seed="4,2,1,3,1,33" ten="264,227,165,334" oya="0" hai0="43,41,78,128,83,122,91,118,66,42,48,67,51" hai1="17,60,80,132,71,20,104,24,52,45,69,46,101" hai2="70,27,126,25,90,88,58,2,100,0,109,44,31" hai3="30,36,103,86,9,114,112,111,26,74,59,134,108"/><T135/><D122/><U89/><E132/><V5/><F70/><W72/><G36/><T129/><D118/><U130/><E130/><N who="0" m="50281" /><D135/><U94/><E104/><V113/><F109/><N who="3" m="42059" /><G103/><T82/><D91/><U125/><E71/><V18/><F113/><N who="3" m="43627" /><G134/><T16/><D16/><N who="1" m="12295" /><E69/><V47/><F100/><W64/><G9/><T38/><D38/><U84/><E17/><V110/><F18/><W55/><G86/><N who="0" m="48471" /><D83/><U95/><E125/><V3/><F126/><W53/><G64/><AGARI ba="2,1" hai="41,42,43,48,51,64,66,67" m="48471,50281" machi="64" ten="30,1500,0" yaku="19,1" doraHai="33" who="0" fromWho="3" sc="264,31,227,0,165,0,334,-21" />
</Scene>
<Scene>
<INIT seed="4,3,0,2,0,60" ten="295,227,165,313" oya="0" hai0="20,30,95,35,99,15,70,14,117,135,63,50,111" hai1="121,103,100,83,91,40,120,3,81,104,126,105,90" hai2="27,7,115,88,123,93,86,61,131,62,87,116,25" hai3="5,1,53,122,134,133,64,28,114,37,16,44,4"/><T26/><D117/><U23/><E3/><V79/><F123/><W41/><G28/><T89/><D135/><N who="3" m="51721" /><G1/><T80/><D111/><U18/><E40/><V34/><F115/><W109/><G109/><T130/><D130/><U102/><E23/><V19/><F131/><W132/><G114/><T124/><D124/><U119/><E18/><V98/><F116/><W75/><G75/><T76/><D50/><U59/><E59/><V8/><F34/><W55/><G64/><T54/><D35/><U106/><E126/><V128/><F128/><W67/><G122/><N who="1" m="47210" /><E119/><V24/><F19/><W0/><G67/><T43/><D43/><U10/><E10/><V113/><F113/><W45/><G0/><T56/><REACH who="0" step="1"/><D70/><REACH who="0" ten="285,227,165,313" step="2"/><U57/><E57/><V12/><F79/><W118/><G118/><T82/><D82/><AGARI ba="3,1" hai="81,82,83,90,91,100,102,103,104,105,106" m="47210" machi="82" ten="40,8000,1" yaku="28,2,34,2" doraHai="60" who="1" fromWho="0" sc="285,-89,227,99,165,0,313,0" />
</Scene>
<Scene>
<INIT seed="5,0,0,5,5,68" ten="196,326,165,313" oya="1" hai0="88,131,98,102,80,119,25,134,93,10,107,35,76" hai1="34,108,14,124,32,115,24,54,69,132,21,100,23" hai2="99,0,55,73,50,78,46,4,63,51,127,56,128" hai3="13,53,123,106,36,90,135,91,37,11,67,39,49"/><U26/><E69/><V29/><F128/><W86/><G106/><T92/><D119/><U117/><E100/><V103/><F127/><W12/><G123/><T129/><D10/><U121/><E54/><V6/><F29/><W16/><G135/><T59/><D134/><U3/><E14/><V42/><F0/><W70/><G86/><N who="0" m="52247" /><D59/><U74/><E74/><V112/><F112/><W62/><REACH who="3" step="1"/><G12/><REACH who="3" ten="196,326,165,303" step="2"/><T43/><D25/><U104/><E104/><V41/><F73/><W1/><G1/><T2/><D2/><U44/><E3/><V116/><F116/><W77/><G77/><T114/><D114/><U111/><E132/><V130/><F78/><W101/><G101/><N who="0" m="62903" /><D35/><U58/><E115/><V81/><F130/><N who="0" m="49674" /><D43/><U5/><E117/><V28/><F42/><W122/><G122/><T95/><D102/><U27/><E121/><V110/><F103/><W47/><AGARI ba="0,1" hai="11,13,16,36,37,39,47,49,53,62,67,70,90,91" machi="47" ten="30,12000,2" yaku="1,1,0,1,52,3,54,1,53,1" doraHai="68" doraHaiUra="8" who="3" fromWho="3" sc="196,-30,326,-60,165,-30,303,130" />
</Scene>
<Scene>
<INIT seed="6,0,0,5,0,6" ten="166,266,135,433" oya="2" hai0="48,13,126,135,63,67,84,8,83,38,80,99,104" hai1="36,17,112,2,35,109,113,119,42,65,101,124,133" hai2="89,82,108,7,61,118,120,12,111,51,52,46,93" hai3="130,88,57,11,30,77,92,60,125,22,103,100,79"/><V19/><F120/><W21/><G11/><T33/><D135/><U73/><E65/><V69/><F118/><W59/><G59/><T34/><D126/><U110/><E42/><V91/><F7/><W45/><G45/><T4/><D38/><U53/><E53/><V66/><F82/><W115/><G115/><T86/><D48/><U29/><E101/><N who="3" m="38986" /><G130/><T20/><D104/><U116/><E17/><V90/><REACH who="2" step="1"/><F93/><REACH who="2" ten="166,266,125,433" step="2"/><W128/><G128/><T25/><D80/><U121/><E116/><V97/><F97/><W55/><G125/><T98/><D99/><U107/><E113/><V44/><F44/><W1/><G1/><T56/><D98/><U76/><E76/><V27/><F27/><W9/><G79/><T39/><D86/><U50/><E112/><V132/><F132/><W71/><G77/><T54/><D84/><U41/><E133/><V10/><AGARI ba="0,1" hai="10,12,19,46,51,52,61,66,69,89,90,91,108,111" machi="10" ten="30,11700,0" yaku="1,1,0,1,52,1,54,1,53,0" doraHai="6" doraHaiUra="32" who="2" fromWho="2" sc="166,-39,266,-39,125,127,433,-39" />
</Scene>
<Scene>
<INIT seed="6,1,0,0,5,102" ten="127,227,252,394" oya="2" hai0="129,5,59,43,57,13,36,130,90,60,84,134,122" hai1="35,108,135,81,53,24,64,29,3,75,51,70,87" hai2="65,80,62,115,39,83,45,73,50,41,7,42,0" hai3="67,21,66,19,93,47,82,91,54,128,76,28,1"/><V49/><F115/><W12/><G1/><T106/><D122/><U37/><E135/><V126/><F126/><W101/><G101/><T61/><D134/><U125/><E125/><V34/><F34/><W26/><G128/><T32/><D32/><U95/><E37/><V8/><F42/><W111/><G111/><T6/><D36/><U71/><E3/><V31/><F31/><W79/><G47/><T121/><D43/><U100/><E75/><V103/><F103/><W109/><G54/><T89/><D121/><U20/><E64/><N who="3" m="24618" /><G82/><T52/><D13/><U85/><E35/><V74/><F83/><W55/><G55/><T18/><D18/><U107/><E107/><V116/><F74/><W10/><G109/><T17/><D17/><U38/><E38/><V15/><F15/><W123/><G123/><T88/><D84/><AGARI ba="1,0" hai="10,12,19,21,26,28,76,79,84,91,93" m="24618" machi="84" ten="30,1000,0" yaku="8,1" doraHai="102" who="3" fromWho="0" sc="127,-13,227,0,252,0,394,13" />
</Scene>
<Scene>
<INIT seed="7,0,0,1,5,123" ten="114,227,252,407" oya="3" hai0="121,118,102,60,45,19,71,35,17,48,62,26,43" hai1="111,107,49,128,106,54,82,83,51,23,133,88,97" hai2="11,64,70,38,13,59,89,27,28,56,5,41,50" hai3="113,134,90,57,24,127,132,67,119,46,117,94,29"/><W8/><G113/><T0/><D121/><U135/><E111/><V12/><F38/><W74/><G74/><T44/><D118/><U34/><E34/><V86/><F70/><W40/><G127/><T85/><D0/><U3/><E3/><V47/><F13/><W131/><G8/><T93/><D71/><U115/><E128/><V81/><F64/><W25/><G57/><T37/><D35/><AGARI ba="0,0" hai="5,11,12,27,28,35,41,47,50,56,59,81,86,89" machi="35" ten="30,1000,0" yaku="7,1" doraHai="123" who="2" fromWho="0" sc="114,-10,227,0,252,10,407,0" owari="104,-40.0,227,-17.0,262,6.0,407,51.0" />
</Scene>
</mjloggm>