<mjloggm ver="2.3"><GO type="169" lobby="0"/><UN n0="%E3%81%99%E3%81%9A%E3%82%81%E3%82%AF%E3%83%AC%E3%82%A4%E3%82%B8%E3%83%BC" n1="%E3%80%90%E7%BD%AA%E6%AD%8C%E3%80%91" n2="%79%6F%6A%6F" n3="%73%61%69%72%61%73%75" dan="19,18,16,17" rate="2306.30,2292.82,2142.04,2130.66" sx="M,F,F,M"/><TAIKYOKU oya="0"/>

<Scene>
<INIT seed="0,0,0,4,5,77" ten="250,250,250,250" oya="0" hai0="24,113,132,57,37,122,88,18,3,110,36,84,95" hai1="12,50,6,15,0,130,2,92,85,114,35,44,49" hai2="66,108,133,62,71,98,40,29,72,52,89,70,10" hai3="53,51,100,111,109,74,33,60,94,59,107,123,45"/><T38/><D122/><U102/><E35/><V75/><F71/><W31/><G74/><T20/><D3/><U115/><E102/><V58/><F133/><W41/><G123/><T106/><D106/><U103/><E103/><V4/><F29/><W78/><G78/><T54/><D113/><N who="1" m="43019" /><E6/><V81/><F40/><W129/><G129/><T118/><D118/><U8/><E8/><V128/><F108/><N who="3" m="41547" /><G94/><T76/><D110/><U121/><E121/><V39/><F39/><W83/><G83/><T134/><REACH who="0" step="1"/><D76/><REACH who="0" ten="240,250,250,250" step="2"/><U21/><E0/><V69/><F128/><W13/><G107/><T9/><D9/><U16/><E2/><V91/><F10/><W48/><G100/><T46/><D46/><U63/><E44/><V67/><F89/><W56/><G45/><T7/><D7/><U25/><E130/><V97/><F4/><W79/><G79/><T61/><AGARI ba="0,1" hai="18,20,24,36,37,38,54,57,61,84,88,95,132,134" machi="61" ten="40,18000,2" yaku="1,1,0,1,54,1,53,3" doraHai="77" doraHaiUra="68" who="0" fromWho="0" sc="240,190,250,-60,250,-60,250,-60" />
</Scene>
<Scene>
<INIT seed="0,1,0,0,3,132" ten="430,190,190,190" oya="0" hai0="46,21,77,71,18,37,17,53,64,95,70,78,50" hai1="125,76,13,133,42,19,98,122,22,2,85,20,39" hai2="107,12,32,134,5,93,69,28,44,89,113,36,79" hai3="116,56,55,88,126,87,26,0,16,54,45,81,61"/><T67/><D37/><U128/><E122/><V10/><F113/><W24/><G116/><T119/><D119/><U68/><E2/><V96/><F69/><W14/><G126/><T92/><D21/><U38/><E68/><V108/><F108/><W110/><G110/><T30/><D50/><U118/><E118/><V127/><F127/><W104/><G104/><T60/><D30/><U114/><E133/><V73/><F107/><W52/><G0/><T112/><D46/><U31/><E128/><V6/><F134/><W91/><G91/><T102/><D102/><U72/><E72/><V135/><F135/><W124/><G124/><T48/><D48/><U105/><E42/><V84/><F73/><W43/><G43/><T3/><D3/><U97/><E105/><V130/><F130/><W75/><G75/><T40/><D40/><U49/><E49/><V80/><F44/><W115/><G115/><T74/><D74/><U9/><E114/><V111/><F36/><W129/><G129/><T83/><D112/><U103/><E103/><V117/><F117/><W94/><G81/><T59/><D83/><N who="1" m="47335" /><E125/><V58/><F111/><W33/><G45/><T121/><D59/><U123/><E123/><V109/><F58/><W35/><G35/><T65/><D121/><U11/><E39/><V7/><F109/><W23/><G33/><T131/><D131/><U63/><E63/><V82/><F80/><W90/><G90/><T51/><D60/><U27/><E38/><V100/><F100/><W34/><G34/><T47/><D71/><U62/><E62/><V25/><AGARI ba="1,0" hai="5,6,7,10,12,25,28,32,79,82,84,89,93,96" machi="25" ten="30,2000,0" yaku="5,1,0,1" doraHai="132" who="2" fromWho="2" sc="430,-11,190,-6,190,23,190,-6" />
</Scene>
<Scene>
<INIT seed="1,0,0,3,4,47" ten="419,184,213,184" oya="1" hai0="79,107,109,12,123,28,94,90,24,44,27,52,26" hai1="124,50,74,16,21,61,106,39,36,34,32,10,30" hai2="117,46,13,80,102,69,76,82,116,66,91,53,111" hai3="97,63,86,29,118,1,114,71,65,99,121,18,60"/><U48/><E106/><V112/><F111/><W84/><G114/><T108/><D107/><U103/><E74/><V4/><F112/><W92/><G121/><T64/><D64/><U49/><E103/><V2/><F102/><W45/><G1/><T131/><D79/><U11/><E30/><V93/><F80/><W115/><G115/><T128/><D12/><U135/><E135/><V9/><F66/><W0/><G0/><T134/><D28/><U41/><E61/><V130/><F69/><W87/><G118/><T23/><D23/><U88/><E124/><V129/><F2/><W67/><G18/><T6/><D6/><U62/><E62/><V59/><F46/><W37/><G92/><T95/><D95/><U75/><E75/><V58/><F58/><W105/><G105/><T98/><D123/><U57/><E57/><V83/><F83/><W38/><G29/><T101/><D134/><U17/><E88/><V31/><F91/><W78/><G78/><T3/><D90/><U122/><E41/><V22/><F93/><W85/><N who="3" m="21504" /><DORA hai="7" /><W127/><G127/><T113/><D113/><U70/><E50/><N who="2" m="31159" /><F82/><W81/><G81/><T89/><D101/><U5/><E5/><V100/><F100/><W51/><G37/><T119/><D89/><U125/><E125/><V25/><F76/><W14/><G38/><T133/><D133/><U20/><E70/><V42/><F42/><N who="3" m="25015" /><G65/><T77/><D77/><U73/><E73/><V68/><F68/><W132/><G132/><T15/><D94/><U120/><AGARI ba="0,0" hai="10,11,16,17,20,21,32,34,36,39,48,49,120,122" machi="120" ten="25,24000,3" yaku="0,1,22,2,52,4,54,1" doraHai="47,7" who="1" fromWho="1" sc="419,-80,184,240,213,-80,184,-80" />
</Scene>
<Scene>
<INIT seed="1,1,0,2,2,94" ten="339,424,133,104" oya="1" hai0="116,70,19,72,9,117,56,42,107,73,7,108,95" hai1="90,39,112,22,74,62,124,34,0,89,28,53,100" hai2="102,51,55,118,122,129,134,41,80,58,1,104,127" hai3="119,81,40,21,96,111,4,46,50,91,106,11,44"/><U27/><E112/><V69/><F122/><W59/><G111/><T113/><D108/><U97/><E124/><V23/><F118/><W79/><G119/><T77/><D70/><U120/><E120/><V33/><F1/><W16/><G59/><T36/><D107/><U45/><E74/><V52/><F33/><W13/><G46/><T128/><D128/><U67/><E0/><V14/><F69/><W49/><G49/><T115/><D36/><U60/><E60/><V24/><F134/><W61/><G61/><T78/><D95/><U126/><E126/><V66/><F66/><W38/><G38/><T133/><D9/><U18/><E53/><V25/><F41/><W64/><G64/><T32/><D42/><U31/><E31/><V26/><F129/><W20/><G91/><T29/><D29/><U54/><E54/><V125/><F55/><W86/><REACH who="3" step="1"/><G16/><REACH who="3" ten="339,424,133,94" step="2"/><T17/><D56/><U85/><E45/><V6/><F58/><W63/><G63/><T35/><D7/><U99/><E39/><V109/><F51/><W103/><AGARI ba="1,1" hai="4,11,13,20,21,40,44,50,79,81,86,96,103,106" machi="103" ten="30,8000,1" yaku="1,1,0,1,25,2,52,1,53,0" doraHai="94" doraHaiUra="88" who="3" fromWho="3" sc="339,-21,424,-41,133,-21,94,93" />
</Scene>
<Scene>
<INIT seed="2,0,0,0,2,52" ten="318,383,112,187" oya="2" hai0="122,43,92,95,16,57,96,31,38,85,105,117,123" hai1="28,74,102,104,25,82,73,63,60,4,1,108,86" hai2="133,41,78,48,45,54,17,106,58,71,129,77,110" hai3="24,50,114,120,67,98,55,51,134,69,68,27,21"/><V33/><F106/><W116/><G120/><T40/><D105/><U64/><E108/><V113/><F113/><W84/><G116/><T121/><D117/><U39/><E39/><V103/><F103/><W34/><G34/><T46/><D31/><U8/><E63/><V94/><F33/><W44/><G98/><T22/><D43/><U72/><E86/><V70/><F110/><W80/><G67/><T131/><D85/><U97/><E82/><V88/><F129/><W30/><G27/><T59/><D131/><U18/><E18/><V112/><F112/><W90/><G134/><T101/><REACH who="0" step="1"/><D95/><REACH who="0" ten="308,383,112,187" step="2"/><U2/><E2/><V79/><F133/><W61/><G114/><T135/><D135/><U7/><E7/><V29/><F29/><W99/><G99/><T65/><D65/><U132/><E132/><V47/><F17/><W128/><G128/><T26/><AGARI ba="0,1" hai="16,22,26,38,40,46,57,59,92,96,101,121,122,123" machi="26" ten="30,12000,2" yaku="1,1,0,1,52,2,54,1,53,1" doraHai="52" doraHaiUra="91" who="0" fromWho="0" sc="308,130,383,-30,112,-60,187,-30" />
</Scene>
<Scene>
<INIT seed="3,0,0,5,1,75" ten="438,353,52,157" oya="3" hai0="18,102,48,34,132,79,100,32,108,126,113,86,63" hai1="131,81,36,123,73,104,82,91,93,87,68,8,21" hai2="71,120,66,5,55,15,22,111,109,72,133,20,94" hai3="0,19,130,69,118,101,47,50,45,37,99,23,105"/><W38/><G118/><T58/><D108/><U70/><E36/><V49/><F133/><W3/><G69/><T76/><D126/><U9/><E104/><V54/><F120/><W112/><G112/><T11/><D34/><U127/><E123/><V44/><F72/><W17/><G130/><T6/><D32/><U80/><E131/><V92/><F66/><W85/><G38/><T88/><D48/><U83/><E127/><V96/><F71/><W26/><G17/><T134/><D113/><U4/><E9/><V30/><F30/><W27/><G27/><T78/><D18/><U106/><E21/><V46/><F15/><W119/><G119/><T1/><D102/><U114/><E106/><V128/><F128/><W110/><G110/><T39/><D100/><U24/><E24/><V124/><F49/><W31/><G45/><T89/><D39/><U121/><E121/><V33/><F33/><W52/><G31/><T116/><D116/><U59/><E59/><V53/><F53/><W103/><G103/><T67/><REACH who="0" step="1"/><D88/><REACH who="0" ten="428,353,52,157" step="2"/><U43/><E114/><V84/><F124/><W7/><G37/><T13/><D13/><U135/><E91/><V65/><F109/><W16/><G19/><T98/><D98/><U107/><E87/><V56/><F84/><W122/><G122/><T64/><D64/><U25/><E73/><V12/><F65/><W28/><G85/><T2/><D2/><N who="3" m="553" /><G16/><T40/><D40/><U97/><E43/><V90/><F111/><W35/><G35/><T42/><D42/><U60/><E97/><V115/><F115/><W51/><G50/><RYUUKYOKU ba="0,1" sc="428,15,353,-15,52,-15,157,15" hai0="1,6,11,58,63,67,76,78,79,86,89,132,134" hai3="7,23,26,28,47,51,52,99,101,105" />
</Scene>
<Scene>
<INIT seed="3,1,1,3,0,51" ten="443,338,37,172" oya="3" hai0="65,31,48,67,132,74,116,14,96,20,113,63,77" hai1="71,61,26,104,98,91,86,64,38,52,75,34,3" hai2="69,78,124,102,97,37,84,70,40,6,95,47,45" hai3="122,123,118,80,117,110,90,58,112,121,131,25,81"/><W66/><G25/><T56/><D132/><U17/><E3/><V114/><F114/><W23/><G23/><T107/><D74/><U41/><E75/><V127/><F6/><W33/><G33/><T133/><D77/><U46/><E17/><V0/><F0/><W9/><G9/><T126/><D126/><U13/><E13/><V83/><REACH who="2" step="1"/><F47/><REACH who="2" ten="443,338,27,172" step="2"/><W16/><G112/><T28/><D113/><U109/><E46/><V135/><F135/><W92/><G123/><T100/><D133/><U134/><E134/><V8/><F8/><W49/><G122/><T24/><D116/><U5/><E5/><V7/><F7/><W120/><G120/><T73/><D31/><U72/><E109/><V68/><AGARI ba="1,2" hai="37,40,45,68,69,70,78,83,84,95,97,102,124,127" machi="68" ten="40,2700,0" yaku="1,1,0,1,53,0" doraHai="51" doraHaiUra="21" who="2" fromWho="2" sc="443,-8,338,-8,27,50,172,-14" />
</Scene>
<Scene>
<INIT seed="4,0,0,4,0,47" ten="435,330,77,158" oya="0" hai0="108,45,31,22,117,90,56,48,100,135,82,33,105" hai1="81,4,112,106,68,23,88,132,50,84,102,35,44" hai2="32,96,37,24,30,63,125,104,115,92,60,85,51" hai3="91,95,123,124,43,86,28,89,62,120,83,10,66"/><T34/><D117/><U36/><E35/><V127/><F37/><W67/><G124/><T74/><D135/><U3/><E132/><V97/><F115/><W78/><G43/><T87/><D108/><U103/><E68/><V12/><F104/><W27/><G10/><T93/><D56/><U119/><E119/><V64/><F12/><W72/><G91/><T114/><D114/><U26/><E106/><V65/><F85/><W8/><G8/><T17/><D31/><N who="1" m="17887" /><E36/><V61/><F97/><W0/><G0/><T99/><D17/><U40/><E3/><V107/><F107/><W129/><G129/><T11/><D22/><U75/><E75/><V52/><F64/><W109/><G109/><T59/><D59/><U79/><E112/><V101/><REACH who="2" step="1"/><F65/><REACH who="2" ten="435,330,67,158" step="2"/><W55/><G67/><T38/><D38/><U71/><E71/><V121/><F121/><W39/><G39/><T126/><D126/><U19/><E4/><V13/><F13/><W80/><G123/><T94/><D105/><U5/><E5/><V2/><F2/><W111/><G120/><T7/><D7/><U98/><E98/><V122/><F122/><W15/><G111/><T49/><D99/><U128/><E128/><V20/><F20/><N who="3" m="15463" /><G15/><T25/><D11/><U116/><E116/><V70/><F70/><W42/><G66/><T110/><D110/><U76/><E84/><V133/><F133/><W21/><G21/><T1/><D87/><N who="1" m="50287" /><E19/><V18/><F18/><W41/><G80/><T118/><D1/><U113/><E113/><V16/><F16/><W46/><G83/><T53/><D82/><RYUUKYOKU ba="0,1" sc="435,-15,330,15,67,15,158,-15" hai1="40,44,50,76,79,102,103" hai2="24,30,32,51,52,60,61,63,92,96,101,125,127" />
</Scene>
<Scene>
<INIT seed="5,1,1,2,5,96" ten="420,345,82,143" oya="1" hai0="39,125,104,52,45,121,126,67,122,73,100,93,81" hai1="132,105,85,9,113,0,13,25,49,2,86,20,80" hai2="79,76,92,7,42,91,89,88,71,21,95,68,69" hai3="30,51,27,94,106,128,58,44,36,72,53,103,8"/><U14/><E132/><V101/><F42/><W48/><G72/><T65/><D104/><U130/><E105/><V116/><F116/><W22/><G128/><T33/><D33/><U129/><E49/><V19/><F7/><W10/><G106/><T112/><D112/><U119/><E119/><V98/><REACH who="2" step="1"/><F95/><REACH who="2" ten="420,345,72,143" step="2"/><W102/><G36/><T43/><D93/><U108/><E113/><V97/><F97/><N who="3" m="59703" /><G103/><T4/><D100/><U107/><E107/><V29/><F29/><W110/><G110/><T46/><D39/><U66/><E108/><V114/><F114/><W90/><G90/><T15/><D4/><U111/><E111/><V74/><F74/><W134/><G134/><T115/><D73/><U75/><E75/><V28/><F28/><W64/><G64/><T23/><D115/><U32/><E66/><V70/><N who="2" m="17408" /><DORA hai="82" /><V24/><AGARI ba="1,2" hai="19,21,24,76,79,88,89,91,92,98,101" m="17408" machi="24" ten="60,8000,1" yaku="1,1,4,1,0,1,52,1,54,1,53,0" doraHai="96,82" doraHaiUra="54,60" who="2" fromWho="2" sc="420,-21,345,-41,72,103,143,-21" />
</Scene>
<Scene>
<INIT seed="6,0,0,2,1,10" ten="399,304,175,122" oya="2" hai0="17,21,134,130,27,2,125,13,114,102,18,30,42" hai1="7,32,128,3,117,70,37,55,129,119,93,71,47" hai2="43,109,69,73,98,131,116,41,95,72,101,48,15" hai3="82,24,31,96,79,66,34,80,115,88,100,67,23"/><V97/><F116/><N who="1" m="44617" /><E93/><V57/><F69/><N who="1" m="26121" /><E32/><V44/><F131/><N who="1" m="50249" /><E7/><V39/><F73/><W112/><G34/><T132/><D102/><U59/><E3/><V5/><F72/><W28/><G28/><T135/><D130/><U126/><E126/><V56/><F98/><W65/><G100/><T33/><D125/><U83/><E83/><V36/><F95/><W22/><G96/><T68/><D2/><U124/><E124/><V91/><F97/><W25/><G82/><T94/><D94/><U49/><E37/><V51/><F36/><W64/><N who="3" m="16384" /><DORA hai="9" /><W99/><G99/><T118/><D68/><U38/><E38/><V12/><F39/><W104/><G104/><T85/><D85/><U35/><E35/><V107/><F107/><W108/><G80/><T11/><D33/><U0/><E0/><V53/><F5/><W61/><G79/><T122/><D18/><U90/><E90/><V110/><F91/><W8/><G88/><T77/><D77/><U86/><E86/><V106/><F106/><W6/><G31/><T84/><D84/><U60/><E60/><V26/><F101/><W81/><G61/><T74/><D17/><U40/><E59/><V50/><F57/><W54/><G81/><T127/><D74/><U16/><E16/><V46/><F26/><W87/><G87/><T76/><D27/><U4/><E4/><V62/><F62/><W20/><G25/><T52/><D30/><U63/><E63/><V103/><F103/><W45/><G24/><T121/><D127/><U105/><E105/><V89/><F89/><W133/><G6/><RYUUKYOKU ba="0,0" sc="399,-15,304,15,175,15,122,-15" hai1="40,47,49,55" hai2="12,15,41,43,44,46,48,50,51,53,56,109,110" />
</Scene>
<Scene>
<INIT seed="6,1,0,2,5,28" ten="384,319,190,107" oya="2" hai0="90,71,17,97,99,110,107,27,135,21,58,42,22" hai1="100,67,39,3,49,96,51,114,118,75,62,126,120" hai2="85,78,12,84,5,93,26,6,47,104,125,2,0" hai3="60,109,19,59,32,15,128,10,29,111,45,89,80"/><V108/><F104/><W31/><G128/><T53/><D71/><U20/><E39/><V69/><F69/><W24/><G31/><T124/><D135/><U1/><E75/><V55/><F125/><W37/><G37/><T40/><D110/><U79/><E79/><V18/><F26/><W83/><G45/><T122/><D122/><U76/><E76/><V43/><F55/><W8/><G83/><T34/><D34/><U70/><E118/><V50/><F0/><W113/><G113/><T41/><D90/><U16/><E126/><V94/><F2/><W81/><G81/><T117/><D107/><U129/><E129/><V44/><F44/><W87/><REACH who="3" step="1"/><G10/><REACH who="3" ten="384,319,190,97" step="2"/><T101/><D124/><U115/><E120/><V121/><F121/><W54/><AGARI ba="1,1" hai="8,15,19,24,29,32,54,59,60,80,87,89,109,111" machi="54" ten="20,8000,1" yaku="1,1,2,1,0,1,7,1,52,1,53,0" doraHai="28" doraHaiUra="134" who="3" fromWho="3" sc="384,-21,319,-21,190,-41,97,93" />
</Scene>
<Scene>
<INIT seed="7,0,0,5,1,101" ten="363,298,149,190" oya="3" hai0="23,104,65,14,79,77,113,29,86,19,56,91,39" hai1="47,109,48,95,57,54,10,127,108,107,99,129,123" hai2="83,1,100,75,124,9,118,21,22,134,74,122,60" hai3="68,8,53,117,92,85,81,12,38,88,120,114,84"/><W49/><G120/><T96/><D39/><U26/><E123/><V82/><F118/><W18/><G68/><T73/><D73/><U55/><E129/><V119/><F119/><W94/><G114/><T52/><D65/><U7/><E127/><V42/><F122/><W46/><G117/><T37/><D37/><U133/><E133/><V110/><F110/><W63/><G38/><T20/><D104/><U125/><E26/><V43/><F134/><W5/><G63/><T13/><D96/><U115/><E115/><V2/><F100/><W106/><G106/><T15/><D29/><U64/><E64/><V36/><F36/><W4/><G94/><N who="0" m="54647" /><D23/><U33/><E33/><V93/><F60/><W78/><AGARI ba="0,0" hai="4,5,8,12,18,46,49,53,78,81,84,85,88,92" machi="78" ten="20,7800,0" yaku="0,1,7,1,8,1,54,1" doraHai="101" who="3" fromWho="3" sc="363,-26,298,-26,149,-26,190,78" />
</Scene>
<Scene>
<INIT seed="7,1,0,2,5,35" ten="337,272,123,268" oya="3" hai0="124,52,54,27,114,100,11,79,70,67,111,116,123" hai1="10,60,113,5,7,91,1,73,15,112,20,131,82" hai2="6,14,37,39,48,119,117,97,33,61,3,18,105" hai3="68,126,102,12,103,58,28,2,127,53,94,81,34"/><W132/><G68/><T22/><D111/><U75/><E131/><V84/><F48/><W8/><G81/><T109/><D109/><U80/><E60/><V76/><F84/><W0/><G132/><T57/><D116/><U32/><E32/><V25/><F76/><W41/><G28/><T90/><D124/><N who="3" m="47657" /><G34/><T122/><D70/><U95/><E80/><V63/><F117/><W31/><G31/><T23/><D114/><N who="1" m="44139" /><E82/><V115/><F119/><W26/><G26/><T129/><D27/><U120/><E120/><V29/><F115/><W93/><G41/><T89/><D129/><U45/><E45/><V64/><F63/><N who="3" m="36303" /><G94/><T87/><D79/><U118/><E118/><V4/><F4/><N who="3" m="3079" /><G93/><T55/><D123/><U72/><E20/><V104/><F104/><W101/><AGARI ba="1,0" hai="0,2,101,102,103" m="3079,36303,47657" machi="101" ten="30,6000,0" yaku="18,1,52,2" doraHai="35" who="3" fromWho="3" sc="337,-21,272,-21,123,-21,268,63" owari="316,12.0,251,-15.0,102,-40.0,331,43.0" />
</Scene>
</mjloggm>