<mjloggm ver="2.3"><GO type="169" lobby="0"/><UN n0="%E7%B6%BE%E9%A6%99" n1="%E3%81%8D%E3%81%97%E3%82%8A%E3%81%A3%E3%81%97%E3%82%85" n2="%E3%81%99%E3%81%9A%E3%82%81%E3%82%AF%E3%83%AC%E3%82%A4%E3%82%B8%E3%83%BC" n3="%E3%81%BE%E3%81%95%E3%82%8B%E3%81%95%E3%82%93%E3%80%82%E3%80%82" dan="16,16,19,16" rate="2106.45,2029.49,2305.24,2078.86" sx="F,M,M,M"/><TAIKYOKU oya="0"/>

<Scene>
<INIT seed="0,0,0,2,0,36" ten="250,250,250,250" oya="0" hai0="13,111,94,65,134,81,90,28,59,50,82,85,45" hai1="35,47,9,62,116,46,11,77,38,105,40,60,48" hai2="133,68,7,32,86,18,106,126,114,89,97,27,56" hai3="131,80,118,24,130,17,120,128,12,117,25,73,98"/><T61/><D134/><U3/><E105/><V91/><F68/><W1/><G73/><T54/><D111/><U132/><E35/><V55/><F126/><W75/><G75/><T42/><D28/><U37/><E116/><N who="3" m="44650" /><G80/><T109/><D109/><U39/><E132/><V4/><F114/><W33/><G1/><T100/><D100/><U67/><E77/><V129/><F129/><W88/><G33/><T79/><D13/><U107/><E62/><V53/><F106/><W71/><G71/><T103/><D103/><U58/><E107/><V70/><F70/><W64/><G64/><T30/><D30/><U34/><E34/><V104/><F104/><W21/><G120/><T72/><REACH who="0" step="1"/><D82/><REACH who="0" ten="240,250,250,250" step="2"/><U22/><E3/><V8/><F133/><W76/><G76/><T14/><D14/><U41/><REACH who="1" step="1"/><E22/><REACH who="1" ten="240,240,250,250" step="2"/><V43/><F32/><W74/><G74/><T20/><D20/><U16/><E16/><V101/><F18/><W95/><AGARI ba="0,2" hai="12,17,21,24,25,88,95,98,128,130,131" m="44650" machi="95" ten="40,2700,0" yaku="19,1,54,1" doraHai="36" who="3" fromWho="3" sc="240,-13,240,-7,250,-7,250,47" />
</Scene>
<Scene>
<INIT seed="1,0,0,2,0,43" ten="227,233,243,297" oya="1" hai0="33,45,112,129,96,48,67,26,117,47,31,125,84" hai1="121,56,101,68,50,28,5,71,49,127,30,122,19" hai2="109,53,66,14,75,83,77,94,134,16,103,37,59" hai3="65,70,10,110,82,87,114,39,95,126,86,1,116"/><U29/><E5/><V38/><F109/><W123/><G114/><T135/><D117/><U21/><E101/><V25/><F134/><W8/><G95/><T99/><D112/><U118/><E118/><V119/><F66/><W60/><G1/><T24/><D135/><U15/><E127/><V131/><F131/><W2/><G2/><T13/><D125/><U130/><E130/><V55/><F55/><W78/><G39/><T132/><D132/><U64/><E56/><V98/><F25/><W133/><G133/><T105/><D129/><U20/><E20/><V79/><F77/><W63/><G65/><T40/><D67/><U106/><E106/><V89/><F103/><W76/><G82/><T102/><D26/><U23/><E23/><V72/><F72/><W100/><G100/><T104/><D84/><U18/><E18/><V80/><F80/><W35/><G35/><T113/><D113/><U57/><E49/><V6/><F6/><W3/><G3/><T93/><D99/><U11/><E21/><V4/><F4/><W62/><G62/><T73/><D73/><U88/><E88/><V128/><F128/><W81/><G81/><T51/><REACH who="0" step="1"/><D13/><REACH who="0" ten="217,233,243,297" step="2"/><U54/><REACH who="1" step="1"/><E64/><REACH who="1" ten="217,223,243,297" step="2"/><V27/><F119/><W58/><G116/><T9/><D9/><U42/><E42/><AGARI ba="0,2" hai="24,31,33,40,42,45,47,48,51,93,96,102,104,105" machi="42" ten="30,8000,1" yaku="1,1,7,1,9,1,52,2,53,0" doraHai="43" doraHaiUra="74" who="0" fromWho="1" sc="217,100,223,-80,243,0,297,0" />
</Scene>
<Scene>
<INIT seed="2,0,0,5,3,30" ten="317,143,243,297" oya="2" hai0="80,86,116,5,69,29,114,119,28,106,43,102,2" hai1="77,121,109,126,98,105,104,94,57,32,124,79,12" hai2="47,17,110,38,6,113,134,13,100,71,23,97,68" hai3="60,90,27,67,50,62,58,111,96,35,7,31,66"/><V127/><F113/><W25/><G111/><T95/><D114/><U131/><E12/><V11/><F110/><W18/><G7/><T103/><D69/><U16/><E16/><V132/><F127/><N who="1" m="48681" /><E57/><V101/><F101/><W128/><G128/><T22/><D106/><N who="1" m="41067" /><E109/><V70/><F97/><W108/><G108/><T1/><D43/><U40/><E40/><V99/><F99/><W135/><G96/><N who="0" m="59679" /><D103/><N who="1" m="60887" /><E131/><V49/><F38/><W117/><G117/><N who="0" m="45131" /><D22/><U115/><E115/><V85/><F100/><W89/><G135/><T63/><D63/><U118/><E118/><V88/><F47/><W122/><G122/><T37/><D37/><U72/><E121/><V4/><F49/><W51/><G25/><T56/><D56/><U54/><E54/><V78/><F4/><W53/><G18/><T36/><D36/><U82/><E79/><V125/><F78/><W73/><G51/><T123/><D123/><U24/><E24/><V14/><REACH who="2" step="1"/><F125/><REACH who="2" ten="317,143,233,297" step="2"/><W19/><G50/><T45/><D45/><U84/><E72/><V26/><F26/><W15/><G73/><T0/><D5/><U81/><E81/><AGARI ba="0,1" hai="6,11,13,14,17,23,68,70,71,81,85,88,132,134" machi="81" ten="40,3900,0" yaku="1,1,54,1,53,0" doraHai="30" doraHaiUra="20" who="2" fromWho="1" sc="317,0,143,-39,233,49,297,0" />
</Scene>
<Scene>
<INIT seed="2,1,0,0,3,108" ten="317,104,282,297" oya="2" hai0="118,12,109,127,40,43,107,128,19,132,84,16,103" hai1="90,2,133,26,60,111,44,20,13,30,119,10,112" hai2="120,96,22,1,114,46,69,54,97,105,52,3,62" hai3="56,38,106,116,14,8,93,71,70,91,76,88,121"/><V11/><F120/><W81/><G106/><T5/><D118/><U42/><E119/><V100/><F114/><W0/><G0/><T101/><D127/><U34/><E111/><V61/><F22/><W32/><G32/><T86/><D128/><U24/><E60/><V122/><F122/><W113/><G113/><T59/><D107/><U72/><E72/><V98/><F98/><W49/><G38/><T94/><D109/><U31/><E90/><V27/><F27/><W89/><G70/><T39/><D39/><U95/><E95/><V75/><F75/><W7/><G71/><T79/><D132/><U124/><E44/><V53/><F46/><W131/><G131/><T36/><D36/><U9/><E42/><N who="0" m="15913" /><D59/><U25/><E112/><V50/><F50/><W21/><G21/><T41/><D79/><U33/><E124/><V73/><F73/><W51/><G51/><T110/><D110/><U68/><E68/><V125/><F125/><W129/><G129/><T83/><D83/><U66/><E66/><V37/><F37/><W135/><G135/><T4/><N who="0" m="15921" /><T6/><DORA hai="29" /><D12/><U123/><E123/><V82/><F82/><W65/><G81/><T87/><D94/><U15/><E133/><V67/><F62/><N who="3" m="38087" /><G49/><T85/><N who="0" m="22016" /><DORA hai="58" /><T64/><D64/><U130/><E130/><V115/><F115/><W99/><G121/><T23/><D23/><U80/><E80/><V102/><F1/><W134/><G134/><T117/><D117/><U55/><E2/><V47/><F47/><W35/><G116/><T78/><D78/><U28/><E34/><RYUUKYOKU ba="1,0" sc="317,30,104,-10,282,-10,297,-10" hai0="4,5,6,16,19,101,103" />
</Scene>
<Scene>
<INIT seed="3,2,0,2,0,34" ten="347,94,272,287" oya="3" hai0="37,130,0,28,22,13,74,36,67,121,104,72,97" hai1="101,41,69,26,108,9,95,25,123,112,3,35,56" hai2="93,98,90,92,135,122,117,38,129,91,31,58,116" hai3="80,2,8,49,115,30,33,39,40,4,84,118,17"/><W76/><G115/><T71/><D121/><U78/><E69/><V114/><F38/><W23/><G118/><T94/><D104/><U89/><E112/><V63/><F114/><W125/><G125/><T83/><D130/><U88/><E78/><V86/><F129/><W62/><G62/><T20/><D22/><U68/><E68/><V126/><F135/><W99/><G99/><T82/><D0/><U105/><E105/><V103/><F126/><W42/><G49/><T102/><D67/><U106/><E106/><V75/><F75/><W24/><G39/><T132/><D71/><U12/><E41/><V19/><F31/><W107/><G107/><T6/><D132/><U128/><E123/><V119/><F122/><W65/><G65/><T87/><D74/><U127/><E3/><V124/><F124/><W29/><G29/><T73/><D73/><U64/><E35/><V1/><F1/><W7/><G7/><T77/><D6/><N who="1" m="3127" /><E108/><V133/><F133/><W10/><REACH who="3" step="1"/><G8/><REACH who="3" ten="347,94,272,277" step="2"/><T47/><D28/><U79/><E127/><V109/><F117/><W66/><G66/><T18/><D47/><U50/><E128/><V100/><F119/><W51/><G51/><T131/><D131/><U55/><E64/><V16/><F116/><W96/><G96/><T53/><D36/><U60/><E50/><V5/><F5/><W81/><G81/><T61/><D37/><U44/><E44/><V70/><F70/><W45/><G45/><T111/><D61/><U48/><E48/><V14/><F63/><W52/><G52/><T54/><D111/><U21/><E60/><RYUUKYOKU ba="2,1" sc="347,15,94,-15,272,-15,277,15" hai0="13,18,20,53,54,72,77,82,83,87,94,97,102" hai3="2,4,10,17,23,24,30,33,40,42,76,80,84" />
</Scene>
<Scene>
<INIT seed="3,3,1,5,1,29" ten="362,79,257,292" oya="3" hai0="13,4,75,76,83,133,92,47,14,9,48,117,46" hai1="10,42,18,82,6,108,135,12,51,3,120,127,85" hai2="70,55,2,66,28,63,31,74,58,77,122,30,69" hai3="40,81,20,93,126,52,17,67,43,79,107,96,34"/><W97/><G34/><T111/><D117/><U131/><E108/><V15/><F2/><W61/><G107/><T129/><D111/><U24/><E127/><V37/><F37/><W45/><G45/><T112/><D112/><U33/><E131/><V86/><F74/><W65/><G126/><T100/><D129/><U22/><E135/><V87/><F77/><W23/><G23/><T7/><D133/><U68/><E68/><V123/><F15/><W73/><G96/><T130/><D130/><U16/><E120/><N who="2" m="46123" /><F69/><W99/><G99/><T101/><D47/><U36/><E36/><V57/><F57/><N who="3" m="34983" /><G67/><T21/><D92/><U88/><E51/><AGARI ba="3,1" hai="28,30,31,51,55,58,63,66,70,86,87" m="46123" machi="51" ten="30,1000,0" yaku="13,1" doraHai="29" who="2" fromWho="1" sc="362,0,79,-19,257,29,292,0" />
</Scene>
<Scene>
<INIT seed="4,0,0,3,1,78" ten="362,60,286,292" oya="0" hai0="48,71,56,94,103,87,32,100,9,52,44,135,30" hai1="42,11,59,8,67,68,13,108,74,113,1,28,77" hai2="45,126,109,79,91,35,86,15,3,96,81,34,133" hai3="37,49,54,107,2,124,60,90,14,117,38,127,122"/><T82/><D71/><U24/><E108/><V61/><F3/><W17/><G2/><T98/><D135/><U33/><E68/><V129/><F129/><W25/><G117/><T104/><D9/><U12/><E1/><V88/><F126/><N who="3" m="48171" /><G60/><T43/><D32/><U80/><E113/><V84/><F109/><W22/><G107/><T93/><D30/><U40/><E67/><V19/><F61/><W102/><G102/><T66/><D66/><U76/><E59/><V5/><F5/><W105/><G90/><T69/><D69/><U55/><E55/><V29/><F29/><N who="3" m="17591" /><G122/><T51/><REACH who="0" step="1"/><D103/><REACH who="0" ten="352,60,286,292" step="2"/><U57/><E8/><V53/><F133/><W132/><G132/><T70/><D70/><U31/><E31/><V97/><F35/><W111/><G111/><T20/><D20/><U7/><E11/><V123/><F34/><W131/><G131/><T125/><D125/><U41/><E7/><V36/><F123/><W114/><G114/><T73/><D73/><U75/><E57/><V16/><F19/><W120/><G120/><T4/><D4/><U119/><E119/><V39/><F16/><W130/><G130/><T23/><D23/><U106/><E33/><V6/><F6/><W89/><G17/><T46/><D46/><U134/><E134/><V121/><F45/><W62/><G105/><T83/><D83/><N who="1" m="45463" /><E106/><V65/><F65/><W47/><G47/><T10/><D10/><U92/><E92/><V63/><F121/><W101/><G101/><T128/><D128/><U72/><E72/><V50/><F81/><W118/><G118/><T116/><D116/><RYUUKYOKU ba="0,1" sc="352,15,60,15,286,-15,292,-15" hai0="43,44,48,51,52,56,82,87,93,94,98,100,104" hai1="12,13,24,28,40,41,42,75,77,80" />
</Scene>
<Scene>
<INIT seed="4,1,1,1,3,38" ten="367,75,271,277" oya="0" hai0="94,1,22,11,50,56,41,52,126,13,81,79,122" hai1="10,8,110,125,36,98,6,27,69,76,80,65,89" hai2="117,9,61,34,21,96,37,25,57,121,45,91,82" hai3="12,58,119,97,42,30,78,90,103,116,17,75,15"/><T5/><D122/><U128/><E110/><V0/><F34/><W26/><G15/><T114/><D114/><U131/><E10/><V32/><F32/><W73/><G90/><T135/><D135/><U3/><E89/><V120/><F117/><W66/><G26/><T33/><D33/><U19/><E19/><V31/><F0/><W127/><G30/><T70/><D70/><U53/><E27/><V23/><F9/><W88/><G127/><T74/><D126/><U7/><E53/><V71/><F71/><W67/><G67/><T111/><D111/><U28/><E6/><V29/><F23/><W35/><G35/><T101/><D22/><U118/><E28/><V2/><F2/><W113/><G113/><T86/><D1/><U124/><E98/><V43/><F29/><W54/><G66/><T99/><D74/><N who="1" m="43031" /><E118/><V39/><F82/><W60/><G17/><T51/><D41/><U132/><E132/><V14/><F14/><W104/><G12/><T46/><D46/><U77/><E125/><V68/><F68/><W59/><G42/><T93/><REACH who="0" step="1"/><D94/><REACH who="0" ten="357,75,271,277" step="2"/><U83/><E124/><V95/><F39/><W40/><G116/><T87/><D87/><N who="1" m="48623" /><E36/><V24/><F24/><W20/><G20/><T84/><D84/><U63/><E3/><V106/><F106/><W49/><G119/><T72/><D72/><U18/><E69/><V115/><F115/><W109/><G109/><T92/><D92/><U85/><E85/><V105/><F105/><W4/><G75/><T134/><D134/><U44/><E8/><V62/><F57/><W123/><G59/><RYUUKYOKU ba="1,2" sc="357,15,75,-15,271,15,277,-15" hai0="5,11,13,50,51,52,56,79,81,86,93,99,101" hai2="21,25,31,37,43,45,61,62,91,95,96,120,121" />
</Scene>
<Scene>
<INIT seed="4,2,2,1,3,115" ten="372,60,286,262" oya="0" hai0="128,13,124,43,75,17,26,69,4,42,37,98,118" hai1="135,15,127,14,64,16,83,107,134,93,99,53,7" hai2="130,126,133,68,101,104,84,119,108,19,36,67,123" hai3="39,40,71,120,102,90,116,70,56,103,58,91,61"/><T100/><D69/><U29/><E127/><V3/><F84/><W35/><G40/><T31/><D75/><U30/><E107/><V2/><F101/><W92/><G92/><N who="0" m="58439" /><D124/><U86/><E64/><V8/><F19/><W132/><G61/><T9/><D37/><U110/><E110/><V113/><F8/><W77/><G77/><T121/><D121/><U6/><E53/><V46/><F46/><W45/><G45/><T11/><D118/><U28/><E93/><V117/><F67/><W48/><G48/><T73/><D73/><U65/><E99/><V41/><F41/><N who="0" m="15370" /><D128/><U105/><E105/><V95/><F95/><W52/><G116/><T94/><D94/><U76/><E65/><V18/><F18/><W34/><G120/><T21/><D11/><U38/><E38/><V88/><F88/><W33/><G39/><T79/><D79/><U49/><E16/><AGARI ba="2,2" hai="4,9,13,16,17,21,26,31" m="15370,58439" machi="16" ten="30,2900,0" yaku="8,1,54,1" doraHai="115" who="0" fromWho="1" sc="372,55,60,-35,286,0,262,0" />
</Scene>
<Scene>
<INIT seed="4,3,0,3,5,131" ten="427,25,286,262" oya="0" hai0="56,120,0,49,93,79,134,14,61,51,110,37,101" hai1="43,53,122,100,102,6,59,41,3,31,118,65,40" hai2="18,133,129,109,17,23,27,78,68,88,116,19,73" hai3="98,52,90,77,114,42,7,132,104,26,124,99,89"/><T125/><D125/><U24/><E122/><V45/><F68/><W75/><G104/><T35/><D37/><U103/><E118/><V126/><F109/><W15/><G75/><T1/><D110/><U105/><E65/><V97/><F129/><W64/><G77/><T8/><D35/><U80/><E80/><V130/><F73/><W58/><G64/><T83/><D120/><U25/><E105/><V60/><F133/><W71/><G132/><T117/><D134/><U16/><E31/><V20/><F78/><W5/><G71/><T113/><D113/><U32/><E32/><V84/><F97/><N who="3" m="36875" /><G26/><T28/><D28/><U106/><E106/><V119/><F60/><N who="3" m="35911" /><G114/><T67/><D117/><N who="2" m="45130" /><F130/><W69/><G69/><T72/><D0/><U112/><E6/><N who="3" m="2058" /><G124/><T30/><D1/><U66/><E66/><V115/><F126/><W123/><G123/><T85/><D30/><U34/><E34/><V48/><F27/><N who="1" m="10313" /><E3/><V76/><F76/><W50/><G15/><T107/><D107/><U57/><E112/><V38/><F38/><W81/><G81/><T47/><D72/><U63/><E103/><V36/><F36/><W92/><G92/><T128/><D128/><U12/><E59/><V21/><F115/><W127/><G127/><T62/><D93/><U10/><AGARI ba="3,0" hai="10,12,16,40,41,43,53,57,63,100,102" m="10313" machi="10" ten="30,2000,0" yaku="8,1,54,1" doraHai="131" who="1" fromWho="1" sc="427,-13,25,29,286,-8,262,-8" />
</Scene>
<Scene>
<INIT seed="5,0,0,2,5,79" ten="414,54,278,254" oya="1" hai0="25,89,51,127,31,91,42,27,64,131,67,73,59" hai1="65,35,63,37,23,41,9,46,50,76,82,135,133" hai2="83,44,40,100,112,48,71,5,72,19,4,55,0" hai3="54,30,1,96,106,113,60,84,13,53,16,29,93"/><U15/><E35/><V74/><F71/><W70/><G1/><T58/><D73/><U8/><E37/><V116/><F100/><W28/><G113/><T32/><D127/><U121/><E23/><V2/><F116/><W81/><G70/><T75/><D75/><U36/><E36/><V120/><F19/><W57/><G106/><T115/><D115/><U88/><E121/><V61/><F74/><W124/><G124/><T123/><D123/><U12/><E76/><V11/><F112/><W52/><G93/><T34/><D131/><U86/><E12/><V90/><F120/><W85/><G96/><T97/><D97/><U111/><E111/><V17/><F72/><W26/><G26/><T128/><D128/><U7/><REACH who="1" step="1"/><E8/><REACH who="1" ten="414,44,278,254" step="2"/><V62/><F11/><N who="3" m="6207" /><G85/><T119/><D34/><U49/><E49/><V33/><F48/><W69/><G69/><AGARI ba="0,1" hai="7,9,15,41,46,50,63,65,69,82,86,88,133,135" machi="69" ten="40,7700,0" yaku="1,1,52,1,54,1,53,0" doraHai="79" doraHaiUra="101" who="1" fromWho="3" sc="414,0,44,87,278,0,254,-77" />
</Scene>
<Scene>
<INIT seed="5,1,0,0,5,103" ten="414,131,278,177" oya="1" hai0="3,128,98,134,78,101,93,51,28,58,54,49,45" hai1="95,102,119,56,83,130,31,89,88,12,71,0,33" hai2="40,66,112,108,116,113,21,91,17,85,133,68,110" hai3="47,76,25,24,22,57,84,6,104,26,121,135,41"/><U132/><E71/><V74/><F74/><W129/><G104/><T122/><D3/><U72/><E0/><V127/><F40/><W53/><G129/><T67/><D128/><U2/><E2/><V106/><F133/><W109/><G135/><T69/><D134/><U124/><E119/><V111/><F127/><W52/><G109/><T38/><D78/><U87/><E130/><V11/><F11/><W46/><G6/><T14/><D28/><U29/><E132/><V77/><F77/><W70/><G70/><T100/><D122/><U34/><E72/><V86/><F106/><W64/><G64/><T7/><D38/><U65/><E102/><V117/><F66/><W80/><G121/><T126/><D69/><U125/><E34/><V82/><F68/><W60/><G53/><N who="0" m="29871" /><D67/><U94/><E33/><V90/><F21/><W73/><G73/><T23/><D126/><N who="1" m="48747" /><E12/><V19/><F19/><W43/><REACH who="3" step="1"/><G22/><REACH who="3" ten="414,131,278,167" step="2"/><T27/><D7/><U120/><E120/><V63/><F116/><W37/><G37/><T75/><D75/><U8/><E8/><V15/><F117/><W99/><G99/><T79/><D23/><U59/><E65/><V30/><F110/><W115/><G115/><T9/><D98/><N who="1" m="57671" /><E31/><V4/><F111/><W10/><G10/><T5/><D9/><U105/><E29/><V39/><F112/><W61/><G61/><T97/><D5/><U1/><E105/><V20/><F113/><W92/><G92/><T16/><D93/><U114/><E114/><V55/><F108/><W35/><G35/><T50/><D97/><N who="1" m="57583" /><E1/><V62/><F30/><RYUUKYOKU ba="1,1" sc="414,-15,131,15,278,-15,167,15" hai1="56,59,83,87" hai3="24,25,26,41,43,46,47,52,57,60,76,80,84" />
</Scene>
<Scene>
<INIT seed="5,2,1,3,4,82" ten="399,146,263,182" oya="1" hai0="84,32,27,70,134,66,118,51,24,48,52,76,22" hai1="80,119,94,71,126,88,57,112,109,64,99,60,14" hai2="74,56,13,132,39,121,73,111,8,55,81,18,23" hai3="38,30,45,93,101,67,128,69,123,36,16,95,6"/><U83/><E119/><V131/><F111/><W79/><G16/><T40/><D118/><U130/><E109/><V15/><F39/><W97/><G79/><T29/><D70/><U124/><E112/><V96/><F131/><W91/><G128/><T54/><D66/><U37/><E130/><V26/><F132/><W89/><G101/><T90/><D76/><U2/><E2/><V87/><F74/><W104/><G104/><T77/><D77/><U92/><E37/><V105/><F73/><W7/><G30/><T135/><D40/><U117/><E117/><V12/><F96/><W58/><G69/><T113/><D113/><U34/><E34/><V5/><F105/><W47/><G123/><T35/><D32/><U33/><E33/><V116/><F121/><W133/><G133/><N who="0" m="50699" /><D27/><U108/><E108/><V53/><F53/><N who="0" m="20586" /><D35/><U1/><E1/><V86/><F116/><W62/><G38/><T19/><D29/><U110/><E71/><V125/><F81/><AGARI ba="2,1" hai="19,22,24,48,51,81,84,90" m="20586,50699" machi="81" ten="30,3900,0" yaku="20,1,52,1,54,1" doraHai="82" who="0" fromWho="2" sc="399,55,146,0,263,-45,182,0" />
</Scene>
<Scene>
<INIT seed="6,0,0,0,5,129" ten="454,146,218,182" oya="2" hai0="9,4,71,40,16,21,93,97,78,89,134,130,26" hai1="33,100,13,38,65,73,5,95,60,108,75,94,135" hai2="49,80,122,76,61,96,12,3,54,44,24,104,47" hai3="70,101,117,121,107,113,125,64,82,111,106,10,132"/><V34/><F3/><W51/><G51/><T62/><D130/><U79/><E108/><V36/><F122/><W109/><G82/><T120/><D120/><U84/><E33/><V81/><F81/><W103/><G64/><T0/><D40/><U45/><E5/><V57/><F12/><W92/><G92/><T123/><D123/><U126/><E79/><V127/><F127/><W67/><G67/><T53/><D78/><U86/><E13/><V15/><F36/><W102/><G121/><T133/><REACH who="0" step="1"/><D71/><REACH who="0" ten="444,146,218,182" step="2"/><U8/><E126/><V128/><F128/><W22/><G125/><T25/><D25/><U88/><E73/><V23/><F24/><W110/><G110/><T6/><D6/><U85/><E75/><V28/><F76/><W118/><G111/><T116/><D116/><U55/><E38/><V37/><F37/><W131/><G118/><T2/><D2/><U29/><E85/><V11/><F104/><W35/><G117/><T105/><D105/><U98/><E84/><V31/><F96/><W68/><G107/><T41/><D41/><U83/><E86/><V50/><F80/><W17/><G106/><T42/><D42/><U112/><E83/><V19/><F34/><W32/><G131/><T1/><D1/><U115/><E98/><V114/><F114/><W124/><G113/><T46/><D46/><U77/><E77/><V91/><F47/><W87/><G87/><T18/><D18/><U7/><E115/><V43/><F44/><W99/><G99/><T74/><D74/><U119/><E112/><V69/><F43/><W27/><G124/><RYUUKYOKU ba="0,1" sc="444,30,146,-10,218,-10,182,-10" hai0="0,4,9,16,21,26,53,62,89,93,97,133,134" />
</Scene>
<Scene>
<INIT seed="7,1,1,5,2,111" ten="474,136,208,172" oya="3" hai0="94,100,45,33,135,92,96,99,27,77,115,134,65" hai1="78,6,43,71,106,97,32,17,9,49,39,54,109" hai2="35,113,41,34,116,21,10,74,98,20,95,118,44" hai3="133,87,122,93,52,102,48,127,79,63,25,132,80"/><W112/><G112/><T18/><D115/><U91/><E32/><V14/><F74/><W55/><G127/><T59/><D77/><U56/><E109/><V81/><F113/><W16/><G122/><T58/><D45/><U128/><E71/><V28/><F81/><W105/><G105/><T40/><D40/><U2/><E128/><V23/><F28/><W15/><G25/><T53/><D65/><U37/><E78/><V90/><F35/><W73/><G63/><T66/><D66/><U22/><E43/><V84/><F34/><W88/><G102/><N who="0" m="60679" /><D53/><U108/><E108/><V82/><F44/><W13/><G13/><T72/><D72/><U130/><E130/><V86/><F86/><W67/><G67/><T62/><D62/><U57/><E57/><V85/><F85/><W42/><G42/><T30/><D18/><U46/><E46/><V101/><F41/><W119/><G119/><T123/><D123/><U70/><E70/><V121/><F121/><W126/><G126/><T76/><D76/><U61/><E49/><V3/><F3/><W24/><G24/><T51/><D51/><U36/><E106/><V12/><F12/><W114/><G114/><T124/><D124/><U107/><E107/><V4/><AGARI ba="1,1" hai="4,10,14,20,21,23,82,84,90,95,98,101,116,118" machi="4" ten="30,1100,0" yaku="0,1" doraHai="111" who="2" fromWho="2" sc="474,-4,136,-4,208,24,172,-6" owari="470,57.0,132,-37.0,232,3.0,166,-23.0" />
</Scene>
</mjloggm>