<mjloggm ver="2.3"><GO type="169" lobby="0"/><UN n0="%E3%83%8F%E3%82%A4%E3%83%86%E3%83%B3%E3%83%9C%E3%83%BC" n1="%E3%81%99%E3%81%9A%E3%82%81%E3%82%AF%E3%83%AC%E3%82%A4%E3%82%B8%E3%83%BC" n2="%E7%84%A1%E6%AF%9B%E7%8C%AB%EF%BC%A0%E5%B7%9D%E6%9D%91%E8%BB%8D%E5%9B%A3" n3="%73%61%69%72%61%73%75" dan="16,19,16,17" rate="2085.07,2307.61,2109.31,2171.85" sx="M,M,F,M"/><TAIKYOKU oya="0"/>

<Scene>
<INIT seed="0,0,0,2,4,52" ten="250,250,250,250" oya="0" hai0="14,2,34,124,66,94,113,90,64,91,80,102,110" hai1="58,48,131,60,127,47,4,130,50,133,39,69,63" hai2="112,89,24,36,26,1,115,68,106,93,95,76,119" hai3="25,35,85,84,77,45,44,75,129,103,118,61,59"/><T104/><D113/><U121/><E121/><V79/><F68/><W23/><G118/><T12/><D2/><U8/><E8/><V125/><F36/><W28/><G129/><N who="1" m="49162" /><E133/><V100/><F1/><W7/><G103/><T72/><D34/><U30/><E30/><V99/><F26/><W74/><G35/><T29/><D29/><U10/><E10/><V70/><F70/><W31/><G7/><T97/><D124/><U105/><E105/><V41/><F41/><W108/><G108/><T43/><D43/><N who="1" m="23039" /><E4/><V109/><F24/><W78/><G61/><T88/><D110/><U135/><E135/><V5/><F5/><W0/><G25/><T49/><D49/><U71/><E71/><V15/><F15/><N who="0" m="5674" /><D104/><U126/><E48/><V57/><F109/><W128/><G128/><T82/><D72/><U65/><E50/><V101/><F125/><W37/><G0/><T19/><D19/><U16/><E16/><V111/><F111/><W67/><G37/><T86/><D82/><U98/><E98/><V17/><F119/><W51/><G51/><T122/><D122/><U81/><E81/><V22/><F112/><W27/><G27/><T46/><D46/><U42/><E42/><V21/><F115/><W114/><G114/><T20/><D20/><U33/><E33/><V96/><F22/><W123/><G23/><T11/><D11/><U54/><AGARI ba="0,0" hai="54,58,60,63,65,69,126,127" m="23039,49162" machi="54" ten="30,7900,0" yaku="19,1,34,2,52,1" doraHai="52" who="1" fromWho="1" sc="250,-39,250,79,250,-20,250,-20" />
</Scene>
<Scene>
<INIT seed="1,0,0,2,2,45" ten="211,329,230,230" oya="1" hai0="30,49,117,124,87,128,94,115,89,66,32,99,33" hai1="91,42,7,5,97,57,28,6,132,46,17,4,108" hai2="1,11,88,14,80,112,3,10,43,130,110,70,75" hai3="13,114,63,47,41,12,83,54,102,36,123,101,77"/><U116/><E132/><V85/><F70/><W100/><G114/><T62/><D117/><U56/><E116/><V44/><F112/><W24/><G123/><T74/><D115/><U26/><E17/><V58/><F110/><W126/><G126/><T120/><D74/><U121/><E121/><V40/><F130/><W127/><G127/><T67/><D124/><U86/><E97/><V65/><F75/><W109/><G109/><T35/><D120/><U106/><E106/><V90/><F90/><W78/><G24/><T113/><D113/><U95/><N who="1" m="1024" /><DORA hai="55" /><U61/><E61/><V96/><F43/><W21/><G21/><T16/><D128/><U98/><E98/><V92/><F11/><W125/><G125/><T129/><D129/><U76/><E76/><V22/><F22/><W37/><G37/><T31/><D67/><U18/><E18/><V25/><F25/><W39/><G39/><T15/><D99/><U133/><E133/><V38/><F14/><W20/><G20/><T60/><D60/><U0/><E0/><V131/><F10/><W79/><REACH who="3" step="1"/><G83/><REACH who="3" ten="211,329,230,220" step="2"/><T19/><D35/><U34/><REACH who="1" step="1"/><E108/><REACH who="1" ten="211,319,230,220" step="2"/><V8/><F131/><W103/><N who="3" m="25600" /><DORA hai="84" /><W107/><G107/><T23/><D31/><U52/><E52/><V135/><F3/><W2/><G2/><T134/><D30/><U93/><E93/><V72/><F135/><W105/><G105/><T50/><D134/><U82/><E82/><V53/><F1/><W122/><G122/><T69/><REACH who="0" step="1"/><D19/><REACH who="0" ten="201,319,230,220" step="2"/><U59/><E59/><AGARI ba="0,3" hai="12,13,36,41,47,54,59,63,77,78,79" m="25600" machi="59" ten="60,3900,0" yaku="1,1,52,1,53,0" doraHai="45,55,84" doraHaiUra="119,29,118" who="3" fromWho="1" sc="201,0,319,-39,230,0,220,69" />
</Scene>
<Scene>
<INIT seed="2,0,0,0,0,119" ten="201,280,230,289" oya="2" hai0="31,47,39,50,4,71,108,22,45,123,82,24,95" hai1="25,84,91,15,63,104,112,120,49,9,85,13,62" hai2="11,79,93,90,110,132,128,41,14,1,48,134,18" hai3="5,83,55,107,77,19,16,37,65,124,80,118,86"/><V66/><F128/><W64/><G124/><T7/><D71/><U27/><E104/><V58/><F1/><W35/><G107/><T135/><D108/><U115/><E49/><V38/><F110/><W103/><G103/><T29/><D135/><U127/><E9/><V59/><F79/><W56/><G35/><T40/><D31/><U96/><E91/><V111/><F111/><W67/><G118/><T43/><D123/><U101/><E96/><V20/><F38/><W46/><G5/><T61/><D61/><U6/><E101/><V100/><F100/><W30/><G30/><T32/><D32/><U10/><E10/><V0/><F132/><W36/><G83/><T97/><D82/><U105/><E105/><V129/><F129/><W122/><G122/><T102/><AGARI ba="0,0" hai="4,7,22,24,29,39,40,43,45,47,50,95,97,102" machi="102" ten="20,1500,0" yaku="0,1,7,1" doraHai="119" who="0" fromWho="0" sc="201,15,280,-4,230,-7,289,-4" />
</Scene>
<Scene>
<INIT seed="3,0,0,5,4,5" ten="216,276,223,285" oya="3" hai0="78,93,132,77,82,67,91,24,68,87,95,79,70" hai1="65,2,119,97,58,135,34,15,55,88,26,81,52" hai2="98,113,8,117,38,29,12,86,50,40,10,43,100" hai3="110,17,83,39,41,111,75,131,129,105,112,57,31"/><W27/><G112/><T127/><D132/><U28/><E2/><V61/><F38/><W101/><G57/><T42/><D127/><U102/><E135/><V118/><F113/><W48/><G48/><T125/><D125/><U120/><E120/><V123/><F123/><W94/><G105/><T122/><D122/><U46/><E46/><V128/><F128/><N who="3" m="49227" /><G17/><T54/><D42/><U21/><E34/><V3/><F29/><W134/><G101/><T35/><D54/><U1/><E1/><V37/><F37/><W19/><G19/><T121/><D121/><U33/><E33/><V124/><F124/><W0/><G0/><T9/><D67/><U23/><E119/><V80/><F61/><W63/><G63/><T30/><REACH who="0" step="1"/><D9/><REACH who="0" ten="206,276,223,285" step="2"/><U7/><E55/><V18/><F117/><W103/><G134/><T90/><D90/><U51/><E88/><V99/><F118/><W32/><G41/><T44/><D44/><U71/><E65/><V104/><F99/><N who="3" m="59895" /><G39/><T107/><D107/><U126/><E126/><V84/><F43/><W69/><G69/><AGARI ba="0,1" hai="24,30,35,68,69,70,77,78,79,82,87,91,93,95" machi="69" ten="40,1300,0" yaku="1,1,53,0" doraHai="5" doraHaiUra="36" who="0" fromWho="3" sc="206,23,276,0,223,0,285,-13" />
</Scene>
<Scene>
<INIT seed="4,0,0,3,5,5" ten="229,276,223,272" oya="0" hai0="50,71,30,0,18,120,98,55,109,63,42,15,6" hai1="8,25,110,95,86,67,10,99,118,125,74,79,113" hai2="46,96,53,43,59,135,87,122,35,38,24,82,101" hai3="60,23,34,39,70,104,56,14,92,91,33,102,1"/><T44/><D120/><U48/><E110/><V106/><F135/><W66/><G1/><T126/><D109/><U65/><E74/><V130/><F130/><W128/><G39/><T134/><D134/><U93/><E125/><V47/><F122/><W16/><G128/><T29/><D126/><U32/><E32/><V21/><F35/><W4/><G4/><T62/><D6/><U129/><E113/><V19/><F43/><W111/><G111/><T115/><D0/><U80/><E118/><V64/><F64/><N who="1" m="24649" /><E25/><V2/><F2/><W17/><G70/><T75/><D75/><U119/><E119/><V72/><F38/><W61/><G61/><N who="0" m="23051" /><D71/><U78/><E78/><V133/><F72/><W22/><G102/><T11/><D115/><U116/><E116/><V7/><F7/><W107/><G104/><T88/><D42/><U57/><E95/><AGARI ba="0,0" hai="11,15,18,29,30,44,50,55,88,95,98" m="23051" machi="95" ten="30,5800,0" yaku="8,1,52,1,54,1" doraHai="5" who="0" fromWho="1" sc="229,58,276,-58,223,0,272,0" />
</Scene>
<Scene>
<INIT seed="4,1,0,0,3,77" ten="287,218,223,272" oya="0" hai0="101,54,37,52,104,50,86,2,24,87,27,53,132" hai1="42,39,47,100,48,15,91,93,18,73,84,32,125" hai2="66,127,129,122,110,114,83,10,3,82,62,92,99" hai3="113,119,44,51,124,118,5,64,121,46,35,97,117"/><T26/><D37/><U74/><E125/><V55/><F110/><W57/><G35/><T68/><D68/><U21/><E32/><V128/><F122/><W1/><G5/><T126/><D2/><U89/><E100/><V85/><F127/><W12/><G12/><T134/><D126/><U75/><E89/><V116/><F114/><W70/><G97/><N who="0" m="61487" /><D50/><U108/><E108/><V19/><F116/><W61/><G113/><T130/><D130/><N who="2" m="50282" /><F55/><N who="3" m="30199" /><G121/><T88/><D88/><U30/><E30/><V106/><F106/><W22/><G22/><T7/><D7/><U31/><E31/><V69/><F85/><W56/><G1/><T60/><D60/><U94/><REACH who="1" step="1"/><E39/><REACH who="1" ten="287,208,223,272" step="2"/><V123/><F123/><W98/><G124/><T72/><D72/><U16/><E16/><V65/><F19/><W58/><G119/><T112/><D112/><U9/><E9/><V13/><F10/><W111/><G118/><T45/><D45/><U81/><AGARI ba="1,1" hai="15,18,21,42,47,48,73,74,75,81,84,91,93,94" machi="81" ten="30,4000,0" yaku="1,1,0,1,52,1,53,0" doraHai="77" doraHaiUra="25" who="1" fromWho="1" sc="287,-21,208,53,223,-11,272,-11" />
</Scene>
<Scene>
<INIT seed="5,0,0,1,0,95" ten="266,261,212,261" oya="1" hai0="63,2,107,121,135,79,78,33,9,10,67,122,114" hai1="17,59,134,12,101,26,64,48,8,56,31,84,45" hai2="40,98,105,44,3,35,20,130,97,68,1,102,99" hai3="93,32,69,86,80,51,113,14,19,76,115,50,49"/><U27/><E134/><V119/><F119/><W127/><G69/><T71/><D33/><U28/><E101/><V41/><F35/><W52/><G32/><T94/><D107/><U58/><E64/><V74/><F74/><W36/><G36/><T120/><D135/><U126/><E126/><V53/><F68/><W77/><G77/><T81/><D114/><N who="3" m="43529" /><G93/><T90/><D2/><U24/><REACH who="1" step="1"/><E84/><REACH who="1" ten="266,251,212,261" step="2"/><V37/><F130/><W61/><G127/><T13/><D122/><U116/><E116/><V96/><F41/><AGARI ba="0,1" hai="8,12,17,24,26,27,28,31,41,45,48,56,58,59" machi="41" ten="40,7700,0" yaku="1,1,8,1,53,1" doraHai="95" doraHaiUra="42" who="1" fromWho="2" sc="266,0,251,87,212,-77,261,0" />
</Scene>
<Scene>
<INIT seed="5,1,0,0,4,133" ten="266,338,135,261" oya="1" hai0="105,91,0,123,86,126,33,34,73,90,70,81,120" hai1="65,109,15,37,9,84,49,48,40,17,134,6,75" hai2="21,117,127,45,4,44,68,13,113,19,111,8,32" hai3="92,82,51,25,53,71,31,41,74,20,69,95,122"/><U94/><E75/><V56/><F68/><W30/><G122/><T39/><D70/><U129/><E129/><V107/><F111/><W43/><G71/><T36/><D0/><U77/><E134/><V85/><F107/><W62/><G74/><T27/><D73/><U128/><E37/><V125/><F117/><W16/><G82/><T78/><D105/><U87/><E65/><V103/><F113/><W76/><G76/><T66/><D66/><U24/><E128/><V119/><F119/><W18/><G69/><T11/><D11/><U115/><E40/><N who="3" m="15434" /><G62/><T29/><D34/><U80/><E115/><V54/><F103/><W97/><G18/><T114/><D114/><U5/><E109/><V57/><F32/><W28/><G97/><T132/><D132/><U2/><E2/><V67/><F85/><W112/><G112/><T72/><D91/><N who="1" m="53631" /><E5/><V116/><F116/><W98/><G98/><T64/><D64/><U131/><E131/><V110/><F110/><W46/><AGARI ba="1,0" hai="16,20,25,28,30,31,46,51,53,92,95" m="15434" machi="46" ten="30,2000,0" yaku="8,1,54,1" doraHai="133" who="3" fromWho="3" sc="266,-6,338,-11,135,-6,261,23" />
</Scene>
<Scene>
<INIT seed="6,0,0,3,2,47" ten="260,327,129,284" oya="2" hai0="0,49,58,34,105,69,28,15,134,24,27,66,18" hai1="5,128,17,3,107,51,59,20,116,135,23,89,76" hai2="64,54,113,127,84,132,61,82,133,71,55,96,30" hai3="103,111,44,48,86,68,57,92,2,109,43,6,33"/><V120/><F120/><W4/><G33/><T125/><D0/><U73/><E107/><V26/><F113/><W31/><G31/><T10/><D105/><U32/><E32/><V8/><F127/><W11/><G68/><T7/><D125/><U63/><E73/><V16/><F96/><W130/><G130/><T46/><D69/><U74/><E76/><V29/><F29/><W13/><G103/><T129/><D129/><U87/><E74/><V75/><F75/><W67/><G4/><T131/><D134/><N who="2" m="51818" /><F8/><W98/><G2/><T14/><D27/><U118/><E23/><N who="2" m="13671" /><F30/><W122/><G122/><T60/><D131/><U37/><E128/><V119/><F119/><W80/><G98/><T94/><D94/><U110/><E135/><V93/><F93/><W52/><G92/><T97/><D97/><U104/><E104/><V53/><F53/><W38/><G67/><T25/><D28/><U41/><E116/><V19/><F19/><W77/><AGARI ba="0,0" hai="6,11,13,38,43,44,48,52,57,77,80,86,109,111" machi="77" ten="20,5200,0" yaku="0,1,7,1,52,1,54,1" doraHai="47" who="3" fromWho="3" sc="260,-13,327,-13,129,-26,284,52" />
</Scene>
<Scene>
<INIT seed="7,0,0,0,0,15" ten="247,314,103,336" oya="3" hai0="77,21,56,54,133,25,82,40,89,22,91,114,110" hai1="63,16,111,18,58,41,30,93,0,83,97,3,81" hai2="6,7,73,23,43,12,102,5,86,131,29,4,115" hai3="71,35,32,59,117,101,47,20,104,106,11,128,67"/><W31/><G117/><T57/><D110/><U116/><E0/><V37/><F73/><W45/><G11/><T126/><D133/><U125/><E3/><V84/><F102/><W76/><G76/><T64/><D126/><U26/><E41/><V100/><F100/><W24/><G128/><T107/><D107/><U13/><E111/><V88/><F43/><W78/><G78/><T34/><D40/><U48/><E48/><V55/><F37/><W62/><G32/><T74/><D34/><U99/><E99/><V80/><F131/><W66/><G20/><T46/><D46/><U9/><E30/><V103/><F103/><W94/><G94/><T51/><D21/><N who="1" m="13607" /><E125/><V132/><F132/><W105/><G101/><T14/><D14/><U44/><E44/><V92/><F115/><W95/><G95/><T2/><D2/><U70/><E70/><V33/><F33/><W68/><G68/><T61/><REACH who="0" step="1"/><D114/><REACH who="0" ten="237,314,103,336" step="2"/><U118/><E116/><V120/><F120/><W38/><G38/><T134/><D134/><U123/><E118/><V65/><N who="2" m="1024" /><DORA hai="50" /><V36/><F36/><W75/><G47/><T42/><D42/><U90/><E123/><V108/><F65/><AGARI ba="0,1" hai="9,13,18,58,63,65,81,83,90,93,97" m="13607" machi="65" ten="30,7700,0" yaku="8,1,52,2,54,1" doraHai="15,50" who="1" fromWho="2" sc="237,0,314,87,103,-77,336,0" owari="237,-16.0,401,49.0,26,-47.0,336,14.0" />
</Scene>
</mjloggm>