<mjloggm ver="2.3"><GO type="169" lobby="0"/><UN n0="%70%65%61%74%65%72" n1="%E3%81%99%E3%81%9A%E3%82%81%E3%82%AF%E3%83%AC%E3%82%A4%E3%82%B8%E3%83%BC" n2="%72%61%74%74%61%74%74%61" n3="%E8%85%90%E7%94%9F%E8%B1%9A%E3%82%B3%E3%83%84%E3%83%9C%E3%83%BC" dan="16,19,18,17" rate="2139.60,2311.45,2212.99,2112.62" sx="M,M,M,M"/><TAIKYOKU oya="0"/>

<Scene>
<INIT seed="0,0,0,2,3,21" ten="250,250,250,250" oya="0" hai0="83,124,125,128,113,112,117,4,2,52,105,35,16" hai1="63,134,74,99,78,34,3,48,126,133,107,56,87" hai2="65,40,38,85,96,32,72,17,121,47,51,10,60" hai3="115,55,69,100,73,75,41,12,122,46,91,127,5"/><T43/><D105/><U81/><E3/><V28/><F72/><W118/><G115/><T120/><D43/><U14/><E48/><V25/><F121/><W22/><G69/><T116/><D83/><U119/><E119/><N who="0" m="45641" /><D52/><U24/><E14/><V110/><F110/><W53/><G100/><T33/><D120/><U93/><E126/><N who="0" m="48745" /><D128/><U37/><E37/><V129/><F129/><W86/><G127/><T104/><D104/><U20/><E34/><N who="0" m="12809" /><D16/><N who="1" m="12295" /><E74/><V57/><F38/><W15/><G75/><T89/><D89/><N who="1" m="55727" /><E107/><V50/><F50/><W102/><G73/><T42/><D42/><U111/><E111/><V84/><F96/><W54/><G41/><T27/><D27/><U7/><E63/><V23/><F32/><W94/><G122/><T76/><D76/><U66/><E56/><V6/><F17/><N who="3" m="10535" /><G102/><T13/><D13/><AGARI ba="0,0" hai="6,10,13,23,25,28,40,47,51,57,60,65,84,85" machi="13" ten="30,3900,0" yaku="7,1,8,1,52,1" doraHai="21" who="2" fromWho="0" sc="250,-39,250,0,250,39,250,0" />
</Scene>
<Scene>
<INIT seed="1,0,0,1,2,53" ten="211,250,289,250" oya="1" hai0="123,14,41,17,90,117,2,106,60,102,101,129,132" hai1="20,59,62,94,32,28,47,69,126,104,6,42,98" hai2="72,13,124,70,37,113,57,35,22,131,76,130,99" hai3="86,25,84,10,112,40,23,77,135,110,118,134,80"/><U67/><E32/><V7/><F35/><W128/><G112/><T50/><D117/><U61/><E104/><V52/><F70/><W88/><G118/><T11/><D106/><U87/><E126/><V125/><F37/><W12/><G110/><T16/><D2/><U51/><E6/><V9/><F113/><W58/><G40/><T38/><D38/><U19/><E87/><V18/><F99/><W15/><G128/><N who="2" m="49193" /><F76/><W115/><G115/><T92/><D132/><N who="3" m="50729" /><G58/><T105/><D105/><U75/><E75/><V45/><F45/><W4/><G15/><N who="0" m="7295" /><D60/><U97/><E28/><V122/><F72/><N who="3" m="43047" /><G88/><T29/><D29/><AGARI ba="0,0" hai="4,10,12,23,25,29,84,86" m="43047,50729" machi="29" ten="30,1000,0" yaku="20,1" doraHai="53" who="3" fromWho="0" sc="211,-10,250,0,289,0,250,10" />
</Scene>
<Scene>
<INIT seed="2,0,0,1,2,91" ten="201,250,289,260" oya="2" hai0="114,46,101,1,3,62,71,126,127,36,49,43,33" hai1="107,22,99,20,78,109,73,96,83,85,38,117,72" hai2="88,51,75,121,7,108,69,27,119,55,53,123,118" hai3="63,57,14,65,59,130,17,135,23,87,13,26,48"/><V98/><F75/><W41/><G135/><T104/><D49/><U24/><E38/><V132/><F7/><W25/><G130/><T95/><D95/><U32/><E32/><V42/><F132/><W56/><G87/><T113/><D33/><U16/><E109/><V94/><F69/><W47/><REACH who="3" step="1"/><G14/><REACH who="3" ten="201,250,289,250" step="2"/><T100/><D1/><U39/><E73/><V89/><F118/><W18/><G18/><T28/><D3/><U4/><E117/><V112/><F119/><W66/><G66/><T54/><D28/><U133/><E133/><V64/><F64/><W52/><G52/><N who="2" m="20041" /><F121/><W128/><G128/><T116/><D54/><U93/><E72/><V106/><F123/><W81/><G81/><T122/><D116/><U97/><E4/><V11/><F108/><W12/><G12/><T82/><D122/><U6/><E6/><V92/><F112/><W110/><G110/><T10/><D82/><U21/><E107/><V111/><F111/><W58/><AGARI ba="0,1" hai="13,17,23,25,26,41,47,48,56,57,58,59,63,65" machi="58" ten="30,7900,0" yaku="1,1,0,1,8,1,53,1" doraHai="91" doraHaiUra="40" who="3" fromWho="3" sc="201,-20,250,-20,289,-39,250,89" />
</Scene>
<Scene>
<INIT seed="3,0,0,5,3,67" ten="181,230,250,339" oya="3" hai0="135,120,75,2,115,111,64,10,119,94,57,85,97" hai1="5,24,131,86,65,106,82,102,89,127,41,45,30" hai2="74,46,23,37,44,14,103,123,98,36,114,124,95" hai3="18,70,68,72,108,29,1,80,126,8,81,118,55"/><W11/><G118/><T87/><D75/><U129/><E5/><V101/><F114/><W109/><G29/><T19/><D119/><U17/><E17/><N who="2" m="10679" /><F74/><W21/><G126/><T77/><D120/><U47/><E127/><V84/><F36/><W116/><G116/><T15/><D115/><U32/><E65/><V91/><F37/><W25/><G55/><T113/><D113/><U78/><E106/><V104/><F104/><W134/><G134/><T12/><D2/><U48/><E102/><N who="2" m="38923" /><F123/><W13/><G72/><T58/><D111/><N who="3" m="42569" /><G1/><T100/><D135/><U71/><E71/><N who="3" m="27178" /><G8/><N who="0" m="6535" /><D77/><U107/><E107/><V49/><F124/><W53/><G53/><T132/><D64/><U0/><E0/><V33/><F33/><W6/><AGARI ba="0,0" hai="6,11,13,18,21,25,80,81" m="27178,42569" machi="6" ten="30,12000,1" yaku="14,1,10,1,52,3" doraHai="67" who="3" fromWho="3" sc="181,-40,230,-40,250,-40,339,120" />
</Scene>
<Scene>
<INIT seed="3,1,0,0,0,99" ten="141,190,210,459" oya="3" hai0="90,23,38,29,66,71,113,73,51,108,33,80,131" hai1="59,44,109,6,45,31,88,28,12,94,60,61,3" hai2="54,82,16,2,10,126,24,70,119,120,132,20,72" hai3="124,98,112,19,77,7,68,55,5,106,17,92,75"/><W1/><G112/><T89/><D51/><U129/><E3/><V127/><F119/><W14/><G68/><T8/><D23/><U125/><E109/><V9/><F70/><W4/><G106/><T62/><D113/><U26/><E129/><V123/><F54/><W48/><G124/><N who="2" m="47657" /><F72/><W134/><G134/><T35/><D90/><U74/><E74/><V93/><F93/><W65/><G65/><T135/><D89/><U37/><E37/><V52/><F82/><W34/><G34/><T0/><D29/><N who="1" m="11339" /><E26/><V41/><F41/><W50/><G1/><T103/><D103/><U11/><E125/><V21/><F132/><W32/><G32/><T95/><D95/><U110/><E110/><V39/><F39/><W116/><G116/><T122/><D122/><N who="2" m="46634" /><F2/><W47/><G75/><T56/><D56/><U78/><E61/><V87/><F87/><W96/><G77/><T58/><D58/><U22/><E78/><V84/><F84/><W27/><G98/><T128/><D135/><U13/><E60/><V107/><F107/><W97/><G97/><T18/><D108/><U100/><E59/><V121/><N who="2" m="46642" /><V30/><DORA hai="25" /><F52/><W57/><G50/><T114/><D38/><U85/><E100/><V67/><F67/><W42/><G57/><T118/><D118/><U117/><E117/><V69/><F69/><W81/><G81/><T104/><D104/><U115/><E115/><V79/><F79/><W64/><G64/><T76/><D114/><U111/><E111/><V86/><F86/><W105/><G105/><T101/><D101/><U49/><E49/><RYUUKYOKU ba="1,0" sc="141,-15,190,15,210,15,459,-15" hai1="6,11,12,13,22,44,45,85,88,94" hai2="9,10,16,20,21,24,30" />
</Scene>
<Scene>
<INIT seed="4,2,0,5,5,66" ten="126,205,225,444" oya="0" hai0="64,35,84,100,2,101,88,95,19,89,74,29,46" hai1="16,50,14,47,116,108,36,33,72,13,93,132,131" hai2="107,76,1,56,45,44,120,65,86,10,55,123,32" hai3="38,75,24,39,113,62,73,118,78,9,17,83,125"/><T51/><D2/><U5/><E116/><V128/><F107/><W102/><G118/><T77/><D74/><U110/><E33/><V91/><F32/><W94/><G75/><T106/><D106/><U97/><E36/><V59/><F76/><W129/><G113/><T43/><D77/><U68/><E68/><V26/><F128/><W49/><G125/><T114/><D114/><U79/><E132/><V7/><F65/><W63/><G63/><T20/><D64/><U82/><E13/><V80/><F56/><W133/><G133/><T67/><D67/><U31/><E31/><V40/><F26/><W12/><G129/><T126/><D126/><U25/><E5/><V53/><F44/><W4/><G62/><T87/><D29/><U111/><E25/><V103/><F103/><W34/><G49/><T54/><D43/><U105/><E105/><V3/><F3/><W41/><G41/><T115/><D35/><U27/><E27/><V119/><F119/><W81/><G34/><T104/><D104/><U130/><E47/><V11/><F11/><W98/><G81/><N who="0" m="49167" /><D115/><U58/><E131/><V57/><F123/><W52/><G52/><N who="2" m="20041" /><F120/><W61/><G61/><T69/><D69/><U42/><E130/><V0/><F0/><W127/><G127/><T135/><D135/><U109/><E42/><V112/><F112/><W22/><AGARI ba="2,0" hai="4,9,12,17,22,24,38,39,73,78,83,94,98,102" machi="22" ten="30,1100,0" yaku="0,1" doraHai="66" who="3" fromWho="3" sc="126,-7,205,-5,225,-5,444,17" />
</Scene>
<Scene>
<INIT seed="5,0,0,5,4,130" ten="119,200,220,461" oya="1" hai0="67,45,59,30,134,18,63,102,89,19,69,51,106" hai1="72,80,57,0,127,60,135,24,118,98,49,132,123" hai2="50,129,110,113,43,70,58,38,5,74,44,55,65" hai3="40,54,13,104,79,109,11,66,93,23,122,97,100"/><U29/><E0/><V88/><F74/><W78/><G109/><T21/><D30/><U76/><E123/><V64/><F110/><W20/><G122/><T117/><D117/><U91/><E118/><V94/><F129/><W77/><G104/><T126/><D126/><U35/><E127/><V103/><F103/><W87/><G66/><T26/><D106/><U84/><E98/><V112/><F5/><N who="3" m="3311" /><G40/><T99/><D102/><U36/><E49/><V7/><F7/><W17/><G54/><T33/><D33/><U90/><E36/><V56/><F56/><W41/><G41/><T124/><D124/><U28/><E29/><V48/><F50/><W111/><G111/><T119/><D119/><U15/><E15/><V62/><REACH who="2" step="1"/><F65/><REACH who="2" ten="119,200,210,461" step="2"/><W95/><G100/><T3/><D3/><U10/><E72/><V9/><F9/><W4/><G4/><T14/><D69/><U121/><E10/><V37/><F37/><W114/><G17/><T71/><D71/><U31/><E31/><V83/><F83/><W96/><G20/><T131/><D131/><U61/><E121/><V22/><F22/><W101/><G23/><N who="0" m="11735" /><D51/><U6/><E6/><V120/><F120/><W133/><G101/><T27/><D45/><U115/><E57/><V81/><F81/><W32/><G32/><T105/><D27/><U107/><E107/><V128/><F128/><W16/><G16/><T53/><D67/><U2/><E2/><V39/><F39/><W116/><G116/><T46/><D46/><U108/><E108/><V68/><F68/><W47/><G47/><T25/><D21/><RYUUKYOKU ba="0,1" sc="119,-10,200,-10,210,30,461,-10" hai2="38,43,44,48,55,58,62,64,70,88,94,112,113" />
</Scene>
<Scene>
<INIT seed="6,1,1,3,3,66" ten="109,190,240,451" oya="2" hai0="102,111,53,5,117,101,2,60,125,90,121,88,112" hai1="134,19,57,31,70,56,69,96,54,131,95,135,59" hai2="15,40,79,35,10,133,98,85,17,86,28,132,3" hai3="14,16,43,37,61,127,27,122,8,103,25,58,21"/><V23/><F40/><W65/><G122/><T116/><D2/><U73/><E73/><V55/><F98/><W26/><G127/><T22/><D5/><U1/><E1/><V78/><F55/><W24/><G103/><N who="0" m="39435" /><D22/><U67/><E67/><V107/><F107/><W48/><G37/><T4/><D4/><U44/><E31/><V46/><F46/><N who="3" m="25695" /><G27/><T94/><D53/><U72/><E72/><V118/><F10/><AGARI ba="1,1" hai="8,10,14,16,21,24,25,26,58,61,65" m="25695" machi="10" ten="30,2000,0" yaku="8,1,54,1" doraHai="66" who="3" fromWho="2" sc="109,0,190,0,240,-23,451,33" />
</Scene>
<Scene>
<INIT seed="7,0,0,0,5,12" ten="109,190,217,484" oya="3" hai0="114,120,82,13,69,6,47,29,107,98,118,49,93" hai1="16,11,117,32,124,60,9,109,36,76,22,121,135" hai2="34,14,1,127,96,115,26,21,35,52,126,57,15" hai3="18,72,28,94,90,42,86,71,84,79,39,70,92"/><W24/><G18/><T68/><D120/><U44/><E109/><V111/><F1/><W89/><G72/><T85/><D118/><U55/><E121/><V41/><F41/><W4/><G79/><T33/><D107/><U61/><E32/><N who="2" m="12331" /><F96/><N who="3" m="57359" /><G4/><T27/><D114/><U5/><E135/><V25/><F25/><W38/><G42/><T48/><D48/><N who="1" m="29063" /><E124/><N who="2" m="47659" /><F111/><W50/><G50/><T105/><D105/><U64/><E36/><N who="3" m="13866" /><G86/><T65/><D65/><U123/><E117/><V88/><F88/><N who="3" m="53511" /><G24/><T128/><D128/><U45/><E76/><V104/><F104/><W97/><G28/><T53/><D6/><U108/><E108/><V83/><F83/><W8/><G8/><N who="1" m="3146" /><E5/><V133/><F133/><W78/><G78/><T100/><REACH who="0" step="1"/><D13/><REACH who="0" ten="99,190,217,484" step="2"/><N who="1" m="9487" /><E123/><V7/><F7/><W101/><G101/><T103/><D103/><U91/><E64/><V129/><F115/><W30/><G30/><T122/><D122/><U59/><E45/><V112/><F112/><W31/><G31/><T56/><D56/><U20/><E59/><V134/><F134/><W116/><G116/><T54/><D54/><U131/><E131/><V80/><F129/><W99/><G90/><T113/><D113/><U67/><E67/><V95/><F57/><W110/><G110/><T40/><D40/><U130/><E130/><V51/><F14/><W17/><G17/><T75/><D75/><U0/><E0/><V62/><F15/><W19/><G19/><T43/><D43/><U106/><E106/><V23/><F51/><W37/><G37/><T81/><D81/><U119/><E119/><V3/><F3/><RYUUKYOKU ba="0,1" sc="99,15,190,-15,217,-15,484,15" hai0="27,29,33,47,49,53,68,69,82,85,93,98,100" hai3="70,71,97,99" owari="114,-39.0,175,-22.0,202,0.0,509,61.0" />
</Scene>
</mjloggm>