<mjloggm ver="2.3"><GO type="169" lobby="0"/><UN n0="%6B%69%6E%67%32%33%32%33" n1="%E5%AE%AE%E6%9C%AC%E4%BE%86%E5%A4%8F" n2="%E3%81%99%E3%81%9A%E3%82%81%E3%82%AF%E3%83%AC%E3%82%A4%E3%82%B8%E3%83%BC" n3="%E7%88%86%E5%BC%BE%E4%BA%94%E9%83%8E%EF%BC%92" dan="16,18,19,16" rate="2132.90,2188.35,2314.35,2131.60" sx="M,F,M,M"/><TAIKYOKU oya="0"/>

<Scene>
<INIT seed="0,0,0,5,3,80" ten="250,250,250,250" oya="0" hai0="31,86,41,129,44,96,20,54,109,53,13,15,52" hai1="28,123,95,98,121,30,42,11,62,125,114,43,4" hai2="102,90,89,49,72,0,88,74,115,63,37,23,14" hai3="79,3,78,66,135,9,58,134,103,6,2,25,118"/><T119/><D119/><U8/><E114/><V45/><F0/><W127/><G118/><T61/><D129/><U128/><E128/><V46/><F102/><W84/><G3/><T82/><D109/><U97/><E62/><V111/><F111/><W107/><G103/><T112/><D112/><U104/><E95/><V21/><F63/><W1/><G107/><T16/><D96/><U108/><E4/><V65/><F65/><W36/><G36/><T94/><D94/><U67/><E108/><V131/><F131/><W18/><G58/><N who="0" m="35015" /><D31/><U55/><E55/><V40/><F115/><W81/><G1/><T29/><D29/><U124/><REACH who="1" step="1"/><E67/><REACH who="1" ten="250,240,250,250" step="2"/><V48/><F40/><W57/><G66/><T92/><D92/><U77/><E77/><V113/><F113/><W101/><G135/><T99/><D99/><U26/><E26/><V132/><F132/><W75/><G134/><T64/><D64/><U59/><E59/><V34/><F46/><W17/><G57/><T19/><D44/><U73/><E73/><V87/><F45/><W71/><G75/><T126/><D41/><U130/><E130/><V117/><F74/><W7/><G78/><N who="0" m="46423" /><D126/><U12/><E12/><V60/><F14/><N who="3" m="7375" /><G2/><T10/><AGARI ba="0,1" hai="10,13,15,16,19,20,53,54" m="46423,35015" machi="10" ten="30,11700,0" yaku="8,1,52,1,54,2" doraHai="80" who="0" fromWho="0" sc="250,127,240,-39,250,-39,250,-39" />
</Scene>
<Scene>
<INIT seed="0,1,0,4,1,79" ten="377,201,211,211" oya="0" hai0="88,134,57,73,83,86,67,16,19,62,12,99,105" hai1="75,85,114,92,80,28,129,109,48,124,44,120,58" hai2="118,123,65,1,15,76,95,112,110,21,119,45,42" hai3="133,29,125,18,103,63,32,23,97,40,30,90,94"/><T122/><D122/><U135/><E120/><V111/><F1/><W53/><G133/><T126/><D134/><U131/><E135/><V61/><F95/><W89/><G40/><T108/><D126/><U130/><E124/><V3/><F3/><W117/><G32/><T46/><D108/><N who="2" m="41514" /><F21/><W27/><G117/><N who="2" m="44553" /><F15/><W8/><G125/><T34/><D34/><U7/><E109/><V113/><F76/><W55/><G63/><T33/><D33/><U115/><E7/><V66/><F66/><W102/><G8/><T25/><D25/><U41/><E28/><N who="3" m="10858" /><G102/><T107/><D73/><U51/><E75/><V91/><F91/><AGARI ba="1,0" hai="18,23,27,53,55,89,90,91,94,97,103" m="10858" machi="91" ten="30,1000,0" yaku="8,1" doraHai="79" who="3" fromWho="2" sc="377,0,201,0,211,-13,211,13" />
</Scene>
<Scene>
<INIT seed="1,0,0,1,2,112" ten="377,201,198,224" oya="1" hai0="64,111,48,62,67,103,33,77,98,107,1,51,108" hai1="115,106,50,72,119,34,10,123,68,40,134,66,121" hai2="60,14,13,36,79,32,96,63,26,59,41,78,53" hai3="8,30,45,9,124,38,110,42,97,133,102,57,130"/><U117/><E72/><V71/><F13/><W99/><G99/><T129/><D33/><U46/><E106/><V104/><F41/><W49/><G130/><T22/><D1/><U80/><E80/><V88/><F36/><W81/><G110/><T89/><D129/><U127/><E10/><V128/><F14/><W101/><G101/><T70/><D77/><U18/><E18/><V87/><F128/><W84/><G30/><T24/><D64/><U55/><E34/><V116/><F116/><N who="1" m="44617" /><E115/><V74/><F74/><W69/><G38/><T65/><D65/><U17/><E17/><V75/><F75/><W29/><G57/><T135/><D135/><U113/><E113/><V21/><F32/><W131/><G133/><T3/><D3/><U90/><E90/><V25/><F25/><W54/><G29/><N who="0" m="17559" /><D89/><U11/><E11/><V94/><F104/><W4/><G8/><T12/><D12/><U83/><E83/><V39/><F39/><W100/><G131/><T23/><D23/><U118/><N who="1" m="44625" /><U76/><DORA hai="92" /><E76/><V85/><F79/><W2/><G102/><T43/><D43/><U7/><E134/><V125/><F78/><W122/><G100/><T56/><D70/><U44/><E7/><V16/><F87/><W5/><G69/><T27/><D27/><U28/><E28/><V126/><F85/><W86/><G4/><T95/><D107/><U105/><E105/><V6/><F6/><W20/><G5/><T58/><D58/><U82/><E68/><V52/><F71/><W73/><G73/><T19/><D19/><U120/><E66/><RYUUKYOKU ba="0,0" sc="377,15,201,-15,198,15,224,-15" hai0="48,51,56,62,67,95,98,103,108,111" hai2="16,21,26,52,53,59,60,63,88,94,96,125,126" />
</Scene>
<Scene>
<INIT seed="2,1,0,5,5,83" ten="392,186,213,209" oya="2" hai0="103,27,121,67,108,19,37,105,41,114,94,122,61" hai1="7,125,35,31,128,118,102,58,117,110,69,119,107" hai2="87,20,6,10,30,92,1,134,82,91,49,86,46" hai3="39,65,130,28,116,32,68,9,84,29,89,57,55"/><V113/><F134/><W74/><G39/><T78/><D114/><U22/><E69/><V2/><F113/><W21/><G74/><T56/><D105/><U0/><E107/><V4/><F30/><W115/><G32/><T95/><D108/><U45/><E102/><V26/><F6/><W17/><G115/><T120/><D78/><U101/><E101/><V11/><F11/><W77/><G77/><T54/><D103/><U85/><E45/><V129/><F129/><W123/><G130/><T93/><D27/><N who="1" m="18943" /><E58/><V76/><F20/><W90/><G90/><T70/><D19/><U98/><E98/><V127/><F26/><W40/><G40/><T104/><D104/><U75/><E75/><V36/><F127/><W126/><G126/><T48/><REACH who="0" step="1"/><D95/><REACH who="0" ten="382,186,213,209" step="2"/><U23/><E125/><V80/><F92/><N who="3" m="54311" /><G17/><T112/><D112/><U132/><E110/><V109/><F109/><W111/><G111/><T60/><D60/><U66/><E119/><V59/><F36/><W14/><G116/><T52/><D52/><U33/><E118/><V12/><F59/><W72/><G57/><T25/><D25/><U99/><E117/><V124/><F124/><W88/><G28/><T73/><D73/><U50/><E128/><V100/><F100/><W79/><G72/><T62/><D62/><U53/><E53/><AGARI ba="1,1" hai="1,2,4,10,12,46,49,53,76,80,82,86,87,91" machi="53" ten="30,5800,0" yaku="7,1,52,2" doraHai="83" who="2" fromWho="1" sc="382,0,186,-61,213,71,209,0" />
</Scene>
<Scene>
<INIT seed="2,2,0,1,0,85" ten="382,125,284,209" oya="2" hai0="40,115,106,80,10,111,57,77,12,73,110,133,105" hai1="112,56,68,48,104,69,88,84,47,20,135,78,97" hai2="43,124,23,98,123,4,71,31,95,59,36,1,126" hai3="44,121,99,108,82,0,117,13,109,15,24,53,119"/><V33/><F71/><W101/><G0/><T37/><D115/><U91/><E112/><V46/><F33/><W74/><G121/><T128/><D133/><U103/><E135/><V131/><F123/><W17/><G15/><T62/><D128/><U96/><E96/><V11/><F131/><W9/><G24/><T92/><D92/><U72/><E56/><V118/><F118/><W32/><G32/><T81/><D81/><U8/><E8/><V5/><F5/><W114/><G114/><T63/><D40/><U70/><E72/><V61/><F31/><W132/><G132/><T60/><D37/><U41/><REACH who="1" step="1"/><E20/><REACH who="1" ten="382,115,284,209" step="2"/><V39/><F23/><W130/><G130/><T14/><D57/><U55/><E55/><V86/><F86/><W7/><G53/><T134/><D134/><U29/><E29/><V22/><F22/><W113/><G113/><T35/><D35/><U49/><E49/><V26/><F36/><W27/><G74/><T21/><D21/><U30/><E30/><V16/><F26/><W2/><G27/><T67/><D10/><U89/><E89/><V54/><REACH who="2" step="1"/><F16/><REACH who="2" ten="382,115,274,209" step="2"/><W87/><G17/><T6/><D6/><U64/><E64/><V3/><F3/><W93/><G2/><T102/><D67/><U90/><E90/><AGARI ba="2,2" hai="1,4,11,39,43,46,54,59,61,90,95,98,124,126" machi="90" ten="40,3900,0" yaku="1,1,52,1,53,0" doraHai="85" doraHaiUra="65" who="2" fromWho="1" sc="382,0,115,-45,274,65,209,0" />
</Scene>
<Scene>
<INIT seed="2,3,0,1,0,10" ten="382,70,339,209" oya="2" hai0="30,72,3,109,119,62,118,71,117,92,55,42,23" hai1="127,87,53,90,131,19,49,101,28,111,25,6,82" hai2="74,2,105,99,1,35,112,58,37,51,96,44,8" hai3="21,78,88,120,126,14,132,60,40,93,17,26,69"/><V70/><F35/><W68/><G120/><T79/><D109/><U86/><E111/><V32/><F32/><W84/><G132/><T64/><D3/><U59/><E127/><V56/><F74/><W114/><G126/><T81/><D42/><U125/><E125/><V129/><F70/><W52/><G40/><T95/><D55/><U123/><E123/><V4/><F37/><W77/><G114/><T130/><D130/><U47/><E6/><V27/><F112/><W104/><G104/><T45/><D45/><U7/><E7/><V94/><F27/><AGARI ba="3,0" hai="23,27,30,62,64,71,72,79,81,92,95,117,118,119" machi="27" ten="40,1300,0" yaku="12,1" doraHai="10" who="0" fromWho="2" sc="382,22,70,0,339,-22,209,0" />
</Scene>
<Scene>
<INIT seed="3,0,0,0,1,83" ten="404,70,317,209" oya="3" hai0="35,88,91,124,67,59,101,123,87,37,127,23,126" hai1="46,90,33,99,65,92,102,29,95,7,9,24,12" hai2="14,89,129,56,61,97,106,49,86,74,58,115,39" hai3="98,43,104,81,48,55,68,82,96,0,47,53,130"/><W54/><G0/><T41/><D35/><U109/><E109/><V51/><F39/><W119/><G68/><T34/><D34/><U133/><E133/><V120/><F74/><W77/><G119/><T15/><D123/><U63/><E46/><V76/><F115/><W100/><G130/><T13/><D101/><U131/><E131/><V116/><F116/><W69/><G69/><T5/><D5/><U79/><E79/><V94/><F120/><W52/><G98/><T60/><D23/><U62/><REACH who="1" step="1"/><E65/><REACH who="1" ten="404,60,317,209" step="2"/><V72/><F76/><W50/><REACH who="3" step="1"/><G77/><REACH who="3" ten="404,60,317,199" step="2"/><T31/><D126/><U70/><E70/><V132/><F129/><W108/><G108/><T27/><D127/><U118/><E118/><V103/><F132/><W10/><G10/><T117/><D124/><U105/><E105/><V1/><F106/><W40/><G40/><T73/><D41/><U11/><E11/><V84/><F1/><W4/><G4/><T26/><D117/><U38/><E38/><V28/><F72/><W110/><G110/><T57/><D37/><U32/><E32/><V125/><F125/><W85/><G85/><AGARI ba="0,2" hai="7,9,12,24,29,33,62,63,85,90,92,95,99,102" machi="85" ten="30,7700,0" yaku="1,1,7,1,52,1,53,1" doraHai="83" doraHaiUra="21" who="1" fromWho="3" sc="404,0,60,97,317,0,199,-77" />
</Scene>
<Scene>
<INIT seed="4,0,0,1,3,98" ten="404,157,317,122" oya="0" hai0="16,53,99,45,95,56,113,44,92,43,13,112,1" hai1="17,29,134,131,84,68,72,116,118,54,117,87,64" hai2="21,119,26,23,74,24,55,124,27,121,11,47,73" hai3="81,33,2,126,128,122,115,48,35,86,111,37,51"/><T25/><D1/><U32/><E72/><V101/><F121/><W34/><G2/><T20/><D13/><U40/><E40/><V82/><F124/><W50/><G37/><T91/><D92/><U6/><E6/><V135/><F135/><W4/><G4/><T75/><D75/><U71/><E134/><V78/><F74/><W36/><G36/><T28/><D28/><U127/><E127/><V76/><F76/><W97/><G126/><T96/><D96/><U62/><E68/><V132/><F119/><W14/><G122/><T9/><D9/><U90/><E131/><V102/><F11/><W65/><G65/><T58/><D58/><U59/><E17/><V69/><F69/><W108/><G115/><N who="0" m="44107" /><D43/><U100/><E29/><V31/><F26/><W46/><G128/><T79/><D79/><U80/><E32/><V19/><F132/><W12/><G97/><T41/><D41/><U125/><E125/><V109/><F73/><W52/><G12/><T77/><D77/><U123/><E123/><V130/><F78/><W8/><G108/><T83/><D83/><U42/><E42/><V129/><F109/><W3/><G111/><T39/><D39/><U30/><E30/><V15/><F15/><W104/><G104/><T120/><D120/><U105/><E105/><V106/><F106/><W38/><G38/><T107/><D107/><U57/><E71/><V114/><F114/><W103/><G3/><T0/><D0/><U22/><E117/><V49/><F82/><W133/><G81/><T10/><D10/><U18/><E116/><V7/><F7/><RYUUKYOKU ba="0,0" sc="404,15,157,-15,317,15,122,-15" hai0="16,20,25,44,45,53,56,91,95,99" hai2="19,21,23,24,27,31,47,49,55,101,102,129,130" />
</Scene>
<Scene>
<INIT seed="4,1,0,4,5,28" ten="419,142,332,107" oya="0" hai0="66,76,110,18,25,55,29,111,100,50,15,64,90" hai1="77,31,72,122,105,106,123,46,97,49,33,4,75" hai2="58,26,102,71,12,80,63,135,92,91,117,0,127" hai3="7,82,56,11,85,51,48,10,74,62,101,52,9"/><T129/><D129/><U45/><E4/><V57/><F135/><W88/><G74/><T69/><D100/><U30/><E49/><V3/><F71/><W32/><G32/><N who="0" m="20527" /><D76/><U43/><E97/><V126/><F80/><W73/><G73/><T22/><D69/><U17/><E17/><V54/><F102/><W87/><G101/><T121/><D121/><U35/><REACH who="1" step="1"/><E77/><REACH who="1" ten="419,132,332,107" step="2"/><V130/><F130/><W2/><G51/><T131/><D131/><U99/><E99/><V5/><F5/><W128/><G128/><T124/><D124/><U93/><E93/><V39/><F92/><W16/><G87/><T118/><D118/><U59/><E59/><V14/><F117/><W109/><G109/><N who="0" m="41483" /><D90/><U36/><E36/><V96/><F39/><W6/><G6/><T1/><D1/><U37/><E37/><V13/><F0/><W47/><REACH who="3" step="1"/><G16/><REACH who="3" ten="419,132,332,97" step="2"/><T65/><D50/><U67/><E67/><AGARI ba="1,2" hai="2,7,9,10,11,47,48,52,56,62,67,82,85,88" machi="67" ten="30,8000,1" yaku="1,1,2,1,7,1,54,2,53,0" doraHai="28" doraHaiUra="132" who="3" fromWho="1" sc="419,0,132,-83,332,0,97,103" />
</Scene>
<Scene>
<INIT seed="5,0,0,0,4,108" ten="419,49,332,200" oya="1" hai0="132,96,1,16,38,65,61,8,119,69,12,83,17" hai1="6,123,43,84,97,112,4,85,42,62,50,48,91" hai2="106,117,26,37,120,90,33,126,125,47,24,80,23" hai3="135,11,46,115,128,25,5,81,54,88,44,58,55"/><U92/><E123/><V34/><F106/><W28/><G135/><T122/><D119/><U77/><E62/><V121/><F80/><W39/><G128/><T107/><D38/><U3/><E3/><V93/><F47/><W9/><G115/><T40/><D1/><U60/><E60/><V86/><F37/><W53/><G58/><T32/><D32/><N who="2" m="12394" /><F24/><W131/><G131/><T66/><D132/><U15/><E97/><V79/><F79/><W0/><G11/><T35/><D122/><U27/><E27/><V114/><F114/><W103/><G103/><T105/><D40/><N who="1" m="15403" /><E112/><V30/><F117/><W124/><G124/><AGARI ba="0,0" hai="23,26,30,86,90,93,120,121,124,125,126" m="12394" machi="124" ten="30,1000,0" yaku="18,1" doraHai="108" who="2" fromWho="3" sc="419,0,49,0,332,10,200,-10" />
</Scene>
<Scene>
<INIT seed="6,0,0,5,4,119" ten="419,49,342,190" oya="2" hai0="12,76,31,101,103,11,37,99,51,52,14,134,105" hai1="47,131,33,85,64,102,133,78,24,83,120,65,123" hai2="118,72,9,92,79,8,108,41,60,20,26,112,126" hai3="5,3,110,50,44,7,42,67,59,106,66,104,94"/><V62/><F118/><W6/><G110/><T114/><D37/><U124/><E133/><V25/><F108/><W19/><G3/><T132/><D76/><U32/><E102/><V90/><F126/><W125/><G125/><T100/><D114/><U40/><E124/><V70/><F41/><W23/><G94/><T43/><D43/><U82/><E82/><V49/><F72/><W113/><G113/><T88/><D31/><U74/><E85/><V10/><F79/><W87/><G87/><T81/><D105/><U111/><E111/><V15/><F49/><W69/><G69/><T117/><D117/><U77/><E78/><V1/><F1/><W28/><G28/><T116/><D116/><U27/><E27/><N who="2" m="10251" /><F70/><W96/><G96/><T109/><D109/><U71/><E24/><V0/><F0/><W73/><G73/><T135/><D11/><N who="2" m="4170" /><F20/><W130/><G67/><N who="1" m="25674" /><E71/><V29/><F29/><W97/><G97/><T98/><D98/><U61/><E61/><V84/><F112/><W80/><G80/><T128/><D128/><U22/><E22/><V4/><AGARI ba="0,0" hai="4,10,15,60,62,84,90,92" m="4170,10251" machi="4" ten="30,1500,0" yaku="8,1" doraHai="119" who="2" fromWho="2" sc="419,-5,49,-5,342,15,190,-5" />
</Scene>
<Scene>
<INIT seed="6,1,0,1,2,33" ten="414,44,357,185" oya="2" hai0="75,107,54,27,6,113,102,90,123,42,120,24,63" hai1="132,77,129,111,99,62,95,23,108,115,49,83,114" hai2="104,31,87,52,117,121,28,71,103,50,119,3,122" hai3="89,64,4,2,35,37,68,0,1,88,81,118,135"/><V79/><F71/><W69/><G35/><T29/><D75/><N who="1" m="43455" /><E49/><V5/><F104/><W98/><G118/><T8/><D113/><N who="1" m="43019" /><E23/><V128/><F103/><W112/><G112/><T61/><D90/><N who="1" m="55799" /><E62/><V15/><F87/><W100/><G81/><T60/><D102/><U44/><E44/><V72/><F79/><W97/><G97/><T40/><D107/><U53/><E53/><V30/><F72/><W17/><G135/><T11/><D54/><U66/><E66/><V16/><F128/><W65/><G37/><T13/><D11/><U74/><E74/><V41/><F41/><W76/><G76/><T106/><D106/><U51/><E51/><V82/><F82/><W70/><G4/><T94/><D94/><U125/><E132/><V130/><F130/><W7/><G7/><T48/><D27/><U101/><E129/><V21/><F52/><W20/><G65/><T105/><D105/><U86/><E101/><V91/><F91/><W80/><G64/><T22/><D48/><U39/><E39/><V92/><F50/><W19/><G100/><T133/><D133/><U126/><E86/><V59/><F59/><W26/><G19/><T34/><D22/><U43/><E43/><V127/><F5/><W124/><G70/><T131/><D131/><U14/><E14/><V9/><F30/><W12/><G69/><T55/><D55/><U18/><E18/><V46/><F31/><W58/><G68/><T57/><D57/><U47/><E47/><V36/><F46/><W96/><G58/><T93/><D40/><U25/><E25/><V32/><F32/><RYUUKYOKU ba="1,0" sc="414,-10,44,30,357,-10,185,-10" hai1="108,111,125,126" />
</Scene>
<Scene>
<INIT seed="7,2,0,1,0,43" ten="404,74,347,175" oya="3" hai0="2,123,105,79,100,128,6,91,23,131,88,34,102" hai1="19,94,132,116,86,78,5,109,47,48,54,114,101" hai2="113,42,29,28,1,51,17,119,99,0,67,89,83" hai3="81,76,122,36,98,3,125,92,35,63,80,31,97"/><W134/><G3/><T58/><D34/><U22/><E109/><V115/><F67/><W14/><G36/><T69/><D69/><U45/><E114/><V74/><F119/><W30/><G122/><T126/><D123/><U40/><E132/><V44/><F17/><W118/><G134/><T50/><D79/><U121/><E121/><V82/><F74/><W8/><G118/><T70/><D70/><U130/><E130/><V117/><F117/><W26/><G31/><T11/><D126/><U32/><E32/><V77/><F77/><W4/><G125/><T21/><D105/><U16/><E5/><V53/><F99/><W135/><G135/><T85/><D50/><N who="1" m="26919" /><E116/><V12/><F12/><W73/><G80/><N who="2" m="30761" /><F89/><N who="0" m="34378" /><D58/><U18/><E78/><V27/><F27/><W71/><G71/><T59/><D59/><U55/><E55/><V110/><F110/><W96/><G63/><T111/><D111/><U15/><E86/><V9/><F9/><W7/><G7/><T37/><D37/><U106/><E106/><V65/><F65/><W127/><G127/><T13/><D2/><U66/><E66/><V25/><F25/><W104/><G104/><T10/><D10/><U52/><E54/><V108/><F108/><W68/><G68/><T133/><D133/><U120/><E120/><V93/><F53/><W57/><G57/><T46/><D131/><U64/><E64/><V75/><F75/><W49/><G73/><T33/><D128/><U95/><E95/><V90/><F0/><W20/><G76/><T56/><D33/><U41/><E52/><V72/><F1/><RYUUKYOKU ba="2,0" sc="404,-10,74,30,347,-10,175,-10" hai1="15,16,18,19,22,41,47,48,94,101" owari="394,49.0,104,-40.0,337,14.0,165,-23.0" />
</Scene>
</mjloggm>