<mjloggm ver="2.3"><GO type="169" lobby="0"/><UN n0="%E5%BB%83%E4%BA%BA%E9%81%94%E9%9B%86%E5%90%88" n1="%46%75%62%46%69%76%65" n2="%E3%81%99%E3%81%9A%E3%82%81%E3%82%AF%E3%83%AC%E3%82%A4%E3%82%B8%E3%83%BC" n3="%63%68%6F%6E%6A%69" dan="16,16,19,16" rate="2108.74,2081.02,2294.37,2052.50" sx="M,F,M,M"/><TAIKYOKU oya="0"/>

<Scene>
<INIT seed="0,0,0,3,0,31" ten="250,250,250,250" oya="0" hai0="105,90,66,118,76,89,33,35,46,63,1,87,11" hai1="55,38,127,74,32,62,114,116,71,21,26,20,86" hai2="49,110,125,14,99,104,52,12,117,19,115,41,45" hai3="124,37,93,67,7,4,103,129,98,48,91,10,78"/><T24/><D105/><U121/><E74/><V22/><F110/><W0/><G37/><T5/><D118/><U28/><E116/><V64/><F125/><W39/><G124/><T23/><D76/><U6/><E127/><V132/><F132/><W102/><G39/><T56/><D46/><U68/><E121/><V83/><F115/><W79/><G67/><T80/><REACH who="0" step="1"/><D90/><REACH who="0" ten="240,250,250,250" step="2"/><U69/><E114/><V96/><F104/><W59/><G79/><T122/><D122/><U123/><E123/><V119/><F119/><W61/><G78/><T54/><D54/><U40/><E55/><V29/><F117/><W16/><G91/><T43/><D43/><U95/><E40/><V100/><F41/><W131/><G131/><T73/><D73/><U44/><E44/><V8/><F64/><W88/><G129/><T84/><D84/><U133/><E86/><V126/><F126/><W128/><G128/><T72/><D72/><U92/><E133/><V30/><F99/><W112/><G112/><T3/><D3/><U94/><E69/><V97/><F96/><W82/><G0/><T109/><D109/><U107/><E71/><V106/><REACH who="2" step="1"/><F83/><REACH who="2" ten="240,250,240,250" step="2"/><W108/><G108/><T15/><D15/><U58/><E107/><V2/><F2/><W51/><G82/><T34/><D34/><U134/><E32/><V27/><F27/><W9/><G103/><T101/><D101/><U113/><E26/><V130/><F130/><W60/><G102/><T57/><D57/><U65/><E58/><V50/><F50/><N who="3" m="18987" /><G59/><T120/><D120/><U81/><E134/><V17/><AGARI ba="0,2" hai="8,12,14,17,19,22,29,30,45,49,52,97,100,106" machi="17" ten="20,12000,2" yaku="1,1,5,1,0,1,7,1,54,1,53,1" doraHai="31" doraHaiUra="42" who="2" fromWho="2" sc="240,-60,250,-30,240,140,250,-30" />
</Scene>
<Scene>
<INIT seed="1,0,0,0,3,4" ten="180,220,380,220" oya="1" hai0="99,94,116,38,17,60,44,54,15,29,133,73,66" hai1="71,124,76,135,134,96,77,107,79,55,51,24,0" hai2="64,16,3,101,74,105,115,84,82,8,86,113,9" hai3="81,118,40,127,103,62,18,104,7,119,70,89,6"/><U69/><E0/><V129/><F129/><W95/><G81/><T33/><D73/><U65/><E124/><V122/><F64/><N who="3" m="41239" /><G18/><T109/><D116/><N who="3" m="44585" /><G127/><T39/><D133/><N who="1" m="50699" /><E65/><V117/><F122/><W63/><G63/><T125/><D125/><U57/><E24/><V121/><F121/><W67/><G67/><T90/><D29/><U36/><E36/><V75/><F117/><W5/><G40/><T50/><D33/><U130/><E130/><V32/><F32/><W56/><G56/><T43/><D43/><U132/><E132/><V112/><F101/><AGARI ba="0,0" hai="51,55,57,69,71,76,77,79,96,101,107" m="50699" machi="101" ten="30,1500,0" yaku="20,1" doraHai="4" who="1" fromWho="2" sc="180,0,220,15,380,-15,220,0" />
</Scene>
<Scene>
<INIT seed="1,1,0,4,5,99" ten="180,235,365,220" oya="1" hai0="74,125,104,7,58,133,56,116,20,65,34,19,73" hai1="123,14,117,36,86,95,76,135,96,78,61,94,45" hai2="85,120,52,54,21,124,126,121,0,72,40,81,128" hai3="17,53,97,134,5,38,105,84,90,32,57,51,43"/><U111/><E123/><V132/><F0/><W131/><G134/><T66/><D116/><U4/><E117/><V31/><F72/><W127/><G127/><N who="2" m="48681" /><F40/><W122/><G122/><N who="2" m="47209" /><F132/><W108/><G108/><T101/><D125/><U30/><E135/><V8/><F8/><W77/><G131/><T48/><D34/><U62/><E30/><V75/><F75/><W55/><G43/><T103/><D133/><U59/><E36/><V68/><F68/><W12/><G38/><T50/><D104/><U64/><E45/><V9/><F9/><W44/><G32/><T11/><D11/><N who="1" m="4455" /><E111/><V26/><F128/><W88/><G5/><T83/><D7/><U93/><E62/><V92/><F92/><N who="1" m="35433" /><E86/><V42/><F42/><W29/><G29/><T118/><D118/><U28/><E28/><V33/><F33/><W114/><G84/><T1/><D1/><U110/><E110/><V15/><F15/><W41/><G41/><T49/><D49/><U102/><AGARI ba="1,0" hai="59,61,64,76,78,95,96,102" m="35433,4455" machi="102" ten="30,3000,0" yaku="8,1,52,1" doraHai="99" who="1" fromWho="1" sc="180,-11,235,33,365,-11,220,-11" />
</Scene>
<Scene>
<INIT seed="1,2,0,5,3,31" ten="169,268,354,209" oya="1" hai0="132,116,93,59,134,73,58,46,91,70,48,6,102" hai1="72,15,74,122,51,89,97,84,124,63,44,100,68" hai2="62,53,111,24,26,16,27,92,11,81,66,101,33" hai3="99,80,17,108,77,34,82,90,118,20,64,10,19"/><U36/><E122/><V79/><F111/><W25/><G108/><T56/><D73/><U133/><E36/><V115/><F53/><W76/><G64/><T54/><D102/><U60/><E133/><N who="0" m="51305" /><D6/><U128/><E128/><V117/><F117/><W45/><G118/><T96/><D116/><U87/><E124/><V21/><F11/><W35/><G99/><T18/><D18/><U57/><E68/><AGARI ba="2,0" hai="46,48,54,56,58,59,68,70,91,93,96" m="51305" machi="68" ten="30,1000,0" yaku="20,1" doraHai="31" who="0" fromWho="1" sc="169,16,268,-16,354,0,209,0" />
</Scene>
<Scene>
<INIT seed="2,0,0,2,1,75" ten="185,252,354,209" oya="2" hai0="125,46,8,4,22,54,117,7,78,28,128,14,95" hai1="36,122,12,13,104,132,68,100,33,24,30,55,85" hai2="43,82,6,90,124,84,26,112,120,1,18,92,103" hai3="69,67,27,107,80,48,71,31,86,134,52,106,96"/><V0/><F120/><W62/><G71/><T79/><D117/><U10/><E36/><V94/><F112/><W51/><G134/><T39/><D128/><U121/><E132/><V17/><F124/><W44/><G51/><N who="0" m="29047" /><D125/><U88/><E68/><V40/><F0/><W5/><G5/><T135/><D135/><U64/><E64/><V116/><F1/><W87/><G87/><T72/><D72/><U108/><E108/><V38/><F6/><W47/><G47/><T131/><D39/><U37/><E37/><V21/><F116/><W70/><G70/><T81/><D7/><U45/><E100/><V11/><F103/><W29/><G96/><T61/><D95/><N who="2" m="36394" /><F38/><W56/><G69/><T83/><D131/><U20/><E104/><V15/><AGARI ba="0,0" hai="11,15,17,18,21,26,40,43,82,84,90" m="36394" machi="15" ten="30,1500,0" yaku="8,1" doraHai="75" who="2" fromWho="2" sc="185,-5,252,-5,354,15,209,-5" />
</Scene>
<Scene>
<INIT seed="2,1,0,2,5,112" ten="180,247,369,204" oya="2" hai0="20,58,118,97,119,98,36,52,81,131,6,82,106" hai1="22,123,1,11,43,71,128,116,34,110,130,108,30" hai2="9,32,29,72,134,78,122,127,69,113,53,133,57" hai3="55,77,75,25,48,46,96,85,79,76,13,10,15"/><V33/><F69/><W67/><G75/><T60/><D36/><U114/><E71/><V73/><F122/><W24/><G96/><T5/><D98/><U126/><E114/><V107/><F107/><W18/><G67/><T39/><D39/><U103/><E43/><V86/><F127/><W44/><G44/><T45/><D45/><U89/><E103/><V3/><F29/><W31/><G31/><T66/><D66/><U74/><E74/><V115/><F86/><W23/><REACH who="3" step="1"/><G85/><REACH who="3" ten="180,247,369,194" step="2"/><T47/><D47/><U4/><E30/><V56/><F73/><W64/><G64/><T65/><D65/><U104/><E123/><V125/><F72/><W135/><G135/><T94/><D106/><U88/><E104/><V16/><F133/><W51/><G51/><T80/><D131/><U68/><E130/><V50/><F134/><W93/><G93/><T19/><D94/><U61/><E128/><V28/><F28/><W100/><G100/><T8/><D97/><U120/><E120/><V111/><F113/><W62/><G62/><T26/><REACH who="0" step="1"/><D5/><AGARI ba="1,1" hai="5,10,13,15,18,23,24,25,46,48,55,76,77,79" machi="5" ten="40,2600,0" yaku="1,1,8,1,53,0" doraHai="112" doraHaiUra="63" who="3" fromWho="0" sc="180,-29,247,0,369,0,194,39" />
</Scene>
<Scene>
<INIT seed="3,0,0,2,1,20" ten="151,247,369,233" oya="3" hai0="82,79,45,48,113,25,41,37,36,93,129,49,32" hai1="99,108,124,4,72,112,122,78,95,35,58,44,60" hai2="54,22,47,40,134,121,128,39,83,111,23,117,75" hai3="70,81,65,126,127,6,18,30,105,88,89,11,67"/><W109/><G105/><T24/><D113/><U84/><E112/><V125/><F117/><W1/><G18/><T33/><D129/><U12/><E122/><V90/><F128/><W46/><G46/><T68/><D68/><U27/><E108/><V119/><F111/><W3/><G109/><T7/><D7/><U38/><E124/><N who="3" m="47658" /><G1/><T132/><D132/><U74/><E44/><V21/><F134/><W110/><G110/><T106/><D106/><U53/><E38/><V135/><F121/><W42/><G42/><T91/><D32/><U69/><E69/><V80/><F39/><W64/><G70/><T57/><D37/><U17/><E4/><V77/><F135/><W26/><G81/><T101/><D101/><U43/><E43/><V123/><F123/><W51/><G51/><T34/><D34/><AGARI ba="0,0" hai="3,6,11,26,30,34,64,65,67,88,89" m="47658" machi="34" ten="30,5800,0" yaku="18,1,52,1,54,1" doraHai="20" who="3" fromWho="0" sc="151,-58,247,0,369,0,233,58" />
</Scene>
<Scene>
<INIT seed="3,1,0,4,1,110" ten="93,247,369,291" oya="3" hai0="20,18,101,129,33,61,46,36,45,54,88,5,27" hai1="34,99,115,21,94,84,68,55,14,97,2,118,28" hai2="124,71,132,26,76,49,126,51,47,111,52,56,48" hai3="69,108,104,30,67,70,114,120,29,103,31,16,100"/><W86/><G114/><T62/><D129/><U6/><E68/><V64/><F76/><W15/><G120/><T107/><D5/><U91/><E118/><V38/><F26/><W24/><G24/><T37/><D107/><U25/><E115/><V133/><F111/><W121/><G121/><T59/><D33/><U13/><E55/><N who="2" m="30111" /><F49/><W83/><G108/><T123/><D101/><U0/><E14/><V9/><F38/><W4/><G4/><T135/><D123/><U10/><REACH who="1" step="1"/><E0/><REACH who="1" ten="93,237,369,291" step="2"/><V72/><F71/><W3/><G3/><T125/><D37/><U73/><E73/><V77/><F72/><W116/><G116/><T113/><D36/><U85/><E85/><V23/><F64/><W39/><G39/><T78/><D113/><U96/><E96/><V82/><F52/><W35/><G35/><T60/><D135/><U22/><E22/><V119/><F23/><W89/><G70/><T32/><D32/><U43/><E43/><V41/><F41/><W106/><G67/><T130/><D54/><U105/><E105/><V66/><F66/><W11/><G69/><T112/><D20/><U134/><E134/><V98/><F119/><W74/><G106/><T79/><D112/><U40/><E40/><V42/><F42/><W127/><G104/><T75/><D75/><U12/><E12/><V1/><F1/><W17/><G74/><T109/><D27/><U7/><E7/><V50/><F132/><W122/><G122/><T63/><D109/><U131/><E131/><V53/><F133/><W44/><G15/><T65/><D130/><U57/><E57/><RYUUKYOKU ba="1,1" sc="93,-10,237,30,369,-10,291,-10" hai1="2,6,10,13,21,25,28,34,84,91,94,97,99" />
</Scene>
<Scene>
<INIT seed="4,2,1,1,3,109" ten="83,267,359,281" oya="0" hai0="32,1,114,103,124,113,5,43,74,4,33,42,115" hai1="47,89,129,55,80,63,10,128,134,0,97,57,64" hai2="31,112,58,45,123,70,126,91,105,127,19,59,132" hai3="93,120,100,50,27,11,99,16,13,28,37,102,94"/><T118/><D118/><U62/><E134/><V12/><F70/><W96/><G120/><T131/><D131/><N who="1" m="50251" /><E47/><V111/><F105/><W23/><G50/><T87/><D124/><U40/><E40/><N who="0" m="15401" /><D74/><U9/><E0/><V88/><F132/><W54/><REACH who="3" step="1"/><G54/><REACH who="3" ten="83,267,359,271" step="2"/><T135/><D135/><U53/><E53/><V6/><F123/><W90/><G90/><T85/><D103/><U86/><E97/><V72/><F91/><W46/><G46/><T48/><D48/><U35/><E35/><N who="0" m="13385" /><D1/><U61/><E61/><V77/><F45/><W29/><G29/><T95/><D95/><U66/><E55/><V107/><F31/><W38/><AGARI ba="2,2" hai="11,13,16,23,27,28,37,38,93,94,96,99,100,102" machi="38" ten="30,7900,0" yaku="1,1,0,1,9,1,54,1,53,0" doraHai="109" doraHaiUra="122" who="3" fromWho="3" sc="83,-41,267,-22,359,-22,271,105" />
</Scene>
<Scene>
<INIT seed="5,0,0,0,2,40" ten="42,245,337,376" oya="1" hai0="107,63,120,23,41,126,52,59,14,47,102,74,105" hai1="81,44,46,38,111,101,110,24,3,0,134,30,106" hai2="108,82,103,35,48,89,8,7,115,2,32,113,9" hai3="96,57,15,86,12,132,56,61,62,85,27,70,64"/><U66/><E66/><V73/><F103/><W42/><G42/><T95/><D74/><U10/><E38/><V75/><F108/><N who="1" m="41513" /><E134/><V72/><F9/><W84/><G132/><T122/><D126/><U45/><E81/><V68/><F68/><W18/><G96/><T99/><D122/><U33/><E10/><V25/><F25/><W49/><G49/><T69/><D69/><U28/><E28/><V53/><F89/><W21/><G70/><T60/><D60/><U90/><E90/><V83/><F82/><W22/><G21/><T36/><REACH who="0" step="1"/><D120/><REACH who="0" ten="32,245,337,376" step="2"/><U1/><E1/><V94/><F73/><W133/><G133/><T71/><D71/><U124/><E124/><V104/><F75/><W54/><AGARI ba="0,1" hai="12,15,18,22,27,54,56,57,61,62,64,84,85,86" machi="54" ten="30,2000,0" yaku="0,1,8,1" doraHai="40" who="3" fromWho="3" sc="32,-5,245,-10,337,-5,376,30" />
</Scene>
<Scene>
<INIT seed="6,0,0,2,1,92" ten="27,235,332,406" oya="2" hai0="93,47,54,101,40,100,107,91,69,48,90,102,105" hai1="20,62,78,52,42,25,50,64,115,130,36,1,38" hai2="135,21,43,73,123,30,33,39,53,133,11,55,80" hai3="23,126,113,98,96,88,110,120,60,72,121,82,99"/><V106/><F123/><W14/><G60/><T77/><D69/><U94/><E1/><V108/><F33/><W127/><G110/><T74/><D54/><U58/><E115/><V129/><F129/><W95/><G113/><T125/><D40/><U37/><E130/><V15/><F108/><W41/><G41/><T45/><D48/><U104/><E104/><V124/><F106/><N who="0" m="40458" /><D47/><U116/><E116/><V70/><F124/><N who="3" m="47659" /><G121/><T26/><D45/><U16/><E78/><N who="2" m="44111" /><F70/><W7/><G120/><T4/><D26/><U117/><E117/><V97/><F97/><W10/><G23/><T34/><D4/><U56/><E42/><V112/><F112/><W19/><G7/><T103/><D34/><U109/><E109/><V122/><F122/><W5/><G5/><T9/><D9/><U0/><E0/><V86/><F86/><W32/><G32/><T119/><D119/><U76/><E76/><AGARI ba="0,0" hai="10,14,19,72,76,82,88,95,96,98,99" m="47659" machi="76" ten="30,8000,1" yaku="18,1,52,3,54,1" doraHai="92" who="3" fromWho="1" sc="27,0,235,-80,332,0,406,80" />
</Scene>
<Scene>
<INIT seed="7,0,0,0,1,25" ten="27,155,332,486" oya="3" hai0="50,67,23,86,46,80,56,11,94,126,92,84,7" hai1="17,98,36,122,100,35,76,111,113,31,130,38,27" hai2="95,62,51,106,40,73,71,110,70,93,121,114,9" hai3="77,109,83,78,88,127,97,108,54,81,63,103,59"/><W89/><G127/><T48/><D126/><U0/><E17/><V115/><F106/><W4/><G4/><T18/><D67/><U45/><E45/><V22/><F73/><W107/><G89/><T58/><D7/><U104/><E111/><N who="3" m="42570" /><G88/><T125/><D125/><U82/><E122/><V43/><F110/><W19/><G19/><T90/><D23/><U75/><E130/><V87/><F87/><W37/><G37/><N who="1" m="14442" /><E0/><V133/><F22/><W21/><G21/><T128/><D128/><U129/><E129/><V120/><F133/><W30/><G30/><T65/><D65/><U96/><E96/><V118/><F118/><W105/><G105/><T15/><D58/><U44/><E44/><V79/><F51/><W34/><G34/><T32/><D32/><U68/><E68/><V8/><F62/><W52/><G54/><T3/><D3/><U134/><E134/><V42/><F43/><W53/><G53/><T74/><D74/><U29/><E75/><V85/><F85/><W1/><G1/><T6/><D6/><U55/><E55/><V10/><REACH who="2" step="1"/><F8/><REACH who="2" ten="27,155,322,486" step="2"/><W131/><G131/><T61/><D46/><U5/><E35/><V14/><F14/><W28/><G63/><T20/><D11/><U26/><E104/><V13/><F13/><W123/><G107/><T64/><REACH who="0" step="1"/><D94/><REACH who="0" ten="17,155,322,486" step="2"/><U41/><E5/><V2/><F2/><W91/><G83/><T112/><D112/><U132/><E82/><V60/><F60/><W69/><G81/><T33/><D33/><U24/><E113/><V72/><F72/><W101/><G78/><AGARI ba="0,2" hai="15,18,20,48,50,56,61,64,78,80,84,86,90,92" machi="78" ten="30,7700,0" yaku="1,1,7,1,8,1,53,1" doraHai="25" doraHaiUra="16" who="0" fromWho="3" sc="17,97,155,0,322,0,486,-77" /><AGARI ba="0,0" hai="9,10,40,42,70,71,78,79,93,95,114,115,120,121" machi="78" ten="25,3200,0" yaku="1,1,22,2,53,0" doraHai="25" doraHaiUra="16" who="2" fromWho="3" sc="114,0,155,0,322,32,409,-32" owari="114,-39.0,155,-24.0,354,15.0,377,48.0" />
</Scene>
</mjloggm>