<mjloggm ver="2.3"><GO type="169" lobby="0"/><UN n0="%E3%81%99%E3%81%9A%E3%82%81%E3%82%AF%E3%83%AC%E3%82%A4%E3%82%B8%E3%83%BC" n1="%E3%83%86%E3%83%AC%E3%83%93%E3%81%A3%E5%AD%90" n2="%72%6D%63%69%6B" n3="%E3%83%97%E3%83%AD%E3%83%86%E3%82%A4%E3%83%B3%E5%BE%97%E7%9B%9B" dan="19,17,16,16" rate="2298.40,2224.70,2117.17,2135.23" sx="M,M,M,M"/><TAIKYOKU oya="0"/>

<Scene>
<INIT seed="0,0,0,0,4,59" ten="250,250,250,250" oya="0" hai0="61,51,130,102,114,31,135,56,30,42,87,26,117" hai1="22,83,93,91,25,98,113,24,46,110,97,112,62" hai2="10,92,68,125,64,71,70,45,33,36,11,96,80" hai3="14,9,78,118,6,19,27,5,29,90,48,99,57"/><T109/><D117/><U119/><E119/><V103/><F33/><W8/><G118/><T81/><D114/><N who="1" m="44139" /><E110/><V111/><F111/><W34/><G78/><T132/><D109/><U54/><E83/><V75/><F125/><W53/><G99/><T1/><D1/><U3/><E3/><V23/><F23/><W16/><REACH who="3" step="1"/><G90/><REACH who="3" ten="250,250,250,240" step="2"/><T18/><D132/><U21/><E98/><V82/><F96/><W20/><G20/><N who="0" m="13591" /><D135/><U2/><E22/><V94/><F10/><W116/><G116/><T124/><D124/><U120/><E21/><V66/><F11/><W15/><AGARI ba="0,1" hai="5,6,8,9,14,15,16,19,27,29,34,48,53,57" machi="15" ten="20,8000,1" yaku="1,1,0,1,7,1,9,1,54,1,53,0" doraHai="59" doraHaiUra="86" who="3" fromWho="3" sc="250,-40,250,-20,250,-20,240,90" />
</Scene>
<Scene>
<INIT seed="1,0,0,5,1,71" ten="210,230,230,330" oya="1" hai0="43,33,35,49,41,122,25,52,87,5,19,67,37" hai1="0,20,48,74,89,45,106,6,81,62,124,47,70" hai2="79,97,88,23,55,129,26,7,8,39,16,36,69" hai3="1,94,53,42,96,30,84,64,75,110,50,125,112"/><U132/><E106/><V2/><F69/><W18/><G75/><T73/><D73/><U38/><E124/><V102/><F79/><W91/><G1/><T105/><D105/><U14/><E132/><V115/><F102/><W76/><G112/><T98/><D5/><U130/><E130/><V95/><F129/><W63/><G110/><T66/><D98/><U3/><E70/><V78/><F78/><W128/><G30/><T90/><D35/><U80/><E62/><V120/><F120/><W44/><G125/><T24/><D33/><U28/><E74/><V60/><F115/><W58/><G18/><T117/><D37/><U4/><E38/><V121/><F121/><W99/><G128/><T103/><D103/><U108/><E108/><V118/><F118/><W135/><G135/><T68/><D68/><U57/><E57/><AGARI ba="0,0" hai="2,7,8,16,23,26,36,39,55,57,60,88,95,97" machi="57" ten="40,12000,2" yaku="25,2,52,2,54,2" doraHai="71" who="2" fromWho="1" sc="210,0,230,-120,230,120,330,0" />
</Scene>
<Scene>
<INIT seed="2,0,0,2,3,31" ten="210,110,350,330" oya="2" hai0="112,22,51,86,102,26,128,45,111,38,114,10,133" hai1="79,52,66,121,49,59,28,5,115,82,15,71,100" hai2="55,90,27,50,41,20,33,43,7,116,88,120,119" hai3="60,69,95,11,30,131,13,46,57,65,103,94,75"/><V97/><F120/><W44/><G75/><T48/><D111/><U63/><E121/><V130/><F7/><W68/><G131/><T87/><D128/><U34/><E115/><V70/><F70/><W113/><G113/><T78/><D38/><U122/><E122/><V134/><F130/><W29/><G69/><T126/><D133/><U23/><E100/><V3/><F3/><W104/><G104/><T73/><D73/><U91/><E91/><V58/><F134/><W2/><G2/><T1/><D102/><U25/><E5/><V40/><F33/><W125/><G125/><T17/><D51/><U61/><E15/><V108/><F108/><W76/><G76/><T53/><D126/><U98/><E98/><V129/><F129/><W118/><G68/><T81/><D1/><U85/><REACH who="1" step="1"/><E61/><REACH who="1" ten="210,100,350,330" step="2"/><V47/><F97/><W8/><G13/><T93/><D114/><U64/><E64/><V105/><F119/><W0/><G118/><T83/><D112/><U106/><E106/><V135/><F105/><W132/><G0/><T56/><D93/><U101/><E101/><V123/><F116/><W74/><G95/><T107/><D107/><U54/><E54/><N who="2" m="30047" /><F123/><W84/><G132/><T124/><D124/><U92/><E92/><V32/><F135/><W6/><G103/><T89/><D10/><U62/><E62/><V37/><F90/><N who="3" m="53575" /><G6/><T39/><D89/><U77/><E77/><V24/><F88/><W14/><G11/><T4/><D4/><U18/><E18/><V109/><F109/><W9/><G9/><T117/><D78/><U12/><E12/><RYUUKYOKU ba="0,1" sc="210,-10,100,30,350,-10,330,-10" hai1="23,25,28,34,49,52,59,63,66,71,79,82,85" />
</Scene>
<Scene>
<INIT seed="3,1,1,0,1,91" ten="200,130,340,320" oya="3" hai0="112,74,59,3,18,64,100,11,57,19,40,125,5" hai1="102,41,25,65,135,77,6,49,117,54,63,53,133" hai2="52,82,20,87,130,56,75,1,97,101,42,43,69" hai3="34,86,13,14,36,81,38,118,50,96,60,30,114"/><W27/><G118/><T68/><D125/><U121/><E121/><V107/><F1/><W85/><G114/><T95/><D74/><U89/><E117/><V108/><F69/><W39/><G60/><T99/><D68/><U84/><E77/><V61/><F130/><W119/><G119/><T123/><D123/><U134/><E102/><V58/><F108/><W17/><G50/><T104/><D40/><U16/><E6/><V23/><F75/><W76/><G96/><T44/><D44/><U10/><E41/><V29/><F29/><W109/><G109/><T28/><D104/><U83/><E49/><V47/><F58/><W33/><G33/><T45/><D45/><U70/><REACH who="1" step="1"/><E25/><REACH who="1" ten="200,120,340,320" step="2"/><V71/><F42/><W113/><G113/><T32/><D112/><U103/><E103/><V31/><F71/><W127/><G127/><T124/><D100/><U37/><E37/><V67/><F43/><W12/><G38/><T22/><D5/><U88/><E88/><V116/><F116/><W93/><G39/><T15/><D124/><U105/><E105/><V120/><F101/><W62/><G36/><T35/><D3/><U46/><E46/><V106/><F47/><W9/><G62/><T48/><D48/><U24/><E24/><V131/><F61/><W110/><G110/><T115/><D115/><U129/><E129/><V122/><F131/><W92/><G92/><T51/><D95/><U78/><E78/><V80/><F122/><W132/><G132/><T7/><D51/><U126/><E126/><V2/><F120/><W79/><G79/><T66/><D59/><RYUUKYOKU ba="1,2" sc="200,-15,120,15,340,-15,320,15" hai1="10,16,53,54,63,65,70,83,84,89,133,134,135" hai3="9,12,13,14,17,27,30,34,76,81,85,86,93" />
</Scene>
<Scene>
<INIT seed="3,2,2,2,1,62" ten="185,135,325,335" oya="3" hai0="133,90,14,12,113,91,6,2,119,88,70,98,84" hai1="93,1,116,53,48,114,25,16,110,13,80,44,5" hai2="120,94,95,111,134,76,67,28,30,69,27,21,78" hai3="130,71,102,19,9,49,127,23,41,68,60,51,55"/><W117/><G117/><T121/><D121/><U87/><E116/><V58/><F120/><W135/><G102/><T73/><D73/><U54/><E110/><V125/><F69/><W132/><G9/><N who="0" m="4151" /><D70/><N who="3" m="26665" /><G127/><T22/><D133/><N who="3" m="51273" /><G130/><T123/><D2/><U64/><E114/><V33/><F111/><W115/><G115/><T42/><D123/><U47/><E1/><V118/><F125/><W31/><G31/><T34/><D34/><U129/><E129/><V122/><F33/><W108/><G108/><T15/><D42/><U75/><E75/><V35/><F35/><W79/><G79/><T85/><D119/><U38/><E5/><V37/><F118/><W7/><G41/><T18/><D113/><U45/><E25/><V56/><F122/><W104/><G104/><T66/><D66/><U3/><E64/><V89/><F134/><W61/><G7/><T112/><D98/><U74/><E3/><V72/><F78/><W126/><G126/><T107/><D107/><U29/><E29/><V106/><F76/><W20/><G20/><N who="0" m="11351" /><D112/><U57/><E74/><V10/><F72/><W65/><G65/><T92/><D85/><U96/><E38/><V17/><F37/><W11/><G11/><T109/><D109/><U128/><E128/><V8/><F10/><W83/><G55/><T124/><D124/><U4/><E4/><V52/><F8/><W100/><G23/><T99/><D99/><U40/><E40/><V26/><F106/><W105/><G105/><T32/><D32/><U39/><E39/><V81/><F67/><W101/><G19/><AGARI ba="2,2" hai="15,19,22,84,88,90,91,92" m="11351,4151" machi="19" ten="30,2000,0" yaku="8,1,54,1" doraHai="62" who="0" fromWho="3" sc="185,46,135,0,325,0,335,-26" />
</Scene>
<Scene>
<INIT seed="4,0,0,2,3,122" ten="231,135,325,309" oya="0" hai0="0,30,64,98,94,118,4,65,95,20,13,75,131" hai1="46,67,36,17,37,10,109,8,66,74,135,60,5" hai2="101,63,108,125,128,9,42,35,14,134,58,18,110" hai3="100,29,120,106,127,48,26,115,1,112,79,52,96"/><T62/><D118/><U84/><E74/><V24/><F42/><W89/><G1/><T71/><D75/><U2/><E135/><V93/><F134/><W47/><G120/><T133/><D131/><U105/><E105/><V91/><F101/><W25/><G127/><T43/><D43/><U51/><E67/><V32/><F128/><W44/><G79/><T31/><D0/><U86/><E37/><V34/><F24/><W119/><G119/><T69/><D133/><U107/><E107/><V123/><F125/><W39/><G89/><T102/><D95/><U33/><E33/><V49/><F49/><N who="3" m="28711" /><G29/><T92/><D94/><U38/><E36/><V3/><F3/><W80/><G80/><T82/><D82/><U104/><E38/><V11/><F11/><W53/><G39/><T21/><D21/><U126/><E104/><V50/><F50/><W19/><G19/><T41/><D41/><U103/><E103/><V61/><F61/><W111/><G111/><T23/><D23/><U12/><E126/><V72/><F72/><W15/><G15/><T73/><D73/><U70/><REACH who="1" step="1"/><E109/><REACH who="1" ten="231,125,325,309" step="2"/><V83/><F123/><W124/><G124/><T85/><D65/><U7/><E7/><V99/><REACH who="2" step="1"/><F83/><REACH who="2" ten="231,125,315,309" step="2"/><W22/><G106/><T88/><D102/><U97/><E97/><V87/><F87/><W90/><G100/><T45/><D98/><U6/><E6/><V40/><F40/><AGARI ba="0,2" hai="2,5,8,10,12,17,40,46,51,60,66,70,84,86" machi="40" ten="30,3900,0" yaku="1,1,7,1,53,1" doraHai="122" doraHaiUra="57" who="1" fromWho="2" sc="231,0,125,59,315,-39,309,0" />
</Scene>
<Scene>
<INIT seed="5,0,0,5,1,106" ten="231,184,276,309" oya="1" hai0="119,18,88,35,91,94,132,117,68,116,92,23,29" hai1="45,6,5,127,96,57,15,107,34,44,109,56,22" hai2="74,115,83,4,75,27,98,12,97,55,11,50,32" hai3="52,85,126,71,66,90,124,111,42,33,20,112,108"/><U102/><E34/><V110/><F110/><W99/><G33/><T58/><D68/><U53/><E109/><V59/><F115/><W19/><G42/><T0/><D0/><U41/><E127/><N who="3" m="48682" /><G99/><T125/><D132/><U67/><E67/><V8/><F98/><W121/><G121/><T14/><D125/><U36/><E45/><V122/><F122/><W61/><G52/><T87/><D58/><U93/><E107/><V80/><F97/><W28/><G28/><T79/><D79/><U3/><E3/><V31/><REACH who="2" step="1"/><F11/><REACH who="2" ten="231,184,266,309" step="2"/><W76/><G112/><T9/><D9/><U64/><E64/><V101/><F101/><W63/><G111/><T16/><D117/><U30/><E102/><V46/><F46/><W24/><G108/><T82/><D119/><U10/><E96/><V1/><F1/><W104/><G104/><T84/><D116/><U49/><E44/><V7/><F7/><W114/><G114/><T40/><D40/><U39/><E41/><V130/><F130/><W70/><G66/><T133/><D133/><U81/><E5/><V25/><F25/><W95/><G24/><T2/><D2/><U118/><E118/><V131/><F131/><W73/><G71/><T120/><D120/><U134/><E134/><V129/><F129/><W105/><G70/><T123/><D123/><U100/><E57/><V47/><F47/><W77/><G105/><T89/><D14/><U78/><E100/><V60/><F60/><W48/><G63/><T72/><D94/><U37/><E93/><V103/><F103/><W51/><G95/><T128/><D92/><RYUUKYOKU ba="0,1" sc="231,-10,184,-10,266,30,309,-10" hai2="4,8,12,27,31,32,50,55,59,74,75,80,83" />
</Scene>
<Scene>
<INIT seed="6,1,1,5,5,8" ten="221,174,296,299" oya="2" hai0="18,121,65,102,105,9,117,132,69,23,87,101,135" hai1="104,38,112,124,29,43,53,99,10,44,50,113,125" hai2="24,88,47,98,12,119,7,57,64,51,28,103,133" hai3="126,56,107,59,4,60,19,45,115,21,91,129,31"/><V134/><F119/><W63/><G107/><T2/><D121/><U100/><E29/><V22/><F64/><N who="3" m="38919" /><G126/><N who="1" m="48746" /><E10/><N who="2" m="4191" /><F57/><AGARI ba="1,1" hai="38,43,44,50,53,57,99,100,104,112,113" m="48746" machi="57" ten="30,1000,0" yaku="18,1" doraHai="8" who="1" fromWho="2" sc="221,0,174,23,296,-13,299,0" />
</Scene>
<Scene>
<INIT seed="7,0,0,3,2,92" ten="221,197,283,299" oya="3" hai0="112,41,7,84,124,32,135,43,98,4,81,46,35" hai1="12,31,129,71,0,51,13,63,40,18,113,100,57" hai2="117,125,76,106,47,34,102,128,19,11,83,37,116" hai3="73,55,111,85,77,130,80,75,115,118,87,95,110"/><W42/><G42/><T52/><D135/><U127/><E0/><V89/><F34/><W25/><G118/><T20/><D35/><U103/><E113/><V59/><F125/><W69/><G69/><T3/><D32/><U16/><E127/><V132/><F132/><W27/><G115/><T50/><D124/><U91/><E31/><V54/><F128/><W79/><G130/><T33/><D33/><U126/><E129/><V58/><F58/><W109/><G55/><T24/><D3/><U101/><E126/><V120/><F120/><W30/><G25/><T93/><D112/><U53/><E71/><V38/><F89/><N who="3" m="53695" /><G79/><N who="0" m="46143" /><D43/><U78/><E78/><V82/><F82/><W107/><G107/><T62/><D62/><U5/><E91/><V67/><F67/><W44/><G44/><T68/><D41/><U108/><E108/><V26/><F47/><W104/><G104/><T131/><D68/><U49/><E5/><V96/><F38/><W2/><G2/><T119/><D119/><U22/><E40/><V9/><F37/><W72/><G27/><T39/><D39/><U29/><E29/><AGARI ba="0,0" hai="29,30,72,73,75,77,80,85,109,110,111" m="53695" machi="29" ten="40,2000,0" yaku="10,1" doraHai="92" who="3" fromWho="1" sc="221,0,197,-20,283,0,299,20" owari="221,-18.0,177,-32.0,283,8.0,319,42.0" />
</Scene>
</mjloggm>