<mjloggm ver="2.3"><GO type="169" lobby="0"/><UN n0="%E3%81%A8%E3%81%97%52" n1="%E3%81%99%E3%81%9A%E3%82%81%E3%82%AF%E3%83%AC%E3%82%A4%E3%82%B8%E3%83%BC" n2="%4B%69%72%63%68%65" n3="%E3%83%9F%E3%83%A9%E3%82%AF%E3%83%AB%E3%81%8A%E3%81%98%E3%81%95%E3%82%93" dan="16,19,16,16" rate="2002.72,2293.65,2093.16,2055.70" sx="M,M,M,M"/><TAIKYOKU oya="0"/>

<Scene>
<INIT seed="0,0,0,1,3,27" ten="250,250,250,250" oya="0" hai0="130,36,3,55,124,108,39,107,89,131,76,82,15" hai1="35,128,61,98,105,101,0,43,95,2,79,112,120" hai2="57,115,84,90,7,1,51,23,64,54,13,58,114" hai3="74,63,134,121,81,67,80,4,6,116,92,102,31"/><T78/><D3/><U123/><E128/><N who="0" m="49193" /><D124/><U52/><E112/><V62/><F1/><W85/><G116/><T77/><D108/><U38/><E79/><V133/><F133/><W126/><G134/><T100/><D55/><U21/><E35/><V72/><F72/><W119/><G119/><T83/><D15/><U104/><E0/><V118/><F118/><W106/><G126/><T19/><D19/><U41/><E2/><V33/><F33/><W22/><G106/><T16/><D16/><U87/><E105/><V20/><F115/><W44/><G74/><T24/><D24/><U18/><E41/><V26/><F114/><W113/><G113/><T46/><D89/><U28/><E18/><V88/><F26/><N who="3" m="16855" /><G121/><T91/><D91/><N who="2" m="34858" /><F84/><W29/><G29/><T71/><D71/><U86/><E86/><V9/><AGARI ba="0,0" hai="7,9,13,20,23,51,54,57,58,62,64" m="34858" machi="9" ten="30,2000,0" yaku="8,1,54,1" doraHai="27" who="2" fromWho="2" sc="250,-10,250,-5,250,20,250,-5" />
</Scene>
<Scene>
<INIT seed="1,0,0,1,3,9" ten="240,245,270,245" oya="1" hai0="110,70,106,25,39,35,49,14,104,27,51,109,114" hai1="116,19,130,1,113,107,52,117,89,56,111,97,63" hai2="132,83,61,72,82,33,16,21,0,6,64,7,98" hai3="119,126,11,79,50,17,48,101,123,76,5,10,38"/><U77/><E113/><V31/><F132/><W78/><G123/><T42/><D114/><U90/><E1/><V86/><F72/><W24/><G38/><T93/><D70/><U112/><E112/><V129/><F129/><W96/><G126/><T102/><D39/><U134/><E130/><V26/><F98/><W37/><G37/><T44/><D93/><U87/><E134/><V95/><F95/><N who="3" m="58527" /><G119/><T68/><D68/><U54/><E111/><N who="0" m="42505" /><D35/><U103/><E54/><V8/><F6/><W81/><G81/><T29/><D29/><U22/><E89/><V20/><F86/><W85/><G85/><T69/><D69/><U100/><E77/><N who="3" m="19714" /><W45/><DORA hai="94" /><G5/><T23/><D51/><N who="3" m="19497" /><G45/><T122/><D122/><U3/><E3/><V32/><F32/><W58/><G58/><T120/><D120/><U99/><E90/><V121/><F121/><W65/><G65/><T34/><D34/><U75/><E87/><V12/><REACH who="2" step="1"/><F21/><AGARI ba="0,0" hai="10,11,17,21,24" m="19497,19714,58527" machi="21" ten="40,2600,0" yaku="8,1,52,1" doraHai="9,94" who="3" fromWho="2" sc="240,0,245,0,270,-26,245,26" />
</Scene>
<Scene>
<INIT seed="2,0,0,3,4,10" ten="240,245,244,271" oya="2" hai0="122,121,134,117,30,39,61,14,5,99,67,18,130" hai1="34,26,125,111,110,7,107,41,46,43,91,57,108" hai2="112,53,70,123,75,62,63,47,1,74,22,25,9" hai3="92,120,37,15,127,50,101,118,114,2,52,90,126"/><V94/><F123/><W73/><G2/><T54/><D134/><U12/><E107/><V51/><F112/><W29/><G37/><T27/><D130/><U85/><E125/><N who="3" m="47626" /><G73/><T102/><D5/><U0/><E0/><V133/><F133/><W109/><G118/><T4/><D4/><U119/><E57/><V17/><F94/><W83/><G120/><T55/><D39/><U44/><E119/><V3/><F3/><W87/><G29/><T32/><D122/><U56/><E56/><V95/><F95/><W21/><G109/><T8/><D117/><U71/><E71/><V19/><F1/><W104/><G104/><N who="0" m="63583" /><D121/><U86/><E26/><V124/><F124/><W131/><G131/><T58/><D58/><U115/><E34/><V77/><F77/><W65/><G65/><T48/><D48/><N who="1" m="26639" /><E91/><V6/><F6/><W38/><G38/><T98/><D98/><U24/><E24/><V11/><F11/><W28/><G114/><T33/><D33/><U80/><E115/><V132/><F132/><W105/><G105/><T78/><D78/><U103/><E103/><V129/><F129/><W42/><G101/><T60/><D60/><U89/><E89/><V135/><F135/><W23/><G90/><T116/><D116/><U16/><E7/><V79/><F79/><W84/><G50/><T36/><D36/><N who="1" m="21863" /><E80/><V13/><REACH who="2" step="1"/><F62/><REACH who="2" ten="240,245,234,271" step="2"/><W96/><G92/><T128/><D128/><U88/><E88/><V93/><F93/><W40/><G83/><T66/><D61/><U72/><E72/><V64/><AGARI ba="0,1" hai="9,13,17,19,22,25,47,51,53,63,64,70,74,75" machi="64" ten="30,11700,0" yaku="1,1,0,1,52,1,53,1" doraHai="10" doraHaiUra="59" who="2" fromWho="2" sc="240,-39,245,-39,234,127,271,-39" />
</Scene>
<Scene>
<INIT seed="2,1,0,4,5,12" ten="201,206,361,232" oya="2" hai0="134,0,65,58,7,55,121,46,107,76,93,11,34" hai1="10,49,132,61,95,69,91,28,60,87,128,108,2" hai2="9,25,20,77,74,40,114,29,112,94,135,6,125" hai3="14,109,106,133,89,50,81,13,48,47,35,88,39"/><V100/><F135/><W31/><G106/><T113/><D121/><U8/><E108/><V70/><F70/><W64/><G64/><T119/><D113/><U41/><E128/><V16/><F125/><W21/><G39/><T36/><D107/><U62/><E2/><V122/><F122/><W75/><G35/><T98/><D134/><U67/><E69/><V103/><F103/><W72/><G133/><T32/><D65/><U42/><E67/><V18/><F40/><N who="1" m="15465" /><E28/><V96/><F114/><W3/><G3/><T5/><D36/><U101/><E49/><V23/><F112/><W24/><G109/><T57/><D76/><U54/><E54/><V17/><F74/><W116/><G116/><T26/><D119/><U97/><E132/><V83/><F83/><AGARI ba="1,0" hai="8,10,60,61,62,83,87,91,95,97,101" m="15465" machi="83" ten="30,1000,0" yaku="8,1" doraHai="12" who="1" fromWho="2" sc="201,0,206,13,361,-13,232,0" />
</Scene>
<Scene>
<INIT seed="3,0,0,4,1,75" ten="201,219,348,232" oya="3" hai0="16,55,45,85,130,80,51,72,10,7,40,103,39" hai1="77,112,125,94,86,135,73,92,67,17,109,97,37" hai2="14,88,98,108,28,123,57,22,5,96,34,81,64" hai3="110,9,62,113,31,2,106,53,63,131,111,124,133"/><W114/><G106/><T36/><D130/><U56/><E37/><V19/><F108/><N who="3" m="41515" /><G131/><T91/><D103/><U89/><E112/><N who="3" m="43114" /><G31/><T116/><D116/><U25/><E73/><V44/><F123/><W35/><G35/><T120/><D120/><U13/><E135/><V48/><F34/><W61/><G124/><T66/><D66/><U20/><E125/><V71/><F71/><W100/><G100/><T65/><D65/><U43/><E43/><N who="2" m="24607" /><F5/><N who="3" m="1207" /><G133/><T129/><D129/><U102/><E109/><V68/><F68/><W26/><G26/><T29/><D29/><U127/><E25/><V107/><F28/><W134/><G134/><T82/><D40/><U32/><E32/><V132/><F107/><W115/><N who="3" m="43122" /><W30/><DORA hai="105" /><G30/><T41/><D41/><U33/><E33/><V59/><F132/><W84/><G84/><T83/><D72/><U119/><E119/><V3/><F3/><W118/><G118/><T99/><D99/><N who="2" m="37930" /><F64/><W15/><G15/><T78/><D39/><U54/><E67/><V24/><F24/><W23/><G23/><T42/><D36/><U128/><E128/><V121/><F121/><W87/><G87/><AGARI ba="0,0" hai="14,19,22,57,59,81,87,88" m="37930,24607" machi="87" ten="30,2000,0" yaku="8,1,54,1" doraHai="75,105" who="2" fromWho="3" sc="201,0,219,0,348,20,232,-20" />
</Scene>
<Scene>
<INIT seed="4,0,0,1,4,50" ten="201,219,368,212" oya="0" hai0="51,121,114,85,11,95,9,52,104,20,131,117,132" hai1="67,92,69,55,89,77,36,111,7,100,83,129,57" hai2="112,39,19,115,125,42,25,128,44,61,98,46,99" hai3="70,134,35,116,0,37,109,82,66,65,47,14,124"/><T4/><D121/><U86/><E129/><V13/><F128/><W133/><G0/><T84/><D117/><U17/><E36/><V73/><F73/><W105/><G35/><T91/><D104/><U94/><E7/><V26/><F125/><W5/><G109/><T81/><D131/><U97/><E69/><V123/><F123/><W41/><G105/><T108/><D108/><U53/><E111/><V101/><F46/><W110/><G110/><T78/><D132/><N who="3" m="50793" /><G70/><T75/><D114/><N who="2" m="43562" /><F61/><W32/><G32/><T38/><D38/><U96/><E17/><V3/><F3/><W130/><G130/><T72/><D20/><U12/><E12/><V24/><F101/><W120/><G120/><T127/><D127/><U34/><E34/><V2/><F2/><W15/><G124/><T80/><D75/><U60/><AGARI ba="0,0" hai="53,55,57,60,67,77,83,86,89,92,94,96,97,100" machi="60" ten="30,7900,0" yaku="0,1,8,1,52,2" doraHai="50" who="1" fromWho="1" sc="201,-39,219,79,368,-20,212,-20" />
</Scene>
<Scene>
<INIT seed="5,0,0,3,1,36" ten="162,298,348,192" oya="1" hai0="45,85,64,7,135,2,57,14,26,18,33,6,90" hai1="86,70,107,99,56,96,32,133,67,129,132,23,81" hai2="114,19,111,87,121,66,83,28,89,27,58,124,104" hai3="119,98,43,106,49,94,126,48,100,51,46,16,42"/><U63/><E32/><V15/><F111/><W44/><G126/><T72/><D72/><U31/><E129/><V130/><F121/><W37/><G119/><T82/><D135/><N who="1" m="51787" /><E107/><V91/><F104/><W11/><REACH who="3" step="1"/><G106/><REACH who="3" ten="162,298,348,182" step="2"/><T75/><D75/><U69/><E31/><V76/><F124/><W80/><G80/><T54/><D2/><U101/><E23/><N who="2" m="15487" /><F130/><W53/><G53/><T79/><D33/><U13/><E13/><AGARI ba="0,1" hai="11,13,16,37,42,43,44,46,48,49,51,94,98,100" machi="13" ten="40,8000,1" yaku="1,1,52,2,54,1,53,0" doraHai="36" doraHaiUra="125" who="3" fromWho="1" sc="162,0,298,-80,348,0,182,90" />
</Scene>
<Scene>
<INIT seed="6,0,0,2,4,68" ten="162,218,348,272" oya="2" hai0="104,57,47,5,52,83,131,18,81,82,107,35,4" hai1="93,2,102,134,75,45,111,95,23,7,125,120,63" hai2="121,126,64,46,88,72,61,37,109,32,106,77,56" hai3="12,16,59,60,15,8,9,70,101,85,11,19,34"/><V48/><F121/><W128/><G70/><T67/><D131/><U110/><E120/><V98/><F32/><W27/><G101/><T91/><D35/><U103/><E75/><V76/><F109/><W43/><G128/><T33/><D33/><U1/><E45/><V6/><F126/><W20/><G43/><T10/><D67/><U40/><E23/><V118/><F118/><W119/><G119/><T42/><D91/><U13/><E13/><V22/><F6/><W112/><G112/><T55/><D18/><U69/><E69/><V74/><F74/><W30/><REACH who="3" step="1"/><G85/><REACH who="3" ten="162,218,348,262" step="2"/><T105/><D10/><U116/><E40/><V71/><F72/><W122/><G122/><T3/><D3/><U65/><E116/><V135/><F106/><W84/><G84/><T129/><D129/><U31/><E1/><V50/><F71/><W94/><G94/><T41/><D41/><U124/><E2/><V14/><F135/><W89/><G89/><T53/><REACH who="0" step="1"/><D57/><REACH who="0" ten="152,218,348,262" step="2"/><N who="1" m="37103" /><E134/><V73/><F56/><W87/><G87/><T133/><D133/><U36/><E111/><V28/><F73/><W39/><G39/><AGARI ba="0,2" hai="4,5,39,42,47,52,53,55,81,82,83,104,105,107" machi="39" ten="50,8000,1" yaku="1,1,29,2,52,1,54,1,53,0" doraHai="68" doraHaiUra="113" who="0" fromWho="3" sc="152,100,218,0,348,0,262,-80" />
</Scene>
<Scene>
<INIT seed="7,0,0,3,0,63" ten="252,218,348,182" oya="3" hai0="29,8,117,97,42,132,99,135,125,129,33,133,69" hai1="1,114,16,15,25,13,41,96,24,124,105,46,81" hai2="26,67,14,70,28,73,131,66,0,50,64,61,115" hai3="55,51,86,17,47,22,77,4,12,37,58,7,113"/><W95/><G113/><T80/><D69/><U119/><E1/><V111/><F0/><W30/><G30/><T123/><D42/><U72/><E114/><V110/><F115/><W102/><G102/><T65/><D65/><U35/><E13/><V49/><F73/><W5/><G77/><T54/><D99/><U3/><E124/><V38/><F38/><W32/><G32/><T44/><D97/><U120/><E3/><V76/><F76/><W83/><G83/><T101/><D80/><U87/><E120/><V2/><F2/><W85/><REACH who="3" step="1"/><G95/><REACH who="3" ten="252,218,348,172" step="2"/><T89/><D29/><U90/><E35/><N who="2" m="20887" /><F70/><W27/><G27/><T92/><D33/><U84/><E72/><V34/><F34/><W116/><G116/><T104/><D92/><U31/><E119/><V57/><F111/><W78/><G78/><T127/><D117/><U21/><E31/><V98/><F110/><W79/><G79/><T126/><D126/><U122/><E122/><V52/><F131/><W59/><G59/><T107/><D129/><U62/><E25/><V93/><F93/><W100/><G100/><T19/><D101/><N who="1" m="62631" /><E24/><V39/><F57/><W36/><G36/><T9/><D123/><U6/><E81/><V118/><F39/><W53/><G53/><T121/><D54/><U75/><E75/><V91/><F52/><W82/><G82/><T112/><D121/><U11/><E90/><V94/><F118/><W103/><G103/><T60/><D112/><U20/><E41/><AGARI ba="0,1" hai="4,5,7,12,17,22,37,41,47,51,55,58,85,86" machi="41" ten="40,2000,0" yaku="1,1,53,0" doraHai="63" doraHaiUra="88" who="3" fromWho="1" sc="252,0,218,-20,348,0,172,30" />
</Scene>
<Scene>
<INIT seed="7,1,0,0,2,64" ten="252,198,348,202" oya="3" hai0="7,12,73,105,102,89,106,83,88,94,70,11,128" hai1="130,75,71,79,18,115,121,37,17,61,50,10,56" hai2="135,81,63,35,34,74,24,80,98,46,45,36,97" hai3="8,113,32,114,15,116,23,55,84,126,76,38,4"/><W109/><G116/><T69/><D128/><U99/><E121/><V0/><F0/><W27/><G32/><T103/><D89/><U110/><E110/><V125/><F125/><W127/><G38/><T33/><D33/><U66/><E130/><V39/><F63/><W82/><G55/><T119/><D119/><U48/><E37/><V85/><F85/><W112/><REACH who="3" step="1"/><G109/><REACH who="3" ten="252,198,348,192" step="2"/><T44/><D106/><U78/><E115/><V108/><F108/><W13/><G13/><T111/><D105/><U6/><E99/><V92/><F135/><W123/><G123/><T54/><D111/><U22/><E75/><V5/><F74/><W77/><G77/><T133/><D133/><U96/><E96/><V16/><F24/><W21/><G21/><T26/><D26/><U104/><E104/><V40/><F40/><W41/><G41/><T19/><D54/><U100/><E79/><V67/><F97/><W31/><AGARI ba="1,1" hai="4,8,15,23,27,31,76,82,84,112,113,114,126,127" machi="31" ten="40,7800,0" yaku="1,1,0,1,15,1,53,0" doraHai="64" doraHaiUra="93" who="3" fromWho="3" sc="252,-27,198,-27,348,-27,192,91" />
</Scene>
<Scene>
<INIT seed="7,2,0,2,1,31" ten="225,171,321,283" oya="3" hai0="125,105,64,118,79,48,83,80,24,52,71,23,101" hai1="25,89,135,63,22,124,7,41,116,50,75,128,134" hai2="10,94,11,133,104,14,87,51,2,40,95,111,107" hai3="43,9,47,56,15,77,98,106,32,0,17,49,85"/><W13/><G0/><T66/><D118/><U131/><E75/><V20/><F111/><W12/><G32/><T65/><D71/><U6/><E116/><V19/><F133/><N who="1" m="50697" /><E63/><V34/><F34/><W132/><G132/><T86/><D125/><U123/><E89/><N who="2" m="53567" /><F107/><W5/><G17/><N who="0" m="12399" /><D105/><U84/><E84/><V60/><F104/><W8/><G8/><T73/><D73/><U119/><E119/><V21/><F2/><W33/><G33/><T130/><D101/><U109/><E109/><V93/><F60/><W122/><G122/><T120/><D120/><U82/><E82/><V28/><F10/><W3/><G56/><N who="0" m="32775" /><D83/><U91/><E91/><V18/><F28/><W103/><G3/><T30/><D30/><N who="1" m="17719" /><E123/><V42/><F42/><W39/><G39/><T72/><D72/><U61/><E61/><V96/><F96/><W76/><G76/><T68/><D68/><U57/><E41/><V100/><F100/><W78/><G78/><T54/><D54/><N who="1" m="31959" /><E6/><V44/><F11/><W62/><G62/><T127/><D127/><U69/><E7/><V35/><F35/><W27/><G27/><AGARI ba="2,0" hai="14,18,19,20,21,27,40,44,51,93,95" m="53567" machi="27" ten="30,1000,0" yaku="8,1" doraHai="31" who="2" fromWho="3" sc="225,0,171,0,321,16,283,-16" owari="225,-17.0,171,-33.0,337,43.0,267,7.0" />
</Scene>
</mjloggm>