<mjloggm ver="2.3"><GO type="169" lobby="0"/><UN n0="%E3%81%99%E3%81%9A%E3%82%81%E3%82%AF%E3%83%AC%E3%82%A4%E3%82%B8%E3%83%BC" n1="%7A%65%6C%64%65%6E" n2="%E3%81%BF%E3%81%A9%E3%82%8A%E8%8C%B6" n3="%E3%83%94%E3%82%AB%E5%90%BE%E9%83%8E" dan="19,18,16,16" rate="2284.60,2252.57,2111.59,2061.49" sx="M,M,M,M"/><TAIKYOKU oya="0"/>

<Scene>
<INIT seed="0,0,0,3,1,45" ten="250,250,250,250" oya="0" hai0="58,25,27,94,63,41,123,44,11,88,56,60,35" hai1="16,71,121,134,72,21,110,66,62,57,6,102,64" hai2="127,34,85,0,101,73,118,87,20,99,43,1,26" hai3="129,49,31,12,23,128,75,106,78,59,67,14,105"/><T28/><D123/><U79/><E121/><V132/><F73/><W89/><G67/><T24/><D11/><U95/><E110/><V17/><F127/><W111/><G111/><T74/><D74/><U68/><E6/><V30/><F132/><W13/><G78/><T19/><D19/><U116/><E116/><V50/><F118/><W32/><G32/><T107/><D107/><U100/><E134/><V48/><F1/><W39/><G39/><T98/><D58/><U52/><E66/><V108/><F0/><W104/><G89/><T37/><D63/><U42/><E42/><V36/><F36/><W103/><G103/><T83/><D83/><U115/><E115/><V7/><F7/><W8/><G75/><T92/><REACH who="0" step="1"/><D94/><REACH who="0" ten="240,250,250,250" step="2"/><U9/><E9/><V40/><F108/><W29/><G8/><T133/><D133/><U117/><E117/><V46/><F17/><W80/><G80/><T130/><D130/><N who="3" m="50281" /><G31/><T90/><D90/><U18/><E18/><V55/><F34/><W84/><G29/><T76/><D76/><U4/><E79/><V70/><F70/><W3/><G106/><T81/><D81/><U51/><E72/><V114/><F114/><W77/><G105/><T125/><D125/><U126/><E126/><V38/><F30/><W10/><G104/><T5/><D5/><U22/><E68/><V109/><F109/><W69/><G69/><T96/><D96/><N who="1" m="59423" /><E4/><V61/><F99/><W93/><G10/><T120/><D120/><U86/><E102/><V91/><F101/><W135/><G135/><T33/><D33/><U82/><E16/><RYUUKYOKU ba="0,1" sc="240,15,250,15,250,-15,250,-15" hai0="24,25,27,28,35,37,41,44,56,60,88,92,98" hai1="21,22,51,52,57,62,64,71,82,86" />
</Scene>
<Scene>
<INIT seed="0,1,1,0,4,43" ten="255,265,235,235" oya="0" hai0="6,131,114,28,92,129,89,122,31,4,11,66,21" hai1="58,49,132,20,65,126,79,105,2,26,56,35,130" hai2="84,32,45,76,81,57,54,93,73,12,37,97,70" hai3="135,8,80,44,124,118,15,52,19,33,94,125,16"/><T30/><D122/><U55/><E2/><V47/><F32/><W121/><G33/><T3/><D66/><U86/><E35/><V102/><F70/><W51/><G118/><T83/><D114/><U10/><E105/><V53/><F37/><W116/><G116/><T59/><D59/><U42/><E126/><N who="3" m="48746" /><G135/><T50/><D50/><U133/><E42/><V22/><F73/><W63/><G121/><T64/><D64/><U72/><E72/><V107/><F107/><W41/><G80/><T9/><D83/><N who="1" m="47487" /><E130/><N who="0" m="49673" /><D89/><U27/><E10/><N who="0" m="3593" /><D92/><U39/><E39/><V99/><F99/><W77/><G77/><T90/><D90/><U71/><E71/><V7/><F54/><W75/><G94/><T82/><D82/><U61/><E132/><V5/><F5/><N who="0" m="2154" /><D3/><U0/><E0/><V74/><F74/><W24/><G75/><T128/><N who="0" m="49681" /><T112/><DORA hai="111" /><D112/><U123/><E123/><V36/><F36/><W120/><G120/><T104/><D104/><U34/><E133/><V88/><F76/><W110/><G63/><T117/><D117/><U127/><E127/><V13/><F7/><W96/><G96/><T134/><D134/><U14/><E61/><V69/><F69/><W46/><G41/><T98/><D98/><U113/><E113/><V60/><F97/><W87/><G87/><T29/><N who="0" m="7168" /><DORA hai="95" /><T85/><D85/><U40/><E40/><V23/><F84/><W1/><G1/><T103/><D103/><U17/><E34/><V62/><F102/><W100/><G100/><T109/><D109/><U91/><E91/><V18/><F88/><RYUUKYOKU ba="1,1" sc="255,15,265,15,235,-15,235,-15" hai0="21" hai1="14,17,20,26,27,49,55,56,58,65" />
</Scene>
<Scene>
<INIT seed="0,2,1,2,0,7" ten="270,280,220,220" oya="0" hai0="37,114,131,90,89,36,47,93,86,10,44,113,34" hai1="61,111,132,112,30,52,13,69,2,129,9,70,94" hai2="76,78,65,74,43,46,108,50,22,51,130,19,83" hai3="29,104,105,18,68,4,125,59,71,99,101,92,123"/><T53/><D34/><U135/><E111/><V11/><F130/><W40/><G125/><T62/><D131/><U31/><E2/><V98/><F108/><W66/><G123/><T64/><D53/><U121/><E129/><V84/><F65/><W5/><G40/><T127/><D127/><U77/><E121/><V8/><F98/><W63/><G5/><T27/><D27/><U116/><E116/><V115/><F115/><W118/><G118/><T12/><D44/><U107/><E107/><V45/><F74/><W23/><G29/><N who="1" m="10762" /><E112/><V72/><F76/><W95/><G104/><T39/><D89/><U56/><E94/><V67/><F67/><W126/><G126/><T75/><D47/><U48/><E48/><V122/><F72/><W3/><G95/><T25/><D25/><U1/><E1/><V0/><F0/><W79/><G79/><T15/><D15/><U128/><E77/><V102/><F102/><W85/><G105/><T124/><D75/><U14/><E14/><N who="2" m="9591" /><F122/><W87/><G71/><T41/><D41/><AGARI ba="2,1" hai="8,11,41,43,45,46,50,51,78,83,84" m="9591" machi="41" ten="30,3900,0" yaku="8,1,52,2" doraHai="7" who="2" fromWho="0" sc="270,-45,280,0,220,55,220,0" />
</Scene>
<Scene>
<INIT seed="1,0,0,1,4,37" ten="225,280,275,220" oya="1" hai0="102,1,35,4,11,39,27,3,95,117,28,68,123" hai1="113,114,92,107,115,18,103,52,75,96,63,101,21" hai2="22,58,112,48,67,131,44,120,60,73,65,29,119" hai3="32,47,54,71,43,121,40,51,100,99,135,55,0"/><U56/><E75/><V13/><F73/><W12/><G0/><T7/><D68/><U122/><E122/><V124/><F119/><W108/><G71/><T8/><D39/><U25/><REACH who="1" step="1"/><E103/><REACH who="1" ten="225,270,275,220" step="2"/><V41/><F120/><W16/><G121/><T20/><D123/><U49/><E49/><V83/><F112/><W78/><G135/><T36/><D36/><U84/><E84/><V86/><F131/><W53/><G51/><T5/><D117/><U24/><E24/><N who="2" m="16535" /><F124/><W129/><G129/><T93/><D102/><U118/><E118/><V61/><F48/><W31/><G100/><T17/><D93/><AGARI ba="0,1" hai="18,21,25,52,56,63,92,93,96,101,107,113,114,115" machi="93" ten="40,3900,0" yaku="1,1,54,1,53,0" doraHai="37" doraHaiUra="79" who="1" fromWho="0" sc="225,-39,270,49,275,0,220,0" />
</Scene>
<Scene>
<INIT seed="1,1,0,1,1,0" ten="186,319,275,220" oya="1" hai0="46,98,8,60,102,121,47,33,16,68,109,80,55" hai1="65,49,19,116,99,87,18,31,20,76,119,101,26" hai2="84,11,90,23,124,77,67,63,115,97,107,1,2" hai3="104,129,72,32,135,83,28,7,71,64,130,92,134"/><U15/><E65/><V12/><F124/><W59/><G71/><T6/><D109/><U81/><E49/><V75/><F115/><W37/><G104/><T117/><D33/><U74/><E74/><V86/><F86/><W3/><G37/><T30/><D30/><U78/><E78/><V17/><F75/><W58/><G28/><T14/><D117/><U61/><E61/><V51/><F77/><N who="3" m="44455" /><G32/><T111/><D111/><U112/><E112/><V62/><F62/><N who="3" m="37975" /><G92/><N who="0" m="58695" /><D68/><U110/><E110/><V93/><F51/><W27/><G27/><T69/><D69/><U9/><REACH who="1" step="1"/><E19/><REACH who="1" ten="186,309,275,220" step="2"/><N who="2" m="8607" /><F63/><W25/><G59/><N who="0" m="34943" /><D121/><U21/><E21/><V118/><F23/><W56/><G56/><T122/><D122/><U41/><E41/><V100/><F17/><W53/><G53/><T70/><D70/><U24/><E24/><V96/><F67/><W131/><G25/><T10/><D47/><U5/><E5/><V82/><F118/><W120/><G120/><T123/><D46/><U113/><E113/><V85/><F2/><W108/><G108/><T22/><D123/><U106/><AGARI ba="1,1" hai="9,15,18,20,26,31,76,81,87,99,101,106,116,119" machi="106" ten="20,3900,0" yaku="1,1,0,1,7,1,53,0" doraHai="0" doraHaiUra="42" who="1" fromWho="1" sc="186,-14,309,52,275,-14,220,-14" />
</Scene>
<Scene>
<INIT seed="1,2,0,0,1,9" ten="172,361,261,206" oya="1" hai0="17,48,64,41,54,65,60,24,91,103,0,39,68" hai1="93,106,83,58,128,16,122,104,57,72,50,102,114" hai2="129,26,131,78,79,27,86,74,51,69,47,14,43" hai3="31,98,92,45,80,130,94,120,99,116,100,97,4"/><U110/><E114/><V70/><F74/><W77/><G31/><T105/><D0/><U7/><E122/><V85/><F51/><W67/><G120/><T63/><D91/><U40/><E7/><V3/><F47/><W59/><G130/><T87/><D87/><U20/><E128/><V112/><F43/><W95/><G116/><T124/><D24/><U46/><E110/><V76/><F3/><W38/><G4/><T53/><D17/><U133/><E133/><V101/><F79/><W61/><G45/><N who="0" m="23743" /><D103/><U108/><E108/><V82/><F101/><W42/><G42/><T44/><D105/><U19/><E19/><V1/><F1/><W10/><G38/><T37/><D124/><U56/><E72/><V35/><F35/><W75/><REACH who="3" step="1"/><G10/><REACH who="3" ten="172,361,261,196" step="2"/><T113/><D113/><U119/><E119/><V123/><F123/><W55/><G55/><N who="0" m="30087" /><D37/><U22/><E40/><V21/><F112/><W33/><G33/><T84/><D84/><U107/><E22/><V121/><F21/><W111/><G111/><T125/><D125/><U115/><E115/><V71/><F121/><W28/><G28/><T73/><D73/><U25/><E20/><V13/><F129/><W8/><G8/><T96/><D96/><AGARI ba="2,1" hai="59,61,67,75,77,80,92,94,95,96,97,98,99,100" machi="96" ten="40,2600,0" yaku="1,1,53,1" doraHai="9" doraHaiUra="62" who="3" fromWho="0" sc="172,-32,361,0,261,0,196,42" />
</Scene>
<Scene>
<INIT seed="2,0,0,2,1,131" ten="140,361,261,238" oya="2" hai0="51,25,115,50,68,94,127,112,118,74,24,23,0" hai1="135,54,42,52,38,59,101,80,120,1,76,53,73" hai2="114,72,75,2,88,28,128,43,83,98,63,40,36" hai3="92,44,107,11,47,108,8,12,37,31,130,85,102"/><V84/><F114/><W34/><G107/><T123/><D74/><U3/><E101/><V95/><F128/><W10/><G130/><T30/><D0/><U77/><E77/><V116/><F116/><W71/><G71/><T110/><D68/><U21/><E120/><V70/><F2/><W100/><G34/><T90/><D118/><U96/><E96/><V58/><F70/><W64/><G64/><T60/><D127/><U4/><E21/><V32/><F40/><W113/><G31/><T57/><D110/><U91/><E91/><V134/><F134/><W111/><G12/><T35/><D123/><U62/><E135/><V105/><F105/><W33/><G33/><T55/><D115/><U14/><E14/><V61/><F61/><W45/><G37/><T18/><REACH who="0" step="1"/><D112/><REACH who="0" ten="130,361,261,238" step="2"/><U78/><E1/><V5/><F72/><W133/><G113/><T17/><D17/><U104/><E73/><V15/><F75/><W7/><G7/><T89/><D89/><U86/><E4/><V66/><F5/><W87/><G133/><T13/><D13/><U121/><E3/><V125/><F15/><W41/><G41/><T124/><D124/><U22/><E42/><V29/><F43/><W126/><G126/><T82/><D82/><U117/><E80/><V9/><F83/><W48/><G92/><T67/><D67/><U19/><E117/><V132/><F66/><W79/><G108/><T99/><AGARI ba="0,1" hai="18,23,24,25,30,35,50,51,55,57,60,90,94,99" machi="99" ten="20,8000,1" yaku="1,1,0,1,7,1,25,2,53,0" doraHai="131" doraHaiUra="106" who="0" fromWho="0" sc="130,90,361,-20,261,-40,238,-20" />
</Scene>
<Scene>
<INIT seed="3,0,0,0,1,101" ten="220,341,221,218" oya="3" hai0="11,6,50,82,28,125,105,108,65,113,96,4,2" hai1="17,135,16,33,32,98,117,55,89,30,130,74,120" hai2="3,73,127,49,84,92,121,48,115,134,13,122,45" hai3="36,52,118,86,64,58,133,27,53,126,9,94,107"/><W67/><G36/><T23/><D108/><U42/><E74/><V69/><F73/><W93/><G118/><T71/><D125/><U1/><E1/><V29/><F3/><W90/><G107/><T46/><D6/><U15/><E42/><V63/><F115/><W131/><G126/><T18/><D82/><U75/><E75/><V8/><F127/><W128/><G133/><T43/><D28/><U104/><E120/><V97/><F29/><W114/><G114/><T60/><D113/><U99/><E16/><V72/><F134/><W112/><G112/><T12/><D96/><U10/><E130/><N who="3" m="49706" /><G9/><T85/><D85/><U31/><E135/><V41/><F84/><W51/><G93/><T38/><REACH who="0" step="1"/><D105/><REACH who="0" ten="210,341,221,218" step="2"/><U14/><E104/><V57/><F121/><W20/><G53/><T7/><D7/><U123/><E55/><V124/><F124/><W81/><G81/><T110/><D110/><U21/><E123/><V59/><F122/><W116/><G116/><T80/><D80/><U109/><E117/><V37/><F92/><W106/><G106/><T87/><D87/><U47/><E99/><V39/><F97/><W76/><G76/><T62/><D62/><U68/><E98/><V26/><F63/><W70/><G70/><T100/><D100/><U119/><E68/><V61/><F69/><W102/><G102/><T24/><D24/><U91/><E109/><V95/><F61/><W66/><G27/><T79/><D79/><U88/><E119/><V44/><F26/><W129/><G129/><T19/><D19/><U25/><E17/><V78/><F78/><RYUUKYOKU ba="0,1" sc="210,15,341,-15,221,-15,218,15" hai0="2,4,11,12,18,23,38,43,46,50,60,65,71" hai3="20,51,52,58,64,66,67,86,90,94" />
</Scene>
<Scene>
<INIT seed="3,1,1,2,1,53" ten="225,326,206,233" oya="3" hai0="108,133,114,135,42,61,14,12,127,111,107,65,89" hai1="75,132,49,57,128,11,31,62,123,68,5,91,79" hai2="81,8,82,27,64,46,56,121,20,52,60,28,93" hai3="16,30,106,3,2,26,45,76,99,92,77,6,102"/><W78/><G6/><T130/><D107/><U131/><E123/><V88/><F121/><W67/><G67/><T86/><D42/><U43/><E132/><N who="0" m="50761" /><D114/><U119/><E68/><V24/><F24/><W4/><G4/><T112/><D112/><U66/><E31/><V1/><F1/><W47/><G3/><T0/><D130/><N who="1" m="49707" /><E119/><V129/><F8/><W70/><G70/><N who="0" m="42287" /><D0/><N who="1" m="423" /><E91/><V105/><F105/><W69/><G69/><T40/><D40/><U23/><E23/><V7/><F7/><W34/><G2/><T9/><D127/><U21/><E21/><V134/><F134/><W80/><G106/><T44/><D44/><N who="1" m="25759" /><E79/><V13/><F13/><N who="0" m="5226" /><D9/><U115/><E115/><V94/><F129/><W74/><G47/><T38/><D38/><U59/><E75/><V73/><F73/><W120/><G45/><T55/><D55/><U113/><E113/><V95/><F88/><W39/><G39/><T116/><D116/><U19/><E19/><V84/><F84/><W51/><G120/><T110/><D111/><U41/><E41/><V103/><F103/><W126/><G126/><T48/><D48/><AGARI ba="1,1" hai="20,27,28,46,48,52,56,60,64,81,82,93,94,95" machi="48" ten="40,5200,0" yaku="8,1,52,1,54,1" doraHai="53" who="2" fromWho="0" sc="225,-55,326,0,206,65,233,0" />
</Scene>
<Scene>
<INIT seed="4,0,0,2,3,112" ten="170,326,271,233" oya="0" hai0="27,121,118,62,48,110,104,133,5,14,20,106,46" hai1="0,82,75,19,28,60,12,71,122,132,61,81,68" hai2="43,33,72,59,114,37,21,90,57,67,125,6,38" hai3="63,1,109,64,83,55,111,25,54,87,84,70,22"/><T40/><D121/><U34/><E0/><V78/><F33/><W105/><G105/><T103/><D133/><U113/><E122/><V52/><F72/><W100/><G100/><T47/><D110/><U98/><E132/><V108/><F78/><W30/><G84/><T9/><D118/><U17/><E34/><V10/><F108/><W117/><G54/><T11/><D103/><U128/><E28/><V35/><F35/><W94/><G94/><T91/><D11/><U31/><E31/><V116/><F116/><W126/><G1/><T80/><D62/><U15/><E98/><V32/><F32/><W56/><G117/><T65/><D65/><U16/><E19/><V45/><F125/><W77/><REACH who="3" step="1"/><G126/><REACH who="3" ten="170,326,271,223" step="2"/><T29/><D91/><U130/><E75/><V97/><F90/><W135/><G135/><T115/><D115/><AGARI ba="0,1" hai="12,15,16,17,60,61,68,71,81,82,113,115,128,130" machi="115" ten="25,3200,0" yaku="22,2,54,1" doraHai="112" who="1" fromWho="0" sc="170,-32,326,42,271,0,223,0" />
</Scene>
<Scene>
<INIT seed="5,0,0,1,2,31" ten="138,368,271,223" oya="1" hai0="93,58,63,112,11,67,101,0,66,14,50,12,125" hai1="19,91,92,44,130,82,72,109,133,60,48,64,116" hai2="129,83,123,68,22,49,115,84,90,24,127,59,71" hai3="77,75,114,46,20,62,38,33,18,6,4,81,103"/><U61/><E116/><V76/><F123/><W87/><G114/><T54/><D112/><U45/><E133/><V110/><F115/><W117/><G117/><T118/><D118/><U41/><E130/><V94/><F110/><W56/><G33/><T96/><D125/><U107/><E107/><V99/><F127/><W128/><G103/><T69/><D0/><U39/><E109/><V7/><F129/><W108/><G108/><T80/><D69/><U10/><E72/><V104/><F7/><W111/><G128/><T29/><D80/><U28/><E82/><V5/><F5/><W78/><G75/><T25/><D11/><U106/><E106/><V74/><F59/><W43/><G78/><T40/><D40/><U65/><E28/><N who="2" m="17431" /><F49/><N who="3" m="26847" /><G111/><T98/><D98/><U79/><E79/><V97/><F97/><W36/><G36/><T2/><D67/><U34/><E34/><V89/><F89/><W73/><G38/><T47/><REACH who="0" step="1"/><D2/><REACH who="0" ten="128,368,271,223" step="2"/><U57/><E64/><V35/><F99/><W51/><G73/><T134/><D134/><U17/><E65/><V105/><F71/><W30/><G81/><T122/><D122/><U1/><E1/><V120/><F68/><W119/><G119/><T95/><D95/><U13/><E92/><V126/><F120/><W3/><G3/><T42/><D42/><U26/><E41/><V37/><F126/><W124/><G124/><T113/><D113/><U52/><E10/><V135/><F135/><W9/><G9/><T53/><D53/><U132/><E52/><V16/><F83/><W55/><G55/><T85/><D85/><RYUUKYOKU ba="0,1" sc="128,30,368,-10,271,-10,223,-10" hai0="12,14,25,29,47,50,54,58,63,66,93,96,101" />
</Scene>
<Scene>
<INIT seed="6,1,1,1,2,122" ten="158,358,261,213" oya="2" hai0="64,32,117,19,97,132,55,26,20,85,87,88,39" hai1="52,13,105,65,10,133,106,77,42,135,111,70,5" hai2="99,0,83,74,24,91,115,17,69,53,60,30,11" hai3="7,43,119,66,82,134,72,35,38,86,15,18,109"/><V114/><F74/><W37/><G35/><T12/><D39/><U49/><E49/><V129/><F129/><W116/><G72/><T104/><D132/><U16/><E111/><V130/><F130/><W6/><G109/><T128/><D128/><U89/><E42/><V75/><F75/><W126/><G134/><N who="1" m="51210" /><E77/><V14/><F0/><W68/><G38/><T41/><D41/><U62/><E52/><V103/><F83/><W113/><G43/><T96/><D117/><U29/><E29/><V40/><F40/><W4/><G37/><T73/><D73/><U21/><E89/><V54/><F91/><W131/><G131/><T63/><D55/><U46/><E46/><V45/><F45/><W84/><G66/><T28/><D104/><U98/><E98/><V95/><F54/><W107/><G86/><T125/><D125/><U110/><E110/><V120/><F120/><W3/><G107/><T23/><D32/><U71/><E71/><V51/><F51/><W76/><G68/><T127/><D87/><U2/><AGARI ba="1,1" hai="2,5,10,13,16,21,62,65,70,105,106" m="51210" machi="2" ten="30,2000,0" yaku="20,1,54,1" doraHai="122" who="1" fromWho="1" sc="158,-6,358,33,261,-11,213,-6" />
</Scene>
<Scene>
<INIT seed="7,0,0,3,5,123" ten="152,391,250,207" oya="3" hai0="71,28,11,111,83,124,23,62,15,128,65,9,43" hai1="120,100,45,57,59,33,40,2,13,31,84,99,73" hai2="127,4,105,7,80,1,70,56,125,104,135,116,101" hai3="67,106,53,90,41,88,78,54,3,42,131,24,27"/><W60/><G3/><T16/><D128/><U8/><E73/><V55/><F70/><W112/><G106/><T134/><D134/><U122/><E2/><V81/><F135/><W66/><G78/><T109/><D124/><U118/><E118/><V39/><F39/><W29/><G60/><T18/><D43/><U108/><E108/><V103/><F56/><W50/><G50/><T6/><D28/><U10/><E10/><V44/><F55/><W64/><G66/><T102/><D102/><U69/><E69/><V48/><F48/><W93/><G93/><T34/><D34/><U114/><E114/><V49/><F49/><W51/><G51/><T94/><D94/><U75/><E75/><V5/><F5/><W12/><G12/><T77/><D18/><U97/><E97/><V85/><F85/><W46/><G29/><T133/><D11/><U17/><E84/><V107/><F107/><W61/><G61/><T115/><D115/><U113/><E113/><V130/><F130/><W119/><G112/><T95/><D95/><U96/><E96/><V76/><F76/><W121/><G131/><T35/><D35/><U68/><E68/><V98/><F1/><W79/><G79/><T91/><D91/><U72/><E72/><V110/><F116/><W37/><G119/><T86/><D133/><U36/><E31/><V22/><F105/><W21/><G121/><T126/><D126/><U117/><E117/><V132/><F125/><W0/><G0/><AGARI ba="0,0" hai="0,6,9,15,16,23,62,65,71,77,83,86,109,111" machi="0" ten="30,7700,0" yaku="7,1,52,2,54,1" doraHai="123" who="0" fromWho="3" sc="152,77,391,0,250,0,207,-77" owari="229,-17.0,391,49.0,250,5.0,130,-37.0" />
</Scene>
</mjloggm>