<mjloggm ver="2.3"><GO type="169" lobby="0"/><UN n0="%E3%83%9D%E3%82%B3%E3%83%94%E3%83%B3" n1="%30%30%73%61%69" n2="%E3%81%99%E3%81%9A%E3%82%81%E3%82%AF%E3%83%AC%E3%82%A4%E3%82%B8%E3%83%BC" n3="%E6%B1%9F%E6%88%B8%E5%89%8D%E3%82%B3%E3%83%8A%E3%83%B3" dan="16,18,19,16" rate="2142.14,2211.36,2275.78,2040.20" sx="M,M,M,M"/><TAIKYOKU oya="0"/>

<Scene>
<INIT seed="0,0,0,2,0,81" ten="250,250,250,250" oya="0" hai0="58,84,68,30,36,31,123,72,14,119,91,122,94" hai1="21,29,132,41,127,118,19,70,56,100,9,80,69" hai2="78,13,112,62,103,38,47,35,42,128,129,1,99" hai3="97,111,46,82,104,120,83,26,45,64,73,25,105"/><T17/><D68/><U96/><E118/><V90/><F112/><W133/><G111/><T125/><D125/><U75/><E132/><V37/><F1/><W110/><G110/><T16/><D119/><U116/><E116/><V61/><F78/><W77/><G133/><T15/><D36/><U101/><E127/><V63/><F35/><W88/><G64/><T95/><D72/><U66/><E9/><V126/><F126/><W115/><G115/><T135/><D135/><U10/><E10/><V59/><F13/><W2/><G2/><T53/><D95/><U131/><E41/><V51/><F90/><W33/><G120/><T106/><D106/><U71/><E29/><V87/><F87/><W74/><G105/><T7/><D7/><U24/><E131/><N who="2" m="50251" /><F59/><W12/><G12/><N who="0" m="4651" /><D123/><U44/><E96/><V98/><F98/><W8/><G8/><T49/><D122/><U92/><E92/><AGARI ba="0,0" hai="37,38,42,47,51,61,62,63,92,99,103" m="50251" machi="92" ten="30,1000,0" yaku="19,1" doraHai="81" who="2" fromWho="1" sc="250,0,250,-10,250,10,250,0" />
</Scene>
<Scene>
<INIT seed="1,0,0,1,0,66" ten="250,240,260,250" oya="1" hai0="25,90,101,87,8,69,70,133,4,27,134,111,24" hai1="50,61,88,92,49,26,63,85,53,129,22,3,105" hai2="6,84,125,99,109,81,135,126,76,65,28,55,44" hai3="18,46,96,83,58,110,89,62,43,67,103,47,60"/><U52/><E105/><V19/><F28/><W10/><G110/><T120/><D101/><U121/><E129/><V42/><F109/><W30/><G30/><T94/><D120/><U15/><E3/><V34/><F34/><W45/><G43/><T75/><D75/><U7/><E121/><V124/><F99/><W122/><G122/><T127/><D127/><U36/><E36/><V82/><F135/><N who="0" m="51722" /><D111/><U79/><E79/><V14/><F55/><N who="1" m="21065" /><E15/><AGARI ba="0,0" hai="4,8,15,24,25,27,69,70,87,90,94" m="51722" machi="15" ten="30,3900,0" yaku="20,1,52,2" doraHai="66" who="0" fromWho="1" sc="250,39,240,-39,260,0,250,0" />
</Scene>
<Scene>
<INIT seed="2,0,0,0,1,72" ten="289,201,260,250" oya="2" hai0="38,25,107,47,117,83,96,28,19,105,11,30,24" hai1="52,26,113,98,69,18,121,68,9,17,135,112,53" hai2="134,101,22,61,3,20,81,6,84,33,97,103,75" hai3="29,87,58,31,131,42,49,120,76,91,92,1,7"/><V65/><F33/><W94/><G120/><T62/><D117/><U90/><E135/><V4/><F75/><W77/><G131/><T86/><D62/><U36/><E36/><V27/><F22/><W126/><G126/><T89/><D96/><U119/><E98/><V125/><F3/><W73/><G73/><T132/><D132/><U23/><E119/><V32/><F103/><W127/><G127/><T55/><D11/><U35/><E35/><V108/><F32/><W67/><G1/><T66/><D66/><U79/><E79/><N who="3" m="30282" /><G7/><T46/><D19/><U16/><E121/><V8/><F8/><W78/><N who="3" m="30290" /><W60/><DORA hai="106" /><G94/><T5/><D5/><U85/><E69/><V34/><F108/><W0/><G0/><T57/><D38/><U74/><E68/><V43/><F34/><W56/><G56/><T95/><D95/><N who="1" m="54735" /><E74/><V2/><F2/><W51/><G42/><T44/><D107/><U93/><E112/><V45/><F134/><W21/><G21/><T122/><D105/><U64/><E113/><V70/><F43/><W13/><G13/><T39/><D39/><U104/><E104/><V48/><F125/><W100/><G100/><T88/><D122/><U37/><E37/><V123/><F101/><W50/><AGARI ba="0,0" hai="29,31,49,50,51,58,60,67,87,91,92" m="30290" machi="50" ten="40,8000,1" yaku="8,1,52,4" doraHai="72,106" who="3" fromWho="3" sc="289,-20,201,-20,260,-40,250,80" />
</Scene>
<Scene>
<INIT seed="3,0,0,3,1,50" ten="269,181,220,330" oya="3" hai0="98,61,21,96,70,27,48,130,108,60,109,65,95" hai1="131,39,24,122,41,78,114,90,9,68,91,51,63" hai2="132,105,123,120,4,77,34,71,79,104,92,117,83" hai3="7,13,52,126,67,25,80,33,55,44,125,84,110"/><W16/><G110/><T8/><D130/><U76/><E114/><V45/><F71/><W56/><G7/><T54/><D8/><U69/><E122/><N who="2" m="46635" /><F34/><W19/><G67/><T49/><D49/><U35/><E131/><V26/><F26/><W17/><G13/><T22/><D61/><U42/><E39/><V115/><F45/><W23/><G33/><T127/><D127/><N who="3" m="48649" /><G44/><T53/><D98/><U47/><E24/><V135/><F4/><W75/><G75/><T32/><D32/><U2/><E35/><V62/><F62/><N who="3" m="36103" /><G55/><N who="0" m="21003" /><D27/><U124/><E124/><V36/><F115/><W82/><G82/><T66/><D65/><U46/><E68/><V85/><F36/><W37/><G37/><T15/><D15/><U58/><E69/><V116/><F116/><W31/><G31/><T87/><D48/><U14/><E51/><V18/><F117/><W103/><G103/><N who="0" m="60831" /><D87/><U81/><E47/><V107/><F85/><W88/><AGARI ba="0,0" hai="16,17,19,23,25,80,84,88" m="36103,48649" machi="88" ten="30,12000,1" yaku="18,1,52,1,54,3" doraHai="50" who="3" fromWho="3" sc="269,-40,181,-40,220,-40,330,120" />
</Scene>
<Scene>
<INIT seed="3,1,0,5,0,129" ten="229,141,180,450" oya="3" hai0="73,79,93,54,90,95,81,102,115,33,134,111,107" hai1="18,65,63,41,124,100,40,29,58,14,94,92,98" hai2="77,46,3,55,1,53,112,7,105,56,117,69,119" hai3="88,118,96,75,120,13,132,22,121,17,80,123,72"/><W50/><G118/><T49/><D33/><U116/><E124/><V2/><F69/><W9/><G132/><T8/><D111/><U26/><E116/><V47/><F105/><W84/><G50/><T125/><D115/><U130/><E130/><V71/><F71/><W76/><G96/><T10/><D125/><U101/><E94/><V20/><F7/><W91/><REACH who="3" step="1"/><G9/><REACH who="3" ten="229,141,180,440" step="2"/><T24/><D134/><U25/><E101/><V109/><F117/><W0/><G0/><T60/><D49/><U64/><E25/><V35/><F2/><W36/><G36/><T122/><D24/><U16/><E18/><V30/><F1/><W126/><G126/><T99/><D8/><N who="1" m="6215" /><E65/><V83/><F119/><W28/><G28/><T108/><D10/><U52/><E64/><V23/><F30/><W97/><G97/><T133/><D133/><U89/><E100/><V106/><F3/><W131/><G131/><T39/><D39/><U110/><E110/><V27/><F27/><W128/><G128/><T48/><D108/><U85/><E98/><V68/><F109/><W57/><G57/><T42/><D102/><U12/><E12/><V21/><F56/><W34/><G34/><T104/><D104/><U62/><E62/><V127/><F35/><W5/><G5/><T78/><D60/><U113/><E113/><V15/><F112/><W66/><G66/><T45/><D107/><U31/><E31/><V6/><F106/><W86/><G86/><T114/><D114/><U135/><E135/><V4/><F127/><W19/><G19/><T82/><D99/><U32/><AGARI ba="1,1" hai="26,29,32,40,41,52,58,63,85,89,92" m="6215" machi="32" ten="30,4000,0" yaku="5,1,54,2" doraHai="129" who="1" fromWho="1" sc="229,-11,141,53,180,-11,440,-21" />
</Scene>
<Scene>
<INIT seed="4,0,0,4,1,28" ten="218,194,169,419" oya="0" hai0="131,23,84,83,103,76,9,37,11,133,112,27,60" hai1="40,73,128,127,89,53,49,111,109,67,47,55,43" hai2="39,26,59,25,71,63,110,69,5,124,95,61,42" hai3="97,123,72,50,38,122,70,58,99,106,44,33,90"/><T117/><D117/><U32/><E73/><V77/><F110/><N who="1" m="41993" /><E32/><V96/><F5/><W87/><G72/><T2/><D37/><U57/><E89/><V108/><F124/><W74/><G74/><T20/><D2/><U35/><E35/><V82/><F42/><N who="1" m="15913" /><E67/><V31/><F39/><W7/><G33/><T22/><D133/><U45/><E128/><V46/><F46/><N who="1" m="17417" /><E55/><V102/><F26/><W15/><G90/><T107/><D131/><U52/><E53/><V115/><F108/><W65/><G65/><T79/><D27/><U75/><E75/><V100/><F100/><W126/><G122/><T34/><D34/><U94/><E94/><V56/><F25/><W17/><G123/><T24/><D24/><U98/><E98/><V135/><F31/><W3/><G97/><T113/><D76/><U86/><E86/><V101/><F96/><W116/><G99/><T8/><D103/><U19/><E19/><V29/><F29/><W66/><G87/><T93/><D93/><U12/><E12/><V114/><F95/><W48/><G15/><T81/><D81/><U18/><E18/><V92/><F92/><W10/><G17/><T6/><D6/><U104/><E104/><V134/><REACH who="2" step="1"/><F77/><REACH who="2" ten="218,194,159,419" step="2"/><W62/><G7/><T130/><D130/><U14/><E14/><V4/><F4/><W68/><G106/><T80/><D107/><U13/><E13/><V78/><F78/><W0/><G0/><T36/><D36/><U64/><E127/><V51/><F51/><W16/><G126/><T21/><N who="0" m="5632" /><DORA hai="125" /><T1/><D79/><U132/><E132/><RYUUKYOKU ba="0,1" sc="218,-15,194,15,159,15,419,-15" hai1="49,52,57,64" hai2="56,59,61,63,69,71,82,101,102,114,115,134,135" />
</Scene>
<Scene>
<INIT seed="5,1,1,3,1,53" ten="203,209,174,404" oya="1" hai0="91,100,58,59,8,15,1,89,31,37,18,27,71" hai1="46,94,63,107,92,42,49,121,114,97,39,26,25" hai2="104,44,51,41,113,13,32,98,69,19,20,81,135" hai3="12,127,22,110,64,43,116,52,133,50,9,76,7"/><U80/><E121/><V85/><F69/><W62/><G110/><T125/><D37/><U99/><E114/><V83/><F113/><W120/><G120/><T10/><D71/><U4/><E107/><V122/><F32/><W103/><G127/><T126/><D100/><N who="1" m="60455" /><E39/><V105/><F135/><W131/><G133/><T30/><D1/><U73/><E73/><V111/><F111/><W24/><G43/><T106/><D106/><U79/><E4/><V115/><F115/><W87/><G131/><T48/><D48/><U102/><E80/><V134/><F134/><W78/><G116/><T130/><D130/><U68/><E68/><V112/><F112/><W35/><G35/><T108/><D108/><U132/><E132/><V117/><F117/><W124/><G124/><N who="0" m="47723" /><D8/><U47/><E79/><V54/><F122/><W0/><G0/><T38/><D38/><U66/><E47/><V118/><F118/><W6/><G6/><T129/><D129/><U34/><E34/><V2/><F2/><W5/><G5/><T60/><D60/><U70/><E70/><V88/><F105/><W84/><G76/><T67/><D67/><U55/><E66/><V65/><F104/><W40/><G62/><T123/><D123/><U82/><E82/><V109/><F109/><W74/><G64/><T72/><D72/><U96/><E96/><V57/><F65/><W86/><G74/><T75/><D75/><U17/><E17/><V119/><F98/><W3/><G78/><T77/><D77/><U128/><E128/><V93/><F119/><W16/><G3/><T23/><D31/><RYUUKYOKU ba="1,1" sc="203,10,209,10,174,10,404,-30" hai0="10,15,18,23,27,30,58,59,89,91" hai1="25,26,42,46,49,55,63,94,99,102" hai2="13,19,20,41,44,51,54,57,81,83,85,88,93" />
</Scene>
<Scene>
<INIT seed="5,2,1,1,1,119" ten="213,219,184,374" oya="1" hai0="71,8,68,7,20,60,111,114,115,69,94,24,55" hai1="4,107,6,65,11,35,45,132,130,34,3,59,98" hai2="42,101,22,92,13,128,102,64,76,72,120,46,31" hai3="61,41,85,96,37,56,83,104,2,116,54,79,5"/><U103/><E130/><V67/><F120/><W133/><G116/><T135/><D111/><U124/><E132/><V50/><F128/><W93/><G104/><T78/><D135/><U87/><E124/><V73/><F73/><W57/><G133/><T62/><D78/><U10/><E45/><V123/><F123/><W63/><G2/><T51/><D94/><U47/><E87/><V86/><F72/><W121/><G121/><T106/><D106/><U84/><E84/><V91/><F76/><W48/><G5/><T75/><D75/><U33/><E47/><V12/><F12/><W74/><G74/><T1/><D51/><U21/><E21/><V134/><F134/><W17/><G37/><T23/><D23/><U44/><E44/><V129/><F129/><W113/><G113/><N who="0" m="43019" /><D55/><U95/><E107/><V112/><F112/><W30/><G30/><AGARI ba="2,1" hai="1,7,8,20,24,30,60,62,68,69,71" m="43019" machi="30" ten="40,1300,0" yaku="15,1" doraHai="119" who="0" fromWho="3" sc="213,29,219,0,184,0,374,-19" />
</Scene>
<Scene>
<INIT seed="6,0,0,2,4,44" ten="242,219,184,355" oya="2" hai0="16,40,106,81,65,14,102,36,2,116,112,111,101" hai1="43,33,52,18,75,60,49,64,78,86,24,9,77" hai2="127,85,103,0,29,80,120,95,4,91,83,61,117" hai3="68,25,69,62,82,108,130,66,71,12,6,107,35"/><V114/><F120/><W20/><G108/><T41/><D2/><U100/><E75/><V15/><F117/><W10/><G35/><T28/><D111/><U90/><E100/><V11/><F114/><W30/><G130/><T21/><D112/><U123/><E43/><V31/><F127/><W46/><G107/><T131/><D131/><U87/><E123/><V23/><F0/><W37/><G82/><N who="2" m="31273" /><F103/><W115/><G115/><T8/><D36/><U38/><E38/><V7/><F7/><W110/><G110/><T125/><D125/><U93/><E86/><V84/><F85/><W3/><G3/><T34/><D34/><U109/><E109/><V79/><F79/><W98/><G98/><T97/><D102/><U48/><E33/><V42/><F42/><W67/><G67/><T129/><D116/><U57/><E49/><V47/><F47/><W89/><G89/><T92/><D106/><U51/><E51/><V104/><F104/><W128/><G128/><T27/><D129/><U5/><E5/><V96/><F84/><W134/><G37/><T54/><D81/><U63/><E63/><V88/><F91/><W39/><G39/><T17/><D40/><U22/><E9/><V122/><F122/><W76/><G46/><AGARI ba="0,0" hai="18,22,24,46,48,52,57,60,64,77,78,87,90,93" machi="46" ten="30,7700,0" yaku="7,1,8,1,52,1,54,1" doraHai="44" who="1" fromWho="3" sc="242,0,219,77,184,0,355,-77" />
</Scene>
<Scene>
<INIT seed="7,0,0,1,5,87" ten="242,296,184,278" oya="3" hai0="52,89,126,14,94,48,23,75,32,15,74,47,56" hai1="105,109,95,80,5,30,45,9,25,29,8,91,0" hai2="24,43,100,36,37,81,44,76,10,68,108,96,112" hai3="127,27,106,78,26,4,122,92,88,57,18,84,60"/><W62/><G122/><T90/><D126/><U16/><E105/><V111/><F112/><W104/><G127/><T115/><D32/><U58/><E80/><V34/><F37/><W31/><G4/><T59/><D115/><U129/><E109/><V102/><F102/><W121/><G121/><T50/><D75/><U85/><E129/><V133/><F133/><W130/><G130/><T70/><D70/><U117/><E117/><V101/><F101/><W114/><G114/><T123/><D74/><U38/><E58/><V11/><F68/><W103/><G60/><T66/><D123/><U40/><E9/><V69/><F69/><W17/><G78/><T132/><D132/><U35/><E30/><N who="2" m="19783" /><F10/><W119/><G119/><T63/><D94/><U64/><E64/><V99/><F99/><W54/><G103/><T116/><D116/><U82/><E95/><V67/><F11/><W19/><REACH who="3" step="1"/><G27/><REACH who="3" ten="242,296,184,268" step="2"/><T72/><D63/><U39/><E25/><V98/><F67/><W6/><G6/><T61/><D72/><U93/><E5/><V41/><F100/><W22/><AGARI ba="0,1" hai="17,18,19,22,26,31,54,57,62,84,88,92,104,106" machi="22" ten="30,11700,0" yaku="1,1,0,1,52,1,54,1,53,0" doraHai="87" doraHaiUra="28" who="3" fromWho="3" sc="242,-39,296,-39,184,-39,268,127" owari="203,-20.0,257,6.0,145,-35.0,395,49.0" />
</Scene>
</mjloggm>