<mjloggm ver="2.3"><GO type="169" lobby="0"/><UN n0="%E3%81%99%E3%81%9A%E3%82%81%E3%82%AF%E3%83%AC%E3%82%A4%E3%82%B8%E3%83%BC" n1="%E7%B7%92%E6%96%B9%E6%99%BA%E7%B5%B5%E9%87%8C%2B" n2="%E7%99%BD%E9%BB%92%E7%A5%9E" n3="%4D%6F%67%65%72%61" dan="19,16,16,17" rate="2274.97,2114.27,2131.33,2171.50" sx="M,M,F,F"/><TAIKYOKU oya="0"/>

<Scene>
<INIT seed="0,0,0,1,3,82" ten="250,250,250,250" oya="0" hai0="8,45,40,98,120,114,101,132,88,51,109,70,31" hai1="1,76,85,54,77,87,29,44,117,53,71,12,126" hai2="30,39,74,93,124,23,16,123,91,64,6,65,43" hai3="130,84,122,116,57,13,105,11,37,99,125,42,110"/><T62/><D120/><U17/><E1/><V92/><F74/><W9/><G122/><T3/><D114/><U26/><E71/><V20/><F124/><W63/><G125/><T135/><D31/><U60/><E117/><V100/><F123/><W128/><G110/><T59/><D70/><U129/><E129/><V73/><F73/><W83/><G116/><T36/><D36/><U113/><E126/><V55/><F6/><W86/><G83/><T24/><D24/><U112/><E60/><V49/><F43/><W111/><G111/><T79/><D79/><N who="1" m="30283" /><E44/><N who="2" m="28071" /><F39/><W58/><G57/><T4/><D109/><U108/><E108/><V96/><F30/><W69/><G69/><T121/><D121/><U0/><E0/><V27/><F23/><W5/><G11/><T127/><D127/><U21/><E54/><V33/><F33/><W119/><G42/><T118/><D118/><U38/><E38/><V75/><F75/><W78/><G78/><T68/><D68/><U133/><E133/><V7/><F7/><W47/><G47/><T19/><D19/><U106/><E106/><V81/><F81/><W66/><G37/><T25/><D135/><U18/><E53/><V48/><F48/><W131/><G119/><T103/><D132/><U67/><E67/><V56/><F56/><W89/><G105/><T41/><D41/><U15/><E113/><V95/><F95/><AGARI ba="0,0" hai="5,9,13,58,63,66,84,86,89,95,99,128,130,131" machi="95" ten="40,5200,0" yaku="19,1,52,2" doraHai="82" who="3" fromWho="2" sc="250,0,250,0,250,-52,250,52" />
</Scene>
<Scene>
<INIT seed="1,0,0,5,0,5" ten="250,250,198,302" oya="1" hai0="55,119,69,81,105,35,39,66,27,109,61,63,51" hai1="48,89,112,54,102,9,110,116,80,118,103,106,71" hai2="84,131,111,75,83,38,20,22,60,33,96,1,135" hai3="59,52,23,74,30,134,28,92,94,24,8,19,34"/><U58/><E112/><V90/><F33/><W12/><G74/><T32/><D109/><U21/><E71/><V29/><F38/><W99/><G134/><T44/><D105/><U104/><E110/><V37/><F135/><W70/><G70/><T41/><D63/><U25/><E116/><V31/><F37/><W115/><G115/><T0/><D0/><U57/><E118/><V50/><F111/><W93/><G34/><T26/><D119/><U85/><E58/><V125/><F1/><W95/><G95/><T123/><D123/><U62/><E62/><V130/><F75/><W7/><REACH who="3" step="1"/><G99/><REACH who="3" ten="250,250,198,292" step="2"/><T15/><D35/><U82/><E106/><V126/><F96/><W86/><G86/><T64/><D32/><U113/><E104/><V47/><F130/><W46/><G46/><T129/><D129/><U53/><E113/><V79/><F131/><W42/><G42/><T16/><D81/><U11/><E82/><V10/><F126/><W43/><G43/><T132/><D132/><U18/><REACH who="1" step="1"/><E54/><REACH who="1" ten="250,240,198,292" step="2"/><V40/><F125/><W3/><G3/><T100/><D69/><U98/><E98/><V97/><F97/><W127/><G127/><T108/><D55/><U122/><E122/><V133/><F83/><W2/><G2/><T128/><D108/><U101/><AGARI ba="0,2" hai="9,11,18,21,25,48,53,57,80,85,89,101,102,103" machi="101" ten="30,12000,1" yaku="1,1,0,1,8,1,52,2,53,0" doraHai="5" doraHaiUra="121" who="1" fromWho="1" sc="250,-40,240,140,198,-40,292,-40" />
</Scene>
<Scene>
<INIT seed="1,1,0,4,3,33" ten="210,380,158,252" oya="1" hai0="100,126,57,47,115,70,13,121,3,118,26,61,75" hai1="17,52,12,11,112,14,132,72,117,77,98,114,125" hai2="111,0,128,15,20,35,94,95,131,97,18,83,46" hai3="30,38,24,10,54,135,133,113,28,39,106,65,29"/><U129/><E117/><V76/><F111/><W116/><G106/><T32/><D100/><U43/><E132/><N who="3" m="50762" /><G116/><T88/><D75/><U6/><E129/><N who="2" m="49739" /><F35/><W89/><G65/><T105/><D70/><U107/><E125/><V122/><F122/><W104/><G104/><T79/><D105/><U130/><E43/><V90/><F46/><W27/><G113/><T64/><D47/><U84/><E72/><N who="2" m="43399" /><F95/><W109/><G109/><T87/><D32/><U49/><E130/><V4/><F4/><W44/><G89/><T53/><D88/><U8/><E107/><V86/><F97/><W99/><G99/><T55/><D118/><U58/><REACH who="1" step="1"/><E98/><REACH who="1" ten="210,370,158,252" step="2"/><V62/><F62/><W134/><G134/><T16/><D61/><U127/><E127/><V50/><F50/><W69/><G39/><T81/><D126/><U108/><E108/><V5/><F5/><W48/><G38/><T80/><D121/><U82/><AGARI ba="1,1" hai="6,8,11,12,14,17,49,52,58,77,82,84,112,114" machi="82" ten="30,12000,1" yaku="1,1,0,1,54,1,53,2" doraHai="33" doraHaiUra="9" who="1" fromWho="1" sc="210,-41,370,133,158,-41,252,-41" />
</Scene>
<Scene>
<INIT seed="1,2,0,0,5,64" ten="169,503,117,211" oya="1" hai0="11,65,111,113,57,1,67,96,66,125,5,31,135" hai1="63,89,115,7,84,106,2,43,27,23,16,75,0" hai2="40,36,74,8,114,76,21,42,4,127,48,3,68" hai3="85,102,26,81,71,108,130,105,44,131,25,73,37"/><U45/><E115/><V19/><F114/><W119/><G73/><T134/><D111/><U35/><E106/><V33/><F33/><W103/><G108/><T98/><D113/><U121/><E75/><V13/><F127/><W92/><G105/><T78/><D78/><U61/><E121/><V30/><F30/><W104/><G104/><T87/><D87/><U97/><E97/><N who="0" m="37481" /><D31/><U80/><E35/><V72/><F48/><W60/><G92/><T39/><D39/><U34/><E34/><V46/><F42/><W24/><G44/><T86/><D86/><U53/><E7/><V109/><F109/><W83/><G37/><T79/><D79/><U10/><E10/><V49/><F49/><W120/><G120/><T70/><D57/><U15/><E15/><V14/><F74/><W101/><G85/><T9/><D9/><U56/><REACH who="1" step="1"/><E63/><REACH who="1" ten="169,493,117,211" step="2"/><V94/><F14/><W12/><G12/><T51/><D11/><U58/><E58/><V95/><REACH who="2" step="1"/><F68/><REACH who="2" ten="169,493,107,211" step="2"/><W6/><G71/><T28/><D70/><U55/><E55/><V22/><F22/><W107/><G107/><T112/><D112/><U18/><E18/><V124/><F124/><W82/><G6/><T118/><D125/><U90/><E90/><V38/><F38/><AGARI ba="2,2" hai="0,2,16,23,27,38,43,45,53,56,61,80,84,89" machi="38" ten="30,5800,0" yaku="1,1,7,1,54,1,53,0" doraHai="64" doraHaiUra="88" who="1" fromWho="2" sc="169,0,493,84,107,-64,211,0" />
</Scene>
<Scene>
<INIT seed="1,3,0,3,4,126" ten="169,577,43,211" oya="1" hai0="116,6,113,83,74,26,92,18,5,101,87,60,29" hai1="82,33,25,84,7,52,57,124,54,66,122,102,94" hai2="35,17,96,120,2,40,39,70,78,21,37,51,129" hai3="119,110,86,11,49,105,100,81,134,14,20,50,72"/><U79/><E122/><V47/><F70/><W32/><G32/><T76/><D113/><U41/><E124/><V22/><F35/><W8/><G110/><T73/><D73/><U88/><E41/><V77/><F120/><W30/><G72/><T89/><D18/><U34/><E102/><V42/><F2/><W23/><G119/><T99/><D60/><U85/><E7/><V111/><F111/><W115/><G115/><T24/><D24/><U12/><E12/><V43/><F96/><W121/><G121/><T103/><D103/><U56/><E66/><V48/><F42/><W58/><G100/><T68/><D68/><U131/><E131/><V27/><F129/><W80/><G14/><T93/><D116/><U98/><E98/><V71/><F71/><W128/><G128/><T19/><D19/><U36/><E36/><V3/><F3/><W4/><G58/><T53/><D53/><U55/><REACH who="1" step="1"/><E33/><AGARI ba="3,0" hai="5,6,26,29,33,74,76,83,87,89,92,93,99,101" machi="33" ten="30,1000,0" yaku="7,1" doraHai="126" who="0" fromWho="1" sc="169,19,577,-19,43,0,211,0" />
</Scene>
<Scene>
<INIT seed="2,0,0,0,0,74" ten="188,558,43,211" oya="2" hai0="43,62,47,116,3,71,16,113,6,122,91,51,99" hai1="36,30,2,86,72,84,70,97,37,127,81,27,75" hai2="90,100,101,110,76,109,45,108,87,133,105,92,135" hai3="32,26,17,10,0,40,104,44,29,59,21,42,131"/><V107/><F76/><W31/><G104/><N who="2" m="40009" /><F45/><W80/><G131/><T4/><D113/><U63/><E97/><V19/><F19/><W77/><G59/><T98/><D98/><U121/><E121/><V125/><F125/><W55/><G55/><T93/><D122/><U18/><E18/><V65/><F65/><W79/><G77/><T120/><D120/><U85/><E81/><V130/><F130/><W46/><G44/><T126/><D126/><U20/><E2/><V39/><F39/><W83/><G83/><T50/><D3/><U33/><E127/><V9/><F9/><W54/><G54/><T15/><D47/><U23/><E23/><V64/><F64/><W123/><G123/><T11/><D43/><U56/><E37/><V5/><F5/><N who="3" m="1319" /><G32/><T106/><D106/><U96/><E56/><V60/><F60/><W28/><G28/><T94/><D62/><U53/><E36/><V41/><F41/><W132/><G132/><AGARI ba="0,0" hai="87,90,92,100,101,108,109,110,132,133,135" m="40009" machi="132" ten="40,12000,1" yaku="14,1,10,1,20,1,34,2" doraHai="74" who="2" fromWho="3" sc="188,0,558,0,43,120,211,-120" />
</Scene>
<Scene>
<INIT seed="2,1,0,1,5,50" ten="188,558,163,91" oya="2" hai0="47,66,98,118,99,85,105,106,59,119,45,10,23" hai1="26,67,30,84,12,22,43,3,14,16,109,124,36" hai2="71,0,87,68,28,11,33,117,95,25,65,113,64" hai3="90,13,9,75,79,21,49,58,115,93,55,29,81"/><V39/><F39/><W88/><G115/><T73/><D73/><U126/><E3/><V60/><F113/><W111/><G111/><T76/><D10/><U86/><E109/><V38/><F38/><W82/><G82/><T112/><D112/><U120/><E120/><V6/><F117/><W57/><G58/><T122/><D23/><U46/><E67/><V94/><REACH who="2" step="1"/><F87/><REACH who="2" ten="188,558,153,91" step="2"/><W100/><G100/><T91/><D85/><U31/><E86/><V27/><F27/><W34/><G34/><T37/><D119/><U77/><E84/><V44/><F44/><W101/><G101/><T104/><D37/><U19/><E26/><V130/><F130/><W127/><G127/><N who="1" m="48682" /><E77/><V114/><F114/><W116/><G116/><T123/><D76/><U89/><E89/><V80/><F80/><W42/><G90/><T108/><D91/><U5/><E36/><V56/><F56/><W131/><G131/><T51/><D118/><U125/><E125/><V132/><F132/><W128/><G128/><T8/><D59/><U133/><E133/><V54/><F54/><W103/><G103/><T41/><D47/><U24/><E46/><V53/><F53/><W102/><G102/><T97/><D108/><U62/><E24/><V92/><F92/><W129/><G129/><T40/><D40/><U52/><E52/><V17/><F17/><W32/><G32/><T2/><D123/><U69/><E19/><V96/><F96/><N who="3" m="57383" /><G42/><T48/><D122/><U70/><E43/><V107/><F107/><N who="0" m="41034" /><D41/><U74/><E16/><V72/><F72/><W110/><G75/><T7/><D106/><RYUUKYOKU ba="1,1" sc="188,-10,558,-10,153,30,91,-10" hai2="0,6,11,25,28,33,60,64,65,68,71,94,95" />
</Scene>
<Scene>
<INIT seed="2,2,1,4,1,88" ten="178,548,183,81" oya="2" hai0="129,10,58,57,99,70,36,87,102,65,78,123,95" hai1="92,48,55,56,11,132,1,101,64,116,45,100,104" hai2="110,115,72,53,127,50,31,94,39,114,73,38,122" hai3="113,67,85,71,51,22,124,97,98,111,20,68,80"/><V4/><F122/><W49/><G111/><T37/><D123/><U18/><E116/><V28/><F110/><W35/><G35/><T77/><D70/><U60/><E104/><V90/><F4/><W91/><G124/><T29/><D37/><U103/><E132/><V93/><F127/><W79/><G67/><T2/><D36/><U66/><E66/><V16/><F90/><W133/><G91/><T83/><D29/><U44/><E44/><V96/><F50/><W121/><G121/><T17/><D65/><U14/><E1/><V126/><F126/><W108/><G108/><T15/><D129/><U43/><E43/><V130/><F53/><W9/><G9/><T6/><D78/><U41/><E41/><V82/><F82/><W59/><G80/><T13/><D2/><U25/><E25/><V5/><F5/><W26/><G26/><T42/><D42/><U112/><E112/><V107/><F107/><W89/><G89/><T109/><D109/><U23/><E11/><AGARI ba="2,1" hai="6,10,11,13,15,17,57,58,77,83,87,95,99,102" machi="11" ten="30,3900,0" yaku="7,1,8,1,52,1" doraHai="88" who="0" fromWho="1" sc="178,55,548,-45,183,0,81,0" />
</Scene>
<Scene>
<INIT seed="3,0,0,5,5,6" ten="233,503,183,81" oya="3" hai0="74,47,20,97,9,32,23,21,57,132,66,61,95" hai1="43,24,102,50,110,25,89,77,109,33,36,51,15" hai2="19,84,69,42,103,45,65,123,125,53,12,87,8" hai3="56,111,82,29,14,28,22,116,18,105,114,55,85"/><W27/><G114/><T101/><D74/><U41/><E102/><V39/><F125/><W115/><G115/><T26/><D32/><U70/><E70/><V35/><F35/><W40/><G116/><T17/><D132/><U135/><E135/><V73/><F73/><W72/><G72/><T90/><D47/><U34/><E77/><V107/><F123/><W124/><G124/><T112/><D112/><U58/><E58/><V75/><F75/><W48/><G111/><T30/><D90/><U31/><E89/><V118/><F118/><W88/><G105/><T127/><D127/><U99/><E99/><V94/><F107/><W54/><G55/><T76/><D76/><U2/><E2/><V131/><F131/><W104/><G104/><T67/><D66/><U59/><E59/><V133/><F133/><W62/><G40/><T91/><D91/><U38/><E15/><AGARI ba="0,0" hai="9,15,17,20,21,23,26,30,57,61,67,95,97,101" machi="15" ten="40,8000,1" yaku="25,2,8,1,52,1" doraHai="6" who="0" fromWho="1" sc="233,80,503,-80,183,0,81,0" />
</Scene>
<Scene>
<INIT seed="4,0,0,0,2,52" ten="313,423,183,81" oya="0" hai0="26,109,74,28,22,90,21,55,61,42,62,53,111" hai1="63,76,43,115,131,78,96,5,25,12,0,46,99" hai2="27,60,33,35,49,73,84,87,37,59,50,47,121" hai3="118,8,10,41,57,17,97,122,101,1,82,104,16"/><T120/><D74/><U56/><E0/><V3/><F73/><W20/><G118/><T79/><D42/><U9/><E131/><V132/><F3/><W135/><G122/><T134/><D134/><U29/><E115/><V69/><F132/><W18/><G135/><T89/><D79/><U83/><E78/><V113/><F113/><W81/><G41/><T51/><D51/><U114/><E114/><V64/><F121/><W54/><G20/><T98/><D120/><U110/><E110/><V68/><F35/><W106/><G104/><T30/><D98/><U40/><E40/><N who="2" m="22927" /><F68/><W67/><G67/><T126/><REACH who="0" step="1"/><D26/><REACH who="0" ten="303,423,183,81" step="2"/><U112/><E112/><V39/><F50/><W32/><G32/><T85/><D85/><U44/><E43/><V88/><F39/><W71/><G71/><T80/><D80/><U2/><E99/><V102/><F49/><W103/><G101/><T66/><D66/><U91/><E96/><V105/><F87/><W94/><G106/><T128/><D128/><U65/><E76/><V6/><F102/><W72/><G72/><T100/><D100/><U36/><E36/><V92/><F105/><W124/><G1/><T4/><D4/><U70/><E2/><V130/><F6/><W127/><G124/><AGARI ba="0,1" hai="21,22,28,30,53,55,61,62,89,90,109,111,124,126" machi="124" ten="25,4800,0" yaku="1,1,22,2,53,0" doraHai="52" doraHaiUra="14" who="0" fromWho="3" sc="303,58,423,0,183,0,81,-48" />
</Scene>
<Scene>
<INIT seed="4,1,0,0,5,75" ten="361,423,183,33" oya="0" hai0="99,73,97,63,96,56,113,13,95,19,67,38,129" hai1="68,93,30,29,122,103,98,49,76,71,134,7,2" hai2="123,16,4,44,36,121,107,101,105,48,8,60,128" hai3="135,85,87,14,83,80,88,111,21,130,92,110,133"/><T12/><D113/><U115/><E122/><V78/><F128/><W62/><G62/><T77/><D38/><U50/><E134/><N who="3" m="51210" /><G21/><T69/><D129/><U66/><E115/><V26/><F36/><W27/><G27/><T102/><D69/><U9/><E71/><V25/><F60/><W10/><G10/><T116/><D116/><U112/><E112/><V125/><F125/><W6/><G14/><T119/><D119/><U72/><E66/><V84/><F121/><W57/><G57/><T18/><D73/><U5/><E68/><V70/><F70/><W100/><G6/><T54/><D77/><U89/><E7/><V24/><F123/><W90/><G130/><T3/><D3/><U46/><E50/><V40/><F101/><W39/><G39/><T45/><D45/><U132/><E132/><V126/><F126/><W0/><G0/><T86/><D86/><U43/><E103/><V47/><F44/><W55/><G55/><T28/><D28/><U114/><E114/><V82/><REACH who="2" step="1"/><F16/><REACH who="2" ten="361,423,173,33" step="2"/><W127/><G127/><T34/><D67/><U104/><E46/><V79/><F79/><N who="3" m="46239" /><G100/><T108/><D102/><U106/><E49/><V20/><F20/><W94/><G90/><T33/><D33/><U120/><E89/><V58/><F58/><W22/><G22/><N who="0" m="11591" /><D34/><U41/><E120/><V31/><F31/><W109/><AGARI ba="1,1" hai="83,87,88,92,94,109,110,111" m="46239,51210" machi="109" ten="40,8000,1" yaku="20,1,34,2,52,1,54,1" doraHai="75" who="3" fromWho="3" sc="361,-41,423,-21,173,-21,33,93" />
</Scene>
<Scene>
<INIT seed="5,0,0,4,0,42" ten="320,402,152,126" oya="1" hai0="96,105,73,117,58,116,46,35,18,121,130,12,92" hai1="61,33,28,51,4,97,91,112,132,20,124,65,128" hai2="98,11,110,49,122,13,52,36,103,3,79,9,90" hai3="114,115,6,135,59,34,55,17,50,76,126,125,88"/><U133/><E33/><V24/><F110/><W68/><G68/><T99/><D73/><U37/><E37/><V32/><F36/><W21/><G34/><T123/><D35/><U74/><E74/><V23/><F122/><W118/><G6/><T107/><D58/><U113/><E128/><V8/><F3/><W22/><G118/><T86/><D12/><U64/><E4/><V69/><F69/><W43/><G76/><T47/><D86/><U31/><E124/><N who="3" m="47722" /><G135/><N who="1" m="51786" /><E51/><V62/><F32/><W111/><G111/><T54/><D92/><N who="1" m="56479" /><E65/><V127/><F79/><W106/><G106/><T119/><D119/><U83/><E83/><V81/><F127/><W63/><G88/><T89/><D89/><U75/><E75/><V39/><F39/><W7/><G7/><T93/><D93/><U29/><E20/><N who="3" m="7786" /><G17/><T0/><D18/><U109/><E109/><V104/><F90/><W129/><G129/><T15/><D130/><U77/><E77/><V94/><F81/><W120/><G120/><T66/><D15/><U19/><E19/><N who="2" m="12415" /><F104/><W40/><G50/><T48/><D48/><U67/><E67/><V87/><F87/><W60/><G60/><T82/><D66/><U131/><E131/><V56/><F62/><W14/><G14/><AGARI ba="0,0" hai="8,9,11,13,14,49,52,56,94,98,103" m="12415" machi="14" ten="30,2000,0" yaku="8,1,54,1" doraHai="42" who="2" fromWho="3" sc="320,0,402,0,152,20,126,-20" />
</Scene>
<Scene>
<INIT seed="6,0,0,1,1,127" ten="320,402,172,106" oya="2" hai0="122,83,112,56,51,38,13,110,62,54,36,52,116" hai1="105,33,84,79,97,46,49,100,107,72,124,106,23" hai2="24,4,20,135,40,81,7,3,25,74,28,87,134" hai3="61,30,14,89,67,8,104,50,29,53,103,117,55"/><V26/><F74/><W77/><G117/><T95/><D110/><U73/><E33/><N who="2" m="20631" /><F40/><W16/><G77/><T92/><D122/><U75/><E124/><V125/><F125/><W109/><G109/><T34/><D34/><U86/><E23/><V64/><F64/><W132/><G132/><N who="2" m="50729" /><F3/><W82/><G103/><T1/><D1/><U69/><E75/><V113/><F113/><W45/><G104/><T128/><D112/><U59/><E73/><V5/><F81/><W78/><G55/><T121/><D83/><U60/><E72/><V101/><F101/><W70/><G78/><T21/><D121/><U6/><E79/><V126/><F126/><W18/><REACH who="3" step="1"/><G18/><REACH who="3" ten="320,402,172,96" step="2"/><T88/><D54/><U9/><E100/><V90/><F90/><W12/><G12/><T130/><D13/><U94/><E107/><V43/><F43/><W11/><G11/><T22/><D52/><U71/><E106/><V98/><F98/><W44/><G44/><T27/><D116/><U63/><E97/><V47/><F47/><W114/><G114/><T102/><D102/><U118/><E105/><V108/><F108/><W131/><G131/><T129/><D88/><U65/><E46/><V19/><F87/><AGARI ba="0,1" hai="8,14,16,29,30,45,50,53,61,67,70,82,87,89" machi="87" ten="40,8000,1" yaku="1,1,25,2,54,1,53,1" doraHai="127" doraHaiUra="15" who="3" fromWho="2" sc="320,0,402,0,172,-80,96,90" />
</Scene>
<Scene>
<INIT seed="7,0,0,3,4,61" ten="320,402,92,186" oya="3" hai0="53,103,125,52,41,107,126,30,91,28,131,115,128" hai1="1,3,129,104,130,120,38,65,45,101,8,66,35" hai2="121,36,29,127,60,25,16,71,123,51,57,24,54" hai3="56,88,99,111,116,50,87,32,55,92,133,95,15"/><W26/><G116/><T5/><D5/><N who="1" m="1071" /><E120/><V34/><F36/><W84/><G133/><T105/><D103/><U119/><E35/><V135/><F135/><W39/><G39/><T112/><D91/><U86/><E3/><V89/><F127/><N who="0" m="48650" /><D41/><N who="1" m="22711" /><E119/><V18/><F89/><W44/><G111/><T17/><D17/><U132/><E132/><V134/><F134/><W100/><G15/><T49/><D28/><U114/><E86/><V40/><F25/><W73/><G73/><T27/><D53/><U82/><E114/><N who="0" m="43561" /><D107/><U64/><E82/><V7/><F7/><W33/><G87/><T4/><D105/><U20/><E20/><V59/><F71/><W78/><G78/><T14/><D14/><U0/><E0/><V94/><F94/><W69/><G69/><T22/><D4/><U9/><E9/><V80/><F80/><W6/><G6/><T110/><D110/><U109/><E109/><V19/><REACH who="2" step="1"/><F40/><REACH who="2" ten="320,402,82,186" step="2"/><W13/><G92/><T23/><D23/><U74/><E104/><V117/><F117/><W85/><G95/><T98/><D98/><U113/><E113/><V70/><F70/><W42/><G26/><T124/><D124/><U43/><E43/><V79/><F79/><W31/><G42/><T68/><D68/><U102/><E74/><V37/><F37/><W10/><G88/><T122/><D122/><U62/><E102/><V96/><F96/><W48/><G99/><T47/><AGARI ba="0,1" hai="22,27,30,47,49,52,128,131" m="43561,48650" machi="47" ten="40,8000,1" yaku="18,1,15,1,11,1,54,1" doraHai="61" who="0" fromWho="0" sc="320,90,402,-20,82,-20,186,-40" owari="410,51.0,382,18.0,62,-44.0,146,-25.0" />
</Scene>
</mjloggm>