<mjloggm ver="2.3"><GO type="169" lobby="0"/><UN n0="%E3%81%A8%E3%82%82%E3%81%8D%E3%82%85%E3%82%93%E2%99%AA" n1="%73%65%69%6C" n2="%E6%96%B0%E4%B8%96%E7%95%8C%E3%81%AE%E7%B4%99" n3="%E3%81%99%E3%81%9A%E3%82%81%E3%82%AF%E3%83%AC%E3%82%A4%E3%82%B8%E3%83%BC" dan="16,16,16,19" rate="2144.72,2122.73,2112.01,2289.62" sx="F,M,M,M"/><TAIKYOKU oya="0"/>

<Scene>
<INIT seed="0,0,0,0,3,119" ten="250,250,250,250" oya="0" hai0="52,77,16,104,135,20,21,134,110,117,118,90,79" hai1="1,113,112,51,36,32,50,84,44,96,130,24,57" hai2="97,121,108,85,14,3,91,94,83,35,74,122,46" hai3="100,75,33,29,54,102,28,88,115,19,11,45,131"/><T98/><D110/><U125/><E1/><V129/><F3/><W116/><G75/><T89/><D104/><U114/><E125/><V128/><F108/><W27/><G131/><N who="2" m="50249" /><F35/><W42/><G29/><T76/><D52/><N who="1" m="31903" /><E130/><V39/><F14/><W123/><G115/><T107/><D107/><U25/><E36/><V0/><F0/><W12/><G123/><N who="2" m="47113" /><F39/><W5/><G116/><T71/><D71/><U64/><E32/><V43/><F74/><W10/><G54/><T34/><D34/><U80/><E64/><V48/><F83/><W70/><G70/><T13/><D21/><U66/><E66/><V47/><F47/><W95/><G10/><T58/><D58/><U106/><E113/><V9/><F9/><W109/><G5/><T22/><D22/><U31/><E112/><V38/><F38/><W53/><G109/><T26/><D117/><U105/><E114/><V2/><F2/><W111/><G111/><T99/><D118/><U59/><E59/><V93/><F93/><W18/><G33/><T40/><D40/><U6/><E106/><V78/><F78/><W60/><G42/><T120/><D120/><U8/><E8/><V86/><AGARI ba="0,0" hai="43,46,48,85,86,91,94,97" m="47113,50249" machi="86" ten="40,8000,1" yaku="19,1,52,3" doraHai="119" who="2" fromWho="2" sc="250,-40,250,-20,250,80,250,-20" />
</Scene>
<Scene>
<INIT seed="1,0,0,5,1,114" ten="210,230,330,230" oya="1" hai0="43,3,86,59,77,28,69,115,109,85,48,35,26" hai1="96,13,128,18,87,67,107,55,66,78,31,83,14" hai2="113,80,25,12,61,21,84,1,101,32,99,98,72" hai3="104,76,75,15,103,23,44,10,36,4,135,40,117"/><U65/><E128/><V41/><F1/><W71/><G135/><T100/><D69/><U91/><E31/><V130/><F72/><W127/><G23/><T94/><D115/><U27/><E55/><V120/><F120/><W132/><G132/><T74/><D3/><U63/><E63/><V47/><F113/><W70/><G127/><T22/><D109/><U89/><E107/><V116/><F32/><W92/><G92/><T38/><D38/><U11/><E27/><V110/><F110/><W30/><G30/><T45/><D35/><U79/><REACH who="1" step="1"/><E14/><REACH who="1" ten="210,220,330,230" step="2"/><V53/><F12/><W0/><G15/><T90/><D28/><U126/><E126/><V49/><F130/><W42/><G42/><T123/><D26/><U50/><E50/><V6/><F61/><W81/><REACH who="3" step="1"/><G117/><REACH who="3" ten="210,220,330,220" step="2"/><T39/><D43/><U134/><E134/><V33/><F116/><W5/><G5/><T51/><D123/><U34/><E34/><V82/><F33/><W121/><G121/><T9/><D22/><U54/><E54/><V7/><F53/><W133/><G133/><T8/><D8/><U60/><E60/><V17/><F7/><W20/><G20/><T56/><D9/><U93/><AGARI ba="0,2" hai="11,13,18,65,66,67,78,79,83,87,89,91,93,96" machi="93" ten="30,6000,0" yaku="1,1,0,1,8,1,53,0" doraHai="114" doraHaiUra="46" who="1" fromWho="1" sc="210,-20,220,80,330,-20,220,-20" />
</Scene>
<Scene>
<INIT seed="1,1,0,3,2,91" ten="190,300,310,200" oya="1" hai0="125,32,7,16,51,131,0,1,58,69,15,28,76" hai1="70,29,135,78,3,5,8,117,48,64,49,106,88" hai2="132,104,21,31,27,45,77,53,113,2,72,56,37" hai3="79,121,62,50,111,95,86,98,82,63,44,126,118"/><U134/><E117/><V89/><F104/><W84/><G121/><T54/><D69/><U115/><E115/><V108/><F2/><W24/><G111/><T20/><D131/><U128/><E128/><V133/><F113/><W52/><G126/><T90/><D76/><U13/><E106/><V67/><F108/><W33/><G118/><T96/><D125/><U19/><E78/><V80/><F67/><W41/><G84/><T94/><REACH who="0" step="1"/><D7/><REACH who="0" ten="180,300,310,200" step="2"/><U42/><E70/><V4/><F4/><W83/><G83/><T109/><D109/><U105/><E5/><V119/><F119/><W22/><G33/><T112/><D112/><U61/><E134/><V127/><F127/><W71/><G71/><T122/><D122/><U10/><E135/><V9/><F133/><W81/><G81/><T65/><D65/><U59/><E64/><V18/><F132/><W25/><G41/><T102/><D102/><U103/><E103/><V73/><F77/><W92/><G25/><AGARI ba="1,1" hai="0,1,15,16,20,25,28,32,51,54,58,90,94,96" machi="25" ten="40,5200,0" yaku="1,1,52,1,54,1,53,0" doraHai="91" doraHaiUra="57" who="0" fromWho="3" sc="180,65,300,0,310,0,200,-55" />
</Scene>
<Scene>
<INIT seed="2,0,0,3,3,124" ten="245,300,310,145" oya="2" hai0="71,6,83,93,14,107,131,88,38,119,68,46,108" hai1="102,96,69,112,0,16,44,128,115,1,118,27,104" hai2="97,74,133,2,29,51,20,5,121,110,55,49,129" hai3="64,130,98,126,25,9,23,13,100,21,111,82,57"/><V66/><F121/><W122/><G122/><T85/><D107/><U95/><E118/><V28/><F74/><W11/><G126/><T35/><D119/><U56/><E69/><V106/><F66/><W134/><G111/><T127/><D108/><U109/><E109/><V79/><F110/><W58/><G82/><T61/><D35/><U12/><E44/><V59/><F79/><W8/><G134/><T77/><D127/><U30/><E56/><V24/><F133/><W125/><G125/><T63/><D68/><U72/><E72/><V32/><F2/><W40/><G40/><T48/><D38/><U123/><E123/><V114/><F5/><W34/><G34/><T60/><D71/><U99/><E1/><V41/><F114/><W15/><G23/><T78/><D131/><U70/><E128/><V135/><F135/><W22/><G22/><T73/><D73/><U116/><E0/><V31/><F129/><W33/><G58/><T3/><D3/><U132/><E70/><V94/><F106/><W19/><G33/><T37/><D37/><U4/><E4/><V67/><F67/><W103/><G103/><T86/><D6/><U10/><E116/><V26/><F31/><W52/><G64/><T50/><D77/><U101/><REACH who="1" step="1"/><E132/><REACH who="1" ten="245,290,310,145" step="2"/><V53/><F41/><W81/><G130/><T117/><D117/><U105/><E105/><V76/><F59/><W92/><REACH who="3" step="1"/><G81/><REACH who="3" ten="245,290,310,135" step="2"/><T7/><D46/><U43/><E43/><V36/><F32/><AGARI ba="0,2" hai="10,12,16,27,30,32,95,96,99,101,102,104,112,115" machi="32" ten="30,3900,0" yaku="1,1,7,1,54,1,53,0" doraHai="124" doraHaiUra="87" who="1" fromWho="2" sc="245,0,290,59,310,-39,135,0" />
</Scene>
<Scene>
<INIT seed="3,0,0,4,3,75" ten="245,349,271,135" oya="3" hai0="58,3,74,21,117,135,1,43,57,89,2,4,10" hai1="8,45,69,116,73,90,83,109,64,67,110,51,9" hai2="124,122,46,16,97,76,33,87,66,72,121,11,25" hai3="93,26,52,56,14,61,131,126,82,55,30,62,12"/><W134/><G131/><T99/><D117/><U98/><E116/><V106/><F72/><W18/><G134/><T17/><D74/><U27/><E27/><V85/><F124/><W13/><G126/><T34/><D135/><U115/><E115/><V40/><F66/><N who="1" m="25129" /><E69/><V107/><F33/><W101/><G82/><T44/><D34/><U96/><E73/><V38/><F87/><W42/><G42/><T81/><D58/><U22/><E22/><N who="2" m="13511" /><F97/><N who="1" m="37481" /><E90/><V15/><F11/><W47/><G93/><T102/><D57/><U127/><E83/><N who="2" m="47335" /><F15/><W91/><G91/><T28/><D89/><U132/><E132/><V70/><F70/><W92/><G92/><T5/><D81/><U108/><E127/><V80/><F80/><W95/><G95/><T86/><D99/><U78/><E78/><V48/><F38/><W37/><G101/><T50/><D102/><U31/><E31/><V123/><AGARI ba="0,0" hai="40,46,48,106,107,121,122,123" m="47335,13511" machi="123" ten="30,4000,0" yaku="13,1,52,1,54,1" doraHai="75" who="2" fromWho="2" sc="245,-10,349,-10,271,40,135,-20" />
</Scene>
<Scene>
<INIT seed="4,0,0,4,4,48" ten="235,339,311,115" oya="0" hai0="36,103,124,79,100,109,120,128,111,73,7,66,67" hai1="135,121,71,108,55,104,106,81,92,87,18,78,75" hai2="123,85,126,58,94,83,5,52,20,63,84,23,116" hai3="12,8,129,21,30,33,40,96,99,29,1,130,61"/><T10/><D120/><U65/><E121/><V47/><F126/><W113/><G40/><T13/><D36/><U98/><E108/><N who="0" m="41545" /><D128/><N who="3" m="49257" /><G61/><T89/><D124/><U125/><E125/><V35/><F123/><W90/><G99/><T77/><D89/><U59/><E135/><V70/><F35/><W91/><G96/><T133/><D133/><U50/><E18/><V46/><F70/><W0/><G91/><T15/><D15/><U43/><E43/><V44/><F116/><W131/><N who="3" m="49265" /><W122/><DORA hai="86" /><G90/><T4/><D4/><U24/><E24/><V119/><F119/><W76/><G76/><N who="0" m="29259" /><D73/><U25/><E75/><V32/><F94/><W97/><G97/><T37/><D37/><U31/><E92/><V9/><F32/><W54/><G122/><T64/><AGARI ba="0,0" hai="7,10,13,64,66,67,100,103" m="29259,41545" machi="64" ten="40,2100,0" yaku="10,1" doraHai="48,86" who="0" fromWho="0" sc="235,21,339,-7,311,-7,115,-7" />
</Scene>
<Scene>
<INIT seed="4,1,0,5,3,5" ten="256,332,304,108" oya="0" hai0="46,95,78,23,24,47,107,61,27,121,104,60,28" hai1="130,0,13,87,96,1,135,65,14,73,30,41,59" hai2="111,64,56,15,38,7,31,83,101,98,40,11,37" hai3="6,117,100,132,63,118,99,116,110,77,29,128,88"/><T124/><D121/><U109/><E109/><V94/><F111/><W66/><G110/><T4/><D124/><U43/><E73/><V114/><F114/><W52/><G77/><T62/><D78/><U134/><E30/><V32/><F40/><W97/><G128/><T35/><D95/><U115/><E87/><V25/><REACH who="2" step="1"/><F83/><REACH who="2" ten="256,332,294,108" step="2"/><W36/><G117/><T57/><D104/><U85/><E43/><V58/><F58/><W112/><G112/><T22/><D107/><U122/><E41/><V120/><F120/><W126/><G126/><T45/><D4/><U17/><E122/><V12/><F12/><W89/><G6/><T16/><D35/><U48/><E13/><V50/><F50/><W3/><G36/><T53/><AGARI ba="1,1" hai="16,22,23,24,27,28,45,46,47,53,57,60,61,62" machi="53" ten="30,6000,0" yaku="0,1,8,1,54,1" doraHai="5" who="0" fromWho="0" sc="256,73,332,-21,294,-21,108,-21" />
</Scene>
<Scene>
<INIT seed="4,2,0,3,5,79" ten="329,311,273,87" oya="0" hai0="72,42,12,55,91,99,126,8,84,104,15,120,130" hai1="31,117,28,20,98,128,1,97,107,56,34,70,19" hai2="21,101,133,47,17,119,51,81,43,2,125,14,69" hai3="60,109,36,112,87,4,35,77,74,24,86,44,78"/><T53/><D72/><U38/><E70/><V92/><F69/><W80/><G109/><T50/><D120/><U45/><E117/><V116/><F2/><W129/><G112/><T52/><D126/><U49/><E38/><V100/><F125/><W39/><G129/><T13/><D130/><U66/><E1/><V9/><F133/><W41/><G39/><T106/><D42/><U6/><E6/><V102/><F9/><W96/><G60/><T16/><D50/><U132/><E34/><V67/><F67/><W58/><G58/><T115/><D115/><U7/><E7/><V75/><REACH who="2" step="1"/><F92/><REACH who="2" ten="329,311,263,87" step="2"/><W83/><G4/><T30/><D106/><U65/><E66/><V121/><F121/><W3/><G3/><T110/><D104/><U71/><E71/><V94/><F94/><W88/><G96/><T93/><D110/><U90/><E107/><V134/><F134/><W76/><REACH who="3" step="1"/><G74/><REACH who="3" ten="329,311,263,77" step="2"/><T33/><D99/><U57/><E98/><V61/><F61/><W23/><G23/><T95/><D33/><U11/><E20/><V127/><F127/><W46/><G46/><T48/><D48/><U111/><E132/><V37/><F37/><W54/><G54/><T123/><D123/><U40/><E111/><V27/><F27/><W82/><G82/><T25/><D95/><N who="1" m="56567" /><E128/><V29/><F29/><AGARI ba="2,2" hai="24,29,35,36,41,44,76,77,78,80,83,86,87,88" machi="29" ten="40,12000,2" yaku="1,1,52,2,54,1,53,3" doraHai="79" doraHaiUra="73" who="3" fromWho="2" sc="329,0,311,0,263,-126,77,146" />
</Scene>
<Scene>
<INIT seed="5,0,0,5,2,40" ten="329,311,137,223" oya="1" hai0="66,107,104,77,100,43,27,132,26,16,111,117,14" hai1="9,124,88,135,5,62,70,122,2,120,95,105,85" hai2="65,78,50,33,83,47,67,24,35,96,46,101,13" hai3="90,75,119,12,38,59,71,118,44,15,58,103,6"/><U10/><E105/><V49/><F13/><W112/><G71/><T106/><D117/><N who="3" m="44553" /><G112/><T29/><D111/><U54/><E124/><V87/><F67/><W39/><G75/><T20/><D132/><U121/><E135/><V86/><F65/><W91/><G103/><T19/><D66/><U42/><E70/><V25/><F101/><W11/><G15/><T81/><D100/><U129/><E129/><V114/><F83/><W34/><G34/><T32/><D43/><U7/><E42/><V53/><F53/><W68/><G68/><T74/><D106/><U134/><E134/><V72/><F72/><W8/><G44/><T109/><D109/><U84/><E84/><V123/><F78/><W92/><G91/><T21/><AGARI ba="0,0" hai="14,16,19,20,21,26,27,29,32,74,77,81,104,107" machi="21" ten="20,2700,0" yaku="0,1,7,1,54,1" doraHai="40" who="0" fromWho="0" sc="329,27,311,-13,137,-7,223,-7" />
</Scene>
<Scene>
<INIT seed="6,0,0,5,2,128" ten="356,298,130,216" oya="2" hai0="0,112,19,23,26,75,70,18,95,47,49,4,62" hai1="85,59,24,134,28,2,32,68,8,5,61,16,63" hai2="107,48,73,130,98,54,44,40,96,117,106,81,91" hai3="13,94,103,116,120,101,122,15,97,55,100,111,92"/><V79/><F117/><W30/><G116/><T88/><D75/><U118/><E134/><V77/><F130/><W20/><G111/><T31/><D112/><U84/><E118/><V76/><F73/><W133/><G133/><T3/><D4/><U121/><E121/><V36/><F81/><W99/><G101/><T39/><D39/><U129/><E129/><V65/><F65/><W126/><G126/><T104/><D104/><U83/><E68/><V11/><F11/><W45/><G13/><T1/><D62/><U34/><E32/><V56/><REACH who="2" step="1"/><F91/><REACH who="2" ten="356,298,120,216" step="2"/><W35/><G122/><T43/><D70/><U6/><E83/><V125/><F125/><W33/><G120/><T41/><D88/><U69/><E8/><V46/><F46/><W27/><G45/><T7/><D47/><U51/><E69/><V52/><F52/><W132/><G55/><T64/><D64/><U67/><E67/><V115/><F115/><W42/><G42/><T57/><D41/><U86/><E59/><V119/><F119/><W135/><G35/><T78/><D43/><U14/><E34/><V108/><F108/><W74/><G74/><T105/><D57/><U9/><E9/><V90/><F90/><W124/><G124/><T109/><D109/><U22/><E2/><V72/><F72/><W131/><G131/><T17/><D1/><U37/><E37/><V21/><F21/><W89/><G89/><T60/><D0/><U80/><E80/><V66/><F66/><W38/><G38/><T71/><D3/><U10/><E22/><V113/><F113/><W29/><G135/><RYUUKYOKU ba="0,1" sc="356,-10,298,-10,120,30,216,-10" hai2="36,40,44,48,54,56,76,77,79,96,98,106,107" />
</Scene>
<Scene>
<INIT seed="6,1,1,3,5,14" ten="346,288,150,206" oya="2" hai0="119,7,85,58,97,108,32,47,16,30,133,46,79" hai1="91,54,130,118,0,44,57,66,107,5,49,82,88" hai2="1,117,92,101,70,33,110,59,18,68,25,29,127" hai3="35,17,90,27,9,115,36,67,61,53,41,13,37"/><V87/><F117/><W122/><G122/><T104/><D108/><U129/><E118/><V77/><F110/><W111/><G111/><T62/><D7/><U65/><E107/><V76/><F1/><W98/><G41/><T31/><D119/><U63/><E65/><V8/><F127/><W42/><G42/><T71/><D71/><U103/><E103/><V19/><F70/><W21/><G35/><T43/><D133/><U126/><E82/><V28/><F68/><W3/><G3/><T134/><D134/><U72/><E72/><V23/><F33/><W56/><G115/><T75/><D75/><U132/><E132/><V38/><F38/><W12/><G12/><T26/><D31/><N who="2" m="11850" /><F59/><W86/><G67/><T95/><D104/><U114/><E114/><V89/><F101/><W135/><G135/><T20/><D43/><U78/><E126/><V55/><F55/><W93/><G86/><T81/><D32/><U100/><E100/><V83/><F83/><W11/><G11/><T10/><D95/><U109/><E109/><V15/><AGARI ba="1,1" hai="8,15,18,19,23,25,76,77,87,89,92" m="11850" machi="15" ten="30,6000,0" yaku="8,1,52,2" doraHai="14" who="2" fromWho="2" sc="346,-21,288,-21,150,73,206,-21" />
</Scene>
<Scene>
<INIT seed="6,2,0,3,0,107" ten="325,267,223,185" oya="2" hai0="116,37,13,83,118,54,77,27,86,6,117,61,115" hai1="101,57,125,92,69,7,8,103,120,59,65,0,97" hai2="51,15,3,84,39,68,42,110,80,10,9,111,106" hai3="129,14,32,25,81,99,126,23,1,67,108,135,17"/><V11/><F106/><W122/><G122/><T12/><D115/><U22/><E120/><V79/><F3/><W133/><G67/><T56/><D37/><U31/><E125/><V78/><F68/><W95/><G108/><N who="2" m="41513" /><F39/><W55/><G126/><T73/><D27/><N who="1" m="16887" /><E69/><V19/><F79/><W119/><G119/><T72/><D6/><U38/><E38/><V134/><F134/><W60/><G1/><T114/><D114/><U131/><E131/><V71/><F71/><W124/><G124/><T2/><D2/><U91/><E0/><V89/><F89/><W43/><G43/><T102/><D102/><U112/><E112/><V127/><F127/><W90/><G129/><T28/><D28/><U40/><E40/><V53/><F42/><W29/><G81/><T62/><D62/><U64/><E101/><V94/><F94/><W75/><G75/><AGARI ba="2,0" hai="12,13,54,56,61,72,73,75,77,83,86,116,117,118" machi="75" ten="50,8000,1" yaku="12,1,52,3" doraHai="107" who="0" fromWho="3" sc="325,86,267,0,223,0,185,-86" />
</Scene>
<Scene>
<INIT seed="7,0,0,2,0,105" ten="411,267,223,99" oya="3" hai0="25,135,64,20,29,61,133,120,70,47,12,51,23" hai1="52,0,109,31,14,69,86,121,2,87,38,130,111" hai2="85,77,104,100,21,74,49,56,22,125,67,17,62" hai3="26,72,39,94,13,42,95,33,27,102,123,44,92"/><W110/><G123/><T131/><D120/><U129/><E69/><V78/><F74/><W127/><G127/><T5/><D131/><N who="1" m="50187" /><E121/><V134/><F125/><W50/><G110/><N who="1" m="41994" /><E38/><V19/><F134/><N who="0" m="51210" /><D12/><U40/><E40/><V124/><F124/><W99/><G72/><T8/><D8/><U35/><E52/><V119/><F119/><W36/><G13/><T83/><D83/><U122/><E122/><V10/><F10/><W93/><REACH who="3" step="1"/><G26/><REACH who="3" ten="411,267,223,89" step="2"/><T90/><D25/><N who="1" m="18927" /><E14/><V59/><F78/><W117/><G117/><T9/><D5/><U91/><E86/><V15/><F85/><W30/><AGARI ba="0,1" hai="27,30,33,36,39,42,44,50,92,93,94,95,99,102" machi="30" ten="30,18000,2" yaku="1,1,0,1,53,4" doraHai="105" doraHaiUra="89" who="3" fromWho="3" sc="411,-60,267,-60,223,-60,89,190" />
</Scene>
<Scene>
<INIT seed="7,1,0,3,5,135" ten="351,207,163,279" oya="3" hai0="99,113,66,131,23,43,34,85,120,17,90,13,124" hai1="79,59,33,49,2,47,39,88,68,109,69,54,123" hai2="101,28,19,84,24,116,72,67,76,60,53,20,118" hai3="37,9,71,5,92,74,100,18,1,93,32,27,129"/><W83/><G71/><T130/><D34/><U10/><E123/><V15/><F72/><W128/><G37/><T56/><D120/><U3/><E109/><V75/><F75/><W126/><G126/><T63/><D124/><U55/><E33/><V31/><F31/><W78/><G100/><T96/><D43/><U35/><E35/><V107/><F53/><W7/><G5/><T89/><D113/><U133/><E133/><V127/><F127/><W80/><G83/><N who="0" m="49343" /><D90/><U81/><E88/><V30/><F30/><N who="3" m="19551" /><G18/><T105/><D105/><U52/><E55/><V57/><F84/><W36/><G36/><T121/><D121/><U21/><E21/><V48/><F48/><W38/><G38/><T134/><D134/><U64/><E64/><V106/><F76/><W86/><G74/><T40/><D40/><U65/><E65/><V115/><F115/><W117/><G117/><T110/><D110/><U25/><E39/><V58/><F58/><W16/><G86/><T94/><D94/><U61/><E25/><V95/><F116/><W4/><G80/><T6/><D6/><N who="1" m="1367" /><E3/><V11/><REACH who="2" step="1"/><F118/><REACH who="2" ten="351,207,153,279" step="2"/><W111/><G78/><T22/><D56/><U104/><E69/><V8/><F8/><W26/><G9/><T14/><D66/><U114/><E68/><V108/><F108/><W41/><G111/><T73/><D73/><U70/><E114/><V50/><F50/><W46/><G41/><T29/><D29/><U132/><E70/><V87/><F87/><W103/><G46/><T97/><D63/><U62/><E132/><V45/><F45/><W0/><G0/><RYUUKYOKU ba="1,1" sc="351,15,207,-15,153,15,279,-15" hai0="13,14,17,22,23,96,97,99,130,131" hai2="11,15,19,20,24,28,57,60,67,95,101,106,107" owari="376,48.0,192,-21.0,168,-33.0,264,6.0" />
</Scene>
</mjloggm>