<mjloggm ver="2.3"><GO type="169" lobby="0"/><UN n0="%E3%81%9F%E3%81%8C%E3%82%84%E3%81%99" n1="%72%30%33%31%30" n2="%E3%81%99%E3%81%9A%E3%82%81%E3%82%AF%E3%83%AC%E3%82%A4%E3%82%B8%E3%83%BC" n3="%E3%81%A1%E3%82%83%E3%81%9D%E2%98%86" dan="16,17,19,17" rate="2107.25,2138.72,2294.62,2136.85" sx="M,M,M,M"/><TAIKYOKU oya="0"/>

<Scene>
<INIT seed="0,0,0,4,1,14" ten="250,250,250,250" oya="0" hai0="88,87,23,101,34,95,134,37,55,72,113,112,16" hai1="64,5,35,12,67,7,68,40,32,126,115,123,125" hai2="17,15,132,44,89,129,41,66,122,118,58,65,36" hai3="121,84,31,19,124,100,104,29,109,79,0,127,117"/><T24/><D37/><U21/><E123/><V107/><F129/><W77/><G117/><T20/><D34/><N who="1" m="12843" /><E40/><V45/><F132/><W13/><G0/><T114/><D72/><U62/><E67/><V69/><F118/><W135/><G135/><T86/><D134/><U26/><E115/><V111/><F107/><W76/><G121/><T110/><D110/><U53/><E53/><V83/><F111/><W128/><G128/><T133/><D133/><U63/><E63/><V105/><F105/><W81/><G109/><T10/><D101/><U4/><E12/><V48/><F69/><W78/><G100/><T38/><D38/><U18/><E62/><V98/><F58/><W52/><G104/><T30/><D55/><U91/><E91/><V102/><F102/><W9/><REACH who="3" step="1"/><G52/><REACH who="3" ten="250,250,250,240" step="2"/><T108/><D108/><U57/><E64/><V74/><F122/><W59/><G59/><T6/><D86/><U61/><E57/><V47/><F66/><W130/><G130/><T33/><D33/><U1/><E61/><V97/><F65/><W116/><G116/><T39/><D39/><U46/><E68/><V103/><F36/><W93/><G93/><T50/><D50/><U43/><E43/><V27/><F103/><W49/><G49/><T11/><REACH who="0" step="1"/><D6/><REACH who="0" ten="240,250,250,240" step="2"/><U99/><E7/><V120/><F48/><W90/><G90/><T54/><D54/><U2/><E5/><V56/><F89/><W131/><G131/><T71/><D71/><U28/><E4/><V85/><F120/><W82/><G82/><T70/><D70/><U3/><E3/><V96/><F83/><RYUUKYOKU ba="0,2" sc="240,15,250,-15,250,-15,240,15" hai0="10,11,16,20,23,24,30,87,88,95,112,113,114" hai3="9,13,19,29,31,76,77,78,79,81,84,124,127" />
</Scene>
<Scene>
<INIT seed="0,1,2,3,1,41" ten="255,235,235,255" oya="0" hai0="71,100,22,111,35,119,130,43,8,76,49,5,68" hai1="66,45,86,78,54,24,133,1,88,85,104,7,42" hai2="27,3,95,99,74,94,80,29,82,101,73,96,127" hai3="64,90,134,102,33,16,36,31,69,128,20,26,97"/><T12/><D35/><U32/><E104/><V123/><F3/><W115/><G115/><T55/><D119/><U107/><E107/><V103/><F27/><W2/><G128/><T15/><D100/><U23/><E32/><V109/><F29/><W0/><G36/><T62/><D76/><U60/><E54/><V6/><F6/><W129/><G129/><T14/><D130/><U39/><E133/><V77/><F109/><W93/><G134/><T34/><D34/><U98/><E78/><V114/><F77/><W75/><G75/><T91/><D43/><U116/><E116/><V25/><F25/><W131/><G90/><T61/><D91/><U51/><E39/><V117/><F127/><W79/><G79/><T4/><D111/><U83/><E7/><V113/><F117/><W106/><G93/><T132/><D132/><U9/><E9/><V121/><AGARI ba="1,2" hai="73,74,80,82,94,95,96,99,101,103,113,114,121,123" machi="121" ten="25,12000,2" yaku="0,1,22,2,34,3" doraHai="41" who="2" fromWho="2" sc="255,-61,235,-31,235,143,255,-31" />
</Scene>
<Scene>
<INIT seed="1,0,0,4,0,54" ten="194,204,378,224" oya="1" hai0="62,99,11,37,75,20,29,88,63,115,95,49,7" hai1="5,102,87,79,123,44,96,73,92,0,77,80,114" hai2="104,45,17,57,25,119,81,68,65,55,124,21,64" hai3="121,27,107,24,103,40,131,39,2,94,19,98,122"/><U10/><E114/><V50/><F104/><W125/><G2/><T117/><D37/><U43/><E123/><V106/><F106/><W3/><G3/><T86/><D75/><U120/><E120/><V69/><F124/><W16/><G125/><T52/><D117/><U72/><REACH who="1" step="1"/><E79/><REACH who="1" ten="194,194,378,224" step="2"/><V93/><F119/><W134/><G121/><T14/><D115/><U23/><E23/><V90/><F69/><W112/><G122/><T28/><D99/><U135/><E135/><V15/><F68/><W9/><G98/><T133/><D133/><U1/><E1/><V48/><F81/><W66/><G134/><T105/><D105/><U18/><E18/><V26/><F26/><W113/><G24/><N who="0" m="16391" /><D29/><U53/><E53/><V58/><F25/><W60/><G27/><T91/><D91/><U51/><AGARI ba="0,1" hai="0,5,10,43,44,51,72,73,77,80,87,92,96,102" machi="51" ten="20,7800,0" yaku="1,1,0,1,7,1,53,1" doraHai="54" doraHaiUra="78" who="1" fromWho="1" sc="194,-26,194,88,378,-26,224,-26" />
</Scene>
<Scene>
<INIT seed="1,1,0,3,3,11" ten="168,282,352,198" oya="1" hai0="45,41,67,94,115,61,126,65,102,80,95,127,101" hai1="79,6,120,131,105,4,69,39,28,132,71,109,21" hai2="54,5,77,116,91,33,124,134,0,74,17,31,114" hai3="133,73,98,30,118,63,88,19,82,58,9,66,87"/><U24/><E120/><V104/><F91/><W60/><G133/><T96/><D80/><U90/><E105/><V51/><F54/><W68/><G118/><T37/><D115/><U40/><E79/><V13/><F51/><W43/><G30/><T62/><D62/><U26/><E132/><V50/><F50/><W52/><G43/><T44/><D44/><U7/><E131/><V123/><F77/><W55/><G73/><T70/><REACH who="0" step="1"/><D67/><REACH who="0" ten="158,282,352,198" step="2"/><U75/><E75/><V125/><F74/><W49/><G98/><AGARI ba="1,1" hai="37,41,45,61,65,70,94,95,96,98,101,102,126,127" machi="98" ten="40,5200,0" yaku="1,1,2,1,9,1,53,0" doraHai="11" doraHaiUra="128" who="0" fromWho="3" sc="158,65,282,0,352,0,198,-55" />
</Scene>
<Scene>
<INIT seed="2,0,0,5,3,112" ten="223,282,352,143" oya="2" hai0="132,48,84,97,131,16,95,3,104,60,92,32,88" hai1="31,102,115,106,109,19,99,4,128,73,62,44,100" hai2="110,69,54,101,23,1,108,66,122,38,22,26,61" hai3="113,103,45,91,105,119,24,118,126,21,35,83,77"/><V86/><F1/><W85/><G113/><T93/><D3/><U63/><E115/><V33/><F38/><W121/><G121/><T111/><D32/><U117/><E73/><V124/><F122/><W5/><G35/><T76/><D132/><U14/><E4/><V37/><F37/><W12/><G126/><T17/><D131/><U90/><E31/><N who="2" m="19703" /><F86/><W20/><G45/><T42/><D111/><N who="2" m="42538" /><F124/><W123/><G123/><T59/><D76/><U70/><E128/><V46/><F101/><W74/><G5/><T41/><D104/><U51/><E102/><V94/><F94/><W27/><G12/><T11/><D92/><U25/><E100/><V134/><F134/><W28/><G74/><T135/><D135/><U67/><E106/><V57/><F46/><W72/><G72/><T7/><D95/><U133/><E44/><V87/><F87/><W6/><G6/><T18/><D84/><U75/><E75/><V107/><F107/><W120/><G120/><T39/><D39/><U36/><E36/><V30/><F30/><W98/><G77/><T15/><REACH who="0" step="1"/><D48/><AGARI ba="0,0" hai="22,23,48,54,57,61,66,69" m="42538,19703" machi="48" ten="30,2900,0" yaku="14,1,10,1" doraHai="112" who="2" fromWho="0" sc="223,-29,282,0,352,29,143,0" />
</Scene>
<Scene>
<INIT seed="2,1,0,3,0,46" ten="194,282,381,143" oya="2" hai0="35,52,0,1,55,76,123,36,117,6,124,121,133" hai1="79,91,57,65,40,51,47,122,45,54,26,100,49" hai2="80,98,83,110,97,13,9,4,94,87,41,30,125" hai3="96,72,3,10,85,39,59,92,58,128,22,33,77"/><V8/><F125/><W31/><G128/><T15/><D36/><U70/><E79/><V112/><F112/><W48/><G39/><T127/><D76/><U103/><E122/><V27/><F110/><W82/><G33/><T5/><D35/><U74/><E74/><V60/><F98/><W111/><G111/><T89/><D89/><U131/><E131/><V107/><F107/><W109/><G109/><T113/><D117/><U66/><E70/><V81/><F41/><W130/><G130/><T101/><D15/><U63/><E26/><V71/><F60/><W116/><G116/><T68/><D68/><U105/><E105/><V78/><F9/><W132/><G132/><T25/><D25/><U73/><E73/><V43/><F43/><W126/><G126/><T135/><REACH who="0" step="1"/><D101/><REACH who="0" ten="184,282,381,143" step="2"/><N who="1" m="38987" /><E91/><N who="2" m="55519" /><F71/><W129/><G129/><T119/><D119/><U90/><E90/><V19/><F30/><W21/><G72/><T23/><D23/><AGARI ba="1,1" hai="4,8,13,19,23,27,78,80,81,83,87" m="55519" machi="23" ten="30,1500,0" yaku="8,1" doraHai="46" who="2" fromWho="0" sc="184,-18,282,0,381,28,143,0" />
</Scene>
<Scene>
<INIT seed="2,2,0,0,4,90" ten="166,282,409,143" oya="2" hai0="9,119,70,118,115,16,105,106,25,5,128,10,51" hai1="122,85,103,39,29,71,33,68,28,3,53,114,107" hai2="92,59,130,81,132,67,110,94,48,66,2,23,82" hai3="84,116,20,125,60,123,41,99,12,124,83,45,91"/><V120/><F2/><W52/><G123/><T86/><D70/><U6/><E39/><V104/><F104/><W80/><G116/><N who="0" m="44587" /><D115/><U97/><E114/><V44/><F120/><W108/><G108/><T61/><D61/><U109/><E109/><V64/><F110/><W35/><G35/><T75/><D75/><U73/><E73/><V13/><F59/><N who="3" m="34919" /><G99/><T54/><D86/><U111/><E111/><V62/><F130/><W74/><G74/><T40/><D40/><U8/><E68/><V17/><F132/><W96/><G96/><T129/><D105/><U34/><E71/><V24/><F62/><W121/><G121/><T22/><D106/><U56/><E34/><V98/><F24/><W49/><G12/><N who="0" m="5167" /><D10/><U4/><E8/><V131/><F131/><W126/><G20/><T78/><D78/><U14/><E122/><V77/><F77/><W42/><G41/><T63/><D63/><U30/><E107/><V0/><F98/><W55/><G42/><T76/><D76/><U127/><E97/><V79/><F79/><W27/><G83/><N who="2" m="31753" /><F0/><W135/><G135/><T102/><D102/><U65/><E3/><V47/><F48/><W57/><G57/><AGARI ba="2,0" hai="16,22,25,51,54,57,128,129" m="5167,44587" machi="57" ten="30,2000,0" yaku="12,1,54,1" doraHai="90" who="0" fromWho="3" sc="166,26,282,0,409,0,143,-26" />
</Scene>
<Scene>
<INIT seed="3,0,0,1,3,132" ten="192,282,409,117" oya="3" hai0="22,79,36,124,32,55,17,90,85,107,122,71,72" hai1="47,11,113,7,24,99,96,108,38,33,29,100,31" hai2="135,112,61,2,114,78,128,58,84,69,73,44,92" hai3="119,82,88,117,53,106,39,115,6,98,0,23,101"/><W52/><G115/><T105/><D32/><U56/><E113/><V75/><F2/><W111/><G39/><T91/><D71/><U86/><E29/><V18/><F135/><W3/><G111/><T70/><D70/><U37/><E108/><V89/><F69/><W41/><G41/><T34/><D34/><U59/><E96/><V131/><F44/><W35/><G35/><T120/><D17/><U125/><E125/><V65/><F75/><W134/><G134/><T133/><D55/><U109/><E37/><V110/><F110/><W102/><G102/><T8/><D22/><U67/><E67/><V40/><F40/><W74/><G23/><T15/><D8/><U81/><E47/><V129/><F18/><W66/><G66/><T104/><D15/><U127/><E38/><V30/><F30/><W62/><G0/><T63/><D63/><U121/><E109/><V77/><F73/><W19/><G19/><T95/><D36/><U46/><E46/><V60/><F60/><W116/><G62/><T123/><D91/><U49/><E49/><V1/><F1/><W51/><G51/><T20/><D20/><U26/><E33/><V5/><F5/><W83/><G88/><T16/><D16/><U97/><E7/><V103/><F114/><W80/><REACH who="3" step="1"/><G74/><REACH who="3" ten="192,282,409,107" step="2"/><T94/><D133/><U9/><E100/><V27/><F112/><W126/><G126/><T45/><D124/><U43/><E127/><V13/><F103/><W42/><G42/><T48/><D72/><U12/><E43/><V10/><F65/><W68/><G68/><T25/><D90/><RYUUKYOKU ba="0,1" sc="192,-10,282,-10,409,-10,107,30" hai3="3,6,52,53,80,82,83,98,101,106,116,117,119" />
</Scene>
<Scene>
<INIT seed="3,1,1,1,0,115" ten="182,272,399,137" oya="3" hai0="132,63,13,67,15,44,88,45,104,18,109,49,46" hai1="77,96,4,28,38,2,51,70,64,42,32,87,131" hai2="56,21,1,39,111,78,50,54,114,112,103,55,100" hai3="14,81,107,84,59,34,33,37,80,119,17,5,127"/><W66/><G37/><T23/><D104/><U69/><E131/><V90/><F1/><W116/><G107/><T52/><D132/><U61/><E38/><V60/><F39/><W58/><G5/><T26/><D109/><U130/><E130/><V92/><F111/><W108/><G108/><T124/><D124/><U11/><E96/><V91/><F78/><W36/><G36/><T47/><REACH who="0" step="1"/><D88/><REACH who="0" ten="172,272,399,137" step="2"/><U35/><E77/><V72/><F91/><W105/><G105/><T95/><D95/><U30/><E35/><V10/><F90/><W65/><G127/><T76/><D76/><U101/><E32/><V94/><F92/><W9/><G34/><T20/><D20/><U93/><E93/><V24/><F94/><W79/><G33/><T133/><D133/><U97/><E101/><V75/><F21/><W31/><G81/><T27/><D27/><U74/><E97/><V128/><F24/><W40/><G79/><T129/><D129/><U73/><E73/><V113/><F128/><W125/><G80/><T85/><D85/><U25/><E87/><V89/><F89/><W71/><G84/><T48/><D48/><U12/><E25/><V0/><F100/><W86/><G86/><T41/><D41/><U106/><E106/><V121/><F103/><W8/><G40/><T43/><D43/><U68/><E74/><V135/><F135/><W117/><G125/><T6/><D6/><U83/><E83/><V82/><F82/><W22/><G22/><T118/><D118/><U98/><E98/><V16/><F75/><W57/><G119/><T99/><D99/><RYUUKYOKU ba="1,2" sc="172,30,272,-10,399,-10,137,-10" hai0="13,15,18,23,26,44,45,46,47,49,52,63,67" />
</Scene>
<Scene>
<INIT seed="4,2,2,0,5,88" ten="202,262,389,127" oya="0" hai0="19,117,133,6,9,120,18,49,45,108,124,109,30" hai1="35,102,34,81,93,111,15,10,42,61,51,86,123" hai2="50,66,4,13,5,113,97,87,71,62,96,37,40" hai3="68,1,135,115,20,83,25,105,107,125,130,134,82"/><T103/><D103/><U118/><E111/><N who="0" m="42569" /><D117/><U57/><E118/><V114/><F37/><W38/><G38/><T73/><D73/><U12/><E123/><V69/><F69/><W41/><G41/><N who="0" m="24751" /><D120/><U90/><E35/><V132/><F132/><W112/><G68/><T52/><D133/><N who="3" m="50697" /><G1/><N who="0" m="207" /><D30/><U16/><E34/><V95/><F4/><W17/><G130/><T64/><D64/><N who="1" m="38959" /><E12/><V75/><F13/><W48/><G125/><T94/><D124/><U0/><E0/><V26/><F75/><W110/><G110/><T43/><D43/><U22/><E102/><V126/><F40/><W27/><G27/><T84/><D52/><U11/><E81/><N who="3" m="30730" /><G48/><T21/><D21/><U8/><E22/><V121/><F50/><W99/><G105/><T78/><D78/><U31/><E31/><V79/><F79/><W47/><G47/><AGARI ba="2,2" hai="8,10,11,15,16,42,47,51,86,90,93" m="38959" machi="47" ten="30,3900,0" yaku="8,1,52,1,54,1" doraHai="88" who="1" fromWho="3" sc="202,0,262,65,389,0,127,-45" />
</Scene>
<Scene>
<INIT seed="5,0,0,5,4,10" ten="202,327,389,82" oya="1" hai0="115,34,105,97,74,9,18,95,37,70,110,88,23" hai1="56,71,76,28,120,17,90,35,49,33,61,32,73" hai2="51,8,86,72,75,27,78,36,126,7,55,104,103" hai3="60,26,43,80,14,62,44,57,3,130,5,2,46"/><U13/><E120/><V106/><F36/><W111/><G111/><T54/><D37/><U132/><E132/><V81/><F126/><W45/><G130/><T19/><D34/><U53/><E73/><V42/><F42/><W118/><G118/><T109/><D70/><U108/><E76/><V125/><F125/><W50/><G2/><T101/><D74/><U58/><E71/><V0/><F27/><W93/><G3/><T22/><D9/><U128/><E128/><V79/><F103/><W68/><G68/><T114/><D54/><U85/><E108/><V129/><F129/><W131/><G131/><T47/><D47/><N who="3" m="17993" /><G80/><T31/><D31/><U64/><E28/><V59/><F86/><W84/><G26/><N who="0" m="14679" /><D101/><U29/><E29/><V25/><F25/><W12/><G5/><T16/><D19/><U11/><REACH who="1" step="1"/><E33/><REACH who="1" ten="202,317,389,82" step="2"/><V99/><F78/><W15/><G57/><T66/><D109/><U20/><E20/><V122/><F75/><W98/><G84/><T127/><D110/><U52/><E52/><V82/><F79/><W69/><G69/><T30/><D127/><U89/><E89/><AGARI ba="0,1" hai="12,14,15,43,46,50,60,62,89,93,98" m="17993" machi="89" ten="30,7700,0" yaku="8,1,52,3" doraHai="10" who="3" fromWho="1" sc="202,0,317,-77,389,0,82,87" />
</Scene>
<Scene>
<INIT seed="6,0,0,4,2,26" ten="202,240,389,169" oya="2" hai0="96,0,109,134,15,131,107,25,29,5,39,18,12" hai1="48,58,38,128,21,82,110,81,111,24,42,91,71" hai2="30,79,11,135,121,44,27,120,50,17,64,125,62" hai3="53,51,70,31,2,23,80,106,97,35,65,66,133"/><V55/><F135/><W32/><G2/><T19/><D39/><U10/><E71/><V98/><F125/><W113/><G113/><T75/><D75/><U34/><E34/><V22/><F79/><W129/><G133/><T101/><D134/><U126/><E128/><V3/><F98/><W103/><G129/><T102/><D131/><U92/><E126/><V115/><F115/><W105/><G105/><T90/><D109/><U85/><E38/><V9/><F9/><W100/><G100/><T123/><D123/><U76/><E81/><V16/><F17/><W41/><G41/><T40/><D40/><U87/><E10/><V59/><REACH who="2" step="1"/><F30/><REACH who="2" ten="202,240,379,169" step="2"/><W73/><G31/><T37/><D19/><U28/><E111/><V99/><F99/><W93/><G97/><T47/><D101/><U78/><E110/><V54/><F54/><W20/><G53/><T6/><D90/><N who="1" m="53343" /><E42/><V33/><F33/><W36/><G35/><N who="0" m="20911" /><D18/><U46/><E76/><V45/><F45/><W124/><G32/><T63/><D47/><U1/><E46/><V8/><F8/><W56/><G124/><T122/><D102/><U119/><E78/><V95/><F95/><W52/><G103/><T67/><D107/><U57/><E28/><V116/><F116/><W89/><G106/><T74/><D96/><U130/><E119/><V117/><F117/><W61/><G93/><T104/><D104/><U14/><E130/><V112/><F112/><W7/><G89/><T83/><D74/><U13/><E91/><V132/><F132/><W114/><G114/><T127/><D127/><U4/><E4/><AGARI ba="0,1" hai="3,4,11,16,22,27,44,50,55,59,62,64,120,121" machi="4" ten="40,12000,1" yaku="1,1,6,1,54,1,53,1" doraHai="26" doraHaiUra="49" who="2" fromWho="1" sc="202,0,240,-120,379,130,169,0" />
</Scene>
<Scene>
<INIT seed="6,1,0,5,4,74" ten="202,120,509,169" oya="2" hai0="38,37,68,107,53,25,28,43,41,48,36,128,39" hai1="92,90,95,134,113,112,111,83,54,122,52,116,82" hai2="85,86,32,72,12,20,19,46,102,60,14,9,17" hai3="99,101,84,119,27,22,130,126,100,97,94,5,23"/><V131/><F32/><W64/><G130/><T110/><D107/><U91/><E111/><V4/><F72/><W67/><G126/><T123/><D110/><U2/><E2/><V55/><F102/><W10/><G119/><T35/><D123/><U80/><E116/><V62/><F131/><W8/><G84/><T66/><D128/><U81/><E81/><V0/><F0/><W45/><G45/><T71/><N who="0" m="9216" /><DORA hai="70" /><T103/><D103/><U15/><E15/><V56/><F46/><W29/><G23/><T125/><D125/><U108/><E108/><V96/><F96/><W24/><G24/><T106/><D106/><U78/><E78/><V16/><F62/><W40/><G40/><T114/><D114/><N who="1" m="44139" /><E134/><V11/><F20/><W61/><G61/><T77/><D77/><U58/><E122/><V59/><F59/><W47/><G47/><T7/><D7/><AGARI ba="1,0" hai="4,7,9,11,12,14,16,17,19,55,56,60,85,86" machi="7" ten="40,7700,0" yaku="9,1,8,1,54,1" doraHai="74,70" who="2" fromWho="0" sc="202,-80,120,0,509,80,169,0" />
</Scene>
<Scene>
<INIT seed="6,2,0,0,5,32" ten="122,120,589,169" oya="2" hai0="34,58,55,0,11,119,20,86,84,27,126,125,9" hai1="21,106,43,64,80,131,113,99,66,123,68,62,118" hai2="67,70,108,85,17,48,69,15,71,41,128,26,78" hai3="39,54,100,103,59,44,7,52,92,1,65,13,116"/><V129/><F26/><W124/><G116/><T101/><D101/><U28/><E118/><V135/><F78/><W97/><G124/><N who="0" m="47723" /><D34/><U90/><E113/><V50/><F85/><N who="0" m="32874" /><D119/><U98/><E131/><N who="2" m="50251" /><F15/><W5/><G1/><T12/><D12/><U102/><E64/><V61/><F17/><W122/><G103/><T36/><D36/><U25/><E43/><V30/><F30/><W40/><G122/><T114/><D114/><U134/><E134/><V38/><F135/><W31/><G31/><N who="0" m="17895" /><D0/><U77/><E123/><V8/><F8/><W121/><G121/><T79/><D79/><U95/><E77/><V76/><F76/><W130/><G13/><T109/><D109/><U115/><E115/><V53/><F108/><W91/><G130/><T37/><D37/><U51/><REACH who="1" step="1"/><E51/><AGARI ba="2,0" hai="9,11,51,55,58" m="17895,32874,47723" machi="51" ten="30,1000,0" yaku="18,1" doraHai="32" who="0" fromWho="1" sc="122,16,120,-16,589,0,169,0" />
</Scene>
<Scene>
<INIT seed="7,0,0,0,5,42" ten="138,104,589,169" oya="3" hai0="126,112,17,39,31,18,46,90,9,49,119,55,77" hai1="94,114,7,57,2,23,96,80,104,61,116,45,50" hai2="78,72,15,86,32,38,51,135,43,44,131,41,11" hai3="98,79,8,92,87,74,127,88,63,128,125,59,19"/><W123/><G123/><T30/><D39/><U76/><E114/><V66/><F32/><W133/><G128/><T109/><D119/><U27/><E116/><V124/><F72/><W35/><G19/><T113/><D109/><U108/><E108/><V71/><F135/><W56/><G8/><T3/><D77/><U103/><E7/><V129/><F124/><W47/><G59/><T93/><D126/><U25/><E2/><V20/><F20/><W48/><G56/><T10/><D3/><U102/><E104/><V36/><F66/><W12/><G12/><N who="0" m="7311" /><D113/><U13/><E103/><V73/><F73/><W134/><G74/><T82/><D82/><U70/><E70/><V6/><F71/><W81/><G81/><T68/><D68/><U83/><E13/><V34/><F34/><W21/><G35/><T106/><D106/><U14/><E14/><V0/><F0/><W120/><G127/><T37/><D37/><U16/><E76/><V91/><F78/><W130/><G79/><T5/><D5/><U117/><E25/><V107/><F107/><W65/><G134/><T28/><D112/><U22/><E22/><V101/><F131/><W40/><G21/><T67/><D67/><N who="1" m="39343" /><E117/><V97/><F129/><W121/><G130/><T84/><D10/><U53/><AGARI ba="0,0" hai="16,23,27,45,50,53,80,83,94,96,102" m="39343" machi="53" ten="30,4000,0" yaku="8,1,52,1,54,1" doraHai="42" who="1" fromWho="1" sc="138,-10,104,40,589,-10,169,-20" owari="128,-37.0,144,-26.0,579,68.0,149,-5.0" />
</Scene>
</mjloggm>