<mjloggm ver="2.3"><GO type="169" lobby="0"/><UN n0="%E3%81%99%E3%81%9A%E3%82%81%E3%82%AF%E3%83%AC%E3%82%A4%E3%82%B8%E3%83%BC" n1="%74%61%63%6F%73" n2="%E3%81%82%E3%81%84%E3%81%A0%E3%81%A6" n3="%E3%82%B8%E3%83%A3%E3%82%B9%E3%82%BF%E3%82%A6%E3%82%A7%E3%82%A4" dan="19,16,16,16" rate="2273.92,2054.72,2145.97,2118.96" sx="M,M,M,M"/><TAIKYOKU oya="0"/>

<Scene>
<INIT seed="0,0,0,3,1,39" ten="250,250,250,250" oya="0" hai0="51,116,121,119,42,117,16,54,27,67,89,73,72" hai1="56,87,130,105,47,123,127,11,59,41,103,88,10" hai2="102,63,38,8,77,48,114,29,6,95,12,65,53" hai3="34,109,111,35,83,43,94,101,91,49,0,33,3"/><T99/><D121/><U126/><E123/><V133/><F133/><W55/><G101/><T20/><D67/><U112/><E130/><V17/><F38/><W14/><G83/><T132/><D132/><U32/><E32/><V7/><F114/><W45/><G14/><T118/><N who="0" m="29696" /><DORA hai="1" /><T92/><REACH who="0" step="1"/><D42/><REACH who="0" ten="240,250,250,250" step="2"/><U25/><E112/><V2/><F65/><W76/><G43/><T23/><D23/><U84/><E41/><V60/><F29/><W70/><G70/><T134/><D134/><U66/><E66/><V9/><F77/><W86/><REACH who="3" step="1"/><G76/><REACH who="3" ten="240,250,250,240" step="2"/><T4/><D4/><U98/><E126/><V50/><F7/><W106/><G106/><T69/><D69/><U19/><E127/><V71/><F71/><W82/><G82/><T135/><D135/><U61/><E105/><V36/><F6/><W90/><G90/><T128/><D128/><U28/><E88/><V26/><F26/><W31/><G31/><T62/><D62/><U131/><E25/><V100/><F63/><W18/><G18/><T97/><D97/><U22/><E28/><V37/><F60/><W124/><G124/><T122/><D122/><U115/><E61/><V24/><F24/><W81/><G81/><T108/><D108/><AGARI ba="0,2" hai="0,3,33,34,35,45,49,55,86,91,94,108,109,111" machi="108" ten="50,8000,1" yaku="1,1,14,1,53,2" doraHai="39,1" doraHaiUra="80,40" who="3" fromWho="0" sc="240,-80,250,0,250,0,240,100" />
</Scene>
<Scene>
<INIT seed="1,0,0,3,2,102" ten="160,250,250,340" oya="1" hai0="98,111,71,24,10,12,2,128,60,117,29,7,67" hai1="72,54,81,110,107,44,74,46,115,17,86,95,13" hai2="28,23,78,90,91,49,42,34,8,122,120,43,85" hai3="116,30,76,55,69,118,5,109,124,15,63,52,6"/><U21/><E115/><V126/><F126/><W3/><G109/><T48/><D111/><U73/><E110/><V22/><F34/><W32/><G124/><T127/><D128/><U50/><E107/><V80/><F122/><W113/><G113/><T4/><D127/><U82/><E95/><V39/><F39/><W106/><G106/><T59/><D117/><N who="3" m="45161" /><G76/><T51/><D4/><U65/><E65/><V131/><F131/><W0/><G30/><T119/><D119/><U57/><REACH who="1" step="1"/><E81/><REACH who="1" ten="160,240,250,340" step="2"/><V75/><F120/><W104/><G104/><T87/><D98/><U36/><E36/><V105/><F105/><W92/><G92/><T108/><D108/><U94/><E94/><V114/><F114/><W61/><G69/><T121/><D71/><U83/><E83/><V100/><F80/><W40/><G0/><T123/><D123/><U112/><E112/><V88/><F100/><W33/><G3/><T84/><D121/><U27/><E27/><V14/><F75/><W38/><G15/><T96/><D96/><U58/><E58/><V132/><F85/><W16/><G38/><T135/><D2/><U101/><E101/><V35/><F90/><AGARI ba="0,1" hai="13,17,21,44,46,50,54,57,72,73,74,82,86,90" machi="90" ten="40,3900,0" yaku="1,1,53,1" doraHai="102" doraHaiUra="45" who="1" fromWho="2" sc="160,0,240,49,250,-39,340,0" />
</Scene>
<Scene>
<INIT seed="1,1,0,4,0,9" ten="160,289,211,340" oya="1" hai0="4,87,19,130,39,127,33,93,68,70,16,34,88" hai1="118,132,10,60,106,79,83,112,122,77,25,37,20" hai2="59,120,135,109,21,30,0,80,55,46,22,108,62" hai3="48,72,133,97,43,99,31,81,91,107,74,42,49"/><U27/><E122/><V38/><F0/><W8/><G31/><T82/><D39/><U61/><E37/><V102/><F120/><W104/><G8/><T86/><D130/><U121/><E106/><V134/><F102/><W2/><G81/><T69/><D4/><U12/><E121/><V71/><F80/><W36/><G36/><T73/><D73/><U115/><E118/><V75/><F75/><W50/><G2/><T65/><D65/><U131/><E131/><V41/><F30/><W92/><G49/><T44/><D44/><U23/><E83/><V3/><F3/><W11/><G11/><T17/><REACH who="0" step="1"/><D127/><REACH who="0" ten="150,289,211,340" step="2"/><U125/><E125/><V45/><F45/><W100/><G74/><T128/><D128/><U85/><E115/><V95/><F21/><W78/><G72/><T117/><D117/><U124/><E20/><V24/><F71/><W66/><G66/><T110/><D110/><U114/><E23/><V7/><F7/><W98/><G107/><T53/><D53/><U35/><E124/><V116/><F116/><W47/><G104/><T26/><D26/><U111/><E111/><N who="2" m="42571" /><F95/><W29/><G47/><T51/><D51/><U105/><E112/><V64/><F64/><W6/><G6/><T32/><D32/><U14/><E35/><V123/><F123/><W52/><G50/><T84/><D84/><U15/><E85/><V5/><F5/><W58/><G48/><T76/><AGARI ba="1,1" hai="16,17,19,33,34,68,69,70,76,82,86,87,88,93" machi="76" ten="40,8000,1" yaku="1,1,0,1,54,2,53,0" doraHai="9" doraHaiUra="94" who="0" fromWho="0" sc="150,93,289,-41,211,-21,340,-21" />
</Scene>
<Scene>
<INIT seed="2,0,0,5,0,99" ten="243,248,190,319" oya="2" hai0="54,75,46,40,37,50,49,108,116,8,22,36,126" hai1="88,101,47,106,95,67,81,23,102,12,5,60,38" hai2="122,86,42,41,109,132,31,44,73,115,123,134,59" hai3="110,117,79,130,61,77,125,21,27,63,14,13,128"/><V131/><F73/><W98/><G110/><T11/><D75/><U10/><E106/><V70/><F31/><W119/><G98/><T129/><D108/><U56/><E81/><V26/><F26/><W74/><G74/><T118/><D129/><U90/><E90/><V45/><F86/><W76/><G125/><T34/><D22/><U18/><E47/><N who="2" m="17995" /><F109/><W6/><G6/><T9/><D34/><U55/><E38/><V39/><F70/><W127/><G127/><T124/><D54/><U2/><REACH who="1" step="1"/><E55/><REACH who="1" ten="243,238,190,319" step="2"/><V64/><F39/><W62/><G130/><T53/><D37/><U24/><E24/><V68/><F131/><W96/><G128/><T35/><D36/><U135/><E135/><N who="2" m="51755" /><F68/><W104/><G27/><T85/><D126/><U4/><E4/><V66/><F115/><W65/><G104/><T30/><D124/><U94/><E94/><V25/><F25/><W133/><G133/><T89/><D53/><U69/><E69/><V97/><F97/><AGARI ba="0,1" hai="2,5,10,12,18,23,56,60,67,88,95,97,101,102" machi="97" ten="30,12000,2" yaku="1,1,7,1,52,2,54,1,53,1" doraHai="99" doraHaiUra="7" who="1" fromWho="2" sc="243,0,238,130,190,-120,319,0" />
</Scene>
<Scene>
<INIT seed="3,0,0,5,3,84" ten="243,368,70,319" oya="3" hai0="101,30,78,114,37,17,4,8,42,45,5,16,115" hai1="14,59,127,83,44,53,64,10,66,58,67,120,63" hai2="56,100,112,95,0,99,23,75,13,72,34,3,25" hai3="24,109,68,104,61,54,69,105,111,74,70,12,33"/><W81/><G12/><T113/><D30/><U119/><E120/><V103/><F112/><W122/><G54/><T102/><D78/><U92/><E119/><V98/><F34/><W116/><G116/><T132/><D132/><U38/><E127/><V41/><F13/><W108/><G61/><T117/><D117/><U21/><E21/><V18/><F41/><W133/><G133/><T87/><D87/><U118/><E118/><V32/><F32/><W85/><G122/><T47/><D45/><U29/><E29/><V91/><F100/><N who="0" m="38506" /><D4/><U7/><E83/><V82/><F56/><W89/><G74/><T73/><D73/><U106/><E106/><N who="3" m="41066" /><G24/><T128/><D128/><U36/><E44/><V125/><F125/><W130/><G33/><T76/><D76/><U93/><REACH who="1" step="1"/><E59/><REACH who="1" ten="243,358,70,319" step="2"/><V48/><F72/><W57/><G57/><T65/><D114/><U107/><E107/><V39/><F75/><W6/><G6/><T1/><D113/><U126/><E126/><V28/><F28/><W79/><G130/><T15/><D115/><U43/><E43/><V94/><F82/><W135/><G135/><T46/><D46/><U11/><E11/><V52/><REACH who="2" step="1"/><F39/><AGARI ba="0,1" hai="7,10,14,36,38,39,53,58,63,64,66,67,92,93" machi="39" ten="40,1300,0" yaku="1,1,53,0" doraHai="84" doraHaiUra="110" who="1" fromWho="2" sc="243,0,358,23,70,-13,319,0" />
</Scene>
<Scene>
<INIT seed="4,0,0,4,2,120" ten="243,381,57,319" oya="0" hai0="61,133,83,2,135,45,4,66,53,91,16,100,34" hai1="35,76,117,25,107,23,14,81,31,10,55,88,0" hai2="19,86,49,74,109,131,113,106,126,33,85,98,94" hai3="62,48,57,90,105,12,127,134,132,128,104,56,7"/><T60/><D34/><U89/><E107/><V80/><F113/><W102/><G128/><T110/><D100/><U122/><E117/><V96/><F33/><W26/><G127/><T108/><D4/><N who="1" m="1287" /><E55/><V46/><F126/><W129/><G129/><T65/><D2/><U9/><E9/><V17/><F131/><W58/><G62/><N who="0" m="24171" /><D16/><N who="1" m="10647" /><E122/><V50/><F74/><AGARI ba="0,0" hai="25,31,35,74,76,81,88,89" m="10647,1287" machi="74" ten="30,3900,0" yaku="24,1,54,2" doraHai="120" who="1" fromWho="2" sc="243,0,381,39,57,-39,319,0" />
</Scene>
<Scene>
<INIT seed="5,0,0,2,0,105" ten="243,420,18,319" oya="1" hai0="128,51,55,99,110,6,96,22,87,38,83,132,116" hai1="102,108,19,48,29,23,120,91,18,60,71,58,27" hai2="112,40,133,41,9,31,34,13,39,35,131,11,115" hai3="8,129,65,4,109,101,73,107,33,94,106,126,100"/><U70/><E120/><V10/><F39/><W68/><G109/><T127/><D110/><U1/><E1/><V130/><F13/><W122/><G122/><T80/><D38/><U25/><E108/><V74/><F31/><W14/><G33/><N who="2" m="12297" /><F133/><W63/><G129/><N who="2" m="49161" /><F74/><W89/><G126/><T15/><D127/><U5/><E5/><V30/><F30/><W95/><G95/><T98/><D132/><U43/><E102/><V52/><F52/><W118/><G118/><T134/><D116/><U37/><E37/><V123/><F123/><W26/><G26/><T79/><D134/><U93/><E18/><V32/><N who="2" m="12305" /><V3/><DORA hai="47" /><F3/><W85/><G73/><T121/><D121/><U49/><E43/><N who="2" m="16459" /><F112/><W92/><G92/><T36/><D36/><U76/><E29/><V104/><F115/><W61/><G101/><T75/><D128/><U50/><E25/><V66/><F66/><W117/><G117/><T69/><D75/><U17/><E17/><V103/><F103/><W124/><G124/><T46/><D22/><U56/><E19/><V84/><F84/><W54/><G100/><T111/><D111/><U62/><E23/><V16/><F16/><W24/><G24/><T0/><D0/><U86/><E27/><V77/><F77/><W78/><G78/><N who="0" m="46487" /><D15/><U64/><E76/><V45/><F45/><W7/><G7/><T28/><D6/><U42/><E42/><V90/><F90/><W21/><G21/><T82/><D28/><U72/><E72/><V2/><F2/><W88/><G89/><T57/><D79/><U67/><AGARI ba="0,0" hai="48,49,50,56,58,60,62,64,67,70,71,86,91,93" machi="67" ten="30,18000,2" yaku="5,1,0,1,9,1,52,3" doraHai="105,47" who="1" fromWho="1" sc="243,-60,420,180,18,-60,319,-60" owari="183,-22.0,600,70.0,-42,-54.0,259,6.0" />
</Scene>
</mjloggm>