<mjloggm ver="2.3"><GO type="169" lobby="0"/><UN n0="%73%61%69%72%61%73%75" n1="%E3%81%99%E3%81%9A%E3%82%81%E3%82%AF%E3%83%AC%E3%82%A4%E3%82%B8%E3%83%BC" n2="%E8%B5%A4%E8%A3%8F%E3%83%9B%E3%82%B7%E3%83%BC%E3%83%8E" n3="%73%65%61%73%75%69" dan="18,19,16,16" rate="2180.52,2278.34,2099.91,2102.79" sx="M,M,M,M"/><TAIKYOKU oya="0"/>

<Scene>
<INIT seed="0,0,0,0,1,106" ten="250,250,250,250" oya="0" hai0="76,37,112,4,16,88,11,53,107,8,125,80,130" hai1="114,39,63,123,103,121,110,131,94,95,85,15,104" hai2="51,27,7,6,87,92,118,21,83,19,31,45,46" hai3="56,90,109,73,17,84,12,113,61,14,102,43,38"/><T23/><D112/><U62/><E114/><V36/><F118/><W34/><G113/><T108/><D107/><U133/><E39/><V128/><F128/><W41/><G34/><T96/><D130/><U3/><E3/><V98/><F36/><W91/><G109/><T122/><D122/><U124/><E110/><V10/><F31/><W44/><G43/><T99/><D108/><U0/><E0/><V60/><F60/><W81/><G102/><T135/><D37/><U129/><E104/><V18/><F18/><W79/><G91/><T48/><D135/><U13/><E133/><V65/><F65/><W72/><G90/><T40/><D40/><U47/><E124/><V55/><F46/><W101/><G101/><T42/><D42/><U30/><E103/><N who="2" m="60871" /><F10/><N who="0" m="3626" /><D76/><AGARI ba="0,0" hai="6,7,19,21,27,45,51,55,76,83,87" m="60871" machi="76" ten="30,1000,0" yaku="8,1" doraHai="106" who="2" fromWho="0" sc="250,-10,250,0,250,10,250,0" />
</Scene>
<Scene>
<INIT seed="1,0,0,0,1,75" ten="240,250,260,250" oya="1" hai0="118,17,28,25,18,34,64,42,119,24,59,37,80" hai1="55,35,106,10,107,73,86,71,56,22,44,110,99" hai2="51,62,130,31,117,66,126,81,133,105,103,111,116" hai3="12,14,41,49,6,93,20,87,92,112,104,2,50"/><U96/><E71/><V38/><F38/><W3/><G104/><T4/><D37/><U79/><E35/><V74/><F31/><W48/><G41/><T131/><D42/><U100/><E73/><V1/><F51/><W78/><G112/><T69/><D69/><U23/><E44/><V8/><F8/><W21/><G6/><T94/><D4/><U57/><E10/><V16/><F62/><W101/><G101/><T58/><D94/><U84/><E110/><V97/><F66/><W132/><G132/><T32/><D80/><U9/><E9/><V76/><F16/><W54/><G54/><T61/><D131/><U11/><E11/><V83/><F1/><W40/><G40/><T102/><D102/><U36/><E36/><V65/><F65/><W134/><G134/><T27/><D27/><U121/><E100/><V114/><F133/><W63/><G63/><T72/><D72/><U53/><REACH who="1" step="1"/><E79/><REACH who="1" ten="240,240,260,250" step="2"/><N who="2" m="44279" /><F111/><W108/><G108/><T33/><D33/><U60/><E60/><V70/><F70/><W113/><G113/><T89/><D61/><U95/><E95/><V127/><F114/><W124/><G92/><T39/><D39/><U29/><E29/><V82/><F130/><W67/><G2/><T120/><D28/><U128/><E128/><V77/><F83/><W45/><G3/><T5/><D64/><U85/><E85/><N who="2" m="48327" /><F77/><W7/><G67/><T46/><D46/><U15/><E15/><V13/><F13/><W109/><G14/><T88/><D5/><U125/><E125/><AGARI ba="0,1" hai="97,103,105,116,117,125,126,127" m="48327,44279" machi="125" ten="30,8000,1" yaku="18,1,34,2,52,2" doraHai="75" who="2" fromWho="1" sc="240,0,240,-80,260,90,250,0" />
</Scene>
<Scene>
<INIT seed="2,0,0,2,3,30" ten="240,160,350,250" oya="2" hai0="61,62,25,134,74,49,102,117,121,66,115,92,58" hai1="95,19,108,116,16,64,4,47,22,91,28,60,103" hai2="104,51,10,44,124,75,35,67,77,5,56,63,55" hai3="100,70,41,85,42,96,38,18,105,87,123,39,126"/><V106/><F124/><W86/><G123/><T65/><D121/><U97/><E108/><V12/><F75/><W45/><G70/><T3/><D115/><U0/><E116/><V34/><REACH who="2" step="1"/><F77/><REACH who="2" ten="240,160,340,250" step="2"/><W112/><G126/><T1/><D74/><U80/><E0/><V9/><F9/><W78/><G112/><T15/><D117/><U6/><E47/><V53/><F53/><W129/><G129/><T17/><D1/><U131/><E131/><V83/><F83/><W127/><G127/><T73/><D73/><U133/><E80/><V29/><F29/><W27/><G78/><T59/><D3/><U20/><E28/><V90/><F90/><W13/><G41/><T31/><D134/><U76/><E76/><V50/><F50/><W46/><G42/><T128/><D49/><U72/><E72/><V111/><F111/><W11/><G39/><T89/><D128/><U69/><E91/><V93/><F93/><W81/><G38/><T125/><D89/><U114/><E114/><V82/><F82/><W32/><G81/><T107/><D125/><U57/><E133/><V21/><F21/><W26/><G11/><N who="0" m="6399" /><D107/><AGARI ba="0,1" hai="5,10,12,34,35,44,51,55,56,63,67,104,106,107" machi="107" ten="40,12000,1" yaku="1,1,52,2,53,1" doraHai="30" doraHaiUra="54" who="2" fromWho="0" sc="240,-120,160,0,340,130,250,0" />
</Scene>
<Scene>
<INIT seed="2,1,0,5,0,68" ten="120,160,470,250" oya="2" hai0="105,81,74,18,73,79,96,36,44,12,127,123,29" hai1="102,15,61,39,33,7,111,115,53,66,77,6,41" hai2="82,28,133,135,71,101,27,93,3,78,84,106,57" hai3="2,32,1,99,80,30,34,65,94,132,45,24,118"/><V92/><F3/><N who="3" m="1035" /><G80/><T87/><D123/><U9/><E33/><N who="3" m="12906" /><G94/><T104/><D127/><U43/><E111/><V11/><F71/><W35/><G99/><T95/><D29/><U16/><E115/><V91/><F57/><W120/><G65/><T119/><D119/><U48/><E77/><V21/><F11/><W25/><G45/><T37/><D44/><N who="1" m="23615" /><E43/><V55/><F55/><W113/><G118/><T128/><D128/><U40/><E102/><V67/><F67/><W64/><G64/><T31/><D31/><U4/><E4/><V70/><F70/><W56/><G56/><T59/><D59/><N who="1" m="33191" /><E40/><V69/><F69/><AGARI ba="1,0" hai="6,7,9,15,16,61,66,69" m="33191,23615" machi="69" ten="30,3900,0" yaku="24,1,52,1,54,1" doraHai="68" who="1" fromWho="2" sc="120,0,160,42,470,-42,250,0" />
</Scene>
<Scene>
<INIT seed="3,0,0,5,3,26" ten="120,202,428,250" oya="3" hai0="97,48,47,60,30,42,44,85,61,81,71,64,33" hai1="32,31,56,116,93,92,83,74,69,54,29,115,105" hai2="77,133,58,11,89,98,100,120,76,50,15,75,90" hai3="131,14,124,102,53,94,52,10,1,62,36,113,87"/><W132/><G113/><T12/><D61/><U6/><E105/><V5/><F133/><W8/><G132/><T129/><D129/><U57/><E69/><V95/><F120/><W63/><G131/><T82/><D12/><U34/><E6/><V51/><F75/><W66/><G36/><T55/><D97/><U23/><E23/><V114/><F114/><W22/><G124/><T135/><D135/><U41/><E115/><V0/><F0/><W127/><G127/><T3/><D3/><U37/><E83/><V78/><F51/><W18/><G1/><T46/><D81/><U101/><E74/><V19/><F5/><W68/><G62/><T25/><REACH who="0" step="1"/><D42/><REACH who="0" ten="110,202,428,250" step="2"/><U109/><E41/><V38/><F98/><W28/><G8/><T126/><D126/><U79/><E101/><V103/><F103/><W106/><G106/><T20/><D20/><U110/><E93/><V122/><F95/><W88/><REACH who="3" step="1"/><G102/><REACH who="3" ten="110,202,428,240" step="2"/><T4/><D4/><U70/><E110/><V80/><F11/><W125/><G125/><T67/><D67/><U45/><E109/><V84/><F100/><W130/><G130/><T2/><D2/><U73/><E70/><V134/><F134/><W99/><G99/><T65/><D65/><U86/><E92/><V16/><F122/><W104/><G104/><T59/><D59/><U21/><E57/><V118/><F58/><W24/><AGARI ba="0,2" hai="10,14,18,22,24,28,52,53,63,66,68,87,88,94" machi="24" ten="30,18000,2" yaku="1,1,0,1,52,1,54,2,53,1" doraHai="26" doraHaiUra="7" who="3" fromWho="3" sc="110,-60,202,-60,428,-60,240,200" />
</Scene>
<Scene>
<INIT seed="3,1,0,0,2,46" ten="50,142,368,440" oya="3" hai0="72,50,81,86,12,60,82,119,22,57,76,45,118" hai1="8,27,9,21,24,18,23,90,95,122,10,31,66" hai2="6,55,110,56,101,47,69,14,89,25,96,28,63" hai3="111,99,52,126,94,58,87,3,117,32,77,39,36"/><W75/><G117/><T73/><D22/><U80/><E122/><V85/><F110/><W53/><G3/><T84/><D12/><U59/><E80/><V129/><F129/><W98/><G75/><T44/><D60/><U93/><E90/><V26/><F69/><W97/><G111/><T131/><D57/><U130/><E130/><V1/><F1/><W40/><G32/><T29/><D29/><U20/><E20/><V133/><F133/><W62/><G126/><T64/><D131/><U105/><E105/><V114/><F114/><W61/><G40/><T74/><D64/><U13/><E13/><V132/><F132/><W67/><G53/><T35/><D35/><U15/><E15/><V48/><F28/><W91/><REACH who="3" step="1"/><G77/><REACH who="3" ten="50,142,368,430" step="2"/><T11/><D119/><U120/><E120/><V7/><F7/><W4/><G4/><T127/><D118/><U134/><E134/><V88/><F14/><W2/><G2/><T108/><D127/><U123/><E123/><V19/><F6/><W71/><AGARI ba="1,1" hai="36,39,52,58,61,62,67,71,87,91,94,97,98,99" machi="71" ten="30,6000,0" yaku="1,1,0,1,54,1,53,0" doraHai="46" doraHaiUra="113" who="3" fromWho="3" sc="50,-21,142,-21,368,-21,430,73" />
</Scene>
<Scene>
<INIT seed="3,2,0,4,3,89" ten="29,121,347,503" oya="3" hai0="17,42,44,73,68,47,40,43,30,86,64,3,34" hai1="102,88,66,11,128,35,117,49,105,135,56,67,65" hai2="72,21,55,18,6,33,119,51,108,76,28,15,103" hai3="16,95,93,53,2,113,14,126,78,118,127,81,37"/><W45/><G113/><T27/><D73/><U94/><E35/><V48/><F103/><W109/><G118/><T8/><D68/><U82/><E105/><V90/><F119/><W100/><G2/><T104/><D64/><U124/><E128/><V7/><F76/><W58/><G109/><T22/><D104/><U85/><E135/><V133/><F72/><W4/><G4/><T99/><D99/><N who="1" m="59767" /><E124/><N who="3" m="47658" /><G100/><T23/><D34/><U61/><E117/><V87/><F6/><W20/><G45/><T107/><D107/><U19/><E49/><V110/><F7/><W130/><G37/><T12/><D3/><U70/><E70/><V60/><F133/><W59/><G130/><T83/><REACH who="0" step="1"/><D8/><REACH who="0" ten="19,121,347,503" step="2"/><U54/><E11/><V97/><F110/><W69/><G69/><T131/><D131/><U132/><E132/><V92/><F108/><W9/><G9/><T1/><D1/><U57/><E19/><V52/><F18/><W31/><G31/><T125/><D125/><U39/><E66/><V129/><F28/><W5/><G5/><T121/><D121/><U26/><E67/><V114/><F129/><W74/><G58/><T106/><D106/><U98/><E57/><V115/><F33/><W123/><G123/><T101/><D101/><U120/><E120/><V0/><F0/><W10/><G10/><T32/><D32/><U36/><E56/><V96/><F21/><W71/><G71/><T13/><D13/><U91/><E65/><V79/><F15/><W29/><G29/><T75/><D75/><U62/><E26/><V84/><F115/><W50/><AGARI ba="2,1" hai="14,16,20,50,53,59,74,78,81,93,95" m="47658" machi="50" ten="30,12000,1" yaku="5,1,18,1,52,2,54,1" doraHai="89" who="3" fromWho="3" sc="19,-42,121,-42,347,-42,503,136" owari="-23,-52.0,79,-32.0,305,11.0,639,73.0" />
</Scene>
</mjloggm>