<mjloggm ver="2.3"><GO type="169" lobby="0"/><UN n0="%E8%A1%80%E7%85%99" n1="%E6%9A%97%E3%81%84%E7%AC%A6" n2="%E3%81%99%E3%81%9A%E3%82%81%E3%82%AF%E3%83%AC%E3%82%A4%E3%82%B8%E3%83%BC" n3="%E9%BA%BB%E7%94%9F%E9%9B%80%E5%AD%90" dan="16,16,19,16" rate="2058.62,2037.50,2283.63,2117.47" sx="M,M,M,F"/><TAIKYOKU oya="0"/>

<Scene>
<INIT seed="0,0,0,1,2,80" ten="250,250,250,250" oya="0" hai0="118,57,119,98,20,55,113,31,129,43,84,25,50" hai1="10,41,126,116,127,79,36,112,96,26,42,123,2" hai2="1,88,124,24,101,53,85,97,120,11,134,59,47" hai3="58,45,89,90,51,9,76,34,122,94,83,68,132"/><T3/><D3/><U61/><E116/><V8/><F134/><W104/><G68/><T18/><D113/><U107/><E26/><V130/><F130/><W75/><G104/><T69/><D69/><U39/><E61/><V105/><F124/><N who="1" m="47657" /><E123/><V54/><F1/><W6/><G132/><T114/><D114/><U5/><E112/><V117/><F117/><W38/><G34/><T77/><D98/><U82/><E96/><V108/><F108/><W91/><G58/><T17/><D129/><U7/><E5/><V40/><F24/><W121/><G94/><T30/><D43/><N who="1" m="16395" /><E107/><V109/><F109/><W29/><G29/><T13/><D118/><U111/><E111/><V37/><F54/><N who="3" m="30063" /><G38/><T28/><D119/><U74/><AGARI ba="0,0" hai="2,7,10,36,39,74,79,82" m="16395,47657" machi="74" ten="30,1100,0" yaku="18,1" doraHai="80" who="1" fromWho="1" sc="250,-5,250,11,250,-3,250,-3" />
</Scene>
<Scene>
<INIT seed="1,0,0,1,3,71" ten="245,261,247,247" oya="1" hai0="4,24,123,1,40,95,58,45,130,100,69,61,12" hai1="53,77,84,134,25,102,76,115,97,81,17,86,67" hai2="70,27,110,13,122,10,108,98,133,16,20,47,119" hai3="103,129,26,78,131,85,54,72,66,112,74,6,51"/><U48/><E67/><V9/><F70/><W41/><G112/><T15/><D123/><U46/><E115/><V107/><F107/><W104/><G41/><T2/><D130/><N who="3" m="49673" /><G66/><T96/><D69/><U50/><E134/><V73/><F73/><W82/><G6/><T5/><D24/><U36/><E50/><V21/><F98/><N who="3" m="61559" /><G26/><T35/><D35/><U38/><E25/><V114/><F47/><AGARI ba="0,0" hai="47,51,54,72,74,78,82,85" m="61559,49673" machi="47" ten="30,1000,0" yaku="19,1" doraHai="71" who="3" fromWho="2" sc="245,0,261,0,247,-10,247,10" />
</Scene>
<Scene>
<INIT seed="2,0,0,5,4,3" ten="245,261,237,257" oya="2" hai0="11,56,2,103,23,101,88,29,63,60,134,113,0" hai1="18,129,4,32,124,44,92,27,122,104,121,31,6" hai2="34,28,33,43,41,57,86,108,12,10,67,96,99" hai3="83,20,90,130,115,128,114,61,65,126,37,119,79"/><V95/><F28/><W13/><G37/><T17/><D113/><N who="3" m="43017" /><G90/><T74/><D134/><U45/><E104/><V19/><F34/><W120/><G120/><N who="1" m="46186" /><E124/><V1/><F33/><W69/><G126/><T50/><D74/><U78/><E78/><V68/><F68/><W48/><G48/><T135/><D135/><U24/><E92/><V58/><F1/><W127/><G127/><T70/><D70/><U82/><E82/><V59/><F67/><W89/><G89/><T9/><D2/><U112/><E112/><V77/><F108/><W76/><G119/><T80/><D29/><U81/><E81/><N who="2" m="47407" /><F99/><W66/><G66/><T109/><D109/><U110/><E110/><V97/><F96/><W133/><G133/><T106/><D106/><U14/><E27/><V35/><F35/><W55/><G55/><T73/><D73/><U87/><E87/><V54/><F54/><W64/><G64/><T21/><D0/><U71/><E71/><V125/><F125/><W116/><G116/><T22/><D103/><AGARI ba="0,0" hai="10,12,19,41,43,57,58,59,95,97,103" m="47407" machi="103" ten="30,1500,0" yaku="8,1" doraHai="3" who="2" fromWho="0" sc="245,-15,261,0,237,15,257,0" />
</Scene>
<Scene>
<INIT seed="2,1,0,2,4,122" ten="230,261,252,257" oya="2" hai0="22,3,45,133,37,27,34,107,119,70,31,80,25" hai1="61,125,97,10,18,131,64,63,15,89,105,91,78" hai2="49,50,112,96,123,118,41,14,86,38,114,16,73" hai3="110,28,101,11,81,117,43,87,88,36,32,124,69"/><V113/><F73/><W39/><G117/><T68/><D133/><U98/><E78/><V0/><F123/><W75/><G69/><T33/><D119/><U60/><E125/><V52/><F0/><W128/><G124/><T93/><D93/><U121/><E121/><V65/><F65/><W48/><G75/><T120/><D120/><U59/><E131/><V6/><F6/><W103/><G128/><T62/><D22/><U127/><E127/><V56/><F118/><W9/><G32/><T72/><D107/><U115/><E115/><V19/><F38/><W76/><G28/><N who="0" m="19599" /><D3/><U46/><E46/><V135/><F135/><W83/><G48/><T126/><D62/><N who="1" m="37983" /><E105/><V1/><F1/><W102/><G39/><T7/><D7/><U132/><E132/><V134/><F96/><AGARI ba="1,0" hai="10,15,18,60,61,63,89,91,96,97,98" m="37983" machi="96" ten="30,1000,0" yaku="8,1" doraHai="122" who="1" fromWho="2" sc="230,0,261,13,252,-13,257,0" />
</Scene>
<Scene>
<INIT seed="3,0,0,1,0,128" ten="230,274,239,257" oya="3" hai0="127,11,39,38,77,10,134,111,102,5,71,133,70" hai1="28,19,12,65,44,79,123,68,18,135,17,115,61" hai2="58,83,49,24,85,42,51,87,20,73,67,1,16" hai3="78,30,109,64,130,66,88,100,37,32,89,21,108"/><W25/><G130/><T132/><D111/><N who="3" m="42569" /><G37/><N who="0" m="13835" /><D127/><U116/><E115/><V31/><F1/><W4/><G4/><T74/><D102/><U15/><E123/><V125/><F73/><W106/><G78/><T62/><D62/><U48/><E28/><V105/><F105/><W124/><G124/><T98/><D98/><U36/><E79/><V118/><F118/><W97/><G32/><T8/><D5/><U57/><E116/><V90/><F42/><W29/><G29/><T75/><D77/><U91/><E91/><AGARI ba="0,0" hai="21,25,30,64,66,88,89,91,97,100,106" m="42569" machi="91" ten="30,5800,0" yaku="14,1,10,1,54,1" doraHai="128" who="3" fromWho="1" sc="230,0,274,-58,239,0,257,58" />
</Scene>
<Scene>
<INIT seed="3,1,0,5,5,77" ten="230,216,239,315" oya="3" hai0="71,123,57,101,22,80,100,16,82,98,107,122,53" hai1="65,129,118,113,115,83,52,85,58,4,127,96,97" hai2="46,41,24,134,9,12,69,112,6,48,0,66,30" hai3="103,110,94,8,35,28,60,54,106,109,81,5,95"/><W67/><G54/><T78/><D71/><U61/><E4/><V7/><F134/><W130/><G130/><T59/><D101/><U3/><E3/><V18/><F112/><W105/><G35/><T27/><D59/><U38/><E38/><V42/><F69/><W132/><G28/><T120/><REACH who="0" step="1"/><D78/><REACH who="0" ten="220,216,239,315" step="2"/><U135/><E135/><V17/><F66/><W76/><G132/><T86/><D86/><U62/><E129/><V102/><F102/><W43/><G103/><T74/><D74/><U73/><E73/><V92/><F0/><N who="3" m="39" /><G106/><T45/><D45/><U121/><E115/><V32/><F46/><W64/><G105/><T21/><D21/><U40/><E113/><V70/><F70/><N who="3" m="42247" /><G67/><T1/><D1/><U125/><E121/><V124/><F32/><W36/><G109/><T26/><D26/><U90/><E118/><V75/><F24/><W63/><G110/><T14/><D14/><U49/><E97/><V128/><F75/><N who="3" m="43167" /><G63/><AGARI ba="1,1" hai="16,22,27,53,57,63,80,82,98,100,107,120,122,123" machi="63" ten="40,8000,1" yaku="1,1,52,2,54,1,53,0" doraHai="77" doraHaiUra="91" who="0" fromWho="3" sc="220,93,216,0,239,0,315,-83" />
</Scene>
<Scene>
<INIT seed="4,0,0,0,5,81" ten="313,216,239,232" oya="0" hai0="115,30,62,101,133,31,32,20,12,135,109,104,126" hai1="14,61,40,25,1,16,17,134,24,53,55,10,56" hai2="110,18,130,105,75,0,116,66,67,127,129,49,122" hai3="48,35,77,119,84,22,29,108,4,79,45,51,7"/><T91/><D32/><U85/><E1/><V52/><F0/><W125/><G35/><T124/><D109/><U74/><E74/><V88/><F105/><W9/><G108/><T33/><D33/><U2/><E2/><V117/><F122/><W8/><G125/><N who="0" m="48235" /><D101/><U28/><E40/><V94/><F75/><W64/><G64/><N who="2" m="24617" /><F18/><W63/><G63/><T103/><D103/><U36/><E36/><V3/><F3/><W72/><G72/><T128/><D104/><U121/><E121/><V132/><F132/><N who="0" m="50762" /><D62/><U15/><E134/><V26/><F26/><N who="3" m="16599" /><G77/><T106/><D106/><U114/><E28/><N who="0" m="10793" /><D115/><U82/><E114/><V86/><F110/><W44/><G4/><T43/><D43/><U21/><E55/><V42/><F42/><N who="3" m="24599" /><G7/><T131/><D91/><AGARI ba="0,0" hai="10,14,15,16,17,21,24,25,53,56,61,82,85,91" machi="91" ten="30,7700,0" yaku="7,1,8,1,52,1,54,1" doraHai="81" who="1" fromWho="0" sc="313,-77,216,77,239,0,232,0" />
</Scene>
<Scene>
<INIT seed="5,0,0,2,2,99" ten="236,293,239,232" oya="1" hai0="40,111,6,7,24,122,98,23,1,43,5,22,18" hai1="131,33,25,16,48,96,77,90,88,57,20,54,3" hai2="75,116,35,109,81,2,130,86,71,12,119,115,132" hai3="97,120,52,133,53,47,29,82,67,19,101,28,61"/><U125/><E3/><V123/><RYUUKYOKU type="yao9" ba="0,0" sc="236,0,293,0,239,0,232,0" hai2="2,12,35,71,75,81,86,109,115,116,119,123,130,132" />
</Scene>
<Scene>
<INIT seed="5,1,0,0,1,57" ten="236,293,239,232" oya="1" hai0="28,122,124,29,13,126,9,73,44,67,134,60,50" hai1="119,49,33,105,79,94,86,6,96,7,113,117,116" hai2="5,48,4,91,95,11,52,42,46,102,120,130,34" hai3="72,121,58,43,88,0,69,92,104,23,37,110,32"/><U20/><E33/><V66/><F120/><W76/><G69/><N who="0" m="42215" /><D73/><U127/><E49/><V15/><F130/><W133/><G32/><T21/><D21/><U87/><E20/><V101/><F66/><W12/><G110/><T31/><D122/><U40/><E40/><V41/><F4/><W26/><G104/><T111/><D111/><U85/><E105/><V39/><F34/><W1/><G121/><T70/><D70/><U51/><E51/><V22/><F22/><W129/><G129/><T114/><D134/><U109/><E109/><V84/><REACH who="2" step="1"/><F42/><REACH who="2" ten="236,293,229,232" step="2"/><W45/><G133/><T53/><D9/><U131/><E131/><V82/><F82/><W38/><G1/><T65/><D65/><U135/><E135/><V118/><F118/><W17/><G0/><T14/><D126/><U68/><E127/><V25/><F25/><W3/><G3/><T54/><D124/><U99/><E6/><V107/><F107/><W78/><G26/><T64/><D64/><U106/><E7/><V98/><F98/><N who="3" m="57607" /><G38/><T59/><D14/><U90/><E68/><V16/><F16/><W115/><G12/><T97/><D13/><U19/><E19/><V128/><F128/><W125/><G17/><T83/><D31/><U55/><E106/><V47/><AGARI ba="1,1" hai="5,11,15,39,41,46,47,48,52,84,91,95,101,102" machi="47" ten="20,5200,0" yaku="1,1,0,1,7,1,54,1,53,0" doraHai="57" doraHaiUra="77" who="2" fromWho="2" sc="236,-14,293,-27,229,65,232,-14" />
</Scene>
<Scene>
<INIT seed="6,0,0,1,5,34" ten="222,266,294,218" oya="2" hai0="128,18,80,58,121,73,119,24,103,112,3,32,39" hai1="46,127,95,104,84,43,114,8,30,23,134,86,72" hai2="47,45,71,88,28,13,117,59,33,85,21,57,62" hai3="56,133,61,68,105,35,66,40,79,19,7,106,83"/><V77/><F33/><W93/><G35/><T26/><D121/><U122/><E104/><V5/><F71/><W90/><G133/><T36/><D119/><U6/><E134/><V60/><F77/><W123/><G123/><T131/><D103/><U87/><E72/><V129/><F129/><W42/><G105/><T74/><D80/><U82/><E95/><V102/><F102/><W100/><G106/><T67/><D32/><U118/><E127/><V51/><F5/><W111/><G111/><T101/><D101/><U92/><E92/><V69/><F69/><W1/><G19/><T20/><D18/><U126/><E126/><V41/><F47/><W99/><G68/><T65/><D58/><N who="2" m="22026" /><F13/><W4/><G100/><T25/><D26/><U52/><E118/><V54/><F41/><N who="3" m="15979" /><G1/><T89/><D89/><U135/><E135/><V116/><F117/><W78/><G78/><T44/><D44/><U130/><E43/><V15/><F15/><W17/><G4/><T2/><D20/><U9/><E6/><V63/><F116/><W70/><G7/><T115/><AGARI ba="0,0" hai="2,3,24,25,36,39,65,67,73,74,112,115,128,131" machi="115" ten="25,8000,1" yaku="0,1,22,2,52,2" doraHai="34" who="0" fromWho="0" sc="222,80,266,-20,294,-40,218,-20" />
</Scene>
<Scene>
<INIT seed="7,0,0,4,1,109" ten="302,246,254,198" oya="3" hai0="56,91,86,108,119,0,23,115,116,54,104,2,77" hai1="30,34,129,49,99,31,122,71,67,111,14,11,13" hai2="59,90,76,70,18,58,48,17,40,66,83,4,46" hai3="32,133,55,9,57,47,10,82,130,92,80,53,6"/><W118/><G118/><T7/><D108/><U88/><E34/><V89/><F70/><W95/><G32/><T135/><D104/><U87/><E122/><V113/><F113/><W16/><G133/><T107/><D115/><U78/><E71/><V110/><F110/><W19/><G130/><T75/><D107/><U103/><E67/><V43/><F43/><W105/><G105/><T117/><D135/><U127/><E78/><V131/><F4/><W72/><G47/><T41/><D41/><U128/><E111/><V60/><F59/><W69/><G69/><T120/><D56/><U124/><E49/><V94/><F90/><W28/><G57/><T121/><D91/><U123/><E99/><V3/><F3/><W84/><G84/><T132/><D86/><U134/><E103/><V26/><F26/><W12/><G28/><N who="1" m="10794" /><E123/><V15/><F15/><N who="1" m="5641" /><E11/><V33/><F33/><W52/><G72/><T79/><D75/><U65/><E65/><V20/><F20/><W114/><G114/><T101/><D23/><U8/><E8/><V5/><F5/><W93/><G10/><T98/><D119/><U112/><E112/><V81/><F76/><W73/><G73/><T37/><D79/><U42/><E42/><V64/><F64/><W44/><G44/><T96/><D117/><U25/><E134/><V45/><F45/><W39/><G39/><T35/><D116/><U68/><E68/><V125/><F131/><N who="1" m="50249" /><E25/><V102/><F46/><W61/><G61/><T63/><D121/><U100/><E100/><V36/><F40/><W22/><G22/><T21/><D120/><RYUUKYOKU ba="0,0" sc="302,-15,246,15,254,-15,198,15" hai1="87,88,124,127" hai3="6,9,12,16,19,52,53,55,80,82,92,93,95" />
</Scene>
<Scene>
<INIT seed="7,1,0,4,0,108" ten="287,261,239,213" oya="3" hai0="117,27,26,89,42,133,96,134,1,45,11,22,85" hai1="39,103,130,135,47,94,19,55,60,28,82,84,131" hai2="18,3,71,37,70,86,30,25,56,104,98,128,52" hai3="8,113,23,57,75,6,4,110,66,80,46,111,99"/><W41/><G99/><T121/><D117/><U34/><E28/><V21/><F37/><N who="3" m="21807" /><G23/><T73/><D73/><U112/><E34/><V14/><F3/><N who="3" m="31" /><G6/><N who="0" m="1487" /><D96/><N who="1" m="59799" /><E39/><V9/><F128/><N who="1" m="49193" /><E135/><N who="0" m="51721" /><D22/><U116/><E116/><V43/><F43/><W0/><G0/><T29/><D29/><U24/><E24/><V125/><F125/><W50/><G113/><T48/><D121/><U109/><E19/><V62/><REACH who="2" step="1"/><F86/><REACH who="2" ten="287,261,229,213" step="2"/><W65/><G111/><T51/><D51/><U124/><E109/><V72/><F72/><W44/><G110/><T59/><D59/><U20/><E124/><V64/><F64/><W115/><G57/><T74/><D74/><U93/><E84/><V129/><F129/><W81/><G115/><T100/><D100/><AGARI ba="1,1" hai="9,14,18,21,25,30,52,56,62,70,71,98,100,104" machi="100" ten="40,2600,0" yaku="1,1,54,1,53,0" doraHai="108" doraHaiUra="40" who="2" fromWho="0" sc="287,-29,261,0,229,39,213,0" />
</Scene>
<Scene>
<INIT seed="8,0,0,5,2,12" ten="258,261,268,213" oya="0" hai0="104,52,13,9,65,134,111,87,122,43,3,55,31" hai1="107,49,115,39,125,72,98,77,42,25,38,11,41" hai2="63,124,0,95,54,21,80,135,86,46,109,89,83" hai3="58,60,97,14,28,50,73,128,112,44,8,126,130"/><T4/><D122/><U17/><E107/><V2/><F109/><W53/><G112/><T10/><D111/><U32/><E98/><V18/><F0/><W48/><G73/><T101/><D134/><U33/><E72/><V96/><F2/><W71/><G71/><T6/><D65/><U105/><E77/><V82/><F124/><W106/><G126/><T61/><D43/><U75/><E105/><V24/><F135/><W91/><G28/><T62/><D31/><U45/><E75/><V113/><F113/><W118/><G118/><T120/><D120/><U108/><E108/><V129/><F129/><N who="3" m="49771" /><G44/><T59/><D87/><U16/><E115/><V66/><F46/><W110/><G110/><T26/><D26/><U74/><E74/><V27/><F27/><W127/><G127/><T131/><D131/><U102/><E125/><V5/><F5/><N who="3" m="3343" /><G91/><T37/><D37/><U70/><E70/><V40/><F40/><W88/><G106/><T84/><D84/><U7/><E45/><V68/><F54/><W30/><G30/><T90/><D90/><AGARI ba="0,0" hai="18,21,24,63,66,68,80,82,83,86,89,90,95,96" machi="90" ten="30,2000,0" yaku="7,1,52,1" doraHai="12" who="2" fromWho="0" sc="258,-20,261,0,268,20,213,0" />
</Scene>
<Scene>
<INIT seed="9,0,0,1,1,31" ten="238,261,288,213" oya="1" hai0="119,58,3,121,86,74,51,37,116,27,68,115,118" hai1="50,75,102,77,122,19,108,117,55,127,111,100,128" hai2="41,48,82,17,47,29,113,135,35,120,103,1,95" hai3="124,40,6,5,129,107,79,64,88,131,9,91,34"/><U12/><E122/><V63/><F1/><W46/><G107/><T99/><D68/><U43/><E43/><V42/><F135/><W76/><G124/><T14/><D74/><U7/><E7/><V32/><F29/><W13/><G64/><T15/><D37/><U101/><E77/><N who="3" m="29770" /><G34/><T78/><D3/><U89/><E75/><V105/><F35/><W126/><G5/><T87/><D121/><U10/><E117/><V94/><F32/><W33/><G33/><T97/><D115/><U2/><E2/><V73/><F82/><W110/><G110/><N who="1" m="42026" /><E89/><V21/><F42/><W133/><G133/><T114/><D114/><U60/><E60/><V84/><F63/><W49/><G126/><T53/><D27/><U123/><E123/><V56/><F73/><W8/><G8/><T18/><D15/><U92/><E127/><V24/><F24/><W16/><G6/><T4/><D4/><U20/><E128/><AGARI ba="0,0" hai="9,13,16,40,46,49,88,91,128,129,131" m="29770" machi="128" ten="30,3900,0" yaku="19,1,54,2" doraHai="31" who="3" fromWho="1" sc="238,0,261,-39,288,0,213,39" />
</Scene>
<Scene>
<INIT seed="10,0,0,2,2,18" ten="238,222,288,252" oya="2" hai0="95,109,108,31,27,74,4,13,51,77,10,63,88" hai1="132,17,89,59,12,131,114,86,55,52,25,116,134" hai2="54,5,20,111,118,110,100,8,113,101,83,129,133" hai3="22,45,16,105,47,39,90,102,40,85,69,122,33"/><V57/><F113/><W127/><G122/><T2/><D2/><U23/><E114/><V79/><F118/><W28/><G69/><T60/><D77/><U67/><E116/><V76/><F20/><W44/><G127/><T61/><D51/><U123/><E123/><V93/><F93/><W35/><G105/><T73/><D74/><U115/><E115/><V87/><F76/><W81/><G102/><T32/><REACH who="0" step="1"/><D73/><REACH who="0" ten="228,222,288,252" step="2"/><U9/><E131/><V94/><F129/><W34/><REACH who="3" step="1"/><G28/><REACH who="3" ten="228,222,288,242" step="2"/><T126/><D126/><U119/><E119/><V128/><F128/><W98/><G98/><AGARI ba="0,2" hai="4,10,13,27,31,32,60,61,63,88,95,98,108,109" machi="98" ten="40,8000,1" yaku="1,1,54,1,53,2" doraHai="18" doraHaiUra="120" who="0" fromWho="3" sc="228,100,222,0,288,0,242,-80" owari="328,43.0,222,-18.0,288,9.0,162,-34.0" />
</Scene>
</mjloggm>