<mjloggm ver="2.3"><GO type="169" lobby="0"/><UN n0="%E3%81%99%E3%81%9A%E3%82%81%E3%82%AF%E3%83%AC%E3%82%A4%E3%82%B8%E3%83%BC" n1="%73%69%72%75%6E%65%6B%6F" n2="%75%65%73%68%6F%77" n3="%E3%81%86%E3%81%A0%E3%81%A3%E3%81%B7" dan="19,16,16,16" rate="2299.18,2039.27,2114.55,2104.74" sx="M,M,M,M"/><TAIKYOKU oya="0"/>

<Scene>
<INIT seed="0,0,0,5,2,45" ten="250,250,250,250" oya="0" hai0="106,87,130,20,23,39,121,28,11,13,53,63,100" hai1="25,86,94,119,44,64,4,113,105,51,46,26,60" hai2="12,67,54,9,38,47,70,125,115,50,103,114,99" hai3="58,75,66,110,0,92,85,109,83,95,93,19,126"/><T97/><D121/><U56/><E119/><V116/><F125/><W78/><G0/><T135/><D39/><U6/><E105/><V22/><F116/><W88/><G126/><T79/><D130/><U49/><E113/><V107/><F38/><W52/><G66/><T30/><D135/><U48/><E46/><V129/><F129/><W10/><G10/><T68/><D79/><U21/><E44/><V42/><F42/><W35/><G19/><T120/><D120/><U72/><E72/><V98/><F22/><W17/><G17/><T41/><D41/><U123/><E123/><V55/><F55/><W29/><G29/><T59/><D87/><U134/><E134/><V71/><F98/><W108/><G35/><T111/><D111/><U1/><E1/><V34/><F34/><W82/><REACH who="3" step="1"/><G83/><REACH who="3" ten="250,250,250,240" step="2"/><T8/><D8/><U102/><E26/><V5/><REACH who="2" step="1"/><F67/><REACH who="2" ten="250,250,240,240" step="2"/><W80/><G80/><T57/><D23/><U65/><E65/><V73/><F73/><W37/><G37/><T43/><D20/><U27/><E27/><V3/><F3/><W133/><G133/><T124/><D124/><U16/><E25/><V101/><F101/><W131/><G131/><T62/><D100/><U104/><E102/><V2/><F2/><W96/><G96/><T74/><D97/><U31/><E31/><V91/><F91/><W14/><G14/><T36/><D13/><N who="1" m="9359" /><E104/><V132/><F132/><W33/><G33/><T77/><D106/><U81/><E94/><V118/><F118/><W24/><G24/><T32/><D30/><U7/><E7/><V117/><F117/><RYUUKYOKU ba="0,2" sc="250,-30,250,10,240,10,240,10" hai1="4,6,48,49,51,56,60,64,81,86" hai2="5,9,12,47,50,54,70,71,99,103,107,114,115" hai3="52,58,75,78,82,85,88,92,93,95,108,109,110" />
</Scene>
<Scene>
<INIT seed="1,1,2,5,3,135" ten="220,260,250,250" oya="1" hai0="58,69,130,88,55,7,31,132,54,121,119,98,6" hai1="49,63,120,77,62,114,59,129,51,92,107,42,46" hai2="117,3,53,16,10,8,73,115,61,78,109,95,111" hai3="122,85,126,96,89,50,82,23,19,41,101,2,102"/><U68/><E107/><V86/><F117/><W56/><G126/><T125/><D119/><U65/><E77/><V128/><F115/><W104/><G122/><T29/><D69/><U67/><E92/><V116/><F116/><W47/><G2/><T113/><D125/><U11/><E11/><V20/><F73/><W0/><G0/><T112/><D132/><U97/><E97/><V127/><F127/><W39/><G101/><T36/><D36/><N who="1" m="21831" /><E120/><V91/><F78/><W71/><G71/><T60/><D121/><U134/><E134/><V64/><F53/><W1/><G56/><N who="0" m="34839" /><D130/><U26/><E26/><N who="2" m="14599" /><F128/><W105/><G1/><T5/><D113/><U80/><E80/><V99/><F86/><W108/><G108/><N who="2" m="41545" /><F3/><W90/><G105/><T43/><D43/><U17/><E114/><V22/><F22/><W123/><G123/><T38/><D38/><U83/><E129/><V32/><F32/><W4/><G39/><T103/><D112/><U110/><E110/><V33/><F33/><W81/><G81/><T9/><D9/><U131/><E83/><V13/><F13/><W72/><G72/><T12/><D12/><U66/><E131/><V45/><F45/><W27/><REACH who="3" step="1"/><G4/><REACH who="3" ten="220,260,250,240" step="2"/><T93/><D103/><U106/><E106/><V52/><F64/><N who="1" m="24681" /><E17/><V87/><F87/><W40/><G40/><T35/><D35/><U124/><E124/><V79/><F79/><AGARI ba="1,3" hai="19,23,27,41,47,50,79,82,85,89,90,96,102,104" machi="79" ten="30,2000,0" yaku="1,1,7,1,53,0" doraHai="135" doraHaiUra="34" who="3" fromWho="2" sc="220,0,260,0,250,-23,240,53" />
</Scene>
<Scene>
<INIT seed="2,0,0,1,2,133" ten="220,260,227,293" oya="2" hai0="49,79,93,100,88,106,41,108,56,109,120,54,115" hai1="91,78,102,4,0,65,18,101,122,16,36,19,77" hai2="72,53,35,59,80,127,40,20,104,97,15,67,58" hai3="128,47,113,105,95,87,61,32,28,14,34,10,76"/><V21/><F35/><W48/><G105/><T123/><D115/><U5/><E36/><V135/><F135/><W55/><G113/><T94/><D79/><N who="1" m="30219" /><E0/><V3/><F3/><W33/><G128/><T125/><D106/><U31/><E122/><V121/><F40/><W74/><G74/><T27/><D27/><U85/><E65/><V6/><F121/><W30/><G61/><T107/><D107/><U57/><E31/><V23/><F72/><W132/><G132/><T92/><D100/><N who="1" m="38507" /><E57/><V7/><F104/><W37/><G37/><T39/><D41/><U70/><E70/><V116/><F116/><W111/><G111/><N who="0" m="42571" /><D39/><U52/><E52/><V9/><F6/><W22/><G76/><T2/><D2/><U84/><E84/><V45/><F67/><W110/><G110/><T119/><D119/><U99/><E99/><V8/><F97/><W24/><G30/><T98/><D123/><U82/><AGARI ba="0,0" hai="4,5,16,18,19,82,85,91" m="38507,30219" machi="82" ten="30,2000,0" yaku="8,1,54,1" doraHai="133" who="1" fromWho="1" sc="220,-5,260,20,227,-10,293,-5" />
</Scene>
<Scene>
<INIT seed="3,0,0,5,1,40" ten="215,280,217,288" oya="3" hai0="90,22,2,135,31,6,93,125,28,128,3,38,46" hai1="65,110,32,59,102,74,108,42,121,91,25,79,69" hai2="43,60,86,78,36,134,106,58,80,119,131,51,117" hai3="104,120,129,55,94,118,115,114,5,17,100,14,4"/><W8/><G104/><T103/><D128/><U105/><E59/><V99/><F131/><W98/><G129/><T113/><D135/><U21/><E21/><V10/><F36/><W109/><G118/><T127/><D103/><U96/><E91/><V50/><F134/><W47/><G120/><T30/><D22/><U89/><E89/><V29/><F29/><W53/><G109/><T81/><D81/><N who="1" m="45303" /><E121/><V11/><F99/><W61/><G61/><T16/><D16/><U124/><E42/><V34/><F106/><W54/><REACH who="3" step="1"/><G47/><REACH who="3" ten="215,280,217,278" step="2"/><T33/><D33/><U57/><E108/><V107/><F34/><W64/><G64/><T15/><D113/><AGARI ba="0,1" hai="4,5,8,14,17,53,54,55,94,98,100,113,114,115" machi="113" ten="40,2000,0" yaku="1,1,53,0" doraHai="40" doraHaiUra="62" who="3" fromWho="0" sc="215,-20,280,0,217,0,278,30" />
</Scene>
<Scene>
<INIT seed="3,1,0,3,5,104" ten="195,280,217,308" oya="3" hai0="110,9,125,72,35,22,11,6,2,63,59,116,7" hai1="130,27,57,13,122,20,114,133,25,68,134,87,135" hai2="108,118,36,103,46,105,4,111,55,56,32,80,49" hai3="97,102,119,94,132,101,47,99,89,30,65,75,121"/><W77/><G121/><T74/><D116/><U76/><E68/><V41/><F32/><W90/><G65/><T96/><D35/><U98/><E122/><V40/><F4/><W3/><G3/><T45/><D110/><N who="2" m="42026" /><F105/><W86/><G30/><T44/><D125/><U26/><E114/><V117/><F103/><N who="3" m="39435" /><G47/><T61/><D96/><N who="3" m="36937" /><G119/><N who="2" m="45577" /><F80/><N who="3" m="45119" /><G90/><T10/><D10/><U81/><E20/><V106/><F106/><W93/><G132/><T24/><D59/><U1/><E57/><V115/><F40/><W37/><G37/><T78/><D22/><U64/><E1/><V67/><F67/><W126/><G126/><T79/><D24/><U95/><E64/><V51/><F115/><W29/><G29/><T52/><D2/><U58/><E13/><V100/><F100/><W53/><G53/><AGARI ba="1,0" hai="6,7,9,11,44,45,52,53,61,63,72,74,78,79" machi="53" ten="25,8000,1" yaku="22,2,52,2,54,1" doraHai="104" who="0" fromWho="3" sc="195,83,280,0,217,0,308,-83" />
</Scene>
<Scene>
<INIT seed="4,0,0,4,4,70" ten="278,280,217,225" oya="0" hai0="92,26,108,131,122,101,75,10,50,9,60,44,65" hai1="54,100,21,39,116,89,13,118,124,103,114,34,29" hai2="85,102,132,129,11,115,68,126,76,2,90,72,45" hai3="78,64,20,111,43,23,79,112,56,17,106,28,55"/><T82/><D122/><U42/><E34/><V27/><F68/><W14/><G111/><T105/><D131/><U6/><E124/><V77/><F27/><N who="3" m="16511" /><G106/><T109/><D105/><U99/><E114/><V83/><F45/><W5/><G112/><T93/><D26/><U80/><E54/><V104/><F11/><N who="0" m="4106" /><D75/><U38/><E21/><V24/><F24/><W107/><G107/><T59/><D82/><U8/><E80/><N who="2" m="45095" /><F2/><W66/><G5/><T71/><D101/><U32/><E100/><V22/><F22/><W87/><G87/><T0/><D0/><U98/><E103/><V52/><F52/><W19/><G19/><T4/><D71/><U119/><E29/><V86/><F115/><W125/><G125/><T121/><D121/><U120/><E32/><V30/><F30/><W40/><G78/><T73/><D73/><U113/><E113/><V57/><F126/><W12/><G79/><T33/><D4/><U94/><E120/><V134/><F57/><W48/><G12/><T36/><D33/><U7/><E7/><V41/><F41/><AGARI ba="0,0" hai="14,17,20,40,41,43,48,55,56,64,66" m="16511" machi="41" ten="30,1000,0" yaku="8,1" doraHai="70" who="3" fromWho="2" sc="278,0,280,0,217,-10,225,10" />
</Scene>
<Scene>
<INIT seed="5,0,0,0,3,25" ten="278,280,207,235" oya="1" hai0="67,69,99,111,58,37,124,63,108,83,12,66,59" hai1="93,10,122,105,85,94,92,95,23,51,74,17,114" hai2="24,0,11,112,81,134,100,53,65,127,20,76,32" hai3="48,131,3,75,120,19,27,22,68,130,88,15,70"/><U129/><E122/><V33/><F127/><W123/><G75/><T57/><D124/><U82/><E105/><V132/><F65/><W125/><G125/><T115/><D99/><U80/><E114/><V5/><F100/><W30/><G3/><T29/><D115/><U133/><E133/><N who="2" m="51307" /><F53/><W8/><G48/><T14/><D37/><U21/><E129/><N who="3" m="49162" /><G88/><T28/><D83/><U50/><E74/><N who="2" m="43159" /><F112/><W89/><G89/><T43/><D43/><U91/><E10/><V40/><F40/><W118/><G118/><T107/><D107/><U77/><E77/><V13/><F0/><W119/><G119/><T2/><D2/><U38/><E38/><V7/><F7/><W41/><G41/><T113/><D113/><U96/><E96/><V36/><F36/><W49/><G49/><T103/><D103/><U60/><E51/><V98/><F98/><W4/><G4/><T16/><D63/><U44/><E60/><V62/><F62/><W135/><G135/><T126/><D126/><U61/><E61/><V128/><F128/><W52/><G52/><T56/><D56/><U54/><E54/><V110/><F110/><W79/><G79/><T45/><D58/><U87/><E50/><V104/><F104/><W109/><G109/><T84/><D84/><U121/><E44/><V18/><AGARI ba="0,0" hai="5,11,13,18,20,24,32,33" m="43159,51307" machi="18" ten="30,1100,0" yaku="20,1" doraHai="25" who="2" fromWho="2" sc="278,-3,280,-5,207,11,235,-3" />
</Scene>
<Scene>
<INIT seed="6,0,0,3,2,122" ten="275,275,218,232" oya="2" hai0="135,110,80,39,24,51,103,84,116,70,71,107,132" hai1="28,20,97,36,81,69,2,17,32,96,113,63,134" hai2="33,75,94,133,40,102,23,38,66,99,34,93,19" hai3="83,52,5,11,114,18,29,44,8,3,131,59,55"/><V57/><F133/><N who="0" m="51274" /><D110/><U21/><E36/><V25/><F75/><W31/><G131/><T47/><D39/><U78/><E2/><V6/><F6/><W117/><G117/><T72/><D72/><U12/><E32/><V121/><F121/><W95/><G114/><T13/><D24/><U56/><E69/><V54/><F66/><W61/><G83/><T30/><D30/><U128/><E128/><V10/><F10/><W79/><G79/><T26/><D26/><N who="1" m="16463" /><E113/><V48/><REACH who="2" step="1"/><F93/><REACH who="2" ten="275,275,208,232" step="2"/><W108/><G95/><T77/><D116/><U101/><E134/><V1/><F1/><W120/><G120/><T0/><D0/><U125/><E125/><V104/><F104/><W49/><REACH who="3" step="1"/><G108/><REACH who="3" ten="275,275,208,222" step="2"/><T119/><D119/><U92/><E92/><V53/><F53/><W76/><G76/><T27/><D77/><U90/><E78/><V112/><F112/><W89/><G89/><T41/><D107/><U85/><E101/><V82/><F82/><W62/><G62/><T73/><D103/><U123/><E123/><V74/><F74/><W67/><G67/><AGARI ba="0,2" hai="12,17,20,56,63,67,81,85,90,96,97" m="16463" machi="67" ten="30,1000,0" yaku="8,1" doraHai="122" who="1" fromWho="3" sc="275,0,275,30,208,0,222,-10" />
</Scene>
<Scene>
<INIT seed="7,0,0,5,3,20" ten="275,305,208,212" oya="3" hai0="17,70,33,25,11,22,77,68,61,21,109,83,114" hai1="40,102,62,27,38,97,0,29,72,58,60,74,92" hai2="18,99,54,101,12,124,7,55,49,14,76,9,81" hai3="96,132,129,15,119,112,105,104,5,113,127,28,78"/><W34/><G119/><T57/><D109/><U130/><E0/><V94/><F124/><W121/><G121/><T2/><D33/><U84/><E130/><V79/><F81/><W36/><G129/><T133/><D133/><U123/><E123/><V4/><F55/><W10/><G132/><T6/><D21/><N who="1" m="15599" /><E62/><V100/><F100/><W44/><G127/><T91/><D91/><U131/><E131/><V35/><F35/><W41/><G78/><N who="2" m="29737" /><F14/><W75/><G75/><T82/><D114/><N who="3" m="44137" /><G96/><T135/><D135/><U31/><E84/><V89/><F89/><W88/><G88/><T108/><D108/><U106/><E106/><N who="3" m="41066" /><G34/><T116/><D116/><U111/><E111/><V53/><F53/><W126/><G126/><T43/><D83/><U95/><E95/><V120/><F120/><W1/><G1/><T125/><D125/><U86/><E86/><V118/><F118/><W103/><G103/><T8/><D82/><U50/><E74/><V16/><F18/><W63/><G28/><T13/><D77/><U93/><E31/><V80/><F80/><W45/><G44/><AGARI ba="0,0" hai="4,7,9,12,16,44,49,54,94,99,101" m="29737" machi="44" ten="30,2000,0" yaku="8,1,54,1" doraHai="20" who="2" fromWho="3" sc="275,0,305,0,208,20,212,-20" owari="275,8.0,305,40.0,228,-17.0,192,-31.0" />
</Scene>
</mjloggm>