<mjloggm ver="2.3"><GO type="169" lobby="0"/><UN n0="%E3%81%99%E3%81%9A%E3%82%81%E3%82%AF%E3%83%AC%E3%82%A4%E3%82%B8%E3%83%BC" n1="%E3%83%AD%E3%83%83%E3%83%86%E9%9B%80%E7%90%83" n2="%E3%80%93%E3%81%84%E3%81%A1%E3%81%AF%E3%82%89%E3%80%93" n3="%E3%83%97%E3%83%A9%E3%83%81%E3%83%8A%E3%83%A0" dan="19,16,17,16" rate="2301.43,2139.80,2193.92,2087.73" sx="M,M,M,M"/><TAIKYOKU oya="0"/>

<Scene>
<INIT seed="0,0,0,4,5,103" ten="250,250,250,250" oya="0" hai0="12,31,38,66,94,76,90,110,118,115,102,51,58" hai1="74,32,16,60,64,131,130,2,99,124,18,80,56" hai2="40,107,10,50,96,29,23,46,4,125,78,135,126" hai3="77,6,82,53,57,97,133,75,35,39,15,63,62"/><T22/><D38/><U52/><E124/><V54/><F135/><W67/><G39/><T112/><D118/><U72/><E32/><V83/><F54/><W129/><G35/><T19/><D76/><N who="1" m="44039" /><E74/><V88/><F23/><W61/><G133/><T123/><D123/><U116/><E2/><V73/><F29/><W26/><G129/><N who="1" m="49162" /><E116/><V120/><F120/><W70/><G26/><T117/><D117/><U13/><E99/><V14/><REACH who="2" step="1"/><F88/><REACH who="2" ten="250,250,240,250" step="2"/><W21/><G53/><N who="0" m="32063" /><D31/><U100/><E100/><AGARI ba="0,1" hai="4,10,14,40,46,50,73,78,83,96,100,107,125,126" machi="100" ten="40,2600,0" yaku="1,1,52,1,53,0" doraHai="103" doraHaiUra="68" who="2" fromWho="1" sc="250,0,250,-26,240,36,250,0" />
</Scene>
<Scene>
<INIT seed="1,0,0,4,3,94" ten="250,224,276,250" oya="1" hai0="111,3,88,132,87,84,83,122,118,75,60,103,112" hai1="30,39,5,133,45,53,91,120,14,7,92,46,59" hai2="64,22,119,33,21,51,79,2,35,99,52,81,97" hai3="47,32,105,66,9,58,44,95,69,63,42,77,18"/><U128/><E120/><V74/><F119/><W80/><G105/><T109/><D3/><U25/><E133/><V72/><F2/><W31/><G32/><T48/><D48/><U117/><E128/><V106/><F74/><W96/><G31/><T116/><D75/><U131/><E131/><V113/><F113/><W4/><G18/><T38/><D60/><U107/><E107/><V98/><F106/><W85/><G69/><T68/><D38/><U67/><E67/><V129/><F129/><W27/><G27/><T23/><D23/><N who="1" m="15679" /><E39/><V49/><F49/><W108/><G108/><N who="0" m="41547" /><D68/><U16/><E117/><N who="0" m="45161" /><D132/><U56/><E46/><V13/><F64/><W11/><G11/><T6/><D6/><N who="1" m="2059" /><E45/><V1/><F1/><W101/><REACH who="3" step="1"/><G42/><REACH who="3" ten="250,224,276,240" step="2"/><T114/><D122/><U126/><E126/><V125/><F125/><W54/><G54/><T73/><D73/><U19/><E53/><V26/><F22/><W102/><G102/><T24/><D103/><U100/><E100/><V43/><F43/><W124/><G124/><T40/><D24/><U65/><E65/><V121/><F121/><W12/><AGARI ba="0,1" hai="4,9,12,44,47,58,63,66,77,80,85,95,96,101" machi="12" ten="20,8000,1" yaku="1,1,0,1,7,1,8,1,52,1,53,0" doraHai="94" doraHaiUra="36" who="3" fromWho="3" sc="250,-20,224,-40,276,-20,240,90" />
</Scene>
<Scene>
<INIT seed="2,0,0,0,2,84" ten="230,184,256,330" oya="2" hai0="44,39,72,125,36,90,116,22,85,21,93,45,134" hai1="47,81,20,17,8,69,37,95,114,35,43,119,108" hai2="40,6,67,1,104,32,4,73,26,66,56,19,129" hai3="105,123,28,107,9,83,34,61,99,48,2,31,124"/><V74/><F104/><W115/><G123/><T120/><D120/><U59/><E119/><V46/><F129/><W14/><G124/><T65/><D125/><U54/><E114/><V70/><F56/><W92/><G2/><T86/><D72/><U111/><E35/><V25/><F19/><W82/><G115/><T5/><D134/><U75/><E69/><V87/><F87/><W53/><G61/><T98/><D5/><U117/><E117/><V102/><F102/><N who="3" m="60775" /><G34/><T133/><D133/><U10/><E81/><N who="3" m="30730" /><G105/><T109/><D109/><N who="1" m="42059" /><E75/><V23/><F32/><W96/><G96/><T64/><D98/><U3/><E95/><V58/><F70/><W130/><G130/><T7/><D93/><U88/><E88/><V128/><F128/><W13/><G107/><T29/><D7/><U126/><E3/><V50/><F1/><W68/><G68/><T106/><D106/><U12/><E126/><V71/><F71/><W80/><G80/><T127/><D127/><U33/><E33/><V15/><F74/><W89/><G89/><T49/><D90/><U16/><E17/><N who="2" m="10687" /><F73/><W78/><G78/><T135/><D135/><U77/><E77/><V76/><F76/><W110/><G110/><T41/><D116/><U27/><E12/><N who="3" m="4714" /><G9/><T51/><D29/><U30/><E30/><V55/><F6/><W118/><G118/><T60/><D60/><AGARI ba="0,0" hai="8,10,16,20,27,37,43,47,54,59,60" m="42059" machi="60" ten="30,2000,0" yaku="14,1,54,1" doraHai="84" who="1" fromWho="0" sc="230,-20,184,20,256,0,330,0" />
</Scene>
<Scene>
<INIT seed="3,0,0,5,3,36" ten="210,204,256,330" oya="3" hai0="87,28,51,40,129,10,94,84,42,117,111,83,118" hai1="108,130,53,74,106,26,123,107,71,33,73,75,70" hai2="122,21,88,81,22,39,20,104,60,14,4,27,101" hai3="82,116,97,95,43,90,57,79,102,103,48,6,19"/><W69/><G69/><N who="1" m="26122" /><E53/><V72/><F122/><W135/><G116/><T63/><D111/><U133/><E108/><V92/><F39/><W85/><G135/><T131/><D63/><U67/><E67/><V52/><F104/><N who="1" m="39977" /><E123/><V24/><F72/><W125/><G125/><T96/><D51/><U59/><E59/><N who="2" m="34919" /><F81/><W80/><G6/><T32/><D10/><U120/><E120/><V29/><F101/><W76/><G19/><T17/><D17/><U55/><E55/><V46/><F46/><N who="3" m="25695" /><G57/><T50/><D50/><U99/><E99/><N who="2" m="57735" /><F29/><W65/><G65/><T9/><D96/><U68/><E68/><V61/><F61/><W86/><AGARI ba="0,0" hai="76,79,80,82,85,86,90,95,97,102,103" m="25695" machi="86" ten="30,3000,0" yaku="8,1,52,1" doraHai="36" who="3" fromWho="3" sc="210,-10,204,-10,256,-10,330,30" />
</Scene>
<Scene>
<INIT seed="3,1,0,4,1,76" ten="200,194,246,360" oya="3" hai0="66,113,9,123,91,54,24,77,73,53,93,22,62" hai1="26,39,47,11,58,79,101,114,70,67,43,88,34" hai2="74,16,82,46,61,89,37,33,59,83,2,112,84" hai3="45,95,60,44,100,90,64,72,50,104,122,7,94"/><W125/><G122/><T14/><D113/><U31/><E114/><V78/><F112/><W120/><G120/><T6/><D123/><U86/><E101/><V108/><F108/><W27/><G104/><T71/><D73/><U133/><E133/><V75/><F33/><W118/><G118/><T85/><REACH who="0" step="1"/><D77/><REACH who="0" ten="190,194,246,360" step="2"/><U116/><E116/><V109/><F109/><W29/><G72/><T51/><D51/><U127/><E79/><V13/><F75/><W12/><G50/><T68/><D68/><U17/><E70/><V28/><F2/><W121/><G121/><T80/><D80/><U132/><E132/><V110/><F110/><W18/><G60/><T36/><D36/><U119/><E119/><V49/><F37/><W15/><G125/><T87/><D87/><U40/><E127/><V55/><F28/><AGARI ba="1,1" hai="6,9,14,22,24,28,53,54,62,66,71,85,91,93" machi="28" ten="30,2000,0" yaku="1,1,7,1,53,0" doraHai="76" doraHaiUra="96" who="0" fromWho="2" sc="190,33,194,0,246,-23,360,0" />
</Scene>
<Scene>
<INIT seed="4,0,0,1,2,55" ten="223,194,223,360" oya="0" hai0="129,87,74,3,25,6,86,83,120,76,34,38,108" hai1="60,35,121,19,105,50,30,71,51,20,29,111,64" hai2="58,56,31,0,7,92,100,77,43,59,122,80,75" hai3="47,73,82,2,127,48,117,1,125,11,97,67,106"/><T90/><D120/><U113/><E111/><V24/><F122/><W116/><G67/><T110/><D38/><U93/><E121/><V23/><F43/><W99/><G73/><T126/><D3/><U91/><E113/><V26/><F7/><W84/><G97/><T134/><D6/><U39/><E39/><V103/><F0/><W132/><G132/><T133/><D34/><U128/><E105/><V21/><REACH who="2" step="1"/><F92/><REACH who="2" ten="223,194,213,360" step="2"/><W42/><G1/><T109/><D129/><U98/><E128/><V107/><F107/><W119/><G106/><T10/><D126/><U65/><E93/><V78/><F78/><W15/><G2/><T44/><D134/><U102/><E30/><AGARI ba="0,1" hai="21,23,24,26,30,31,56,58,59,75,77,80,100,103" machi="30" ten="40,8000,1" yaku="1,1,9,1,52,3,53,0" doraHai="55" doraHaiUra="4" who="2" fromWho="1" sc="223,0,194,-80,213,90,360,0" />
</Scene>
<Scene>
<INIT seed="5,0,0,3,4,39" ten="223,114,303,360" oya="1" hai0="29,51,132,79,41,127,0,129,82,59,2,117,92" hai1="11,123,77,3,64,58,94,83,28,119,85,96,97" hai2="134,105,116,89,122,43,33,102,54,91,109,15,36" hai3="120,98,107,48,37,47,14,113,45,124,103,61,32"/><U57/><E119/><V67/><F122/><W16/><G120/><T1/><D117/><U76/><E123/><V18/><F116/><W128/><G32/><T135/><D29/><U93/><E28/><V78/><F109/><W40/><G113/><T87/><D129/><U114/><E114/><V56/><F33/><W22/><G128/><T4/><D127/><U20/><E20/><V110/><F110/><W86/><G124/><T115/><D115/><U44/><E77/><V81/><F67/><W84/><G61/><T133/><D92/><U88/><E64/><V21/><F134/><W49/><G37/><T46/><REACH who="0" step="1"/><D59/><REACH who="0" ten="213,114,303,360" step="2"/><U9/><E44/><V100/><F105/><W25/><G25/><T13/><D13/><U71/><E71/><V38/><F38/><W125/><G125/><T118/><D118/><U70/><E70/><V42/><F36/><W126/><G126/><T12/><D12/><U112/><E112/><V130/><F130/><W17/><G17/><T69/><D69/><U75/><E75/><V108/><F108/><W6/><G6/><AGARI ba="0,1" hai="0,1,2,4,6,41,46,51,79,82,87,132,133,135" machi="6" ten="50,6400,0" yaku="1,1,20,1,52,1,53,0" doraHai="39" doraHaiUra="30" who="0" fromWho="3" sc="213,74,114,0,303,0,360,-64" />
</Scene>
<Scene>
<INIT seed="6,0,0,4,1,96" ten="287,114,303,296" oya="2" hai0="95,126,21,104,42,54,23,79,3,33,103,7,133" hai1="130,2,38,91,31,71,63,87,5,121,1,119,19" hai2="125,62,112,100,120,59,84,36,30,45,58,20,4" hai3="18,88,116,70,74,40,26,64,66,114,86,76,35"/><V15/><F112/><W13/><G116/><T106/><D33/><U102/><E119/><V127/><F120/><W41/><G114/><T49/><D42/><U105/><E38/><V90/><F36/><W25/><G76/><T51/><D79/><U24/><E130/><V97/><F45/><W132/><G74/><T107/><D7/><U101/><E121/><V134/><F134/><W37/><G132/><T81/><D81/><U75/><E75/><V27/><F15/><W135/><G135/><T61/><D3/><U47/><E105/><V85/><F4/><W115/><G115/><T17/><D126/><N who="2" m="48138" /><F90/><W124/><G124/><T32/><D32/><U92/><E47/><V122/><F122/><W48/><G37/><T16/><D61/><U0/><E5/><V89/><F89/><W98/><G98/><T68/><D68/><U72/><E72/><V46/><F46/><N who="3" m="25671" /><G41/><T9/><D133/><U6/><E6/><V57/><F62/><W93/><G35/><T83/><D51/><U28/><E19/><V82/><F82/><W73/><G73/><T117/><D83/><U10/><E10/><V65/><F65/><N who="3" m="25195" /><G70/><T44/><D117/><U11/><E11/><AGARI ba="0,0" hai="11,13,18,25,26,86,88,93" m="25195,25671" machi="11" ten="30,2000,0" yaku="8,1,54,1" doraHai="96" who="3" fromWho="1" sc="287,0,114,-20,303,0,296,20" />
</Scene>
<Scene>
<INIT seed="7,0,0,4,5,5" ten="287,94,303,316" oya="3" hai0="104,40,134,114,24,43,39,96,67,127,37,108,54" hai1="23,58,17,121,51,27,111,57,61,86,107,123,20" hai2="3,85,79,124,2,21,45,49,72,50,106,30,44" hai3="133,101,70,119,110,76,84,65,77,63,109,25,28"/><W19/><G119/><T55/><D104/><U130/><E111/><N who="3" m="42506" /><G133/><T122/><D108/><U81/><E130/><V10/><F72/><W64/><G64/><T47/><D96/><U56/><E107/><V1/><F106/><W48/><G19/><T29/><D122/><U9/><E121/><V126/><F79/><W36/><G36/><T100/><D100/><U7/><E123/><V83/><F83/><W74/><G74/><T59/><D134/><U95/><E51/><N who="2" m="19467" /><F85/><W118/><G118/><T62/><D127/><N who="2" m="48682" /><F10/><W94/><G48/><T98/><D98/><U132/><E132/><V112/><F112/><W116/><G116/><T115/><D43/><U52/><E95/><V0/><F0/><W91/><G101/><T113/><REACH who="0" step="1"/><D39/><REACH who="0" ten="277,94,303,316" step="2"/><U69/><E69/><V71/><F71/><W68/><G68/><T66/><D66/><U129/><E129/><V32/><F32/><AGARI ba="0,1" hai="25,28,32,63,65,70,76,77,84,91,94" m="42506" machi="32" ten="30,1500,0" yaku="10,1" doraHai="5" who="3" fromWho="2" sc="277,0,94,0,303,-15,316,25" /><AGARI ba="0,0" hai="24,29,32,37,40,47,54,55,59,62,67,113,114,115" machi="32" ten="40,5200,0" yaku="1,1,15,1,11,1,53,0" doraHai="5" doraHaiUra="90" who="0" fromWho="2" sc="277,52,94,0,288,-52,341,0" owari="329,13.0,94,-41.0,236,-16.0,341,44.0" />
</Scene>
</mjloggm>