<mjloggm ver="2.3"><GO type="169" lobby="0"/><UN n0="%E3%81%9F%E3%81%8C%E3%82%84%E3%81%99" n1="%E3%83%86%E3%82%BB%E3%83%A9%E3%83%83%E3%82%AF" n2="%E3%83%86%E3%83%AC%E3%83%93%E3%81%A3%E5%AD%90" n3="%E3%81%99%E3%81%9A%E3%82%81%E3%82%AF%E3%83%AC%E3%82%A4%E3%82%B8%E3%83%BC" dan="16,16,18,19" rate="2123.44,2101.89,2246.03,2301.16" sx="M,F,M,M"/><TAIKYOKU oya="0"/>

<Scene>
<INIT seed="0,0,0,2,5,92" ten="250,250,250,250" oya="0" hai0="96,8,66,23,89,135,6,46,9,28,69,5,56" hai1="104,44,103,113,127,16,54,131,43,14,58,67,27" hai2="105,108,91,85,10,20,34,102,95,57,37,35,133" hai3="0,32,71,118,75,74,129,88,41,63,13,1,122"/><T24/><D69/><U84/><E113/><V48/><F37/><W90/><G32/><T29/><D135/><U123/><E123/><V94/><F133/><W18/><G129/><T64/><D46/><U79/><E131/><V100/><F108/><W112/><G63/><T115/><D115/><U36/><E127/><V12/><F20/><W4/><G4/><T110/><D110/><U38/><E67/><V99/><F57/><W26/><G26/><T72/><D72/><U77/><E27/><V80/><F48/><W128/><G13/><T121/><D121/><U39/><E103/><V60/><F60/><W87/><G118/><T31/><D6/><U119/><E104/><V98/><F105/><W17/><G128/><T134/><D134/><U50/><E119/><V109/><F109/><W22/><G87/><T81/><D81/><U59/><E59/><V97/><F97/><W3/><G3/><T2/><D9/><U117/><E117/><V45/><F45/><W78/><G22/><T30/><REACH who="0" step="1"/><D56/><REACH who="0" ten="240,250,250,250" step="2"/><U42/><E58/><V86/><F85/><W40/><G122/><T73/><D73/><U53/><E84/><V11/><F10/><W61/><G112/><T55/><D55/><U19/><E54/><V68/><F68/><W132/><G132/><T70/><D70/><U7/><E53/><V120/><F120/><W49/><G71/><T124/><D124/><U25/><E42/><V65/><F65/><W51/><G61/><T125/><D125/><U15/><E43/><V21/><F11/><W111/><G111/><T101/><D101/><U93/><E7/><RYUUKYOKU ba="0,1" sc="240,10,250,-30,250,10,250,10" hai0="2,5,8,23,24,28,29,30,31,64,66,89,96" hai2="12,21,34,35,80,86,91,94,95,98,99,100,102" hai3="0,1,17,18,40,41,49,51,74,75,78,88,90" />
</Scene>
<Scene>
<INIT seed="0,1,1,0,5,17" ten="250,220,260,260" oya="0" hai0="64,0,116,15,102,10,123,104,100,119,6,52,32" hai1="97,34,19,113,50,111,26,106,16,31,129,93,24" hai2="11,99,117,51,80,55,83,45,92,71,87,62,120" hai3="36,58,25,101,5,98,131,27,39,95,67,73,22"/><T88/><D64/><U89/><E111/><V94/><F120/><W70/><G73/><T110/><D32/><U107/><E113/><V66/><F117/><W109/><G109/><T85/><D110/><U4/><E129/><V40/><F80/><W60/><G5/><T13/><D123/><U3/><E50/><V37/><F11/><W78/><G78/><T86/><D0/><U134/><E134/><V90/><REACH who="2" step="1"/><F99/><REACH who="2" ten="250,220,250,260" step="2"/><W29/><G131/><T135/><D135/><U122/><E122/><V79/><F79/><W133/><G133/><T14/><D119/><U54/><E97/><V9/><F9/><W105/><G105/><T43/><D104/><U7/><E107/><V23/><F23/><W81/><G81/><N who="0" m="49199" /><D116/><U46/><E106/><V21/><F21/><W12/><G12/><N who="0" m="4715" /><D86/><U118/><E34/><V114/><F114/><W47/><G27/><T53/><D43/><U130/><E24/><V1/><F1/><W30/><G30/><T76/><D76/><U20/><E26/><V38/><F38/><W84/><G84/><T127/><D127/><U56/><E31/><V59/><AGARI ba="1,2" hai="37,40,45,51,55,59,62,66,71,83,87,90,92,94" machi="59" ten="20,12000,2" yaku="1,1,0,1,7,1,24,2,53,1" doraHai="17" doraHaiUra="41" who="2" fromWho="2" sc="250,-61,220,-31,250,143,260,-31" />
</Scene>
<Scene>
<INIT seed="1,0,0,1,0,103" ten="189,189,393,229" oya="1" hai0="53,52,49,7,69,117,50,131,110,1,91,30,39" hai1="29,121,82,40,119,111,77,60,113,28,64,5,135" hai2="115,18,32,23,129,70,88,2,3,17,128,126,78" hai3="73,114,123,68,12,55,97,46,90,67,74,120,95"/><U42/><E121/><V6/><F70/><W47/><G114/><T101/><D39/><U62/><E113/><V71/><F71/><W31/><G31/><T116/><D69/><U59/><E119/><V43/><F43/><W0/><G0/><T85/><D30/><U13/><E135/><V107/><F78/><W45/><G55/><T93/><D131/><U87/><E111/><V98/><F32/><W26/><G26/><T118/><D110/><U25/><E62/><V92/><F115/><W83/><G83/><T21/><D21/><N who="1" m="15407" /><E29/><V14/><F126/><W36/><G36/><T16/><D16/><U122/><E122/><V132/><F132/><W11/><G73/><T35/><D35/><U99/><E99/><V86/><F6/><W20/><G74/><T8/><D101/><U61/><E61/><V37/><F37/><W54/><G20/><T133/><D133/><U102/><E102/><N who="2" m="62935" /><F18/><W38/><G38/><T96/><D96/><U22/><E22/><V80/><F2/><W105/><G68/><T4/><D4/><U41/><E41/><V57/><F3/><W81/><G123/><T100/><D100/><U108/><E108/><V19/><F17/><W72/><G97/><T75/><D75/><U34/><E34/><V63/><F128/><W9/><G72/><T33/><D33/><U76/><E76/><V79/><F129/><W58/><G120/><T15/><D1/><U127/><E127/><V48/><F63/><W10/><G10/><AGARI ba="0,0" hai="5,10,13,40,42,59,60,64,77,82,87" m="15407" machi="10" ten="30,1500,0" yaku="8,1" doraHai="103" who="1" fromWho="3" sc="189,0,189,15,393,0,229,-15" />
</Scene>
<Scene>
<INIT seed="1,1,0,3,5,28" ten="189,204,393,214" oya="1" hai0="114,81,14,47,25,92,55,108,65,91,21,39,38" hai1="84,27,89,6,18,2,123,5,15,80,112,32,22" hai2="29,0,62,106,95,129,61,77,20,110,99,78,44" hai3="3,49,113,102,134,120,69,57,125,19,11,133,24"/><U85/><E123/><V101/><F0/><W132/><G69/><T117/><D65/><U50/><E112/><V71/><F110/><W130/><G102/><T26/><D108/><U73/><E73/><V104/><F129/><W76/><G76/><T9/><D117/><U107/><E107/><V42/><F106/><W109/><G109/><T74/><D26/><U58/><E2/><V94/><F104/><W97/><G97/><T13/><D13/><U16/><E32/><V52/><F95/><W41/><G113/><T40/><D55/><N who="1" m="32119" /><E85/><V46/><F71/><W7/><G120/><T60/><D60/><U10/><AGARI ba="1,0" hai="5,6,10,15,16,18,22,27,80,84,89" m="32119" machi="10" ten="30,3000,0" yaku="8,1,54,1" doraHai="28" who="1" fromWho="1" sc="189,-11,204,33,393,-11,214,-11" />
</Scene>
<Scene>
<INIT seed="1,2,0,0,5,59" ten="178,237,382,203" oya="1" hai0="103,75,14,116,102,62,134,129,28,100,49,112,19" hai1="121,68,21,122,36,35,47,37,101,82,51,79,104" hai2="10,96,34,67,110,8,5,135,131,77,50,97,86" hai3="32,30,95,16,92,15,88,12,42,9,38,23,46"/><U72/><E35/><V84/><F34/><W127/><G127/><T118/><D75/><U114/><E68/><V64/><F110/><W65/><G65/><T94/><D112/><U115/><E21/><V125/><F135/><W0/><G0/><T120/><D134/><U71/><E71/><V48/><F77/><W18/><G32/><T89/><D28/><U81/><E81/><V27/><F131/><W80/><G30/><T58/><D49/><U3/><E3/><V83/><F83/><W29/><G29/><T1/><D1/><U7/><E7/><V98/><F98/><W74/><REACH who="3" step="1"/><G88/><REACH who="3" ten="178,237,382,193" step="2"/><T70/><D129/><U69/><E115/><V63/><F67/><W126/><G126/><T4/><D120/><U107/><E114/><V17/><F64/><W2/><G2/><T111/><D111/><U45/><E69/><V53/><F125/><W41/><G41/><T31/><D70/><U73/><E122/><V54/><F97/><W105/><G105/><T22/><D31/><U43/><E121/><V93/><F96/><W87/><G87/><N who="0" m="52543" /><D118/><U56/><E107/><V123/><F123/><W108/><G108/><T61/><D116/><U76/><E104/><V66/><F86/><W90/><G90/><T85/><D85/><U109/><E109/><V13/><F84/><W78/><AGARI ba="2,1" hai="9,12,15,16,18,23,38,42,46,74,78,80,92,95" machi="78" ten="30,4000,0" yaku="1,1,0,1,54,1,53,0" doraHai="59" doraHaiUra="57" who="3" fromWho="3" sc="178,-12,237,-22,382,-12,193,56" />
</Scene>
<Scene>
<INIT seed="2,0,0,2,2,106" ten="166,215,370,249" oya="2" hai0="105,107,4,112,28,129,66,104,63,62,16,73,89" hai1="25,67,45,34,119,93,29,75,43,33,58,8,69" hai2="135,38,86,114,109,39,94,128,60,130,123,122,56" hai3="126,115,77,17,53,81,131,44,121,6,83,2,88"/><V92/><F114/><W51/><G121/><T59/><D4/><U108/><E108/><V125/><F109/><W23/><G131/><T74/><D28/><U22/><E119/><V15/><F135/><W84/><G126/><T26/><D112/><U134/><E134/><V32/><F86/><W79/><G115/><T54/><D89/><U117/><E117/><V42/><F56/><W96/><G96/><T99/><D99/><U91/><E75/><V0/><F42/><W36/><G36/><T57/><REACH who="0" step="1"/><D129/><REACH who="0" ten="156,215,370,249" step="2"/><U20/><E8/><V90/><F90/><W87/><G6/><T35/><D35/><U40/><E34/><V5/><F32/><W24/><G2/><T113/><D113/><U82/><E33/><V19/><F5/><W78/><AGARI ba="0,1" hai="17,23,24,44,51,53,77,78,79,81,83,84,87,88" machi="78" ten="20,5200,0" yaku="0,1,7,1,8,1,54,1" doraHai="106" who="3" fromWho="3" sc="156,-13,215,-13,370,-26,249,62" />
</Scene>
<Scene>
<INIT seed="3,0,0,5,5,29" ten="143,202,344,311" oya="3" hai0="71,93,38,17,74,85,95,65,99,119,100,61,81" hai1="20,88,132,101,24,83,19,102,105,10,80,115,73" hai2="135,127,42,122,89,97,64,114,12,63,118,49,45" hai3="121,120,94,70,129,58,91,104,5,46,125,130,106"/><W37/><G70/><T36/><D74/><U57/><E115/><V123/><F114/><W86/><G5/><T52/><D119/><U3/><E132/><V48/><F12/><W75/><G46/><T13/><D93/><U26/><E105/><N who="3" m="40554" /><G37/><T11/><REACH who="0" step="1"/><D52/><REACH who="0" ten="133,202,344,311" step="2"/><U126/><E73/><V92/><F118/><W124/><G75/><T1/><D1/><U69/><E3/><V50/><F135/><W84/><G86/><T109/><D109/><U44/><E83/><V68/><F127/><N who="3" m="48715" /><G58/><T6/><D6/><U34/><E57/><V33/><F68/><W72/><G72/><T41/><D41/><U55/><E69/><V107/><F42/><W4/><G4/><T87/><D87/><U113/><E126/><V27/><F45/><W96/><G84/><T43/><D43/><U0/><E44/><V2/><F2/><W116/><G116/><T25/><D25/><U62/><E24/><V111/><F27/><W79/><G79/><AGARI ba="0,1" hai="11,13,17,36,38,61,65,71,79,81,85,95,99,100" machi="79" ten="30,3900,0" yaku="1,1,7,1,53,1" doraHai="29" doraHaiUra="59" who="0" fromWho="3" sc="133,49,202,0,344,0,311,-39" />
</Scene>
<Scene>
<INIT seed="4,0,0,3,2,84" ten="182,202,344,272" oya="0" hai0="95,65,106,119,42,107,114,22,14,92,59,91,3" hai1="100,90,113,96,118,46,27,56,125,7,23,82,77" hai2="47,112,80,78,31,83,5,20,120,75,88,41,6" hai3="89,94,16,103,135,37,2,73,133,52,28,68,81"/><T110/><D3/><U19/><E118/><V29/><F120/><W1/><G68/><T108/><D42/><U34/><E113/><V63/><F63/><W38/><G28/><T104/><D119/><U25/><E125/><V11/><F112/><W58/><G103/><T131/><D114/><U97/><E7/><V129/><F129/><W71/><G71/><T43/><D43/><U128/><E128/><V48/><F6/><W124/><G81/><T4/><D131/><U24/><E46/><V53/><F53/><W10/><G73/><T115/><D92/><U101/><E56/><V64/><F64/><W74/><G74/><T32/><D32/><U67/><E67/><V121/><F121/><W45/><G45/><T69/><D69/><U30/><E27/><V61/><F61/><N who="3" m="36039" /><G124/><T127/><D127/><U70/><E70/><V105/><F105/><W93/><G93/><T21/><D115/><U102/><REACH who="1" step="1"/><E90/><REACH who="1" ten="182,192,344,272" step="2"/><V87/><F47/><W126/><G126/><T15/><D59/><U40/><E40/><V9/><F41/><W99/><G38/><T130/><D65/><U33/><E33/><V54/><F54/><W85/><G37/><T18/><D130/><U132/><E132/><V49/><F78/><W98/><G1/><T0/><D0/><U109/><E109/><N who="0" m="42089" /><D4/><U123/><E123/><V55/><F5/><W36/><G36/><T111/><D111/><U72/><AGARI ba="0,1" hai="19,23,24,25,30,34,72,77,82,96,97,100,101,102" machi="72" ten="30,2000,0" yaku="1,1,0,1,53,0" doraHai="84" doraHaiUra="134" who="1" fromWho="1" sc="182,-10,192,30,344,-5,272,-5" />
</Scene>
<Scene>
<INIT seed="5,0,0,1,0,12" ten="172,222,339,267" oya="1" hai0="56,7,11,27,90,17,26,65,133,50,35,114,64" hai1="23,132,24,128,105,93,39,115,13,68,97,52,125" hai2="72,67,113,107,40,110,70,80,69,49,108,98,77" hai3="81,53,61,34,131,57,82,92,14,74,43,101,59"/><U32/><E105/><V3/><F70/><W19/><G34/><T20/><D90/><U73/><E73/><V0/><F49/><W29/><G29/><T44/><D133/><U63/><E39/><V36/><F113/><W116/><G131/><T103/><D103/><U37/><E37/><V123/><F123/><W84/><G74/><T51/><D114/><U55/><E115/><V135/><F135/><W111/><G43/><T66/><D56/><U6/><E128/><V8/><F0/><W62/><G111/><T122/><D122/><U18/><E132/><V9/><F8/><W38/><G38/><T89/><D89/><U104/><E104/><V95/><F107/><W124/><G124/><T88/><D88/><U21/><E125/><V22/><F22/><N who="3" m="11639" /><G84/><T94/><D94/><U126/><E126/><V25/><F25/><W109/><G116/><T48/><D35/><U42/><E42/><V100/><F69/><W4/><G109/><T120/><D120/><U10/><E32/><V102/><F67/><N who="3" m="39343" /><G4/><T47/><REACH who="0" step="1"/><D27/><REACH who="0" ten="162,222,339,267" step="2"/><U31/><E68/><V87/><F110/><W119/><G119/><T85/><D85/><U60/><E60/><V28/><F108/><W46/><G46/><T54/><D54/><U16/><E63/><V106/><F87/><W83/><G92/><T2/><AGARI ba="0,1" hai="2,7,11,17,20,26,44,47,48,50,51,64,65,66" machi="2" ten="30,4000,0" yaku="1,1,0,1,52,1,53,0" doraHai="12" doraHaiUra="96" who="0" fromWho="0" sc="162,50,222,-20,339,-10,267,-10" />
</Scene>
<Scene>
<INIT seed="6,0,0,3,0,86" ten="212,202,329,257" oya="2" hai0="125,41,10,87,12,65,74,50,35,120,46,128,51" hai1="39,119,48,34,122,27,14,3,61,68,134,126,43" hai2="23,60,25,105,84,88,55,96,30,97,47,100,58" hai3="102,108,69,121,57,0,72,132,54,40,76,114,24"/><V36/><F36/><W101/><G0/><T80/><D35/><U106/><RYUUKYOKU type="yao9" ba="0,0" sc="212,0,202,0,329,0,257,0" hai1="3,14,27,34,39,43,48,61,68,106,119,122,126,134" />
</Scene>
<Scene>
<INIT seed="6,1,0,4,1,63" ten="212,202,329,257" oya="2" hai0="93,126,53,122,110,129,8,99,116,75,36,41,42" hai1="100,97,55,37,2,113,73,38,7,4,46,52,47" hai2="109,17,95,107,123,32,120,74,33,83,92,103,117" hai3="28,35,60,29,1,49,131,67,98,77,115,11,65"/><V51/><F117/><W125/><G35/><T54/><D75/><U86/><E73/><V15/><F107/><W18/><G77/><T40/><D36/><U127/><E127/><V48/><F15/><W45/><G131/><T44/><D122/><U30/><E30/><V10/><F74/><W21/><G60/><T69/><D69/><U135/><E135/><V14/><F14/><N who="3" m="7519" /><G1/><T121/><D121/><U13/><E86/><V20/><F20/><W119/><G115/><T43/><D129/><U124/><E124/><V26/><F26/><N who="3" m="16463" /><G29/><T12/><D110/><U79/><E79/><V0/><F0/><W78/><G78/><T64/><D116/><U132/><E132/><V102/><F10/><W72/><G72/><T6/><D126/><U5/><E113/><V57/><F17/><W118/><G125/><T76/><D76/><U66/><E66/><V31/><F31/><W68/><G68/><T101/><REACH who="0" step="1"/><D64/><REACH who="0" ten="202,202,329,257" step="2"/><U59/><E38/><V34/><F109/><W89/><G119/><T96/><D96/><U134/><E37/><V88/><F123/><W85/><G98/><T9/><D9/><U58/><E134/><V90/><F120/><W84/><G118/><T61/><D61/><U128/><E128/><V94/><F33/><W62/><G62/><T82/><D82/><U24/><E97/><V50/><F83/><N who="3" m="49311" /><G85/><T108/><D108/><U106/><E2/><V80/><F80/><W16/><G67/><T130/><D130/><U23/><E23/><V25/><F32/><W81/><G65/><T71/><D71/><U70/><E70/><V112/><F34/><RYUUKYOKU ba="1,1" sc="202,30,202,-10,329,-10,257,-10" hai0="6,8,12,40,41,42,43,44,53,54,93,99,101" />
</Scene>
<Scene>
<INIT seed="7,2,1,4,3,4" ten="232,192,319,247" oya="3" hai0="72,19,134,83,59,34,106,32,131,108,74,36,37" hai1="43,28,60,85,82,26,13,101,5,14,42,10,68" hai2="66,117,114,133,135,120,58,104,109,51,78,16,40" hai3="1,53,48,21,91,99,69,38,11,79,27,128,103"/><W56/><G38/><N who="0" m="14955" /><D59/><U119/><E119/><V31/><F117/><W126/><G69/><T90/><D19/><U95/><E68/><V45/><F104/><W77/><G128/><T55/><D55/><U98/><E60/><V65/><F109/><W116/><G126/><T30/><D90/><U86/><E14/><V62/><F120/><W97/><G116/><T130/><D108/><U46/><E46/><V124/><F31/><W17/><G91/><T24/><D34/><U15/><E15/><V2/><F2/><W100/><G1/><T61/><D61/><U9/><E9/><V96/><F16/><W111/><G11/><T93/><D93/><U25/><E86/><V64/><F58/><W132/><G132/><T129/><D134/><U88/><REACH who="1" step="1"/><E26/><REACH who="1" ten="232,182,319,247" step="2"/><V47/><F62/><W67/><G111/><T87/><D87/><U39/><E39/><V63/><F63/><W41/><G67/><T127/><D127/><U29/><E29/><V20/><F124/><W44/><G44/><T123/><D123/><U102/><E102/><V84/><F47/><W57/><G56/><T71/><D71/><U0/><E0/><V81/><F135/><W18/><G103/><T50/><D50/><U113/><E113/><V110/><F133/><W125/><G100/><T122/><D122/><U107/><E107/><V23/><F114/><W75/><G125/><T52/><D106/><U94/><E94/><V118/><F118/><W70/><G70/><T3/><D3/><U22/><AGARI ba="2,2" hai="5,10,13,22,25,28,42,43,82,85,88,95,98,101" machi="22" ten="20,12000,2" yaku="1,1,0,1,7,1,8,1,52,1,54,1,53,0" doraHai="4" doraHaiUra="33" who="1" fromWho="1" sc="232,-32,182,146,319,-32,247,-62" owari="200,-20.0,328,42.0,287,9.0,185,-31.0" />
</Scene>
</mjloggm>