<mjloggm ver="2.3"><GO type="169" lobby="0"/><UN n0="%75%65%73%68%6F%77" n1="%E3%81%99%E3%81%9A%E3%82%81%E3%82%AF%E3%83%AC%E3%82%A4%E3%82%B8%E3%83%BC" n2="%E7%AB%9C%E6%B2%B3%E6%86%A9" n3="%E3%82%B7%E3%83%B3%E3%83%87%E3%83%AB%E3%83%A9" dan="17,19,16,16" rate="2167.20,2266.90,2063.32,2074.05" sx="M,M,M,M"/><TAIKYOKU oya="0"/>

<Scene>
<INIT seed="0,0,0,5,5,44" ten="250,250,250,250" oya="0" hai0="98,89,23,3,80,127,61,34,52,91,75,109,40" hai1="103,122,17,25,5,86,26,41,21,124,93,92,111" hai2="47,4,42,39,51,57,7,113,29,50,120,129,9" hai3="115,22,74,33,85,53,63,13,6,30,32,128,131"/><T84/><D34/><U68/><E111/><V116/><F120/><W11/><G74/><T114/><D114/><U38/><E124/><V77/><F113/><W133/><G115/><T28/><D3/><U125/><E68/><V49/><F116/><W27/><G85/><T31/><D75/><U56/><E5/><V64/><F129/><N who="3" m="49739" /><G63/><T83/><D127/><U1/><E1/><V126/><F126/><W70/><G70/><T45/><D109/><U81/><E122/><V67/><F77/><W123/><G123/><T78/><D23/><U2/><E2/><V37/><F37/><W76/><G76/><T59/><D78/><U0/><E103/><V18/><F29/><N who="0" m="11338" /><D98/><U132/><E38/><V112/><F112/><W118/><G53/><T12/><D12/><U46/><E0/><V108/><F108/><W35/><G133/><T106/><D106/><U82/><E132/><V121/><F121/><W100/><G100/><T24/><D24/><U110/><E26/><V94/><F94/><W95/><G95/><N who="0" m="54695" /><D91/><U102/><E110/><V117/><F117/><AGARI ba="0,0" hai="6,11,13,22,27,30,32,33,35,117,118" m="49739" machi="117" ten="40,5200,0" yaku="19,1,34,2" doraHai="44" who="3" fromWho="2" sc="250,0,250,0,250,-52,250,52" />
</Scene>
<Scene>
<INIT seed="1,0,0,0,1,22" ten="250,250,198,302" oya="1" hai0="96,1,80,124,40,117,55,74,92,15,24,79,133" hai1="78,46,42,60,7,95,5,100,27,89,132,65,110" hai2="134,103,50,18,37,33,63,44,112,32,38,29,77" hai3="130,116,66,113,62,23,67,52,73,109,20,76,122"/><U17/><E132/><V16/><F134/><W99/><G122/><T25/><D1/><U102/><E78/><V88/><F112/><W131/><G113/><T105/><D133/><U28/><E17/><V58/><F103/><W108/><G116/><T69/><D117/><U54/><E54/><V71/><F77/><W61/><G76/><T47/><D69/><U39/><E102/><V49/><F71/><W68/><G99/><T51/><D105/><U4/><E100/><V114/><F114/><W53/><REACH who="3" step="1"/><G68/><REACH who="3" ten="250,250,198,292" step="2"/><T83/><D124/><U3/><E110/><V121/><F121/><W84/><G84/><T34/><D34/><U101/><E101/><V48/><F88/><W72/><AGARI ba="0,1" hai="20,23,52,53,61,62,66,67,72,73,108,109,130,131" machi="72" ten="25,12000,2" yaku="1,1,0,1,22,2,54,1,53,2" doraHai="22" doraHaiUra="107" who="3" fromWho="3" sc="250,-30,250,-60,198,-30,292,130" />
</Scene>
<Scene>
<INIT seed="2,0,0,3,1,117" ten="220,190,168,422" oya="2" hai0="29,13,5,134,36,61,32,99,17,90,83,111,22" hai1="85,93,110,45,124,126,66,31,65,19,64,54,82" hai2="6,39,38,113,58,88,80,63,121,89,120,0,135" hai3="118,56,34,122,133,57,53,4,92,47,7,105,132"/><V87/><F113/><W116/><G105/><T129/><D36/><U72/><E31/><V18/><F39/><W37/><G34/><T94/><D129/><U26/><E72/><V68/><F38/><W49/><G92/><T43/><D43/><U130/><E130/><V16/><F68/><W100/><G100/><T106/><D106/><U91/><E110/><V12/><F135/><N who="3" m="51787" /><G37/><T102/><D134/><U131/><E131/><V84/><F0/><W71/><G71/><T119/><D119/><N who="3" m="45609" /><G4/><T9/><D111/><U8/><E26/><V50/><F6/><W74/><G7/><T25/><D61/><U2/><E2/><V104/><F104/><W96/><G96/><T46/><D46/><U112/><E93/><V86/><F50/><W60/><G74/><T75/><D75/><U10/><E112/><V28/><F28/><W98/><G98/><T23/><D83/><U79/><E79/><V69/><F69/><W62/><G122/><T33/><REACH who="0" step="1"/><D102/><REACH who="0" ten="210,190,168,422" step="2"/><U15/><E126/><V81/><F86/><W55/><G62/><T48/><D48/><N who="1" m="28943" /><E124/><V11/><REACH who="2" step="1"/><F18/><REACH who="2" ten="210,190,158,422" step="2"/><W24/><G49/><T114/><D114/><U14/><E19/><V20/><F20/><W109/><G109/><T3/><AGARI ba="0,2" hai="3,5,9,13,17,22,23,25,29,32,33,90,94,99" machi="3" ten="20,2700,0" yaku="1,1,0,1,7,1,53,0" doraHai="117" doraHaiUra="115" who="0" fromWho="0" sc="210,47,190,-7,158,-13,422,-7" />
</Scene>
<Scene>
<INIT seed="3,0,0,2,5,77" ten="257,183,145,415" oya="3" hai0="20,31,46,68,78,73,124,16,56,2,14,62,103" hai1="81,47,10,28,18,132,23,38,17,134,41,72,59" hai2="127,60,51,24,135,6,106,63,27,115,67,43,9" hai3="54,80,34,55,95,125,105,123,74,40,4,53,82"/><W0/><G123/><T7/><D68/><U94/><E94/><V79/><F115/><W110/><G105/><T42/><D124/><U11/><E28/><V70/><F106/><W44/><G34/><T99/><D31/><U121/><E121/><V35/><F127/><W86/><G125/><T29/><D29/><U49/><E59/><V93/><F135/><N who="1" m="51753" /><E38/><V129/><F129/><W1/><G110/><T64/><D7/><U97/><E97/><V108/><F108/><W50/><G4/><T8/><D2/><U100/><E100/><V104/><F104/><W85/><G74/><T58/><D20/><U116/><E116/><V37/><F35/><W111/><G111/><T36/><D58/><U101/><E101/><V131/><F131/><W19/><G19/><N who="1" m="7178" /><E23/><V117/><F117/><W22/><G22/><T126/><D126/><U30/><E30/><V75/><F93/><W3/><REACH who="3" step="1"/><G95/><REACH who="3" ten="257,183,145,405" step="2"/><T12/><D73/><U76/><AGARI ba="0,1" hai="10,11,41,47,49,72,76,81" m="7178,51753" machi="76" ten="30,2000,0" yaku="20,1,52,1" doraHai="77" who="1" fromWho="1" sc="257,-5,183,30,145,-5,405,-10" />
</Scene>
<Scene>
<INIT seed="4,0,0,4,5,129" ten="252,213,140,395" oya="0" hai0="36,52,35,15,74,81,5,92,82,91,96,63,133" hai1="113,43,27,13,46,86,93,25,32,121,127,41,64" hai2="53,11,62,119,45,110,89,122,33,19,120,83,111" hai3="134,102,126,115,132,61,38,65,7,88,78,112,77"/><T24/><D36/><U34/><E121/><V104/><F104/><W14/><G126/><T128/><D128/><U123/><E123/><V58/><F119/><W44/><G102/><T107/><D74/><U70/><E70/><V4/><F33/><W17/><G7/><T37/><D37/><U84/><E64/><V130/><F130/><W20/><G88/><N who="0" m="55303" /><D107/><U66/><E66/><V79/><F120/><W94/><G94/><T30/><D35/><U55/><E93/><V125/><F122/><W95/><G95/><T106/><D133/><N who="3" m="51305" /><G44/><T1/><D1/><U57/><E46/><V42/><F125/><W67/><G67/><T72/><D72/><U68/><E86/><V59/><F89/><W12/><G12/><T6/><D106/><U10/><E84/><V131/><F131/><W73/><G38/><T90/><D90/><U71/><E13/><V60/><F19/><W80/><G77/><T8/><D6/><U26/><E127/><V54/><F83/><W97/><G97/><T16/><D91/><U75/><E75/><V40/><F79/><W114/><G114/><T116/><D116/><U3/><E3/><V69/><F45/><W31/><G31/><T101/><D101/><U117/><E113/><V87/><F87/><W108/><G108/><T135/><D30/><U29/><E29/><V2/><REACH who="2" step="1"/><F69/><AGARI ba="0,0" hai="14,17,20,61,65,69,73,78,80,112,115" m="51305" machi="69" ten="30,7700,0" yaku="20,1,52,3" doraHai="129" who="3" fromWho="2" sc="252,0,213,0,140,-77,395,77" />
</Scene>
<Scene>
<INIT seed="5,0,0,5,3,59" ten="252,213,63,472" oya="1" hai0="72,37,77,95,127,133,111,131,118,13,112,107,68" hai1="47,50,8,27,57,38,61,29,7,71,65,76,86" hai2="51,1,56,64,34,42,129,19,130,126,119,11,25" hai3="70,103,88,81,74,26,45,66,69,121,32,46,63"/><U54/><E76/><V101/><F119/><W43/><G121/><T73/><D13/><U58/><E86/><V3/><F126/><W33/><G103/><T23/><D23/><U117/><E117/><V84/><F101/><W83/><G88/><T12/><D12/><U106/><E106/><V2/><F11/><W116/><G116/><T128/><D77/><U30/><E30/><V125/><F125/><W115/><G115/><T60/><D60/><U16/><E38/><V24/><F84/><W108/><G108/><T135/><D95/><U87/><E87/><V123/><F123/><W99/><G99/><T15/><D15/><U98/><E98/><V6/><F6/><W93/><G93/><T104/><D104/><U4/><E16/><V122/><F122/><W28/><G33/><T114/><D135/><U113/><E113/><V40/><F19/><W82/><G74/><T105/><D105/><U14/><E7/><V75/><F75/><W97/><G97/><T120/><D72/><U39/><REACH who="1" step="1"/><E39/><REACH who="1" ten="252,203,63,472" step="2"/><V5/><F5/><W17/><G17/><T49/><D114/><U9/><E9/><V35/><F35/><AGARI ba="0,1" hai="4,8,14,27,29,35,47,50,54,57,58,61,65,71" machi="35" ten="30,5800,0" yaku="1,1,7,1,52,1,53,0" doraHai="59" doraHaiUra="79" who="1" fromWho="2" sc="252,0,203,68,63,-58,472,0" />
</Scene>
<Scene>
<INIT seed="5,1,0,3,5,107" ten="252,271,5,472" oya="1" hai0="3,125,48,45,60,26,133,126,114,43,97,59,34" hai1="58,128,14,52,19,41,112,1,78,99,123,9,38" hai2="22,100,119,61,81,122,87,118,80,88,5,74,85" hai3="30,37,49,70,11,16,134,72,71,98,86,7,102"/><U32/><E123/><V10/><F122/><W104/><G72/><T6/><D3/><U40/><E32/><V17/><F100/><W29/><G37/><T68/><D6/><U108/><E38/><V111/><F111/><W106/><G16/><T2/><D2/><U132/><E108/><V124/><F124/><N who="0" m="47722" /><D97/><U82/><E112/><V57/><F74/><W65/><G49/><N who="0" m="26815" /><D26/><U117/><E128/><V31/><F31/><W131/><G30/><T63/><D34/><U90/><E132/><V95/><F10/><W73/><G11/><T93/><D93/><N who="1" m="56759" /><E117/><V39/><F5/><W28/><G131/><T76/><D76/><U116/><E116/><V4/><F4/><W101/><G134/><T27/><D27/><U69/><E69/><V56/><F39/><W84/><G70/><T46/><D133/><U77/><E1/><V92/><F118/><W110/><G110/><T51/><D114/><U83/><E78/><V103/><F119/><W54/><G28/><T36/><D36/><U55/><E55/><V89/><F103/><W113/><G54/><N who="0" m="32223" /><D68/><U13/><E13/><V23/><F23/><W135/><G71/><T21/><D21/><U20/><E20/><V115/><F115/><W62/><G113/><T105/><D105/><U121/><E121/><V47/><F47/><W91/><G106/><T109/><D109/><U66/><E66/><N who="2" m="39207" /><F57/><W53/><G65/><T0/><D0/><U130/><E130/><V35/><F35/><W94/><G104/><T33/><D33/><U67/><E67/><V12/><AGARI ba="1,0" hai="12,17,22,80,81,85,87,88,89,92,95" m="39207" machi="12" ten="30,2000,0" yaku="8,1,54,1" doraHai="107" who="2" fromWho="2" sc="252,-6,271,-11,5,23,472,-6" />
</Scene>
<Scene>
<INIT seed="6,0,0,3,5,12" ten="246,260,28,466" oya="2" hai0="121,10,9,69,55,36,74,7,127,93,39,51,25" hai1="56,73,70,28,106,48,57,41,5,24,35,67,113" hai2="125,110,131,118,60,37,64,116,8,54,78,76,6" hai3="86,72,92,84,22,16,15,120,23,29,134,98,44"/><V107/><F107/><W88/><G120/><T114/><D69/><U26/><E73/><V133/><F37/><W38/><G72/><T123/><D74/><U128/><E5/><V122/><F122/><W101/><G134/><T27/><D127/><U132/><E113/><V1/><F133/><W17/><G29/><T53/><D93/><U45/><E128/><V117/><F131/><W43/><G101/><T97/><D7/><U108/><E108/><V19/><F110/><W99/><G86/><T129/><D51/><U75/><E75/><V14/><F54/><W0/><G0/><T89/><D129/><U13/><E13/><AGARI ba="0,0" hai="13,15,16,17,22,23,38,43,44,84,88,92,98,99" machi="13" ten="30,12000,2" yaku="7,1,9,1,52,2,54,2" doraHai="12" who="3" fromWho="1" sc="246,0,260,-120,28,0,466,120" />
</Scene>
<Scene>
<INIT seed="7,0,0,3,0,40" ten="246,140,28,586" oya="3" hai0="51,25,68,65,78,105,8,106,43,121,30,26,125" hai1="127,14,4,120,109,1,31,84,116,5,74,19,81" hai2="133,71,27,128,79,63,48,62,119,55,88,57,114" hai3="28,23,39,117,99,135,64,83,53,9,11,10,2"/><W108/><G53/><T77/><D121/><U41/><E120/><V92/><F119/><W44/><G44/><T89/><D125/><U75/><E109/><V112/><F79/><W101/><G83/><T85/><D8/><U37/><E31/><V73/><F73/><W56/><G23/><T3/><D3/><U60/><E1/><V111/><F111/><W36/><G56/><T70/><D89/><U29/><E29/><V87/><F128/><W95/><G95/><T21/><D65/><U102/><E102/><V100/><F133/><W12/><G101/><T118/><D118/><U66/><E127/><V59/><F71/><W17/><G64/><T90/><D70/><U97/><E97/><V50/><F100/><W86/><G99/><T129/><D68/><U46/><E116/><V34/><F34/><W130/><G28/><T122/><D122/><U33/><E33/><V126/><F126/><W42/><G2/><T72/><D85/><U124/><E124/><V113/><REACH who="2" step="1"/><F27/><REACH who="2" ten="246,140,18,586" step="2"/><W45/><G130/><T54/><D26/><U93/><E75/><V35/><F35/><W58/><G135/><T80/><D129/><U18/><E74/><V16/><F16/><W76/><G17/><T0/><D30/><U103/><E19/><V134/><F134/><W13/><G76/><T52/><D78/><U94/><E103/><V7/><F7/><W49/><G117/><T20/><D72/><U6/><E5/><V91/><F91/><W15/><G108/><T32/><D90/><U107/><E4/><V24/><F24/><W96/><G15/><T69/><D32/><RYUUKYOKU ba="0,1" sc="246,-10,140,-10,18,30,586,-10" hai2="48,50,55,57,59,62,63,87,88,92,112,113,114" owari="236,4.0,130,-27.0,48,-45.0,586,68.0" />
</Scene>
</mjloggm>