<mjloggm ver="2.3"><GO type="169" lobby="0"/><UN n0="%64%61%72%74%65%72" n1="%E3%81%99%E3%81%9A%E3%82%81%E3%82%AF%E3%83%AC%E3%82%A4%E3%82%B8%E3%83%BC" n2="%E6%96%87%E5%9B%9B%E9%83%8E" n3="%E3%83%99%E3%82%BF%E3%82%AA%E3%83%AA%E3%82%B9%E3%82%AF" dan="18,19,16,16" rate="2220.16,2307.51,2089.01,2102.79" sx="M,M,M,M"/><TAIKYOKU oya="0"/>

<Scene>
<INIT seed="0,0,0,5,4,113" ten="250,250,250,250" oya="0" hai0="120,62,26,129,58,105,37,33,101,115,110,0,36" hai1="125,56,79,57,8,42,32,27,46,35,50,93,40" hai2="75,121,74,39,135,49,60,31,51,78,82,52,133" hai3="90,14,30,23,7,107,97,69,95,130,117,43,100"/><T65/><D0/><U45/><E125/><V88/><F121/><W48/><G69/><T34/><D115/><U55/><E79/><V92/><F39/><W67/><G67/><T11/><D120/><U124/><E124/><V112/><F112/><W134/><G134/><N who="2" m="51209" /><F74/><W18/><G130/><T53/><D129/><U70/><E8/><V126/><F126/><W54/><G43/><T103/><D11/><U71/><E93/><V3/><F3/><W104/><G7/><T5/><D5/><U109/><E27/><V15/><F31/><W77/><G77/><T128/><D128/><U89/><E89/><V12/><F60/><W84/><G30/><T127/><D37/><N who="1" m="21647" /><E32/><V111/><F51/><W94/><REACH who="3" step="1"/><G117/><REACH who="3" ten="250,250,250,240" step="2"/><T73/><D65/><U61/><E109/><V63/><F111/><W123/><G123/><T17/><D110/><U91/><E35/><V85/><F63/><W98/><G98/><T19/><D34/><U131/><E131/><V24/><F24/><W20/><G20/><T80/><D26/><U29/><E29/><V21/><F21/><W47/><AGARI ba="0,1" hai="14,18,23,47,48,54,84,90,94,95,97,100,104,107" machi="47" ten="20,2700,0" yaku="1,1,0,1,7,1,53,0" doraHai="113" doraHaiUra="25" who="3" fromWho="3" sc="250,-13,250,-7,250,-7,240,37" />
</Scene>
<Scene>
<INIT seed="1,0,0,3,0,83" ten="237,243,243,277" oya="1" hai0="23,100,19,53,74,92,105,110,91,57,46,89,48" hai1="70,128,90,97,5,71,119,50,52,133,37,12,96" hai2="11,120,56,60,121,43,135,18,40,4,41,98,34" hai3="61,126,122,117,106,25,69,127,10,20,62,129,7"/><U30/><E37/><V0/><F34/><W80/><G122/><T81/><D110/><U94/><E119/><V28/><F28/><W85/><G106/><T32/><D32/><U42/><E42/><V82/><F135/><W26/><G129/><T16/><D105/><U1/><E128/><V72/><F98/><W68/><G117/><T54/><D100/><U125/><E125/><N who="3" m="47626" /><G62/><T55/><D74/><U104/><E1/><V14/><F72/><W84/><G61/><T33/><D33/><U77/><E77/><V38/><F38/><W17/><G26/><T78/><D78/><U31/><E133/><V58/><F82/><W35/><G35/><T13/><D81/><U88/><E71/><N who="3" m="27210" /><G80/><T67/><D67/><U27/><E27/><V113/><F113/><W6/><G6/><T109/><D109/><U93/><E70/><V15/><F0/><AGARI ba="0,0" hai="0,7,10,17,20,25,84,85" m="27210,47626" machi="0" ten="30,3900,0" yaku="18,1,52,2" doraHai="83" who="3" fromWho="2" sc="237,0,243,0,243,-39,277,39" />
</Scene>
<Scene>
<INIT seed="2,0,0,1,3,60" ten="237,243,204,316" oya="2" hai0="90,30,134,25,130,106,102,85,65,105,44,20,104" hai1="3,126,91,29,119,97,2,84,77,95,99,36,109" hai2="89,1,66,124,19,24,83,78,125,108,111,23,71" hai3="56,64,33,9,0,38,88,103,13,79,40,35,58"/><V82/><F1/><W73/><G103/><T98/><D134/><U114/><E36/><V81/><F78/><W128/><G13/><T59/><D130/><U110/><E29/><V120/><F120/><W45/><G128/><T80/><D44/><U6/><E114/><V18/><F89/><W46/><G46/><T55/><REACH who="0" step="1"/><D65/><REACH who="0" ten="227,243,204,316" step="2"/><U7/><E110/><N who="2" m="42027" /><F19/><W133/><G133/><T75/><D75/><U107/><E109/><V52/><F52/><W15/><G73/><T34/><D34/><U68/><E6/><V48/><F48/><AGARI ba="0,1" hai="20,25,30,48,55,59,80,85,90,98,102,104,105,106" machi="48" ten="30,3900,0" yaku="1,1,7,1,53,1" doraHai="60" doraHaiUra="50" who="0" fromWho="2" sc="227,49,243,0,204,-39,316,0" />
</Scene>
<Scene>
<INIT seed="3,0,0,2,2,40" ten="276,243,165,316" oya="3" hai0="12,59,35,6,83,133,48,90,41,61,135,126,71" hai1="117,124,87,86,46,115,57,112,43,122,99,65,78" hai2="79,77,16,70,104,29,44,76,91,82,31,80,110" hai3="102,97,107,52,128,30,45,130,72,120,94,68,116"/><W62/><G116/><T19/><D35/><U121/><E99/><V17/><F104/><W113/><G113/><T103/><D6/><U13/><E13/><V111/><F70/><W51/><G120/><T37/><D103/><U88/><E124/><V105/><F105/><W8/><G72/><T50/><D71/><U109/><E117/><V4/><F4/><W42/><G30/><N who="2" m="11273" /><F91/><W47/><G107/><T36/><D126/><U32/><E32/><V20/><F44/><W49/><REACH who="3" step="1"/><G8/><REACH who="3" ten="276,243,165,306" step="2"/><T81/><D133/><U132/><E132/><V96/><F96/><W95/><G95/><T2/><D135/><U54/><E115/><V26/><F17/><W85/><G85/><T92/><D92/><U114/><E114/><V15/><F26/><W127/><G127/><T5/><D19/><U98/><E112/><V3/><F3/><W119/><G119/><T22/><D2/><U14/><E121/><V106/><F106/><W100/><G100/><T21/><D81/><U134/><E134/><V33/><F33/><W84/><G84/><T108/><D83/><U125/><E86/><V7/><F7/><W69/><G69/><T56/><D5/><U10/><E87/><V28/><F28/><W64/><AGARI ba="0,1" hai="42,45,47,49,51,52,62,64,68,94,97,102,128,130" machi="64" ten="30,12000,1" yaku="1,1,0,1,52,2,54,1,53,0" doraHai="40" doraHaiUra="23" who="3" fromWho="3" sc="276,-40,243,-40,165,-40,306,130" />
</Scene>
<Scene>
<INIT seed="3,1,0,2,3,4" ten="236,203,125,436" oya="3" hai0="0,125,128,22,100,96,71,129,99,103,45,132,130" hai1="83,51,90,91,58,17,59,32,109,19,62,113,42" hai2="5,124,81,8,25,105,34,79,50,16,106,24,47" hai3="126,120,46,35,76,97,104,89,21,9,72,41,1"/><W11/><G120/><T119/><D71/><U2/><E32/><V95/><F124/><W26/><G35/><T78/><D0/><U88/><E109/><V135/><F135/><W38/><G126/><T108/><D125/><U115/><E2/><V87/><F95/><W80/><G1/><T23/><D108/><U56/><E62/><V20/><F25/><W52/><G52/><T84/><D45/><U69/><E69/><V75/><F75/><W74/><G74/><T73/><D73/><U3/><E3/><V49/><F34/><W27/><G27/><T39/><D39/><U70/><E70/><V61/><F61/><W102/><REACH who="3" step="1"/><G89/><REACH who="3" ten="236,203,125,426" step="2"/><T86/><D132/><U82/><E42/><N who="2" m="24823" /><F50/><W122/><G122/><T117/><D129/><U127/><E51/><V93/><F24/><W77/><G77/><AGARI ba="1,1" hai="22,23,77,78,84,86,96,99,100,103,117,119,128,130" machi="77" ten="25,1600,0" yaku="22,2" doraHai="4" who="0" fromWho="3" sc="236,29,203,0,125,0,426,-19" />
</Scene>
<Scene>
<INIT seed="4,0,0,2,0,134" ten="265,203,125,407" oya="0" hai0="121,53,69,34,7,122,117,116,26,23,55,90,127" hai1="89,27,12,95,15,60,93,129,73,66,21,33,128" hai2="130,77,112,24,120,11,86,85,115,82,46,75,52" hai3="84,6,118,92,91,99,38,65,131,123,98,70,97"/><T114/><D69/><U30/><E73/><V47/><F120/><N who="0" m="46186" /><D90/><U44/><E44/><V78/><F24/><W96/><G38/><T133/><D55/><U79/><E79/><V19/><F130/><N who="1" m="50281" /><E33/><V72/><F11/><W17/><G131/><T64/><D53/><U111/><E111/><V83/><F52/><W20/><G118/><T58/><D58/><N who="1" m="37143" /><E95/><V94/><F94/><W109/><G109/><T71/><D64/><U32/><E32/><V31/><REACH who="2" step="1"/><F19/><REACH who="2" ten="265,203,115,407" step="2"/><W76/><G17/><T61/><D26/><U50/><E50/><V125/><F125/><W132/><G92/><T13/><D127/><U103/><E103/><V59/><F59/><W4/><G70/><T37/><D71/><U29/><E30/><AGARI ba="0,1" hai="30,31,46,47,72,75,77,78,82,83,85,86,112,115" machi="30" ten="25,3200,0" yaku="1,1,22,2,53,0" doraHai="134" doraHaiUra="54" who="2" fromWho="1" sc="265,0,203,-32,115,42,407,0" />
</Scene>
<Scene>
<INIT seed="5,0,0,0,0,77" ten="265,171,157,407" oya="1" hai0="74,67,9,47,122,19,116,17,66,106,28,118,2" hai1="21,135,70,131,13,125,16,86,109,117,7,24,81" hai2="78,99,95,129,112,115,69,40,33,64,42,31,85" hai3="82,97,63,23,124,61,108,84,27,22,87,45,113"/><U30/><E70/><V94/><F129/><W46/><G108/><T130/><D106/><U14/><E131/><V41/><F64/><W39/><G113/><N who="2" m="43593" /><F69/><W123/><G123/><T111/><D74/><U134/><E109/><V103/><F94/><W34/><G34/><T72/><D72/><U90/><E117/><V96/><F95/><W75/><G75/><T133/><D122/><U0/><E125/><V44/><F44/><N who="3" m="17003" /><G39/><T104/><D104/><U59/><E59/><V91/><F78/><N who="3" m="46167" /><G97/><N who="2" m="37449" /><F103/><W60/><G124/><T119/><D130/><U49/><E49/><V18/><F18/><N who="3" m="12759" /><G87/><T93/><D111/><U54/><E54/><V58/><F58/><W15/><G23/><T4/><D93/><U110/><E110/><V120/><F120/><W114/><G114/><T105/><D105/><U5/><E0/><V128/><F128/><W126/><G126/><T76/><D47/><U121/><E121/><V52/><F85/><W6/><G15/><T1/><D1/><U68/><E68/><V80/><F33/><W3/><G3/><T20/><D119/><U32/><REACH who="1" step="1"/><E14/><REACH who="1" ten="265,161,157,407" step="2"/><V10/><F52/><W38/><G38/><T89/><D2/><U51/><E51/><V62/><F42/><W132/><G63/><T92/><D118/><U43/><E43/><V29/><F41/><W50/><G61/><T25/><D116/><U37/><E37/><V8/><F40/><W100/><G60/><T88/><D66/><U79/><E79/><V11/><F62/><W57/><G50/><T26/><D67/><U73/><E73/><V107/><F107/><W56/><G57/><RYUUKYOKU ba="0,1" sc="265,-15,161,15,157,15,407,-15" hai1="5,7,13,16,21,24,30,32,81,86,90,134,135" hai2="8,10,11,29,31,80,91" />
</Scene>
<Scene>
<INIT seed="5,1,1,2,4,44" ten="250,176,172,392" oya="1" hai0="34,38,67,83,106,25,74,26,64,56,120,71,95" hai1="47,92,2,126,53,131,13,91,99,102,135,88,24" hai2="114,35,23,11,90,41,130,79,3,76,33,128,65" hai3="127,111,49,63,94,116,58,48,57,19,31,1,68"/><U8/><E2/><V89/><F65/><N who="3" m="39159" /><G68/><T22/><D106/><U6/><E131/><N who="2" m="50219" /><F23/><W132/><G1/><T45/><D71/><U82/><E135/><V110/><F110/><W77/><G111/><T112/><D120/><U121/><E126/><V124/><F124/><W46/><G127/><T5/><D34/><N who="2" m="12810" /><F41/><N who="3" m="24655" /><G31/><T101/><D22/><U20/><E82/><V28/><F28/><W16/><G77/><N who="2" m="29769" /><F114/><W43/><G116/><T42/><D112/><U9/><E9/><V93/><F93/><W98/><G132/><T36/><D95/><U84/><E84/><V7/><AGARI ba="1,1" hai="3,7,11,89,90" m="29769,12810,50219" machi="7" ten="40,1500,0" yaku="19,1" doraHai="44" who="2" fromWho="2" sc="250,-5,176,-8,172,28,392,-5" />
</Scene>
<Scene>
<INIT seed="6,0,0,4,4,103" ten="245,168,200,387" oya="2" hai0="47,50,44,129,102,6,26,31,10,115,22,62,43" hai1="15,125,88,67,37,60,93,123,48,104,49,89,46" hai2="7,4,99,9,98,27,79,65,66,83,128,68,118" hai3="42,96,33,131,45,53,132,110,17,117,74,32,80"/><V61/><F118/><W57/><G110/><T85/><D115/><U87/><E125/><V8/><F128/><W13/><G117/><T18/><D129/><U41/><E123/><V30/><F66/><W14/><G132/><T58/><D102/><U126/><E126/><V16/><F9/><W114/><G14/><N who="0" m="5463" /><D85/><U94/><E15/><V64/><F65/><W20/><G131/><T11/><D47/><U69/><REACH who="1" step="1"/><E104/><REACH who="1" ten="245,158,200,387" step="2"/><V127/><F127/><W29/><G13/><T133/><D133/><U40/><E40/><V51/><F4/><W121/><G42/><T56/><D11/><U81/><E81/><V108/><F108/><W3/><G80/><T91/><D43/><U21/><E21/><V55/><F7/><W100/><G20/><T124/><D22/><U84/><AGARI ba="0,1" hai="37,41,46,48,49,60,67,69,84,87,88,89,93,94" machi="84" ten="20,12000,2" yaku="1,1,0,1,7,1,9,1,54,1,53,1" doraHai="103" doraHaiUra="59" who="1" fromWho="1" sc="245,-30,158,130,200,-60,387,-30" />
</Scene>
<Scene>
<INIT seed="7,0,0,0,5,18" ten="215,288,140,357" oya="3" hai0="50,74,100,119,124,31,95,52,70,38,115,69,57" hai1="0,92,126,112,2,48,98,85,72,123,40,97,36" hai2="7,96,16,89,103,58,44,99,67,120,61,51,64" hai3="12,24,130,83,82,128,129,34,21,35,49,114,111"/><W39/><G39/><T113/><D74/><U104/><E123/><V17/><F7/><W63/><G114/><N who="0" m="43531" /><D119/><U60/><E72/><V131/><F131/><W107/><G107/><T101/><D38/><U93/><E36/><V23/><F120/><W118/><G118/><T65/><D124/><U22/><E104/><V73/><F73/><W79/><G111/><T127/><D127/><U42/><E126/><V20/><F67/><W117/><G117/><T68/><D31/><U9/><E48/><V133/><F133/><W88/><G12/><T8/><D65/><U29/><E29/><V116/><F116/><W90/><G63/><T26/><D26/><U59/><E60/><V56/><F58/><W11/><G11/><T86/><D8/><U27/><E9/><V66/><F64/><W106/><G106/><T55/><D55/><U78/><E27/><N who="2" m="14727" /><F89/><AGARI ba="0,0" hai="50,52,57,68,69,70,86,89,95,100,101" m="43531" machi="89" ten="40,5200,0" yaku="15,1,11,1,54,1" doraHai="18" who="0" fromWho="2" sc="215,52,288,0,140,-52,357,0" owari="267,-13.0,288,9.0,88,-41.0,357,45.0" />
</Scene>
</mjloggm>