<mjloggm ver="2.3"><GO type="169" lobby="0"/><UN n0="%E3%81%86%E3%81%83%E3%83%BC%E3%81%A1%E3%82%83%E3%82%93" n1="%E6%9C%88%E8%A9%A0%E3%81%95%E3%82%93" n2="%E3%83%87%E3%83%96%E5%B0%82" n3="%E3%81%99%E3%81%9A%E3%82%81%E3%82%AF%E3%83%AC%E3%82%A4%E3%82%B8%E3%83%BC" dan="17,16,16,19" rate="2232.78,2064.49,2017.04,2305.99" sx="M,F,M,M"/><TAIKYOKU oya="0"/>

<Scene>
<INIT seed="0,0,0,1,4,8" ten="250,250,250,250" oya="0" hai0="65,35,26,76,108,82,30,134,71,69,80,129,117" hai1="120,29,125,34,17,1,89,37,41,122,45,106,11" hai2="19,13,42,95,91,74,59,61,104,128,118,54,50" hai3="135,40,43,98,94,28,113,126,72,21,53,25,66"/><T48/><D117/><U112/><E106/><V100/><F74/><W103/><G135/><T39/><D39/><U70/><E70/><V121/><F121/><W64/><G72/><T22/><D134/><U96/><E125/><V31/><F118/><W88/><G113/><T87/><D129/><U99/><E112/><V18/><F128/><W62/><G126/><T38/><D38/><U78/><E29/><V12/><F31/><W36/><G36/><T9/><D108/><U77/><E34/><V55/><F100/><W46/><G53/><T57/><D35/><U127/><E127/><V20/><F104/><W49/><G43/><T101/><D101/><U105/><E105/><V32/><F42/><W47/><G46/><T114/><D114/><U7/><E17/><V124/><F32/><W111/><G111/><T109/><D109/><U93/><REACH who="1" step="1"/><E99/><REACH who="1" ten="250,240,250,250" step="2"/><N who="2" m="57855" /><F124/><W58/><G66/><T27/><D65/><U97/><E97/><V14/><F19/><W90/><AGARI ba="0,1" hai="21,25,28,40,47,49,58,62,64,88,90,94,98,103" machi="90" ten="30,8000,1" yaku="0,1,25,2,8,1,54,1" doraHai="8" who="3" fromWho="3" sc="250,-40,240,-20,250,-20,250,90" />
</Scene>
<Scene>
<INIT seed="1,0,0,1,2,102" ten="210,220,230,340" oya="1" hai0="108,26,1,69,112,8,111,95,116,15,28,22,81" hai1="54,103,99,121,63,83,110,92,38,51,17,36,132" hai2="23,109,124,13,5,42,135,93,50,75,98,41,24" hai3="43,14,12,101,87,37,67,79,118,76,58,89,71"/><U59/><E121/><V114/><F75/><W104/><G71/><T62/><D112/><U85/><E132/><V53/><F114/><W40/><G37/><T128/><D116/><U16/><E110/><V20/><F109/><W34/><G34/><T68/><D128/><U45/><E38/><V113/><F113/><W31/><G31/><T27/><D108/><U82/><E36/><V90/><F135/><W105/><G101/><T4/><D111/><U55/><REACH who="1" step="1"/><E83/><REACH who="1" ten="210,210,230,340" step="2"/><V60/><F124/><W78/><G118/><T86/><D81/><U19/><E19/><V30/><F5/><W74/><G74/><T131/><D131/><U91/><AGARI ba="0,1" hai="16,17,45,51,54,55,59,63,82,85,91,92,99,103" machi="91" ten="20,12000,1" yaku="1,1,0,1,7,1,8,1,54,1,53,0" doraHai="102" doraHaiUra="130" who="1" fromWho="1" sc="210,-40,210,130,230,-40,340,-40" />
</Scene>
<Scene>
<INIT seed="1,1,0,0,5,37" ten="170,340,190,300" oya="1" hai0="74,132,38,131,73,39,58,26,101,99,31,106,70" hai1="32,112,13,43,17,123,55,64,35,19,62,94,24" hai2="42,16,41,7,12,110,65,47,109,68,27,18,133" hai3="104,81,115,117,122,135,95,33,67,6,56,118,63"/><U129/><E123/><V127/><F127/><W0/><G104/><T1/><D1/><U128/><E112/><V59/><F68/><W45/><G115/><T113/><D113/><U103/><E55/><V40/><F133/><W75/><G33/><T2/><D58/><U124/><E124/><V130/><F130/><N who="1" m="50281" /><E24/><V11/><F47/><W14/><G135/><T52/><D132/><U119/><E119/><V49/><F27/><W76/><G14/><T54/><D2/><U48/><E94/><V93/><F93/><W29/><G29/><T79/><D131/><U97/><E97/><V61/><F49/><W15/><G15/><T98/><D101/><U50/><E50/><V44/><F44/><W10/><G95/><T91/><D26/><U69/><E103/><V92/><F92/><W126/><G126/><T51/><D51/><U20/><E19/><V86/><F86/><W108/><G122/><T116/><D31/><U57/><E69/><V107/><F107/><W72/><G117/><T28/><D28/><U34/><E35/><V82/><F82/><W102/><G102/><T4/><D106/><U66/><E66/><V22/><REACH who="2" step="1"/><F18/><REACH who="2" ten="170,340,180,300" step="2"/><W85/><G45/><AGARI ba="1,1" hai="13,17,20,32,34,43,45,48,57,62,64" m="50281" machi="45" ten="30,2900,0" yaku="19,1,52,1" doraHai="37" who="1" fromWho="3" sc="170,0,340,42,180,0,300,-32" />
</Scene>
<Scene>
<INIT seed="1,2,0,0,3,44" ten="170,382,180,268" oya="1" hai0="5,34,105,40,100,48,124,8,95,103,79,31,114" hai1="28,50,130,36,2,27,65,68,111,39,16,4,3" hai2="22,131,7,90,102,92,45,13,29,74,91,89,67" hai3="96,66,125,85,56,109,69,1,35,24,58,106,127"/><U83/><E130/><V64/><F74/><W43/><G1/><T42/><D114/><U46/><E111/><V25/><F131/><W104/><G109/><T120/><D105/><U71/><E39/><V38/><F38/><W70/><G43/><T98/><D124/><U23/><E36/><V47/><F7/><W86/><G96/><T59/><D120/><U128/><E128/><V12/><F102/><W75/><G24/><T0/><D79/><U49/><E83/><V80/><F80/><W61/><G35/><T110/><D110/><U134/><E134/><V11/><F92/><W94/><G94/><T14/><D103/><U117/><E117/><V118/><F118/><W55/><G61/><T72/><D72/><U84/><E84/><V108/><F108/><W51/><G75/><T19/><D31/><U21/><E65/><N who="2" m="25163" /><F11/><W10/><G66/><T135/><D34/><U6/><E3/><V129/><F129/><W107/><G10/><T20/><REACH who="0" step="1"/><D135/><REACH who="0" ten="160,382,180,268" step="2"/><U82/><E2/><V73/><F73/><W30/><G30/><T54/><AGARI ba="2,1" hai="0,5,8,14,19,20,40,42,48,54,59,95,98,100" machi="54" ten="30,8000,1" yaku="1,1,2,1,0,1,52,1,53,1" doraHai="44" doraHaiUra="52" who="0" fromWho="0" sc="160,96,382,-42,180,-22,268,-22" />
</Scene>
<Scene>
<INIT seed="2,0,0,4,5,62" ten="256,340,158,246" oya="2" hai0="92,29,40,114,59,107,22,25,106,67,74,54,2" hai1="105,53,80,15,7,87,28,85,41,122,113,86,132" hai2="110,34,56,128,119,75,1,13,73,36,100,20,83" hai3="9,33,37,71,116,124,84,88,42,50,5,134,27"/><V61/><F119/><W32/><G116/><T30/><D2/><U16/><E113/><V65/><F34/><W8/><G37/><T101/><D74/><U125/><E105/><V109/><F1/><W45/><G134/><T115/><D40/><U4/><E132/><V26/><F128/><W38/><G71/><T117/><D117/><U118/><E118/><V104/><F36/><W58/><G124/><T72/><D72/><U10/><E125/><V17/><F13/><W52/><G27/><T14/><D29/><U44/><E122/><V6/><F6/><W121/><G121/><T120/><D120/><U127/><E28/><V99/><F83/><W89/><G89/><T66/><D107/><U112/><E112/><V11/><F11/><W0/><G9/><T3/><D3/><U69/><E69/><V131/><F131/><W76/><G76/><T19/><D106/><U63/><E127/><V90/><F90/><W51/><G38/><T48/><D115/><U97/><E97/><V79/><F79/><W47/><G47/><T78/><D78/><U21/><E80/><AGARI ba="0,0" hai="0,5,8,32,33,42,45,50,51,52,58,80,84,88" machi="80" ten="30,3900,0" yaku="7,1,54,2" doraHai="62" who="3" fromWho="1" sc="256,0,340,-39,158,0,246,39" />
</Scene>
<Scene>
<INIT seed="3,0,0,2,2,45" ten="256,301,158,285" oya="3" hai0="113,0,8,15,121,108,123,36,49,105,26,75,2" hai1="68,54,18,7,22,59,95,77,35,131,98,109,13" hai2="72,40,120,24,27,92,106,60,97,20,10,23,16" hai3="102,133,31,43,53,39,65,44,70,71,90,104,56"/><W89/><G31/><T12/><D75/><U33/><E68/><V66/><F120/><W74/><G74/><T119/><D105/><U99/><E109/><V126/><F126/><W61/><G133/><T69/><D69/><U116/><E131/><V101/><F72/><W42/><G71/><T41/><D36/><U6/><E116/><V14/><F40/><W55/><G55/><T125/><D41/><U135/><E135/><V84/><F84/><W51/><G43/><T38/><D38/><U94/><E77/><V111/><F111/><W96/><AGARI ba="0,0" hai="39,42,44,51,53,56,61,65,70,89,90,96,102,104" machi="96" ten="30,11700,0" yaku="0,1,24,2,52,1" doraHai="45" who="3" fromWho="3" sc="256,-39,301,-39,158,-39,285,117" />
</Scene>
<Scene>
<INIT seed="3,1,0,0,0,122" ten="217,262,119,402" oya="3" hai0="21,99,118,120,77,75,9,43,78,83,101,13,111" hai1="0,68,95,36,6,116,27,5,128,62,105,3,132" hai2="127,39,70,63,135,74,61,94,25,133,31,79,11" hai3="67,22,47,14,45,34,73,56,44,129,59,60,134"/><W126/><G34/><T125/><D120/><U131/><E105/><V124/><F74/><W1/><G1/><T113/><D118/><U90/><E36/><V72/><F72/><W33/><G33/><T115/><D43/><U42/><E42/><V107/><F107/><W46/><G73/><T53/><D125/><N who="2" m="48202" /><F94/><W114/><G114/><T49/><D78/><U30/><E116/><V91/><F91/><W55/><G129/><T97/><D21/><U19/><E132/><N who="2" m="50763" /><F79/><W24/><G46/><T23/><D23/><U2/><E19/><V93/><F93/><W18/><G134/><T15/><D97/><U123/><E123/><V76/><F76/><W103/><G103/><T87/><D99/><U20/><E68/><V50/><F39/><W32/><G32/><T35/><D35/><U16/><E95/><V64/><F11/><W71/><G71/><T51/><D9/><U112/><E90/><V12/><F12/><W58/><G126/><T37/><D101/><U80/><E2/><V52/><F61/><W119/><G119/><T38/><D75/><U54/><E62/><V8/><F8/><N who="3" m="6471" /><G67/><T4/><D38/><U40/><E0/><V106/><F106/><W57/><G22/><T89/><D37/><U121/><E3/><V41/><F41/><W130/><G60/><T10/><D115/><U96/><E112/><V28/><F25/><W66/><G24/><T48/><D113/><U65/><E27/><V88/><F88/><W69/><G66/><T100/><D89/><U7/><E65/><V104/><F104/><W85/><G85/><T26/><D87/><RYUUKYOKU ba="1,0" sc="217,-10,262,-10,119,30,402,-10" hai2="28,31,50,52,63,64,70" />
</Scene>
<Scene>
<INIT seed="4,2,0,1,2,27" ten="207,252,149,392" oya="0" hai0="32,112,104,41,97,1,109,105,88,20,45,87,24" hai1="7,130,21,55,89,99,64,83,111,128,96,132,82" hai2="124,93,30,68,116,74,85,67,65,126,15,113,12" hai3="51,40,135,125,62,54,23,75,66,28,80,4,79"/><T71/><D1/><U103/><E7/><V101/><F74/><W63/><G135/><T110/><D71/><U26/><E64/><N who="2" m="24651" /><F68/><W86/><G125/><N who="2" m="48233" /><F113/><W69/><G4/><T98/><D32/><U38/><E38/><V61/><F61/><W33/><G33/><T100/><D112/><U16/><E111/><V10/><F116/><W119/><G40/><T127/><D127/><U121/><E121/><V47/><F47/><W78/><G63/><T134/><D134/><U90/><E132/><V120/><F120/><W123/><G123/><T115/><D115/><U46/><E83/><V53/><F53/><W8/><G75/><T50/><D104/><U25/><E25/><V59/><F59/><W3/><G62/><T29/><REACH who="0" step="1"/><D98/><REACH who="0" ten="197,252,149,392" step="2"/><U118/><E99/><N who="2" m="59631" /><F85/><W11/><G86/><T84/><D84/><U72/><E72/><V43/><F43/><W58/><G3/><T48/><D48/><U13/><E96/><V81/><F81/><AGARI ba="2,1" hai="20,24,29,41,45,50,81,87,88,97,100,105,109,110" machi="81" ten="40,7700,0" yaku="1,1,52,1,54,1,53,0" doraHai="27" doraHaiUra="52" who="0" fromWho="2" sc="197,93,252,0,149,-83,392,0" />
</Scene>
<Scene>
<INIT seed="4,3,0,3,5,11" ten="290,252,66,392" oya="0" hai0="61,43,113,131,107,73,55,84,19,100,59,36,16" hai1="134,69,20,70,31,114,99,1,86,71,95,79,92" hai2="46,132,64,58,112,42,87,51,82,30,120,15,38" hai3="102,39,65,24,121,44,75,48,111,17,6,104,7"/><T85/><D73/><U105/><E105/><V110/><F110/><W35/><G75/><T115/><D131/><U26/><E1/><V119/><F120/><W117/><G111/><T53/><D43/><U57/><E134/><V13/><F132/><W101/><G39/><T33/><D33/><U74/><E74/><V78/><F112/><N who="0" m="43082" /><D36/><U22/><E114/><V72/><F119/><W21/><G35/><T8/><D100/><U129/><E129/><V98/><F30/><W47/><G121/><T93/><D107/><U40/><E40/><V109/><F109/><W2/><G102/><T41/><D41/><U67/><E22/><V81/><F98/><W124/><G101/><T60/><D93/><U34/><E34/><V52/><REACH who="2" step="1"/><F64/><REACH who="2" ten="290,252,56,392" step="2"/><W89/><G65/><T37/><D37/><U118/><E99/><V63/><F63/><W83/><G117/><T56/><D19/><U116/><E118/><V62/><F62/><W97/><G17/><T123/><D123/><U25/><E116/><V76/><AGARI ba="3,1" hai="13,15,38,42,46,51,52,58,72,76,78,81,82,87" machi="76" ten="20,12000,2" yaku="1,1,0,1,7,1,52,2,54,1,53,0" doraHai="11" doraHaiUra="125" who="2" fromWho="2" sc="290,-63,252,-33,56,139,392,-33" />
</Scene>
<Scene>
<INIT seed="5,0,0,1,0,84" ten="227,219,195,359" oya="1" hai0="93,73,1,38,24,27,124,34,125,22,3,78,100" hai1="97,110,32,8,133,30,28,82,87,37,63,112,58" hai2="31,89,69,131,15,129,74,109,92,45,48,12,23" hai3="50,77,43,118,128,80,121,79,54,75,65,56,122"/><U108/><E37/><V41/><F69/><W95/><G128/><N who="2" m="49225" /><F74/><W72/><G118/><T17/><D38/><U62/><E112/><V57/><F109/><N who="1" m="42089" /><E133/><V113/><F57/><W94/><G43/><T88/><D100/><U61/><E58/><V40/><F40/><W120/><G65/><T115/><D115/><U60/><E32/><V132/><F132/><W13/><G13/><T134/><D134/><U39/><E39/><V116/><F116/><W19/><G19/><T81/><D27/><U127/><E127/><N who="0" m="48713" /><D34/><U76/><N who="1" m="15360" /><DORA hai="130" /><U46/><E46/><V21/><F113/><W111/><G111/><T33/><D33/><U47/><E47/><V71/><F71/><W44/><G44/><T29/><D29/><U67/><E67/><V107/><F107/><W86/><G56/><T14/><D24/><U51/><E51/><V36/><F36/><W0/><G50/><T4/><D4/><U70/><E70/><V90/><F31/><W25/><G25/><T5/><D5/><U83/><E97/><AGARI ba="0,0" hai="1,3,14,17,22,73,78,81,88,93,97" m="48713" machi="97" ten="30,3900,0" yaku="18,1,52,1,54,1" doraHai="84,130" who="0" fromWho="1" sc="227,39,219,-39,195,0,359,0" />
</Scene>
<Scene>
<INIT seed="6,0,0,1,2,6" ten="266,180,195,359" oya="2" hai0="44,2,1,17,120,87,115,62,112,105,57,67,38" hai1="129,102,74,71,93,23,119,55,79,5,52,39,35" hai2="118,25,126,21,4,43,65,31,3,18,124,122,63" hai3="59,70,60,117,92,28,36,110,42,81,127,94,7"/><V114/><F118/><W47/><G127/><T134/><D105/><U132/><E119/><V37/><F122/><W68/><G110/><T75/><D75/><U89/><E35/><V104/><F114/><N who="0" m="43562" /><D120/><U64/><E39/><V53/><F104/><W131/><G28/><T69/><D134/><U48/><E132/><V125/><F53/><W113/><G94/><T82/><D17/><U34/><E34/><V130/><F130/><W13/><G81/><T15/><D15/><U32/><E32/><V41/><F37/><W0/><G0/><T51/><D38/><U83/><E129/><V97/><F97/><W66/><G131/><T88/><D69/><U90/><E102/><V128/><F128/><W109/><G109/><T26/><D26/><U58/><E64/><V80/><F80/><W24/><G24/><T46/><D46/><U33/><E33/><V95/><F95/><W72/><G72/><T11/><D11/><U27/><E71/><V14/><F3/><W56/><G66/><T116/><D116/><U16/><E5/><V9/><REACH who="2" step="1"/><F4/><REACH who="2" ten="266,180,185,359" step="2"/><W50/><G7/><T133/><D133/><U10/><E93/><V76/><F76/><W40/><G92/><T85/><D85/><U78/><E78/><V54/><F54/><AGARI ba="0,1" hai="1,2,44,51,54,57,62,67,82,87,88" m="43562" machi="54" ten="30,2000,0" yaku="15,1,54,1" doraHai="6" who="0" fromWho="2" sc="266,30,180,0,185,-20,359,0" />
</Scene>
<Scene>
<INIT seed="7,0,0,1,0,91" ten="296,180,165,359" oya="3" hai0="77,19,30,14,116,128,119,7,100,79,33,38,58" hai1="42,57,99,132,47,36,86,98,12,26,120,35,111" hai2="63,61,51,115,127,82,73,117,52,72,1,76,67" hai3="125,94,48,70,23,49,135,75,80,123,56,31,62"/><W104/><G104/><T59/><D38/><U17/><E111/><V84/><F117/><W85/><G135/><T78/><D100/><U134/><E120/><V105/><F115/><W24/><G70/><T11/><D128/><U124/><E124/><V129/><F127/><W3/><G3/><T133/><D133/><N who="1" m="51307" /><E86/><V118/><F118/><W101/><G123/><T92/><D58/><U110/><E110/><V74/><F129/><W114/><G75/><T16/><D59/><U44/><E44/><V113/><F113/><W65/><G114/><T9/><D19/><U8/><E57/><V41/><F41/><W39/><G39/><T88/><D30/><AGARI ba="0,0" hai="8,12,17,26,30,35,36,42,47,98,99" m="51307" machi="30" ten="30,1000,0" yaku="20,1" doraHai="91" who="1" fromWho="0" sc="296,-10,180,10,165,0,359,0" owari="286,9.0,190,-21.0,165,-33.0,359,45.0" />
</Scene>
</mjloggm>