<mjloggm ver="2.3"><GO type="169" lobby="0"/><UN n0="%E3%83%9C%E3%83%A4%E3%83%83%E3%82%AD%E3%83%BC" n1="%E3%82%8A%E3%82%87%E3%81%86%E3%81%BE%35%37%32%34" n2="%61%6D%61%74%6F%75" n3="%E3%81%99%E3%81%9A%E3%82%81%E3%82%AF%E3%83%AC%E3%82%A4%E3%82%B8%E3%83%BC" dan="16,16,16,19" rate="2102.97,2169.37,2130.02,2307.73" sx="M,M,M,M"/><TAIKYOKU oya="0"/>

<Scene>
<INIT seed="0,0,0,3,5,69" ten="250,250,250,250" oya="0" hai0="71,51,33,84,134,57,46,27,39,126,41,131,89" hai1="98,45,15,92,14,135,10,50,44,74,118,68,7" hai2="119,18,12,116,70,127,123,36,110,42,58,128,106" hai3="53,56,34,13,124,100,60,9,101,130,87,120,32"/><T17/><D131/><U113/><E118/><N who="2" m="45099" /><F123/><W112/><G124/><T21/><D126/><U11/><E74/><V5/><F127/><W66/><G112/><T28/><D134/><U63/><E135/><V35/><F128/><W85/><G32/><T73/><D73/><U29/><E29/><V67/><F35/><W38/><G34/><T22/><D71/><U91/><E113/><V2/><F106/><W3/><G3/><T76/><D76/><U30/><E30/><V65/><F70/><W117/><G38/><T86/><D86/><U83/><E83/><V104/><F104/><W8/><G8/><T107/><D107/><U55/><E68/><V108/><F5/><W72/><G72/><T20/><D57/><N who="1" m="33015" /><E63/><N who="2" m="38135" /><F2/><W24/><G120/><T59/><D59/><U133/><E133/><V80/><F80/><W4/><G66/><T54/><D54/><U81/><E81/><V125/><F125/><W43/><G53/><T0/><D0/><U23/><E23/><N who="2" m="11719" /><F67/><W122/><G122/><T64/><D64/><U111/><E111/><V94/><F94/><W16/><G117/><T40/><D40/><U47/><E47/><AGARI ba="0,0" hai="36,42,47,108,110" m="11719,38135,45099" machi="47" ten="30,2000,0" yaku="12,1,52,1" doraHai="69" who="2" fromWho="1" sc="250,0,250,-20,250,20,250,0" />
</Scene>
<Scene>
<INIT seed="1,0,0,0,5,105" ten="250,230,270,250" oya="1" hai0="6,102,0,119,127,8,111,37,74,17,10,35,51" hai1="33,60,22,75,19,28,121,23,66,52,91,110,44" hai2="24,13,53,67,123,1,118,101,94,135,68,58,61" hai3="120,122,21,5,85,132,109,50,48,134,116,77,97"/><U9/><E121/><V2/><F118/><W87/><G5/><T93/><D35/><U115/><E115/><V32/><F135/><W88/><G109/><T49/><D37/><U18/><E75/><V39/><F39/><W59/><G21/><T133/><D133/><N who="3" m="51305" /><G59/><T114/><D114/><U128/><E128/><V45/><F45/><W29/><G29/><T54/><D119/><U4/><E110/><V104/><F94/><N who="3" m="56519" /><G48/><T100/><D74/><U31/><E33/><V26/><F13/><W70/><G50/><T41/><D127/><U55/><E91/><V84/><F26/><W124/><G70/><T72/><D72/><U15/><E22/><V106/><F24/><W16/><G16/><N who="1" m="6186" /><E44/><V99/><F32/><W27/><G27/><T95/><D111/><U96/><E96/><V63/><F123/><N who="3" m="47147" /><G116/><T79/><D0/><U90/><E90/><V64/><F2/><W117/><G117/><T78/><D6/><U129/><E129/><V38/><F1/><W108/><G108/><T43/><D17/><U98/><E23/><V130/><F38/><W7/><G7/><T25/><D25/><U71/><E31/><V112/><F130/><W92/><G124/><T42/><D42/><U83/><E28/><V62/><F68/><W47/><G47/><T40/><D40/><U80/><E55/><AGARI ba="0,0" hai="8,10,41,43,49,51,54,55,78,79,93,95,100,102" machi="55" ten="25,3200,0" yaku="22,2,8,1" doraHai="105" who="0" fromWho="1" sc="250,32,230,-32,270,0,250,0" />
</Scene>
<Scene>
<INIT seed="2,0,0,2,2,82" ten="282,198,270,250" oya="2" hai0="36,1,97,29,115,43,20,131,87,92,63,96,104" hai1="105,80,72,57,112,50,75,3,60,134,55,56,108" hai2="22,52,95,4,64,93,65,127,70,128,17,133,51" hai3="110,90,33,34,27,84,30,66,42,73,118,32,26"/><V79/><F127/><W121/><G110/><T6/><D115/><U107/><E112/><V18/><F128/><W78/><G121/><T99/><D131/><U35/><E3/><V103/><F133/><W114/><G118/><T106/><D1/><U61/><E108/><V28/><F70/><W0/><G0/><T62/><D6/><U91/><E134/><V38/><F38/><W126/><G126/><T13/><D36/><U12/><E35/><V59/><F4/><W77/><G66/><N who="2" m="25705" /><F79/><W76/><G42/><T45/><D45/><U129/><E129/><V19/><F103/><W113/><G73/><T120/><D43/><U100/><E100/><V86/><F86/><W117/><G117/><T39/><D39/><U125/><E125/><V88/><F88/><W31/><REACH who="3" step="1"/><G34/><REACH who="3" ten="282,198,270,240" step="2"/><T68/><D120/><U41/><E75/><V94/><F28/><W16/><G16/><N who="0" m="10255" /><D29/><U49/><E72/><V10/><F10/><W109/><G109/><T111/><D111/><U40/><E40/><V122/><F122/><W116/><G116/><T71/><D68/><U101/><E41/><V98/><F98/><W81/><AGARI ba="0,1" hai="26,27,30,31,32,33,76,77,78,81,84,90,113,114" machi="81" ten="30,7900,0" yaku="1,1,0,1,9,1,52,1,53,0" doraHai="82" doraHaiUra="130" who="3" fromWho="3" sc="282,-20,198,-20,270,-39,240,89" />
</Scene>
<Scene>
<INIT seed="3,0,0,2,3,93" ten="262,178,231,329" oya="3" hai0="21,101,7,118,14,58,112,96,53,6,73,34,31" hai1="52,75,55,97,24,65,125,66,13,51,69,2,68" hai2="48,130,104,15,98,94,43,54,77,0,113,47,123" hai3="91,89,111,134,3,120,92,63,5,81,115,95,108"/><W124/><G120/><T8/><D8/><U87/><E75/><V25/><F0/><W36/><G36/><T41/><D41/><U126/><E2/><V132/><F113/><W1/><G115/><T110/><D110/><N who="3" m="42025" /><G134/><T35/><D35/><U107/><E24/><V79/><F132/><W11/><G124/><N who="1" m="47722" /><E87/><V29/><F104/><W80/><G63/><T86/><D73/><U60/><E13/><V38/><F123/><W102/><G102/><T88/><D34/><U22/><E22/><V83/><F15/><W74/><G1/><T45/><D118/><U16/><E16/><V106/><F106/><W44/><G44/><T33/><D45/><N who="1" m="27759" /><E55/><V49/><F54/><W114/><G114/><T17/><D33/><U71/><E65/><V99/><F29/><W57/><G74/><T46/><D46/><U117/><E117/><V121/><F47/><W37/><G81/><T30/><D112/><U61/><E66/><V119/><F83/><W64/><G80/><T116/><D116/><U40/><E40/><V27/><F43/><W84/><G64/><T76/><D76/><U62/><E61/><V122/><F79/><W100/><G11/><T78/><D78/><U127/><N who="1" m="47730" /><U9/><DORA hai="56" /><E9/><V20/><F77/><W42/><G5/><T28/><D53/><U12/><E12/><V50/><F119/><W103/><G3/><T59/><D6/><U4/><E4/><V82/><F82/><W19/><G42/><T32/><D7/><U133/><E133/><V70/><F122/><W128/><G84/><T72/><D32/><U10/><E10/><RYUUKYOKU ba="0,0" sc="262,-10,178,30,231,-10,329,-10" hai1="60,62,68,69,71,97,107" />
</Scene>
<Scene>
<INIT seed="4,1,0,1,3,94" ten="252,208,221,319" oya="0" hai0="50,59,7,81,62,70,106,30,85,130,19,56,77" hai1="2,31,129,6,43,33,18,38,25,13,76,131,15" hai2="36,60,9,110,102,52,124,69,116,134,78,20,37" hai3="111,83,117,120,17,97,82,16,93,87,23,132,121"/><T47/><D106/><U68/><E68/><V67/><F110/><W32/><G111/><T91/><D130/><N who="1" m="49675" /><E76/><V49/><F124/><W28/><G32/><T35/><D7/><U123/><E43/><V3/><F134/><W14/><G117/><T41/><D35/><U125/><E38/><V92/><F116/><W64/><G64/><T84/><D30/><U126/><E123/><N who="3" m="47178" /><G28/><T105/><D105/><U45/><E45/><V103/><F78/><W135/><G17/><T72/><D72/><U99/><E99/><V11/><F20/><W1/><G1/><T114/><D114/><U112/><E112/><V119/><F119/><W27/><G27/><T118/><D118/><U46/><E46/><V80/><F80/><N who="3" m="30763" /><G87/><T122/><D122/><U101/><E101/><AGARI ba="1,0" hai="14,16,23,93,97,101,132,135" m="30763,47178" machi="101" ten="30,3900,0" yaku="13,1,52,1,54,1" doraHai="94" who="3" fromWho="1" sc="252,0,208,-42,221,0,319,42" />
</Scene>
<Scene>
<INIT seed="5,0,0,1,3,25" ten="252,166,221,361" oya="1" hai0="72,131,10,111,93,54,86,129,24,31,74,99,56" hai1="85,64,32,134,80,90,116,98,53,109,3,42,33" hai2="117,104,114,58,119,50,124,13,51,19,103,70,135" hai3="46,121,55,66,107,44,5,126,65,15,62,21,100"/><U87/><E116/><V78/><F70/><W59/><G107/><T23/><D111/><U91/><E3/><V36/><F36/><W88/><G100/><T125/><D125/><U20/><E109/><V16/><F124/><W39/><G121/><T79/><D10/><U2/><E2/><V112/><F135/><W101/><G101/><T67/><D67/><U28/><E134/><V40/><F78/><W128/><G39/><T6/><D6/><U26/><E98/><N who="2" m="61559" /><F19/><W113/><G128/><T73/><D86/><U12/><E64/><V82/><F82/><W14/><G113/><N who="2" m="43625" /><F51/><W110/><G66/><T7/><D7/><U102/><E102/><V118/><F118/><W97/><G65/><T69/><D79/><U30/><E42/><V68/><F68/><W84/><G126/><T92/><D69/><U27/><E53/><N who="2" m="32055" /><F40/><W17/><G110/><T89/><REACH who="0" step="1"/><D93/><REACH who="0" ten="242,166,221,361" step="2"/><U8/><E20/><AGARI ba="0,1" hai="13,16,20,117,119" m="32055,43625,61559" machi="20" ten="30,3900,0" yaku="15,1,11,1,54,1" doraHai="25" who="2" fromWho="1" sc="242,0,166,-39,221,49,361,0" />
</Scene>
<Scene>
<INIT seed="6,0,0,5,3,62" ten="242,127,270,361" oya="2" hai0="120,89,71,135,13,113,125,14,131,103,68,108,35" hai1="77,23,32,59,82,48,63,3,42,81,39,25,6" hai2="19,74,105,75,27,60,121,4,122,49,51,109,67" hai3="76,5,112,24,129,93,115,72,96,66,87,46,38"/><V50/><F109/><W124/><G5/><T91/><D103/><U101/><E32/><V10/><F105/><W0/><G0/><T130/><D35/><U34/><E34/><V127/><F127/><W36/><G72/><T83/><D83/><U132/><E39/><V61/><F61/><W107/><G129/><T54/><D54/><U97/><E132/><V29/><F19/><W44/><G24/><T16/><D125/><U11/><E48/><V119/><F119/><W65/><G87/><T22/><D120/><U2/><E42/><V88/><F88/><N who="0" m="33866" /><D113/><U123/><E3/><V1/><F75/><W110/><G76/><T47/><D47/><U43/><E43/><V41/><F41/><W17/><G17/><N who="0" m="10543" /><D108/><U106/><E77/><V57/><REACH who="2" step="1"/><F74/><REACH who="2" ten="242,127,260,361" step="2"/><W84/><G107/><T26/><D135/><U40/><E40/><V9/><F9/><W80/><G124/><T111/><D111/><U64/><REACH who="1" step="1"/><E123/><REACH who="1" ten="242,117,260,361" step="2"/><V102/><F102/><W94/><G110/><T7/><D26/><U104/><E104/><V79/><F79/><W12/><G36/><T118/><D118/><U116/><E116/><V128/><F128/><N who="0" m="49194" /><D7/><U99/><E99/><V31/><F31/><AGARI ba="0,2" hai="2,6,11,23,25,31,59,63,64,81,82,97,101,106" machi="31" ten="30,7700,0" yaku="1,1,7,1,52,1,53,1" doraHai="62" doraHaiUra="98" who="1" fromWho="2" sc="242,0,117,97,260,-77,361,0" />
</Scene>
<Scene>
<INIT seed="7,0,0,1,3,1" ten="242,214,183,361" oya="3" hai0="31,93,11,27,28,46,53,26,33,14,100,109,47" hai1="60,121,74,99,44,123,73,17,115,124,23,50,37" hai2="102,69,129,12,16,70,49,18,34,91,13,119,20" hai3="94,80,64,15,48,90,3,96,120,105,126,71,54"/><W36/><G3/><T107/><D107/><U75/><E37/><V131/><F34/><W63/><G126/><T92/><D109/><U67/><E124/><V134/><F119/><W87/><G36/><T7/><D53/><U43/><E99/><V127/><F127/><W106/><G15/><T77/><D77/><U72/><E115/><V19/><F102/><W116/><G120/><T42/><D100/><U86/><E86/><V57/><F91/><W108/><G116/><T68/><D68/><U114/><E114/><V130/><F134/><W84/><G84/><T6/><D6/><U103/><E103/><V128/><N who="2" m="32768" /><DORA hai="22" /><V97/><F97/><W122/><G122/><T95/><REACH who="0" step="1"/><D42/><REACH who="0" ten="232,214,183,361" step="2"/><U83/><E43/><V25/><F70/><W5/><G5/><T8/><D8/><U30/><E121/><V81/><F69/><W9/><G9/><T2/><D2/><U133/><E123/><V82/><F13/><W59/><G108/><T10/><D10/><U21/><E133/><V24/><F12/><W0/><G0/><T117/><D117/><U89/><E89/><AGARI ba="0,1" hai="48,54,59,63,64,71,80,87,89,90,94,96,105,106" machi="89" ten="30,1500,0" yaku="7,1" doraHai="1,22" who="3" fromWho="1" sc="232,0,214,-15,183,0,361,25" owari="232,3.0,199,-20.0,183,-32.0,386,49.0" />
</Scene>
</mjloggm>