<mjloggm ver="2.3"><GO type="169" lobby="0"/><UN n0="%EF%BC%9D%E4%BC%8A%E8%97%A4%E3%81%8B%E3%81%AA%E6%81%B5%EF%BC%9D" n1="%E3%81%AD%E3%82%8A%E3%82%B4%E3%83%9E" n2="%E6%94%BE%E9%8A%83%E7%8E%8B%EF%BC%94" n3="%E3%81%99%E3%81%9A%E3%82%81%E3%82%AF%E3%83%AC%E3%82%A4%E3%82%B8%E3%83%BC" dan="18,16,16,19" rate="2168.76,2097.35,2081.44,2311.83" sx="F,M,M,M"/><TAIKYOKU oya="0"/>

<Scene>
<INIT seed="0,0,0,5,0,51" ten="250,250,250,250" oya="0" hai0="70,78,72,112,73,59,91,9,7,110,4,30,39" hai1="3,40,27,53,118,107,90,21,11,124,41,103,2" hai2="130,47,64,46,50,100,14,43,116,18,117,104,19" hai3="29,126,69,45,42,84,87,52,114,56,48,77,62"/><T125/><D112/><U8/><E118/><N who="2" m="45675" /><F130/><W128/><G114/><T89/><D70/><U121/><E107/><V31/><F31/><W34/><G128/><T83/><D73/><U0/><E103/><V16/><F64/><W68/><G126/><T122/><D122/><U74/><E121/><V93/><F104/><W81/><G29/><T108/><D125/><U94/><E74/><V85/><F47/><W101/><G34/><T60/><D39/><U102/><E102/><V98/><F85/><W135/><G135/><T66/><D30/><U10/><E124/><V131/><F131/><W5/><G101/><T32/><D32/><U132/><E132/><V44/><F44/><W92/><G92/><T1/><REACH who="0" step="1"/><D7/><REACH who="0" ten="240,250,250,250" step="2"/><U63/><E0/><V13/><AGARI ba="0,1" hai="13,14,16,18,19,43,46,50,93,98,100" m="45675" machi="13" ten="40,2700,0" yaku="12,1,54,1" doraHai="51" who="2" fromWho="2" sc="240,-13,250,-7,250,37,250,-7" />
</Scene>
<Scene>
<INIT seed="1,0,0,1,0,31" ten="227,243,287,243" oya="1" hai0="120,2,18,82,28,0,87,95,1,102,96,54,90" hai1="44,12,64,58,132,70,39,131,81,15,6,98,55" hai2="33,135,108,75,43,37,88,62,4,47,23,19,72" hai3="32,22,57,100,56,86,53,104,24,60,20,45,38"/><U8/><E131/><V65/><F108/><W124/><G124/><T133/><D133/><U109/><E132/><V93/><F135/><W52/><G104/><T14/><D120/><U73/><E109/><V36/><F4/><W68/><G100/><T10/><D28/><U134/><E134/><V116/><F37/><W121/><G68/><T9/><REACH who="0" step="1"/><D54/><REACH who="0" ten="217,243,287,243" step="2"/><U21/><E55/><V92/><F116/><W110/><G121/><T83/><D83/><U114/><E81/><V63/><F75/><W27/><G110/><T103/><D103/><U16/><E114/><V26/><F72/><W50/><G45/><T48/><D48/><U125/><E73/><V59/><F63/><W118/><G118/><T101/><D101/><U61/><E125/><V99/><F93/><W117/><G117/><T85/><D85/><U122/><E122/><V126/><F126/><W107/><G107/><T66/><D66/><U123/><E123/><V76/><F47/><W51/><G86/><T7/><AGARI ba="0,1" hai="0,1,2,7,9,10,14,18,82,87,90,95,96,102" machi="7" ten="30,4000,0" yaku="1,1,0,1,53,1" doraHai="31" doraHaiUra="80" who="0" fromWho="0" sc="217,50,243,-20,287,-10,243,-10" />
</Scene>
<Scene>
<INIT seed="2,0,0,3,2,71" ten="267,223,277,233" oya="2" hai0="90,48,51,1,123,37,88,73,112,130,127,9,110" hai1="59,86,23,21,120,95,106,116,65,75,129,10,89" hai2="80,47,6,25,53,74,12,68,104,81,58,4,70" hai3="62,31,8,121,93,118,56,28,49,22,85,41,64"/><V32/><F104/><W3/><G121/><T67/><D123/><U11/><E120/><V20/><F32/><W92/><G3/><T18/><D112/><U43/><E116/><V29/><F47/><W2/><G2/><T115/><D73/><U131/><E106/><V50/><F81/><W26/><G8/><N who="1" m="3114" /><E75/><V19/><F70/><W15/><G15/><T125/><D67/><U13/><E13/><V111/><F68/><W55/><G41/><T114/><D9/><U83/><E43/><V135/><F135/><W7/><G7/><T101/><D101/><U24/><E24/><V98/><F111/><W44/><G118/><T96/><D18/><U63/><E83/><V79/><F98/><W107/><G107/><T52/><D1/><U122/><E122/><V109/><F109/><W54/><G28/><T77/><D96/><U34/><E34/><V33/><AGARI ba="0,0" hai="4,6,12,19,20,25,29,33,50,53,58,74,79,80" machi="33" ten="20,2100,0" yaku="0,1,7,1" doraHai="71" who="2" fromWho="2" sc="267,-7,223,-7,277,21,233,-7" />
</Scene>
<Scene>
<INIT seed="2,1,0,5,1,67" ten="260,216,298,226" oya="2" hai0="28,50,89,30,107,87,110,76,31,77,11,73,60" hai1="119,9,2,19,129,43,7,36,86,1,132,114,103" hai2="84,63,34,32,68,91,27,17,46,66,92,79,4" hai3="14,100,10,131,8,102,109,5,47,59,51,37,134"/><V18/><F4/><W41/><G109/><T45/><D110/><U106/><E114/><V85/><F46/><W21/><G131/><T69/><D107/><U101/><E119/><V121/><F121/><W99/><G134/><T128/><D128/><U117/><E117/><V94/><F79/><W120/><G120/><T44/><D11/><U123/><E123/><V26/><F26/><W130/><G130/><T40/><D73/><U82/><E132/><V74/><F74/><W72/><G72/><T42/><D60/><U12/><E129/><V52/><F52/><W24/><G10/><T56/><D69/><U80/><E80/><V88/><REACH who="2" step="1"/><F27/><REACH who="2" ten="260,216,288,226" step="2"/><W111/><G111/><T29/><N who="0" m="7168" /><DORA hai="124" /><T95/><REACH who="0" step="1"/><D56/><REACH who="0" ten="250,216,288,226" step="2"/><U55/><E7/><V78/><F78/><W75/><G59/><T16/><D16/><AGARI ba="1,2" hai="16,17,18,32,34,63,66,68,84,85,88,91,92,94" machi="16" ten="40,12000,1" yaku="1,1,9,1,52,1,54,2,53,0" doraHai="67,124" doraHaiUra="97,49" who="2" fromWho="0" sc="250,-123,216,0,288,143,226,0" />
</Scene>
<Scene>
<INIT seed="2,2,0,5,1,85" ten="127,216,431,226" oya="2" hai0="11,130,91,119,108,25,80,34,50,112,10,122,4" hai1="102,61,6,79,70,135,32,56,14,21,120,28,27" hai2="126,46,76,111,48,104,74,100,31,62,9,107,127" hai3="117,94,67,114,129,134,131,110,39,97,0,87,89"/><V88/><F111/><W26/><G0/><T132/><D112/><U73/><E120/><V18/><F31/><W121/><G39/><T12/><D122/><U36/><E135/><V23/><F9/><W37/><G37/><T45/><D132/><U7/><E36/><V51/><F62/><W92/><G26/><T57/><D108/><U98/><E14/><V84/><F76/><W19/><G67/><T75/><D130/><N who="3" m="49673" /><G19/><T118/><D57/><U8/><E8/><V59/><F59/><W47/><G47/><T64/><D64/><U33/><E33/><V69/><F74/><W68/><G68/><T128/><D128/><U90/><E70/><V38/><F38/><W96/><G134/><T44/><D75/><U22/><E22/><V83/><F51/><W17/><G17/><N who="0" m="8343" /><D25/><U123/><E32/><V2/><F2/><W29/><G29/><T55/><D44/><U16/><E28/><V24/><F69/><W116/><G121/><T20/><D20/><U1/><E1/><V65/><F65/><W133/><G114/><T60/><D34/><U99/><E123/><V95/><F46/><W81/><G110/><T53/><D4/><U41/><E41/><V3/><F48/><W71/><G71/><T124/><D11/><U125/><E7/><V109/><F3/><W66/><G66/><T82/><D45/><U43/><E6/><V30/><F30/><W15/><G15/><T13/><D13/><U40/><E16/><V35/><F35/><W54/><G133/><T72/><D50/><U63/><E21/><V5/><F109/><W103/><G54/><RYUUKYOKU ba="2,0" sc="127,-10,216,-10,431,-10,226,30" hai3="81,87,89,92,94,96,97,103,116,117" />
</Scene>
<Scene>
<INIT seed="3,3,0,0,1,133" ten="117,206,421,256" oya="3" hai0="17,65,23,88,53,16,80,132,117,129,125,100,85" hai1="22,30,113,68,108,41,27,93,49,75,9,36,52" hai2="83,51,7,48,127,19,82,126,55,67,122,76,44" hai3="2,63,25,112,121,116,120,34,8,114,73,58,105"/><W38/><G73/><T94/><D117/><U111/><E113/><V98/><F122/><W21/><G105/><T4/><D132/><U10/><E75/><V56/><F7/><N who="3" m="1143" /><G58/><T104/><D129/><U50/><E68/><V109/><F109/><N who="1" m="42057" /><E93/><V0/><F0/><W42/><G63/><T89/><D125/><N who="2" m="47626" /><F67/><W57/><G57/><T62/><D4/><U71/><E36/><V115/><F115/><W123/><G42/><T37/><D37/><U118/><E71/><V45/><F98/><W12/><G38/><T128/><D128/><U32/><E118/><V47/><F19/><N who="0" m="7242" /><D104/><U13/><E13/><V130/><F130/><W35/><G12/><T119/><D119/><U103/><E103/><V74/><F83/><W18/><G116/><T60/><D100/><U87/><E41/><AGARI ba="3,0" hai="41,44,45,47,48,51,55,56,74,76,82" m="47626" machi="41" ten="30,7700,0" yaku="18,1,52,3" doraHai="133" who="2" fromWho="1" sc="117,0,206,-86,421,86,256,0" />
</Scene>
<Scene>
<INIT seed="4,0,0,1,2,78" ten="117,120,507,256" oya="0" hai0="37,126,9,30,36,38,120,114,67,102,19,97,95" hai1="8,62,60,82,100,127,89,74,71,18,122,61,51" hai2="99,128,79,133,92,116,112,105,121,59,24,65,54" hai3="32,73,110,7,6,123,131,48,13,22,15,44,52"/><T88/><D114/><U130/><E122/><V70/><F105/><W53/><G32/><T90/><D120/><U46/><E127/><V12/><F121/><W56/><G131/><T11/><D126/><U29/><E130/><V50/><F112/><W4/><G73/><T58/><D30/><U21/><E100/><V111/><F116/><W31/><G110/><T57/><D58/><U117/><E117/><V25/><F111/><W132/><G132/><T5/><D19/><U42/><E29/><V55/><F55/><W96/><G96/><T66/><D11/><U43/><E43/><V23/><F79/><W0/><G0/><T33/><D33/><U14/><E21/><V108/><F133/><W98/><G98/><T77/><D77/><U47/><E47/><V28/><F128/><W72/><G72/><T64/><REACH who="0" step="1"/><D57/><REACH who="0" ten="107,120,507,256" step="2"/><U49/><E71/><V103/><F108/><W17/><G31/><T41/><D41/><U93/><E42/><V134/><F134/><W27/><G123/><T83/><D83/><U3/><E82/><V106/><F28/><W91/><G56/><T20/><D20/><U2/><E46/><V129/><F129/><W39/><G44/><T119/><D119/><U107/><E18/><N who="2" m="10695" /><F70/><W75/><G17/><T101/><D101/><U84/><E8/><V76/><F76/><W63/><G22/><T85/><D85/><U81/><E74/><V113/><F113/><W104/><G75/><T94/><D94/><U109/><E93/><V115/><F115/><W10/><G10/><T34/><D34/><U135/><E109/><V35/><F92/><RYUUKYOKU ba="0,1" sc="107,30,120,-10,507,-10,256,-10" hai0="5,9,36,37,38,64,66,67,88,90,95,97,102" />
</Scene>
<Scene>
<INIT seed="4,1,1,3,5,49" ten="137,110,497,246" oya="0" hai0="75,81,40,118,48,105,9,4,78,73,70,116,103" hai1="47,24,42,66,59,134,90,38,17,117,2,85,93" hai2="114,80,56,126,51,113,0,22,31,33,28,83,111" hai3="128,86,133,107,119,65,74,54,41,104,92,18,115"/><T97/><D70/><U29/><E117/><V7/><F111/><W61/><G74/><T63/><D75/><U57/><E2/><V122/><F122/><W82/><G41/><T72/><D73/><U69/><E134/><V30/><F33/><W88/><G115/><N who="2" m="44041" /><F126/><W99/><G128/><T5/><D63/><U16/><E69/><V132/><F132/><W34/><G34/><T35/><D35/><U109/><E109/><V91/><F91/><W64/><G107/><T112/><D112/><U26/><E66/><V135/><F135/><W39/><G104/><T125/><D125/><U96/><E96/><V131/><F131/><W27/><G39/><T14/><REACH who="0" step="1"/><D5/><REACH who="0" ten="127,110,497,246" step="2"/><U36/><E17/><V84/><F28/><W79/><G133/><T102/><D102/><U123/><E29/><V13/><F30/><W12/><G119/><T67/><D67/><U32/><E32/><V6/><F31/><W94/><G65/><T121/><D121/><U127/><E123/><V52/><F7/><W46/><G61/><T89/><D89/><U15/><E127/><V106/><F6/><W71/><G64/><T129/><D129/><U3/><E16/><V45/><F22/><W20/><G71/><T95/><D95/><U21/><E93/><V110/><F106/><W55/><G94/><T60/><D60/><U8/><E90/><V23/><F110/><W108/><G108/><T130/><D130/><U98/><E98/><V1/><F84/><W44/><G20/><T100/><D100/><U68/><E85/><V120/><F23/><W53/><G86/><T43/><D43/><RYUUKYOKU ba="1,2" sc="127,30,110,-10,497,-10,246,-10" hai0="4,9,14,40,48,72,78,81,97,103,105,116,118" />
</Scene>
<Scene>
<INIT seed="4,2,2,2,1,77" ten="157,100,487,236" oya="0" hai0="101,10,86,55,128,60,122,87,120,38,96,9,23" hai1="81,109,17,56,1,57,46,64,75,33,107,130,7" hai2="78,127,14,26,18,48,74,63,126,24,35,13,42" hai3="124,89,2,6,115,85,79,66,112,8,15,50,105"/><T121/><D38/><U16/><E109/><V98/><F63/><W94/><G105/><T84/><D128/><U123/><E123/><V12/><F98/><W52/><G66/><T114/><D114/><N who="3" m="43561" /><G124/><N who="2" m="47657" /><F18/><W104/><G104/><T80/><D23/><U69/><E107/><V53/><F42/><W95/><G79/><T51/><D60/><U108/><E108/><V97/><F97/><W92/><G2/><T54/><D55/><U20/><E33/><V118/><F118/><W29/><G29/><T131/><D131/><U103/><E103/><V5/><F5/><W119/><G119/><T43/><D43/><U34/><E34/><V65/><F65/><W73/><G73/><T25/><D25/><U129/><E129/><V82/><F35/><W76/><G76/><T71/><D71/><U28/><E75/><V99/><F99/><W39/><G39/><T61/><D61/><U27/><E130/><V135/><F135/><W47/><AGARI ba="2,2" hai="6,8,15,47,50,52,85,89,92,94,95" m="43561" machi="47" ten="30,2000,0" yaku="15,1,54,1" doraHai="77" who="3" fromWho="3" sc="157,-12,100,-7,487,-7,236,46" />
</Scene>
<Scene>
<INIT seed="5,0,0,1,5,96" ten="145,93,480,282" oya="1" hai0="89,68,126,94,10,92,83,66,44,93,91,103,82" hai1="107,3,115,28,117,87,69,120,26,119,74,98,72" hai2="86,113,21,23,35,81,53,124,134,76,116,60,56" hai3="38,14,13,95,131,135,37,129,77,16,50,57,71"/><U49/><E3/><V31/><F116/><W102/><G71/><T0/><D126/><U5/><E120/><V15/><F124/><W36/><G77/><T59/><D68/><U84/><E5/><V58/><F134/><W79/><G79/><T88/><D0/><U127/><E127/><V24/><F113/><W7/><G7/><T41/><D10/><U101/><E69/><V109/><F109/><W19/><G50/><N who="0" m="26895" /><D103/><U9/><E9/><V99/><F99/><N who="3" m="59775" /><G57/><T122/><D122/><U25/><E115/><V97/><F97/><W40/><G40/><T111/><D111/><U90/><E49/><V121/><F121/><W112/><G112/><T8/><D8/><U47/><E47/><V11/><F56/><W55/><G55/><T1/><D1/><U123/><E123/><V63/><F63/><AGARI ba="0,0" hai="59,63,66,82,83,88,89,91,92,93,94" m="26895" machi="63" ten="30,2000,0" yaku="8,1,54,1" doraHai="96" who="0" fromWho="2" sc="145,20,93,0,480,-20,282,0" />
</Scene>
<Scene>
<INIT seed="6,0,0,1,1,86" ten="165,93,460,282" oya="2" hai0="48,75,98,110,0,116,41,133,40,100,123,119,85" hai1="42,36,70,69,7,117,101,78,99,126,16,79,109" hai2="65,29,22,18,56,132,19,125,8,55,127,38,88" hai3="76,39,73,13,4,103,113,26,21,51,102,129,122"/><V30/><F38/><W15/><G39/><T31/><D75/><U17/><E109/><V46/><F132/><W63/><G129/><T82/><D0/><U134/><E117/><V67/><F46/><W71/><G76/><T37/><D37/><U74/><E134/><V92/><F8/><W61/><G73/><T50/><D31/><U33/><E126/><V96/><F29/><W130/><G71/><T81/><D123/><U94/><E33/><V14/><F19/><W23/><G51/><N who="0" m="19499" /><D82/><U28/><E28/><V24/><F14/><W120/><G130/><T27/><D27/><U2/><E79/><V72/><F30/><W77/><G77/><N who="0" m="46255" /><D110/><U47/><E70/><V106/><F106/><W45/><G26/><T49/><D49/><U32/><E32/><V25/><F25/><W68/><G68/><T35/><D35/><U12/><E69/><V107/><F107/><W111/><G111/><T84/><D133/><U20/><E20/><V6/><F6/><W128/><G45/><T131/><D131/><U91/><E12/><V10/><F10/><W93/><G128/><T108/><D108/><U57/><E57/><V104/><F104/><W80/><G4/><T87/><D116/><U105/><E7/><V5/><F5/><W52/><G13/><T112/><D119/><U115/><E2/><V34/><F34/><W3/><G15/><T124/><D124/><N who="2" m="47690" /><F72/><W135/><G3/><T11/><D11/><U62/><E115/><V90/><F24/><W95/><G135/><T83/><D112/><U60/><E36/><V44/><F44/><W97/><G113/><RYUUKYOKU ba="0,0" sc="165,0,93,0,460,0,282,0" />
</Scene>
<Scene>
<INIT seed="7,1,0,4,1,70" ten="165,93,460,282" oya="3" hai0="21,57,68,94,76,32,102,14,95,65,30,26,131" hai1="5,16,41,108,90,93,45,40,55,75,106,12,112" hai2="60,50,118,133,29,59,129,91,35,72,54,114,83" hai3="80,121,110,27,37,77,117,132,34,119,134,23,3"/><W123/><G3/><T120/><D120/><U44/><E106/><V127/><F35/><W52/><G34/><T111/><D111/><U105/><E105/><V49/><F72/><W7/><G7/><T79/><D68/><U104/><E104/><V85/><F118/><W135/><G110/><T67/><D131/><U15/><E75/><V31/><F129/><W84/><G37/><T46/><D32/><U107/><E107/><V6/><F6/><W96/><G52/><T1/><D1/><U22/><E108/><V116/><F116/><N who="3" m="44619" /><G96/><T24/><D65/><U98/><E112/><V39/><F114/><W53/><G53/><T71/><D67/><U115/><E115/><V0/><F39/><W73/><G73/><T47/><D47/><U92/><E92/><V8/><F0/><W38/><G38/><T13/><D46/><U97/><E97/><V87/><F54/><W58/><G58/><T18/><D57/><U124/><E124/><V4/><F127/><W130/><G130/><T42/><D71/><U101/><E101/><V88/><F4/><W56/><G56/><T2/><D2/><U100/><E100/><V126/><F59/><W89/><G77/><T25/><D79/><U82/><E82/><V62/><F126/><W43/><G43/><N who="1" m="16458" /><E55/><V63/><F49/><W19/><AGARI ba="1,0" hai="19,23,27,80,84,89,121,123,132,134,135" m="44619" machi="19" ten="40,2100,0" yaku="20,1" doraHai="70" who="3" fromWho="3" sc="165,-8,93,-8,460,-8,282,24" />
</Scene>
<Scene>
<INIT seed="7,2,0,3,4,46" ten="157,85,452,306" oya="3" hai0="63,59,86,85,82,135,71,73,115,81,35,77,123" hai1="90,101,128,2,21,70,120,23,7,26,106,1,22" hai2="98,94,109,40,117,103,39,108,61,43,37,50,97" hai3="19,18,65,111,130,67,52,27,112,125,122,74,132"/><W57/><G122/><T25/><D123/><U95/><E70/><V47/><F117/><W51/><G74/><T56/><D135/><U29/><E120/><V13/><F39/><W41/><G132/><T105/><D105/><U88/><E106/><V100/><F37/><W119/><G119/><T93/><D71/><U38/><E38/><V20/><F43/><W62/><G112/><T24/><D35/><U121/><E121/><V129/><F129/><W16/><G130/><T75/><D93/><U64/><E128/><V9/><F20/><N who="3" m="13727" /><G125/><T49/><D49/><U44/><E64/><N who="3" m="24650" /><G111/><T76/><D63/><U116/><E116/><V114/><F114/><AGARI ba="2,0" hai="24,25,56,59,73,75,76,77,81,82,85,86,114,115" machi="114" ten="25,1600,0" yaku="22,2" doraHai="46" who="0" fromWho="2" sc="157,22,85,0,452,-22,306,0" owari="179,-22.0,85,-41.0,430,52.0,306,11.0" />
</Scene>
</mjloggm>