<mjloggm ver="2.3"><GO type="169" lobby="0"/><UN n0="%53%47%59%4D%48%52%4B%31" n1="%E3%82%B7%E3%83%A3%E3%83%B3%E3%83%86%E3%83%B3%E5%9C%B0%E7%8D%84%E2%98%86" n2="%E8%B1%86%E7%89%B9%EF%BC%A0%E6%B2%B3%E6%9D%91%E8%BB%8D%E5%9B%A3" n3="%E3%81%99%E3%81%9A%E3%82%81%E3%82%AF%E3%83%AC%E3%82%A4%E3%82%B8%E3%83%BC" dan="16,17,17,19" rate="2088.69,2140.61,2236.74,2290.16" sx="M,M,M,M"/><TAIKYOKU oya="0"/>

<Scene>
<INIT seed="0,0,0,1,4,66" ten="250,250,250,250" oya="0" hai0="52,68,120,36,21,49,118,31,112,124,24,13,34" hai1="115,50,59,6,131,57,96,80,76,37,82,23,29" hai2="17,107,84,1,79,44,35,14,129,39,12,103,134" hai3="116,119,69,89,83,102,97,46,127,64,65,130,90"/><T41/><D120/><U71/><E37/><V122/><F1/><W86/><G130/><T91/><D118/><U30/><E131/><V10/><F129/><W61/><G127/><T16/><D112/><U45/><E71/><V51/><F35/><W11/><G89/><T42/><D124/><U88/><E6/><V100/><F39/><W77/><G65/><T98/><D68/><U106/><E115/><V108/><F108/><W28/><G11/><T117/><D117/><U110/><E110/><V105/><F105/><W109/><G109/><T63/><D63/><U7/><E7/><N who="2" m="3167" /><F107/><W74/><G46/><T87/><D98/><U56/><E106/><V123/><F134/><W93/><G28/><N who="1" m="10858" /><E76/><V38/><F38/><W40/><REACH who="3" step="1"/><G40/><REACH who="3" ten="250,250,250,240" step="2"/><T3/><D36/><U22/><E80/><AGARI ba="0,1" hai="61,64,69,74,77,80,83,86,90,93,97,102,116,119" machi="80" ten="30,8000,1" yaku="1,1,2,1,7,1,52,1,53,1" doraHai="66" doraHaiUra="99" who="3" fromWho="1" sc="250,0,250,-80,250,0,240,90" />
</Scene>
<Scene>
<INIT seed="1,0,0,4,2,122" ten="250,170,250,330" oya="1" hai0="86,2,88,117,34,108,116,33,94,68,60,3,31" hai1="96,48,25,125,19,26,101,62,58,110,12,56,75" hai2="90,109,92,133,63,59,104,17,126,97,78,11,100" hai3="102,51,99,81,77,55,44,113,40,37,28,1,103"/><U85/><E75/><V69/><F69/><W61/><G113/><T43/><D43/><U20/><E125/><V127/><F133/><W54/><G28/><T123/><D123/><U74/><E74/><V124/><F78/><W70/><G1/><T32/><D31/><U132/><E132/><V21/><F11/><W27/><G27/><T128/><D128/><U42/><E85/><V13/><F109/><W38/><G38/><T87/><D87/><U98/><E110/><V129/><F129/><W14/><G14/><T115/><D115/><U121/><E121/><V79/><F79/><W89/><G89/><T8/><D108/><U93/><E96/><V80/><F80/><W83/><G103/><T15/><D2/><U22/><E62/><V49/><F49/><W52/><G37/><T0/><D0/><U84/><E84/><V120/><F120/><W57/><G70/><T66/><REACH who="0" step="1"/><D3/><REACH who="0" ten="240,170,250,330" step="2"/><U47/><REACH who="1" step="1"/><E12/><REACH who="1" ten="240,160,250,330" step="2"/><N who="2" m="9383" /><F124/><W131/><G131/><T23/><D23/><U114/><E114/><V46/><F13/><W29/><G77/><T18/><AGARI ba="0,2" hai="8,15,18,32,33,34,60,66,68,86,88,94,116,117" machi="18" ten="30,7900,0" yaku="1,1,0,1,54,1,53,1" doraHai="122" doraHaiUra="67" who="0" fromWho="0" sc="240,99,160,-39,250,-20,330,-20" />
</Scene>
<Scene>
<INIT seed="2,0,0,4,4,44" ten="339,121,230,310" oya="2" hai0="96,62,73,93,54,39,78,67,92,58,104,116,134" hai1="127,36,19,126,43,106,112,133,15,91,89,26,13" hai2="56,102,37,114,18,5,57,2,64,25,88,30,49" hai3="69,66,84,50,77,81,135,3,90,35,83,51,99"/><V10/><F37/><W28/><G3/><T63/><D134/><U7/><E106/><V8/><F114/><W94/><G135/><T60/><D39/><U45/><E112/><V48/><F102/><W130/><G130/><T124/><D124/><N who="1" m="47659" /><E133/><V52/><F18/><W85/><G69/><T4/><D4/><U34/><E7/><V100/><F100/><W22/><G66/><T97/><D116/><U16/><E15/><N who="2" m="5519" /><F10/><W119/><G35/><T82/><D104/><U125/><N who="1" m="47667" /><U80/><DORA hai="47" /><E80/><V59/><F2/><W111/><G111/><T110/><D110/><U46/><E46/><V74/><F74/><W132/><G119/><T105/><D105/><U55/><E55/><N who="2" m="31847" /><F25/><N who="3" m="16439" /><G132/><T79/><D67/><U109/><E109/><V65/><F30/><W17/><G17/><N who="1" m="6730" /><E13/><V9/><F9/><W95/><G95/><T1/><D1/><U12/><E12/><V70/><F70/><W14/><G14/><T6/><D6/><U0/><E0/><V108/><F108/><W53/><G53/><T86/><D73/><U23/><E23/><V131/><F131/><W61/><G61/><T107/><D107/><U27/><E27/><V98/><F57/><W11/><G11/><T41/><D63/><U33/><E33/><V29/><F29/><AGARI ba="0,0" hai="26,29,34,36,43,45,89,91" m="6730,47667" machi="29" ten="40,2600,0" yaku="18,1,54,1" doraHai="44,47" who="1" fromWho="2" sc="339,0,121,26,230,-26,310,0" />
</Scene>
<Scene>
<INIT seed="3,0,0,0,4,112" ten="339,147,204,310" oya="3" hai0="56,70,124,116,125,47,115,104,110,15,74,129,22" hai1="37,31,85,19,57,5,0,16,120,90,20,48,100" hai2="113,119,130,39,107,75,27,14,82,60,7,10,87" hai3="40,62,55,118,12,134,25,98,45,111,64,69,36"/><W94/><G134/><T49/><D104/><U53/><E37/><V61/><F39/><W65/><G118/><T35/><D74/><U123/><E100/><V117/><F107/><W89/><G111/><T92/><D92/><U77/><E77/><V79/><F113/><W126/><G126/><N who="0" m="48747" /><D35/><U29/><E19/><V135/><F135/><W52/><G65/><T108/><D115/><U68/><E68/><V13/><F130/><W11/><REACH who="3" step="1"/><G25/><REACH who="3" ten="339,147,204,300" step="2"/><T51/><D116/><U71/><E120/><V43/><F119/><W122/><G122/><T24/><D24/><U131/><E123/><V127/><F27/><W99/><G99/><T58/><D129/><U50/><E131/><V34/><F117/><W17/><AGARI ba="0,1" hai="11,12,17,36,40,45,52,55,62,64,69,89,94,98" machi="17" ten="20,7800,0" yaku="1,1,0,1,7,1,54,1,53,0" doraHai="112" doraHaiUra="30" who="3" fromWho="3" sc="339,-26,147,-26,204,-26,300,88" />
</Scene>
<Scene>
<INIT seed="3,1,0,2,4,48" ten="313,121,178,388" oya="3" hai0="10,113,133,130,73,91,72,50,70,52,102,76,20" hai1="77,78,94,61,103,101,30,95,117,9,16,39,80" hai2="19,54,121,55,27,128,118,5,122,62,1,44,75" hai3="74,125,83,114,21,87,66,93,29,100,89,127,116"/><W31/><G116/><T41/><D70/><U3/><E39/><V6/><F75/><W58/><G114/><T69/><D69/><U17/><E117/><V96/><F118/><W0/><G0/><T45/><D102/><N who="1" m="38923" /><E3/><V33/><F96/><W134/><G134/><T97/><D133/><U120/><E30/><V25/><F1/><W26/><G29/><T22/><D10/><U57/><E120/><N who="2" m="46187" /><F128/><W14/><G14/><T8/><D8/><U47/><E47/><V112/><F112/><W35/><G35/><T129/><D113/><U28/><E28/><N who="2" m="19599" /><F62/><N who="3" m="38231" /><G74/><T82/><D72/><U71/><E71/><V99/><F99/><AGARI ba="1,0" hai="21,26,31,83,87,89,93,99,100,125,127" m="38231" machi="99" ten="30,1500,0" yaku="25,1" doraHai="48" who="3" fromWho="2" sc="313,0,121,0,178,-18,388,18" />
</Scene>
<Scene>
<INIT seed="3,2,0,2,0,88" ten="313,121,160,406" oya="3" hai0="84,13,69,77,97,131,68,108,2,32,28,35,21" hai1="38,20,65,55,74,46,12,51,115,78,57,99,107" hai2="127,31,73,92,6,23,90,27,19,86,48,76,45" hai3="133,94,93,105,101,81,118,39,1,62,125,25,61"/><W10/><G118/><T41/><D108/><U95/><E115/><V26/><F127/><W114/><G39/><T15/><D41/><U72/><E107/><V109/><F109/><W29/><G114/><T33/><D97/><U54/><E65/><V116/><F116/><W85/><G133/><T112/><D2/><U17/><E78/><V53/><F6/><W4/><G105/><T96/><D96/><U117/><E117/><V113/><F113/><W52/><G101/><T42/><D42/><U58/><E38/><V60/><F60/><W129/><G129/><T0/><D0/><U66/><E66/><V30/><F73/><W37/><G62/><T70/><D112/><U36/><E36/><V87/><F26/><W50/><G61/><T59/><D59/><U75/><REACH who="1" step="1"/><E55/><REACH who="1" ten="313,111,160,406" step="2"/><V89/><F76/><W124/><G37/><T7/><D77/><U79/><E79/><V11/><F11/><W64/><G64/><T16/><D131/><U3/><E3/><V63/><F63/><W104/><G104/><T106/><D106/><U22/><E22/><V47/><F47/><W82/><G125/><T56/><D35/><U123/><E123/><V135/><F135/><W121/><G124/><T49/><D33/><U5/><E5/><V128/><F128/><W130/><G121/><T91/><D7/><U98/><E98/><V110/><F110/><W122/><G122/><T9/><D21/><U111/><E111/><V71/><F71/><W134/><G134/><T8/><D69/><U44/><E44/><V34/><F34/><W132/><G132/><T102/><D68/><RYUUKYOKU ba="2,1" sc="313,-15,111,15,160,15,406,-15" hai1="12,17,20,46,51,54,57,58,72,74,75,95,99" hai2="19,23,27,30,31,45,48,53,86,87,89,90,92" />
</Scene>
<Scene>
<INIT seed="4,3,1,5,3,98" ten="298,126,175,391" oya="0" hai0="88,122,107,119,61,64,106,57,96,97,82,124,54" hai1="25,79,115,135,23,91,34,56,89,66,39,40,86" hai2="59,68,9,78,37,19,127,58,36,112,125,47,11" hai3="16,130,32,2,0,62,94,30,95,85,3,12,1"/><T93/><D122/><U49/><E34/><V65/><F78/><W67/><G0/><T6/><D119/><U118/><E118/><V24/><F68/><W51/><G130/><T5/><D124/><N who="2" m="47690" /><F112/><W103/><G51/><T104/><D82/><N who="1" m="47455" /><E39/><N who="2" m="14923" /><F47/><W73/><G73/><T31/><D31/><U63/><E135/><V18/><F24/><W128/><G128/><T131/><D131/><U7/><E7/><V74/><F74/><W45/><G45/><T69/><REACH who="0" step="1"/><D97/><REACH who="0" ten="288,126,175,391" step="2"/><U92/><E115/><V77/><F77/><W116/><G116/><T123/><D123/><U27/><E92/><V71/><F71/><W70/><G95/><T133/><D133/><U15/><E91/><V129/><F129/><W53/><G30/><T105/><N who="0" m="26624" /><DORA hai="121" /><T76/><D76/><U38/><E89/><V13/><F65/><W102/><G67/><T46/><D46/><N who="1" m="25799" /><E38/><V44/><F44/><W10/><G70/><T83/><D83/><U43/><E43/><V35/><F35/><W100/><G32/><T50/><AGARI ba="3,2" hai="5,6,50,54,57,61,64,69,88,93,96" m="26624" machi="50" ten="60,12000,1" yaku="1,1,0,1,54,1,53,1" doraHai="98,121" doraHaiUra="55,120" who="0" fromWho="0" sc="288,149,126,-43,175,-43,391,-43" />
</Scene>
<Scene>
<INIT seed="4,4,0,2,3,4" ten="437,83,132,348" oya="0" hai0="71,109,30,106,115,121,65,48,39,32,127,50,59" hai1="47,132,87,2,49,104,97,96,70,120,64,78,105" hai2="7,81,29,43,133,12,5,62,20,131,3,110,1" hai3="76,103,89,36,66,25,52,58,8,79,99,0,42"/><T116/><RYUUKYOKU type="yao9" ba="4,0" sc="437,0,83,0,132,0,348,0" hai0="30,32,39,48,50,59,65,71,106,109,115,116,121,127" />
</Scene>
<Scene>
<INIT seed="4,5,0,3,3,128" ten="437,83,132,348" oya="0" hai0="15,88,95,10,121,16,109,134,61,77,47,25,117" hai1="70,67,11,49,26,107,55,68,48,129,46,92,24" hai2="84,53,108,100,75,39,74,103,42,5,66,2,125" hai3="89,64,120,9,85,4,81,3,82,126,71,36,106"/><T130/><D121/><U59/><E107/><V65/><F108/><W102/><G126/><T13/><D117/><U28/><E129/><V60/><F53/><W20/><G36/><T40/><D130/><U58/><E70/><V118/><F84/><W76/><G71/><T104/><D104/><U17/><E68/><V111/><F111/><W34/><G34/><T69/><D77/><U52/><E28/><V98/><F100/><W56/><G56/><T90/><D25/><U80/><E92/><V30/><F30/><W44/><G64/><T110/><D15/><N who="1" m="7423" /><E80/><V37/><F118/><W0/><G44/><T116/><D116/><U94/><E94/><V43/><F125/><W127/><G120/><T86/><D90/><U12/><E12/><V101/><F2/><W131/><G131/><T23/><D10/><U27/><E67/><V32/><F32/><W8/><G20/><T51/><D69/><U105/><E105/><V135/><F5/><W7/><G127/><T1/><D1/><U114/><E114/><V29/><F29/><W14/><G14/><T22/><D22/><U33/><E33/><V122/><F122/><W57/><G106/><T124/><D124/><U6/><E6/><V133/><F98/><W132/><G102/><T21/><D21/><U93/><E93/><V115/><F115/><W119/><G119/><T79/><D109/><U54/><E48/><V38/><F38/><W18/><G0/><T50/><D110/><U83/><E83/><V99/><F99/><W113/><G3/><T45/><D51/><U72/><E72/><V112/><F112/><RYUUKYOKU ba="5,0" sc="437,-15,83,15,132,15,348,-15" hai1="24,26,27,46,49,52,54,55,58,59" hai2="37,39,42,43,60,65,66,74,75,101,103,133,135" />
</Scene>
<Scene>
<INIT seed="5,6,0,2,0,78" ten="422,98,147,333" oya="1" hai0="3,67,103,93,108,12,42,94,5,68,99,26,4" hai1="25,64,115,97,0,7,40,82,118,117,60,129,27" hai2="30,47,89,8,19,52,96,29,63,107,114,34,71" hai3="119,95,104,111,105,92,70,51,32,36,131,100,66"/><U54/><E40/><V16/><F114/><W17/><G36/><T72/><D72/><U65/><E115/><V50/><F8/><W132/><G32/><T98/><D42/><U28/><E129/><V57/><F71/><W121/><G70/><T87/><D3/><U9/><E54/><V83/><F107/><W79/><G132/><T24/><D87/><U55/><E55/><N who="2" m="34239" /><F34/><W20/><G105/><T41/><D41/><U18/><E65/><V75/><F75/><W125/><G104/><T135/><D135/><U44/><E44/><V35/><F35/><W56/><G111/><T86/><D86/><U21/><E97/><V45/><F45/><W120/><G120/><T134/><D134/><U85/><E25/><V128/><F128/><W49/><G119/><T59/><D68/><U69/><REACH who="1" step="1"/><E28/><REACH who="1" ten="422,88,147,333" step="2"/><N who="2" m="10859" /><F96/><W38/><G131/><T127/><D67/><U90/><AGARI ba="6,1" hai="0,7,9,18,21,27,60,64,69,82,85,90,117,118" machi="90" ten="20,7800,0" yaku="1,1,0,1,7,1,52,1,53,0" doraHai="78" doraHaiUra="91" who="1" fromWho="1" sc="422,-32,88,106,147,-32,333,-32" />
</Scene>
<Scene>
<INIT seed="5,7,0,4,5,29" ten="390,194,115,301" oya="1" hai0="31,71,28,88,57,20,78,103,37,96,76,12,94" hai1="124,8,32,24,26,108,81,16,79,62,63,73,67" hai2="113,104,87,99,0,40,90,122,6,120,72,39,106" hai3="135,55,86,49,46,56,54,65,45,27,51,48,10"/><U9/><E124/><V59/><F72/><W70/><G10/><T25/><D37/><U23/><E108/><V91/><F59/><N who="3" m="33223" /><G27/><T13/><D71/><U5/><E63/><V22/><F40/><N who="3" m="24743" /><G86/><T119/><D119/><U97/><E97/><V68/><F68/><W112/><G112/><T128/><D128/><U53/><E53/><V107/><F39/><W64/><G135/><T83/><D57/><U52/><E52/><V132/><F22/><W75/><G75/><T118/><D118/><U127/><E127/><V41/><F41/><N who="3" m="25039" /><G70/><T33/><D33/><U3/><E8/><V1/><F6/><W92/><G92/><T42/><D31/><U109/><E109/><V131/><F1/><W134/><G134/><T35/><D35/><U36/><E32/><V111/><F0/><W84/><G84/><N who="0" m="50207" /><D42/><U80/><E80/><N who="2" m="49511" /><F132/><W18/><G18/><T66/><D78/><U85/><E36/><V4/><F4/><W114/><G114/><T30/><D76/><U74/><E26/><V38/><F38/><W50/><AGARI ba="7,0" hai="50,55,56,64,65" m="25039,24743,33223" machi="50" ten="30,12000,2" yaku="8,1,35,5" doraHai="29" who="3" fromWho="3" sc="390,-37,194,-67,115,-37,301,141" />
</Scene>
<Scene>
<INIT seed="6,0,0,2,5,43" ten="353,127,78,442" oya="2" hai0="116,11,42,56,0,39,44,53,103,9,126,16,32" hai1="41,92,111,112,33,31,91,27,6,37,129,101,36" hai2="5,70,106,8,1,65,40,2,24,100,124,123,22" hai3="57,54,29,107,68,48,51,55,4,69,135,71,13"/><V10/><F123/><W113/><G107/><T125/><D32/><U64/><E111/><V128/><F128/><W108/><G29/><T85/><D103/><U96/><E129/><V114/><F114/><W98/><G98/><T87/><D116/><U86/><E112/><V90/><F124/><N who="0" m="47722" /><D0/><U74/><E74/><V25/><F90/><W83/><G135/><T121/><D121/><U72/><E72/><V19/><F40/><W105/><G83/><T21/><D9/><U120/><E120/><V15/><F65/><W94/><G94/><T75/><D11/><U17/><E6/><N who="2" m="1367" /><F70/><W118/><G105/><T61/><D75/><U28/><E41/><V78/><F78/><W115/><G118/><T104/><D104/><U12/><E64/><V81/><F81/><W3/><G3/><T88/><D88/><U62/><E62/><V77/><F77/><W133/><G4/><T134/><D134/><U38/><E28/><N who="2" m="17431" /><F106/><W58/><G133/><T110/><D110/><U34/><E34/><V82/><F82/><W20/><G108/><T89/><D89/><U93/><E38/><V67/><F100/><W119/><G119/><T102/><D102/><U122/><E122/><V84/><F84/><W132/><G132/><T117/><D117/><U130/><E130/><V109/><F109/><W46/><G113/><T63/><D61/><U45/><E101/><V60/><F60/><W79/><G79/><T18/><D18/><U50/><E96/><V80/><F80/><W7/><G115/><T95/><D95/><U49/><E92/><V26/><F67/><W99/><G99/><RYUUKYOKU ba="0,0" sc="353,15,127,-15,78,15,442,-15" hai0="16,21,39,42,44,53,56,63,85,87" hai2="1,5,8,15,19,25,26" />
</Scene>
<Scene>
<INIT seed="6,1,0,4,4,122" ten="368,112,93,427" oya="2" hai0="47,20,106,126,50,29,123,94,58,28,30,27,82" hai1="110,96,116,76,36,38,21,61,52,14,48,51,129" hai2="68,0,56,65,53,40,132,133,35,44,1,26,6" hai3="18,22,71,104,89,81,97,124,32,57,25,87,43"/><V31/><F68/><W118/><G124/><T39/><D123/><U7/><E110/><V113/><F65/><W117/><G71/><T99/><D106/><U17/><E116/><V125/><F125/><W103/><G32/><T4/><D39/><U19/><E129/><V3/><F113/><W2/><G2/><T108/><D126/><U49/><E76/><V109/><F6/><W60/><G43/><T54/><D108/><U127/><E127/><V64/><F64/><AGARI ba="1,0" hai="18,22,25,57,60,64,81,87,89,97,103,104,117,118" machi="64" ten="30,1000,0" yaku="7,1" doraHai="122" who="3" fromWho="2" sc="368,0,112,0,93,-13,427,13" />
</Scene>
<Scene>
<INIT seed="7,0,0,2,0,40" ten="368,112,80,440" oya="3" hai0="32,56,37,69,122,132,30,63,62,115,113,107,90" hai1="14,81,49,9,6,135,68,28,70,45,126,106,34" hai2="20,51,117,79,33,110,46,13,72,2,11,105,129" hai3="80,88,91,17,127,48,99,60,111,7,87,55,18"/><W38/><G127/><T42/><D107/><U24/><E106/><V112/><F117/><W100/><G38/><T71/><D30/><U23/><E126/><V43/><F105/><W52/><G7/><T85/><D32/><U1/><E135/><V108/><F33/><W61/><G100/><T131/><D90/><U19/><E81/><V134/><F134/><W97/><G111/><T36/><D85/><U119/><E119/><V25/><F2/><W67/><G67/><N who="0" m="41215" /><D132/><U54/><AGARI ba="0,0" hai="1,6,9,14,19,23,24,28,34,45,49,54,68,70" machi="54" ten="20,8000,1" yaku="0,1,7,1,24,2,52,1" doraHai="40" who="1" fromWho="1" sc="368,-20,112,80,80,-20,440,-40" owari="348,15.0,192,-21.0,60,-44.0,400,50.0" />
</Scene>
</mjloggm>