<mjloggm ver="2.3"><GO type="169" lobby="0"/><UN n0="%E7%82%AD%40%E6%9D%8F%E6%9D%8F%E8%BB%8D%E5%9B%A3" n1="%E3%82%BF%E3%82%B1%E3%82%AA%E3%81%97%E3%82%83%E3%82%93" n2="%E3%81%99%E3%81%9A%E3%82%81%E3%82%AF%E3%83%AC%E3%82%A4%E3%82%B8%E3%83%BC" n3="%E6%A1%9C%E4%BA%95%E3%81%95%E3%82%93" dan="16,18,19,16" rate="2132.96,2212.17,2264.28,2157.20" sx="M,M,M,M"/><TAIKYOKU oya="0"/>

<Scene>
<INIT seed="0,0,0,0,2,111" ten="250,250,250,250" oya="0" hai0="86,100,60,63,50,11,127,131,42,17,124,3,64" hai1="77,4,92,44,26,132,2,71,122,14,12,45,46" hai2="51,123,72,54,43,16,62,113,130,84,19,55,93" hai3="29,117,15,97,96,37,68,125,40,1,105,110,22"/><T67/><D131/><U56/><E71/><V0/><F72/><W101/><G1/><T87/><D100/><U39/><E122/><V65/><F0/><W83/><G117/><T89/><D3/><U53/><E39/><V114/><F123/><W36/><G68/><T59/><D11/><U108/><E108/><V47/><F130/><W30/><G110/><T28/><D28/><U61/><E132/><V85/><F43/><W75/><G40/><T133/><D133/><U99/><E77/><V66/><F93/><W106/><G125/><N who="0" m="48203" /><D17/><U23/><E4/><V80/><F62/><N who="0" m="23594" /><D87/><U81/><E81/><V33/><F80/><W38/><G83/><N who="0" m="49375" /><D59/><U32/><E32/><V104/><F51/><W70/><G75/><T18/><D18/><N who="1" m="12663" /><E2/><V52/><F33/><W5/><G70/><T78/><D78/><U69/><E69/><V94/><F66/><W120/><G120/><T57/><D57/><U119/><E119/><V88/><F94/><W9/><REACH who="3" step="1"/><G22/><REACH who="3" ten="250,250,250,240" step="2"/><T34/><D34/><U90/><AGARI ba="0,1" hai="12,14,44,45,46,53,56,61,90,92,99" m="12663" machi="90" ten="30,2000,0" yaku="25,1,8,1" doraHai="111" who="1" fromWho="1" sc="250,-10,250,30,250,-5,240,-5" />
</Scene>
<Scene>
<INIT seed="1,0,0,1,5,47" ten="240,280,245,235" oya="1" hai0="67,10,46,119,68,6,81,63,80,85,37,116,121" hai1="84,106,83,131,49,57,90,21,11,135,61,31,25" hai2="99,15,1,2,89,32,109,107,87,58,69,91,78" hai3="64,82,94,79,13,44,114,133,8,50,42,34,127"/><U39/><E39/><V3/><F69/><W36/><G114/><T72/><D121/><U70/><E131/><V40/><F32/><W101/><G34/><T124/><D124/><U88/><E106/><V126/><F109/><W122/><G122/><T128/><D128/><U113/><E135/><V54/><F40/><W59/><G127/><T112/><D112/><U33/><E113/><V105/><F78/><W30/><G30/><T92/><D81/><U134/><E134/><V73/><F73/><W117/><G117/><T123/><D123/><U18/><E70/><V35/><F35/><W51/><G133/><T23/><D23/><U66/><E11/><V71/><F71/><W14/><G14/><T125/><D125/><U108/><E108/><V53/><F53/><W97/><G59/><T75/><D92/><U55/><E90/><V62/><F99/><W129/><G64/><T45/><D85/><U74/><E74/><N who="0" m="28201" /><D80/><U130/><E130/><V9/><F91/><W7/><G129/><T110/><D110/><U28/><E33/><V93/><REACH who="2" step="1"/><F126/><REACH who="2" ten="240,280,235,235" step="2"/><W4/><G4/><AGARI ba="0,1" hai="1,2,3,4,9,15,54,58,62,87,89,93,105,107" machi="4" ten="40,8000,1" yaku="1,1,2,1,53,2" doraHai="47" doraHaiUra="100" who="2" fromWho="3" sc="240,0,280,0,235,90,235,-80" />
</Scene>
<Scene>
<INIT seed="2,0,0,0,4,124" ten="240,280,325,155" oya="2" hai0="40,115,125,24,57,2,132,6,61,44,117,116,91" hai1="79,9,131,70,71,43,129,114,126,41,45,58,10" hai2="62,94,7,102,106,28,83,72,5,17,81,35,103" hai3="16,54,42,78,127,119,49,110,101,25,39,22,32"/><V105/><F35/><W59/><G119/><N who="0" m="45643" /><D115/><U135/><E114/><V3/><F3/><W64/><G127/><T51/><D125/><U14/><E126/><V29/><F72/><W11/><G110/><T128/><D132/><U21/><E79/><V98/><F62/><W52/><G32/><T38/><D91/><U120/><E135/><V33/><F33/><W86/><G101/><T90/><D90/><U73/><E58/><V87/><F87/><W4/><G39/><T50/><D24/><U26/><E73/><V134/><F134/><W74/><G74/><T80/><D80/><U1/><E1/><V37/><F17/><W66/><G42/><N who="1" m="15882" /><E45/><V36/><REACH who="2" step="1"/><F94/><REACH who="2" ten="240,280,315,155" step="2"/><W88/><G78/><T89/><D2/><U20/><E120/><V109/><F109/><W107/><G107/><T63/><D6/><U67/><E67/><V108/><F108/><W93/><G54/><N who="0" m="31967" /><D63/><U69/><E26/><V34/><F34/><W31/><G31/><T82/><D61/><U112/><E112/><V27/><F27/><W76/><G76/><T13/><D13/><AGARI ba="0,1" hai="4,11,13,16,22,25,49,52,59,64,66,86,88,93" machi="13" ten="30,8000,1" yaku="7,1,8,1,54,3" doraHai="124" who="3" fromWho="0" sc="240,-80,280,0,315,0,155,90" />
</Scene>
<Scene>
<INIT seed="3,0,0,4,5,0" ten="160,280,315,245" oya="3" hai0="40,100,31,11,101,8,91,75,79,22,110,56,111" hai1="59,117,103,62,125,43,69,54,96,30,29,98,84" hai2="88,42,107,41,49,68,21,70,32,47,46,28,112" hai3="63,19,9,15,2,131,132,124,93,71,27,89,115"/><W53/><G115/><T58/><D79/><U48/><E125/><V81/><F107/><W121/><G121/><T14/><D75/><U83/><E117/><V104/><F104/><W129/><G124/><T134/><D134/><U130/><E130/><N who="3" m="49674" /><G132/><T16/><D40/><U39/><E39/><V12/><F32/><W35/><G2/><T4/><D31/><N who="1" m="11787" /><E69/><V38/><F112/><W73/><G73/><T126/><D126/><U25/><E25/><V18/><F28/><N who="3" m="19871" /><G71/><T67/><D91/><N who="1" m="51615" /><E103/><N who="0" m="39497" /><D11/><U105/><E105/><V51/><F38/><W50/><G63/><T95/><D95/><U7/><E62/><V66/><F66/><W44/><G89/><T64/><D110/><U10/><E43/><V118/><F118/><W116/><G116/><T37/><D37/><U34/><E34/><V108/><F108/><W128/><G128/><T74/><D74/><U106/><E106/><V61/><F61/><W3/><G3/><T85/><D111/><U36/><E36/><V99/><F70/><W123/><G123/><T97/><D97/><U102/><E102/><V45/><F99/><W52/><G93/><T109/><D109/><U127/><E127/><V65/><F65/><N who="0" m="25162" /><D85/><U80/><E80/><V57/><F68/><W5/><G53/><T133/><D133/><U82/><E82/><V113/><F113/><W120/><G120/><T72/><D72/><U114/><E114/><V55/><F42/><W87/><G87/><AGARI ba="0,0" hai="12,18,21,41,45,46,47,49,51,55,57,81,87,88" machi="87" ten="40,2600,0" yaku="8,1,54,1" doraHai="0" who="2" fromWho="3" sc="160,0,280,0,315,26,245,-26" />
</Scene>
<Scene>
<INIT seed="4,0,0,3,2,91" ten="160,280,341,219" oya="0" hai0="65,112,31,103,42,32,44,51,125,54,20,135,130" hai1="110,96,126,116,11,64,128,69,115,38,119,40,123" hai2="86,68,2,26,95,88,27,85,45,35,66,84,82" hai3="19,5,15,60,132,109,73,41,106,36,49,0,61"/><T33/><D112/><U120/><E11/><V122/><F2/><W47/><G109/><T89/><D130/><U14/><E14/><V3/><F3/><W28/><G106/><T76/><D135/><U105/><E126/><V57/><F68/><W133/><G28/><T134/><D125/><U9/><E9/><V55/><F35/><W101/><G101/><T77/><D134/><N who="3" m="51817" /><G73/><T114/><D114/><U113/><E128/><V17/><F122/><N who="1" m="46633" /><E96/><N who="2" m="57447" /><F66/><W18/><G0/><T71/><D103/><U48/><E105/><V29/><F29/><W53/><G5/><T124/><D124/><U117/><E38/><V10/><F45/><N who="3" m="23719" /><G19/><T93/><D33/><U111/><E64/><V107/><F107/><W92/><G92/><T24/><D32/><U12/><E69/><V78/><F10/><AGARI ba="0,0" hai="10,15,18,47,49,53,60,61" m="23719,51817" machi="10" ten="30,1000,0" yaku="20,1" doraHai="91" who="3" fromWho="2" sc="160,0,280,0,341,-10,219,10" />
</Scene>
<Scene>
<INIT seed="5,0,0,2,5,67" ten="160,280,331,229" oya="1" hai0="57,79,8,6,109,110,105,43,63,27,96,111,80" hai1="61,70,86,100,106,84,107,77,54,90,118,15,101" hai2="4,58,66,53,9,44,60,49,45,85,1,14,56" hai3="108,113,88,51,11,26,10,28,82,120,37,72,112"/><U116/><E15/><V99/><F1/><W73/><G108/><T89/><D43/><U38/><E38/><V47/><F99/><W87/><G37/><T127/><D127/><U78/><E54/><V20/><F20/><W117/><G120/><T71/><D27/><U0/><E61/><V24/><F24/><W13/><G51/><T83/><D105/><U131/><E0/><V64/><F85/><W46/><G46/><T119/><D119/><U76/><E70/><V19/><F4/><W30/><G10/><T2/><D79/><U33/><E33/><V129/><F129/><W39/><G39/><T102/><D102/><N who="1" m="39531" /><E131/><V65/><AGARI ba="0,0" hai="9,14,19,44,45,47,49,53,56,58,60,64,65,66" machi="65" ten="30,2000,0" yaku="0,1,8,1" doraHai="67" who="2" fromWho="2" sc="160,-5,280,-10,331,20,229,-5" />
</Scene>
<Scene>
<INIT seed="6,0,0,3,3,127" ten="155,270,351,224" oya="2" hai0="106,50,112,62,76,57,72,42,3,7,22,89,10" hai1="52,35,78,28,131,90,67,1,30,82,6,23,88" hai2="40,20,45,115,114,134,16,118,124,56,44,86,122" hai3="81,15,37,99,98,126,9,108,0,32,31,4,100"/><V25/><F122/><W110/><G37/><T43/><D106/><U11/><E131/><V80/><F118/><W120/><G120/><T12/><D112/><N who="2" m="43050" /><F134/><W65/><G126/><T128/><D76/><U18/><E67/><V59/><F124/><W129/><G65/><T33/><D72/><U96/><E35/><V77/><F45/><W70/><G70/><T135/><D33/><U2/><E2/><V21/><F21/><W71/><G71/><T49/><D135/><U133/><E133/><V94/><F94/><W104/><G81/><T47/><D128/><U5/><E5/><V55/><F55/><W68/><G68/><T123/><D123/><U95/><E90/><V8/><F8/><W51/><G129/><T119/><D119/><U17/><E17/><V48/><AGARI ba="0,0" hai="16,20,25,40,44,48,56,59,77,80,86" m="43050" machi="48" ten="30,3000,0" yaku="15,1,54,1" doraHai="127" who="2" fromWho="2" sc="155,-10,270,-10,351,30,224,-10" />
</Scene>
<Scene>
<INIT seed="6,1,0,0,4,25" ten="145,260,381,214" oya="2" hai0="47,123,134,89,64,104,2,133,69,5,103,121,65" hai1="98,118,95,37,57,31,15,53,122,0,60,131,29" hai2="58,35,23,13,99,9,11,132,114,78,7,81,16" hai3="79,94,66,26,128,41,107,10,100,77,116,67,115"/><V20/><F114/><W24/><G116/><T63/><D65/><U111/><E0/><V45/><F35/><W62/><G107/><T126/><D126/><U28/><E111/><V83/><F132/><W119/><G119/><T6/><D89/><N who="1" m="55663" /><E37/><V49/><F58/><W19/><G41/><T3/><D47/><U113/><E118/><V112/><F99/><W61/><G128/><T18/><D18/><U101/><E113/><V72/><F83/><W92/><G19/><T82/><D82/><U73/><E73/><V88/><F88/><W42/><G42/><T52/><D103/><U124/><E124/><V80/><F80/><W96/><G96/><T22/><D104/><U14/><E131/><V32/><F32/><W84/><G10/><T127/><D22/><U38/><E38/><V93/><F93/><W108/><G100/><T40/><D127/><U51/><E122/><N who="0" m="46601" /><D40/><U54/><E101/><V30/><F112/><W76/><G115/><T12/><D12/><U43/><E43/><V8/><F23/><W33/><G33/><T105/><D105/><U56/><AGARI ba="1,0" hai="14,15,28,29,31,51,53,54,56,57,60" m="55663" machi="56" ten="30,7900,0" yaku="8,1,52,3" doraHai="25" who="1" fromWho="1" sc="145,-21,260,82,381,-40,214,-21" />
</Scene>
<Scene>
<INIT seed="7,0,0,2,1,108" ten="124,342,341,193" oya="3" hai0="104,128,16,4,89,12,19,99,96,130,60,126,129" hai1="82,115,49,93,92,3,133,94,75,83,25,24,8" hai2="135,40,33,101,9,47,54,110,131,117,22,1,27" hai3="100,125,50,80,43,127,17,107,41,64,34,91,20"/><W66/><G34/><T87/><D126/><U26/><E115/><V78/><F110/><W31/><G31/><T51/><D60/><U0/><E133/><V29/><F117/><W72/><G100/><T119/><D119/><U70/><E70/><V10/><F135/><W81/><G107/><T5/><D19/><U18/><E75/><V58/><F78/><W95/><G20/><T11/><D51/><U57/><E0/><V65/><F65/><W84/><G17/><T59/><D59/><U88/><E3/><V103/><F33/><W98/><G72/><T67/><D67/><U68/><E68/><V35/><F131/><W123/><G123/><T112/><D112/><U42/><E88/><V38/><F35/><W14/><G14/><T2/><D104/><U79/><E79/><V48/><F10/><W53/><G64/><T55/><D55/><N who="1" m="31983" /><E42/><V73/><F73/><W45/><G66/><T15/><D2/><U52/><E52/><V46/><REACH who="2" step="1"/><F47/><REACH who="2" ten="124,342,331,193" step="2"/><W90/><G125/><T13/><D5/><AGARI ba="0,1" hai="1,5,9,22,27,29,38,40,46,48,54,58,101,103" machi="5" ten="40,2600,0" yaku="1,1,2,1,53,0" doraHai="108" doraHaiUra="122" who="2" fromWho="0" sc="124,-26,342,0,331,36,193,0" owari="98,-40.0,342,14.0,367,47.0,193,-21.0" />
</Scene>
</mjloggm>