<mjloggm ver="2.3"><GO type="169" lobby="0"/><UN n0="%E3%81%99%E3%81%9A%E3%82%81%E3%82%AF%E3%83%AC%E3%82%A4%E3%82%B8%E3%83%BC" n1="%EF%BC%88%E2%88%AA%EF%BC%BE%CF%89%EF%BC%BE%29%E2%98%86" n2="%E6%9C%A8%E5%8E%9F%E6%B5%A9%E4%B8%80%E3%81%AF%E8%80%81%E3%81%91%E9%A1%94" n3="%62%75%67%79%61%77%69" dan="19,17,16,16" rate="2302.13,2180.81,2091.42,2134.08" sx="M,F,M,M"/><TAIKYOKU oya="0"/>

<Scene>
<INIT seed="0,0,0,4,3,42" ten="250,250,250,250" oya="0" hai0="124,19,119,23,59,112,99,90,29,87,3,44,88" hai1="13,98,113,89,121,18,71,1,102,110,45,4,11" hai2="95,12,49,72,50,86,77,79,73,8,31,54,40" hai3="55,74,114,129,61,5,7,111,24,38,101,128,63"/><T135/><D119/><U96/><E121/><V51/><F40/><W37/><G74/><T104/><D3/><U60/><E110/><V20/><F73/><W67/><G101/><T34/><D112/><U130/><E130/><V47/><F72/><W27/><G55/><T48/><D34/><U97/><E113/><V52/><F51/><W117/><G114/><T132/><D29/><U116/><E116/><V123/><F123/><W108/><REACH who="3" step="1"/><G117/><REACH who="3" ten="250,250,250,240" step="2"/><T115/><D115/><U78/><E102/><V75/><F75/><W15/><G15/><T106/><D124/><U2/><E2/><V127/><F127/><W84/><G84/><T122/><D122/><U134/><E1/><V22/><F12/><W120/><G120/><T36/><D99/><U118/><E118/><V9/><F86/><W39/><G39/><T56/><D36/><U32/><E98/><V66/><F66/><AGARI ba="0,1" hai="5,7,24,27,37,38,61,63,66,67,108,111,128,129" machi="66" ten="25,3200,0" yaku="1,1,22,2,53,0" doraHai="42" doraHaiUra="43" who="3" fromWho="2" sc="250,0,250,0,250,-32,240,42" />
</Scene>
<Scene>
<INIT seed="1,0,0,2,2,45" ten="250,250,218,282" oya="1" hai0="14,115,34,72,78,8,57,59,98,95,58,30,41" hai1="89,27,132,37,116,81,4,83,32,135,1,118,53" hai2="129,106,50,35,19,105,26,130,133,28,54,12,103" hai3="3,48,31,119,11,52,96,39,104,125,127,86,73"/><U10/><E37/><V131/><F133/><N who="1" m="51273" /><E89/><V128/><N who="2" m="32768" /><DORA hai="90" /><V121/><F103/><N who="3" m="62567" /><G73/><T87/><D72/><U126/><E126/><N who="3" m="48138" /><G39/><T108/><D108/><U2/><E2/><V5/><F5/><N who="3" m="1471" /><G86/><T6/><D115/><U9/><E9/><V111/><F121/><W69/><G69/><T20/><D34/><U117/><E53/><V70/><F70/><W123/><G123/><T51/><D30/><AGARI ba="0,0" hai="1,4,10,27,30,32,81,83,116,117,118" m="51273" machi="30" ten="40,2000,0" yaku="20,1" doraHai="45,90" who="1" fromWho="0" sc="250,-20,250,20,218,0,282,0" />
</Scene>
<Scene>
<INIT seed="1,1,0,1,4,106" ten="230,270,218,282" oya="1" hai0="112,134,113,98,108,77,104,92,38,7,90,69,1" hai1="67,125,73,12,131,119,52,70,91,56,93,6,17" hai2="82,10,11,87,132,114,40,50,47,37,39,44,128" hai3="121,135,111,55,25,62,66,61,16,83,45,54,107"/><U33/><E33/><V30/><F128/><W95/><G107/><T85/><D69/><U49/><E119/><V23/><F132/><W116/><G121/><T19/><D38/><U22/><E131/><V117/><F117/><W5/><G116/><T13/><D134/><U124/><E73/><V79/><F114/><W72/><G135/><T28/><D28/><U115/><E115/><V42/><REACH who="2" step="1"/><F50/><REACH who="2" ten="230,270,208,282" step="2"/><W122/><G122/><T60/><D112/><U120/><E120/><V97/><F97/><W63/><G111/><T8/><D108/><U32/><E32/><V99/><F99/><W127/><G127/><T89/><D113/><U34/><E34/><V71/><F71/><W75/><G66/><T133/><D133/><U20/><E67/><V41/><F41/><W26/><G63/><T29/><D60/><U123/><E70/><V105/><F105/><W36/><G62/><T130/><D104/><U27/><E123/><V0/><F0/><W129/><G61/><T59/><D1/><U2/><E2/><V88/><F88/><W102/><G129/><T96/><D90/><U3/><E3/><V109/><F109/><W100/><G100/><T43/><D43/><U65/><E65/><V110/><F110/><W14/><G102/><T21/><D130/><U31/><REACH who="1" step="1"/><E6/><REACH who="1" ten="230,260,208,282" step="2"/><V78/><F78/><W80/><G5/><N who="0" m="3215" /><D77/><U118/><E118/><V15/><F15/><W4/><G4/><T64/><D7/><U74/><E74/><V24/><AGARI ba="1,2" hai="10,11,23,24,30,37,39,40,42,44,47,79,82,87" machi="24" ten="30,4000,0" yaku="1,1,0,1,9,1,53,0" doraHai="106" doraHaiUra="84" who="2" fromWho="2" sc="230,-11,260,-21,208,63,282,-11" />
</Scene>
<Scene>
<INIT seed="2,0,0,1,5,26" ten="219,239,271,271" oya="2" hai0="75,3,107,135,33,109,112,7,8,22,9,5,28" hai1="125,41,36,133,38,10,55,18,102,128,131,53,46" hai2="50,71,72,56,124,115,17,110,97,37,45,24,16" hai3="62,4,121,77,2,98,60,40,73,134,29,79,118"/><V64/><F115/><W52/><G121/><T47/><D107/><U80/><E102/><V92/><F72/><W89/><G118/><T85/><D75/><U57/><E125/><V82/><F124/><W25/><G40/><T44/><D112/><U68/><E68/><V27/><F82/><W0/><G134/><T130/><D33/><U49/><E80/><V108/><F37/><N who="1" m="14441" /><E18/><N who="2" m="7275" /><F71/><W96/><G52/><N who="1" m="20042" /><E10/><V63/><F50/><W6/><G25/><T39/><D22/><U74/><E74/><V129/><F45/><W11/><G73/><T42/><D44/><U99/><E99/><V69/><F69/><W111/><G29/><T54/><D28/><U104/><E104/><V117/><F117/><W95/><G95/><T126/><D47/><U90/><E90/><N who="2" m="55447" /><F129/><N who="1" m="49737" /><E57/><V12/><F12/><W94/><G94/><T30/><D130/><U21/><E21/><V87/><F87/><W51/><G89/><T81/><D81/><U32/><E32/><V132/><F132/><AGARI ba="0,0" hai="41,46,49,132,133" m="49737,20042,14441" machi="132" ten="40,8000,1" yaku="19,1,34,2,54,1" doraHai="26" who="1" fromWho="2" sc="219,0,239,80,271,-80,271,0" />
</Scene>
<Scene>
<INIT seed="3,0,0,4,1,10" ten="219,319,191,271" oya="3" hai0="17,21,58,53,24,2,81,85,18,40,49,82,0" hai1="86,42,52,70,74,47,15,34,32,105,132,109,110" hai2="26,67,115,89,9,87,112,61,5,124,64,80,84" hai3="101,96,125,92,43,23,94,77,60,27,93,75,99"/><W37/><G125/><T29/><D2/><U122/><E74/><V56/><F124/><W30/><G94/><T48/><D0/><U91/><E70/><V123/><F123/><W121/><G121/><T1/><D1/><U130/><E105/><V73/><F73/><W31/><G31/><T14/><D18/><U41/><E122/><V114/><F26/><W131/><G131/><T38/><D38/><U16/><E132/><V36/><F36/><W46/><G60/><T13/><D81/><N who="1" m="49615" /><E130/><V7/><F67/><W8/><G75/><T20/><D40/><U3/><E3/><V68/><F68/><W71/><G71/><T83/><D83/><U116/><E116/><V126/><F126/><W103/><REACH who="3" step="1"/><G8/><REACH who="3" ten="219,319,191,261" step="2"/><T108/><D108/><N who="1" m="41579" /><E34/><V128/><F128/><W113/><G113/><T129/><D129/><U25/><E32/><V6/><REACH who="2" step="1"/><F87/><REACH who="2" ten="219,319,181,261" step="2"/><W28/><G28/><T111/><D111/><U127/><E127/><V90/><F90/><W55/><G55/><T59/><D85/><U65/><E65/><V134/><F134/><W45/><G45/><T120/><D120/><U54/><E42/><V44/><F44/><W76/><AGARI ba="0,2" hai="23,27,30,37,43,46,76,77,92,93,96,99,101,103" machi="76" ten="30,6000,0" yaku="1,1,0,1,9,1,53,0" doraHai="10" doraHaiUra="63" who="3" fromWho="3" sc="219,-20,319,-20,181,-20,261,80" />
</Scene>
<Scene>
<INIT seed="3,1,0,4,0,68" ten="199,299,161,341" oya="3" hai0="85,42,46,9,14,97,91,96,75,118,101,135,11" hai1="15,82,132,65,53,102,63,18,125,23,30,134,103" hai2="3,89,2,99,116,41,43,111,55,86,25,19,70" hai3="66,100,112,77,131,38,52,105,57,58,117,8,0"/><W33/><G117/><T106/><D135/><N who="1" m="51755" /><E125/><V27/><F70/><W93/><G105/><T88/><D75/><U4/><E53/><V47/><F99/><N who="3" m="59503" /><G38/><T39/><D118/><U49/><E49/><V107/><F107/><W48/><G33/><T32/><D32/><U67/><E67/><V51/><F116/><W114/><G0/><T61/><D61/><U126/><E126/><V110/><F3/><W80/><G114/><T62/><D62/><U113/><E113/><V79/><F79/><W31/><G112/><T76/><D97/><U64/><E64/><V92/><F2/><W50/><G131/><T60/><D60/><U94/><E82/><V34/><F27/><W74/><G74/><T124/><D124/><U16/><E30/><N who="2" m="19791" /><F19/><W130/><G31/><T36/><D36/><U40/><E4/><V78/><F78/><W21/><G66/><T1/><D1/><U22/><E40/><V87/><F87/><W109/><G130/><T54/><D54/><U56/><E94/><V71/><F71/><W24/><G80/><T128/><D128/><U29/><E29/><V123/><F123/><W6/><G52/><T13/><D76/><U108/><E108/><AGARI ba="1,0" hai="41,43,47,51,55,86,89,92,108,110,111" m="19791" machi="108" ten="30,1000,0" yaku="14,1" doraHai="68" who="2" fromWho="1" sc="199,0,299,-13,161,13,341,0" />
</Scene>
<Scene>
<INIT seed="4,0,0,2,5,72" ten="199,286,174,341" oya="0" hai0="56,127,39,16,89,81,54,125,33,109,79,31,131" hai1="133,103,52,98,2,126,27,113,14,104,84,71,119" hai2="12,95,101,9,105,60,93,7,120,49,45,106,77" hai3="1,13,22,111,88,40,53,83,48,135,114,92,42"/><T51/><D39/><U32/><E2/><V59/><F120/><W99/><G1/><T55/><D131/><U63/><E119/><V36/><F36/><W8/><G111/><T21/><D109/><U112/><E133/><V35/><F35/><W102/><G135/><T69/><D69/><U4/><E126/><N who="0" m="48137" /><D89/><U75/><E75/><V129/><F129/><W115/><G22/><T132/><D132/><U41/><E41/><V11/><F11/><W5/><G114/><N who="1" m="44138" /><E84/><V58/><F58/><N who="3" m="33063" /><G115/><T96/><D96/><U128/><E128/><V68/><F68/><W124/><G124/><T17/><D33/><U20/><E32/><V134/><F134/><W82/><G82/><T37/><D37/><U74/><E74/><V61/><F101/><W10/><G8/><T18/><D55/><U117/><E117/><V44/><F9/><W47/><G47/><T100/><D100/><U73/><E73/><V70/><F45/><W57/><G57/><T91/><D91/><U3/><E3/><V123/><F44/><W30/><G30/><T85/><D31/><N who="1" m="17895" /><E71/><V107/><F70/><W28/><G28/><T122/><D122/><U130/><E130/><V0/><F123/><W26/><G26/><AGARI ba="0,0" hai="16,17,18,21,26,51,54,56,79,81,85" m="48137" machi="26" ten="30,5800,0" yaku="18,1,52,1,54,1" doraHai="72" who="0" fromWho="3" sc="199,58,286,0,174,0,341,-58" />
</Scene>
<Scene>
<INIT seed="4,1,0,5,1,91" ten="257,286,174,283" oya="0" hai0="60,50,21,121,62,32,123,114,66,6,27,64,117" hai1="47,43,55,40,39,15,86,131,23,13,3,83,49" hai2="125,113,16,129,81,72,85,105,103,132,84,36,7" hai3="87,34,120,118,52,28,67,112,102,33,18,14,130"/><T97/><D117/><U30/><E3/><V119/><F36/><W53/><G118/><T93/><D32/><U79/><E131/><V89/><F119/><W82/><G130/><T127/><D6/><U63/><E63/><V8/><F129/><W25/><G112/><T0/><D114/><U56/><E40/><V4/><F113/><W5/><G5/><T2/><D50/><U54/><E54/><V68/><F68/><W31/><G102/><T41/><D41/><U9/><E9/><V126/><F72/><W134/><G134/><T111/><D127/><N who="2" m="48650" /><F132/><W12/><G120/><T98/><D27/><U108/><E108/><V37/><F37/><W65/><G33/><T24/><D24/><U104/><E104/><V115/><F84/><W75/><G75/><T42/><D42/><U133/><E133/><V88/><F89/><W80/><G34/><T61/><D61/><U71/><E71/><V10/><F10/><W124/><G124/><T92/><D21/><U51/><E39/><V110/><F110/><AGARI ba="1,0" hai="0,2,60,62,64,66,92,93,97,98,110,111,121,123" machi="110" ten="25,9600,0" yaku="22,2,52,2" doraHai="91" who="0" fromWho="2" sc="257,99,286,0,174,-99,283,0" />
</Scene>
<Scene>
<INIT seed="4,2,0,5,5,8" ten="356,286,75,283" oya="0" hai0="129,106,72,42,92,82,38,133,120,84,112,134,58" hai1="117,43,25,89,27,10,26,94,33,107,37,101,15" hai2="113,60,53,50,64,5,91,6,49,99,102,16,57" hai3="3,110,44,115,130,79,46,9,96,74,32,131,45"/><T121/><D38/><U103/><E117/><V65/><F113/><W40/><G115/><T93/><D42/><U52/><E33/><V81/><F50/><W59/><G32/><T29/><D112/><U132/><E132/><N who="0" m="50793" /><D72/><U127/><E127/><V109/><F109/><W51/><G110/><T68/><D68/><U23/><E23/><V17/><F65/><W128/><G96/><T63/><D29/><U21/><E21/><V100/><F81/><N who="3" m="45303" /><G59/><T69/><D69/><U2/><E2/><V20/><F91/><W34/><G34/><T19/><D106/><U62/><E107/><V90/><F90/><W54/><G54/><N who="0" m="34263" /><D19/><N who="1" m="8695" /><E43/><V98/><F17/><W14/><G3/><T105/><D129/><U41/><E41/><V31/><F31/><W135/><G135/><T18/><D18/><AGARI ba="2,0" hai="9,14,18,40,44,45,46,51,128,130,131" m="45303" machi="18" ten="30,2000,0" yaku="19,1,52,1" doraHai="8" who="3" fromWho="0" sc="356,-26,286,0,75,0,283,26" />
</Scene>
<Scene>
<INIT seed="5,0,0,1,1,46" ten="330,286,75,309" oya="1" hai0="44,37,108,12,4,19,127,130,73,43,104,92,120" hai1="103,64,24,6,45,33,51,101,17,135,125,99,21" hai2="53,95,124,114,72,93,23,29,32,87,84,38,3" hai3="15,40,48,126,0,71,41,16,110,98,81,11,5"/><U61/><E135/><V28/><F72/><W74/><G71/><T122/><D104/><U106/><E125/><V42/><F3/><W75/><G110/><T57/><D73/><U26/><E6/><V94/><F32/><W133/><G74/><T112/><D112/><U89/><E89/><V91/><F38/><W97/><G133/><T113/><D113/><U54/><E101/><V59/><F42/><W76/><G41/><T27/><D130/><U78/><E78/><V60/><F114/><W55/><G40/><T131/><D131/><U96/><E96/><V123/><F123/><W117/><G117/><T88/><D108/><U2/><E2/><V111/><F124/><W18/><G126/><T68/><D68/><U52/><E54/><V107/><F107/><W90/><G90/><T115/><D127/><U10/><E10/><V9/><F111/><W85/><G75/><T134/><D134/><U80/><E80/><V56/><F56/><N who="3" m="32871" /><G0/><T86/><D115/><U50/><E50/><V36/><F36/><W25/><G25/><T67/><D122/><U39/><E39/><V30/><F9/><W79/><G76/><T118/><D118/><U62/><REACH who="1" step="1"/><E64/><REACH who="1" ten="330,276,75,309" step="2"/><V22/><REACH who="2" step="1"/><F87/><REACH who="2" ten="330,276,65,309" step="2"/><W31/><G85/><T132/><D132/><U83/><E83/><AGARI ba="0,2" hai="22,23,28,29,30,53,59,60,83,84,91,93,94,95" machi="83" ten="40,5200,0" yaku="1,1,2,1,8,1,53,0" doraHai="46" doraHaiUra="13" who="2" fromWho="1" sc="330,0,276,-52,65,72,309,0" />
</Scene>
<Scene>
<INIT seed="6,0,0,5,5,57" ten="330,224,137,309" oya="2" hai0="98,19,62,47,99,65,4,37,76,84,67,7,44" hai1="104,45,36,21,94,134,6,12,124,131,119,5,42" hai2="63,78,115,26,51,23,88,100,132,43,25,10,82" hai3="102,41,56,48,106,110,127,69,128,3,120,13,59"/><V87/><F115/><W107/><G110/><T14/><D37/><U96/><E104/><V2/><F132/><W20/><G3/><T52/><D84/><U50/><E119/><V90/><F100/><W85/><G69/><T109/><D76/><U1/><E1/><V29/><F25/><W92/><G120/><T113/><D109/><U53/><E131/><V89/><F2/><W39/><G39/><T61/><D52/><U15/><E124/><V0/><F0/><W97/><G107/><T18/><D14/><N who="1" m="5163" /><E36/><V79/><F79/><W8/><G20/><T31/><D31/><U111/><E134/><V80/><F10/><W33/><G33/><T86/><D86/><U30/><E42/><V112/><F112/><AGARI ba="0,0" hai="4,7,18,19,44,47,61,62,65,67,98,99,112,113" machi="112" ten="25,6400,0" yaku="22,2,52,2" doraHai="57" who="0" fromWho="2" sc="330,64,224,0,137,-64,309,0" />
</Scene>
<Scene>
<INIT seed="7,0,0,4,3,103" ten="394,224,73,309" oya="3" hai0="40,14,121,54,25,70,50,52,11,131,10,110,71" hai1="112,116,75,46,64,88,48,79,42,38,47,93,130" hai2="41,123,58,62,34,82,30,127,21,86,102,118,45" hai3="16,22,67,18,78,133,113,132,101,13,53,80,5"/><W37/><G37/><T60/><D110/><U95/><E112/><V126/><F86/><N who="3" m="48407" /><G113/><T92/><D121/><U7/><E130/><V63/><F82/><W107/><G67/><T51/><D131/><U32/><E32/><V135/><F45/><W28/><G28/><T91/><D70/><U114/><E114/><V65/><F41/><W33/><G33/><T20/><D71/><U87/><E64/><V76/><F76/><W49/><G18/><N who="0" m="12439" /><D60/><U69/><E69/><V31/><F65/><W15/><G15/><T17/><D11/><U39/><E116/><V81/><F34/><W105/><G101/><T129/><D129/><U24/><E79/><V26/><F63/><W59/><G5/><T97/><D40/><U19/><E75/><V85/><F123/><W99/><G99/><T35/><D35/><U66/><E7/><V0/><F0/><W74/><G74/><T9/><D9/><U73/><E73/><V68/><F68/><W84/><G84/><T83/><D83/><U44/><E66/><V3/><F3/><W72/><G72/><T55/><AGARI ba="0,0" hai="10,14,17,50,51,52,54,55,91,92,97" m="12439" machi="55" ten="30,2000,0" yaku="8,1,54,1" doraHai="103" who="0" fromWho="0" sc="394,20,224,-5,73,-5,309,-10" owari="414,51.0,219,-18.0,68,-43.0,299,10.0" />
</Scene>
</mjloggm>