<mjloggm ver="2.3"><GO type="169" lobby="0"/><UN n0="%E2%98%86%6E%61%6F%E2%98%86" n1="%E3%81%99%E3%81%9A%E3%82%81%E3%82%AF%E3%83%AC%E3%82%A4%E3%82%B8%E3%83%BC" n2="%67%61%72%75%63%69%61" n3="%EF%BC%A4%EF%BC%B2%EF%BC%AF%EF%BC%B0" dan="16,19,16,16" rate="2037.44,2293.21,2138.88,2037.75" sx="F,M,M,M"/><TAIKYOKU oya="0"/>

<Scene>
<INIT seed="0,0,0,2,0,71" ten="250,250,250,250" oya="0" hai0="0,95,101,10,116,46,102,57,15,125,53,97,66" hai1="21,70,42,55,131,38,132,111,63,107,109,73,61" hai2="110,35,82,88,22,123,17,25,32,68,3,117,47" hai3="34,104,4,114,135,100,108,90,31,93,1,122,27"/><T6/><D116/><U77/><E107/><V129/><F123/><W86/><G114/><T51/><D125/><U103/><E103/><V72/><F68/><W134/><G108/><N who="1" m="41546" /><E77/><V75/><F110/><W45/><G122/><T49/><D0/><U40/><E73/><V85/><F117/><W11/><G104/><T7/><D66/><N who="1" m="41295" /><E21/><V28/><F3/><W60/><G100/><T50/><D101/><U81/><E81/><V106/><F106/><W62/><REACH who="3" step="1"/><G45/><REACH who="3" ten="250,250,250,240" step="2"/><T18/><REACH who="0" step="1"/><D46/><REACH who="0" ten="240,250,250,240" step="2"/><N who="1" m="23831" /><E131/><V56/><F129/><W5/><G5/><AGARI ba="0,2" hai="5,6,7,10,15,18,49,50,51,53,57,95,97,102" machi="5" ten="40,7700,0" yaku="1,1,8,1,53,1" doraHai="71" doraHaiUra="96" who="0" fromWho="3" sc="240,97,250,0,250,0,240,-77" />
</Scene>
<Scene>
<INIT seed="0,1,0,5,1,60" ten="337,250,250,163" oya="0" hai0="71,87,6,3,22,126,63,59,80,2,32,106,124" hai1="5,82,20,8,47,65,30,116,119,50,117,93,84" hai2="113,52,40,81,110,76,56,129,72,100,66,108,118" hai3="26,134,29,7,18,94,122,89,33,9,13,109,68"/><T91/><D71/><U55/><E93/><V127/><F113/><W107/><G109/><T85/><D106/><U1/><E30/><V25/><F127/><N who="0" m="48682" /><D32/><U123/><E123/><V62/><F129/><W69/><G107/><T99/><D99/><U28/><E28/><V41/><F118/><W10/><G134/><T88/><D6/><U42/><E20/><V130/><F130/><W39/><G39/><T77/><D22/><U78/><E65/><V120/><F120/><W11/><G122/><T43/><D43/><U135/><E135/><V114/><F114/><W83/><G83/><N who="0" m="49599" /><D77/><U97/><E97/><V61/><F25/><W14/><REACH who="3" step="1"/><G10/><REACH who="3" ten="337,250,250,153" step="2"/><T58/><D58/><U16/><E117/><V74/><F74/><W125/><G125/><T95/><D80/><U86/><E119/><V44/><F100/><W131/><G131/><T90/><D90/><U46/><E116/><V48/><REACH who="2" step="1"/><F40/><REACH who="2" ten="337,250,240,153" step="2"/><W112/><G112/><T98/><D87/><AGARI ba="1,2" hai="7,9,11,13,14,18,26,29,33,68,69,87,89,94" machi="87" ten="30,2000,0" yaku="1,1,7,1,53,0" doraHai="60" doraHaiUra="132" who="3" fromWho="0" sc="337,-23,250,0,240,0,153,43" />
</Scene>
<Scene>
<INIT seed="1,0,0,3,2,75" ten="314,250,240,196" oya="1" hai0="118,86,97,131,25,91,106,96,60,66,48,63,43" hai1="98,27,35,2,49,74,135,15,70,64,56,76,71" hai2="93,30,44,88,4,79,62,111,130,90,72,12,133" hai3="10,40,36,41,32,51,120,92,17,99,95,47,126"/><U132/><E2/><V26/><F111/><W87/><G120/><T69/><D118/><U38/><E38/><V105/><F105/><W24/><G126/><T22/><D131/><U65/><E98/><V73/><F130/><W82/><G32/><T1/><D1/><U6/><E6/><V21/><F133/><N who="1" m="51273" /><E15/><V58/><F90/><N who="3" m="55703" /><G95/><T80/><D106/><U100/><E100/><V11/><F44/><W94/><G94/><T14/><D14/><U29/><E49/><V28/><F79/><N who="3" m="46559" /><G36/><T121/><D121/><U7/><E7/><V57/><F57/><W3/><G3/><T107/><D107/><U31/><E31/><N who="2" m="17871" /><F72/><W89/><G89/><T23/><D96/><U83/><E56/><V134/><F73/><W123/><G123/><T108/><D97/><U101/><E101/><V68/><F68/><AGARI ba="0,0" hai="27,29,35,64,65,68,70,71,74,76,83" m="51273" machi="68" ten="30,2900,0" yaku="20,1,52,1" doraHai="75" who="1" fromWho="2" sc="314,0,250,29,240,-29,196,0" />
</Scene>
<Scene>
<INIT seed="1,1,0,3,0,11" ten="314,279,211,196" oya="1" hai0="96,74,127,31,17,83,82,107,133,112,81,20,99" hai1="56,44,63,34,25,60,7,52,3,64,1,106,128" hai2="38,116,121,101,24,62,135,65,118,89,9,8,59" hai3="125,66,91,85,120,76,51,86,97,108,80,28,32"/><U105/><E128/><V15/><F121/><W50/><G120/><T87/><D112/><U78/><E78/><V72/><F38/><W13/><G108/><T26/><D127/><U115/><E115/><V18/><F135/><W46/><G125/><T48/><D133/><U104/><E7/><V93/><F72/><W98/><G66/><T109/><D109/><U22/><E34/><V33/><F101/><W14/><G28/><T39/><D39/><U42/><E42/><V126/><F126/><W23/><G32/><T94/><D74/><U103/><E103/><V49/><F49/><W55/><G50/><T16/><D107/><U75/><E44/><V30/><REACH who="2" step="1"/><F8/><REACH who="2" ten="314,279,201,196" step="2"/><W113/><G113/><T37/><D48/><U123/><E75/><V43/><F43/><W131/><G131/><T6/><D37/><U95/><E123/><V21/><F21/><W119/><G23/><T77/><D6/><U134/><E134/><V88/><F88/><W53/><G119/><T36/><D36/><U10/><E10/><V2/><F2/><W92/><REACH who="3" step="1"/><G53/><REACH who="3" ten="314,279,201,186" step="2"/><T117/><D117/><U58/><E52/><V29/><F29/><W54/><G54/><T57/><D31/><U73/><E64/><V90/><F90/><W68/><G68/><T0/><D20/><U70/><E22/><V12/><F12/><AGARI ba="1,2" hai="12,13,14,46,51,55,76,80,85,86,91,92,97,98" machi="12" ten="40,12000,2" yaku="1,1,8,1,52,3,53,1" doraHai="11" doraHaiUra="79" who="3" fromWho="2" sc="314,0,279,0,201,-123,186,143" />
</Scene>
<Scene>
<INIT seed="2,0,0,1,0,54" ten="314,279,78,329" oya="2" hai0="92,26,79,11,113,40,85,61,5,33,56,123,34" hai1="86,32,30,127,88,25,121,4,104,135,37,41,97" hai2="65,126,132,35,8,28,103,83,20,67,43,18,58" hai3="68,128,53,101,1,51,125,106,48,129,21,91,70"/><V47/><F126/><W66/><G1/><T45/><D123/><U9/><E127/><V77/><F132/><W114/><G125/><T72/><D72/><U15/><E135/><V107/><F35/><W50/><G114/><T89/><D79/><U118/><E118/><V55/><F28/><W62/><G70/><T95/><D95/><U60/><E37/><V109/><F8/><W130/><G91/><T112/><D26/><U119/><E41/><V14/><F109/><W75/><G75/><T124/><D124/><U12/><E119/><V44/><F107/><W10/><G10/><T49/><D34/><U39/><E39/><V69/><F103/><W19/><G101/><T59/><D33/><U3/><E121/><V73/><F69/><W38/><G38/><T64/><REACH who="0" step="1"/><D59/><REACH who="0" ten="304,279,78,329" step="2"/><U78/><E78/><V115/><F115/><W16/><G106/><T96/><D96/><U42/><E97/><V116/><F116/><W87/><G87/><T27/><D27/><U71/><E104/><V82/><F82/><W98/><G98/><T133/><D133/><U57/><E71/><V6/><F83/><W80/><G80/><T46/><D46/><U99/><E99/><V63/><F77/><W94/><G94/><T36/><D36/><U7/><E25/><N who="2" m="14487" /><F73/><W17/><REACH who="3" step="1"/><G21/><REACH who="3" ten="304,279,78,319" step="2"/><T29/><D29/><U134/><E30/><V117/><F117/><W2/><G2/><AGARI ba="0,2" hai="2,5,11,40,45,49,56,61,64,85,89,92,112,113" machi="2" ten="30,3900,0" yaku="1,1,7,1,52,1,53,0" doraHai="54" doraHaiUra="105" who="0" fromWho="3" sc="304,59,279,0,78,0,319,-39" />
</Scene>
<Scene>
<INIT seed="3,0,0,2,1,89" ten="363,279,78,280" oya="3" hai0="65,16,118,48,122,9,126,29,77,17,110,83,107" hai1="44,30,84,93,3,94,5,64,121,35,97,12,31" hai2="92,82,57,75,1,62,33,24,88,124,34,67,8" hai3="25,73,4,108,22,37,69,98,6,10,95,47,74"/><W21/><G69/><T96/><D122/><U46/><E3/><V58/><F124/><W27/><G108/><T135/><D118/><U54/><E64/><V28/><F34/><W26/><G37/><T80/><D110/><U32/><E121/><V53/><F75/><W101/><G47/><T55/><D126/><U120/><E120/><V134/><F134/><W49/><G49/><T52/><D135/><U19/><E5/><V45/><F82/><W100/><G101/><T79/><D65/><U109/><E35/><V76/><F76/><N who="0" m="29258" /><D107/><U18/><E32/><V40/><F1/><W56/><G56/><N who="0" m="32775" /><D29/><N who="1" m="10763" /><E19/><N who="0" m="7241" /><D9/><N who="1" m="6415" /><E54/><V78/><F78/><W43/><G43/><T23/><D23/><U119/><E119/><V11/><F40/><W127/><G127/><T70/><D70/><U13/><E13/><V68/><F45/><W85/><G73/><T7/><D7/><N who="3" m="2601" /><G74/><T63/><D96/><U105/><E105/><V125/><F125/><W41/><G41/><T66/><D66/><U87/><E97/><V36/><F36/><W130/><G10/><T115/><D115/><U112/><E112/><V60/><F68/><W14/><G14/><T131/><D131/><U39/><E109/><V117/><F117/><W133/><G130/><T128/><D128/><U0/><E0/><V59/><F59/><AGARI ba="0,0" hai="55,59,63,80,83" m="7241,32775,29258" machi="59" ten="30,3900,0" yaku="8,1,54,2" doraHai="89" who="0" fromWho="2" sc="363,39,279,0,78,-39,280,0" />
</Scene>
<Scene>
<INIT seed="4,0,0,2,2,50" ten="402,279,39,280" oya="0" hai0="83,99,78,116,10,82,118,52,15,106,32,68,42" hai1="105,112,91,48,25,65,110,16,29,18,26,7,111" hai2="125,109,69,84,4,104,88,74,98,47,127,70,49" hai3="89,87,71,115,107,100,34,133,28,61,103,93,80"/><T60/><D32/><U62/><E105/><V97/><F74/><W27/><G115/><T3/><D3/><U66/><E7/><V73/><F73/><W21/><G133/><T126/><D126/><N who="2" m="48138" /><F109/><W37/><G37/><T134/><D134/><U92/><E112/><V59/><F59/><W19/><G107/><T64/><D42/><U72/><E72/><V77/><F77/><W43/><G43/><T85/><D82/><U117/><E117/><V14/><F104/><W131/><G131/><T120/><D120/><U132/><E132/><V6/><F6/><W36/><G36/><T41/><D41/><U0/><E0/><V38/><F38/><W24/><G71/><N who="2" m="27145" /><F14/><W58/><REACH who="3" step="1"/><G93/><REACH who="3" ten="402,279,39,270" step="2"/><T90/><D106/><U123/><E92/><N who="2" m="54279" /><F4/><W81/><G81/><T33/><D83/><U54/><E111/><V45/><F45/><W86/><G86/><T31/><D85/><U23/><E110/><V128/><F128/><W114/><G114/><T95/><D95/><U22/><E123/><V63/><F63/><W67/><AGARI ba="0,1" hai="19,21,24,27,28,34,58,61,67,80,87,89,100,103" machi="67" ten="20,2700,0" yaku="1,1,0,1,7,1,53,0" doraHai="50" doraHaiUra="94" who="3" fromWho="3" sc="402,-13,279,-7,39,-7,270,37" />
</Scene>
<Scene>
<INIT seed="5,0,0,2,5,6" ten="389,272,32,307" oya="1" hai0="24,43,120,34,88,124,52,129,105,118,5,92,67" hai1="17,8,119,35,27,98,37,93,104,20,79,2,0" hai2="1,14,89,78,110,38,131,9,23,66,101,106,60" hai3="81,102,47,70,132,63,82,71,85,100,31,125,96"/><U22/><E37/><V87/><F110/><W90/><G125/><T16/><D118/><U30/><E119/><V69/><F38/><W26/><G132/><T114/><D105/><U135/><E104/><V28/><F1/><W53/><G100/><T50/><D124/><U61/><E79/><V18/><F131/><W116/><G116/><T91/><D129/><U64/><E135/><V112/><F78/><W111/><G111/><T7/><D43/><U97/><E97/><V29/><F112/><W133/><G81/><T122/><D114/><U83/><E83/><V48/><F106/><W115/><G133/><T25/><D67/><U49/><E49/><V68/><F68/><W130/><G130/><T107/><D107/><U13/><E22/><V94/><F101/><W11/><G71/><T77/><D77/><U59/><REACH who="1" step="1"/><E35/><REACH who="1" ten="389,262,32,307" step="2"/><V21/><F21/><N who="3" m="15823" /><G82/><T40/><D34/><U54/><E54/><V44/><REACH who="2" step="1"/><F23/><REACH who="2" ten="389,262,22,307" step="2"/><W103/><G115/><T41/><D122/><U73/><E73/><V99/><F99/><W57/><G96/><T121/><D120/><U127/><E127/><V19/><F19/><W39/><G39/><T117/><D16/><U72/><E72/><V45/><F45/><W32/><G47/><T84/><D121/><U3/><E3/><V42/><AGARI ba="0,2" hai="9,14,18,28,29,42,44,48,60,66,69,87,89,94" machi="42" ten="20,5200,0" yaku="1,1,0,1,7,1,52,1,53,0" doraHai="6" doraHaiUra="109" who="2" fromWho="2" sc="389,-13,262,-26,22,72,307,-13" />
</Scene>
<Scene>
<INIT seed="6,0,0,1,1,8" ten="376,236,94,294" oya="2" hai0="95,16,55,108,104,106,14,82,41,48,31,46,25" hai1="128,84,105,23,57,77,9,19,61,51,94,65,22" hai2="2,74,81,43,79,114,29,126,103,118,11,125,60" hai3="30,116,97,72,40,34,96,70,32,111,119,68,36"/><V38/><F118/><W5/><G72/><T28/><D108/><U90/><E105/><V107/><F29/><W99/><G5/><T27/><D82/><U66/><E128/><V124/><F60/><W49/><G49/><N who="0" m="26831" /><D104/><U131/><E66/><V78/><F78/><W6/><G6/><T100/><D106/><U15/><E131/><V73/><F114/><W13/><G97/><N who="0" m="59455" /><D27/><U26/><E77/><V75/><F103/><W123/><G36/><T102/><D25/><U52/><REACH who="1" step="1"/><E26/><REACH who="1" ten="376,226,94,294" step="2"/><V134/><F107/><W1/><G116/><T24/><D24/><U127/><E127/><V4/><REACH who="2" step="1"/><F134/><REACH who="2" ten="376,226,84,294" step="2"/><W85/><G119/><T20/><D102/><U120/><E120/><V88/><F88/><W10/><G123/><T87/><D31/><U80/><E80/><V58/><F58/><AGARI ba="0,2" hai="9,15,19,22,23,51,52,57,58,61,65,84,90,94" machi="58" ten="30,8000,1" yaku="1,1,7,1,8,1,52,1,54,1,53,0" doraHai="8" doraHaiUra="64" who="1" fromWho="2" sc="376,0,226,100,84,-80,294,0" />
</Scene>
<Scene>
<INIT seed="7,0,0,3,5,91" ten="376,326,4,294" oya="3" hai0="110,58,100,99,119,32,89,126,94,24,123,8,107" hai1="80,61,128,106,72,56,115,93,15,65,85,54,44" hai2="16,113,87,68,20,118,127,27,45,121,17,102,13" hai3="60,124,103,120,12,111,5,134,30,9,81,76,133"/><W71/><G120/><T82/><D123/><U73/><E106/><V19/><F68/><W29/><G124/><T49/><D119/><U117/><E115/><V57/><F121/><W90/><G103/><T67/><D110/><U22/><E128/><V42/><F118/><W48/><G111/><T109/><D109/><U125/><E125/><V43/><F127/><W34/><G48/><T78/><D126/><U70/><E117/><V112/><F102/><W23/><G34/><T122/><D122/><U131/><E131/><V96/><F112/><W105/><G105/><T7/><D24/><U86/><E73/><V46/><F113/><W53/><G90/><T14/><D32/><U104/><E72/><V114/><F114/><W4/><G4/><T129/><D129/><U21/><E104/><V31/><F96/><W135/><G23/><N who="1" m="8714" /><E70/><V116/><F116/><W25/><G25/><T52/><D67/><U3/><E3/><V2/><F2/><W47/><G71/><T95/><D89/><N who="1" m="53431" /><E15/><V39/><F87/><AGARI ba="0,0" hai="7,8,14,49,52,58,78,82,87,94,95,99,100,107" machi="87" ten="30,7700,0" yaku="7,1,52,2,54,1" doraHai="91" who="0" fromWho="2" sc="376,77,326,0,4,-77,294,0" owari="453,55.0,326,13.0,-73,-57.0,294,-11.0" />
</Scene>
</mjloggm>