<mjloggm ver="2.3"><GO type="169" lobby="0"/><UN n0="%E3%81%99%E3%81%9A%E3%82%81%E3%82%AF%E3%83%AC%E3%82%A4%E3%82%B8%E3%83%BC" n1="%E3%83%89%E3%83%BC%E3%83%B3%E3%83%89" n2="%79%61%6D%61%61%70%71" n3="%E5%8D%8A%E3%82%AA%E3%82%AB%E3%83%AB%E3%83%88" dan="19,16,16,16" rate="2282.07,2080.41,2011.53,2025.02" sx="M,M,M,M"/><TAIKYOKU oya="0"/>

<Scene>
<INIT seed="0,0,0,1,5,47" ten="250,250,250,250" oya="0" hai0="1,58,106,27,35,61,63,60,54,117,40,90,25" hai1="105,28,11,107,8,109,89,21,44,84,99,93,23" hai2="133,42,5,85,128,22,78,18,132,87,129,135,95" hai3="91,81,124,38,16,97,82,3,115,103,7,56,134"/><T64/><D1/><U24/><E109/><V53/><F5/><W67/><G38/><T2/><D2/><U80/><E23/><V116/><F116/><W122/><G115/><T66/><D106/><U31/><E28/><V13/><F42/><W112/><G112/><T79/><D40/><U51/><E105/><V127/><F127/><W125/><G122/><T75/><D35/><U10/><E107/><V114/><F114/><W36/><G36/><T118/><D75/><U102/><REACH who="1" step="1"/><E10/><REACH who="1" ten="250,240,250,250" step="2"/><V68/><F22/><W32/><G125/><T52/><D118/><U72/><E72/><V96/><F132/><W48/><G134/><T49/><D117/><U62/><E62/><N who="0" m="24169" /><D79/><U26/><E26/><N who="0" m="9737" /><D90/><U88/><E88/><V30/><F78/><W39/><G91/><T20/><D20/><U55/><AGARI ba="0,1" hai="8,11,21,24,31,44,51,55,80,84,89,93,99,102" machi="55" ten="20,12000,2" yaku="1,1,0,1,7,1,8,1,52,1,53,1" doraHai="47" doraHaiUra="94" who="1" fromWho="1" sc="250,-60,240,130,250,-30,250,-30" />
</Scene>
<Scene>
<INIT seed="1,0,0,3,5,3" ten="190,370,220,220" oya="1" hai0="121,25,65,58,10,37,95,48,50,97,110,66,109" hai1="34,38,31,40,89,12,108,21,131,52,9,26,14" hai2="120,55,22,127,103,86,98,116,2,4,106,117,113" hai3="18,17,68,54,32,44,115,63,53,24,84,104,5"/><U129/><E38/><V1/><F120/><W102/><G115/><T135/><D25/><U78/><E78/><V19/><F113/><W132/><G132/><T134/><D37/><U100/><E100/><V61/><F127/><W130/><G130/><N who="1" m="49674" /><E40/><V42/><F42/><W70/><G102/><T107/><D10/><U59/><E108/><N who="0" m="41577" /><D95/><U20/><E89/><V79/><F79/><W92/><G24/><T49/><D97/><U80/><E80/><V83/><F83/><W35/><G92/><T67/><D107/><U72/><E72/><V96/><F86/><W46/><G84/><T90/><D90/><U69/><E69/><V133/><F98/><W85/><G85/><T45/><D121/><U33/><E21/><V0/><F22/><W93/><G93/><T122/><D122/><U41/><E41/><V27/><F96/><W111/><G111/><T74/><D74/><U16/><E14/><V126/><F103/><W64/><G104/><T11/><D11/><U57/><E57/><V47/><F106/><W112/><G112/><T6/><D45/><U118/><E118/><V114/><F47/><W124/><G124/><T125/><D125/><U82/><E82/><V128/><F126/><W15/><G15/><T101/><D101/><U56/><E56/><N who="2" m="34975" /><F114/><W77/><G77/><T36/><D58/><U23/><E33/><V99/><F128/><W105/><G105/><T29/><D36/><U88/><E88/><V76/><F76/><W8/><G68/><T39/><D39/><U51/><AGARI ba="0,0" hai="9,12,16,20,23,26,31,34,51,52,59" m="49674" machi="51" ten="30,6000,0" yaku="19,1,54,2" doraHai="3" who="1" fromWho="1" sc="190,-20,370,60,220,-20,220,-20" />
</Scene>
<Scene>
<INIT seed="1,1,0,0,0,94" ten="170,430,200,200" oya="1" hai0="66,60,75,62,82,100,92,4,132,10,61,59,130" hai1="20,36,91,122,89,123,41,34,26,15,128,51,11" hai2="95,21,79,86,96,5,99,119,104,46,49,88,45" hai3="38,65,1,33,77,106,2,80,135,72,13,0,22"/><U29/><E36/><V64/><F119/><W63/><G33/><T40/><D130/><U97/><E128/><V8/><F64/><W90/><G106/><T69/><D132/><U117/><E117/><V124/><F124/><W126/><G38/><T110/><D110/><U31/><E31/><V112/><F112/><W35/><G35/><T52/><D40/><U125/><E125/><V44/><F21/><W18/><G126/><T53/><D75/><U43/><E34/><V101/><F79/><W68/><G135/><T74/><D74/><U30/><E29/><V121/><F121/><W93/><REACH who="3" step="1"/><G0/><REACH who="3" ten="170,430,200,190" step="2"/><T118/><D118/><U87/><E123/><V73/><F73/><W116/><G116/><T3/><D82/><U67/><E122/><V115/><F115/><W54/><G54/><T107/><D107/><U81/><E67/><V78/><F78/><W58/><G58/><T114/><D114/><U9/><E43/><V42/><F86/><AGARI ba="1,1" hai="1,2,13,18,22,63,65,68,72,77,80,86,90,93" machi="86" ten="30,3900,0" yaku="1,1,7,1,53,1" doraHai="94" doraHaiUra="17" who="3" fromWho="2" sc="170,0,430,0,200,-42,190,52" />
</Scene>
<Scene>
<INIT seed="2,0,0,5,0,18" ten="170,430,158,242" oya="2" hai0="126,8,26,100,39,69,57,121,124,9,125,11,117" hai1="60,6,61,118,114,135,29,134,104,78,108,14,109" hai2="84,80,128,77,41,10,20,94,54,70,33,56,96" hai3="31,71,107,131,101,46,65,49,13,0,42,75,50"/><V102/><F33/><W24/><G0/><T89/><D69/><U12/><E104/><V116/><F116/><W112/><G75/><T43/><D100/><U27/><E78/><V47/><F128/><W81/><G131/><T19/><D39/><U98/><E98/><V21/><F10/><W45/><G112/><T93/><D43/><U97/><E97/><V38/><REACH who="2" step="1"/><F70/><REACH who="2" ten="170,430,148,242" step="2"/><W55/><G71/><T36/><D117/><U99/><E118/><V22/><F22/><W32/><G32/><T68/><D68/><U37/><E114/><V5/><F5/><W34/><G34/><T85/><D121/><U7/><E6/><V66/><F66/><W103/><G65/><T59/><D36/><U3/><E7/><V79/><F79/><W91/><G107/><T15/><D26/><U64/><E27/><V73/><F73/><W113/><G113/><T76/><D76/><U106/><E37/><V111/><F111/><W130/><G130/><T44/><D11/><U67/><E106/><V92/><F92/><W62/><G24/><T105/><D8/><U40/><E108/><V28/><F28/><W4/><G31/><T95/><D93/><U53/><E29/><V82/><F82/><W133/><G4/><T72/><D105/><U16/><E109/><V2/><F2/><W30/><G30/><T83/><D83/><U132/><E3/><V48/><AGARI ba="0,1" hai="20,21,38,41,47,48,54,56,77,80,84,94,96,102" machi="48" ten="20,12000,1" yaku="1,1,0,1,7,1,52,2,53,0" doraHai="18" doraHaiUra="122" who="2" fromWho="2" sc="170,-40,430,-40,148,130,242,-40" />
</Scene>
<Scene>
<INIT seed="2,1,0,1,3,82" ten="130,390,278,202" oya="2" hai0="1,64,89,110,80,126,52,50,120,117,4,129,131" hai1="97,8,124,28,18,118,81,96,30,29,92,84,5" hai2="22,54,70,13,99,119,77,11,12,0,132,85,67" hai3="106,25,135,127,33,9,112,123,113,133,94,103,101"/><V57/><F119/><W51/><G106/><T41/><D120/><U55/><E124/><V3/><F70/><W115/><G123/><T27/><D126/><U87/><E5/><V63/><F132/><N who="3" m="50763" /><G127/><T7/><D117/><U48/><E118/><V91/><F0/><W90/><G9/><T40/><D64/><U20/><E8/><V2/><F2/><W42/><G42/><N who="0" m="16491" /><D27/><N who="1" m="14743" /><E81/><N who="2" m="47279" /><F3/><W16/><G51/><T72/><D110/><U68/><E68/><V74/><F74/><W75/><G75/><T66/><D66/><U108/><E108/><V39/><F39/><W125/><G125/><T62/><D62/><U73/><E73/><V102/><F67/><W93/><G93/><T79/><D89/><N who="1" m="55311" /><E97/><V34/><F102/><W32/><G32/><T69/><D69/><U15/><E15/><V60/><F34/><W109/><G109/><T14/><D14/><U134/><E134/><V95/><F13/><W31/><G16/><T43/><D1/><U71/><E71/><V38/><F38/><W121/><G121/><T19/><D19/><U107/><E107/><V88/><F60/><W86/><AGARI ba="1,0" hai="25,31,33,86,90,94,101,103,112,113,115" m="50763" machi="86" ten="40,5200,0" yaku="11,1,20,1,52,1" doraHai="82" who="3" fromWho="3" sc="130,-14,390,-14,278,-27,202,55" />
</Scene>
<Scene>
<INIT seed="3,0,0,0,0,55" ten="116,376,251,257" oya="3" hai0="82,58,25,27,134,63,79,43,67,60,75,1,50" hai1="36,125,71,103,53,31,132,116,35,94,91,122,114" hai2="118,5,0,123,127,34,9,85,97,66,18,81,15" hai3="20,102,104,107,130,14,10,77,68,26,90,73,3"/><W133/><G3/><T86/><D134/><U124/><E103/><V39/><F118/><W83/><G68/><T11/><D75/><U42/><E122/><V87/><F39/><W51/><G133/><T37/><D37/><U101/><E101/><V47/><F127/><N who="1" m="48713" /><E71/><V84/><F34/><W95/><G102/><T129/><D129/><U44/><E31/><V92/><F66/><W4/><G130/><T110/><D110/><U113/><E35/><V117/><F117/><W33/><G33/><T78/><D78/><U12/><E12/><V112/><F112/><W65/><G65/><T40/><D11/><U45/><E116/><V72/><F15/><W70/><G51/><T109/><D109/><U96/><E132/><V56/><F0/><W88/><G70/><T13/><D13/><U74/><E74/><V2/><F72/><W120/><G120/><T8/><D8/><U59/><E45/><V21/><F47/><W41/><G41/><T76/><D76/><U80/><E80/><V30/><F81/><W61/><G61/><AGARI ba="0,0" hai="36,42,44,53,59,61,91,94,96,113,114" m="48713" machi="61" ten="30,2000,0" yaku="18,1,52,1" doraHai="55" who="1" fromWho="3" sc="116,0,376,20,251,0,257,-20" />
</Scene>
<Scene>
<INIT seed="4,0,0,3,3,58" ten="116,396,251,237" oya="0" hai0="116,30,2,53,99,107,101,112,31,102,115,80,82" hai1="62,42,70,128,48,64,26,66,56,28,33,121,87" hai2="114,68,88,130,134,13,35,34,9,45,63,69,21" hai3="77,110,125,36,98,27,129,6,11,22,83,84,135"/><T15/><D2/><U67/><E121/><V44/><F114/><N who="0" m="43562" /><D116/><U97/><E128/><V85/><F130/><W54/><G129/><T1/><D1/><U117/><E117/><V119/><F119/><W4/><G36/><T20/><D102/><U14/><E87/><V103/><F103/><W39/><G39/><T23/><D53/><U133/><E133/><V10/><F134/><W38/><G38/><T37/><D37/><U109/><E109/><V47/><F21/><N who="0" m="8266" /><D15/><U86/><E14/><V75/><F13/><W120/><G110/><T113/><N who="0" m="43570" /><T65/><DORA hai="50" /><D65/><U131/><E131/><V106/><F35/><W8/><G54/><T105/><D105/><U49/><E42/><V118/><F106/><W52/><G52/><T90/><D90/><U91/><E97/><V71/><F34/><W78/><G135/><T96/><D96/><U94/><REACH who="1" step="1"/><E70/><REACH who="1" ten="116,386,251,237" step="2"/><V57/><F118/><W18/><G98/><T16/><D16/><U89/><E89/><V59/><F88/><W3/><G18/><T73/><D73/><U7/><E7/><V76/><F75/><W19/><G4/><T104/><D104/><U132/><E132/><V61/><F71/><W123/><G6/><T93/><D107/><U46/><E46/><V55/><F47/><W32/><G3/><T43/><D43/><U111/><E111/><V79/><F85/><W0/><G84/><T92/><D92/><U81/><E81/><AGARI ba="0,1" hai="30,31,80,81,82,93,99,101" m="8266,43570" machi="81" ten="40,2000,0" yaku="15,1" doraHai="58,50" who="0" fromWho="1" sc="116,30,386,-20,251,0,237,0" />
</Scene>
<Scene>
<INIT seed="4,1,0,1,4,9" ten="146,366,251,237" oya="0" hai0="42,73,128,125,49,113,28,99,58,29,91,71,6" hai1="17,7,106,110,55,15,51,52,63,69,33,98,118" hai2="59,66,44,26,38,47,105,129,92,23,53,46,11" hai3="119,65,134,22,89,107,14,115,126,20,100,117,104"/><T94/><D71/><U64/><E110/><V90/><F105/><W12/><G89/><T67/><D73/><U8/><E33/><V108/><F108/><W21/><G65/><T56/><D113/><U32/><E32/><V114/><F114/><W37/><G115/><T40/><D128/><U45/><E118/><V79/><F79/><W96/><G37/><T86/><D6/><U84/><E84/><V124/><F124/><W72/><G72/><T75/><D75/><U103/><E17/><V121/><F121/><W81/><G81/><T85/><D125/><U133/><E133/><V0/><F38/><W131/><G126/><T74/><D74/><U101/><E103/><V10/><F66/><W102/><G22/><T48/><D67/><U78/><E78/><V80/><F80/><W68/><G68/><T60/><D60/><U135/><E135/><V41/><F41/><AGARI ba="1,0" hai="7,8,15,41,45,51,52,55,63,64,69,98,101,106" machi="41" ten="30,3900,0" yaku="7,1,52,1,54,1" doraHai="9" who="1" fromWho="2" sc="146,0,366,42,251,-42,237,0" />
</Scene>
<Scene>
<INIT seed="5,0,0,0,5,46" ten="146,408,209,237" oya="1" hai0="50,111,123,97,114,81,128,54,32,41,103,95,122" hai1="71,57,74,78,135,49,8,2,67,112,26,121,20" hai2="30,84,73,17,60,75,118,115,65,130,83,5,6" hai3="11,105,7,76,19,117,98,55,53,91,92,61,23"/><U86/><E71/><V80/><F118/><W99/><G117/><T12/><D111/><U48/><E74/><V64/><F130/><W132/><G76/><T10/><D128/><U21/><E2/><V58/><F30/><W37/><G37/><T52/><D32/><U87/><E8/><V24/><F115/><W47/><G132/><T79/><D114/><U34/><E112/><V56/><F84/><N who="1" m="32297" /><E34/><V134/><F134/><W43/><G99/><T68/><D68/><U59/><E78/><V14/><F24/><W27/><G105/><T109/><D109/><U108/><E21/><V82/><F73/><W119/><G119/><T110/><D110/><U42/><E108/><V51/><F75/><W69/><G61/><T124/><D124/><U1/><E1/><V72/><F72/><W36/><G69/><T70/><D70/><U133/><E42/><V18/><F14/><AGARI ba="0,0" hai="7,11,14,19,23,27,36,43,47,53,55,91,92,98" machi="14" ten="30,1000,0" yaku="7,1" doraHai="46" who="3" fromWho="2" sc="146,0,408,0,209,-10,237,10" />
</Scene>
<Scene>
<INIT seed="6,0,0,4,5,24" ten="146,408,199,247" oya="2" hai0="55,67,126,21,132,64,68,49,31,121,125,87,128" hai1="10,26,93,130,53,83,4,50,11,33,15,110,40" hai2="27,46,106,102,78,108,41,134,54,107,101,39,116" hai3="25,74,124,5,89,79,6,8,7,81,80,98,115"/><V23/><F116/><W117/><G117/><T65/><D87/><U133/><E40/><V57/><F134/><W45/><G124/><N who="0" m="47723" /><D21/><U70/><E83/><V96/><F78/><W119/><G119/><T17/><D17/><U86/><E110/><V127/><F127/><W16/><G115/><T72/><D72/><U92/><E70/><V52/><F108/><W76/><G45/><N who="0" m="28079" /><D31/><U123/><E26/><V36/><F36/><W135/><G135/><T131/><D132/><U105/><E33/><V13/><F13/><W12/><G25/><T118/><D118/><U90/><E105/><V66/><F66/><N who="0" m="25706" /><D121/><U1/><E123/><V20/><F20/><W62/><G62/><AGARI ba="0,0" hai="62,67,68,128,131" m="25706,28079,47723" machi="62" ten="30,3900,0" yaku="18,1,34,2" doraHai="24" who="0" fromWho="3" sc="146,39,408,0,199,0,247,-39" />
</Scene>
<Scene>
<INIT seed="7,0,0,5,2,28" ten="185,408,199,208" oya="3" hai0="71,55,47,6,128,10,103,38,131,105,73,93,22" hai1="45,111,11,25,68,80,70,95,112,115,53,106,40" hai2="21,62,49,120,13,69,7,108,57,104,15,118,64" hai3="116,88,48,8,121,65,42,34,77,86,1,3,4"/><W87/><G121/><T17/><D71/><U35/><E106/><V83/><F108/><W0/><G116/><T9/><D105/><U32/><E25/><V114/><F114/><N who="1" m="43561" /><E53/><V66/><F104/><W37/><G65/><T58/><D73/><U63/><E95/><V107/><F107/><W91/><G34/><N who="1" m="12842" /><E63/><V51/><F62/><W102/><G42/><N who="0" m="22999" /><D6/><U54/><E54/><V94/><F7/><W16/><G4/><T31/><D31/><U2/><E80/><V135/><F83/><W5/><G0/><T133/><D93/><U27/><E27/><V92/><F94/><W98/><G1/><T12/><D103/><U84/><E84/><V109/><F92/><W41/><G102/><T89/><D89/><U101/><E101/><V127/><F109/><W134/><G88/><T130/><D133/><U85/><E85/><V24/><F135/><W117/><G91/><T36/><D36/><N who="1" m="21639" /><E111/><V43/><F24/><W39/><G87/><T30/><D30/><U96/><E96/><V81/><F81/><W129/><G98/><T23/><D23/><U59/><E59/><V74/><F57/><W29/><G29/><T82/><D82/><U90/><E90/><V44/><F21/><W79/><G134/><T26/><D26/><U19/><E19/><V119/><F119/><W78/><G117/><T50/><AGARI ba="0,0" hai="9,10,12,17,22,50,55,58,128,130,131" m="22999" machi="50" ten="30,1100,0" yaku="19,1" doraHai="28" who="0" fromWho="0" sc="185,11,408,-3,199,-3,208,-5" owari="196,-20.0,405,50.0,196,-30.0,203,0.0" />
</Scene>
</mjloggm>