<mjloggm ver="2.3"><GO type="169" lobby="0"/><UN n0="%E3%82%B8%E3%83%A3%E3%82%B9%E3%82%BF%E3%82%A6%E3%82%A7%E3%82%A4" n1="%E3%81%99%E3%81%9A%E3%82%81%E3%82%AF%E3%83%AC%E3%82%A4%E3%82%B8%E3%83%BC" n2="%E9%81%8A%E8%B5%B0" n3="%66%65%65%73" dan="16,19,16,16" rate="2112.80,2279.16,2125.52,2054.41" sx="M,M,F,M"/><TAIKYOKU oya="0"/>

<Scene>
<INIT seed="0,0,0,2,3,15" ten="250,250,250,250" oya="0" hai0="118,101,80,35,44,24,67,107,62,102,85,91,112" hai1="124,104,30,93,115,34,45,82,126,31,70,68,42" hai2="1,121,69,74,28,103,117,94,100,16,119,105,52" hai3="131,9,65,77,36,47,7,79,122,132,90,50,134"/><T4/><D112/><U127/><E104/><V12/><F121/><W55/><G122/><T10/><D118/><N who="2" m="45066" /><F105/><W133/><G131/><T40/><D107/><U88/><E82/><V32/><F1/><W130/><G130/><T17/><D35/><U59/><E59/><V8/><F74/><W71/><G36/><T98/><D98/><U14/><E115/><V33/><F69/><N who="1" m="26729" /><E34/><N who="2" m="13419" /><F28/><W5/><G5/><T66/><D4/><U3/><E3/><V41/><F41/><W39/><G39/><T63/><D63/><U0/><E0/><V26/><F26/><W86/><G65/><N who="0" m="24587" /><D62/><U64/><E14/><V96/><F52/><W87/><G71/><T48/><D24/><U78/><E78/><N who="3" m="29706" /><G90/><AGARI ba="0,0" hai="8,12,16,90,94,96,100,103" m="13419,45066" machi="90" ten="30,3900,0" yaku="12,1,52,1,54,1" doraHai="15" who="2" fromWho="3" sc="250,0,250,0,250,39,250,-39" />
</Scene>
<Scene>
<INIT seed="1,0,0,1,3,78" ten="250,250,289,211" oya="1" hai0="39,128,29,88,65,48,68,45,122,120,125,26,71" hai1="106,76,5,97,42,66,77,80,56,121,38,124,44" hai2="67,35,118,87,82,127,53,18,51,101,19,100,126" hai3="72,15,34,60,130,3,52,27,135,98,12,116,33"/><U123/><E124/><N who="2" m="47659" /><F118/><W129/><G3/><T62/><D125/><U84/><E5/><V81/><F35/><W54/><G116/><T49/><D128/><N who="3" m="49257" /><G72/><T28/><D28/><U85/><E66/><V0/><F0/><W58/><G135/><T79/><D79/><U108/><E108/><V13/><F67/><N who="3" m="39319" /><G98/><T64/><D88/><U104/><E56/><N who="2" m="32831" /><F19/><W23/><G34/><T117/><D117/><U9/><E9/><N who="2" m="6447" /><F87/><W131/><N who="3" m="49265" /><W8/><DORA hai="2" /><G33/><T10/><D10/><U75/><E75/><V94/><F94/><W22/><G12/><T59/><D26/><U119/><E119/><V50/><F50/><N who="0" m="19562" /><D29/><U105/><E97/><V57/><F57/><W96/><G96/><T25/><D25/><U32/><E32/><V31/><F31/><N who="3" m="17911" /><G23/><T6/><D68/><U113/><E113/><V133/><F133/><W46/><G46/><T63/><D6/><AGARI ba="0,0" hai="6,8,15,52,54" m="17911,39319,49265" machi="6" ten="40,5200,0" yaku="19,1,52,1,54,1" doraHai="78,2" who="3" fromWho="0" sc="250,-52,250,0,289,0,211,52" />
</Scene>
<Scene>
<INIT seed="2,0,0,3,1,118" ten="198,250,289,263" oya="2" hai0="93,86,91,132,130,117,40,66,44,111,123,77,98" hai1="116,56,46,55,101,30,0,38,15,81,36,100,14" hai2="11,70,1,94,115,63,21,62,52,67,129,85,127" hai3="37,79,89,64,74,12,135,82,97,47,10,33,58"/><V24/><F115/><W128/><G33/><T84/><D117/><U99/><E0/><V57/><F127/><W71/><G71/><T113/><D113/><U54/><E30/><V107/><F107/><W133/><G64/><T131/><D132/><N who="3" m="50761" /><G58/><T16/><D66/><U50/><E116/><V35/><F35/><W23/><G23/><T78/><D111/><U31/><E31/><V22/><F129/><N who="0" m="49162" /><D44/><U34/><E34/><V109/><F109/><W4/><G97/><T73/><D40/><U88/><E38/><V59/><F70/><W9/><G89/><T125/><D16/><U110/><E36/><V114/><F114/><W53/><G128/><T2/><D2/><U20/><E20/><V92/><F22/><W69/><G69/><T104/><D125/><U72/><E110/><V45/><F45/><W8/><G53/><T122/><D104/><U134/><E134/><V68/><F68/><W42/><AGARI ba="0,0" hai="4,8,9,10,12,37,42,47,74,79,82" m="50761" machi="42" ten="30,1100,0" yaku="20,1" doraHai="118" who="3" fromWho="3" sc="198,-3,250,-3,289,-5,263,11" />
</Scene>
<Scene>
<INIT seed="3,0,0,2,1,117" ten="195,247,284,274" oya="3" hai0="15,130,123,109,55,64,120,126,74,99,44,58,87" hai1="133,50,76,7,86,59,88,68,108,122,8,62,135" hai2="51,39,90,16,4,5,2,78,47,41,104,27,70" hai3="95,29,80,60,19,75,22,82,131,107,40,34,71"/><W63/><G107/><T52/><D74/><U30/><E30/><V12/><F104/><W53/><G34/><T103/><D109/><U96/><E96/><V81/><F70/><W115/><G29/><T94/><D130/><U110/><E50/><V25/><F90/><W24/><G115/><T32/><D126/><U61/><E76/><V6/><F2/><W83/><G40/><T35/><D35/><U28/><E28/><V79/><F39/><W89/><G75/><T97/><D32/><U21/><E21/><V72/><REACH who="2" step="1"/><F79/><REACH who="2" ten="195,247,274,274" step="2"/><W36/><G36/><T129/><D129/><U57/><E68/><V132/><F132/><W26/><G71/><T125/><D125/><U46/><E88/><V37/><F37/><W17/><G131/><T77/><D77/><U65/><E135/><V124/><F124/><W85/><REACH who="3" step="1"/><G53/><REACH who="3" ten="195,247,274,264" step="2"/><T102/><D55/><N who="1" m="33983" /><E133/><V128/><F128/><W45/><G45/><T93/><D44/><U0/><E46/><V1/><F1/><W18/><G18/><T100/><D52/><U118/><E0/><V54/><F54/><W105/><G105/><T84/><D64/><U11/><E65/><V48/><F48/><W43/><G43/><T92/><D58/><U112/><E59/><V42/><F42/><W116/><G116/><T66/><D66/><U114/><E118/><V10/><AGARI ba="0,2" hai="4,5,6,10,12,16,25,27,41,47,51,72,78,81" machi="10" ten="30,4000,0" yaku="1,1,0,1,54,1,53,0" doraHai="117" doraHaiUra="121" who="2" fromWho="2" sc="195,-10,247,-10,274,60,264,-20" />
</Scene>
<Scene>
<INIT seed="4,0,0,1,4,64" ten="185,237,334,244" oya="0" hai0="36,108,56,63,107,42,62,45,122,47,85,15,77" hai1="123,87,103,112,96,40,121,89,43,84,97,109,54" hai2="49,8,38,29,128,44,125,106,9,28,134,50,104" hai3="58,22,99,127,91,37,119,67,101,135,118,129,39"/><T19/><D107/><U60/><E109/><V57/><F57/><W130/><G91/><T76/><D122/><U27/><E112/><V113/><F113/><W92/><G135/><T111/><D47/><U33/><E89/><V30/><F38/><N who="3" m="14347" /><G127/><T115/><D115/><U66/><E54/><V69/><F125/><W81/><G22/><T3/><D3/><U61/><E66/><V131/><F44/><W133/><G81/><T21/><D62/><U72/><E72/><V79/><F79/><W95/><G95/><T1/><D1/><U83/><E83/><V14/><F14/><W74/><G74/><T52/><REACH who="0" step="1"/><D85/><REACH who="0" ten="175,237,334,244" step="2"/><U88/><E84/><V132/><F104/><W20/><G133/><T65/><D65/><U4/><E87/><V35/><F106/><W25/><G119/><T71/><D71/><U55/><E61/><V2/><F2/><W48/><G118/><T17/><D17/><U53/><E60/><V68/><F30/><N who="3" m="17703" /><G67/><T116/><D116/><U12/><E123/><V90/><F90/><W41/><G130/><T98/><D98/><U126/><E96/><V59/><F59/><W124/><G58/><T16/><D16/><U70/><E97/><V24/><F29/><W73/><G129/><N who="2" m="49737" /><F134/><W18/><G18/><T80/><D80/><U51/><E88/><V34/><F132/><W94/><G73/><T105/><D105/><U75/><E75/><V7/><F69/><W26/><G124/><T86/><D86/><U11/><E126/><V5/><F68/><W110/><G94/><T114/><D114/><U31/><E70/><V46/><F46/><RYUUKYOKU ba="0,1" sc="175,30,237,-10,334,-10,244,-10" hai0="15,19,21,36,42,45,52,56,63,76,77,108,111" />
</Scene>
<Scene>
<INIT seed="4,1,1,4,3,33" ten="205,227,324,234" oya="0" hai0="120,84,51,95,59,37,75,86,2,55,66,27,43" hai1="36,108,100,12,106,29,121,124,118,5,122,128,69" hai2="44,19,119,83,111,87,49,56,41,101,6,0,78" hai3="61,65,18,45,64,8,11,17,40,107,113,133,30"/><T25/><D75/><U22/><E100/><V16/><F111/><W74/><G74/><T26/><D120/><U117/><E106/><V109/><F109/><W135/><G107/><T103/><D2/><U68/><E36/><V91/><F101/><W34/><G34/><T81/><D66/><N who="3" m="25705" /><G30/><T85/><D37/><U54/><E54/><V46/><F56/><W70/><G70/><T93/><D43/><U130/><E108/><V39/><F119/><N who="1" m="45577" /><E68/><V102/><F102/><W126/><G61/><T80/><REACH who="0" step="1"/><D103/><REACH who="0" ten="195,227,324,234" step="2"/><U88/><E121/><V97/><F0/><W13/><G135/><T92/><AGARI ba="1,2" hai="25,26,27,51,55,59,80,81,84,85,86,92,93,95" machi="92" ten="40,24000,3" yaku="1,1,2,1,0,1,29,2,8,1,53,3" doraHai="33" doraHaiUra="23" who="0" fromWho="0" sc="195,263,227,-81,324,-81,234,-81" />
</Scene>
<Scene>
<INIT seed="4,2,0,0,2,126" ten="458,146,243,153" oya="0" hai0="55,50,38,8,93,124,15,29,65,85,63,86,117" hai1="115,95,133,28,42,108,19,47,20,45,25,66,34" hai2="10,110,106,60,26,83,122,94,71,21,116,1,84" hai3="78,87,121,2,36,68,41,90,23,130,13,72,49"/><T114/><D117/><U40/><E108/><V118/><F122/><W109/><G109/><T43/><D114/><U39/><E133/><V31/><F106/><W107/><G2/><T76/><D29/><U46/><E115/><V12/><F110/><W61/><G36/><T64/><D124/><U52/><E66/><V69/><F1/><W134/><G107/><T97/><D43/><U11/><E11/><V74/><F94/><W73/><G121/><T75/><D38/><U3/><E3/><V81/><F74/><W33/><G33/><T96/><D96/><U79/><E79/><N who="2" m="46143" /><F60/><W6/><G78/><T0/><D0/><U58/><E95/><V102/><F102/><W70/><G70/><T128/><D75/><U24/><REACH who="1" step="1"/><E42/><REACH who="1" ten="458,136,243,153" step="2"/><V104/><F104/><W35/><G41/><T80/><D64/><U51/><AGARI ba="2,1" hai="19,20,24,25,28,34,39,40,45,46,47,51,52,58" machi="51" ten="20,8000,1" yaku="1,1,2,1,0,1,7,1,54,1,53,0" doraHai="126" doraHaiUra="119" who="1" fromWho="1" sc="458,-42,136,96,243,-22,153,-22" />
</Scene>
<Scene>
<INIT seed="5,0,0,3,4,89" ten="416,232,221,131" oya="1" hai0="41,105,42,82,94,87,77,13,62,75,6,17,44" hai1="37,70,113,69,130,50,61,8,109,36,30,65,72" hai2="0,34,24,16,98,123,71,135,79,114,27,66,3" hai3="102,43,31,11,92,76,5,131,63,127,38,51,111"/><U29/><E72/><V60/><F123/><W117/><G111/><T18/><D105/><U112/><E109/><V97/><F135/><W20/><G38/><N who="1" m="14954" /><E8/><V67/><F79/><W58/><G76/><T86/><D75/><U116/><E116/><V10/><F114/><N who="1" m="44137" /><E130/><V26/><F34/><W133/><G131/><T120/><D120/><U39/><E39/><V95/><F67/><W128/><G128/><T4/><D4/><U108/><E108/><V64/><F98/><N who="3" m="59719" /><G127/><T91/><D62/><U9/><E70/><V40/><F40/><W14/><G43/><T122/><D122/><U104/><E104/><V121/><F66/><N who="3" m="39287" /><G133/><T78/><D78/><U118/><E118/><V48/><F121/><W32/><G32/><T73/><D73/><U59/><E9/><V12/><REACH who="2" step="1"/><F48/><REACH who="2" ten="416,232,211,131" step="2"/><W124/><G117/><T88/><D77/><U99/><E99/><V52/><F52/><AGARI ba="0,1" hai="29,30,50,52,59,61,65,69" m="44137,14954" machi="52" ten="30,2900,0" yaku="15,1,54,1" doraHai="89" who="1" fromWho="2" sc="416,0,232,39,211,-29,131,0" />
</Scene>
<Scene>
<INIT seed="5,1,0,1,1,107" ten="416,271,182,131" oya="1" hai0="4,71,115,133,2,72,82,53,62,112,120,98,129" hai1="55,101,33,40,10,73,52,41,50,126,39,102,63" hai2="27,44,37,110,18,91,116,29,51,48,21,121,111" hai3="31,131,128,130,19,117,20,99,100,69,7,124,76"/><U5/><E33/><V68/><F121/><W119/><G69/><T125/><D120/><U103/><E39/><V87/><F116/><W122/><G122/><T80/><D129/><U32/><E32/><V46/><F68/><W88/><G31/><T26/><D133/><U95/><E73/><V49/><F37/><W54/><G76/><T79/><D125/><U123/><E126/><V13/><F110/><W105/><G124/><T118/><D118/><U74/><E74/><V114/><F114/><W36/><G7/><T3/><D26/><U35/><E35/><V132/><F132/><W47/><G88/><T11/><D82/><U22/><E22/><V135/><F135/><W70/><G70/><T58/><D71/><U42/><E63/><V134/><F134/><W127/><G127/><T94/><REACH who="0" step="1"/><D3/><REACH who="0" ten="406,271,182,131" step="2"/><U17/><E123/><V30/><F111/><W96/><G119/><T83/><D83/><U65/><E95/><N who="2" m="54783" /><F29/><W113/><G117/><T75/><D75/><U43/><E65/><V25/><F27/><N who="3" m="14751" /><G113/><T84/><D84/><U64/><E64/><V6/><F30/><W57/><G130/><T60/><D60/><U34/><E34/><V23/><F23/><W104/><G131/><T81/><D81/><U90/><E10/><AGARI ba="1,1" hai="6,10,13,18,21,25,44,46,48,49,51" m="54783" machi="10" ten="30,1000,0" yaku="8,1" doraHai="107" who="2" fromWho="1" sc="406,0,271,-13,182,23,131,0" />
</Scene>
<Scene>
<INIT seed="6,0,0,3,1,2" ten="406,258,205,131" oya="2" hai0="117,31,135,121,125,35,57,114,50,68,17,92,90" hai1="131,97,124,37,113,1,87,119,104,98,76,9,96" hai2="41,130,99,55,111,26,88,106,74,69,10,95,58" hai3="105,85,38,18,89,59,70,60,48,65,120,28,84"/><V52/><F69/><W73/><G73/><T127/><D121/><U63/><E37/><V47/><F130/><W77/><G120/><T64/><D114/><U103/><E124/><V36/><F74/><W54/><G105/><T126/><D135/><U132/><E119/><V24/><F111/><W80/><G28/><T72/><D72/><U79/><E63/><V56/><F106/><W25/><G25/><N who="0" m="18927" /><D117/><U11/><E97/><V133/><F133/><W112/><G18/><T34/><D34/><U6/><E98/><V15/><F58/><W82/><REACH who="3" step="1"/><G38/><REACH who="3" ten="406,258,205,121" step="2"/><T109/><D17/><U30/><E104/><V83/><F26/><W22/><G22/><T49/><D109/><U21/><E21/><V115/><F24/><W0/><G0/><T71/><D127/><U45/><E1/><V81/><F115/><AGARI ba="0,1" hai="48,54,59,60,65,70,77,80,82,84,85,89,112,115" machi="115" ten="40,1300,0" yaku="1,1,53,0" doraHai="2" doraHaiUra="8" who="3" fromWho="2" sc="406,0,258,0,205,-13,121,23" />
</Scene>
<Scene>
<INIT seed="7,0,0,0,4,106" ten="406,258,192,144" oya="3" hai0="32,80,97,25,27,126,3,39,93,78,111,67,33" hai1="66,95,119,90,82,65,44,61,69,20,72,50,129" hai2="128,12,5,17,31,0,116,81,134,122,4,56,16" hai3="83,87,75,54,70,63,104,15,57,88,18,52,48"/><W10/><G104/><T76/><D111/><U124/><E129/><V98/><F116/><W23/><G75/><T102/><D3/><U103/><E66/><V30/><F128/><W115/><G115/><T2/><D2/><U112/><E124/><V38/><F38/><W74/><G74/><T6/><D6/><U135/><E135/><V118/><F118/><W37/><G37/><T62/><D39/><U96/><E112/><V60/><F134/><W47/><G70/><T7/><D7/><N who="2" m="2634" /><F0/><W84/><G84/><T68/><D126/><U28/><E20/><AGARI ba="0,0" hai="10,15,18,20,23,47,48,52,54,57,63,83,87,88" machi="20" ten="40,12000,1" yaku="25,2,8,1,54,2" doraHai="106" who="3" fromWho="1" sc="406,0,258,-120,192,0,144,120" />
</Scene>
<Scene>
<INIT seed="7,1,0,1,4,60" ten="406,138,192,264" oya="3" hai0="14,59,84,0,53,61,7,1,130,44,24,66,71" hai1="21,117,23,99,34,52,30,124,49,29,100,47,15" hai2="38,116,134,94,22,17,26,28,18,115,82,103,105" hai3="102,133,9,8,4,75,27,40,56,123,19,95,51"/><W120/><G75/><T93/><D130/><U121/><E121/><V63/><F116/><W119/><G119/><T16/><D7/><U73/><E124/><V37/><F105/><W113/><G102/><T85/><D44/><U91/><E73/><V104/><F104/><W92/><G92/><T31/><D85/><U110/><E110/><V80/><F134/><W89/><G133/><T74/><D74/><U86/><E117/><V33/><F115/><W32/><G32/><T3/><D31/><U98/><E34/><V55/><F38/><W5/><G113/><T90/><D24/><U83/><E99/><N who="2" m="59895" /><F33/><W67/><G19/><N who="2" m="7177" /><F37/><W81/><G27/><T20/><D0/><U111/><E111/><V41/><F41/><W131/><G40/><T107/><D107/><U118/><E118/><V13/><F13/><W57/><G131/><T45/><D45/><U65/><E65/><V78/><F78/><W132/><G67/><T12/><D12/><U69/><E69/><V48/><F63/><AGARI ba="1,0" hai="1,3,14,16,20,53,59,61,63,66,71,84,90,93" machi="63" ten="30,3900,0" yaku="7,1,52,1,54,1" doraHai="60" who="0" fromWho="2" sc="406,42,138,0,192,-42,264,0" owari="448,55.0,138,-36.0,150,-25.0,264,6.0" />
</Scene>
</mjloggm>