<mjloggm ver="2.3"><GO type="169" lobby="0"/><UN n0="%E6%99%AE%E8%B3%A2" n1="%E8%AA%B2%E9%95%B7%E8%A6%96%E9%87%8E%E7%8B%AD%E7%AA%84" n2="%64%6F%6D%65%73%75%31%36" n3="%E3%81%99%E3%81%9A%E3%82%81%E3%82%AF%E3%83%AC%E3%82%A4%E3%82%B8%E3%83%BC" dan="16,17,16,19" rate="2151.43,2196.62,2156.44,2286.73" sx="F,M,M,M"/><TAIKYOKU oya="0"/>

<Scene>
<INIT seed="0,0,0,5,2,22" ten="250,250,250,250" oya="0" hai0="67,85,16,71,113,39,50,115,8,26,135,18,130" hai1="25,7,89,23,126,2,83,119,63,116,30,55,4" hai2="27,14,24,38,131,92,124,35,32,20,3,65,81" hai3="34,56,94,70,60,40,31,79,21,54,43,118,36"/><T76/><D39/><U88/><E2/><V48/><F38/><W10/><G118/><T49/><D135/><U59/><E119/><V78/><F3/><W114/><G34/><T17/><D130/><U123/><E116/><V80/><F131/><W122/><G70/><T117/><D117/><U111/><E123/><V0/><F0/><W133/><G133/><T29/><D8/><U112/><E111/><V37/><F37/><W134/><G36/><T12/><D12/><U108/><E108/><V74/><F124/><W28/><G114/><T107/><D107/><U15/><E126/><V52/><F65/><W44/><G79/><T121/><D121/><U86/><E112/><V97/><F81/><W33/><G31/><T93/><D115/><U102/><E102/><V41/><F41/><W129/><G33/><T51/><D113/><U1/><E1/><V100/><F14/><W13/><G122/><T68/><D67/><U110/><E110/><V127/><F27/><N who="3" m="16495" /><G44/><T46/><D46/><U98/><E15/><V58/><REACH who="2" step="1"/><F127/><REACH who="2" ten="250,250,240,250" step="2"/><W57/><G129/><T19/><N who="0" m="4096" /><DORA hai="99" /><T105/><D26/><U64/><E64/><V61/><F61/><N who="3" m="35991" /><G134/><T69/><D29/><AGARI ba="0,1" hai="20,24,29,32,35,48,52,58,74,78,80,92,97,100" machi="29" ten="30,12000,2" yaku="1,1,7,1,52,2,54,1,53,1" doraHai="22,99" doraHaiUra="104,132" who="2" fromWho="0" sc="250,-120,250,0,240,130,250,0" />
</Scene>
<Scene>
<INIT seed="1,0,0,4,1,98" ten="130,250,370,250" oya="1" hai0="7,109,87,110,60,35,54,64,86,113,101,48,94" hai1="58,81,129,41,71,92,15,130,0,42,6,83,116" hai2="119,45,52,90,31,34,22,59,36,88,47,80,108" hai3="75,82,104,13,24,68,2,63,133,122,128,32,91"/><U61/><E71/><V70/><F70/><W132/><G13/><T118/><D118/><U84/><E0/><V135/><F119/><W9/><G91/><T28/><D7/><U38/><E38/><V57/><F34/><W30/><G128/><N who="1" m="49258" /><E92/><V55/><F36/><W19/><G19/><T56/><D113/><U124/><E124/><V99/><F135/><W37/><G37/><T8/><D8/><N who="1" m="4503" /><E116/><V4/><F4/><N who="3" m="1175" /><G122/><T53/><D53/><N who="1" m="33999" /><E83/><V126/><F126/><W33/><G33/><T21/><D35/><U127/><E127/><V131/><F131/><W14/><G14/><T49/><D49/><U95/><E95/><V76/><F99/><W96/><G96/><N who="0" m="59543" /><D110/><U29/><E29/><V77/><F108/><W27/><G27/><N who="0" m="16495" /><D109/><U121/><E121/><V102/><F80/><W43/><G132/><T72/><D72/><U18/><E18/><V66/><F31/><W25/><G25/><T65/><D65/><U5/><E5/><V1/><F66/><N who="3" m="41055" /><G133/><T114/><D114/><U20/><E20/><V123/><F1/><W134/><G134/><T111/><D111/><U40/><E81/><V26/><F22/><W103/><G82/><T11/><D11/><U78/><E78/><V93/><F93/><W62/><G30/><T73/><D73/><U120/><E120/><V74/><F74/><W51/><G75/><T100/><D100/><U50/><E50/><V16/><F123/><W46/><G32/><T97/><D97/><U39/><E39/><V10/><F102/><W106/><G103/><T69/><D69/><U23/><E23/><V12/><F76/><RYUUKYOKU ba="0,0" sc="130,15,250,15,370,-15,250,-15" hai0="48,54,56,60,64,86,87" hai1="40,41,42,84" />
</Scene>
<Scene>
<INIT seed="1,1,0,0,2,20" ten="145,265,355,235" oya="1" hai0="91,98,36,78,111,106,94,79,13,115,34,4,48" hai1="77,38,22,76,113,66,84,131,119,110,1,44,89" hai2="18,134,0,118,26,41,35,32,53,30,81,8,33" hai3="55,21,25,27,132,9,100,105,56,101,31,80,71"/><U86/><E1/><V46/><F118/><W123/><G71/><T10/><D36/><U99/><E66/><V120/><F120/><W14/><G132/><T128/><D115/><U126/><E38/><V2/><F134/><W108/><G108/><T102/><D111/><U40/><E110/><V43/><F53/><W92/><G105/><T23/><D34/><U109/><E109/><V117/><F117/><W49/><G123/><T64/><D128/><U133/><E119/><V58/><F58/><W59/><G80/><T17/><D64/><U45/><E40/><V114/><F114/><W51/><G27/><T116/><D48/><U112/><E133/><V7/><F2/><W54/><G92/><T28/><D28/><U5/><E131/><V6/><F6/><AGARI ba="1,0" hai="6,9,14,21,25,31,49,51,54,55,56,59,100,101" machi="6" ten="30,7700,0" yaku="7,1,9,1,8,1,52,1" doraHai="20" who="3" fromWho="2" sc="145,0,265,0,355,-80,235,80" />
</Scene>
<Scene>
<INIT seed="2,0,0,3,5,84" ten="145,265,275,315" oya="2" hai0="128,98,48,105,111,119,83,40,135,104,94,118,4" hai1="70,32,76,77,6,103,1,14,42,85,38,43,92" hai2="96,9,93,58,5,116,71,50,2,112,47,20,41" hai3="28,60,109,18,86,124,61,25,78,100,110,127,19"/><V23/><F71/><W108/><G100/><T24/><D111/><U102/><E70/><V117/><F112/><W27/><G78/><T95/><D83/><U68/><E68/><V89/><REACH who="2" step="1"/><F58/><REACH who="2" ten="145,265,265,315" step="2"/><W8/><G109/><T10/><D119/><AGARI ba="0,1" hai="2,5,9,20,23,41,47,50,89,93,96,116,117,119" machi="119" ten="40,7700,0" yaku="1,1,2,1,52,1,53,0" doraHai="84" doraHaiUra="107" who="2" fromWho="0" sc="145,-77,265,0,265,87,315,0" />
</Scene>
<Scene>
<INIT seed="2,1,0,3,1,102" ten="68,265,352,315" oya="2" hai0="75,6,7,25,49,53,69,51,39,71,15,34,100" hai1="89,111,104,73,60,126,124,41,108,78,44,77,118" hai2="58,103,96,109,93,92,114,134,3,94,22,0,128" hai3="12,119,131,26,112,50,76,91,67,83,48,35,88"/><V123/><F123/><W87/><G119/><T95/><D75/><U133/><E60/><V110/><F114/><W33/><G112/><T70/><D39/><U105/><E118/><V66/><F128/><W57/><G33/><T122/><D122/><U9/><E133/><V116/><F116/><W130/><G35/><T90/><D100/><U30/><E30/><V10/><F134/><W36/><G36/><T86/><D49/><N who="3" m="19049" /><G26/><T81/><D81/><N who="1" m="45231" /><E78/><V107/><F22/><W18/><G131/><T101/><D101/><U8/><E89/><V97/><F97/><W63/><G130/><T16/><D25/><U84/><E84/><V98/><F98/><W19/><G19/><T132/><D34/><U106/><E44/><V37/><F37/><W27/><G27/><T24/><D24/><U1/><E41/><V29/><F29/><W129/><G129/><T54/><D132/><U99/><E99/><V65/><F10/><AGARI ba="1,0" hai="10,12,18,57,63,67,76,83,87,88,91" m="19049" machi="10" ten="30,2000,0" yaku="8,1,54,1" doraHai="102" who="3" fromWho="2" sc="68,0,265,0,352,-23,315,23" />
</Scene>
<Scene>
<INIT seed="3,0,0,3,2,106" ten="68,265,329,338" oya="3" hai0="121,47,114,15,86,89,69,8,34,55,20,131,39" hai1="14,42,73,26,71,6,7,29,21,104,28,132,60" hai2="126,116,100,90,127,22,63,133,118,12,18,97,48" hai3="32,112,91,27,44,5,64,95,33,122,76,88,135"/><W0/><G122/><T10/><D121/><U13/><E104/><V128/><F128/><W105/><G105/><T53/><D34/><U1/><E42/><V40/><F133/><W38/><G135/><T61/><D131/><U72/><E132/><V25/><F90/><W77/><G64/><T74/><D114/><U43/><E43/><V41/><F63/><W66/><G66/><T54/><D74/><U19/><E71/><V92/><F41/><W4/><G27/><T58/><D69/><U84/><E60/><V134/><F134/><W117/><G0/><T120/><D120/><U36/><E36/><V50/><F40/><W82/><G117/><N who="2" m="45161" /><F25/><W111/><G95/><N who="0" m="54711" /><D39/><U109/><E84/><V59/><F59/><W123/><G38/><T9/><D47/><U3/><E26/><V129/><F129/><W130/><G123/><T23/><D15/><U24/><E24/><V11/><F11/><N who="0" m="2818" /><T46/><DORA hai="107" /><D46/><U52/><E21/><AGARI ba="0,0" hai="20,21,23,53,54,55,58,61" m="2818,54711" machi="21" ten="30,1000,0" yaku="8,1" doraHai="106,107" who="0" fromWho="1" sc="68,10,265,-10,329,0,338,0" />
</Scene>
<Scene>
<INIT seed="4,0,0,2,2,15" ten="78,255,329,338" oya="0" hai0="113,25,4,3,114,7,111,1,98,88,60,54,61" hai1="131,52,109,14,112,59,48,42,68,91,103,93,73" hai2="38,67,83,10,2,74,82,110,124,32,37,49,116" hai3="84,35,9,26,0,65,94,75,70,80,30,8,121"/><T40/><D40/><U13/><E109/><V85/><F32/><W18/><G121/><T22/><D111/><U106/><E68/><V122/><F67/><W118/><G75/><T33/><D33/><U55/><E73/><V115/><F85/><W51/><G94/><N who="0" m="56647" /><D1/><U47/><E131/><V20/><F20/><W36/><G36/><T99/><D99/><U92/><E106/><V19/><F49/><W66/><G70/><T50/><D50/><U43/><E112/><N who="0" m="43113" /><D3/><U96/><E43/><V77/><F115/><W28/><G51/><T6/><D54/><U107/><E107/><V21/><F110/><W89/><G118/><T90/><D90/><U86/><REACH who="1" step="1"/><E55/><REACH who="1" ten="78,245,329,338" step="2"/><V64/><F116/><W117/><G117/><T78/><D78/><U46/><E46/><V95/><F77/><W17/><G66/><T63/><D63/><AGARI ba="0,1" hai="13,14,42,47,48,52,59,63,86,91,92,93,96,103" machi="63" ten="30,7700,0" yaku="1,1,7,1,8,1,54,1,53,0" doraHai="15" doraHaiUra="62" who="1" fromWho="0" sc="78,-77,245,87,329,0,338,0" />
</Scene>
<Scene>
<INIT seed="5,0,0,4,0,126" ten="1,332,329,338" oya="1" hai0="20,87,116,30,70,117,110,41,103,59,28,9,25" hai1="79,45,47,19,132,101,89,122,104,60,32,127,93" hai2="44,119,3,2,46,95,51,123,67,5,94,125,107" hai3="108,29,131,42,88,84,26,85,13,56,17,16,40"/><U76/><BYE who="0" /><E32/><V8/><F107/><W15/><G131/><T129/><D129/><U31/><E122/><V21/><F123/><W0/><G0/><T50/><D50/><U66/><E31/><V38/><F119/><W73/><G73/><T92/><D92/><U86/><E127/><V63/><F125/><W120/><G108/><T55/><D55/><U49/><E132/><V109/><F3/><W78/><G120/><T112/><D112/><U130/><E130/><V18/><F109/><W105/><G105/><T57/><D57/><N who="1" m="37135" /><E104/><V128/><F38/><W52/><G78/><N who="1" m="29738" /><E101/><V77/><F77/><W4/><G4/><T53/><D53/><N who="1" m="29871" /><E47/><V10/><F10/><W124/><G124/><T64/><D64/><U102/><E102/><V14/><F128/><W98/><G98/><T69/><D69/><U68/><E68/><V7/><F7/><W90/><G29/><T36/><D36/><U35/><E35/><V33/><F33/><W83/><G56/><T62/><D62/><U113/><E113/><V118/><F118/><W100/><G100/><T6/><D6/><U65/><E65/><V54/><REACH who="2" step="1"/><F46/><REACH who="2" ten="1,332,319,338" step="2"/><W81/><G52/><T115/><D115/><U134/><E134/><V106/><F106/><W11/><G11/><T27/><D27/><AGARI ba="0,1" hai="13,15,16,17,26,27,40,42,81,83,84,85,88,90" machi="27" ten="25,8000,1" yaku="22,2,8,1,54,2" doraHai="126" who="3" fromWho="0" sc="1,-80,332,0,319,0,338,90" owari="-79,-58.0,332,13.0,319,-8.0,428,53.0" />
</Scene>
</mjloggm>