<mjloggm ver="2.3"><GO type="169" lobby="0"/><UN n0="%72%30%33%31%30" n1="%68%72%6B%69%6E%67" n2="%E3%81%99%E3%81%9A%E3%82%81%E3%82%AF%E3%83%AC%E3%82%A4%E3%82%B8%E3%83%BC" n3="%4D%40%53%4F" dan="17,16,19,16" rate="2132.65,2117.93,2308.37,2003.42" sx="M,M,M,M"/><TAIKYOKU oya="0"/>

<Scene>
<INIT seed="0,0,0,2,0,93" ten="250,250,250,250" oya="0" hai0="9,74,99,69,92,62,45,30,6,57,72,60,28" hai1="127,95,81,39,10,118,90,103,128,2,56,24,70" hai2="21,64,43,76,7,75,100,130,108,27,20,25,131" hai3="49,132,48,17,85,53,97,12,109,115,55,91,106"/><T3/><D45/><U40/><E70/><V83/><F64/><W16/><G115/><T46/><D69/><U84/><E118/><V67/><F67/><W58/><G109/><T59/><D46/><U19/><E127/><V5/><F43/><W52/><G132/><T124/><D124/><U14/><E128/><N who="2" m="49195" /><F100/><W63/><G106/><T87/><D87/><U44/><E2/><V77/><F77/><W135/><G135/><T120/><D120/><U126/><E126/><V104/><F104/><W11/><G97/><T47/><D47/><U26/><E56/><V112/><F108/><W33/><G17/><T0/><D0/><U78/><REACH who="1" step="1"/><E103/><REACH who="1" ten="250,240,250,250" step="2"/><V98/><F112/><W15/><G33/><T23/><D59/><U31/><E31/><V125/><F125/><W50/><REACH who="3" step="1"/><G12/><REACH who="3" ten="250,240,250,240" step="2"/><T65/><D30/><U73/><AGARI ba="0,2" hai="10,14,19,24,26,39,40,44,73,78,81,84,90,95" machi="73" ten="20,5200,0" yaku="1,1,0,1,7,1,53,1" doraHai="93" doraHaiUra="42" who="1" fromWho="1" sc="250,-26,240,72,250,-13,240,-13" />
</Scene>
<Scene>
<INIT seed="1,0,0,3,4,69" ten="224,312,237,227" oya="1" hai0="59,25,27,120,32,51,89,82,46,38,39,88,117" hai1="52,109,87,1,2,21,24,72,34,83,23,106,104" hai2="8,129,125,119,132,110,12,128,122,4,9,115,76" hai3="94,68,70,29,100,43,14,101,40,17,36,86,53"/><U49/><E72/><V127/><F76/><W90/><G29/><T7/><D117/><U92/><E92/><V103/><F119/><W118/><G118/><T78/><D7/><U48/><E34/><V20/><F103/><W102/><G43/><T28/><D59/><U107/><E109/><V93/><F93/><W10/><REACH who="3" step="1"/><G53/><REACH who="3" ten="224,312,237,217" step="2"/><T113/><D113/><U5/><E5/><N who="2" m="3087" /><F115/><W131/><G131/><N who="2" m="50249" /><F110/><W30/><G30/><T133/><D133/><U13/><E13/><N who="2" m="5287" /><F122/><W85/><G85/><T124/><D120/><U95/><E95/><V58/><F58/><W64/><G64/><T66/><D66/><U112/><E112/><V50/><F50/><W54/><G54/><T56/><D56/><U79/><E49/><V11/><F11/><W71/><G71/><T74/><D25/><U57/><REACH who="1" step="1"/><E24/><REACH who="1" ten="224,302,237,217" step="2"/><V126/><F20/><AGARI ba="0,2" hai="1,2,20,21,23,48,52,57,79,83,87,104,106,107" machi="20" ten="40,18000,2" yaku="1,1,2,1,54,1,53,3" doraHai="69" doraHaiUra="19" who="1" fromWho="2" sc="224,0,302,200,237,-180,217,0" />
</Scene>
<Scene>
<INIT seed="1,1,0,1,3,40" ten="224,502,57,217" oya="1" hai0="38,31,96,30,4,37,32,116,66,6,131,48,122" hai1="1,7,43,76,78,57,23,118,28,101,135,72,5" hai2="64,113,14,68,124,3,44,121,35,10,20,129,120" hai3="114,49,22,42,54,102,29,112,24,127,85,123,117"/><U75/><E118/><V34/><F68/><W52/><G123/><T62/><D116/><U19/><E135/><V67/><F113/><W81/><G117/><T119/><D119/><U18/><E101/><V17/><F67/><W70/><G70/><T55/><D96/><U12/><E28/><V73/><F73/><W47/><G127/><T115/><D115/><U94/><E94/><V69/><F64/><W107/><G114/><T86/><D86/><U65/><E43/><V106/><F69/><W58/><G112/><T71/><D131/><U91/><E91/><V92/><F92/><W88/><REACH who="3" step="1"/><G58/><REACH who="3" ten="224,502,57,207" step="2"/><T2/><D122/><U39/><E57/><V87/><F124/><W80/><G80/><T11/><D6/><U83/><E5/><V53/><F121/><W100/><G100/><T108/><D108/><U15/><E7/><V84/><F120/><W59/><G59/><T56/><D32/><U82/><E1/><V27/><F35/><W60/><G60/><T13/><D2/><U9/><E65/><V95/><F34/><W45/><G45/><T21/><D71/><U79/><E79/><V50/><F3/><W74/><G74/><T126/><D126/><U134/><E134/><V103/><F129/><W61/><G61/><T105/><D66/><U130/><E130/><V125/><F125/><W16/><G16/><T8/><D62/><U51/><E39/><V77/><F77/><W93/><G93/><T89/><D38/><U25/><E51/><V110/><F95/><W36/><G36/><T111/><D37/><U0/><E0/><V128/><F128/><RYUUKYOKU ba="1,1" sc="224,-15,502,15,57,-15,207,15" hai1="9,12,15,18,19,23,25,72,75,76,78,82,83" hai3="22,24,29,42,47,49,52,54,81,85,88,102,107" />
</Scene>
<Scene>
<INIT seed="1,2,1,1,1,1" ten="209,517,42,222" oya="1" hai0="27,5,12,86,107,82,113,131,83,116,31,58,41" hai1="71,126,109,47,65,54,100,121,101,118,130,104,3" hai2="66,11,50,69,75,23,135,18,87,29,36,2,21" hai3="28,94,52,84,34,102,39,120,59,114,19,112,91"/><U105/><E121/><V60/><F75/><W70/><G120/><T10/><D113/><U42/><E118/><V129/><F36/><W8/><G70/><T81/><D116/><U20/><E3/><V78/><F129/><W125/><G39/><T63/><D107/><U85/><E130/><V38/><F38/><W14/><G125/><T68/><D68/><U92/><E126/><V72/><F72/><W119/><G119/><T26/><D41/><U61/><E109/><V77/><F135/><W24/><REACH who="3" step="1"/><G102/><REACH who="3" ten="209,517,42,212" step="2"/><T127/><D127/><U133/><E133/><V15/><F69/><W25/><G25/><N who="0" m="9227" /><D131/><U43/><E101/><V96/><F29/><W99/><G99/><T55/><D31/><U117/><E117/><V79/><F96/><W90/><G90/><AGARI ba="2,2" hai="5,10,12,55,58,63,81,82,83,86,90" m="9227" machi="90" ten="30,2000,0" yaku="8,1,52,1" doraHai="1" who="0" fromWho="3" sc="209,46,517,0,42,0,212,-26" />
</Scene>
<Scene>
<INIT seed="2,0,0,1,4,109" ten="255,517,42,186" oya="2" hai0="31,119,106,49,6,62,93,112,60,118,95,78,121" hai1="113,87,73,114,110,43,104,69,123,8,3,40,19" hai2="1,68,36,124,94,51,9,18,77,14,27,102,5" hai3="116,38,81,88,21,71,75,34,91,125,111,67,2"/><V32/><F36/><W45/><G116/><N who="0" m="44587" /><D106/><U41/><E73/><V56/><F68/><W131/><G34/><T53/><D121/><U134/><E110/><V82/><F124/><W63/><G111/><T25/><D78/><U33/><E104/><V29/><F102/><W107/><G107/><T74/><D6/><U83/><E33/><V30/><F30/><W84/><G125/><T48/><D48/><U79/><E123/><V39/><F94/><N who="0" m="35850" /><D74/><U37/><E37/><V129/><F39/><W65/><G75/><T24/><D112/><U92/><E69/><V46/><F56/><W108/><G71/><T130/><D24/><U98/><E134/><V59/><F59/><W23/><G38/><T76/><D76/><U99/><E99/><V22/><F129/><W66/><G131/><T126/><D126/><U117/><E117/><V12/><F12/><W0/><G0/><T72/><D72/><U50/><E50/><V44/><REACH who="2" step="1"/><F51/><REACH who="2" ten="255,517,32,186" step="2"/><W17/><G2/><T103/><D130/><U26/><E3/><V122/><F122/><W16/><G108/><T42/><D103/><U61/><E61/><V120/><F120/><W57/><G63/><T11/><D62/><U7/><E114/><V86/><AGARI ba="0,1" hai="1,5,9,14,18,22,27,29,32,44,46,77,82,86" machi="86" ten="20,12000,1" yaku="1,1,0,1,7,1,24,2,53,0" doraHai="109" doraHaiUra="58" who="2" fromWho="2" sc="255,-40,517,-40,32,130,186,-40" />
</Scene>
<Scene>
<INIT seed="2,1,0,2,3,51" ten="215,477,162,146" oya="2" hai0="23,39,114,118,79,62,77,33,53,58,109,132,13" hai1="9,11,104,36,99,27,98,69,111,106,83,60,70" hai2="34,17,130,15,4,123,115,89,135,64,126,25,78" hai3="40,121,74,44,113,110,82,61,0,125,52,117,73"/><V38/><F123/><W87/><G117/><T88/><D39/><U122/><E36/><V93/><F115/><W7/><G113/><T5/><D33/><U8/><E122/><V119/><F38/><W67/><G121/><T134/><D114/><U103/><E111/><V3/><F78/><W133/><G110/><T6/><D109/><U22/><E83/><V94/><F119/><W100/><G0/><T75/><D75/><U12/><E12/><V116/><F64/><W55/><G7/><N who="0" m="2571" /><D118/><U10/><E60/><V21/><F130/><W112/><G112/><T101/><D101/><U48/><E48/><V81/><F135/><N who="0" m="51754" /><D88/><U43/><E43/><V66/><F116/><W45/><G100/><T90/><D90/><U26/><E10/><N who="2" m="2335" /><F126/><W50/><G125/><T30/><D30/><U24/><E22/><V127/><F127/><W131/><G131/><T76/><D13/><U1/><E1/><V28/><F66/><W35/><G133/><T72/><D72/><U14/><E14/><V20/><F20/><AGARI ba="1,0" hai="20,23,53,58,62,76,77,79" m="51754,2571" machi="20" ten="40,2600,0" yaku="20,1,52,1" doraHai="51" who="0" fromWho="2" sc="215,29,477,0,162,-29,146,0" />
</Scene>
<Scene>
<INIT seed="3,0,0,0,3,114" ten="244,477,133,146" oya="3" hai0="44,117,90,66,50,19,26,86,72,102,127,120,104" hai1="20,78,105,84,85,34,58,38,134,108,82,110,51" hai2="24,41,101,54,2,22,60,113,69,121,55,33,16" hai3="125,103,14,53,130,25,77,17,11,15,39,116,123"/><W88/><G123/><T115/><D120/><U8/><E38/><V12/><F113/><W59/><G39/><T75/><D115/><U37/><E37/><V4/><F41/><W67/><G116/><T76/><D66/><U56/><E34/><V70/><F101/><W46/><G130/><T45/><D45/><U73/><E105/><V132/><F132/><W131/><G131/><T6/><D6/><U118/><E134/><V57/><F54/><W95/><G125/><T80/><D75/><U42/><E8/><N who="2" m="2071" /><F121/><W79/><G67/><T3/><D3/><U111/><E20/><V0/><F0/><W36/><G103/><T83/><D127/><U100/><E100/><V129/><F129/><W97/><G25/><T81/><D81/><U119/><E42/><V23/><F23/><N who="3" m="11703" /><G46/><T52/><D102/><U65/><E65/><V29/><AGARI ba="0,0" hai="12,16,22,24,29,33,55,57,60,69,70" m="2071" machi="29" ten="30,2000,0" yaku="24,1,54,1" doraHai="114" who="2" fromWho="2" sc="244,-5,477,-5,133,20,146,-10" />
</Scene>
<Scene>
<INIT seed="4,0,0,3,4,32" ten="239,472,153,136" oya="0" hai0="80,115,108,22,39,81,4,34,71,64,60,63,130" hai1="62,123,74,67,17,2,9,30,85,69,121,101,51" hai2="107,11,79,0,109,98,59,55,118,120,26,56,96" hai3="70,37,104,77,45,18,106,93,52,126,8,1,84"/><T44/><D34/><U40/><E74/><V28/><F120/><W128/><G70/><T42/><D115/><U103/><E30/><V46/><F109/><W87/><G128/><T61/><D130/><U110/><E110/><V21/><F79/><W29/><G126/><T129/><D129/><U72/><E72/><V12/><F0/><W117/><G117/><T38/><D108/><U135/><E135/><V91/><F107/><W78/><G29/><T116/><D116/><U49/><E85/><V111/><F111/><W75/><G75/><T105/><D105/><U127/><E127/><V99/><F91/><W6/><G104/><T27/><D39/><U16/><E40/><V54/><F118/><W65/><G106/><T112/><D112/><U24/><E24/><V134/><F46/><W66/><G18/><T41/><D41/><U82/><E82/><V58/><REACH who="2" step="1"/><F134/><REACH who="2" ten="239,472,143,136" step="2"/><W68/><G78/><T100/><D100/><U131/><E131/><V94/><F94/><W10/><G77/><T20/><D81/><U102/><E123/><V86/><F86/><W33/><G93/><T53/><D80/><U119/><E121/><V122/><F122/><W92/><G92/><T23/><D27/><U113/><E119/><V5/><AGARI ba="0,1" hai="5,11,12,21,26,28,54,55,56,58,59,96,98,99" machi="5" ten="30,4000,0" yaku="1,1,0,1,8,1,53,0" doraHai="32" doraHaiUra="35" who="2" fromWho="2" sc="239,-20,472,-10,143,50,136,-10" />
</Scene>
<Scene>
<INIT seed="5,0,0,1,5,64" ten="219,462,193,126" oya="1" hai0="94,124,109,16,29,131,103,33,107,100,72,42,125" hai1="123,76,85,34,79,45,60,63,7,75,61,119,59" hai2="36,86,53,127,8,4,54,0,2,38,18,70,22" hai3="49,92,52,28,57,126,114,98,120,15,13,39,55"/><U65/><E123/><V50/><F127/><N who="0" m="48714" /><D72/><U44/><E119/><V30/><F0/><W117/><G120/><T31/><D107/><U84/><E34/><V58/><F70/><W56/><G126/><T101/><D109/><U10/><E75/><V17/><F17/><W118/><G39/><T23/><D42/><U82/><E65/><V134/><F134/><W74/><G74/><T48/><D131/><U132/><E59/><V24/><F54/><W47/><G114/><T14/><D48/><U37/><E132/><V111/><F86/><W106/><G106/><T9/><D33/><U130/><E130/><V46/><F58/><W104/><G104/><T90/><D9/><U32/><E32/><V19/><F19/><W67/><G67/><T35/><D35/><U93/><E37/><V3/><F3/><W11/><G28/><T110/><D110/><U102/><E102/><V121/><F121/><W83/><G47/><T133/><D133/><U27/><E27/><V105/><F105/><W97/><G83/><T21/><D21/><U51/><E51/><V68/><F111/><W12/><G11/><T113/><D113/><U91/><E76/><V62/><F30/><W135/><G135/><T6/><D6/><U20/><E20/><V1/><F1/><W80/><G80/><T87/><AGARI ba="0,0" hai="14,16,23,29,31,87,90,94,100,101,103" m="48714" machi="87" ten="30,2000,0" yaku="18,1,54,1" doraHai="64" who="0" fromWho="0" sc="219,20,462,-10,193,-5,126,-5" />
</Scene>
<Scene>
<INIT seed="6,0,0,2,1,129" ten="239,452,188,121" oya="2" hai0="55,121,18,105,54,101,134,80,111,76,91,1,53" hai1="5,56,7,102,71,119,9,37,90,29,132,61,114" hai2="62,95,87,43,0,26,108,72,79,11,57,127,130" hai3="25,60,21,35,123,100,106,67,92,70,126,122,41"/><V15/><F0/><W94/><G126/><T12/><D111/><U68/><E119/><V116/><F116/><W30/><G41/><T46/><D1/><U20/><E37/><V112/><F130/><W110/><G110/><T10/><D121/><U99/><E114/><V66/><F112/><W65/><G21/><T19/><D134/><U74/><E74/><V118/><F72/><W104/><G104/><T38/><D38/><U51/><E132/><V125/><F118/><W120/><REACH who="3" step="1"/><G67/><REACH who="3" ten="239,452,188,111" step="2"/><T84/><D105/><U33/><E33/><V23/><F43/><W109/><G109/><T52/><D101/><U103/><E20/><V73/><F108/><W13/><G13/><T22/><D46/><U45/><E29/><V82/><F127/><W115/><G115/><T3/><D3/><U88/><E71/><V107/><F107/><W96/><AGARI ba="0,1" hai="25,30,35,60,65,70,92,94,96,100,106,120,122,123" machi="96" ten="40,8000,1" yaku="1,1,0,1,25,2,53,0" doraHai="129" doraHaiUra="77" who="3" fromWho="3" sc="239,-20,452,-20,188,-40,111,90" />
</Scene>
<Scene>
<INIT seed="7,0,0,5,2,36" ten="219,432,148,201" oya="3" hai0="38,80,81,97,43,108,47,5,104,118,101,26,86" hai1="48,69,28,11,64,75,35,10,46,37,129,9,62" hai2="110,1,60,6,68,71,42,66,132,121,58,61,2" hai3="98,23,125,111,133,18,122,128,41,52,131,87,127"/><W12/><G122/><T91/><D108/><U93/><E75/><V50/><F110/><W103/><G111/><T21/><D5/><U117/><E117/><V77/><F77/><W54/><G133/><T53/><D53/><N who="3" m="20585" /><G87/><T4/><D4/><U109/><E109/><V74/><F74/><W94/><G41/><T49/><D118/><U119/><E119/><V16/><F132/><W90/><G103/><T67/><D67/><U130/><E37/><V24/><F121/><W92/><G92/><T76/><D38/><U85/><E28/><V40/><F50/><W107/><G107/><T15/><D15/><U19/><E35/><V72/><F72/><W102/><G102/><T20/><D26/><U134/><E19/><V51/><F51/><W17/><G17/><T89/><D91/><N who="1" m="53487" /><E134/><V30/><F16/><W106/><G106/><T124/><D89/><U115/><E115/><V120/><F120/><W116/><G116/><T33/><D33/><U0/><E0/><V112/><F112/><W100/><G100/><T99/><D99/><U27/><E27/><V39/><F39/><W55/><N who="3" m="20593" /><AGARI ba="0,0" hai="9,10,11,46,48,55,62,64,69,129,130" m="53487" machi="55" ten="30,1000,0" yaku="3,1" doraHai="36" who="1" fromWho="3" sc="219,0,432,10,148,0,201,-10" owari="219,2.0,442,54.0,148,-35.0,191,-21.0" />
</Scene>
</mjloggm>