<mjloggm ver="2.3"><GO type="169" lobby="0"/><UN n0="%E7%B4%85%E8%8C%B6%30%37" n1="%E3%82%B5%E3%83%B3%E3%83%9E%E9%81%93%E6%A5%BD%E4%BB%A3%E8%A1%A8" n2="%E3%81%99%E3%81%9A%E3%82%81%E3%82%AF%E3%83%AC%E3%82%A4%E3%82%B8%E3%83%BC" n3="%41%6B%61%2D%75%72%61" dan="16,17,19,16" rate="2048.07,2170.85,2241.02,2158.24" sx="M,M,M,F"/><TAIKYOKU oya="0"/>

<Scene>
<INIT seed="0,0,0,2,5,94" ten="250,250,250,250" oya="0" hai0="18,64,54,101,88,59,89,87,106,23,129,43,1" hai1="19,8,37,33,90,92,3,21,77,9,27,134,98" hai2="32,135,116,16,120,68,84,62,17,46,113,48,20" hai3="78,114,93,66,2,5,103,53,105,133,11,81,82"/><T121/><D121/><U58/><E37/><V102/><F32/><W47/><G114/><T49/><D1/><U107/><E3/><V22/><F113/><W125/><G125/><T91/><D129/><U15/><E134/><V70/><F116/><W95/><G133/><T14/><D64/><U126/><E126/><V61/><F135/><W130/><G130/><T35/><D35/><U7/><E107/><V31/><F102/><W13/><G66/><T26/><D43/><U0/><E77/><V39/><F84/><W36/><G81/><T30/><D101/><U99/><E58/><V42/><F31/><W118/><G118/><T34/><REACH who="0" step="1"/><D106/><REACH who="0" ten="240,250,250,250" step="2"/><U100/><E100/><V12/><F120/><W73/><G105/><T79/><D79/><U86/><REACH who="1" step="1"/><E33/><REACH who="1" ten="240,240,250,250" step="2"/><V128/><F128/><W65/><G103/><T124/><D124/><U55/><E55/><V119/><F119/><W52/><G2/><T96/><D96/><U131/><E131/><V83/><F70/><W74/><G53/><T51/><D51/><U127/><E127/><V76/><F68/><W97/><G97/><T122/><D122/><U115/><E115/><V75/><REACH who="2" step="1"/><F48/><REACH who="2" ten="240,240,240,250" step="2"/><N who="3" m="28703" /><G36/><T60/><D60/><U112/><E112/><V41/><F41/><W24/><G73/><T108/><D108/><U63/><E63/><V111/><F111/><W110/><G110/><T6/><D6/><AGARI ba="0,3" hai="0,6,7,8,9,15,19,21,27,86,90,92,98,99" machi="6" ten="30,7700,0" yaku="1,1,7,1,52,2,53,0" doraHai="94" doraHaiUra="109" who="1" fromWho="0" sc="240,-77,240,107,240,0,250,0" />
</Scene>
<Scene>
<INIT seed="1,0,0,3,3,88" ten="163,347,240,250" oya="1" hai0="44,76,106,34,117,99,82,65,43,119,111,81,92" hai1="7,105,83,94,75,67,55,97,66,52,8,121,5" hai2="56,59,26,45,35,101,20,134,123,42,15,116,50" hai3="36,87,110,54,49,62,21,4,27,47,17,1,85"/><U78/><E105/><V31/><F134/><W90/><G110/><T126/><D34/><U118/><E118/><V14/><F116/><W114/><G114/><T63/><D106/><U40/><E121/><V103/><F123/><W29/><G36/><T71/><D126/><U32/><E32/><V0/><F0/><W113/><G113/><T77/><D111/><U2/><E7/><V130/><F130/><W127/><G127/><T11/><D11/><U131/><E131/><V12/><F35/><W135/><G135/><T10/><D10/><U98/><E98/><V74/><F74/><W9/><G62/><T58/><D58/><AGARI ba="0,0" hai="12,14,15,20,26,31,42,45,50,56,58,59,101,103" machi="58" ten="40,1300,0" yaku="8,1" doraHai="88" who="2" fromWho="0" sc="163,-13,347,0,240,13,250,0" />
</Scene>
<Scene>
<INIT seed="2,0,0,5,5,61" ten="150,347,253,250" oya="2" hai0="76,70,29,67,104,27,107,86,38,131,75,56,73" hai1="103,40,3,128,69,4,44,99,39,0,111,24,124" hai2="92,6,85,135,20,100,125,133,42,118,109,7,115" hai3="11,57,84,95,105,134,116,83,46,32,122,43,1"/><V123/><F118/><W54/><G116/><T9/><D86/><U80/><E111/><V58/><F115/><W60/><G134/><T78/><D56/><U102/><E128/><V117/><F117/><W132/><G132/><T74/><D9/><U14/><E102/><V26/><F123/><W91/><G105/><T101/><D38/><U113/><E124/><V52/><F125/><W5/><G32/><N who="0" m="20543" /><D131/><U49/><E69/><V130/><F130/><W15/><G122/><T41/><D41/><U53/><E80/><V50/><F109/><W66/><G1/><T62/><D104/><U126/><E113/><V93/><F133/><W89/><G43/><T25/><D25/><U90/><E24/><V119/><F119/><W97/><REACH who="3" step="1"/><G46/><REACH who="3" ten="150,347,253,240" step="2"/><T22/><D22/><U121/><E121/><V48/><F135/><W37/><G37/><T21/><D21/><U82/><E126/><V106/><F106/><W129/><G129/><T36/><D36/><U68/><E40/><V12/><F42/><W63/><G63/><T45/><D45/><U30/><E44/><V77/><F50/><W28/><G28/><T112/><D112/><U114/><E30/><V127/><F127/><W59/><G59/><T108/><D108/><U18/><E49/><V35/><F58/><W94/><G94/><T31/><D31/><U55/><E39/><V71/><F93/><W33/><G33/><T16/><D107/><U10/><E114/><V51/><F35/><W19/><G19/><T64/><D62/><U87/><E18/><V81/><F92/><W17/><G17/><T110/><D16/><RYUUKYOKU ba="0,1" sc="150,-10,347,-10,253,-10,240,30" hai3="5,11,15,54,57,60,66,83,84,89,91,95,97" />
</Scene>
<Scene>
<INIT seed="3,1,1,3,3,3" ten="140,337,243,270" oya="3" hai0="27,46,108,50,122,37,44,48,73,81,100,123,21" hai1="109,128,77,134,62,89,52,67,36,40,41,22,28" hai2="70,51,116,86,60,106,132,69,58,13,29,75,43" hai3="135,91,114,117,85,76,78,39,31,98,95,92,1"/><W61/><G114/><T32/><D32/><U125/><E109/><V71/><F75/><W47/><G117/><T2/><D2/><U112/><E112/><V7/><F106/><W94/><G135/><T103/><D37/><U38/><E134/><V33/><F116/><W111/><G111/><T131/><D131/><U84/><E77/><V57/><F33/><W0/><G31/><T93/><D108/><U8/><E125/><V118/><F29/><W23/><G0/><T124/><D124/><U113/><E128/><V126/><F126/><W72/><G1/><T16/><D73/><U104/><E104/><V25/><F25/><W115/><G115/><T63/><D63/><U97/><E97/><V34/><F60/><W42/><G23/><T14/><D81/><U19/><E67/><V110/><F34/><W90/><G72/><T102/><D93/><N who="1" m="54439" /><E38/><V68/><F68/><W66/><REACH who="3" step="1"/><G95/><REACH who="3" ten="140,337,243,260" step="2"/><T121/><REACH who="0" step="1"/><D27/><REACH who="0" ten="130,337,243,260" step="2"/><U88/><E113/><V4/><F110/><W35/><G35/><T120/><N who="0" m="30720" /><DORA hai="133" /><T24/><D24/><U96/><E28/><V130/><F130/><W10/><G10/><T127/><D127/><U129/><E8/><V56/><F132/><W80/><G80/><T82/><D82/><U64/><E129/><V101/><F118/><W9/><G9/><T6/><D6/><U119/><E119/><V18/><F4/><W11/><G11/><T59/><D59/><AGARI ba="1,3" hai="39,42,47,59,61,66,76,78,85,90,91,92,94,98" machi="59" ten="30,11600,0" yaku="1,1,7,1,53,2" doraHai="3,133" doraHaiUra="74,79" who="3" fromWho="0" sc="130,-119,337,0,243,0,260,149" />
</Scene>
<Scene>
<INIT seed="3,2,0,1,0,67" ten="11,337,243,409" oya="3" hai0="111,14,134,113,106,120,91,71,10,53,9,95,47" hai1="119,4,89,11,132,81,20,127,35,46,125,70,107" hai2="128,85,45,87,93,90,79,37,83,32,18,51,13" hai3="19,116,86,63,44,76,56,77,41,17,124,97,25"/><W60/><G116/><T59/><D106/><U131/><E35/><V82/><F128/><W110/><G124/><T66/><D120/><U27/><E107/><V38/><F32/><W8/><G110/><T12/><D111/><U33/><E33/><V58/><F58/><W28/><G97/><T123/><D123/><U65/><E46/><V109/><F109/><W104/><G86/><T15/><D134/><U31/><E119/><V68/><F68/><W52/><G104/><T39/><D113/><U69/><E65/><V99/><F37/><W49/><G60/><T34/><D34/><U108/><E108/><V101/><F38/><W7/><G28/><T64/><D39/><U103/><E103/><V130/><F130/><W102/><G102/><T48/><D71/><N who="1" m="27147" /><E81/><V62/><F62/><W36/><G36/><T75/><D75/><U42/><E89/><V1/><F1/><W117/><G117/><T24/><D24/><U40/><E132/><V55/><F101/><W94/><G94/><T29/><D29/><U21/><E21/><V80/><REACH who="2" step="1"/><F99/><REACH who="2" ten="11,337,233,409" step="2"/><W118/><G118/><T43/><D43/><U22/><E131/><V105/><F105/><W96/><G96/><N who="0" m="57471" /><D59/><U78/><E42/><V100/><F100/><W16/><REACH who="3" step="1"/><G25/><REACH who="3" ten="11,337,233,399" step="2"/><T84/><D84/><U73/><E127/><V129/><F129/><W74/><G74/><T112/><D112/><U61/><E125/><V6/><F6/><W30/><G30/><T115/><D115/><U135/><E31/><V23/><AGARI ba="2,2" hai="13,18,23,45,51,55,79,80,82,83,85,87,90,93" machi="23" ten="20,8000,1" yaku="1,1,0,1,7,1,8,1,53,1" doraHai="67" doraHaiUra="50" who="2" fromWho="2" sc="11,-22,337,-22,233,106,399,-42" owari="-11,-51.0,315,-8.0,339,14.0,357,45.0" />
</Scene>
</mjloggm>