<mjloggm ver="2.3"><GO type="169" lobby="0"/><UN n0="%E3%82%84%E3%81%9F%E3%82%B1%E3%83%B3" n1="%E9%9B%80%E9%BE%8D%E9%96%80%5F%59%75%74%69" n2="%E3%81%99%E3%81%9A%E3%82%81%E3%82%AF%E3%83%AC%E3%82%A4%E3%82%B8%E3%83%BC" n3="%4B%61%42%45" dan="17,17,19,16" rate="2206.45,2248.71,2295.52,2175.44" sx="M,M,M,F"/><TAIKYOKU oya="0"/>

<Scene>
<INIT seed="0,0,0,0,2,74" ten="250,250,250,250" oya="0" hai0="9,132,124,76,128,17,65,60,5,121,26,49,109" hai1="14,122,42,95,93,67,51,120,40,86,70,0,23" hai2="55,89,44,62,24,87,83,59,22,75,106,21,96" hai3="12,131,36,101,13,103,97,18,32,114,73,90,53"/><T100/><D121/><U38/><E0/><V52/><F75/><W54/><G114/><T99/><D124/><U46/><E38/><V29/><F106/><W6/><G32/><T85/><D128/><U102/><E70/><V130/><F130/><W113/><G36/><T92/><D132/><U133/><E67/><V4/><F4/><W88/><G73/><T72/><D72/><U25/><E133/><V28/><F96/><W71/><G71/><T117/><D117/><U98/><E14/><V39/><F39/><W37/><G37/><T104/><D109/><U31/><E40/><V34/><F34/><W8/><G113/><T16/><D49/><U47/><E46/><V134/><F134/><W63/><G131/><T110/><D110/><U30/><E31/><V41/><F41/><W43/><G43/><T123/><D26/><U111/><E111/><V19/><F22/><W7/><G63/><T129/><D123/><U94/><E120/><V119/><F119/><W27/><G27/><T66/><D66/><U126/><E126/><V105/><F105/><W108/><G108/><T15/><D129/><U135/><E135/><V77/><F89/><N who="3" m="34411" /><G6/><T116/><D116/><U107/><E122/><V80/><F80/><W64/><G64/><T35/><D35/><U78/><E107/><V20/><F20/><N who="3" m="11335" /><G97/><T68/><REACH who="0" step="1"/><D104/><REACH who="0" ten="240,250,250,250" step="2"/><U112/><E112/><V125/><F125/><W45/><G54/><T48/><D48/><AGARI ba="0,1" hai="19,21,24,28,29,44,48,52,55,59,62,77,83,87" machi="48" ten="40,5200,0" yaku="8,1,52,1,54,1" doraHai="74" who="2" fromWho="0" sc="240,-52,250,0,250,62,250,0" /><AGARI ba="0,0" hai="7,8,13,45,48,53,101,103" m="11335,34411" machi="48" ten="30,2000,0" yaku="8,1,54,1" doraHai="74" who="3" fromWho="0" sc="188,-20,250,0,312,0,250,20" />
</Scene>
<Scene>
<INIT seed="1,0,0,2,2,7" ten="168,250,312,270" oya="1" hai0="108,105,84,34,103,128,107,55,79,134,121,3,89" hai1="95,27,77,64,41,97,15,131,58,130,10,51,73" hai2="26,1,93,42,49,125,129,112,100,135,85,118,98" hai3="115,127,37,104,119,111,74,86,61,45,67,46,14"/><U132/><E132/><V65/><F118/><W29/><G74/><T133/><D34/><U102/><E27/><V13/><F1/><W54/><G104/><T16/><D3/><U91/><E41/><V96/><F129/><W47/><G115/><T99/><D128/><N who="1" m="49195" /><E64/><V71/><F65/><W24/><G111/><T78/><D55/><N who="1" m="32127" /><E73/><V106/><F125/><W81/><G127/><T9/><D108/><U2/><E2/><V52/><F42/><W8/><G37/><T44/><D44/><U25/><E77/><V50/><F50/><W109/><G109/><T82/><D107/><U38/><E25/><V70/><F26/><W39/><G39/><T36/><D36/><U18/><E38/><V124/><F112/><W28/><G54/><T12/><REACH who="0" step="1"/><D121/><REACH who="0" ten="158,250,312,270" step="2"/><U76/><E76/><AGARI ba="0,1" hai="9,12,16,76,78,79,82,84,89,99,103,105,133,134" machi="76" ten="40,8000,1" yaku="1,1,2,1,52,1,54,1,53,0" doraHai="7" doraHaiUra="20" who="0" fromWho="1" sc="158,90,250,-80,312,0,270,0" />
</Scene>
<Scene>
<INIT seed="2,0,0,1,5,102" ten="248,170,312,270" oya="2" hai0="10,133,23,18,86,94,80,33,21,13,11,105,57" hai1="6,16,77,65,7,9,99,74,116,75,46,60,110" hai2="115,69,70,42,111,45,66,24,108,50,92,113,54" hai3="134,35,78,68,82,25,8,132,64,39,125,29,51"/><V41/><F66/><W124/><G39/><T27/><D94/><U90/><E110/><N who="2" m="42027" /><F24/><W1/><G51/><T88/><D105/><U47/><E116/><V95/><F95/><W14/><G64/><T49/><D33/><U44/><E77/><V93/><F93/><W72/><G68/><N who="2" m="26217" /><F92/><W67/><G67/><T135/><D23/><U36/><E36/><V61/><F61/><W22/><G22/><T62/><D49/><U117/><E117/><V53/><F53/><W109/><G109/><T17/><REACH who="0" step="1"/><D10/><REACH who="0" ten="238,170,312,270" step="2"/><U89/><E9/><V2/><F2/><W59/><G1/><T91/><D91/><U130/><E89/><V103/><F103/><W87/><G8/><T81/><D81/><U76/><E90/><V34/><F34/><W31/><G82/><T104/><D104/><U84/><E60/><V120/><F120/><W15/><G35/><T119/><D119/><U101/><E101/><V112/><AGARI ba="0,1" hai="41,42,45,50,54,112,113,115" m="26217,42027" machi="112" ten="40,12000,1" yaku="14,1,10,1,34,2" doraHai="102" who="2" fromWho="2" sc="238,-40,170,-40,312,130,270,-40" />
</Scene>
<Scene>
<INIT seed="2,1,0,1,2,87" ten="198,130,442,230" oya="2" hai0="133,15,93,53,67,82,126,74,55,98,131,35,4" hai1="5,128,65,121,91,77,96,60,14,97,46,75,44" hai2="70,92,30,66,2,107,9,105,103,45,40,102,85" hai3="76,62,52,59,124,99,29,68,49,1,42,47,16"/><V3/><F30/><W109/><G1/><T115/><D35/><U38/><E128/><V94/><F70/><W86/><G109/><T78/><D115/><U108/><E108/><V33/><F66/><W123/><G29/><T69/><D131/><U37/><E121/><V79/><F33/><W57/><G124/><T106/><D126/><U104/><E104/><V8/><F85/><W11/><G99/><T72/><D72/><U135/><E65/><V25/><F79/><W23/><G11/><T41/><D41/><U32/><E135/><V90/><F45/><W61/><G123/><T26/><D26/><U13/><E32/><V110/><F40/><W58/><G68/><T19/><D4/><U20/><E5/><V48/><F48/><W22/><G22/><T89/><D133/><U81/><E20/><V118/><F25/><N who="3" m="14567" /><G62/><T100/><D67/><U88/><E60/><V17/><F17/><W43/><G42/><T130/><D69/><U39/><E39/><V34/><F34/><W127/><G127/><T12/><D130/><U80/><E77/><V28/><F28/><W7/><G7/><T73/><D73/><AGARI ba="1,0" hai="13,14,37,38,44,46,73,75,80,81,88,91,96,97" machi="73" ten="25,8000,1" yaku="22,2,52,2,54,1" doraHai="87" who="1" fromWho="0" sc="198,-83,130,83,442,0,230,0" />
</Scene>
<Scene>
<INIT seed="3,0,0,5,0,101" ten="115,213,442,230" oya="3" hai0="8,134,43,51,68,26,57,19,31,124,14,7,81" hai1="96,129,130,128,88,66,106,108,112,63,118,135,67" hai2="11,92,25,56,21,76,32,79,89,55,75,121,97" hai3="113,131,15,99,28,80,17,93,86,34,69,103,6"/><W42/><G113/><T82/><D68/><U111/><E112/><V5/><F32/><W107/><G131/><N who="1" m="33538" /><U122/><DORA hai="49" /><E122/><V119/><F75/><W10/><G69/><T87/><D124/><U105/><E135/><V100/><F100/><W94/><G42/><T38/><D134/><U54/><E118/><V65/><F65/><N who="1" m="24585" /><E88/><V35/><F35/><W78/><REACH who="3" step="1"/><G6/><REACH who="3" ten="115,213,442,220" step="2"/><T36/><D7/><U45/><E96/><V117/><F117/><W50/><G50/><T3/><D51/><N who="1" m="29039" /><E63/><N who="2" m="36255" /><F119/><W33/><G33/><T125/><D125/><U58/><E58/><V74/><F121/><W90/><G90/><T73/><D57/><U30/><E30/><V64/><F89/><W9/><G9/><T27/><D8/><U109/><AGARI ba="0,1" hai="105,106,108,109,111" m="29039,24585,33538" machi="109" ten="50,8000,1" yaku="14,1,19,1,52,3" doraHai="101,49" who="1" fromWho="1" sc="115,-20,213,90,442,-20,220,-40" />
</Scene>
<Scene>
<INIT seed="4,0,0,0,2,54" ten="95,303,422,180" oya="0" hai0="102,27,134,109,76,31,2,119,129,98,91,95,70" hai1="80,8,124,28,17,117,112,74,72,85,126,57,132" hai2="87,65,110,39,14,86,50,58,59,40,101,25,116" hai3="24,7,16,15,99,30,48,125,11,69,41,4,127"/><T120/><D2/><U0/><E117/><V71/><F110/><W68/><G99/><T62/><D119/><U89/><E132/><V51/><F39/><W105/><G105/><T107/><D134/><U88/><E28/><V130/><F71/><W42/><G68/><T45/><D109/><U66/><E112/><V108/><F130/><W78/><G69/><T36/><D129/><U79/><E74/><V52/><F101/><W6/><G78/><T106/><D76/><U118/><E118/><V44/><F108/><W81/><G81/><T60/><D120/><U18/><E0/><V35/><F35/><N who="3" m="20935" /><G48/><T32/><D106/><U5/><E5/><N who="3" m="2154" /><G41/><T61/><D45/><U63/><E8/><V19/><F25/><W64/><G64/><N who="0" m="41223" /><D36/><U115/><E115/><V92/><F92/><W12/><G42/><T13/><D13/><U111/><E111/><V53/><F65/><W23/><AGARI ba="0,0" hai="7,11,12,15,16,23,125,127" m="2154,20935" machi="23" ten="30,4000,0" yaku="34,2,54,1" doraHai="54" who="3" fromWho="3" sc="95,-20,303,-10,422,-10,180,40" />
</Scene>
<Scene>
<INIT seed="5,0,0,0,4,9" ten="75,293,412,220" oya="1" hai0="32,91,130,99,115,29,51,110,63,65,2,82,56" hai1="20,13,31,84,92,117,88,95,62,105,44,59,0" hai2="55,57,4,28,128,27,10,66,123,120,1,118,40" hai3="50,45,58,81,34,79,77,121,89,52,23,11,114"/><U76/><E117/><V37/><F128/><W46/><G34/><T108/><D2/><U26/><E105/><V71/><F118/><W125/><G121/><T53/><D130/><U35/><E0/><V132/><F132/><W33/><G33/><T129/><D129/><U16/><E76/><V98/><F71/><W54/><G114/><T3/><D3/><U19/><E44/><V22/><F66/><W78/><G125/><T113/><D29/><U70/><E70/><V39/><F40/><W124/><G124/><T80/><D32/><U101/><E101/><V14/><F39/><W127/><G127/><T135/><D99/><U90/><E19/><V30/><F37/><W49/><G23/><T60/><D91/><U103/><E103/><V83/><F30/><W104/><G104/><T85/><D85/><U15/><E31/><V109/><F98/><W96/><G11/><T93/><D93/><U6/><E6/><V94/><F94/><W41/><G96/><T87/><D87/><N who="1" m="52255" /><E35/><V25/><F1/><W47/><G54/><AGARI ba="0,0" hai="13,15,16,20,26,54,59,62,84,90,95" m="52255" machi="54" ten="30,12000,1" yaku="8,1,52,2,54,2" doraHai="9" who="1" fromWho="3" sc="75,0,293,120,412,0,220,-120" />
</Scene>
<Scene>
<INIT seed="5,1,0,2,2,106" ten="75,413,412,100" oya="1" hai0="113,44,135,15,56,31,99,11,107,116,5,21,34" hai1="95,18,17,9,101,93,68,4,33,74,86,110,126" hai2="62,69,73,105,79,29,127,28,30,48,54,98,8" hai3="97,6,83,117,78,96,76,61,75,10,20,123,121"/><U119/><E119/><V59/><F127/><W112/><G20/><T71/><D71/><U130/><E101/><V84/><F73/><N who="3" m="43407" /><G61/><T26/><D44/><U80/><E33/><V24/><F105/><W129/><G10/><T36/><D36/><U132/><E80/><N who="2" m="47135" /><F69/><W66/><G6/><T104/><D116/><U38/><E86/><V55/><F98/><N who="3" m="37995" /><G66/><T81/><D56/><U131/><E68/><V133/><F133/><W63/><G63/><T87/><D135/><U51/><E51/><V16/><F24/><W70/><G70/><T23/><D107/><U118/><E9/><V32/><F32/><W103/><G117/><T67/><D67/><U57/><E4/><V40/><F40/><W13/><G13/><T37/><D37/><U43/><E38/><V92/><F54/><W1/><G1/><T52/><D52/><U12/><E43/><V100/><F62/><W49/><G49/><T122/><D104/><U120/><E12/><V19/><F8/><W89/><G103/><T91/><D15/><U47/><E118/><V46/><F46/><W25/><G25/><T53/><D26/><U58/><E47/><V114/><F100/><W39/><G39/><T88/><D11/><U42/><E42/><V109/><F59/><W64/><G64/><T102/><D102/><U115/><E57/><V50/><F55/><W7/><G7/><T124/><D53/><U125/><E58/><V111/><F50/><W108/><G108/><T65/><D34/><U72/><E110/><V82/><F111/><W90/><G121/><T85/><D122/><U0/><E120/><RYUUKYOKU ba="1,0" sc="75,0,413,0,412,0,100,0" />
</Scene>
<Scene>
<INIT seed="6,2,0,4,3,53" ten="75,413,412,100" oya="2" hai0="62,119,4,135,109,47,91,32,78,100,86,101,120" hai1="34,35,17,68,30,54,20,70,77,0,65,44,26" hai2="88,15,80,127,48,72,28,31,89,59,129,21,105" hai3="12,128,106,107,50,95,131,104,93,134,46,108,87"/><V56/><F105/><W60/><G108/><T69/><D109/><U52/><E0/><V121/><F121/><W83/><G12/><T73/><D120/><U74/><E44/><V79/><F129/><N who="3" m="49739" /><G60/><T133/><D32/><U2/><E2/><V24/><F127/><W63/><G63/><T19/><D4/><U9/><E74/><V123/><F123/><W11/><G11/><T49/><D119/><U122/><E77/><V16/><F31/><W33/><G33/><T42/><D78/><U118/><E118/><V130/><F130/><W43/><G134/><N who="0" m="51211" /><D73/><U126/><E126/><V76/><F76/><AGARI ba="2,0" hai="43,46,50,76,83,87,93,95,104,106,107" m="49739" machi="76" ten="40,1300,0" yaku="19,1" doraHai="53" who="3" fromWho="2" sc="75,0,413,0,412,-19,100,19" />
</Scene>
<Scene>
<INIT seed="7,0,0,2,0,25" ten="75,413,393,119" oya="3" hai0="72,124,15,41,77,134,1,132,117,98,113,67,52" hai1="16,4,97,106,59,45,108,14,36,68,114,0,24" hai2="71,122,47,30,91,44,60,7,131,5,63,42,33" hai3="79,125,123,118,6,95,99,109,20,78,37,17,34"/><W38/><G118/><T21/><D1/><U51/><E68/><V27/><F131/><W85/><G123/><T96/><D117/><U129/><E108/><V19/><F122/><W90/><G34/><T29/><D41/><U13/><E129/><V110/><F110/><W35/><G35/><T66/><D124/><U8/><E114/><V92/><F47/><W86/><G125/><T103/><D113/><U82/><E82/><V48/><F19/><W74/><G6/><T107/><D96/><U54/><E106/><V28/><F28/><W111/><G111/><T133/><D77/><U121/><E97/><V100/><F100/><W65/><G74/><T50/><D72/><U58/><E121/><V46/><F46/><W18/><G65/><T119/><D119/><U80/><E80/><V57/><F71/><W61/><G61/><T105/><D107/><U40/><E58/><V56/><F56/><W115/><G37/><T127/><D127/><U26/><E0/><V112/><F112/><W9/><G38/><T130/><D130/><U135/><E135/><N who="0" m="34561" /><T12/><DORA hai="64" /><D12/><U53/><E53/><V31/><F31/><W55/><G78/><T87/><D87/><U10/><AGARI ba="0,0" hai="4,8,10,13,14,16,24,26,36,40,45,51,54,59" machi="10" ten="20,2700,0" yaku="0,1,7,1,54,1" doraHai="25,64" who="1" fromWho="1" sc="75,-7,413,27,393,-7,119,-13" owari="68,-43.0,440,53.0,386,19.0,106,-29.0" />
</Scene>
</mjloggm>