<mjloggm ver="2.3"><GO type="169" lobby="0"/><UN n0="%E3%81%99%E3%81%9A%E3%82%81%E3%82%AF%E3%83%AC%E3%82%A4%E3%82%B8%E3%83%BC" n1="%E3%81%86%E3%81%83%E3%83%BC%E3%81%A1%E3%82%83%E3%82%93" n2="%E3%81%AF%E3%81%A3%E3%81%A8%E3%82%8A%E3%81%B8%E3%81%84%E3%81%98" n3="%70%6F%6E%2D%65%6E" dan="19,17,16,17" rate="2272.80,2130.18,2113.75,2155.42" sx="M,M,M,M"/><TAIKYOKU oya="0"/>

<Scene>
<INIT seed="0,0,0,4,5,92" ten="250,250,250,250" oya="0" hai0="126,84,123,66,61,68,13,30,26,80,10,131,90" hai1="93,65,69,85,25,78,129,113,100,96,56,109,8" hai2="75,125,134,104,28,95,118,15,98,57,76,20,108" hai3="11,31,17,112,70,9,50,6,107,29,77,127,37"/><T62/><D131/><U72/><E129/><V24/><F134/><W128/><G37/><T105/><D126/><U110/><E113/><V130/><F130/><W60/><G77/><T114/><D123/><U19/><E69/><V14/><F125/><W117/><G50/><T103/><D62/><U63/><E72/><V101/><F108/><W86/><G86/><T21/><D114/><U83/><REACH who="1" step="1"/><E8/><REACH who="1" ten="250,240,250,250" step="2"/><V55/><F118/><W53/><G9/><T115/><D115/><U106/><E106/><V23/><F104/><W4/><G11/><T18/><D105/><U39/><E39/><V91/><F75/><W2/><G70/><T43/><D103/><U111/><E111/><V94/><F76/><W97/><G112/><T122/><D122/><U5/><E5/><V82/><F82/><W42/><G6/><T121/><D121/><U67/><E67/><V64/><F64/><W27/><G4/><T16/><D43/><U45/><E45/><V71/><F71/><W46/><G46/><T22/><REACH who="0" step="1"/><D10/><REACH who="0" ten="240,240,250,250" step="2"/><U133/><E133/><V73/><F101/><W41/><G41/><T40/><D40/><U102/><E102/><V135/><F135/><W88/><G42/><T52/><D52/><U51/><E51/><V49/><F49/><W33/><G53/><T0/><D0/><U35/><E35/><V79/><F55/><W120/><G33/><T36/><D36/><U81/><E81/><V32/><F32/><W7/><G2/><T119/><D119/><U89/><E89/><V99/><F91/><W44/><G7/><T3/><D3/><U34/><E34/><RYUUKYOKU ba="0,2" sc="240,15,240,15,250,-15,250,-15" hai0="13,16,18,21,22,26,30,61,66,68,80,84,90" hai1="19,25,56,63,65,78,83,85,93,96,100,109,110" />
</Scene>
<Scene>
<INIT seed="0,1,2,0,5,117" ten="255,255,235,235" oya="0" hai0="19,84,24,0,11,59,98,25,37,67,13,112,78" hai1="71,108,49,15,28,104,90,9,99,118,77,21,65" hai2="69,58,74,54,30,12,105,20,57,80,42,133,95" hai3="87,66,31,113,86,88,134,46,14,128,52,34,16"/><T68/><D37/><U82/><E118/><V1/><F1/><W124/><G113/><T116/><D112/><U119/><E119/><V2/><F105/><W132/><G124/><T126/><D68/><U48/><E108/><V63/><F2/><W10/><G128/><T7/><D126/><U131/><E131/><V97/><F133/><N who="3" m="51307" /><G66/><T44/><D116/><U26/><E65/><V129/><F129/><W72/><G72/><T8/><D44/><U17/><E71/><V83/><F42/><W79/><G79/><T39/><D39/><U96/><E104/><V5/><F69/><W120/><G120/><T101/><D78/><U56/><E90/><N who="2" m="55543" /><F74/><W50/><G87/><T41/><D84/><U81/><E81/><V106/><F106/><W73/><G73/><T93/><REACH who="0" step="1"/><D41/><REACH who="0" ten="245,255,235,235" step="2"/><U29/><E96/><V47/><F47/><W109/><G109/><T123/><D123/><U100/><E99/><V103/><F58/><W94/><G31/><T3/><D3/><U91/><E29/><V75/><F75/><W4/><G34/><T61/><AGARI ba="1,3" hai="0,7,8,11,13,19,24,25,59,61,67,93,98,101" machi="61" ten="30,11700,0" yaku="1,1,0,1,53,2" doraHai="117" doraHaiUra="22" who="0" fromWho="0" sc="245,150,255,-40,235,-40,235,-40" />
</Scene>
<Scene>
<INIT seed="0,2,0,4,2,112" ten="395,215,195,195" oya="0" hai0="38,80,109,54,88,28,50,15,86,133,49,31,71" hai1="72,111,43,93,102,22,20,123,63,94,89,128,73" hai2="105,115,118,40,122,21,8,55,18,32,12,56,127" hai3="0,124,77,6,11,34,24,1,5,26,4,48,65"/><T25/><D38/><U126/><E123/><V117/><F122/><W62/><G124/><T84/><D71/><U29/><E126/><V79/><F127/><W9/><G77/><T99/><D133/><U2/><E2/><N who="3" m="1130" /><G48/><T106/><D106/><U58/><E128/><V17/><F32/><W39/><G62/><T110/><D99/><U45/><E111/><N who="0" m="42505" /><D15/><U119/><E94/><V44/><F79/><W42/><G65/><T69/><D69/><U64/><E102/><V107/><F115/><W68/><G42/><T46/><D25/><N who="3" m="9833" /><G39/><T82/><D50/><U10/><E73/><V95/><F95/><W83/><G83/><T113/><D113/><U19/><E72/><V16/><F21/><W121/><G68/><T53/><D54/><U97/><E22/><V116/><F40/><W66/><G66/><T59/><D46/><U131/><E45/><V36/><F44/><W101/><G101/><T70/><D70/><U120/><E43/><V96/><F36/><W135/><G121/><T27/><D27/><U74/><E120/><V57/><F57/><W114/><G114/><T3/><D3/><U108/><E108/><V78/><F78/><AGARI ba="2,0" hai="28,31,49,53,59,78,80,82,84,86,88" m="42505" machi="78" ten="30,5800,0" yaku="14,1,10,1,54,1" doraHai="112" who="0" fromWho="2" sc="395,64,215,0,195,-64,195,0" />
</Scene>
<Scene>
<INIT seed="0,3,0,5,0,126" ten="459,215,131,195" oya="0" hai0="65,132,128,72,37,25,47,30,16,41,107,14,129" hai1="85,52,33,94,105,57,2,59,58,12,114,109,121" hai2="40,46,89,80,112,27,1,133,115,0,26,50,118" hai3="74,92,18,104,113,22,84,134,29,99,75,98,36"/><T86/><D72/><N who="3" m="27689" /><G22/><T117/><D117/><U19/><E105/><V91/><F118/><W10/><G18/><T69/><D107/><U15/><E121/><V111/><F111/><W64/><G10/><T5/><D132/><U135/><E135/><V82/><F133/><W35/><G29/><T97/><D97/><N who="3" m="36873" /><G64/><T62/><D86/><U106/><E109/><V8/><F8/><W21/><G21/><T24/><D5/><U55/><E106/><V70/><F70/><W32/><G36/><T93/><D93/><U78/><E114/><V130/><F50/><W17/><G17/><T83/><D83/><U108/><E33/><V77/><F77/><W49/><G49/><T28/><D28/><U127/><E2/><V100/><F46/><W95/><G104/><T124/><D124/><U60/><E127/><V43/><F100/><W11/><G92/><T34/><REACH who="0" step="1"/><D25/><REACH who="0" ten="449,215,131,195" step="2"/><U38/><E94/><V122/><REACH who="2" step="1"/><F122/><REACH who="2" ten="449,215,121,195" step="2"/><W51/><G134/><T13/><D13/><U120/><E12/><V3/><F3/><W45/><G113/><T103/><D103/><U6/><E120/><V79/><F79/><W116/><G116/><T119/><D119/><U67/><E78/><V48/><F48/><W131/><G84/><T53/><D53/><U9/><E85/><V125/><F125/><W42/><G95/><T102/><D102/><U90/><E108/><V20/><F20/><AGARI ba="3,2" hai="14,16,20,24,30,34,37,41,47,62,65,69,128,129" machi="20" ten="40,12000,1" yaku="1,1,52,2,54,1,53,0" doraHai="126" doraHaiUra="110" who="0" fromWho="2" sc="449,149,215,0,121,-129,195,0" owari="598,69.0,215,2.0,-8,-51.0,195,-20.0" />
</Scene>
</mjloggm>