<mjloggm ver="2.3"><GO type="169" lobby="0"/><UN n0="%E3%83%AB%E3%83%BC%E3%82%B7%E3%82%A2%E3%81%AE%E3%82%88%E3%81%86%E3%81%AB" n1="%E6%9C%88%E3%83%9F%E7%85%A7%E2%98%86" n2="%E3%81%99%E3%81%9A%E3%82%81%E3%82%AF%E3%83%AC%E3%82%A4%E3%82%B8%E3%83%BC" n3="%E8%85%90%E7%94%9F%E8%B1%9A%E3%82%B3%E3%83%84%E3%83%9C%E3%83%BC" dan="16,16,19,17" rate="2076.62,2064.94,2306.34,2186.24" sx="M,M,M,M"/><TAIKYOKU oya="0"/>

<Scene>
<INIT seed="0,0,0,3,2,108" ten="250,250,250,250" oya="0" hai0="12,21,89,3,38,20,67,44,99,118,4,51,50" hai1="114,132,74,98,9,96,32,46,27,34,57,124,69" hai2="94,105,11,53,125,133,106,15,110,82,60,119,73" hai3="37,49,18,6,47,43,78,135,95,7,83,134,90"/><T55/><D118/><U102/><E69/><V31/><F110/><W17/><G37/><T80/><D38/><U0/><E74/><V120/><F133/><N who="3" m="50699" /><G7/><T14/><D3/><U117/><E132/><V29/><F125/><W66/><G66/><T72/><D67/><U40/><E117/><V35/><F35/><W24/><G6/><T101/><D72/><U8/><E57/><V10/><F73/><N who="3" m="43471" /><G24/><T23/><D4/><U39/><E0/><V129/><F15/><W103/><G103/><T71/><D71/><U86/><E124/><V75/><F75/><W42/><G42/><T48/><D12/><U85/><E27/><V109/><F53/><W1/><G1/><T22/><D14/><U30/><E34/><V41/><F41/><W100/><G100/><T2/><D2/><U19/><E32/><V26/><F26/><W16/><G18/><T62/><D62/><U91/><E19/><V68/><F60/><W87/><AGARI ba="0,0" hai="16,17,43,47,49,87,90,95" m="43471,50699" machi="87" ten="30,2000,0" yaku="20,1,54,1" doraHai="108" who="3" fromWho="3" sc="250,-10,250,-5,250,-5,250,20" />
</Scene>
<Scene>
<INIT seed="1,0,0,3,1,32" ten="240,245,245,270" oya="1" hai0="3,94,112,133,24,115,98,14,30,64,107,95,61" hai1="35,78,74,57,55,130,85,28,73,129,114,53,21" hai2="104,4,59,122,86,19,92,101,12,103,39,105,47" hai3="49,26,8,66,23,31,16,123,83,56,63,68,18"/><U81/><E114/><V60/><F122/><W111/><G123/><T44/><D133/><U124/><E35/><V135/><F4/><W71/><G111/><T62/><D44/><U120/><E120/><V91/><F135/><W76/><G49/><T15/><D107/><U6/><E124/><V11/><F105/><W38/><G38/><T72/><D72/><U88/><E6/><V84/><F104/><W118/><G118/><T106/><D106/><U37/><E37/><V87/><F47/><W113/><G113/><T109/><D109/><U41/><E41/><V75/><F75/><W79/><G79/><T70/><D98/><U2/><E2/><V5/><F39/><W125/><G125/><T13/><D13/><U126/><E126/><V34/><F34/><W89/><G76/><T51/><D51/><U93/><E74/><V132/><F132/><W90/><G71/><T121/><D121/><U46/><E46/><V134/><F134/><W108/><G68/><T43/><D70/><U36/><E36/><V50/><F50/><W29/><G108/><T40/><D30/><N who="3" m="11273" /><G83/><T77/><D77/><U100/><E100/><N who="2" m="38475" /><F5/><W110/><G110/><T96/><D115/><U128/><E57/><V7/><F7/><W45/><G45/><T0/><D112/><U27/><AGARI ba="0,0" hai="21,27,28,53,55,73,78,81,85,88,93,128,129,130" machi="27" ten="40,7800,0" yaku="0,1,19,1,54,1" doraHai="32" who="1" fromWho="1" sc="240,-26,245,78,245,-26,270,-26" />
</Scene>
<Scene>
<INIT seed="1,1,0,4,1,11" ten="214,323,219,244" oya="1" hai0="66,117,44,16,74,108,77,30,98,72,7,109,64" hai1="95,86,133,76,120,68,36,125,78,81,63,90,101" hai2="114,39,92,126,46,116,40,35,89,33,48,29,52" hai3="70,54,99,119,57,103,106,128,113,102,60,104,59"/><U67/><E120/><V97/><F116/><W9/><G119/><T49/><D117/><U28/><E36/><V24/><F126/><W93/><G113/><T62/><D30/><U122/><E122/><V129/><F129/><W42/><G128/><T80/><D7/><U19/><E125/><V56/><REACH who="2" step="1"/><F114/><REACH who="2" ten="214,323,209,244" step="2"/><W8/><G106/><T88/><D109/><U134/><E134/><V132/><F132/><W96/><G70/><T79/><D108/><U2/><E133/><V38/><F38/><W10/><G42/><T53/><D74/><U85/><E2/><V14/><F14/><W127/><G127/><T32/><D32/><AGARI ba="1,1" hai="24,29,32,33,35,39,40,46,48,52,56,89,92,97" machi="32" ten="30,7700,0" yaku="1,1,7,1,54,1,53,1" doraHai="11" doraHaiUra="27" who="2" fromWho="0" sc="214,-80,323,0,209,90,244,0" />
</Scene>
<Scene>
<INIT seed="2,0,0,4,3,47" ten="134,323,299,244" oya="2" hai0="94,103,78,3,90,107,56,57,59,30,29,55,39" hai1="126,117,112,87,89,2,96,99,36,63,121,19,68" hai2="51,20,24,135,62,72,69,97,28,105,128,1,10" hai3="71,53,73,129,41,134,26,31,46,34,22,77,43"/><V74/><F128/><W79/><G71/><T14/><D39/><U130/><E112/><V85/><F135/><W119/><G119/><T58/><D3/><U120/><E117/><V64/><F85/><W93/><G129/><T80/><D107/><U115/><E115/><V114/><F114/><W113/><G113/><T70/><D70/><U33/><E130/><V123/><F123/><N who="1" m="47177" /><E36/><V125/><F125/><W110/><G134/><T40/><D40/><U124/><E33/><V48/><F74/><W12/><G110/><T133/><D103/><U118/><E118/><V132/><F72/><W106/><G106/><T35/><D35/><U111/><E2/><V7/><REACH who="2" step="1"/><F132/><REACH who="2" ten="134,323,289,244" step="2"/><W37/><G73/><N who="0" m="43087" /><D133/><U95/><E111/><V52/><F52/><W42/><G53/><T88/><D55/><U75/><E75/><V109/><F109/><W25/><G43/><T101/><D29/><U122/><E122/><V4/><F4/><W11/><G42/><T17/><D30/><U82/><E126/><V127/><F127/><W49/><G37/><T92/><D17/><U54/><E124/><V86/><F86/><W67/><G41/><T27/><D27/><U0/><E19/><V8/><F8/><W13/><G11/><T104/><D14/><U32/><E0/><V81/><F81/><W116/><G12/><T38/><D38/><U91/><E82/><V108/><F108/><W66/><G13/><T65/><D65/><U9/><E87/><V84/><F84/><W16/><G25/><T98/><N who="0" m="14336" /><DORA hai="23" /><T44/><D44/><U76/><E9/><V61/><F61/><RYUUKYOKU ba="0,1" sc="134,15,323,-15,289,15,244,-15" hai0="88,90,92,94,98,101,104" hai2="1,7,10,20,24,28,48,51,62,64,69,97,105" />
</Scene>
<Scene>
<INIT seed="2,1,1,1,5,19" ten="149,308,304,229" oya="2" hai0="131,3,49,34,22,52,99,47,122,69,89,39,129" hai1="66,17,18,8,113,65,10,84,134,38,45,87,118" hai2="74,58,12,6,83,97,88,11,57,46,21,70,110" hai3="119,53,135,42,94,130,67,76,101,68,48,125,24"/><V1/><F70/><W20/><G119/><T28/><D34/><U62/><E118/><V43/><F110/><W95/><G42/><T9/><D122/><U7/><E113/><V108/><F108/><W86/><G130/><N who="0" m="49675" /><D69/><U80/><E134/><V75/><F75/><W77/><G135/><T55/><D39/><U132/><E132/><V31/><F74/><W50/><G125/><T61/><D3/><U23/><E38/><V29/><F29/><W54/><G67/><N who="1" m="25610" /><E45/><V78/><F78/><W30/><G68/><T51/><D61/><U41/><E41/><V73/><F73/><W93/><G101/><T59/><D9/><N who="1" m="3691" /><E62/><V124/><F124/><W100/><G100/><T85/><D99/><U133/><E7/><V71/><F71/><W36/><G36/><T16/><D28/><U25/><E133/><V92/><F83/><N who="3" m="47463" /><G77/><T40/><D40/><U128/><E128/><V116/><F116/><W82/><G82/><T15/><D89/><N who="1" m="51335" /><E87/><AGARI ba="1,1" hai="15,16,22,47,49,51,52,55,59,85,87" m="49675" machi="87" ten="30,7700,0" yaku="19,1,52,1,54,2" doraHai="19" who="0" fromWho="1" sc="149,90,308,-80,304,0,229,0" />
</Scene>
<Scene>
<INIT seed="3,0,0,1,4,11" ten="239,228,304,229" oya="3" hai0="94,103,106,32,56,7,127,27,61,19,10,91,134" hai1="63,110,65,130,131,67,64,50,89,9,122,70,115" hai2="15,29,6,48,118,5,72,125,47,21,90,2,112" hai3="20,107,55,34,39,18,82,76,69,102,68,74,78"/><W1/><G1/><T88/><D106/><U3/><E122/><V30/><F72/><W37/><G34/><T35/><D134/><U87/><E115/><V96/><F125/><W114/><G114/><T116/><D127/><U38/><E38/><V59/><F2/><W119/><G119/><T53/><D116/><U36/><E36/><V46/><F59/><W4/><G4/><T31/><D35/><U92/><E110/><V60/><F60/><W16/><G55/><T26/><D26/><U80/><E50/><V85/><F96/><W113/><G113/><T117/><D19/><U62/><E3/><V77/><F77/><W13/><G78/><T98/><REACH who="0" step="1"/><D117/><REACH who="0" ten="229,228,304,229" step="2"/><U128/><E9/><N who="2" m="4527" /><F118/><W97/><G39/><T83/><D83/><U100/><E70/><V135/><F6/><W43/><REACH who="3" step="1"/><G18/><REACH who="3" ten="229,228,304,219" step="2"/><T121/><D121/><U17/><E17/><V111/><F112/><W93/><G93/><T54/><D54/><U84/><REACH who="1" step="1"/><E100/><REACH who="1" ten="229,218,304,219" step="2"/><V25/><F135/><W8/><G8/><T33/><D33/><U123/><E123/><V105/><F21/><W58/><G58/><T66/><D66/><U79/><AGARI ba="0,3" hai="62,63,64,65,67,79,80,84,87,89,92,128,130,131" machi="79" ten="40,5200,0" yaku="1,1,0,1,19,1,53,0" doraHai="11" doraHaiUra="52" who="1" fromWho="1" sc="229,-13,218,82,304,-13,219,-26" />
</Scene>
<Scene>
<INIT seed="4,0,0,2,1,97" ten="216,300,291,193" oya="0" hai0="63,29,56,28,105,121,64,43,95,1,10,130,16" hai1="40,53,135,59,109,129,133,11,70,12,76,21,38" hai2="108,18,119,58,45,112,60,73,33,110,81,2,91" hai3="27,118,54,96,124,15,41,125,86,88,71,102,93"/><T61/><D121/><U31/><E70/><V55/><F33/><W134/><G71/><T34/><D105/><U44/><E109/><V111/><F2/><W100/><G41/><T25/><D43/><U13/><E129/><V23/><F112/><W117/><G27/><T120/><D120/><U85/><E76/><V98/><F45/><W80/><G54/><T103/><D130/><U90/><E31/><V19/><F19/><W14/><G14/><N who="0" m="7255" /><D34/><U6/><E21/><V116/><F73/><W74/><G15/><T62/><D1/><U126/><E13/><V49/><F49/><W39/><G39/><T68/><D68/><U92/><REACH who="1" step="1"/><E126/><REACH who="1" ten="216,290,291,193" step="2"/><N who="3" m="48746" /><G134/><T128/><D128/><U47/><E47/><V20/><F20/><W51/><G51/><AGARI ba="0,1" hai="6,11,12,38,40,44,51,53,59,85,90,92,133,135" machi="51" ten="40,2600,0" yaku="1,1,53,1" doraHai="97" doraHaiUra="48" who="1" fromWho="3" sc="216,0,290,36,291,0,193,-26" />
</Scene>
<Scene>
<INIT seed="5,0,0,3,1,18" ten="216,326,291,167" oya="1" hai0="29,122,43,116,65,61,31,39,38,91,19,67,132" hai1="22,37,23,130,82,5,118,84,56,80,117,9,12" hai2="72,71,2,87,76,40,50,115,110,111,20,128,107" hai3="97,57,114,121,59,14,26,69,47,46,15,129,60"/><U89/><E37/><V92/><F71/><W36/><G121/><T125/><D116/><U6/><E130/><V94/><F2/><W49/><G129/><T123/><D91/><U96/><E118/><V93/><F107/><W113/><G97/><T48/><D19/><U33/><E117/><V42/><F72/><W64/><G26/><T79/><D79/><U119/><E119/><V112/><F128/><W120/><G14/><T8/><D8/><U21/><E33/><V41/><F50/><W66/><G15/><T99/><D99/><U108/><E108/><V74/><F74/><W0/><G0/><T102/><D102/><U86/><E96/><V53/><F53/><N who="3" m="29879" /><G120/><N who="0" m="46123" /><D29/><U78/><E56/><N who="3" m="21578" /><G66/><N who="0" m="25099" /><D31/><U35/><E35/><V45/><F76/><W13/><G13/><T95/><D95/><U51/><E51/><V133/><F92/><W131/><G131/><T103/><D103/><U27/><E6/><V105/><F94/><W83/><G83/><T75/><D75/><U62/><E62/><V109/><F93/><W68/><G68/><T7/><D7/><U77/><E77/><V10/><F110/><W1/><G1/><T98/><D98/><U90/><E78/><V3/><F3/><W54/><G36/><T34/><D34/><U104/><E104/><V63/><F105/><W55/><G47/><N who="0" m="25727" /><D39/><U106/><E106/><V101/><F111/><W32/><G32/><T127/><D38/><U124/><E27/><V58/><F109/><W4/><G4/><T135/><D61/><U11/><E11/><V134/><F10/><W85/><G85/><T100/><D100/><RYUUKYOKU ba="0,0" sc="216,10,326,10,291,-30,167,10" hai0="125,127,132,135" hai1="5,9,12,21,22,23,80,82,84,86,89,90,124" hai3="54,55,60,64,69,113,114" />
</Scene>
<Scene>
<INIT seed="5,1,0,3,1,57" ten="226,336,261,177" oya="1" hai0="108,95,17,9,65,14,40,124,55,116,82,16,6" hai1="34,54,72,12,121,117,44,42,135,23,78,115,104" hai2="120,27,84,112,88,37,133,59,10,56,25,58,4" hai3="75,24,32,85,68,5,129,102,80,114,26,28,119"/><U2/><E2/><V7/><F120/><W128/><G68/><T19/><D116/><U93/><E34/><V110/><F37/><W100/><G75/><T47/><D108/><U134/><E104/><V107/><F107/><W86/><G119/><T22/><D124/><U83/><E117/><V29/><F110/><W79/><G114/><T64/><D82/><U74/><E121/><V41/><F41/><W46/><G46/><T103/><D55/><U8/><E115/><V131/><F131/><N who="3" m="50251" /><G24/><T15/><D15/><U35/><E35/><V52/><F133/><W97/><G5/><N who="2" m="2121" /><F10/><W33/><G86/><T3/><D22/><U45/><E23/><N who="2" m="15551" /><F27/><N who="3" m="18463" /><G97/><N who="0" m="59839" /><D3/><U0/><E0/><V20/><F20/><W99/><G99/><T122/><D122/><U49/><E74/><V61/><F112/><W113/><G113/><T96/><D96/><U130/><E130/><V53/><F53/><W126/><G126/><T111/><D111/><U36/><E135/><V81/><AGARI ba="1,0" hai="52,56,58,59,61,81,84,88" m="15551,2121" machi="81" ten="30,7900,0" yaku="8,1,52,1,54,2" doraHai="57" who="2" fromWho="2" sc="226,-21,336,-40,261,82,177,-21" />
</Scene>
<Scene>
<INIT seed="6,0,0,2,1,105" ten="205,296,343,156" oya="2" hai0="0,122,59,32,133,72,57,112,46,61,90,99,5" hai1="7,8,111,30,95,58,77,83,60,67,49,28,17" hai2="54,3,14,101,29,75,35,89,79,65,124,37,109" hai3="86,20,55,47,42,113,119,6,26,62,78,85,94"/><V108/><F65/><W22/><G119/><T84/><D122/><U41/><E111/><V38/><F3/><W126/><G126/><T13/><D32/><U34/><E17/><V63/><F101/><W97/><G113/><T135/><D0/><U81/><E95/><V39/><F89/><W116/><G116/><T11/><D112/><U25/><E30/><V87/><F87/><W1/><G22/><T96/><D46/><U69/><E77/><V71/><F14/><W121/><G121/><T104/><D72/><U68/><E68/><V130/><F130/><W10/><G78/><T132/><D104/><U106/><E106/><V73/><F79/><W125/><G125/><T118/><D118/><U51/><E51/><V103/><F103/><W98/><G98/><T110/><D110/><N who="2" m="42602" /><F124/><W120/><G120/><T56/><D61/><U64/><E64/><N who="2" m="41375" /><F54/><W92/><G92/><AGARI ba="0,0" hai="5,11,13,56,57,59,84,90,92,96,99,132,133,135" machi="92" ten="50,1600,0" yaku="20,1" doraHai="105" who="0" fromWho="3" sc="205,16,296,0,343,0,156,-16" />
</Scene>
<Scene>
<INIT seed="7,0,0,4,2,57" ten="221,296,343,140" oya="3" hai0="132,50,115,72,17,100,79,119,49,74,42,2,37" hai1="35,47,30,127,95,29,25,5,82,99,45,13,87" hai2="125,91,54,16,93,62,110,66,73,1,24,114,77" hai3="36,88,67,134,28,81,76,58,51,98,103,7,64"/><W68/><G36/><T6/><D100/><U102/><E127/><V92/><F1/><W83/><G134/><T41/><D17/><U131/><E131/><V46/><F114/><W94/><G7/><T123/><D115/><U126/><E126/><V40/><F54/><N who="3" m="32095" /><G68/><T106/><D106/><U55/><E30/><V78/><F110/><W14/><G28/><T70/><D79/><U113/><E113/><V15/><F73/><W130/><G130/><T27/><D37/><U23/><E55/><V85/><F24/><W10/><G103/><T61/><D27/><U12/><E35/><V69/><F93/><W32/><G32/><T3/><D70/><U97/><E97/><V129/><F129/><W116/><G116/><T9/><D3/><U4/><E4/><V60/><F125/><W71/><G71/><T105/><D123/><U20/><E5/><V104/><F69/><W34/><G34/><T26/><D26/><U80/><E80/><N who="3" m="30794" /><G76/><T135/><D105/><U112/><E112/><V107/><F107/><W33/><G33/><T89/><D119/><U59/><E59/><V101/><F104/><W128/><G128/><T121/><D121/><U31/><E31/><V11/><F101/><W86/><G98/><T118/><D118/><U44/><REACH who="1" step="1"/><E23/><REACH who="1" ten="221,286,343,140" step="2"/><V63/><F66/><W108/><G108/><T0/><D2/><U90/><AGARI ba="0,1" hai="12,13,20,25,29,44,45,47,82,87,90,95,99,102" machi="90" ten="30,7900,0" yaku="1,1,2,1,0,1,8,1,53,0" doraHai="57" doraHaiUra="111" who="1" fromWho="1" sc="221,-20,286,89,343,-20,140,-39" owari="201,-20.0,375,48.0,323,12.0,101,-40.0" />
</Scene>
</mjloggm>