<mjloggm ver="2.3"><GO type="169" lobby="0"/><UN n0="%E3%81%99%E3%81%9A%E3%82%81%E3%82%AF%E3%83%AC%E3%82%A4%E3%82%B8%E3%83%BC" n1="%E3%81%87%E3%82%8B%E3%81%87%E3%82%8B" n2="%E3%83%87%E3%83%87%E3%82%AD%E3%83%B3%E3%83%88" n3="%6B%65%69%2D%6B%65%69" dan="19,16,17,16" rate="2296.98,2106.32,2136.90,2023.98" sx="M,M,M,M"/><TAIKYOKU oya="0"/>

<Scene>
<INIT seed="0,0,0,4,0,67" ten="250,250,250,250" oya="0" hai0="57,11,45,109,111,108,104,64,118,69,72,132,60" hai1="124,71,74,62,47,121,39,92,15,51,114,85,22" hai2="20,58,95,81,135,52,65,82,41,110,50,122,87" hai3="35,29,76,61,6,130,30,123,88,91,34,86,2"/><T12/><D72/><U7/><E74/><V94/><F110/><W96/><G123/><T38/><D104/><U77/><E121/><V17/><F135/><W129/><G76/><T4/><D132/><U31/><E39/><V56/><F122/><W10/><G96/><T116/><D57/><U21/><E124/><V19/><F41/><AGARI ba="0,0" hai="4,11,12,38,41,45,60,64,69,108,109,111,116,118" machi="41" ten="40,7700,0" yaku="14,1,10,1,52,1" doraHai="67" who="0" fromWho="2" sc="250,77,250,0,250,-77,250,0" />
</Scene>
<Scene>
<INIT seed="0,1,0,2,4,127" ten="327,250,173,250" oya="0" hai0="14,22,105,74,45,107,0,10,5,47,134,117,59" hai1="25,41,99,122,61,64,80,114,63,130,67,38,37" hai2="84,106,2,70,33,42,82,115,11,24,125,8,34" hai3="73,40,18,121,58,27,118,78,102,17,101,21,31"/><T94/><D117/><U129/><E25/><V16/><F106/><W111/><G118/><T76/><D134/><U96/><E122/><V68/><F42/><W44/><G111/><T104/><D94/><U43/><REACH who="1" step="1"/><E80/><REACH who="1" ten="327,240,173,250" step="2"/><V132/><F24/><W46/><G121/><T77/><D74/><U119/><E119/><V49/><F82/><W30/><G73/><T112/><D112/><AGARI ba="1,1" hai="37,38,41,43,61,63,64,67,96,99,112,114,129,130" machi="112" ten="25,8000,1" yaku="1,1,22,2,52,2,53,0" doraHai="127" doraHaiUra="35" who="1" fromWho="0" sc="327,-83,240,93,173,0,250,0" />
</Scene>
<Scene>
<INIT seed="1,0,0,1,4,109" ten="244,333,173,250" oya="1" hai0="22,72,11,106,7,27,90,84,67,48,86,80,103" hai1="49,128,98,102,93,36,124,108,42,94,28,82,21" hai2="101,118,47,13,123,99,133,112,129,75,96,100,117" hai3="33,0,61,6,88,35,55,30,73,45,12,25,37"/><U79/><E36/><V57/><F75/><W4/><G73/><T70/><D72/><U92/><E128/><V77/><F123/><W71/><G0/><T66/><D70/><U60/><E124/><V38/><F129/><W58/><G71/><T127/><D106/><U5/><E5/><V53/><F77/><W64/><G35/><T3/><D103/><U54/><E42/><V74/><F74/><W29/><G30/><T111/><D111/><U63/><E79/><V122/><F122/><W85/><G12/><T105/><D105/><U17/><E82/><V89/><F133/><W113/><G113/><T31/><D127/><U51/><E28/><V91/><F13/><W95/><REACH who="3" step="1"/><G55/><REACH who="3" ten="244,333,173,240" step="2"/><T126/><D126/><U125/><E125/><V16/><F53/><W132/><G132/><T24/><D24/><U50/><E108/><V39/><F112/><W1/><G1/><T2/><D2/><U46/><E46/><V76/><F47/><W134/><G134/><T135/><D135/><U62/><E54/><V40/><F57/><W26/><G26/><AGARI ba="0,1" hai="17,21,26,49,50,51,60,62,63,92,93,94,98,102" machi="26" ten="40,2000,0" yaku="8,1" doraHai="109" who="1" fromWho="3" sc="244,0,333,30,173,0,240,-20" />
</Scene>
<Scene>
<INIT seed="1,1,0,5,2,113" ten="244,363,173,220" oya="1" hai0="15,115,27,60,77,101,109,25,44,87,80,12,132" hai1="134,21,38,72,70,93,20,35,6,47,30,4,104" hai2="89,71,48,16,106,76,119,41,112,55,28,110,19" hai3="126,79,108,0,118,73,8,74,99,57,49,46,131"/><U37/><E104/><V33/><F71/><W129/><G108/><T107/><D109/><U9/><E72/><V84/><F106/><W92/><G57/><T54/><D132/><U18/><E70/><V103/><F110/><W81/><G126/><T125/><D101/><U62/><E62/><V14/><F103/><W61/><G61/><T50/><D107/><U22/><E93/><V117/><F112/><W56/><G56/><T116/><D116/><U90/><E90/><V69/><F69/><W78/><G0/><T96/><D96/><U32/><E47/><V17/><F14/><N who="0" m="5162" /><D125/><U100/><E100/><V10/><F10/><W64/><G8/><T88/><D115/><U86/><E86/><V1/><F1/><W67/><G118/><T52/><D77/><U121/><E38/><V120/><F76/><W39/><G78/><T94/><D80/><U83/><E83/><V63/><F120/><W114/><G39/><T105/><D105/><U5/><E37/><V13/><F13/><W43/><G114/><T124/><D124/><U95/><E95/><N who="2" m="54695" /><F41/><W123/><G73/><T65/><D65/><U11/><E121/><V36/><F36/><W23/><G123/><T34/><D34/><N who="1" m="12843" /><E134/><V31/><F63/><W122/><G122/><T75/><D75/><U97/><E97/><V128/><F33/><W59/><G99/><T3/><D60/><U29/><E18/><V135/><F135/><W91/><G67/><T133/><D133/><U111/><E111/><V66/><F66/><W45/><G64/><T85/><D85/><U26/><E30/><N who="2" m="11307" /><F128/><W98/><G129/><RYUUKYOKU ba="1,0" sc="244,-15,363,15,173,15,220,-15" hai1="4,5,6,9,11,20,21,22,26,29" hai2="16,17,19,48,55,117,119" />
</Scene>
<Scene>
<INIT seed="1,2,0,2,0,94" ten="229,378,188,205" oya="1" hai0="102,120,86,105,57,18,81,107,77,32,108,27,119" hai1="68,115,54,24,16,19,46,132,114,26,21,80,37" hai2="1,7,131,42,106,129,3,91,130,97,67,79,43" hai3="2,38,55,123,92,134,73,53,74,51,111,128,88"/><U72/><E68/><V133/><F79/><W75/><G2/><N who="2" m="521" /><F7/><W124/><G38/><T65/><D119/><U36/><E132/><V58/><F133/><W56/><G134/><T93/><D108/><U41/><E54/><V117/><F117/><W100/><G111/><T52/><D65/><U71/><E71/><V28/><F28/><W13/><G123/><T34/><D120/><U69/><E69/><V35/><F35/><W62/><G124/><T83/><D34/><U99/><E80/><V78/><F78/><W48/><G100/><T101/><D101/><U66/><E66/><V61/><F106/><W20/><G128/><N who="2" m="32769" /><V5/><DORA hai="4" /><F5/><W49/><G20/><T17/><D17/><U135/><E135/><V103/><F103/><W70/><G13/><T84/><D18/><U29/><E37/><V82/><F82/><W59/><REACH who="3" step="1"/><G70/><REACH who="3" ten="229,378,188,195" step="2"/><T96/><D32/><U31/><E21/><V90/><F90/><W8/><G8/><T50/><D27/><U22/><E26/><V98/><F91/><AGARI ba="2,1" hai="50,52,57,77,81,83,84,86,91,93,96,102,105,107" machi="91" ten="30,3900,0" yaku="7,1,52,1,54,1" doraHai="94,4" who="0" fromWho="2" sc="229,55,378,0,188,-45,195,0" />
</Scene>
<Scene>
<INIT seed="2,0,0,0,1,38" ten="284,378,143,195" oya="2" hai0="43,2,51,52,68,3,23,127,62,10,80,79,66" hai1="134,115,76,25,17,132,30,85,128,49,121,34,92" hai2="86,61,15,106,6,56,89,0,44,45,91,1,93" hai3="55,99,59,126,125,27,5,109,8,14,47,32,28"/><V104/><F15/><W7/><G109/><T107/><D107/><U82/><E115/><V130/><F130/><W13/><G99/><T26/><D127/><N who="3" m="48649" /><G47/><T87/><D10/><U118/><E118/><V78/><F78/><W116/><G116/><T58/><REACH who="0" step="1"/><D43/><REACH who="0" ten="274,378,143,195" step="2"/><U110/><E128/><V69/><F106/><W120/><G120/><T124/><D124/><U75/><E121/><V88/><F104/><W135/><G135/><T11/><D11/><U4/><E110/><V35/><F1/><N who="3" m="47" /><G7/><T112/><D112/><U131/><E131/><V70/><F0/><W95/><G95/><T20/><D20/><U12/><E4/><V29/><F6/><W117/><G117/><T133/><D133/><U57/><E92/><V50/><F93/><W31/><G31/><AGARI ba="0,1" hai="2,3,23,26,31,51,52,58,62,66,68,79,80,87" machi="31" ten="30,8000,1" yaku="1,1,7,1,54,1,53,2" doraHai="38" doraHaiUra="33" who="0" fromWho="3" sc="274,90,378,0,143,0,195,-80" />
</Scene>
<Scene>
<INIT seed="3,0,0,0,3,72" ten="364,378,143,115" oya="3" hai0="46,111,19,48,26,40,37,62,82,29,91,31,4" hai1="76,79,103,65,2,124,11,47,14,86,68,43,113" hai2="130,88,112,33,74,18,34,1,17,57,39,5,116" hai3="106,78,56,71,42,0,20,50,126,99,38,107,12"/><W94/><G71/><T25/><D111/><U53/><E113/><V84/><F74/><W89/><G0/><T21/><D4/><U69/><E2/><V100/><F39/><W49/><G126/><T77/><D91/><U9/><E124/><V114/><F100/><W3/><G3/><T98/><D98/><U15/><E103/><V90/><F57/><W70/><G70/><T109/><D109/><U122/><E122/><V60/><F60/><W54/><G38/><T66/><D37/><U83/><E53/><V6/><F1/><W44/><REACH who="3" step="1"/><G78/><REACH who="3" ten="364,378,143,105" step="2"/><T96/><D77/><U123/><E79/><V134/><F116/><W73/><G73/><T51/><D51/><U23/><E69/><V133/><REACH who="2" step="1"/><F84/><REACH who="2" ten="364,378,133,105" step="2"/><W75/><G75/><T131/><D62/><U27/><E86/><V127/><F127/><W132/><G132/><T120/><D48/><U119/><E119/><V28/><F28/><W10/><G10/><T115/><D29/><U24/><E11/><V67/><F67/><W108/><G108/><T32/><D66/><U85/><E9/><V64/><F64/><W7/><G7/><T121/><D31/><U105/><E65/><V81/><F81/><W59/><G59/><T110/><D82/><U117/><E83/><V95/><F95/><W93/><G93/><T22/><D110/><U36/><E117/><V102/><F102/><W8/><G8/><T129/><D120/><U13/><E123/><V58/><F58/><W45/><G45/><T87/><D46/><U125/><E125/><V35/><F35/><W63/><G63/><T135/><D121/><RYUUKYOKU ba="0,2" sc="364,-15,378,-15,133,15,105,15" hai2="5,6,17,18,33,34,88,90,112,114,130,133,134" hai3="12,20,42,44,49,50,54,56,89,94,99,106,107" />
</Scene>
<Scene>
<INIT seed="3,1,2,3,1,20" ten="349,363,148,120" oya="3" hai0="40,131,127,16,70,50,47,23,98,93,27,21,100" hai1="37,11,106,112,32,26,77,74,120,18,24,101,44" hai2="76,111,90,25,60,61,34,66,109,59,135,122,85" hai3="89,114,36,84,107,105,115,95,80,49,17,7,79"/><W67/><G36/><T88/><D131/><U104/><E120/><V116/><F116/><W46/><G7/><T126/><D70/><U125/><E112/><V3/><F135/><W94/><G67/><T123/><D123/><U51/><E37/><V54/><F3/><W28/><G28/><T52/><D23/><U72/><E32/><V13/><F122/><W62/><G62/><T15/><D15/><U14/><E125/><N who="0" m="47625" /><D100/><U91/><E91/><V33/><F76/><W133/><G133/><T38/><D38/><U48/><E101/><V108/><F13/><W64/><G64/><T19/><D19/><U45/><E14/><V5/><F5/><W81/><G17/><T12/><D12/><U78/><E18/><V124/><F25/><W35/><G35/><T92/><D93/><N who="3" m="35337" /><G49/><T0/><D0/><U97/><E97/><V129/><F129/><W99/><G46/><T22/><D22/><U57/><E57/><N who="2" m="37167" /><F124/><W130/><G130/><T128/><D128/><U43/><E11/><V119/><F119/><W6/><G6/><T86/><D98/><U30/><E30/><V69/><F69/><W117/><G117/><T41/><AGARI ba="1,2" hai="16,21,27,40,41,47,50,52,86,88,92" m="47625" machi="41" ten="30,8000,1" yaku="18,1,52,1,54,3" doraHai="20" who="0" fromWho="0" sc="349,103,363,-21,148,-21,120,-41" />
</Scene>
<Scene>
<INIT seed="4,0,0,1,2,52" ten="452,342,127,79" oya="0" hai0="6,62,135,122,123,73,63,100,75,24,108,103,41" hai1="89,91,87,116,110,57,125,70,130,105,4,74,20" hai2="83,76,81,54,127,31,16,18,1,37,95,14,64" hai3="34,42,65,50,99,126,5,78,55,56,84,46,82"/><T68/><D135/><U23/><E74/><V29/><F37/><W69/><G34/><T92/><D68/><U39/><E70/><V115/><F1/><W59/><G126/><T21/><D6/><U36/><E105/><V40/><F115/><W38/><G99/><T132/><D132/><U66/><E110/><V2/><F2/><W86/><G84/><T109/><D41/><U53/><E66/><V104/><F104/><W28/><G28/><N who="2" m="10825" /><F127/><W79/><G5/><T17/><D92/><U15/><E116/><V107/><F107/><W13/><G13/><T85/><D85/><U47/><E130/><V97/><F64/><W30/><G30/><T3/><D17/><U32/><E32/><V11/><F40/><W67/><G78/><T51/><D51/><U60/><E91/><N who="2" m="55551" /><F76/><W72/><G72/><T102/><D103/><U118/><E118/><V96/><F96/><W121/><G121/><T44/><D3/><U111/><E111/><V117/><F117/><W45/><G67/><T58/><D100/><U27/><E27/><V19/><F54/><W106/><REACH who="3" step="1"/><G106/><REACH who="3" ten="452,342,127,69" step="2"/><T71/><D75/><U133/><E4/><AGARI ba="0,1" hai="4,11,14,16,18,19,81,83" m="55551,10825" machi="4" ten="30,2000,0" yaku="8,1,54,1" doraHai="52" who="2" fromWho="1" sc="452,0,342,-20,127,30,69,0" />
</Scene>
<Scene>
<INIT seed="5,0,0,1,1,5" ten="452,322,157,69" oya="1" hai0="125,95,118,100,45,104,102,50,8,131,93,39,2" hai1="51,63,114,59,27,116,134,52,31,13,128,108,65" hai2="11,32,72,38,135,86,33,55,3,16,69,88,77" hai3="28,6,81,89,132,34,61,94,106,76,15,97,105"/><U87/><E116/><V129/><F69/><W14/><G132/><T127/><D39/><U82/><E134/><V19/><F135/><W17/><G6/><T42/><D131/><U84/><E128/><V57/><F129/><W109/><G109/><T10/><D2/><U133/><E133/><V41/><F33/><W130/><G130/><T64/><D104/><U79/><E114/><V68/><F68/><W71/><G15/><T126/><D64/><U67/><E108/><V111/><F32/><W56/><G71/><T90/><D118/><U119/><E119/><V37/><F111/><W22/><G28/><T85/><D95/><U40/><E40/><V124/><F124/><W4/><G34/><T47/><D47/><U107/><E107/><V49/><F72/><W103/><G4/><T12/><D12/><U91/><E13/><V43/><F38/><W35/><G35/><T96/><D96/><U46/><E31/><V7/><F77/><W83/><G103/><AGARI ba="0,0" hai="8,10,42,45,50,85,90,93,100,102,103,125,126,127" machi="103" ten="40,5200,0" yaku="18,1,52,2" doraHai="5" who="0" fromWho="3" sc="452,52,322,0,157,0,69,-52" />
</Scene>
<Scene>
<INIT seed="6,0,0,2,3,38" ten="504,322,157,17" oya="2" hai0="80,134,106,108,130,19,28,51,8,3,15,20,35" hai1="76,102,95,114,56,75,129,61,73,13,37,32,42" hai2="133,11,77,87,125,85,131,132,94,1,0,18,16" hai3="79,128,36,121,91,93,59,7,63,124,21,60,50"/><V25/><F94/><W46/><G36/><T55/><D106/><U90/><E32/><V24/><F77/><W31/><G121/><T48/><D130/><U78/><E114/><V122/><F87/><W118/><G128/><T26/><D134/><N who="2" m="51818" /><F85/><N who="3" m="52463" /><G118/><T70/><D70/><U27/><E102/><V57/><F131/><W105/><G105/><T97/><D108/><U123/><E95/><V4/><F57/><W43/><G124/><T115/><D115/><U112/><E90/><V101/><F101/><W98/><G79/><T88/><D55/><U6/><E56/><V84/><F84/><W74/><G74/><T23/><D80/><U117/><E123/><V67/><F67/><N who="3" m="39327" /><G98/><T96/><D97/><U52/><E117/><V29/><F125/><W109/><G109/><T99/><D96/><U47/><E112/><V71/><F71/><W107/><G107/><T2/><D88/><U41/><E78/><V65/><F65/><W119/><G119/><T72/><D99/><U86/><E76/><V66/><F66/><W120/><G120/><T44/><D72/><U83/><E86/><V9/><F122/><W10/><G63/><T34/><D48/><U126/><E83/><V111/><F111/><W5/><G10/><T104/><D51/><U45/><E75/><V12/><F0/><W113/><G113/><T81/><D104/><U17/><E73/><V103/><F103/><W54/><G54/><T39/><D81/><U69/><E126/><V40/><F1/><W30/><G30/><T22/><D2/><U116/><E129/><V64/><F29/><W14/><G31/><RYUUKYOKU ba="0,0" sc="504,-10,322,-10,157,-10,17,30" hai3="5,7,14,21,43,46,50" />
</Scene>
<Scene>
<INIT seed="7,1,0,3,2,61" ten="494,312,147,47" oya="3" hai0="27,59,48,133,67,65,101,114,7,46,100,26,78" hai1="60,116,86,96,125,76,74,14,43,118,92,111,32" hai2="11,4,120,88,70,98,110,79,36,77,44,8,12" hai3="129,47,115,135,126,31,40,62,19,29,94,37,119"/><W132/><G119/><T41/><D133/><N who="3" m="51273" /><G126/><T102/><D114/><U22/><E32/><V0/><F110/><W123/><G123/><T87/><D7/><U56/><E74/><V95/><F120/><W131/><G115/><T52/><D78/><U13/><E111/><V81/><F70/><W51/><G37/><T103/><D87/><U63/><E43/><V73/><F79/><W104/><G104/><T45/><D102/><U28/><E125/><V82/><F82/><W109/><G109/><T64/><REACH who="0" step="1"/><D46/><REACH who="0" ten="484,312,147,47" step="2"/><U18/><E86/><V71/><F36/><AGARI ba="1,1" hai="26,27,36,41,45,48,52,59,64,65,67,100,101,103" machi="36" ten="40,16000,3" yaku="1,1,2,1,52,3,54,1,53,3" doraHai="61" doraHaiUra="99" who="0" fromWho="2" sc="484,173,312,0,147,-163,47,0" owari="657,76.0,312,11.0,-16,-52.0,47,-35.0" />
</Scene>
</mjloggm>