<mjloggm ver="2.3"><GO type="169" lobby="0"/><UN n0="%E6%94%BE%E9%8A%83%E7%8E%8B%EF%BC%94" n1="%E3%81%99%E3%81%9A%E3%82%81%E3%82%AF%E3%83%AC%E3%82%A4%E3%82%B8%E3%83%BC" n2="%E3%83%8F%E3%82%A4%E3%83%86%E3%83%B3%E3%83%9C%E3%83%BC" n3="%E8%85%90%E7%94%9F%E8%B1%9A%E3%82%B3%E3%83%84%E3%83%9C%E3%83%BC" dan="16,19,16,17" rate="2092.56,2312.92,2085.45,2186.01" sx="M,M,M,M"/><TAIKYOKU oya="0"/>

<Scene>
<INIT seed="0,0,0,3,1,52" ten="250,250,250,250" oya="0" hai0="31,72,66,68,134,67,121,78,106,124,96,91,97" hai1="71,48,18,114,28,105,84,95,87,40,13,99,14" hai2="104,26,42,77,53,39,115,116,29,59,32,3,21" hai3="102,47,108,56,34,58,63,83,7,0,36,45,17"/><T41/><D121/><U123/><E105/><V11/><F115/><W79/><G34/><T60/><D134/><U9/><E71/><V122/><F122/><W131/><G102/><T130/><D130/><U76/><E114/><V73/><F116/><W37/><G131/><T6/><D6/><U12/><E28/><V51/><F104/><W81/><G17/><T64/><D124/><U88/><E123/><V38/><F42/><W70/><G70/><T24/><D41/><U57/><E40/><V55/><F32/><W49/><G108/><T125/><D125/><U117/><E117/><V113/><F113/><W2/><G7/><T89/><D78/><U10/><E76/><V5/><REACH who="2" step="1"/><F55/><REACH who="2" ten="250,250,240,250" step="2"/><W46/><G79/><T112/><D112/><U61/><E48/><V128/><F128/><W44/><G49/><T101/><D72/><U20/><E9/><V110/><F110/><W107/><G107/><T30/><D30/><U15/><E10/><V118/><F118/><W19/><G37/><T100/><D100/><U82/><E82/><AGARI ba="0,1" hai="3,5,11,21,26,29,38,39,51,53,59,73,77,82" machi="82" ten="40,2600,0" yaku="1,1,52,1,53,0" doraHai="52" doraHaiUra="93" who="2" fromWho="1" sc="250,0,250,-26,240,36,250,0" />
</Scene>
<Scene>
<INIT seed="1,0,0,2,3,130" ten="250,224,276,250" oya="1" hai0="110,46,45,48,36,0,104,127,3,128,65,80,34" hai1="33,96,23,22,122,15,119,74,20,14,79,56,32" hai2="27,103,131,85,28,26,134,107,109,57,78,62,52" hai3="72,97,116,21,71,94,18,102,70,50,105,88,41"/><U73/><E122/><V29/><F131/><W111/><G116/><T42/><D104/><U51/><E119/><V125/><F125/><W124/><G72/><T58/><D128/><U81/><E74/><V19/><F109/><W10/><G111/><T77/><D110/><U24/><E96/><V44/><F103/><W129/><G129/><T49/><D34/><U115/><E115/><V99/><F99/><W63/><G124/><T9/><D127/><U17/><E15/><V31/><F107/><W43/><G10/><T60/><D9/><U7/><E7/><V89/><F78/><W53/><G70/><T84/><REACH who="0" step="1"/><D36/><REACH who="0" ten="240,224,276,250" step="2"/><U75/><E33/><V1/><F1/><W39/><G39/><T6/><D6/><U114/><E114/><V112/><F112/><W95/><G105/><T106/><D106/><U66/><E32/><V121/><F121/><W13/><G71/><T5/><D5/><U86/><E23/><V92/><F44/><W126/><G126/><T101/><D101/><U64/><E75/><V8/><F134/><W117/><G117/><T40/><AGARI ba="0,1" hai="0,3,40,42,45,46,48,49,58,60,65,77,80,84" machi="40" ten="20,5200,0" yaku="1,1,0,1,7,1,9,1,53,0" doraHai="130" doraHaiUra="123" who="0" fromWho="0" sc="240,62,224,-26,276,-13,250,-13" />
</Scene>
<Scene>
<INIT seed="2,0,0,3,0,111" ten="302,198,263,237" oya="2" hai0="106,80,63,98,23,30,124,54,13,135,19,5,87" hai1="134,104,9,84,8,77,88,89,20,91,68,55,90" hai2="72,24,64,36,57,42,118,123,18,53,92,117,40" hai3="121,56,62,126,50,99,67,17,16,48,79,101,93"/><V0/><F0/><W39/><G39/><T120/><D120/><U130/><E104/><V27/><F123/><W119/><G121/><T37/><D37/><U41/><E68/><V73/><F64/><W45/><G119/><T112/><D124/><U114/><E114/><V47/><F42/><W113/><G126/><T94/><D112/><U105/><E105/><V58/><F58/><W51/><G113/><T60/><D106/><U14/><E130/><V2/><F2/><W82/><REACH who="3" step="1"/><G45/><REACH who="3" ten="302,198,263,227" step="2"/><T97/><D135/><U28/><E134/><V85/><F118/><W21/><G21/><T102/><D23/><U1/><E20/><V34/><F117/><W10/><G10/><T59/><D30/><U103/><E9/><V83/><F34/><W133/><G133/><T75/><D75/><AGARI ba="0,1" hai="16,17,48,50,51,56,62,67,75,79,82,93,99,101" machi="75" ten="40,2600,0" yaku="1,1,54,1,53,0" doraHai="111" doraHaiUra="25" who="3" fromWho="0" sc="302,-26,198,0,263,0,227,36" />
</Scene>
<Scene>
<INIT seed="3,0,0,0,4,24" ten="276,198,263,263" oya="3" hai0="91,114,41,129,94,20,4,28,45,92,86,81,107" hai1="68,26,39,98,76,120,0,133,27,112,109,38,119" hai2="2,52,105,47,9,12,60,99,135,11,100,83,62" hai3="75,78,50,17,32,56,6,96,90,72,73,111,8"/><W23/><G32/><T49/><D107/><U132/><E76/><V43/><F135/><W102/><G90/><T22/><D129/><U59/><E98/><V35/><F35/><W93/><G111/><T125/><D125/><U71/><E0/><V7/><F83/><W122/><G122/><T126/><D126/><U42/><E109/><V14/><F2/><W67/><G6/><T18/><D114/><U110/><E110/><V85/><F85/><W89/><G8/><T70/><D70/><U127/><E42/><V37/><REACH who="2" step="1"/><F52/><REACH who="2" ten="276,198,253,263" step="2"/><W36/><G75/><T15/><D4/><AGARI ba="0,1" hai="4,7,9,11,12,14,37,43,47,60,62,99,100,105" machi="4" ten="30,7700,0" yaku="1,1,2,1,7,1,9,1,53,0" doraHai="24" doraHaiUra="61" who="2" fromWho="0" sc="276,-77,198,0,253,87,263,0" />
</Scene>
<Scene>
<INIT seed="4,0,0,3,0,58" ten="199,198,340,263" oya="0" hai0="77,120,95,62,68,31,13,103,112,41,9,64,28" hai1="91,26,53,113,99,104,76,47,125,81,60,121,40" hai2="19,131,50,56,124,67,30,90,15,71,37,129,61" hai3="119,49,18,66,10,4,123,135,57,130,85,102,39"/><T5/><D120/><U106/><E121/><V84/><F37/><W83/><G39/><T21/><D112/><U114/><E125/><V115/><F30/><W55/><G119/><T117/><D117/><U17/><E26/><V46/><F124/><W96/><G123/><T8/><D77/><U132/><E17/><V118/><F115/><N who="1" m="44041" /><E132/><V89/><F71/><W32/><G32/><T73/><D73/><N who="1" m="43151" /><E91/><V23/><F118/><W128/><G135/><T100/><D41/><U33/><E99/><V14/><F14/><W2/><G18/><T110/><D110/><U22/><E22/><V72/><F72/><W34/><G34/><T133/><D133/><U116/><E33/><V94/><REACH who="2" step="1"/><F90/><REACH who="2" ten="199,198,330,263" step="2"/><W36/><G36/><T6/><D103/><U93/><E116/><V75/><F75/><W82/><G102/><T24/><D31/><U127/><E127/><V29/><F29/><W86/><G130/><T122/><D122/><U134/><E134/><V35/><F35/><W97/><G128/><T79/><D79/><U70/><E70/><V78/><F78/><W59/><G2/><T16/><D8/><U38/><E93/><V43/><AGARI ba="0,1" hai="15,19,23,43,46,50,56,61,67,84,89,94,129,131" machi="43" ten="30,4000,0" yaku="1,1,0,1,52,1,53,0" doraHai="58" doraHaiUra="7" who="2" fromWho="2" sc="199,-20,198,-10,330,50,263,-10" />
</Scene>
<Scene>
<INIT seed="5,0,0,3,0,134" ten="179,188,380,253" oya="1" hai0="62,92,105,37,110,12,26,41,122,128,74,68,126" hai1="104,34,70,76,44,125,30,8,5,131,117,47,84" hai2="69,109,59,19,127,112,36,14,73,106,55,81,107" hai3="17,33,46,82,39,75,42,85,40,2,21,120,121"/><U31/><E117/><V35/><F69/><W132/><G33/><T64/><D105/><U7/><E104/><V60/><F109/><W108/><G108/><T22/><D110/><U23/><E70/><V102/><F35/><W65/><G132/><T100/><D74/><U28/><E34/><V101/><F36/><W15/><G2/><T13/><D128/><U6/><E131/><V24/><F24/><W87/><G65/><T72/><D72/><U103/><E103/><V113/><F107/><W0/><G0/><T45/><D122/><U10/><E23/><V49/><F60/><W27/><G40/><T53/><D53/><U52/><E125/><V20/><F127/><W116/><G116/><T111/><D111/><U95/><E52/><V129/><F129/><W43/><G43/><T54/><D126/><U4/><N who="1" m="1024" /><DORA hai="51" /><U29/><N who="1" m="7168" /><DORA hai="3" /><U57/><E57/><V67/><F67/><W83/><G75/><T93/><D54/><U91/><REACH who="1" step="1"/><E76/><REACH who="1" ten="179,178,380,253" step="2"/><N who="2" m="44175" /><F106/><W32/><G32/><T124/><D124/><U80/><E80/><V18/><F18/><W56/><G56/><T119/><D119/><U99/><E99/><V77/><F77/><W71/><G71/><T130/><D130/><U79/><E79/><V9/><F20/><W88/><G121/><T16/><REACH who="0" step="1"/><D93/><REACH who="0" ten="169,178,380,253" step="2"/><U63/><E63/><V11/><F55/><W94/><G120/><T61/><D61/><U96/><E96/><AGARI ba="0,2" hai="12,13,16,22,26,37,41,45,62,64,68,92,96,100" machi="96" ten="40,2600,0" yaku="1,1,54,1,53,0" doraHai="134,51,3" doraHaiUra="133,114,25" who="0" fromWho="1" sc="169,46,178,-26,380,0,253,0" />
</Scene>
<Scene>
<INIT seed="6,0,0,0,2,4" ten="215,152,380,253" oya="2" hai0="77,135,102,121,74,96,70,17,33,129,83,101,80" hai1="134,29,68,7,41,118,60,59,26,18,123,86,38" hai2="73,117,99,9,76,120,6,105,124,125,5,109,44" hai3="58,119,81,126,94,57,98,14,132,69,116,82,127"/><V28/><F120/><W25/><G69/><T32/><D70/><U54/><E118/><N who="3" m="45098" /><G14/><T1/><D121/><U19/><E123/><V3/><F117/><W36/><G36/><T128/><D135/><U90/><E134/><V114/><F28/><W100/><G25/><T49/><D1/><U67/><E7/><V52/><F6/><W87/><G132/><T131/><D83/><N who="3" m="31753" /><G87/><T53/><D17/><U93/><E41/><V63/><F76/><W22/><G22/><T62/><D62/><U56/><E68/><V20/><F20/><W31/><G31/><T10/><D102/><U107/><E107/><V24/><F24/><W34/><G34/><T113/><D10/><U43/><E43/><V16/><F73/><W48/><G48/><T115/><D32/><U0/><E0/><V108/><F16/><W110/><G110/><N who="2" m="42601" /><F44/><W55/><G55/><T104/><REACH who="0" step="1"/><D33/><REACH who="0" ten="205,152,380,253" step="2"/><U8/><E8/><V42/><F9/><W85/><G100/><T64/><D64/><U35/><REACH who="1" step="1"/><E38/><REACH who="1" ten="205,142,380,253" step="2"/><V79/><F3/><W30/><G127/><T78/><D78/><U65/><E65/><V112/><F79/><W15/><G126/><T71/><D71/><U47/><E47/><AGARI ba="0,2" hai="47,49,53,74,77,80,96,101,104,113,115,128,129,131" machi="47" ten="40,5200,0" yaku="1,1,19,1,53,1" doraHai="4" doraHaiUra="50" who="0" fromWho="1" sc="205,72,142,-52,380,0,253,0" />
</Scene>
<Scene>
<INIT seed="7,0,0,1,0,31" ten="277,90,380,253" oya="3" hai0="5,62,110,17,7,47,50,107,116,93,127,125,106" hai1="25,103,18,102,71,20,77,94,112,12,67,91,48" hai2="105,129,10,34,44,120,92,43,38,11,114,75,53" hai3="29,73,83,65,109,23,68,36,26,51,72,52,9"/><W108/><G36/><T56/><D110/><N who="3" m="42601" /><G9/><T19/><D116/><U113/><E71/><V55/><F105/><N who="0" m="39946" /><D93/><U115/><E67/><V124/><F75/><W14/><G14/><T66/><D7/><U24/><E77/><V59/><F120/><W60/><G83/><T96/><D96/><U80/><E80/><V81/><F81/><W46/><AGARI ba="0,0" hai="23,26,29,46,51,52,60,65,68,72,73" m="42601" machi="46" ten="30,3000,0" yaku="10,1,54,1" doraHai="31" who="3" fromWho="3" sc="277,-10,90,-10,380,-10,253,30" />
</Scene>
<Scene>
<INIT seed="7,1,0,5,1,20" ten="267,80,370,283" oya="3" hai0="73,31,114,111,125,39,32,95,123,54,135,16,65" hai1="25,88,27,8,60,71,19,110,92,121,85,3,115" hai2="112,82,44,77,93,26,0,50,128,47,100,103,23" hai3="90,107,83,12,42,79,57,126,97,66,68,131,13"/><W6/><G68/><T76/><D123/><U134/><E110/><V98/><F0/><W1/><G126/><T40/><D111/><U33/><E121/><V62/><F112/><W18/><G131/><T24/><D125/><U74/><E74/><V36/><F36/><W113/><G113/><T46/><D114/><U116/><E115/><V63/><F103/><W2/><G42/><T48/><D65/><U45/><E134/><V58/><F128/><W56/><G56/><T120/><D120/><U53/><E116/><V37/><F37/><W49/><G107/><T70/><D70/><U117/><E33/><V96/><F96/><W133/><G133/><T67/><D67/><U108/><E108/><V99/><F99/><W34/><G34/><T72/><D135/><U29/><E29/><N who="2" m="17631" /><F50/><W28/><G28/><T130/><D130/><U86/><E117/><V119/><F63/><W84/><G12/><T106/><D106/><U80/><E71/><V52/><F119/><W11/><G2/><T59/><D76/><U9/><E3/><V17/><F17/><W22/><G66/><T43/><D43/><U91/><E60/><V87/><AGARI ba="1,0" hai="44,47,52,58,62,77,82,87,93,98,100" m="17631" machi="87" ten="30,4000,0" yaku="8,1,52,1,54,1" doraHai="20" who="2" fromWho="2" sc="267,-11,80,-11,370,43,283,-21" owari="256,-14.0,69,-43.0,413,51.0,262,6.0" />
</Scene>
</mjloggm>