<mjloggm ver="2.3"><GO type="169" lobby="0"/><UN n0="%E3%81%99%E3%81%9A%E3%82%81%E3%82%AF%E3%83%AC%E3%82%A4%E3%82%B8%E3%83%BC" n1="%6E%6E%6E%6E%6E%6E" n2="%E6%AD%A6%E8%A3%85%E5%95%86%E8%88%B9%E5%9B%A3" n3="%E4%B8%8D%E8%81%B4%E7%89%8C%E3%83%AA%E3%83%BC%E3%83%81" dan="19,17,17,17" rate="2253.34,2155.96,2273.44,2152.01" sx="M,M,M,M"/><TAIKYOKU oya="0"/>

<Scene>
<INIT seed="0,0,0,4,3,124" ten="250,250,250,250" oya="0" hai0="70,75,71,104,26,87,76,121,34,22,42,16,53" hai1="3,77,24,126,41,105,10,51,25,30,89,29,117" hai2="43,78,14,114,113,33,84,52,32,61,119,85,9" hai3="86,17,96,109,107,50,27,45,100,48,94,101,73"/><T38/><D121/><U57/><E105/><V123/><F123/><W21/><G73/><T91/><D104/><U49/><E77/><V58/><F119/><W120/><G120/><T130/><D34/><U59/><E126/><V40/><F33/><W129/><G109/><T99/><D99/><U23/><E89/><V28/><F114/><W83/><G107/><T132/><D132/><U106/><E106/><V18/><F113/><W81/><G101/><T133/><D133/><U128/><E117/><V39/><F39/><W82/><G129/><T63/><D130/><U55/><E128/><V72/><F72/><W7/><G7/><T110/><D110/><U95/><E95/><V4/><F32/><W97/><G97/><T135/><D135/><U13/><E3/><V37/><F28/><W19/><G19/><T6/><D6/><U8/><E13/><V74/><F74/><W11/><G11/><T134/><D134/><U2/><E2/><V98/><F98/><W12/><G12/><T103/><D103/><U69/><E69/><V67/><F4/><W62/><G62/><T90/><D90/><U0/><E0/><V112/><F112/><W64/><G64/><T111/><D111/><U20/><E41/><V80/><F37/><W92/><G45/><N who="0" m="23767" /><D76/><U31/><E31/><V65/><F85/><W54/><G54/><AGARI ba="0,0" hai="8,10,20,23,24,25,29,30,49,51,54,55,57,59" machi="54" ten="40,8000,1" yaku="32,3,8,1" doraHai="124" who="1" fromWho="3" sc="250,0,250,80,250,0,250,-80" />
</Scene>
<Scene>
<INIT seed="1,0,0,3,2,16" ten="250,330,250,170" oya="1" hai0="124,126,131,11,67,119,75,99,125,121,101,133,6" hai1="134,19,35,108,2,86,73,82,105,8,1,49,24" hai2="88,132,110,55,129,64,46,79,122,120,31,123,50" hai3="62,93,116,71,40,83,32,60,98,69,95,113,4"/><U100/><E73/><V109/><F79/><W117/><G32/><T111/><D67/><U77/><E134/><V7/><F7/><W56/><G113/><T26/><D119/><N who="3" m="45641" /><G4/><T92/><D111/><U118/><E118/><V30/><F132/><W53/><G40/><T34/><D133/><U127/><E127/><V14/><F129/><W59/><G83/><T76/><D131/><U22/><E35/><V36/><F36/><W135/><G135/><T29/><D76/><U130/><E130/><V9/><F64/><N who="3" m="38919" /><G95/><T65/><D65/><U128/><E108/><N who="2" m="41579" /><F14/><W91/><AGARI ba="0,0" hai="53,59,62,69,71,91,93,98" m="38919,45641" machi="91" ten="30,1100,0" yaku="12,1" doraHai="16" who="3" fromWho="3" sc="250,-3,330,-5,250,-3,170,11" />
</Scene>
<Scene>
<INIT seed="2,0,0,1,4,80" ten="247,325,247,181" oya="2" hai0="99,89,63,31,118,115,87,25,16,127,76,2,41" hai1="97,1,134,124,94,28,0,68,45,123,34,100,61" hai2="129,44,43,103,60,104,112,30,55,54,17,67,95" hai3="11,85,91,48,71,27,3,14,32,18,114,111,135"/><V29/><F112/><W107/><G107/><T65/><D2/><U59/><E68/><V108/><F104/><W101/><G101/><T90/><D127/><U38/><E134/><V92/><F129/><W22/><G135/><T132/><D41/><U133/><E133/><V19/><F108/><W131/><G111/><T26/><D118/><U39/><E123/><V53/><F29/><W6/><G131/><T20/><D115/><U83/><E39/><V57/><F30/><W64/><G114/><T15/><D26/><U120/><E120/><V21/><F103/><W113/><G113/><T116/><D116/><U51/><E38/><V72/><F72/><W58/><G71/><T88/><D99/><U86/><E28/><V37/><REACH who="2" step="1"/><F17/><REACH who="2" ten="247,325,237,181" step="2"/><W4/><G18/><T117/><D132/><U62/><E100/><V52/><N who="2" m="13312" /><DORA hai="56" /><V84/><F84/><W70/><G85/><T40/><D117/><U47/><E86/><V24/><AGARI ba="0,1" hai="19,21,24,37,43,44,57,60,67,92,95" m="13312" machi="24" ten="40,12000,1" yaku="1,1,0,1,52,1,54,1,53,0" doraHai="80,56" doraHaiUra="93,7" who="2" fromWho="2" sc="247,-40,325,-40,237,130,181,-40" />
</Scene>
<Scene>
<INIT seed="2,1,0,1,5,23" ten="207,285,367,141" oya="2" hai0="74,103,64,66,4,56,80,131,12,54,110,95,59" hai1="26,96,17,72,119,34,28,2,49,129,5,68,123" hai2="81,107,109,117,52,48,65,90,85,73,38,92,25" hai3="0,76,122,71,27,130,35,84,19,98,37,63,43"/><V78/><F117/><W105/><G0/><T83/><D110/><U21/><E119/><V6/><F38/><W89/><G122/><T132/><D74/><U20/><E68/><V87/><F109/><W124/><G124/><T62/><D131/><U14/><E72/><V106/><F65/><W13/><G130/><T57/><D132/><U101/><E49/><V120/><F120/><W41/><G37/><T97/><D57/><U24/><E129/><V60/><F60/><W61/><G76/><T113/><D113/><U30/><E123/><V88/><F6/><W44/><G98/><T112/><D112/><U118/><E96/><V29/><F73/><W93/><G105/><T18/><D4/><U128/><E101/><V15/><F15/><W67/><G61/><T45/><D45/><U135/><E118/><V58/><F78/><W46/><G43/><T3/><D3/><U40/><E40/><V126/><F126/><W55/><G55/><T31/><D31/><U111/><E111/><V1/><F1/><W86/><G86/><T102/><D103/><U16/><E128/><V33/><AGARI ba="1,0" hai="25,29,33,48,52,58,81,85,87,88,90,92,106,107" machi="33" ten="20,12000,1" yaku="0,1,7,1,52,1,54,2" doraHai="23" who="2" fromWho="2" sc="207,-41,285,-41,367,123,141,-41" />
</Scene>
<Scene>
<INIT seed="2,2,0,1,3,127" ten="166,244,490,100" oya="2" hai0="37,60,9,69,133,67,41,11,26,48,43,29,78" hai1="134,100,124,15,7,131,130,79,74,84,17,68,1" hai2="51,14,101,23,113,98,104,3,112,120,56,6,54" hai3="59,13,102,123,24,8,94,63,109,125,49,97,110"/><V58/><F120/><W5/><G125/><T88/><D133/><U50/><E124/><V132/><F132/><W19/><G123/><T72/><D37/><U135/><E68/><V61/><F3/><W2/><G24/><T106/><D78/><U55/><E74/><V30/><F6/><W75/><G75/><T92/><D106/><U31/><E31/><V45/><F56/><W128/><G49/><T0/><D72/><U47/><E100/><V81/><F81/><W76/><G76/><T42/><D0/><U38/><E38/><V22/><F30/><W21/><G128/><N who="1" m="49194" /><E7/><V129/><F129/><W90/><G102/><T33/><REACH who="0" step="1"/><D48/><REACH who="0" ten="156,244,490,100" step="2"/><U70/><E1/><V95/><F104/><W91/><G2/><T53/><D53/><U12/><E50/><V93/><F51/><W77/><G77/><T40/><N who="0" m="10240" /><DORA hai="85" /><T86/><AGARI ba="2,1" hai="9,11,26,29,33,60,67,69,86,88,92" m="10240" machi="86" ten="40,12000,2" yaku="1,1,4,1,0,1,52,1,54,1,53,1" doraHai="127,85" doraHaiUra="65,126" who="0" fromWho="0" sc="156,136,244,-32,490,-62,100,-32" />
</Scene>
<Scene>
<INIT seed="3,0,0,1,4,4" ten="292,212,428,68" oya="3" hai0="74,84,81,126,110,107,18,21,5,90,54,25,62" hai1="15,55,111,2,100,33,8,42,20,14,50,63,38" hai2="51,79,114,129,118,45,134,19,97,66,83,102,92" hai3="82,27,125,9,6,77,11,43,127,22,94,36,131"/><W123/><G123/><T76/><D110/><U96/><E111/><V29/><F114/><W132/><G132/><T78/><D126/><N who="3" m="48137" /><G131/><T113/><D107/><U1/><E33/><V48/><F118/><W35/><G35/><T59/><D113/><U104/><E63/><V32/><F129/><W112/><G112/><T26/><D74/><U124/><E42/><V89/><F134/><W57/><G6/><T28/><D5/><U56/><E38/><V75/><F66/><W135/><G135/><T121/><D121/><U122/><E122/><V61/><F61/><W34/><G34/><AGARI ba="0,0" hai="18,21,25,26,28,34,54,59,62,76,78,81,84,90" machi="34" ten="30,1000,0" yaku="7,1" doraHai="4" who="0" fromWho="3" sc="292,10,212,0,428,0,68,-10" />
</Scene>
<Scene>
<INIT seed="4,0,0,5,1,57" ten="302,212,428,58" oya="0" hai0="123,18,121,82,88,75,79,126,95,71,119,50,54" hai1="133,128,27,37,5,73,42,38,111,98,76,87,85" hai2="97,3,91,48,21,4,19,83,16,113,31,9,131" hai3="24,129,52,49,13,61,117,120,44,0,62,130,74"/><T100/><D119/><U46/><E128/><N who="3" m="49258" /><G0/><T67/><D126/><U36/><E111/><V99/><F131/><W60/><G74/><T134/><D134/><U102/><E133/><V116/><F116/><W94/><G117/><T58/><D100/><U125/><E73/><V53/><F113/><W101/><G120/><T96/><D71/><U43/><E27/><V106/><F31/><W132/><G132/><T15/><REACH who="0" step="1"/><D67/><REACH who="0" ten="292,212,428,58" step="2"/><U69/><E69/><V40/><F106/><W33/><G13/><T92/><D92/><U32/><E102/><V66/><F66/><W2/><G2/><T81/><D81/><U6/><E125/><V70/><F70/><W11/><G11/><AGARI ba="0,1" hai="11,15,18,50,54,58,75,79,82,88,95,96,121,123" machi="11" ten="30,5800,0" yaku="1,1,7,1,54,1,53,0" doraHai="57" doraHaiUra="122" who="0" fromWho="3" sc="292,68,212,0,428,0,58,-58" />
</Scene>
<Scene>
<INIT seed="4,1,0,4,0,27" ten="360,212,428,0" oya="0" hai0="49,130,11,131,88,9,17,74,42,23,79,80,108" hai1="122,68,41,121,109,0,114,55,44,86,100,119,25" hai2="33,75,62,64,21,106,102,91,73,1,104,85,107" hai3="37,3,15,124,135,45,19,77,59,76,128,13,5"/><T113/><D113/><U30/><E0/><V87/><F33/><W40/><G124/><T53/><D42/><U89/><E109/><V83/><F1/><W8/><G135/><T129/><D108/><U117/><E68/><V132/><F132/><W66/><G128/><T103/><D103/><U116/><E114/><V112/><F112/><W43/><G43/><T57/><REACH who="0" step="1"/><D88/><REACH who="0" ten="350,212,428,0" step="2"/><U29/><E100/><V54/><F102/><W24/><G24/><AGARI ba="1,1" hai="9,11,17,23,24,49,53,57,74,79,80,129,130,131" machi="24" ten="40,7700,0" yaku="1,1,2,1,19,1,53,0" doraHai="27" doraHaiUra="82" who="0" fromWho="3" sc="350,90,212,0,428,0,0,-80" owari="440,54.0,212,-19.0,428,23.0,-80,-58.0" />
</Scene>
</mjloggm>