<mjloggm ver="2.3"><GO type="169" lobby="0"/><UN n0="%E3%81%99%E3%81%9A%E3%82%81%E3%82%AF%E3%83%AC%E3%82%A4%E3%82%B8%E3%83%BC" n1="%E9%81%8A%E8%B5%B0" n2="%63%68%61%72%6C%69%65%37" n3="%E6%B0%B7%E6%B2%B3%E9%A2%A8" dan="19,16,17,17" rate="2296.22,2176.15,2184.52,2119.57" sx="M,M,M,M"/><TAIKYOKU oya="0"/>

<Scene>
<INIT seed="0,0,0,1,4,97" ten="250,250,250,250" oya="0" hai0="14,13,0,45,24,133,89,69,62,51,55,122,67" hai1="111,109,48,80,92,129,46,60,76,19,38,7,54" hai2="64,4,15,39,37,84,9,36,95,100,75,65,23" hai3="101,31,71,108,26,102,57,131,52,2,63,96,117"/><T25/><D133/><U33/><E129/><V81/><F75/><W47/><G117/><T120/><D0/><U118/><E118/><V105/><F105/><W6/><G131/><T12/><REACH who="0" step="1"/><D89/><REACH who="0" ten="240,250,250,250" step="2"/><U94/><E111/><V127/><F127/><W49/><G108/><T87/><D87/><U121/><E109/><V44/><F44/><W126/><G126/><T1/><D1/><U128/><E46/><V5/><F5/><W78/><G2/><T98/><D98/><U30/><E7/><V79/><REACH who="2" step="1"/><F23/><REACH who="2" ten="240,250,240,250" step="2"/><N who="3" m="15839" /><G6/><T29/><D29/><U18/><E30/><V11/><F11/><W104/><G47/><T56/><D56/><U35/><E35/><V90/><F90/><W58/><G58/><T16/><D16/><U119/><E19/><V32/><F32/><W22/><G57/><T134/><D134/><U20/><E18/><V116/><F116/><W93/><G22/><T61/><D61/><U68/><E20/><V74/><F74/><W3/><G63/><T43/><D43/><U123/><E33/><V50/><F50/><W113/><G49/><T34/><D34/><U124/><E119/><V77/><F77/><W112/><G78/><T21/><D21/><U132/><E124/><V66/><F66/><W85/><G3/><T91/><D91/><U106/><E132/><V41/><F41/><W88/><G88/><T125/><D125/><U8/><E48/><V130/><F130/><W83/><G85/><T114/><D114/><U82/><E128/><V42/><F42/><W115/><G115/><T86/><D86/><U103/><E8/><V53/><F53/><RYUUKYOKU ba="0,2" sc="240,15,250,-15,240,15,250,-15" hai0="12,13,14,24,25,45,51,55,62,67,69,120,122" hai2="4,9,15,36,37,39,64,65,79,81,84,95,100" />
</Scene>
<Scene>
<INIT seed="0,1,2,2,2,19" ten="255,235,255,235" oya="0" hai0="17,26,117,36,95,113,76,134,6,87,18,28,29" hai1="98,63,83,127,67,101,54,69,31,15,82,116,8" hai2="41,86,5,25,85,103,34,74,2,130,118,22,91" hai3="80,13,50,20,1,66,35,105,77,27,4,106,21"/><T55/><D36/><U124/><E116/><V52/><F118/><W84/><G1/><T49/><D113/><U23/><E54/><V75/><F41/><W42/><G35/><T125/><D134/><U33/><E23/><N who="3" m="8778" /><G27/><T94/><D125/><N who="1" m="48203" /><E31/><N who="0" m="11849" /><D6/><N who="1" m="3479" /><E33/><V3/><F34/><W0/><G0/><T46/><D117/><U32/><E32/><V48/><F103/><W90/><G66/><T119/><D119/><U129/><E129/><V122/><F122/><W81/><G81/><N who="0" m="47527" /><D26/><U62/><E62/><V128/><F5/><W7/><G7/><T99/><D95/><AGARI ba="1,2" hai="63,67,69,82,83,95,98,101" m="3479,48203" machi="95" ten="30,1000,0" yaku="18,1" doraHai="19" who="1" fromWho="0" sc="255,-13,235,33,255,0,235,0" />
</Scene>
<Scene>
<INIT seed="1,0,0,1,5,97" ten="242,268,255,235" oya="1" hai0="36,52,62,27,9,77,71,37,81,3,41,58,85" hai1="94,87,123,92,19,122,118,25,18,67,113,10,79" hai2="120,12,129,93,89,68,35,30,8,124,55,91,83" hai3="53,4,134,111,42,109,99,21,98,76,43,17,14"/><U6/><E118/><V135/><F68/><W66/><G134/><T47/><D71/><U28/><E113/><V39/><F39/><W132/><G132/><T74/><D37/><U78/><E67/><V51/><F135/><W31/><G66/><T49/><D27/><U32/><E87/><V46/><F129/><W57/><G76/><T16/><D85/><U125/><E125/><V130/><F124/><W88/><G4/><T82/><D81/><U11/><E25/><V56/><F130/><W116/><G31/><T50/><D16/><U100/><E28/><V33/><F120/><W29/><G29/><T115/><D115/><U119/><E119/><V48/><F30/><W69/><G69/><T80/><REACH who="0" step="1"/><D82/><REACH who="0" ten="232,268,255,235" step="2"/><U70/><E70/><V38/><F38/><W121/><G116/><T72/><D72/><U107/><E6/><AGARI ba="0,1" hai="3,6,9,36,41,47,49,50,52,58,62,74,77,80" machi="6" ten="40,8000,1" yaku="1,1,25,2,54,1,53,0" doraHai="97" doraHaiUra="84" who="0" fromWho="1" sc="232,90,268,-80,255,0,235,0" />
</Scene>
<Scene>
<INIT seed="2,0,0,2,0,9" ten="322,188,255,235" oya="2" hai0="42,112,135,105,27,28,52,51,61,31,41,76,48" hai1="124,114,63,95,21,100,17,111,39,71,122,121,10" hai2="45,86,94,88,110,77,85,37,53,29,58,4,44" hai3="20,78,65,15,56,126,107,18,26,67,57,33,64"/><V82/><F29/><W83/><G107/><T73/><D105/><U50/><E114/><V2/><F37/><W128/><G128/><T47/><D135/><U14/><E111/><V92/><F2/><W97/><G97/><T43/><D112/><U81/><E39/><V102/><F4/><W113/><G126/><T75/><D28/><U32/><E32/><V115/><F115/><W1/><G1/><T98/><D98/><U23/><E124/><V87/><F102/><W3/><G3/><T89/><D89/><U7/><E81/><V131/><F131/><W46/><G46/><T106/><D106/><U129/><E129/><V59/><F59/><W116/><G116/><T16/><D61/><U103/><E50/><V109/><F94/><W30/><REACH who="3" step="1"/><G113/><REACH who="3" ten="322,188,255,225" step="2"/><T134/><D134/><U49/><E103/><V12/><F45/><W99/><G99/><T80/><D43/><U60/><E100/><V19/><F44/><W22/><G22/><T133/><D133/><U74/><E23/><V34/><F34/><W108/><G108/><N who="2" m="41577" /><F77/><W13/><G13/><T54/><D42/><U68/><E14/><V117/><F117/><W123/><G123/><T118/><D118/><U132/><E21/><N who="2" m="11495" /><F92/><W72/><AGARI ba="0,1" hai="15,18,20,26,30,33,56,57,64,65,67,72,78,83" machi="72" ten="30,7900,0" yaku="1,1,0,1,52,1,53,1" doraHai="9" doraHaiUra="79" who="3" fromWho="3" sc="322,-20,188,-20,255,-39,225,89" />
</Scene>
<Scene>
<INIT seed="3,0,0,4,5,28" ten="302,168,216,314" oya="3" hai0="53,17,16,63,95,103,124,48,10,101,121,122,40" hai1="80,15,24,56,113,82,97,18,21,81,98,133,88" hai2="71,65,41,123,20,107,35,2,52,11,90,14,96" hai3="111,47,37,64,7,46,116,74,0,131,117,125,4"/><W72/><G131/><T77/><D124/><U39/><E113/><V104/><F2/><W34/><G0/><T32/><D77/><U44/><E133/><V115/><F41/><W30/><G30/><T91/><D32/><U92/><E39/><V54/><F35/><W87/><G87/><T94/><D40/><U83/><N who="1" m="20480" /><DORA hai="66" /><U100/><E44/><V132/><F115/><W120/><G64/><T89/><D48/><U57/><REACH who="1" step="1"/><E24/><REACH who="1" ten="302,158,216,314" step="2"/><V23/><F132/><W73/><G37/><T27/><D27/><U43/><E43/><V9/><F123/><W1/><G47/><T13/><D121/><U119/><E119/><V99/><F14/><W127/><G46/><T109/><D13/><U58/><E58/><V36/><F36/><W70/><G120/><T129/><D122/><U86/><E86/><V62/><F65/><W59/><G1/><T118/><D118/><U26/><E26/><V79/><F54/><W49/><G116/><T55/><D55/><U126/><E126/><V78/><F52/><W45/><G45/><T31/><D53/><U19/><E19/><V105/><F62/><W8/><G117/><T61/><D17/><U50/><E50/><V134/><F134/><W85/><G49/><T25/><D16/><U114/><E114/><V75/><F79/><W42/><G42/><T130/><D25/><U3/><E3/><V22/><F78/><W29/><G125/><T93/><D61/><U12/><E12/><V68/><F96/><W110/><G127/><T106/><D63/><U76/><E76/><V60/><F60/><W108/><G59/><RYUUKYOKU ba="0,1" sc="302,-10,158,30,216,-10,314,-10" hai1="15,18,21,56,57,88,92,97,98,100" />
</Scene>
<Scene>
<INIT seed="4,1,1,3,4,54" ten="292,188,206,304" oya="0" hai0="8,65,15,53,5,110,71,43,103,36,42,131,78" hai1="16,39,119,48,73,72,24,132,20,4,109,31,84" hai2="82,79,3,57,23,44,97,120,1,90,77,92,101" hai3="19,98,88,46,74,117,102,114,62,81,100,96,93"/><T35/><D35/><U91/><E119/><V61/><F120/><W26/><G117/><T115/><D115/><U89/><E109/><V6/><F44/><W10/><G114/><T50/><D131/><U87/><E39/><V118/><F118/><W32/><G32/><T94/><D36/><U95/><E132/><V22/><F77/><W135/><G135/><T128/><D128/><U14/><E4/><V116/><F116/><W106/><G46/><T67/><D71/><U59/><E48/><V58/><F3/><W13/><G26/><T27/><D78/><U41/><E41/><N who="0" m="15369" /><D27/><U33/><REACH who="1" step="1"/><E59/><REACH who="1" ten="292,178,206,304" step="2"/><N who="2" m="22539" /><F6/><W45/><G45/><N who="0" m="27855" /><D110/><U0/><E0/><V69/><F1/><W133/><G133/><T105/><D105/><U99/><E99/><AGARI ba="1,2" hai="5,8,15,65,67,94,99,103" m="27855,15369" machi="99" ten="30,1500,0" yaku="8,1" doraHai="54" who="0" fromWho="1" sc="292,38,178,-18,206,0,304,0" />
</Scene>
<Scene>
<INIT seed="4,2,0,4,3,130" ten="330,160,206,304" oya="0" hai0="35,56,41,95,86,69,59,102,4,30,100,107,94" hai1="43,34,104,24,67,61,91,47,128,121,48,21,36" hai2="54,57,92,58,64,23,51,10,63,73,109,117,103" hai3="26,19,90,88,12,111,82,22,114,62,71,40,129"/><T60/><D41/><U106/><E121/><V15/><F73/><W76/><G111/><T20/><D35/><U101/><E128/><V131/><F109/><W52/><G129/><T18/><D69/><U44/><E34/><V7/><F131/><W87/><G114/><T33/><D107/><U125/><E125/><V134/><F134/><W81/><G40/><T28/><D4/><U53/><E91/><V133/><F133/><W46/><G71/><T38/><D38/><U89/><E89/><V27/><F117/><W14/><G90/><T110/><D33/><U6/><E6/><V8/><F8/><W11/><G11/><T113/><D113/><U80/><E80/><V31/><F92/><W2/><G2/><T17/><D60/><U45/><E45/><V0/><F0/><W29/><G29/><T75/><D75/><U5/><E5/><V68/><F68/><W85/><G62/><T77/><D77/><U66/><E101/><AGARI ba="2,0" hai="7,10,15,23,27,31,51,54,57,58,63,64,101,103" machi="101" ten="40,1300,0" yaku="8,1" doraHai="130" who="2" fromWho="1" sc="330,0,160,-19,206,19,304,0" />
</Scene>
<Scene>
<INIT seed="5,0,0,5,1,90" ten="330,141,225,304" oya="1" hai0="108,16,11,39,99,134,106,62,25,95,23,70,52" hai1="121,86,28,35,100,21,5,26,107,123,69,24,46" hai2="61,54,20,118,103,37,42,10,74,85,72,76,40" hai3="78,133,4,89,67,98,7,113,96,48,15,129,102"/><U2/><E86/><V128/><F118/><W75/><G113/><T29/><D39/><U36/><E69/><V126/><F126/><W111/><G111/><T104/><D134/><U87/><E87/><V22/><F128/><W19/><G129/><T81/><D70/><U3/><E26/><V65/><F10/><W110/><G110/><T125/><D81/><U82/><E82/><V79/><F103/><W50/><G78/><T6/><D125/><U114/><E21/><V63/><F54/><W119/><G75/><T91/><D29/><U44/><E114/><V8/><F8/><W93/><G67/><T31/><D31/><U66/><E66/><V109/><F85/><W92/><G133/><T115/><D108/><U18/><E18/><V124/><F124/><W132/><G119/><T64/><D64/><U49/><E46/><V84/><F84/><W33/><G33/><T47/><D115/><U127/><E127/><V68/><F65/><W105/><G105/><T122/><D122/><N who="1" m="46603" /><E5/><N who="3" m="2122" /><G132/><T30/><D30/><U56/><E56/><V135/><F109/><W9/><AGARI ba="0,0" hai="9,15,19,48,50,89,92,93,96,98,102" m="2122" machi="9" ten="30,4000,0" yaku="8,1,52,2" doraHai="90" who="3" fromWho="3" sc="330,-10,141,-20,225,-10,304,40" />
</Scene>
<Scene>
<INIT seed="6,0,0,4,2,82" ten="320,121,215,344" oya="2" hai0="2,100,135,92,54,21,23,79,6,38,46,77,106" hai1="62,10,111,130,132,105,37,29,22,116,84,35,75" hai2="119,41,129,99,47,48,81,121,113,80,56,1,71" hai3="127,70,95,52,8,34,107,18,26,64,123,90,32"/><V43/><F1/><W112/><G107/><T24/><D106/><U109/><E75/><V3/><F3/><W16/><G123/><T57/><D135/><U125/><E105/><V19/><F71/><W28/><G127/><T68/><D68/><U30/><E35/><V5/><F121/><W20/><G112/><T36/><D6/><U39/><E116/><V27/><F5/><W65/><G34/><T83/><D46/><U78/><E125/><V117/><F113/><W76/><G76/><T97/><D23/><U51/><E132/><V122/><F99/><W120/><G120/><T85/><D79/><U104/><E104/><V74/><F122/><W88/><G70/><T66/><D66/><N who="3" m="25705" /><G32/><T126/><D2/><U128/><E78/><V91/><F56/><W133/><G133/><T60/><D126/><U15/><E62/><V131/><F19/><AGARI ba="0,0" hai="19,21,24,36,38,54,57,60,77,83,85,92,97,100" machi="19" ten="30,2000,0" yaku="7,1,52,1" doraHai="82" who="0" fromWho="2" sc="320,20,121,0,215,-20,344,0" />
</Scene>
<Scene>
<INIT seed="7,0,0,0,1,62" ten="340,121,195,344" oya="3" hai0="77,118,115,100,5,123,39,127,65,4,9,37,122" hai1="43,67,126,102,83,133,131,120,121,82,7,97,107" hai2="103,105,53,69,117,99,24,101,44,21,86,113,40" hai3="54,60,36,10,92,66,47,25,32,38,61,106,89"/><W31/><G106/><T16/><D118/><U12/><E133/><V0/><F0/><W17/><G60/><T28/><D28/><U11/><E131/><V1/><F1/><W110/><G110/><T134/><D77/><U52/><E126/><V27/><F101/><W34/><G34/><T18/><D65/><U79/><E43/><V41/><F69/><W15/><G54/><T128/><D100/><U93/><E83/><V50/><F113/><W81/><G81/><T129/><D9/><U98/><E67/><V75/><F75/><W3/><G3/><T55/><D55/><U96/><E121/><V116/><F27/><W114/><G47/><T23/><D23/><U91/><E120/><V46/><F86/><W95/><G95/><T80/><D80/><U33/><E33/><V74/><F74/><W58/><G114/><T8/><D8/><U68/><E68/><V72/><F72/><W13/><G15/><T26/><D115/><U108/><E108/><V64/><F64/><W2/><G2/><T87/><D87/><AGARI ba="0,0" hai="10,13,17,25,31,32,36,38,58,61,66,87,89,92" machi="87" ten="30,2900,0" yaku="7,1,52,1" doraHai="62" who="3" fromWho="0" sc="340,-29,121,0,195,0,344,29" owari="311,11.0,121,-38.0,195,-20.0,373,47.0" />
</Scene>
</mjloggm>