<mjloggm ver="2.3"><GO type="169" lobby="0"/><UN n0="%E3%81%AE%E3%81%86%E3%81%AA%E3%82%81%E3%82%8D%E3%82%93" n1="%E3%83%87%E3%83%87%E3%82%AD%E3%83%B3%E3%83%88" n2="%E3%81%99%E3%81%9A%E3%82%81%E3%82%AF%E3%83%AC%E3%82%A4%E3%82%B8%E3%83%BC" n3="%E3%83%95%E3%83%AA%E3%83%BC%E3%82%B6%E6%A7%98" dan="16,17,19,16" rate="2050.32,2126.79,2297.86,2135.31" sx="M,M,M,M"/><TAIKYOKU oya="0"/>

<Scene>
<INIT seed="0,0,0,3,3,86" ten="250,250,250,250" oya="0" hai0="11,126,65,131,122,21,28,121,68,67,115,110,107" hai1="94,74,112,105,66,27,129,61,45,83,47,127,59" hai2="22,132,73,24,101,133,41,56,84,77,3,7,99" hai3="26,97,108,88,52,90,93,63,50,55,72,106,5"/><T30/><D107/><U109/><E105/><V32/><F32/><W89/><G72/><T10/><D115/><U85/><E112/><V113/><F113/><W35/><G106/><T44/><D131/><U96/><E109/><V4/><F73/><W54/><G108/><T116/><D116/><U46/><E127/><V51/><F3/><W58/><G5/><T36/><D126/><U48/><E74/><V40/><F40/><W23/><G35/><T13/><D110/><U1/><E1/><V6/><F77/><W12/><G12/><T20/><D13/><U79/><E27/><V33/><F33/><W31/><G50/><T91/><D44/><U19/><E19/><V49/><F84/><W134/><G134/><T34/><D34/><U25/><E25/><V120/><F56/><W117/><G117/><T135/><D91/><AGARI ba="0,0" hai="23,26,31,52,54,55,58,63,88,89,90,91,93,97" machi="91" ten="40,12000,2" yaku="8,1,52,4,54,2" doraHai="86" who="3" fromWho="0" sc="250,-120,250,0,250,0,250,120" />
</Scene>
<Scene>
<INIT seed="1,0,0,3,4,81" ten="130,250,250,370" oya="1" hai0="113,50,27,19,60,123,40,70,41,1,95,86,45" hai1="13,92,8,9,17,35,32,33,83,82,65,89,47" hai2="34,0,68,23,5,30,129,38,18,11,114,130,91" hai3="79,105,103,131,78,97,37,80,66,3,31,111,52"/><U96/><E65/><V133/><F38/><W7/><G37/><T61/><D1/><U109/><E109/><V69/><F69/><W48/><G111/><T75/><D75/><U108/><E108/><V53/><F68/><W134/><G66/><T127/><D113/><U26/><E26/><N who="2" m="18775" /><F91/><W88/><G134/><T104/><D104/><U135/><E135/><V106/><F53/><W54/><G31/><T93/><D127/><U58/><E58/><V36/><F106/><W64/><G64/><T77/><D123/><U15/><REACH who="1" step="1"/><E47/><REACH who="1" ten="130,240,250,370" step="2"/><V124/><F133/><W59/><G59/><T120/><D70/><U76/><E76/><V126/><F114/><W132/><G79/><T87/><D77/><U39/><E39/><V125/><F36/><W20/><G132/><T10/><D45/><U101/><E101/><V49/><F49/><W72/><G48/><T51/><D120/><U102/><E102/><V73/><F73/><W62/><G72/><T55/><D51/><U128/><E128/><V14/><AGARI ba="0,1" hai="0,5,11,14,18,23,124,125,126,129,130" m="18775" machi="14" ten="40,8000,1" yaku="24,1,18,1,34,2" doraHai="81" who="2" fromWho="2" sc="130,-20,240,-40,250,90,370,-20" />
</Scene>
<Scene>
<INIT seed="2,0,0,3,4,128" ten="110,200,340,350" oya="2" hai0="48,50,85,97,87,124,9,111,91,88,132,121,34" hai1="59,130,131,80,27,75,67,107,16,45,2,78,36" hai2="82,108,66,64,17,30,43,61,92,68,35,41,99" hai3="118,76,112,73,10,122,44,1,114,8,47,5,103"/><V11/><F66/><W116/><G103/><T49/><D34/><U105/><E2/><V69/><F69/><W52/><G122/><T94/><D121/><U54/><E67/><V51/><F108/><W133/><G76/><T106/><D111/><U93/><E93/><V31/><F82/><W117/><G73/><T18/><D124/><U32/><E32/><V33/><F33/><W24/><G24/><T101/><D132/><U86/><E75/><V40/><F35/><W20/><G20/><T72/><D72/><U125/><E125/><V81/><F81/><W126/><G126/><T26/><D9/><U29/><E29/><V0/><F51/><W95/><G95/><T58/><D58/><U120/><E120/><V63/><F63/><W13/><G133/><T23/><REACH who="0" step="1"/><D50/><REACH who="0" ten="100,200,340,350" step="2"/><N who="1" m="29007" /><E59/><V83/><F11/><W129/><G129/><N who="1" m="49162" /><E36/><V60/><F68/><W123/><G123/><T25/><D25/><U21/><AGARI ba="0,1" hai="16,21,27,78,80,86,105,107" m="49162,29007" machi="21" ten="30,2000,0" yaku="19,1,54,1" doraHai="128" who="1" fromWho="1" sc="100,-5,200,30,340,-10,350,-5" />
</Scene>
<Scene>
<INIT seed="3,0,0,2,0,134" ten="95,230,330,345" oya="3" hai0="133,59,106,115,40,16,2,123,126,122,7,13,8" hai1="96,89,102,91,114,32,42,121,24,92,83,18,29" hai2="1,108,127,53,112,30,93,124,84,17,56,28,63" hai3="111,67,14,77,49,66,94,15,36,21,68,128,3"/><W39/><G3/><T19/><D106/><U37/><E114/><V73/><F73/><W41/><G77/><T78/><D40/><U45/><E121/><N who="0" m="46089" /><D78/><U57/><E83/><V43/><F1/><W104/><G104/><T58/><D59/><U27/><E27/><V79/><F112/><W117/><G117/><T98/><D58/><U34/><E34/><V65/><F43/><W62/><G67/><T61/><D98/><U82/><E82/><V131/><F108/><W5/><G111/><T50/><D50/><U38/><E38/><V70/><F131/><W109/><G109/><T54/><D54/><U81/><E81/><N who="2" m="47167" /><F17/><N who="0" m="6730" /><D61/><U44/><E44/><V85/><F85/><W125/><G49/><T47/><D47/><U95/><E57/><V9/><F9/><N who="3" m="4399" /><G41/><T105/><D105/><U55/><E55/><V46/><F93/><W0/><G94/><T6/><D115/><U132/><E95/><V129/><F129/><W20/><G128/><T130/><D130/><U118/><E92/><V26/><F46/><W113/><G113/><T52/><D52/><U86/><E45/><V75/><F75/><W71/><G71/><T25/><D133/><U100/><E132/><V97/><F97/><W107/><G107/><T10/><D25/><U103/><E42/><V69/><F26/><W87/><G87/><T76/><D76/><U90/><E86/><V4/><F70/><W99/><G99/><T31/><D31/><N who="2" m="11818" /><F69/><W33/><G68/><T80/><D80/><U135/><E96/><V120/><F53/><W74/><G74/><T11/><D11/><U23/><E135/><RYUUKYOKU ba="0,0" sc="95,30,230,-10,330,-10,345,-10" hai0="2,6,7,8,10,13,126" />
</Scene>
<Scene>
<INIT seed="4,1,0,4,0,132" ten="125,220,320,335" oya="0" hai0="130,92,13,96,94,51,14,113,57,100,84,110,56" hai1="118,89,131,76,66,67,36,72,64,109,1,106,65" hai2="70,18,35,54,77,99,22,52,80,127,3,53,124" hai3="10,17,4,104,71,11,48,103,123,19,81,63,101"/><T45/><D113/><U34/><E109/><V9/><F35/><W49/><G81/><T61/><D130/><U39/><E118/><V33/><F33/><W27/><G123/><T0/><D0/><U25/><E131/><V74/><F70/><W42/><G71/><T122/><D122/><U69/><E106/><V5/><REACH who="2" step="1"/><F99/><REACH who="2" ten="125,220,310,335" step="2"/><W38/><G104/><T119/><D119/><U62/><E69/><V88/><F88/><W60/><G101/><T23/><D110/><U117/><E89/><V120/><F120/><W134/><G103/><T73/><D73/><U83/><E117/><V87/><F87/><W44/><G134/><T24/><D84/><U107/><E107/><V26/><AGARI ba="1,1" hai="3,5,9,18,22,26,52,53,54,74,77,80,124,127" machi="26" ten="30,12000,2" yaku="1,1,0,1,52,2,54,1,53,1" doraHai="132" doraHaiUra="12" who="2" fromWho="2" sc="125,-61,220,-31,310,133,335,-31" />
</Scene>
<Scene>
<INIT seed="5,0,0,5,3,59" ten="64,189,443,304" oya="1" hai0="84,44,127,26,105,100,92,9,36,52,90,43,120" hai1="123,79,104,24,80,73,42,30,70,32,27,49,35" hai2="16,113,129,20,29,130,28,71,8,93,51,72,1" hai3="34,25,69,121,31,106,3,134,61,114,65,101,57"/><U91/><E123/><V4/><F71/><W77/><G121/><T54/><D120/><U66/><E104/><V75/><F51/><W83/><G114/><T103/><D127/><U67/><E91/><V133/><F93/><W63/><G134/><T0/><D26/><U46/><REACH who="1" step="1"/><E70/><REACH who="1" ten="64,179,443,304" step="2"/><V40/><F133/><W128/><G106/><T6/><REACH who="0" step="1"/><D105/><REACH who="0" ten="54,179,443,304" step="2"/><U12/><E12/><V45/><F113/><W135/><G135/><T23/><D23/><U62/><E62/><V87/><F20/><W124/><G61/><T47/><D47/><U97/><E97/><V131/><F45/><W96/><G96/><T39/><D39/><U22/><E22/><V81/><F130/><W68/><G128/><T107/><D107/><U60/><E60/><V111/><F131/><W50/><G63/><T125/><D125/><U82/><E82/><V74/><F129/><W112/><G124/><T64/><D64/><U18/><E18/><V11/><F16/><W19/><G19/><T58/><D58/><U117/><E117/><V122/><F81/><W53/><G65/><T89/><D89/><U48/><E48/><V110/><F122/><W132/><G132/><T95/><D95/><U85/><E85/><V14/><F87/><N who="3" m="48623" /><G112/><T7/><D7/><U99/><E99/><V13/><F74/><W119/><G119/><T94/><D94/><U21/><E21/><V15/><F4/><W98/><G3/><T55/><AGARI ba="0,2" hai="0,6,9,36,43,44,52,54,55,84,90,92,100,103" machi="55" ten="30,4000,0" yaku="1,1,0,1,54,1,53,0" doraHai="59" doraHaiUra="56" who="0" fromWho="0" sc="54,60,179,-20,443,-10,304,-10" />
</Scene>
<Scene>
<INIT seed="6,0,0,5,3,120" ten="114,159,433,294" oya="2" hai0="33,87,119,47,122,18,38,63,76,110,53,20,57" hai1="42,46,39,55,84,10,16,71,115,27,32,3,22" hai2="98,37,131,121,123,96,51,109,24,2,15,73,75" hai3="112,0,11,14,85,68,91,64,41,105,54,4,7"/><V113/><F2/><W40/><G105/><T127/><D110/><U26/><E115/><V43/><F37/><W111/><G111/><T135/><D122/><U134/><E134/><V48/><F15/><W133/><G133/><T60/><D33/><U70/><E55/><V59/><F43/><W129/><G129/><T86/><D135/><U130/><E130/><V116/><F131/><W17/><G112/><T13/><D127/><U78/><E78/><V58/><F113/><W89/><G68/><T103/><D119/><U99/><E84/><V102/><F24/><W49/><G64/><T106/><D76/><U25/><E99/><V44/><F44/><N who="3" m="27943" /><G89/><T92/><D106/><U74/><E74/><V101/><F116/><W12/><G0/><T69/><D69/><U34/><E70/><V79/><F79/><W29/><G29/><T117/><D117/><U5/><REACH who="1" step="1"/><E71/><REACH who="1" ten="114,149,433,294" step="2"/><V52/><F52/><W66/><G40/><T107/><D107/><U35/><AGARI ba="0,1" hai="3,5,10,16,22,25,26,27,32,34,35,39,42,46" machi="35" ten="30,7900,0" yaku="1,1,2,1,0,1,54,1,53,0" doraHai="120" doraHaiUra="8" who="1" fromWho="1" sc="114,-20,149,89,433,-39,294,-20" />
</Scene>
<Scene>
<INIT seed="7,0,0,4,1,100" ten="94,238,394,274" oya="3" hai0="115,127,95,9,15,94,29,13,68,63,117,1,40" hai1="69,81,125,110,45,37,78,26,102,41,121,73,17" hai2="64,2,108,55,22,83,124,86,76,61,71,103,8" hai3="50,132,12,105,97,60,111,62,135,21,80,57,90"/><W67/><G111/><T23/><D40/><U70/><E110/><V59/><F124/><W130/><G130/><T74/><D74/><U116/><E125/><V3/><F108/><W48/><G62/><T4/><D127/><U42/><E121/><V47/><F103/><N who="3" m="62703" /><G21/><T133/><D68/><U19/><E116/><V58/><F58/><W27/><G27/><T99/><D63/><U126/><E126/><V88/><F22/><W128/><G12/><T5/><D99/><U35/><E42/><V72/><F47/><W18/><G18/><T46/><D46/><U87/><E19/><V84/><F8/><W28/><G28/><T16/><D95/><U34/><E87/><V104/><F2/><W92/><G80/><T52/><D94/><U33/><E102/><V24/><F3/><W44/><G44/><T85/><D85/><U36/><E36/><V89/><F24/><W119/><G119/><T98/><D98/><U114/><E17/><V43/><F43/><W31/><G31/><T79/><D117/><U10/><E10/><V112/><F55/><W113/><G128/><T54/><D79/><U131/><E131/><V53/><F53/><W51/><G113/><T66/><D66/><U106/><E114/><V39/><F112/><W25/><G25/><T38/><D115/><U32/><E26/><V122/><F39/><W134/><G48/><T0/><D38/><U7/><E37/><V120/><F83/><W118/><G118/><T6/><D29/><U93/><E81/><V65/><F61/><W56/><G56/><T101/><D54/><U30/><E30/><RYUUKYOKU ba="0,0" sc="94,-10,238,-10,394,-10,274,30" hai3="50,51,57,60,67,90,92,132,134,135" />
</Scene>
<Scene>
<INIT seed="7,1,0,4,0,125" ten="84,228,384,304" oya="3" hai0="115,42,120,36,67,15,103,111,52,87,85,66,130" hai1="91,107,16,1,80,124,47,48,45,109,60,117,134" hai2="33,123,43,94,114,108,64,61,18,72,95,3,25" hai3="122,21,50,83,0,41,40,90,112,13,128,74,8"/><W31/><G122/><T2/><D2/><U77/><E109/><V28/><F108/><W35/><G112/><T110/><D120/><U57/><E107/><V46/><F114/><W44/><G128/><T11/><D115/><U82/><E1/><V76/><F3/><W102/><G102/><T37/><D103/><U100/><E117/><V56/><F123/><W49/><G0/><T7/><D42/><U23/><E124/><V104/><F104/><W55/><G35/><T59/><D59/><U29/><E134/><V105/><F105/><W131/><G131/><T62/><D62/><U19/><E100/><V132/><F132/><W84/><G74/><T30/><D15/><U68/><E68/><V118/><F118/><W96/><G96/><T58/><D58/><U106/><E106/><V73/><F18/><N who="1" m="6697" /><E57/><V78/><F78/><W22/><G31/><T6/><D30/><U51/><E60/><V81/><F73/><W38/><G38/><AGARI ba="1,0" hai="25,28,33,38,43,46,56,61,64,72,76,81,94,95" machi="38" ten="30,1000,0" yaku="7,1" doraHai="125" who="2" fromWho="3" sc="84,0,228,0,384,13,304,-13" owari="84,-42.0,228,-17.0,397,50.0,291,9.0" />
</Scene>
</mjloggm>