<mjloggm ver="2.3"><GO type="169" lobby="0"/><UN n0="%E3%82%81%E3%81%8C%EF%BC%93" n1="%E3%81%B5%E3%81%98%E3%81%8A" n2="%E3%81%99%E3%81%9A%E3%82%81%E3%82%AF%E3%83%AC%E3%82%A4%E3%82%B8%E3%83%BC" n3="%E3%82%B3%E3%83%BC%E3%83%A9%E4%B8%8B%E3%81%95%E3%81%84" dan="16,18,19,18" rate="2127.07,2173.91,2296.80,2244.38" sx="M,M,M,M"/><TAIKYOKU oya="0"/>

<Scene>
<INIT seed="0,0,0,5,5,15" ten="250,250,250,250" oya="0" hai0="95,123,127,103,80,4,116,121,40,44,51,61,42" hai1="8,41,117,53,2,35,134,110,72,131,135,115,132" hai2="20,52,109,58,91,54,60,34,65,98,128,49,93" hai3="26,1,63,94,75,48,124,46,78,59,47,32,73"/><T69/><D116/><U101/><E101/><V23/><F109/><W86/><G1/><T99/><D127/><U56/><E72/><V106/><F34/><W0/><G0/><T81/><D42/><U108/><E117/><V5/><F128/><W114/><G47/><T68/><D4/><N who="1" m="1047" /><E131/><V64/><F5/><W84/><G84/><T67/><REACH who="0" step="1"/><D69/><REACH who="0" ten="240,250,250,250" step="2"/><U31/><E115/><V85/><F106/><W9/><G124/><T107/><D107/><U33/><E41/><V89/><F65/><W125/><G125/><T118/><D118/><U92/><E110/><V82/><REACH who="2" step="1"/><F54/><REACH who="2" ten="240,250,240,250" step="2"/><W6/><G114/><T126/><D126/><U3/><E108/><V18/><F18/><W62/><G6/><T76/><D76/><U119/><E119/><V30/><F30/><W37/><G78/><T16/><D16/><U11/><E31/><V14/><F14/><W74/><G26/><T43/><D43/><U105/><E105/><V87/><F87/><W113/><G86/><T10/><D10/><U57/><E53/><V70/><AGARI ba="0,2" hai="20,23,49,52,58,60,64,70,82,85,89,91,93,98" machi="70" ten="20,5200,0" yaku="1,1,0,1,7,1,54,1,53,0" doraHai="15" doraHaiUra="24" who="2" fromWho="2" sc="240,-26,250,-13,240,72,250,-13" />
</Scene>
<Scene>
<INIT seed="1,0,0,0,2,10" ten="214,237,312,237" oya="1" hai0="7,100,11,68,91,62,97,39,25,27,125,57,41" hai1="130,103,88,61,85,4,37,89,120,127,121,54,49" hai2="2,117,92,94,0,134,78,3,82,35,32,124,40" hai3="5,101,48,119,17,28,109,104,59,70,58,43,51"/><U38/><E130/><V74/><F117/><W87/><G109/><T20/><D125/><U46/><E127/><V86/><F124/><W122/><G5/><T26/><D68/><U14/><E103/><V8/><F40/><W65/><G28/><T83/><D41/><U18/><E61/><V132/><F8/><W96/><G122/><T64/><D39/><U90/><E4/><V45/><F45/><W99/><G70/><T131/><D131/><U9/><REACH who="1" step="1"/><E85/><REACH who="1" ten="214,227,312,237" step="2"/><V6/><F6/><W69/><G87/><N who="0" m="50687" /><D100/><U118/><E118/><V55/><F86/><W102/><G119/><T106/><D106/><U31/><E31/><V42/><F134/><W93/><G101/><T34/><D97/><U71/><E71/><V66/><F132/><W13/><G96/><T75/><D75/><U52/><E52/><V113/><F55/><W50/><G104/><T81/><D62/><U30/><E30/><V116/><F116/><W129/><G129/><T105/><D105/><U126/><E126/><V1/><F74/><W107/><G107/><T16/><D7/><U56/><E56/><V44/><F0/><W111/><G69/><T63/><D57/><U114/><E114/><V72/><F113/><W15/><G59/><T135/><D63/><U133/><E133/><V76/><F1/><W84/><G84/><T19/><D135/><U112/><E112/><V47/><F2/><W115/><G115/><T95/><D64/><U98/><E98/><V79/><F66/><W22/><G65/><T60/><D60/><U36/><AGARI ba="0,1" hai="9,14,18,36,37,38,46,49,54,88,89,90,120,121" machi="36" ten="40,12000,1" yaku="1,1,0,1,52,1,54,1,53,0" doraHai="10" doraHaiUra="108" who="1" fromWho="1" sc="214,-40,227,130,312,-40,237,-40" />
</Scene>
<Scene>
<INIT seed="1,1,0,4,4,66" ten="174,357,272,197" oya="1" hai0="0,22,58,130,19,77,34,73,124,4,125,85,106" hai1="1,21,111,87,114,59,45,5,127,112,135,64,26" hai2="109,93,41,54,47,134,56,118,35,91,24,94,49" hai3="33,96,50,14,88,30,89,82,123,43,36,46,10"/><U37/><E135/><V7/><F109/><W90/><G123/><T102/><D130/><U83/><E127/><V131/><F134/><W40/><G33/><T120/><D120/><U16/><E111/><V61/><F131/><W65/><G30/><T15/><D73/><U132/><E132/><V39/><F7/><W17/><G65/><T23/><D34/><U117/><E117/><V84/><F118/><W105/><G36/><T53/><D102/><U107/><E107/><V115/><F115/><W92/><G105/><T57/><D106/><U29/><E1/><V128/><F128/><W31/><G31/><T97/><D97/><U79/><E5/><V126/><F126/><N who="0" m="48746" /><D23/><U119/><E119/><V62/><F24/><W38/><G38/><T104/><D53/><U76/><E76/><V67/><F35/><W20/><G43/><T8/><D104/><U28/><E28/><V60/><REACH who="2" step="1"/><F94/><REACH who="2" ten="174,357,262,197" step="2"/><W9/><REACH who="3" step="1"/><G82/><AGARI ba="1,1" hai="0,4,8,15,19,22,57,58,77,82,85" m="48746" machi="82" ten="30,1000,0" yaku="18,1" doraHai="66" who="0" fromWho="3" sc="174,23,357,0,262,0,197,-13" />
</Scene>
<Scene>
<INIT seed="2,0,0,3,5,95" ten="197,357,262,184" oya="2" hai0="122,98,40,6,67,94,20,8,119,128,46,135,106" hai1="108,7,118,48,12,62,57,51,58,33,3,55,100" hai2="88,131,134,16,35,19,127,2,75,39,41,66,26" hai3="113,64,89,27,79,117,47,32,13,52,65,4,96"/><V123/><F123/><W61/><G117/><T25/><D122/><U90/><E3/><V93/><F75/><W30/><G79/><T83/><D135/><U1/><E1/><V78/><F78/><W102/><G89/><T77/><D128/><U72/><E72/><V91/><F2/><W69/><G65/><T38/><D106/><U129/><E33/><V42/><F39/><W9/><G113/><T0/><D67/><U73/><E73/><V76/><F76/><W28/><G28/><T53/><D53/><U125/><E118/><V133/><F66/><W22/><G22/><T111/><D111/><U86/><E125/><V87/><F131/><W132/><G132/><N who="2" m="50793" /><F127/><W37/><G37/><T103/><D119/><U71/><E108/><V24/><F91/><W99/><REACH who="3" step="1"/><G102/><REACH who="3" ten="197,357,262,174" step="2"/><T56/><D77/><U110/><E100/><V54/><F35/><W74/><G74/><T82/><REACH who="0" step="1"/><D56/><REACH who="0" ten="187,357,262,174" step="2"/><U36/><E57/><V104/><F54/><W43/><G43/><N who="2" m="16393" /><F104/><W21/><G21/><T126/><D126/><U85/><E110/><V15/><F19/><AGARI ba="0,2" hai="0,6,8,19,20,25,38,40,46,82,83,94,98,103" machi="19" ten="30,3900,0" yaku="1,1,7,1,52,1,53,0" doraHai="95" doraHaiUra="31" who="0" fromWho="2" sc="187,59,357,0,262,-39,174,0" />
</Scene>
<Scene>
<INIT seed="3,0,0,0,5,102" ten="246,357,223,174" oya="3" hai0="131,2,17,32,80,109,10,60,75,39,65,71,125" hai1="81,129,123,49,128,52,46,33,50,48,88,104,44" hai2="12,62,66,36,56,72,112,30,83,133,119,31,126" hai3="9,135,121,132,14,57,67,15,11,18,92,29,95"/><W78/><G121/><T21/><D109/><U84/><E123/><V54/><F112/><W38/><G38/><T19/><D125/><U45/><E33/><V105/><F119/><W7/><G78/><T43/><D131/><N who="1" m="50251" /><E104/><V63/><F36/><W114/><G114/><T134/><D134/><N who="3" m="51241" /><G29/><T82/><D32/><U28/><E28/><V108/><F126/><W13/><G13/><T23/><D23/><U93/><E93/><N who="3" m="35914" /><G57/><AGARI ba="0,0" hai="44,45,46,48,49,50,52,57,81,84,88" m="50251" machi="57" ten="30,3900,0" yaku="19,1,54,2" doraHai="102" who="1" fromWho="3" sc="246,0,357,39,223,0,174,-39" />
</Scene>
<Scene>
<INIT seed="4,0,0,1,4,46" ten="246,396,223,135" oya="0" hai0="111,51,34,64,13,134,113,90,100,135,102,1,56" hai1="20,99,2,115,44,76,21,88,30,24,3,41,68" hai2="108,31,73,67,133,107,63,5,110,101,127,120,7" hai3="94,121,81,118,55,28,60,122,62,10,42,23,86"/><T16/><D113/><U6/><E68/><V19/><F120/><W37/><G118/><T59/><D34/><U70/><E70/><V74/><F133/><N who="0" m="50698" /><D1/><U114/><E76/><V75/><F127/><W84/><G42/><T83/><D111/><U105/><E21/><V106/><F19/><W49/><G37/><T66/><D90/><U91/><E91/><V77/><F77/><W125/><G125/><T92/><D92/><N who="1" m="56711" /><E105/><V79/><F79/><W129/><G94/><T11/><D83/><U112/><E6/><V18/><F18/><W72/><G72/><T82/><D82/><U26/><E26/><V0/><F31/><W116/><G116/><T85/><D85/><U103/><E103/><N who="0" m="39465" /><D59/><U123/><E123/><V89/><F89/><W117/><G117/><T93/><D93/><U4/><E4/><V126/><F7/><W96/><G81/><T124/><D124/><U15/><E15/><V58/><F126/><W50/><G96/><T53/><AGARI ba="0,0" hai="11,13,16,51,53,56,64,66" m="39465,50698" machi="53" ten="30,6000,0" yaku="20,1,52,1,54,1" doraHai="46" who="0" fromWho="0" sc="246,60,396,-20,223,-20,135,-20" />
</Scene>
<Scene>
<INIT seed="4,1,0,3,1,3" ten="306,376,203,115" oya="0" hai0="65,55,89,6,2,131,37,112,12,78,56,24,117" hai1="51,5,25,58,121,21,42,90,74,11,82,23,73" hai2="124,59,135,64,22,109,130,72,114,94,54,67,18" hai3="52,111,103,8,1,14,20,97,107,83,104,92,15"/><T108/><D117/><U41/><E121/><V44/><F109/><W75/><G111/><T43/><D2/><U126/><E126/><V87/><F72/><W119/><G119/><T61/><D108/><U100/><E100/><V81/><F130/><W34/><G34/><T49/><D112/><U45/><E58/><V93/><F135/><W71/><G71/><T30/><D131/><U98/><E41/><V120/><F124/><W4/><G1/><T80/><D89/><U102/><E23/><V31/><F31/><W91/><G75/><T125/><D125/><U95/><E102/><V101/><F44/><W60/><G83/><T133/><D133/><U62/><E62/><V53/><F53/><W47/><G103/><T69/><D37/><U9/><E9/><V26/><F114/><W50/><REACH who="3" step="1"/><G60/><REACH who="3" ten="306,376,203,105" step="2"/><T19/><D69/><U99/><E82/><V33/><F33/><W63/><G63/><T38/><D61/><U86/><E74/><V134/><F134/><W28/><G28/><T96/><D30/><N who="1" m="17711" /><E73/><V16/><F101/><W27/><G27/><T36/><D24/><U106/><E106/><V79/><F120/><W39/><G39/><T127/><D38/><U122/><E122/><V128/><F128/><W132/><G132/><T113/><D36/><U85/><E95/><N who="2" m="36363" /><F67/><W13/><G13/><T76/><D65/><U0/><E0/><V116/><F64/><W105/><G105/><T66/><D66/><U40/><E99/><V118/><F118/><W46/><G46/><T77/><D96/><U68/><E98/><V7/><F116/><W48/><G48/><RYUUKYOKU ba="1,1" sc="306,-10,376,-10,203,-10,105,30" hai3="4,8,14,15,20,47,50,52,91,92,97,104,107" />
</Scene>
<Scene>
<INIT seed="5,2,1,0,1,21" ten="296,366,193,135" oya="1" hai0="57,29,25,28,31,102,98,88,56,15,36,107,3" hai1="8,120,123,43,44,83,76,86,104,114,64,9,85" hai2="97,20,50,100,68,106,37,65,33,133,96,66,63" hai3="90,27,122,130,125,34,77,116,92,14,13,128,11"/><U74/><E104/><V82/><F37/><W101/><G101/><T6/><D36/><U30/><E30/><V53/><F133/><W49/><G122/><T35/><D3/><U10/><E64/><V132/><F66/><W60/><G60/><T78/><D78/><U112/><E86/><V129/><F129/><N who="3" m="49771" /><G77/><T48/><D31/><U103/><E103/><V46/><F132/><W16/><G125/><T91/><D29/><U54/><E54/><V45/><F97/><W131/><N who="3" m="49779" /><W24/><DORA hai="110" /><G34/><T40/><D57/><U38/><REACH who="1" step="1"/><E74/><REACH who="1" ten="296,356,193,135" step="2"/><V81/><F33/><W70/><G70/><T26/><D28/><U17/><E17/><V72/><F72/><W52/><G116/><T61/><D35/><U124/><E124/><V42/><F106/><W1/><G1/><T5/><D107/><U18/><E18/><V134/><F100/><W47/><G14/><T115/><D102/><U7/><E7/><V95/><F134/><W75/><G75/><T0/><D15/><U105/><E105/><V113/><F68/><W94/><G94/><T93/><D0/><U22/><E22/><V126/><F20/><W119/><G119/><T87/><D6/><U51/><E51/><V80/><F126/><W41/><G52/><T79/><D5/><U62/><E62/><V111/><F65/><W67/><G67/><T32/><D61/><U58/><E58/><V69/><F69/><W2/><G2/><T73/><D56/><U39/><E39/><N who="2" m="21727" /><F63/><W109/><G109/><T84/><D73/><U19/><E19/><V108/><F108/><W59/><G59/><RYUUKYOKU ba="2,2" sc="296,-15,356,15,193,-15,135,15" hai1="8,9,10,38,43,44,76,83,85,112,114,120,123" hai3="11,13,16,24,27,41,47,49,90,92" />
</Scene>
<Scene>
<INIT seed="5,3,2,1,5,114" ten="281,371,178,150" oya="1" hai0="115,17,122,41,117,42,108,118,95,37,98,70,73" hai1="86,105,100,107,64,45,76,27,113,99,79,101,131" hai2="31,133,63,125,19,53,58,71,104,81,25,128,127" hai3="56,103,59,124,51,3,74,134,29,52,15,120,4"/><U93/><E64/><V33/><F104/><W130/><G120/><T89/><D108/><U38/><E27/><V14/><F128/><W82/><G3/><T83/><D115/><U40/><E113/><V84/><F71/><W12/><G130/><T92/><D122/><U44/><E131/><V75/><F75/><W66/><G124/><T110/><D110/><U55/><E86/><V46/><F46/><W106/><G134/><T119/><D70/><U47/><E47/><V129/><F129/><W54/><G29/><T78/><D37/><U34/><E34/><V90/><REACH who="2" step="1"/><F133/><REACH who="2" ten="281,371,168,150" step="2"/><W1/><G74/><T97/><REACH who="0" step="1"/><D17/><REACH who="0" ten="271,371,168,150" step="2"/><U35/><E38/><V57/><F57/><W30/><G56/><T28/><D28/><U77/><E45/><V9/><AGARI ba="3,4" hai="9,14,19,25,31,33,53,58,63,81,84,90,125,127" machi="9" ten="30,4000,0" yaku="1,1,0,1,53,1" doraHai="114" doraHaiUra="22" who="2" fromWho="2" sc="271,-13,371,-23,168,89,150,-13" />
</Scene>
<Scene>
<INIT seed="6,0,0,1,4,118" ten="258,348,257,137" oya="2" hai0="134,55,66,121,74,26,40,96,46,93,39,1,126" hai1="72,65,105,57,42,103,61,99,11,34,16,132,59" hai2="54,24,29,44,92,78,135,10,80,97,5,101,30" hai3="68,56,64,37,13,63,127,77,120,25,32,90,28"/><V71/><F135/><W36/><G127/><T94/><D126/><U67/><E34/><V115/><F115/><W88/><G77/><T2/><D134/><U73/><E132/><V111/><F71/><W4/><G68/><T109/><D109/><U49/><E42/><V133/><F111/><W12/><G12/><T114/><D114/><U79/><E79/><V48/><F24/><W91/><REACH who="3" step="1"/><G120/><REACH who="3" ten="258,348,257,127" step="2"/><T60/><D1/><U98/><E73/><V19/><F133/><W47/><G47/><T107/><D2/><U38/><E72/><V33/><F33/><W131/><G131/><T7/><D74/><U82/><E59/><V130/><F130/><W128/><G128/><T76/><D121/><U113/><E57/><V84/><F19/><W31/><G31/><T112/><D76/><U69/><E16/><V119/><F119/><W27/><G27/><T0/><D26/><U100/><E69/><V21/><F21/><W9/><AGARI ba="0,1" hai="4,9,13,25,28,32,36,37,56,63,64,88,90,91" machi="9" ten="30,4000,0" yaku="1,1,0,1,54,1,53,0" doraHai="118" doraHaiUra="102" who="3" fromWho="3" sc="258,-10,348,-10,257,-20,127,50" />
</Scene>
<Scene>
<INIT seed="7,0,0,3,3,83" ten="248,338,237,177" oya="3" hai0="11,9,112,96,119,43,74,64,82,58,21,120,73" hai1="134,2,106,32,78,130,114,104,13,51,4,33,57" hai2="14,22,3,123,122,49,42,15,86,34,60,39,92" hai3="59,19,20,35,5,77,70,105,66,93,71,29,47"/><W103/><G105/><T45/><D120/><N who="2" m="46122" /><F34/><W88/><G103/><T17/><D119/><U10/><E13/><N who="2" m="4619" /><F3/><W133/><G5/><T124/><D112/><U90/><E57/><V62/><F39/><W108/><G133/><T54/><D124/><U40/><E51/><V31/><F31/><W94/><G94/><T53/><D96/><U25/><E90/><N who="2" m="53335" /><F22/><W18/><G77/><T68/><D68/><U102/><E33/><V48/><F49/><W98/><G108/><T129/><D129/><U75/><E32/><V109/><F109/><W95/><G95/><T85/><D73/><U23/><E75/><V28/><F28/><W111/><G111/><T61/><D74/><U37/><E37/><V117/><F117/><W116/><G116/><T76/><D9/><U36/><E10/><V56/><F42/><W79/><G35/><T89/><D11/><U80/><E40/><V0/><F0/><W52/><G79/><T72/><D76/><U115/><E78/><V121/><F121/><W91/><G91/><T69/><D72/><U131/><E115/><V87/><F87/><W126/><G126/><T84/><D84/><U132/><E114/><V99/><F99/><W118/><G118/><T65/><D69/><N who="3" m="26121" /><G29/><T38/><D65/><U8/><E2/><V101/><F101/><W30/><G66/><T50/><D38/><U41/><E36/><V1/><F1/><W113/><G113/><T100/><D100/><U16/><E102/><V67/><F67/><W7/><G7/><T44/><D44/><U125/><E4/><V12/><F12/><AGARI ba="0,0" hai="12,17,21,43,45,50,53,54,58,61,64,82,85,89" machi="12" ten="30,3900,0" yaku="7,1,8,1,52,1" doraHai="83" who="0" fromWho="2" sc="248,39,338,0,237,-39,177,0" owari="287,9.0,338,43.0,198,-20.0,177,-32.0" />
</Scene>
</mjloggm>