<mjloggm ver="2.3"><GO type="169" lobby="0"/><UN n0="%E3%81%B2%E3%81%90%E3%81%A1" n1="%E3%81%99%E3%81%9A%E3%82%81%E3%82%AF%E3%83%AC%E3%82%A4%E3%82%B8%E3%83%BC" n2="%E6%9A%97%E3%81%84%E7%AC%A6" n3="%69%6E%66%6F%31%32%33" dan="17,19,16,17" rate="2155.54,2242.59,2060.49,2136.04" sx="M,M,M,M"/><TAIKYOKU oya="0"/>

<Scene>
<INIT seed="0,0,0,4,1,4" ten="250,250,250,250" oya="0" hai0="83,20,91,1,98,94,43,88,125,46,63,47,17" hai1="114,54,81,66,53,100,5,89,118,45,21,29,10" hai2="62,36,92,109,120,85,122,78,19,22,80,61,133" hai3="37,2,70,35,132,27,69,64,119,60,40,116,128"/><T134/><D125/><U68/><E118/><V9/><F36/><W105/><G70/><T18/><D134/><U121/><E121/><V124/><F133/><W6/><G132/><T76/><D1/><U113/><E100/><V7/><F124/><W106/><G128/><T12/><D63/><U30/><E66/><V11/><F109/><W126/><G126/><T107/><D107/><U135/><E68/><V0/><F92/><W31/><G119/><T39/><D47/><U131/><E131/><V51/><F51/><W48/><G48/><T32/><D32/><U50/><E54/><V127/><F127/><W115/><G115/><N who="1" m="44042" /><E21/><V95/><F95/><W112/><G112/><T38/><D17/><U71/><E71/><V26/><REACH who="2" step="1"/><F9/><REACH who="2" ten="250,250,240,250" step="2"/><N who="3" m="2263" /><G116/><T103/><REACH who="0" step="1"/><D39/><REACH who="0" ten="240,250,240,250" step="2"/><U117/><E135/><V8/><F8/><W79/><G106/><T104/><D104/><U15/><E117/><V58/><F58/><W110/><G105/><T111/><D111/><U44/><E44/><V75/><F75/><AGARI ba="0,2" hai="12,18,20,38,43,46,75,76,83,88,91,94,98,103" machi="75" ten="30,11600,0" yaku="1,1,7,1,54,1,53,1" doraHai="4" doraHaiUra="42" who="0" fromWho="2" sc="240,136,250,0,240,-116,250,0" />
</Scene>
<Scene>
<INIT seed="0,1,0,5,2,99" ten="376,250,124,250" oya="0" hai0="122,60,20,48,117,12,62,135,16,92,49,9,128" hai1="19,106,77,105,103,10,107,95,88,6,5,109,115" hai2="113,89,96,80,133,24,111,14,132,41,69,61,43" hai3="86,58,45,15,42,44,65,1,67,55,72,125,52"/><T2/><D122/><U116/><E116/><V120/><F14/><W85/><G1/><T110/><D117/><U33/><E33/><V94/><F120/><W27/><G72/><T18/><D128/><U73/><E19/><V93/><F113/><W0/><G0/><T81/><D135/><U114/><E6/><V23/><F80/><W31/><G15/><T100/><D110/><U50/><E50/><V84/><F111/><W74/><G74/><T28/><D28/><U126/><E10/><V53/><F69/><W39/><G45/><T37/><D37/><U130/><E5/><V70/><F70/><W97/><G55/><T98/><D81/><N who="1" m="45231" /><E109/><V119/><F119/><W83/><G97/><T131/><D131/><U123/><E123/><V112/><F112/><N who="1" m="43049" /><E126/><V134/><F61/><N who="0" m="23658" /><D2/><U11/><E11/><V129/><F53/><W51/><G125/><T104/><D104/><U40/><E40/><V59/><F129/><W82/><G83/><T32/><D32/><U108/><E108/><V68/><F68/><W56/><G82/><T21/><D21/><U46/><E46/><V57/><F43/><W63/><G67/><T36/><D36/><U127/><E127/><V8/><F41/><W78/><G78/><T91/><D91/><U76/><E76/><V75/><F8/><W66/><G66/><T29/><D29/><U17/><E17/><N who="2" m="12399" /><F75/><W4/><G4/><T22/><D9/><U124/><E130/><V79/><F79/><W13/><G13/><AGARI ba="1,0" hai="12,13,16,18,20,22,48,49,92,98,100" m="23658" machi="13" ten="30,5800,0" yaku="8,1,52,1,54,1" doraHai="99" who="0" fromWho="3" sc="376,61,250,0,124,0,250,-61" />
</Scene>
<Scene>
<INIT seed="0,2,0,5,0,22" ten="437,250,124,189" oya="0" hai0="39,105,100,121,90,106,99,126,67,44,11,60,103" hai1="57,94,10,97,108,63,37,115,66,16,69,84,64" hai2="104,72,79,38,54,47,134,56,76,7,51,42,24" hai3="18,31,48,101,70,9,88,20,3,116,74,83,65"/><T46/><D121/><U36/><E108/><V119/><F104/><W14/><G116/><T125/><D90/><U49/><E84/><V0/><F119/><W13/><G3/><T4/><D100/><U71/><E71/><V128/><F134/><W61/><G101/><T82/><D82/><U68/><E68/><V62/><F128/><W25/><G48/><T28/><D105/><U73/><E73/><V55/><F72/><W53/><G53/><T8/><D8/><U77/><E77/><V102/><F102/><W41/><G41/><T17/><D17/><U107/><E115/><V85/><F7/><W52/><G52/><T131/><D28/><U113/><E113/><V123/><F0/><W43/><G43/><T118/><D118/><U92/><E92/><V35/><F123/><W80/><G74/><T59/><D131/><U27/><E10/><V34/><F85/><W93/><REACH who="3" step="1"/><G14/><REACH who="3" ten="437,250,124,179" step="2"/><T26/><D103/><U130/><E107/><V95/><F55/><W86/><AGARI ba="2,1" hai="9,13,18,20,25,31,61,65,70,80,83,86,88,93" machi="86" ten="20,12000,2" yaku="1,1,2,1,0,1,7,1,52,1,54,1,53,0" doraHai="22" doraHaiUra="132" who="3" fromWho="3" sc="437,-62,250,-32,124,-32,179,136" />
</Scene>
<Scene>
<INIT seed="1,0,0,5,0,28" ten="375,218,92,315" oya="1" hai0="41,106,122,123,109,126,66,120,36,102,110,4,93" hai1="101,53,95,83,57,52,129,0,117,27,24,84,72" hai2="46,128,40,43,25,49,112,113,81,77,68,70,73" hai3="107,15,69,48,35,30,132,20,88,79,111,6,5"/><U119/><E0/><V103/><F103/><W63/><G107/><T11/><D126/><U105/><E129/><V125/><F128/><W114/><G79/><T7/><D66/><U13/><E105/><V104/><F104/><W16/><G114/><N who="2" m="44137" /><F125/><W8/><G111/><N who="0" m="42507" /><D106/><U9/><E72/><V58/><F58/><W124/><G124/><T133/><D133/><U89/><E119/><V135/><F135/><W85/><G132/><T45/><D11/><U22/><E117/><V21/><F43/><W108/><G108/><T67/><D67/><U17/><E27/><V19/><AGARI ba="0,0" hai="19,21,25,40,46,49,68,70,73,77,81" m="44137" machi="19" ten="30,1100,0" yaku="11,1" doraHai="28" who="2" fromWho="2" sc="375,-3,218,-5,92,11,315,-3" />
</Scene>
<Scene>
<INIT seed="2,0,0,0,5,82" ten="372,213,103,312" oya="2" hai0="86,88,69,107,58,53,63,2,14,115,125,121,15" hai1="20,80,109,97,42,84,89,57,19,92,120,117,16" hai2="17,100,96,32,61,75,29,77,72,0,45,12,99" hai3="25,111,95,30,135,106,81,108,124,54,22,35,114"/><V83/><F0/><W55/><G106/><T62/><D2/><U101/><E109/><N who="3" m="42058" /><G135/><T40/><D107/><U133/><E133/><V8/><F32/><W39/><G39/><T23/><D121/><U43/><E117/><V118/><F29/><W105/><G105/><T116/><D115/><U132/><E120/><V134/><F134/><W49/><G114/><T56/><D69/><U46/><E132/><V3/><F3/><W4/><G4/><T90/><D125/><U47/><E57/><V127/><F127/><W9/><G9/><T6/><D40/><N who="1" m="15403" /><E19/><V64/><F45/><W93/><G124/><T110/><D110/><U60/><E60/><V26/><F118/><W113/><G113/><T68/><D68/><U28/><E28/><V73/><F26/><AGARI ba="0,0" hai="16,20,26,46,47,80,84,89,92,97,101" m="15403" machi="26" ten="30,3900,0" yaku="8,1,52,1,54,1" doraHai="82" who="1" fromWho="2" sc="372,0,213,39,103,-39,312,0" />
</Scene>
<Scene>
<INIT seed="3,0,0,0,3,87" ten="372,252,64,312" oya="3" hai0="6,28,85,10,81,88,11,53,19,36,129,119,64" hai1="50,105,86,103,15,68,45,13,95,98,106,31,21" hai2="132,48,32,128,37,5,76,14,43,18,71,1,24" hai3="25,23,131,54,38,112,102,122,74,135,115,49,0"/><W124/><G122/><T67/><D119/><U91/><E68/><V2/><F71/><W73/><G38/><T42/><D129/><U58/><E106/><V9/><F128/><W108/><G131/><T84/><D28/><U35/><E35/><V22/><F37/><W130/><G130/><T127/><D127/><U78/><E78/><V3/><F76/><W133/><G0/><N who="2" m="105" /><F48/><W39/><G39/><T4/><D36/><U104/><E104/><V126/><F43/><W70/><G70/><T92/><D42/><U101/><E101/><V20/><F126/><W41/><G41/><T110/><D110/><U30/><E58/><V107/><F107/><W57/><G124/><T80/><D53/><U8/><E21/><N who="2" m="11479" /><F132/><N who="3" m="50763" /><G108/><T12/><D92/><U97/><E97/><V83/><F83/><W47/><G102/><T116/><D116/><U34/><E105/><V7/><F5/><N who="0" m="2154" /><D11/><U99/><E103/><V113/><F113/><N who="3" m="43595" /><G47/><T40/><D40/><U59/><E45/><V93/><F93/><W17/><AGARI ba="0,0" hai="17,23,25,49,54,57,73,74" m="43595,50763" machi="17" ten="30,1500,0" yaku="20,1" doraHai="87" who="3" fromWho="3" sc="372,-5,252,-5,64,-5,312,15" />
</Scene>
<Scene>
<INIT seed="3,1,0,0,0,89" ten="367,247,59,327" oya="3" hai0="16,60,95,2,1,48,106,66,119,39,61,77,94" hai1="74,5,58,15,130,38,57,92,19,25,33,103,86" hai2="118,110,28,56,41,11,63,112,93,46,31,14,135" hai3="97,55,99,88,52,105,65,125,100,64,80,37,73"/><W27/><G37/><T113/><D106/><U34/><E74/><V4/><F118/><W76/><G125/><T67/><D39/><U68/><E68/><V83/><F112/><W82/><G27/><T59/><D119/><U9/><E38/><V107/><F107/><W10/><G10/><T71/><D113/><U22/><E130/><V101/><F135/><W109/><G109/><T30/><D30/><U133/><E133/><V62/><F62/><W51/><G55/><T102/><D77/><U21/><E34/><V98/><F110/><W134/><G134/><T120/><D120/><U124/><E33/><V24/><F83/><W75/><G75/><T122/><D122/><U132/><E124/><V42/><F46/><W12/><G12/><T32/><D32/><U123/><E123/><V108/><F108/><W115/><G115/><T79/><D79/><U40/><E40/><V116/><F116/><W50/><G50/><T117/><D117/><U78/><E78/><V90/><F31/><W35/><G35/><T36/><D36/><U18/><E132/><V111/><F111/><W20/><G20/><T6/><D6/><U127/><E127/><V126/><F126/><W3/><G3/><T53/><D16/><U54/><E54/><V70/><F70/><W49/><G49/><T26/><D26/><U84/><E57/><V47/><F47/><N who="3" m="27775" /><G80/><T114/><D114/><U44/><E58/><V128/><F128/><W81/><G82/><T96/><D94/><U8/><E44/><AGARI ba="1,0" hai="1,2,44,48,53,59,60,61,66,67,71,95,96,102" machi="44" ten="30,2000,0" yaku="7,1,52,1" doraHai="89" who="0" fromWho="1" sc="367,23,247,-23,59,0,327,0" />
</Scene>
<Scene>
<INIT seed="4,0,0,2,2,45" ten="390,224,59,327" oya="0" hai0="132,95,52,129,39,7,37,67,57,106,21,36,55" hai1="32,85,68,101,125,17,43,72,19,42,12,121,88" hai2="49,44,51,66,13,30,133,114,62,103,118,73,9" hai3="26,134,102,69,0,10,65,61,91,2,58,79,135"/><T108/><D106/><U98/><E68/><V116/><F73/><W122/><G122/><T94/><D7/><U104/><E121/><V4/><F103/><W105/><G91/><T35/><D35/><U48/><E32/><V74/><F74/><W120/><G120/><T111/><D21/><U25/><E72/><V89/><F30/><W41/><G79/><T70/><D95/><U131/><E131/><V93/><F44/><W110/><G10/><T24/><D24/><U22/><E125/><V100/><F100/><W20/><G41/><T90/><D90/><U11/><E48/><N who="2" m="18507" /><F62/><W82/><G110/><T50/><D94/><AGARI ba="0,0" hai="11,12,17,19,22,25,42,43,85,88,94,98,101,104" machi="94" ten="30,2000,0" yaku="7,1,54,1" doraHai="45" who="1" fromWho="0" sc="390,-20,224,20,59,0,327,0" />
</Scene>
<Scene>
<INIT seed="5,0,0,1,4,99" ten="370,244,59,327" oya="1" hai0="97,58,135,39,5,110,32,68,2,120,80,73,72" hai1="15,47,84,6,106,127,10,64,3,9,82,134,95" hai2="78,129,26,49,33,59,122,85,24,96,37,81,25" hai3="119,69,52,31,124,102,88,12,114,89,36,130,126"/><U86/><E134/><V125/><F37/><W7/><G69/><T112/><RYUUKYOKU type="yao9" ba="0,0" sc="370,0,244,0,59,0,327,0" hai0="2,5,32,39,58,68,72,73,80,97,110,112,120,135" />
</Scene>
<Scene>
<INIT seed="5,1,0,4,4,45" ten="370,244,59,327" oya="1" hai0="12,21,89,82,133,52,124,66,88,70,85,50,31" hai1="26,114,81,32,102,121,129,125,5,127,40,95,13" hai2="64,14,103,41,135,80,11,25,24,98,119,43,68" hai3="79,42,63,18,75,107,84,17,87,37,65,94,58"/><U19/><E121/><V20/><F68/><W7/><G107/><T105/><D105/><U106/><E106/><V120/><F64/><W115/><G7/><T76/><D124/><N who="1" m="47691" /><E114/><V49/><F120/><W57/><G115/><T100/><D133/><U90/><E129/><V3/><F3/><W2/><G2/><T86/><D100/><U123/><E5/><V131/><F135/><W22/><G75/><T48/><D70/><U132/><E132/><V93/><F131/><W112/><G112/><T101/><D101/><U38/><E81/><V74/><F119/><W55/><G42/><T61/><D66/><U53/><E102/><V97/><F43/><W110/><G37/><T118/><D118/><U83/><E83/><V39/><F39/><W113/><G110/><T130/><D130/><U44/><E53/><V36/><F36/><W69/><G69/><T122/><D122/><U29/><E123/><V30/><F74/><W47/><G79/><T134/><D134/><U6/><E6/><V126/><F126/><W46/><G113/><T71/><D71/><U10/><E95/><V23/><F80/><W15/><G94/><N who="0" m="54583" /><D76/><U56/><E56/><V77/><F77/><W67/><G67/><T111/><D111/><U104/><E104/><V117/><F117/><W128/><G128/><T33/><D33/><N who="1" m="20663" /><E90/><V9/><F103/><W28/><G57/><N who="0" m="34983" /><D31/><U99/><E99/><V96/><F30/><W108/><G28/><T8/><D21/><U60/><E60/><V109/><F98/><W54/><G108/><T73/><D73/><U16/><E32/><V4/><F109/><RYUUKYOKU ba="1,0" sc="370,15,244,15,59,-15,327,-15" hai0="8,12,48,50,82,85,88" hai1="10,13,16,19,38,40,44" />
</Scene>
<Scene>
<INIT seed="5,2,0,5,4,77" ten="385,259,44,312" oya="1" hai0="112,73,25,123,105,55,64,126,53,54,93,12,120" hai1="83,86,6,60,118,100,11,75,113,97,52,51,46" hai2="43,48,17,50,33,98,92,69,66,102,88,40,39" hai3="28,82,84,44,117,29,24,59,72,125,26,32,9"/><U61/><E75/><V111/><F33/><W20/><G125/><T62/><D105/><U127/><E113/><V19/><F69/><W94/><G117/><T106/><D106/><U36/><E36/><V116/><F66/><W99/><G72/><T16/><D73/><U124/><E118/><V42/><F39/><W18/><G44/><T2/><D2/><U81/><E81/><V101/><F116/><W89/><G59/><T129/><D129/><U30/><E30/><V80/><F111/><W122/><G122/><N who="0" m="46635" /><D126/><N who="1" m="48171" /><E97/><V87/><F102/><W114/><G114/><T119/><D119/><U130/><E100/><V58/><F58/><W0/><G0/><T135/><D135/><U35/><E35/><V74/><F74/><W79/><G9/><N who="0" m="6159" /><D112/><U71/><E71/><V41/><N who="2" m="10240" /><DORA hai="104" /><V22/><REACH who="2" step="1"/><F19/><REACH who="2" ten="385,259,34,312" step="2"/><W57/><G57/><T63/><D64/><U47/><E47/><V110/><F110/><W27/><G18/><T5/><D63/><U34/><E34/><V13/><AGARI ba="2,1" hai="13,17,22,48,50,80,87,88,92,98,101" m="10240" machi="13" ten="40,8000,1" yaku="1,1,0,1,8,1,52,1,54,1,53,0" doraHai="77,104" doraHaiUra="134,109" who="2" fromWho="2" sc="385,-22,259,-42,34,96,312,-22" />
</Scene>
<Scene>
<INIT seed="6,0,0,1,2,93" ten="363,217,130,290" oya="2" hai0="75,9,22,36,132,17,133,1,126,112,23,30,37" hai1="52,2,54,31,89,73,21,91,116,95,118,55,106" hai2="111,32,66,71,46,13,33,8,7,26,123,20,16" hai3="53,58,49,77,41,3,38,63,113,42,124,79,64"/><V35/><F71/><W107/><G3/><T39/><D75/><U28/><E106/><V47/><F66/><W44/><G107/><T131/><D112/><U129/><E73/><V114/><F123/><W45/><G113/><T29/><D126/><U86/><E2/><V74/><F74/><W76/><G124/><T110/><D110/><U34/><E34/><V48/><F114/><W122/><G122/><T43/><D43/><N who="3" m="16393" /><G38/><T120/><D120/><U81/><E129/><V96/><F111/><W67/><G44/><T56/><D131/><U11/><E11/><V72/><F72/><W108/><G108/><T119/><D119/><U101/><E101/><V115/><F115/><W104/><G104/><T59/><D1/><U100/><E100/><V102/><REACH who="2" step="1"/><F48/><REACH who="2" ten="363,217,120,290" step="2"/><W0/><G67/><T65/><D65/><U68/><E68/><V10/><F10/><W127/><G127/><T125/><D9/><U15/><E118/><V84/><F84/><W50/><G50/><T103/><D125/><U25/><E116/><V134/><F134/><W14/><G49/><T109/><D109/><U121/><E121/><V5/><F5/><W94/><G64/><T70/><D70/><U135/><E135/><V98/><F98/><W51/><G51/><T83/><D36/><U78/><E86/><V4/><F4/><W27/><G63/><T24/><D132/><U87/><E87/><V90/><F90/><W85/><G85/><T69/><D133/><U105/><E91/><V61/><F61/><W80/><G79/><T97/><D39/><U82/><E78/><V128/><F128/><RYUUKYOKU ba="0,1" sc="363,-10,217,-10,120,30,290,-10" hai2="7,8,13,16,20,26,32,33,35,46,47,96,102" />
</Scene>
<Scene>
<INIT seed="6,1,1,0,0,86" ten="353,207,150,280" oya="2" hai0="133,75,35,33,34,11,52,30,16,36,95,73,27" hai1="43,29,8,101,6,93,69,106,104,80,90,59,83" hai2="3,123,105,121,14,64,40,66,47,109,129,54,25" hai3="128,84,72,15,19,44,55,102,120,118,2,7,5"/><V51/><F105/><W4/><G72/><T131/><D36/><U82/><E69/><V50/><F3/><W61/><G118/><T67/><D67/><N who="2" m="25642" /><F25/><W111/><G111/><T42/><D42/><U23/><E43/><V122/><F14/><W48/><G128/><T94/><D131/><U26/><E101/><V46/><F129/><W24/><G120/><N who="2" m="30721" /><V134/><DORA hai="130" /><F134/><W17/><G102/><T85/><D133/><U125/><E125/><V116/><F109/><W10/><G2/><T71/><D71/><U78/><E78/><V135/><F135/><W70/><G70/><T92/><D85/><U0/><REACH who="1" step="1"/><E59/><REACH who="1" ten="353,197,150,280" step="2"/><V110/><F110/><W97/><G44/><T76/><D76/><U124/><E124/><V107/><F107/><W112/><G4/><T79/><D79/><U62/><E62/><V20/><F20/><W32/><G61/><T119/><D34/><U18/><E18/><V56/><F116/><W91/><G17/><T100/><D119/><U41/><E41/><V96/><F96/><AGARI ba="1,2" hai="0,6,8,23,26,29,80,82,83,90,93,96,104,106" machi="96" ten="40,2600,0" yaku="1,1,52,1,53,0" doraHai="86,130" doraHaiUra="115,68" who="1" fromWho="2" sc="353,0,197,49,150,-29,280,0" />
</Scene>
<Scene>
<INIT seed="7,0,0,4,3,83" ten="353,246,121,280" oya="3" hai0="55,119,78,25,19,63,93,54,66,36,65,102,72" hai1="81,110,76,51,48,16,5,80,50,24,47,133,62" hai2="70,59,109,2,39,31,77,7,117,107,129,1,105" hai3="123,42,27,74,35,4,17,89,12,114,43,40,46"/><W135/><G123/><T64/><D36/><U95/><E110/><V0/><F59/><W127/><G74/><T15/><D72/><U22/><E133/><V116/><F77/><W28/><G135/><T13/><D78/><U60/><E5/><V56/><F56/><W71/><G71/><T131/><D119/><U111/><E111/><V10/><F109/><W8/><G114/><T82/><D82/><N who="1" m="31851" /><E76/><V126/><F39/><W121/><G121/><T53/><D63/><N who="1" m="24107" /><E95/><V67/><F67/><W120/><G120/><T85/><D131/><U49/><E49/><V20/><F70/><W68/><G68/><T9/><D102/><U18/><E18/><V32/><F105/><W84/><G127/><T61/><D61/><U30/><E30/><V99/><F107/><W11/><G46/><AGARI ba="0,0" hai="16,22,24,46,47,48,50,51" m="24107,31851" machi="46" ten="30,2000,0" yaku="8,1,54,1" doraHai="83" who="1" fromWho="3" sc="353,0,246,20,121,0,280,-20" owari="353,45.0,266,7.0,121,-38.0,260,-14.0" />
</Scene>
</mjloggm>