<mjloggm ver="2.3"><GO type="169" lobby="0"/><UN n0="%E3%81%84%E3%81%84%E7%AC%91%E9%A1%94" n1="%61%73%73%65%72%74%69%76" n2="%E3%81%99%E3%81%9A%E3%82%81%E3%82%AF%E3%83%AC%E3%82%A4%E3%82%B8%E3%83%BC" n3="%73%65%69%6C" dan="17,16,19,16" rate="2195.18,2115.45,2300.56,2119.08" sx="F,M,M,M"/><TAIKYOKU oya="0"/>

<Scene>
<INIT seed="0,0,0,0,5,69" ten="250,250,250,250" oya="0" hai0="48,77,67,102,17,0,18,71,9,90,53,86,2" hai1="22,26,93,133,92,44,30,104,115,37,32,125,70" hai2="96,56,108,112,106,46,116,101,57,43,3,21,134" hai3="88,75,55,100,27,122,79,5,60,132,38,120,49"/><T83/><D102/><U110/><E70/><V62/><F108/><W7/><G100/><T126/><D126/><U111/><E104/><V98/><F134/><W24/><G132/><T11/><D11/><U8/><E133/><V107/><F3/><W103/><G103/><T131/><D131/><U119/><E119/><V99/><F112/><W74/><G60/><T87/><D67/><U40/><E115/><V85/><F116/><W23/><G38/><T80/><D71/><U64/><E64/><V68/><F57/><N who="3" m="33007" /><G88/><T16/><REACH who="0" step="1"/><D9/><REACH who="0" ten="240,250,250,250" step="2"/><U29/><E125/><V76/><F68/><W19/><G120/><T54/><D54/><U82/><E8/><V78/><F106/><W94/><G122/><T121/><D121/><U52/><E52/><V109/><F101/><W129/><G129/><T135/><D135/><U61/><E110/><V42/><F107/><W25/><G5/><T6/><D6/><U118/><E111/><V1/><F109/><W128/><G7/><T20/><D20/><U12/><E118/><V91/><F21/><W36/><G128/><T15/><D15/><U14/><E14/><V59/><F1/><W39/><G23/><T45/><AGARI ba="0,1" hai="0,2,16,17,18,45,48,53,77,80,83,86,87,90" machi="45" ten="30,11700,0" yaku="1,1,0,1,54,1,53,1" doraHai="69" doraHaiUra="50" who="0" fromWho="0" sc="240,127,250,-39,250,-39,250,-39" />
</Scene>
<Scene>
<INIT seed="0,1,0,4,3,107" ten="367,211,211,211" oya="0" hai0="102,73,66,119,50,36,27,117,105,3,84,42,111" hai1="37,106,21,82,8,68,59,55,52,33,10,133,129" hai2="44,74,56,128,58,71,83,93,51,67,54,113,38" hai3="34,39,23,108,48,123,127,13,122,63,97,126,80"/><T125/><D3/><U79/><E33/><V95/><F113/><W43/><G34/><T131/><D36/><U103/><E68/><V116/><F128/><W0/><G0/><T5/><D5/><U101/><E37/><V72/><F58/><W135/><G108/><T28/><D131/><U86/><E129/><V121/><F83/><W41/><G135/><T120/><D120/><N who="3" m="46121" /><G39/><T30/><D30/><U89/><E133/><V53/><F116/><W26/><G13/><T94/><D111/><U31/><E89/><V25/><F25/><W61/><G97/><T7/><D7/><U2/><E106/><V18/><F18/><N who="3" m="12663" /><G80/><T78/><D66/><U12/><E2/><V110/><F54/><N who="1" m="20521" /><E59/><V109/><F121/><W81/><G81/><T11/><D105/><U45/><E45/><V70/><F70/><W92/><G92/><N who="2" m="35401" /><F110/><W65/><G61/><T104/><D104/><U17/><E31/><V14/><F14/><W19/><G19/><T115/><D28/><U124/><E21/><V132/><F132/><W118/><G118/><T100/><D117/><U6/><E17/><V87/><F109/><W46/><G41/><T75/><D42/><U90/><E12/><V22/><F22/><W24/><G24/><T60/><D27/><U1/><E1/><V20/><F20/><W114/><G114/><T85/><D115/><U35/><E35/><V91/><F71/><AGARI ba="1,0" hai="43,46,48,63,65,71,126,127" m="12663,46121" machi="71" ten="30,1000,0" yaku="13,1" doraHai="107" who="3" fromWho="2" sc="367,0,211,0,211,-13,211,13" />
</Scene>
<Scene>
<INIT seed="1,0,0,0,4,87" ten="367,211,198,224" oya="1" hai0="116,16,26,67,24,120,75,84,73,71,17,108,44" hai1="42,115,133,103,55,132,43,125,3,23,93,105,33" hai2="92,10,130,89,77,102,57,27,85,74,8,83,88" hai3="86,119,48,31,58,39,101,82,41,100,121,99,72"/><U59/><E115/><V70/><F70/><W14/><G121/><T49/><D116/><U37/><E33/><V45/><F130/><W61/><G39/><T51/><D120/><U2/><E125/><V122/><F122/><W104/><G119/><T36/><D36/><U95/><E105/><V79/><F102/><W20/><G72/><T60/><D108/><U22/><E37/><V35/><F35/><W96/><G41/><T50/><D44/><U7/><E55/><V90/><F45/><W69/><G48/><T98/><D98/><U4/><E59/><V124/><F124/><W62/><G69/><T66/><D84/><U32/><E32/><V54/><F74/><W0/><G0/><T111/><D111/><U28/><E28/><V18/><F79/><W110/><G110/><T91/><D49/><U126/><E126/><V29/><F92/><W15/><G31/><T113/><D71/><U117/><E117/><V107/><F107/><W112/><G112/><T56/><D56/><U53/><E53/><V9/><F29/><W47/><G47/><T19/><D19/><U109/><REACH who="1" step="1"/><E103/><REACH who="1" ten="367,201,198,224" step="2"/><V34/><F34/><W38/><G38/><T129/><D113/><U12/><E12/><N who="2" m="7431" /><F27/><W94/><G58/><T135/><D24/><U123/><E123/><V1/><F1/><W64/><G15/><T128/><D26/><U97/><E97/><V81/><F81/><W76/><G64/><T13/><D67/><U63/><E63/><AGARI ba="0,1" hai="9,10,54,57,63,77,83,85,88,89,90" m="7431" machi="63" ten="30,8000,1" yaku="8,1,52,3,54,1" doraHai="87" who="2" fromWho="1" sc="367,0,201,-80,198,90,224,0" />
</Scene>
<Scene>
<INIT seed="2,0,0,5,0,24" ten="367,121,288,224" oya="2" hai0="20,30,33,5,102,25,85,45,121,80,71,83,104" hai1="41,58,122,56,88,117,38,27,61,11,77,1,123" hai2="52,107,13,53,101,95,64,29,47,76,36,94,57" hai3="43,92,26,22,65,14,99,54,118,21,134,103,119"/><V37/><F107/><W28/><G134/><T60/><D121/><N who="1" m="46091" /><E117/><V67/><F76/><W132/><G132/><T44/><D5/><N who="1" m="1455" /><E77/><V68/><F13/><W6/><G65/><N who="0" m="41383" /><D20/><U74/><E74/><V127/><F127/><W125/><G43/><T114/><D114/><U15/><E15/><V34/><F101/><W49/><G125/><T111/><D111/><U86/><E27/><V100/><F100/><W108/><G108/><T87/><D87/><U16/><E16/><V32/><F57/><W135/><G135/><T12/><D12/><U2/><E2/><V63/><F63/><W8/><REACH who="3" step="1"/><G22/><REACH who="3" ten="367,121,288,214" step="2"/><T3/><D33/><U82/><E61/><V72/><F68/><W73/><G73/><T59/><D3/><U130/><E130/><V18/><F72/><W128/><G128/><T133/><D133/><U90/><E41/><V75/><F75/><W93/><G93/><T105/><D105/><U69/><E69/><V35/><F35/><W106/><G106/><T31/><D104/><U51/><E38/><V113/><F34/><W48/><G48/><T112/><D112/><U120/><E120/><V78/><F32/><W17/><G17/><T116/><D116/><U110/><E110/><V109/><F18/><W10/><G10/><T70/><D70/><U39/><E39/><V115/><F109/><W4/><G4/><T66/><D66/><U89/><E51/><V40/><F40/><W131/><G131/><T42/><D42/><U97/><E97/><V19/><F19/><W126/><G126/><T7/><D7/><U0/><E0/><V124/><F124/><RYUUKYOKU ba="0,1" sc="367,-15,121,15,288,-15,214,15" hai1="56,58,82,86,88,89,90" hai3="6,8,14,21,26,28,49,54,92,99,103,118,119" />
</Scene>
<Scene>
<INIT seed="3,1,1,4,0,107" ten="352,136,273,229" oya="3" hai0="54,24,76,6,90,113,73,55,71,29,126,104,67" hai1="92,18,88,129,31,83,49,63,133,114,30,2,115" hai2="59,23,123,77,131,65,118,53,14,119,44,109,51" hai3="101,21,34,52,128,26,61,32,127,116,58,7,130"/><W1/><G116/><T70/><D104/><U28/><E2/><V62/><F109/><W42/><G127/><T134/><D126/><U112/><E133/><V96/><F131/><N who="3" m="50219" /><G101/><T79/><D134/><U110/><E129/><V10/><F123/><W106/><G106/><T36/><D36/><U20/><E110/><V56/><F96/><W103/><G103/><T13/><D90/><U19/><E83/><V78/><F119/><W111/><G42/><T35/><D79/><U9/><E49/><V47/><F23/><W98/><G98/><T16/><D6/><U75/><E75/><V95/><F95/><W72/><G72/><T117/><D117/><U39/><E39/><V5/><F118/><W22/><G111/><T93/><D93/><U57/><E9/><V66/><F47/><W4/><G22/><T0/><D0/><U80/><E80/><V64/><REACH who="2" step="1"/><F59/><REACH who="2" ten="352,136,263,229" step="2"/><W37/><G21/><T121/><D121/><U94/><E94/><V87/><F87/><W60/><G58/><T8/><D70/><U15/><E112/><V17/><F17/><W81/><G81/><N who="0" m="45199" /><D113/><U12/><E114/><V91/><F91/><W132/><G132/><T46/><D46/><U50/><E115/><V85/><F85/><W69/><G69/><T68/><D71/><U102/><E102/><V135/><F135/><W48/><G32/><T74/><D74/><U86/><E19/><V3/><F3/><W125/><G1/><T105/><D105/><U33/><E33/><V25/><F25/><W124/><G124/><T45/><D45/><U82/><E92/><V108/><F108/><RYUUKYOKU ba="1,2" sc="352,15,136,-15,263,15,229,-15" hai0="8,13,16,24,29,35,54,55,67,68" hai2="5,10,14,44,51,53,56,62,64,65,66,77,78" />
</Scene>
<Scene>
<INIT seed="4,2,2,1,1,93" ten="367,121,278,214" oya="0" hai0="105,81,41,11,97,54,63,4,92,129,60,106,24" hai1="96,35,135,30,20,31,69,49,7,19,108,77,125" hai2="25,120,116,51,99,33,98,6,2,82,62,14,42" hai3="17,8,100,67,66,95,75,73,61,107,79,3,128"/><T36/><D129/><U65/><E108/><V103/><F2/><W53/><G107/><T12/><D81/><U21/><E77/><V40/><F120/><W70/><G128/><T64/><D60/><U90/><E49/><V27/><F103/><W118/><G118/><T133/><D133/><U23/><E69/><V126/><F33/><W18/><G3/><T87/><D87/><U122/><E65/><V26/><F126/><W104/><G104/><T114/><D114/><U94/><E122/><V44/><F62/><W13/><G66/><T38/><D54/><U58/><E58/><V76/><F42/><W89/><G100/><T9/><D9/><U80/><E35/><V83/><F116/><W113/><G113/><T68/><D36/><U111/><E111/><V46/><F46/><W102/><G102/><T88/><REACH who="0" step="1"/><D24/><REACH who="0" ten="357,121,278,214" step="2"/><U52/><E52/><V48/><F83/><W91/><G53/><T34/><D34/><U127/><E80/><V84/><F51/><W56/><G8/><AGARI ba="2,3" hai="6,8,14,25,26,27,40,44,48,76,82,84,98,99" machi="8" ten="40,8000,1" yaku="25,2,8,1,52,2" doraHai="93" who="2" fromWho="3" sc="357,0,121,0,278,116,214,-86" />
</Scene>
<Scene>
<INIT seed="5,0,0,5,3,34" ten="357,121,394,128" oya="1" hai0="15,69,62,30,25,110,32,73,45,133,88,109,55" hai1="91,36,18,116,27,122,39,125,94,126,35,119,97" hai2="96,28,134,54,83,93,37,22,108,100,128,124,99" hai3="66,46,14,50,131,52,92,78,130,106,67,61,11"/><U23/><E35/><V102/><F37/><N who="1" m="14409" /><E122/><V81/><F28/><W65/><G106/><T12/><D73/><U1/><E1/><V70/><F70/><W33/><G33/><T0/><D0/><U49/><E49/><V64/><F64/><W2/><G2/><T104/><D133/><U20/><E20/><V115/><F54/><W121/><G121/><T51/><D104/><U31/><E18/><V80/><F22/><W38/><G38/><T103/><D103/><U129/><E129/><N who="3" m="49162" /><G92/><T40/><D88/><U5/><E5/><V24/><F24/><W71/><G78/><T8/><D15/><U79/><E79/><V98/><F134/><W21/><G21/><T85/><D85/><U19/><E19/><AGARI ba="0,0" hai="11,14,19,46,50,52,61,65,66,67,71" m="49162" machi="19" ten="30,2000,0" yaku="19,1,54,1" doraHai="34" who="3" fromWho="1" sc="357,0,121,-20,394,0,128,20" />
</Scene>
<Scene>
<INIT seed="6,0,0,0,3,129" ten="357,101,394,148" oya="2" hai0="26,84,33,100,135,0,113,95,35,122,111,16,116" hai1="36,66,64,74,132,7,127,102,79,99,72,92,53" hai2="49,118,88,101,70,97,133,109,103,76,90,85,1" hai3="91,68,48,125,40,27,19,55,6,67,61,54,93"/><V5/><F70/><W23/><G125/><T3/><D100/><U106/><E127/><V86/><F1/><N who="0" m="586" /><D84/><U44/><E132/><V94/><F133/><W65/><G6/><T15/><D95/><U126/><E126/><V131/><F5/><W58/><G40/><T2/><D135/><U37/><E7/><V9/><F118/><W29/><G29/><N who="0" m="19639" /><D2/><U32/><E32/><V60/><F109/><W11/><G68/><T42/><D42/><U30/><E106/><V110/><F60/><W12/><G55/><T134/><D134/><U81/><E74/><V82/><F110/><W63/><G48/><T8/><D111/><U45/><E30/><V20/><F131/><W13/><G63/><T77/><D77/><U14/><E14/><V108/><F49/><W130/><G12/><T96/><D96/><U22/><E53/><V69/><F69/><W4/><G130/><T124/><D124/><U98/><E98/><AGARI ba="0,0" hai="4,11,13,19,23,27,54,58,61,65,67,91,93,98" machi="98" ten="30,7700,0" yaku="7,1,25,2,8,1" doraHai="129" who="3" fromWho="1" sc="357,0,101,-77,394,0,148,77" />
</Scene>
<Scene>
<INIT seed="7,0,0,1,3,53" ten="357,24,394,225" oya="3" hai0="104,73,35,96,40,21,19,12,22,121,130,89,34" hai1="6,116,55,70,33,115,62,109,15,59,93,0,25" hai2="23,66,87,61,123,92,122,28,101,127,64,124,14" hai3="44,129,110,9,2,29,72,45,26,41,56,106,13"/><W71/><G71/><T38/><D121/><N who="2" m="46090" /><F66/><W51/><G2/><T68/><D130/><U76/><E93/><V108/><F108/><W36/><G129/><T134/><D134/><U58/><E76/><V98/><F87/><W84/><G72/><T126/><D126/><U32/><E70/><N who="2" m="42255" /><F28/><W133/><G106/><T80/><D68/><U86/><E86/><V18/><AGARI ba="0,0" hai="14,18,23,92,98,101,124,127" m="42255,46090" machi="18" ten="30,1100,0" yaku="13,1" doraHai="53" who="2" fromWho="2" sc="357,-3,24,-3,394,11,225,-5" owari="354,15.0,21,-48.0,405,51.0,220,-18.0" />
</Scene>
</mjloggm>