<mjloggm ver="2.3"><GO type="169" lobby="0"/><UN n0="%E3%81%99%E3%81%9A%E3%82%81%E3%82%AF%E3%83%AC%E3%82%A4%E3%82%B8%E3%83%BC" n1="%6D%6F%6E%65%79%2E%2E%2E" n2="%E5%B8%83%E5%9B%A3%EF%BC%A0%E5%83%8D%E3%81%8B%E3%81%AA%E3%81%84" n3="%E3%81%84%E3%81%84%E7%AC%91%E9%A1%94" dan="19,17,16,17" rate="2298.95,2134.76,2022.30,2162.51" sx="M,M,F,F"/><TAIKYOKU oya="0"/>

<Scene>
<INIT seed="0,0,0,1,1,122" ten="250,250,250,250" oya="0" hai0="124,72,14,29,107,46,47,102,56,135,100,119,101" hai1="3,123,53,121,99,11,132,39,50,66,110,94,23" hai2="78,44,87,48,13,42,68,19,43,60,24,7,5" hai3="21,6,95,97,89,18,51,114,105,17,40,82,103"/><T8/><D119/><U90/><E39/><V116/><F116/><W79/><G114/><T113/><D72/><U55/><E66/><V49/><F24/><W27/><G6/><T70/><D107/><U59/><E132/><V134/><F134/><W77/><G77/><T85/><D70/><U76/><E76/><V112/><F60/><W61/><G61/><T127/><D29/><U28/><E3/><V67/><F67/><W65/><G65/><T35/><D35/><U80/><E80/><N who="2" m="47511" /><F68/><W96/><G40/><T84/><D113/><U118/><E11/><N who="2" m="6591" /><F112/><W115/><G115/><T71/><D71/><U126/><E118/><V45/><AGARI ba="0,0" hai="5,7,42,43,44,45,48,49" m="6591,47511" machi="45" ten="30,1100,0" yaku="8,1" doraHai="122" who="2" fromWho="2" sc="250,-5,250,-3,250,11,250,-3" />
</Scene>
<Scene>
<INIT seed="1,0,0,1,3,20" ten="245,247,261,247" oya="1" hai0="63,3,1,78,29,65,36,123,87,17,124,55,129" hai1="31,59,73,25,66,60,64,5,62,90,118,70,95" hai2="115,109,58,74,91,68,112,81,106,38,85,37,69" hai3="126,83,34,11,10,28,89,79,14,101,44,43,30"/><U107/><E73/><V35/><F109/><W13/><G126/><T77/><D129/><U76/><E118/><V57/><F106/><W98/><G89/><T67/><D36/><N who="2" m="13930" /><F74/><W113/><G113/><N who="2" m="43593" /><F35/><W94/><G14/><T12/><D123/><U16/><E107/><V84/><F84/><W108/><G108/><T133/><D124/><U40/><E40/><V54/><F57/><W93/><G93/><T48/><D29/><U9/><E76/><V86/><F85/><W99/><G99/><T8/><D67/><U135/><E135/><V32/><F32/><W75/><G34/><T39/><D39/><U23/><E95/><V100/><F100/><W50/><G11/><T18/><D18/><AGARI ba="0,0" hai="10,13,18,28,30,43,44,50,75,79,83,94,98,101" machi="18" ten="30,1000,0" yaku="7,1" doraHai="20" who="3" fromWho="0" sc="245,-10,247,0,261,0,247,10" />
</Scene>
<Scene>
<INIT seed="2,0,0,4,5,131" ten="235,247,261,257" oya="2" hai0="68,91,2,124,44,65,96,25,133,66,128,4,87" hai1="10,32,59,36,55,74,112,114,64,75,33,34,1" hai2="122,13,27,123,99,69,41,108,97,118,3,135,6" hai3="56,62,126,134,81,12,22,43,23,93,125,71,105"/><V79/><F118/><W58/><G105/><T86/><D128/><U115/><E36/><V107/><F69/><W29/><G43/><T73/><D73/><U110/><E64/><V52/><F41/><W78/><G93/><T119/><D2/><U130/><E130/><V45/><F3/><W117/><G117/><T61/><D4/><U26/><E26/><V16/><F79/><W31/><G71/><T9/><D9/><U90/><E110/><V109/><F6/><W132/><G78/><T95/><D44/><U60/><E1/><V54/><F27/><W103/><G81/><T116/><D124/><N who="3" m="47721" /><G103/><T67/><D25/><U89/><REACH who="1" step="1"/><E10/><REACH who="1" ten="235,237,261,257" step="2"/><N who="2" m="6199" /><F122/><W49/><G12/><T39/><D67/><U82/><E82/><V121/><F123/><W51/><G29/><T98/><D68/><U20/><E20/><N who="3" m="7722" /><G31/><T80/><D80/><U63/><E63/><V19/><F121/><W129/><G129/><T28/><D61/><U76/><E76/><V127/><F127/><W47/><G62/><T30/><D39/><U102/><E102/><V21/><F108/><W50/><G47/><T104/><D30/><U57/><E57/><AGARI ba="0,1" hai="49,50,51,56,57,58,132,134" m="7722,47721" machi="57" ten="40,8000,1" yaku="28,2,18,1,52,2" doraHai="131" who="3" fromWho="1" sc="235,0,237,-80,261,0,257,90" />
</Scene>
<Scene>
<INIT seed="3,0,0,1,4,114" ten="235,157,261,347" oya="3" hai0="116,6,56,79,58,108,29,102,73,53,0,77,8" hai1="121,107,91,133,64,51,23,50,82,62,93,125,5" hai2="84,4,111,74,70,25,128,75,89,60,20,65,46" hai3="83,48,101,90,17,57,130,98,2,78,18,21,26"/><W35/><G2/><T81/><D108/><U72/><E121/><V52/><F128/><W92/><G35/><T27/><D102/><U85/><E125/><V32/><F4/><W131/><G18/><T42/><D79/><U39/><E39/><V109/><F32/><W66/><G90/><T95/><D95/><U12/><E133/><V119/><F119/><W15/><G15/><T86/><D116/><U11/><E107/><V45/><F75/><W129/><G66/><T67/><D67/><U14/><E72/><V96/><F96/><W33/><G33/><T127/><D127/><U43/><E43/><V10/><F10/><W34/><G34/><T71/><D71/><U41/><E41/><V126/><F74/><N who="3" m="43479" /><G57/><T113/><D113/><U37/><E37/><V105/><F126/><W97/><G97/><T115/><D115/><U1/><E1/><V132/><F132/><W28/><G17/><T3/><D0/><U13/><E13/><V106/><F105/><W88/><G101/><T16/><D86/><N who="1" m="52471" /><E23/><V104/><F106/><W80/><G80/><T123/><D123/><U94/><E14/><V24/><F104/><W120/><G120/><T31/><D58/><N who="1" m="36951" /><E94/><N who="2" m="54567" /><F24/><W134/><G134/><T30/><D42/><U61/><E61/><V110/><F52/><W49/><AGARI ba="0,0" hai="21,26,28,48,49,88,92,98,129,130,131" m="43479" machi="49" ten="40,3900,0" yaku="19,1,54,1" doraHai="114" who="3" fromWho="3" sc="235,-13,157,-13,261,-13,347,39" />
</Scene>
<Scene>
<INIT seed="3,1,0,2,4,47" ten="222,144,248,386" oya="3" hai0="56,104,30,17,28,76,4,52,51,125,70,99,75" hai1="9,81,106,36,25,35,29,83,93,67,44,2,91" hai2="15,82,132,69,7,85,115,94,122,90,22,16,107" hai3="27,102,31,49,121,26,65,112,42,48,57,108,120"/><W78/><G112/><T37/><D70/><U100/><E106/><V114/><F69/><W43/><G78/><T59/><D37/><U131/><E100/><V61/><F132/><W60/><G102/><T45/><D125/><U18/><E131/><V117/><F107/><W13/><G13/><T1/><D1/><U128/><E128/><V21/><F117/><W11/><G11/><T72/><D4/><U124/><E124/><V39/><F39/><W6/><G6/><T119/><D119/><U98/><E67/><V135/><F135/><W123/><G108/><T63/><D76/><U109/><E109/><V40/><F40/><W54/><G27/><T96/><D75/><U0/><E0/><V66/><F122/><W58/><REACH who="3" step="1"/><G49/><REACH who="3" ten="222,144,248,376" step="2"/><N who="0" m="30735" /><D72/><U84/><E2/><V103/><F7/><W101/><G101/><T73/><D73/><U116/><E116/><V64/><F114/><W33/><AGARI ba="1,1" hai="26,31,33,42,43,48,54,57,58,60,65,120,121,123" machi="33" ten="30,6000,0" yaku="1,1,0,1,52,1,53,0" doraHai="47" doraHaiUra="3" who="3" fromWho="3" sc="222,-21,144,-21,248,-21,376,73" />
</Scene>
<Scene>
<INIT seed="3,2,0,1,2,5" ten="201,123,227,449" oya="3" hai0="57,13,21,134,44,35,118,14,78,10,107,110,32" hai1="112,16,131,73,91,69,37,76,48,83,2,7,70" hai2="3,72,43,51,71,116,90,29,22,135,30,94,18" hai3="52,4,124,0,66,45,12,24,95,8,50,130,89"/><W98/><G124/><T20/><D107/><U31/><E112/><V61/><F116/><W53/><G130/><T75/><D78/><U33/><E48/><V1/><F72/><W123/><G123/><T47/><D57/><U63/><E91/><V49/><F135/><W133/><G133/><T132/><D75/><U129/><E16/><V86/><F71/><W36/><G36/><T40/><D110/><U42/><E31/><V117/><F117/><W17/><G66/><T39/><D39/><U59/><E33/><V121/><F121/><W19/><G24/><T60/><D118/><U23/><E23/><V64/><F3/><W67/><G67/><T120/><D60/><U54/><E129/><V122/><F1/><W96/><G96/><T104/><D104/><U26/><E26/><V111/><F111/><W74/><G74/><T11/><D40/><U125/><E125/><V80/><F122/><AGARI ba="2,0" hai="10,11,13,14,20,21,32,35,44,47,120,122,132,134" machi="122" ten="25,6400,0" yaku="22,2,52,2" doraHai="5" who="0" fromWho="2" sc="201,70,123,0,227,-70,449,0" />
</Scene>
<Scene>
<INIT seed="4,0,0,5,5,41" ten="271,123,157,449" oya="0" hai0="95,70,101,109,61,91,97,5,27,53,1,10,71" hai1="45,106,116,100,44,18,38,75,115,89,128,134,86" hai2="96,74,119,0,25,81,90,126,130,32,12,66,54" hai3="60,69,56,20,9,57,24,31,73,114,77,133,37"/><T108/><D27/><U7/><E116/><V4/><F119/><W88/><G114/><T8/><D8/><U135/><E75/><V123/><F123/><W48/><G37/><T85/><D53/><U11/><E115/><V39/><F39/><W55/><G133/><N who="1" m="50698" /><E38/><V67/><F0/><W14/><G69/><T112/><D112/><U129/><E18/><V64/><F126/><W23/><G73/><T43/><D43/><U78/><E78/><V51/><F130/><N who="1" m="50281" /><E100/><V102/><F12/><W59/><G77/><T36/><D36/><U46/><E106/><V22/><F4/><W131/><G131/><T21/><D21/><U17/><E17/><V105/><F32/><W58/><G20/><T103/><D61/><U33/><E33/><V49/><F49/><W82/><G82/><N who="0" m="49591" /><D101/><U68/><E68/><V15/><F15/><W63/><G88/><T50/><D50/><U113/><E113/><V42/><F42/><W99/><G99/><T93/><D93/><N who="1" m="54455" /><E46/><V132/><F132/><W98/><G98/><T19/><D19/><AGARI ba="0,0" hai="9,14,19,23,24,31,48,55,56,57,58,59,60,63" machi="19" ten="40,1300,0" yaku="8,1" doraHai="41" who="3" fromWho="0" sc="271,-13,123,0,157,0,449,13" />
</Scene>
<Scene>
<INIT seed="5,0,0,4,3,60" ten="258,123,157,462" oya="1" hai0="103,110,25,71,4,91,93,53,3,12,13,33,55" hai1="15,123,2,95,106,66,96,108,76,116,1,42,11" hai2="101,65,134,17,10,28,32,84,29,56,102,115,86" hai3="135,70,81,7,79,57,83,85,133,107,75,88,24"/><U46/><E116/><V62/><F134/><N who="3" m="51211" /><G70/><T27/><D3/><U8/><E123/><V120/><F120/><W111/><G7/><T43/><D43/><U61/><E106/><V117/><F117/><W104/><G24/><T125/><D71/><U80/><E108/><V39/><F39/><W63/><G111/><T69/><D125/><U94/><E11/><V49/><F49/><W26/><G26/><T52/><D69/><U64/><E94/><V73/><F73/><W121/><G121/><T99/><D33/><U82/><E82/><V129/><F129/><W98/><G98/><T68/><D68/><U54/><E54/><AGARI ba="0,0" hai="54,57,63,75,79,81,83,85,88,104,107" m="51211" machi="54" ten="30,2000,0" yaku="20,1,54,1" doraHai="60" who="3" fromWho="1" sc="258,0,123,-20,157,0,462,20" />
</Scene>
<Scene>
<INIT seed="6,0,0,3,4,86" ten="258,103,157,482" oya="2" hai0="124,5,68,58,120,52,41,64,11,99,59,1,7" hai1="134,75,69,111,26,51,30,104,15,16,128,36,48" hai2="21,117,118,112,65,49,89,47,55,125,119,94,53" hai3="19,24,17,74,83,133,29,73,25,113,8,50,102"/><V93/><F112/><W31/><G113/><T32/><D32/><U61/><E111/><V40/><F125/><W126/><G126/><T66/><D68/><U129/><E36/><V6/><F65/><W54/><G133/><T2/><D41/><U109/><E109/><V97/><F6/><W37/><G37/><T76/><D76/><U127/><E127/><V101/><REACH who="2" step="1"/><F21/><REACH who="2" ten="258,103,147,482" step="2"/><W87/><G74/><T60/><D124/><U62/><E75/><V81/><F81/><W122/><G73/><T39/><D66/><U34/><E134/><V105/><F105/><W100/><G83/><T57/><D64/><U9/><E104/><V27/><F27/><W70/><G25/><T13/><D7/><U82/><E82/><V130/><F130/><N who="1" m="50281" /><E69/><V106/><F106/><W28/><G70/><T0/><D5/><U85/><E85/><AGARI ba="0,1" hai="40,47,49,53,55,85,89,93,94,97,101,117,118,119" machi="85" ten="40,3900,0" yaku="1,1,52,1,53,0" doraHai="86" doraHaiUra="10" who="2" fromWho="1" sc="258,0,103,-39,147,49,482,0" />
</Scene>
<Scene>
<INIT seed="6,1,0,5,3,130" ten="258,64,196,482" oya="2" hai0="50,133,74,59,105,21,91,57,78,123,65,36,108" hai1="97,49,51,96,39,41,102,94,45,71,64,37,131" hai2="43,28,13,4,30,46,112,129,2,121,1,122,87" hai3="29,73,53,19,61,8,17,134,67,6,0,88,110"/><V77/><F129/><W15/><G110/><T120/><D105/><U40/><E131/><V114/><F77/><W44/><G73/><T52/><D36/><U5/><E5/><V33/><F87/><W68/><G29/><N who="2" m="11369" /><F46/><W14/><G0/><N who="2" m="105" /><F43/><W10/><G6/><T127/><D108/><U81/><E81/><V135/><F33/><W16/><G19/><T34/><D34/><U20/><E20/><V80/><F80/><W62/><G88/><T109/><D109/><U75/><E75/><V85/><F85/><W89/><G89/><T38/><D91/><U84/><E84/><V31/><F31/><W119/><G119/><T12/><D38/><U103/><E64/><V55/><F55/><W23/><G23/><T70/><D78/><U9/><E9/><N who="2" m="4263" /><F135/><W3/><G134/><T72/><D133/><U128/><E128/><V79/><F79/><W100/><G100/><T111/><D70/><U107/><E71/><V92/><F92/><W116/><G116/><T98/><D111/><U101/><E101/><V66/><F66/><W7/><G44/><T63/><D98/><U76/><E76/><V24/><F24/><W104/><G104/><T47/><D72/><U132/><E132/><V25/><F25/><W58/><G3/><T56/><D74/><U32/><E32/><V90/><F90/><W126/><G7/><T42/><D65/><U22/><E22/><V35/><F35/><W117/><G117/><T18/><D42/><U83/><E83/><V124/><F124/><AGARI ba="1,0" hai="8,10,14,15,16,17,53,58,61,62,67,68,124,126" machi="124" ten="40,2600,0" yaku="9,1,54,1" doraHai="130" who="3" fromWho="2" sc="258,0,64,0,196,-29,482,29" />
</Scene>
<Scene>
<INIT seed="7,0,0,5,4,112" ten="258,64,167,511" oya="3" hai0="86,6,113,46,99,134,19,122,1,25,75,50,39" hai1="114,49,24,26,61,123,105,129,33,35,78,9,68" hai2="8,93,21,38,82,104,64,119,66,90,28,3,120" hai3="41,72,103,0,48,10,128,97,83,29,111,130,20"/><W63/><G111/><T81/><D122/><U16/><E105/><V102/><F82/><W110/><G110/><T47/><D113/><U4/><E68/><V69/><F38/><W52/><G41/><T2/><D75/><U13/><E114/><V71/><F102/><W65/><G0/><T59/><D134/><U27/><E61/><V18/><F28/><W43/><G43/><T37/><D59/><U131/><E49/><V42/><F42/><W84/><G10/><T76/><D99/><U94/><E94/><V88/><F93/><W73/><G20/><T101/><D101/><U32/><E78/><V100/><F100/><W92/><G29/><T54/><D6/><U57/><E57/><V70/><F8/><W126/><G126/><T117/><D1/><U133/><E133/><V127/><F3/><W132/><G132/><T109/><D2/><U56/><E56/><V98/><F98/><W53/><G73/><T85/><D47/><U108/><E108/><V87/><F87/><W34/><G34/><T17/><D86/><U55/><E55/><V80/><F80/><W62/><G72/><T77/><D39/><U95/><E95/><V23/><F70/><W79/><G62/><T115/><D37/><U67/><E67/><V124/><F104/><W121/><G121/><T125/><D115/><U45/><E45/><V51/><F51/><W135/><G135/><T116/><D46/><U12/><REACH who="1" step="1"/><E123/><REACH who="1" ten="258,54,167,511" step="2"/><V96/><F120/><W30/><G48/><T15/><D50/><U60/><E60/><V36/><F71/><W89/><G63/><T118/><D109/><RYUUKYOKU ba="0,1" sc="258,-10,54,30,167,-10,511,-10" hai1="4,9,12,13,16,24,26,27,32,33,35,129,131" owari="248,5.0,84,-42.0,157,-24.0,511,61.0" />
</Scene>
</mjloggm>