<mjloggm ver="2.3"><GO type="169" lobby="0"/><UN n0="%E3%81%82%E3%83%BC%E3%81%BF%E3%82%93%E2%98%86" n1="%68%72%6B%69%6E%67" n2="%61%69%73%79%6F" n3="%E3%81%99%E3%81%9A%E3%82%81%E3%82%AF%E3%83%AC%E3%82%A4%E3%82%B8%E3%83%BC" dan="16,16,18,19" rate="2091.63,2121.62,2195.90,2285.28" sx="F,M,M,M"/><TAIKYOKU oya="0"/>

<Scene>
<INIT seed="0,0,0,0,1,7" ten="250,250,250,250" oya="0" hai0="43,23,115,111,30,48,99,95,83,70,77,6,53" hai1="86,9,125,51,127,12,41,98,128,132,90,133,91" hai2="117,123,10,118,17,14,76,36,92,34,35,27,107" hai3="68,72,26,3,69,67,47,15,104,31,85,8,54"/><T16/><D70/><U129/><E98/><V32/><F107/><W25/><G72/><T97/><D115/><U82/><E51/><V55/><F36/><W80/><G3/><T57/><D111/><U101/><E41/><V59/><F76/><W114/><G26/><T79/><D30/><U126/><E101/><V39/><F39/><W62/><G104/><T105/><D105/><U71/><E71/><V88/><F27/><W42/><G54/><T1/><D43/><U29/><E29/><V50/><REACH who="2" step="1"/><F123/><REACH who="2" ten="250,250,240,250" step="2"/><W22/><G114/><T5/><D79/><U130/><E82/><V65/><F65/><W94/><G94/><T122/><D122/><U64/><E64/><V109/><F109/><W21/><G69/><T2/><D95/><U78/><E78/><V0/><F0/><W135/><G25/><N who="0" m="14567" /><D1/><U75/><E75/><V4/><F4/><N who="0" m="1642" /><D2/><U131/><E131/><V100/><F100/><W13/><G80/><T44/><D83/><U113/><E113/><V63/><F63/><W18/><G62/><T116/><D77/><U96/><E96/><AGARI ba="0,1" hai="10,14,17,32,34,35,50,55,59,88,92,96,117,118" machi="96" ten="40,8000,1" yaku="1,1,52,1,54,1,53,1" doraHai="7" doraHaiUra="11" who="2" fromWho="1" sc="250,0,250,-80,240,90,250,0" />
</Scene>
<Scene>
<INIT seed="1,0,0,5,1,131" ten="250,170,330,250" oya="1" hai0="48,13,84,40,22,57,5,75,33,0,79,52,76" hai1="119,19,99,7,94,35,17,77,133,50,67,36,120" hai2="125,87,30,121,28,63,9,90,1,2,62,109,132" hai3="88,130,71,113,103,34,49,92,104,39,51,117,91"/><U105/><E105/><V107/><F107/><W12/><G39/><T116/><D33/><U82/><E120/><V32/><F32/><W115/><G71/><T80/><D116/><U27/><E119/><V55/><F125/><W11/><G34/><T16/><D40/><U134/><E36/><V46/><F109/><W60/><G130/><T108/><D108/><U100/><E67/><V127/><F127/><W45/><G60/><T126/><D126/><U14/><E50/><V112/><F112/><W64/><G64/><T123/><D123/><U111/><E111/><V74/><F74/><W59/><G104/><T44/><D57/><U8/><E35/><V26/><F26/><W97/><G117/><T68/><D68/><U85/><REACH who="1" step="1"/><E27/><REACH who="1" ten="250,160,330,250" step="2"/><V21/><F121/><W96/><G115/><T86/><REACH who="0" step="1"/><D79/><REACH who="0" ten="240,160,330,250" step="2"/><U47/><E47/><V31/><F46/><W93/><G113/><T114/><D114/><U102/><E102/><V110/><F110/><W95/><G45/><T54/><D54/><U101/><E101/><V135/><F55/><W89/><G103/><T83/><D83/><U78/><E78/><V106/><F106/><W4/><REACH who="3" step="1"/><G59/><REACH who="3" ten="240,160,330,240" step="2"/><T118/><D118/><U10/><E10/><AGARI ba="0,3" hai="0,5,10,13,16,22,44,48,52,75,76,80,84,86" machi="10" ten="40,5200,0" yaku="1,1,54,2,53,0" doraHai="131" doraHaiUra="61" who="0" fromWho="1" sc="240,82,160,-52,330,0,240,0" />
</Scene>
<Scene>
<INIT seed="2,0,0,3,0,14" ten="322,108,330,240" oya="2" hai0="8,54,131,63,51,0,121,120,56,89,18,39,26" hai1="25,112,49,42,122,99,80,114,7,102,74,60,11" hai2="13,123,78,100,90,34,50,68,41,5,28,57,93" hai3="88,125,106,9,113,84,52,115,75,36,33,19,126"/><V73/><F68/><W119/><G75/><T85/><D39/><U94/><E122/><V32/><F100/><W81/><G33/><T24/><D131/><U58/><E25/><V45/><F123/><W111/><G36/><T134/><D134/><U15/><E74/><V29/><F5/><W10/><G106/><T109/><D109/><U30/><E30/><V2/><F2/><W59/><G119/><T47/><D0/><U22/><E80/><V95/><F95/><W92/><G81/><N who="0" m="49327" /><D121/><U72/><E72/><V116/><F13/><N who="3" m="7599" /><G10/><T130/><D130/><U107/><E107/><V64/><F78/><W66/><G66/><N who="0" m="39271" /><D120/><U104/><E104/><V135/><F73/><W129/><G111/><T96/><D96/><U87/><E87/><V40/><F116/><W65/><G65/><T105/><D105/><U62/><E22/><V101/><F34/><W6/><G6/><T12/><AGARI ba="0,0" hai="8,12,18,24,26,47,51,54" m="39271,49327" machi="12" ten="30,4000,0" yaku="25,1,8,1,52,1" doraHai="14" who="0" fromWho="0" sc="322,40,108,-10,330,-20,240,-10" />
</Scene>
<Scene>
<INIT seed="3,0,0,5,3,6" ten="362,98,310,230" oya="3" hai0="44,86,7,101,91,102,50,103,20,64,33,118,61" hai1="53,10,8,66,15,24,45,74,100,84,67,80,34" hai2="83,125,130,126,123,18,58,114,39,127,71,77,63" hai3="48,37,49,78,106,88,105,19,35,87,76,17,30"/><W119/><G37/><T13/><D33/><U112/><E74/><V116/><F116/><W56/><G119/><T113/><D118/><U81/><E112/><V111/><F111/><W51/><G35/><T115/><D115/><U85/><E100/><V3/><F114/><W52/><G30/><T98/><D113/><U59/><E45/><V117/><F117/><W0/><G0/><T82/><D98/><U28/><E84/><V2/><F71/><W5/><G5/><T31/><D31/><U93/><E93/><V120/><F39/><W133/><G133/><T4/><D20/><U69/><E69/><V62/><F18/><N who="3" m="6667" /><G106/><T57/><REACH who="0" step="1"/><D13/><REACH who="0" ten="352,98,310,230" step="2"/><U21/><E34/><V36/><F126/><W89/><G105/><T54/><AGARI ba="0,1" hai="4,7,44,50,54,57,61,64,82,86,91,101,102,103" machi="54" ten="30,7900,0" yaku="1,1,2,1,0,1,8,1,53,0" doraHai="6" doraHaiUra="122" who="0" fromWho="0" sc="352,89,98,-20,310,-20,230,-39" />
</Scene>
<Scene>
<INIT seed="4,0,0,4,0,46" ten="441,78,290,191" oya="0" hai0="20,49,124,43,80,125,62,102,59,113,15,131,6" hai1="7,94,79,54,40,78,100,65,109,0,17,106,96" hai2="118,1,45,114,63,91,72,13,107,10,69,5,86" hai3="90,95,104,135,24,111,97,103,31,44,127,74,3"/><T29/><D102/><U88/><E109/><V120/><F107/><W68/><G3/><T2/><D2/><U16/><E65/><V93/><F72/><W39/><G135/><T92/><D92/><U134/><E40/><V89/><F114/><W30/><G127/><T122/><D122/><U23/><E134/><V70/><F118/><W67/><G31/><T99/><D99/><U108/><E108/><V132/><F132/><W51/><G39/><T123/><D123/><U121/><E121/><V41/><F63/><W73/><G111/><T64/><D80/><U19/><E23/><V101/><F101/><W85/><G68/><T53/><D43/><U61/><E0/><V58/><F58/><W21/><G67/><T32/><D32/><U42/><E7/><V129/><F129/><W50/><REACH who="3" step="1"/><G50/><REACH who="3" ten="441,78,290,181" step="2"/><N who="0" m="31159" /><D125/><U128/><E128/><V126/><F126/><W35/><G35/><T60/><D131/><U28/><E28/><V11/><F120/><W52/><AGARI ba="0,1" hai="21,24,30,44,51,52,73,74,85,90,95,97,103,104" machi="52" ten="20,8000,1" yaku="1,1,0,1,7,1,52,1,54,1,53,0" doraHai="46" doraHaiUra="9" who="3" fromWho="3" sc="441,-40,78,-20,290,-20,181,90" />
</Scene>
<Scene>
<INIT seed="5,0,0,3,4,96" ten="401,58,270,271" oya="1" hai0="18,42,27,14,41,127,58,91,71,13,35,17,49" hai1="20,99,118,70,112,30,104,11,23,81,15,38,39" hai2="6,116,111,3,54,105,132,85,68,73,66,25,84" hai3="7,94,119,5,110,52,33,62,74,121,26,128,1"/><U82/><E118/><V72/><F105/><W65/><G74/><T64/><D71/><U37/><E112/><V88/><F111/><W69/><G110/><T109/><D35/><U10/><E70/><V63/><F132/><W57/><G121/><T2/><D2/><U93/><E104/><V32/><F116/><W47/><G128/><T28/><D28/><U79/><E30/><V130/><F130/><W100/><G1/><T21/><D127/><U133/><E133/><V86/><F25/><W77/><G77/><T122/><D27/><U124/><E124/><V29/><F29/><W90/><G26/><T31/><D31/><U117/><E117/><V22/><F22/><W53/><G33/><T0/><D0/><U16/><E20/><V48/><F32/><W55/><G47/><T24/><D24/><U131/><E131/><V107/><F107/><W9/><G69/><T34/><D34/><U106/><E106/><V67/><F88/><W46/><G46/><T45/><D91/><U97/><E82/><V76/><F67/><W50/><G50/><T126/><D122/><U60/><E60/><V44/><F76/><W51/><G51/><T89/><D126/><U36/><N who="1" m="9216" /><DORA hai="19" /><U103/><REACH who="1" step="1"/><E99/><REACH who="1" ten="401,48,270,271" step="2"/><V61/><F61/><N who="3" m="38063" /><G119/><T134/><D134/><U135/><E135/><V92/><F92/><W83/><G94/><T40/><D109/><U114/><E114/><V59/><F68/><W80/><G62/><T56/><D21/><U78/><E78/><V43/><F66/><W125/><G125/><T12/><D64/><U123/><E123/><V98/><F98/><RYUUKYOKU ba="0,1" sc="401,-15,48,15,270,15,271,-15" hai1="10,11,15,16,23,79,81,93,97,103" hai2="3,6,43,44,48,54,59,63,72,73,84,85,86" />
</Scene>
<Scene>
<INIT seed="5,1,1,4,2,38" ten="386,63,285,256" oya="1" hai0="44,104,14,123,69,8,133,96,102,106,100,48,132" hai1="126,4,81,83,18,88,6,125,27,37,73,86,103" hai2="7,52,71,79,76,55,63,113,92,19,70,28,107" hai3="109,61,121,116,31,25,65,66,21,118,94,134,49"/><U17/><E103/><V127/><F107/><W40/><G109/><T43/><D69/><U105/><E105/><N who="0" m="40553" /><D96/><U47/><E73/><V62/><F113/><W34/><G134/><N who="0" m="51819" /><D123/><U74/><E74/><V91/><F7/><AGARI ba="1,1" hai="7,8,14,43,44,48,100,102" m="51819,40553" machi="7" ten="30,2000,0" yaku="20,1,52,1" doraHai="38" who="0" fromWho="2" sc="386,33,63,0,285,-23,256,0" />
</Scene>
<Scene>
<INIT seed="6,0,0,3,2,97" ten="419,63,262,256" oya="2" hai0="48,83,20,102,57,50,52,121,125,105,123,36,17" hai1="51,39,67,135,43,85,71,104,128,132,64,133,117" hai2="77,113,8,24,91,131,103,99,30,31,60,96,75" hai3="34,89,37,7,119,69,6,46,5,80,32,87,88"/><V13/><F131/><W14/><G69/><T122/><D36/><U127/><E104/><V66/><F113/><W41/><G119/><T72/><D125/><U29/><E117/><V93/><F75/><W95/><REACH who="3" step="1"/><G14/><REACH who="3" ten="419,63,262,246" step="2"/><N who="0" m="9271" /><D123/><U12/><E12/><V124/><F124/><W45/><G45/><T54/><D122/><U79/><E79/><V118/><F77/><W55/><G55/><T129/><D52/><U70/><E127/><V10/><F118/><W23/><G23/><T73/><D54/><U82/><E82/><V42/><F42/><W76/><G76/><T16/><D83/><U108/><E108/><V25/><F25/><W100/><G100/><T74/><D102/><U92/><E128/><V21/><F30/><W44/><G44/><T53/><D53/><U0/><E0/><V27/><F27/><W86/><AGARI ba="0,1" hai="5,6,7,32,34,37,41,46,80,86,87,88,89,95" machi="86" ten="30,4000,0" yaku="1,1,0,1,54,1,53,0" doraHai="97" doraHaiUra="94" who="3" fromWho="3" sc="419,-10,63,-10,262,-20,246,50" />
</Scene>
<Scene>
<INIT seed="7,0,0,2,4,53" ten="409,53,242,296" oya="3" hai0="80,92,28,96,101,123,90,44,134,94,74,86,27" hai1="122,75,43,106,12,8,49,66,50,65,26,111,29" hai2="76,0,19,108,91,131,95,15,51,89,124,64,125" hai3="116,52,61,102,21,72,9,88,70,45,17,113,130"/><W59/><G72/><T39/><D123/><U5/><E122/><V110/><F0/><W4/><G116/><T1/><D1/><U37/><E111/><V107/><F107/><W97/><G70/><T128/><D74/><U46/><E75/><V68/><F68/><W7/><G113/><T16/><D134/><U58/><E106/><V83/><F64/><W10/><G130/><T33/><D128/><U41/><E37/><V34/><F34/><W112/><G112/><T99/><D16/><U2/><E2/><V135/><F135/><W20/><G45/><T35/><D35/><U77/><E77/><V55/><F83/><W69/><G69/><T79/><D44/><U3/><E3/><V117/><F76/><W24/><G21/><T78/><D39/><U18/><E29/><V32/><F32/><W40/><G40/><T60/><D60/><U57/><E26/><V56/><F91/><AGARI ba="0,0" hai="27,28,33,78,79,80,86,90,91,92,94,96,99,101" machi="91" ten="30,1000,0" yaku="7,1" doraHai="53" who="0" fromWho="2" sc="409,10,53,0,242,-10,296,0" owari="419,52.0,53,-45.0,232,-17.0,296,10.0" />
</Scene>
</mjloggm>