<mjloggm ver="2.3"><GO type="169" lobby="0"/><UN n0="%6E%65%75%74%72%6F%6E" n1="%EF%BC%A4%EF%BC%B2%EF%BC%AF%EF%BC%B0" n2="%E3%82%AB%E3%83%9C%E3%83%81%E3%83%A3%E3%82%BF%E3%83%8D" n3="%E3%81%99%E3%81%9A%E3%82%81%E3%82%AF%E3%83%AC%E3%82%A4%E3%82%B8%E3%83%BC" dan="16,16,16,19" rate="2098.41,2033.77,2117.19,2297.20" sx="F,M,M,M"/><TAIKYOKU oya="0"/>

<Scene>
<INIT seed="0,0,0,5,5,11" ten="250,250,250,250" oya="0" hai0="33,39,119,79,95,50,47,15,45,52,111,48,55" hai1="104,134,128,118,106,20,3,92,116,8,27,51,14" hai2="26,12,113,121,90,112,42,100,28,72,93,132,9" hai3="127,2,73,102,91,70,53,46,88,71,6,83,38"/><T1/><D1/><U36/><E3/><V43/><F121/><W105/><G127/><T57/><D119/><U122/><E36/><V114/><F100/><W126/><G53/><T59/><D33/><U131/><E122/><V120/><F72/><W62/><G126/><T115/><D115/><U29/><E134/><V86/><F132/><W49/><G49/><T135/><D135/><U63/><E63/><V31/><F120/><W32/><G32/><T101/><D79/><U125/><E125/><V17/><REACH who="2" step="1"/><F31/><REACH who="2" ten="250,250,240,250" step="2"/><W18/><G102/><T97/><D111/><U64/><E29/><V98/><F98/><W5/><G73/><T56/><D39/><U25/><E118/><V41/><F41/><W110/><G38/><T10/><D45/><U78/><E116/><V94/><F94/><W16/><G105/><T37/><D37/><U61/><E92/><V124/><F124/><W44/><G110/><T75/><D75/><U67/><E104/><V7/><F7/><AGARI ba="0,1" hai="7,10,15,47,48,50,52,55,56,57,59,95,97,101" machi="7" ten="30,11600,0" yaku="7,1,8,1,52,1,54,1" doraHai="11" who="0" fromWho="2" sc="250,126,250,0,240,-116,250,0" />
</Scene>
<Scene>
<INIT seed="0,1,0,0,3,97" ten="376,250,124,250" oya="0" hai0="22,45,60,126,21,128,14,93,49,121,11,94,33" hai1="85,4,111,41,71,78,39,64,18,15,131,70,58" hai2="110,53,132,127,119,20,122,89,98,133,125,80,0" hai3="16,91,51,38,104,105,48,107,46,25,99,84,113"/><T27/><D121/><U31/><E111/><V118/><F0/><W26/><G113/><T8/><D126/><N who="2" m="48138" /><F20/><W112/><G112/><T74/><D74/><U3/><E31/><V120/><F110/><W34/><G38/><T65/><D128/><U1/><E131/><V68/><F68/><W134/><G134/><N who="2" m="51817" /><F53/><W100/><G51/><T19/><D33/><U82/><E1/><V56/><F56/><W77/><G77/><T13/><D22/><U28/><E28/><V55/><F55/><W42/><G16/><N who="0" m="8231" /><D60/><U81/><E3/><V61/><F61/><W117/><G117/><N who="2" m="44553" /><F80/><W115/><G26/><T50/><D65/><U129/><E64/><V40/><F40/><W59/><G59/><T76/><D50/><U79/><E58/><V62/><F62/><W32/><G32/><T17/><D76/><U47/><E78/><V24/><F24/><W83/><G115/><T87/><D49/><U109/><E109/><V44/><F44/><W54/><G54/><T52/><D52/><U101/><E70/><V135/><N who="2" m="51825" /><V114/><DORA hai="96" /><F114/><W6/><G6/><T73/><D45/><U37/><E71/><V29/><F29/><W10/><G10/><T66/><D66/><U75/><E39/><V63/><F63/><W9/><G9/><T124/><D11/><N who="1" m="6527" /><E4/><V72/><F72/><W43/><G43/><T90/><D73/><U86/><E75/><V57/><F57/><W103/><G25/><T36/><D36/><U130/><E130/><V5/><F5/><W2/><G34/><T23/><D124/><U35/><E129/><V30/><F30/><RYUUKYOKU ba="1,0" sc="376,15,250,-15,124,15,250,-15" hai0="14,17,19,21,23,27,87,90,93,94" hai2="89,98,120,122" />
</Scene>
<Scene>
<INIT seed="0,2,0,4,0,82" ten="391,235,139,235" oya="0" hai0="36,10,70,48,22,112,87,19,57,50,13,53,78" hai1="81,105,111,3,9,5,67,116,103,115,91,107,15" hai2="126,135,58,117,74,44,18,133,92,94,25,8,56" hai3="96,119,129,24,124,66,75,46,90,131,106,127,59"/><T69/><D112/><U29/><E116/><V6/><F74/><W88/><G119/><T47/><D36/><U28/><E111/><V2/><F117/><W60/><G75/><T130/><D130/><N who="3" m="49673" /><G46/><T55/><D70/><U77/><E115/><V76/><F76/><W33/><G33/><T64/><D69/><U93/><E67/><V114/><F114/><W7/><G7/><T128/><D128/><U61/><E61/><V73/><F73/><W122/><G24/><T42/><D64/><U86/><E3/><V20/><F44/><W108/><G108/><T26/><D48/><U40/><E40/><V49/><F126/><N who="3" m="48171" /><G122/><T83/><D57/><U97/><REACH who="1" step="1"/><E107/><REACH who="1" ten="391,225,139,235" step="2"/><V101/><F49/><W79/><G106/><T109/><REACH who="0" step="1"/><D109/><REACH who="0" ten="381,225,139,235" step="2"/><U37/><E37/><V102/><F58/><W95/><G59/><T125/><D125/><U52/><E52/><V68/><F56/><W38/><G38/><T34/><D34/><U4/><E4/><AGARI ba="2,2" hai="4,10,13,19,22,26,42,47,50,53,55,78,83,87" machi="4" ten="30,18000,2" yaku="1,1,7,1,25,2,8,1,52,1,53,1" doraHai="82" doraHaiUra="16" who="0" fromWho="1" sc="381,206,225,-186,139,0,235,0" />
</Scene>
<Scene>
<INIT seed="0,3,0,1,4,110" ten="587,39,139,235" oya="0" hai0="84,11,96,94,114,102,36,100,108,34,15,120,88" hai1="132,97,48,54,32,83,25,31,123,122,119,71,107" hai2="35,8,12,79,43,74,99,5,50,105,118,127,121" hai3="16,10,30,116,93,129,46,40,47,72,75,111,1"/><T38/><D114/><U27/><E119/><V29/><F121/><W7/><G111/><T39/><D120/><U67/><E132/><V89/><F118/><W17/><G129/><T87/><D108/><U80/><E25/><V112/><F127/><W13/><G30/><T44/><D34/><U103/><E123/><V65/><F65/><W33/><G47/><T82/><D84/><U41/><E41/><V37/><F50/><W61/><G17/><T2/><D2/><U78/><E78/><V55/><F55/><W101/><G33/><T52/><D52/><U51/><E51/><V45/><F89/><W106/><G106/><T0/><D0/><U134/><E134/><V124/><F124/><W92/><G61/><T26/><D26/><U126/><E126/><V49/><F49/><W53/><G53/><T109/><D109/><U64/><E64/><V117/><F117/><W28/><G28/><T86/><D86/><U19/><E19/><V42/><F42/><W115/><G75/><T63/><D63/><N who="1" m="40447" /><E122/><V135/><F135/><W68/><G72/><T4/><REACH who="0" step="1"/><D44/><AGARI ba="3,0" hai="27,31,32,44,48,54,80,83,97,103,107" m="40447" machi="44" ten="30,1000,0" yaku="25,1" doraHai="110" who="1" fromWho="0" sc="587,-19,39,19,139,0,235,0" />
</Scene>
<Scene>
<INIT seed="1,0,0,3,5,17" ten="568,58,139,235" oya="1" hai0="39,110,50,120,29,43,108,47,25,7,117,65,112" hai1="9,67,8,127,107,124,58,37,42,77,81,93,76" hai2="72,6,60,51,41,100,103,18,99,61,101,129,116" hai3="121,40,132,119,20,30,14,92,4,114,66,94,102"/><U82/><E107/><V128/><F72/><W15/><G132/><T0/><D112/><U53/><E67/><V133/><F116/><W35/><G121/><T104/><D117/><U126/><E93/><V16/><F133/><W105/><G35/><T68/><D120/><U32/><E32/><V48/><F6/><W106/><G40/><T75/><D50/><N who="2" m="18986" /><F41/><W78/><G78/><N who="1" m="30314" /><E42/><V70/><F99/><W19/><G66/><T96/><D75/><U109/><E37/><V122/><F70/><W69/><G69/><T89/><D89/><U1/><E109/><V123/><F18/><W2/><G19/><T54/><D54/><U115/><E115/><V28/><F16/><W34/><G34/><N who="0" m="20783" /><D7/><N who="1" m="1135" /><E9/><V45/><F28/><W88/><G30/><T59/><D59/><U87/><E87/><V38/><F45/><W26/><G119/><T63/><D0/><U135/><E135/><V3/><F38/><W44/><G44/><T24/><D24/><U10/><E10/><V71/><F3/><W131/><G2/><T23/><D23/><U130/><E130/><N who="2" m="50283" /><F71/><W97/><G131/><T91/><D91/><U111/><E111/><V46/><F46/><W21/><G114/><T90/><D90/><U134/><E134/><V86/><F86/><N who="3" m="52247" /><G4/><T80/><D80/><U33/><E33/><V5/><F5/><W22/><G26/><T64/><D64/><U57/><E57/><V125/><F125/><N who="1" m="32001" /><U55/><DORA hai="49" /><E58/><V74/><F74/><W95/><G95/><T62/><D62/><AGARI ba="0,0" hai="60,61,62,100,101,103,122,123" m="50283,18986" machi="62" ten="40,5200,0" yaku="28,2,19,1" doraHai="17,49" who="2" fromWho="0" sc="568,-52,58,0,139,52,235,0" />
</Scene>
<Scene>
<INIT seed="2,0,0,3,4,123" ten="516,58,191,235" oya="2" hai0="55,125,53,75,105,19,9,92,83,122,97,25,24" hai1="101,103,115,50,20,40,21,66,15,71,13,114,89" hai2="31,77,7,100,34,110,86,95,32,91,79,68,113" hai3="111,112,65,8,120,2,58,43,131,42,17,129,78"/><V132/><F113/><N who="1" m="43017" /><E66/><V33/><F68/><W23/><G120/><T82/><D105/><U116/><E71/><V44/><F31/><W11/><G78/><T76/><D83/><U90/><E50/><V61/><F132/><W14/><G2/><T109/><D122/><U70/><E40/><V106/><F106/><W108/><G112/><T59/><D125/><U56/><E56/><V18/><F7/><W117/><G117/><T3/><D55/><U12/><E70/><V6/><F6/><W69/><G69/><T127/><D127/><U41/><E41/><N who="3" m="15370" /><G8/><T88/><D109/><N who="3" m="42057" /><G11/><T85/><D75/><U133/><E133/><V29/><F29/><W121/><G121/><T126/><D126/><U5/><E5/><V96/><F77/><W46/><G46/><T130/><D130/><U87/><E116/><V45/><F79/><W22/><G23/><N who="1" m="8778" /><E87/><V27/><F110/><W16/><G17/><T93/><D3/><U0/><E0/><V35/><F35/><W64/><G64/><T48/><D92/><U54/><E54/><V51/><F18/><W47/><G47/><T119/><D119/><U102/><AGARI ba="0,0" hai="12,13,15,89,90,101,102,103" m="8778,43017" machi="102" ten="40,2700,0" yaku="28,2" doraHai="123" who="1" fromWho="1" sc="516,-7,58,27,191,-13,235,-7" />
</Scene>
<Scene>
<INIT seed="3,0,0,4,3,28" ten="509,85,178,228" oya="3" hai0="95,5,85,33,102,54,19,82,111,88,10,11,133" hai1="9,101,69,44,90,0,35,127,57,51,59,125,109" hai2="42,53,129,126,99,15,89,77,2,14,103,112,23" hai3="12,108,4,92,87,78,32,76,55,30,75,98,27"/><W128/><G128/><T115/><D33/><U45/><E69/><V46/><F2/><W124/><G75/><T73/><D111/><U72/><E72/><V71/><F112/><W65/><G124/><N who="1" m="47690" /><E101/><V31/><F126/><W47/><G65/><T17/><D133/><U66/><E109/><V49/><F71/><W16/><G4/><T18/><D115/><U63/><E90/><V13/><F129/><W81/><G108/><T26/><D73/><U80/><E80/><V113/><F113/><W104/><G104/><T123/><D123/><U117/><E117/><V56/><F77/><W37/><G78/><T64/><D64/><U94/><E94/><V25/><F89/><W40/><G55/><T1/><D1/><U36/><E35/><V22/><F22/><W93/><REACH who="3" step="1"/><G98/><REACH who="3" ten="509,85,178,218" step="2"/><N who="0" m="59743" /><D5/><U132/><E66/><V7/><F7/><W38/><G38/><T91/><D54/><N who="1" m="31967" /><E36/><V100/><REACH who="2" step="1"/><F99/><REACH who="2" ten="509,85,168,218" step="2"/><W131/><G131/><T116/><D116/><U105/><E132/><V20/><F20/><AGARI ba="0,2" hai="12,16,20,27,30,32,37,40,47,76,81,87,92,93" machi="20" ten="30,11600,0" yaku="1,1,7,1,52,1,54,1,53,0" doraHai="28" doraHaiUra="120" who="3" fromWho="2" sc="509,0,85,0,168,-116,218,136" />
</Scene>
<Scene>
<INIT seed="3,1,0,4,0,9" ten="509,85,52,354" oya="3" hai0="124,34,109,62,77,50,49,55,3,4,78,15,21" hai1="87,125,135,40,67,85,0,65,35,23,27,18,54" hai2="98,96,61,128,131,64,20,76,83,53,16,8,11" hai3="119,133,126,68,99,103,111,127,93,82,115,89,38"/><W56/><G68/><T66/><D34/><U112/><E112/><V95/><F53/><W58/><G119/><T51/><D3/><U47/><E0/><V118/><F118/><W122/><G38/><T33/><D33/><U75/><E75/><V1/><F1/><W117/><G122/><T123/><D123/><U60/><E35/><V14/><F98/><W29/><G115/><T74/><D74/><U121/><E121/><V73/><F131/><W91/><G29/><T44/><D109/><U25/><E25/><V107/><F107/><W12/><G133/><T81/><D124/><N who="3" m="47657" /><G111/><T84/><D77/><U113/><E125/><V70/><REACH who="2" step="1"/><F128/><REACH who="2" ten="509,85,42,354" step="2"/><W57/><G117/><T36/><D55/><U69/><E113/><V63/><F63/><W79/><G12/><T90/><D62/><U28/><E60/><V19/><F19/><W24/><G24/><T71/><D15/><U22/><E18/><V37/><F37/><W32/><G32/><T92/><D36/><U41/><E28/><V43/><F43/><W86/><AGARI ba="1,1" hai="56,57,58,79,82,86,89,91,93,99,103" m="47657" machi="86" ten="30,1500,0" yaku="18,1" doraHai="9" who="3" fromWho="3" sc="509,-6,85,-6,42,-6,354,28" />
</Scene>
<Scene>
<INIT seed="3,2,0,0,3,27" ten="503,79,36,382" oya="3" hai0="96,93,113,28,98,22,71,47,119,72,102,73,62" hai1="58,124,80,91,15,42,116,117,49,51,89,41,46" hai2="36,53,120,16,118,45,44,132,126,31,103,127,75" hai3="82,76,5,21,34,1,104,121,4,29,106,32,69"/><W43/><G121/><T10/><D119/><N who="1" m="45643" /><E124/><N who="2" m="47659" /><F118/><W107/><G69/><T3/><D113/><U66/><E80/><V97/><F132/><W88/><G43/><T128/><D128/><U67/><E15/><V108/><F108/><W130/><G130/><T40/><D96/><U37/><E37/><V48/><F75/><W39/><G39/><T131/><D131/><U56/><E89/><V68/><F68/><W92/><G21/><T38/><D3/><U6/><E6/><V135/><F135/><W70/><G70/><T129/><D129/><U74/><E91/><V63/><F63/><W26/><G34/><T123/><D123/><U86/><E86/><V109/><F109/><W78/><G82/><T14/><D71/><U9/><E9/><V122/><F36/><W18/><G18/><T77/><D77/><U24/><E24/><V54/><F16/><W110/><G110/><T30/><D62/><U105/><E105/><N who="2" m="63727" /><F31/><W2/><G5/><T99/><D99/><U100/><E74/><V55/><F45/><W35/><G35/><T12/><D30/><U125/><E100/><V11/><F11/><W87/><REACH who="3" step="1"/><G2/><REACH who="3" ten="503,79,36,372" step="2"/><T33/><D33/><U13/><E125/><V101/><F101/><W94/><G94/><T85/><D93/><U17/><E17/><V84/><F84/><W61/><G61/><T59/><D85/><U57/><E13/><V0/><F0/><W19/><G19/><T50/><D40/><AGARI ba="2,1" hai="40,44,48,53,54,55,120,122" m="63727,47659" machi="40" ten="30,1000,0" yaku="18,1" doraHai="27" who="2" fromWho="0" sc="503,-16,79,0,36,26,372,0" />
</Scene>
<Scene>
<INIT seed="4,0,0,2,1,86" ten="487,79,62,372" oya="0" hai0="40,46,85,119,48,8,39,27,102,74,53,9,47" hai1="90,68,34,35,100,65,84,13,91,32,15,31,7" hai2="124,123,10,93,2,66,69,106,17,43,96,113,101" hai3="57,94,82,80,76,49,61,37,78,23,3,79,120"/><T112/><D74/><U28/><E100/><V5/><F123/><W14/><G37/><T121/><D119/><U118/><E118/><V109/><F109/><W41/><G3/><T127/><D121/><U63/><E90/><V70/><F113/><W33/><G33/><T126/><D102/><U20/><E13/><V88/><F124/><N who="0" m="47658" /><D112/><U81/><REACH who="1" step="1"/><E20/><REACH who="1" ten="487,69,62,372" step="2"/><V73/><F101/><W55/><G120/><T38/><D27/><U24/><E24/><V83/><F106/><W105/><G105/><T110/><D110/><U87/><E87/><V135/><F135/><W125/><G23/><T30/><D85/><U42/><E42/><V52/><F43/><W130/><G14/><T103/><D103/><U51/><E51/><V115/><F115/><W25/><G25/><T64/><D38/><U114/><E114/><V75/><F75/><W12/><G12/><T89/><D89/><U134/><E134/><V97/><F73/><W132/><G132/><T4/><D40/><U67/><E67/><V21/><F66/><W45/><G125/><T108/><D64/><U62/><E62/><V18/><F97/><W116/><G116/><T128/><D39/><U22/><E22/><V107/><F107/><W58/><G61/><T92/><D108/><U56/><E56/><V36/><F36/><W29/><G57/><T60/><D48/><U19/><E19/><V16/><F21/><W71/><G58/><T6/><D60/><U133/><E133/><V0/><F0/><W104/><G49/><T95/><D47/><U72/><E72/><V54/><F83/><N who="3" m="31787" /><G45/><T131/><D46/><RYUUKYOKU ba="0,1" sc="487,-15,69,15,62,15,372,-15" hai1="7,15,28,31,32,34,35,63,65,68,81,84,91" hai2="2,5,10,16,17,18,52,54,69,70,88,93,96" />
</Scene>
<Scene>
<INIT seed="5,1,1,4,5,77" ten="472,84,77,357" oya="1" hai0="85,43,119,63,9,101,30,58,88,40,108,56,95" hai1="6,11,114,53,90,130,67,132,74,57,98,64,33" hai2="13,10,92,99,123,37,8,3,79,31,128,84,127" hai3="12,94,129,87,49,39,72,19,102,75,60,105,69"/><U0/><E114/><V70/><F123/><W134/><G39/><T103/><D119/><U17/><E33/><V106/><F128/><W115/><G134/><T126/><D108/><U96/><E132/><V25/><F127/><W109/><G109/><T91/><D126/><U124/><E124/><V111/><F111/><W100/><G105/><T46/><D30/><U113/><E113/><V23/><F37/><W28/><G28/><T44/><D9/><U117/><E117/><V65/><F3/><W52/><G102/><T112/><D112/><U38/><E38/><V131/><F131/><W5/><G5/><T55/><D56/><U29/><E29/><V66/><F106/><W18/><G18/><T22/><D22/><U80/><E17/><N who="2" m="8375" /><F8/><W26/><G26/><T4/><D4/><U61/><E130/><V83/><F70/><W89/><G100/><AGARI ba="1,1" hai="23,25,31,65,66,79,83,84,92,99,100" m="8375" machi="100" ten="30,2000,0" yaku="8,1,52,1" doraHai="77" who="2" fromWho="3" sc="472,0,84,0,77,33,357,-23" />
</Scene>
<Scene>
<INIT seed="6,0,0,2,4,114" ten="472,84,110,334" oya="2" hai0="49,31,86,82,34,61,26,39,9,41,125,94,111" hai1="57,52,13,64,60,83,8,59,0,107,90,46,134" hai2="120,48,18,84,89,10,56,63,66,58,128,67,123" hai3="80,116,51,92,37,2,75,55,29,96,5,79,87"/><V14/><F128/><W24/><G116/><T25/><D39/><U28/><E134/><V109/><F109/><W81/><G37/><T11/><D125/><U77/><E107/><V122/><F48/><W76/><G5/><T85/><D61/><U101/><E101/><V124/><F124/><W38/><G2/><T78/><D111/><U106/><E106/><V21/><F10/><N who="0" m="3594" /><D34/><U130/><E130/><V88/><REACH who="2" step="1"/><F84/><REACH who="2" ten="472,84,100,334" step="2"/><W3/><G38/><T99/><D85/><N who="1" m="48367" /><E0/><V98/><F98/><W32/><G3/><T69/><D49/><N who="1" m="30863" /><E28/><V22/><F22/><W27/><G29/><T127/><D31/><U72/><E72/><V15/><F15/><W110/><G110/><T43/><D127/><U6/><E46/><V93/><F93/><W68/><G32/><T121/><D94/><U91/><AGARI ba="0,1" hai="6,8,13,59,60,64,90,91" m="30863,48367" machi="91" ten="30,2000,0" yaku="8,1,54,1" doraHai="114" who="1" fromWho="1" sc="472,-5,84,30,100,-10,334,-5" />
</Scene>
<Scene>
<INIT seed="7,0,0,2,5,110" ten="467,114,90,329" oya="3" hai0="81,19,120,56,105,106,112,53,62,69,129,43,78" hai1="66,116,121,123,118,65,7,70,0,42,6,83,77" hai2="2,31,15,134,103,35,10,97,107,4,50,52,5" hai3="101,37,25,92,20,130,96,64,100,74,28,108,88"/><W113/><G108/><T12/><D120/><N who="1" m="46155" /><E42/><V68/><F68/><W29/><G37/><T24/><D129/><U38/><E38/><V26/><F134/><W34/><G130/><T45/><D112/><U125/><E125/><V14/><REACH who="2" step="1"/><F5/><REACH who="2" ten="467,114,80,329" step="2"/><N who="1" m="1545" /><E0/><V119/><F119/><N who="1" m="45609" /><E70/><V117/><F117/><W111/><G111/><T58/><D69/><U115/><E115/><V84/><F84/><AGARI ba="0,1" hai="65,66,77,83,84" m="45609,1545,46155" machi="84" ten="30,1000,0" yaku="12,1" doraHai="110" who="1" fromWho="2" sc="467,0,114,20,80,-10,329,0" owari="467,57.0,134,-27.0,70,-43.0,329,13.0" />
</Scene>
</mjloggm>