<mjloggm ver="2.3"><GO type="169" lobby="0"/><UN n0="%E3%81%99%E3%81%9A%E3%82%81%E3%82%AF%E3%83%AC%E3%82%A4%E3%82%B8%E3%83%BC" n1="%E9%81%8A%E8%B5%B0" n2="%E3%82%A2%E3%82%AB%E3%82%AE%EF%BC%A0%E5%B7%9D%E6%9D%91%E8%BB%8D%E5%9B%A3" n3="%E7%B4%85%E3%81%84%E7%9E%B3%E3%81%AE%E6%AD%A6%E4%B8%B8" dan="19,16,18,16" rate="2302.83,2195.68,2244.85,2093.04" sx="M,M,M,M"/><TAIKYOKU oya="0"/>

<Scene>
<INIT seed="0,0,0,0,0,36" ten="250,250,250,250" oya="0" hai0="55,71,124,3,95,30,9,48,111,33,20,38,50" hai1="13,0,125,122,29,24,89,2,4,82,22,58,126" hai2="62,84,116,68,42,92,19,88,74,12,31,87,135" hai3="56,77,83,129,53,17,27,67,112,103,40,106,120"/><T108/><D38/><U121/><E89/><V18/><F74/><W75/><G112/><T47/><D33/><U94/><E94/><V23/><F135/><W6/><G129/><T104/><D104/><U132/><E82/><V10/><F116/><W114/><G114/><T76/><D71/><U128/><E132/><V78/><F31/><W113/><G113/><T134/><D124/><N who="1" m="47723" /><E128/><V44/><F68/><W43/><G6/><N who="0" m="1247" /><D76/><U85/><E85/><V21/><F62/><W93/><G67/><T59/><D95/><U63/><E63/><V109/><F109/><N who="0" m="42058" /><D134/><U79/><E58/><V61/><F61/><W98/><G106/><T45/><D50/><U69/><E79/><V127/><F127/><W117/><G117/><T54/><D54/><U66/><E66/><V37/><REACH who="2" step="1"/><F18/><REACH who="2" ten="250,250,240,250" step="2"/><W34/><G120/><N who="1" m="46186" /><E69/><V14/><F14/><W60/><REACH who="3" step="1"/><G17/><REACH who="3" ten="250,250,240,240" step="2"/><T26/><AGARI ba="0,2" hai="20,26,30,45,47,48,55,59" m="42058,1247" machi="26" ten="30,3000,0" yaku="14,1,10,1" doraHai="36" who="0" fromWho="0" sc="250,50,250,-10,240,-10,240,-10" />
</Scene>
<Scene>
<INIT seed="0,1,0,2,3,43" ten="300,240,230,230" oya="0" hai0="61,96,122,99,97,45,89,21,8,133,2,102,85" hai1="48,11,105,5,64,62,81,115,67,110,82,101,117" hai2="35,70,93,106,56,131,40,6,111,34,41,119,16" hai3="120,20,103,109,126,79,54,46,32,95,0,132,39"/><T124/><D122/><U121/><E117/><V107/><F6/><W24/><G120/><T51/><D133/><U14/><E121/><V7/><F7/><W30/><G0/><T15/><D2/><U29/><E110/><V86/><F111/><W63/><G109/><T18/><D124/><U28/><E115/><V26/><F70/><W25/><G126/><T36/><D36/><U53/><E101/><V57/><F86/><W98/><G132/><T73/><D61/><U60/><E105/><V58/><F93/><W4/><G4/><T112/><D73/><U1/><E1/><V52/><F119/><W47/><G39/><T92/><D112/><U116/><E116/><V104/><F131/><W71/><G79/><T33/><D33/><U74/><E74/><V91/><F91/><W55/><G55/><T114/><D114/><U9/><E5/><V65/><F52/><W38/><G38/><T127/><D127/><U113/><E113/><V12/><F65/><W10/><G10/><T108/><D108/><U94/><E53/><V88/><F88/><W129/><G129/><T75/><D75/><U134/><E94/><V130/><F130/><W84/><G84/><T66/><D66/><U23/><E134/><V128/><F128/><W50/><G71/><T17/><D102/><U77/><E77/><V49/><F49/><W59/><G50/><T80/><D92/><U3/><E48/><V31/><REACH who="2" step="1"/><F35/><REACH who="2" ten="300,240,220,230" step="2"/><W87/><G87/><T13/><D97/><U100/><E3/><V125/><F125/><W27/><G32/><T83/><D83/><U44/><E67/><RYUUKYOKU ba="1,1" sc="300,10,240,-30,220,10,230,10" hai0="8,13,15,17,18,21,45,51,80,85,89,96,99" hai2="12,16,26,31,34,40,41,56,57,58,104,106,107" hai3="20,24,25,27,30,46,47,54,59,63,95,98,103" />
</Scene>
<Scene>
<INIT seed="0,2,1,4,2,82" ten="310,210,230,240" oya="0" hai0="76,52,62,122,1,80,64,43,31,26,6,41,63" hai1="19,77,46,36,117,118,9,56,100,109,61,7,58" hai2="106,90,101,18,53,2,93,47,113,38,131,3,51" hai3="45,73,88,107,49,91,84,132,105,133,25,5,27"/><T23/><D122/><U128/><E109/><V67/><F113/><W66/><G73/><T32/><D32/><U111/><E111/><V40/><F131/><W112/><G112/><T34/><D34/><U54/><E128/><V70/><F101/><W29/><G66/><T60/><D64/><U92/><E19/><V123/><F106/><N who="3" m="40459" /><G5/><T120/><D120/><U83/><E58/><N who="2" m="33087" /><F18/><W35/><G27/><T134/><D134/><N who="3" m="51817" /><G84/><N who="0" m="48135" /><D1/><U55/><E55/><AGARI ba="2,1" hai="25,29,35,45,49,55,88,91" m="51817,40459" machi="55" ten="30,2000,0" yaku="20,1,54,1" doraHai="82" who="3" fromWho="1" sc="310,0,210,-26,230,0,240,36" />
</Scene>
<Scene>
<INIT seed="1,0,0,3,0,71" ten="310,184,230,276" oya="1" hai0="110,72,30,90,119,61,50,95,135,32,133,23,14" hai1="99,36,91,53,49,78,129,66,56,38,112,113,16" hai2="117,102,75,96,6,104,79,88,124,59,44,115,125" hai3="81,77,87,43,42,74,24,33,132,106,19,122,29"/><U131/><E78/><V9/><F117/><W76/><G122/><T31/><D72/><U84/><E99/><V108/><F108/><W51/><G106/><T109/><D119/><U123/><E123/><V120/><F120/><W5/><G132/><N who="0" m="50763" /><D61/><U25/><E66/><V105/><F105/><W121/><G121/><T1/><D1/><U4/><E4/><V97/><F59/><W37/><G5/><T7/><D32/><U45/><E113/><V10/><F115/><W64/><G64/><T94/><D94/><N who="1" m="54631" /><E112/><V22/><F75/><W85/><G19/><N who="0" m="10743" /><D7/><U63/><E25/><V18/><F6/><W17/><G17/><T28/><D50/><U55/><E16/><V68/><F68/><W15/><G15/><T52/><D52/><U67/><E55/><V65/><F65/><W107/><G107/><T34/><D34/><U86/><E86/><AGARI ba="0,0" hai="28,30,31,86,90,95,109,110" m="10743,50763" machi="86" ten="30,1000,0" yaku="20,1" doraHai="71" who="0" fromWho="1" sc="310,10,184,-10,230,0,276,0" />
</Scene>
<Scene>
<INIT seed="2,0,0,0,2,126" ten="320,174,230,276" oya="2" hai0="12,17,70,62,111,25,82,80,52,31,108,81,84" hai1="105,130,104,60,46,33,103,97,45,13,122,77,6" hai2="35,61,27,86,4,36,110,109,88,115,55,2,101" hai3="72,32,76,119,53,51,54,1,34,24,5,134,124"/><V107/><F115/><W44/><G119/><T118/><D118/><U102/><E122/><V132/><F36/><W131/><G124/><T114/><D114/><U91/><E33/><V96/><F132/><W7/><G134/><T47/><D70/><U42/><E77/><V57/><F4/><W85/><G72/><T116/><D116/><U74/><E74/><V15/><F2/><W129/><G53/><T133/><D133/><U3/><E3/><V125/><F15/><W121/><G121/><T28/><D84/><U39/><E46/><V50/><F125/><W10/><G7/><T100/><D100/><U0/><E130/><N who="3" m="49674" /><G24/><T113/><D25/><U75/><E75/><V71/><F27/><W65/><G65/><T94/><D113/><U49/><E0/><V79/><F110/><W18/><G18/><T120/><D17/><U92/><E39/><V95/><F109/><W78/><G78/><T11/><D120/><U43/><E43/><V58/><F79/><W83/><AGARI ba="0,0" hai="1,5,10,32,34,44,51,54,76,83,85" m="49674" machi="83" ten="30,7900,0" yaku="19,1,52,3" doraHai="126" who="3" fromWho="3" sc="320,-20,174,-20,230,-39,276,79" />
</Scene>
<Scene>
<INIT seed="3,0,0,5,5,131" ten="300,154,191,355" oya="3" hai0="119,48,130,72,44,132,112,70,0,108,95,53,54" hai1="13,60,37,40,126,101,118,100,4,21,43,57,38" hai2="107,91,22,25,104,15,10,133,103,68,129,85,36" hai3="7,46,81,82,69,77,11,12,5,17,6,64,117"/><W74/><G117/><T76/><D0/><U63/><E118/><V67/><F36/><W73/><G46/><T120/><D70/><U49/><E126/><V59/><F129/><W55/><G55/><T78/><D72/><U56/><E21/><V80/><F68/><W50/><G50/><T115/><D108/><U109/><E13/><V121/><F103/><W75/><REACH who="3" step="1"/><G77/><REACH who="3" ten="300,154,191,345" step="2"/><T27/><D48/><U51/><REACH who="1" step="1"/><E4/><REACH who="1" ten="300,144,191,345" step="2"/><V123/><F123/><W88/><G88/><T29/><D120/><U39/><E39/><V34/><F121/><W111/><G111/><AGARI ba="0,2" hai="37,38,40,43,49,51,56,57,60,63,100,101,109,111" machi="111" ten="25,3200,0" yaku="1,1,22,2,53,0" doraHai="131" doraHaiUra="83" who="1" fromWho="3" sc="300,0,144,52,191,0,345,-32" />
</Scene>
<Scene>
<INIT seed="4,0,0,3,4,109" ten="300,196,191,313" oya="0" hai0="24,97,10,108,78,20,4,9,61,103,17,46,69" hai1="86,105,27,112,102,89,22,82,32,65,5,128,129" hai2="88,125,13,134,119,51,76,107,126,73,77,47,49" hai3="6,44,98,60,79,93,16,130,14,54,41,87,37"/><T45/><D108/><U57/><E32/><V133/><F107/><W59/><G130/><N who="1" m="50282" /><E5/><V11/><F119/><W29/><G29/><T122/><D78/><N who="2" m="30314" /><F73/><W50/><G6/><T2/><D122/><U120/><E120/><V100/><F100/><W67/><G79/><T34/><D10/><U124/><E124/><N who="2" m="47723" /><F11/><W12/><G87/><T131/><D131/><U3/><E3/><V123/><F123/><W28/><G28/><T1/><D1/><U70/><E70/><V33/><F13/><W84/><G84/><T43/><D43/><U121/><E121/><V25/><F25/><W116/><G116/><T117/><D34/><U30/><E102/><V118/><F33/><W8/><G14/><T39/><D39/><U31/><E112/><V80/><F118/><W110/><G110/><T58/><D69/><U94/><E105/><V115/><F115/><W75/><G75/><T42/><D42/><U96/><E31/><V106/><F106/><W19/><G19/><T18/><D18/><U38/><E38/><V85/><F51/><W135/><G37/><T66/><D117/><U92/><E96/><V21/><F21/><W36/><G36/><T111/><D111/><U26/><E26/><V113/><F113/><W72/><G41/><AGARI ba="0,0" hai="41,47,49,80,85,88,133,134" m="47723,30314" machi="41" ten="30,2000,0" yaku="18,1,54,1" doraHai="109" who="2" fromWho="3" sc="300,0,196,0,191,20,313,-20" />
</Scene>
<Scene>
<INIT seed="5,0,0,1,2,52" ten="300,196,211,293" oya="1" hai0="126,50,120,25,12,76,39,0,40,41,23,129,34" hai1="31,131,19,122,94,123,86,58,28,20,132,35,73" hai2="130,11,102,67,85,108,71,15,60,10,128,88,101" hai3="46,80,4,3,121,127,53,117,38,43,118,27,69"/><U32/><E73/><V135/><F108/><W92/><G121/><N who="1" m="46090" /><E86/><V97/><F135/><W17/><G69/><T18/><D76/><U57/><E94/><V55/><F55/><W26/><G127/><T87/><D126/><U1/><E132/><V44/><F44/><W90/><G80/><T91/><D39/><U111/><E111/><V36/><F36/><W109/><G109/><T100/><D100/><U79/><E79/><V30/><F30/><N who="1" m="11305" /><E131/><N who="2" m="50219" /><F15/><W42/><G42/><T134/><D41/><U5/><E58/><V29/><F29/><W37/><G37/><T72/><D40/><U62/><E62/><V33/><F33/><N who="1" m="12873" /><E57/><V83/><F102/><W89/><G92/><AGARI ba="0,0" hai="10,11,60,67,71,83,85,88,92,97,101" m="50219" machi="92" ten="30,2000,0" yaku="19,1,54,1" doraHai="52" who="2" fromWho="3" sc="300,0,196,0,211,20,293,-20" />
</Scene>
<Scene>
<INIT seed="6,0,0,0,3,96" ten="300,196,231,273" oya="2" hai0="86,101,100,84,57,33,43,44,65,119,46,4,53" hai1="117,42,87,38,98,125,28,0,50,37,82,34,24" hai2="121,99,64,122,32,35,30,3,23,12,5,132,79" hai3="55,69,11,91,51,103,18,25,105,48,20,112,81"/><V60/><F79/><W54/><G69/><T110/><D33/><U118/><E125/><V7/><F132/><W31/><G112/><T78/><D110/><U62/><E0/><V77/><F77/><W129/><G129/><T17/><D4/><U56/><E50/><N who="3" m="18986" /><G103/><N who="0" m="39499" /><D65/><U15/><E98/><V113/><F113/><W10/><G105/><T49/><D119/><U70/><E70/><V67/><F99/><W80/><G31/><T93/><D43/><U14/><E117/><V83/><F67/><W120/><G120/><T126/><D126/><U74/><E118/><V71/><F7/><W39/><G39/><T26/><D93/><U90/><E74/><V1/><F1/><W116/><G116/><T107/><D107/><U45/><REACH who="1" step="1"/><E37/><REACH who="1" ten="300,186,231,273" step="2"/><V68/><F68/><W89/><G80/><N who="0" m="47127" /><D86/><U123/><E123/><V22/><F83/><W111/><G81/><T27/><D57/><U76/><E76/><V8/><F122/><W9/><G111/><T58/><D58/><U52/><AGARI ba="0,1" hai="14,15,24,28,34,38,42,45,52,56,62,82,87,90" machi="52" ten="20,5200,0" yaku="1,1,0,1,7,1,54,1,53,0" doraHai="96" doraHaiUra="6" who="1" fromWho="1" sc="300,-13,186,62,231,-26,273,-13" />
</Scene>
<Scene>
<INIT seed="7,0,0,5,2,8" ten="287,248,205,260" oya="3" hai0="47,32,42,85,75,74,111,103,41,2,16,38,125" hai1="101,81,29,98,21,72,132,3,44,20,63,88,64" hai2="52,50,112,119,115,97,105,76,22,117,87,25,124" hai3="69,67,108,57,123,27,77,61,96,48,65,134,121"/><W73/><G96/><T127/><D111/><U35/><E3/><V39/><F39/><W43/><G77/><T1/><D32/><U28/><E44/><V89/><F76/><W86/><G86/><T60/><D103/><U45/><E45/><N who="2" m="27727" /><F97/><W24/><G73/><N who="0" m="27659" /><D60/><U91/><E132/><V68/><F105/><W120/><G27/><T5/><D42/><U113/><E113/><N who="2" m="43595" /><F68/><W10/><G24/><T71/><D71/><U135/><E135/><V11/><F11/><W13/><G134/><T84/><D5/><U114/><E114/><V92/><F124/><N who="0" m="47690" /><D85/><U14/><E72/><V130/><F130/><W0/><G108/><T82/><D84/><U133/><E133/><V129/><F129/><W104/><G104/><T94/><D94/><N who="1" m="58583" /><E81/><V106/><F106/><W36/><G36/><T26/><D82/><U46/><E91/><V18/><AGARI ba="0,0" hai="18,22,25,87,89,92,117,119" m="43595,27727" machi="18" ten="30,2000,0" yaku="15,1,54,1" doraHai="8" who="2" fromWho="2" sc="287,-5,248,-5,205,20,260,-10" />
</Scene>
<Scene>
<INIT seed="8,0,0,2,4,132" ten="282,243,225,250" oya="0" hai0="66,14,50,39,133,123,25,30,94,29,80,84,126" hai1="109,127,70,0,67,87,125,93,27,49,76,103,54" hai2="21,48,82,95,12,129,51,130,42,5,46,19,1" hai3="55,112,110,101,52,102,13,7,113,32,44,128,47"/><T78/><D126/><N who="1" m="48139" /><E109/><V61/><F61/><W6/><G13/><T8/><D39/><U28/><E0/><V69/><F69/><W105/><G32/><T98/><D123/><U24/><E70/><V41/><F95/><W62/><G62/><T77/><D66/><U111/><E111/><V63/><F63/><W106/><G110/><T38/><D38/><U60/><E28/><V81/><F5/><W22/><G22/><T2/><D2/><U15/><E15/><V114/><F1/><W65/><G128/><N who="2" m="49257" /><F114/><W92/><G92/><T99/><D29/><U134/><E134/><V43/><F51/><W135/><G135/><T58/><D50/><U121/><E121/><V20/><F20/><W97/><G97/><T26/><D30/><U53/><E60/><V85/><F82/><W115/><G113/><T45/><D80/><N who="1" m="47495" /><E67/><AGARI ba="0,0" hai="6,7,44,47,52,55,65,67,101,102,105,106,112,115" machi="67" ten="25,3200,0" yaku="22,2,54,1" doraHai="132" who="3" fromWho="1" sc="282,0,243,-32,225,0,250,32" />
</Scene>
<Scene>
<INIT seed="9,0,0,1,3,28" ten="282,211,225,282" oya="1" hai0="31,61,33,37,70,12,54,58,109,23,56,27,89" hai1="10,50,81,42,16,120,24,113,29,92,35,85,38" hai2="53,99,11,66,75,64,125,126,131,114,26,13,130" hai3="116,59,133,39,79,3,74,118,96,6,93,108,44"/><U22/><E113/><V67/><F75/><W77/><G108/><T30/><D37/><U134/><E120/><V84/><F114/><W9/><G133/><T71/><D109/><U111/><E111/><V63/><F99/><W115/><G115/><T90/><D31/><U62/><E134/><V46/><F84/><W65/><G74/><T7/><D71/><U15/><E38/><V18/><F26/><W97/><G59/><T123/><D70/><U82/><E62/><V105/><F105/><W55/><G65/><N who="2" m="25193" /><F18/><W101/><G55/><N who="0" m="33951" /><D33/><U107/><E107/><V102/><F13/><W83/><G83/><T52/><D54/><U80/><E35/><V45/><F11/><W47/><G96/><T0/><D0/><U100/><E100/><V98/><F98/><W69/><G69/><T94/><D94/><U127/><E127/><N who="2" m="48651" /><F102/><W128/><G79/><T8/><D123/><U119/><E119/><N who="3" m="45610" /><G77/><T135/><D135/><U17/><E92/><V86/><F86/><W112/><G112/><T4/><D4/><U103/><E103/><V88/><F88/><W78/><G78/><T51/><AGARI ba="0,0" hai="7,8,12,23,27,30,51,52,58,89,90" m="33951" machi="51" ten="30,2000,0" yaku="8,1,54,1" doraHai="28" who="0" fromWho="0" sc="282,20,211,-10,225,-5,282,-5" owari="302,40.0,201,-30.0,220,-18.0,277,8.0" />
</Scene>
</mjloggm>