<mjloggm ver="2.3"><GO type="169" lobby="0"/><UN n0="%E7%AB%9C%E6%B2%B3%E6%86%A9" n1="%E3%81%99%E3%81%9A%E3%82%81%E3%82%AF%E3%83%AC%E3%82%A4%E3%82%B8%E3%83%BC" n2="%E3%81%91%E3%82%93%31%39%37%30" n3="%E4%BF%BA%54%55%45%45%45%45%45" dan="16,19,16,16" rate="2071.60,2287.61,2186.38,2106.34" sx="M,M,M,F"/><TAIKYOKU oya="0"/>

<Scene>
<INIT seed="0,0,0,3,3,20" ten="250,250,250,250" oya="0" hai0="121,93,62,122,9,29,31,25,7,76,60,94,39" hai1="101,1,55,54,102,41,59,30,88,32,87,12,35" hai2="124,82,49,108,6,69,23,118,90,37,74,15,126" hai3="64,11,45,123,89,10,27,26,70,14,91,112,106"/><T71/><D39/><U2/><E41/><V115/><F37/><W85/><G112/><T92/><D76/><U46/><E46/><V52/><F69/><W116/><G116/><T8/><D31/><U73/><E73/><V0/><F115/><W114/><G114/><T119/><D119/><U24/><E35/><V18/><F108/><W77/><G106/><T43/><D43/><U78/><E55/><V86/><F74/><W80/><G123/><T44/><D44/><U83/><E12/><V65/><F65/><W131/><G131/><T38/><D38/><U19/><E19/><V109/><F109/><W81/><G70/><T130/><D130/><U97/><E102/><V134/><F134/><W105/><G105/><T107/><D107/><U21/><E32/><V84/><F84/><N who="3" m="48143" /><G64/><T113/><D113/><U127/><E78/><V48/><F48/><W129/><G129/><T110/><D110/><U33/><E127/><N who="2" m="48683" /><F118/><W135/><G135/><T53/><D71/><U125/><E33/><V63/><F63/><W57/><G45/><T22/><D62/><U132/><E132/><V111/><F111/><W72/><G72/><T50/><D60/><U67/><E125/><V47/><F0/><W120/><G57/><N who="0" m="32951" /><D7/><AGARI ba="0,0" hai="6,7,15,18,23,47,49,52,82,86,90" m="48683" machi="7" ten="30,2000,0" yaku="18,1,54,1" doraHai="20" who="2" fromWho="0" sc="250,-20,250,0,250,20,250,0" />
</Scene>
<Scene>
<INIT seed="1,0,0,1,1,127" ten="230,250,270,250" oya="1" hai0="94,44,47,4,99,66,85,5,9,50,0,88,7" hai1="128,31,72,39,33,42,14,110,69,30,71,80,89" hai2="116,93,38,92,59,26,125,29,18,2,104,21,45" hai3="23,130,82,34,126,118,37,13,61,115,106,41,56"/><U1/><E1/><V96/><F116/><W8/><G34/><T68/><D68/><U76/><E14/><V132/><F2/><W134/><G106/><T129/><D66/><U107/><E30/><V12/><F125/><W91/><G37/><T123/><D123/><U95/><E107/><V97/><F132/><W87/><G41/><T74/><D74/><U15/><E15/><V114/><F114/><W25/><G134/><T46/><D129/><U3/><E128/><V135/><F104/><W124/><G115/><T35/><D35/><U105/><E105/><V67/><F38/><W117/><G130/><T22/><D22/><U55/><E55/><V113/><F45/><W111/><G111/><T20/><D20/><U63/><E63/><V108/><F108/><W54/><G124/><T36/><D36/><U98/><E110/><V121/><F121/><W90/><G90/><T48/><REACH who="0" step="1"/><D99/><REACH who="0" ten="220,250,270,250" step="2"/><U53/><E71/><V19/><F113/><W62/><G126/><T28/><D28/><U109/><E69/><V83/><F29/><N who="3" m="17599" /><G118/><T49/><AGARI ba="0,1" hai="0,4,5,7,9,44,46,47,48,49,50,85,88,94" machi="49" ten="30,4000,0" yaku="1,1,0,1,54,1,53,0" doraHai="127" doraHaiUra="70" who="0" fromWho="0" sc="220,50,250,-20,270,-10,250,-10" />
</Scene>
<Scene>
<INIT seed="2,0,0,0,2,82" ten="270,230,260,240" oya="2" hai0="115,5,114,100,35,27,120,64,59,73,40,49,84" hai1="86,98,8,44,122,131,62,7,58,52,60,4,28" hai2="87,48,1,94,36,124,116,34,41,65,16,20,38" hai3="29,10,75,55,39,76,6,109,92,9,132,11,63"/><V123/><F116/><W101/><G39/><T47/><D73/><U95/><E131/><V72/><F72/><W128/><G128/><T110/><D120/><U113/><E113/><V112/><F112/><W127/><G109/><T61/><D110/><U78/><E28/><V2/><F34/><W103/><G127/><T37/><D35/><U90/><E44/><V85/><F65/><W125/><G125/><T32/><D32/><U134/><E134/><V105/><F105/><W133/><G6/><T15/><D27/><U68/><E122/><V23/><F124/><W21/><G75/><T24/><D24/><U26/><E26/><V108/><F123/><W83/><G29/><T42/><D100/><U81/><E68/><V50/><F94/><W30/><G21/><T88/><D42/><U74/><E62/><V17/><REACH who="2" step="1"/><F41/><REACH who="2" ten="270,230,250,240" step="2"/><W31/><G92/><T56/><D114/><U69/><E69/><V91/><F91/><W13/><G133/><T67/><D115/><U14/><E74/><V25/><F25/><W70/><G132/><T3/><D64/><U51/><E60/><V80/><F80/><W77/><G83/><T46/><D67/><U129/><E129/><V22/><F22/><W119/><G63/><T12/><D61/><U111/><E111/><AGARI ba="0,1" hai="1,2,16,17,20,23,36,38,48,50,85,87,108,111" machi="111" ten="25,18000,2" yaku="1,1,22,2,52,2,54,1,53,0" doraHai="82" doraHaiUra="57" who="2" fromWho="1" sc="270,0,230,-180,250,190,240,0" />
</Scene>
<Scene>
<INIT seed="2,1,0,5,1,97" ten="270,50,440,240" oya="2" hai0="119,8,15,4,16,53,63,115,47,31,85,36,42" hai1="91,3,132,114,74,22,108,71,87,2,84,113,19" hai2="92,30,76,130,35,83,28,75,34,38,116,126,40" hai3="89,24,7,32,0,13,20,67,70,133,11,77,52"/><V98/><F116/><W111/><G77/><T124/><D119/><U131/><E74/><V120/><F120/><W73/><G73/><T68/><D115/><U17/><E71/><V37/><F126/><W39/><G39/><T82/><D124/><U81/><E108/><V25/><F130/><W90/><G111/><T21/><D31/><U129/><E81/><V56/><F56/><W5/><G67/><T50/><D68/><U99/><E99/><V93/><F93/><W109/><G70/><T107/><D107/><U100/><E91/><V29/><F29/><W88/><G109/><T101/><D63/><U117/><E117/><V26/><REACH who="2" step="1"/><F40/><REACH who="2" ten="270,50,430,240" step="2"/><W118/><G118/><T43/><D36/><U134/><E22/><V1/><F1/><W72/><G0/><T64/><D64/><U51/><E2/><V60/><F60/><W41/><G41/><T45/><D45/><U27/><E3/><V80/><F80/><W128/><G128/><T79/><REACH who="0" step="1"/><D101/><AGARI ba="1,1" hai="25,26,28,30,34,35,37,38,75,76,83,92,98,101" machi="101" ten="30,11600,0" yaku="1,1,7,1,9,1,52,1,53,0" doraHai="97" doraHaiUra="6" who="2" fromWho="0" sc="270,-119,50,0,430,129,240,0" />
</Scene>
<Scene>
<INIT seed="2,2,0,2,4,121" ten="151,50,559,240" oya="2" hai0="95,22,31,94,33,120,4,16,0,39,56,74,19" hai1="63,111,46,41,118,127,52,105,133,73,50,88,58" hai2="129,49,84,100,20,89,6,86,42,69,55,61,125" hai3="1,135,103,53,65,108,122,13,87,40,110,83,75"/><V123/><F123/><W3/><G122/><T85/><D120/><U82/><E105/><V62/><F125/><W11/><G75/><T107/><D74/><U47/><E118/><V48/><F129/><W113/><G135/><T14/><D39/><U21/><E133/><V106/><F6/><W45/><G65/><T98/><D107/><U8/><E127/><V130/><F130/><W60/><G103/><T116/><D116/><U92/><E111/><N who="3" m="42538" /><G113/><T67/><D33/><U90/><E8/><V29/><F100/><W70/><G53/><T80/><D0/><U7/><E7/><V24/><F106/><W17/><G60/><N who="0" m="38279" /><D31/><U78/><E92/><V25/><F69/><W66/><G66/><T112/><D112/><U35/><E21/><V97/><F62/><W101/><G101/><T51/><D95/><U114/><E35/><V43/><F61/><W54/><G54/><T28/><D94/><U128/><E128/><V124/><F55/><W30/><G30/><T38/><D28/><U5/><E5/><V117/><F29/><W15/><G15/><T102/><D4/><U36/><E114/><V134/><F134/><W10/><G10/><T115/><D102/><U34/><E34/><V23/><F124/><W79/><G70/><T96/><D115/><U26/><E26/><V2/><F117/><W91/><G79/><T12/><D14/><U44/><E63/><V131/><F131/><W32/><G32/><T77/><D12/><U57/><E57/><V71/><F71/><W76/><G76/><T104/><D77/><U99/><E99/><V72/><F97/><RYUUKYOKU ba="2,0" sc="151,-15,50,15,559,-15,240,15" hai1="36,41,44,46,47,50,52,58,73,78,82,88,90" hai3="1,3,11,13,17,40,45,83,87,91" />
</Scene>
<Scene>
<INIT seed="3,3,0,4,4,64" ten="136,65,544,255" oya="3" hai0="4,0,53,123,27,20,35,32,9,99,126,110,51" hai1="24,92,19,59,5,121,10,94,13,72,34,67,1" hai2="65,16,115,79,91,69,12,101,83,71,49,11,106" hai3="90,96,55,85,47,118,43,127,54,48,61,63,15"/><W18/><G118/><T31/><D123/><U78/><E121/><V84/><F115/><W68/><G127/><T60/><D110/><U23/><E72/><V42/><F65/><W2/><G2/><T120/><D120/><U8/><E78/><V95/><F106/><W3/><G3/><T17/><D126/><U93/><E67/><V131/><F101/><W41/><G96/><T124/><D124/><U25/><E59/><V89/><F89/><W21/><G68/><T62/><D99/><U39/><E39/><V58/><F131/><W134/><G134/><T119/><D119/><U128/><E128/><V56/><F56/><N who="3" m="34975" /><G63/><T77/><D77/><U40/><E40/><V112/><F112/><W86/><G86/><T116/><D116/><U102/><E24/><V117/><F117/><W130/><G130/><T113/><D113/><U29/><REACH who="1" step="1"/><E8/><REACH who="1" ten="136,55,544,255" step="2"/><V50/><F42/><W44/><G47/><T36/><D36/><U135/><E135/><V107/><F58/><W75/><G75/><T38/><D38/><U80/><E80/><AGARI ba="3,1" hai="15,18,21,41,43,44,48,54,80,85,90" m="34975" machi="80" ten="30,1500,0" yaku="8,1" doraHai="64" who="3" fromWho="1" sc="136,0,55,-24,544,0,255,34" />
</Scene>
<Scene>
<INIT seed="3,4,0,5,3,64" ten="136,31,544,289" oya="3" hai0="19,114,47,105,73,133,9,106,16,131,37,61,128" hai1="91,57,51,97,66,42,43,132,5,36,63,54,6" hai2="125,118,134,99,121,69,81,45,39,93,59,67,60" hai3="116,32,7,102,76,110,86,89,107,18,56,14,74"/><W88/><G116/><T48/><D73/><U25/><E132/><V103/><F118/><W122/><G122/><T62/><D37/><U26/><E43/><V40/><F134/><W108/><G32/><T101/><D133/><U119/><E119/><V15/><F125/><W87/><G7/><T104/><D101/><U28/><E26/><V113/><F113/><W34/><G34/><T8/><D114/><U41/><E41/><V127/><F127/><W95/><G74/><T23/><D48/><U98/><E98/><V35/><F35/><W49/><G76/><T11/><D47/><N who="1" m="24007" /><E97/><V111/><F111/><N who="3" m="42539" /><G107/><T123/><D123/><U72/><E91/><V85/><F121/><W78/><G78/><T1/><D1/><U126/><E72/><V12/><F59/><W3/><G3/><T129/><REACH who="0" step="1"/><D23/><REACH who="0" ten="126,31,544,289" step="2"/><N who="1" m="15423" /><E126/><V135/><F135/><W13/><G102/><T20/><D20/><U0/><E0/><V38/><F39/><W4/><G49/><T79/><D79/><AGARI ba="4,1" hai="12,15,38,40,45,60,67,69,79,81,85,93,99,103" machi="79" ten="30,2000,0" yaku="7,1,52,1" doraHai="64" who="2" fromWho="0" sc="126,-32,31,0,544,42,289,0" />
</Scene>
<Scene>
<INIT seed="4,0,0,3,2,66" ten="94,31,586,289" oya="0" hai0="93,68,22,115,37,24,15,112,135,127,20,80,104" hai1="69,19,94,45,27,10,38,121,17,113,39,48,96" hai2="85,132,131,49,82,110,21,108,36,71,134,1,60" hai3="18,23,78,98,43,95,97,100,54,35,13,101,73"/><T122/><D122/><U12/><E113/><N who="0" m="43593" /><D104/><U91/><E121/><V41/><F1/><W130/><G35/><T109/><D37/><U30/><E19/><V40/><F21/><W89/><G43/><T0/><D0/><U56/><E56/><V76/><F36/><W11/><G130/><T111/><D80/><U129/><E129/><V32/><F32/><W63/><G73/><T5/><D93/><U74/><E74/><V72/><F131/><W57/><G78/><T50/><D50/><U81/><E81/><V46/><F41/><W59/><G98/><T29/><D135/><N who="2" m="51754" /><F85/><W125/><G125/><T14/><D127/><U123/><E69/><V65/><AGARI ba="0,0" hai="40,46,49,60,65,71,72,76,82,108,110" m="51754" machi="65" ten="30,2000,0" yaku="20,1,52,1" doraHai="66" who="2" fromWho="2" sc="94,-10,31,-5,586,20,289,-5" />
</Scene>
<Scene>
<INIT seed="5,0,0,3,4,23" ten="84,26,606,284" oya="1" hai0="27,18,11,58,24,49,50,92,1,85,86,120,12" hai1="3,71,43,15,19,57,95,73,29,56,53,91,110" hai2="126,134,26,115,114,123,97,28,13,75,76,60,82" hai3="8,94,0,132,14,121,118,111,7,84,128,36,41"/><U100/><E71/><V135/><F123/><W130/><G111/><T4/><D120/><U22/><E3/><V2/><F2/><W39/><G121/><T30/><D1/><U42/><E73/><V54/><F126/><W77/><G132/><N who="2" m="50729" /><F13/><W66/><G66/><T37/><D37/><U52/><E100/><V96/><F54/><N who="1" m="21097" /><E110/><V59/><F59/><N who="1" m="22601" /><E29/><V16/><F16/><W81/><G118/><T93/><D30/><U65/><E65/><V133/><F60/><W74/><G0/><T61/><D4/><U68/><E68/><V35/><F133/><W129/><G41/><T103/><D61/><U45/><E45/><V51/><F51/><N who="0" m="19466" /><D58/><U46/><E46/><V31/><F31/><W40/><G40/><T90/><D103/><U79/><E79/><V64/><F64/><W44/><G44/><T98/><D98/><AGARI ba="0,0" hai="15,19,22,42,43,91,95,98" m="22601,21097" machi="98" ten="30,2900,0" yaku="8,1,54,1" doraHai="23" who="1" fromWho="0" sc="84,-29,26,29,606,0,284,0" /><AGARI ba="0,0" hai="26,28,35,75,76,82,96,97,98,114,115" m="50729" machi="98" ten="30,2000,0" yaku="20,1,52,1" doraHai="23" who="2" fromWho="0" sc="55,-20,55,0,606,20,284,0" />
</Scene>
<Scene>
<INIT seed="5,1,0,4,4,119" ten="35,55,626,284" oya="1" hai0="63,77,124,95,54,132,34,97,44,84,38,68,52" hai1="0,73,56,12,28,100,16,32,64,41,26,126,116" hai2="131,129,35,4,86,43,65,130,24,121,36,25,15" hai3="31,66,91,93,67,122,58,96,6,83,113,40,21"/><U72/><E116/><V53/><F121/><W62/><G122/><T60/><D34/><U8/><E126/><V82/><F65/><W108/><G108/><T5/><D124/><U90/><E100/><V112/><F112/><W102/><G113/><T48/><D132/><U22/><E41/><V94/><F94/><W18/><G6/><T9/><D38/><U33/><E33/><V23/><F35/><W87/><G40/><T78/><D54/><U7/><E90/><V109/><F109/><W14/><REACH who="3" step="1"/><G31/><REACH who="3" ten="35,55,626,274" step="2"/><T79/><D68/><U30/><E30/><V118/><F118/><W47/><G47/><T127/><D127/><U101/><E101/><V88/><F4/><W19/><G19/><T106/><D106/><U27/><E27/><V1/><F25/><W107/><G107/><T114/><D114/><U85/><E26/><V89/><F24/><W39/><G39/><T105/><D105/><U98/><E28/><V59/><F43/><W115/><G115/><T104/><D104/><U2/><E32/><V135/><F36/><W20/><G20/><T61/><D5/><U80/><E0/><V10/><F1/><W45/><G45/><T70/><D9/><U71/><E2/><V55/><F10/><W117/><G117/><T69/><D70/><U81/><E71/><V134/><F23/><W37/><G37/><T74/><D69/><U11/><E11/><V13/><F134/><W128/><G128/><T57/><D44/><U17/><E8/><V125/><F135/><W92/><G92/><T110/><D110/><U103/><E7/><V75/><F125/><RYUUKYOKU ba="1,1" sc="35,-10,55,-10,626,-10,274,30" hai3="14,18,21,58,62,66,67,83,87,91,93,96,102" />
</Scene>
<Scene>
<INIT seed="6,2,1,3,4,7" ten="25,45,616,304" oya="2" hai0="12,111,124,51,16,122,77,85,66,103,35,116,69" hai1="57,22,56,96,36,49,102,45,64,50,128,1,105" hai2="34,52,42,68,40,55,4,99,0,121,9,39,38" hai3="17,43,130,37,72,108,67,48,78,106,125,109,79"/><V97/><F34/><W59/><G106/><T71/><D122/><U41/><E1/><V89/><F68/><W81/><G78/><T32/><D111/><U118/><E118/><V92/><F121/><W120/><G120/><T91/><D116/><U95/><E128/><V58/><F55/><W134/><G130/><T46/><D103/><U18/><E105/><V117/><F117/><W63/><G37/><T60/><D77/><U53/><E64/><V83/><F83/><W135/><G125/><T123/><D124/><U114/><E114/><V75/><F75/><W25/><G43/><T29/><D29/><U30/><E30/><V100/><F39/><W24/><G48/><T90/><D69/><U104/><E104/><V8/><F8/><W131/><G131/><T73/><D73/><U88/><E36/><V14/><F0/><W47/><G47/><T119/><D119/><U13/><E102/><V2/><F2/><W127/><G127/><T101/><D101/><U54/><E41/><V110/><F110/><W10/><G25/><T62/><D62/><U87/><E45/><V112/><F112/><W107/><G107/><T15/><D123/><U84/><AGARI ba="2,1" hai="13,18,22,49,50,53,54,56,57,84,87,88,95,96" machi="84" ten="30,7900,0" yaku="0,1,9,1,8,1,54,1" doraHai="7" who="1" fromWho="1" sc="25,-22,45,95,616,-41,304,-22" />
</Scene>
<Scene>
<INIT seed="7,0,0,5,1,14" ten="3,140,575,282" oya="3" hai0="62,25,13,27,77,97,133,54,69,48,21,40,7" hai1="82,38,90,127,85,0,36,30,11,65,51,108,37" hai2="91,29,120,57,102,55,114,104,83,70,20,43,110" hai3="96,134,44,41,24,80,87,12,118,16,19,123,100"/><W89/><G118/><T94/><D133/><U129/><E65/><V116/><F70/><W99/><G123/><T58/><D77/><U128/><E127/><V8/><F43/><W124/><G134/><T61/><D69/><U119/><E108/><V35/><F35/><W107/><G124/><T45/><D61/><U10/><E30/><V49/><F110/><W86/><G96/><T73/><D73/><U28/><E28/><V33/><F33/><W4/><G24/><T53/><D7/><U135/><E119/><V92/><F116/><W79/><G4/><T84/><D84/><U6/><E11/><V50/><F114/><W64/><G12/><T34/><D34/><U39/><E39/><V111/><F120/><W78/><G64/><T132/><D132/><U75/><E135/><V126/><F111/><W52/><G52/><T18/><D25/><U131/><E75/><V66/><F66/><W15/><G15/><T93/><D93/><U74/><E74/><V60/><F104/><W32/><G32/><T23/><D23/><U81/><E81/><V112/><F8/><W47/><G47/><T56/><D13/><U95/><E82/><V22/><F112/><W17/><REACH who="3" step="1"/><G86/><REACH who="3" ten="3,140,575,272" step="2"/><T88/><D58/><U68/><E68/><V113/><F113/><W122/><G122/><T59/><D59/><U105/><E85/><V71/><F126/><W31/><G31/><T106/><D106/><U130/><E105/><V42/><F29/><W72/><G72/><T121/><D121/><U3/><N who="1" m="32768" /><DORA hai="125" /><U26/><E6/><V2/><F71/><W117/><G117/><RYUUKYOKU ba="0,1" sc="3,15,140,-15,575,-15,272,15" hai0="18,21,27,40,45,48,53,54,56,62,88,94,97" hai3="16,17,19,41,44,78,79,80,87,89,99,100,107" />
</Scene>
<Scene>
<INIT seed="7,1,1,0,0,121" ten="18,125,560,287" oya="3" hai0="37,68,67,82,38,132,75,10,113,130,71,95,65" hai1="81,52,79,14,115,69,45,17,54,60,99,63,96" hai2="83,97,59,90,88,106,42,28,57,51,9,12,26" hai3="89,32,34,101,3,19,74,50,30,40,133,33,16"/><W55/><G74/><T91/><D95/><U80/><E115/><V5/><F106/><W93/><G3/><T18/><D18/><U41/><E41/><V29/><F90/><W114/><G30/><N who="2" m="11881" /><F26/><W49/><G101/><T131/><D91/><U134/><E134/><V44/><F97/><N who="1" m="37449" /><E69/><N who="0" m="26697" /><D10/><N who="1" m="6359" /><E45/><V13/><F13/><W47/><G133/><T110/><D82/><N who="1" m="31851" /><E79/><V94/><F94/><W77/><G77/><T4/><D4/><U84/><E84/><AGARI ba="1,1" hai="5,9,12,42,44,51,57,59,83,84,88" m="11881" machi="84" ten="30,2000,0" yaku="8,1,54,1" doraHai="121" who="2" fromWho="1" sc="18,0,125,-23,560,33,287,0" owari="18,-48.0,102,-30.0,593,69.0,287,9.0" />
</Scene>
</mjloggm>