<mjloggm ver="2.3"><GO type="169" lobby="0"/><UN n0="%E8%84%B3%E5%A4%A9%E3%81%AE%E6%8B%B3" n1="%E3%81%99%E3%81%9A%E3%82%81%E3%82%AF%E3%83%AC%E3%82%A4%E3%82%B8%E3%83%BC" n2="%E3%81%86%E3%81%A0%E3%81%A3%E3%81%B7" n3="%E3%82%B3%E3%83%BC%E3%83%A9%E4%B8%8B%E3%81%95%E3%81%84" dan="17,19,17,17" rate="2182.44,2275.65,2189.71,2204.51" sx="M,M,M,M"/><TAIKYOKU oya="0"/>

<Scene>
<INIT seed="0,0,0,3,4,35" ten="250,250,250,250" oya="0" hai0="97,114,54,90,123,3,64,57,41,111,117,127,109" hai1="100,12,59,15,98,51,65,80,99,116,50,47,22" hai2="61,107,6,37,94,26,39,68,7,19,46,2,104" hai3="24,17,5,78,106,53,105,101,74,56,44,16,83"/><T130/><D114/><U129/><E129/><V69/><F94/><W108/><G108/><N who="0" m="41547" /><D117/><U27/><E80/><V134/><F19/><W92/><G44/><T125/><D123/><U103/><E116/><V40/><F134/><W82/><G5/><T58/><D130/><U33/><E33/><V13/><F13/><N who="1" m="5193" /><E65/><N who="2" m="41007" /><F26/><W63/><G82/><T77/><D77/><U10/><E10/><N who="2" m="2391" /><F7/><W60/><G60/><N who="0" m="37903" /><D3/><U72/><E72/><V84/><F84/><W14/><G24/><T42/><D97/><N who="1" m="36875" /><E59/><V67/><F37/><W110/><G110/><T8/><D8/><U49/><E47/><V91/><F91/><W66/><G101/><T38/><D90/><U76/><E76/><V18/><F18/><AGARI ba="0,0" hai="18,22,27,49,50,51,100,103" m="36875,5193" machi="18" ten="30,1000,0" yaku="8,1" doraHai="35" who="1" fromWho="2" sc="250,0,250,10,250,-10,250,0" />
</Scene>
<Scene>
<INIT seed="1,0,0,3,0,76" ten="250,260,240,250" oya="1" hai0="81,11,71,64,135,48,44,34,128,65,70,0,31" hai1="2,41,55,92,95,28,8,105,119,45,15,54,91" hai2="78,50,131,97,96,123,42,58,86,134,40,113,9" hai3="27,61,121,38,117,93,109,115,47,60,36,88,7"/><U118/><E105/><V17/><F123/><W46/><G109/><T68/><D128/><U75/><E2/><V77/><F131/><W122/><G7/><T73/><D135/><U112/><E112/><V56/><F134/><W98/><G115/><T32/><D65/><U23/><E75/><V24/><F113/><W30/><G117/><T39/><D64/><U51/><E95/><V104/><F104/><W63/><G46/><T12/><D31/><U94/><E94/><V132/><F132/><W129/><G129/><T74/><D74/><U103/><E103/><V33/><F33/><W127/><G127/><T107/><D107/><U106/><E106/><V14/><F24/><W25/><G25/><T13/><D13/><U110/><E110/><V3/><F78/><W116/><G116/><T49/><D49/><U90/><E90/><V80/><F3/><W20/><REACH who="3" step="1"/><G47/><REACH who="3" ten="250,260,240,240" step="2"/><T1/><D1/><U59/><E119/><V125/><F125/><W126/><G126/><T66/><D0/><U72/><E118/><V29/><F29/><W53/><G53/><T67/><D34/><U69/><E55/><V57/><F42/><W22/><G22/><T18/><D32/><U100/><E23/><V79/><F79/><W114/><G114/><T83/><D67/><U37/><E28/><V62/><F40/><W10/><G10/><T43/><D66/><U108/><E8/><V21/><F9/><W133/><G133/><T130/><D130/><U35/><E35/><V101/><F21/><W5/><G5/><T120/><D43/><U6/><E108/><V26/><F26/><RYUUKYOKU ba="0,1" sc="250,-10,260,-10,240,-10,240,30" hai3="20,27,30,36,38,60,61,63,88,93,98,121,122" />
</Scene>
<Scene>
<INIT seed="2,1,1,2,5,61" ten="240,250,230,270" oya="2" hai0="122,72,26,47,52,117,27,7,113,133,80,58,31" hai1="124,6,102,42,12,21,94,85,118,78,56,60,86" hai2="98,55,22,130,53,8,120,91,84,49,123,25,83" hai3="101,14,37,127,0,99,125,121,63,54,87,116,108"/><V77/><F130/><W34/><G0/><T30/><D113/><U57/><E124/><N who="3" m="47690" /><G108/><T9/><D117/><U97/><E42/><V4/><F98/><W128/><G34/><T11/><D133/><U134/><E134/><V20/><F77/><W106/><G37/><T105/><D105/><U33/><E33/><V32/><F32/><W46/><G121/><T74/><D47/><U129/><E129/><V65/><F65/><W1/><G1/><T66/><D66/><U88/><E57/><V2/><F22/><W68/><G116/><T109/><D109/><U40/><E40/><V76/><F76/><W82/><G14/><T126/><D126/><U15/><E78/><V132/><F132/><W135/><G135/><T73/><D80/><U29/><E86/><V38/><F38/><W48/><G128/><T3/><D11/><U110/><E6/><V43/><F43/><W112/><G112/><T23/><D122/><U90/><E90/><V111/><F53/><W10/><G10/><T13/><D3/><U93/><E110/><V51/><F111/><W62/><G68/><T67/><D67/><N who="1" m="39303" /><E118/><V81/><F81/><W131/><G131/><T70/><D70/><U35/><E35/><V69/><F69/><W50/><G50/><N who="2" m="18953" /><F55/><W64/><G64/><T79/><D52/><U28/><E21/><V36/><F36/><W89/><AGARI ba="1,1" hai="46,48,54,62,63,82,87,89,99,101,106" m="47690" machi="89" ten="30,1100,0" yaku="18,1" doraHai="61" who="3" fromWho="3" sc="240,-4,250,-4,230,-6,270,24" />
</Scene>
<Scene>
<INIT seed="3,0,0,2,3,106" ten="236,246,224,294" oya="3" hai0="64,94,98,104,65,9,56,48,118,107,13,23,61" hai1="6,105,72,17,58,12,87,51,1,75,68,36,82" hai2="28,22,37,55,63,125,88,21,43,39,113,66,108" hai3="83,73,15,24,70,132,129,54,33,110,67,29,71"/><W97/><G129/><T34/><D34/><U46/><E68/><V78/><F108/><W42/><G54/><T16/><D118/><U77/><E105/><V80/><F113/><W41/><G15/><T117/><D117/><U30/><E30/><V38/><F43/><W52/><G132/><T32/><D32/><U116/><E36/><V20/><F125/><W44/><G110/><T4/><D48/><U25/><E1/><V59/><F28/><W130/><G130/><T126/><D65/><U91/><E58/><V96/><F66/><W109/><G109/><T74/><D74/><U93/><E25/><V50/><F63/><W0/><G0/><T95/><D95/><U19/><E116/><V131/><F131/><W14/><G14/><T18/><D18/><U81/><E6/><V57/><F57/><W134/><G134/><T89/><REACH who="0" step="1"/><D126/><REACH who="0" ten="226,246,224,294" step="2"/><U90/><E19/><V11/><F38/><N who="3" m="21559" /><G67/><T84/><D84/><U27/><E72/><V92/><REACH who="2" step="1"/><F11/><REACH who="2" ten="226,246,214,294" step="2"/><W35/><G35/><T86/><D86/><AGARI ba="0,2" hai="20,21,22,37,39,50,55,59,78,80,86,88,92,96" machi="86" ten="40,5200,0" yaku="1,1,2,1,54,1,53,0" doraHai="106" doraHaiUra="114" who="2" fromWho="0" sc="226,-52,246,0,214,72,294,0" />
</Scene>
<Scene>
<INIT seed="4,0,0,4,2,88" ten="174,246,286,294" oya="0" hai0="16,61,3,131,40,41,17,114,53,48,101,6,130" hai1="76,49,111,91,11,78,120,54,112,15,19,20,29" hai2="83,13,134,5,109,75,71,105,45,104,68,126,22" hai3="135,72,57,79,50,74,87,24,116,37,63,32,31"/><T47/><D114/><U85/><E111/><V25/><F109/><W35/><G37/><T82/><D82/><U100/><E100/><V33/><F126/><W94/><G116/><T27/><D101/><U60/><E60/><V128/><F128/><N who="0" m="49194" /><D27/><N who="1" m="16615" /><E120/><V132/><F33/><W119/><G119/><T89/><D89/><U110/><E110/><V36/><F13/><W106/><G106/><T58/><D41/><U99/><E99/><V97/><F97/><W42/><G35/><T64/><D40/><U2/><E2/><V107/><F5/><W84/><G42/><T28/><D28/><U7/><E7/><V67/><F36/><W98/><G24/><T44/><D44/><N who="1" m="27943" /><E112/><V133/><F45/><W12/><G31/><T108/><D108/><U65/><E65/><V38/><F67/><W77/><G32/><T55/><D64/><U115/><E115/><V4/><F4/><W118/><G118/><T127/><D127/><U121/><E121/><V18/><F38/><W123/><G123/><T125/><D125/><U70/><E70/><V14/><F25/><W73/><G73/><T129/><N who="0" m="49202" /><T10/><AGARI ba="0,0" hai="3,6,10,16,17,47,48,53,55,58,61" m="49202" machi="10" ten="40,7800,0" yaku="4,1,19,1,54,1" doraHai="88" who="0" fromWho="0" sc="174,78,246,-26,286,-26,294,-26" />
</Scene>
<Scene>
<INIT seed="4,1,0,3,5,83" ten="252,220,260,268" oya="0" hai0="84,118,69,14,95,70,68,66,18,15,82,102,107" hai1="85,74,31,25,24,105,104,127,38,40,11,21,109" hai2="34,78,55,53,110,42,120,41,49,75,0,9,54" hai3="96,121,113,36,77,52,46,2,10,3,44,89,12"/><T28/><D118/><U87/><E74/><V8/><F110/><W128/><G113/><T39/><D39/><U111/><E38/><V30/><F120/><W122/><G77/><T61/><D107/><U65/><E65/><V1/><F75/><W23/><G23/><T133/><D133/><U72/><E72/><V99/><F78/><W51/><G128/><T126/><D126/><U90/><E40/><V4/><F99/><W37/><G2/><T86/><D28/><U119/><E119/><V48/><F30/><W29/><G3/><T101/><D15/><U130/><E130/><V131/><F131/><W22/><G22/><T81/><D81/><U114/><E127/><V45/><F34/><W27/><G27/><T135/><D135/><U106/><E11/><V62/><F62/><W43/><G29/><T98/><D101/><U88/><E114/><V94/><F94/><W56/><G96/><T16/><D18/><U112/><E112/><V76/><F76/><W117/><G89/><N who="1" m="34410" /><E21/><V73/><F73/><W58/><G117/><T60/><D82/><U5/><E5/><V7/><REACH who="2" step="1"/><F42/><REACH who="2" ten="252,220,250,268" step="2"/><W93/><G93/><T57/><REACH who="0" step="1"/><D61/><REACH who="0" ten="242,220,250,268" step="2"/><U80/><E31/><V59/><AGARI ba="1,2" hai="0,1,4,7,8,9,41,45,48,49,53,54,55,59" machi="59" ten="20,8000,1" yaku="1,1,2,1,0,1,7,1,9,1,53,0" doraHai="83" doraHaiUra="71" who="2" fromWho="2" sc="242,-41,220,-21,250,103,268,-21" />
</Scene>
<Scene>
<INIT seed="5,0,0,2,3,61" ten="201,199,353,247" oya="1" hai0="29,25,79,13,92,0,64,55,98,75,115,97,16" hai1="102,110,31,89,9,84,108,39,120,26,83,93,8" hai2="2,126,96,1,103,58,101,130,72,19,11,67,81" hai3="49,52,94,42,5,100,85,65,35,45,106,6,34"/><U128/><E39/><V62/><F101/><W104/><G34/><T112/><D0/><U10/><E120/><V114/><F126/><W70/><G35/><T118/><D118/><U80/><E128/><V51/><F130/><W18/><G104/><T105/><D105/><U122/><E122/><V99/><F99/><W37/><G106/><T133/><D133/><U59/><E59/><V73/><F73/><W7/><G18/><T90/><D97/><U30/><E102/><V113/><F51/><W82/><G94/><T74/><D55/><U91/><E26/><V87/><F19/><W134/><G100/><T77/><D75/><U71/><E71/><V3/><F11/><W21/><G21/><N who="0" m="15535" /><D74/><U66/><E66/><V43/><F72/><W14/><G14/><T123/><D64/><U60/><E60/><V56/><F56/><N who="3" m="32783" /><G134/><T125/><D125/><U88/><E93/><V121/><F121/><W50/><G50/><T135/><D135/><U132/><E132/><V24/><F24/><W129/><G129/><T116/><D116/><U57/><E57/><V41/><F103/><W107/><G107/><T36/><D36/><U111/><E84/><V69/><F69/><W68/><G65/><T54/><D123/><U124/><REACH who="1" step="1"/><E124/><REACH who="1" ten="201,189,353,247" step="2"/><V86/><F87/><W117/><G117/><T33/><D92/><U109/><N who="1" m="27648" /><DORA hai="44" /><U17/><E17/><V23/><F86/><W78/><G68/><T32/><D16/><U28/><AGARI ba="0,1" hai="8,9,10,28,30,31,80,83,88,89,91" m="27648" machi="28" ten="70,48000,5" yakuman="40" doraHai="61,44" doraHaiUra="95,40" who="1" fromWho="1" sc="201,-160,189,490,353,-160,247,-160" />
</Scene>
<Scene>
<INIT seed="5,1,0,5,2,71" ten="41,679,193,87" oya="1" hai0="19,13,59,35,101,53,107,5,78,96,10,44,94" hai1="1,65,108,2,103,63,72,67,124,16,54,104,116" hai2="90,58,117,15,51,64,74,120,55,38,45,97,128" hai3="100,130,7,81,80,66,61,125,68,20,12,8,87"/><U9/><E116/><V77/><F117/><W49/><G130/><T48/><D35/><U82/><E124/><V23/><F120/><W29/><G125/><T79/><D107/><U88/><E54/><V89/><F128/><W56/><G100/><T126/><D126/><U57/><E67/><V25/><F74/><W27/><G68/><T11/><REACH who="0" step="1"/><D44/><REACH who="0" ten="31,679,193,87" step="2"/><U28/><E104/><V50/><F45/><W99/><G49/><T83/><D83/><U0/><E82/><N who="3" m="31850" /><G87/><T18/><D18/><U110/><E16/><V92/><F51/><W75/><G75/><T42/><D42/><U26/><E72/><V129/><F50/><W93/><G93/><T41/><D41/><U22/><E110/><V123/><F92/><W95/><G95/><T73/><D73/><U31/><E108/><V84/><F129/><W69/><G69/><T102/><D102/><U24/><E103/><V106/><F106/><W127/><G127/><T60/><D60/><U33/><REACH who="1" step="1"/><E88/><REACH who="1" ten="31,669,193,87" step="2"/><V37/><F90/><W34/><G99/><T3/><AGARI ba="1,2" hai="3,5,10,11,13,19,48,53,59,78,79,94,96,101" machi="3" ten="20,2700,0" yaku="1,1,0,1,7,1,53,0" doraHai="71" doraHaiUra="21" who="0" fromWho="0" sc="31,50,669,-14,193,-8,87,-8" />
</Scene>
<Scene>
<INIT seed="6,0,0,5,0,40" ten="81,655,185,79" oya="2" hai0="18,126,80,77,52,82,23,49,108,96,22,107,19" hai1="36,72,17,56,28,3,104,106,45,129,88,24,32" hai2="26,128,75,120,97,110,122,21,134,10,94,1,61" hai3="66,16,84,112,5,121,15,4,12,92,34,74,93"/><V78/><F128/><W89/><G74/><T99/><D108/><U47/><E72/><V86/><F75/><W68/><G121/><T100/><D126/><U131/><E3/><V124/><F124/><W38/><G34/><T35/><D35/><U125/><E36/><V43/><F134/><W2/><G2/><T44/><D96/><U103/><E103/><V48/><F48/><W25/><G38/><T81/><D77/><U62/><E17/><V59/><F94/><W109/><G112/><T58/><D22/><U79/><E79/><V53/><F10/><W0/><G0/><T71/><D71/><U117/><E117/><V20/><F1/><W29/><G109/><T51/><REACH who="0" step="1"/><D23/><REACH who="0" ten="71,655,185,79" step="2"/><U39/><E125/><V98/><F20/><N who="3" m="11295" /><G68/><T116/><D116/><U9/><E32/><V55/><F97/><W65/><G25/><T50/><D50/><U101/><E39/><V90/><F98/><W14/><G29/><T111/><D111/><U123/><E24/><V76/><F26/><W102/><G12/><T114/><D114/><U37/><E28/><V132/><F110/><W6/><G14/><T13/><D13/><U85/><E37/><V33/><F33/><W135/><G135/><T7/><D7/><U30/><E30/><V46/><F132/><W95/><G102/><T42/><AGARI ba="0,1" hai="18,19,42,44,49,51,52,58,80,81,82,99,100,107" machi="42" ten="30,8000,1" yaku="1,1,0,1,52,1,54,1,53,1" doraHai="40" doraHaiUra="54" who="0" fromWho="0" sc="71,90,655,-20,185,-40,79,-20" />
</Scene>
<Scene>
<INIT seed="7,0,0,0,1,132" ten="161,635,145,59" oya="3" hai0="102,51,94,135,85,97,112,88,78,12,10,46,126" hai1="107,22,28,6,44,29,101,67,118,56,21,81,100" hai2="63,32,123,65,18,95,116,98,5,109,55,70,84" hai3="42,27,41,53,121,8,90,58,73,66,4,104,35"/><W74/><G121/><T3/><D135/><U9/><E44/><V17/><F109/><W20/><G35/><T113/><D126/><U14/><E107/><V128/><F116/><W117/><G117/><T39/><D3/><U69/><E69/><V31/><F123/><W133/><G133/><T110/><D110/><U93/><E81/><V7/><F84/><W52/><G104/><T25/><D39/><U64/><E93/><V79/><F79/><W76/><G73/><T122/><D78/><U50/><E50/><V86/><F86/><W105/><G105/><T2/><D2/><U96/><E96/><V134/><F134/><W26/><G90/><T89/><D25/><N who="3" m="9225" /><G20/><N who="1" m="7786" /><E56/><N who="2" m="35231" /><F32/><W72/><G72/><T49/><D122/><U124/><E124/><V68/><F68/><W23/><G23/><T19/><D89/><U108/><E108/><V48/><F70/><W80/><G74/><T115/><D46/><U125/><E125/><V83/><F31/><N who="1" m="11849" /><E118/><V114/><F5/><W54/><G80/><AGARI ba="0,0" hai="10,12,19,49,51,80,85,88,94,97,102,112,113,115" machi="80" ten="40,5200,0" yaku="15,1,11,1,54,1" doraHai="132" who="0" fromWho="3" sc="161,52,635,0,145,0,59,-52" owari="213,1.0,635,73.0,145,-25.0,7,-49.0" />
</Scene>
</mjloggm>