<mjloggm ver="2.3"><GO type="169" lobby="0"/><UN n0="%E7%B7%92%E6%96%B9%E6%99%BA%E7%B5%B5%E9%87%8C%2B" n1="%E3%82%81%E3%81%8C%EF%BC%93" n2="%E3%81%99%E3%81%9A%E3%82%81%E3%82%AF%E3%83%AC%E3%82%A4%E3%82%B8%E3%83%BC" n3="%E3%82%B7%E3%83%AB%E3%83%93%E3%82%A3" dan="16,16,19,17" rate="2065.50,2118.18,2297.24,2214.27" sx="M,M,M,F"/><TAIKYOKU oya="0"/>

<Scene>
<INIT seed="0,0,0,2,5,53" ten="250,250,250,250" oya="0" hai0="25,23,38,21,17,77,131,2,101,36,88,35,100" hai1="123,20,6,132,11,124,50,103,80,74,47,118,109" hai2="51,79,27,91,1,9,99,13,128,69,83,7,135" hai3="37,122,63,102,133,89,72,66,85,81,24,113,125"/><T82/><D2/><U8/><E123/><V18/><F128/><W4/><G113/><T76/><D131/><U117/><E109/><V84/><F69/><W46/><G122/><T110/><D35/><U31/><E124/><V127/><F135/><W68/><G133/><T120/><D120/><U87/><E132/><V5/><F127/><W130/><G125/><T121/><D121/><U94/><E74/><V78/><F27/><W34/><G72/><T98/><D110/><U28/><E20/><V44/><F99/><W56/><G4/><T48/><D100/><U134/><E134/><V75/><F1/><W115/><G115/><T49/><D36/><U95/><E11/><V64/><F64/><W41/><G130/><T114/><D38/><U71/><E71/><V112/><F112/><W45/><G45/><T105/><D23/><U14/><E117/><V116/><F116/><W96/><G68/><T67/><D67/><U73/><E73/><V97/><F97/><W119/><G119/><T42/><D114/><U40/><E118/><V43/><F78/><W65/><G65/><T57/><D48/><U29/><REACH who="1" step="1"/><E103/><REACH who="1" ten="250,240,250,250" step="2"/><V129/><F129/><W3/><G34/><T19/><D21/><U58/><E58/><V10/><F10/><W92/><G24/><T111/><D57/><U59/><E59/><V86/><F75/><W108/><G108/><T60/><D111/><U39/><E39/><V16/><F7/><W104/><REACH who="3" step="1"/><G3/><REACH who="3" ten="250,240,250,240" step="2"/><T61/><D25/><U93/><E93/><AGARI ba="0,2" hai="5,9,13,16,18,43,44,51,79,83,84,86,91,93" machi="93" ten="30,8000,1" yaku="7,1,25,2,8,1,54,1" doraHai="53" who="2" fromWho="1" sc="250,0,240,-80,250,100,240,0" /><AGARI ba="0,0" hai="37,41,46,56,63,66,81,85,89,92,93,96,102,104" machi="93" ten="40,5200,0" yaku="1,1,2,1,52,1,53,0" doraHai="53" doraHaiUra="12" who="3" fromWho="1" sc="250,0,160,-52,350,0,240,52" />
</Scene>
<Scene>
<INIT seed="1,0,0,1,4,32" ten="250,108,350,292" oya="1" hai0="79,76,75,2,66,13,9,117,21,98,58,53,74" hai1="47,100,93,70,64,45,86,94,46,72,89,106,82" hai2="123,127,51,14,104,11,18,43,62,15,124,130,5" hai3="115,122,95,61,22,73,129,10,20,54,81,109,120"/><U77/><E93/><V31/><F104/><W118/><G115/><T65/><D117/><U7/><E7/><V16/><F123/><W49/><G118/><T121/><D121/><U101/><E101/><V24/><F62/><W107/><G107/><T102/><D75/><U25/><E25/><V29/><F51/><W56/><G109/><T119/><D119/><U42/><E64/><V88/><F43/><W6/><G129/><T91/><D91/><U125/><E125/><N who="2" m="48203" /><F88/><W34/><G34/><T132/><D65/><U55/><E55/><V27/><F130/><W78/><G95/><T135/><D66/><U90/><E90/><V103/><F103/><W12/><G22/><T71/><D21/><U1/><E70/><V23/><F15/><W41/><G61/><T113/><D71/><U112/><E112/><V48/><F48/><W38/><G38/><T105/><D13/><U87/><E87/><V116/><F116/><W28/><G41/><T17/><D113/><U52/><E52/><V69/><F69/><W128/><G128/><T97/><D53/><U96/><REACH who="1" step="1"/><E1/><REACH who="1" ten="250,98,350,292" step="2"/><V110/><F110/><W60/><G60/><T8/><D2/><U19/><E19/><V126/><F126/><W114/><G114/><T44/><D17/><U59/><E59/><V92/><F92/><W35/><G122/><T99/><D58/><U57/><E57/><V85/><F85/><W84/><G120/><T36/><D102/><U63/><E63/><V26/><F27/><N who="3" m="18847" /><G84/><T131/><D131/><U68/><E68/><V83/><F26/><W30/><G30/><N who="2" m="11273" /><F18/><W0/><G0/><RYUUKYOKU ba="0,1" sc="250,-30,98,10,350,10,292,10" hai1="42,45,46,47,72,77,82,86,89,94,96,100,106" hai2="5,11,14,16,23,24,83" hai3="6,10,12,20,49,54,56,73,78,81" />
</Scene>
<Scene>
<INIT seed="1,1,1,1,4,118" ten="220,108,360,302" oya="1" hai0="23,74,81,72,49,20,133,47,62,135,119,94,107" hai1="80,84,25,102,1,59,116,78,123,114,0,45,106" hai2="120,77,31,37,53,96,128,101,46,79,18,93,109" hai3="33,8,19,26,129,124,11,21,125,35,30,60,55"/><U66/><E116/><V112/><F120/><W76/><G76/><T12/><D107/><U14/><E114/><V56/><F109/><W92/><G92/><T43/><D119/><U10/><E123/><V61/><F128/><W48/><G60/><T7/><D94/><U9/><E25/><V91/><F31/><W132/><G129/><T85/><D62/><U32/><E32/><N who="3" m="12362" /><G55/><T16/><D7/><U15/><E0/><V131/><F131/><W122/><G48/><T68/><D23/><U50/><E1/><V29/><F29/><W34/><G132/><N who="0" m="50763" /><D68/><U73/><E106/><V5/><F5/><W75/><G75/><T57/><D57/><U36/><E73/><V70/><F70/><W126/><G122/><T54/><D43/><N who="1" m="24895" /><E102/><V108/><F112/><W89/><G89/><AGARI ba="1,1" hai="12,16,20,47,49,54,72,74,81,85,89" m="50763" machi="89" ten="30,2000,0" yaku="20,1,54,1" doraHai="118" who="0" fromWho="3" sc="220,33,108,0,360,0,302,-23" />
</Scene>
<Scene>
<INIT seed="2,0,0,2,0,19" ten="253,108,360,279" oya="2" hai0="55,103,117,26,77,33,81,115,44,92,58,36,2" hai1="1,17,59,7,5,0,109,102,15,74,39,30,87" hai2="20,108,16,133,128,83,66,73,50,61,131,52,135" hai3="94,29,21,70,10,6,38,12,72,47,68,43,71"/><V84/><F73/><W119/><G72/><T96/><D115/><U76/><E74/><V14/><F108/><W127/><G127/><T89/><D2/><U116/><E39/><V123/><F123/><W107/><G107/><T111/><D111/><U98/><E116/><V60/><F60/><W101/><G119/><T42/><D117/><U48/><E109/><V45/><F84/><W110/><G110/><T46/><D44/><U93/><E30/><V85/><F85/><W69/><G69/><T99/><D33/><U122/><E122/><V35/><F83/><W105/><G105/><T121/><D121/><U78/><E0/><V120/><F35/><W37/><G37/><T49/><D26/><U75/><E1/><V53/><F53/><W57/><G57/><T106/><D81/><N who="1" m="47543" /><E76/><V86/><F86/><W41/><G41/><T65/><D77/><U82/><E82/><V113/><F113/><W130/><G130/><N who="2" m="49705" /><F120/><W34/><G34/><T32/><D32/><U13/><E75/><V90/><F90/><W114/><G114/><T27/><D27/><U11/><E15/><V62/><F62/><W79/><G79/><T88/><D65/><U31/><E31/><V28/><F28/><W25/><G71/><AGARI ba="0,0" hai="14,16,20,45,50,52,61,66,71,133,135" m="49705" machi="71" ten="30,11600,0" yaku="19,1,52,1,54,2" doraHai="19" who="2" fromWho="3" sc="253,0,108,0,360,116,279,-116" />
</Scene>
<Scene>
<INIT seed="2,1,0,1,2,12" ten="253,108,476,163" oya="2" hai0="60,106,30,72,107,70,45,58,74,98,19,126,124" hai1="93,13,6,94,114,26,100,38,4,103,112,2,127" hai2="68,10,61,76,120,75,24,133,81,102,21,29,28" hai3="79,119,53,80,42,129,69,33,122,115,63,49,15"/><V35/><F133/><W22/><G33/><T39/><D30/><U47/><E127/><N who="0" m="48681" /><D70/><U111/><E111/><V7/><F120/><W8/><G122/><T101/><D106/><U54/><E2/><V50/><F102/><W55/><G119/><T18/><D39/><U1/><E1/><V3/><F50/><W17/><G129/><T130/><D130/><U132/><E132/><V83/><F81/><W46/><G115/><T59/><D45/><U85/><E26/><V71/><F29/><W113/><G113/><T77/><D59/><U64/><E64/><V121/><F121/><W92/><G92/><T104/><D104/><U128/><E128/><V89/><F89/><W123/><G123/><T78/><D78/><U43/><E94/><V11/><F11/><W16/><G69/><T87/><D87/><U20/><E112/><V34/><F68/><W65/><G65/><N who="0" m="39063" /><D77/><U90/><E114/><V110/><F110/><W86/><G63/><T62/><D62/><U31/><E54/><V95/><F95/><W88/><G79/><T109/><D109/><U48/><E38/><V14/><F61/><W57/><G57/><T73/><AGARI ba="1,0" hai="18,19,72,73,74,98,101,107" m="39063,48681" machi="73" ten="40,5200,0" yaku="18,1,52,2" doraHai="12" who="0" fromWho="0" sc="253,55,108,-14,476,-27,163,-14" />
</Scene>
<Scene>
<INIT seed="3,0,0,5,2,125" ten="308,94,449,149" oya="3" hai0="133,57,53,101,84,82,21,96,49,23,112,29,80" hai1="130,62,79,40,56,99,36,65,70,66,42,13,54" hai2="91,16,24,46,94,6,81,15,108,27,26,18,103" hai3="1,3,67,8,12,76,115,63,58,106,122,72,104"/><W100/><G115/><T14/><D133/><U11/><E79/><V131/><F131/><W20/><G122/><T127/><D127/><U25/><E25/><V85/><F108/><W75/><G20/><T113/><D29/><U7/><E130/><V102/><F46/><W30/><G30/><T87/><D87/><U59/><E36/><V119/><F119/><W90/><G90/><T73/><D73/><U107/><E70/><V124/><F124/><W135/><G135/><T120/><D120/><U10/><E65/><V38/><F38/><W64/><G100/><N who="2" m="38441" /><F81/><W32/><G32/><T69/><D69/><U93/><E11/><AGARI ba="0,0" hai="6,11,15,16,18,24,26,27,85,91,94" m="38441" machi="11" ten="30,2000,0" yaku="8,1,54,1" doraHai="125" who="2" fromWho="1" sc="308,0,94,-20,449,20,149,0" />
</Scene>
<Scene>
<INIT seed="4,0,0,5,3,10" ten="308,74,469,149" oya="0" hai0="104,95,45,1,86,29,41,59,23,7,18,110,75" hai1="64,108,33,105,118,130,107,32,80,127,17,0,134" hai2="69,135,61,81,68,99,96,49,21,72,60,65,74" hai3="83,71,124,102,63,112,117,28,50,73,11,121,115"/><T126/><D104/><U79/><E118/><V91/><F135/><W20/><G117/><T120/><D120/><U97/><E108/><V94/><F49/><W19/><G121/><T13/><D110/><U48/><E134/><V36/><F36/><W93/><G124/><T42/><D75/><U54/><E0/><V46/><F46/><W132/><G132/><T78/><D126/><U101/><E127/><V27/><F81/><W100/><G28/><T5/><D29/><U16/><E107/><V52/><F99/><W103/><G11/><T123/><D123/><U131/><E64/><V34/><F34/><W98/><G50/><N who="0" m="26927" /><D1/><U84/><E32/><V87/><F87/><W51/><G51/><T44/><D59/><U116/><E33/><V67/><F52/><W12/><G83/><N who="0" m="47479" /><D95/><U109/><E109/><V38/><F38/><W31/><G73/><T66/><D66/><U89/><E116/><V128/><F128/><N who="1" m="49193" /><E79/><V82/><F82/><W111/><G111/><T24/><D42/><U26/><E26/><V122/><F122/><W133/><G133/><T114/><D114/><N who="3" m="43561" /><G31/><AGARI ba="0,0" hai="21,27,31,60,61,65,67,68,69,72,74,91,94,96" machi="31" ten="30,2000,0" yaku="7,1,9,1" doraHai="10" who="2" fromWho="3" sc="308,0,74,0,469,20,149,-20" />
</Scene>
<Scene>
<INIT seed="5,0,0,2,2,108" ten="308,74,489,129" oya="1" hai0="38,127,35,68,104,116,16,102,121,126,101,54,134" hai1="28,83,117,71,110,30,67,17,118,128,31,24,1" hai2="56,7,20,119,29,89,65,91,36,82,51,70,133" hai3="114,33,95,92,96,124,32,66,22,45,69,46,44"/><U61/><E128/><V62/><F133/><W57/><G124/><T85/><D116/><U19/><E110/><V129/><F36/><W12/><G69/><T47/><D134/><U76/><E1/><V43/><F7/><W23/><G12/><T115/><D68/><U63/><E63/><V94/><F119/><W8/><G8/><T123/><D35/><U64/><E64/><V130/><F82/><W18/><G18/><T41/><D54/><U86/><REACH who="1" step="1"/><E17/><REACH who="1" ten="308,64,489,129" step="2"/><V106/><F62/><W125/><G66/><T73/><D16/><U79/><E79/><V111/><F65/><W37/><G125/><T113/><D127/><U11/><E11/><V0/><F0/><W58/><G37/><T9/><D126/><U3/><E3/><V52/><F111/><W103/><G114/><T107/><D9/><U10/><E10/><V84/><F129/><W2/><G2/><T81/><D113/><U39/><E39/><V14/><F130/><W135/><G135/><T34/><D115/><U55/><E55/><V88/><F52/><W25/><G25/><T105/><D38/><U80/><E80/><V90/><F14/><W97/><G45/><T21/><D81/><U93/><E93/><V131/><F94/><W60/><G60/><T13/><D47/><U53/><E53/><V26/><F131/><W100/><AGARI ba="0,1" hai="22,23,32,33,44,46,57,58,92,95,96,97,100,103" machi="100" ten="25,3200,0" yaku="0,1,22,2" doraHai="108" who="3" fromWho="3" sc="308,-8,64,-16,489,-8,129,42" />
</Scene>
<Scene>
<INIT seed="6,0,0,3,3,88" ten="300,48,481,171" oya="2" hai0="78,67,129,47,98,116,8,6,118,122,115,125,0" hai1="52,25,133,54,3,63,96,94,13,69,99,12,102" hai2="86,34,80,31,121,38,51,100,58,60,59,50,79" hai3="106,111,72,124,87,40,75,105,61,131,109,16,110"/><V70/><F38/><W55/><G40/><T135/><D122/><U81/><E133/><V68/><F100/><W20/><G124/><T73/><D125/><U84/><E3/><V114/><F114/><W90/><G131/><T92/><D129/><U39/><E39/><V108/><F108/><W120/><G120/><T33/><D33/><U18/><E69/><V26/><F121/><W21/><G61/><T24/><D24/><U1/><E1/><V32/><F32/><W56/><G56/><T19/><D115/><U107/><E25/><V128/><F128/><W66/><G66/><T37/><D67/><U127/><E127/><V119/><F119/><W76/><G76/><T42/><D19/><U44/><E44/><V57/><F68/><W97/><G55/><T104/><D104/><U10/><E12/><V123/><F123/><W82/><G21/><T46/><D46/><U77/><REACH who="1" step="1"/><E63/><REACH who="1" ten="300,38,481,171" step="2"/><V74/><F70/><W45/><G45/><T49/><D135/><U22/><E22/><V113/><F60/><W29/><G20/><T89/><D49/><U5/><E5/><V43/><F113/><W103/><G110/><T126/><D126/><U9/><E9/><V93/><F50/><W53/><G111/><T85/><D47/><U28/><E28/><V2/><F51/><W91/><G29/><T17/><D8/><U112/><E112/><V36/><F2/><W41/><G109/><T23/><D0/><U64/><E64/><V117/><F36/><W95/><G41/><T4/><D42/><U48/><E48/><V27/><F43/><W134/><G134/><RYUUKYOKU ba="0,1" sc="300,-10,38,30,481,-10,171,-10" hai1="10,13,18,52,54,77,81,84,94,96,99,102,107" />
</Scene>
<Scene>
<INIT seed="7,1,1,3,5,52" ten="290,68,471,161" oya="3" hai0="25,133,56,112,62,128,45,8,101,118,32,63,49" hai1="98,61,106,60,121,54,33,126,82,42,125,26,84" hai2="122,58,15,44,81,11,5,23,103,74,134,73,13" hai3="115,76,22,7,43,3,66,89,48,20,113,90,97"/><W28/><G76/><T29/><D118/><U16/><E121/><V83/><F103/><W67/><G7/><T57/><D133/><U47/><E33/><V94/><F94/><W109/><G3/><T4/><D128/><U10/><E98/><V104/><F104/><W117/><G117/><T92/><D112/><U12/><E106/><V120/><F23/><W110/><G48/><T100/><D92/><U0/><E0/><V30/><F30/><W91/><G91/><T114/><D114/><U64/><E26/><V46/><F11/><W119/><G119/><T80/><D80/><U21/><E54/><V41/><F41/><W93/><G43/><T6/><D6/><U55/><E21/><V135/><F5/><W51/><G93/><T70/><D70/><U34/><E34/><V102/><F102/><W96/><G28/><T105/><D105/><U77/><E55/><V107/><F107/><W1/><G1/><T78/><D78/><U27/><E27/><V9/><F9/><W24/><G24/><T123/><D123/><U59/><REACH who="1" step="1"/><E61/><REACH who="1" ten="290,58,471,161" step="2"/><V68/><F120/><W111/><G111/><T40/><D63/><U37/><AGARI ba="1,2" hai="10,12,16,37,42,47,59,60,64,77,82,84,125,126" machi="37" ten="30,8000,1" yaku="1,1,2,1,0,1,52,1,54,1,53,0" doraHai="52" doraHaiUra="124" who="1" fromWho="1" sc="290,-21,58,103,471,-21,161,-41" owari="269,7.0,161,-24.0,450,55.0,120,-38.0" />
</Scene>
</mjloggm>