<mjloggm ver="2.3"><GO type="169" lobby="0"/><UN n0="%72%6F%6F%74%21" n1="%4F%4E%41%4B%41%4E" n2="%E3%81%99%E3%81%9A%E3%82%81%E3%82%AF%E3%83%AC%E3%82%A4%E3%82%B8%E3%83%BC" n3="%CE%BC%E3%81%97%E3%82%82%E3%81%A7" dan="16,16,19,17" rate="2101.02,2069.09,2272.48,2192.04" sx="M,M,M,M"/><TAIKYOKU oya="0"/>

<Scene>
<INIT seed="0,0,0,0,5,43" ten="250,250,250,250" oya="0" hai0="33,66,128,116,29,53,87,73,107,36,21,64,25" hai1="16,48,60,121,120,51,59,102,80,18,32,134,45" hai2="23,20,126,38,7,67,103,94,97,91,100,117,133" hai3="113,122,68,61,71,4,118,104,82,65,89,12,74"/><T127/><D116/><U46/><E32/><V123/><F123/><W81/><G118/><T92/><D73/><U19/><E134/><V42/><F126/><W27/><G113/><T1/><D107/><U124/><E124/><V101/><F133/><W130/><G104/><T63/><D127/><U83/><E102/><V30/><F7/><W111/><G122/><T131/><D1/><U78/><E121/><V5/><F5/><W88/><G130/><N who="0" m="49707" /><D36/><U96/><E96/><V34/><F67/><W95/><G74/><T15/><D53/><N who="1" m="33903" /><E120/><V3/><F3/><W49/><G71/><T105/><D105/><U109/><E109/><V85/><F117/><W135/><G111/><T0/><D0/><U62/><E62/><V69/><F69/><W76/><G135/><T108/><D108/><U11/><E11/><V84/><F34/><W56/><G76/><T28/><D28/><U2/><E2/><V115/><F30/><W93/><G68/><T22/><D15/><U110/><E110/><V31/><F31/><W41/><G27/><T125/><D125/><U8/><E8/><V39/><F39/><W99/><G12/><T114/><D114/><U35/><E35/><V50/><F38/><W24/><G24/><T17/><D17/><U77/><E77/><V90/><F115/><W26/><G26/><T55/><D55/><N who="1" m="30095" /><E78/><V58/><F42/><AGARI ba="0,0" hai="16,18,19,42,46,51,80,83" m="30095,33903" machi="42" ten="30,7700,0" yaku="8,1,52,2,54,1" doraHai="43" who="1" fromWho="2" sc="250,0,250,77,250,-77,250,0" />
</Scene>
<Scene>
<INIT seed="1,0,0,3,5,135" ten="250,327,173,250" oya="1" hai0="41,90,129,109,61,5,74,124,43,115,125,99,6" hai1="25,79,131,91,19,18,32,77,126,20,116,133,48" hai2="123,2,101,100,112,4,88,7,14,121,42,97,30" hai3="89,64,45,60,113,75,37,8,40,15,1,95,107"/><U69/><E69/><V66/><F2/><W102/><G113/><T65/><D115/><U22/><E116/><V10/><F112/><W76/><G1/><T122/><D74/><U63/><E32/><V71/><F42/><N who="0" m="15882" /><D109/><U24/><E133/><V55/><F30/><W96/><G75/><T50/><D122/><U23/><E131/><V52/><F71/><W0/><G76/><N who="1" m="29258" /><E63/><V16/><F66/><W21/><G0/><T34/><D34/><U12/><E48/><V17/><F123/><W35/><G35/><T57/><D50/><U70/><E91/><V134/><F134/><W117/><G21/><N who="1" m="8298" /><E70/><V82/><F121/><W67/><G117/><T105/><D129/><U98/><E98/><V93/><F17/><W73/><G73/><T59/><D59/><U80/><E80/><V47/><F47/><W130/><G130/><T127/><D90/><U27/><E126/><V58/><F55/><W81/><G81/><T3/><D3/><U68/><E68/><V118/><F118/><W49/><G37/><T13/><D13/><U56/><E56/><V110/><F110/><W119/><G119/><T132/><D132/><U72/><E72/><V85/><F101/><AGARI ba="0,0" hai="5,6,57,61,65,99,101,105,124,125,127" m="15882" machi="101" ten="40,8000,1" yaku="18,1,52,3" doraHai="135" who="0" fromWho="2" sc="250,80,327,0,173,-80,250,0" />
</Scene>
<Scene>
<INIT seed="2,0,0,4,2,51" ten="330,327,93,250" oya="2" hai0="129,87,61,5,48,126,55,10,93,39,80,109,23" hai1="116,94,9,108,34,59,83,119,104,101,111,32,96" hai2="82,125,100,66,2,54,19,37,105,107,79,12,42" hai3="70,64,75,130,31,135,62,63,71,113,131,112,6"/><V7/><F66/><N who="3" m="41303" /><G6/><T27/><D109/><N who="1" m="42059" /><E83/><V85/><F125/><W122/><G31/><T29/><D126/><U15/><E59/><V120/><F120/><W81/><G75/><T13/><D129/><N who="3" m="49161" /><G81/><T76/><D39/><U98/><E34/><V36/><F42/><W73/><G73/><T118/><D61/><U26/><E26/><V128/><F128/><W11/><G11/><T115/><D118/><U106/><E32/><V58/><F7/><W24/><G24/><T117/><D115/><N who="3" m="44105" /><G135/><T43/><D117/><N who="1" m="45131" /><E98/><V110/><F2/><W50/><G50/><T8/><D8/><U89/><E89/><V4/><F110/><W102/><G102/><T133/><D133/><U134/><E134/><V123/><F4/><AGARI ba="0,0" hai="4,9,15,94,96,101,104,106" m="45131,42059" machi="4" ten="30,1000,0" yaku="14,1" doraHai="51" who="1" fromWho="2" sc="330,0,327,10,93,-10,250,0" />
</Scene>
<Scene>
<INIT seed="3,0,0,1,0,76" ten="330,337,83,250" oya="3" hai0="13,9,21,98,34,50,6,75,110,86,45,105,12" hai1="14,24,3,103,71,17,56,15,89,114,94,133,46" hai2="42,30,41,39,59,1,49,73,43,102,112,101,55" hai3="57,19,99,36,27,22,7,10,125,53,135,47,93"/><W104/><G125/><T58/><D110/><U5/><E71/><V79/><F1/><W70/><G135/><T69/><D69/><U2/><E114/><V78/><F112/><W91/><G70/><T120/><D120/><U48/><E103/><V109/><F39/><W126/><G126/><T118/><D118/><U115/><E115/><V16/><F109/><W74/><G104/><T26/><D75/><U88/><E56/><V25/><F30/><W4/><G74/><T100/><D34/><U122/><E122/><V28/><F28/><W67/><G67/><T60/><D86/><U35/><E89/><V31/><F31/><W77/><G77/><N who="2" m="29193" /><F73/><W130/><G130/><T124/><D124/><U127/><E35/><V121/><F121/><W20/><G20/><AGARI ba="0,0" hai="16,20,25,41,42,43,49,55,59,101,102" m="29193" machi="20" ten="30,2000,0" yaku="8,1,54,1" doraHai="76" who="2" fromWho="3" sc="330,0,337,0,83,20,250,-20" />
</Scene>
<Scene>
<INIT seed="4,0,0,2,4,71" ten="330,337,103,230" oya="0" hai0="128,59,131,35,116,115,123,30,46,48,86,18,78" hai1="95,55,11,15,57,34,2,64,88,117,25,19,97" hai2="49,80,42,67,72,134,43,82,58,41,1,118,60" hai3="85,106,83,119,120,99,101,26,84,91,81,108,66"/><T51/><D116/><U32/><E117/><V28/><F1/><W129/><G119/><T22/><D123/><U33/><E2/><V53/><F134/><W113/><G66/><T6/><D115/><U76/><E76/><V104/><F104/><W69/><G69/><T36/><D6/><U20/><E64/><V130/><F72/><W0/><G0/><T93/><D30/><U13/><REACH who="1" step="1"/><E11/><REACH who="1" ten="330,327,103,230" step="2"/><V23/><F118/><W63/><G120/><T3/><D3/><U135/><E135/><V105/><F130/><W114/><G129/><T92/><D78/><U8/><E8/><V10/><F10/><W121/><G121/><T125/><D131/><U31/><E31/><V56/><F105/><W132/><G132/><T39/><D128/><U9/><E9/><V50/><F28/><W127/><G106/><T17/><D35/><U7/><E7/><V37/><F23/><W75/><G114/><T107/><D107/><U40/><E40/><N who="2" m="15467" /><F82/><W77/><G81/><T52/><D22/><U89/><E89/><V61/><F80/><W45/><G83/><T68/><D93/><U126/><E126/><V110/><F110/><W102/><G108/><T54/><D125/><U44/><E44/><AGARI ba="0,1" hai="37,43,44,49,50,53,56,58,60,61,67" m="15467" machi="44" ten="30,12000,2" yaku="35,5,52,1" doraHai="71" who="2" fromWho="1" sc="330,0,327,-120,103,130,230,0" />
</Scene>
<Scene>
<INIT seed="5,0,0,1,5,110" ten="330,207,233,230" oya="1" hai0="66,113,58,101,54,104,8,37,62,85,79,6,83" hai1="112,130,74,70,33,24,94,49,36,22,76,67,96" hai2="115,9,121,19,107,0,31,120,123,1,65,87,27" hai3="7,68,122,34,40,3,32,132,128,23,50,81,75"/><U86/><E36/><V73/><F73/><W18/><G68/><T134/><D113/><U135/><E33/><N who="3" m="12906" /><G50/><T106/><D134/><U108/><E108/><V77/><F107/><W20/><G40/><T129/><D129/><U93/><E74/><V127/><F65/><W28/><G81/><T12/><D37/><U16/><E135/><V61/><F61/><W52/><G52/><T90/><D101/><U69/><E130/><V44/><F44/><W102/><G102/><T71/><D90/><U80/><E112/><V48/><F48/><AGARI ba="0,0" hai="6,8,12,48,54,58,62,66,71,79,83,85,104,106" machi="48" ten="30,1000,0" yaku="7,1" doraHai="110" who="0" fromWho="2" sc="330,10,207,0,233,-10,230,0" />
</Scene>
<Scene>
<INIT seed="6,0,0,2,4,75" ten="340,207,223,230" oya="2" hai0="87,1,15,96,3,130,54,85,13,11,0,27,17" hai1="71,84,123,14,24,2,128,118,124,18,93,74,111" hai2="31,47,45,19,39,110,79,46,99,108,29,40,82" hai3="131,41,114,134,66,78,100,72,20,51,127,36,88"/><V62/><F99/><W26/><G36/><T91/><D130/><U50/><E74/><V129/><F129/><W80/><G131/><T102/><D27/><U120/><E2/><V65/><F19/><W34/><G34/><T9/><D54/><U8/><E128/><V56/><F39/><W53/><G41/><T48/><D48/><U81/><E71/><V60/><F60/><W83/><G100/><T76/><D76/><N who="1" m="46119" /><E111/><N who="2" m="42539" /><F40/><W121/><G66/><T23/><D91/><U44/><E118/><V122/><F122/><N who="1" m="46633" /><E124/><V112/><F112/><W70/><G127/><T90/><D90/><U106/><E106/><V132/><F132/><W125/><G114/><T109/><D109/><U57/><E93/><V135/><F135/><W38/><G70/><T64/><D1/><U117/><E117/><V52/><F65/><W5/><G38/><T21/><D64/><U86/><E86/><AGARI ba="0,0" hai="29,31,45,46,47,52,56,62,79,82,86" m="42539" machi="86" ten="30,5800,0" yaku="10,1,52,1,54,1" doraHai="75" who="2" fromWho="1" sc="340,0,207,-58,223,58,230,0" />
</Scene>
<Scene>
<INIT seed="6,1,0,4,0,45" ten="340,149,281,230" oya="2" hai0="42,59,55,130,117,27,50,134,79,121,133,78,106" hai1="11,115,46,24,70,43,108,18,41,0,65,17,10" hai2="99,74,124,66,85,34,30,39,2,64,119,20,15" hai3="89,132,68,9,103,26,128,14,105,109,48,77,71"/><V118/><F74/><W94/><G109/><T120/><D117/><U88/><E108/><V4/><F39/><W104/><G77/><N who="0" m="29195" /><D106/><U62/><E115/><V58/><F124/><W80/><G132/><N who="0" m="50795" /><D130/><U82/><E41/><V35/><F2/><W56/><G128/><T54/><D42/><U110/><E110/><V60/><F85/><W111/><G80/><T131/><D131/><U3/><E24/><V7/><F99/><W87/><G26/><T38/><D38/><U81/><E81/><V25/><F25/><W126/><G126/><T129/><D129/><U28/><E28/><V1/><F1/><W84/><G84/><T113/><D113/><U100/><E100/><V123/><F15/><W76/><G76/><T44/><D27/><U63/><E63/><AGARI ba="1,0" hai="44,50,54,55,59,63,120,121" m="50795,29195" machi="63" ten="30,2000,0" yaku="20,1,52,1" doraHai="45" who="0" fromWho="1" sc="340,23,149,-23,281,0,230,0" />
</Scene>
<Scene>
<INIT seed="7,0,0,1,1,62" ten="363,126,281,230" oya="3" hai0="78,123,119,49,2,39,130,1,38,128,42,20,50" hai1="126,52,6,54,122,96,18,46,0,24,59,80,29" hai2="60,7,100,129,127,111,10,13,19,53,82,124,102" hai3="58,51,43,37,17,64,99,22,31,63,73,84,33"/><W23/><G73/><T66/><D119/><U76/><E122/><V71/><F129/><N who="0" m="49770" /><D78/><U61/><E126/><N who="2" m="48171" /><F111/><W28/><G37/><T36/><D66/><U87/><E18/><V21/><F82/><W30/><G33/><T121/><D20/><U114/><E114/><V98/><F98/><W88/><G99/><T79/><D79/><U109/><E109/><V68/><F53/><W72/><G72/><T11/><D11/><U110/><E110/><V57/><F57/><W12/><G23/><T44/><D49/><U45/><E54/><V69/><F60/><W65/><G63/><T41/><D41/><U89/><E0/><AGARI ba="0,0" hai="0,7,10,13,19,21,68,69,71,100,102" m="48171" machi="0" ten="40,1300,0" yaku="18,1" doraHai="62" who="2" fromWho="1" sc="363,0,126,-13,281,13,230,0" /><AGARI ba="0,0" hai="0,1,2,36,38,39,42,44,50,121,123" m="49770" machi="0" ten="40,1300,0" yaku="19,1" doraHai="62" who="0" fromWho="1" sc="363,13,113,-13,294,0,230,0" owari="376,48.0,100,-40.0,294,9.0,230,-17.0" />
</Scene>
</mjloggm>