<mjloggm ver="2.3"><GO type="169" lobby="0"/><UN n0="%61%76%71%38%37%30%30%33" n1="%E3%81%99%E3%81%9A%E3%82%81%E3%82%AF%E3%83%AC%E3%82%A4%E3%82%B8%E3%83%BC" n2="%E6%99%AE%E8%B3%A2" n3="%E7%A5%9E%E5%A8%81%E9%BA%97%E7%92%83" dan="16,19,16,16" rate="2046.04,2286.74,2149.75,2124.54" sx="M,M,F,M"/><TAIKYOKU oya="0"/>

<Scene>
<INIT seed="0,0,0,4,1,98" ten="250,250,250,250" oya="0" hai0="106,18,84,69,2,88,36,78,82,29,55,44,53" hai1="35,37,38,64,133,22,112,15,75,103,14,119,128" hai2="130,43,86,104,134,49,12,127,59,23,70,73,117" hai3="66,99,24,97,0,6,91,9,79,87,42,48,120"/><T72/><D2/><U19/><E75/><V25/><F73/><W93/><G120/><T111/><D69/><U45/><E119/><V16/><F117/><W40/><G66/><T28/><D106/><U4/><E35/><V92/><F104/><W129/><G129/><T90/><D111/><U121/><E64/><V11/><F130/><W56/><G79/><T34/><D34/><U116/><E121/><V101/><F127/><W107/><G24/><T126/><D126/><U3/><E3/><V62/><F134/><W100/><REACH who="3" step="1"/><G99/><REACH who="3" ten="250,250,250,240" step="2"/><T125/><D125/><U33/><E128/><V41/><F70/><W51/><G51/><T10/><D36/><U1/><E37/><V81/><F49/><W68/><G68/><T47/><D78/><U80/><E38/><V102/><F62/><W123/><G123/><T54/><D72/><U61/><E61/><V76/><F59/><W20/><G20/><T74/><D74/><U8/><E22/><V109/><F109/><W95/><G95/><T85/><D10/><U108/><E33/><V60/><F60/><W122/><G122/><T96/><D96/><U13/><E8/><V17/><F92/><W63/><G63/><T39/><D39/><U110/><E110/><V113/><F113/><W77/><G77/><T115/><D115/><U52/><E112/><V131/><F131/><W5/><G5/><T30/><REACH who="0" step="1"/><D18/><REACH who="0" ten="240,250,250,240" step="2"/><U118/><E19/><V65/><F65/><W83/><G83/><AGARI ba="0,2" hai="28,29,30,44,47,53,54,55,82,83,84,85,88,90" machi="83" ten="40,12000,1" yaku="1,1,2,1,9,1,8,1,54,1,53,0" doraHai="98" doraHaiUra="132" who="0" fromWho="3" sc="240,140,250,0,250,0,240,-120" />
</Scene>
<Scene>
<INIT seed="0,1,0,5,5,37" ten="380,250,250,120" oya="0" hai0="93,19,8,70,40,15,46,82,66,6,80,78,7" hai1="59,135,81,52,51,105,114,55,17,86,68,50,41" hai2="63,53,43,12,88,115,1,13,71,94,44,91,20" hai3="34,130,4,0,5,57,38,54,113,117,48,107,2"/><T132/><D132/><U60/><E105/><V121/><F121/><W75/><G113/><T129/><D129/><U89/><E135/><V29/><F115/><W77/><G117/><T28/><D28/><U120/><E120/><V128/><F1/><W35/><G130/><T76/><D70/><U97/><E114/><V134/><F134/><W125/><G107/><T56/><D93/><U67/><E97/><V36/><F128/><W119/><G119/><T62/><D82/><U87/><E87/><V33/><F33/><W23/><G125/><T85/><REACH who="0" step="1"/><D76/><REACH who="0" ten="370,250,250,120" step="2"/><U90/><E68/><V61/><F71/><W25/><G77/><T126/><D126/><U39/><E89/><V18/><F91/><W83/><G83/><T99/><D99/><U111/><E90/><V24/><F88/><W69/><G69/><T10/><D10/><U95/><E95/><V84/><F94/><W112/><G112/><T108/><D108/><U100/><E111/><V106/><F106/><W72/><G35/><T116/><D116/><U124/><E124/><V133/><F133/><W42/><G34/><T101/><D101/><U131/><E100/><V96/><F96/><W32/><G32/><T27/><D27/><U49/><E131/><V79/><F79/><W102/><G25/><T127/><D127/><U110/><E110/><V109/><F109/><W58/><G102/><T98/><D98/><U3/><E81/><V65/><F84/><W118/><G118/><T123/><D123/><U9/><E9/><V74/><F29/><W103/><G103/><T22/><D22/><U122/><E122/><RYUUKYOKU ba="1,1" sc="370,30,250,-10,250,-10,120,-10" hai0="6,7,8,15,19,40,46,56,62,66,78,80,85" />
</Scene>
<Scene>
<INIT seed="0,2,1,3,2,51" ten="400,240,240,110" oya="0" hai0="43,75,66,59,94,13,95,39,88,73,117,49,129" hai1="74,31,67,77,54,128,125,10,48,30,111,133,115" hai2="127,90,53,55,36,89,110,46,69,105,93,47,135" hai3="81,38,9,109,82,23,65,123,79,18,62,131,100"/><T28/><D117/><U61/><E111/><V99/><F69/><W84/><G109/><T6/><D28/><U42/><E128/><V107/><F110/><W17/><G131/><T103/><D129/><U35/><E133/><V134/><F127/><W121/><G38/><T22/><D95/><U97/><E42/><V20/><F20/><W4/><G100/><T76/><D103/><U0/><E35/><V87/><F36/><W116/><G116/><T40/><D39/><U118/><E115/><V91/><F91/><W85/><G123/><T50/><D75/><U60/><E97/><V5/><F5/><W98/><G121/><T44/><D76/><U112/><E74/><V15/><F15/><W32/><G32/><T108/><D73/><U34/><E77/><V24/><F24/><W45/><G98/><T16/><D108/><U71/><E34/><V8/><F8/><W132/><G132/><N who="2" m="50729" /><F107/><W29/><G29/><T130/><D130/><U37/><E125/><V114/><F114/><W113/><G113/><T122/><D122/><U104/><E104/><V52/><F105/><W7/><G23/><T72/><D72/><U33/><E33/><V58/><F58/><N who="3" m="37079" /><G45/><N who="0" m="25767" /><D6/><N who="3" m="2089" /><G9/><T27/><D27/><U106/><E106/><V78/><F78/><AGARI ba="2,1" hai="17,18,78,79,81,82,84,85" m="2089,37079" machi="78" ten="30,1000,0" yaku="8,1" doraHai="51" who="3" fromWho="2" sc="400,0,240,0,240,-16,110,26" />
</Scene>
<Scene>
<INIT seed="1,0,0,5,0,80" ten="400,240,224,136" oya="1" hai0="46,122,58,2,131,102,132,115,134,54,43,107,101" hai1="84,25,73,126,66,108,113,110,114,42,97,85,119" hai2="70,45,65,75,28,27,69,105,7,39,24,100,111" hai3="88,20,118,96,52,18,5,127,129,87,44,22,135"/><U26/><E73/><V8/><F75/><W32/><G32/><T14/><D2/><U12/><E42/><V50/><F111/><N who="1" m="42537" /><E119/><V60/><F39/><W36/><G118/><T98/><D102/><U33/><E126/><V31/><F70/><W91/><G127/><T103/><D103/><U56/><E97/><V78/><F78/><W81/><G135/><N who="0" m="51755" /><D115/><N who="1" m="44043" /><E12/><V21/><F100/><W106/><G129/><T124/><D14/><U55/><E66/><V74/><F74/><W77/><G5/><T47/><D43/><U0/><E0/><V29/><F105/><W130/><G130/><T64/><D64/><U30/><E26/><V41/><REACH who="2" step="1"/><F27/><REACH who="2" ten="400,240,214,136" step="2"/><W83/><G36/><T35/><D131/><U82/><E82/><V89/><F89/><N who="3" m="34379" /><G106/><T63/><D107/><U125/><E125/><V109/><F109/><W13/><G96/><T9/><D124/><U116/><E116/><V128/><F128/><W104/><G83/><T99/><D101/><U57/><E57/><V10/><F10/><N who="3" m="6455" /><G104/><T117/><D117/><U62/><AGARI ba="0,1" hai="25,30,33,55,56,62,84,85" m="44043,42537" machi="62" ten="30,11700,0" yaku="14,1,10,1,52,2" doraHai="80" who="1" fromWho="1" sc="400,-39,240,127,214,-39,136,-39" />
</Scene>
<Scene>
<INIT seed="1,1,0,2,4,129" ten="361,367,175,97" oya="1" hai0="83,24,54,125,36,81,119,112,103,91,43,7,74" hai1="34,99,45,115,14,26,111,0,57,62,100,96,25" hai2="32,88,20,46,80,75,39,55,35,13,22,29,53" hai3="92,122,78,42,3,47,38,52,110,114,82,66,133"/><U86/><E0/><V90/><F75/><W40/><G122/><T31/><D103/><U87/><E115/><V44/><F39/><W63/><G114/><T132/><D74/><U6/><E34/><V41/><F41/><W128/><G128/><T123/><D7/><U27/><E45/><V51/><F80/><W121/><G121/><T108/><D119/><U85/><E100/><V107/><F107/><W105/><G105/><T30/><D30/><U73/><E73/><V106/><F106/><W19/><G110/><T64/><D64/><U126/><E126/><V23/><F13/><W127/><G127/><T104/><D104/><U68/><E68/><V70/><F70/><W56/><G3/><T77/><D77/><U37/><E37/><V102/><F102/><W98/><G42/><T131/><D131/><U17/><E6/><V12/><F12/><W60/><G19/><T58/><D43/><U61/><E111/><V48/><F29/><W21/><G21/><N who="0" m="15759" /><D36/><U11/><REACH who="1" step="1"/><E62/><REACH who="1" ten="361,357,175,97" step="2"/><V101/><F101/><W117/><G63/><N who="0" m="36311" /><D112/><U67/><AGARI ba="1,1" hai="11,14,17,25,26,27,57,61,67,85,86,87,96,99" machi="67" ten="30,11700,0" yaku="1,1,0,1,8,1,53,1" doraHai="129" doraHaiUra="8" who="1" fromWho="1" sc="361,-40,357,130,175,-40,97,-40" />
</Scene>
<Scene>
<INIT seed="1,2,0,4,4,59" ten="321,487,135,57" oya="1" hai0="48,50,91,122,30,42,101,131,100,57,0,87,85" hai1="109,78,84,41,18,64,108,24,97,15,96,43,86" hai2="83,77,132,12,130,2,127,29,52,75,55,36,93" hai3="135,8,61,68,106,88,38,58,73,32,82,95,70"/><U99/><E24/><V71/><F2/><W79/><G135/><T102/><D0/><U6/><E6/><V44/><F132/><W66/><G32/><T128/><D122/><U72/><E72/><V126/><F130/><N who="0" m="49706" /><D30/><U1/><E1/><V53/><F71/><W118/><G118/><T37/><D57/><U110/><E64/><V27/><F12/><W16/><G38/><T9/><D9/><U124/><E124/><V33/><REACH who="2" step="1"/><F93/><REACH who="2" ten="321,487,125,57" step="2"/><W19/><G106/><T129/><D129/><U5/><E5/><V76/><F76/><W39/><G39/><T112/><D37/><U90/><E78/><V104/><F104/><W119/><G119/><T125/><D125/><U74/><E90/><V123/><F123/><W111/><G111/><T22/><D91/><U10/><E74/><V31/><F31/><W113/><G113/><T98/><D112/><U133/><E133/><V120/><F120/><W11/><G19/><T14/><D14/><U103/><E103/><V49/><F49/><W65/><G70/><T45/><D50/><U46/><E18/><V107/><F107/><W67/><G68/><T89/><D89/><U21/><E15/><V56/><F56/><W26/><G11/><T63/><D101/><U51/><E10/><V69/><F69/><W40/><G8/><T4/><D102/><U3/><E3/><V115/><F115/><W35/><G16/><T34/><D100/><U81/><E110/><V105/><F105/><W117/><G117/><T13/><D13/><U28/><E109/><V94/><F94/><W121/><G95/><T134/><D134/><RYUUKYOKU ba="2,1" sc="321,-10,487,-10,125,30,57,-10" hai2="27,29,33,36,44,52,53,55,75,77,83,126,127" />
</Scene>
<Scene>
<INIT seed="2,3,1,4,1,37" ten="311,477,155,47" oya="2" hai0="90,126,108,69,27,58,74,15,99,7,11,116,88" hai1="2,19,92,89,100,93,107,61,49,47,134,67,122" hai2="129,105,68,127,65,118,33,23,28,132,31,97,96" hai3="26,76,45,29,72,64,81,22,133,77,128,14,66"/><V10/><F118/><W91/><G128/><T120/><D69/><U102/><E2/><V6/><F129/><W125/><G125/><T54/><D74/><U115/><E107/><V41/><F127/><W82/><G133/><T55/><D108/><U80/><E134/><V0/><F132/><W135/><G135/><T117/><D120/><U94/><E115/><V79/><F79/><W85/><G91/><T52/><D27/><U20/><E80/><V110/><F110/><W3/><G3/><T1/><D1/><U32/><E32/><V111/><F111/><W50/><REACH who="3" step="1"/><G14/><REACH who="3" ten="311,477,155,37" step="2"/><T34/><D126/><U119/><E89/><N who="0" m="34409" /><D99/><U43/><E122/><V86/><F97/><W114/><G114/><T12/><D12/><U56/><E119/><N who="0" m="45641" /><D34/><U103/><E100/><V17/><F33/><W87/><G87/><T21/><D21/><U123/><E123/><V24/><F86/><W70/><G70/><T5/><D5/><U121/><E121/><V84/><F84/><W113/><G113/><T71/><D71/><U53/><E102/><V44/><F68/><W78/><G78/><T51/><AGARI ba="3,2" hai="7,11,15,51,52,54,55,58" m="45641,34409" machi="51" ten="30,4000,0" yaku="12,1,54,2" doraHai="37" who="0" fromWho="0" sc="311,69,477,-13,155,-23,37,-13" />
</Scene>
<Scene>
<INIT seed="3,0,0,5,2,32" ten="380,464,132,24" oya="3" hai0="74,0,83,52,84,69,111,98,19,8,22,62,125" hai1="93,81,76,85,43,80,73,110,113,26,115,60,55" hai2="2,46,36,75,97,42,114,130,49,91,21,94,117" hai3="103,54,37,33,89,9,31,78,133,14,126,56,87"/><W135/><G37/><T79/><D111/><U105/><E110/><V131/><F117/><W12/><G126/><T88/><D125/><U119/><E105/><V18/><F114/><W25/><G78/><T4/><D98/><U23/><E43/><V68/><F68/><W118/><G118/><T107/><D107/><U59/><E93/><V99/><F75/><W20/><G103/><T104/><D104/><U17/><E119/><V3/><F99/><W101/><G101/><T50/><D62/><U120/><E120/><V16/><F36/><W34/><G34/><T47/><D69/><U77/><AGARI ba="0,0" hai="17,23,26,55,59,60,73,76,77,80,81,85,113,115" machi="77" ten="20,1500,0" yaku="0,1,7,1" doraHai="32" who="1" fromWho="1" sc="380,-4,464,15,132,-4,24,-7" />
</Scene>
<Scene>
<INIT seed="4,0,0,4,4,80" ten="376,479,128,17" oya="0" hai0="96,111,118,53,134,27,107,6,99,124,64,72,89" hai1="10,109,120,0,122,65,86,98,36,119,135,51,24" hai2="83,60,103,84,41,61,15,5,121,116,108,46,79" hai3="117,133,85,39,45,42,40,128,101,106,100,25,37"/><T132/><D118/><U57/><E119/><V77/><F121/><W52/><G117/><T2/><D72/><U90/><E36/><V70/><F116/><W71/><G71/><T44/><D64/><U32/><E109/><V48/><F108/><W112/><G112/><T30/><D111/><U26/><E98/><V16/><F70/><W31/><G133/><N who="0" m="51307" /><D124/><U55/><E26/><V81/><F103/><W131/><G40/><T88/><D6/><U73/><E73/><V35/><F35/><W17/><G39/><T129/><D2/><U115/><E115/><V33/><F33/><W58/><G17/><T54/><D129/><N who="3" m="49737" /><G106/><T127/><D127/><U19/><E65/><V23/><F5/><W38/><G38/><T110/><D110/><U114/><E114/><V59/><F59/><W4/><G4/><T50/><D54/><U63/><E135/><V97/><F97/><N who="0" m="37450" /><D107/><U102/><E102/><V3/><REACH who="2" step="1"/><F3/><REACH who="2" ten="376,479,118,17" step="2"/><W113/><G113/><T9/><D9/><U34/><E0/><V130/><F130/><W68/><G101/><T7/><D7/><U29/><E122/><V105/><F105/><W47/><G100/><T20/><AGARI ba="0,1" hai="20,27,30,44,50,53,88,89" m="37450,51307" machi="20" ten="30,3000,0" yaku="20,1,54,1" doraHai="80" who="0" fromWho="0" sc="376,40,479,-10,118,-10,17,-10" />
</Scene>
<Scene>
<INIT seed="4,1,0,0,4,17" ten="416,469,108,7" oya="0" hai0="93,100,26,1,70,110,23,129,134,86,130,101,88" hai1="46,124,135,41,73,30,10,38,40,68,120,121,57" hai2="32,29,66,7,22,80,19,3,119,128,62,98,45" hai3="105,34,33,113,125,132,36,107,77,91,21,74,83"/><T82/><D70/><U108/><E73/><V16/><F128/><N who="0" m="49258" /><D1/><U53/><E108/><V25/><F119/><W6/><G36/><T54/><D134/><U85/><E30/><V106/><F80/><W47/><G132/><T114/><D114/><U37/><E135/><V81/><F81/><W69/><G113/><T18/><D110/><U78/><E85/><V131/><F131/><W109/><G109/><T90/><D54/><U0/><E78/><V48/><F7/><W31/><G47/><T127/><D127/><U12/><E0/><V71/><F3/><W49/><G49/><T2/><D2/><U103/><E103/><N who="2" m="62839" /><F22/><W76/><G91/><T89/><D89/><U11/><E124/><V42/><AGARI ba="1,0" hai="16,19,25,29,32,42,45,48,62,66,71" m="62839" machi="42" ten="30,2000,0" yaku="25,1,54,1" doraHai="17" who="2" fromWho="2" sc="416,-11,469,-6,108,23,7,-6" />
</Scene>
<Scene>
<INIT seed="5,0,0,3,2,57" ten="405,463,131,1" oya="1" hai0="8,9,115,21,117,107,56,101,30,22,54,67,104" hai1="73,119,6,130,35,4,97,41,99,88,80,100,15" hai2="75,50,66,79,48,37,90,43,16,95,110,44,81" hai3="69,47,42,55,71,120,51,102,38,33,11,118,7"/><U134/><E119/><V125/><F125/><W60/><G33/><T82/><D117/><U59/><E35/><V78/><F78/><W132/><G118/><T114/><D67/><U62/><E130/><V124/><F124/><W98/><G120/><T18/><D30/><U131/><E131/><V126/><F126/><W127/><G127/><T128/><D128/><U105/><E41/><V39/><F39/><W87/><G87/><T36/><D36/><U13/><E134/><V123/><F123/><W52/><G132/><T83/><D101/><U61/><E73/><V122/><F122/><W86/><G86/><T111/><D56/><U5/><E62/><V84/><F110/><W94/><G55/><T65/><D65/><N who="1" m="39103" /><E105/><V116/><F116/><W20/><G20/><T24/><D24/><U93/><E99/><V63/><F16/><W12/><G60/><T133/><D133/><U53/><E53/><V70/><AGARI ba="0,0" hai="37,43,44,48,50,63,66,70,75,79,81,84,90,95" machi="70" ten="20,2700,0" yaku="0,1,7,1,52,1" doraHai="57" who="2" fromWho="2" sc="405,-7,463,-13,131,27,1,-7" owari="398,20.0,450,55.0,158,-24.0,-6,-51.0" />
</Scene>
</mjloggm>