<mjloggm ver="2.3"><GO type="169" lobby="0"/><UN n0="%4F%4E%41%4B%41%4E" n1="%E3%81%A9%E3%81%85%E3%83%BC%E3%81%96%E3%82%93" n2="%E3%81%99%E3%81%9A%E3%82%81%E3%82%AF%E3%83%AC%E3%82%A4%E3%82%B8%E3%83%BC" n3="%67%61%72%75%63%69%61" dan="16,16,19,16" rate="2083.87,2090.76,2299.22,2122.46" sx="M,M,M,M"/><TAIKYOKU oya="0"/>

<Scene>
<INIT seed="0,0,0,3,1,102" ten="250,250,250,250" oya="0" hai0="116,85,89,81,42,30,135,68,2,129,18,38,28" hai1="36,83,37,10,93,133,58,50,8,127,39,45,35" hai2="88,22,118,67,125,33,80,94,87,1,115,24,107" hai3="120,15,103,91,59,49,99,75,61,43,6,20,114"/><T4/><D116/><U110/><E110/><V56/><F1/><W126/><G114/><T78/><D68/><U100/><E133/><V21/><F125/><W0/><G0/><T96/><D135/><U73/><E35/><V105/><F115/><W29/><G75/><T84/><D129/><U77/><E127/><V23/><F118/><W32/><G32/><T72/><D85/><U123/><E123/><V31/><F67/><W60/><G91/><T7/><D18/><U66/><E66/><V5/><F5/><W62/><G126/><T119/><D96/><U70/><E70/><V55/><REACH who="2" step="1"/><F80/><REACH who="2" ten="250,250,240,250" step="2"/><W98/><G6/><T74/><D119/><U52/><REACH who="1" step="1"/><E45/><REACH who="1" ten="250,240,240,250" step="2"/><V41/><F41/><W122/><G43/><T53/><D42/><U124/><E124/><V95/><F95/><W13/><G122/><T79/><D2/><U106/><E106/><V130/><F130/><W104/><G120/><T128/><D128/><U86/><E86/><V90/><F90/><W12/><G104/><T65/><D89/><U64/><E64/><V111/><F111/><W97/><G103/><T19/><D65/><U44/><E44/><V46/><F46/><W34/><G99/><AGARI ba="0,2" hai="8,10,36,37,39,50,52,58,73,77,83,93,99,100" machi="99" ten="40,2600,0" yaku="1,1,54,1,53,0" doraHai="102" doraHaiUra="132" who="1" fromWho="3" sc="250,0,240,46,240,0,250,-26" />
</Scene>
<Scene>
<INIT seed="1,0,0,2,1,123" ten="250,286,240,224" oya="1" hai0="27,87,130,70,97,58,68,30,16,52,126,64,104" hai1="12,61,79,103,95,112,116,0,92,3,22,59,101" hai2="45,111,11,106,13,102,89,9,81,74,115,5,56" hai3="55,86,124,31,110,83,120,133,32,113,46,44,49"/><U35/><E116/><V75/><F115/><W91/><G113/><T127/><D130/><U14/><E35/><V60/><F106/><W53/><G120/><T18/><D64/><U129/><E112/><V24/><F102/><W1/><G1/><T107/><D87/><U36/><E36/><V50/><F24/><W118/><G118/><T67/><D67/><U96/><E129/><V54/><F111/><W134/><G110/><T66/><D66/><U93/><E79/><V10/><F75/><W99/><G124/><N who="0" m="47659" /><D107/><U48/><E48/><V131/><F131/><W51/><G99/><T84/><D84/><U77/><E77/><V72/><F72/><W94/><G83/><T71/><D97/><U82/><E82/><V69/><F69/><W57/><G57/><T109/><D104/><U39/><E39/><V108/><F108/><W78/><G78/><T37/><D37/><U132/><E132/><V40/><F74/><W76/><G76/><T6/><D6/><U8/><E59/><V33/><F33/><W42/><G42/><T21/><D109/><U128/><E128/><V2/><F2/><W63/><G63/><AGARI ba="0,0" hai="16,18,21,27,30,52,58,63,68,70,71" m="47659" machi="63" ten="40,5200,0" yaku="18,1,54,2" doraHai="123" who="0" fromWho="3" sc="250,52,286,0,240,0,224,-52" />
</Scene>
<Scene>
<INIT seed="2,0,0,4,1,14" ten="302,286,240,172" oya="2" hai0="87,1,12,67,32,90,109,42,79,86,75,108,123" hai1="101,104,45,115,72,125,24,0,113,117,61,102,23" hai2="30,85,38,55,3,95,26,124,131,70,59,56,37" hai3="48,111,132,19,21,58,100,105,10,27,73,22,135"/><V96/><F3/><W62/><G73/><T7/><D1/><U76/><E0/><V65/><F70/><W46/><G111/><T11/><D32/><U120/><E117/><V18/><F131/><W121/><G121/><T47/><D123/><U89/><E120/><V5/><F5/><W112/><G112/><T81/><D67/><U6/><E6/><V39/><F85/><W2/><G2/><T17/><D7/><U68/><E125/><V83/><F83/><W91/><G10/><T43/><D75/><U31/><E45/><V34/><F65/><W57/><G91/><T93/><REACH who="0" step="1"/><D43/><REACH who="0" ten="292,286,240,172" step="2"/><U92/><E72/><V103/><F124/><W133/><G62/><T9/><D9/><U116/><E61/><V13/><REACH who="2" step="1"/><F55/><REACH who="2" ten="292,286,230,172" step="2"/><W52/><REACH who="3" step="1"/><G22/><AGARI ba="0,2" hai="13,18,22,26,30,34,37,38,39,56,59,95,96,103" machi="22" ten="40,7700,0" yaku="1,1,2,1,52,1,53,0" doraHai="14" doraHaiUra="106" who="2" fromWho="3" sc="292,0,286,0,230,97,172,-77" />
</Scene>
<Scene>
<INIT seed="2,1,0,0,4,71" ten="292,286,327,95" oya="2" hai0="131,20,53,45,134,133,122,65,93,129,40,43,16" hai1="84,77,35,70,33,91,2,14,62,4,124,117,49" hai2="67,109,27,5,100,31,78,24,18,44,104,107,19" hai3="126,116,13,47,96,103,51,82,50,130,102,7,3"/><V135/><F78/><W55/><G116/><T48/><D122/><U10/><E117/><V105/><F5/><W32/><G32/><T42/><D93/><U68/><E124/><V74/><F74/><W125/><G3/><T85/><D85/><U11/><E77/><V1/><F1/><W38/><G130/><N who="0" m="49675" /><D65/><U64/><E70/><V23/><F67/><W111/><G111/><T69/><D69/><U63/><E63/><V46/><F100/><W120/><G120/><T66/><D66/><U17/><E49/><V87/><F109/><W54/><G82/><AGARI ba="1,0" hai="2,4,10,11,14,17,33,35,62,64,68,82,84,91" machi="82" ten="30,1000,0" yaku="7,1" doraHai="71" who="1" fromWho="3" sc="292,0,286,13,327,0,95,-13" />
</Scene>
<Scene>
<INIT seed="3,0,0,3,1,112" ten="292,299,327,82" oya="3" hai0="0,69,118,46,103,104,14,134,42,63,100,56,8" hai1="98,119,50,121,129,21,86,70,23,135,80,39,60" hai2="65,48,130,38,19,55,76,15,34,18,52,92,95" hai3="99,110,9,30,35,7,62,16,49,41,122,85,77"/><W114/><G122/><T57/><D0/><U31/><E121/><V1/><F38/><W20/><G114/><T27/><D134/><U3/><E135/><V82/><F34/><W24/><G110/><T5/><D69/><U93/><E129/><V124/><F65/><W25/><G99/><T32/><D104/><U61/><E39/><V37/><F37/><W88/><G62/><T66/><D118/><U68/><E3/><V94/><F1/><W125/><G125/><T64/><D64/><U22/><E119/><V40/><F18/><W51/><G77/><T96/><D56/><U26/><E50/><V116/><F116/><W2/><REACH who="3" step="1"/><G41/><REACH who="3" ten="292,299,327,72" step="2"/><T115/><D96/><U127/><E127/><V75/><F124/><W47/><G47/><T4/><D115/><U84/><E61/><V78/><F78/><W113/><G113/><T59/><D46/><U83/><E60/><V101/><F40/><W33/><G33/><T120/><D42/><U90/><E68/><V45/><F130/><W108/><G108/><T79/><D79/><N who="1" m="46207" /><E70/><V109/><F109/><W54/><G54/><T58/><D120/><U123/><E123/><V117/><F117/><W87/><G87/><T111/><D111/><U29/><E29/><V10/><F55/><W74/><G74/><T36/><D63/><U67/><E67/><V131/><F131/><W11/><G11/><N who="0" m="4455" /><D66/><U13/><E86/><V43/><F43/><W12/><G12/><N who="0" m="5135" /><D36/><U73/><E13/><V71/><F71/><W6/><G6/><T107/><D107/><U132/><E132/><V128/><F128/><W28/><G28/><AGARI ba="0,1" hai="27,28,32,57,58,59,100,103" m="5135,4455" machi="28" ten="30,1000,0" yaku="6,1" doraHai="112" who="0" fromWho="3" sc="292,20,299,0,327,0,72,-10" />
</Scene>
<Scene>
<INIT seed="4,0,0,2,0,123" ten="312,299,327,62" oya="0" hai0="11,19,130,7,98,61,10,118,102,124,14,43,64" hai1="91,13,121,63,49,18,69,90,84,6,82,126,101" hai2="79,112,16,23,24,32,99,27,68,88,74,104,8" hai3="133,70,76,113,122,93,129,12,17,117,100,47,97"/><T31/><D118/><U119/><E121/><V26/><F68/><W37/><G70/><T40/><D130/><U128/><E119/><V111/><F111/><W132/><G122/><T28/><D124/><U20/><E128/><V62/><F112/><W96/><G129/><T127/><D127/><U78/><E126/><V33/><F74/><W105/><G117/><T125/><D125/><U38/><E38/><V57/><F79/><W56/><G113/><T42/><D61/><U15/><E101/><V135/><F104/><W5/><G5/><T87/><D64/><U4/><E69/><V35/><F8/><W80/><G56/><T77/><D87/><U55/><E63/><V65/><F135/><W75/><G47/><T30/><D77/><U103/><E103/><V2/><F2/><W109/><G37/><T39/><D39/><U51/><E51/><V59/><F57/><W3/><G3/><T134/><D134/><N who="3" m="51817" /><G17/><T114/><D114/><U50/><E50/><V45/><REACH who="2" step="1"/><F45/><REACH who="2" ten="312,299,317,62" step="2"/><W25/><G25/><T108/><D108/><U116/><E116/><V58/><F58/><W22/><G12/><T73/><D73/><U131/><E131/><V66/><F66/><W110/><G22/><T89/><D11/><U53/><E15/><V71/><F71/><W0/><G0/><T46/><D46/><U115/><E115/><V83/><F83/><W54/><G54/><T94/><D7/><N who="1" m="2603" /><E55/><V52/><F52/><W60/><G60/><T48/><D48/><U21/><E21/><V36/><F36/><W81/><G81/><T86/><D42/><U29/><E53/><RYUUKYOKU ba="0,1" sc="312,10,299,-30,317,10,62,10" hai0="10,14,19,28,30,31,40,43,86,89,94,98,102" hai2="16,23,24,26,27,32,33,35,59,62,65,88,99" hai3="75,76,80,93,96,97,100,105,109,110" />
</Scene>
<Scene>
<INIT seed="4,1,1,5,3,70" ten="322,269,327,72" oya="0" hai0="24,28,25,113,123,27,111,75,99,116,48,104,69" hai1="117,127,11,89,17,78,74,6,63,55,60,56,96" hai2="112,31,51,50,79,19,98,4,130,20,121,88,97" hai3="8,110,71,40,86,45,133,57,64,3,37,54,30"/><T44/><D116/><U2/><E117/><V9/><F121/><W32/><G110/><T66/><D123/><U0/><E127/><V33/><F79/><W128/><G133/><T124/><D75/><U95/><E0/><V126/><F112/><W5/><G128/><T36/><D113/><U102/><E17/><V13/><F130/><W49/><G30/><T23/><D124/><U65/><E78/><V15/><F33/><W135/><G32/><T52/><D111/><U108/><E74/><V41/><F31/><W39/><G135/><T21/><D36/><U73/><E73/><V118/><F118/><W35/><G35/><T125/><D125/><U53/><E108/><V80/><F41/><W14/><G86/><T107/><D99/><N who="2" m="37898" /><F126/><W29/><G29/><T132/><D132/><U91/><REACH who="1" step="1"/><E53/><REACH who="1" ten="322,259,327,72" step="2"/><V34/><F34/><W68/><G3/><T81/><D28/><U122/><E122/><V106/><F106/><W114/><G114/><T93/><D107/><U72/><E72/><V22/><F20/><W1/><G1/><T38/><D104/><U76/><E76/><V100/><F100/><W47/><REACH who="3" step="1"/><G64/><REACH who="3" ten="322,259,327,62" step="2"/><T115/><D115/><U42/><E42/><AGARI ba="1,3" hai="5,8,14,37,39,40,42,45,47,49,54,57,68,71" machi="42" ten="40,8000,1" yaku="1,1,2,1,9,1,52,2,53,0" doraHai="70" doraHaiUra="103" who="3" fromWho="1" sc="322,0,259,-83,327,0,62,113" />
</Scene>
<Scene>
<INIT seed="5,0,0,5,5,99" ten="322,176,327,175" oya="1" hai0="55,93,37,56,84,95,108,59,20,50,120,41,98" hai1="79,109,112,106,72,8,18,3,25,118,71,49,47" hai2="7,14,36,86,132,96,134,16,125,39,9,116,133" hai3="114,2,130,10,126,61,73,15,22,48,97,53,68"/><U35/><E112/><V32/><F116/><W13/><G73/><T127/><D108/><U1/><E109/><V67/><F32/><W70/><G114/><T51/><D127/><U63/><E118/><V88/><F125/><W101/><G126/><T78/><D120/><U30/><E106/><V85/><F67/><W115/><G115/><T19/><D37/><N who="2" m="14410" /><F96/><W29/><G2/><T80/><D98/><U31/><E31/><V129/><F129/><W91/><G91/><T103/><D103/><U128/><E128/><V76/><F76/><W66/><G70/><T122/><D122/><U11/><E1/><N who="2" m="239" /><F88/><W121/><G121/><T45/><REACH who="0" step="1"/><D59/><REACH who="0" ten="312,176,327,175" step="2"/><U100/><E100/><V102/><F102/><W40/><G130/><T117/><D117/><U69/><E69/><V135/><F135/><W57/><G10/><AGARI ba="0,1" hai="10,14,16,85,86,132,133,134" m="239,14410" machi="10" ten="40,2600,0" yaku="20,1,54,1" doraHai="99" who="2" fromWho="3" sc="312,0,176,0,327,36,175,-26" />
</Scene>
<Scene>
<INIT seed="6,0,0,2,2,98" ten="312,176,363,149" oya="2" hai0="92,126,120,113,84,125,74,72,34,26,134,66,73" hai1="131,20,36,86,75,15,89,24,49,122,69,116,63" hai2="40,48,45,80,128,8,107,135,79,93,129,12,78" hai3="1,65,55,108,57,67,3,119,110,111,127,91,18"/><V30/><F107/><W23/><G119/><T43/><D120/><U109/><E36/><V2/><F2/><W81/><G127/><N who="0" m="48651" /><D66/><U5/><E109/><V124/><F124/><W60/><G67/><T50/><D113/><U38/><E116/><V37/><F30/><W103/><G103/><T17/><D134/><U117/><E38/><V25/><F25/><W59/><G91/><N who="0" m="53351" /><D34/><U16/><E75/><V99/><F37/><W28/><G28/><T133/><D133/><U101/><E24/><V4/><F135/><W47/><G81/><T35/><D35/><U9/><E131/><N who="2" m="50251" /><F80/><W77/><G47/><N who="0" m="25983" /><D26/><U22/><E122/><V70/><F70/><W27/><REACH who="3" step="1"/><G77/><REACH who="3" ten="312,176,363,139" step="2"/><T83/><D83/><U6/><E117/><V95/><F95/><W56/><G56/><T39/><D39/><U100/><E69/><V71/><F71/><W0/><G0/><T41/><D41/><U85/><E89/><AGARI ba="0,1" hai="4,8,12,40,45,48,78,79,89,93,99" m="50251" machi="89" ten="30,1500,0" yaku="19,1" doraHai="98" who="2" fromWho="1" sc="312,0,176,-15,363,25,139,0" />
</Scene>
<Scene>
<INIT seed="6,1,0,2,3,134" ten="312,161,388,139" oya="2" hai0="133,99,5,49,55,71,25,68,23,116,70,77,95" hai1="56,120,51,64,100,28,43,98,12,18,117,76,112" hai2="83,31,80,19,35,121,131,67,58,27,45,57,94" hai3="63,104,47,24,74,129,33,3,7,20,16,128,93"/><V36/><F131/><N who="3" m="50251" /><G104/><T78/><D133/><U30/><E117/><V8/><F121/><W114/><G74/><T2/><D116/><U38/><E112/><V82/><F67/><W107/><G107/><T73/><D5/><U6/><E120/><V88/><F45/><W130/><N who="3" m="50259" /><W9/><DORA hai="14" /><G114/><T69/><D2/><U81/><E6/><V52/><F36/><W29/><G93/><T62/><D62/><U54/><E38/><V102/><F102/><W37/><G63/><T0/><D0/><U44/><E64/><V79/><F79/><W91/><G91/><T53/><D73/><U123/><E123/><V4/><F57/><W86/><G86/><T124/><D68/><U97/><E97/><V92/><F88/><W126/><G126/><T106/><D124/><U21/><E43/><V119/><F119/><W103/><G103/><T111/><D106/><U59/><E59/><V110/><F110/><W113/><G113/><T42/><D42/><U65/><E65/><V90/><F90/><W87/><G87/><T101/><D55/><U85/><E56/><V125/><F125/><W48/><G37/><T10/><D111/><U118/><E118/><V84/><F84/><W17/><G33/><T109/><D109/><U115/><E115/><V132/><F132/><W46/><G46/><T11/><D77/><U13/><E13/><V75/><F75/><W15/><G15/><T122/><D78/><U32/><E32/><V34/><F34/><W89/><G89/><T60/><D122/><U41/><E41/><AGARI ba="1,0" hai="3,7,9,16,17,20,24,29,41,47,48" m="50259" machi="41" ten="40,8000,1" yaku="19,1,52,2,54,1" doraHai="134,14" who="3" fromWho="1" sc="312,0,161,-83,388,0,139,83" />
</Scene>
<Scene>
<INIT seed="7,0,0,4,3,117" ten="312,78,388,222" oya="3" hai0="38,47,125,63,3,31,17,80,55,34,99,118,49" hai1="22,2,25,121,123,11,41,79,120,111,6,81,102" hai2="21,73,9,108,131,67,84,78,101,135,26,83,93" hai3="71,128,82,19,72,132,89,97,133,75,116,95,53"/><W57/><G71/><T50/><D118/><U40/><E102/><V16/><F108/><W29/><G29/><T0/><D38/><U48/><E111/><V122/><F131/><W126/><G116/><T85/><D125/><U46/><E41/><V30/><F135/><N who="3" m="51787" /><G126/><T14/><D63/><U61/><E61/><V113/><F113/><W37/><G37/><T98/><D31/><U86/><E22/><V112/><F112/><W77/><G128/><T24/><D24/><U33/><REACH who="1" step="1"/><E25/><REACH who="1" ten="312,68,388,222" step="2"/><V52/><F101/><W109/><G109/><T4/><D49/><U115/><E115/><V65/><F21/><W74/><G19/><T58/><D17/><U107/><E107/><V64/><F16/><W60/><AGARI ba="0,1" hai="53,57,60,72,74,75,77,82,89,95,97" m="51787" machi="60" ten="30,1500,0" yaku="20,1" doraHai="117" who="3" fromWho="3" sc="312,-5,68,-5,388,-5,222,25" />
</Scene>
<Scene>
<INIT seed="7,1,0,1,4,81" ten="307,63,383,247" oya="3" hai0="60,15,61,56,46,85,99,12,91,133,129,76,95" hai1="38,17,74,5,59,24,32,127,117,55,96,112,21" hai2="114,45,126,118,113,34,22,18,7,101,4,77,125" hai3="97,44,102,64,92,25,86,132,115,9,108,48,124"/><W33/><G115/><N who="2" m="44041" /><F118/><W8/><G124/><N who="2" m="47721" /><F34/><W66/><G132/><T89/><D133/><U20/><E127/><V121/><F121/><W19/><G108/><T109/><D109/><U3/><E117/><V65/><F77/><W103/><G103/><T10/><D129/><U116/><E112/><V27/><F65/><N who="3" m="25195" /><G33/><T93/><D76/><U40/><E74/><V104/><F45/><W71/><G71/><T43/><D56/><U54/><E96/><AGARI ba="1,0" hai="4,7,18,22,27,96,101,104" m="47721,44041" machi="96" ten="30,2000,0" yaku="15,1,18,1" doraHai="81" who="2" fromWho="1" sc="307,0,63,-23,383,23,247,0" owari="307,11.0,40,-46.0,406,50.0,247,-15.0" />
</Scene>
</mjloggm>