<mjloggm ver="2.3"><GO type="169" lobby="0"/><UN n0="%E3%81%90%E3%81%9C%E3%82%93%40%4C%69%42" n1="%E3%81%99%E3%81%9A%E3%82%81%E3%82%AF%E3%83%AC%E3%82%A4%E3%82%B8%E3%83%BC" n2="%69%74%61%6C%69%61%6E" n3="%E8%85%90%E7%94%9F%E8%B1%9A%E3%82%B3%E3%83%84%E3%83%9C%E3%83%BC" dan="18,19,16,17" rate="2206.85,2309.10,2016.24,2125.92" sx="M,M,M,M"/><TAIKYOKU oya="0"/>

<Scene>
<INIT seed="0,0,0,0,5,32" ten="250,250,250,250" oya="0" hai0="63,72,80,126,108,65,3,47,104,6,109,37,124" hai1="11,5,71,116,44,130,43,1,79,19,86,61,22" hai2="7,117,13,56,17,78,40,119,88,96,68,112,46" hai3="110,135,106,66,122,91,64,18,33,30,121,4,28"/><T115/><D104/><U111/><E111/><N who="0" m="42569" /><D115/><U38/><E130/><V81/><F68/><W36/><G106/><T27/><D27/><U114/><E114/><V0/><F112/><W50/><G110/><T60/><D72/><U131/><E131/><V29/><F29/><W99/><G33/><T25/><D25/><U42/><E42/><V92/><F56/><W69/><G69/><N who="0" m="42151" /><D63/><U97/><E61/><V82/><F13/><W83/><G64/><T55/><D80/><U93/><E71/><V133/><F17/><W134/><G83/><T12/><D12/><U57/><E116/><N who="2" m="44619" /><F133/><W75/><G18/><T74/><D74/><U67/><E67/><V100/><F100/><W48/><G75/><T103/><D103/><U62/><E62/><V51/><F78/><W76/><G66/><T45/><D55/><U41/><E79/><V73/><F73/><W87/><G76/><T95/><D95/><U128/><E93/><V54/><F40/><W20/><G135/><T34/><D34/><U23/><E43/><V102/><F102/><W89/><G134/><T9/><D37/><U123/><E38/><V132/><F132/><W70/><G36/><T35/><D35/><U58/><E128/><V59/><F46/><AGARI ba="0,0" hai="3,6,9,45,46,47,124,126" m="42151,42569" machi="46" ten="30,5800,0" yaku="14,1,10,1,52,1" doraHai="32" who="0" fromWho="2" sc="250,58,250,0,250,-58,250,0" />
</Scene>
<Scene>
<INIT seed="0,1,0,3,4,104" ten="308,250,192,250" oya="0" hai0="81,118,119,17,60,113,59,48,76,80,105,27,92" hai1="71,40,93,50,97,45,9,114,107,56,131,0,134" hai2="109,95,72,5,124,103,121,85,14,18,30,33,41" hai3="64,55,25,130,82,32,35,46,69,36,63,3,96"/><T38/><D105/><U74/><E71/><V39/><F121/><W102/><G3/><T112/><D38/><U70/><E70/><V16/><F124/><W100/><G130/><T78/><D48/><U132/><E107/><V98/><F109/><W12/><G12/><T54/><D17/><U61/><E114/><N who="0" m="44137" /><D27/><U83/><E131/><V67/><F67/><W53/><G102/><T62/><D54/><U106/><E106/><V86/><F5/><W65/><G65/><T19/><D19/><U108/><E108/><V15/><F30/><W58/><G25/><T135/><D59/><U7/><E61/><N who="0" m="23657" /><D92/><U99/><E56/><V115/><F33/><W49/><G32/><T88/><D88/><U116/><E116/><N who="0" m="44585" /><D135/><N who="1" m="51755" /><E93/><V21/><F39/><W47/><G35/><T110/><D110/><U44/><E45/><V73/><F41/><N who="3" m="22823" /><G55/><T75/><D75/><U94/><E94/><V91/><F115/><W77/><G47/><T20/><D20/><U125/><E125/><V126/><F126/><W29/><G63/><T34/><D34/><U89/><E89/><V51/><F51/><W42/><G49/><T84/><D84/><U127/><E127/><V6/><F6/><W28/><G53/><T43/><D43/><U13/><E13/><V117/><F117/><W66/><G42/><T101/><D101/><U2/><E0/><V79/><F79/><AGARI ba="1,0" hai="76,78,79,80,81" m="44585,23657,44137" machi="79" ten="40,3900,0" yaku="28,2" doraHai="104" who="0" fromWho="2" sc="308,42,250,0,192,-42,250,0" /><AGARI ba="1,0" hai="2,7,9,40,44,50,74,79,83,97,99" m="51755" machi="79" ten="30,2000,0" yaku="20,1,52,1" doraHai="104" who="1" fromWho="2" sc="350,0,250,20,150,-20,250,0" />
</Scene>
<Scene>
<INIT seed="0,2,0,3,3,88" ten="350,270,130,250" oya="0" hai0="128,134,75,113,4,19,77,80,100,84,41,95,1" hai1="0,17,21,126,123,58,35,110,98,65,32,131,20" hai2="135,69,62,30,119,103,89,63,99,114,81,42,117" hai3="27,52,8,122,93,40,39,18,73,47,94,92,66"/><T50/><D113/><U59/><E0/><V118/><F114/><W85/><G73/><T37/><D134/><U97/><E110/><V115/><F115/><W56/><G66/><T48/><D128/><U13/><E126/><V10/><F135/><W5/><G122/><T45/><D19/><U107/><E107/><V121/><F121/><W64/><G64/><T87/><D87/><U76/><E65/><V109/><F109/><W46/><G85/><T72/><D72/><U86/><E86/><V44/><F30/><W105/><G105/><T54/><D54/><U22/><E76/><V49/><F69/><W101/><G101/><T111/><D111/><U55/><E35/><V70/><F70/><W2/><G47/><T34/><D34/><U57/><E32/><V12/><F89/><W28/><G18/><T51/><D84/><U53/><E131/><V24/><F81/><W31/><REACH who="3" step="1"/><G27/><REACH who="3" ten="350,270,130,240" step="2"/><T96/><D4/><U7/><E7/><N who="2" m="3167" /><F24/><W104/><G104/><AGARI ba="2,1" hai="42,44,49,62,63,99,103,104,117,118,119" m="3167" machi="104" ten="30,1000,0" yaku="12,1" doraHai="88" who="2" fromWho="3" sc="350,0,270,0,130,26,240,-16" />
</Scene>
<Scene>
<INIT seed="1,0,0,5,3,130" ten="350,270,156,224" oya="1" hai0="38,6,52,95,121,48,117,1,132,91,84,28,62" hai1="115,26,15,75,87,41,3,11,124,42,25,112,32" hai2="2,89,108,64,13,129,20,37,36,106,82,31,45" hai3="61,76,92,127,47,71,96,109,122,63,133,97,21"/><U27/><E75/><V131/><F2/><W98/><G122/><T80/><D38/><U125/><E3/><V94/><F106/><W17/><G109/><T73/><D117/><U78/><E78/><V126/><F108/><W8/><G8/><T110/><D121/><U39/><E87/><V70/><F82/><W14/><G127/><N who="1" m="48714" /><E39/><V105/><F105/><W4/><G4/><T72/><D1/><U85/><E85/><V30/><F126/><W5/><G5/><T10/><D84/><U123/><E123/><V79/><F79/><W102/><G76/><T7/><D73/><U119/><E119/><V34/><F34/><W16/><G71/><T68/><D72/><U104/><E104/><V40/><F36/><W29/><G47/><T135/><D80/><U111/><E111/><V103/><F103/><W57/><G63/><T9/><D62/><U67/><E67/><V55/><F55/><W134/><G29/><T107/><D107/><U49/><E49/><V101/><F101/><W114/><G17/><T53/><D48/><U12/><E11/><V35/><F35/><W22/><G22/><T88/><D110/><U74/><E74/><V77/><F77/><W93/><G114/><N who="1" m="43562" /><E32/><V66/><F66/><N who="3" m="39215" /><G93/><T116/><D95/><U56/><E56/><V23/><F64/><W128/><G128/><T60/><D116/><U19/><E19/><V59/><F131/><W18/><G18/><T65/><D65/><U50/><E50/><V24/><F70/><W100/><G92/><T69/><D60/><U118/><E118/><V81/><F129/><W44/><G44/><RYUUKYOKU ba="0,0" sc="350,10,270,10,156,-30,224,10" hai0="6,7,9,10,28,52,53,68,69,88,91,132,135" hai1="12,15,25,26,27,41,42" hai3="14,16,21,96,97,98,100,102,133,134" />
</Scene>
<Scene>
<INIT seed="1,1,0,1,2,58" ten="360,280,126,234" oya="1" hai0="87,85,1,134,120,129,54,56,125,61,7,52,89" hai1="112,11,111,91,107,70,50,62,77,127,71,34,68" hai2="88,45,4,18,81,43,90,22,119,32,122,59,123" hai3="0,92,80,116,76,9,27,57,126,69,97,25,99"/><U46/><E107/><V121/><F32/><W84/><G69/><T5/><D120/><U64/><E34/><V26/><F119/><W23/><G116/><T110/><D87/><U21/><E112/><V75/><F4/><W16/><G126/><T86/><D86/><U118/><E118/><V117/><F117/><W35/><G35/><T40/><D40/><U2/><E77/><V12/><F26/><W14/><G0/><T114/><D114/><U83/><E127/><V41/><F41/><W55/><G92/><T15/><D1/><U115/><E115/><V103/><F103/><W96/><REACH who="3" step="1"/><G23/><REACH who="3" ten="360,280,126,224" step="2"/><T93/><D125/><U132/><E21/><V39/><F81/><W37/><G37/><T79/><D93/><U78/><E71/><V95/><F95/><W124/><G124/><T100/><D134/><U72/><E70/><V102/><F102/><W98/><N who="3" m="25088" /><DORA hai="44" /><W63/><AGARI ba="1,1" hai="9,14,16,25,27,55,57,63,76,80,84" m="25088" machi="63" ten="40,12000,2" yaku="1,1,4,1,0,1,8,1,52,1,54,1,53,1" doraHai="58,44" doraHaiUra="33,8" who="3" fromWho="3" sc="360,-31,280,-61,126,-31,224,133" />
</Scene>
<Scene>
<INIT seed="2,0,0,5,4,132" ten="329,219,95,357" oya="2" hai0="55,39,94,125,3,14,38,36,91,104,134,107,68" hai1="30,98,10,18,23,115,120,13,84,74,64,71,106" hai2="117,123,11,29,69,28,42,41,119,1,7,58,43" hai3="56,54,128,24,4,105,77,52,87,96,59,99,48"/><V124/><F123/><W111/><G111/><T113/><D134/><U127/><E74/><V114/><F69/><W130/><G4/><T20/><D3/><U25/><E115/><V5/><F114/><W83/><G24/><T109/><D113/><U27/><E71/><V66/><F7/><W89/><G105/><T37/><D109/><U81/><E64/><V49/><F124/><W93/><REACH who="3" step="1"/><G99/><REACH who="3" ten="329,219,95,347" step="2"/><T129/><D107/><U46/><E98/><V112/><F112/><W12/><G12/><T47/><D14/><U86/><E106/><V76/><F119/><W108/><G108/><T34/><D104/><U6/><E120/><V8/><F117/><W97/><G97/><T100/><D129/><U53/><E27/><V122/><F122/><W40/><G40/><T95/><D34/><U80/><E6/><V103/><F5/><W2/><G2/><T79/><D100/><U9/><E25/><V45/><F1/><W92/><G92/><T101/><D95/><U126/><E13/><V118/><F103/><W62/><AGARI ba="0,1" hai="48,52,54,56,59,62,77,83,87,89,93,96,128,130" machi="62" ten="30,4000,0" yaku="1,1,0,1,54,1,53,0" doraHai="132" doraHaiUra="31" who="3" fromWho="3" sc="329,-10,219,-10,95,-20,347,50" />
</Scene>
<Scene>
<INIT seed="3,0,0,5,5,64" ten="319,209,75,397" oya="3" hai0="76,49,6,78,70,90,3,19,92,71,73,118,65" hai1="17,104,72,107,134,67,131,41,21,39,127,82,52" hai2="135,42,101,11,99,22,113,85,116,45,77,13,27" hai3="30,109,47,96,37,26,68,58,95,123,66,1,111"/><W75/><G123/><T23/><D118/><U89/><E131/><V126/><F116/><W40/><G75/><T108/><D108/><N who="3" m="41545" /><G1/><T35/><D35/><U31/><E31/><V125/><F113/><W62/><G26/><T86/><D49/><U24/><E67/><V97/><F135/><W129/><G30/><T43/><D43/><U7/><E127/><V93/><F125/><W80/><G80/><T10/><D65/><U14/><E82/><V32/><F32/><W50/><G129/><T54/><D54/><U98/><E72/><V16/><F126/><W56/><G37/><T48/><D48/><U124/><E24/><V100/><F45/><W106/><G106/><T105/><D105/><U94/><E134/><V79/><F42/><W28/><G28/><T91/><D91/><AGARI ba="0,0" hai="40,47,50,56,58,62,66,68,91,95,96" m="41545" machi="91" ten="30,5800,0" yaku="14,1,10,1,52,1" doraHai="64" who="3" fromWho="0" sc="319,-58,209,0,75,0,397,58" />
</Scene>
<Scene>
<INIT seed="3,1,0,4,4,32" ten="261,209,75,455" oya="3" hai0="50,80,39,89,119,47,41,130,75,84,0,120,60" hai1="3,72,61,116,108,135,13,59,90,128,1,10,87" hai2="79,35,56,94,107,11,21,97,77,127,125,26,27" hai3="129,122,85,82,20,98,74,133,92,22,57,17,16"/><W104/><G122/><T132/><D120/><U62/><E72/><V76/><F107/><W65/><G104/><T44/><D119/><U91/><E108/><V114/><F114/><W123/><G74/><T134/><D130/><U118/><E128/><V45/><F35/><W34/><G34/><T105/><D105/><U124/><E124/><N who="2" m="47691" /><F45/><W55/><G65/><T42/><D75/><U9/><E135/><V48/><F11/><W126/><G133/><T25/><D0/><U110/><E110/><V64/><F21/><N who="3" m="8299" /><G129/><T68/><D25/><U33/><E33/><V78/><F78/><N who="3" m="46295" /><G123/><T113/><D113/><U73/><E73/><V6/><F6/><W43/><G43/><T15/><D15/><U36/><E13/><V95/><F48/><N who="3" m="30951" /><G126/><T111/><D111/><U24/><E24/><N who="2" m="9259" /><F97/><W99/><G99/><T18/><D18/><U38/><E87/><V63/><AGARI ba="1,0" hai="56,63,64,76,77,79,94,95" m="9259,47691" machi="63" ten="40,1500,0" yaku="18,1" doraHai="32" who="2" fromWho="2" sc="261,-5,209,-5,75,18,455,-8" />
</Scene>
<Scene>
<INIT seed="4,0,0,1,4,97" ten="256,204,93,447" oya="0" hai0="5,122,117,61,112,99,81,28,89,46,4,56,103" hai1="133,109,17,71,51,35,72,118,129,65,95,84,106" hai2="48,135,90,20,115,125,85,91,14,42,37,124,123" hai3="7,11,100,32,111,33,40,69,59,16,87,31,15"/><T134/><D117/><U76/><E35/><V132/><F37/><W0/><G69/><T50/><D122/><U128/><E71/><V73/><F123/><W60/><G111/><T29/><D112/><U64/><E106/><V108/><F115/><W126/><G40/><T2/><D134/><N who="2" m="51242" /><F73/><W6/><G126/><N who="2" m="48745" /><F108/><W58/><G87/><T86/><D2/><U74/><E118/><V26/><F14/><W22/><G7/><T105/><D4/><U83/><E109/><V30/><F85/><W13/><G13/><T66/><D5/><U104/><E74/><V78/><F78/><W43/><G33/><T34/><D34/><U113/><E113/><V92/><F92/><W24/><G43/><AGARI ba="0,0" hai="28,29,43,46,50,56,61,66,81,86,89,99,103,105" machi="43" ten="30,2900,0" yaku="7,1,52,1" doraHai="97" who="0" fromWho="3" sc="256,29,204,0,93,0,447,-29" />
</Scene>
<Scene>
<INIT seed="4,1,0,2,3,73" ten="285,204,93,418" oya="0" hai0="51,66,47,15,57,79,135,17,12,124,116,24,37" hai1="61,21,46,72,53,100,105,88,97,99,19,70,76" hai2="132,45,102,30,121,103,34,9,96,36,106,26,92" hai3="35,75,94,49,32,127,87,11,59,68,1,7,133"/><T13/><D116/><U80/><E70/><V111/><F121/><W65/><G75/><T81/><D124/><U33/><E33/><V31/><F111/><W134/><G127/><T5/><D135/><N who="3" m="51721" /><G68/><T14/><D5/><U60/><E53/><V18/><F132/><W115/><G115/><T112/><D112/><U23/><E23/><V84/><F31/><W120/><G120/><T39/><D24/><U71/><E46/><V83/><F9/><W43/><G43/><T54/><D17/><U20/><E20/><V117/><F18/><W67/><G49/><T98/><D98/><U0/><E0/><V4/><F4/><W77/><G94/><T16/><D66/><N who="3" m="25097" /><G59/><T50/><D50/><U78/><E71/><V58/><F117/><W55/><G55/><T64/><D57/><U27/><E72/><V128/><F58/><W104/><G104/><T119/><D64/><U56/><E61/><V52/><F128/><W29/><G29/><T38/><D119/><U118/><E118/><V91/><F36/><W107/><G107/><T41/><D54/><N who="1" m="33815" /><E80/><AGARI ba="1,0" hai="1,7,11,32,35,77,80,87" m="25097,51721" machi="80" ten="30,2000,0" yaku="20,1,52,1" doraHai="73" who="3" fromWho="1" sc="285,0,204,-23,93,0,418,23" />
</Scene>
<Scene>
<INIT seed="5,0,0,3,3,43" ten="285,181,93,441" oya="1" hai0="88,79,34,11,98,120,108,22,123,95,124,89,46" hai1="68,121,94,114,115,44,39,57,28,45,125,100,53" hai2="72,107,8,26,70,102,81,15,109,29,40,67,77" hai3="96,9,133,23,18,35,36,80,83,24,52,71,74"/><U5/><E68/><V65/><F109/><W126/><G71/><T87/><D34/><U92/><E121/><N who="0" m="46665" /><D124/><U110/><E39/><V118/><F118/><W60/><G133/><T128/><D128/><U85/><E125/><V113/><F113/><N who="1" m="43017" /><E110/><V14/><F70/><W47/><G35/><T50/><D11/><U78/><E28/><V91/><F91/><W38/><G38/><T99/><D22/><U134/><E134/><V27/><F102/><W33/><G33/><T61/><D61/><N who="1" m="36015" /><E5/><V62/><F107/><W122/><G122/><T58/><D58/><U51/><E51/><V2/><F2/><W4/><G126/><T55/><D108/><U32/><E32/><V97/><F97/><N who="0" m="36874" /><D89/><N who="1" m="53295" /><E78/><AGARI ba="0,0" hai="46,50,55,78,79,87,88,95" m="36874,46665" machi="78" ten="30,3900,0" yaku="13,1,52,1,54,1" doraHai="43" who="0" fromWho="1" sc="285,39,181,-39,93,0,441,0" />
</Scene>
<Scene>
<INIT seed="6,0,0,2,2,51" ten="324,142,93,441" oya="2" hai0="93,20,60,8,57,76,64,11,92,6,46,111,106" hai1="101,77,126,23,42,118,58,134,14,36,66,133,70" hai2="7,17,2,5,128,31,131,99,121,122,16,47,83" hai3="15,59,61,124,105,69,91,50,107,123,56,18,32"/><V98/><F47/><W74/><G32/><T43/><D106/><U65/><E118/><V3/><F83/><W114/><G74/><T112/><D111/><U38/><E101/><V48/><F48/><W22/><G123/><T21/><D11/><U86/><E70/><V45/><F45/><W127/><G114/><T62/><D60/><U110/><E110/><V103/><F103/><W88/><G69/><T40/><D76/><U10/><E42/><V80/><F80/><W71/><G71/><T44/><D46/><U96/><E96/><V90/><F90/><N who="3" m="34347" /><G50/><T84/><D84/><U125/><E77/><V30/><AGARI ba="0,0" hai="2,3,5,7,16,17,30,31,98,99,121,122,128,131" machi="30" ten="25,9600,0" yaku="0,1,22,2,54,1" doraHai="51" who="2" fromWho="2" sc="324,-32,142,-32,93,96,441,-32" />
</Scene>
<Scene>
<INIT seed="6,1,0,1,3,110" ten="292,110,189,409" oya="2" hai0="94,86,48,32,24,38,33,121,114,36,29,135,91" hai1="11,103,89,80,108,60,66,68,93,70,102,88,54" hai2="79,43,96,15,90,14,46,21,51,130,85,42,125" hai3="25,65,27,77,81,13,67,44,28,10,3,99,57"/><V41/><F125/><W126/><G3/><T83/><D121/><U12/><E108/><V39/><F130/><W59/><G126/><T131/><D131/><U47/><E70/><V5/><F79/><W106/><G44/><T128/><D128/><U69/><E69/><V53/><F96/><W97/><G106/><T34/><D135/><U71/><E71/><V107/><F107/><W0/><G0/><T104/><D104/><U76/><E54/><V133/><F133/><W1/><G1/><T19/><D19/><U87/><E47/><V73/><F73/><W64/><G99/><T78/><D48/><U52/><E89/><V127/><F127/><W129/><G97/><T72/><D114/><U35/><E35/><V98/><F98/><W62/><G129/><T26/><D33/><U123/><E123/><V116/><F116/><W101/><G101/><T111/><D111/><U6/><REACH who="1" step="1"/><E52/><REACH who="1" ten="292,100,189,409" step="2"/><V63/><F63/><N who="3" m="37999" /><G65/><T22/><D32/><U118/><E118/><V112/><F39/><W113/><G62/><T84/><D38/><U134/><E134/><V100/><F100/><W18/><G67/><T115/><D36/><U31/><E31/><V30/><F30/><W16/><G28/><T9/><D29/><U58/><E58/><V37/><F37/><W45/><G59/><T105/><D91/><U8/><E8/><V7/><F53/><W2/><G10/><T74/><D9/><U17/><E17/><V4/><F46/><W40/><G16/><T20/><D34/><U124/><E124/><V23/><F42/><W119/><G40/><T95/><D20/><RYUUKYOKU ba="1,1" sc="292,-10,100,30,189,-10,409,-10" hai1="6,11,12,60,66,68,76,80,87,88,93,102,103" />
</Scene>
<Scene>
<INIT seed="7,2,1,2,0,69" ten="282,130,179,399" oya="3" hai0="135,46,125,115,11,28,127,6,45,80,119,74,105" hai1="0,61,102,87,133,25,110,15,128,63,114,66,26" hai2="111,100,92,78,65,44,47,130,99,2,72,42,49" hai3="34,93,21,106,10,71,31,17,89,35,33,79,41"/><W1/><G41/><T118/><D105/><U124/><E0/><V75/><F111/><W14/><G71/><T32/><D46/><U85/><E110/><V96/><F130/><W62/><G62/><T70/><D45/><U57/><E128/><V60/><F2/><W116/><G79/><N who="0" m="44151" /><D70/><U121/><E121/><V50/><F78/><W90/><G106/><T86/><D86/><U81/><E133/><V12/><F12/><W101/><G116/><T95/><D95/><U94/><E124/><N who="0" m="47689" /><D115/><U113/><E15/><V68/><REACH who="2" step="1"/><F99/><REACH who="2" ten="282,130,169,399" step="2"/><N who="3" m="59631" /><G90/><T53/><D118/><U18/><E113/><V107/><F107/><W73/><G89/><T54/><D135/><U20/><E114/><V22/><F22/><W9/><G21/><T30/><D32/><U52/><E26/><V132/><F132/><W39/><G35/><T40/><D119/><U37/><E37/><V83/><F83/><W84/><G39/><T122/><D122/><U58/><E81/><V23/><F23/><W108/><G33/><T120/><D120/><U38/><E38/><V3/><F3/><W123/><G34/><T5/><D11/><U134/><E134/><V76/><F76/><W104/><G10/><T4/><D30/><U24/><E25/><V36/><F36/><W91/><G9/><T16/><D28/><U8/><E8/><V88/><F88/><W103/><G31/><T13/><D6/><U129/><E129/><V126/><F126/><W82/><G123/><T59/><D5/><U27/><E27/><V77/><F77/><W7/><G1/><T19/><D4/><U56/><E56/><RYUUKYOKU ba="2,2" sc="282,-15,130,15,169,15,399,-15" hai1="18,20,24,52,57,58,61,63,66,85,87,94,102" hai2="42,44,47,49,50,60,65,68,72,75,92,96,100" owari="267,7.0,145,-35.0,184,-22.0,404,50.0" />
</Scene>
</mjloggm>