<mjloggm ver="2.3"><GO type="169" lobby="0"/><UN n0="%E3%81%82%E3%82%89%E3%81%8F%E3%82%8C" n1="%E3%81%99%E3%81%9A%E3%82%81%E3%82%AF%E3%83%AC%E3%82%A4%E3%82%B8%E3%83%BC" n2="%E3%82%A8%E3%83%83%E3%83%95%E3%82%A7%E3%83%AB%E5%A1%94" n3="%E5%A4%95%E5%87%AA" dan="16,19,17,17" rate="2103.13,2302.24,2154.55,2148.13" sx="F,M,M,M"/><TAIKYOKU oya="0"/>

<Scene>
<INIT seed="0,0,0,3,3,113" ten="250,250,250,250" oya="0" hai0="63,121,60,76,112,44,47,1,130,10,26,32,115" hai1="59,52,75,70,79,135,18,94,80,8,20,97,125" hai2="99,105,61,31,16,22,55,30,25,93,82,17,27" hai3="108,21,129,36,128,56,2,134,91,101,74,23,119"/><T51/><D121/><U7/><E135/><V107/><F82/><W3/><G36/><T42/><D76/><U54/><E70/><V89/><F107/><W24/><G56/><T127/><D32/><U34/><E34/><V66/><F105/><W72/><G101/><T100/><D100/><U41/><E41/><V9/><F9/><W57/><G57/><T114/><D26/><U69/><E69/><V117/><F55/><W110/><G24/><T131/><D10/><U87/><E125/><V132/><F132/><W14/><G14/><T126/><D44/><U0/><E75/><V39/><F39/><W88/><G134/><T6/><D6/><U95/><E54/><V58/><REACH who="2" step="1"/><F117/><AGARI ba="0,0" hai="2,3,21,23,72,74,88,91,108,110,117,119,128,129" machi="117" ten="25,8000,1" yaku="22,2,52,2,54,1" doraHai="113" who="3" fromWho="2" sc="250,0,250,0,250,-80,250,80" />
</Scene>
<Scene>
<INIT seed="1,0,0,5,4,119" ten="250,250,170,330" oya="1" hai0="31,92,91,108,19,1,120,69,38,13,17,105,59" hai1="125,24,5,117,16,44,34,0,64,135,93,25,48" hai2="37,4,82,128,107,84,80,50,111,60,116,61,39" hai3="81,118,53,23,12,11,46,130,134,126,6,98,87"/><U133/><E117/><V20/><F116/><W75/><G75/><T29/><D69/><U73/><E73/><V103/><F4/><W79/><G118/><T28/><D1/><U101/><E64/><V99/><F111/><W55/><G130/><T114/><D105/><U43/><E34/><V109/><F109/><W112/><G112/><T129/><D114/><U71/><E71/><V57/><F128/><W63/><G134/><N who="1" m="51210" /><E125/><V85/><F50/><W8/><G8/><T110/><D38/><U47/><E44/><V56/><F20/><W104/><G23/><T36/><D129/><U96/><E16/><V54/><F85/><W2/><G126/><T15/><D36/><U83/><E83/><V58/><F82/><W106/><G46/><T49/><D108/><U26/><E5/><V70/><F70/><W97/><G6/><T67/><D110/><U78/><E78/><V65/><F58/><W72/><G79/><AGARI ba="0,0" hai="37,39,54,56,57,60,61,65,79,80,84,99,103,107" machi="79" ten="30,1000,0" yaku="7,1" doraHai="119" who="2" fromWho="3" sc="250,0,250,0,170,10,330,-10" />
</Scene>
<Scene>
<INIT seed="2,0,0,1,3,95" ten="250,250,180,320" oya="2" hai0="130,63,5,39,71,61,81,30,32,42,131,16,4" hai1="101,106,113,10,46,98,134,68,99,132,26,117,85" hai2="116,133,94,45,88,120,109,28,54,69,112,96,3" hai3="119,14,52,55,7,89,70,104,58,92,107,56,34"/><V121/><F3/><W36/><G70/><T29/><D81/><U87/><E113/><V91/><F69/><W105/><G36/><T24/><D30/><U33/><E117/><V57/><F116/><W41/><G41/><T122/><D122/><U35/><E46/><V19/><F112/><W20/><G34/><T90/><D90/><U84/><E68/><V27/><F133/><N who="1" m="51305" /><E10/><V127/><F19/><W75/><G75/><T53/><D63/><U48/><E48/><V0/><F0/><W115/><G119/><T123/><D123/><U118/><E26/><V11/><F11/><W135/><G135/><T125/><D125/><U72/><E72/><V59/><F127/><W74/><G74/><T6/><D39/><U38/><E38/><V51/><F109/><W73/><G73/><T76/><D42/><U126/><E118/><V49/><F91/><W2/><G2/><T114/><D114/><U31/><E31/><V128/><F128/><N who="0" m="49194" /><D76/><U12/><E12/><V103/><F103/><W22/><G14/><T102/><D102/><N who="1" m="62807" /><E126/><V100/><F100/><W17/><G115/><T43/><D43/><U97/><E101/><V50/><F59/><W124/><G58/><N who="0" m="35023" /><D71/><U47/><E47/><V82/><F82/><W15/><G124/><T23/><D4/><U18/><E18/><V1/><F1/><W83/><G7/><T110/><D110/><U13/><E13/><AGARI ba="0,0" hai="5,6,13,16,23,24,29,32" m="35023,49194" machi="13" ten="30,2000,0" yaku="19,1,54,1" doraHai="95" who="0" fromWho="1" sc="250,20,250,-20,180,0,320,0" />
</Scene>
<Scene>
<INIT seed="3,0,0,3,5,67" ten="270,230,180,320" oya="3" hai0="39,99,36,28,131,7,102,64,50,27,33,90,80" hai1="2,5,124,74,65,104,101,135,117,97,109,79,128" hai2="78,70,130,6,53,14,58,91,8,59,41,84,22" hai3="105,93,129,82,29,96,49,40,127,47,32,132,125"/><W81/><G105/><N who="0" m="63711" /><D7/><U113/><E5/><V63/><F130/><W75/><G129/><T73/><D50/><U48/><E65/><V95/><F70/><W16/><G132/><T4/><D4/><U1/><E79/><V112/><F112/><W51/><G51/><T24/><D24/><U92/><E92/><V57/><F41/><W119/><G119/><T115/><D131/><U133/><E97/><V72/><F72/><W118/><G118/><T108/><D108/><U3/><E101/><V110/><F110/><W121/><G121/><T0/><D0/><U103/><E103/><V44/><F44/><W106/><G106/><T120/><D120/><U122/><E2/><V31/><REACH who="2" step="1"/><F78/><REACH who="2" ten="270,230,170,320" step="2"/><W13/><G75/><T98/><D73/><U111/><E111/><V34/><F34/><W35/><G35/><T46/><D46/><U114/><E114/><V86/><F86/><W9/><G127/><T116/><D115/><U55/><E135/><V88/><F88/><N who="3" m="55335" /><G125/><T17/><D116/><U66/><E133/><V52/><F52/><W126/><G126/><T71/><D98/><U20/><E55/><V38/><F38/><W62/><G32/><T107/><D39/><U25/><E124/><V69/><F69/><W15/><G47/><T77/><D36/><U100/><E128/><V12/><F12/><W10/><G40/><T43/><D43/><U11/><E113/><V68/><F68/><W21/><G15/><T83/><D71/><U56/><E109/><V60/><F60/><W85/><G13/><T54/><D33/><U87/><E74/><V123/><F123/><RYUUKYOKU ba="0,1" sc="270,-10,230,-10,170,30,320,-10" hai2="6,8,14,22,31,53,57,58,59,63,84,91,95" />
</Scene>
<Scene>
<INIT seed="4,1,1,2,2,70" ten="260,220,200,310" oya="0" hai0="114,27,57,75,120,118,96,19,47,92,85,117,12" hai1="135,83,9,106,81,36,130,34,63,31,48,107,89" hai2="90,44,124,0,22,43,35,122,129,121,94,8,65" hai3="3,1,82,71,97,87,17,53,128,133,20,51,37"/><T77/><D120/><U45/><E130/><V49/><F35/><W33/><G33/><T54/><D75/><U64/><E135/><V127/><F65/><W42/><G71/><T58/><D114/><U68/><E83/><V91/><F129/><W62/><G62/><T80/><D47/><U131/><E131/><V4/><F22/><W111/><G111/><T52/><D57/><U74/><E9/><V7/><F7/><W55/><G55/><BYE who="3" /><T126/><D126/><N who="2" m="48170" /><F91/><W11/><G11/><T13/><D54/><UN n3="%E5%A4%95%E5%87%AA" /><U102/><E89/><V125/><N who="2" m="48178" /><V103/><DORA hai="132" /><F103/><W5/><G5/><T67/><D67/><U134/><E102/><V15/><F0/><W84/><G3/><T25/><D117/><U41/><E134/><V40/><F40/><W109/><G42/><T104/><D118/><U99/><E34/><V72/><F72/><W112/><G1/><T21/><D104/><U29/><E107/><V56/><F56/><W38/><G133/><T2/><D27/><U30/><E106/><V95/><F95/><W59/><G128/><T60/><D2/><U86/><E74/><V88/><F90/><AGARI ba="1,1" hai="12,13,19,21,25,52,58,60,77,80,85,90,92,96" machi="90" ten="30,12000,1" yaku="7,1,25,2,8,1,54,1" doraHai="70,132" who="0" fromWho="2" sc="260,133,220,0,200,-123,310,0" />
</Scene>
<Scene>
<INIT seed="4,2,0,4,0,23" ten="393,220,77,310" oya="0" hai0="3,15,12,29,27,0,55,102,71,33,40,68,79" hai1="46,95,51,84,63,73,111,47,37,11,110,83,125" hai2="14,56,94,62,112,105,108,8,88,80,109,42,48" hai3="1,66,91,21,20,39,99,67,122,19,57,35,113"/><T87/><D102/><U43/><E125/><V28/><F105/><W82/><G35/><T130/><D40/><U100/><E63/><V128/><F112/><W69/><G1/><N who="0" m="587" /><D55/><U107/><E11/><V36/><F36/><W92/><G69/><T129/><D71/><U7/><E7/><V18/><F128/><N who="0" m="49258" /><D68/><U134/><E134/><V58/><F80/><AGARI ba="2,0" hai="12,15,27,29,33,79,80,87" m="49258,587" machi="80" ten="30,2900,0" yaku="19,1,52,1" doraHai="23" who="0" fromWho="2" sc="393,35,220,0,77,-35,310,0" />
</Scene>
<Scene>
<INIT seed="4,3,0,3,5,85" ten="428,220,42,310" oya="0" hai0="75,12,81,40,24,56,37,93,38,15,104,86,134" hai1="63,99,77,28,35,84,47,100,44,1,111,113,11" hai2="58,42,27,22,7,119,68,123,128,126,25,88,125" hai3="48,4,34,41,66,60,67,109,97,69,23,74,5"/><T6/><D104/><U112/><E111/><V17/><F68/><W89/><G74/><T55/><D75/><U71/><E1/><V10/><F42/><W20/><G34/><T61/><D134/><U9/><E35/><V19/><F58/><W33/><G33/><T102/><D24/><U135/><E28/><V110/><F110/><W64/><G109/><T105/><D105/><U90/><E77/><V8/><F123/><W87/><G97/><T14/><D40/><U82/><E135/><V78/><F78/><W121/><G121/><T70/><D70/><U21/><E21/><N who="3" m="8266" /><G60/><T26/><D26/><U131/><E131/><V43/><F43/><W73/><G73/><T36/><D6/><U122/><E63/><V92/><F128/><W39/><G39/><T94/><REACH who="0" step="1"/><D102/><REACH who="0" ten="418,220,42,310" step="2"/><U0/><E71/><V18/><F119/><W83/><G69/><T98/><D98/><U114/><E122/><V116/><F116/><W59/><G41/><T2/><D2/><U91/><E100/><V30/><F27/><W49/><G4/><T62/><D62/><U32/><E0/><V130/><F130/><W54/><G5/><T31/><D31/><U103/><E103/><V133/><F133/><W106/><G106/><T108/><D108/><U51/><E32/><V13/><REACH who="2" step="1"/><F10/><REACH who="2" ten="418,220,32,310" step="2"/><N who="1" m="3593" /><E51/><V107/><F107/><W29/><G48/><T76/><AGARI ba="3,2" hai="12,14,15,36,37,38,55,56,61,76,81,86,93,94" machi="76" ten="40,3900,0" yaku="1,1,0,1,53,0" doraHai="85" doraHaiUra="3" who="0" fromWho="0" sc="418,68,220,-16,32,-16,310,-16" />
</Scene>
<Scene>
<INIT seed="4,4,0,1,3,91" ten="486,204,16,294" oya="0" hai0="121,119,103,11,115,102,27,46,95,72,68,124,25" hai1="76,36,71,63,23,135,35,43,32,6,107,37,111" hai2="21,10,20,33,1,79,7,26,31,9,4,130,64" hai3="60,77,132,78,84,19,5,117,81,87,123,94,118"/><T109/><D119/><U45/><E111/><V85/><F64/><W108/><G5/><T134/><D121/><U42/><E135/><V14/><F79/><W55/><G108/><T82/><D109/><U96/><E23/><V3/><F85/><W49/><G132/><T53/><D68/><U8/><E76/><V133/><F133/><W59/><G123/><T16/><D134/><U92/><E107/><V99/><F99/><W67/><G19/><T44/><D115/><U100/><E63/><V110/><F110/><W86/><G86/><T40/><D82/><U39/><E71/><V126/><F126/><W62/><G62/><T114/><D72/><U50/><REACH who="1" step="1"/><E43/><REACH who="1" ten="486,194,16,294" step="2"/><V13/><F130/><W52/><G55/><T66/><D40/><U47/><E47/><V129/><F129/><W80/><REACH who="3" step="1"/><G94/><REACH who="3" ten="486,194,16,284" step="2"/><T106/><D53/><U17/><E17/><V57/><REACH who="2" step="1"/><F57/><AGARI ba="4,2" hai="49,52,57,59,60,67,77,78,80,81,84,87,117,118" machi="57" ten="30,8000,1" yaku="1,1,2,1,7,1,9,1,54,1,53,0" doraHai="91" doraHaiUra="2" who="3" fromWho="2" sc="486,0,194,0,16,-92,284,112" owari="486,59.0,194,-21.0,-76,-58.0,396,20.0" />
</Scene>
</mjloggm>