<mjloggm ver="2.3"><GO type="169" lobby="0"/><UN n0="%E4%B8%89%E8%89%B2%E5%90%8C%E5%88%BB%E2%98%86" n1="%E9%9A%A0%E5%9C%B0%E5%89%8D" n2="%72%6F%6D%61%6E%65%73" n3="%E3%81%99%E3%81%9A%E3%82%81%E3%82%AF%E3%83%AC%E3%82%A4%E3%82%B8%E3%83%BC" dan="17,16,16,19" rate="2218.70,2110.48,2100.39,2290.42" sx="M,M,M,M"/><TAIKYOKU oya="0"/>

<Scene>
<INIT seed="0,0,0,1,4,15" ten="250,250,250,250" oya="0" hai0="111,18,21,104,134,125,84,26,11,131,61,32,89" hai1="28,107,86,116,19,51,117,101,80,54,65,88,40" hai2="49,85,7,33,22,94,98,0,100,2,23,120,10" hai3="92,14,31,63,59,39,72,43,36,24,128,47,68"/><T69/><D131/><U97/><E65/><V132/><F120/><W108/><G108/><T66/><D104/><U70/><E70/><V133/><F33/><W42/><G72/><T106/><D106/><U87/><E40/><V41/><F0/><W110/><G110/><T129/><D129/><U135/><E28/><V118/><F118/><W13/><G68/><T5/><D32/><U57/><E135/><N who="2" m="51787" /><F85/><W78/><G78/><T91/><D134/><U35/><E35/><V45/><AGARI ba="0,0" hai="2,7,10,22,23,41,45,49,94,98,100" m="51787" machi="45" ten="30,1100,0" yaku="20,1" doraHai="15" who="2" fromWho="2" sc="250,-5,250,-3,250,11,250,-3" />
</Scene>
<Scene>
<INIT seed="1,0,0,0,2,107" ten="245,247,261,247" oya="1" hai0="80,52,110,59,33,132,41,62,14,9,108,22,135" hai1="74,123,57,35,79,112,104,129,133,56,43,84,46" hai2="121,53,7,63,86,130,28,113,75,131,11,87,8" hai3="102,97,82,68,38,76,106,3,101,66,78,128,60"/><U50/><E123/><V109/><F121/><W24/><G128/><N who="2" m="49193" /><F75/><W64/><G64/><T30/><D33/><U90/><E129/><V0/><F28/><W93/><G38/><T111/><D41/><U95/><E133/><N who="0" m="51273" /><D80/><U44/><E112/><V122/><F122/><W125/><G125/><T70/><D70/><U49/><E35/><V88/><F109/><W12/><G3/><T58/><D59/><U4/><E104/><V5/><F113/><W51/><G12/><T34/><D34/><U16/><E4/><N who="2" m="1611" /><F86/><W15/><G15/><T20/><D30/><U47/><E47/><V120/><F0/><W103/><G76/><T54/><D54/><U124/><E124/><V71/><F120/><W91/><G51/><T61/><D61/><U1/><E1/><V29/><F29/><W105/><REACH who="3" step="1"/><G24/><REACH who="3" ten="245,247,261,237" step="2"/><T118/><D118/><U89/><E79/><V36/><F36/><W21/><G21/><T55/><D14/><U72/><E57/><N who="2" m="35247" /><F71/><W127/><G127/><T45/><D9/><U119/><E56/><V117/><F117/><W10/><G10/><T77/><D77/><U116/><E116/><V27/><F27/><W134/><G134/><T19/><D20/><U65/><E119/><V99/><F8/><W81/><G81/><T85/><D22/><U83/><E65/><V25/><F25/><W6/><G6/><T13/><D13/><U67/><E67/><V39/><F11/><W94/><G94/><T48/><D110/><U32/><E32/><V23/><F23/><W100/><N who="3" m="25600" /><DORA hai="115" /><W73/><AGARI ba="0,1" hai="60,66,68,73,78,82,91,93,97,105,106" m="25600" machi="73" ten="40,8000,1" yaku="1,1,4,1,0,1,52,1,53,0" doraHai="107,115" doraHaiUra="126,40" who="3" fromWho="3" sc="245,-20,247,-40,261,-20,237,90" />
</Scene>
<Scene>
<INIT seed="2,0,0,1,2,1" ten="225,207,241,327" oya="2" hai0="67,11,30,46,98,76,86,61,16,125,105,80,66" hai1="85,89,65,70,6,118,54,23,113,103,22,121,92" hai2="56,64,26,116,91,107,75,42,129,73,115,135,58" hai3="62,5,37,47,108,41,128,49,69,81,111,133,63"/><V77/><F116/><W34/><G34/><T99/><D125/><U38/><E118/><V112/><F107/><W53/><G81/><T32/><D32/><U21/><E121/><V14/><F42/><W31/><G31/><T132/><D30/><U43/><E113/><V2/><F2/><W110/><G128/><T8/><D132/><U57/><E103/><V12/><F26/><W87/><G87/><T83/><D105/><U45/><E6/><V131/><F91/><W94/><G94/><T44/><D86/><U126/><E126/><V88/><F88/><W7/><G133/><T100/><D100/><U114/><E114/><N who="2" m="43563" /><F64/><N who="3" m="41111" /><G63/><T50/><D61/><U52/><E70/><V102/><F102/><W82/><G82/><T36/><D80/><U71/><E71/><V0/><F0/><W55/><G55/><T68/><D83/><U74/><E74/><N who="2" m="28171" /><F77/><W19/><G19/><T97/><D76/><U27/><E65/><V24/><F24/><W20/><G20/><T124/><D68/><U104/><E104/><V35/><F35/><W17/><G17/><T51/><D124/><U40/><E40/><V33/><F33/><W90/><G90/><T78/><D78/><U127/><E127/><V106/><F106/><W4/><G53/><T101/><D101/><U117/><E117/><V134/><F134/><W48/><AGARI ba="0,0" hai="4,5,7,37,41,47,48,49,108,110,111" m="41111" machi="48" ten="40,8000,1" yaku="14,1,52,3" doraHai="1" who="3" fromWho="3" sc="225,-20,207,-20,241,-40,327,80" />
</Scene>
<Scene>
<INIT seed="3,0,0,1,1,58" ten="205,187,201,407" oya="3" hai0="10,85,115,69,40,84,46,132,105,128,77,124,32" hai1="89,71,28,34,131,1,44,51,107,49,106,68,102" hai2="91,42,117,75,5,43,59,66,52,86,96,47,81" hai3="37,18,60,120,0,33,118,94,35,73,108,134,17"/><W119/><G37/><T63/><D105/><U104/><E131/><V74/><F117/><W25/><G73/><T101/><D101/><U21/><E1/><V130/><F130/><W93/><G0/><T72/><D32/><U99/><E34/><V54/><F5/><W19/><G134/><T23/><D132/><U88/><E28/><V65/><F75/><W45/><G45/><T122/><D122/><U100/><E21/><V112/><F74/><W109/><G18/><T3/><D23/><U125/><E125/><V64/><F112/><W9/><G9/><T48/><D124/><U123/><E123/><V16/><F96/><W79/><G79/><T116/><D116/><U38/><E38/><V15/><F47/><W50/><G50/><N who="1" m="18954" /><E99/><V133/><F133/><W55/><G120/><T110/><D115/><U53/><E53/><N who="2" m="20587" /><F59/><W31/><G55/><T12/><D3/><U126/><E44/><V61/><F61/><W57/><G57/><T129/><D129/><U97/><E97/><V26/><F26/><W13/><G13/><T135/><D135/><U121/><E121/><V87/><F86/><W56/><G56/><T103/><D85/><U6/><E6/><V114/><F114/><W113/><G113/><T70/><D72/><U98/><E98/><V24/><F24/><W80/><G25/><T27/><D27/><U127/><E127/><V22/><AGARI ba="0,0" hai="15,16,22,42,43,64,65,66,81,87,91" m="20587" machi="22" ten="30,4000,0" yaku="8,1,54,2" doraHai="58" who="2" fromWho="2" sc="205,-10,187,-10,201,40,407,-20" />
</Scene>
<Scene>
<INIT seed="4,0,0,4,2,129" ten="195,177,241,387" oya="0" hai0="117,47,86,115,33,120,51,57,45,88,62,68,102" hai1="100,110,15,132,79,42,69,64,55,26,67,28,6" hai2="13,124,34,90,81,109,54,72,128,37,53,17,1" hai3="16,135,91,66,82,9,14,50,121,20,106,104,36"/><T19/><D117/><U122/><E110/><V118/><F109/><W77/><G36/><T31/><D120/><U25/><E122/><V5/><F34/><W93/><G66/><N who="1" m="25130" /><E100/><V123/><F123/><W130/><G130/><T35/><D68/><U80/><E69/><V46/><F128/><W92/><G92/><T71/><D71/><U63/><E42/><N who="2" m="22863" /><F90/><W8/><G8/><T12/><D115/><U73/><E28/><V18/><F18/><W74/><G50/><T107/><D107/><U43/><E43/><V29/><F29/><W97/><G121/><T95/><D102/><U21/><E73/><V85/><F85/><N who="3" m="52463" /><G20/><T99/><D86/><N who="1" m="48415" /><E132/><V58/><F72/><W11/><G11/><T3/><D35/><U101/><E101/><V133/><F133/><W87/><G87/><T7/><D33/><U108/><E108/><V24/><F1/><W44/><G44/><T119/><D3/><U76/><E76/><V38/><F38/><W2/><G2/><T52/><D47/><U89/><E89/><V103/><F103/><N who="3" m="62575" /><G106/><T112/><D119/><U30/><E30/><V23/><F118/><W134/><AGARI ba="0,0" hai="9,14,16,74,77,82,134,135" m="62575,52463" machi="134" ten="30,7900,0" yaku="24,1,52,2,54,1" doraHai="129" who="3" fromWho="3" sc="195,-39,177,-20,241,-20,387,79" />
</Scene>
<Scene>
<INIT seed="5,0,0,4,2,83" ten="156,157,221,466" oya="1" hai0="81,45,103,96,67,9,126,120,114,31,66,118,32" hai1="111,78,62,125,52,77,131,88,41,0,128,129,97" hai2="26,105,5,13,60,135,11,28,24,57,106,93,12" hai3="55,92,51,49,14,80,69,34,3,54,47,4,108"/><U101/><E0/><V65/><F135/><W1/><G34/><T17/><D118/><U2/><E2/><V56/><F24/><W36/><G69/><T20/><D114/><U117/><E117/><V89/><F56/><W112/><G36/><T95/><D126/><U48/><E125/><V61/><F61/><W84/><G108/><T18/><D32/><U42/><E111/><V122/><F13/><W107/><G107/><T8/><D31/><U133/><E133/><V104/><F122/><W44/><G92/><T21/><D120/><U39/><E39/><V109/><F109/><W123/><G112/><T25/><D45/><U70/><E101/><V75/><F75/><W64/><G64/><N who="0" m="24619" /><D81/><U87/><E97/><V127/><F127/><W130/><G130/><T110/><D110/><U53/><E62/><V63/><F63/><W85/><G80/><T7/><D7/><U58/><E70/><V40/><F40/><N who="1" m="15465" /><E53/><V121/><F121/><W100/><G123/><T86/><D86/><U115/><E115/><V27/><REACH who="2" step="1"/><F28/><REACH who="2" ten="156,157,211,466" step="2"/><W68/><G68/><T72/><D72/><U50/><E50/><V59/><F59/><W19/><G1/><T76/><D76/><U30/><E30/><V102/><F102/><W6/><G100/><T73/><D73/><U98/><E98/><AGARI ba="0,1" hai="5,11,12,26,27,57,60,65,89,93,98,104,105,106" machi="98" ten="40,2600,0" yaku="1,1,53,1" doraHai="83" doraHaiUra="10" who="2" fromWho="1" sc="156,0,157,-26,211,36,466,0" />
</Scene>
<Scene>
<INIT seed="6,0,0,2,0,79" ten="156,131,247,466" oya="2" hai0="83,44,57,59,88,36,22,5,91,95,103,71,7" hai1="126,130,125,37,63,111,87,93,89,127,27,84,132" hai2="54,39,4,31,32,0,98,102,110,62,33,11,43" hai3="134,104,99,75,81,131,50,53,72,133,73,38,77"/><V30/><F110/><W52/><G38/><T67/><D71/><U65/><E37/><V12/><F30/><W119/><G119/><T69/><D69/><U61/><E111/><V116/><F116/><W47/><G131/><T9/><D103/><U48/><E130/><V60/><F12/><W129/><G129/><T97/><D36/><U107/><E107/><V1/><F1/><W117/><G117/><T96/><D44/><U135/><E48/><V20/><F20/><W34/><G34/><T46/><D46/><U6/><E6/><N who="0" m="2057" /><D9/><U109/><E27/><V49/><F43/><W76/><G76/><T108/><D108/><U66/><E109/><V15/><F0/><W74/><G53/><T56/><D22/><U51/><E51/><V28/><F39/><W115/><G115/><T3/><D3/><U86/><E89/><V120/><F120/><W18/><G18/><T121/><D121/><U112/><E93/><N who="2" m="58703" /><F33/><W122/><G122/><T85/><D97/><U16/><E112/><V25/><F31/><W29/><G29/><T24/><D24/><U40/><E16/><V113/><F113/><W2/><G2/><T21/><D21/><U10/><E10/><V124/><F25/><W106/><G99/><T35/><D35/><U80/><E80/><V94/><F32/><W58/><G47/><T8/><D8/><U42/><E135/><AGARI ba="0,0" hai="50,52,58,72,73,74,75,77,81,104,106,133,134,135" machi="135" ten="50,6400,0" yaku="20,1,52,1,54,1" doraHai="79" who="3" fromWho="1" sc="156,0,131,-64,247,0,466,64" />
</Scene>
<Scene>
<INIT seed="7,0,0,0,1,97" ten="156,67,247,530" oya="3" hai0="76,24,23,124,109,113,40,54,87,42,103,1,3" hai1="79,107,28,119,114,131,34,59,89,18,44,110,122" hai2="133,112,130,98,73,90,33,83,95,66,36,135,86" hai3="69,4,72,51,125,126,127,123,134,21,65,5,17"/><W75/><G123/><T92/><D109/><U27/><E79/><N who="2" m="44527" /><F33/><W108/><G108/><T74/><D3/><U15/><E89/><N who="2" m="55663" /><F36/><W6/><G134/><N who="2" m="51209" /><F66/><W38/><G38/><T46/><D124/><U12/><E107/><V57/><F57/><W50/><G65/><T116/><D116/><U37/><E59/><V47/><F47/><W43/><G69/><T19/><D1/><U41/><E122/><V11/><F11/><W100/><G100/><T115/><D74/><N who="3" m="28201" /><G43/><T32/><D115/><U58/><E114/><V25/><F25/><AGARI ba="0,0" hai="4,5,6,17,21,25,50,51,125,126,127" m="28201" machi="25" ten="40,2000,0" yaku="18,1" doraHai="97" who="3" fromWho="2" sc="156,0,67,0,247,-20,530,20" owari="156,-24.0,67,-43.0,227,3.0,550,64.0" />
</Scene>
</mjloggm>