<mjloggm ver="2.3"><GO type="169" lobby="0"/><UN n0="%E3%83%8F%E3%82%A4%E3%83%86%E3%83%B3%E3%83%9C%E3%83%BC" n1="%E3%83%81%E3%83%A5%E3%83%AB%E3%82%B9" n2="%E7%94%9F%E3%81%8D%E3%81%A6%E3%81%A6%E3%82%88%E3%81%8B%E3%81%A3%E3%81%9F" n3="%E3%81%99%E3%81%9A%E3%82%81%E3%82%AF%E3%83%AC%E3%82%A4%E3%82%B8%E3%83%BC" dan="16,16,16,19" rate="2158.74,2121.48,2089.33,2288.53" sx="M,M,F,M"/><TAIKYOKU oya="0"/>

<Scene>
<INIT seed="0,0,0,4,2,114" ten="250,250,250,250" oya="0" hai0="133,52,135,51,4,82,115,108,73,44,46,49,67" hai1="27,3,120,36,76,86,15,24,9,0,19,34,124" hai2="98,87,74,30,32,22,123,70,41,75,107,39,56" hai3="90,35,53,47,45,29,125,118,94,85,131,26,25"/><T128/><D4/><U80/><E36/><V119/><F56/><W11/><G131/><T40/><D115/><U23/><E120/><V101/><F22/><W6/><G125/><T33/><D33/><U66/><E124/><V43/><F87/><W37/><G26/><T113/><D113/><U21/><E66/><V102/><F102/><W130/><G130/><T50/><D128/><U105/><E105/><V57/><F57/><W122/><G122/><T97/><D97/><U95/><E95/><V71/><F41/><W5/><G5/><T100/><D100/><U20/><REACH who="1" step="1"/><E34/><REACH who="1" ten="250,240,250,250" step="2"/><V117/><F123/><W106/><G106/><T10/><D67/><U38/><E38/><V48/><F48/><W61/><G37/><T104/><D104/><U63/><E63/><V78/><F70/><W69/><G69/><T88/><D51/><U81/><E81/><N who="2" m="45271" /><F71/><W68/><G68/><T129/><D129/><U99/><E99/><V59/><F59/><W54/><G61/><T89/><D10/><U103/><E103/><V132/><F98/><W84/><G11/><T62/><D62/><U58/><E58/><V111/><F101/><W1/><G35/><T64/><D64/><U12/><E12/><V93/><F107/><W31/><G1/><AGARI ba="0,1" hai="0,1,3,9,15,19,20,21,23,24,27,76,80,86" machi="1" ten="40,1300,0" yaku="1,1,53,0" doraHai="114" doraHaiUra="28" who="1" fromWho="3" sc="250,0,240,23,250,0,250,-13" />
</Scene>
<Scene>
<INIT seed="1,0,0,2,1,114" ten="250,263,250,237" oya="1" hai0="56,79,129,38,42,59,111,15,74,102,33,45,101" hai1="24,76,77,115,127,39,35,67,10,72,54,3,128" hai2="53,14,19,4,98,92,36,64,49,1,95,9,108" hai3="126,61,122,22,96,109,71,20,17,26,99,68,25"/><U6/><E115/><V106/><F36/><W43/><G109/><T27/><D111/><U133/><E133/><V51/><F64/><W84/><G126/><T52/><D129/><U63/><E128/><V29/><F106/><W105/><G43/><T121/><D59/><U86/><E127/><V60/><F108/><W132/><G132/><T30/><D121/><U7/><E7/><V48/><F29/><W11/><G11/><T70/><D70/><U88/><E54/><V100/><F60/><W116/><G84/><T131/><D131/><U130/><E39/><V93/><REACH who="2" step="1"/><F53/><REACH who="2" ten="250,263,240,237" step="2"/><W47/><G61/><T46/><D46/><U65/><E130/><V8/><AGARI ba="0,1" hai="1,4,8,9,14,19,48,49,51,92,93,95,98,100" machi="8" ten="30,4000,0" yaku="1,1,2,1,0,1,53,0" doraHai="114" doraHaiUra="18" who="2" fromWho="2" sc="250,-10,263,-20,240,50,237,-10" />
</Scene>
<Scene>
<INIT seed="2,0,0,3,0,114" ten="240,243,290,227" oya="2" hai0="113,130,121,54,101,108,88,11,60,49,72,9,15" hai1="128,50,19,79,83,37,134,38,106,77,31,21,1" hai2="61,104,97,46,86,118,26,85,119,3,135,68,12" hai3="69,111,58,43,57,123,110,29,133,125,132,127,32"/><V120/><F120/><W35/><G29/><T78/><D121/><U70/><E70/><V14/><F3/><W7/><G123/><T45/><D113/><U59/><E1/><V44/><F26/><W107/><G107/><T28/><D101/><U102/><E31/><V105/><F68/><W27/><G27/><T95/><D130/><U84/><E134/><N who="3" m="51818" /><G7/><T124/><D124/><N who="3" m="47689" /><G69/><T51/><D28/><U80/><E128/><V71/><F135/><W36/><G43/><T33/><D33/><N who="3" m="12873" /><G36/><T10/><D60/><U103/><E106/><V112/><F71/><W40/><G40/><T4/><D51/><U122/><E122/><V13/><F61/><W115/><G115/><T64/><D64/><U90/><E38/><V5/><F14/><W0/><G0/><T23/><D72/><U2/><E2/><V129/><F112/><W96/><G96/><T92/><D78/><U98/><E98/><V73/><F97/><W18/><G18/><T16/><D95/><U126/><E37/><V47/><F47/><W25/><G25/><N who="0" m="14567" /><D108/><AGARI ba="0,0" hai="57,58,108,110,111" m="12873,47689,51818" machi="108" ten="40,8000,1" yaku="28,2,14,1,20,1,18,1" doraHai="114" who="3" fromWho="0" sc="240,-80,243,0,290,0,227,80" />
</Scene>
<Scene>
<INIT seed="3,0,0,3,2,125" ten="160,243,290,307" oya="3" hai0="77,61,25,59,36,4,44,112,101,87,81,34,50" hai1="71,88,37,124,11,115,9,35,19,103,84,90,119" hai2="55,83,62,47,113,118,43,128,22,41,7,89,98" hai3="54,116,42,107,99,132,105,69,96,108,106,56,123"/><W73/><G123/><T122/><D122/><U100/><E71/><V76/><F113/><W111/><G116/><T78/><D36/><U65/><E37/><V12/><F118/><W80/><G69/><T31/><D112/><U74/><E115/><V117/><F117/><W21/><G42/><T13/><D101/><U30/><E74/><V126/><F126/><W23/><G132/><T6/><D78/><U53/><E65/><V85/><F128/><W120/><G80/><T1/><D1/><U29/><E35/><V121/><F121/><W97/><G73/><T33/><D33/><U27/><E124/><V127/><F127/><W45/><G45/><T24/><D24/><U5/><E119/><V66/><F98/><W15/><G15/><T3/><D3/><U102/><E90/><V95/><F55/><W114/><G114/><T94/><D94/><U91/><E91/><V20/><F95/><W2/><G2/><T52/><REACH who="0" step="1"/><D13/><REACH who="0" ten="150,243,290,307" step="2"/><U130/><E27/><V93/><F93/><W92/><G92/><T10/><D10/><U57/><E11/><N who="2" m="4223" /><F89/><W17/><G120/><T60/><D60/><N who="1" m="35887" /><E5/><V18/><F20/><W79/><G79/><T129/><D129/><U46/><E130/><V64/><F62/><N who="3" m="36119" /><G17/><T51/><D51/><U133/><E133/><V135/><F135/><W75/><G75/><T134/><D134/><U131/><E131/><V0/><F0/><W14/><G14/><T48/><D48/><U109/><E19/><V86/><F76/><W63/><G63/><T32/><D32/><U28/><E9/><V72/><F18/><W8/><G8/><RYUUKYOKU ba="0,1" sc="150,15,243,-15,290,-15,307,15" hai0="4,6,25,31,34,44,50,52,59,61,77,81,87" hai3="21,23,96,97,99,105,106,107,108,111" />
</Scene>
<Scene>
<INIT seed="3,1,1,2,4,22" ten="165,228,275,322" oya="3" hai0="18,122,126,117,53,66,7,116,101,11,24,99,39" hai1="57,127,28,93,10,120,19,13,52,5,27,94,60" hai2="58,46,131,43,86,35,103,72,121,91,105,3,47" hai3="96,95,119,88,109,63,79,69,34,90,84,70,41"/><W61/><G119/><T31/><D122/><U30/><E127/><V78/><F3/><W128/><G128/><T115/><D126/><U44/><E120/><V64/><F121/><W114/><G114/><T80/><D39/><U89/><E44/><V15/><F35/><W48/><G34/><T42/><D42/><U68/><E68/><V36/><F47/><N who="3" m="25711" /><G70/><T29/><D115/><U134/><E134/><V37/><F131/><W65/><G69/><T0/><D18/><U1/><E1/><V106/><F106/><W40/><G40/><T71/><D80/><U100/><E100/><V17/><F37/><W38/><G65/><T104/><D53/><U49/><E49/><V113/><F113/><W8/><G109/><T75/><D31/><N who="1" m="11819" /><E89/><V97/><F64/><W26/><G8/><T56/><D56/><U67/><E67/><V123/><F58/><W12/><G12/><T77/><D77/><U21/><AGARI ba="1,1" hai="5,10,13,19,21,27,52,57,60,93,94" m="11819" machi="21" ten="30,4000,0" yaku="8,1,52,1,54,1" doraHai="22" who="1" fromWho="1" sc="165,-11,228,53,275,-11,322,-21" />
</Scene>
<Scene>
<INIT seed="4,0,0,0,3,38" ten="154,281,264,301" oya="0" hai0="11,106,128,28,69,108,55,61,126,95,54,2,12" hai1="13,56,124,81,3,25,44,72,1,116,80,51,57" hai2="26,125,84,32,62,113,39,19,83,111,75,23,7" hai3="0,100,119,67,101,37,10,71,41,120,14,74,24"/><T49/><D106/><U76/><E116/><V86/><F111/><W114/><G119/><T22/><D2/><U102/><E124/><V79/><F113/><W112/><G74/><T65/><D126/><U46/><E102/><V103/><F103/><W88/><G0/><T132/><D108/><U45/><E25/><V109/><F109/><W47/><G24/><T85/><D128/><U9/><E81/><V82/><F7/><W118/><G120/><T8/><D132/><U121/><E121/><V99/><F99/><W31/><G31/><T21/><D55/><U30/><E30/><V96/><F96/><W35/><G35/><T15/><D28/><U27/><E27/><V53/><F39/><W5/><G71/><T123/><D123/><U90/><E90/><V107/><F107/><W43/><G67/><T6/><D85/><U92/><E92/><V50/><F62/><W115/><G118/><T94/><D94/><U48/><E57/><V130/><F130/><W29/><G29/><T98/><D95/><U129/><E129/><V18/><F32/><W59/><G59/><T93/><D54/><U40/><E56/><N who="2" m="32823" /><F125/><W91/><G101/><T16/><REACH who="0" step="1"/><D49/><REACH who="0" ten="144,281,264,301" step="2"/><U58/><E3/><V64/><F75/><W87/><G87/><T104/><D104/><U117/><E1/><V52/><F52/><W78/><G114/><T34/><D34/><U73/><E117/><V66/><F84/><W60/><G112/><T20/><D20/><U77/><E51/><V131/><F131/><W36/><G115/><T97/><D97/><U17/><E58/><V33/><F33/><RYUUKYOKU ba="0,1" sc="144,15,281,15,264,-15,301,-15" hai0="6,8,11,12,15,16,21,22,61,65,69,93,98" hai1="9,13,17,40,44,45,46,48,72,73,76,77,80" />
</Scene>
<Scene>
<INIT seed="4,1,1,4,0,54" ten="159,296,249,286" oya="0" hai0="109,76,11,78,124,25,28,8,51,4,133,113,9" hai1="101,35,17,66,83,27,129,47,50,16,93,95,6" hai2="52,24,108,43,122,65,125,77,5,87,128,112,63" hai3="84,38,46,64,37,70,41,96,71,123,99,42,30"/><T72/><D72/><U15/><E129/><V88/><F108/><W121/><G30/><T45/><D109/><U62/><E83/><V68/><F122/><W115/><G84/><T134/><D4/><U92/><E6/><V53/><F128/><W75/><G115/><T104/><D104/><U58/><E35/><V98/><F112/><W36/><G75/><T14/><D14/><U118/><E118/><V1/><F43/><N who="3" m="16395" /><G46/><T18/><D18/><U132/><E132/><N who="0" m="50793" /><D113/><U106/><E106/><V32/><F125/><W13/><G13/><T57/><D124/><U126/><E126/><V40/><F40/><W105/><G105/><T80/><D45/><U12/><E101/><V119/><F98/><N who="3" m="37419" /><G64/><T23/><D80/><U111/><E111/><V97/><F97/><W22/><G22/><T91/><D91/><U33/><E33/><V34/><F77/><W103/><G103/><T56/><D51/><U39/><E39/><V117/><F117/><W130/><G130/><T90/><D90/><U116/><E116/><V114/><F119/><W85/><G85/><T26/><D26/><U21/><E17/><V74/><F74/><W131/><G131/><T102/><D102/><U61/><E61/><V20/><F114/><W79/><G79/><AGARI ba="1,1" hai="8,9,11,23,25,28,56,57,76,78,79" m="50793" machi="79" ten="30,5800,0" yaku="20,1,52,2" doraHai="54" who="0" fromWho="3" sc="159,71,296,0,249,0,286,-61" />
</Scene>
<Scene>
<INIT seed="4,2,0,0,3,79" ten="230,296,249,225" oya="0" hai0="128,126,5,74,1,125,70,6,53,80,114,0,57" hai1="56,29,30,34,134,38,104,107,98,13,55,18,44" hai2="17,28,46,103,85,22,118,26,78,106,132,33,73" hai3="86,49,92,124,100,96,3,32,16,51,24,111,135"/><T115/><D70/><U119/><E119/><V110/><F110/><W91/><G3/><T81/><D74/><U117/><E117/><V130/><F130/><W2/><G2/><T61/><D128/><U64/><E64/><V9/><F118/><W62/><G111/><T27/><D27/><U40/><E134/><V87/><F132/><W36/><G36/><T120/><D120/><U72/><E72/><V101/><F9/><W20/><G32/><T88/><D1/><U58/><E58/><V69/><F69/><W19/><G124/><N who="0" m="47723" /><D0/><U89/><E34/><V102/><F106/><W113/><G113/><N who="0" m="43019" /><D88/><U84/><E98/><V11/><F33/><W50/><G135/><T47/><D47/><U65/><E107/><V68/><F68/><W23/><G86/><T123/><D123/><U77/><E104/><V90/><F46/><W63/><G91/><T15/><D15/><AGARI ba="2,0" hai="15,16,19,20,23,24,49,50,51,62,63,92,96,100" machi="15" ten="40,2600,0" yaku="8,1,54,1" doraHai="79" who="3" fromWho="0" sc="230,-32,296,0,249,0,225,32" />
</Scene>
<Scene>
<INIT seed="5,0,0,4,1,38" ten="198,296,249,257" oya="1" hai0="134,84,73,114,4,22,31,89,25,10,82,59,48" hai1="87,13,17,130,78,131,93,57,94,72,27,41,55" hai2="98,34,54,21,42,50,81,74,112,33,14,123,53" hai3="85,110,19,2,26,60,76,12,5,40,119,3,83"/><U116/><E116/><V91/><F123/><W36/><G110/><T129/><D114/><U18/><E72/><V35/><F112/><W16/><G119/><T58/><D134/><U70/><E70/><V67/><F67/><W9/><G60/><T107/><D107/><U8/><E41/><V7/><F74/><W79/><G79/><T111/><D111/><U99/><E27/><V32/><F81/><W102/><G102/><T135/><D129/><N who="1" m="49163" /><E18/><V86/><F98/><W6/><G26/><T49/><D135/><U71/><E71/><V28/><F28/><W95/><G95/><T66/><D73/><U29/><E29/><V122/><F122/><W47/><REACH who="3" step="1"/><G19/><REACH who="3" ten="198,296,249,247" step="2"/><T46/><D66/><U44/><E99/><V132/><F132/><W65/><G65/><T68/><D68/><U115/><E115/><V24/><F24/><W64/><G64/><T108/><D108/><U106/><E106/><V109/><F109/><W15/><G15/><N who="0" m="5575" /><D49/><N who="1" m="29095" /><E57/><V80/><F34/><W20/><G20/><T103/><D103/><U133/><E133/><V56/><F32/><W101/><G101/><T77/><D77/><U69/><E69/><V30/><F35/><W61/><G61/><T126/><D126/><U128/><E128/><V96/><F33/><W63/><G63/><T0/><D0/><AGARI ba="0,1" hai="0,2,3,5,6,9,12,16,36,40,47,76,83,85" machi="0" ten="40,8000,1" yaku="1,1,52,1,54,1,53,1" doraHai="38" doraHaiUra="75" who="3" fromWho="0" sc="198,-80,296,0,249,0,247,90" />
</Scene>
<Scene>
<INIT seed="6,0,0,5,0,129" ten="118,296,249,337" oya="2" hai0="85,44,24,108,52,15,89,42,126,117,115,28,92" hai1="84,17,5,68,94,100,0,86,76,56,116,47,60" hai2="27,104,128,7,63,102,4,19,74,43,113,29,133" hai3="130,114,72,21,23,135,91,134,109,64,41,83,30"/><V59/><F74/><W127/><G109/><T120/><D108/><U54/><E116/><V118/><F43/><W9/><G130/><T36/><D120/><U31/><E68/><V122/><F19/><W121/><G64/><T110/><D110/><U40/><E31/><V45/><F45/><W55/><G9/><T101/><D117/><U12/><E5/><V73/><F73/><W33/><G127/><T81/><D126/><U96/><E76/><V119/><F122/><W125/><G125/><T79/><D115/><U106/><E106/><V99/><F118/><W49/><G33/><T111/><D111/><U1/><E1/><V67/><F113/><W82/><G30/><T105/><D15/><U58/><E58/><V112/><F112/><W50/><G41/><T2/><D2/><U88/><E100/><V95/><F104/><W124/><G114/><T20/><D105/><U46/><E0/><V53/><F53/><W69/><G69/><T131/><D131/><U48/><REACH who="1" step="1"/><E46/><REACH who="1" ten="118,286,249,337" step="2"/><V80/><F119/><W38/><G124/><T13/><D101/><U26/><E26/><V34/><F7/><W75/><G121/><T6/><D6/><U123/><E123/><V87/><F4/><W132/><G91/><T25/><D25/><U32/><E32/><V8/><F128/><W103/><G103/><T107/><D107/><U22/><AGARI ba="0,1" hai="12,17,22,40,47,48,54,56,60,84,86,88,94,96" machi="22" ten="20,8000,1" yaku="1,1,0,1,7,1,8,1,54,1,53,0" doraHai="129" doraHaiUra="66" who="1" fromWho="1" sc="118,-20,286,90,249,-40,337,-20" />
</Scene>
<Scene>
<INIT seed="7,0,0,0,5,88" ten="98,376,209,317" oya="3" hai0="51,116,31,1,90,30,126,5,101,52,68,71,48" hai1="53,108,98,122,103,2,54,25,77,81,95,11,65" hai2="67,127,61,91,46,112,39,17,80,73,96,86,19" hai3="113,131,0,44,37,66,14,59,129,119,20,105,8"/><W94/><G105/><T111/><D111/><U63/><E108/><V130/><F112/><W26/><G119/><T15/><D116/><U97/><E97/><V38/><F73/><W62/><G0/><T124/><D1/><U56/><E122/><V118/><F118/><W12/><G113/><T35/><D101/><U29/><E11/><V3/><F3/><W34/><G34/><T104/><D104/><U123/><E2/><V58/><F127/><W82/><G82/><T106/><D106/><U114/><E114/><V45/><F38/><W100/><G37/><T132/><D132/><U55/><E55/><V109/><F109/><W74/><G44/><N who="2" m="17001" /><F130/><N who="3" m="49675" /><G74/><T134/><D134/><U115/><E123/><V84/><F84/><W6/><G6/><T27/><D31/><U33/><E115/><V78/><F39/><W135/><G8/><T121/><D121/><U125/><E125/><V41/><F41/><W102/><G102/><T13/><D126/><U117/><E117/><V43/><F43/><W7/><G7/><T92/><D124/><U128/><E128/><V42/><F42/><W23/><G23/><T28/><D28/><U64/><E64/><V79/><F79/><W99/><G135/><T40/><D40/><U57/><E57/><V22/><F22/><W76/><G76/><T133/><D133/><U21/><E33/><V85/><F96/><W32/><G32/><T49/><D52/><U107/><E107/><V60/><F60/><W75/><G75/><AGARI ba="0,0" hai="21,25,29,53,54,56,63,65,75,77,81,95,98,103" machi="75" ten="30,7700,0" yaku="7,1,25,2,52,1" doraHai="88" who="1" fromWho="3" sc="98,0,376,77,209,0,317,-77" owari="98,-40.0,453,55.0,209,-19.0,240,4.0" />
</Scene>
</mjloggm>