<mjloggm ver="2.3"><GO type="169" lobby="0"/><UN n0="%6A%61%73%6D%69%6E%65%33" n1="%E3%83%94%E3%82%A3%38%31%30" n2="%E3%81%99%E3%81%9A%E3%82%81%E3%82%AF%E3%83%AC%E3%82%A4%E3%82%B8%E3%83%BC" n3="%6D%61%63%6A%72" dan="16,17,19,17" rate="2113.08,2127.43,2295.87,2250.01" sx="M,M,M,M"/><TAIKYOKU oya="0"/>

<Scene>
<INIT seed="0,0,0,4,0,58" ten="250,250,250,250" oya="0" hai0="31,123,28,25,114,110,2,134,5,117,72,49,18" hai1="65,127,84,45,50,108,16,107,32,77,48,7,115" hai2="15,86,69,41,63,11,74,103,101,12,81,88,130" hai3="39,78,118,100,119,111,76,112,47,38,53,93,97"/><T46/><D72/><U99/><E108/><V8/><F130/><W85/><G112/><T23/><D114/><U44/><E32/><V92/><F41/><W51/><G111/><T20/><D110/><U57/><E7/><V26/><F26/><W30/><G30/><T90/><D123/><U29/><E29/><V1/><F1/><W33/><G33/><T0/><D117/><U122/><E127/><V105/><F105/><W71/><G71/><T54/><D134/><U67/><E122/><V131/><F131/><W129/><G129/><T121/><D121/><U52/><E107/><V19/><F74/><W75/><G75/><T133/><D133/><U3/><E99/><V37/><F37/><W56/><G39/><T125/><D125/><U22/><E3/><V83/><F103/><W82/><G78/><T104/><D104/><U35/><E35/><V79/><F101/><W113/><G113/><T27/><D5/><U109/><E109/><V73/><F81/><W40/><AGARI ba="0,0" hai="38,40,47,51,53,56,76,82,85,93,97,100,118,119" machi="40" ten="30,1100,0" yaku="0,1" doraHai="58" who="3" fromWho="3" sc="250,-5,250,-3,250,-3,250,11" />
</Scene>
<Scene>
<INIT seed="1,0,0,0,1,124" ten="245,247,247,261" oya="1" hai0="25,33,79,109,80,91,83,128,56,78,129,74,14" hai1="115,47,111,104,32,8,94,71,41,133,114,15,51" hai2="3,59,54,107,10,17,97,39,2,4,100,82,27" hai3="123,37,122,1,117,95,18,92,21,12,77,63,67"/><U96/><E71/><V53/><F39/><W6/><G37/><T130/><D109/><U106/><E32/><V72/><F2/><W87/><G117/><T24/><D33/><U84/><E133/><V70/><F70/><W42/><G42/><T131/><D131/><U89/><E111/><V30/><F17/><W62/><G1/><T118/><D118/><U120/><E120/><V93/><F107/><W43/><G43/><T76/><D14/><U127/><E127/><V134/><F134/><W35/><G35/><T60/><D91/><U73/><E73/><V13/><F3/><W34/><G34/><T38/><D38/><U23/><E23/><V132/><F132/><W105/><G105/><T90/><D90/><U58/><E58/><V48/><F72/><W103/><G6/><T45/><D45/><U119/><E119/><V0/><F82/><N who="0" m="31274" /><D74/><U57/><E57/><V86/><F86/><W5/><G5/><T125/><D125/><U44/><E44/><V46/><F0/><W85/><G77/><T31/><D31/><U66/><E66/><AGARI ba="0,0" hai="24,25,56,60,66,76,78,79,128,129,130" m="31274" machi="66" ten="40,8000,1" yaku="19,1,52,3" doraHai="124" who="0" fromWho="1" sc="245,80,247,-80,247,0,261,0" />
</Scene>
<Scene>
<INIT seed="2,0,0,5,0,53" ten="325,167,247,261" oya="2" hai0="23,38,119,20,32,122,30,52,75,117,90,110,73" hai1="78,45,8,10,44,55,76,21,74,5,133,31,59" hai2="1,0,94,132,82,19,33,65,22,28,61,12,4" hai3="99,70,26,101,129,92,72,102,39,2,128,115,60"/><V27/><F132/><W69/><G2/><T86/><D122/><U51/><E133/><V6/><F82/><W37/><G72/><T9/><D38/><N who="3" m="14345" /><G115/><T80/><D110/><U88/><E10/><V14/><F94/><W71/><G26/><N who="0" m="18519" /><D9/><U41/><E45/><V36/><F36/><W11/><G11/><T16/><D23/><U17/><E31/><V47/><F47/><W126/><G126/><T81/><D81/><U124/><E74/><V25/><F61/><W63/><G101/><T56/><D20/><U84/><E124/><V57/><F65/><W54/><G54/><T121/><D16/><U98/><E98/><V93/><F93/><W79/><G79/><T108/><D108/><U13/><E41/><V116/><F57/><W62/><G92/><T24/><D24/><U91/><E91/><V131/><F116/><N who="0" m="44618" /><D121/><U97/><E97/><V58/><F58/><W120/><G99/><T3/><D3/><N who="2" m="1098" /><F131/><N who="3" m="50251" /><G102/><T40/><D40/><U67/><E67/><V64/><F64/><W118/><G118/><T48/><AGARI ba="0,0" hai="48,52,56,73,75,80,86,90" m="44618,18519" machi="48" ten="30,4000,0" yaku="12,1,52,1,54,1" doraHai="53" who="0" fromWho="0" sc="325,40,167,-10,247,-20,261,-10" />
</Scene>
<Scene>
<INIT seed="3,0,0,3,0,104" ten="365,157,227,251" oya="3" hai0="65,17,112,47,35,41,40,77,34,23,124,2,57" hai1="39,58,119,83,100,88,15,71,81,79,13,126,108" hai2="6,48,74,62,16,115,55,3,30,25,69,38,125" hai3="107,50,68,87,121,54,20,134,76,31,46,26,63"/><W1/><G121/><T120/><D2/><U18/><E71/><V33/><F38/><W135/><G107/><T89/><D120/><U52/><E39/><V7/><F115/><W101/><G1/><T85/><D77/><U91/><E119/><V118/><F125/><W11/><G101/><T131/><D124/><U66/><E126/><V80/><F118/><W67/><REACH who="3" step="1"/><G11/><REACH who="3" ten="365,157,227,241" step="2"/><T45/><D112/><U84/><E100/><V27/><F3/><W36/><G36/><T49/><D131/><U61/><E108/><V122/><F122/><W42/><G42/><T82/><D40/><U21/><E15/><V78/><F27/><W93/><G93/><T116/><D41/><U110/><E110/><V64/><REACH who="2" step="1"/><F16/><REACH who="2" ten="365,157,217,241" step="2"/><W60/><G60/><T8/><D116/><U56/><REACH who="1" step="1"/><E81/><AGARI ba="0,2" hai="20,26,31,46,50,54,63,67,68,76,81,87,134,135" machi="81" ten="40,2000,0" yaku="1,1,53,0" doraHai="104" doraHaiUra="109" who="3" fromWho="1" sc="365,0,157,-20,217,0,241,40" />
</Scene>
<Scene>
<INIT seed="3,1,0,2,3,34" ten="365,137,217,281" oya="3" hai0="129,69,41,4,115,109,86,80,99,113,25,58,60" hai1="83,101,59,61,47,133,62,76,12,22,67,112,26" hai2="73,94,40,106,35,7,126,11,91,66,122,74,63" hai3="48,111,44,110,77,124,37,1,130,15,118,45,43"/><W18/><G118/><T119/><D119/><U98/><E133/><V31/><F126/><W28/><G124/><T56/><D109/><N who="3" m="41481" /><G130/><T72/><D72/><U54/><E112/><N who="0" m="43081" /><D4/><U53/><E12/><V78/><F40/><N who="3" m="22543" /><G28/><T30/><D41/><U125/><E125/><V14/><F106/><W79/><G1/><T97/><D69/><U135/><E135/><V108/><F78/><W38/><G38/><T100/><D129/><U0/><E47/><V81/><F81/><W52/><G43/><T5/><D5/><U13/><E13/><V90/><F122/><W105/><G105/><N who="0" m="63631" /><D99/><U19/><E0/><V29/><F108/><W96/><G96/><T71/><D71/><U114/><E114/><V9/><F74/><W46/><G46/><T27/><D30/><U132/><E132/><V55/><F73/><W127/><G127/><T17/><D17/><U92/><REACH who="1" step="1"/><E62/><REACH who="1" ten="365,127,217,281" step="2"/><V102/><F63/><W134/><G134/><T88/><D60/><U87/><AGARI ba="1,1" hai="19,22,26,53,54,59,61,67,76,83,87,92,98,101" machi="87" ten="20,8000,1" yaku="1,1,2,1,0,1,7,1,8,1,53,0" doraHai="34" doraHaiUra="10" who="1" fromWho="1" sc="365,-21,127,93,217,-21,281,-41" />
</Scene>
<Scene>
<INIT seed="4,0,0,1,0,56" ten="344,220,196,240" oya="0" hai0="90,46,37,109,22,7,122,21,38,0,5,39,106" hai1="63,60,29,9,34,120,74,111,89,128,80,12,31" hai2="107,73,52,99,40,113,81,51,27,55,132,105,96" hai3="72,26,91,48,42,19,100,69,13,133,44,124,64"/><T70/><D122/><U97/><E120/><V54/><F113/><W15/><G124/><T75/><D106/><U93/><E111/><V57/><F132/><W84/><G72/><T30/><D70/><U8/><E34/><V83/><F73/><W87/><G133/><T85/><D75/><U49/><E74/><V25/><F40/><W94/><G100/><T115/><D115/><U130/><E80/><N who="2" m="30795" /><F107/><W61/><REACH who="3" step="1"/><G87/><REACH who="3" ten="344,220,196,230" step="2"/><T126/><D126/><U43/><E130/><V112/><F112/><W33/><G33/><T92/><D85/><U101/><E128/><V114/><F114/><W77/><G77/><T2/><D109/><U24/><E101/><V129/><F129/><W10/><G10/><T16/><D90/><U65/><E9/><V78/><F78/><W79/><G79/><T131/><D131/><U98/><E98/><V123/><F123/><W108/><G108/><T76/><D76/><U116/><E116/><V35/><F35/><W102/><G102/><T58/><D2/><U95/><E8/><V28/><F105/><W4/><G4/><T121/><D5/><U86/><E97/><V20/><F99/><W11/><G11/><T135/><D7/><U119/><E119/><V59/><F96/><W134/><G134/><T127/><D0/><U32/><E89/><V41/><F25/><W23/><AGARI ba="0,1" hai="13,15,19,23,26,42,44,48,61,64,69,84,91,94" machi="23" ten="30,7900,0" yaku="1,1,0,1,52,1,53,1" doraHai="56" doraHaiUra="47" who="3" fromWho="3" sc="344,-39,220,-20,196,-20,230,89" />
</Scene>
<Scene>
<INIT seed="5,0,0,3,0,49" ten="305,200,176,319" oya="1" hai0="124,78,48,2,93,30,12,61,99,33,126,20,76" hai1="132,45,24,4,32,120,116,1,108,39,46,66,67" hai2="121,133,118,70,77,57,18,130,82,91,117,129,71" hai3="10,6,83,22,122,50,90,102,51,47,85,38,98"/><U111/><E116/><V55/><F121/><W89/><G122/><T15/><D2/><U43/><E120/><V21/><F91/><W112/><G112/><T119/><D33/><U52/><E132/><V125/><F133/><W73/><G73/><T69/><D69/><U96/><E96/><V34/><F34/><W127/><G127/><N who="0" m="48683" /><D61/><U64/><E4/><V95/><F95/><W94/><G38/><T105/><D105/><U113/><E1/><V80/><F125/><W37/><G37/><T7/><D7/><U53/><E113/><V134/><F134/><W79/><G22/><T72/><D72/><U68/><E68/><V114/><F114/><W128/><G51/><T29/><D48/><U23/><E32/><V87/><F80/><W0/><REACH who="3" step="1"/><G128/><REACH who="3" ten="305,200,176,309" step="2"/><N who="2" m="49257" /><F118/><W41/><AGARI ba="0,1" hai="0,6,10,41,47,50,79,83,85,89,90,94,98,102" machi="41" ten="20,2700,0" yaku="1,1,0,1,7,1,53,0" doraHai="49" doraHaiUra="58" who="3" fromWho="3" sc="305,-7,200,-13,176,-7,309,37" />
</Scene>
<Scene>
<INIT seed="6,0,0,0,0,82" ten="298,187,169,346" oya="2" hai0="81,113,83,27,75,131,24,89,62,2,126,13,93" hai1="16,88,59,96,4,56,68,23,3,85,98,103,12" hai2="47,58,65,76,45,79,36,111,120,92,72,50,32" hai3="42,114,18,15,49,53,132,119,130,10,1,30,70"/><V135/><F120/><W129/><G119/><T51/><D2/><U117/><E68/><V101/><F32/><W14/><G132/><T61/><D131/><N who="3" m="50185" /><G70/><T87/><D126/><U97/><E117/><V37/><F135/><W80/><G114/><T116/><D113/><U73/><E73/><V124/><F72/><W43/><G30/><T78/><D116/><U109/><E109/><V64/><F124/><W11/><G80/><T107/><D107/><U91/><E103/><V99/><F111/><W71/><G1/><T52/><D13/><U95/><E3/><V63/><F65/><W40/><G71/><T106/><D106/><U121/><E121/><V90/><F101/><W57/><G43/><T102/><D102/><U55/><E4/><AGARI ba="0,0" hai="4,10,11,14,15,18,40,42,49,53,57" m="50185" machi="4" ten="30,1000,0" yaku="19,1" doraHai="82" who="3" fromWho="1" sc="298,0,187,-10,169,0,346,10" />
</Scene>
<Scene>
<INIT seed="7,0,0,1,2,6" ten="298,177,169,356" oya="3" hai0="26,58,7,135,40,111,53,105,17,123,85,8,89" hai1="125,101,127,61,57,66,86,62,24,132,110,5,2" hai2="133,63,116,28,60,81,67,91,83,69,68,46,73" hai3="37,114,75,10,52,103,126,120,87,38,33,43,49"/><W104/><G120/><T97/><D111/><U122/><E122/><V92/><F116/><W107/><G75/><T55/><D123/><U93/><E110/><V95/><F28/><W13/><G33/><T121/><D40/><U11/><E132/><V25/><F133/><W117/><G117/><T0/><D135/><U51/><E24/><V119/><F119/><W64/><G64/><T48/><D121/><U80/><E51/><V35/><F35/><W118/><G118/><T130/><D130/><U21/><E21/><V29/><F46/><W131/><G126/><N who="1" m="48138" /><E62/><V98/><F73/><W71/><G71/><T1/><D0/><U41/><E41/><V22/><F95/><W32/><G32/><T94/><D55/><U44/><E44/><V78/><F78/><W42/><G38/><T4/><D4/><U23/><E23/><V88/><F91/><W74/><G74/><T65/><D65/><AGARI ba="0,0" hai="22,25,29,60,63,65,67,68,69,81,83,88,92,98" machi="65" ten="40,2600,0" yaku="9,1,54,1" doraHai="6" who="2" fromWho="0" sc="298,-26,177,0,169,26,356,0" owari="272,7.0,177,-32.0,195,-20.0,356,45.0" />
</Scene>
</mjloggm>