<mjloggm ver="2.3"><GO type="169" lobby="0"/><UN n0="%E3%81%98%E3%81%BE%E3%81%AE%E3%82%8A" n1="%E3%83%94%E3%82%A3%38%31%30" n2="%E6%97%A5%E6%9C%AC%E5%B9%BC%E5%A5%B3%E5%85%9A%E3%81%8B%E3%82%89" n3="%E3%81%99%E3%81%9A%E3%82%81%E3%82%AF%E3%83%AC%E3%82%A4%E3%82%B8%E3%83%BC" dan="16,17,16,19" rate="2185.12,2129.98,2073.18,2299.53" sx="M,M,M,M"/><TAIKYOKU oya="0"/>

<Scene>
<INIT seed="0,0,0,1,0,121" ten="250,250,250,250" oya="0" hai0="23,127,49,62,21,131,96,11,8,9,31,76,55" hai1="104,64,44,36,59,134,1,43,93,133,39,82,129" hai2="6,12,77,54,88,91,48,10,27,45,106,7,94" hai3="68,29,33,80,105,97,65,135,73,123,26,35,3"/><T78/><D127/><U13/><E104/><V56/><F106/><W87/><G135/><N who="1" m="51722" /><E1/><V83/><F27/><W86/><G3/><T24/><D131/><U99/><E82/><V122/><F122/><W37/><G123/><T114/><D62/><N who="1" m="37983" /><E13/><V47/><F6/><W79/><G37/><T98/><D23/><U124/><E129/><V117/><F117/><W32/><G87/><T15/><D114/><U2/><E2/><V81/><F81/><W70/><G86/><T95/><D15/><U50/><E124/><V14/><F14/><W4/><G4/><T113/><D113/><U120/><E120/><V34/><F34/><W92/><G92/><T18/><D31/><U90/><AGARI ba="0,0" hai="36,39,43,44,50,90,93,99" m="37983,51722" machi="90" ten="30,1100,0" yaku="20,1" doraHai="121" who="1" fromWho="1" sc="250,-5,250,11,250,-3,250,-3" />
</Scene>
<Scene>
<INIT seed="1,0,0,3,1,46" ten="245,261,247,247" oya="1" hai0="29,24,102,60,84,4,112,109,129,66,15,7,18" hai1="55,71,8,124,11,119,104,97,26,94,78,73,62" hai2="48,76,13,117,115,107,63,57,54,83,50,99,98" hai3="103,40,127,108,36,88,21,5,35,131,95,130,90"/><U14/><E119/><V135/><F117/><W37/><G35/><T85/><D112/><U52/><E104/><V96/><F115/><W20/><G108/><T121/><D109/><U9/><E124/><V44/><F107/><W1/><G1/><T38/><D38/><U58/><E71/><V64/><F135/><W67/><G95/><T56/><D121/><U118/><E26/><V133/><F133/><W79/><G40/><T93/><D129/><U45/><E118/><V72/><F98/><W70/><G5/><N who="0" m="2123" /><D102/><U80/><E14/><V126/><F126/><W51/><G79/><T86/><D29/><U16/><E16/><V23/><F13/><W53/><G67/><T47/><D47/><U82/><E73/><V3/><F3/><W42/><G42/><T101/><D24/><U59/><E45/><V122/><F23/><W22/><G103/><T49/><D101/><N who="1" m="60599" /><E78/><V134/><F122/><W31/><G70/><T17/><D93/><U92/><E92/><V125/><F125/><W132/><G31/><T75/><D75/><U91/><E91/><N who="3" m="34858" /><G132/><T77/><D77/><U28/><E28/><V0/><F0/><W100/><G100/><T12/><D12/><U43/><E43/><V32/><F32/><W25/><G25/><T87/><N who="0" m="21504" /><DORA hai="128" /><T74/><D74/><U89/><E89/><V10/><F134/><W30/><G127/><T106/><D106/><U114/><E114/><V81/><F76/><W110/><G110/><T19/><D15/><U41/><E41/><N who="2" m="24591" /><F72/><W69/><G30/><T33/><D33/><U111/><E111/><V120/><F120/><RYUUKYOKU ba="0,0" sc="245,15,261,15,247,-15,247,-15" hai0="17,18,19,49,56,60,66" hai1="8,9,11,52,55,58,59,62,80,82" />
</Scene>
<Scene>
<INIT seed="1,1,0,3,2,25" ten="260,276,232,232" oya="1" hai0="61,8,38,2,11,89,123,99,16,19,7,78,46" hai1="53,121,104,60,42,97,92,74,64,85,124,43,48" hai2="88,10,26,117,113,70,28,50,41,132,82,45,67" hai3="109,103,32,72,76,135,75,39,44,90,6,20,63"/><U128/><E74/><V51/><F117/><W0/><G109/><T134/><D134/><U13/><E121/><V68/><F132/><W3/><G32/><T49/><D38/><U5/><E104/><V130/><F130/><W84/><G103/><T108/><D108/><U36/><E85/><V37/><F113/><W111/><G111/><T98/><D78/><U93/><E124/><V35/><F10/><W94/><G6/><T62/><D123/><U27/><E27/><V56/><F51/><W73/><G76/><T107/><D107/><U55/><E36/><V112/><F112/><W47/><G63/><N who="0" m="24075" /><D2/><U66/><E53/><V110/><F110/><W23/><G135/><T100/><D100/><U18/><E5/><V12/><F12/><W17/><G23/><T120/><D120/><U125/><E125/><V69/><F50/><W34/><G34/><T102/><D102/><U57/><E66/><V21/><F56/><W58/><G58/><T86/><D7/><U1/><E1/><V119/><F119/><W31/><G47/><T14/><D19/><U4/><E4/><V91/><F67/><W80/><G17/><T71/><D8/><N who="1" m="6439" /><E128/><V30/><REACH who="2" step="1"/><F82/><REACH who="2" ten="260,276,222,232" step="2"/><W95/><G0/><T114/><D114/><U59/><E93/><N who="3" m="35338" /><G3/><T133/><D133/><U101/><AGARI ba="1,1" hai="42,43,48,55,57,59,60,64,92,97,101" m="6439" machi="101" ten="30,1500,0" yaku="8,1" doraHai="25" who="1" fromWho="1" sc="260,-6,276,28,222,-6,232,-6" />
</Scene>
<Scene>
<INIT seed="1,2,0,2,3,125" ten="254,304,216,226" oya="1" hai0="65,110,132,69,19,56,71,45,120,82,81,31,3" hai1="10,32,12,109,5,53,80,106,114,8,123,50,91" hai2="101,73,17,76,7,108,11,59,86,79,60,135,27" hai3="112,21,122,97,119,116,99,25,14,70,89,57,107"/><U75/><E106/><V133/><F73/><W4/><G70/><T68/><D3/><U90/><E32/><V61/><F101/><W51/><G112/><T129/><D120/><U127/><E127/><V62/><F108/><W52/><G107/><T26/><D110/><U98/><E109/><V13/><F59/><W83/><G122/><T111/><D111/><U93/><E114/><V6/><F6/><W2/><G2/><T1/><D19/><U85/><E75/><V88/><F27/><W49/><G49/><T39/><D1/><U105/><E105/><V74/><F7/><W118/><G14/><T134/><D45/><U44/><E123/><V72/><F72/><W20/><G4/><T29/><D39/><U64/><E64/><V15/><F15/><W28/><G21/><T94/><D94/><U24/><E24/><V0/><F74/><W42/><G42/><T77/><D77/><U54/><E10/><V38/><F38/><W84/><AGARI ba="2,0" hai="20,25,28,51,52,57,83,84,89,97,99,116,118,119" machi="84" ten="40,5200,0" yaku="0,1,12,1,54,1" doraHai="125" who="3" fromWho="3" sc="254,-15,304,-28,216,-15,226,58" />
</Scene>
<Scene>
<INIT seed="2,0,0,2,2,99" ten="239,276,201,284" oya="2" hai0="67,2,8,115,97,83,43,25,100,81,52,3,121" hai1="74,112,15,13,119,116,133,127,62,60,84,80,10" hai2="129,51,106,24,58,131,126,93,135,109,66,125,50" hai3="22,98,87,46,19,77,96,29,7,20,68,4,65"/><V53/><F106/><W56/><G68/><T39/><D121/><U95/><E112/><V61/><F24/><W117/><G46/><T92/><D115/><U70/><E95/><V120/><F93/><W82/><G22/><T134/><D67/><U1/><E74/><V23/><F23/><W103/><G98/><T78/><D134/><U45/><E45/><V6/><F6/><W49/><G29/><T101/><D43/><U47/><E47/><V90/><F90/><W88/><G77/><T91/><D39/><U30/><E30/><V12/><F12/><W63/><G49/><N who="2" m="18441" /><F120/><W16/><G19/><T85/><D52/><U31/><E31/><V132/><F53/><W9/><G117/><T64/><D64/><U18/><E1/><V41/><F41/><W130/><G9/><T71/><D71/><U108/><E80/><V55/><F55/><W27/><G130/><N who="2" m="49673" /><F109/><W42/><G42/><T69/><D25/><U0/><E108/><V32/><F32/><W35/><G35/><T76/><D69/><U54/><E54/><V118/><F118/><W123/><G123/><T21/><D21/><U124/><E70/><V57/><F58/><W94/><AGARI ba="0,0" hai="4,7,16,20,27,56,63,65,82,87,88,94,96,103" machi="94" ten="20,12000,2" yaku="0,1,7,1,8,1,52,1,54,2" doraHai="99" who="3" fromWho="3" sc="239,-30,276,-30,201,-60,284,120" />
</Scene>
<Scene>
<INIT seed="3,0,0,2,5,98" ten="209,246,141,404" oya="3" hai0="74,51,22,120,125,121,30,0,114,104,42,24,3" hai1="64,77,2,12,26,92,115,124,94,38,32,27,57" hai2="36,108,34,81,63,61,56,106,8,88,131,86,50" hai3="79,87,69,105,9,14,83,19,23,82,110,15,135"/><W45/><G69/><T89/><D104/><U112/><E2/><V49/><F108/><W130/><G130/><T62/><D74/><U29/><E38/><V113/><F131/><W101/><G135/><T80/><D125/><U91/><E77/><V127/><F127/><W84/><G110/><T7/><D114/><U118/><E118/><V96/><F113/><W13/><G45/><T73/><D62/><U117/><E117/><V93/><F36/><W66/><G66/><T48/><D48/><U119/><E119/><V65/><F106/><W40/><G40/><T116/><D116/><U4/><E26/><V17/><F34/><W128/><G128/><T97/><D73/><U67/><E124/><V95/><F63/><W37/><G37/><T133/><D133/><U68/><E68/><V99/><F99/><W21/><G101/><T33/><D33/><U85/><E67/><V25/><F95/><W28/><G105/><T44/><D120/><U132/><E132/><V39/><F39/><W54/><G54/><T71/><D71/><U11/><REACH who="1" step="1"/><E94/><REACH who="1" ten="209,236,141,404" step="2"/><V1/><F1/><W47/><G79/><T111/><D0/><U129/><E129/><V123/><F123/><W35/><G82/><T55/><D3/><U16/><E16/><V59/><F25/><W78/><G19/><T76/><D80/><U58/><E58/><V103/><F59/><W134/><G78/><T10/><D24/><U72/><E72/><V53/><F65/><W126/><G126/><T5/><D76/><U90/><E90/><V43/><F17/><W122/><G134/><T107/><D121/><RYUUKYOKU ba="0,1" sc="209,-10,236,30,141,-10,404,-10" hai1="4,11,12,27,29,32,57,64,85,91,92,112,115" />
</Scene>
<Scene>
<INIT seed="4,1,1,0,4,121" ten="199,266,131,394" oya="0" hai0="95,98,6,129,110,54,91,109,100,29,131,25,56" hai1="127,68,115,59,124,38,58,13,118,24,9,132,11" hai2="45,2,107,96,43,125,14,103,92,69,16,21,3" hai3="134,42,22,15,108,116,83,74,1,46,61,130,4"/><T72/><D72/><U78/><E38/><V28/><F125/><N who="1" m="48201" /><E68/><V120/><F120/><W70/><G22/><N who="0" m="15543" /><D6/><U80/><E118/><V76/><F69/><W23/><G4/><T49/><D100/><U84/><E24/><V67/><F67/><W12/><G74/><T31/><D31/><U104/><E104/><V75/><F107/><W26/><G12/><T106/><D106/><U89/><E132/><V111/><F28/><W50/><G15/><T94/><D94/><N who="1" m="54567" /><E115/><V102/><F102/><W44/><G26/><T0/><D0/><U7/><E11/><V90/><F103/><W77/><G134/><T113/><D113/><U97/><E97/><V99/><F96/><W48/><G70/><T123/><D123/><U53/><E53/><V114/><F114/><W63/><G1/><T81/><D81/><U93/><E93/><V55/><F55/><W86/><G83/><T82/><D82/><U19/><E7/><V126/><F126/><W119/><G119/><T32/><D32/><U10/><E9/><V101/><F101/><W87/><G23/><T41/><D41/><U57/><E57/><V20/><F20/><W60/><G42/><T88/><D91/><U66/><E66/><V128/><F2/><W27/><G27/><T37/><D37/><U65/><E65/><V35/><F3/><W34/><G34/><T30/><D30/><U122/><E122/><V79/><F35/><W51/><G116/><T73/><D73/><AGARI ba="1,1" hai="10,13,19,58,59,73,78,80" m="54567,48201" machi="73" ten="30,1000,0" yaku="18,1" doraHai="121" who="1" fromWho="0" sc="199,-13,266,23,131,0,394,0" />
</Scene>
<Scene>
<INIT seed="5,0,0,4,4,82" ten="186,289,131,394" oya="1" hai0="92,105,6,76,123,49,0,107,44,81,19,109,32" hai1="52,1,51,27,64,4,84,130,65,11,46,96,127" hai2="66,38,89,78,135,121,114,58,31,62,95,118,100" hai3="30,37,21,90,126,116,23,113,134,56,128,74,25"/><U129/><E127/><V2/><F118/><W101/><G37/><T131/><D109/><U122/><E122/><V53/><F121/><W29/><G74/><T35/><D123/><U79/><E96/><V125/><F125/><W15/><G113/><T33/><D131/><N who="1" m="50187" /><E27/><V119/><F119/><W63/><G134/><T8/><D92/><U10/><E10/><V3/><F135/><W111/><G111/><T94/><D94/><U57/><E46/><V42/><F100/><W48/><G101/><T20/><D20/><U70/><E70/><V36/><F78/><W7/><G25/><T110/><D19/><U54/><E54/><V73/><F31/><W87/><G56/><T14/><D0/><U5/><E5/><V80/><F3/><W9/><G7/><T39/><D39/><U75/><E75/><V47/><F2/><W85/><G9/><T112/><D110/><U133/><E133/><V13/><F38/><W88/><G128/><T106/><D112/><U98/><E98/><V41/><F114/><W61/><G126/><T117/><D117/><U24/><E24/><V50/><F36/><W34/><G116/><T68/><D68/><U12/><E1/><V60/><F13/><W71/><G71/><T28/><D28/><U43/><E43/><V91/><F41/><W69/><G69/><T103/><D35/><U17/><E4/><V99/><F73/><W124/><G124/><T18/><D18/><U93/><E79/><V67/><F60/><W108/><G108/><T45/><D33/><U16/><E17/><V26/><F26/><W59/><G34/><RYUUKYOKU ba="0,0" sc="186,-15,289,15,131,15,394,-15" hai1="11,12,16,51,52,57,64,65,84,93" hai2="42,47,50,53,58,62,66,67,80,89,91,95,99" />
</Scene>
<Scene>
<INIT seed="5,1,0,5,1,90" ten="171,304,146,379" oya="1" hai0="32,58,112,78,71,52,105,22,118,102,61,8,133" hai1="53,80,30,50,46,41,34,28,66,82,0,62,89" hai2="93,63,59,37,38,43,11,108,128,68,20,10,19" hai3="60,73,44,122,23,21,129,14,81,125,1,100,79"/><U29/><E0/><V36/><F108/><W96/><G122/><T18/><D118/><U16/><E34/><V130/><F68/><W69/><G1/><T42/><D32/><U12/><E41/><V47/><F10/><W95/><G129/><N who="2" m="49769" /><F11/><W24/><G125/><T119/><D119/><U27/><E27/><N who="2" m="14751" /><F93/><W92/><G14/><T13/><D8/><U15/><E15/><V104/><F104/><W101/><G44/><T75/><D71/><U48/><E48/><V55/><AGARI ba="1,0" hai="36,37,38,43,47,55,59,63" m="14751,49769" machi="55" ten="30,1100,0" yaku="19,1" doraHai="90" who="2" fromWho="2" sc="171,-4,304,-6,146,14,379,-4" />
</Scene>
<Scene>
<INIT seed="6,0,0,3,1,25" ten="167,298,160,375" oya="2" hai0="66,71,114,49,5,109,100,120,70,40,107,133,75" hai1="42,108,31,124,76,130,8,123,129,61,22,132,74" hai2="20,28,0,57,4,64,77,72,67,82,45,101,126" hai3="95,84,96,6,27,104,48,34,46,89,85,14,62"/><V79/><F126/><W21/><G34/><T29/><D109/><U38/><E108/><V30/><F79/><W134/><G104/><T65/><D120/><U69/><E123/><V9/><F101/><W7/><G62/><T88/><D75/><U119/><E119/><V53/><F45/><W68/><G68/><T58/><D5/><N who="3" m="1545" /><G14/><T78/><D78/><U56/><E8/><V135/><F135/><W16/><G134/><T60/><D114/><U122/><E122/><V51/><REACH who="2" step="1"/><F20/><REACH who="2" ten="167,298,150,375" step="2"/><W128/><G128/><T19/><D100/><U125/><E22/><V113/><F113/><W1/><G1/><T98/><D133/><U94/><E76/><V2/><F2/><W115/><G115/><T54/><D107/><U52/><E129/><V83/><F83/><W55/><AGARI ba="0,1" hai="16,21,27,46,48,55,84,85,89,95,96" m="1545" machi="55" ten="30,2000,0" yaku="8,1,54,1" doraHai="25" who="3" fromWho="3" sc="167,-5,298,-5,150,-10,375,30" />
</Scene>
<Scene>
<INIT seed="7,0,0,0,5,107" ten="162,293,140,405" oya="3" hai0="3,27,134,42,72,44,104,92,34,47,110,111,13" hai1="77,23,135,5,50,65,116,31,106,93,109,114,14" hai2="40,122,58,66,84,127,1,25,61,32,88,120,6" hai3="49,7,74,24,68,35,128,38,16,55,78,28,71"/><W80/><G38/><T15/><D104/><U9/><E106/><V105/><F105/><W113/><G113/><T8/><D134/><U2/><E109/><V19/><F40/><W124/><G128/><T52/><D3/><U98/><E65/><V39/><F39/><W89/><G124/><T97/><D72/><U94/><E77/><V95/><F127/><W131/><G131/><T100/><D52/><U103/><E114/><V79/><F79/><W43/><G7/><T117/><D117/><U90/><E135/><V59/><F6/><W48/><G16/><T26/><D15/><U21/><E50/><V83/><F1/><W29/><G29/><T11/><D11/><U51/><E51/><V37/><F37/><W129/><G129/><T45/><D42/><U63/><E63/><V69/><F83/><W33/><G33/><T64/><D64/><U91/><E23/><N who="2" m="13567" /><F32/><W115/><G115/><T81/><D81/><U46/><E46/><V102/><F102/><W101/><G101/><T56/><D56/><U57/><E57/><V30/><F30/><W10/><G49/><T123/><D34/><U125/><E125/><V17/><F17/><W108/><G108/><T18/><D123/><AGARI ba="0,0" hai="58,59,61,66,69,84,88,95,120,122,123" m="13567" machi="123" ten="30,2000,0" yaku="13,1,54,1" doraHai="107" who="2" fromWho="0" sc="162,-20,293,0,140,20,405,0" owari="142,-36.0,293,9.0,160,-24.0,405,51.0" />
</Scene>
</mjloggm>