<mjloggm ver="2.3"><GO type="169" lobby="0"/><UN n0="%41%79%65%73%68%61" n1="%E5%A4%A9%E7%A9%BA%73%61%79%61" n2="%E9%88%B4%E4%BD%B3" n3="%E3%81%99%E3%81%9A%E3%82%81%E3%82%AF%E3%83%AC%E3%82%A4%E3%82%B8%E3%83%BC" dan="16,17,16,19" rate="2106.24,2102.58,2166.18,2294.08" sx="M,M,M,M"/><TAIKYOKU oya="0"/>

<Scene>
<INIT seed="0,0,0,1,5,121" ten="250,250,250,250" oya="0" hai0="131,101,85,64,62,117,10,106,41,42,78,127,104" hai1="19,58,60,110,68,130,115,99,67,0,98,53,22" hai2="113,2,28,57,65,11,13,12,20,31,32,25,95" hai3="94,82,29,133,114,1,7,76,30,46,37,122,134"/><T69/><D117/><U17/><E130/><V9/><F113/><W66/><G66/><T56/><D131/><U40/><E0/><V103/><F65/><W102/><G122/><T52/><D127/><U72/><E72/><V91/><F103/><W73/><G114/><T96/><D104/><U129/><E129/><V97/><F57/><W123/><G123/><T18/><D78/><U70/><E115/><V86/><F97/><W108/><G94/><T48/><D85/><U16/><E110/><V81/><F95/><W109/><G102/><T80/><REACH who="0" step="1"/><D80/><REACH who="0" ten="240,250,250,250" step="2"/><U4/><E99/><V63/><F86/><W6/><G82/><T23/><D23/><U47/><E98/><V100/><F81/><W135/><G76/><T45/><D45/><U71/><E22/><V128/><F20/><W34/><G73/><T116/><D116/><U26/><E26/><V92/><F25/><N who="3" m="18735" /><G30/><T54/><D54/><U74/><E74/><V39/><F31/><W15/><G15/><AGARI ba="0,1" hai="10,15,18,41,42,48,52,56,62,64,69,96,101,106" machi="15" ten="40,7700,0" yaku="1,1,54,1,53,1" doraHai="121" doraHaiUra="5" who="0" fromWho="3" sc="240,87,250,0,250,0,250,-77" />
</Scene>
<Scene>
<INIT seed="0,1,0,0,3,120" ten="327,250,250,173" oya="0" hai0="40,70,22,65,66,23,126,33,88,100,4,78,8" hai1="36,1,21,94,63,68,44,91,3,82,32,45,69" hai2="55,106,111,75,112,74,93,116,89,113,109,5,99" hai3="115,42,28,7,47,50,119,27,130,104,86,81,85"/><T102/><D33/><U58/><E32/><V77/><F5/><W80/><G130/><T12/><D78/><U24/><E82/><V9/><F9/><W34/><G104/><T51/><D126/><U48/><E36/><V72/><F55/><W18/><G115/><N who="2" m="44105" /><F116/><W105/><G105/><T110/><D110/><N who="2" m="41994" /><F106/><W0/><G0/><T73/><D73/><U97/><E3/><V35/><F35/><W60/><G7/><T10/><D70/><U20/><E1/><V103/><F89/><W131/><G119/><T121/><D121/><U31/><E20/><N who="0" m="7721" /><D10/><U41/><REACH who="1" step="1"/><E45/><REACH who="1" ten="327,240,250,173" step="2"/><V90/><F90/><W107/><G47/><N who="0" m="26087" /><D88/><U46/><E46/><V57/><F57/><W25/><G34/><T128/><D128/><U11/><E11/><V67/><F67/><AGARI ba="1,1" hai="4,8,12,65,66,67,100,102" m="26087,7721" machi="67" ten="30,1500,0" yaku="8,1" doraHai="120" who="0" fromWho="2" sc="327,28,240,0,250,-18,173,0" /><AGARI ba="1,0" hai="21,24,31,41,44,48,58,63,67,68,69,91,94,97" machi="67" ten="30,2000,0" yaku="1,1,7,1,53,0" doraHai="120" doraHaiUra="133" who="1" fromWho="2" sc="355,0,240,20,232,-20,173,0" />
</Scene>
<Scene>
<INIT seed="0,2,0,5,1,57" ten="355,260,212,173" oya="0" hai0="101,36,119,45,30,8,70,127,108,73,5,133,89" hai1="124,64,118,93,98,134,20,104,42,16,76,31,75" hai2="46,23,18,53,111,113,78,66,95,47,77,38,63" hai3="3,116,99,44,100,56,126,55,12,121,72,114,9"/><T86/><D73/><U54/><E118/><V67/><F113/><W115/><G72/><T62/><D101/><U6/><E104/><V59/><F111/><W123/><G3/><T27/><D119/><U33/><E134/><V112/><F112/><W24/><G126/><T83/><D127/><U43/><E124/><V2/><F2/><W120/><G24/><T48/><D36/><U40/><E64/><N who="2" m="24619" /><F38/><W106/><G44/><N who="2" m="16937" /><F95/><W117/><G117/><T132/><D70/><U1/><E31/><V39/><F39/><W96/><G96/><T135/><D108/><U32/><E54/><V88/><F88/><W122/><N who="3" m="30720" /><DORA hai="15" /><W41/><G41/><N who="0" m="24623" /><D30/><U29/><E29/><V90/><F90/><W71/><G71/><T58/><D27/><AGARI ba="2,0" hai="18,23,27,53,59,63,77,78" m="16937,24619" machi="27" ten="30,3900,0" yaku="8,1,52,2" doraHai="57,15" who="2" fromWho="0" sc="355,-45,260,0,212,45,173,0" />
</Scene>
<Scene>
<INIT seed="1,0,0,5,3,0" ten="310,260,257,173" oya="1" hai0="88,111,61,90,134,44,110,112,126,129,56,58,120" hai1="27,113,5,100,50,74,114,87,32,6,21,92,91" hai2="37,45,84,19,28,80,36,41,63,108,22,101,13" hai3="71,15,46,12,106,130,77,33,60,78,93,7,17"/><U4/><E32/><V97/><F108/><N who="0" m="41514" /><D112/><U47/><E74/><V67/><F28/><W20/><G106/><T131/><D120/><U98/><E27/><V121/><F121/><W117/><G33/><T76/><D76/><U49/><E21/><V48/><F97/><W116/><G130/><N who="0" m="49675" /><D126/><U99/><E99/><V64/><F101/><W8/><G46/><T24/><D44/><U51/><REACH who="1" step="1"/><E47/><REACH who="1" ten="310,250,257,173" step="2"/><V127/><F127/><W53/><G20/><T135/><D24/><U118/><E118/><V122/><F122/><W81/><G117/><T39/><D39/><U95/><AGARI ba="0,1" hai="4,5,6,49,50,51,87,91,92,95,98,100,113,114" machi="95" ten="30,12000,1" yaku="1,1,0,1,52,3,53,0" doraHai="0" doraHaiUra="124" who="1" fromWho="1" sc="310,-40,250,130,257,-40,173,-40" />
</Scene>
<Scene>
<INIT seed="1,1,0,0,0,113" ten="270,380,217,133" oya="1" hai0="40,104,80,76,102,93,18,92,38,73,22,36,115" hai1="49,127,54,128,103,74,82,99,28,79,8,23,48" hai2="124,6,75,95,25,0,26,87,30,50,27,21,78" hai3="44,114,46,35,119,34,134,60,116,69,42,58,70"/><U51/><E127/><V63/><F75/><W96/><G114/><T14/><D115/><U98/><E128/><V53/><F124/><W62/><G96/><T16/><D18/><U86/><E74/><V121/><F121/><W29/><G29/><T72/><D72/><U7/><E54/><V133/><F133/><W31/><G31/><T111/><D111/><U81/><E81/><V97/><F63/><W56/><REACH who="3" step="1"/><G42/><REACH who="3" ten="270,380,217,123" step="2"/><T10/><D40/><U132/><E98/><V84/><F0/><W67/><G67/><T77/><D104/><U100/><E99/><V43/><F43/><W68/><G68/><T41/><D41/><U45/><E132/><AGARI ba="1,1" hai="34,35,44,46,56,58,60,62,69,70,116,119,132,134" machi="132" ten="25,8000,1" yaku="1,1,22,2,52,2,53,0" doraHai="113" doraHaiUra="105" who="3" fromWho="1" sc="270,0,380,-83,217,0,123,93" />
</Scene>
<Scene>
<INIT seed="2,0,0,3,0,86" ten="270,297,217,216" oya="2" hai0="122,24,3,116,99,32,131,102,6,33,89,22,15" hai1="124,76,36,28,52,111,13,55,44,95,27,25,38" hai2="134,10,80,21,115,107,72,34,84,118,56,128,60" hai3="132,61,96,1,135,59,69,64,97,123,114,100,42"/><V119/><F115/><W63/><G1/><T39/><D39/><U12/><E111/><V105/><F34/><W46/><G123/><T120/><D116/><U53/><E124/><V62/><F72/><W109/><G109/><T77/><D77/><U108/><E108/><V4/><F134/><W75/><G75/><T0/><D131/><U133/><E133/><V73/><F73/><W126/><G126/><T35/><D102/><U7/><E76/><V57/><F128/><W45/><G97/><T85/><D99/><U5/><E95/><V16/><F119/><W91/><G114/><T92/><D15/><N who="1" m="5707" /><E44/><V9/><F118/><W98/><G46/><T23/><D6/><N who="1" m="2059" /><E28/><V17/><F4/><W54/><G98/><T30/><REACH who="0" step="1"/><D23/><REACH who="0" ten="260,297,217,216" step="2"/><U113/><E113/><V103/><F21/><W130/><G130/><T43/><D43/><U8/><E8/><V82/><F84/><W11/><G11/><T127/><D127/><U51/><E51/><V125/><F125/><W67/><G100/><AGARI ba="0,1" hai="9,10,16,17,56,57,60,62,80,82,100,103,105,107" machi="100" ten="25,4800,0" yaku="22,2,54,1" doraHai="86" who="2" fromWho="3" sc="260,0,297,0,217,58,216,-48" />
</Scene>
<Scene>
<INIT seed="2,1,0,3,4,57" ten="260,297,275,168" oya="2" hai0="117,73,42,15,83,45,87,129,17,40,55,96,28" hai1="124,64,118,95,132,78,123,119,23,47,67,71,51" hai2="20,105,107,109,111,89,24,6,114,13,27,126,134" hai3="93,16,77,4,9,2,97,36,121,29,99,130,133"/><V106/><F114/><W127/><G121/><T100/><D73/><U74/><E123/><V65/><F134/><W37/><G133/><T66/><D28/><U43/><E132/><V58/><F126/><W12/><G127/><T135/><D135/><U26/><E124/><V84/><F6/><W10/><G130/><T115/><D115/><U21/><E21/><V82/><F13/><W76/><G29/><T25/><D25/><U91/><E78/><V35/><F35/><W46/><G99/><T85/><D66/><U59/><E71/><V75/><F75/><W94/><G94/><N who="0" m="58391" /><D87/><U31/><E74/><V7/><F7/><W60/><G37/><T86/><D85/><N who="1" m="52719" /><E119/><V63/><REACH who="2" step="1"/><F20/><REACH who="2" ten="260,297,265,168" step="2"/><W18/><G4/><T54/><D117/><U5/><E5/><V79/><F79/><W52/><G76/><T110/><D129/><U34/><E34/><V22/><F22/><W120/><G77/><T116/><D116/><U44/><E118/><V70/><F70/><W8/><G120/><T3/><D3/><U122/><E122/><V0/><F0/><W50/><G2/><T1/><D1/><U48/><E23/><V32/><F32/><W90/><G12/><T108/><D15/><U38/><E26/><AGARI ba="1,1" hai="24,26,27,58,63,65,82,84,89,105,106,107,109,111" machi="26" ten="50,4800,0" yaku="1,1,52,1,53,0" doraHai="57" doraHaiUra="69" who="2" fromWho="1" sc="260,0,297,-51,265,61,168,0" />
</Scene>
<Scene>
<INIT seed="2,2,0,2,5,18" ten="260,246,326,168" oya="2" hai0="52,62,63,76,42,51,133,97,24,2,29,4,92" hai1="69,1,13,114,16,41,105,82,9,34,57,94,23" hai2="89,44,75,65,10,123,70,72,81,74,83,26,27" hai3="21,60,38,59,61,128,73,109,53,90,48,49,35"/><V32/><F123/><W55/><G35/><T104/><D104/><U78/><E105/><V37/><F65/><W106/><G73/><T11/><D76/><U127/><E69/><V85/><F70/><W40/><G106/><T31/><D42/><U120/><E114/><V115/><F115/><W111/><G90/><T125/><D125/><U64/><E127/><V25/><F32/><W99/><G99/><T122/><D122/><U100/><E34/><V36/><F10/><W129/><G21/><T93/><D31/><U6/><E120/><V79/><REACH who="2" step="1"/><F44/><REACH who="2" ten="260,246,316,168" step="2"/><W7/><G7/><T121/><D121/><U17/><E64/><V80/><F80/><W126/><G126/><T117/><D117/><U91/><E82/><V88/><F88/><W33/><G33/><T39/><D11/><U67/><E9/><V43/><F43/><W116/><G116/><T110/><D133/><U135/><E41/><V46/><F46/><W124/><G124/><T132/><D132/><U112/><E91/><V118/><F118/><W134/><G40/><T8/><D39/><AGARI ba="2,1" hai="25,26,27,36,37,39,72,74,75,79,81,83,85,89" machi="39" ten="40,2000,0" yaku="1,1,53,0" doraHai="18" doraHaiUra="14" who="2" fromWho="0" sc="260,-26,246,0,316,36,168,0" />
</Scene>
<Scene>
<INIT seed="2,3,0,4,4,37" ten="234,246,352,168" oya="2" hai0="65,66,1,43,131,87,129,28,44,72,22,120,73" hai1="59,58,101,103,51,106,117,60,56,29,78,3,6" hai2="125,30,74,46,19,67,105,116,107,35,95,61,8" hai3="5,25,4,54,122,55,82,11,113,94,92,135,89"/><V40/><F116/><W34/><G135/><T108/><D1/><U132/><E117/><V70/><F125/><W48/><G122/><T111/><D120/><U45/><E106/><V88/><F74/><N who="0" m="28778" /><D87/><U134/><E78/><V114/><F114/><W130/><G34/><T16/><D28/><U18/><E29/><V79/><F79/><W115/><G25/><N who="0" m="14535" /><D65/><U90/><E60/><V7/><F19/><W86/><G82/><T20/><D66/><U80/><E18/><V102/><F102/><W126/><G126/><T32/><D20/><U96/><E3/><V112/><F30/><W26/><G26/><T50/><D32/><U97/><E97/><V23/><F23/><W99/><G86/><T15/><D15/><U36/><E96/><V13/><F35/><W38/><G99/><T52/><D52/><N who="1" m="29807" /><E6/><V104/><F112/><W76/><G76/><T127/><D127/><U128/><E132/><V9/><F9/><W63/><G11/><T75/><N who="0" m="28786" /><T33/><DORA hai="71" /><D33/><U83/><E134/><V98/><REACH who="2" step="1"/><F107/><REACH who="2" ten="234,246,342,168" step="2"/><W27/><G113/><T47/><D47/><U124/><E124/><V123/><F123/><W121/><G121/><T91/><D91/><U118/><E90/><V24/><F24/><W17/><G89/><T68/><D68/><U100/><E118/><V31/><F31/><W0/><G27/><T10/><D10/><U41/><E103/><V84/><F84/><W39/><G115/><T119/><D119/><U21/><E101/><V64/><F64/><W109/><G17/><T42/><D43/><U2/><E41/><V85/><F85/><RYUUKYOKU ba="3,1" sc="234,15,246,-15,342,15,168,-15" hai0="42,44,50,108,111,129,131" hai2="7,8,13,40,46,61,67,70,88,95,98,104,105" />
</Scene>
<Scene>
<INIT seed="2,4,1,4,1,91" ten="249,231,357,153" oya="2" hai0="132,95,124,129,52,96,17,59,55,128,119,82,93" hai1="58,23,16,0,94,134,117,99,130,1,122,102,87" hai2="60,81,25,72,76,83,45,46,10,70,62,77,65" hai3="107,48,27,3,24,7,112,18,110,90,120,14,80"/><V126/><F126/><W97/><G120/><T2/><D124/><U67/><E117/><V133/><F133/><W109/><G112/><T51/><D119/><U50/><E134/><V37/><F37/><W35/><G3/><T63/><D132/><U41/><E122/><V71/><F10/><W39/><G7/><T34/><D2/><U43/><E130/><N who="0" m="50281" /><D34/><U15/><E87/><V116/><F116/><W64/><G64/><T89/><D17/><U135/><E135/><V105/><F105/><W33/><G39/><T36/><D36/><U8/><E1/><V57/><F25/><N who="3" m="9803" /><G48/><T13/><D13/><N who="1" m="9615" /><E0/><V114/><F114/><W115/><G80/><T53/><D82/><U31/><E31/><V56/><F65/><W12/><G12/><T47/><D95/><U79/><E79/><V118/><F118/><W49/><G49/><T42/><AGARI ba="4,1" hai="42,47,51,52,53,55,59,63,89,93,96" m="50281" machi="42" ten="30,4000,0" yaku="19,1,52,1,54,1" doraHai="91" who="0" fromWho="0" sc="249,62,231,-14,357,-24,153,-14" />
</Scene>
<Scene>
<INIT seed="3,0,0,1,2,26" ten="311,217,333,139" oya="3" hai0="53,109,75,1,60,54,119,91,134,8,112,52,78" hai1="30,92,106,77,98,9,33,51,69,14,126,11,22" hai2="50,34,115,42,43,15,79,99,113,40,6,103,27" hai3="65,121,120,5,20,100,39,35,83,90,44,105,97"/><W127/><G35/><T128/><D119/><U101/><E69/><V125/><F79/><W10/><G127/><T110/><D128/><U37/><E37/><V133/><F125/><W64/><G20/><T80/><D91/><U48/><E126/><V17/><F6/><W88/><G65/><T70/><D112/><U82/><E33/><V84/><F84/><W4/><G4/><T58/><D70/><U59/><E106/><V107/><F133/><W74/><G64/><T122/><D134/><U36/><E36/><V76/><F76/><N who="3" m="44439" /><G121/><T56/><D122/><U25/><E59/><V16/><F50/><N who="1" m="18985" /><E14/><V2/><F2/><N who="3" m="311" /><G120/><T104/><D104/><U13/><E13/><V19/><REACH who="2" step="1"/><F15/><REACH who="2" ten="311,217,323,139" step="2"/><W81/><G81/><T108/><D60/><U86/><AGARI ba="0,1" hai="9,11,22,25,30,77,82,86,92,98,101" m="18985" machi="86" ten="30,2000,0" yaku="8,1,52,1" doraHai="26" who="1" fromWho="1" sc="311,-5,217,30,323,-5,139,-10" />
</Scene>
<Scene>
<INIT seed="4,0,0,0,4,45" ten="306,247,318,129" oya="0" hai0="133,21,64,34,10,99,114,110,30,60,24,39,96" hai1="58,126,71,46,22,118,16,92,7,73,3,13,104" hai2="91,37,19,17,40,98,116,47,70,54,72,38,8" hai3="90,75,131,86,108,41,127,93,52,132,80,18,123"/><T4/><D39/><U82/><E104/><V69/><F38/><W56/><G108/><T23/><D110/><U1/><E71/><V36/><F36/><W106/><G131/><T49/><D114/><U135/><E118/><V102/><F72/><W94/><G106/><T122/><D122/><U120/><E120/><V74/><F74/><W125/><G123/><T84/><D133/><U66/><E135/><V101/><F116/><W85/><G132/><T62/><D84/><U5/><E126/><V97/><F91/><W89/><G41/><T113/><D113/><U128/><E128/><V31/><F31/><W28/><G28/><T111/><D111/><U124/><E124/><V107/><F54/><W129/><G129/><T15/><D49/><U55/><E66/><V67/><F67/><W33/><G33/><T115/><D115/><U25/><E46/><V105/><F19/><W134/><G134/><T29/><D62/><U88/><E82/><V77/><F77/><W2/><G2/><T50/><D50/><N who="1" m="31095" /><E73/><V0/><REACH who="2" step="1"/><F17/><REACH who="2" ten="306,247,308,129" step="2"/><W42/><G42/><T35/><D30/><N who="1" m="17719" /><E1/><V11/><F11/><W65/><G65/><T112/><D112/><U59/><E3/><V81/><F81/><W100/><G18/><T103/><D103/><U48/><E16/><V44/><F44/><W53/><G100/><T51/><D29/><U78/><E78/><V9/><F9/><W117/><G117/><T109/><D109/><U43/><E88/><V119/><F119/><W57/><G75/><T76/><D76/><U26/><E5/><AGARI ba="0,1" hai="0,5,8,37,40,47,69,70,97,98,101,102,105,107" machi="5" ten="40,8000,1" yaku="1,1,9,1,33,3,53,0" doraHai="45" doraHaiUra="83" who="2" fromWho="1" sc="306,0,247,-80,308,90,129,0" />
</Scene>
<Scene>
<INIT seed="5,0,0,2,0,108" ten="306,167,398,129" oya="1" hai0="37,86,105,115,119,12,102,9,77,101,104,17,82" hai1="29,96,122,19,38,53,31,42,40,89,92,99,132" hai2="56,128,85,124,8,135,2,65,93,100,73,1,47" hai3="64,32,81,52,16,61,76,51,90,87,112,91,45"/><U59/><E122/><V48/><F73/><W43/><G112/><T67/><D37/><U134/><E19/><V13/><F135/><N who="1" m="51753" /><E99/><V98/><F128/><W58/><G32/><T27/><D119/><U44/><E40/><V83/><F124/><W72/><G72/><T57/><D115/><U118/><E118/><V95/><F95/><W80/><G81/><T49/><D27/><U22/><E22/><V120/><F56/><W79/><G79/><T129/><D129/><U69/><E69/><V109/><F65/><W107/><G107/><T5/><D17/><U11/><E11/><V28/><F28/><W33/><G33/><T113/><D113/><U34/><E34/><V24/><F24/><W126/><G126/><T21/><D21/><U103/><E103/><V6/><F109/><W14/><G64/><T30/><D30/><U15/><E15/><V130/><F120/><W55/><G43/><T35/><D35/><U78/><E78/><V110/><F130/><W23/><AGARI ba="0,0" hai="14,16,23,45,51,52,55,58,61,76,80,87,90,91" machi="23" ten="20,8000,1" yaku="0,1,7,1,8,1,54,2" doraHai="108" who="3" fromWho="3" sc="306,-20,167,-40,398,-20,129,80" />
</Scene>
<Scene>
<INIT seed="6,0,0,0,5,130" ten="286,127,378,209" oya="2" hai0="70,107,94,124,0,47,40,41,28,10,110,87,115" hai1="74,27,135,100,95,37,89,50,104,123,126,132,118" hai2="29,19,2,57,62,78,111,30,20,35,17,134,93" hai3="34,64,58,102,33,53,82,63,83,8,22,23,16"/><V80/><F2/><W103/><G34/><T97/><D70/><U91/><E118/><V96/><F35/><W59/><G33/><T48/><D107/><U125/><E37/><V71/><F71/><W69/><G69/><T46/><D115/><U86/><E123/><V31/><F111/><W51/><G23/><T113/><D113/><U61/><E74/><V85/><F20/><W4/><G83/><T15/><D0/><U13/><E27/><V3/><F3/><W12/><REACH who="3" step="1"/><G82/><REACH who="3" ten="286,127,378,199" step="2"/><T73/><D110/><U32/><E32/><V68/><F68/><W108/><G108/><T77/><D124/><N who="1" m="47723" /><E61/><V131/><F62/><W66/><G66/><T109/><D109/><U26/><E26/><AGARI ba="0,1" hai="4,8,12,16,22,26,51,53,58,59,63,64,102,103" machi="26" ten="30,7700,0" yaku="1,1,7,1,8,1,54,1,53,0" doraHai="130" doraHaiUra="76" who="3" fromWho="1" sc="286,0,127,-77,378,0,199,87" />
</Scene>
<Scene>
<INIT seed="7,0,0,1,3,59" ten="286,50,378,286" oya="3" hai0="132,93,77,68,106,38,28,82,91,95,80,66,55" hai1="114,130,34,83,12,26,126,85,74,41,124,89,9" hai2="131,72,118,39,75,133,15,23,94,115,101,0,63" hai3="97,42,1,112,110,22,56,7,25,11,27,37,67"/><W98/><G112/><T86/><D38/><U62/><E85/><V2/><F118/><W81/><G110/><T40/><D40/><U102/><E83/><V31/><F39/><W52/><G67/><T70/><D106/><U79/><E89/><V30/><F115/><W134/><G134/><T53/><D132/><U71/><E79/><V48/><F133/><W60/><G25/><T113/><D113/><U51/><E102/><V87/><F131/><W127/><G127/><T21/><D70/><U107/><E51/><V20/><F48/><W84/><G42/><T43/><D43/><U17/><E62/><V50/><F50/><W18/><REACH who="3" step="1"/><G37/><REACH who="3" ten="286,50,378,276" step="2"/><T47/><D66/><U69/><E126/><V54/><F75/><W99/><G99/><T29/><D68/><U46/><E74/><V109/><F72/><W108/><G108/><T13/><D53/><U32/><E71/><V104/><F54/><W57/><G57/><T58/><D47/><U61/><E69/><V111/><F111/><W49/><G49/><N who="0" m="31087" /><D29/><U73/><E124/><V64/><F31/><W3/><G3/><T128/><D128/><U119/><E73/><V36/><F30/><W135/><G135/><T122/><D122/><U24/><E114/><V33/><F64/><W129/><G129/><T103/><D28/><U78/><E130/><V14/><F36/><W4/><G4/><T105/><D105/><U10/><E107/><V125/><F104/><W76/><AGARI ba="0,1" hai="1,7,11,18,22,27,52,56,60,76,81,84,97,98" machi="76" ten="20,18000,2" yaku="1,1,0,1,7,1,52,1,54,1,53,1" doraHai="59" doraHaiUra="5" who="3" fromWho="3" sc="286,-60,50,-60,378,-60,276,190" owari="226,-17.0,-10,-51.0,318,12.0,466,56.0" />
</Scene>
</mjloggm>