<mjloggm ver="2.3"><GO type="169" lobby="0"/><UN n0="%E6%9C%88%E3%83%9F%E7%85%A7%E2%98%86" n1="%E3%81%99%E3%81%9A%E3%82%81%E3%82%AF%E3%83%AC%E3%82%A4%E3%82%B8%E3%83%BC" n2="%E3%82%AF%E3%83%AD%E3%83%8E%E3%82%B9%40" n3="%E2%80%A0%E3%81%BE%E3%83%BC%E5%9D%8A%E2%80%A0" dan="16,19,16,17" rate="2158.22,2310.29,2172.99,2138.56" sx="M,M,M,M"/><TAIKYOKU oya="0"/>

<Scene>
<INIT seed="0,0,0,2,0,61" ten="250,250,250,250" oya="0" hai0="42,13,91,120,37,21,27,1,60,123,24,90,82" hai1="46,34,14,36,62,104,97,102,38,50,88,29,23" hai2="49,8,12,30,73,124,114,72,75,2,126,32,20" hai3="117,109,96,130,10,7,5,65,59,113,3,16,135"/><T51/><D1/><U66/><E34/><V95/><F114/><W108/><G113/><T87/><D37/><U127/><E127/><N who="2" m="48683" /><F95/><W94/><G117/><T9/><D123/><U78/><E78/><V39/><F39/><W64/><G130/><T35/><D35/><U40/><E14/><V100/><F100/><N who="3" m="60439" /><G135/><T119/><D119/><U105/><E105/><V0/><F32/><W54/><G7/><T99/><D120/><U48/><E48/><V69/><F69/><W81/><G81/><T57/><D99/><U131/><E131/><V107/><F107/><W56/><G56/><T118/><D118/><U71/><REACH who="1" step="1"/><E88/><REACH who="1" ten="250,240,250,250" step="2"/><V11/><F49/><N who="3" m="31183" /><G3/><N who="2" m="1065" /><F12/><N who="3" m="7191" /><G5/><T15/><D15/><U43/><E43/><V22/><F30/><W53/><G53/><T63/><D13/><U112/><E112/><V31/><F31/><W129/><G129/><T4/><D4/><U41/><E41/><V93/><F93/><W103/><G103/><T106/><D42/><U121/><E121/><V101/><F101/><W44/><G44/><T25/><D106/><U6/><E6/><V84/><F8/><W55/><G55/><T28/><D9/><U85/><E85/><V33/><F33/><W19/><G19/><T77/><D28/><U74/><E74/><V18/><F84/><W132/><G132/><T70/><D87/><U111/><E111/><AGARI ba="0,1" hai="64,65,108,109,111" m="7191,31183,60439" machi="111" ten="30,7700,0" yaku="14,1,52,2,54,1" doraHai="61" who="3" fromWho="1" sc="250,0,240,-77,250,0,250,87" />
</Scene>
<Scene>
<INIT seed="1,0,0,2,2,9" ten="250,163,250,337" oya="1" hai0="57,5,0,134,75,14,121,102,86,124,50,83,45" hai1="11,19,37,115,101,32,82,29,64,127,92,94,12" hai2="106,118,129,130,128,34,87,117,47,10,27,63,6" hai3="28,53,135,119,66,90,20,54,103,61,2,62,21"/><U24/><E127/><V69/><F106/><W91/><G2/><T126/><D134/><U99/><E37/><V133/><F133/><W3/><G3/><T17/><D75/><U35/><E115/><V98/><F98/><W39/><G39/><T114/><D114/><U31/><E82/><V13/><F47/><W38/><G38/><T58/><D102/><U76/><E76/><V52/><F87/><W95/><G135/><T4/><D121/><U48/><E64/><V110/><F110/><W30/><G103/><T60/><D0/><U93/><REACH who="1" step="1"/><E48/><REACH who="1" ten="250,153,250,337" step="2"/><V112/><F112/><W89/><G66/><T43/><D126/><U59/><E59/><N who="2" m="35303" /><F69/><W74/><G119/><N who="2" m="45577" /><F27/><AGARI ba="0,1" hai="11,12,19,24,27,29,31,32,35,92,93,94,99,101" machi="27" ten="40,12000,1" yaku="1,1,9,1,52,1,53,1" doraHai="9" doraHaiUra="96" who="1" fromWho="2" sc="250,0,153,130,250,-120,337,0" />
</Scene>
<Scene>
<INIT seed="1,1,0,2,3,68" ten="250,283,130,337" oya="1" hai0="79,52,20,58,108,6,26,120,49,22,99,121,76" hai1="31,70,115,3,94,33,110,130,87,38,15,17,8" hai2="32,98,27,125,83,57,102,65,24,126,69,37,80" hai3="64,113,66,105,21,41,86,97,5,128,0,13,61"/><U44/><E70/><V29/><F57/><W122/><G122/><N who="0" m="47211" /><D108/><U18/><E115/><V50/><F50/><W4/><G113/><T84/><D6/><U134/><E3/><V28/><F80/><W81/><G128/><T35/><D99/><U1/><E1/><V72/><F37/><W90/><G41/><T48/><D35/><U9/><E130/><V46/><F46/><W127/><G127/><T101/><D101/><U12/><E110/><V92/><F83/><W118/><G118/><T19/><D84/><U88/><E134/><V95/><F72/><W96/><G66/><T74/><D74/><U30/><E33/><V23/><F95/><W71/><G97/><T43/><D22/><U77/><E77/><V2/><F2/><W117/><G0/><T40/><D40/><AGARI ba="1,0" hai="8,9,12,15,17,18,30,31,38,40,44,87,88,94" machi="40" ten="40,7700,0" yaku="9,1,52,1,54,1" doraHai="68" who="1" fromWho="0" sc="250,-80,283,80,130,0,337,0" />
</Scene>
<Scene>
<INIT seed="1,2,0,5,0,128" ten="170,363,130,337" oya="1" hai0="37,116,52,81,56,101,127,103,68,71,13,44,33" hai1="120,35,8,132,19,42,89,84,70,45,34,109,135" hai2="4,99,133,90,15,27,86,25,0,105,47,73,50" hai3="129,49,64,91,40,29,53,7,111,134,5,78,82"/><U115/><E70/><V20/><F73/><W30/><G129/><T102/><D116/><U51/><E115/><V17/><F133/><N who="1" m="51273" /><E109/><V92/><F0/><W114/><G64/><T31/><D127/><U38/><E120/><V119/><F119/><W112/><G40/><T96/><D81/><N who="1" m="49295" /><E38/><V110/><F110/><W108/><G134/><T122/><D37/><U67/><E67/><V94/><F4/><W41/><G5/><T39/><D39/><U61/><E61/><V62/><F62/><W75/><G7/><T36/><D36/><U80/><E80/><V12/><F105/><W83/><G82/><T126/><D71/><U72/><E72/><V65/><F27/><W54/><G112/><T2/><D68/><U88/><E88/><V131/><F65/><W93/><G114/><T79/><D126/><U43/><E43/><N who="2" m="24959" /><F131/><W23/><G108/><T11/><D122/><U97/><E97/><V121/><F121/><W24/><G111/><T55/><D96/><U32/><E35/><V76/><F76/><W98/><G41/><T125/><D79/><U9/><E9/><V85/><F85/><W58/><G54/><T26/><D55/><U57/><E57/><V10/><F10/><W87/><G75/><T48/><D125/><U95/><E95/><V63/><F63/><W1/><G78/><T124/><D124/><U100/><E100/><AGARI ba="2,0" hai="12,15,17,20,25,86,90,92,94,99,100" m="24959" machi="100" ten="30,1000,0" yaku="8,1" doraHai="128" who="2" fromWho="1" sc="170,0,363,-16,130,16,337,0" />
</Scene>
<Scene>
<INIT seed="2,0,0,4,4,102" ten="170,347,146,337" oya="2" hai0="99,39,70,87,59,66,76,47,93,24,28,89,81" hai1="117,29,79,21,32,48,110,67,94,96,127,60,65" hai2="71,35,121,8,124,62,45,118,75,34,112,104,126" hai3="135,17,36,133,73,40,114,116,100,92,57,1,119"/><V44/><F112/><W25/><G73/><T12/><D70/><U49/><E110/><V123/><F75/><W68/><G68/><T129/><D129/><U42/><E32/><N who="2" m="12331" /><F8/><W0/><G40/><T20/><D39/><U52/><E79/><V108/><F118/><W130/><G36/><T9/><D47/><N who="2" m="17994" /><F108/><W64/><G130/><T50/><D50/><U3/><E3/><V128/><F128/><W5/><G114/><T19/><D59/><U2/><E2/><V82/><F82/><W53/><G1/><T111/><D111/><U58/><E117/><V84/><F84/><W88/><G116/><T86/><REACH who="0" step="1"/><D66/><REACH who="0" ten="160,347,146,337" step="2"/><U27/><E48/><V113/><F113/><W51/><G64/><T77/><D77/><U31/><E67/><V26/><F71/><W107/><G119/><T69/><D69/><U109/><E109/><V80/><F123/><W56/><G56/><T106/><D106/><U14/><E65/><V38/><F38/><W55/><G107/><T115/><D115/><U30/><E49/><V13/><F104/><W95/><G57/><T85/><AGARI ba="0,1" hai="9,12,19,20,24,28,76,81,85,86,87,89,93,99" machi="85" ten="20,5200,0" yaku="1,1,0,1,7,1,8,1,53,0" doraHai="102" doraHaiUra="46" who="0" fromWho="0" sc="160,62,347,-13,146,-26,337,-13" />
</Scene>
<Scene>
<INIT seed="3,0,0,5,2,74" ten="222,334,120,324" oya="3" hai0="89,85,73,6,92,0,111,44,126,7,116,88,42" hai1="5,86,12,56,45,133,120,100,117,17,96,129,109" hai2="30,65,119,4,72,123,121,21,80,124,15,63,9" hai3="57,84,125,113,64,51,27,101,11,41,3,108,105"/><W62/><G113/><T82/><D116/><U61/><E109/><V46/><F119/><W10/><G108/><T40/><D111/><U75/><E75/><V20/><F124/><W29/><G125/><T67/><D126/><U39/><E129/><V55/><F30/><W26/><G26/><T132/><D132/><U53/><E133/><V128/><F128/><W134/><G134/><T112/><D112/><U31/><E31/><V49/><F121/><W32/><G3/><T52/><D67/><U90/><E5/><N who="0" m="1545" /><D73/><U83/><E120/><V59/><REACH who="2" step="1"/><F123/><REACH who="2" ten="222,334,110,324" step="2"/><W97/><REACH who="3" step="1"/><G84/><REACH who="3" ten="222,334,110,314" step="2"/><N who="0" m="52231" /><D0/><U38/><E117/><V33/><F33/><W99/><G99/><T23/><D23/><U76/><E96/><V34/><F34/><W77/><G77/><AGARI ba="0,2" hai="4,9,15,20,21,46,49,55,59,63,65,72,77,80" machi="77" ten="40,2600,0" yaku="1,1,52,1,53,0" doraHai="74" doraHaiUra="95" who="2" fromWho="3" sc="222,0,334,0,110,46,314,-26" />
</Scene>
<Scene>
<INIT seed="4,0,0,5,1,79" ten="222,334,156,288" oya="0" hai0="70,111,16,103,92,14,117,21,72,10,89,127,38" hai1="43,134,8,86,32,106,90,74,83,47,101,115,55" hai2="36,30,129,102,42,121,96,39,15,120,81,2,125" hai3="5,0,105,131,7,28,124,61,51,40,31,99,27"/><T114/><D117/><U17/><E32/><V58/><F2/><W33/><G124/><T94/><D127/><U52/><E134/><V133/><F125/><W126/><G126/><T110/><D70/><U9/><E74/><V130/><F133/><W71/><G31/><T62/><D38/><N who="2" m="14378" /><F42/><W109/><G131/><N who="2" m="50185" /><F30/><W93/><G0/><T59/><D72/><U132/><E115/><V67/><F15/><W73/><G73/><T37/><D114/><U29/><E29/><V44/><F44/><N who="3" m="25991" /><G93/><T41/><D41/><U13/><E132/><V11/><F11/><W97/><G97/><T85/><D37/><U113/><E113/><V75/><F58/><W63/><G109/><N who="0" m="41483" /><D103/><U4/><E101/><V107/><F67/><N who="3" m="41455" /><G63/><T26/><D94/><U6/><E106/><V119/><F119/><W57/><G57/><T69/><D69/><U60/><E60/><V50/><F50/><W68/><G68/><T91/><D92/><U65/><E65/><V95/><F95/><W84/><G105/><T20/><D20/><U104/><E104/><V98/><F98/><W88/><G99/><T45/><D45/><U122/><E9/><V77/><AGARI ba="0,0" hai="75,77,81,96,102,107,120,121" m="50185,14378" machi="77" ten="40,5200,0" yaku="19,1,23,1,52,1" doraHai="79" who="2" fromWho="2" sc="222,-26,334,-13,156,52,288,-13" />
</Scene>
<Scene>
<INIT seed="5,0,0,0,1,60" ten="196,321,208,275" oya="1" hai0="121,93,47,94,17,88,6,42,118,108,36,19,127" hai1="101,76,26,16,66,18,58,70,91,44,110,30,61" hai2="3,69,67,32,85,51,130,68,49,86,71,23,124" hai3="120,20,87,12,92,119,4,133,15,2,11,50,131"/><U104/><E76/><V126/><F32/><W84/><G120/><T29/><D118/><U5/><E5/><V62/><F3/><W56/><G131/><T97/><D108/><U82/><E110/><V65/><F23/><W13/><G133/><T72/><D72/><U122/><E122/><V38/><F38/><W112/><G112/><T125/><D121/><U98/><E58/><N who="2" m="37079" /><F130/><W89/><G119/><T135/><D135/><U132/><E132/><V25/><F25/><W8/><G8/><T115/><D115/><U0/><E0/><V100/><F100/><W54/><REACH who="3" step="1"/><G87/><REACH who="3" ten="196,321,208,265" step="2"/><T81/><D127/><N who="2" m="48682" /><F86/><W40/><G40/><T117/><D125/><U1/><E1/><V129/><F85/><W95/><G95/><T10/><D117/><U53/><E82/><V103/><F129/><W99/><G99/><T39/><D81/><U83/><E83/><V9/><F9/><W114/><G114/><T46/><D94/><U74/><E74/><V48/><F103/><W7/><G7/><T113/><D113/><U45/><E91/><V28/><F28/><W90/><G90/><T128/><D128/><U35/><E18/><AGARI ba="0,1" hai="2,4,11,12,13,15,18,20,50,54,56,84,89,92" machi="18" ten="40,5200,0" yaku="1,1,25,2,53,0" doraHai="60" doraHaiUra="43" who="3" fromWho="1" sc="196,0,321,-52,208,0,265,62" />
</Scene>
<Scene>
<INIT seed="6,0,0,0,5,94" ten="196,269,208,327" oya="2" hai0="88,24,32,62,116,58,113,115,48,83,86,81,40" hai1="125,7,36,14,23,3,1,79,110,111,19,109,44" hai2="8,102,108,118,37,21,20,55,70,9,11,106,97" hai3="101,105,126,69,104,95,75,22,29,131,54,93,98"/><V45/><F118/><W49/><G75/><T117/><D32/><U28/><E79/><V25/><F70/><W71/><G131/><T15/><D24/><N who="1" m="16415" /><E36/><V85/><F108/><W121/><G121/><T51/><D15/><U77/><E44/><V91/><F25/><W33/><G33/><T92/><D83/><U0/><E77/><V99/><F37/><W124/><G22/><N who="2" m="8809" /><F102/><W31/><G93/><T61/><D61/><U135/><E135/><V84/><F106/><N who="3" m="41067" /><G71/><T13/><D13/><U112/><E112/><N who="0" m="43081" /><D81/><U123/><E125/><N who="3" m="48234" /><G69/><T74/><D74/><U96/><E123/><V63/><F91/><W26/><G26/><T4/><D4/><U76/><E1/><V80/><F80/><W68/><G68/><T60/><D60/><U47/><E0/><V120/><F120/><W53/><G29/><T57/><D57/><U35/><E35/><V27/><F27/><W103/><G31/><T107/><D107/><U43/><E3/><V66/><F66/><W132/><G132/><T12/><D12/><U38/><E76/><V42/><F63/><W130/><G130/><T64/><D40/><U46/><E110/><V39/><F55/><W30/><G54/><T78/><D78/><U17/><E43/><V82/><F82/><W119/><G30/><T16/><D16/><N who="1" m="6219" /><E111/><V133/><F133/><W122/><G122/><T129/><D129/><U73/><E73/><V134/><F134/><W67/><G67/><T10/><D10/><N who="2" m="2562" /><V65/><DORA hai="41" /><F65/><W2/><G2/><T87/><D87/><N who="2" m="33354" /><F42/><W100/><G53/><T114/><N who="0" m="43089" /><T89/><DORA hai="34" /><D89/><RYUUKYOKU ba="0,0" sc="196,15,269,-15,208,15,327,-15" hai0="48,51,58,62,64,86,88,92,116,117" hai2="39,45,97,99" />
</Scene>
<Scene>
<INIT seed="6,1,0,0,3,43" ten="211,254,223,312" oya="2" hai0="30,119,7,96,102,62,125,128,82,100,13,121,51" hai1="36,72,118,109,108,45,79,24,33,22,48,99,58" hai2="35,20,101,111,104,66,129,116,34,57,76,6,41" hai3="95,52,25,11,10,112,60,98,18,29,114,19,126"/><V47/><F116/><W120/><G120/><T84/><D121/><U68/><E33/><V12/><F129/><W78/><G78/><T63/><D128/><U5/><E68/><V27/><F76/><W14/><G126/><T97/><D125/><U64/><E118/><V44/><F111/><W9/><G14/><T4/><D119/><U133/><E5/><N who="0" m="2121" /><D30/><U122/><E36/><V49/><F104/><W59/><G29/><T89/><D13/><U28/><E122/><V70/><F70/><W67/><G67/><T106/><D106/><U74/><E133/><V127/><F127/><W21/><REACH who="3" step="1"/><G19/><REACH who="3" ten="211,254,223,302" step="2"/><T23/><D102/><AGARI ba="1,1" hai="9,10,11,18,21,25,52,59,60,95,98,102,112,114" machi="102" ten="40,5200,0" yaku="1,1,2,1,54,1,53,0" doraHai="43" doraHaiUra="73" who="3" fromWho="0" sc="211,-55,254,0,223,0,302,65" />
</Scene>
<Scene>
<INIT seed="7,0,0,2,2,42" ten="156,254,223,367" oya="3" hai0="94,87,110,114,77,33,20,55,130,31,107,108,35" hai1="45,90,91,111,17,122,100,129,38,71,63,62,13" hai2="99,80,27,70,134,32,79,2,131,135,50,4,123" hai3="68,11,29,86,102,95,65,51,22,60,54,96,15"/><W85/><G22/><T83/><D107/><U12/><E122/><V113/><F113/><W61/><G29/><T128/><D110/><U19/><E100/><V6/><F70/><W89/><G61/><T47/><D108/><U74/><E74/><V59/><F131/><W104/><G86/><T115/><D20/><U7/><E129/><N who="0" m="49769" /><D94/><U121/><E7/><V0/><F99/><W103/><G103/><T53/><D53/><U112/><E38/><V72/><F123/><W126/><G126/><T124/><D124/><U109/><E71/><V36/><F36/><W18/><G54/><T14/><D14/><U1/><E112/><N who="0" m="43049" /><D31/><U75/><E121/><V9/><F2/><W21/><G21/><T25/><D25/><U105/><E1/><V40/><F0/><W120/><G120/><T30/><D30/><U39/><E105/><V58/><F9/><W106/><G106/><T117/><D117/><U127/><E127/><V23/><F23/><W26/><G26/><T48/><AGARI ba="0,0" hai="33,35,47,48,55,77,83,87" m="43049,49769" machi="48" ten="40,8000,1" yaku="19,1,15,1,11,1,52,1" doraHai="42" who="0" fromWho="0" sc="156,80,254,-20,223,-20,367,-40" owari="236,4.0,234,-17.0,203,-30.0,327,43.0" />
</Scene>
</mjloggm>