<mjloggm ver="2.3"><GO type="169" lobby="0"/><UN n0="%E6%AE%8B%E5%B0%BF%E6%84%9F%E3%81%AA%E3%81%84%EF%BC%9F" n1="%E9%9B%80%E9%BE%8D%E9%96%80%5F%59%75%74%69" n2="%E9%A2%A8%E8%BB%8A%E3%81%AE%E7%B5%B5%E7%90%86%E5%AD%90" n3="%E3%81%99%E3%81%9A%E3%82%81%E3%82%AF%E3%83%AC%E3%82%A4%E3%82%B8%E3%83%BC" dan="17,18,18,19" rate="2208.79,2236.52,2227.94,2302.38" sx="F,M,F,M"/><TAIKYOKU oya="0"/>

<Scene>
<INIT seed="0,0,0,0,5,3" ten="250,250,250,250" oya="0" hai0="122,123,34,5,58,116,119,120,75,45,100,76,59" hai1="90,32,63,71,83,18,73,82,53,25,134,40,113" hai2="70,2,87,17,114,103,88,50,101,38,107,130,95" hai3="86,16,93,43,133,89,77,57,7,4,132,61,66"/><T36/><D34/><U97/><E134/><N who="3" m="51818" /><G43/><N who="0" m="22759" /><D5/><N who="3" m="2121" /><G16/><T72/><D100/><U131/><E32/><V104/><F17/><W67/><G77/><T68/><D76/><U94/><E25/><V10/><F50/><W33/><G33/><T54/><D75/><U31/><E73/><V127/><F70/><W27/><G67/><T124/><D72/><U15/><E40/><V92/><F38/><W126/><G126/><T69/><D124/><U48/><E18/><V96/><F10/><W91/><G89/><T21/><D21/><U79/><E90/><V8/><F8/><W74/><G74/><T14/><D14/><U78/><E15/><V12/><F12/><W42/><G42/><T55/><D69/><U84/><E71/><V37/><F37/><W39/><G39/><T65/><D68/><U117/><E78/><V52/><F52/><N who="0" m="20010" /><D65/><U106/><E79/><V6/><F6/><W44/><G44/><T102/><D102/><U19/><E19/><V9/><F9/><W81/><G81/><T46/><D46/><U110/><E83/><V24/><F103/><W60/><G60/><T85/><D85/><U22/><E63/><V26/><F87/><W1/><G1/><T49/><D49/><U51/><E51/><V109/><F101/><W125/><G125/><T80/><D80/><U11/><E48/><V118/><F2/><W128/><G27/><T0/><D0/><U62/><E82/><V112/><F26/><W29/><G29/><T108/><D108/><U30/><E30/><V23/><F127/><W41/><G41/><T121/><N who="0" m="30720" /><DORA hai="129" /><T56/><AGARI ba="0,0" hai="56,58,59,116,119" m="30720,20010,22759" machi="56" ten="60,12000,1" yaku="4,1,34,2,54,1" doraHai="3,129" who="0" fromWho="0" sc="250,120,250,-40,250,-40,250,-40" />
</Scene>
<Scene>
<INIT seed="0,1,0,0,5,53" ten="370,210,210,210" oya="0" hai0="72,116,30,94,77,117,111,38,48,114,134,118,106" hai1="27,88,80,128,97,67,21,129,63,28,31,109,4" hai2="92,64,65,73,29,120,7,85,112,135,60,3,10" hai3="24,5,41,45,90,62,74,99,84,115,15,130,47"/><T91/><D38/><U107/><E109/><V44/><F73/><W119/><G74/><T33/><D30/><U22/><E4/><V70/><F65/><W110/><G110/><T25/><D33/><U59/><E107/><V43/><F10/><W103/><G130/><T81/><D25/><U49/><E49/><V101/><F7/><W104/><G24/><T46/><D111/><U16/><E31/><V26/><F3/><W14/><G119/><T40/><D106/><U52/><E67/><V86/><F112/><W96/><G96/><T123/><D123/><U126/><E126/><V8/><F8/><W23/><G23/><T122/><D122/><U113/><E113/><V69/><F69/><W95/><G5/><T66/><D66/><U89/><E89/><V93/><F120/><W0/><G0/><T39/><D114/><U127/><E127/><V2/><F2/><W132/><G132/><T35/><D35/><U18/><E80/><V125/><F93/><W9/><G9/><T79/><D79/><U50/><E50/><V19/><F19/><W75/><G62/><T32/><D32/><U20/><E20/><V102/><F135/><W12/><G41/><T37/><REACH who="0" step="1"/><D134/><REACH who="0" ten="360,210,210,210" step="2"/><U100/><E28/><V17/><F29/><W78/><G115/><T6/><D6/><U54/><E129/><V124/><F124/><W34/><G34/><T98/><AGARI ba="1,1" hai="37,39,40,46,48,72,77,81,91,94,98,116,117,118" machi="98" ten="30,11700,0" yaku="1,1,0,1,53,2" doraHai="53" doraHaiUra="68" who="0" fromWho="0" sc="360,130,210,-40,210,-40,210,-40" />
</Scene>
<Scene>
<INIT seed="0,2,0,1,3,24" ten="490,170,170,170" oya="0" hai0="51,123,81,28,27,72,100,83,82,42,113,11,33" hai1="127,30,62,9,80,122,3,22,49,8,99,107,59" hai2="32,29,0,56,69,13,35,130,52,5,14,102,45" hai3="20,76,132,67,108,73,37,54,87,75,16,120,119"/><T57/><D113/><U6/><E127/><V19/><F69/><W66/><G37/><T1/><D123/><U98/><E122/><V118/><F0/><W31/><G119/><T23/><D100/><U91/><E9/><V101/><F45/><W121/><G108/><T84/><D72/><U110/><E110/><V40/><F40/><W97/><G132/><T135/><D135/><U15/><E49/><V131/><F5/><W94/><G73/><T60/><D1/><U21/><E107/><V12/><F19/><W55/><G75/><T93/><D11/><U117/><E117/><V79/><F79/><W71/><G87/><T53/><D42/><U7/><E7/><V103/><F118/><W104/><G104/><T90/><REACH who="0" step="1"/><D33/><REACH who="0" ten="480,170,170,170" step="2"/><U114/><E3/><V44/><F35/><W74/><G74/><T86/><D86/><U95/><E8/><V115/><F115/><W109/><G121/><T126/><D126/><U65/><E114/><V116/><F116/><W34/><G120/><T111/><D111/><U106/><E98/><V70/><F103/><W38/><G34/><T133/><D133/><U50/><E99/><V17/><F102/><W47/><G97/><T25/><D25/><U4/><E106/><V39/><F101/><W89/><G109/><T92/><D92/><U128/><E95/><V64/><F32/><W77/><G94/><T105/><D105/><U88/><E80/><V41/><F41/><W58/><G20/><T78/><D78/><U124/><E22/><V134/><F134/><W10/><G77/><T61/><AGARI ba="2,1" hai="23,27,28,51,53,57,60,61,81,82,83,84,90,93" machi="61" ten="30,12000,1" yaku="1,1,0,1,8,1,52,1,53,1" doraHai="24" doraHaiUra="46" who="0" fromWho="0" sc="480,136,170,-42,170,-42,170,-42" />
</Scene>
<Scene>
<INIT seed="0,3,0,1,2,132" ten="616,128,128,128" oya="0" hai0="5,50,74,116,52,122,120,40,8,9,24,101,34" hai1="44,72,91,135,108,46,73,113,121,27,14,130,15" hai2="61,16,92,30,111,7,37,35,33,69,95,10,84" hai3="66,102,23,48,45,56,125,49,67,26,17,0,118"/><T25/><D74/><U31/><E135/><V36/><F35/><W3/><G118/><T97/><D116/><U133/><E133/><V60/><F30/><W81/><G102/><T12/><D40/><U18/><E121/><V107/><F107/><W57/><G81/><T4/><D34/><U64/><E64/><V127/><F33/><W41/><G0/><T54/><D122/><U55/><E130/><V68/><F7/><W2/><G2/><T124/><D120/><U32/><E14/><V89/><F111/><W70/><G70/><T129/><D124/><U110/><E113/><V59/><F95/><W76/><G76/><T99/><D129/><U106/><E55/><V43/><F43/><W109/><G3/><T62/><D62/><U126/><E126/><V38/><F127/><W90/><G109/><N who="1" m="42090" /><E106/><V71/><REACH who="2" step="1"/><F59/><REACH who="2" ten="616,128,118,128" step="2"/><W100/><G57/><N who="0" m="32919" /><D5/><U42/><E42/><V13/><AGARI ba="3,1" hai="10,13,16,36,37,38,60,61,68,69,71,84,89,92" machi="13" ten="40,8000,1" yaku="1,1,0,1,54,1,53,2" doraHai="132" doraHaiUra="58" who="2" fromWho="2" sc="616,-43,128,-23,118,99,128,-23" />
</Scene>
<Scene>
<INIT seed="1,0,0,3,0,14" ten="573,105,217,105" oya="1" hai0="6,84,90,70,12,56,80,134,83,111,75,63,82" hai1="104,62,26,32,109,10,116,20,21,41,113,4,121" hai2="43,13,105,129,96,5,33,47,68,45,130,11,1" hai3="85,48,51,69,38,114,81,89,35,58,71,36,91"/><U31/><E104/><V22/><F68/><W78/><G35/><T0/><D70/><U18/><E121/><V16/><F33/><W73/><G114/><T108/><D0/><U67/><E113/><V61/><F61/><W30/><G30/><T87/><D75/><U95/><E116/><V118/><F118/><W39/><G91/><T127/><D127/><U2/><E109/><N who="0" m="42057" /><D134/><U98/><E41/><V131/><F43/><W42/><G48/><T133/><D133/><U125/><E125/><V44/><F96/><W110/><G110/><T37/><D37/><U103/><REACH who="1" step="1"/><E18/><REACH who="1" ten="573,95,217,105" step="2"/><V93/><F105/><W8/><G42/><T29/><D29/><U97/><E97/><V50/><F50/><W65/><G38/><T15/><D87/><U102/><E102/><V23/><F93/><W117/><G117/><T60/><D6/><U77/><E77/><V19/><REACH who="2" step="1"/><F131/><REACH who="2" ten="573,95,207,105" step="2"/><W124/><G36/><T100/><D82/><U74/><E74/><V107/><F107/><W86/><G73/><T66/><D83/><U132/><E132/><V28/><F28/><W99/><G99/><T24/><D100/><U115/><E115/><V49/><F49/><W54/><G39/><T92/><D80/><U76/><E76/><V120/><F120/><W57/><G81/><T52/><D92/><U40/><E40/><V128/><F128/><W27/><G78/><T64/><D90/><U59/><AGARI ba="0,2" hai="2,4,10,20,21,26,31,32,59,62,67,95,98,103" machi="59" ten="20,3900,0" yaku="1,1,0,1,7,1,53,0" doraHai="14" doraHaiUra="123" who="1" fromWho="1" sc="573,-13,95,59,207,-13,105,-13" />
</Scene>
<Scene>
<INIT seed="1,1,0,3,2,113" ten="560,154,194,92" oya="1" hai0="29,108,79,52,98,54,12,93,103,21,84,135,38" hai1="36,72,132,34,10,18,110,129,65,2,60,24,59" hai2="20,87,16,49,46,4,75,31,99,45,33,67,85" hai3="42,53,126,91,96,61,30,1,71,66,7,28,109"/><U121/><E121/><V57/><F75/><W106/><G109/><T118/><D108/><U15/><E110/><V17/><F33/><W77/><G77/><T78/><D38/><U133/><E36/><V64/><F4/><W9/><G42/><T40/><D118/><U25/><E129/><V69/><F69/><W44/><G126/><T19/><D40/><U43/><E43/><V39/><F99/><W101/><G44/><T80/><D135/><N who="1" m="51787" /><E34/><V11/><F39/><W114/><G114/><T3/><D3/><U6/><E72/><V95/><F11/><AGARI ba="1,0" hai="2,6,10,11,15,18,24,25,59,60,65" m="51787" machi="11" ten="30,1500,0" yaku="20,1" doraHai="113" who="1" fromWho="2" sc="560,0,154,18,194,-18,92,0" />
</Scene>
<Scene>
<INIT seed="1,2,0,1,3,90" ten="560,172,176,92" oya="1" hai0="14,59,134,0,61,32,104,93,39,105,51,108,91" hai1="86,40,110,135,94,36,37,92,112,111,69,87,109" hai2="106,114,55,12,25,64,119,103,17,82,57,38,123" hai3="49,129,28,5,76,24,115,47,117,121,102,126,56"/><U10/><E135/><V125/><F38/><N who="1" m="14953" /><E112/><V11/><F64/><W30/><G121/><T18/><D0/><U116/><E116/><V19/><F123/><W16/><G76/><T2/><D2/><U68/><E40/><V22/><F119/><W66/><G5/><T29/><D39/><U98/><E10/><V35/><F35/><W7/><G7/><T130/><D32/><U118/><E118/><V80/><F106/><W84/><G102/><T13/><D29/><U43/><E43/><V46/><F46/><W73/><G73/><T23/><D130/><U45/><E45/><V50/><F103/><W78/><G129/><T20/><D134/><U52/><E52/><V107/><F107/><W122/><G122/><T1/><D1/><U74/><E74/><V26/><F114/><W63/><G115/><T65/><D51/><U8/><E8/><V33/><F33/><W113/><G113/><T67/><D67/><U6/><E6/><V48/><F48/><W34/><G30/><T79/><D79/><U88/><E86/><V58/><F26/><W15/><G84/><T71/><D71/><U85/><E85/><V100/><F100/><AGARI ba="2,0" hai="68,69,87,88,92,94,98,100,109,110,111" m="14953" machi="100" ten="40,12000,1" yaku="14,1,10,1,52,2,54,1" doraHai="90" who="1" fromWho="2" sc="560,0,172,126,176,-126,92,0" />
</Scene>
<Scene>
<INIT seed="1,3,0,1,1,37" ten="560,298,50,92" oya="1" hai0="6,32,24,93,62,61,57,134,35,49,3,88,119" hai1="34,79,133,100,130,78,26,97,109,22,30,7,31" hai2="41,125,92,121,122,80,64,75,111,66,63,14,85" hai3="89,74,60,54,33,95,45,83,123,40,67,128,12"/><U131/><E133/><V108/><F75/><W71/><G33/><T72/><D72/><U113/><E113/><V52/><F125/><W107/><G128/><N who="1" m="49194" /><E7/><V43/><F92/><W94/><G107/><T46/><D6/><U10/><E10/><V117/><F14/><W120/><G54/><T77/><D3/><U47/><E109/><N who="2" m="42059" /><F85/><W81/><G95/><T73/><D119/><U105/><E47/><V114/><F80/><W36/><G12/><T56/><D134/><U27/><AGARI ba="3,0" hai="22,26,27,30,31,34,78,79,97,100,105" m="49194" machi="27" ten="30,1500,0" yaku="19,1" doraHai="37" who="1" fromWho="1" sc="560,-8,298,24,50,-8,92,-8" />
</Scene>
<Scene>
<INIT seed="1,4,0,3,3,84" ten="552,322,42,84" oya="1" hai0="50,3,127,83,40,65,111,106,16,21,69,9,67" hai1="73,24,114,11,110,117,52,27,61,0,68,133,47" hai2="105,116,104,88,59,64,66,125,38,121,132,23,92" hai3="95,26,54,8,31,100,82,85,60,42,34,20,56"/><U74/><E117/><V18/><F38/><W97/><G34/><T5/><D106/><U126/><E114/><V41/><F41/><W75/><G75/><T91/><D69/><U123/><E123/><V58/><F121/><W86/><G42/><T29/><D29/><U119/><E119/><V118/><F132/><W12/><REACH who="3" step="1"/><G82/><REACH who="3" ten="552,322,42,74" step="2"/><T70/><D40/><U98/><E73/><V130/><F118/><W25/><G25/><T112/><D83/><U90/><E27/><V79/><F116/><W53/><G53/><T77/><D112/><U124/><E52/><V39/><F39/><W87/><G87/><T32/><D32/><U1/><E24/><V129/><F66/><W108/><G108/><T93/><D111/><U76/><E74/><V43/><F64/><W46/><G46/><T4/><D67/><U44/><E110/><V57/><F43/><W115/><G115/><T81/><D70/><U71/><E71/><V107/><F125/><W122/><G122/><T101/><D65/><U28/><E68/><V14/><REACH who="2" step="1"/><F79/><REACH who="2" ten="552,322,32,74" step="2"/><W102/><G102/><T45/><D101/><U36/><E76/><V6/><F6/><AGARI ba="4,2" hai="6,8,12,20,26,31,54,56,60,85,86,95,97,100" machi="6" ten="30,3900,0" yaku="1,1,7,1,8,1,53,0" doraHai="84" doraHaiUra="134" who="3" fromWho="2" sc="552,0,322,0,32,-51,74,71" owari="552,65.0,322,12.0,-19,-52.0,145,-25.0" />
</Scene>
</mjloggm>