<mjloggm ver="2.3"><GO type="169" lobby="0"/><UN n0="%E3%81%99%E3%81%9A%E3%82%81%E3%82%AF%E3%83%AC%E3%82%A4%E3%82%B8%E3%83%BC" n1="%E3%83%94%E3%83%A8%E3%81%A3%E3%81%99" n2="%E3%81%95%E3%82%8A%E3%83%BC%E3%81%99%E3%81%93%E3%81%A3%E3%81%A8" n3="%E9%9A%A0%E5%9C%B0%E5%89%8D" dan="19,16,16,16" rate="2290.91,2135.99,2162.89,2105.09" sx="M,M,F,M"/><TAIKYOKU oya="0"/>

<Scene>
<INIT seed="0,0,0,0,4,121" ten="250,250,250,250" oya="0" hai0="123,85,111,79,41,1,92,62,44,50,90,8,81" hai1="38,95,32,135,7,67,86,58,108,31,3,54,35" hai2="83,45,132,94,60,42,27,93,51,105,101,15,19" hai3="88,37,9,73,127,64,104,75,77,57,118,98,103"/><T74/><D123/><U69/><E38/><V29/><F132/><W46/><G118/><T68/><D68/><U4/><E135/><V117/><F117/><W2/><G127/><T28/><D28/><U119/><E119/><V14/><F60/><W12/><G2/><T124/><D124/><U53/><E108/><V70/><F70/><W17/><G77/><T130/><D130/><U129/><E129/><V72/><F105/><W0/><G0/><T65/><D62/><U61/><E54/><V49/><F101/><W131/><G131/><T59/><D59/><U114/><E114/><V113/><F49/><W97/><G57/><T106/><D65/><U20/><E20/><V122/><F122/><W56/><G56/><T16/><D106/><U112/><E112/><V21/><F113/><W24/><G24/><T78/><D79/><U82/><E95/><V84/><F72/><W23/><G9/><T134/><D111/><U87/><E87/><V52/><F42/><W11/><G11/><T10/><D134/><U133/><E133/><V71/><F71/><W115/><G64/><T100/><D100/><U63/><E3/><V109/><F109/><W18/><G18/><T5/><D10/><U89/><E31/><V34/><REACH who="2" step="1"/><F15/><REACH who="2" ten="250,250,240,250" step="2"/><W125/><G115/><T120/><D120/><U30/><E63/><V80/><F80/><W55/><G125/><T33/><D33/><U107/><E32/><V99/><F99/><W13/><G98/><T6/><D1/><U102/><E107/><V22/><F22/><W39/><G104/><T25/><D8/><U48/><E102/><RYUUKYOKU ba="0,1" sc="250,10,250,10,240,10,250,-30" hai0="5,6,16,25,41,44,50,74,78,81,85,90,92" hai1="4,7,30,35,48,53,58,61,67,69,82,86,89" hai2="14,19,21,27,29,34,45,51,52,83,84,93,94" />
</Scene>
<Scene>
<INIT seed="0,1,1,0,2,19" ten="260,260,250,220" oya="0" hai0="121,100,11,13,49,88,117,26,22,33,7,39,48" hai1="64,61,102,46,130,101,97,128,5,6,85,52,2" hai2="18,57,35,54,68,31,99,23,55,44,125,107,16" hai3="95,62,60,109,112,87,126,71,66,17,94,135,63"/><T119/><D39/><U28/><E28/><V75/><F75/><W124/><G112/><T79/><D121/><U82/><E101/><V96/><F68/><W133/><G109/><T69/><D69/><U81/><E81/><V59/><F35/><W8/><G71/><T93/><D33/><U38/><E2/><V1/><F1/><W84/><G66/><T21/><D119/><U65/><E65/><V42/><F107/><W25/><G8/><T116/><D116/><U24/><E24/><N who="2" m="14439" /><F31/><W77/><G25/><T51/><D117/><U123/><E123/><V129/><F129/><W40/><G40/><T12/><D79/><U78/><E128/><V103/><F103/><W89/><G17/><N who="0" m="10415" /><D100/><U72/><E72/><V45/><F18/><W70/><G70/><T115/><D115/><U120/><E120/><V10/><F10/><W98/><G77/><T111/><D111/><U80/><E130/><V43/><F125/><N who="3" m="48235" /><G98/><N who="2" m="37417" /><F43/><W134/><G89/><T56/><D88/><U36/><E102/><V113/><F113/><W32/><G32/><T104/><D104/><U118/><E118/><V108/><F108/><W131/><G131/><T37/><D37/><U34/><E38/><V83/><F83/><W47/><G47/><N who="2" m="17993" /><F42/><W14/><G14/><T3/><D93/><AGARI ba="1,1" hai="60,62,63,84,87,93,94,95,133,134,135" m="48235" machi="93" ten="40,8000,1" yaku="28,2,20,1,18,1" doraHai="19" who="3" fromWho="0" sc="260,-83,260,0,250,0,220,93" />
</Scene>
<Scene>
<INIT seed="1,0,0,5,0,106" ten="177,260,250,313" oya="1" hai0="116,21,94,5,29,128,84,65,37,96,112,54,23" hai1="9,123,28,16,64,87,80,47,41,56,25,92,134" hai2="49,36,76,79,135,42,113,108,90,93,19,101,99" hai3="131,61,82,58,17,100,26,68,33,81,13,88,63"/><U70/><E70/><V32/><F36/><W122/><G122/><T50/><D37/><U55/><E123/><V103/><F32/><W117/><G117/><T69/><D112/><U111/><E134/><V107/><F19/><W24/><G100/><T130/><D116/><U22/><E64/><V62/><F62/><W0/><G0/><T14/><D65/><U85/><E111/><V48/><F48/><W133/><G131/><T46/><D69/><U10/><E92/><V31/><F31/><W20/><G133/><T127/><D127/><U43/><E85/><V105/><F49/><W91/><G68/><T52/><D84/><U60/><E28/><V86/><F42/><N who="1" m="15881" /><E47/><V132/><F108/><W11/><G63/><T34/><D34/><U115/><E115/><V67/><F67/><W44/><G44/><T40/><D54/><U121/><E121/><V95/><F113/><W118/><G118/><T114/><D40/><U98/><E98/><N who="2" m="61687" /><F93/><W35/><G33/><T6/><D114/><U75/><E9/><V78/><AGARI ba="0,0" hai="76,78,79,86,90,95,99,101,107,132,135" m="61687" machi="78" ten="30,2000,0" yaku="34,2" doraHai="106" who="2" fromWho="2" sc="177,-5,260,-10,250,20,313,-5" />
</Scene>
<Scene>
<INIT seed="2,0,0,5,1,34" ten="172,250,270,308" oya="2" hai0="134,119,109,60,117,56,61,114,30,33,86,38,116" hai1="49,133,65,112,7,118,35,12,32,68,127,77,91" hai2="45,46,66,87,57,113,40,110,16,88,94,123,122" hai3="83,41,96,121,102,24,80,71,47,19,124,18,105"/><V27/><F113/><W50/><G121/><T59/><D33/><U103/><E112/><V3/><F3/><W39/><G124/><T29/><D114/><U0/><E0/><V2/><F2/><W129/><G129/><T25/><D38/><U13/><E118/><V99/><F110/><W70/><G70/><T11/><D109/><U42/><E13/><V58/><F123/><W8/><G71/><T10/><D86/><U128/><E133/><V100/><F122/><W31/><G39/><T107/><D25/><U74/><E103/><V15/><F27/><W73/><G73/><T63/><D107/><U90/><E32/><V1/><F1/><W76/><G76/><T55/><D55/><U51/><E51/><N who="2" m="27047" /><F46/><W81/><REACH who="3" step="1"/><G8/><REACH who="3" ten="172,250,270,298" step="2"/><N who="0" m="3115" /><D134/><U20/><E127/><V115/><F115/><W135/><G135/><T53/><D53/><U92/><E77/><V44/><F66/><W4/><G4/><T26/><D26/><U69/><E7/><V85/><F44/><W106/><G106/><T78/><D78/><U67/><E65/><V36/><F36/><W130/><G130/><T131/><D131/><U89/><E67/><V97/><F97/><W101/><G101/><T62/><N who="0" m="15360" /><DORA hai="6" /><T104/><D104/><U98/><E68/><V79/><F79/><W95/><G95/><T9/><D9/><U93/><E69/><V52/><F52/><W22/><AGARI ba="0,1" hai="18,19,22,24,31,41,47,50,80,81,83,96,102,105" machi="22" ten="30,2000,0" yaku="1,1,0,1,53,0" doraHai="34,6" doraHaiUra="48,111" who="3" fromWho="3" sc="172,-5,250,-5,270,-10,298,30" />
</Scene>
<Scene>
<INIT seed="3,0,0,4,2,124" ten="167,245,260,328" oya="3" hai0="121,11,100,62,69,46,44,14,134,102,82,130,53" hai1="78,5,70,19,65,99,0,125,126,47,33,135,55" hai2="68,104,115,76,57,132,97,49,18,21,60,7,122" hai3="71,32,20,107,26,23,66,24,79,59,72,28,127"/><W41/><G127/><T50/><D121/><U22/><E33/><V90/><F115/><W1/><G107/><T73/><D134/><U84/><E135/><V106/><F76/><W3/><G71/><T109/><D109/><U48/><E0/><V56/><F132/><W111/><G32/><T133/><D133/><U101/><E5/><V74/><F74/><W54/><G111/><T123/><D123/><U116/><E116/><V61/><F7/><W17/><G41/><T77/><D46/><U8/><E8/><V37/><F37/><W131/><G131/><T120/><D120/><U27/><E70/><V52/><F68/><W51/><REACH who="3" step="1"/><G66/><REACH who="3" ten="167,245,260,318" step="2"/><T30/><D130/><U58/><E65/><V80/><F122/><W81/><AGARI ba="0,1" hai="1,3,17,20,23,24,26,28,51,54,59,72,79,81" machi="81" ten="30,6000,0" yaku="1,1,2,1,0,1,53,0" doraHai="124" doraHaiUra="36" who="3" fromWho="3" sc="167,-20,245,-20,260,-20,318,70" />
</Scene>
<Scene>
<INIT seed="3,1,0,3,0,91" ten="147,225,240,388" oya="3" hai0="22,21,16,114,119,0,130,41,33,126,49,11,46" hai1="79,10,70,122,105,26,25,120,86,48,34,81,90" hai2="84,85,40,8,111,51,44,61,124,94,71,74,95" hai3="62,37,72,118,78,112,101,50,1,127,45,115,35"/><W3/><G118/><T68/><D68/><U93/><E105/><V9/><F74/><W36/><G127/><T103/><D119/><U73/><E70/><V100/><F124/><W7/><G62/><T60/><D33/><U92/><E10/><N who="2" m="4203" /><F71/><W32/><G7/><T65/><D130/><U96/><E48/><V109/><F61/><W59/><G59/><T15/><D114/><N who="3" m="43561" /><G50/><T121/><D121/><U75/><E26/><V58/><F58/><W113/><G101/><T98/><D126/><U29/><E75/><V20/><F20/><W104/><G113/><T5/><D60/><U23/><E34/><N who="3" m="12842" /><G45/><T31/><D22/><U6/><E6/><V135/><F100/><AGARI ba="1,0" hai="23,25,29,73,79,81,86,90,92,93,96,100,120,122" machi="100" ten="30,3900,0" yaku="7,1,52,2" doraHai="91" who="1" fromWho="2" sc="147,0,225,42,240,-42,388,0" />
</Scene>
<Scene>
<INIT seed="4,0,0,3,4,10" ten="147,267,198,388" oya="0" hai0="45,15,72,34,13,73,12,132,0,86,66,83,37" hai1="26,40,78,11,70,24,51,112,41,118,1,20,9" hai2="6,4,75,84,29,25,53,96,30,119,74,122,130" hai3="61,33,102,115,110,68,54,85,91,80,127,95,43"/><T47/><D0/><U39/><E70/><V81/><F122/><W60/><G33/><T3/><D3/><U124/><E39/><V69/><F130/><W35/><G115/><T113/><D34/><U67/><E67/><V120/><F120/><W108/><G35/><T27/><D113/><U62/><E62/><V32/><F69/><W31/><G31/><T49/><D27/><U64/><E64/><V22/><F119/><W16/><G43/><T50/><D37/><U121/><E118/><V65/><F65/><W93/><G127/><T5/><D66/><U18/><E124/><V126/><F126/><W23/><G68/><T106/><D106/><U79/><E121/><V97/><F30/><W129/><G129/><T57/><D57/><U59/><E112/><V87/><F32/><W48/><G108/><T114/><D114/><U88/><E24/><V135/><F135/><W58/><G110/><T116/><D132/><U21/><E21/><V125/><F125/><W92/><G102/><T55/><D116/><U42/><E1/><V123/><F123/><W105/><G105/><T109/><D109/><U98/><E59/><V111/><F111/><W103/><G103/><T133/><D133/><U101/><E101/><V44/><F74/><W107/><G107/><T128/><D128/><U8/><E51/><N who="2" m="28903" /><F75/><W63/><G80/><T17/><D5/><N who="2" m="2154" /><F81/><W77/><G77/><N who="0" m="46447" /><D17/><U94/><AGARI ba="0,0" hai="8,9,11,18,20,26,40,41,42,78,79,88,94,98" machi="94" ten="40,5200,0" yaku="0,1,8,1,54,1" doraHai="10" who="1" fromWho="1" sc="147,-26,267,52,198,-13,388,-13" />
</Scene>
<Scene>
<INIT seed="5,0,0,0,4,31" ten="121,319,185,375" oya="1" hai0="45,111,44,32,113,73,130,122,42,119,33,66,76" hai1="131,60,87,38,110,25,118,23,7,70,63,69,47" hai2="89,51,75,64,88,39,18,4,126,37,120,54,57" hai3="49,24,86,100,6,65,107,35,135,58,36,61,85"/><U48/><E118/><V114/><F120/><W30/><G36/><T104/><D119/><U28/><E38/><V81/><F126/><W21/><G135/><T67/><D111/><U34/><E110/><V77/><F114/><W124/><G124/><T79/><D104/><U94/><E131/><V41/><F4/><W117/><G117/><T8/><D113/><U27/><E7/><V128/><F128/><W80/><G6/><T98/><D130/><U19/><E69/><V109/><F109/><W46/><G107/><T12/><D98/><U13/><E70/><V55/><F64/><W14/><G100/><T132/><D73/><U11/><E94/><V52/><F37/><W102/><G102/><T121/><D12/><U0/><E87/><V22/><F54/><W62/><G62/><T68/><D68/><U112/><E112/><V93/><F55/><W90/><G85/><T123/><D8/><U129/><E129/><V43/><F39/><W78/><G78/><N who="0" m="29739" /><D132/><U1/><E1/><V92/><F92/><W20/><G14/><T56/><D56/><U40/><E0/><V72/><F72/><W17/><G17/><T103/><D103/><U16/><AGARI ba="0,0" hai="11,13,16,19,23,25,27,28,34,40,47,48,60,63" machi="16" ten="20,7800,0" yaku="0,1,7,1,52,1,54,1" doraHai="31" who="1" fromWho="1" sc="121,-26,319,78,185,-26,375,-26" />
</Scene>
<Scene>
<INIT seed="5,1,0,0,5,68" ten="95,397,159,349" oya="1" hai0="0,5,97,35,127,118,70,107,112,42,81,4,18" hai1="23,67,98,62,58,26,120,115,25,36,82,37,21" hai2="64,45,32,121,132,130,87,114,117,74,101,106,34" hai3="46,90,134,99,1,14,54,33,75,103,47,28,79"/><U2/><E2/><V126/><RYUUKYOKU type="yao9" ba="1,0" sc="95,0,397,0,159,0,349,0" hai2="32,34,45,64,74,87,101,106,114,117,121,126,130,132" />
</Scene>
<Scene>
<INIT seed="5,2,0,4,0,21" ten="95,397,159,349" oya="1" hai0="10,12,70,14,26,102,131,5,57,29,80,9,27" hai1="56,81,89,13,108,74,49,112,120,62,130,58,125" hai2="40,16,87,113,53,18,73,110,24,88,104,61,78" hai3="19,2,4,118,96,51,135,23,30,98,60,95,11"/><U48/><E120/><V69/><F110/><W111/><G118/><T101/><D70/><U54/><E108/><V76/><F104/><W132/><G111/><T47/><D131/><U37/><E37/><V85/><F40/><W79/><G79/><T109/><D109/><U42/><E130/><V134/><F134/><W0/><G30/><T32/><D47/><U46/><E112/><V28/><F73/><W41/><G60/><T65/><D80/><U91/><E125/><V127/><F127/><W97/><G41/><T59/><D29/><U121/><E121/><V105/><F105/><W63/><G51/><T133/><D133/><N who="3" m="51273" /><G2/><T45/><D45/><U33/><E33/><V44/><F69/><W122/><G63/><T114/><D32/><U100/><E100/><N who="0" m="38505" /><D114/><U83/><E13/><V52/><F44/><W39/><G39/><T20/><D20/><U94/><E74/><V123/><F123/><W92/><G122/><T107/><D107/><U43/><E43/><V55/><F61/><W34/><G34/><T103/><N who="0" m="38513" /><T3/><DORA hai="50" /><D3/><U8/><E8/><V75/><F75/><W1/><G1/><T117/><D65/><N who="1" m="39111" /><E91/><V86/><F88/><W7/><G7/><N who="0" m="3135" /><D117/><U17/><E17/><N who="2" m="6763" /><F113/><W36/><G36/><T93/><D93/><U35/><E35/><V129/><F129/><W31/><G31/><T116/><D116/><U124/><E124/><V119/><F119/><W25/><AGARI ba="2,0" hai="0,4,11,19,23,25,92,95,96,97,98" m="51273" machi="25" ten="30,2000,0" yaku="20,1,52,1" doraHai="21,50" who="3" fromWho="3" sc="95,-7,397,-12,159,-7,349,26" />
</Scene>
<Scene>
<INIT seed="6,0,0,4,1,118" ten="88,385,152,375" oya="2" hai0="59,76,114,65,103,75,73,8,46,5,20,25,12" hai1="22,132,64,0,31,131,62,70,124,23,96,126,13" hai2="47,3,56,119,19,52,85,97,135,16,81,18,54" hai3="84,42,44,24,133,45,134,38,63,66,34,122,90"/><V98/><F119/><W53/><G34/><T30/><D114/><U117/><E0/><V39/><F3/><W88/><G24/><T92/><D76/><U33/><E117/><V106/><F135/><N who="3" m="51723" /><G84/><T105/><D105/><U14/><E132/><V17/><F106/><W110/><G110/><T11/><D11/><U10/><E131/><V80/><F39/><W77/><G77/><T27/><D27/><N who="1" m="18687" /><E96/><N who="2" m="36971" /><F85/><W37/><G122/><T129/><D129/><U51/><E51/><N who="2" m="28799" /><F19/><W115/><G115/><T79/><D79/><U83/><E83/><V6/><F6/><W120/><G120/><T61/><D46/><U111/><E111/><V94/><F94/><W4/><G4/><T113/><REACH who="0" step="1"/><D113/><REACH who="0" ten="78,385,152,375" step="2"/><U41/><E10/><V109/><F109/><W69/><G37/><T100/><D100/><U28/><E124/><V89/><F89/><W48/><AGARI ba="0,1" hai="38,42,44,45,48,53,63,66,69,88,90" m="51723" machi="48" ten="30,2000,0" yaku="20,1,54,1" doraHai="118" who="3" fromWho="3" sc="78,-5,385,-5,152,-10,375,30" />
</Scene>
<Scene>
<INIT seed="7,0,0,0,4,117" ten="73,380,142,405" oya="3" hai0="112,61,89,124,79,87,37,114,132,91,92,30,65" hai1="128,99,16,93,78,28,127,77,26,49,38,14,23" hai2="55,113,122,25,60,57,69,107,97,73,18,52,6" hai3="75,7,125,131,95,20,103,11,39,88,43,70,129"/><W58/><G70/><T48/><D37/><U105/><E38/><V63/><F73/><W115/><G115/><T134/><D30/><U12/><E105/><V102/><F113/><N who="0" m="43626" /><D61/><U46/><E128/><N who="3" m="49226" /><G125/><T121/><D65/><U27/><E127/><V116/><F116/><W94/><G75/><T120/><D124/><U8/><E14/><V72/><F72/><W3/><G20/><T71/><D71/><U36/><E36/><V110/><F6/><W109/><G109/><T135/><D79/><U130/><E27/><V66/><F55/><W44/><G58/><T54/><D91/><N who="1" m="55743" /><E130/><V21/><F110/><W126/><G126/><T1/><D1/><U15/><E15/><V0/><F0/><W17/><G17/><T41/><D41/><U24/><E24/><V42/><F42/><W84/><G103/><T45/><AGARI ba="0,0" hai="45,48,54,87,89,92,120,121,132,134,135" m="43626" machi="45" ten="40,8000,1" yaku="20,1,15,1,11,1,52,2" doraHai="117" who="0" fromWho="0" sc="73,80,380,-20,142,-20,405,-40" owari="153,-25.0,360,16.0,122,-38.0,365,47.0" />
</Scene>
</mjloggm>