<mjloggm ver="2.3"><GO type="169" lobby="0"/><UN n0="%E3%81%99%E3%81%9A%E3%82%81%E3%82%AF%E3%83%AC%E3%82%A4%E3%82%B8%E3%83%BC" n1="%E3%80%9D%E3%83%A9%E3%83%A0%E3%83%80%E3%83%87%E3%83%AB%E3%82%BF%E3%80%9F" n2="%E4%B8%AD%E7%94%B0%E3%83%A4%E3%82%B9%E3%82%BF%E3%82%AB" n3="%E5%B5%AF%E5%B3%A8%E6%94%BF%E5%AE%97" dan="19,16,16,16" rate="2291.29,2115.48,2180.43,2107.07" sx="M,F,M,F"/><TAIKYOKU oya="0"/>

<Scene>
<INIT seed="0,0,0,1,0,5" ten="250,250,250,250" oya="0" hai0="75,99,25,134,117,55,114,49,116,8,37,118,133" hai1="33,85,86,132,119,96,135,20,10,70,94,59,91" hai2="71,28,40,50,51,104,87,53,24,46,83,31,11" hai3="14,122,21,112,68,4,62,41,82,7,120,127,101"/><T109/><D75/><U100/><E33/><V34/><F31/><W92/><G82/><T57/><D114/><U121/><E70/><V89/><F104/><W113/><G41/><T129/><D25/><U1/><E121/><N who="3" m="46698" /><G127/><T97/><D129/><U39/><E39/><V128/><F128/><W88/><G101/><T29/><D29/><U78/><E78/><V74/><F74/><W130/><G130/><T12/><D37/><U84/><E20/><V103/><F71/><W42/><G42/><T72/><D72/><U18/><E59/><V3/><F103/><W98/><G7/><T15/><D15/><N who="1" m="7543" /><E1/><V43/><REACH who="2" step="1"/><F51/><REACH who="2" ten="250,250,240,250" step="2"/><W30/><G30/><T69/><D69/><U77/><E119/><V125/><F125/><W60/><G68/><T123/><D123/><U102/><E77/><V54/><F54/><W19/><G4/><AGARI ba="0,1" hai="3,4,11,24,28,34,40,43,46,50,53,83,87,89" machi="4" ten="40,2600,0" yaku="1,1,52,1,53,0" doraHai="5" doraHaiUra="52" who="2" fromWho="3" sc="250,0,250,0,240,36,250,-26" />
</Scene>
<Scene>
<INIT seed="1,0,0,2,0,77" ten="250,250,276,224" oya="1" hai0="121,25,79,103,23,75,3,110,80,111,114,68,20" hai1="61,36,108,58,31,0,49,81,131,27,8,129,133" hai2="54,46,105,16,93,120,97,102,84,116,91,128,101" hai3="72,100,14,43,127,122,35,62,118,55,95,123,64"/><U70/><E36/><V76/><F120/><W69/><G72/><T99/><D121/><U66/><E133/><V38/><F116/><W86/><G35/><T21/><D3/><U96/><E96/><V45/><F128/><N who="1" m="49225" /><E108/><N who="0" m="41513" /><D68/><U15/><E0/><V34/><F34/><W63/><G118/><T83/><D114/><U32/><E49/><V6/><F6/><W67/><G55/><T44/><D44/><U60/><E61/><V98/><F38/><W107/><G107/><N who="0" m="63999" /><D80/><U5/><E81/><V104/><F76/><W13/><G122/><T37/><D37/><U71/><AGARI ba="0,0" hai="5,8,15,27,31,32,58,60,66,70,71" m="49225" machi="71" ten="30,1500,0" yaku="19,1" doraHai="77" who="1" fromWho="1" sc="250,-5,250,15,276,-5,224,-5" />
</Scene>
<Scene>
<INIT seed="1,1,0,1,2,121" ten="245,265,271,219" oya="1" hai0="39,111,17,2,33,116,123,49,9,52,84,23,25" hai1="16,7,105,74,99,86,88,135,120,64,93,65,78" hai2="71,126,100,37,15,108,73,113,81,61,68,72,5" hai3="35,54,102,19,38,53,44,106,0,104,24,12,50"/><U21/><E120/><V87/><F37/><W97/><G0/><T3/><D116/><U115/><E115/><V66/><F113/><W8/><G38/><T13/><D39/><U95/><E7/><V129/><F71/><W10/><G10/><T41/><D41/><U83/><E135/><V40/><F40/><W31/><REACH who="3" step="1"/><G54/><REACH who="3" ten="245,265,271,209" step="2"/><T30/><D123/><U43/><E43/><V57/><F129/><W107/><AGARI ba="1,1" hai="8,12,19,24,31,35,44,50,53,97,102,104,106,107" machi="107" ten="20,8000,1" yaku="1,1,2,1,0,1,7,1,53,1" doraHai="121" doraHaiUra="6" who="3" fromWho="3" sc="245,-21,265,-41,271,-21,209,93" />
</Scene>
<Scene>
<INIT seed="2,0,0,4,1,46" ten="224,224,250,302" oya="2" hai0="91,115,3,55,86,73,116,78,100,40,0,130,57" hai1="122,77,129,58,88,80,18,134,127,54,36,92,48" hai2="21,98,131,103,132,93,19,71,112,45,120,5,7" hai3="61,70,60,25,79,105,108,83,66,68,128,106,110"/><V125/><F120/><W37/><G128/><T24/><D115/><U102/><E36/><V65/><F112/><W4/><G4/><T84/><D73/><U30/><E129/><V14/><F131/><W95/><G95/><T67/><D40/><U53/><E30/><V113/><F113/><W10/><G10/><T27/><D67/><U59/><E134/><V17/><F132/><W50/><G50/><T8/><D100/><U9/><E122/><V42/><F125/><W99/><G25/><T28/><D116/><U12/><E102/><V94/><F65/><W56/><G37/><T90/><D78/><U104/><E104/><V123/><F123/><W74/><G56/><T82/><D8/><U11/><E11/><V47/><F71/><N who="3" m="42439" /><G61/><T23/><D27/><U43/><E43/><V72/><F72/><W6/><G6/><N who="2" m="2057" /><F42/><W118/><G118/><T133/><D133/><U117/><E117/><V39/><F39/><W1/><G1/><T32/><D130/><U89/><E127/><V64/><F64/><W107/><G99/><T121/><D23/><U63/><REACH who="1" step="1"/><E92/><REACH who="1" ten="224,214,250,302" step="2"/><V22/><F94/><W124/><G124/><T81/><REACH who="0" step="1"/><D121/><REACH who="0" ten="214,214,250,302" step="2"/><U114/><E114/><V135/><F135/><W97/><G107/><T13/><D13/><AGARI ba="0,2" hai="13,14,17,19,21,22,45,47,93,98,103" m="2057" machi="13" ten="30,1500,0" yaku="8,1" doraHai="46" who="2" fromWho="0" sc="214,-15,214,0,250,35,302,0" />
</Scene>
<Scene>
<INIT seed="2,1,0,4,2,16" ten="199,214,285,302" oya="2" hai0="120,89,96,105,109,72,22,118,92,117,108,43,63" hai1="37,121,8,102,61,119,47,31,68,10,17,11,76" hai2="3,103,70,27,21,132,74,51,5,69,38,13,100" hai3="113,95,12,56,67,9,7,78,99,66,93,86,79"/><V29/><F38/><W134/><G134/><T85/><D43/><U128/><E119/><N who="0" m="45577" /><D63/><U2/><E121/><V125/><F74/><W133/><G133/><T44/><D44/><U48/><E37/><V98/><F132/><W131/><G113/><T4/><D4/><U15/><E128/><V123/><F123/><W60/><G131/><T65/><D65/><U57/><E68/><V114/><F114/><W40/><G40/><T112/><D112/><U80/><E102/><V104/><F125/><W83/><G78/><T35/><D35/><U124/><E31/><V54/><F103/><W115/><G115/><T73/><D22/><U88/><E2/><V106/><F3/><W122/><G122/><T107/><D120/><U130/><E130/><V126/><F126/><W28/><G28/><T6/><D6/><U20/><E124/><V77/><F77/><W18/><G7/><T32/><D32/><U1/><E1/><V49/><F106/><N who="0" m="40458" /><D85/><N who="1" m="50215" /><E76/><V71/><REACH who="2" step="1"/><F54/><REACH who="2" ten="199,214,275,302" step="2"/><W116/><G79/><T36/><D36/><U58/><E61/><V24/><F24/><W19/><G60/><T26/><D26/><U91/><E91/><V82/><F82/><W34/><G83/><T59/><D72/><U62/><E62/><V14/><F14/><W30/><G116/><T90/><D73/><U46/><E48/><V39/><F39/><W81/><G12/><T52/><D90/><U33/><E33/><V75/><F75/><W97/><G34/><T50/><AGARI ba="1,1" hai="50,52,59,89,92,96,108,109" m="40458,45577" machi="50" ten="40,2700,0" yaku="12,1,54,1" doraHai="16" who="0" fromWho="0" sc="199,40,214,-8,275,-14,302,-8" />
</Scene>
<Scene>
<INIT seed="3,0,0,4,3,17" ten="239,206,261,294" oya="3" hai0="69,3,48,84,7,6,74,49,124,86,119,104,33" hai1="43,128,39,55,134,99,88,106,4,114,52,96,2" hai2="66,125,97,108,58,47,76,54,87,98,111,126,75" hai3="105,23,1,109,53,131,11,46,21,89,38,120,64"/><W15/><G120/><T8/><D74/><U102/><E134/><V60/><F75/><W44/><G1/><T16/><D104/><U36/><E114/><V50/><F76/><W26/><G105/><T72/><D33/><U10/><E128/><V19/><F87/><W116/><G116/><T13/><D69/><U132/><E132/><V77/><F77/><W100/><G100/><T127/><D72/><U110/><E110/><N who="2" m="42027" /><F98/><W122/><G109/><T79/><D7/><U24/><E24/><V34/><F34/><W59/><G122/><T51/><D119/><U12/><E2/><V41/><F97/><W68/><G131/><T27/><D27/><U121/><E121/><V135/><F135/><W28/><G38/><T29/><D29/><U118/><E118/><V35/><F35/><W45/><G89/><T9/><REACH who="0" step="1"/><D79/><REACH who="0" ten="229,206,261,294" step="2"/><U14/><E12/><V81/><F19/><N who="3" m="8703" /><G68/><T101/><D101/><U56/><E43/><V57/><F81/><W18/><G64/><T30/><D30/><U71/><E71/><V32/><F32/><W91/><G91/><T129/><D129/><U93/><REACH who="1" step="1"/><E55/><REACH who="1" ten="229,196,261,294" step="2"/><V82/><F66/><W78/><G53/><T94/><D94/><U117/><E117/><V70/><F54/><W25/><G78/><T92/><D92/><U5/><E5/><V22/><F70/><W107/><G107/><T133/><D133/><U67/><E67/><V63/><F82/><W65/><G65/><T115/><D115/><U112/><E112/><V95/><F95/><W90/><G90/><T62/><D62/><AGARI ba="0,2" hai="4,10,14,36,39,52,56,62,88,93,96,99,102,106" machi="62" ten="30,7700,0" yaku="1,1,7,1,54,2,53,0" doraHai="17" doraHaiUra="83" who="1" fromWho="0" sc="229,-77,196,97,261,0,294,0" />
</Scene>
<Scene>
<INIT seed="4,0,0,4,4,99" ten="152,293,261,294" oya="0" hai0="2,108,31,134,109,126,124,13,32,74,42,114,43" hai1="11,58,132,7,5,128,45,18,44,119,111,1,77" hai2="86,97,21,106,53,16,4,104,3,78,47,121,129" hai3="33,112,6,66,57,113,22,46,50,10,127,15,9"/><T60/><D74/><U101/><E119/><V100/><F121/><W125/><G33/><T76/><D2/><U133/><E111/><N who="0" m="42569" /><D76/><U87/><E128/><V88/><F129/><W12/><G22/><T69/><D32/><U40/><E5/><V75/><F3/><W84/><G84/><T72/><D31/><U29/><E29/><V65/><F4/><N who="3" m="3111" /><G57/><T38/><D72/><U81/><E18/><V79/><F65/><W90/><G90/><T110/><N who="0" m="42577" /><T85/><DORA hai="55" /><D85/><U70/><E70/><V14/><F104/><W94/><G66/><N who="0" m="41159" /><D13/><U62/><E101/><V107/><F106/><W116/><G94/><T67/><D134/><N who="1" m="51819" /><E40/><N who="0" m="15401" /><D114/><N who="3" m="44137" /><G116/><T115/><D115/><U122/><E122/><V26/><F75/><W59/><G15/><T61/><D38/><U52/><AGARI ba="0,0" hai="1,7,11,44,45,52,58,62,77,81,87" m="51819" machi="52" ten="30,4000,0" yaku="20,1,52,1,54,1" doraHai="99,55" who="1" fromWho="1" sc="152,-20,293,40,261,-10,294,-10" />
</Scene>
<Scene>
<INIT seed="5,0,0,1,0,114" ten="132,333,251,284" oya="1" hai0="22,95,117,89,91,13,55,86,84,35,66,132,30" hai1="120,116,28,100,90,94,123,21,49,42,69,88,62" hai2="70,12,56,26,10,115,59,77,18,113,45,40,9" hai3="101,97,93,58,52,61,53,106,6,8,130,98,87"/><U44/><E116/><V76/><F70/><W37/><G130/><T46/><D132/><U27/><E100/><V83/><F26/><W107/><G37/><T11/><D35/><U79/><E79/><V133/><F133/><W72/><G72/><T5/><D66/><U60/><E90/><V104/><F104/><W54/><G87/><T118/><D30/><U99/><REACH who="1" step="1"/><E69/><REACH who="1" ten="132,323,251,284" step="2"/><V129/><F77/><W50/><G106/><T36/><D22/><U96/><E96/><V85/><F129/><W126/><G126/><T1/><D1/><U119/><E119/><V68/><F68/><W134/><G134/><T51/><REACH who="0" step="1"/><D36/><REACH who="0" ten="122,323,251,284" step="2"/><U20/><E20/><V67/><F115/><W29/><G8/><T127/><D127/><U74/><E74/><V0/><F113/><W31/><G107/><T32/><D32/><U82/><E82/><AGARI ba="0,2" hai="5,11,13,46,51,55,82,84,86,89,91,95,117,118" machi="82" ten="30,7700,0" yaku="1,1,7,1,52,2,53,0" doraHai="114" doraHaiUra="34" who="0" fromWho="1" sc="122,97,323,-77,251,0,284,0" />
</Scene>
<Scene>
<INIT seed="6,0,0,1,2,3" ten="219,246,251,284" oya="2" hai0="93,4,24,95,42,25,47,5,61,20,37,96,119" hai1="31,43,41,127,50,10,77,131,51,117,36,107,18" hai2="109,90,111,57,70,38,100,132,116,63,22,91,129" hai3="80,19,17,60,14,45,35,82,86,105,58,8,67"/><V29/><F116/><W27/><G105/><T73/><D73/><U72/><E107/><V106/><F70/><W126/><G126/><T121/><D121/><U12/><E117/><V56/><F38/><W110/><G110/><N who="2" m="41993" /><F132/><W11/><G45/><T59/><D119/><U102/><E102/><V49/><F129/><W54/><G54/><T66/><D25/><U26/><E127/><V53/><F106/><W33/><G82/><T1/><D1/><U88/><E131/><V30/><F100/><W23/><REACH who="3" step="1"/><G8/><REACH who="3" ten="219,246,251,274" step="2"/><T84/><D95/><U92/><E41/><V13/><F91/><AGARI ba="0,1" hai="11,14,17,19,23,27,33,35,58,60,67,80,86,91" machi="91" ten="30,7700,0" yaku="1,1,2,1,7,1,53,1" doraHai="3" doraHaiUra="87" who="3" fromWho="2" sc="219,0,246,0,251,-77,274,87" />
</Scene>
<Scene>
<INIT seed="7,0,0,0,1,111" ten="219,246,174,361" oya="3" hai0="47,59,21,52,55,118,30,14,40,44,124,115,114" hai1="94,85,101,19,36,113,25,131,133,45,100,48,97" hai2="96,43,53,87,78,22,134,116,130,5,109,95,93" hai3="122,99,117,8,86,91,23,112,11,129,57,92,90"/><W37/><G122/><T41/><D118/><U3/><E3/><V104/><F109/><W132/><G117/><T89/><D124/><U120/><E36/><V28/><F116/><W35/><G35/><T4/><D89/><U107/><E120/><V79/><F5/><W70/><G70/><T15/><D30/><U71/><E71/><V56/><F43/><W64/><G37/><T82/><D82/><U34/><E133/><V98/><F28/><W54/><G64/><T49/><D21/><U6/><E6/><V62/><F134/><W84/><G132/><T50/><D4/><U102/><E131/><V10/><F10/><W69/><G69/><T2/><D59/><U123/><E123/><V127/><F130/><W74/><G74/><T125/><D125/><U63/><E63/><V24/><F127/><W12/><G99/><T128/><D128/><U119/><E119/><V105/><F104/><W58/><G129/><T60/><D60/><U68/><E68/><V38/><F38/><W73/><G73/><T42/><D41/><N who="1" m="24623" /><E34/><V66/><F105/><W20/><G57/><T26/><D26/><U83/><E107/><V76/><F87/><W126/><G84/><T51/><D49/><U17/><E25/><V67/><F22/><W32/><G86/><T1/><AGARI ba="0,0" hai="1,2,14,15,40,42,44,47,50,51,52,55,114,115" machi="1" ten="25,12000,2" yaku="0,1,22,2,52,2,54,1" doraHai="111" who="0" fromWho="0" sc="219,120,246,-30,174,-30,361,-60" owari="339,44.0,216,-18.0,144,-36.0,301,10.0" />
</Scene>
</mjloggm>