<mjloggm ver="2.3"><GO type="169" lobby="0"/><UN n0="%70%69%2D%70%6F" n1="%E3%81%99%E3%81%9A%E3%82%81%E3%82%AF%E3%83%AC%E3%82%A4%E3%82%B8%E3%83%BC" n2="%2E%44%49%56%41" n3="%63%6F%61" dan="18,19,16,16" rate="2216.39,2309.84,2065.43,2067.75" sx="M,M,M,M"/><TAIKYOKU oya="0"/>

<Scene>
<INIT seed="0,0,0,5,4,63" ten="250,250,250,250" oya="0" hai0="39,55,70,58,10,75,13,135,61,38,59,80,21" hai1="128,15,124,5,30,40,87,127,126,20,98,100,83" hai2="99,60,11,17,109,44,69,68,94,18,110,41,4" hai3="62,56,34,50,35,96,121,48,129,49,43,3,133"/><T12/><D70/><U105/><E40/><V122/><F122/><W33/><G121/><T132/><D21/><U113/><E128/><V22/><F94/><W46/><G3/><T91/><D58/><U65/><E113/><V81/><F81/><W45/><G129/><T114/><D114/><U84/><E5/><V37/><F99/><W120/><G120/><T72/><D13/><U42/><E42/><V19/><F22/><W111/><G111/><N who="2" m="42505" /><F60/><W27/><G133/><N who="0" m="51275" /><D91/><U29/><E84/><V102/><F102/><W74/><G74/><N who="0" m="28203" /><D80/><U123/><E123/><V88/><F88/><W134/><G134/><T9/><D9/><U28/><E15/><AGARI ba="0,0" hai="4,11,15,17,18,19,37,41,44,68,69" m="42505" machi="15" ten="30,1000,0" yaku="14,1" doraHai="63" who="2" fromWho="1" sc="250,0,250,-10,250,10,250,0" />
</Scene>
<Scene>
<INIT seed="1,0,0,1,3,81" ten="250,240,260,250" oya="1" hai0="113,88,92,104,3,39,101,59,70,47,75,30,78" hai1="103,76,91,120,130,41,110,96,38,16,126,68,132" hai2="121,64,98,82,28,60,111,87,25,108,127,89,73" hai3="18,36,55,62,134,21,106,109,80,65,66,34,107"/><U74/><E120/><V53/><F121/><W26/><G36/><T133/><D70/><U119/><E68/><V24/><F127/><W5/><G109/><N who="2" m="42057" /><F73/><W63/><G134/><T128/><D3/><U46/><E119/><V93/><F53/><W67/><G34/><T71/><D71/><U49/><E110/><V48/><F48/><W79/><G5/><T14/><D30/><U8/><E126/><V52/><F28/><W10/><G10/><T72/><D72/><U83/><E130/><V9/><F9/><W129/><G129/><T102/><D128/><U11/><E132/><V114/><F64/><W58/><REACH who="3" step="1"/><G63/><REACH who="3" ten="250,240,260,240" step="2"/><T86/><D133/><U51/><E38/><V105/><F114/><W116/><G116/><T27/><D113/><U45/><E8/><V118/><F118/><W122/><G122/><T6/><D6/><U22/><E11/><V85/><F105/><W43/><G43/><T7/><D104/><U12/><E49/><V13/><F13/><W33/><G33/><T123/><D14/><U44/><REACH who="1" step="1"/><E91/><REACH who="1" ten="250,230,260,240" step="2"/><N who="2" m="51639" /><F98/><W42/><G42/><T125/><D123/><U37/><E37/><V117/><F117/><W77/><G77/><T2/><D125/><U15/><E15/><V57/><AGARI ba="0,2" hai="24,25,52,57,60,87,89,93" m="51639,42057" machi="57" ten="30,7900,0" yaku="14,1,52,2,54,1" doraHai="81" who="2" fromWho="2" sc="250,-20,230,-39,260,99,240,-20" />
</Scene>
<Scene>
<INIT seed="2,0,0,5,5,16" ten="230,191,359,220" oya="2" hai0="104,120,30,77,72,97,92,124,60,17,122,54,78" hai1="33,127,52,32,85,23,82,46,76,5,87,8,47" hai2="24,128,100,109,65,99,3,110,15,96,48,61,67" hai3="1,27,38,37,121,114,69,0,29,84,101,68,40"/><V130/><F3/><W102/><G121/><T75/><D104/><U28/><E127/><V43/><F15/><W39/><G40/><T134/><D30/><U51/><E46/><N who="2" m="25695" /><F24/><W35/><G114/><T2/><D2/><U70/><E70/><N who="2" m="42287" /><F99/><W93/><G1/><T62/><D17/><U6/><E32/><V90/><F90/><W135/><G0/><T34/><D34/><U113/><E113/><V123/><F123/><W73/><G73/><T74/><D124/><U112/><E33/><V117/><F67/><W115/><G115/><T89/><D120/><U132/><E132/><V13/><F13/><W14/><G135/><T107/><D122/><U10/><E87/><V57/><F57/><W45/><G84/><T108/><D107/><U88/><E76/><V4/><F4/><N who="1" m="1641" /><E112/><V9/><F9/><W12/><G35/><T79/><D134/><U119/><E119/><V49/><F49/><W55/><G39/><T50/><D75/><U64/><E64/><V31/><F31/><W129/><G29/><T7/><D74/><U63/><E63/><V105/><F117/><W44/><G38/><T83/><D62/><U56/><E56/><V58/><F58/><W116/><G37/><T25/><D60/><U111/><E111/><AGARI ba="0,0" hai="96,100,105,109,110,111,128,130" m="42287,25695" machi="111" ten="30,2900,0" yaku="14,1,10,1" doraHai="16" who="2" fromWho="1" sc="230,0,191,-29,359,29,220,0" />
</Scene>
<Scene>
<INIT seed="2,1,0,4,1,63" ten="230,162,388,220" oya="2" hai0="107,65,112,91,41,23,121,29,80,49,33,32,123" hai1="134,12,77,34,4,19,79,25,3,94,73,85,40" hai2="51,50,52,101,113,76,74,27,66,83,11,127,56" hai3="64,97,132,53,0,115,6,60,8,129,18,35,22"/><V9/><F113/><W81/><G115/><T82/><D112/><U13/><E134/><V99/><F127/><W111/><G132/><T37/><D107/><U69/><E40/><V135/><F135/><W59/><G111/><T119/><D37/><U116/><E116/><V114/><F114/><W15/><G129/><T68/><D23/><U88/><E69/><V133/><F133/><W126/><G126/><T105/><D105/><U67/><E73/><V84/><F51/><W93/><G35/><T10/><D119/><U117/><E3/><V31/><F66/><W57/><G81/><T5/><D49/><U100/><E34/><V42/><F42/><W98/><REACH who="3" step="1"/><G93/><REACH who="3" ten="230,162,388,210" step="2"/><T16/><D80/><U20/><E117/><V36/><F74/><W26/><G26/><T120/><D82/><U104/><E25/><V28/><F27/><W14/><G14/><T106/><D32/><U61/><E104/><V47/><F31/><W103/><G103/><T44/><D106/><U87/><E100/><V90/><F28/><W95/><G95/><T39/><D29/><U72/><E72/><V46/><F101/><W2/><G2/><N who="0" m="311" /><D33/><U45/><E13/><V55/><F76/><W92/><G92/><T125/><D125/><U78/><E87/><V70/><F99/><W89/><G89/><T54/><D91/><U7/><E78/><V58/><F90/><W17/><G17/><T130/><D130/><U71/><E79/><V1/><F84/><W30/><G30/><T118/><D118/><U24/><E77/><V75/><F1/><W43/><G43/><T122/><D41/><RYUUKYOKU ba="1,1" sc="230,-10,162,-10,388,-10,210,30" hai3="0,6,8,15,18,22,53,57,59,60,64,97,98" />
</Scene>
<Scene>
<INIT seed="3,2,1,3,1,129" ten="220,152,378,240" oya="3" hai0="92,1,102,54,122,130,75,79,88,45,112,116,82" hai1="86,104,50,120,118,20,83,2,67,35,69,126,65" hai2="33,32,117,97,66,94,84,98,31,61,113,71,106" hai3="60,14,56,19,68,22,62,40,17,10,13,90,34"/><W123/><G123/><T103/><D1/><U131/><E120/><V134/><F113/><W21/><G34/><T128/><D122/><U16/><E35/><V44/><F117/><W111/><G111/><T15/><D116/><U26/><E104/><V43/><F134/><W115/><G115/><T110/><D112/><U30/><E2/><V5/><F5/><W39/><G68/><T48/><D110/><U77/><E131/><N who="0" m="50217" /><D15/><U0/><E0/><V100/><F84/><AGARI ba="2,1" hai="45,48,54,75,79,82,84,88,92,102,103" m="50217" machi="84" ten="30,2000,0" yaku="19,1,54,1" doraHai="129" who="0" fromWho="2" sc="220,36,152,0,378,-26,240,0" />
</Scene>
<Scene>
<INIT seed="4,0,0,1,3,63" ten="256,152,352,240" oya="0" hai0="73,18,120,58,123,3,81,65,127,26,78,56,103" hai1="71,121,79,51,47,53,74,6,96,42,0,41,40" hai2="109,101,10,111,116,34,11,106,24,99,61,113,104" hai3="5,98,69,48,91,44,131,93,33,94,9,14,134"/><T38/><D38/><U1/><E121/><V49/><F116/><W117/><G117/><T20/><D127/><U119/><E119/><V82/><F113/><W88/><G131/><T92/><D3/><U57/><E71/><V23/><F104/><W112/><G112/><T133/><D133/><U8/><E0/><V129/><F129/><W45/><G134/><T59/><REACH who="0" step="1"/><D65/><REACH who="0" ten="246,152,352,240" step="2"/><U21/><E96/><AGARI ba="0,1" hai="18,20,26,56,58,59,73,78,81,92,96,103,120,123" machi="96" ten="40,3900,0" yaku="1,1,2,1,53,0" doraHai="63" doraHaiUra="87" who="0" fromWho="1" sc="246,49,152,-39,352,0,240,0" />
</Scene>
<Scene>
<INIT seed="4,1,0,2,1,64" ten="295,113,352,240" oya="0" hai0="70,73,8,108,52,135,23,129,109,37,118,5,61" hai1="31,121,59,18,65,101,106,39,62,4,60,9,28" hai2="94,113,21,16,83,98,24,78,91,50,49,7,2" hai3="87,27,120,116,82,22,130,85,133,1,33,84,77"/><T97/><D118/><U117/><E117/><V43/><F113/><W122/><G116/><T56/><D129/><U25/><E39/><V26/><F43/><W58/><G1/><N who="0" m="47" /><D37/><U68/><E121/><N who="3" m="46698" /><G130/><T41/><D41/><U57/><E18/><V30/><F7/><W20/><G133/><T103/><D73/><U14/><E31/><V99/><F99/><W17/><G33/><T111/><D23/><U90/><E90/><V38/><F2/><W93/><G58/><T10/><D10/><U95/><E95/><V119/><F38/><W80/><G80/><T29/><D29/><U69/><E101/><V36/><F36/><W128/><G128/><T89/><D135/><U100/><E100/><V79/><F119/><W40/><G40/><T46/><D46/><U11/><E106/><V131/><F131/><W76/><G76/><N who="2" m="29225" /><F83/><W112/><G112/><T51/><D89/><U55/><REACH who="1" step="1"/><E11/><REACH who="1" ten="295,103,352,240" step="2"/><V102/><F102/><W96/><G22/><AGARI ba="1,1" hai="4,9,14,22,25,28,55,57,59,60,62,65,68,69" machi="22" ten="30,12000,2" yaku="1,1,2,1,7,1,52,2,53,1" doraHai="64" doraHaiUra="0" who="1" fromWho="3" sc="295,0,103,133,352,0,240,-123" /><AGARI ba="1,0" hai="16,21,22,24,26,30,49,50,91,94,98" m="29225" machi="22" ten="30,2000,0" yaku="8,1,54,1" doraHai="64" who="2" fromWho="3" sc="295,0,236,0,352,20,117,-20" />
</Scene>
<Scene>
<INIT seed="5,0,0,4,1,98" ten="295,236,372,97" oya="1" hai0="51,48,7,84,27,125,46,80,45,131,38,103,86" hai1="114,29,64,41,26,0,83,82,59,47,60,77,78" hai2="33,31,119,36,50,43,96,108,15,74,107,25,22" hai3="115,99,62,68,117,127,8,76,32,73,9,30,91"/><U109/><E0/><V112/><F108/><W106/><G115/><T128/><D38/><U90/><E114/><V55/><F74/><W52/><G127/><T19/><D7/><U14/><E109/><V81/><F119/><W102/><G117/><T69/><D69/><U4/><E90/><V34/><F112/><W129/><G129/><N who="0" m="49739" /><D125/><U18/><E4/><V71/><F71/><W105/><G105/><T66/><D66/><U111/><E111/><V121/><F81/><W110/><G110/><T124/><D103/><U67/><E67/><V104/><F104/><W16/><G91/><N who="0" m="51591" /><D86/><U65/><E65/><V42/><F36/><W92/><G92/><T11/><D124/><U93/><E93/><V63/><F96/><W88/><G88/><T23/><D11/><U10/><E82/><V28/><F107/><W58/><G68/><T94/><D94/><U37/><REACH who="1" step="1"/><E83/><REACH who="1" ten="295,226,372,97" step="2"/><V130/><F130/><W56/><G73/><T132/><D132/><U133/><E133/><V87/><F87/><W100/><G76/><T89/><D89/><U61/><E61/><V24/><F63/><W21/><G102/><T79/><D79/><U134/><E134/><V135/><F135/><W85/><G85/><T126/><D126/><U113/><E113/><V2/><F2/><W122/><G62/><T5/><D5/><U1/><E1/><V12/><F121/><W6/><G122/><T54/><D54/><U20/><AGARI ba="0,1" hai="10,14,18,20,26,29,37,41,47,59,60,64,77,78" machi="20" ten="20,3900,0" yaku="1,1,0,1,7,1,53,0" doraHai="98" doraHaiUra="97" who="1" fromWho="1" sc="295,-13,226,49,372,-13,97,-13" />
</Scene>
<Scene>
<INIT seed="5,1,0,1,3,90" ten="282,275,359,84" oya="1" hai0="103,2,8,105,109,45,50,118,52,73,72,124,120" hai1="129,57,35,70,133,102,10,89,44,18,86,59,134" hai2="60,43,62,93,14,116,80,29,119,27,34,23,11" hai3="81,65,51,66,75,79,15,122,4,121,132,46,78"/><U55/><E70/><V94/><F34/><W24/><G132/><T128/><D109/><U33/><E102/><V123/><F123/><W76/><G76/><T85/><D118/><U135/><E129/><V112/><F112/><W1/><G1/><T77/><D120/><U20/><E10/><V58/><F43/><W63/><G78/><T104/><D124/><U48/><E59/><V40/><F40/><W117/><G117/><T98/><D105/><U17/><E44/><V71/><F71/><W53/><G24/><T12/><D2/><U31/><E31/><V99/><F99/><W56/><REACH who="3" step="1"/><G66/><REACH who="3" ten="282,275,359,74" step="2"/><T38/><D128/><U30/><E134/><V6/><F116/><W37/><G37/><T88/><D38/><U36/><E36/><V54/><F119/><W7/><G7/><T130/><D77/><U41/><E133/><V111/><F111/><W22/><G22/><T110/><D110/><U82/><E33/><V126/><F126/><W0/><G0/><T67/><D67/><U19/><E35/><V64/><F64/><W107/><G107/><T25/><D25/><U13/><E135/><V127/><F127/><W21/><G21/><T49/><D130/><U32/><E32/><V131/><F131/><W3/><G3/><T39/><D39/><U97/><E20/><V47/><F23/><W106/><G106/><T87/><D104/><U61/><E13/><V96/><F14/><W74/><G74/><T100/><D72/><U16/><E30/><V108/><F6/><W114/><G114/><T125/><D125/><U5/><N who="1" m="4096" /><DORA hai="84" /><U101/><E5/><RYUUKYOKU ba="1,1" sc="282,-10,275,-10,359,-10,74,30" hai3="4,15,46,51,53,56,63,65,75,79,81,121,122" />
</Scene>
<Scene>
<INIT seed="6,2,1,4,4,18" ten="272,265,349,104" oya="2" hai0="74,99,115,106,112,118,8,95,7,48,31,6,134" hai1="100,41,39,110,105,25,1,72,132,36,65,120,101" hai2="57,12,45,16,96,98,129,86,4,2,58,50,28" hai3="104,73,119,126,124,21,37,111,42,79,77,9,76"/><V75/><F75/><W27/><G111/><T125/><D106/><U130/><E110/><V88/><F28/><W14/><G119/><T69/><D118/><U17/><E1/><V85/><F4/><W90/><G104/><T62/><D125/><N who="3" m="48233" /><G90/><N who="0" m="55799" /><D74/><U83/><E65/><V46/><F2/><W89/><G89/><T103/><D134/><U61/><E132/><V107/><F86/><W47/><G73/><T92/><D31/><U84/><E105/><V78/><F78/><N who="3" m="19971" /><W53/><DORA hai="3" /><G53/><T71/><D48/><U49/><E49/><V15/><F15/><W22/><G27/><T19/><D92/><U67/><E72/><V13/><F13/><W5/><AGARI ba="2,1" hai="5,9,14,21,22,37,42,47" m="19971,48233" machi="5" ten="40,8000,1" yaku="18,1,52,3" doraHai="18,3" who="3" fromWho="3" sc="272,-22,265,-22,349,-42,104,96" />
</Scene>
<Scene>
<INIT seed="7,0,0,5,3,42" ten="250,243,307,200" oya="3" hai0="51,2,25,131,53,116,100,75,16,50,44,129,119" hai1="110,108,97,8,109,41,73,32,10,35,81,66,132" hai2="15,5,14,7,74,52,59,122,68,38,72,40,106" hai3="101,96,58,127,9,64,134,104,29,62,61,18,88"/><W118/><G118/><T39/><D2/><U13/><E66/><V124/><F68/><W31/><G127/><T83/><D39/><U90/><E41/><V79/><F106/><W92/><G134/><T3/><D3/><U12/><E73/><V19/><F122/><W45/><G62/><T65/><D65/><U120/><E132/><V49/><F14/><N who="1" m="5737" /><E97/><V84/><F84/><W27/><G9/><N who="1" m="3690" /><E81/><V17/><F79/><W34/><G45/><N who="0" m="27855" /><D100/><U126/><E90/><V77/><F77/><W93/><G104/><T54/><D83/><U102/><E102/><V87/><F40/><W71/><G31/><T130/><D75/><U26/><E126/><V28/><F38/><W78/><G78/><T86/><D86/><U6/><E6/><V115/><F7/><W99/><REACH who="3" step="1"/><G18/><REACH who="3" ten="250,243,307,190" step="2"/><T128/><D129/><U113/><E120/><V133/><F133/><W69/><AGARI ba="0,1" hai="27,29,34,58,61,64,69,71,88,92,93,96,99,101" machi="69" ten="30,12000,1" yaku="1,1,2,1,0,1,54,1,53,1" doraHai="42" doraHaiUra="85" who="3" fromWho="3" sc="250,-40,243,-40,307,-40,190,130" owari="210,-19.0,203,-30.0,267,7.0,320,42.0" />
</Scene>
</mjloggm>