<mjloggm ver="2.3"><GO type="169" lobby="0"/><UN n0="%E3%81%AE%E3%81%B3%E3%81%97%E3%82%8D%E2%99%82" n1="%E3%81%99%E3%81%9A%E3%82%81%E3%82%AF%E3%83%AC%E3%82%A4%E3%82%B8%E3%83%BC" n2="%7A%61%63%63" n3="%E3%83%84%E3%83%AC%E3%82%AA" dan="16,19,16,16" rate="2054.84,2298.99,2096.56,2119.45" sx="M,M,F,M"/><TAIKYOKU oya="0"/>

<Scene>
<INIT seed="0,0,0,5,4,37" ten="250,250,250,250" oya="0" hai0="77,60,94,43,30,10,59,76,123,79,22,31,5" hai1="93,81,108,2,29,40,44,36,20,100,96,26,127" hai2="112,119,73,101,62,52,83,54,25,21,126,50,120" hai3="133,32,69,65,34,18,130,86,33,4,102,47,125"/><T118/><D123/><U23/><E108/><V95/><F112/><W104/><G125/><T78/><D118/><U124/><E2/><V51/><F126/><W70/><G4/><T6/><D94/><U49/><E36/><V16/><F120/><W121/><G121/><T109/><D109/><U7/><E7/><V122/><F119/><W111/><G111/><T105/><D105/><U84/><REACH who="1" step="1"/><E20/><REACH who="1" ten="250,240,250,250" step="2"/><V17/><F122/><W116/><G116/><T28/><D22/><U45/><E45/><V1/><F1/><W63/><G47/><T41/><D5/><U106/><E106/><V0/><F0/><W103/><G104/><T91/><D91/><AGARI ba="0,1" hai="23,26,29,40,44,49,81,84,91,93,96,100,124,127" machi="91" ten="40,2600,0" yaku="1,1,52,1,53,0" doraHai="37" doraHaiUra="35" who="1" fromWho="0" sc="250,-26,240,36,250,0,250,0" />
</Scene>
<Scene>
<INIT seed="1,0,0,4,1,112" ten="224,276,250,250" oya="1" hai0="118,44,129,50,98,28,45,77,103,61,72,63,8" hai1="6,76,25,75,27,123,113,32,15,26,101,36,124" hai2="55,20,2,66,39,121,99,128,56,96,100,97,54" hai3="134,135,64,74,111,102,43,46,105,120,91,127,73"/><U84/><E123/><V59/><F121/><W110/><G120/><T62/><D129/><U116/><E36/><V18/><F2/><W24/><G64/><T131/><D131/><U92/><E113/><V117/><F66/><W67/><G67/><T41/><D28/><U58/><E124/><V47/><F128/><W13/><G13/><T85/><D72/><U0/><E0/><V86/><F117/><W95/><G24/><T114/><D114/><U82/><E116/><V38/><F100/><W30/><G30/><T7/><D118/><U81/><E58/><V14/><F47/><W126/><G102/><T33/><D33/><U108/><E108/><N who="3" m="41514" /><G105/><T31/><D31/><U107/><E15/><V83/><F56/><W22/><G22/><T23/><D23/><U119/><E6/><V57/><F57/><W34/><G34/><T60/><D44/><U94/><E32/><V115/><F54/><W3/><G3/><T122/><D122/><U21/><E21/><V5/><F5/><W90/><G46/><T106/><D63/><U68/><E68/><V79/><REACH who="2" step="1"/><F115/><REACH who="2" ten="224,276,240,250" step="2"/><W93/><G43/><T80/><REACH who="0" step="1"/><D62/><AGARI ba="0,1" hai="14,18,20,38,39,55,59,62,79,83,86,96,97,99" machi="62" ten="40,5200,0" yaku="1,1,2,1,53,1" doraHai="112" doraHaiUra="16" who="2" fromWho="0" sc="224,-52,276,0,240,62,250,0" />
</Scene>
<Scene>
<INIT seed="2,0,0,4,0,67" ten="172,276,302,250" oya="2" hai0="61,108,7,87,122,2,50,55,109,90,110,53,40" hai1="11,123,22,42,79,98,26,130,63,72,57,103,33" hai2="89,107,71,76,66,105,59,132,38,94,47,23,19" hai3="5,96,73,126,27,60,127,30,65,18,9,51,13"/><V134/><F76/><W117/><G73/><T99/><D122/><U129/><E33/><V106/><F59/><W116/><G51/><T78/><D78/><U111/><E111/><V92/><F47/><W15/><G96/><T91/><D99/><U36/><E11/><V82/><F82/><W121/><G121/><T34/><D34/><U16/><E123/><V119/><F38/><W118/><G60/><T64/><D40/><U86/><E72/><V68/><F66/><W4/><G65/><T88/><D87/><U102/><E36/><V56/><F56/><W29/><G4/><T97/><D97/><U21/><E42/><V54/><F54/><W35/><G30/><T70/><REACH who="0" step="1"/><D50/><REACH who="0" ten="162,276,302,250" step="2"/><U14/><E98/><V85/><F107/><W93/><G93/><T45/><D45/><U128/><E79/><V114/><F106/><W41/><G41/><T133/><D133/><U124/><E86/><V20/><F105/><W1/><G1/><T112/><D112/><U24/><E103/><V49/><F114/><W81/><G81/><T115/><D115/><U74/><E102/><V135/><F94/><W62/><G62/><T48/><D48/><U10/><E74/><V25/><F49/><W31/><G35/><T32/><D32/><U6/><E63/><V69/><F20/><W101/><G101/><T44/><D44/><U84/><E22/><V80/><F92/><W28/><G117/><AGARI ba="0,1" hai="19,23,25,68,69,71,80,85,89,117,119,132,134,135" machi="117" ten="50,12000,1" yaku="20,1,52,3" doraHai="67" who="2" fromWho="3" sc="162,0,276,0,302,130,250,-120" />
</Scene>
<Scene>
<INIT seed="2,1,0,2,4,20" ten="162,276,432,130" oya="2" hai0="98,87,42,41,85,100,99,94,65,112,60,29,88" hai1="134,74,68,8,35,61,71,0,15,3,84,78,101" hai2="127,69,126,24,135,51,48,46,19,130,118,5,109" hai3="66,58,43,131,97,59,110,64,132,111,6,63,21"/><V93/><F118/><W96/><G131/><T105/><D112/><U107/><E134/><V33/><F135/><W2/><G132/><T14/><D29/><U89/><E35/><V39/><F69/><W4/><G21/><T73/><D73/><U36/><E36/><V70/><F70/><W128/><G43/><T121/><D121/><U72/><E61/><V23/><F130/><W52/><G128/><T22/><D22/><U91/><E84/><V57/><F5/><W119/><G119/><T129/><D129/><U27/><E8/><V113/><F113/><W79/><G79/><T67/><D67/><U116/><E101/><V106/><F106/><W81/><G81/><T125/><D125/><N who="2" m="47626" /><F57/><W103/><G103/><T108/><D108/><U32/><E107/><V49/><F93/><W122/><G122/><T115/><D115/><U10/><E71/><V18/><F109/><N who="3" m="41483" /><G66/><T133/><D133/><U124/><E116/><V104/><F104/><W86/><G86/><T117/><D117/><U83/><E74/><V11/><F33/><W25/><G4/><T77/><D85/><U37/><E32/><V76/><F76/><W34/><G6/><T62/><D87/><U44/><E124/><V90/><F90/><W38/><G2/><T47/><D77/><U9/><E91/><V102/><F102/><W120/><G120/><T80/><D80/><U75/><E78/><V1/><F1/><W114/><G114/><T82/><D82/><U28/><E83/><V7/><F7/><W30/><G38/><T13/><D65/><U123/><E75/><V31/><F39/><RYUUKYOKU ba="1,0" sc="162,-10,276,-10,432,-10,130,30" hai3="25,30,34,52,58,59,63,64,96,97" />
</Scene>
<Scene>
<INIT seed="3,2,0,0,1,132" ten="152,266,422,160" oya="3" hai0="102,47,62,80,72,6,21,121,48,105,95,9,120" hai1="103,30,66,15,1,94,91,2,97,100,98,32,54" hai2="45,8,61,44,36,57,38,11,16,27,79,4,40" hai3="69,112,123,19,111,73,68,20,55,39,127,29,34"/><W58/><G112/><T118/><D105/><U96/><E66/><V49/><F79/><W65/><G39/><T53/><D118/><U5/><E32/><V23/><F44/><W83/><G123/><T134/><D134/><U81/><E30/><V119/><F11/><W124/><G29/><T126/><D126/><N who="3" m="48169" /><G34/><T71/><D21/><U43/><E43/><V82/><F82/><W26/><G65/><T113/><D113/><U76/><E54/><V67/><F119/><W77/><G111/><T74/><D74/><U107/><E15/><AGARI ba="2,0" hai="4,8,15,16,23,27,36,38,40,45,49,57,61,67" machi="15" ten="30,2000,0" yaku="7,1,54,1" doraHai="132" who="2" fromWho="1" sc="152,0,266,-26,422,26,160,0" />
</Scene>
<Scene>
<INIT seed="4,0,0,4,3,125" ten="152,240,448,160" oya="0" hai0="1,90,49,131,31,111,104,32,35,80,40,15,92" hai1="129,39,27,42,88,66,28,76,107,4,112,54,29" hai2="100,105,22,94,77,109,79,52,69,7,126,123,113" hai3="115,43,65,70,95,121,18,87,16,17,50,41,103"/><T2/><D104/><U85/><E107/><V133/><F69/><W84/><G115/><T97/><D111/><U99/><E4/><V81/><F123/><W58/><G121/><T14/><D131/><U74/><E66/><V89/><F113/><W91/><G103/><T64/><D64/><U24/><E99/><V11/><F22/><W106/><G106/><T102/><D14/><U51/><E39/><V128/><F133/><W45/><G70/><T108/><D108/><U78/><E42/><V36/><F36/><W119/><G119/><T0/><D31/><U59/><E74/><V116/><F100/><W124/><G124/><T53/><D40/><U48/><E48/><V9/><F81/><W63/><REACH who="3" step="1"/><G43/><REACH who="3" ten="152,240,448,150" step="2"/><T57/><REACH who="0" step="1"/><D15/><REACH who="0" ten="142,240,448,150" step="2"/><U19/><E112/><V117/><F117/><W47/><G47/><T72/><D72/><U25/><E129/><V6/><F128/><W8/><G8/><T12/><D12/><U68/><E68/><V61/><F11/><W122/><G122/><T60/><D60/><U118/><E118/><V83/><F9/><W127/><G127/><T5/><D5/><U26/><E19/><V114/><F61/><W135/><G135/><T44/><D44/><U120/><E120/><V23/><F6/><W34/><G34/><T75/><D75/><U33/><E28/><V130/><F7/><W73/><G73/><T56/><D56/><U38/><E33/><V71/><F116/><W67/><G67/><T86/><AGARI ba="0,2" hai="0,1,2,32,35,49,53,57,80,86,90,92,97,102" machi="86" ten="40,3900,0" yaku="1,1,0,1,53,0" doraHai="125" doraHaiUra="3" who="0" fromWho="0" sc="142,59,240,-13,448,-13,150,-13" />
</Scene>
<Scene>
<INIT seed="4,1,0,0,2,65" ten="201,227,435,137" oya="0" hai0="58,82,93,121,57,18,0,55,67,71,78,14,110" hai1="9,11,5,20,126,88,51,115,105,49,62,94,104" hai2="23,134,50,129,31,16,97,90,1,131,96,112,66" hai3="36,73,76,111,127,44,120,8,132,85,4,116,42"/><T38/><D121/><U22/><E126/><V124/><F1/><W48/><G127/><T101/><D0/><U19/><E62/><V123/><F124/><W39/><G120/><T61/><D38/><U47/><E115/><V28/><F112/><W7/><G116/><T87/><D110/><U6/><E47/><V53/><F134/><W10/><G132/><T41/><D41/><U21/><E19/><V130/><F66/><W102/><G111/><T80/><D80/><U27/><E27/><V2/><F2/><W29/><G29/><N who="2" m="11337" /><F90/><W92/><G73/><T17/><D17/><U89/><E21/><V45/><F123/><W60/><G60/><T77/><D77/><U106/><E104/><V122/><F122/><W81/><G92/><AGARI ba="1,0" hai="5,6,9,11,20,22,49,51,88,89,92,94,105,106" machi="92" ten="25,3200,0" yaku="22,2,54,1" doraHai="65" who="1" fromWho="3" sc="201,0,227,35,435,0,137,-35" />
</Scene>
<Scene>
<INIT seed="5,0,0,5,2,51" ten="201,262,435,102" oya="1" hai0="29,61,92,111,103,6,0,58,64,45,25,2,81" hai1="41,67,71,128,34,4,124,39,9,113,107,11,77" hai2="47,87,57,65,88,15,119,26,133,99,68,80,18" hai3="8,118,96,135,10,32,95,110,74,90,38,27,79"/><U91/><E77/><V12/><F133/><W22/><G110/><T116/><D111/><U130/><E34/><V46/><F68/><W28/><G135/><T56/><D116/><U19/><E107/><V3/><F3/><W1/><G118/><T14/><D81/><U131/><E113/><V94/><F26/><W132/><G132/><T55/><D45/><N who="2" m="16906" /><F119/><W72/><G38/><T21/><D6/><U114/><E114/><V73/><F18/><W17/><G79/><T63/><REACH who="0" step="1"/><D14/><REACH who="0" ten="191,262,435,102" step="2"/><N who="1" m="7647" /><E130/><V83/><F80/><W31/><G31/><T20/><D20/><U126/><E4/><V62/><F73/><W98/><G10/><T85/><D85/><U134/><E9/><V121/><F121/><W102/><G8/><T42/><D42/><U44/><E134/><V82/><F83/><W122/><G122/><T7/><D7/><U16/><E131/><V60/><F15/><W70/><G1/><T53/><D53/><U125/><E128/><V13/><F62/><W106/><REACH who="3" step="1"/><G70/><REACH who="3" ten="191,262,435,92" step="2"/><T108/><D108/><U117/><E117/><V78/><AGARI ba="0,2" hai="12,13,57,60,65,78,82,87,88,94,99" m="16906" machi="78" ten="30,2000,0" yaku="8,1,54,1" doraHai="51" who="2" fromWho="2" sc="191,-5,262,-10,435,40,92,-5" />
</Scene>
<Scene>
<INIT seed="6,0,0,3,3,105" ten="186,252,475,87" oya="2" hai0="41,3,16,61,33,72,28,110,97,134,85,70,51" hai1="5,38,12,118,121,57,4,56,58,100,37,64,93" hai2="83,39,60,43,14,108,117,6,17,106,0,30,23" hai3="103,135,99,81,107,67,82,35,55,29,1,95,18"/><V54/><F117/><W69/><G1/><T124/><D72/><U125/><E125/><V131/><F106/><W130/><G130/><T48/><D134/><U26/><E37/><V52/><F131/><W79/><G135/><T32/><D110/><U63/><E38/><V11/><F108/><W40/><G40/><T44/><D3/><U94/><E121/><V10/><F60/><W27/><G18/><T102/><D28/><U111/><E118/><V7/><F30/><W2/><G2/><T133/><D124/><U88/><E26/><V119/><F119/><W120/><G120/><T15/><D133/><U104/><E104/><V122/><F122/><W53/><G95/><T31/><D31/><U49/><E49/><V19/><F19/><W86/><REACH who="3" step="1"/><G82/><REACH who="3" ten="186,252,475,77" step="2"/><T34/><D41/><U84/><E111/><V87/><F43/><W68/><G68/><T80/><D16/><U8/><E4/><V24/><F39/><W76/><G76/><AGARI ba="0,1" hai="0,6,7,10,11,14,17,23,24,52,54,76,83,87" machi="76" ten="30,2900,0" yaku="7,1,54,1" doraHai="105" who="2" fromWho="3" sc="186,0,252,0,475,39,77,-29" />
</Scene>
<Scene>
<INIT seed="6,1,0,2,4,110" ten="186,252,514,48" oya="2" hai0="48,122,121,118,22,113,109,60,106,114,15,38,26" hai1="1,95,19,40,55,68,96,0,89,33,84,127,75" hai2="50,77,31,14,80,24,132,71,87,124,111,57,8" hai3="20,92,58,69,100,21,61,123,62,35,76,27,85"/><V13/><F71/><W4/><G123/><T29/><D38/><U25/><E75/><V16/><F132/><W72/><G35/><N who="0" m="20919" /><D106/><U116/><E40/><V133/><F124/><W112/><G72/><T131/><D60/><U67/><E67/><V53/><F133/><W17/><G4/><T37/><D48/><U28/><E68/><V49/><F111/><W36/><G36/><T99/><D99/><U82/><E127/><V88/><F14/><W39/><G39/><T54/><D54/><U128/><E128/><V63/><F77/><W130/><G130/><T73/><D73/><U83/><E83/><V47/><F47/><W93/><G69/><T104/><D104/><U107/><E107/><V79/><F79/><W45/><G45/><T51/><D51/><U70/><E70/><V117/><F117/><W126/><G126/><T86/><D86/><U66/><E66/><V120/><F120/><W3/><G3/><T64/><D64/><U32/><E32/><AGARI ba="1,0" hai="8,13,16,24,31,32,49,50,53,57,63,80,87,88" machi="32" ten="30,5800,0" yaku="7,1,54,2" doraHai="110" who="2" fromWho="1" sc="186,0,252,-61,514,61,48,0" />
</Scene>
<Scene>
<INIT seed="6,2,0,1,2,39" ten="186,191,575,48" oya="2" hai0="116,127,110,0,44,76,132,52,128,85,135,19,70" hai1="20,65,60,94,78,68,119,22,17,123,120,98,13" hai2="122,36,96,53,112,124,84,1,99,62,27,103,117" hai3="24,10,92,82,126,74,16,131,26,5,130,34,105"/><V134/><F122/><N who="1" m="46633" /><E78/><V113/><F117/><W45/><G105/><T69/><D110/><U111/><E111/><V75/><F75/><W42/><G126/><T61/><D0/><U80/><E80/><V100/><F124/><W15/><G92/><T55/><D127/><U38/><E38/><V41/><F1/><W12/><G74/><T28/><D128/><N who="3" m="49193" /><G82/><N who="0" m="47303" /><D28/><U87/><E87/><V30/><F134/><N who="0" m="51242" /><D116/><U31/><E119/><V102/><F84/><W79/><G34/><T71/><D19/><U125/><E125/><V6/><F6/><W115/><G115/><N who="2" m="44105" /><F62/><W133/><G79/><T77/><D77/><U73/><E73/><V59/><F59/><W118/><G118/><T2/><D2/><U106/><E106/><V3/><F53/><N who="0" m="20554" /><D44/><U18/><E31/><V63/><F63/><AGARI ba="2,0" hai="61,63,69,70,71" m="20554,51242,47303" machi="63" ten="40,2600,0" yaku="20,1,54,1" doraHai="39" who="0" fromWho="2" sc="186,32,191,0,575,-32,48,0" />
</Scene>
<Scene>
<INIT seed="7,0,0,5,0,121" ten="218,191,543,48" oya="3" hai0="97,118,37,119,21,73,48,4,61,25,64,15,91" hai1="30,46,40,42,120,68,1,65,69,18,10,54,38" hai2="3,67,2,123,45,72,28,58,7,95,111,87,109" hai3="26,133,63,115,94,84,9,0,57,74,108,43,134"/><W78/><G115/><T128/><D37/><U104/><E104/><V81/><F28/><W27/><G43/><T13/><D73/><U35/><E120/><V124/><F95/><W16/><G74/><T34/><D34/><U77/><E42/><V51/><F124/><W66/><G0/><T86/><D97/><U92/><E65/><V117/><F7/><W47/><G47/><T36/><D36/><U29/><E54/><V76/><F117/><W53/><G66/><T70/><D128/><U85/><E30/><V113/><F58/><W131/><G131/><T50/><D15/><U100/><E100/><V32/><F32/><W103/><G103/><T110/><D110/><U8/><E8/><V60/><F109/><W41/><G41/><T20/><D50/><U62/><E62/><V19/><F60/><W55/><G55/><T98/><D98/><U89/><E18/><V49/><F49/><W93/><G108/><T125/><D48/><U14/><E1/><V112/><F45/><W101/><G101/><T122/><D125/><U11/><E77/><V83/><F67/><W56/><G56/><T88/><D91/><U79/><E79/><V33/><F123/><W71/><G71/><T52/><D52/><U116/><E116/><N who="0" m="44585" /><D25/><N who="3" m="9225" /><G78/><T129/><D129/><U22/><E69/><V59/><F111/><W106/><G106/><T96/><D122/><U126/><E68/><V99/><F112/><W80/><G80/><N who="0" m="49223" /><D96/><U12/><E126/><V107/><F107/><W6/><G16/><T130/><D130/><U127/><E127/><V114/><F114/><W82/><G82/><RYUUKYOKU ba="0,0" sc="218,30,191,-10,543,-10,48,-10" hai0="4,13,20,21,61,64,70" owari="248,5.0,181,-22.0,533,63.0,38,-46.0" />
</Scene>
</mjloggm>