<mjloggm ver="2.3"><GO type="169" lobby="0"/><UN n0="%E3%83%95%E3%83%AB%E3%82%BC%E3%83%B3%E3%83%84" n1="%E3%83%AD%E3%83%83%E3%83%86%E9%9B%80%E7%90%83" n2="%55%4E%4C%4F%4F%53%45" n3="%E3%81%99%E3%81%9A%E3%82%81%E3%82%AF%E3%83%AC%E3%82%A4%E3%82%B8%E3%83%BC" dan="17,16,16,19" rate="2141.13,2137.30,2198.46,2299.62" sx="M,M,F,M"/><TAIKYOKU oya="0"/>

<Scene>
<INIT seed="0,0,0,2,0,125" ten="250,250,250,250" oya="0" hai0="112,20,62,109,5,87,86,15,92,80,9,84,127" hai1="103,2,53,85,44,79,52,51,133,126,18,28,120" hai2="48,77,41,4,39,43,116,130,6,11,68,95,34" hai3="40,22,47,102,122,46,118,64,132,49,69,106,10"/><T42/><D112/><U75/><E120/><V57/><F34/><W121/><G106/><T135/><D127/><U88/><E126/><V59/><F68/><W61/><G102/><T27/><D135/><U17/><E133/><V70/><F70/><W32/><G32/><T12/><D109/><U93/><E2/><V129/><F77/><W19/><G132/><T74/><D42/><U63/><E28/><V117/><F95/><W67/><G10/><T45/><D45/><U108/><E108/><V58/><F48/><W105/><G105/><T96/><D62/><U83/><REACH who="1" step="1"/><E103/><REACH who="1" ten="250,240,250,250" step="2"/><V66/><F66/><W30/><G30/><N who="0" m="17767" /><D74/><U123/><E123/><V35/><F35/><W0/><G0/><T65/><D65/><U113/><E113/><V60/><F60/><W101/><G67/><T98/><D15/><U54/><E54/><V14/><F4/><W50/><G122/><T111/><D111/><U94/><E94/><V3/><F3/><W25/><G121/><T16/><D92/><U131/><E131/><N who="2" m="50187" /><F41/><W55/><G101/><T82/><D5/><U36/><E36/><V72/><F72/><W76/><G64/><T115/><D115/><U78/><E78/><V81/><F81/><AGARI ba="0,1" hai="9,12,16,80,81,82,84,86,87,96,98" m="17767" machi="81" ten="30,2900,0" yaku="8,1,54,1" doraHai="125" who="0" fromWho="2" sc="250,39,240,0,250,-29,250,0" />
</Scene>
<Scene>
<INIT seed="0,1,0,1,4,118" ten="289,240,221,250" oya="0" hai0="31,4,106,133,72,29,89,102,115,57,122,40,26" hai1="49,17,100,101,104,96,91,87,35,114,5,131,67" hai2="117,116,34,88,42,105,110,121,45,44,98,61,77" hai3="99,25,55,38,2,130,92,86,28,83,46,68,1"/><T43/><D115/><U124/><E114/><V16/><F34/><W127/><G68/><T52/><D72/><U39/><E39/><V108/><F77/><W23/><G130/><T123/><D133/><U21/><E35/><V76/><F76/><W73/><G73/><T10/><D89/><U12/><E131/><V103/><F61/><W48/><G38/><T7/><D102/><U30/><E30/><V11/><F121/><W107/><G107/><T85/><D85/><U82/><E124/><V6/><F88/><W60/><G127/><T69/><D69/><U120/><E120/><V0/><F16/><W15/><G15/><T32/><D106/><U125/><E125/><V14/><F14/><W70/><G70/><T24/><D40/><U50/><E101/><V109/><REACH who="2" step="1"/><F45/><REACH who="2" ten="289,240,211,250" step="2"/><W64/><G83/><T135/><D135/><U56/><E5/><V80/><F80/><W27/><G86/><T74/><D74/><U65/><E17/><V37/><AGARI ba="1,1" hai="0,6,11,37,42,44,98,103,105,108,109,110,116,117" machi="37" ten="40,8000,1" yaku="1,1,0,1,14,1,23,2,53,0" doraHai="118" doraHaiUra="79" who="2" fromWho="2" sc="289,-41,240,-21,211,93,250,-21" />
</Scene>
<Scene>
<INIT seed="1,0,0,4,3,100" ten="248,219,304,229" oya="1" hai0="75,108,41,11,123,64,117,95,118,66,78,133,34" hai1="116,0,20,99,4,13,102,1,39,89,73,93,109" hai2="71,18,74,101,82,29,19,111,98,126,43,32,54" hai3="3,57,87,7,67,112,51,85,12,105,28,121,94"/><U42/><E116/><V62/><F111/><W53/><G3/><T46/><D34/><U48/><E73/><V58/><F126/><W110/><G110/><T10/><D108/><U5/><E109/><V122/><F122/><W30/><G112/><T49/><D123/><U60/><E39/><V61/><F43/><W56/><G105/><T38/><D133/><U114/><E114/><V40/><F40/><W27/><G121/><T124/><D124/><U25/><E0/><V129/><F129/><W6/><G28/><T107/><D38/><U135/><E1/><V128/><F128/><W14/><G14/><T91/><D107/><U36/><E36/><V65/><F82/><W97/><G6/><T92/><D118/><U127/><E135/><V24/><REACH who="2" step="1"/><F74/><REACH who="2" ten="248,219,294,229" step="2"/><W103/><G7/><T17/><D117/><U81/><E4/><V22/><F22/><W77/><G77/><T50/><D78/><U90/><E20/><V2/><F2/><W119/><G119/><T130/><D75/><U9/><E5/><V83/><F83/><W68/><G12/><T15/><D130/><U47/><E13/><V70/><F70/><W79/><G68/><T113/><D113/><U59/><E81/><V23/><F23/><W26/><G79/><T55/><D10/><U31/><E9/><V106/><AGARI ba="0,1" hai="18,19,24,29,32,54,58,61,62,65,71,98,101,106" machi="106" ten="20,12000,2" yaku="1,1,0,1,7,1,25,2,52,1,53,0" doraHai="100" doraHaiUra="33" who="2" fromWho="2" sc="248,-30,219,-60,294,130,229,-30" />
</Scene>
<Scene>
<INIT seed="2,0,0,1,2,104" ten="218,159,424,199" oya="2" hai0="19,21,114,26,25,48,59,56,81,111,132,62,36" hai1="108,46,74,32,39,91,112,83,47,95,97,10,128" hai2="34,45,131,99,37,106,58,35,8,30,85,88,23" hai3="7,15,64,28,133,94,90,118,129,12,27,93,38"/><V105/><F131/><W121/><G118/><T14/><D36/><U125/><E112/><V16/><F58/><W29/><G38/><T3/><D3/><U51/><E108/><V44/><F8/><W135/><G121/><T98/><D114/><U117/><E117/><V66/><F66/><W11/><G64/><T69/><D111/><U42/><E128/><V86/><F86/><W60/><G60/><T31/><D132/><U73/><E125/><V6/><F6/><W67/><G67/><T55/><D69/><U53/><E32/><V102/><F106/><W40/><G40/><T76/><D98/><U24/><E24/><V33/><F37/><W78/><G78/><T63/><D59/><U126/><E126/><V65/><F65/><W80/><G129/><T9/><REACH who="0" step="1"/><D26/><REACH who="0" ten="208,159,424,199" step="2"/><U130/><E130/><V61/><F99/><W89/><G27/><T124/><D124/><U20/><E20/><V134/><F134/><W49/><G11/><T1/><D1/><U113/><E113/><V5/><F23/><W41/><G133/><T96/><D96/><U120/><E120/><V87/><F34/><W75/><G15/><T101/><D101/><U57/><E10/><V43/><F102/><W70/><G70/><T71/><D71/><U2/><E2/><V79/><F35/><W68/><G12/><T22/><D22/><U4/><E57/><V13/><F13/><W122/><G68/><T72/><AGARI ba="0,1" hai="9,14,19,21,25,31,48,55,56,62,63,72,76,81" machi="72" ten="20,8000,1" yaku="1,1,0,1,7,1,52,1,53,1" doraHai="104" doraHaiUra="107" who="0" fromWho="0" sc="208,90,159,-20,424,-40,199,-20" />
</Scene>
<Scene>
<INIT seed="3,0,0,3,4,133" ten="298,139,384,179" oya="3" hai0="130,43,108,79,85,18,75,101,47,72,54,120,45" hai1="100,121,89,127,105,56,6,122,64,125,97,123,27" hai2="74,132,39,23,7,50,32,16,84,106,13,91,61" hai3="41,119,99,115,10,126,88,20,110,96,128,116,25"/><W114/><G41/><T68/><D120/><U67/><E6/><V129/><F39/><W73/><G10/><T94/><D68/><U92/><E27/><V4/><F32/><W90/><G20/><T135/><D135/><U33/><E33/><V3/><F132/><W69/><G69/><T14/><D108/><U118/><E118/><V51/><F106/><W113/><G25/><T62/><D130/><U102/><E102/><V60/><F74/><W107/><G73/><T98/><D85/><N who="1" m="52271" /><E56/><V5/><F3/><W21/><G21/><T55/><D79/><U35/><E35/><V34/><F34/><W48/><G48/><N who="2" m="18473" /><F129/><W12/><G12/><T124/><D75/><U104/><E104/><V131/><F131/><W31/><G31/><T77/><D72/><U87/><E87/><V28/><F28/><W38/><G38/><T42/><D77/><U26/><E26/><V30/><F30/><W8/><G8/><T111/><D14/><U112/><E112/><V59/><F59/><W15/><G15/><T2/><D2/><U117/><E117/><N who="3" m="45130" /><G128/><T66/><D47/><U46/><E46/><V86/><F86/><W37/><G37/><T76/><D45/><U57/><E57/><V17/><F17/><W80/><G107/><T103/><D18/><U63/><E63/><V81/><AGARI ba="0,0" hai="4,5,7,13,16,23,60,61,81,84,91" m="18473" machi="81" ten="30,2000,0" yaku="8,1,54,1" doraHai="133" who="2" fromWho="2" sc="298,-5,139,-5,384,20,179,-10" />
</Scene>
<Scene>
<INIT seed="4,0,0,4,1,127" ten="293,134,404,169" oya="0" hai0="30,131,79,31,67,110,88,11,124,86,32,80,130" hai1="94,18,25,117,19,48,132,56,37,112,123,45,106" hai2="122,97,29,126,16,6,81,5,119,4,47,26,92" hai3="40,76,35,129,125,78,71,101,28,111,53,24,103"/><T0/><D124/><U54/><E123/><V115/><F126/><W105/><G111/><T68/><D110/><U82/><E117/><V20/><F122/><W102/><G40/><T66/><D79/><U49/><E106/><V42/><F115/><W89/><G125/><T39/><D39/><U70/><E112/><V22/><F81/><W93/><G71/><T128/><D68/><U3/><E132/><V51/><F119/><W17/><G105/><T73/><D73/><U27/><E37/><V15/><REACH who="2" step="1"/><F5/><REACH who="2" ten="293,134,394,169" step="2"/><W116/><G116/><T134/><D134/><U14/><E82/><V69/><F69/><W62/><G78/><T41/><D41/><U104/><E70/><V74/><F74/><W63/><G76/><T90/><D90/><AGARI ba="0,1" hai="4,6,15,16,20,22,26,29,42,47,51,90,92,97" machi="90" ten="30,8000,1" yaku="1,1,7,1,8,1,54,1,53,1" doraHai="127" doraHaiUra="38" who="2" fromWho="0" sc="293,-80,134,0,394,90,169,0" />
</Scene>
<Scene>
<INIT seed="5,0,0,1,4,80" ten="213,134,484,169" oya="1" hai0="135,112,26,52,55,76,68,70,34,100,37,17,84" hai1="7,9,23,91,57,79,29,19,63,48,28,83,65" hai2="108,133,42,107,104,130,118,115,10,74,132,54,38" hai3="24,99,93,98,25,94,81,8,16,49,89,33,0"/><U27/><E91/><V15/><F54/><W21/><G33/><T106/><D37/><U66/><E66/><V3/><F15/><N who="3" m="7271" /><G0/><T134/><D112/><U60/><E60/><V77/><F118/><W116/><G116/><T131/><D131/><U35/><E48/><V103/><F130/><W12/><G81/><T110/><D110/><U101/><E101/><V67/><F67/><W86/><G49/><T64/><D100/><U61/><E61/><V50/><F50/><W40/><G40/><T78/><D106/><U11/><E35/><V4/><F108/><W58/><G58/><T45/><D45/><U41/><E41/><V1/><F1/><W111/><G111/><T113/><D113/><U18/><E18/><V30/><F30/><W44/><G44/><T32/><D17/><U36/><E36/><V72/><F115/><W127/><G127/><T56/><D64/><U46/><E46/><N who="2" m="23895" /><F107/><W88/><G99/><T96/><D96/><U114/><E114/><V90/><F74/><W69/><G69/><T71/><D71/><U43/><E43/><V119/><F119/><W129/><G129/><T105/><D105/><U95/><E95/><V128/><F128/><W73/><G73/><T120/><D120/><U59/><E59/><V121/><F121/><W125/><G125/><T6/><D56/><U53/><E65/><V92/><F72/><W97/><G98/><T47/><D47/><U117/><E117/><V82/><F82/><W13/><G21/><T39/><D39/><U126/><E126/><V51/><F51/><W75/><G75/><T102/><D70/><RYUUKYOKU ba="0,0" sc="213,-10,134,-10,484,-10,169,30" hai3="12,13,24,25,86,88,89,93,94,97" />
</Scene>
<Scene>
<INIT seed="6,1,0,5,1,122" ten="203,124,474,199" oya="2" hai0="81,39,109,40,107,65,45,44,66,35,29,115,64" hai1="90,73,93,8,104,126,86,53,33,129,84,75,37" hai2="6,31,80,89,34,103,7,60,0,61,87,79,42" hai3="108,5,117,100,76,97,48,56,112,85,77,36,12"/><V106/><F42/><W26/><G36/><T3/><D109/><U47/><E126/><V96/><F0/><W121/><G108/><T9/><D107/><U38/><E129/><V59/><F61/><W95/><G121/><T32/><D115/><U94/><E104/><V49/><F49/><W102/><G112/><T70/><D70/><U127/><E127/><V58/><F58/><W120/><G117/><T14/><D3/><U24/><E8/><V20/><F34/><W99/><G85/><T92/><D29/><U71/><E71/><V124/><F124/><W23/><G12/><T28/><D28/><U72/><E33/><V118/><F118/><W105/><G5/><T131/><D131/><U10/><E10/><V68/><F68/><W54/><REACH who="3" step="1"/><G120/><REACH who="3" ten="203,124,474,189" step="2"/><T114/><D114/><U15/><E15/><V88/><F6/><W133/><G133/><T17/><D39/><U135/><E135/><V55/><F7/><W2/><G2/><T43/><D14/><U41/><E24/><V74/><F87/><W25/><G25/><T57/><D9/><U18/><E37/><V91/><F74/><W101/><G101/><T130/><D130/><U116/><E116/><V98/><F103/><W119/><G119/><T4/><D4/><U1/><E1/><V50/><F98/><W62/><G62/><T27/><D27/><U13/><E13/><V51/><F96/><W21/><G21/><T63/><D63/><U46/><E73/><V123/><F123/><W16/><AGARI ba="1,1" hai="16,23,26,48,54,56,76,77,95,97,99,100,102,105" machi="16" ten="20,5200,0" yaku="1,1,0,1,7,1,54,1,53,0" doraHai="122" doraHaiUra="125" who="3" fromWho="3" sc="203,-14,124,-14,474,-27,189,65" />
</Scene>
<Scene>
<INIT seed="7,0,0,5,3,72" ten="189,110,447,254" oya="3" hai0="85,74,112,36,124,23,122,33,3,87,14,29,1" hai1="25,90,100,10,103,48,130,76,63,127,64,115,61" hai2="13,88,133,52,120,46,99,28,2,19,6,62,135" hai3="18,121,101,34,50,73,22,97,39,125,123,102,58"/><W70/><G39/><T66/><D122/><U57/><E127/><V44/><F120/><W15/><G70/><T95/><D74/><U94/><E130/><V113/><F113/><W128/><G34/><T27/><D36/><U12/><E115/><V92/><F28/><W117/><G117/><T134/><D112/><U116/><E116/><V79/><F79/><W78/><G102/><T9/><D124/><U59/><E48/><V105/><F105/><W26/><G58/><T47/><D134/><N who="2" m="51210" /><F6/><W67/><G67/><T86/><D66/><U84/><E25/><V106/><F2/><W31/><G50/><T126/><D126/><U51/><E51/><V89/><F89/><W56/><G56/><T45/><D95/><U38/><E38/><V111/><F106/><W119/><G128/><T82/><D82/><U32/><E32/><V20/><F111/><W37/><G37/><T0/><REACH who="0" step="1"/><D33/><REACH who="0" ten="179,110,447,254" step="2"/><U118/><E118/><V75/><F75/><W54/><G125/><T104/><D104/><U7/><REACH who="1" step="1"/><E76/><REACH who="1" ten="179,100,447,254" step="2"/><V93/><F93/><N who="3" m="58543" /><G78/><T69/><D69/><U4/><E4/><AGARI ba="0,2" hai="0,1,3,4,9,14,23,27,29,45,47,85,86,87" machi="4" ten="50,6400,0" yaku="1,1,53,2" doraHai="72" doraHaiUra="42" who="0" fromWho="1" sc="179,84,100,-64,447,0,254,0" owari="263,6.0,36,-46.0,447,55.0,254,-15.0" />
</Scene>
</mjloggm>