<mjloggm ver="2.3"><GO type="169" lobby="0"/><UN n0="%E3%81%99%E3%81%9A%E3%82%81%E3%82%AF%E3%83%AC%E3%82%A4%E3%82%B8%E3%83%BC" n1="%E5%8D%83%E7%9F%B3%E6%92%AB%E5%AD%90%40" n2="%79%6F%6A%6F" n3="%E8%A5%BF%E6%9D%91%E9%9B%84%E4%B8%80%E9%83%8E" dan="19,16,16,17" rate="2293.62,2048.40,2164.60,2159.13" sx="M,F,F,M"/><TAIKYOKU oya="0"/>

<Scene>
<INIT seed="0,0,0,2,5,110" ten="250,250,250,250" oya="0" hai0="88,118,22,56,125,119,134,71,17,44,41,13,109" hai1="89,55,114,6,30,11,40,121,78,75,123,91,96" hai2="14,130,67,68,36,107,135,39,131,54,102,51,112" hai3="117,84,25,105,58,8,108,95,73,65,59,37,3"/><T83/><D71/><U82/><E40/><V60/><F102/><W94/><G73/><T132/><D109/><U103/><E30/><V77/><F107/><W63/><G105/><T43/><D125/><U29/><E29/><V4/><F77/><W81/><G37/><T52/><D43/><U28/><E28/><V0/><F0/><W42/><G117/><T87/><D44/><U31/><E31/><V115/><F14/><W129/><G25/><T101/><D101/><U116/><E55/><V124/><F4/><W92/><G129/><N who="2" m="49161" /><F124/><W72/><G72/><T97/><D41/><U20/><E20/><V61/><F61/><W45/><G8/><T47/><D47/><U66/><E66/><V133/><F39/><W90/><G3/><T98/><D97/><U76/><E116/><V49/><F49/><N who="3" m="26807" /><G108/><T9/><D98/><U46/><E46/><N who="2" m="28023" /><F36/><W128/><G128/><T34/><D34/><U32/><E32/><V104/><F104/><W50/><G50/><N who="0" m="30743" /><D9/><U12/><E78/><V85/><F85/><N who="3" m="52303" /><G58/><T53/><D53/><U113/><E123/><V10/><F10/><W106/><G106/><T24/><D24/><U100/><E121/><V35/><F35/><W120/><G120/><T69/><D69/><U18/><E100/><V62/><F62/><W27/><G27/><T16/><D17/><U23/><E103/><V93/><F93/><W74/><G74/><T57/><D57/><U86/><E75/><V19/><F19/><W15/><G15/><T33/><D33/><U80/><E18/><V48/><F48/><W21/><G21/><T5/><D5/><RYUUKYOKU ba="0,0" sc="250,10,250,-30,250,10,250,10" hai0="13,16,22,83,87,88,118,119,132,134" hai2="60,67,68,112,115,133,135" hai3="59,63,65,81,84,94,95" />
</Scene>
<Scene>
<INIT seed="0,1,0,4,1,122" ten="260,220,260,260" oya="0" hai0="26,18,114,85,79,98,116,64,99,33,32,61,124" hai1="95,59,132,125,7,88,117,84,115,80,121,14,57" hai2="43,17,82,104,50,90,31,107,109,102,63,1,46" hai3="62,101,105,112,97,16,52,51,38,53,128,34,2"/><T45/><D114/><U36/><E117/><V130/><F1/><W58/><G112/><T60/><D116/><U76/><E115/><V49/><F31/><W9/><G38/><T67/><D45/><U91/><E36/><V123/><F123/><W131/><G34/><T113/><D113/><U65/><E121/><V40/><F130/><N who="3" m="49707" /><G2/><T5/><D79/><U28/><E132/><V25/><F63/><W78/><G78/><T66/><D85/><U70/><E125/><V127/><F25/><W71/><G71/><T119/><D119/><U35/><E35/><V13/><F102/><W22/><G9/><T118/><D66/><U8/><E28/><V15/><F90/><W56/><G56/><T110/><D118/><U55/><E70/><V11/><F82/><W83/><G83/><T29/><D29/><U30/><E30/><V47/><F127/><W87/><G87/><T134/><D134/><U94/><E65/><V93/><F93/><N who="1" m="35337" /><E59/><V21/><F107/><W89/><G89/><T4/><D124/><U135/><E135/><V44/><F104/><W133/><G133/><T96/><D96/><U41/><E41/><V20/><F44/><W54/><G62/><AGARI ba="1,0" hai="7,8,14,55,57,62,76,80,84,88,91" m="35337" machi="62" ten="30,2000,0" yaku="8,1,54,1" doraHai="122" who="1" fromWho="3" sc="260,0,220,23,260,0,260,-23" />
</Scene>
<Scene>
<INIT seed="1,0,0,2,4,65" ten="260,243,260,237" oya="1" hai0="15,74,46,49,0,134,55,24,120,79,106,62,119" hai1="125,57,124,43,96,53,92,21,13,60,5,129,54" hai2="118,51,135,113,82,71,99,109,104,32,17,18,64" hai3="1,70,103,35,2,45,95,37,4,40,80,112,29"/><U12/><E129/><V41/><F118/><W133/><G112/><T34/><D0/><U52/><E43/><V47/><F109/><W75/><G95/><T16/><D106/><U94/><E94/><V131/><F131/><W28/><G103/><T101/><D101/><U85/><E85/><V132/><F32/><W121/><G121/><T23/><D134/><N who="2" m="51242" /><F113/><W22/><G22/><T107/><D107/><U26/><E5/><V25/><F25/><N who="3" m="18831" /><G29/><T98/><D98/><U9/><E9/><V10/><F82/><W88/><G88/><T69/><D119/><U77/><E77/><V93/><F104/><W30/><G30/><T76/><D74/><U123/><E123/><V128/><F10/><W6/><G6/><T36/><D34/><U117/><E117/><V14/><F14/><W27/><G27/><T61/><D15/><U108/><E108/><V110/><F110/><W100/><G100/><T115/><D115/><U68/><E68/><V83/><F83/><W111/><G111/><T102/><D102/><N who="1" m="60679" /><E13/><V20/><F128/><W126/><G133/><T97/><D69/><U73/><E12/><V44/><F93/><W89/><G70/><T91/><D120/><U78/><E78/><N who="0" m="29737" /><D91/><U42/><E42/><N who="2" m="24983" /><F99/><W11/><G75/><T19/><D97/><U105/><E73/><V63/><F20/><W59/><G1/><T84/><D84/><U31/><E105/><V90/><F90/><W50/><G89/><T87/><D87/><U33/><E21/><V130/><F130/><W122/><G122/><T8/><D36/><AGARI ba="0,0" hai="17,18,36,41,47,63,64,71" m="24983,51242" machi="36" ten="30,2000,0" yaku="20,1,52,1" doraHai="65" who="2" fromWho="0" sc="260,-20,243,0,260,20,237,0" />
</Scene>
<Scene>
<INIT seed="2,0,0,3,0,130" ten="240,243,280,237" oya="2" hai0="19,18,96,104,47,63,12,125,40,106,35,71,82" hai1="38,9,126,23,72,124,2,20,80,94,26,50,112" hai2="77,54,102,133,64,85,44,67,30,107,62,111,134" hai3="123,28,117,128,108,135,73,4,58,34,119,13,17"/><V31/><F102/><W101/><G73/><T115/><D115/><U127/><E38/><V21/><F107/><W68/><G68/><T132/><D35/><U29/><E112/><V97/><F97/><W11/><G101/><T8/><D125/><U105/><E105/><V39/><F111/><W70/><G70/><T59/><D71/><U57/><E94/><V84/><F39/><W103/><G103/><T86/><D96/><U24/><E57/><V90/><F77/><W10/><G58/><T99/><D99/><U74/><E50/><N who="2" m="28999" /><F21/><W0/><G123/><T121/><D19/><N who="1" m="12319" /><E80/><N who="2" m="49415" /><F85/><W69/><G69/><T36/><D121/><U33/><E74/><V53/><F53/><W79/><G79/><T49/><D36/><U131/><E72/><V5/><F5/><W78/><G78/><T46/><D46/><U14/><E131/><V109/><F109/><W83/><G83/><T98/><D98/><U110/><E110/><V129/><F129/><W113/><G128/><T87/><D87/><U52/><E52/><V122/><F122/><W89/><G89/><N who="0" m="51415" /><D104/><U25/><E2/><V88/><F88/><W120/><G113/><T91/><D91/><U41/><E41/><V100/><F100/><W27/><G120/><T61/><D106/><U42/><E42/><V55/><F55/><W45/><G45/><T95/><D95/><U22/><E26/><V65/><F62/><N who="0" m="23562" /><D59/><U15/><E15/><V3/><F3/><W118/><G108/><T60/><D60/><U81/><E81/><V51/><F51/><W16/><G118/><T66/><D66/><U48/><E48/><RYUUKYOKU ba="0,0" sc="240,10,243,10,280,10,237,-30" hai0="8,12,18,40,47,49,132" hai1="9,14,22,23,25,29,33,124,126,127" hai2="30,31,64,65,67,133,134" />
</Scene>
<Scene>
<INIT seed="2,1,0,1,1,61" ten="250,253,290,207" oya="2" hai0="84,107,129,69,68,71,74,24,29,34,19,103,42" hai1="13,20,10,44,135,57,26,58,106,77,122,130,94" hai2="101,120,48,30,131,66,14,96,73,40,85,132,89" hai3="109,63,98,128,51,76,4,65,11,6,113,99,118"/><V31/><F73/><W112/><G118/><T18/><D74/><U97/><E106/><V119/><F120/><W15/><G109/><T1/><D1/><U79/><E122/><V32/><F119/><W92/><G128/><T115/><D115/><N who="3" m="44105" /><G76/><N who="1" m="29258" /><E130/><V105/><F132/><W36/><G36/><T121/><D121/><U59/><E44/><V116/><F116/><W102/><G51/><T0/><D0/><U123/><E123/><V125/><F125/><W114/><G98/><T28/><D84/><U39/><E39/><V67/><F131/><W46/><G46/><T117/><D117/><U35/><E35/><V90/><F90/><W111/><G111/><T5/><D42/><U80/><E80/><V37/><F37/><W104/><G114/><T127/><D127/><U12/><E135/><V17/><F48/><W53/><G53/><T52/><D52/><U88/><E10/><V124/><F40/><W87/><G87/><T47/><D47/><U41/><E41/><V126/><F126/><W54/><G54/><T23/><D129/><U83/><E83/><V133/><F133/><W49/><G49/><T7/><D107/><U95/><E95/><N who="2" m="54703" /><F32/><W78/><G78/><T33/><D103/><U93/><E93/><N who="2" m="58511" /><F124/><W75/><G75/><T110/><D110/><U55/><E55/><V16/><F105/><W64/><G104/><T62/><D34/><U27/><E27/><V91/><F91/><W60/><G4/><T21/><D33/><U86/><E86/><V82/><F82/><W72/><G72/><T43/><D43/><U108/><E108/><V2/><F2/><RYUUKYOKU ba="1,0" sc="250,-15,253,15,290,-15,207,15" hai1="12,13,20,26,57,58,59,88,94,97" hai3="6,11,15,60,63,64,65,92,99,102" />
</Scene>
<Scene>
<INIT seed="3,2,0,0,1,12" ten="235,268,275,222" oya="3" hai0="105,30,45,53,107,16,32,95,85,20,77,91,65" hai1="89,113,15,82,124,73,135,24,13,112,75,94,103" hai2="74,38,109,96,64,19,57,127,70,66,34,56,90" hai3="36,131,0,111,122,61,25,8,6,102,72,42,126"/><W37/><G122/><T1/><D1/><U80/><E24/><V119/><F74/><N who="1" m="28169" /><E15/><V21/><F119/><W84/><G72/><T4/><D4/><U120/><E13/><V134/><F34/><W60/><G102/><T123/><D123/><U116/><E120/><V67/><F127/><W117/><G117/><T83/><D32/><U54/><E54/><V130/><F130/><W92/><G131/><T62/><D30/><U63/><E63/><V2/><F38/><W47/><G126/><T88/><D77/><U14/><E14/><V26/><F2/><W51/><G25/><T71/><D45/><U99/><E124/><V43/><F43/><W86/><G61/><T59/><D71/><U125/><E125/><V29/><F96/><W118/><G118/><T114/><D114/><N who="1" m="44139" /><E116/><V101/><F70/><W69/><G60/><T87/><D65/><U22/><E22/><V18/><F56/><W49/><G49/><T17/><D17/><U78/><E135/><V97/><F134/><W23/><G23/><T133/><D133/><U41/><E41/><V132/><F57/><W48/><G69/><T108/><D108/><U106/><E78/><V7/><F109/><W129/><G111/><T5/><D5/><U58/><E58/><V79/><F7/><W76/><G36/><T40/><D40/><U110/><E110/><V55/><F79/><W100/><G129/><T50/><D62/><U128/><E128/><V115/><F115/><W104/><G37/><T10/><D10/><U33/><E33/><V121/><F132/><W98/><G42/><T52/><D53/><RYUUKYOKU ba="2,0" sc="235,15,268,15,275,-15,222,-15" hai0="16,20,50,52,59,83,85,87,88,91,95,105,107" hai1="80,82,89,94,99,103,106" />
</Scene>
<Scene>
<INIT seed="4,3,0,2,1,24" ten="250,283,260,207" oya="0" hai0="61,16,108,87,44,13,65,53,124,54,83,63,133" hai1="126,99,72,10,82,33,17,48,31,100,71,93,39" hai2="43,134,5,74,109,90,105,114,101,113,119,36,79" hai3="98,0,37,58,18,55,81,127,129,95,102,32,131"/><T77/><D133/><U30/><E39/><V122/><F5/><W96/><G32/><T111/><D124/><U45/><E71/><V12/><F12/><W84/><G37/><T2/><D2/><U118/><E118/><V86/><F43/><W88/><G127/><T42/><D42/><U35/><E126/><V6/><F6/><W73/><G0/><T117/><D117/><U135/><E135/><V125/><F36/><W94/><G18/><T128/><D128/><U89/><E35/><V14/><F14/><W67/><G67/><T34/><D34/><U97/><E33/><V49/><F49/><W20/><G20/><T1/><D1/><U21/><E10/><V28/><F134/><W59/><G73/><T8/><D63/><U64/><E64/><V110/><F119/><W25/><G25/><T57/><REACH who="0" step="1"/><D44/><REACH who="0" ten="240,283,260,207" step="2"/><U40/><E72/><V3/><F74/><W11/><G131/><T26/><D26/><U7/><E7/><V19/><F3/><W107/><G129/><T15/><D15/><U68/><E40/><V60/><F60/><W130/><G130/><T116/><D116/><U38/><E45/><V23/><F125/><W9/><G59/><T112/><D112/><U123/><E68/><V69/><F69/><W47/><G47/><T103/><D103/><U51/><E100/><V76/><F101/><N who="3" m="60575" /><G107/><T132/><D132/><U104/><E104/><V91/><F105/><W52/><G58/><T120/><D120/><U50/><E123/><V85/><F122/><W29/><G102/><T46/><D46/><U66/><E38/><V106/><F106/><RYUUKYOKU ba="3,1" sc="240,30,283,-10,260,-10,207,-10" hai0="8,13,16,53,54,57,61,65,77,83,87,108,111" />
</Scene>
<Scene>
<INIT seed="4,4,1,0,0,1" ten="270,273,250,197" oya="0" hai0="15,106,127,24,37,96,117,131,132,54,7,33,14" hai1="74,44,135,98,46,20,17,4,47,38,129,9,70" hai2="34,6,68,116,26,56,82,51,134,112,21,108,28" hai3="23,121,95,10,71,60,107,66,65,122,105,69,5"/><T43/><D117/><U67/><E74/><V90/><F108/><W0/><G95/><T62/><D43/><U16/><E129/><V3/><F68/><W114/><G114/><T123/><D37/><U36/><E135/><V22/><F112/><W126/><G126/><T113/><D123/><N who="3" m="47113" /><G23/><T12/><D132/><U103/><E67/><N who="3" m="25610" /><G60/><T79/><D131/><U128/><E70/><AGARI ba="4,1" hai="0,5,10,69,70,71,105,107" m="25610,47113" machi="70" ten="30,2000,0" yaku="13,1,52,1" doraHai="1" who="3" fromWho="1" sc="270,0,273,-32,250,0,197,42" />
</Scene>
<Scene>
<INIT seed="5,0,0,4,4,13" ten="270,241,250,239" oya="1" hai0="97,93,7,37,39,68,134,107,131,36,4,71,110" hai1="35,98,117,25,91,38,115,111,76,17,54,79,59" hai2="19,14,29,73,113,44,53,41,28,32,18,96,109" hai3="132,66,62,34,86,74,55,8,6,42,9,80,56"/><U45/><E117/><V69/><F109/><W5/><G34/><T94/><D110/><U70/><E111/><V112/><F73/><W43/><G74/><T0/><D107/><U101/><E70/><V104/><F69/><W67/><G132/><T51/><D131/><U135/><E135/><V3/><F3/><W21/><G21/><T119/><D119/><U46/><E115/><N who="2" m="44107" /><F53/><W10/><G43/><T12/><D0/><U125/><E125/><V24/><F29/><W124/><G42/><T92/><D97/><U102/><E38/><N who="2" m="21559" /><F14/><W16/><G124/><T27/><D12/><U64/><E64/><N who="3" m="24618" /><G16/><T57/><D134/><U23/><E35/><V90/><F90/><AGARI ba="0,0" hai="5,6,8,9,10,55,56,62,80,86,90" m="24618" machi="90" ten="30,1000,0" yaku="8,1" doraHai="13" who="3" fromWho="2" sc="270,0,241,0,250,-10,239,10" />
</Scene>
<Scene>
<INIT seed="6,0,0,4,3,4" ten="270,241,240,249" oya="2" hai0="23,118,51,91,47,49,82,135,99,42,0,89,14" hai1="29,121,115,46,127,25,57,92,101,58,96,43,17" hai2="2,80,35,131,105,7,3,87,84,5,133,19,107" hai3="74,77,52,9,12,95,39,126,62,28,16,113,111"/><V70/><F70/><W18/><G111/><T1/><D135/><U97/><E115/><V112/><F112/><W72/><G113/><T78/><D0/><U94/><E127/><V56/><F35/><W90/><G39/><T61/><D1/><U116/><E116/><V104/><F133/><W20/><G28/><T13/><D61/><U48/><E17/><V8/><F131/><W117/><G117/><T11/><D51/><U38/><E38/><V122/><F122/><W33/><G33/><T21/><D14/><U34/><REACH who="1" step="1"/><E121/><REACH who="1" ten="270,231,240,249" step="2"/><V86/><F19/><W110/><G126/><T26/><D118/><U63/><E63/><V134/><F134/><W85/><G110/><T130/><D130/><U71/><E71/><V65/><F65/><W129/><G129/><T41/><D49/><U109/><E109/><V125/><F125/><W120/><G120/><T40/><D40/><U15/><E15/><V119/><F119/><W66/><G52/><T106/><D13/><U24/><E24/><V128/><F128/><W69/><G77/><T30/><D42/><U83/><E83/><V64/><F80/><W81/><G81/><T102/><D78/><U55/><E55/><V75/><F75/><W54/><G54/><T79/><D79/><U31/><E31/><V123/><F123/><W124/><G124/><T68/><D82/><U76/><E76/><V88/><F3/><W100/><G74/><T44/><D41/><U36/><E36/><V22/><F2/><W6/><G72/><T45/><D68/><U53/><E53/><V67/><F64/><W60/><G66/><RYUUKYOKU ba="0,1" sc="270,-10,231,30,240,-10,249,-10" hai1="25,29,34,43,46,48,57,58,92,94,96,97,101" />
</Scene>
<Scene>
<INIT seed="7,1,1,5,1,45" ten="260,261,230,239" oya="3" hai0="129,76,79,60,132,33,59,134,106,90,7,6,131" hai1="66,128,4,74,121,122,120,51,49,11,40,111,29" hai2="43,92,21,126,99,22,42,57,17,125,63,39,31" hai3="53,108,48,3,44,118,89,14,96,71,62,83,94"/><W104/><G118/><T101/><D33/><U78/><E111/><V115/><F31/><W13/><G108/><T86/><D101/><U114/><E29/><V47/><F43/><W112/><G3/><T117/><D106/><U61/><E66/><V10/><F10/><W16/><G112/><T32/><D32/><U88/><E114/><V84/><F84/><W75/><G104/><T69/><D69/><U68/><E68/><V109/><F109/><W34/><G34/><T102/><D102/><U0/><E61/><V82/><F82/><W27/><G71/><T119/><D90/><U85/><E40/><V97/><F115/><W73/><G62/><T37/><D60/><U113/><E113/><V98/><F92/><W100/><G27/><T52/><D86/><U87/><E74/><V1/><F1/><W30/><G14/><T105/><D105/><U103/><E103/><V110/><F110/><W5/><G5/><T54/><D37/><U93/><REACH who="1" step="1"/><E128/><REACH who="1" ten="260,251,230,239" step="2"/><V18/><F63/><W26/><G100/><T130/><D129/><U9/><E9/><V23/><REACH who="2" step="1"/><F57/><AGARI ba="1,2" hai="6,7,52,54,57,59,76,79,117,119,130,131,132,134" machi="57" ten="25,3200,0" yaku="22,2,54,1" doraHai="45" who="0" fromWho="2" sc="260,55,251,0,230,-35,239,0" owari="315,41.0,251,5.0,195,-30.0,239,-16.0" />
</Scene>
</mjloggm>