<mjloggm ver="2.3"><GO type="169" lobby="0"/><UN n0="%E3%81%99%E3%81%9A%E3%82%81%E3%82%AF%E3%83%AC%E3%82%A4%E3%82%B8%E3%83%BC" n1="%E3%83%89%E3%83%A9%EF%BC%91%EF%BC%92%EF%BC%90%EF%BC%85" n2="%6D%61%74%69%6F%73%61%6E" n3="%E6%B4%BE%E9%81%A3%E3%81%AE%E3%82%B8%E3%83%A3%E3%83%83%E3%82%AF" dan="19,16,16,16" rate="2302.06,2052.37,2067.98,2106.42" sx="M,M,M,M"/><TAIKYOKU oya="0"/>

<Scene>
<INIT seed="0,0,0,1,3,39" ten="250,250,250,250" oya="0" hai0="47,61,133,66,125,52,9,28,118,72,55,3,64" hai1="81,43,42,116,6,128,83,101,53,0,122,76,84" hai2="18,99,50,69,95,80,107,127,130,70,75,48,65" hai3="67,98,120,132,44,56,58,104,40,93,74,100,121"/><T117/><D72/><U26/><E116/><V97/><F127/><W20/><G132/><T31/><D133/><U68/><E122/><N who="3" m="47210" /><G74/><T89/><D125/><U23/><E128/><V135/><F135/><W16/><G104/><T35/><D35/><U112/><E112/><V109/><F130/><W8/><G8/><T111/><D9/><U92/><E68/><V115/><F109/><W102/><G102/><T21/><D3/><U38/><E38/><V62/><F70/><W114/><G67/><T59/><D111/><U29/><E6/><V78/><F115/><W15/><G114/><T71/><D71/><U91/><E0/><V25/><F99/><W131/><G131/><T105/><D105/><U45/><E101/><V36/><F36/><AGARI ba="0,0" hai="15,16,20,36,40,44,56,58,93,98,100" m="47210" machi="36" ten="30,3900,0" yaku="13,1,52,1,54,1" doraHai="39" who="3" fromWho="2" sc="250,0,250,0,250,-39,250,39" />
</Scene>
<Scene>
<INIT seed="1,0,0,3,3,20" ten="250,250,211,289" oya="1" hai0="3,93,57,61,68,30,11,4,126,92,39,43,75" hai1="66,121,34,86,60,135,129,101,119,64,38,112,111" hai2="113,54,120,82,110,130,79,104,56,100,41,122,105" hai3="132,46,63,87,99,118,47,58,6,115,32,31,40"/><U89/><E101/><V45/><F113/><W78/><G115/><T67/><D126/><U37/><E64/><V18/><F110/><W73/><G132/><T116/><D116/><U28/><E119/><V94/><F130/><W55/><G118/><T50/><D75/><U97/><E129/><V81/><F81/><W42/><G73/><T53/><REACH who="0" step="1"/><D30/><REACH who="0" ten="240,250,211,289" step="2"/><U83/><E28/><V125/><F125/><W72/><G72/><T98/><D98/><U17/><E97/><V29/><F29/><W14/><G99/><T10/><D10/><U70/><E112/><V65/><F120/><W23/><G31/><T102/><D102/><U8/><E121/><V49/><F122/><W90/><G32/><T124/><D124/><U77/><E34/><V22/><F105/><W15/><G87/><T24/><D24/><U96/><E8/><V84/><F104/><W69/><G23/><T114/><D114/><U52/><E96/><V2/><F100/><W131/><G131/><T108/><D108/><U76/><E111/><V5/><F84/><W134/><G134/><T95/><D95/><U1/><E86/><V25/><F94/><W106/><G106/><T117/><D117/><U13/><E135/><V62/><F82/><W21/><G21/><T36/><D36/><U88/><E83/><V7/><F79/><W128/><G78/><T133/><D133/><U74/><E77/><V9/><REACH who="2" step="1"/><F5/><REACH who="2" ten="240,250,201,289" step="2"/><W107/><G6/><T103/><D103/><U48/><E76/><V59/><F59/><N who="3" m="35327" /><G107/><T127/><D127/><U123/><E123/><V16/><F16/><W27/><G58/><RYUUKYOKU ba="0,2" sc="240,15,250,-15,201,15,289,-15" hai0="3,4,11,39,43,50,53,57,61,67,68,92,93" hai2="2,7,9,18,22,25,41,45,49,54,56,62,65" />
</Scene>
<Scene>
<INIT seed="2,1,2,1,5,41" ten="255,235,216,274" oya="2" hai0="24,48,86,90,92,46,85,107,57,4,2,71,37" hai1="13,33,102,129,104,120,23,28,73,14,1,105,97" hai2="36,116,45,42,99,101,18,59,49,78,74,51,25" hai3="35,89,80,62,27,17,111,56,106,110,115,3,128"/><V44/><F116/><W126/><G126/><T84/><D71/><U121/><E1/><V88/><F74/><W118/><G118/><T131/><D107/><U77/><E105/><V19/><F78/><W30/><G128/><T91/><D37/><U47/><E129/><V133/><F133/><W39/><G106/><T95/><D131/><U109/><E33/><V66/><F101/><W15/><G115/><T5/><D2/><U12/><E109/><V43/><F36/><W0/><G39/><T117/><D57/><U32/><E32/><V63/><F25/><W112/><G112/><T9/><D24/><U134/><E134/><V16/><F99/><W10/><G80/><T67/><D67/><U31/><E23/><V124/><REACH who="2" step="1"/><F88/><REACH who="2" ten="255,235,206,274" step="2"/><W83/><G89/><T72/><D72/><U130/><E77/><V61/><F61/><W96/><G96/><T53/><D117/><U8/><E73/><V94/><F94/><W100/><G100/><T108/><D86/><U135/><E130/><V64/><F64/><N who="3" m="38983" /><G83/><T58/><D92/><U125/><E135/><V127/><AGARI ba="1,3" hai="16,18,19,42,43,44,45,49,51,59,63,66,124,127" machi="127" ten="30,18000,2" yaku="1,1,0,1,9,1,52,2,54,1,53,0" doraHai="41" doraHaiUra="69" who="2" fromWho="2" sc="255,-61,235,-61,206,213,274,-61" />
</Scene>
<Scene>
<INIT seed="2,2,0,4,4,118" ten="194,174,419,213" oya="2" hai0="60,28,13,68,79,100,87,133,17,2,27,107,98" hai1="43,44,74,31,23,109,129,105,121,6,40,52,48" hai2="99,50,36,9,41,71,11,130,132,51,80,115,84" hai3="65,14,116,66,72,10,4,89,90,20,56,37,134"/><V94/><F115/><W5/><G116/><T63/><D2/><U38/><E74/><V125/><F71/><W67/><G72/><T15/><D133/><U85/><E105/><V102/><F132/><W123/><G134/><T39/><D39/><U112/><E112/><V58/><F125/><W54/><G37/><T83/><D68/><U135/><E135/><V45/><F130/><W64/><G123/><T46/><D46/><U29/><E129/><V119/><F119/><W34/><G34/><T7/><D13/><U111/><E6/><V73/><F73/><W69/><G5/><T62/><D7/><U113/><E113/><V49/><REACH who="2" step="1"/><F58/><REACH who="2" ten="194,174,409,213" step="2"/><W76/><G69/><T3/><D3/><U16/><E111/><V18/><F18/><W97/><G56/><T114/><D114/><U21/><E109/><V127/><F127/><W75/><G75/><T82/><D17/><U101/><E16/><V131/><F131/><W24/><G4/><T26/><D28/><U117/><E31/><V35/><F35/><W104/><G20/><T57/><D57/><U92/><E23/><V8/><F8/><W0/><G10/><T124/><D124/><U106/><E21/><V128/><F128/><W122/><G0/><T42/><D15/><U25/><E29/><V30/><F30/><W95/><G14/><T120/><D26/><U19/><E25/><V70/><F70/><W32/><G24/><T103/><D27/><U108/><E117/><V86/><F86/><W93/><N who="3" m="16384" /><DORA hai="77" /><W59/><G32/><T91/><D87/><U1/><E85/><V47/><F47/><RYUUKYOKU ba="2,1" sc="194,-10,174,-10,409,30,213,-10" hai2="9,11,36,41,45,49,50,51,80,84,94,99,102" />
</Scene>
<Scene>
<INIT seed="2,3,1,5,4,105" ten="184,164,439,203" oya="2" hai0="56,19,46,55,26,89,69,84,107,61,110,52,80" hai1="109,57,38,3,135,18,50,74,4,72,85,27,122" hai2="33,8,88,32,51,68,120,132,133,6,36,54,103" hai3="114,63,9,101,128,93,59,73,126,14,28,25,17"/><V40/><F120/><W65/><G126/><T20/><D107/><U2/><E38/><V100/><F68/><W82/><G128/><T21/><D69/><U91/><E122/><V12/><F40/><W64/><G114/><T37/><D110/><U45/><E109/><V47/><F36/><W130/><G130/><T99/><D37/><U1/><E135/><N who="2" m="51787" /><F88/><W71/><G71/><T111/><D111/><U34/><E4/><V125/><F125/><W29/><G64/><T102/><D21/><U104/><E104/><V48/><F51/><W7/><G7/><T31/><D19/><U11/><E57/><V106/><F106/><W35/><G29/><T22/><D22/><U116/><E116/><V44/><F44/><W113/><G113/><T81/><D81/><U10/><E34/><AGARI ba="3,1" hai="6,8,12,32,33,34,47,48,54,100,103" m="51787" machi="34" ten="30,1500,0" yaku="20,1" doraHai="105" who="2" fromWho="1" sc="184,0,164,-24,439,34,203,0" />
</Scene>
<Scene>
<INIT seed="2,4,0,5,4,9" ten="184,140,473,203" oya="2" hai0="21,10,50,2,22,71,85,122,16,25,42,53,110" hai1="64,129,128,46,106,39,96,113,56,68,123,84,78" hai2="26,18,102,69,119,117,12,36,17,127,107,52,41" hai3="65,92,118,114,13,59,109,44,37,63,15,23,81"/><V29/><F69/><W134/><G118/><T87/><D71/><U133/><E68/><V49/><F41/><W4/><G109/><T62/><D110/><U43/><E113/><V116/><F36/><W124/><G114/><T60/><D42/><U55/><E64/><V99/><F127/><W82/><G124/><T67/><D10/><U57/><E133/><V104/><F104/><W54/><G134/><T3/><D3/><U7/><E7/><V58/><REACH who="2" step="1"/><F12/><REACH who="2" ten="184,140,463,203" step="2"/><W112/><G37/><T95/><D2/><U34/><E43/><V6/><F6/><W101/><G112/><T125/><D125/><U70/><E70/><V86/><F86/><W98/><G13/><T51/><D87/><U66/><E84/><V126/><F126/><W120/><G120/><T97/><D85/><U115/><E39/><V33/><AGARI ba="4,1" hai="17,18,26,29,33,49,52,58,99,102,107,116,117,119" machi="33" ten="30,11700,0" yaku="1,1,0,1,54,1,53,1" doraHai="9" doraHaiUra="31" who="2" fromWho="2" sc="184,-43,140,-43,463,139,203,-43" />
</Scene>
<Scene>
<INIT seed="2,5,0,0,1,65" ten="141,97,602,160" oya="2" hai0="13,55,129,125,62,95,34,20,91,25,56,19,100" hai1="63,60,78,4,28,134,106,5,77,84,115,50,103" hai2="18,35,133,108,90,27,17,71,10,75,81,74,24" hai3="102,36,11,0,85,96,23,15,64,92,2,8,79"/><V123/><F123/><W68/><G36/><T132/><D129/><U114/><E28/><V72/><F133/><W109/><G109/><T112/><D125/><U104/><E50/><V101/><F101/><W16/><G0/><T124/><D112/><U119/><E103/><V7/><F108/><W37/><G37/><T130/><D130/><U128/><E128/><V47/><F47/><W118/><G118/><T33/><D124/><U45/><E45/><V99/><F71/><W46/><G46/><T14/><D100/><U111/><E111/><V49/><F49/><W30/><G30/><T82/><D82/><U69/><E84/><V97/><F35/><W39/><G39/><T29/><D132/><U40/><E40/><V41/><F41/><W120/><G120/><T93/><D93/><U135/><E119/><V76/><F90/><W70/><G64/><T21/><D14/><U83/><E83/><V58/><F58/><W32/><G32/><T6/><D6/><U67/><E67/><V57/><F57/><W127/><G127/><T66/><D66/><U98/><E98/><AGARI ba="5,0" hai="13,19,20,21,25,29,33,34,55,56,62,91,95,98" machi="98" ten="30,1000,0" yaku="7,1" doraHai="65" who="0" fromWho="1" sc="141,25,97,-25,602,0,160,0" />
</Scene>
<Scene>
<INIT seed="3,0,0,5,1,38" ten="166,72,602,160" oya="3" hai0="56,72,15,36,0,107,21,18,14,109,110,115,92" hai1="113,17,4,37,2,106,86,16,28,66,94,105,51" hai2="124,95,67,104,7,87,52,5,62,69,50,97,53" hai3="91,81,89,32,96,133,83,49,31,60,71,44,79"/><W40/><G133/><T27/><D107/><U112/><E37/><V99/><F124/><W127/><G127/><T131/><D72/><U80/><E28/><V34/><F34/><W68/><G32/><T33/><D36/><U20/><E66/><V130/><F130/><W100/><G31/><T41/><D0/><U23/><E94/><V29/><F29/><W30/><G30/><T26/><D56/><U93/><E93/><V77/><F104/><W84/><G60/><T54/><D92/><U45/><E2/><V9/><F53/><W3/><G3/><T1/><D54/><U8/><E4/><V70/><F70/><W57/><G57/><T135/><D1/><U22/><E8/><V59/><F87/><W119/><G119/><T85/><D85/><U134/><E134/><V118/><F77/><W132/><G132/><T11/><D115/><U117/><E117/><V6/><F9/><W25/><G25/><T39/><D131/><U108/><E108/><N who="0" m="41577" /><D135/><U114/><E106/><V43/><F118/><W122/><G122/><T46/><D33/><U76/><REACH who="1" step="1"/><E105/><REACH who="1" ten="166,62,602,160" step="2"/><V35/><F35/><W90/><G83/><T82/><D82/><U98/><E98/><V123/><F99/><W10/><G10/><T58/><D11/><U103/><E103/><N who="2" m="60863" /><F123/><W24/><G96/><T65/><D65/><U19/><E19/><V128/><F128/><W63/><G100/><T102/><D102/><U55/><AGARI ba="0,1" hai="16,17,20,22,23,45,51,55,76,80,86,112,113,114" machi="55" ten="40,5200,0" yaku="1,1,0,1,54,1,53,0" doraHai="38" doraHaiUra="116" who="1" fromWho="1" sc="166,-13,62,62,602,-13,160,-26" />
</Scene>
<Scene>
<INIT seed="4,0,0,0,2,60" ten="153,124,589,134" oya="0" hai0="104,129,26,64,82,4,29,100,50,71,24,99,106" hai1="45,134,93,115,80,85,33,68,103,63,87,14,79" hai2="117,31,112,36,52,59,15,102,32,19,61,65,20" hai3="94,113,27,83,133,110,9,54,10,101,116,78,91"/><T57/><D4/><U40/><E33/><V123/><F36/><W126/><G110/><T96/><D129/><U13/><E134/><V11/><F123/><W48/><G116/><T21/><D71/><U51/><E115/><V74/><F74/><W35/><G113/><T34/><D82/><U72/><E72/><V56/><F112/><W73/><G133/><T38/><D38/><U23/><E23/><V114/><F114/><W66/><G126/><T107/><D99/><U97/><REACH who="1" step="1"/><E87/><REACH who="1" ten="153,114,589,134" step="2"/><V18/><F117/><W49/><G35/><T43/><D34/><U55/><E55/><V62/><F32/><W2/><G54/><T69/><D43/><U70/><E70/><V81/><F31/><W98/><G73/><T130/><D130/><U28/><E28/><V125/><F125/><W30/><G30/><T6/><D69/><U95/><E95/><V88/><F102/><W131/><G101/><T47/><D106/><U46/><E46/><V1/><F1/><W25/><G2/><T84/><D47/><U108/><E108/><V22/><F19/><W58/><G131/><T0/><D104/><U7/><E7/><V44/><F44/><W42/><G94/><T90/><D29/><U77/><E77/><V76/><F76/><W121/><G78/><T120/><D6/><U132/><E132/><V111/><F111/><W12/><G42/><T105/><D105/><U118/><E118/><V124/><F124/><W17/><G17/><N who="0" m="12335" /><D0/><U41/><E41/><V16/><F18/><W127/><G127/><T86/><D100/><U135/><E135/><V128/><F128/><RYUUKYOKU ba="0,1" sc="153,-15,114,15,589,15,134,-15" hai1="13,14,40,45,51,63,68,79,80,85,93,97,103" hai2="11,15,16,20,22,52,56,59,61,62,65,81,88" />
</Scene>
<Scene>
<INIT seed="5,1,1,0,2,48" ten="138,129,604,119" oya="1" hai0="89,119,79,111,39,84,92,10,14,87,28,35,45" hai1="108,12,0,100,104,32,126,57,95,93,22,40,65" hai2="134,78,26,67,101,71,23,105,1,76,25,61,110" hai3="53,46,114,120,109,64,133,58,115,99,117,51,55"/><U77/><E0/><V27/><F1/><W70/><G109/><T31/><D119/><U75/><E32/><V74/><F110/><W29/><G120/><T16/><D111/><U49/><E108/><V128/><F134/><W135/><G117/><T68/><D68/><U42/><E104/><V113/><F128/><W15/><G29/><T69/><D69/><U50/><E75/><V123/><F123/><W9/><G99/><T24/><D31/><U132/><E77/><V8/><F8/><W5/><G64/><T130/><D130/><U116/><E126/><V17/><F113/><N who="3" m="43019" /><G70/><T11/><D11/><U94/><E100/><V72/><F105/><W127/><G127/><T66/><D66/><U36/><E36/><V83/><F101/><W88/><G88/><T125/><D125/><U18/><E132/><N who="3" m="50762" /><G58/><T21/><D35/><U20/><E116/><V43/><F43/><AGARI ba="1,1" hai="5,9,15,43,46,51,53,55" m="50762,43019" machi="43" ten="30,7700,0" yaku="15,1,20,1,52,2" doraHai="48" who="3" fromWho="2" sc="138,0,129,0,604,-80,119,90" />
</Scene>
<Scene>
<INIT seed="6,0,0,1,3,34" ten="138,129,524,209" oya="2" hai0="14,53,12,57,96,116,13,51,135,133,98,2,45" hai1="60,77,91,23,79,131,48,59,16,65,114,15,36" hai2="126,41,92,30,111,58,82,5,37,90,88,3,102" hai3="56,112,68,117,26,69,66,118,1,125,4,132,28"/><V39/><F111/><W63/><G125/><T29/><D116/><U35/><E36/><V124/><F30/><W81/><G132/><N who="0" m="50763" /><D29/><U120/><E35/><V95/><F102/><W76/><G56/><T42/><D2/><U89/><E114/><V128/><F82/><W33/><G69/><T47/><D47/><U94/><E131/><V50/><F128/><W46/><G46/><T74/><D74/><U18/><E120/><V22/><F22/><W73/><G112/><T121/><D121/><U115/><E115/><V19/><F19/><W54/><G54/><T130/><D130/><U61/><E48/><AGARI ba="0,0" hai="12,13,14,42,45,48,51,53,57,96,98" m="50763" machi="48" ten="30,1000,0" yaku="20,1" doraHai="34" who="0" fromWho="1" sc="138,10,129,-10,524,0,209,0" />
</Scene>
<Scene>
<INIT seed="7,0,0,2,3,125" ten="148,119,524,209" oya="3" hai0="93,72,81,75,69,34,44,55,27,79,128,20,4" hai1="35,39,8,127,120,36,1,97,5,122,2,134,58" hai2="59,41,118,116,50,51,95,45,113,70,74,123,124" hai3="129,78,121,15,85,66,56,98,14,117,68,108,115"/><W32/><G68/><T19/><D69/><U42/><E58/><V37/><F95/><W49/><G98/><T13/><D128/><U82/><E35/><V107/><F107/><W38/><G129/><T103/><D75/><U73/><E127/><V6/><F6/><W16/><G16/><T33/><D103/><U29/><E29/><V12/><F74/><W102/><G49/><T64/><D64/><U96/><E134/><V132/><F12/><W84/><G14/><T99/><D4/><U94/><E1/><V133/><F124/><W10/><G78/><T22/><D55/><U105/><E105/><V88/><F123/><W11/><G15/><T54/><D54/><U62/><E62/><V119/><F70/><W106/><G102/><T126/><D44/><U21/><E21/><V131/><F131/><W104/><G104/><T57/><D57/><U109/><E109/><V100/><F100/><W114/><G106/><T61/><D61/><U23/><E23/><V130/><F130/><W60/><G60/><T9/><D126/><U28/><E28/><V40/><F51/><W18/><G108/><T43/><D43/><U89/><E97/><V48/><F50/><W101/><G32/><T80/><D80/><U135/><E135/><V110/><F132/><W92/><G115/><T65/><D65/><U3/><E3/><V47/><F133/><W71/><G56/><T83/><D83/><U46/><E39/><V67/><F59/><W26/><G38/><T91/><D22/><U111/><E111/><V17/><F110/><W31/><G71/><T86/><D99/><RYUUKYOKU ba="0,0" sc="148,15,119,15,524,-15,209,-15" hai0="9,13,19,20,27,33,34,72,79,81,86,91,93" hai1="2,5,8,36,42,46,73,82,89,94,96,120,122" owari="163,-24.0,134,-37.0,509,62.0,194,-1.0" />
</Scene>
</mjloggm>