<mjloggm ver="2.3"><GO type="169" lobby="0"/><UN n0="%E3%83%94%E3%82%A3%38%31%30" n1="%E3%81%99%E3%81%9A%E3%82%81%E3%82%AF%E3%83%AC%E3%82%A4%E3%82%B8%E3%83%BC" n2="%E3%81%91%E3%82%93%31%39%37%30" n3="%E3%82%B9%E3%82%B1%E3%83%BC%E3%82%BF%E3%83%BC" dan="17,19,16,16" rate="2119.06,2292.99,2154.38,2144.05" sx="M,M,M,M"/><TAIKYOKU oya="0"/>

<Scene>
<INIT seed="0,0,0,5,1,74" ten="250,250,250,250" oya="0" hai0="35,49,99,1,52,135,54,53,40,119,134,118,7" hai1="77,91,44,2,32,131,37,128,129,78,0,34,97" hai2="108,124,29,122,43,112,3,64,126,50,69,28,86" hai3="82,95,46,27,20,89,26,90,110,72,80,79,96"/><T114/><D114/><U98/><E37/><V107/><F112/><W130/><G110/><T47/><D35/><N who="1" m="13355" /><E44/><N who="2" m="25887" /><F3/><N who="1" m="1065" /><E91/><V62/><F107/><W123/><G130/><T39/><D99/><AGARI ba="0,0" hai="77,78,97,98,99,128,129,131" m="1065,13355" machi="99" ten="40,8000,1" yaku="28,2,19,1,52,2" doraHai="74" who="1" fromWho="0" sc="250,-80,250,80,250,0,250,0" />
</Scene>
<Scene>
<INIT seed="1,0,0,2,5,57" ten="170,330,250,250" oya="1" hai0="19,35,56,96,66,122,47,83,24,114,91,53,116" hai1="64,108,111,16,75,94,105,60,25,118,93,49,115" hai2="123,102,4,30,103,129,100,38,44,88,59,50,14" hai3="1,8,85,73,98,113,11,62,42,117,55,40,7"/><U12/><E75/><V72/><F123/><W99/><G73/><T46/><D114/><U17/><E118/><V133/><F72/><W36/><G113/><T132/><D116/><U61/><E105/><V77/><F77/><W39/><G117/><T23/><D122/><U134/><E115/><V82/><F38/><W33/><G33/><T26/><D132/><U54/><E134/><V32/><F129/><W101/><G85/><T70/><D70/><U92/><E25/><V58/><F32/><W0/><G55/><T95/><D66/><U69/><E61/><V97/><F30/><W74/><G74/><T45/><D35/><U106/><E106/><V5/><F133/><W28/><G7/><N who="2" m="2633" /><F14/><W131/><G101/><T15/><REACH who="0" step="1"/><D83/><REACH who="0" ten="160,330,250,250" step="2"/><U71/><E71/><V51/><F82/><W48/><G131/><T112/><D112/><U84/><E84/><V125/><F125/><W10/><G99/><T18/><D18/><U127/><E127/><V110/><F110/><N who="1" m="42025" /><E12/><V2/><F2/><W124/><G124/><T90/><D90/><U68/><E69/><V128/><F128/><W121/><G121/><T27/><D27/><U135/><E135/><V34/><F34/><W120/><G120/><T130/><D130/><U6/><E6/><V37/><F88/><W3/><G3/><T126/><D126/><U107/><E107/><V79/><F97/><W13/><G98/><T109/><D109/><U87/><E87/><V41/><F79/><W43/><G1/><T22/><D22/><U9/><E9/><V20/><F20/><W76/><G0/><T67/><D67/><RYUUKYOKU ba="0,1" sc="160,10,330,10,250,10,250,-30" hai0="15,19,23,24,26,45,46,47,53,56,91,95,96" hai1="16,17,49,54,60,64,68,92,93,94" hai2="37,41,44,50,51,58,59,100,102,103" />
</Scene>
<Scene>
<INIT seed="1,1,1,3,5,2" ten="170,340,260,220" oya="1" hai0="7,14,130,42,108,82,86,11,15,33,112,19,79" hai1="10,74,105,90,57,17,39,34,69,52,76,96,85" hai2="0,71,78,114,22,101,119,16,32,61,20,46,4" hai3="36,99,18,81,117,75,77,45,118,106,70,51,29"/><U47/><E69/><V43/><F32/><W128/><G36/><T65/><D112/><U121/><E34/><V28/><F119/><N who="3" m="45579" /><G70/><T48/><D108/><U84/><E121/><V73/><F114/><W58/><G29/><T113/><D113/><U60/><E74/><V91/><F101/><N who="3" m="62783" /><G58/><T24/><D65/><U109/><E109/><V25/><F71/><W124/><G18/><T80/><D80/><N who="1" m="47111" /><E96/><V64/><F64/><W13/><G13/><T123/><D130/><U56/><E105/><V125/><F61/><W50/><G128/><T88/><D123/><U31/><E39/><V68/><F68/><W103/><G103/><T93/><D33/><U131/><E31/><V49/><F28/><W6/><G51/><T104/><D24/><U21/><E10/><V87/><F22/><W133/><G133/><T120/><D120/><U30/><E30/><V66/><F66/><W3/><G124/><T59/><D104/><U100/><E100/><V1/><F125/><W54/><G3/><T37/><D37/><U122/><E122/><V72/><F1/><W12/><G12/><N who="0" m="5247" /><D19/><U44/><E57/><V110/><F110/><W9/><G9/><T35/><D35/><U23/><E131/><V102/><F0/><W98/><G98/><N who="0" m="57639" /><D59/><U38/><E38/><V62/><F25/><W89/><G89/><T111/><D111/><U5/><E23/><V92/><F20/><W135/><G135/><T134/><D134/><U27/><E21/><V40/><F91/><W94/><G94/><T26/><D26/><U126/><E126/><V41/><F92/><W8/><G8/><RYUUKYOKU ba="1,1" sc="170,15,340,-15,260,-15,220,15" hai0="14,15,42,48,79,82,86" hai3="6,45,50,54,75,77,81" />
</Scene>
<Scene>
<INIT seed="2,2,1,2,0,29" ten="185,325,245,235" oya="2" hai0="15,7,37,48,133,110,35,41,3,115,24,86,22" hai1="33,75,38,106,108,104,18,123,57,19,71,98,31" hai2="76,111,117,1,102,100,94,135,118,124,70,23,129" hai3="113,103,16,36,20,66,132,101,54,80,87,77,63"/><V53/><F70/><W47/><G132/><T128/><D115/><U105/><E75/><V26/><F1/><W21/><G113/><T2/><D37/><U93/><E38/><V95/><F135/><W58/><G21/><T51/><D133/><U45/><E71/><V69/><F69/><W74/><G74/><T49/><D35/><U11/><E45/><V119/><F76/><W92/><G92/><T83/><D110/><U44/><E44/><V8/><F8/><W85/><G85/><T30/><D128/><U28/><E57/><V127/><F53/><W0/><G0/><T32/><D41/><U81/><E81/><V65/><F65/><W130/><G130/><T50/><N who="0" m="12288" /><DORA hai="61" /><T82/><D82/><U72/><E33/><V126/><F129/><W73/><G54/><T134/><D134/><U34/><E34/><V43/><F43/><W55/><G55/><T6/><D6/><U89/><E123/><V27/><F111/><W67/><G67/><T39/><D39/><U99/><E72/><V84/><F84/><W78/><G78/><T125/><D125/><U109/><E105/><V114/><F114/><W60/><G60/><T14/><D14/><U62/><E11/><V59/><F59/><W122/><G122/><T52/><D52/><U79/><E62/><V116/><N who="2" m="29696" /><DORA hai="12" /><V4/><F4/><W90/><G77/><N who="0" m="46447" /><D7/><U46/><E79/><V121/><F121/><W68/><G68/><T40/><D40/><U91/><E46/><V13/><F13/><N who="3" m="9231" /><G73/><T56/><D56/><U42/><E42/><V97/><F127/><W131/><G131/><RYUUKYOKU ba="2,1" sc="185,10,325,10,245,-30,235,10" hai0="2,3,15,22,24,30,32" hai1="18,19,28,31,89,91,93,98,99,104,106,108,109" hai3="36,47,58,63,66,80,87,90,101,103" />
</Scene>
<Scene>
<INIT seed="3,3,1,0,3,26" ten="195,335,215,245" oya="3" hai0="85,63,39,134,8,12,109,21,122,81,86,74,24" hai1="115,78,35,83,18,27,75,32,42,135,99,1,100" hai2="55,5,118,52,50,45,37,9,41,108,93,106,14" hai3="123,87,82,104,110,111,90,72,2,57,69,38,96"/><W121/><G69/><T33/><D122/><N who="3" m="46601" /><G38/><T40/><D33/><U30/><E115/><V19/><F106/><W64/><G2/><T124/><D109/><N who="3" m="41481" /><G64/><T98/><D124/><U79/><E135/><V88/><F108/><W114/><G57/><T101/><D134/><U47/><E79/><V4/><F118/><W128/><G114/><T119/><D119/><U6/><E18/><V60/><F60/><W107/><G128/><T34/><D34/><U91/><E35/><V66/><F66/><W49/><G49/><T7/><D63/><U23/><E32/><V15/><F37/><W103/><G72/><T58/><D58/><U71/><E71/><V20/><F4/><W117/><G117/><T70/><D70/><U126/><E6/><V44/><F45/><W51/><G51/><T22/><D22/><U28/><E1/><V112/><F112/><W25/><G25/><T0/><D0/><U116/><E27/><V16/><F5/><W102/><G102/><T131/><D131/><U53/><E23/><V67/><F67/><W125/><G125/><T95/><D39/><U97/><E126/><V73/><F73/><W127/><G127/><T130/><D130/><U84/><E100/><V11/><F20/><W65/><G65/><T3/><D3/><U54/><E116/><V61/><F61/><W46/><G46/><T62/><D62/><U133/><E47/><V29/><F29/><W94/><AGARI ba="3,1" hai="82,87,90,94,96,103,104,107" m="41481,46601" machi="94" ten="30,11700,0" yaku="14,1,10,1,34,2" doraHai="26" who="3" fromWho="3" sc="195,-42,335,-42,215,-42,245,136" />
</Scene>
<Scene>
<INIT seed="3,4,0,1,5,99" ten="153,293,173,381" oya="3" hai0="101,80,106,71,81,116,98,122,0,97,83,2,84" hai1="118,111,125,113,39,1,18,45,15,16,35,66,92" hai2="95,131,129,102,59,30,86,52,56,64,57,126,54" hai3="27,22,70,34,105,124,28,14,36,32,20,25,114"/><W85/><G36/><T55/><D71/><U91/><E113/><V8/><F64/><W89/><G70/><T60/><D116/><U23/><E1/><V132/><F30/><W31/><G124/><T94/><D122/><U29/><E111/><V44/><F126/><W4/><G114/><T87/><D60/><U127/><E66/><V50/><F132/><W88/><G105/><T33/><D55/><U24/><E118/><V108/><F108/><W17/><G4/><T76/><D33/><U75/><E75/><V120/><F120/><W38/><G38/><T93/><D2/><U134/><E134/><V37/><F8/><W128/><G128/><N who="2" m="49225" /><F37/><W103/><G103/><N who="0" m="60887" /><D0/><U104/><E104/><V53/><F102/><W13/><G85/><N who="0" m="32843" /><D76/><U121/><E121/><V48/><F95/><AGARI ba="4,0" hai="80,81,83,93,95,97,101,106" m="32843,60887" machi="95" ten="30,12000,2" yaku="35,5,52,2" doraHai="99" who="0" fromWho="2" sc="153,132,293,0,173,-132,381,0" />
</Scene>
<Scene>
<INIT seed="4,0,0,0,4,6" ten="285,293,41,381" oya="0" hai0="89,49,16,102,2,84,33,95,74,93,14,58,38" hai1="37,132,46,64,94,59,1,116,86,72,26,98,115" hai2="101,68,41,122,118,22,54,75,3,9,48,30,18" hai3="134,73,62,39,45,60,107,52,113,111,56,66,25"/><T15/><D2/><U126/><E116/><V82/><F68/><W10/><G73/><T29/><D38/><U67/><E72/><V127/><F122/><W83/><G107/><T103/><D74/><U36/><E1/><V8/><F118/><W35/><G111/><T43/><D29/><U109/><E109/><V123/><F123/><W90/><G134/><T44/><D33/><U135/><E126/><V55/><F3/><W61/><G113/><T87/><D58/><U117/><E115/><V81/><F127/><W104/><G104/><T105/><D105/><U99/><E86/><V71/><F71/><W70/><G61/><T97/><D103/><U32/><E98/><V27/><F101/><W40/><G25/><T4/><D4/><U108/><E59/><V65/><F65/><N who="1" m="25161" /><E46/><N who="2" m="25679" /><F30/><W63/><G35/><T96/><D15/><U76/><E76/><V100/><F100/><W128/><G66/><T0/><D0/><U88/><E117/><V20/><F20/><AGARI ba="0,0" hai="14,16,20,43,44,49,84,87,89,93,95,96,97,102" machi="20" ten="30,5800,0" yaku="7,1,8,1,54,1" doraHai="6" who="0" fromWho="2" sc="285,58,293,0,41,-58,381,0" owari="343,14.0,293,-11.0,-17,-52.0,381,49.0" />
</Scene>
</mjloggm>