<mjloggm ver="2.3"><GO type="169" lobby="0"/><UN n0="%E6%B0%B4%E5%B8%8C%E2%99%AA" n1="%E6%AE%8B%E5%B0%BF%E6%84%9F%E3%81%AA%E3%81%84%EF%BC%9F" n2="%E3%81%99%E3%81%9A%E3%82%81%E3%82%AF%E3%83%AC%E3%82%A4%E3%82%B8%E3%83%BC" n3="%E3%83%8D%E3%83%BC%E3%83%A0%E3%83%AC%E3%82%B9%EF%BC%97" dan="18,16,19,16" rate="2289.09,2135.46,2301.73,2063.29" sx="M,F,M,M"/><TAIKYOKU oya="0"/>

<Scene>
<INIT seed="0,0,0,0,2,104" ten="250,250,250,250" oya="0" hai0="93,84,60,124,75,15,114,90,78,101,45,70,135" hai1="48,64,4,120,83,30,68,122,5,0,86,94,132" hai2="18,87,33,38,63,99,116,49,9,92,89,71,28" hai3="102,52,110,109,2,29,91,3,113,98,111,67,16"/><T40/><D114/><U128/><E48/><V106/><F38/><W82/><G113/><T100/><D135/><U42/><E83/><V61/><F116/><W88/><G29/><T105/><D124/><U32/><E86/><V37/><F37/><W96/><G67/><T20/><D105/><U31/><E94/><V107/><F33/><W17/><G82/><T35/><D35/><U11/><E42/><V76/><F28/><W44/><G2/><T50/><D20/><U123/><E64/><V58/><F71/><W65/><G65/><T25/><D25/><U1/><E68/><V77/><F107/><N who="3" m="63943" /><G3/><T13/><D70/><U74/><E74/><V126/><F126/><W41/><G52/><T59/><D101/><U39/><E39/><V46/><F58/><W108/><G108/><T129/><D100/><U131/><E132/><V26/><F106/><W62/><G62/><N who="2" m="23561" /><F99/><W12/><G98/><T81/><REACH who="0" step="1"/><D129/><REACH who="0" ten="240,250,250,250" step="2"/><N who="1" m="49739" /><E32/><V133/><F133/><W55/><G110/><T21/><D21/><U47/><E123/><V56/><F26/><W118/><G111/><T51/><D51/><U66/><E122/><V22/><F22/><W19/><G109/><T95/><D95/><U79/><E120/><V117/><F117/><W69/><G118/><T72/><D72/><U119/><E119/><V57/><F49/><W130/><G69/><T54/><AGARI ba="0,1" hai="13,15,40,45,50,54,59,60,75,78,81,84,90,93" machi="54" ten="20,12000,1" yaku="1,1,0,1,7,1,52,1,53,1" doraHai="104" doraHaiUra="80" who="0" fromWho="0" sc="240,130,250,-40,250,-40,250,-40" />
</Scene>
<Scene>
<INIT seed="0,1,0,5,2,129" ten="370,210,210,210" oya="0" hai0="20,73,96,92,36,81,114,62,55,42,132,27,131" hai1="30,4,17,107,117,125,116,113,98,78,29,122,66" hai2="49,63,8,133,0,33,99,67,52,68,127,84,91" hai3="16,14,118,128,102,6,87,124,105,108,119,39,5"/><T18/><D114/><U93/><E66/><V13/><F33/><W56/><G39/><T9/><D131/><U51/><E51/><V34/><F34/><W45/><G128/><T38/><D42/><U70/><E70/><V104/><F0/><W80/><G108/><T53/><D9/><U85/><E17/><V19/><F127/><W46/><G105/><T95/><D95/><U10/><E4/><V115/><F99/><W90/><G102/><T120/><D120/><U134/><E10/><V75/><F75/><W126/><G56/><T83/><D55/><U130/><E30/><V57/><F104/><W41/><G5/><T100/><D62/><U89/><E29/><V72/><F72/><W40/><G6/><T50/><D132/><U65/><E65/><V86/><F86/><W101/><G101/><T15/><D27/><U111/><E134/><V31/><F31/><W24/><G24/><T37/><REACH who="0" step="1"/><D73/><REACH who="0" ten="360,210,210,210" step="2"/><U97/><E93/><V64/><F115/><W135/><G41/><T94/><D94/><U88/><E113/><V32/><F67/><W25/><G25/><T44/><AGARI ba="1,1" hai="15,18,20,36,37,38,44,50,53,81,83,92,96,100" machi="44" ten="30,3000,0" yaku="1,1,0,1,53,0" doraHai="129" doraHaiUra="23" who="0" fromWho="0" sc="360,43,210,-11,210,-11,210,-11" />
</Scene>
<Scene>
<INIT seed="0,2,0,5,3,119" ten="403,199,199,199" oya="0" hai0="49,133,6,128,51,24,47,115,118,116,83,45,21" hai1="9,10,46,28,11,4,129,70,15,17,86,26,131" hai2="63,22,30,72,98,114,88,0,56,134,122,55,31" hai3="124,135,25,65,93,104,90,40,64,53,29,20,110"/><T84/><D115/><U101/><E70/><V37/><F72/><W5/><G104/><T74/><D74/><U69/><E69/><V57/><F0/><W76/><G110/><T41/><D128/><N who="1" m="49227" /><E101/><V95/><F37/><W39/><G76/><T127/><D133/><U105/><E105/><V16/><F122/><W92/><G135/><T112/><D127/><U32/><E86/><V102/><F114/><W66/><G124/><T91/><D6/><U121/><E46/><V106/><F134/><W42/><G5/><T33/><D33/><U94/><E94/><V80/><F80/><W54/><G92/><T85/><D85/><U7/><E121/><V108/><F108/><W130/><G130/><T120/><D112/><U13/><E7/><V12/><F57/><W87/><REACH who="3" step="1"/><G39/><REACH who="3" ten="403,199,199,189" step="2"/><T78/><D78/><U38/><E38/><V1/><F1/><W48/><G48/><T44/><D120/><U3/><E3/><V73/><F73/><W62/><G62/><T96/><D118/><U117/><E117/><V99/><AGARI ba="2,1" hai="12,16,22,30,31,55,56,63,88,95,98,99,102,106" machi="99" ten="20,5200,0" yaku="0,1,7,1,54,2" doraHai="119" who="2" fromWho="2" sc="403,-28,199,-15,199,68,189,-15" />
</Scene>
<Scene>
<INIT seed="1,0,0,5,1,13" ten="375,184,267,174" oya="1" hai0="65,111,73,40,46,55,116,23,77,26,58,3,57" hai1="24,4,127,29,134,20,59,0,53,28,82,9,36" hai2="110,16,87,27,42,38,71,39,72,47,66,67,90" hai3="17,74,31,18,54,6,69,125,122,78,109,100,120"/><U5/><E36/><V83/><F110/><W104/><G69/><T14/><D116/><U43/><E43/><V119/><F119/><W19/><G31/><T10/><D65/><U25/><E127/><V1/><F1/><W8/><G109/><T44/><D111/><U114/><E134/><V117/><F117/><W103/><G125/><T81/><D55/><U12/><E114/><V51/><F72/><W124/><G124/><T135/><D46/><U49/><E82/><V96/><F39/><W68/><G68/><T61/><D61/><U98/><E0/><V107/><F38/><W132/><G132/><T121/><D121/><U101/><E5/><V86/><F71/><W56/><G78/><T80/><D80/><U113/><E113/><V63/><F63/><W93/><G104/><T126/><D3/><U128/><E128/><V91/><F96/><W99/><G74/><T123/><D123/><U11/><E11/><V70/><F107/><W62/><REACH who="3" step="1"/><G103/><REACH who="3" ten="375,184,267,164" step="2"/><T105/><D105/><U92/><REACH who="1" step="1"/><E24/><REACH who="1" ten="375,174,267,164" step="2"/><V129/><F129/><W60/><G60/><T76/><D135/><U35/><E35/><V133/><F133/><W15/><AGARI ba="0,2" hai="6,8,15,17,18,19,54,56,62,93,99,100,120,122" machi="15" ten="30,8000,1" yaku="1,1,0,1,52,3,53,0" doraHai="13" doraHaiUra="64" who="3" fromWho="3" sc="375,-20,174,-40,267,-20,164,100" />
</Scene>
<Scene>
<INIT seed="2,0,0,2,2,38" ten="355,134,247,264" oya="2" hai0="50,80,70,115,4,44,33,101,132,130,59,35,81" hai1="111,119,2,83,26,131,90,19,133,16,25,24,123" hai2="104,9,18,88,41,116,52,66,13,95,67,58,77" hai3="12,55,85,68,92,32,1,62,8,7,108,128,22"/><V118/><F104/><W6/><G32/><T15/><D70/><U63/><E111/><V103/><F103/><W102/><G108/><T124/><D115/><U3/><E63/><V10/><F77/><W121/><G121/><T125/><D101/><U93/><E83/><N who="0" m="31817" /><D59/><U36/><E36/><V31/><F31/><W87/><G128/><T91/><D91/><U34/><E93/><V86/><F41/><W69/><G6/><T17/><D4/><U114/><E90/><V89/><F89/><W110/><G110/><T23/><D132/><U107/><E107/><V43/><F43/><W47/><G1/><N who="1" m="10" /><E114/><V129/><F129/><W20/><G69/><T82/><D82/><U49/><E49/><N who="2" m="30991" /><F118/><W73/><G73/><T21/><D130/><U0/><E131/><V126/><F126/><N who="0" m="48746" /><D23/><N who="3" m="8745" /><G68/><T37/><D37/><U106/><E106/><V39/><F39/><W98/><G47/><T75/><D75/><U64/><E119/><V120/><F120/><W27/><G27/><T40/><AGARI ba="0,0" hai="15,17,21,33,35,40,44,50" m="48746,31817" machi="40" ten="30,2000,0" yaku="18,1,52,1" doraHai="38" who="0" fromWho="0" sc="355,20,134,-5,247,-10,264,-5" />
</Scene>
<Scene>
<INIT seed="3,0,0,1,1,55" ten="375,129,237,259" oya="3" hai0="67,125,75,12,70,26,133,99,43,27,77,59,18" hai1="115,120,5,98,84,4,81,109,38,89,69,111,34" hai2="30,116,108,44,123,16,121,14,62,117,0,85,126" hai3="135,71,24,107,129,49,131,103,128,127,37,48,20"/><W74/><G74/><T102/><D70/><U41/><E69/><V51/><F0/><W33/><G33/><T1/><D1/><U50/><E38/><V66/><F30/><W93/><G37/><T118/><D118/><U36/><E36/><V95/><F126/><W78/><G71/><T39/><D133/><U23/><E34/><V104/><F104/><W42/><G107/><T112/><D112/><U11/><E120/><N who="2" m="46155" /><F108/><N who="1" m="41545" /><E115/><V7/><F7/><W130/><G78/><T79/><D43/><U9/><E23/><N who="2" m="11671" /><F95/><W13/><G135/><T94/><D125/><U61/><E5/><V31/><F85/><W101/><G127/><T58/><D39/><U119/><E119/><V90/><F90/><W21/><G131/><T35/><D35/><U87/><E98/><V91/><F91/><W17/><G93/><T60/><D75/><U76/><E4/><V56/><F31/><N who="3" m="17799" /><G42/><AGARI ba="0,0" hai="42,44,51,56,62,66,116,117" m="11671,46155" machi="42" ten="30,3900,0" yaku="13,1,52,1,54,1" doraHai="55" who="2" fromWho="3" sc="375,0,129,0,237,39,259,-39" />
</Scene>
<Scene>
<INIT seed="4,0,0,4,0,131" ten="375,129,276,220" oya="0" hai0="126,23,8,22,1,128,112,120,38,104,64,29,58" hai1="30,62,59,25,7,85,31,11,95,121,65,106,44" hai2="135,2,4,72,35,114,3,46,57,115,107,116,79" hai3="66,110,90,36,49,105,67,20,17,97,117,5,81"/><T86/><D104/><U16/><E106/><V124/><F4/><W40/><G110/><T93/><D38/><U68/><E121/><V69/><F57/><W34/><G34/><T32/><D64/><U84/><E68/><V63/><F46/><N who="3" m="25799" /><G36/><T12/><D58/><U56/><E44/><V53/><F53/><W119/><G105/><T54/><D54/><U50/><E95/><V127/><F63/><W60/><G119/><T42/><D86/><U99/><E99/><V18/><F18/><W78/><G5/><N who="0" m="1071" /><D93/><U77/><E77/><V73/><F35/><W92/><G60/><T108/><D42/><U26/><E50/><V125/><F107/><W28/><G28/><T70/><D70/><U89/><E89/><V133/><F79/><W43/><G43/><T96/><D12/><U109/><E62/><V80/><F80/><W21/><G117/><T13/><D13/><U102/><E65/><V75/><F116/><W91/><G78/><T19/><D19/><U129/><E16/><V100/><F100/><W52/><G52/><T82/><D82/><U0/><E102/><V41/><F41/><W74/><G74/><T47/><D47/><U9/><E0/><N who="2" m="43" /><F69/><W113/><G17/><T6/><D6/><U118/><E7/><V10/><F10/><W48/><G48/><T51/><D51/><U123/><E118/><V39/><F39/><W111/><G81/><T45/><D45/><U88/><E88/><V101/><F101/><W132/><G91/><T103/><D103/><U76/><E59/><V15/><F15/><W33/><G90/><T61/><D61/><RYUUKYOKU ba="0,0" sc="375,-10,129,-10,276,30,220,-10" hai2="72,73,75,114,115,124,125,127,133,135" />
</Scene>
<Scene>
<INIT seed="5,1,0,3,4,8" ten="365,119,306,210" oya="1" hai0="102,91,130,67,31,34,98,86,115,66,1,72,129" hai1="94,49,17,56,80,51,131,132,70,116,76,0,14" hai2="74,28,114,126,134,79,59,38,44,103,111,48,112" hai3="87,55,78,64,85,124,47,32,106,75,100,50,9"/><U18/><E116/><V37/><F103/><W93/><G32/><T84/><D72/><U82/><E70/><V42/><F28/><W62/><G106/><T54/><D1/><U43/><E0/><V81/><F111/><W88/><G100/><T6/><D6/><U11/><E131/><V122/><F134/><W15/><G75/><T20/><D34/><U25/><E132/><V45/><F126/><W5/><G124/><T128/><D115/><N who="2" m="44074" /><F122/><W23/><G23/><T57/><D20/><N who="1" m="13463" /><E43/><N who="2" m="24639" /><F59/><N who="3" m="36959" /><G78/><T26/><D31/><U24/><E24/><V107/><F107/><W21/><G21/><T105/><D26/><U119/><E119/><V39/><AGARI ba="1,0" hai="37,38,39,42,44,74,79,81" m="24639,44074" machi="39" ten="30,2000,0" yaku="15,1,11,1" doraHai="8" who="2" fromWho="2" sc="365,-6,119,-11,306,23,210,-6" />
</Scene>
<Scene>
<INIT seed="6,0,0,4,1,91" ten="359,108,329,204" oya="2" hai0="60,43,123,53,105,90,56,86,129,67,83,16,8" hai1="63,48,20,33,89,122,87,115,134,81,73,9,93" hai2="75,61,104,70,35,4,100,0,120,12,50,24,74" hai3="23,62,55,2,101,19,38,132,51,65,6,10,31"/><V59/><F120/><W131/><G38/><T32/><D123/><U124/><E33/><V125/><F125/><W118/><G31/><T44/><D32/><U77/><E122/><V34/><F50/><W17/><G118/><T45/><D105/><U106/><E124/><V28/><F12/><W109/><G109/><T82/><D129/><U99/><E115/><V36/><F59/><W97/><G131/><T14/><D82/><U22/><E134/><V85/><F85/><W88/><G132/><T71/><REACH who="0" step="1"/><D43/><REACH who="0" ten="349,108,329,204" step="2"/><U84/><E63/><AGARI ba="0,1" hai="8,14,16,44,45,53,56,60,63,67,71,83,86,90" machi="63" ten="30,7700,0" yaku="1,1,2,1,7,1,54,1,53,0" doraHai="91" doraHaiUra="27" who="0" fromWho="1" sc="349,87,108,-77,329,0,204,0" />
</Scene>
<Scene>
<INIT seed="7,0,0,4,3,68" ten="436,31,329,204" oya="3" hai0="64,108,47,120,41,7,5,113,36,49,15,20,28" hai1="63,51,118,101,126,37,3,90,55,124,74,70,122" hai2="19,119,42,60,116,72,13,87,104,83,39,31,67" hai3="93,0,82,81,100,61,95,48,34,50,89,44,8"/><W105/><G34/><T99/><D108/><U25/><E25/><V2/><F72/><W106/><G0/><T80/><D120/><U54/><E90/><V91/><F104/><W134/><G8/><T16/><D64/><U52/><E101/><V65/><F2/><W9/><G9/><T46/><D28/><U103/><E103/><V107/><F107/><W21/><G134/><T40/><D113/><U135/><E74/><V102/><F67/><W11/><G11/><T45/><D45/><U23/><E23/><V69/><F102/><W109/><G109/><T132/><D132/><U1/><E1/><V73/><F73/><W78/><G61/><T94/><D80/><U98/><E98/><V14/><F31/><W35/><G35/><T111/><D111/><U22/><E22/><V71/><F71/><W86/><G21/><T59/><D59/><U43/><E3/><V129/><F13/><W62/><G62/><T88/><AGARI ba="0,0" hai="5,7,15,16,20,36,40,41,46,47,49,88,94,99" machi="88" ten="20,8000,1" yaku="0,1,7,1,52,1,54,2" doraHai="68" who="0" fromWho="0" sc="436,80,31,-20,329,-20,204,-40" owari="516,62.0,11,-49.0,309,11.0,164,-24.0" />
</Scene>
</mjloggm>