<mjloggm ver="2.3"><GO type="169" lobby="0"/><UN n0="%E3%82%82%E3%82%81%E3%82%93%E3%81%AA%E3%81%A1%E3%82%83%E3%81%84" n1="%64%6F%6F%6F%6F%77%79" n2="%E3%83%90%E3%82%A4%E3%82%A2%E3%83%A9%E3%83%B3" n3="%E3%81%99%E3%81%9A%E3%82%81%E3%82%AF%E3%83%AC%E3%82%A4%E3%82%B8%E3%83%BC" dan="17,16,17,19" rate="2203.11,2101.27,2116.82,2288.33" sx="M,M,M,M"/><TAIKYOKU oya="0"/>

<Scene>
<INIT seed="0,0,0,5,0,124" ten="250,250,250,250" oya="0" hai0="40,90,109,120,32,123,22,89,51,53,45,56,70" hai1="36,0,116,64,101,86,119,112,100,115,131,30,103" hai2="135,41,15,35,110,76,5,117,111,21,79,44,28" hai3="12,80,23,130,39,68,105,128,96,42,74,73,57"/><T108/><D32/><U46/><E0/><V129/><F117/><N who="1" m="45129" /><E30/><V134/><F76/><W93/><G68/><T49/><D22/><U7/><E64/><V11/><F79/><W31/><G105/><T4/><D4/><U10/><E10/><V104/><F104/><W14/><G80/><T29/><D29/><U34/><E7/><V118/><F44/><W102/><G42/><T2/><D2/><U60/><E60/><V65/><F65/><W59/><G39/><T16/><D16/><U33/><E46/><V38/><F38/><W125/><G125/><T133/><D133/><N who="2" m="50698" /><F41/><W106/><G106/><T48/><D90/><U27/><E27/><N who="2" m="18847" /><F118/><W61/><G59/><T67/><D89/><U55/><E55/><V121/><F121/><N who="0" m="46666" /><D48/><U66/><E66/><V69/><F69/><W94/><G94/><T97/><D97/><U91/><E36/><V95/><F95/><W71/><G71/><T58/><D58/><U50/><E50/><V24/><F129/><N who="3" m="49771" /><G31/><AGARI ba="0,0" hai="5,11,15,21,24,31,110,111" m="18847,50698" machi="31" ten="30,3900,0" yaku="20,1,34,2" doraHai="124" who="2" fromWho="3" sc="250,0,250,0,250,39,250,-39" />
</Scene>
<Scene>
<INIT seed="1,0,0,4,1,85" ten="250,250,289,211" oya="1" hai0="9,133,71,30,13,60,39,3,46,79,47,34,51" hai1="27,22,23,38,108,64,112,29,41,118,94,18,14" hai2="62,73,19,66,135,134,33,126,129,59,20,55,43" hai3="54,24,5,8,130,65,1,6,93,90,61,48,86"/><U123/><E112/><V63/><F33/><W87/><G130/><T95/><D3/><U111/><E123/><V32/><F32/><W124/><G124/><T106/><D106/><U82/><E118/><V36/><F73/><W2/><G24/><T17/><D133/><N who="2" m="50698" /><F20/><W52/><G48/><T120/><D120/><U70/><E82/><V68/><F19/><W115/><G115/><T114/><D114/><U113/><E113/><V15/><F15/><W77/><G77/><T7/><D79/><U67/><E41/><V69/><F129/><W74/><G74/><T100/><D39/><U28/><E38/><V84/><F84/><W12/><G87/><T131/><D131/><U53/><E53/><V110/><F110/><N who="1" m="42025" /><E29/><V31/><F31/><W116/><G116/><T96/><D30/><U119/><E119/><V0/><F0/><W122/><G122/><T103/><D34/><U21/><E22/><V91/><F126/><W42/><G42/><T72/><D72/><U40/><E40/><V102/><F43/><W81/><G81/><T101/><D17/><U76/><E76/><V4/><F4/><W97/><G2/><T99/><D7/><U125/><E125/><V56/><F36/><W58/><G5/><T132/><D132/><U78/><E78/><V11/><F11/><W88/><G1/><T92/><D9/><U128/><E128/><V109/><F109/><W45/><G45/><T26/><D47/><U25/><E25/><V49/><F55/><W75/><G75/><T127/><D26/><U35/><E35/><V57/><F66/><N who="1" m="25129" /><E70/><V44/><F68/><RYUUKYOKU ba="0,0" sc="250,-15,250,15,289,-15,211,15" hai1="14,18,21,23,27,28,94" hai3="6,8,12,52,54,58,61,65,86,88,90,93,97" />
</Scene>
<Scene>
<INIT seed="1,1,0,2,3,7" ten="235,265,274,226" oya="1" hai0="2,115,9,103,110,25,90,133,62,135,51,80,85" hai1="88,14,72,113,130,44,43,75,102,93,66,89,68" hai2="132,18,106,22,91,111,1,73,54,48,5,118,79" hai3="10,58,107,16,35,121,134,4,29,31,65,6,57"/><U114/><E102/><V67/><F106/><W49/><G107/><T28/><D115/><U125/><E125/><V50/><F73/><W27/><G121/><T104/><D110/><U69/><E130/><V70/><F79/><W61/><G134/><N who="0" m="51211" /><D62/><U46/><E14/><V74/><F74/><W19/><G31/><T21/><D51/><U33/><E93/><V108/><F50/><W78/><G4/><N who="0" m="1175" /><D104/><U11/><E66/><V60/><F118/><W55/><REACH who="3" step="1"/><G78/><REACH who="3" ten="235,265,274,216" step="2"/><T32/><D32/><U0/><E33/><V101/><F132/><W77/><G77/><T40/><D40/><U112/><E112/><V36/><F111/><W128/><G128/><T94/><D103/><U52/><E43/><V24/><F108/><W23/><G23/><T87/><D80/><U98/><E0/><AGARI ba="1,1" hai="0,6,10,16,19,27,29,35,49,55,57,58,61,65" machi="0" ten="30,7700,0" yaku="1,1,7,1,52,1,54,1,53,0" doraHai="7" doraHaiUra="117" who="3" fromWho="1" sc="235,0,265,-80,274,0,216,90" />
</Scene>
<Scene>
<INIT seed="2,0,0,1,1,105" ten="235,185,274,306" oya="2" hai0="64,16,50,88,100,83,63,70,129,45,24,41,96" hai1="67,110,15,131,8,62,104,116,54,119,0,135,68" hai2="87,33,46,74,122,5,112,48,11,101,126,114,98" hai3="66,89,28,91,18,14,124,95,77,34,43,118,6"/><V108/><F122/><W22/><G124/><T71/><D129/><U13/><E110/><V19/><F33/><W4/><G66/><T92/><D70/><U12/><E131/><V56/><F108/><W132/><G132/><T111/><D111/><U123/><E104/><V39/><F126/><W90/><G77/><T73/><D73/><U25/><E123/><V58/><F74/><W30/><G34/><T125/><D125/><U93/><E135/><V32/><F32/><W81/><G81/><T127/><D127/><U82/><E82/><V23/><F87/><W49/><G95/><T80/><REACH who="0" step="1"/><D100/><REACH who="0" ten="225,185,274,306" step="2"/><U120/><E120/><V86/><F114/><W40/><G118/><T52/><D52/><U44/><E119/><V29/><F112/><W97/><G43/><T130/><D130/><U21/><E116/><V69/><F69/><W65/><G65/><T37/><D37/><U59/><E68/><V72/><F39/><W94/><G40/><T57/><D57/><U128/><E128/><V85/><F72/><W61/><G49/><T38/><D38/><U134/><E134/><V78/><F56/><W60/><G61/><T51/><D51/><U17/><E44/><V1/><F58/><W35/><G60/><T106/><D106/><U133/><E133/><V102/><F102/><N who="3" m="60727" /><G35/><T55/><D55/><U9/><E54/><V107/><F48/><W2/><G2/><T27/><D27/><U31/><E0/><V84/><F46/><W76/><G14/><T103/><D103/><U26/><E15/><N who="2" m="9727" /><F78/><W109/><G76/><T75/><D75/><U99/><E26/><RYUUKYOKU ba="0,1" sc="225,15,185,-15,274,15,306,-15" hai0="16,24,41,45,50,63,64,71,80,83,88,92,96" hai2="1,5,11,29,84,85,86,98,101,107" />
</Scene>
<Scene>
<INIT seed="2,1,1,0,1,90" ten="240,170,289,291" oya="2" hai0="24,10,33,29,32,25,89,113,64,39,22,121,130" hai1="19,61,109,128,129,50,51,111,45,106,85,80,74" hai2="20,103,123,62,40,67,135,42,13,126,14,72,119" hai3="6,100,107,2,76,9,59,26,83,73,115,95,54"/><V23/><F123/><W11/><G115/><T131/><D39/><U86/><E61/><V110/><F72/><W27/><G107/><T117/><D121/><U124/><E124/><V8/><F119/><W105/><G105/><T38/><D38/><U99/><E19/><V60/><F103/><W75/><G75/><T81/><D113/><U47/><E74/><V120/><F120/><W28/><G11/><T52/><D64/><U7/><E7/><V91/><F91/><W122/><G122/><T133/><D133/><U36/><E106/><V88/><F88/><W16/><G16/><T97/><D117/><U71/><E36/><V68/><F8/><W53/><G53/><T108/><D108/><N who="1" m="41547" /><E99/><V98/><F98/><W58/><G58/><T35/><D10/><U37/><E37/><V63/><F110/><W79/><G76/><T4/><D4/><U78/><E71/><V17/><F63/><W3/><G3/><T0/><D0/><U112/><E112/><V21/><F62/><W87/><G28/><T134/><D134/><U48/><E80/><V15/><F135/><W5/><G5/><T93/><D81/><U34/><E78/><V116/><F17/><W31/><G31/><T57/><REACH who="0" step="1"/><D25/><REACH who="0" ten="230,170,289,291" step="2"/><U101/><E129/><V56/><F116/><W114/><G114/><T12/><D12/><U92/><E128/><V84/><F68/><W41/><G26/><T70/><D70/><U66/><E66/><V1/><F1/><W118/><G27/><T18/><D18/><U43/><E45/><V44/><F44/><W30/><G118/><T125/><D125/><RYUUKYOKU ba="1,2" sc="230,30,170,-10,289,-10,291,-10" hai0="22,24,29,32,33,35,52,57,89,93,97,130,131" />
</Scene>
<Scene>
<INIT seed="3,2,2,0,1,65" ten="260,160,279,281" oya="3" hai0="83,109,57,128,120,45,55,69,93,107,124,49,80" hai1="77,56,92,15,102,86,32,20,126,85,95,35,88" hai2="30,58,118,21,42,113,117,12,27,74,3,39,87" hai3="119,19,63,122,17,38,70,54,50,135,99,78,108"/><W91/><G122/><T52/><D107/><U61/><E126/><V60/><F74/><W36/><G119/><T8/><D120/><U111/><E111/><V68/><F3/><W43/><G78/><T72/><D124/><U101/><E35/><V40/><F113/><W94/><G108/><T7/><D109/><U129/><E32/><V48/><F68/><W66/><G135/><T18/><D69/><U130/><E15/><V4/><F39/><W127/><G127/><T115/><D128/><N who="1" m="49259" /><E20/><V46/><F42/><W105/><G105/><T37/><D115/><U116/><E116/><V76/><F58/><N who="3" m="33111" /><G38/><T97/><D18/><U81/><E56/><V2/><F60/><W53/><G53/><T84/><D72/><N who="1" m="43175" /><E61/><V100/><F2/><W51/><G51/><T62/><D37/><U14/><E14/><V121/><F121/><W1/><G1/><T134/><D134/><U90/><AGARI ba="2,2" hai="85,86,88,90,92,95,101,102" m="43175,49259" machi="90" ten="30,7900,0" yaku="19,1,34,2,54,1" doraHai="65" who="1" fromWho="1" sc="260,-22,160,105,279,-22,281,-41" />
</Scene>
<Scene>
<INIT seed="4,0,0,0,4,114" ten="238,265,257,240" oya="0" hai0="5,61,64,16,26,28,107,105,88,129,78,45,122" hai1="27,58,39,71,90,73,9,62,77,56,44,101,68" hai2="32,55,15,97,85,133,38,86,14,1,95,51,3" hai3="98,110,80,48,74,125,83,104,57,23,24,115,54"/><T6/><D122/><U19/><E101/><V33/><F38/><W102/><G110/><T52/><D129/><U22/><E77/><V31/><F31/><W43/><G115/><T117/><D117/><U12/><E73/><V13/><F133/><W35/><G35/><T94/><D78/><U91/><E71/><V128/><F32/><W69/><G69/><T113/><D113/><U63/><E68/><V92/><F33/><W96/><G74/><T75/><D75/><U131/><E131/><V60/><F60/><W72/><G72/><T89/><D89/><U20/><E44/><V123/><F123/><W81/><G125/><T10/><D28/><U29/><E39/><V18/><F18/><W67/><G43/><T53/><D64/><U103/><E103/><V111/><F111/><W7/><G7/><T112/><D112/><U116/><E22/><V76/><F76/><W36/><G36/><T47/><D107/><U34/><E116/><V135/><F135/><W84/><G98/><N who="0" m="57671" /><D105/><U109/><E109/><V79/><F79/><W100/><G67/><T121/><D121/><U124/><E124/><V30/><F30/><W82/><G96/><T132/><D132/><U2/><E58/><N who="2" m="33151" /><F97/><W4/><G104/><T0/><D5/><N who="1" m="1207" /><E63/><V119/><F128/><W99/><G4/><T130/><D130/><U40/><E40/><V59/><F119/><W25/><G99/><T42/><D61/><U106/><E106/><V8/><F1/><W37/><G37/><N who="0" m="21711" /><D47/><U120/><E120/><V17/><F59/><W93/><N who="3" m="20480" /><DORA hai="108" /><W126/><G57/><T41/><D41/><RYUUKYOKU ba="0,0" sc="238,15,265,15,257,-15,240,-15" hai0="0,6,10,16,26,52,53" hai1="12,19,20,27,29,34,56,62,90,91" />
</Scene>
<Scene>
<INIT seed="4,1,0,2,5,31" ten="253,280,242,225" oya="0" hai0="46,62,94,32,61,13,54,40,87,112,123,132,28" hai1="126,35,2,27,63,129,100,34,43,4,117,48,33" hai2="111,15,0,115,86,29,122,57,113,47,41,98,105" hai3="9,42,53,55,133,50,66,60,1,79,3,72,95"/><T119/><D123/><U85/><E117/><V116/><F122/><W114/><G114/><T82/><D119/><U120/><E120/><V108/><F116/><W25/><G133/><T70/><D132/><U84/><E126/><V19/><F0/><W67/><G42/><T59/><D112/><N who="2" m="43082" /><F29/><W75/><G79/><T88/><D13/><U56/><E129/><V97/><F86/><W109/><G50/><T11/><D11/><U36/><E36/><N who="2" m="21927" /><F57/><W74/><G109/><N who="2" m="42057" /><F105/><W16/><G95/><T118/><D118/><U37/><E37/><V90/><F90/><W21/><G67/><T6/><D6/><U38/><E38/><V64/><F64/><W45/><G45/><T49/><D70/><U125/><E100/><V81/><F81/><W124/><G124/><T134/><D134/><U77/><E125/><V17/><F17/><W73/><N who="3" m="18432" /><DORA hai="65" /><W106/><G106/><T102/><D102/><U20/><E77/><V68/><F68/><W39/><G39/><T52/><D94/><U30/><E4/><V76/><F76/><W96/><G1/><T135/><D135/><U24/><E2/><V14/><F14/><W128/><G128/><T107/><D107/><U5/><E5/><V26/><F26/><W91/><G3/><T130/><D130/><U93/><E93/><V103/><F103/><W80/><G80/><T83/><D83/><U22/><E48/><V101/><F101/><W131/><G131/><T10/><D62/><U7/><E7/><V58/><F58/><W12/><G60/><T99/><D61/><U69/><E63/><V104/><F104/><RYUUKYOKU ba="1,0" sc="253,-10,280,-10,242,30,225,-10" hai2="15,19,97,98" />
</Scene>
<Scene>
<INIT seed="5,2,0,5,2,118" ten="243,270,272,215" oya="1" hai0="44,57,88,120,20,121,127,17,75,122,73,26,78" hai1="95,35,51,85,84,103,50,90,11,0,47,91,80" hai2="5,34,128,111,93,129,37,16,116,46,22,106,9" hai3="133,13,45,1,76,18,65,56,126,53,83,82,14"/><U52/><E35/><V61/><F106/><W6/><G1/><T134/><D134/><U59/><E11/><V8/><F111/><W67/><G133/><T63/><D127/><U77/><E0/><V96/><F34/><W54/><G126/><T114/><D114/><U70/><E70/><V131/><F116/><W30/><G30/><T7/><D7/><U119/><E119/><V39/><F61/><W72/><G6/><T125/><D125/><U24/><E24/><N who="2" m="14407" /><F46/><W21/><G14/><T101/><D101/><U109/><E109/><V97/><F97/><W3/><G3/><T40/><D88/><N who="1" m="53647" /><E103/><N who="2" m="60815" /><F9/><W43/><G82/><T132/><D78/><U25/><E25/><V23/><F23/><W42/><G45/><T104/><D104/><U124/><E124/><V108/><F108/><W94/><G94/><T92/><D92/><U99/><E99/><V66/><F66/><W58/><G67/><N who="0" m="39407" /><D132/><U27/><E27/><V100/><F100/><W117/><G65/><T41/><D41/><AGARI ba="2,0" hai="41,47,50,51,52,59,77,80,84,90,91" m="53647" machi="41" ten="30,5800,0" yaku="8,1,54,2" doraHai="118" who="1" fromWho="0" sc="243,-64,270,64,272,0,215,0" />
</Scene>
<Scene>
<INIT seed="5,3,0,0,0,43" ten="179,334,272,215" oya="1" hai0="39,66,132,94,13,112,30,133,82,134,131,102,127" hai1="120,118,61,0,119,113,21,79,51,74,4,40,19" hai2="3,36,69,27,101,33,116,93,47,91,10,2,125" hai3="5,24,89,14,57,12,17,114,84,65,123,18,81"/><U117/><E120/><V78/><F69/><W60/><G114/><T46/><D112/><U76/><E113/><V55/><F101/><W52/><G123/><T110/><D110/><U104/><E104/><V1/><F78/><W122/><G122/><T37/><D131/><U64/><E74/><V95/><F125/><W103/><G103/><T44/><D127/><U41/><E4/><V28/><F95/><W92/><G5/><T100/><D30/><U108/><E0/><V73/><F73/><W105/><G105/><T97/><D102/><U6/><E6/><V34/><F10/><W49/><G92/><T38/><D66/><U87/><E108/><V29/><F116/><W107/><G107/><T23/><D82/><U58/><E87/><V20/><F29/><W45/><G18/><AGARI ba="3,0" hai="13,18,23,37,38,39,44,46,94,97,100,132,133,134" machi="18" ten="50,6400,0" yaku="20,1,52,2" doraHai="43" who="0" fromWho="3" sc="179,73,334,0,272,0,215,-73" />
</Scene>
<Scene>
<INIT seed="6,0,0,1,4,18" ten="252,334,272,142" oya="2" hai0="113,24,43,46,73,1,4,91,54,98,92,128,115" hai1="25,64,121,114,42,75,77,78,101,99,47,129,116" hai2="14,11,45,17,106,53,119,60,88,2,7,110,76" hai3="117,36,61,85,38,122,102,57,10,123,95,94,81"/><V34/><F106/><W28/><G117/><T19/><D73/><U22/><E116/><V30/><F76/><W70/><G70/><T27/><D128/><U134/><E121/><V21/><F119/><W107/><G107/><T35/><D54/><U6/><E129/><V120/><F120/><W59/><G28/><T131/><D131/><U126/><E126/><V50/><F110/><W8/><G85/><T127/><D127/><U86/><E75/><V124/><F124/><W79/><G79/><T105/><D105/><U84/><E6/><V133/><F133/><W112/><G112/><N who="0" m="43083" /><D35/><U41/><E64/><V26/><F60/><W69/><G69/><T39/><D19/><U12/><E12/><V108/><F108/><W37/><G61/><T90/><D90/><AGARI ba="0,0" hai="2,7,11,14,17,21,26,30,34,45,50,53,88,90" machi="90" ten="40,12000,1" yaku="24,2,52,1,54,1" doraHai="18" who="2" fromWho="0" sc="252,-120,334,0,272,120,142,0" />
</Scene>
<Scene>
<INIT seed="6,1,0,3,4,121" ten="132,334,392,142" oya="2" hai0="31,104,130,35,77,75,27,30,122,57,12,34,111" hai1="19,58,64,69,62,103,70,14,123,46,9,134,93" hai2="115,16,132,54,5,40,45,10,82,84,47,91,25" hai3="74,79,117,100,8,88,127,119,51,125,4,86,94"/><V21/><F132/><W106/><G8/><T55/><D122/><U53/><E123/><V105/><F105/><W2/><G4/><T41/><D104/><U97/><E134/><V76/><F115/><W87/><G87/><T113/><D113/><U118/><E118/><N who="3" m="45066" /><G2/><T92/><D111/><U112/><E112/><V72/><F54/><W18/><G18/><T28/><D130/><U129/><E129/><V22/><F22/><W23/><G23/><T63/><D41/><U101/><E46/><V96/><F96/><N who="3" m="61703" /><G51/><T73/><D92/><U13/><E103/><V60/><F60/><W126/><G79/><T7/><D77/><U33/><E33/><V17/><F17/><W59/><G59/><T114/><D114/><U135/><E135/><V80/><REACH who="2" step="1"/><F40/><REACH who="2" ten="132,334,382,142" step="2"/><W24/><G24/><T90/><D27/><U48/><E70/><V89/><F89/><W50/><G126/><T98/><D35/><U1/><REACH who="1" step="1"/><E19/><REACH who="1" ten="132,324,382,142" step="2"/><V26/><F26/><W110/><G127/><T44/><D34/><U32/><E32/><V99/><F99/><W131/><G131/><T65/><D98/><U6/><AGARI ba="1,2" hai="1,6,9,13,14,48,53,58,62,64,69,93,97,101" machi="6" ten="30,2000,0" yaku="1,1,0,1,53,0" doraHai="121" doraHaiUra="43" who="1" fromWho="1" sc="132,-6,324,43,382,-11,142,-6" />
</Scene>
<Scene>
<INIT seed="7,0,0,4,2,60" ten="126,367,371,136" oya="3" hai0="98,16,109,2,94,53,68,33,70,57,79,10,92" hai1="55,90,93,26,63,124,118,127,121,18,120,116,7" hai2="85,113,25,96,28,24,46,58,5,64,9,23,37" hai3="111,88,82,74,119,61,52,13,42,69,8,83,45"/><W27/><G119/><N who="1" m="45610" /><E7/><V102/><F113/><W17/><G74/><T6/><D109/><U44/><E18/><V67/><F25/><W47/><G111/><T36/><D36/><U84/><E26/><V129/><F129/><W81/><G69/><T30/><D79/><U4/><E4/><V133/><F133/><W62/><G27/><T101/><D30/><U48/><E63/><N who="3" m="24074" /><G42/><T123/><D33/><U41/><E41/><V89/><F58/><W75/><G75/><T73/><D73/><U21/><E21/><V0/><F46/><N who="3" m="17419" /><G52/><T35/><D123/><AGARI ba="0,0" hai="44,48,55,84,90,93,120,121,123,124,127" m="45610" machi="123" ten="30,1000,0" yaku="12,1" doraHai="60" who="1" fromWho="0" sc="126,-10,367,10,371,0,136,0" owari="116,-38.0,377,47.0,371,17.0,136,-26.0" />
</Scene>
</mjloggm>