<mjloggm ver="2.3"><GO type="169" lobby="0"/><UN n0="%E3%81%99%E3%81%9A%E3%82%81%E3%82%AF%E3%83%AC%E3%82%A4%E3%82%B8%E3%83%BC" n1="%E3%83%87%E3%83%87%E3%82%AD%E3%83%B3%E3%83%88" n2="%E3%81%8B%E3%81%BC%E3%81%A1%E3%82%83%E3%81%B1%E3%82%93%E3%81%A4" n3="%E4%B8%A6%E3%81%BF%E3%81%AE%E7%AB%9C" dan="19,18,16,17" rate="2285.78,2200.50,2048.92,2209.33" sx="M,M,F,M"/><TAIKYOKU oya="0"/>

<Scene>
<INIT seed="0,0,0,3,3,42" ten="250,250,250,250" oya="0" hai0="84,86,67,91,107,7,49,110,1,134,33,94,41" hai1="19,53,121,16,56,8,57,54,113,65,105,88,39" hai2="79,72,81,14,85,87,60,76,117,21,59,12,106" hai3="92,22,127,89,126,44,130,43,101,74,120,75,51"/><T116/><D116/><U35/><E121/><V118/><F106/><W135/><G120/><T70/><D33/><U52/><E35/><V38/><F38/><W34/><G34/><T32/><D32/><U55/><E113/><V18/><F14/><W0/><G0/><T98/><D134/><U68/><E105/><V37/><F37/><W71/><G71/><T122/><D122/><U111/><E111/><V80/><REACH who="2" step="1"/><F72/><REACH who="2" ten="250,250,240,250" step="2"/><W73/><G135/><T25/><D107/><U104/><E104/><V129/><F129/><W108/><G108/><T13/><D110/><U36/><E36/><V48/><F48/><W40/><G130/><T90/><D1/><U128/><E39/><V125/><F125/><W50/><G126/><T93/><D13/><N who="1" m="7207" /><E128/><V28/><F28/><W77/><G127/><T45/><D25/><U47/><E68/><V46/><F46/><W102/><G51/><T58/><D70/><U9/><E47/><V2/><F2/><W4/><G44/><T63/><REACH who="0" step="1"/><D7/><REACH who="0" ten="240,250,240,250" step="2"/><U5/><E5/><V24/><F24/><W103/><G4/><T20/><D20/><U78/><E57/><V61/><F61/><W131/><G22/><T69/><D69/><U115/><E56/><V3/><F3/><W6/><G6/><T123/><D123/><U100/><E115/><V64/><AGARI ba="0,2" hai="12,18,21,59,60,64,76,79,80,81,85,87,117,118" machi="64" ten="30,4000,0" yaku="1,1,0,1,9,1,53,0" doraHai="42" doraHaiUra="27" who="2" fromWho="2" sc="240,-20,250,-10,240,60,250,-10" />
</Scene>
<Scene>
<INIT seed="1,0,0,1,2,101" ten="220,240,300,240" oya="1" hai0="28,4,14,131,7,133,115,119,2,45,110,93,57" hai1="128,95,81,73,135,72,74,25,8,111,54,34,65" hai2="105,113,20,9,103,102,0,71,76,46,41,40,107" hai3="55,124,60,121,38,51,106,43,86,127,87,23,59"/><U36/><E128/><V66/><F20/><W33/><G33/><T44/><D115/><U90/><E135/><V134/><F134/><W75/><G121/><T114/><D114/><U5/><E36/><V32/><F113/><W13/><G75/><T88/><D119/><U100/><E111/><V97/><F76/><W22/><G38/><T67/><D2/><U62/><E54/><V16/><F32/><W104/><G86/><T39/><D39/><U123/><E123/><V98/><F46/><N who="0" m="18026" /><D28/><U78/><E100/><V42/><F66/><N who="3" m="39199" /><G43/><T120/><D110/><U49/><E49/><V99/><F99/><W108/><G108/><T126/><D126/><N who="3" m="48169" /><G87/><T125/><D131/><U21/><E34/><V11/><F71/><W29/><G13/><T132/><D125/><U129/><E129/><V50/><F0/><W116/><G116/><T94/><D120/><U63/><E78/><V91/><F91/><W89/><G89/><T56/><D14/><U64/><E81/><V96/><F96/><W68/><G68/><T24/><D67/><U30/><E90/><V48/><F42/><W35/><G35/><T15/><D15/><N who="1" m="5519" /><E95/><N who="0" m="36361" /><D88/><U26/><E26/><V112/><F112/><W37/><G37/><T12/><D24/><U31/><E31/><V122/><F122/><W61/><G29/><T117/><D117/><U3/><E3/><V109/><F109/><W82/><G82/><T1/><D1/><U19/><E30/><V79/><F79/><W118/><G118/><T85/><D12/><U47/><E47/><V69/><F69/><W17/><G55/><T83/><D133/><RYUUKYOKU ba="0,0" sc="220,-15,240,15,300,15,240,-15" hai1="19,21,25,62,63,64,65,72,73,74" hai2="9,11,16,40,41,48,50,97,98,102,103,105,107" />
</Scene>
<Scene>
<INIT seed="1,1,0,0,0,111" ten="205,255,315,225" oya="1" hai0="107,86,88,68,27,57,60,37,129,18,39,2,95" hai1="24,118,101,126,100,35,10,17,84,110,97,42,81" hai2="20,47,22,43,104,14,78,114,127,87,124,64,77" hai3="82,40,49,59,36,46,21,102,112,16,120,123,74"/><U44/><E118/><V51/><F104/><W75/><G102/><T131/><D2/><U90/><E110/><V45/><F64/><W83/><G83/><T130/><D68/><U11/><E126/><N who="2" m="48171" /><F14/><W4/><G4/><T91/><D107/><U1/><E1/><V65/><F65/><W9/><G9/><T73/><D73/><U93/><E101/><V31/><F31/><W34/><G34/><T32/><D91/><U135/><E135/><V56/><F56/><W62/><G74/><T109/><D109/><U38/><REACH who="1" step="1"/><E17/><REACH who="1" ten="205,245,315,225" step="2"/><V58/><F58/><W66/><G120/><T132/><D132/><U72/><E72/><V116/><F116/><W70/><G123/><T28/><REACH who="0" step="1"/><D18/><REACH who="0" ten="195,245,315,225" step="2"/><U92/><E92/><V108/><F108/><W76/><G16/><T53/><AGARI ba="1,2" hai="27,28,32,37,39,53,57,60,86,88,95,129,130,131" machi="53" ten="30,8000,1" yaku="1,1,2,1,0,1,19,1,54,1,53,0" doraHai="111" doraHaiUra="106" who="0" fromWho="0" sc="195,103,245,-41,315,-21,225,-21" />
</Scene>
<Scene>
<INIT seed="2,0,0,5,2,60" ten="298,204,294,204" oya="2" hai0="58,26,99,6,134,61,28,20,48,19,36,100,94" hai1="118,7,93,82,68,128,27,71,98,17,129,4,86" hai2="77,54,97,107,66,9,57,65,78,59,105,87,131" hai3="90,14,114,117,51,96,101,111,43,8,95,127,31"/><V24/><F131/><N who="1" m="50249" /><E118/><V2/><F2/><W88/><G111/><T126/><D134/><U30/><E17/><V72/><F72/><W121/><G121/><T11/><D36/><U13/><E13/><V53/><F9/><W112/><G117/><T102/><D126/><U132/><E132/><V116/><F24/><W12/><G127/><T22/><D48/><U67/><E67/><V46/><F46/><N who="3" m="26079" /><G31/><T63/><D102/><N who="1" m="60751" /><E71/><V29/><F29/><W52/><G14/><N who="0" m="5495" /><D58/><U41/><E41/><V120/><F116/><W113/><G52/><T37/><D37/><U73/><E68/><V91/><F120/><W10/><G10/><T21/><D21/><N who="1" m="15727" /><E73/><V130/><F130/><W42/><G42/><T89/><D100/><U92/><E92/><V23/><F23/><W1/><G1/><T80/><D80/><U123/><E123/><V64/><F105/><W103/><G103/><T33/><D33/><U110/><E110/><V106/><F107/><W16/><AGARI ba="0,0" hai="8,12,16,88,90,95,96,101,112,113,114" m="26079" machi="16" ten="30,4000,0" yaku="11,1,54,2" doraHai="60" who="3" fromWho="3" sc="298,-10,204,-10,294,-20,204,40" />
</Scene>
<Scene>
<INIT seed="3,0,0,3,1,101" ten="288,194,274,244" oya="3" hai0="42,63,82,130,1,47,60,97,14,57,61,129,102" hai1="6,116,119,69,44,37,5,98,123,53,46,21,95" hai2="51,45,87,105,2,41,75,59,84,114,86,113,126" hai3="48,29,26,64,28,74,16,135,39,78,80,104,68"/><W62/><G135/><T35/><D1/><U25/><E123/><V96/><F75/><W121/><G121/><T93/><D35/><U32/><E32/><V0/><F126/><W100/><G48/><T106/><D82/><U8/><E69/><V79/><F79/><W56/><G56/><T36/><D14/><U19/><E37/><V112/><REACH who="2" step="1"/><F59/><REACH who="2" ten="288,194,264,244" step="2"/><W133/><G133/><T118/><D118/><U73/><E116/><V88/><F88/><W67/><G67/><T85/><D57/><U38/><E73/><V115/><N who="2" m="28672" /><DORA hai="111" /><V10/><F10/><W50/><G78/><T108/><D108/><U40/><E8/><V11/><F11/><W3/><G74/><T76/><D76/><U72/><E72/><V124/><F124/><W122/><G122/><T13/><D129/><U15/><E119/><V33/><F33/><W110/><G110/><T7/><D130/><U23/><E46/><V65/><F65/><W92/><G64/><T43/><D47/><U94/><E44/><V99/><F99/><W127/><G127/><T71/><D97/><U91/><E98/><V34/><F34/><W55/><G68/><T117/><D117/><U109/><E91/><V18/><F18/><W22/><G16/><T70/><D70/><U103/><E109/><V132/><F132/><W66/><G66/><T134/><D71/><U58/><E19/><V27/><F27/><W77/><G26/><T31/><D134/><U125/><E25/><V24/><F24/><W128/><G77/><T12/><D85/><U9/><E125/><V81/><F81/><W90/><G128/><RYUUKYOKU ba="0,1" sc="288,-10,194,-10,264,30,244,-10" hai2="0,2,41,45,51,84,86,87,96,105" />
</Scene>
<Scene>
<INIT seed="4,1,1,3,5,108" ten="278,184,294,234" oya="0" hai0="114,4,80,73,122,34,132,7,131,23,1,123,60" hai1="8,57,58,55,47,72,86,22,112,24,54,125,6" hai2="46,127,133,25,89,36,111,120,44,30,59,17,81" hai3="126,49,13,115,87,66,130,51,98,64,71,102,40"/><T43/><D34/><U41/><E72/><V32/><F111/><W95/><G130/><T75/><D131/><U42/><E125/><V11/><F127/><W121/><G126/><T128/><D128/><U117/><E117/><V129/><F129/><W35/><G35/><T69/><D43/><U105/><E105/><V20/><F120/><W45/><G121/><T104/><D104/><U18/><E86/><V12/><F36/><W82/><G71/><T67/><D23/><U134/><E134/><V38/><F38/><W77/><G115/><T68/><D132/><U78/><E78/><V16/><F59/><W37/><G37/><T96/><D96/><U5/><E112/><V85/><REACH who="2" step="1"/><F133/><REACH who="2" ten="278,184,284,234" step="2"/><W88/><G51/><T65/><D60/><U106/><E58/><V110/><F110/><W84/><REACH who="3" step="1"/><G13/><AGARI ba="1,2" hai="11,12,13,16,17,20,25,30,32,44,46,81,85,89" machi="13" ten="30,3900,0" yaku="1,1,7,1,54,1,53,0" doraHai="108" doraHaiUra="52" who="2" fromWho="3" sc="278,0,184,0,284,62,234,-42" />
</Scene>
<Scene>
<INIT seed="5,0,0,2,4,67" ten="278,184,346,192" oya="1" hai0="36,108,82,33,110,92,52,42,118,103,53,56,60" hai1="5,31,35,4,51,86,2,96,8,97,54,0,129" hai2="93,112,131,73,68,101,88,22,90,39,122,7,41" hai3="95,16,45,75,135,24,29,114,121,124,37,125,70"/><U59/><E129/><V99/><F131/><W30/><G121/><T126/><D33/><U107/><E107/><V1/><F68/><W55/><G75/><T91/><D118/><U17/><E17/><V63/><F63/><W47/><G114/><T119/><D126/><N who="3" m="48745" /><G135/><T76/><D103/><U113/><E113/><V14/><F73/><W38/><G95/><T27/><D27/><U134/><E134/><V78/><F78/><W57/><G47/><T69/><D53/><U104/><E104/><V127/><F122/><W26/><G45/><T48/><D119/><U116/><E116/><V65/><F112/><W18/><G70/><T13/><D13/><U43/><E43/><V117/><F41/><W44/><G44/><N who="0" m="23623" /><D82/><U84/><E35/><V111/><F117/><W61/><G26/><T21/><D21/><U25/><E25/><V34/><F22/><W130/><G130/><T89/><D76/><U66/><E66/><V77/><F65/><W62/><G62/><T85/><D91/><U94/><E31/><N who="3" m="11786" /><G24/><T9/><D9/><U79/><E79/><V49/><F77/><W40/><G40/><T102/><D102/><U87/><REACH who="1" step="1"/><E94/><REACH who="1" ten="278,174,346,192" step="2"/><V98/><F93/><W3/><G38/><T100/><D92/><U11/><AGARI ba="0,1" hai="0,2,4,5,8,11,51,54,59,84,86,87,96,97" machi="11" ten="30,11700,0" yaku="1,1,2,1,0,1,9,1,53,0" doraHai="67" doraHaiUra="72" who="1" fromWho="1" sc="278,-39,174,127,346,-39,192,-39" />
</Scene>
<Scene>
<INIT seed="5,1,0,2,4,46" ten="239,301,307,153" oya="1" hai0="126,61,106,15,2,56,71,59,7,130,51,125,52" hai1="42,8,119,35,64,5,38,123,22,100,76,111,21" hai2="95,133,75,48,30,32,116,49,104,39,108,69,31" hai3="34,70,105,4,20,118,57,121,85,6,120,68,74"/><U55/><E35/><V28/><F32/><W23/><G34/><T10/><D106/><U98/><E119/><V40/><F104/><W67/><G74/><T127/><D130/><U122/><E64/><V53/><F116/><W134/><G118/><T91/><D71/><U26/><E111/><V78/><F69/><W81/><G105/><T29/><D29/><U101/><E76/><V82/><F108/><W66/><G85/><T80/><D91/><U54/><E38/><V24/><F24/><W93/><G93/><T65/><D80/><U18/><E42/><V109/><F109/><W113/><G57/><T47/><D59/><U79/><E79/><V36/><F95/><W89/><G89/><T117/><D117/><U84/><E84/><V90/><F90/><W110/><G110/><T77/><D77/><U132/><E132/><V124/><F133/><W103/><G134/><T102/><D102/><U13/><E22/><V25/><F25/><W3/><G3/><AGARI ba="1,0" hai="2,3,7,10,15,47,51,52,56,61,65,125,126,127" machi="3" ten="40,5200,0" yaku="18,1,52,1,54,1" doraHai="46" who="0" fromWho="3" sc="239,55,301,0,307,0,153,-55" />
</Scene>
<Scene>
<INIT seed="6,0,0,4,1,20" ten="294,301,307,98" oya="2" hai0="51,103,10,3,75,91,48,28,129,57,123,69,98" hai1="133,61,56,8,9,53,58,86,11,115,68,97,42" hai2="14,2,66,60,27,16,50,29,34,87,79,24,82" hai3="117,71,88,72,109,112,43,102,54,120,111,116,77"/><V130/><F130/><W99/><G71/><T35/><D123/><U85/><E115/><V47/><F2/><W25/><G43/><T135/><D75/><U107/><E133/><V83/><F83/><W78/><G54/><T13/><D69/><U46/><E68/><V134/><F134/><W106/><G25/><T6/><D129/><U92/><E107/><V18/><F27/><W119/><G120/><T1/><D91/><U93/><E58/><V125/><F125/><W96/><G112/><T70/><D70/><U22/><E22/><V95/><F95/><W89/><G72/><T127/><D127/><U5/><E5/><V7/><F7/><W104/><REACH who="3" step="1"/><G119/><REACH who="3" ten="294,301,307,88" step="2"/><T110/><D35/><U76/><E42/><V12/><F34/><W52/><G52/><T23/><D135/><U65/><E53/><V55/><F55/><W32/><G32/><T64/><D57/><U122/><E122/><V4/><F24/><W108/><G108/><T41/><D110/><U131/><E131/><V33/><F33/><W59/><G59/><T132/><D132/><U45/><E45/><V80/><F47/><W121/><G121/><T101/><D64/><U38/><E46/><V105/><F66/><W30/><G30/><T0/><D41/><U19/><E65/><V100/><F29/><W67/><G67/><T74/><D74/><U114/><E56/><V90/><F60/><W40/><G40/><T49/><D28/><U15/><E61/><V39/><F50/><W94/><G94/><N who="0" m="58583" /><D49/><U37/><E114/><V26/><F26/><W31/><G31/><T63/><D63/><RYUUKYOKU ba="0,1" sc="294,-10,301,-10,307,-10,88,30" hai3="77,78,88,89,96,99,102,104,106,109,111,116,117" />
</Scene>
<Scene>
<INIT seed="7,1,1,3,1,66" ten="284,291,297,118" oya="3" hai0="75,118,69,35,38,20,126,106,17,77,47,82,5" hai1="62,117,132,97,56,112,41,86,53,16,105,131,120" hai2="104,110,22,29,34,127,7,26,101,23,111,96,48" hai3="71,39,125,65,44,95,87,18,121,40,100,37,133"/><W93/><G121/><T109/><D118/><U81/><E120/><V108/><F127/><W24/><G125/><T14/><D126/><U68/><E117/><V6/><REACH who="2" step="1"/><F48/><REACH who="2" ten="284,291,287,118" step="2"/><W25/><G39/><T114/><D109/><U64/><E112/><V43/><F43/><W115/><G115/><T70/><D114/><U57/><E41/><V83/><F83/><W0/><G133/><T84/><D35/><U73/><E81/><V74/><F74/><W42/><G42/><T3/><D106/><U45/><E73/><V58/><F58/><W99/><G0/><T59/><D59/><U49/><E57/><V91/><F91/><W27/><G18/><T8/><D84/><U76/><E86/><V36/><F36/><W113/><G113/><T54/><D54/><U33/><E53/><V19/><F19/><W61/><REACH who="3" step="1"/><G87/><REACH who="3" ten="284,291,287,108" step="2"/><T90/><D38/><U9/><E16/><V85/><F85/><W134/><G134/><T67/><D75/><U80/><E132/><V50/><F50/><W12/><G12/><T135/><D135/><U63/><E49/><V1/><F1/><W60/><G60/><T88/><D3/><U79/><E63/><V15/><F15/><W30/><G30/><T31/><D31/><U92/><E62/><V46/><F46/><W51/><G51/><T28/><D47/><U124/><E45/><V130/><F130/><W98/><G98/><T119/><D28/><U129/><E97/><V2/><F2/><W11/><G11/><T21/><D8/><U10/><E10/><V55/><F55/><W128/><G128/><T122/><D17/><RYUUKYOKU ba="1,3" sc="284,-15,291,-15,287,15,108,15" hai2="6,7,22,23,26,29,34,96,101,104,108,110,111" hai3="24,25,27,37,40,44,61,65,71,93,95,99,100" />
</Scene>
<Scene>
<INIT seed="7,2,3,5,5,29" ten="269,276,302,123" oya="3" hai0="32,133,105,6,89,130,31,16,96,88,131,64,94" hai1="83,51,81,60,9,120,0,127,101,107,91,103,52" hai2="3,28,111,65,125,26,72,121,14,25,46,100,59" hai3="117,35,90,1,41,73,114,76,104,80,69,135,68"/><W85/><G117/><T39/><D39/><U110/><E110/><V48/><F3/><W22/><G114/><T40/><D40/><U12/><E120/><V74/><F121/><W4/><G135/><T13/><D133/><U102/><E127/><V15/><F111/><W50/><G104/><T54/><D6/><N who="1" m="3127" /><E0/><V19/><F100/><W126/><G126/><T8/><D64/><U37/><E37/><V122/><F122/><W93/><G35/><T57/><D105/><U27/><E107/><V124/><F124/><W30/><G1/><T79/><D79/><U34/><E34/><V55/><F125/><W18/><G4/><T33/><D31/><U113/><E113/><V47/><F28/><W118/><G30/><T78/><D78/><U58/><E27/><V17/><F26/><W44/><REACH who="3" step="1"/><G118/><REACH who="3" ten="269,276,302,113" step="2"/><T45/><D32/><U71/><E71/><V70/><F70/><W36/><G36/><T20/><D33/><U21/><E21/><V11/><F11/><W97/><G97/><T63/><D8/><U112/><E112/><V61/><F17/><W82/><G82/><T23/><D23/><U53/><E83/><V87/><F19/><W62/><G62/><T43/><D131/><U5/><E81/><V109/><F109/><W56/><G56/><T2/><D130/><U99/><E5/><V115/><F115/><W128/><G128/><T75/><D2/><U95/><E60/><V92/><F61/><W106/><G106/><T67/><D63/><U86/><E99/><V7/><F7/><W98/><G98/><T134/><D134/><U38/><E38/><RYUUKYOKU ba="2,4" sc="269,-15,276,15,302,-15,113,15" hai1="51,52,53,58,86,91,95,101,102,103" hai3="18,22,41,44,50,68,69,73,76,80,85,90,93" />
</Scene>
<Scene>
<INIT seed="7,3,4,5,4,21" ten="254,291,287,128" oya="3" hai0="68,135,0,8,91,129,63,72,130,97,27,23,44" hai1="36,43,12,116,74,38,101,110,73,128,121,37,4" hai2="133,111,127,108,107,114,75,2,57,109,29,52,77" hai3="46,118,104,119,120,17,40,94,67,30,131,98,81"/><W85/><G120/><T89/><D135/><U82/><E110/><V64/><F107/><W83/><G104/><T60/><D72/><U84/><E121/><V65/><F2/><W93/><G131/><N who="0" m="50187" /><D44/><U61/><E116/><V69/><F133/><W99/><G67/><N who="0" m="41063" /><D63/><U39/><E101/><V50/><F69/><W71/><G71/><T80/><D80/><U88/><E128/><V5/><F75/><W33/><G81/><T96/><D97/><U49/><E61/><V6/><F109/><W115/><G115/><T16/><D96/><U53/><E43/><V117/><F114/><W11/><G118/><T56/><D56/><U47/><E39/><V113/><F117/><W103/><G119/><T124/><D124/><U7/><E7/><AGARI ba="3,4" hai="0,7,8,16,23,27,89,91" m="41063,50187" machi="7" ten="30,3900,0" yaku="19,1,52,1,54,1" doraHai="21" who="0" fromWho="1" sc="254,88,291,-48,287,0,128,0" owari="342,44.0,243,-16.0,287,9.0,128,-37.0" />
</Scene>
</mjloggm>