<mjloggm ver="2.3"><GO type="169" lobby="0"/><UN n0="%E3%81%99%E3%81%9A%E3%82%81%E3%82%AF%E3%83%AC%E3%82%A4%E3%82%B8%E3%83%BC" n1="%43%2D%E3%83%93%E3%83%83%E3%82%AF" n2="%E3%83%94%E3%82%A3%38%31%30" n3="%E3%83%8F%E3%82%A4%E3%83%86%E3%83%B3%E3%83%9C%E3%83%BC" dan="19,16,17,16" rate="2299.61,2129.49,2120.78,2150.24" sx="M,M,M,M"/><TAIKYOKU oya="0"/>

<Scene>
<INIT seed="0,0,0,5,1,26" ten="250,250,250,250" oya="0" hai0="29,43,19,135,58,15,53,83,127,41,28,79,56" hai1="57,129,6,48,1,98,112,11,111,120,27,115,108" hai2="52,16,24,82,31,68,124,17,5,72,105,47,81" hai3="70,33,45,114,54,62,73,123,99,39,60,106,87"/><T40/><D135/><U77/><E77/><V18/><F105/><W59/><G114/><N who="1" m="43562" /><E98/><V0/><F68/><W113/><G73/><T132/><D132/><U102/><E102/><V50/><F124/><W134/><G33/><T117/><D127/><U12/><E57/><N who="0" m="22121" /><D117/><U104/><E48/><V64/><F64/><W86/><G113/><T4/><D4/><U74/><E74/><V90/><F90/><W78/><G134/><T103/><D103/><U30/><E104/><V131/><F131/><W7/><G7/><T130/><D130/><U20/><E129/><V85/><F85/><W51/><G123/><T67/><D67/><U93/><E93/><V110/><F110/><N who="1" m="42025" /><E120/><V71/><F71/><W66/><G78/><T34/><D34/><U13/><AGARI ba="0,0" hai="1,6,11,12,13,20,27,30" m="42025,43562" machi="13" ten="40,8000,1" yaku="11,1,14,1,34,2,52,1" doraHai="26" who="1" fromWho="1" sc="250,-40,250,80,250,-20,250,-20" />
</Scene>
<Scene>
<INIT seed="1,0,0,3,0,125" ten="210,330,230,230" oya="1" hai0="39,44,70,4,56,98,113,40,32,68,63,10,67" hai1="55,66,110,65,1,64,106,109,69,102,96,107,82" hai2="11,101,132,75,85,90,14,49,31,21,89,13,74" hai3="16,61,26,12,41,83,92,28,72,128,93,78,38"/><U3/><E69/><V124/><F124/><W97/><G41/><T71/><D113/><U5/><E106/><V6/><F132/><W105/><G38/><T58/><D58/><U51/><E82/><V53/><F101/><W45/><G45/><T87/><D32/><U18/><E18/><V77/><F77/><W116/><G116/><T34/><D34/><U119/><E119/><V84/><F74/><W2/><G2/><T111/><D111/><N who="1" m="42507" /><E5/><V36/><F36/><W23/><G105/><T126/><D126/><U37/><E37/><V120/><F75/><W103/><G92/><T33/><D33/><U76/><E76/><V46/><F120/><W115/><G61/><T79/><D79/><U135/><E135/><V54/><F54/><W130/><REACH who="3" step="1"/><G115/><REACH who="3" ten="210,330,230,220" step="2"/><T123/><D39/><U15/><E15/><V80/><F14/><W52/><G52/><T20/><D63/><U88/><E1/><V99/><F99/><W19/><G19/><T22/><D98/><U108/><E3/><V91/><REACH who="2" step="1"/><F80/><REACH who="2" ten="210,330,220,220" step="2"/><W112/><G112/><T42/><D42/><U27/><E108/><V62/><F62/><W104/><G104/><T129/><D40/><U86/><E55/><V118/><F118/><W59/><G59/><T127/><D56/><U0/><E0/><V43/><F43/><W50/><G50/><T60/><D70/><U134/><E51/><V35/><F35/><AGARI ba="0,2" hai="12,16,23,26,28,35,72,78,83,93,97,103,128,130" machi="35" ten="40,8000,1" yaku="1,1,52,2,54,1,53,0" doraHai="125" doraHaiUra="121" who="3" fromWho="2" sc="210,0,330,0,220,-80,220,100" />
</Scene>
<Scene>
<INIT seed="2,0,0,4,3,90" ten="210,330,140,320" oya="2" hai0="130,110,23,107,131,5,38,49,74,24,29,75,125" hai1="1,9,48,50,127,69,39,55,10,19,111,3,77" hai2="44,53,135,98,85,4,42,11,26,62,114,81,58" hai3="64,12,92,56,87,59,63,84,68,79,54,97,18"/><V37/><F135/><W67/><G68/><T0/><D38/><U104/><E39/><V72/><F72/><W57/><G79/><T70/><D107/><U47/><E104/><V83/><F114/><W7/><G7/><T128/><D70/><U115/><E69/><V122/><F122/><W27/><G59/><T95/><D110/><U51/><E111/><V101/><F26/><W116/><G27/><T40/><D125/><U113/><E51/><V126/><F85/><W8/><G116/><T61/><D61/><U28/><E47/><V102/><F126/><W91/><G67/><T112/><D112/><U96/><E96/><V132/><F132/><W60/><AGARI ba="0,0" hai="8,12,18,54,56,57,60,63,64,84,87,91,92,97" machi="60" ten="20,5200,0" yaku="0,1,7,1,8,1,52,1" doraHai="90" who="3" fromWho="3" sc="210,-13,330,-13,140,-26,320,52" />
</Scene>
<Scene>
<INIT seed="3,0,0,2,0,41" ten="197,317,114,372" oya="3" hai0="58,111,99,100,32,90,17,5,21,62,37,83,128" hai1="48,96,0,29,46,19,119,12,120,14,45,39,38" hai2="74,42,43,10,9,78,4,92,27,80,75,89,16" hai3="54,131,67,8,66,109,103,108,122,93,79,50,13"/><W130/><G79/><T68/><D111/><N who="3" m="42569" /><G103/><T53/><D32/><U47/><E0/><V70/><F70/><W26/><G93/><T55/><D37/><U64/><E120/><V86/><F74/><W25/><G25/><T98/><D5/><U6/><E29/><V95/><F95/><W15/><G26/><T113/><D68/><U52/><E64/><N who="3" m="24618" /><G122/><T49/><D100/><U7/><E119/><V115/><F115/><W73/><G73/><T24/><D113/><U125/><E39/><V44/><F43/><W30/><G30/><T91/><D128/><N who="3" m="49193" /><G8/><T23/><D23/><U132/><E38/><V117/><F4/><W60/><G60/><T71/><D71/><U134/><E96/><N who="0" m="36905" /><D83/><U69/><E69/><V106/><F106/><W76/><G76/><T87/><D87/><U2/><E6/><V63/><F63/><W61/><G61/><T129/><D129/><U127/><E7/><V104/><F104/><W105/><G105/><T123/><D123/><U94/><E94/><V72/><F72/><W116/><G116/><T33/><D33/><U51/><E2/><V126/><F117/><W82/><G82/><T20/><D20/><N who="1" m="11367" /><E14/><V35/><F35/><W40/><G40/><T59/><AGARI ba="0,0" hai="17,21,24,49,53,55,58,59,62,90,91" m="36905" machi="59" ten="30,1100,0" yaku="8,1" doraHai="41" who="0" fromWho="0" sc="197,11,317,-3,114,-3,372,-5" />
</Scene>
<Scene>
<INIT seed="4,0,0,0,3,133" ten="208,314,111,367" oya="0" hai0="104,69,123,125,23,94,22,134,32,73,121,35,120" hai1="97,93,20,37,1,124,61,111,131,47,68,44,16" hai2="53,95,114,99,88,98,49,5,12,56,63,46,51" hai3="117,26,42,15,76,33,0,55,10,126,83,102,81"/><T2/><D104/><U58/><E68/><V9/><F114/><W80/><G117/><T59/><D73/><U110/><E1/><V65/><REACH who="2" step="1"/><F49/><REACH who="2" ten="208,314,101,367" step="2"/><W29/><G0/><T75/><D2/><U70/><E37/><V96/><AGARI ba="0,1" hai="5,9,12,46,51,53,56,63,65,88,95,96,98,99" machi="96" ten="20,12000,2" yaku="1,1,2,1,0,1,7,1,8,1,54,1,53,1" doraHai="133" doraHaiUra="57" who="2" fromWho="2" sc="208,-60,314,-30,101,130,367,-30" />
</Scene>
<Scene>
<INIT seed="5,0,0,2,4,78" ten="148,284,231,337" oya="1" hai0="4,55,122,30,107,103,118,105,42,35,9,28,87" hai1="47,23,58,127,80,27,81,68,56,5,0,46,51" hai2="22,43,7,8,114,12,38,60,25,88,19,18,67" hai3="135,16,2,13,123,69,91,24,111,131,79,75,52"/><U15/><E68/><V11/><F38/><W83/><G111/><T76/><D118/><U29/><E0/><V63/><F43/><W116/><G123/><T119/><D119/><U99/><E99/><V84/><F114/><W37/><G116/><T112/><D112/><U26/><E127/><V20/><F7/><W124/><G2/><T50/><D122/><U40/><E47/><V21/><F21/><W110/><G37/><T64/><D64/><U133/><E133/><V130/><F130/><W92/><G110/><T101/><D105/><U126/><E126/><V90/><F90/><W48/><G69/><T104/><D104/><U44/><E44/><V86/><F86/><W120/><G120/><T93/><D107/><U14/><E27/><V17/><F17/><W100/><G124/><T34/><D34/><U82/><REACH who="1" step="1"/><E5/><REACH who="1" ten="148,274,231,337" step="2"/><V89/><F25/><W132/><G24/><T6/><D6/><U97/><E97/><V121/><F121/><W113/><G113/><T31/><D4/><U10/><E10/><V94/><F11/><W70/><G70/><T73/><D9/><U128/><E128/><V1/><F1/><W125/><G131/><T77/><D103/><U115/><E115/><V65/><F8/><W72/><G100/><T106/><D101/><U57/><AGARI ba="0,1" hai="14,15,23,26,29,40,46,51,56,57,58,80,81,82" machi="57" ten="30,18000,2" yaku="1,1,0,1,8,1,52,3,53,0" doraHai="78" doraHaiUra="66" who="1" fromWho="1" sc="148,-60,274,190,231,-60,337,-60" />
</Scene>
<Scene>
<INIT seed="5,1,0,5,4,132" ten="88,464,171,277" oya="1" hai0="98,114,69,37,120,99,86,55,18,93,73,64,24" hai1="88,8,84,66,50,61,108,19,52,90,57,105,35" hai2="115,75,47,27,40,60,91,76,125,15,74,36,70" hai3="26,94,1,79,134,3,126,56,89,20,34,28,33"/><U83/><E105/><V102/><F102/><W48/><G79/><T44/><D73/><U49/><E35/><V72/><F76/><W110/><G110/><T103/><D114/><U106/><E106/><V67/><F15/><W95/><G134/><T9/><D120/><U6/><E108/><V96/><F27/><W46/><G56/><T43/><D64/><U123/><E123/><V85/><F96/><W17/><G95/><T71/><D55/><U54/><E90/><V51/><F115/><W131/><G131/><T117/><D117/><U38/><E38/><V121/><F121/><W45/><G45/><T39/><D37/><U31/><E31/><V13/><F13/><W14/><G34/><T42/><D42/><U2/><E54/><V116/><F116/><W129/><G129/><T82/><D99/><U32/><E32/><V128/><F128/><W109/><G109/><T87/><D87/><U58/><E19/><V5/><F5/><W7/><G7/><T59/><D59/><U65/><E65/><V92/><F36/><W113/><G113/><T122/><D122/><U135/><E135/><V22/><F22/><W23/><G33/><T12/><REACH who="0" step="1"/><D24/><REACH who="0" ten="78,464,171,277" step="2"/><U107/><E57/><V80/><F74/><W101/><G26/><T119/><D119/><U100/><E66/><V127/><F75/><W130/><G130/><T81/><D81/><U133/><E133/><V63/><F72/><W29/><G46/><T16/><D16/><U10/><E58/><N who="2" m="37367" /><F80/><W62/><G17/><T68/><D68/><U53/><E83/><V41/><F41/><W78/><G29/><RYUUKYOKU ba="1,1" sc="78,15,464,-15,171,15,277,-15" hai0="9,12,18,39,43,44,69,71,82,86,93,98,103" hai2="40,47,51,60,70,85,91,92,125,127" />
</Scene>
<Scene>
<INIT seed="6,2,1,2,2,22" ten="93,449,186,262" oya="2" hai0="77,54,60,36,15,69,113,98,73,65,120,16,107" hai1="106,53,28,123,46,7,83,134,84,115,64,19,78" hai2="129,89,21,126,80,41,57,0,25,2,92,6,17" hai3="90,112,82,50,32,18,116,103,99,34,95,67,63"/><V124/><F129/><W101/><G116/><T33/><D120/><U119/><E119/><V31/><F80/><W86/><G103/><T131/><D131/><U44/><E106/><V24/><F41/><W30/><G50/><T43/><D113/><U11/><E115/><V79/><F79/><W94/><G112/><T29/><D77/><U56/><E64/><V110/><F57/><W76/><G18/><T8/><D73/><U121/><E19/><V72/><F72/><W128/><G30/><T97/><D54/><U39/><E39/><V23/><F110/><W91/><G101/><T58/><D58/><U61/><E28/><V48/><F48/><W68/><REACH who="3" step="1"/><G128/><REACH who="3" ten="93,449,186,252" step="2"/><T122/><D122/><N who="1" m="46603" /><E134/><V9/><REACH who="2" step="1"/><F2/><AGARI ba="2,2" hai="2,7,11,44,46,53,56,61,78,83,84" m="46603" machi="2" ten="30,1000,0" yaku="13,1" doraHai="22" who="1" fromWho="2" sc="93,0,449,36,186,-16,252,0" />
</Scene>
<Scene>
<INIT seed="7,0,0,0,2,88" ten="93,485,170,252" oya="3" hai0="29,25,83,3,103,78,117,56,124,99,57,2,114" hai1="54,35,123,15,12,28,36,87,100,0,7,38,75" hai2="76,121,39,130,108,42,102,120,101,80,85,110,26" hai3="69,112,86,92,106,47,118,82,50,51,116,125,94"/><W84/><G106/><T95/><D117/><U97/><E75/><V59/><F59/><W131/><G69/><T63/><D124/><U98/><E0/><V64/><F64/><W68/><G68/><T22/><D114/><U24/><E98/><V9/><F9/><W71/><G71/><T115/><D115/><U119/><E123/><N who="2" m="47179" /><F130/><W55/><G112/><T134/><D134/><U91/><E54/><V44/><F26/><W129/><G125/><T96/><D96/><U32/><E28/><V53/><F53/><W45/><G55/><T18/><D57/><U89/><E91/><V13/><F13/><W20/><G82/><T21/><D21/><AGARI ba="0,0" hai="20,21,45,47,50,51,84,86,92,94,116,118,129,131" machi="21" ten="25,9600,0" yaku="22,2,52,2" doraHai="88" who="3" fromWho="0" sc="93,-96,485,0,170,0,252,96" owari="-3,-50.0,485,58.0,170,-23.0,348,15.0" />
</Scene>
</mjloggm>