<mjloggm ver="2.3"><GO type="169" lobby="0"/><UN n0="%E6%9C%88%E8%A9%A0%E3%81%95%E3%82%93" n1="%E3%81%99%E3%81%9A%E3%82%81%E3%82%AF%E3%83%AC%E3%82%A4%E3%82%B8%E3%83%BC" n2="%E3%83%9B%E3%83%A2%E5%85%AC" n3="%E7%83%8F%E8%B3%8A%E5%A4%A9" dan="16,19,16,17" rate="2119.93,2307.72,2116.15,2187.54" sx="F,M,M,M"/><TAIKYOKU oya="0"/>

<Scene>
<INIT seed="0,0,0,4,3,66" ten="250,250,250,250" oya="0" hai0="114,68,85,27,123,38,18,125,90,118,111,0,34" hai1="22,106,108,88,92,19,62,54,10,77,72,120,113" hai2="122,107,13,103,47,110,104,61,63,115,48,55,14" hai3="26,135,23,25,74,52,98,11,53,133,100,79,87"/><T121/><RYUUKYOKU type="yao9" ba="0,0" sc="250,0,250,0,250,0,250,0" hai0="0,18,27,34,38,68,85,90,111,114,118,121,123,125" />
</Scene>
<Scene>
<INIT seed="0,1,0,4,4,3" ten="250,250,250,250" oya="0" hai0="70,16,59,6,95,80,21,133,96,77,65,61,108" hai1="36,103,9,29,22,82,122,41,129,52,97,51,5" hai2="111,39,68,84,31,118,30,134,85,23,45,125,44" hai3="98,117,76,124,99,25,106,8,81,32,56,63,107"/><T73/><D133/><U24/><E129/><V131/><F118/><W64/><G117/><T115/><D115/><U121/><E82/><V18/><F134/><W11/><G124/><T89/><D108/><U62/><E62/><V55/><F68/><W90/><G32/><T0/><D70/><U126/><E41/><V40/><F131/><W130/><G25/><T94/><D95/><U10/><E36/><V102/><F102/><W88/><G130/><T120/><D120/><U109/><E10/><N who="3" m="3626" /><G107/><T58/><D58/><U28/><E28/><V114/><F125/><W104/><G104/><T78/><D78/><U71/><E71/><V92/><F114/><W116/><G106/><T7/><D0/><U87/><E87/><V19/><F85/><N who="3" m="48295" /><G116/><T15/><AGARI ba="1,0" hai="6,7,15,16,21,59,61,65,73,77,80,89,94,96" machi="15" ten="20,12000,1" yaku="0,1,7,1,52,2,54,1" doraHai="3" who="0" fromWho="0" sc="250,123,250,-41,250,-41,250,-41" />
</Scene>
<Scene>
<INIT seed="0,2,0,0,4,33" ten="373,209,209,209" oya="0" hai0="73,88,44,98,41,66,131,135,84,78,1,105,36" hai1="95,14,106,114,69,93,118,40,55,112,115,54,17" hai2="51,86,85,52,121,16,120,31,103,110,100,126,58" hai3="35,61,65,28,34,130,104,83,133,27,82,57,92"/><T116/><D116/><U91/><E106/><V102/><F126/><W123/><G104/><T125/><D125/><U71/><E40/><V0/><F31/><W23/><G130/><T10/><D131/><U38/><E38/><V63/><F110/><W67/><G133/><T37/><D135/><U117/><E14/><V108/><F108/><W32/><G123/><T101/><D66/><U15/><E15/><V12/><F0/><W50/><G67/><T3/><D37/><U24/><E24/><V107/><F107/><W122/><G122/><T30/><D30/><U109/><E109/><V60/><F121/><W5/><G5/><T49/><D10/><U39/><E39/><V96/><F96/><W64/><G64/><T20/><D20/><U119/><E17/><V129/><F129/><W97/><REACH who="3" step="1"/><G50/><REACH who="3" ten="373,209,209,199" step="2"/><T4/><D4/><U13/><E71/><V53/><F120/><W134/><G134/><T11/><D49/><U127/><E69/><V68/><F68/><W94/><G94/><N who="0" m="54535" /><D11/><U75/><E127/><V46/><F63/><W113/><G113/><T9/><D9/><AGARI ba="2,1" hai="9,12,16,46,51,52,53,58,60,85,86,100,102,103" machi="9" ten="40,5200,0" yaku="8,1,54,2" doraHai="33" who="2" fromWho="0" sc="373,-58,209,0,209,68,199,0" />
</Scene>
<Scene>
<INIT seed="1,0,0,3,0,102" ten="315,209,277,199" oya="1" hai0="19,57,22,86,46,27,23,134,116,63,98,71,67" hai1="117,45,44,35,52,85,81,4,49,99,119,6,42" hai2="12,69,92,10,30,79,90,50,93,120,48,106,38" hai3="104,105,39,122,60,2,70,8,97,73,0,25,133"/><U15/><E35/><V135/><F38/><W58/><G122/><T5/><D116/><U84/><E84/><V101/><F120/><W96/><G73/><T108/><D108/><U28/><E28/><V118/><F118/><W61/><G39/><T26/><D134/><U109/><E109/><V129/><F129/><W112/><G112/><T29/><D5/><U82/><E82/><V62/><F135/><W3/><G133/><T130/><D130/><U32/><E32/><V124/><F79/><W103/><G70/><T53/><D46/><U17/><E99/><V55/><F124/><W65/><G25/><T64/><D71/><U66/><E66/><V24/><F106/><W13/><G61/><T14/><D98/><U59/><E119/><V121/><F101/><W33/><G33/><T7/><D86/><U54/><E44/><V11/><F11/><AGARI ba="0,0" hai="7,11,14,19,22,23,26,27,29,53,57,63,64,67" machi="11" ten="40,1300,0" yaku="8,1" doraHai="102" who="0" fromWho="2" sc="315,13,209,0,277,-13,199,0" />
</Scene>
<Scene>
<INIT seed="2,0,0,3,1,103" ten="328,209,264,199" oya="2" hai0="119,60,126,127,58,20,38,123,79,94,39,120,133" hai1="128,64,132,18,51,4,110,117,27,36,104,86,54" hai2="0,19,125,50,131,99,88,12,113,41,135,106,92" hai3="10,47,55,77,83,2,34,9,124,81,63,105,95"/><V122/><F113/><W98/><G34/><T130/><D79/><U114/><E36/><N who="0" m="13865" /><D94/><U6/><E117/><V57/><F122/><N who="0" m="46634" /><D20/><U30/><E110/><V22/><F135/><W46/><G2/><T43/><D43/><U7/><E132/><V118/><F131/><W29/><G29/><T90/><D90/><U28/><E64/><V69/><F125/><N who="0" m="47626" /><D133/><U16/><E128/><V72/><F72/><W89/><G83/><T8/><D8/><U82/><E104/><V14/><F0/><W15/><G9/><T35/><D35/><U31/><E27/><V100/><F69/><W45/><G105/><T59/><D130/><U96/><E96/><V73/><F73/><W44/><G124/><T52/><D59/><N who="1" m="33247" /><E114/><V84/><F118/><AGARI ba="0,0" hai="52,58,60,118,119" m="47626,46634,13865" machi="118" ten="40,8000,1" yaku="18,1,34,2,54,1" doraHai="103" who="0" fromWho="2" sc="328,80,209,0,264,-80,199,0" />
</Scene>
<Scene>
<INIT seed="3,0,0,0,2,36" ten="408,209,184,199" oya="3" hai0="74,44,103,135,127,108,89,97,114,14,37,64,66" hai1="82,9,102,87,73,53,60,116,19,29,54,65,104" hai2="130,30,99,3,90,11,21,95,109,63,41,79,94" hai3="107,5,85,0,55,2,6,86,16,111,58,59,20"/><W43/><G107/><T98/><D74/><U96/><E116/><V105/><F109/><W42/><G111/><T71/><D108/><U7/><E73/><V49/><F130/><W26/><G0/><T88/><D127/><U69/><E19/><V126/><F126/><W68/><G68/><T133/><D114/><U112/><E112/><V84/><F63/><N who="3" m="36319" /><G2/><T120/><D120/><U32/><E9/><V123/><F123/><W70/><G70/><T38/><D14/><U77/><REACH who="1" step="1"/><E7/><REACH who="1" ten="408,199,184,199" step="2"/><N who="3" m="2570" /><G59/><T39/><D71/><U121/><E121/><V27/><F11/><W48/><G48/><T23/><D38/><U34/><E34/><V10/><F10/><W91/><G86/><T117/><D37/><U33/><E33/><V81/><F3/><W119/><G119/><T4/><D117/><U106/><E106/><V13/><F49/><W25/><G26/><AGARI ba="0,1" hai="26,29,32,53,54,60,65,69,77,82,87,96,102,104" machi="26" ten="40,5200,0" yaku="1,1,25,2,53,0" doraHai="36" doraHaiUra="8" who="1" fromWho="3" sc="408,0,199,62,184,0,199,-52" />
</Scene>
<Scene>
<INIT seed="4,0,0,0,2,73" ten="408,261,184,147" oya="0" hai0="90,132,43,95,45,72,118,15,55,113,16,8,115" hai1="88,69,29,128,83,99,93,49,22,123,38,7,61" hai2="35,80,17,122,68,21,125,103,4,111,9,71,85" hai3="134,46,102,106,104,36,12,75,119,108,116,77,25"/><T135/><D118/><U44/><E128/><V66/><F35/><W121/><G108/><T98/><D55/><U57/><E38/><V23/><F111/><W82/><G134/><N who="0" m="51243" /><D72/><U86/><E69/><V74/><F74/><W40/><G121/><T92/><D95/><U60/><E7/><V50/><F125/><W56/><G12/><T105/><D105/><U24/><E57/><V70/><F103/><W30/><G56/><T112/><D45/><U63/><E123/><V41/><F122/><W32/><REACH who="3" step="1"/><G102/><REACH who="3" ten="408,261,184,137" step="2"/><T5/><D43/><N who="1" m="24735" /><E63/><V114/><F68/><W101/><G101/><AGARI ba="0,1" hai="22,24,29,60,61,83,86,88,93,99,101" m="24735" machi="101" ten="30,2000,0" yaku="8,1,54,1" doraHai="73" who="1" fromWho="3" sc="408,0,261,30,184,0,137,-20" />
</Scene>
<Scene>
<INIT seed="5,0,0,3,4,134" ten="408,291,184,117" oya="1" hai0="4,123,76,48,13,113,3,11,49,22,52,131,75" hai1="73,79,98,55,66,68,88,84,109,94,69,110,64" hai2="30,37,9,85,126,71,2,12,72,54,58,28,6" hai3="38,40,118,18,112,1,44,65,32,56,87,42,45"/><U50/><E73/><V74/><F37/><W80/><G32/><T10/><D113/><U91/><E79/><V67/><F71/><W31/><G1/><T24/><D131/><U133/><E133/><V25/><F67/><W117/><G31/><T83/><D123/><U51/><E84/><V33/><F30/><W46/><G18/><T7/><D52/><U34/><E34/><V128/><F128/><W27/><G27/><T114/><D114/><U102/><E102/><V111/><F111/><W8/><G8/><T130/><D130/><U70/><E51/><V0/><F0/><W14/><G14/><T100/><D100/><U127/><E91/><V82/><F126/><W43/><G112/><T60/><D60/><U16/><E127/><V125/><F125/><W23/><G23/><T99/><D99/><U77/><E77/><V93/><F93/><W86/><G80/><T116/><D116/><N who="3" m="44649" /><G86/><T62/><D62/><U19/><E66/><V35/><F2/><W53/><G87/><T41/><D41/><N who="3" m="15977" /><G65/><T21/><D21/><U17/><REACH who="1" step="1"/><E64/><REACH who="1" ten="408,281,184,117" step="2"/><V47/><F35/><W29/><G29/><AGARI ba="0,1" hai="3,4,7,10,11,13,22,24,29,48,49,75,76,83" machi="29" ten="30,1000,0" yaku="7,1" doraHai="134" who="0" fromWho="3" sc="408,20,281,0,184,0,117,-10" />
</Scene>
<Scene>
<INIT seed="6,0,0,3,4,74" ten="428,281,184,107" oya="2" hai0="22,87,45,100,130,23,89,32,25,67,134,90,86" hai1="123,113,53,4,102,75,26,127,70,31,84,118,93" hai2="109,50,62,111,41,20,101,107,132,42,81,24,98" hai3="120,17,77,85,95,61,12,121,36,65,122,48,55"/><V60/><F132/><W39/><G95/><T71/><D134/><U56/><E75/><V38/><F38/><W49/><G61/><N who="2" m="23657" /><F81/><W128/><G65/><T108/><D67/><U57/><E70/><V82/><F82/><W8/><G128/><T18/><D71/><U135/><E118/><V6/><F6/><W106/><G106/><T88/><D108/><N who="2" m="41546" /><F50/><W34/><G34/><T68/><D68/><U80/><E4/><V40/><F40/><W114/><G114/><T119/><D119/><U33/><E113/><V51/><F51/><W9/><G48/><T116/><D116/><U96/><E123/><V1/><F1/><W115/><G115/><T73/><D73/><U0/><E0/><V66/><F66/><W117/><G117/><T7/><D7/><U16/><E135/><V91/><F91/><W104/><G39/><T64/><D64/><U112/><E112/><V63/><N who="2" m="23665" /><V10/><DORA hai="105" /><F10/><W79/><G36/><T11/><D11/><U46/><E80/><V59/><F59/><W72/><G72/><T54/><D90/><U15/><E57/><V5/><F5/><W44/><G8/><T19/><D89/><U14/><E56/><V103/><F103/><W125/><G9/><T76/><D100/><U30/><E102/><V27/><F27/><W69/><G69/><T83/><D25/><U129/><E26/><V124/><F124/><W92/><G125/><T47/><D83/><U13/><E127/><V58/><F58/><W28/><G120/><T29/><D88/><U99/><E14/><V94/><F107/><W35/><G104/><RYUUKYOKU ba="0,0" sc="428,-10,281,-10,184,30,107,-10" hai2="20,24,41,42,94,98,101" />
</Scene>
<Scene>
<INIT seed="6,1,0,3,1,2" ten="418,271,214,97" oya="2" hai0="16,84,45,135,116,92,59,68,42,118,3,62,79" hai1="129,101,122,18,90,115,102,75,17,32,69,66,98" hai2="88,91,107,61,108,46,71,131,51,31,54,81,85" hai3="21,93,63,24,20,77,9,123,13,41,112,10,97"/><V43/><F131/><W125/><G123/><T30/><D68/><U110/><E75/><V103/><F108/><W128/><G128/><T132/><D30/><U104/><E110/><V120/><F120/><W94/><G125/><T121/><D3/><U89/><E115/><V12/><F107/><W49/><G112/><T70/><D70/><U58/><E58/><N who="2" m="35031" /><F103/><W127/><G77/><T28/><D28/><U53/><E53/><V19/><F31/><W50/><G63/><T72/><D72/><U65/><E104/><V35/><F71/><W64/><G64/><T106/><D106/><U14/><E69/><V60/><F60/><W55/><G41/><T100/><D121/><U34/><E122/><V26/><F35/><W114/><G114/><T39/><D100/><U109/><E109/><V80/><F26/><W83/><G83/><N who="2" m="31817" /><F85/><W37/><G37/><T48/><D84/><U67/><E67/><V8/><AGARI ba="1,0" hai="8,12,19,43,46,51,88,91" m="31817,35031" machi="8" ten="30,3000,0" yaku="8,1,54,1" doraHai="2" who="2" fromWho="2" sc="418,-11,271,-11,214,33,97,-11" />
</Scene>
<Scene>
<INIT seed="6,2,0,0,3,91" ten="407,260,247,86" oya="2" hai0="128,52,24,121,8,104,47,72,30,20,127,105,106" hai1="113,61,49,112,80,55,45,21,27,115,83,23,126" hai2="5,53,92,75,2,129,40,13,88,94,66,63,97" hai3="125,15,29,82,37,85,119,38,78,54,79,73,31"/><V26/><F75/><W116/><G125/><T71/><D121/><U111/><E111/><V118/><F118/><W68/><G68/><T60/><D72/><U100/><E126/><V67/><F2/><W18/><G73/><T120/><D120/><U84/><E100/><N who="2" m="60455" /><F40/><W134/><G78/><T51/><D128/><U109/><E109/><V46/><F26/><W124/><G124/><T33/><D127/><U77/><E83/><V39/><F39/><W35/><G134/><T50/><D8/><U59/><REACH who="1" step="1"/><E27/><REACH who="1" ten="407,250,247,86" step="2"/><V131/><F131/><W96/><G116/><T34/><D24/><U122/><E122/><V7/><F129/><W81/><G81/><T69/><D34/><U0/><E0/><V43/><F43/><AGARI ba="2,1" hai="21,23,43,45,49,55,59,61,77,80,84,112,113,115" machi="43" ten="40,2600,0" yaku="1,1,15,1,53,0" doraHai="91" doraHaiUra="132" who="1" fromWho="2" sc="407,0,250,42,247,-32,86,0" />
</Scene>
<Scene>
<INIT seed="7,0,0,1,2,0" ten="407,292,215,86" oya="3" hai0="26,112,79,15,56,6,129,122,81,5,62,92,38" hai1="34,47,127,111,98,113,86,29,10,83,37,95,51" hai2="101,93,117,7,73,88,14,2,82,130,3,23,109" hai3="54,71,18,69,31,19,134,45,104,75,9,77,58"/><W131/><G104/><T13/><D122/><U59/><E113/><V105/><F109/><W50/><G31/><T61/><D38/><U49/><E127/><V63/><F130/><W123/><G123/><T16/><D112/><U91/><E37/><V84/><F117/><W78/><G131/><T42/><D42/><U27/><E59/><V68/><F68/><W97/><G134/><T55/><D129/><U103/><E47/><V100/><F63/><W28/><G28/><T135/><D26/><U124/><E124/><V64/><F64/><W24/><G75/><T108/><D15/><U87/><E10/><N who="2" m="4447" /><F23/><N who="3" m="13431" /><G71/><T133/><D108/><U94/><E111/><V119/><F101/><W20/><G69/><T35/><D92/><U120/><E120/><V21/><F21/><W132/><G132/><N who="0" m="50763" /><D62/><U85/><E85/><V60/><F60/><N who="3" m="35927" /><G9/><N who="0" m="6191" /><D35/><U90/><AGARI ba="0,0" hai="27,29,34,49,51,83,86,87,90,91,94,95,98,103" machi="90" ten="20,1500,0" yaku="0,1,7,1" doraHai="0" who="1" fromWho="1" sc="407,-4,292,15,215,-4,86,-7" owari="403,50.0,307,11.0,211,-19.0,79,-42.0" />
</Scene>
</mjloggm>