<mjloggm ver="2.3"><GO type="169" lobby="0"/><UN n0="%E7%94%98%E7%B2%95%E3%81%A4%E3%81%B0%E3%82%81" n1="%79%6F%6A%6F" n2="%E3%81%99%E3%81%9A%E3%82%81%E3%82%AF%E3%83%AC%E3%82%A4%E3%82%B8%E3%83%BC" n3="%EF%BC%BC%28%EF%BC%BE%6F%EF%BC%BE%29%EF%BC%8F%E2%98%85" dan="16,16,19,17" rate="2054.84,2164.72,2303.12,2167.95" sx="F,F,M,M"/><TAIKYOKU oya="0"/>

<Scene>
<INIT seed="0,0,0,5,3,20" ten="250,250,250,250" oya="0" hai0="121,5,63,24,8,30,76,29,40,103,117,69,126" hai1="1,13,95,82,62,38,122,90,42,0,66,21,89" hai2="47,9,91,32,73,111,92,18,101,17,67,79,55" hai3="4,88,104,15,85,39,106,49,134,6,105,35,43"/><T68/><D121/><U45/><E122/><V96/><F111/><W125/><G39/><T94/><D117/><U128/><E128/><V54/><F32/><W81/><G134/><T93/><D126/><U46/><E46/><V64/><F73/><W52/><G43/><T53/><D40/><U131/><E131/><V51/><F79/><W31/><G125/><T135/><D135/><U44/><E44/><V84/><F54/><W11/><G31/><T33/><D30/><U60/><E82/><V98/><F98/><W127/><G35/><T61/><D76/><U116/><E62/><V78/><F78/><W75/><G127/><T115/><D115/><U97/><E90/><V10/><F10/><W26/><G75/><T28/><D28/><U119/><E119/><V100/><F18/><W27/><REACH who="3" step="1"/><G6/><REACH who="3" ten="250,250,250,240" step="2"/><T3/><D29/><U124/><E124/><V108/><F108/><W23/><G23/><T107/><D33/><U113/><E116/><V16/><F17/><W80/><G80/><T112/><D5/><U59/><E113/><V12/><F100/><W34/><G34/><T132/><D103/><U114/><E114/><V120/><REACH who="2" step="1"/><F120/><REACH who="2" ten="250,250,240,240" step="2"/><W109/><G109/><T57/><D112/><U102/><E102/><V118/><F118/><W130/><G130/><T7/><D132/><U19/><AGARI ba="0,2" hai="0,1,13,19,21,38,42,45,59,60,66,89,95,97" machi="19" ten="30,1100,0" yaku="0,1" doraHai="20" who="1" fromWho="1" sc="250,-5,250,31,240,-3,240,-3" />
</Scene>
<Scene>
<INIT seed="1,0,0,5,3,48" ten="245,281,237,237" oya="1" hai0="53,100,96,110,82,69,54,106,61,14,68,134,64" hai1="77,104,74,55,111,24,84,18,95,101,75,50,49" hai2="117,128,94,62,10,120,43,23,92,97,86,112,12" hai3="80,42,57,102,41,15,7,113,37,30,81,31,38"/><U72/><E111/><V45/><F128/><W9/><G113/><T108/><D134/><U93/><E50/><V73/><F73/><W130/><G130/><T33/><D33/><U21/><E104/><V123/><F117/><W67/><G102/><T131/><D131/><U103/><E93/><V122/><F112/><W60/><G38/><T6/><D69/><U133/><E133/><V70/><F23/><W2/><G2/><T29/><D29/><N who="3" m="10761" /><G37/><T39/><D82/><AGARI ba="0,0" hai="7,9,15,41,42,57,60,67,80,81,82" m="10761" machi="82" ten="30,1000,0" yaku="8,1" doraHai="48" who="3" fromWho="0" sc="245,-10,281,0,237,0,237,10" />
</Scene>
<Scene>
<INIT seed="2,0,0,2,3,132" ten="235,281,237,247" oya="2" hai0="97,100,75,82,54,114,91,118,94,76,87,49,21" hai1="123,113,128,124,127,119,45,48,25,4,41,131,96" hai2="32,9,112,64,50,37,115,57,43,13,109,22,73" hai3="14,105,79,135,122,78,111,65,30,68,60,69,27"/><V52/><F32/><W31/><G122/><T15/><D114/><U121/><E119/><V77/><F109/><W19/><G135/><T63/><D118/><U33/><E113/><V44/><F73/><W42/><G111/><T10/><D21/><U90/><E4/><V104/><F104/><W28/><G105/><T35/><D35/><U102/><E90/><V99/><F77/><W11/><G68/><T3/><D63/><U89/><E89/><V71/><F22/><W23/><REACH who="3" step="1"/><G42/><REACH who="3" ten="235,281,237,237" step="2"/><T24/><D3/><U107/><E121/><V80/><F71/><W53/><G53/><T72/><D24/><U130/><E123/><V47/><F64/><W61/><G61/><T17/><REACH who="0" step="1"/><D76/><AGARI ba="0,1" hai="11,14,19,23,27,28,30,31,60,65,69,76,78,79" machi="76" ten="40,1300,0" yaku="1,1,53,0" doraHai="132" doraHaiUra="108" who="3" fromWho="0" sc="235,-13,281,0,237,0,237,23" />
</Scene>
<Scene>
<INIT seed="3,0,0,2,0,12" ten="222,281,237,260" oya="3" hai0="84,34,133,105,118,73,102,67,15,81,43,46,68" hai1="1,72,65,20,92,4,91,21,56,131,71,6,18" hai2="117,23,95,125,52,109,17,82,44,14,13,124,112" hai3="61,35,94,48,51,114,45,50,101,33,8,42,119"/><W116/><G114/><T10/><D118/><U129/><E72/><V86/><F109/><W16/><G61/><T87/><D34/><U70/><E21/><V135/><F135/><W97/><G35/><T108/><D108/><U99/><E56/><V113/><F95/><W5/><G33/><T9/><D133/><U58/><E58/><V110/><F110/><W26/><G119/><T122/><D122/><U79/><E79/><V2/><F2/><W62/><G116/><T130/><D130/><N who="1" m="49675" /><E65/><V39/><F39/><W75/><G62/><T22/><D73/><U63/><E63/><V38/><F38/><W85/><G75/><T31/><D67/><U83/><E83/><V24/><F117/><W134/><G85/><T98/><D68/><N who="1" m="26155" /><E1/><V25/><F113/><W121/><G134/><T127/><D9/><U90/><E90/><V78/><F25/><AGARI ba="0,0" hai="4,6,18,20,25,91,92,99" m="26155,49675" machi="25" ten="30,2000,0" yaku="19,1,52,1" doraHai="12" who="1" fromWho="2" sc="222,0,281,20,237,-20,260,0" />
</Scene>
<Scene>
<INIT seed="4,0,0,2,2,7" ten="222,301,217,260" oya="0" hai0="98,46,10,107,35,74,89,4,83,2,130,39,80" hai1="94,43,71,82,18,73,33,37,64,129,72,92,108" hai2="84,120,11,56,70,51,3,30,103,90,104,60,16" hai3="22,0,58,79,5,8,48,69,100,14,63,13,40"/><T88/><D130/><U53/><E33/><V47/><F70/><W126/><G126/><T27/><D107/><U26/><E26/><V105/><F30/><W50/><G69/><T101/><D35/><U1/><E18/><V9/><F120/><W122/><G122/><T15/><D27/><U54/><E43/><V49/><F103/><W55/><G79/><N who="0" m="44151" /><D15/><U52/><E37/><V112/><F112/><W86/><G100/><T109/><D83/><U19/><E19/><V91/><F51/><W95/><G40/><N who="0" m="22815" /><D109/><U106/><E1/><V75/><F91/><N who="0" m="34890" /><D98/><U65/><E129/><V78/><F78/><W135/><G0/><T12/><D12/><U110/><E106/><V20/><F75/><N who="1" m="28745" /><E82/><N who="2" m="49431" /><F105/><W67/><G86/><T85/><D101/><U6/><E71/><V93/><F93/><W28/><G95/><T45/><D85/><U97/><E92/><V131/><F131/><W113/><G113/><T81/><D81/><U102/><E108/><V62/><F104/><W34/><G34/><T36/><D36/><U17/><E110/><V123/><F123/><W66/><G28/><T127/><D127/><U133/><E94/><V116/><F116/><W61/><G50/><T24/><D24/><U38/><E38/><V128/><F128/><W57/><G22/><T23/><D23/><U119/><E119/><V99/><F99/><W42/><G42/><T115/><D115/><U96/><E97/><V76/><F3/><W32/><G32/><T41/><D41/><U125/><E96/><V132/><F76/><W29/><G29/><T68/><D68/><U117/><E102/><RYUUKYOKU ba="0,0" sc="222,30,301,-10,217,-10,260,-10" hai0="2,4,10,45" />
</Scene>
<Scene>
<INIT seed="4,1,0,1,1,78" ten="252,291,207,250" oya="0" hai0="87,23,29,79,50,62,27,15,68,7,51,120,54" hai1="127,111,89,36,58,101,90,4,42,14,131,135,123" hai2="21,107,64,76,67,32,63,43,81,48,125,126,108" hai3="56,57,66,33,53,46,118,37,102,133,59,6,70"/><T9/><D120/><U45/><E123/><V95/><F32/><W49/><G33/><T134/><D134/><U75/><E111/><V31/><F107/><W77/><G102/><T13/><D13/><U94/><E75/><V122/><F108/><W25/><G25/><T105/><D105/><U5/><E135/><V97/><F122/><W83/><G133/><T84/><D68/><U80/><E131/><V12/><F43/><N who="3" m="22895" /><G6/><T114/><D114/><U99/><E127/><N who="2" m="48651" /><F48/><N who="0" m="18474" /><D79/><U116/><E116/><V73/><F63/><N who="3" m="40287" /><G118/><T11/><D11/><U74/><E4/><V19/><F31/><W55/><G53/><T128/><D128/><U106/><E5/><V2/><F2/><W35/><G35/><T1/><D1/><U16/><E106/><V103/><AGARI ba="1,0" hai="12,19,21,64,67,73,76,81,95,97,103" m="48651" machi="103" ten="30,2000,0" yaku="18,1,52,1" doraHai="78" who="2" fromWho="2" sc="252,-11,291,-6,207,23,250,-6" />
</Scene>
<Scene>
<INIT seed="5,0,0,4,3,97" ten="241,285,230,244" oya="1" hai0="68,23,13,84,53,4,33,74,113,117,8,120,87" hai1="47,77,18,72,29,0,134,32,25,35,22,56,57" hai2="128,38,91,50,43,111,118,41,55,121,12,92,131" hai3="65,66,80,39,125,83,52,89,21,31,20,90,115"/><U19/><E0/><V37/><F118/><W123/><G123/><T86/><D117/><U81/><E134/><V6/><F121/><W127/><G39/><T124/><D120/><U45/><E57/><V17/><F6/><W109/><G31/><T1/><D74/><U88/><E56/><N who="2" m="32887" /><F38/><W85/><G85/><T16/><D113/><U70/><E70/><V2/><F37/><W79/><G79/><T96/><D124/><U42/><E45/><V14/><F14/><W28/><G28/><T10/><D68/><U105/><E105/><V61/><F61/><W64/><G52/><T36/><D36/><U130/><E47/><V106/><F106/><W73/><G73/><T122/><D33/><U24/><E42/><V133/><F111/><W15/><G15/><T110/><D110/><U51/><E51/><V119/><F133/><W71/><G71/><T44/><D122/><U7/><E7/><V82/><F2/><W26/><G26/><N who="0" m="14695" /><D8/><U62/><E62/><V129/><F119/><W3/><G3/><T58/><D44/><U63/><E63/><V60/><F60/><W107/><G107/><T108/><D108/><U102/><E35/><V116/><F116/><W114/><G66/><T69/><D69/><U11/><E32/><V76/><F43/><W98/><G109/><T30/><D1/><U103/><E72/><N who="2" m="43271" /><F41/><W27/><G27/><T112/><D30/><U75/><E29/><V104/><F104/><W49/><G49/><N who="0" m="31023" /><D112/><U78/><E25/><V40/><F40/><W48/><G48/><T99/><AGARI ba="0,0" hai="4,10,13,84,86,87,96,99" m="31023,14695" machi="99" ten="30,2000,0" yaku="8,1,54,1" doraHai="97" who="0" fromWho="0" sc="241,20,285,-10,230,-5,244,-5" />
</Scene>
<Scene>
<INIT seed="6,0,0,4,5,30" ten="261,275,225,239" oya="2" hai0="70,114,118,121,99,46,83,115,32,108,25,38,7" hai1="17,86,55,125,24,61,84,124,33,77,3,6,34" hai2="73,47,97,4,69,85,22,66,64,67,96,65,103" hai3="109,8,62,95,111,27,51,71,68,135,1,100,102"/><V126/><F73/><W80/><G135/><T89/><D121/><U78/><E6/><V119/><F119/><W133/><G133/><T72/><D108/><U123/><E3/><V116/><F116/><W130/><G130/><T11/><D118/><U45/><E123/><V79/><F126/><N who="1" m="48745" /><E17/><V28/><F4/><W20/><G51/><T101/><D70/><U40/><E55/><V92/><F97/><W42/><G42/><N who="0" m="22871" /><D89/><U87/><E61/><V21/><F69/><W60/><G80/><T127/><D127/><U122/><E122/><V14/><N who="2" m="16384" /><DORA hai="63" /><V37/><F28/><W36/><G36/><T56/><D56/><U35/><E24/><V39/><F39/><AGARI ba="0,0" hai="33,34,35,39,40,45,77,78,84,86,87" m="48745" machi="39" ten="40,8000,1" yaku="18,1,52,3" doraHai="30,63" who="1" fromWho="2" sc="261,0,275,80,225,-80,239,0" />
</Scene>
<Scene>
<INIT seed="7,0,0,4,3,47" ten="261,355,145,239" oya="3" hai0="54,68,22,96,120,77,37,79,62,105,128,24,124" hai1="13,86,6,11,30,27,45,9,89,109,130,70,123" hai2="116,52,56,49,118,112,33,2,60,40,93,95,85" hai3="100,110,7,65,94,92,35,133,29,134,111,82,131"/><W87/><G7/><T16/><D120/><U57/><E70/><V119/><F33/><W74/><G65/><T43/><D128/><U71/><E71/><V3/><F112/><W101/><G74/><T78/><D124/><U61/><E109/><N who="3" m="41482" /><G131/><T26/><D37/><U10/><E123/><V18/><F18/><W135/><G29/><T83/><D43/><U102/><E102/><N who="3" m="39530" /><G35/><T39/><D68/><U72/><E72/><V103/><F85/><W21/><G21/><T41/><D41/><U122/><E122/><V15/><F15/><W113/><G113/><T80/><D39/><U4/><E45/><V0/><F103/><W73/><G73/><T19/><D105/><U46/><E46/><V8/><F8/><W76/><AGARI ba="0,0" hai="76,82,87,92,94,133,134,135" m="39530,41482" machi="76" ten="40,12000,1" yaku="20,1,10,1,34,2" doraHai="47" who="3" fromWho="3" sc="261,-40,355,-40,145,-40,239,120" owari="221,-18.0,315,12.0,105,-39.0,359,45.0" />
</Scene>
</mjloggm>