<mjloggm ver="2.3"><GO type="169" lobby="0"/><UN n0="%E6%A3%AE%E5%AE%AE%E8%92%BC%E4%B9%83" n1="%E3%81%99%E3%81%9A%E3%82%81%E3%82%AF%E3%83%AC%E3%82%A4%E3%82%B8%E3%83%BC" n2="%68%6F%73%69%67%61%6D%69" n3="%E3%81%AE%E3%81%86%E3%81%AA%E3%82%81%E3%82%8D%E3%82%93" dan="16,19,16,17" rate="2082.75,2294.34,2103.83,2129.02" sx="F,M,M,M"/><TAIKYOKU oya="0"/>

<Scene>
<INIT seed="0,0,0,0,2,68" ten="250,250,250,250" oya="0" hai0="40,31,126,105,35,24,44,39,30,71,111,25,104" hai1="9,115,0,83,53,128,129,109,13,67,36,122,130" hai2="21,94,110,41,108,119,132,106,15,79,124,113,55" hai3="77,38,51,101,62,84,95,22,85,17,1,10,114"/><T107/><D126/><U131/><E122/><V100/><F113/><W99/><G114/><T57/><D57/><U47/><E115/><V117/><F41/><W120/><G120/><T37/><D71/><U64/><E0/><V123/><F123/><W33/><G33/><T58/><D58/><U87/><E109/><N who="2" m="42091" /><F55/><W78/><G51/><T29/><D111/><U49/><E36/><V103/><F15/><W90/><G38/><T12/><D12/><U4/><N who="1" m="32768" /><DORA hai="96" /><U66/><REACH who="1" step="1"/><E64/><REACH who="1" ten="250,240,250,250" step="2"/><V75/><F119/><W127/><G127/><T6/><D39/><U43/><E43/><V116/><F124/><W28/><G1/><T97/><D6/><U86/><E86/><V74/><F117/><W18/><G84/><T112/><D112/><U19/><E19/><V72/><F116/><W69/><G17/><T92/><REACH who="0" step="1"/><D35/><REACH who="0" ten="240,240,250,250" step="2"/><U118/><E118/><V121/><F121/><W20/><G18/><T135/><D135/><U70/><E70/><V93/><F132/><W50/><G69/><T14/><D14/><U88/><AGARI ba="0,2" hai="4,9,13,47,49,53,66,67,83,87,88" m="32768" machi="88" ten="60,12000,2" yaku="1,1,0,1,19,1,54,1,53,3" doraHai="68,96" doraHaiUra="61,76" who="1" fromWho="1" sc="240,-60,240,140,250,-30,250,-30" />
</Scene>
<Scene>
<INIT seed="1,0,0,0,5,130" ten="180,380,220,220" oya="1" hai0="96,45,13,46,4,118,84,83,40,82,125,35,109" hai1="70,53,105,57,14,20,54,93,11,0,66,122,91" hai2="106,128,23,28,71,112,102,17,50,127,111,129,41" hai3="60,43,61,101,97,32,98,69,126,33,121,10,16"/><U79/><E105/><V31/><F71/><W131/><G121/><T27/><D118/><U95/><E70/><V86/><F111/><W19/><G131/><T110/><D125/><U94/><E0/><V21/><F127/><W22/><G126/><T64/><D64/><U124/><E79/><V115/><F106/><W100/><G43/><T24/><D96/><U134/><E122/><V108/><F108/><N who="0" m="41578" /><D35/><U120/><E120/><V116/><F86/><W15/><G69/><T99/><D99/><U107/><E20/><V74/><F41/><W56/><G33/><T72/><D72/><U80/><E107/><V42/><F42/><W25/><G32/><T47/><D40/><U65/><E54/><V73/><F50/><W37/><G37/><T90/><D82/><U63/><E124/><V55/><F55/><W81/><G81/><T1/><D1/><U113/><E113/><V8/><F8/><AGARI ba="0,0" hai="4,8,13,24,27,45,46,47,83,84,90" m="41578" machi="8" ten="30,1000,0" yaku="14,1" doraHai="130" who="0" fromWho="2" sc="180,10,380,0,220,-10,220,0" />
</Scene>
<Scene>
<INIT seed="2,0,0,5,2,109" ten="190,380,210,220" oya="2" hai0="63,100,1,116,134,64,127,84,86,7,74,11,112" hai1="3,56,21,49,121,123,108,0,132,118,8,92,61" hai2="17,58,34,44,107,16,104,122,15,62,93,73,48" hai3="76,97,2,95,42,32,85,30,37,39,81,50,51"/><V6/><F122/><W40/><G2/><T77/><D112/><U38/><E108/><V18/><F34/><W22/><G32/><T53/><D116/><U101/><E38/><V79/><F6/><W128/><G128/><T13/><D134/><U66/><E132/><V65/><F15/><W103/><G39/><T135/><D135/><U36/><E36/><V131/><F131/><W96/><G37/><T119/><D119/><U129/><E49/><N who="3" m="18442" /><G97/><T31/><D127/><U4/><E118/><V80/><REACH who="2" step="1"/><F93/><REACH who="2" ten="190,380,200,220" step="2"/><W98/><G95/><T88/><D13/><N who="1" m="5255" /><E129/><V23/><F23/><W43/><G22/><T45/><D7/><U24/><E0/><V19/><N who="2" m="4096" /><DORA hai="87" /><V120/><F120/><W89/><G30/><T10/><D31/><N who="1" m="17807" /><E3/><V124/><F124/><W20/><G20/><T55/><D1/><U75/><E123/><V99/><F99/><W83/><G98/><T114/><D11/><U14/><E14/><V60/><F60/><W33/><G33/><T130/><D10/><U72/><E121/><V91/><F91/><W94/><G96/><AGARI ba="0,1" hai="56,61,66,72,75,92,96,101" m="17807,5255" machi="96" ten="30,1000,0" yaku="25,1" doraHai="109,87" who="1" fromWho="3" sc="190,0,380,20,200,0,220,-10" />
</Scene>
<Scene>
<INIT seed="3,0,0,0,2,133" ten="190,400,200,210" oya="3" hai0="129,132,100,39,54,62,32,15,96,63,30,65,43" hai1="17,58,60,75,4,124,27,103,106,12,98,61,2" hai2="110,59,45,104,1,16,108,33,21,112,122,94,41" hai3="71,40,89,95,50,78,5,67,102,85,57,7,118"/><W111/><G118/><T113/><D113/><U11/><E75/><V52/><F112/><W76/><G71/><T28/><D132/><U125/><E27/><V24/><F104/><W134/><G134/><T3/><D3/><U29/><E29/><V88/><F1/><W18/><G111/><T46/><D129/><U135/><E135/><V70/><F70/><W26/><G102/><T9/><D54/><U14/><E2/><V64/><F64/><W72/><G40/><T117/><D117/><U121/><E121/><V20/><F20/><N who="3" m="13591" /><G72/><T92/><D32/><U114/><E114/><V81/><F33/><W130/><G130/><T23/><D23/><N who="1" m="11703" /><E58/><V53/><F81/><W123/><G123/><T0/><D0/><U126/><AGARI ba="0,0" hai="4,11,12,60,61,98,103,106,124,125,126" m="11703" machi="126" ten="30,7900,0" yaku="18,1,52,3" doraHai="133" who="1" fromWho="1" sc="190,-20,400,79,200,-20,210,-39" />
</Scene>
<Scene>
<INIT seed="4,0,0,1,0,30" ten="170,479,180,171" oya="0" hai0="75,132,65,118,113,45,119,69,125,54,92,104,55" hai1="34,10,31,88,4,66,57,9,89,0,96,19,82" hai2="20,26,86,35,56,95,32,84,25,124,36,39,51" hai3="78,99,131,63,80,133,38,94,47,60,29,98,105"/><T110/><D104/><U6/><E19/><V41/><F124/><W58/><G133/><T28/><D125/><U112/><E112/><V43/><F20/><W24/><G131/><T23/><D132/><U121/><E121/><V71/><F56/><W126/><G126/><T90/><D75/><U107/><E82/><V48/><REACH who="2" step="1"/><F95/><REACH who="2" ten="170,479,170,171" step="2"/><W21/><G105/><T11/><D23/><U83/><E57/><V1/><F1/><W74/><G58/><T12/><D92/><U14/><E0/><V93/><F93/><W72/><G72/><T79/><D110/><U76/><E107/><V44/><F44/><W115/><G115/><T100/><D113/><U3/><E3/><V5/><F5/><W64/><G64/><T128/><D65/><U108/><E66/><V7/><F7/><W33/><G21/><T103/><D69/><AGARI ba="0,1" hai="25,26,32,35,36,39,41,43,48,51,69,71,84,86" machi="69" ten="25,8000,1" yaku="1,1,22,2,52,2,53,0" doraHai="30" doraHaiUra="42" who="2" fromWho="0" sc="170,-80,479,0,170,90,171,0" />
</Scene>
<Scene>
<INIT seed="5,0,0,3,3,121" ten="90,479,260,171" oya="1" hai0="62,6,122,53,99,71,89,98,51,118,73,57,55" hai1="34,21,133,134,61,15,64,5,39,16,107,70,20" hai2="1,91,103,82,81,83,2,10,131,13,126,38,101" hai3="96,18,67,76,24,25,14,31,12,105,60,94,59"/><U46/><E34/><V36/><F131/><W110/><G105/><T102/><D118/><U50/><E107/><V4/><F126/><W127/><G127/><T23/><D122/><U79/><E5/><V26/><F91/><W106/><G106/><T111/><D73/><U93/><E79/><V48/><F26/><W9/><G110/><T65/><D111/><U47/><E93/><V112/><F48/><W109/><G109/><T45/><D6/><U42/><REACH who="1" step="1"/><E21/><REACH who="1" ten="90,469,260,171" step="2"/><V125/><F4/><W78/><G76/><T0/><D23/><U29/><E29/><V86/><F125/><W90/><G78/><T115/><D0/><U33/><E33/><V119/><F1/><W124/><G124/><T85/><D115/><U117/><E117/><V11/><F2/><W130/><G31/><T63/><REACH who="0" step="1"/><D102/><REACH who="0" ten="80,469,260,171" step="2"/><U22/><E22/><V104/><F103/><W114/><G114/><T7/><D7/><U49/><E49/><V129/><F101/><W17/><G130/><T66/><D66/><U84/><E84/><V43/><F86/><W35/><G35/><T37/><D37/><U72/><E72/><V3/><F36/><W69/><G9/><T123/><D123/><U132/><E132/><V74/><F11/><W40/><G25/><T92/><AGARI ba="0,2" hai="45,51,53,55,57,62,63,65,71,85,89,92,98,99" machi="92" ten="20,2700,0" yaku="1,1,0,1,7,1,53,0" doraHai="121" doraHaiUra="100" who="0" fromWho="0" sc="80,47,469,-13,260,-7,171,-7" />
</Scene>
<Scene>
<INIT seed="6,0,0,3,2,9" ten="127,456,253,164" oya="2" hai0="94,60,69,8,48,113,43,1,64,19,24,12,32" hai1="88,31,128,39,14,99,20,15,17,34,57,120,76" hai2="103,105,121,0,40,36,100,104,115,49,131,87,2" hai3="93,83,33,77,95,98,67,25,38,116,27,46,47"/><V61/><F121/><W118/><G67/><T55/><D113/><U126/><E39/><V52/><F115/><W102/><G95/><T72/><D72/><U117/><E34/><V80/><F131/><W110/><G110/><T107/><D107/><U101/><E31/><V66/><F105/><W109/><G109/><T4/><D43/><U130/><E76/><V10/><F40/><W119/><G38/><T75/><D75/><U7/><E126/><V59/><F36/><W18/><G27/><T85/><D32/><U108/><E117/><V23/><F23/><W63/><G63/><T133/><D133/><U22/><E22/><V3/><F10/><W132/><G132/><T123/><D123/><U58/><E101/><V71/><REACH who="2" step="1"/><F104/><REACH who="2" ten="127,456,243,164" step="2"/><W124/><G118/><T68/><D8/><N who="1" m="4383" /><E120/><V112/><F112/><W129/><G119/><T135/><D135/><U51/><E108/><V65/><F65/><W96/><G129/><T26/><D64/><U86/><E130/><V54/><F54/><W78/><G116/><T50/><D55/><U56/><E128/><V11/><F11/><W13/><G124/><T5/><D1/><U134/><E134/><V122/><F122/><W91/><G33/><T29/><D4/><U30/><E51/><V73/><F73/><W44/><G25/><T89/><D50/><U37/><E37/><V90/><AGARI ba="0,1" hai="0,2,3,49,52,59,61,66,71,80,87,90,100,103" machi="90" ten="30,11700,0" yaku="1,1,0,1,54,1,53,1" doraHai="9" doraHaiUra="45" who="2" fromWho="2" sc="127,-39,456,-39,243,127,164,-39" />
</Scene>
<Scene>
<INIT seed="6,1,0,3,5,108" ten="88,417,370,125" oya="2" hai0="31,6,134,94,98,13,129,59,22,107,74,7,88" hai1="25,63,87,62,105,127,112,113,135,54,29,66,81" hai2="111,71,44,79,1,39,11,117,30,133,3,95,36" hai3="68,5,76,114,15,96,21,2,53,56,43,20,118"/><V104/><F117/><W38/><G118/><T103/><D134/><U122/><E135/><V78/><F133/><W97/><G68/><T126/><D126/><U128/><E127/><V125/><F125/><W49/><G2/><T28/><D129/><U80/><E105/><V91/><F104/><W123/><G123/><T32/><D32/><U12/><E12/><V61/><F111/><W131/><G131/><T92/><D107/><U85/><E54/><V41/><F36/><W82/><G5/><N who="0" m="1547" /><D74/><U119/><E122/><V51/><F30/><W48/><G38/><T35/><D35/><U16/><E16/><V121/><F121/><W50/><G43/><T27/><D13/><U65/><E128/><V72/><F11/><W24/><G15/><T70/><D70/><U64/><E119/><V102/><F102/><W115/><G96/><N who="0" m="59799" /><D59/><U84/><E25/><V33/><F33/><W120/><G97/><T116/><D116/><U55/><BYE who="0" /><E55/><V132/><F132/><W47/><G120/><T8/><D8/><U90/><E29/><V14/><F14/><W34/><G34/><UN n0="%E6%A3%AE%E5%AE%AE%E8%92%BC%E4%B9%83" /><T9/><D28/><U100/><E90/><V60/><F39/><W77/><G47/><T40/><D40/><U99/><E99/><N who="2" m="57855" /><F71/><W83/><G77/><N who="2" m="29193" /><F72/><N who="3" m="43271" /><G83/><N who="1" m="31818" /><E100/><V124/><F124/><W93/><G93/><T42/><D42/><U130/><E130/><V69/><F69/><W67/><G67/><T45/><D45/><U0/><E0/><V58/><F58/><W101/><G101/><T57/><D57/><U73/><E73/><V86/><F86/><W89/><G56/><T18/><D31/><RYUUKYOKU ba="1,0" sc="88,10,417,10,370,10,125,-30" hai0="9,18,22,27,88,92,98" hai1="62,63,64,65,66,84,85,87,112,113" hai2="1,3,41,44,51,60,61" />
</Scene>
<Scene>
<INIT seed="6,2,0,4,4,14" ten="98,427,380,95" oya="2" hai0="57,129,100,19,126,17,56,31,81,25,43,88,94" hai1="101,53,44,130,8,122,37,93,27,34,28,76,99" hai2="121,54,6,52,50,46,59,74,32,110,113,132,10" hai3="33,77,71,106,40,108,135,65,42,95,58,30,87"/><V3/><F121/><W4/><G108/><T98/><D126/><U97/><E76/><V128/><F74/><W11/><G135/><T1/><D1/><U18/><E122/><V118/><F118/><W102/><G58/><N who="0" m="22635" /><D129/><U116/><E116/><V119/><F119/><W47/><G65/><T72/><D72/><U36/><E130/><V0/><F128/><W38/><G71/><T61/><D61/><U80/><E80/><V79/><F79/><W96/><G42/><T85/><D43/><U41/><E53/><V89/><F32/><W62/><G62/><T66/><D66/><U63/><E63/><V20/><F132/><W69/><G69/><T131/><D131/><U111/><E111/><V90/><F110/><W13/><G30/><T120/><D120/><U64/><E64/><V109/><F109/><W73/><G33/><T15/><D15/><U125/><E125/><V84/><F0/><W92/><REACH who="3" step="1"/><G87/><REACH who="3" ten="98,427,380,85" step="2"/><T127/><D127/><U83/><E34/><V12/><F84/><W114/><G114/><T124/><D124/><U103/><E28/><V60/><F113/><W2/><G2/><T68/><D68/><U5/><E41/><V82/><F3/><W115/><G115/><T78/><D78/><U21/><E37/><V45/><F45/><W48/><G48/><T55/><D55/><U35/><E36/><V112/><F112/><W123/><G123/><T26/><D31/><U22/><E44/><V24/><F46/><W107/><G107/><T134/><D134/><U117/><E35/><V86/><F54/><W23/><G23/><T70/><D70/><RYUUKYOKU ba="2,1" sc="98,15,427,-15,380,-15,85,15" hai0="17,19,25,26,81,85,88,94,98,100" hai3="4,11,13,38,40,47,73,77,92,95,96,102,106" />
</Scene>
<Scene>
<INIT seed="7,3,1,2,4,36" ten="113,412,365,100" oya="3" hai0="41,23,11,84,92,124,7,121,49,24,117,133,134" hai1="104,97,126,34,120,87,27,14,100,76,13,46,31" hai2="12,56,44,119,35,53,86,32,114,25,111,58,66" hai3="54,89,73,125,60,91,42,16,107,9,55,135,68"/><W85/><G107/><T77/><D117/><U63/><E120/><V112/><F119/><W18/><G73/><T38/><D38/><U75/><E126/><V71/><F111/><W62/><G125/><T59/><D124/><U78/><E75/><V99/><F71/><W123/><G123/><T65/><D121/><U5/><E46/><V115/><F99/><W81/><G135/><N who="0" m="51723" /><D41/><U82/><E78/><V101/><F101/><W96/><G68/><T116/><D116/><U29/><E5/><V108/><F108/><W88/><G42/><T105/><D105/><U21/><E31/><V74/><F74/><W26/><G18/><N who="0" m="12407" /><D77/><U30/><E30/><V127/><F127/><W0/><G0/><N who="0" m="487" /><D84/><U106/><E21/><V52/><F66/><W50/><G55/><N who="2" m="21065" /><F44/><N who="3" m="27975" /><G96/><T19/><D49/><U69/><E106/><V132/><F132/><W113/><G113/><T37/><D37/><U8/><E8/><V4/><F86/><W47/><G47/><T109/><D109/><U61/><E61/><N who="3" m="23658" /><G26/><T28/><D19/><U79/><E79/><V51/><F51/><W94/><G94/><T93/><D28/><U48/><E48/><V20/><F58/><W90/><G90/><T22/><D59/><U3/><E3/><V64/><F56/><W1/><G1/><T130/><D65/><AGARI ba="3,1" hai="13,14,27,29,34,63,65,69,76,82,87,97,100,104" machi="65" ten="40,2600,0" yaku="25,2" doraHai="36" who="1" fromWho="0" sc="113,-35,412,45,365,0,100,0" owari="78,-42.0,457,55.0,365,17.0,100,-30.0" />
</Scene>
</mjloggm>