<mjloggm ver="2.3"><GO type="169" lobby="0"/><UN n0="%4A%61%6E%2D%4D%61%63%68" n1="%E3%80%93%E9%B3%A9%E9%BA%A6%E7%8E%84%E7%B1%B3%E3%80%93" n2="%E3%81%99%E3%81%9A%E3%82%81%E3%82%AF%E3%83%AC%E3%82%A4%E3%82%B8%E3%83%BC" n3="%E3%81%A9%E3%81%B0%E3%81%A8%E3%81%A1%E3%82%83%E3%82%93" dan="16,17,19,17" rate="2074.39,2242.02,2300.09,2207.28" sx="M,M,M,F"/><TAIKYOKU oya="0"/>

<Scene>
<INIT seed="0,0,0,1,1,48" ten="250,250,250,250" oya="0" hai0="80,23,109,85,41,97,81,79,106,99,119,103,0" hai1="98,87,65,82,94,96,35,4,12,9,115,46,11" hai2="135,53,112,37,67,6,70,126,107,52,22,76,59" hai3="17,43,105,122,71,108,88,31,89,30,16,7,113"/><T55/><D0/><U116/><E116/><V132/><F107/><W110/><G71/><T29/><D119/><U100/><E35/><V19/><F112/><W86/><G105/><T93/><D41/><U56/><E115/><V95/><F126/><W111/><G113/><T58/><D109/><U51/><E98/><V83/><F37/><W77/><G43/><T3/><D3/><U8/><E56/><V125/><F6/><W133/><G7/><T114/><D114/><U75/><E65/><V118/><F125/><W102/><G102/><T73/><D29/><N who="3" m="10761" /><G122/><T90/><D23/><U74/><E75/><V127/><F70/><W24/><G133/><N who="2" m="51273" /><F118/><W54/><G24/><T15/><D15/><U18/><E74/><N who="2" m="43415" /><F95/><W13/><G77/><T34/><D34/><U104/><E104/><V91/><F91/><N who="3" m="34891" /><G86/><T21/><D21/><U49/><E4/><V101/><F101/><W47/><G13/><T57/><D57/><U25/><E25/><N who="2" m="14559" /><F127/><W117/><G117/><T92/><REACH who="0" step="1"/><D97/><REACH who="0" ten="240,250,250,250" step="2"/><U128/><E96/><V39/><F39/><W63/><G47/><T36/><D36/><U131/><E46/><V66/><F66/><W129/><G129/><T78/><D78/><N who="1" m="46551" /><E131/><V40/><F40/><W20/><G20/><T61/><AGARI ba="0,1" hai="55,58,61,73,79,80,81,85,90,92,93,99,103,106" machi="61" ten="20,12000,1" yaku="1,1,0,1,7,1,52,1,53,1" doraHai="48" doraHaiUra="72" who="0" fromWho="0" sc="240,130,250,-40,250,-40,250,-40" />
</Scene>
<Scene>
<INIT seed="0,1,0,1,5,134" ten="370,210,210,210" oya="0" hai0="11,46,42,93,53,90,21,121,48,73,104,89,123" hai1="16,130,113,27,43,51,100,9,92,4,118,124,122" hai2="129,68,75,82,70,45,25,66,14,60,106,125,65" hai3="117,32,133,115,84,24,38,5,96,23,10,102,101"/><T94/><D104/><U58/><E118/><V107/><F129/><W15/><G38/><T109/><D73/><U50/><E122/><V97/><F14/><W103/><G115/><T34/><D34/><U64/><E130/><V77/><F45/><W86/><G117/><T72/><D72/><U111/><E111/><V1/><F1/><W47/><G133/><T54/><D109/><U128/><E113/><V131/><F131/><W80/><G32/><T127/><D11/><U135/><E135/><V57/><F57/><W8/><G8/><T112/><D21/><U88/><E100/><V19/><F19/><W39/><G39/><T56/><D112/><U98/><E124/><V61/><F97/><W99/><G47/><T20/><D20/><N who="1" m="13703" /><E43/><V26/><F125/><W6/><G6/><T95/><D127/><U29/><E29/><V55/><F55/><W114/><G114/><T40/><D123/><U110/><E110/><V31/><F25/><W108/><G108/><T22/><D22/><U87/><E98/><N who="3" m="37418" /><G80/><T120/><D120/><U79/><E79/><V13/><F13/><W18/><AGARI ba="1,0" hai="5,10,15,18,23,24,84,86,101,102,103" m="37418" machi="18" ten="30,1100,0" yaku="8,1" doraHai="134" who="3" fromWho="3" sc="370,-6,210,-4,210,-4,210,14" />
</Scene>
<Scene>
<INIT seed="1,0,0,5,2,80" ten="364,206,206,224" oya="1" hai0="54,74,58,88,101,4,39,9,41,119,82,83,67" hai1="86,76,23,116,18,34,19,46,11,63,59,113,64" hai2="115,26,25,60,129,66,29,55,133,20,30,134,72" hai3="104,110,108,93,44,107,35,124,1,126,62,105,112"/><U13/><E113/><V118/><F72/><W68/><G112/><T2/><D119/><U128/><E34/><V114/><F55/><W106/><G1/><T97/><D67/><U103/><E128/><V65/><F129/><W7/><G7/><T14/><D2/><U109/><E116/><V135/><F118/><W45/><G35/><T130/><D130/><U122/><E122/><V10/><F65/><N who="3" m="41015" /><G93/><T123/><D123/><U91/><E109/><N who="3" m="42090" /><G105/><T70/><D70/><U111/><E111/><V98/><F98/><W69/><G69/><T102/><D41/><U33/><E33/><N who="2" m="20655" /><F60/><W95/><G95/><N who="0" m="56551" /><D39/><U42/><E76/><V71/><F66/><W37/><G37/><T132/><D74/><U90/><E103/><N who="0" m="39433" /><D132/><U21/><E19/><V51/><F71/><W40/><G40/><T78/><D78/><U73/><E73/><V49/><F115/><W121/><G121/><T81/><D81/><N who="1" m="49487" /><E91/><V52/><F114/><W15/><G106/><T28/><D28/><U100/><E100/><V92/><F134/><W47/><G104/><T96/><D96/><U50/><AGARI ba="0,0" hai="11,13,18,21,23,42,46,50,59,63,64" m="49487" machi="50" ten="30,3000,0" yaku="8,1,52,1" doraHai="80" who="1" fromWho="1" sc="364,-10,206,30,206,-10,224,-10" />
</Scene>
<Scene>
<INIT seed="1,1,0,5,1,132" ten="354,236,196,214" oya="1" hai0="123,42,111,15,68,13,66,59,104,127,77,83,129" hai1="122,82,72,21,18,133,98,9,101,94,105,108,85" hai2="23,113,112,67,4,49,71,12,126,6,48,22,120" hai3="45,128,134,117,16,93,63,99,14,88,27,102,44"/><U118/><E118/><V130/><F71/><W110/><G110/><T75/><D68/><U36/><E36/><V121/><F130/><W5/><G134/><T135/><D111/><U116/><E116/><V54/><F54/><W78/><G128/><T24/><D135/><U55/><E133/><V38/><F38/><W106/><G117/><T97/><D129/><U41/><E41/><V31/><F31/><W107/><G78/><T86/><D123/><U103/><E122/><V33/><F33/><W95/><G107/><T26/><D42/><U96/><E72/><V1/><F12/><W25/><G5/><T84/><D75/><U29/><E108/><V3/><F67/><W34/><G63/><T37/><D104/><U28/><E9/><V69/><F69/><W65/><G65/><T100/><D86/><U43/><E55/><V91/><F91/><W124/><G106/><T58/><D59/><U17/><E43/><V8/><F8/><W46/><G124/><AGARI ba="1,0" hai="1,3,4,6,22,23,48,49,112,113,120,121,124,126" machi="124" ten="25,6400,0" yaku="22,2,52,2" doraHai="132" who="2" fromWho="3" sc="354,0,236,0,196,67,214,-67" />
</Scene>
<Scene>
<INIT seed="2,0,0,5,2,55" ten="354,236,263,147" oya="2" hai0="103,125,13,14,93,91,114,133,6,128,135,90,127" hai1="53,47,119,22,81,29,72,64,56,61,49,69,32" hai2="21,35,11,75,30,101,86,20,16,19,60,113,124" hai3="40,126,78,33,24,26,34,94,121,92,39,65,18"/><V84/><F75/><W3/><G121/><T88/><D114/><U83/><E32/><V108/><F113/><W28/><G3/><T131/><D6/><U48/><E119/><V41/><F35/><W118/><G118/><T63/><D63/><U67/><E72/><V79/><F41/><W23/><G126/><N who="0" m="48139" /><D103/><U99/><E99/><V117/><F79/><W27/><G78/><T17/><D17/><U105/><E105/><V12/><F117/><W9/><G9/><T57/><D57/><U52/><REACH who="1" step="1"/><E67/><REACH who="1" ten="354,226,263,147" step="2"/><V10/><F124/><W42/><G65/><T45/><D93/><U36/><E36/><V100/><F108/><W74/><G74/><T98/><D98/><U59/><E59/><V68/><F86/><W77/><G39/><T110/><D45/><U120/><E120/><V106/><F84/><W15/><G94/><T112/><D110/><U2/><E2/><V132/><F106/><W44/><G92/><T66/><D66/><U85/><E85/><V109/><F109/><W51/><G33/><T7/><D112/><U54/><E54/><V130/><F101/><W46/><G77/><T58/><D58/><U5/><E5/><V87/><F87/><W71/><G71/><T104/><D7/><U50/><E50/><V115/><F100/><W95/><G95/><T4/><D4/><U37/><E37/><V107/><F107/><W0/><G0/><T89/><D89/><U8/><E8/><V80/><F68/><W111/><G111/><T1/><D104/><U123/><E123/><V97/><F115/><W62/><G62/><T73/><D73/><RYUUKYOKU ba="0,1" sc="354,-15,226,15,263,-15,147,15" hai1="22,29,47,48,49,52,53,56,61,64,69,81,83" hai3="15,18,23,24,26,27,28,34,40,42,44,46,51" />
</Scene>
<Scene>
<INIT seed="3,1,1,1,2,108" ten="339,241,248,162" oya="3" hai0="5,59,105,71,86,88,102,124,15,111,30,28,33" hai1="42,69,45,51,92,32,126,68,39,127,17,1,48" hai2="123,96,47,19,95,40,103,118,81,78,121,53,79" hai3="26,116,34,18,113,57,70,62,64,128,80,3,87"/><W44/><G116/><T98/><D71/><N who="1" m="27211" /><E1/><V89/><F118/><W135/><G128/><T31/><D111/><U2/><E2/><V85/><F53/><W0/><G135/><T14/><D124/><N who="1" m="47659" /><E32/><V90/><F19/><W97/><G113/><T112/><D112/><U23/><E92/><V50/><F90/><W99/><G44/><T114/><D114/><U8/><E8/><V27/><F27/><AGARI ba="1,1" hai="17,23,27,39,42,45,48,51" m="47659,27211" machi="27" ten="30,1000,0" yaku="18,1" doraHai="108" who="1" fromWho="2" sc="339,0,241,23,248,-13,162,0" />
</Scene>
<Scene>
<INIT seed="4,0,0,3,1,52" ten="339,264,235,162" oya="0" hai0="125,66,44,97,47,4,72,132,64,122,102,83,90" hai1="115,78,32,74,41,20,53,106,123,31,3,1,80" hai2="87,7,96,14,57,88,40,36,85,2,73,25,9" hai3="45,34,58,104,67,69,26,91,114,134,127,54,28"/><T65/><D122/><U135/><E20/><V79/><F73/><W23/><G114/><T19/><D132/><U10/><E123/><V11/><F36/><W126/><G134/><T129/><D125/><N who="3" m="47625" /><G104/><T86/><D72/><U99/><E53/><V93/><F40/><W8/><G45/><T17/><D4/><N who="1" m="1295" /><E115/><V35/><F79/><W48/><G8/><T131/><D47/><U59/><E59/><V117/><F117/><W100/><G100/><T118/><D44/><U22/><E22/><V15/><F2/><W103/><G103/><T60/><D60/><U56/><E56/><V120/><F120/><W110/><G110/><T29/><D29/><U27/><E41/><V130/><F130/><N who="0" m="49674" /><D118/><U51/><E51/><V21/><F57/><N who="3" m="32967" /><G69/><T113/><D113/><U101/><E135/><V105/><F105/><AGARI ba="0,0" hai="17,19,64,65,66,83,86,90,97,102,105" m="49674" machi="105" ten="30,1500,0" yaku="19,1" doraHai="52" who="0" fromWho="2" sc="339,15,264,0,235,-15,162,0" />
</Scene>
<Scene>
<INIT seed="4,1,0,3,0,58" ten="354,264,220,162" oya="0" hai0="7,56,79,63,126,87,90,35,12,122,3,71,49" hai1="81,59,34,44,31,117,32,102,88,9,42,135,115" hai2="30,68,123,118,133,46,1,108,33,24,53,109,69" hai3="129,25,21,95,50,4,65,73,48,45,76,112,17"/><T101/><D3/><U51/><E117/><V82/><F123/><W62/><G112/><T93/><D35/><U97/><E135/><V105/><F133/><W111/><G111/><T107/><D122/><U5/><E115/><V125/><F118/><W40/><G129/><T84/><D71/><U104/><E31/><V64/><F125/><W38/><G4/><T127/><D49/><U52/><E81/><V92/><F1/><W89/><G76/><T22/><D107/><U121/><E121/><V14/><F105/><W134/><G73/><T120/><D101/><U28/><E28/><V106/><F106/><W2/><G2/><T86/><D120/><U16/><E5/><V26/><F69/><W78/><G78/><T36/><D36/><U132/><E132/><V18/><F68/><W60/><G134/><T37/><D37/><U110/><E110/><V66/><F33/><W98/><REACH who="3" step="1"/><G65/><REACH who="3" ten="354,264,220,152" step="2"/><N who="0" m="39143" /><D79/><U131/><E131/><V57/><F109/><W13/><G13/><T55/><D127/><U77/><E77/><V94/><F66/><W70/><G70/><T27/><D126/><U6/><E6/><V85/><F64/><W113/><G113/><T0/><D12/><U75/><E75/><V8/><F14/><W114/><G114/><T91/><D7/><U128/><E128/><V74/><F74/><W54/><G54/><T43/><D0/><U119/><E52/><V67/><F67/><W103/><G103/><T29/><D55/><U23/><E102/><V11/><F53/><W80/><G80/><N who="0" m="49415" /><D43/><U10/><E42/><V99/><F108/><W61/><AGARI ba="1,1" hai="17,21,25,38,40,45,48,50,60,61,62,89,95,98" machi="61" ten="30,12000,2" yaku="1,1,5,1,0,1,52,3,53,1" doraHai="58" doraHaiUra="15" who="3" fromWho="3" sc="354,-61,264,-31,220,-31,152,133" />
</Scene>
<Scene>
<INIT seed="5,0,0,0,2,15" ten="293,233,189,285" oya="1" hai0="89,2,42,83,85,51,36,102,1,123,3,130,9" hai1="113,67,58,32,18,61,110,86,43,91,62,96,22" hai2="11,129,120,0,19,56,10,37,13,118,54,99,26" hai3="14,133,24,49,119,77,98,60,71,65,31,16,88"/><U121/><E110/><V21/><F120/><W20/><G133/><T124/><D36/><U101/><E121/><V30/><F37/><W105/><G77/><T45/><D123/><U47/><E32/><V66/><F129/><W12/><G119/><T93/><D130/><U84/><E113/><V27/><F118/><W7/><G7/><T127/><D102/><U34/><E34/><V69/><F69/><W109/><G109/><T114/><D114/><U90/><E86/><V128/><F66/><W81/><G31/><T59/><D59/><U53/><E43/><V122/><F128/><W25/><G12/><T131/><D131/><U116/><E116/><V57/><F99/><W70/><G70/><T8/><REACH who="0" step="1"/><D83/><REACH who="0" ten="283,233,189,285" step="2"/><U80/><E101/><V52/><F122/><W64/><G71/><T5/><D5/><U33/><E58/><V72/><F57/><W117/><G81/><T55/><D55/><U50/><E67/><V100/><F100/><W76/><G64/><T97/><D97/><U87/><E96/><V132/><F132/><W40/><G65/><T35/><D35/><U74/><E33/><V4/><F56/><W29/><G98/><T75/><D75/><U38/><E74/><V39/><F72/><W104/><G117/><T134/><D134/><U107/><E38/><V63/><F39/><W94/><G40/><T126/><AGARI ba="0,1" hai="1,2,3,8,9,42,45,51,85,89,93,124,126,127" machi="126" ten="40,8000,1" yaku="1,1,0,1,18,1,53,1" doraHai="15" doraHaiUra="82" who="0" fromWho="0" sc="283,90,233,-40,189,-20,285,-20" />
</Scene>
<Scene>
<INIT seed="6,0,0,5,4,3" ten="373,193,169,265" oya="2" hai0="119,118,91,12,48,87,38,114,26,29,122,96,109" hai1="52,45,56,134,22,92,21,110,127,94,7,44,125" hai2="67,117,6,89,13,49,69,99,4,73,24,71,8" hai3="79,103,112,23,16,130,68,75,11,70,47,124,74"/><V2/><F73/><W100/><G11/><T86/><D38/><U31/><E110/><V18/><F117/><N who="0" m="44554" /><D109/><U108/><E108/><V1/><F69/><W59/><G59/><T95/><D122/><U37/><E134/><V60/><F49/><W81/><G103/><T126/><D114/><U36/><E31/><V84/><F99/><W17/><G17/><T85/><D126/><U66/><E66/><V55/><F55/><W97/><G23/><N who="0" m="15583" /><D12/><U131/><E56/><V129/><F129/><W25/><G68/><T76/><D48/><U43/><E43/><V123/><F123/><W106/><G81/><AGARI ba="0,0" hai="76,81,85,86,87,91,95,96" m="15583,44554" machi="81" ten="30,1000,0" yaku="12,1" doraHai="3" who="0" fromWho="3" sc="373,10,193,0,169,0,265,-10" />
</Scene>
<Scene>
<INIT seed="7,0,0,0,1,91" ten="383,193,169,255" oya="3" hai0="131,129,92,52,48,2,133,5,56,28,32,12,37" hai1="79,59,117,104,57,115,40,122,100,8,78,121,111" hai2="17,112,70,42,72,76,95,81,87,80,108,35,106" hai3="65,10,15,30,97,126,75,33,4,101,66,116,84"/><W68/><G75/><T89/><D37/><U29/><E111/><V120/><F70/><W22/><G33/><T53/><D2/><U102/><E29/><V54/><F108/><W45/><G68/><T61/><D133/><U49/><E115/><V46/><F112/><W99/><G99/><T38/><D38/><U127/><E127/><V60/><F106/><W94/><G116/><T55/><D28/><U3/><E117/><V96/><F120/><W31/><G31/><T6/><D32/><U110/><E110/><V73/><F35/><W63/><G63/><T19/><D131/><U88/><E104/><V43/><F17/><W114/><G126/><T109/><D129/><U93/><E3/><V82/><F73/><W16/><G30/><T103/><D103/><N who="1" m="39467" /><E8/><V7/><F7/><N who="0" m="2570" /><D61/><U25/><E25/><V85/><F72/><W125/><G125/><T11/><D109/><U23/><E23/><V132/><F132/><W135/><G135/><T83/><D83/><N who="2" m="31818" /><F87/><AGARI ba="0,0" hai="11,12,19,48,52,53,55,56,87,89,92" m="2570" machi="87" ten="30,3900,0" yaku="8,1,52,1,54,1" doraHai="91" who="0" fromWho="2" sc="383,39,193,0,169,-39,255,0" owari="422,52.0,193,-21.0,130,-37.0,255,6.0" />
</Scene>
</mjloggm>