<mjloggm ver="2.3"><GO type="169" lobby="0"/><UN n0="%74%61%6E%61%4B%61" n1="%E7%AB%8B%E8%8F%AF%E5%A5%8F" n2="%6D%75%75%6D%75%75" n3="%E3%81%99%E3%81%9A%E3%82%81%E3%82%AF%E3%83%AC%E3%82%A4%E3%82%B8%E3%83%BC" dan="16,17,16,19" rate="2139.05,2201.72,2073.73,2303.21" sx="M,F,F,M"/><TAIKYOKU oya="0"/>

<Scene>
<INIT seed="0,0,0,3,3,63" ten="250,250,250,250" oya="0" hai0="49,90,83,58,65,5,101,84,46,73,48,42,21" hai1="40,47,135,2,124,93,97,77,6,24,28,61,19" hai2="54,17,34,128,129,75,1,52,126,92,8,91,41" hai3="74,131,27,111,114,16,11,86,72,18,68,43,109"/><T7/><D73/><U88/><E124/><V102/><F34/><W4/><G114/><T130/><D130/><N who="2" m="50282" /><F75/><W62/><G43/><T108/><D108/><U9/><E135/><V96/><F41/><W123/><G131/><T37/><D101/><U94/><E77/><V66/><F126/><W89/><G123/><T112/><D112/><U3/><E19/><V55/><F17/><W105/><G105/><T13/><D37/><U70/><E93/><V71/><F8/><W57/><G68/><T100/><D100/><U56/><E70/><V20/><F20/><W12/><G74/><T33/><D33/><U22/><E3/><V26/><F26/><W127/><G72/><T25/><D13/><U120/><E120/><V87/><F1/><W132/><G132/><T29/><REACH who="0" step="1"/><D49/><REACH who="0" ten="240,250,250,250" step="2"/><U134/><E134/><V133/><F133/><W117/><G127/><T78/><D78/><U104/><E104/><V110/><F110/><W119/><G111/><T122/><D122/><U95/><E2/><V67/><F71/><W116/><G109/><T107/><D107/><AGARI ba="0,1" hai="52,54,55,66,67,87,91,92,96,102,107" m="50282" machi="107" ten="30,7700,0" yaku="19,1,52,2,54,1" doraHai="63" who="2" fromWho="0" sc="240,-77,250,0,250,87,250,0" />
</Scene>
<Scene>
<INIT seed="1,0,0,1,4,101" ten="163,250,337,250" oya="1" hai0="17,28,63,107,78,123,36,19,98,14,21,82,128" hai1="60,134,22,94,66,87,110,18,81,29,37,6,35" hai2="105,99,58,25,86,59,69,53,54,109,91,4,12" hai3="13,100,116,130,65,10,50,118,112,75,43,121,117"/><U24/><E134/><V48/><F69/><W30/><G75/><T3/><D3/><U71/><E37/><V95/><F109/><W73/><G73/><T103/><D36/><U120/><E120/><V44/><F25/><W7/><G65/><T55/><D128/><U68/><E110/><V115/><F115/><W74/><G74/><T90/><D123/><U46/><E6/><V9/><REACH who="2" step="1"/><F54/><REACH who="2" ten="163,250,327,250" step="2"/><W108/><G112/><T27/><D55/><U33/><E68/><V89/><F89/><W97/><G108/><T40/><D90/><U77/><E29/><V47/><F47/><N who="3" m="25983" /><G30/><T84/><D40/><U133/><E133/><V127/><F127/><W79/><G121/><T104/><D28/><U34/><E46/><V2/><F2/><W124/><G79/><T125/><D125/><U129/><E129/><V111/><F111/><W96/><G124/><T76/><D78/><U42/><E42/><V70/><F70/><W92/><G130/><T20/><REACH who="0" step="1"/><D63/><REACH who="0" ten="153,250,327,250" step="2"/><U39/><E39/><V31/><F31/><W1/><G1/><T85/><D85/><U67/><E60/><V102/><AGARI ba="0,2" hai="4,9,12,44,48,53,58,59,86,91,95,99,102,105" machi="102" ten="30,4000,0" yaku="1,1,0,1,52,1,53,0" doraHai="101" doraHaiUra="64" who="2" fromWho="2" sc="153,-10,250,-20,327,60,250,-10" />
</Scene>
<Scene>
<INIT seed="2,0,0,1,0,118" ten="143,230,387,240" oya="2" hai0="54,100,18,103,5,72,134,63,51,117,31,1,61" hai1="52,130,32,39,21,92,79,109,128,77,14,16,86" hai2="0,127,62,81,19,71,2,91,24,83,105,112,59" hai3="98,44,36,57,74,115,68,13,26,120,96,85,82"/><V119/><F119/><W87/><G68/><T122/><D117/><U102/><E109/><V22/><F105/><W48/><G74/><T27/><D72/><U133/><E133/><V42/><F71/><W111/><G36/><T7/><D134/><U94/><E39/><V33/><F112/><W49/><G111/><T47/><D122/><U9/><E32/><V4/><F42/><W93/><G26/><T41/><D18/><U69/><E69/><V73/><F73/><W76/><G120/><T45/><D63/><U10/><E102/><V43/><F43/><W58/><G49/><T88/><D1/><U90/><E92/><V132/><F127/><W12/><G87/><T46/><D61/><U123/><E123/><V64/><F33/><W116/><G98/><T106/><D106/><U35/><E35/><V126/><F126/><W15/><G115/><T101/><D88/><U70/><E70/><V60/><F60/><W121/><G121/><T28/><D28/><U80/><E77/><V97/><F132/><W40/><REACH who="3" step="1"/><G116/><REACH who="3" ten="143,230,387,230" step="2"/><T53/><D51/><U38/><E38/><V55/><F97/><W17/><G17/><T124/><D124/><U66/><E130/><V108/><F108/><W99/><G99/><T78/><D27/><U37/><E128/><V30/><F19/><W110/><G110/><T56/><D31/><U6/><E37/><V125/><F125/><W75/><G75/><T104/><D104/><U113/><E113/><V131/><F131/><W114/><G114/><T3/><D101/><AGARI ba="0,1" hai="12,13,15,40,44,48,57,58,76,82,85,93,96,101" machi="101" ten="40,2600,0" yaku="1,1,8,1,53,0" doraHai="118" doraHaiUra="25" who="3" fromWho="0" sc="143,-26,230,0,387,0,230,36" />
</Scene>
<Scene>
<INIT seed="3,0,0,0,5,114" ten="117,230,387,266" oya="3" hai0="41,97,23,46,79,123,76,101,49,59,57,27,87" hai1="22,4,28,50,44,90,20,6,66,107,103,81,29" hai2="94,54,115,40,64,126,31,67,78,74,5,16,17" hai3="133,129,125,102,134,34,9,86,117,106,65,112,128"/><W60/><G34/><T8/><D123/><U38/><E38/><V70/><F115/><W98/><G112/><T18/><D8/><U69/><E107/><V99/><F5/><N who="1" m="2153" /><E69/><V48/><F40/><W113/><G9/><T89/><D76/><U19/><E103/><V10/><F10/><W36/><G113/><T121/><D79/><U104/><E104/><V85/><F31/><N who="1" m="11849" /><E66/><V45/><F74/><W124/><G86/><T116/><D116/><U55/><E19/><N who="2" m="7243" /><F70/><N who="3" m="42279" /><G117/><T110/><D110/><U37/><E37/><V53/><F126/><N who="3" m="48747" /><G36/><T47/><D47/><U75/><E75/><V119/><F119/><W33/><G33/><T52/><D121/><U80/><E80/><N who="2" m="47255" /><F54/><W30/><G30/><T24/><D41/><U135/><E135/><AGARI ba="0,0" hai="98,102,106,128,129,133,134,135" m="48747,42279" machi="135" ten="30,12000,1" yaku="30,2,20,1,18,1,23,1" doraHai="114" who="3" fromWho="1" sc="117,0,230,-120,387,0,266,120" />
</Scene>
<Scene>
<INIT seed="3,1,0,4,4,1" ten="117,110,387,386" oya="3" hai0="115,74,56,7,4,49,35,71,55,41,72,89,102" hai1="112,123,81,14,88,23,47,69,43,22,30,3,12" hai2="82,50,116,133,110,77,59,48,125,113,114,26,31" hai3="44,105,60,95,90,39,9,122,132,75,84,76,57"/><W135/><G122/><T130/><D71/><U98/><E123/><V68/><F68/><W109/><G105/><T25/><D130/><U45/><E112/><V28/><F110/><W124/><G109/><T121/><D121/><U92/><E3/><V134/><F116/><W19/><G124/><T24/><D102/><U61/><E81/><V104/><F104/><W91/><G75/><T66/><D115/><U54/><E69/><V131/><F131/><W6/><G19/><T42/><D66/><U46/><E43/><N who="0" m="16393" /><D74/><U103/><E103/><V8/><F8/><W63/><G44/><T100/><D100/><U111/><E111/><V27/><F59/><W15/><G76/><T83/><D72/><U97/><E97/><V78/><REACH who="2" step="1"/><F82/><REACH who="2" ten="117,110,377,386" step="2"/><N who="3" m="49431" /><G57/><T94/><D83/><U79/><E47/><V0/><F0/><W65/><G39/><T127/><D127/><AGARI ba="1,1" hai="26,27,28,31,48,50,77,78,113,114,125,127,133,134" machi="127" ten="25,3200,0" yaku="1,1,22,2,53,0" doraHai="1" doraHaiUra="126" who="2" fromWho="0" sc="117,-35,110,0,377,45,386,0" />
</Scene>
<Scene>
<INIT seed="4,0,0,1,3,52" ten="82,110,422,386" oya="0" hai0="38,99,50,53,83,84,64,60,31,73,29,59,68" hai1="3,103,32,12,6,36,56,16,8,122,1,90,69" hai2="115,19,108,133,111,42,14,125,106,82,92,105,93" hai3="40,63,43,13,65,117,97,51,54,116,118,49,100"/><T120/><D120/><U127/><E122/><V39/><F115/><W86/><G86/><T58/><D73/><U67/><E69/><V57/><F133/><W23/><G13/><T70/><D38/><U94/><E36/><V11/><F82/><W20/><G23/><T80/><D80/><U78/><E32/><V22/><F125/><W79/><G20/><T2/><D2/><U98/><E127/><V89/><F92/><W87/><G87/><T81/><D81/><U109/><E109/><V124/><F124/><W132/><G79/><T15/><D99/><U18/><E78/><V104/><F11/><W37/><G132/><T113/><D113/><U88/><E1/><V74/><F74/><W123/><G37/><T107/><D107/><U77/><E77/><V121/><F121/><W28/><G28/><T71/><REACH who="0" step="1"/><D15/><REACH who="0" ten="72,110,422,386" step="2"/><U72/><E72/><V126/><F126/><W110/><G123/><T27/><D27/><U47/><E47/><V33/><F39/><W26/><G116/><T114/><D114/><U24/><E24/><V5/><F111/><W85/><G26/><T35/><D35/><U45/><E45/><V25/><F33/><W134/><G110/><T128/><D128/><U4/><E3/><V34/><F34/><W48/><G117/><T62/><D62/><N who="1" m="38343" /><E4/><V75/><F5/><W10/><G118/><T30/><D30/><U0/><E0/><V130/><F75/><W7/><G7/><T91/><AGARI ba="0,1" hai="29,31,50,53,58,59,60,64,68,70,71,83,84,91" machi="91" ten="30,11700,0" yaku="1,1,0,1,52,2,53,0" doraHai="52" doraHaiUra="41" who="0" fromWho="0" sc="72,127,110,-39,422,-39,386,-39" />
</Scene>
<Scene>
<INIT seed="4,1,0,2,1,14" ten="199,71,383,347" oya="0" hai0="127,104,121,19,89,114,96,108,16,92,60,41,31" hai1="102,125,128,15,91,107,43,116,45,6,47,106,17" hai2="46,130,40,80,105,57,113,20,5,124,67,99,97" hai3="44,21,117,123,7,94,59,132,131,18,70,30,75"/><T109/><D121/><U13/><E116/><V52/><F113/><W36/><G70/><T98/><D114/><U39/><E125/><V101/><F67/><W120/><G75/><T82/><D127/><U119/><E119/><V35/><F35/><W1/><G117/><T84/><D31/><U66/><E128/><V87/><F99/><W68/><G68/><T88/><D41/><U38/><E66/><V49/><F5/><W53/><G132/><T48/><D48/><U9/><E102/><V95/><F105/><W110/><G110/><N who="0" m="42603" /><D60/><U11/><E91/><V51/><F130/><W79/><G30/><T12/><D12/><U69/><E69/><V134/><F134/><W56/><G36/><T76/><D104/><U118/><E118/><V22/><F124/><W74/><G131/><T63/><D63/><U78/><E78/><AGARI ba="1,0" hai="20,22,40,46,49,51,52,57,78,80,87,95,97,101" machi="78" ten="30,3900,0" yaku="7,1,8,1,54,1" doraHai="14" who="2" fromWho="1" sc="199,0,71,-42,383,42,347,0" />
</Scene>
<Scene>
<INIT seed="5,0,0,5,4,96" ten="199,29,425,347" oya="1" hai0="17,131,109,54,126,108,20,48,45,43,110,12,51" hai1="133,117,125,83,119,107,98,134,50,25,121,129,46" hai2="34,52,10,8,94,21,135,118,104,31,124,101,16" hai3="19,68,56,73,87,71,1,23,24,4,72,100,62"/><U42/><E121/><V6/><F118/><W80/><G73/><T92/><D126/><U7/><E7/><V14/><F104/><W11/><G72/><T122/><D122/><U36/><E25/><V29/><F34/><W76/><G100/><T86/><D131/><U64/><E83/><V49/><F135/><N who="1" m="51721" /><E107/><V44/><F124/><W63/><G63/><T38/><D38/><U91/><E125/><V30/><F6/><W75/><G75/><T105/><D105/><U41/><E98/><AGARI ba="0,0" hai="8,10,14,16,21,29,30,31,44,49,52,94,98,101" machi="98" ten="40,8000,1" yaku="8,1,52,1,54,2" doraHai="96" who="2" fromWho="1" sc="199,0,29,-80,425,80,347,0" owari="199,-20.0,-51,-55.0,505,60.0,347,15.0" />
</Scene>
</mjloggm>