<mjloggm ver="2.3"><GO type="169" lobby="0"/><UN n0="%E3%81%99%E3%81%9A%E3%82%81%E3%82%AF%E3%83%AC%E3%82%A4%E3%82%B8%E3%83%BC" n1="%E5%B2%A1%E6%9D%91%E9%9D%96%E5%B9%B8" n2="%E3%81%A1%E3%82%83%E3%81%9D%E2%98%86" n3="%74%61%63%6F%73" dan="19,16,17,16" rate="2302.31,2115.34,2091.90,2071.65" sx="M,M,M,M"/><TAIKYOKU oya="0"/>

<Scene>
<INIT seed="0,0,0,4,2,42" ten="250,250,250,250" oya="0" hai0="93,92,6,24,2,46,131,121,66,102,79,14,77" hai1="97,4,31,8,133,99,64,113,15,89,36,57,85" hai2="11,132,74,10,59,119,83,73,53,32,3,48,54" hai3="19,115,68,47,80,122,98,1,13,126,61,94,20"/><T29/><D131/><U112/><E36/><V108/><F119/><W55/><G115/><N who="1" m="44106" /><E133/><V118/><F108/><W49/><G1/><T16/><D66/><U69/><E69/><V123/><F123/><W58/><G122/><T71/><D71/><U75/><E75/><V127/><F118/><W65/><G126/><T130/><D130/><U41/><E41/><V101/><F132/><W17/><G17/><T0/><D0/><U25/><E57/><V28/><F101/><W109/><G109/><T33/><D121/><U116/><E64/><V76/><F74/><W90/><REACH who="3" step="1"/><G80/><REACH who="3" ten="250,250,250,240" step="2"/><T120/><D120/><U78/><E116/><V26/><F3/><W134/><G134/><T87/><D2/><U129/><E129/><V12/><F127/><W18/><G18/><T104/><D6/><U86/><E4/><V22/><F12/><W135/><G135/><T38/><D16/><U51/><E15/><V44/><REACH who="2" step="1"/><F32/><REACH who="2" ten="250,250,240,240" step="2"/><W72/><G72/><T34/><D34/><U103/><E25/><V70/><F70/><AGARI ba="0,2" hai="13,19,20,47,49,55,58,61,65,68,70,90,94,98" machi="70" ten="40,2600,0" yaku="1,1,52,1,53,0" doraHai="42" doraHaiUra="128" who="3" fromWho="2" sc="250,0,250,0,240,-26,240,46" />
</Scene>
<Scene>
<INIT seed="1,0,0,1,0,122" ten="250,250,214,286" oya="1" hai0="6,47,103,89,119,118,131,98,27,94,53,133,69" hai1="73,25,67,72,71,80,112,42,120,114,129,38,74" hai2="52,29,84,48,55,86,128,105,34,44,40,37,108" hai3="49,57,110,22,97,99,121,101,10,63,95,12,115"/><U56/><E120/><V59/><F128/><W33/><G33/><T116/><D69/><U9/><E129/><V127/><F127/><W124/><G115/><T123/><D131/><U30/><E56/><V65/><F105/><W5/><G121/><T4/><D133/><U85/><E9/><V54/><F108/><W35/><G35/><T82/><D27/><U39/><E42/><V50/><F34/><W76/><G124/><T0/><D0/><U31/><E112/><V51/><F29/><W109/><G76/><T28/><D28/><U90/><E114/><V83/><F84/><W134/><G134/><T21/><D21/><U125/><E125/><V68/><F86/><W1/><G49/><N who="2" m="19049" /><F83/><W78/><G78/><T11/><D123/><U23/><REACH who="1" step="1"/><E31/><REACH who="1" ten="250,240,214,286" step="2"/><V15/><F15/><W91/><G12/><T7/><D118/><U14/><E14/><V19/><F19/><W43/><G43/><T79/><D119/><U62/><AGARI ba="0,1" hai="23,25,30,38,39,62,67,71,72,73,74,80,85,90" machi="62" ten="40,7800,0" yaku="1,1,0,1,53,1" doraHai="122" doraHaiUra="58" who="1" fromWho="1" sc="250,-26,240,88,214,-26,286,-26" />
</Scene>
<Scene>
<INIT seed="1,1,0,5,1,59" ten="224,328,188,260" oya="1" hai0="16,111,120,130,71,11,113,19,1,28,41,54,33" hai1="88,25,80,89,135,132,15,119,62,23,29,12,72" hai2="125,87,40,48,18,131,70,122,26,56,115,51,85" hai3="53,7,98,92,17,31,77,133,4,13,90,14,103"/><U86/><E119/><V52/><F122/><W106/><G133/><N who="1" m="51274" /><E72/><V127/><F131/><W42/><G42/><T83/><D130/><U6/><E6/><V79/><F70/><W58/><G77/><T110/><D41/><U45/><E45/><N who="2" m="25639" /><F79/><W109/><G31/><T101/><D71/><U94/><E62/><V57/><F57/><W107/><G109/><T91/><D120/><U20/><E23/><N who="2" m="13687" /><F115/><W9/><G103/><T74/><D101/><U39/><E39/><V102/><F102/><W43/><G43/><T2/><D113/><U84/><AGARI ba="1,0" hai="12,15,20,25,29,80,84,86,88,89,94" m="51274" machi="84" ten="30,3000,0" yaku="20,1,54,1" doraHai="59" who="1" fromWho="1" sc="224,-11,328,33,188,-11,260,-11" />
</Scene>
<Scene>
<INIT seed="1,2,0,5,3,78" ten="213,361,177,249" oya="1" hai0="128,112,65,53,13,18,31,74,4,67,75,55,107" hai1="123,108,126,64,68,17,1,70,30,85,135,7,120" hai2="27,11,20,48,2,133,89,58,8,37,79,62,39" hai3="116,94,93,29,60,16,92,101,103,132,57,87,102"/><U66/><E30/><V34/><F133/><W24/><G132/><T3/><D107/><U35/><E35/><V124/><F124/><W90/><G116/><T83/><D31/><U41/><E135/><V105/><F105/><W69/><G69/><T97/><D97/><U22/><E126/><V100/><F100/><W52/><REACH who="3" step="1"/><G16/><REACH who="3" ten="213,361,177,239" step="2"/><T47/><D18/><U114/><E17/><V63/><F8/><W98/><G98/><T73/><D112/><U127/><E127/><V84/><F11/><W9/><G9/><T45/><D128/><U46/><E114/><V106/><F27/><W96/><G96/><T25/><D25/><U56/><E70/><V86/><F34/><AGARI ba="2,1" hai="24,29,34,52,57,60,87,90,92,93,94,101,102,103" machi="34" ten="40,2600,0" yaku="1,1,54,1,53,0" doraHai="78" doraHaiUra="111" who="3" fromWho="2" sc="213,0,361,0,177,-32,239,42" />
</Scene>
<Scene>
<INIT seed="2,0,0,5,5,41" ten="213,361,145,281" oya="2" hai0="34,19,71,61,5,111,51,32,95,134,77,131,56" hai1="110,74,46,64,70,60,65,39,81,99,53,52,66" hai2="83,25,106,14,101,97,37,135,122,75,50,35,1" hai3="129,130,73,103,8,119,105,24,59,9,11,92,18"/><V89/><F122/><W68/><G68/><T55/><D111/><U104/><E110/><V125/><F125/><W109/><G109/><T58/><D71/><U90/><E74/><V54/><F1/><W17/><G73/><T80/><D131/><N who="3" m="50185" /><G105/><T100/><D5/><U0/><E0/><V26/><F135/><W30/><G119/><T69/><D69/><U76/><E76/><V116/><F116/><W2/><G2/><T123/><D134/><U33/><E33/><V23/><F37/><W114/><G114/><T43/><D19/><N who="3" m="7177" /><G59/><T107/><D107/><U10/><E10/><V94/><F14/><W96/><G9/><T93/><D32/><AGARI ba="0,0" hai="8,11,24,30,32,92,96,103" m="7177,50185" machi="32" ten="30,1000,0" yaku="19,1" doraHai="41" who="3" fromWho="0" sc="213,-10,361,0,145,0,281,10" />
</Scene>
<Scene>
<INIT seed="3,0,0,0,2,60" ten="203,361,145,291" oya="3" hai0="55,129,13,126,23,116,3,109,53,30,9,103,100" hai1="59,111,31,49,117,68,86,75,135,110,6,28,115" hai2="56,0,45,51,84,21,8,102,46,24,101,38,125" hai3="7,108,97,14,37,123,118,92,16,5,35,12,127"/><W90/><G37/><T18/><D109/><N who="1" m="41483" /><E75/><V54/><F125/><W81/><G118/><T48/><D129/><U22/><E115/><V73/><F73/><W71/><G123/><T39/><D39/><U133/><E68/><V57/><F0/><W80/><G108/><T122/><D126/><U62/><E49/><V58/><F8/><W27/><G127/><T96/><D122/><U70/><E70/><V25/><F25/><W88/><G71/><T33/><D100/><U10/><E86/><V113/><F113/><W69/><G69/><T130/><D130/><U63/><E117/><V76/><F45/><W119/><G119/><T41/><D41/><U85/><E85/><V121/><F38/><W67/><G67/><T29/><D53/><U26/><E31/><N who="2" m="17807" /><F121/><W107/><G107/><T128/><D33/><U114/><E114/><V79/><F79/><W104/><G104/><T106/><D128/><U72/><E72/><V95/><F76/><W4/><G35/><T17/><D3/><N who="1" m="351" /><E63/><V50/><F50/><W78/><G90/><AGARI ba="0,0" hai="46,51,54,56,57,58,84,90,95,101,102" m="17807" machi="90" ten="30,1000,0" yaku="8,1" doraHai="60" who="2" fromWho="3" sc="203,0,361,0,145,10,291,-10" />
</Scene>
<Scene>
<INIT seed="4,0,0,0,0,112" ten="203,361,155,281" oya="0" hai0="92,80,32,104,34,17,30,85,26,31,7,128,88" hai1="8,33,70,28,120,126,12,52,95,41,29,105,6" hai2="106,127,131,77,101,49,4,23,134,72,63,57,45" hai3="11,94,20,67,50,89,25,119,115,97,16,37,82"/><T121/><D104/><U100/><E105/><V58/><F131/><W35/><G37/><T55/><D128/><U116/><E120/><V129/><F129/><W46/><G115/><T93/><D121/><U111/><E111/><V86/><F134/><W78/><G119/><T0/><D17/><U98/><E116/><V96/><F127/><W102/><G67/><T75/><D75/><U66/><E33/><V91/><F4/><W59/><G59/><T60/><D0/><U40/><E70/><V9/><F9/><W135/><G135/><T76/><D7/><U122/><E66/><V43/><F63/><W117/><G117/><T73/><D93/><U118/><E118/><V123/><F123/><W1/><G35/><T68/><D55/><U14/><E14/><V65/><F23/><W13/><G1/><T113/><D113/><U81/><E126/><V64/><F64/><W15/><G102/><T83/><D60/><U79/><E52/><V54/><F54/><W61/><G61/><T19/><D19/><U99/><E122/><V90/><F65/><W87/><REACH who="3" step="1"/><G11/><REACH who="3" ten="203,361,155,271" step="2"/><T125/><D125/><U36/><E36/><V21/><F101/><W62/><G62/><T42/><D68/><U38/><E38/><V27/><F57/><W51/><G51/><T39/><D39/><U47/><E8/><V84/><F58/><W109/><G109/><T114/><D114/><U71/><E71/><V3/><F3/><W24/><G24/><T108/><D108/><U5/><E100/><N who="2" m="62727" /><F27/><W44/><G44/><T10/><D26/><U74/><E47/><V132/><F45/><RYUUKYOKU ba="0,1" sc="203,-10,361,-10,155,-10,271,30" hai3="13,15,16,20,25,46,50,78,82,87,89,94,97" />
</Scene>
<Scene>
<INIT seed="5,1,1,3,0,24" ten="193,351,145,301" oya="1" hai0="76,0,107,1,87,115,47,112,4,19,111,61,123" hai1="127,38,95,55,40,124,67,80,117,119,125,10,71" hai2="33,27,30,128,77,82,17,106,75,28,78,102,89" hai3="108,92,104,12,116,69,90,129,35,70,81,45,62"/><U46/><E95/><V73/><F128/><W133/><G108/><T49/><D111/><U41/><E80/><V79/><F17/><W65/><G104/><T51/><D107/><U3/><E3/><V72/><F89/><W84/><G35/><T57/><D4/><U48/><E10/><V120/><F120/><W20/><G129/><T98/><D98/><U135/><E135/><V11/><F11/><W14/><G70/><T100/><D100/><U126/><E126/><V85/><REACH who="2" step="1"/><F30/><REACH who="2" ten="193,351,135,301" step="2"/><W93/><G90/><T15/><D123/><U36/><E119/><V101/><F101/><W94/><G116/><T44/><D19/><U59/><E117/><V29/><F29/><W88/><G133/><T66/><D76/><U122/><E122/><V118/><F118/><W134/><G134/><T97/><D115/><U131/><E131/><V18/><F18/><W43/><G88/><T16/><D112/><U50/><E124/><V22/><F22/><W60/><G20/><T105/><D16/><U56/><E125/><V34/><F34/><W52/><G81/><T114/><D114/><U39/><E127/><V21/><F21/><W9/><G9/><T110/><D110/><U130/><E130/><V63/><F63/><W64/><G60/><T5/><D61/><N who="1" m="40431" /><E59/><V7/><F7/><W53/><G69/><T132/><D57/><U23/><E23/><V37/><F37/><W91/><G62/><T99/><D5/><U109/><E109/><V54/><F54/><AGARI ba="1,2" hai="36,38,39,40,41,46,48,50,54,55,56" m="40431" machi="54" ten="30,12000,1" yaku="35,5" doraHai="24" who="1" fromWho="2" sc="193,0,351,143,135,-123,301,0" />
</Scene>
<Scene>
<INIT seed="5,2,0,4,2,28" ten="193,494,12,301" oya="1" hai0="85,129,124,100,104,111,116,15,31,57,30,2,70" hai1="97,47,48,89,117,72,50,119,90,40,128,68,63" hai2="132,92,106,98,45,46,39,78,94,118,7,76,59" hai3="71,34,0,135,21,122,127,44,10,108,112,52,1"/><U82/><E128/><V23/><F118/><W126/><G71/><T9/><D70/><U69/><E97/><V64/><F132/><W5/><G122/><T19/><D111/><U96/><E96/><V114/><F114/><W37/><G108/><T65/><D124/><N who="3" m="47657" /><G112/><T36/><D36/><U83/><E63/><V17/><F7/><W25/><G135/><T54/><D2/><U99/><E99/><V29/><F29/><N who="3" m="19759" /><G21/><T95/><D104/><U113/><E113/><V66/><F106/><W53/><G0/><T88/><D100/><U62/><E62/><N who="2" m="37983" /><F39/><W13/><G1/><T33/><D33/><U43/><E47/><N who="2" m="17931" /><F66/><W18/><G5/><T86/><D65/><U27/><E27/><N who="2" m="14831" /><F94/><W120/><G120/><T73/><D73/><AGARI ba="2,0" hai="40,43,48,50,68,69,72,73,82,83,89,90,117,119" machi="73" ten="25,2400,0" yaku="22,2" doraHai="28" who="1" fromWho="0" sc="193,-30,494,30,12,0,301,0" />
</Scene>
<Scene>
<INIT seed="5,3,0,2,0,90" ten="163,524,12,301" oya="1" hai0="67,93,77,21,106,82,62,132,36,76,59,117,20" hai1="22,2,24,32,119,85,29,125,135,96,53,115,84" hai2="13,56,101,83,47,11,58,91,74,98,12,19,54" hai3="44,57,68,89,108,15,41,104,121,95,70,114,3"/><U88/><E119/><V33/><F33/><W99/><G3/><T51/><D106/><U134/><E2/><V28/><F28/><W97/><G121/><T105/><D105/><U73/><E73/><V111/><F111/><W112/><G108/><T102/><D36/><U49/><E115/><N who="3" m="44074" /><G57/><T124/><D132/><N who="1" m="50731" /><E125/><V43/><F13/><W122/><G122/><T126/><D51/><U9/><E9/><V94/><F54/><W6/><G6/><T81/><D81/><U130/><E130/><V30/><F30/><W120/><G120/><T66/><D66/><U75/><E75/><V61/><F61/><W48/><G15/><T92/><D102/><AGARI ba="3,0" hai="41,44,48,68,70,89,95,97,99,102,104" m="44074" machi="102" ten="30,2000,0" yaku="15,1,52,1" doraHai="90" who="3" fromWho="0" sc="163,-29,524,0,12,0,301,29" />
</Scene>
<Scene>
<INIT seed="6,0,0,0,1,77" ten="134,524,12,330" oya="2" hai0="107,53,13,73,0,87,21,22,92,90,43,45,51" hai1="20,8,111,54,23,76,63,19,7,34,118,36,134" hai2="105,102,66,50,104,97,126,32,40,80,30,57,120" hai3="95,55,67,96,16,94,6,3,39,26,127,83,46"/><V14/><F120/><W110/><G110/><T101/><D0/><U131/><E36/><V84/><F126/><W28/><G67/><T58/><D73/><U106/><E106/><V78/><F105/><W47/><G3/><T115/><D115/><U117/><E34/><V124/><F124/><W64/><G6/><T79/><D79/><U82/><E111/><V74/><F14/><W109/><G109/><T98/><REACH who="0" step="1"/><D13/><REACH who="0" ten="124,524,12,330" step="2"/><U132/><E76/><V10/><F10/><W59/><G127/><T86/><D86/><U33/><E8/><V99/><F99/><W49/><G96/><T112/><D112/><U44/><E118/><V113/><F113/><W75/><G75/><T122/><D122/><U129/><E117/><V133/><F133/><W135/><G135/><T42/><D42/><U9/><E9/><V93/><F66/><W116/><G64/><T125/><D125/><U123/><E123/><V68/><F68/><W119/><G116/><T18/><D18/><U70/><E19/><V35/><F30/><W71/><G71/><T65/><D65/><U89/><E70/><V25/><F25/><W24/><G24/><T37/><AGARI ba="0,1" hai="21,22,37,43,45,51,53,58,87,90,92,98,101,107" machi="37" ten="20,2700,0" yaku="1,1,0,1,7,1,53,0" doraHai="77" doraHaiUra="1" who="0" fromWho="0" sc="124,37,524,-7,12,-13,330,-7" owari="161,-24.0,517,62.0,-1,-50.0,323,12.0" />
</Scene>
</mjloggm>