<mjloggm ver="2.3"><GO type="169" lobby="0"/><UN n0="%E3%80%93%E3%81%84%E3%81%A1%E3%81%AF%E3%82%89%E3%80%93" n1="%E3%81%99%E3%81%9A%E3%82%81%E3%82%AF%E3%83%AC%E3%82%A4%E3%82%B8%E3%83%BC" n2="%E9%89%84%E5%A3%81%E4%BF%9D" n3="%E9%88%B4%E4%BE%8D" dan="17,19,16,16" rate="2212.07,2296.65,2057.30,2158.24" sx="M,M,M,M"/><TAIKYOKU oya="0"/>

<Scene>
<INIT seed="0,0,0,2,0,82" ten="250,250,250,250" oya="0" hai0="120,118,10,26,67,122,94,113,108,17,71,0,104" hai1="91,57,49,16,98,114,8,96,126,48,129,47,6" hai2="9,25,112,85,76,93,7,50,59,22,88,3,75" hai3="41,86,36,35,2,124,13,95,30,19,23,101,131"/><T109/><D104/><U102/><E129/><V79/><F112/><W32/><G124/><T12/><D71/><U128/><E128/><V61/><F75/><W54/><G131/><T106/><D106/><U121/><E126/><V15/><F50/><W39/><G2/><T42/><D67/><U37/><E121/><N who="0" m="46697" /><D42/><U90/><E37/><V14/><F14/><W74/><G74/><T40/><D40/><U20/><E57/><V46/><F46/><W125/><G125/><T43/><D94/><U1/><E49/><V27/><F3/><W81/><G54/><T78/><D43/><U62/><E62/><V110/><F110/><N who="0" m="42602" /><D78/><N who="2" m="29738" /><F22/><W60/><G41/><T51/><D51/><U34/><E98/><V52/><AGARI ba="0,0" hai="7,9,15,25,27,52,59,61,85,88,93" m="29738" machi="52" ten="30,7900,0" yaku="8,1,52,1,54,2" doraHai="82" who="2" fromWho="2" sc="250,-39,250,-20,250,79,250,-20" />
</Scene>
<Scene>
<INIT seed="1,0,0,5,1,38" ten="211,230,329,230" oya="1" hai0="103,40,95,8,131,130,62,68,11,22,26,27,19" hai1="1,10,63,13,94,67,9,77,21,35,12,4,83" hai2="76,0,128,106,79,92,69,37,24,89,90,46,124" hai3="73,54,15,115,87,58,32,119,116,25,42,61,112"/><U52/><E35/><V70/><F106/><W41/><G73/><T88/><D103/><U123/><E123/><V23/><F0/><W2/><G2/><T75/><D75/><U121/><E121/><V16/><F124/><W60/><G15/><T98/><D27/><U64/><E21/><V114/><F128/><N who="0" m="49194" /><D40/><N who="3" m="15465" /><G87/><T129/><N who="0" m="49202" /><T96/><DORA hai="59" /><D96/><U55/><E94/><V84/><F37/><W102/><G102/><T132/><D132/><U50/><E1/><V125/><F69/><W99/><G99/><T53/><D68/><U118/><E118/><N who="3" m="45098" /><G61/><T6/><D6/><U29/><E63/><V107/><F84/><W71/><G71/><T66/><D66/><U127/><E127/><V49/><F70/><W51/><G60/><T56/><AGARI ba="0,0" hai="8,11,19,22,26,53,56,62,88,95,98" m="49202" machi="56" ten="40,8000,1" yaku="25,1,19,1,52,1,54,1" doraHai="38,59" who="0" fromWho="0" sc="211,80,230,-40,329,-20,230,-20" />
</Scene>
<Scene>
<INIT seed="2,0,0,3,4,9" ten="291,190,309,210" oya="2" hai0="15,97,71,57,132,39,105,95,94,106,36,51,124" hai1="6,40,28,74,85,44,86,135,127,47,67,100,73" hai2="31,110,54,3,56,89,122,114,59,34,125,8,80" hai3="12,69,63,84,87,92,20,45,22,33,27,68,131"/><V120/><F114/><W46/><G131/><T79/><D71/><U134/><E67/><V50/><F125/><W18/><G33/><T111/><D124/><U129/><E127/><V128/><F128/><W109/><G109/><T72/><D111/><U99/><E6/><V1/><F110/><W49/><G45/><T130/><D130/><U108/><E129/><V121/><F59/><W133/><G133/><T26/><D132/><U2/><E108/><V17/><F31/><W64/><G69/><T55/><D95/><U11/><E11/><V62/><F34/><W43/><REACH who="3" step="1"/><G92/><REACH who="3" ten="291,190,309,200" step="2"/><T101/><D94/><U76/><E47/><V30/><F120/><W32/><G32/><T93/><D106/><U24/><E44/><V58/><F121/><W126/><G126/><T5/><D105/><U104/><E104/><V25/><F122/><W102/><G102/><T116/><D39/><U66/><E100/><V112/><F112/><W42/><G42/><T7/><D36/><U83/><E40/><V23/><F56/><W113/><G113/><T0/><D93/><U90/><E135/><V117/><F58/><W103/><G103/><T35/><D101/><U88/><E134/><V41/><F41/><W123/><G123/><T118/><D35/><U10/><E99/><V48/><F62/><W21/><G21/><T75/><D97/><U61/><E61/><V52/><F23/><W115/><G115/><T70/><D57/><U29/><E66/><V91/><F48/><W98/><G98/><T14/><D51/><U53/><E53/><V13/><F54/><W78/><G78/><RYUUKYOKU ba="0,1" sc="291,-10,190,-10,309,-10,200,30" hai3="12,18,20,22,27,43,46,49,63,64,68,84,87" />
</Scene>
<Scene>
<INIT seed="3,1,1,2,1,83" ten="281,180,299,230" oya="3" hai0="13,71,84,92,113,16,59,95,97,76,121,9,80" hai1="37,11,87,93,127,82,23,73,115,25,64,29,107" hai2="15,50,40,35,0,8,109,53,70,17,120,44,6" hai3="122,125,56,102,58,101,26,41,134,99,52,130,110"/><W42/><G122/><T104/><D71/><U63/><E107/><V78/><F109/><W75/><G75/><T45/><D121/><U2/><E127/><V12/><F70/><W72/><G72/><T94/><D113/><U14/><E37/><V33/><F120/><W66/><G125/><T114/><D114/><U68/><E115/><V1/><F78/><W116/><G116/><T74/><D59/><U4/><E93/><V32/><REACH who="2" step="1"/><F40/><REACH who="2" ten="281,180,289,230" step="2"/><W135/><G110/><T7/><D45/><U55/><E73/><V91/><F91/><W81/><G41/><T88/><D7/><U89/><REACH who="1" step="1"/><E55/><REACH who="1" ten="281,170,289,230" step="2"/><V62/><F62/><N who="3" m="38215" /><G42/><T85/><REACH who="0" step="1"/><D74/><REACH who="0" ten="271,170,289,230" step="2"/><U106/><E106/><V20/><AGARI ba="1,4" hai="0,1,6,8,12,15,17,20,32,33,35,44,50,53" machi="20" ten="30,2000,0" yaku="1,1,0,1,53,0" doraHai="83" doraHaiUra="124" who="2" fromWho="2" sc="271,-6,170,-6,289,63,230,-11" />
</Scene>
<Scene>
<INIT seed="4,0,0,5,3,94" ten="265,164,352,219" oya="0" hai0="31,17,14,10,32,120,9,77,43,119,25,134,100" hai1="45,86,80,121,114,47,54,81,71,117,82,49,28" hai2="30,122,84,13,112,5,101,39,126,48,2,128,20" hai3="135,64,16,116,23,75,8,63,98,0,40,6,33"/><T19/><D77/><U111/><E111/><V124/><F39/><W44/><G116/><T106/><D43/><U46/><E121/><V70/><F70/><W74/><G33/><T11/><D120/><U51/><E71/><V91/><F101/><W58/><G135/><T110/><D119/><U113/><E28/><V3/><F122/><W4/><G4/><T12/><D100/><U79/><E117/><V69/><F69/><W26/><G98/><T115/><D106/><U53/><E86/><V42/><F112/><N who="1" m="43113" /><E79/><V123/><F123/><W88/><REACH who="3" step="1"/><G88/><REACH who="3" ten="265,164,352,209" step="2"/><T109/><D115/><U85/><E85/><V97/><F91/><W34/><G34/><T61/><D134/><U55/><AGARI ba="0,1" hai="45,46,47,49,51,53,54,55,80,81,82" m="43113" machi="55" ten="40,12000,2" yaku="29,2,28,2,15,1,11,1" doraHai="94" who="1" fromWho="1" sc="265,-60,164,130,352,-30,209,-30" />
</Scene>
<Scene>
<INIT seed="5,0,0,2,4,24" ten="205,294,322,179" oya="1" hai0="25,119,100,14,81,18,23,80,20,35,10,26,107" hai1="90,104,135,51,48,128,74,38,91,29,5,101,39" hai2="3,59,47,34,125,28,84,126,54,32,82,105,89" hai3="73,96,40,16,112,63,123,42,46,93,22,52,95"/><U76/><E5/><V13/><F3/><W133/><G123/><T65/><D119/><U71/><E71/><V83/><F105/><W131/><G73/><T124/><D35/><U4/><E4/><V8/><F47/><W31/><G112/><T36/><D36/><U129/><E76/><V88/><F82/><W66/><G133/><T118/><D118/><U77/><E77/><V72/><F72/><W53/><G131/><T56/><D124/><N who="2" m="47722" /><F28/><W87/><G87/><T70/><D70/><U108/><E74/><V111/><F89/><W45/><G31/><N who="0" m="17831" /><D100/><U37/><E135/><V11/><F111/><W58/><G45/><T121/><D107/><U109/><E101/><V69/><F69/><W120/><G120/><T79/><D79/><U102/><E102/><V97/><F97/><W2/><G2/><T106/><D106/><U110/><E104/><V61/><F11/><W50/><G40/><T44/><D44/><U27/><E91/><V6/><AGARI ba="0,0" hai="6,8,13,32,34,54,59,61,83,84,88" m="47722" machi="6" ten="30,2000,0" yaku="18,1,54,1" doraHai="24" who="2" fromWho="2" sc="205,-5,294,-10,322,20,179,-5" />
</Scene>
<Scene>
<INIT seed="6,0,0,3,4,39" ten="200,284,342,174" oya="2" hai0="12,99,128,18,101,52,9,93,28,49,29,71,36" hai1="112,117,40,0,50,133,26,32,108,116,95,56,115" hai2="120,66,45,53,90,17,58,37,48,82,41,30,34" hai3="38,65,84,6,134,107,59,5,126,13,10,75,100"/><V54/><F120/><W69/><G126/><T64/><D36/><U21/><E0/><V124/><F66/><W20/><G134/><T8/><D128/><U92/><E32/><V135/><F135/><W130/><G75/><T7/><D64/><U47/><E108/><V57/><F124/><W1/><G130/><T96/><D71/><U35/><E35/><V3/><F3/><W94/><G38/><T78/><D78/><U62/><E133/><V123/><F123/><W87/><G107/><T86/><D86/><U109/><E95/><V110/><F34/><W121/><G69/><T77/><D77/><U33/><E92/><V70/><F30/><W114/><G121/><T97/><D97/><U98/><E33/><V113/><F17/><W23/><G114/><N who="1" m="43562" /><E98/><V19/><F82/><W14/><G1/><T119/><D99/><U67/><E109/><V25/><F110/><W85/><G94/><T88/><D101/><U83/><E83/><V74/><F90/><W15/><G100/><T103/><D103/><U22/><E22/><N who="3" m="8234" /><G10/><T102/><D102/><U61/><E26/><V76/><F25/><W131/><G131/><T46/><D119/><U118/><E21/><V42/><F113/><W132/><G132/><T16/><D18/><U24/><E24/><V55/><F19/><W31/><G31/><T122/><D122/><U51/><E67/><V11/><F11/><W125/><G125/><T60/><D60/><U43/><E62/><V129/><F129/><W2/><G2/><AGARI ba="0,0" hai="2,7,8,9,12,16,28,29,46,49,52,88,93,96" machi="2" ten="30,7700,0" yaku="7,1,54,3" doraHai="39" who="0" fromWho="3" sc="200,77,284,0,342,0,174,-77" />
</Scene>
<Scene>
<INIT seed="7,0,0,3,0,12" ten="277,284,342,97" oya="3" hai0="38,90,14,65,115,66,70,119,125,103,135,15,2" hai1="47,48,42,57,7,33,71,37,106,22,77,93,95" hai2="69,73,60,9,122,118,101,62,39,8,25,11,85" hai3="104,83,94,80,81,40,123,63,131,99,3,53,30"/><W120/><G3/><T97/><D2/><U13/><E33/><V68/><F73/><W86/><G40/><T124/><D38/><U56/><E106/><V98/><F39/><W79/><G30/><T113/><D119/><U78/><E71/><V96/><F118/><W117/><G117/><T44/><D44/><U36/><E36/><V35/><F85/><W121/><G63/><T92/><D135/><U17/><E7/><V75/><F75/><W55/><G55/><T20/><D103/><U100/><E37/><V0/><F0/><W34/><G34/><T58/><D58/><N who="1" m="22635" /><E95/><V43/><F43/><W76/><G53/><T10/><D20/><U23/><E22/><V134/><F35/><W87/><G131/><T46/><D15/><U67/><E67/><V74/><F74/><W105/><G81/><T133/><D46/><U82/><E82/><V59/><F68/><W128/><G128/><T1/><D1/><U50/><E50/><V88/><F69/><W5/><G5/><T114/><D133/><U16/><E17/><V41/><F62/><W116/><G116/><T111/><D111/><U32/><E32/><V21/><F60/><W132/><G132/><T28/><D28/><U6/><E6/><V29/><F29/><W49/><G49/><T19/><D70/><U18/><E18/><V126/><F41/><W64/><G64/><AGARI ba="0,0" hai="10,14,19,64,65,66,90,92,97,113,114,115,124,125" machi="64" ten="50,6400,0" yaku="15,1,11,1,52,1" doraHai="12" who="0" fromWho="3" sc="277,64,284,0,342,0,97,-64" owari="341,14.0,284,-12.0,342,45.0,33,-47.0" />
</Scene>
</mjloggm>