<mjloggm ver="2.3"><GO type="97"/><UN n0="%E5%9B%BD%E5%A3%AB%E7%84%A1%E7%90%86%E5%8F%8C" n1="%EF%BC%99%EF%BC%99%E6%AD%B3" n2="%E7%8D%A3%E7%A5%9E%E3%83%A9%E3%82%A4%E3%82%AC%E3%83%BC" n3="%E5%A4%AA%E3%81%8F%E3%81%AA%E3%81%84%E3%81%8A" dan="15,14,13,13" rate="2054,1947,1881,1974" sx="M,M,M,M"/><TAIKYOKU oya="0"/>

<Scene>
<INIT seed="0,0,0,1,1,2" ten="250,250,250,250" oya="0" hai0="115,93,15,63,33,118,110,26,16,120,55,64,103" hai1="117,112,106,27,11,69,31,128,41,22,37,133,62" hai2="97,77,71,21,81,6,91,14,90,25,38,47,65" hai3="129,8,29,126,18,125,30,130,100,45,17,10,42"/><T127/><D118/><U68/><E117/><V13/><F71/><W84/><G100/><T49/><D120/><U50/><E112/><V74/><F65/><W48/><G84/><T67/><D115/><U121/><E121/><V24/><F24/><W75/><G75/><T98/><D127/><N who="3" m="48649" /><G48/><T53/><D110/><U36/><E106/><V57/><F57/><W76/><G45/><T107/><D107/><U135/><E11/><N who="3" m="4138" /><G76/><T96/><D96/><U54/><E128/><N who="3" m="49258" /><G42/><T44/><D15/><U73/><E73/><V101/><F14/><W114/><G114/><T58/><REACH who="0" step="1"/><D33/><REACH who="0" ten="240,250,250,250" step="2"/><U59/><E69/><V28/><F13/><W102/><G102/><T61/><D61/><U12/><E12/><V111/><F111/><W72/><G72/><T134/><D134/><U82/><E135/><V122/><F122/><W92/><G92/><T95/><D95/><U34/><E133/><V116/><F116/><W3/><G3/><T46/><D46/><U86/><E34/><V78/><F47/><W123/><G123/><T88/><D88/><U32/><E32/><V52/><F90/><W5/><G5/><T109/><D109/><U9/><E62/><V113/><F91/><W40/><G40/><T66/><D66/><U23/><E68/><V104/><F113/><W0/><G0/><T89/><D89/><U19/><E41/><V85/><F74/><W60/><G60/><T56/><D56/><U43/><E43/><V105/><F104/><W79/><G79/><T87/><D87/><U20/><E9/><V132/><F105/><W7/><G7/><T99/><D99/><RYUUKYOKU ba="0,1" sc="240,15,250,-15,250,-15,250,15" hai0="16,26,44,49,53,55,58,63,64,67,93,98,103" hai3="17,18,29,30" />
</Scene>
<Scene>
<INIT seed="0,1,1,4,1,44" ten="255,235,235,265" oya="0" hai0="104,43,134,50,46,35,135,19,52,17,49,130,67" hai1="41,108,30,82,32,15,22,126,61,66,12,68,94" hai2="55,92,57,36,53,54,101,118,77,25,2,120,48" hai3="26,72,78,51,75,128,39,56,14,6,105,86,84"/><T11/><D35/><U63/><E126/><V119/><F2/><W98/><G39/><T69/><D104/><U89/><E32/><V113/><F77/><W21/><G128/><T27/><D130/><U18/><E108/><V33/><F113/><W7/><G75/><T4/><D67/><U107/><E107/><V99/><F120/><W42/><G72/><T20/><D69/><U37/><E66/><V62/><F36/><W9/><G6/><T90/><D90/><U112/><E112/><V116/><F62/><W85/><G105/><T76/><D19/><U5/><E68/><V45/><F57/><W124/><G98/><T83/><D83/><U70/><E82/><V125/><F125/><W131/><G131/><T59/><REACH who="0" step="1"/><D76/><REACH who="0" ten="245,235,235,265" step="2"/><U102/><E70/><V115/><F115/><W38/><G124/><T106/><D106/><U64/><E64/><V47/><F47/><N who="3" m="26103" /><G78/><T8/><D8/><U60/><E89/><V132/><F132/><W133/><G133/><T13/><AGARI ba="1,2" hai="4,11,13,17,20,27,43,46,49,50,52,59,134,135" machi="13" ten="30,12000,1" yaku="1,1,0,1,52,2,54,1,53,0" doraHai="44" doraHaiUra="91" who="0" fromWho="0" sc="245,143,235,-41,235,-41,265,-41" />
</Scene>
<Scene>
<INIT seed="0,2,0,0,0,92" ten="388,194,194,224" oya="0" hai0="70,94,2,117,35,80,109,97,59,64,55,112,83" hai1="8,38,32,95,113,88,30,124,50,17,134,9,69" hai2="106,37,19,78,6,114,1,18,21,3,79,60,98" hai3="33,99,123,20,101,34,42,91,31,127,39,15,71"/><T77/><D117/><U49/><E38/><V132/><F37/><W72/><G72/><T120/><D2/><U10/><E113/><V16/><F114/><W28/><G71/><T36/><D112/><U7/><E69/><V135/><F60/><W24/><G127/><T82/><D35/><U4/><E124/><V26/><F6/><W14/><G123/><T47/><D120/><U40/><E134/><N who="2" m="51243" /><F3/><W96/><G91/><T0/><D109/><U130/><E130/><V68/><F68/><W90/><G90/><T25/><D0/><U76/><E76/><N who="2" m="29227" /><F1/><W63/><G63/><T93/><D77/><U122/><E122/><V44/><F44/><W85/><G85/><T29/><D64/><U61/><E61/><V12/><F12/><W51/><G39/><T110/><D70/><U81/><E81/><V107/><F107/><W45/><G33/><T22/><D110/><U121/><E121/><V5/><F5/><W103/><G34/><T89/><D36/><U108/><E108/><V52/><F52/><W53/><G53/><T11/><D47/><U119/><E119/><V74/><F74/><W23/><G14/><T111/><D111/><U73/><E73/><V86/><F86/><W46/><G46/><T66/><D66/><U58/><E40/><V27/><F27/><N who="3" m="16487" /><G15/><T13/><D55/><N who="1" m="32111" /><E50/><V115/><F115/><W48/><G48/><T131/><D131/><U84/><E17/><V129/><F129/><W54/><G42/><T41/><D41/><U43/><E43/><V116/><F116/><W62/><G62/><T87/><D13/><N who="1" m="5255" /><E7/><V126/><F126/><RYUUKYOKU ba="2,0" sc="388,-30,194,10,194,10,224,10" hai1="9,10,30,32,84,88,95" hai2="16,18,19,21,26,98,106" hai3="23,24,31,45,51,54,96,99,101,103" />
</Scene>
<Scene>
<INIT seed="1,3,0,3,4,23" ten="358,204,204,234" oya="1" hai0="73,69,119,90,121,75,135,17,12,19,134,84,39" hai1="87,41,67,53,15,18,86,115,49,72,16,123,0" hai2="132,131,8,47,96,32,58,100,61,77,4,2,94" hai3="89,55,28,34,20,30,21,11,36,79,24,9,14"/><U63/><E115/><V109/><F132/><N who="0" m="50730" /><D119/><U113/><E72/><N who="0" m="27721" /><D121/><U95/><E113/><V82/><F131/><W83/><G36/><T42/><D69/><U85/><E123/><V80/><F109/><W22/><G79/><T78/><D78/><U128/><E0/><V133/><F133/><W52/><G30/><T70/><D70/><U45/><E128/><V57/><F77/><W60/><G60/><T124/><D124/><U111/><E111/><V101/><F101/><W64/><G64/><T130/><D130/><U98/><E41/><V31/><F47/><W120/><G120/><T62/><D62/><U56/><REACH who="1" step="1"/><E15/><REACH who="1" ten="358,194,204,234" step="2"/><V5/><F5/><W122/><G122/><T50/><D12/><U66/><E66/><V99/><F4/><W54/><REACH who="3" step="1"/><G14/><REACH who="3" ten="358,194,204,224" step="2"/><T38/><D42/><U76/><E76/><V33/><F2/><W116/><G116/><T40/><D40/><U103/><AGARI ba="3,2" hai="16,18,45,49,53,56,63,67,85,86,87,95,98,103" machi="103" ten="30,12000,1" yaku="1,1,0,1,8,1,54,1,53,1" doraHai="23" doraHaiUra="88" who="1" fromWho="1" sc="358,-43,194,149,204,-43,224,-43" />
</Scene>
<Scene>
<INIT seed="1,4,0,2,0,59" ten="315,343,161,181" oya="1" hai0="84,102,23,69,63,103,122,32,72,43,107,101,121" hai1="89,75,65,20,9,120,3,92,104,94,86,47,132" hai2="83,68,44,66,48,91,41,98,60,99,56,31,76" hai3="40,21,90,114,125,113,105,54,116,64,100,8,77"/><U61/><E120/><N who="0" m="46185" /><D32/><U74/><E104/><V29/><F68/><W85/><G125/><T97/><D72/><U46/><E132/><V58/><F58/><W80/><G116/><T55/><D43/><U24/><E94/><V5/><F5/><W7/><G64/><N who="0" m="41119" /><D84/><U135/><E135/><V51/><F51/><W81/><G40/><T73/><D73/><U67/><E67/><V18/><F18/><W11/><G114/><T126/><D126/><U78/><E75/><V36/><F36/><W108/><G113/><T22/><D55/><U4/><E78/><V115/><F115/><W34/><G34/><T124/><D124/><U62/><E74/><V88/><F83/><W26/><G54/><T27/><D22/><U96/><E86/><V123/><F76/><W50/><G81/><T109/><D109/><U87/><E87/><V2/><F123/><W39/><G108/><T134/><D134/><U130/><E130/><V93/><F2/><W13/><G77/><T37/><D37/><U71/><REACH who="1" step="1"/><E61/><REACH who="1" ten="315,333,161,181" step="2"/><V110/><F110/><W1/><G85/><T82/><D82/><U15/><E15/><V33/><F33/><W25/><G13/><T106/><D106/><U6/><E6/><V19/><F19/><AGARI ba="4,1" hai="19,23,27,97,101,102,103,107" m="41119,46185" machi="19" ten="30,2000,0" yaku="13,1,52,1" doraHai="59" who="0" fromWho="2" sc="315,42,333,0,161,-32,181,0" /><AGARI ba="4,0" hai="3,4,9,19,20,24,46,47,62,65,71,89,92,96" machi="19" ten="30,5800,0" yaku="1,1,7,1,52,1,53,0" doraHai="59" doraHaiUra="127" who="1" fromWho="2" sc="357,0,333,58,129,-58,181,0" />
</Scene>
<Scene>
<INIT seed="1,5,0,5,1,13" ten="357,391,71,181" oya="1" hai0="78,18,77,57,115,122,106,126,1,101,104,43,46" hai1="19,31,102,135,92,47,15,90,49,129,96,82,131" hai2="34,16,71,123,117,120,42,89,97,29,107,121,61" hai3="22,25,44,133,125,83,12,23,64,113,84,75,99"/><U74/><E135/><V110/><F117/><W130/><G113/><T85/><D122/><U65/><E65/><V132/><F132/><W38/><G133/><T70/><D115/><U8/><E31/><V3/><F3/><W6/><G75/><T68/><D126/><U105/><E105/><V63/><F42/><W79/><G125/><T39/><D1/><U109/><E109/><V21/><F110/><W86/><G130/><T88/><D57/><U87/><REACH who="1" step="1"/><E74/><REACH who="1" ten="357,381,71,181" step="2"/><V128/><F128/><W76/><G64/><T35/><D106/><U118/><E118/><V116/><F116/><W95/><G38/><T5/><D104/><U14/><E14/><V103/><F71/><W36/><G12/><T30/><D30/><U45/><E45/><V100/><F100/><W81/><G44/><T62/><D101/><U52/><AGARI ba="5,1" hai="8,15,19,47,49,52,82,87,90,92,96,102,129,131" machi="52" ten="30,18000,2" yaku="1,1,0,1,25,2,52,1,54,1,53,0" doraHai="13" doraHaiUra="69" who="1" fromWho="1" sc="357,-65,381,205,71,-65,181,-65" />
</Scene>
<Scene>
<INIT seed="1,6,0,3,0,11" ten="292,586,6,116" oya="1" hai0="105,99,55,13,15,64,45,0,108,78,28,116,75" hai1="98,101,21,109,120,80,60,71,97,133,42,66,40" hai2="1,111,39,35,52,62,114,3,96,43,122,86,4" hai3="61,5,58,134,33,30,38,81,119,10,9,50,51"/><U72/><E120/><V54/><F122/><W67/><G38/><T127/><D0/><U37/><E133/><V7/><F111/><W77/><G134/><T18/><D116/><U84/><E109/><V82/><F114/><W56/><G119/><T26/><D108/><U23/><E72/><V123/><F35/><W31/><G33/><T121/><D121/><U25/><E37/><V85/><F123/><W115/><G115/><T14/><D127/><U27/><E27/><V110/><F110/><W47/><G56/><T93/><D105/><U41/><E23/><V8/><F96/><W24/><G24/><T135/><D135/><U79/><REACH who="1" step="1"/><E101/><REACH who="1" ten="292,576,6,116" step="2"/><V53/><F62/><W132/><G132/><T131/><D75/><U89/><E89/><V128/><F128/><W106/><G61/><T68/><D26/><U34/><E34/><V74/><F74/><W57/><G77/><T12/><D78/><U22/><E22/><V94/><F94/><W124/><G106/><T69/><D93/><U20/><E20/><V49/><F82/><W125/><G81/><T44/><D28/><AGARI ba="6,1" hai="21,25,28,40,41,42,60,66,71,79,80,84,97,98" machi="28" ten="40,2000,0" yaku="1,1,53,0" doraHai="11" doraHaiUra="129" who="1" fromWho="0" sc="292,-38,576,48,6,0,116,0" />
</Scene>
<Scene>
<INIT seed="1,7,0,2,1,40" ten="254,624,6,116" oya="1" hai0="32,15,4,91,14,107,34,16,132,72,69,131,94" hai1="120,102,28,27,71,133,57,100,82,35,101,104,55" hai2="70,99,75,117,50,110,29,17,10,127,121,114,77" hai3="37,130,47,85,41,8,21,49,52,20,111,60,109"/><U128/><E120/><V64/><F64/><W1/><G130/><T135/><D107/><U19/><E71/><V105/><F70/><W68/><G85/><T38/><D69/><U95/><E133/><N who="0" m="51273" /><D38/><U126/><E128/><V62/><F29/><W113/><G113/><T63/><D72/><U103/><E126/><V97/><F62/><W48/><G1/><T7/><D63/><U122/><E122/><V118/><F50/><N who="3" m="19563" /><G8/><N who="0" m="4383" /><D4/><U106/><E82/><V39/><F39/><W18/><G18/><T73/><D73/><U2/><E2/><V45/><F45/><W98/><G98/><N who="0" m="57695" /><D131/><U78/><E78/><V25/><F10/><AGARI ba="7,0" hai="10,15,16,32,34" m="57695,4383,51273" machi="10" ten="30,2000,0" yaku="20,1,54,1" doraHai="40" who="0" fromWho="2" sc="254,41,624,0,6,-41,116,0" owari="295,10.0,624,72.0,-35,-54.0,116,-28.0" />
</Scene>
</mjloggm>