<mjloggm ver="2.3"><GO type="169" lobby="0"/><UN n0="%E9%B3%B3%E6%8B%B3" n1="%E5%8D%81%E5%85%AD%E5%A4%9C%E2%99%AA" n2="%E2%98%85%E3%83%86%E3%82%AF%E3%83%8E%E3%83%8F%E3%82%A6%E3%82%B9%E2%98%85" n3="%E5%A4%AA%E3%81%8F%E3%81%AA%E3%81%84%E3%81%8A" dan="16,16,16,17" rate="2118.36,2049.80,2031.61,2161.74" sx="M,M,M,M"/><TAIKYOKU oya="0"/>

<Scene>
<INIT seed="0,0,0,2,0,23" ten="250,250,250,250" oya="0" hai0="47,91,26,48,113,28,74,12,33,89,100,11,32" hai1="35,67,114,14,8,97,81,71,94,31,66,78,126" hai2="40,88,57,49,56,44,46,119,131,18,64,17,135" hai3="125,103,9,107,115,72,85,4,70,95,50,42,15"/><T84/><D113/><U61/><E67/><V104/><F104/><W134/><G115/><T43/><D74/><U19/><E114/><V68/><F135/><W41/><G72/><T20/><D100/><U5/><E126/><V2/><F2/><W116/><G116/><T16/><REACH who="0" step="1"/><D91/><REACH who="0" ten="240,250,250,250" step="2"/><U76/><E78/><V3/><F88/><W0/><G103/><T25/><D25/><U13/><E76/><V59/><F119/><W130/><G125/><T111/><D111/><U73/><E73/><V87/><F131/><W63/><G130/><T96/><D96/><U101/><E35/><V10/><F87/><W62/><G85/><T7/><D7/><U105/><E81/><AGARI ba="0,1" hai="11,12,16,20,26,28,32,33,43,47,48,81,84,89" machi="81" ten="30,12000,1" yaku="1,1,7,1,52,1,54,1,53,1" doraHai="23" doraHaiUra="86" who="0" fromWho="1" sc="240,130,250,-120,250,0,250,0" />
</Scene>
<Scene>
<INIT seed="0,1,0,5,5,31" ten="370,130,250,250" oya="0" hai0="132,122,2,12,121,80,109,85,56,114,44,34,58" hai1="86,110,133,48,131,83,84,101,49,118,13,18,129" hai2="126,4,11,116,55,99,97,73,125,47,26,8,24" hai3="52,35,42,59,43,90,103,113,51,40,111,94,54"/><T106/><D114/><U72/><E118/><V68/><F73/><W27/><G113/><T29/><D2/><U60/><E110/><V87/><F68/><W65/><G111/><T37/><D109/><U61/><E101/><V79/><F116/><W30/><G103/><T123/><D106/><U112/><E112/><V17/><F79/><W10/><G10/><T19/><D132/><U21/><E72/><V15/><F87/><W75/><G75/><T45/><D45/><U117/><E117/><V128/><F47/><W16/><G16/><T78/><D37/><U96/><E96/><V115/><F55/><W5/><G5/><T67/><D44/><U82/><E133/><V6/><F115/><W124/><G124/><N who="2" m="47721" /><F128/><W64/><REACH who="3" step="1"/><G54/><REACH who="3" ten="370,130,250,240" step="2"/><T135/><D135/><U46/><E131/><V107/><F6/><W25/><G25/><N who="2" m="9833" /><F107/><W7/><G7/><T88/><D121/><U95/><E129/><V134/><F134/><W62/><G62/><T63/><D122/><U57/><E60/><V0/><AGARI ba="1,1" hai="0,4,8,11,15,17,97,99" m="9833,47721" machi="0" ten="30,1100,0" yaku="18,1" doraHai="31" who="2" fromWho="2" sc="370,-6,130,-4,250,24,240,-4" />
</Scene>
<Scene>
<INIT seed="1,0,0,3,0,65" ten="364,126,274,236" oya="1" hai0="1,58,107,37,133,73,30,11,79,64,124,2,38" hai1="34,127,39,20,26,32,87,102,112,59,17,12,22" hai2="16,96,54,118,3,6,21,93,123,99,66,13,88" hai3="28,42,62,131,105,0,126,47,80,71,27,31,134"/><U23/><E39/><V77/><F123/><W5/><G105/><T119/><D119/><U52/><E102/><V49/><F118/><W104/><G104/><T4/><D2/><U14/><E112/><V128/><F128/><W121/><G121/><T50/><D124/><U84/><E127/><V15/><F3/><W117/><G117/><T114/><D114/><U95/><E34/><V115/><F66/><W97/><G97/><T129/><D107/><U113/><E32/><V44/><F115/><W67/><G126/><T57/><D30/><U110/><E113/><V41/><F77/><W89/><G131/><T120/><D120/><U100/><E110/><V132/><F132/><W91/><G134/><T74/><D133/><U106/><E106/><V29/><F29/><W35/><G31/><T46/><D58/><U75/><E75/><V24/><F6/><W60/><G60/><T43/><D129/><U72/><E72/><V56/><REACH who="2" step="1"/><F99/><REACH who="2" ten="364,126,264,236" step="2"/><W8/><REACH who="3" step="1"/><G80/><REACH who="3" ten="364,126,264,226" step="2"/><T53/><D64/><U103/><E26/><V19/><F19/><W86/><G86/><T81/><REACH who="0" step="1"/><D73/><REACH who="0" ten="354,126,264,226" step="2"/><U122/><E122/><V108/><F108/><W48/><AGARI ba="0,3" hai="0,5,8,27,28,35,42,47,48,62,67,71,89,91" machi="48" ten="20,5200,0" yaku="1,1,0,1,7,1,52,1,53,0" doraHai="65" doraHaiUra="94" who="3" fromWho="3" sc="354,-13,126,-26,264,-13,226,82" />
</Scene>
<Scene>
<INIT seed="2,0,0,3,0,131" ten="341,100,251,308" oya="2" hai0="120,32,92,101,134,11,28,103,104,22,9,23,70" hai1="61,122,67,20,88,75,65,76,118,53,135,78,100" hai2="24,119,128,106,36,71,127,115,43,102,59,107,110" hai3="33,31,3,69,16,25,72,51,30,132,44,126,123"/><V109/><F119/><W50/><G123/><T26/><D120/><U114/><E122/><V34/><F115/><W14/><G69/><T85/><D103/><U105/><E118/><V15/><F128/><W116/><G116/><T52/><D70/><U79/><E114/><V82/><F71/><W57/><G72/><T73/><D73/><U13/><E75/><V12/><F82/><W125/><G3/><T10/><D104/><N who="2" m="39978" /><F102/><W68/><G68/><T94/><D94/><U49/><E100/><V86/><F86/><W19/><G31/><T6/><D23/><U97/><E105/><V0/><F0/><W38/><G38/><T84/><D32/><U121/><E121/><V40/><F59/><W89/><G89/><T130/><D130/><U77/><N who="1" m="19456" /><DORA hai="87" /><U98/><E135/><V35/><F127/><N who="3" m="48651" /><G132/><T133/><D6/><U99/><E20/><V80/><F80/><W21/><G44/><T37/><D37/><U83/><E13/><N who="2" m="5195" /><F24/><N who="3" m="14375" /><G57/><T47/><D85/><N who="1" m="50239" /><E61/><V56/><F56/><AGARI ba="0,0" hai="49,53,56,65,67,97,98,99" m="50239,19456" machi="56" ten="40,5200,0" yaku="8,1,52,1,54,1" doraHai="131,87" who="1" fromWho="2" sc="341,0,100,52,251,-52,308,0" />
</Scene>
<Scene>
<INIT seed="3,0,0,4,0,114" ten="341,152,199,308" oya="3" hai0="69,42,111,58,106,11,54,91,123,77,18,29,95" hai1="80,16,47,41,20,133,107,5,45,128,62,25,23" hai2="46,130,118,70,0,104,113,85,64,12,82,71,102" hai3="6,31,112,97,65,33,67,75,89,19,4,93,2"/><W43/><G112/><T90/><D106/><U116/><E107/><V53/><F113/><W52/><G75/><T37/><D69/><U117/><E133/><V40/><F0/><W55/><G2/><T3/><D111/><U119/><E5/><N who="3" m="2154" /><G33/><T134/><D29/><N who="1" m="17599" /><E62/><V36/><F130/><W51/><G31/><T87/><D134/><U68/><E68/><V127/><F70/><W8/><G43/><T96/><D42/><U44/><E128/><V61/><F102/><W84/><G97/><T109/><D37/><N who="1" m="21551" /><E80/><V126/><F104/><W121/><G121/><T78/><D3/><U105/><E105/><V92/><F92/><W10/><G55/><T22/><D11/><N who="3" m="4137" /><G19/><T73/><D73/><U100/><E100/><V86/><F53/><W34/><G34/><T98/><D109/><U81/><E81/><V101/><F101/><W79/><G79/><N who="0" m="30219" /><D91/><U17/><E17/><V83/><F82/><W99/><G99/><T56/><D123/><U115/><E115/><V28/><F28/><W24/><G24/><AGARI ba="0,0" hai="16,20,24,45,47,116,117,119" m="21551,17599" machi="24" ten="30,8000,1" yaku="12,1,52,3,54,1" doraHai="114" who="1" fromWho="3" sc="341,0,152,80,199,0,308,-80" />
</Scene>
<Scene>
<INIT seed="4,0,0,2,5,59" ten="341,232,199,228" oya="0" hai0="94,119,41,51,66,99,96,54,62,122,40,69,126" hai1="23,84,18,19,125,124,55,13,85,1,12,120,35" hai2="37,87,77,70,17,72,133,92,42,64,56,44,46" hai3="82,109,36,29,73,26,79,24,16,81,60,6,9"/><T63/><D122/><U110/><E120/><V93/><F72/><W86/><G109/><T71/><D119/><U90/><E110/><V48/><F133/><W117/><G117/><T112/><D112/><U98/><E35/><V88/><F77/><W115/><G36/><T30/><D30/><U10/><E1/><V22/><F70/><W11/><G115/><T34/><D34/><U47/><E98/><V15/><F64/><W52/><G16/><T65/><D99/><U108/><E108/><V0/><F0/><W105/><G105/><T132/><D132/><U8/><E23/><V118/><F118/><W58/><G6/><T53/><D53/><U61/><E47/><V116/><F116/><W129/><G129/><T95/><D126/><N who="1" m="48747" /><E90/><V127/><F127/><W74/><G26/><T131/><D131/><U5/><E5/><V21/><F56/><AGARI ba="0,0" hai="8,10,12,13,18,19,55,56,61,84,85" m="48747" machi="56" ten="30,2000,0" yaku="18,1,52,1" doraHai="59" who="1" fromWho="2" sc="341,0,232,20,199,-20,228,0" />
</Scene>
<Scene>
<INIT seed="5,0,0,5,2,55" ten="341,252,179,228" oya="1" hai0="110,70,92,134,125,39,113,85,9,60,56,30,131" hai1="101,93,42,21,116,107,126,57,81,58,3,31,127" hai2="11,98,59,4,72,34,90,135,99,94,65,63,22" hai3="10,8,41,78,2,121,77,82,49,17,100,54,29"/><U18/><E116/><V1/><F34/><W123/><G29/><T20/><D110/><U52/><E3/><V84/><F72/><W35/><G35/><T25/><D70/><U15/><E107/><V83/><F135/><W105/><G41/><T67/><D134/><U128/><E42/><V80/><F83/><W73/><G77/><T91/><D125/><N who="1" m="47627" /><E128/><V16/><REACH who="2" step="1"/><F80/><REACH who="2" ten="341,252,169,228" step="2"/><W132/><G132/><T103/><D131/><U23/><E81/><V89/><F89/><W108/><G108/><T88/><D113/><U130/><E130/><V109/><F109/><W12/><G82/><T112/><D112/><U14/><E101/><V62/><F62/><W7/><G73/><T32/><D39/><U64/><E93/><V66/><F66/><W24/><G78/><T51/><D32/><U119/><E119/><V47/><F47/><W6/><G100/><T37/><D37/><U87/><E64/><V79/><F79/><W133/><G133/><T75/><D75/><U95/><E95/><V43/><F43/><W124/><G124/><T69/><D91/><U71/><E71/><V129/><F129/><W115/><G115/><T106/><D106/><U13/><E87/><V117/><F117/><W96/><G105/><T76/><D76/><U118/><E118/><V120/><F120/><W5/><G121/><T68/><D103/><U33/><E33/><V122/><F122/><W38/><G123/><T26/><D85/><U111/><E111/><V104/><F104/><W44/><G38/><T61/><D92/><U27/><E58/><V46/><F46/><W48/><G44/><RYUUKYOKU ba="0,1" sc="341,-15,252,15,169,15,228,-15" hai1="13,14,15,18,21,23,27,31,52,57" hai2="1,4,11,16,22,59,63,65,84,90,94,98,99" />
</Scene>
<Scene>
<INIT seed="5,1,1,5,4,56" ten="326,267,184,213" oya="1" hai0="18,132,48,112,103,9,123,102,38,71,53,92,86" hai1="124,134,100,17,72,68,19,52,81,122,98,109,97" hai2="89,119,35,3,22,60,104,40,110,23,29,77,69" hai3="93,26,51,50,55,120,85,46,2,0,28,88,130"/><U4/><E68/><V66/><F119/><W64/><G120/><T65/><D38/><U96/><E122/><V79/><F110/><W95/><G130/><T7/><D123/><U76/><E109/><V126/><F126/><W125/><G125/><T32/><D32/><U24/><E124/><V20/><F3/><W37/><G37/><T73/><D73/><U16/><E4/><V12/><F12/><W105/><G105/><T87/><D132/><U67/><E67/><V30/><F40/><W33/><G64/><T70/><D18/><U74/><E134/><V75/><F104/><W43/><REACH who="3" step="1"/><G95/><REACH who="3" ten="326,267,184,203" step="2"/><T8/><D92/><U83/><E100/><V42/><F66/><W34/><G34/><T94/><D94/><U99/><E74/><V127/><F75/><W108/><G108/><T121/><D102/><U25/><E81/><V57/><F127/><W107/><G107/><T58/><D103/><U84/><E72/><V78/><F35/><W61/><G61/><T135/><D65/><U115/><E115/><V82/><F69/><W117/><G117/><T27/><D70/><U106/><E106/><V41/><F82/><W101/><G101/><T128/><D71/><U113/><E113/><V21/><F60/><W14/><G14/><T116/><D112/><U63/><N who="1" m="24576" /><DORA hai="111" /><U1/><REACH who="1" step="1"/><E1/><REACH who="1" ten="326,257,184,203" step="2"/><V62/><F29/><W5/><G5/><T31/><D135/><U10/><E10/><V90/><F30/><W59/><AGARI ba="1,3" hai="0,2,26,28,33,43,46,50,51,55,59,85,88,93" machi="59" ten="20,12000,2" yaku="1,1,0,1,7,1,54,1,53,2" doraHai="56,111" doraHaiUra="49,54" who="3" fromWho="3" sc="326,-31,257,-61,184,-31,203,153" />
</Scene>
<Scene>
<INIT seed="6,0,0,5,1,1" ten="295,196,153,356" oya="2" hai0="28,79,101,3,61,27,62,36,42,11,20,124,112" hai1="122,128,107,71,84,23,56,29,2,92,129,114,123" hai2="13,75,35,106,95,86,6,132,17,130,51,76,50" hai3="83,98,38,89,21,55,12,9,49,72,18,117,25"/><V69/><F35/><W64/><G117/><T90/><D124/><U105/><E2/><V87/><F106/><N who="1" m="40457" /><E56/><V108/><F69/><W91/><G38/><T10/><D112/><U80/><E23/><N who="2" m="11695" /><F75/><W66/><G72/><T131/><D101/><U53/><E29/><V43/><F132/><W63/><G98/><T119/><D11/><U133/><E71/><V7/><F130/><N who="1" m="50281" /><E53/><V52/><F108/><W15/><G15/><T104/><D119/><U0/><E0/><V73/><F73/><W113/><G113/><T110/><D10/><U77/><E114/><V68/><F68/><W58/><G83/><T96/><D3/><U60/><E60/><V33/><F33/><W134/><G134/><T30/><D61/><U88/><E133/><V125/><F125/><W70/><REACH who="3" step="1"/><G66/><REACH who="3" ten="295,196,153,346" step="2"/><T24/><D131/><U19/><E19/><AGARI ba="0,1" hai="9,12,18,19,21,25,49,55,58,63,64,70,89,91" machi="19" ten="30,3900,0" yaku="1,1,2,1,7,1,53,0" doraHai="1" doraHaiUra="34" who="3" fromWho="1" sc="295,0,196,-39,153,0,346,49" />
</Scene>
<Scene>
<INIT seed="7,0,0,5,5,78" ten="295,157,153,395" oya="3" hai0="55,22,56,75,45,35,131,0,83,39,31,41,81" hai1="23,118,9,105,57,65,63,113,59,15,3,5,128" hai2="99,60,76,133,47,46,50,42,107,103,132,121,109" hai3="40,79,116,72,111,110,94,1,8,37,135,80,68"/><W25/><G116/><T19/><D131/><U92/><E105/><V7/><F109/><N who="3" m="41483" /><G68/><T52/><D0/><U13/><E113/><V20/><F121/><W86/><G135/><N who="2" m="51785" /><F7/><N who="3" m="1135" /><G25/><T84/><D75/><U14/><E128/><V2/><F2/><W11/><G11/><T18/><D84/><U32/><E118/><V134/><N who="2" m="51793" /><V112/><DORA hai="24" /><F112/><W104/><G104/><T93/><D93/><U27/><E32/><V26/><F76/><W33/><G33/><T6/><D6/><U17/><REACH who="1" step="1"/><E92/><REACH who="1" ten="295,147,153,395" step="2"/><V82/><F82/><W66/><G94/><T97/><D35/><U129/><E129/><V119/><F119/><W21/><G80/><T10/><D81/><U102/><E102/><V38/><F60/><W12/><G72/><T117/><D83/><U123/><E123/><V58/><F58/><AGARI ba="0,1" hai="3,5,9,13,14,15,17,23,27,57,58,59,63,65" machi="58" ten="40,1300,0" yaku="1,1,53,0" doraHai="78,24" doraHaiUra="122,115" who="1" fromWho="2" sc="295,0,147,23,153,-13,395,0" owari="295,10.0,170,-23.0,140,-36.0,395,49.0" />
</Scene>
</mjloggm>