<mjloggm ver="2.3"><GO type="169"/><UN n0="%54%4B%54%4D" n1="%E3%81%93%E3%81%BE%E3%81%A3%E3%81%95%E3%82%93" n2="%E5%A4%AA%E3%81%8F%E3%81%AA%E3%81%84%E3%81%8A" n3="%E3%81%A8%E3%83%BC%E3%82%84%E3%82%93" dan="16,16,16,16" rate="2012,2062,2107,2157" sx="M,M,M,M"/><TAIKYOKU oya="0"/>

<Scene>
<INIT seed="0,0,0,1,5,57" ten="250,250,250,250" oya="0" hai0="132,71,106,135,95,29,64,13,79,96,121,47,37" hai1="15,123,2,45,40,67,93,75,0,74,50,27,39" hai2="76,16,124,104,130,109,73,43,81,68,133,94,63" hai3="52,56,19,69,89,131,108,117,9,103,31,48,99"/><T59/><D106/><U14/><E123/><V134/><F104/><W113/><G113/><T98/><D121/><U111/><E39/><V18/><F109/><W120/><G117/><T122/><D71/><U46/><E111/><V44/><F124/><W7/><G108/><T61/><D122/><U11/><E27/><V101/><F130/><W82/><G69/><T24/><D79/><U32/><E32/><V110/><F110/><W62/><G131/><T1/><D13/><U53/><E67/><N who="2" m="41087" /><F94/><W115/><G31/><T70/><D70/><U22/><E22/><V26/><F101/><W4/><G115/><T30/><D1/><U88/><E15/><V42/><F26/><W17/><G120/><T72/><D72/><U12/><E14/><V102/><F102/><W86/><G48/><T8/><D8/><U105/><E105/><V97/><F97/><W129/><G129/><T38/><D98/><U116/><E116/><V54/><F54/><W25/><G9/><T34/><D29/><U66/><E66/><V21/><F21/><N who="3" m="13487" /><G19/><N who="2" m="7209" /><F44/><W58/><G56/><T91/><REACH who="0" step="1"/><D47/><REACH who="0" ten="240,250,250,250" step="2"/><U60/><E46/><V6/><F6/><N who="3" m="2091" /><G99/><T10/><D10/><U85/><E0/><V28/><F28/><W55/><G103/><T23/><D23/><U5/><E2/><V107/><F107/><W83/><G89/><T33/><D33/><U119/><E119/><V51/><F73/><W114/><G114/><T3/><D3/><U84/><E85/><V65/><F76/><W92/><G86/><T80/><D80/><N who="3" m="30761" /><G92/><T78/><D78/><U118/><E118/><V128/><F128/><RYUUKYOKU ba="0,1" sc="240,10,250,10,250,-30,250,10" hai0="24,30,34,37,38,59,61,64,91,95,96,132,135" hai1="5,11,12,40,45,50,53,60,74,75,84,88,93" hai3="52,55,58,62" />
</Scene>
<Scene>
<INIT seed="0,1,1,1,1,32" ten="250,260,220,260" oya="0" hai0="20,72,102,59,105,100,21,101,42,35,78,123,93" hai1="71,120,88,66,73,83,27,39,61,81,90,131,43" hai2="8,17,103,37,3,68,89,12,19,98,33,115,31" hai3="77,133,129,11,91,118,48,5,47,25,18,128,49"/><T67/><D35/><U92/><E120/><V16/><F115/><W82/><G118/><T56/><D105/><U106/><E106/><V65/><F37/><W84/><G133/><T53/><D42/><U2/><E131/><V44/><F44/><W109/><G109/><T58/><D123/><U122/><E122/><V23/><F89/><W119/><G119/><T99/><D78/><U63/><E27/><N who="2" m="18687" /><F65/><W74/><G25/><T54/><D72/><U50/><E50/><V125/><F68/><W96/><G18/><N who="2" m="7273" /><F98/><W95/><G74/><T85/><D85/><U40/><E92/><V15/><F103/><W45/><G49/><T57/><D67/><U7/><E63/><V29/><F125/><W117/><G117/><T26/><N who="0" m="14336" /><DORA hai="127" /><T6/><D6/><U30/><E83/><V70/><F70/><W1/><REACH who="3" step="1"/><G47/><REACH who="3" ten="250,260,220,250" step="2"/><T46/><D46/><N who="1" m="23839" /><E30/><V0/><F29/><W41/><AGARI ba="1,2" hai="1,5,11,41,45,48,77,82,84,91,95,96,128,129" machi="41" ten="30,12000,2" yaku="1,1,0,1,52,3,53,1" doraHai="32,127" doraHaiUra="9,38" who="3" fromWho="3" sc="250,-61,260,-31,220,-31,250,143" />
</Scene>
<Scene>
<INIT seed="1,0,0,2,3,113" ten="189,229,189,393" oya="1" hai0="66,7,85,63,98,76,47,53,115,33,25,99,114" hai1="43,41,122,56,92,22,3,17,54,126,95,103,82" hai2="37,18,124,34,121,112,118,8,131,15,106,21,67" hai3="111,134,79,78,52,35,44,39,104,116,90,31,12"/><U55/><E3/><V14/><F37/><W93/><G104/><T71/><D7/><U10/><E122/><V109/><F106/><W69/><G69/><T26/><D115/><U100/><E10/><V57/><F112/><W101/><G101/><T133/><D133/><U81/><E126/><V89/><F121/><W84/><G134/><T129/><D129/><U58/><E22/><V11/><F34/><W46/><G35/><T65/><D114/><U83/><E81/><V20/><F131/><W4/><G31/><T130/><D33/><U88/><E17/><V30/><F124/><W117/><G46/><T5/><D5/><U0/><REACH who="1" step="1"/><E0/><REACH who="1" ten="189,219,189,393" step="2"/><V125/><F125/><W2/><G2/><T23/><D23/><U97/><E97/><V42/><F20/><W91/><G4/><T80/><D130/><U19/><E19/><V72/><F11/><W128/><G128/><T74/><D25/><U75/><E75/><V36/><F72/><W50/><G12/><T38/><D74/><U119/><E119/><N who="3" m="45642" /><G39/><T13/><D38/><U9/><E9/><V49/><F8/><W24/><G24/><T16/><D26/><U40/><E40/><V51/><F42/><W107/><G107/><T123/><D123/><U27/><E27/><V28/><F36/><W105/><G105/><T64/><D71/><U6/><E6/><V73/><F118/><W48/><G93/><T70/><D70/><U86/><E86/><V68/><F15/><W120/><G120/><T59/><D47/><U132/><E132/><V61/><F14/><W45/><G84/><T32/><D32/><RYUUKYOKU ba="0,1" sc="189,15,219,15,189,-15,393,-15" hai0="13,16,53,59,63,64,65,66,76,80,85,98,99" hai1="41,43,54,55,56,58,82,83,88,92,95,100,103" />
</Scene>
<Scene>
<INIT seed="1,1,1,2,2,115" ten="204,234,174,378" oya="1" hai0="43,81,78,95,80,67,56,66,88,100,10,15,118" hai1="77,21,111,1,105,41,112,54,64,3,134,73,27" hai2="92,0,101,16,133,12,74,44,52,11,123,79,116" hai3="61,37,46,55,85,127,84,2,82,126,13,114,33"/><U58/><E105/><V22/><F123/><W108/><G114/><T45/><D118/><U75/><E112/><V128/><F133/><W72/><G2/><T99/><D56/><U4/><E41/><V50/><F128/><W117/><G33/><T65/><D78/><U132/><E64/><V86/><F116/><W34/><G34/><T51/><REACH who="0" step="1"/><D100/><REACH who="0" ten="194,234,174,378" step="2"/><U98/><E77/><V7/><F101/><W23/><G117/><T125/><D125/><U47/><E47/><V89/><REACH who="2" step="1"/><F79/><REACH who="2" ten="194,234,164,378" step="2"/><W69/><G127/><T102/><D102/><U5/><E134/><V60/><F60/><W18/><G126/><T35/><D35/><U113/><E132/><V68/><F68/><W48/><G69/><T76/><D76/><U62/><E113/><V103/><F103/><W9/><G72/><AGARI ba="1,3" hai="0,7,11,12,16,22,44,50,52,72,74,86,89,92" machi="72" ten="40,5200,0" yaku="1,1,54,2,53,0" doraHai="115" doraHaiUra="94" who="2" fromWho="3" sc="194,0,234,0,164,85,378,-55" />
</Scene>
<Scene>
<INIT seed="2,0,0,3,4,131" ten="194,234,249,323" oya="2" hai0="59,80,50,78,72,87,112,86,46,111,31,49,102" hai1="115,100,121,62,35,77,63,4,92,96,32,18,48" hai2="20,69,74,118,88,76,90,116,40,104,124,22,26" hai3="57,110,125,28,79,123,44,135,66,126,14,82,113"/><V108/><F69/><W67/><G110/><T128/><D128/><U84/><E115/><V109/><F104/><W19/><G123/><T3/><D3/><U8/><E121/><V30/><F124/><N who="3" m="47723" /><G113/><T81/><D112/><U103/><E18/><V0/><F0/><W16/><G28/><T36/><D36/><U105/><E48/><V68/><F68/><W1/><G1/><T23/><D102/><U60/><E84/><V85/><F40/><W127/><N who="3" m="47731" /><W45/><DORA hai="37" /><G19/><T65/><D111/><N who="2" m="42570" /><F22/><N who="3" m="11543" /><G135/><T56/><D72/><U64/><E64/><N who="3" m="24618" /><G57/><T12/><D23/><U47/><E32/><V134/><F134/><W13/><G13/><T33/><D31/><U89/><E35/><V17/><F30/><W58/><G58/><T6/><D33/><U106/><E63/><V43/><F74/><AGARI ba="0,0" hai="44,45,74,79,82" m="24618,11543,47731" machi="74" ten="40,2600,0" yaku="18,1,54,1" doraHai="131,37" who="3" fromWho="2" sc="194,0,234,0,249,-26,323,26" />
</Scene>
<Scene>
<INIT seed="3,0,0,0,4,1" ten="194,234,223,349" oya="3" hai0="87,70,50,19,113,10,42,39,76,114,121,62,35" hai1="134,122,44,68,40,66,18,107,103,78,33,12,94" hai2="125,73,34,131,36,7,49,16,99,81,135,9,57" hai3="6,85,102,92,20,79,116,132,97,127,72,120,30"/><W38/><G120/><T60/><D39/><U65/><E33/><V31/><F36/><W24/><G116/><T105/><D35/><U64/><E107/><V75/><F34/><W27/><G38/><T126/><D105/><U115/><E122/><V26/><F31/><W93/><G72/><T128/><D121/><U101/><E115/><N who="0" m="44041" /><D126/><U63/><E78/><V11/><F99/><W56/><G127/><T117/><D117/><U133/><E63/><V8/><F125/><W80/><G132/><N who="1" m="50794" /><E68/><V21/><F135/><W41/><G41/><T46/><D128/><U51/><E94/><V109/><F131/><W104/><G56/><T29/><D29/><U88/><E88/><V5/><F109/><W100/><G100/><T89/><D76/><U13/><E18/><V119/><F119/><W77/><G77/><T82/><D70/><U98/><E98/><V84/><F73/><W28/><REACH who="3" step="1"/><G6/><REACH who="3" ten="194,234,223,339" step="2"/><T86/><D87/><U23/><E103/><V111/><F75/><W4/><G4/><T37/><D37/><U54/><E101/><V108/><F108/><W118/><G118/><T32/><D32/><AGARI ba="0,1" hai="20,24,27,28,30,32,79,80,85,92,93,97,102,104" machi="32" ten="30,2900,0" yaku="1,1,7,1,53,0" doraHai="1" doraHaiUra="3" who="3" fromWho="0" sc="194,-29,234,0,223,0,339,39" />
</Scene>
<Scene>
<INIT seed="3,1,0,1,2,13" ten="165,234,223,378" oya="3" hai0="98,73,122,74,94,23,65,40,106,104,18,115,119" hai1="131,2,32,54,24,126,33,45,55,30,125,50,29" hai2="88,84,12,22,9,134,117,99,135,95,7,49,87" hai3="71,79,127,16,128,90,129,28,112,100,56,86,21"/><W93/><G112/><T118/><D65/><U110/><E2/><V132/><F117/><W70/><G127/><N who="1" m="48650" /><E131/><N who="3" m="50250" /><G28/><N who="1" m="10858" /><E24/><V10/><F22/><W39/><G39/><T124/><D40/><U17/><E17/><N who="2" m="8335" /><F49/><W81/><G56/><T52/><D122/><U42/><E110/><V83/><F83/><W69/><G100/><T105/><D115/><U41/><E41/><V130/><F130/><W78/><G81/><T92/><D124/><U14/><E14/><AGARI ba="1,0" hai="7,10,14,84,87,88,95,99,132,134,135" m="8335" machi="14" ten="30,3900,0" yaku="20,1,52,1,54,1" doraHai="13" who="2" fromWho="1" sc="165,0,234,-42,223,42,378,0" /><AGARI ba="1,0" hai="14,16,21,69,70,71,78,79,86,90,93" m="50250" machi="14" ten="40,7700,0" yaku="19,1,52,1,54,1" doraHai="13" who="3" fromWho="1" sc="165,0,192,-77,265,0,378,77" />
</Scene>
<Scene>
<INIT seed="3,2,0,3,4,53" ten="165,115,265,455" oya="3" hai0="54,132,113,52,67,46,103,6,89,105,116,59,110" hai1="124,109,64,122,26,92,8,24,61,134,21,68,29" hai2="88,56,62,106,16,32,15,86,51,12,60,47,4" hai3="135,128,75,43,40,69,28,49,108,79,7,38,18"/><W17/><G69/><T14/><D116/><U94/><E122/><V117/><F117/><W65/><G38/><T39/><D113/><U107/><E107/><V123/><F32/><W93/><G7/><T115/><D115/><U131/><E8/><N who="2" m="4103" /><F106/><W90/><G28/><T3/><D3/><U133/><E109/><V102/><F102/><W35/><G108/><T80/><D110/><U45/><E45/><V23/><F123/><W104/><G35/><T13/><D132/><U10/><E10/><V57/><F62/><W1/><G1/><T66/><D105/><U33/><E124/><V58/><F60/><W34/><G75/><T37/><D103/><U20/><E33/><V87/><F88/><W98/><G34/><T130/><D130/><U19/><REACH who="1" step="1"/><E131/><REACH who="1" ten="165,105,265,455" step="2"/><V31/><F31/><W112/><G104/><T42/><D46/><U114/><E114/><V97/><F97/><W2/><G128/><T127/><D127/><U91/><E91/><V55/><AGARI ba="2,1" hai="15,16,23,47,51,55,56,57,58,86,87" m="4103" machi="55" ten="30,8000,1" yaku="8,1,52,3,54,1" doraHai="53" who="2" fromWho="2" sc="165,-22,105,-22,265,96,455,-42" />
</Scene>
<Scene>
<INIT seed="4,0,0,0,0,45" ten="143,83,361,413" oya="0" hai0="107,66,72,87,122,59,18,16,82,6,86,31,26" hai1="104,58,113,14,60,100,80,46,61,73,55,126,105" hai2="40,128,121,33,20,71,94,64,91,89,120,124,90" hai3="47,127,108,125,76,115,106,131,129,83,49,77,1"/><T68/><D68/><U75/><E126/><N who="3" m="48138" /><G108/><T56/><D107/><U50/><E61/><V25/><F124/><W123/><G106/><T22/><D72/><U21/><E113/><V63/><F33/><W102/><G1/><T44/><D122/><U17/><E100/><V67/><F128/><N who="3" m="49227" /><G102/><T133/><D133/><U103/><E103/><V53/><F40/><N who="3" m="24807" /><G115/><T84/><D6/><U11/><E75/><V38/><F38/><W23/><G123/><T13/><D82/><U51/><E80/><V48/><F67/><W79/><G23/><T30/><D44/><U37/><E73/><AGARI ba="0,0" hai="73,76,77,79,83" m="24807,49227,48138" machi="73" ten="30,3900,0" yaku="18,1,19,1,52,1" doraHai="45" who="3" fromWho="1" sc="143,0,83,-39,361,0,413,39" />
</Scene>
<Scene>
<INIT seed="5,0,0,4,5,69" ten="143,44,361,452" oya="1" hai0="106,56,29,79,50,98,109,49,95,104,70,127,114" hai1="91,117,124,17,63,101,27,61,94,74,68,90,67" hai2="48,43,52,1,121,11,80,54,0,35,46,86,93" hai3="133,129,128,97,16,102,88,82,131,62,45,55,76"/><U28/><E74/><V31/><F121/><W41/><G133/><T37/><D70/><U83/><E117/><V110/><F110/><W65/><G55/><T58/><D109/><U38/><E17/><V22/><F35/><W21/><G88/><T13/><D127/><U53/><E124/><V122/><F122/><W32/><G32/><T20/><D37/><U8/><E8/><V5/><F1/><W99/><G102/><T39/><D79/><U47/><E83/><V119/><F119/><W72/><G62/><T10/><D39/><U107/><E94/><V57/><F93/><W66/><G97/><T118/><D118/><U7/><E7/><V105/><F105/><W87/><G99/><T78/><D78/><U59/><E101/><V89/><REACH who="2" step="1"/><F57/><REACH who="2" ten="143,44,351,452" step="2"/><N who="0" m="22122" /><D106/><U126/><E107/><V115/><F115/><W75/><G72/><T96/><D104/><U64/><E126/><V12/><F12/><N who="3" m="9351" /><G75/><T14/><D114/><U84/><E84/><V111/><F111/><W9/><G9/><T30/><D98/><U92/><E92/><V15/><F15/><N who="0" m="5642" /><D10/><U77/><E67/><V81/><F81/><W34/><G34/><T85/><D85/><U4/><E4/><V116/><F116/><W71/><G71/><T26/><D30/><U130/><E130/><V103/><F103/><AGARI ba="0,1" hai="20,26,29,49,50,95,96,103" m="5642,22122" machi="103" ten="30,1000,0" yaku="8,1" doraHai="69" who="0" fromWho="2" sc="143,20,44,0,351,-10,452,0" />
</Scene>
<Scene>
<INIT seed="6,0,0,0,0,69" ten="163,44,341,452" oya="2" hai0="117,60,29,52,109,93,91,49,57,123,121,100,98" hai1="65,63,76,59,71,126,107,70,32,13,80,128,108" hai2="83,79,99,81,14,72,18,10,92,46,48,51,135" hai3="114,21,26,125,103,88,39,25,33,106,5,124,30"/><V58/><F135/><W16/><G114/><T6/><D117/><U1/><E108/><V62/><F83/><W66/><G66/><T96/><D109/><U28/><E1/><V131/><F131/><W34/><G103/><T53/><D29/><U119/><E119/><V47/><F47/><W129/><G106/><T122/><D6/><U67/><E107/><V36/><F46/><W15/><G39/><T56/><REACH who="0" step="1"/><D123/><REACH who="0" ten="153,44,341,452" step="2"/><U102/><E128/><V134/><F134/><W31/><G129/><T7/><D7/><U35/><E28/><V42/><F42/><W113/><G113/><T44/><D44/><U37/><E37/><V54/><REACH who="2" step="1"/><F36/><REACH who="2" ten="153,44,331,452" step="2"/><W78/><G34/><T116/><D116/><U82/><E32/><V74/><F74/><W118/><G118/><T130/><D130/><U50/><E35/><V3/><F3/><W64/><G33/><T94/><AGARI ba="0,2" hai="49,52,53,56,57,60,91,93,94,96,98,100,121,122" machi="94" ten="20,5200,0" yaku="1,1,0,1,7,1,54,1,53,0" doraHai="69" doraHaiUra="101" who="0" fromWho="0" sc="153,72,44,-13,331,-26,452,-13" />
</Scene>
<Scene>
<INIT seed="7,0,0,0,2,2" ten="225,31,305,439" oya="3" hai0="115,72,13,114,117,85,49,22,0,105,67,34,102" hai1="5,54,15,130,53,96,113,70,23,11,83,101,75" hai2="127,58,6,90,99,62,56,112,81,108,97,60,66" hai3="78,57,28,77,94,9,31,50,42,43,134,100,26"/><W59/><G134/><T38/><D72/><U91/><E70/><V135/><F108/><W111/><G9/><T128/><D38/><U3/><E130/><V8/><F135/><W44/><G43/><T104/><D34/><U52/><E113/><N who="0" m="43017" /><D117/><U118/><E118/><V4/><F112/><W92/><G111/><T82/><D0/><U80/><E91/><V116/><F116/><W40/><G26/><T25/><D67/><U109/><E75/><V1/><F127/><W47/><G50/><T89/><D102/><AGARI ba="0,0" hai="28,31,40,42,44,47,57,59,77,78,92,94,100,102" machi="102" ten="25,4800,0" yaku="22,2,8,1" doraHai="2" who="3" fromWho="0" sc="225,-48,31,0,305,0,439,48" owari="177,-22.0,31,-47.0,305,11.0,487,58.0" />
</Scene>
</mjloggm>