<mjloggm ver="2.3"><GO type="169"/><UN n0="%E3%82%82%E3%81%8D%E3%82%85%E3%82%92%E5%BC%84%E3%82%8B%E8%80%85" n1="%E5%A4%AA%E3%81%8F%E3%81%AA%E3%81%84%E3%81%8A" n2="%E9%9D%92%E6%9C%A8%E8%8C%82" n3="%E7%B4%85%E9%89%84%E5%A7%AB" dan="16,16,16,18" rate="2033,2109,2023,2201" sx="M,M,M,F"/><TAIKYOKU oya="0"/>

<Scene>
<INIT seed="0,0,0,0,1,11" ten="250,250,250,250" oya="0" hai0="29,89,87,59,38,23,16,79,26,83,65,110,112" hai1="28,90,119,42,41,74,1,124,125,75,78,121,118" hai2="36,99,92,67,62,6,131,40,10,95,69,8,63" hai3="134,25,73,107,85,113,57,94,43,19,105,77,61"/><T44/><D112/><U32/><E121/><V14/><F131/><W27/><G113/><T13/><D110/><U100/><E1/><V56/><F36/><W12/><G73/><N who="1" m="27658" /><E78/><V106/><F40/><N who="1" m="15465" /><E100/><V0/><F106/><W49/><G134/><T24/><D24/><N who="1" m="18439" /><E90/><V55/><REACH who="2" step="1"/><F99/><REACH who="2" ten="250,250,240,250" step="2"/><W108/><G108/><T47/><D38/><U81/><E81/><V117/><F117/><W71/><G107/><T127/><D127/><U3/><E3/><V114/><F114/><W129/><G105/><T46/><D79/><U9/><E118/><V68/><F68/><W22/><G71/><T33/><REACH who="0" step="1"/><D47/><REACH who="0" ten="240,250,240,250" step="2"/><U45/><E45/><V54/><F54/><N who="3" m="33975" /><G77/><T116/><D116/><U4/><E119/><V115/><F115/><W109/><G109/><T66/><D66/><U123/><E125/><V88/><F88/><N who="3" m="53519" /><G129/><T104/><D104/><U130/><E124/><V102/><F102/><W31/><G31/><T18/><D18/><AGARI ba="0,2" hai="0,6,8,10,14,18,55,56,62,63,67,69,92,95" machi="18" ten="30,3900,0" yaku="1,1,7,1,52,1,53,0" doraHai="11" doraHaiUra="70" who="2" fromWho="0" sc="240,-39,250,0,240,59,250,0" />
</Scene>
<Scene>
<INIT seed="1,0,0,3,0,15" ten="201,250,299,250" oya="1" hai0="49,27,41,13,11,93,59,8,7,125,72,63,99" hai1="45,94,42,118,84,133,6,110,88,39,57,90,40" hai2="98,36,54,47,4,44,18,106,101,77,29,92,126" hai3="9,58,3,14,24,67,61,78,113,1,128,95,135"/><U5/><E118/><V120/><F120/><W30/><G113/><T53/><D72/><U48/><E133/><V122/><F122/><W104/><G104/><T130/><D125/><U83/><E110/><V23/><F126/><W34/><G135/><T97/><D130/><U37/><E37/><V121/><F4/><W134/><G134/><T68/><D27/><U43/><E57/><V111/><F111/><W124/><G124/><T117/><D117/><U103/><E103/><V116/><F116/><W102/><G78/><T21/><D21/><U69/><E69/><V35/><F77/><W96/><REACH who="3" step="1"/><G128/><REACH who="3" ten="201,250,299,240" step="2"/><T56/><D68/><U70/><E70/><V2/><F106/><W119/><G119/><T65/><D41/><N who="1" m="24623" /><E39/><V10/><F36/><W74/><G74/><T82/><D82/><U66/><E66/><V89/><F121/><W80/><G80/><T26/><D26/><U108/><E108/><V33/><F33/><W114/><G114/><T46/><D46/><U31/><E31/><V25/><F47/><W62/><G62/><T81/><D81/><U17/><E43/><V64/><F44/><W12/><G12/><N who="0" m="5151" /><D93/><U52/><E40/><V0/><F64/><W38/><G38/><T100/><D100/><U86/><E42/><V16/><F101/><W50/><G50/><T75/><D75/><U87/><E83/><V76/><F54/><W19/><AGARI ba="0,1" hai="1,3,9,14,19,24,30,34,58,61,67,95,96,102" machi="19" ten="20,8000,1" yaku="1,1,0,1,7,1,52,1,53,1" doraHai="15" doraHaiUra="55" who="3" fromWho="3" sc="201,-20,250,-40,299,-20,240,90" />
</Scene>
<Scene>
<INIT seed="2,0,0,1,4,6" ten="181,210,279,330" oya="2" hai0="40,10,93,67,134,75,37,46,30,39,117,22,107" hai1="121,4,79,124,102,94,118,119,64,25,104,92,62" hai2="86,2,103,1,52,130,80,129,36,20,97,66,114" hai3="56,109,106,15,44,19,24,14,41,77,110,96,122"/><V58/><F114/><W113/><G113/><T45/><D107/><U55/><E79/><V23/><F36/><W33/><G77/><T17/><D75/><U43/><E43/><V74/><F66/><W126/><G122/><T87/><D117/><U89/><E121/><V105/><F74/><W57/><G126/><T35/><D35/><U68/><E124/><V28/><F28/><W27/><G14/><T0/><D67/><U21/><E4/><V63/><F2/><W76/><G76/><T38/><D30/><U108/><E108/><N who="3" m="41578" /><G96/><T101/><D134/><U73/><E73/><V18/><F1/><W132/><G106/><T49/><D46/><U78/><E78/><V54/><F54/><W84/><G84/><T85/><D0/><U70/><E104/><V48/><F63/><W127/><G127/><T50/><D50/><U29/><E55/><V133/><F133/><W9/><G132/><T12/><REACH who="0" step="1"/><D22/><REACH who="0" ten="171,210,279,330" step="2"/><U90/><E118/><V88/><REACH who="2" step="1"/><F23/><REACH who="2" ten="171,210,269,330" step="2"/><W91/><G33/><T42/><D42/><U95/><E119/><V59/><F59/><W125/><G57/><T100/><D100/><U16/><E102/><V26/><AGARI ba="0,2" hai="18,20,26,48,52,58,80,86,88,97,103,105,129,130" machi="26" ten="30,11700,0" yaku="1,1,0,1,54,2,53,0" doraHai="6" doraHaiUra="31" who="2" fromWho="2" sc="171,-39,210,-39,269,137,330,-39" />
</Scene>
<Scene>
<INIT seed="2,1,0,2,0,31" ten="132,171,406,291" oya="2" hai0="24,7,86,96,115,66,117,46,64,88,10,87,53" hai1="59,6,93,120,47,133,38,0,26,101,114,99,119" hai2="91,103,51,29,113,110,21,108,63,106,17,129,132" hai3="116,131,67,71,36,83,49,44,9,5,102,52,41"/><V126/><F113/><W30/><G116/><T61/><D117/><U23/><E119/><V76/><F76/><W32/><G131/><T74/><D74/><U85/><E114/><V34/><F129/><W92/><G83/><T109/><D109/><N who="2" m="42090" /><F91/><W65/><G71/><T80/><D87/><U55/><E133/><V100/><F132/><W105/><G105/><T124/><D124/><U45/><E120/><V13/><F126/><W98/><G30/><T70/><D66/><U22/><E38/><V56/><F51/><W18/><G18/><T62/><D24/><U20/><E0/><V8/><F106/><W48/><G36/><T42/><D96/><U33/><E6/><V73/><F73/><W58/><REACH who="3" step="1"/><G32/><REACH who="3" ten="132,171,406,281" step="2"/><T128/><D115/><U72/><E33/><V37/><F37/><W50/><G50/><T111/><D128/><U1/><E93/><V134/><F134/><W90/><G90/><T84/><D111/><U15/><E101/><V28/><F34/><W125/><G125/><T127/><D127/><U77/><E77/><V68/><F68/><W121/><G121/><T40/><D86/><U35/><E85/><V118/><F118/><W16/><G16/><T4/><D4/><U79/><E79/><V94/><F29/><W54/><G54/><T135/><D135/><U95/><E55/><N who="2" m="34207" /><F94/><W27/><G27/><AGARI ba="1,1" hai="8,13,17,21,27,28,100,103" m="34207,42090" machi="27" ten="30,2900,0" yaku="14,1,10,1" doraHai="31" who="2" fromWho="3" sc="132,0,171,0,406,42,281,-32" />
</Scene>
<Scene>
<INIT seed="2,2,0,1,1,79" ten="132,171,448,249" oya="2" hai0="27,107,101,23,38,97,102,120,67,68,86,127,28" hai1="89,134,42,94,22,6,25,19,15,57,118,49,5" hai2="122,40,81,63,43,76,75,123,12,50,13,2,88" hai3="62,126,90,87,128,44,35,116,10,51,78,110,104"/><V117/><F117/><W73/><G35/><T55/><D120/><U99/><E118/><V32/><F32/><W1/><G116/><T91/><D127/><U47/><E134/><V52/><F2/><W30/><G126/><T17/><D102/><U70/><E70/><V129/><F129/><W59/><G104/><T112/><D112/><U16/><REACH who="1" step="1"/><E57/><REACH who="1" ten="132,161,448,249" step="2"/><V105/><F123/><W7/><G128/><T80/><D38/><U72/><E72/><V114/><F122/><W4/><G73/><T121/><D121/><U65/><E65/><V60/><F114/><W93/><G110/><T71/><D67/><U64/><E64/><V130/><F130/><W61/><G59/><T0/><D55/><U41/><E41/><V125/><F125/><W115/><G115/><T108/><D108/><U58/><E58/><V54/><F54/><W11/><G61/><T132/><D132/><U45/><E45/><V131/><F131/><W18/><G62/><T84/><D0/><U29/><E29/><V111/><F111/><W113/><G30/><T96/><D28/><U14/><E14/><V9/><F63/><W135/><G135/><T56/><D56/><U36/><E36/><V31/><F60/><W92/><G113/><T46/><D46/><U66/><E66/><V109/><F31/><W3/><G44/><T48/><D48/><U77/><E77/><V20/><F109/><W37/><G51/><T98/><D71/><U95/><E95/><V83/><F13/><W8/><G37/><T26/><D68/><U85/><E85/><N who="0" m="32873" /><D27/><U34/><E34/><V69/><F69/><RYUUKYOKU ba="2,1" sc="132,15,161,15,448,-15,249,-15" hai0="17,23,26,80,91,96,97,98,101,107" hai1="5,6,15,16,19,22,25,42,47,49,89,94,99" />
</Scene>
<Scene>
<INIT seed="3,3,1,0,1,88" ten="147,176,433,234" oya="3" hai0="131,27,55,83,34,109,108,78,32,87,89,112,5" hai1="102,72,81,53,13,113,92,30,28,123,24,18,104" hai2="84,126,45,98,9,19,11,46,101,43,93,79,57" hai3="135,76,38,116,60,8,58,41,85,130,54,68,71"/><W121/><G116/><T12/><D112/><U127/><E113/><V33/><F33/><W59/><G121/><T3/><D3/><U95/><E123/><V111/><F111/><N who="0" m="42570" /><D131/><U90/><E127/><V20/><F126/><W49/><G8/><N who="0" m="4111" /><D27/><U62/><E104/><V124/><F124/><W115/><G115/><T25/><D25/><U107/><E107/><V122/><F122/><W128/><G76/><T1/><D1/><U14/><E72/><V2/><F57/><W97/><G85/><N who="0" m="48375" /><D55/><U31/><E102/><V7/><F11/><W66/><G97/><T52/><D52/><U23/><E81/><AGARI ba="3,1" hai="32,34,81,87,89" m="48375,4111,42570" machi="81" ten="30,1000,0" yaku="14,1" doraHai="88" who="0" fromWho="1" sc="147,29,176,-19,433,0,234,0" />
</Scene>
<Scene>
<INIT seed="4,0,0,4,0,68" ten="176,157,433,234" oya="0" hai0="116,64,23,88,1,9,5,36,6,76,114,102,93" hai1="44,39,19,29,24,51,8,37,90,61,111,89,45" hai2="26,38,31,127,10,22,108,65,123,85,73,97,57" hai3="60,69,129,78,124,20,132,100,121,49,96,91,86"/><T56/><D116/><U14/><E111/><V126/><F108/><W75/><G121/><T70/><D114/><U131/><E131/><V107/><F73/><W105/><G129/><T25/><D6/><U27/><E61/><V4/><F123/><W81/><G49/><T87/><D70/><U133/><E133/><V125/><F85/><W117/><G117/><T2/><D76/><U13/><E29/><V106/><F97/><W80/><G132/><T54/><D64/><U99/><E99/><V83/><F83/><W84/><G20/><T58/><D102/><U66/><E66/><V79/><F79/><N who="3" m="46111" /><G60/><T7/><D36/><U67/><E67/><V71/><F71/><W104/><G69/><T18/><REACH who="0" step="1"/><D54/><REACH who="0" ten="166,157,433,234" step="2"/><U120/><E120/><V74/><F38/><W118/><G118/><T17/><D17/><U63/><E19/><V62/><F74/><W16/><G16/><T12/><D12/><AGARI ba="0,1" hai="4,10,12,22,26,31,57,62,65,106,107,125,126,127" machi="12" ten="40,1300,0" yaku="18,1" doraHai="68" who="2" fromWho="0" sc="166,-13,157,0,433,23,234,0" />
</Scene>
<Scene>
<INIT seed="5,0,0,4,0,125" ten="153,157,456,234" oya="1" hai0="40,83,93,89,102,55,119,45,130,99,117,101,61" hai1="33,92,66,37,64,109,27,24,41,26,63,39,108" hai2="94,127,31,21,54,111,19,17,1,113,32,95,30" hai3="4,62,112,56,23,76,133,85,131,135,14,75,134"/><U12/><E33/><V11/><F127/><W107/><G107/><T78/><D119/><U118/><E118/><V115/><F111/><N who="1" m="42569" /><E12/><V43/><F43/><W71/><G71/><T74/><D117/><U87/><E41/><V84/><F32/><W46/><G46/><T124/><D124/><U97/><E87/><V0/><F54/><W49/><G75/><T50/><D130/><U42/><E42/><V53/><F53/><W96/><G49/><T90/><REACH who="0" step="1"/><D102/><REACH who="0" ten="143,157,456,234" step="2"/><N who="1" m="60711" /><E66/><V98/><F115/><W128/><G112/><T47/><D47/><U59/><AGARI ba="0,1" hai="24,26,27,37,39,59,63,64" m="60711,42569" machi="59" ten="30,1500,0" yaku="10,1" doraHai="125" who="1" fromWho="1" sc="143,-5,157,25,456,-5,234,-5" />
</Scene>
<Scene>
<INIT seed="5,1,0,3,1,91" ten="138,182,451,229" oya="1" hai0="107,80,49,105,18,85,128,82,21,20,32,66,122" hai1="78,60,34,33,114,118,134,10,39,127,112,23,95" hai2="132,104,73,26,54,129,109,84,45,46,13,61,2" hai3="74,108,130,3,44,124,87,125,103,120,126,55,86"/><U11/><E39/><V75/><F109/><W117/><G74/><T90/><D32/><N who="1" m="12395" /><E78/><V52/><F104/><W115/><G3/><T121/><D128/><U79/><E79/><V71/><F2/><W25/><G130/><T77/><D66/><U62/><E118/><V27/><F129/><W72/><G72/><T98/><D49/><U29/><E127/><V15/><F84/><W135/><G117/><T57/><D57/><U41/><E41/><V35/><F35/><W102/><G108/><T116/><D116/><U43/><E43/><V119/><F119/><W36/><G120/><N who="0" m="46187" /><D21/><U1/><E134/><V65/><F132/><W113/><G135/><T63/><D63/><N who="1" m="24107" /><E1/><V30/><F61/><W59/><G25/><N who="0" m="14487" /><D82/><U31/><E23/><V58/><F58/><W16/><G36/><T56/><D56/><U100/><E10/><V92/><F65/><W97/><G59/><T110/><D110/><U133/><E11/><V24/><F24/><W5/><G5/><T4/><D4/><U64/><E64/><V94/><F30/><N who="1" m="11273" /><E133/><V53/><F53/><W99/><G125/><T69/><D69/><AGARI ba="1,0" hai="13,15,26,27,45,46,52,54,69,71,73,75,92,94" machi="69" ten="25,8000,1" yaku="22,2,52,2,54,1" doraHai="91" who="2" fromWho="0" sc="138,-83,182,0,451,83,229,0" />
</Scene>
<Scene>
<INIT seed="6,0,0,1,5,119" ten="55,182,534,229" oya="2" hai0="41,86,124,129,114,91,74,99,11,29,75,77,63" hai1="93,95,89,49,52,38,19,103,111,12,132,34,58" hai2="104,135,7,51,87,59,85,15,56,83,53,55,13" hai3="43,8,78,60,61,88,134,72,44,24,37,2,28"/><V42/><F104/><W31/><G134/><T76/><D41/><U73/><E111/><V122/><F122/><W80/><G31/><T6/><D29/><U62/><E38/><V131/><F131/><W30/><G30/><T90/><D63/><U84/><E34/><V64/><F64/><W9/><G9/><T101/><D11/><U82/><E132/><V100/><F100/><W20/><REACH who="3" step="1"/><G88/><REACH who="3" ten="55,182,534,219" step="2"/><N who="0" m="33835" /><D6/><AGARI ba="0,1" hai="2,6,8,20,24,28,37,43,44,60,61,72,78,80" machi="6" ten="40,8000,1" yaku="1,1,25,2,53,1" doraHai="119" doraHaiUra="36" who="3" fromWho="0" sc="55,-80,182,0,534,0,219,90" owari="-25,-53.0,182,-22.0,534,64.0,309,11.0" />
</Scene>
</mjloggm>