<mjloggm ver="2.3"><GO type="169"/><UN n0="%E5%A4%AA%E3%81%8F%E3%81%AA%E3%81%84%E3%81%8A" n1="%E3%81%AE%E3%81%A9%E3%81%A3%E3%81%A1%2E" n2="%E2%98%86%E6%97%A5%E5%90%91%E5%A4%8F%E7%BE%8E%E2%98%86" n3="%E3%80%9D%73%68%69%6E" dan="16,18,16,18" rate="2101,2228,2101,2196" sx="M,F,F,M"/><TAIKYOKU oya="0"/>

<Scene>
<INIT seed="0,0,0,4,3,76" ten="250,250,250,250" oya="0" hai0="66,101,49,75,11,46,40,48,23,97,134,121,102" hai1="68,57,25,58,4,35,62,100,24,27,47,78,84" hai2="19,15,18,9,111,90,7,124,69,65,114,52,45" hai3="82,1,91,39,94,79,77,115,60,95,118,50,108"/><T59/><D121/><U113/><E35/><V120/><F114/><W98/><G39/><T12/><D75/><U28/><E28/><V10/><F120/><W73/><G1/><T125/><D125/><U112/><E100/><V21/><F124/><W0/><G0/><T127/><D127/><U63/><E4/><V116/><F111/><W80/><G118/><T71/><D134/><U20/><E20/><V13/><F116/><W105/><G60/><N who="1" m="23082" /><E47/><V5/><F69/><W41/><G41/><T103/><D71/><U88/><E78/><V29/><F65/><W6/><G50/><T33/><D33/><U22/><E22/><V126/><F126/><W32/><G6/><T38/><D66/><U109/><E109/><V51/><F90/><N who="3" m="55671" /><G32/><T89/><D23/><U56/><E68/><V70/><F70/><W67/><G67/><T55/><D38/><U16/><E16/><V122/><F122/><W85/><G108/><T135/><D89/><U86/><E88/><V93/><F93/><W128/><G128/><T17/><REACH who="0" step="1"/><D135/><REACH who="0" ten="240,250,250,250" step="2"/><U8/><E8/><V96/><F96/><AGARI ba="0,1" hai="11,12,17,40,46,48,49,55,59,96,97,101,102,103" machi="96" ten="40,7700,0" yaku="1,1,2,1,8,1,53,0" doraHai="76" doraHaiUra="30" who="0" fromWho="2" sc="240,87,250,0,250,-77,250,0" />
</Scene>
<Scene>
<INIT seed="0,1,0,1,4,119" ten="327,250,173,250" oya="0" hai0="105,75,48,131,26,40,62,17,32,54,8,132,84" hai1="46,70,41,87,63,74,95,91,38,123,101,53,20" hai2="97,10,99,68,76,37,65,93,134,82,122,89,16" hai3="118,77,109,59,7,64,5,45,15,116,104,96,114"/><T55/><D75/><U108/><E108/><V9/><F37/><W100/><G114/><T22/><D105/><U14/><E74/><V28/><F134/><W72/><G109/><T103/><D32/><U31/><E101/><V56/><F68/><W125/><G125/><T107/><D132/><U24/><E14/><V83/><F28/><W117/><G77/><T21/><D131/><U0/><E0/><V11/><F122/><W51/><G72/><T78/><D107/><U121/><REACH who="1" step="1"/><E53/><REACH who="1" ten="327,240,173,250" step="2"/><V113/><F113/><W1/><G1/><T112/><D55/><U71/><E71/><V29/><F65/><AGARI ba="1,1" hai="20,24,31,38,41,46,63,65,70,87,91,95,121,123" machi="65" ten="40,5200,0" yaku="1,1,52,2,53,0" doraHai="119" doraHaiUra="120" who="1" fromWho="2" sc="327,0,240,65,173,-55,250,0" />
</Scene>
<Scene>
<INIT seed="1,0,0,3,3,42" ten="327,305,118,250" oya="1" hai0="98,55,21,60,11,27,10,84,129,8,43,100,130" hai1="4,105,44,13,135,3,61,71,90,28,15,111,20" hai2="97,25,52,66,68,2,32,133,92,51,19,18,114" hai3="47,119,69,57,77,31,1,108,86,134,34,5,102"/><U117/><E117/><V109/><F2/><W50/><G69/><T99/><D43/><U39/><E105/><V132/><F109/><W29/><G108/><T123/><D123/><U16/><E111/><V67/><F114/><W91/><G119/><T63/><D84/><U131/><E3/><V58/><F32/><W49/><G134/><N who="2" m="51817" /><F68/><W113/><G113/><T116/><D116/><U110/><E110/><V101/><F25/><W23/><G77/><T94/><D98/><U40/><E28/><V72/><F72/><W24/><G102/><T37/><D37/><U87/><E135/><V82/><F82/><W41/><G34/><T106/><D106/><U56/><E71/><V7/><F7/><W36/><G31/><N who="0" m="17903" /><D55/><U26/><E4/><V89/><F101/><W46/><G5/><T107/><D107/><U74/><E74/><V38/><F38/><W70/><G1/><T78/><D78/><U118/><E131/><AGARI ba="0,0" hai="8,10,11,60,63,94,99,100,129,130,131" m="17903" machi="131" ten="30,1000,0" yaku="19,1" doraHai="42" who="0" fromWho="1" sc="327,10,305,-10,118,0,250,0" />
</Scene>
<Scene>
<INIT seed="2,0,0,3,4,67" ten="337,295,118,250" oya="2" hai0="112,124,106,49,114,77,5,97,8,38,27,12,66" hai1="0,23,122,36,117,2,110,58,80,14,105,91,32" hai2="37,121,87,48,20,64,98,45,1,54,119,86,18" hai3="43,75,102,130,113,72,131,101,47,59,16,4,24"/><V9/><F121/><W120/><G120/><T135/><D38/><U83/><E32/><V99/><F119/><W82/><G113/><T50/><D124/><U115/><E36/><V28/><F37/><W34/><G4/><T13/><D135/><U79/><E105/><V39/><F39/><N who="3" m="22015" /><G59/><T126/><D126/><U90/><E115/><V133/><F133/><W40/><G40/><T100/><D77/><U81/><E79/><V70/><F28/><N who="3" m="19719" /><G82/><T103/><D27/><U60/><E117/><V88/><F1/><W96/><G16/><T69/><D103/><U95/><E90/><V129/><F129/><N who="3" m="49163" /><G102/><T118/><D118/><U6/><E122/><V10/><F86/><W63/><G63/><T73/><D73/><U61/><E61/><V30/><F30/><W132/><G132/><T65/><D114/><U57/><E57/><V128/><F128/><W41/><G41/><T3/><D112/><U93/><E58/><V125/><F125/><W78/><G78/><T11/><D3/><U85/><E60/><V108/><F9/><W19/><G19/><T92/><D8/><U25/><E0/><V21/><F10/><W84/><G84/><T29/><D11/><U111/><E2/><V55/><F87/><W22/><G22/><T52/><D29/><N who="1" m="17599" /><E6/><V127/><F127/><W56/><G56/><T31/><D31/><U17/><E93/><AGARI ba="0,0" hai="72,75,93,96,101" m="49163,19719,22015" machi="93" ten="30,1000,0" yaku="19,1" doraHai="67" who="3" fromWho="1" sc="337,0,295,-10,118,0,250,10" />
</Scene>
<Scene>
<INIT seed="3,0,0,2,1,61" ten="337,285,118,260" oya="3" hai0="114,3,67,72,23,111,34,120,71,92,82,11,14" hai1="86,20,63,21,57,121,107,41,12,106,36,7,127" hai2="56,31,33,100,17,128,119,90,123,110,93,26,124" hai3="66,65,134,18,131,108,45,48,44,85,112,76,4"/><W2/><G112/><T69/><D120/><U68/><E121/><V122/><F119/><W117/><G117/><T83/><D34/><U16/><E127/><V104/><F124/><W10/><G45/><T60/><D114/><U28/><E68/><V42/><F128/><W51/><G131/><T52/><D111/><U118/><E118/><V84/><F110/><W130/><G130/><T43/><D43/><U50/><E36/><V9/><F42/><W32/><G32/><T19/><D71/><U89/><E7/><V59/><F122/><W115/><G115/><T79/><D82/><U15/><E41/><V101/><F123/><W39/><G39/><T94/><D3/><U129/><E50/><V8/><F8/><W105/><G105/><T96/><D96/><U103/><E103/><V125/><F125/><W75/><G75/><T74/><D74/><U95/><E129/><V81/><F104/><W97/><G97/><T24/><REACH who="0" step="1"/><D52/><REACH who="0" ten="327,285,118,260" step="2"/><U49/><E49/><V88/><F59/><W54/><G108/><T5/><AGARI ba="0,1" hai="5,11,14,19,23,24,60,67,69,72,79,83,92,94" machi="5" ten="20,8000,1" yaku="1,1,2,1,0,1,7,1,52,1,53,0" doraHai="61" doraHaiUra="113" who="0" fromWho="0" sc="327,90,285,-20,118,-20,260,-40" />
</Scene>
<Scene>
<INIT seed="4,0,0,4,0,105" ten="417,265,98,220" oya="0" hai0="41,59,4,19,83,15,12,127,66,116,114,52,124" hai1="87,112,70,32,106,21,50,100,103,29,85,118,128" hai2="27,56,68,69,40,107,44,42,48,51,86,5,72" hai3="43,133,135,93,121,45,14,33,2,47,82,58,90"/><T92/><D116/><U20/><E70/><N who="2" m="27243" /><F86/><W35/><G2/><T30/><D114/><U134/><E118/><V36/><F107/><W99/><G121/><T84/><D30/><U120/><E112/><V63/><F72/><W108/><G108/><T126/><D41/><U16/><E120/><V91/><F91/><W80/><G58/><T98/><D66/><U115/><E115/><V13/><F13/><W109/><G109/><T96/><D4/><U37/><E37/><N who="2" m="21519" /><F27/><W129/><G129/><T79/><D92/><U67/><E32/><N who="3" m="12362" /><G14/><N who="0" m="5163" /><D19/><U74/><E29/><V53/><F5/><W125/><G43/><T78/><D79/><U28/><E28/><V46/><AGARI ba="0,0" hai="36,42,46,48,51,53,56,63" m="21519,27243" machi="46" ten="30,8000,1" yaku="35,5" doraHai="105" who="2" fromWho="2" sc="417,-40,265,-20,98,80,220,-20" />
</Scene>
<Scene>
<INIT seed="5,0,0,4,5,4" ten="377,245,178,200" oya="1" hai0="101,106,105,60,51,116,50,53,46,33,65,39,118" hai1="9,122,22,24,55,76,72,114,133,73,130,2,128" hai2="67,20,99,30,113,15,71,37,78,57,64,35,40" hai3="108,48,54,49,109,21,52,90,125,79,27,43,120"/><U102/><E122/><V7/><F71/><W11/><G120/><T134/><D33/><U10/><E2/><V91/><F35/><W47/><G125/><T45/><D134/><U75/><E76/><V6/><F37/><W123/><G123/><T1/><D1/><U89/><E133/><V86/><F40/><W28/><G79/><T96/><D105/><U95/><E102/><V103/><F78/><W93/><G43/><T34/><D34/><U44/><E114/><V131/><F131/><N who="1" m="50217" /><E55/><V111/><F111/><W119/><G11/><N who="1" m="4106" /><E44/><V74/><F103/><W98/><G119/><T59/><D39/><U23/><E24/><V58/><F113/><W88/><G90/><T61/><D61/><U0/><E0/><V112/><F112/><W77/><G77/><T36/><D36/><U19/><E19/><V13/><F91/><W129/><G129/><T26/><D26/><U97/><AGARI ba="0,0" hai="22,23,72,73,75,89,95,97" m="4106,50217" machi="97" ten="40,12000,1" yaku="19,1,52,3" doraHai="4" who="1" fromWho="1" sc="377,-40,245,120,178,-40,200,-40" />
</Scene>
<Scene>
<INIT seed="5,1,0,1,4,6" ten="337,365,138,160" oya="1" hai0="5,113,16,127,112,91,53,47,98,29,104,90,116" hai1="135,13,66,28,106,24,30,129,121,94,80,18,35" hai2="132,74,48,49,70,96,103,118,92,34,62,21,54" hai3="134,36,45,88,55,39,71,78,8,93,115,122,81"/><U107/><E121/><V50/><F34/><W38/><G71/><T97/><D116/><U131/><E30/><V0/><F118/><W14/><G122/><T85/><D127/><U63/><E135/><V41/><F132/><W46/><G134/><T99/><D104/><U126/><E126/><V60/><F74/><W95/><G115/><N who="0" m="44107" /><D29/><U120/><E120/><V59/><F0/><W75/><G55/><T40/><D5/><U52/><E94/><V43/><F70/><W83/><G83/><N who="0" m="49471" /><D16/><U114/><E114/><V125/><F125/><W100/><G100/><T77/><D77/><U119/><E80/><V27/><REACH who="2" step="1"/><F62/><REACH who="2" ten="337,365,128,160" step="2"/><W65/><G65/><T64/><D64/><U109/><E119/><V61/><F61/><W37/><G93/><N who="0" m="56511" /><D53/><U68/><E52/><V87/><F87/><W20/><G75/><T10/><D98/><U19/><E107/><V57/><F57/><W76/><G95/><T82/><D99/><U108/><E106/><V72/><F72/><W79/><G81/><T3/><D82/><U128/><E13/><V9/><F9/><W15/><G8/><T12/><D3/><U42/><E63/><V101/><F101/><W51/><G15/><T111/><D12/><U25/><E66/><V7/><F7/><W4/><G14/><T86/><D86/><U89/><E68/><V67/><F67/><W69/><G4/><T133/><D133/><U33/><E33/><V117/><F117/><W11/><G69/><T58/><D10/><U23/><E35/><V130/><F130/><W32/><G32/><T73/><D73/><U105/><E129/><RYUUKYOKU ba="1,1" sc="337,-10,365,-10,128,30,160,-10" hai2="21,27,41,43,48,49,50,54,59,60,92,96,103" />
</Scene>
<Scene>
<INIT seed="6,2,1,2,1,72" ten="327,355,158,150" oya="2" hai0="65,89,39,30,99,60,67,4,59,14,55,62,19" hai1="126,31,1,12,131,88,34,21,119,6,117,110,127" hai2="116,111,96,20,73,57,7,35,15,81,43,16,53" hai3="109,79,50,87,78,97,49,45,133,135,37,46,103"/><V118/><F35/><W40/><G109/><T120/><D120/><U98/><E110/><V33/><F33/><W106/><G87/><T38/><D30/><U5/><E131/><V24/><F111/><W75/><G75/><T101/><D4/><N who="1" m="1643" /><E1/><V83/><F43/><N who="3" m="24799" /><G37/><T8/><D89/><U123/><E123/><V90/><F116/><N who="1" m="44617" /><E88/><V95/><F73/><W128/><G128/><T36/><REACH who="0" step="1"/><D62/><REACH who="0" ten="317,355,158,150" step="2"/><U48/><E34/><V122/><F122/><W108/><G108/><T121/><D121/><U27/><E48/><N who="2" m="30887" /><F118/><W10/><G10/><AGARI ba="2,2" hai="7,10,15,16,20,24,81,83,90,95,96" m="30887" machi="10" ten="30,2900,0" yaku="8,1,54,1" doraHai="72" who="2" fromWho="3" sc="317,0,355,0,158,55,150,-35" />
</Scene>
<Scene>
<INIT seed="6,3,0,1,3,56" ten="317,355,213,115" oya="2" hai0="84,13,80,113,4,11,41,98,99,46,121,102,124" hai1="45,60,43,53,86,52,39,17,74,93,58,61,82" hai2="33,83,69,54,123,0,125,91,64,27,9,105,106" hai3="120,1,31,38,23,47,73,59,127,131,108,21,6"/><V129/><F123/><W94/><G120/><T85/><D113/><U114/><E114/><V89/><F54/><W40/><G108/><T35/><D121/><U57/><E17/><V111/><F91/><W22/><G127/><T128/><D35/><U88/><E74/><V130/><F125/><W132/><G132/><T18/><D124/><U90/><E90/><V126/><F126/><W95/><G131/><N who="2" m="50185" /><F89/><W29/><G73/><T75/><D128/><U19/><E19/><V109/><F83/><AGARI ba="3,0" hai="39,43,45,52,53,57,58,60,61,82,83,86,88,93" machi="83" ten="40,8000,1" yaku="9,1,52,2,54,2" doraHai="56" who="1" fromWho="2" sc="317,0,355,89,213,-89,115,0" />
</Scene>
<Scene>
<INIT seed="7,0,0,4,1,55" ten="317,444,124,115" oya="3" hai0="128,101,36,57,87,115,80,43,83,14,84,62,12" hai1="6,52,17,28,79,109,16,69,117,32,73,47,10" hai2="106,82,74,77,46,33,132,58,89,54,76,116,67" hai3="4,11,122,21,134,121,8,95,126,20,9,118,56"/><W60/><G118/><T23/><D128/><U49/><E109/><V120/><F116/><W129/><G129/><T124/><D124/><U26/><E69/><V110/><F33/><W86/><G126/><T98/><D115/><U37/><E117/><V44/><F110/><W61/><G4/><T65/><D36/><U24/><E26/><V25/><F25/><W113/><G113/><T70/><D43/><U38/><E38/><V94/><F106/><W114/><G114/><T85/><D70/><U0/><E37/><V107/><F107/><W35/><G35/><T119/><D119/><U50/><E79/><V42/><F67/><W75/><G75/><T40/><D40/><U81/><E81/><N who="0" m="31305" /><D23/><N who="3" m="8777" /><G134/><T123/><D123/><N who="3" m="47113" /><G95/><AGARI ba="0,0" hai="12,14,57,62,65,84,85,87,95,98,101" m="31305" machi="95" ten="30,2000,0" yaku="8,1,52,1" doraHai="55" who="0" fromWho="3" sc="317,20,444,0,124,0,115,-20" owari="337,14.0,444,54.0,124,-28.0,95,-40.0" />
</Scene>
</mjloggm>