<mjloggm ver="2.3"><GO type="169"/><UN n0="%5A%69%6C%61%6E%74" n1="%E5%A4%AA%E3%81%8F%E3%81%AA%E3%81%84%E3%81%8A" n2="%E3%83%AA%E3%82%B3%E3%81%B4%E3%82%87%E3%82%93%E2%99%AA" n3="%E3%83%88%E3%83%9E%E3%82%BD%E3%83%B3" dan="17,17,16,16" rate="2194,2152,2060,2072" sx="M,M,F,M"/><TAIKYOKU oya="0"/>

<Scene>
<INIT seed="0,0,0,1,3,133" ten="250,250,250,250" oya="0" hai0="11,39,18,88,62,13,80,109,51,69,44,20,41" hai1="135,108,125,75,105,45,91,23,126,65,48,97,9" hai2="111,99,36,114,81,115,76,54,49,98,68,55,14" hai3="127,130,94,42,113,4,100,117,52,29,3,122,60"/><T30/><D109/><U78/><E135/><V31/><F36/><W5/><G122/><T47/><D69/><U104/><E108/><V82/><F111/><W132/><G132/><T8/><D62/><U59/><E75/><V84/><F68/><W73/><G73/><T77/><D30/><U119/><E78/><V95/><F31/><W56/><G113/><T1/><D1/><U63/><E119/><V90/><F14/><W2/><G2/><T106/><D106/><U35/><E35/><V34/><F34/><W15/><G3/><T129/><D129/><U12/><E23/><V64/><F64/><W38/><G130/><T79/><D11/><U32/><E32/><V66/><F66/><W58/><G117/><T61/><D61/><U89/><E91/><V128/><F128/><W37/><G29/><T26/><D20/><U7/><E89/><N who="2" m="51351" /><F99/><N who="3" m="59511" /><G56/><T101/><D101/><U40/><REACH who="1" step="1"/><E97/><REACH who="1" ten="250,240,250,250" step="2"/><V70/><F98/><W57/><G5/><T87/><REACH who="0" step="1"/><D26/><REACH who="0" ten="240,240,250,250" step="2"/><U131/><E131/><V134/><F115/><W28/><G28/><T43/><AGARI ba="0,2" hai="8,13,18,39,41,43,44,47,51,77,79,80,87,88" machi="43" ten="20,18000,2" yaku="1,1,2,1,0,1,7,1,54,1,53,1" doraHai="133" doraHaiUra="6" who="0" fromWho="0" sc="240,200,240,-60,250,-60,250,-60" />
</Scene>
<Scene>
<INIT seed="0,1,0,0,2,6" ten="440,180,190,190" oya="0" hai0="105,13,78,28,117,63,0,77,85,120,55,15,86" hai1="39,8,3,18,61,68,89,81,33,114,106,109,101" hai2="135,50,83,74,40,93,111,5,38,102,84,73,113" hai3="51,72,11,79,76,80,29,14,133,35,97,12,57"/><T23/><D120/><U20/><E39/><V48/><F113/><W32/><G133/><T65/><D117/><U132/><E33/><V44/><F111/><W19/><G29/><T115/><D0/><U92/><E109/><V100/><F135/><W49/><G97/><T122/><D122/><U54/><E132/><V62/><F62/><W9/><G79/><N who="0" m="30219" /><D105/><U10/><E114/><V24/><F24/><W124/><G124/><T22/><D65/><U82/><E106/><V64/><F64/><W98/><G98/><T42/><D42/><U126/><E101/><V71/><F71/><W60/><G35/><T125/><D125/><U70/><E126/><V21/><F102/><W130/><G32/><T95/><D115/><U103/><E103/><V43/><F100/><W131/><G131/><T88/><D86/><N who="1" m="52279" /><E68/><V119/><F119/><W46/><G46/><T118/><D118/><U99/><E3/><V129/><F129/><W58/><G58/><N who="0" m="35295" /><D28/><U34/><E99/><V1/><F1/><W47/><G47/><T4/><D13/><N who="1" m="9295" /><E70/><V123/><F123/><W69/><G69/><T87/><D85/><U110/><E34/><V7/><F38/><W30/><G30/><T37/><D37/><U25/><E25/><V121/><F121/><W59/><G59/><T112/><D112/><U134/><E134/><V94/><F74/><W91/><G130/><T128/><D128/><U116/><E116/><V53/><F73/><W56/><G56/><T90/><D90/><U104/><E104/><V2/><F2/><W67/><G91/><T17/><D4/><AGARI ba="1,0" hai="4,9,11,12,14,19,49,51,57,60,67,72,76,80" machi="4" ten="30,3900,0" yaku="7,1,52,2" doraHai="6" who="3" fromWho="0" sc="440,-42,180,0,190,0,190,42" />
</Scene>
<Scene>
<INIT seed="1,0,0,3,2,60" ten="398,180,190,232" oya="1" hai0="117,58,71,50,32,12,81,98,69,109,125,31,33" hai1="30,11,110,35,62,5,94,135,68,130,63,19,55" hai2="42,101,29,61,1,52,41,20,106,83,34,26,126" hai3="128,40,75,118,85,90,79,96,102,95,103,89,77"/><U6/><E135/><V76/><F1/><W91/><G40/><T108/><D117/><U48/><E130/><V122/><F122/><W120/><G120/><T129/><D129/><U119/><E119/><V2/><F2/><W17/><G128/><T100/><D125/><U65/><E110/><N who="0" m="42601" /><D81/><U133/><E133/><V93/><F106/><N who="3" m="63815" /><G17/><T37/><D37/><U105/><E105/><V36/><F36/><W47/><G47/><T9/><D50/><U74/><E74/><V27/><F126/><W72/><G118/><T113/><D58/><U124/><E124/><V73/><F101/><W22/><G22/><T7/><D113/><U78/><E78/><N who="3" m="29706" /><G103/><T114/><D114/><U115/><E115/><V88/><F52/><W39/><G39/><T44/><D44/><U0/><E6/><V82/><F61/><W99/><G91/><T24/><D33/><U134/><E134/><V64/><F34/><W80/><AGARI ba="0,0" hai="72,75,80,85,89,90,95,99" m="29706,63815" machi="80" ten="30,8000,1" yaku="35,5" doraHai="60" who="3" fromWho="3" sc="398,-20,180,-40,190,-20,232,80" />
</Scene>
<Scene>
<INIT seed="2,0,0,2,3,111" ten="378,140,170,312" oya="2" hai0="129,28,70,124,108,13,35,21,7,47,10,83,104" hai1="79,92,45,63,27,133,134,77,119,81,122,125,67" hai2="117,8,44,55,14,98,131,116,97,53,48,2,17" hai3="127,110,57,118,123,103,132,41,24,90,96,76,40"/><V30/><F131/><W78/><G110/><T72/><D108/><U0/><E119/><V4/><F30/><W61/><G123/><T112/><D70/><U25/><E0/><V105/><F55/><W3/><G3/><T62/><D104/><U115/><E122/><V68/><F68/><W87/><G118/><T54/><D129/><U130/><E130/><V18/><F18/><W121/><G121/><T36/><D35/><U102/><E125/><V85/><F85/><W50/><G24/><T120/><D120/><U43/><E92/><V6/><F6/><W19/><G19/><T135/><D135/><N who="1" m="51723" /><E102/><V31/><F31/><W75/><G75/><T93/><D28/><U58/><E115/><V42/><F42/><W88/><G41/><T69/><D112/><U26/><E81/><V46/><F46/><N who="3" m="25927" /><G103/><T12/><D93/><U65/><E67/><V39/><F39/><AGARI ba="0,0" hai="25,26,27,39,43,45,58,63,65,77,79" m="51723" machi="39" ten="30,1000,0" yaku="20,1" doraHai="111" who="1" fromWho="2" sc="378,0,140,10,170,-10,312,0" />
</Scene>
<Scene>
<INIT seed="3,0,0,4,2,85" ten="378,150,160,312" oya="3" hai0="115,64,44,134,6,90,66,40,7,123,36,35,77" hai1="20,69,125,47,99,91,38,54,18,101,46,98,52" hai2="93,30,17,106,127,13,31,22,76,9,88,4,109" hai3="114,103,111,49,81,87,105,28,122,135,110,119,34"/><W61/><G122/><T8/><D123/><U73/><E73/><V53/><F106/><W51/><G119/><T12/><D35/><U74/><E74/><V71/><F71/><W120/><G120/><T19/><D134/><U59/><E69/><V118/><F118/><W104/><G135/><T97/><D77/><U0/><E0/><V102/><F102/><W89/><G114/><T72/><D72/><U29/><E29/><N who="2" m="10763" /><F109/><N who="3" m="41483" /><G61/><T48/><D115/><U58/><E125/><V133/><F127/><W75/><G75/><T96/><D36/><U80/><E38/><V14/><F133/><W121/><G121/><T92/><D97/><N who="1" m="36875" /><E101/><V62/><F76/><W112/><G112/><T79/><D79/><U33/><E33/><V100/><F100/><W41/><G103/><T57/><D57/><N who="1" m="21515" /><E47/><V107/><F107/><N who="3" m="41035" /><G41/><T43/><REACH who="0" step="1"/><D40/><REACH who="0" ten="368,150,160,312" step="2"/><U68/><E68/><V50/><F62/><W70/><G70/><T124/><D124/><U113/><E113/><V42/><F42/><W108/><G108/><T126/><D126/><U84/><E46/><N who="2" m="27863" /><F93/><W128/><G128/><T3/><D3/><U65/><E65/><AGARI ba="0,1" hai="6,7,8,12,19,43,44,48,64,65,66,90,92,96" machi="65" ten="40,5200,0" yaku="1,1,8,1,52,1,53,0" doraHai="85" doraHaiUra="55" who="0" fromWho="1" sc="368,62,150,-52,160,0,312,0" />
</Scene>
<Scene>
<INIT seed="4,0,0,4,0,46" ten="430,98,160,312" oya="0" hai0="38,6,131,77,135,52,121,56,64,55,112,2,107" hai1="119,105,69,101,89,59,8,116,73,92,81,90,31" hai2="48,40,47,103,23,44,110,120,114,26,51,49,16" hai3="74,28,57,12,99,66,86,62,104,65,3,37,35"/><T80/><D121/><U58/><E69/><V19/><F110/><W29/><G37/><T60/><D38/><U33/><E33/><V11/><F120/><W0/><G74/><T117/><D117/><N who="1" m="45131" /><E58/><V122/><F122/><W133/><G12/><T32/><D107/><U25/><E59/><V20/><F114/><W123/><G86/><T113/><D131/><U95/><E8/><V68/><F68/><W13/><G13/><T34/><D135/><U102/><E25/><N who="2" m="14495" /><F103/><N who="1" m="39433" /><E31/><N who="2" m="17887" /><F40/><W63/><G123/><T85/><D6/><U71/><E71/><V4/><F4/><W93/><G133/><T14/><D14/><AGARI ba="0,0" hai="11,14,16,44,47,48,49,51" m="17887,14495" machi="14" ten="30,8000,1" yaku="8,1,52,3,54,1" doraHai="46" who="2" fromWho="0" sc="430,-80,98,0,160,80,312,0" />
</Scene>
<Scene>
<INIT seed="5,0,0,4,4,57" ten="350,98,240,312" oya="1" hai0="129,114,96,43,116,97,15,87,133,92,60,48,94" hai1="80,106,21,119,66,78,12,115,8,75,11,56,33" hai2="79,90,71,46,128,18,104,25,22,86,64,98,99" hai3="39,81,41,68,63,27,36,72,127,73,88,110,111"/><U37/><E119/><V10/><F128/><W6/><G6/><T28/><D116/><U67/><E33/><V108/><F108/><W74/><G127/><T102/><D28/><U84/><E37/><V126/><F126/><W89/><G27/><T113/><D129/><U118/><E118/><V49/><F79/><W4/><G4/><T7/><D133/><U124/><E106/><V38/><F38/><W76/><G76/><T85/><D7/><U65/><E124/><V95/><F104/><W45/><G36/><T125/><D15/><U30/><E115/><N who="0" m="44041" /><D125/><U117/><E117/><V62/><REACH who="2" step="1"/><F10/><REACH who="2" ten="350,98,230,312" step="2"/><N who="1" m="3625" /><E75/><V31/><F31/><W47/><G111/><T52/><D97/><U107/><E107/><V134/><F134/><W50/><G110/><T17/><D96/><U35/><E35/><V93/><F93/><W1/><G73/><T122/><D94/><U20/><E30/><V61/><F61/><W42/><G74/><T131/><D60/><N who="1" m="38023" /><E21/><V24/><F24/><W44/><G72/><T91/><D92/><U135/><E135/><V123/><F123/><W16/><G39/><T5/><D122/><U100/><E100/><V3/><F3/><W14/><G1/><T9/><D102/><U101/><E101/><V2/><F2/><W19/><G68/><T40/><D131/><U69/><E69/><V34/><F34/><W51/><G51/><T109/><D48/><U29/><E29/><V26/><F26/><W77/><G50/><T58/><D9/><U83/><E83/><V121/><F121/><W82/><G81/><T0/><D0/><U103/><E103/><RYUUKYOKU ba="0,1" sc="350,-15,98,15,230,15,312,-15" hai1="12,20,66,67,78,80,84" hai2="18,22,25,46,49,62,64,71,86,90,95,98,99" />
</Scene>
<Scene>
<INIT seed="5,1,1,5,3,114" ten="335,113,245,297" oya="1" hai0="74,105,43,121,131,45,87,44,118,4,77,38,58" hai1="26,92,110,112,54,76,34,1,40,13,129,55,50" hai2="70,5,41,24,82,93,31,35,101,22,56,85,33" hai3="32,89,111,0,53,2,8,96,88,47,108,133,3"/><U78/><E1/><V127/><F70/><W63/><G32/><T117/><D105/><U128/><E112/><V115/><F115/><W79/><G79/><N who="1" m="30250" /><E110/><V86/><F41/><W29/><G29/><T64/><D74/><U91/><E13/><V66/><F5/><W25/><G25/><T120/><D4/><U39/><E39/><V59/><F127/><W90/><G8/><T37/><D131/><N who="1" m="50251" /><E40/><V119/><F35/><W68/><G68/><T52/><D87/><N who="1" m="52351" /><E50/><V116/><F33/><W100/><G63/><N who="0" m="38007" /><D77/><U57/><E57/><V134/><F59/><W81/><G47/><T95/><D37/><U14/><E14/><V18/><F56/><W75/><G2/><T103/><D45/><U36/><E36/><V80/><F66/><W130/><G3/><T83/><D52/><U107/><E107/><V94/><F24/><W17/><G53/><T69/><D69/><U23/><E34/><V99/><F22/><W109/><G0/><T46/><D46/><U19/><AGARI ba="1,1" hai="19,23,26,54,55" m="52351,50251,30250" machi="19" ten="30,1500,0" yaku="19,1" doraHai="114" who="1" fromWho="1" sc="335,-6,113,28,245,-6,297,-6" />
</Scene>
<Scene>
<INIT seed="5,2,0,4,0,80" ten="329,141,239,291" oya="1" hai0="29,52,7,0,39,98,77,106,102,73,128,124,64" hai1="59,96,5,32,33,24,22,81,123,79,87,46,97" hai2="30,111,48,88,91,8,50,28,131,67,18,12,13" hai3="61,40,10,66,37,3,16,105,108,120,71,92,44"/><U35/><E123/><V31/><F111/><W99/><G108/><T27/><D124/><U49/><E5/><N who="2" m="3087" /><F131/><W11/><G120/><T25/><D128/><U9/><E9/><N who="2" m="6447" /><F67/><W75/><G75/><T74/><D39/><U68/><E59/><V118/><F118/><W34/><G34/><T85/><D7/><U121/><E68/><V19/><F19/><W109/><G109/><T14/><D0/><U38/><E38/><V70/><F70/><W93/><G3/><T55/><D64/><U76/><E121/><V56/><F56/><W23/><G105/><T20/><D14/><U100/><E76/><V42/><F42/><W41/><G41/><T135/><D135/><U57/><E57/><V62/><F62/><W94/><REACH who="3" step="1"/><G99/><REACH who="3" ten="329,141,239,281" step="2"/><T134/><D134/><U63/><E63/><V114/><F114/><W53/><G53/><T129/><D129/><U65/><E65/><V6/><F6/><W26/><AGARI ba="2,1" hai="10,11,16,23,26,37,40,44,61,66,71,92,93,94" machi="26" ten="30,4000,0" yaku="1,1,0,1,54,1,53,0" doraHai="80" doraHaiUra="117" who="3" fromWho="3" sc="329,-12,141,-22,239,-12,281,56" />
</Scene>
<Scene>
<INIT seed="6,0,0,1,0,52" ten="317,119,227,337" oya="2" hai0="88,125,111,23,22,132,107,28,36,67,79,80,71" hai1="26,70,47,91,104,114,46,24,14,110,90,112,13" hai2="116,94,11,65,15,93,135,59,101,100,119,64,27" hai3="78,50,77,120,21,16,76,131,105,62,129,66,3"/><V96/><F135/><W2/><G105/><T69/><D111/><U130/><E104/><V86/><F27/><N who="3" m="14759" /><G50/><T54/><D36/><U19/><E70/><V117/><F86/><W122/><G3/><T57/><D107/><U123/><E19/><V25/><F25/><W99/><G2/><T89/><D132/><U108/><REACH who="1" step="1"/><E130/><REACH who="1" ten="317,109,227,337" step="2"/><N who="3" m="49674" /><G99/><T18/><D69/><AGARI ba="0,1" hai="62,66,69,76,77,78,120,122" m="49674,14759" machi="69" ten="30,2000,0" yaku="19,1,54,1" doraHai="52" who="3" fromWho="0" sc="317,-20,109,0,227,0,337,30" />
</Scene>
<Scene>
<INIT seed="7,0,0,5,0,114" ten="297,109,227,367" oya="3" hai0="88,8,134,44,106,115,125,78,11,109,15,77,100" hai1="48,33,80,47,0,70,105,18,39,133,16,12,13" hai2="59,117,83,110,121,7,76,103,92,72,31,96,67" hai3="120,35,101,75,79,132,124,30,63,74,85,55,22"/><W20/><G85/><T65/><D109/><U9/><E133/><V38/><F110/><W113/><G101/><T69/><D134/><U3/><E33/><V57/><F121/><W95/><G95/><T50/><D115/><U99/><E70/><V10/><F38/><W45/><G63/><T126/><D100/><U89/><E39/><V87/><F31/><W32/><G55/><T2/><D106/><U23/><E105/><V46/><F46/><W123/><G45/><T71/><D2/><U112/><E112/><V81/><F67/><W42/><G113/><T68/><D65/><U58/><E58/><V135/><F135/><W49/><G49/><T1/><D1/><U86/><REACH who="1" step="1"/><E99/><REACH who="1" ten="297,99,227,367" step="2"/><V41/><F59/><W104/><G104/><T129/><D69/><U119/><E119/><V53/><F117/><W43/><G132/><T24/><D71/><U94/><E94/><V84/><F92/><W56/><G56/><T116/><D68/><U82/><E82/><V111/><F83/><W102/><G35/><T91/><D116/><U52/><AGARI ba="0,1" hai="0,3,9,12,13,16,18,23,47,48,52,80,86,89" machi="52" ten="20,16000,3" yaku="1,1,0,1,7,1,25,2,54,2,53,1" doraHai="114" doraHaiUra="51" who="1" fromWho="1" sc="297,-40,99,170,227,-40,367,-80" />
</Scene>
<Scene>
<INIT seed="8,0,0,5,2,81" ten="257,269,187,287" oya="0" hai0="49,125,19,63,71,135,117,131,27,75,0,13,57" hai1="9,121,46,94,72,124,88,48,1,113,61,126,69" hai2="111,65,32,40,5,33,129,53,43,100,83,8,7" hai3="133,130,132,76,51,3,23,56,106,29,134,107,86"/><T4/><D75/><U12/><E121/><V118/><F111/><W109/><G3/><T105/><D105/><N who="3" m="39945" /><G109/><T52/><D0/><U37/><E72/><V98/><F129/><W21/><G29/><T45/><D131/><U70/><E1/><V79/><F118/><W123/><G123/><T28/><D117/><U59/><E37/><V26/><F65/><W95/><G130/><T14/><D71/><U60/><E113/><V39/><F53/><N who="3" m="31807" /><G76/><T31/><D135/><U62/><E59/><V122/><F122/><W38/><G38/><T25/><D125/><N who="1" m="48235" /><E48/><V97/><F7/><W101/><G86/><T17/><D4/><N who="1" m="3111" /><E46/><V35/><F26/><N who="0" m="9738" /><D13/><U112/><E112/><V128/><F128/><W96/><AGARI ba="0,0" hai="21,23,95,96,101,132,133,134" m="31807,39945" machi="96" ten="40,1500,0" yaku="20,1" doraHai="81" who="3" fromWho="3" sc="257,-7,269,-4,187,-4,287,15" owari="250,-15.0,265,7.0,183,-32.0,302,40.0" />
</Scene>
</mjloggm>