<mjloggm ver="2.3"><GO type="193"/><UN n0="%E5%A4%AA%E3%81%8F%E3%81%AA%E3%81%84%E3%81%8A" n1="%67%79%7A%61%72%75%73" n2="%E3%83%87%E3%83%95%E3%82%A9%E3%83%AB%E3%83%88%CE%B2" n3="%E8%8C%9C%E3%83%B6%E5%92%B2%E3%81%A4%E3%81%8F%E3%81%AD" dan="12,10,11,12" rate="1934,1499,1669,1716" sx="M,M,M,F"/><TAIKYOKU oya="0"/>

<Scene>
<INIT seed="0,0,0,2,3,113" ten="250,250,250,250" oya="0" hai0="59,18,52,71,135,133,105,114,62,82,134,112,30" hai1="56,22,7,34,2,50,24,89,37,58,3,99,40" hai2="65,73,68,69,42,29,123,27,12,44,97,83,41" hai3="88,51,8,9,87,94,35,121,86,66,80,93,124"/><T26/><D105/><U103/><E89/><V28/><F123/><W17/><G35/><T104/><D104/><U20/><E3/><V81/><F97/><W67/><G121/><T43/><D43/><U45/><E37/><V125/><F73/><W98/><G124/><T128/><D128/><U32/><E32/><V122/><F122/><W6/><G51/><T119/><D71/><U55/><E58/><V90/><F125/><W91/><G17/><T21/><D119/><U106/><E2/><V92/><F12/><W130/><G130/><T10/><D82/><U63/><REACH who="1" step="1"/><E7/><REACH who="1" ten="250,240,250,250" step="2"/><V76/><F69/><W25/><G6/><T47/><D47/><U127/><E127/><V5/><F68/><W1/><G1/><T132/><D132/><U39/><E39/><V11/><F65/><W48/><G48/><T120/><D120/><U117/><E117/><V116/><F44/><W4/><G4/><T118/><D118/><U108/><E108/><V74/><F42/><W0/><G0/><T53/><D53/><U33/><E33/><V109/><F41/><W110/><G110/><T79/><D79/><U36/><E36/><V95/><F109/><W14/><G25/><T107/><D112/><U96/><E96/><V115/><F116/><W77/><REACH who="3" step="1"/><G14/><REACH who="3" ten="250,240,250,240" step="2"/><N who="0" m="7511" /><D114/><U54/><E54/><V78/><F115/><W84/><G84/><T13/><D13/><U46/><E46/><V23/><F5/><W126/><G126/><T49/><D49/><U19/><E19/><V60/><F11/><AGARI ba="0,2" hai="8,9,11,66,67,77,80,86,87,88,91,93,94,98" machi="11" ten="40,5200,0" yaku="1,1,8,1,54,1,53,0" doraHai="113" doraHaiUra="70" who="3" fromWho="2" sc="250,0,240,0,250,-52,240,72" />
</Scene>
<Scene>
<INIT seed="1,0,0,5,3,51" ten="250,240,198,312" oya="1" hai0="60,50,17,55,128,132,48,4,69,8,34,106,122" hai1="66,56,26,97,99,25,78,76,89,32,101,13,45" hai2="19,11,68,93,114,14,130,37,74,108,86,98,38" hai3="36,105,95,57,84,23,62,96,63,1,81,5,47"/><U46/><E56/><V31/><F68/><W120/><G105/><T53/><D106/><U24/><E101/><V82/><F74/><W59/><G120/><T72/><D72/><U64/><E32/><V75/><F114/><W27/><G36/><T135/><D34/><U7/><E89/><V67/><F75/><W73/><G1/><T83/><D83/><U71/><E71/><V118/><F118/><W116/><G73/><T129/><D17/><U15/><REACH who="1" step="1"/><E24/><REACH who="1" ten="250,230,198,312" step="2"/><V77/><F130/><W54/><G116/><T126/><D128/><U44/><E44/><V110/><F67/><N who="3" m="39375" /><G47/><T58/><D129/><U121/><E121/><V9/><F31/><N who="3" m="17919" /><G5/><AGARI ba="0,1" hai="5,7,13,15,25,26,45,46,64,66,76,78,97,99" machi="5" ten="25,9600,0" yaku="1,1,22,2,8,1,53,0" doraHai="51" doraHaiUra="28" who="1" fromWho="3" sc="250,0,230,106,198,0,312,-96" />
</Scene>
<Scene>
<INIT seed="1,1,0,3,3,130" ten="250,336,198,216" oya="1" hai0="54,80,27,102,106,128,108,57,133,25,50,22,93" hai1="29,78,28,6,48,9,88,75,5,68,72,98,43" hai2="10,58,23,94,124,86,14,53,63,69,37,18,2" hai3="67,46,90,92,26,33,49,127,104,4,117,19,13"/><U17/><E68/><V114/><F37/><W36/><G117/><T118/><D118/><U40/><E48/><V16/><F114/><W96/><G104/><T103/><D128/><U59/><E59/><V32/><F2/><W126/><G36/><T111/><D106/><U62/><E62/><V131/><F131/><W55/><G67/><T11/><D11/><U61/><E61/><V73/><F73/><N who="1" m="28233" /><E78/><V66/><F124/><W107/><G107/><T70/><D70/><U119/><E98/><V83/><F32/><W105/><G105/><T122/><D122/><U20/><E9/><V134/><F94/><W123/><G123/><T116/><D116/><U47/><E47/><V79/><F134/><W112/><G112/><T85/><D133/><U64/><E64/><V97/><F97/><W30/><REACH who="3" step="1"/><G4/><REACH who="3" ten="250,336,198,206" step="2"/><T132/><D132/><U115/><E6/><V31/><F31/><W95/><G95/><T45/><D93/><U52/><E5/><V38/><F38/><W110/><G110/><T44/><D111/><U101/><E119/><V100/><F69/><W60/><G60/><T91/><D108/><U76/><E115/><V77/><F66/><W41/><G41/><T89/><D50/><U120/><E29/><V1/><F1/><W8/><AGARI ba="1,1" hai="8,13,19,26,30,33,46,49,55,90,92,96,126,127" machi="8" ten="30,4000,0" yaku="1,1,0,1,53,1" doraHai="130" doraHaiUra="42" who="3" fromWho="3" sc="250,-11,336,-21,198,-11,206,53" />
</Scene>
<Scene>
<INIT seed="2,0,0,3,4,69" ten="239,315,187,259" oya="2" hai0="101,3,32,72,115,54,70,92,27,20,103,55,91" hai1="46,62,19,102,5,86,6,116,42,21,107,50,61" hai2="10,64,88,90,118,85,43,77,133,120,130,67,78" hai3="68,4,15,58,129,112,29,18,134,94,82,89,0"/><V23/><F118/><W104/><G112/><T113/><D3/><U100/><E116/><V57/><F120/><W39/><G68/><T121/><D121/><U66/><E100/><V8/><F130/><W51/><G104/><T95/><D70/><U71/><E62/><V128/><F128/><W114/><G114/><T96/><D72/><U74/><E74/><V110/><F133/><W45/><G134/><T25/><D32/><U11/><E11/><V75/><F110/><W24/><G129/><T49/><D103/><U108/><E108/><V35/><F75/><W33/><G82/><T1/><D1/><U47/><E47/><V79/><F35/><W16/><G58/><T98/><D25/><U63/><E63/><V38/><F23/><N who="3" m="11679" /><G18/><T65/><D65/><U12/><REACH who="1" step="1"/><E86/><REACH who="1" ten="239,305,187,259" step="2"/><V36/><F67/><W127/><G45/><T83/><D113/><U48/><E48/><V13/><F43/><W126/><G51/><T44/><D115/><U31/><E31/><V56/><F10/><N who="3" m="2311" /><G89/><T135/><D135/><U81/><E81/><V122/><F90/><W40/><G94/><T2/><D83/><U37/><E37/><V105/><F122/><W109/><G109/><T131/><D131/><U59/><E59/><V123/><F123/><W53/><G53/><T93/><D93/><U9/><E9/><V7/><F57/><W30/><G30/><N who="0" m="17767" /><D54/><U119/><E119/><V22/><F105/><W106/><G106/><T87/><D87/><U84/><E84/><V76/><N who="2" m="19968" /><DORA hai="73" /><V26/><F56/><W52/><G52/><T117/><D117/><U99/><AGARI ba="0,1" hai="5,6,12,19,21,42,46,50,61,66,71,99,102,107" machi="99" ten="30,7900,0" yaku="1,1,5,1,0,1,53,1" doraHai="69,73" doraHaiUra="60,28" who="1" fromWho="1" sc="239,-20,305,89,187,-39,259,-20" />
</Scene>
<Scene>
<INIT seed="3,0,0,2,3,22" ten="219,394,148,239" oya="3" hai0="5,107,78,124,57,25,17,23,34,9,121,58,20" hai1="135,32,30,38,59,133,14,83,11,98,67,24,60" hai2="84,10,43,26,69,129,49,44,40,125,123,106,127" hai3="53,3,131,71,7,122,94,37,73,50,120,114,42"/><W113/><G94/><T97/><D121/><N who="3" m="46697" /><G53/><T21/><D124/><U61/><E38/><V15/><F69/><W105/><G50/><T18/><D78/><U91/><E83/><V28/><F123/><W47/><G131/><T111/><D111/><U6/><REACH who="1" step="1"/><E60/><REACH who="1" ten="219,384,148,239" step="2"/><V36/><F127/><W128/><G128/><T55/><D107/><U0/><E0/><V96/><F129/><W8/><G105/><T48/><D97/><U79/><E79/><V12/><F125/><W104/><G104/><T27/><D34/><U103/><E103/><V62/><F62/><W108/><G108/><T82/><D82/><U117/><E117/><V85/><F106/><W126/><G126/><T66/><D66/><U112/><E112/><N who="3" m="43114" /><G71/><T65/><D65/><U132/><E132/><V29/><F96/><W77/><G77/><T100/><D100/><U41/><E41/><V54/><F43/><W93/><G93/><AGARI ba="0,1" hai="6,11,14,24,30,32,59,61,67,91,93,98,133,135" machi="93" ten="40,2600,0" yaku="1,1,52,1,53,0" doraHai="22" doraHaiUra="115" who="1" fromWho="3" sc="219,0,384,36,148,0,239,-26" owari="219,2.0,420,52.0,148,-35.0,213,-19.0" />
</Scene>
</mjloggm>