<mjloggm ver="2.3"><GO type="225"/><UN n0="%62%75%7A%7A%73%61%77" n1="%EF%BD%B1%EF%BE%84%EF%BE%90%EF%BD%AF%EF%BD%B8%E6%94%BE%E9%8A%83" n2="%E5%A4%AA%E3%81%8F%E3%81%AA%E3%81%84%E3%81%8A" n3="%6A%79%75%6E%6F%68" dan="16,16,17,16" rate="2065,2152,2139,2063" sx="M,M,M,M"/><TAIKYOKU oya="0"/>

<Scene>
<INIT seed="0,0,0,2,3,6" ten="250,250,250,250" oya="0" hai0="11,95,127,77,64,32,116,131,105,121,20,62,27" hai1="84,87,31,54,35,80,122,3,9,113,67,53,43" hai2="75,29,135,34,44,129,16,86,7,83,133,4,104" hai3="134,90,76,41,128,93,118,92,107,33,52,50,28"/><T1/><D105/><U124/><E122/><V66/><F104/><W98/><G118/><T30/><D121/><U99/><E124/><V125/><F75/><W81/><G107/><T51/><D116/><U115/><E43/><V58/><F125/><W123/><G123/><T19/><D127/><U79/><E67/><V24/><F129/><W111/><G128/><T45/><D131/><U68/><E68/><V61/><F44/><W117/><G117/><T89/><D77/><U110/><E99/><V18/><F4/><W82/><G111/><T26/><D1/><U119/><E119/><V120/><F7/><W72/><G134/><N who="2" m="51209" /><F120/><W71/><G71/><T73/><D73/><U17/><E3/><V130/><F130/><W22/><G33/><T59/><D51/><U112/><E110/><V108/><F108/><W37/><G37/><T21/><D45/><U63/><E87/><V5/><F5/><W42/><G82/><T13/><REACH who="0" step="1"/><D27/><REACH who="0" ten="240,250,250,250" step="2"/><N who="1" m="18943" /><E63/><V78/><AGARI ba="0,1" hai="16,18,24,29,34,58,61,66,78,83,86" m="51209" machi="78" ten="30,2000,0" yaku="20,1,54,1" doraHai="6" who="2" fromWho="2" sc="240,-10,250,-5,250,30,250,-5" />
</Scene>
<Scene>
<INIT seed="1,0,0,3,2,76" ten="230,245,280,245" oya="1" hai0="130,108,107,22,33,37,57,119,122,1,90,121,16" hai1="77,59,96,10,71,63,91,114,43,67,47,95,62" hai2="86,101,28,87,31,105,9,113,21,116,73,61,102" hai3="56,133,103,110,8,27,127,50,58,93,118,42,4"/><U25/><E114/><V65/><F116/><W129/><G118/><T41/><D119/><U111/><E111/><V135/><F73/><W19/><G110/><T99/><D33/><U88/><E77/><V78/><F113/><W34/><G127/><T51/><D1/><U45/><E43/><V64/><F135/><W32/><G133/><T17/><D130/><U6/><E25/><V14/><F105/><W35/><G129/><T106/><D37/><U70/><E91/><V123/><F123/><N who="0" m="47114" /><D108/><U36/><E36/><V15/><F78/><W46/><G103/><T54/><D41/><U52/><REACH who="1" step="1"/><E70/><REACH who="1" ten="230,235,280,245" step="2"/><V81/><F102/><W69/><G69/><T23/><D90/><U100/><E100/><V128/><F101/><W112/><G112/><T60/><D107/><U124/><E124/><V80/><F128/><W30/><G27/><N who="0" m="14791" /><D106/><U85/><E85/><V126/><F126/><W109/><G42/><T39/><D39/><U134/><E134/><V75/><F75/><W115/><G115/><T18/><D99/><U92/><E92/><V20/><F87/><W49/><G93/><T79/><D79/><U66/><E66/><V5/><F86/><W44/><G109/><T89/><D89/><U117/><E117/><V83/><F64/><W53/><G53/><N who="0" m="33839" /><D23/><U29/><E29/><V7/><F21/><W98/><G32/><T3/><D3/><AGARI ba="0,1" hai="3,6,10,45,47,52,59,62,63,67,71,88,95,96" machi="3" ten="30,11600,0" yaku="1,1,7,1,54,2,53,0" doraHai="76" doraHaiUra="82" who="1" fromWho="0" sc="230,-116,235,126,280,0,245,0" />
</Scene>
<Scene>
<INIT seed="1,1,0,3,2,90" ten="114,361,280,245" oya="1" hai0="13,93,117,70,8,85,130,18,105,95,28,46,135" hai1="78,57,123,39,37,20,59,43,47,29,94,48,23" hai2="128,40,55,16,31,118,133,107,63,11,121,75,67" hai3="26,42,126,106,12,120,58,66,76,114,9,69,134"/><U115/><E123/><V124/><F121/><W87/><G120/><T62/><D105/><U6/><E115/><V3/><F118/><W34/><G114/><T119/><D28/><U112/><E112/><V56/><F107/><W125/><G106/><T51/><D135/><U101/><E39/><V132/><F75/><W77/><G69/><T27/><D27/><U44/><E6/><V71/><F128/><W98/><G42/><T21/><D130/><U116/><E78/><V0/><F124/><N who="3" m="47723" /><G98/><T33/><D33/><U30/><E30/><V68/><F31/><N who="3" m="19831" /><G134/><N who="2" m="51817" /><F40/><W60/><G87/><T52/><D8/><U88/><E43/><V1/><F67/><W15/><G15/><AGARI ba="1,0" hai="0,1,3,11,15,16,55,56,63,68,71" m="51817" machi="15" ten="40,2600,0" yaku="20,1,54,1" doraHai="90" who="2" fromWho="3" sc="114,0,361,0,280,29,245,-29" />
</Scene>
<Scene>
<INIT seed="2,0,0,0,4,81" ten="114,361,309,216" oya="2" hai0="62,119,57,85,31,56,77,82,25,70,39,127,131" hai1="98,35,37,96,110,55,132,63,88,5,24,15,11" hai2="72,120,90,135,102,117,29,44,14,105,115,64,108" hai3="52,111,46,45,75,101,106,100,0,42,89,87,22"/><V19/><F120/><W3/><G75/><T43/><D131/><U74/><E37/><V129/><F117/><W99/><G101/><T125/><D119/><U118/><E74/><V33/><F115/><W40/><G111/><T17/><D17/><U122/><E118/><V1/><F1/><W26/><G42/><T67/><D43/><U4/><E110/><V78/><F108/><W23/><G23/><T126/><REACH who="0" step="1"/><D39/><REACH who="0" ten="104,361,309,216" step="2"/><U114/><E114/><V30/><F19/><W41/><G41/><T32/><AGARI ba="0,1" hai="25,31,32,56,57,62,67,70,77,82,85,125,126,127" machi="32" ten="30,8000,1" yaku="1,1,2,1,0,1,18,1,52,1,53,0" doraHai="81" doraHaiUra="128" who="0" fromWho="0" sc="104,90,361,-20,309,-40,216,-20" />
</Scene>
<Scene>
<INIT seed="3,0,0,0,1,129" ten="194,341,269,196" oya="3" hai0="4,135,96,81,113,11,30,87,53,31,10,24,131" hai1="3,123,86,120,115,59,122,8,47,16,114,82,107" hai2="93,0,14,124,62,104,2,46,60,22,38,35,76" hai3="78,61,66,36,71,58,57,75,94,54,55,132,112"/><W56/><G94/><T73/><D73/><U102/><E102/><V97/><F35/><W98/><G98/><T83/><D131/><U7/><E107/><V64/><F104/><W41/><G78/><N who="0" m="46519" /><D113/><U51/><E16/><V106/><F106/><W17/><G17/><T133/><D96/><U119/><E59/><V70/><F124/><W79/><G79/><T100/><D100/><U39/><E39/><V19/><F76/><W9/><G9/><N who="0" m="3083" /><D4/><U34/><E34/><V32/><F32/><W91/><G91/><T48/><D83/><U105/><E105/><V68/><F38/><W20/><G20/><T65/><D65/><U89/><REACH who="1" step="1"/><E119/><REACH who="1" ten="194,331,269,196" step="2"/><V12/><F19/><W26/><G112/><T77/><D24/><U21/><E21/><V121/><F22/><W117/><G26/><T110/><D110/><U109/><E109/><V118/><F118/><W103/><G117/><T108/><D108/><U125/><E125/><V67/><F70/><W130/><G103/><T28/><D77/><U44/><E44/><V84/><F46/><N who="3" m="23847" /><G75/><T85/><D85/><U52/><AGARI ba="0,1" hai="3,7,8,47,51,52,82,86,89,114,115,120,122,123" machi="52" ten="30,4000,0" yaku="1,1,0,1,54,1,53,0" doraHai="129" doraHaiUra="74" who="1" fromWho="1" sc="194,-10,331,50,269,-10,196,-20" owari="184,-22.0,381,48.0,259,6.0,176,-32.0" />
</Scene>
</mjloggm>