<mjloggm ver="2.3"><GO type="169"/><UN n0="%44%65%78%69%63" n1="%E3%83%9A%E3%83%81%E3%83%A7%E3%83%BC%E3%83%AA%E3%83%B3" n2="%E5%A4%AA%E3%81%8F%E3%81%AA%E3%81%84%E3%81%8A" n3="%6E%65%6F%40%75%6E%69" dan="16,17,17,17" rate="2104,2175,2168,2203" sx="M,M,M,M"/><TAIKYOKU oya="0"/>

<Scene>
<INIT seed="0,0,0,1,5,12" ten="250,250,250,250" oya="0" hai0="13,2,56,27,77,85,84,115,0,55,114,1,131" hai1="25,125,34,47,100,61,86,119,28,122,96,78,40" hai2="106,91,95,62,97,105,126,120,123,118,9,90,23" hai3="73,49,103,116,60,31,113,79,51,46,32,108,92"/><T75/><D131/><U33/><E122/><N who="2" m="46635" /><F23/><W11/><G108/><T112/><D27/><U15/><E119/><V124/><F62/><W24/><G113/><T10/><D75/><U17/><E125/><N who="2" m="48235" /><F9/><W117/><G60/><T53/><D77/><U66/><E78/><V16/><F118/><W70/><G70/><T93/><D93/><U81/><E81/><V4/><F4/><W98/><G11/><T50/><REACH who="0" step="1"/><D55/><REACH who="0" ten="240,250,250,250" step="2"/><U38/><E25/><V63/><F106/><W43/><G79/><T29/><D29/><U42/><E28/><V57/><F105/><W80/><G73/><T48/><D48/><U44/><E38/><V76/><F76/><W36/><G80/><T121/><D121/><U88/><E66/><N who="2" m="39279" /><F90/><W94/><G92/><T109/><D109/><U6/><E88/><V45/><F45/><W30/><G30/><T72/><D72/><U127/><E44/><V65/><F65/><W5/><G49/><T135/><D135/><U132/><E47/><V130/><F130/><W8/><G51/><T68/><D68/><U99/><E132/><V26/><F26/><W7/><G7/><AGARI ba="0,1" hai="0,1,2,7,10,13,50,53,56,84,85,112,114,115" machi="7" ten="50,12000,1" yaku="1,1,53,3" doraHai="12" doraHaiUra="35" who="0" fromWho="3" sc="240,130,250,0,250,0,250,-120" />
</Scene>
<Scene>
<INIT seed="0,1,0,2,4,89" ten="370,250,250,130" oya="0" hai0="30,37,25,74,98,4,67,0,62,82,40,101,27" hai1="58,50,110,14,126,16,9,32,99,96,1,63,29" hai2="33,68,95,2,113,127,18,108,55,107,131,91,125" hai3="21,83,124,84,115,85,24,54,41,52,114,57,6"/><T15/><D27/><U53/><E110/><V129/><F33/><W118/><G118/><T78/><D15/><U116/><E116/><V34/><F34/><W79/><G124/><N who="2" m="47689" /><F113/><W56/><G41/><T11/><D25/><U94/><E126/><V92/><F107/><W49/><G6/><T46/><D30/><U42/><E1/><V81/><F2/><W71/><G71/><T120/><D120/><U135/><E135/><V111/><F68/><W23/><G85/><T93/><D62/><U133/><E133/><V100/><F55/><W80/><G80/><T60/><D60/><U44/><E32/><V104/><F18/><W123/><G123/><T35/><D35/><U103/><REACH who="1" step="1"/><E99/><REACH who="1" ten="370,240,250,130" step="2"/><N who="2" m="61471" /><F108/><W8/><G8/><T106/><D67/><U75/><E75/><V43/><F111/><W17/><REACH who="3" step="1"/><G23/><REACH who="3" ten="370,240,250,120" step="2"/><T86/><D86/><U72/><E72/><V36/><F131/><W39/><G39/><T76/><D78/><U130/><E130/><V59/><F129/><W77/><G77/><T109/><D109/><U121/><E121/><V88/><F36/><W105/><G105/><AGARI ba="1,2" hai="0,4,11,37,40,46,74,76,82,93,98,101,105,106" machi="105" ten="40,7700,0" yaku="25,2,52,1" doraHai="89" who="0" fromWho="3" sc="370,100,240,0,250,0,120,-80" />
</Scene>
<Scene>
<INIT seed="0,2,0,1,5,85" ten="470,240,250,40" oya="0" hai0="83,12,20,132,19,53,72,13,51,40,70,126,65" hai1="97,130,1,45,77,29,101,129,9,2,81,22,35" hai2="56,61,32,62,116,95,114,31,52,80,24,4,28" hai3="112,90,27,48,113,121,110,115,42,50,98,10,74"/><T5/><D126/><U94/><E35/><V108/><F114/><W36/><G74/><T54/><D132/><U46/><E29/><V37/><F37/><W73/><G73/><T122/><D122/><U3/><E22/><V67/><F108/><W87/><G121/><T25/><D70/><U49/><E9/><V14/><F116/><W109/><G98/><T43/><D65/><U57/><E57/><V59/><F31/><W41/><G27/><T64/><D64/><U30/><E30/><V6/><F80/><W23/><G23/><T44/><D72/><U71/><E71/><V127/><F127/><W34/><G10/><T7/><D83/><U88/><E101/><V79/><F79/><W125/><G34/><T135/><D135/><U75/><REACH who="1" step="1"/><E49/><REACH who="1" ten="470,230,250,40" step="2"/><N who="3" m="19050" /><G125/><T124/><D124/><U120/><E120/><V39/><F39/><W26/><G26/><T91/><D43/><N who="3" m="16393" /><G36/><T93/><D5/><U21/><E21/><V123/><F123/><W105/><G105/><T33/><D33/><U134/><E134/><V104/><F104/><W69/><G69/><T89/><D25/><U16/><E16/><V106/><F106/><W0/><G0/><T66/><D7/><U131/><AGARI ba="2,1" hai="1,2,3,45,46,75,77,81,88,94,97,129,130,131" machi="131" ten="40,8000,1" yaku="1,1,0,1,19,1,52,1,54,1,53,0" doraHai="85" doraHaiUra="119" who="1" fromWho="1" sc="470,-42,230,96,250,-22,40,-22" />
</Scene>
<Scene>
<INIT seed="1,0,0,3,2,98" ten="428,326,228,18" oya="1" hai0="27,108,127,42,52,23,20,18,72,79,34,121,61" hai1="59,90,47,63,99,7,75,77,106,122,66,26,43" hai2="94,116,105,120,31,130,93,84,115,109,4,95,15" hai3="70,114,91,71,56,112,85,37,100,36,113,30,48"/><U92/><E122/><V19/><F120/><W134/><G30/><T118/><D121/><U16/><E7/><V80/><F116/><W0/><G0/><T68/><D118/><U104/><E75/><V81/><F105/><W119/><G119/><T62/><D34/><U8/><E77/><V55/><F109/><W86/><G134/><T6/><D108/><U41/><E41/><V57/><F130/><W24/><G24/><T44/><D6/><U107/><E26/><V53/><F115/><W125/><G125/><T87/><D72/><U65/><E65/><V132/><F132/><W103/><G48/><T25/><D127/><U111/><E111/><V49/><F31/><W64/><G56/><T46/><D68/><U13/><REACH who="1" step="1"/><E106/><REACH who="1" ten="428,316,228,18" step="2"/><V76/><F4/><W88/><G114/><T3/><D42/><U128/><E128/><V1/><F1/><W96/><G96/><T69/><D3/><U17/><E17/><V83/><REACH who="2" step="1"/><F55/><REACH who="2" ten="428,316,218,18" step="2"/><W110/><G110/><T58/><D52/><U38/><AGARI ba="0,2" hai="8,13,16,38,43,47,59,63,66,90,92,99,104,107" machi="38" ten="20,7800,0" yaku="1,1,0,1,7,1,54,1,53,0" doraHai="98" doraHaiUra="97" who="1" fromWho="1" sc="428,-26,316,98,218,-26,18,-26" owari="402,20.0,414,52.0,192,-21.0,-8,-51.0" />
</Scene>
</mjloggm>