<mjloggm ver="2.3"><GO type="169"/><UN n0="%E7%A5%AD%E4%BA%BA" n1="%E3%81%93%E3%81%BE%E3%81%A3%E3%81%95%E3%82%93" n2="%6B%6F%67%65%70%61%6E" n3="%E5%A4%AA%E3%81%8F%E3%81%AA%E3%81%84%E3%81%8A" dan="16,16,17,17" rate="2044,2105,2137,2164" sx="M,M,M,M"/><TAIKYOKU oya="0"/>

<Scene>
<INIT seed="0,0,0,4,3,67" ten="250,250,250,250" oya="0" hai0="122,51,36,104,71,133,1,34,73,20,86,124,118" hai1="4,128,111,15,94,74,79,99,54,116,119,117,105" hai2="30,107,69,123,21,31,135,126,80,37,110,85,0" hai3="77,65,66,63,129,24,89,25,92,96,82,16,91"/><T58/><RYUUKYOKU type="yao9" ba="0,0" sc="250,0,250,0,250,0,250,0" hai0="1,20,34,36,51,58,71,73,86,104,118,122,124,133" />
</Scene>
<Scene>
<INIT seed="0,1,0,1,1,77" ten="250,250,250,250" oya="0" hai0="1,105,10,41,114,128,2,116,103,37,86,32,75" hai1="110,38,39,69,107,62,121,13,122,65,60,25,81" hai2="45,56,95,126,100,87,101,94,21,73,123,80,12" hai3="127,76,89,74,113,17,106,97,99,50,30,53,58"/><T51/><D116/><U133/><E107/><V29/><F123/><W119/><G119/><T52/><D75/><U96/><E96/><V5/><F73/><W55/><G113/><T135/><D32/><U14/><E25/><V118/><F118/><W57/><G127/><T109/><D37/><U54/><E54/><V120/><F120/><W34/><G34/><T91/><D41/><U9/><E9/><V108/><F45/><W117/><G117/><T31/><D31/><U72/><E72/><V67/><F126/><W93/><G30/><T20/><D20/><U82/><E69/><V131/><F21/><W19/><G106/><T130/><D114/><U35/><E35/><V27/><F29/><W11/><G11/><T6/><D2/><U33/><E33/><V125/><F27/><W129/><G129/><N who="0" m="49771" /><D135/><U47/><E47/><V70/><F125/><W124/><G124/><T63/><D63/><U36/><E36/><V61/><F70/><W92/><G76/><T66/><D66/><U112/><E112/><V111/><F131/><W26/><G26/><T85/><D109/><U102/><E110/><V24/><F111/><W84/><G74/><T132/><D132/><U7/><E133/><V0/><F0/><W64/><G64/><T8/><D8/><U78/><E65/><V28/><F108/><W4/><G4/><T59/><D91/><U83/><E7/><V22/><F5/><W90/><REACH who="3" step="1"/><G84/><REACH who="3" ten="250,250,250,240" step="2"/><T44/><D44/><U115/><E115/><V40/><F28/><W49/><AGARI ba="1,1" hai="17,19,49,50,53,55,57,58,89,90,92,93,97,99" machi="49" ten="20,16000,3" yaku="1,1,2,1,0,1,7,1,32,3,8,1,53,0" doraHai="77" doraHaiUra="104" who="3" fromWho="3" sc="250,-81,250,-41,250,-41,240,173" />
</Scene>
<Scene>
<INIT seed="1,0,0,1,5,40" ten="169,209,209,413" oya="1" hai0="115,36,90,22,116,52,114,47,88,18,25,34,104" hai1="43,78,26,84,123,119,11,51,8,10,15,132,55" hai2="24,45,41,0,7,93,14,64,113,70,54,100,133" hai3="31,49,76,61,4,112,94,85,81,67,121,35,17"/><U72/><E72/><V89/><F0/><W128/><G112/><T1/><D116/><U122/><E119/><V27/><F133/><W74/><G121/><T37/><D1/><U97/><E132/><V2/><F2/><W106/><G106/><T6/><D6/><U77/><E43/><V23/><F100/><W130/><G4/><T62/><D104/><U83/><E78/><V44/><F70/><W29/><G17/><T117/><D117/><U42/><E42/><V101/><F64/><W110/><G110/><T63/><D34/><U135/><E135/><V80/><F80/><W59/><G49/><T48/><D37/><U71/><E71/><V98/><F41/><W134/><G134/><T120/><D36/><U87/><E15/><V105/><F54/><W79/><G79/><T69/><D120/><U109/><E109/><V32/><F113/><W129/><G35/><T125/><D115/><U39/><E39/><V9/><F32/><W124/><G124/><T21/><D114/><U65/><E65/><V66/><F66/><W60/><G60/><N who="0" m="23083" /><D69/><U28/><E123/><V91/><F27/><W19/><G19/><N who="0" m="12479" /><D125/><U33/><E122/><V99/><REACH who="2" step="1"/><F91/><AGARI ba="0,0" hai="29,31,59,61,67,74,76,81,85,91,94,128,129,130" machi="91" ten="40,1300,0" yaku="19,1" doraHai="40" who="3" fromWho="2" sc="169,0,209,0,209,-13,413,13" />
</Scene>
<Scene>
<INIT seed="2,0,0,3,3,26" ten="169,209,196,426" oya="2" hai0="83,62,133,70,20,34,38,29,117,116,97,126,81" hai1="78,18,16,109,17,54,56,50,123,68,64,102,49" hai2="12,77,103,104,90,46,121,9,125,89,132,135,92" hai3="93,31,80,27,120,110,10,72,69,57,42,0,52"/><V40/><F121/><W8/><G120/><T98/><D38/><U48/><E123/><V3/><F3/><W96/><G69/><T119/><D34/><U130/><E68/><V108/><F77/><W22/><G110/><T51/><D126/><U76/><E64/><V45/><F125/><W1/><G1/><T30/><D133/><N who="2" m="51274" /><F108/><W114/><G114/><T4/><D4/><U71/><E71/><V124/><F124/><W6/><G42/><T75/><D51/><U113/><E109/><V82/><F104/><W58/><G10/><T21/><D70/><U63/><E113/><V112/><F112/><W28/><G72/><T41/><D41/><U105/><E130/><V129/><F129/><W24/><G80/><N who="0" m="30795" /><D62/><U2/><E2/><V95/><F82/><W67/><G67/><T33/><D75/><U59/><REACH who="1" step="1"/><E56/><REACH who="1" ten="169,199,196,426" step="2"/><V55/><F45/><W47/><G47/><T60/><D33/><U73/><E73/><V23/><F46/><W14/><G0/><T100/><D60/><U107/><E107/><V84/><F40/><W94/><G57/><T87/><D117/><U43/><E43/><V5/><F55/><W115/><G115/><T85/><D116/><U44/><E44/><V66/><F66/><W25/><G52/><T131/><D131/><U19/><N who="1" m="4608" /><DORA hai="11" /><U91/><E91/><V39/><F39/><W7/><G58/><T65/><D65/><U128/><E128/><V111/><F111/><W79/><G79/><T106/><D119/><U101/><E101/><V134/><N who="2" m="51282" /><V74/><DORA hai="122" /><F103/><W118/><G118/><T13/><D100/><RYUUKYOKU ba="0,1" sc="169,-10,199,30,196,-10,426,-10" hai1="48,49,50,54,59,63,76,78,102,105" />
</Scene>
<Scene>
<INIT seed="3,1,1,3,5,42" ten="159,229,186,416" oya="3" hai0="50,105,39,33,133,83,134,22,78,95,109,18,9" hai1="7,130,89,55,113,117,96,129,87,100,90,88,79" hai2="123,41,75,11,131,65,38,2,60,51,126,68,13" hai3="108,37,12,86,27,26,69,56,43,70,20,40,74"/><W101/><G74/><T52/><D105/><U98/><E7/><V8/><F131/><N who="1" m="50185" /><E55/><V63/><F126/><W81/><G101/><T46/><D33/><U16/><E117/><V114/><F114/><W107/><G107/><T53/><D109/><U24/><E113/><V77/><F123/><W15/><G108/><T120/><D120/><U57/><E57/><V44/><F63/><W84/><G56/><T94/><D9/><U118/><E118/><V102/><F102/><W14/><G20/><T125/><D125/><U111/><E111/><V124/><F124/><W115/><G115/><T49/><D39/><U48/><E48/><V85/><F2/><W128/><G128/><T47/><D18/><U112/><E112/><V61/><F61/><W5/><G5/><T93/><D22/><N who="1" m="13383" /><E100/><V10/><F75/><AGARI ba="1,1" hai="46,47,49,50,52,53,75,78,83,93,94,95,133,134" machi="75" ten="40,8000,1" yaku="9,1,52,2,54,1" doraHai="42" who="0" fromWho="2" sc="159,93,229,0,186,-83,416,0" />
</Scene>
<Scene>
<INIT seed="4,0,0,1,5,118" ten="252,229,103,416" oya="0" hai0="88,31,55,3,28,91,42,115,106,86,83,133,11" hai1="40,13,78,27,61,46,120,62,113,97,134,41,59" hai2="6,12,74,95,38,108,24,68,87,100,43,65,14" hai3="69,82,29,49,96,132,127,99,54,20,39,72,135"/><T98/><D42/><U1/><E1/><V19/><F74/><W37/><G69/><T124/><D115/><U35/><E78/><V15/><F68/><W81/><G127/><T117/><D117/><U34/><E13/><V112/><F65/><W105/><G29/><T130/><D124/><U7/><E7/><V64/><F64/><W119/><G20/><T104/><D130/><U85/><E85/><V32/><F43/><W114/><G119/><T122/><D122/><U67/><E27/><V56/><F56/><W5/><G5/><T125/><D125/><U23/><E59/><V26/><F38/><W109/><G109/><T111/><D3/><U16/><E113/><V73/><F73/><W107/><G72/><T103/><D11/><U33/><E33/><V128/><F32/><W47/><G114/><T45/><D111/><U92/><E41/><V66/><F108/><W50/><G54/><T93/><D133/><U116/><E116/><V8/><F112/><W17/><G17/><T22/><D22/><U129/><E134/><V57/><F19/><W126/><G126/><T10/><D10/><U89/><E35/><V4/><F8/><W25/><G25/><T102/><D106/><U63/><E34/><V77/><F24/><W2/><G2/><T101/><D104/><U51/><E67/><V84/><F66/><W9/><G9/><T76/><D76/><U44/><E40/><V30/><F77/><W0/><G0/><T71/><D71/><U52/><E23/><V70/><F4/><W48/><G48/><AGARI ba="0,0" hai="28,31,45,48,55,83,86,88,91,93,98,101,102,103" machi="48" ten="40,3900,0" yaku="8,1,54,1" doraHai="118" who="0" fromWho="3" sc="252,39,229,0,103,0,416,-39" />
</Scene>
<Scene>
<INIT seed="4,1,0,3,4,90" ten="291,229,103,377" oya="0" hai0="100,53,78,36,124,58,66,26,101,84,76,118,129" hai1="25,96,46,71,62,94,2,111,74,134,133,126,34" hai2="45,5,63,88,54,10,105,130,42,57,98,15,0" hai3="122,14,61,87,103,85,86,97,6,109,121,56,60"/><T92/><D118/><U12/><E2/><V35/><F130/><W117/><G109/><T29/><D36/><U19/><E74/><V41/><F35/><W125/><G117/><T50/><D129/><U119/><E119/><V102/><F45/><W32/><G32/><T49/><D124/><U79/><E79/><N who="0" m="30249" /><D66/><U27/><E46/><V128/><F128/><W114/><G125/><T11/><D11/><U112/><E111/><V68/><F68/><W3/><G3/><T69/><D69/><U40/><E126/><V93/><REACH who="2" step="1"/><F0/><REACH who="2" ten="291,229,93,377" step="2"/><W28/><G114/><T43/><D43/><U51/><E112/><V52/><F52/><W106/><G56/><T44/><D44/><U21/><E34/><V47/><F47/><W115/><G115/><T9/><D53/><U13/><E40/><V59/><F59/><W89/><G122/><T4/><D58/><U73/><E71/><V37/><F37/><W113/><G121/><T83/><D50/><U131/><E51/><V95/><F95/><W39/><G39/><T38/><D92/><U72/><E131/><V127/><F127/><W7/><G113/><T107/><D49/><U80/><E94/><V99/><AGARI ba="1,1" hai="5,10,15,41,42,54,57,63,88,93,98,99,102,105" machi="99" ten="20,8000,1" yaku="1,1,0,1,7,1,52,1,54,1,53,0" doraHai="90" doraHaiUra="104" who="2" fromWho="2" sc="291,-41,229,-21,93,93,377,-21" />
</Scene>
<Scene>
<INIT seed="5,0,0,4,3,121" ten="250,208,186,356" oya="1" hai0="94,130,47,71,36,90,72,58,28,45,17,31,49" hai1="135,103,110,60,33,80,93,62,42,77,44,99,82" hai2="7,115,92,69,19,73,43,118,95,15,61,122,51" hai3="8,102,53,52,113,106,3,2,112,101,105,126,55"/><U119/><E33/><V125/><F118/><W134/><G134/><T37/><D71/><U127/><E119/><V21/><F122/><W64/><G64/><T35/><D72/><U124/><E135/><V132/><F73/><W10/><REACH who="3" step="1"/><G55/><REACH who="3" ten="250,208,186,346" step="2"/><T54/><D54/><U133/><E133/><V48/><F132/><W46/><G46/><T41/><D47/><U38/><E110/><V16/><F43/><W70/><G70/><T98/><D45/><U100/><E44/><V83/><F69/><W76/><G76/><T40/><D40/><U14/><E42/><V50/><F125/><AGARI ba="0,1" hai="2,3,8,10,52,53,101,102,105,106,112,113,125,126" machi="125" ten="25,6400,0" yaku="1,1,22,2,54,1,53,0" doraHai="121" doraHaiUra="23" who="3" fromWho="2" sc="250,0,208,0,186,-64,346,74" />
</Scene>
<Scene>
<INIT seed="6,0,0,0,5,85" ten="250,208,122,420" oya="2" hai0="101,2,69,96,78,113,60,12,31,83,37,92,88" hai1="104,0,26,48,89,1,3,30,116,74,121,80,130" hai2="100,36,109,44,119,11,81,25,133,103,24,57,41" hai3="21,91,59,40,8,110,51,62,67,49,58,132,16"/><V128/><F119/><W32/><G110/><T38/><D2/><U7/><E116/><V33/><F109/><W68/><G32/><T115/><D31/><U87/><E104/><V39/><F128/><W10/><G132/><T108/><D108/><U13/><E130/><V50/><F133/><W106/><G106/><T19/><D101/><U61/><E74/><V86/><F11/><N who="3" m="4139" /><G68/><T46/><D60/><U15/><E7/><V66/><F39/><W98/><G59/><T23/><D69/><U114/><E121/><V63/><F33/><W4/><G40/><T135/><D135/><U93/><E114/><N who="0" m="43529" /><D46/><U72/><E61/><V22/><F36/><W6/><G51/><T54/><D54/><U35/><E48/><V45/><F45/><W112/><G49/><T75/><AGARI ba="0,0" hai="12,19,23,37,38,75,78,83,88,92,96" m="43529" machi="75" ten="30,4000,0" yaku="15,1,52,1,54,1" doraHai="85" who="0" fromWho="0" sc="250,40,208,-10,122,-20,420,-10" />
</Scene>
<Scene>
<INIT seed="7,0,0,0,4,66" ten="290,198,102,410" oya="3" hai0="14,33,118,0,49,74,8,99,65,119,57,53,16" hai1="112,44,6,97,126,98,54,129,37,91,134,26,128" hai2="7,130,60,122,107,114,102,117,21,68,115,82,47" hai3="121,31,35,86,116,56,103,81,127,132,77,24,17"/><W15/><G121/><T93/><D74/><U2/><E6/><V104/><F7/><W73/><G116/><T64/><D0/><U113/><E2/><V43/><F21/><W94/><G127/><T67/><REACH who="0" step="1"/><D33/><REACH who="0" ten="280,198,102,410" step="2"/><U29/><E126/><V59/><F117/><W89/><G132/><T3/><D3/><U36/><E134/><V55/><F122/><W87/><G103/><AGARI ba="0,1" hai="8,14,16,49,53,57,64,65,67,93,99,103,118,119" machi="103" ten="40,5200,0" yaku="1,1,54,1,53,1" doraHai="66" doraHaiUra="4" who="0" fromWho="3" sc="280,62,198,0,102,0,410,-52" owari="342,14.0,198,-20.0,102,-40.0,358,46.0" />
</Scene>
</mjloggm>