<mjloggm ver="2.3"><GO type="169"/><UN n0="%44%65%78%69%63" n1="%E3%83%AD%E3%83%AA%E3%83%BC%E3%82%BF%E3%81%AA%E7%84%BC%E8%82%89" n2="%E5%A4%AA%E3%81%8F%E3%81%AA%E3%81%84%E3%81%8A" n3="%E3%83%9A%E3%83%81%E3%83%A7%E3%83%BC%E3%83%AA%E3%83%B3" dan="16,16,17,17" rate="2106,2095,2166,2181" sx="M,M,M,M"/><TAIKYOKU oya="0"/>

<Scene>
<INIT seed="0,0,0,2,5,93" ten="250,250,250,250" oya="0" hai0="14,106,120,99,116,27,76,18,90,114,80,102,2" hai1="128,10,5,23,9,38,1,19,32,74,94,89,37" hai2="129,34,131,95,67,3,133,53,46,132,78,135,42" hai3="85,49,15,36,21,8,130,59,104,126,134,22,31"/><T45/><D120/><U41/><E74/><V83/><F3/><W58/><G36/><T29/><D114/><U123/><E123/><V75/><F34/><W20/><G104/><T72/><D2/><U124/><E124/><V79/><F67/><W44/><G126/><T33/><D116/><U54/><E128/><N who="2" m="49227" /><F53/><N who="3" m="29863" /><G134/><T81/><D45/><U69/><E69/><V11/><F11/><W6/><G130/><T12/><D18/><U100/><E10/><V57/><F57/><N who="3" m="21515" /><G85/><T115/><D115/><U70/><E70/><V107/><F107/><W122/><G122/><T35/><D35/><U119/><E119/><V113/><F113/><W4/><G4/><T108/><D108/><U56/><E32/><V118/><F118/><W87/><G87/><T98/><REACH who="0" step="1"/><D81/><REACH who="0" ten="240,250,250,250" step="2"/><U16/><E19/><V39/><F83/><W105/><G105/><T68/><D68/><U0/><E0/><V30/><F133/><W101/><G101/><T48/><D48/><U51/><E41/><V47/><F135/><W71/><G71/><T92/><AGARI ba="0,1" hai="12,14,27,29,33,72,76,80,90,92,98,99,102,106" machi="92" ten="30,12000,1" yaku="1,1,0,1,52,2,53,1" doraHai="93" doraHaiUra="86" who="0" fromWho="0" sc="240,130,250,-40,250,-40,250,-40" />
</Scene>
<Scene>
<INIT seed="0,1,0,3,0,50" ten="370,210,210,210" oya="0" hai0="62,96,58,46,72,130,118,84,126,39,109,34,115" hai1="129,74,17,54,94,30,98,78,100,11,36,132,101" hai2="122,38,27,90,123,82,104,33,88,13,10,37,32" hai3="43,19,120,3,22,125,75,133,48,128,8,25,6"/><T0/><D58/><U61/><E36/><V127/><F104/><W47/><G75/><T110/><D62/><U70/><E132/><V4/><F127/><W106/><G106/><T97/><D46/><U89/><E129/><V83/><F27/><W42/><G133/><T69/><D84/><U92/><E30/><V53/><F13/><W2/><G125/><T63/><D96/><U5/><E17/><V73/><F10/><W40/><G128/><T26/><D97/><U114/><E114/><V85/><F4/><W68/><G68/><T35/><D63/><U102/><E92/><V65/><F65/><W93/><G120/><T135/><D26/><U76/><E74/><V121/><F73/><W55/><REACH who="3" step="1"/><G93/><REACH who="3" ten="370,210,210,200" step="2"/><T60/><D110/><U29/><E70/><V87/><REACH who="2" step="1"/><F122/><REACH who="2" ten="370,210,200,200" step="2"/><W1/><AGARI ba="1,2" hai="1,2,3,6,8,19,22,25,40,42,43,47,48,55" machi="1" ten="30,7900,0" yaku="1,1,2,1,0,1,52,1,53,0" doraHai="50" doraHaiUra="105" who="3" fromWho="3" sc="370,-40,210,-21,200,-21,200,102" />
</Scene>
<Scene>
<INIT seed="1,0,0,2,2,1" ten="330,189,179,302" oya="1" hai0="35,45,132,135,11,105,9,70,106,31,59,87,75" hai1="118,33,121,30,46,0,17,7,111,55,102,130,96" hai2="57,112,23,101,95,134,54,90,56,100,74,34,63" hai3="29,12,81,86,69,88,24,18,97,3,60,26,32"/><U20/><E121/><V27/><F74/><W64/><G3/><T133/><D75/><U77/><E118/><V49/><F34/><W80/><G97/><T79/><D70/><U99/><E130/><V107/><F107/><W37/><G37/><T28/><D45/><U2/><E111/><V39/><F39/><W68/><G26/><T126/><D59/><U42/><E77/><V103/><F134/><W108/><G108/><T117/><D117/><U36/><E33/><V65/><F112/><W120/><G120/><T61/><D61/><U91/><E30/><N who="0" m="11305" /><D35/><U109/><E109/><V66/><F66/><W4/><G4/><T129/><D129/><U127/><E127/><V13/><F13/><W123/><G123/><T104/><D126/><U51/><E7/><V85/><REACH who="2" step="1"/><F103/><REACH who="2" ten="330,189,169,302" step="2"/><W125/><G125/><T50/><D105/><U83/><E0/><V93/><F93/><W48/><G48/><T6/><D104/><U94/><E2/><V115/><F115/><W62/><G81/><N who="0" m="47551" /><D106/><U114/><E114/><V110/><F110/><W16/><G12/><N who="0" m="5175" /><D50/><U116/><E116/><V5/><F5/><W21/><G32/><T10/><AGARI ba="0,1" hai="10,11,132,133,135" m="5175,47551,11305" machi="10" ten="40,2700,0" yaku="20,1,52,1" doraHai="1" who="0" fromWho="0" sc="330,37,189,-13,169,-7,302,-7" />
</Scene>
<Scene>
<INIT seed="2,0,0,0,3,58" ten="367,176,162,295" oya="2" hai0="39,37,55,68,90,22,65,45,9,42,122,89,102" hai1="8,36,86,83,29,115,106,124,69,66,100,44,117" hai2="73,51,2,63,0,46,84,71,1,5,49,56,17" hai3="128,107,67,91,113,21,77,34,112,30,13,27,123"/><V93/><F73/><W12/><G123/><T15/><D122/><U121/><E121/><V111/><F71/><W50/><G107/><T127/><D127/><U23/><E117/><V62/><F111/><W64/><G128/><T134/><D134/><U61/><E115/><N who="3" m="44106" /><G77/><T133/><D133/><U54/><E124/><V70/><F70/><W126/><G126/><T85/><D39/><U52/><E8/><V35/><F35/><W96/><G50/><T26/><D102/><U114/><E114/><V7/><F17/><N who="3" m="10415" /><G12/><T24/><D65/><U4/><E4/><V105/><F105/><W125/><G125/><T79/><D68/><U19/><E100/><V92/><F84/><W132/><G132/><T57/><D79/><U130/><E29/><V38/><F38/><W99/><G99/><T108/><D108/><U87/><E106/><V82/><F1/><W18/><G18/><T3/><D3/><U120/><E120/><V118/><F46/><W98/><G96/><T28/><D26/><U81/><E87/><V88/><F118/><W59/><G59/><T60/><REACH who="0" step="1"/><D85/><REACH who="0" ten="357,176,162,295" step="2"/><U10/><E86/><V16/><F2/><W95/><AGARI ba="0,1" hai="27,30,34,64,67,91,95,98" m="10415,44106" machi="95" ten="30,1100,0" yaku="11,1" doraHai="58" who="3" fromWho="3" sc="357,-3,176,-3,162,-5,295,21" />
</Scene>
<Scene>
<INIT seed="3,0,0,0,3,52" ten="354,173,157,316" oya="3" hai0="115,23,86,111,34,59,16,121,101,1,94,61,6" hai1="129,127,135,11,7,71,97,44,92,4,22,24,49" hai2="105,88,17,125,19,5,89,106,131,8,69,63,116" hai3="48,10,128,78,13,62,96,74,81,31,0,28,108"/><W26/><G0/><T64/><D34/><U93/><E71/><V72/><F116/><W3/><G3/><T91/><D121/><U85/><E129/><V60/><F72/><W18/><G128/><T40/><D111/><U77/><E127/><V55/><F131/><W47/><G108/><T90/><D115/><U21/><E135/><V30/><F125/><W134/><G134/><T39/><D39/><U100/><E21/><V25/><F69/><W45/><G96/><T42/><D1/><U112/><E112/><V132/><F132/><W82/><G81/><T58/><D6/><U57/><E11/><V70/><F70/><W84/><G74/><T37/><D37/><U102/><E57/><N who="2" m="34879" /><F106/><W2/><G2/><T103/><D90/><N who="2" m="34922" /><F105/><W114/><G114/><T117/><D117/><U56/><E56/><N who="0" m="21545" /><D61/><U133/><E133/><V51/><F63/><W124/><G124/><T33/><D33/><U43/><E102/><N who="0" m="38921" /><D64/><U107/><E107/><V75/><F75/><W15/><G62/><T36/><D36/><U95/><E4/><V119/><F119/><W20/><G31/><T35/><D35/><U65/><E7/><V41/><F5/><N who="3" m="3279" /><G48/><T12/><AGARI ba="0,0" hai="12,16,23,40,42,86,91,94" m="38921,21545" machi="12" ten="30,8000,1" yaku="8,1,52,3,54,1" doraHai="52" who="0" fromWho="0" sc="354,80,173,-20,157,-20,316,-40" />
</Scene>
<Scene>
<INIT seed="4,0,0,4,1,51" ten="434,153,137,276" oya="0" hai0="17,135,131,58,82,132,48,63,118,55,119,61,99" hai1="120,6,8,90,134,66,36,72,79,11,34,133,32" hai2="49,65,117,98,113,107,129,13,75,74,28,5,18" hai3="30,37,69,126,97,15,104,86,85,124,16,3,125"/><T7/><D7/><U42/><E66/><V52/><F113/><W0/><G30/><T10/><D99/><U41/><E90/><V95/><F107/><W20/><G69/><T73/><D73/><U68/><E68/><V71/><F28/><W35/><G35/><T2/><D82/><N who="1" m="45415" /><E120/><V26/><F129/><W57/><G37/><T77/><D77/><U123/><E123/><V27/><F5/><W67/><G97/><T45/><D2/><N who="3" m="553" /><G104/><T24/><D10/><U50/><E36/><V70/><F117/><N who="0" m="44554" /><D24/><U38/><E38/><V25/><F75/><W115/><G115/><T23/><D23/><U47/><E41/><V106/><F74/><W111/><G111/><T128/><D17/><U108/><E108/><V80/><F80/><W14/><G15/><T33/><D33/><U93/><E11/><V12/><F106/><W110/><G110/><T122/><D122/><U83/><E83/><V40/><F40/><W112/><G112/><T1/><D1/><N who="1" m="79" /><E93/><V53/><F13/><W91/><G91/><T60/><D58/><U39/><E32/><V87/><F87/><W121/><G121/><T84/><D84/><U44/><E34/><V127/><F12/><W81/><G81/><T46/><D46/><U114/><E114/><V31/><F71/><W22/><G20/><T4/><D4/><U100/><E100/><V89/><F70/><W109/><G109/><T130/><AGARI ba="0,0" hai="45,48,55,60,61,63,128,130,131,132,135" m="44554" machi="130" ten="40,12000,1" yaku="19,1,34,2,52,1" doraHai="51" who="0" fromWho="0" sc="434,120,153,-40,137,-40,276,-40" />
</Scene>
<Scene>
<INIT seed="4,1,0,4,3,22" ten="554,113,97,236" oya="0" hai0="53,12,27,65,50,7,5,49,29,63,69,124,104" hai1="132,107,25,122,47,71,106,35,89,85,44,88,10" hai2="103,98,28,52,135,74,77,56,59,17,31,43,134" hai3="109,48,130,93,6,118,119,23,111,113,46,54,58"/><T126/><D104/><U82/><E122/><V40/><F17/><W101/><G6/><T51/><D53/><U91/><E132/><N who="2" m="50731" /><F74/><W83/><G83/><T42/><D42/><N who="2" m="15914" /><F77/><W34/><G34/><T19/><D5/><U45/><E71/><V0/><F0/><W108/><G130/><T36/><D7/><U110/><E110/><V99/><F59/><W112/><G23/><T96/><D96/><N who="2" m="36906" /><F103/><W92/><G101/><T66/><D66/><U21/><E35/><V123/><F123/><W32/><G32/><T79/><D79/><U8/><E107/><V133/><N who="2" m="50739" /><V90/><DORA hai="41" /><F90/><N who="1" m="34921" /><E106/><V102/><F102/><W39/><G39/><T80/><D80/><U100/><E100/><V55/><F56/><W20/><G20/><T95/><D36/><U72/><E72/><V13/><F13/><W78/><G78/><T76/><D76/><U26/><E26/><V129/><F129/><W68/><G68/><T116/><D27/><U97/><E97/><V117/><F117/><N who="3" m="44555" /><G58/><T14/><D116/><U1/><E1/><V70/><F70/><W120/><G120/><T30/><D95/><U94/><E94/><V4/><F4/><W16/><G93/><T114/><D19/><AGARI ba="1,0" hai="8,10,19,21,25,44,45,47,82,85,91" m="34921" machi="19" ten="30,12000,2" yaku="8,1,52,4,54,1" doraHai="22,41" who="1" fromWho="0" sc="554,-123,113,123,97,0,236,0" />
</Scene>
<Scene>
<INIT seed="5,0,0,1,0,73" ten="431,236,97,236" oya="1" hai0="133,33,46,22,129,118,121,28,54,58,56,27,77" hai1="135,78,132,43,64,6,119,13,101,65,128,97,76" hai2="84,108,75,14,122,67,36,45,96,105,127,4,51" hai3="10,124,85,131,31,57,134,25,91,92,113,70,62"/><U8/><E128/><V104/><F108/><W48/><G113/><T103/><D118/><U90/><E90/><V35/><F122/><W86/><G131/><T61/><D129/><U98/><E119/><V99/><F75/><W126/><G134/><N who="1" m="51242" /><E43/><V11/><F35/><N who="3" m="20975" /><G10/><T23/><D133/><U17/><E97/><V69/><F36/><W100/><G100/><T32/><D121/><U30/><E30/><V107/><F127/><N who="3" m="48683" /><G48/><T1/><D1/><N who="1" m="79" /><E64/><V109/><F109/><W80/><G70/><T72/><D103/><U68/><E65/><V88/><F67/><N who="3" m="39375" /><G80/><T116/><D116/><U94/><E68/><V115/><F69/><W12/><G12/><T15/><D32/><U16/><E17/><V7/><F115/><W102/><G102/><T114/><D114/><U20/><AGARI ba="0,0" hai="13,16,20,76,78,94,98,101" m="79,51242" machi="20" ten="30,11700,0" yaku="20,1,52,2,54,1" doraHai="73" who="1" fromWho="1" sc="431,-39,236,117,97,-39,236,-39" />
</Scene>
<Scene>
<INIT seed="5,1,0,1,1,102" ten="392,353,58,197" oya="1" hai0="120,51,76,2,4,67,56,131,27,79,71,26,29" hai1="96,72,55,109,95,17,75,116,59,28,130,57,3" hai2="77,35,90,44,111,34,81,126,70,69,113,104,82" hai3="48,107,129,21,1,61,39,117,114,33,32,63,0"/><U127/><E116/><V98/><F111/><W134/><G48/><T86/><D71/><U5/><E109/><V66/><F126/><W50/><G21/><T119/><D119/><U85/><E127/><V22/><F113/><W52/><G50/><T23/><D120/><U89/><E130/><V18/><F44/><W78/><G52/><T9/><D131/><U60/><E28/><V132/><F132/><W38/><G78/><T110/><D110/><U108/><E108/><V94/><F104/><W112/><G129/><T14/><D2/><U122/><E122/><V135/><F135/><W20/><G20/><T45/><D27/><U8/><E17/><V53/><F53/><W68/><G68/><T92/><D92/><U11/><E11/><V62/><F70/><W106/><G134/><T91/><D91/><U103/><REACH who="1" step="1"/><E59/><REACH who="1" ten="392,343,58,197" step="2"/><V80/><REACH who="2" step="1"/><F77/><REACH who="2" ten="392,343,48,197" step="2"/><W16/><G117/><T101/><D76/><U37/><E37/><V87/><F87/><W58/><G58/><T54/><D79/><U125/><E125/><V7/><F7/><W31/><G31/><T118/><D86/><U24/><E24/><AGARI ba="1,2" hai="18,22,24,34,35,62,66,69,80,81,82,90,94,98" machi="24" ten="40,2600,0" yaku="1,1,53,1" doraHai="102" doraHaiUra="15" who="2" fromWho="1" sc="392,0,343,-29,48,49,197,0" />
</Scene>
<Scene>
<INIT seed="6,0,0,1,5,7" ten="392,314,97,197" oya="2" hai0="57,97,70,127,99,21,83,80,60,135,17,96,126" hai1="20,26,2,133,15,24,130,68,131,63,4,114,91" hai2="1,121,75,122,56,112,88,29,59,18,129,45,39" hai3="92,40,41,116,48,66,120,108,44,10,95,84,38"/><V35/><F75/><W115/><G108/><T55/><D70/><U78/><E78/><V69/><F69/><W104/><G104/><T12/><REACH who="0" step="1"/><D135/><REACH who="0" ten="382,314,97,197" step="2"/><U54/><E133/><V50/><F121/><W79/><G120/><T62/><D62/><U19/><E68/><V103/><F122/><W76/><G116/><T22/><D22/><U3/><E63/><V67/><F112/><W14/><G115/><T81/><AGARI ba="0,1" hai="12,17,21,55,57,60,80,81,83,96,97,99,126,127" machi="81" ten="40,2700,0" yaku="1,1,0,1,53,0" doraHai="7" doraHaiUra="71" who="0" fromWho="0" sc="382,37,314,-7,97,-13,197,-7" />
</Scene>
<Scene>
<INIT seed="7,0,0,4,1,122" ten="419,307,84,190" oya="3" hai0="16,26,62,58,100,71,86,126,34,32,45,19,110" hai1="95,101,38,10,5,129,37,21,117,82,120,59,52" hai2="124,125,3,123,39,107,134,77,47,22,119,29,13" hai3="118,70,87,48,109,40,28,49,91,46,108,98,114"/><W6/><G70/><T72/><D110/><N who="3" m="42601" /><G118/><T103/><D72/><U4/><E120/><V76/><F107/><W51/><G114/><T8/><D71/><U56/><E129/><V18/><F119/><W81/><G28/><T73/><D73/><U93/><E117/><V41/><F123/><W0/><G98/><T23/><D34/><U96/><E82/><V60/><F134/><W2/><G6/><T11/><D32/><U113/><E59/><V27/><F60/><W54/><G54/><T78/><D45/><U24/><E113/><V90/><F90/><W94/><G94/><T31/><D31/><U130/><E95/><V74/><F74/><W89/><G91/><T57/><D19/><U79/><E79/><V102/><F102/><W50/><AGARI ba="0,0" hai="0,2,40,46,48,49,50,51,81,87,89" m="42601" machi="50" ten="30,11700,0" yaku="10,1,52,3" doraHai="122" who="3" fromWho="3" sc="419,-39,307,-39,84,-39,190,117" />
</Scene>
<Scene>
<INIT seed="7,1,0,1,2,20" ten="380,268,45,307" oya="3" hai0="29,71,133,8,69,37,45,114,84,49,89,87,42" hai1="3,85,32,113,124,127,116,4,121,122,77,1,90" hai2="105,111,30,86,33,21,130,72,88,110,91,94,93" hai3="96,46,78,119,82,50,36,64,25,67,35,40,47"/><W5/><G119/><T104/><D104/><U41/><E77/><V14/><F14/><W95/><G5/><T18/><D133/><U51/><E51/><V107/><F21/><W23/><G35/><T81/><D29/><U129/><E41/><V10/><F10/><W75/><G47/><T108/><D108/><U57/><E57/><V126/><F30/><W53/><G40/><T11/><D114/><U61/><E61/><V48/><F48/><W19/><REACH who="3" step="1"/><G36/><REACH who="3" ten="380,268,45,297" step="2"/><T80/><D37/><U100/><E100/><AGARI ba="1,1" hai="19,23,25,46,50,53,64,67,75,78,82,95,96,100" machi="100" ten="30,18000,2" yaku="1,1,2,1,7,1,52,1,53,2" doraHai="20" doraHaiUra="62" who="3" fromWho="1" sc="380,0,268,-183,45,0,297,193" owari="380,18.0,85,-31.0,45,-45.0,490,58.0" />
</Scene>
</mjloggm>