<mjloggm ver="2.3"><GO type="41"/><UN n0="%E3%82%B7%E3%83%A7%E3%83%BC%E3%83%9E" n1="%E5%A4%AA%E3%81%8F%E3%81%AA%E3%81%84%E3%81%8A" n2="%E3%83%81%E3%83%A3%E3%82%A4%E3%82%B8" n3="%E3%82%BB%E3%83%8D%E3%82%AC%E3%83%AB%E4%BB%A3%E8%A1%A8" dan="13,14,14,13" rate="2009,2011,1865,1841" sx="M,M,M,M"/><TAIKYOKU oya="0"/>

<Scene>
<INIT seed="0,0,0,4,5,62" ten="250,250,250,250" oya="0" hai0="80,98,121,84,21,58,25,59,79,4,88,54,86" hai1="45,74,83,129,120,1,63,14,20,99,102,127,75" hai2="107,13,89,104,3,67,50,51,55,81,57,0,109" hai3="115,2,135,118,113,26,105,69,33,70,119,19,23"/><T90/><D121/><U34/><E120/><V41/><F0/><W78/><G105/><T117/><D117/><U132/><E34/><V52/><F3/><W48/><G78/><T12/><D98/><U16/><E1/><V61/><F107/><W94/><G2/><T64/><D64/><U28/><E127/><V100/><F100/><W122/><G33/><T9/><D79/><U17/><E129/><V46/><F104/><W95/><G48/><T60/><D60/><U15/><E28/><V8/><F51/><W126/><G122/><T47/><D47/><U96/><E132/><V123/><F123/><W53/><G126/><T91/><D54/><U32/><E32/><V29/><F29/><W11/><G53/><T130/><D90/><U77/><E45/><V108/><F109/><W43/><G135/><T114/><D114/><U31/><E31/><V103/><F103/><W24/><G118/><T5/><D5/><U111/><E111/><V68/><F68/><W133/><G133/><T85/><D85/><U35/><E35/><V110/><F110/><W87/><G87/><T44/><D44/><U56/><E75/><V112/><F112/><W124/><G124/><T82/><D130/><U42/><E42/><V27/><F27/><W116/><G43/><T40/><D40/><U131/><E131/><V73/><F73/><W93/><G116/><T37/><D37/><U134/><E134/><V72/><F72/><W92/><G119/><T71/><D71/><U106/><E96/><V22/><F108/><W18/><N who="3" m="23552" /><DORA hai="128" /><W125/><G115/><T39/><D39/><RYUUKYOKU ba="0,0" sc="250,30,250,-10,250,-10,250,-10" hai0="4,9,12,21,25,58,59,80,82,84,86,88,91" />
</Scene>
<Scene>
<INIT seed="0,1,0,5,2,2" ten="280,240,240,240" oya="0" hai0="31,83,8,78,26,128,110,41,124,66,10,25,30" hai1="19,1,122,43,118,29,92,100,131,81,23,48,105" hai2="121,68,107,0,94,120,11,104,135,3,50,130,46" hai3="54,52,86,21,61,115,114,22,20,96,57,126,71"/><T60/><D41/><U39/><E122/><V27/><F68/><W95/><G126/><T16/><D124/><U13/><E118/><V28/><F135/><W111/><G111/><T97/><D97/><U70/><E70/><V6/><F130/><W119/><G119/><T103/><D103/><U42/><E131/><V134/><F0/><W7/><G71/><T18/><D128/><U12/><E1/><V90/><F134/><W106/><G106/><T67/><D110/><U113/><E113/><V93/><F93/><W123/><G123/><T101/><D101/><U69/><E69/><V76/><F76/><W84/><G7/><T99/><D99/><N who="1" m="59495" /><E39/><V4/><F4/><W127/><G127/><T44/><D44/><U125/><E105/><V82/><F82/><W45/><G115/><T85/><D83/><U112/><E112/><V24/><F24/><W109/><G109/><T40/><D40/><U32/><E32/><V108/><F108/><W117/><G117/><T102/><D102/><U36/><E36/><V56/><F56/><N who="3" m="34967" /><G45/><T72/><D72/><U35/><E35/><V14/><F3/><W79/><G79/><T133/><D133/><U63/><E125/><V17/><F121/><W77/><G77/><T15/><D78/><U75/><E75/><V87/><F120/><W33/><G33/><T5/><D85/><U49/><E81/><V74/><F74/><W116/><G116/><T73/><D73/><U89/><E43/><N who="2" m="24927" /><F28/><W9/><G114/><T38/><D38/><U58/><E42/><V88/><F90/><N who="3" m="55415" /><G9/><T53/><D10/><U34/><E89/><RYUUKYOKU ba="1,0" sc="280,-15,240,-15,240,15,240,15" hai2="6,11,14,17,27,87,88,94,104,107" hai3="20,21,22,52,57,84,86" />
</Scene>
<Scene>
<INIT seed="1,2,0,5,5,115" ten="265,225,255,255" oya="1" hai0="44,28,41,59,55,64,100,85,66,4,68,63,30" hai1="48,104,0,78,14,75,109,8,49,60,38,90,29" hai2="65,125,11,5,17,135,7,124,114,103,36,74,116" hai3="40,57,58,23,105,56,83,92,96,132,131,51,88"/><U81/><E38/><V61/><F114/><W9/><G132/><T12/><D100/><U76/><E104/><V72/><F17/><W134/><G134/><T94/><D64/><U67/><E0/><V97/><F135/><W123/><G123/><T37/><D94/><U87/><E29/><V33/><F33/><W22/><G131/><T73/><D85/><U106/><E106/><V2/><F7/><W127/><G127/><T10/><REACH who="0" step="1"/><D73/><REACH who="0" ten="255,225,255,255" step="2"/><U80/><E109/><V128/><F128/><W26/><G105/><T15/><D15/><U129/><E129/><V20/><F124/><W98/><G98/><T45/><D45/><U82/><E82/><V117/><F125/><W95/><G95/><T16/><D16/><U50/><E90/><V91/><F91/><W119/><G83/><T110/><D110/><U35/><E75/><V43/><F20/><W126/><G23/><T39/><D39/><U32/><E80/><V31/><F31/><W77/><G126/><T133/><D133/><U19/><REACH who="1" step="1"/><E78/><REACH who="1" ten="255,215,255,255" step="2"/><V54/><F72/><W113/><G77/><T99/><D99/><U101/><E101/><V27/><F74/><W93/><G88/><T108/><D108/><U18/><E18/><V84/><F103/><W107/><G107/><T69/><D69/><AGARI ba="2,2" hai="8,14,19,32,35,48,49,50,60,67,69,76,81,87" machi="69" ten="40,2000,0" yaku="1,1,53,0" doraHai="115" doraHaiUra="86" who="1" fromWho="0" sc="255,-26,215,46,255,0,255,0" />
</Scene>
<Scene>
<INIT seed="1,3,0,2,1,37" ten="229,261,255,255" oya="1" hai0="79,87,2,58,75,31,80,101,99,47,95,0,110" hai1="74,39,5,125,17,4,1,111,41,22,112,86,25" hai2="43,104,44,77,131,119,94,105,90,67,32,135,46" hai3="127,85,120,55,6,115,116,81,84,71,18,53,38"/><U70/><E112/><V40/><F119/><W45/><G120/><T26/><D58/><U65/><E74/><V61/><F32/><W69/><G115/><T82/><D110/><U106/><E106/><V73/><F105/><W134/><G6/><T14/><D14/><U57/><E70/><V23/><F104/><W10/><G116/><T63/><D63/><N who="1" m="38127" /><E1/><V8/><F73/><W98/><G134/><T15/><D15/><U97/><E97/><V100/><F77/><W33/><G33/><T133/><D133/><U60/><E60/><V122/><F100/><W108/><G108/><T132/><D132/><U34/><E34/><V123/><F135/><W117/><G98/><T52/><D82/><U30/><E111/><V93/><F8/><W96/><G96/><T113/><D113/><U36/><E36/><V48/><F131/><W56/><G85/><T107/><D52/><U13/><E125/><V103/><F103/><W109/><G127/><T64/><D64/><U66/><E66/><V76/><F76/><W21/><G109/><T91/><D47/><N who="2" m="17962" /><F23/><AGARI ba="3,0" hai="0,2,23,26,31,75,79,80,87,91,95,99,101,107" machi="23" ten="30,3900,0" yaku="7,1,24,2" doraHai="37" who="0" fromWho="2" sc="229,48,261,0,255,-48,255,0" />
</Scene>
<Scene>
<INIT seed="2,0,0,5,0,55" ten="277,261,207,255" oya="2" hai0="113,63,105,123,107,103,128,110,38,49,95,72,90" hai1="130,84,87,27,42,7,3,46,60,24,118,59,13" hai2="83,43,54,111,109,31,65,85,115,53,33,8,134" hai3="97,92,12,78,9,117,81,70,37,120,93,106,41"/><V112/><F43/><W129/><G117/><T79/><D38/><U26/><E130/><V131/><F131/><W39/><G120/><T25/><D128/><U19/><E118/><V47/><F134/><W100/><G70/><T114/><D123/><U121/><E121/><V11/><F33/><W45/><G129/><T127/><D72/><U82/><E3/><V29/><F47/><W34/><G34/><T86/><D79/><U76/><E84/><V1/><F85/><W20/><G20/><T10/><D110/><U96/><E96/><V36/><F83/><W51/><G39/><T98/><D107/><U52/><E7/><V75/><F36/><W6/><REACH who="3" step="1"/><G37/><REACH who="3" ten="277,261,207,245" step="2"/><T44/><D10/><N who="2" m="3626" /><F1/><W102/><G102/><T69/><D114/><N who="2" m="43562" /><F75/><AGARI ba="0,1" hai="6,9,12,41,45,51,75,78,81,92,93,97,100,106" machi="75" ten="30,7700,0" yaku="1,1,7,1,53,2" doraHai="55" doraHaiUra="88" who="3" fromWho="2" sc="277,0,261,0,207,-77,245,87" />
</Scene>
<Scene>
<INIT seed="3,0,0,2,5,109" ten="277,261,130,332" oya="3" hai0="125,27,38,59,29,17,80,84,128,93,39,12,21" hai1="63,64,129,36,52,124,113,1,25,105,50,106,73" hai2="58,87,96,90,10,32,61,92,35,111,14,71,132" hai3="67,108,62,133,49,91,75,97,31,0,2,30,5"/><W130/><G75/><T51/><D125/><U34/><E1/><V41/><F71/><W79/><G79/><T112/><D128/><U40/><E73/><V56/><F111/><W99/><G130/><T45/><D59/><N who="1" m="33175" /><E129/><V119/><F119/><W76/><G108/><T107/><D93/><U3/><E3/><V82/><F41/><W94/><G76/><T123/><D107/><U81/><E81/><V55/><F56/><W6/><G133/><T98/><D98/><U53/><E53/><V85/><F132/><W72/><G72/><T95/><D95/><U7/><E7/><V122/><F85/><W65/><G99/><T68/><D68/><N who="1" m="42015" /><E124/><V104/><F104/><W11/><G49/><T20/><D123/><U13/><E13/><V120/><F120/><W9/><REACH who="3" step="1"/><G65/><REACH who="3" ten="277,261,130,322" step="2"/><T42/><D38/><U22/><E36/><V24/><F122/><W54/><G54/><T19/><D39/><U100/><E40/><V66/><F66/><W131/><G131/><T83/><D84/><U134/><E134/><V8/><F8/><W121/><G121/><T37/><D37/><U60/><E60/><V126/><F126/><W135/><G135/><T18/><REACH who="0" step="1"/><D112/><REACH who="0" ten="267,261,130,322" step="2"/><U115/><E115/><V44/><F44/><W74/><G74/><T116/><D116/><U16/><E113/><V117/><F117/><W77/><G77/><T33/><D33/><U28/><E34/><V69/><F69/><AGARI ba="0,2" hai="0,2,5,6,9,11,30,31,62,67,69,91,94,97" machi="69" ten="30,5800,0" yaku="1,1,7,1,9,1,53,0" doraHai="109" doraHaiUra="70" who="3" fromWho="2" sc="267,0,261,0,130,-58,322,78" />
</Scene>
<Scene>
<INIT seed="3,1,0,4,3,21" ten="267,261,72,400" oya="3" hai0="66,62,113,38,126,27,45,91,112,73,37,26,24" hai1="36,61,65,52,87,51,22,29,44,59,74,92,35" hai2="23,67,14,7,120,39,130,76,72,12,123,33,124" hai3="1,117,93,2,69,9,102,50,54,71,104,4,18"/><W75/><G117/><T81/><D126/><U118/><E118/><V133/><F33/><W11/><G75/><T135/><D135/><U86/><E74/><V17/><F39/><W84/><G104/><T34/><D34/><U28/><E35/><V103/><F133/><W5/><G18/><T99/><D45/><U85/><E36/><V90/><F103/><W58/><REACH who="3" step="1"/><G84/><REACH who="3" ten="267,261,72,390" step="2"/><N who="0" m="50575" /><D73/><U88/><E29/><V60/><F72/><W55/><G55/><T106/><D106/><U77/><E77/><V111/><F124/><W97/><AGARI ba="1,1" hai="1,2,4,5,9,11,50,54,58,69,71,93,97,102" machi="97" ten="30,6000,0" yaku="1,1,0,1,9,1,53,0" doraHai="21" doraHaiUra="31" who="3" fromWho="3" sc="267,-21,261,-21,72,-21,390,73" />
</Scene>
<Scene>
<INIT seed="3,2,0,3,2,50" ten="246,240,51,463" oya="3" hai0="22,127,70,30,26,68,117,51,32,48,3,64,10" hai1="59,135,123,15,74,132,65,67,104,84,99,45,128" hai2="62,129,125,63,106,9,18,98,49,103,56,24,13" hai3="46,42,69,36,7,111,60,77,47,118,75,126,79"/><W113/><G118/><T66/><D117/><U40/><E74/><V17/><F125/><W11/><G113/><T85/><D127/><U102/><E123/><V108/><F129/><W20/><G126/><T73/><D73/><U12/><E128/><V76/><F76/><W110/><G47/><T90/><D32/><U105/><E84/><V43/><F108/><N who="3" m="41515" /><G20/><T39/><D39/><U81/><E81/><V107/><F107/><W131/><G131/><T25/><D25/><U92/><E105/><V91/><F91/><W120/><G120/><T96/><D96/><U19/><E104/><V1/><F43/><W14/><G75/><T38/><D38/><N who="1" m="21655" /><E59/><V82/><F1/><W130/><G130/><T94/><D68/><U121/><E121/><V55/><REACH who="2" step="1"/><F82/><REACH who="2" ten="246,240,41,463" step="2"/><W8/><G42/><T71/><D70/><U37/><E132/><V0/><F0/><W31/><G79/><T116/><D71/><U72/><E135/><V2/><F2/><W112/><G77/><T28/><D116/><U29/><E102/><V109/><F109/><W44/><G69/><T119/><D119/><U87/><E92/><V133/><F133/><W95/><G95/><T27/><D3/><U41/><E41/><V54/><F54/><W34/><G36/><T97/><D64/><U122/><E67/><V57/><F57/><W124/><G124/><T23/><D66/><U115/><E65/><V35/><F35/><W4/><G34/><T86/><D10/><N who="1" m="6551" /><E37/><V93/><F93/><W83/><G83/><T134/><D134/><U89/><E122/><V33/><F33/><W88/><G88/><RYUUKYOKU ba="2,1" sc="246,15,240,-15,41,15,463,-15" hai0="22,23,26,27,28,30,48,51,85,86,90,94,97" hai2="9,13,17,18,24,49,55,56,62,63,98,103,106" />
</Scene>
<Scene>
<INIT seed="4,3,1,5,3,31" ten="261,225,56,448" oya="0" hai0="30,25,104,63,113,45,109,97,42,14,33,37,41" hai1="52,94,77,27,58,134,101,6,51,29,9,118,73" hai2="15,76,10,68,124,125,66,57,103,23,111,74,112" hai3="80,17,11,115,43,79,47,126,72,127,78,55,46"/><T3/><D3/><U32/><E134/><V22/><F68/><W122/><G115/><T99/><D42/><U56/><E118/><V34/><F111/><W129/><G129/><T114/><D109/><U85/><E73/><V13/><F103/><W2/><G79/><T40/><D40/><U49/><E77/><V8/><F76/><W89/><G89/><T119/><D119/><U5/><E9/><N who="2" m="3691" /><F74/><W35/><G35/><T59/><D14/><N who="2" m="5130" /><F66/><W106/><G106/><T84/><D84/><U87/><E87/><V48/><F48/><N who="3" m="29087" /><G17/><T71/><D71/><U82/><E82/><V1/><F57/><W61/><G61/><T21/><D21/><N who="2" m="7690" /><F112/><N who="0" m="43114" /><D104/><U75/><E75/><V65/><F65/><AGARI ba="3,1" hai="25,30,33,37,41,45,59,63,65,97,99" m="43114" machi="65" ten="30,2900,0" yaku="15,1,52,1" doraHai="31" who="0" fromWho="2" sc="261,48,225,0,56,-38,448,0" />
</Scene>
<Scene>
<INIT seed="4,4,0,3,1,82" ten="309,225,18,448" oya="0" hai0="16,74,84,99,50,48,80,2,71,35,52,81,56" hai1="54,113,121,125,69,57,73,49,34,20,47,98,30" hai2="0,58,96,89,46,124,72,110,5,103,116,3,27" hai3="86,18,77,22,127,25,85,60,133,51,130,131,59"/><T119/><D119/><U102/><E121/><V21/><F110/><W111/><G111/><T39/><D39/><U92/><E73/><V1/><F72/><W132/><G51/><T64/><D71/><U114/><E69/><V104/><F5/><W33/><G33/><T4/><D35/><U14/><E125/><V126/><F116/><W105/><G105/><T120/><D120/><U67/><E34/><V37/><F58/><W61/><G77/><T107/><D4/><U100/><E100/><V66/><F66/><N who="3" m="39199" /><G61/><N who="0" m="37927" /><D2/><U76/><E76/><V12/><F46/><W123/><G123/><T10/><D74/><U6/><E6/><V32/><F37/><W15/><G127/><T31/><D107/><U17/><E30/><V87/><F32/><W78/><G78/><N who="0" m="46103" /><D81/><U108/><E108/><V29/><REACH who="2" step="1"/><F12/><REACH who="2" ten="309,225,8,448" step="2"/><W94/><G15/><N who="0" m="7287" /><D31/><U23/><E67/><V129/><F129/><W91/><G131/><T62/><D99/><U106/><E98/><V55/><F55/><W95/><G130/><T112/><D112/><U24/><E114/><V36/><F36/><W8/><G132/><T19/><D19/><N who="1" m="12415" /><E113/><V83/><AGARI ba="4,1" hai="0,1,3,21,27,29,83,87,89,96,103,104,124,126" machi="83" ten="40,5200,0" yaku="1,1,0,1,52,1,53,0" doraHai="82" doraHaiUra="41" who="2" fromWho="2" sc="309,-30,225,-17,8,74,448,-17" />
</Scene>
<Scene>
<INIT seed="5,0,0,3,0,118" ten="279,208,82,431" oya="1" hai0="81,57,60,122,85,31,45,69,93,61,27,42,5" hai1="125,68,124,94,0,12,109,133,14,48,102,83,77" hai2="82,54,11,17,33,108,67,89,41,100,97,121,52" hai3="51,91,35,86,58,127,15,111,129,23,19,126,10"/><U18/><E0/><V128/><F33/><W25/><G111/><T73/><D73/><U135/><E68/><V13/><F108/><W22/><G129/><T21/><D5/><U62/><E109/><V92/><F41/><W24/><G58/><T8/><D8/><N who="1" m="6407" /><E14/><V95/><F128/><W2/><G51/><N who="0" m="27063" /><D69/><U39/><E39/><V90/><F67/><W87/><G2/><T75/><D75/><N who="1" m="43455" /><E62/><V1/><F121/><W99/><G86/><T30/><D122/><U72/><E72/><V101/><F1/><W16/><G35/><T7/><D7/><U98/><E48/><V55/><REACH who="2" step="1"/><F82/><REACH who="2" ten="279,208,72,431" step="2"/><W66/><G66/><T50/><D81/><U96/><E96/><AGARI ba="0,1" hai="11,13,17,52,54,55,89,90,92,95,96,97,100,101" machi="96" ten="40,8000,1" yaku="1,1,2,1,9,1,8,1,54,1,53,0" doraHai="118" doraHaiUra="59" who="2" fromWho="1" sc="279,0,208,-80,72,90,431,0" />
</Scene>
<Scene>
<INIT seed="6,0,0,4,4,101" ten="279,128,162,431" oya="2" hai0="36,20,78,29,116,123,26,40,85,48,52,60,14" hai1="12,41,33,100,58,37,8,134,64,63,114,38,44" hai2="95,16,107,109,83,126,42,32,3,74,67,125,13" hai3="128,6,118,39,49,82,17,0,11,105,47,112,127"/><V96/><F32/><W70/><G118/><T43/><D123/><U72/><E114/><V98/><F3/><W55/><G70/><T108/><D108/><U61/><E134/><V59/><F42/><W94/><G105/><T91/><D36/><U10/><E72/><V88/><F109/><W103/><G112/><T69/><D78/><U73/><E73/><V31/><F31/><W18/><G127/><T50/><D50/><U119/><E119/><V117/><F117/><W25/><G82/><T30/><D30/><U21/><E33/><V135/><F135/><W131/><G25/><T57/><D14/><U133/><E133/><V35/><F35/><W24/><G24/><T92/><D116/><U111/><E111/><V124/><F67/><W4/><G4/><T90/><D91/><U27/><E100/><V89/><F59/><W9/><G9/><T102/><D102/><U34/><E34/><V84/><F74/><W23/><G23/><T106/><D106/><U5/><E10/><V2/><F2/><W28/><G28/><T51/><D69/><U86/><E86/><N who="2" m="50271" /><F107/><W97/><G39/><T77/><D77/><U19/><REACH who="1" step="1"/><E61/><REACH who="1" ten="279,118,162,431" step="2"/><V1/><F1/><W54/><G103/><T93/><D40/><U75/><E75/><V113/><F113/><W62/><G54/><T53/><D43/><U45/><E45/><V66/><F66/><W79/><G47/><N who="0" m="27679" /><D60/><U76/><E76/><V7/><F7/><W122/><G62/><T104/><D104/><U132/><E132/><V65/><F65/><W120/><G6/><T121/><D121/><U110/><E110/><RYUUKYOKU ba="0,1" sc="279,10,118,10,162,10,431,-30" hai0="20,26,29,51,53,57,85,90,92,93" hai1="5,8,12,19,21,27,37,38,41,44,58,63,64" hai2="13,16,84,89,95,96,98,124,125,126" />
</Scene>
<Scene>
<INIT seed="6,1,1,5,3,102" ten="289,128,172,401" oya="2" hai0="29,80,121,22,37,43,123,100,52,70,32,18,133" hai1="74,44,87,38,48,116,14,129,78,88,68,65,36" hai2="73,118,16,108,119,120,114,95,105,125,4,106,76" hai3="79,60,31,83,6,26,122,45,0,117,39,109,82"/><V61/><F4/><W5/><G117/><T57/><D70/><U58/><E116/><V15/><F120/><W33/><G122/><T99/><D29/><U90/><E129/><V1/><F1/><W47/><G109/><T3/><D32/><U8/><E68/><V9/><F118/><W10/><G5/><T111/><D111/><U53/><E74/><V34/><F108/><W30/><G30/><T110/><D110/><U69/><E69/><V62/><F34/><W51/><G83/><T86/><D3/><U35/><E35/><V134/><F119/><W59/><G51/><T84/><D43/><U49/><E78/><V130/><F130/><W97/><G97/><T85/><D37/><U128/><E128/><V75/><F125/><W41/><G41/><T96/><D80/><U67/><E38/><V40/><F134/><W42/><G42/><T25/><D133/><U94/><E36/><V11/><F40/><W13/><G0/><T98/><REACH who="0" step="1"/><D100/><REACH who="0" ten="279,128,172,401" step="2"/><U54/><REACH who="1" step="1"/><E90/><REACH who="1" ten="279,118,172,401" step="2"/><V64/><F76/><W66/><G39/><T21/><D21/><U127/><E127/><V131/><F131/><W101/><G101/><T135/><D135/><U63/><E63/><AGARI ba="1,3" hai="18,22,25,52,57,63,84,85,86,96,98,99,121,123" machi="63" ten="40,2600,0" yaku="1,1,54,1,53,0" doraHai="102" doraHaiUra="2" who="0" fromWho="1" sc="279,59,118,-29,172,0,401,0" />
</Scene>
<Scene>
<INIT seed="7,0,0,4,0,128" ten="338,89,172,401" oya="3" hai0="15,46,123,7,99,84,18,94,88,131,26,59,106" hai1="100,110,4,57,56,22,108,76,127,132,70,21,35" hai2="90,68,122,1,63,54,112,53,50,60,29,45,23" hai3="73,120,96,33,82,125,11,121,95,3,25,66,37"/><W77/><G125/><T75/><D123/><U103/><E4/><V38/><F1/><W133/><G133/><T105/><D75/><U97/><E76/><V119/><F29/><N who="3" m="19631" /><G95/><T72/><D72/><U20/><E35/><V17/><F119/><W78/><G96/><T27/><D131/><U117/><E117/><V85/><F122/><W5/><G78/><T130/><D130/><U48/><E70/><V30/><F30/><W0/><G0/><T16/><D7/><U39/><E39/><V80/><F38/><W87/><G87/><T9/><D18/><U91/><E127/><V44/><F68/><W113/><G113/><T92/><D59/><U2/><E2/><V71/><F71/><W52/><G52/><T13/><D46/><U32/><E32/><V116/><F112/><W64/><G64/><T10/><D106/><U19/><E19/><V109/><F109/><W12/><G12/><T40/><D40/><U104/><E91/><V124/><F124/><W61/><G37/><T24/><D105/><U115/><E115/><V129/><F129/><W14/><G14/><T134/><D134/><U8/><E8/><V6/><F6/><W67/><G67/><T28/><D28/><U107/><E48/><V93/><F93/><W62/><G66/><T98/><REACH who="0" step="1"/><D92/><REACH who="0" ten="328,89,172,401" step="2"/><U55/><E132/><V58/><F116/><W41/><G41/><T74/><D74/><U31/><E31/><V34/><F45/><W43/><G43/><T101/><D101/><U86/><E86/><V89/><F85/><W111/><G121/><T65/><D65/><U51/><E57/><RYUUKYOKU ba="0,1" sc="328,15,89,15,172,-15,401,-15" hai0="9,10,13,15,16,24,26,27,84,88,94,98,99" hai1="20,21,22,51,55,56,97,100,103,104,107,108,110" owari="343,14.0,104,-40.0,157,-24.0,396,50.0" />
</Scene>
</mjloggm>