<mjloggm ver="2.3"><GO type="169"/><UN n0="%E3%81%84%E3%81%AC%E3%81%98%E3%82%83%E3%82%89%E3%81%97" n1="%E3%83%88%E3%83%9E%E3%82%BD%E3%83%B3" n2="%E5%A4%AA%E3%81%8F%E3%81%AA%E3%81%84%E3%81%8A" n3="%31%E6%9C%88%31%31%E6%97%A5" dan="17,16,17,17" rate="2198,2076,2136,2128" sx="M,M,M,M"/><TAIKYOKU oya="0"/>

<Scene>
<INIT seed="0,0,0,4,4,120" ten="250,250,250,250" oya="0" hai0="43,123,78,66,69,101,44,49,135,48,106,74,116" hai1="30,4,52,117,68,45,34,23,77,111,42,10,26" hai2="96,80,61,13,0,56,57,125,5,9,53,108,20" hai3="31,3,91,114,86,55,47,73,130,1,27,25,37"/><T82/><D123/><U58/><E68/><V99/><F125/><W24/><G114/><T72/><D116/><U87/><E117/><V133/><F133/><W18/><G73/><T51/><D74/><U134/><E134/><V88/><F108/><W33/><G130/><T67/><D135/><U8/><E111/><V21/><F0/><W41/><G55/><T85/><D85/><U107/><E107/><V94/><F80/><W126/><G126/><T122/><D122/><U119/><E119/><V97/><REACH who="2" step="1"/><F57/><REACH who="2" ten="250,250,240,250" step="2"/><W109/><G109/><T14/><D69/><U17/><E34/><V46/><F46/><W60/><G1/><T65/><REACH who="0" step="1"/><D14/><REACH who="0" ten="240,250,240,250" step="2"/><U98/><E87/><AGARI ba="0,2" hai="5,9,13,20,21,53,56,61,87,88,94,96,97,99" machi="87" ten="40,8000,1" yaku="1,1,8,1,54,1,53,1" doraHai="120" doraHaiUra="81" who="2" fromWho="1" sc="240,0,250,-80,240,100,250,0" />
</Scene>
<Scene>
<INIT seed="1,0,0,4,0,87" ten="240,170,340,250" oya="1" hai0="88,117,121,61,109,122,107,96,125,115,71,63,15" hai1="82,7,86,111,38,72,11,13,50,33,116,100,36" hai2="1,62,83,132,25,56,0,85,12,79,60,47,24" hai3="77,18,120,113,98,106,30,67,8,6,27,126,46"/><U14/><E111/><V22/><F132/><W108/><G113/><T81/><D117/><U102/><E116/><V135/><F135/><W73/><G120/><N who="0" m="46187" /><D115/><U123/><E72/><V21/><F12/><W128/><G18/><T3/><D3/><U32/><E123/><V37/><F37/><W2/><G128/><T48/><D71/><U66/><E66/><V103/><F103/><W92/><G92/><N who="0" m="56327" /><D107/><U19/><E38/><V20/><F47/><W68/><G46/><T99/><D99/><U75/><E75/><V94/><F60/><W119/><G119/><T129/><D129/><U41/><E36/><V23/><F94/><W78/><G108/><T45/><D125/><U55/><E41/><V133/><F133/><W90/><G126/><T131/><D131/><U31/><E31/><V59/><F59/><W65/><G68/><T9/><D81/><U69/><E69/><V105/><F105/><W76/><G73/><T130/><D109/><U26/><E26/><V80/><F83/><W91/><G106/><T58/><D58/><U28/><E28/><N who="2" m="17415" /><F1/><W101/><G101/><T74/><D74/><U127/><E127/><V118/><F0/><W29/><G98/><T54/><D130/><U84/><E84/><V64/><F118/><W42/><G30/><AGARI ba="0,0" hai="21,22,23,25,30,56,62,64,79,80,85" m="17415" machi="30" ten="30,1000,0" yaku="8,1" doraHai="87" who="2" fromWho="3" sc="240,0,170,0,340,10,250,-10" />
</Scene>
<Scene>
<INIT seed="2,0,0,2,3,134" ten="240,170,350,240" oya="2" hai0="7,15,126,97,45,123,14,67,19,32,93,116,104" hai1="48,78,132,9,102,22,33,124,1,121,28,52,76" hai2="63,129,122,118,4,110,21,24,47,11,105,115,94" hai3="59,0,84,81,38,53,17,20,109,57,103,111,2"/><V42/><F122/><W69/><G38/><T101/><D123/><U44/><E121/><V133/><F118/><W46/><G69/><T74/><D32/><U77/><E132/><V73/><F105/><W31/><G103/><T89/><D74/><U127/><E33/><V71/><F73/><W65/><G31/><T85/><D116/><U58/><E102/><V112/><F133/><W30/><G30/><T68/><D126/><N who="1" m="48171" /><E28/><V5/><F5/><W36/><G65/><T86/><D15/><U26/><E26/><V18/><F129/><W125/><G59/><T106/><D14/><U51/><E22/><V34/><F34/><W56/><G57/><T64/><D101/><U3/><E9/><V60/><F11/><W8/><G8/><T37/><D106/><U90/><E90/><V87/><F21/><W95/><G95/><T91/><D93/><U40/><AGARI ba="0,0" hai="1,3,40,44,48,51,52,58,76,77,78" m="48171" machi="40" ten="30,8000,1" yaku="18,1,52,3,54,1" doraHai="134" who="1" fromWho="1" sc="240,-20,170,80,350,-40,240,-20" />
</Scene>
<Scene>
<INIT seed="3,0,0,2,3,58" ten="220,250,310,220" oya="3" hai0="63,46,129,9,2,26,118,85,47,121,73,98,126" hai1="62,17,41,127,0,76,6,16,79,95,106,108,24" hai2="99,93,22,86,59,68,40,128,75,49,111,105,125" hai3="107,48,88,60,18,71,134,81,123,77,64,52,110"/><W21/><G107/><T69/><D121/><U19/><E106/><V32/><F32/><W3/><G3/><T55/><D118/><U80/><E127/><V14/><F68/><W131/><G123/><T96/><D73/><U28/><E41/><V135/><F75/><W15/><G134/><T84/><D126/><U39/><E39/><V97/><F125/><W33/><G33/><T1/><D129/><U120/><E120/><V132/><F128/><W113/><G131/><T45/><D26/><U61/><E0/><V5/><F111/><W27/><G110/><T42/><D42/><U122/><E6/><V37/><F37/><W51/><G113/><T90/><D85/><N who="1" m="48263" /><E108/><V112/><F112/><W7/><G7/><T117/><D117/><U29/><E79/><V100/><F86/><W89/><G27/><T34/><D34/><U116/><E116/><V67/><F40/><W87/><G51/><T104/><D9/><U35/><E35/><V109/><F109/><W72/><G72/><T124/><D124/><U36/><E36/><V50/><F135/><W10/><G10/><T119/><D119/><U114/><E114/><V103/><F132/><W101/><G101/><T44/><D104/><U83/><E83/><V57/><F5/><W23/><G23/><T56/><D1/><U78/><E78/><V94/><F105/><W82/><G82/><T65/><N who="0" m="11264" /><DORA hai="31" /><T12/><D2/><U130/><E130/><V4/><F4/><W54/><REACH who="3" step="1"/><G48/><REACH who="3" ten="220,250,310,210" step="2"/><N who="0" m="30823" /><D12/><U92/><E122/><V70/><F14/><W30/><G30/><N who="1" m="11882" /><E24/><V102/><F22/><W25/><G25/><RYUUKYOKU ba="0,1" sc="220,10,250,10,310,-30,210,10" hai0="63,65,69,84,90,96,98" hai1="16,17,19,61,62,92,95" hai3="15,18,21,52,54,60,64,71,77,81,87,88,89" />
</Scene>
<Scene>
<INIT seed="3,1,1,1,3,24" ten="230,260,280,220" oya="3" hai0="26,112,12,31,119,47,85,125,96,114,7,29,32" hai1="37,14,48,56,108,27,130,127,42,41,82,76,28" hai2="40,128,91,36,132,33,13,121,99,124,18,83,60" hai3="53,22,16,80,74,52,70,21,115,77,10,101,97"/><W81/><G70/><T23/><D119/><U78/><E130/><V4/><F33/><W57/><G115/><N who="0" m="44075" /><D125/><U72/><E127/><V122/><F124/><W9/><G22/><T84/><D96/><U46/><E108/><V15/><F128/><W104/><G80/><T61/><D32/><U88/><E14/><V55/><F132/><W105/><G105/><T133/><D133/><U59/><E76/><V68/><F40/><W113/><G113/><T86/><D61/><U87/><E41/><V65/><F36/><W118/><G118/><T69/><D69/><U64/><E64/><V0/><F55/><W131/><G131/><T3/><D3/><U135/><E37/><V93/><F83/><W30/><G30/><N who="0" m="17759" /><D47/><U117/><E117/><V43/><F0/><W120/><G120/><T100/><D100/><U75/><E135/><V19/><F122/><W63/><REACH who="3" step="1"/><G53/><REACH who="3" ten="230,260,280,210" step="2"/><T98/><D98/><U66/><E66/><V107/><F121/><W25/><AGARI ba="1,2" hai="9,10,16,21,25,52,57,63,74,77,81,97,101,104" machi="25" ten="20,18000,2" yaku="1,1,2,1,0,1,7,1,54,2,53,1" doraHai="24" doraHaiUra="49" who="3" fromWho="3" sc="230,-61,260,-61,280,-61,210,203" />
</Scene>
<Scene>
<INIT seed="3,2,0,5,0,48" ten="169,199,219,413" oya="3" hai0="89,133,118,33,60,52,97,66,8,98,38,55,2" hai1="49,64,43,129,79,47,13,19,130,105,116,127,92" hai2="10,73,51,86,85,124,119,109,53,59,46,57,126" hai3="41,18,82,54,111,90,121,5,110,37,101,134,107"/><W67/><G121/><T65/><D118/><U42/><E116/><V114/><F119/><W75/><G67/><N who="0" m="25611" /><D33/><U27/><E105/><V31/><F114/><W11/><G134/><T50/><D38/><U84/><E64/><V39/><F73/><W36/><G18/><T69/><D69/><U115/><E115/><V58/><F109/><N who="3" m="41483" /><G101/><T99/><D2/><U62/><E62/><V40/><F31/><W123/><G107/><T81/><D133/><U4/><E127/><N who="2" m="48683" /><F10/><W104/><G104/><T21/><D8/><U131/><E42/><V95/><F95/><W6/><G123/><T128/><D128/><U135/><E135/><V44/><AGARI ba="2,0" hai="39,40,44,46,51,53,57,58,59,85,86" m="48683" machi="44" ten="40,2700,0" yaku="18,1,52,1" doraHai="48" who="2" fromWho="2" sc="169,-9,199,-9,219,33,413,-15" />
</Scene>
<Scene>
<INIT seed="4,0,0,3,4,4" ten="160,190,252,398" oya="0" hai0="107,9,15,65,120,87,89,55,119,29,97,19,100" hai1="102,114,127,71,101,134,83,95,115,128,13,2,69" hai2="60,35,39,48,18,38,7,116,40,30,1,43,122" hai3="50,5,75,33,42,41,58,11,106,90,31,86,63"/><T6/><D120/><U135/><E2/><V3/><F122/><W32/><G75/><T10/><D119/><U25/><E25/><V81/><F35/><W125/><G106/><T93/><D65/><U117/><E83/><V21/><F30/><W133/><G133/><N who="1" m="50698" /><E95/><V66/><F116/><W14/><G125/><T79/><D79/><U88/><E117/><V26/><F81/><W46/><G41/><T98/><D29/><U28/><E28/><V91/><F91/><W57/><G57/><T8/><D6/><U27/><E27/><V94/><F94/><W54/><G31/><T61/><REACH who="0" step="1"/><D97/><REACH who="0" ten="150,190,252,398" step="2"/><U124/><E124/><V34/><F66/><W76/><G76/><T44/><D44/><U104/><E127/><V49/><F7/><W56/><G58/><AGARI ba="0,1" hai="8,9,10,15,19,55,58,61,87,89,93,98,100,107" machi="58" ten="40,12000,1" yaku="1,1,52,3,53,0" doraHai="4" doraHaiUra="67" who="0" fromWho="3" sc="150,130,190,0,252,0,398,-120" />
</Scene>
<Scene>
<INIT seed="4,1,0,0,0,65" ten="280,190,252,278" oya="0" hai0="121,10,59,120,73,111,122,84,94,75,103,80,5" hai1="97,114,135,35,8,7,2,43,41,79,40,133,127" hai2="99,82,90,68,32,118,100,19,88,128,23,60,33" hai3="96,12,119,39,54,71,74,14,11,117,31,4,67"/><T46/><D111/><U77/><E35/><V34/><F128/><W63/><G74/><T62/><D46/><U70/><E97/><V131/><F131/><W129/><G129/><T72/><D94/><U109/><E109/><V108/><F108/><W86/><G39/><T132/><D103/><U101/><E101/><V98/><F118/><W81/><G54/><T112/><D112/><U38/><E38/><V18/><F82/><W61/><G96/><T130/><D132/><N who="1" m="50763" /><E127/><V116/><F116/><W93/><G93/><T87/><D130/><U69/><E114/><V37/><F37/><W107/><G107/><T30/><D30/><U125/><E125/><V24/><F18/><W0/><G0/><T49/><D49/><U48/><E48/><V92/><REACH who="2" step="1"/><F99/><REACH who="2" ten="280,190,242,278" step="2"/><W66/><G31/><T95/><D80/><U22/><E22/><V52/><F52/><W51/><G51/><T6/><D122/><U56/><E56/><V78/><F78/><AGARI ba="1,1" hai="2,7,8,40,41,43,69,70,77,78,79" m="50763" machi="78" ten="30,3900,0" yaku="20,1,52,2" doraHai="65" who="1" fromWho="2" sc="280,0,190,52,242,-42,278,0" />
</Scene>
<Scene>
<INIT seed="5,0,0,4,2,29" ten="280,242,200,278" oya="1" hai0="46,42,11,99,103,43,22,122,107,129,130,72,28" hai1="26,13,27,79,121,77,25,15,47,61,49,24,54" hai2="57,17,120,7,110,131,134,4,23,8,87,14,84" hai3="123,75,36,21,41,53,0,124,118,58,116,35,50"/><U74/><E121/><V3/><F120/><W5/><G123/><T132/><D72/><U18/><E74/><V2/><F110/><W1/><G75/><T56/><D132/><U81/><E81/><V63/><F134/><W111/><G111/><T66/><D122/><U31/><E61/><V55/><REACH who="2" step="1"/><F131/><REACH who="2" ten="280,242,190,278" step="2"/><W119/><G124/><T10/><D130/><U71/><E71/><V96/><F96/><W112/><G119/><T33/><D99/><U114/><E114/><V94/><F94/><W105/><G112/><T82/><D129/><U64/><E64/><V70/><F70/><W6/><G118/><T109/><D66/><U95/><E95/><V37/><F37/><W106/><G116/><T83/><D109/><U65/><E65/><V90/><F90/><W133/><G133/><T113/><D113/><U127/><E127/><V9/><AGARI ba="0,1" hai="2,3,4,7,8,9,14,17,23,55,57,63,84,87" machi="9" ten="30,7900,0" yaku="1,1,0,1,9,1,53,1" doraHai="29" doraHaiUra="52" who="2" fromWho="2" sc="280,-20,242,-39,190,89,278,-20" />
</Scene>
<Scene>
<INIT seed="6,0,0,3,5,123" ten="260,203,279,258" oya="2" hai0="70,103,76,40,125,15,102,92,60,83,23,113,38" hai1="106,59,31,73,3,124,1,26,35,34,63,84,66" hai2="9,24,42,0,2,129,101,57,17,4,109,122,16" hai3="18,135,64,87,82,95,110,121,33,128,112,41,67"/><V90/><F122/><W20/><G121/><T131/><D113/><U13/><E124/><V12/><F101/><W91/><G33/><T32/><D32/><U30/><E73/><V65/><F42/><W14/><G128/><T69/><D125/><U116/><E116/><V29/><F90/><W58/><G135/><T94/><D15/><U74/><E74/><V44/><F44/><W43/><G112/><T86/><D23/><U100/><E84/><V96/><F96/><N who="3" m="57471" /><G110/><T120/><D94/><U119/><E119/><V47/><F47/><W8/><G8/><T134/><D92/><U107/><E13/><N who="2" m="5287" /><F57/><W62/><G67/><T68/><D70/><U115/><E115/><V117/><F65/><W10/><G10/><T19/><D69/><U77/><E77/><AGARI ba="0,0" hai="14,18,20,41,43,58,62,64,77,82,87" m="57471" machi="77" ten="30,1000,0" yaku="8,1" doraHai="123" who="3" fromWho="1" sc="260,0,203,-10,279,0,258,10" />
</Scene>
<Scene>
<INIT seed="7,0,0,3,0,26" ten="260,193,279,268" oya="3" hai0="61,104,124,43,94,127,54,3,51,101,111,114,103" hai1="118,19,27,106,116,55,75,112,77,25,5,134,90" hai2="42,86,108,70,117,109,53,96,72,82,40,1,12" hai3="37,73,57,50,100,14,119,23,71,9,63,4,0"/><W29/><G119/><N who="1" m="45610" /><E106/><V95/><F1/><W78/><G37/><T80/><D104/><U36/><E36/><V7/><F72/><W44/><G71/><T49/><D3/><U20/><E134/><V21/><F70/><W28/><G100/><T128/><D111/><U120/><E120/><V18/><F117/><W99/><G99/><T69/><D128/><U62/><E112/><V15/><F108/><W48/><G48/><T126/><D114/><U45/><E5/><V38/><F38/><W22/><G73/><T135/><D135/><U89/><E27/><V121/><F109/><W11/><G78/><T131/><D131/><U92/><E92/><V97/><F121/><W115/><G115/><T2/><D2/><U87/><E75/><V30/><F95/><W64/><G0/><T91/><D80/><N who="1" m="47503" /><E62/><V10/><F96/><W39/><G39/><T129/><D129/><U83/><E83/><V93/><F93/><W133/><G133/><T76/><D76/><U17/><E19/><V47/><F97/><W8/><G4/><T31/><D103/><U65/><E65/><V81/><F81/><W110/><G110/><T130/><D101/><U67/><E67/><V16/><F7/><W68/><G68/><T125/><D130/><U98/><E98/><V56/><F82/><W66/><G66/><T34/><D69/><U60/><E60/><N who="2" m="35855" /><F86/><W6/><G6/><T58/><D127/><U59/><E59/><V24/><F47/><W13/><G13/><T35/><D126/><U84/><E84/><V105/><F105/><W102/><G14/><T33/><D125/><RYUUKYOKU ba="0,0" sc="260,-15,193,15,279,15,268,-15" hai1="17,20,25,45,55,89,90" hai2="10,12,15,16,18,21,24,30,40,42" />
</Scene>
<Scene>
<INIT seed="8,1,0,4,4,65" ten="245,208,294,253" oya="0" hai0="79,76,42,23,61,83,4,34,48,116,59,16,120" hai1="9,63,111,134,73,33,3,44,64,74,80,85,40" hai2="109,93,101,18,24,36,54,100,66,43,128,12,15" hai3="75,104,99,126,41,62,67,130,108,91,17,129,50"/><T70/><D34/><U22/><E33/><V0/><F0/><W28/><G108/><T118/><D120/><U124/><E111/><V97/><F109/><W37/><G75/><T113/><D113/><U71/><E134/><V131/><F66/><W51/><G28/><T27/><D4/><U25/><E124/><V132/><F132/><W106/><G126/><T122/><D122/><U115/><E115/><V89/><F24/><W102/><G106/><T47/><D70/><U88/><E9/><N who="2" m="6415" /><F15/><W49/><G91/><T90/><D90/><U45/><E3/><V112/><F112/><W56/><G17/><T107/><D107/><U11/><E11/><V57/><F36/><W68/><REACH who="3" step="1"/><G56/><REACH who="3" ten="245,208,294,243" step="2"/><T72/><REACH who="0" step="1"/><D79/><REACH who="0" ten="235,208,294,243" step="2"/><U95/><E95/><V98/><F89/><W105/><G105/><T39/><D39/><U110/><E110/><V60/><F93/><W94/><G94/><T7/><D7/><U14/><E14/><V86/><F128/><W8/><G8/><T117/><D117/><U46/><REACH who="1" step="1"/><E40/><REACH who="1" ten="235,198,294,243" step="2"/><V29/><F43/><W123/><G123/><T81/><D81/><U92/><E92/><V96/><F131/><W82/><G82/><T21/><D21/><U26/><E26/><V114/><F114/><W10/><G10/><T78/><D78/><U38/><E38/><V1/><F1/><W87/><G87/><T6/><D6/><U53/><E53/><AGARI ba="1,3" hai="16,23,27,42,47,48,53,59,61,72,76,83,116,118" machi="53" ten="40,3900,0" yaku="1,1,54,1,53,0" doraHai="65" doraHaiUra="84" who="0" fromWho="1" sc="235,72,198,-42,294,0,243,0" owari="307,41.0,156,-34.0,294,9.0,243,-16.0" />
</Scene>
</mjloggm>