<mjloggm ver="2.3"><GO type="169"/><UN n0="%50%6F%6E%74%61" n1="%E5%A4%AA%E3%81%8F%E3%81%AA%E3%81%84%E3%81%8A" n2="%E3%82%82%E3%81%A3%E3%81%97%E3%83%BC" n3="%E5%9F%BA%E7%A4%8E%E8%AB%96" dan="16,18,17,16" rate="2073,2191,2143,2043" sx="M,M,M,M"/><TAIKYOKU oya="0"/>

<Scene>
<INIT seed="0,0,0,3,0,37" ten="250,250,250,250" oya="0" hai0="95,132,32,33,45,107,51,90,79,18,134,48,19" hai1="124,72,54,131,40,52,103,63,100,3,41,29,119" hai2="126,55,13,121,118,61,2,6,127,22,105,74,24" hai3="23,28,25,135,110,64,10,62,4,26,120,76,36"/><T49/><D107/><U14/><E119/><V5/><F74/><W91/><G110/><T93/><D79/><U111/><E3/><V66/><F105/><W34/><G135/><N who="0" m="51755" /><D45/><U92/><E72/><V128/><F121/><W102/><G120/><T94/><D90/><U20/><E111/><V67/><F2/><W43/><G76/><T87/><D87/><U31/><E124/><N who="2" m="47659" /><F128/><W101/><G91/><T82/><D82/><U115/><E131/><V106/><F106/><W99/><G99/><T39/><D39/><U16/><E115/><V89/><F118/><W57/><G36/><T58/><D58/><N who="1" m="35271" /><E54/><V73/><F73/><W112/><G112/><T133/><D133/><U104/><E104/><V53/><F89/><W56/><G56/><T83/><D83/><U0/><E0/><V46/><F46/><W113/><G113/><T116/><D116/><U11/><E11/><N who="2" m="4335" /><F6/><W129/><G129/><T69/><D69/><U123/><E123/><V15/><F15/><W75/><G75/><T38/><D38/><U70/><E70/><N who="2" m="42319" /><F67/><W96/><G102/><N who="1" m="38954" /><E92/><V35/><F35/><AGARI ba="0,0" hai="18,19,32,33,35,48,49,51,93,94,95" m="51755" machi="35" ten="40,7700,0" yaku="28,2,20,1" doraHai="37" who="0" fromWho="2" sc="250,77,250,0,250,-77,250,0" />
</Scene>
<Scene>
<INIT seed="0,1,0,1,2,121" ten="327,250,173,250" oya="0" hai0="87,117,42,30,64,1,81,6,31,62,120,80,101" hai1="35,76,93,66,114,8,77,102,47,115,5,126,0" hai2="89,11,107,100,134,135,3,118,103,52,110,127,79" hai3="60,129,105,55,98,69,97,43,83,132,73,122,88"/><T111/><D120/><U38/><E35/><V82/><F118/><W50/><G122/><T15/><D117/><U72/><E126/><V4/><F127/><W9/><G129/><T12/><D81/><N who="1" m="45191" /><E66/><V109/><F89/><W18/><G132/><N who="2" m="50729" /><F52/><W49/><G105/><T27/><D42/><N who="1" m="22999" /><E77/><V123/><F123/><W57/><G73/><T61/><D31/><U45/><E45/><V112/><F112/><W28/><G28/><T70/><D62/><U22/><E22/><V53/><F53/><W25/><G69/><T131/><D131/><U133/><E133/><V74/><F103/><W32/><G32/><T44/><D44/><U85/><E102/><V17/><F17/><W96/><G43/><T37/><D101/><U99/><E99/><AGARI ba="1,0" hai="3,4,11,74,79,82,99,100,107,109,110" m="50729" machi="99" ten="30,7700,0" yaku="20,1,23,1,52,2" doraHai="121" who="2" fromWho="1" sc="327,0,250,-80,173,80,250,0" />
</Scene>
<Scene>
<INIT seed="1,0,0,0,3,40" ten="327,170,253,250" oya="1" hai0="118,49,106,50,28,111,20,22,102,37,61,12,120" hai1="47,92,127,46,41,58,134,76,13,2,131,48,129" hai2="95,94,96,79,75,112,45,82,29,77,18,72,123" hai3="84,114,87,109,78,3,62,135,107,70,100,57,85"/><U21/><E2/><V105/><F29/><W54/><G3/><T89/><D118/><U43/><E127/><V9/><F123/><W133/><G114/><T4/><D120/><U59/><E134/><V73/><F9/><W33/><G33/><T6/><D111/><U52/><E76/><N who="2" m="44295" /><F18/><W35/><G35/><T14/><D37/><N who="1" m="21807" /><E92/><N who="2" m="35371" /><F45/><W124/><G109/><T132/><D132/><N who="3" m="50761" /><G124/><T7/><D61/><N who="1" m="36039" /><E13/><V68/><F68/><W98/><G70/><T51/><D28/><U74/><E21/><V32/><F112/><W80/><AGARI ba="0,0" hai="54,57,62,78,80,84,85,87,98,100,107" m="50761" machi="80" ten="30,1100,0" yaku="20,1" doraHai="40" who="3" fromWho="3" sc="327,-3,170,-5,253,-3,250,11" />
</Scene>
<Scene>
<INIT seed="2,0,0,0,1,67" ten="324,165,250,261" oya="2" hai0="41,102,84,49,80,106,94,61,95,93,126,40,53" hai1="30,111,104,14,33,92,55,4,66,90,21,44,47" hai2="69,132,52,3,22,32,113,78,81,135,56,89,27" hai3="79,50,24,96,5,123,97,8,114,31,86,18,54"/><V98/><F113/><W6/><G123/><T25/><D126/><U11/><E104/><V117/><F117/><W101/><G114/><T76/><D61/><U77/><E111/><V125/><F3/><W34/><G18/><T107/><D107/><U57/><E33/><V100/><F32/><W121/><G121/><T68/><D68/><U122/><E77/><V37/><F37/><W103/><G97/><T70/><D70/><U46/><E122/><V108/><F125/><W115/><G115/><T20/><D106/><U29/><E66/><V73/><F69/><W36/><G36/><T128/><D102/><U38/><E38/><V105/><F108/><W48/><G48/><T43/><D128/><U13/><E13/><V74/><F89/><W7/><G96/><T64/><D64/><U127/><E127/><V12/><F12/><W87/><G8/><T71/><D71/><U19/><E4/><V9/><F9/><W63/><G63/><T10/><D10/><U15/><E15/><V118/><F73/><W83/><REACH who="3" step="1"/><G86/><REACH who="3" ten="324,165,250,251" step="2"/><T119/><D119/><U60/><REACH who="1" step="1"/><E11/><REACH who="1" ten="324,155,250,251" step="2"/><V124/><F124/><W65/><G65/><T88/><D76/><U39/><E39/><V58/><F118/><W109/><G109/><T28/><REACH who="0" step="1"/><D40/><REACH who="0" ten="314,155,250,251" step="2"/><U85/><AGARI ba="0,3" hai="14,19,21,29,30,44,46,47,55,57,60,85,90,92" machi="85" ten="30,4000,0" yaku="1,1,0,1,8,1,53,0" doraHai="67" doraHaiUra="133" who="1" fromWho="1" sc="314,-10,155,70,250,-20,251,-10" />
</Scene>
<Scene>
<INIT seed="3,0,0,4,2,102" ten="304,225,230,241" oya="3" hai0="44,91,36,108,29,16,28,68,112,132,96,15,14" hai1="0,52,62,50,1,86,73,70,75,18,123,85,110" hai2="98,19,27,5,79,92,83,99,65,43,109,125,21" hai3="80,56,100,10,81,41,33,11,30,114,58,17,35"/><W78/><G114/><T64/><D112/><U117/><E123/><V8/><F109/><W104/><G41/><T3/><D3/><U74/><E110/><V127/><F43/><W25/><G35/><T77/><D108/><U4/><E117/><V126/><F65/><W20/><G58/><T22/><D132/><U95/><E18/><V53/><F53/><W7/><G56/><T101/><D77/><U38/><E38/><V71/><F71/><W6/><G11/><T94/><D36/><U32/><E32/><V9/><F92/><W122/><G122/><T23/><D44/><U115/><E115/><V121/><F121/><W67/><G67/><T59/><D68/><U135/><E135/><V113/><F113/><W120/><G120/><T72/><D72/><U60/><E70/><V133/><F133/><W57/><G57/><T89/><D29/><U128/><E128/><V34/><F34/><W63/><G63/><N who="0" m="38015" /><D15/><U124/><E74/><N who="2" m="43511" /><F8/><W48/><G48/><T13/><D13/><AGARI ba="0,0" hai="5,9,13,19,21,27,98,99,125,126,127" m="43511" machi="13" ten="30,1000,0" yaku="18,1" doraHai="102" who="2" fromWho="0" sc="304,-10,225,0,230,10,241,0" />
</Scene>
<Scene>
<INIT seed="4,0,0,3,1,18" ten="294,225,240,241" oya="0" hai0="85,7,37,80,110,88,33,113,27,59,28,90,123" hai1="116,50,10,126,114,38,58,131,66,5,119,0,23" hai2="39,11,75,125,82,3,133,132,64,127,19,69,63" hai3="51,42,91,115,99,61,1,32,121,77,92,56,109"/><T84/><D123/><U120/><E120/><V105/><F105/><W34/><G121/><T12/><D37/><U24/><E38/><V102/><F102/><W79/><G109/><T15/><D110/><U78/><E126/><N who="2" m="48139" /><F39/><W101/><G1/><T104/><D113/><U97/><E131/><V43/><F43/><W108/><G108/><T107/><D59/><U65/><E78/><N who="2" m="44383" /><F19/><W87/><G115/><T20/><D7/><AGARI ba="0,0" hai="3,7,11,63,64,69,132,133" m="44383,48139" machi="7" ten="30,2000,0" yaku="18,1,23,1" doraHai="18" who="2" fromWho="0" sc="294,-20,225,0,240,20,241,0" />
</Scene>
<Scene>
<INIT seed="5,0,0,3,0,57" ten="274,225,260,241" oya="1" hai0="134,16,118,106,98,19,102,23,119,47,86,116,133" hai1="56,5,75,1,94,90,58,82,81,55,45,115,21" hai2="93,72,129,107,87,43,38,49,54,69,22,108,39" hai3="29,20,30,61,68,95,26,70,37,66,46,92,114"/><U11/><E115/><V122/><F108/><W71/><G114/><T2/><D2/><U91/><E45/><V125/><F122/><W110/><G110/><T96/><D86/><U24/><E58/><V53/><F107/><W80/><G30/><T126/><D126/><U7/><E7/><V14/><F72/><W132/><G132/><N who="0" m="50795" /><D98/><U31/><E75/><V42/><F125/><W27/><G27/><N who="0" m="14823" /><D19/><U88/><REACH who="1" step="1"/><E94/><REACH who="1" ten="274,215,260,241" step="2"/><V100/><F93/><W6/><G6/><T117/><D117/><U65/><E65/><V84/><F69/><W99/><G92/><T130/><D47/><U25/><E25/><V77/><F39/><W120/><G46/><T73/><D73/><U127/><E127/><V83/><F38/><W50/><G37/><T35/><D130/><U0/><E0/><V85/><F129/><W121/><G70/><T113/><D113/><U51/><AGARI ba="0,1" hai="1,5,11,21,24,31,51,55,56,81,82,88,90,91" machi="51" ten="30,6000,0" yaku="1,1,0,1,54,1,53,0" doraHai="57" doraHaiUra="128" who="1" fromWho="1" sc="274,-20,215,70,260,-20,241,-20" />
</Scene>
<Scene>
<INIT seed="5,1,0,5,2,18" ten="254,285,240,221" oya="1" hai0="61,63,107,42,12,80,21,119,89,62,109,67,8" hai1="75,132,10,34,100,40,9,88,4,24,95,82,7" hai2="71,43,85,87,83,92,94,35,64,131,58,84,72" hai3="3,26,54,110,111,60,31,6,14,41,28,77,0"/><U98/><E132/><V59/><F35/><W39/><G77/><T33/><D33/><U113/><E113/><V114/><F114/><W66/><G54/><T115/><D115/><U69/><E69/><V126/><F43/><W122/><G41/><T70/><D109/><U99/><E40/><V108/><F108/><N who="3" m="41515" /><G60/><T57/><D119/><U134/><E134/><V16/><F131/><W76/><G76/><T127/><D107/><U20/><E34/><V56/><F126/><W32/><G66/><T68/><D127/><U19/><E75/><V106/><F106/><W29/><G39/><T25/><D42/><U96/><E82/><V55/><F72/><W117/><G122/><T11/><D70/><U129/><E129/><V116/><F116/><W65/><G65/><T50/><D50/><U128/><E128/><V101/><F71/><W22/><G117/><T135/><D135/><U27/><E27/><V91/><F64/><W52/><G52/><T74/><D74/><U78/><E78/><V46/><F101/><W5/><G32/><T36/><D36/><U2/><REACH who="1" step="1"/><E100/><REACH who="1" ten="254,275,240,221" step="2"/><V123/><F83/><W102/><G102/><T121/><D68/><U103/><E103/><V51/><F91/><W97/><G97/><T23/><D89/><U133/><E133/><V30/><F123/><W13/><G29/><N who="0" m="17583" /><D80/><U45/><E45/><V79/><F30/><W49/><G31/><T37/><D121/><U125/><E125/><V73/><F73/><W15/><G49/><T105/><D37/><U90/><E90/><V47/><F79/><W44/><G44/><T112/><D112/><RYUUKYOKU ba="1,1" sc="254,-15,275,15,240,-15,221,15" hai1="2,4,7,9,10,19,20,24,88,95,96,98,99" hai3="0,3,5,6,13,14,15,22,26,28" />
</Scene>
<Scene>
<INIT seed="5,2,1,0,3,56" ten="239,290,225,236" oya="1" hai0="64,111,112,14,108,31,53,35,46,21,116,24,96" hai1="59,106,72,83,76,86,5,82,118,69,6,105,126" hai2="4,100,90,84,131,113,40,50,130,38,22,99,11" hai3="122,89,16,27,37,133,101,115,62,20,109,129,125"/><U71/><E118/><V1/><F38/><W29/><G122/><T7/><D116/><U127/><E59/><V135/><F135/><W12/><G109/><T18/><D112/><U28/><E28/><V47/><F22/><W80/><G37/><T25/><D64/><U121/><E121/><V61/><F113/><W39/><G39/><T85/><D96/><U36/><E36/><V60/><F131/><W134/><G115/><T19/><D85/><U79/><REACH who="1" step="1"/><E86/><REACH who="1" ten="239,280,225,236" step="2"/><V55/><F130/><W120/><G129/><T0/><D46/><U97/><E97/><V132/><F132/><W93/><G120/><T13/><D108/><U95/><E95/><V66/><F66/><W3/><G29/><T52/><D111/><U98/><E98/><V107/><REACH who="2" step="1"/><F40/><REACH who="2" ten="239,280,215,236" step="2"/><W128/><G128/><T88/><D35/><U33/><E33/><V92/><AGARI ba="2,3" hai="1,4,11,47,50,55,60,61,84,90,92,99,100,107" machi="92" ten="20,12000,2" yaku="1,1,2,1,0,1,7,1,52,2,53,1" doraHai="56" doraHaiUra="91" who="2" fromWho="2" sc="239,-32,280,-62,215,156,236,-32" />
</Scene>
<Scene>
<INIT seed="6,0,0,3,1,71" ten="207,218,371,204" oya="2" hai0="31,46,89,21,43,105,107,128,44,35,106,45,77" hai1="58,113,129,127,131,111,134,38,28,56,76,88,10" hai2="92,114,29,79,98,117,22,36,81,26,61,75,57" hai3="33,32,54,101,74,104,109,2,115,15,30,122,68"/><V70/><F117/><W34/><G2/><T27/><D128/><N who="1" m="49227" /><E111/><V95/><F114/><W59/><G122/><T126/><D126/><U112/><E127/><V90/><F70/><W84/><G109/><T5/><D77/><U51/><E134/><V78/><F78/><W110/><G110/><T12/><D89/><U125/><E125/><V99/><F36/><W64/><G74/><T48/><D5/><U102/><E102/><V53/><F95/><W7/><G84/><AGARI ba="0,0" hai="22,26,29,53,57,61,75,79,81,84,90,92,98,99" machi="84" ten="30,1500,0" yaku="7,1" doraHai="71" who="2" fromWho="3" sc="207,0,218,0,371,15,204,-15" />
</Scene>
<Scene>
<INIT seed="6,1,0,4,4,50" ten="207,218,386,189" oya="2" hai0="121,4,95,91,33,19,25,56,55,8,129,16,21" hai1="101,36,53,94,72,87,26,73,51,85,115,61,120" hai2="64,65,29,6,7,135,9,79,41,89,2,62,83" hai3="128,126,123,107,54,106,112,119,108,98,14,32,97"/><V75/><F135/><W52/><G119/><T74/><D74/><U69/><E36/><V122/><F122/><W23/><G108/><T134/><D134/><U37/><E37/><V59/><F7/><W113/><G123/><T70/><D121/><U31/><E120/><V47/><F29/><W86/><G32/><T35/><D70/><U42/><E115/><N who="3" m="44106" /><G128/><T80/><D80/><U43/><E73/><V18/><F18/><N who="3" m="10711" /><G126/><T10/><D19/><U92/><E72/><V12/><F89/><W46/><G86/><T38/><D129/><U109/><E85/><V34/><F34/><W22/><G22/><T15/><D10/><U105/><E87/><V88/><F88/><W48/><G54/><T49/><D38/><U30/><E109/><V3/><F65/><W99/><AGARI ba="1,0" hai="46,48,52,97,98,99,106,107" m="10711,44106" machi="99" ten="30,7900,0" yaku="15,1,11,1,52,1,54,1" doraHai="50" who="3" fromWho="3" sc="207,-21,218,-21,386,-40,189,82" />
</Scene>
<Scene>
<INIT seed="7,0,0,3,3,116" ten="186,197,346,271" oya="3" hai0="63,18,20,26,22,131,121,122,69,114,25,64,21" hai1="29,107,101,6,105,90,96,109,3,60,7,81,71" hai2="74,80,1,133,38,59,125,110,100,72,15,55,57" hai3="126,36,48,46,79,37,97,12,40,34,14,47,43"/><W124/><G34/><T30/><D131/><U103/><E109/><V17/><F110/><W118/><G79/><T99/><D114/><U5/><E29/><V93/><F1/><W27/><G27/><T87/><D87/><U84/><E3/><V123/><F38/><N who="3" m="14955" /><G97/><T119/><D119/><U106/><REACH who="1" step="1"/><E96/><REACH who="1" ten="186,187,346,271" step="2"/><V115/><F115/><W91/><G118/><T10/><D99/><U86/><E86/><V130/><F74/><W128/><G128/><T51/><D22/><U52/><E52/><V132/><F72/><W78/><G78/><T98/><D98/><U53/><E53/><V65/><F130/><W19/><G91/><T0/><REACH who="0" step="1"/><D51/><REACH who="0" ten="176,187,346,271" step="2"/><U42/><E42/><V73/><F73/><W111/><G48/><T127/><D127/><U88/><E88/><V113/><F125/><W8/><G124/><T89/><D89/><U35/><E35/><V92/><F113/><W117/><G126/><T67/><D67/><AGARI ba="0,2" hai="5,6,7,60,67,71,81,84,90,101,103,105,106,107" machi="67" ten="50,8000,1" yaku="1,1,53,3" doraHai="116" doraHaiUra="2" who="1" fromWho="0" sc="176,-80,187,100,346,0,271,0" owari="96,-40.0,287,9.0,346,44.0,271,-13.0" />
</Scene>
</mjloggm>