<mjloggm ver="2.3"><GO type="41"/><UN n0="%E3%82%86%E3%81%8B%E3%81%93%E3%81%8D" n1="%E3%83%AD%E3%83%BC%E3%82%B9%E3%83%88%E3%83%81%E3%82%AD%E3%83%B3" n2="%E5%A4%AA%E3%81%8F%E3%81%AA%E3%81%84%E3%81%8A" n3="%E6%9D%B1%E9%9B%B2%E7%9A%90%E6%9C%88" dan="15,13,15,15" rate="1998,1853,2052,2022" sx="F,M,M,F"/><TAIKYOKU oya="0"/>

<Scene>
<INIT seed="0,0,0,5,3,30" ten="250,250,250,250" oya="0" hai0="128,87,110,38,50,26,60,111,86,15,103,57,92" hai1="116,53,36,83,48,70,49,104,117,77,73,68,61" hai2="41,56,75,7,107,85,81,100,132,55,46,17,13" hai3="97,10,74,124,32,58,34,91,69,79,130,12,88"/><T40/><D38/><U101/><E49/><V39/><F75/><W112/><G69/><T45/><D128/><U64/><E48/><V5/><F132/><W134/><G112/><T122/><D122/><U27/><E53/><V98/><F56/><W135/><G130/><T31/><D15/><U42/><E27/><V33/><F55/><W99/><G58/><T37/><D103/><U28/><E28/><V9/><REACH who="2" step="1"/><F33/><REACH who="2" ten="250,250,240,250" step="2"/><W65/><G65/><T114/><D114/><U1/><E70/><V0/><F0/><W11/><G74/><T71/><D71/><U4/><E1/><V67/><F67/><W35/><G124/><T76/><D37/><U113/><E113/><V19/><F19/><W66/><G66/><T109/><D57/><U131/><E131/><V120/><F120/><W6/><G10/><T22/><D60/><U29/><E61/><V2/><F2/><W52/><G52/><T47/><D47/><U25/><E64/><V43/><F43/><W121/><G121/><T133/><D133/><N who="3" m="50697" /><G79/><AGARI ba="0,1" hai="5,7,9,13,17,39,41,46,79,81,85,98,100,107" machi="79" ten="30,2000,0" yaku="1,1,7,1,53,0" doraHai="30" doraHaiUra="115" who="2" fromWho="3" sc="250,0,250,0,240,30,250,-20" />
</Scene>
<Scene>
<INIT seed="1,0,0,3,1,97" ten="250,250,270,230" oya="1" hai0="81,44,14,51,13,26,34,10,80,72,91,28,104" hai1="75,5,18,111,1,7,17,128,135,3,23,93,119" hai2="52,100,73,124,37,96,77,127,99,98,125,45,71" hai3="115,50,108,88,94,133,41,47,2,129,117,29,31"/><U130/><E75/><V86/><F71/><W76/><G115/><T79/><D104/><U19/><E93/><N who="2" m="58383" /><F73/><W35/><G108/><T9/><D9/><U84/><E84/><V64/><F64/><W56/><G133/><T112/><D112/><U110/><E135/><V24/><F24/><W63/><G129/><N who="1" m="49770" /><E119/><V116/><F116/><W102/><G2/><N who="1" m="522" /><E23/><V85/><F37/><W11/><G11/><T122/><D122/><U54/><E54/><V12/><F86/><N who="3" m="52503" /><G35/><T101/><D101/><U53/><E53/><V60/><F85/><W58/><G76/><T83/><D91/><U131/><N who="1" m="49778" /><U27/><DORA hai="113" /><E27/><V103/><F103/><W68/><G68/><T42/><REACH who="0" step="1"/><D14/><REACH who="0" ten="240,250,270,230" step="2"/><U87/><E87/><V61/><F12/><W118/><G102/><T48/><D48/><U59/><E59/><V57/><F57/><W16/><G56/><T70/><D70/><U0/><E0/><V40/><F125/><W33/><G117/><T89/><D89/><U22/><E22/><V95/><F124/><W82/><G118/><T90/><D90/><U105/><E105/><V121/><F127/><W38/><G38/><T62/><D62/><U120/><E120/><V46/><F61/><W15/><G58/><T8/><D8/><U49/><E49/><V109/><F60/><W30/><G63/><T65/><D65/><U20/><E20/><V132/><F121/><W25/><G33/><T74/><D74/><U32/><E32/><V126/><F126/><W43/><G50/><T114/><D114/><U66/><E66/><V106/><F106/><W39/><G39/><RYUUKYOKU ba="0,1" sc="240,15,250,15,270,-15,230,-15" hai0="10,13,26,28,34,42,44,51,72,79,80,81,83" hai1="5,7,17,18,19,110,111" />
</Scene>
<Scene>
<INIT seed="1,1,1,4,5,110" ten="255,265,255,215" oya="1" hai0="65,100,122,113,79,115,38,43,34,131,93,59,8" hai1="30,91,71,67,116,84,104,117,78,42,77,135,130" hai2="50,111,108,21,96,128,74,54,107,105,45,13,70" hai3="88,126,31,132,5,55,48,106,133,60,23,80,98"/><U47/><E104/><V64/><F74/><W103/><G5/><T81/><D34/><U52/><E67/><V120/><F120/><W97/><G60/><T68/><D68/><U92/><E71/><V22/><F128/><W11/><G11/><T39/><D122/><U124/><E130/><V28/><F28/><W121/><G121/><T1/><D131/><U14/><E30/><V24/><F13/><W66/><G66/><T125/><D125/><U12/><E124/><V82/><F82/><W69/><G69/><T118/><D118/><U44/><E135/><N who="3" m="51786" /><G126/><T36/><D93/><U90/><E92/><V85/><F64/><W112/><G31/><T37/><D100/><U58/><E84/><V83/><F70/><W29/><G29/><T72/><D59/><U109/><E109/><N who="2" m="42059" /><F96/><W7/><G7/><N who="0" m="1135" /><D65/><U9/><E9/><V94/><F94/><N who="3" m="56519" /><G98/><T123/><D123/><U99/><E99/><V102/><F102/><W119/><G119/><T15/><D15/><U134/><E134/><V25/><F105/><W63/><G80/><T26/><D26/><N who="2" m="10346" /><F107/><W2/><G103/><T18/><D18/><U89/><E116/><V76/><AGARI ba="1,1" hai="21,22,45,50,54,76,83,85" m="10346,42059" machi="76" ten="30,1100,0" yaku="14,1" doraHai="110" who="2" fromWho="2" sc="255,-4,265,-6,255,24,215,-4" />
</Scene>
<Scene>
<INIT seed="2,0,0,2,5,115" ten="251,259,279,211" oya="2" hai0="21,90,71,48,111,107,86,121,68,98,104,72,95" hai1="73,42,36,94,1,128,74,85,14,105,124,54,57" hai2="46,125,129,77,20,13,38,64,55,11,47,58,9" hai3="62,80,25,65,118,6,135,3,102,26,44,56,49"/><V116/><F125/><W132/><G102/><T134/><D121/><U84/><E105/><V78/><F129/><W88/><G6/><T89/><D134/><N who="3" m="51241" /><G3/><T8/><D111/><U101/><E1/><V39/><F64/><W0/><G0/><T35/><D35/><U123/><E124/><V7/><F39/><W17/><G17/><T81/><D72/><U76/><E128/><V130/><F130/><W119/><G25/><T117/><D117/><N who="3" m="44553" /><G26/><T112/><D112/><U27/><E123/><V40/><F116/><W30/><G30/><T4/><D21/><U28/><E14/><V32/><F32/><W43/><G80/><T19/><D19/><U100/><E27/><V110/><F110/><W53/><G88/><T93/><D48/><U82/><E28/><V2/><F20/><W99/><G99/><T61/><D61/><U59/><E74/><V87/><F2/><W33/><G33/><T114/><D114/><U67/><E73/><V15/><F87/><W109/><G109/><T60/><D60/><U29/><E29/><V45/><F78/><W52/><AGARI ba="0,0" hai="43,44,49,52,53,56,62,65" m="44553,51241" machi="52" ten="40,12000,2" yaku="20,1,34,2,52,3,54,1" doraHai="115" who="3" fromWho="3" sc="251,-30,259,-30,279,-60,211,120" />
</Scene>
<Scene>
<INIT seed="3,0,0,3,1,44" ten="221,229,219,331" oya="3" hai0="78,103,8,100,123,109,68,61,14,71,129,65,40" hai1="41,79,125,5,74,105,119,93,60,56,10,118,24" hai2="69,110,13,128,38,133,124,75,0,127,33,52,62" hai3="47,43,11,27,22,97,9,70,99,91,63,92,37"/><W57/><G70/><T55/><D123/><U112/><E105/><V7/><RYUUKYOKU type="yao9" ba="0,0" sc="221,0,229,0,219,0,331,0" hai2="0,7,13,33,38,52,62,69,75,110,124,127,128,133" />
</Scene>
<Scene>
<INIT seed="3,1,0,5,4,96" ten="221,229,219,331" oya="3" hai0="33,130,9,112,10,8,95,70,4,39,135,124,126" hai1="91,98,81,89,127,63,80,111,110,66,65,106,113" hai2="16,55,107,116,78,7,79,15,108,30,84,1,117" hai3="129,122,40,61,23,82,54,64,69,93,13,20,58"/><W36/><G122/><T68/><D33/><U134/><E113/><V52/><F107/><W22/><G82/><T5/><D39/><U75/><E134/><V72/><F72/><W103/><G129/><T53/><D112/><U115/><E115/><V48/><F108/><W67/><G67/><T49/><D130/><U99/><E63/><V120/><F120/><W123/><G123/><T2/><D135/><U71/><E71/><V101/><F30/><W51/><G13/><T47/><D95/><U46/><E46/><V77/><F84/><W76/><G76/><T83/><D83/><U25/><E25/><V121/><F121/><W85/><G85/><T125/><REACH who="0" step="1"/><D2/><REACH who="0" ten="211,229,219,331" step="2"/><U45/><E106/><V21/><F117/><W90/><G90/><T42/><D42/><U41/><E41/><V57/><F116/><W18/><G40/><T118/><D118/><U35/><E35/><V102/><REACH who="2" step="1"/><F55/><REACH who="2" ten="211,229,209,331" step="2"/><W128/><G128/><T0/><D0/><U74/><E66/><V28/><F28/><W44/><G54/><T32/><D32/><U34/><E65/><V38/><F38/><W29/><G36/><T97/><D97/><U119/><E34/><V94/><F94/><W19/><G29/><T132/><D132/><U14/><E119/><V104/><F104/><W59/><G69/><AGARI ba="1,2" hai="4,5,8,9,10,47,49,53,68,69,70,124,125,126" machi="69" ten="50,3200,0" yaku="1,1,18,1,53,0" doraHai="96" doraHaiUra="86" who="0" fromWho="3" sc="211,55,229,0,209,0,331,-35" />
</Scene>
<Scene>
<INIT seed="4,0,0,0,3,21" ten="266,229,209,296" oya="0" hai0="129,60,122,115,33,30,84,77,10,19,102,133,101" hai1="80,126,15,78,67,56,57,45,127,91,114,135,113" hai2="6,29,117,14,63,55,16,110,12,44,89,18,70" hai3="0,53,66,88,81,62,37,54,23,87,40,75,108"/><T90/><D122/><U111/><E111/><V35/><F110/><W79/><G0/><T83/><D115/><N who="1" m="44043" /><E45/><V71/><F117/><W68/><G108/><T13/><D129/><U74/><E67/><V61/><F6/><W93/><G40/><T72/><D133/><U49/><E135/><V39/><F89/><W123/><G37/><T26/><REACH who="0" step="1"/><D60/><REACH who="0" ten="256,229,209,296" step="2"/><U41/><E126/><V100/><F61/><W116/><G123/><T96/><D96/><U22/><E127/><V4/><F63/><W3/><G116/><T47/><D47/><N who="1" m="25839" /><E91/><V112/><F44/><W7/><G7/><T97/><D97/><U99/><E99/><V8/><F4/><W43/><G3/><T32/><D32/><U11/><E22/><V1/><F35/><W82/><G23/><T58/><D58/><U24/><E57/><V120/><F120/><W105/><G62/><T134/><D134/><U52/><E56/><V98/><F112/><W20/><G20/><T38/><D38/><U25/><E52/><V28/><F55/><W106/><G53/><T103/><D103/><U17/><AGARI ba="0,1" hai="11,15,17,24,25,74,78,80" m="25839,44043" machi="17" ten="30,7900,0" yaku="15,1,11,1,52,2" doraHai="21" who="1" fromWho="1" sc="256,-39,229,89,209,-20,296,-20" />
</Scene>
<Scene>
<INIT seed="5,0,0,4,2,53" ten="217,318,189,276" oya="1" hai0="60,118,104,45,77,69,103,15,65,92,71,1,133" hai1="114,22,26,113,30,93,37,130,67,76,57,46,70" hai2="80,95,5,102,107,16,87,121,8,129,59,112,7" hai3="106,39,51,125,24,116,4,31,50,132,89,82,78"/><U9/><E70/><V126/><F121/><W74/><G132/><T0/><D118/><U119/><E76/><N who="2" m="46471" /><F107/><W73/><G116/><T19/><D104/><U62/><E119/><V111/><F111/><W100/><G39/><T20/><D133/><U56/><E9/><V58/><F129/><W109/><G109/><T25/><D77/><U131/><E93/><V36/><F36/><W3/><G125/><T28/><D71/><N who="1" m="42487" /><E46/><V42/><F42/><W90/><G74/><T135/><D135/><U52/><E37/><V2/><F2/><W12/><G3/><T49/><D103/><U41/><E41/><V21/><F112/><N who="1" m="43113" /><E52/><V96/><F126/><W68/><G68/><T6/><D6/><N who="2" m="2058" /><F8/><W14/><G4/><T99/><D99/><U79/><E79/><V43/><F43/><W63/><G78/><T35/><D92/><U34/><E34/><V115/><F115/><W124/><G106/><T127/><REACH who="0" step="1"/><D127/><REACH who="0" ten="207,318,189,276" step="2"/><U97/><E97/><V61/><F61/><W81/><G63/><T72/><D72/><U75/><E75/><V88/><F102/><W120/><G100/><T33/><D33/><U54/><E131/><V101/><F101/><W84/><G73/><T23/><D23/><U13/><E130/><V10/><F10/><W86/><G124/><T40/><AGARI ba="0,1" hai="0,1,15,19,20,25,28,35,40,45,49,60,65,69" machi="40" ten="20,2700,0" yaku="1,1,0,1,7,1,53,0" doraHai="53" doraHaiUra="117" who="0" fromWho="0" sc="207,37,318,-13,189,-7,276,-7" />
</Scene>
<Scene>
<INIT seed="6,0,0,3,2,104" ten="244,305,182,269" oya="2" hai0="7,55,45,14,105,103,56,1,123,22,50,117,94" hai1="106,99,92,70,42,52,87,38,76,114,5,11,17" hai2="131,83,80,21,54,91,61,115,128,75,39,98,29" hai3="126,71,6,73,69,15,2,3,30,63,40,74,0"/><V62/><F39/><W109/><G15/><T23/><D123/><U90/><E70/><N who="3" m="26634" /><G63/><N who="2" m="24073" /><F54/><W26/><G6/><T12/><D105/><U10/><E106/><V96/><F115/><W49/><G49/><N who="0" m="30831" /><D1/><U66/><E66/><V93/><F98/><W32/><G40/><N who="0" m="24871" /><D117/><U113/><E52/><V97/><F97/><W9/><G9/><N who="0" m="4159" /><D14/><N who="1" m="7391" /><E42/><V51/><F51/><W118/><G118/><T133/><D133/><U132/><E38/><V135/><F135/><W101/><G101/><T13/><D13/><N who="1" m="5327" /><E132/><V24/><F75/><N who="3" m="28683" /><G126/><T120/><D120/><U67/><E67/><V27/><F27/><W88/><G88/><T28/><D28/><U44/><E44/><V130/><AGARI ba="0,0" hai="21,24,29,80,83,91,93,96,128,130,131" m="24073" machi="130" ten="40,2100,0" yaku="19,1" doraHai="104" who="2" fromWho="2" sc="244,-7,305,-7,182,21,269,-7" />
</Scene>
<Scene>
<INIT seed="6,1,0,4,0,10" ten="237,298,203,262" oya="2" hai0="16,86,27,69,44,6,104,57,91,53,108,3,115" hai1="82,21,4,45,124,26,19,101,130,78,79,131,135" hai2="23,0,64,20,25,116,84,111,126,74,22,127,76" hai3="93,68,119,72,88,120,49,43,92,29,71,107,28"/><V52/><F116/><W110/><G119/><T39/><D108/><U123/><E123/><V31/><F0/><W33/><G110/><T38/><D69/><U103/><E4/><V96/><F111/><W125/><G120/><T133/><D104/><U58/><E45/><V121/><F121/><W105/><G72/><T89/><D133/><U67/><E135/><V99/><F74/><W35/><G49/><T87/><D115/><U61/><E124/><N who="2" m="47659" /><F64/><W30/><G125/><T122/><D122/><U113/><E113/><V100/><F52/><W81/><G28/><T70/><D70/><U129/><E79/><V62/><F62/><W34/><G34/><T90/><D3/><U94/><E94/><N who="2" m="58391" /><F99/><W85/><G43/><T15/><D38/><U73/><AGARI ba="1,0" hai="19,21,26,58,61,67,73,78,82,101,103,129,130,131" machi="73" ten="30,2000,0" yaku="0,1,19,1" doraHai="10" who="1" fromWho="1" sc="237,-6,298,23,203,-11,262,-6" />
</Scene>
<Scene>
<INIT seed="7,0,0,2,1,63" ten="231,321,192,256" oya="3" hai0="6,47,85,20,25,98,84,106,86,61,32,0,70" hai1="56,71,110,74,121,120,97,65,125,129,7,1,124" hai2="24,81,82,102,49,93,67,113,36,79,107,91,40" hai3="128,55,134,105,66,54,11,103,45,99,9,133,42"/><W48/><G128/><T88/><D32/><U41/><E56/><V69/><F36/><W14/><G9/><T53/><D6/><U28/><E129/><V57/><F113/><W29/><G29/><T34/><D34/><U13/><E13/><V87/><F69/><W73/><G73/><T126/><D0/><U89/><E28/><V2/><F2/><W44/><G66/><T51/><D126/><N who="1" m="48747" /><E74/><V130/><F130/><W95/><G105/><T21/><D106/><U80/><E41/><V18/><F40/><W27/><G27/><T5/><D5/><U92/><E80/><V58/><F49/><W33/><G33/><T100/><D100/><U116/><E116/><V127/><F127/><W109/><G109/><T118/><D118/><U43/><E43/><V26/><F82/><W17/><REACH who="3" step="1"/><G44/><REACH who="3" ten="231,321,192,246" step="2"/><T132/><D132/><AGARI ba="0,1" hai="11,14,17,42,45,48,54,55,95,99,103,132,133,134" machi="132" ten="40,7700,0" yaku="1,1,2,1,20,1,53,0" doraHai="63" doraHaiUra="68" who="3" fromWho="0" sc="231,-77,321,0,192,0,246,87" owari="154,-35.0,321,12.0,192,-21.0,333,44.0" />
</Scene>
</mjloggm>