<mjloggm ver="2.3"><GO type="169"/><UN n0="%E5%A4%AA%E3%81%8F%E3%81%AA%E3%81%84%E3%81%8A" n1="%E3%81%97%E3%81%BE%E3%81%9F%E3%82%8D%E3%81%86%EF%BC%A0" n2="%E3%83%9E%E3%83%84%E3%82%B6%E3%82%AD" n3="%48%41%52%45%4D" dan="17,16,16,16" rate="2187,2092,2064,2096" sx="M,M,M,M"/><TAIKYOKU oya="0"/>

<Scene>
<INIT seed="0,0,0,1,1,38" ten="250,250,250,250" oya="0" hai0="73,119,11,78,131,14,34,58,35,79,20,70,92" hai1="52,76,17,25,87,101,91,98,102,36,96,104,4" hai2="48,112,45,57,74,26,15,85,0,5,72,125,108" hai3="28,103,110,81,105,117,64,106,113,32,124,93,66"/><T114/><D70/><U71/><E71/><V55/><F112/><W18/><G117/><T62/><D119/><U109/><E36/><V129/><F129/><W83/><G113/><T33/><D114/><U63/><E4/><V77/><F0/><W111/><G124/><T10/><D131/><U29/><E76/><V13/><F125/><W75/><G18/><T120/><D120/><U122/><E17/><V90/><F77/><W116/><G116/><T16/><D92/><U9/><E9/><V89/><F89/><W42/><G93/><T60/><D60/><U59/><E109/><V3/><F3/><W24/><G103/><T7/><D73/><U49/><E63/><V23/><F108/><W43/><G24/><T84/><D84/><U123/><E91/><V53/><F5/><W37/><G37/><T121/><D11/><U12/><E12/><V56/><F72/><W30/><G75/><T130/><D121/><U6/><E6/><V134/><F134/><W135/><REACH who="3" step="1"/><G32/><REACH who="3" ten="250,250,250,240" step="2"/><T133/><D130/><U46/><E122/><V41/><F74/><W22/><G22/><T44/><D133/><AGARI ba="0,1" hai="28,30,42,43,64,66,81,83,105,106,110,111,133,135" machi="133" ten="25,8000,1" yaku="1,1,22,2,52,2,53,0" doraHai="38" doraHaiUra="80" who="3" fromWho="0" sc="250,-80,250,0,250,0,240,90" />
</Scene>
<Scene>
<INIT seed="1,0,0,4,2,48" ten="170,250,250,330" oya="1" hai0="14,135,15,91,99,20,45,117,9,125,55,44,60" hai1="78,101,16,46,41,56,134,83,111,123,121,8,52" hai2="31,26,53,115,3,27,131,38,72,13,132,25,129" hai3="90,92,54,97,130,7,35,30,18,88,21,6,23"/><U32/><E32/><V126/><F38/><W74/><G74/><T106/><D117/><U113/><E101/><V120/><F72/><W96/><G130/><T2/><D135/><U12/><E134/><V89/><F3/><W104/><G35/><T39/><D125/><U118/><E113/><V28/><F132/><W66/><G66/><T108/><D108/><U63/><E118/><V24/><F126/><W17/><G30/><T1/><D20/><U124/><E111/><V100/><F100/><W76/><G76/><T75/><D75/><U49/><E124/><V114/><F89/><W67/><G67/><T112/><D112/><N who="2" m="43050" /><F53/><W69/><G69/><T4/><D2/><U94/><E94/><V84/><F84/><AGARI ba="0,0" hai="8,12,16,41,46,49,52,56,63,78,83,84,121,123" machi="84" ten="30,11600,0" yaku="7,1,52,1,54,2" doraHai="48" who="1" fromWho="2" sc="170,0,250,116,250,-116,330,0" />
</Scene>
<Scene>
<INIT seed="1,1,0,3,4,64" ten="170,366,134,330" oya="1" hai0="121,43,109,133,22,12,122,14,88,76,126,51,26" hai1="85,130,105,132,98,87,107,63,86,74,67,99,83" hai2="90,8,135,111,30,56,117,71,11,24,68,62,46" hai3="20,52,27,47,36,106,42,5,128,72,78,125,35"/><U1/><E1/><V55/><F117/><W48/><G106/><T32/><D32/><U96/><E130/><V89/><F111/><W29/><G128/><T131/><D131/><U18/><E132/><V38/><F135/><W66/><G125/><T17/><D133/><U31/><E18/><V41/><F90/><W81/><G66/><T69/><D76/><U6/><E6/><V45/><F45/><W10/><G20/><T112/><D112/><U120/><E31/><V0/><F89/><W61/><G61/><T102/><D102/><U80/><E120/><N who="0" m="46185" /><D109/><U13/><E13/><N who="0" m="5225" /><D126/><U92/><E63/><V7/><REACH who="2" step="1"/><F11/><REACH who="2" ten="170,366,124,330" step="2"/><W15/><REACH who="3" step="1"/><G36/><REACH who="3" ten="170,366,124,320" step="2"/><T19/><D22/><AGARI ba="1,2" hai="0,7,8,22,24,30,38,41,46,55,56,62,68,71" machi="22" ten="30,8000,1" yaku="1,1,2,1,7,1,52,2,53,0" doraHai="64" doraHaiUra="114" who="2" fromWho="0" sc="170,-83,366,0,124,103,320,0" />
</Scene>
<Scene>
<INIT seed="2,0,0,4,2,83" ten="87,366,227,320" oya="2" hai0="120,58,59,18,31,121,112,40,130,69,51,24,17" hai1="104,113,9,37,25,10,106,110,98,26,27,89,95" hai2="108,75,29,79,103,13,2,117,48,127,123,11,122" hai3="43,21,47,74,91,33,7,72,6,78,115,32,85"/><V50/><F117/><W71/><G71/><T114/><D69/><U87/><E110/><V109/><F2/><W20/><G115/><T8/><D40/><U125/><E113/><N who="0" m="43625" /><D51/><U126/><E37/><V101/><F29/><W132/><G132/><T68/><D68/><U63/><E63/><V34/><F34/><W30/><G30/><T76/><D76/><U116/><E116/><V1/><F1/><W42/><G78/><T134/><D58/><U88/><E10/><V80/><F127/><N who="1" m="48649" /><E9/><V62/><F62/><W36/><G91/><T90/><D90/><U61/><E61/><V119/><F119/><W118/><G118/><T60/><D59/><U128/><E128/><V57/><F57/><W41/><G41/><T49/><D60/><U64/><E64/><V5/><F50/><W96/><G47/><T73/><D49/><U12/><E12/><V38/><F38/><W3/><G36/><T107/><D73/><U133/><E133/><V92/><F48/><W35/><G3/><T0/><D107/><U67/><E67/><V46/><F46/><W19/><G35/><N who="0" m="20967" /><D134/><U97/><E95/><V22/><F92/><W102/><G74/><T4/><D130/><U14/><E89/><V124/><F124/><W135/><G72/><T16/><AGARI ba="0,0" hai="0,4,8,16,17,18,120,121" m="20967,43625" machi="16" ten="30,4000,0" yaku="34,2,54,1" doraHai="83" who="0" fromWho="0" sc="87,40,366,-10,227,-20,320,-10" />
</Scene>
<Scene>
<INIT seed="3,0,0,4,1,106" ten="127,356,207,310" oya="3" hai0="13,19,62,111,73,109,91,89,56,130,23,11,5" hai1="105,6,1,15,53,27,40,90,55,20,127,88,77" hai2="68,114,79,92,104,102,10,75,46,51,129,25,60" hai3="110,41,31,8,67,103,35,59,22,65,71,72,95"/><W50/><G71/><T128/><D89/><U43/><E105/><V94/><F114/><W24/><G110/><N who="0" m="41995" /><D91/><N who="1" m="34859" /><E1/><V78/><F10/><W116/><G116/><T86/><D86/><U14/><E77/><V126/><F25/><W121/><G121/><T76/><D56/><U66/><E66/><V115/><F60/><W122/><G122/><T12/><D62/><U39/><E39/><V7/><F68/><W132/><G132/><T33/><D76/><U49/><E55/><V36/><F36/><W84/><G84/><T37/><D37/><U26/><E26/><V16/><F51/><W120/><G120/><T47/><D47/><N who="1" m="27839" /><E127/><V70/><F46/><W117/><G117/><T61/><D61/><U93/><E93/><V74/><F94/><W96/><G67/><T57/><D57/><U82/><E82/><V83/><F92/><W42/><G35/><T45/><D45/><U100/><E100/><V34/><F83/><W108/><G108/><T21/><D33/><U131/><E131/><N who="0" m="50217" /><D73/><U17/><E6/><V4/><F7/><W63/><G72/><T123/><D123/><U85/><E85/><V124/><F4/><W119/><G119/><T30/><D30/><U2/><E2/><V9/><F34/><W18/><G50/><T29/><D29/><U101/><E101/><V3/><F102/><W64/><G65/><T112/><D112/><U28/><E28/><V125/><F129/><W107/><G107/><T133/><D133/><U52/><E52/><V87/><F75/><W32/><G32/><T134/><D134/><U58/><E58/><V135/><F74/><RYUUKYOKU ba="0,0" sc="127,10,356,10,207,-30,310,10" hai0="5,11,12,13,19,21,23" hai1="14,15,17,20,27,40,43" hai3="8,18,22,24,31,41,42,59,63,64,95,96,103" />
</Scene>
<Scene>
<INIT seed="3,1,0,1,4,126" ten="137,366,177,320" oya="3" hai0="65,31,66,56,98,122,92,68,53,62,14,78,94" hai1="41,12,16,24,2,102,100,111,22,104,125,60,97" hai2="89,37,59,116,109,54,112,128,40,39,43,124,79" hai3="121,27,93,76,18,67,0,57,85,7,61,108,63"/><W71/><G121/><T107/><D122/><U69/><E111/><V91/><F109/><W44/><G108/><T72/><D31/><U35/><E125/><V5/><F124/><W19/><G44/><T119/><D119/><U77/><E2/><V132/><F116/><W103/><G27/><T88/><D107/><U28/><E41/><V6/><F112/><W21/><G7/><T64/><D14/><U135/><E100/><V47/><F132/><W36/><G36/><T117/><D117/><U58/><E77/><V29/><F29/><W20/><G0/><T3/><D3/><U30/><E30/><V48/><F79/><W25/><G76/><T23/><D23/><U38/><E38/><V1/><F1/><W82/><G82/><T45/><D45/><U134/><REACH who="1" step="1"/><E69/><REACH who="1" ten="137,356,177,320" step="2"/><V90/><F43/><W74/><G103/><T114/><D114/><U26/><E26/><V123/><F123/><W8/><G74/><T115/><D115/><U130/><E130/><V96/><F37/><W83/><G25/><T95/><REACH who="0" step="1"/><D68/><REACH who="0" ten="127,356,177,320" step="2"/><U15/><E15/><V131/><REACH who="2" step="1"/><F96/><REACH who="2" ten="127,356,167,320" step="2"/><W73/><G71/><T52/><D52/><AGARI ba="1,3" hai="12,16,22,24,28,35,52,58,60,97,102,104,134,135" machi="52" ten="40,5200,0" yaku="1,1,54,2,53,0" doraHai="126" doraHaiUra="34" who="1" fromWho="0" sc="127,-55,356,85,167,0,320,0" />
</Scene>
<Scene>
<INIT seed="4,0,0,4,3,9" ten="72,441,167,320" oya="0" hai0="108,111,95,128,42,104,64,135,50,54,65,18,31" hai1="29,122,126,117,51,5,66,131,132,27,14,22,12" hai2="85,40,4,71,99,90,2,106,44,69,13,70,114" hai3="23,125,87,133,68,105,17,1,75,103,94,24,60"/><T93/><D104/><U37/><E37/><V107/><F2/><W36/><G75/><T56/><D31/><U119/><E66/><N who="0" m="25705" /><D135/><U52/><E132/><V73/><F73/><W3/><G133/><T123/><D123/><U127/><E122/><V83/><F99/><W7/><G36/><T97/><D128/><U28/><E131/><V62/><F62/><W35/><G68/><T100/><D42/><U21/><E51/><V96/><F96/><W102/><G105/><N who="0" m="63631" /><D18/><U76/><E76/><V15/><F4/><W57/><G7/><T115/><D115/><U30/><E52/><V112/><F106/><W33/><G3/><T59/><D59/><U129/><E129/><V61/><F61/><W6/><G1/><T47/><D56/><U67/><E67/><V34/><F34/><W78/><G6/><T48/><D50/><U49/><E49/><N who="2" m="26759" /><F107/><W43/><G57/><T82/><D82/><U79/><E79/><V53/><F53/><W58/><G78/><T55/><D55/><U92/><E92/><V10/><F10/><W46/><G35/><T45/><D45/><U39/><E39/><V72/><F72/><W26/><G46/><T19/><D95/><U80/><E80/><V134/><F134/><W8/><G94/><T0/><D0/><U110/><E5/><V86/><F86/><W88/><G87/><T113/><D113/><AGARI ba="0,0" hai="13,15,69,70,71,83,85,90,112,113,114" m="26759" machi="113" ten="40,5200,0" yaku="15,1,52,2" doraHai="9" who="2" fromWho="0" sc="72,-52,441,0,167,52,320,0" />
</Scene>
<Scene>
<INIT seed="5,0,0,0,1,12" ten="20,441,219,320" oya="1" hai0="94,16,39,31,131,101,107,57,87,63,50,27,1" hai1="77,120,78,114,75,74,85,22,2,76,60,103,109" hai2="122,41,46,14,115,21,79,11,126,68,54,55,108" hai3="113,95,132,71,17,121,53,47,59,82,66,19,40"/><U43/><E2/><V29/><F108/><W112/><G121/><T6/><D39/><U127/><E120/><V4/><F68/><W30/><G30/><T102/><D131/><U96/><E43/><V81/><F122/><W97/><G132/><T61/><D107/><U92/><E109/><V89/><F89/><W67/><G82/><T135/><D135/><U118/><E118/><V28/><F126/><W123/><G123/><T93/><D6/><U18/><E127/><V32/><F32/><W23/><G23/><N who="0" m="13799" /><D1/><U65/><E85/><V48/><F115/><N who="3" m="44107" /><G71/><T10/><D31/><U80/><E75/><V35/><F35/><W62/><G95/><N who="0" m="36363" /><D87/><U24/><REACH who="1" step="1"/><E114/><REACH who="1" ten="20,431,219,320" step="2"/><V134/><F134/><W111/><G111/><T91/><D91/><U86/><E86/><V129/><F129/><W73/><G73/><T90/><D90/><U98/><E98/><V116/><F116/><W34/><G97/><T3/><D3/><U130/><E130/><V9/><F41/><W88/><G88/><T128/><D128/><U105/><E105/><V69/><F81/><W20/><G40/><T5/><D102/><U45/><E45/><V99/><F46/><W133/><G47/><T110/><D101/><U8/><E8/><V33/><F11/><W72/><G72/><T49/><D110/><U58/><AGARI ba="0,1" hai="18,22,24,58,60,65,74,76,77,78,80,92,96,103" machi="58" ten="20,7800,0" yaku="1,1,0,1,7,1,52,1,53,0" doraHai="12" doraHaiUra="38" who="1" fromWho="1" sc="20,-26,431,88,219,-26,320,-26" owari="-6,-51.0,519,63.0,193,-21.0,294,9.0" />
</Scene>
</mjloggm>