<mjloggm ver="2.3"><GO type="169"/><UN n0="%E8%8C%A8%E5%9F%8E%E5%8C%97" n1="%E4%BF%BA%E3%81%A4%E3%81%88%E3%81%88%E3%81%88%EF%BD%9E" n2="%2D%72%6F%6E%2D" n3="%E5%A4%AA%E3%81%8F%E3%81%AA%E3%81%84%E3%81%8A" dan="16,16,17,18" rate="2067,2175,2182,2181" sx="M,F,M,M"/><TAIKYOKU oya="0"/>

<Scene>
<INIT seed="0,0,0,5,2,103" ten="250,250,250,250" oya="0" hai0="59,44,30,31,66,67,132,53,65,63,40,109,42" hai1="124,28,130,56,69,29,2,24,3,105,0,107,74" hai2="71,7,60,115,73,129,99,32,114,33,85,38,92" hai3="19,21,128,39,82,37,23,102,83,22,75,135,27"/><T49/><D132/><U118/><E118/><V45/><F73/><W89/><G135/><T5/><D109/><U113/><E29/><V112/><F129/><W4/><G128/><T61/><D5/><U76/><E130/><V126/><F126/><W104/><G4/><T131/><D131/><U111/><E56/><V55/><F85/><W121/><G121/><T117/><D117/><U46/><E111/><V97/><F7/><W10/><G10/><T26/><D31/><U70/><E46/><V57/><F71/><N who="1" m="27145" /><E124/><V77/><F77/><W91/><G75/><T20/><REACH who="0" step="1"/><D67/><REACH who="0" ten="240,250,250,250" step="2"/><U12/><E113/><V64/><F97/><W119/><G119/><T133/><D133/><U6/><E6/><V9/><F9/><W11/><G11/><T98/><D98/><U106/><E12/><V34/><F64/><W43/><G27/><T14/><D14/><U35/><E3/><V51/><F38/><W95/><G37/><T52/><D52/><U47/><E47/><V123/><F123/><W79/><G39/><T41/><D41/><U127/><E127/><V81/><F114/><W25/><G25/><T48/><D48/><U110/><E110/><V68/><F115/><W116/><G43/><T15/><D15/><U90/><E90/><V101/><F112/><W17/><G116/><T87/><D87/><U16/><E16/><V62/><F55/><W122/><G122/><T18/><D18/><U78/><E78/><V93/><F99/><N who="3" m="61535" /><G89/><T94/><D94/><U13/><E13/><V36/><F92/><W84/><G79/><T134/><D134/><U58/><E58/><AGARI ba="0,1" hai="20,26,30,40,42,44,49,53,58,59,61,63,65,66" machi="58" ten="30,12000,1" yaku="1,1,6,1,7,1,9,1,8,1,53,0" doraHai="103" doraHaiUra="88" who="0" fromWho="1" sc="240,130,250,-120,250,0,250,0" />
</Scene>
<Scene>
<INIT seed="0,1,0,1,5,105" ten="370,130,250,250" oya="0" hai0="19,38,101,2,64,73,103,30,116,126,123,58,3" hai1="45,96,60,104,21,12,16,59,9,113,4,51,118" hai2="132,76,112,0,121,70,52,127,129,98,86,77,85" hai3="48,63,1,33,40,18,78,54,90,81,91,79,95"/><T7/><D123/><U55/><E118/><V61/><F121/><W56/><G1/><T34/><D116/><U99/><E104/><V57/><F112/><W133/><G33/><T43/><D34/><U89/><E89/><V50/><F127/><W68/><G133/><T117/><D30/><U75/><E75/><V32/><F129/><W100/><G100/><T69/><D69/><U11/><E113/><V109/><F109/><W135/><G135/><T8/><D3/><U49/><E49/><V62/><F132/><W119/><G119/><T107/><D43/><U15/><REACH who="1" step="1"/><E11/><REACH who="1" ten="370,120,250,250" step="2"/><V47/><F98/><W120/><G120/><T97/><D73/><U82/><E82/><V80/><F62/><W125/><G90/><T106/><D107/><U92/><E92/><V42/><F32/><W14/><G81/><T20/><D106/><U130/><E130/><V6/><F70/><W87/><G68/><T67/><D97/><U53/><AGARI ba="1,1" hai="4,9,12,15,16,21,45,51,53,55,59,60,96,99" machi="53" ten="20,8000,1" yaku="1,1,0,1,7,1,8,1,54,1,53,0" doraHai="105" doraHaiUra="39" who="1" fromWho="1" sc="370,-41,120,93,250,-21,250,-21" />
</Scene>
<Scene>
<INIT seed="1,0,0,2,2,123" ten="329,213,229,229" oya="1" hai0="37,20,112,9,12,35,73,32,117,95,102,11,98" hai1="8,70,106,89,22,124,110,83,99,105,44,19,2" hai2="81,107,65,46,56,120,63,50,40,93,31,109,118" hai3="108,129,38,111,57,60,97,14,6,96,121,122,24"/><U54/><E70/><V71/><F118/><W16/><G38/><T116/><D112/><U69/><E69/><V15/><F107/><W82/><G129/><T88/><D73/><U100/><E124/><V78/><F120/><N who="3" m="46187" /><G82/><T17/><D37/><U84/><E106/><V13/><F31/><W92/><G6/><T10/><REACH who="0" step="1"/><D102/><REACH who="0" ten="319,213,229,229" step="2"/><U1/><E110/><N who="3" m="42026" /><G24/><T47/><D47/><U86/><E86/><V114/><F114/><W30/><G30/><T64/><D64/><U126/><E126/><V26/><F65/><N who="3" m="39055" /><G92/><T5/><D5/><U119/><E119/><AGARI ba="0,1" hai="9,10,11,12,17,20,32,35,88,95,98,116,117,119" machi="119" ten="40,2600,0" yaku="1,1,54,1,53,0" doraHai="123" doraHaiUra="130" who="0" fromWho="1" sc="319,36,213,-26,229,0,229,0" />
</Scene>
<Scene>
<INIT seed="2,0,0,5,5,30" ten="355,187,229,229" oya="2" hai0="71,60,65,67,105,101,79,2,88,133,66,56,53" hai1="131,94,103,61,87,50,57,44,43,89,28,118,78" hai2="98,49,80,83,90,41,4,112,99,48,51,34,11" hai3="117,108,55,13,100,84,52,29,5,130,109,20,129"/><V127/><F112/><W102/><G117/><T26/><D2/><U91/><E131/><N who="3" m="50186" /><G84/><T114/><D79/><U93/><E118/><V18/><F127/><W122/><G122/><T39/><D39/><U92/><E28/><V47/><F34/><W70/><G70/><T97/><D114/><U19/><E103/><N who="3" m="39466" /><G5/><T86/><D133/><U8/><E78/><V62/><F62/><W31/><G13/><T17/><D26/><U77/><E77/><V21/><F4/><W74/><G74/><T63/><REACH who="0" step="1"/><D17/><REACH who="0" ten="345,187,229,229" step="2"/><U115/><E115/><V120/><F120/><W46/><G31/><T81/><AGARI ba="0,1" hai="53,56,60,63,65,66,67,71,81,86,88,97,101,105" machi="81" ten="20,8000,1" yaku="1,1,2,1,0,1,7,1,54,1,53,0" doraHai="30" doraHaiUra="25" who="0" fromWho="0" sc="345,90,187,-20,229,-40,229,-20" />
</Scene>
<Scene>
<INIT seed="3,0,0,3,2,134" ten="435,167,189,209" oya="3" hai0="117,36,20,18,127,26,81,109,79,100,43,15,121" hai1="84,54,135,47,105,99,118,131,53,96,77,80,19" hai2="101,98,124,13,88,111,110,66,14,75,76,55,0" hai3="128,21,94,125,34,29,27,58,48,95,32,16,37"/><W31/><G37/><T11/><D121/><U17/><E135/><V61/><F0/><W65/><G128/><T64/><D117/><U25/><E131/><V40/><F40/><W123/><G123/><T22/><D109/><N who="2" m="41482" /><F55/><W56/><G65/><T83/><D64/><U33/><E118/><V92/><F101/><W133/><G133/><T67/><D67/><U24/><E33/><V70/><F124/><W3/><G3/><T68/><D127/><U12/><E105/><V8/><F8/><W102/><G125/><T90/><D68/><U9/><E54/><V103/><F103/><W38/><G38/><T39/><D100/><U62/><E25/><V74/><F76/><W89/><G102/><T52/><D43/><U63/><E63/><V10/><F14/><W108/><G108/><T93/><D22/><U23/><REACH who="1" step="1"/><E47/><REACH who="1" ten="435,157,189,209" step="2"/><V73/><F75/><W120/><G120/><T42/><D52/><U49/><E49/><V6/><AGARI ba="0,1" hai="6,10,13,61,66,70,73,74,88,92,98" m="41482" machi="6" ten="30,2000,0" yaku="14,1,54,1" doraHai="134" who="2" fromWho="2" sc="435,-5,157,-5,189,30,209,-10" />
</Scene>
<Scene>
<INIT seed="4,0,0,5,1,81" ten="430,152,219,199" oya="0" hai0="15,116,62,93,14,95,85,131,32,114,35,36,69" hai1="123,70,51,49,11,20,84,127,8,128,31,94,132" hai2="18,41,135,53,7,117,28,4,133,79,58,105,48" hai3="98,89,83,30,63,120,65,129,5,64,56,72,47"/><T67/><D116/><U87/><E123/><V37/><F117/><W119/><G119/><T61/><D36/><U73/><E73/><V113/><F105/><W88/><G120/><T22/><D131/><U43/><E70/><V54/><F113/><W134/><G129/><T125/><D114/><U50/><E128/><V121/><F121/><W39/><G134/><N who="2" m="51209" /><F28/><W118/><G118/><T3/><D125/><U99/><E127/><V90/><F79/><W75/><G30/><T74/><D74/><U91/><E132/><V103/><F103/><W40/><G5/><T92/><D3/><U38/><E38/><V2/><F2/><W100/><G65/><T78/><D62/><U26/><E43/><V57/><F41/><W9/><G9/><AGARI ba="0,0" hai="8,9,11,20,26,31,49,50,51,84,87,91,94,99" machi="9" ten="40,5200,0" yaku="8,1,52,2" doraHai="81" who="1" fromWho="3" sc="430,0,152,52,219,0,199,-52" />
</Scene>
<Scene>
<INIT seed="5,0,0,4,2,112" ten="430,204,219,147" oya="1" hai0="105,120,39,86,14,37,95,41,22,5,100,133,91" hai1="27,45,33,107,15,72,26,24,129,102,59,57,106" hai2="56,11,126,58,81,66,6,31,1,125,70,62,43" hai3="108,52,80,35,113,93,9,67,135,110,68,48,49"/><U85/><E72/><V89/><F43/><W16/><G35/><T38/><D105/><U94/><E33/><V4/><F4/><W122/><G122/><T53/><D100/><U88/><E129/><V132/><F31/><W47/><G113/><T101/><D101/><U50/><E107/><V104/><F104/><W124/><G124/><N who="2" m="47721" /><F132/><W98/><G135/><T87/><D133/><U60/><E60/><V90/><F81/><W131/><G131/><T75/><D75/><U20/><E102/><V114/><F114/><W13/><G80/><T84/><D41/><U32/><E106/><V28/><F28/><W97/><G49/><T76/><D76/><U51/><E32/><V54/><F58/><N who="1" m="22025" /><E45/><V7/><F6/><W96/><REACH who="3" step="1"/><G93/><REACH who="3" ten="430,204,219,137" step="2"/><T29/><D120/><U115/><E115/><V128/><F128/><W30/><G30/><T118/><D29/><U109/><E109/><V69/><F69/><W123/><G123/><T83/><D83/><U117/><E51/><AGARI ba="0,1" hai="1,7,11,51,54,56,62,66,70,89,90" m="47721" machi="51" ten="30,1000,0" yaku="18,1" doraHai="112" who="2" fromWho="1" sc="430,0,204,-10,219,20,137,0" />
</Scene>
<Scene>
<INIT seed="6,0,0,2,0,65" ten="430,194,239,137" oya="2" hai0="77,27,129,10,11,78,115,112,52,6,64,104,94" hai1="128,133,14,53,66,84,56,108,25,98,17,114,135" hai2="0,107,23,34,42,87,103,40,95,54,106,89,93" hai3="30,75,13,61,46,110,22,47,85,74,58,125,83"/><V9/><F34/><W35/><G110/><T20/><D104/><U49/><E114/><N who="0" m="43561" /><D64/><U29/><E108/><V39/><F54/><W2/><G2/><T8/><D6/><U62/><E128/><V15/><F23/><W41/><G125/><T122/><D129/><U124/><E124/><V71/><F71/><W116/><G116/><T18/><D122/><U118/><E118/><V33/><F33/><W109/><G109/><T50/><D94/><U24/><E84/><V5/><F0/><W130/><G35/><T72/><D72/><U120/><E98/><V36/><F36/><W28/><G130/><T97/><D97/><U73/><E73/><V21/><F39/><W51/><G75/><T4/><D4/><U26/><E120/><V37/><F37/><W113/><G74/><T59/><AGARI ba="0,0" hai="8,10,11,18,20,27,50,52,59,77,78" m="43561" machi="59" ten="30,2000,0" yaku="15,1,54,1" doraHai="65" who="0" fromWho="0" sc="430,20,194,-5,239,-10,137,-5" />
</Scene>
<Scene>
<INIT seed="7,0,0,5,5,53" ten="450,189,229,132" oya="3" hai0="65,89,38,1,127,115,7,104,50,51,125,27,106" hai1="91,62,52,101,126,44,75,40,73,67,130,0,66" hai2="122,6,70,29,116,34,36,74,128,135,80,3,59" hai3="81,60,88,102,14,111,97,123,129,28,134,20,113"/><W90/><G123/><T100/><D38/><U78/><E0/><V23/><RYUUKYOKU type="yao9" ba="0,0" sc="450,0,189,0,229,0,132,0" hai2="3,6,23,29,34,36,59,70,74,80,116,122,128,135" />
</Scene>
<Scene>
<INIT seed="7,1,0,4,0,60" ten="450,189,229,132" oya="3" hai0="86,127,9,29,100,117,80,39,116,50,8,120,133" hai1="108,65,37,31,130,64,59,68,101,124,28,129,22" hai2="96,105,0,94,51,61,99,82,85,128,67,76,89" hai3="13,3,54,2,48,44,56,53,114,103,79,109,81"/><W134/><G114/><T110/><D39/><U5/><E108/><V19/><F0/><W107/><G109/><T93/><D110/><U66/><E37/><V52/><F128/><N who="1" m="49257" /><E124/><V102/><F19/><W18/><G134/><T106/><D29/><N who="1" m="11339" /><E101/><V35/><F35/><W47/><G103/><T74/><D93/><U69/><E5/><V90/><F90/><W70/><G70/><N who="1" m="27242" /><E22/><V126/><F126/><W6/><G107/><T132/><D86/><U118/><E118/><V135/><F135/><W77/><G6/><T24/><D50/><U55/><E55/><V45/><F61/><AGARI ba="1,0" hai="59,61,64,65,66" m="27242,11339,49257" machi="61" ten="40,8000,1" yaku="19,1,52,3" doraHai="60" who="1" fromWho="2" sc="450,0,189,83,229,-83,132,0" owari="450,55.0,272,7.0,146,-25.0,132,-37.0" />
</Scene>
</mjloggm>