<mjloggm ver="2.3"><GO type="169"/><UN n0="%E5%A4%AA%E3%81%8F%E3%81%AA%E3%81%84%E3%81%8A" n1="%E3%83%80%E3%83%A1%E9%9B%80%E5%A3%AB" n2="%E3%83%90%E3%83%88%E3%83%AB%E3%83%89%E3%83%BC%E3%83%A0%EF%BC%81" n3="%E3%83%9A%E3%83%81%E3%83%A7%E3%83%BC%E3%83%AA%E3%83%B3" dan="17,17,16,17" rate="2182,2083,2013,2108" sx="M,M,M,M"/><TAIKYOKU oya="0"/>

<Scene>
<INIT seed="0,0,0,0,3,103" ten="250,250,250,250" oya="0" hai0="116,125,130,58,68,120,80,11,102,69,96,115,122" hai1="39,31,100,14,36,99,48,86,25,24,55,34,129" hai2="66,105,26,113,5,43,95,65,94,74,126,13,16" hai3="124,93,7,56,30,1,20,104,135,88,98,127,71"/><T41/><D116/><U64/><E129/><V15/><F113/><W61/><G71/><T17/><D115/><U62/><E24/><V46/><F74/><W47/><G135/><T134/><D41/><U33/><E86/><V109/><F105/><W4/><G47/><T67/><D130/><U6/><E34/><V27/><F109/><W45/><G45/><T12/><D134/><U29/><E29/><V101/><F126/><N who="3" m="48171" /><G1/><T23/><D125/><U91/><E91/><V21/><F27/><N who="3" m="16743" /><G104/><T81/><D68/><N who="1" m="42007" /><E14/><N who="2" m="5131" /><F5/><W79/><G79/><T0/><D69/><U108/><E6/><V110/><F110/><W85/><G85/><T90/><D0/><U38/><E108/><V50/><F101/><W70/><G70/><T3/><D3/><U72/><E72/><V76/><F76/><W112/><G112/><T10/><D122/><U106/><E36/><V42/><F43/><W78/><G78/><T54/><D120/><U60/><E60/><V9/><F9/><W37/><G37/><T59/><D11/><U107/><E106/><V111/><F111/><W57/><G57/><AGARI ba="0,0" hai="25,31,33,38,39,48,55,57,99,100,107" m="42007" machi="57" ten="30,2000,0" yaku="25,1,52,1" doraHai="103" who="1" fromWho="3" sc="250,0,250,20,250,0,250,-20" />
</Scene>
<Scene>
<INIT seed="1,0,0,1,5,5" ten="250,270,250,230" oya="1" hai0="9,95,117,104,86,23,84,12,54,2,73,81,107" hai1="79,18,100,46,72,41,121,91,44,13,68,131,96" hai2="42,111,93,33,132,25,43,29,57,98,77,85,55" hai3="113,60,118,97,94,6,3,1,27,75,83,67,61"/><U99/><E121/><V127/><F111/><W15/><G113/><T133/><D117/><U106/><E68/><V38/><F127/><W119/><G27/><T26/><D2/><U120/><E120/><V92/><F132/><W122/><G122/><T69/><D69/><U24/><E24/><V124/><F124/><W129/><G129/><T116/><D116/><N who="3" m="44585" /><G15/><T87/><D133/><U47/><E131/><V64/><F64/><W16/><G16/><T7/><D95/><U35/><E35/><V82/><F38/><W20/><G20/><T11/><D54/><U123/><E123/><V19/><F19/><W48/><G48/><T36/><D36/><U14/><E14/><V135/><F135/><W37/><G37/><T76/><REACH who="0" step="1"/><D11/><REACH who="0" ten="240,270,250,230" step="2"/><U112/><E112/><V70/><F70/><W102/><G3/><T101/><D101/><U90/><E41/><V0/><F0/><W40/><G40/><T130/><D130/><U128/><E128/><V74/><F43/><W10/><G67/><T105/><D105/><U56/><E100/><V53/><F42/><W8/><G10/><T59/><D59/><U109/><E106/><V62/><F55/><W4/><G6/><T49/><D49/><U126/><E56/><V110/><F110/><W28/><G102/><T22/><D22/><U78/><E126/><V80/><F98/><W58/><G97/><T31/><AGARI ba="0,1" hai="7,9,12,23,26,31,73,76,81,84,86,87,104,107" machi="31" ten="30,4000,0" yaku="1,1,0,1,52,1,53,0" doraHai="5" doraHaiUra="71" who="0" fromWho="0" sc="240,50,270,-20,250,-10,230,-10" />
</Scene>
<Scene>
<INIT seed="2,0,0,4,5,103" ten="290,250,240,220" oya="2" hai0="39,33,111,31,106,94,84,90,124,114,74,82,127" hai1="20,56,120,128,16,112,83,125,118,23,96,38,116" hai2="134,42,59,28,91,70,135,21,99,45,64,131,58" hai3="79,22,7,19,13,95,27,119,92,48,36,130,10"/><V104/><F131/><W9/><G36/><T97/><D39/><U55/><E112/><V62/><F91/><W80/><G119/><T86/><D31/><U78/><E38/><V76/><F76/><W25/><G130/><T75/><D33/><U0/><E0/><V17/><F28/><W8/><G27/><T66/><D66/><U65/><E65/><V4/><F4/><W109/><G109/><T32/><D32/><U98/><E128/><V11/><F11/><W15/><G48/><T115/><D111/><U18/><E125/><N who="0" m="48201" /><D86/><U67/><E67/><V47/><F99/><W69/><G69/><T43/><D43/><U121/><E55/><V100/><F100/><W24/><G24/><T108/><D108/><U113/><E113/><N who="0" m="43017" /><D106/><U117/><E56/><N who="2" m="21547" /><F104/><W107/><G107/><T35/><D35/><U102/><E102/><AGARI ba="0,0" hai="74,75,82,84,90,94,97,102" m="43017,48201" machi="102" ten="30,3900,0" yaku="18,1,34,2" doraHai="103" who="0" fromWho="1" sc="290,39,250,-39,240,0,220,0" />
</Scene>
<Scene>
<INIT seed="3,0,0,0,3,34" ten="329,211,240,220" oya="3" hai0="71,5,117,51,106,57,114,23,11,72,19,133,76" hai1="35,50,78,14,27,38,83,61,7,115,22,112,44" hai2="101,97,53,15,100,66,42,1,103,47,26,68,70" hai3="28,77,74,90,10,99,79,93,45,119,40,21,16"/><W86/><G119/><T108/><D71/><U94/><E38/><V120/><F120/><W81/><G28/><T113/><D106/><U132/><E132/><V131/><F131/><W54/><G54/><N who="0" m="31967" /><D117/><U2/><E61/><V69/><F66/><W49/><G10/><T135/><D108/><U29/><E94/><V48/><F26/><W130/><G130/><T65/><D65/><U116/><E116/><V59/><F15/><N who="3" m="9375" /><G74/><T8/><D76/><AGARI ba="0,0" hai="40,45,49,76,77,79,81,86,90,93,99" m="9375" machi="76" ten="30,2900,0" yaku="8,1,54,1" doraHai="34" who="3" fromWho="0" sc="329,-29,211,0,240,0,220,29" />
</Scene>
<Scene>
<INIT seed="3,1,0,3,1,48" ten="300,211,240,249" oya="3" hai0="63,13,73,29,59,7,62,131,28,43,27,104,85" hai1="1,94,34,95,32,128,70,52,44,14,66,71,103" hai2="21,17,83,114,8,54,101,57,102,97,45,126,58" hai3="49,75,77,106,87,46,25,76,61,135,50,109,38"/><W2/><G2/><T86/><D73/><U10/><E1/><V20/><F114/><W122/><G122/><T40/><D104/><U9/><E128/><V93/><F126/><W18/><G106/><T116/><D116/><U15/><E44/><V119/><F119/><W130/><G75/><T111/><D131/><U99/><E66/><V4/><F102/><W56/><G38/><T24/><D111/><U68/><E94/><V127/><F127/><W125/><G130/><T72/><D72/><U133/><E133/><V78/><F45/><W39/><G125/><T51/><D51/><U98/><E98/><V105/><F105/><W41/><G135/><T42/><D13/><U112/><E112/><V55/><F17/><W5/><G5/><T108/><D108/><U100/><E100/><V115/><F115/><W124/><G109/><T67/><D7/><U96/><E96/><V0/><F83/><W30/><G124/><T79/><D79/><U33/><REACH who="1" step="1"/><E52/><REACH who="1" ten="300,201,240,249" step="2"/><V36/><F78/><W65/><G77/><T3/><D3/><U64/><E64/><V31/><F36/><W88/><G76/><T69/><D69/><U123/><E123/><V113/><F113/><W118/><G118/><T84/><REACH who="0" step="1"/><D63/><REACH who="0" ten="290,201,240,249" step="2"/><U110/><E110/><V129/><F129/><W121/><G121/><T16/><D16/><U117/><E117/><V37/><F37/><W81/><REACH who="3" step="1"/><G18/><REACH who="3" ten="290,201,240,239" step="2"/><T53/><D53/><U35/><N who="1" m="8192" /><DORA hai="91" /><U23/><E23/><AGARI ba="1,3" hai="23,25,30,39,41,46,49,50,56,61,65,81,87,88" machi="23" ten="30,5800,0" yaku="1,1,7,1,54,1,53,0" doraHai="48,91" doraHaiUra="6,89" who="3" fromWho="1" sc="290,0,201,-61,240,0,239,91" />
</Scene>
<Scene>
<INIT seed="3,2,0,5,1,111" ten="290,140,240,330" oya="3" hai0="11,46,40,93,132,24,83,34,109,75,89,112,36" hai1="127,49,123,10,16,65,0,76,51,32,133,60,6" hai2="1,48,31,62,50,86,121,92,8,13,82,58,88" hai3="61,87,27,21,18,26,130,68,9,20,103,135,129"/><W119/><G119/><T105/><D105/><U55/><E123/><V81/><F121/><W22/><G103/><T115/><D109/><U94/><E32/><V78/><F1/><W124/><G87/><T128/><D128/><N who="3" m="49257" /><G61/><T118/><D118/><U107/><E107/><V33/><F31/><N who="3" m="17863" /><G68/><T80/><D132/><U38/><E38/><V114/><F33/><W28/><G135/><T70/><D11/><U134/><E133/><V54/><F114/><N who="0" m="43562" /><D70/><U66/><E134/><V41/><F41/><W122/><G122/><T17/><D75/><U104/><E104/><V12/><F12/><N who="3" m="7439" /><G124/><T67/><D67/><U108/><E66/><V73/><REACH who="2" step="1"/><F81/><REACH who="2" ten="290,140,230,330" step="2"/><W77/><G77/><T71/><D34/><AGARI ba="2,1" hai="21,22,27,28,34" m="7439,17863,49257" machi="34" ten="30,5800,0" yaku="19,1,34,2" doraHai="111" who="3" fromWho="0" sc="290,-64,140,0,230,0,330,74" />
</Scene>
<Scene>
<INIT seed="3,3,0,5,3,23" ten="226,140,230,404" oya="3" hai0="45,55,115,13,48,52,68,97,85,57,78,71,14" hai1="100,121,98,58,24,31,80,124,33,47,9,60,42" hai2="128,111,90,3,135,43,77,28,53,127,44,116,1" hai3="114,81,96,2,87,93,103,109,49,12,89,22,37"/><W113/><G2/><T102/><D115/><N who="3" m="44041" /><G37/><T38/><D71/><U104/><E124/><V46/><F127/><W107/><G49/><T26/><D68/><U0/><E121/><V54/><F116/><W5/><G5/><T110/><D110/><U99/><E99/><V134/><F128/><W92/><G12/><T51/><D38/><U129/><E80/><V84/><F77/><N who="3" m="46511" /><G22/><T133/><D133/><N who="2" m="50698" /><F111/><W105/><G109/><T83/><REACH who="0" step="1"/><D26/><REACH who="0" ten="216,140,230,404" step="2"/><U32/><E129/><V27/><F27/><W25/><G25/><T122/><D122/><U15/><E33/><V119/><F119/><W61/><G61/><T117/><D117/><U41/><E0/><V50/><F3/><W30/><G30/><T70/><D70/><U75/><E75/><V4/><F28/><W73/><G73/><T34/><D34/><U59/><E60/><V101/><F1/><W131/><G131/><T16/><D16/><U95/><E24/><V65/><F4/><W130/><G130/><T64/><D64/><U82/><E31/><V36/><F65/><W66/><G66/><T10/><D10/><U62/><E32/><V20/><F20/><W17/><G17/><T35/><D35/><U126/><E62/><V125/><F125/><W29/><G29/><T72/><D72/><U112/><E126/><V18/><F18/><W132/><G132/><T76/><D76/><U74/><E112/><V40/><F101/><W106/><G93/><AGARI ba="3,1" hai="13,14,45,48,51,52,55,57,78,83,85,93,97,102" machi="93" ten="30,7700,0" yaku="1,1,7,1,8,1,54,1,53,0" doraHai="23" doraHaiUra="21" who="0" fromWho="3" sc="216,96,140,0,230,0,404,-86" /><AGARI ba="3,0" hai="36,40,43,44,46,50,53,54,84,90,93" m="50698" machi="93" ten="30,1000,0" yaku="20,1" doraHai="23" who="2" fromWho="3" sc="312,0,140,0,230,10,318,-10" />
</Scene>
<Scene>
<INIT seed="4,0,0,0,0,13" ten="312,140,240,308" oya="0" hai0="71,125,109,106,27,60,88,81,54,127,66,113,85" hai1="34,82,90,93,37,0,6,76,15,77,100,49,33" hai2="10,55,56,12,70,115,133,3,36,94,120,5,16" hai3="26,111,99,25,78,122,91,118,38,117,59,128,4"/><T7/><D106/><U107/><E0/><V58/><F120/><W8/><G38/><T86/><D113/><U14/><E37/><V32/><F32/><W19/><G111/><T42/><D109/><U48/><E33/><V96/><F70/><W124/><G122/><T63/><D42/><U130/><E34/><V135/><F115/><W73/><G78/><T31/><D7/><U65/><E65/><V46/><F36/><W61/><G73/><T28/><D86/><U44/><E48/><V62/><F46/><W50/><G50/><T24/><D24/><U47/><E47/><V11/><REACH who="2" step="1"/><F58/><REACH who="2" ten="312,140,230,308" step="2"/><W95/><G59/><N who="0" m="34935" /><D27/><U131/><E44/><V114/><F114/><W18/><G25/><T30/><D71/><U1/><E131/><V41/><F41/><W23/><G26/><T102/><D31/><U101/><E130/><V98/><F98/><W9/><G99/><T75/><D30/><U35/><E35/><V105/><F105/><W97/><G97/><T126/><D28/><U80/><E107/><V121/><F121/><W74/><G128/><T29/><D29/><U21/><E101/><AGARI ba="0,1" hai="3,5,10,11,12,16,55,56,62,94,96,101,133,135" machi="101" ten="40,5200,0" yaku="1,1,52,1,54,1,53,0" doraHai="13" doraHaiUra="22" who="2" fromWho="1" sc="312,0,140,-52,230,62,308,0" />
</Scene>
<Scene>
<INIT seed="5,0,0,1,0,88" ten="312,88,292,308" oya="1" hai0="111,101,131,123,134,100,67,81,96,63,127,85,17" hai1="133,108,82,41,9,52,99,89,130,44,109,50,118" hai2="25,80,36,76,117,65,34,35,15,62,24,30,74" hai3="114,91,86,69,28,55,112,102,61,132,68,16,54"/><U60/><E118/><V125/><F117/><W75/><G75/><T2/><D111/><N who="1" m="42571" /><E130/><V13/><F125/><W7/><G132/><T42/><D2/><U103/><E133/><V48/><F36/><W66/><G28/><T53/><D134/><U129/><E129/><V46/><F25/><W72/><G72/><T116/><D116/><U110/><N who="1" m="42579" /><U119/><DORA hai="58" /><E119/><V59/><REACH who="2" step="1"/><F34/><REACH who="2" ten="312,88,282,308" step="2"/><W0/><G112/><T93/><D127/><U3/><E3/><V1/><F1/><W124/><G114/><T77/><D131/><U121/><E121/><V64/><F64/><W128/><G66/><T45/><D67/><U79/><E9/><V26/><F26/><W115/><G115/><T135/><D123/><U49/><E89/><V104/><F104/><W23/><G91/><T56/><D135/><U113/><E113/><V32/><F32/><W19/><G0/><T21/><D100/><U71/><E71/><V94/><F94/><W105/><G68/><T57/><D93/><N who="1" m="58863" /><E82/><V37/><F37/><W14/><G69/><T29/><D101/><U120/><E120/><V8/><F8/><W40/><G102/><T87/><D81/><U97/><E97/><V18/><F18/><W92/><G16/><T98/><D17/><U22/><E22/><V6/><F6/><W78/><G19/><T126/><D21/><U106/><E106/><V95/><F95/><W5/><G23/><T27/><D98/><U43/><E79/><V10/><F10/><W20/><G78/><T4/><D77/><U38/><E41/><AGARI ba="0,1" hai="13,15,24,30,35,41,46,48,59,62,65,74,76,80" machi="41" ten="30,7700,0" yaku="1,1,7,1,52,1,53,1" doraHai="88,58" doraHaiUra="70,73" who="2" fromWho="1" sc="312,0,88,-77,282,87,308,0" />
</Scene>
<Scene>
<INIT seed="6,0,0,0,5,73" ten="312,11,369,308" oya="2" hai0="24,40,45,57,128,42,119,47,14,126,87,134,10" hai1="3,133,77,122,113,83,108,105,0,19,121,11,25" hai2="103,114,86,44,66,75,15,125,68,18,85,9,127" hai3="74,110,60,31,80,58,43,54,61,117,91,37,70"/><V33/><F75/><W118/><G110/><T115/><D115/><U17/><E108/><V99/><F114/><W6/><G31/><T69/><D69/><U93/><E113/><V64/><F33/><W129/><G6/><T21/><D128/><U5/><E105/><V39/><F39/><W63/><G129/><T132/><D126/><N who="2" m="48138" /><F44/><N who="0" m="16970" /><D87/><N who="2" m="33290" /><F68/><W96/><G43/><T101/><D57/><U67/><E67/><V94/><AGARI ba="0,0" hai="9,15,18,64,66,94,99,103" m="33290,48138" machi="94" ten="30,1500,0" yaku="18,1" doraHai="73" who="2" fromWho="2" sc="312,-5,11,-5,369,15,308,-5" />
</Scene>
<Scene>
<INIT seed="6,1,0,5,4,65" ten="307,6,384,303" oya="2" hai0="46,84,22,60,126,128,87,35,96,42,15,115,134" hai1="90,119,62,58,9,102,80,23,36,11,98,59,43" hai2="92,124,93,105,34,131,33,71,103,89,25,50,118" hai3="135,86,130,31,38,122,127,17,41,132,48,21,66"/><V47/><F118/><W32/><G122/><T39/><D35/><U24/><E119/><V79/><F71/><W52/><G66/><T20/><D115/><U56/><E43/><V40/><F79/><W68/><G130/><T54/><D128/><U109/><E36/><V28/><F34/><W5/><G5/><T12/><D126/><U114/><E109/><V104/><F124/><W123/><G127/><T91/><D134/><N who="3" m="51241" /><G123/><T57/><D96/><U82/><E114/><V72/><F72/><W55/><G31/><T27/><D22/><U108/><E108/><V53/><F131/><W77/><G32/><T129/><D129/><U125/><E125/><V85/><F103/><W51/><G38/><T116/><D116/><U45/><E45/><V67/><F67/><W70/><G41/><T83/><D84/><U2/><E2/><V18/><F93/><W81/><G51/><T37/><D39/><U1/><E1/><V7/><F7/><W26/><G55/><T76/><REACH who="0" step="1"/><D76/><REACH who="0" ten="297,6,384,303" step="2"/><U107/><E62/><V13/><F85/><W111/><G111/><T121/><D121/><U75/><E75/><V4/><F33/><W0/><G0/><T19/><AGARI ba="1,1" hai="12,15,19,20,27,37,42,46,54,57,60,83,87,91" machi="19" ten="20,2700,0" yaku="1,1,0,1,7,1,53,0" doraHai="65" doraHaiUra="88" who="0" fromWho="0" sc="297,40,6,-8,384,-14,303,-8" owari="337,14.0,-2,-50.0,370,46.0,295,-10.0" />
</Scene>
</mjloggm>