<mjloggm ver="2.3"><GO type="169"/><UN n0="%E5%A4%AA%E3%81%8F%E3%81%AA%E3%81%84%E3%81%8A" n1="%4C%49%47%48%54%53" n2="%72%75%6E%61%74%6F%73%68" n3="%E3%81%99%E3%81%9F%E3%83%BC%E3%82%89%E3%81%84%E3%81%A8%E3%81%B3%E3%83%BC" dan="18,16,17,16" rate="2181,2088,2122,2135" sx="M,M,M,F"/><TAIKYOKU oya="0"/>

<Scene>
<INIT seed="0,0,0,2,1,102" ten="250,250,250,250" oya="0" hai0="30,42,5,90,36,40,126,128,101,133,130,98,113" hai1="67,82,23,118,129,11,71,120,95,91,92,53,99" hai2="86,121,62,49,15,110,41,65,12,96,4,58,47" hai3="124,35,69,22,125,44,46,80,105,43,83,38,87"/><T97/><D113/><U21/><E118/><V3/><F121/><W19/><G35/><T75/><D75/><U79/><E120/><V112/><F112/><W27/><G69/><T131/><D126/><U94/><E129/><V61/><F110/><W72/><G46/><T81/><D133/><U52/><E11/><V56/><F86/><W24/><G24/><T20/><D5/><U123/><E123/><V109/><F109/><W33/><G33/><T48/><D36/><U34/><E34/><V25/><F25/><W114/><G114/><T119/><D119/><U64/><E99/><V76/><F76/><W78/><REACH who="3" step="1"/><G105/><REACH who="3" ten="250,250,250,240" step="2"/><N who="0" m="63663" /><D131/><U134/><E71/><V115/><F115/><W84/><G84/><T39/><D130/><U1/><E134/><V73/><F73/><W107/><G107/><T10/><D128/><U88/><E95/><V29/><F96/><W77/><AGARI ba="0,1" hai="19,22,27,38,43,44,72,77,78,80,83,87,124,125" machi="77" ten="30,4000,0" yaku="1,1,0,1,53,1" doraHai="102" doraHaiUra="104" who="3" fromWho="3" sc="250,-20,250,-10,250,-10,240,50" />
</Scene>
<Scene>
<INIT seed="1,0,0,3,3,33" ten="230,240,240,290" oya="1" hai0="112,46,74,36,72,52,79,41,63,109,81,5,107" hai1="49,100,56,83,89,32,8,43,111,120,21,99,85" hai2="130,9,75,134,129,125,66,19,58,16,20,26,39" hai3="65,114,94,38,82,13,124,51,88,95,34,12,60"/><U25/><E120/><V105/><F105/><W18/><G34/><T106/><D112/><U97/><E32/><V115/><F39/><W7/><G38/><T77/><D109/><U86/><E111/><V122/><F75/><W45/><G114/><T42/><D42/><U24/><E24/><V127/><F58/><W37/><G37/><T133/><D133/><U102/><E85/><V91/><F91/><W50/><G124/><N who="2" m="47689" /><F66/><W80/><G7/><T6/><D6/><U57/><E99/><V103/><F103/><W135/><G95/><T69/><D5/><U54/><E43/><V84/><F84/><W0/><G0/><T90/><D90/><U128/><E128/><N who="2" m="49259" /><F115/><W93/><G88/><T28/><D69/><U17/><E97/><V104/><F104/><W27/><G65/><T121/><D106/><U118/><E57/><V116/><F116/><W61/><G45/><T29/><D107/><U98/><E118/><V132/><F122/><W68/><G68/><T2/><D121/><U62/><E98/><V35/><F35/><W70/><G70/><T1/><D79/><U101/><E62/><V44/><F44/><W31/><G61/><T11/><D74/><U47/><E47/><V123/><F123/><W78/><G60/><T108/><D63/><U71/><E71/><V76/><F76/><W14/><G78/><T55/><D46/><U131/><E131/><V48/><F48/><W40/><G51/><T15/><D36/><U59/><E59/><V92/><F92/><W22/><G50/><T126/><D126/><U110/><E110/><V64/><F64/><RYUUKYOKU ba="0,0" sc="230,-15,240,15,240,15,290,-15" hai1="8,17,21,25,49,54,56,83,86,89,100,101,102" hai2="9,16,19,20,26,132,134" />
</Scene>
<Scene>
<INIT seed="1,1,0,4,5,61" ten="215,255,255,275" oya="1" hai0="106,73,77,17,135,130,71,85,63,59,129,41,134" hai1="132,131,122,83,104,60,93,29,110,46,32,31,44" hai2="123,33,19,40,62,51,57,125,9,37,50,69,0" hai3="98,86,76,99,36,48,102,43,7,90,55,78,12"/><U49/><E104/><V113/><F33/><W66/><G36/><T97/><D73/><U84/><E122/><V70/><F123/><W133/><G43/><T26/><D71/><U5/><E132/><N who="0" m="50729" /><D41/><U117/><E117/><V91/><F0/><W75/><G75/><T45/><D45/><U72/><E72/><V13/><F113/><W95/><G99/><T22/><D77/><U27/><E131/><V65/><F125/><W128/><G128/><T115/><D85/><U88/><E5/><V6/><F6/><W114/><G114/><T52/><D115/><U10/><E10/><V11/><F11/><W111/><G7/><T24/><D26/><U47/><E60/><V87/><F51/><W56/><G76/><T112/><D112/><U103/><E110/><V28/><F28/><W92/><G78/><T82/><D82/><U118/><E31/><V53/><F40/><W18/><G111/><T8/><D8/><U39/><E39/><V127/><F127/><W107/><G107/><T64/><D64/><U25/><E25/><V1/><F1/><W121/><G133/><T96/><D96/><U109/><E109/><V124/><F37/><W119/><G121/><T15/><D15/><U23/><E118/><V81/><REACH who="2" step="1"/><F124/><REACH who="2" ten="215,255,245,275" step="2"/><W126/><G126/><T3/><D3/><U74/><E49/><V4/><F4/><W100/><G119/><T80/><D129/><U116/><E116/><V108/><F108/><W94/><G48/><T42/><D130/><U79/><E32/><V38/><F38/><W89/><G98/><T35/><D35/><U16/><E29/><RYUUKYOKU ba="1,1" sc="215,-15,255,15,245,15,275,-15" hai1="16,23,27,44,46,47,74,79,83,84,88,93,103" hai2="9,13,19,50,53,57,62,65,69,70,81,87,91" />
</Scene>
<Scene>
<INIT seed="1,2,1,0,4,32" ten="200,270,260,260" oya="1" hai0="102,96,48,66,132,72,68,8,88,35,85,49,7" hai1="11,98,133,126,111,0,115,36,121,84,109,77,87" hai2="95,25,118,62,104,2,38,103,30,50,28,37,57" hai3="19,112,51,128,74,39,18,75,131,117,89,73,44"/><U27/><E36/><V71/><F118/><W94/><G39/><T4/><D35/><U47/><E115/><V64/><F28/><W21/><G112/><T125/><D72/><U53/><E121/><V91/><F50/><W76/><G76/><T135/><D125/><U61/><E126/><V20/><F2/><W92/><G117/><T45/><D66/><U24/><E98/><V56/><F56/><W107/><G107/><N who="0" m="63943" /><D68/><U23/><E133/><N who="0" m="51273" /><D45/><U34/><E34/><V93/><F71/><W60/><G60/><T100/><D100/><U110/><E77/><V123/><F104/><W101/><G101/><T9/><D9/><U82/><E82/><V31/><F31/><W90/><G94/><N who="0" m="54543" /><D7/><N who="1" m="1511" /><E27/><V42/><F123/><W33/><G33/><T15/><AGARI ba="2,1" hai="4,8,15,48,49" m="54543,51273,63943" machi="15" ten="30,2000,0" yaku="20,1,54,1" doraHai="32" who="0" fromWho="0" sc="200,36,270,-12,260,-7,260,-7" />
</Scene>
<Scene>
<INIT seed="2,0,0,5,3,30" ten="236,258,253,253" oya="2" hai0="45,16,14,61,6,65,127,115,49,116,21,43,92" hai1="60,81,29,42,9,2,125,4,78,72,18,114,35" hai2="33,119,71,39,83,52,55,10,23,56,46,97,3" hai3="90,59,109,131,123,36,48,112,66,99,24,25,32"/><V34/><F119/><W76/><G36/><T47/><D115/><U69/><E18/><V44/><F71/><W63/><G123/><T87/><D116/><U15/><E15/><V73/><F97/><W62/><G112/><T38/><D127/><U121/><E114/><V77/><F23/><W79/><G109/><T27/><D6/><U98/><E125/><V133/><F133/><W120/><G131/><T20/><D92/><U86/><E86/><V108/><F108/><W104/><G24/><T89/><D87/><U64/><E98/><V85/><F85/><W135/><G120/><T80/><D80/><U12/><E12/><V0/><F0/><W74/><G74/><T105/><D89/><U101/><E101/><V37/><F37/><W82/><G62/><T100/><D100/><U106/><E42/><N who="2" m="22623" /><F46/><W54/><G82/><T67/><D105/><U128/><E121/><V103/><F103/><W19/><G19/><T41/><REACH who="0" step="1"/><D61/><REACH who="0" ten="226,258,253,253" step="2"/><U5/><E5/><N who="2" m="1343" /><F55/><W22/><G54/><T122/><D122/><U130/><REACH who="1" step="1"/><E106/><REACH who="1" ten="226,248,253,253" step="2"/><V110/><F110/><W7/><G104/><T91/><D91/><U75/><E75/><V118/><F118/><W17/><G90/><T58/><D58/><U93/><E93/><V111/><F111/><W50/><G59/><T124/><D124/><U70/><E70/><V28/><F28/><AGARI ba="0,2" hai="14,16,20,21,27,28,38,41,43,45,47,49,65,67" machi="28" ten="30,3900,0" yaku="1,1,7,1,54,1,53,0" doraHai="30" doraHaiUra="84" who="0" fromWho="2" sc="226,59,248,0,253,-39,253,0" />
</Scene>
<Scene>
<INIT seed="3,0,0,5,1,4" ten="285,248,214,253" oya="3" hai0="100,134,50,62,73,40,70,38,111,14,19,9,21" hai1="46,20,15,28,16,26,112,41,107,63,39,30,2" hai2="123,116,6,47,53,105,106,85,0,110,96,76,66" hai3="57,129,104,37,65,64,83,35,12,61,101,117,89"/><W74/><G117/><T23/><D73/><U88/><E107/><V17/><F116/><W91/><G37/><T133/><D38/><U44/><E2/><V82/><F123/><W3/><G3/><T67/><D111/><U13/><E112/><V71/><F110/><W132/><G35/><T109/><D100/><U121/><E121/><V8/><F96/><W108/><G108/><T31/><D109/><U59/><E46/><V68/><F17/><W60/><G132/><N who="0" m="50795" /><D31/><U7/><E88/><V87/><F87/><W86/><G129/><T99/><D99/><U24/><E15/><V5/><F5/><W29/><G29/><T32/><D32/><U49/><E39/><V81/><F81/><W11/><G74/><T127/><D127/><U10/><REACH who="1" step="1"/><E26/><REACH who="1" ten="285,238,214,253" step="2"/><V126/><F106/><W128/><G104/><T130/><D130/><U43/><E43/><V131/><F105/><W114/><G128/><T122/><D122/><U80/><E80/><V135/><F131/><W113/><G91/><T102/><D102/><U93/><E93/><V54/><F135/><W118/><G101/><T98/><D98/><U18/><E18/><V84/><F82/><W51/><G118/><T1/><D1/><U75/><E75/><V94/><F0/><W77/><G89/><T58/><D40/><U56/><E56/><V42/><F42/><W25/><G25/><T115/><D115/><U34/><E34/><V27/><F27/><W97/><G114/><T124/><D124/><U69/><E69/><V78/><F71/><N who="3" m="42375" /><G113/><T95/><D95/><U90/><E90/><V48/><F126/><RYUUKYOKU ba="0,1" sc="285,15,238,15,214,-15,253,-15" hai0="9,14,19,21,23,50,58,62,67,70" hai1="7,10,13,16,20,24,28,30,41,44,49,59,63" />
</Scene>
<Scene>
<INIT seed="4,1,1,1,0,112" ten="300,253,199,238" oya="0" hai0="29,28,93,111,22,50,81,51,15,0,100,98,58" hai1="80,124,30,3,48,88,36,38,104,126,79,45,118" hai2="92,130,109,116,7,105,77,101,56,26,86,121,127" hai3="11,55,19,43,132,46,117,71,135,94,54,52,62"/><T110/><D0/><U67/><E104/><V108/><F7/><W97/><G71/><T76/><D15/><U91/><E3/><V27/><F121/><W47/><G62/><T96/><D96/><U90/><E67/><V20/><F105/><W49/><G46/><T18/><D18/><U107/><E107/><V44/><F44/><W115/><G115/><T42/><D42/><U61/><E61/><V33/><F33/><W4/><G19/><T70/><D70/><U65/><E65/><V2/><F2/><W133/><G11/><T8/><D8/><U69/><E30/><N who="0" m="11881" /><D58/><U34/><E34/><V21/><F56/><W13/><G13/><T25/><D22/><U78/><E69/><V87/><F101/><N who="3" m="60599" /><G4/><T59/><D25/><U113/><E113/><V129/><F92/><W60/><G60/><T99/><D99/><U84/><E79/><V103/><F103/><W66/><G66/><T102/><D59/><U131/><E131/><V72/><F77/><W85/><G85/><N who="0" m="48295" /><D100/><U6/><E6/><V119/><F72/><W64/><G64/><T106/><D106/><U120/><E120/><V63/><REACH who="2" step="1"/><F63/><REACH who="2" ten="300,253,189,238" step="2"/><W122/><G122/><T125/><D93/><U82/><E45/><V68/><F68/><W24/><G24/><T35/><D102/><U89/><E78/><V123/><F123/><W73/><G73/><T32/><D32/><U128/><E128/><V23/><F23/><W83/><G83/><T16/><D35/><U5/><E82/><V37/><F37/><W14/><G14/><T10/><D50/><U39/><N who="1" m="22528" /><DORA hai="95" /><U74/><E48/><RYUUKYOKU ba="1,2" sc="300,-15,253,-15,189,15,238,15" hai2="20,21,26,27,86,87,108,109,116,119,127,129,130" hai3="43,47,49,52,54,55,117,132,133,135" />
</Scene>
<Scene>
<INIT seed="5,2,2,2,1,40" ten="285,238,204,253" oya="1" hai0="120,88,7,1,48,23,87,52,115,50,3,65,114" hai1="98,67,133,36,64,121,131,6,39,60,37,100,129" hai2="72,119,56,79,123,94,108,42,116,11,19,126,35" hai3="125,44,105,49,18,43,12,82,73,124,0,110,130"/><U89/><E121/><V71/><F71/><W75/><G0/><T109/><D109/><U135/><E89/><V83/><F108/><W22/><G110/><T68/><D120/><U122/><E6/><V77/><F35/><W2/><G2/><T97/><D97/><U74/><E74/><V21/><F11/><W84/><G105/><T62/><D23/><U69/><E122/><V20/><F79/><W26/><G26/><T27/><D27/><U76/><E76/><V61/><F123/><W5/><G5/><T112/><D48/><U45/><E67/><V51/><F21/><W101/><G101/><T63/><D62/><U47/><E98/><V86/><F126/><N who="3" m="48747" /><G130/><N who="1" m="49674" /><E100/><V34/><F34/><W54/><G43/><T14/><D7/><U85/><E85/><V66/><F94/><W92/><G92/><N who="0" m="54303" /><D14/><U80/><E80/><V13/><REACH who="2" step="1"/><F72/><REACH who="2" ten="285,238,194,253" step="2"/><W32/><G32/><T16/><D16/><U29/><E29/><V58/><F58/><AGARI ba="2,3" hai="1,3,50,52,58,63,65,68,112,114,115" m="54303" machi="58" ten="30,3900,0" yaku="15,1,54,2" doraHai="40" who="0" fromWho="2" sc="285,75,238,0,194,-45,253,0" />
</Scene>
<Scene>
<INIT seed="6,0,0,0,4,89" ten="360,238,149,253" oya="2" hai0="25,12,115,65,85,73,66,14,38,11,117,19,21" hai1="79,80,54,88,83,42,93,121,22,37,114,41,43" hai2="36,29,28,129,64,45,94,113,111,102,110,97,9" hai3="68,10,108,53,78,27,100,105,122,63,81,51,58"/><V116/><F116/><W125/><G108/><N who="2" m="41513" /><F129/><W133/><G125/><T126/><D73/><U77/><E37/><V106/><F113/><W31/><G133/><T35/><D38/><U56/><E114/><V74/><F74/><W3/><G3/><T32/><D115/><U71/><E71/><V13/><F64/><W7/><G7/><T132/><D132/><U72/><E121/><V50/><F106/><W96/><G10/><T112/><D112/><U62/><E22/><V30/><F36/><W69/><G122/><T92/><D126/><U6/><E6/><N who="2" m="3255" /><F28/><W103/><G103/><T39/><D39/><U47/><E47/><V1/><F1/><W15/><G15/><T24/><D117/><U33/><E33/><V59/><F59/><W2/><G2/><T104/><D104/><U55/><E55/><AGARI ba="0,0" hai="29,30,45,50,55,94,97,102" m="3255,41513" machi="55" ten="30,2900,0" yaku="10,1,52,1" doraHai="89" who="2" fromWho="1" sc="360,0,238,-29,149,29,253,0" />
</Scene>
<Scene>
<INIT seed="6,1,0,5,1,105" ten="360,209,178,253" oya="2" hai0="5,55,122,39,75,44,104,57,81,127,67,41,28" hai1="120,108,107,72,101,119,9,124,65,121,123,24,52" hai2="37,17,102,23,71,16,92,128,56,35,59,22,60" hai3="4,100,11,38,132,117,93,77,32,106,34,70,62"/><V46/><F35/><W76/><G93/><T88/><D122/><U2/><E108/><V99/><F71/><W51/><G51/><T49/><D104/><U126/><E119/><V111/><F111/><W78/><G117/><T33/><D127/><N who="1" m="48683" /><E65/><V89/><F128/><W53/><G53/><T58/><D5/><N who="1" m="1207" /><E24/><V43/><F102/><W114/><G38/><T14/><D14/><U113/><E52/><V19/><REACH who="2" step="1"/><F59/><REACH who="2" ten="360,209,168,253" step="2"/><W134/><G100/><T45/><D33/><U90/><E113/><V66/><AGARI ba="1,1" hai="16,17,19,22,23,37,43,46,56,60,66,89,92,99" machi="66" ten="30,11700,0" yaku="1,1,2,1,0,1,54,1,53,0" doraHai="105" doraHaiUra="125" who="2" fromWho="2" sc="360,-40,209,-40,168,130,253,-40" />
</Scene>
<Scene>
<INIT seed="6,2,0,5,4,16" ten="320,169,298,213" oya="2" hai0="66,22,4,128,111,93,14,75,51,102,28,62,78" hai1="34,88,13,17,8,103,134,12,44,76,6,84,100" hai2="40,67,112,95,126,53,31,36,43,125,132,33,65" hai3="48,37,79,104,135,109,77,82,113,25,56,94,123"/><V91/><F132/><W72/><G104/><T52/><D111/><U87/><E34/><V49/><F33/><W30/><G37/><T55/><D128/><U57/><E134/><V89/><F31/><W21/><G135/><T98/><D75/><U90/><E76/><V59/><F112/><W70/><G70/><T127/><D127/><N who="2" m="48650" /><F91/><W29/><G79/><T80/><D4/><U54/><E44/><N who="2" m="23559" /><F43/><W85/><G113/><T73/><D51/><U71/><E71/><V105/><F105/><W20/><G109/><T39/><D39/><U119/><E119/><V97/><AGARI ba="2,0" hai="49,53,59,65,67,89,95,97" m="23559,48650" machi="97" ten="30,1500,0" yaku="18,1" doraHai="16" who="2" fromWho="2" sc="320,-7,169,-7,298,21,213,-7" />
</Scene>
<Scene>
<INIT seed="6,3,0,5,5,85" ten="313,162,319,206" oya="2" hai0="87,120,113,66,53,29,3,2,72,47,16,70,75" hai1="15,102,130,30,127,110,115,107,73,0,42,112,38" hai2="24,50,77,37,46,128,119,1,14,125,40,21,23" hai3="56,64,18,54,39,131,69,45,124,129,8,71,135"/><V58/><F119/><W6/><G18/><T55/><D120/><U32/><RYUUKYOKU type="yao9" ba="3,0" sc="313,0,162,0,319,0,206,0" hai1="0,15,30,32,38,42,73,102,107,110,112,115,127,130" />
</Scene>
<Scene>
<INIT seed="6,4,0,2,5,87" ten="313,162,319,206" oya="2" hai0="129,12,0,135,118,4,11,77,61,80,49,47,27" hai1="72,60,100,107,20,93,95,52,116,44,78,108,99" hai2="5,34,103,33,113,59,39,53,6,29,82,126,74" hai3="71,19,30,68,66,96,106,109,110,70,73,35,3"/><V117/><F39/><W50/><G19/><T37/><D135/><U127/><E108/><V130/><F117/><W133/><G50/><T91/><D118/><U81/><E116/><V122/><F122/><W48/><G48/><T79/><D129/><U17/><E127/><V56/><F126/><W86/><G86/><N who="0" m="50631" /><D0/><U65/><E44/><V1/><F130/><W105/><G133/><T97/><D37/><U125/><E125/><V16/><F103/><W83/><G3/><T84/><D97/><U104/><E104/><V62/><F1/><W22/><G106/><T26/><D61/><U102/><E102/><V90/><F74/><W24/><G22/><T92/><D92/><U64/><E64/><V101/><F101/><W7/><G7/><T112/><D112/><U132/><E132/><V10/><F113/><W131/><G131/><T21/><D84/><U23/><E23/><V67/><F33/><W45/><G45/><T85/><D85/><U121/><E121/><V42/><F34/><W58/><G110/><T111/><D111/><U124/><E124/><V88/><F82/><W32/><G109/><T15/><D15/><U54/><E95/><V89/><F42/><W38/><G38/><T134/><D134/><U55/><E107/><V31/><F6/><W28/><G105/><T114/><D114/><U119/><E119/><V94/><F5/><W36/><G36/><T57/><D57/><U69/><REACH who="1" step="1"/><E55/><REACH who="1" ten="313,152,319,206" step="2"/><V18/><F94/><W40/><G66/><T98/><D21/><U41/><E41/><V25/><F53/><W115/><G40/><T2/><D47/><RYUUKYOKU ba="4,1" sc="313,-10,152,30,319,-10,206,-10" hai1="17,20,52,54,60,65,69,72,78,81,93,99,100" />
</Scene>
<Scene>
<INIT seed="7,5,1,0,0,123" ten="303,182,309,196" oya="3" hai0="48,119,83,15,18,131,24,60,127,108,100,128,7" hai1="21,66,73,17,29,38,86,70,49,45,133,63,82" hai2="135,91,20,77,33,26,97,98,85,64,14,22,2" hai3="87,69,68,42,39,103,16,35,105,71,5,116,27"/><W76/><G116/><T6/><D108/><U50/><E73/><V41/><F2/><W75/><G75/><T80/><D119/><U93/><E29/><V52/><F41/><W99/><G5/><N who="0" m="1547" /><D127/><U74/><E74/><V47/><F64/><W51/><G39/><T19/><D100/><U46/><E93/><V104/><F77/><W65/><G76/><T58/><D48/><U67/><E67/><V95/><F33/><W92/><G87/><T109/><D109/><U132/><E38/><V62/><F104/><W106/><G65/><N who="0" m="39063" /><D24/><N who="1" m="14383" /><E49/><N who="2" m="28735" /><F62/><W36/><G36/><T34/><D34/><U1/><E50/><V59/><F59/><W110/><G110/><T129/><D19/><U79/><E1/><V124/><F124/><W117/><G117/><T125/><D125/><U30/><E30/><N who="2" m="17735" /><F135/><AGARI ba="5,1" hai="45,46,63,66,70,79,82,86,132,133,135" m="14383" machi="135" ten="30,1000,0" yaku="20,1" doraHai="123" who="1" fromWho="2" sc="303,0,182,35,309,-25,196,0" owari="303,40.0,217,-18.0,284,8.0,196,-30.0" />
</Scene>
</mjloggm>