<mjloggm ver="2.3"><GO type="169"/><UN n0="%E5%A4%AA%E3%81%8F%E3%81%AA%E3%81%84%E3%81%8A" n1="%E5%AF%BE%E5%AD%90%E3%81%AE%E7%8E%8B%E6%A7%98" n2="%E5%B7%9D%E4%BA%95" n3="%4B%69%53%68%69%6D%40" dan="16,17,16,16" rate="2083,2086,2111,2053" sx="M,M,M,M"/><TAIKYOKU oya="0"/>

<Scene>
<INIT seed="0,0,0,1,2,3" ten="250,250,250,250" oya="0" hai0="14,131,110,120,97,13,2,90,52,53,112,32,25" hai1="72,123,118,34,74,133,45,43,19,104,60,17,117" hai2="128,27,33,61,83,9,5,119,57,84,64,122,109" hai3="11,95,39,12,79,92,88,51,130,81,96,70,36"/><T10/><D120/><U18/><E34/><V101/><F122/><W44/><G130/><T24/><D112/><U1/><E123/><V78/><F119/><W26/><G70/><T126/><D2/><U67/><E104/><V68/><F128/><W114/><G114/><T103/><D131/><U121/><E121/><V37/><F37/><W41/><G26/><N who="0" m="10347" /><D32/><U105/><E105/><V31/><F101/><W98/><G81/><T124/><D90/><U129/><E129/><V49/><F109/><W80/><G95/><N who="0" m="58815" /><D110/><U23/><E1/><V48/><F68/><W82/><G96/><T59/><D59/><U91/><E91/><V100/><F100/><W135/><G135/><T86/><D86/><U38/><E133/><V50/><F50/><W94/><G94/><T116/><D116/><U62/><E62/><V22/><F33/><W113/><G113/><T7/><D14/><AGARI ba="0,0" hai="5,9,14,22,27,31,48,49,57,61,64,78,83,84" machi="14" ten="30,3900,0" yaku="7,1,8,1,52,1" doraHai="3" who="2" fromWho="0" sc="250,-39,250,0,250,39,250,0" />
</Scene>
<Scene>
<INIT seed="1,0,0,1,5,68" ten="211,250,289,250" oya="1" hai0="89,17,130,126,16,27,8,48,49,93,91,11,52" hai1="127,1,31,115,104,75,88,19,61,85,133,32,25" hai2="7,129,79,37,33,30,82,0,122,53,97,98,54" hai3="117,124,134,106,43,40,77,121,64,28,60,125,118"/><U22/><E133/><V5/><F122/><W14/><G106/><T110/><D110/><U96/><E127/><N who="3" m="48714" /><G77/><T56/><D126/><U105/><E115/><V102/><F129/><W120/><G28/><T41/><D130/><U100/><E1/><V39/><F33/><W132/><G14/><T101/><D101/><U18/><E75/><V92/><F30/><W36/><G120/><T78/><D78/><U83/><E105/><V57/><F54/><W44/><G43/><T10/><D27/><U20/><E20/><V87/><F98/><W74/><G74/><T76/><D76/><U47/><E22/><V90/><F79/><W59/><G121/><T86/><D89/><U29/><E29/><V108/><F108/><W67/><G67/><T111/><D111/><U116/><E116/><AGARI ba="0,0" hai="36,40,44,59,60,64,116,117,118,132,134" m="48714" machi="116" ten="30,8000,1" yaku="12,1,18,1,34,2,52,1" doraHai="68" who="3" fromWho="1" sc="211,0,250,-80,289,0,250,80" />
</Scene>
<Scene>
<INIT seed="2,0,0,1,4,133" ten="211,170,289,330" oya="2" hai0="10,12,70,52,9,124,37,0,13,127,91,135,98" hai1="130,132,26,73,117,125,62,68,42,33,4,99,41" hai2="46,121,77,93,95,23,64,86,72,100,36,129,87" hai3="74,134,89,114,103,17,128,16,55,123,58,2,101"/><V5/><F121/><W27/><G2/><T84/><D37/><U96/><E73/><V97/><F129/><W6/><G123/><T59/><D70/><U71/><E117/><V29/><F64/><W18/><G74/><T83/><D135/><U80/><E132/><V63/><F63/><W75/><G134/><T69/><D69/><U85/><E130/><V47/><F72/><W43/><G128/><T24/><D24/><U50/><E4/><V120/><F120/><W25/><G75/><T19/><D98/><U113/><E113/><V28/><F36/><W34/><G114/><T92/><D83/><U94/><E80/><N who="2" m="47375" /><F5/><W78/><G78/><T54/><D0/><U7/><E7/><V102/><F23/><W108/><G6/><N who="0" m="3127" /><D59/><U38/><E38/><V88/><F102/><W65/><G103/><T40/><D40/><U104/><E42/><V31/><AGARI ba="0,0" hai="28,29,31,46,47,87,88,93,95,97,100" m="47375" machi="31" ten="30,3000,0" yaku="8,1,54,1" doraHai="133" who="2" fromWho="2" sc="211,-10,170,-10,289,30,330,-10" />
</Scene>
<Scene>
<INIT seed="2,1,0,2,5,51" ten="201,160,319,320" oya="2" hai0="49,42,81,3,79,77,115,55,92,15,133,11,43" hai1="5,50,19,37,18,7,21,46,27,95,12,126,16" hai2="116,20,41,99,26,66,124,63,75,60,113,6,96" hai3="101,108,84,122,72,120,39,22,68,17,33,69,44"/><V102/><F116/><W118/><G118/><T13/><D115/><U114/><E114/><V85/><F113/><W57/><G72/><T112/><D112/><U35/><E37/><V83/><F75/><W58/><G33/><T131/><D131/><U100/><E35/><V1/><F99/><W125/><G101/><T28/><D133/><U74/><E74/><V8/><F41/><N who="0" m="15370" /><D3/><U34/><E34/><V62/><F124/><W9/><G9/><T73/><D73/><U29/><E126/><V45/><F45/><W56/><G125/><T65/><D65/><U94/><E100/><V30/><F85/><W54/><G84/><N who="0" m="48175" /><D79/><U134/><E134/><V25/><F25/><W121/><G108/><T93/><D28/><U40/><E12/><N who="0" m="4681" /><D11/><U91/><REACH who="1" step="1"/><E95/><REACH who="1" ten="201,150,319,320" step="2"/><V88/><F83/><W24/><G39/><T103/><D103/><U105/><E105/><V31/><F31/><W78/><G121/><T90/><D90/><U130/><E130/><V14/><F1/><W98/><G120/><T61/><D61/><U52/><E52/><V127/><F127/><W64/><G122/><T107/><D107/><U89/><E89/><V53/><F102/><W4/><G54/><T71/><D92/><U48/><E48/><V119/><F119/><W47/><G78/><T97/><D93/><U123/><E123/><V10/><F53/><W23/><G64/><T0/><D0/><U106/><E106/><V59/><F10/><W80/><G80/><T111/><D55/><U86/><AGARI ba="1,1" hai="5,7,16,18,19,21,27,29,40,46,50,86,91,94" machi="86" ten="30,7900,0" yaku="1,1,0,1,8,1,54,1,53,0" doraHai="51" doraHaiUra="135" who="1" fromWho="1" sc="201,-21,150,92,319,-40,320,-21" />
</Scene>
<Scene>
<INIT seed="3,0,0,2,5,88" ten="180,242,279,299" oya="3" hai0="96,8,43,63,128,68,104,79,100,111,109,99,132" hai1="36,54,86,60,20,77,49,133,123,125,12,73,5" hai2="11,21,47,62,92,72,103,85,113,26,95,66,118" hai3="40,41,87,7,9,24,6,134,16,45,130,18,129"/><W56/><G134/><T110/><D43/><U51/><E123/><V76/><F118/><W115/><G115/><T127/><D8/><U55/><E36/><V35/><F113/><W53/><G87/><T93/><D132/><U23/><E133/><V30/><F72/><W75/><G75/><T34/><D34/><U126/><E73/><V101/><F35/><W2/><G6/><T27/><D27/><U38/><E38/><V108/><F108/><W114/><G114/><T14/><D14/><U69/><E69/><V4/><F47/><W61/><G41/><T135/><D135/><U13/><E60/><V65/><F85/><W83/><G83/><T58/><D128/><N who="3" m="49257" /><G24/><T120/><D120/><U84/><E5/><V28/><F76/><AGARI ba="0,0" hai="12,13,20,23,49,51,54,55,76,77,84,86,125,126" machi="76" ten="25,1600,0" yaku="22,2" doraHai="88" who="1" fromWho="2" sc="180,0,242,16,279,-16,299,0" />
</Scene>
<Scene>
<INIT seed="4,0,0,1,5,104" ten="180,258,263,299" oya="0" hai0="125,133,57,20,86,113,65,6,122,53,8,22,70" hai1="2,124,11,77,60,76,128,46,40,118,31,25,39" hai2="120,129,92,108,106,79,132,98,68,16,18,101,28" hai3="66,88,109,54,7,102,115,80,14,23,49,78,44"/><T12/><D122/><U34/><E118/><V90/><F120/><W114/><G109/><T1/><D113/><N who="3" m="43017" /><G102/><T5/><D125/><U9/><E124/><V21/><F108/><W24/><G66/><T42/><D133/><U36/><E128/><V116/><F68/><W58/><G88/><T38/><D5/><U61/><E39/><V37/><F132/><W19/><G7/><T56/><D1/><U41/><E41/><V135/><F135/><W85/><G24/><T82/><D70/><U59/><E11/><V96/><F116/><W75/><G44/><T17/><D65/><U130/><E130/><V13/><F129/><W134/><G134/><T100/><D100/><U33/><E33/><V72/><F37/><W127/><G127/><T73/><D38/><U47/><E47/><V0/><F0/><W74/><AGARI ba="0,0" hai="14,19,23,49,54,58,74,75,78,80,85" m="43017" machi="74" ten="30,4000,0" yaku="15,1,52,2" doraHai="104" who="3" fromWho="3" sc="180,-20,258,-10,263,-10,299,40" />
</Scene>
<Scene>
<INIT seed="5,0,0,5,3,119" ten="160,248,253,339" oya="1" hai0="11,33,69,83,97,67,31,91,81,24,1,47,123" hai1="56,74,59,133,23,128,84,58,12,13,66,93,43" hai2="71,103,124,116,88,48,108,5,20,134,38,127,7" hai3="6,75,79,111,51,49,104,15,41,27,34,63,18"/><U131/><E74/><V68/><F116/><W77/><G111/><T0/><D69/><U115/><E43/><V29/><F108/><W26/><G104/><T106/><D67/><U60/><E115/><V117/><F117/><W73/><G6/><T110/><D110/><U76/><E133/><V61/><F38/><W109/><G109/><T52/><D106/><U130/><E76/><N who="3" m="29258" /><G34/><T122/><D97/><U4/><E4/><V57/><F103/><W25/><G75/><T90/><D81/><U45/><E45/><V37/><F37/><W2/><G2/><T54/><D11/><U64/><E23/><V87/><F134/><W46/><G73/><T8/><D8/><U40/><E40/><V98/><F98/><W14/><G63/><T135/><D135/><U94/><E84/><V132/><F132/><W95/><G49/><N who="0" m="28735" /><D54/><U19/><E19/><V85/><F85/><W82/><G82/><T100/><D100/><U125/><E125/><V120/><F48/><W80/><G80/><T32/><D32/><U55/><E55/><V72/><F72/><W28/><G28/><T96/><D83/><U99/><E99/><V107/><F107/><W22/><G95/><N who="1" m="36362" /><E60/><V105/><F105/><W112/><G112/><T35/><D35/><U118/><E118/><V30/><F61/><W44/><G44/><T62/><D62/><U129/><E129/><V65/><F127/><W102/><G102/><T50/><D50/><U17/><E17/><V10/><F124/><W92/><G92/><N who="0" m="56343" /><D91/><U53/><E53/><V89/><F89/><W9/><G9/><T121/><AGARI ba="0,0" hai="0,1,24,31,33,121,122,123" m="56343,28735" machi="121" ten="30,12000,2" yaku="5,1,13,1,52,3,54,1" doraHai="119" who="0" fromWho="0" sc="160,120,248,-60,253,-30,339,-30" />
</Scene>
<Scene>
<INIT seed="6,0,0,3,3,114" ten="280,188,223,309" oya="2" hai0="122,3,50,92,66,47,68,48,42,46,107,116,125" hai1="133,105,74,34,83,72,113,96,31,84,71,5,59" hai2="82,86,124,123,32,104,61,57,35,134,28,111,119" hai3="38,85,110,16,135,109,112,17,55,1,126,43,91"/><V2/><F123/><W93/><G1/><T18/><D107/><U129/><E71/><V67/><F104/><W60/><G135/><T79/><D3/><U99/><E5/><V73/><F73/><W106/><G106/><T20/><D122/><U62/><E113/><V63/><F2/><W30/><G112/><T102/><D79/><U19/><E133/><V88/><F134/><W130/><G30/><T64/><D125/><U100/><E129/><V14/><F28/><W77/><G130/><T127/><D68/><U89/><E99/><V29/><F29/><W41/><G126/><T7/><D7/><U75/><E19/><N who="3" m="7242" /><G38/><T90/><D102/><U121/><E121/><V10/><F124/><W81/><G110/><T39/><D39/><U44/><E44/><V52/><F111/><W45/><G109/><T58/><D58/><U117/><E31/><V120/><F120/><W115/><G115/><T94/><D116/><U65/><REACH who="1" step="1"/><E34/><REACH who="1" ten="280,178,223,309" step="2"/><V53/><F119/><AGARI ba="0,1" hai="59,62,65,72,74,75,83,84,89,96,100,105,117,119" machi="119" ten="40,8000,1" yaku="1,1,2,1,52,2,53,0" doraHai="114" doraHaiUra="51" who="1" fromWho="2" sc="280,0,178,90,223,-80,309,0" />
</Scene>
<Scene>
<INIT seed="7,0,0,1,2,34" ten="280,268,143,309" oya="3" hai0="26,120,8,29,79,86,97,71,101,124,118,25,96" hai1="65,2,30,53,12,21,48,107,67,56,66,89,102" hai2="28,76,85,123,7,27,47,110,99,16,129,130,37" hai3="14,5,54,31,134,23,113,73,4,103,1,42,105"/><W70/><G73/><T60/><D120/><U104/><E2/><V133/><F123/><W84/><G70/><T114/><D118/><U24/><E102/><V13/><F110/><W115/><G42/><T106/><D124/><U83/><E12/><V135/><F99/><N who="3" m="61695" /><G1/><T17/><D97/><U20/><E20/><V44/><F37/><W35/><G134/><N who="2" m="51209" /><F85/><W43/><G43/><T39/><D39/><U128/><E128/><N who="2" m="49259" /><F76/><W93/><G35/><T116/><D116/><U49/><E49/><V64/><F64/><W87/><G54/><T33/><D114/><N who="3" m="43529" /><G93/><T10/><D79/><U108/><E108/><V119/><F119/><W15/><G15/><T77/><D77/><U75/><E75/><V90/><F90/><W68/><G68/><T46/><D86/><N who="3" m="32809" /><G14/><T72/><D72/><U95/><E83/><V98/><F98/><W92/><G92/><T82/><D82/><U121/><E121/><V0/><F7/><W63/><G63/><T132/><D132/><U50/><E107/><V3/><F44/><W80/><G80/><T11/><D46/><U22/><E104/><V81/><F47/><W9/><G9/><T88/><D88/><U100/><E89/><V125/><F81/><W61/><G61/><T45/><D45/><N who="1" m="27791" /><E95/><V40/><F40/><W91/><G91/><T94/><D94/><U122/><E122/><V18/><F125/><W78/><G78/><T62/><D71/><U6/><E6/><V126/><F126/><W38/><G38/><T36/><D36/><U19/><E100/><V109/><F109/><W111/><G111/><T117/><D117/><RYUUKYOKU ba="0,0" sc="280,15,268,-15,143,-15,309,15" hai0="8,10,11,17,25,26,29,33,60,62,96,101,106" hai3="4,5,23,31" owari="295,10.0,253,-15.0,128,-37.0,324,42.0" />
</Scene>
</mjloggm>