<mjloggm ver="2.3"><GO type="169"/><UN n0="%E6%9C%A7%E5%A4%8F%E6%9C%88" n1="%E4%BD%90%E5%80%89%E7%B4%97%E7%B9%94" n2="%52%4F%54%54%45%4E" n3="%E5%A4%AA%E3%81%8F%E3%81%AA%E3%81%84%E3%81%8A" dan="18,16,16,17" rate="2223,2114,2078,2186" sx="M,F,M,M"/><TAIKYOKU oya="0"/>

<Scene>
<INIT seed="0,0,0,3,3,69" ten="250,250,250,250" oya="0" hai0="123,115,104,26,56,86,64,6,74,102,131,71,48" hai1="44,120,19,10,77,5,87,31,83,36,96,124,32" hai2="43,116,103,13,11,98,4,25,112,81,55,106,117" hai3="99,72,82,29,30,89,132,73,75,47,52,27,105"/><T23/><D74/><U78/><E120/><V41/><F112/><W108/><G108/><T130/><D115/><U127/><E96/><V109/><F109/><W51/><G132/><T113/><D113/><U1/><E19/><V8/><F25/><W53/><G53/><T2/><D123/><U21/><E78/><V135/><F135/><W110/><G110/><T90/><D71/><U79/><E21/><V134/><F134/><W70/><G70/><T92/><D102/><U14/><E14/><V46/><F81/><W80/><G30/><T33/><D104/><U9/><E79/><V20/><F20/><W54/><G54/><T66/><D33/><U45/><E10/><V57/><F8/><W24/><G24/><T40/><D6/><U59/><E59/><V22/><F22/><W122/><G122/><T93/><D93/><U88/><E77/><V91/><F91/><W28/><G28/><N who="0" m="17503" /><D2/><U49/><E31/><V39/><REACH who="2" step="1"/><F41/><REACH who="2" ten="250,250,240,250" step="2"/><W67/><G80/><T35/><D40/><U16/><E9/><V38/><F38/><W65/><G82/><T128/><D35/><U62/><E36/><V34/><F34/><W100/><G89/><T95/><D90/><U76/><E88/><V7/><F7/><W17/><G17/><T97/><D131/><U126/><E83/><V101/><F101/><W68/><G27/><T58/><D130/><U63/><E5/><V42/><F42/><W94/><G29/><T125/><D128/><U119/><E32/><V0/><F0/><W18/><G18/><T3/><D3/><U12/><E16/><V133/><F133/><RYUUKYOKU ba="0,1" sc="250,-10,250,-10,240,30,250,-10" hai2="4,11,13,39,43,46,55,57,98,103,106,116,117" />
</Scene>
<Scene>
<INIT seed="1,1,1,4,2,113" ten="240,240,270,240" oya="1" hai0="70,43,21,126,93,0,84,66,118,98,13,80,78" hai1="107,26,9,120,99,62,81,18,44,7,61,3,28" hai2="123,16,131,101,27,2,46,121,116,106,112,85,47" hai3="31,97,10,6,15,103,69,82,87,40,95,129,108"/><U29/><E120/><V22/><F2/><W32/><G108/><T52/><D0/><U63/><E44/><V110/><F112/><W96/><G129/><T130/><D130/><U38/><E38/><V89/><F131/><W88/><G69/><T135/><D43/><U83/><E18/><V30/><F110/><W86/><G40/><T58/><D126/><U111/><E111/><V51/><F30/><W117/><G117/><T17/><D135/><U8/><E8/><V64/><F64/><W53/><G53/><T104/><D104/><U134/><E134/><V59/><F116/><W50/><G50/><T68/><D66/><U1/><E1/><V25/><F25/><W91/><REACH who="3" step="1"/><G103/><REACH who="3" ten="240,240,270,230" step="2"/><T37/><D118/><U125/><E125/><V127/><F101/><W71/><G71/><T79/><D37/><U119/><E119/><V19/><F51/><W74/><G74/><T49/><REACH who="0" step="1"/><D79/><REACH who="0" ten="230,240,270,230" step="2"/><U60/><E107/><V102/><F106/><W39/><G39/><T67/><D67/><U45/><E3/><V92/><F127/><W36/><G36/><T20/><D20/><U55/><E55/><V24/><F22/><W114/><G114/><T11/><D11/><U124/><E9/><V65/><F65/><W100/><G100/><AGARI ba="1,3" hai="13,17,21,49,52,58,68,70,78,80,84,93,98,100" machi="100" ten="30,7700,0" yaku="1,1,7,1,54,1,53,1" doraHai="113" doraHaiUra="14" who="0" fromWho="3" sc="230,110,240,0,270,0,230,-80" />
</Scene>
<Scene>
<INIT seed="2,0,0,4,2,110" ten="340,240,270,150" oya="2" hai0="72,4,81,73,59,112,92,13,70,79,31,55,45" hai1="66,91,102,30,71,40,46,113,52,10,108,129,35" hai2="28,48,105,101,116,36,98,120,135,49,68,50,22" hai3="38,1,2,12,26,76,99,93,131,61,5,16,77"/><V53/><F120/><W90/><G38/><T127/><D70/><U87/><E108/><V74/><F116/><W114/><G131/><T65/><D31/><U14/><E129/><V15/><F74/><W85/><G114/><T47/><D73/><U58/><E102/><V95/><F68/><W117/><G117/><T56/><D127/><U124/><E124/><V132/><F36/><W44/><G44/><T33/><D33/><U42/><E71/><V104/><F53/><W17/><G61/><T60/><D112/><U43/><E66/><V126/><F126/><W6/><G26/><T18/><D92/><U133/><E133/><N who="2" m="51275" /><F15/><W89/><G2/><T84/><D4/><N who="3" m="1641" /><G1/><T62/><REACH who="0" step="1"/><D72/><REACH who="0" ten="330,240,270,150" step="2"/><U29/><E35/><V83/><F83/><N who="3" m="49343" /><G17/><T78/><D78/><U41/><E113/><V80/><F80/><W69/><G69/><T34/><D34/><U94/><N who="1" m="10240" /><DORA hai="9" /><U19/><REACH who="1" step="1"/><E46/><REACH who="1" ten="330,230,270,150" step="2"/><V32/><F32/><W111/><G111/><T11/><AGARI ba="0,2" hai="11,13,18,45,47,55,56,59,60,62,65,79,81,84" machi="11" ten="20,8000,1" yaku="1,1,0,1,7,1,8,1,52,1,53,0" doraHai="110,9" doraHaiUra="20,23" who="0" fromWho="0" sc="330,100,230,-20,270,-40,150,-20" />
</Scene>
<Scene>
<INIT seed="3,0,0,2,0,43" ten="430,210,230,130" oya="3" hai0="92,112,132,36,4,130,41,90,81,28,7,109,11" hai1="40,56,73,134,79,122,13,10,24,128,63,45,88" hai2="129,105,78,52,30,87,20,71,34,72,9,38,54" hai3="29,94,104,91,39,85,86,97,102,51,96,84,46"/><W19/><G29/><T65/><D109/><U67/><E122/><V58/><F34/><W123/><G123/><T31/><D65/><U108/><E108/><V55/><F72/><W50/><REACH who="3" step="1"/><G19/><REACH who="3" ten="430,210,230,120" step="2"/><T42/><D28/><U101/><E24/><V64/><F30/><W74/><G74/><T18/><D18/><U53/><E73/><V25/><F25/><W68/><G68/><T26/><D31/><U15/><E15/><V124/><F71/><W47/><G47/><T98/><D26/><U89/><E13/><V35/><F35/><W107/><G107/><T103/><D112/><U22/><E45/><V135/><F105/><W60/><G60/><T110/><D110/><U70/><E63/><V12/><F12/><W106/><G106/><T115/><D115/><U14/><E14/><V127/><F9/><W59/><G59/><T125/><D11/><U133/><E56/><V21/><F58/><W82/><G82/><T16/><D81/><U80/><E80/><V99/><F21/><W119/><G119/><T23/><D16/><U37/><E22/><V6/><F20/><W131/><G131/><T93/><D130/><U61/><E10/><V113/><F129/><W118/><G118/><T62/><D62/><U5/><E61/><V2/><F113/><W33/><G33/><T27/><D23/><U8/><E8/><V75/><F75/><W48/><G48/><T114/><D27/><U3/><E128/><V117/><F117/><W83/><G83/><T57/><D57/><U44/><E70/><V1/><F64/><W95/><G95/><T121/><D114/><RYUUKYOKU ba="0,1" sc="430,-10,210,-10,230,-10,120,30" hai3="39,46,50,51,84,85,86,91,94,96,97,102,104" />
</Scene>
<Scene>
<INIT seed="3,1,1,3,3,110" ten="420,200,220,150" oya="3" hai0="40,12,21,32,2,113,129,20,85,16,42,43,30" hai1="75,121,112,99,62,53,22,57,100,45,107,61,125" hai2="116,91,46,59,11,124,103,98,80,66,65,122,95" hai3="52,106,73,31,36,135,79,83,118,24,81,76,47"/><W48/><G135/><T84/><D129/><U58/><E121/><V49/><F122/><W90/><G118/><T134/><D134/><U78/><E45/><V28/><F116/><W25/><G106/><T4/><D21/><U9/><E125/><V94/><F124/><W127/><G127/><T56/><D56/><U86/><E75/><V82/><F28/><W70/><G70/><T115/><D4/><U92/><E9/><V0/><F0/><W5/><G5/><T60/><D60/><U109/><E109/><V102/><F11/><W34/><G36/><T104/><D104/><U128/><E128/><V130/><F130/><W35/><G90/><T54/><D54/><U8/><E8/><V64/><F59/><W74/><REACH who="3" step="1"/><G24/><REACH who="3" ten="420,200,220,140" step="2"/><N who="0" m="18503" /><D2/><U133/><E133/><V67/><N who="2" m="16384" /><DORA hai="63" /><V18/><F103/><W93/><G93/><T97/><D97/><U51/><E92/><V111/><F111/><W7/><G7/><T29/><D29/><U19/><E99/><N who="2" m="59775" /><F18/><W114/><G114/><AGARI ba="1,2" hai="12,16,20,40,42,43,84,85,113,114,115" m="18503" machi="114" ten="30,8000,1" yaku="11,1,52,3,54,1" doraHai="110,63" who="0" fromWho="3" sc="420,103,200,0,220,0,140,-83" />
</Scene>
<Scene>
<INIT seed="4,0,0,2,0,15" ten="523,200,220,57" oya="0" hai0="78,4,135,38,96,91,17,100,69,65,39,6,123" hai1="10,28,108,36,110,109,67,86,98,113,88,55,82" hai2="2,79,49,112,127,128,56,116,83,1,60,12,27" hai3="0,74,119,107,37,130,18,48,7,19,95,8,13"/><T94/><D123/><U133/><E36/><V99/><F128/><W93/><G107/><T75/><D135/><U132/><E28/><V106/><F127/><W72/><G37/><T9/><D65/><U121/><E67/><V111/><F111/><W103/><G119/><T77/><D69/><U90/><E10/><V114/><F116/><W41/><G130/><T29/><D29/><U122/><E55/><V57/><F49/><W11/><G41/><T5/><D39/><U105/><E113/><N who="2" m="43627" /><F27/><W34/><G34/><T117/><D117/><U32/><E32/><V126/><F126/><W81/><G48/><T73/><D38/><U35/><E35/><V54/><F57/><W3/><G103/><T102/><D75/><U120/><E105/><V84/><F12/><W92/><G81/><T14/><D73/><U131/><E131/><V97/><F106/><W23/><REACH who="3" step="1"/><G3/><AGARI ba="0,0" hai="1,2,3,54,56,60,79,83,84,97,99" m="43627" machi="3" ten="30,1000,0" yaku="15,1" doraHai="15" who="2" fromWho="3" sc="523,0,200,0,220,10,57,-10" />
</Scene>
<Scene>
<INIT seed="5,0,0,5,1,106" ten="523,200,230,47" oya="1" hai0="126,135,7,16,65,15,111,48,133,19,64,118,12" hai1="29,69,120,40,108,21,117,37,103,90,84,109,130" hai2="42,116,1,67,10,41,97,49,57,86,52,85,55" hai3="46,129,73,89,13,6,45,59,92,43,18,88,74"/><U53/><E120/><V91/><F116/><W70/><G70/><T113/><D111/><N who="1" m="42571" /><E117/><V36/><F36/><W127/><G129/><T96/><D118/><U115/><E69/><V132/><F132/><W58/><G6/><T38/><D38/><U50/><E130/><V79/><F67/><W47/><G43/><N who="2" m="16393" /><F1/><W78/><G127/><T22/><D113/><U114/><E103/><V31/><F31/><W82/><G74/><T24/><D126/><U8/><E8/><V112/><F112/><N who="1" m="43049" /><E40/><V62/><F79/><W11/><REACH who="3" step="1"/><G89/><REACH who="3" ten="523,200,230,37" step="2"/><T2/><D135/><U123/><E37/><V61/><F91/><W33/><G33/><T3/><D133/><U77/><E123/><V134/><F134/><W93/><G93/><T119/><D7/><U56/><E90/><V131/><F131/><W32/><G32/><T25/><D119/><U9/><E53/><V54/><F54/><W39/><G39/><T75/><D65/><U105/><E105/><V99/><F55/><W20/><G20/><T95/><D64/><U35/><E21/><V125/><F125/><W124/><G124/><T66/><D22/><U83/><E35/><V94/><F10/><W80/><G80/><T87/><D66/><U76/><E9/><V5/><F5/><W68/><G68/><T30/><D95/><U71/><E71/><V104/><F104/><W102/><G102/><T107/><D107/><U110/><E110/><V101/><F99/><AGARI ba="0,1" hai="11,13,18,45,46,47,58,59,73,78,82,88,92,99" machi="99" ten="40,5200,0" yaku="1,1,52,1,54,1,53,0" doraHai="106" doraHaiUra="122" who="3" fromWho="2" sc="523,0,200,0,230,-52,37,62" />
</Scene>
<Scene>
<INIT seed="6,0,0,2,4,51" ten="523,200,178,99" oya="2" hai0="110,17,122,114,57,34,76,64,40,66,70,52,35" hai1="12,101,108,80,24,1,92,74,4,79,107,135,126" hai2="85,14,26,121,67,55,39,49,11,62,2,113,86" hai3="65,133,22,48,87,128,53,63,15,72,84,30,23"/><V127/><F121/><W54/><G72/><T125/><D110/><U7/><E1/><V18/><F39/><W115/><G128/><T25/><D40/><U116/><E24/><V94/><F113/><W78/><G133/><T41/><D41/><U120/><E12/><V16/><F127/><W19/><G115/><T100/><D100/><U60/><E4/><V96/><F2/><W10/><G30/><T88/><D76/><U9/><E92/><V32/><F32/><W99/><G99/><T68/><D122/><U44/><E120/><V112/><F112/><W124/><G124/><T95/><D114/><U130/><E74/><V123/><F123/><W89/><G78/><T50/><D125/><U27/><E79/><V8/><F62/><W59/><G84/><T6/><D6/><U47/><E7/><V103/><F67/><W118/><G118/><T29/><D34/><U28/><E60/><V98/><F98/><W73/><G73/><T45/><D17/><U71/><E28/><V20/><F8/><W61/><G61/><T37/><D37/><U33/><E9/><V46/><AGARI ba="0,0" hai="11,14,16,18,20,26,46,49,55,85,86,94,96,103" machi="46" ten="20,12000,1" yaku="0,1,7,1,8,1,52,1,54,1" doraHai="51" who="2" fromWho="2" sc="523,-40,200,-40,178,120,99,-40" />
</Scene>
<Scene>
<INIT seed="6,1,0,5,5,21" ten="483,160,298,59" oya="2" hai0="24,51,52,110,23,5,57,90,125,30,4,54,55" hai1="84,86,32,74,81,129,66,77,78,76,102,108,69" hai2="101,0,7,35,100,6,83,36,135,92,68,107,112" hai3="127,47,20,115,27,97,131,87,64,9,111,19,60"/><V44/><F68/><W117/><G117/><T56/><D110/><U82/><E66/><V128/><F92/><W17/><G111/><T40/><D125/><U48/><E48/><V53/><F35/><W39/><G127/><T89/><D40/><U34/><E69/><V49/><F36/><W126/><G126/><T50/><D55/><U3/><E3/><V63/><F135/><W75/><G75/><T13/><D13/><U94/><E32/><V26/><F128/><W130/><G115/><T95/><D90/><U62/><E62/><V91/><F63/><W29/><G97/><AGARI ba="1,0" hai="4,5,23,24,30,50,51,52,54,56,57,89,95,97" machi="97" ten="30,8000,1" yaku="7,1,9,1,8,1,52,1,54,1" doraHai="21" who="0" fromWho="3" sc="483,83,160,0,298,0,59,-83" owari="566,66.0,160,-24.0,298,10.0,-24,-52.0" />
</Scene>
</mjloggm>