<mjloggm ver="2.3"><GO type="97"/><UN n0="%E3%81%AA%E3%81%99%E3%81%B3%E3%81%AE%E5%A4%A9%E3%81%B7%E3%82%89" n1="%E3%81%94%E3%82%93%E3%81%96%E3%81%B6%E3%82%8D%E3%83%BC" n2="%72%61%6C%66" n3="%E5%A4%AA%E3%81%8F%E3%81%AA%E3%81%84%E3%81%8A" dan="14,15,14,15" rate="1909,1987,1913,2061" sx="M,M,M,M"/><TAIKYOKU oya="0"/>

<Scene>
<INIT seed="0,0,0,0,1,29" ten="250,250,250,250" oya="0" hai0="38,112,0,95,55,118,94,117,70,18,72,20,43" hai1="123,77,80,97,125,58,45,69,28,42,101,2,22" hai2="60,82,1,75,119,51,93,81,11,44,116,46,130" hai3="129,67,62,110,106,41,84,126,121,135,132,26,133"/><T40/><D72/><U66/><E2/><V104/><F104/><W109/><G106/><T33/><D70/><U100/><E123/><V54/><F60/><W31/><G121/><T89/><D0/><U108/><E69/><V17/><F75/><W14/><G41/><T98/><D112/><U102/><E125/><V4/><F130/><W115/><G115/><T65/><D65/><U5/><E5/><V3/><F3/><W30/><G126/><T8/><D8/><U120/><E120/><V15/><F93/><W48/><G129/><T127/><D127/><U56/><E108/><N who="3" m="41578" /><G48/><T37/><D55/><U53/><E97/><V12/><F12/><W64/><G14/><T83/><D83/><U16/><E28/><N who="3" m="10794" /><G26/><T9/><D9/><U78/><E42/><V122/><F122/><W24/><G24/><T91/><D98/><U111/><E111/><V88/><F46/><W85/><G64/><T63/><D63/><U50/><E66/><V35/><F35/><W73/><G73/><T131/><D131/><U128/><E128/><V79/><F79/><N who="1" m="30217" /><E80/><V68/><F68/><AGARI ba="0,0" hai="62,67,68,84,85,132,133,135" m="10794,41578" machi="68" ten="40,2600,0" yaku="20,1,14,1" doraHai="29" who="3" fromWho="2" sc="250,0,250,0,250,-26,250,26" />
</Scene>
<Scene>
<INIT seed="1,0,0,0,2,23" ten="250,250,224,276" oya="1" hai0="39,116,113,132,71,64,88,115,47,44,77,106,55" hai1="131,27,19,51,70,125,93,37,76,69,54,67,110" hai2="103,3,63,105,85,122,74,97,124,104,135,99,41" hai3="7,22,30,46,102,33,12,114,26,52,75,50,60"/><U117/><E117/><V45/><F3/><W101/><G114/><T120/><D106/><U14/><E37/><V25/><F122/><W126/><G75/><T11/><D77/><U62/><E110/><V111/><F74/><W128/><G128/><T129/><D116/><U18/><E131/><V134/><F111/><W9/><G126/><T34/><D129/><U58/><E125/><V36/><F124/><W10/><G33/><T15/><D34/><U20/><E76/><V86/><F63/><W40/><REACH who="3" step="1"/><G10/><REACH who="3" ten="250,250,224,266" step="2"/><T24/><D11/><U123/><E123/><V81/><F134/><W96/><G96/><T57/><D132/><U107/><E107/><V83/><F135/><W66/><G66/><T89/><D64/><U8/><REACH who="1" step="1"/><E93/><REACH who="1" ten="250,240,224,266" step="2"/><V48/><F104/><W73/><G73/><T49/><D120/><U1/><E1/><V78/><F105/><W56/><AGARI ba="0,2" hai="7,9,12,22,26,30,40,46,50,52,56,60,101,102" machi="56" ten="30,8000,1" yaku="1,1,0,1,8,1,52,1,54,1,53,0" doraHai="23" doraHaiUra="28" who="3" fromWho="3" sc="250,-20,240,-40,224,-20,266,100" />
</Scene>
<Scene>
<INIT seed="2,0,0,3,5,5" ten="230,200,204,366" oya="2" hai0="126,129,110,64,7,20,99,93,68,32,83,78,40" hai1="119,69,116,41,39,43,75,94,88,19,57,8,54" hai2="114,29,92,135,23,56,18,91,63,118,45,72,96" hai3="123,17,131,128,59,84,65,27,53,38,35,101,103"/><V73/><F118/><W62/><G38/><T130/><D32/><U104/><E104/><V80/><F114/><W89/><G123/><T46/><D110/><U1/><E69/><V120/><F120/><W74/><G74/><T102/><D126/><U24/><E75/><V37/><F135/><W58/><G35/><T22/><D64/><U14/><E1/><V9/><F29/><W77/><G77/><T2/><D68/><U125/><E125/><V87/><F37/><W48/><G17/><T70/><D70/><U81/><E81/><V61/><F45/><W3/><G3/><T111/><D111/><U34/><E39/><V21/><F73/><W85/><G27/><T108/><D108/><U95/><E95/><V52/><F72/><W86/><REACH who="3" step="1"/><G89/><REACH who="3" ten="230,200,204,356" step="2"/><T26/><D26/><U42/><E34/><V117/><F117/><W11/><G11/><T10/><D130/><AGARI ba="0,1" hai="48,53,58,59,62,65,84,85,86,101,103,128,130,131" machi="130" ten="40,8000,1" yaku="1,1,19,1,53,2" doraHai="5" doraHaiUra="98" who="3" fromWho="0" sc="230,-80,200,0,204,0,356,90" />
</Scene>
<Scene>
<INIT seed="3,0,0,2,2,106" ten="150,200,204,446" oya="3" hai0="132,117,42,62,123,108,58,80,19,16,65,118,124" hai1="8,110,113,103,79,100,126,39,82,37,44,107,21" hai2="59,135,6,81,50,69,36,125,47,26,60,53,88" hai3="128,83,119,34,63,102,55,75,68,11,3,94,85"/><W30/><G55/><T89/><D123/><U41/><E113/><V78/><F6/><W48/><G85/><T29/><D108/><U13/><E110/><V24/><F125/><W114/><G94/><T129/><D124/><U84/><E21/><V105/><F105/><W17/><G48/><T25/><D129/><U71/><E71/><V67/><F135/><W14/><G17/><T91/><D132/><U40/><E126/><V104/><F104/><W73/><G14/><T38/><D118/><U46/><E107/><V87/><F78/><W101/><G11/><T109/><D117/><U98/><E98/><V115/><F115/><W22/><G83/><T127/><D127/><U33/><E33/><V2/><F2/><W133/><G22/><T122/><D109/><U66/><E66/><V93/><F93/><W111/><G30/><T9/><D122/><U27/><E27/><V130/><F130/><W77/><G63/><T131/><D131/><U57/><E57/><V90/><F90/><W28/><G77/><T45/><D9/><U43/><E43/><AGARI ba="0,0" hai="24,26,36,43,47,50,53,59,60,67,69,81,87,88" machi="43" ten="40,5200,0" yaku="24,2,54,1" doraHai="106" who="2" fromWho="1" sc="150,0,200,-52,204,52,446,0" owari="150,-25.0,148,-35.0,256,6.0,446,54.0" />
</Scene>
</mjloggm>