<mjloggm ver="2.3"><GO type="169"/><UN n0="%40%E9%A6%AC%E6%9D%89%E5%AF%A7%E9%A6%99" n1="%6B%6F%67%65%70%61%6E" n2="%E5%A4%AA%E3%81%8F%E3%81%AA%E3%81%84%E3%81%8A" n3="%E3%83%9D%E3%83%B3%E5%8A%A9" dan="17,17,17,16" rate="2125,2139,2201,2110" sx="M,M,M,M"/><TAIKYOKU oya="0"/>

<Scene>
<INIT seed="0,0,0,4,4,126" ten="250,250,250,250" oya="0" hai0="12,93,47,0,56,82,85,94,4,49,63,124,99" hai1="53,67,114,51,105,21,97,35,74,113,30,27,76" hai2="118,45,6,13,103,133,25,101,122,66,129,96,68" hai3="9,135,81,41,100,65,57,14,127,71,119,42,132"/><T80/><D124/><U84/><E74/><V92/><F122/><W72/><G127/><T78/><D0/><U83/><E67/><V1/><F1/><W20/><G71/><T77/><D4/><U40/><E40/><V15/><F133/><N who="3" m="51275" /><G119/><T43/><D12/><U36/><E36/><V75/><F75/><W125/><G125/><T116/><D116/><U91/><E35/><V134/><F134/><W62/><G100/><T2/><D2/><U120/><E120/><V7/><F118/><W29/><G20/><T34/><D34/><U23/><E23/><V39/><F25/><W70/><G70/><T33/><D33/><U31/><E31/><V38/><F68/><W16/><G29/><T50/><D50/><U115/><E105/><V17/><F66/><W19/><G19/><T59/><D63/><U111/><E111/><V11/><F101/><W5/><G5/><T54/><D43/><U46/><REACH who="1" step="1"/><E97/><REACH who="1" ten="250,240,250,250" step="2"/><V121/><F121/><W22/><G22/><T10/><D99/><U37/><E37/><V128/><F39/><W108/><G108/><T86/><REACH who="0" step="1"/><D10/><REACH who="0" ten="240,240,250,250" step="2"/><U73/><E73/><V61/><F38/><W89/><G72/><T88/><D88/><AGARI ba="0,2" hai="21,27,30,46,51,53,76,83,84,88,91,113,114,115" machi="88" ten="40,5200,0" yaku="1,1,11,1,54,1,53,0" doraHai="126" doraHaiUra="28" who="1" fromWho="0" sc="240,-52,240,72,250,0,250,0" />
</Scene>
<Scene>
<INIT seed="1,0,0,3,4,67" ten="188,312,250,250" oya="1" hai0="74,55,114,68,5,125,50,99,20,113,11,116,83" hai1="51,133,45,1,121,42,46,87,119,54,93,61,91" hai2="126,62,102,29,15,2,52,13,48,128,79,23,58" hai3="118,16,123,84,6,130,92,96,63,40,28,129,64"/><U98/><E119/><V47/><F2/><W110/><G123/><T108/><D116/><U33/><E121/><V73/><F126/><W49/><G118/><T101/><D125/><U76/><E133/><V41/><F128/><N who="3" m="49259" /><G6/><T18/><D68/><U106/><E1/><V65/><F102/><W86/><G28/><T12/><D108/><U88/><E33/><V120/><F120/><W71/><G110/><T117/><D117/><U36/><E76/><V38/><F79/><W3/><G3/><T85/><D74/><U70/><E106/><V78/><F78/><W111/><G111/><T56/><D83/><U35/><E35/><V25/><REACH who="2" step="1"/><F73/><REACH who="2" ten="188,312,240,250" step="2"/><W31/><G31/><T26/><REACH who="0" step="1"/><D85/><REACH who="0" ten="178,312,240,250" step="2"/><U122/><E122/><V95/><F95/><AGARI ba="0,2" hai="5,11,12,18,20,26,50,55,56,95,99,101,113,114" machi="95" ten="30,3900,0" yaku="1,1,2,1,7,1,53,0" doraHai="67" doraHaiUra="77" who="0" fromWho="2" sc="178,59,312,0,240,-39,250,0" />
</Scene>
<Scene>
<INIT seed="2,0,0,1,1,86" ten="237,312,201,250" oya="2" hai0="133,36,40,66,23,43,97,77,113,121,38,1,107" hai1="20,45,76,106,109,19,78,72,114,130,91,83,85" hai2="64,14,103,131,104,132,122,90,48,61,111,28,68" hai3="79,0,65,118,5,32,59,41,93,26,22,128,54"/><V49/><F122/><W74/><G118/><T27/><D1/><U15/><E114/><V3/><F3/><W56/><G32/><T55/><D121/><U123/><E123/><V35/><F132/><W8/><G128/><T39/><D113/><U69/><E109/><V102/><F131/><W110/><G110/><T13/><D133/><U25/><E130/><V80/><F111/><W21/><G41/><T101/><D66/><U129/><E129/><V70/><F70/><W29/><G65/><T37/><N who="0" m="9216" /><DORA hai="73" /><T18/><D77/><U62/><E106/><V98/><F102/><W7/><G7/><T67/><D67/><U92/><E69/><V47/><F14/><W105/><G105/><T12/><REACH who="0" step="1"/><D55/><REACH who="0" ten="227,312,201,250" step="2"/><U89/><E76/><V57/><F47/><W52/><G79/><T46/><D46/><U124/><E45/><V75/><F57/><W100/><G74/><T63/><D63/><U84/><E62/><V2/><F2/><W4/><G59/><T135/><D135/><U33/><E72/><V95/><F75/><W34/><G54/><T87/><D87/><U108/><E78/><V30/><F80/><W116/><G52/><T16/><D16/><U117/><E108/><V53/><F53/><W127/><G56/><T9/><D9/><U44/><E44/><V112/><F112/><W24/><G8/><T10/><D10/><U60/><E60/><V82/><F82/><W81/><G81/><T71/><D71/><U125/><E117/><V17/><F17/><W120/><G116/><T6/><D6/><U134/><E134/><V42/><F68/><RYUUKYOKU ba="0,1" sc="227,15,312,15,201,-15,250,-15" hai0="12,13,18,23,27,40,43,97,101,107" hai1="15,19,20,25,33,83,84,85,89,91,92,124,125" />
</Scene>
<Scene>
<INIT seed="3,1,1,2,2,69" ten="242,327,186,235" oya="3" hai0="4,84,93,123,110,122,33,133,55,92,99,24,12" hai1="43,135,1,46,103,68,39,35,54,2,62,14,115" hai2="15,77,27,59,117,31,97,29,86,25,134,132,58" hai3="87,17,118,124,9,107,113,20,127,53,116,94,13"/><W32/><G107/><T80/><D133/><N who="2" m="51306" /><F117/><W106/><G106/><T114/><D110/><U21/><E135/><V98/><F15/><W42/><G32/><T105/><D105/><U131/><E35/><N who="2" m="20911" /><F77/><W51/><G42/><T130/><D130/><U128/><E115/><V11/><F11/><W88/><G113/><T64/><D114/><U60/><E103/><V82/><F59/><N who="3" m="33215" /><G9/><T26/><D12/><U120/><E14/><V125/><F58/><W112/><G112/><T37/><D4/><U61/><E2/><V76/><F125/><AGARI ba="1,1" hai="13,17,20,87,88,94,116,118,124,125,127" m="33215" machi="125" ten="30,5800,0" yaku="25,1,18,1,54,1" doraHai="69" who="3" fromWho="2" sc="242,0,327,0,186,-61,235,71" />
</Scene>
<Scene>
<INIT seed="3,2,0,4,4,24" ten="242,327,125,306" oya="3" hai0="100,57,82,37,108,10,97,3,70,63,103,93,72" hai1="68,4,105,92,135,114,16,113,111,7,28,78,14" hai2="2,71,56,86,94,112,99,50,0,40,77,6,15" hai3="67,74,32,45,51,129,128,39,125,107,102,106,73"/><W91/><G39/><T66/><D108/><U64/><E105/><V96/><F71/><W120/><G67/><T65/><D37/><U60/><E111/><V53/><F112/><W25/><G120/><T36/><D36/><U121/><E121/><V109/><F109/><W83/><G125/><T12/><D3/><U117/><E135/><V27/><F40/><W42/><G91/><T122/><D122/><U69/><E69/><V124/><F124/><W110/><G110/><T13/><D103/><U8/><E117/><V33/><F15/><W9/><G9/><T89/><D10/><U22/><E78/><V132/><F132/><W23/><G32/><T84/><D66/><U21/><E92/><V30/><F6/><W44/><G44/><T116/><D116/><U43/><E43/><V85/><F96/><W17/><G102/><T101/><D101/><U88/><E88/><V11/><F11/><W35/><G35/><T52/><REACH who="0" step="1"/><D72/><REACH who="0" ten="232,327,125,306" step="2"/><U90/><E114/><V38/><F38/><W115/><G115/><T62/><AGARI ba="2,1" hai="12,13,52,57,62,63,65,70,82,84,89,93,97,100" machi="62" ten="20,8000,1" yaku="1,1,2,1,0,1,7,1,54,1,53,0" doraHai="24" doraHaiUra="127" who="0" fromWho="0" sc="232,96,327,-22,125,-22,306,-42" />
</Scene>
<Scene>
<INIT seed="4,0,0,2,1,124" ten="328,305,103,264" oya="0" hai0="103,50,72,73,4,120,60,53,26,66,93,115,39" hai1="101,128,9,7,70,119,40,133,42,38,11,33,22" hai2="49,34,84,52,19,3,89,29,107,111,76,91,87" hai3="130,62,46,102,12,92,17,43,27,64,122,110,90"/><T44/><D120/><U134/><E33/><V13/><F111/><W117/><G117/><T98/><D115/><U31/><E70/><V56/><F107/><W28/><G110/><T68/><D4/><U24/><E101/><V37/><F3/><W59/><G102/><T127/><D127/><U30/><E42/><V23/><F37/><W94/><G122/><T85/><D39/><U121/><E40/><V79/><F34/><W18/><G130/><T96/><D96/><U132/><E38/><V100/><F29/><N who="1" m="10761" /><E121/><V45/><F100/><W109/><G109/><T67/><D67/><U57/><E57/><V104/><F104/><W74/><G74/><T35/><D35/><U36/><E36/><V131/><F131/><W108/><G108/><T16/><REACH who="0" step="1"/><D85/><REACH who="0" ten="318,305,103,264" step="2"/><U113/><E113/><V2/><F2/><W118/><G64/><T75/><D75/><U82/><E7/><V32/><F32/><W97/><G97/><T99/><D99/><U105/><E119/><V65/><F65/><W41/><G118/><T14/><D14/><U54/><E134/><V5/><F5/><W63/><G12/><T58/><D58/><U20/><E133/><V15/><F15/><W123/><G59/><T69/><D69/><U21/><E132/><V0/><F0/><W8/><G123/><T135/><D135/><U71/><E71/><V129/><F129/><W112/><G112/><T88/><D88/><N who="2" m="33866" /><F56/><W10/><G90/><T106/><D106/><U61/><E105/><V48/><F48/><W125/><G125/><T114/><D114/><U47/><E128/><V86/><AGARI ba="0,1" hai="13,19,23,45,49,52,76,79,84,86,87" m="33866" machi="86" ten="30,7900,0" yaku="5,1,8,1,54,2" doraHai="124" who="2" fromWho="2" sc="318,-39,305,-20,103,89,264,-20" />
</Scene>
<Scene>
<INIT seed="5,0,0,1,3,77" ten="279,285,192,244" oya="1" hai0="56,89,88,125,30,131,104,32,133,0,44,31,135" hai1="83,87,57,74,106,51,112,3,96,124,103,120,11" hai2="10,59,27,7,117,43,12,18,70,65,69,99,60" hai3="47,19,24,16,62,35,61,115,107,9,118,119,20"/><U6/><E120/><V121/><F121/><W39/><G107/><T58/><D104/><U72/><E112/><V122/><F122/><W91/><G35/><T45/><D0/><U63/><E51/><V38/><F117/><N who="3" m="44555" /><G115/><T54/><D54/><U75/><E124/><V109/><F109/><W130/><G130/><T110/><D32/><U14/><E3/><V93/><F38/><W28/><G91/><T79/><D79/><U2/><E2/><V127/><F127/><W111/><G111/><T81/><D125/><U52/><REACH who="1" step="1"/><E74/><REACH who="1" ten="279,275,192,244" step="2"/><V73/><F73/><W34/><G39/><T129/><D110/><U68/><E68/><V94/><F43/><W48/><G48/><T26/><D26/><U86/><E86/><V21/><REACH who="2" step="1"/><F94/><REACH who="2" ten="279,275,182,244" step="2"/><W64/><G61/><T113/><D113/><U29/><E29/><V4/><F4/><W13/><G28/><T132/><D132/><U22/><E22/><V101/><AGARI ba="0,2" hai="7,10,12,18,21,27,59,60,65,69,70,93,99,101" machi="101" ten="20,2700,0" yaku="1,1,0,1,7,1,53,0" doraHai="77" doraHaiUra="36" who="2" fromWho="2" sc="279,-7,275,-13,182,47,244,-7" />
</Scene>
<Scene>
<INIT seed="6,0,0,4,2,11" ten="272,262,229,237" oya="2" hai0="119,28,94,3,15,93,56,98,92,120,122,36,100" hai1="125,99,107,12,106,127,59,19,128,61,20,82,132" hai2="101,71,46,58,123,26,118,74,90,33,84,126,44" hai3="42,53,65,111,88,72,52,47,17,1,68,55,83"/><V77/><F123/><W34/><G111/><T43/><D3/><U5/><E128/><V78/><F118/><W57/><G1/><T29/><D119/><U22/><E132/><V64/><F71/><W95/><G34/><T116/><D116/><U25/><E82/><V103/><F126/><N who="1" m="48137" /><E99/><V37/><F74/><W62/><G72/><T85/><D122/><U86/><E86/><V18/><F37/><W50/><G83/><T60/><D120/><U115/><E115/><V10/><F33/><W40/><G17/><T102/><D102/><N who="2" m="38922" /><F64/><W96/><REACH who="3" step="1"/><G40/><REACH who="3" ten="272,262,229,227" step="2"/><T124/><D43/><U54/><E5/><V69/><F69/><AGARI ba="0,1" hai="42,47,50,52,53,55,57,62,65,68,69,88,95,96" machi="69" ten="40,8000,1" yaku="1,1,2,1,54,2,53,0" doraHai="11" doraHaiUra="81" who="3" fromWho="2" sc="272,0,262,0,229,-80,227,90" />
</Scene>
<Scene>
<INIT seed="7,0,0,3,0,105" ten="272,262,149,317" oya="3" hai0="10,121,120,89,50,22,19,83,28,134,108,51,116" hai1="93,27,124,45,82,53,0,65,8,127,24,13,102" hai2="56,72,84,62,97,57,107,9,126,113,128,1,101" hai3="55,42,133,58,112,79,25,3,4,26,80,119,95"/><W41/><G119/><T54/><D116/><U111/><E111/><V69/><F113/><W52/><G112/><T131/><D108/><U49/><E0/><V94/><F128/><W73/><G55/><T14/><D131/><U48/><E65/><V32/><F126/><N who="1" m="48169" /><E82/><V63/><F32/><W103/><G133/><T47/><D134/><U86/><E48/><V38/><F38/><W76/><G76/><T132/><D132/><U70/><E70/><V115/><F115/><W61/><G103/><T114/><D114/><U109/><E109/><V123/><F123/><W29/><G95/><T15/><D51/><U59/><E59/><V43/><F43/><W21/><G26/><N who="0" m="16471" /><D15/><U88/><E102/><V87/><F69/><W74/><G74/><T18/><D18/><AGARI ba="0,0" hai="8,13,18,24,27,45,49,53,86,88,93" m="48169" machi="18" ten="30,2000,0" yaku="18,1,54,1" doraHai="105" who="1" fromWho="0" sc="272,-20,262,20,149,0,317,0" owari="252,-15.0,282,8.0,149,-35.0,317,42.0" />
</Scene>
</mjloggm>