<mjloggm ver="2.3"><GO type="169"/><UN n0="%E5%A4%AA%E3%81%8F%E3%81%AA%E3%81%84%E3%81%8A" n1="%EF%BC%A0%E6%A3%AE" n2="%E3%81%84%E3%81%AE%E3%81%91%E3%82%93" n3="%E3%81%8F%E3%82%89%E3%81%8F%E3%82%89" dan="17,17,16,16" rate="2180,2167,2050,2089" sx="M,F,F,M"/><TAIKYOKU oya="0"/>

<Scene>
<INIT seed="0,0,0,5,1,47" ten="250,250,250,250" oya="0" hai0="62,87,91,16,68,92,38,98,18,37,9,17,96" hai1="56,121,60,117,94,51,120,3,134,97,36,104,107" hai2="99,22,109,100,122,106,23,119,21,131,28,83,84" hai3="86,27,133,40,67,30,111,102,25,15,63,93,123"/><T59/><D68/><U81/><E3/><V82/><F122/><W54/><G133/><T126/><D126/><U118/><E134/><V71/><F109/><W33/><G40/><T135/><D135/><U10/><E36/><V69/><F131/><W13/><G27/><T24/><D9/><U8/><E81/><V64/><F119/><W5/><G111/><T115/><D115/><U79/><E79/><V39/><F39/><W43/><G43/><T46/><D24/><U65/><E120/><V80/><F69/><W90/><G102/><T113/><D113/><U74/><E74/><V105/><F105/><W77/><G77/><T45/><D38/><U31/><E121/><V73/><F73/><W14/><G123/><T110/><D110/><U57/><E31/><V124/><F124/><W89/><G89/><N who="0" m="55311" /><D98/><U6/><E10/><V50/><F71/><W58/><REACH who="3" step="1"/><G67/><REACH who="3" ten="250,250,250,240" step="2"/><N who="0" m="39391" /><D37/><U128/><E118/><V41/><F64/><W125/><G125/><T88/><D91/><U32/><E117/><V76/><REACH who="2" step="1"/><F28/><REACH who="2" ten="250,250,240,240" step="2"/><W49/><G49/><T1/><D1/><U108/><E51/><V61/><F61/><W7/><AGARI ba="0,2" hai="5,7,13,14,15,25,30,33,54,58,63,86,90,93" machi="7" ten="30,4000,0" yaku="1,1,0,1,53,1" doraHai="47" doraHaiUra="52" who="3" fromWho="3" sc="250,-20,250,-10,240,-10,240,60" />
</Scene>
<Scene>
<INIT seed="1,0,0,4,2,1" ten="230,240,230,300" oya="1" hai0="116,53,133,2,27,37,66,40,132,0,28,15,74" hai1="21,104,62,8,3,123,115,103,45,13,46,124,85" hai2="98,75,54,110,43,102,38,131,57,42,17,129,63" hai3="96,72,47,118,68,51,18,73,109,26,94,10,127"/><U65/><E123/><V107/><F75/><W20/><G68/><T52/><D116/><U4/><E115/><V59/><F110/><W14/><G109/><T135/><D74/><U70/><E124/><V48/><F38/><W125/><G118/><T121/><D121/><U90/><E103/><V55/><REACH who="2" step="1"/><F17/><REACH who="2" ten="230,240,220,300" step="2"/><W19/><G127/><T106/><D37/><U100/><E104/><V5/><F5/><W29/><G125/><T24/><D106/><U93/><E100/><V130/><AGARI ba="0,1" hai="42,43,48,54,55,57,59,63,98,102,107,129,130,131" machi="130" ten="30,4000,0" yaku="1,1,0,1,19,1,53,0" doraHai="1" doraHaiUra="111" who="2" fromWho="2" sc="230,-10,240,-20,220,50,300,-10" />
</Scene>
<Scene>
<INIT seed="2,0,0,0,2,25" ten="220,220,270,290" oya="2" hai0="7,68,127,10,106,75,125,14,30,58,34,83,29" hai1="111,67,120,66,109,33,112,36,59,95,102,114,19" hai2="130,5,26,72,56,110,122,135,69,27,42,96,104" hai3="105,44,20,84,24,89,9,78,1,80,13,64,65"/><V126/><F122/><W43/><G105/><T79/><D68/><U97/><E36/><V61/><F72/><W41/><G41/><T18/><D106/><U62/><E33/><V101/><F69/><W53/><G53/><T76/><D76/><U132/><E132/><V63/><F135/><W57/><G57/><T60/><D7/><U90/><E120/><V107/><F130/><W4/><G1/><T23/><D34/><U16/><E67/><V118/><F118/><W54/><G54/><N who="0" m="33879" /><D10/><U28/><E28/><V51/><F126/><W52/><G89/><T103/><D103/><U8/><E102/><V12/><F107/><W94/><G94/><T48/><D48/><U116/><E116/><V87/><F110/><N who="1" m="41993" /><E8/><V123/><F123/><W31/><G43/><T121/><D121/><U37/><E37/><V70/><F70/><W81/><REACH who="3" step="1"/><G80/><REACH who="3" ten="220,220,270,280" step="2"/><T0/><D0/><U133/><E133/><V46/><F104/><W86/><G86/><T93/><D93/><U45/><E45/><V6/><F87/><W82/><G82/><T40/><D40/><U91/><E90/><V98/><F101/><W119/><G119/><T99/><D99/><U39/><E39/><V49/><F98/><W74/><G74/><T17/><D127/><U100/><E91/><V2/><F96/><W15/><G15/><N who="0" m="9663" /><D125/><U117/><E117/><V32/><F2/><W55/><G55/><T113/><D83/><U88/><E100/><V50/><F42/><W115/><G115/><AGARI ba="0,1" hai="16,19,59,62,66,88,95,97,112,114,115" m="41993" machi="115" ten="30,3900,0" yaku="14,1,54,2" doraHai="25" who="1" fromWho="3" sc="220,0,220,49,270,0,280,-39" />
</Scene>
<Scene>
<INIT seed="3,0,0,2,0,16" ten="220,269,270,241" oya="3" hai0="108,34,78,52,5,83,8,46,25,43,121,42,67" hai1="44,86,113,104,47,135,14,102,84,45,127,72,79" hai2="133,24,130,106,91,11,3,87,124,36,0,110,81" hai3="40,96,65,103,112,37,49,107,50,35,118,120,132"/><W28/><G120/><T126/><D121/><U62/><E113/><V80/><F110/><W88/><G112/><T82/><D108/><U74/><E135/><V119/><F119/><W57/><G118/><T71/><D126/><U21/><E127/><V101/><F133/><W13/><G13/><T73/><D71/><U92/><E104/><V6/><F124/><W1/><G1/><T51/><D67/><U54/><E74/><V64/><F36/><W18/><G18/><T109/><D109/><U55/><E72/><V115/><F115/><W134/><G37/><T22/><D83/><N who="1" m="47231" /><E62/><V68/><F130/><W48/><G40/><T41/><D34/><U61/><E61/><V99/><F64/><W89/><G65/><T12/><REACH who="0" step="1"/><D43/><REACH who="0" ten="210,269,270,241" step="2"/><U20/><E54/><V15/><F68/><W32/><G134/><T95/><D95/><U33/><E33/><V69/><F69/><W19/><G132/><T56/><D56/><U9/><E55/><V66/><F66/><W97/><G57/><T29/><AGARI ba="0,1" hai="5,8,12,22,25,29,41,42,46,51,52,73,78,82" machi="29" ten="20,8000,1" yaku="1,1,0,1,7,1,52,1,54,1,53,0" doraHai="16" doraHaiUra="31" who="0" fromWho="0" sc="210,90,269,-20,270,-20,241,-40" />
</Scene>
<Scene>
<INIT seed="4,0,0,1,4,56" ten="300,249,250,201" oya="0" hai0="96,18,8,26,40,13,118,103,45,54,81,64,25" hai1="34,31,117,5,37,38,107,70,78,0,21,28,15" hai2="132,134,109,98,7,77,42,63,102,129,124,90,44" hai3="58,93,35,116,121,74,131,89,135,4,127,99,105"/><T100/><D118/><U59/><E107/><V122/><F109/><W110/><RYUUKYOKU type="yao9" ba="0,0" sc="300,0,249,0,250,0,201,0" hai3="4,35,58,74,89,93,99,105,110,116,121,127,131,135" />
</Scene>
<Scene>
<INIT seed="4,1,0,2,2,58" ten="300,249,250,201" oya="0" hai0="6,20,64,61,17,82,99,9,84,78,101,23,83" hai1="89,126,96,48,102,15,97,95,67,56,116,98,53" hai2="117,29,38,39,3,11,71,28,8,44,123,93,31" hai3="32,54,79,70,42,105,36,1,5,128,34,85,35"/><T87/><D6/><U30/><E116/><V55/><F123/><W12/><G105/><T73/><D9/><U60/><E126/><V33/><F33/><W63/><G1/><T111/><D111/><U108/><E108/><V92/><F117/><W114/><G114/><T40/><D40/><U50/><E30/><V124/><F124/><W45/><G128/><T62/><D73/><U7/><E48/><V52/><F71/><W59/><G70/><T122/><D122/><U113/><E113/><V100/><F3/><W24/><G5/><T103/><D64/><U16/><E7/><V115/><F115/><W51/><G12/><T132/><D132/><U91/><E102/><N who="0" m="38921" /><D99/><U43/><E43/><V74/><F74/><W65/><G79/><N who="0" m="46175" /><D20/><U109/><E109/><V86/><F100/><W49/><G85/><T14/><AGARI ba="1,0" hai="14,17,23,61,62,78,83,87" m="46175,38921" machi="14" ten="30,6000,0" yaku="8,1,52,2" doraHai="58" who="0" fromWho="0" sc="300,63,249,-21,250,-21,201,-21" />
</Scene>
<Scene>
<INIT seed="4,2,0,5,4,129" ten="363,228,229,180" oya="0" hai0="68,55,93,120,132,16,56,8,5,41,0,44,118" hai1="29,121,31,64,135,37,61,57,50,28,62,104,109" hai2="72,78,53,74,66,94,122,130,91,97,115,18,34" hai3="95,77,23,39,20,15,134,40,84,75,69,14,92"/><T81/><D120/><U35/><E109/><V17/><F122/><W25/><G69/><T36/><D118/><U42/><E121/><V128/><F34/><W90/><G75/><T48/><D68/><U83/><E104/><V87/><F66/><W21/><G40/><T113/><D113/><U119/><E119/><V10/><F115/><W60/><G39/><T67/><D67/><U99/><E99/><V79/><F53/><W33/><G60/><T88/><D81/><U22/><E35/><V45/><F45/><W102/><G33/><T106/><D106/><U96/><E96/><V52/><F52/><W24/><G77/><N who="2" m="29193" /><F97/><N who="3" m="59711" /><G134/><T3/><D132/><U46/><E135/><V4/><F74/><W127/><G127/><T47/><D16/><N who="2" m="6250" /><F72/><W76/><G76/><T63/><D3/><U103/><E103/><V126/><F126/><W108/><G108/><T125/><D125/><U73/><E73/><V116/><F116/><W58/><G58/><T65/><REACH who="0" step="1"/><D93/><REACH who="0" ten="353,228,229,180" step="2"/><U105/><E83/><V110/><F110/><W89/><G92/><T86/><D86/><U6/><E105/><V131/><F94/><W80/><G80/><T85/><D85/><U27/><E6/><V32/><F87/><W12/><G84/><T26/><D26/><AGARI ba="2,1" hai="12,14,15,20,21,23,24,25,26,89,90" m="59711" machi="26" ten="30,1000,0" yaku="8,1" doraHai="129" who="3" fromWho="0" sc="353,-16,228,0,229,0,180,26" />
</Scene>
<Scene>
<INIT seed="5,0,0,3,4,89" ten="337,228,229,206" oya="1" hai0="81,88,46,41,39,52,25,8,15,78,17,44,48" hai1="121,38,85,118,110,127,117,130,123,72,93,71,126" hai2="43,18,1,0,42,73,65,134,105,22,119,30,66" hai3="61,62,77,70,19,9,83,49,21,7,64,108,51"/><U79/><E38/><V36/><F119/><N who="1" m="45577" /><E71/><V95/><F105/><W86/><G62/><T2/><D2/><U24/><E24/><V16/><F73/><W124/><G124/><N who="1" m="47658" /><E130/><V11/><F134/><W33/><G33/><T115/><D115/><U75/><E110/><V74/><F74/><N who="1" m="28201" /><E79/><V12/><F1/><W60/><G60/><T58/><D25/><U6/><E6/><V82/><F0/><W128/><G128/><T56/><D78/><U111/><E111/><V35/><F35/><W114/><G108/><T23/><D23/><U80/><E93/><V103/><F30/><W5/><G114/><T101/><D101/><U28/><E28/><V113/><F113/><W133/><G7/><T54/><D54/><U116/><N who="1" m="45585" /><U10/><DORA hai="4" /><E10/><V27/><F36/><W125/><G125/><T40/><D40/><N who="2" m="15402" /><F82/><W84/><G133/><T112/><D112/><U99/><E99/><AGARI ba="0,0" hai="11,12,16,18,22,27,65,66,95,99,103" m="15402" machi="99" ten="30,7700,0" yaku="8,1,52,2,54,1" doraHai="89,4" who="2" fromWho="1" sc="337,0,228,-77,229,77,206,0" />
</Scene>
<Scene>
<INIT seed="6,0,0,3,3,8" ten="337,151,306,206" oya="2" hai0="93,55,70,29,131,25,114,128,133,3,37,54,96" hai1="41,52,121,53,104,132,28,98,127,67,103,48,75" hai2="38,22,51,30,23,71,83,43,39,112,90,94,44" hai3="27,101,124,92,17,50,6,80,59,86,125,117,79"/><V57/><F71/><W76/><G6/><T109/><D109/><U18/><E121/><V110/><F110/><W65/><G117/><T47/><D70/><U19/><E132/><V14/><F112/><W105/><G105/><T56/><D3/><U36/><E127/><V102/><F102/><W88/><G124/><T69/><D69/><U66/><E75/><V60/><F83/><W134/><G134/><T82/><D133/><U87/><E28/><V58/><F58/><W46/><G125/><T115/><D82/><U116/><E116/><V10/><F39/><W108/><G108/><T81/><D81/><U2/><E2/><V123/><F38/><W61/><G101/><N who="0" m="60559" /><D47/><U106/><E106/><V84/><F123/><W135/><G135/><T26/><D26/><U5/><E5/><N who="2" m="3407" /><F30/><W74/><G74/><T13/><D37/><U119/><E119/><V77/><F77/><W122/><G122/><T68/><D68/><U9/><E36/><V85/><F84/><W99/><G27/><T32/><D56/><U72/><E72/><V111/><F111/><W42/><REACH who="3" step="1"/><G17/><REACH who="3" ten="337,151,306,196" step="2"/><T7/><D25/><U126/><E19/><V89/><F89/><W45/><G45/><T33/><D29/><U21/><E126/><V78/><F78/><W64/><G64/><AGARI ba="0,1" hai="22,23,43,44,51,57,60,64,85,90,94" m="3407" machi="64" ten="30,2900,0" yaku="8,1,52,1" doraHai="8" who="2" fromWho="3" sc="337,0,151,0,306,39,196,-29" />
</Scene>
<Scene>
<INIT seed="6,1,0,5,0,91" ten="337,151,345,167" oya="2" hai0="96,112,78,89,101,28,51,92,43,74,132,16,90" hai1="83,42,23,22,58,113,13,61,110,46,126,107,115" hai2="111,103,127,76,106,6,68,79,17,19,2,4,119" hai3="67,129,104,20,7,59,12,1,128,10,3,130,36"/><V35/><F119/><W55/><G67/><T21/><D28/><U62/><E110/><V70/><F35/><W114/><G104/><T131/><D112/><N who="1" m="43083" /><E107/><V82/><F111/><W84/><G114/><T54/><D43/><U100/><E100/><V63/><F127/><W64/><G64/><T49/><D131/><U86/><E126/><V29/><F29/><W40/><G84/><T32/><D32/><U45/><E13/><V122/><F122/><W39/><G20/><N who="1" m="7722" /><E58/><V109/><F109/><W26/><G26/><N who="0" m="14631" /><D74/><U37/><E45/><V99/><F70/><W66/><G66/><T97/><D132/><U72/><E72/><V135/><F135/><W9/><G40/><T77/><D97/><U48/><E37/><N who="3" m="14410" /><G10/><T34/><D34/><U94/><E94/><N who="2" m="58871" /><F2/><W69/><G69/><T120/><D120/><U57/><E57/><V88/><F106/><W50/><AGARI ba="1,0" hai="1,3,7,9,12,50,55,59,128,129,130" m="14410" machi="50" ten="40,1500,0" yaku="19,1" doraHai="91" who="3" fromWho="3" sc="337,-5,151,-5,345,-8,167,18" />
</Scene>
<Scene>
<INIT seed="7,0,0,0,2,0" ten="332,146,337,185" oya="3" hai0="17,43,7,47,80,22,16,102,54,53,131,91,42" hai1="24,110,106,34,121,83,126,117,77,87,50,111,129" hai2="81,69,40,94,86,58,75,97,13,2,25,67,107" hai3="127,28,4,60,92,115,133,30,66,114,8,44,37"/><W130/><G133/><T41/><D131/><U98/><E121/><V18/><F75/><W108/><G127/><T33/><D33/><U128/><E34/><V79/><F107/><W49/><G37/><T116/><D116/><U36/><E36/><V124/><F2/><N who="3" m="23" /><G92/><T59/><D7/><U38/><E38/><V20/><F69/><N who="3" m="42183" /><G130/><N who="1" m="50282" /><E24/><V132/><F132/><W76/><G76/><T104/><D104/><U73/><E50/><V96/><F124/><W14/><G14/><N who="0" m="9495" /><D102/><N who="1" m="62807" /><E126/><V65/><F40/><N who="0" m="15466" /><D59/><U113/><E113/><N who="3" m="43018" /><G108/><N who="1" m="41514" /><E117/><V39/><F39/><W72/><G72/><AGARI ba="0,0" hai="72,73,77,83,87" m="41514,62807,50282" machi="72" ten="30,3900,0" yaku="19,1,34,2" doraHai="0" who="1" fromWho="3" sc="332,0,146,39,337,0,185,-39" owari="332,13.0,185,-21.0,337,43.0,146,-35.0" />
</Scene>
</mjloggm>