<mjloggm ver="2.3"><GO type="169"/><UN n0="%E4%B8%8D%E8%A8%B1%E5%8F%AF" n1="%E3%81%93%E3%81%BE%E3%81%A3%E3%81%95%E3%82%93" n2="%E3%83%96%E3%83%BC%E3%83%BC%E3%83%BC%E3%83%B3" n3="%E5%A4%AA%E3%81%8F%E3%81%AA%E3%81%84%E3%81%8A" dan="16,16,16,16" rate="2083,2073,2082,2131" sx="M,M,M,M"/><TAIKYOKU oya="0"/>

<Scene>
<INIT seed="0,0,0,2,3,2" ten="250,250,250,250" oya="0" hai0="80,85,69,135,99,47,48,57,89,45,97,77,102" hai1="12,113,37,3,58,51,17,21,66,32,101,92,116" hai2="27,98,84,55,29,42,128,61,118,112,30,41,108" hai3="88,46,10,87,75,119,74,126,39,111,122,19,0"/><T43/><D69/><U123/><E37/><V16/><F112/><W82/><G119/><T18/><D135/><U13/><E3/><V130/><F98/><W117/><G117/><T70/><D70/><U38/><E38/><V129/><F118/><W121/><G111/><T73/><D18/><U60/><E32/><V64/><F108/><W90/><G126/><T134/><D134/><U124/><E116/><V86/><F55/><W52/><G90/><T78/><D78/><U22/><E123/><N who="3" m="47114" /><G39/><T104/><D99/><U35/><E35/><N who="2" m="20927" /><F30/><W53/><G0/><T125/><D125/><U24/><E124/><V26/><F42/><W5/><G5/><T31/><D31/><U71/><E113/><V81/><F41/><W100/><G100/><T91/><D91/><U83/><E83/><V65/><F81/><W115/><G115/><T54/><REACH who="0" step="1"/><D43/><REACH who="0" ten="240,250,250,250" step="2"/><U67/><E71/><V49/><F16/><W20/><G10/><T103/><D103/><U62/><E101/><V72/><F130/><W14/><G46/><T63/><D63/><U94/><E60/><V1/><F61/><W56/><G56/><T93/><AGARI ba="0,1" hai="45,47,48,54,57,73,77,80,85,89,93,97,102,104" machi="93" ten="20,12000,1" yaku="1,1,0,1,7,1,24,2,53,0" doraHai="2" doraHaiUra="131" who="0" fromWho="0" sc="240,130,250,-40,250,-40,250,-40" />
</Scene>
<Scene>
<INIT seed="0,1,0,4,3,11" ten="370,210,210,210" oya="0" hai0="86,123,80,59,52,96,18,43,68,46,53,77,79" hai1="34,107,24,49,25,38,130,8,70,26,51,40,78" hai2="0,112,35,105,81,45,133,15,124,134,83,104,17" hai3="75,50,106,100,84,3,103,10,48,108,16,95,132"/><T1/><D123/><U102/><E38/><V6/><F112/><W4/><G75/><T115/><D68/><U23/><E34/><V31/><F124/><W113/><G113/><T73/><D115/><U118/><E70/><V121/><F121/><W36/><G36/><T62/><D1/><U125/><E118/><V54/><F54/><W67/><G108/><T63/><D96/><U72/><E125/><V65/><F65/><W131/><G131/><T99/><D99/><U56/><E102/><V92/><F92/><W87/><G106/><N who="2" m="41065" /><F45/><W37/><G37/><T128/><D128/><U109/><E107/><V12/><F0/><W14/><G132/><N who="2" m="50793" /><F6/><W13/><G67/><T29/><D29/><U127/><E130/><V42/><F42/><W90/><G3/><T85/><D79/><U117/><E78/><V120/><F120/><W129/><G129/><T41/><D18/><U69/><E127/><V57/><F57/><W28/><G28/><T71/><D71/><U32/><E56/><V82/><F17/><W135/><G135/><T76/><D73/><U55/><E72/><V94/><F94/><W19/><G4/><T61/><D53/><U101/><E55/><V2/><F2/><W64/><G64/><T60/><D46/><U33/><E40/><V114/><F114/><W7/><G7/><T66/><D66/><U122/><E69/><V116/><F116/><W5/><G5/><T126/><D126/><U91/><E117/><V27/><AGARI ba="1,0" hai="12,15,27,31,35,81,82,83" m="50793,41065" machi="27" ten="40,5200,0" yaku="20,1,52,2" doraHai="11" who="2" fromWho="2" sc="370,-27,210,-14,210,55,210,-14" />
</Scene>
<Scene>
<INIT seed="1,0,0,5,3,103" ten="343,196,265,196" oya="1" hai0="65,3,98,34,122,127,130,69,131,20,57,88,109" hai1="90,12,87,123,116,6,26,7,18,28,39,105,84" hai2="60,133,78,46,63,38,118,4,36,95,89,71,80" hai3="64,96,25,132,13,55,93,15,135,72,128,44,54"/><U51/><E39/><V100/><F118/><W111/><G72/><T10/><D69/><U53/><E116/><V19/><F100/><W110/><G128/><T30/><D34/><U50/><E123/><V120/><F4/><W129/><G129/><T74/><D74/><U16/><E105/><V58/><F120/><W134/><G64/><T112/><D112/><U68/><E68/><V77/><F133/><W48/><G25/><T92/><D122/><U27/><E53/><V114/><F114/><W41/><G13/><T8/><D8/><U37/><E37/><V47/><F19/><W17/><G55/><T75/><D75/><U70/><E70/><V106/><F106/><W117/><G117/><T99/><D99/><U62/><E90/><V79/><F80/><W42/><G42/><T24/><D127/><U108/><E108/><V9/><F9/><N who="3" m="6383" /><G41/><T14/><D3/><U113/><E12/><V124/><F124/><W45/><G45/><N who="2" m="16905" /><F71/><W29/><G29/><T83/><D109/><U2/><E28/><V125/><F125/><W97/><G97/><T21/><D21/><U49/><E113/><V73/><F73/><W104/><G104/><T23/><D23/><U86/><E2/><V85/><F63/><W76/><G76/><T32/><D32/><U22/><E6/><V59/><F60/><W81/><G81/><T33/><D33/><U56/><E7/><V126/><F126/><W40/><G40/><T121/><D83/><U43/><E43/><V0/><F0/><W52/><G54/><T107/><D121/><U91/><E18/><V66/><F66/><RYUUKYOKU ba="0,0" sc="343,-15,196,-15,265,15,196,15" hai2="36,38,58,59,77,78,79,85,89,95" hai3="44,48,52,93,96,110,111,132,134,135" />
</Scene>
<Scene>
<INIT seed="2,1,0,5,4,88" ten="328,181,280,211" oya="2" hai0="5,46,58,77,108,80,0,104,78,119,19,79,126" hai1="100,76,57,40,7,96,14,132,103,73,9,43,2" hai2="105,101,34,81,18,48,130,97,85,54,4,117,112" hai3="36,6,95,89,82,51,131,110,123,42,23,27,90"/><V127/><F112/><W94/><G123/><T86/><D104/><U53/><E103/><V52/><F117/><W45/><G110/><T109/><D119/><U15/><E132/><V114/><F114/><W30/><G131/><T121/><D121/><U56/><E57/><V44/><F130/><W71/><G71/><T37/><D19/><U66/><E66/><V75/><F127/><W134/><G134/><T116/><D58/><U63/><E76/><V50/><F34/><W32/><G6/><T92/><D126/><U129/><E73/><V10/><F75/><W64/><G64/><T39/><D116/><U70/><E70/><V11/><F4/><W91/><G82/><T22/><D22/><U21/><E129/><V17/><F11/><W29/><G36/><N who="0" m="13899" /><D46/><U115/><E115/><V1/><F1/><W25/><AGARI ba="1,0" hai="23,25,27,29,30,32,42,45,51,89,90,91,94,95" machi="25" ten="30,4000,0" yaku="0,1,52,2" doraHai="88" who="3" fromWho="3" sc="328,-11,181,-11,280,-21,211,43" />
</Scene>
<Scene>
<INIT seed="3,0,0,4,5,52" ten="317,170,259,254" oya="3" hai0="124,131,76,125,69,83,98,91,102,87,6,81,2" hai1="4,34,33,39,29,67,64,57,50,74,35,79,30" hai2="15,73,24,93,36,109,71,129,130,97,7,132,21" hai3="96,106,89,72,0,116,122,12,9,26,49,78,59"/><W46/><G122/><T134/><D69/><U135/><E39/><V43/><F73/><W84/><G116/><T3/><D6/><U47/><E135/><V119/><F71/><W77/><G0/><T25/><D25/><U127/><E4/><V56/><F119/><W107/><G72/><N who="0" m="43143" /><D3/><U115/><E127/><N who="0" m="48713" /><D2/><U48/><E115/><V18/><F109/><W103/><G106/><N who="0" m="63831" /><D131/><N who="2" m="50186" /><F132/><AGARI ba="0,0" hai="83,87,91,132,134" m="63831,48713,43143" machi="132" ten="30,3900,0" yaku="18,1,34,2" doraHai="52" who="0" fromWho="2" sc="317,39,170,0,259,-39,254,0" />
</Scene>
<Scene>
<INIT seed="4,0,0,2,4,12" ten="356,170,220,254" oya="0" hai0="31,61,86,91,107,30,37,98,105,59,27,87,70" hai1="128,108,127,15,58,6,67,10,90,64,7,115,22" hai2="121,93,84,38,114,81,52,2,20,36,19,14,24" hai3="43,77,0,134,60,41,18,82,69,8,76,129,62"/><T116/><D116/><U96/><E108/><V21/><F121/><W80/><G134/><T49/><D37/><U35/><E35/><V113/><F2/><W42/><G129/><T40/><D30/><U101/><E128/><V32/><F32/><W66/><G62/><T102/><D105/><U55/><E127/><V97/><F52/><W56/><G69/><T5/><D5/><U104/><E115/><N who="2" m="44043" /><F84/><W103/><G103/><T131/><D131/><U92/><E7/><V123/><F81/><N who="3" m="31339" /><G0/><T100/><D100/><U125/><E125/><V78/><F78/><N who="3" m="30315" /><G8/><T74/><D74/><U106/><E106/><V50/><F50/><W65/><G65/><N who="0" m="41263" /><D91/><U124/><E124/><V73/><F73/><W112/><G112/><T11/><D11/><U23/><E67/><V83/><F83/><W51/><G51/><T9/><D9/><U33/><E64/><V111/><F123/><W28/><G28/><T25/><D25/><U68/><E33/><V46/><F111/><W79/><N who="3" m="30323" /><W85/><DORA hai="99" /><G85/><T45/><D59/><U95/><E68/><V122/><F122/><W133/><G133/><T26/><D26/><U72/><E72/><V17/><F46/><W135/><G135/><T94/><D94/><U110/><E110/><V118/><F118/><W4/><G4/><T132/><D132/><U120/><E120/><V89/><AGARI ba="0,0" hai="14,17,19,20,21,24,36,38,89,93,97" m="44043" machi="89" ten="30,4000,0" yaku="15,1,52,2" doraHai="12,99" who="2" fromWho="2" sc="356,-20,170,-10,220,40,254,-10" />
</Scene>
<Scene>
<INIT seed="5,0,0,1,0,31" ten="336,160,260,244" oya="1" hai0="25,88,125,62,76,131,100,35,49,53,93,126,122" hai1="95,87,40,130,98,72,82,55,56,109,20,14,32" hai2="70,135,90,30,16,71,7,11,120,45,113,19,26" hai3="107,27,63,57,10,64,34,105,84,78,1,65,58"/><U9/><E72/><V104/><F120/><W102/><G1/><T94/><D122/><U18/><E109/><V79/><F104/><W115/><G10/><T83/><D131/><U128/><E40/><V33/><F79/><W29/><G115/><T13/><D13/><U36/><E36/><V39/><F113/><W5/><G5/><T89/><D62/><U86/><E9/><V99/><F135/><W0/><G0/><T67/><D67/><U23/><E20/><V4/><F4/><W28/><G102/><T91/><D25/><U111/><E111/><V37/><F71/><W124/><G124/><N who="0" m="47723" /><D35/><U21/><E21/><V97/><F33/><W24/><G78/><T44/><D100/><U3/><E3/><V51/><F26/><W60/><REACH who="3" step="1"/><G84/><AGARI ba="0,0" hai="44,49,53,76,83,84,88,89,91,93,94" m="47723" machi="84" ten="30,2000,0" yaku="18,1,54,1" doraHai="31" who="0" fromWho="3" sc="336,20,160,0,260,0,244,-20" />
</Scene>
<Scene>
<INIT seed="6,0,0,4,3,91" ten="356,160,260,224" oya="2" hai0="118,54,135,27,100,55,76,53,126,36,18,94,29" hai1="81,22,73,19,101,104,49,14,108,74,28,119,7" hai2="8,62,60,97,39,88,17,121,2,84,6,42,117" hai3="111,23,16,9,65,77,127,98,85,105,99,46,78"/><V25/><F117/><W33/><G111/><T107/><D118/><U43/><E108/><V4/><F121/><W41/><G33/><T92/><D36/><U20/><E119/><V134/><F134/><W110/><G110/><T5/><D135/><U68/><E68/><V35/><F97/><N who="3" m="36875" /><G105/><T102/><D107/><U61/><E104/><V103/><F103/><N who="0" m="39466" /><D126/><U51/><E7/><V0/><F39/><W132/><G132/><T130/><D130/><U87/><E101/><V114/><F42/><W116/><G116/><T122/><D122/><U12/><E61/><V56/><F114/><W90/><G65/><T133/><D133/><U3/><E3/><V13/><F2/><W72/><G72/><T21/><D76/><U1/><E1/><V67/><F0/><W37/><G9/><T52/><D55/><U40/><E28/><V80/><REACH who="2" step="1"/><F62/><REACH who="2" ten="356,160,250,224" step="2"/><W96/><G96/><T48/><D5/><U115/><E115/><V64/><F64/><W79/><G37/><T10/><D48/><N who="1" m="18507" /><E43/><V71/><F71/><W63/><G63/><T34/><D34/><U47/><E40/><V131/><F131/><W120/><G120/><T38/><D38/><U123/><E123/><V24/><F24/><N who="3" m="14439" /><G127/><T128/><D128/><U86/><E47/><V15/><F15/><AGARI ba="0,1" hai="10,15,18,21,27,29,52,53,54,92,94" m="39466" machi="15" ten="30,7700,0" yaku="8,1,52,2,54,1" doraHai="91" who="0" fromWho="2" sc="356,87,160,0,250,-77,224,0" />
</Scene>
<Scene>
<INIT seed="7,0,0,1,3,34" ten="443,160,173,224" oya="3" hai0="7,115,70,50,111,75,47,25,108,104,49,45,119" hai1="44,83,24,30,14,100,89,55,85,68,12,125,97" hai2="53,78,77,48,13,9,114,130,11,86,124,39,128" hai3="123,95,133,96,88,117,18,29,131,64,58,21,105"/><W6/><G123/><T94/><D104/><U56/><E68/><V87/><F39/><W90/><G117/><T69/><D75/><U43/><E125/><V76/><F124/><W26/><G105/><T42/><D7/><U0/><E0/><V109/><F109/><N who="0" m="42058" /><D94/><U46/><E97/><V80/><F114/><W22/><G131/><N who="2" m="50217" /><F86/><W17/><G133/><T36/><D25/><U116/><E100/><V91/><F13/><W106/><G106/><T52/><D115/><U120/><E120/><V62/><F62/><N who="3" m="37975" /><G6/><T71/><D50/><U61/><E116/><AGARI ba="0,0" hai="36,42,45,47,49,52,69,70,71,116,119" m="42058" machi="116" ten="40,5200,0" yaku="34,2,54,1" doraHai="34" who="0" fromWho="1" sc="443,52,160,-52,173,0,224,0" owari="495,60.0,108,-39.0,173,-23.0,224,2.0" />
</Scene>
</mjloggm>