<mjloggm ver="2.3"><GO type="169"/><UN n0="%E6%A1%82%E3%83%92%E3%83%8A%E3%82%AE%E3%82%AF" n1="%E3%82%AF%E3%83%83%E3%83%91%E8%A3%8F" n2="%E5%A4%AA%E3%81%8F%E3%81%AA%E3%81%84%E3%81%8A" n3="%E3%83%80%E3%83%A1%E9%9B%80%E5%A3%AB" dan="17,16,18,16" rate="2157,2067,2193,2122" sx="F,F,M,M"/><TAIKYOKU oya="0"/>

<Scene>
<INIT seed="0,0,0,3,4,23" ten="250,250,250,250" oya="0" hai0="73,119,0,93,85,67,75,39,132,89,100,80,79" hai1="66,28,48,26,47,49,7,126,99,6,46,5,69" hai2="11,77,83,97,107,61,103,45,10,88,114,4,18" hai3="29,113,3,74,24,37,8,109,128,130,16,121,12"/><T40/><D119/><U105/><E126/><V110/><F114/><W20/><G74/><T59/><D73/><U13/><E13/><V134/><F110/><W1/><G37/><T62/><D132/><U131/><E131/><N who="3" m="50218" /><G109/><T57/><D0/><N who="3" m="73" /><G121/><T98/><D39/><U116/><E116/><V91/><F134/><W36/><G36/><T58/><REACH who="0" step="1"/><D40/><REACH who="0" ten="240,250,250,250" step="2"/><U95/><E105/><AGARI ba="0,1" hai="57,58,59,62,67,75,79,80,85,89,93,98,100,105" machi="105" ten="30,12000,1" yaku="1,1,2,1,7,1,24,2,53,0" doraHai="23" doraHaiUra="42" who="0" fromWho="1" sc="240,130,250,-120,250,0,250,0" />
</Scene>
<Scene>
<INIT seed="0,1,0,4,5,64" ten="370,130,250,250" oya="0" hai0="61,68,38,1,90,39,20,47,50,100,41,118,12" hai1="85,86,14,62,117,25,35,55,54,92,71,6,119" hai2="122,132,23,96,31,116,33,58,126,60,43,79,22" hai3="8,120,52,9,65,84,98,97,28,110,7,53,123"/><T48/><D118/><U91/><E117/><V45/><F116/><W44/><G28/><T80/><D1/><U106/><E119/><V77/><F122/><N who="3" m="46635" /><G110/><T63/><D100/><U135/><E135/><V99/><F132/><W26/><G26/><T127/><D127/><U78/><E106/><V113/><F33/><W30/><G30/><T73/><D73/><U5/><E35/><V102/><F113/><W59/><G84/><T3/><D3/><U66/><E25/><V57/><F126/><W82/><G82/><T67/><D61/><U130/><E130/><V56/><F60/><N who="3" m="38047" /><G9/><T29/><D39/><U83/><REACH who="1" step="1"/><E6/><REACH who="1" ten="370,120,250,250" step="2"/><V42/><F31/><W133/><G133/><T134/><D134/><U88/><E88/><V18/><F102/><W76/><G76/><T108/><D90/><U93/><E93/><V129/><F129/><W107/><G107/><T37/><D80/><U87/><E87/><V109/><F77/><W75/><G75/><T131/><D131/><U19/><E19/><V4/><F4/><W15/><G98/><T101/><D29/><U70/><E70/><V125/><F79/><W16/><G97/><T32/><D68/><U49/><E49/><V111/><F125/><W69/><G69/><T95/><D50/><U114/><E114/><V112/><F112/><W34/><G34/><T36/><D48/><U21/><E21/><V74/><F74/><W94/><G94/><T121/><D95/><U13/><E13/><V72/><F72/><W17/><G44/><T0/><D47/><U24/><E24/><N who="2" m="14423" /><F45/><W46/><G46/><T40/><D0/><RYUUKYOKU ba="1,1" sc="370,-15,120,15,250,-15,250,15" hai1="5,14,54,55,62,66,71,78,83,85,86,91,92" hai3="7,8,15,16,17,52,53" />
</Scene>
<Scene>
<INIT seed="1,2,1,2,4,5" ten="355,135,235,265" oya="1" hai0="28,107,121,96,113,9,89,1,110,125,131,55,19" hai1="7,79,4,20,72,64,88,6,37,23,12,17,92" hai2="74,27,66,65,73,87,62,13,102,94,126,124,47" hai3="129,40,53,41,118,76,90,100,36,11,101,128,127"/><U44/><E64/><V132/><F132/><W80/><G118/><T135/><D113/><U112/><E112/><V60/><F27/><W71/><G71/><T70/><D70/><U18/><E72/><V95/><F47/><W68/><G68/><T97/><D107/><U93/><E79/><V105/><F105/><W45/><G127/><T69/><D69/><U84/><E37/><V82/><F13/><W116/><G116/><T115/><D125/><U34/><E34/><V111/><F87/><W57/><G41/><T22/><D1/><U14/><E44/><V134/><F82/><AGARI ba="2,1" hai="4,6,7,12,14,17,18,20,23,82,84,88,92,93" machi="82" ten="40,7700,0" yaku="9,1,8,1,54,1" doraHai="5" who="1" fromWho="2" sc="355,0,135,93,235,-83,265,0" />
</Scene>
<Scene>
<INIT seed="1,3,0,3,1,106" ten="355,228,152,265" oya="1" hai0="130,112,91,35,47,39,26,36,32,56,125,128,53" hai1="108,67,135,5,17,103,82,83,44,8,114,122,80" hai2="118,31,60,49,94,54,28,74,37,120,63,93,22" hai3="51,40,76,88,24,78,30,115,98,134,86,121,70"/><U59/><E122/><V66/><F120/><W69/><G121/><T132/><D112/><U75/><E114/><V10/><F118/><W116/><G115/><T29/><D125/><U41/><E103/><V3/><F37/><W50/><G134/><T48/><D132/><U65/><E135/><V84/><F74/><W27/><G98/><T77/><D77/><U107/><E107/><V64/><F3/><W61/><G116/><T55/><D91/><U111/><E17/><V117/><F117/><W57/><G70/><T71/><D71/><U85/><E85/><V25/><F10/><W99/><G99/><T123/><D35/><U42/><E59/><V133/><F133/><W90/><G69/><T1/><D1/><U11/><E5/><V73/><F73/><W52/><G90/><T95/><D95/><U4/><E4/><V79/><F79/><N who="3" m="30251" /><G40/><N who="1" m="15466" /><E44/><V129/><F84/><W102/><G102/><T58/><D47/><U87/><E75/><V92/><F28/><W104/><G104/><T126/><D123/><U0/><E87/><V72/><F72/><W89/><G89/><T101/><D101/><U12/><E0/><V7/><F7/><W38/><G38/><T23/><D32/><U119/><E119/><V110/><F93/><N who="3" m="54423" /><G30/><T105/><D105/><U124/><E124/><V13/><F92/><W6/><G6/><T46/><D126/><U113/><E113/><V18/><F94/><W97/><G97/><T19/><D29/><U81/><E81/><V16/><F31/><W68/><G68/><T2/><D39/><U96/><E96/><V62/><F18/><RYUUKYOKU ba="3,0" sc="355,-10,228,-10,152,-10,265,30" hai3="24,27,50,51,52,57,61" />
</Scene>
<Scene>
<INIT seed="2,4,0,4,5,92" ten="345,218,142,295" oya="2" hai0="104,87,119,85,55,79,94,95,12,123,66,98,50" hai1="32,103,28,62,29,24,134,108,57,69,4,36,90" hai2="38,89,107,82,133,39,105,81,0,2,3,106,112" hai3="120,23,25,45,16,30,53,59,73,76,131,15,44"/><V84/><F112/><W41/><G120/><T83/><D104/><U34/><E36/><V13/><F133/><W130/><G76/><T63/><D123/><U102/><E69/><V43/><F43/><W27/><G73/><T126/><D119/><U96/><E134/><V33/><F33/><W109/><G109/><T80/><D126/><U22/><E108/><V75/><REACH who="2" step="1"/><F13/><REACH who="2" ten="345,218,132,295" step="2"/><W93/><G41/><T46/><D12/><U111/><E111/><V71/><F71/><W110/><G110/><T91/><D98/><U14/><E34/><V77/><AGARI ba="4,1" hai="0,2,3,38,39,75,77,81,82,84,89,105,106,107" machi="77" ten="40,3900,0" yaku="1,1,0,1,53,0" doraHai="92" doraHaiUra="10" who="2" fromWho="2" sc="345,-17,218,-17,132,61,295,-17" />
</Scene>
<Scene>
<INIT seed="2,5,0,2,5,90" ten="328,201,193,278" oya="2" hai0="10,60,104,56,75,133,103,114,21,55,47,31,14" hai1="41,44,61,11,32,63,34,2,112,50,8,17,24" hai2="98,109,117,119,129,46,58,72,20,94,43,77,132" hai3="122,85,76,54,134,5,40,99,52,130,4,84,93"/><V49/><F132/><W135/><G122/><T89/><D133/><N who="3" m="50697" /><G40/><T110/><D114/><U121/><E112/><V7/><F129/><W70/><G70/><T22/><D75/><U51/><E121/><V111/><F7/><N who="3" m="2635" /><G130/><T91/><D110/><N who="2" m="41994" /><F20/><W42/><G42/><T80/><D104/><U6/><E41/><V19/><F19/><W45/><G45/><T26/><D103/><U3/><E17/><V66/><F72/><W101/><G85/><N who="0" m="50343" /><D22/><U65/><E44/><V9/><F9/><W1/><G1/><T62/><D47/><U27/><E6/><V67/><F77/><W126/><G126/><T69/><D69/><U74/><E74/><V48/><F119/><W13/><G13/><T71/><D71/><U81/><E81/><AGARI ba="5,0" hai="52,54,76,81,84,93,99,101" m="2635,50697" machi="81" ten="30,3900,0" yaku="20,1,52,1,54,1" doraHai="90" who="3" fromWho="1" sc="328,0,201,-54,193,0,278,54" />
</Scene>
<Scene>
<INIT seed="3,0,0,5,3,52" ten="328,147,193,332" oya="3" hai0="19,124,63,58,131,87,29,7,112,91,41,130,95" hai1="105,3,39,71,86,47,94,132,16,27,113,21,48" hai2="107,121,114,109,35,76,81,5,118,106,34,38,135" hai3="6,104,61,74,72,25,85,110,31,108,116,98,28"/><W117/><G6/><T13/><D112/><U115/><E105/><V44/><F114/><W120/><G31/><T125/><D41/><U80/><E71/><V101/><F118/><W73/><G120/><T64/><D29/><U11/><E39/><V111/><F121/><W65/><G85/><T62/><D62/><U43/><E132/><V18/><F18/><W10/><G10/><T51/><D51/><U36/><E36/><V96/><F106/><W133/><G133/><T89/><D89/><U15/><E94/><V2/><F135/><W57/><G98/><T42/><D42/><U50/><E50/><V83/><F83/><W32/><REACH who="3" step="1"/><G104/><REACH who="3" ten="328,147,193,322" step="2"/><T4/><D4/><U97/><E97/><V14/><F5/><W37/><G37/><T119/><D7/><U26/><E3/><V78/><F2/><W126/><G126/><N who="0" m="48747" /><D119/><AGARI ba="0,1" hai="25,28,32,57,61,65,72,73,74,108,110,116,117,119" machi="119" ten="50,9600,0" yaku="1,1,52,1,53,1" doraHai="52" doraHaiUra="60" who="3" fromWho="0" sc="328,-96,147,0,193,0,322,106" />
</Scene>
<Scene>
<INIT seed="3,1,0,4,0,81" ten="232,147,193,428" oya="3" hai0="0,54,39,58,85,67,123,20,94,130,60,121,7" hai1="70,64,101,4,126,107,22,34,96,17,6,27,113" hai2="110,87,128,133,106,42,112,115,119,103,19,92,66" hai3="131,65,120,49,44,16,31,5,75,24,124,98,1"/><W11/><G75/><T108/><D39/><U105/><E113/><V135/><F42/><W122/><G131/><T57/><D108/><U46/><E126/><V30/><F30/><W74/><G74/><T12/><D130/><U52/><E107/><V35/><F35/><W21/><G124/><T15/><D0/><U116/><E116/><V13/><F128/><W55/><G65/><T80/><D94/><U29/><E46/><V89/><F66/><W2/><G2/><T8/><D20/><U78/><E78/><V26/><F26/><W99/><G99/><T91/><REACH who="0" step="1"/><D15/><REACH who="0" ten="222,147,193,428" step="2"/><U56/><E70/><V86/><F110/><W25/><G98/><T37/><D37/><U38/><E38/><V62/><F112/><W32/><AGARI ba="1,1" hai="1,5,11,16,21,24,25,31,32,44,49,55,120,122" machi="32" ten="20,3900,0" yaku="0,1,7,1,54,1" doraHai="81" who="3" fromWho="3" sc="222,-14,147,-14,193,-14,428,52" />
</Scene>
<Scene>
<INIT seed="3,2,0,2,0,53" ten="208,133,179,480" oya="3" hai0="77,22,10,79,116,91,84,20,49,113,89,25,61" hai1="59,120,28,46,68,43,123,87,34,41,125,119,127" hai2="51,18,111,122,86,5,75,0,56,134,16,45,58" hai3="39,109,26,105,69,103,54,132,126,67,48,14,106"/><W121/><G121/><T50/><D116/><U21/><E34/><V4/><F75/><W32/><G39/><T88/><D113/><U108/><E28/><V114/><F114/><W27/><G132/><T15/><D61/><U9/><E9/><V80/><F134/><W97/><G126/><N who="1" m="48138" /><E21/><N who="0" m="8297" /><D25/><U130/><E87/><V35/><F35/><W93/><G109/><T47/><D84/><U82/><E82/><V30/><F30/><N who="3" m="19543" /><G27/><T29/><D29/><U124/><N who="1" m="48146" /><U42/><DORA hai="24" /><E68/><V92/><F111/><W90/><G14/><T66/><D66/><U72/><E72/><V40/><F122/><N who="1" m="46633" /><E108/><V70/><F70/><W33/><G33/><T110/><D110/><U71/><E71/><V129/><F0/><W23/><G23/><T101/><D101/><U133/><E133/><V78/><F92/><W37/><G106/><T104/><D104/><U85/><E85/><V135/><F135/><W38/><G90/><T31/><D31/><U94/><E94/><V81/><F81/><W115/><G93/><T73/><D73/><U65/><E119/><V44/><F86/><W6/><G115/><T74/><D74/><U112/><E112/><V19/><F80/><W131/><G37/><T7/><D79/><U63/><E130/><V8/><F129/><W2/><G38/><AGARI ba="2,0" hai="38,41,42,43,46,59,63,65" m="46633,48146" machi="38" ten="40,8000,1" yaku="18,1,34,2,52,1" doraHai="53,24" who="1" fromWho="3" sc="208,0,133,86,179,0,480,-86" />
</Scene>
<Scene>
<INIT seed="4,0,0,2,3,113" ten="208,219,179,394" oya="0" hai0="18,57,107,52,117,42,93,35,103,86,40,38,58" hai1="32,69,7,6,3,118,94,88,125,11,123,111,44" hai2="127,17,84,25,41,120,34,108,27,66,14,5,49" hai3="72,21,63,24,74,65,131,87,92,16,78,0,91"/><T10/><D117/><U128/><E69/><V126/><F108/><W37/><G37/><T109/><D107/><U110/><E32/><V112/><F66/><W130/><G0/><T46/><D35/><U90/><E123/><V9/><F120/><W80/><REACH who="3" step="1"/><G74/><REACH who="3" ten="208,219,179,384" step="2"/><T55/><D109/><U102/><E111/><V70/><F112/><W54/><G54/><T60/><D38/><U36/><E110/><V122/><F122/><W50/><G50/><T71/><D71/><AGARI ba="0,1" hai="16,21,24,63,65,71,72,78,80,87,91,92,130,131" machi="71" ten="40,5200,0" yaku="1,1,54,1,53,1" doraHai="113" doraHaiUra="81" who="3" fromWho="0" sc="208,-52,219,0,179,0,384,62" />
</Scene>
<Scene>
<INIT seed="5,0,0,2,1,34" ten="156,219,179,446" oya="1" hai0="0,100,85,19,133,63,118,2,113,32,44,58,31" hai1="81,128,1,75,52,66,6,35,114,99,102,126,72" hai2="76,29,104,60,96,36,127,16,131,109,70,11,50" hai3="112,119,55,18,53,39,33,22,25,132,43,123,108"/><U69/><E52/><V94/><F109/><W8/><G108/><T92/><D118/><U17/><E17/><V56/><F36/><W89/><G119/><T41/><D113/><U111/><E111/><V54/><F127/><W83/><G123/><T5/><D133/><U106/><E114/><V78/><F104/><W28/><G132/><T122/><D122/><U105/><E126/><V30/><F131/><W91/><G112/><T87/><D5/><U59/><E106/><V65/><F30/><W77/><G43/><T98/><D19/><U88/><E59/><V4/><F29/><W40/><G40/><T26/><D85/><U124/><E128/><V37/><F37/><W20/><G39/><T116/><D87/><U38/><E38/><V135/><F135/><W97/><G8/><T62/><D116/><U10/><E124/><V86/><F86/><N who="3" m="48495" /><G33/><T93/><D93/><U23/><E35/><V13/><REACH who="2" step="1"/><F4/><REACH who="2" ten="156,219,169,446" step="2"/><W14/><G97/><T42/><D44/><U101/><E99/><V67/><F67/><W24/><G24/><T64/><REACH who="0" step="1"/><D63/><REACH who="0" ten="146,219,169,446" step="2"/><U115/><E6/><V57/><F57/><W129/><G129/><T48/><D48/><U73/><E115/><V9/><F9/><W3/><G28/><T21/><D21/><U125/><E23/><V117/><F117/><W134/><G20/><T79/><D79/><U84/><E10/><V51/><F51/><W120/><G22/><T71/><D71/><U7/><E69/><V15/><F15/><W68/><G14/><T74/><D74/><U82/><E7/><V27/><F27/><W45/><G25/><RYUUKYOKU ba="0,2" sc="146,15,219,-15,169,15,446,-15" hai0="0,2,26,31,32,41,42,58,62,64,92,98,100" hai2="11,13,16,50,54,56,60,65,70,76,78,94,96" />
</Scene>
<Scene>
<INIT seed="6,1,2,4,1,9" ten="161,204,184,431" oya="2" hai0="101,135,112,102,104,60,13,0,39,82,93,38,8" hai1="68,62,2,131,35,27,129,87,84,85,122,110,46" hai2="70,7,105,5,134,11,31,69,80,4,76,21,24" hai3="75,98,81,116,15,108,124,119,66,113,19,3,133"/><V34/><F105/><W109/><G3/><T55/><D104/><U6/><E110/><V64/><F134/><W17/><G66/><T99/><D0/><U16/><E6/><V45/><F45/><W126/><G98/><T67/><D135/><U128/><E2/><V97/><F97/><W78/><G133/><T26/><D112/><U83/><E46/><V54/><F54/><W95/><G19/><T56/><D102/><U61/><E122/><V103/><F103/><W18/><G18/><T120/><D120/><U79/><E68/><V106/><F106/><W100/><G100/><T44/><D26/><U30/><E16/><V42/><F42/><W58/><G95/><T52/><D82/><U72/><AGARI ba="1,2" hai="27,30,35,61,62,72,79,83,84,85,87,128,129,131" machi="72" ten="40,2700,0" yaku="0,1,19,1" doraHai="9" who="1" fromWho="1" sc="161,-8,204,50,184,-14,431,-8" />
</Scene>
<Scene>
<INIT seed="7,0,0,4,0,42" ten="153,254,170,423" oya="3" hai0="127,73,36,119,83,46,22,85,56,48,101,82,97" hai1="3,61,28,117,66,43,135,41,57,134,80,59,32" hai2="133,129,33,25,58,60,110,10,11,30,100,13,68" hai3="35,103,9,62,112,78,65,27,79,21,76,84,116"/><W24/><G116/><T113/><D119/><U95/><E3/><V23/><F110/><W16/><G112/><T115/><D127/><U111/><E95/><V124/><F68/><W126/><G103/><T34/><D34/><U92/><E80/><N who="0" m="30761" /><D73/><U50/><E92/><V1/><F124/><W90/><G9/><T2/><D2/><U130/><E28/><V74/><F74/><W123/><G123/><T98/><D36/><U51/><E32/><V0/><F129/><W14/><G35/><T125/><D125/><U7/><E7/><V105/><F133/><W88/><G126/><T15/><D56/><U37/><E37/><V99/><F33/><W128/><G128/><T120/><D120/><U49/><E130/><V54/><F11/><W5/><G5/><AGARI ba="0,0" hai="0,1,5,10,13,23,25,30,54,58,60,99,100,105" machi="5" ten="30,1000,0" yaku="7,1" doraHai="42" who="2" fromWho="3" sc="153,0,254,0,170,10,423,-10" owari="153,-35.0,254,5.0,180,-22.0,413,52.0" />
</Scene>
</mjloggm>