<mjloggm ver="2.3"><GO type="169"/><UN n0="%E3%81%A9%E3%81%86%E3%81%9F%E3%81%AC%E3%81%8D%EF%BC%8D%EF%BC%91" n1="%E3%82%BC%E3%83%B3%E3%83%84%E3%83%83%E3%83%91" n2="%E5%A4%AA%E3%81%8F%E3%81%AA%E3%81%84%E3%81%8A" n3="%40%E9%A6%AC%E6%9D%89%E5%AF%A7%E9%A6%99" dan="17,19,17,17" rate="2129,2276,2196,2123" sx="M,M,M,M"/><TAIKYOKU oya="0"/>

<Scene>
<INIT seed="0,0,0,0,0,37" ten="250,250,250,250" oya="0" hai0="84,110,3,36,68,95,34,4,50,90,30,25,115" hai1="24,94,125,107,10,100,77,19,101,113,63,16,104" hai2="109,8,124,79,20,76,17,5,6,65,29,134,81" hai3="52,60,116,85,51,70,59,135,1,33,130,98,38"/><T97/><D115/><U123/><E123/><V112/><F112/><W11/><G33/><T39/><D68/><U67/><E113/><V15/><F109/><W111/><G116/><T127/><D127/><U46/><E125/><V45/><F124/><W118/><G118/><T44/><D110/><U74/><E74/><V54/><F134/><W55/><G38/><T0/><D0/><U28/><E77/><V99/><F65/><W82/><G111/><T128/><D128/><U53/><E94/><V119/><F99/><W7/><G135/><T92/><D4/><U14/><E19/><V41/><F54/><W129/><G98/><T61/><D61/><U102/><E53/><V13/><F119/><W121/><G121/><T72/><D3/><U2/><E2/><V18/><F29/><W47/><REACH who="3" step="1"/><G70/><REACH who="3" ten="250,250,250,240" step="2"/><T12/><D72/><U35/><REACH who="1" step="1"/><E46/><REACH who="1" ten="250,240,250,240" step="2"/><V69/><F45/><W80/><G80/><T106/><D106/><U108/><E108/><V78/><F81/><W73/><G73/><T132/><D132/><U83/><E83/><V32/><F78/><AGARI ba="0,2" hai="1,7,11,47,51,52,55,59,60,78,82,85,129,130" machi="78" ten="40,2600,0" yaku="1,1,54,1,53,0" doraHai="37" doraHaiUra="120" who="3" fromWho="2" sc="250,0,240,0,250,-26,240,46" />
</Scene>
<Scene>
<INIT seed="1,0,0,4,4,38" ten="250,240,224,286" oya="1" hai0="28,63,41,120,16,78,68,65,129,26,55,58,107" hai1="23,32,5,75,123,122,13,62,103,132,90,52,99" hai2="125,9,7,88,130,15,128,29,97,91,17,126,77" hai3="53,92,79,73,115,98,95,111,80,85,20,121,35"/><U43/><E132/><V10/><F77/><W86/><G35/><T109/><D107/><U48/><E32/><V6/><F29/><W22/><G121/><T1/><D1/><U27/><E75/><V127/><F17/><W82/><G115/><T21/><D109/><U117/><E117/><V114/><F114/><W71/><G71/><T134/><D134/><U46/><E90/><N who="2" m="34347" /><F97/><W66/><G66/><T40/><D129/><N who="2" m="49770" /><F15/><W14/><G111/><T72/><D120/><U105/><E13/><V131/><N who="2" m="49778" /><V45/><DORA hai="93" /><F45/><W108/><G108/><T51/><D78/><U18/><REACH who="1" step="1"/><E5/><AGARI ba="0,0" hai="5,6,7,9,10,125,126,127" m="49778,34347" machi="5" ten="50,8000,1" yaku="28,2,18,1,19,1,54,1" doraHai="38,93" who="2" fromWho="1" sc="250,0,240,-80,224,80,286,0" />
</Scene>
<Scene>
<INIT seed="2,0,0,3,4,105" ten="250,160,304,286" oya="2" hai0="36,95,58,112,133,2,20,126,28,122,106,6,56" hai1="63,102,135,4,67,23,5,97,16,75,76,0,94" hai2="66,9,42,18,73,134,27,104,93,39,116,91,118" hai3="121,109,125,108,89,124,24,14,57,61,25,47,21"/><V44/><F104/><W83/><G121/><T13/><D106/><U107/><E135/><V10/><F134/><W88/><G47/><T15/><D36/><U84/><E0/><V26/><F66/><N who="3" m="39215" /><G14/><T32/><D112/><U99/><E84/><V41/><F41/><W81/><G81/><T40/><D122/><U74/><E76/><V69/><F69/><W52/><G52/><T45/><D133/><U132/><E132/><V19/><F73/><W70/><G70/><T43/><D32/><U113/><E113/><V38/><F42/><W90/><G83/><T120/><D120/><U7/><E63/><V11/><F44/><W34/><G34/><T72/><D72/><U29/><E29/><V131/><F10/><W79/><G79/><T80/><D80/><U114/><E67/><V12/><F12/><W64/><G64/><T77/><D77/><U117/><E117/><V35/><F35/><W130/><G130/><T55/><D2/><U30/><E30/><V37/><F37/><W22/><G22/><T86/><D28/><U53/><E53/><V50/><F50/><W103/><G103/><T96/><D20/><U115/><E114/><V48/><F48/><W8/><G8/><T68/><D68/><U82/><E82/><V54/><F54/><W49/><G49/><N who="0" m="29103" /><D43/><U60/><E60/><V98/><F131/><W110/><G21/><T46/><D46/><U51/><E51/><V71/><F71/><W62/><G62/><T17/><D40/><U33/><E33/><V119/><F119/><W78/><G78/><T92/><D58/><U59/><E115/><RYUUKYOKU ba="0,0" sc="250,-10,160,-10,304,-10,286,30" hai3="24,25,88,89,90,108,109,110,124,125" />
</Scene>
<Scene>
<INIT seed="3,1,0,0,0,61" ten="240,150,294,316" oya="3" hai0="84,40,19,101,134,7,16,94,74,21,118,50,54" hai1="71,100,131,97,85,126,52,57,56,44,123,20,119" hai2="106,103,31,15,80,38,82,45,9,64,91,109,47" hai3="5,24,27,63,62,43,30,67,115,2,104,114,132"/><W110/><G104/><T86/><D118/><U95/><E131/><V60/><F109/><W10/><G110/><T107/><D74/><U23/><E126/><V88/><F31/><W90/><G132/><T93/><D134/><U6/><E123/><V53/><F38/><W26/><G30/><T29/><D40/><U0/><E71/><V37/><F37/><W96/><G43/><T125/><D125/><U112/><E112/><V102/><F106/><W25/><N who="3" m="6144" /><DORA hai="11" /><W70/><REACH who="3" step="1"/><G63/><REACH who="3" ten="240,150,294,306" step="2"/><T75/><D29/><U99/><E119/><V83/><F60/><W127/><G127/><T128/><D107/><U28/><E28/><V36/><F36/><W51/><G51/><T89/><D50/><U22/><E0/><V130/><F130/><W4/><G4/><T133/><D7/><U34/><E6/><N who="2" m="3511" /><F64/><W66/><G66/><T77/><D128/><U39/><E39/><V73/><F53/><W14/><G14/><T78/><D54/><U113/><E113/><V48/><F48/><W105/><G105/><T116/><D133/><U87/><E52/><V76/><F47/><W124/><G124/><T72/><D116/><U92/><E44/><V120/><F45/><W58/><G58/><T65/><D65/><U108/><E108/><V32/><F32/><W1/><G1/><T17/><D17/><U79/><E34/><V117/><F117/><W121/><G121/><T59/><D59/><U41/><E41/><V68/><F120/><W69/><G69/><T8/><D16/><U135/><E135/><V35/><F68/><W98/><G98/><T49/><D19/><RYUUKYOKU ba="1,1" sc="240,-10,150,-10,294,-10,306,30" hai3="2,5,10,62,67,70,90,96,114,115" />
</Scene>
<Scene>
<INIT seed="3,2,1,0,4,21" ten="230,140,284,336" oya="3" hai0="36,109,57,50,118,123,3,132,63,95,12,77,37" hai1="19,102,9,110,108,83,7,91,24,76,61,18,86" hai2="17,135,0,119,98,47,58,53,14,121,96,79,59" hai3="41,72,51,34,40,128,73,45,87,66,99,29,55"/><W23/><G34/><T10/><D123/><U131/><E131/><V25/><F119/><W54/><G128/><T33/><D118/><U133/><E133/><V38/><F0/><W93/><G66/><T127/><D3/><U81/><E102/><V105/><F135/><W13/><G87/><T56/><D132/><U74/><E61/><V46/><F121/><W4/><G73/><T69/><D109/><N who="1" m="42091" /><E24/><V85/><F105/><W70/><G72/><T125/><D33/><U2/><AGARI ba="2,1" hai="2,7,9,18,19,74,76,81,83,86,91" m="42091" machi="2" ten="30,1100,0" yaku="14,1" doraHai="21" who="1" fromWho="1" sc="230,-5,140,27,284,-5,336,-7" />
</Scene>
<Scene>
<INIT seed="4,0,0,5,1,44" ten="225,167,279,329" oya="0" hai0="129,6,31,101,69,51,57,99,125,90,61,84,135" hai1="1,11,108,131,30,116,94,32,64,38,124,54,24" hai2="27,63,45,55,68,105,39,134,117,62,10,87,35" hai3="104,100,81,58,86,14,111,127,25,123,48,65,91"/><T96/><D69/><U85/><E108/><V103/><F134/><W89/><G111/><T59/><D135/><U41/><E131/><V122/><F122/><W8/><G123/><T93/><D129/><U110/><E110/><V17/><F117/><W112/><G112/><T71/><D125/><U49/><E124/><V80/><F68/><W102/><G127/><T23/><D6/><U7/><E116/><V13/><F105/><W120/><G120/><T34/><D34/><U72/><E72/><V119/><F103/><N who="3" m="39467" /><G104/><T28/><D71/><U60/><E38/><V132/><F119/><W37/><G37/><T16/><D59/><U133/><E41/><V83/><F132/><W107/><G107/><T0/><D0/><U67/><E60/><V22/><F35/><W73/><G73/><T2/><D2/><U128/><E128/><V77/><F80/><W79/><G25/><T33/><D33/><U46/><REACH who="1" step="1"/><E133/><REACH who="1" ten="225,157,279,329" step="2"/><V92/><F39/><W66/><G48/><T56/><D61/><U118/><E118/><V114/><F114/><W43/><G43/><T82/><D99/><U15/><E15/><V98/><F63/><N who="3" m="38135" /><G66/><T50/><D31/><U36/><E36/><V70/><F70/><W40/><G40/><T130/><D28/><U97/><E97/><V19/><F62/><W20/><G14/><T3/><D3/><U109/><E109/><V18/><F13/><W113/><G113/><T12/><D130/><U47/><E47/><V88/><F10/><W52/><G8/><T21/><D23/><U78/><E78/><V106/><F106/><W75/><G20/><RYUUKYOKU ba="0,1" sc="225,10,157,10,279,10,329,-30" hai0="12,16,21,50,51,56,57,82,84,90,93,96,101" hai1="1,7,11,24,30,32,46,49,54,64,67,85,94" hai2="17,18,19,22,27,45,55,77,83,87,88,92,98" />
</Scene>
<Scene>
<INIT seed="4,1,1,0,1,73" ten="235,167,289,299" oya="0" hai0="126,22,6,5,125,92,37,133,118,104,69,32,27" hai1="119,40,120,61,78,97,68,62,9,15,131,23,30" hai2="0,117,105,127,112,38,51,10,36,98,67,18,34" hai3="134,11,116,71,35,28,128,56,101,48,123,94,129"/><T45/><D104/><U110/><E110/><V25/><F67/><W59/><G71/><T122/><D122/><U3/><E120/><V121/><F121/><W44/><G123/><T57/><D118/><U19/><E119/><V103/><F117/><W85/><G116/><T70/><D32/><U55/><E131/><N who="3" m="50250" /><G134/><T96/><D133/><U7/><E40/><V58/><F112/><W81/><G11/><T111/><D111/><U107/><E68/><V26/><F127/><N who="0" m="48650" /><D70/><U90/><E55/><V79/><F34/><W108/><G108/><T33/><D33/><U77/><E30/><V42/><F0/><W2/><G2/><T46/><D69/><U89/><E89/><V102/><F102/><W66/><G66/><T21/><D57/><U135/><E135/><V72/><F58/><W124/><G124/><T54/><D54/><U74/><E74/><V31/><F72/><W88/><G35/><T24/><D22/><U132/><E132/><V91/><F10/><W130/><G130/><T47/><D37/><U53/><E53/><V86/><F38/><W13/><G59/><T80/><D80/><U29/><E29/><V76/><F31/><W4/><G28/><N who="0" m="17423" /><D27/><U8/><E8/><V100/><F26/><W109/><G56/><T43/><D43/><U114/><E114/><V113/><F25/><W12/><G109/><T63/><D63/><U65/><E65/><V82/><F113/><W99/><G4/><T60/><D60/><N who="1" m="23147" /><E107/><V75/><F105/><W95/><G81/><T14/><D14/><N who="1" m="9719" /><E3/><V41/><F36/><W87/><G12/><T84/><D96/><RYUUKYOKU ba="1,1" sc="235,15,167,15,289,-15,299,-15" hai0="5,6,45,46,47,84,92" hai1="7,9,15,77,78,90,97" />
</Scene>
<Scene>
<INIT seed="4,2,1,3,5,23" ten="250,182,274,284" oya="0" hai0="30,124,17,12,63,117,133,107,96,21,46,111,9" hai1="25,64,54,119,73,52,67,57,104,99,4,81,82" hai2="47,84,0,41,103,7,129,2,105,29,93,53,100" hai3="102,45,49,5,14,108,15,37,92,50,76,27,28"/><T109/><D117/><U80/><E119/><V19/><F129/><W83/><G108/><N who="0" m="41547" /><D124/><U20/><E73/><V134/><F134/><W58/><G37/><T74/><D74/><U32/><E32/><V48/><F29/><W51/><G45/><T55/><D133/><U77/><E77/><V87/><F105/><W3/><G58/><N who="0" m="35295" /><D46/><U38/><E38/><V13/><F7/><W118/><G5/><N who="0" m="3119" /><D30/><N who="1" m="17703" /><E104/><V85/><F41/><W75/><G3/><T69/><D69/><U90/><E4/><V70/><F70/><W86/><G118/><T43/><D43/><U42/><E42/><V34/><F2/><W40/><G40/><T61/><D61/><N who="1" m="37935" /><E67/><V31/><F0/><W60/><G60/><T16/><D21/><U94/><AGARI ba="2,1" hai="52,54,80,81,82,90,94,99" m="37935,17703" machi="94" ten="30,4000,0" yaku="8,1,52,1,54,1" doraHai="23" who="1" fromWho="1" sc="250,-22,182,56,274,-12,284,-12" />
</Scene>
<Scene>
<INIT seed="5,0,0,0,5,100" ten="228,238,262,272" oya="1" hai0="41,77,102,131,26,55,48,122,32,108,81,27,34" hai1="7,101,38,93,110,106,112,71,73,127,6,67,35" hai2="9,63,25,134,24,79,90,21,42,119,13,16,52" hai3="31,18,111,50,94,66,80,117,68,82,114,107,30"/><U28/><E93/><V130/><F119/><W72/><G111/><T132/><D108/><U62/><E110/><V121/><F121/><W58/><G117/><T124/><D122/><U64/><E64/><V1/><F134/><W51/><G107/><T4/><D132/><U20/><E20/><V74/><F130/><W95/><G68/><T98/><D124/><U92/><E92/><N who="3" m="35370" /><G72/><T5/><D41/><U129/><E73/><V14/><F1/><W120/><G114/><T84/><D131/><U83/><E83/><N who="3" m="31786" /><G18/><T10/><D4/><U19/><E19/><N who="2" m="8623" /><F74/><W33/><G33/><T49/><D34/><U11/><E129/><V88/><F42/><W91/><G91/><N who="2" m="34857" /><F79/><W47/><G120/><T135/><D32/><U43/><E112/><V113/><F113/><W99/><G99/><T53/><D135/><U115/><E115/><V103/><F103/><W12/><G12/><N who="0" m="5199" /><D98/><N who="1" m="61751" /><E127/><V8/><F8/><W54/><G66/><T37/><D37/><U0/><E7/><V116/><F116/><W97/><G97/><T86/><D84/><U56/><E43/><AGARI ba="0,0" hai="30,31,43,47,50,51,54,58" m="31786,35370" machi="43" ten="30,1000,0" yaku="8,1" doraHai="100" who="3" fromWho="1" sc="228,0,238,-10,262,0,272,10" />
</Scene>
<Scene>
<INIT seed="6,0,0,2,2,48" ten="228,228,262,282" oya="2" hai0="74,63,88,41,113,51,125,134,135,72,92,81,118" hai1="8,25,105,54,108,67,96,1,127,64,20,44,14" hai2="122,30,15,71,115,121,27,53,99,128,47,117,40" hai3="60,93,89,84,10,32,80,110,0,91,55,130,129"/><V123/><F117/><W90/><G32/><T59/><D118/><U37/><E108/><V52/><F71/><W49/><G110/><T62/><D113/><U57/><E127/><V112/><F128/><N who="3" m="49259" /><G60/><N who="0" m="23083" /><D81/><U87/><E1/><V56/><F15/><W34/><G34/><T50/><D41/><U120/><E120/><V69/><F69/><W35/><G35/><T29/><D29/><U73/><E73/><N who="0" m="28265" /><D59/><U78/><E37/><N who="2" m="21903" /><F56/><N who="3" m="32879" /><G93/><T61/><D61/><U2/><E44/><V106/><F106/><W107/><G107/><T28/><D28/><U42/><E42/><V18/><F99/><W119/><G119/><T22/><D22/><U13/><E96/><V76/><F30/><W19/><G19/><T95/><D125/><U75/><E105/><V36/><F36/><W24/><G24/><T109/><D109/><U58/><E25/><V104/><F104/><W4/><AGARI ba="0,0" hai="0,4,10,80,84,89,90,91" m="32879,49259" machi="4" ten="30,2000,0" yaku="19,1,52,1" doraHai="48" who="3" fromWho="3" sc="228,-5,228,-5,262,-10,282,20" />
</Scene>
<Scene>
<INIT seed="7,0,0,0,0,97" ten="223,223,252,302" oya="3" hai0="86,112,53,55,88,31,68,10,78,1,135,48,52" hai1="99,106,121,43,0,29,116,107,24,6,30,19,94" hai2="122,87,124,56,64,126,133,114,9,16,110,80,90" hai3="93,104,79,39,128,25,127,22,45,28,129,67,35"/><W27/><G104/><T2/><D68/><U81/><E121/><V33/><F110/><W40/><G127/><N who="2" m="48681" /><F33/><W75/><G67/><T92/><D135/><U84/><E43/><V118/><F118/><W13/><G13/><T85/><D31/><U17/><E107/><V96/><F133/><W15/><G15/><T130/><D130/><N who="3" m="50281" /><G93/><T38/><D38/><U42/><E106/><V14/><F122/><W101/><G101/><T49/><D2/><U50/><E116/><V41/><F114/><W20/><G27/><T71/><D71/><U23/><E6/><V113/><F113/><W12/><G12/><T59/><D112/><U109/><E29/><V131/><F131/><W66/><G66/><T82/><D1/><U111/><E0/><V73/><F96/><W125/><G125/><T57/><D10/><U134/><E134/><V102/><F102/><W115/><G115/><T123/><D123/><U4/><E4/><V21/><F9/><W89/><G89/><T117/><D117/><U60/><E111/><V76/><F90/><W46/><G46/><T11/><D11/><U72/><E109/><V95/><F95/><W36/><G39/><T119/><D119/><U18/><E72/><V26/><F73/><W105/><G105/><T7/><D7/><U44/><E60/><N who="2" m="37895" /><F14/><W58/><G58/><AGARI ba="0,0" hai="48,49,52,53,55,57,58,59,78,82,85,86,88,92" machi="58" ten="40,5200,0" yaku="8,1,54,2" doraHai="97" who="0" fromWho="3" sc="223,52,223,0,252,0,302,-52" />
</Scene>
<Scene>
<INIT seed="8,0,0,2,4,51" ten="275,223,252,250" oya="0" hai0="96,65,43,89,111,29,22,33,60,25,30,63,105" hai1="70,116,92,128,78,48,7,91,14,72,68,108,90" hai2="44,102,55,107,82,77,0,98,134,19,67,100,97" hai3="17,86,117,54,41,131,126,118,42,37,74,83,27"/><T85/><D111/><U112/><E108/><V28/><F0/><W129/><G74/><T32/><D43/><N who="3" m="16393" /><G37/><T130/><D130/><N who="3" m="49673" /><G126/><T114/><D114/><U76/><E128/><V12/><F134/><W62/><G27/><T79/><D63/><U4/><E116/><V5/><F28/><W80/><G17/><T16/><D32/><U50/><E92/><V61/><F5/><W95/><G95/><T119/><D119/><N who="3" m="45577" /><G86/><T109/><D109/><U9/><E14/><V18/><F12/><W104/><G104/><T23/><D33/><U94/><E94/><V71/><F97/><W93/><G93/><N who="0" m="56367" /><D105/><U120/><E9/><V13/><F100/><W36/><G36/><T110/><D110/><U87/><E87/><V127/><F127/><W124/><G124/><T121/><D30/><U45/><E72/><V21/><F19/><W20/><G20/><T1/><D23/><U26/><E26/><V73/><F73/><W49/><G62/><T8/><D29/><U39/><E39/><V38/><F38/><W46/><AGARI ba="0,0" hai="46,49,54,80,83" m="45577,49673,16393" machi="46" ten="40,5200,0" yaku="19,1,16,1,52,1" doraHai="51" who="3" fromWho="3" sc="275,-26,223,-13,252,-13,250,52" owari="249,5.0,210,-29.0,239,-16.0,302,40.0" />
</Scene>
</mjloggm>