<mjloggm ver="2.3"><GO type="41"/><UN n0="%E5%A4%AA%E3%81%8F%E3%81%AA%E3%81%84%E3%81%8A" n1="%E3%81%8A%E3%81%97%E3%82%83%E3%81%BE%E3%83%9C%E3%83%BC%E3%82%A4" n2="%6B%65%79%E2%80%BB" n3="%63%6F%66%66%65%65%2E%53" dan="15,15,14,13" rate="2057,1953,1859,1866" sx="M,M,M,M"/><TAIKYOKU oya="0"/>

<Scene>
<INIT seed="0,0,0,5,0,49" ten="250,250,250,250" oya="0" hai0="8,113,101,16,84,76,55,79,70,13,1,100,65" hai1="22,58,135,127,94,121,116,15,107,63,67,48,125" hai2="117,133,102,104,18,26,52,115,69,28,57,77,110" hai3="36,89,75,80,87,111,24,118,31,60,123,42,5"/><T64/><D113/><U124/><E116/><V34/><F115/><W128/><G118/><T40/><D40/><U90/><E107/><V108/><F117/><W130/><G5/><T23/><D1/><U68/><E121/><V74/><F69/><W81/><G123/><T17/><D70/><U11/><E22/><V86/><F74/><W21/><G111/><T35/><D35/><U103/><E103/><N who="0" m="39497" /><D55/><U7/><E135/><V132/><F18/><W92/><G75/><T12/><D84/><N who="1" m="52551" /><E48/><N who="2" m="30855" /><F86/><W112/><G112/><T29/><D29/><U134/><E134/><N who="2" m="51819" /><F77/><AGARI ba="0,0" hai="8,12,13,16,17,23,64,65,76,77,79" m="39497" machi="77" ten="30,2900,0" yaku="8,1,54,1" doraHai="49" who="0" fromWho="2" sc="250,29,250,0,250,-29,250,0" />
</Scene>
<Scene>
<INIT seed="0,1,0,3,3,63" ten="279,250,221,250" oya="0" hai0="96,69,36,91,73,7,5,111,74,2,70,79,62" hai1="106,127,14,78,109,67,83,84,45,35,112,15,49" hai2="6,118,32,42,95,41,27,125,39,76,54,24,17" hai3="108,133,37,50,3,123,93,102,119,128,28,121,90"/><T104/><D36/><U61/><E106/><V110/><F39/><W40/><G37/><T80/><D74/><U53/><E109/><V0/><F110/><W44/><G3/><T55/><D111/><U57/><E127/><V101/><F125/><W85/><G119/><T43/><D43/><U107/><E107/><V65/><F118/><W60/><G128/><T94/><D104/><U20/><E35/><V52/><F76/><W134/><G108/><T23/><D23/><U9/><E112/><V19/><F32/><W130/><G28/><T29/><D29/><U18/><REACH who="1" step="1"/><E9/><REACH who="1" ten="279,240,221,250" step="2"/><V77/><F0/><W71/><G130/><T100/><D2/><U25/><AGARI ba="1,1" hai="14,15,18,20,25,45,49,53,57,61,67,78,83,84" machi="25" ten="20,12000,2" yaku="1,1,2,1,0,1,7,1,8,1,52,1,53,0" doraHai="63" doraHaiUra="66" who="1" fromWho="1" sc="279,-61,240,133,221,-31,250,-31" />
</Scene>
<Scene>
<INIT seed="1,0,0,1,1,60" ten="218,373,190,219" oya="1" hai0="111,70,33,29,8,7,2,4,131,47,110,22,53" hai1="20,71,58,114,27,31,9,42,120,40,101,123,57" hai2="35,0,125,77,80,14,87,124,130,50,5,108,15" hai3="78,64,122,21,43,37,66,133,113,74,93,102,23"/><U56/><E71/><V59/><F108/><N who="0" m="41514" /><D70/><U54/><E114/><V34/><F130/><W1/><G113/><T99/><D99/><U82/><E101/><V11/><F59/><W118/><G122/><T72/><D72/><U26/><E54/><V127/><REACH who="2" step="1"/><F50/><REACH who="2" ten="218,373,180,219" step="2"/><W107/><G118/><T79/><D131/><U16/><E123/><V95/><F95/><W116/><G116/><T38/><D38/><U96/><E120/><V129/><F129/><W52/><G37/><T19/><D47/><U115/><E115/><V18/><F18/><W103/><G43/><T25/><D19/><U97/><E42/><V24/><F24/><W75/><G133/><T28/><D25/><U3/><E40/><V6/><F6/><W89/><G93/><T98/><D7/><U73/><E27/><V32/><AGARI ba="0,1" hai="0,5,11,14,15,32,34,35,77,80,87,124,125,127" machi="32" ten="40,8000,1" yaku="1,1,0,1,18,1,53,1" doraHai="60" doraHaiUra="83" who="2" fromWho="2" sc="218,-20,373,-40,180,90,219,-20" />
</Scene>
<Scene>
<INIT seed="2,0,0,0,3,104" ten="198,333,270,199" oya="2" hai0="52,101,61,91,72,18,74,49,78,5,39,121,92" hai1="99,89,13,10,131,64,4,106,1,85,16,125,15" hai2="62,54,70,84,66,71,36,105,80,88,32,48,120" hai3="79,127,3,133,19,109,27,114,77,8,102,22,46"/><V93/><F105/><W122/><G122/><T53/><D121/><U33/><E33/><V34/><F120/><W26/><G102/><T108/><D39/><U135/><E131/><V68/><F36/><W17/><G79/><T118/><D101/><U90/><E135/><V65/><F93/><W112/><G77/><T126/><D5/><U2/><E64/><V6/><F6/><N who="3" m="1119" /><G46/><T47/><D108/><U69/><E69/><V38/><F38/><W50/><G50/><T51/><D126/><U96/><E125/><V43/><F43/><W87/><G87/><T44/><D118/><U67/><E67/><V57/><REACH who="2" step="1"/><F66/><REACH who="2" ten="198,333,260,199" step="2"/><W130/><G127/><T110/><D110/><U56/><E106/><V116/><F116/><W115/><G109/><T45/><D53/><U21/><E4/><V24/><F24/><W11/><G27/><T75/><D78/><U94/><E94/><V100/><F100/><W86/><G133/><T132/><D132/><U7/><E7/><V107/><F107/><W134/><G134/><T97/><REACH who="0" step="1"/><D18/><REACH who="0" ten="188,333,260,199" step="2"/><U42/><E16/><V113/><F113/><W59/><G114/><T124/><D124/><U95/><E42/><V28/><F28/><W31/><G115/><T12/><D12/><U81/><E15/><V60/><F60/><W76/><G112/><T40/><D40/><U35/><E13/><V41/><F41/><W20/><G20/><T117/><BYE who="3" /><D117/><U103/><E21/><V83/><F83/><W25/><G25/><T30/><D30/><UN n3="%63%6F%66%66%65%65%2E%53" /><U129/><E2/><V0/><F0/><W111/><G31/><T82/><D82/><RYUUKYOKU ba="0,2" sc="188,15,333,-15,260,15,199,-15" hai0="44,45,47,49,51,52,61,72,74,75,91,92,97" hai2="32,34,48,54,57,62,65,68,70,71,80,84,88" />
</Scene>
<Scene>
<INIT seed="2,1,2,0,4,111" ten="203,318,275,184" oya="2" hai0="104,132,109,22,26,21,30,32,14,110,91,105,87" hai1="60,107,51,34,131,20,5,68,0,71,126,3,28" hai2="122,57,38,24,4,112,53,117,15,85,116,133,33" hai3="96,7,123,58,48,16,64,101,11,27,79,118,18"/><V10/><F38/><W45/><G79/><T55/><D132/><U46/><E34/><V67/><F133/><W94/><G123/><T78/><D78/><U100/><E131/><V81/><F122/><W29/><G118/><T106/><D55/><U47/><E126/><V99/><F67/><W102/><G102/><T119/><D119/><U37/><E100/><V82/><F81/><W31/><G64/><T66/><D66/><U72/><E107/><V35/><F99/><W23/><G58/><T74/><D74/><U92/><E71/><V97/><F97/><W63/><G63/><T49/><D49/><U127/><E51/><V54/><F53/><W59/><G59/><T128/><D128/><U134/><E37/><V75/><F75/><W80/><G80/><N who="0" m="49639" /><D14/><U135/><E3/><V69/><F69/><W89/><G101/><T17/><D17/><U84/><E0/><V56/><F57/><W95/><G95/><T103/><D103/><U124/><E92/><V76/><F35/><W1/><G18/><T39/><D39/><U43/><E72/><V50/><F117/><W9/><G9/><T88/><D88/><U70/><E70/><V120/><F116/><W115/><G115/><T83/><D83/><U42/><E68/><V8/><F112/><W25/><G25/><T114/><D114/><U73/><E134/><V44/><F120/><W121/><G121/><T62/><D62/><U61/><E61/><V6/><F24/><W113/><G113/><T125/><D125/><U86/><E135/><V65/><F65/><W13/><G1/><T41/><D41/><AGARI ba="1,2" hai="7,11,13,16,23,27,29,31,41,45,48,89,94,96" machi="41" ten="30,7700,0" yaku="6,1,7,1,8,1,54,1" doraHai="111" who="3" fromWho="0" sc="203,-80,318,0,275,0,184,100" />
</Scene>
<Scene>
<INIT seed="3,0,0,1,0,53" ten="123,318,275,284" oya="3" hai0="17,75,131,42,16,37,15,134,43,95,74,57,52" hai1="109,112,36,51,1,38,120,90,130,125,92,47,34" hai2="40,18,111,114,86,39,59,48,72,11,116,6,110" hai3="69,78,44,122,129,83,58,4,84,98,80,135,107"/><W23/><G122/><T0/><D0/><U106/><RYUUKYOKU type="yao9" ba="0,0" sc="123,0,318,0,275,0,284,0" hai1="1,34,36,38,47,51,90,92,106,109,112,120,125,130" />
</Scene>
<Scene>
<INIT seed="3,1,0,2,3,6" ten="123,318,275,284" oya="3" hai0="10,62,80,61,129,30,60,32,0,98,89,49,83" hai1="51,58,109,107,44,105,70,64,113,115,66,4,116" hai2="132,40,20,13,31,99,45,1,50,56,55,16,33" hai3="3,46,94,74,119,134,35,79,135,5,11,92,85"/><W91/><G119/><T76/><D129/><U67/><E70/><V8/><F132/><N who="3" m="50731" /><G35/><T120/><D120/><U133/><E133/><V14/><F99/><W54/><G74/><T124/><D124/><U100/><E116/><V128/><F128/><W52/><G79/><T96/><D49/><U126/><E109/><V17/><F1/><W122/><G122/><T63/><D63/><U108/><E108/><V28/><F33/><W84/><G46/><T112/><D112/><U38/><E126/><V23/><F20/><W101/><G85/><T59/><D59/><U130/><E130/><V81/><F81/><W22/><G22/><T48/><D32/><U47/><E58/><V36/><AGARI ba="1,0" hai="8,13,14,16,17,23,28,31,36,40,45,50,55,56" machi="36" ten="20,5200,0" yaku="0,1,7,1,52,1,54,1" doraHai="6" who="2" fromWho="2" sc="123,-14,318,-14,275,55,284,-27" />
</Scene>
<Scene>
<INIT seed="4,0,0,3,2,15" ten="109,304,330,257" oya="0" hai0="4,127,100,52,10,19,7,30,34,64,26,57,82" hai1="128,11,86,62,129,14,130,90,41,2,89,1,95" hai2="134,45,35,71,124,39,25,115,27,74,108,53,114" hai3="72,122,50,13,104,78,103,46,51,118,75,20,99"/><T56/><D127/><U0/><E41/><V92/><F124/><W80/><G118/><T42/><D100/><U132/><E62/><V133/><F71/><W94/><G122/><T125/><D125/><U48/><E48/><V60/><F74/><W55/><G104/><T84/><D42/><U8/><E132/><V22/><F92/><W38/><G38/><T63/><D19/><N who="1" m="8647" /><E90/><V65/><F39/><W9/><G20/><T81/><D10/><AGARI ba="0,0" hai="0,1,2,10,11,86,89,95,128,129,130" m="8647" machi="10" ten="40,2600,0" yaku="19,1,52,1" doraHai="15" who="1" fromWho="0" sc="109,-26,304,26,330,0,257,0" />
</Scene>
<Scene>
<INIT seed="5,0,0,2,4,56" ten="83,330,330,257" oya="1" hai0="44,54,37,25,91,61,69,122,36,6,134,53,31" hai1="96,93,3,85,66,105,34,5,82,13,84,90,30" hai2="14,57,58,62,67,74,15,124,39,102,29,1,60" hai3="52,95,46,70,22,35,40,79,64,45,63,120,80"/><U123/><E123/><V114/><F39/><W119/><G35/><T43/><D134/><U55/><E3/><V97/><F74/><W50/><G120/><T32/><D122/><U107/><E84/><V49/><F1/><W125/><G125/><T9/><D37/><U18/><E5/><V103/><F124/><W98/><G119/><T72/><D72/><U73/><E73/><V75/><F75/><W42/><G42/><BYE who="3" /><T116/><D116/><U38/><E38/><UN n3="%63%6F%66%66%65%65%2E%53" /><V101/><F49/><W24/><G79/><T27/><D27/><U28/><E55/><V33/><F114/><W130/><G80/><T112/><D112/><U109/><E66/><V11/><F33/><W126/><G126/><T89/><D53/><U65/><E65/><V17/><F29/><W51/><G130/><T48/><D69/><U108/><E105/><V111/><F15/><W106/><G106/><T132/><D132/><U127/><E107/><V23/><F11/><W129/><G129/><T59/><REACH who="0" step="1"/><D36/><REACH who="0" ten="73,330,330,257" step="2"/><U10/><E127/><V113/><F113/><W83/><G24/><T4/><D4/><U21/><E34/><V8/><F67/><W77/><G70/><T47/><D47/><U110/><REACH who="1" step="1"/><E10/><REACH who="1" ten="73,320,330,257" step="2"/><V128/><F8/><W41/><G52/><T121/><D121/><U117/><E117/><V0/><F128/><W99/><G41/><T26/><D26/><U104/><E104/><V68/><F0/><AGARI ba="0,2" hai="0,6,9,25,31,32,43,44,48,54,59,61,89,91" machi="0" ten="30,3900,0" yaku="1,1,7,1,52,1,53,0" doraHai="56" doraHaiUra="78" who="0" fromWho="2" sc="73,59,320,0,330,-39,257,0" />
</Scene>
<Scene>
<INIT seed="6,0,0,2,5,109" ten="132,320,291,257" oya="2" hai0="0,99,127,125,79,34,60,110,46,48,95,77,58" hai1="51,44,39,52,100,135,116,22,130,4,25,134,27" hai2="40,26,36,118,13,15,31,119,2,124,23,82,67" hai3="90,66,55,84,73,129,18,64,114,103,83,29,5"/><V63/><F2/><W126/><G73/><T30/><D0/><U8/><E116/><V24/><F124/><N who="0" m="47690" /><D110/><U91/><E100/><V33/><F82/><W12/><G126/><T71/><D71/><U81/><E39/><V133/><F133/><W14/><G5/><T112/><D112/><U3/><E130/><V49/><F36/><W62/><G29/><T87/><D30/><U61/><E61/><V123/><F123/><W42/><G129/><T35/><D87/><N who="1" m="50671" /><E22/><V28/><F119/><W117/><G42/><N who="0" m="24663" /><D35/><U115/><E115/><V107/><F107/><W65/><G114/><T45/><D34/><U70/><E70/><V41/><F118/><W121/><G117/><T85/><D85/><U74/><E74/><V50/><F41/><W54/><G121/><T19/><D45/><U122/><E122/><V9/><F40/><W38/><G103/><N who="0" m="60927" /><D19/><U105/><E105/><V113/><F113/><W43/><G38/><T20/><D20/><U102/><E102/><V98/><F98/><W53/><G43/><T120/><D120/><U57/><E44/><V16/><F13/><N who="3" m="5227" /><G18/><T93/><D93/><U47/><E47/><V86/><REACH who="2" step="1"/><F86/><REACH who="2" ten="132,320,281,257" step="2"/><W101/><G83/><T6/><D6/><U75/><E75/><V94/><F94/><W37/><G84/><T69/><D69/><AGARI ba="0,1" hai="9,15,16,23,24,26,28,31,33,49,50,63,67,69" machi="69" ten="30,5800,0" yaku="1,1,7,1,54,1,53,0" doraHai="109" doraHaiUra="128" who="2" fromWho="0" sc="132,-58,320,0,281,68,257,0" />
</Scene>
<Scene>
<INIT seed="6,1,0,5,4,117" ten="74,320,349,257" oya="2" hai0="31,85,24,133,86,105,52,80,54,1,110,96,101" hai1="58,22,113,119,45,114,107,32,135,66,41,30,94" hai2="103,126,121,0,128,34,53,10,14,49,56,93,116" hai3="90,109,17,36,57,68,127,78,131,44,70,60,6"/><V82/><F34/><W98/><G109/><T75/><D110/><U72/><E119/><V132/><F116/><W67/><G78/><T115/><D1/><U87/><E72/><V134/><F0/><W71/><G6/><T89/><D115/><U130/><E107/><V118/><F118/><W15/><G98/><T42/><D133/><U27/><E135/><V61/><F82/><W4/><G4/><T63/><D42/><U43/><E130/><V77/><F128/><W88/><G131/><T13/><D75/><U81/><E94/><V23/><F77/><W26/><G26/><T104/><D104/><U21/><E66/><V2/><F23/><W3/><G3/><T73/><D73/><U125/><E58/><V16/><F2/><W33/><G33/><T38/><D38/><N who="1" m="21687" /><E43/><V11/><F10/><W100/><G100/><T65/><D13/><U8/><E8/><V122/><F61/><W12/><G44/><T92/><D86/><U83/><E83/><V76/><F76/><W99/><G36/><T19/><D19/><U74/><E74/><V28/><F28/><W37/><G37/><T129/><D129/><U7/><E7/><V47/><F47/><W62/><G62/><T79/><D79/><N who="1" m="46527" /><E125/><V123/><REACH who="2" step="1"/><F126/><REACH who="2" ten="74,320,339,257" step="2"/><W111/><G127/><T84/><D84/><U112/><AGARI ba="1,1" hai="21,22,27,30,32,112,113,114" m="46527,21687" machi="112" ten="30,1100,0" yaku="15,1" doraHai="117" who="1" fromWho="1" sc="74,-4,320,24,339,-6,257,-4" />
</Scene>
<Scene>
<INIT seed="7,0,0,2,3,29" ten="70,344,333,253" oya="3" hai0="88,40,35,92,97,114,21,50,106,83,101,57,86" hai1="27,20,73,54,2,100,82,28,55,125,17,47,5" hai2="61,85,14,107,135,98,66,19,37,68,58,130,77" hai3="26,24,105,103,7,108,67,6,45,91,127,38,60"/><W39/><G127/><T113/><D21/><U65/><E65/><V95/><F37/><W74/><G74/><T30/><D40/><U56/><E100/><V41/><F41/><W15/><G108/><T133/><D50/><U32/><E47/><V71/><F107/><W131/><G131/><T59/><D59/><U134/><E134/><V116/><F130/><W93/><G39/><T124/><D57/><U132/><E132/><V34/><F135/><W8/><G7/><T42/><D42/><U11/><E125/><V43/><F34/><W53/><G38/><T4/><D4/><U104/><E104/><V78/><F43/><W0/><G0/><T3/><D3/><U33/><E33/><V79/><F85/><W16/><G105/><T23/><D23/><U128/><E128/><V46/><F46/><W76/><G103/><T99/><D133/><U112/><E56/><V31/><F31/><W25/><G76/><T119/><D124/><U90/><E112/><V22/><REACH who="2" step="1"/><F116/><REACH who="2" ten="70,344,323,253" step="2"/><W18/><G45/><T49/><D119/><U69/><E73/><V115/><F115/><N who="0" m="44042" /><D30/><U126/><E126/><V109/><F109/><W52/><G67/><T9/><D9/><U120/><E120/><V1/><F1/><W10/><G10/><T64/><D64/><U118/><E118/><V81/><F81/><W122/><G122/><T80/><D49/><U110/><E110/><V89/><AGARI ba="0,1" hai="14,19,22,58,61,66,68,71,77,78,79,89,95,98" machi="89" ten="30,4000,0" yaku="1,1,0,1,53,1" doraHai="29" doraHaiUra="62" who="2" fromWho="2" sc="70,-10,344,-10,323,50,253,-20" owari="60,-44.0,334,13.0,373,48.0,233,-17.0" />
</Scene>
</mjloggm>