<mjloggm ver="2.3"><GO type="97"/><UN n0="%E5%A4%AA%E3%81%8F%E3%81%AA%E3%81%84%E3%81%8A" n1="%E3%82%AB%E3%83%B3%E3%83%87%E3%83%B3%E3%83%A4%E3%83%9E%E3%83%8D%E3%82%B3" n2="%73%66%68%6E%36%30" n3="%E3%81%BF%74%74%61%6E" dan="14,14,14,14" rate="2076,1894,1926,2049" sx="M,F,M,M"/><TAIKYOKU oya="0"/>

<Scene>
<INIT seed="0,0,0,1,3,135" ten="250,250,250,250" oya="0" hai0="67,130,23,37,58,38,25,65,9,122,24,33,56" hai1="19,131,86,112,63,14,119,125,41,77,110,87,34" hai2="60,68,118,32,55,111,115,49,39,2,129,84,61" hai3="29,50,18,20,98,45,95,47,48,36,69,79,30"/><T52/><D122/><U105/><E119/><V123/><F84/><W28/><G69/><T73/><D73/><U83/><E34/><V133/><F32/><W80/><G36/><T54/><D33/><U116/><E116/><V103/><F2/><W76/><G80/><T42/><D9/><U31/><E31/><V15/><F103/><W62/><G62/><T1/><D1/><U59/><E105/><V35/><F35/><W85/><G85/><T120/><D120/><U124/><E41/><V88/><F15/><W43/><G48/><T53/><D130/><U72/><E131/><V108/><F88/><N who="3" m="55655" /><G47/><T106/><D106/><U117/><E117/><V96/><F96/><W114/><G114/><T57/><D42/><U22/><E112/><V44/><F123/><W78/><G78/><T0/><D0/><U11/><E11/><V16/><F16/><W82/><G82/><T92/><D92/><U90/><E110/><N who="2" m="42027" /><F129/><W12/><AGARI ba="0,0" hai="12,18,20,28,29,30,43,45,50,76,79" m="55655" machi="12" ten="30,2000,0" yaku="8,1,54,1" doraHai="135" who="3" fromWho="3" sc="250,-10,250,-5,250,-5,250,20" />
</Scene>
<Scene>
<INIT seed="1,0,0,0,0,126" ten="240,245,245,270" oya="1" hai0="49,43,59,35,3,103,83,9,56,37,29,99,46" hai1="23,33,62,26,14,109,121,68,105,131,0,128,134" hai2="42,64,16,60,102,67,20,28,116,48,85,125,129" hai3="76,75,112,96,63,132,18,133,40,119,24,93,92"/><U72/><E121/><V38/><F116/><W100/><G119/><T91/><D35/><U57/><E0/><V51/><F125/><W86/><G112/><T30/><D3/><U17/><E68/><V69/><F28/><N who="0" m="10858" /><D37/><U110/><E105/><V98/><F85/><W2/><G2/><T25/><D25/><U36/><E36/><V5/><F5/><W90/><G40/><T127/><D9/><N who="1" m="6351" /><E33/><V13/><F67/><W44/><G44/><T58/><D127/><U73/><E134/><N who="3" m="51818" /><G63/><T53/><D103/><U55/><E23/><V113/><F113/><W81/><G24/><T45/><D45/><U135/><E26/><V115/><F115/><W111/><G18/><T15/><D15/><U65/><E65/><V118/><F118/><W89/><G111/><N who="1" m="42506" /><E135/><V61/><F61/><W19/><G19/><T106/><D106/><U54/><E54/><V79/><F79/><W94/><G90/><T82/><D53/><U34/><E34/><V12/><F12/><W27/><G27/><T87/><D99/><U22/><E22/><V70/><F70/><W11/><G11/><T78/><D43/><U52/><E55/><V4/><F4/><W124/><G124/><T95/><D46/><U39/><E39/><V66/><F66/><W71/><G71/><T8/><D8/><U108/><N who="1" m="42514" /><U50/><DORA hai="41" /><E50/><V21/><F21/><W47/><G47/><T107/><D49/><U88/><E88/><V10/><F42/><W1/><G1/><T97/><D107/><AGARI ba="0,0" hai="75,76,81,86,89,92,93,94,96,100,107" m="51818" machi="107" ten="30,7700,0" yaku="24,1,20,1,34,2" doraHai="126,41" who="3" fromWho="0" sc="240,-77,245,0,245,0,270,77" />
</Scene>
<Scene>
<INIT seed="2,0,0,5,1,124" ten="163,245,245,347" oya="2" hai0="44,121,18,1,31,8,117,119,66,50,2,19,17" hai1="89,13,132,96,61,27,11,125,105,32,58,133,108" hai2="68,128,38,107,67,46,134,25,127,82,95,116,40" hai3="88,65,7,15,23,22,106,113,112,86,94,72,30"/><V80/><F116/><N who="0" m="44618" /><D66/><U63/><E125/><V122/><F122/><W76/><G106/><T129/><D50/><U36/><E36/><V111/><F127/><W126/><G126/><T51/><D51/><U110/><E27/><V92/><F107/><W6/><G65/><T85/><D85/><U49/><E32/><V53/><F134/><N who="1" m="51817" /><E49/><V101/><F111/><N who="1" m="42537" /><E58/><V54/><F25/><W87/><G72/><T28/><D44/><U71/><E71/><V24/><F24/><W4/><G30/><N who="0" m="11307" /><D121/><U90/><E105/><V131/><F67/><W135/><G135/><T109/><D109/><U69/><E69/><V62/><F62/><N who="1" m="23561" /><E96/><N who="2" m="59527" /><F68/><W14/><G76/><T102/><D102/><U39/><E39/><V123/><F95/><W5/><N who="3" m="1536" /><DORA hai="10" /><W20/><REACH who="3" step="1"/><G87/><REACH who="3" ten="163,245,245,337" step="2"/><T55/><D55/><N who="2" m="21002" /><F123/><W59/><G59/><T120/><D120/><U81/><E81/><V45/><F45/><W34/><G34/><T60/><D60/><U42/><E42/><V0/><F0/><N who="0" m="106" /><D8/><U16/><AGARI ba="0,1" hai="11,13,16,89,90" m="23561,42537,51817" machi="16" ten="40,8000,1" yaku="20,1,14,1,52,1,54,1" doraHai="124,10" who="1" fromWho="1" sc="163,-20,245,90,245,-40,337,-20" />
</Scene>
<Scene>
<INIT seed="3,0,0,3,5,23" ten="143,335,205,317" oya="3" hai0="87,18,72,99,6,0,115,22,113,45,112,76,127" hai1="94,21,30,97,60,31,70,126,26,121,65,42,27" hai2="57,117,20,123,47,16,79,90,101,86,111,25,132" hai3="40,135,4,37,12,51,7,124,119,8,73,36,49"/><W17/><G119/><T104/><D127/><U67/><E121/><V41/><F117/><W122/><G73/><T103/><D45/><U46/><E126/><V93/><F123/><W83/><G124/><T80/><D6/><U56/><E70/><V100/><F111/><W52/><G122/><T33/><D33/><U88/><E56/><V74/><F132/><W69/><G69/><T32/><D32/><U120/><E60/><V131/><F131/><W114/><G114/><T55/><D0/><U48/><E120/><V71/><F71/><W107/><G107/><T11/><D55/><U50/><E48/><V128/><F128/><W29/><G135/><T77/><D11/><U109/><E109/><V85/><F74/><W53/><G37/><T64/><D64/><U82/><E82/><N who="2" m="47327" /><F57/><N who="3" m="32911" /><G36/><T5/><D5/><N who="3" m="2121" /><G40/><T1/><D1/><U44/><E46/><V81/><F81/><W78/><G29/><T68/><D68/><U66/><E65/><V125/><F125/><W9/><G83/><T96/><D96/><U102/><E102/><N who="2" m="39531" /><F47/><N who="3" m="27903" /><G78/><T75/><REACH who="0" step="1"/><D77/><REACH who="0" ten="133,335,205,317" step="2"/><U110/><E110/><V92/><F41/><W14/><G14/><AGARI ba="0,1" hai="14,18,22,72,75,76,80,87,99,103,104,112,113,115" machi="14" ten="40,5200,0" yaku="1,1,2,1,11,1,53,0" doraHai="23" doraHaiUra="61" who="0" fromWho="3" sc="133,62,335,0,205,0,317,-52" owari="195,-30.0,335,42.0,205,-19.0,265,7.0" />
</Scene>
</mjloggm>