<mjloggm ver="2.3"><GO type="193"/><UN n0="%73%61%64%61%30%38%30%37" n1="%E3%81%82%E3%81%95%E3%82%82%E3%82%84%E3%81%BD%E3%82%8F%EF%BD%9E" n2="%65%6E%64%77%61%79" n3="%E5%A4%AA%E3%81%8F%E3%81%AA%E3%81%84%E3%81%8A" dan="12,11,12,12" rate="1652,1591,1754,1891" sx="M,F,M,M"/><TAIKYOKU oya="0"/>

<Scene>
<INIT seed="0,0,0,2,1,91" ten="250,250,250,250" oya="0" hai0="114,30,64,76,50,39,111,85,31,73,121,72,9" hai1="56,8,65,5,74,113,97,32,135,78,63,98,116" hai2="47,87,82,45,119,43,0,77,60,130,90,107,2" hai3="27,66,81,29,96,124,49,131,33,84,20,94,117"/><T46/><D114/><U105/><E116/><V110/><F107/><W28/><G117/><T1/><D121/><U80/><E32/><V93/><F119/><W3/><G3/><T44/><D64/><U61/><E113/><V12/><F130/><W17/><G124/><T69/><D69/><U118/><E118/><V123/><F123/><W104/><G104/><T6/><D111/><U38/><E105/><V34/><F34/><W4/><G4/><T92/><D46/><U7/><E38/><V122/><F122/><W125/><G125/><T100/><D50/><U67/><E135/><V21/><F110/><W68/><G131/><T126/><D72/><U26/><E26/><V13/><F2/><W83/><G49/><T70/><D126/><U55/><E55/><V25/><F0/><W75/><G75/><T51/><D70/><U101/><E98/><N who="2" m="57655" /><F60/><W40/><G40/><T103/><D51/><U23/><E23/><V53/><F43/><W36/><G36/><T129/><D129/><U95/><E8/><V127/><F53/><W102/><G33/><T14/><D14/><N who="2" m="5738" /><F127/><W48/><G48/><T18/><D18/><AGARI ba="0,0" hai="18,21,25,45,47,77,82,87" m="5738,57655" machi="18" ten="30,2000,0" yaku="8,1,52,1" doraHai="91" who="2" fromWho="0" sc="250,-20,250,0,250,20,250,0" />
</Scene>
<Scene>
<INIT seed="1,0,0,3,4,45" ten="230,250,270,250" oya="1" hai0="69,124,83,40,128,43,122,117,62,8,12,44,109" hai1="127,77,86,105,14,78,31,59,35,111,88,132,56" hai2="15,116,25,104,19,93,0,100,129,118,119,10,96" hai3="27,54,110,3,107,101,121,89,11,23,125,24,49"/><U134/><E105/><V28/><F129/><W81/><G121/><T16/><D117/><U95/><E35/><V42/><F42/><W80/><G110/><T46/><D122/><U61/><E31/><V120/><F120/><W133/><G133/><N who="1" m="51306" /><E14/><V79/><F79/><N who="1" m="30217" /><E127/><V135/><F135/><W50/><G125/><T91/><D109/><U103/><E111/><V73/><F73/><W114/><G114/><T30/><D124/><U126/><E126/><V2/><REACH who="2" step="1"/><F104/><REACH who="2" ten="230,250,260,250" step="2"/><W106/><G107/><T84/><D128/><U64/><E103/><V102/><F102/><W131/><G106/><T57/><D69/><AGARI ba="0,1" hai="56,59,61,64,69,86,88,95" m="30217,51306" machi="69" ten="30,2900,0" yaku="20,1,54,1" doraHai="45" who="1" fromWho="0" sc="230,-29,250,39,260,0,250,0" />
</Scene>
<Scene>
<INIT seed="1,1,0,3,2,35" ten="201,289,260,250" oya="1" hai0="28,61,66,63,32,100,78,103,82,68,29,98,79" hai1="128,2,99,101,22,62,106,116,51,76,112,58,83" hai2="56,91,40,7,81,36,54,13,119,110,94,14,69" hai3="12,121,55,96,0,6,125,105,33,70,135,90,132"/><U133/><E116/><V18/><F119/><W53/><G121/><T95/><D28/><U104/><E112/><V60/><F110/><W44/><G33/><T134/><D134/><N who="3" m="51241" /><G70/><T97/><D63/><U111/><E133/><V115/><F115/><W30/><G30/><T52/><D82/><U107/><E51/><V59/><F81/><W23/><G125/><T48/><D98/><U77/><E22/><V71/><F7/><W10/><G44/><T11/><D11/><U86/><E2/><V50/><F14/><W57/><G57/><T124/><D103/><U102/><E58/><V46/><F18/><N who="3" m="10695" /><G105/><T126/><D124/><U67/><E62/><V123/><F13/><W120/><G120/><T113/><D113/><U45/><E45/><V130/><F130/><W47/><G47/><T65/><D66/><U85/><E67/><V87/><F123/><W26/><G26/><N who="0" m="18487" /><D126/><U41/><E41/><V72/><F72/><W1/><G1/><T20/><D20/><U21/><E21/><V38/><F38/><W109/><G109/><T24/><D24/><U43/><E43/><V34/><F34/><W88/><G90/><T5/><D5/><U49/><E49/><V73/><F73/><W9/><G9/><T39/><D39/><U17/><E17/><V92/><F92/><AGARI ba="1,0" hai="0,6,10,53,55,88,92,96" m="10695,51241" machi="92" ten="30,3900,0" yaku="20,1,52,1,54,1" doraHai="35" who="3" fromWho="2" sc="201,0,289,0,260,-42,250,42" />
</Scene>
<Scene>
<INIT seed="2,0,0,2,0,97" ten="201,289,218,292" oya="2" hai0="115,27,124,87,46,108,127,116,111,89,69,64,92" hai1="118,104,66,96,47,133,84,10,20,132,5,15,128" hai2="85,112,8,6,17,57,98,39,100,34,63,54,4" hai3="51,50,52,30,2,53,49,114,24,40,109,103,31"/><V131/><F112/><W59/><G2/><T83/><D46/><U81/><E118/><V120/><F120/><W82/><G114/><T14/><D115/><U65/><E47/><V113/><F39/><W117/><G117/><T93/><D27/><U62/><E20/><V58/><F34/><W123/><G123/><T44/><D44/><U125/><E104/><V86/><F131/><W73/><G40/><T56/><D69/><U32/><E96/><V41/><F41/><W45/><G109/><N who="0" m="42059" /><D14/><U67/><E32/><V33/><F33/><W42/><G103/><T37/><D37/><U75/><E75/><V38/><F38/><W134/><G134/><N who="1" m="51818" /><E62/><V25/><F113/><W61/><G24/><T129/><D116/><U12/><E12/><N who="2" m="7303" /><F25/><W71/><G71/><T105/><D64/><U7/><E7/><N who="2" m="2603" /><F57/><W107/><G107/><T102/><D56/><U80/><E84/><V13/><F13/><W126/><G61/><T9/><D9/><U135/><N who="1" m="51826" /><U110/><DORA hai="88" /><E110/><V36/><F36/><W68/><G68/><T16/><D16/><U95/><E128/><V119/><F119/><W29/><G59/><T130/><D105/><U26/><E26/><V72/><F72/><W11/><G11/><T28/><D28/><U94/><E125/><N who="0" m="48201" /><D83/><AGARI ba="0,0" hai="5,10,15,65,66,67,80,81,83,94,95" m="51826" machi="83" ten="50,6400,0" yaku="20,1,52,2" doraHai="97,88" who="1" fromWho="0" sc="201,-64,289,64,218,0,292,0" />
</Scene>
<Scene>
<INIT seed="3,0,0,0,4,33" ten="137,353,218,292" oya="3" hai0="101,8,73,16,103,113,132,120,134,108,14,39,3" hai1="0,109,70,135,45,92,12,30,88,123,22,9,106" hai2="79,105,58,127,99,44,40,7,68,130,107,122,26" hai3="102,90,1,21,97,55,37,35,5,117,38,29,100"/><W129/><G117/><T98/><D120/><U65/><E123/><V74/><F122/><W128/><G35/><T13/><D39/><U10/><E106/><V121/><F121/><W72/><G72/><T112/><D73/><U76/><E70/><V24/><F130/><N who="3" m="50283" /><G90/><T114/><D3/><U87/><E65/><V69/><F127/><W82/><G82/><T93/><D14/><U64/><E64/><V23/><F58/><W119/><G119/><T54/><D108/><U47/><E109/><V34/><F23/><W2/><G55/><T104/><D104/><U56/><E76/><V131/><F131/><W91/><G91/><T6/><D54/><U84/><E56/><V95/><F95/><N who="3" m="58431" /><G102/><T28/><D28/><U52/><E47/><V48/><F26/><N who="3" m="16591" /><G5/><T42/><D42/><U46/><E46/><V59/><F59/><W80/><G80/><T63/><D63/><U124/><E87/><V115/><F115/><W89/><G89/><T126/><D126/><U25/><E124/><V57/><F7/><W75/><G75/><T125/><D125/><U111/><E111/><V118/><F118/><W81/><G81/><T11/><REACH who="0" step="1"/><D103/><REACH who="0" ten="127,353,218,292" step="2"/><U18/><E0/><AGARI ba="0,1" hai="0,1,2,37,38" m="16591,58431,50283" machi="0" ten="30,11600,0" yaku="19,1,52,3" doraHai="33" who="3" fromWho="1" sc="127,0,353,-116,218,0,292,126" owari="127,-37.0,237,4.0,218,-18.0,418,51.0" />
</Scene>
</mjloggm>