<mjloggm ver="2.3"><GO type="225"/><UN n0="%E3%82%AF%E3%83%A9" n1="%E8%91%89%E6%9B%B8%E5%90%8D%E7%84%A1%E3%81%97" n2="%E5%A4%AA%E3%81%8F%E3%81%AA%E3%81%84%E3%81%8A" n3="%E3%82%B7%E3%83%9F%E3%83%AA%E3%82%B9%EF%BC%94" dan="16,16,16,16" rate="2134,2038,2077,2049" sx="M,M,M,F"/><TAIKYOKU oya="0"/>

<Scene>
<INIT seed="0,0,0,5,2,133" ten="250,250,250,250" oya="0" hai0="70,36,98,123,62,85,77,97,61,48,125,122,96" hai1="129,67,14,128,84,83,11,76,34,95,131,135,101" hai2="73,31,119,12,51,105,134,22,56,69,102,42,124" hai3="75,127,103,58,72,78,130,132,90,88,18,121,8"/><T99/><D36/><U94/><E135/><V52/><F134/><W80/><G58/><T49/><N who="0" m="24576" /><DORA hai="6" /><T21/><D125/><U112/><E112/><V37/><F102/><W45/><G132/><T30/><D30/><U3/><E101/><V113/><F105/><W79/><G103/><T20/><D85/><U43/><E3/><V9/><F113/><W47/><G130/><T26/><D77/><U107/><E107/><V57/><F73/><W118/><G118/><T10/><D10/><U91/><E34/><V35/><F69/><W33/><G33/><T19/><D21/><U15/><E67/><V1/><F1/><W53/><G121/><T38/><D38/><U60/><E60/><V27/><F119/><W32/><G32/><T126/><D126/><U40/><E15/><V104/><F104/><W120/><G120/><T92/><D92/><N who="1" m="35371" /><E76/><V46/><F35/><W100/><G127/><T65/><REACH who="0" step="1"/><D61/><REACH who="0" ten="240,250,250,250" step="2"/><U55/><E11/><V17/><F124/><W66/><G100/><T68/><D68/><U28/><E28/><V106/><F106/><W93/><G78/><T114/><D114/><U50/><E84/><V82/><F82/><W87/><G75/><T74/><D74/><U4/><E83/><V23/><F22/><W64/><G72/><T13/><D13/><U109/><E14/><V86/><F86/><W54/><G79/><T7/><D7/><U5/><E4/><V2/><F2/><W29/><G80/><T39/><D39/><U24/><E5/><V110/><F37/><W59/><G87/><T44/><D44/><U108/><E129/><RYUUKYOKU ba="0,1" sc="240,30,250,-10,250,-10,250,-10" hai0="19,20,26,48,49,62,65,70,122,123" />
</Scene>
<Scene>
<INIT seed="0,1,1,5,1,78" ten="270,240,240,240" oya="0" hai0="119,20,114,106,35,41,72,70,44,64,92,5,32" hai1="66,50,26,33,60,0,36,17,75,135,39,25,18" hai2="111,107,42,116,120,15,129,28,80,87,48,24,77" hai3="40,74,127,104,7,23,54,91,89,86,96,1,130"/><T117/><D114/><U53/><E0/><V12/><F120/><W10/><G74/><T125/><D20/><U113/><E75/><V38/><F107/><W118/><G118/><N who="0" m="45067" /><D92/><U49/><E135/><V59/><F116/><W126/><G40/><T22/><D22/><U133/><E133/><V31/><F38/><W47/><G130/><T98/><D5/><U132/><E132/><V30/><F129/><W100/><G23/><T56/><D72/><U13/><E113/><V62/><F111/><W37/><G37/><N who="0" m="21551" /><D125/><N who="3" m="47625" /><G86/><T110/><D56/><U67/><E33/><V61/><F24/><W134/><G134/><T103/><D110/><U99/><E26/><V112/><F112/><W14/><G1/><T8/><D8/><U124/><E25/><V69/><F59/><W63/><G63/><AGARI ba="1,1" hai="32,35,63,64,70,98,103,106" m="21551,45067" machi="63" ten="30,1500,0" yaku="23,1" doraHai="78" who="0" fromWho="3" sc="270,28,240,0,240,0,240,-18" />
</Scene>
<Scene>
<INIT seed="0,2,0,3,2,80" ten="298,240,240,222" oya="0" hai0="37,105,29,58,78,125,121,87,30,32,119,82,39" hai1="99,61,93,48,97,22,40,115,127,42,1,28,86" hai2="31,64,51,89,12,18,114,111,76,25,130,134,72" hai3="92,11,67,5,19,98,90,56,45,113,123,126,128"/><T120/><D119/><U13/><E1/><V84/><F114/><W46/><G123/><T63/><D105/><U81/><E127/><V95/><F111/><W0/><G113/><T21/><D125/><U9/><E115/><V16/><F130/><W33/><G128/><T60/><D32/><U6/><E61/><V109/><F109/><W49/><G126/><T41/><D63/><U3/><E3/><V26/><F134/><W74/><G74/><T91/><D30/><U108/><E108/><V53/><F64/><W75/><G75/><T116/><D116/><U77/><E48/><V65/><F65/><W103/><G33/><T7/><D7/><U59/><E59/><N who="2" m="33215" /><F31/><W132/><G132/><T34/><D34/><U112/><E112/><V2/><F2/><W10/><G67/><T104/><D104/><U35/><E35/><V15/><F72/><W57/><G46/><T107/><D107/><U44/><E44/><V47/><F47/><W66/><G66/><T14/><D121/><U73/><E73/><V17/><F76/><W88/><G19/><T55/><D78/><U106/><E106/><V101/><F101/><W124/><G124/><T117/><D117/><U131/><E131/><V71/><F71/><W85/><G11/><T94/><D120/><U4/><E4/><V110/><F110/><W36/><G36/><T69/><D69/><U100/><E99/><V62/><F62/><W135/><G135/><T96/><D39/><U20/><E28/><V52/><F52/><N who="3" m="29743" /><G103/><N who="0" m="60823" /><D29/><U70/><E70/><V79/><F79/><W23/><G23/><AGARI ba="2,0" hai="6,9,13,20,22,23,40,42,77,81,86,93,97,100" machi="23" ten="40,2600,0" yaku="8,1,52,1" doraHai="80" who="1" fromWho="3" sc="298,0,240,32,240,0,222,-32" />
</Scene>
<Scene>
<INIT seed="1,0,0,1,5,112" ten="298,272,240,190" oya="1" hai0="56,65,40,35,124,135,2,119,5,111,47,73,41" hai1="64,115,109,39,27,20,12,4,85,54,28,95,77" hai2="92,99,58,86,118,63,110,113,104,80,78,9,61" hai3="24,11,16,62,74,51,32,21,129,10,33,46,98"/><U34/><E39/><V7/><F113/><W14/><G74/><T127/><D73/><U45/><E64/><V57/><F104/><W91/><G129/><T69/><D35/><U53/><E115/><V42/><F110/><W126/><G126/><N who="0" m="48171" /><D5/><U133/><E133/><V132/><F132/><W50/><G62/><N who="2" m="23561" /><F118/><W8/><G51/><T107/><D2/><U29/><E109/><V1/><F1/><W131/><G131/><T82/><D82/><N who="1" m="47311" /><E34/><V89/><F42/><W6/><G33/><T122/><D40/><U43/><E28/><V31/><F31/><W17/><G32/><T25/><D119/><U52/><E95/><V26/><F26/><W116/><G116/><T84/><D25/><U19/><E43/><V81/><F81/><W101/><G91/><T114/><D41/><U128/><E128/><V66/><F66/><W121/><G121/><T120/><D65/><U108/><E108/><V83/><F83/><W72/><G72/><T93/><D111/><U55/><E29/><V96/><F96/><W60/><G60/><T36/><D135/><U130/><E130/><V15/><AGARI ba="0,0" hai="7,9,15,57,58,78,80,86,89,92,99" m="23561" machi="15" ten="30,1100,0" yaku="8,1" doraHai="112" who="2" fromWho="2" sc="298,-3,272,-5,240,11,190,-3" />
</Scene>
<Scene>
<INIT seed="2,0,0,3,4,23" ten="295,267,251,187" oya="2" hai0="91,98,120,126,16,130,10,27,79,135,20,118,133" hai1="99,86,56,80,125,1,112,77,64,38,42,60,68" hai2="84,78,119,92,132,121,100,82,24,134,72,29,19" hai3="55,85,52,117,33,122,12,51,14,0,128,63,57"/><V59/><F121/><W111/><G122/><T17/><D118/><U50/><E112/><V90/><F119/><W104/><G117/><T34/><D120/><U114/><E114/><V13/><F59/><W31/><G104/><T44/><D126/><U39/><E1/><V123/><F123/><W58/><G111/><T96/><D130/><U66/><E125/><V11/><REACH who="2" step="1"/><F100/><REACH who="2" ten="295,267,241,187" step="2"/><W25/><G128/><T45/><D135/><U54/><E66/><V67/><F67/><W124/><G124/><T18/><D133/><U102/><REACH who="1" step="1"/><E42/><REACH who="1" ten="295,257,241,187" step="2"/><V97/><F97/><W9/><G0/><T70/><D98/><U73/><E73/><V3/><F3/><W74/><G74/><T8/><D96/><U113/><E113/><V94/><F94/><AGARI ba="0,2" hai="38,39,50,54,56,60,64,68,77,80,86,94,99,102" machi="94" ten="30,2000,0" yaku="1,1,7,1,53,0" doraHai="23" doraHaiUra="105" who="1" fromWho="2" sc="295,0,257,40,241,-20,187,0" />
</Scene>
<Scene>
<INIT seed="3,0,0,2,3,51" ten="295,297,221,187" oya="3" hai0="123,135,106,18,81,80,98,93,86,115,105,40,0" hai1="1,97,15,76,119,73,39,9,23,94,17,2,45" hai2="34,112,104,16,13,61,27,28,8,85,59,44,82" hai3="133,84,56,100,22,58,72,114,41,68,71,3,75"/><W10/><G114/><T50/><D123/><U32/><E119/><V99/><F112/><W4/><G100/><T7/><D115/><U79/><E32/><V126/><F126/><W36/><G133/><T127/><D127/><U109/><E109/><V38/><F104/><W131/><G131/><T33/><D33/><U54/><E73/><V111/><F111/><W132/><G132/><T52/><D40/><U64/><E64/><V110/><F110/><W117/><G117/><T24/><D81/><U129/><E39/><V124/><F124/><W62/><G22/><N who="0" m="13399" /><D106/><U102/><E1/><V25/><F25/><W88/><G58/><N who="0" m="33047" /><D0/><U67/><E2/><V46/><F38/><W87/><G84/><T42/><D42/><U91/><E67/><V101/><F85/><W49/><G36/><T11/><D105/><U35/><E35/><V53/><F82/><W103/><G103/><N who="0" m="60879" /><D135/><U78/><E129/><V134/><F134/><W5/><G5/><T19/><D19/><U60/><E102/><V29/><F29/><W83/><G75/><T128/><D128/><U21/><E45/><V120/><F120/><W12/><G72/><T37/><D37/><U20/><E9/><V130/><F130/><W95/><G3/><T14/><D80/><U107/><E107/><V31/><F31/><W30/><G30/><T57/><D86/><U122/><E122/><V6/><F6/><W113/><G113/><T121/><D121/><U90/><E90/><V118/><F118/><W70/><G83/><T65/><D65/><U66/><E66/><V55/><F34/><W89/><G70/><RYUUKYOKU ba="0,0" sc="295,15,297,15,221,-15,187,-15" hai0="7,11,14,57" hai1="15,17,20,21,23,54,60,76,78,79,91,94,97" owari="310,11.0,312,41.0,206,-19.0,172,-33.0" />
</Scene>
</mjloggm>