<mjloggm ver="2.3"><GO type="97"/><UN n0="%E9%A6%AC%E5%88%B8%E5%B8%AB%E2%98%86%E6%9D%B1%E9%99%BD" n1="%E5%A4%AA%E3%81%8F%E3%81%AA%E3%81%84%E3%81%8A" n2="%E3%81%8E%E3%82%85%E3%81%86%E3%81%AB%E3%81%8F" n3="%54%2E%53%48%49%4F%4E%4F" dan="14,14,15,14" rate="1943,2016,1933,1941" sx="M,M,M,M"/><TAIKYOKU oya="0"/>

<Scene>
<INIT seed="0,0,0,1,3,29" ten="250,250,250,250" oya="0" hai0="36,55,46,16,129,18,110,23,126,91,13,134,22" hai1="6,50,66,38,42,117,103,11,49,94,119,104,83" hai2="37,32,7,130,92,15,14,61,124,90,54,93,9" hai3="121,109,68,86,122,98,27,101,114,1,35,20,0"/><T65/><D126/><U77/><E104/><V84/><F37/><W72/><G68/><T48/><D134/><U81/><E66/><V99/><F124/><W87/><G72/><T105/><D129/><U4/><E103/><V21/><F130/><W45/><G114/><T127/><D127/><U106/><E106/><V100/><F32/><W78/><G109/><T43/><D110/><U76/><E94/><V131/><F131/><W2/><G45/><T133/><D133/><U17/><E38/><V31/><F61/><W12/><G78/><T71/><D105/><U41/><E11/><V24/><REACH who="2" step="1"/><F54/><REACH who="2" ten="250,250,240,250" step="2"/><W97/><G35/><T47/><D65/><U70/><E70/><V102/><F102/><W44/><G122/><T73/><D71/><U85/><E42/><V128/><F128/><W113/><G121/><T116/><D116/><U95/><E41/><V132/><F132/><W28/><G101/><T25/><D73/><U96/><E117/><V74/><F74/><W30/><G113/><T60/><D60/><U89/><E119/><V34/><F34/><W19/><G97/><T115/><D115/><U82/><E96/><V79/><F79/><W57/><G98/><T69/><D69/><U8/><E76/><V125/><F125/><W135/><G135/><T88/><AGARI ba="0,1" hai="13,16,18,22,23,25,36,43,46,47,48,55,88,91" machi="88" ten="30,6000,0" yaku="0,1,54,2" doraHai="29" who="0" fromWho="0" sc="250,70,250,-20,240,-20,250,-20" />
</Scene>
<Scene>
<INIT seed="0,1,0,5,0,74" ten="320,230,220,230" oya="0" hai0="55,129,25,31,122,103,80,61,85,27,20,19,6" hai1="64,11,108,96,12,121,88,82,100,60,48,77,119" hai2="130,43,84,14,124,18,81,5,72,116,57,24,4" hai3="33,89,16,42,135,99,8,104,127,40,28,87,91"/><T131/><D122/><U125/><E121/><V112/><F112/><W15/><G135/><T21/><D103/><U65/><E119/><V102/><F116/><W79/><G127/><T7/><D61/><U56/><E125/><V109/><F124/><W1/><G1/><T51/><D131/><U59/><E108/><V90/><F109/><W37/><G37/><T68/><D68/><U106/><E48/><V92/><F130/><W63/><G33/><T62/><D62/><U46/><E46/><V49/><F24/><W98/><G28/><T3/><D3/><U94/><E106/><V54/><F43/><N who="3" m="16427" /><G104/><T73/><D73/><U45/><E45/><V26/><F26/><W58/><G98/><T111/><D111/><U95/><E95/><V47/><F47/><W13/><G13/><T128/><D128/><U35/><E35/><V50/><F50/><W0/><G99/><T76/><D129/><U86/><E100/><V123/><F123/><W115/><G115/><T29/><D19/><N who="1" m="8607" /><E59/><AGARI ba="1,0" hai="6,7,20,21,25,27,29,31,51,55,59,76,80,85" machi="59" ten="30,11600,0" yaku="7,1,9,1,8,1,52,1" doraHai="74" who="0" fromWho="1" sc="320,119,230,-119,220,0,230,0" />
</Scene>
<Scene>
<INIT seed="0,2,0,5,4,13" ten="439,111,220,230" oya="0" hai0="113,125,111,61,120,24,114,2,60,133,4,135,29" hai1="115,28,102,50,37,112,126,32,108,34,86,54,85" hai2="81,109,58,104,101,43,17,87,49,118,77,15,53" hai3="71,79,59,76,121,11,42,26,103,83,65,25,69"/><T64/><D120/><U97/><E37/><V19/><F109/><W105/><G121/><T56/><D111/><U27/><E108/><V44/><F118/><W96/><G42/><T0/><D125/><U1/><E1/><V131/><F131/><W16/><G79/><T47/><D47/><N who="1" m="27999" /><E34/><V119/><F119/><W129/><G129/><T20/><D4/><U74/><E74/><V40/><F40/><W39/><G39/><T134/><REACH who="0" step="1"/><D60/><REACH who="0" ten="429,111,220,230" step="2"/><U30/><E126/><V99/><F15/><W6/><G6/><T90/><D90/><U117/><E117/><V5/><REACH who="2" step="1"/><F5/><REACH who="2" ten="429,111,210,230" step="2"/><W75/><G69/><T52/><D52/><U14/><E14/><V31/><F31/><W38/><G71/><T95/><D95/><N who="1" m="58687" /><E30/><V127/><F127/><W92/><G105/><T132/><D132/><U68/><E68/><V130/><F130/><W94/><G92/><T45/><D45/><U91/><E91/><V55/><F55/><W78/><G94/><T46/><D46/><U22/><E32/><V128/><F128/><W7/><G7/><T67/><D67/><U63/><E63/><AGARI ba="2,2" hai="17,19,43,44,49,53,58,63,77,81,87,99,101,104" machi="63" ten="30,12000,2" yaku="1,1,7,1,52,2,53,2" doraHai="13" doraHaiUra="12" who="2" fromWho="1" sc="429,0,111,-126,210,146,230,0" owari="429,53.0,-15,-52.0,356,16.0,230,-17.0" />
</Scene>
</mjloggm>