<mjloggm ver="2.3"><GO type="137"/><UN n0="%E3%83%8C%E3%83%A1%E3%83%AA%E3%83%83%E3%82%AF" n1="%E2%86%91%E3%81%84%E3%81%A3%E3%81%9F%E3%82%93%E2%86%93" n2="%E5%A4%AA%E3%81%8F%E3%81%AA%E3%81%84%E3%81%8A" n3="%73%61%77%61%64%65%65" dan="12,13,10,11" rate="1859,1831,1716,1573" sx="M,M,M,M"/><TAIKYOKU oya="0"/>

<Scene>
<INIT seed="0,0,0,3,3,91" ten="250,250,250,250" oya="0" hai0="74,67,15,33,102,64,27,113,3,60,128,36,82" hai1="72,103,30,2,38,117,9,119,87,70,116,65,109" hai2="120,76,24,35,75,71,110,123,98,77,79,88,132" hai3="134,73,68,58,101,104,41,42,47,39,22,19,0"/><T45/><D113/><U46/><E72/><V18/><F71/><W43/><G73/><T48/><D3/><U16/><E109/><V44/><F44/><W1/><G134/><T7/><D128/><U80/><E30/><V112/><F18/><W20/><G104/><T131/><D131/><U127/><E127/><V93/><F24/><W10/><G101/><T21/><D36/><U106/><E106/><V100/><F35/><W37/><G68/><T133/><D133/><U126/><E126/><V122/><F132/><W56/><G10/><T108/><D108/><U29/><E29/><V61/><F61/><W8/><G8/><T124/><D124/><U28/><E28/><V99/><F110/><W84/><G84/><T96/><D33/><U17/><E103/><V23/><F23/><N who="3" m="8747" /><G19/><T114/><D114/><U51/><E38/><N who="3" m="14346" /><G47/><T94/><D74/><U89/><E70/><V105/><F112/><W135/><G135/><T54/><D82/><AGARI ba="0,0" hai="75,76,77,79,82,88,93,98,99,100,105,120,122,123" machi="82" ten="40,8000,1" yaku="34,3,52,1,54,1" doraHai="91" who="2" fromWho="0" sc="250,-80,250,0,250,80,250,0" />
</Scene>
<Scene>
<INIT seed="1,0,0,1,5,89" ten="170,250,330,250" oya="1" hai0="51,85,64,35,24,118,134,100,114,25,105,15,84" hai1="113,49,98,38,108,99,45,9,23,8,75,103,129" hai2="1,90,111,32,71,21,14,26,28,20,122,7,80" hai3="18,47,87,117,12,55,76,110,57,5,46,115,102"/><U58/><E113/><V78/><F71/><W88/><G115/><T50/><D114/><U4/><E129/><V30/><F122/><W13/><G117/><T2/><D118/><U54/><E108/><V6/><F90/><W19/><G110/><T22/><D2/><U123/><E123/><V126/><F80/><W79/><G102/><T42/><D134/><U10/><E75/><V3/><F78/><N who="3" m="29739" /><G5/><N who="2" m="1545" /><F111/><W44/><G57/><T86/><D64/><U119/><E119/><V96/><F96/><W74/><G74/><T112/><D112/><U62/><E38/><V77/><F77/><W70/><G70/><T36/><D36/><U17/><E99/><V16/><F126/><W65/><G65/><T101/><D105/><U127/><E127/><V33/><F30/><W27/><G55/><T125/><D125/><U133/><E133/><V124/><F124/><W94/><G27/><N who="0" m="10315" /><D35/><AGARI ba="0,0" hai="1,3,14,16,20,21,26,28,32,33,35" m="1545" machi="35" ten="30,12000,2" yaku="35,5,54,1" doraHai="89" who="2" fromWho="0" sc="170,-120,250,0,330,120,250,0" />
</Scene>
<Scene>
<INIT seed="2,0,0,5,5,107" ten="50,250,450,250" oya="2" hai0="95,78,113,68,102,81,73,31,5,93,79,134,1" hai1="61,8,126,33,42,65,14,23,87,6,88,101,115" hai2="97,48,123,26,109,76,19,11,89,44,64,133,105" hai3="128,20,4,98,12,62,39,34,46,124,24,49,71"/><V99/><F123/><W25/><G128/><T3/><D68/><U110/><E115/><V111/><F64/><W117/><G124/><T15/><D113/><U72/><E110/><N who="2" m="41995" /><F133/><W94/><G117/><T16/><D134/><U121/><E121/><V112/><F112/><W91/><G39/><T70/><D70/><U119/><E119/><V96/><F76/><W106/><G34/><T59/><D31/><U17/><E126/><V100/><F89/><W63/><G106/><T38/><D38/><U57/><E33/><V92/><F105/><W7/><G71/><T47/><D47/><U56/><E72/><V132/><F132/><W66/><G66/><T58/><D79/><U27/><E101/><V114/><F114/><W75/><G75/><T9/><D3/><U50/><E50/><V40/><F26/><N who="3" m="10347" /><G20/><T84/><D95/><N who="1" m="54687" /><E42/><V80/><F80/><W108/><G108/><T35/><D35/><U0/><E0/><V120/><F120/><W18/><G18/><T37/><D37/><U45/><E45/><V116/><F116/><W131/><G131/><T28/><D28/><U10/><E10/><V55/><F40/><N who="3" m="24775" /><G12/><AGARI ba="0,0" hai="11,12,19,44,48,55,92,96,97,99,100" m="41995" machi="12" ten="30,2900,0" yaku="14,1,10,1" doraHai="107" who="2" fromWho="3" sc="50,0,250,0,450,29,250,-29" />
</Scene>
<Scene>
<INIT seed="2,1,0,4,0,50" ten="50,250,479,221" oya="2" hai0="48,94,24,120,102,35,114,78,116,73,127,14,74" hai1="67,124,83,70,97,112,133,60,107,86,58,29,19" hai2="71,113,118,106,96,123,1,81,117,129,122,75,132" hai3="25,125,109,63,131,69,89,10,72,44,93,110,28"/><V37/><F96/><N who="3" m="57391" /><G72/><T40/><D114/><U103/><E112/><V7/><F81/><W104/><G104/><T101/><D120/><U32/><E124/><V77/><F77/><W135/><G44/><T18/><D127/><U31/><E133/><V55/><F55/><W95/><G125/><T87/><D116/><U85/><E85/><V134/><F7/><W17/><G135/><T76/><D35/><U49/><E32/><V53/><F53/><W54/><G95/><T2/><D2/><U0/><E0/><V11/><F11/><W59/><G69/><T41/><D24/><U47/><E70/><V21/><F21/><N who="3" m="15407" /><G10/><T88/><D74/><U33/><E33/><V26/><F26/><W130/><G17/><T68/><D68/><U34/><E34/><V46/><F46/><W38/><G38/><T90/><D73/><U105/><E105/><V99/><F99/><W3/><G3/><T115/><D115/><U79/><REACH who="1" step="1"/><E19/><REACH who="1" ten="50,240,479,221" step="2"/><V51/><F113/><W43/><G43/><AGARI ba="1,1" hai="29,31,43,47,49,58,60,67,79,83,86,97,103,107" machi="43" ten="30,3900,0" yaku="1,1,2,1,7,1,53,0" doraHai="50" doraHaiUra="121" who="1" fromWho="3" sc="50,0,240,52,479,0,221,-42" />
</Scene>
<Scene>
<INIT seed="3,0,0,1,4,3" ten="50,292,479,179" oya="3" hai0="39,107,85,34,77,89,117,121,18,33,71,48,110" hai1="106,116,83,54,8,50,102,80,128,5,55,126,45" hai2="24,109,30,87,17,59,37,124,21,81,111,20,90" hai3="0,7,105,86,112,76,19,11,10,97,134,133,56"/><W36/><G112/><T49/><D121/><U27/><E126/><V95/><F124/><W73/><G36/><T67/><D117/><U61/><E128/><V100/><F37/><W88/><G56/><T26/><D39/><U113/><E113/><V120/><F120/><W47/><G47/><T64/><D107/><U96/><E116/><V22/><F59/><W132/><G19/><T131/><D131/><U6/><E8/><V78/><F100/><N who="3" m="62607" /><G11/><T99/><D110/><N who="2" m="41994" /><F17/><W125/><G125/><T25/><D71/><U118/><E118/><V41/><F41/><W104/><G104/><T2/><D2/><U129/><E129/><V91/><F91/><W29/><G29/><T38/><D38/><U4/><E27/><V98/><AGARI ba="0,0" hai="20,21,22,24,30,78,81,87,90,95,98" m="41994" machi="98" ten="30,1100,0" yaku="14,1" doraHai="3" who="2" fromWho="2" sc="50,-3,292,-3,479,11,179,-5" />
</Scene>
<Scene>
<INIT seed="4,0,0,5,0,10" ten="47,289,490,174" oya="0" hai0="84,105,121,34,30,122,57,119,17,134,15,98,62" hai1="76,123,115,11,117,82,39,71,99,132,112,83,36" hai2="42,16,38,29,78,51,37,133,66,56,21,103,7" hai3="77,9,19,113,108,104,8,31,130,86,24,128,110"/><T1/><D119/><U90/><E117/><V88/><F7/><W129/><G104/><T109/><D1/><U91/><E123/><V124/><F103/><W73/><G86/><T100/><D109/><N who="3" m="42089" /><G73/><T81/><D134/><U60/><E132/><V102/><F102/><W44/><G77/><T61/><D34/><U45/><E83/><V127/><F78/><W111/><N who="3" m="42097" /><W47/><DORA hai="126" /><G113/><N who="1" m="43594" /><E45/><N who="3" m="17482" /><G19/><T12/><D30/><U97/><E11/><V68/><F42/><W69/><G69/><T58/><D122/><U107/><E71/><V72/><F72/><W125/><G125/><N who="2" m="48201" /><F29/><W67/><G67/><T6/><D121/><U3/><E3/><V106/><F106/><W14/><G14/><T75/><D75/><N who="1" m="43295" /><E60/><N who="2" m="40007" /><F133/><W18/><G18/><T33/><D33/><AGARI ba="0,0" hai="8,9,24,31,33,128,129,130" m="17482,42097" machi="33" ten="50,8000,1" yaku="19,1,52,3" doraHai="10,126" who="3" fromWho="0" sc="47,-80,289,0,490,0,174,80" owari="-33,-53.0,289,9.0,490,59.0,254,-15.0" />
</Scene>
</mjloggm>