<mjloggm ver="2.3"><GO type="129"/><UN n0="%E3%82%AB%E3%83%83%E3%82%B9%E3%83%A9%E3%83%BC" n1="%E3%81%8D%E3%83%BC%E5%9D%8A" n2="%E5%A4%AA%E3%81%8F%E3%81%AA%E3%81%84%E3%81%8A" n3="%6D%7A%31" dan="7,11,8,11" rate="1587,1662,1672,1657" sx="F,M,M,M"/><TAIKYOKU oya="0"/>

<Scene>
<INIT seed="0,0,0,5,2,120" ten="250,250,250,250" oya="0" hai0="132,79,17,31,49,10,71,122,30,6,11,65,47" hai1="126,117,51,96,82,42,114,5,125,103,22,124,25" hai2="33,56,80,107,16,100,21,68,27,57,52,119,98" hai3="84,32,105,106,78,88,1,50,61,45,128,15,4"/><T115/><D122/><U13/><E117/><V3/><F3/><W108/><G32/><T63/><D115/><U77/><E114/><V66/><F119/><W118/><G118/><T55/><D132/><U95/><E42/><V72/><F33/><W99/><G1/><T29/><D79/><U53/><E5/><V135/><F135/><W75/><G75/><T130/><D130/><U104/><E13/><V109/><F109/><W69/><G108/><T41/><D17/><U58/><E22/><V40/><F40/><W74/><G74/><T112/><D112/><U70/><E25/><V8/><F8/><W129/><G78/><T127/><D127/><U134/><E134/><V87/><F72/><W121/><G121/><T73/><D73/><U59/><E70/><V113/><F113/><W83/><G69/><T37/><REACH who="0" step="1"/><D6/><REACH who="0" ten="240,250,250,250" step="2"/><U39/><E39/><V94/><F107/><W64/><G105/><T24/><D24/><U9/><E9/><V123/><F123/><W101/><G4/><T91/><D91/><U81/><E59/><AGARI ba="0,1" hai="10,11,29,30,31,37,41,47,49,55,59,63,65,71" machi="59" ten="40,7700,0" yaku="1,1,24,2,53,0" doraHai="120" doraHaiUra="0" who="0" fromWho="1" sc="240,87,250,-77,250,0,250,0" />
</Scene>
<Scene>
<INIT seed="0,1,0,0,4,65" ten="327,173,250,250" oya="0" hai0="21,83,54,36,91,60,58,56,64,97,55,25,39" hai1="1,125,114,12,117,28,14,81,127,37,4,86,122" hai2="26,13,110,116,43,126,131,34,59,92,27,66,98" hai3="79,33,50,61,132,99,31,73,135,7,82,20,32"/><T18/><D64/><U111/><E117/><V70/><F116/><W57/><G7/><T8/><D8/><U6/><E122/><V134/><F110/><W72/><G50/><T51/><REACH who="0" step="1"/><D83/><REACH who="0" ten="317,173,250,250" step="2"/><U129/><E111/><V78/><F66/><W130/><G130/><T75/><D75/><U22/><E129/><V5/><F131/><W85/><G72/><T3/><D3/><U120/><E120/><V68/><F126/><W113/><G73/><T38/><D38/><U94/><E37/><V62/><F134/><W77/><G113/><T24/><D24/><U102/><E114/><V100/><F27/><W106/><G33/><T45/><D45/><U124/><E124/><V69/><F26/><W46/><G32/><T115/><D115/><U89/><E127/><V84/><F34/><W108/><G46/><T112/><D112/><U17/><E125/><V87/><F78/><W0/><G108/><T101/><D101/><U16/><E102/><V118/><F118/><W41/><G0/><T105/><D105/><U9/><E1/><V119/><F119/><W44/><G77/><T128/><D128/><U121/><E121/><V107/><F107/><W93/><G106/><T74/><D74/><U95/><REACH who="1" step="1"/><E28/><REACH who="1" ten="317,163,250,250" step="2"/><V90/><F100/><W104/><G31/><T23/><D23/><U123/><E123/><V53/><REACH who="2" step="1"/><F43/><REACH who="2" ten="317,163,240,250" step="2"/><W109/><G109/><T15/><D15/><U49/><E49/><V71/><N who="2" m="17408" /><DORA hai="63" /><V80/><F80/><W76/><G41/><T11/><D11/><AGARI ba="1,3" hai="5,11,13,53,59,62,84,87,90,92,98" m="17408" machi="11" ten="70,8000,1" yaku="1,1,52,4,53,0" doraHai="65,63" doraHaiUra="40,96" who="2" fromWho="0" sc="317,-83,163,0,240,113,250,0" />
</Scene>
<Scene>
<INIT seed="1,0,0,4,1,101" ten="234,163,353,250" oya="1" hai0="11,26,9,88,89,112,13,98,53,108,27,131,118" hai1="90,23,132,15,116,80,123,59,28,36,94,38,44" hai2="65,56,110,19,60,133,103,96,46,115,111,47,66" hai3="100,8,78,83,79,33,61,109,119,73,64,39,68"/><U122/><E116/><V117/><F117/><W69/><G119/><T63/><D112/><U37/><E132/><V72/><F72/><W35/><G109/><N who="2" m="41481" /><F133/><W29/><G8/><T70/><D118/><U76/><E59/><V75/><F75/><W84/><G79/><T121/><D108/><U62/><E62/><N who="2" m="38087" /><F19/><W107/><G84/><T105/><D131/><U1/><E1/><V71/><F115/><W81/><G81/><T49/><D121/><U24/><E15/><V18/><F18/><W4/><G4/><T93/><D11/><U86/><REACH who="1" step="1"/><E44/><REACH who="1" ten="234,153,353,250" step="2"/><V3/><F3/><W124/><G68/><T41/><D70/><U95/><E95/><AGARI ba="0,1" hai="46,47,60,66,71,95,96,103" m="38087,41481" machi="95" ten="30,1000,0" yaku="14,1" doraHai="101" who="2" fromWho="1" sc="234,0,153,-10,353,20,250,0" />
</Scene>
<Scene>
<INIT seed="2,0,0,1,5,113" ten="234,143,373,250" oya="2" hai0="18,17,55,15,123,52,73,127,99,24,1,60,111" hai1="46,44,74,71,101,12,61,76,89,130,133,54,25" hai2="134,78,119,4,58,112,57,42,27,68,29,122,38" hai3="85,63,95,11,84,103,7,75,26,22,97,41,124"/><V82/><F112/><W72/><G124/><T65/><D123/><U87/><E133/><V19/><F68/><W53/><G41/><T102/><D1/><U100/><E130/><V83/><F122/><W92/><G72/><T88/><D73/><U94/><E12/><V8/><F134/><W120/><G120/><T33/><D127/><U59/><E25/><V79/><F19/><W109/><G109/><T31/><D111/><U50/><E76/><V20/><F119/><W77/><G75/><T47/><D47/><U67/><REACH who="1" step="1"/><E74/><REACH who="1" ten="234,133,373,250" step="2"/><V48/><F79/><W96/><G77/><T86/><D15/><U125/><E125/><V110/><F110/><W43/><G43/><T108/><D108/><U128/><E128/><V107/><F78/><W10/><G7/><T3/><D24/><U49/><E49/><V115/><F48/><W16/><G63/><T30/><D60/><U23/><E23/><V131/><F20/><W28/><G28/><T81/><D30/><U34/><E34/><V93/><F29/><W32/><G32/><T121/><D31/><U39/><E39/><V0/><F38/><W69/><G11/><T98/><D33/><U62/><E62/><V5/><F8/><W51/><G10/><T104/><D121/><U126/><E126/><V14/><F14/><W70/><G70/><T129/><D129/><U37/><E37/><V40/><F131/><W56/><G69/><T64/><D3/><U105/><E105/><V106/><F106/><W116/><G116/><T21/><D104/><U2/><E2/><V91/><F107/><W66/><G66/><RYUUKYOKU ba="0,1" sc="234,-15,133,15,373,-15,250,15" hai1="44,46,50,54,59,61,67,71,87,89,94,100,101" hai3="16,22,26,51,53,56,84,85,92,95,96,97,103" />
</Scene>
<Scene>
<INIT seed="3,1,1,2,2,13" ten="219,148,358,265" oya="3" hai0="14,85,101,90,36,65,103,54,94,2,0,134,11" hai1="9,81,60,108,59,102,57,112,28,110,77,63,78" hai2="70,121,98,135,100,12,131,49,120,31,10,69,40" hai3="76,3,67,6,125,64,5,114,58,95,43,25,109"/><W106/><G106/><T62/><D36/><U118/><E118/><V44/><F131/><W105/><G105/><T133/><D54/><U132/><E112/><V55/><F31/><W127/><G114/><T17/><D2/><U27/><E132/><V96/><F135/><W53/><G43/><T107/><D0/><U82/><E102/><V7/><F55/><W75/><G3/><T56/><REACH who="0" step="1"/><D103/><REACH who="0" ten="209,148,358,265" step="2"/><U99/><E99/><AGARI ba="1,2" hai="11,14,17,56,62,65,85,90,94,99,101,107,133,134" machi="99" ten="40,5200,0" yaku="1,1,2,1,52,1,53,0" doraHai="13" doraHaiUra="71" who="0" fromWho="1" sc="209,75,148,-55,358,0,265,0" owari="284,8.0,93,-41.0,358,46.0,265,-13.0" />
</Scene>
</mjloggm>