<mjloggm ver="2.3"><GO type="169"/><UN n0="%E2%98%85%E9%9B%80%E5%A8%98%E3%82%AF%E3%83%AC%E3%82%A2%E2%98%85" n1="%E3%83%87%E3%82%B8%E3%82%BF%E3%83%AB%E4%BB%99%E4%BA%BA" n2="%E5%A4%AA%E3%81%8F%E3%81%AA%E3%81%84%E3%81%8A" n3="%2B%E6%B1%A0%E7%94%B0%E8%8F%AF%E8%8F%9C%2B" dan="16,17,17,16" rate="2044,2151,2181,2138" sx="F,F,M,F"/><TAIKYOKU oya="0"/>

<Scene>
<INIT seed="0,0,0,1,3,28" ten="250,250,250,250" oya="0" hai0="14,8,106,31,76,57,48,65,111,77,93,36,4" hai1="84,64,5,13,78,122,1,25,39,100,99,18,10" hai2="127,105,118,112,33,132,72,80,91,63,68,51,85" hai3="109,46,124,98,34,69,62,11,20,79,120,114,126"/><T82/><D106/><U41/><E122/><V3/><RYUUKYOKU type="yao9" ba="0,0" sc="250,0,250,0,250,0,250,0" hai2="3,33,51,63,68,72,80,85,91,105,112,118,127,132" />
</Scene>
<Scene>
<INIT seed="0,1,0,4,0,59" ten="250,250,250,250" oya="0" hai0="44,68,91,80,17,133,64,23,111,114,124,127,99" hai1="9,79,58,8,81,60,84,29,22,83,52,112,131" hai2="11,50,129,70,120,37,30,104,107,63,82,69,110" hai3="118,109,40,65,135,24,5,31,62,77,57,18,19"/><T121/><D114/><U123/><E123/><V116/><F120/><W126/><G118/><T20/><D121/><U2/><E112/><V32/><F50/><W102/><G109/><T12/><D133/><U87/><E2/><V55/><F55/><W100/><G135/><T88/><D111/><U49/><E131/><V76/><F110/><W1/><G126/><N who="0" m="48171" /><D44/><U51/><E22/><V128/><F37/><W13/><G1/><T74/><D23/><U25/><E25/><N who="2" m="18511" /><F11/><N who="1" m="4169" /><E29/><V27/><F27/><W85/><G40/><T119/><D119/><U103/><E103/><V101/><F116/><W90/><G77/><AGARI ba="1,0" hai="49,51,52,58,60,77,79,81,83,84,87" m="4169" machi="77" ten="30,3900,0" yaku="8,1,52,1,54,1" doraHai="59" who="1" fromWho="3" sc="250,0,250,42,250,0,250,-42" />
</Scene>
<Scene>
<INIT seed="1,0,0,3,2,131" ten="250,292,250,208" oya="1" hai0="118,93,69,125,94,8,2,3,70,79,107,15,75" hai1="33,6,135,81,116,83,120,134,105,10,57,99,73" hai2="112,46,50,68,18,133,84,56,86,122,60,48,42" hai3="34,101,61,115,65,5,12,124,80,36,32,113,4"/><U63/><E116/><V126/><F122/><W100/><G36/><T74/><D118/><U27/><E120/><V123/><F123/><W58/><G124/><T9/><D15/><U119/><E119/><V64/><F126/><W67/><G12/><T88/><D125/><U28/><E105/><V89/><F112/><W104/><G80/><T103/><D103/><U16/><E99/><V96/><F18/><W14/><G14/><T109/><D79/><U91/><E16/><V35/><F35/><W72/><G58/><T127/><D127/><U17/><E17/><V98/><F86/><W95/><G61/><T71/><D107/><U51/><E51/><V0/><F0/><N who="0" m="42" /><D88/><U31/><E31/><V102/><F102/><W19/><G19/><T129/><D129/><U11/><E91/><V52/><REACH who="2" step="1"/><F133/><REACH who="2" ten="250,292,240,208" step="2"/><N who="1" m="50697" /><E73/><V92/><AGARI ba="0,1" hai="42,46,48,50,52,56,60,64,68,84,89,92,96,98" machi="92" ten="20,8000,1" yaku="1,1,0,1,7,1,54,1,53,1" doraHai="131" doraHaiUra="40" who="2" fromWho="2" sc="250,-20,292,-40,240,90,208,-20" />
</Scene>
<Scene>
<INIT seed="2,0,0,4,3,121" ten="230,252,330,188" oya="2" hai0="127,77,9,44,92,84,10,106,32,80,29,11,97" hai1="49,117,124,71,113,111,72,75,25,18,125,101,96" hai2="118,43,89,53,90,133,130,26,108,78,14,122,46" hai3="20,64,55,63,60,15,39,132,12,6,13,16,8"/><V115/><F122/><W114/><G39/><T3/><D127/><N who="1" m="48715" /><E71/><V86/><F118/><W107/><G107/><T45/><D3/><U47/><E117/><V82/><F115/><W104/><G104/><T30/><D106/><N who="1" m="63783" /><E113/><V61/><F133/><W0/><G114/><T112/><D112/><U19/><E111/><V69/><F130/><W116/><G116/><T87/><D87/><U100/><E100/><V120/><F120/><W35/><G35/><T131/><D131/><U70/><E70/><V85/><F108/><W102/><G102/><N who="0" m="60711" /><D32/><U31/><E19/><V103/><F103/><W94/><G132/><T1/><D1/><U21/><E18/><V2/><F2/><W66/><G55/><AGARI ba="0,0" hai="21,25,31,47,49,55,72,75" m="63783,48715" machi="55" ten="30,1000,0" yaku="18,1" doraHai="121" who="1" fromWho="3" sc="230,0,252,10,330,0,188,-10" />
</Scene>
<Scene>
<INIT seed="3,0,0,2,0,83" ten="230,262,330,178" oya="3" hai0="22,131,111,69,20,60,56,16,51,102,7,80,3" hai1="79,87,93,44,59,14,9,96,34,95,134,84,17" hai2="12,70,23,36,78,119,68,109,124,5,99,0,41" hai3="52,101,11,120,58,63,110,62,4,10,8,18,32"/><W26/><G120/><T38/><D38/><U24/><E134/><V65/><F23/><W92/><G110/><T21/><D102/><U132/><E132/><V114/><F12/><W77/><G77/><T47/><D69/><U125/><E125/><V40/><F99/><N who="3" m="59623" /><G32/><T29/><D29/><U75/><E75/><V126/><F78/><W54/><G4/><T1/><D111/><U67/><E79/><V30/><F30/><W130/><G130/><T37/><D37/><U85/><E44/><V74/><F74/><W103/><G103/><T76/><D7/><U33/><E33/><V122/><F5/><W46/><G46/><T64/><D131/><U42/><E42/><V94/><F0/><W31/><G31/><T66/><D3/><U100/><E34/><V113/><F109/><W112/><G112/><N who="2" m="43113" /><F122/><W115/><G115/><T106/><D106/><U53/><E24/><V35/><F35/><W43/><G43/><T28/><D1/><U25/><E25/><V57/><F41/><W15/><G26/><T48/><D28/><U90/><E67/><V127/><F119/><W104/><G104/><T121/><D66/><U128/><E128/><V73/><F73/><W98/><G98/><T91/><D121/><U6/><E6/><V55/><F65/><W123/><G123/><T71/><D71/><N who="2" m="27178" /><F40/><W107/><G107/><T117/><D117/><U88/><E100/><V82/><F36/><W49/><G54/><T27/><D76/><U2/><E2/><V108/><F108/><W72/><G72/><T86/><D47/><U81/><E95/><V39/><F94/><RYUUKYOKU ba="0,0" sc="230,10,262,10,330,-30,178,10" hai0="16,20,21,22,27,48,51,56,60,64,80,86,91" hai1="9,14,17,53,59,81,84,85,87,88,90,93,96" hai3="8,10,11,15,18,49,52,58,62,63" />
</Scene>
<Scene>
<INIT seed="3,1,0,5,0,20" ten="240,272,300,188" oya="3" hai0="102,67,111,57,127,28,85,117,69,27,108,113,32" hai1="134,86,94,100,105,101,9,49,54,131,96,97,17" hai2="76,23,77,98,81,135,84,63,80,132,5,4,95" hai3="8,15,19,34,109,0,52,87,50,68,41,2,42"/><W104/><G104/><T99/><D117/><U73/><E73/><V89/><F63/><W12/><G68/><T37/><D37/><U48/><E134/><N who="2" m="51243" /><F23/><N who="3" m="11751" /><G34/><T58/><D85/><AGARI ba="1,0" hai="4,5,76,77,80,81,84,85,89,95,98" m="51243" machi="85" ten="30,1000,0" yaku="20,1" doraHai="20" who="2" fromWho="0" sc="240,-13,272,0,300,13,188,0" />
</Scene>
<Scene>
<INIT seed="4,0,0,1,3,4" ten="227,272,313,188" oya="0" hai0="103,29,90,0,85,24,60,133,71,12,102,39,107" hai1="82,122,40,54,52,95,87,36,1,33,51,35,13" hai2="88,101,32,129,99,75,15,18,38,31,5,20,127" hai3="120,96,108,25,106,105,42,57,28,89,66,125,7"/><T67/><D0/><U126/><E1/><V72/><F38/><W93/><G108/><T83/><D39/><U86/><E122/><V132/><F127/><W79/><G125/><T37/><D37/><U110/><E126/><V130/><F132/><W61/><G120/><T47/><D133/><U23/><E36/><V68/><F68/><W56/><G42/><T3/><D3/><U123/><E35/><V76/><F5/><W64/><G79/><T112/><D112/><U44/><E33/><V10/><F32/><W100/><G7/><T92/><D47/><U121/><E110/><V131/><F76/><W41/><G41/><T34/><D12/><U16/><E123/><V65/><F65/><W45/><G45/><T81/><REACH who="0" step="1"/><D103/><REACH who="0" ten="217,272,313,188" step="2"/><U14/><E121/><V118/><F101/><W116/><G100/><T19/><D19/><U114/><E14/><V80/><F118/><W97/><G116/><T63/><D63/><U46/><E46/><V50/><F50/><W8/><G61/><T53/><D53/><U70/><E114/><V124/><F124/><W104/><G66/><T49/><D49/><U11/><E54/><V91/><F130/><W73/><G64/><T74/><D74/><U98/><E52/><V62/><F62/><W26/><G73/><T115/><D115/><U84/><E70/><V77/><F72/><W111/><G111/><T6/><D6/><U17/><E17/><V109/><F109/><W59/><G59/><T128/><D128/><U22/><E82/><N who="2" m="45375" /><F131/><W117/><G117/><T30/><D30/><U43/><E43/><V78/><F129/><RYUUKYOKU ba="0,1" sc="217,15,272,15,313,-15,188,-15" hai0="24,29,34,60,67,71,81,83,85,90,92,102,107" hai1="11,13,16,22,23,40,44,51,84,86,87,95,98" />
</Scene>
<Scene>
<INIT seed="4,1,1,3,5,78" ten="232,287,298,173" oya="0" hai0="112,27,28,44,111,54,58,4,75,97,24,117,94" hai1="2,59,70,72,124,39,80,109,7,113,126,135,60" hai2="95,89,131,51,96,99,127,48,120,71,119,91,52" hai3="5,14,92,79,53,15,66,26,134,32,90,33,65"/><T108/><D117/><U128/><RYUUKYOKU type="yao9" ba="1,1" sc="232,0,287,0,298,0,173,0" hai1="2,7,39,59,60,70,72,80,109,113,124,126,128,135" />
</Scene>
<Scene>
<INIT seed="4,2,1,4,1,124" ten="232,287,298,173" oya="0" hai0="0,29,62,63,129,13,114,16,66,80,47,17,70" hai1="116,115,135,81,104,30,117,34,32,113,40,54,6" hai2="78,5,86,107,2,121,109,134,90,26,85,119,35" hai3="102,46,123,36,93,71,51,128,83,100,45,110,111"/><T132/><D0/><U73/><E104/><V3/><F109/><W24/><G71/><T126/><D29/><U4/><E40/><V23/><F121/><W77/><G123/><T59/><D126/><U44/><E44/><V7/><F35/><N who="1" m="13353" /><E54/><V58/><F107/><W55/><G24/><T57/><D132/><U69/><E69/><V42/><F134/><W48/><G36/><T75/><D17/><U53/><E53/><V21/><F119/><N who="1" m="45641" /><E135/><V20/><F42/><W64/><G64/><T31/><D47/><U1/><E30/><V61/><F78/><W131/><G55/><T96/><D31/><U133/><E133/><V68/><F68/><W15/><G77/><T37/><D70/><U14/><E81/><V130/><F2/><W43/><G43/><T122/><D80/><U25/><E25/><V41/><F3/><W74/><G83/><T118/><D118/><U49/><E49/><V94/><F26/><W92/><G74/><T87/><D75/><U72/><E1/><V9/><F41/><W19/><G15/><T89/><D13/><U105/><E105/><V10/><F86/><W50/><G50/><T99/><D87/><U18/><E73/><V67/><F5/><N who="1" m="2153" /><E72/><V8/><F7/><W91/><G91/><T52/><D89/><U56/><E56/><V106/><F106/><W38/><G38/><T79/><D37/><U76/><E76/><V60/><F60/><W125/><G125/><T112/><D79/><U82/><E82/><V11/><N who="2" m="2048" /><DORA hai="95" /><V120/><F120/><W101/><G101/><T108/><D63/><U127/><E127/><RYUUKYOKU ba="2,1" sc="232,-30,287,10,298,10,173,10" hai1="14,18,113,115" hai2="20,21,23,58,61,67,85,90,94,130" hai3="19,45,46,48,51,92,93,100,102,110,111,128,131" />
</Scene>
<Scene>
<INIT seed="5,3,1,5,1,54" ten="202,297,308,183" oya="1" hai0="116,108,118,41,32,11,22,52,29,2,33,88,1" hai1="39,93,134,13,117,126,82,92,114,31,55,128,129" hai2="56,9,5,25,3,120,135,16,66,51,28,19,30" hai3="50,43,103,36,57,73,112,105,20,80,4,6,14"/><U98/><E117/><V37/><F37/><W68/><G68/><T23/><D41/><U26/><E39/><V132/><F120/><W10/><G112/><T42/><D42/><U0/><E0/><N who="0" m="105" /><D52/><U78/><E114/><V74/><F74/><W96/><G36/><T113/><D88/><N who="1" m="55559" /><E93/><V79/><F79/><W84/><G73/><T63/><D63/><U62/><E13/><V109/><F109/><W130/><G130/><N who="1" m="50282" /><E134/><N who="2" m="51243" /><F51/><W101/><G50/><T18/><D113/><U119/><E126/><V15/><F3/><W58/><G43/><T89/><D116/><U111/><E119/><V61/><F30/><W71/><G71/><T77/><D29/><U67/><E55/><V7/><F7/><W87/><G4/><T102/><D118/><U122/><E122/><V95/><F95/><N who="3" m="58527" /><G103/><T81/><D102/><U75/><E111/><V85/><F85/><N who="3" m="32843" /><G105/><T91/><D108/><U49/><E49/><V107/><F107/><W59/><G80/><T34/><D81/><U104/><E104/><V70/><F70/><W40/><G40/><T121/><D121/><U131/><E131/><V46/><F46/><W45/><G45/><T8/><D77/><U17/><E82/><V24/><F24/><W53/><G53/><T69/><D69/><N who="1" m="42231" /><E78/><V124/><F124/><W64/><G64/><T115/><D115/><U65/><E65/><V94/><F94/><W12/><G6/><T110/><D110/><U90/><E75/><V35/><AGARI ba="3,1" hai="5,9,15,16,19,25,28,35,56,61,66" m="51243" machi="35" ten="30,4000,0" yaku="20,1,52,1,54,1" doraHai="54" who="2" fromWho="2" sc="202,-13,297,-23,308,59,183,-13" />
</Scene>
<Scene>
<INIT seed="6,0,0,1,4,59" ten="189,274,367,170" oya="2" hai0="131,75,44,78,120,71,134,66,45,94,63,22,20" hai1="73,35,9,40,37,8,84,109,28,26,106,34,133" hai2="103,10,117,48,19,41,0,27,115,122,64,25,43" hai3="116,32,79,104,76,18,38,70,12,24,39,49,108"/><V13/><F122/><W31/><G108/><T58/><D120/><U46/><E73/><V52/><F117/><W132/><G116/><T3/><D3/><U54/><E109/><V121/><F121/><W93/><G104/><T89/><D71/><U74/><E74/><V60/><F115/><W61/><G132/><T99/><D134/><U86/><E133/><V118/><F118/><W127/><G127/><T128/><D78/><U88/><E106/><V55/><F103/><W95/><G49/><T119/><D75/><U50/><E34/><V97/><F97/><W112/><G112/><T110/><D110/><U85/><REACH who="1" step="1"/><E88/><REACH who="1" ten="189,264,367,170" step="2"/><V51/><F0/><W107/><G107/><T102/><D89/><U69/><E69/><V77/><F77/><W90/><G79/><T82/><D119/><U30/><E30/><V101/><F101/><W68/><G76/><T42/><D82/><U36/><E36/><V11/><F43/><W81/><G81/><T130/><D42/><U23/><E23/><AGARI ba="0,1" hai="20,22,23,44,45,58,63,66,94,99,102,128,130,131" machi="23" ten="40,2600,0" yaku="19,1,52,1" doraHai="59" who="0" fromWho="1" sc="189,36,264,-26,367,0,170,0" />
</Scene>
<Scene>
<INIT seed="7,0,0,1,4,108" ten="225,238,367,170" oya="3" hai0="92,5,112,104,95,75,20,59,134,103,78,36,128" hai1="0,133,39,52,96,111,16,50,80,29,116,132,2" hai2="17,60,121,120,7,56,46,33,26,76,4,93,110" hai3="118,85,79,6,12,37,24,68,123,55,42,135,119"/><W47/><G123/><N who="2" m="47177" /><F110/><W113/><G68/><T45/><D20/><U25/><E39/><V71/><F71/><W21/><G135/><N who="1" m="51786" /><E116/><V88/><F76/><W48/><G113/><T124/><D134/><U27/><E111/><V90/><F46/><W122/><G122/><T58/><D112/><U117/><E117/><V15/><F26/><N who="1" m="9737" /><E29/><V51/><F51/><W130/><G130/><T82/><D128/><U84/><E16/><V83/><F83/><N who="3" m="47359" /><G37/><T40/><D5/><N who="2" m="2122" /><F93/><W77/><G77/><T107/><D124/><U22/><E22/><N who="2" m="11583" /><F33/><W98/><G98/><T53/><D59/><N who="1" m="33175" /><E96/><V72/><F72/><W63/><G63/><T8/><D8/><U11/><E11/><V81/><F81/><W28/><G55/><AGARI ba="0,0" hai="55,56,60,88,90" m="11583,2122,47177" machi="55" ten="30,2000,0" yaku="13,1,54,1" doraHai="108" who="2" fromWho="3" sc="225,0,238,0,367,20,170,-20" owari="225,-17.0,238,4.0,387,48.0,150,-35.0" />
</Scene>
</mjloggm>