<mjloggm ver="2.3"><GO type="169" lobby="0"/><UN n0="%E3%81%99%E3%81%9F%E3%81%A1%E3%81%AA%2E" n1="%E3%81%B3%E3%82%8A%E3%81%B3%E3%82%8A%E2%98%86%E3%83%93%E3%83%AA%E3%83%BC" n2="%E6%98%A5%E6%97%A5%E3%81%8B%E3%82%8C%E3%82%93" n3="%E5%A4%AA%E3%81%8F%E3%81%AA%E3%81%84%E3%81%8A" dan="16,19,16,18" rate="2072.69,2200.81,2021.42,2242.08" sx="M,M,F,F"/><TAIKYOKU oya="0"/>

<Scene>
<INIT seed="0,0,0,0,3,20" ten="250,250,250,250" oya="0" hai0="119,3,16,57,74,124,72,59,102,60,132,36,83" hai1="80,89,135,13,49,125,17,86,31,52,11,27,0" hai2="121,94,126,93,10,97,98,56,42,79,69,66,64" hai3="104,109,40,134,101,14,61,103,130,115,12,44,123"/><T24/><D119/><U114/><E125/><V19/><F121/><W113/><G123/><T55/><D36/><U99/><E135/><V7/><F126/><W92/><G104/><T118/><D118/><U30/><E114/><V15/><F69/><W58/><G134/><T87/><D124/><U29/><E0/><V50/><F79/><W82/><G109/><T53/><D3/><U65/><E65/><V47/><F7/><W51/><G130/><T5/><D5/><U34/><REACH who="1" step="1"/><E99/><REACH who="1" ten="250,240,250,250" step="2"/><V1/><F1/><W110/><G115/><T116/><D116/><U63/><E63/><V85/><F85/><W6/><G61/><T22/><D132/><U78/><E78/><V41/><F41/><W25/><G40/><T45/><D60/><U33/><E33/><V95/><REACH who="2" step="1"/><F56/><AGARI ba="0,1" hai="11,13,17,27,29,30,31,34,49,52,56,80,86,89" machi="56" ten="30,8000,1" yaku="1,1,7,1,52,1,54,1,53,1" doraHai="20" doraHaiUra="9" who="1" fromWho="2" sc="250,0,240,90,250,-80,250,0" />
</Scene>
<Scene>
<INIT seed="1,0,0,2,0,70" ten="250,330,170,250" oya="1" hai0="10,77,78,128,41,97,60,42,25,122,88,14,49" hai1="75,109,107,119,96,81,112,15,133,56,32,82,7" hai2="116,66,50,67,23,135,54,114,61,71,62,6,125" hai3="124,39,33,126,0,131,68,110,53,113,13,101,28"/><U93/><E112/><V24/><F6/><W65/><G113/><T108/><D108/><U94/><E119/><V44/><F114/><W22/><G0/><T38/><D128/><U87/><E32/><V21/><F116/><W111/><G101/><T59/><D25/><U45/><E75/><V102/><F102/><W129/><G33/><T90/><D38/><U55/><E107/><V1/><F1/><W84/><G84/><T118/><D118/><U64/><E109/><N who="3" m="41482" /><G53/><N who="0" m="33903" /><D122/><U58/><E82/><V4/><F4/><W63/><G39/><T72/><D72/><U85/><E85/><V99/><F99/><W18/><G28/><T123/><D123/><U2/><E2/><V48/><F135/><W95/><G95/><N who="1" m="36362" /><E96/><V26/><F125/><AGARI ba="0,0" hai="13,18,22,63,65,68,124,125,126,129,131" m="41482" machi="125" ten="30,2000,0" yaku="18,1,14,1" doraHai="70" who="3" fromWho="2" sc="250,0,330,0,170,-20,250,20" />
</Scene>
<Scene>
<INIT seed="2,0,0,2,1,48" ten="250,330,150,270" oya="2" hai0="115,74,123,17,72,63,86,59,87,12,100,93,108" hai1="55,60,13,83,0,84,70,118,107,61,75,7,11" hai2="77,52,3,81,91,132,82,92,134,67,10,57,89" hai3="2,33,114,78,102,106,66,26,64,99,49,85,36"/><V94/><F67/><W47/><G36/><T58/><D123/><U32/><E118/><V31/><F31/><W113/><G2/><T131/><D115/><N who="3" m="44041" /><G33/><T76/><D108/><U69/><E32/><V135/><F10/><W37/><G37/><T34/><D34/><U44/><E107/><V62/><F3/><W6/><G6/><T95/><D131/><U111/><E75/><V39/><F39/><W35/><G78/><T127/><D127/><U116/><E116/><V9/><F9/><W23/><G85/><T51/><D51/><N who="1" m="29159" /><E70/><V103/><F103/><W56/><G56/><T28/><D28/><U129/><E69/><V22/><F22/><W79/><G79/><T53/><D59/><U54/><E0/><V110/><F110/><W21/><G35/><T122/><D122/><U24/><E111/><V71/><F71/><W126/><G126/><T97/><D76/><N who="1" m="46183" /><E129/><V117/><F117/><W20/><G26/><T104/><D104/><U105/><E105/><V16/><F16/><W19/><G19/><T4/><D4/><U46/><E24/><V112/><F112/><W90/><G90/><N who="2" m="34313" /><F81/><W27/><G27/><T15/><D17/><U25/><E25/><V30/><F30/><W125/><G125/><T121/><D121/><U109/><E109/><V88/><N who="2" m="34321" /><V101/><DORA hai="38" /><F101/><W14/><G14/><T29/><D15/><U5/><E5/><V128/><F128/><W124/><G124/><T68/><D12/><U1/><E1/><V18/><F18/><W65/><G23/><T80/><D100/><U96/><E7/><V120/><F120/><RYUUKYOKU ba="0,0" sc="250,-15,330,-15,150,15,270,15" hai2="52,57,62,77,82,92,94,132,134,135" hai3="20,21,47,49,64,65,66,99,102,106" />
</Scene>
<Scene>
<INIT seed="2,1,0,1,3,111" ten="235,315,165,285" oya="2" hai0="130,29,117,115,14,40,0,75,1,99,25,133,58" hai1="34,12,28,59,76,52,3,2,69,53,57,43,128" hai2="41,7,32,131,97,39,107,108,88,9,74,45,73" hai3="118,16,62,17,50,85,46,114,79,103,11,19,21"/><V47/><F32/><W102/><G118/><T81/><D115/><U125/><E69/><V10/><F108/><W36/><G36/><T129/><D117/><U42/><E128/><N who="0" m="49257" /><D40/><U94/><E125/><V55/><F131/><W106/><G106/><T105/><D133/><U61/><E76/><V92/><F107/><W122/><G122/><T54/><D14/><U27/><E12/><V18/><F18/><W132/><G132/><T120/><D120/><U37/><E94/><V119/><F119/><W60/><G11/><T91/><D75/><U123/><E123/><V83/><F83/><N who="3" m="47359" /><G21/><T26/><D81/><U56/><E56/><V51/><REACH who="2" step="1"/><F10/><REACH who="2" ten="235,315,155,285" step="2"/><W112/><G114/><T116/><D105/><U44/><E42/><V100/><F100/><N who="3" m="38443" /><G112/><T66/><D116/><U95/><E95/><V30/><F30/><W96/><G17/><T89/><D29/><U78/><E78/><V72/><F72/><W65/><G16/><T113/><D113/><U31/><E31/><V80/><F80/><W90/><G19/><T87/><D91/><U86/><E86/><V127/><F127/><W23/><G90/><T98/><D89/><U38/><E38/><V126/><F126/><W48/><G23/><T49/><D87/><U70/><E70/><V64/><F64/><W121/><G65/><T68/><D66/><U5/><E5/><V6/><F6/><W15/><G121/><T20/><D68/><U24/><E24/><N who="0" m="9321" /><D20/><U84/><E84/><V67/><F67/><W4/><G4/><T101/><D101/><U35/><E35/><V33/><F33/><W110/><G110/><RYUUKYOKU ba="1,1" sc="235,10,315,10,155,10,285,-30" hai0="0,1,49,54,58,98,99" hai1="2,3,27,28,34,37,43,44,52,53,57,59,61" hai2="7,9,39,41,45,47,51,55,73,74,88,92,97" />
</Scene>
<Scene>
<INIT seed="2,2,1,4,1,19" ten="245,325,165,255" oya="2" hai0="130,59,13,120,64,125,121,108,36,3,127,56,8" hai1="92,4,85,9,0,114,28,53,58,79,84,115,70" hai2="113,126,93,110,135,104,68,63,76,40,122,67,88" hai3="2,90,106,99,17,131,49,116,52,123,35,20,6"/><V32/><F113/><W95/><G123/><T91/><D3/><U86/><E70/><V71/><F122/><N who="0" m="47210" /><D36/><U15/><E0/><V11/><F104/><W100/><G116/><T26/><D108/><U18/><E28/><V25/><F110/><W47/><G131/><T27/><D130/><U75/><E115/><V111/><F111/><W29/><G35/><T82/><D82/><U96/><E75/><V10/><F126/><N who="0" m="48138" /><D91/><U12/><E114/><V117/><F117/><W65/><G29/><T73/><D73/><U57/><E79/><V31/><F135/><W97/><G65/><T124/><D124/><U37/><E37/><V94/><F71/><W50/><G2/><T77/><D77/><U66/><E66/><V83/><F40/><W109/><G109/><T80/><D80/><U54/><E54/><V102/><F102/><W72/><G72/><T105/><D105/><U107/><E53/><V34/><F34/><W48/><REACH who="3" step="1"/><G6/><REACH who="3" ten="245,325,165,245" step="2"/><N who="0" m="3223" /><D64/><U5/><E5/><V128/><F128/><W112/><G112/><T81/><D81/><U45/><E4/><V119/><F119/><W133/><G133/><T69/><D69/><U22/><E107/><V43/><F43/><W44/><G44/><T55/><D59/><U101/><E45/><V38/><F38/><W103/><G103/><T87/><D87/><U1/><E1/><V14/><F93/><W78/><G78/><T16/><D16/><N who="1" m="10527" /><E58/><V118/><F118/><W61/><G61/><AGARI ba="2,2" hai="26,27,55,56,61" m="3223,48138,47210" machi="61" ten="30,1000,0" yaku="18,1" doraHai="19" who="0" fromWho="3" sc="245,36,325,0,165,0,245,-16" />
</Scene>
<Scene>
<INIT seed="3,0,0,1,1,108" ten="281,325,165,229" oya="3" hai0="85,100,32,122,101,2,39,42,18,25,52,5,53" hai1="56,97,35,77,51,49,19,17,132,9,8,12,38" hai2="10,68,46,4,27,28,128,67,124,29,87,40,134" hai3="31,55,99,72,120,64,111,13,11,69,103,118,126"/><W75/><G120/><T24/><D122/><U30/><E38/><V102/><F124/><W70/><G118/><T105/><D2/><U34/><E132/><V50/><F134/><W14/><G126/><T106/><D5/><U109/><E109/><V117/><F117/><W131/><G111/><T123/><D123/><U82/><E97/><V90/><F128/><W33/><G131/><T91/><D39/><U48/><E56/><V63/><F102/><W116/><G116/><T47/><D42/><U41/><E41/><V133/><F27/><N who="3" m="18687" /><G55/><T129/><D129/><U92/><E92/><V54/><F54/><W45/><G45/><T89/><D85/><U130/><E130/><V78/><F78/><W83/><G70/><T43/><D43/><U15/><REACH who="1" step="1"/><E30/><REACH who="1" ten="281,315,165,229" step="2"/><V71/><F71/><W135/><G135/><T86/><D106/><U114/><E114/><V7/><F133/><W79/><G99/><T1/><D105/><U60/><E60/><V58/><F68/><W95/><G95/><T93/><D93/><U96/><E96/><V80/><REACH who="2" step="1"/><F4/><REACH who="2" ten="281,315,155,229" step="2"/><W20/><G69/><T36/><D101/><U119/><E119/><V6/><F6/><W88/><G103/><T21/><D100/><U62/><E62/><V3/><AGARI ba="0,2" hai="3,7,10,28,29,40,46,50,58,63,67,80,87,90" machi="3" ten="20,2700,0" yaku="1,1,0,1,7,1,53,0" doraHai="108" doraHaiUra="127" who="2" fromWho="2" sc="281,-7,315,-7,155,47,229,-13" />
</Scene>
<Scene>
<INIT seed="4,0,0,5,5,134" ten="274,308,202,216" oya="0" hai0="15,80,118,30,60,16,17,13,98,133,25,121,74" hai1="36,76,72,7,105,53,48,97,43,135,38,120,54" hai2="9,87,46,0,88,73,35,78,69,64,95,32,62" hai3="39,65,132,21,8,96,14,90,5,52,115,93,104"/><T81/><D118/><U71/><E120/><V75/><F75/><W79/><G39/><T55/><D121/><U63/><E38/><V112/><F112/><W50/><G132/><T114/><D114/><U56/><E135/><V45/><F35/><W77/><G115/><T44/><D133/><U83/><E7/><V84/><F32/><W18/><G65/><T42/><D98/><U129/><E129/><V109/><F73/><W51/><G104/><T124/><D124/><U110/><E110/><V131/><F109/><W20/><G51/><N who="0" m="27031" /><D74/><U99/><E54/><V12/><F0/><W103/><G103/><T91/><D30/><U101/><E99/><V117/><F131/><W23/><REACH who="3" step="1"/><G5/><REACH who="3" ten="274,308,202,206" step="2"/><T34/><D34/><U2/><E36/><V41/><F117/><W3/><G3/><T59/><D25/><U130/><E2/><V94/><F41/><W29/><G29/><T61/><D61/><U125/><E130/><V66/><F64/><W119/><G119/><T123/><D123/><U24/><E43/><V6/><REACH who="2" step="1"/><F78/><REACH who="2" ten="274,308,192,206" step="2"/><W31/><G31/><T126/><D55/><N who="1" m="31847" /><E76/><V113/><F113/><W67/><G67/><T37/><D37/><U92/><E53/><V108/><F108/><W49/><G49/><T128/><D128/><U85/><E63/><V107/><F107/><W100/><G100/><T122/><D60/><U4/><E101/><V19/><F19/><W57/><AGARI ba="0,2" hai="8,14,18,20,21,23,50,52,57,77,79,90,93,96" machi="57" ten="30,7900,0" yaku="1,1,0,1,8,1,54,1,53,0" doraHai="134" doraHaiUra="58" who="3" fromWho="3" sc="274,-39,308,-20,192,-20,206,99" />
</Scene>
<Scene>
<INIT seed="5,0,0,5,5,38" ten="235,288,172,305" oya="1" hai0="34,101,11,51,4,55,79,30,32,19,7,86,9" hai1="25,133,33,80,96,71,125,103,110,92,121,120,64" hai2="132,6,22,17,53,54,126,72,114,36,14,5,74" hai3="115,131,89,40,111,50,112,61,88,118,116,8,73"/><U135/><E125/><V94/><F36/><W3/><G111/><T43/><D101/><U106/><E92/><V87/><F126/><W123/><G123/><N who="1" m="47178" /><E80/><V47/><F132/><N who="1" m="50761" /><E110/><V12/><F114/><N who="3" m="43563" /><G73/><T28/><D19/><U18/><E18/><V119/><F119/><N who="3" m="45611" /><G61/><T97/><D97/><U75/><E75/><V49/><F74/><W59/><G131/><T81/><D34/><U108/><E108/><V16/><F72/><W29/><G29/><T69/><D69/><U90/><E71/><V58/><F87/><W100/><G100/><T68/><D68/><U93/><E64/><V67/><F67/><W39/><G8/><T98/><D32/><U107/><E103/><V134/><F94/><W57/><G3/><T20/><D30/><AGARI ba="0,0" hai="25,30,33,90,93,96,106,107" m="50761,47178" machi="30" ten="30,1500,0" yaku="20,1" doraHai="38" who="1" fromWho="0" sc="235,-15,288,15,172,0,305,0" />
</Scene>
<Scene>
<INIT seed="5,1,0,0,0,19" ten="220,303,172,305" oya="1" hai0="20,103,78,65,3,114,77,49,85,123,62,50,81" hai1="118,101,125,92,53,75,84,58,30,46,12,16,11" hai2="121,132,2,29,109,40,34,57,18,60,99,112,97" hai3="54,44,119,82,127,48,106,13,63,14,93,37,100"/><U21/><E118/><V43/><F109/><W70/><G106/><T129/><D3/><U102/><E75/><V6/><F121/><W56/><G119/><T131/><D123/><U15/><E125/><V71/><F71/><W25/><G127/><T134/><D114/><U23/><E46/><V51/><F132/><W130/><G130/><N who="0" m="49675" /><D78/><U72/><E72/><V59/><F112/><W88/><G70/><N who="0" m="42295" /><D134/><U33/><E33/><V83/><F2/><W55/><G37/><T73/><D103/><N who="1" m="39435" /><E30/><V35/><F29/><W36/><G36/><T41/><D41/><U61/><E15/><V126/><F126/><W45/><G45/><T52/><D73/><U116/><E116/><V94/><F43/><W74/><G25/><T31/><D52/><U42/><E42/><V1/><F40/><W64/><G55/><T135/><D135/><U27/><E27/><AGARI ba="1,0" hai="20,27,31,49,50,77,81,85" m="42295,49675" machi="27" ten="30,2000,0" yaku="19,1,52,1" doraHai="19" who="0" fromWho="1" sc="220,23,303,-23,172,0,305,0" />
</Scene>
<Scene>
<INIT seed="6,0,0,5,5,36" ten="243,280,172,305" oya="2" hai0="61,110,0,20,126,19,132,111,26,116,127,89,8" hai1="10,100,46,72,39,49,41,75,77,16,91,51,34" hai2="4,56,129,133,99,78,130,35,120,50,123,117,103" hai3="70,63,58,79,113,121,68,5,84,108,94,24,18"/><V21/><F35/><W124/><G108/><N who="0" m="41515" /><D61/><U7/><E34/><V131/><F117/><W1/><G121/><T48/><D89/><U62/><E75/><V64/><F133/><W33/><G1/><T119/><D48/><U112/><E112/><V73/><F4/><W97/><G5/><N who="0" m="1063" /><D132/><U83/><E91/><V81/><F21/><W71/><G113/><T86/><D86/><U60/><E100/><V80/><F81/><W66/><G79/><T69/><D69/><U47/><E16/><V15/><F15/><W135/><G84/><T25/><D25/><U43/><E51/><V57/><F50/><W87/><G87/><T37/><D37/><U122/><E122/><N who="2" m="46635" /><F64/><W88/><G135/><T17/><D19/><U53/><E53/><V74/><F74/><W114/><G114/><T102/><D102/><U104/><E104/><AGARI ba="0,0" hai="56,57,73,78,80,99,103,104,129,130,131" m="46635" machi="104" ten="40,2000,0" yaku="19,1" doraHai="36" who="2" fromWho="1" sc="243,0,280,-20,172,20,305,0" />
</Scene>
<Scene>
<INIT seed="6,1,0,3,3,52" ten="243,260,192,305" oya="2" hai0="46,68,58,81,78,95,70,21,134,103,48,130,0" hai1="96,43,73,106,44,75,127,53,93,133,64,91,30" hai2="56,90,31,116,28,79,19,34,54,8,26,4,104" hai3="42,49,7,29,76,1,108,18,16,120,62,125,84"/><V126/><F116/><W102/><G108/><T22/><D0/><U66/><E127/><V115/><F104/><W17/><G120/><T59/><D130/><U101/><E133/><V63/><F126/><W110/><G110/><T107/><D107/><U97/><E30/><V135/><F135/><W123/><G123/><T117/><D68/><U13/><E53/><V109/><F109/><W25/><G102/><T32/><D70/><U60/><E13/><V20/><F115/><W77/><G125/><T114/><D32/><U15/><E15/><N who="2" m="5511" /><F34/><W99/><G99/><N who="0" m="59903" /><D114/><U98/><E98/><V2/><F2/><W24/><G62/><T124/><D124/><U6/><E6/><V72/><F72/><W39/><G39/><T71/><D71/><U111/><E111/><V85/><F79/><W92/><G7/><T51/><D51/><U12/><E12/><V82/><AGARI ba="1,0" hai="19,20,26,28,31,54,56,63,82,85,90" m="5511" machi="82" ten="30,3000,0" yaku="8,1,52,1" doraHai="52" who="2" fromWho="2" sc="243,-11,260,-11,192,33,305,-11" />
</Scene>
<Scene>
<INIT seed="6,2,0,4,0,115" ten="232,249,225,294" oya="2" hai0="48,7,78,74,49,5,123,122,18,58,17,47,10" hai1="114,50,25,45,135,132,125,87,65,99,107,56,96" hai2="41,44,117,111,16,55,61,39,51,134,32,72,6" hai3="70,23,3,93,91,22,109,102,127,131,94,19,29"/><V27/><F117/><W53/><G109/><T89/><D58/><U81/><E114/><V59/><F72/><W97/><G3/><T104/><D104/><U63/><E125/><V80/><F111/><W15/><G70/><T92/><D74/><U69/><E69/><V105/><F105/><W64/><G127/><T112/><D112/><U24/><E107/><V57/><F134/><N who="1" m="51241" /><E96/><V31/><F80/><W42/><G131/><T106/><D78/><N who="1" m="46519" /><E99/><V113/><F113/><W34/><G34/><T118/><D106/><U133/><N who="1" m="51249" /><U14/><DORA hai="0" /><E14/><V36/><F16/><W28/><G64/><T37/><D118/><U75/><E75/><V119/><F119/><W120/><G15/><T1/><D1/><U128/><E128/><V26/><F26/><W13/><G13/><T126/><D126/><U82/><E82/><V20/><F32/><W76/><G97/><T71/><D71/><U84/><E84/><V98/><F98/><W66/><G66/><T62/><D122/><U38/><E38/><V88/><F88/><W60/><G91/><T9/><D37/><U33/><E33/><V103/><F103/><W11/><G102/><T52/><D123/><U95/><E95/><V73/><F73/><W124/><G93/><T43/><D89/><U46/><E46/><V121/><F121/><W101/><G94/><T100/><D92/><U8/><E8/><V90/><F90/><W116/><G101/><T110/><D100/><U108/><E108/><V68/><F68/><W129/><G120/><T40/><D110/><U21/><E21/><N who="3" m="7690" /><G124/><T35/><D35/><RYUUKYOKU ba="2,0" sc="232,-10,249,30,225,-10,294,-10" hai1="24,25,45,50,56,63,65" />
</Scene>
<Scene>
<INIT seed="7,3,0,4,5,59" ten="222,279,215,284" oya="3" hai0="49,3,108,70,96,95,41,132,65,12,40,22,24" hai1="103,73,60,5,61,30,80,38,128,1,44,19,104" hai2="48,130,98,82,34,119,110,120,4,121,52,112,135" hai3="133,15,126,92,101,11,18,94,79,77,37,31,8"/><W117/><G117/><T86/><D108/><U16/><E30/><V64/><F34/><W14/><G37/><T42/><D3/><U113/><E103/><V123/><F110/><W90/><G126/><T58/><D132/><U111/><E104/><V50/><F119/><W85/><G133/><T33/><D33/><U69/><E111/><V62/><F135/><W81/><G31/><N who="0" m="17815" /><D12/><U107/><E107/><V2/><F112/><W35/><G35/><T68/><D86/><U21/><E69/><N who="2" m="42135" /><F130/><W93/><G101/><N who="0" m="60575" /><D49/><U46/><E113/><V29/><F29/><W114/><G114/><T115/><D115/><U88/><E128/><V83/><F98/><W87/><G87/><T25/><D25/><N who="1" m="14503" /><E73/><V89/><F89/><W67/><G67/><T45/><D45/><N who="1" m="17515" /><E38/><V127/><F127/><W43/><G43/><T76/><D76/><U32/><E32/><V106/><F106/><W0/><G0/><T131/><D131/><U97/><E1/><V102/><F102/><W17/><AGARI ba="3,0" hai="8,11,14,15,17,18,77,79,81,85,90,92,93,94" machi="17" ten="30,6000,0" yaku="0,1,9,1,8,1" doraHai="59" who="3" fromWho="3" sc="222,-23,279,-23,215,-23,284,69" owari="199,-20.0,256,6.0,192,-31.0,353,45.0" />
</Scene>
</mjloggm>