<mjloggm ver="2.3"><GO type="169" lobby="0"/><UN n0="%E5%A4%AA%E3%81%8F%E3%81%AA%E3%81%84%E3%81%8A" n1="%E4%BF%BA%E3%81%A4%E3%81%88%E3%81%88%E3%81%88%EF%BD%9E" n2="%6B%65%72%6F%62%6F%75" n3="%E5%9F%BA%E7%A4%8E%E8%AB%96" dan="18,17,16,17" rate="2247.14,2177.70,2062.98,2193.04" sx="F,M,M,M"/><TAIKYOKU oya="0"/>

<Scene>
<INIT seed="0,0,0,0,4,15" ten="250,250,250,250" oya="0" hai0="17,85,108,106,26,94,45,39,5,70,90,14,68" hai1="31,20,40,63,95,78,110,118,113,116,74,133,51" hai2="62,32,54,93,73,130,131,125,71,79,88,102,30" hai3="69,50,27,134,107,87,91,101,112,55,96,34,103"/><T76/><D106/><U24/><E133/><V58/><F125/><W124/><G112/><T38/><D76/><U52/><E113/><V28/><F71/><W44/><G124/><T121/><D121/><U0/><E0/><V23/><F102/><W11/><G134/><T114/><D114/><U126/><E126/><V3/><F3/><W83/><G69/><T29/><D5/><U48/><E110/><V86/><F32/><W22/><G101/><T111/><D68/><U33/><E63/><V82/><REACH who="2" step="1"/><F23/><REACH who="2" ten="250,250,240,250" step="2"/><W1/><G34/><T117/><D70/><U6/><E33/><V21/><F21/><W89/><G1/><T122/><D122/><U41/><E20/><V115/><F115/><W127/><G127/><T61/><D111/><U13/><E118/><V60/><F60/><W75/><G11/><T18/><D108/><U100/><E116/><V7/><F7/><W72/><REACH who="3" step="1"/><G89/><REACH who="3" ten="250,250,240,240" step="2"/><T92/><D90/><U80/><E100/><V36/><F36/><W65/><G65/><T43/><D39/><U64/><E64/><V77/><F77/><W119/><G119/><T8/><D117/><U59/><E78/><V129/><AGARI ba="0,2" hai="28,30,54,58,62,73,79,82,86,88,93,129,130,131" machi="129" ten="30,7900,0" yaku="1,1,0,1,19,1,54,1,53,0" doraHai="15" doraHaiUra="99" who="2" fromWho="2" sc="250,-39,250,-20,240,99,240,-20" />
</Scene>
<Scene>
<INIT seed="1,0,0,2,3,60" ten="211,230,339,220" oya="1" hai0="26,126,80,89,91,105,31,65,78,53,20,61,48" hai1="106,45,14,112,107,19,5,32,71,72,66,135,49" hai2="117,64,3,101,6,128,99,75,86,62,57,116,8" hai3="30,1,77,52,59,114,129,79,95,85,36,54,102"/><U111/><E72/><V98/><F75/><W38/><G114/><T37/><D126/><U127/><E112/><V46/><F128/><W16/><G1/><T123/><D37/><U21/><E32/><V122/><F122/><W132/><G30/><T40/><D40/><U56/><E127/><V2/><F2/><W96/><G129/><T29/><D105/><U83/><E83/><V119/><F86/><W100/><G132/><T108/><D108/><U15/><E135/><V81/><F81/><W94/><G38/><T41/><D41/><U44/><E111/><V68/><F101/><W90/><G36/><T27/><D123/><U88/><E71/><V43/><REACH who="2" step="1"/><F68/><REACH who="2" ten="211,230,329,220" step="2"/><W22/><G102/><T87/><D48/><AGARI ba="0,1" hai="3,6,8,43,46,48,57,62,64,98,99,116,117,119" machi="48" ten="40,5200,0" yaku="1,1,2,1,52,1,53,0" doraHai="60" doraHaiUra="50" who="2" fromWho="0" sc="211,-52,230,0,329,62,220,0" />
</Scene>
<Scene>
<INIT seed="2,0,0,5,0,52" ten="159,230,391,220" oya="2" hai0="79,6,91,114,2,1,131,32,22,64,116,17,133" hai1="60,3,101,23,76,27,48,96,35,7,135,127,29" hai2="9,105,92,31,18,34,73,66,94,43,85,38,93" hai3="126,61,26,12,104,36,0,82,112,8,41,16,70"/><V54/><F105/><W14/><G104/><T97/><D114/><U130/><E135/><V83/><F73/><W56/><G112/><T50/><D32/><U57/><E130/><V122/><F122/><W113/><G113/><T37/><D37/><U11/><E127/><V80/><F66/><W117/><G126/><T90/><D79/><U20/><E76/><V107/><F107/><W51/><G117/><T44/><D131/><U53/><REACH who="1" step="1"/><E60/><REACH who="1" ten="159,220,391,220" step="2"/><V98/><F34/><W78/><G61/><T132/><D133/><U86/><E86/><V77/><F85/><W123/><G78/><T42/><D132/><U100/><E100/><V102/><F77/><W106/><G123/><T109/><D116/><U68/><E68/><V21/><F102/><W19/><G70/><T13/><D109/><U58/><E58/><V84/><F84/><W40/><G56/><T4/><D91/><U124/><E124/><V55/><F93/><AGARI ba="0,1" hai="3,7,11,20,23,27,29,35,48,53,57,93,96,101" machi="93" ten="30,7700,0" yaku="1,1,7,1,52,1,53,1" doraHai="52" doraHaiUra="25" who="1" fromWho="2" sc="159,0,220,87,391,-77,220,0" />
</Scene>
<Scene>
<INIT seed="3,0,0,0,4,16" ten="159,307,314,220" oya="3" hai0="56,92,30,45,126,47,105,103,123,131,8,33,28" hai1="9,15,107,106,60,31,17,113,6,118,97,52,122" hai2="121,69,48,40,67,62,117,125,76,2,74,112,134" hai3="13,32,26,98,70,14,22,18,78,84,89,85,66"/><W44/><G32/><T4/><D123/><U119/><E122/><V93/><F121/><W1/><G1/><T73/><D73/><U79/><E113/><V101/><F117/><N who="1" m="44553" /><E79/><V120/><F112/><W88/><G70/><T114/><D105/><N who="1" m="39947" /><E31/><V0/><F120/><W42/><G66/><T46/><D114/><U58/><E97/><V35/><F125/><W127/><G127/><T108/><D126/><U24/><E24/><V86/><F35/><W53/><G78/><T54/><D33/><U77/><E77/><V116/><F134/><W25/><G53/><T110/><D30/><U63/><E63/><V130/><F116/><W34/><G34/><T135/><D28/><U128/><E128/><V41/><F130/><W124/><G124/><T61/><D135/><U71/><E71/><V115/><F115/><W10/><G98/><N who="0" m="59847" /><D131/><U109/><E109/><V81/><F74/><W129/><G129/><T12/><D110/><U27/><E27/><N who="3" m="10250" /><G85/><T91/><D108/><U55/><E6/><V5/><F5/><N who="3" m="3279" /><G84/><T64/><D91/><U83/><E83/><V23/><F86/><W3/><G3/><T104/><D104/><U95/><E95/><V49/><F93/><W96/><G96/><T38/><D38/><U20/><E9/><V19/><F0/><W43/><G43/><T21/><D64/><AGARI ba="0,0" hai="15,17,20,52,55,58,60,64" m="39947,44553" machi="64" ten="30,3900,0" yaku="12,1,52,1,54,1" doraHai="16" who="1" fromWho="0" sc="159,-39,307,39,314,0,220,0" />
</Scene>
<Scene>
<INIT seed="4,0,0,1,3,105" ten="120,346,314,220" oya="0" hai0="48,32,119,33,112,120,20,122,58,113,110,101,116" hai1="129,95,54,99,107,15,81,77,83,51,80,111,135" hai2="123,23,53,42,36,34,121,8,29,59,90,125,66" hai3="118,96,25,102,65,73,39,114,19,76,17,130,79"/><T1/><D101/><U91/><E111/><V7/><F125/><W0/><G118/><N who="0" m="45099" /><D58/><N who="1" m="33119" /><E135/><V27/><F66/><W60/><G39/><T21/><D48/><U71/><E71/><V57/><F59/><W47/><G47/><T67/><D67/><U3/><E129/><V134/><F134/><W6/><G130/><T126/><D1/><U49/><E3/><V50/><F34/><N who="0" m="13418" /><D126/><U26/><E26/><V82/><F42/><W28/><G60/><T9/><D9/><U85/><E107/><V106/><F106/><W128/><G65/><T84/><D84/><U12/><E49/><V38/><F38/><W103/><G103/><T64/><D64/><U63/><E63/><V127/><F36/><W86/><G0/><T46/><D46/><U109/><E109/><V18/><F29/><W68/><G86/><T94/><D94/><U22/><E22/><N who="0" m="8809" /><D110/><U24/><E24/><V61/><F127/><W31/><G25/><T35/><N who="0" m="13426" /><T41/><DORA hai="44" /><D41/><U10/><E10/><V124/><F124/><W5/><G102/><T75/><D75/><U92/><E77/><V87/><F61/><W14/><G73/><T13/><D13/><AGARI ba="0,0" hai="7,8,13,18,23,27,50,53,57,82,87,90,121,123" machi="13" ten="30,2000,0" yaku="7,1,52,1" doraHai="105,44" who="2" fromWho="0" sc="120,-20,346,0,314,20,220,0" />
</Scene>
<Scene>
<INIT seed="5,0,0,1,2,48" ten="100,346,334,220" oya="1" hai0="57,20,6,89,63,4,60,12,18,10,73,45,101" hai1="82,58,127,131,130,111,123,36,85,46,25,81,110" hai2="117,22,76,40,29,30,134,135,26,86,8,54,99" hai3="80,13,0,9,113,116,114,88,106,16,108,95,69"/><U37/><E123/><V104/><F117/><W93/><G108/><N who="1" m="41514" /><E127/><V35/><F40/><W44/><G106/><T75/><D101/><U102/><E102/><N who="2" m="62559" /><F8/><W115/><G69/><T132/><D132/><N who="2" m="50730" /><F35/><W74/><G116/><T129/><D129/><N who="1" m="49163" /><E25/><V124/><F124/><W118/><G118/><T38/><D6/><U100/><E100/><V19/><F54/><W90/><G0/><T72/><D89/><N who="3" m="34409" /><G44/><T27/><REACH who="0" step="1"/><D57/><REACH who="0" ten="90,346,334,220" step="2"/><U84/><E58/><V66/><F66/><W11/><G115/><T91/><D91/><N who="1" m="51599" /><E46/><V78/><F76/><AGARI ba="0,1" hai="36,37,76,82,85" m="51599,49163,41514" machi="76" ten="30,2900,0" yaku="10,1,19,1" doraHai="48" who="1" fromWho="2" sc="90,0,346,39,334,-29,220,0" />
</Scene>
<Scene>
<INIT seed="5,1,0,1,1,99" ten="90,385,305,220" oya="1" hai0="83,74,8,48,110,46,108,97,89,117,76,7,35" hai1="131,128,39,124,44,50,30,53,22,78,27,18,93" hai2="91,1,92,42,104,0,86,135,36,68,65,69,106" hai3="77,101,6,132,95,21,63,107,49,115,3,102,125"/><U129/><E124/><V33/><F33/><W38/><G107/><T62/><D117/><U25/><E78/><V37/><F135/><W24/><G38/><T100/><D35/><U96/><E39/><V111/><F111/><W105/><G105/><T61/><D89/><U26/><REACH who="1" step="1"/><E30/><REACH who="1" ten="90,375,305,220" step="2"/><V109/><F36/><W15/><G77/><T72/><D110/><U43/><E43/><V103/><F109/><W60/><G125/><T118/><D108/><U116/><E116/><V80/><F42/><W55/><G132/><T66/><D118/><U19/><E19/><V20/><F37/><W112/><G112/><T82/><D74/><U23/><E23/><V121/><F20/><W4/><G115/><T32/><D32/><U59/><E59/><V85/><F69/><W12/><G21/><T114/><D114/><U133/><E133/><V9/><F68/><W31/><G31/><T45/><D72/><U64/><E64/><V123/><F65/><W79/><G79/><T84/><D66/><U73/><E73/><V11/><F123/><W52/><G6/><T29/><D29/><U130/><E130/><V2/><F121/><W98/><G4/><T10/><D7/><U54/><E54/><V70/><F70/><W81/><G52/><T57/><D57/><U134/><E134/><V34/><F34/><W120/><G55/><T13/><D76/><U87/><E87/><V90/><F86/><W58/><G58/><T14/><D84/><U51/><E51/><V122/><F122/><W56/><G120/><T113/><D48/><U5/><E5/><V40/><F85/><RYUUKYOKU ba="1,1" sc="90,-10,375,30,305,-10,220,-10" hai1="18,22,25,26,27,44,50,53,93,96,128,129,131" />
</Scene>
<Scene>
<INIT seed="5,2,1,4,1,40" ten="80,405,295,210" oya="1" hai0="30,80,32,5,1,132,75,96,115,7,93,79,45" hai1="8,118,92,77,60,3,19,33,131,120,14,125,37" hai2="78,116,95,69,81,71,61,82,109,34,50,13,127" hai3="101,15,2,65,56,51,113,99,44,49,89,133,87"/><U67/><E118/><V73/><F116/><W31/><G2/><T25/><D115/><U58/><E120/><V76/><F109/><W17/><G113/><T53/><D132/><U134/><E37/><V126/><F34/><W26/><G133/><T16/><D1/><U20/><E134/><V110/><F110/><W94/><G65/><T68/><D68/><U74/><E131/><V107/><F107/><W11/><G56/><T85/><D75/><U103/><E125/><N who="2" m="47627" /><F61/><W135/><G135/><T4/><D16/><U46/><E33/><V6/><F95/><W121/><G121/><T70/><D70/><U102/><E74/><N who="2" m="43159" /><F50/><W12/><G12/><T90/><REACH who="0" step="1"/><D53/><REACH who="0" ten="70,405,295,210" step="2"/><U29/><E3/><V54/><F54/><N who="3" m="29991" /><G17/><T105/><D105/><U111/><E111/><V130/><F130/><W57/><G15/><T22/><D22/><U108/><E20/><V114/><F114/><W52/><G11/><AGARI ba="2,2" hai="6,11,13,69,71,73,78,82" m="43159,47627" machi="11" ten="30,1000,0" yaku="18,1" doraHai="40" who="2" fromWho="3" sc="70,0,405,0,295,36,210,-16" />
</Scene>
<Scene>
<INIT seed="6,0,0,3,1,135" ten="70,405,331,194" oya="2" hai0="117,98,110,80,57,104,4,92,60,123,22,107,131" hai1="79,77,47,63,13,124,76,83,64,21,61,127,72" hai2="27,75,67,94,113,37,53,51,33,7,71,97,16" hai3="39,28,130,95,109,5,46,41,54,0,65,48,69"/><V58/><F37/><W2/><G28/><T36/><D110/><U89/><E47/><V34/><F75/><W118/><G109/><T101/><D123/><U25/><E13/><V88/><F7/><W30/><G30/><T115/><D36/><U70/><E63/><V103/><F113/><W23/><G118/><T6/><D115/><U68/><E68/><V40/><F40/><W112/><G23/><T43/><D131/><U66/><E66/><V31/><F103/><W17/><G17/><T111/><D111/><U128/><E128/><V56/><F71/><W125/><G112/><T42/><D117/><U114/><E114/><V129/><F129/><W100/><G5/><T122/><D122/><U14/><E14/><V84/><F97/><W55/><G55/><T9/><D6/><U78/><REACH who="1" step="1"/><E89/><REACH who="1" ten="70,395,331,194" step="2"/><V8/><F67/><W132/><G69/><T1/><D43/><U133/><E133/><V120/><F120/><W26/><G65/><T102/><D42/><U121/><E121/><V106/><F106/><W108/><G41/><T86/><D102/><U134/><E134/><V44/><F33/><W3/><G100/><T10/><D10/><U99/><E99/><V24/><REACH who="2" step="1"/><F8/><REACH who="2" ten="70,395,321,194" step="2"/><W11/><G11/><T59/><D9/><U82/><E82/><V18/><F18/><AGARI ba="0,2" hai="18,21,25,61,64,70,72,76,77,78,79,83,124,127" machi="18" ten="40,5200,0" yaku="1,1,52,2,53,0" doraHai="135" doraHaiUra="93" who="1" fromWho="2" sc="70,0,395,72,321,-52,194,0" />
</Scene>
<Scene>
<INIT seed="7,0,0,2,1,65" ten="70,467,269,194" oya="3" hai0="78,76,79,130,21,20,4,16,33,75,19,59,102" hai1="83,31,127,101,10,35,6,99,58,51,108,39,118" hai2="116,69,77,61,48,84,36,55,13,44,24,82,45" hai3="11,60,128,89,73,135,71,23,90,104,41,62,43"/><W107/><G73/><T132/><D75/><U125/><E108/><V14/><F116/><W67/><G23/><T47/><D33/><U8/><E118/><V87/><F69/><W30/><G30/><T54/><D132/><U81/><E39/><V95/><F61/><W114/><G11/><T28/><D130/><U2/><E10/><V12/><F24/><W86/><G86/><T18/><D4/><U119/><E119/><V92/><F36/><W42/><G128/><T131/><D131/><U96/><E96/><V112/><F112/><W17/><G114/><T80/><D102/><U105/><E31/><V110/><F110/><W53/><G17/><T129/><D129/><U98/><E98/><V3/><F3/><W34/><G34/><T68/><D47/><N who="2" m="17994" /><F87/><W27/><G27/><T38/><D38/><U120/><E35/><V121/><F121/><W0/><G0/><T93/><D80/><U97/><E97/><V7/><F7/><W103/><G135/><T9/><D9/><U40/><E120/><V56/><AGARI ba="0,0" hai="12,13,14,48,55,56,77,82,84,92,95" m="17994" machi="56" ten="30,1100,0" yaku="8,1" doraHai="65" who="2" fromWho="2" sc="70,-3,467,-3,269,11,194,-5" owari="67,-43.0,464,56.0,280,8.0,189,-21.0" />
</Scene>
</mjloggm>