<mjloggm ver="2.3"><GO type="97"/><UN n0="%E3%81%99%E3%81%A6%E3%81%BE%E3%82%8B" n1="%E5%A4%AA%E3%81%8F%E3%81%AA%E3%81%84%E3%81%8A" n2="%62%65%65%E5%9E%8B%E9%9B%80%E5%A3%AB" n3="%E3%82%AE%E3%83%B3%E3%82%AA" dan="15,13,13,14" rate="1973,1956,1838,1832" sx="M,M,M,M"/><TAIKYOKU oya="0"/>

<Scene>
<INIT seed="0,0,0,5,2,44" ten="250,250,250,250" oya="0" hai0="67,114,119,58,94,131,18,96,2,57,42,75,14" hai1="102,53,24,70,7,92,55,135,107,3,0,128,32" hai2="64,104,122,101,106,66,47,68,28,63,108,9,97" hai3="95,118,17,133,43,8,20,77,56,116,46,82,4"/><T124/><D119/><U110/><E70/><V73/><F122/><W80/><G133/><T52/><D114/><U19/><E135/><V115/><F115/><W123/><G123/><T127/><D75/><U51/><E107/><V23/><F73/><W81/><G77/><T129/><D2/><U29/><E110/><V130/><F108/><W98/><G56/><T12/><D42/><U99/><E128/><N who="0" m="49225" /><D67/><U36/><E36/><V11/><F66/><W111/><G111/><T27/><D27/><U74/><E74/><V93/><F130/><W109/><G109/><T132/><D18/><U112/><E112/><V83/><F83/><W120/><G120/><T15/><D132/><U59/><E7/><V22/><F64/><W85/><G118/><T65/><D65/><U103/><E103/><V33/><F68/><W5/><G5/><T1/><D1/><U48/><REACH who="1" step="1"/><E19/><REACH who="1" ten="250,240,250,250" step="2"/><V87/><F101/><W113/><G113/><T13/><D52/><U84/><E84/><V72/><F87/><W10/><G85/><T62/><D62/><U78/><E78/><V117/><F72/><W91/><G4/><T61/><D61/><U40/><E40/><V126/><F117/><W34/><G116/><T60/><D60/><U45/><AGARI ba="0,1" hai="0,3,24,29,32,45,48,51,53,55,59,92,99,102" machi="45" ten="20,8000,1" yaku="1,1,0,1,7,1,52,2,53,0" doraHai="44" doraHaiUra="38" who="1" fromWho="1" sc="250,-40,240,90,250,-20,250,-20" />
</Scene>
<Scene>
<INIT seed="1,0,0,1,4,3" ten="210,330,230,230" oya="1" hai0="69,29,33,101,49,42,130,125,90,30,132,113,106" hai1="25,129,89,18,78,12,84,53,24,93,70,74,108" hai2="36,11,44,21,38,46,87,98,128,13,135,122,64" hai3="88,6,85,10,15,100,59,1,99,37,55,117,2"/><U43/><E70/><V119/><F135/><W86/><G117/><T72/><D113/><U45/><E129/><V105/><F128/><W9/><G86/><T82/><D132/><U52/><E108/><V81/><F122/><W4/><G37/><T5/><D130/><U97/><E74/><V71/><F71/><W95/><G15/><T96/><D125/><U39/><E78/><V28/><F64/><W116/><G116/><T118/><D118/><U110/><E110/><V35/><F35/><W66/><G66/><T73/><D30/><U17/><E97/><V27/><F38/><W131/><G131/><T22/><D22/><U68/><E68/><V50/><F36/><W94/><G94/><T123/><D123/><U19/><REACH who="1" step="1"/><E12/><REACH who="1" ten="210,320,230,230" step="2"/><V126/><F119/><W76/><G76/><T7/><D73/><U61/><E61/><V79/><F13/><W56/><G55/><AGARI ba="0,1" hai="17,18,19,24,25,39,43,45,52,53,55,84,89,93" machi="55" ten="40,3900,0" yaku="1,1,54,1,53,0" doraHai="3" doraHaiUra="60" who="1" fromWho="3" sc="210,0,320,49,230,0,230,-39" />
</Scene>
<Scene>
<INIT seed="1,1,0,5,2,124" ten="210,369,230,191" oya="1" hai0="68,1,13,106,69,72,9,8,71,58,21,35,95" hai1="115,102,15,30,42,118,114,7,104,65,40,93,29" hai2="27,57,53,96,4,18,77,19,134,67,59,103,119" hai3="122,82,105,112,54,41,49,78,132,110,25,90,116"/><U123/><E123/><V31/><F119/><W3/><G122/><T47/><D106/><U20/><E118/><V83/><F4/><W74/><G116/><T73/><D35/><U24/><E65/><V89/><F59/><W85/><G112/><T28/><D1/><U44/><E104/><V34/><F89/><W94/><G41/><T45/><D58/><U98/><E30/><V99/><F99/><W133/><G3/><T88/><D28/><U108/><E108/><V22/><F34/><W81/><G25/><T33/><D33/><U130/><E40/><V100/><F100/><W50/><G50/><T125/><D21/><U64/><E64/><V79/><F79/><W36/><G36/><T135/><D135/><U52/><E52/><V117/><F134/><N who="3" m="51819" /><G54/><T101/><D101/><U127/><E127/><V129/><F117/><W37/><G49/><T32/><D32/><U10/><E114/><V109/><F109/><W97/><G37/><T16/><D125/><U46/><E115/><V12/><F12/><W87/><G110/><T56/><D56/><U131/><REACH who="1" step="1"/><E46/><REACH who="1" ten="210,359,230,191" step="2"/><V48/><F67/><W17/><G17/><T60/><D47/><U62/><E62/><V14/><F19/><W0/><G0/><T2/><D45/><U128/><E128/><V92/><F129/><W76/><G105/><T91/><D60/><U86/><E86/><AGARI ba="1,1" hai="74,76,78,81,82,85,86,87,90,94,97" m="51819" machi="86" ten="30,3900,0" yaku="20,1,34,2" doraHai="124" who="3" fromWho="1" sc="210,0,359,-42,230,0,191,52" />
</Scene>
<Scene>
<INIT seed="2,0,0,2,2,81" ten="210,317,230,243" oya="2" hai0="53,54,48,29,59,23,89,135,58,106,20,129,119" hai1="130,14,80,13,11,87,57,31,43,117,126,133,19" hai2="9,52,124,15,65,82,73,125,105,94,67,12,100" hai3="83,110,46,26,127,78,96,76,74,88,95,51,70"/><V131/><F105/><W69/><G127/><N who="2" m="48713" /><F131/><W103/><G110/><T16/><D129/><U134/><E126/><V44/><F100/><W3/><G3/><T6/><D119/><U102/><E130/><V101/><F101/><W17/><G76/><T24/><D135/><N who="1" m="51723" /><E117/><V113/><F113/><W37/><G37/><T122/><D122/><U18/><E102/><V8/><F94/><W61/><G61/><T56/><D106/><U5/><E31/><V91/><F9/><W10/><G26/><T2/><D2/><U132/><E132/><V93/><F82/><W99/><G17/><N who="1" m="6154" /><E43/><V7/><F73/><W50/><G10/><T71/><D71/><U47/><E47/><V72/><F72/><W55/><G99/><T1/><D1/><N who="1" m="431" /><E57/><V0/><F0/><W108/><G108/><T60/><D6/><U90/><AGARI ba="0,0" hai="13,14,80,87,90" m="431,6154,51723" machi="90" ten="30,2000,0" yaku="20,1,52,1" doraHai="81" who="1" fromWho="1" sc="210,-5,317,20,230,-10,243,-5" />
</Scene>
<Scene>
<INIT seed="3,0,0,3,2,96" ten="205,337,220,238" oya="3" hai0="100,99,70,12,87,121,94,61,120,123,5,115,63" hai1="26,40,69,14,59,119,68,118,28,19,83,23,90" hai2="29,81,55,31,1,133,109,24,126,52,110,38,128" hai3="41,43,9,105,92,60,78,49,4,116,117,54,113"/><W25/><G105/><T37/><D37/><U15/><E40/><V56/><F1/><W75/><G113/><T45/><D115/><U71/><E59/><V102/><F38/><W11/><G60/><T88/><D45/><U89/><E15/><V130/><F133/><W76/><G75/><T86/><D70/><U47/><E47/><V16/><F126/><W46/><G117/><N who="1" m="44554" /><E83/><V42/><F42/><N who="3" m="15883" /><G116/><T134/><D134/><U62/><E62/><N who="2" m="36103" /><F55/><W64/><G64/><T98/><D98/><U111/><E111/><N who="2" m="42507" /><F81/><W101/><G25/><T107/><REACH who="0" step="1"/><D86/><REACH who="0" ten="195,337,220,238" step="2"/><U80/><E71/><V124/><F124/><W74/><G74/><T129/><D129/><U33/><E69/><V20/><F130/><W35/><G46/><T6/><D6/><U21/><E68/><V93/><F128/><W39/><G39/><T79/><D79/><U108/><E108/><V127/><F127/><W95/><G54/><T50/><D50/><U104/><E33/><V48/><F48/><W0/><G35/><T53/><D53/><U36/><E36/><V8/><F8/><AGARI ba="0,1" hai="5,8,12,61,63,87,88,94,99,100,107,120,121,123" machi="8" ten="40,8000,1" yaku="1,1,52,1,54,1,53,1" doraHai="96" doraHaiUra="10" who="0" fromWho="2" sc="195,90,337,0,220,-80,238,0" owari="285,9.0,337,43.0,140,-36.0,238,-16.0" />
</Scene>
</mjloggm>