<mjloggm ver="2.3"><GO type="97"/><UN n0="%E3%82%AA%E3%83%AA%E3%82%A8%E3%83%B3%E3%83%88%47%4D%54" n1="%E6%97%A5%E5%A5%88%E6%A3%AE%E3%81%82%E3%82%80" n2="%E5%A4%AA%E3%81%8F%E3%81%AA%E3%81%84%E3%81%8A" n3="%E2%88%9E%E3%82%B8%E3%83%A3%E3%82%AE" dan="13,14,13,14" rate="1909,2006,2030,1822" sx="M,F,M,M"/><TAIKYOKU oya="0"/>

<Scene>
<INIT seed="0,0,0,1,5,65" ten="250,250,250,250" oya="0" hai0="36,61,10,34,63,110,48,20,74,57,125,4,80" hai1="60,92,38,6,1,102,56,73,88,126,86,37,35" hai2="7,127,89,14,46,129,62,82,130,131,99,8,17" hai3="43,113,114,26,77,66,122,85,101,42,128,71,15"/><T25/><D125/><U40/><E35/><V75/><F127/><W79/><G128/><T108/><D34/><U111/><E126/><V135/><F135/><W50/><G122/><T87/><D74/><U64/><E73/><V19/><F46/><W112/><G101/><T83/><D83/><U11/><E111/><N who="0" m="42537" /><D36/><U24/><E40/><V54/><F99/><W18/><G26/><T84/><D84/><U53/><E102/><V58/><REACH who="2" step="1"/><F89/><REACH who="2" ten="250,250,240,250" step="2"/><W132/><G132/><T47/><D47/><U133/><E133/><V134/><F134/><W109/><G109/><T72/><D72/><U27/><E38/><V105/><F105/><W104/><G104/><T44/><D44/><U32/><E37/><V28/><F28/><W33/><G77/><AGARI ba="0,1" hai="7,8,14,17,19,54,58,62,75,77,82,129,130,131" machi="77" ten="40,2600,0" yaku="1,1,19,1,53,0" doraHai="65" doraHaiUra="120" who="2" fromWho="3" sc="250,0,250,0,240,36,250,-26" />
</Scene>
<Scene>
<INIT seed="1,0,0,4,5,9" ten="250,250,276,224" oya="1" hai0="30,101,133,78,3,31,15,111,34,79,131,11,71" hai1="64,94,49,68,114,108,107,65,116,32,52,53,41" hai2="50,58,99,95,48,112,122,77,44,59,72,2,87" hai3="126,35,42,104,5,27,93,14,37,117,97,26,105"/><U80/><E32/><V1/><F122/><W66/><G126/><T118/><D71/><U46/><E107/><V110/><F72/><W33/><G117/><T120/><D120/><U83/><E116/><V45/><F110/><W39/><G66/><N who="1" m="25706" /><E68/><V4/><F112/><W85/><G85/><T56/><D3/><U69/><E69/><V129/><F129/><W86/><G86/><T60/><D131/><U115/><E108/><V63/><F87/><W62/><G62/><T89/><D111/><U128/><E128/><V125/><F77/><W23/><G105/><T67/><D34/><U121/><E121/><V127/><F63/><W74/><G74/><T19/><D118/><U13/><E115/><V124/><F4/><W55/><G104/><T123/><D123/><U20/><E94/><V22/><F22/><W90/><G55/><N who="1" m="21066" /><E114/><V38/><F38/><W29/><G42/><T91/><D133/><U8/><E20/><V43/><F1/><W40/><G40/><T24/><D101/><U130/><E130/><V76/><F2/><W10/><REACH who="3" step="1"/><G27/><REACH who="3" ten="250,250,276,214" step="2"/><T75/><D75/><U135/><E135/><V0/><F43/><W88/><G88/><N who="0" m="33867" /><D24/><U51/><E49/><V81/><F50/><W28/><G28/><AGARI ba="0,1" hai="11,15,19,28,30,31,56,60,67,78,79" m="33867" machi="28" ten="30,3900,0" yaku="8,1,52,1,54,1" doraHai="9" who="0" fromWho="3" sc="250,49,250,0,276,0,214,-39" />
</Scene>
<Scene>
<INIT seed="2,0,0,3,0,119" ten="299,250,276,175" oya="2" hai0="39,9,111,17,45,33,7,1,131,54,69,101,21" hai1="120,134,6,130,125,53,42,121,113,116,55,30,28" hai2="81,95,13,91,73,40,114,80,46,56,128,23,115" hai3="25,67,20,92,59,85,49,129,88,48,15,106,133"/><V24/><F128/><W87/><G106/><T75/><D75/><U2/><E113/><V135/><F135/><W109/><G109/><T0/><D0/><U112/><E112/><V35/><F35/><W126/><G126/><T4/><D4/><U108/><E116/><V76/><F13/><W96/><G133/><T98/><D33/><U110/><E134/><V100/><F56/><W8/><G129/><T37/><D111/><N who="1" m="42539" /><E130/><V52/><F81/><W60/><G85/><T19/><D19/><U29/><E42/><V27/><F100/><W38/><G38/><T26/><D69/><U132/><E132/><V107/><F107/><W102/><G15/><T127/><D127/><U5/><E125/><V84/><F52/><N who="1" m="20041" /><E2/><V122/><F122/><AGARI ba="0,0" hai="5,6,28,29,30,120,121,122" m="20041,42539" machi="122" ten="40,16000,3" yaku="28,2,13,1,14,1,52,3,54,1" doraHai="119" who="1" fromWho="2" sc="299,0,250,160,276,-160,175,0" />
</Scene>
<Scene>
<INIT seed="3,0,0,3,5,81" ten="299,410,116,175" oya="3" hai0="123,86,66,64,39,80,8,57,72,21,24,117,46" hai1="116,67,76,110,53,69,111,83,20,52,100,130,68" hai2="47,36,75,73,56,79,29,41,34,25,10,125,121" hai3="19,4,113,2,23,132,129,91,33,1,104,127,106"/><W126/><G33/><T15/><D72/><U120/><E120/><V92/><F125/><N who="3" m="47627" /><G113/><T118/><D123/><U38/><E38/><V88/><F121/><W54/><G132/><T97/><D97/><U42/><E42/><V84/><F79/><W30/><G30/><T98/><D98/><U102/><E130/><V107/><F107/><W112/><G112/><T133/><D133/><U103/><E20/><V51/><REACH who="2" step="1"/><F10/><REACH who="2" ten="299,410,106,175" step="2"/><W131/><G106/><T77/><D8/><U26/><E76/><V32/><F32/><W5/><G104/><T122/><D77/><U134/><E134/><V70/><F70/><W135/><G135/><T85/><D122/><U7/><E69/><V9/><F9/><W114/><G114/><T74/><D118/><U101/><E68/><V28/><F28/><W59/><G2/><T115/><D117/><U62/><E116/><V3/><F3/><W93/><G1/><T61/><D115/><U96/><E110/><V94/><F94/><W50/><G131/><T48/><D80/><U124/><E83/><V65/><F65/><W12/><G129/><T43/><D66/><U44/><E111/><V0/><F0/><W18/><G18/><T119/><D64/><U109/><E124/><V31/><F31/><W90/><G90/><T87/><D119/><U58/><E109/><V55/><AGARI ba="0,1" hai="25,29,34,36,41,47,51,55,56,73,75,84,88,92" machi="55" ten="30,7900,0" yaku="1,1,0,1,52,1,54,1,53,0" doraHai="81" doraHaiUra="16" who="2" fromWho="2" sc="299,-20,410,-20,106,89,175,-39" owari="279,8.0,390,48.0,195,-20.0,136,-36.0" />
</Scene>
</mjloggm>