<mjloggm ver="2.3"><GO type="169" lobby="0"/><UN n0="%E5%A4%AA%E3%81%8F%E3%81%AA%E3%81%84%E3%81%8A" n1="%E3%82%BB%E3%83%8D%E3%82%AC%E3%83%AB%E4%BB%A3%E8%A1%A8" n2="%E3%81%AD%E3%81%98%E3%81%BE%E3%81%8D%E9%B3%A5%E2%88%AE" n3="%E3%81%A1%E3%81%87%E3%81%A3%E3%81%8B%E3%83%BC%E3%81%9A" dan="17,16,16,16" rate="2183.40,2006.45,2041.06,2111.22" sx="M,M,M,M"/><TAIKYOKU oya="0"/>

<Scene>
<INIT seed="0,0,0,4,4,65" ten="250,250,250,250" oya="0" hai0="27,90,45,125,94,48,93,131,17,53,4,33,73" hai1="63,44,95,5,29,12,124,64,25,78,70,92,40" hai2="120,76,68,56,122,89,43,134,47,36,130,50,6" hai3="20,32,82,9,2,11,87,10,91,86,98,51,57"/><T100/><D73/><U39/><E124/><V105/><F105/><W49/><G32/><T115/><D115/><U83/><E5/><V21/><F76/><W60/><G2/><T119/><D119/><U85/><REACH who="1" step="1"/><E12/><REACH who="1" ten="250,240,250,250" step="2"/><V79/><F6/><W46/><G46/><T116/><D4/><U133/><E133/><V19/><F47/><W84/><G82/><T128/><D125/><U26/><E26/><V121/><F134/><W69/><G69/><T14/><D27/><U135/><E135/><V114/><F68/><W107/><G20/><AGARI ba="0,1" hai="20,25,29,39,40,44,63,64,70,78,83,85,92,95" machi="20" ten="30,7700,0" yaku="1,1,7,1,52,1,53,1" doraHai="65" doraHaiUra="22" who="1" fromWho="3" sc="250,0,240,87,250,0,250,-77" />
</Scene>
<Scene>
<INIT seed="1,0,0,2,5,27" ten="250,327,250,173" oya="1" hai0="25,95,40,125,30,22,69,97,49,73,2,12,76" hai1="19,8,133,124,104,18,10,122,129,58,131,117,63" hai2="78,67,65,64,45,75,44,14,118,46,105,109,7" hai3="92,59,135,38,94,93,60,106,112,28,126,6,110"/><U96/><E122/><V120/><F120/><W56/><G112/><T103/><D2/><U128/><E117/><V26/><F118/><W42/><G106/><T99/><D69/><U107/><E124/><V55/><F105/><N who="1" m="40521" /><E133/><V108/><F26/><W1/><G126/><T35/><D125/><U81/><E96/><V36/><F78/><W121/><G121/><T23/><D97/><U85/><E10/><V102/><F102/><W115/><G115/><T13/><D73/><U32/><E8/><V54/><F14/><W17/><G135/><T43/><D76/><N who="1" m="46247" /><E32/><V134/><F7/><W48/><G38/><T119/><D119/><U34/><E34/><V79/><F79/><W98/><G98/><T37/><D37/><U3/><E3/><V130/><F75/><W20/><G17/><N who="0" m="10543" /><D35/><U77/><E77/><V86/><F86/><W111/><G6/><T66/><D66/><AGARI ba="0,0" hai="18,19,58,63,66,128,129,131" m="46247,40521" machi="66" ten="40,2000,0" yaku="19,1" doraHai="27" who="1" fromWho="0" sc="250,-20,327,20,250,0,173,0" />
</Scene>
<Scene>
<INIT seed="1,1,0,0,3,13" ten="230,347,250,173" oya="1" hai0="122,36,67,110,34,134,58,97,28,129,119,71,26" hai1="37,99,18,16,128,80,91,19,4,54,22,29,10" hai2="39,120,90,7,94,87,104,12,45,69,33,27,6" hai3="46,132,3,43,35,5,9,95,96,108,101,111,105"/><U61/><E37/><V73/><F104/><W125/><G125/><T40/><D119/><U100/><E128/><V106/><F106/><W70/><G132/><T52/><D134/><U53/><E61/><V117/><F73/><W126/><G126/><T116/><D116/><U82/><E29/><V32/><F117/><W133/><G133/><T41/><D129/><U66/><E66/><V112/><F69/><W0/><G0/><T60/><D110/><N who="3" m="42025" /><G70/><T92/><D122/><U57/><E22/><V74/><F74/><W107/><G35/><T1/><D1/><U102/><E102/><V64/><F64/><W20/><G20/><T51/><REACH who="0" step="1"/><D36/><AGARI ba="1,0" hai="3,5,9,36,43,46,95,96,101,105,107" m="42025" machi="36" ten="30,1000,0" yaku="14,1" doraHai="13" who="3" fromWho="0" sc="230,-13,347,0,250,0,173,13" />
</Scene>
<Scene>
<INIT seed="2,0,0,5,4,80" ten="217,347,250,186" oya="2" hai0="74,118,18,81,44,42,38,11,22,52,116,60,89" hai1="31,98,62,133,73,121,88,21,50,68,120,39,41" hai2="99,71,13,126,27,37,125,63,59,115,119,10,3" hai3="76,57,114,55,28,106,51,4,100,24,83,128,82"/><V19/><F119/><N who="0" m="45610" /><D11/><U9/><E73/><V58/><F115/><W70/><G70/><T35/><D35/><U77/><E77/><V8/><F37/><W101/><G128/><T117/><D117/><U87/><E98/><V86/><F99/><W65/><G114/><T64/><D74/><U91/><E133/><V92/><F27/><W25/><G65/><T30/><D30/><U53/><E9/><V23/><F3/><W32/><G4/><T132/><D132/><U131/><E131/><V16/><F71/><W2/><G2/><T127/><D127/><N who="2" m="48650" /><F10/><W78/><G106/><T5/><D5/><U90/><E21/><V36/><F36/><W93/><G93/><T14/><D64/><N who="1" m="40983" /><E31/><V107/><F107/><W113/><G24/><T61/><D52/><U6/><E6/><V12/><F63/><W85/><REACH who="3" step="1"/><G113/><REACH who="3" ten="217,347,250,176" step="2"/><T47/><D14/><U20/><E120/><V97/><F97/><W79/><G79/><T15/><D15/><U109/><E121/><V1/><F1/><W111/><G111/><T130/><D130/><U124/><E109/><V29/><F29/><W123/><G123/><T49/><D18/><U69/><E69/><V75/><F75/><AGARI ba="0,1" hai="25,28,32,51,55,57,75,76,78,82,83,85,100,101" machi="75" ten="30,7700,0" yaku="1,1,7,1,52,1,53,1" doraHai="80" doraHaiUra="46" who="3" fromWho="2" sc="217,0,347,0,250,-77,176,87" />
</Scene>
<Scene>
<INIT seed="3,0,0,1,1,24" ten="217,347,173,263" oya="3" hai0="82,9,35,22,34,42,116,77,53,102,120,89,135" hai1="85,49,70,93,134,124,83,5,127,57,111,84,72" hai2="108,98,71,96,133,48,55,8,131,107,104,106,38" hai3="118,76,123,87,44,69,46,94,103,130,31,26,92"/><W91/><G123/><T126/><D120/><U33/><E70/><V80/><F71/><W129/><G118/><T64/><D116/><U39/><E39/><V0/><F38/><W6/><G69/><T100/><D64/><U105/><E105/><V50/><F108/><W36/><G6/><T66/><D66/><U125/><E111/><V17/><F0/><W10/><G10/><T4/><D42/><U122/><E122/><V90/><F50/><W21/><G76/><T61/><D89/><N who="1" m="53423" /><E134/><V29/><F133/><W28/><G36/><T86/><D135/><U37/><E37/><V43/><F43/><W115/><G115/><T132/><D132/><U16/><E5/><V45/><F131/><N who="3" m="50187" /><G31/><T62/><D4/><U97/><E72/><V51/><F51/><W99/><AGARI ba="0,0" hai="21,26,28,44,46,87,91,92,94,99,103" m="50187" machi="99" ten="30,3000,0" yaku="19,1,52,1" doraHai="24" who="3" fromWho="3" sc="217,-10,347,-10,173,-10,263,30" />
</Scene>
<Scene>
<INIT seed="3,1,0,5,4,44" ten="207,337,163,293" oya="3" hai0="103,123,23,3,121,28,65,101,62,98,105,8,76" hai1="27,102,24,9,77,91,79,60,116,104,51,129,47" hai2="132,25,7,15,64,56,92,70,112,12,11,19,83" hai3="49,114,128,2,53,73,118,90,40,5,78,67,120"/><W107/><G120/><T125/><D125/><U80/><E129/><V13/><F112/><W1/><G118/><T95/><D76/><U89/><E104/><V21/><F70/><W0/><G114/><T55/><D103/><U10/><E102/><V133/><F83/><W96/><G128/><T82/><D82/><U14/><E60/><V86/><F86/><W135/><G135/><N who="2" m="51785" /><F92/><W63/><G40/><T50/><D105/><U87/><E77/><V18/><F56/><W88/><G107/><T45/><D3/><U69/><E69/><V30/><F64/><W42/><G42/><T94/><D8/><N who="1" m="3179" /><E14/><AGARI ba="1,0" hai="7,11,12,13,14,15,18,19,21,25,30" m="51785" machi="14" ten="30,3900,0" yaku="20,1,34,2" doraHai="44" who="2" fromWho="1" sc="207,0,337,-42,163,42,293,0" />
</Scene>
<Scene>
<INIT seed="4,0,0,5,2,71" ten="207,295,205,293" oya="0" hai0="31,49,21,22,88,79,81,131,114,36,67,134,51" hai1="115,63,116,101,121,73,86,70,84,96,1,58,89" hai2="65,82,104,130,3,4,83,98,94,37,135,8,50" hai3="133,97,15,45,92,13,52,44,54,112,5,10,111"/><T74/><D114/><U60/><E116/><V80/><F104/><W26/><G111/><T95/><D131/><U24/><E121/><V91/><F130/><W0/><G112/><T33/><D134/><U12/><E1/><V48/><F135/><W105/><G105/><T124/><D124/><U20/><E73/><V39/><REACH who="2" step="1"/><F65/><REACH who="2" ten="207,295,195,293" step="2"/><W129/><G129/><T102/><D67/><U69/><E115/><V103/><F103/><W61/><G133/><T29/><D102/><U118/><E101/><V100/><F100/><W41/><G0/><T56/><D36/><AGARI ba="0,1" hai="3,4,8,36,37,39,48,50,80,82,83,91,94,98" machi="36" ten="40,8000,1" yaku="1,1,52,3,53,0" doraHai="71" doraHaiUra="75" who="2" fromWho="0" sc="207,-80,295,0,195,90,293,0" />
</Scene>
<Scene>
<INIT seed="5,0,0,2,0,132" ten="127,295,285,293" oya="1" hai0="89,130,27,70,45,124,46,59,96,49,60,3,106" hai1="47,4,10,54,0,112,74,121,7,35,90,67,25" hai2="44,57,62,85,68,42,19,72,117,104,56,22,134" hai3="127,33,11,110,109,64,71,18,34,86,21,98,5"/><U17/><E121/><V105/><F72/><W102/><G86/><T135/><D3/><U23/><E74/><V37/><F117/><W1/><G64/><N who="0" m="41223" /><D89/><U101/><E101/><V14/><F134/><W20/><G71/><T119/><D27/><U113/><E67/><V28/><F28/><W125/><G98/><T88/><D106/><U94/><E7/><V65/><F57/><W131/><G102/><T92/><D135/><U36/><E35/><N who="3" m="13322" /><G131/><T122/><D119/><U13/><E25/><V50/><REACH who="2" step="1"/><F85/><REACH who="2" ten="127,295,275,293" step="2"/><W123/><G123/><T95/><D122/><U40/><E54/><AGARI ba="0,1" hai="14,19,22,37,42,44,50,54,56,62,65,68,104,105" machi="54" ten="40,8000,1" yaku="1,1,2,1,24,2,53,0" doraHai="132" doraHaiUra="111" who="2" fromWho="1" sc="127,0,295,-80,275,90,293,0" />
</Scene>
<Scene>
<INIT seed="6,0,0,5,2,48" ten="127,215,365,293" oya="2" hai0="75,39,109,30,47,79,117,124,45,4,28,84,21" hai1="95,55,68,98,52,44,135,58,0,41,111,10,60" hai2="54,92,63,13,8,131,96,33,118,81,1,110,5" hai3="103,105,133,89,97,99,37,83,115,53,22,102,121"/><V42/><F118/><W126/><G121/><T132/><D109/><U106/><E111/><V108/><F33/><W100/><G37/><T94/><D75/><U67/><E106/><V69/><F42/><W51/><G133/><T40/><D132/><U82/><E135/><V71/><F108/><W64/><G126/><T130/><D124/><U129/><E129/><V112/><F110/><W113/><G64/><T120/><D120/><U66/><E82/><V57/><F131/><W19/><G105/><T70/><D130/><U6/><E67/><V11/><F81/><W38/><G38/><T61/><D117/><U34/><E34/><V2/><F112/><N who="3" m="43083" /><G89/><T93/><D4/><U101/><E68/><V134/><F134/><W24/><G83/><T49/><D79/><U77/><E77/><V62/><F62/><W26/><G24/><T65/><D21/><U23/><E23/><V27/><F27/><W17/><G19/><T25/><D84/><U76/><E76/><V9/><F9/><W74/><G74/><T107/><D107/><U46/><E46/><AGARI ba="0,0" hai="17,22,26,46,51,53,97,99,100,102,103" m="43083" machi="46" ten="30,3900,0" yaku="15,1,11,1,52,1" doraHai="48" who="3" fromWho="1" sc="127,0,215,-39,365,0,293,39" />
</Scene>
<Scene>
<INIT seed="7,0,0,1,2,40" ten="127,176,365,332" oya="3" hai0="71,125,48,132,69,67,34,60,18,10,31,41,134" hai1="112,58,90,23,87,102,97,108,46,50,96,118,39" hai2="28,117,36,113,29,53,38,35,120,119,80,82,26" hai3="49,133,66,33,21,0,92,131,2,30,16,86,6"/><W91/><G131/><T52/><D34/><U62/><E108/><V24/><F53/><W37/><G37/><T107/><D107/><U100/><E39/><V1/><F1/><W114/><G114/><T109/><D31/><U25/><E112/><V45/><F113/><W9/><G133/><N who="0" m="51307" /><D109/><U99/><E118/><V27/><F120/><W83/><G66/><T106/><D106/><U111/><E111/><V8/><F8/><W44/><G2/><T78/><D78/><U42/><E58/><V135/><F135/><W51/><G83/><T105/><D105/><U13/><E13/><V93/><F27/><N who="3" m="18655" /><G44/><N who="0" m="27655" /><D125/><U56/><E56/><V88/><F35/><W63/><G63/><T123/><D123/><U95/><E62/><V55/><F82/><W130/><G130/><T7/><D41/><U15/><E15/><AGARI ba="0,0" hai="0,6,9,15,16,21,49,51,86,91,92" m="18655" machi="15" ten="30,2900,0" yaku="24,1,54,1" doraHai="40" who="3" fromWho="1" sc="127,0,176,-29,365,0,332,29" />
</Scene>
<Scene>
<INIT seed="7,1,0,2,4,121" ten="127,147,365,361" oya="3" hai0="104,126,32,116,99,58,35,129,37,3,91,23,61" hai1="127,84,72,85,93,19,103,101,130,113,128,75,51" hai2="105,92,71,45,52,95,112,7,74,46,59,79,47" hai3="131,16,86,4,115,27,24,76,125,17,2,100,107"/><W8/><G115/><T18/><D116/><U9/><E113/><V39/><F112/><W87/><G131/><N who="1" m="50218" /><E127/><V89/><F105/><W38/><G38/><T96/><D129/><U122/><E122/><V26/><F71/><W5/><G125/><T114/><D126/><U133/><E133/><V1/><F92/><W10/><G107/><T50/><D37/><U11/><E51/><N who="2" m="31135" /><F26/><W98/><G98/><T90/><D114/><U82/><E85/><V132/><F89/><W108/><G108/><T77/><D3/><U0/><E0/><V54/><F95/><W81/><G100/><T110/><D77/><U123/><E103/><V63/><F54/><W12/><G87/><T40/><D110/><U109/><E109/><V80/><F63/><W102/><G102/><T21/><D104/><U34/><E101/><V48/><F48/><W135/><G135/><T124/><D124/><U20/><E93/><V31/><F31/><W69/><G69/><T41/><D50/><U94/><E94/><V43/><F132/><W134/><G134/><T15/><D61/><U22/><E34/><V6/><F6/><W60/><G60/><T13/><D58/><U66/><E123/><V83/><F83/><W73/><G73/><N who="1" m="28234" /><E66/><V118/><F118/><W14/><G17/><T42/><D42/><U120/><E120/><V97/><F97/><W53/><G53/><T119/><D119/><U106/><E106/><V78/><F78/><W88/><G76/><T29/><D18/><U55/><E55/><V25/><F25/><W67/><G67/><T117/><D117/><U57/><E19/><RYUUKYOKU ba="1,0" sc="127,10,147,-30,365,10,361,10" hai0="13,15,21,23,29,32,35,40,41,90,91,96,99" hai2="1,7,39,43,45,46,47,74,79,80" hai3="2,4,5,8,10,12,14,16,24,27,81,86,88" />
</Scene>
<Scene>
<INIT seed="7,2,0,4,4,13" ten="137,117,375,371" oya="3" hai0="3,58,43,19,9,71,26,64,126,56,76,109,133" hai1="99,129,48,47,8,112,2,34,75,134,128,104,35" hai2="117,122,96,30,57,25,53,85,15,98,101,49,61" hai3="118,120,6,4,135,91,86,40,81,23,131,105,82"/><W41/><G120/><T90/><D109/><U72/><E112/><V66/><F117/><W21/><G118/><T107/><D107/><U106/><E134/><V63/><F122/><W14/><G105/><N who="1" m="40554" /><E99/><V127/><F127/><W59/><G135/><T74/><D133/><U80/><E48/><V16/><F85/><N who="3" m="50607" /><G131/><N who="1" m="50250" /><E47/><V121/><F121/><W102/><G102/><T77/><D126/><U44/><E44/><V52/><F101/><W114/><G59/><T97/><D71/><U17/><E17/><V95/><F95/><W11/><G6/><T24/><D74/><N who="1" m="28203" /><E80/><V39/><F39/><W31/><G114/><T113/><D113/><U111/><E111/><V65/><F61/><W83/><G83/><T116/><D116/><U69/><E69/><V46/><F98/><W28/><G28/><T38/><D38/><U7/><AGARI ba="2,0" hai="2,7,8,34,35" m="28203,50250,40554" machi="7" ten="40,2700,0" yaku="19,1,23,1" doraHai="13" who="1" fromWho="1" sc="137,-9,117,33,375,-9,371,-15" owari="128,-37.0,150,-25.0,366,46.0,356,16.0" />
</Scene>
</mjloggm>