<mjloggm ver="2.3"><GO type="41"/><UN n0="%E5%A4%AA%E3%81%8F%E3%81%AA%E3%81%84%E3%81%8A" n1="%6D%6F%75%73%61%76%61%36" n2="%E5%A1%A9%E7%94%B0%E9%89%84%E4%BA%BA" n3="%E2%86%91%E3%81%84%E3%81%A3%E3%81%9F%E3%82%93%E2%86%93" dan="15,14,13,13" rate="2050,1937,2038,1859" sx="M,M,M,M"/><TAIKYOKU oya="0"/>

<Scene>
<INIT seed="0,0,0,3,0,88" ten="250,250,250,250" oya="0" hai0="52,66,38,94,6,7,132,29,0,130,22,68,18" hai1="108,45,84,13,48,69,49,125,80,53,111,44,40" hai2="55,85,12,24,34,67,116,42,76,16,98,124,5" hai3="97,134,99,28,65,30,32,61,9,131,33,82,103"/><T128/><D38/><U54/><E13/><V107/><F124/><W106/><G131/><N who="0" m="50219" /><D132/><U64/><E84/><V115/><F115/><W62/><G134/><T96/><D29/><U105/><E80/><V8/><F67/><W75/><G9/><T93/><D0/><U129/><E105/><V56/><F42/><W35/><G82/><T86/><D86/><U37/><E125/><V63/><F116/><W27/><G75/><T95/><D96/><U112/><E112/><V70/><F70/><W17/><G17/><T4/><D52/><N who="1" m="29703" /><E129/><V127/><F127/><W122/><G122/><T102/><D102/><U25/><E25/><V14/><F34/><W133/><G133/><T72/><D72/><U77/><E77/><V59/><F24/><W51/><G27/><N who="0" m="14807" /><D66/><U78/><E78/><V91/><F76/><W123/><G65/><T3/><D3/><U1/><E1/><V43/><F43/><W90/><G123/><T46/><D46/><N who="1" m="27831" /><E54/><V83/><F107/><W60/><G106/><T36/><D36/><U31/><E31/><V121/><F121/><W114/><G28/><T71/><AGARI ba="0,0" hai="4,6,7,68,71,93,94,95" m="14807,50219" machi="71" ten="40,12000,1" yaku="19,1,52,3" doraHai="88" who="0" fromWho="0" sc="250,120,250,-40,250,-40,250,-40" />
</Scene>
<Scene>
<INIT seed="0,1,0,2,5,1" ten="370,210,210,210" oya="0" hai0="22,48,25,73,31,47,41,27,65,125,108,16,34" hai1="26,134,28,19,112,14,43,94,54,64,39,119,75" hai2="15,95,126,78,59,3,36,51,63,35,87,123,80" hai3="70,40,101,122,107,61,132,8,4,13,6,71,109"/><T32/><D73/><U23/><E75/><V30/><F3/><W7/><G109/><T118/><D118/><U9/><E119/><V53/><F36/><W42/><G122/><T127/><D65/><U67/><E112/><V133/><F123/><W116/><G116/><T130/><D130/><U18/><E134/><V12/><F133/><W55/><G132/><T20/><REACH who="0" step="1"/><D108/><REACH who="0" ten="360,210,210,210" step="2"/><U76/><E67/><N who="2" m="39423" /><F126/><AGARI ba="1,1" hai="16,20,22,25,27,31,32,34,41,47,48,125,126,127" machi="126" ten="40,7700,0" yaku="1,1,18,1,54,1,53,0" doraHai="1" doraHaiUra="103" who="0" fromWho="2" sc="360,90,210,0,210,-80,210,0" />
</Scene>
<Scene>
<INIT seed="0,2,0,5,2,63" ten="450,210,130,210" oya="0" hai0="44,94,12,125,113,114,101,106,45,47,8,73,67" hai1="58,3,25,78,43,33,18,65,13,128,38,90,131" hai2="21,76,26,46,115,14,62,81,50,68,41,88,36" hai3="112,37,117,24,27,92,23,77,53,17,118,79,64"/><T2/><D73/><U120/><E3/><V55/><F115/><W15/><G112/><T70/><D2/><U66/><E120/><V116/><F116/><W95/><G37/><T98/><D125/><U4/><E78/><V52/><F14/><W22/><G15/><T6/><REACH who="0" step="1"/><D106/><REACH who="0" ten="440,210,130,210" step="2"/><U7/><E128/><V0/><F0/><W123/><G123/><T129/><D129/><U111/><E131/><V42/><F36/><W104/><G104/><T84/><D84/><U10/><E38/><V103/><F41/><W9/><G118/><T69/><D69/><U91/><E43/><V110/><F68/><W83/><G117/><T133/><D133/><U127/><E127/><V48/><F42/><W19/><G9/><T121/><D121/><U60/><E111/><V126/><F110/><W89/><G53/><T49/><D49/><U39/><E39/><V54/><F50/><W56/><G64/><N who="1" m="24682" /><E33/><V93/><F48/><W108/><G108/><T29/><D29/><U102/><E25/><V109/><F26/><W72/><G72/><T1/><D1/><U11/><E11/><V105/><F126/><W85/><G24/><T59/><D59/><U86/><E86/><V134/><F109/><W57/><G56/><T97/><D97/><U135/><E135/><V99/><F134/><W40/><G57/><T30/><D30/><U124/><E124/><V16/><F105/><W28/><G40/><T119/><D119/><U51/><E51/><V96/><F96/><W132/><G28/><T20/><D20/><U31/><E31/><V32/><F32/><W130/><G132/><RYUUKYOKU ba="2,1" sc="440,30,210,-10,130,-10,210,-10" hai0="6,8,12,44,45,47,67,70,94,98,101,113,114" />
</Scene>
<Scene>
<INIT seed="0,3,1,1,2,88" ten="470,200,120,200" oya="0" hai0="70,8,119,83,13,80,133,41,32,36,118,120,51" hai1="52,72,12,60,111,77,84,92,68,22,18,59,37" hai2="6,100,78,46,76,62,96,27,15,109,16,55,50" hai3="105,69,135,7,3,114,93,126,34,44,81,98,4"/><T30/><D120/><U124/><E37/><V9/><F109/><W19/><G114/><T28/><D70/><U79/><E111/><V108/><F108/><W42/><G34/><T63/><D36/><U48/><E124/><V128/><F128/><W110/><G69/><T73/><D63/><U85/><E72/><V134/><F134/><W75/><G110/><T86/><D73/><U17/><E68/><V57/><F27/><W21/><G3/><T29/><D32/><U38/><E38/><V89/><F6/><W101/><G126/><T71/><D71/><U10/><E84/><V14/><F14/><W102/><G135/><T49/><D133/><U82/><E60/><V117/><F89/><W2/><G2/><T0/><D0/><U56/><E56/><V5/><F5/><W39/><G105/><T45/><D51/><U123/><E123/><V127/><F127/><W106/><G106/><T43/><D41/><U61/><E61/><V67/><REACH who="2" step="1"/><F117/><REACH who="2" ten="470,200,110,200" step="2"/><W130/><G130/><T113/><D113/><U90/><E82/><V35/><F35/><W64/><G102/><T107/><D83/><U24/><AGARI ba="3,2" hai="10,12,17,18,22,24,48,52,59,77,79,85,90,92" machi="24" ten="20,8000,1" yaku="0,1,7,1,8,1,52,1,54,1" doraHai="88" who="1" fromWho="1" sc="470,-43,200,109,110,-23,200,-23" />
</Scene>
<Scene>
<INIT seed="1,0,0,4,5,34" ten="427,309,87,177" oya="1" hai0="107,111,24,15,14,118,32,43,85,57,79,48,36" hai1="47,134,26,61,109,65,2,11,50,122,123,30,93" hai2="99,63,54,31,88,94,1,45,27,114,100,77,64" hai3="84,68,29,131,89,71,6,102,104,22,21,0,9"/><U51/><E134/><V8/><F114/><W132/><G132/><T133/><D133/><U7/><E109/><V67/><F77/><W112/><G112/><T83/><D118/><U10/><E10/><V52/><F45/><W38/><G38/><T81/><D107/><U23/><E93/><V76/><F76/><W55/><G131/><T16/><D111/><U98/><E50/><V19/><F100/><W75/><G75/><T35/><D36/><U117/><E98/><V135/><F135/><W82/><G104/><T115/><D115/><U126/><E126/><V110/><F110/><W90/><G102/><T20/><D81/><U86/><E86/><V113/><F113/><W17/><G22/><T103/><D103/><U12/><E12/><N who="0" m="4649" /><D35/><U5/><E5/><V58/><F67/><W70/><G29/><T95/><D32/><U125/><E117/><V108/><F108/><W119/><G119/><T91/><D43/><U92/><E92/><V124/><F124/><W53/><REACH who="3" step="1"/><G90/><REACH who="3" ten="427,309,87,167" step="2"/><T49/><D91/><U129/><E125/><V121/><F121/><W66/><G66/><T101/><D101/><U87/><E129/><V127/><F127/><W59/><G59/><T130/><D57/><U25/><E123/><V33/><REACH who="2" step="1"/><F19/><REACH who="2" ten="427,309,77,167" step="2"/><W46/><G46/><T96/><D130/><U41/><E122/><V37/><F37/><W42/><G42/><T13/><D16/><U40/><E40/><V39/><F39/><W72/><G72/><T74/><D74/><U4/><E65/><V106/><F106/><W128/><G128/><T105/><D105/><U62/><E41/><RYUUKYOKU ba="0,2" sc="427,-15,309,-15,77,15,167,15" hai2="1,8,27,31,33,52,54,58,63,64,88,94,99" hai3="0,6,9,17,21,53,55,68,70,71,82,84,89" />
</Scene>
<Scene>
<INIT seed="2,1,2,2,4,22" ten="412,294,92,182" oya="2" hai0="20,52,128,98,30,25,73,131,121,55,92,72,108" hai1="56,94,26,51,84,15,90,127,60,38,35,123,79" hai2="100,12,7,5,4,41,54,49,87,85,77,96,91" hai3="83,29,68,125,14,21,11,44,36,34,47,67,62"/><V135/><F135/><W109/><G34/><T57/><D121/><U97/><E127/><V32/><F32/><W81/><G125/><T106/><D106/><U10/><E38/><V86/><F41/><W48/><G109/><T24/><D108/><U33/><E51/><V112/><F112/><W99/><G36/><T37/><D37/><U80/><E26/><V122/><F122/><W59/><G44/><T88/><D24/><U75/><E123/><V103/><F77/><W107/><G68/><T43/><D43/><U105/><E105/><V129/><F129/><N who="0" m="49738" /><D55/><U19/><E75/><V76/><F76/><W42/><G99/><T27/><D27/><U126/><E126/><V115/><F115/><W111/><G111/><T113/><D113/><U6/><E6/><V104/><F12/><W8/><G107/><T78/><D78/><U110/><E110/><V74/><F74/><W120/><G120/><T64/><D64/><AGARI ba="1,2" hai="10,15,19,33,35,56,60,64,79,80,84,90,94,97" machi="64" ten="30,1000,0" yaku="7,1" doraHai="22" who="1" fromWho="0" sc="412,-13,294,33,92,0,182,0" />
</Scene>
<Scene>
<INIT seed="3,0,0,4,4,105" ten="399,327,92,182" oya="3" hai0="118,8,54,81,124,62,39,10,85,44,106,89,57" hai1="30,34,92,32,11,109,135,88,3,51,87,17,104" hai2="6,60,42,113,36,95,15,74,31,100,127,23,90" hai3="102,40,97,9,69,103,117,37,29,25,27,21,66"/><W13/><G117/><T61/><D118/><U130/><E109/><V78/><F113/><W58/><G69/><T18/><D106/><U107/><E135/><V132/><F132/><W14/><G37/><T80/><D124/><U49/><E130/><V12/><F127/><W41/><G102/><T121/><D121/><U96/><E104/><V59/><F100/><W84/><G84/><N who="0" m="50311" /><D39/><U26/><E34/><V2/><F2/><W52/><G66/><N who="0" m="39215" /><D18/><U50/><E17/><V33/><F33/><W7/><G14/><T1/><D1/><U122/><E122/><V82/><F6/><W71/><G25/><T5/><D5/><U120/><E120/><V56/><F56/><W22/><G22/><T48/><D62/><U98/><REACH who="1" step="1"/><E107/><REACH who="1" ten="399,317,92,182" step="2"/><V128/><F128/><W35/><G35/><T19/><D19/><U131/><E131/><V86/><F31/><W123/><G123/><T70/><D70/><U24/><E24/><V43/><F23/><W91/><G71/><T129/><D129/><U65/><E65/><V125/><F125/><W133/><G133/><T116/><D116/><U112/><E112/><V108/><F108/><W46/><G27/><T119/><D119/><U45/><E45/><V76/><F36/><W134/><G46/><T83/><D44/><U28/><E28/><V115/><F115/><W55/><G134/><T16/><D16/><U64/><E64/><N who="2" m="38943" /><F78/><W111/><G111/><T99/><D8/><U79/><E79/><V53/><F53/><W110/><G55/><T77/><D54/><U68/><E68/><V4/><F4/><AGARI ba="0,1" hai="3,4,11,26,30,32,49,50,51,87,88,92,96,98" machi="4" ten="40,2600,0" yaku="1,1,54,1,53,0" doraHai="105" doraHaiUra="126" who="1" fromWho="2" sc="399,0,317,36,92,-26,182,0" />
</Scene>
<Scene>
<INIT seed="4,0,0,4,5,96" ten="399,353,66,182" oya="0" hai0="30,113,83,117,42,63,111,62,72,106,21,11,53" hai1="43,14,87,13,9,108,77,20,7,115,68,90,4" hai2="85,33,41,31,82,88,45,100,127,78,89,116,69" hai3="32,61,132,51,118,10,94,44,37,97,131,91,80"/><T126/><D117/><U130/><E68/><V64/><F116/><W35/><G118/><T124/><D106/><U27/><E108/><V22/><F127/><N who="0" m="48682" /><D111/><U0/><E130/><V12/><F33/><W28/><G28/><T95/><D113/><U105/><E105/><V92/><F69/><W76/><G131/><T52/><D42/><U59/><E115/><V46/><F64/><W133/><G37/><T120/><D120/><U74/><E43/><V135/><F135/><N who="3" m="51787" /><G61/><N who="0" m="23051" /><D11/><U73/><E59/><V129/><F129/><W49/><G10/><T122/><D122/><U93/><E7/><V54/><F54/><N who="3" m="29991" /><G51/><T79/><D95/><U50/><E50/><N who="2" m="26927" /><F46/><W17/><G17/><T58/><D58/><U66/><E66/><V121/><F121/><W65/><G65/><T110/><D110/><U84/><E73/><AGARI ba="0,0" hai="32,35,73,76,80,91,94,97" m="29991,51787" machi="73" ten="30,1000,0" yaku="20,1" doraHai="96" who="3" fromWho="1" sc="399,0,353,-10,66,0,182,10" />
</Scene>
<Scene>
<INIT seed="5,0,0,3,0,96" ten="399,343,66,192" oya="1" hai0="98,33,40,14,90,31,59,58,13,72,25,37,8" hai1="55,49,70,128,104,51,32,102,95,53,12,84,29" hai2="45,125,77,124,127,4,99,123,129,5,87,91,6" hai3="56,20,74,93,76,26,108,80,22,75,97,68,81"/><U9/><E70/><V23/><F123/><W61/><G68/><T82/><D72/><U135/><E135/><V15/><F129/><W85/><G108/><T92/><D82/><U43/><E128/><V115/><F115/><W94/><G22/><T132/><D132/><U109/><E109/><V86/><F45/><W48/><G48/><T121/><D121/><U54/><E104/><V17/><REACH who="2" step="1"/><F77/><REACH who="2" ten="399,343,56,192" step="2"/><W7/><G76/><T113/><D113/><U78/><E78/><V117/><F117/><W66/><G74/><T111/><D111/><U130/><E130/><V27/><F27/><W65/><G75/><T19/><D25/><U41/><E32/><V47/><F47/><W110/><G110/><T64/><D33/><U134/><E134/><V69/><F69/><W28/><G26/><T34/><D34/><U79/><E79/><V3/><F3/><W120/><G120/><T46/><D46/><U36/><E36/><V114/><F114/><W52/><G56/><T10/><D59/><U83/><E29/><V11/><F11/><W106/><G28/><T116/><D31/><U38/><E38/><V0/><F0/><W18/><G7/><T24/><D24/><U62/><E9/><V112/><F112/><W122/><G122/><T118/><D37/><U100/><E12/><V30/><F30/><W2/><G2/><T73/><D118/><U35/><E35/><V67/><F67/><W126/><G66/><T105/><D116/><U88/><E43/><V44/><F44/><W39/><G65/><T57/><D40/><U101/><E41/><V50/><F50/><RYUUKYOKU ba="0,1" sc="399,-10,343,-10,56,30,192,-10" hai2="4,5,6,15,17,23,86,87,91,99,124,125,127" />
</Scene>
<Scene>
<INIT seed="6,1,1,2,0,112" ten="389,333,86,182" oya="2" hai0="92,93,55,70,97,62,121,28,80,40,58,123,88" hai1="32,117,60,85,76,59,68,132,101,43,51,12,19" hai2="105,104,9,75,1,8,129,25,11,134,84,113,118" hai3="99,79,115,57,133,108,106,35,127,22,14,18,128"/><V30/><F75/><W2/><G14/><T17/><D70/><U54/><E32/><N who="2" m="20559" /><F84/><W116/><G18/><T37/><D28/><U77/><E132/><V27/><F104/><W120/><G22/><T64/><D64/><U124/><E117/><V78/><F105/><W89/><G89/><T38/><D80/><U69/><E124/><V29/><F78/><W3/><G57/><T7/><D7/><U81/><E101/><V67/><F67/><W52/><G52/><T86/><D17/><U83/><E43/><V82/><F82/><W130/><G99/><T34/><D34/><U98/><E98/><V95/><F95/><W110/><G79/><T45/><D38/><U20/><E60/><V0/><F134/><W16/><G16/><T102/><AGARI ba="1,1" hai="37,40,45,55,58,62,86,88,92,93,97,102,121,123" machi="102" ten="20,2700,0" yaku="0,1,7,1,54,1" doraHai="112" who="0" fromWho="0" sc="389,40,333,-8,86,-14,182,-8" />
</Scene>
<Scene>
<INIT seed="7,0,0,5,0,16" ten="429,325,72,174" oya="3" hai0="95,14,63,38,12,126,56,13,73,29,1,11,116" hai1="30,88,103,5,61,87,28,78,24,91,32,70,74" hai2="54,9,64,92,2,135,4,93,112,104,80,132,37" hai3="7,83,8,23,131,90,133,36,0,34,72,110,119"/><W122/><RYUUKYOKU type="yao9" ba="0,0" sc="429,0,325,0,72,0,174,0" hai3="0,7,8,23,34,36,72,83,90,110,119,122,131,133" />
</Scene>
<Scene>
<INIT seed="7,1,0,4,5,84" ten="429,325,72,174" oya="3" hai0="8,56,28,27,34,32,53,29,6,85,91,76,134" hai1="5,57,22,7,104,127,2,130,92,78,90,42,9" hai2="106,112,94,107,68,100,49,14,54,108,21,20,40" hai3="25,51,88,64,122,61,66,1,123,135,128,19,3"/><W35/><G135/><T83/><D134/><U87/><E104/><V12/><F68/><W95/><G128/><T74/><D29/><U109/><E127/><V55/><F112/><W60/><G51/><T133/><D133/><U98/><E109/><V80/><F108/><W118/><G118/><T121/><D121/><U44/><E57/><V110/><F110/><W103/><G103/><T33/><D53/><U81/><E130/><V13/><F80/><W70/><G122/><T77/><D56/><U46/><E7/><V31/><F31/><W69/><G123/><T105/><D105/><U116/><E116/><V93/><F40/><W75/><G75/><T79/><REACH who="0" step="1"/><D74/><REACH who="0" ten="419,325,72,174" step="2"/><U24/><E42/><V129/><F129/><W62/><G62/><T125/><D125/><U47/><REACH who="1" step="1"/><E47/><REACH who="1" ten="419,315,72,174" step="2"/><V89/><F100/><W111/><G111/><T39/><D39/><U58/><E58/><V11/><F11/><W73/><G73/><T36/><D36/><U72/><E72/><V115/><F115/><W43/><G43/><T120/><D120/><U48/><E48/><V65/><F65/><W59/><G59/><T97/><D97/><U117/><E117/><V124/><F124/><W71/><G71/><T16/><D16/><AGARI ba="1,2" hai="2,5,9,16,22,24,44,46,78,81,87,90,92,98" machi="16" ten="30,12000,2" yaku="1,1,7,1,52,1,54,1,53,2" doraHai="84" doraHaiUra="41" who="1" fromWho="0" sc="419,-123,315,143,72,0,174,0" owari="296,10.0,458,56.0,72,-43.0,174,-23.0" />
</Scene>
</mjloggm>