<mjloggm ver="2.3"><GO type="169" lobby="0"/><UN n0="%6D%65%24%6F" n1="%E3%82%B9%E3%83%BC%E3%83%8B" n2="%E5%A4%AA%E3%81%8F%E3%81%AA%E3%81%84%E3%81%8A" n3="%E3%81%99%E3%81%9A%E3%82%81%E3%82%AF%E3%83%AC%E3%82%A4%E3%82%B8%E3%83%BC" dan="17,16,18,17" rate="2159.96,2100.38,2233.58,2195.18" sx="M,M,F,M"/><TAIKYOKU oya="0"/>

<Scene>
<INIT seed="0,0,0,4,5,55" ten="250,250,250,250" oya="0" hai0="109,9,74,124,84,128,32,73,57,90,130,98,78" hai1="66,51,31,62,82,24,110,42,22,86,80,53,101" hai2="107,79,30,33,61,106,7,88,2,5,1,83,23" hai3="118,27,34,99,113,12,96,44,100,108,134,16,97"/><T15/><D32/><U131/><E42/><V13/><F33/><W4/><G113/><T75/><D124/><U72/><E72/><V56/><F107/><W133/><G108/><T117/><D117/><U135/><E110/><V3/><F106/><W114/><G114/><T45/><D109/><U65/><E135/><V8/><F7/><W93/><G118/><T21/><D21/><U63/><E101/><V52/><F88/><W60/><G44/><T6/><D45/><N who="1" m="27887" /><E131/><N who="0" m="50217" /><D98/><U29/><E29/><V43/><F43/><W127/><G127/><T95/><D78/><N who="1" m="46359" /><E82/><V25/><REACH who="2" step="1"/><F2/><REACH who="2" ten="250,250,240,250" step="2"/><W77/><G34/><T123/><D123/><U46/><E46/><V76/><F76/><W37/><G134/><T0/><D0/><U125/><E125/><V64/><F64/><AGARI ba="0,1" hai="22,24,31,62,63,64,65,66" m="46359,27887" machi="64" ten="30,1000,0" yaku="8,1" doraHai="55" who="1" fromWho="2" sc="250,0,250,20,240,-10,250,0" />
</Scene>
<Scene>
<INIT seed="1,0,0,3,1,14" ten="250,270,230,250" oya="1" hai0="75,4,61,87,71,96,85,107,100,83,9,48,33" hai1="1,0,58,32,30,121,53,20,78,5,31,52,93" hai2="42,54,68,132,130,10,23,95,106,66,135,8,43" hai3="56,36,88,50,27,44,116,37,77,99,124,17,40"/><U114/><E121/><V2/><F106/><W49/><G77/><T133/><D133/><N who="2" m="51274" /><F130/><W118/><G124/><T131/><D131/><U108/><E114/><V103/><F54/><W94/><G56/><T6/><D33/><U13/><E78/><V86/><F23/><N who="3" m="13807" /><G49/><T3/><D6/><U126/><E126/><V26/><F26/><W110/><G110/><T7/><D7/><U102/><E32/><V38/><F38/><W129/><G129/><T34/><D34/><U112/><E112/><V12/><F68/><W104/><G104/><T69/><D69/><U122/><E122/><V16/><F66/><W51/><G51/><T57/><D75/><U19/><E108/><V101/><F2/><W127/><G127/><T81/><D81/><U91/><E102/><N who="2" m="38923" /><F10/><W60/><G60/><T98/><D98/><U41/><E41/><V18/><F43/><W11/><G11/><T84/><D83/><U47/><E1/><V80/><F42/><W115/><G115/><T89/><D89/><U62/><E0/><V39/><F39/><W117/><AGARI ba="0,0" hai="36,37,40,44,50,88,94,99,116,117,118" m="13807" machi="117" ten="30,4000,0" yaku="12,1,52,1,54,1" doraHai="14" who="3" fromWho="3" sc="250,-10,270,-20,230,-10,250,40" />
</Scene>
<Scene>
<INIT seed="2,0,0,5,3,7" ten="240,250,220,290" oya="2" hai0="78,26,114,80,90,85,62,48,41,72,121,46,35" hai1="125,77,117,64,108,0,71,79,97,134,22,124,59" hai2="63,34,43,8,28,11,87,93,9,133,19,110,4" hai3="38,129,68,33,105,58,10,25,106,13,73,84,15"/><V20/><F133/><W88/><G68/><T1/><D121/><U32/><E71/><V83/><F43/><W55/><G73/><T12/><D1/><U2/><E32/><V115/><F115/><W127/><G38/><T126/><D114/><U52/><E64/><V132/><F132/><W91/><G15/><T81/><D126/><N who="1" m="48747" /><E117/><V16/><F34/><W116/><G116/><T51/><D62/><N who="1" m="36199" /><E134/><V66/><F4/><W74/><G129/><T131/><D131/><U118/><E118/><V50/><F50/><W49/><G74/><T14/><D35/><U120/><E120/><V119/><F119/><W100/><G91/><T24/><D12/><U122/><E122/><V123/><F123/><W27/><G100/><T30/><D30/><U89/><E22/><V29/><F93/><W130/><G130/><T94/><D51/><U101/><E89/><N who="2" m="51455" /><F110/><W86/><G127/><T96/><REACH who="0" step="1"/><D14/><REACH who="0" ten="230,250,220,290" step="2"/><U65/><E108/><V6/><F6/><W21/><G13/><T109/><D109/><U113/><E113/><V82/><F29/><W44/><G33/><T98/><D98/><U36/><E2/><V31/><F28/><W69/><G49/><T60/><D60/><U102/><E97/><V128/><F128/><W99/><G99/><T47/><D47/><U95/><E0/><V3/><F3/><W5/><G44/><T67/><D67/><U76/><E65/><V45/><F45/><W54/><G5/><T112/><D112/><U57/><E36/><V92/><F31/><W18/><G25/><T135/><D135/><U42/><E57/><V23/><F63/><RYUUKYOKU ba="0,1" sc="230,30,250,-10,220,-10,290,-10" hai0="24,26,41,46,48,72,78,80,81,85,90,94,96" />
</Scene>
<Scene>
<INIT seed="3,1,1,3,3,90" ten="260,240,210,280" oya="3" hai0="66,53,127,12,104,19,131,99,63,112,17,111,94" hai1="65,15,103,119,128,7,123,20,102,81,67,96,84" hai2="93,57,51,118,97,47,16,14,9,24,95,0,80" hai3="30,107,41,126,134,5,70,135,130,6,58,129,109"/><W32/><G70/><T116/><D116/><U55/><E123/><V73/><F118/><W52/><G107/><T124/><D104/><U108/><E119/><V72/><F0/><W113/><G113/><T54/><D112/><U2/><E2/><V83/><F72/><W110/><G41/><T78/><D78/><U4/><E128/><N who="3" m="49258" /><G30/><T40/><D40/><U89/><E108/><N who="3" m="41578" /><G32/><T31/><D131/><U22/><E55/><N who="0" m="21001" /><D31/><U29/><E29/><V82/><F73/><W28/><G28/><T39/><D39/><U69/><E69/><V122/><F122/><W26/><G26/><T27/><D27/><U85/><E67/><V92/><F57/><W121/><G121/><T120/><D120/><U35/><E65/><V114/><F114/><W21/><G21/><T76/><D111/><U42/><E42/><N who="2" m="25079" /><F24/><W23/><G23/><T25/><D25/><U77/><E35/><V132/><F132/><N who="3" m="50731" /><G126/><T37/><D124/><U106/><E22/><V18/><F18/><W10/><G10/><T71/><D127/><U34/><E34/><V46/><F46/><W36/><G36/><T38/><D37/><U33/><E33/><V61/><F61/><AGARI ba="1,1" hai="5,6,52,58,61" m="50731,41578,49258" machi="61" ten="40,12000,1" yaku="19,1,14,1,10,1,20,1,54,1" doraHai="90" who="3" fromWho="2" sc="260,0,240,0,210,-123,280,133" />
</Scene>
<Scene>
<INIT seed="3,2,0,2,0,92" ten="260,240,87,413" oya="3" hai0="42,38,39,120,80,54,58,40,31,105,114,100,71" hai1="6,21,51,131,7,44,90,107,109,117,102,116,87" hai2="79,113,77,52,2,28,64,75,57,61,26,83,24" hai3="99,122,13,134,62,37,118,70,35,86,15,97,85"/><W43/><G122/><T17/><D120/><U123/><E123/><V34/><F113/><W22/><G35/><T82/><D114/><U103/><E131/><V68/><F2/><W67/><G118/><N who="1" m="45674" /><E109/><V106/><F106/><W23/><G134/><T135/><D135/><U53/><E21/><V1/><F1/><W126/><G126/><T81/><D71/><U19/><E19/><V48/><F24/><W55/><G23/><T8/><D31/><U50/><E50/><V101/><F101/><N who="1" m="38409" /><E107/><V0/><F0/><W25/><G55/><T96/><D40/><U127/><E127/><V130/><REACH who="2" step="1"/><F77/><REACH who="2" ten="260,240,77,413" step="2"/><W95/><G15/><T119/><D119/><U63/><E63/><V18/><F18/><W14/><G13/><T32/><D17/><U16/><E16/><V115/><F115/><W66/><G14/><T73/><D105/><U94/><AGARI ba="2,1" hai="6,7,44,51,53,87,90,94" m="38409,45674" machi="94" ten="30,1100,0" yaku="12,1" doraHai="92" who="1" fromWho="1" sc="260,-5,240,27,77,-5,413,-7" />
</Scene>
<Scene>
<INIT seed="4,0,0,1,3,95" ten="255,267,72,406" oya="0" hai0="9,111,40,16,84,39,100,13,79,10,85,20,131" hai1="115,18,64,94,12,52,50,0,48,15,65,109,105" hai2="88,134,113,25,132,54,102,31,34,135,1,41,87" hai3="112,130,63,55,43,121,77,75,46,14,116,101,8"/><T99/><D131/><U6/><E105/><V133/><N who="2" m="33792" /><DORA hai="92" /><V69/><F1/><W83/><G116/><T104/><D111/><U11/><E109/><V103/><F113/><W28/><G121/><T96/><D39/><U97/><E0/><V119/><F119/><W124/><G124/><T21/><D40/><U125/><E125/><V44/><F54/><W4/><G28/><T7/><D79/><U68/><E68/><V73/><F73/><W67/><G130/><T45/><D45/><N who="1" m="27663" /><E50/><V37/><REACH who="2" step="1"/><F69/><REACH who="2" ten="255,267,62,406" step="2"/><W122/><G55/><T59/><D104/><U22/><E115/><V5/><F5/><W72/><G112/><T51/><D7/><U53/><E53/><V38/><F38/><W117/><G75/><T66/><D51/><U71/><E71/><V17/><F17/><W62/><G117/><T61/><D100/><AGARI ba="0,1" hai="6,11,12,15,18,22,64,65,94,97,100" m="27663" machi="100" ten="30,7700,0" yaku="8,1,52,2,54,1" doraHai="95,92" who="1" fromWho="0" sc="255,-77,267,87,62,0,406,0" />
</Scene>
<Scene>
<INIT seed="5,0,0,2,5,3" ten="178,354,62,406" oya="1" hai0="77,127,37,60,43,11,102,51,63,134,107,14,42" hai1="62,108,31,34,96,67,117,64,94,130,12,49,128" hai2="118,10,80,26,7,83,38,111,70,99,16,119,120" hai3="22,58,87,98,19,33,45,2,104,93,48,55,133"/><U20/><E117/><V13/><F111/><W90/><G33/><T114/><D114/><U54/><E108/><V106/><F120/><W8/><G133/><T113/><D113/><U100/><E34/><V131/><F38/><W36/><G104/><T66/><D134/><U103/><E103/><V129/><F70/><W75/><G75/><T32/><D32/><U73/><E73/><V59/><F59/><W46/><G36/><T92/><D37/><U91/><E91/><V39/><F39/><W23/><G23/><T61/><D107/><U132/><E132/><V110/><F110/><W53/><G53/><T84/><D127/><U122/><E122/><V86/><F99/><W105/><G105/><T135/><D135/><U4/><E31/><V15/><F26/><W17/><G98/><N who="0" m="59719" /><D66/><U21/><E21/><N who="2" m="11407" /><F106/><W123/><G123/><T5/><D51/><U57/><E20/><V85/><F85/><W115/><G115/><T79/><D84/><U0/><E0/><V29/><F29/><W25/><G2/><T50/><D50/><U101/><E101/><V27/><F27/><W116/><G116/><N who="2" m="44585" /><F86/><W35/><G35/><T126/><D126/><U95/><E95/><V72/><F72/><W24/><G24/><T97/><D97/><U56/><REACH who="1" step="1"/><E67/><REACH who="1" ten="178,344,62,406" step="2"/><V76/><F76/><AGARI ba="0,1" hai="5,11,14,42,43,60,61,63,76,77,79" m="59719" machi="76" ten="30,2000,0" yaku="8,1,52,1" doraHai="3" who="0" fromWho="2" sc="178,30,344,0,62,-20,406,0" />
</Scene>
<Scene>
<INIT seed="6,0,0,5,0,68" ten="208,344,42,406" oya="2" hai0="80,16,109,52,5,50,129,113,114,134,66,94,25" hai1="77,103,17,125,21,33,27,34,47,101,58,132,93" hai2="59,75,11,117,104,115,28,84,121,67,118,15,128" hai3="9,22,95,108,100,42,43,29,110,55,41,122,102"/><V40/><F121/><W51/><G122/><T39/><D109/><U20/><E132/><V44/><F75/><W45/><G108/><T2/><D134/><U1/><E1/><V70/><F104/><W82/><G95/><T73/><D66/><U86/><E125/><V124/><F70/><W24/><G110/><T99/><D129/><U62/><E47/><V36/><F124/><W81/><G9/><N who="0" m="2231" /><D39/><U105/><E105/><V53/><F128/><W76/><REACH who="3" step="1"/><G82/><REACH who="3" ten="208,344,42,396" step="2"/><T120/><D120/><U7/><E7/><V19/><F115/><N who="0" m="44042" /><D80/><U18/><E103/><V72/><F72/><AGARI ba="0,1" hai="22,24,29,41,42,43,45,51,55,72,76,81,100,102" machi="72" ten="40,1300,0" yaku="1,1,53,0" doraHai="68" doraHaiUra="130" who="3" fromWho="2" sc="208,0,344,0,42,-13,396,23" />
</Scene>
<Scene>
<INIT seed="7,0,0,5,4,110" ten="208,344,29,419" oya="3" hai0="2,38,64,127,103,61,8,62,20,53,116,44,93" hai1="114,48,46,85,97,115,68,45,12,29,17,16,51" hai2="66,101,59,7,65,99,89,129,47,67,117,28,133" hai3="27,58,11,107,49,94,52,79,15,63,92,18,123"/><W14/><G107/><T131/><D127/><U126/><E68/><V78/><F133/><W96/><G123/><T13/><D131/><U74/><E74/><V112/><F129/><W34/><G34/><T30/><D2/><U132/><E29/><V80/><F117/><W134/><G134/><T57/><D116/><U100/><E132/><V87/><F7/><N who="3" m="3455" /><G27/><T39/><D39/><U113/><E85/><V5/><F5/><W25/><G25/><T75/><D75/><U10/><E17/><V69/><F69/><W122/><G79/><T31/><D38/><U95/><E126/><V56/><F47/><AGARI ba="0,0" hai="10,12,16,45,46,47,48,51,95,97,100,113,114,115" machi="47" ten="40,8000,1" yaku="15,1,52,3,54,1" doraHai="110" who="1" fromWho="2" sc="208,0,344,80,29,-80,419,0" owari="208,-19.0,424,52.0,-51,-55.0,419,22.0" />
</Scene>
</mjloggm>