<mjloggm ver="2.3"><GO type="97"/><UN n0="%E9%95%B7%E6%9D%91%E5%A4%A7%E6%98%8E%E7%A5%9E" n1="%E9%8A%80%E3%81%AE%E5%BE%AE%E7%B3%96" n2="%48%6F%72%6F%6B%69%32" n3="%E5%A4%AA%E3%81%8F%E3%81%AA%E3%81%84%E3%81%8A" dan="15,15,15,15" rate="1882,1971,1920,2068" sx="F,M,M,M"/><TAIKYOKU oya="0"/>

<Scene>
<INIT seed="0,0,0,3,4,5" ten="250,250,250,250" oya="0" hai0="29,104,129,57,82,54,47,133,48,62,33,121,96" hai1="23,86,20,95,84,73,106,81,25,31,14,117,56" hai2="26,66,91,76,52,35,13,126,100,83,127,18,16" hai3="116,34,69,134,128,135,12,50,0,44,75,8,122"/><T65/><D121/><U6/><E117/><V7/><F100/><W1/><G116/><T109/><D133/><N who="3" m="50697" /><G69/><T60/><D109/><U77/><E106/><V105/><F66/><W72/><G34/><T17/><D129/><U15/><E73/><N who="3" m="28234" /><G128/><T118/><D118/><U101/><E23/><V49/><F105/><W85/><G85/><T99/><D104/><U53/><E6/><V46/><F76/><W79/><G79/><T24/><D82/><U94/><E94/><V74/><F74/><W120/><G0/><T125/><D125/><N who="2" m="47626" /><F7/><N who="3" m="3103" /><G1/><T30/><D30/><U123/><E123/><V112/><F112/><W70/><G70/><T88/><D96/><N who="1" m="59551" /><E86/><N who="2" m="50655" /><F13/><W59/><G59/><T9/><D99/><U89/><E77/><V58/><F58/><W131/><G131/><T97/><D97/><U45/><E45/><V115/><F115/><W2/><G2/><T64/><D47/><U3/><E3/><V119/><F119/><W130/><G130/><T90/><D57/><U110/><E110/><V51/><F49/><AGARI ba="0,0" hai="14,15,20,25,31,49,53,56,81,84,89" m="59551" machi="49" ten="30,1000,0" yaku="8,1" doraHai="5" who="1" fromWho="2" sc="250,0,250,10,250,-10,250,0" />
</Scene>
<Scene>
<INIT seed="1,0,0,4,0,94" ten="250,260,240,250" oya="1" hai0="99,1,30,129,78,71,43,15,115,7,31,122,69" hai1="18,92,93,103,126,95,39,100,90,16,113,60,118" hai2="105,91,10,74,48,66,128,9,4,65,8,135,25" hai3="34,133,61,58,81,62,107,127,27,36,45,120,14"/><U70/><E118/><V119/><F74/><W53/><G120/><T29/><D1/><U130/><E113/><V2/><F105/><W35/><G107/><T32/><D115/><U116/><E39/><V46/><F119/><W6/><G127/><T97/><D32/><U49/><E116/><V110/><F135/><W82/><G133/><T23/><D129/><U55/><E126/><V52/><F128/><W57/><G6/><T123/><D78/><U73/><E73/><V56/><F110/><W28/><G14/><T59/><D43/><U87/><E130/><V20/><F4/><W79/><G35/><T19/><D7/><U104/><E104/><V114/><F2/><W50/><G36/><T77/><D59/><U3/><E3/><V11/><F114/><W75/><G81/><T40/><D40/><U33/><E33/><V102/><F102/><N who="1" m="38953" /><E60/><V0/><F0/><W112/><G112/><T37/><D77/><U76/><E76/><V80/><N who="2" m="2560" /><DORA hai="38" /><V117/><F117/><W88/><G88/><T124/><D37/><U13/><E70/><N who="0" m="26633" /><D124/><U51/><E51/><V84/><REACH who="2" step="1"/><F56/><REACH who="2" ten="250,260,230,250" step="2"/><W121/><G58/><T108/><D108/><U22/><E18/><AGARI ba="0,1" hai="18,20,25,46,48,52,65,66,80,84,91" m="2560" machi="18" ten="50,8000,1" yaku="1,1,2,1,8,1,54,1,53,1" doraHai="94,38" doraHaiUra="68,44" who="2" fromWho="1" sc="250,0,260,-80,230,90,250,0" />
</Scene>
<Scene>
<INIT seed="2,0,0,1,4,70" ten="250,180,320,250" oya="2" hai0="101,66,32,27,29,77,125,52,107,25,61,90,71" hai1="44,112,46,124,26,64,96,129,40,109,134,122,5" hai2="119,91,6,13,35,42,4,45,114,16,113,58,48" hai3="135,8,123,11,56,132,55,98,76,65,111,127,73"/><V115/><F35/><W15/><G123/><T94/><D77/><U7/><E112/><V74/><F74/><W41/><G111/><T110/><D110/><U83/><E109/><V85/><F58/><W105/><G65/><T18/><D125/><U81/><E122/><V133/><F119/><W100/><G127/><T23/><D90/><U102/><E124/><V118/><F118/><W126/><G126/><T67/><D94/><U78/><E134/><N who="3" m="51242" /><G41/><T14/><D67/><U3/><E129/><V50/><F48/><N who="3" m="30823" /><G15/><T30/><D52/><U104/><E64/><V82/><REACH who="2" step="1"/><F133/><REACH who="2" ten="250,180,310,250" step="2"/><W43/><G43/><T69/><D69/><U72/><E3/><V37/><F37/><W34/><G34/><T88/><D32/><U12/><E46/><V51/><F51/><W89/><G73/><T20/><D71/><U128/><E128/><V108/><F108/><W131/><G131/><T84/><D61/><U121/><E121/><V117/><F117/><W99/><G76/><T1/><D66/><U59/><E59/><V24/><F24/><W92/><AGARI ba="0,1" hai="8,11,89,92,98,99,100,105" m="30823,51242" machi="92" ten="30,1100,0" yaku="20,1" doraHai="70" who="3" fromWho="3" sc="250,-3,180,-3,310,-5,250,21" />
</Scene>
<Scene>
<INIT seed="3,0,0,2,2,101" ten="247,177,305,271" oya="3" hai0="82,115,44,70,35,22,59,112,111,36,87,20,12" hai1="51,74,62,29,84,77,34,26,49,9,116,48,30" hai2="73,90,98,134,17,14,57,121,7,79,24,104,38" hai3="3,122,103,66,19,18,2,75,45,1,85,0,40"/><W107/><G75/><T33/><D70/><U106/><E116/><V132/><F38/><W110/><G122/><T124/><D111/><U130/><E74/><V123/><F7/><W58/><G2/><T94/><D124/><U113/><E130/><V118/><F24/><W99/><G110/><T42/><D94/><U6/><E113/><N who="0" m="43593" /><D59/><U80/><E29/><V27/><F27/><W71/><G71/><T4/><D4/><U97/><E62/><V120/><F57/><W89/><G58/><T54/><D54/><U53/><E97/><V43/><F43/><W96/><G96/><T50/><D36/><U93/><E93/><N who="2" m="56631" /><F104/><W37/><REACH who="3" step="1"/><G66/><REACH who="3" ten="247,177,305,261" step="2"/><T46/><D46/><U127/><E127/><V56/><F56/><W21/><G21/><N who="0" m="8299" /><D12/><U10/><E10/><N who="2" m="6359" /><F118/><W86/><G86/><T47/><D47/><U13/><REACH who="1" step="1"/><E106/><REACH who="1" ten="247,167,305,261" step="2"/><V64/><F64/><W31/><G31/><T69/><D69/><U65/><E65/><V55/><F55/><AGARI ba="0,2" hai="6,9,13,26,30,34,48,49,51,53,55,77,80,84" machi="55" ten="40,1300,0" yaku="1,1,53,0" doraHai="101" doraHaiUra="92" who="1" fromWho="2" sc="247,0,167,33,305,-13,261,0" />
</Scene>
<Scene>
<INIT seed="4,0,0,5,0,98" ten="247,200,292,261" oya="0" hai0="96,75,46,115,93,132,29,2,11,57,134,50,59" hai1="128,49,88,124,7,16,47,125,39,52,3,25,32" hai2="86,84,41,24,9,126,101,27,51,28,116,54,100" hai3="81,97,40,108,22,119,77,14,120,42,107,12,21"/><T74/><D115/><U118/><E118/><V8/><F116/><W114/><G119/><T87/><D57/><U13/><E128/><V26/><F28/><W105/><G108/><T129/><D129/><U19/><E39/><V89/><F41/><W1/><G1/><T127/><D127/><N who="1" m="48715" /><E3/><V99/><F99/><W85/><G114/><T133/><D29/><N who="1" m="19503" /><E88/><V58/><F86/><W69/><G69/><T103/><D59/><U90/><E90/><V71/><F71/><W104/><G120/><T91/><D11/><AGARI ba="0,0" hai="7,11,13,16,19,47,49,52" m="19503,48715" machi="11" ten="30,3900,0" yaku="18,1,54,2" doraHai="98" who="1" fromWho="0" sc="247,-39,200,39,292,0,261,0" />
</Scene>
<Scene>
<INIT seed="5,0,0,4,4,134" ten="208,239,292,261" oya="1" hai0="42,56,104,33,12,80,66,87,45,1,110,30,131" hai1="60,116,82,76,61,119,46,111,51,64,49,125,31" hai2="115,71,13,34,94,22,100,19,126,26,67,4,27" hai3="81,37,69,95,43,132,112,59,63,14,117,6,8"/><U102/><E111/><V17/><F71/><W123/><G123/><T135/><D110/><U0/><E0/><V92/><F67/><W11/><G132/><T133/><D1/><U86/><E125/><V113/><F126/><W47/><G112/><N who="2" m="43081" /><F100/><W75/><G117/><T44/><D104/><U20/><E119/><V105/><F105/><W48/><G69/><T118/><D118/><U130/><E130/><V68/><F68/><W107/><G107/><T89/><D131/><U128/><E128/><V108/><F4/><W38/><G95/><T2/><D2/><U96/><E116/><V99/><F99/><W124/><G11/><T101/><D101/><U3/><E3/><V79/><F79/><W35/><G35/><T120/><D120/><U36/><E36/><V122/><F108/><W83/><G124/><T77/><D12/><U57/><E61/><V7/><F7/><W23/><G23/><T62/><D77/><U93/><E46/><V16/><F122/><W5/><G5/><T90/><D90/><U103/><E102/><V129/><F129/><W127/><G127/><T53/><D66/><U88/><E76/><V58/><F58/><W84/><G75/><T54/><D54/><U29/><E29/><N who="2" m="19767" /><F13/><W98/><G98/><T50/><REACH who="0" step="1"/><D44/><REACH who="0" ten="198,239,292,261" step="2"/><U25/><AGARI ba="0,1" hai="20,25,31,49,51,57,60,64,82,86,88,93,96,103" machi="25" ten="30,12000,1" yaku="0,1,25,2,8,1,54,1" doraHai="134" who="1" fromWho="1" sc="198,-40,239,130,292,-40,261,-40" owari="158,-34.0,369,47.0,252,5.0,221,-18.0" />
</Scene>
</mjloggm>