<mjloggm ver="2.3"><GO type="169"/><UN n0="%E5%A4%AA%E3%81%8F%E3%81%AA%E3%81%84%E3%81%8A" n1="%E3%82%B7%E3%83%AD%E3%83%83%E3%82%B3%E2%99%AA" n2="%E6%A3%92%E8%A7%92" n3="%E3%82%B3%E3%83%AD%E3%83%A9%E3%83%89" dan="18,16,16,17" rate="2162,2054,2060,2101" sx="M,M,M,M"/><TAIKYOKU oya="0"/>

<Scene>
<INIT seed="0,0,0,4,4,131" ten="250,250,250,250" oya="0" hai0="17,78,124,6,92,15,14,53,30,18,86,47,126" hai1="2,95,114,121,127,103,115,113,27,26,44,65,49" hai2="105,132,19,38,84,70,116,104,120,58,97,107,29" hai3="74,69,134,46,91,80,125,89,96,7,36,67,40"/><T11/><D30/><U135/><E121/><V1/><F70/><W16/><G125/><N who="0" m="48235" /><D15/><U61/><E127/><V9/><F38/><W129/><G129/><T3/><D3/><U76/><E2/><V106/><F120/><W81/><G7/><T75/><D75/><U133/><E76/><V5/><F116/><W56/><G69/><T8/><D8/><U31/><E95/><V85/><F19/><W4/><G4/><T99/><D86/><U66/><E103/><V111/><F111/><W25/><G74/><T73/><D78/><U35/><E26/><V130/><F130/><W39/><G39/><T21/><D73/><U82/><E82/><V52/><F29/><W118/><G118/><T50/><D21/><U83/><E83/><V71/><F71/><W110/><G110/><T93/><D93/><U57/><E66/><V0/><F0/><W88/><G96/><T100/><AGARI ba="0,0" hai="6,11,14,17,18,47,50,53,92,99,100" m="48235" machi="100" ten="30,1500,0" yaku="18,1" doraHai="131" who="0" fromWho="0" sc="250,15,250,-5,250,-5,250,-5" />
</Scene>
<Scene>
<INIT seed="0,1,0,1,1,11" ten="265,245,245,245" oya="0" hai0="77,54,135,0,48,113,49,32,33,126,38,93,1" hai1="122,128,130,26,36,61,88,103,18,133,86,94,25" hai2="6,127,85,23,92,46,62,53,66,125,101,68,56" hai3="134,109,83,31,45,3,115,98,30,8,5,132,24"/><T37/><D113/><U51/><E36/><V84/><F6/><W50/><G115/><T15/><D77/><U100/><E122/><V20/><F101/><W106/><G109/><T107/><D107/><U22/><E26/><V43/><F23/><W34/><G31/><T102/><D102/><U19/><E133/><N who="3" m="51306" /><G98/><T121/><D93/><U40/><E61/><N who="2" m="40015" /><F20/><W41/><G83/><T105/><D105/><AGARI ba="1,0" hai="3,5,8,24,30,34,41,45,50,105,106" m="51306" machi="105" ten="30,1000,0" yaku="20,1" doraHai="11" who="3" fromWho="0" sc="265,-13,245,0,245,0,245,13" />
</Scene>
<Scene>
<INIT seed="1,0,0,1,5,10" ten="252,245,245,258" oya="1" hai0="81,27,97,32,53,110,71,123,80,24,107,14,133" hai1="20,117,56,87,82,62,17,101,98,132,26,65,93" hai2="128,40,25,106,74,6,95,111,129,1,36,54,3" hai3="135,99,75,34,91,13,45,9,47,127,41,116,63"/><U70/><E132/><V85/><F106/><W115/><G115/><T109/><D71/><U59/><REACH who="1" step="1"/><E117/><REACH who="1" ten="252,235,245,258" step="2"/><V8/><F129/><W121/><G135/><T39/><D133/><U49/><E49/><V67/><F128/><W33/><G116/><T0/><D39/><U16/><E16/><V90/><F36/><W5/><G121/><T78/><D123/><U73/><E73/><V37/><F74/><W103/><G75/><T89/><D109/><U134/><E134/><V102/><F111/><W38/><G38/><T23/><D110/><U94/><E94/><V112/><F37/><W18/><G18/><T60/><D107/><U31/><E31/><V28/><F28/><W104/><G104/><T114/><D114/><U120/><E120/><V105/><F112/><W64/><G127/><T29/><D29/><U2/><E2/><V21/><F1/><W44/><G41/><T61/><D0/><U52/><E52/><V11/><F54/><W130/><G130/><T42/><D53/><U125/><E125/><V46/><F40/><W119/><G119/><T66/><D42/><U48/><E48/><V57/><F3/><W12/><G64/><T124/><D66/><U58/><E58/><V15/><F105/><W122/><G122/><T19/><D19/><U126/><E126/><V84/><F57/><W113/><G113/><T86/><D124/><U50/><E50/><V35/><F67/><W108/><G108/><T69/><D69/><U96/><E96/><V51/><F51/><W43/><G99/><T83/><D97/><U55/><E55/><V72/><F72/><RYUUKYOKU ba="0,1" sc="252,-10,235,30,245,-10,258,-10" hai1="17,20,26,56,59,62,65,70,82,87,93,98,101" />
</Scene>
<Scene>
<INIT seed="1,1,1,5,2,46" ten="242,265,235,248" oya="1" hai0="28,64,43,98,36,104,0,26,75,131,96,108,25" hai1="72,85,4,18,60,12,134,30,22,68,82,39,2" hai2="126,59,84,48,87,79,91,65,11,41,115,29,24" hai3="69,6,92,53,128,100,101,21,10,133,62,94,58"/><U49/><E39/><V83/><F115/><W109/><G109/><T63/><D75/><U81/><E72/><V132/><F132/><W3/><G133/><T124/><D0/><U14/><E134/><V16/><F126/><W86/><G128/><T71/><D108/><U52/><E2/><V73/><F65/><W122/><G122/><T67/><D67/><U13/><E68/><V5/><F91/><W135/><G135/><T129/><D124/><U38/><E38/><V35/><F5/><W127/><G127/><T8/><D8/><N who="1" m="4103" /><E30/><V61/><F61/><W102/><G69/><T80/><D80/><U123/><E60/><V110/><F110/><W78/><REACH who="3" step="1"/><G21/><REACH who="3" ten="242,265,235,238" step="2"/><N who="0" m="15407" /><D131/><U77/><E123/><V95/><F11/><W31/><G31/><T44/><D129/><U32/><E32/><V40/><F29/><W119/><G119/><T111/><D111/><U76/><E76/><V93/><F35/><W20/><G20/><T90/><D71/><U120/><E120/><V74/><F74/><W9/><G9/><T45/><D36/><U103/><E103/><V118/><F118/><W113/><G113/><T116/><D116/><U107/><E107/><V89/><F73/><W34/><G34/><T99/><D104/><U23/><E23/><N who="2" m="13415" /><F95/><W57/><G57/><T47/><D43/><U51/><E82/><AGARI ba="1,2" hai="3,6,10,53,58,62,78,82,86,92,94,100,101,102" machi="82" ten="40,1300,0" yaku="1,1,53,0" doraHai="46" doraHaiUra="42" who="3" fromWho="1" sc="242,0,265,-16,235,0,238,36" />
</Scene>
<Scene>
<INIT seed="2,0,0,2,4,47" ten="242,249,235,274" oya="2" hai0="36,10,5,16,0,93,135,68,86,119,49,3,42" hai1="46,45,7,83,14,127,63,24,110,78,26,8,69" hai2="6,27,82,125,64,61,50,128,90,111,114,116,30" hai3="44,85,80,37,88,54,23,4,60,99,21,100,38"/><V25/><F114/><W35/><G35/><T52/><D68/><U32/><E127/><V102/><F116/><W105/><G4/><T11/><D119/><U71/><E110/><V84/><F125/><W126/><G126/><T20/><D135/><U1/><E71/><V62/><F128/><W81/><G81/><T33/><D33/><U22/><E32/><V58/><F111/><W79/><G79/><T34/><D34/><U2/><E26/><V104/><F6/><W103/><G103/><T122/><D11/><U43/><E46/><V113/><F113/><W66/><G38/><T51/><D3/><U106/><E106/><V132/><F132/><W112/><G112/><T95/><D122/><U77/><E69/><V9/><F9/><W131/><G131/><T115/><D36/><U40/><E40/><V15/><F15/><W65/><G65/><T87/><D42/><U48/><E63/><V75/><F75/><W123/><G123/><T129/><D129/><U96/><E96/><V67/><F30/><W118/><G118/><T53/><D87/><N who="1" m="48623" /><E78/><V57/><F102/><W74/><G74/><T70/><D70/><U92/><E92/><V124/><F104/><W28/><G28/><AGARI ba="0,0" hai="1,2,7,8,14,22,24,28,43,45,48" m="48623" machi="28" ten="30,2000,0" yaku="25,1,52,1" doraHai="47" who="1" fromWho="3" sc="242,0,249,20,235,0,274,-20" />
</Scene>
<Scene>
<INIT seed="3,0,0,4,0,39" ten="242,269,235,254" oya="3" hai0="129,133,14,124,23,107,85,113,11,109,20,95,125" hai1="106,82,6,27,103,45,37,80,101,119,68,81,21" hai2="61,35,100,53,34,2,4,73,28,132,86,116,49" hai3="72,76,123,47,0,8,79,102,30,7,43,64,22"/><W93/><G123/><T122/><D107/><U44/><E68/><V114/><F73/><W56/><G64/><T32/><D85/><U13/><E119/><V130/><F116/><W128/><G56/><T111/><D95/><U26/><E106/><V19/><F19/><W99/><G128/><T9/><D32/><U62/><E62/><V48/><F100/><W24/><REACH who="3" step="1"/><G72/><REACH who="3" ten="242,269,235,244" step="2"/><T96/><D122/><U50/><E103/><V3/><F130/><W17/><G17/><T29/><D129/><U117/><E101/><V10/><F28/><W104/><G104/><T126/><D29/><U83/><E117/><V66/><F66/><W16/><G16/><T60/><D125/><U51/><E6/><V18/><F18/><W90/><G90/><T110/><D124/><U52/><E37/><AGARI ba="0,1" hai="0,7,8,22,24,30,37,43,47,76,79,93,99,102" machi="37" ten="30,5800,0" yaku="1,1,7,1,52,1,53,0" doraHai="39" doraHaiUra="134" who="3" fromWho="1" sc="242,0,269,-58,235,0,244,68" />
</Scene>
<Scene>
<INIT seed="3,1,0,1,3,111" ten="242,211,235,312" oya="3" hai0="18,78,116,27,38,88,39,126,54,6,28,2,113" hai1="34,131,80,99,63,65,19,103,102,49,14,66,129" hai2="93,56,4,64,68,85,44,12,30,46,125,50,98" hai3="83,67,110,91,73,90,31,57,84,21,60,77,51"/><W121/><G121/><T74/><D116/><U87/><E34/><V43/><F125/><W112/><G110/><T23/><D126/><U120/><E120/><V24/><F68/><W26/><G112/><T107/><D107/><U16/><E49/><V114/><F85/><W40/><REACH who="3" step="1"/><G73/><REACH who="3" ten="242,211,235,302" step="2"/><T86/><D74/><U128/><E99/><V41/><F114/><W15/><G15/><T76/><D113/><U25/><E25/><V32/><F12/><W55/><G55/><T36/><D54/><U13/><E13/><V47/><F4/><W109/><G109/><T72/><D72/><U35/><E35/><V89/><F43/><W135/><G135/><T10/><REACH who="0" step="1"/><D18/><REACH who="0" ten="232,211,235,302" step="2"/><N who="1" m="6699" /><E66/><V132/><F132/><W9/><G9/><T5/><D5/><U79/><E14/><V82/><F64/><W48/><G48/><T127/><D127/><U104/><E104/><V58/><F50/><W69/><G69/><AGARI ba="1,2" hai="63,65,69,79,80,87,102,103,128,129,131" m="6699" machi="69" ten="30,2000,0" yaku="19,1,54,1" doraHai="111" who="1" fromWho="3" sc="232,0,211,43,235,0,302,-23" />
</Scene>
<Scene>
<INIT seed="4,0,0,5,5,91" ten="232,254,235,279" oya="0" hai0="67,111,93,115,126,12,127,62,6,42,47,74,82" hai1="70,31,26,40,15,64,3,102,55,21,71,61,133" hai2="73,14,36,52,108,16,33,4,48,39,134,90,38" hai3="9,110,99,28,101,24,53,0,96,20,98,41,121"/><T29/><D115/><U51/><E3/><V46/><F108/><W92/><G110/><T72/><D29/><U88/><E133/><V60/><F134/><W30/><G121/><T66/><D111/><U27/><E71/><V35/><F73/><W76/><G41/><T125/><D82/><U77/><E77/><V58/><F90/><W11/><G76/><T78/><D78/><U85/><E102/><V59/><F4/><W120/><G120/><T37/><D93/><U89/><E40/><V68/><F68/><W116/><G116/><T80/><D80/><U79/><E27/><V97/><F97/><N who="3" m="37483" /><G0/><T117/><D117/><U107/><E107/><V124/><F124/><W118/><G118/><T65/><REACH who="0" step="1"/><D62/><REACH who="0" ten="222,254,235,279" step="2"/><U43/><E79/><V75/><F75/><W128/><G30/><T44/><D44/><U49/><E31/><V123/><F123/><W113/><G113/><T86/><D86/><U50/><E85/><V135/><F135/><W100/><G100/><T19/><D19/><U81/><E81/><V119/><F119/><W56/><G128/><T25/><D25/><U130/><E130/><V13/><F46/><W103/><G101/><T8/><AGARI ba="0,1" hai="6,8,12,37,42,47,65,66,67,72,74,125,126,127" machi="8" ten="40,7800,0" yaku="1,1,0,1,18,1,53,0" doraHai="91" doraHaiUra="87" who="0" fromWho="0" sc="222,88,254,-26,235,-26,279,-26" />
</Scene>
<Scene>
<INIT seed="4,1,0,0,3,134" ten="310,228,209,253" oya="0" hai0="111,73,99,103,36,65,69,113,49,105,125,47,121" hai1="55,51,100,97,109,54,62,122,123,84,57,91,128" hai2="46,127,5,115,19,34,75,23,0,2,12,92,106" hai3="41,82,131,31,37,63,43,8,44,45,21,25,61"/><T88/><D121/><U89/><E128/><V74/><F106/><W83/><G131/><T96/><D73/><U80/><E109/><V4/><F92/><W116/><G116/><T81/><D36/><U104/><REACH who="1" step="1"/><E91/><REACH who="1" ten="310,218,209,253" step="2"/><V16/><F75/><W30/><G30/><T10/><D88/><U28/><E28/><V50/><F74/><W93/><G31/><T14/><D111/><U33/><E33/><V56/><F34/><W39/><G39/><T130/><D130/><U6/><E6/><V132/><F132/><W126/><G37/><T42/><D113/><U40/><E40/><V24/><F115/><W87/><G43/><T17/><D42/><U48/><E48/><V18/><F4/><W32/><G41/><T22/><D49/><U59/><AGARI ba="1,1" hai="51,54,55,57,59,62,80,84,89,97,100,104,122,123" machi="59" ten="20,5200,0" yaku="1,1,0,1,7,1,53,1" doraHai="134" doraHaiUra="76" who="1" fromWho="1" sc="310,-27,218,65,209,-14,253,-14" />
</Scene>
<Scene>
<INIT seed="5,0,0,3,1,58" ten="283,283,195,239" oya="1" hai0="76,75,97,27,116,17,132,81,127,71,82,49,103" hai1="66,12,55,37,48,114,1,79,118,99,8,121,91" hai2="36,73,35,13,42,69,123,44,29,117,63,126,87" hai3="100,39,10,111,18,109,26,62,67,7,113,83,128"/><U5/><E37/><V130/><F117/><W40/><G113/><T60/><D116/><U101/><E118/><V20/><F123/><W92/><G83/><T21/><D127/><U74/><E121/><V54/><F73/><W112/><G112/><T6/><D132/><U88/><E114/><V14/><F126/><W133/><G133/><T129/><D129/><U84/><E1/><V98/><F35/><W89/><G100/><T50/><D6/><U108/><E74/><V105/><F130/><W106/><G106/><T31/><D82/><U0/><E0/><V9/><F87/><W68/><G128/><T95/><D17/><U96/><E66/><V131/><F131/><W72/><G72/><T38/><D38/><U78/><E108/><V28/><F98/><N who="1" m="37417" /><E101/><V86/><F86/><W57/><G68/><T104/><D104/><U120/><E120/><V32/><F32/><W34/><G39/><T22/><D22/><U43/><E43/><V45/><F105/><W122/><G40/><T19/><D19/><U70/><E70/><V23/><F69/><W80/><G122/><T135/><D135/><U61/><E61/><V119/><F119/><W64/><G64/><T93/><D71/><U53/><E53/><V110/><F110/><W115/><G115/><T102/><D60/><U65/><E65/><V41/><F36/><W11/><G34/><T4/><D4/><U16/><E5/><V134/><F134/><W47/><G7/><T59/><D103/><U90/><E84/><V94/><F54/><W30/><G109/><T77/><D75/><U15/><E15/><RYUUKYOKU ba="0,0" sc="283,-10,283,30,195,-10,239,-10" hai1="8,12,16,48,55,78,79,88,90,91" />
</Scene>
<Scene>
<INIT seed="5,1,0,5,3,125" ten="273,313,185,229" oya="1" hai0="87,55,86,120,9,14,135,41,44,71,73,76,130" hai1="24,56,1,128,38,29,40,13,66,115,11,82,107" hai2="17,134,106,53,37,88,131,65,79,25,16,101,60" hai3="46,102,7,4,104,43,45,74,127,72,93,83,113"/><U5/><E107/><V35/><F37/><W8/><G104/><T89/><D71/><U103/><E103/><V68/><F79/><W118/><G127/><T19/><D135/><U20/><E38/><V33/><F134/><W96/><G113/><T110/><D110/><U28/><E40/><V95/><F53/><W3/><G118/><T122/><D55/><U69/><E69/><V90/><F90/><W2/><G83/><N who="0" m="45455" /><D89/><U54/><E66/><V58/><F58/><W26/><G26/><T129/><D86/><U98/><E98/><N who="2" m="61751" /><F35/><W123/><G123/><N who="0" m="47147" /><D87/><U85/><E115/><V114/><F114/><W78/><G78/><T51/><AGARI ba="1,0" hai="9,14,19,41,44,51,129,130" m="47147,45455" machi="51" ten="30,4000,0" yaku="13,1,52,2" doraHai="125" who="0" fromWho="0" sc="273,43,313,-21,185,-11,229,-11" />
</Scene>
<Scene>
<INIT seed="6,0,0,3,4,73" ten="316,292,174,218" oya="2" hai0="15,59,67,127,45,43,28,97,57,129,115,132,52" hai1="19,2,128,88,100,125,134,6,108,126,93,70,0" hai2="5,62,35,41,24,33,42,130,131,117,79,84,36" hai3="81,61,109,56,78,91,40,121,112,96,83,12,104"/><V13/><F117/><W76/><G109/><T54/><D115/><U37/><E37/><V89/><F62/><W25/><G121/><T49/><D127/><N who="1" m="48651" /><E108/><V122/><F122/><W90/><G40/><N who="2" m="15465" /><F36/><W105/><G25/><T9/><D129/><N who="2" m="49162" /><F24/><W58/><G61/><N who="0" m="38335" /><D132/><U8/><E70/><V69/><F69/><W21/><G12/><T7/><D28/><U48/><E134/><V111/><F111/><W18/><G112/><T53/><D97/><N who="1" m="59439" /><E128/><V102/><F102/><W116/><G96/><T103/><D103/><U38/><E38/><V23/><F89/><W60/><G60/><T77/><D57/><U22/><E48/><V50/><F50/><W119/><G21/><T133/><D133/><U27/><E88/><V11/><F23/><W34/><REACH who="3" step="1"/><G18/><REACH who="3" ten="316,292,174,208" step="2"/><T66/><D66/><U16/><E19/><V85/><F35/><AGARI ba="0,1" hai="34,35,56,58,76,78,81,83,90,91,104,105,116,119" machi="35" ten="25,12000,2" yaku="1,1,2,1,22,2,52,2,53,0" doraHai="73" doraHaiUra="65" who="3" fromWho="2" sc="316,0,292,0,174,-120,208,130" />
</Scene>
<Scene>
<INIT seed="7,0,0,1,4,5" ten="316,292,54,338" oya="3" hai0="28,54,87,123,4,80,85,75,30,37,110,88,113" hai1="35,115,61,108,52,69,50,97,76,98,126,135,130" hai2="15,17,74,95,0,119,29,38,18,72,45,32,40" hai3="62,57,101,103,39,129,53,27,132,42,12,9,102"/><W125/><G129/><T3/><D110/><U92/><E108/><V20/><F119/><W2/><G2/><T90/><D123/><U114/><E35/><V44/><F95/><W55/><G125/><T6/><D37/><U46/><E126/><V94/><F94/><W79/><G132/><T71/><D71/><U122/><E122/><V93/><F93/><W106/><G106/><T78/><D113/><U48/><E76/><V107/><F107/><W13/><G79/><T104/><D104/><U82/><E82/><V127/><F127/><W86/><G86/><T118/><D118/><U36/><E36/><V112/><F112/><N who="1" m="43049" /><E130/><V26/><F18/><N who="3" m="8463" /><G39/><T24/><D75/><U134/><E97/><V34/><F45/><W64/><G42/><T84/><D3/><U58/><E69/><V1/><F32/><W7/><G27/><T11/><D24/><U109/><E109/><V56/><F56/><W33/><G33/><T23/><D78/><U65/><E92/><V25/><F25/><W16/><G7/><T133/><D133/><N who="1" m="50699" /><E98/><V81/><F81/><W68/><G68/><T21/><D84/><U70/><E46/><V66/><F0/><W121/><G121/><T67/><D80/><U19/><E19/><V131/><F131/><W91/><G91/><T10/><D67/><U96/><E96/><V8/><REACH who="2" step="1"/><F66/><REACH who="2" ten="316,292,44,338" step="2"/><W100/><G100/><T77/><D77/><U128/><E128/><V120/><F120/><W31/><G31/><T63/><D54/><U60/><AGARI ba="0,1" hai="48,50,52,58,60,61,65,70" m="50699,43049" machi="60" ten="40,8000,1" yaku="15,1,20,1,34,2,54,1" doraHai="5" who="1" fromWho="1" sc="316,-20,292,90,44,-20,338,-40" owari="296,-10.0,382,48.0,24,-48.0,298,10.0" />
</Scene>
</mjloggm>