<mjloggm ver="2.3"><GO type="169"/><UN n0="%50%72%6F%66%2E%47%33" n1="%E4%B8%B8%E5%8A%A9" n2="%E3%83%AF%E3%82%A4%E3%83%AB%E3%83%89" n3="%E5%A4%AA%E3%81%8F%E3%81%AA%E3%81%84%E3%81%8A" dan="16,16,16,16" rate="2025,2140,2101,2101" sx="M,M,M,M"/><TAIKYOKU oya="0"/>

<Scene>
<INIT seed="0,0,0,3,5,96" ten="250,250,250,250" oya="0" hai0="17,16,21,80,43,81,23,130,63,124,32,27,119" hai1="64,111,76,97,65,10,29,30,69,49,39,93,59" hai2="60,11,13,98,25,82,52,104,116,58,117,77,73" hai3="109,38,127,18,51,14,91,53,89,8,103,115,129"/><T33/><D119/><N who="2" m="45642" /><F25/><W113/><G38/><T134/><D134/><U6/><E39/><V37/><F37/><W26/><G109/><T50/><D130/><U9/><E69/><V7/><F7/><W54/><G129/><T61/><D124/><U44/><E111/><V56/><F56/><W123/><G127/><T106/><D106/><U118/><E76/><V72/><F72/><W48/><G123/><T55/><D43/><N who="1" m="24735" /><E118/><V114/><F114/><W34/><G34/><T4/><D4/><U67/><E59/><V19/><F98/><W135/><G135/><T5/><D5/><U41/><E41/><V125/><F125/><W132/><G132/><T78/><D78/><U131/><E131/><V112/><F112/><W128/><G128/><T133/><D133/><U68/><E68/><V22/><F104/><W120/><G120/><T70/><D70/><U42/><E42/><V87/><F11/><N who="1" m="4105" /><E6/><V90/><F73/><W84/><G113/><T45/><D32/><U92/><E92/><V71/><F71/><W47/><G115/><T86/><D33/><U126/><E126/><V94/><F77/><W105/><G105/><T95/><D95/><AGARI ba="0,0" hai="13,19,22,52,58,60,82,87,90,94,95" m="45642" machi="95" ten="30,2000,0" yaku="12,1,54,1" doraHai="96" who="2" fromWho="0" sc="250,-20,250,0,250,20,250,0" />
</Scene>
<Scene>
<INIT seed="1,0,0,1,0,81" ten="230,250,270,250" oya="1" hai0="80,98,95,112,75,21,11,40,38,83,26,113,0" hai1="55,31,23,48,101,117,15,116,51,16,8,76,18" hai2="42,54,122,13,36,130,129,125,109,77,49,108,28" hai3="7,100,79,106,103,84,111,17,104,88,63,60,69"/><U70/><E70/><V45/><F77/><W52/><G111/><N who="2" m="42569" /><F13/><W91/><G69/><T1/><D38/><U33/><E33/><V107/><F28/><W34/><G34/><T123/><D40/><U2/><E31/><V78/><F107/><W127/><G127/><T72/><D11/><U56/><E101/><N who="3" m="38986" /><G106/><T74/><D21/><U121/><E121/><V9/><F78/><W82/><G104/><T87/><D26/><U65/><E76/><V29/><F29/><W71/><G71/><T62/><D62/><N who="3" m="23593" /><G7/><T131/><D131/><N who="2" m="50186" /><F9/><W120/><G120/><T93/><D87/><U5/><E2/><N who="0" m="1129" /><D98/><U73/><E73/><V19/><F19/><W39/><G39/><T14/><D14/><U99/><E18/><V37/><F122/><W43/><G43/><T132/><D123/><U115/><E16/><V30/><F30/><W6/><G6/><T3/><D3/><U114/><E5/><V68/><F68/><W10/><G10/><T35/><D35/><U50/><E15/><V41/><F125/><W57/><G17/><T67/><D112/><U96/><E8/><V25/><F25/><W64/><G64/><T89/><D67/><U86/><E65/><V22/><F22/><W61/><AGARI ba="0,0" hai="52,57,61,79,82,84,88,91" m="23593,38986" machi="61" ten="30,7900,0" yaku="8,1,52,1,54,2" doraHai="81" who="3" fromWho="3" sc="230,-20,250,-39,270,-20,250,79" />
</Scene>
<Scene>
<INIT seed="2,0,0,5,2,31" ten="210,211,250,329" oya="2" hai0="15,82,132,117,42,103,41,78,56,17,25,40,123" hai1="16,116,32,65,37,43,112,47,33,8,20,124,74" hai2="71,83,54,130,125,5,60,27,2,133,114,10,92" hai3="91,99,120,18,135,69,1,98,118,12,134,50,68"/><V93/><F114/><W89/><G120/><T48/><D123/><U13/><E112/><V38/><F38/><W6/><G118/><T7/><D117/><U101/><E116/><V106/><F106/><W79/><G79/><T100/><D132/><N who="3" m="50729" /><G50/><T0/><D25/><U58/><E74/><V72/><F133/><W39/><G39/><T35/><D35/><U113/><E113/><V108/><F130/><W128/><G128/><T119/><D119/><U104/><E124/><V21/><F125/><W53/><G53/><N who="0" m="31783" /><D7/><U86/><E86/><V70/><F108/><W107/><G6/><T23/><D0/><U11/><E11/><V76/><F71/><N who="3" m="27211" /><G1/><T45/><D45/><U95/><E104/><V97/><F97/><N who="3" m="36875" /><G107/><T102/><D78/><U64/><E95/><V59/><REACH who="2" step="1"/><F70/><REACH who="2" ten="210,211,240,329" step="2"/><W52/><G52/><T127/><D127/><U73/><E37/><V115/><F115/><W26/><G26/><T96/><D96/><U22/><E73/><V61/><F61/><W109/><G109/><T24/><D24/><U3/><E65/><V49/><F49/><W122/><G122/><T36/><D36/><U80/><E64/><V4/><F4/><W14/><G18/><AGARI ba="0,1" hai="2,5,10,18,21,27,54,59,60,72,76,83,92,93" machi="18" ten="30,2900,0" yaku="1,1,7,1,53,0" doraHai="31" doraHaiUra="28" who="2" fromWho="3" sc="210,0,211,0,240,39,329,-29" />
</Scene>
<Scene>
<INIT seed="2,1,0,3,3,6" ten="210,211,279,300" oya="2" hai0="71,59,26,70,78,101,43,107,132,112,19,110,10" hai1="45,128,106,104,123,90,121,66,47,62,40,91,31" hai2="135,76,16,55,114,12,124,116,65,37,134,21,111" hai3="94,82,93,25,38,8,74,115,20,72,42,4,1"/><V52/><F37/><W130/><G130/><T54/><D110/><U125/><E125/><V30/><F116/><W120/><G120/><N who="1" m="46154" /><E128/><V105/><F105/><N who="1" m="40553" /><E31/><V81/><F114/><W127/><G127/><T122/><D112/><U87/><E87/><V56/><F124/><W28/><G115/><T11/><D122/><U46/><E40/><V0/><F0/><W118/><G118/><T41/><D107/><U92/><E92/><V88/><F111/><W86/><G74/><T95/><D132/><N who="2" m="50730" /><F30/><W39/><G39/><T36/><D78/><U119/><E119/><V60/><F88/><N who="1" m="33833" /><E62/><V126/><F126/><W49/><G38/><T50/><D36/><U109/><E66/><V67/><F67/><W53/><G42/><N who="0" m="15883" /><D70/><U133/><E133/><V89/><F89/><W131/><G131/><T61/><D71/><U69/><E69/><V44/><F44/><W14/><G1/><T108/><D108/><AGARI ba="1,0" hai="45,46,47,108,109" m="33833,40553,46154" machi="108" ten="40,8000,1" yaku="28,2,13,1,54,1" doraHai="6" who="1" fromWho="0" sc="210,-83,211,83,279,0,300,0" />
</Scene>
<Scene>
<INIT seed="3,0,0,4,5,53" ten="127,294,279,300" oya="3" hai0="28,80,36,3,45,11,2,41,74,54,4,35,43" hai1="120,44,55,57,17,24,0,109,94,95,119,10,40" hai2="84,71,62,68,47,5,126,8,38,50,78,21,37" hai3="23,134,34,100,20,15,99,121,18,52,83,108,114"/><W105/><G121/><T22/><D22/><U111/><E120/><V128/><F126/><W48/><G114/><T79/><D41/><U97/><E119/><V63/><F128/><W9/><G34/><T132/><D132/><U46/><E95/><V115/><F115/><W86/><G108/><N who="1" m="41546" /><E40/><V130/><F130/><W33/><G33/><T123/><D54/><U75/><E75/><V56/><F63/><W124/><G124/><T76/><D76/><U135/><E135/><V25/><F38/><W58/><REACH who="3" step="1"/><G134/><REACH who="3" ten="127,294,279,290" step="2"/><T67/><D123/><U87/><E0/><V49/><F37/><W118/><G118/><T61/><D2/><U64/><E44/><V129/><F129/><W51/><G51/><T98/><D98/><U69/><E46/><V89/><F50/><W77/><AGARI ba="0,1" hai="9,15,18,20,23,48,52,58,77,83,86,99,100,105" machi="77" ten="20,12000,1" yaku="1,1,0,1,7,1,52,1,54,1,53,0" doraHai="53" doraHaiUra="112" who="3" fromWho="3" sc="127,-40,294,-40,279,-40,290,130" />
</Scene>
<Scene>
<INIT seed="3,1,0,0,5,125" ten="87,254,239,420" oya="3" hai0="26,2,27,62,121,57,87,64,40,29,7,111,0" hai1="10,94,39,24,41,83,80,1,123,30,104,17,82" hai2="15,92,128,66,134,101,100,122,131,21,91,103,70" hai3="69,98,109,93,74,72,116,48,78,37,135,97,90"/><W106/><G37/><T76/><D111/><U43/><E104/><V14/><F122/><W119/><G69/><T11/><D121/><U96/><E123/><V33/><F33/><W58/><G58/><T86/><D76/><U28/><E39/><V34/><F34/><W129/><G48/><T113/><D113/><U55/><E55/><V61/><F134/><W36/><G36/><T88/><D40/><N who="1" m="15435" /><E1/><V107/><F107/><W32/><G32/><T73/><D73/><N who="3" m="28265" /><G135/><T117/><D117/><N who="3" m="45129" /><G78/><T95/><D0/><U6/><E6/><V4/><F4/><W105/><G109/><T8/><D8/><U23/><E10/><V60/><F60/><W51/><G51/><T79/><REACH who="0" step="1"/><D29/><REACH who="0" ten="77,254,239,420" step="2"/><U19/><E30/><V68/><F68/><W132/><G132/><T115/><D115/><U59/><E59/><V45/><F45/><W31/><G31/><T127/><D127/><U12/><E12/><V63/><F63/><W85/><G106/><T112/><D112/><U110/><E110/><V52/><F14/><W81/><G105/><T67/><D67/><U35/><E35/><V71/><F71/><W102/><G97/><T18/><D18/><U38/><E38/><V46/><F46/><W133/><G133/><T42/><D42/><U89/><AGARI ba="1,1" hai="17,19,23,24,28,80,82,83,89,94,96" m="15435" machi="89" ten="30,1100,0" yaku="8,1" doraHai="125" who="1" fromWho="1" sc="77,-4,254,24,239,-4,420,-6" />
</Scene>
<Scene>
<INIT seed="4,0,0,5,5,28" ten="73,278,235,414" oya="0" hai0="44,54,34,118,43,99,62,84,134,135,106,124,132" hai1="131,9,10,71,79,48,110,107,76,101,103,39,69" hai2="14,93,56,45,16,116,21,3,19,12,68,24,52" hai3="17,92,26,122,49,75,37,38,128,47,74,18,89"/><T46/><D118/><U109/><E48/><V86/><F68/><W27/><G128/><T95/><D84/><U59/><E59/><V126/><F3/><W8/><G122/><T104/><D124/><U31/><E31/><V90/><F126/><W129/><G129/><T123/><D123/><U83/><E83/><V53/><F116/><W33/><G8/><T55/><D62/><U65/><E131/><V133/><F133/><N who="0" m="34050" /><T15/><DORA hai="102" /><D15/><U80/><E80/><V66/><F45/><N who="0" m="17514" /><D43/><U41/><E65/><V130/><F130/><W51/><G47/><T111/><D111/><U127/><E127/><V96/><F86/><W11/><G11/><T112/><D112/><U119/><E41/><V72/><F72/><W2/><G2/><T36/><D36/><U73/><E73/><V81/><F81/><W114/><G114/><T22/><D22/><U63/><E63/><N who="2" m="38247" /><F24/><W88/><G92/><T120/><D120/><U0/><E0/><V25/><F25/><W23/><G23/><AGARI ba="0,0" hai="12,14,16,19,21,23,52,53,90,93,96" m="38247" machi="23" ten="30,3900,0" yaku="8,1,54,2" doraHai="28,102" who="2" fromWho="3" sc="73,0,278,0,235,39,414,-39" />
</Scene>
<Scene>
<INIT seed="5,0,0,2,2,19" ten="73,278,274,375" oya="1" hai0="109,95,122,2,88,39,73,105,127,89,57,35,81" hai1="28,121,42,24,104,132,76,112,21,6,26,51,55" hai2="125,5,46,131,16,3,102,98,23,64,96,58,0" hai3="129,118,8,60,119,61,22,128,123,38,25,133,47"/><U48/><E121/><V114/><F131/><N who="3" m="50251" /><G123/><T13/><D57/><U110/><E104/><V49/><F125/><W99/><G133/><T124/><D13/><U11/><E132/><V43/><F114/><W85/><G8/><T75/><D35/><U106/><E106/><V66/><F96/><W40/><G99/><N who="0" m="57831" /><D2/><U59/><E112/><V130/><F130/><W101/><G101/><T27/><D27/><U32/><E110/><V45/><F45/><W80/><G60/><T1/><D39/><U117/><E117/><V69/><F69/><W33/><G61/><T7/><D7/><U113/><E76/><V18/><F18/><N who="3" m="12503" /><G33/><T100/><D1/><U97/><E97/><V86/><F86/><W34/><G34/><T83/><D109/><U37/><E37/><V93/><F5/><W52/><G52/><T44/><D44/><U15/><E113/><V41/><F41/><W62/><G62/><T31/><D31/><U82/><E42/><V103/><F103/><W78/><AGARI ba="0,0" hai="38,40,47,78,80,85,118,119" m="12503,50251" machi="78" ten="30,2000,0" yaku="19,1,52,1" doraHai="19" who="3" fromWho="3" sc="73,-5,278,-10,274,-5,375,20" />
</Scene>
<Scene>
<INIT seed="6,0,0,5,3,94" ten="68,268,269,395" oya="2" hai0="87,58,116,115,45,109,33,99,97,37,20,35,48" hai1="11,123,6,0,77,103,36,125,55,26,96,9,80" hai2="129,61,15,67,124,22,63,118,100,70,81,56,31" hai3="69,64,24,49,128,107,132,110,18,10,27,135,74"/><V62/><F118/><W66/><G110/><T32/><D109/><U127/><E36/><V12/><F129/><W72/><G107/><T41/><D116/><U53/><E11/><V111/><F111/><W5/><G128/><T71/><D115/><U93/><E123/><V8/><F124/><N who="1" m="47689" /><E26/><N who="3" m="9770" /><G18/><T91/><D20/><U57/><E57/><V122/><F122/><W43/><G43/><T7/><D71/><U16/><E16/><V106/><F31/><W30/><G49/><T46/><D58/><U75/><AGARI ba="0,0" hai="0,6,9,53,55,75,77,80,93,96,103" m="47689" machi="75" ten="30,2000,0" yaku="18,1,52,1" doraHai="94" who="1" fromWho="1" sc="68,-5,268,20,269,-10,395,-5" />
</Scene>
<Scene>
<INIT seed="7,0,0,4,5,117" ten="63,288,259,390" oya="3" hai0="27,8,26,102,7,55,109,4,103,75,29,107,71" hai1="32,46,115,2,66,93,42,83,50,68,135,48,72" hai2="99,34,106,37,70,119,57,5,79,40,25,33,73" hai3="133,88,52,123,62,86,59,124,104,60,84,69,31"/><W39/><G123/><T64/><D55/><U134/><E115/><V53/><F119/><W38/><G104/><T10/><D107/><U132/><E2/><V9/><F70/><W128/><G31/><T90/><D71/><U21/><E32/><V49/><F25/><W77/><G133/><T23/><D109/><U13/><E93/><V101/><F79/><W12/><G128/><T30/><D75/><U121/><E121/><V100/><F73/><W28/><G124/><T20/><D64/><U125/><E125/><V108/><F108/><W54/><G28/><T36/><D36/><U22/><E50/><V41/><F101/><W17/><G77/><T15/><REACH who="0" step="1"/><D90/><REACH who="0" ten="53,288,259,390" step="2"/><U129/><E129/><V43/><REACH who="2" step="1"/><F37/><REACH who="2" ten="53,288,249,390" step="2"/><W6/><G69/><T114/><D114/><U1/><E68/><V122/><F122/><W67/><G38/><T91/><D91/><U61/><E132/><V35/><F35/><W78/><G88/><T45/><D45/><U110/><E110/><V130/><F130/><W89/><G89/><T120/><D120/><U76/><E134/><V56/><F56/><W16/><G59/><T97/><D97/><U116/><E135/><V131/><F131/><W126/><G39/><T95/><D95/><U92/><E92/><V111/><F111/><W96/><G96/><T118/><D118/><U112/><E116/><V51/><F51/><W0/><G126/><T3/><D3/><AGARI ba="0,2" hai="3,5,9,33,34,40,41,43,49,53,57,99,100,106" machi="3" ten="40,1300,0" yaku="1,1,53,0" doraHai="117" doraHaiUra="85" who="2" fromWho="0" sc="53,-13,288,0,249,33,390,0" owari="40,-46.0,288,9.0,282,-12.0,390,49.0" />
</Scene>
</mjloggm>