<mjloggm ver="2.3"><GO type="41"/><UN n0="%E8%A5%BF%E5%9C%92%E5%AF%BA%E9%9D%96%E5%AD%90" n1="%E3%81%AD%E3%81%B5%E3%81%87%E3%82%8B%E3%81%B4%E3%81%A8%E3%83%BC" n2="%E5%A4%AA%E3%81%8F%E3%81%AA%E3%81%84%E3%81%8A" n3="%E9%9B%84%E5%A4%AA" dan="15,16,15,14" rate="2001,1995,2060,1908" sx="F,M,M,M"/><TAIKYOKU oya="0"/>

<Scene>
<INIT seed="0,0,0,5,4,96" ten="250,250,250,250" oya="0" hai0="16,73,28,14,94,107,131,76,115,40,48,129,20" hai1="4,31,89,54,10,102,35,79,75,1,71,33,100" hai2="117,93,64,133,13,109,112,12,46,24,110,42,80" hai3="6,124,87,127,99,86,22,47,57,103,61,83,32"/><T58/><D107/><U118/><E118/><V134/><F112/><W29/><G32/><T21/><D115/><U45/><E71/><V2/><F2/><W78/><G6/><T123/><D123/><U67/><E67/><V97/><F64/><W36/><G87/><T3/><D3/><U39/><E89/><V130/><F80/><W49/><G36/><T63/><D73/><U105/><E105/><V90/><F24/><W104/><G29/><T56/><D76/><U51/><E39/><N who="2" m="21855" /><F117/><W7/><G7/><T92/><D28/><U70/><E70/><V15/><F130/><N who="0" m="49674" /><D21/><U52/><E54/><V106/><F106/><W44/><G22/><T101/><D101/><U82/><REACH who="1" step="1"/><E31/><REACH who="1" ten="250,240,250,250" step="2"/><V95/><F95/><W68/><G68/><T98/><D92/><U77/><E77/><V19/><F19/><W125/><REACH who="3" step="1"/><G49/><REACH who="3" ten="250,240,250,240" step="2"/><T81/><D48/><U128/><E128/><V69/><F69/><W41/><G41/><T111/><D40/><U126/><E126/><V53/><F110/><W27/><G27/><T43/><D43/><U8/><E8/><V88/><F109/><W108/><G108/><T5/><D111/><U62/><E62/><V132/><F53/><AGARI ba="0,2" hai="44,47,53,57,61,78,83,86,99,103,104,124,125,127" machi="53" ten="40,8000,1" yaku="1,1,18,1,52,1,53,1" doraHai="96" doraHaiUra="74" who="3" fromWho="2" sc="250,0,240,0,250,-80,240,100" />
</Scene>
<Scene>
<INIT seed="1,0,0,0,1,50" ten="250,240,170,340" oya="1" hai0="20,2,66,60,43,62,114,110,112,61,134,115,63" hai1="127,27,71,97,36,15,73,67,126,86,77,18,16" hai2="69,80,84,81,98,64,49,93,117,13,45,109,44" hai3="76,132,40,107,128,90,129,68,23,12,111,119,130"/><U65/><E36/><V123/><F123/><W32/><G32/><T30/><D2/><U31/><E73/><V89/><F117/><W48/><G68/><T38/><D30/><U72/><E72/><V88/><F109/><W122/><G122/><T46/><D20/><N who="1" m="15847" /><E71/><V8/><F69/><W131/><G128/><T102/><D102/><U10/><E97/><V59/><F81/><W52/><G119/><T70/><REACH who="0" step="1"/><D134/><REACH who="0" ten="240,240,170,340" step="2"/><U19/><E127/><V29/><F29/><W55/><G132/><T91/><D91/><U21/><E126/><V92/><F80/><W4/><G111/><AGARI ba="0,1" hai="38,43,46,60,61,62,63,66,70,110,111,112,114,115" machi="111" ten="50,8000,1" yaku="1,1,34,3,53,0" doraHai="50" doraHaiUra="125" who="0" fromWho="3" sc="240,90,240,0,170,0,340,-80" />
</Scene>
<Scene>
<INIT seed="2,0,0,3,1,107" ten="330,240,170,260" oya="2" hai0="125,82,4,108,67,12,64,87,5,72,75,62,40" hai1="86,8,16,105,14,97,119,109,110,44,15,73,133" hai2="134,114,117,25,111,35,85,57,42,91,30,53,6" hai3="13,68,24,3,130,52,132,78,81,95,23,122,126"/><V79/><F117/><W55/><G122/><T65/><D108/><N who="1" m="41579" /><E119/><V96/><F111/><W83/><G3/><T7/><D125/><U77/><E133/><V38/><F114/><W129/><G132/><T36/><D36/><U37/><E86/><V116/><F116/><W39/><G126/><T101/><D40/><N who="1" m="22543" /><E15/><V63/><F134/><W90/><G39/><T102/><D62/><U92/><E105/><V99/><F79/><W70/><G13/><T128/><D128/><U89/><E77/><V66/><F6/><W32/><G32/><T113/><D113/><U123/><E123/><V47/><REACH who="2" step="1"/><F66/><REACH who="2" ten="330,240,160,260" step="2"/><W80/><G78/><T1/><D67/><U93/><E92/><AGARI ba="0,1" hai="25,30,35,38,42,47,53,57,63,85,91,92,96,99" machi="92" ten="30,11600,0" yaku="1,1,2,1,7,1,53,1" doraHai="107" doraHaiUra="49" who="2" fromWho="1" sc="330,0,240,-116,160,126,260,0" />
</Scene>
<Scene>
<INIT seed="2,1,0,1,1,127" ten="330,124,286,260" oya="2" hai0="87,83,21,27,89,130,23,122,0,91,112,107,43" hai1="41,37,129,97,29,58,103,4,94,31,46,73,78" hai2="40,47,18,72,2,82,67,62,90,66,48,55,64" hai3="84,34,14,70,113,75,45,109,111,10,30,20,35"/><V76/><F2/><W56/><G70/><T102/><D122/><U59/><E4/><V53/><F90/><W11/><G75/><T42/><D112/><U120/><E120/><V118/><F118/><W3/><G45/><T61/><D0/><U25/><E31/><V63/><REACH who="2" step="1"/><F18/><REACH who="2" ten="330,124,276,260" step="2"/><W6/><G84/><T17/><D91/><U68/><E59/><V69/><F69/><W128/><G56/><T77/><D89/><U95/><E58/><V106/><F106/><W133/><G113/><T80/><D87/><U26/><E68/><V126/><F126/><W101/><G101/><T121/><D107/><U24/><E29/><V99/><F99/><W65/><G133/><T12/><D102/><U81/><REACH who="1" step="1"/><E95/><REACH who="1" ten="330,114,276,260" step="2"/><V125/><F125/><W92/><G92/><T124/><D124/><U108/><E108/><V33/><F33/><W9/><G65/><T123/><D123/><U15/><E15/><V85/><F85/><W50/><G34/><T119/><D121/><U1/><E1/><V38/><F38/><W8/><G50/><T28/><D12/><U74/><E74/><V96/><F96/><W7/><G111/><T36/><D36/><U22/><E22/><V19/><F19/><N who="3" m="10359" /><G109/><T104/><D104/><U86/><E86/><V5/><F5/><N who="3" m="1087" /><G128/><AGARI ba="1,2" hai="24,25,26,37,41,46,73,78,81,94,97,103,128,129" machi="128" ten="40,5200,0" yaku="1,1,52,2,53,0" doraHai="127" doraHaiUra="116" who="1" fromWho="3" sc="330,0,114,75,276,0,260,-55" />
</Scene>
<Scene>
<INIT seed="3,0,0,2,0,131" ten="330,189,276,205" oya="3" hai0="135,92,29,87,65,9,64,11,41,119,23,110,83" hai1="96,122,98,66,54,32,16,30,2,88,44,134,60" hai2="21,77,85,67,104,58,43,121,125,72,108,8,61" hai3="4,84,37,51,132,123,34,55,130,101,90,59,53"/><W15/><G123/><T111/><D119/><U68/><E122/><V6/><F121/><W107/><G130/><T13/><D41/><U118/><E118/><V114/><F114/><W105/><G37/><T91/><D135/><U22/><E2/><V7/><F104/><W18/><G34/><T27/><D9/><U76/><E134/><V14/><F108/><N who="0" m="41514" /><D83/><U28/><E76/><V78/><F72/><W35/><G35/><T17/><AGARI ba="0,0" hai="11,13,17,23,27,29,64,65,87,91,92" m="41514" machi="17" ten="30,1100,0" yaku="14,1" doraHai="131" who="0" fromWho="0" sc="330,11,189,-3,276,-3,205,-5" />
</Scene>
<Scene>
<INIT seed="4,0,0,5,4,86" ten="341,186,273,200" oya="0" hai0="113,72,132,119,40,117,73,110,14,16,33,128,78" hai1="8,115,36,9,109,0,34,96,23,102,111,127,118" hai2="41,107,65,38,101,121,88,87,3,27,103,92,44" hai3="46,7,75,35,56,58,11,31,43,60,112,71,105"/><T21/><D33/><U64/><E36/><V91/><F121/><W106/><G75/><T97/><D113/><U79/><E118/><V134/><F3/><W37/><G112/><T24/><D128/><U26/><E115/><V5/><F5/><W15/><G71/><T51/><D132/><U74/><E34/><V93/><F134/><W2/><G58/><T99/><D110/><U12/><E0/><V50/><F107/><W135/><G135/><T104/><D73/><U123/><E123/><V98/><F65/><W108/><G108/><T28/><D78/><U48/><E9/><V67/><F67/><W77/><G77/><T55/><D40/><U54/><E64/><V84/><F38/><W89/><G2/><T39/><D72/><U124/><E79/><V130/><F130/><W49/><G37/><T133/><D133/><U83/><E83/><N who="2" m="49183" /><F27/><W61/><G61/><T42/><D39/><U85/><E85/><V68/><F68/><W80/><G35/><T114/><D114/><U47/><E74/><V63/><F63/><W32/><G32/><T57/><D104/><N who="1" m="63559" /><E109/><V122/><F122/><W20/><G60/><T1/><D1/><U95/><E95/><V125/><F125/><N who="1" m="48201" /><E111/><V116/><F116/><W30/><G106/><T70/><D117/><U45/><E26/><V66/><F66/><W76/><G105/><T120/><D119/><U6/><E23/><V29/><F103/><W82/><G20/><T52/><D21/><U100/><E100/><V4/><F4/><W17/><G7/><T25/><D120/><U18/><E6/><V10/><F10/><RYUUKYOKU ba="0,0" sc="341,-15,186,15,273,15,200,-15" hai1="8,12,18,45,47,48,54" hai2="29,41,44,50,87,91,92,93,98,101" />
</Scene>
<Scene>
<INIT seed="5,1,0,2,2,5" ten="326,201,288,185" oya="1" hai0="9,76,58,99,120,78,46,87,39,40,28,104,62" hai1="68,15,82,131,88,22,100,112,19,93,65,72,133" hai2="75,126,32,3,24,2,86,26,117,52,20,114,79" hai3="85,33,132,60,6,66,96,44,73,27,61,25,107"/><U81/><E112/><V1/><F117/><W102/><G73/><T127/><D127/><U105/><E131/><V98/><F75/><W103/><G132/><T125/><D125/><U84/><E133/><V124/><F98/><W34/><G102/><T90/><D120/><U80/><E65/><V119/><F79/><W42/><G60/><T36/><D36/><U118/><E68/><V47/><F86/><W129/><G129/><T51/><D39/><U115/><E115/><V106/><F106/><W135/><G135/><T35/><D35/><U4/><E4/><V110/><F114/><W18/><G6/><T49/><D49/><U38/><E38/><V83/><F83/><W16/><G85/><T59/><D28/><U0/><E0/><V89/><F89/><W43/><G43/><T30/><D30/><U108/><E118/><V116/><F116/><W23/><G27/><T71/><D71/><U95/><E108/><V41/><F110/><W77/><G77/><T121/><D121/><U56/><E56/><V10/><F119/><W53/><G53/><T134/><D134/><U55/><E55/><V128/><F52/><W7/><G7/><T50/><D59/><U113/><E95/><V57/><F57/><W64/><G18/><T130/><D130/><U21/><E113/><V109/><F128/><W94/><G107/><T101/><D104/><U29/><E72/><V70/><F126/><W123/><G123/><T92/><D58/><U12/><E29/><N who="2" m="19511" /><F124/><W69/><REACH who="3" step="1"/><G64/><REACH who="3" ten="326,201,288,175" step="2"/><T122/><D122/><U111/><E111/><V37/><F109/><W97/><G97/><RYUUKYOKU ba="1,1" sc="326,-10,201,-10,288,-10,175,30" hai3="16,23,25,33,34,42,44,61,66,69,94,96,103" />
</Scene>
<Scene>
<INIT seed="6,2,1,4,3,104" ten="316,191,278,205" oya="2" hai0="27,74,119,108,126,90,106,18,130,115,73,49,131" hai1="7,125,42,33,50,51,82,16,30,67,110,117,111" hai2="70,63,93,23,25,22,34,31,92,132,54,122,102" hai3="133,24,128,89,17,60,1,0,103,77,81,65,86"/><V47/><F122/><W91/><G133/><T107/><D108/><U59/><E117/><V94/><F132/><W120/><G120/><T68/><D68/><U72/><E7/><V20/><F70/><W14/><G128/><N who="0" m="49195" /><D119/><U118/><E118/><V83/><F83/><W37/><G37/><T87/><D115/><U35/><E125/><V75/><F75/><N who="0" m="28682" /><D126/><U8/><E110/><V39/><F39/><W29/><G103/><T123/><D123/><U71/><E71/><V62/><F102/><W28/><G0/><T121/><D121/><U45/><E111/><V134/><F134/><W79/><G1/><T43/><D43/><U53/><E67/><V135/><F135/><W5/><G5/><T57/><D49/><U129/><E129/><V97/><F97/><W127/><G127/><T44/><D44/><U55/><E42/><V12/><F12/><W78/><G91/><T6/><D6/><U69/><E69/><V98/><F98/><W113/><G113/><T88/><D57/><U36/><E36/><V52/><F47/><W80/><G80/><N who="0" m="49255" /><D90/><U19/><E82/><V13/><F13/><W46/><G46/><T40/><D40/><U41/><E72/><V96/><F96/><W112/><G112/><T32/><D18/><N who="1" m="6699" /><E41/><V76/><F76/><W61/><G65/><T100/><D100/><U99/><E99/><V58/><F58/><W10/><G24/><T101/><D101/><U114/><E114/><V48/><F48/><W9/><G9/><T109/><D109/><U66/><E66/><V105/><F25/><W11/><G11/><T56/><D56/><RYUUKYOKU ba="2,1" sc="316,15,191,-15,278,-15,205,15" hai0="27,32,106,107" hai3="10,14,17,28,29,60,61,77,78,79,81,86,89" />
</Scene>
<Scene>
<INIT seed="7,3,1,0,5,84" ten="331,176,263,220" oya="3" hai0="28,113,133,45,131,107,24,109,76,77,43,55,17" hai1="70,29,39,49,66,41,0,125,36,25,134,33,94" hai2="48,85,60,10,42,68,119,38,122,53,106,95,124" hai3="11,5,47,123,80,63,73,100,52,44,18,78,31"/><W114/><G123/><T61/><D109/><U118/><E125/><V120/><F106/><W96/><G114/><T82/><D107/><U71/><E134/><V13/><F119/><W8/><G31/><T6/><D6/><U4/><E118/><V34/><F34/><W16/><G47/><T86/><D133/><U62/><E70/><V121/><F124/><W127/><G127/><T130/><D113/><U110/><E110/><V64/><F38/><W54/><G54/><T87/><D17/><U128/><E128/><N who="0" m="49193" /><D55/><U93/><E49/><V2/><F2/><W21/><G21/><N who="0" m="15375" /><D61/><U88/><E93/><V91/><F42/><W30/><G30/><T15/><D15/><U20/><E41/><V9/><F13/><W117/><G117/><T132/><D132/><U108/><E108/><V19/><F19/><W83/><G83/><T37/><D87/><U111/><E20/><V116/><F116/><W90/><G100/><T23/><D23/><U115/><E111/><V112/><F112/><W75/><G75/><T65/><D65/><U57/><E115/><V92/><F92/><W135/><G135/><T67/><D67/><U32/><E32/><V35/><F35/><W104/><G104/><T56/><D56/><AGARI ba="3,1" hai="9,10,48,53,56,60,64,68,85,91,95,120,121,122" machi="56" ten="40,2600,0" yaku="13,1,52,1" doraHai="84" who="2" fromWho="0" sc="331,-35,176,0,263,45,220,0" owari="296,10.0,176,-32.0,308,40.0,220,-18.0" />
</Scene>
</mjloggm>