<mjloggm ver="2.3"><GO type="169" lobby="0"/><UN n0="%E5%A4%AA%E3%81%8F%E3%81%AA%E3%81%84%E3%81%8A" n1="%E4%B8%80%E6%96%B9%E9%80%9A%E8%A1%8C" n2="%E9%8A%80%E9%81%8A%E7%A7%81%E4%BA%BA" n3="%68%65%61%72%74%73%40" dan="18,16,16,16" rate="2184.62,2069.04,2046.42,2089.13" sx="M,M,M,M"/><TAIKYOKU oya="0"/>

<Scene>
<INIT seed="0,0,0,4,4,27" ten="250,250,250,250" oya="0" hai0="69,84,103,77,59,102,67,132,126,30,131,114,10" hai1="34,12,7,90,26,13,111,15,82,134,72,39,2" hai2="40,74,125,43,4,104,118,128,23,65,63,121,1" hai3="18,31,75,17,0,48,32,122,5,46,66,21,19"/><T45/><D114/><U9/><E134/><V64/><F121/><W57/><G122/><T41/><D69/><U109/><E39/><V49/><F104/><W60/><G75/><T50/><D132/><U3/><E90/><V79/><F79/><W47/><G32/><T106/><D106/><U37/><E37/><V81/><F81/><W117/><G117/><T78/><D131/><U100/><E100/><N who="0" m="38441" /><D126/><U113/><E113/><V22/><F74/><W88/><G88/><T6/><D84/><U54/><E54/><V53/><F53/><W101/><G101/><T36/><D36/><U130/><E130/><V123/><F125/><W44/><G0/><N who="1" m="42" /><E82/><V11/><F1/><W20/><G5/><T61/><D30/><N who="1" m="19799" /><E72/><V73/><F73/><W56/><G31/><T51/><D50/><U24/><E24/><V71/><F49/><W120/><G120/><T89/><D89/><U35/><E35/><V16/><F123/><W119/><G119/><T70/><D70/><U107/><E107/><V42/><F71/><W38/><G38/><T92/><D92/><U87/><E87/><V94/><F94/><W99/><G99/><T97/><D97/><U68/><E68/><V14/><F118/><W86/><G86/><T135/><D135/><U83/><E83/><V62/><F128/><W110/><G48/><T112/><D112/><U108/><AGARI ba="0,0" hai="7,9,12,13,15,108,109,111" m="19799,42" machi="108" ten="40,8000,1" yaku="14,1,34,2,52,1" doraHai="27" who="1" fromWho="1" sc="250,-40,250,80,250,-20,250,-20" />
</Scene>
<Scene>
<INIT seed="1,0,0,1,2,75" ten="210,330,230,230" oya="1" hai0="101,10,54,14,4,5,12,44,133,126,134,71,3" hai1="50,25,78,81,40,29,86,103,100,34,69,107,30" hai2="63,8,132,82,105,130,60,73,125,45,41,122,43" hai3="80,21,92,17,46,121,127,27,11,26,37,66,97"/><U117/><E117/><V35/><F122/><W53/><G121/><T131/><D71/><U52/><E107/><V124/><F105/><W2/><G127/><N who="2" m="48713" /><F35/><W118/><G118/><T51/><D126/><U55/><E69/><V68/><F8/><W102/><G66/><T6/><D131/><U112/><E112/><V42/><F82/><W18/><G80/><T109/><D109/><U48/><E40/><V98/><F98/><W47/><G37/><T83/><D101/><N who="1" m="38987" /><E34/><V96/><F96/><W88/><G102/><T36/><D36/><U94/><E94/><V111/><F73/><W135/><G135/><N who="0" m="51723" /><D83/><U115/><E115/><V129/><F132/><W64/><G64/><T93/><D93/><U61/><E61/><N who="2" m="23627" /><F68/><W120/><G120/><T85/><D85/><U59/><E25/><V13/><F13/><AGARI ba="0,0" hai="3,4,5,6,10,12,13,14,44,51,54" m="51723" machi="13" ten="30,1000,0" yaku="20,1" doraHai="75" who="0" fromWho="2" sc="210,10,330,0,230,-10,230,0" />
</Scene>
<Scene>
<INIT seed="2,0,0,4,4,59" ten="220,330,220,230" oya="2" hai0="88,81,67,47,6,126,21,16,75,0,50,66,53" hai1="68,94,132,43,70,27,26,10,128,72,96,120,30" hai2="37,116,20,93,101,95,102,41,61,15,14,105,79" hai3="28,127,46,52,44,108,129,58,12,17,106,133,64"/><V34/><F34/><W25/><G106/><T9/><D126/><U3/><E72/><V8/><F116/><W62/><G127/><T35/><D35/><U56/><E128/><V57/><F105/><W78/><G129/><T76/><REACH who="0" step="1"/><D88/><REACH who="0" ten="210,330,220,230" step="2"/><U45/><E132/><V118/><F118/><W114/><G133/><T125/><D125/><U38/><E120/><V112/><F112/><W19/><G114/><T13/><AGARI ba="0,1" hai="0,6,9,13,16,21,47,50,53,66,67,75,76,81" machi="13" ten="20,5200,0" yaku="1,1,0,1,7,1,54,1,53,0" doraHai="59" doraHaiUra="39" who="0" fromWho="0" sc="210,62,330,-13,220,-26,230,-13" />
</Scene>
<Scene>
<INIT seed="3,0,0,4,4,101" ten="272,317,194,217" oya="3" hai0="10,46,55,13,70,75,133,80,128,40,76,39,23" hai1="117,16,4,63,104,102,24,86,73,110,83,60,82" hai2="127,93,21,112,8,131,6,38,42,105,90,15,71" hai3="50,134,68,36,41,9,51,64,7,29,88,19,20"/><W52/><G29/><T87/><D133/><U106/><E4/><V28/><F112/><W11/><G134/><T27/><D128/><U59/><E110/><V66/><F131/><W116/><G116/><T48/><D70/><U3/><E3/><V45/><F127/><W65/><G68/><T54/><D75/><U53/><E117/><V120/><F120/><W97/><G36/><T37/><D37/><U74/><E102/><V109/><F109/><W126/><G126/><T124/><D39/><U18/><E24/><V132/><F132/><W30/><G30/><N who="0" m="17791" /><D124/><U118/><E118/><V123/><F123/><W72/><G72/><T35/><D35/><U111/><E111/><V47/><F28/><W17/><G41/><T79/><D79/><U129/><E129/><V5/><F42/><W81/><G51/><T100/><D100/><U67/><E86/><V22/><F38/><W1/><G1/><T61/><D61/><U91/><E91/><V62/><F90/><W122/><G122/><T12/><D12/><U95/><E95/><V84/><F93/><N who="3" m="56487" /><G81/><T135/><D135/><U114/><E114/><V31/><F31/><W25/><G17/><AGARI ba="0,0" hai="10,13,17,40,46,48,54,55,76,80,87" m="17791" machi="17" ten="30,1000,0" yaku="8,1" doraHai="101" who="0" fromWho="3" sc="272,10,317,0,194,0,217,-10" />
</Scene>
<Scene>
<INIT seed="4,0,0,0,4,35" ten="282,317,194,207" oya="0" hai0="79,51,126,94,112,46,27,87,116,133,28,43,110" hai1="134,77,120,75,33,42,84,11,86,45,76,128,8" hai2="90,89,111,73,119,114,25,93,0,106,80,100,58" hai3="7,72,92,82,56,121,22,26,12,21,19,103,129"/><T2/><D116/><U66/><E120/><V16/><F111/><W95/><G129/><T99/><D110/><U4/><E33/><V30/><F119/><W102/><G121/><T124/><D112/><U48/><E128/><V61/><F114/><W101/><G7/><T14/><D133/><U98/><E134/><V55/><F106/><W63/><G72/><T74/><D14/><U47/><E66/><V53/><F100/><W50/><G50/><T37/><D74/><U132/><E132/><V109/><F109/><W131/><G82/><N who="0" m="47583" /><D37/><U85/><E75/><V39/><F39/><W20/><G131/><T6/><D6/><U44/><E98/><V91/><F0/><W36/><G36/><T1/><D94/><N who="3" m="35881" /><G26/><T69/><D69/><U9/><E4/><V17/><F93/><W70/><G70/><T104/><D99/><U3/><E3/><V127/><F127/><N who="0" m="48682" /><D104/><U88/><E88/><V81/><F55/><AGARI ba="0,0" hai="12,19,20,21,22,55,56,63,101,102,103" m="35881" machi="55" ten="30,1000,0" yaku="8,1" doraHai="35" who="3" fromWho="2" sc="282,0,317,0,194,-10,207,10" />
</Scene>
<Scene>
<INIT seed="5,0,0,2,1,113" ten="282,317,184,217" oya="1" hai0="43,17,19,64,2,42,85,94,108,6,29,71,12" hai1="8,56,38,36,81,5,49,74,102,63,110,124,9" hai2="57,44,35,131,24,121,77,95,33,82,127,32,18" hai3="112,73,104,7,34,100,122,79,92,118,134,11,66"/><U20/><E124/><V46/><F121/><W1/><G122/><T51/><D108/><U48/><E110/><V119/><F127/><W115/><G34/><T39/><D39/><U99/><E20/><V22/><F131/><W97/><G66/><T41/><D29/><U54/><E38/><V47/><F119/><W40/><G40/><T98/><D2/><U45/><E36/><V60/><F95/><W27/><G27/><T78/><D71/><U80/><E74/><V105/><F105/><W53/><G53/><T96/><D64/><U3/><E9/><V72/><REACH who="2" step="1"/><F46/><REACH who="2" ten="282,317,174,217" step="2"/><W111/><G92/><T58/><D94/><U123/><E123/><V13/><F13/><W70/><G118/><T16/><D12/><U10/><E45/><V86/><F86/><W84/><G84/><T114/><D85/><U69/><E81/><V101/><F101/><W87/><G87/><T133/><D96/><U135/><E80/><V106/><F106/><W28/><G73/><T25/><D98/><U61/><E99/><V31/><F31/><W30/><G28/><T55/><D78/><U62/><E102/><V23/><F23/><W21/><G79/><T59/><D114/><U50/><E3/><V88/><F88/><W93/><G1/><T65/><D25/><U128/><E128/><V120/><F120/><W91/><G30/><T83/><D83/><U68/><E10/><V126/><F126/><W14/><G11/><T76/><D76/><U0/><E8/><V75/><F75/><W89/><G112/><T109/><D109/><U130/><E0/><V4/><F4/><RYUUKYOKU ba="0,1" sc="282,-10,317,-10,174,30,217,-10" hai2="18,22,24,32,33,35,44,47,57,60,72,77,82" />
</Scene>
<Scene>
<INIT seed="6,1,1,1,4,123" ten="272,307,204,207" oya="2" hai0="49,82,110,129,57,56,116,3,31,98,37,66,68" hai1="77,132,48,55,32,83,43,0,105,33,54,35,14" hai2="72,81,107,70,69,125,51,101,61,127,19,89,121" hai3="100,112,1,6,79,95,103,18,134,41,28,109,135"/><V97/><F121/><W45/><G112/><T12/><D3/><U2/><E105/><V96/><F51/><W102/><G28/><T67/><D31/><U11/><E132/><N who="3" m="50730" /><G79/><T106/><D37/><U27/><E27/><V92/><F19/><W64/><G64/><T13/><D68/><U29/><E29/><V23/><F23/><W126/><G126/><N who="2" m="48137" /><F61/><W36/><G18/><T76/><D49/><U40/><E40/><V44/><F44/><W60/><G95/><T62/><D62/><U124/><E54/><V85/><F69/><W53/><G6/><T38/><D66/><U7/><E124/><V118/><F70/><W20/><G20/><T73/><D67/><U75/><REACH who="1" step="1"/><E43/><REACH who="1" ten="272,297,204,207" step="2"/><V130/><F118/><W15/><G53/><T90/><D116/><U47/><AGARI ba="1,2" hai="0,2,7,11,14,32,33,35,47,48,55,75,77,83" machi="47" ten="30,4000,0" yaku="1,1,2,1,0,1,53,0" doraHai="123" doraHaiUra="115" who="1" fromWho="1" sc="272,-11,297,63,204,-21,207,-11" />
</Scene>
<Scene>
<INIT seed="7,0,0,0,5,125" ten="261,360,183,196" oya="3" hai0="72,114,118,54,10,33,129,0,48,90,124,96,14" hai1="69,128,32,79,45,113,68,135,18,108,78,111,17" hai2="101,19,43,94,8,3,67,55,35,115,130,60,105" hai3="31,9,121,102,107,25,52,80,127,57,2,110,49"/><W116/><G121/><T34/><D118/><U133/><E45/><V47/><F105/><W4/><G116/><T15/><D72/><U86/><E32/><V73/><F35/><W106/><G127/><T82/><D0/><U46/><E128/><V119/><F119/><W66/><G110/><T126/><D126/><U74/><E46/><V50/><F73/><W120/><G120/><T53/><D124/><U37/><E86/><V104/><F104/><W93/><G66/><T131/><D114/><U91/><E91/><V13/><F115/><W65/><G65/><T61/><D61/><U84/><E84/><V76/><F76/><W44/><G80/><T56/><D54/><U38/><E74/><V63/><F130/><N who="0" m="49674" /><D82/><U30/><E113/><V42/><F3/><W89/><G102/><T11/><D11/><U29/><AGARI ba="0,0" hai="17,18,29,30,37,38,68,69,78,79,108,111,133,135" machi="29" ten="25,3200,0" yaku="0,1,22,2" doraHai="125" who="1" fromWho="1" sc="261,-8,360,32,183,-8,196,-16" owari="253,5.0,392,49.0,175,-32.0,180,-22.0" />
</Scene>
</mjloggm>