<mjloggm ver="2.3"><GO type="193"/><UN n0="%74%61%72%6F%63%68%61%6E" n1="%E3%83%81%E3%82%BD%E3%83%81%E3%82%BD" n2="%E9%BB%92%E8%99%AB%E3%82%B9%E3%83%9A%E3%82%B7%E3%83%A3%E3%83%AB" n3="%E5%A4%AA%E3%81%8F%E3%81%AA%E3%81%84%E3%81%8A" dan="12,13,12,8" rate="1707,1762,1755,1658" sx="M,F,F,M"/><TAIKYOKU oya="0"/>

<Scene>
<INIT seed="0,0,0,1,0,39" ten="250,250,250,250" oya="0" hai0="16,3,125,46,41,85,19,97,45,1,69,23,71" hai1="134,84,48,35,116,122,133,77,49,126,70,50,103" hai2="102,51,65,76,89,79,52,55,75,57,106,33,100" hai3="95,107,13,74,72,92,83,127,128,58,131,110,59"/><T113/><D113/><U54/><E35/><V90/><F33/><W88/><G107/><T112/><D112/><U31/><E31/><V27/><F27/><W25/><G110/><T121/><D121/><U17/><E122/><V123/><F123/><W73/><G127/><T64/><D125/><U62/><E126/><V42/><F75/><W22/><G13/><T5/><D97/><U12/><E103/><N who="2" m="39467" /><F106/><W105/><G105/><T14/><D3/><U115/><E115/><V34/><F34/><W94/><G83/><T7/><D1/><U56/><E116/><V98/><F65/><W101/><G101/><T24/><D71/><U10/><E77/><N who="2" m="29771" /><F98/><W87/><G87/><T124/><D124/><U60/><E84/><V86/><F55/><W81/><G81/><T40/><D85/><U82/><E82/><N who="2" m="49367" /><F90/><W37/><G37/><T30/><D69/><U104/><E104/><V66/><F66/><W36/><G36/><T135/><D64/><U21/><E70/><V9/><F9/><W78/><G78/><T130/><D130/><N who="3" m="49705" /><G88/><T6/><D135/><N who="1" m="51723" /><E10/><V96/><F96/><W80/><G80/><T4/><N who="0" m="1536" /><DORA hai="132" /><T117/><D117/><U15/><E62/><V47/><F57/><W32/><G32/><T99/><D99/><U93/><E93/><V120/><F120/><W28/><AGARI ba="0,0" hai="22,25,28,58,59,72,73,74,92,94,95" m="49705" machi="28" ten="40,1500,0" yaku="19,1" doraHai="39,132" who="3" fromWho="3" sc="250,-7,250,-4,250,-4,250,15" />
</Scene>
<Scene>
<INIT seed="1,0,0,0,5,85" ten="243,246,246,265" oya="1" hai0="43,92,109,35,113,2,48,101,62,4,28,47,89" hai1="64,16,31,130,131,75,79,57,80,50,77,69,12" hai2="61,52,108,127,13,10,103,42,66,96,56,128,40" hai3="11,24,91,8,84,44,116,68,110,98,135,67,124"/><U5/><E31/><V59/><F108/><W134/><G110/><T54/><D113/><U102/><E69/><V53/><F127/><W17/><G124/><T114/><D109/><U26/><E102/><V76/><F76/><W33/><G116/><T63/><D114/><U37/><E37/><V95/><F128/><N who="1" m="49193" /><E26/><V49/><REACH who="2" step="1"/><F66/><REACH who="2" ten="243,246,236,265" step="2"/><W7/><G67/><T99/><D35/><U107/><E79/><V15/><F15/><W3/><G33/><T129/><D129/><U19/><E64/><V121/><F121/><W29/><G134/><T55/><D2/><U90/><E107/><V100/><F100/><W20/><G135/><T71/><D71/><U46/><E90/><V30/><F30/><W60/><G68/><T70/><D28/><U39/><E5/><AGARI ba="0,1" hai="5,10,13,40,42,49,52,53,56,59,61,95,96,103" machi="5" ten="30,7700,0" yaku="1,1,7,1,8,1,54,1,53,0" doraHai="85" doraHaiUra="115" who="2" fromWho="1" sc="243,0,246,-77,236,87,265,0" />
</Scene>
<Scene>
<INIT seed="2,0,0,2,4,74" ten="243,169,323,265" oya="2" hai0="22,97,9,117,69,31,119,80,79,54,113,89,56" hai1="40,6,39,71,41,36,28,92,38,16,47,95,42" hai2="35,2,90,72,82,46,123,53,108,18,34,62,44" hai3="55,65,52,58,12,24,134,111,106,68,61,8,63"/><V48/><F123/><W66/><G106/><T17/><D69/><U26/><E6/><V32/><F2/><W57/><G111/><T85/><D113/><U103/><E71/><V45/><F108/><W86/><G134/><T13/><D31/><U88/><E103/><V125/><F125/><W102/><G102/><T131/><D131/><U93/><E47/><V116/><F116/><W78/><G24/><T10/><D119/><U11/><E28/><V19/><F62/><W0/><G0/><T73/><D117/><U37/><N who="1" m="9728" /><DORA hai="128" /><U112/><E112/><V104/><F104/><W132/><G132/><T29/><D29/><U23/><REACH who="1" step="1"/><E11/><REACH who="1" ten="243,159,323,265" step="2"/><V77/><F46/><W70/><G70/><T105/><D105/><U114/><E114/><V126/><F45/><W83/><G68/><T127/><D127/><U20/><E20/><V49/><F126/><W110/><G110/><T51/><REACH who="0" step="1"/><D97/><AGARI ba="0,1" hai="16,23,26,40,41,42,88,92,93,95,97" m="9728" machi="97" ten="70,8000,1" yaku="1,1,54,2,53,0" doraHai="74,128" doraHaiUra="59,64" who="1" fromWho="0" sc="243,-80,159,90,323,0,265,0" />
</Scene>
<Scene>
<INIT seed="3,0,0,4,5,43" ten="163,249,323,265" oya="3" hai0="105,3,36,27,83,90,132,7,106,25,76,14,119" hai1="60,15,121,117,48,96,40,30,20,92,9,12,57" hai2="4,8,86,24,127,67,99,102,33,134,1,42,58" hai3="81,32,63,94,31,59,44,89,72,118,108,39,131"/><W46/><G118/><T111/><D111/><U29/><E121/><V79/><F42/><W16/><G39/><T28/><D132/><U97/><E117/><V53/><F127/><W11/><G108/><T75/><D119/><U95/><E20/><V110/><F110/><W78/><G131/><T47/><D27/><U71/><E71/><V49/><F134/><W80/><G80/><T113/><D113/><U70/><E70/><V115/><F115/><W100/><G100/><T38/><D90/><U52/><E40/><V23/><F33/><W19/><G31/><N who="1" m="11786" /><E9/><V124/><F124/><W73/><G73/><T64/><D64/><U54/><E60/><V65/><F23/><W74/><G74/><T56/><D56/><U101/><E57/><V120/><F24/><W50/><G32/><T112/><D112/><U114/><E114/><V45/><F120/><W10/><G10/><T93/><D93/><N who="1" m="35915" /><E101/><V35/><F35/><W37/><G37/><T77/><D38/><U13/><E48/><V129/><F129/><W66/><G11/><N who="0" m="2559" /><D14/><N who="1" m="3587" /><U69/><DORA hai="51" /><E69/><V22/><F22/><W6/><G6/><T135/><D77/><U21/><E21/><V26/><F26/><W128/><G128/><T18/><D135/><U5/><E5/><V41/><F4/><W85/><G44/><T84/><D18/><U62/><E62/><N who="2" m="36175" /><F8/><W116/><G116/><T104/><D84/><U88/><E88/><V61/><F1/><W17/><G17/><T109/><D109/><U98/><AGARI ba="0,0" hai="52,54,96,97,98" m="3587,35915,11786" machi="98" ten="40,12000,2" yaku="28,2,8,1,52,2,54,1" doraHai="43,51" who="1" fromWho="1" sc="163,-30,249,120,323,-30,265,-60" owari="133,-37.0,369,47.0,293,9.0,205,-19.0" />
</Scene>
</mjloggm>