<mjloggm ver="2.3"><GO type="169"/><UN n0="%E3%81%93%E3%81%BE%E3%81%A3%E3%81%95%E3%82%93" n1="%E3%83%87%E3%82%B8%E3%82%BF%E3%83%AB%E4%BB%99%E4%BA%BA" n2="%E5%AF%BE%E5%AD%90%E3%81%AE%E7%8E%8B%E6%A7%98" n3="%E5%A4%AA%E3%81%8F%E3%81%AA%E3%81%84%E3%81%8A" dan="16,18,17,17" rate="2125,2221,2162,2164" sx="M,F,M,M"/><TAIKYOKU oya="0"/>

<Scene>
<INIT seed="0,0,0,0,2,1" ten="250,250,250,250" oya="0" hai0="58,36,109,75,89,34,11,54,12,0,106,117,127" hai1="71,67,57,48,49,10,50,28,98,103,43,9,42" hai2="33,44,120,23,115,107,119,18,32,66,15,112,113" hai3="128,134,70,87,101,121,76,20,84,7,83,81,85"/><T110/><D0/><U30/><E71/><V96/><F66/><W51/><G70/><T59/><D36/><U25/><E43/><V131/><F44/><W91/><G134/><T118/><D34/><U122/><E42/><V95/><F107/><W129/><G51/><T77/><D58/><U62/><E122/><V132/><F120/><W21/><G121/><T123/><D106/><U88/><E30/><V79/><F132/><W80/><G7/><T14/><D14/><U8/><E88/><V125/><F79/><N who="3" m="46111" /><G20/><T126/><D89/><U78/><E78/><V56/><F56/><W64/><G21/><T72/><D77/><U73/><E73/><V86/><F33/><W100/><G64/><T16/><D123/><U94/><REACH who="1" step="1"/><E49/><REACH who="1" ten="250,240,250,250" step="2"/><V93/><F113/><W74/><G74/><T65/><D75/><U35/><AGARI ba="0,1" hai="8,9,10,25,28,35,48,50,57,62,67,94,98,103" machi="35" ten="30,12000,2" yaku="1,1,2,1,0,1,53,3" doraHai="1" doraHaiUra="4" who="1" fromWho="1" sc="250,-60,240,130,250,-30,250,-30" />
</Scene>
<Scene>
<INIT seed="1,0,0,1,1,45" ten="190,370,220,220" oya="1" hai0="8,42,46,135,88,92,124,23,83,71,57,119,63" hai1="28,29,22,11,16,2,117,12,9,87,77,6,20" hai2="112,130,81,109,104,7,129,97,54,72,52,26,89" hai3="102,38,126,82,115,41,131,116,120,121,50,95,106"/><U40/><E40/><V51/><F109/><W24/><G24/><T132/><D71/><U73/><E73/><V30/><F112/><W75/><G95/><T36/><D83/><U98/><E98/><V108/><F108/><W96/><G41/><T134/><D119/><U78/><E117/><V123/><F123/><W84/><G84/><T128/><D8/><N who="1" m="2135" /><E87/><V114/><F114/><W33/><G50/><N who="0" m="26967" /><D124/><U60/><E60/><V65/><F7/><W127/><G96/><N who="0" m="57351" /><D23/><N who="1" m="11655" /><E77/><V133/><F72/><W37/><G82/><T4/><D4/><U35/><E78/><V76/><F76/><W10/><G126/><T21/><D21/><N who="1" m="8299" /><E35/><V69/><F81/><W74/><G74/><T90/><D90/><U55/><E55/><V31/><F54/><W122/><G122/><T25/><D36/><U99/><E99/><V68/><F97/><W32/><G32/><T49/><D63/><U66/><E66/><V0/><F65/><W101/><G38/><T125/><D125/><U44/><E44/><V113/><F89/><W103/><G103/><T1/><D49/><U94/><E94/><V43/><F51/><W79/><G79/><T19/><D135/><U59/><E59/><V70/><F133/><W85/><G102/><T107/><D57/><U105/><E105/><V62/><F70/><W48/><G101/><T5/><D107/><U17/><E11/><V13/><F69/><W118/><G120/><T61/><D134/><U100/><E100/><V53/><F68/><W56/><G121/><T18/><D132/><U27/><E27/><V64/><F104/><W58/><G106/><RYUUKYOKU ba="0,0" sc="190,-10,370,30,220,-10,220,-10" hai1="9,17,28,29" />
</Scene>
<Scene>
<INIT seed="1,1,0,2,1,51" ten="180,400,210,210" oya="1" hai0="4,107,36,120,5,133,109,85,34,19,12,70,42" hai1="24,81,47,52,82,48,132,50,119,90,135,7,99" hai2="86,67,92,26,29,88,130,76,1,131,33,127,25" hai3="87,0,79,16,101,128,93,57,31,94,98,111,23"/><U71/><E71/><V108/><F108/><W37/><G37/><T116/><D34/><U121/><E121/><V14/><F1/><W49/><G0/><T2/><D2/><U46/><E119/><V32/><F127/><W80/><G111/><T91/><D70/><U125/><E125/><V83/><F67/><W69/><G69/><T106/><D109/><U114/><E114/><V35/><F14/><W102/><G128/><T45/><D116/><U40/><E7/><V53/><F53/><N who="3" m="31919" /><G31/><T13/><D13/><U21/><E99/><V96/><REACH who="2" step="1"/><F26/><REACH who="2" ten="180,400,200,210" step="2"/><N who="3" m="14695" /><G94/><T44/><D120/><U115/><E115/><V95/><F95/><W43/><G43/><T54/><D42/><U113/><E113/><V104/><F104/><W123/><G123/><T38/><D107/><U89/><E135/><V64/><F64/><W56/><G56/><T129/><D133/><U124/><E132/><V27/><F27/><W59/><G59/><T63/><D106/><U100/><E124/><V65/><F65/><W78/><G102/><T15/><D129/><AGARI ba="1,1" hai="25,29,32,33,35,76,83,86,88,92,96,129,130,131" machi="129" ten="40,5200,0" yaku="1,1,19,1,54,1,53,0" doraHai="51" doraHaiUra="134" who="2" fromWho="0" sc="180,-55,400,0,200,65,210,0" />
</Scene>
<Scene>
<INIT seed="2,0,0,1,4,20" ten="125,400,265,210" oya="2" hai0="33,37,38,14,62,71,104,95,87,129,8,32,70" hai1="72,80,50,52,99,54,73,41,12,92,111,135,35" hai2="39,98,22,122,63,69,42,113,84,28,127,6,58" hai3="29,97,133,9,77,128,94,31,126,19,89,134,83"/><V43/><F113/><W131/><G19/><T34/><D104/><U3/><E3/><V66/><F122/><W110/><G9/><T10/><D129/><N who="3" m="49737" /><G29/><T101/><D62/><U11/><E35/><V24/><F127/><W81/><G31/><T105/><D105/><U120/><E120/><V107/><F6/><W132/><G110/><T27/><D8/><U36/><E111/><V78/><F39/><W7/><G7/><T47/><D70/><U15/><E36/><V65/><F78/><W17/><G17/><T103/><D71/><U21/><E11/><V119/><F119/><W86/><G83/><T51/><D38/><U68/><E80/><V13/><F13/><W74/><G126/><T61/><D37/><U0/><E68/><V123/><F123/><W55/><G55/><T59/><D34/><U57/><E12/><V115/><F115/><W67/><G67/><T48/><D33/><U5/><E15/><V76/><F66/><W108/><G108/><T130/><D14/><U114/><E5/><V121/><F121/><W4/><G4/><T26/><D32/><U106/><E54/><V116/><F116/><W16/><G16/><T30/><D10/><U56/><E52/><V23/><F23/><W25/><G25/><N who="0" m="9227" /><D130/><U112/><E21/><V91/><F69/><W45/><G45/><T1/><D30/><U40/><E112/><V64/><F64/><W109/><G109/><T46/><D46/><U100/><E114/><V49/><F28/><W102/><G74/><T117/><D117/><U85/><E73/><V93/><F24/><W60/><G60/><RYUUKYOKU ba="0,0" sc="125,-10,400,-10,265,-10,210,30" hai3="77,81,86,89,94,97,102,132,133,134" />
</Scene>
<Scene>
<INIT seed="3,1,0,1,0,70" ten="115,390,255,240" oya="3" hai0="42,23,11,17,13,53,100,15,127,6,34,50,81" hai1="124,43,103,94,80,24,33,62,92,18,41,105,114" hai2="78,5,7,31,82,38,108,93,55,113,133,28,75" hai3="111,45,67,58,59,88,115,29,73,2,26,130,119"/><W131/><G119/><T40/><D34/><U107/><E80/><V21/><F113/><W79/><G115/><T39/><D127/><U25/><E62/><V104/><F104/><W66/><G2/><T49/><D49/><U14/><E14/><V37/><F93/><W117/><G117/><T3/><D100/><U116/><E33/><V63/><F31/><W135/><G135/><T129/><D129/><N who="3" m="49161" /><G111/><T87/><D3/><U35/><E35/><V48/><F63/><W101/><G101/><T22/><D23/><U46/><E103/><V64/><F64/><N who="3" m="24619" /><G45/><T44/><REACH who="0" step="1"/><D39/><REACH who="0" ten="105,390,255,240" step="2"/><U91/><E114/><V69/><F38/><W110/><G110/><T109/><D109/><U0/><E124/><V89/><F37/><W134/><G134/><T106/><D106/><U1/><E105/><V76/><F133/><W56/><G29/><T72/><D72/><U74/><E0/><V12/><F75/><W83/><G26/><T128/><D128/><U8/><E74/><V96/><F28/><W123/><G123/><T126/><D126/><U36/><E1/><V90/><F108/><W71/><G71/><T118/><D118/><U16/><E116/><V19/><F69/><W84/><G73/><T85/><D85/><U97/><E107/><V47/><F96/><W27/><G27/><T112/><D112/><U9/><E97/><V61/><F21/><W32/><G32/><T20/><D20/><U10/><E25/><V30/><F30/><W99/><G99/><T65/><D65/><U54/><E24/><V51/><F12/><W102/><G102/><T120/><D120/><RYUUKYOKU ba="1,1" sc="105,15,390,-15,255,-15,240,15" hai0="6,11,13,15,17,22,40,42,44,50,53,81,87" hai3="56,58,59,79,83,84,88" />
</Scene>
<Scene>
<INIT seed="3,2,1,4,0,104" ten="120,375,240,255" oya="3" hai0="129,92,107,86,117,1,105,39,120,131,123,84,72" hai1="67,3,91,61,35,9,76,119,40,115,32,97,62" hai2="20,43,132,73,8,121,80,4,106,118,7,15,102" hai3="68,46,27,81,10,130,110,33,125,56,57,50,112"/><W94/><G112/><T126/><D39/><U47/><E115/><V58/><F118/><W53/><G68/><T114/><D1/><U95/><E119/><V93/><F132/><W11/><G125/><T96/><D114/><U45/><E45/><V30/><F121/><W54/><G130/><N who="0" m="49675" /><D117/><U79/><E35/><V17/><F106/><N who="0" m="40458" /><D126/><U66/><E32/><V18/><F43/><W29/><G110/><T31/><D31/><U42/><E42/><V28/><F58/><W25/><G94/><T22/><D22/><U90/><E3/><V69/><F69/><W5/><G27/><T77/><D77/><U2/><E2/><V116/><F116/><W52/><G81/><T82/><D82/><U59/><E9/><V23/><F80/><W122/><G122/><N who="0" m="46635" /><D72/><U70/><E91/><AGARI ba="2,1" hai="84,86,91,92,96" m="46635,40458,49675" machi="91" ten="40,5200,0" yaku="19,1,34,2" doraHai="104" who="0" fromWho="1" sc="120,68,375,-58,240,0,255,0" />
</Scene>
<Scene>
<INIT seed="4,0,0,2,5,48" ten="188,317,240,255" oya="0" hai0="85,20,60,33,18,5,109,121,24,129,23,81,96" hai1="104,125,105,16,128,92,126,3,133,84,88,37,59" hai2="89,15,74,53,110,99,115,49,19,112,41,55,64" hai3="50,46,76,119,52,34,100,44,87,116,97,7,25"/><T4/><D33/><U130/><E3/><V70/><F110/><W63/><G7/><T103/><D121/><U98/><E37/><V26/><F74/><W13/><G13/><T106/><D109/><U9/><E59/><V42/><F26/><W58/><G76/><T47/><D129/><N who="1" m="49771" /><E133/><V102/><F89/><W39/><G87/><T101/><D101/><N who="1" m="60615" /><E9/><V38/><F38/><W29/><G39/><T61/><D47/><U2/><E16/><V8/><F64/><W40/><REACH who="3" step="1"/><G46/><REACH who="3" ten="188,317,240,245" step="2"/><T113/><D4/><U51/><E2/><V134/><F15/><W123/><G123/><T82/><D5/><U73/><E73/><V114/><F114/><W14/><G14/><T132/><D113/><U117/><E117/><V10/><F115/><W94/><AGARI ba="0,1" hai="25,29,34,40,44,50,52,58,63,94,97,100,116,119" machi="94" ten="20,8000,1" yaku="1,1,0,1,7,1,52,1,54,1,53,0" doraHai="48" doraHaiUra="66" who="3" fromWho="3" sc="188,-40,317,-20,240,-20,245,90" />
</Scene>
<Scene>
<INIT seed="5,0,0,3,4,47" ten="148,297,220,335" oya="1" hai0="99,129,25,105,4,22,12,90,27,28,104,48,36" hai1="131,50,42,116,102,41,53,118,101,132,3,40,87" hai2="107,75,135,91,58,123,124,10,38,61,86,82,7" hai3="119,31,68,108,76,11,15,92,30,66,45,69,56"/><U64/><E3/><V110/><F123/><W94/><G108/><T77/><D36/><U54/><E132/><V85/><F135/><W71/><G119/><T32/><D77/><U44/><E131/><V59/><F110/><W117/><G117/><T13/><D129/><U24/><E118/><V109/><F109/><W65/><G76/><T29/><D90/><U114/><E114/><V93/><F38/><W37/><G37/><T8/><D99/><U52/><E116/><V5/><F107/><W88/><G45/><T14/><D104/><U79/><E64/><V67/><F75/><W33/><G94/><T23/><D105/><U81/><E24/><V62/><F124/><W16/><G33/><N who="0" m="20623" /><D48/><N who="1" m="28679" /><E53/><N who="2" m="33999" /><F10/><W78/><G78/><AGARI ba="0,0" hai="5,7,59,62,67,78,82,85,86,91,93" m="33999" machi="78" ten="30,1000,0" yaku="8,1" doraHai="47" who="2" fromWho="3" sc="148,0,297,0,220,10,335,-10" />
</Scene>
<Scene>
<INIT seed="6,0,0,5,2,22" ten="148,297,230,325" oya="2" hai0="95,59,8,127,76,0,68,39,86,18,29,108,49" hai1="84,98,99,91,126,82,114,51,78,93,118,10,117" hai2="89,122,81,116,132,72,32,106,9,109,102,87,47" hai3="94,105,53,1,115,13,97,40,75,23,26,5,25"/><V12/><F116/><W17/><G75/><T124/><D39/><U50/><E126/><V67/><F122/><W128/><G105/><T11/><D68/><U46/><E114/><V37/><F132/><W30/><G128/><T131/><D108/><U112/><E112/><V45/><F109/><W52/><G115/><T69/><D69/><U14/><E99/><V61/><F72/><W121/><G40/><T119/><D131/><U71/><E51/><V125/><F125/><W85/><G85/><T123/><D123/><U80/><E80/><V65/><F32/><N who="3" m="20559" /><G26/><T21/><D29/><U88/><E71/><V73/><F73/><W15/><G15/><T130/><D0/><U36/><E36/><V63/><F37/><W60/><G60/><T2/><D2/><U77/><E118/><V24/><F24/><W90/><G121/><T103/><D130/><U3/><E3/><V66/><F102/><W19/><G19/><T20/><D119/><U35/><E35/><V100/><F100/><W101/><G101/><T42/><D127/><U133/><E133/><V62/><REACH who="2" step="1"/><F106/><REACH who="2" ten="148,297,220,325" step="2"/><W57/><G57/><T4/><D59/><U44/><E117/><V70/><F70/><W6/><G6/><AGARI ba="0,1" hai="6,9,12,45,47,61,62,63,65,66,67,81,87,89" machi="6" ten="40,3900,0" yaku="1,1,8,1,53,0" doraHai="22" doraHaiUra="16" who="2" fromWho="3" sc="148,0,297,0,220,49,325,-39" />
</Scene>
<Scene>
<INIT seed="6,1,0,2,1,29" ten="148,297,269,286" oya="2" hai0="126,85,97,130,86,98,117,108,30,62,109,95,12" hai1="9,34,104,78,37,31,68,105,60,54,42,10,87" hai2="88,133,80,122,127,120,100,36,11,13,3,121,81" hai3="106,79,39,22,65,73,93,40,135,103,27,32,41"/><V94/><F36/><W43/><G106/><T71/><D30/><U25/><E87/><V7/><F133/><W69/><G32/><T70/><D12/><U23/><E23/><V125/><F100/><W51/><G39/><T61/><D95/><U53/><E53/><V49/><F3/><W52/><G135/><T20/><D20/><U55/><E55/><V76/><F49/><W15/><G15/><T96/><D130/><U56/><E68/><V67/><F67/><W38/><G38/><T24/><D126/><U28/><E28/><V114/><F114/><W92/><G73/><T50/><D50/><U18/><E78/><V123/><N who="2" m="31232" /><DORA hai="129" /><V112/><F112/><W119/><G79/><T47/><D47/><U83/><E83/><V84/><REACH who="2" step="1"/><F81/><REACH who="2" ten="148,297,259,286" step="2"/><W2/><G2/><T89/><D117/><U5/><E37/><V124/><F124/><W44/><G119/><T132/><D96/><AGARI ba="1,1" hai="7,11,13,76,80,84,88,94,96,125,127" m="31232" machi="96" ten="70,12000,1" yaku="1,1,54,1,53,1" doraHai="29,129" doraHaiUra="14,6" who="2" fromWho="0" sc="148,-123,297,0,259,133,286,0" />
</Scene>
<Scene>
<INIT seed="6,2,0,2,4,87" ten="25,297,392,286" oya="2" hai0="8,64,19,98,81,96,12,130,119,54,3,132,45" hai1="31,122,103,105,135,49,59,40,71,20,44,88,11" hai2="57,127,58,1,46,100,94,126,93,99,36,39,70" hai3="65,90,26,114,7,21,97,55,16,28,35,63,124"/><V89/><F70/><W32/><G124/><N who="2" m="47657" /><F1/><W121/><G121/><T56/><D119/><U115/><E71/><V61/><F46/><W51/><G7/><T76/><D132/><U14/><E122/><V34/><F34/><W50/><G114/><T134/><D134/><U86/><E135/><V42/><F42/><W67/><G35/><T62/><D3/><U13/><E115/><V30/><F30/><W75/><G75/><T15/><D130/><U2/><E2/><V85/><F58/><N who="3" m="35295" /><G28/><T73/><D15/><U118/><E118/><V129/><F129/><W102/><G102/><T107/><D107/><U120/><E120/><V131/><F131/><W68/><G32/><T18/><D18/><U60/><E103/><V74/><F74/><W23/><G23/><T53/><D53/><AGARI ba="2,0" hai="36,39,53,57,61,85,89,93,94,99,100" m="47657" machi="53" ten="30,2900,0" yaku="18,1,52,1" doraHai="87" who="2" fromWho="0" sc="25,-35,297,0,392,35,286,0" owari="-10,-51.0,297,10.0,427,52.0,286,-11.0" />
</Scene>
</mjloggm>