<mjloggm ver="2.3"><GO type="169"/><UN n0="%E5%A4%AA%E3%81%8F%E3%81%AA%E3%81%84%E3%81%8A" n1="%E2%98%85%E3%83%86%E3%82%AF%E3%83%8E%E3%83%8F%E3%82%A6%E3%82%B9%E2%98%85" n2="%E3%81%AE%E3%82%8A%E3%82%BB%E3%83%8A" n3="%E3%81%84%E3%81%A1%E3%81%94%E3%83%9D%E3%83%83%E3%82%AD%E3%83%BC" dan="16,16,16,17" rate="2102,2064,2114,2136" sx="M,M,M,F"/><TAIKYOKU oya="0"/>

<Scene>
<INIT seed="0,0,0,1,2,71" ten="250,250,250,250" oya="0" hai0="64,107,33,131,47,91,127,121,29,90,57,7,82" hai1="133,74,72,0,102,42,83,34,59,70,68,36,114" hai2="93,78,77,132,87,25,49,65,119,5,23,79,35" hai3="67,106,81,31,13,4,18,103,50,129,86,37,8"/><T16/><D121/><U60/><E34/><V84/><F35/><W20/><G129/><T27/><D107/><U53/><E0/><V109/><F109/><W40/><G31/><T21/><D131/><U44/><E133/><V112/><F112/><W113/><G113/><T100/><D127/><U73/><E114/><V95/><F5/><W10/><G67/><T58/><D100/><U92/><E83/><V11/><F11/><W118/><G118/><T19/><D7/><U17/><E17/><N who="0" m="6729" /><D33/><U122/><E122/><V38/><F65/><W104/><G10/><T126/><D126/><U98/><AGARI ba="0,0" hai="36,42,44,53,59,60,68,70,72,73,74,92,98,102" machi="98" ten="40,2700,0" yaku="0,1,52,1" doraHai="71" who="1" fromWho="1" sc="250,-13,250,27,250,-7,250,-7" />
</Scene>
<Scene>
<INIT seed="1,0,0,4,3,7" ten="237,277,243,243" oya="1" hai0="107,35,109,62,41,29,9,104,88,50,111,56,32" hai1="34,127,30,40,121,23,126,85,8,100,116,1,17" hai2="83,64,125,24,65,103,84,76,46,6,68,119,77" hai3="110,59,75,89,101,73,47,52,106,60,26,108,130"/><U81/><E121/><V28/><F119/><W25/><G130/><T124/><D124/><N who="1" m="47659" /><E100/><V66/><F125/><W96/><G89/><T61/><D41/><U36/><E116/><V102/><F68/><W10/><G47/><T98/><D50/><U57/><E57/><V54/><F76/><W87/><G87/><T82/><D29/><U11/><E1/><V37/><F37/><W42/><G42/><T4/><D82/><U133/><E133/><V118/><F118/><W48/><G60/><T92/><D107/><U122/><E122/><V44/><F44/><W117/><G117/><T132/><D104/><U15/><E30/><V19/><F19/><W78/><G78/><T134/><D35/><U99/><E99/><V49/><REACH who="2" step="1"/><F6/><REACH who="2" ten="237,277,233,243" step="2"/><W74/><REACH who="3" step="1"/><G10/><REACH who="3" ten="237,277,233,233" step="2"/><N who="1" m="3626" /><E36/><V12/><F12/><W63/><G63/><T55/><D62/><U135/><E135/><V45/><F45/><W51/><G51/><T53/><D132/><U72/><E72/><V16/><F16/><W131/><G131/><T3/><D134/><U114/><E40/><V112/><F112/><W27/><AGARI ba="0,2" hai="25,26,27,48,52,59,73,74,75,96,101,106,108,110" machi="27" ten="40,5200,0" yaku="1,1,0,1,54,1,53,0" doraHai="7" doraHaiUra="128" who="3" fromWho="3" sc="237,-13,277,-26,233,-13,233,72" />
</Scene>
<Scene>
<INIT seed="2,0,0,2,0,127" ten="224,251,220,305" oya="2" hai0="1,120,103,26,69,78,52,3,125,119,132,70,79" hai1="85,89,105,80,87,112,95,81,84,129,74,8,58" hai2="29,126,24,62,111,135,53,7,10,114,90,33,63" hai3="57,18,55,71,115,45,14,43,25,40,61,44,0"/><V67/><F114/><W48/><G0/><T20/><D120/><U122/><E8/><V130/><F126/><W64/><G25/><T68/><D125/><U116/><E58/><V32/><F130/><W110/><G115/><T16/><D132/><U37/><E37/><V92/><F135/><W82/><G82/><T107/><D119/><U38/><E38/><V5/><F111/><W6/><G6/><T98/><REACH who="0" step="1"/><D52/><REACH who="0" ten="214,251,220,305" step="2"/><U42/><E116/><V118/><F118/><W39/><G110/><T12/><D12/><U86/><E122/><V59/><F33/><W23/><G44/><T83/><D83/><U72/><E112/><V36/><F36/><W106/><G40/><T47/><D47/><U65/><E42/><V131/><F131/><W35/><G35/><T93/><D93/><U50/><E129/><V66/><F66/><W73/><G106/><T4/><D4/><U28/><E65/><V41/><F41/><W96/><G39/><T109/><D109/><U124/><E124/><V31/><F5/><W102/><G43/><T2/><AGARI ba="0,1" hai="1,2,3,16,20,26,68,69,70,78,79,98,103,107" machi="2" ten="40,5200,0" yaku="1,1,0,1,54,1,53,0" doraHai="127" doraHaiUra="27" who="0" fromWho="0" sc="214,62,251,-13,220,-26,305,-13" />
</Scene>
<Scene>
<INIT seed="3,0,0,0,4,129" ten="276,238,194,292" oya="3" hai0="41,63,74,101,111,10,87,24,54,132,86,135,67" hai1="18,98,47,69,110,97,14,2,84,58,55,5,35" hai2="126,29,30,8,118,81,96,66,116,124,119,72,25" hai3="73,45,71,122,64,90,17,104,21,107,0,23,93"/><W106/><G122/><T56/><D74/><U130/><E69/><V83/><F66/><W59/><G73/><T27/><D111/><U105/><E35/><V115/><F72/><W42/><G0/><T70/><D101/><U51/><E110/><V89/><F8/><W65/><G71/><T102/><D102/><U78/><E130/><V103/><F25/><N who="0" m="9802" /><D10/><U95/><E105/><V134/><F30/><W68/><G68/><T32/><D32/><U125/><E125/><N who="2" m="48235" /><F29/><W61/><G65/><T40/><D40/><U133/><E5/><V57/><F57/><W82/><G82/><N who="2" m="31241" /><F89/><W80/><G80/><T36/><D41/><U6/><E6/><V48/><F48/><W26/><G21/><T50/><D36/><U120/><E2/><V85/><F85/><W39/><REACH who="3" step="1"/><G107/><REACH who="3" ten="276,238,194,282" step="2"/><T1/><D1/><U77/><E120/><V88/><F115/><W4/><G4/><T44/><D70/><U9/><E9/><V127/><F127/><W94/><G94/><T13/><D13/><U46/><E14/><V53/><F119/><W38/><G38/><T109/><D109/><U112/><E95/><V22/><F118/><W3/><G3/><T99/><D99/><AGARI ba="0,1" hai="17,23,26,39,42,45,59,61,64,90,93,99,104,106" machi="99" ten="30,5800,0" yaku="1,1,7,1,53,1" doraHai="129" doraHaiUra="60" who="3" fromWho="0" sc="276,-58,238,0,194,0,282,68" />
</Scene>
<Scene>
<INIT seed="3,1,0,2,2,122" ten="218,238,194,350" oya="3" hai0="51,44,119,116,98,113,134,23,29,10,129,130,17" hai1="74,31,86,57,14,90,68,132,41,19,111,105,126" hai2="45,55,0,25,46,99,101,39,114,100,124,79,82" hai3="61,52,9,11,7,88,131,64,26,121,13,75,83"/><W18/><G121/><T93/><D29/><U117/><E74/><V36/><F114/><W97/><G131/><N who="0" m="50187" /><D10/><U125/><E68/><V20/><F124/><W43/><G43/><N who="0" m="24991" /><D134/><U78/><E132/><V5/><F101/><W28/><G75/><T15/><D113/><U54/><E117/><V72/><F45/><W118/><G118/><T76/><D76/><U40/><E78/><V112/><F112/><W73/><G73/><T106/><D106/><U110/><E31/><V59/><F46/><W94/><G83/><T104/><D104/><U27/><E105/><V8/><F100/><AGARI ba="1,0" hai="15,17,23,93,98,100,116,119" m="24991,50187" machi="100" ten="30,1000,0" yaku="19,1" doraHai="122" who="0" fromWho="2" sc="218,13,238,0,194,-13,350,0" />
</Scene>
<Scene>
<INIT seed="4,0,0,2,4,74" ten="231,238,181,350" oya="0" hai0="100,121,86,73,35,39,34,26,97,44,72,90,47" hai1="48,37,6,53,76,92,31,64,117,112,123,29,98" hai2="14,135,101,119,80,28,93,19,7,65,103,57,20" hai3="102,36,11,12,77,87,40,51,63,61,62,99,105"/><T114/><D121/><U78/><E37/><V8/><F135/><W27/><G36/><T109/><D114/><U2/><E123/><V104/><F104/><W46/><G27/><T59/><D109/><U54/><E117/><V96/><F119/><W70/><G70/><T25/><D59/><U107/><E107/><V60/><F28/><N who="1" m="10825" /><E2/><V106/><F106/><W16/><REACH who="3" step="1"/><G87/><REACH who="3" ten="231,238,181,340" step="2"/><T75/><D26/><U23/><E112/><V42/><F42/><W38/><G38/><T45/><D25/><U95/><E98/><V21/><F103/><W33/><G33/><T5/><D39/><U13/><E64/><V41/><F41/><W129/><G129/><T49/><D34/><U79/><E54/><V111/><F111/><W84/><G84/><T110/><D35/><U113/><E113/><V125/><F125/><W0/><G0/><T115/><D115/><U126/><E126/><V4/><REACH who="2" step="1"/><F80/><REACH who="2" ten="231,238,171,340" step="2"/><W83/><G83/><T58/><D110/><U128/><E128/><V122/><F122/><W68/><G68/><T133/><D100/><U18/><E6/><AGARI ba="0,2" hai="4,6,7,8,14,19,20,21,57,60,65,93,96,101" machi="6" ten="40,2600,0" yaku="1,1,8,1,53,0" doraHai="74" doraHaiUra="130" who="2" fromWho="1" sc="231,0,238,-26,171,46,340,0" />
</Scene>
<Scene>
<INIT seed="5,0,0,3,2,95" ten="231,212,217,340" oya="1" hai0="46,10,76,124,5,58,89,97,37,26,7,50,4" hai1="64,93,91,65,0,17,133,57,15,31,60,105,33" hai2="106,96,101,114,61,104,99,59,131,36,66,107,90" hai3="42,69,85,84,28,1,135,128,71,56,55,81,125"/><U13/><E105/><V77/><F36/><W83/><G1/><T6/><D124/><U112/><E0/><V52/><F131/><W29/><G42/><T39/><D76/><U40/><E133/><V123/><F123/><W80/><G128/><T117/><D117/><U24/><E40/><V25/><F114/><W54/><G125/><T43/><D26/><U45/><E45/><V82/><F25/><W129/><G129/><T30/><D30/><N who="3" m="11881" /><G56/><T19/><D19/><U113/><E65/><V92/><F66/><W12/><G12/><T88/><D58/><U122/><E122/><V108/><F108/><W2/><G2/><T27/><D27/><U32/><E33/><V41/><F41/><W111/><G111/><T79/><D79/><U22/><REACH who="1" step="1"/><E13/><REACH who="1" ten="231,202,217,340" step="2"/><V126/><F126/><W35/><G35/><T94/><D39/><U127/><E127/><V75/><AGARI ba="0,1" hai="52,59,61,75,77,82,90,92,96,99,101,104,106,107" machi="75" ten="20,8000,1" yaku="0,1,7,1,52,2,54,1" doraHai="95" who="2" fromWho="2" sc="231,-20,202,-40,217,90,340,-20" />
</Scene>
<Scene>
<INIT seed="6,0,0,1,5,115" ten="211,162,307,320" oya="2" hai0="50,66,21,100,32,61,5,109,36,53,54,24,72" hai1="43,47,125,75,26,80,44,121,42,128,119,67,76" hai2="41,60,63,56,83,14,74,98,114,102,123,12,34" hai3="28,45,18,106,124,13,4,37,93,94,103,87,105"/><V116/><F116/><W129/><G4/><T55/><D109/><U65/><E128/><V25/><F123/><W0/><G0/><T81/><D36/><U38/><E121/><V107/><F114/><W126/><G28/><T132/><D132/><U70/><E125/><N who="3" m="48234" /><G129/><T111/><D111/><U3/><E26/><V110/><F110/><W71/><G71/><T33/><D5/><U135/><E135/><V91/><F41/><N who="3" m="22703" /><G87/><T89/><D100/><U92/><E3/><V7/><F7/><W68/><G68/><T88/><D50/><U22/><E70/><V1/><F1/><W40/><G40/><T51/><D51/><U85/><E22/><V82/><F82/><W134/><G134/><T52/><D54/><U20/><E20/><V58/><F74/><W49/><G49/><T46/><D46/><U29/><E29/><V16/><F34/><W77/><G77/><T17/><D72/><U2/><E2/><V27/><F107/><N who="3" m="40971" /><G103/><T117/><D117/><U130/><E130/><V131/><F131/><W9/><AGARI ba="0,0" hai="9,13,18,93,94" m="40971,22703,48234" machi="9" ten="30,1100,0" yaku="18,1" doraHai="115" who="3" fromWho="3" sc="211,-3,162,-3,307,-5,320,11" />
</Scene>
<Scene>
<INIT seed="7,0,0,0,4,12" ten="208,159,302,331" oya="3" hai0="29,66,88,53,122,13,25,7,114,111,63,87,133" hai1="89,21,123,98,79,48,109,71,108,132,6,38,60" hai2="52,34,84,37,101,118,30,110,85,57,131,58,46" hai3="99,10,28,39,56,44,73,92,41,23,68,94,14"/><W47/><G68/><T70/><D111/><U42/><E79/><V40/><F110/><W17/><G73/><T76/><D122/><U120/><E6/><V95/><F118/><W93/><G56/><T90/><D133/><U134/><E21/><V5/><F131/><W96/><G44/><T59/><D114/><U50/><E98/><V31/><F58/><W107/><G107/><T91/><D76/><U78/><E78/><V127/><F127/><W102/><G99/><T77/><D77/><U86/><E86/><V3/><F84/><W43/><G43/><T104/><D104/><U22/><E22/><V32/><F32/><W45/><G45/><T27/><D87/><U105/><E105/><V4/><F3/><W55/><G55/><T135/><D135/><U121/><E89/><V113/><F113/><W124/><G124/><T16/><D7/><U19/><E121/><V62/><F34/><W20/><G20/><T83/><D83/><U100/><E71/><V49/><F37/><W18/><G28/><N who="2" m="10793" /><F101/><W74/><G74/><T15/><D29/><U9/><E38/><V116/><F116/><W82/><G82/><T112/><D112/><U97/><E42/><V117/><F117/><W26/><AGARI ba="0,0" hai="10,14,17,18,23,26,39,41,47,92,93,94,96,102" machi="26" ten="20,7800,0" yaku="0,1,7,1,52,2" doraHai="12" who="3" fromWho="3" sc="208,-26,159,-26,302,-26,331,78" owari="182,-22.0,133,-37.0,276,8.0,409,51.0" />
</Scene>
</mjloggm>