<mjloggm ver="2.3"><GO type="41"/><UN n0="%E5%A4%AA%E3%81%8F%E3%81%AA%E3%81%84%E3%81%8A" n1="%E4%B8%AD%E9%87%8C%E3%82%AD%E3%83%AA" n2="%64%61%6E" n3="%EF%BC%AF%E9%B7%B9%C3%97%E7%BE%BD%EF%BC%AF" dan="13,13,14,15" rate="1991,1951,2064,2028" sx="M,M,M,M"/><TAIKYOKU oya="0"/>

<Scene>
<INIT seed="0,0,0,5,5,62" ten="250,250,250,250" oya="0" hai0="21,131,81,87,37,47,32,39,100,135,121,101,0" hai1="14,56,33,99,110,3,122,129,119,76,108,10,49" hai2="63,26,89,88,78,59,71,84,98,28,104,82,112" hai3="83,6,94,126,8,69,115,85,134,24,30,52,106"/><T15/><D121/><U123/><E76/><V105/><F112/><W11/><G115/><T132/><D0/><U86/><E99/><V117/><F117/><W109/><G106/><T111/><D32/><U103/><E86/><V25/><F25/><W1/><G126/><T68/><D68/><U77/><E103/><N who="0" m="39497" /><D47/><U43/><E77/><V73/><F71/><W9/><G109/><N who="1" m="42090" /><E56/><V118/><F118/><W91/><G134/><N who="0" m="51243" /><D111/><U58/><E58/><V29/><F29/><W55/><G69/><T97/><D97/><U80/><E123/><V2/><F2/><W96/><G11/><T13/><D131/><U93/><E129/><V19/><F89/><W113/><G9/><T4/><D4/><U128/><E10/><V17/><F17/><W41/><G41/><T38/><D21/><U125/><E33/><V36/><F36/><N who="0" m="9218" /><T35/><DORA hai="48" /><D35/><U31/><E43/><V27/><F105/><W90/><G113/><T54/><D54/><U133/><E3/><V66/><F104/><W18/><G18/><T23/><D23/><AGARI ba="0,0" hai="1,6,8,23,24,30,52,55,83,85,90,91,94,96" machi="23" ten="30,7700,0" yaku="7,1,52,2,54,1" doraHai="62,48" who="3" fromWho="0" sc="250,-77,250,0,250,0,250,77" />
</Scene>
<Scene>
<INIT seed="1,0,0,5,0,103" ten="173,250,250,327" oya="1" hai0="8,71,101,4,42,37,89,127,96,91,72,15,5" hai1="27,32,57,107,69,112,64,118,24,123,83,12,11" hai2="131,38,34,7,62,106,40,73,81,0,28,99,121" hai3="92,22,116,88,95,59,39,68,46,124,49,115,1"/><U48/><E123/><V110/><F121/><W135/><G115/><T119/><D119/><U86/><E107/><V61/><F61/><W23/><G1/><T105/><D71/><U130/><E118/><V78/><F62/><W50/><G116/><T31/><D72/><U129/><E112/><V9/><F131/><N who="1" m="50185" /><E69/><V122/><F122/><W55/><G68/><T3/><D127/><U67/><E32/><V45/><F110/><W30/><G124/><T80/><D31/><U60/><E48/><V90/><F90/><W100/><G39/><T134/><D134/><U75/><E75/><V58/><F58/><W76/><G135/><T63/><D63/><U85/><E64/><V13/><F13/><W98/><G76/><T133/><D133/><U17/><E86/><V29/><F99/><W21/><G30/><T65/><D65/><U108/><E108/><V14/><F14/><W18/><G49/><T94/><D80/><U56/><E56/><V77/><F77/><AGARI ba="0,0" hai="11,12,17,24,27,57,60,67,77,83,85" m="50185" machi="77" ten="30,1500,0" yaku="19,1" doraHai="103" who="1" fromWho="2" sc="173,0,250,15,250,-15,327,0" />
</Scene>
<Scene>
<INIT seed="1,1,0,2,4,109" ten="173,265,235,327" oya="1" hai0="45,6,73,132,84,74,96,9,14,124,133,107,123" hai1="3,62,11,93,76,33,129,64,82,42,32,19,122" hai2="101,5,135,41,23,7,110,89,71,75,92,54,46" hai3="115,55,78,22,66,58,105,29,131,81,63,94,121"/><U30/><E122/><V16/><F75/><W57/><G115/><T77/><D123/><U98/><E129/><V103/><F71/><W90/><G121/><T20/><D124/><U15/><E42/><V31/><F31/><W52/><G105/><T60/><D60/><U106/><E3/><V95/><F135/><N who="0" m="51786" /><D45/><U59/><E106/><V111/><F54/><W126/><G131/><T10/><D20/><U116/><E116/><V61/><F61/><W67/><G126/><T125/><D125/><U13/><E13/><V86/><F7/><W50/><G29/><T1/><D84/><U8/><E8/><V21/><F5/><W72/><REACH who="3" step="1"/><G22/><REACH who="3" ten="173,265,235,317" step="2"/><T37/><D107/><U117/><E30/><V2/><F23/><W28/><G28/><T18/><D10/><U128/><E128/><V0/><F110/><W26/><G26/><T34/><D9/><U38/><E33/><V114/><F111/><W99/><AGARI ba="1,1" hai="50,52,55,57,58,63,66,67,72,78,81,90,94,99" machi="99" ten="20,5200,0" yaku="1,1,0,1,7,1,54,1,53,0" doraHai="109" doraHaiUra="80" who="3" fromWho="3" sc="173,-14,265,-27,235,-14,317,65" />
</Scene>
<Scene>
<INIT seed="2,0,0,2,5,59" ten="159,238,221,382" oya="2" hai0="48,9,18,95,55,128,122,70,38,29,7,114,126" hai1="80,104,11,32,83,81,25,30,12,110,125,67,36" hai2="51,77,24,49,121,13,61,19,22,78,74,100,106" hai3="65,63,60,88,37,113,1,115,3,130,73,15,45"/><V23/><F121/><W90/><G73/><T72/><D122/><U124/><E104/><V94/><F106/><W132/><G130/><T17/><D114/><N who="3" m="43529" /><G132/><T108/><D72/><U66/><E36/><V5/><F74/><W85/><G15/><T26/><D38/><U79/><E79/><V0/><F0/><N who="3" m="75" /><G65/><T20/><D128/><U54/><E54/><V133/><F133/><W116/><G116/><T129/><D129/><U76/><E76/><V84/><F78/><W43/><G90/><T123/><D123/><U118/><E118/><V93/><F5/><W58/><G58/><T111/><D70/><U4/><REACH who="1" step="1"/><E110/><REACH who="1" ten="159,228,221,382" step="2"/><V57/><F77/><W117/><G117/><T62/><D108/><U2/><E2/><V28/><F84/><W102/><G102/><T40/><D111/><U39/><E39/><V42/><F42/><W35/><G35/><T75/><D40/><U69/><E69/><V105/><F105/><W134/><G134/><T16/><D55/><U33/><E33/><V44/><F44/><W21/><G21/><T50/><D20/><U131/><E131/><V31/><F31/><W86/><G86/><T34/><D29/><U27/><E27/><V46/><F46/><W8/><G8/><T91/><D26/><U135/><E135/><V119/><F119/><W14/><G14/><T109/><D9/><U64/><AGARI ba="0,1" hai="4,11,12,25,30,32,64,66,67,80,81,83,124,125" machi="64" ten="40,5200,0" yaku="1,1,0,1,53,1" doraHai="59" doraHaiUra="10" who="1" fromWho="1" sc="159,-13,228,62,221,-26,382,-13" />
</Scene>
<Scene>
<INIT seed="3,0,0,2,3,78" ten="146,290,195,369" oya="3" hai0="60,131,99,112,38,61,126,77,103,66,111,14,84" hai1="88,3,46,24,72,79,130,73,44,80,81,4,41" hai2="45,124,132,25,101,135,22,8,7,100,57,74,0" hai3="37,39,10,26,42,92,71,13,67,75,115,19,6"/><W82/><G115/><T51/><D38/><N who="1" m="21559" /><E46/><V70/><F70/><W48/><G71/><T108/><D112/><U98/><E130/><V52/><F45/><W87/><G67/><T94/><D131/><U133/><E24/><V63/><F74/><W120/><G120/><T122/><D122/><U83/><E133/><N who="2" m="51275" /><F124/><W18/><G75/><T90/><D126/><U128/><E128/><V30/><AGARI ba="0,0" hai="0,7,8,22,25,30,52,57,63,100,101" m="51275" machi="30" ten="30,2000,0" yaku="20,1,54,1" doraHai="78" who="2" fromWho="2" sc="146,-5,290,-5,195,20,369,-10" />
</Scene>
<Scene>
<INIT seed="4,0,0,4,5,5" ten="141,285,215,359" oya="0" hai0="68,37,86,99,56,119,18,16,22,77,57,3,1" hai1="76,39,96,103,132,2,82,133,27,70,81,115,8" hai2="67,23,11,42,9,25,15,116,36,90,129,75,46" hai3="126,102,54,21,89,35,47,61,59,14,69,40,73"/><T44/><D68/><U85/><E70/><V113/><F75/><W43/><G126/><T66/><D119/><U117/><E39/><V0/><F116/><W60/><G35/><T64/><D99/><U58/><E58/><V62/><F113/><W12/><G73/><T51/><D37/><U130/><E27/><V134/><F129/><W13/><G102/><T71/><D71/><U135/><E115/><V100/><F134/><W94/><G69/><T107/><D107/><N who="1" m="63975" /><E117/><V10/><F0/><W101/><G101/><T49/><D77/><N who="1" m="46255" /><E2/><V24/><F100/><W92/><G92/><T29/><D86/><N who="1" m="48455" /><E8/><V109/><F109/><W20/><G60/><T31/><REACH who="0" step="1"/><D22/><REACH who="0" ten="131,285,215,359" step="2"/><U33/><E33/><V123/><F123/><W78/><G21/><T72/><D72/><U87/><E87/><V118/><F118/><W111/><G20/><T65/><D65/><U32/><E32/><V48/><F36/><W38/><G38/><T120/><D120/><U80/><E80/><V88/><F15/><W79/><G12/><T121/><D121/><U112/><E112/><V91/><REACH who="2" step="1"/><F23/><REACH who="2" ten="131,285,205,359" step="2"/><W34/><G13/><T53/><D53/><U98/><E130/><V125/><F125/><W95/><G54/><T97/><D97/><AGARI ba="0,2" hai="97,98,132,133,135" m="48455,46255,63975" machi="97" ten="30,3900,0" yaku="20,1,34,2" doraHai="5" who="1" fromWho="0" sc="131,-39,285,59,205,0,359,0" />
</Scene>
<Scene>
<INIT seed="5,0,0,1,3,82" ten="92,344,205,359" oya="1" hai0="22,47,53,39,11,132,121,69,90,86,94,79,91" hai1="46,44,36,119,130,106,0,15,51,96,64,120,61" hai2="115,104,1,105,87,135,52,117,2,99,80,68,12" hai3="28,76,38,73,33,75,134,83,8,4,126,17,93"/><U35/><E0/><V25/><F68/><W129/><G134/><T108/><D108/><U81/><E35/><V7/><F117/><W6/><G129/><T62/><D132/><U65/><E15/><V19/><F135/><W57/><G126/><T60/><D121/><U124/><E81/><V77/><F25/><W45/><G75/><T30/><D79/><U131/><E96/><V72/><F7/><W71/><G71/><T49/><D39/><U78/><E78/><V114/><F72/><W23/><G57/><T40/><D69/><N who="1" m="42127" /><E106/><V84/><F2/><W14/><G93/><T31/><D11/><U16/><E16/><V18/><F1/><W128/><G128/><N who="1" m="49194" /><E119/><V103/><F104/><W58/><G58/><T74/><D74/><U102/><E102/><V55/><F87/><W110/><G110/><T37/><D91/><U66/><E124/><V20/><REACH who="2" step="1"/><F19/><REACH who="2" ten="92,344,195,359" step="2"/><W100/><G4/><T95/><D95/><U97/><E120/><V29/><F29/><W13/><G28/><T56/><REACH who="0" step="1"/><D31/><REACH who="0" ten="82,344,195,359" step="2"/><U3/><E3/><V109/><F109/><W101/><G33/><T92/><D92/><U116/><E116/><V59/><F59/><W123/><G123/><T48/><D48/><U113/><E51/><V125/><F125/><W67/><G38/><T42/><D42/><U118/><E36/><V107/><F107/><W70/><G45/><T24/><AGARI ba="0,2" hai="22,24,30,37,40,47,49,53,56,60,62,86,90,94" machi="24" ten="30,4000,0" yaku="1,1,0,1,52,1,53,0" doraHai="82" doraHaiUra="111" who="0" fromWho="0" sc="82,60,344,-20,195,-10,359,-10" />
</Scene>
<Scene>
<INIT seed="6,0,0,2,2,99" ten="142,324,185,349" oya="2" hai0="71,92,70,47,74,66,53,76,91,22,86,73,133" hai1="129,27,85,12,125,35,38,79,97,23,42,118,62" hai2="57,11,135,95,39,0,115,14,63,109,108,110,8" hai3="80,6,54,131,37,49,93,119,18,104,105,81,65"/><V7/><F39/><W3/><G119/><T103/><D133/><U107/><E35/><V10/><F135/><W75/><G37/><T56/><D76/><U83/><E118/><V24/><F115/><W1/><G65/><T21/><D47/><U132/><E132/><V126/><F126/><W31/><G31/><T16/><D22/><U5/><E125/><V124/><F124/><W26/><G131/><T116/><D116/><U100/><E129/><V90/><F24/><W33/><G33/><T2/><D2/><U106/><E62/><V72/><F72/><W34/><G34/><T45/><D45/><U4/><E107/><V41/><F41/><W134/><G75/><T64/><D74/><U25/><E42/><V69/><F69/><W59/><G93/><N who="0" m="54519" /><D71/><U9/><E38/><V52/><REACH who="2" step="1"/><F0/><REACH who="2" ten="142,324,175,349" step="2"/><W28/><G134/><T29/><D70/><U112/><E112/><V121/><F121/><W128/><G3/><T77/><D73/><U101/><E25/><V67/><F67/><W40/><G26/><N who="0" m="14631" /><D29/><U51/><E27/><V55/><F55/><W130/><G28/><T94/><D77/><U111/><E79/><V32/><F32/><W36/><G40/><T120/><D120/><U48/><E111/><V13/><F13/><W60/><G36/><T84/><D66/><U96/><E12/><V89/><F89/><W19/><G1/><T17/><D64/><U44/><E44/><V82/><F82/><N who="3" m="31851" /><G130/><T61/><D53/><U87/><E83/><V114/><F114/><W30/><G128/><T68/><D68/><U102/><E106/><V98/><AGARI ba="0,1" hai="7,8,10,11,14,52,57,63,90,95,98,108,109,110" machi="98" ten="30,24000,3" yaku="1,1,5,1,0,1,10,1,54,1,53,3" doraHai="99" doraHaiUra="122" who="2" fromWho="2" sc="142,-80,324,-80,175,250,349,-80" />
</Scene>
<Scene>
<INIT seed="6,1,0,4,5,94" ten="62,244,425,269" oya="2" hai0="108,38,39,53,12,79,63,130,33,98,75,118,24" hai1="66,16,113,119,28,18,42,99,104,37,100,95,85" hai2="90,58,10,120,50,89,3,64,8,131,35,45,128" hai3="48,105,117,126,112,11,123,134,47,121,51,46,116"/><V60/><F35/><W56/><G105/><T127/><D53/><U2/><E2/><V101/><F120/><N who="3" m="46155" /><G11/><T135/><D12/><U76/><E119/><N who="3" m="45642" /><G134/><T49/><D49/><N who="3" m="19017" /><G126/><T74/><D63/><U59/><E113/><V68/><F68/><W65/><G112/><T122/><D24/><U114/><E114/><V17/><F101/><W43/><G43/><T6/><D6/><U109/><E109/><V22/><F3/><W72/><G72/><T81/><D81/><U15/><E28/><V83/><F128/><W57/><G65/><T70/><D79/><U32/><E32/><V129/><F131/><W92/><G92/><T107/><D98/><U20/><E18/><V0/><F0/><W73/><G73/><T7/><D7/><U4/><E4/><V9/><F129/><W19/><G19/><T125/><D75/><U67/><E59/><AGARI ba="1,0" hai="46,47,56,57,59" m="19017,45642,46155" machi="59" ten="40,8000,1" yaku="28,2,34,2" doraHai="94" who="3" fromWho="1" sc="62,0,244,-83,425,0,269,83" />
</Scene>
<Scene>
<INIT seed="7,0,0,4,4,88" ten="62,161,425,352" oya="3" hai0="127,100,70,54,22,109,122,53,10,93,77,47,92" hai1="86,130,128,9,126,24,20,44,129,31,112,91,38" hai2="95,116,72,17,21,57,117,80,115,71,99,68,18" hai3="121,45,85,26,111,107,55,28,11,120,124,19,30"/><W105/><G124/><T114/><D109/><U7/><E126/><V12/><F71/><W32/><G111/><T56/><D127/><U42/><E112/><V5/><F68/><W64/><G30/><T133/><D70/><U113/><E113/><V96/><F115/><W83/><G64/><T76/><D114/><U3/><REACH who="1" step="1"/><E129/><REACH who="1" ten="62,151,425,352" step="2"/><V101/><F116/><W119/><G119/><T75/><D122/><U67/><E67/><V46/><F117/><W49/><G121/><T0/><D133/><U108/><E108/><V79/><F5/><W123/><G120/><T14/><D75/><U90/><E90/><V1/><F1/><W78/><G123/><T74/><D74/><U62/><E62/><V13/><F72/><W134/><G134/><T43/><D0/><U94/><AGARI ba="0,1" hai="3,7,9,20,24,31,38,42,44,86,91,94,128,130" machi="94" ten="30,4000,0" yaku="1,1,0,1,52,1,53,0" doraHai="88" doraHaiUra="98" who="1" fromWho="1" sc="62,-10,151,50,425,-10,352,-20" owari="52,-45.0,201,-20.0,415,52.0,332,13.0" />
</Scene>
</mjloggm>