<mjloggm ver="2.3"><GO type="97"/><UN n0="%E5%A4%AA%E3%81%8F%E3%81%AA%E3%81%84%E3%81%8A" n1="%E7%A9%BA%E6%B0%B4%E7%8C%AB" n2="%E5%BF%AB%E5%88%80%E4%B9%B1%E9%BA%BB" n3="%E6%99%BA%E6%99%B6" dan="14,16,13,14" rate="2029,2059,1951,1978" sx="M,M,M,M"/><TAIKYOKU oya="0"/>

<Scene>
<INIT seed="0,0,0,5,1,99" ten="250,250,250,250" oya="0" hai0="9,66,108,3,52,81,49,96,82,103,29,88,120" hai1="69,94,86,129,31,57,77,40,74,133,0,15,67" hai2="45,115,85,111,21,113,13,39,102,32,72,64,5" hai3="48,121,18,71,44,63,110,104,10,90,79,30,84"/><T93/><D120/><U105/><E0/><V6/><F72/><W25/><G121/><T128/><D128/><U14/><E69/><V91/><F32/><W12/><G79/><T58/><D108/><U47/><E105/><V101/><F64/><W126/><G110/><T124/><D124/><U80/><E129/><V89/><F111/><W1/><G126/><T22/><D66/><U16/><E133/><V62/><F62/><W83/><G1/><T68/><D68/><U118/><E118/><V75/><F75/><W134/><G134/><T131/><D131/><U46/><E74/><V7/><F91/><W92/><G104/><T27/><REACH who="0" step="1"/><D103/><REACH who="0" ten="240,250,250,250" step="2"/><U97/><E67/><V114/><F102/><W117/><G71/><T109/><D109/><U76/><E40/><V60/><F101/><W34/><G117/><T107/><D107/><U11/><E77/><V95/><F115/><W132/><G132/><T26/><D26/><U8/><E76/><V38/><F114/><W119/><G119/><T61/><D61/><U56/><E56/><V53/><F60/><W98/><G63/><T50/><D50/><U100/><E57/><V2/><F113/><W20/><G48/><T125/><D125/><U43/><E43/><V51/><F2/><W127/><G127/><T65/><D65/><U37/><E47/><V23/><F39/><W116/><G44/><T73/><D73/><U55/><E37/><V19/><F38/><W78/><G116/><T41/><D41/><U106/><E46/><V59/><F45/><W135/><G135/><T112/><D112/><U4/><E106/><RYUUKYOKU ba="0,1" sc="240,10,250,-30,250,10,250,10" hai0="3,9,22,27,29,49,52,58,81,82,88,93,96" hai2="5,6,7,13,19,21,23,51,53,59,85,89,95" hai3="10,12,18,20,25,30,34,78,83,84,90,92,98" />
</Scene>
<Scene>
<INIT seed="0,1,1,0,5,23" ten="250,220,260,260" oya="0" hai0="65,121,102,129,10,94,55,107,4,24,12,70,30" hai1="117,41,0,33,116,125,20,31,100,63,109,50,51" hai2="134,97,27,118,92,61,108,14,21,131,128,46,110" hai3="25,42,88,58,75,133,35,85,72,122,127,32,95"/><T28/><D121/><U5/><E33/><V9/><F134/><W74/><G133/><T40/><D129/><N who="2" m="49738" /><F118/><W16/><G42/><T76/><D40/><U64/><E109/><V120/><F61/><W36/><G36/><T115/><D115/><U79/><E125/><V104/><F46/><W37/><G37/><T6/><D76/><U135/><E135/><V29/><F104/><W73/><G127/><T82/><D82/><U34/><E34/><V99/><F120/><W53/><G122/><T87/><D107/><U17/><E31/><V124/><F124/><W8/><N who="3" m="18944" /><DORA hai="71" /><W26/><G8/><T111/><D30/><U93/><E79/><V130/><F130/><W60/><REACH who="3" step="1"/><G26/><REACH who="3" ten="250,220,260,250" step="2"/><T123/><D24/><U66/><E116/><V49/><F110/><W81/><G81/><T91/><D111/><U47/><E117/><V101/><F108/><W98/><G98/><T90/><D10/><U96/><E96/><N who="2" m="59527" /><F49/><W1/><G1/><T114/><D123/><U7/><E51/><V83/><F83/><W43/><G43/><T38/><D38/><U2/><E2/><V84/><F84/><W67/><G67/><T3/><D65/><U62/><E66/><V19/><AGARI ba="1,2" hai="9,14,19,21,27,29,97,99" m="59527,49738" machi="19" ten="30,2000,0" yaku="19,1,52,1" doraHai="23,71" who="2" fromWho="2" sc="250,-11,220,-6,260,43,250,-6" />
</Scene>
<Scene>
<INIT seed="1,0,0,3,1,134" ten="239,214,303,244" oya="1" hai0="132,66,113,18,76,63,19,72,117,27,4,114,25" hai1="126,24,52,116,78,110,36,20,47,68,1,0,30" hai2="119,54,23,14,28,79,133,95,11,91,55,85,120" hai3="50,45,108,118,67,37,17,94,60,6,69,44,2"/><U42/><E116/><V40/><F120/><W35/><G35/><T38/><D38/><U46/><E68/><V125/><F119/><W61/><G118/><T129/><D117/><U89/><E78/><V87/><F125/><W70/><G108/><T57/><D4/><U97/><E126/><V127/><F127/><W131/><G131/><T105/><D105/><U16/><E110/><V59/><F40/><W22/><G94/><T77/><D129/><U31/><E97/><N who="2" m="57599" /><F133/><W21/><G6/><T92/><D132/><U65/><E65/><V34/><F34/><W109/><G2/><T33/><D72/><U103/><E103/><V122/><F122/><W123/><G123/><T81/><D33/><U15/><E89/><V62/><F79/><W82/><G82/><T58/><D81/><U53/><E31/><V121/><F55/><W48/><G17/><T86/><D92/><U26/><E26/><N who="2" m="16479" /><F121/><W112/><G109/><T106/><D106/><U128/><E128/><V107/><F107/><W93/><G93/><T80/><D80/><U7/><E47/><V124/><F124/><W73/><G67/><T9/><D66/><U90/><E90/><V8/><F8/><W29/><G37/><T99/><D9/><N who="1" m="2279" /><E1/><V5/><AGARI ba="0,0" hai="5,11,14,54,59,62,85,87" m="16479,57599" machi="5" ten="30,1100,0" yaku="8,1" doraHai="134" who="2" fromWho="2" sc="239,-3,214,-5,303,11,244,-3" />
</Scene>
<Scene>
<INIT seed="2,0,0,3,2,44" ten="236,209,314,241" oya="2" hai0="8,87,30,76,105,71,58,57,110,122,40,93,14" hai1="94,68,115,19,41,43,66,52,60,99,85,113,121" hai2="114,104,47,69,27,53,12,50,28,49,100,108,116" hai3="123,35,95,90,132,124,25,81,63,106,131,15,24"/><V79/><F116/><W39/><G123/><T88/><D122/><U20/><E121/><V9/><F114/><W97/><G39/><T67/><D105/><U102/><E85/><V129/><F69/><W96/><G124/><T55/><D110/><U83/><E83/><V54/><F79/><W62/><G131/><T36/><D30/><U2/><E2/><V127/><F129/><W75/><G132/><T31/><D31/><U45/><E43/><V77/><F77/><W103/><G15/><T29/><D29/><U5/><E5/><V112/><F112/><W0/><G0/><T16/><D76/><U120/><E120/><V7/><F127/><W118/><G118/><T130/><D130/><U65/><E65/><V91/><F91/><W61/><G35/><T11/><D36/><U26/><REACH who="1" step="1"/><E52/><REACH who="1" ten="236,199,314,241" step="2"/><V74/><F74/><W48/><G75/><T38/><D40/><U72/><E72/><V3/><F108/><W78/><G81/><T98/><D67/><U73/><E73/><V89/><F3/><W64/><G64/><T6/><D55/><U107/><E107/><V46/><F104/><W10/><G78/><T56/><D71/><U42/><E42/><V135/><F135/><W125/><G125/><T59/><D59/><U101/><E101/><V22/><F100/><W117/><G117/><T21/><D38/><AGARI ba="0,1" hai="19,20,26,38,41,45,60,66,68,94,99,102,113,115" machi="38" ten="30,2000,0" yaku="1,1,7,1,53,0" doraHai="44" doraHaiUra="119" who="1" fromWho="0" sc="236,-20,199,30,314,0,241,0" />
</Scene>
<Scene>
<INIT seed="3,0,0,2,2,17" ten="216,229,314,241" oya="3" hai0="57,65,112,39,103,58,106,23,19,92,50,46,6" hai1="88,89,73,74,40,102,114,12,117,9,72,5,66" hai2="82,24,20,22,84,43,42,2,44,54,116,93,118" hai3="25,98,122,121,119,108,48,78,15,90,87,124,36"/><W61/><G36/><T35/><D35/><U97/><E114/><V70/><F2/><W47/><G119/><T91/><D39/><U96/><E117/><V11/><F70/><W16/><G78/><T7/><D112/><U69/><E40/><V115/><F115/><W29/><G98/><N who="0" m="59847" /><D106/><U10/><E97/><V41/><F11/><W0/><G0/><T34/><D34/><U14/><E66/><V53/><F116/><W109/><G61/><N who="0" m="38063" /><D58/><U130/><E69/><V132/><F132/><W105/><G105/><T18/><D91/><U38/><E38/><V95/><F118/><W8/><G124/><T28/><D28/><U86/><E86/><V80/><F42/><N who="3" m="24695" /><G87/><T135/><D135/><U45/><E45/><V99/><F84/><W37/><G90/><T51/><D19/><U67/><E67/><V60/><F44/><W83/><G83/><T21/><D51/><U55/><E55/><V120/><F120/><W94/><G37/><T79/><D79/><U75/><E75/><V27/><F60/><W4/><G94/><T128/><D128/><U1/><E1/><V111/><F99/><W13/><G29/><T26/><D23/><U101/><E130/><V49/><F49/><W126/><G126/><T68/><D68/><U123/><E123/><V59/><F59/><W3/><G3/><T81/><D81/><U113/><E113/><V76/><F76/><W33/><G33/><T52/><AGARI ba="0,0" hai="6,7,18,21,26,46,50,52" m="38063,59847" machi="52" ten="30,4000,0" yaku="8,1,52,1,54,1" doraHai="17" who="0" fromWho="0" sc="216,40,229,-10,314,-10,241,-20" owari="256,6.0,219,-28.0,304,40.0,221,-18.0" />
</Scene>
</mjloggm>