<mjloggm ver="2.3"><GO type="193"/><UN n0="%E5%A4%AA%E3%81%8F%E3%81%AA%E3%81%84%E3%81%8A" n1="%E3%83%91%E3%83%97%E3%83%AA%E3%82%B3" n2="%E3%82%AA%E3%83%AC%E6%A7%98%E2%99%AA" n3="%70%65%72%6F%72%69%6E" dan="12,11,14,11" rate="1937,1653,1788,1566" sx="M,M,M,M"/><TAIKYOKU oya="0"/>

<Scene>
<INIT seed="0,0,0,1,1,41" ten="250,250,250,250" oya="0" hai0="79,12,91,110,134,54,133,24,55,32,73,40,95" hai1="26,74,89,70,18,51,0,56,16,80,69,1,10" hai2="122,36,38,114,19,77,44,58,29,93,25,118,2" hai3="126,8,23,15,111,117,37,130,72,46,5,22,85"/><T98/><D110/><U87/><E74/><V125/><F118/><W33/><G117/><T105/><D105/><U124/><E124/><V17/><F122/><W50/><G126/><T116/><D116/><U67/><E1/><V47/><F125/><W64/><G111/><T27/><D40/><U115/><E115/><V106/><F2/><W48/><G130/><T82/><D12/><U14/><E0/><V103/><F106/><W39/><G33/><T97/><D97/><U7/><E7/><V3/><F3/><W108/><G108/><T52/><REACH who="0" step="1"/><D32/><REACH who="0" ten="240,250,250,250" step="2"/><U81/><E69/><V107/><F114/><W123/><G123/><T13/><D13/><U71/><E70/><V104/><F107/><W92/><G72/><T68/><D68/><U43/><E71/><V119/><F104/><W45/><G64/><T113/><D113/><U42/><E67/><V49/><F119/><W62/><G62/><T120/><D120/><U75/><E43/><V31/><F38/><W11/><G92/><T59/><D59/><U101/><E75/><V129/><F36/><W94/><G94/><T9/><D9/><U60/><E56/><V131/><F129/><W132/><G132/><AGARI ba="0,1" hai="24,27,52,54,55,73,79,82,91,95,98,132,133,134" machi="132" ten="40,7700,0" yaku="1,1,20,1,54,1,53,0" doraHai="41" doraHaiUra="99" who="0" fromWho="3" sc="240,87,250,0,250,0,250,-77" />
</Scene>
<Scene>
<INIT seed="0,1,0,3,0,39" ten="327,250,250,173" oya="0" hai0="52,104,27,113,25,30,11,102,35,94,85,124,79" hai1="118,45,58,135,67,117,40,57,116,89,66,131,29" hai2="6,132,16,4,31,88,41,111,28,92,129,18,82" hai3="62,56,109,7,107,61,74,100,3,49,26,32,95"/><T2/><D113/><U54/><E29/><N who="2" m="11339" /><F111/><W112/><G112/><T83/><D124/><U68/><E89/><V70/><F129/><W119/><G119/><T77/><D104/><U86/><E86/><V133/><F70/><W110/><G74/><T43/><D27/><U130/><E68/><V127/><F82/><W37/><G95/><T114/><D114/><U125/><E125/><V9/><F127/><W17/><G56/><N who="1" m="21610" /><E54/><V15/><F41/><W126/><G126/><T80/><D43/><U13/><E13/><N who="2" m="7215" /><F88/><W105/><G100/><T44/><D2/><U64/><E135/><N who="2" m="51787" /><F92/><W115/><G115/><T75/><D94/><U98/><E98/><V46/><F46/><W93/><G93/><T0/><D102/><U103/><E103/><V99/><F99/><W91/><G91/><T59/><D44/><U34/><E34/><V36/><F36/><AGARI ba="1,0" hai="36,40,45,64,66,67,116,117,118,130,131" m="21610" machi="36" ten="40,5200,0" yaku="34,2,52,1" doraHai="39" who="1" fromWho="2" sc="327,0,250,55,250,-55,173,0" />
</Scene>
<Scene>
<INIT seed="1,0,0,4,0,89" ten="327,305,195,173" oya="1" hai0="68,116,10,69,74,110,114,111,59,25,135,48,9" hai1="2,5,35,128,94,129,58,60,112,118,49,95,122" hai2="108,11,15,30,127,76,70,87,21,72,130,84,16" hai3="123,20,103,106,55,44,125,31,66,26,71,101,18"/><U23/><E122/><V99/><F70/><N who="0" m="27242" /><D74/><U32/><E118/><V27/><F108/><N who="0" m="41514" /><D116/><U12/><E112/><V92/><F130/><N who="1" m="50281" /><E2/><V4/><F127/><W98/><G123/><T133/><D114/><U113/><E113/><V75/><F75/><W22/><G125/><T61/><D48/><U121/><E121/><V117/><F117/><W47/><G71/><T24/><D9/><N who="1" m="4143" /><E49/><V77/><F72/><W7/><G66/><N who="0" m="39231" /><D10/><U28/><E23/><N who="2" m="15743" /><F76/><W80/><G80/><T100/><D100/><U1/><E1/><V64/><F77/><W46/><G7/><T86/><D86/><U57/><E28/><V91/><F64/><W14/><REACH who="3" step="1"/><G55/><REACH who="3" ten="327,305,195,163" step="2"/><T131/><D131/><U85/><E60/><V63/><F63/><W17/><G17/><T83/><D83/><U65/><E65/><V96/><F4/><W88/><G88/><T109/><D109/><U50/><E50/><V33/><F33/><N who="1" m="12873" /><E85/><N who="2" m="32843" /><F99/><W124/><G124/><T37/><D37/><U13/><E13/><V6/><F6/><W38/><G38/><T52/><D52/><U0/><E0/><V3/><F3/><W81/><G81/><T36/><D36/><U73/><E73/><V78/><F78/><W34/><G34/><T67/><D67/><U120/><E120/><V62/><F62/><W56/><G56/><AGARI ba="0,1" hai="56,57,58,94,95" m="12873,4143,50281" machi="56" ten="30,5800,0" yaku="19,1,52,2" doraHai="89" who="1" fromWho="3" sc="327,0,305,68,195,0,163,-58" />
</Scene>
<Scene>
<INIT seed="1,1,0,1,5,57" ten="327,373,195,105" oya="1" hai0="11,14,81,70,26,135,103,54,108,115,89,25,106" hai1="107,9,112,10,71,13,52,7,24,99,30,85,101" hai2="31,22,109,95,104,5,18,110,94,29,102,105,80" hai3="55,49,74,98,132,58,64,8,129,126,75,42,68"/><U87/><E112/><V76/><F5/><W36/><G98/><T113/><D70/><U20/><E71/><V6/><F6/><W44/><G74/><T51/><D108/><N who="2" m="41578" /><F18/><W19/><G75/><T15/><D135/><U118/><E118/><V4/><F22/><W21/><G8/><T121/><D121/><U16/><REACH who="1" step="1"/><E52/><REACH who="1" ten="327,363,195,105" step="2"/><V35/><F35/><W45/><G19/><T47/><D115/><U43/><E43/><V60/><F4/><W124/><G21/><T133/><D113/><U69/><E69/><V27/><F29/><W72/><G72/><T125/><D54/><U84/><E84/><N who="2" m="48135" /><F31/><W40/><G132/><T3/><D133/><U128/><E128/><V33/><F33/><W79/><G79/><T131/><D131/><U130/><E130/><V66/><F27/><W39/><REACH who="3" step="1"/><G129/><REACH who="3" ten="327,363,195,95" step="2"/><T122/><D122/><U65/><E65/><V123/><F123/><W86/><G86/><T88/><D25/><U0/><AGARI ba="1,2" hai="0,7,9,10,13,16,20,24,30,85,87,99,101,107" machi="0" ten="20,7800,0" yaku="1,1,0,1,7,1,54,1,53,0" doraHai="57" doraHaiUra="48" who="1" fromWho="1" sc="327,-27,363,101,195,-27,95,-27" />
</Scene>
<Scene>
<INIT seed="1,2,0,3,2,67" ten="300,464,168,68" oya="1" hai0="110,85,115,63,58,45,14,61,119,60,46,104,80" hai1="19,99,108,83,27,106,112,20,64,116,127,10,134" hai2="11,75,41,132,102,92,107,68,128,62,87,25,5" hai3="135,70,113,124,57,91,69,28,17,47,129,82,37"/><U52/><E116/><V95/><F75/><W43/><G113/><T71/><D119/><U55/><E112/><V29/><F107/><W48/><G124/><T24/><D115/><U36/><E127/><V35/><F128/><W34/><G129/><T133/><D104/><U114/><E114/><V117/><F132/><W121/><G135/><T13/><D133/><U44/><E134/><V7/><F117/><W32/><G121/><T78/><D110/><U40/><E108/><V86/><F41/><W101/><G101/><T21/><D71/><U33/><E83/><V38/><F38/><W54/><G34/><T79/><D79/><U9/><E64/><V42/><F42/><W15/><G32/><T109/><D109/><U3/><E10/><V77/><F102/><W96/><G96/><T84/><D84/><U73/><E73/><V4/><F68/><W111/><G111/><T16/><D58/><U98/><E98/><V50/><F62/><W26/><G91/><T23/><REACH who="0" step="1"/><D14/><REACH who="0" ten="290,464,168,68" step="2"/><U123/><E123/><V0/><F77/><W118/><G118/><T105/><D105/><U1/><E106/><V131/><F131/><W94/><G94/><T39/><D39/><U31/><E99/><V53/><F87/><W51/><G82/><T76/><D76/><U65/><E1/><V72/><F72/><W122/><G122/><T49/><D49/><U18/><E3/><V30/><F86/><W74/><G74/><T120/><D120/><U125/><E125/><V8/><F92/><W97/><G97/><T126/><D126/><U90/><E36/><V2/><F95/><RYUUKYOKU ba="2,1" sc="290,30,464,-10,168,-10,68,-10" hai0="13,16,21,23,24,45,46,60,61,63,78,80,85" />
</Scene>
<Scene>
<INIT seed="2,3,1,1,5,75" ten="320,454,158,58" oya="2" hai0="124,9,35,21,88,44,119,68,115,86,52,102,23" hai1="93,53,30,16,37,92,91,54,46,118,25,81,2" hai2="122,6,34,112,66,131,78,60,11,33,76,110,107" hai3="17,73,135,14,120,126,117,47,70,26,132,18,104"/><V59/><F122/><W48/><G117/><T106/><D35/><U36/><E118/><V84/><F112/><W87/><G120/><T109/><D115/><U114/><E114/><V27/><F107/><W29/><G104/><T63/><D119/><U8/><E81/><V80/><F131/><W3/><G70/><T12/><D109/><U42/><E37/><V24/><F110/><W130/><G3/><T58/><D124/><U64/><E64/><V82/><F33/><W51/><G73/><T96/><D68/><U13/><E2/><V98/><F98/><W40/><G126/><T128/><D44/><U90/><E90/><V49/><F49/><W5/><G130/><T39/><D39/><U57/><E57/><V100/><F100/><W134/><G51/><T125/><D125/><U20/><REACH who="1" step="1"/><E93/><REACH who="1" ten="320,444,158,58" step="2"/><V111/><F111/><W10/><REACH who="3" step="1"/><G87/><AGARI ba="3,2" hai="8,13,16,20,25,30,36,42,46,53,54,87,91,92" machi="87" ten="30,7700,0" yaku="1,1,2,1,7,1,54,1,53,0" doraHai="75" doraHaiUra="28" who="1" fromWho="3" sc="320,0,444,106,158,0,58,-86" owari="320,12.0,550,65.0,158,-24.0,-28,-53.0" />
</Scene>
</mjloggm>