<mjloggm ver="2.3"><GO type="169"/><UN n0="%E3%81%91%E3%82%93%31%39%37%30" n1="%E7%81%BC%E7%9C%BC%E3%81%AE%E3%82%B7%E3%83%A3%E3%83%8A%E3%82%BF%E3%83%B3" n2="%E3%81%84%E3%81%AE%E3%81%91%E3%82%93" n3="%E5%A4%AA%E3%81%8F%E3%81%AA%E3%81%84%E3%81%8A" dan="16,16,16,17" rate="2091,2164,2076,2180" sx="M,F,F,M"/><TAIKYOKU oya="0"/>

<Scene>
<INIT seed="0,0,0,2,3,47" ten="250,250,250,250" oya="0" hai0="105,108,64,112,89,83,11,23,2,8,92,1,99" hai1="75,85,36,45,101,62,16,87,100,27,4,97,9" hai2="123,102,106,54,35,68,59,134,58,57,70,50,84" hai3="90,12,17,116,18,113,21,19,43,5,126,132,3"/><T7/><D112/><U30/><E75/><V124/><F123/><W96/><G113/><T107/><D64/><U61/><E100/><V33/><F134/><W73/><G116/><T95/><D83/><U94/><E85/><V22/><F124/><W103/><G103/><T86/><D108/><U34/><E87/><V79/><F70/><W130/><G73/><T6/><REACH who="0" step="1"/><D23/><REACH who="0" ten="240,250,250,250" step="2"/><U24/><E34/><V129/><F33/><W25/><G21/><T98/><D98/><U133/><E97/><V31/><F35/><W49/><G96/><T26/><D26/><U81/><E24/><V41/><F22/><W109/><G25/><T51/><D51/><U72/><E27/><V119/><F50/><W135/><G109/><T120/><D120/><U125/><E125/><V69/><F69/><W29/><G126/><T14/><D14/><U115/><E115/><V39/><F68/><W13/><G13/><T74/><D74/><U128/><E81/><V71/><F71/><W38/><G49/><T56/><D56/><U42/><E72/><V15/><F58/><W121/><G121/><T60/><D60/><U40/><E62/><V32/><F57/><W117/><G12/><T0/><D0/><U104/><E61/><V93/><F59/><W28/><G3/><T37/><D37/><U53/><E36/><V67/><F32/><W65/><G65/><T91/><AGARI ba="0,1" hai="1,2,6,7,8,11,86,89,91,92,95,99,105,107" machi="91" ten="20,7800,0" yaku="1,1,0,1,7,1,9,1,53,0" doraHai="47" doraHaiUra="76" who="0" fromWho="0" sc="240,88,250,-26,250,-26,250,-26" />
</Scene>
<Scene>
<INIT seed="0,1,0,4,0,70" ten="328,224,224,224" oya="0" hai0="40,66,121,74,122,67,24,9,49,4,10,98,99" hai1="21,94,53,19,50,22,27,100,47,91,6,8,111" hai2="45,114,55,41,11,18,23,134,127,48,104,31,76" hai3="38,87,32,79,107,58,120,82,80,102,25,33,71"/><T26/><D74/><U96/><E111/><V17/><F114/><W130/><G71/><T43/><D49/><U15/><REACH who="1" step="1"/><E22/><REACH who="1" ten="328,214,224,224" step="2"/><V86/><F23/><W42/><G33/><T93/><D4/><U13/><E13/><V119/><F119/><W83/><G32/><T77/><D77/><U116/><E116/><V97/><F76/><W56/><G79/><T44/><D93/><U59/><E59/><V90/><F104/><W115/><G56/><T36/><REACH who="0" step="1"/><D44/><REACH who="0" ten="318,214,224,224" step="2"/><U103/><AGARI ba="1,2" hai="6,8,15,19,21,27,47,50,53,91,94,96,100,103" machi="103" ten="30,4000,0" yaku="1,1,0,1,8,1,53,0" doraHai="70" doraHaiUra="65" who="1" fromWho="1" sc="318,-21,214,63,224,-11,224,-11" />
</Scene>
<Scene>
<INIT seed="1,0,0,2,5,105" ten="297,277,213,213" oya="1" hai0="83,99,32,98,70,6,18,106,100,14,44,62,59" hai1="54,56,64,46,52,61,45,119,92,107,110,11,133" hai2="17,129,112,82,76,26,42,75,116,73,53,69,9" hai3="13,0,39,85,135,93,79,96,28,47,19,12,25"/><U48/><E107/><V86/><F116/><W102/><G0/><T15/><D32/><U16/><E119/><V43/><F129/><W58/><G135/><T36/><D70/><U115/><E115/><V134/><F134/><W33/><G58/><T51/><D36/><U109/><E133/><V21/><F112/><W121/><G121/><T34/><D34/><U120/><E92/><V103/><F69/><W29/><G29/><T128/><D128/><U74/><E74/><V131/><F131/><W84/><G79/><T63/><D99/><U88/><E88/><V1/><F103/><W10/><REACH who="3" step="1"/><G13/><REACH who="3" ten="297,277,213,203" step="2"/><T91/><D59/><U89/><E120/><V118/><F118/><W95/><G95/><T20/><D15/><N who="1" m="7295" /><E89/><V108/><F108/><N who="1" m="41577" /><E54/><V5/><REACH who="2" step="1"/><F53/><REACH who="2" ten="297,277,203,203" step="2"/><W113/><G113/><T38/><D106/><U41/><E41/><AGARI ba="0,2" hai="1,5,9,17,21,26,41,42,43,73,75,76,82,86" machi="41" ten="40,8000,1" yaku="1,1,2,1,52,2,53,0" doraHai="105" doraHaiUra="68" who="2" fromWho="1" sc="297,0,277,-80,203,100,203,0" /><AGARI ba="0,0" hai="10,12,19,25,28,33,39,41,47,84,85,93,96,102" machi="41" ten="40,2600,0" yaku="1,1,53,1" doraHai="105" doraHaiUra="68" who="3" fromWho="1" sc="297,0,197,-26,303,0,203,26" />
</Scene>
<Scene>
<INIT seed="2,0,0,5,3,118" ten="297,171,303,229" oya="2" hai0="124,82,44,83,108,21,4,47,134,3,18,72,34" hai1="135,41,51,57,17,87,45,116,40,100,93,128,111" hai2="129,80,28,56,46,133,53,131,48,119,25,10,96" hai3="9,59,94,20,54,22,60,71,32,26,61,76,104"/><V113/><F119/><W78/><G104/><T37/><D34/><U120/><E116/><V30/><F113/><W52/><G32/><T24/><D124/><U16/><E111/><V68/><F68/><W36/><G36/><T19/><D108/><U110/><E110/><V13/><F133/><W2/><G94/><T35/><D35/><U79/><E128/><N who="2" m="49227" /><F96/><W112/><G112/><T85/><D134/><U38/><E135/><V74/><F25/><W43/><G43/><T121/><D4/><U33/><E33/><V84/><F74/><W11/><G71/><T125/><D3/><U99/><E120/><V105/><F105/><W132/><G132/><T102/><D102/><U81/><REACH who="1" step="1"/><E40/><REACH who="1" ten="297,161,303,229" step="2"/><V98/><F98/><W123/><G123/><T1/><D121/><U107/><E107/><V75/><F75/><W49/><G2/><T5/><D72/><U14/><E14/><V90/><F56/><W114/><G114/><T70/><D70/><U55/><AGARI ba="0,1" hai="16,17,38,41,45,51,55,57,79,81,87,93,99,100" machi="55" ten="30,4000,0" yaku="1,1,0,1,54,1,53,0" doraHai="118" doraHaiUra="67" who="1" fromWho="1" sc="297,-10,161,50,303,-20,229,-10" />
</Scene>
<Scene>
<INIT seed="3,0,0,5,4,100" ten="287,211,283,219" oya="3" hai0="125,26,18,119,110,23,73,122,94,14,97,111,65" hai1="129,1,133,115,134,64,99,0,37,120,4,33,74" hai2="71,60,39,95,42,83,132,40,126,108,131,2,47" hai3="59,31,32,130,5,121,38,16,51,21,17,12,70"/><W28/><G121/><T20/><D73/><U79/><E120/><V49/><F2/><W3/><G38/><T15/><D122/><U36/><E115/><V8/><F8/><N who="3" m="2111" /><G70/><T62/><D119/><U118/><E33/><V46/><F83/><W41/><G59/><T34/><D34/><U54/><E54/><V117/><F95/><W128/><G51/><T109/><D125/><U7/><E64/><N who="2" m="41351" /><F117/><W13/><G41/><T88/><REACH who="0" step="1"/><D23/><REACH who="0" ten="277,211,283,219" step="2"/><U113/><E118/><V63/><F126/><W30/><G32/><T66/><D66/><U87/><E74/><V84/><F131/><N who="3" m="50219" /><G31/><T93/><D93/><U114/><E129/><V107/><F107/><W43/><G43/><T55/><D55/><U58/><E114/><V80/><F42/><W102/><G102/><T27/><D27/><U35/><E35/><V77/><F40/><W22/><AGARI ba="0,1" hai="12,13,16,17,21,22,28,30" m="50219,2111" machi="22" ten="30,11700,0" yaku="19,1,34,2,54,1" doraHai="100" who="3" fromWho="3" sc="277,-39,211,-39,283,-39,219,127" />
</Scene>
<Scene>
<INIT seed="3,1,0,4,4,85" ten="238,172,244,346" oya="3" hai0="20,80,17,115,6,118,27,104,21,9,91,46,120" hai1="130,83,48,2,93,58,78,42,63,10,11,73,29" hai2="99,72,86,30,121,103,131,35,129,15,43,77,59" hai3="5,92,112,94,49,133,33,52,74,24,70,4,16"/><W125/><G112/><T12/><D104/><U61/><E130/><N who="2" m="49675" /><F121/><W134/><G74/><T18/><D120/><U116/><E116/><V41/><F72/><W89/><G70/><T31/><D118/><U108/><E108/><V36/><F36/><W114/><G114/><T13/><D46/><U75/><E75/><V67/><F35/><W66/><G66/><T128/><D115/><U113/><E113/><V55/><F30/><W3/><G125/><T62/><D62/><U135/><E135/><N who="3" m="51722" /><G3/><T71/><D71/><U37/><E29/><V53/><F67/><W19/><G92/><T39/><D39/><U107/><E107/><N who="2" m="63999" /><F15/><W32/><G32/><T119/><D119/><U111/><E111/><V96/><F96/><N who="3" m="57423" /><G33/><T47/><D47/><U65/><E65/><V34/><F34/><W56/><G24/><T122/><D122/><U51/><E2/><V84/><F84/><W40/><G40/><N who="2" m="15433" /><F59/><W110/><G110/><T0/><D128/><U8/><E37/><V7/><F7/><AGARI ba="1,0" hai="4,5,7,16,19,49,52,56" m="57423,51722" machi="7" ten="30,11600,0" yaku="20,1,52,1,54,2" doraHai="85" who="3" fromWho="2" sc="238,0,172,0,244,-119,346,119" />
</Scene>
<Scene>
<INIT seed="3,2,0,2,1,131" ten="238,172,125,465" oya="3" hai0="122,99,89,39,75,26,95,43,41,115,112,126,79" hai1="105,52,62,104,87,18,66,128,35,90,91,29,33" hai2="27,71,134,31,47,56,80,23,42,84,118,19,86" hai3="117,7,72,70,96,83,74,97,55,133,123,50,106"/><W20/><G123/><T34/><D122/><U63/><E128/><V107/><F118/><W58/><G117/><T30/><D126/><U12/><E29/><V132/><F71/><W77/><G70/><T11/><D39/><U4/><E4/><V101/><F107/><W100/><G7/><T135/><D11/><U54/><E87/><V73/><F101/><W60/><G133/><N who="2" m="51305" /><F56/><W14/><G96/><T38/><D38/><U44/><E44/><V5/><F5/><W110/><G110/><T2/><D2/><U22/><E104/><V116/><F116/><W36/><G36/><T69/><D69/><U25/><E105/><V24/><F73/><W102/><G102/><T111/><D111/><U103/><E103/><V15/><F80/><W124/><G124/><T109/><D109/><U48/><E66/><V21/><F27/><W85/><G60/><T125/><D125/><U130/><E62/><V1/><F1/><W119/><G119/><T59/><D59/><U127/><E63/><V64/><F64/><W3/><G3/><T6/><D6/><U16/><E127/><V8/><F8/><W76/><G77/><T49/><D135/><U68/><E68/><V65/><F65/><W114/><G114/><T10/><D10/><U46/><E130/><V67/><F67/><W82/><G83/><T121/><D121/><U113/><E113/><V93/><F93/><W51/><G74/><T92/><D95/><U120/><E25/><V53/><F53/><W57/><G72/><T88/><D115/><U45/><E54/><V108/><F108/><W13/><G106/><RYUUKYOKU ba="2,0" sc="238,-10,172,-10,125,30,465,-10" hai2="15,19,21,23,24,31,42,47,84,86" />
</Scene>
<Scene>
<INIT seed="4,3,0,0,2,101" ten="228,162,155,455" oya="0" hai0="69,45,107,77,65,113,49,64,93,3,42,50,111" hai1="71,125,90,70,11,82,95,13,114,110,89,19,38" hai2="106,43,130,132,0,117,72,81,74,40,27,55,96" hai3="83,17,22,124,16,15,29,5,26,57,44,10,2"/><T59/><D3/><U116/><E110/><V121/><F121/><W53/><G124/><T118/><D77/><U91/><E116/><V94/><F117/><W120/><G120/><T52/><D118/><U33/><E33/><V119/><F119/><W115/><G115/><T54/><D93/><U37/><E125/><V75/><F0/><W12/><G44/><T97/><D97/><U87/><E114/><V84/><F130/><W39/><G39/><T73/><D73/><U46/><E91/><V36/><F132/><W41/><G41/><T108/><D113/><U63/><E63/><V85/><F36/><W126/><G126/><T104/><D42/><U131/><E131/><V129/><F129/><W128/><G128/><T135/><D135/><U58/><E58/><V7/><F7/><W34/><G83/><T68/><D59/><U134/><E134/><V4/><F4/><W61/><REACH who="3" step="1"/><G17/><REACH who="3" ten="228,162,155,445" step="2"/><T18/><D18/><U105/><E38/><V51/><F40/><W79/><G79/><T127/><D127/><U23/><E46/><AGARI ba="3,1" hai="45,46,49,50,52,54,64,65,68,69,104,107,108,111" machi="46" ten="25,12000,1" yaku="22,2,52,2,54,1" doraHai="101" who="0" fromWho="1" sc="228,139,162,-129,155,0,445,0" />
</Scene>
<Scene>
<INIT seed="4,4,0,3,5,38" ten="367,33,155,445" oya="0" hai0="24,135,45,101,13,65,50,115,90,133,44,25,18" hai1="29,66,23,30,0,124,40,118,53,20,125,94,72" hai2="69,77,35,63,57,52,91,87,120,102,122,21,61" hai3="36,41,127,119,39,67,114,49,51,82,7,98,134"/><T37/><D101/><U68/><E118/><V27/><F35/><W6/><G119/><T111/><D65/><U93/><E53/><V121/><F102/><W100/><G67/><T59/><D111/><U129/><E66/><V5/><F5/><W8/><G114/><T55/><D115/><U123/><E0/><V95/><F69/><W78/><G127/><T2/><D2/><U62/><E62/><V42/><F77/><W74/><G134/><N who="0" m="51211" /><D90/><U112/><E112/><V43/><REACH who="2" step="1"/><F61/><REACH who="2" ten="367,33,145,445" step="2"/><W3/><G6/><T132/><D132/><U22/><E68/><V47/><F47/><N who="0" m="17994" /><D37/><U84/><E125/><V92/><F92/><W58/><G39/><T106/><D106/><U80/><E94/><V15/><F15/><W19/><G36/><T70/><D70/><U31/><E124/><V9/><F9/><AGARI ba="4,1" hai="9,13,18,24,25,50,55,59" m="17994,51211" machi="9" ten="30,1500,0" yaku="20,1" doraHai="38" who="0" fromWho="2" sc="367,37,33,0,145,-27,445,0" />
</Scene>
<Scene>
<INIT seed="4,5,0,5,2,7" ten="404,33,118,445" oya="0" hai0="127,119,123,54,117,53,1,55,24,29,92,67,64" hai1="120,51,42,50,103,28,131,22,111,112,44,23,135" hai2="40,78,38,39,113,48,125,122,130,98,118,14,65" hai3="58,27,32,102,81,82,21,89,101,4,45,87,126"/><T128/><D123/><U124/><E120/><V60/><F122/><W109/><G109/><T19/><D127/><U86/><E111/><V10/><F113/><W47/><G32/><T94/><D128/><U134/><E124/><V12/><F125/><W41/><G126/><T15/><D1/><U25/><E131/><V6/><F130/><W88/><G4/><T31/><D24/><U68/><E68/><V76/><F118/><W84/><G58/><T30/><D15/><U11/><E112/><V90/><F39/><W116/><G116/><N who="0" m="44619" /><D19/><U3/><E103/><V36/><F38/><W115/><G115/><T132/><D132/><N who="1" m="50731" /><E86/><V61/><F36/><W100/><G41/><T97/><D97/><U13/><E3/><V104/><F104/><W91/><G91/><T17/><D17/><AGARI ba="5,0" hai="17,21,27,45,47,81,82,84,87,88,89,100,101,102" machi="17" ten="40,5200,0" yaku="9,1,8,1,54,1" doraHai="7" who="3" fromWho="0" sc="404,-67,33,0,118,0,445,67" />
</Scene>
<Scene>
<INIT seed="5,0,0,0,0,112" ten="337,33,118,512" oya="1" hai0="56,12,13,71,120,51,50,87,78,30,84,54,99" hai1="48,11,14,62,61,134,2,27,0,93,47,39,76" hai2="83,125,119,124,77,133,16,79,20,19,92,26,86" hai3="70,7,131,128,80,8,34,129,38,113,24,52,111"/><U123/><E123/><V46/><F133/><W43/><G111/><T64/><D120/><U104/><E104/><V6/><F6/><W89/><G70/><T53/><D30/><U103/><E39/><V18/><F119/><W88/><G113/><T57/><D71/><U44/><E76/><V35/><F35/><W49/><G38/><T65/><D99/><N who="1" m="59887" /><E2/><V115/><F115/><W67/><G67/><T40/><REACH who="0" step="1"/><D78/><REACH who="0" ten="327,33,118,512" step="2"/><U122/><E122/><V94/><F79/><W121/><G121/><T22/><D22/><U69/><E69/><V63/><F125/><W107/><G34/><T102/><D102/><U29/><E134/><V109/><F124/><W32/><G32/><T130/><D130/><U100/><E100/><V81/><F109/><W118/><G129/><T60/><D60/><U15/><E62/><V9/><F63/><W82/><G131/><T126/><D126/><U37/><E61/><V21/><F21/><W3/><G128/><T66/><D66/><U74/><E29/><V75/><F20/><W105/><G105/><T98/><D98/><U55/><E11/><V108/><F9/><W132/><G107/><T117/><D117/><U116/><E116/><V72/><F108/><W114/><G118/><T73/><D73/><U91/><E74/><V25/><F75/><W31/><G132/><T58/><D58/><U4/><E91/><N who="2" m="51679" /><F46/><W1/><G114/><T10/><D10/><N who="1" m="2311" /><E44/><V106/><F106/><W68/><G68/><T17/><D17/><U101/><E47/><V135/><F135/><W28/><G8/><T96/><D96/><U95/><E101/><RYUUKYOKU ba="0,1" sc="327,15,33,-15,118,15,512,-15" hai0="12,13,40,50,51,53,54,56,57,64,65,84,87" hai2="16,18,19,25,26,72,77,81,92,94" />
</Scene>
<Scene>
<INIT seed="6,1,1,4,2,113" ten="342,18,133,497" oya="2" hai0="3,33,117,41,134,71,105,39,87,47,118,63,59" hai1="10,44,114,68,7,43,92,58,52,128,57,122,25" hai2="2,84,97,13,38,90,100,21,72,106,93,45,77" hai3="12,83,85,69,111,24,20,51,46,126,95,94,110"/><V104/><F2/><W120/><G69/><T4/><D105/><U36/><E68/><V67/><F67/><W121/><G126/><T34/><D71/><U14/><E114/><V81/><F106/><W86/><G12/><T61/><D134/><U99/><E128/><V28/><F28/><W35/><G35/><T123/><D123/><U96/><E122/><V23/><REACH who="2" step="1"/><F13/><REACH who="2" ten="342,18,123,497" step="2"/><W31/><G31/><T98/><D3/><U18/><E92/><V88/><F88/><W80/><G95/><T40/><D34/><U37/><E37/><V49/><F49/><W70/><G51/><T109/><D33/><U103/><E103/><V53/><F53/><W9/><G94/><T127/><D39/><U22/><REACH who="1" step="1"/><E58/><REACH who="1" ten="342,8,123,497" step="2"/><V19/><F19/><W55/><G70/><T78/><D59/><U15/><E15/><V108/><F108/><W133/><G110/><T0/><D109/><U6/><E6/><V66/><F66/><W8/><G111/><T125/><D4/><U115/><E115/><V124/><F124/><W30/><G121/><T1/><D127/><U48/><AGARI ba="1,3" hai="7,10,14,18,22,25,36,43,44,48,52,57,96,99" machi="48" ten="20,5200,0" yaku="1,1,0,1,7,1,54,1,53,0" doraHai="113" doraHaiUra="26" who="1" fromWho="1" sc="342,-14,8,85,123,-27,497,-14" />
</Scene>
<Scene>
<INIT seed="7,0,0,0,2,49" ten="328,93,96,483" oya="3" hai0="98,24,116,1,129,22,62,5,17,3,46,33,67" hai1="92,60,135,110,31,119,14,99,44,123,88,126,96" hai2="58,104,117,63,94,6,47,113,25,57,125,56,43" hai3="35,90,130,86,75,9,61,42,102,79,108,131,52"/><W0/><G35/><T65/><D116/><U54/><E123/><V37/><F104/><W100/><G42/><T7/><D46/><U18/><E110/><V101/><F117/><W26/><G26/><T93/><D67/><U107/><E119/><V32/><F113/><W76/><G108/><T34/><D129/><U13/><E135/><V53/><F125/><W133/><G133/><T71/><D93/><N who="1" m="56359" /><E107/><V48/><F6/><N who="0" m="2058" /><D98/><U78/><E126/><V38/><F38/><W36/><G36/><T106/><D62/><U23/><E31/><V64/><F32/><N who="0" m="12394" /><D65/><U81/><E14/><V4/><F4/><W77/><G75/><T80/><D80/><U59/><E44/><V97/><F25/><W105/><G79/><T68/><D68/><AGARI ba="0,0" hai="37,43,47,48,53,56,57,58,63,64,68,94,97,101" machi="68" ten="30,7700,0" yaku="7,1,24,2,52,1" doraHai="49" who="2" fromWho="0" sc="328,-77,93,0,96,77,483,0" owari="251,5.0,93,-41.0,173,-23.0,483,59.0" />
</Scene>
</mjloggm>