<mjloggm ver="2.3"><GO type="97"/><UN n0="%46%72%61%6E%6B%38" n1="%E5%A4%AA%E3%81%8F%E3%81%AA%E3%81%84%E3%81%8A" n2="%79%6F%6B%6F%5A" n3="%E6%A1%9C%E7%AB%9C%E2%80%A0%E3%82%BF%E3%83%9E" dan="14,15,13,14" rate="1894,2052,1811,1914" sx="M,M,M,F"/><TAIKYOKU oya="0"/>

<Scene>
<INIT seed="0,0,0,0,2,59" ten="250,250,250,250" oya="0" hai0="84,77,87,90,50,75,118,48,113,38,94,85,130" hai1="100,72,51,43,29,34,119,20,134,89,21,15,46" hai2="6,128,5,78,61,66,65,25,28,103,116,40,95" hai3="41,44,22,24,122,54,109,92,91,97,121,19,73"/><T131/><D113/><U82/><E119/><V101/><F116/><W110/><G54/><T2/><D118/><U1/><E1/><V69/><F65/><W106/><G106/><T114/><D114/><U68/><E68/><V83/><F128/><N who="0" m="49194" /><D2/><U124/><E100/><V0/><F40/><W10/><G10/><T45/><D38/><U31/><E124/><V93/><F101/><W135/><G73/><T88/><D75/><U102/><E102/><V115/><F115/><W123/><REACH who="3" step="1"/><G135/><REACH who="3" ten="250,250,250,240" step="2"/><T133/><D133/><U4/><E72/><V64/><F64/><W17/><G17/><T127/><D127/><U71/><E134/><V14/><F0/><W99/><G99/><N who="0" m="57799" /><D45/><U56/><E46/><V57/><F69/><W67/><G67/><T32/><D32/><U8/><E34/><V132/><F132/><W12/><G12/><T27/><D27/><U81/><E15/><V70/><F70/><W98/><G98/><T52/><D87/><U60/><E71/><V47/><F66/><W9/><G9/><T18/><D18/><U74/><E8/><V39/><F14/><W105/><G105/><T111/><D85/><U42/><E74/><V62/><F47/><W79/><G79/><T55/><D77/><U96/><E96/><V126/><F78/><W26/><G26/><T3/><D3/><U23/><E43/><V86/><F126/><W53/><G53/><N who="0" m="20555" /><D111/><U33/><E33/><V129/><F86/><W80/><G80/><AGARI ba="0,1" hai="48,50,80,84,90" m="20555,57799,49194" machi="80" ten="30,5800,0" yaku="19,1,54,2" doraHai="59" who="0" fromWho="3" sc="250,68,250,0,250,0,240,-58" />
</Scene>
<Scene>
<INIT seed="0,1,0,3,0,59" ten="318,250,250,182" oya="0" hai0="126,33,61,27,81,135,53,84,129,55,62,7,5" hai1="95,102,68,58,22,122,105,111,67,2,124,120,86" hai2="130,35,23,18,38,106,54,70,1,73,78,32,13" hai3="112,115,97,39,47,114,134,50,80,11,77,36,91"/><T60/><D126/><U34/><E2/><V57/><F38/><W108/><G134/><T119/><D119/><U21/><E34/><V89/><F70/><W123/><G123/><T56/><D135/><U113/><E68/><V99/><F130/><W79/><G108/><T0/><D129/><U6/><E6/><N who="0" m="2057" /><D33/><U49/><E105/><V65/><F1/><W83/><G11/><T109/><D0/><U131/><E131/><V132/><F65/><W31/><G31/><T26/><D109/><U37/><E37/><V46/><F132/><W52/><G97/><T20/><D56/><U43/><E58/><V107/><F46/><W16/><G91/><N who="0" m="51599" /><D27/><U30/><E30/><AGARI ba="1,0" hai="20,26,30,53,55,60,61,62" m="51599,2057" machi="30" ten="30,11600,0" yaku="8,1,52,3" doraHai="59" who="0" fromWho="1" sc="318,119,250,-119,250,0,182,0" />
</Scene>
<Scene>
<INIT seed="0,2,0,3,4,20" ten="437,131,250,182" oya="0" hai0="81,104,128,116,48,3,0,22,46,66,115,134,89" hai1="78,79,125,38,2,15,107,51,9,73,30,33,131" hai2="55,121,100,91,8,109,21,25,71,59,124,84,24" hai3="126,34,132,85,86,65,90,74,37,103,40,50,18"/><T10/><D115/><U67/><E38/><V53/><F71/><W31/><G74/><T99/><D116/><U94/><E107/><V120/><F124/><W117/><G117/><T32/><D32/><U19/><E2/><V68/><F109/><W60/><G37/><T83/><D66/><U11/><E125/><V97/><F68/><W43/><G126/><T118/><D118/><U110/><E110/><V102/><F21/><W35/><G103/><T96/><D128/><U77/><E131/><V127/><F127/><W108/><G108/><T36/><D36/><U17/><E67/><V122/><F8/><W130/><G130/><T105/><D134/><U119/><E119/><V5/><F5/><W45/><G43/><T112/><D22/><U123/><E123/><V23/><F23/><W93/><G132/><T75/><D10/><U76/><E94/><V92/><F100/><W26/><G18/><T101/><D112/><U72/><N who="1" m="19456" /><DORA hai="82" /><U87/><E87/><V80/><REACH who="2" step="1"/><F53/><REACH who="2" ten="437,131,240,182" step="2"/><W62/><G35/><T113/><D101/><U56/><E33/><V52/><F52/><W14/><G65/><T4/><D4/><U7/><E7/><V69/><F69/><W47/><G34/><T49/><D113/><U88/><E73/><V58/><F58/><W13/><G31/><T95/><D75/><U111/><E72/><V39/><F39/><W98/><G45/><T135/><D46/><U29/><E111/><V70/><F70/><W106/><G47/><T54/><D54/><N who="1" m="31839" /><E30/><V129/><F129/><W28/><G28/><T64/><D135/><U42/><E29/><RYUUKYOKU ba="2,1" sc="437,-10,131,-10,240,30,182,-10" hai2="24,25,55,59,80,84,91,92,97,102,120,121,122" />
</Scene>
<Scene>
<INIT seed="1,3,1,2,0,61" ten="427,121,270,172" oya="1" hai0="35,112,130,97,66,28,81,56,21,27,2,131,120" hai1="85,47,82,93,16,31,128,53,50,26,1,105,99" hai2="36,83,94,57,117,95,32,90,54,119,67,5,65" hai3="45,25,4,46,121,72,89,118,88,110,123,107,92"/><U24/><E1/><V8/><F32/><W33/><G107/><T127/><D112/><U68/><E68/><V102/><F36/><W115/><G115/><T55/><D2/><U113/><E113/><V79/><F119/><W58/><G72/><T132/><D120/><U133/><E105/><V96/><F117/><W42/><G118/><T70/><D127/><U3/><E3/><V69/><F69/><W100/><G110/><T13/><D132/><U122/><E122/><V91/><F5/><W39/><G46/><T129/><D81/><U77/><E133/><V62/><F8/><W78/><G78/><T15/><D35/><U37/><E128/><V126/><F126/><W51/><G4/><T29/><D28/><U104/><E104/><V106/><F106/><W0/><G0/><T7/><D97/><U10/><E37/><V18/><F18/><W40/><G100/><T17/><D7/><U43/><E43/><V134/><F134/><W86/><G89/><T64/><D70/><U6/><E6/><V74/><REACH who="2" step="1"/><F102/><REACH who="2" ten="427,121,260,172" step="2"/><W59/><G123/><T22/><D13/><N who="1" m="7223" /><E31/><V20/><F20/><W84/><G121/><T11/><D22/><U52/><E53/><V101/><F101/><AGARI ba="3,2" hai="24,26,47,50,52,77,82,85,93,99,101" m="7223" machi="101" ten="30,5800,0" yaku="8,1,54,2" doraHai="61" who="1" fromWho="2" sc="427,0,121,87,260,-67,172,0" />
</Scene>
<Scene>
<INIT seed="1,4,0,1,2,118" ten="427,208,193,172" oya="1" hai0="133,27,1,0,25,70,64,128,109,98,121,74,73" hai1="24,92,122,48,95,60,67,57,18,83,94,62,126" hai2="99,113,112,3,26,86,7,114,9,96,135,76,102" hai3="106,35,108,100,117,91,111,93,43,40,123,71,110"/><U56/><E126/><V131/><F131/><W39/><G117/><T77/><D128/><U75/><E122/><V103/><F135/><W52/><G71/><T19/><D133/><U65/><E48/><V55/><F55/><W82/><G35/><T21/><D109/><U50/><E50/><V84/><F26/><W31/><G31/><T6/><D27/><U130/><E130/><V46/><F46/><N who="3" m="23839" /><G43/><T72/><D77/><U15/><E24/><V61/><F61/><W41/><G41/><T37/><D37/><U17/><REACH who="1" step="1"/><E15/><REACH who="1" ten="427,198,193,172" step="2"/><V85/><REACH who="2" step="1"/><F76/><AGARI ba="4,1" hai="17,18,56,57,60,62,65,67,75,76,83,92,94,95" machi="76" ten="40,7700,0" yaku="1,1,2,1,9,1,53,0" doraHai="118" doraHaiUra="125" who="1" fromWho="2" sc="427,0,198,99,193,-89,172,0" />
</Scene>
<Scene>
<INIT seed="1,5,0,2,4,116" ten="427,297,104,172" oya="1" hai0="53,100,88,56,58,118,16,114,10,91,35,59,75" hai1="31,98,45,86,37,2,66,119,89,17,107,55,46" hai2="42,52,124,9,81,14,68,126,15,34,4,60,83" hai3="131,69,39,99,115,123,38,129,62,80,103,1,134"/><U49/><E119/><V112/><F112/><W65/><G1/><T19/><D118/><U22/><E2/><V77/><F34/><W82/><G115/><T41/><D114/><U79/><E66/><V57/><F68/><W85/><G134/><T18/><D75/><U104/><E31/><V12/><F42/><W92/><G123/><T6/><D35/><U26/><E79/><V54/><F54/><W74/><G74/><T0/><D41/><U7/><E7/><V20/><F20/><W70/><G69/><T64/><D100/><U90/><E37/><V24/><F24/><W108/><G108/><T132/><D132/><U117/><E117/><V105/><F105/><W40/><G40/><T125/><D125/><U48/><E98/><V44/><F44/><W71/><G71/><T3/><D64/><U27/><E27/><V51/><F60/><W135/><G135/><T95/><D3/><U113/><E113/><V72/><REACH who="2" step="1"/><F83/><REACH who="2" ten="427,297,94,172" step="2"/><W133/><G82/><T78/><D53/><N who="1" m="29839" /><E107/><V50/><F50/><W111/><G133/><T47/><D47/><U11/><E104/><V63/><F63/><W110/><G39/><T25/><D25/><U122/><E26/><V128/><F128/><N who="3" m="49227" /><G38/><T61/><D61/><U96/><E55/><V8/><F8/><W94/><G94/><T21/><D95/><U109/><E11/><V102/><F102/><W73/><G73/><T23/><D21/><U67/><E22/><V30/><F30/><W76/><AGARI ba="5,1" hai="62,65,70,76,80,85,92,99,103,110,111" m="49227" machi="76" ten="30,1100,0" yaku="19,1" doraHai="116" who="3" fromWho="3" sc="427,-8,297,-10,94,-8,172,36" />
</Scene>
<Scene>
<INIT seed="2,0,0,5,2,65" ten="419,287,86,208" oya="2" hai0="133,67,99,22,90,97,33,9,20,40,74,48,21" hai1="135,53,41,109,129,125,58,127,23,56,73,81,47" hai2="16,4,57,96,13,95,128,103,102,107,124,7,17" hai3="10,1,88,63,15,44,35,111,14,121,5,114,26"/><V113/><F113/><W3/><G114/><T119/><D74/><U126/><E109/><V117/><F117/><W34/><G44/><N who="0" m="25607" /><D33/><N who="3" m="12297" /><G88/><T75/><D75/><U131/><E23/><V85/><F128/><N who="1" m="49225" /><E53/><V66/><F124/><W100/><G63/><T51/><D119/><U122/><E122/><V46/><F46/><W110/><G100/><T91/><D133/><U52/><E52/><V101/><F107/><W45/><G45/><T31/><D9/><U105/><E105/><V24/><F17/><W87/><G87/><T120/><D31/><U77/><E135/><V69/><F24/><W76/><G76/><T71/><D71/><U104/><E104/><V50/><F96/><N who="0" m="36938" /><D67/><U49/><AGARI ba="0,0" hai="41,47,49,56,58,73,77,81,125,126,127" m="49225" machi="49" ten="40,2700,0" yaku="18,1,19,1" doraHai="65" who="1" fromWho="1" sc="419,-7,287,27,86,-13,208,-7" />
</Scene>
<Scene>
<INIT seed="3,0,0,4,0,134" ten="412,314,73,201" oya="3" hai0="129,74,26,100,75,64,105,20,113,94,30,103,52" hai1="97,40,99,87,96,19,106,88,31,63,81,13,46" hai2="56,32,132,39,128,23,83,38,3,116,95,92,123" hai3="54,50,61,41,47,85,15,22,76,55,69,57,18"/><W79/><G69/><T48/><D64/><U62/><E106/><V104/><F23/><W73/><G73/><T131/><D105/><U36/><REACH who="1" step="1"/><E31/><REACH who="1" ten="412,304,73,201" step="2"/><V84/><F95/><W53/><REACH who="3" step="1"/><G85/><REACH who="3" ten="412,304,73,191" step="2"/><T34/><D75/><U72/><E72/><V35/><F84/><W110/><G110/><T122/><D74/><U135/><E135/><V7/><F92/><W124/><G124/><T120/><D94/><U66/><E66/><AGARI ba="0,2" hai="15,18,22,41,47,50,53,54,55,57,61,66,76,79" machi="66" ten="40,3900,0" yaku="1,1,8,1,53,0" doraHai="134" doraHaiUra="125" who="3" fromWho="1" sc="412,0,304,-39,73,0,191,59" />
</Scene>
<Scene>
<INIT seed="3,1,0,4,3,45" ten="412,265,73,250" oya="3" hai0="128,77,49,24,37,40,100,6,21,111,76,118,95" hai1="15,3,107,117,14,55,12,78,11,0,46,33,30" hai2="98,105,74,134,110,67,130,34,20,28,23,59,72" hai3="92,44,25,129,26,54,16,50,1,56,68,82,31"/><W18/><G68/><T91/><D118/><U86/><E107/><V66/><F130/><W71/><G71/><T42/><D100/><U47/><E33/><V103/><F134/><W60/><G1/><T19/><D37/><U52/><E117/><V58/><F110/><W22/><G129/><T2/><D128/><U8/><E30/><V126/><F126/><W39/><G39/><T125/><D111/><U112/><E112/><V85/><F85/><W61/><G82/><T4/><D125/><U123/><E123/><V109/><F109/><W17/><G92/><T131/><D2/><U75/><E75/><V53/><F34/><W81/><G81/><T133/><D133/><U116/><E116/><V70/><F70/><W80/><G80/><T104/><D104/><U99/><E14/><V38/><F38/><W97/><G97/><N who="0" m="57599" /><D131/><U93/><E93/><V65/><F72/><W132/><G132/><T62/><D62/><N who="3" m="24169" /><G25/><T94/><D94/><U69/><E69/><V13/><F74/><W5/><G5/><N who="0" m="2155" /><D40/><U115/><E115/><V73/><F73/><W96/><G96/><T119/><D119/><U29/><E99/><V89/><F98/><W88/><G88/><T9/><D9/><U27/><E27/><V57/><F89/><W32/><G32/><T10/><D10/><U127/><E127/><V124/><F103/><W83/><G83/><T48/><D42/><U101/><E101/><V64/><F105/><W108/><G108/><T120/><D120/><U102/><E102/><V106/><F106/><W36/><G36/><T135/><D135/><U63/><E86/><RYUUKYOKU ba="1,0" sc="412,15,265,-15,73,-15,250,15" hai0="19,21,24,48,49,76,77" hai3="16,17,18,22,26,31,44,50,54,56" />
</Scene>
<Scene>
<INIT seed="3,2,0,4,2,107" ten="427,250,58,265" oya="3" hai0="61,88,40,94,36,63,66,112,49,25,65,7,59" hai1="6,95,100,18,70,98,45,51,97,76,41,0,80" hai2="9,16,103,75,31,134,126,74,87,104,71,131,73" hai3="32,78,28,15,109,102,128,86,106,11,46,67,133"/><W3/><G3/><T125/><D36/><U77/><E70/><V135/><F71/><W33/><G133/><N who="2" m="50697" /><F31/><W5/><G128/><T54/><D125/><U83/><E0/><V123/><F9/><W23/><G67/><N who="0" m="25611" /><D112/><U68/><E68/><V52/><F52/><W93/><G109/><T62/><D7/><U127/><E127/><V19/><F126/><W53/><G106/><T108/><D108/><U21/><E6/><V90/><F131/><W37/><G37/><T50/><D25/><N who="1" m="14519" /><E98/><N who="2" m="61559" /><F123/><W2/><G102/><T60/><D40/><U124/><E124/><V58/><F58/><W39/><G39/><T96/><AGARI ba="2,0" hai="49,50,54,59,60,61,62,63,88,94,96" m="25611" machi="96" ten="30,2000,0" yaku="8,1,54,1" doraHai="107" who="0" fromWho="0" sc="427,26,250,-7,58,-7,265,-12" owari="453,56.0,243,-16.0,51,-45.0,253,5.0" />
</Scene>
</mjloggm>