<mjloggm ver="2.3"><GO type="169" lobby="0"/><UN n0="%E3%83%8F%E3%83%94%E3%83%8A%E5%90%8D%E6%8E%9B%E4%B8%81" n1="%74%6A%2D%6D%69%63%72%6F" n2="%E5%A4%AA%E3%81%8F%E3%81%AA%E3%81%84%E3%81%8A" n3="%E6%B2%B3%E6%9D%91%E5%84%AA" dan="16,16,17,16" rate="2126.30,2038.63,2177.74,2050.44" sx="M,M,F,F"/><TAIKYOKU oya="0"/>

<Scene>
<INIT seed="0,0,0,3,2,31" ten="250,250,250,250" oya="0" hai0="24,34,42,69,80,13,51,113,4,19,74,23,107" hai1="84,135,101,15,47,48,30,122,77,6,61,125,81" hai2="97,0,99,49,26,59,64,94,60,115,68,36,11" hai3="105,120,93,96,91,72,27,40,5,117,134,66,18"/><T116/><D113/><U71/><E122/><V124/><F115/><W103/><G117/><T109/><D116/><U28/><E125/><V118/><F118/><W29/><G5/><T33/><D107/><U79/><E101/><V100/><F124/><W35/><G72/><T106/><D106/><U63/><E79/><V1/><F36/><W85/><G134/><T50/><D69/><U119/><E135/><V104/><F11/><W123/><G66/><T121/><D121/><U45/><E45/><V21/><F49/><W111/><G111/><T88/><D109/><U14/><E14/><V86/><F86/><W44/><REACH who="3" step="1"/><G18/><REACH who="3" ten="250,250,250,240" step="2"/><T32/><D74/><U56/><E119/><V110/><F110/><W130/><G130/><T102/><D42/><U108/><E108/><V92/><F68/><W8/><G8/><T126/><D126/><U131/><E71/><V78/><F78/><W3/><G3/><T25/><D4/><U98/><E77/><V76/><F76/><W2/><G2/><T43/><D43/><U7/><E7/><V133/><F133/><W54/><G54/><T89/><D102/><U62/><E6/><V17/><REACH who="2" step="1"/><F104/><REACH who="2" ten="250,250,240,240" step="2"/><W55/><G55/><T20/><D89/><AGARI ba="0,2" hai="0,1,17,21,26,59,60,64,89,92,94,97,99,100" machi="89" ten="30,7700,0" yaku="1,1,2,1,7,1,53,1" doraHai="31" doraHaiUra="16" who="2" fromWho="0" sc="250,-77,250,0,240,97,240,0" />
</Scene>
<Scene>
<INIT seed="1,0,0,5,5,43" ten="173,250,337,240" oya="1" hai0="58,77,25,108,52,130,10,26,125,22,131,121,93" hai1="86,2,71,68,104,48,39,122,80,41,99,32,106" hai2="134,117,72,34,7,128,73,44,132,18,23,64,67" hai3="129,45,96,6,63,54,13,50,65,31,28,66,112"/><U105/><E2/><V119/><F34/><W85/><G112/><T42/><D42/><U74/><E122/><V110/><F7/><W38/><G129/><N who="0" m="49163" /><D121/><U16/><E74/><N who="2" m="28779" /><F128/><W111/><G111/><T61/><D108/><U75/><E75/><V135/><F110/><W113/><G113/><T59/><D77/><U109/><E109/><V11/><F11/><N who="3" m="4343" /><G38/><T91/><D125/><U116/><E99/><V70/><F44/><W92/><G85/><N who="0" m="52463" /><D10/><U57/><E39/><V103/><F103/><N who="3" m="60807" /><G63/><N who="0" m="36295" /><D22/><U56/><E32/><V94/><F119/><W35/><G35/><T36/><D36/><U88/><E116/><V14/><F117/><W62/><G62/><T49/><D49/><U98/><E98/><V30/><F134/><W55/><G55/><AGARI ba="0,0" hai="25,26,55,59,61" m="36295,52463,49163" machi="55" ten="30,2000,0" yaku="19,1,54,1" doraHai="43" who="0" fromWho="3" sc="173,20,250,0,337,0,240,-20" />
</Scene>
<Scene>
<INIT seed="2,0,0,0,4,26" ten="193,250,337,220" oya="2" hai0="132,58,4,75,6,42,15,99,18,74,70,20,107" hai1="118,114,72,84,38,77,60,129,47,112,134,2,110" hai2="93,17,83,131,91,117,57,115,37,40,78,46,0" hai3="76,14,92,122,5,33,56,9,59,130,119,7,66"/><V111/><F117/><W69/><G119/><T109/><D70/><U35/><RYUUKYOKU type="yao9" ba="0,0" sc="193,0,250,0,337,0,220,0" hai1="2,35,38,47,60,72,77,84,110,112,114,118,129,134" />
</Scene>
<Scene>
<INIT seed="2,1,0,0,1,115" ten="193,250,337,220" oya="2" hai0="46,55,93,80,111,34,54,20,25,18,119,76,100" hai1="39,101,123,63,105,114,33,53,42,28,65,116,74" hai2="40,87,35,22,37,61,132,128,10,0,95,126,72" hai3="73,49,62,68,71,44,2,16,133,48,127,118,47"/><V91/><F35/><W51/><G2/><T52/><D111/><U1/><E53/><V81/><F132/><W9/><G73/><T60/><D34/><U3/><E114/><V102/><F128/><W121/><G121/><T134/><D134/><U7/><E123/><V113/><F113/><W94/><G133/><T24/><D119/><U15/><E15/><V6/><F126/><W5/><G127/><T13/><D46/><U19/><E19/><V66/><F22/><W30/><G30/><T104/><D104/><U50/><E74/><V58/><F72/><W11/><G94/><T57/><D76/><U77/><E77/><V79/><F102/><W26/><G118/><T86/><D100/><U112/><E112/><V125/><F125/><W23/><G11/><T89/><REACH who="0" step="1"/><D80/><REACH who="0" ten="183,250,337,220" step="2"/><U27/><E105/><V14/><F79/><W92/><G47/><T67/><AGARI ba="1,1" hai="13,18,20,24,25,52,54,55,57,60,67,86,89,93" machi="67" ten="30,8000,1" yaku="1,1,2,1,0,1,8,1,54,1,53,0" doraHai="115" doraHaiUra="29" who="0" fromWho="0" sc="183,93,250,-21,337,-41,220,-21" />
</Scene>
<Scene>
<INIT seed="3,0,0,0,3,24" ten="276,229,296,199" oya="3" hai0="62,114,120,3,32,44,88,84,69,104,50,67,80" hai1="90,51,95,79,87,58,25,72,105,53,23,31,49" hai2="103,42,112,111,78,82,10,17,28,110,48,4,96" hai3="18,52,102,73,47,93,92,129,77,127,101,122,21"/><W46/><G122/><T26/><D120/><U54/><E105/><V76/><F112/><W118/><G118/><T74/><D114/><U33/><E72/><V7/><F17/><W5/><G129/><T94/><D104/><U63/><E79/><V126/><F126/><W1/><G127/><T89/><D3/><U100/><E100/><V70/><F70/><W38/><G73/><T35/><D74/><U75/><E75/><V124/><F124/><W20/><G77/><T13/><D13/><U59/><E33/><V119/><F119/><W15/><G1/><T83/><D26/><U9/><REACH who="1" step="1"/><E9/><REACH who="1" ten="276,219,296,199" step="2"/><V64/><F10/><W85/><G102/><T27/><D35/><U29/><E29/><V39/><F28/><W98/><G21/><T108/><D32/><U66/><E66/><V60/><F64/><W68/><G20/><T109/><D109/><U115/><E115/><V16/><F103/><W56/><G101/><T116/><D108/><U99/><E99/><V86/><F96/><W45/><G98/><T55/><D116/><U41/><E41/><V113/><F113/><W61/><G85/><T36/><D89/><U0/><E0/><V131/><F78/><W34/><G34/><T135/><D67/><U37/><E37/><V40/><F111/><W43/><G38/><T2/><D2/><U12/><E12/><V121/><F39/><W130/><G43/><T71/><D36/><U97/><E97/><V133/><F42/><W30/><G15/><T107/><D88/><U6/><E6/><V57/><F110/><W117/><G5/><T132/><D107/><RYUUKYOKU ba="0,1" sc="276,-10,219,30,296,-10,199,-10" hai1="23,25,31,49,51,53,54,58,59,63,87,90,95" />
</Scene>
<Scene>
<INIT seed="4,1,1,5,3,21" ten="266,249,286,189" oya="0" hai0="128,47,14,112,9,92,51,113,34,108,64,127,30" hai1="82,81,105,100,116,17,62,31,118,0,60,48,131" hai2="11,32,59,111,72,70,55,22,54,74,95,12,117" hai3="103,57,28,132,125,1,37,109,20,133,2,91,86"/><T134/><D108/><U5/><E31/><V4/><F32/><W126/><G109/><T129/><D64/><U99/><E131/><N who="0" m="50249" /><D92/><U75/><E5/><V73/><F111/><W69/><G69/><T63/><D63/><U43/><E0/><N who="3" m="106" /><G37/><T10/><D134/><N who="3" m="51817" /><G103/><T26/><D127/><N who="3" m="48649" /><G57/><T124/><D124/><U83/><E75/><V23/><F70/><W66/><G66/><T67/><D67/><U98/><E100/><V39/><F39/><W8/><G8/><N who="0" m="3179" /><D14/><U93/><E105/><V15/><F15/><W35/><G86/><T119/><D119/><U38/><E118/><V110/><F117/><W41/><G41/><AGARI ba="1,1" hai="26,30,34,41,47,51,112,113" m="3179,50249" machi="41" ten="30,2900,0" yaku="19,1,52,1" doraHai="21" who="0" fromWho="3" sc="266,42,249,0,286,0,189,-32" />
</Scene>
<Scene>
<INIT seed="4,2,0,0,5,26" ten="308,249,286,157" oya="0" hai0="98,35,96,64,99,63,90,86,36,92,34,83,62" hai1="25,59,81,7,39,5,55,68,29,58,1,51,131" hai2="123,50,14,132,125,67,66,73,19,31,16,91,17" hai3="100,118,120,38,3,43,33,49,65,82,20,104,41"/><T94/><D36/><U101/><E68/><V15/><F123/><W22/><G3/><T18/><D34/><U52/><E39/><V12/><F73/><W128/><G38/><T42/><D42/><U21/><E131/><V130/><F130/><W9/><G9/><T45/><D45/><U28/><E28/><V23/><F125/><W4/><G4/><T127/><D127/><U88/><E101/><V126/><F126/><W30/><G128/><T44/><D44/><U8/><E1/><V107/><F107/><W134/><G118/><T133/><D133/><U32/><E32/><V2/><F2/><W113/><G82/><T114/><D114/><U72/><E8/><V84/><F132/><W85/><G85/><T124/><D124/><U115/><E115/><V122/><F50/><W87/><G87/><T74/><D35/><U37/><E37/><V48/><F48/><W97/><G49/><T70/><D74/><U80/><E72/><V10/><F122/><W47/><G47/><T103/><D92/><U46/><E46/><V108/><F108/><W102/><G120/><T116/><D116/><U106/><E106/><V129/><F129/><W71/><G134/><T54/><D54/><U112/><E112/><V0/><F0/><W57/><G113/><T11/><D63/><N who="1" m="36295" /><E59/><V27/><F10/><W117/><G117/><T93/><D83/><AGARI ba="2,0" hai="12,14,15,16,17,19,23,27,31,66,67,83,84,91" machi="83" ten="40,5200,0" yaku="8,1,52,1,54,1" doraHai="26" who="2" fromWho="0" sc="308,-58,249,0,286,58,157,0" />
</Scene>
<Scene>
<INIT seed="5,0,0,0,0,80" ten="250,249,344,157" oya="1" hai0="28,69,131,44,94,59,42,1,121,123,36,107,101" hai1="39,99,84,83,88,76,38,102,23,70,9,124,26" hai2="54,19,52,17,50,128,89,91,10,11,2,53,64" hai3="98,41,16,3,18,60,120,109,103,68,66,20,126"/><U110/><E70/><V51/><F128/><W48/><G109/><T46/><D107/><U100/><E110/><V73/><F73/><W95/><G120/><N who="0" m="46155" /><D131/><U15/><E124/><V72/><F72/><W105/><G126/><T7/><D69/><U58/><E58/><V106/><F106/><W85/><G3/><T71/><D71/><U45/><E45/><V65/><F53/><W22/><G41/><T4/><D28/><N who="1" m="17503" /><E39/><V78/><F2/><W127/><G48/><T97/><D1/><U35/><E35/><V130/><F130/><W92/><G127/><T63/><D46/><U49/><E49/><V82/><F82/><W12/><REACH who="3" step="1"/><G85/><REACH who="3" ten="250,249,344,147" step="2"/><T114/><D114/><U133/><E38/><V118/><F78/><W34/><G34/><T112/><D112/><U111/><E111/><V90/><F90/><W113/><G113/><T55/><AGARI ba="0,1" hai="4,7,36,42,44,55,59,63,94,97,101" m="46155" machi="55" ten="30,1100,0" yaku="13,1" doraHai="80" who="0" fromWho="0" sc="250,21,249,-5,344,-3,147,-3" />
</Scene>
<Scene>
<INIT seed="6,0,0,5,0,14" ten="271,244,341,144" oya="2" hai0="28,77,46,42,48,129,43,13,18,105,128,22,76" hai1="57,32,60,0,112,54,72,122,4,9,86,8,119" hai2="74,100,94,49,50,45,61,104,38,125,101,114,24" hai3="36,132,96,40,95,121,1,30,23,6,67,55,31"/><V120/><F120/><W79/><G121/><T64/><D105/><U51/><E72/><V116/><F116/><W107/><G107/><T3/><D3/><U59/><E122/><V34/><F74/><W111/><G111/><T91/><D64/><U44/><E32/><V126/><F104/><W10/><G67/><T65/><D65/><U90/><E112/><V83/><F83/><W115/><G115/><T92/><D42/><U53/><E119/><V134/><F61/><W103/><G132/><T130/><REACH who="0" step="1"/><D28/><REACH who="0" ten="261,244,341,144" step="2"/><U15/><E44/><V71/><F45/><W123/><G123/><T131/><N who="0" m="32768" /><DORA hai="84" /><T12/><D12/><U33/><E33/><V7/><F34/><W19/><G31/><T135/><D135/><U68/><E68/><V35/><F35/><W89/><G30/><T108/><D108/><U78/><E0/><V73/><F71/><W16/><G40/><T66/><D66/><U81/><REACH who="1" step="1"/><E9/><REACH who="1" ten="261,234,341,144" step="2"/><V110/><F134/><W2/><G2/><T37/><D37/><U5/><E5/><V82/><F7/><W21/><G36/><T127/><D127/><U69/><E69/><V87/><F38/><W20/><G1/><T118/><D118/><U17/><E17/><V117/><F117/><W113/><G113/><T41/><D41/><U47/><E47/><V62/><F114/><W80/><G6/><T85/><AGARI ba="0,2" hai="13,18,22,43,46,48,76,77,85,91,92" m="32768" machi="85" ten="60,12000,2" yaku="1,1,0,1,19,1,52,2,53,2" doraHai="14,84" doraHaiUra="75,133" who="0" fromWho="0" sc="261,140,234,-30,341,-60,144,-30" />
</Scene>
<Scene>
<INIT seed="7,0,0,2,5,35" ten="401,204,281,114" oya="3" hai0="134,50,27,106,132,73,102,4,88,97,83,108,24" hai1="112,76,13,61,33,58,71,92,93,38,77,41,127" hai2="15,89,39,90,107,125,91,0,18,101,11,1,65" hai3="122,68,51,80,70,86,117,44,104,6,40,2,114"/><W66/><G117/><T53/><D108/><U84/><E71/><V110/><F110/><W79/><G122/><T69/><D4/><U10/><E33/><V31/><F39/><W36/><G104/><T7/><D7/><U131/><E131/><V19/><F31/><W111/><G111/><T46/><D69/><U123/><E123/><V34/><F34/><W29/><G114/><T98/><D98/><U8/><E112/><V21/><F65/><W72/><G29/><T67/><D67/><U120/><E120/><V119/><F119/><W63/><G70/><T25/><D88/><U9/><E13/><V14/><F125/><W81/><G51/><T126/><D126/><U94/><E127/><V26/><F26/><W75/><REACH who="3" step="1"/><G81/><REACH who="3" ten="401,204,281,104" step="2"/><T60/><D83/><U47/><REACH who="1" step="1"/><E84/><REACH who="1" ten="401,194,281,104" step="2"/><V109/><F109/><W82/><G82/><T118/><D118/><U17/><E17/><V49/><F19/><W43/><G43/><T115/><D115/><U32/><E32/><V52/><F18/><W64/><G64/><AGARI ba="0,2" hai="8,9,10,38,41,47,58,61,64,76,77,92,93,94" machi="64" ten="40,2600,0" yaku="1,1,53,1" doraHai="35" doraHaiUra="59" who="1" fromWho="3" sc="401,0,194,46,281,0,104,-26" owari="401,50.0,240,-16.0,281,8.0,78,-42.0" />
</Scene>
</mjloggm>