<mjloggm ver="2.3"><GO type="169" lobby="0"/><UN n0="%E3%81%84%E3%81%A1%E3%81%8B%E3%82%8F%E2%99%AA" n1="%E3%82%B9%E3%83%BC%E3%83%8B" n2="%E5%A4%AA%E3%81%8F%E3%81%AA%E3%81%84%E3%81%8A" n3="%E6%AF%94%E5%98%89%E7%A7%80%E4%BB%81" dan="17,16,18,16" rate="2231.96,2102.41,2167.48,2166.38" sx="M,M,F,M"/><TAIKYOKU oya="0"/>

<Scene>
<INIT seed="0,0,0,1,2,95" ten="250,250,250,250" oya="0" hai0="43,46,98,62,40,87,93,44,91,18,10,80,127" hai1="86,9,65,101,49,76,106,110,59,23,37,122,100" hai2="78,89,15,48,16,131,36,117,105,120,83,94,58" hai3="96,52,77,121,3,55,8,71,99,53,116,19,28"/><T126/><D62/><U130/><E37/><V14/><F120/><W42/><G71/><T2/><D43/><U104/><E122/><V134/><F36/><W133/><G116/><T63/><D63/><U39/><E39/><V27/><F105/><W64/><G64/><T81/><D81/><U12/><E23/><N who="2" m="13799" /><F117/><W129/><G121/><T112/><D112/><U132/><E65/><V119/><F119/><W5/><G42/><T11/><D40/><U31/><E31/><V111/><F111/><W115/><G115/><T123/><D123/><U21/><E21/><V34/><F34/><W88/><G77/><T20/><D2/><U50/><E110/><V85/><F131/><W4/><G129/><T61/><D61/><U72/><E72/><V17/><F134/><W75/><G133/><T22/><D22/><U7/><E132/><V6/><F6/><W128/><G128/><T47/><D20/><U32/><E32/><V13/><F58/><W114/><G114/><T41/><D41/><U109/><E109/><V118/><F48/><N who="1" m="18537" /><E59/><V30/><F30/><W38/><G38/><T60/><D60/><U102/><E130/><V97/><F118/><W124/><G75/><T1/><D1/><U90/><E76/><V51/><F51/><W69/><G69/><T57/><D57/><U84/><E106/><V73/><F73/><W108/><G108/><T29/><D29/><U0/><E104/><V92/><F92/><W54/><N who="3" m="13312" /><DORA hai="79" /><W25/><G4/><T70/><D70/><U125/><E0/><V33/><F33/><N who="3" m="20623" /><G19/><AGARI ba="0,0" hai="13,14,15,17,19,78,83,85,89,94,97" m="13799" machi="19" ten="30,7700,0" yaku="8,1,52,2,54,1" doraHai="95,79" who="2" fromWho="3" sc="250,0,250,0,250,77,250,-77" />
</Scene>
<Scene>
<INIT seed="1,0,0,4,4,65" ten="250,250,327,173" oya="1" hai0="51,75,22,66,83,5,40,21,20,96,135,69,92" hai1="29,35,111,112,54,0,63,105,122,132,41,47,19" hai2="46,124,4,23,99,32,45,118,10,18,12,106,100" hai3="15,26,48,86,73,61,102,103,90,95,9,49,3"/><U14/><E105/><V68/><F118/><W72/><G3/><T89/><D135/><U130/><E0/><V113/><F124/><W134/><G134/><T94/><D5/><U71/><E122/><V27/><F113/><W58/><G26/><T114/><D114/><U119/><E119/><V91/><F91/><W128/><G73/><T88/><D40/><U81/><E112/><V59/><F59/><W93/><G72/><T16/><D51/><U87/><E132/><V104/><F104/><W64/><G128/><T98/><D83/><U127/><E127/><V17/><F32/><W107/><G107/><T74/><D16/><U30/><E35/><V57/><F68/><W13/><G13/><T34/><REACH who="0" step="1"/><D34/><REACH who="0" ten="240,250,327,173" step="2"/><U80/><E130/><V8/><REACH who="2" step="1"/><F57/><REACH who="2" ten="240,250,317,173" step="2"/><W129/><G129/><T25/><D25/><U1/><E81/><V62/><F62/><AGARI ba="0,2" hai="20,21,22,62,66,69,74,75,88,89,92,94,96,98" machi="62" ten="40,8000,1" yaku="1,1,9,1,52,1,54,1,53,0" doraHai="65" doraHaiUra="39" who="0" fromWho="2" sc="240,100,250,0,317,-80,173,0" />
</Scene>
<Scene>
<INIT seed="2,0,0,4,1,14" ten="340,250,237,173" oya="2" hai0="102,130,103,65,69,47,125,33,107,22,87,30,121" hai1="127,29,36,126,85,122,28,90,105,11,8,19,99" hai2="41,96,4,2,114,134,5,7,56,32,45,70,50" hai3="120,27,26,46,78,93,57,38,132,117,37,9,112"/><V94/><F114/><W101/><G120/><T124/><D130/><U123/><E36/><V74/><F70/><W88/><G117/><T68/><D87/><U73/><E73/><V42/><F74/><W10/><G78/><T18/><D47/><U59/><E59/><V115/><F115/><W40/><G101/><N who="0" m="38411" /><D65/><U13/><E11/><V52/><F32/><W110/><G112/><T21/><D107/><U31/><E99/><V104/><F104/><W119/><G110/><T82/><D82/><N who="1" m="49463" /><E105/><V100/><F134/><W1/><G132/><T67/><D67/><U53/><E53/><V63/><REACH who="2" step="1"/><F2/><REACH who="2" ten="340,250,227,173" step="2"/><W0/><G0/><T24/><D33/><U17/><E123/><V72/><F72/><W58/><G1/><T43/><D121/><U109/><E122/><V133/><F133/><W81/><G119/><T76/><D69/><U97/><E109/><V66/><AGARI ba="0,1" hai="4,5,7,41,42,45,50,52,56,63,66,94,96,100" machi="66" ten="30,11700,0" yaku="1,1,0,1,8,1,54,1,53,0" doraHai="14" doraHaiUra="118" who="2" fromWho="2" sc="340,-39,250,-39,227,127,173,-39" />
</Scene>
<Scene>
<INIT seed="2,1,0,1,3,117" ten="301,211,354,134" oya="2" hai0="96,29,24,69,101,73,113,22,120,110,78,44,135" hai1="68,6,124,87,4,90,47,32,21,19,36,80,132" hai2="20,99,82,12,109,58,118,46,13,81,15,27,39" hai3="16,134,55,23,122,45,131,1,34,61,108,7,123"/><V57/><F118/><W102/><G34/><T89/><D69/><U63/><E32/><V49/><F39/><W35/><G35/><T41/><D113/><U75/><E75/><V98/><F109/><W83/><G108/><T128/><D135/><U97/><E132/><V130/><F130/><W126/><G134/><T95/><D128/><U38/><E124/><V67/><F82/><W133/><G133/><T129/><D120/><U8/><E97/><N who="2" m="36875" /><F81/><W9/><G131/><T30/><D73/><U91/><E91/><V40/><F67/><W48/><G126/><T2/><D78/><U31/><E31/><AGARI ba="1,0" hai="12,13,15,20,27,31,40,46,49,57,58" m="36875" machi="31" ten="30,1500,0" yaku="8,1" doraHai="117" who="2" fromWho="1" sc="301,0,211,-18,354,18,134,0" />
</Scene>
<Scene>
<INIT seed="2,2,0,3,3,85" ten="301,193,372,134" oya="2" hai0="125,121,71,74,24,19,133,26,51,33,28,97,15" hai1="45,114,103,36,18,14,76,44,78,27,9,20,54" hai2="94,34,106,126,40,68,99,75,47,111,61,100,123" hai3="13,69,46,83,117,124,55,22,11,56,70,73,12"/><V109/><F123/><W112/><G117/><T30/><D71/><U52/><E114/><V87/><F75/><W104/><G104/><T5/><D74/><U2/><E2/><V86/><F34/><W118/><G118/><T84/><D125/><U35/><E35/><V64/><F126/><W29/><G124/><T101/><D5/><U127/><E103/><V31/><F31/><W17/><G46/><N who="1" m="18026" /><E36/><V7/><F7/><W38/><G38/><T115/><D133/><U59/><E127/><V129/><F129/><W80/><G112/><T96/><D51/><N who="1" m="31135" /><E54/><V92/><F106/><W135/><G135/><T57/><D101/><U93/><E93/><V77/><F94/><W113/><G113/><T1/><D1/><U132/><E132/><V105/><F105/><W134/><G134/><T8/><D115/><U108/><E108/><N who="2" m="41547" /><F77/><W0/><G0/><T116/><D121/><U23/><E23/><V81/><F81/><W62/><G73/><T91/><D116/><U39/><E39/><AGARI ba="2,0" hai="39,40,47,61,64,68,86,87,92,99,100" m="41547" machi="39" ten="30,2900,0" yaku="14,1,10,1" doraHai="85" who="2" fromWho="1" sc="301,0,193,-35,372,35,134,0" />
</Scene>
<Scene>
<INIT seed="2,3,0,2,3,21" ten="301,158,407,134" oya="2" hai0="55,72,38,108,13,61,105,79,63,132,54,1,62" hai1="94,120,42,31,129,115,103,47,59,88,83,82,110" hai2="112,29,6,49,123,111,84,68,71,74,11,86,87" hai3="118,8,97,48,133,2,60,102,89,116,39,19,34"/><V36/><F123/><W50/><G39/><T57/><D1/><U24/><E110/><V33/><F36/><W75/><G34/><T113/><D105/><U66/><E129/><V43/><F74/><W127/><G75/><T70/><D72/><U58/><E103/><V95/><F112/><W106/><G133/><T32/><D79/><U92/><E120/><V37/><F37/><W14/><G127/><T65/><D13/><U100/><E115/><V98/><F111/><W124/><G124/><T10/><D10/><U5/><E5/><V73/><F73/><W130/><G130/><T67/><D32/><U23/><E100/><V27/><F43/><W41/><G2/><T7/><D7/><U96/><E94/><V81/><F49/><W128/><G128/><T0/><D0/><U26/><E26/><V53/><F53/><N who="0" m="19978" /><D132/><U78/><E66/><N who="0" m="25097" /><D108/><U109/><E109/><V3/><REACH who="2" step="1"/><F81/><REACH who="2" ten="301,158,397,134" step="2"/><N who="1" m="30729" /><E78/><V35/><F35/><W20/><G118/><T125/><D113/><U107/><E107/><V9/><F9/><W52/><G116/><T119/><D38/><U91/><E91/><AGARI ba="3,1" hai="3,6,11,27,29,33,68,71,84,86,87,91,95,98" machi="91" ten="40,3900,0" yaku="1,1,52,1,53,0" doraHai="21" doraHaiUra="69" who="2" fromWho="1" sc="301,0,158,-48,397,58,134,0" />
</Scene>
<Scene>
<INIT seed="2,4,0,3,3,74" ten="301,110,455,134" oya="2" hai0="9,14,100,78,36,72,101,41,70,66,109,117,89" hai1="56,112,8,0,6,33,111,98,113,47,133,48,7" hai2="91,54,58,79,49,125,24,128,130,95,39,46,124" hai3="97,83,122,86,20,55,29,99,131,57,114,107,40"/><V135/><F24/><W104/><G122/><T87/><D109/><U123/><E33/><V105/><F105/><W31/><G114/><T1/><D1/><U67/><E111/><V28/><F28/><W3/><G3/><T90/><D72/><U64/><E123/><V37/><F79/><W53/><G40/><T34/><D34/><U23/><E133/><V80/><F80/><W75/><G75/><T21/><D21/><U129/><E129/><N who="2" m="49771" /><F135/><W4/><G4/><T42/><D36/><N who="2" m="13898" /><F95/><W11/><G131/><T2/><D2/><U51/><E23/><V108/><F91/><W43/><G11/><T18/><D78/><U38/><E38/><V52/><F108/><W132/><G132/><T30/><D89/><U15/><E98/><V134/><F134/><W71/><G20/><T93/><D30/><U32/><E32/><V127/><F58/><W25/><G57/><T62/><REACH who="0" step="1"/><D117/><REACH who="0" ten="291,110,455,134" step="2"/><U81/><E0/><V10/><F10/><W50/><G25/><T16/><D16/><U102/><E8/><V119/><F119/><W69/><G31/><T115/><D115/><U22/><E113/><V26/><F26/><W88/><G29/><T63/><D63/><U92/><E112/><V27/><F27/><W35/><G35/><T116/><D116/><U19/><E19/><V44/><F49/><W73/><G50/><T118/><D118/><U120/><E51/><V121/><F121/><W17/><G17/><T126/><D126/><U106/><E120/><V13/><F13/><W82/><G73/><T5/><D5/><U61/><E48/><V84/><F125/><RYUUKYOKU ba="4,1" sc="291,30,110,-10,455,-10,134,-10" hai0="9,14,18,41,42,62,66,70,87,90,93,100,101" />
</Scene>
<Scene>
<INIT seed="3,5,1,0,4,79" ten="321,100,445,124" oya="3" hai0="63,112,89,119,57,97,31,114,96,58,3,108,121" hai1="116,126,1,80,98,78,26,73,9,90,44,5,32" hai2="41,67,39,12,10,29,129,124,122,115,16,103,82" hai3="17,48,45,95,27,125,77,109,35,47,102,54,94"/><W55/><G125/><T22/><D108/><U34/><E126/><V92/><F124/><W20/><G35/><T128/><D3/><U100/><E116/><V132/><F115/><N who="0" m="44074" /><D128/><U19/><E90/><V2/><F129/><W110/><G77/><T33/><D22/><U64/><E64/><V66/><F132/><W8/><G8/><T111/><D31/><U135/><E135/><V7/><F122/><W56/><G47/><T28/><D28/><U117/><E117/><V36/><F29/><W46/><G46/><T76/><D76/><U104/><E26/><V107/><F107/><W127/><G127/><T24/><D24/><U21/><E21/><V113/><F113/><W83/><G83/><T75/><D75/><U62/><E19/><V91/><F103/><W88/><G102/><T38/><D38/><U0/><E62/><V70/><F82/><W18/><G18/><T59/><D63/><U131/><E131/><V15/><F2/><W120/><G120/><T118/><D33/><U6/><E44/><V105/><F39/><W52/><G95/><T68/><D68/><U14/><E14/><V50/><F36/><W43/><REACH who="3" step="1"/><G56/><REACH who="3" ten="321,100,445,114" step="2"/><T71/><D121/><U42/><E42/><V65/><F92/><W99/><AGARI ba="5,2" hai="17,20,27,43,45,48,52,54,55,88,94,99,109,110" machi="99" ten="30,18000,2" yaku="1,1,2,1,0,1,54,2,53,2" doraHai="79" doraHaiUra="123" who="3" fromWho="3" sc="321,-65,100,-65,445,-65,114,215" />
</Scene>
<Scene>
<INIT seed="3,6,0,4,1,119" ten="256,35,380,329" oya="3" hai0="131,43,59,54,100,97,58,85,12,63,64,33,118" hai1="40,17,82,6,78,62,117,105,98,77,19,9,60" hai2="52,47,80,56,111,122,102,96,51,84,75,121,89" hai3="44,22,125,3,103,87,1,53,37,70,104,68,108"/><W113/><G113/><T18/><D33/><U55/><E117/><V133/><F111/><W16/><G108/><T7/><D7/><U26/><E40/><V46/><F133/><W132/><G132/><T112/><D118/><U79/><E105/><V129/><F129/><W95/><G104/><T107/><D112/><U24/><E98/><V127/><F127/><W31/><G31/><T120/><D131/><U130/><E130/><V106/><F75/><W13/><G125/><T32/><D85/><U109/><E109/><V101/><F101/><W50/><G37/><T86/><D86/><U135/><E135/><V25/><F25/><W134/><G134/><T42/><D120/><AGARI ba="6,0" hai="46,47,51,52,56,80,84,89,96,102,106,120,121,122" machi="120" ten="40,8000,1" yaku="13,1,52,3,54,1" doraHai="119" who="2" fromWho="0" sc="256,-98,35,0,380,98,329,0" />
</Scene>
<Scene>
<INIT seed="4,0,0,4,3,71" ten="158,35,478,329" oya="0" hai0="114,5,93,6,77,117,79,124,90,54,111,72,120" hai1="101,76,9,28,13,37,112,41,99,36,118,30,11" hai2="20,26,104,7,47,39,3,44,35,86,103,68,55" hai3="126,74,58,2,75,87,52,67,84,123,109,23,40"/><T128/><D120/><U85/><E118/><V132/><F68/><W16/><G123/><T106/><D106/><U57/><E57/><V127/><F35/><W56/><G109/><T50/><D117/><U60/><E60/><V14/><F3/><W62/><G2/><T64/><D64/><U135/><E41/><V89/><F39/><W107/><G107/><T8/><D111/><U46/><E46/><V38/><F38/><W134/><G134/><T49/><D114/><U29/><E135/><V18/><F132/><W32/><G32/><T92/><D128/><U131/><E131/><V108/><F108/><W12/><G40/><T100/><D124/><U105/><E11/><N who="2" m="4479" /><F103/><W80/><G87/><T66/><D72/><U82/><REACH who="1" step="1"/><E112/><REACH who="1" ten="158,25,478,329" step="2"/><V102/><F47/><W69/><G69/><T34/><D8/><U97/><E97/><V51/><F44/><W42/><G42/><T95/><D100/><U17/><AGARI ba="0,1" hai="9,13,17,28,29,30,36,37,76,82,85,99,101,105" machi="17" ten="30,7900,0" yaku="1,1,0,1,52,2,53,0" doraHai="71" doraHaiUra="0" who="1" fromWho="1" sc="158,-39,25,89,478,-20,329,-20" /><BYE who="0" />
</Scene>
<Scene>
<INIT seed="5,0,0,1,0,99" ten="119,114,458,309" oya="1" hai0="81,38,70,134,98,117,103,36,16,3,68,120,52" hai1="105,48,44,84,26,106,2,112,10,20,7,116,113" hai2="11,31,30,122,115,51,12,77,110,91,9,94,80" hai3="88,35,4,118,53,64,71,92,50,40,124,37,82"/><U18/><E116/><UN n0="%E3%81%84%E3%81%A1%E3%81%8B%E3%82%8F%E2%99%AA" /><V79/><F110/><W135/><G118/><T74/><D3/><U15/><E84/><V46/><F122/><W133/><G35/><T101/><D117/><U75/><E75/><V63/><F63/><W60/><G124/><T125/><D120/><U96/><E2/><V13/><F115/><W127/><G127/><T114/><D125/><U59/><E59/><V57/><F57/><W5/><G82/><T34/><D34/><U8/><E8/><V86/><F11/><W21/><G21/><T90/><D134/><N who="3" m="51209" /><G40/><T95/><D114/><N who="1" m="44139" /><E96/><N who="2" m="57439" /><F79/><W58/><G37/><T130/><D38/><U27/><E27/><V24/><F24/><W1/><G1/><T132/><D36/><U54/><AGARI ba="0,0" hai="7,10,15,18,20,26,44,48,54,105,106" m="44139" machi="54" ten="30,1500,0" yaku="15,1" doraHai="99" who="1" fromWho="1" sc="119,-5,114,15,458,-5,309,-5" />
</Scene>
<Scene>
<INIT seed="5,1,0,1,5,38" ten="114,129,453,304" oya="1" hai0="18,11,41,21,43,110,73,83,72,1,95,129,3" hai1="93,65,66,37,56,47,44,121,68,35,36,39,69" hai2="15,49,113,6,135,28,70,104,84,92,60,91,115" hai3="0,19,106,126,122,22,45,103,32,80,97,111,48"/><U31/><E93/><V134/><F104/><W57/><G111/><T132/><D110/><U78/><E78/><V61/><F28/><W75/><G0/><T124/><D132/><N who="2" m="50730" /><F49/><W90/><G32/><T108/><D108/><U8/><E8/><N who="2" m="4503" /><F70/><N who="1" m="27241" /><E31/><V128/><F128/><W63/><G126/><T82/><D129/><U29/><E29/><V12/><F12/><W17/><G122/><T20/><D95/><U62/><E35/><V13/><F13/><W116/><G116/><T79/><D79/><U94/><E94/><V119/><F119/><W5/><G5/><T34/><D11/><U14/><E14/><V117/><F117/><W64/><G75/><T100/><D34/><U96/><E96/><V85/><F85/><W88/><G80/><T107/><D18/><U102/><E102/><V127/><F127/><W16/><REACH who="3" step="1"/><G22/><REACH who="3" ten="114,129,453,294" step="2"/><T74/><D74/><U46/><E121/><V105/><F105/><W4/><G4/><T59/><D107/><U86/><E86/><V120/><F120/><W101/><G101/><T54/><D100/><U112/><E112/><AGARI ba="1,1" hai="60,61,84,91,92,112,113,115" m="4503,50730" machi="112" ten="30,3900,0" yaku="15,1,11,1,20,1" doraHai="38" who="2" fromWho="1" sc="114,0,129,-42,453,52,294,0" />
</Scene>
<Scene>
<INIT seed="6,0,0,4,5,73" ten="114,87,505,294" oya="2" hai0="35,134,68,116,90,77,92,88,20,67,54,107,122" hai1="33,46,87,113,74,75,22,84,79,61,40,101,93" hai2="8,89,38,37,110,117,86,10,104,106,125,103,17" hai3="128,42,4,64,44,121,78,124,45,118,13,85,2"/><V65/><F117/><W59/><G121/><T127/><D35/><U58/><E33/><V133/><F65/><W80/><G118/><T21/><D107/><U36/><E113/><V57/><F57/><W48/><G2/><T11/><D122/><U15/><E87/><V135/><F125/><W51/><G124/><T49/><D116/><U27/><E15/><V95/><F110/><W81/><G128/><T14/><D127/><U119/><E119/><V60/><F60/><W43/><G81/><T25/><D77/><U0/><E0/><V53/><F53/><W126/><G126/><T112/><D134/><U32/><E32/><V63/><F63/><W16/><G64/><T1/><D68/><U91/><E79/><V23/><F103/><W99/><G99/><T130/><D67/><U100/><E75/><V94/><F23/><W109/><G109/><T62/><D21/><U18/><REACH who="1" step="1"/><E74/><REACH who="1" ten="114,77,505,294" step="2"/><V34/><F86/><W30/><G4/><N who="0" m="3431" /><D1/><U26/><E26/><V76/><F34/><W70/><G70/><T129/><D112/><U55/><AGARI ba="0,1" hai="18,22,27,36,40,46,55,58,61,84,91,93,100,101" machi="55" ten="20,2700,0" yaku="1,1,0,1,7,1,53,0" doraHai="73" doraHaiUra="115" who="1" fromWho="1" sc="114,-7,77,37,505,-13,294,-7" />
</Scene>
<Scene>
<INIT seed="7,0,0,1,4,131" ten="107,114,492,287" oya="3" hai0="123,33,6,26,40,113,83,111,34,71,12,45,0" hai1="94,98,120,129,35,46,125,97,132,62,66,27,49" hai2="104,55,37,82,31,11,124,30,50,77,3,67,52" hai3="2,107,20,1,17,7,102,99,105,127,18,16,38"/><W85/><G38/><T15/><D71/><U56/><E132/><V69/><F104/><W51/><G107/><T44/><D123/><U59/><E120/><V64/><F37/><W116/><G116/><T109/><D83/><U91/><E129/><V92/><F124/><W80/><G127/><T41/><D26/><U79/><E125/><V42/><F42/><W89/><G7/><T22/><D22/><U128/><E128/><V9/><F92/><W117/><G117/><T72/><D6/><U133/><E133/><V121/><F121/><W4/><G4/><T106/><D106/><U8/><E79/><V81/><F3/><W25/><REACH who="3" step="1"/><G51/><REACH who="3" ten="107,114,492,277" step="2"/><T126/><D126/><U24/><E35/><V21/><F50/><W134/><G134/><T5/><D5/><U73/><E49/><V100/><F77/><W19/><AGARI ba="0,1" hai="1,2,16,17,18,19,20,25,80,85,89,99,102,105" machi="19" ten="30,6000,0" yaku="1,1,0,1,54,1,53,0" doraHai="131" doraHaiUra="88" who="3" fromWho="3" sc="107,-20,114,-20,492,-20,277,70" />
</Scene>
<Scene>
<INIT seed="7,1,0,5,4,104" ten="87,94,472,347" oya="3" hai0="20,40,44,65,99,98,12,125,128,119,66,14,132" hai1="115,17,100,58,117,97,85,41,34,106,22,90,67" hai2="96,21,110,54,47,76,64,57,103,78,109,51,56" hai3="48,39,5,9,134,63,1,89,50,120,3,116,7"/><W74/><G120/><T107/><D119/><U126/><E34/><V118/><F118/><W79/><G116/><T83/><D132/><U25/><E117/><V121/><F121/><W30/><G134/><T42/><D128/><U77/><E77/><N who="2" m="29803" /><F110/><W71/><G89/><T18/><D125/><U127/><E41/><N who="0" m="15977" /><D107/><U16/><E115/><V23/><F109/><W29/><G39/><T46/><D83/><U35/><E35/><V102/><F57/><W73/><G79/><T8/><D98/><U36/><E36/><V59/><F56/><W4/><G9/><T53/><D99/><U112/><E112/><V75/><F75/><N who="3" m="28683" /><G63/><T31/><D31/><N who="3" m="11785" /><G71/><T33/><D33/><U60/><REACH who="1" step="1"/><E17/><REACH who="1" ten="87,84,472,347" step="2"/><V91/><F59/><W2/><AGARI ba="1,1" hai="1,2,3,4,5,7,48,50" m="11785,28683" machi="2" ten="40,12000,1" yaku="28,2,52,3" doraHai="104" who="3" fromWho="3" sc="87,-41,84,-41,472,-41,347,133" owari="46,-35.0,43,-46.0,431,23.0,480,58.0" />
</Scene>
</mjloggm>