<mjloggm ver="2.3"><GO type="169"/><UN n0="%E5%A4%AA%E3%81%8F%E3%81%AA%E3%81%84%E3%81%8A" n1="%E3%81%B5%E3%81%8A%E3%82%93" n2="%E6%AF%94%E5%98%89%E7%A7%80%E4%BB%81" n3="%E3%82%B7%E3%83%AD%E3%83%83%E3%82%B3%E2%99%AA" dan="18,16,16,16" rate="2157,2055,2145,2053" sx="M,M,M,M"/><TAIKYOKU oya="0"/>

<Scene>
<INIT seed="0,0,0,4,5,30" ten="250,250,250,250" oya="0" hai0="123,16,80,72,2,61,11,51,125,95,88,45,83" hai1="47,6,110,54,98,31,15,79,38,58,63,7,59" hai2="89,13,92,62,3,43,76,71,4,49,91,17,129" hai3="115,12,36,0,28,118,39,22,18,20,53,57,97"/><T104/><D123/><U85/><E110/><V86/><F129/><W50/><G118/><T48/><D104/><U109/><E109/><V126/><F126/><W32/><G115/><T25/><D125/><U103/><E31/><V34/><F76/><W69/><G69/><T100/><D100/><U107/><E15/><V21/><F3/><W121/><G0/><T93/><D93/><U124/><E124/><V102/><F102/><W133/><G133/><T9/><D61/><U75/><E75/><V10/><F91/><W112/><G112/><T84/><D51/><U87/><E59/><V108/><F108/><W19/><G97/><T131/><D131/><U68/><E68/><V52/><F43/><W99/><G99/><T8/><D72/><U106/><E106/><V35/><F62/><W5/><G5/><T78/><D2/><U46/><E85/><V82/><F82/><N who="0" m="31274" /><D78/><U119/><E79/><V134/><F71/><W65/><G121/><T27/><D16/><U111/><E111/><V44/><F134/><W127/><G127/><T81/><N who="0" m="31282" /><T120/><DORA hai="114" /><D120/><U101/><E101/><V73/><REACH who="2" step="1"/><F73/><REACH who="2" ten="250,250,240,250" step="2"/><W64/><G39/><T132/><D132/><U74/><E74/><V130/><F130/><W26/><REACH who="3" step="1"/><G36/><REACH who="3" ten="250,250,240,240" step="2"/><T105/><D105/><U70/><E38/><V67/><F67/><W94/><G94/><T37/><D37/><U96/><E107/><V116/><F116/><W14/><AGARI ba="0,2" hai="12,14,18,19,20,22,26,28,32,50,53,57,64,65" machi="14" ten="20,12000,2" yaku="1,1,0,1,7,1,9,1,52,1,53,1" doraHai="30,114" doraHaiUra="66,24" who="3" fromWho="3" sc="250,-60,250,-30,240,-30,240,140" />
</Scene>
<Scene>
<INIT seed="1,0,0,3,5,111" ten="190,220,210,380" oya="1" hai0="31,76,53,36,65,122,30,124,9,114,54,81,131" hai1="6,70,25,88,61,74,105,22,116,62,49,91,14" hai2="84,73,4,68,37,125,95,52,83,113,98,101,48" hai3="16,18,33,3,35,96,59,28,100,43,17,72,87"/><U102/><E116/><V89/><F37/><W108/><G72/><T110/><D36/><U78/><E74/><V90/><F68/><W26/><G3/><T42/><D42/><U10/><E78/><V13/><F125/><W41/><G108/><T55/><D110/><U120/><E120/><V23/><F73/><W77/><G35/><T20/><D124/><U118/><E118/><V24/><F113/><W129/><G129/><T121/><D65/><U27/><E70/><V130/><F130/><W103/><G103/><T99/><D99/><U97/><E49/><V8/><F101/><W128/><G128/><T29/><D131/><U34/><E34/><V57/><F24/><W71/><G71/><T63/><D63/><U64/><E27/><V12/><REACH who="2" step="1"/><F23/><REACH who="2" ten="190,220,200,380" step="2"/><W133/><G100/><T67/><D20/><U11/><E22/><V2/><AGARI ba="0,1" hai="2,4,8,12,13,48,52,57,83,84,89,90,95,98" machi="2" ten="20,12000,2" yaku="1,1,2,1,0,1,7,1,54,1,53,1" doraHai="111" doraHaiUra="1" who="2" fromWho="2" sc="190,-30,220,-60,200,130,380,-30" />
</Scene>
<Scene>
<INIT seed="2,0,0,1,2,96" ten="160,160,330,350" oya="2" hai0="27,14,126,117,30,58,11,12,72,87,111,77,105" hai1="28,42,106,132,124,129,49,41,84,18,73,55,74" hai2="69,33,13,44,85,93,97,125,103,26,79,83,22" hai3="29,52,57,66,43,10,32,68,94,100,101,134,65"/><V82/><F69/><W112/><G68/><T75/><D105/><U0/><E0/><V91/><F125/><W99/><G32/><T9/><D126/><U119/><E119/><V2/><F2/><W23/><G43/><T3/><D3/><U36/><E36/><V135/><F135/><W107/><G107/><T95/><D117/><U114/><E28/><V116/><F116/><W92/><G10/><T46/><D46/><U54/><E106/><V130/><F130/><W121/><G121/><T40/><D40/><U5/><E5/><V25/><F33/><W37/><G37/><T47/><D47/><U67/><E74/><V71/><F71/><W62/><G112/><T1/><D1/><U59/><E73/><V110/><F110/><W104/><G134/><T61/><D11/><U113/><E129/><V98/><F44/><W123/><G104/><T80/><D14/><U89/><E132/><V45/><F45/><W48/><G123/><T4/><D95/><N who="1" m="54695" /><E124/><V64/><F64/><W21/><G65/><T24/><D24/><U86/><E67/><V34/><F34/><W78/><G78/><T17/><D4/><U6/><E6/><V63/><F63/><W7/><G7/><T122/><D122/><U31/><E113/><V133/><F133/><W108/><G108/><T81/><D111/><U109/><E109/><V56/><F13/><W70/><G29/><T76/><D30/><U102/><E42/><V90/><F26/><W20/><G20/><T118/><D118/><U8/><E114/><V120/><F120/><W127/><G127/><T50/><D27/><RYUUKYOKU ba="0,0" sc="160,-10,160,-10,330,-10,350,30" hai3="21,23,48,52,57,62,66,70,92,94,99,100,101" />
</Scene>
<Scene>
<INIT seed="3,1,0,4,3,24" ten="150,150,320,380" oya="3" hai0="31,19,125,114,135,44,92,83,112,79,4,3,69" hai1="57,81,101,6,21,105,75,74,66,40,55,23,86" hai2="43,117,110,39,107,94,27,67,71,35,12,52,97" hai3="91,133,99,42,30,46,95,127,96,103,51,41,64"/><W53/><G127/><T61/><D125/><U116/><E40/><V118/><F107/><W121/><G133/><T63/><D135/><U25/><E66/><V5/><F110/><W10/><G121/><T120/><D120/><U70/><E70/><V87/><F87/><W128/><G128/><T22/><D69/><U124/><E124/><V123/><F123/><W98/><G64/><T49/><D92/><U82/><E6/><V76/><F76/><W84/><G10/><T0/><D4/><U72/><E21/><V111/><F111/><W119/><G119/><T29/><D63/><U113/><E113/><N who="0" m="43625" /><D61/><U9/><E116/><V28/><F67/><W36/><G30/><N who="0" m="11275" /><D19/><U56/><E105/><V65/><F65/><W15/><G15/><T8/><D22/><U45/><E23/><V54/><F71/><W130/><G130/><T104/><D104/><U18/><E18/><V129/><F118/><W115/><G115/><T2/><D8/><U68/><E9/><V48/><F129/><W126/><G126/><T78/><D83/><U108/><E81/><V93/><F117/><W106/><G41/><AGARI ba="1,0" hai="0,2,3,41,44,49,78,79" m="11275,43625" machi="41" ten="40,8000,1" yaku="11,1,52,3" doraHai="24" who="0" fromWho="3" sc="150,83,150,0,320,0,380,-83" />
</Scene>
<Scene>
<INIT seed="4,0,0,4,5,7" ten="233,150,320,297" oya="0" hai0="22,39,10,6,99,121,84,41,56,1,100,61,14" hai1="55,67,0,97,105,78,128,96,133,29,117,63,131" hai2="37,59,27,103,16,13,82,126,107,80,40,123,93" hai3="81,53,91,65,18,20,124,12,15,116,118,108,23"/><T42/><D121/><U4/><E117/><V71/><F107/><W8/><G108/><T50/><D39/><U35/><E78/><V62/><F71/><W76/><G91/><T28/><D84/><U25/><E55/><V46/><F123/><W89/><G89/><T24/><D50/><U68/><E133/><V114/><F27/><W129/><G124/><T31/><D31/><U60/><E60/><V88/><F103/><W112/><G129/><T49/><D49/><U70/><E70/><V106/><F106/><W127/><G127/><T79/><D1/><U69/><E69/><V52/><F114/><W72/><G112/><T95/><D79/><U17/><E17/><V19/><F19/><W34/><G34/><T47/><D47/><U73/><E73/><V43/><F43/><W38/><G38/><T122/><D122/><U111/><E111/><V134/><F134/><W101/><G65/><AGARI ba="0,0" hai="6,10,14,22,24,28,41,42,56,61,65,95,99,100" machi="65" ten="30,12000,1" yaku="7,1,25,2,8,1,52,1" doraHai="7" who="0" fromWho="3" sc="233,120,150,0,320,0,297,-120" />
</Scene>
<Scene>
<INIT seed="4,1,0,0,4,98" ten="353,150,320,177" oya="0" hai0="56,1,48,45,42,36,134,43,6,67,133,81,40" hai1="108,65,12,130,5,104,62,111,86,15,109,37,27" hai2="29,99,113,7,116,33,135,44,26,14,94,51,24" hai3="127,102,68,21,69,32,95,132,78,59,97,82,31"/><T106/><D106/><U74/><E74/><V2/><F116/><W75/><G132/><N who="0" m="50795" /><D81/><U55/><E37/><V58/><F113/><W22/><G127/><T77/><D77/><U30/><E55/><V129/><F129/><W92/><G92/><T70/><D6/><U38/><E38/><V117/><F117/><W96/><G96/><T100/><D1/><U90/><E130/><V9/><F135/><W85/><G75/><T84/><D84/><U112/><E104/><V115/><F115/><W76/><G76/><T4/><D4/><U49/><E49/><V125/><F125/><W18/><G32/><T89/><D89/><U10/><E112/><V88/><F58/><W107/><G107/><T50/><D100/><U16/><E62/><V79/><F79/><W35/><G35/><T93/><D93/><U122/><E65/><V53/><REACH who="2" step="1"/><F26/><REACH who="2" ten="353,150,310,177" step="2"/><W131/><G131/><T73/><D73/><U19/><E122/><V121/><F121/><W72/><G68/><T128/><D128/><U11/><E5/><V118/><F118/><W123/><G69/><T54/><D50/><U57/><E57/><V71/><F71/><W66/><G72/><T8/><D8/><U103/><E27/><V23/><F23/><N who="3" m="8715" /><G123/><T119/><D119/><U126/><E126/><V46/><F46/><W80/><G80/><T124/><D124/><U41/><E111/><V34/><F34/><W114/><G114/><T101/><D70/><U28/><E10/><V17/><F17/><W39/><G18/><T0/><D45/><U87/><E19/><V52/><F52/><W60/><G39/><RYUUKYOKU ba="1,1" sc="353,-15,150,-15,310,15,177,15" hai2="2,7,9,14,24,29,33,44,51,53,88,94,99" hai3="31,59,60,66,78,82,85,95,97,102" />
</Scene>
<Scene>
<INIT seed="5,2,1,1,0,4" ten="338,135,325,192" oya="1" hai0="78,99,26,79,24,122,68,37,89,118,135,56,44" hai1="103,74,50,43,42,100,2,13,62,101,120,23,22" hai2="33,10,35,117,108,98,94,55,84,34,47,38,16" hai3="104,5,110,69,21,63,70,105,3,109,124,127,8"/><U51/><E2/><V58/><F108/><N who="3" m="41579" /><G21/><N who="1" m="7690" /><E74/><V40/><F117/><W29/><G29/><T73/><D68/><N who="3" m="26217" /><G63/><T83/><D118/><U20/><E120/><V77/><F77/><W134/><G134/><T11/><D135/><U6/><E62/><V113/><F84/><W57/><G57/><T49/><D122/><U65/><E65/><V61/><F113/><W116/><G116/><T76/><D37/><U80/><E80/><V45/><F45/><W129/><G129/><T71/><D71/><U25/><E6/><V86/><F86/><W30/><G30/><T111/><D111/><U46/><E13/><V41/><F41/><N who="1" m="15369" /><E46/><V60/><F60/><W96/><G96/><T66/><D66/><U18/><AGARI ba="2,1" hai="18,20,25,50,51,100,101,103" m="15369,7690" machi="18" ten="30,1500,0" yaku="8,1" doraHai="4" who="1" fromWho="1" sc="338,-7,135,31,325,-7,192,-7" />
</Scene>
<Scene>
<INIT seed="5,3,0,5,4,80" ten="331,166,318,185" oya="1" hai0="9,131,73,15,10,28,34,51,119,44,84,54,105" hai1="123,7,75,21,108,24,90,37,127,20,70,104,3" hai2="4,14,135,79,31,6,66,83,13,16,124,120,81" hai3="132,1,85,11,0,128,18,19,72,106,59,57,110"/><U43/><E75/><V55/><F120/><W134/><G72/><T117/><D105/><U62/><E104/><V65/><F135/><N who="3" m="51755" /><G106/><T12/><D73/><U103/><E103/><V99/><F124/><W112/><G110/><T122/><D131/><U130/><E130/><V60/><F31/><W86/><G128/><T111/><D111/><U35/><E43/><V23/><F99/><W76/><G76/><T17/><D122/><U121/><E37/><V96/><F96/><W47/><G47/><T27/><D84/><N who="3" m="32361" /><G112/><T26/><D26/><U64/><E108/><V69/><F66/><W95/><G95/><T87/><D87/><U39/><E127/><V25/><F83/><W22/><G11/><T114/><D114/><U74/><E74/><V33/><F81/><W129/><G129/><T52/><D54/><U29/><E123/><V38/><F55/><W56/><G22/><T100/><D100/><U88/><E121/><V46/><F79/><W41/><G41/><T36/><D36/><U78/><E39/><V71/><F38/><W133/><N who="3" m="51763" /><W97/><DORA hai="5" /><G97/><T82/><D82/><U92/><E78/><V77/><F46/><W40/><G40/><T98/><D98/><U67/><E67/><V94/><F77/><W30/><G30/><T68/><D10/><N who="1" m="2431" /><E92/><V109/><F94/><W32/><G32/><T115/><D115/><U93/><E93/><V102/><F33/><W61/><G61/><T89/><D34/><U91/><E35/><V48/><F109/><W42/><G42/><T101/><D101/><U113/><E113/><V63/><F102/><RYUUKYOKU ba="3,0" sc="331,-15,166,15,318,-15,185,15" hai1="20,21,24,29,62,64,70,88,90,91" hai3="0,1,18,19,56,57,59" />
</Scene>
<Scene>
<INIT seed="5,4,0,3,0,125" ten="316,181,303,200" oya="1" hai0="116,63,70,67,61,120,94,20,106,110,18,90,68" hai1="114,22,26,10,111,3,37,72,17,80,62,8,5" hai2="95,84,53,87,66,34,2,82,124,54,135,29,39" hai3="76,132,44,102,36,127,4,24,14,123,85,133,49"/><U59/><E114/><V35/><F39/><W15/><G36/><T77/><D110/><U83/><E111/><V65/><F2/><W58/><G123/><T27/><D120/><U19/><E37/><V74/><F74/><W119/><G102/><T6/><D106/><U12/><REACH who="1" step="1"/><E72/><REACH who="1" ten="316,171,303,200" step="2"/><V107/><F135/><W46/><G119/><T134/><D134/><U11/><E11/><V100/><F124/><W32/><G127/><T129/><D116/><U7/><E7/><V130/><F35/><W78/><G32/><T117/><D6/><U101/><E101/><V89/><F34/><W43/><G4/><T13/><D117/><U91/><E91/><V56/><F100/><W98/><G132/><T57/><D90/><U51/><E51/><V97/><F89/><W126/><G133/><T122/><D122/><U121/><E121/><V0/><F0/><W105/><G126/><T96/><D77/><U38/><E38/><V103/><F103/><W108/><G108/><T93/><D20/><U42/><E42/><V40/><F40/><W75/><G75/><T81/><D63/><U52/><AGARI ba="4,1" hai="3,5,8,10,12,17,19,22,26,52,59,62,80,83" machi="52" ten="20,7800,0" yaku="1,1,0,1,7,1,54,1,53,0" doraHai="125" doraHaiUra="64" who="1" fromWho="1" sc="316,-30,171,100,303,-30,200,-30" />
</Scene>
<Scene>
<INIT seed="5,5,0,1,2,86" ten="286,271,273,170" oya="1" hai0="90,99,39,98,51,60,0,50,111,128,100,66,95" hai1="119,38,114,32,92,73,77,43,83,88,18,45,116" hai2="49,21,125,93,82,14,123,85,101,2,35,48,105" hai3="10,112,1,134,23,71,63,29,110,19,65,79,67"/><U91/><E32/><V132/><F123/><W6/><G110/><T5/><D39/><U84/><E114/><V16/><F35/><W15/><G112/><T129/><D111/><U109/><E109/><V12/><F2/><W42/><G134/><T127/><D127/><U108/><E108/><V62/><F105/><W78/><G42/><T13/><D0/><U8/><REACH who="1" step="1"/><E91/><REACH who="1" ten="286,261,273,170" step="2"/><N who="2" m="51639" /><F132/><W24/><REACH who="3" step="1"/><G65/><REACH who="3" ten="286,261,273,160" step="2"/><T103/><D66/><U57/><E57/><V61/><F125/><W52/><G52/><T130/><D130/><U70/><E70/><V36/><F36/><W74/><G74/><T76/><D128/><U96/><E96/><N who="2" m="59535" /><F12/><AGARI ba="5,2" hai="8,12,18,38,43,45,73,77,83,84,88,92,116,119" machi="12" ten="40,7700,0" yaku="1,1,52,1,54,1,53,0" doraHai="86" doraHaiUra="54" who="1" fromWho="2" sc="286,0,261,112,273,-92,160,0" />
</Scene>
<Scene>
<INIT seed="5,6,0,4,5,92" ten="286,373,181,160" oya="1" hai0="37,105,43,57,21,97,54,72,110,0,67,112,104" hai1="35,7,126,71,44,123,135,107,108,115,70,31,27" hai2="40,9,32,119,88,84,117,11,80,89,41,66,68" hai3="129,13,18,101,90,42,85,59,50,111,78,77,98"/><U132/><E123/><V8/><F32/><W22/><G111/><T61/><D110/><U48/><E115/><V133/><F133/><N who="1" m="51273" /><E108/><V109/><F109/><W83/><G129/><T17/><D72/><U130/><E130/><V69/><F89/><W5/><G5/><T74/><D74/><U75/><E126/><V45/><F66/><W52/><REACH who="3" step="1"/><G42/><REACH who="3" ten="286,373,181,150" step="2"/><T16/><D43/><N who="1" m="24607" /><E7/><V58/><F41/><W91/><G91/><T99/><D112/><U56/><E75/><V33/><F119/><W93/><AGARI ba="6,1" hai="13,18,22,50,52,59,77,78,83,85,90,93,98,101" machi="93" ten="20,12000,2" yaku="1,1,0,1,7,1,8,1,52,1,54,1,53,1" doraHai="92" doraHaiUra="55" who="3" fromWho="3" sc="286,-36,373,-66,181,-36,150,148" />
</Scene>
<Scene>
<INIT seed="6,0,0,2,5,83" ten="250,307,145,298" oya="2" hai0="29,94,84,90,12,87,14,33,60,30,69,77,86" hai1="31,100,19,35,101,95,124,81,120,76,102,34,56" hai2="121,42,51,28,44,65,71,72,96,11,130,36,48" hai3="74,66,54,3,43,88,1,123,99,6,37,63,73"/><V61/><F121/><W104/><G123/><T111/><D111/><U122/><E124/><V103/><F72/><W93/><G104/><T57/><D69/><U129/><E129/><V135/><F135/><W5/><G54/><N who="0" m="33847" /><D33/><U115/><E115/><V47/><F130/><W9/><G43/><T40/><D40/><U89/><E35/><V21/><F47/><W85/><G37/><T52/><D77/><U128/><E128/><V109/><F109/><W46/><G46/><T105/><D105/><U58/><E56/><V98/><F11/><W106/><G106/><T18/><D52/><U134/><E19/><V45/><F45/><W25/><G25/><T78/><D78/><U112/><E112/><V116/><F116/><W8/><G99/><N who="0" m="57815" /><D12/><U119/><E119/><V59/><F71/><AGARI ba="0,0" hai="1,3,5,6,8,9,63,66,71,73,74,85,88,93" machi="71" ten="30,7700,0" yaku="7,1,9,1,52,1,54,1" doraHai="83" who="3" fromWho="2" sc="250,0,307,0,145,-77,298,77" />
</Scene>
<Scene>
<INIT seed="7,0,0,3,3,91" ten="250,307,68,375" oya="3" hai0="97,118,100,111,17,90,28,52,66,19,105,39,16" hai1="38,63,62,27,126,60,114,107,79,77,49,36,45" hai2="106,55,54,20,26,56,122,5,50,95,129,134,41" hai3="94,72,135,88,47,92,69,131,15,84,71,11,24"/><W30/><G72/><T78/><D111/><U89/><E107/><V12/><F122/><W112/><G112/><T3/><D118/><U51/><E114/><V44/><F106/><W9/><G9/><T119/><D119/><U37/><E27/><V18/><F134/><W8/><G8/><T87/><D3/><U109/><E109/><V46/><F129/><W98/><G47/><T70/><D39/><U22/><E22/><V42/><F5/><W7/><G131/><T14/><D28/><U127/><E89/><V110/><F110/><W117/><G135/><T125/><D125/><N who="1" m="47627" /><E45/><V58/><F26/><W102/><G117/><T75/><D66/><U33/><E33/><AGARI ba="0,0" hai="7,11,15,24,30,33,69,71,84,88,92,94,98,102" machi="33" ten="30,11600,0" yaku="7,1,52,2,54,1" doraHai="91" who="3" fromWho="1" sc="250,0,307,-116,68,0,375,116" owari="250,5.0,191,-21.0,68,-43.0,491,59.0" />
</Scene>
</mjloggm>