<mjloggm ver="2.3"><GO type="169"/><UN n0="%E3%83%92%E3%82%B2%E3%83%AD%E3%83%B3%E3%82%B0" n1="%E2%98%85%E3%81%AA%E3%82%8A%E3%81%BD%E3%81%9F%E2%98%85" n2="%E5%A4%AA%E3%81%8F%E3%81%AA%E3%81%84%E3%81%8A" n3="%E6%88%A6%E5%8A%9B%E5%A4%96%E3%83%9D%E3%83%BC%E3%82%AF%E2%99%82" dan="18,17,18,16" rate="2208,2181,2163,2048" sx="M,F,M,M"/><TAIKYOKU oya="0"/>

<Scene>
<INIT seed="0,0,0,1,3,63" ten="250,250,250,250" oya="0" hai0="6,131,122,32,64,44,79,76,107,101,73,5,104" hai1="50,128,0,118,129,24,41,36,40,19,47,57,68" hai2="75,8,70,22,20,92,110,88,3,69,11,31,94" hai3="29,12,90,52,42,43,51,60,102,134,61,2,132"/><T37/><D122/><U7/><E118/><V98/><F75/><W78/><G2/><T95/><D32/><U49/><E0/><V26/><F110/><W58/><G102/><T124/><D124/><U91/><E7/><V100/><F22/><W21/><G78/><T77/><D73/><U135/><E91/><V62/><F3/><W72/><G72/><T130/><D95/><U59/><E19/><V28/><F28/><W71/><G90/><T108/><D108/><U17/><E17/><V18/><F31/><W133/><G12/><T85/><D85/><U46/><E24/><V65/><REACH who="2" step="1"/><F70/><REACH who="2" ten="250,250,240,250" step="2"/><W23/><G21/><T27/><D27/><U54/><E68/><V4/><F4/><W97/><G23/><T55/><D5/><U10/><E10/><V13/><F13/><W48/><G29/><T120/><D6/><U123/><E123/><V84/><AGARI ba="0,1" hai="8,11,18,20,26,62,65,69,84,88,92,94,98,100" machi="84" ten="20,12000,2" yaku="1,1,0,1,7,1,52,1,54,1,53,1" doraHai="63" doraHaiUra="14" who="2" fromWho="2" sc="250,-60,250,-30,240,130,250,-30" />
</Scene>
<Scene>
<INIT seed="1,0,0,5,4,121" ten="190,220,370,220" oya="1" hai0="17,54,32,10,106,101,104,131,51,75,128,95,108" hai1="123,100,49,88,21,122,0,120,62,57,83,42,98" hai2="63,56,27,23,24,11,52,96,93,65,91,111,19" hai3="47,94,129,132,8,28,33,133,118,66,67,130,116"/><U87/><E0/><V43/><F111/><W117/><G94/><T2/><D75/><U34/><E34/><V81/><F43/><W60/><G8/><T127/><D32/><U37/><E37/><V110/><F110/><W107/><G107/><T44/><D108/><U31/><E31/><V72/><F11/><W126/><G28/><T26/><D127/><U73/><E21/><V134/><F134/><N who="3" m="51819" /><G33/><T125/><D125/><U84/><E84/><V115/><F115/><W102/><G102/><T15/><D2/><U3/><E3/><V135/><F135/><W40/><G126/><T29/><D29/><U50/><E73/><V124/><F124/><W114/><G114/><T38/><D26/><U92/><REACH who="1" step="1"/><E42/><REACH who="1" ten="190,210,370,220" step="2"/><V41/><F41/><W16/><G16/><T20/><D20/><U112/><E112/><V58/><F72/><W55/><G55/><AGARI ba="0,1" hai="49,50,55,57,62,83,87,88,92,98,100,120,122,123" machi="55" ten="40,3900,0" yaku="1,1,54,1,53,0" doraHai="121" doraHaiUra="68" who="1" fromWho="3" sc="190,0,210,49,370,0,220,-39" />
</Scene>
<Scene>
<INIT seed="1,1,0,1,5,0" ten="190,259,370,181" oya="1" hai0="117,93,128,15,12,90,60,134,106,45,121,33,109" hai1="80,13,35,63,68,73,65,81,1,107,58,59,28" hai2="124,53,39,18,34,11,2,44,87,25,67,104,82" hai3="36,38,48,57,88,89,8,131,98,92,70,56,118"/><U66/><E1/><V20/><F104/><W74/><G70/><T4/><D106/><U101/><E13/><V99/><F124/><W7/><G74/><T120/><D117/><U43/><E43/><V24/><F67/><W27/><G131/><T40/><D33/><U126/><E126/><V3/><F99/><W32/><G118/><T97/><D128/><U115/><E115/><V114/><F114/><W77/><G77/><T108/><D60/><U86/><E73/><V135/><F135/><W64/><G57/><T55/><D55/><U62/><E59/><V72/><F72/><W71/><G71/><T61/><D61/><U49/><E49/><V19/><F34/><W54/><G64/><T23/><D134/><U76/><E76/><V91/><F39/><W113/><G113/><T52/><D52/><U30/><E86/><V94/><F94/><W47/><G56/><T9/><D23/><U119/><E28/><V37/><F37/><W102/><G102/><T122/><REACH who="0" step="1"/><D15/><REACH who="0" ten="180,259,370,181" step="2"/><U116/><E119/><V6/><F3/><W46/><G32/><T130/><D130/><U79/><E116/><V41/><F53/><W14/><G27/><T84/><D84/><U17/><E35/><V103/><F25/><W83/><REACH who="3" step="1"/><G47/><REACH who="3" ten="180,259,370,171" step="2"/><T85/><D85/><AGARI ba="1,2" hai="7,8,14,36,38,46,48,54,83,85,88,89,92,98" machi="85" ten="40,8000,1" yaku="1,1,2,1,52,1,54,1,53,1" doraHai="0" doraHaiUra="5" who="3" fromWho="0" sc="180,-83,259,0,370,0,171,103" />
</Scene>
<Scene>
<INIT seed="2,0,0,5,1,44" ten="97,259,370,274" oya="2" hai0="26,7,135,27,104,79,42,90,20,64,9,67,76" hai1="71,116,60,45,18,65,111,10,129,68,53,2,133" hai2="98,96,101,1,94,17,30,35,22,92,78,91,130" hai3="21,89,118,106,83,127,46,37,63,124,87,28,39"/><V81/><F130/><W25/><G106/><T114/><D104/><U109/><E116/><V3/><F35/><W122/><G118/><T57/><D114/><U85/><E129/><V50/><F30/><W125/><G122/><T8/><D135/><U88/><E133/><V80/><F50/><W132/><G132/><T107/><D107/><U12/><E2/><V62/><F62/><W84/><G63/><T120/><D120/><U74/><E74/><V100/><F91/><W75/><G75/><T48/><D90/><U58/><E71/><V19/><REACH who="2" step="1"/><F22/><REACH who="2" ten="97,259,360,274" step="2"/><W102/><G102/><T119/><D119/><U73/><E68/><V24/><F24/><W59/><G59/><T31/><D27/><U117/><E117/><V51/><F51/><W95/><G46/><N who="0" m="25687" /><D57/><U29/><E29/><V112/><F112/><W16/><G28/><T128/><D128/><U70/><E70/><V77/><AGARI ba="0,1" hai="1,3,17,19,77,78,80,81,92,94,96,98,100,101" machi="77" ten="25,9600,0" yaku="1,1,0,1,22,2,53,0" doraHai="44" doraHaiUra="108" who="2" fromWho="2" sc="97,-32,259,-32,360,106,274,-32" />
</Scene>
<Scene>
<INIT seed="2,1,0,3,4,36" ten="65,227,466,242" oya="2" hai0="116,72,23,51,27,30,118,120,93,92,25,62,129" hai1="18,85,100,86,122,103,48,121,19,90,83,97,43" hai2="60,76,112,40,107,34,89,81,126,14,96,74,61" hai3="20,67,26,78,117,54,77,6,5,104,105,12,16"/><V44/><F112/><W32/><G117/><N who="0" m="45163" /><D120/><N who="1" m="46187" /><E86/><V75/><F34/><W84/><G67/><T11/><D72/><U91/><E91/><V50/><F126/><W1/><G5/><T69/><D11/><U10/><E10/><V22/><F75/><W66/><G66/><N who="0" m="41175" /><D129/><U111/><E111/><V109/><F109/><W53/><G105/><T37/><D37/><U0/><E0/><V128/><F128/><W28/><G104/><T55/><D27/><U15/><E15/><V13/><F13/><W3/><G3/><T82/><D82/><U127/><E127/><V101/><REACH who="2" step="1"/><F89/><REACH who="2" ten="65,227,456,242" step="2"/><W33/><G33/><T52/><D55/><U46/><E103/><V113/><F113/><W125/><G125/><T45/><AGARI ba="1,1" hai="23,25,30,45,51,52,92,93" m="41175,45163" machi="45" ten="30,2000,0" yaku="12,1,54,1" doraHai="36" who="0" fromWho="0" sc="65,33,227,-6,456,-11,242,-6" />
</Scene>
<Scene>
<INIT seed="3,0,0,3,4,114" ten="98,221,445,236" oya="3" hai0="70,20,133,120,83,68,22,52,113,53,43,112,30" hai1="59,77,95,23,89,103,38,92,65,34,47,97,28" hai2="46,85,87,110,73,96,63,88,15,24,50,102,56" hai3="78,62,58,55,122,32,72,71,5,57,135,129,76"/><W26/><G122/><T14/><D120/><U29/><E34/><V116/><F73/><W0/><G71/><N who="0" m="27179" /><D43/><U98/><E77/><V16/><F110/><W127/><G127/><T101/><D101/><U51/><E38/><V100/><F116/><W17/><G135/><T107/><D107/><U90/><E103/><N who="2" m="39467" /><F24/><W84/><G72/><T31/><D83/><U79/><E79/><V118/><F118/><W123/><G123/><T49/><D133/><U67/><E23/><N who="0" m="8745" /><D14/><U12/><E12/><V44/><F96/><W35/><G17/><T119/><D119/><U91/><E90/><V36/><F36/><W117/><G117/><T27/><D27/><U54/><REACH who="1" step="1"/><E59/><REACH who="1" ten="98,211,445,236" step="2"/><V132/><F132/><W131/><G58/><N who="0" m="33039" /><D53/><U121/><E121/><V48/><F88/><W99/><G55/><T1/><D1/><U40/><E40/><V108/><F15/><W126/><G0/><T75/><D75/><U104/><E104/><V125/><F56/><W128/><G57/><T39/><D39/><U37/><E37/><V18/><F63/><W25/><G62/><T86/><D113/><U41/><E41/><V80/><F50/><W66/><G35/><T8/><D112/><U81/><E81/><V115/><F48/><W6/><G32/><T106/><D106/><U124/><E124/><V19/><F125/><W9/><G126/><T82/><D8/><U105/><E105/><V94/><F115/><W134/><G134/><T3/><D3/><U69/><E69/><V64/><F80/><W130/><G9/><T7/><D7/><U13/><E13/><V42/><F42/><RYUUKYOKU ba="0,1" sc="98,15,211,15,445,-15,236,-15" hai0="30,31,82,86" hai1="28,29,47,51,54,65,67,89,91,92,95,97,98" />
</Scene>
<Scene>
<INIT seed="4,1,1,4,3,23" ten="113,226,430,221" oya="0" hai0="52,108,90,92,124,18,94,6,79,64,22,5,16" hai1="12,104,49,25,120,39,128,42,112,98,55,122,1" hai2="15,20,45,29,110,70,76,118,30,56,130,11,47" hai3="60,135,43,134,69,78,109,72,103,74,80,111,0"/><T115/><D115/><U89/><E1/><V59/><F70/><W57/><G0/><T46/><D124/><U53/><E12/><V131/><F110/><W10/><G69/><T38/><D108/><U63/><E63/><V121/><F121/><W82/><G10/><T99/><D79/><U88/><E39/><V95/><F76/><N who="3" m="44039" /><G43/><T41/><D64/><U54/><E128/><N who="2" m="49195" /><F95/><W81/><G103/><T65/><D65/><U107/><E112/><V26/><F29/><W50/><G50/><N who="0" m="28759" /><D41/><U27/><E42/><V106/><F106/><N who="1" m="40489" /><E98/><V24/><F118/><W101/><G101/><N who="0" m="60647" /><D38/><U21/><E49/><V132/><F47/><W51/><G51/><T91/><D91/><N who="1" m="34891" /><E21/><V36/><F45/><W73/><G60/><T9/><D9/><U83/><E83/><V40/><F40/><W97/><G97/><N who="0" m="57559" /><D18/><U61/><E61/><V3/><F36/><W117/><G117/><T28/><D28/><U75/><E75/><V129/><F3/><W34/><G74/><T7/><D7/><U126/><E126/><V35/><F129/><W31/><G73/><T127/><D127/><U13/><E13/><AGARI ba="1,1" hai="5,6,13,16,22" m="57559,60647,28759" machi="13" ten="30,5800,0" yaku="8,1,54,2" doraHai="23" who="0" fromWho="1" sc="113,71,226,-61,430,0,221,0" />
</Scene>
<Scene>
<INIT seed="4,2,0,2,1,58" ten="184,165,430,221" oya="0" hai0="63,115,8,62,83,4,133,40,128,84,105,3,134" hai1="39,52,97,121,13,123,48,71,67,80,42,47,73" hai2="7,61,35,33,10,20,111,119,78,113,16,122,23" hai3="30,77,27,46,31,118,107,114,69,22,5,56,43"/><T53/><D105/><U110/><E97/><V86/><F78/><W41/><G69/><T101/><D101/><U9/><E110/><V26/><F86/><W103/><G118/><T126/><D115/><U55/><E55/><V72/><F72/><W127/><G114/><T75/><D75/><U37/><E37/><V54/><F54/><W132/><G127/><T0/><D126/><U57/><E80/><V104/><F104/><W18/><G132/><N who="0" m="50795" /><D128/><U59/><E59/><V106/><F106/><W98/><G5/><T14/><D40/><U99/><E99/><V68/><F113/><W125/><G125/><T11/><D53/><U120/><E73/><V93/><F111/><W19/><G77/><N who="0" m="46191" /><D3/><U112/><E112/><V70/><F119/><W130/><G130/><T17/><AGARI ba="2,0" hai="0,4,8,11,14,17,62,63" m="46191,50795" machi="17" ten="30,6000,0" yaku="20,1,52,2" doraHai="58" who="0" fromWho="0" sc="184,66,165,-22,430,-22,221,-22" />
</Scene>
<Scene>
<INIT seed="4,3,0,1,5,103" ten="250,143,408,199" oya="0" hai0="109,10,23,68,123,122,28,90,45,76,24,21,110" hai1="99,118,130,131,9,125,56,84,18,75,5,34,78" hai2="43,52,72,70,46,61,31,113,66,32,120,30,48" hai3="59,65,53,77,36,44,38,4,37,117,42,25,91"/><T89/><D68/><U63/><E118/><V93/><F120/><N who="0" m="46122" /><D76/><U69/><E69/><V92/><F72/><W115/><G117/><T116/><D116/><U135/><E135/><V50/><F113/><W119/><G119/><T3/><D45/><U64/><E125/><V79/><F79/><W26/><G77/><T102/><D102/><U2/><E34/><V132/><F132/><W0/><G115/><T128/><D128/><U7/><E75/><V33/><F33/><W12/><G0/><T81/><D81/><U83/><E18/><V74/><F74/><W19/><G4/><N who="0" m="1311" /><D23/><U94/><REACH who="1" step="1"/><E7/><REACH who="1" ten="250,133,408,199" step="2"/><V13/><F32/><W86/><G65/><T29/><D29/><U127/><E127/><V101/><F30/><W73/><G73/><T98/><D98/><U47/><E47/><V104/><F31/><W27/><G44/><T88/><D28/><U39/><E39/><V14/><F70/><W107/><G42/><T57/><D57/><U16/><E16/><V85/><F43/><W106/><G59/><T41/><D41/><U58/><E58/><V133/><F46/><W15/><G53/><T121/><D121/><U111/><E111/><N who="0" m="42505" /><D21/><U87/><E87/><V40/><F85/><W6/><G6/><T51/><D24/><U82/><E82/><V129/><F40/><W1/><G1/><T8/><D51/><U112/><E112/><V97/><F50/><W71/><G71/><T11/><AGARI ba="3,1" hai="8,11,88,89,90" m="42505,1311,46122" machi="11" ten="40,3900,0" yaku="10,1,54,1" doraHai="103" who="0" fromWho="0" sc="250,58,133,-16,408,-16,199,-16" />
</Scene>
<Scene>
<INIT seed="4,4,0,2,4,20" ten="308,117,392,183" oya="0" hai0="63,22,45,93,18,103,102,59,71,112,105,27,58" hai1="124,62,110,84,77,40,134,61,35,57,48,115,90" hai2="67,126,60,19,13,74,94,113,100,56,125,80,98" hai3="14,123,12,38,31,2,39,104,97,53,131,32,36"/><T55/><D112/><U5/><E110/><V24/><F113/><W85/><G2/><T99/><D71/><U95/><E115/><V106/><F106/><W72/><G72/><T11/><D45/><U89/><E134/><V88/><F24/><W69/><G69/><T118/><D118/><U43/><E124/><N who="2" m="47723" /><F74/><W130/><G123/><T96/><D11/><U3/><E35/><V81/><F100/><N who="3" m="62479" /><G85/><T10/><D10/><AGARI ba="4,0" hai="10,13,19,56,60,67,80,81,88,94,98" m="47723" machi="10" ten="30,2000,0" yaku="18,1,54,1" doraHai="20" who="2" fromWho="0" sc="308,-32,117,0,392,32,183,0" />
</Scene>
<Scene>
<INIT seed="5,0,0,5,2,65" ten="276,117,424,183" oya="1" hai0="26,123,114,43,131,108,9,105,125,45,1,10,28" hai1="14,130,70,92,59,80,47,41,84,69,63,112,74" hai2="95,32,134,103,62,49,96,73,20,120,50,87,124" hai3="111,52,12,102,89,109,42,4,85,34,48,91,132"/><U56/><E74/><V71/><F120/><W66/><G34/><T61/><D108/><U72/><E72/><V0/><F32/><W122/><G122/><T6/><D123/><U24/><E92/><V127/><F73/><W11/><G132/><T93/><D105/><U98/><E98/><V60/><F0/><W64/><G102/><T97/><D125/><N who="2" m="48202" /><F134/><W82/><G42/><T128/><D10/><U126/><E126/><V33/><F33/><W37/><G37/><T19/><D19/><U31/><E14/><V27/><F87/><W94/><G111/><T57/><D114/><U115/><E130/><V2/><F2/><W53/><G109/><T55/><D26/><U129/><E129/><V68/><F60/><W8/><G11/><T18/><D28/><U13/><E13/><V22/><F22/><W40/><G40/><T67/><D18/><U107/><E107/><V30/><F62/><W99/><G53/><T90/><REACH who="0" step="1"/><D55/><REACH who="0" ten="266,117,424,183" step="2"/><U16/><E16/><V25/><F27/><W101/><REACH who="3" step="1"/><G101/><REACH who="3" ten="266,117,424,173" step="2"/><T23/><D23/><U119/><E24/><V44/><F20/><W106/><G106/><T113/><D113/><N who="1" m="43595" /><E31/><V39/><F25/><W54/><G54/><T88/><D88/><N who="1" m="51207" /><E119/><V35/><F30/><W133/><G133/><T15/><D15/><U100/><E100/><V5/><F35/><W76/><G76/><T51/><AGARI ba="0,2" hai="1,6,9,43,45,51,57,61,67,90,93,97,128,131" machi="51" ten="30,4000,0" yaku="1,1,0,1,53,1" doraHai="65" doraHaiUra="38" who="0" fromWho="0" sc="266,60,117,-20,424,-10,173,-10" />
</Scene>
<Scene>
<INIT seed="6,0,0,3,0,85" ten="326,97,414,163" oya="2" hai0="74,128,32,52,104,37,124,129,135,47,44,17,92" hai1="1,123,80,9,103,49,87,11,22,39,63,72,65" hai2="84,118,4,27,99,43,56,125,113,38,35,96,95" hai3="112,51,36,25,18,78,61,13,64,28,67,75,105"/><V89/><F118/><W88/><G105/><T7/><D104/><U134/><E39/><V55/><F113/><W101/><G101/><T119/><D74/><U111/><E111/><V66/><F125/><W24/><G36/><T122/><D122/><U14/><E123/><V97/><F4/><W86/><G112/><T69/><D69/><U131/><E72/><V53/><F66/><W23/><G25/><T54/><D32/><U0/><E103/><V116/><F116/><W82/><G51/><T41/><D119/><U83/><E65/><V117/><F117/><W16/><G61/><T42/><D7/><U59/><E59/><V107/><F107/><W48/><G48/><N who="0" m="26647" /><D17/><U100/><E49/><V31/><REACH who="2" step="1"/><F56/><REACH who="2" ten="326,97,404,163" step="2"/><W20/><REACH who="3" step="1"/><G18/><REACH who="3" ten="326,97,404,153" step="2"/><T115/><D115/><U70/><E70/><V10/><F10/><W50/><G50/><T3/><D124/><U57/><E11/><V33/><F33/><W45/><G45/><AGARI ba="0,2" hai="27,31,35,38,43,45,53,55,84,89,95,96,97,99" machi="45" ten="40,7700,0" yaku="1,1,52,1,53,1" doraHai="85" doraHaiUra="40" who="2" fromWho="3" sc="326,0,97,0,404,97,153,-77" />
</Scene>
<Scene>
<INIT seed="6,1,0,4,3,81" ten="326,97,501,76" oya="2" hai0="85,28,83,55,16,112,9,106,94,30,10,74,45" hai1="110,133,122,134,35,58,104,135,13,8,70,109,117" hai2="91,15,107,116,3,124,52,7,89,101,36,125,41" hai3="87,43,24,31,126,49,75,93,11,82,29,132,105"/><V14/><F116/><W5/><G105/><T38/><D106/><U20/><E117/><V46/><F3/><W115/><G115/><T73/><D112/><U66/><E70/><V61/><F101/><W42/><G132/><T119/><D119/><U4/><E104/><V27/><F27/><W25/><G126/><N who="2" m="48745" /><F107/><W12/><G75/><T129/><D129/><U86/><E86/><V51/><F61/><W40/><G93/><T44/><D94/><U26/><E58/><N who="2" m="33055" /><F7/><W95/><G95/><T64/><D64/><U34/><E66/><V130/><F130/><W78/><REACH who="3" step="1"/><G49/><REACH who="3" ten="326,97,501,66" step="2"/><T21/><D73/><U6/><E122/><V2/><F2/><W131/><G131/><T84/><D74/><U50/><E50/><V76/><F36/><W103/><G103/><T63/><D38/><U68/><E68/><V33/><F46/><W79/><G79/><T23/><D45/><U100/><E100/><V88/><F76/><W56/><G56/><N who="0" m="35231" /><D44/><U32/><REACH who="1" step="1"/><E4/><REACH who="1" ten="326,87,501,66" step="2"/><V19/><F91/><W37/><G37/><T0/><D83/><U57/><E57/><V17/><F88/><W47/><G47/><T71/><D71/><U60/><E60/><V1/><F89/><W48/><G48/><T113/><D113/><U67/><E67/><V96/><F96/><W97/><G97/><T39/><D39/><U62/><E62/><V127/><F127/><W22/><G22/><T111/><D23/><U80/><E80/><V121/><F121/><W120/><G120/><T72/><D21/><U102/><E102/><V77/><F77/><W128/><G128/><T53/><D72/><RYUUKYOKU ba="1,2" sc="326,-15,87,15,501,-15,66,15" hai1="6,8,13,20,26,32,34,35,109,110,133,134,135" hai3="5,11,12,24,25,29,31,40,42,43,78,82,87" />
</Scene>
<Scene>
<INIT seed="7,2,2,4,3,82" ten="311,102,486,81" oya="3" hai0="42,113,94,3,126,41,131,25,104,76,78,86,73" hai1="102,85,110,117,53,124,45,37,17,4,84,9,61" hai2="107,7,97,87,13,100,51,55,44,67,72,109,69" hai3="14,88,119,35,132,50,91,46,10,24,20,66,1"/><W19/><G119/><T111/><D104/><U12/><E110/><V105/><F109/><W75/><G75/><T21/><D111/><U74/><E117/><V27/><F72/><W47/><G132/><T65/><D3/><U29/><E74/><V62/><F87/><W114/><G114/><T11/><D11/><U36/><E102/><V32/><F107/><W98/><G66/><T23/><D94/><U59/><E29/><N who="2" m="19519" /><F13/><W133/><G133/><T108/><D126/><U115/><E115/><V101/><F101/><W38/><G38/><T95/><D131/><U34/><E34/><V60/><F60/><W81/><G35/><T18/><D95/><U63/><E124/><V121/><F7/><W49/><G1/><T116/><D65/><U54/><E4/><V8/><F8/><W22/><G22/><T68/><D23/><U96/><E96/><V70/><F70/><W33/><G33/><T134/><D21/><U135/><E135/><V90/><F90/><N who="3" m="34347" /><G98/><T80/><D68/><U30/><E30/><V83/><F121/><W0/><G0/><T120/><D134/><U39/><E45/><N who="3" m="16906" /><G81/><AGARI ba="2,2" hai="44,51,55,62,67,69,81,83,97,100,105" m="19519" machi="81" ten="30,1000,0" yaku="25,1" doraHai="82" who="2" fromWho="3" sc="311,0,102,0,486,36,81,-16" owari="311,11.0,102,-30.0,522,62.0,65,-43.0" />
</Scene>
</mjloggm>