<mjloggm ver="2.3"><GO type="169"/><UN n0="%2B%E6%B1%A0%E7%94%B0%E8%8F%AF%E8%8F%9C%2B" n1="%E3%81%B9%E3%81%A3%E3%81%93%E3%83%BC%E2%99%AA" n2="%E6%9C%A7%E5%A4%8F%E6%9C%88" n3="%E5%A4%AA%E3%81%8F%E3%81%AA%E3%81%84%E3%81%8A" dan="16,17,18,17" rate="2159,2166,2244,2177" sx="F,F,F,M"/><TAIKYOKU oya="0"/>

<Scene>
<INIT seed="0,0,0,1,3,3" ten="250,250,250,250" oya="0" hai0="104,41,35,7,9,0,20,33,25,14,51,52,118" hai1="126,57,19,48,64,93,34,12,102,38,70,44,59" hai2="117,36,110,32,77,80,72,96,22,53,1,28,122" hai3="83,27,121,62,84,82,120,71,30,40,134,85,11"/><T108/><D104/><U113/><E34/><V87/><F122/><N who="3" m="47211" /><G134/><T78/><D118/><U131/><E113/><V135/><F36/><W111/><G111/><T2/><D41/><U4/><E131/><V81/><F110/><W86/><G40/><T66/><D66/><U56/><E38/><V61/><F32/><N who="3" m="20575" /><G11/><T16/><D108/><U65/><E126/><V21/><F135/><W76/><G82/><T10/><D78/><U127/><E70/><V91/><F28/><W95/><G95/><T13/><D0/><U107/><E107/><V105/><F1/><W17/><G17/><T74/><D74/><U98/><E127/><V123/><F117/><W94/><G94/><T99/><D99/><U128/><E128/><V112/><F112/><W103/><G103/><T31/><D2/><U46/><E19/><V5/><F123/><W49/><G49/><T79/><D79/><U88/><E102/><V75/><F75/><W24/><G24/><T6/><D31/><U125/><E125/><V67/><F96/><W69/><G62/><T106/><D106/><U92/><E92/><V124/><F105/><W37/><G37/><T23/><D23/><N who="2" m="8714" /><F124/><W90/><G90/><T60/><D60/><U63/><E63/><V54/><F54/><W116/><G116/><T15/><D25/><U55/><E44/><AGARI ba="0,0" hai="6,7,9,10,13,14,15,16,20,33,35,44,51,52" machi="44" ten="30,18000,2" yaku="7,1,9,1,52,2,54,2" doraHai="3" who="0" fromWho="1" sc="250,180,250,-180,250,0,250,0" />
</Scene>
<Scene>
<INIT seed="0,1,0,4,4,34" ten="430,70,250,250" oya="0" hai0="104,74,86,16,128,53,122,0,51,91,5,10,123" hai1="23,68,71,116,3,37,111,39,97,69,83,73,77" hai2="27,84,52,49,119,22,11,33,81,63,29,45,92" hai3="6,46,31,18,110,79,56,57,129,60,126,4,2"/><T14/><D74/><U43/><E116/><V115/><F119/><W15/><G110/><T13/><D104/><U82/><E111/><V35/><F115/><W130/><G126/><T135/><D135/><U94/><E23/><V28/><F28/><W103/><G31/><T26/><D128/><N who="3" m="49257" /><G103/><T66/><D66/><U131/><E131/><V41/><F92/><W90/><G79/><T64/><D64/><U95/><E82/><V109/><F109/><W98/><G46/><T36/><D36/><U54/><E54/><V19/><F11/><N who="3" m="6527" /><G2/><T121/><D26/><U112/><E112/><V61/><F41/><W20/><G20/><T65/><D65/><U1/><E94/><V72/><F72/><W132/><G132/><T38/><D38/><U78/><E78/><V12/><REACH who="2" step="1"/><F33/><REACH who="2" ten="430,70,240,250" step="2"/><W8/><G8/><T124/><D10/><U42/><E42/><V87/><F87/><W127/><G127/><T93/><D124/><U105/><E105/><V114/><F114/><W134/><G134/><T47/><D86/><U118/><E118/><V17/><F17/><W96/><G6/><T30/><D16/><U32/><E32/><V44/><F44/><W108/><G4/><T88/><D5/><U80/><E80/><V48/><F48/><W107/><G108/><T101/><D51/><U59/><E39/><V76/><AGARI ba="1,1" hai="12,19,22,27,29,35,45,49,52,61,63,76,81,84" machi="76" ten="20,12000,2" yaku="1,1,0,1,7,1,54,1,53,2" doraHai="34" doraHaiUra="58" who="2" fromWho="2" sc="430,-61,70,-31,240,133,250,-31" />
</Scene>
<Scene>
<INIT seed="1,0,0,1,0,60" ten="369,39,373,219" oya="1" hai0="96,78,77,89,107,81,114,97,32,19,28,18,1" hai1="6,112,90,39,33,121,49,100,56,110,94,11,87" hai2="4,31,135,127,46,79,36,84,123,80,66,64,48" hai3="75,130,88,76,2,67,43,98,102,69,55,50,12"/><U13/><E121/><V115/><F123/><W57/><G2/><T73/><D114/><U42/><E112/><V106/><F115/><W24/><G130/><T133/><D1/><U111/><E33/><V25/><F36/><W38/><G24/><T10/><D78/><U40/><E100/><V29/><F106/><W92/><G12/><T85/><D133/><U51/><E39/><V35/><F135/><W53/><G53/><T86/><D73/><U34/><E34/><V70/><F70/><W104/><G76/><T15/><D107/><U124/><E124/><V52/><F127/><W62/><G75/><T101/><D101/><U72/><E72/><V116/><F116/><W128/><G128/><T95/><D28/><U131/><E131/><V71/><F71/><W74/><G74/><T45/><D32/><U41/><REACH who="1" step="1"/><E56/><REACH who="1" ten="369,29,373,219" step="2"/><V119/><F119/><W82/><G104/><T59/><D59/><U23/><E23/><V30/><F35/><W7/><G102/><T26/><D45/><U44/><E44/><V125/><F125/><W134/><G134/><T8/><D10/><U21/><E21/><AGARI ba="0,1" hai="8,15,18,19,21,26,77,81,85,86,89,95,96,97" machi="21" ten="40,1300,0" yaku="8,1" doraHai="60" who="0" fromWho="1" sc="369,23,29,-13,373,0,219,0" />
</Scene>
<Scene>
<INIT seed="2,0,0,2,4,134" ten="392,16,373,219" oya="2" hai0="133,132,42,92,110,90,4,19,71,130,65,10,60" hai1="35,77,14,36,83,1,113,68,97,70,56,69,13" hai2="53,112,26,104,25,74,32,124,49,57,81,120,123" hai3="15,89,91,126,66,46,48,16,99,111,9,129,27"/><V21/><F104/><W88/><G111/><T12/><D110/><U131/><E35/><V54/><F112/><W96/><G129/><T59/><D42/><U67/><E113/><V30/><F124/><W106/><G126/><T80/><D80/><U87/><E131/><V23/><F32/><W73/><G73/><T50/><D130/><U103/><E36/><V45/><F74/><W24/><G66/><T0/><D50/><U117/><E117/><V76/><F81/><W20/><G106/><T2/><D59/><U40/><E1/><V72/><F72/><W78/><G78/><T6/><D6/><U115/><E40/><V116/><F76/><W11/><G11/><T61/><D61/><U63/><REACH who="1" step="1"/><E115/><REACH who="1" ten="392,6,373,219" step="2"/><V55/><F116/><W33/><G33/><T118/><D118/><U85/><E85/><V105/><F123/><W58/><G58/><T34/><D34/><U51/><E51/><N who="2" m="30911" /><F120/><W108/><G108/><T47/><D0/><U93/><AGARI ba="0,1" hai="13,14,56,63,67,68,69,70,77,83,87,93,97,103" machi="93" ten="30,2000,0" yaku="1,1,0,1,53,0" doraHai="134" doraHaiUra="114" who="1" fromWho="1" sc="392,-5,6,30,373,-10,219,-5" />
</Scene>
<Scene>
<INIT seed="3,0,0,2,1,30" ten="387,36,363,214" oya="3" hai0="123,17,91,37,134,64,12,125,20,93,88,15,31" hai1="94,48,103,7,71,111,104,5,101,53,70,0,59" hai2="122,58,41,45,98,114,49,6,100,14,24,79,118" hai3="61,84,82,2,75,9,57,47,56,33,119,83,8"/><W69/><G119/><T19/><D37/><U39/><E39/><V78/><F118/><W46/><G69/><T51/><D123/><U109/><E104/><V95/><F114/><W1/><G84/><T3/><D3/><U130/><E130/><V18/><F122/><W50/><G50/><T124/><D134/><U110/><E0/><V54/><F24/><W133/><G61/><T74/><D74/><U55/><E94/><V68/><F6/><N who="1" m="2057" /><E55/><V106/><F106/><W115/><G75/><T116/><D116/><U23/><E23/><V121/><F68/><AGARI ba="0,0" hai="48,53,59,68,70,71,101,103,109,110,111" m="2057" machi="68" ten="40,1300,0" yaku="14,1" doraHai="30" who="1" fromWho="2" sc="387,0,36,13,363,-13,214,0" />
</Scene>
<Scene>
<INIT seed="4,0,0,2,0,55" ten="387,49,350,214" oya="0" hai0="87,62,91,130,27,127,6,26,9,135,84,115,117" hai1="49,32,98,41,81,8,16,107,85,18,76,31,112" hai2="22,93,126,30,69,25,82,111,23,134,21,106,86" hai3="105,125,52,17,48,19,96,72,24,73,10,101,33"/><T102/><D117/><U4/><E112/><V114/><F111/><W36/><G36/><T60/><D115/><U88/><E32/><V54/><F106/><W57/><G125/><T83/><D127/><U38/><E38/><V70/><F126/><W108/><G108/><T44/><D135/><U43/><E31/><V1/><F1/><W61/><G10/><T89/><D130/><U124/><E124/><V58/><F114/><W97/><G97/><T45/><D102/><U103/><E43/><V110/><F134/><W133/><G133/><T7/><D9/><U68/><E68/><V40/><F40/><W39/><G39/><T113/><D113/><U13/><REACH who="1" step="1"/><E88/><REACH who="1" ten="387,39,350,214" step="2"/><V12/><F69/><W104/><G33/><T119/><D119/><U51/><E51/><V90/><F70/><W128/><G128/><T3/><D83/><U28/><E28/><V99/><F110/><W116/><G116/><T35/><D35/><U78/><E78/><V20/><F82/><W123/><G48/><T0/><AGARI ba="0,1" hai="0,3,6,7,26,27,44,45,60,62,84,87,89,91" machi="0" ten="25,4800,0" yaku="0,1,22,2" doraHai="55" who="0" fromWho="0" sc="387,58,39,-16,350,-16,214,-16" />
</Scene>
<Scene>
<INIT seed="4,1,0,1,4,45" ten="445,23,334,198" oya="0" hai0="64,57,83,50,19,34,68,59,20,84,25,76,125" hai1="130,41,14,72,60,47,119,1,66,8,26,39,114" hai2="35,107,22,5,122,73,52,134,129,49,43,33,106" hai3="79,103,23,93,15,16,10,74,0,54,111,58,21"/><T6/><D34/><U7/><E119/><V101/><F73/><W30/><G111/><T110/><D110/><U91/><E130/><V11/><F122/><W77/><G0/><T118/><D118/><U121/><E121/><V65/><F129/><W127/><G127/><T46/><D125/><U63/><E114/><V92/><F43/><W87/><G74/><T78/><D6/><U104/><E104/><V100/><F65/><W132/><G132/><T120/><D120/><U85/><E72/><V71/><F71/><W131/><G131/><T90/><D68/><U24/><E1/><V2/><F134/><W97/><G30/><T62/><D59/><U117/><E63/><V108/><F108/><W105/><G105/><T116/><D116/><U82/><E117/><V89/><F107/><W133/><G133/><T51/><D51/><U112/><E112/><V4/><F4/><W48/><G87/><T56/><D57/><U3/><E3/><V31/><F22/><AGARI ba="1,0" hai="10,15,16,21,22,23,48,54,58,77,79,93,97,103" machi="22" ten="40,5200,0" yaku="8,1,52,1,54,1" doraHai="45" who="3" fromWho="2" sc="445,0,23,0,334,-55,198,55" />
</Scene>
<Scene>
<INIT seed="5,0,0,0,2,115" ten="445,23,279,253" oya="1" hai0="33,16,3,121,119,44,93,102,27,92,95,100,58" hai1="54,127,120,122,133,117,129,46,70,94,0,56,38" hai2="104,48,97,57,114,74,7,101,109,50,29,89,124" hai3="8,4,36,26,107,71,17,123,11,30,103,131,39"/><U69/><E0/><V25/><F109/><W42/><G123/><N who="1" m="47146" /><E94/><V82/><F114/><W20/><G71/><N who="1" m="27146" /><E129/><V96/><F7/><W81/><G131/><T125/><D3/><U10/><E10/><V19/><F19/><W112/><G112/><T47/><D93/><U14/><E14/><V72/><F97/><W63/><G63/><T68/><D92/><U41/><E133/><V55/><F50/><W66/><G81/><T28/><D95/><U67/><E127/><V1/><F1/><W87/><G87/><T5/><D5/><U78/><E78/><V108/><F124/><W23/><G103/><T18/><D102/><U98/><E98/><V61/><F108/><W128/><G128/><T118/><D100/><U85/><E85/><V40/><F89/><W99/><G99/><T35/><D125/><U31/><E31/><V13/><F13/><W135/><G135/><T59/><D28/><U32/><E32/><V53/><F82/><W116/><G107/><T75/><D33/><U90/><E90/><V22/><F40/><W126/><G42/><T132/><D35/><U111/><E111/><V21/><F22/><W51/><G126/><T64/><D132/><U77/><E77/><V6/><F6/><W88/><G4/><T43/><D18/><U24/><E24/><V76/><F76/><W12/><G23/><T65/><D16/><U130/><E130/><V60/><F74/><W2/><G2/><T106/><D75/><U37/><E117/><V15/><F72/><W9/><G17/><T73/><D73/><U134/><E134/><V80/><F29/><RYUUKYOKU ba="0,0" sc="445,0,23,0,279,0,253,0" />
</Scene>
<Scene>
<INIT seed="6,1,0,3,4,2" ten="445,23,279,253" oya="2" hai0="39,102,61,48,23,108,95,133,6,101,32,64,15" hai1="112,124,67,116,56,117,46,119,0,111,77,5,130" hai2="58,69,70,72,10,100,43,12,126,57,66,42,84" hai3="25,28,44,35,33,131,92,65,86,115,63,132,34"/><V109/><F72/><W19/><G132/><T54/><D32/><U73/><E56/><V24/><F126/><W27/><G131/><T85/><D39/><U76/><E67/><V89/><F100/><W8/><G115/><T36/><D36/><U20/><E111/><V49/><F109/><W121/><G121/><T96/><D108/><U18/><E112/><V129/><F129/><W26/><G44/><T110/><D110/><U114/><E114/><V104/><F104/><W120/><G120/><T41/><D41/><U30/><E130/><V9/><F24/><W82/><G92/><T60/><D133/><U29/><E124/><V83/><F10/><W98/><G98/><T135/><D85/><U113/><E113/><V21/><F21/><W31/><G8/><T105/><D105/><U40/><E73/><V38/><F38/><W68/><REACH who="3" step="1"/><G19/><REACH who="3" ten="445,23,279,243" step="2"/><T99/><D135/><U37/><E30/><V128/><F128/><W125/><G125/><T94/><D95/><U122/><E29/><V134/><F134/><W47/><G47/><T55/><D94/><U45/><E122/><V103/><F9/><W59/><G59/><T53/><D96/><U4/><E46/><V1/><F58/><W81/><G81/><T106/><D99/><U11/><REACH who="1" step="1"/><E5/><REACH who="1" ten="445,13,279,243" step="2"/><V93/><F57/><W74/><G74/><T80/><D6/><U97/><E97/><V88/><F69/><W16/><G16/><T52/><D106/><U78/><E78/><AGARI ba="1,2" hai="25,26,27,28,31,33,34,35,63,65,68,78,82,86" machi="78" ten="50,3200,0" yaku="1,1,53,1" doraHai="2" doraHaiUra="62" who="3" fromWho="1" sc="445,0,13,-35,279,0,243,55" owari="445,54.0,-22,-52.0,279,-12.0,298,10.0" />
</Scene>
</mjloggm>