<mjloggm ver="2.3"><GO type="193"/><UN n0="%E6%9C%80%E5%BE%8C%E3%81%AE%E4%B8%80%E5%B1%80" n1="%E5%A4%AA%E3%81%8F%E3%81%AA%E3%81%84%E3%81%8A" n2="%E3%83%95%E3%82%B0%E3%82%BF" n3="%4C%61%77%6E" dan="10,11,12,12" rate="1735,1819,1637,1714" sx="M,M,M,M"/><TAIKYOKU oya="0"/>

<Scene>
<INIT seed="0,0,0,4,2,39" ten="250,250,250,250" oya="0" hai0="83,47,97,16,27,59,121,107,101,77,110,35,70" hai1="64,79,134,62,130,93,106,81,113,36,86,8,84" hai2="37,128,112,10,34,63,118,119,2,57,66,127,71" hai3="109,50,131,88,104,12,58,125,22,6,129,69,33"/><T51/><D121/><U68/><E106/><V9/><F112/><W15/><G104/><T32/><D110/><U20/><E113/><V108/><F34/><W30/><G69/><T67/><D59/><U42/><E130/><N who="3" m="49674" /><G109/><T72/><D47/><U122/><E122/><V11/><F108/><W24/><G125/><T89/><D51/><U26/><E134/><V76/><F127/><W40/><G58/><T49/><D49/><U87/><E8/><V92/><F76/><W54/><G54/><T45/><D45/><U41/><E36/><V0/><F37/><W99/><G6/><T4/><D89/><U65/><E65/><V38/><F38/><W123/><G33/><T21/><D4/><U28/><REACH who="1" step="1"/><E93/><REACH who="1" ten="250,240,250,250" step="2"/><V23/><F92/><N who="3" m="56711" /><G123/><T115/><REACH who="0" step="1"/><D115/><REACH who="0" ten="240,240,250,250" step="2"/><U95/><E95/><V31/><F128/><W43/><G50/><T29/><D29/><U14/><E14/><AGARI ba="0,2" hai="12,14,15,22,24,30,40,43" m="56711,49674" machi="14" ten="30,7700,0" yaku="19,1,52,2,54,1" doraHai="39" who="3" fromWho="1" sc="240,0,240,-77,250,0,250,97" />
</Scene>
<Scene>
<INIT seed="1,0,0,4,1,4" ten="240,163,250,347" oya="1" hai0="0,39,49,86,5,3,81,15,65,54,107,121,77" hai1="94,99,50,37,11,26,129,125,27,115,17,89,10" hai2="25,131,127,64,72,122,66,43,2,30,46,57,41" hai3="111,28,42,12,104,45,40,116,114,103,34,82,93"/><U53/><E115/><V31/><F2/><W101/><G114/><T110/><D39/><U100/><E37/><V118/><F122/><W90/><G104/><T71/><D107/><U75/><E75/><V112/><F118/><W23/><G111/><T48/><D121/><U70/><E70/><V38/><F72/><W109/><G109/><T95/><D110/><U91/><E125/><V13/><F127/><W113/><G113/><T119/><D119/><U32/><E129/><V36/><F112/><W88/><G116/><T47/><D71/><U61/><E61/><V105/><F105/><W124/><G34/><T80/><D3/><U123/><E123/><V117/><F117/><W8/><G124/><T69/><D0/><U76/><E76/><V62/><F131/><W55/><G28/><T134/><D69/><U132/><E132/><V73/><F73/><W79/><G23/><T16/><D134/><U120/><E120/><V33/><F66/><W85/><G55/><T56/><D5/><U7/><E32/><V67/><F31/><W126/><G126/><T24/><D24/><N who="1" m="9259" /><E17/><V135/><F135/><W60/><G60/><T21/><D65/><U1/><E1/><V92/><F67/><W74/><G42/><N who="0" m="24695" /><D77/><U59/><E7/><V19/><F92/><W14/><G14/><T97/><D97/><U22/><E22/><V51/><REACH who="2" step="1"/><F41/><REACH who="2" ten="240,163,240,347" step="2"/><W78/><G74/><T130/><D130/><U83/><E83/><V20/><AGARI ba="0,1" hai="13,19,20,25,30,33,36,38,43,46,51,57,62,64" machi="20" ten="20,5200,0" yaku="1,1,2,1,0,1,7,1,53,0" doraHai="4" doraHaiUra="98" who="2" fromWho="2" sc="240,-13,163,-26,240,62,347,-13" />
</Scene>
<Scene>
<INIT seed="2,0,0,4,2,129" ten="227,137,302,334" oya="2" hai0="68,12,10,123,97,87,132,77,65,45,69,75,24" hai1="25,0,131,66,4,96,38,34,15,127,100,107,86" hai2="27,29,122,71,104,50,130,13,73,40,85,43,18" hai3="58,82,7,80,101,52,83,84,31,53,78,46,111"/><V115/><F104/><W70/><G70/><T57/><D123/><U121/><E131/><V41/><F130/><W89/><G101/><T106/><D132/><U125/><E121/><V33/><F73/><W126/><G111/><T8/><D75/><U47/><E15/><V44/><F71/><W105/><G105/><T21/><D45/><U36/><E86/><V55/><F122/><W109/><G109/><T14/><D69/><U98/><E98/><V26/><F115/><W74/><G126/><N who="1" m="48138" /><E66/><V128/><F128/><W37/><G31/><T17/><D68/><U90/><E90/><V1/><F1/><W72/><G82/><T62/><D106/><U30/><E47/><V39/><F26/><W11/><G58/><T112/><D112/><U120/><E120/><V54/><F85/><W76/><G37/><N who="1" m="14442" /><E4/><V51/><F39/><W95/><REACH who="3" step="1"/><G46/><REACH who="3" ten="227,137,302,324" step="2"/><T20/><D97/><U116/><E116/><V124/><F124/><W79/><G79/><T110/><D110/><U108/><E108/><V42/><REACH who="2" step="1"/><F51/><REACH who="2" ten="227,137,292,324" step="2"/><W48/><G48/><T6/><D24/><U64/><E107/><V49/><F49/><W16/><G16/><T56/><D56/><U63/><E25/><V61/><F61/><W32/><G32/><T113/><D113/><U35/><E34/><V88/><F88/><W22/><G22/><AGARI ba="0,2" hai="13,18,22,27,29,33,40,41,42,43,44,50,54,55" machi="22" ten="40,2000,0" yaku="1,1,53,0" doraHai="129" doraHaiUra="135" who="2" fromWho="3" sc="227,0,137,0,292,40,324,-20" />
</Scene>
<Scene>
<INIT seed="2,1,0,0,3,41" ten="227,137,332,304" oya="2" hai0="15,53,32,128,93,79,125,129,131,59,33,13,86" hai1="109,96,74,5,20,107,104,62,27,115,60,43,29" hai2="126,54,31,61,38,91,92,56,105,75,116,85,7" hai3="106,46,39,23,55,1,110,44,111,49,30,103,77"/><V72/><F31/><W40/><G1/><T3/><D93/><U99/><E115/><V95/><F38/><W134/><G134/><T81/><D59/><U113/><E113/><V47/><F105/><W63/><G77/><T87/><D53/><U135/><E74/><V67/><F116/><W73/><G73/><T25/><D87/><U2/><E135/><V89/><F126/><W8/><G8/><T119/><D86/><U14/><E109/><N who="3" m="41482" /><G63/><T22/><D81/><U121/><E121/><V90/><F7/><W26/><G103/><T24/><D79/><U69/><E2/><V108/><F108/><W66/><G66/><T84/><D84/><U18/><E5/><V45/><F75/><W10/><G10/><T58/><D58/><U17/><E43/><V12/><F72/><W101/><G101/><T88/><D88/><N who="2" m="33898" /><F95/><W51/><G106/><T16/><D119/><U100/><E69/><V36/><F36/><AGARI ba="1,0" hai="23,26,30,36,39,40,44,46,49,51,55" m="41482" machi="36" ten="30,3900,0" yaku="14,1,52,2" doraHai="41" who="3" fromWho="2" sc="227,0,137,0,332,-42,304,42" />
</Scene>
<Scene>
<INIT seed="3,0,0,1,2,53" ten="227,137,290,346" oya="3" hai0="86,103,40,9,26,82,59,63,84,24,134,131,88" hai1="92,130,13,33,2,21,49,96,98,115,109,101,15" hai2="36,62,50,89,18,28,108,94,66,39,100,125,58" hai3="129,51,29,54,23,68,121,12,133,116,77,34,30"/><W99/><G121/><T72/><D131/><U91/><E115/><V135/><F108/><W132/><G116/><T64/><D72/><U71/><E109/><V1/><F1/><W95/><G129/><T6/><D134/><N who="3" m="51817" /><G68/><T43/><D103/><U83/><E130/><V46/><F135/><W85/><G34/><T123/><D123/><U117/><E117/><V14/><F125/><W110/><G110/><T87/><D9/><U93/><E33/><V60/><F100/><W73/><G73/><T127/><D6/><U81/><E2/><V45/><F28/><W56/><G85/><T113/><D113/><U11/><E71/><V35/><F35/><W42/><G42/><T57/><D127/><U47/><E21/><V111/><F39/><W105/><G105/><T75/><D75/><U126/><E126/><V52/><F36/><W7/><G77/><T70/><D70/><U19/><REACH who="1" step="1"/><E15/><REACH who="1" ten="227,127,290,346" step="2"/><V79/><F111/><W78/><G23/><T48/><D84/><U31/><E31/><V55/><F14/><W5/><G78/><T80/><D48/><U74/><E74/><V32/><F79/><W44/><G29/><T67/><D63/><U97/><E97/><V106/><F32/><W119/><G30/><T3/><REACH who="0" step="1"/><D3/><REACH who="0" ten="217,127,290,346" step="2"/><U61/><E61/><V41/><F60/><N who="3" m="35863" /><G119/><T104/><D104/><U10/><E10/><V25/><F106/><W122/><G122/><T102/><D102/><U38/><E38/><V112/><F62/><W17/><G51/><T27/><D27/><U20/><E20/><V118/><F50/><W22/><G44/><T120/><D120/><RYUUKYOKU ba="0,2" sc="217,10,127,10,290,-30,346,10" hai0="24,26,40,43,57,59,64,67,80,82,86,87,88" hai1="11,13,19,47,49,81,83,91,92,93,96,98,101" hai3="5,7,12,17,22,95,99" owari="227,-17.0,137,-36.0,260,6.0,376,47.0" />
</Scene>
</mjloggm>