<mjloggm ver="2.3"><GO type="169"/><UN n0="%E5%A4%AA%E3%81%8F%E3%81%AA%E3%81%84%E3%81%8A" n1="%E3%81%99%E3%81%9F%E3%83%BC%E3%82%89%E3%81%84%E3%81%A8%E3%81%B3%E3%83%BC" n2="%E3%83%9A%E3%83%81%E3%83%A7%E3%83%BC%E3%83%AA%E3%83%B3" n3="%E8%99%8E%E5%85%90%E6%9C%97" dan="18,16,17,17" rate="2215,2083,2175,2059" sx="M,F,M,M"/><TAIKYOKU oya="0"/>

<Scene>
<INIT seed="0,0,0,4,2,66" ten="250,250,250,250" oya="0" hai0="51,124,55,93,91,127,70,73,101,22,116,7,128" hai1="56,41,54,3,98,102,76,15,33,23,131,110,12" hai2="80,50,121,84,122,57,74,34,32,90,16,94,111" hai3="49,61,4,1,100,9,109,71,118,44,108,130,60"/><T125/><D116/><U82/><E3/><V14/><F111/><W64/><G118/><T21/><D73/><U117/><E33/><V103/><F32/><W114/><G114/><T47/><D128/><U26/><E110/><N who="3" m="42602" /><G130/><T135/><D135/><U133/><E41/><V24/><F34/><W107/><G60/><T63/><D101/><U28/><E133/><V126/><F24/><W31/><G31/><T59/><D7/><U46/><E46/><V129/><F129/><W92/><G107/><T72/><D72/><U2/><E2/><V52/><F126/><W10/><G10/><T0/><D0/><U19/><E28/><V88/><F103/><W38/><G38/><T39/><D39/><U134/><E117/><V25/><F25/><W115/><G115/><T62/><D70/><U13/><E26/><V11/><F74/><W119/><G119/><T83/><D83/><U5/><E5/><V75/><REACH who="2" step="1"/><F75/><REACH who="2" ten="250,250,240,250" step="2"/><W96/><G44/><T37/><D37/><U40/><E131/><V69/><F69/><W48/><AGARI ba="0,1" hai="1,4,9,48,49,61,64,71,92,96,100" m="42602" machi="48" ten="30,2000,0" yaku="14,1,52,1" doraHai="66" who="3" fromWho="3" sc="250,-10,250,-5,240,-5,250,30" />
</Scene>
<Scene>
<INIT seed="1,0,0,1,1,121" ten="240,245,235,280" oya="1" hai0="6,82,54,134,77,7,0,14,19,62,2,55,4" hai1="59,49,93,47,75,124,5,102,39,84,41,71,61" hai2="114,10,25,48,81,119,108,9,126,116,40,67,127" hai3="58,28,31,85,99,113,120,53,107,52,125,109,83"/><U97/><E75/><V80/><F67/><W51/><G120/><T56/><D134/><U57/><E124/><N who="2" m="47659" /><F114/><W74/><G125/><T12/><D55/><U112/><E112/><V130/><F130/><W104/><G74/><T15/><REACH who="0" step="1"/><D19/><REACH who="0" ten="230,245,235,280" step="2"/><U135/><E135/><V92/><F119/><W100/><G113/><T111/><D111/><U110/><E110/><V128/><F116/><W87/><G109/><T17/><D17/><U37/><E5/><V70/><F108/><W46/><G107/><T23/><D23/><U79/><E79/><V26/><F128/><W3/><G3/><T36/><D36/><U11/><E11/><V76/><F9/><W101/><G101/><T24/><D24/><U95/><E39/><V133/><F10/><W117/><G117/><T50/><D50/><U64/><E37/><V103/><F26/><W69/><G69/><T42/><D42/><U27/><E27/><V105/><F25/><W122/><G122/><T1/><D1/><U32/><E32/><V44/><F48/><W34/><G34/><T45/><D45/><U132/><E132/><V30/><F44/><W68/><G68/><T16/><D16/><U63/><E71/><V43/><F40/><W123/><G123/><T78/><D78/><U86/><REACH who="1" step="1"/><E95/><REACH who="1" ten="230,235,235,280" step="2"/><V73/><F92/><W22/><G104/><T13/><N who="0" m="3072" /><DORA hai="96" /><T33/><D33/><U66/><AGARI ba="0,2" hai="41,47,49,57,59,61,63,64,66,84,86,93,97,102" machi="66" ten="20,18000,2" yaku="1,1,0,1,7,1,9,1,8,1,52,1,53,0" doraHai="121,96" doraHaiUra="72,131" who="1" fromWho="1" sc="230,-60,235,200,235,-60,280,-60" />
</Scene>
<Scene>
<INIT seed="1,1,0,3,0,35" ten="170,435,175,220" oya="1" hai0="58,17,105,114,73,51,129,92,88,67,72,119,123" hai1="24,28,47,1,44,5,83,18,102,19,14,90,31" hai2="20,118,133,115,96,81,8,82,108,75,134,66,13" hai3="21,103,48,63,45,54,6,30,7,76,116,117,99"/><U50/><E102/><V126/><F118/><N who="3" m="45675" /><G76/><T56/><D119/><U49/><E1/><V78/><F108/><W55/><G30/><T36/><D114/><U65/><E65/><V128/><F115/><W122/><G21/><T33/><D36/><U79/><E5/><N who="3" m="1546" /><G122/><T3/><D33/><U60/><E60/><V74/><F20/><W100/><G99/><T124/><D105/><U46/><E90/><V41/><F66/><W101/><G63/><T93/><D123/><U89/><E79/><N who="2" m="44279" /><F41/><AGARI ba="1,0" hai="41,45,48,54,55,100,101,103" m="1546,45675" machi="41" ten="30,1000,0" yaku="12,1" doraHai="35" who="3" fromWho="2" sc="170,0,435,0,175,-13,220,13" />
</Scene>
<Scene>
<INIT seed="2,0,0,3,1,117" ten="170,435,162,233" oya="2" hai0="129,36,92,66,58,45,0,114,100,7,23,101,115" hai1="77,59,95,106,14,42,120,80,25,48,52,57,38" hai2="113,111,123,108,85,107,63,30,119,126,64,1,128" hai3="47,20,133,26,24,134,91,62,46,98,70,94,127"/><V18/><F119/><W65/><G127/><T6/><D129/><U88/><E106/><V53/><F113/><W19/><REACH who="3" step="1"/><G26/><REACH who="3" ten="170,435,162,223" step="2"/><T15/><D115/><U109/><E25/><V4/><F126/><W43/><G43/><T132/><D114/><U8/><E42/><V69/><F107/><W96/><G96/><T82/><D132/><AGARI ba="0,1" hai="19,20,24,46,47,62,65,70,91,94,98,132,133,134" machi="132" ten="40,2600,0" yaku="1,1,20,1,53,0" doraHai="117" doraHaiUra="71" who="3" fromWho="0" sc="170,-26,435,0,162,0,223,36" />
</Scene>
<Scene>
<INIT seed="3,0,0,0,0,3" ten="144,435,162,259" oya="3" hai0="43,105,82,22,71,128,72,112,8,88,124,130,113" hai1="126,107,102,100,81,61,48,89,9,94,91,41,95" hai2="65,29,11,90,63,135,103,125,68,78,133,60,52" hai3="23,10,35,27,16,31,111,33,44,32,134,109,28"/><W38/><G38/><T0/><D71/><U59/><E126/><V83/><F125/><W66/><G66/><T127/><D105/><U80/><E48/><V104/><F29/><N who="3" m="11339" /><G44/><T132/><D43/><U76/><E9/><V92/><F104/><W1/><G134/><N who="2" m="51209" /><F103/><W13/><G1/><T106/><D106/><U47/><E47/><V24/><F24/><W4/><AGARI ba="0,0" hai="4,10,13,16,23,27,32,33,35,109,111" m="11339" machi="4" ten="40,12000,1" yaku="34,2,52,1,54,1" doraHai="3" who="3" fromWho="3" sc="144,-40,435,-40,162,-40,259,120" />
</Scene>
<Scene>
<INIT seed="3,1,0,0,5,109" ten="104,395,122,379" oya="3" hai0="2,76,66,102,59,78,30,93,25,6,29,58,15" hai1="23,38,51,39,127,83,26,90,7,125,43,3,104" hai2="129,32,64,11,94,85,63,12,53,108,69,4,33" hai3="21,40,101,114,47,45,27,97,54,72,60,113,16"/><W1/><G1/><T74/><D2/><U10/><E104/><V18/><F108/><W82/><G72/><T62/><D74/><U128/><E128/><V133/><F129/><W52/><G82/><T132/><D132/><U37/><E90/><V24/><F133/><W121/><G121/><T46/><D46/><U65/><E65/><V87/><F53/><W48/><G60/><T50/><D6/><U75/><E51/><V19/><F87/><W20/><G20/><T124/><D15/><U119/><E119/><V100/><F100/><W126/><G126/><T80/><D124/><U35/><E23/><V73/><F73/><W120/><G120/><T103/><D80/><U110/><E110/><V5/><F5/><W28/><G28/><T57/><D57/><U84/><E84/><V9/><F24/><W95/><G54/><N who="0" m="32087" /><D103/><U96/><E96/><V91/><REACH who="2" step="1"/><F19/><REACH who="2" ten="104,395,112,379" step="2"/><W70/><REACH who="3" step="1"/><G70/><REACH who="3" ten="104,395,112,369" step="2"/><T22/><D30/><N who="1" m="19927" /><E127/><V92/><F92/><W88/><G88/><T130/><D130/><U111/><E125/><V67/><F67/><W107/><G107/><T117/><D117/><U122/><E111/><V13/><AGARI ba="1,2" hai="4,9,11,12,13,18,32,33,63,64,69,85,91,94" machi="13" ten="20,2700,0" yaku="1,1,0,1,7,1,53,0" doraHai="109" doraHaiUra="36" who="2" fromWho="2" sc="104,-8,395,-8,112,50,369,-14" />
</Scene>
<Scene>
<INIT seed="4,0,0,1,3,89" ten="96,387,162,355" oya="0" hai0="19,37,54,56,57,108,131,85,0,135,68,117,69" hai1="5,114,13,107,112,27,111,118,72,16,91,105,58" hai2="71,95,36,92,66,20,64,134,30,61,9,7,96" hai3="42,22,97,102,109,65,123,103,33,3,59,104,84"/><T115/><D0/><U2/><E72/><V129/><F36/><W53/><G33/><T10/><D117/><U86/><E111/><V18/><F129/><W126/><G3/><T130/><D37/><U125/><E118/><V60/><F134/><W43/><G109/><T35/><D35/><U31/><E125/><V75/><F75/><W4/><G4/><T55/><D108/><U52/><E5/><V98/><F30/><W100/><G126/><T78/><D135/><U132/><E2/><V77/><F77/><W25/><G65/><T34/><D34/><U79/><E79/><V11/><F7/><W76/><G123/><T48/><D115/><U88/><E91/><V124/><F124/><W51/><G97/><T15/><D78/><U83/><E27/><V28/><F28/><N who="3" m="17463" /><G104/><T116/><D116/><U110/><E31/><V44/><F44/><W82/><AGARI ba="0,0" hai="42,43,51,53,59,76,82,84,100,102,103" m="17463" machi="82" ten="30,1100,0" yaku="8,1" doraHai="89" who="3" fromWho="3" sc="96,-5,387,-3,162,-3,355,11" />
</Scene>
<Scene>
<INIT seed="5,0,0,4,3,67" ten="91,384,159,366" oya="1" hai0="98,135,105,1,103,40,107,52,121,9,74,94,84" hai1="25,6,62,59,5,63,134,77,104,73,34,38,12" hai2="7,21,122,37,29,60,119,81,75,108,96,127,125" hai3="8,88,109,43,36,42,120,99,28,86,66,76,115"/><U80/><E38/><V39/><F119/><W2/><G120/><T117/><D117/><U91/><E104/><V72/><F108/><W83/><G109/><T65/><D74/><U4/><E134/><V26/><F7/><W22/><G115/><T128/><D135/><U97/><E34/><V133/><F122/><W71/><G36/><N who="2" m="13897" /><F81/><W106/><G8/><T51/><D40/><U87/><E25/><V15/><F133/><W112/><G2/><T44/><D121/><U50/><E12/><V132/><F132/><W92/><G106/><T70/><D128/><U53/><E73/><V23/><F60/><W90/><G112/><T30/><D30/><U61/><REACH who="1" step="1"/><E97/><REACH who="1" ten="91,374,159,366" step="2"/><V0/><F96/><N who="3" m="57351" /><G66/><T78/><D1/><U64/><E64/><V24/><F0/><W93/><G71/><T11/><D107/><U111/><E111/><V114/><F15/><W82/><G82/><T19/><D105/><U17/><E17/><N who="2" m="12335" /><F114/><W33/><G33/><T55/><D19/><U48/><E48/><V126/><AGARI ba="0,1" hai="23,26,29,72,75,125,126,127" m="12335,13897" machi="126" ten="40,1500,0" yaku="18,1" doraHai="67" who="2" fromWho="2" sc="91,-4,374,-7,159,25,366,-4" />
</Scene>
<Scene>
<INIT seed="6,0,0,1,4,69" ten="87,367,184,362" oya="2" hai0="92,81,24,119,108,47,42,107,95,106,127,67,60" hai1="125,25,85,63,26,11,12,52,30,54,14,5,70" hai2="62,110,82,20,4,96,79,53,16,117,23,65,122" hai3="111,17,33,44,100,39,94,32,66,114,88,34,97"/><V131/><F117/><W78/><G111/><T13/><D108/><U91/><E125/><V135/><F110/><W7/><G78/><T49/><D127/><U48/><E30/><V133/><F4/><W46/><G7/><T102/><D119/><U71/><E71/><V6/><F6/><W22/><G66/><T80/><D107/><U124/><E124/><V35/><F35/><W121/><G121/><T83/><D106/><U50/><E14/><V40/><F40/><W104/><G39/><T98/><D13/><U134/><E63/><V2/><F2/><W41/><G41/><T58/><D92/><U61/><E61/><V38/><F96/><W101/><G114/><T1/><D1/><U29/><E29/><V51/><F122/><W27/><REACH who="3" step="1"/><G101/><REACH who="3" ten="87,367,184,352" step="2"/><T113/><D113/><U118/><E118/><V57/><F38/><W37/><G37/><T15/><D15/><U9/><E12/><V128/><F65/><W36/><G36/><T105/><D105/><U18/><E5/><V109/><F109/><W123/><G123/><T31/><REACH who="0" step="1"/><D80/><REACH who="0" ten="77,367,184,352" step="2"/><U112/><E112/><V90/><F82/><W89/><G89/><T45/><D45/><U86/><E91/><V99/><F90/><W130/><G130/><T73/><D73/><U55/><E11/><V120/><F131/><W126/><G126/><T10/><D10/><U3/><E9/><V93/><F128/><W74/><G74/><T43/><D43/><U75/><E75/><V76/><F120/><W84/><AGARI ba="0,2" hai="17,22,27,32,33,34,44,46,84,88,94,97,100,104" machi="84" ten="30,4000,0" yaku="1,1,0,1,54,1,53,0" doraHai="69" doraHaiUra="129" who="3" fromWho="3" sc="77,-10,367,-10,184,-20,352,60" />
</Scene>
<Scene>
<INIT seed="7,0,0,2,3,93" ten="67,357,164,412" oya="3" hai0="6,92,114,88,17,126,33,135,84,72,100,89,90" hai1="56,86,27,80,48,96,21,64,74,40,9,85,29" hai2="7,42,79,1,77,51,94,11,59,112,76,47,122" hai3="132,98,26,73,16,14,44,115,67,99,55,83,28"/><W37/><G67/><T118/><D33/><U97/><E74/><V2/><F112/><W113/><G132/><T63/><D118/><U19/><E40/><V8/><F122/><W65/><G65/><T124/><D6/><U38/><E38/><V105/><F105/><W18/><G83/><T57/><D72/><U119/><E119/><V109/><F109/><W34/><G73/><T82/><D135/><U130/><E130/><V10/><F7/><W121/><G121/><T20/><D114/><N who="3" m="43529" /><G18/><T110/><D110/><U111/><E111/><V43/><F43/><N who="3" m="22639" /><G55/><T120/><D120/><U31/><E85/><V106/><F106/><W71/><G71/><T23/><D126/><U61/><E48/><V104/><F104/><W103/><G103/><T127/><D127/><U131/><E131/><V58/><F94/><W41/><G41/><T66/><D124/><U39/><E39/><V91/><F91/><W0/><G0/><T52/><D66/><U35/><E35/><V54/><REACH who="2" step="1"/><F59/><REACH who="2" ten="67,357,154,412" step="2"/><W12/><G12/><N who="0" m="9255" /><D23/><AGARI ba="0,1" hai="14,16,23,26,28,34,98,99" m="22639,43529" machi="23" ten="30,11600,0" yaku="15,1,52,2,54,1" doraHai="93" who="3" fromWho="0" sc="67,-116,357,0,154,0,412,126" owari="-49,-55.0,357,16.0,154,-25.0,538,64.0" />
</Scene>
</mjloggm>