<mjloggm ver="2.3"><GO type="41"/><UN n0="%E3%82%86%E3%81%AF%E3%82%89" n1="%6B%65%6E%34%31%30" n2="%E5%A4%AA%E3%81%8F%E3%81%AA%E3%81%84%E3%81%8A" n3="%E7%A5%9E%E5%9F%9F%E3%81%AE%E6%89%8B%E6%B7%AB%E4%BC%9D%E8%AA%AC" dan="13,13,14,14" rate="1948,1810,2024,1922" sx="M,F,M,M"/><TAIKYOKU oya="0"/>

<Scene>
<INIT seed="0,0,0,5,2,23" ten="250,250,250,250" oya="0" hai0="115,41,4,100,50,89,87,56,124,48,72,73,10" hai1="135,65,110,58,18,25,64,75,133,66,39,85,117" hai2="19,74,2,27,77,46,67,9,30,126,119,88,76" hai3="118,47,35,20,81,91,57,16,125,98,44,28,32"/><T97/><D115/><U105/><E117/><V26/><F119/><W24/><G118/><T111/><D124/><U102/><E75/><V128/><F126/><W5/><G35/><T55/><D111/><U82/><E39/><V38/><F128/><W92/><G125/><T95/><D41/><U63/><E110/><V59/><F74/><W71/><G71/><T127/><D127/><U0/><E0/><V33/><F2/><W61/><G5/><T31/><D50/><U93/><E105/><V116/><F116/><W54/><G81/><T104/><REACH who="0" step="1"/><D31/><REACH who="0" ten="240,250,250,250" step="2"/><U17/><E135/><V53/><F30/><W45/><REACH who="3" step="1"/><G47/><REACH who="3" ten="240,250,250,240" step="2"/><T15/><AGARI ba="0,2" hai="4,10,15,48,55,56,72,73,87,89,95,97,100,104" machi="15" ten="20,12000,1" yaku="1,1,2,1,0,1,7,1,53,1" doraHai="23" doraHaiUra="103" who="0" fromWho="0" sc="240,140,250,-40,250,-40,240,-40" />
</Scene>
<Scene>
<INIT seed="0,1,0,5,4,39" ten="380,210,210,200" oya="0" hai0="31,87,74,76,135,28,4,18,38,115,114,91,93" hai1="117,33,107,23,36,130,127,95,44,35,58,32,2" hai2="55,61,6,126,111,125,83,77,92,112,42,10,131" hai3="84,101,12,5,68,17,30,66,3,24,71,1,7"/><T67/><D38/><U132/><E117/><V96/><F112/><W65/><G101/><T73/><D135/><U56/><E132/><V20/><F111/><W13/><G84/><T40/><D76/><U124/><E107/><V70/><F131/><W121/><G121/><T14/><D4/><U94/><E130/><V11/><F20/><W41/><G41/><T15/><D67/><U103/><E2/><N who="3" m="522" /><G65/><T86/><D18/><U81/><E81/><V123/><F123/><W116/><G66/><T53/><D53/><U72/><E72/><V108/><F108/><W99/><G68/><T109/><D93/><U19/><E36/><V90/><F42/><W59/><G71/><T133/><D133/><U80/><E80/><V97/><F97/><W49/><G59/><N who="1" m="22570" /><E44/><V51/><F70/><W122/><G49/><T110/><REACH who="0" step="1"/><D91/><REACH who="0" ten="370,210,210,200" step="2"/><U29/><E103/><V60/><F77/><W105/><G122/><T120/><D120/><U104/><E29/><V89/><F89/><W8/><G116/><T78/><D78/><U34/><E104/><V21/><F90/><W129/><G105/><T79/><D79/><U128/><E128/><V75/><F92/><W9/><G129/><T118/><D118/><U37/><E37/><V45/><F55/><W82/><G82/><T47/><D47/><U64/><E64/><V102/><F83/><W113/><G113/><T54/><D54/><U62/><E95/><V0/><F45/><W100/><G17/><T63/><D63/><U57/><E94/><V48/><F61/><W46/><G46/><T88/><D88/><U43/><E19/><RYUUKYOKU ba="1,1" sc="370,30,210,-10,210,-10,200,-10" hai0="14,15,28,31,40,73,74,86,87,109,110,114,115" />
</Scene>
<Scene>
<INIT seed="0,2,1,3,2,113" ten="400,200,200,190" oya="0" hai0="110,66,57,49,44,107,89,130,62,72,100,68,103" hai1="85,47,36,135,58,121,87,109,82,35,111,91,75" hai2="120,98,40,15,37,6,128,134,19,126,101,104,46" hai3="129,119,27,83,67,28,51,96,10,122,99,0,56"/><T42/><D72/><U70/><E121/><V38/><F120/><W123/><G119/><T74/><D74/><U60/><E135/><V81/><F134/><W23/><G122/><T31/><D130/><U125/><E125/><V115/><F115/><W84/><G123/><T45/><D45/><U105/><E70/><V14/><F126/><W22/><G129/><T69/><D107/><U13/><E75/><V132/><F132/><W118/><G118/><T64/><D31/><U8/><E35/><V33/><F128/><W1/><G1/><T133/><D133/><U54/><E105/><V94/><F33/><W95/><G0/><T102/><D110/><N who="1" m="41995" /><E87/><V3/><F104/><W92/><G10/><T12/><D89/><U25/><E25/><V77/><F19/><W21/><G27/><T65/><REACH who="0" step="1"/><D12/><REACH who="0" ten="390,200,200,190" step="2"/><U88/><E47/><V16/><F15/><W86/><G28/><T71/><AGARI ba="2,2" hai="42,44,49,57,62,64,65,66,68,69,71,100,102,103" machi="71" ten="40,7800,0" yaku="1,1,2,1,0,1,53,0" doraHai="113" doraHaiUra="112" who="0" fromWho="0" sc="390,104,200,-28,200,-28,190,-28" />
</Scene>
<Scene>
<INIT seed="0,3,0,4,1,3" ten="494,172,172,162" oya="0" hai0="89,104,6,26,117,57,87,59,31,108,88,34,106" hai1="9,2,48,41,39,132,97,99,92,94,116,74,96" hai2="120,51,18,50,46,85,119,8,0,63,121,81,91" hai3="107,15,113,52,61,58,45,54,78,114,27,111,118"/><T127/><D117/><U30/><E116/><V5/><F119/><W32/><G118/><RYUUKYOKU type="kaze4" ba="3,0" sc="494,0,172,0,172,0,162,0" />
</Scene>
<Scene>
<INIT seed="0,4,0,4,5,1" ten="494,172,172,162" oya="0" hai0="18,135,34,85,28,111,77,81,36,40,9,71,83" hai1="15,26,128,78,97,25,33,47,46,6,113,95,120" hai2="103,80,53,100,43,66,32,110,94,22,125,50,131" hai3="19,96,112,115,3,86,21,5,102,65,82,14,16"/><T88/><D71/><U12/><E120/><V63/><F32/><W122/><G122/><T27/><D135/><U0/><E0/><V130/><F110/><W17/><G65/><T117/><D117/><U132/><E132/><V29/><F125/><W108/><G108/><T54/><D111/><U38/><E128/><N who="2" m="49195" /><F43/><W51/><G112/><T114/><D114/><U48/><E113/><V79/><F94/><W106/><G106/><T7/><D18/><U73/><E38/><V92/><F92/><W42/><G115/><T93/><D54/><U59/><E33/><V121/><F121/><W49/><G42/><T126/><D126/><U69/><E69/><N who="2" m="42207" /><F22/><W116/><G116/><T118/><D118/><U101/><E73/><N who="2" m="43119" /><F29/><W30/><G96/><T23/><D34/><U60/><E78/><V57/><AGARI ba="4,0" hai="50,53,57,100,103" m="43119,42207,49195" machi="57" ten="30,1100,0" yaku="19,1" doraHai="1" who="2" fromWho="2" sc="494,-9,172,-7,172,23,162,-7" />
</Scene>
<Scene>
<INIT seed="1,0,0,1,2,69" ten="485,165,195,155" oya="1" hai0="84,34,77,37,18,133,61,33,115,13,17,74,116" hai1="60,27,135,25,102,28,6,125,110,39,94,131,80" hai2="62,1,46,100,0,40,85,21,101,54,31,23,87" hai3="50,35,2,7,26,11,117,86,66,91,104,65,30"/><U9/><E125/><V72/><F72/><W53/><G104/><T20/><D74/><U90/><E131/><V130/><F130/><W4/><G117/><T63/><D77/><U56/><E135/><V58/><F1/><W29/><G4/><T114/><D133/><U127/><E127/><V132/><F0/><W76/><G76/><T120/><D116/><U97/><E110/><V22/><F132/><W118/><G30/><T8/><D84/><N who="2" m="32330" /><F31/><W3/><G3/><T32/><D120/><U52/><E39/><V128/><F128/><W106/><G106/><T71/><D71/><U78/><E28/><V44/><F40/><W95/><REACH who="3" step="1"/><G118/><REACH who="3" ten="485,165,195,145" step="2"/><T42/><D114/><U24/><E78/><V107/><F107/><W49/><G49/><T83/><D115/><U109/><E109/><V129/><F129/><W79/><G79/><T121/><D121/><U57/><E80/><V70/><F70/><W48/><G48/><T59/><D83/><U124/><E124/><V119/><F119/><W88/><G88/><T5/><D5/><U99/><E90/><V43/><F101/><W92/><G92/><T41/><D61/><U19/><E19/><V51/><F100/><W89/><G89/><T105/><D105/><U68/><E99/><V16/><F46/><AGARI ba="0,1" hai="2,7,11,26,29,35,46,50,53,65,66,86,91,95" machi="46" ten="30,3900,0" yaku="1,1,7,1,53,1" doraHai="69" doraHaiUra="81" who="3" fromWho="2" sc="485,0,165,0,195,-39,145,49" />
</Scene>
<Scene>
<INIT seed="2,0,0,1,3,3" ten="485,165,156,194" oya="2" hai0="46,81,33,69,89,98,42,99,133,22,13,54,65" hai1="105,126,130,91,17,66,86,30,16,5,15,37,4" hai2="100,114,1,120,47,56,2,77,50,63,104,108,107" hai3="19,57,85,117,34,11,59,101,113,36,28,12,127"/><V70/><F120/><W116/><G117/><T79/><D33/><U124/><E105/><V88/><F114/><W52/><G36/><T41/><D41/><U121/><E130/><V115/><F115/><W32/><G113/><T109/><D109/><U72/><E72/><V23/><F77/><W40/><G116/><T134/><D89/><U21/><E37/><V25/><F70/><W119/><G119/><T0/><D0/><U118/><E118/><V84/><F108/><W80/><G127/><N who="1" m="48682" /><E121/><V132/><F132/><N who="0" m="50794" /><D54/><U128/><E128/><V7/><F100/><W55/><G40/><T103/><D103/><U123/><E123/><V97/><F97/><W75/><G28/><T90/><D90/><U73/><E73/><V44/><F104/><W10/><G75/><N who="0" m="43263" /><D65/><U29/><E66/><V58/><F107/><W9/><G101/><T78/><D78/><U64/><E64/><N who="2" m="39015" /><F2/><W135/><G32/><T67/><D69/><U111/><E111/><V122/><F1/><W6/><G34/><T82/><D67/><U62/><E62/><V61/><F61/><N who="3" m="36007" /><G135/><T43/><D82/><N who="1" m="49623" /><E17/><N who="2" m="12527" /><F122/><W51/><G6/><AGARI ba="0,0" hai="4,5,6,15,16,21,29,30" m="49623,48682" machi="6" ten="30,8000,1" yaku="18,1,52,3,54,1" doraHai="3" who="1" fromWho="3" sc="485,0,165,80,156,0,194,-80" />
</Scene>
<Scene>
<INIT seed="3,0,0,3,3,97" ten="485,245,156,114" oya="3" hai0="9,104,23,5,98,119,53,79,38,75,27,0,41" hai1="13,116,124,82,22,62,113,7,66,96,134,49,125" hai2="29,94,35,67,99,26,90,112,106,18,34,3,4" hai3="71,69,51,109,63,78,40,111,64,103,30,76,60"/><W48/><G103/><T88/><D119/><U55/><E113/><V65/><F112/><W73/><G73/><T117/><D117/><U39/><E116/><V56/><F35/><W87/><G87/><T72/><D53/><U91/><E39/><V61/><F106/><W33/><G78/><T108/><D108/><N who="3" m="41545" /><G76/><T110/><D110/><U132/><E82/><V52/><REACH who="2" step="1"/><F18/><REACH who="2" ten="485,245,146,114" step="2"/><W43/><G33/><T92/><D104/><U31/><E31/><V118/><F118/><W115/><G30/><T85/><D75/><U50/><E7/><V54/><F54/><W102/><G102/><T1/><D72/><U101/><E55/><V15/><F15/><W131/><G131/><T6/><D5/><U123/><E13/><V59/><F59/><W129/><G129/><T16/><D1/><U11/><E101/><V89/><F89/><W46/><G115/><T135/><D41/><N who="3" m="15945" /><G46/><T83/><D38/><U45/><E45/><V58/><F58/><N who="3" m="36887" /><G63/><T70/><D79/><U114/><E114/><V121/><F121/><W80/><G80/><T100/><D100/><U122/><E91/><V44/><F44/><W93/><G93/><T25/><D83/><U68/><E123/><V120/><F120/><W57/><G57/><T10/><D92/><U95/><E95/><V126/><F126/><W8/><G8/><AGARI ba="0,1" hai="3,4,8,26,29,34,52,56,61,65,67,90,94,99" machi="8" ten="40,5200,0" yaku="1,1,54,1,53,1" doraHai="97" doraHaiUra="21" who="2" fromWho="3" sc="485,0,245,0,146,62,114,-52" />
</Scene>
<Scene>
<INIT seed="4,0,0,1,4,72" ten="485,245,208,62" oya="0" hai0="130,99,38,33,24,2,126,58,45,133,104,77,54" hai1="71,29,47,14,68,44,73,114,43,12,3,88,52" hai2="103,69,65,116,0,76,5,122,109,80,62,132,110" hai3="91,67,127,16,26,89,34,134,121,90,30,61,7"/><T128/><D2/><U11/><E3/><V107/><F122/><W113/><G121/><T20/><D33/><U135/><E135/><V9/><F132/><W117/><G134/><T21/><D21/><U53/><E73/><N who="2" m="43023" /><F116/><W70/><G117/><T27/><D27/><U75/><E75/><V101/><F101/><W85/><G127/><T79/><D133/><U28/><E114/><V125/><F125/><W42/><G113/><T100/><D126/><U10/><E43/><V105/><F103/><W4/><G42/><N who="0" m="22743" /><D24/><U84/><E84/><V40/><F40/><W18/><G85/><T55/><D20/><U46/><E46/><V97/><F97/><W22/><REACH who="3" step="1"/><G18/><REACH who="3" ten="485,245,208,52" step="2"/><T25/><D99/><U87/><E87/><V50/><F50/><W48/><G48/><T1/><D128/><U95/><E95/><V35/><F35/><W41/><G41/><T118/><D130/><U60/><E60/><V64/><F62/><W129/><G129/><T8/><D118/><U66/><E66/><V119/><F65/><W36/><G36/><T39/><D39/><U111/><E111/><V82/><F119/><W56/><G56/><T15/><D104/><U108/><E108/><V92/><F107/><W86/><G86/><T112/><D58/><U83/><E83/><V93/><F105/><W17/><G17/><T123/><D112/><U124/><E124/><V102/><F82/><W74/><G74/><T59/><D123/><U120/><E120/><V37/><F37/><W32/><G32/><T63/><D59/><U13/><E13/><AGARI ba="0,1" hai="4,7,13,16,22,26,30,34,61,67,70,89,90,91" machi="13" ten="40,2600,0" yaku="1,1,54,1,53,0" doraHai="72" doraHaiUra="98" who="3" fromWho="1" sc="485,0,245,-26,208,0,52,36" />
</Scene>
<Scene>
<INIT seed="5,0,0,3,1,127" ten="485,219,208,88" oya="1" hai0="80,56,48,41,17,71,121,11,134,116,109,99,81" hai1="94,114,82,87,120,33,21,131,68,117,15,28,60" hai2="98,38,14,74,72,2,103,40,18,122,65,8,130" hai3="9,104,55,85,86,26,52,112,128,50,46,125,89"/><U1/><E117/><V45/><F122/><W106/><G104/><T43/><D71/><U42/><E120/><V37/><F37/><W29/><G106/><T101/><D116/><U57/><E1/><V91/><F65/><W123/><G125/><T4/><D121/><U54/><E114/><V12/><F2/><W77/><G123/><T6/><D109/><U0/><E0/><V102/><F91/><W97/><G112/><T66/><D66/><U27/><E68/><V49/><F130/><W118/><G128/><T13/><D101/><U7/><E131/><V73/><F98/><W24/><G118/><T135/><D99/><U44/><E94/><V64/><F64/><W22/><G9/><T90/><D90/><U95/><E95/><V67/><F67/><W115/><G115/><T70/><D70/><U53/><E33/><V62/><F62/><W105/><G105/><T124/><D124/><U3/><E3/><V32/><F32/><W25/><G55/><T39/><D39/><U75/><E75/><V132/><F132/><N who="0" m="50730" /><D56/><U34/><E34/><V35/><F35/><W96/><G77/><T93/><D48/><N who="1" m="26647" /><E57/><V36/><F36/><W129/><G129/><T31/><D93/><U10/><E60/><V20/><REACH who="2" step="1"/><F38/><REACH who="2" ten="485,219,198,88" step="2"/><W126/><G126/><T69/><D69/><U113/><E113/><V5/><AGARI ba="0,1" hai="5,8,12,14,18,20,40,45,49,72,73,74,102,103" machi="5" ten="30,4000,0" yaku="1,1,2,1,0,1,53,0" doraHai="127" doraHaiUra="63" who="2" fromWho="2" sc="485,-10,219,-20,198,50,88,-10" />
</Scene>
<Scene>
<INIT seed="6,0,0,0,0,70" ten="475,199,248,78" oya="2" hai0="52,51,9,61,84,48,95,74,109,92,102,116,41" hai1="12,42,72,123,10,55,130,131,67,133,28,1,54" hai2="134,5,103,31,89,38,33,46,22,125,104,27,36" hai3="77,17,20,105,40,114,98,128,63,34,57,39,71"/><V21/><F5/><W58/><G34/><T107/><D107/><U14/><E133/><V129/><F134/><W108/><G108/><T16/><D74/><U126/><E126/><V73/><F73/><W132/><G132/><T80/><D109/><U76/><E123/><V11/><F125/><W25/><G128/><N who="1" m="49194" /><E1/><V69/><F129/><W4/><G114/><T101/><D116/><U112/><E112/><V24/><F11/><W29/><G77/><N who="0" m="46095" /><D61/><U110/><E110/><V91/><F69/><W121/><G121/><T96/><D41/><U68/><E72/><V111/><F111/><W53/><G4/><T35/><D35/><U86/><E28/><V100/><F33/><W106/><G71/><T127/><D52/><N who="1" m="20011" /><E42/><V118/><F118/><W44/><G57/><T66/><D66/><U26/><E26/><V62/><F62/><W75/><G75/><T120/><D120/><U32/><E32/><V115/><F115/><W47/><G29/><T18/><D127/><U119/><E119/><V8/><F8/><W60/><G60/><T23/><D9/><U113/><E113/><V81/><F31/><W2/><G2/><T93/><D96/><U49/><E49/><N who="0" m="19017" /><D18/><U99/><E99/><V85/><F85/><W19/><G19/><T88/><D101/><U90/><E76/><V43/><F43/><W79/><G79/><T45/><D102/><U13/><E67/><V65/><F65/><N who="3" m="39159" /><G98/><N who="0" m="57607" /><D45/><U135/><E135/><V37/><F37/><W56/><G44/><T82/><D82/><N who="1" m="49495" /><E68/><V6/><F38/><W50/><G39/><T122/><D122/><U117/><E117/><RYUUKYOKU ba="0,0" sc="475,10,199,10,248,-30,78,10" hai0="16,23,93,95" hai1="10,12,13,14" hai3="17,20,25,40,47,50,53,56,105,106" />
</Scene>
<Scene>
<INIT seed="7,1,0,0,4,59" ten="485,209,218,88" oya="3" hai0="107,4,30,134,67,123,112,77,32,58,46,24,31" hai1="25,49,22,12,121,1,33,99,87,35,8,56,6" hai2="72,103,85,90,96,95,48,14,135,104,65,40,70" hai3="74,2,17,82,5,18,37,88,117,29,89,53,78"/><W13/><G117/><T80/><D123/><U69/><E121/><V42/><F135/><W57/><G29/><T124/><D124/><U36/><E69/><V111/><F111/><W66/><G66/><T0/><D134/><U21/><E36/><V91/><F72/><W131/><G131/><T120/><D120/><U61/><E49/><V75/><F75/><W55/><G37/><T51/><D107/><U73/><E73/><V10/><F48/><W47/><G2/><T43/><D31/><U97/><E22/><V115/><F115/><W101/><G101/><T83/><D112/><U64/><E87/><V106/><F106/><W110/><G110/><T126/><D126/><U3/><E3/><V7/><F91/><W113/><G113/><T11/><REACH who="0" step="1"/><D77/><REACH who="0" ten="475,209,218,88" step="2"/><U45/><E35/><V116/><F116/><W41/><G55/><T23/><D23/><U128/><E33/><V86/><F104/><W62/><G41/><T84/><D84/><U122/><E122/><V133/><F85/><N who="3" m="48343" /><G47/><T15/><D15/><U39/><E128/><V81/><F133/><W127/><G127/><T28/><D28/><U93/><E1/><V19/><F42/><W100/><G74/><T16/><D16/><N who="3" m="6249" /><G100/><T132/><D132/><U68/><E45/><V114/><F114/><W63/><G63/><AGARI ba="1,1" hai="0,4,11,24,30,32,43,46,51,58,63,67,80,83" machi="63" ten="40,5200,0" yaku="1,1,52,1,53,1" doraHai="59" doraHaiUra="34" who="0" fromWho="3" sc="475,65,209,0,218,0,88,-55" owari="540,64.0,209,-19.0,218,2.0,33,-47.0" />
</Scene>
</mjloggm>