<mjloggm ver="2.3"><GO type="225"/><UN n0="%E5%A4%AA%E3%81%8F%E3%81%AA%E3%81%84%E3%81%8A" n1="%E9%9D%92%E5%B1%B1%E5%AD%A6%E9%99%A2%EF%BC%94%E5%B9%B4" n2="%E3%83%9D%E3%83%81%E3%83%A7%E3%83%A0%E3%82%AD%E3%83%B3%E2%98%85" n3="%68%65%61%74%68%6C%65%30" dan="16,18,17,16" rate="2097,2305,2142,2065" sx="M,M,M,M"/><TAIKYOKU oya="0"/>

<Scene>
<INIT seed="0,0,0,2,3,62" ten="250,250,250,250" oya="0" hai0="63,49,16,104,8,46,61,105,38,36,101,99,80" hai1="131,73,54,93,4,40,74,41,75,117,102,5,82" hai2="115,85,78,22,103,86,18,17,122,95,25,47,60" hai3="27,97,34,55,23,106,53,112,94,127,83,77,9"/><T132/><D132/><U57/><E117/><V71/><F115/><W37/><G112/><T114/><D114/><U32/><E32/><V92/><F122/><W0/><G37/><T66/><D105/><U100/><E131/><V19/><F47/><W118/><G118/><T6/><D80/><U81/><E93/><V56/><F71/><W12/><G106/><T87/><D87/><N who="2" m="33290" /><F78/><W44/><G34/><T130/><D130/><U13/><E82/><V11/><F11/><W68/><G68/><T33/><D33/><U67/><E81/><V65/><F103/><W30/><G0/><T111/><D111/><U91/><E102/><V126/><F126/><W64/><G44/><T28/><D28/><AGARI ba="0,0" hai="17,18,19,22,25,28,56,60,65,92,95" m="33290" machi="28" ten="30,2000,0" yaku="8,1,52,1" doraHai="62" who="2" fromWho="0" sc="250,-20,250,0,250,20,250,0" />
</Scene>
<Scene>
<INIT seed="1,0,0,5,4,47" ten="230,250,270,250" oya="1" hai0="86,94,29,116,90,95,102,60,42,98,108,12,99" hai1="16,117,50,78,56,58,107,20,54,125,113,31,124" hai2="39,85,38,48,70,92,63,115,112,55,7,71,114" hai3="93,105,72,83,73,37,121,110,46,67,80,123,104"/><U84/><E117/><V41/><F7/><W4/><G4/><T61/><D116/><U35/><E107/><N who="3" m="41034" /><G67/><T51/><D108/><U32/><E113/><V2/><F2/><W96/><G46/><N who="0" m="26071" /><D29/><U100/><E100/><V8/><F8/><W68/><G68/><N who="2" m="26153" /><F92/><W0/><G0/><T119/><D119/><U87/><E56/><N who="2" m="35231" /><F85/><W18/><G37/><T30/><D30/><U128/><E128/><V36/><F48/><W62/><G18/><T11/><D86/><U103/><E103/><V27/><F27/><W131/><G131/><T24/><D24/><U118/><E118/><V126/><F126/><N who="1" m="48745" /><E31/><V66/><F66/><W129/><G129/><T59/><D59/><U19/><E19/><AGARI ba="0,0" hai="11,12,19,60,61,90,94,95,98,99,102" m="26071" machi="19" ten="30,2000,0" yaku="8,1,52,1" doraHai="47" who="0" fromWho="1" sc="230,20,250,-20,270,0,250,0" />
</Scene>
<Scene>
<INIT seed="2,0,0,3,4,17" ten="250,230,270,250" oya="2" hai0="45,55,121,22,86,37,18,73,106,51,57,76,1" hai1="50,134,20,108,6,72,71,100,10,130,52,79,28" hai2="135,32,115,109,53,47,36,49,2,59,120,15,0" hai3="21,84,66,93,27,54,23,25,60,107,64,123,103"/><V95/><F135/><W33/><G123/><T62/><D121/><U14/><E71/><V83/><F120/><W126/><G107/><T40/><D106/><U38/><E38/><V133/><F133/><W9/><G126/><T42/><D1/><U65/><E134/><V3/><F115/><W81/><G33/><T56/><D73/><U12/><E108/><V88/><F32/><W111/><G111/><T89/><D76/><U113/><E113/><V58/><F109/><W127/><G9/><T63/><D40/><U128/><E65/><N who="3" m="25194" /><G127/><T104/><D104/><U117/><E100/><V34/><F34/><W94/><G54/><T30/><D30/><U118/><E79/><V87/><F36/><W77/><G60/><T85/><D57/><N who="1" m="32919" /><E72/><V46/><F46/><W31/><G103/><T4/><D4/><U68/><E68/><V24/><F24/><W69/><G69/><T44/><D44/><U13/><E28/><AGARI ba="0,0" hai="21,23,25,27,28,31,77,81,84,93,94" m="25194" machi="28" ten="30,3900,0" yaku="8,1,52,2" doraHai="17" who="3" fromWho="1" sc="250,0,230,-39,270,0,250,39" />
</Scene>
<Scene>
<INIT seed="3,0,0,0,2,57" ten="250,191,270,289" oya="3" hai0="113,88,69,119,36,112,67,108,114,74,8,75,34" hai1="87,86,10,32,61,41,84,35,132,59,70,44,85" hai2="49,0,105,104,127,109,33,68,37,76,100,28,19" hai3="52,77,91,26,126,40,46,51,95,45,79,17,9"/><W81/><G126/><T107/><D119/><U82/><E70/><V121/><F109/><W72/><G79/><T18/><D36/><U96/><E132/><V4/><F127/><W13/><G26/><T48/><D34/><U39/><E96/><V135/><F37/><W93/><G91/><T97/><D108/><U50/><E10/><V7/><F135/><W106/><G106/><T38/><D38/><AGARI ba="0,0" hai="9,13,17,38,40,45,46,51,52,72,77,81,93,95" machi="38" ten="30,2900,0" yaku="7,1,54,1" doraHai="57" who="3" fromWho="0" sc="250,-29,191,0,270,0,289,29" owari="221,-18.0,191,-31.0,270,7.0,318,42.0" />
</Scene>
</mjloggm>