<mjloggm ver="2.3"><GO type="97"/><UN n0="%E6%9D%BE%E9%BB%92%E5%AF%8C" n1="%4B%73%77%69%73%73%73" n2="%E5%A4%AA%E3%81%8F%E3%81%AA%E3%81%84%E3%81%8A" n3="%49%53%53%4F%4E%32" dan="14,15,15,15" rate="1853,1937,2055,1962" sx="M,M,M,M"/><TAIKYOKU oya="0"/>

<Scene>
<INIT seed="0,0,0,1,5,87" ten="250,250,250,250" oya="0" hai0="72,125,52,75,113,109,61,48,86,68,34,43,30" hai1="99,117,102,58,5,12,44,120,3,7,16,79,2" hai2="90,31,8,53,83,131,38,65,71,4,112,96,121" hai3="39,119,103,64,98,56,37,23,50,69,29,123,62"/><T32/><D125/><U100/><E117/><V95/><F112/><W91/><G119/><T20/><D113/><U118/><E120/><V73/><F121/><W108/><G123/><T110/><D43/><U49/><E118/><V101/><F38/><W15/><G108/><N who="0" m="41579" /><D68/><U78/><E3/><V19/><F131/><W47/><G69/><T70/><D70/><U14/><E58/><V41/><F41/><W88/><G39/><T57/><D61/><U40/><E12/><V17/><F31/><W60/><G37/><T21/><D86/><U128/><E2/><V1/><F53/><W74/><G62/><T46/><D57/><U107/><E128/><V89/><F71/><W10/><G74/><N who="0" m="28203" /><D30/><U76/><REACH who="1" step="1"/><E102/><REACH who="1" ten="250,240,250,250" step="2"/><V105/><F101/><W122/><G122/><T93/><D93/><U0/><E0/><V6/><F1/><W129/><G129/><T85/><D85/><U106/><E106/><V18/><F105/><W26/><G47/><T104/><D104/><U94/><E94/><V132/><F73/><W45/><G45/><T81/><D81/><U25/><E25/><V63/><F83/><W67/><G67/><T24/><D24/><U36/><E36/><V9/><F65/><W66/><G66/><T77/><D77/><U111/><E111/><V126/><F95/><N who="3" m="58847" /><G50/><T54/><D54/><U51/><E51/><V135/><F63/><W11/><G15/><T116/><D116/><U27/><E27/><V115/><F115/><W114/><G114/><T130/><D130/><U82/><E82/><V59/><F59/><W124/><G124/><T42/><D42/><RYUUKYOKU ba="0,1" sc="250,10,240,10,250,-30,250,10" hai0="20,21,32,34,46,48,52" hai1="5,7,14,16,40,44,49,76,78,79,99,100,107" hai3="10,11,23,26,29,56,60,64,88,91" />
</Scene>
<Scene>
<INIT seed="0,1,1,4,5,60" ten="260,250,220,260" oya="0" hai0="109,48,116,50,89,42,36,47,14,95,108,51,8" hai1="127,45,66,117,76,9,119,80,16,121,6,58,24" hai2="33,37,114,40,92,87,83,31,123,74,115,21,26" hai3="99,85,0,67,98,59,124,20,105,53,126,134,25"/><T106/><D106/><U4/><E121/><V110/><F123/><W11/><G105/><T131/><D116/><U44/><E127/><N who="3" m="48682" /><G134/><T88/><D131/><U113/><E113/><V18/><F110/><N who="0" m="42602" /><D95/><U81/><E119/><V63/><F74/><W90/><G11/><T102/><D102/><U27/><E117/><V19/><F92/><N who="3" m="54351" /><G0/><T118/><D118/><U30/><E30/><V111/><F111/><W73/><G73/><T112/><D112/><U84/><E81/><V70/><F115/><W3/><G3/><T71/><D71/><U86/><E86/><V122/><F122/><W68/><G68/><T2/><D2/><U17/><E6/><AGARI ba="1,1" hai="6,8,14,36,42,47,48,50,51,88,89" m="42602" machi="6" ten="30,5800,0" yaku="14,1,10,1,54,1" doraHai="60" who="0" fromWho="1" sc="260,71,250,-61,220,0,260,0" />
</Scene>
<Scene>
<INIT seed="0,2,0,3,0,35" ten="331,189,220,260" oya="0" hai0="12,42,116,22,87,64,29,26,8,41,135,82,27" hai1="19,11,120,66,45,96,31,17,101,54,57,23,73" hai2="124,99,62,83,95,16,131,103,112,2,128,123,71" hai3="56,6,117,63,69,33,118,46,20,122,75,0,114"/><T92/><D116/><U13/><E120/><V51/><F123/><W81/><G20/><T36/><D135/><U130/><E73/><V88/><F112/><W10/><G56/><T34/><D36/><U85/><E130/><N who="2" m="49707" /><F124/><W61/><G61/><T68/><D68/><U60/><E85/><N who="2" m="50239" /><F51/><W49/><G49/><T5/><D64/><U100/><E31/><V44/><F44/><W80/><G81/><T52/><D92/><U37/><E96/><V110/><F110/><W74/><G114/><T107/><D107/><U65/><E37/><V132/><F132/><W86/><G122/><T48/><D34/><U93/><E93/><V134/><F134/><W127/><G127/><T84/><D27/><U125/><E125/><V40/><F40/><W38/><G86/><N who="0" m="32811" /><D82/><U4/><E19/><V121/><F16/><W14/><G117/><T89/><D89/><U39/><E39/><V15/><F121/><W55/><G118/><T79/><D79/><U126/><E126/><V70/><F70/><W94/><G69/><T97/><D97/><U25/><REACH who="1" step="1"/><E45/><AGARI ba="2,0" hai="5,8,12,22,26,29,41,42,45,48,52" m="32811" machi="45" ten="30,2900,0" yaku="8,1,54,1" doraHai="35" who="0" fromWho="1" sc="331,35,189,-35,220,0,260,0" />
</Scene>
<Scene>
<INIT seed="0,3,0,5,5,91" ten="366,154,220,260" oya="0" hai0="80,29,42,120,87,26,93,100,65,135,53,22,134" hai1="116,64,61,128,5,27,4,1,122,16,39,48,2" hai2="13,95,92,9,31,98,84,18,117,69,24,52,123" hai3="119,89,40,50,37,6,133,55,88,126,99,83,20"/><T3/><D120/><U94/><E122/><V21/><F69/><W81/><G119/><T108/><D3/><U102/><E116/><V112/><F117/><W41/><G37/><T8/><D42/><U49/><E39/><V96/><F123/><W14/><G133/><N who="0" m="50699" /><D8/><U11/><E128/><V33/><F112/><W103/><G126/><T46/><D65/><U124/><E124/><V58/><F33/><W32/><G32/><T74/><D74/><U105/><E105/><V129/><F129/><W121/><G121/><T71/><D71/><U125/><E125/><V72/><F72/><W7/><G55/><T85/><D108/><U63/><E2/><V73/><F73/><W114/><G114/><T109/><D109/><U118/><E118/><V79/><F79/><W82/><G20/><T111/><D111/><U15/><E27/><V131/><F131/><W59/><G41/><T19/><D29/><U62/><E64/><V34/><F34/><W0/><G0/><T77/><D100/><U47/><E1/><V75/><F75/><W104/><G40/><T76/><D76/><U132/><E132/><V127/><F127/><W66/><G66/><T36/><D36/><U51/><E47/><V106/><F31/><W17/><G103/><T115/><D115/><U56/><E56/><V70/><F58/><W30/><G30/><T130/><D130/><U43/><E43/><V25/><F70/><W28/><G28/><T67/><D67/><U86/><E102/><V23/><F52/><W44/><G104/><T110/><D110/><U12/><E12/><V107/><F13/><RYUUKYOKU ba="3,0" sc="366,-10,154,30,220,-10,260,-10" hai1="4,5,11,15,16,48,49,51,61,62,63,86,94" />
</Scene>
<Scene>
<INIT seed="1,4,0,2,0,128" ten="356,184,210,250" oya="1" hai0="121,77,59,0,9,131,2,97,103,96,44,71,61" hai1="112,125,33,85,113,130,68,43,110,79,107,88,66" hai2="102,30,52,17,27,29,124,81,134,55,126,114,47" hai3="32,63,22,98,89,34,122,74,60,11,73,64,15"/><U58/><E33/><V21/><F114/><W75/><G122/><T14/><D131/><U18/><E107/><V78/><F102/><W65/><G22/><T70/><D121/><U13/><E130/><V99/><F99/><W46/><G46/><T37/><D77/><U76/><E68/><V19/><F30/><W123/><G123/><T26/><D26/><U56/><E125/><N who="2" m="48235" /><F134/><W53/><G53/><N who="2" m="20553" /><F47/><W41/><G41/><T90/><D70/><U100/><E100/><V119/><F119/><W95/><G63/><T57/><D71/><U24/><E110/><V42/><F42/><W8/><G60/><T28/><D28/><U20/><E113/><V118/><F118/><W1/><G1/><T16/><D2/><U62/><E112/><V10/><F10/><W31/><G31/><T86/><D0/><U127/><E127/><V91/><F91/><W7/><REACH who="3" step="1"/><G8/><REACH who="3" ten="356,184,210,240" step="2"/><T87/><D44/><U108/><E43/><V93/><F29/><W45/><G45/><T133/><D61/><N who="1" m="38183" /><E108/><V25/><F21/><W101/><G101/><T83/><D103/><U94/><E24/><V49/><F27/><W23/><G23/><T84/><D9/><U54/><AGARI ba="4,1" hai="13,18,20,54,58,62,76,79,85,88,94" m="38183" machi="54" ten="30,3000,0" yaku="8,1,54,1" doraHai="128" who="1" fromWho="1" sc="356,-14,184,52,210,-14,240,-14" />
</Scene>
<Scene>
<INIT seed="1,5,0,1,3,22" ten="342,236,196,226" oya="1" hai0="86,8,55,128,118,9,48,18,35,100,13,87,7" hai1="130,81,49,84,106,126,43,4,40,112,117,65,94" hai2="16,58,61,127,34,26,52,131,88,29,108,83,14" hai3="56,85,2,75,46,53,95,110,23,74,54,82,72"/><U111/><E117/><V122/><F122/><W42/><G2/><T134/><D128/><U109/><E112/><V107/><F107/><W31/><G95/><T27/><D134/><U89/><E106/><V92/><F131/><W102/><G102/><T78/><D118/><U73/><E130/><V19/><F108/><W10/><G110/><T119/><D119/><U71/><E126/><V51/><F127/><W62/><G10/><T11/><D100/><U90/><E4/><V98/><F83/><W28/><G54/><T123/><D123/><U70/><E49/><V32/><F32/><W116/><G116/><T124/><D124/><U12/><E71/><V125/><F125/><W5/><G5/><T63/><D63/><U129/><E12/><V66/><F14/><W47/><G47/><AGARI ba="5,0" hai="16,19,26,29,34,47,51,52,58,61,66,88,92,98" machi="47" ten="30,8000,1" yaku="7,1,52,1,54,3" doraHai="22" who="2" fromWho="3" sc="342,0,236,0,196,95,226,-95" />
</Scene>
<Scene>
<INIT seed="2,0,0,0,5,4" ten="342,236,291,131" oya="2" hai0="41,12,0,1,40,69,74,32,45,39,128,48,119" hai1="84,62,21,124,10,131,110,103,27,7,85,78,132" hai2="125,133,26,67,123,93,94,66,95,121,25,53,91" hai3="8,57,116,19,108,134,11,98,9,106,44,100,47"/><V63/><F133/><W99/><G116/><T24/><D74/><U52/><E110/><V109/><F125/><W13/><G108/><T54/><D128/><U115/><E131/><V2/><F2/><W20/><G134/><T113/><D119/><U107/><E132/><V60/><F109/><W56/><G99/><T5/><D113/><U92/><E107/><V31/><F91/><W104/><G106/><T17/><D69/><U81/><E115/><V58/><F53/><W22/><G22/><T51/><D5/><U89/><E103/><V36/><F36/><W101/><G101/><T64/><D64/><U43/><E43/><V49/><F49/><W72/><G72/><T126/><D126/><U120/><E120/><V105/><F105/><W34/><G34/><T73/><D73/><U79/><E79/><V50/><F50/><W122/><G122/><T111/><D111/><U61/><E124/><V65/><F25/><W55/><REACH who="3" step="1"/><G57/><REACH who="3" ten="342,236,291,121" step="2"/><T14/><D39/><U38/><E38/><V16/><F58/><W118/><G118/><T3/><D32/><U29/><REACH who="1" step="1"/><E52/><REACH who="1" ten="342,226,291,121" step="2"/><V102/><F102/><W28/><G28/><T88/><D41/><U46/><E46/><V18/><F123/><W82/><G82/><T83/><D83/><U6/><E6/><V23/><F121/><W80/><G80/><T42/><D40/><U33/><E33/><V86/><F86/><W35/><G35/><T90/><D42/><U127/><E127/><V71/><F71/><W135/><G135/><T15/><D45/><U37/><E37/><V96/><F96/><W59/><G59/><RYUUKYOKU ba="0,2" sc="342,-30,226,10,291,10,121,10" hai1="7,10,21,27,29,61,62,78,81,84,85,89,92" hai2="16,18,23,26,31,60,63,65,66,67,93,94,95" hai3="8,9,11,13,19,20,44,47,55,56,98,100,104" />
</Scene>
<Scene>
<INIT seed="2,1,2,4,1,38" ten="312,236,301,131" oya="2" hai0="126,104,9,3,133,18,75,52,32,12,76,59,28" hai1="57,65,123,94,56,47,63,64,92,11,30,93,1" hai2="81,67,53,14,62,51,111,17,66,71,16,37,101" hai3="127,114,79,46,34,135,60,103,50,121,108,130,129"/><V113/><F113/><W41/><G34/><T58/><D133/><U96/><E123/><V72/><F37/><W54/><G103/><T25/><D126/><U36/><E30/><V83/><F67/><W91/><G79/><T21/><D104/><U5/><E64/><V78/><F111/><W77/><G91/><T40/><D76/><U26/><E26/><V23/><F101/><W13/><G77/><T124/><D75/><U128/><E128/><N who="3" m="49258" /><G13/><T69/><D69/><U99/><REACH who="1" step="1"/><E57/><REACH who="1" ten="312,226,301,131" step="2"/><V22/><F72/><W31/><G31/><T19/><D124/><U10/><E10/><V107/><F78/><W102/><G127/><T125/><D125/><U110/><E110/><V112/><F112/><W88/><G108/><T87/><D59/><U55/><E55/><V105/><F105/><W35/><G114/><T98/><D58/><U119/><E119/><V45/><F107/><W109/><G121/><T116/><D52/><U117/><E117/><V80/><F80/><W90/><G109/><T8/><D116/><U15/><E15/><AGARI ba="1,3" hai="14,15,16,17,22,23,45,51,53,62,66,71,81,83" machi="15" ten="30,5800,0" yaku="7,1,9,1,54,1" doraHai="38" who="2" fromWho="1" sc="312,0,226,-61,301,91,131,0" />
</Scene>
<Scene>
<INIT seed="2,2,0,2,2,46" ten="312,165,392,131" oya="2" hai0="65,117,113,47,56,84,24,120,91,90,123,2,3" hai1="17,82,70,95,66,27,39,25,107,134,53,13,55" hai2="103,133,57,80,33,93,4,36,63,132,31,77,72" hai3="34,45,59,101,79,44,88,32,89,37,21,118,131"/><V81/><F36/><W74/><G118/><T58/><D113/><U50/><E134/><N who="2" m="51819" /><F4/><W109/><G101/><T125/><D47/><U67/><E107/><V48/><F48/><W60/><G74/><T0/><D24/><N who="1" m="9291" /><E39/><V28/><F33/><W92/><G79/><T19/><D65/><N who="1" m="24587" /><E70/><V86/><F93/><W97/><G32/><T29/><D19/><U108/><E108/><V94/><F94/><W40/><G109/><T112/><D84/><U38/><E38/><V129/><F103/><W98/><G131/><T71/><D112/><U130/><E130/><V49/><F49/><W110/><G34/><T1/><D71/><U111/><E95/><V114/><F114/><W83/><G110/><T52/><N who="0" m="512" /><DORA hai="9" /><T116/><D29/><U122/><E122/><N who="0" m="46633" /><D52/><N who="1" m="20043" /><E111/><V69/><F69/><W135/><G135/><T64/><D64/><U126/><E126/><V30/><F129/><W18/><G45/><T104/><D125/><U87/><E50/><V16/><F31/><W42/><G44/><T105/><D104/><U102/><E102/><V54/><F30/><W22/><G37/><T99/><D105/><U12/><E17/><V68/><F16/><W121/><G18/><T75/><D75/><U11/><E11/><V127/><F28/><W26/><G121/><T128/><D99/><U106/><E106/><V23/><F127/><W43/><G98/><T15/><D128/><U115/><E115/><V100/><F68/><W76/><G97/><T6/><D6/><U73/><E73/><V124/><F124/><W119/><G26/><T20/><D117/><U62/><E62/><RYUUKYOKU ba="2,0" sc="312,-10,165,30,392,-10,131,-10" hai1="12,13,82,87" />
</Scene>
<Scene>
<INIT seed="3,3,0,2,4,10" ten="302,195,382,121" oya="3" hai0="125,63,28,30,18,99,123,115,72,31,97,33,23" hai1="109,111,107,82,94,60,119,114,58,81,48,20,17" hai2="134,102,22,53,124,67,133,77,62,108,8,116,36" hai3="32,74,118,68,88,25,47,91,110,12,89,122,92"/><W46/><G68/><T5/><D72/><U103/><E114/><V9/><F116/><W34/><G118/><T54/><D123/><U37/><E119/><V52/><F36/><W11/><G122/><T66/><D125/><U51/><E37/><V85/><F124/><W49/><G74/><T101/><D115/><U13/><E107/><V14/><F102/><W19/><G47/><T29/><N who="0" m="7680" /><DORA hai="104" /><T41/><D33/><U2/><E2/><V7/><F108/><N who="1" m="41545" /><E94/><V98/><F98/><W21/><G110/><T93/><D5/><U38/><E38/><V132/><F22/><W96/><G34/><T73/><D99/><U4/><E4/><N who="2" m="3335" /><F85/><W83/><G32/><T126/><D73/><U69/><E69/><N who="2" m="42231" /><F77/><W105/><G105/><T6/><D126/><U35/><E103/><V78/><F78/><W26/><G83/><N who="1" m="31754" /><E35/><V90/><F90/><N who="3" m="55319" /><G21/><T127/><D6/><U65/><AGARI ba="3,0" hai="13,17,20,48,51,58,60,65" m="31754,41545" machi="65" ten="30,2000,0" yaku="14,1,52,1" doraHai="10,104" who="1" fromWho="1" sc="302,-8,195,29,382,-8,121,-13" owari="294,9.0,224,-18.0,374,48.0,108,-39.0" />
</Scene>
</mjloggm>