<mjloggm ver="2.3"><GO type="97"/><UN n0="%E5%A4%AA%E3%81%8F%E3%81%AA%E3%81%84%E3%81%8A" n1="%E7%A7%91%E5%AD%A6%E3%81%97%E3%81%AA%E3%81%84%E9%BA%BB%E9%9B%80" n2="%3B" n3="%E7%A6%BF%E3%81%92%E3%81%A1%E3%82%83%E3%82%93%E5%A4%AA%E9%83%8E" dan="13,14,14,14" rate="1958,1899,1912,1944" sx="M,F,M,M"/><TAIKYOKU oya="0"/>

<Scene>
<INIT seed="0,0,0,1,1,61" ten="250,250,250,250" oya="0" hai0="125,11,77,118,55,107,102,116,83,103,14,10,2" hai1="131,33,15,97,24,120,87,47,82,108,37,126,62" hai2="69,26,58,7,72,129,50,95,25,133,18,135,73" hai3="106,52,23,115,20,49,130,67,0,124,28,99,17"/><T76/><D125/><U112/><E126/><V48/><F69/><W16/><G115/><T1/><D55/><U122/><E131/><V35/><F95/><W86/><G130/><T123/><D123/><U80/><E108/><V81/><F129/><W53/><G0/><T65/><D107/><U43/><E112/><V68/><F68/><W41/><G124/><T8/><D14/><U36/><E36/><V45/><F58/><W119/><G119/><T93/><D93/><U30/><E82/><V134/><F18/><W19/><G28/><T59/><D59/><U12/><E97/><V29/><F7/><W38/><G38/><T51/><D51/><U104/><E104/><V121/><F121/><W57/><G41/><T64/><D10/><U9/><E62/><V105/><F105/><W32/><G32/><T117/><D117/><U40/><E40/><V6/><F6/><W127/><G127/><T91/><D83/><U5/><REACH who="1" step="1"/><E15/><REACH who="1" ten="250,240,250,250" step="2"/><V31/><F81/><W101/><G86/><T90/><AGARI ba="0,1" hai="1,2,8,11,64,65,76,77,90,91,102,103,116,118" machi="90" ten="25,12000,1" yaku="0,1,22,2,52,2" doraHai="61" who="0" fromWho="0" sc="250,130,240,-40,250,-40,250,-40" />
</Scene>
<Scene>
<INIT seed="0,1,0,3,0,31" ten="380,200,210,210" oya="0" hai0="101,118,37,36,14,45,112,72,71,30,9,132,106" hai1="3,38,99,49,12,44,48,26,129,56,133,135,39" hai2="42,93,127,90,76,122,47,130,104,131,58,63,78" hai3="11,62,50,4,33,110,15,117,51,23,8,116,109"/><T83/><D118/><N who="3" m="45673" /><G62/><T2/><D112/><U69/><E69/><V79/><F122/><W61/><G61/><T125/><D71/><U81/><E3/><V57/><F104/><W73/><G73/><T87/><D2/><U59/><E129/><V113/><F113/><W134/><G51/><T32/><D72/><U68/><E68/><V20/><F127/><W100/><G50/><T25/><D125/><U55/><E59/><V91/><F20/><W92/><G92/><T21/><D21/><U119/><E119/><V0/><F0/><N who="3" m="7" /><G100/><T29/><D29/><U121/><E121/><V105/><F105/><W52/><G52/><T123/><D123/><U53/><E26/><V54/><F58/><W34/><G23/><T103/><D103/><U22/><E81/><V108/><F108/><N who="3" m="41579" /><G134/><N who="1" m="51210" /><E99/><V64/><F64/><W19/><AGARI ba="1,0" hai="11,15,19,33,34" m="41579,7,45673" machi="19" ten="30,8000,1" yaku="14,1,34,2,52,2" doraHai="31" who="3" fromWho="3" sc="380,-41,200,-21,210,-21,210,83" />
</Scene>
<Scene>
<INIT seed="1,0,0,1,2,125" ten="339,179,189,293" oya="1" hai0="132,82,112,43,133,83,96,57,101,114,93,15,36" hai1="45,98,17,39,134,90,33,44,86,19,113,67,50" hai2="14,8,95,60,118,30,7,56,27,18,87,65,99" hai3="31,12,120,20,16,130,28,35,105,111,74,66,11"/><U6/><E113/><N who="0" m="43625" /><D15/><U115/><E115/><V84/><F7/><W25/><G120/><T110/><D57/><U71/><E33/><V103/><REACH who="2" step="1"/><F118/><REACH who="2" ten="339,179,179,293" step="2"/><W76/><G130/><T85/><D133/><U34/><E6/><V48/><F48/><W0/><G111/><T72/><D132/><U54/><E134/><V128/><F128/><W59/><G105/><T47/><D110/><U13/><E34/><AGARI ba="0,1" hai="8,14,18,27,30,34,56,60,65,84,87,95,99,103" machi="34" ten="30,2000,0" yaku="1,1,7,1,53,0" doraHai="125" doraHaiUra="37" who="2" fromWho="1" sc="339,0,179,-20,179,30,293,0" />
</Scene>
<Scene>
<INIT seed="2,0,0,3,1,6" ten="339,159,209,293" oya="2" hai0="73,36,85,83,112,24,82,12,103,33,88,22,114" hai1="10,56,51,70,38,54,42,122,134,95,23,69,99" hai2="47,9,125,13,74,8,132,102,1,30,61,105,120" hai3="31,117,71,94,34,46,101,62,43,129,86,32,58"/><V106/><F120/><W39/><G117/><T50/><D36/><U116/><E116/><V104/><F132/><W123/><G123/><T29/><D103/><U2/><E122/><V97/><F125/><W76/><G129/><T4/><D50/><U41/><E134/><V126/><F126/><W57/><G31/><T21/><D33/><U109/><E109/><V91/><F74/><W75/><G75/><T93/><D82/><U89/><E23/><V66/><F30/><W98/><G71/><T19/><D4/><U14/><E2/><V59/><F91/><W17/><G58/><T111/><D111/><U18/><REACH who="1" step="1"/><E38/><REACH who="1" ten="339,149,209,293" step="2"/><V48/><F1/><W60/><G39/><T68/><D22/><U25/><E25/><V135/><F135/><W20/><G34/><T27/><D27/><U26/><E26/><V64/><F64/><W37/><G32/><T7/><D24/><U127/><E127/><V49/><F49/><W52/><G37/><T90/><D21/><U118/><E118/><V53/><REACH who="2" step="1"/><F9/><REACH who="2" ten="339,149,199,293" step="2"/><W108/><G101/><T67/><D67/><U15/><E15/><V107/><F107/><W92/><G108/><T133/><D12/><U100/><E100/><V63/><F63/><W87/><G60/><T121/><D133/><U16/><E16/><AGARI ba="0,2" hai="8,13,16,47,48,53,59,61,66,97,102,104,105,106" machi="16" ten="30,11600,0" yaku="1,1,7,1,52,1,54,1,53,0" doraHai="6" doraHaiUra="131" who="2" fromWho="1" sc="339,0,149,-116,199,136,293,0" />
</Scene>
<Scene>
<INIT seed="2,1,0,1,4,119" ten="339,33,335,293" oya="2" hai0="0,80,37,111,54,93,48,127,106,47,39,6,75" hai1="134,40,103,85,19,98,30,42,83,78,126,56,13" hai2="61,105,4,109,15,77,132,125,84,45,128,70,116" hai3="131,24,97,58,81,44,101,51,46,92,12,35,113"/><V55/><F116/><W86/><G113/><T25/><D106/><U95/><E126/><V114/><F114/><W67/><G131/><T69/><D69/><U133/><E30/><V52/><F105/><W74/><G74/><T96/><D127/><U50/><E133/><V22/><F125/><W76/><G35/><T33/><D111/><U102/><E134/><V135/><F128/><W53/><G24/><T66/><D66/><U36/><E36/><V88/><F77/><W2/><G2/><T104/><D104/><U7/><E7/><V14/><F109/><W108/><G108/><T65/><D65/><U100/><E40/><V16/><F70/><W34/><G34/><T112/><D112/><U99/><E99/><V31/><F31/><W63/><REACH who="3" step="1"/><G12/><REACH who="3" ten="339,33,335,283" step="2"/><T5/><D25/><U8/><REACH who="1" step="1"/><E56/><AGARI ba="1,1" hai="44,46,51,53,56,58,63,67,76,81,86,92,97,101" machi="56" ten="30,8000,1" yaku="1,1,2,1,7,1,8,1,53,1" doraHai="119" doraHaiUra="79" who="3" fromWho="1" sc="339,0,33,-83,335,0,283,93" owari="339,14.0,-50,-55.0,335,-6.0,376,47.0" />
</Scene>
</mjloggm>