<mjloggm ver="2.3"><GO type="41"/><UN n0="%EF%BD%8F%EF%BD%92%EF%BD%89%EF%BD%82%EF%BD%85" n1="%4B%55%52%41%54%41" n2="%E5%A4%AA%E3%81%8F%E3%81%AA%E3%81%84%E3%81%8A" n3="%E3%81%9F%E3%81%8B%E2%98%86" dan="15,14,14,13" rate="1939,1918,1991,1804" sx="M,M,M,M"/><TAIKYOKU oya="0"/>

<Scene>
<INIT seed="0,0,0,0,0,113" ten="250,250,250,250" oya="0" hai0="51,90,107,112,71,75,99,135,66,33,61,21,77" hai1="103,0,81,127,116,7,93,106,50,9,54,130,16" hai2="100,115,40,39,32,52,67,101,13,5,19,49,86" hai3="109,2,117,44,14,26,95,89,22,41,38,55,108"/><T125/><D112/><U83/><E106/><V23/><F115/><W124/><G2/><T56/><D33/><U25/><E130/><V65/><F32/><W120/><G120/><T17/><D135/><U72/><E127/><V134/><F134/><W59/><G124/><T24/><D125/><U64/><E64/><N who="2" m="24651" /><F39/><W68/><G68/><T35/><D35/><U3/><E3/><V110/><F110/><W62/><G14/><T1/><D1/><U10/><E72/><V63/><F5/><W11/><G11/><T48/><D71/><U92/><E92/><V98/><F98/><W102/><G102/><N who="2" m="39529" /><F86/><W105/><G105/><T53/><D107/><U88/><E103/><V128/><F128/><W28/><G109/><T73/><D73/><U57/><E9/><V131/><F131/><W114/><G114/><T43/><D75/><U42/><E42/><V91/><F91/><W15/><G15/><T78/><D99/><U58/><E83/><V27/><F40/><W133/><G133/><T82/><D90/><U79/><E81/><V80/><F80/><W20/><G20/><T76/><D82/><U104/><E79/><V18/><F63/><W34/><G34/><T121/><D121/><U119/><E104/><V87/><F87/><W132/><G132/><T29/><D43/><U74/><E74/><V30/><F13/><W6/><G6/><T4/><D4/><U111/><E111/><V46/><AGARI ba="0,0" hai="18,19,23,27,30,46,49,52" m="39529,24651" machi="46" ten="30,2000,0" yaku="8,1,54,1" doraHai="113" who="2" fromWho="2" sc="250,-10,250,-5,250,20,250,-5" />
</Scene>
<Scene>
<INIT seed="1,0,0,0,5,83" ten="240,245,270,245" oya="1" hai0="88,22,2,21,26,59,54,45,39,15,18,49,12" hai1="131,99,119,115,64,67,105,68,75,23,19,43,33" hai2="93,81,120,29,90,126,102,65,103,24,42,53,38" hai3="10,101,17,116,117,79,114,82,70,118,47,14,58"/><U60/><E119/><V44/><F120/><W16/><G70/><T77/><D2/><U1/><E115/><V9/><F126/><W8/><G114/><T80/><D39/><U32/><E1/><V125/><F125/><W31/><G31/><T94/><D45/><U128/><E75/><V134/><F134/><W30/><G30/><T28/><D80/><U107/><E43/><V87/><F65/><W6/><G101/><T132/><D77/><U20/><E99/><V50/><F9/><W46/><G58/><T25/><REACH who="0" step="1"/><D132/><REACH who="0" ten="230,245,270,245" step="2"/><U41/><E41/><V13/><F81/><W73/><REACH who="3" step="1"/><G17/><REACH who="3" ten="230,245,270,235" step="2"/><T124/><D124/><U63/><E19/><V135/><F135/><W66/><G66/><T52/><D52/><U96/><E96/><AGARI ba="0,2" hai="12,15,18,21,22,25,26,28,49,54,59,88,94,96" machi="96" ten="30,7700,0" yaku="1,1,7,1,8,1,54,1,53,0" doraHai="83" doraHaiUra="76" who="0" fromWho="1" sc="230,97,245,-77,270,0,235,0" />
</Scene>
<Scene>
<INIT seed="2,0,0,3,5,90" ten="327,168,270,235" oya="2" hai0="19,116,5,20,101,63,68,87,34,118,15,38,86" hai1="107,130,28,47,58,32,128,37,62,11,14,1,26" hai2="61,76,35,60,69,77,16,44,73,59,23,113,92" hai3="79,89,29,66,70,85,94,54,39,18,98,114,71"/><V111/><F113/><W50/><G39/><T4/><D38/><U84/><E107/><V103/><F35/><W40/><G40/><T21/><D34/><U93/><E1/><V109/><F44/><W42/><G42/><T17/><D101/><U53/><E37/><V52/><F69/><W126/><G126/><T81/><D68/><U75/><E75/><V25/><F61/><W33/><G66/><T57/><D118/><U106/><E106/><V82/><REACH who="2" step="1"/><F77/><REACH who="2" ten="327,168,260,235" step="2"/><W110/><G114/><T104/><D116/><U8/><E47/><V2/><F2/><W30/><G33/><T133/><D63/><U67/><E130/><V13/><F13/><W22/><G71/><T48/><D15/><U99/><E128/><V115/><F115/><W124/><G70/><T97/><D57/><U51/><E14/><V6/><F6/><W123/><G123/><T80/><D5/><U134/><E134/><V12/><F12/><W120/><G120/><T3/><D133/><U105/><E62/><V10/><F10/><W64/><G124/><T41/><D4/><U96/><E67/><V24/><F24/><W72/><G64/><T95/><D3/><U108/><E11/><V27/><F27/><W119/><G119/><T65/><D65/><U78/><E8/><V132/><F132/><W49/><G79/><T117/><D117/><U74/><E78/><V127/><F127/><W46/><G46/><T36/><D20/><U91/><E32/><V100/><F100/><W122/><G122/><T0/><D21/><U31/><E26/><V135/><F135/><W56/><G22/><RYUUKYOKU ba="0,1" sc="327,-10,168,-10,260,30,235,-10" hai2="16,23,25,52,59,60,73,76,82,92,103,109,111" />
</Scene>
<Scene>
<INIT seed="2,1,1,4,5,24" ten="317,158,290,225" oya="2" hai0="10,98,128,73,7,5,22,75,50,11,85,93,38" hai1="33,35,122,99,95,29,131,64,23,87,55,31,21" hai2="43,58,25,82,104,66,45,130,39,101,44,3,77" hai3="70,114,8,123,30,92,2,84,113,134,13,12,56"/><V124/><F3/><W59/><G123/><T97/><D38/><U53/><E64/><V42/><F124/><W117/><G70/><T79/><D128/><U26/><E87/><V76/><F130/><W81/><G117/><T112/><D112/><N who="3" m="43113" /><G134/><T108/><D108/><U41/><E131/><V91/><F104/><W90/><G2/><T135/><D50/><U34/><E41/><V80/><F101/><W61/><G56/><T78/><D85/><U6/><E6/><V51/><F25/><W102/><G102/><T105/><D93/><U54/><E122/><V0/><F0/><W127/><G127/><T14/><D22/><U100/><REACH who="1" step="1"/><E26/><REACH who="1" ten="317,148,290,225" step="2"/><V15/><F66/><W103/><G84/><T83/><D135/><U4/><E4/><V27/><F27/><W126/><G81/><T20/><D83/><U49/><E49/><V94/><F82/><W121/><G126/><T119/><D7/><U60/><E60/><V72/><F77/><W32/><G121/><T63/><D5/><U116/><E116/><V48/><F58/><W65/><G61/><T89/><D78/><U120/><E120/><V88/><F51/><W96/><G59/><T52/><D79/><U40/><E40/><V133/><F133/><W16/><G65/><T107/><D63/><U17/><E17/><V36/><F48/><W37/><G37/><T129/><D129/><U46/><E46/><V57/><F57/><W68/><G68/><T62/><D62/><U67/><E67/><V106/><F39/><W125/><G125/><T110/><D119/><U71/><E71/><V28/><F36/><RYUUKYOKU ba="1,2" sc="317,-10,148,30,290,-10,225,-10" hai1="21,23,29,31,33,34,35,53,54,55,95,99,100" />
</Scene>
<Scene>
<INIT seed="3,2,2,5,5,60" ten="307,178,280,215" oya="3" hai0="108,121,92,45,59,120,50,107,130,56,94,67,110" hai1="55,133,23,113,79,91,5,109,26,96,57,89,115" hai2="100,132,51,44,53,8,72,33,82,35,118,64,3" hai3="106,54,2,80,65,10,87,16,62,88,20,128,36"/><W0/><G36/><T134/><D134/><U7/><E133/><V93/><F132/><W74/><G106/><T28/><D107/><U124/><E79/><V83/><F118/><W111/><G128/><T103/><D130/><U86/><E124/><V34/><F72/><W31/><G111/><N who="0" m="42539" /><D28/><U71/><E71/><V47/><F47/><W38/><G38/><T123/><D67/><U17/><E109/><V81/><F64/><W11/><G31/><T41/><D103/><U14/><E113/><V52/><F53/><W6/><G74/><T22/><D22/><U18/><E115/><V4/><F100/><W46/><G46/><T30/><D30/><U129/><E129/><V85/><REACH who="2" step="1"/><F93/><AGARI ba="2,2" hai="41,45,50,56,59,92,93,94,120,121,123" m="42539" machi="93" ten="40,1300,0" yaku="14,1" doraHai="60" who="0" fromWho="2" sc="307,39,178,0,280,-19,215,0" />
</Scene>
<Scene>
<INIT seed="4,0,0,0,0,67" ten="346,178,261,215" oya="0" hai0="19,128,72,18,30,62,93,84,111,34,77,52,50" hai1="112,92,43,44,36,27,134,108,33,28,69,130,31" hai2="60,55,2,15,103,100,47,24,3,49,73,37,48" hai3="20,11,129,74,118,116,133,57,119,76,99,70,41"/><T23/><D128/><U81/><E28/><V120/><F120/><W85/><G74/><T64/><D72/><U8/><E8/><V106/><F73/><W22/><G133/><T109/><D34/><U105/><E92/><V126/><F126/><W89/><G76/><T122/><D122/><U14/><E14/><V56/><F24/><W117/><G99/><T7/><D7/><U45/><E45/><V114/><F114/><W13/><G129/><T29/><D19/><U87/><E130/><V16/><F37/><W51/><G70/><N who="0" m="42263" /><D77/><U75/><E134/><V83/><F83/><W95/><N who="3" m="30208" /><DORA hai="17" /><W110/><G110/><N who="0" m="41995" /><D84/><U5/><E5/><V79/><F79/><W123/><G123/><T65/><D65/><U97/><E112/><V40/><F60/><W25/><G25/><N who="0" m="14583" /><D93/><U35/><E108/><V98/><F98/><W124/><G124/><T80/><D80/><U39/><E35/><V91/><F3/><W6/><REACH who="3" step="1"/><G57/><AGARI ba="0,0" hai="29,30,50,52,57" m="14583,41995,42263" machi="57" ten="30,11600,0" yaku="10,1,52,2,54,1" doraHai="67,17" who="0" fromWho="3" sc="346,116,178,0,261,0,215,-116" />
</Scene>
<Scene>
<INIT seed="4,1,0,4,1,80" ten="462,178,261,99" oya="0" hai0="65,56,39,67,22,58,2,35,33,122,125,13,31" hai1="87,64,3,16,46,45,77,88,82,14,94,110,7" hai2="128,41,63,85,48,26,102,12,18,91,24,118,8" hai3="15,73,29,25,131,53,127,75,69,11,72,130,92"/><T5/><D122/><U4/><E110/><V99/><F128/><W32/><G69/><T81/><D39/><U106/><E106/><V83/><F118/><W117/><G117/><T43/><D43/><U51/><E3/><V61/><F41/><W93/><G127/><T129/><D129/><N who="3" m="49161" /><G53/><T70/><D70/><U17/><E64/><V62/><REACH who="2" step="1"/><F48/><REACH who="2" ten="462,178,251,99" step="2"/><W95/><G75/><T119/><D119/><U19/><E14/><V76/><F76/><W60/><G60/><T42/><D13/><U0/><E0/><V27/><F27/><W21/><G32/><T86/><D33/><U126/><E126/><V114/><F114/><W57/><G57/><T54/><D35/><U38/><E38/><V104/><AGARI ba="1,1" hai="8,12,18,24,26,61,62,63,83,85,91,99,102,104" machi="104" ten="30,7900,0" yaku="1,1,0,1,52,1,53,1" doraHai="80" doraHaiUra="84" who="2" fromWho="2" sc="462,-40,178,-21,251,92,99,-21" />
</Scene>
<Scene>
<INIT seed="5,0,0,1,0,25" ten="422,157,343,78" oya="1" hai0="16,51,4,41,119,56,11,126,113,50,44,129,57" hai1="115,8,132,98,130,112,89,88,125,37,70,33,17" hai2="111,68,3,12,36,85,29,66,76,53,99,106,131" hai3="19,96,108,46,64,103,120,9,45,124,91,90,52"/><U73/><E98/><V38/><F111/><W10/><G120/><T42/><D119/><U62/><E62/><V18/><F3/><W63/><G108/><T49/><D113/><U74/><E8/><V121/><F121/><W80/><G124/><T109/><D109/><U79/><E17/><V135/><F66/><W7/><G19/><T104/><D104/><U95/><E33/><V13/><F68/><W93/><G10/><T22/><D129/><U78/><E37/><V72/><F72/><N who="1" m="27753" /><E70/><V100/><F131/><W67/><G67/><T122/><D126/><U87/><E130/><V83/><F13/><W54/><G45/><T117/><D117/><U27/><E27/><V14/><F12/><W15/><G46/><T31/><D122/><U58/><E58/><V34/><F38/><W43/><G43/><T39/><D42/><U32/><E32/><V86/><F36/><W71/><G90/><T81/><D56/><U94/><E125/><V123/><F123/><W97/><REACH who="3" step="1"/><G80/><REACH who="3" ten="422,157,343,68" step="2"/><T2/><D81/><N who="1" m="47543" /><E79/><V55/><F76/><W133/><G133/><T127/><D16/><U1/><E132/><V77/><F135/><W61/><G61/><T118/><D11/><U128/><E128/><V30/><F18/><W60/><G60/><T59/><D127/><U110/><E110/><V84/><F77/><W102/><G102/><T69/><D69/><U116/><E116/><V24/><F100/><W47/><G47/><T105/><D118/><U107/><E1/><V23/><F83/><W82/><G82/><T48/><D2/><U114/><E107/><AGARI ba="0,1" hai="7,9,15,52,54,63,64,71,91,93,96,97,103,107" machi="107" ten="30,3900,0" yaku="1,1,7,1,54,1,53,0" doraHai="25" doraHaiUra="21" who="3" fromWho="1" sc="422,0,157,-39,343,0,68,49" />
</Scene>
<Scene>
<INIT seed="6,0,0,1,1,88" ten="422,118,343,117" oya="2" hai0="71,5,54,128,77,75,115,50,37,42,123,99,13" hai1="3,114,127,57,14,65,35,101,91,135,23,78,1" hai2="102,97,111,10,83,94,82,131,87,129,132,79,16" hai3="89,109,63,56,44,106,26,49,55,40,66,22,98"/><V72/><F132/><W32/><G32/><T85/><D115/><U36/><E135/><V24/><F111/><W90/><G109/><T29/><D128/><U110/><E114/><V4/><F24/><W12/><G12/><T58/><D71/><U124/><E110/><V62/><F62/><W19/><G106/><T134/><D75/><U120/><E36/><V93/><F16/><W95/><G90/><T41/><D13/><U133/><E133/><V80/><F10/><W46/><REACH who="3" step="1"/><G40/><REACH who="3" ten="422,118,343,107" step="2"/><T113/><D42/><U38/><E120/><V59/><F4/><W117/><G117/><T47/><D5/><U84/><E35/><V122/><F122/><W67/><G67/><T74/><D123/><U15/><E3/><V96/><F59/><AGARI ba="0,1" hai="19,22,26,44,46,49,55,56,59,63,66,89,95,98" machi="59" ten="30,7700,0" yaku="1,1,7,1,8,1,52,1,53,0" doraHai="88" doraHaiUra="2" who="3" fromWho="2" sc="422,0,118,0,343,-77,107,87" />
</Scene>
<Scene>
<INIT seed="7,0,0,3,4,17" ten="422,118,266,194" oya="3" hai0="35,13,38,116,34,95,16,46,18,123,66,40,100" hai1="78,59,11,134,45,44,110,113,105,49,26,21,74" hai2="80,131,98,37,28,62,85,64,52,86,20,36,23" hai3="29,108,71,33,82,89,63,2,72,94,31,48,97"/><W76/><G2/><T68/><D123/><U126/><E110/><V91/><F131/><W102/><G33/><T42/><D42/><U70/><E70/><V19/><F37/><W54/><G108/><T30/><D116/><U12/><E113/><V115/><F36/><W132/><G132/><T57/><D68/><U104/><E134/><V32/><F32/><W47/><G63/><T127/><D127/><U128/><E126/><V4/><F4/><W121/><G71/><T99/><D18/><U0/><E128/><V120/><F115/><W27/><G27/><T22/><D30/><U112/><E0/><V117/><F117/><W25/><G25/><T101/><D101/><U107/><E112/><V60/><F120/><W135/><G135/><T114/><D114/><U124/><E124/><V130/><F130/><W69/><G69/><T14/><D14/><U88/><E74/><V83/><F98/><W118/><G118/><T77/><D77/><U3/><E3/><V79/><F28/><W51/><G48/><T129/><D129/><U103/><E105/><V41/><F41/><W8/><G8/><T125/><D125/><U55/><E104/><V58/><F19/><W75/><G75/><T93/><D93/><U10/><E107/><V133/><F133/><W109/><G121/><T65/><D65/><U92/><E103/><V106/><F106/><N who="3" m="63823" /><G109/><T84/><D84/><AGARI ba="0,0" hai="29,31,47,51,54,72,76,82,84,89,94" m="63823" machi="84" ten="30,1500,0" yaku="24,1" doraHai="17" who="3" fromWho="0" sc="422,-15,118,0,266,0,194,15" />
</Scene>
<Scene>
<INIT seed="7,1,0,3,5,39" ten="407,118,266,209" oya="3" hai0="11,110,64,53,23,55,94,65,80,79,66,43,37" hai1="44,132,22,4,117,103,18,129,104,38,98,75,16" hai2="77,107,102,128,74,0,6,105,31,134,89,63,135" hai3="59,14,19,85,21,93,91,82,97,84,111,49,90"/><W121/><G121/><T9/><D110/><U15/><E117/><V96/><F31/><W100/><G111/><T120/><D120/><U119/><E119/><V30/><F30/><W130/><G130/><T123/><D123/><U78/><E132/><N who="2" m="50731" /><F128/><W101/><REACH who="3" step="1"/><G97/><REACH who="3" ten="407,118,266,199" step="2"/><T32/><D32/><U116/><E129/><V127/><F96/><W76/><G76/><T26/><D79/><U113/><E116/><V1/><F77/><W12/><G12/><T124/><D26/><U20/><E113/><V10/><F1/><W88/><G88/><T114/><D114/><U68/><E68/><V40/><F89/><W3/><G3/><T81/><D124/><U7/><E75/><V34/><F127/><W50/><G50/><T29/><D37/><U125/><E78/><V95/><F74/><W17/><G17/><T24/><D29/><U35/><E125/><V41/><F0/><W86/><G86/><T28/><D28/><U5/><E35/><V126/><F34/><W118/><G118/><T112/><D112/><U8/><REACH who="1" step="1"/><E18/><REACH who="1" ten="407,108,266,199" step="2"/><V25/><F126/><W122/><G122/><T52/><D24/><U45/><E45/><V47/><F47/><W72/><G72/><T99/><D99/><U48/><E48/><V115/><F25/><W106/><G106/><T69/><D69/><U57/><E57/><V54/><F115/><W62/><G62/><T70/><D70/><U92/><E92/><V61/><F95/><W131/><G131/><T73/><D94/><U67/><E67/><V87/><F107/><W46/><G46/><T71/><D71/><U60/><E60/><RYUUKYOKU ba="1,2" sc="407,-15,108,15,266,-15,199,15" hai1="4,5,7,8,15,16,20,22,38,44,98,103,104" hai3="14,19,21,49,59,82,84,85,90,91,93,100,101" />
</Scene>
<Scene>
<INIT seed="7,2,2,2,5,90" ten="392,123,251,214" oya="3" hai0="20,42,8,95,105,111,97,124,109,133,51,92,52" hai1="6,16,132,126,34,65,121,75,30,118,112,84,1" hai2="47,70,18,56,96,86,35,122,66,23,93,120,62" hai3="123,43,102,101,87,13,19,79,130,104,113,45,69"/><W74/><G123/><N who="2" m="47145" /><F35/><W71/><G130/><T127/><D133/><U15/><E75/><V125/><F125/><N who="0" m="48202" /><D20/><U88/><E126/><V77/><F47/><W54/><G113/><T28/><D28/><U37/><E132/><V117/><F117/><W38/><G74/><T11/><D42/><U26/><E112/><V134/><F134/><W100/><G104/><T46/><D105/><U40/><E118/><V81/><F70/><W60/><G60/><T14/><D14/><U29/><E29/><V73/><F73/><W68/><G54/><T94/><D97/><U57/><E121/><V116/><F116/><W2/><G2/><T128/><D128/><U4/><E40/><V9/><F9/><AGARI ba="2,2" hai="8,9,11,46,51,52,92,94,95,109,111" m="48202" machi="9" ten="30,8000,1" yaku="18,1,52,3,54,1" doraHai="90" who="0" fromWho="2" sc="392,106,123,0,251,-86,214,0" owari="498,60.0,123,-38.0,165,-23.0,214,1.0" />
</Scene>
</mjloggm>