<mjloggm ver="2.3"><GO type="169" lobby="0"/><UN n0="%E3%83%96%E3%83%83%E3%83%91%E7%A5%9E" n1="%E5%A4%AA%E3%81%8F%E3%81%AA%E3%81%84%E3%81%8A" n2="%E3%83%9A%E3%83%81%E3%83%A7%E3%83%BC%E3%83%AA%E3%83%B3" n3="%E3%81%BE%E3%81%AA%E3%81%84%E3%81%9F%E3%82%88%E3%81%86%E3%81%98%E3%82%87" dan="16,18,17,17" rate="2119.63,2196.32,2211.65,2147.39" sx="M,F,M,M"/><TAIKYOKU oya="0"/>

<Scene>
<INIT seed="0,0,0,5,3,123" ten="250,250,250,250" oya="0" hai0="116,90,60,76,126,110,48,130,6,99,94,11,117" hai1="22,119,112,13,115,59,113,65,3,93,120,32,100" hai2="66,26,75,98,88,89,107,135,21,7,74,102,5" hai3="50,122,111,97,49,14,34,10,55,104,82,63,96"/><T46/><D126/><U64/><E120/><V52/><F135/><W83/><G34/><T45/><D130/><U42/><E119/><V30/><F66/><W72/><G122/><T95/><D76/><U0/><E32/><V77/><F5/><W127/><G127/><T71/><D110/><U62/><E42/><V56/><F7/><W18/><G111/><T25/><D25/><U20/><E65/><V57/><F57/><N who="3" m="35263" /><G104/><T121/><D121/><U33/><E33/><V19/><F30/><W73/><G72/><T40/><D71/><U43/><E43/><V8/><F8/><W24/><G73/><T28/><D28/><U69/><E69/><V38/><F38/><W35/><G35/><T91/><D60/><U44/><E44/><V78/><F75/><W16/><G82/><T29/><D29/><U103/><E93/><V61/><REACH who="2" step="1"/><F78/><REACH who="2" ten="250,250,240,250" step="2"/><W58/><G58/><T41/><D11/><U2/><E22/><V68/><F68/><W9/><G9/><T128/><D6/><U37/><E37/><V23/><F23/><W114/><G10/><T51/><REACH who="0" step="1"/><D128/><REACH who="0" ten="240,250,240,250" step="2"/><U86/><E115/><V17/><F17/><W118/><G114/><T70/><D70/><U36/><E113/><V124/><F124/><W80/><G18/><T53/><D53/><U105/><E112/><V85/><F85/><AGARI ba="0,2" hai="40,41,45,46,48,51,85,90,91,94,95,99,116,117" machi="85" ten="30,5800,0" yaku="1,1,7,1,9,1,53,0" doraHai="123" doraHaiUra="67" who="0" fromWho="2" sc="240,78,250,0,240,-58,250,0" />
</Scene>
<Scene>
<INIT seed="0,1,0,0,3,47" ten="318,250,182,250" oya="0" hai0="71,108,102,128,115,90,37,100,59,119,70,85,49" hai1="62,121,0,117,16,101,22,26,66,55,28,88,21" hai2="114,105,58,122,41,56,27,132,23,95,133,80,32" hai3="40,57,135,125,35,11,129,67,103,14,86,84,5"/><T104/><D115/><U45/><E121/><V6/><F105/><W38/><G35/><T77/><D119/><U81/><E117/><V110/><F114/><W46/><G103/><T36/><D77/><U75/><E0/><V74/><F32/><W61/><G129/><T19/><D128/><U52/><E101/><V10/><F122/><W30/><G30/><T94/><D108/><U107/><E107/><V91/><F41/><W126/><REACH who="3" step="1"/><G135/><REACH who="3" ten="318,250,182,240" step="2"/><T65/><D102/><U2/><E2/><V29/><F133/><W44/><G44/><T9/><D100/><U124/><E45/><V51/><F132/><W112/><G112/><T64/><D104/><U87/><E124/><AGARI ba="1,1" hai="5,11,14,38,40,46,57,61,67,84,86,124,125,126" machi="124" ten="40,2600,0" yaku="1,1,18,1,53,0" doraHai="47" doraHaiUra="13" who="3" fromWho="1" sc="318,0,250,-29,182,0,240,39" />
</Scene>
<Scene>
<INIT seed="1,0,0,1,1,12" ten="318,221,182,279" oya="1" hai0="126,75,70,10,83,99,63,103,21,119,20,24,78" hai1="60,47,38,110,79,45,73,104,23,105,108,19,128" hai2="51,41,91,95,29,59,109,28,54,115,56,69,125" hai3="86,65,97,82,96,122,80,106,124,53,57,40,14"/><U34/><E34/><V88/><F109/><N who="1" m="42089" /><E128/><V134/><F69/><W9/><G122/><T116/><D126/><U6/><E6/><V81/><F125/><W43/><G124/><T50/><D10/><U35/><E35/><V64/><F115/><W7/><G65/><T67/><D50/><U1/><E1/><V123/><F123/><W131/><G131/><T89/><D89/><U33/><E33/><V130/><F130/><W22/><G106/><N who="1" m="41066" /><E38/><V44/><F134/><W121/><G121/><T90/><D90/><U39/><E39/><V98/><F64/><W37/><G37/><T31/><REACH who="0" step="1"/><D20/><REACH who="0" ten="308,221,182,279" step="2"/><U17/><E60/><N who="2" m="35863" /><F59/><W118/><G57/><T93/><AGARI ba="0,1" hai="21,24,31,63,67,70,75,78,83,93,99,103,116,119" machi="93" ten="20,2700,0" yaku="1,1,0,1,7,1,53,0" doraHai="12" doraHaiUra="0" who="0" fromWho="0" sc="308,37,221,-13,182,-7,279,-7" />
</Scene>
<Scene>
<INIT seed="2,0,0,0,3,55" ten="345,208,175,272" oya="2" hai0="57,89,90,116,65,56,112,77,84,6,20,80,113" hai1="37,64,7,19,91,135,39,129,9,134,102,125,2" hai2="75,62,31,53,54,12,96,29,43,126,103,14,104" hai3="131,40,61,133,73,34,81,24,35,23,47,48,8"/><V41/><F75/><W25/><G131/><T111/><D111/><U120/><E120/><V28/><F126/><W15/><G133/><N who="1" m="50698" /><E129/><V88/><F88/><W78/><G61/><T106/><D106/><U58/><E125/><V52/><REACH who="2" step="1"/><F62/><REACH who="2" ten="345,208,165,272" step="2"/><W67/><G73/><N who="0" m="43055" /><D90/><U30/><E91/><V95/><F95/><W93/><G93/><T97/><D89/><U114/><E114/><V70/><F70/><W132/><G132/><T46/><D113/><U63/><E102/><V5/><F5/><W0/><G81/><T13/><D6/><U117/><E117/><V87/><F87/><W82/><G82/><T105/><D84/><U100/><E100/><V71/><F71/><W22/><G78/><T36/><D112/><U94/><E94/><V3/><F3/><W115/><G0/><T16/><D116/><U27/><E2/><V66/><F66/><W118/><G118/><T130/><D65/><U108/><E7/><V98/><F98/><W45/><G67/><T107/><D130/><U18/><E64/><V92/><F92/><W86/><G86/><T99/><D107/><U32/><E63/><V127/><F127/><W79/><G79/><T33/><D105/><U50/><E108/><V110/><F110/><W69/><G69/><T68/><D68/><U59/><E39/><V44/><F44/><W38/><G115/><T17/><D46/><U124/><E37/><V72/><F72/><W85/><G85/><T10/><D36/><U1/><E124/><V4/><F4/><W121/><G38/><T101/><D99/><U21/><E1/><V123/><F123/><RYUUKYOKU ba="0,1" sc="345,-10,208,-10,165,30,272,-10" hai2="12,14,28,29,31,41,43,52,53,54,96,103,104" />
</Scene>
<Scene>
<INIT seed="2,1,1,5,1,87" ten="335,198,195,262" oya="2" hai0="49,129,4,93,60,29,7,84,34,46,23,21,120" hai1="80,88,74,132,117,119,82,133,9,75,83,106,53" hai2="1,96,118,70,30,103,38,16,47,68,72,91,78" hai3="33,31,105,63,42,89,108,122,114,17,12,57,71"/><V94/><F118/><N who="1" m="45065" /><E9/><V61/><F1/><W107/><G71/><T121/><D34/><U100/><E53/><V116/><F116/><W50/><G42/><T51/><D129/><U64/><E64/><V59/><F30/><W13/><G50/><T15/><D60/><U44/><E44/><V65/><F72/><N who="1" m="27689" /><E100/><V0/><F78/><W56/><G33/><T77/><D51/><U97/><E106/><V124/><F0/><W92/><G105/><T131/><D131/><U112/><E112/><V81/><F124/><W19/><G107/><T135/><D135/><N who="1" m="51787" /><E97/><V111/><F111/><W62/><G108/><T95/><D46/><U69/><E69/><V48/><F38/><W5/><G114/><T45/><D49/><U115/><E115/><V109/><F109/><W20/><G56/><T18/><D45/><U10/><E10/><V76/><F70/><W54/><G57/><T3/><D3/><U123/><E123/><V35/><F68/><W26/><G54/><T104/><D104/><U102/><E102/><V22/><F35/><W130/><G130/><T110/><D121/><U28/><E28/><V14/><F103/><W36/><G122/><T79/><D120/><U55/><E55/><V85/><F48/><W25/><G36/><T32/><D110/><U127/><E127/><V39/><F47/><W40/><G31/><T73/><D29/><U43/><E43/><V134/><F134/><W6/><G40/><T126/><D126/><U125/><E125/><V27/><F39/><W101/><G101/><T8/><D8/><U58/><E58/><V128/><F128/><RYUUKYOKU ba="1,1" sc="335,-15,198,15,195,15,262,-15" hai1="80,82,83,88" hai2="14,16,22,27,59,61,65,76,81,85,91,94,96" />
</Scene>
<Scene>
<INIT seed="2,2,1,3,1,95" ten="320,213,210,247" oya="2" hai0="92,3,4,86,6,34,117,15,126,63,133,22,74" hai1="116,81,57,124,71,55,85,125,98,72,101,104,0" hai2="103,73,39,94,20,41,54,105,111,78,82,100,79" hai3="58,38,88,31,99,130,43,132,102,76,118,29,10"/><V32/><F32/><W1/><G118/><T17/><D74/><U40/><E116/><V36/><F79/><W128/><G132/><T80/><D117/><U14/><E0/><V66/><F66/><W67/><G76/><T107/><D107/><U42/><E71/><V135/><F135/><W64/><G38/><T30/><D133/><U114/><E14/><V56/><F111/><W16/><G43/><T21/><D126/><N who="1" m="48747" /><E114/><V108/><F108/><W97/><G58/><T112/><D112/><U77/><E72/><V27/><F105/><N who="3" m="63695" /><G1/><T106/><D106/><U5/><E5/><V91/><F39/><W12/><G64/><T129/><D129/><N who="3" m="49769" /><G67/><T26/><D63/><AGARI ba="2,1" hai="40,42,55,57,63,77,81,85,98,101,104" m="48747" machi="63" ten="30,2000,0" yaku="18,1,52,1" doraHai="95" who="1" fromWho="0" sc="320,-26,213,36,210,0,247,0" />
</Scene>
<Scene>
<INIT seed="3,0,0,0,2,20" ten="294,249,210,247" oya="3" hai0="72,34,132,99,51,65,33,36,110,90,64,42,74" hai1="50,102,11,57,120,108,25,81,49,77,78,16,58" hai2="69,106,68,122,73,2,9,12,71,92,93,45,48" hai3="53,116,31,3,80,52,105,62,130,4,127,104,101"/><W22/><G116/><T87/><D36/><U83/><E120/><V121/><F2/><W29/><G80/><N who="1" m="30794" /><E108/><V0/><F0/><W133/><G3/><T54/><D110/><U60/><E102/><V109/><F73/><W125/><G4/><T18/><D42/><U115/><E115/><V134/><F106/><W128/><G22/><T123/><D123/><N who="2" m="47114" /><F134/><W63/><REACH who="3" step="1"/><G101/><REACH who="3" ten="294,249,210,237" step="2"/><T26/><D132/><AGARI ba="0,1" hai="29,31,52,53,62,63,104,105,125,127,128,130,132,133" machi="132" ten="25,12000,1" yaku="1,1,2,1,22,2,54,1,53,0" doraHai="20" doraHaiUra="95" who="3" fromWho="0" sc="294,-120,249,0,210,0,237,130" />
</Scene>
<Scene>
<INIT seed="3,1,0,3,4,51" ten="174,249,210,367" oya="3" hai0="104,39,46,70,96,55,44,94,72,18,92,38,111" hai1="48,131,122,82,65,62,98,36,125,58,97,113,54" hai2="85,13,135,41,42,107,64,28,29,127,93,114,83" hai3="75,2,109,45,59,101,115,110,20,33,126,112,108"/><W77/><G33/><T130/><D72/><U17/><E113/><V61/><F107/><W37/><G101/><T52/><D70/><U74/><E122/><V30/><F114/><W73/><G2/><T26/><D104/><U0/><E0/><V35/><F35/><W8/><G126/><T53/><D111/><U11/><E36/><V40/><F127/><W91/><G20/><N who="0" m="13591" /><D38/><U129/><E125/><V90/><F135/><W56/><G8/><T128/><D39/><U15/><E82/><V12/><REACH who="2" step="1"/><F83/><REACH who="2" ten="174,249,200,367" step="2"/><N who="3" m="45487" /><G115/><T84/><D84/><U9/><E74/><V118/><F118/><W14/><G75/><T76/><D76/><U31/><E131/><N who="0" m="50217" /><D94/><U67/><E129/><V27/><F27/><W50/><G112/><T66/><D66/><U81/><E67/><V102/><F102/><AGARI ba="1,1" hai="44,46,52,53,55,92,96,102" m="50217,13591" machi="102" ten="30,8000,1" yaku="19,1,52,3,54,1" doraHai="51" who="0" fromWho="2" sc="174,93,249,0,200,-83,367,0" />
</Scene>
<Scene>
<INIT seed="4,0,0,4,0,120" ten="267,249,117,367" oya="0" hai0="65,66,113,37,18,80,101,11,85,110,107,109,95" hai1="30,91,63,100,55,58,118,54,35,76,5,29,28" hai2="88,92,2,117,0,27,17,103,25,130,98,132,68" hai3="82,128,60,49,111,9,7,3,56,15,8,39,119"/><T129/><D37/><U73/><E118/><V106/><F68/><W78/><G39/><T40/><D40/><U77/><E73/><V14/><F117/><W112/><G112/><T99/><D113/><U81/><E35/><V116/><F116/><W114/><G119/><T62/><D129/><U41/><E41/><V13/><F132/><W67/><G128/><T10/><D107/><U4/><E100/><V74/><F74/><W127/><G127/><T43/><D43/><U48/><E91/><V26/><F130/><W121/><G49/><T79/><D65/><U51/><E63/><V122/><F122/><W123/><G114/><T24/><D24/><U57/><REACH who="1" step="1"/><E81/><REACH who="1" ten="267,239,117,367" step="2"/><V102/><F102/><W47/><G82/><T46/><D46/><U45/><E45/><V33/><F33/><W104/><G47/><T134/><D134/><U59/><E59/><V69/><F69/><W135/><G135/><T32/><D32/><U1/><E1/><V83/><F83/><W86/><G56/><N who="0" m="37191" /><D18/><U61/><E61/><V53/><F53/><W115/><G60/><T133/><D133/><U50/><E50/><V34/><F34/><W108/><G115/><T71/><D71/><U52/><E52/><V6/><F0/><W89/><G121/><T19/><D19/><U21/><E21/><V16/><F2/><W94/><G123/><T42/><D42/><U23/><E23/><V70/><F70/><W84/><G67/><T38/><D38/><U105/><E105/><V125/><F17/><N who="3" m="8423" /><G104/><T131/><D131/><U36/><E36/><V87/><F16/><W75/><G75/><RYUUKYOKU ba="0,1" sc="267,10,239,10,117,-30,367,10" hai0="10,11,79,80,85,95,99,101,109,110" hai1="4,5,28,29,30,48,51,54,55,57,58,76,77" hai3="3,7,9,78,84,86,89,94,108,111" />
</Scene>
<Scene>
<INIT seed="4,1,1,4,2,101" ten="277,249,87,377" oya="0" hai0="15,72,83,4,5,14,112,20,107,105,2,62,49" hai1="113,104,60,23,131,7,10,1,3,128,33,26,79" hai2="24,121,126,48,6,108,27,22,109,135,97,85,134" hai3="36,76,38,53,82,52,103,47,78,54,84,116,86"/><T122/><D122/><U58/><E79/><V70/><F70/><W102/><G116/><T100/><D2/><N who="1" m="375" /><E33/><V21/><F6/><W0/><G0/><T37/><D37/><U29/><E104/><V39/><F39/><W44/><G54/><T92/><D112/><U41/><E41/><V57/><F97/><W81/><AGARI ba="1,1" hai="36,38,44,47,52,53,76,78,81,82,84,86,102,103" machi="81" ten="25,6400,0" yaku="0,1,22,2,54,1" doraHai="101" who="3" fromWho="3" sc="277,-33,249,-17,87,-17,377,77" />
</Scene>
<Scene>
<INIT seed="5,0,0,5,2,29" ten="244,232,70,454" oya="1" hai0="79,131,52,27,106,113,66,97,123,24,6,81,108" hai1="58,88,78,61,20,129,11,90,82,65,17,34,85" hai2="93,130,69,102,105,112,22,124,100,7,135,70,125" hai3="37,62,51,89,23,45,39,68,16,8,76,98,83"/><U5/><E129/><V50/><F7/><W55/><G8/><T25/><D108/><U41/><E41/><V60/><F105/><W72/><G98/><T49/><D131/><U56/><E34/><V19/><F130/><W28/><G28/><T101/><D113/><U84/><E56/><V92/><F135/><W74/><G89/><T118/><D118/><U115/><E115/><V46/><F112/><W114/><G114/><T33/><D123/><U80/><E78/><V63/><F22/><W73/><G68/><T32/><D6/><U111/><E111/><V67/><F19/><W103/><G103/><T104/><D66/><U127/><E127/><V95/><F63/><W116/><G116/><T42/><D42/><U75/><E75/><V13/><F13/><W126/><G126/><N who="2" m="48745" /><F70/><W121/><G121/><T132/><D106/><U9/><E5/><V59/><F69/><W31/><G31/><T18/><D18/><U1/><E1/><V21/><F21/><W96/><G73/><T35/><D132/><U94/><E94/><V99/><F99/><W54/><G96/><T36/><D36/><U119/><E119/><V48/><F48/><W71/><G74/><T91/><D91/><U57/><E57/><V15/><F15/><AGARI ba="0,0" hai="9,11,15,17,20,58,61,65,80,82,84,85,88,90" machi="15" ten="30,11600,0" yaku="7,1,9,1,8,1,54,1" doraHai="29" who="1" fromWho="2" sc="244,0,232,116,70,-116,454,0" owari="244,-16.0,348,15.0,-46,-55.0,454,56.0" />
</Scene>
</mjloggm>