<mjloggm ver="2.3"><GO type="169" lobby="0"/><UN n0="%E5%A4%AA%E3%81%8F%E3%81%AA%E3%81%84%E3%81%8A" n1="%E8%B6%85%E3%83%92%E3%83%A2%E3%83%AA%E3%83%AD" n2="%E6%B4%BE%E9%81%A3%E3%81%AE%E3%82%B8%E3%83%A3%E3%83%83%E3%82%AF" n3="%E3%81%A8%E3%83%BC%E3%82%84%E3%82%93" dan="17,16,16,16" rate="2164.21,2109.15,2011.47,2120.62" sx="M,F,M,M"/><TAIKYOKU oya="0"/>

<Scene>
<INIT seed="0,0,0,2,5,5" ten="250,250,250,250" oya="0" hai0="15,39,125,60,100,119,64,120,27,105,112,18,98" hai1="71,29,74,80,7,134,101,99,81,87,127,72,70" hai2="94,135,37,35,30,109,55,92,128,53,47,11,123" hai3="73,10,25,83,51,19,104,57,45,133,97,79,34"/><T93/><D120/><U58/><E127/><V108/><F123/><W129/><G133/><T22/><D119/><U124/><E124/><V17/><F135/><W8/><G129/><T132/><D125/><U43/><E134/><V3/><F128/><W52/><G104/><T20/><D132/><U33/><E43/><V50/><F30/><W118/><G118/><T12/><D112/><U122/><E122/><V78/><F35/><W14/><G97/><T28/><D39/><U90/><E58/><V36/><F78/><W44/><G34/><T85/><D85/><U9/><E29/><V82/><F82/><W121/><G121/><T0/><D0/><U116/><E33/><V23/><F53/><W114/><G114/><T130/><D130/><U26/><E26/><N who="2" m="14703" /><F92/><W61/><G25/><N who="0" m="16439" /><D105/><U1/><E116/><V77/><F94/><W68/><G68/><T54/><D54/><U96/><E96/><V67/><F77/><W48/><G45/><T2/><D2/><U4/><E4/><N who="2" m="1439" /><F67/><W76/><G79/><T110/><D64/><U88/><E90/><V106/><F106/><W21/><G51/><T107/><D107/><U131/><E131/><V115/><F115/><W63/><G61/><T56/><D27/><U24/><E24/><V102/><F102/><W103/><G103/><T113/><D113/><U65/><E65/><AGARI ba="0,0" hai="8,10,14,19,21,44,48,52,57,63,65,73,76,83" machi="65" ten="30,7700,0" yaku="7,1,52,2,54,1" doraHai="5" who="3" fromWho="1" sc="250,0,250,-77,250,0,250,77" />
</Scene>
<Scene>
<INIT seed="1,0,0,4,0,48" ten="250,173,250,327" oya="1" hai0="24,62,100,3,87,13,108,107,89,28,126,122,43" hai1="38,76,82,52,29,119,98,73,133,45,15,12,83" hai2="10,30,110,104,90,131,63,23,55,95,80,129,4" hai3="75,34,27,40,94,20,65,11,66,85,74,17,101"/><U127/><E119/><V92/><F104/><W128/><G128/><N who="2" m="49225" /><F110/><W42/><G34/><T97/><D3/><U123/><E123/><V47/><F80/><N who="1" m="30761" /><E38/><V19/><F30/><W39/><G39/><T44/><D108/><U106/><E73/><V67/><F90/><W59/><G75/><T9/><D122/><U124/><E106/><V31/><F31/><W49/><G74/><T53/><D126/><N who="1" m="48171" /><E133/><V125/><F125/><W61/><G66/><T117/><D117/><U86/><E86/><V111/><F67/><W36/><G36/><T120/><D120/><U135/><E76/><V58/><F47/><W114/><G114/><T118/><D118/><U7/><E135/><V46/><F46/><W88/><G101/><T84/><D89/><U5/><E29/><V35/><F35/><W41/><G11/><T1/><D9/><U105/><E105/><V78/><F78/><W130/><G130/><T116/><D116/><U70/><E70/><V103/><F103/><W64/><G64/><T37/><D28/><U113/><E113/><V54/><F111/><W81/><G81/><T132/><D132/><U99/><E99/><V50/><F92/><W8/><G8/><T96/><D96/><U109/><E109/><V51/><F95/><W0/><G0/><T22/><D1/><U93/><E7/><V18/><F4/><W16/><G17/><T112/><D112/><U56/><E5/><V25/><F55/><W72/><G72/><T134/><D134/><U14/><E45/><AGARI ba="0,0" hai="16,20,27,40,41,42,45,49,59,61,65,85,88,94" machi="45" ten="40,5200,0" yaku="8,1,54,2" doraHai="48" who="3" fromWho="1" sc="250,0,173,-52,250,0,327,52" />
</Scene>
<Scene>
<INIT seed="2,0,0,4,4,52" ten="250,121,250,379" oya="2" hai0="60,112,95,86,87,125,40,49,82,77,133,76,126" hai1="107,58,8,67,39,98,32,80,0,57,53,43,104" hai2="92,115,93,26,127,130,89,54,41,132,91,120,131" hai3="46,96,101,37,70,81,62,66,106,88,45,72,9"/><V111/><F120/><W6/><G37/><T47/><D112/><U79/><E32/><V50/><F115/><W108/><G108/><T121/><D121/><U31/><E31/><V64/><F111/><W14/><G72/><T24/><D133/><U56/><E67/><V114/><F114/><W27/><G81/><N who="0" m="47399" /><D24/><U119/><E119/><V59/><F132/><W83/><G83/><T78/><D95/><N who="2" m="36426" /><F26/><W16/><G88/><N who="2" m="33865" /><F64/><W33/><G6/><T20/><D78/><U22/><E22/><V129/><F41/><W34/><G34/><T74/><D20/><U25/><E25/><V128/><F128/><W90/><G90/><T19/><D87/><U36/><E53/><V65/><F65/><W97/><G97/><T18/><D82/><U99/><E104/><V7/><F7/><W94/><G94/><T105/><D105/><U44/><E39/><V63/><F127/><W113/><G113/><T51/><D40/><U42/><E42/><V85/><F85/><W122/><G122/><T17/><D126/><U75/><E107/><V135/><F135/><W55/><G55/><T102/><D125/><U2/><E2/><V23/><F23/><W3/><G3/><T38/><D38/><U103/><E103/><V68/><F68/><W118/><G118/><T69/><D102/><U109/><E109/><V71/><F71/><W10/><G10/><T5/><D5/><AGARI ba="0,0" hai="0,5,8,36,43,44,56,57,58,75,79,80,98,99" machi="5" ten="40,8000,1" yaku="25,2,52,3" doraHai="52" who="1" fromWho="0" sc="250,-80,121,80,250,0,379,0" />
</Scene>
<Scene>
<INIT seed="3,0,0,3,1,126" ten="170,201,250,379" oya="3" hai0="21,110,45,61,31,96,104,14,17,115,42,103,109" hai1="25,73,53,83,5,59,94,60,74,78,28,98,63" hai2="127,64,87,36,100,46,111,123,97,48,88,66,130" hai3="81,71,117,89,55,8,30,101,113,56,32,10,7"/><W107/><G113/><T54/><D115/><U4/><E63/><V114/><F114/><W47/><G117/><T106/><D31/><U80/><E80/><V2/><F127/><W49/><G71/><T86/><D86/><U44/><E44/><V121/><F36/><W102/><G107/><T22/><D106/><U51/><E51/><V58/><F2/><W38/><G30/><T76/><D76/><U119/><E74/><V124/><F124/><W132/><G32/><T118/><D118/><U13/><E13/><V40/><F111/><N who="0" m="42506" /><D61/><U116/><E116/><V128/><F58/><W108/><G108/><T82/><D82/><U92/><E92/><N who="2" m="54303" /><F64/><W52/><G132/><T135/><D54/><U120/><E120/><N who="2" m="46155" /><F66/><W62/><G38/><N who="0" m="21719" /><D135/><U67/><E53/><V90/><F90/><W57/><G47/><T91/><D91/><U24/><E119/><V39/><F39/><W1/><G10/><AGARI ba="0,0" hai="10,14,17,21,22,96,103,104" m="21719,42506" machi="10" ten="30,1000,0" yaku="14,1" doraHai="126" who="0" fromWho="3" sc="170,10,201,0,250,0,379,-10" />
</Scene>
<Scene>
<INIT seed="4,0,0,2,2,118" ten="180,201,250,369" oya="0" hai0="98,46,93,18,55,6,85,68,50,66,42,71,5" hai1="65,123,86,37,33,21,61,116,77,133,135,129,28" hai2="32,15,96,39,104,11,20,82,128,127,30,23,31" hai3="58,10,95,12,56,8,34,73,4,51,44,121,25"/><T74/><D74/><U41/><E116/><V45/><F127/><W60/><G73/><T43/><D85/><U88/><E77/><V126/><F126/><W1/><G34/><T113/><D113/><U7/><E33/><V38/><F32/><W9/><G25/><T110/><D110/><U83/><E129/><V91/><F128/><W99/><G121/><T69/><D66/><U59/><E7/><V78/><F45/><W131/><G131/><T47/><D18/><U134/><E123/><V109/><F109/><W54/><G1/><T75/><D75/><U97/><E97/><V36/><F31/><W49/><G58/><T92/><D55/><U130/><E130/><V2/><F2/><W112/><G51/><T94/><REACH who="0" step="1"/><D98/><REACH who="0" ten="170,201,250,369" step="2"/><U53/><E65/><V114/><F114/><W70/><G112/><T102/><D102/><U108/><E108/><V100/><F91/><N who="3" m="55807" /><G70/><T89/><D89/><U26/><E41/><AGARI ba="0,1" hai="4,8,9,10,12,41,44,49,54,56,60" m="55807" machi="41" ten="30,1000,0" yaku="8,1" doraHai="118" who="3" fromWho="1" sc="170,0,201,-10,250,0,369,20" />
</Scene>
<Scene>
<INIT seed="5,0,0,0,5,21" ten="170,191,250,389" oya="1" hai0="48,45,101,86,125,116,63,26,77,25,135,74,106" hai1="114,66,120,69,103,55,85,36,15,67,89,109,29" hai2="108,32,102,95,127,49,18,51,53,28,62,71,105" hai3="7,78,14,107,1,59,20,129,112,61,70,128,16"/><U94/><E120/><V44/><F108/><W87/><G107/><T133/><D116/><U57/><E109/><V121/><F121/><W75/><G70/><T132/><D74/><U97/><E36/><V88/><F127/><W113/><G75/><T4/><D125/><U12/><E114/><N who="3" m="44138" /><G7/><T39/><D39/><U35/><E69/><V118/><F118/><W41/><G1/><T60/><D4/><U58/><E67/><V76/><F76/><W10/><G41/><N who="0" m="24623" /><D101/><U72/><E72/><V134/><F134/><W96/><G96/><T46/><D46/><U115/><E115/><V93/><F105/><W91/><G78/><T17/><D106/><U43/><E43/><V110/><F110/><W79/><G79/><T34/><D17/><U27/><E66/><V31/><F18/><W131/><G10/><T65/><D34/><U0/><E0/><V123/><F123/><W99/><G99/><T117/><D117/><U80/><REACH who="1" step="1"/><E58/><REACH who="1" ten="170,181,250,389" step="2"/><N who="2" m="33087" /><F71/><W8/><G131/><T5/><D65/><U98/><E98/><V100/><F44/><W122/><G122/><T54/><D54/><U38/><E38/><V111/><F111/><W9/><G129/><T40/><D40/><U22/><E22/><V24/><F32/><W37/><G37/><T2/><D2/><U3/><E3/><V126/><F126/><W64/><G128/><T52/><D52/><U47/><E47/><V13/><F100/><W23/><G23/><T124/><D124/><U42/><E42/><V11/><F102/><W68/><G68/><T119/><D119/><U19/><E19/><V73/><F73/><RYUUKYOKU ba="0,1" sc="170,-15,181,15,250,-15,389,15" hai1="12,15,27,29,35,55,57,80,85,89,94,97,103" hai3="8,9,14,16,20,59,61,64,87,91" />
</Scene>
<Scene>
<INIT seed="5,1,1,5,1,58" ten="155,196,235,404" oya="1" hai0="47,4,33,27,35,26,13,103,85,124,135,106,69" hai1="45,98,107,9,95,97,89,66,74,73,67,75,119" hai2="59,61,110,118,17,102,101,64,78,43,16,46,0" hai3="92,37,65,111,57,31,42,29,132,25,108,86,56"/><U71/><E119/><V112/><F0/><W70/><G132/><T83/><D69/><U133/><E133/><V22/><F118/><W10/><G70/><T54/><D135/><U81/><E81/><V131/><F131/><W113/><G37/><T40/><D124/><U60/><E67/><V15/><F110/><W1/><G42/><T24/><D54/><U32/><E32/><V105/><F112/><W90/><G113/><T52/><D106/><U48/><E9/><N who="2" m="6255" /><F105/><W53/><G31/><T100/><D35/><U120/><E120/><V23/><F78/><W50/><G1/><T123/><D33/><U39/><E39/><V128/><F128/><W20/><G10/><N who="0" m="4295" /><D40/><U36/><E36/><V126/><F126/><W63/><AGARI ba="1,1" hai="20,25,29,50,53,56,57,63,65,86,90,92,108,111" machi="63" ten="30,2000,0" yaku="0,1,52,1" doraHai="58" who="3" fromWho="3" sc="155,-6,196,-11,235,-6,404,33" />
</Scene>
<Scene>
<INIT seed="6,0,0,1,3,55" ten="149,185,229,437" oya="2" hai0="1,69,133,89,126,6,77,83,91,78,130,17,125" hai1="31,75,109,67,40,84,45,13,32,99,58,82,28" hai2="3,116,113,2,56,96,36,76,106,66,0,14,27" hai3="74,11,80,135,112,70,44,114,121,12,53,122,132"/><V50/><F36/><W20/><G70/><T107/><D69/><U105/><E75/><V110/><F116/><W4/><G74/><N who="0" m="43447" /><D17/><U34/><E109/><V88/><F76/><W52/><G80/><T35/><D35/><U111/><E111/><V123/><F123/><W21/><G53/><T86/><D6/><U108/><E108/><V98/><F110/><W124/><G124/><N who="0" m="47723" /><D1/><U42/><E13/><V26/><F14/><W104/><G104/><T59/><D59/><U63/><E31/><V18/><F56/><W37/><G37/><T92/><D107/><U51/><E42/><V120/><F106/><W101/><G101/><T10/><D10/><U23/><E23/><N who="3" m="8778" /><G52/><T5/><D5/><U119/><E119/><V131/><F120/><N who="3" m="46187" /><G44/><T103/><D133/><AGARI ba="0,0" hai="4,11,12,112,114,132,133,135" m="46187,8778" machi="133" ten="40,5200,0" yaku="20,1,34,2" doraHai="55" who="3" fromWho="0" sc="149,-52,185,0,229,0,437,52" />
</Scene>
<Scene>
<INIT seed="7,0,0,0,2,65" ten="97,185,229,489" oya="3" hai0="20,102,70,111,8,85,32,31,78,5,107,135,54" hai1="76,95,126,51,106,46,28,99,72,114,66,94,87" hai2="115,118,21,15,68,12,79,98,113,40,84,25,18" hai3="80,133,57,124,77,9,122,86,1,127,134,43,63"/><W73/><G43/><T121/><D111/><U109/><E109/><V112/><F68/><W42/><G42/><T120/><D135/><N who="3" m="51721" /><G122/><T53/><D32/><U131/><E66/><V103/><F40/><W91/><G9/><T100/><D31/><U58/><E58/><V89/><F79/><W67/><G1/><T24/><D78/><U125/><E28/><V60/><F60/><W97/><G97/><T47/><D85/><U3/><E3/><V81/><F118/><W117/><G117/><T30/><D107/><AGARI ba="0,0" hai="12,15,18,21,25,81,84,89,98,103,107,112,113,115" machi="107" ten="40,1300,0" yaku="15,1" doraHai="65" who="2" fromWho="0" sc="97,-13,185,0,229,13,489,0" owari="84,-42.0,185,-21.0,242,4.0,489,59.0" />
</Scene>
</mjloggm>