<mjloggm ver="2.3"><GO type="169"/><UN n0="%E5%A4%AA%E3%81%8F%E3%81%AA%E3%81%84%E3%81%8A" n1="%E6%AD%A6%E5%A3%AB%E6%B2%A2%E7%A7%80%E8%A1%8C" n2="%7A%6B%75%72%74" n3="%E3%83%AD%E3%83%AA%E3%83%BC%E3%82%BF%E3%81%AA%E7%84%BC%E8%82%89" dan="17,16,17,16" rate="2144,2058,2172,2090" sx="M,M,M,F"/><TAIKYOKU oya="0"/>

<Scene>
<INIT seed="0,0,0,1,2,1" ten="250,250,250,250" oya="0" hai0="61,63,33,102,116,131,96,23,35,121,94,93,41" hai1="127,86,12,49,119,84,133,39,15,70,43,128,31" hai2="29,54,18,69,73,99,47,40,2,79,7,32,36" hai3="60,3,112,135,98,72,62,4,78,55,109,51,110"/><T53/><D121/><U59/><E119/><V21/><F99/><W90/><G112/><T111/><D116/><U58/><E70/><V100/><F100/><W34/><G34/><T95/><D41/><U66/><E39/><V120/><F120/><W57/><G135/><T104/><D131/><U67/><E128/><V45/><F69/><W42/><G78/><T14/><D111/><N who="3" m="42505" /><G72/><T97/><D97/><U123/><E133/><V11/><F47/><N who="3" m="26103" /><G90/><T16/><REACH who="0" step="1"/><D53/><REACH who="0" ten="240,250,250,250" step="2"/><U38/><E123/><V81/><F54/><W27/><G98/><T64/><D64/><U114/><E67/><V85/><F85/><W8/><G27/><T75/><D75/><U125/><E66/><V101/><F101/><W5/><G60/><AGARI ba="0,1" hai="14,16,23,33,35,60,61,63,93,94,95,96,102,104" machi="60" ten="40,3900,0" yaku="1,1,54,1,53,0" doraHai="1" doraHaiUra="106" who="0" fromWho="3" sc="240,49,250,0,250,0,250,-39" />
</Scene>
<Scene>
<INIT seed="0,1,0,3,4,78" ten="289,250,250,211" oya="0" hai0="101,118,57,49,72,105,128,134,90,36,52,48,79" hai1="88,71,117,34,73,19,38,69,2,116,56,23,54" hai2="47,64,111,110,75,94,106,25,28,8,21,1,104" hai3="3,4,100,41,62,13,65,27,68,108,135,103,109"/><T81/><D118/><U0/><E34/><V87/><F75/><W32/><G135/><T126/><D36/><U85/><E38/><V125/><F125/><W127/><G127/><T45/><D126/><U67/><E73/><V7/><F64/><W98/><G41/><T112/><D112/><U77/><E77/><V99/><F47/><W86/><G86/><T43/><D134/><U46/><E46/><V102/><REACH who="2" step="1"/><F87/><REACH who="2" ten="289,250,240,211" step="2"/><W91/><G108/><AGARI ba="1,1" hai="1,7,8,21,25,28,94,99,102,104,106,108,110,111" machi="108" ten="40,5200,0" yaku="1,1,2,1,14,1,53,0" doraHai="78" doraHaiUra="58" who="2" fromWho="3" sc="289,0,250,0,240,65,211,-55" />
</Scene>
<Scene>
<INIT seed="1,0,0,4,3,89" ten="289,250,305,156" oya="1" hai0="131,62,68,118,124,109,9,38,18,61,7,42,12" hai1="50,14,49,117,98,22,75,126,44,70,60,51,56" hai2="4,39,65,5,37,91,72,85,111,58,102,130,71" hai3="82,116,81,33,84,24,69,53,48,110,66,28,119"/><U59/><E117/><V31/><F72/><W127/><G127/><T10/><D118/><U97/><E75/><V34/><F71/><W129/><G110/><T107/><D107/><U105/><E126/><V52/><F65/><W99/><G129/><T103/><D124/><U112/><E105/><V132/><F111/><W40/><G40/><T13/><D109/><U133/><E133/><V73/><F73/><W77/><G99/><N who="1" m="37898" /><E70/><V113/><F102/><W0/><G0/><T21/><D131/><U106/><E106/><V92/><F130/><W30/><G30/><T55/><D103/><U128/><E128/><V54/><F132/><W101/><G101/><T125/><D125/><U16/><E112/><V74/><F74/><W104/><G104/><T19/><D68/><U43/><E59/><V95/><F113/><W6/><G81/><T36/><D42/><U3/><E3/><V86/><F58/><W41/><G41/><T88/><D55/><AGARI ba="0,0" hai="14,16,22,43,44,49,50,51,55,56,60" m="37898" machi="55" ten="30,2900,0" yaku="8,1,54,1" doraHai="89" who="1" fromWho="0" sc="289,-29,250,29,305,0,156,0" />
</Scene>
<Scene>
<INIT seed="1,1,0,2,1,109" ten="260,279,305,156" oya="1" hai0="44,101,30,84,45,74,61,65,56,29,33,40,7" hai1="31,52,82,58,119,113,2,106,78,130,57,50,34" hai2="94,114,15,87,123,91,99,27,88,21,3,121,69" hai3="120,108,86,72,85,102,129,70,38,134,10,4,32"/><U6/><E119/><V75/><F3/><W54/><G54/><T51/><D74/><U80/><E106/><V89/><F69/><W117/><G86/><T100/><D7/><U20/><E130/><V12/><F75/><W23/><G85/><T66/><D66/><U110/><E34/><V62/><F123/><W73/><G102/><N who="0" m="39531" /><D33/><U64/><E110/><V116/><F116/><W107/><G23/><T14/><D14/><N who="2" m="5162" /><F121/><W79/><G10/><T41/><D84/><U63/><E113/><V122/><F122/><W93/><G93/><T133/><D133/><U90/><E90/><N who="2" m="55767" /><F114/><W125/><G79/><T95/><D95/><U24/><REACH who="1" step="1"/><E78/><REACH who="1" ten="260,269,305,156" step="2"/><V13/><F62/><W53/><G4/><T36/><D61/><U92/><E92/><N who="2" m="54303" /><F13/><W17/><G117/><T11/><D11/><AGARI ba="1,1" hai="2,6,11,20,24,31,50,52,57,58,63,64,80,82" machi="11" ten="40,7700,0" yaku="1,1,54,1,53,1" doraHai="109" doraHaiUra="35" who="1" fromWho="0" sc="260,-80,269,90,305,0,156,0" />
</Scene>
<Scene>
<INIT seed="1,2,0,5,2,63" ten="180,359,305,156" oya="1" hai0="55,56,32,0,4,76,75,74,17,113,91,77,13" hai1="43,6,98,105,106,117,38,58,81,102,103,51,30" hai2="42,1,128,132,111,50,83,88,97,14,5,124,84" hai3="59,34,92,87,89,134,47,129,25,19,73,8,116"/><U93/><E117/><V79/><F1/><W107/><G116/><T46/><D113/><U24/><E6/><V65/><F111/><W100/><G129/><T16/><D32/><U11/><E11/><N who="2" m="4463" /><F128/><W20/><G134/><T104/><D104/><U123/><E123/><V41/><F132/><W127/><G127/><T130/><D130/><U70/><E70/><V101/><F101/><W18/><G73/><T49/><D0/><U15/><E15/><V71/><F71/><W110/><G110/><T23/><D4/><U114/><E114/><V35/><F35/><W52/><G34/><T135/><D135/><U118/><E118/><V69/><F69/><W133/><G133/><T119/><D119/><U72/><E38/><V26/><F26/><W9/><G47/><T125/><D125/><U37/><E37/><V68/><F68/><W12/><G107/><T85/><D74/><U61/><E103/><V126/><F65/><W40/><G40/><T95/><D75/><U28/><E106/><V108/><F108/><W45/><G45/><T44/><D17/><U120/><E105/><V122/><F122/><W80/><G9/><T64/><D64/><U54/><E120/><V66/><F66/><W86/><G100/><T29/><D29/><U112/><E112/><V121/><F121/><W27/><G27/><T21/><D21/><N who="1" m="15375" /><E30/><V99/><F41/><W53/><REACH who="3" step="1"/><G59/><REACH who="3" ten="180,359,305,146" step="2"/><T90/><D90/><AGARI ba="2,1" hai="8,12,18,19,20,25,52,53,80,86,87,89,90,92" machi="90" ten="30,8000,1" yaku="1,1,2,1,7,1,8,1,54,1,53,0" doraHai="63" doraHaiUra="67" who="3" fromWho="0" sc="180,-86,359,0,305,0,146,96" />
</Scene>
<Scene>
<INIT seed="2,0,0,5,1,134" ten="94,359,305,242" oya="2" hai0="39,42,129,82,35,68,90,14,116,25,113,37,78" hai1="73,100,24,135,111,56,17,133,20,76,80,47,21" hai2="70,105,34,108,93,127,44,123,102,81,84,57,7" hai3="8,72,18,55,53,54,13,29,6,88,11,66,48"/><V97/><F123/><W67/><G72/><T85/><D113/><U128/><E128/><V69/><F34/><W132/><G132/><N who="1" m="50762" /><E111/><V62/><F108/><W131/><G131/><T19/><D129/><U117/><E117/><V107/><F7/><W79/><G79/><T58/><D68/><U77/><E77/><V15/><F15/><N who="3" m="5527" /><G29/><T4/><D116/><U41/><E100/><V64/><F44/><W40/><G88/><T43/><D4/><U12/><E56/><V28/><F28/><W101/><G101/><T104/><D104/><U71/><E71/><V26/><F26/><W52/><G40/><T0/><D0/><U103/><E103/><V30/><F30/><W46/><AGARI ba="0,0" hai="11,13,18,46,48,52,53,54,55,66,67" m="5527" machi="46" ten="30,2000,0" yaku="8,1,54,1" doraHai="134" who="3" fromWho="3" sc="94,-5,359,-5,305,-10,242,20" />
</Scene>
<Scene>
<INIT seed="3,0,0,2,5,11" ten="89,354,295,262" oya="3" hai0="72,47,130,42,37,52,57,17,134,1,86,8,79" hai1="98,19,83,80,84,16,76,135,50,39,30,15,94" hai2="78,29,61,109,105,64,62,121,63,75,101,89,51" hai3="117,124,25,22,54,106,93,131,23,27,104,26,123"/><W10/><G123/><T43/><D134/><U91/><E39/><V107/><F121/><W58/><G117/><T24/><D130/><U90/><E135/><V112/><F112/><W44/><G131/><T100/><D43/><U48/><E30/><V46/><F109/><W14/><G124/><T41/><D41/><U77/><E19/><V35/><F64/><W9/><G9/><T4/><D100/><U110/><E110/><V7/><F7/><W55/><G44/><T3/><D86/><N who="1" m="50503" /><E77/><V116/><F116/><W96/><G104/><T115/><D115/><U21/><AGARI ba="0,0" hai="15,16,21,48,50,76,83,84,91,94,98" m="50503" machi="21" ten="30,4000,0" yaku="8,1,52,1,54,1" doraHai="11" who="1" fromWho="1" sc="89,-10,354,40,295,-10,262,-20" />
</Scene>
<Scene>
<INIT seed="4,0,0,3,3,125" ten="79,394,285,242" oya="0" hai0="97,84,22,80,69,28,26,40,115,92,73,119,120" hai1="37,21,58,88,47,36,56,30,77,110,55,34,44" hai2="93,17,49,113,19,132,41,83,107,95,75,29,116" hai3="70,48,60,52,106,3,121,33,85,104,118,105,78"/><T100/><D120/><U81/><E34/><V2/><F107/><W76/><G118/><T90/><D119/><U61/><E110/><V15/><F2/><W131/><G121/><T130/><D69/><U134/><E134/><V127/><F29/><W124/><G124/><T129/><D115/><U128/><E128/><N who="0" m="49257" /><D40/><U16/><E30/><V18/><F113/><W94/><G131/><T66/><D66/><U96/><E37/><V38/><F38/><W82/><G33/><T0/><D0/><U99/><E56/><V23/><F132/><W71/><G3/><T59/><D59/><U35/><E35/><V45/><F127/><W7/><G71/><T51/><D51/><U57/><E58/><V112/><F112/><W13/><G48/><T8/><D8/><U79/><E36/><V20/><F116/><W32/><G70/><T72/><AGARI ba="0,0" hai="22,26,28,72,73,80,84,90,92,97,100" m="49257" machi="72" ten="30,11700,0" yaku="19,1,52,3" doraHai="125" who="0" fromWho="0" sc="79,117,394,-39,285,-39,242,-39" />
</Scene>
<Scene>
<INIT seed="4,1,0,2,1,134" ten="196,355,246,203" oya="0" hai0="10,3,47,40,29,111,58,62,72,12,99,95,5" hai1="110,77,78,17,79,44,46,50,103,24,83,70,101" hai2="6,86,90,63,71,1,32,41,38,76,25,34,65" hai3="14,129,116,51,108,22,126,73,37,124,48,107,20"/><T97/><D72/><U9/><E110/><V27/><F76/><W61/><G73/><T45/><D111/><U114/><E70/><V0/><F34/><W54/><G108/><T117/><D117/><U80/><E114/><V85/><F85/><W42/><G107/><T123/><D123/><U30/><E30/><V112/><F112/><W100/><G100/><N who="1" m="38474" /><E46/><V43/><F27/><W53/><G116/><T68/><D68/><U120/><E120/><V64/><F64/><W127/><G129/><T135/><D135/><U131/><E131/><V121/><F121/><W92/><G92/><T122/><D122/><U130/><E130/><V59/><F71/><W56/><G14/><T4/><D29/><U82/><E24/><V66/><F66/><N who="3" m="39207" /><G37/><T57/><D3/><U67/><E67/><V39/><F39/><W49/><G42/><T118/><D118/><U13/><E79/><V55/><F65/><W2/><G2/><T91/><D40/><AGARI ba="1,0" hai="9,13,17,40,44,50,77,78,80,82,83" m="38474" machi="40" ten="30,1000,0" yaku="8,1" doraHai="134" who="1" fromWho="0" sc="196,-13,355,13,246,0,203,0" />
</Scene>
<Scene>
<INIT seed="5,0,0,5,4,65" ten="183,368,246,203" oya="1" hai0="81,99,13,53,114,63,79,98,135,115,26,72,93" hai1="5,92,73,76,95,80,109,48,58,123,7,29,17" hai2="43,129,39,9,8,113,52,2,20,18,108,127,111" hai3="120,44,59,87,110,107,16,117,94,97,82,3,36"/><U70/><E123/><V34/><F34/><W102/><G120/><T32/><D135/><U14/><E109/><V100/><F100/><W103/><G117/><T35/><D13/><U47/><E70/><V55/><F129/><W132/><G3/><T31/><D35/><U88/><E29/><V74/><F74/><W122/><G122/><T101/><REACH who="0" step="1"/><D99/><REACH who="0" ten="173,368,246,203" step="2"/><U131/><E131/><V33/><F33/><W25/><G132/><T89/><D89/><U118/><E118/><V46/><F111/><W105/><G110/><T85/><D85/><U75/><E75/><V38/><F108/><W104/><G103/><T77/><D77/><U45/><E76/><V50/><F2/><W11/><G102/><T61/><D61/><U60/><E60/><V121/><F121/><W51/><G97/><T56/><AGARI ba="0,1" hai="26,31,32,53,56,63,72,79,81,93,98,101,114,115" machi="56" ten="30,2000,0" yaku="1,1,0,1,53,0" doraHai="65" doraHaiUra="116" who="0" fromWho="0" sc="173,30,368,-10,246,-5,203,-5" />
</Scene>
<Scene>
<INIT seed="6,0,0,4,1,78" ten="203,358,241,198" oya="2" hai0="31,0,15,59,123,64,102,39,96,46,57,26,60" hai1="28,71,94,91,58,122,4,118,61,11,80,82,63" hai2="79,132,113,112,41,37,23,16,3,117,131,21,130" hai3="48,56,121,77,101,83,107,120,20,8,116,18,44"/><V19/><F117/><W81/><G116/><T47/><D123/><U22/><E118/><V126/><F3/><W92/><G107/><T32/><D0/><U105/><E122/><V100/><F100/><W106/><G106/><N who="0" m="63815" /><D15/><N who="1" m="5607" /><E71/><V93/><F93/><W88/><G101/><T53/><D53/><N who="1" m="33999" /><E63/><V110/><F110/><W75/><G83/><N who="1" m="31786" /><E105/><V49/><F37/><W128/><G128/><N who="2" m="49193" /><F79/><W10/><G121/><T99/><D39/><U68/><E68/><V73/><F73/><W70/><G70/><T65/><D60/><U52/><E52/><V72/><F72/><W84/><G120/><T67/><D67/><U90/><E94/><V1/><F1/><W36/><G36/><T76/><D64/><U33/><E33/><V12/><F132/><W119/><G119/><T115/><D32/><U29/><E22/><V66/><F66/><W108/><G108/><T114/><D65/><U95/><E91/><V54/><F54/><N who="3" m="31815" /><G44/><T27/><D47/><U125/><E125/><V111/><F126/><W17/><G75/><T43/><D46/><U129/><E129/><V97/><F111/><W34/><G34/><T45/><D45/><U6/><E6/><V124/><F124/><W109/><G109/><T135/><D135/><U24/><E24/><N who="2" m="14375" /><F49/><W89/><G89/><T13/><D27/><U103/><E103/><V62/><F62/><W134/><G134/><T7/><D26/><U30/><E30/><V51/><F51/><W38/><G38/><T42/><D7/><U50/><E50/><V104/><F104/><W133/><G133/><T25/><D25/><U55/><E55/><RYUUKYOKU ba="0,0" sc="203,-10,358,30,241,-10,198,-10" hai1="28,29,90,95" />
</Scene>
<Scene>
<INIT seed="7,1,0,0,5,45" ten="193,388,231,188" oya="3" hai0="74,24,51,96,85,15,97,118,28,6,135,17,58" hai1="43,37,129,22,52,102,9,122,107,100,40,1,39" hai2="78,50,8,62,65,38,71,19,56,126,30,108,61" hai3="84,119,111,104,132,110,70,80,21,101,75,35,82"/><W123/><G123/><T120/><D120/><U29/><E122/><V77/><F108/><N who="3" m="41515" /><G70/><T90/><D118/><U10/><E107/><V11/><F38/><W81/><G35/><T128/><D74/><U73/><E73/><V57/><F126/><W133/><G119/><T106/><D128/><U3/><E52/><N who="2" m="33959" /><F71/><W125/><G75/><T12/><D135/><N who="3" m="51785" /><G21/><N who="0" m="15375" /><D106/><U13/><E22/><V4/><F30/><W88/><G125/><T115/><D115/><U48/><E29/><V2/><F2/><W25/><G25/><T99/><D6/><U53/><E13/><N who="0" m="5193" /><D17/><U69/><E69/><V23/><F4/><W16/><G16/><T36/><D36/><U55/><E129/><V63/><F19/><W64/><G64/><T59/><D51/><AGARI ba="1,0" hai="1,3,9,10,37,39,40,43,48,51,53,55,100,102" machi="51" ten="25,6400,0" yaku="22,2,52,2" doraHai="45" who="1" fromWho="0" sc="193,-67,388,67,231,0,188,0" owari="126,-37.0,455,55.0,231,3.0,188,-21.0" />
</Scene>
</mjloggm>