<mjloggm ver="2.3"><GO type="169" lobby="0"/><UN n0="%61%68%68%68%68%68%68%61" n1="%E3%83%8F%E3%82%B4%E2%98%85%E6%B2%B3%E7%AB%A5" n2="%E3%81%82%E3%81%A4%E3%81%82%E3%81%A4%E6%B9%AF%E8%B1%86%E8%85%90" n3="%E5%A4%AA%E3%81%8F%E3%81%AA%E3%81%84%E3%81%8A" dan="16,16,17,17" rate="2068.08,2208.81,2164.27,2183.00" sx="M,M,F,M"/><TAIKYOKU oya="0"/>

<Scene>
<INIT seed="0,0,0,4,0,30" ten="250,250,250,250" oya="0" hai0="24,102,112,87,5,28,118,69,109,79,131,103,9" hai1="124,77,39,21,92,62,38,78,17,1,128,82,7" hai2="4,70,119,105,85,53,111,120,113,93,46,89,132" hai3="74,76,25,107,19,29,8,47,95,114,67,73,20"/><T26/><D69/><U126/><E128/><V96/><F113/><W15/><G107/><T10/><D112/><U106/><E106/><V3/><F120/><W18/><G114/><T110/><D118/><U75/><E77/><V91/><F119/><W32/><G67/><T60/><D131/><U41/><E62/><V63/><F111/><N who="0" m="42506" /><D60/><U56/><E56/><V12/><F3/><W13/><G76/><T72/><D72/><U0/><E92/><V125/><F132/><W81/><G81/><N who="0" m="47551" /><D26/><U43/><E39/><V51/><F70/><W86/><REACH who="3" step="1"/><G47/><REACH who="3" ten="250,250,250,240" step="2"/><T129/><D129/><U123/><E78/><V133/><F46/><W64/><G64/><T49/><D49/><U55/><E82/><V100/><F51/><W34/><G34/><N who="0" m="20743" /><D10/><U80/><E80/><V6/><F63/><W2/><G2/><AGARI ba="0,1" hai="2,5,9,102,103" m="20743,47551,42506" machi="2" ten="30,5800,0" yaku="14,1,10,1,52,1" doraHai="30" who="0" fromWho="3" sc="250,68,250,0,250,0,240,-58" />
</Scene>
<Scene>
<INIT seed="0,1,0,3,1,13" ten="318,250,250,182" oya="0" hai0="21,44,7,38,18,48,105,16,115,49,120,83,56" hai1="22,94,20,95,27,104,41,40,34,4,132,76,134" hai2="50,69,97,92,121,131,31,36,102,46,26,66,91" hai3="0,72,58,90,37,125,96,51,126,123,127,106,2"/><T11/><D105/><U133/><E104/><V15/><F121/><W39/><G72/><T119/><D120/><U81/><E34/><V12/><F36/><N who="3" m="13899" /><G123/><T1/><D119/><U25/><E4/><V124/><F124/><W29/><G29/><T79/><D115/><U63/><E63/><V43/><F131/><W59/><G51/><T61/><D21/><N who="1" m="8299" /><E81/><V99/><F66/><W113/><G113/><T74/><D49/><U108/><E76/><V112/><F69/><W75/><G75/><T70/><D70/><U110/><E94/><V30/><F112/><W111/><G111/><N who="1" m="42538" /><E95/><N who="2" m="58687" /><F26/><AGARI ba="1,0" hai="25,26,27,40,41,132,133,134" m="42538,8299" machi="26" ten="40,8000,1" yaku="28,2,20,1,14,1" doraHai="13" who="1" fromWho="2" sc="318,0,250,83,250,-83,182,0" />
</Scene>
<Scene>
<INIT seed="1,0,0,2,5,58" ten="318,333,167,182" oya="1" hai0="46,15,39,9,19,7,65,68,5,33,96,102,129" hai1="92,71,1,35,75,76,124,67,34,114,43,0,50" hai2="78,122,25,105,14,73,36,74,128,29,97,17,59" hai3="91,55,132,108,11,56,98,113,48,103,18,41,60"/><U3/><E114/><V118/><F122/><W57/><G113/><T87/><D129/><U130/><E130/><V22/><F118/><W85/><G108/><T20/><D33/><U127/><E92/><V28/><F128/><W27/><G132/><T4/><D87/><U100/><E100/><V63/><F36/><W94/><G41/><T79/><D79/><U80/><E43/><V90/><F78/><W24/><G11/><T26/><D39/><U134/><E50/><V126/><F126/><N who="1" m="48169" /><E134/><V6/><F6/><W8/><G8/><T53/><D65/><U13/><E13/><V99/><F29/><W77/><G77/><T82/><D82/><U110/><E110/><V81/><F105/><W62/><G18/><T107/><REACH who="0" step="1"/><D68/><REACH who="0" ten="308,333,167,182" step="2"/><U117/><E117/><V61/><F81/><N who="3" m="49583" /><G48/><AGARI ba="0,1" hai="4,5,7,9,15,19,20,26,46,48,53,96,102,107" machi="48" ten="40,1300,0" yaku="1,1,53,0" doraHai="58" doraHaiUra="135" who="0" fromWho="3" sc="308,23,333,0,167,0,182,-13" />
</Scene>
<Scene>
<INIT seed="2,0,0,2,5,51" ten="331,333,167,169" oya="2" hai0="11,37,81,16,5,38,26,127,15,82,3,4,95" hai1="71,61,88,101,93,77,23,12,125,116,111,19,130" hai2="114,59,44,35,73,14,131,2,118,70,8,107,129" hai3="18,115,106,56,85,42,128,69,132,103,76,55,109"/><V79/><F70/><W84/><G69/><T1/><D127/><U99/><E116/><V33/><F118/><W48/><G109/><T66/><D66/><U74/><E111/><V94/><F107/><W89/><G128/><N who="2" m="49225" /><F2/><W34/><G34/><T83/><D26/><U54/><E130/><V53/><F114/><W31/><G31/><T86/><D5/><U17/><E125/><V108/><F108/><W32/><G32/><T60/><D60/><U123/><E123/><V41/><F94/><W63/><G115/><T13/><D3/><U22/><E74/><V40/><F79/><W98/><G132/><T57/><D1/><U124/><E124/><V30/><F73/><W9/><G76/><T67/><D67/><U46/><E77/><V110/><F110/><W65/><G42/><N who="2" m="16489" /><F44/><W126/><G126/><T112/><D57/><N who="1" m="34999" /><E71/><V72/><F30/><W133/><G65/><T78/><D112/><U113/><E113/><V6/><F72/><W27/><G106/><T43/><D43/><U122/><E122/><V28/><F28/><W75/><G75/><T21/><D78/><U97/><E46/><V90/><F90/><W92/><G89/><T120/><D120/><U58/><E58/><V68/><F68/><W119/><G119/><T7/><D95/><U64/><E64/><V45/><F45/><W0/><G0/><T135/><D86/><N who="1" m="52375" /><E101/><V49/><AGARI ba="0,0" hai="6,8,14,33,35,49,53,59" m="16489,49225" machi="49" ten="30,3000,0" yaku="19,1,52,1" doraHai="51" who="2" fromWho="2" sc="331,-10,333,-10,167,30,169,-10" />
</Scene>
<Scene>
<INIT seed="2,1,0,0,2,28" ten="321,323,197,159" oya="2" hai0="132,30,33,14,47,90,55,98,61,17,107,65,52" hai1="35,133,64,58,8,16,10,4,122,2,97,69,94" hai2="126,54,73,1,24,135,42,104,118,77,23,88,96" hai3="39,31,76,109,44,120,3,80,66,25,63,51,91"/><V114/><F118/><W5/><G120/><T38/><D132/><U131/><E133/><V48/><F135/><W50/><G109/><T130/><D130/><U56/><E131/><V92/><F114/><W21/><G91/><T83/><D83/><U7/><E122/><V36/><F1/><W99/><G99/><T103/><D90/><U123/><E123/><V49/><F126/><W85/><G39/><T105/><D105/><U20/><E69/><V46/><F104/><W27/><G3/><T86/><D86/><U18/><E35/><V121/><F121/><W134/><G134/><T84/><D84/><U70/><E70/><V53/><F36/><W62/><G5/><N who="1" m="2122" /><E2/><V87/><F73/><W127/><G127/><T116/><D116/><U72/><E72/><V74/><F74/><W111/><G111/><T19/><D38/><U11/><E64/><V81/><REACH who="2" step="1"/><F49/><REACH who="2" ten="321,323,187,159" step="2"/><W37/><G37/><T12/><D107/><U128/><E128/><V125/><F125/><W95/><G51/><T79/><D61/><U113/><E113/><V119/><F119/><W112/><G112/><T41/><D79/><U71/><E71/><V93/><F93/><W110/><G95/><T101/><D101/><N who="1" m="60599" /><E18/><AGARI ba="1,1" hai="18,23,24,42,46,48,53,54,77,81,87,88,92,96" machi="18" ten="30,12000,1" yaku="1,1,7,1,8,1,54,1,53,1" doraHai="28" doraHaiUra="40" who="2" fromWho="1" sc="321,0,323,-123,187,133,159,0" />
</Scene>
<Scene>
<INIT seed="2,2,0,1,4,66" ten="321,200,320,159" oya="2" hai0="105,134,101,36,35,130,84,30,68,114,81,19,23" hai1="34,51,131,32,118,95,103,108,43,98,125,71,11" hai2="124,107,73,80,9,88,87,90,25,41,119,37,53" hai3="0,63,58,24,112,20,100,117,28,111,67,74,76"/><V104/><F119/><W56/><G117/><T82/><D36/><U126/><E118/><V93/><F124/><N who="1" m="47721" /><E108/><V39/><F73/><W89/><G0/><T120/><D114/><U14/><E131/><V3/><F53/><W31/><G111/><T132/><D120/><U18/><E71/><V70/><F70/><W45/><G112/><T33/><D68/><U7/><E7/><V21/><F9/><W83/><G100/><T109/><D109/><U27/><E27/><V78/><F3/><W72/><G72/><T15/><D130/><U62/><E62/><V2/><F2/><W116/><G116/><T50/><D50/><U97/><E97/><V59/><F59/><W65/><G45/><AGARI ba="2,0" hai="11,14,18,32,34,43,45,51,95,98,103" m="47721" machi="45" ten="30,1000,0" yaku="18,1" doraHai="66" who="1" fromWho="3" sc="321,0,200,16,320,0,159,-16" />
</Scene>
<Scene>
<INIT seed="3,0,0,5,0,116" ten="321,216,320,143" oya="3" hai0="70,40,81,97,68,135,128,121,62,72,132,106,74" hai1="103,7,102,94,12,86,113,50,126,124,8,119,99" hai2="3,66,105,104,22,20,25,84,78,90,130,18,2" hai3="14,123,46,107,133,110,49,63,9,91,48,111,41"/><W10/><G107/><T67/><D40/><U51/><E119/><V118/><F118/><W108/><G133/><N who="0" m="51275" /><D70/><U28/><E113/><V76/><F66/><W56/><G91/><T47/><D47/><U96/><E28/><V34/><F34/><W52/><G123/><T35/><D128/><U98/><E86/><V120/><F130/><W21/><REACH who="3" step="1"/><G63/><REACH who="3" ten="321,216,320,133" step="2"/><T54/><D121/><U131/><E131/><V77/><F104/><W61/><G61/><T58/><D106/><N who="1" m="63815" /><E99/><V80/><F105/><W122/><G122/><T30/><D97/><U88/><E103/><V60/><F120/><W1/><G1/><T89/><D89/><U44/><E88/><V6/><F60/><W16/><AGARI ba="0,1" hai="9,10,14,16,21,41,46,48,49,52,56,108,110,111" machi="16" ten="40,18000,2" yaku="1,1,0,1,14,1,10,1,54,2,53,0" doraHai="116" doraHaiUra="24" who="3" fromWho="3" sc="321,-60,216,-60,320,-60,133,190" />
</Scene>
<Scene>
<INIT seed="3,1,0,2,0,50" ten="261,156,260,323" oya="3" hai0="30,130,39,110,59,131,35,54,44,73,80,70,100" hai1="63,15,86,34,28,71,9,84,76,128,16,120,116" hai2="82,115,113,5,108,17,8,1,135,19,3,69,60" hai3="74,38,4,97,129,132,104,55,27,109,106,121,20"/><W112/><G121/><T40/><D70/><U56/><E120/><V10/><F82/><W18/><G112/><T36/><D110/><U95/><E71/><V0/><F69/><W25/><G38/><T7/><D100/><U87/><E128/><N who="0" m="49193" /><D7/><U61/><E116/><V52/><F108/><W99/><G129/><T114/><D114/><U64/><E34/><V85/><F85/><W134/><G109/><T90/><D39/><U101/><E28/><V78/><F78/><W119/><G74/><T124/><D124/><U98/><REACH who="1" step="1"/><E63/><REACH who="1" ten="261,146,260,323" step="2"/><V89/><F113/><W125/><G119/><T79/><D30/><U77/><AGARI ba="1,1" hai="9,15,16,56,61,64,76,77,84,86,87,95,98,101" machi="77" ten="30,8000,1" yaku="1,1,2,1,0,1,8,1,54,1,53,0" doraHai="50" doraHaiUra="126" who="1" fromWho="1" sc="261,-21,146,93,260,-21,323,-41" />
</Scene>
<Scene>
<INIT seed="4,0,0,5,5,106" ten="240,239,239,282" oya="0" hai0="2,128,90,29,99,37,58,121,40,91,46,44,122" hai1="131,119,97,55,88,27,5,0,112,61,57,75,133" hai2="51,22,53,67,54,59,116,20,77,72,12,82,81" hai3="78,42,125,35,132,24,68,7,26,134,94,19,98"/><T105/><D2/><U64/><E119/><V120/><F120/><W85/><G68/><T11/><D11/><U93/><E131/><V87/><F116/><W109/><G109/><T124/><D128/><U130/><E130/><V56/><F67/><W33/><G125/><T17/><D124/><U135/><E0/><V47/><F12/><W62/><G7/><T126/><D126/><U69/><E5/><V129/><F129/><W73/><G42/><T9/><D29/><U4/><E4/><V107/><F107/><W104/><G104/><T89/><D46/><U52/><E112/><V95/><F95/><W6/><G6/><T16/><D58/><U36/><E36/><V86/><F47/><W21/><G62/><T41/><D41/><U45/><E75/><V39/><F39/><W1/><G1/><T102/><REACH who="0" step="1"/><D17/><REACH who="0" ten="230,239,239,282" step="2"/><U92/><E45/><V80/><F72/><W34/><G73/><T66/><D66/><U118/><E118/><V111/><F111/><W100/><G134/><T28/><D28/><U63/><E55/><V18/><F18/><W50/><G132/><T115/><D115/><U14/><E133/><V8/><F8/><W30/><G30/><T74/><D74/><U76/><E135/><V3/><F3/><W60/><G19/><T43/><D43/><U70/><E52/><V10/><F10/><W23/><G35/><T25/><D25/><U31/><E14/><AGARI ba="0,1" hai="9,14,16,37,40,44,89,90,91,99,102,105,121,122" machi="14" ten="40,3900,0" yaku="1,1,54,1,53,0" doraHai="106" doraHaiUra="79" who="0" fromWho="1" sc="230,49,239,-39,239,0,282,0" />
</Scene>
<Scene>
<INIT seed="4,1,0,1,0,60" ten="279,200,239,282" oya="0" hai0="44,134,112,47,68,48,108,71,119,35,0,9,3" hai1="15,19,41,96,5,39,99,135,128,66,122,63,31" hai2="25,125,50,88,94,114,75,131,36,34,64,111,98" hai3="49,70,8,109,30,52,14,100,82,54,101,95,20"/><T104/><D104/><U10/><E122/><V7/><F111/><W55/><G109/><T42/><D108/><U26/><E128/><V129/><F36/><W84/><G70/><T69/><D35/><U106/><E135/><V116/><F75/><W107/><G107/><T28/><D28/><U17/><E39/><V97/><F114/><W93/><G49/><T83/><D119/><U37/><E37/><V90/><F116/><W24/><G100/><T78/><D112/><U132/><E41/><V117/><F117/><W62/><G101/><T123/><D123/><U87/><E132/><V133/><F133/><W76/><REACH who="3" step="1"/><G62/><REACH who="3" ten="279,200,239,272" step="2"/><T29/><D134/><U115/><E115/><V73/><F50/><W86/><G86/><N who="0" m="48503" /><D71/><U46/><E87/><V51/><F129/><W58/><G58/><T91/><D69/><U1/><E46/><V74/><F51/><W57/><G57/><T113/><D68/><U23/><E106/><V43/><F131/><W67/><G67/><T22/><D47/><U21/><E63/><V16/><F64/><W85/><G85/><T12/><D113/><U89/><E66/><V27/><F98/><W56/><G56/><T110/><D110/><U59/><E59/><V124/><F97/><W65/><G65/><T80/><D48/><U33/><REACH who="1" step="1"/><E89/><REACH who="1" ten="279,190,239,272" step="2"/><V105/><F88/><W45/><G45/><T40/><D44/><U32/><E32/><V120/><F90/><W103/><G103/><T72/><D42/><U127/><E127/><N who="2" m="48715" /><F34/><W77/><G77/><N who="0" m="44071" /><D91/><U18/><E18/><AGARI ba="1,2" hai="8,14,18,20,24,30,52,54,55,76,82,84,93,95" machi="18" ten="40,5200,0" yaku="1,1,8,1,54,1,53,0" doraHai="60" doraHaiUra="2" who="3" fromWho="1" sc="279,0,190,-55,239,0,272,75" />
</Scene>
<Scene>
<INIT seed="5,0,0,3,5,119" ten="279,135,239,347" oya="1" hai0="42,127,23,84,103,29,12,117,52,99,120,89,25" hai1="80,134,68,39,2,28,61,96,111,85,71,13,15" hai2="37,108,34,31,131,5,27,6,50,32,124,86,54" hai3="24,115,18,116,49,79,133,72,64,47,100,43,17"/><U125/><E2/><V59/><F108/><W109/><G109/><T110/><D110/><U69/><E111/><V46/><F124/><W36/><G116/><T19/><D117/><U94/><E39/><V128/><F34/><W70/><G115/><T9/><D127/><U129/><E125/><V60/><F37/><W4/><G133/><T73/><D73/><U82/><E134/><V0/><F86/><W75/><G100/><T16/><D42/><U35/><E61/><V122/><F122/><W104/><G104/><T66/><D120/><U121/><E121/><V44/><F44/><W21/><G4/><T91/><D66/><U81/><E85/><V93/><F93/><W114/><G114/><T87/><D29/><U14/><E129/><N who="2" m="49739" /><F0/><W101/><G36/><T90/><REACH who="0" step="1"/><D52/><AGARI ba="0,0" hai="5,6,27,31,32,46,50,52,54,59,60" m="49739" machi="52" ten="30,2000,0" yaku="19,1,54,1" doraHai="119" who="2" fromWho="0" sc="279,-20,135,0,239,20,347,0" />
</Scene>
<Scene>
<INIT seed="6,0,0,4,5,107" ten="259,135,259,347" oya="2" hai0="87,10,30,25,7,122,93,114,116,44,100,77,13" hai1="21,79,43,58,1,17,96,66,91,62,52,22,105" hai2="33,120,127,64,95,101,92,115,32,98,103,74,131" hai3="109,47,27,12,29,70,121,61,14,2,97,36,129"/><V26/><F120/><W102/><G2/><T59/><D122/><U82/><E1/><V111/><F115/><W23/><G109/><T112/><D116/><U119/><E119/><V133/><F111/><W11/><G121/><T20/><D59/><U56/><E43/><V108/><F108/><W4/><G129/><T104/><D104/><U126/><E126/><V16/><F131/><W132/><G132/><T99/><REACH who="0" step="1"/><D44/><REACH who="0" ten="249,135,259,347" step="2"/><U113/><E113/><V24/><F133/><W6/><G47/><T86/><D86/><U31/><E31/><V69/><F69/><W65/><G29/><T41/><D41/><U76/><E105/><V35/><F127/><W15/><G70/><T46/><D46/><U37/><E37/><V123/><F123/><W50/><G36/><T88/><D88/><U38/><E38/><V75/><F64/><W34/><G65/><T54/><D54/><U134/><E134/><V40/><F40/><W118/><G118/><T39/><D39/><U53/><E66/><V42/><F42/><W106/><G106/><T94/><D94/><U80/><E80/><AGARI ba="0,1" hai="7,10,13,20,25,30,77,80,87,93,99,100,112,114" machi="80" ten="40,2600,0" yaku="1,1,53,1" doraHai="107" doraHaiUra="9" who="0" fromWho="1" sc="249,36,135,-26,259,0,347,0" />
</Scene>
<Scene>
<INIT seed="7,0,0,2,2,7" ten="285,109,259,347" oya="3" hai0="108,88,5,64,48,96,97,134,91,45,23,130,132" hai1="59,29,119,116,33,102,3,123,68,56,25,14,43" hai2="120,4,36,72,26,57,62,104,74,117,82,38,80" hai3="53,70,131,61,126,93,109,21,111,37,2,9,86"/><W124/><G37/><T77/><D108/><N who="3" m="41545" /><G131/><T122/><D122/><U71/><E3/><V8/><F117/><W12/><G2/><T112/><D130/><U50/><E102/><V35/><F104/><W16/><G21/><T15/><D77/><U95/><E95/><V0/><F120/><W34/><G34/><T11/><D64/><U105/><E105/><V76/><F35/><W81/><G93/><T79/><D79/><U28/><E33/><V73/><F26/><W27/><G27/><T65/><D65/><U69/><E25/><V110/><F110/><W85/><G70/><T92/><D23/><U30/><E14/><V54/><REACH who="2" step="1"/><F82/><REACH who="2" ten="285,109,249,347" step="2"/><W83/><G83/><T89/><D112/><U118/><E123/><V63/><F63/><W66/><G81/><T106/><D106/><U100/><E100/><V42/><F42/><W128/><G128/><T103/><REACH who="0" step="1"/><D96/><REACH who="0" ten="275,109,249,347" step="2"/><U107/><REACH who="1" step="1"/><E107/><REACH who="1" ten="275,99,249,347" step="2"/><V67/><F67/><W84/><G66/><T75/><D75/><AGARI ba="0,3" hai="0,4,8,36,38,54,57,62,72,73,74,75,76,80" machi="75" ten="40,2600,0" yaku="1,1,52,1,53,0" doraHai="7" doraHaiUra="94" who="2" fromWho="0" sc="275,-26,99,0,249,56,347,0" owari="249,-15.0,99,-40.0,305,11.0,347,44.0" />
</Scene>
</mjloggm>