<mjloggm ver="2.3"><GO type="169"/><UN n0="%63%68%61%72%68%69%6D%65" n1="%E3%82%8A%E3%81%86%E3%82%8A%E3%81%86" n2="%E3%81%A7%E3%81%93%E3%81%98" n3="%E5%A4%AA%E3%81%8F%E3%81%AA%E3%81%84%E3%81%8A" dan="16,16,17,18" rate="2078,2006,2159,2210" sx="F,M,M,M"/><TAIKYOKU oya="0"/>

<Scene>
<INIT seed="0,0,0,2,2,124" ten="250,250,250,250" oya="0" hai0="114,84,77,93,99,133,10,53,73,12,1,31,100" hai1="59,46,49,111,98,132,11,36,57,65,109,83,69" hai2="7,60,43,17,21,18,70,120,23,42,41,72,33" hai3="52,13,91,22,26,82,79,119,95,75,35,27,45"/><T2/><D114/><U85/><E98/><V104/><F120/><W102/><G119/><T40/><D31/><U121/><E121/><V105/><F33/><W14/><G102/><T108/><D133/><U96/><E96/><V125/><F72/><W55/><G35/><T92/><D40/><U71/><E11/><V63/><F7/><W128/><G27/><T64/><D73/><U6/><E6/><V30/><F30/><W3/><G3/><T134/><D134/><U50/><E85/><V58/><F70/><W4/><G4/><T101/><D64/><U87/><E87/><V5/><F5/><W135/><G135/><T39/><D39/><U115/><E83/><V56/><REACH who="2" step="1"/><F43/><REACH who="2" ten="250,250,240,250" step="2"/><W24/><G75/><T16/><D2/><U126/><E132/><V107/><F107/><W62/><G79/><T103/><D1/><U8/><E71/><V66/><F66/><W122/><G122/><T38/><D38/><U76/><E69/><V0/><F0/><W129/><G55/><T28/><D28/><U19/><E36/><V44/><F44/><W88/><G45/><T117/><D53/><U78/><E65/><V118/><F118/><W113/><G52/><T80/><D117/><U86/><E46/><V130/><F130/><W74/><G129/><T90/><D108/><U29/><E111/><V81/><F81/><W54/><G128/><T110/><D110/><U25/><E29/><V47/><F47/><W15/><G74/><T67/><D67/><U131/><E131/><V51/><F51/><W112/><G54/><T34/><D34/><U97/><E109/><RYUUKYOKU ba="0,1" sc="250,15,250,-15,240,15,250,-15" hai0="10,12,16,77,80,84,90,92,93,99,100,101,103" hai2="17,18,21,23,41,42,56,58,60,63,104,105,125" />
</Scene>
<Scene>
<INIT seed="0,1,1,5,5,73" ten="265,235,255,235" oya="0" hai0="9,130,61,29,84,1,7,72,106,77,36,2,47" hai1="112,81,88,48,65,32,18,64,108,10,8,69,135" hai2="50,83,12,89,120,100,42,11,49,33,63,66,26" hai3="118,31,74,59,38,133,34,92,52,90,13,107,99"/><T41/><D106/><U132/><E32/><V22/><F120/><W19/><G118/><T56/><D130/><U116/><E116/><V122/><F33/><W82/><G38/><T111/><D29/><U109/><E48/><V60/><F122/><W131/><G131/><T28/><D28/><U58/><E58/><V114/><F114/><W17/><G133/><T45/><D45/><U30/><E30/><V105/><F105/><W3/><G3/><T70/><D70/><U119/><E69/><V53/><F100/><W76/><G107/><T95/><D2/><U16/><E81/><V127/><F42/><W68/><G68/><T43/><D43/><U6/><E6/><V5/><F127/><W23/><G19/><T46/><D46/><U37/><E119/><V97/><F66/><W67/><G67/><T86/><D95/><U20/><E20/><V55/><F50/><W93/><G93/><T51/><D51/><U115/><REACH who="1" step="1"/><E88/><REACH who="1" ten="265,225,255,235" step="2"/><V129/><F129/><W62/><G31/><T54/><REACH who="0" step="1"/><D111/><REACH who="0" ten="255,225,255,235" step="2"/><U113/><E113/><V134/><F49/><W104/><G34/><T21/><D21/><U101/><E101/><V124/><F22/><W98/><REACH who="3" step="1"/><G104/><REACH who="3" ten="255,225,255,225" step="2"/><T0/><D0/><U125/><E125/><V80/><F124/><W71/><G71/><T85/><D85/><AGARI ba="1,4" hai="13,17,23,52,59,62,74,76,82,85,90,92,98,99" machi="85" ten="30,7700,0" yaku="1,1,7,1,52,1,54,1,53,0" doraHai="73" doraHaiUra="35" who="3" fromWho="0" sc="255,-80,225,0,255,0,225,120" />
</Scene>
<Scene>
<INIT seed="1,0,0,5,4,112" ten="175,225,255,345" oya="1" hai0="30,74,55,70,97,12,40,92,131,110,117,24,105" hai1="69,104,14,120,54,88,48,67,87,129,4,47,62" hai2="41,134,80,76,123,37,1,32,5,51,103,38,3" hai3="115,100,13,98,116,45,10,89,39,16,6,58,71"/><U107/><E120/><V78/><F123/><W49/><G115/><T28/><D117/><U18/><E4/><V61/><F32/><W114/><G114/><T106/><D70/><U22/><REACH who="1" step="1"/><E129/><REACH who="1" ten="175,215,255,345" step="2"/><V59/><F5/><W73/><G6/><T63/><D131/><U113/><E113/><V99/><F3/><W121/><G121/><T66/><D110/><U82/><AGARI ba="0,1" hai="14,18,22,47,48,54,62,67,69,82,87,88,104,107" machi="82" ten="20,7800,0" yaku="1,1,0,1,7,1,54,1,53,0" doraHai="112" doraHaiUra="108" who="1" fromWho="1" sc="175,-26,215,88,255,-26,345,-26" />
</Scene>
<Scene>
<INIT seed="1,1,0,2,3,124" ten="149,303,229,319" oya="1" hai0="68,58,17,30,110,84,29,53,86,72,89,107,3" hai1="49,32,78,100,118,130,117,106,59,33,2,36,85" hai2="51,90,1,9,42,60,21,45,0,57,14,52,38" hai3="105,82,77,74,6,43,62,50,87,75,37,115,129"/><U101/><E36/><V103/><F103/><W88/><G115/><T83/><D72/><U16/><E2/><V123/><F123/><W65/><G105/><T119/><D119/><U7/><E7/><V98/><F21/><W111/><G111/><T66/><D3/><U61/><E49/><V12/><F12/><W126/><G126/><T99/><D110/><U69/><E69/><V135/><F135/><W25/><G6/><T116/><D116/><U47/><E47/><V31/><F31/><W91/><G37/><T44/><D44/><U28/><E28/><V80/><F38/><W13/><G13/><T127/><D127/><U73/><E73/><V55/><F42/><W22/><G50/><T40/><D40/><U96/><E101/><V109/><F109/><W67/><G75/><T64/><D68/><U112/><E112/><V125/><F125/><W5/><G5/><T121/><D121/><U70/><E70/><V10/><F10/><W19/><G43/><T11/><D99/><U76/><E96/><V134/><F134/><W132/><G132/><T93/><D107/><U20/><E106/><V79/><F79/><W128/><G91/><N who="0" m="53479" /><D17/><U24/><E16/><N who="2" m="8271" /><F98/><W95/><REACH who="3" step="1"/><G67/><REACH who="3" ten="149,303,229,309" step="2"/><N who="0" m="25643" /><D11/><U26/><E118/><V108/><F108/><W131/><G131/><T46/><D46/><U133/><E130/><V102/><F102/><W97/><G97/><T63/><AGARI ba="1,1" hai="29,30,53,58,63,83,86,89" m="25643,53479" machi="63" ten="30,1100,0" yaku="8,1" doraHai="124" who="0" fromWho="0" sc="149,24,303,-6,229,-4,309,-4" />
</Scene>
<Scene>
<INIT seed="2,0,0,3,5,95" ten="173,297,225,305" oya="2" hai0="60,8,97,119,123,30,89,52,135,62,86,121,93" hai1="16,38,109,76,110,25,73,105,78,63,57,116,81" hai2="133,20,40,61,18,90,115,29,58,71,54,15,55" hai3="77,113,98,118,127,70,36,72,6,114,75,67,31"/><V46/><F115/><W3/><G118/><T80/><D119/><U84/><E38/><V82/><F133/><W33/><G36/><T92/><D135/><U124/><E105/><V7/><F71/><W2/><G127/><T112/><D112/><N who="3" m="43113" /><G98/><N who="0" m="57615" /><D121/><U23/><E124/><V120/><F120/><W64/><G6/><T21/><D8/><U79/><E116/><V87/><F7/><W19/><G19/><T59/><D123/><U88/><REACH who="1" step="1"/><E73/><REACH who="1" ten="173,287,225,305" step="2"/><V130/><F130/><W14/><G75/><T104/><D104/><U134/><E134/><V51/><REACH who="2" step="1"/><F29/><REACH who="2" ten="173,287,215,305" step="2"/><W9/><G31/><T94/><D30/><U103/><E103/><V49/><F49/><W96/><G70/><T10/><D62/><U108/><E108/><V4/><F4/><W24/><G3/><T56/><D60/><U68/><E68/><V5/><F5/><W122/><G2/><T74/><D74/><U0/><E0/><V65/><AGARI ba="0,2" hai="15,18,20,40,46,51,54,55,58,61,65,82,87,90" machi="65" ten="20,7800,0" yaku="1,1,0,1,7,1,8,1,53,0" doraHai="95" doraHaiUra="27" who="2" fromWho="2" sc="173,-26,287,-26,215,98,305,-26" />
</Scene>
<Scene>
<INIT seed="2,1,0,2,5,30" ten="147,261,313,279" oya="2" hai0="25,65,21,122,20,66,68,74,16,17,8,56,67" hai1="109,81,90,111,121,116,82,57,52,22,33,6,42" hai2="92,77,11,28,105,55,3,47,71,114,23,104,63" hai3="89,54,12,7,49,110,13,115,73,83,119,127,95"/><V107/><F114/><W40/><G119/><T96/><D122/><U117/><E42/><V5/><F77/><W45/><G115/><T29/><D74/><U44/><E44/><V70/><F92/><W53/><G110/><T59/><D68/><U27/><E6/><V86/><F86/><W1/><G1/><T72/><D72/><U50/><E121/><V125/><F125/><W76/><G127/><T118/><D118/><U98/><E117/><V24/><REACH who="2" step="1"/><F63/><REACH who="2" ten="147,261,303,279" step="2"/><W62/><G62/><T15/><REACH who="0" step="1"/><D96/><REACH who="0" ten="137,261,303,279" step="2"/><U93/><E116/><V36/><F36/><W18/><G73/><T37/><D37/><U88/><E111/><V84/><F84/><W35/><G76/><T39/><D39/><U26/><E109/><V130/><F130/><W64/><G83/><T131/><D131/><U14/><E82/><V97/><F97/><W133/><G95/><T102/><D102/><U91/><E81/><V124/><F124/><W60/><G89/><T9/><D9/><U94/><E94/><V31/><F31/><W51/><G60/><T103/><D103/><U41/><E91/><V4/><F4/><W2/><G7/><T19/><D19/><U34/><E90/><V38/><F38/><W100/><G18/><T79/><D79/><U135/><E98/><V129/><F129/><W132/><G100/><T46/><D46/><U61/><E93/><V106/><N who="2" m="27136" /><DORA hai="69" /><V108/><F108/><W101/><G101/><T87/><D87/><U43/><E88/><V75/><F75/><W99/><G45/><T126/><D126/><U85/><E85/><V32/><F32/><RYUUKYOKU ba="1,2" sc="137,15,261,-15,303,15,279,-15" hai0="8,15,16,17,20,21,25,29,56,59,65,66,67" hai2="3,5,11,23,24,28,47,55,70,71" />
</Scene>
<Scene>
<INIT seed="2,2,2,4,2,51" ten="152,246,318,264" oya="2" hai0="38,40,130,114,15,104,78,129,50,118,47,3,5" hai1="132,83,124,37,11,54,85,39,101,103,41,6,20" hai2="135,98,2,35,12,30,23,76,36,34,72,31,113" hai3="77,17,59,127,43,121,120,52,112,79,22,65,134"/><V1/><F36/><W100/><G43/><T92/><D114/><U10/><E39/><V131/><F98/><W21/><G100/><T111/><D104/><U33/><E33/><N who="2" m="12299" /><F76/><W86/><G65/><T53/><D111/><U125/><E41/><V95/><F95/><W102/><G102/><T4/><D118/><U87/><E37/><V45/><F45/><W14/><G112/><T94/><D78/><U27/><E103/><V66/><F66/><W75/><G75/><T62/><D3/><N who="2" m="1034" /><F72/><W49/><G79/><T9/><D4/><U8/><E6/><V60/><F60/><W26/><G127/><T55/><D62/><U32/><E101/><V63/><F63/><W57/><G57/><T48/><D38/><U133/><E124/><V106/><F106/><W117/><G117/><T107/><D107/><U115/><E125/><V28/><F113/><W71/><G71/><T67/><D67/><U18/><E87/><V123/><F123/><W56/><G56/><N who="0" m="32807" /><D40/><U73/><E73/><V93/><F93/><W70/><G70/><T74/><D74/><U69/><E69/><V64/><F64/><W80/><REACH who="3" step="1"/><G134/><REACH who="3" ten="152,246,318,254" step="2"/><T82/><D82/><U44/><E133/><V116/><F116/><W42/><G42/><T99/><D99/><U58/><E132/><V0/><F135/><W126/><G126/><T13/><D94/><U96/><E96/><V97/><F97/><W108/><G108/><T46/><D92/><U88/><E115/><V25/><F0/><W19/><AGARI ba="2,3" hai="14,17,19,21,22,26,49,52,59,77,80,86,120,121" machi="19" ten="20,8000,1" yaku="1,1,0,1,7,1,52,1,54,1,53,0" doraHai="51" doraHaiUra="61" who="3" fromWho="3" sc="152,-22,246,-22,318,-42,254,116" />
</Scene>
<Scene>
<INIT seed="3,0,0,4,4,69" ten="130,224,276,370" oya="3" hai0="72,110,35,73,103,37,57,98,7,96,128,83,111" hai1="24,9,99,32,68,123,65,27,67,58,114,0,120" hai2="59,119,13,28,20,135,87,115,127,55,81,1,4" hai3="54,80,104,48,51,94,131,109,89,44,16,117,66"/><W95/><G117/><T75/><D35/><U85/><E114/><V100/><F115/><W50/><G104/><T126/><D7/><U82/><E68/><V22/><F119/><W41/><G131/><T40/><D57/><U116/><E116/><V133/><F127/><W71/><G109/><N who="0" m="41483" /><D126/><U46/><E99/><N who="0" m="37929" /><D103/><U2/><E2/><V107/><F100/><W63/><G16/><T76/><D128/><U56/><E46/><AGARI ba="0,0" hai="37,40,46,72,73,75,76,83" m="37929,41483" machi="46" ten="30,2000,0" yaku="14,1,52,1" doraHai="69" who="0" fromWho="1" sc="130,20,224,-20,276,0,370,0" />
</Scene>
<Scene>
<INIT seed="4,0,0,0,0,79" ten="150,204,276,370" oya="0" hai0="78,5,38,126,68,134,17,108,16,133,41,104,93" hai1="92,73,117,45,91,31,82,52,115,37,62,128,11" hai2="124,80,53,12,15,98,118,48,81,69,33,87,100" hai3="22,14,19,36,102,89,56,74,20,99,0,4,49"/><T18/><D104/><U1/><E31/><V116/><F69/><W110/><G110/><T67/><D108/><U25/><E25/><V27/><F124/><W103/><G36/><T101/><D5/><U61/><E117/><N who="2" m="45163" /><F27/><W51/><G74/><T132/><D78/><U54/><E62/><V122/><F33/><W123/><G123/><T105/><D105/><U121/><E61/><V86/><F122/><W119/><G119/><T43/><D126/><U96/><E121/><V77/><F98/><W57/><G0/><T85/><D38/><U30/><E30/><V120/><F100/><N who="3" m="38443" /><G4/><T84/><D67/><U28/><E28/><V127/><F120/><W135/><G22/><T83/><D68/><U114/><E1/><V64/><F64/><W70/><G135/><T35/><D35/><U34/><E11/><V112/><F127/><W9/><G9/><T63/><D63/><U58/><E34/><V40/><F40/><N who="0" m="15434" /><D83/><N who="2" m="31818" /><F112/><W24/><G70/><T39/><D39/><U6/><E37/><V107/><F107/><W75/><G51/><T130/><D130/><U94/><E128/><V72/><F72/><W50/><G75/><T13/><D13/><N who="2" m="5194" /><F77/><W113/><G113/><T125/><D125/><U42/><E115/><V8/><F8/><W55/><G14/><T109/><D109/><U29/><E114/><V26/><F26/><W2/><G2/><T129/><D129/><U97/><E42/><V88/><F88/><W76/><G76/><T95/><D101/><U106/><E106/><V44/><AGARI ba="0,0" hai="44,48,53,86,87" m="5194,31818,45163" machi="44" ten="30,7900,0" yaku="12,1,52,3" doraHai="79" who="2" fromWho="2" sc="150,-39,204,-20,276,79,370,-20" />
</Scene>
<Scene>
<INIT seed="5,0,0,1,0,43" ten="111,184,355,350" oya="1" hai0="85,134,110,46,93,119,18,49,103,120,95,56,114" hai1="17,77,116,23,64,62,60,1,108,113,35,132,90" hai2="131,21,71,124,125,48,3,96,115,74,102,34,2" hai3="12,19,98,61,29,87,38,36,117,7,40,72,127"/><U22/><E35/><V84/><F34/><W128/><G72/><T99/><D110/><U122/><E122/><V91/><F74/><W11/><G128/><T75/><D119/><U105/><E1/><V86/><F71/><W80/><G117/><T109/><D109/><U63/><E116/><V69/><F69/><W81/><G127/><T42/><D120/><U78/><E64/><V25/><F131/><W92/><G29/><T70/><D70/><U106/><E108/><V68/><F68/><W31/><G31/><T89/><D134/><U41/><E132/><V30/><F48/><W45/><G61/><T57/><D75/><U107/><E41/><V26/><F26/><W101/><G36/><T50/><D114/><U0/><E0/><V104/><F115/><W53/><G53/><T55/><REACH who="0" step="1"/><D18/><REACH who="0" ten="101,184,355,350" step="2"/><U14/><E113/><V66/><F124/><W94/><G19/><T8/><D8/><U44/><E44/><AGARI ba="0,1" hai="42,44,46,49,50,55,56,57,85,89,93,95,99,103" machi="44" ten="30,8000,1" yaku="1,1,7,1,8,1,52,2,53,0" doraHai="43" doraHaiUra="100" who="0" fromWho="1" sc="101,90,184,-80,355,0,350,0" />
</Scene>
<Scene>
<INIT seed="6,0,0,1,1,77" ten="191,104,355,350" oya="2" hai0="128,28,84,129,37,78,8,118,24,87,113,122,94" hai1="29,32,52,121,45,39,4,116,65,46,0,93,13" hai2="99,9,36,33,114,105,72,64,88,132,101,66,80" hai3="30,69,110,70,83,53,95,38,21,126,79,131,23"/><V82/><F36/><W108/><G38/><T102/><D37/><U111/><E116/><V107/><F33/><W133/><G53/><T22/><D122/><U19/><E111/><V40/><F40/><W3/><G3/><T57/><D118/><U55/><E121/><V104/><F9/><W125/><G95/><T12/><D113/><U91/><E65/><V100/><F114/><W51/><G51/><T103/><D57/><U67/><E67/><N who="2" m="25643" /><F99/><W5/><G5/><T42/><D42/><U123/><E123/><V106/><F132/><W7/><G7/><T25/><D25/><U59/><E4/><V35/><F35/><W109/><G133/><T10/><D12/><U86/><E0/><V41/><F41/><W43/><G43/><T76/><D94/><U6/><E6/><V68/><F68/><N who="3" m="26219" /><G30/><T26/><D28/><U124/><E55/><V48/><F48/><W17/><G17/><T97/><D97/><U130/><E39/><V119/><F119/><W134/><G134/><T90/><D90/><U120/><E120/><V85/><F104/><W74/><G131/><T81/><D22/><U1/><E130/><V62/><F62/><W63/><G63/><T34/><REACH who="0" step="1"/><D34/><REACH who="0" ten="181,104,355,350" step="2"/><U115/><E115/><V16/><F88/><W58/><G58/><T11/><D11/><U20/><E1/><V44/><F106/><W71/><G71/><T49/><D49/><N who="1" m="31119" /><E124/><AGARI ba="0,1" hai="21,23,74,79,83,108,109,110,124,125,126" m="26219" machi="124" ten="40,2600,0" yaku="18,1,52,1" doraHai="77" who="3" fromWho="1" sc="181,0,104,-26,355,0,350,36" />
</Scene>
<Scene>
<INIT seed="7,0,0,1,3,34" ten="181,78,355,386" oya="3" hai0="124,37,105,11,17,41,127,27,114,14,91,6,15" hai1="120,97,123,122,48,89,94,5,19,96,88,102,111" hai2="108,54,70,116,133,103,76,110,36,26,73,22,125" hai3="129,10,8,12,86,7,83,30,4,71,109,74,0"/><W93/><G71/><T118/><D105/><U72/><E19/><V35/><F116/><W49/><G129/><T29/><D37/><U85/><E48/><V55/><F35/><W78/><G109/><T69/><D69/><U38/><E5/><V20/><F70/><W101/><G30/><T61/><D61/><U25/><E25/><V21/><F36/><W59/><G101/><T24/><D41/><U63/><E63/><V23/><F125/><N who="0" m="48202" /><D118/><U52/><E52/><V40/><F40/><W45/><G59/><T119/><D119/><U57/><E57/><V53/><F133/><W75/><G93/><T115/><D91/><U95/><E38/><V67/><F67/><W82/><G82/><T43/><D43/><AGARI ba="0,0" hai="0,4,7,8,10,12,43,45,49,74,75,78,83,86" machi="43" ten="30,11600,0" yaku="7,1,25,2,52,1" doraHai="34" who="3" fromWho="0" sc="181,-116,78,0,355,0,386,116" owari="65,-43.0,78,-32.0,355,16.0,502,59.0" />
</Scene>
</mjloggm>