<mjloggm ver="2.3"><GO type="169"/><UN n0="%E3%83%AD%E3%83%AA%E3%83%BC%E3%82%BF%E3%81%AA%E7%84%BC%E8%82%89" n1="%E3%81%94%E3%81%98%E3%82%83%E3%82%8B" n2="%E5%A4%AA%E3%81%8F%E3%81%AA%E3%81%84%E3%81%8A" n3="%E9%B7%B9%EF%BC%93" dan="16,17,18,16" rate="2122,2160,2197,2081" sx="M,M,M,M"/><TAIKYOKU oya="0"/>

<Scene>
<INIT seed="0,0,0,2,0,19" ten="250,250,250,250" oya="0" hai0="132,99,27,49,108,3,85,54,89,87,41,118,103" hai1="109,84,83,120,12,63,78,77,29,69,10,61,123" hai2="72,18,126,42,95,71,60,66,44,35,36,37,122" hai3="56,2,80,32,40,70,82,114,111,115,46,13,93"/><T48/><D3/><U7/><E109/><V14/><F122/><W135/><G135/><T38/><D38/><U90/><E29/><V20/><F72/><W88/><G70/><T8/><D132/><U104/><E104/><V68/><F35/><W4/><G32/><T59/><D118/><U24/><E24/><V107/><F107/><W98/><G111/><T86/><D108/><U67/><E63/><V34/><F34/><W58/><G2/><T30/><D8/><U0/><E0/><V94/><F126/><W57/><G115/><T21/><D89/><U55/><E55/><V128/><F128/><W75/><G114/><T28/><D28/><U43/><E43/><V116/><F116/><W131/><G75/><T92/><REACH who="0" step="1"/><D41/><REACH who="0" ten="240,250,250,250" step="2"/><U129/><E129/><V65/><F36/><W25/><G131/><T11/><D11/><U91/><E91/><V81/><F37/><W23/><G40/><T53/><D53/><U6/><E90/><V51/><F42/><W39/><G39/><T112/><D112/><U26/><E78/><V119/><F119/><W64/><G64/><T47/><D47/><U133/><E133/><V105/><F44/><W110/><G46/><T79/><D79/><U74/><E77/><V45/><F66/><W62/><G110/><T31/><D31/><U52/><E67/><V101/><F68/><W113/><G113/><T22/><D22/><U50/><E69/><V106/><F71/><W15/><G23/><T96/><D96/><U125/><E10/><V124/><F65/><W117/><G117/><T121/><D121/><U9/><E123/><RYUUKYOKU ba="0,1" sc="240,30,250,-10,250,-10,250,-10" hai0="21,27,30,48,49,54,59,85,86,87,92,99,103" />
</Scene>
<Scene>
<INIT seed="0,1,1,1,1,65" ten="270,240,240,240" oya="0" hai0="54,17,121,127,81,20,37,16,12,53,50,75,70" hai1="134,24,116,95,25,41,0,97,62,89,73,38,132" hai2="126,99,5,60,4,94,78,44,91,55,66,110,61" hai3="30,86,125,56,59,28,67,47,34,9,135,15,113"/><T130/><D121/><U103/><E116/><V22/><F110/><W79/><G113/><T7/><D37/><U101/><E73/><V109/><F109/><W117/><G117/><T19/><D130/><U100/><E0/><V128/><F128/><W83/><G135/><N who="1" m="51754" /><E62/><V122/><F122/><W118/><G125/><T58/><D127/><U57/><E57/><N who="2" m="37167" /><F126/><W104/><G104/><T46/><D70/><U96/><E96/><V69/><F69/><W6/><G118/><T26/><D75/><U82/><E82/><V98/><F98/><W84/><G34/><T74/><D74/><U88/><E89/><V29/><F78/><W48/><G86/><T93/><D81/><U123/><E123/><V27/><F60/><N who="3" m="38279" /><G59/><T52/><D93/><U49/><E38/><V133/><F133/><W90/><G90/><T85/><D85/><U102/><E102/><V14/><F14/><W77/><G77/><T2/><D2/><U112/><E112/><V111/><F111/><W11/><G11/><N who="0" m="4223" /><D58/><U72/><E72/><V105/><F105/><W45/><G45/><AGARI ba="1,1" hai="24,25,41,45,49,88,95,97,100,101,103" m="51754" machi="45" ten="30,2000,0" yaku="20,1,54,1" doraHai="65" who="1" fromWho="3" sc="270,0,240,33,240,0,240,-23" />
</Scene>
<Scene>
<INIT seed="1,0,0,5,4,59" ten="270,273,240,217" oya="1" hai0="35,64,6,99,28,26,97,25,89,19,78,82,63" hai1="66,124,65,2,85,23,41,13,134,83,34,9,10" hai2="46,0,121,103,95,120,112,93,57,108,39,40,132" hai3="117,33,62,96,51,48,60,128,8,79,52,5,3"/><U22/><E34/><V18/><F0/><W12/><G33/><T69/><D6/><U118/><E118/><V44/><F108/><W38/><G38/><T31/><D19/><U125/><E2/><V27/><F132/><W84/><G128/><T129/><D129/><U56/><E41/><V16/><F112/><W15/><G117/><T114/><D114/><U135/><E13/><V4/><F4/><W104/><G48/><T29/><D89/><U100/><E56/><V74/><F74/><W47/><G3/><T123/><D123/><U68/><E100/><V73/><F73/><W119/><G119/><T101/><D26/><U11/><E85/><V92/><F103/><W67/><G104/><N who="0" m="63535" /><D99/><U116/><E116/><V105/><F105/><W14/><G96/><T109/><D109/><U91/><E91/><V49/><F57/><W71/><REACH who="3" step="1"/><G62/><REACH who="3" ten="270,273,240,207" step="2"/><T50/><D50/><U17/><E135/><V53/><F121/><W1/><G1/><T126/><D126/><U32/><E134/><V37/><F120/><W106/><G106/><T54/><D54/><U75/><E32/><V113/><F113/><W127/><G127/><T94/><D94/><U111/><E111/><V42/><F39/><W43/><G43/><T21/><D35/><U81/><E125/><V7/><F42/><W115/><G115/><T80/><D80/><AGARI ba="0,1" hai="5,8,12,14,15,47,51,52,60,67,71,79,80,84" machi="80" ten="40,5200,0" yaku="1,1,52,1,54,1,53,0" doraHai="59" doraHaiUra="102" who="3" fromWho="0" sc="270,-52,273,0,240,0,207,62" />
</Scene>
<Scene>
<INIT seed="2,0,0,4,5,98" ten="218,273,240,269" oya="2" hai0="94,77,90,11,16,6,26,31,41,65,113,23,10" hai1="109,123,13,12,0,3,133,92,42,135,102,110,15" hai2="25,127,103,9,18,97,24,128,27,85,74,105,130" hai3="121,39,120,82,116,57,132,46,89,29,72,63,78"/><V86/><F74/><W52/><G116/><T28/><D113/><U80/><E80/><V58/><F127/><W14/><G132/><N who="1" m="50762" /><E42/><V112/><F112/><W36/><G29/><N who="0" m="11339" /><D77/><U96/><E123/><V17/><F58/><W22/><G89/><T33/><D65/><U95/><E95/><V61/><F61/><W38/><REACH who="3" step="1"/><G46/><REACH who="3" ten="218,273,240,259" step="2"/><T66/><D33/><U62/><E62/><V124/><F124/><W91/><G91/><T34/><D34/><U71/><E71/><V75/><F128/><W119/><G119/><T51/><D66/><U108/><AGARI ba="0,1" hai="0,3,12,13,15,92,96,102,108,109,110" m="50762" machi="108" ten="40,5200,0" yaku="14,1,20,1,52,1" doraHai="98" who="1" fromWho="1" sc="218,-13,273,62,240,-26,259,-13" />
</Scene>
<Scene>
<INIT seed="3,0,0,5,4,102" ten="205,335,214,246" oya="3" hai0="31,127,123,18,118,0,112,23,108,111,10,53,42" hai1="83,28,57,97,85,22,20,12,134,52,49,130,89" hai2="133,9,25,54,56,126,106,94,37,2,35,80,82" hai3="63,78,131,129,128,21,75,90,124,39,51,74,104"/><W8/><G39/><T19/><D42/><U65/><E134/><V100/><F37/><W11/><G124/><T114/><D53/><U132/><E132/><V26/><F133/><W47/><G63/><T7/><D123/><U113/><E113/><N who="0" m="43625" /><D118/><U29/><E130/><V110/><F126/><W1/><G90/><T55/><D55/><U91/><E65/><V72/><F94/><W95/><G95/><T122/><D122/><U73/><E73/><N who="3" m="27658" /><G78/><T62/><D62/><U66/><E66/><V76/><F80/><W13/><G1/><T40/><D40/><U67/><E67/><V38/><F38/><W45/><G104/><T61/><D61/><U41/><E41/><V30/><F2/><W27/><G51/><T86/><D86/><U4/><E97/><V116/><F116/><W50/><G50/><T77/><D77/><U120/><E120/><V43/><F43/><W117/><G117/><T34/><D127/><U58/><E91/><V36/><F36/><W92/><G92/><T48/><D48/><U5/><E58/><V88/><F88/><W60/><G60/><T87/><D87/><U99/><E99/><V32/><F56/><W84/><G84/><T135/><D135/><U79/><E89/><V33/><F54/><W69/><G69/><T81/><D81/><U101/><E101/><V15/><F100/><W70/><G70/><T46/><D46/><N who="3" m="17417" /><G13/><N who="0" m="9711" /><D18/><AGARI ba="0,0" hai="8,11,18,21,27,128,129,131" m="17417,27658" machi="18" ten="40,2000,0" yaku="19,1" doraHai="102" who="3" fromWho="0" sc="205,-20,335,0,214,0,246,20" />
</Scene>
<Scene>
<INIT seed="3,1,0,4,4,28" ten="185,335,214,266" oya="3" hai0="38,11,101,92,105,54,50,124,116,102,16,69,86" hai1="22,21,49,120,106,103,36,4,107,90,97,76,94" hai2="51,20,112,44,82,77,111,131,39,93,78,63,8" hai3="59,60,132,109,58,100,84,96,64,32,43,80,126"/><W65/><G132/><T13/><D69/><U115/><E36/><V114/><F39/><W12/><G126/><T122/><D38/><U99/><E120/><V81/><F111/><W130/><G130/><T110/><D124/><U18/><E115/><V55/><F131/><W118/><G118/><T128/><D128/><U48/><E4/><V71/><F8/><W40/><G109/><T25/><D105/><U9/><E76/><V123/><F123/><W104/><G32/><T98/><D122/><U68/><E68/><V79/><F93/><W15/><G43/><T2/><D2/><U56/><E107/><V83/><REACH who="2" step="1"/><F20/><REACH who="2" ten="185,335,204,266" step="2"/><W74/><G40/><T6/><D110/><U34/><E9/><V5/><F5/><W41/><G41/><T72/><D116/><U33/><E22/><V52/><F52/><W45/><G45/><T134/><D134/><U85/><E99/><V0/><F0/><W108/><G108/><T27/><D72/><U117/><E117/><V75/><F75/><W53/><G74/><T30/><D102/><U14/><E49/><V46/><F46/><W133/><G133/><T29/><D86/><U7/><E7/><V88/><F88/><W87/><G87/><T67/><D67/><AGARI ba="1,1" hai="44,51,55,63,67,71,77,78,79,81,82,83,112,114" machi="67" ten="40,1300,0" yaku="1,1,53,0" doraHai="28" doraHaiUra="24" who="2" fromWho="0" sc="185,-16,335,0,204,26,266,0" />
</Scene>
<Scene>
<INIT seed="4,0,0,5,5,127" ten="169,335,230,266" oya="0" hai0="39,66,91,15,46,72,92,114,126,123,98,110,55" hai1="117,89,36,57,113,33,132,121,22,60,12,37,14" hai2="17,111,104,88,124,83,38,10,68,45,97,18,64" hai3="107,49,73,93,41,34,99,96,19,0,116,128,95"/><T28/><D126/><U35/><E117/><V62/><F124/><W81/><G34/><T131/><D123/><U120/><E132/><V54/><F111/><W85/><G0/><T82/><D114/><U100/><E100/><V32/><F32/><W7/><G7/><T105/><D110/><U79/><E79/><V74/><F10/><W4/><G116/><T101/><D66/><U23/><E57/><V53/><F104/><W50/><G4/><T8/><D28/><U129/><E60/><V77/><F38/><W59/><G73/><T109/><D109/><U70/><E89/><V24/><F24/><W5/><G5/><T133/><D133/><U42/><E42/><V135/><F135/><W67/><G19/><T6/><D131/><U30/><E30/><V47/><F47/><W130/><G107/><T65/><D65/><U84/><E84/><V106/><F106/><W9/><G9/><T26/><D26/><U21/><E21/><V29/><F29/><W2/><G2/><T20/><D20/><U80/><E80/><V78/><F78/><N who="3" m="46263" /><G41/><T112/><D112/><U43/><E43/><V103/><F103/><N who="3" m="60815" /><G128/><T71/><D71/><U115/><E70/><V119/><F119/><W122/><G130/><AGARI ba="0,0" hai="12,14,22,23,33,35,36,37,113,115,120,121,129,130" machi="130" ten="25,6400,0" yaku="22,2,52,2" doraHai="127" who="1" fromWho="3" sc="169,0,335,64,230,0,266,-64" />
</Scene>
<Scene>
<INIT seed="5,0,0,2,3,121" ten="169,399,230,202" oya="1" hai0="47,95,32,16,55,27,116,129,99,41,105,100,61" hai1="0,69,59,89,131,110,4,5,114,118,71,7,48" hai2="25,18,88,78,94,44,42,19,122,56,39,126,104" hai3="29,77,14,111,70,132,79,135,17,93,54,57,22"/><U130/><E118/><V64/><F122/><W33/><G70/><T82/><D116/><U92/><E0/><V113/><F104/><W8/><G111/><T81/><D129/><N who="1" m="49163" /><E114/><V58/><F126/><W43/><G33/><T107/><D107/><U20/><E20/><V119/><F119/><W35/><G35/><T120/><D105/><U108/><E71/><V91/><F78/><W115/><G115/><T15/><D120/><U46/><E59/><V21/><F113/><W66/><G43/><T75/><D75/><U12/><E12/><V67/><F19/><W96/><G66/><T13/><D32/><U84/><E69/><V26/><F26/><W103/><G8/><T80/><D61/><U101/><E101/><V127/><F127/><W38/><G29/><T11/><D55/><AGARI ba="0,0" hai="4,5,7,46,48,55,84,89,92,108,110" m="49163" machi="55" ten="30,5800,0" yaku="19,1,52,2" doraHai="121" who="1" fromWho="0" sc="169,-58,399,58,230,0,202,0" />
</Scene>
<Scene>
<INIT seed="5,1,0,1,4,5" ten="111,457,230,202" oya="1" hai0="47,41,74,34,111,82,53,81,67,101,17,64,119" hai1="4,73,114,95,123,117,128,125,134,52,21,93,7" hai2="98,28,86,49,9,18,100,103,35,11,13,66,20" hai3="14,46,135,1,115,129,40,108,15,16,44,43,131"/><U39/><E39/><V105/><F100/><W37/><G1/><T54/><D119/><U31/><E73/><V106/><F106/><W51/><G108/><T72/><D34/><U2/><E2/><V0/><F0/><W83/><G135/><T122/><D101/><U26/><E134/><V30/><F30/><W75/><G115/><T3/><D3/><U38/><E38/><V36/><F36/><W27/><G27/><T62/><D62/><U68/><E68/><V58/><F86/><W96/><G96/><T48/><D111/><U50/><E128/><V97/><F97/><W70/><G70/><T57/><D122/><U84/><E125/><V63/><F49/><W118/><G118/><T56/><D17/><U112/><E123/><V61/><F61/><W113/><G113/><N who="1" m="43626" /><E117/><V133/><F133/><W45/><G45/><T80/><D74/><U42/><E42/><V121/><F121/><W124/><G124/><T126/><D72/><U120/><E120/><V109/><F109/><W55/><G43/><T99/><D99/><U12/><E84/><V33/><F33/><W22/><REACH who="3" step="1"/><G15/><REACH who="3" ten="111,457,230,192" step="2"/><T25/><D126/><U91/><E12/><V104/><F104/><W130/><G130/><T29/><D25/><U60/><E26/><V32/><F32/><W92/><G92/><T76/><D76/><AGARI ba="1,1" hai="14,16,22,37,40,44,46,51,55,75,76,83,129,131" machi="76" ten="40,2600,0" yaku="1,1,54,1,53,0" doraHai="5" doraHaiUra="102" who="3" fromWho="0" sc="111,-29,457,0,230,0,192,39" />
</Scene>
<Scene>
<INIT seed="6,0,0,5,3,32" ten="82,457,230,231" oya="2" hai0="118,104,106,113,102,128,28,93,8,47,135,127,95" hai1="49,72,74,125,22,134,23,59,5,117,89,131,96" hai2="80,31,1,86,44,34,18,64,103,41,62,111,45" hai3="92,107,17,65,20,24,58,10,100,87,29,16,42"/><V122/><F122/><W0/><G107/><N who="0" m="41003" /><D28/><U97/><E117/><V70/><F111/><W4/><G42/><T61/><D8/><U71/><E71/><V13/><F103/><W6/><G6/><T12/><D47/><U78/><E78/><V53/><F53/><W19/><G87/><T115/><D61/><U69/><E69/><V73/><F73/><W40/><G40/><T98/><D12/><U82/><E134/><V99/><F99/><N who="3" m="59495" /><G19/><T133/><D127/><U55/><E131/><V68/><F68/><W132/><G132/><N who="0" m="50763" /><D128/><U15/><E125/><V33/><F45/><W2/><G2/><T21/><D21/><U35/><E35/><V52/><F1/><W38/><G38/><T83/><D118/><U105/><E23/><V121/><F31/><W123/><G123/><T26/><D26/><U54/><E54/><V63/><F121/><W79/><G79/><T129/><D129/><U76/><E22/><V94/><F62/><AGARI ba="0,0" hai="0,4,10,16,17,20,24,29,58,62,65" m="59495" machi="62" ten="30,3900,0" yaku="25,1,52,1,54,1" doraHai="32" who="3" fromWho="2" sc="82,0,457,0,230,-39,231,39" />
</Scene>
<Scene>
<INIT seed="7,0,0,1,4,110" ten="82,457,191,270" oya="3" hai0="80,134,32,75,118,90,36,72,17,69,14,132,103" hai1="50,107,3,76,105,40,93,29,58,127,13,122,106" hai2="101,26,66,100,88,42,131,43,113,120,126,83,68" hai3="87,70,54,99,104,34,47,15,45,135,109,62,82"/><W57/><G109/><T23/><D69/><U123/><E3/><V5/><F68/><W115/><G70/><T79/><D36/><U59/><E76/><V27/><F131/><W71/><G71/><T1/><D1/><U114/><E29/><V7/><F126/><W112/><G135/><T56/><D118/><U12/><E93/><V18/><F66/><W67/><G34/><T124/><D32/><U39/><E39/><V53/><F53/><W78/><G15/><T20/><D124/><U64/><E127/><V44/><F120/><W52/><G104/><T35/><D35/><U119/><E106/><V9/><F18/><W98/><G54/><T97/><D72/><U51/><E64/><V125/><F44/><N who="3" m="16971" /><G67/><T22/><D56/><U16/><E119/><V48/><F48/><W63/><G62/><T84/><D132/><U128/><E128/><V31/><F9/><W86/><G86/><T92/><REACH who="0" step="1"/><D134/><REACH who="0" ten="72,457,191,270" step="2"/><U4/><E107/><AGARI ba="0,1" hai="14,17,20,22,23,75,79,80,84,90,92,97,103,107" machi="107" ten="30,16000,3" yaku="1,1,2,1,7,1,24,2,53,3" doraHai="110" doraHaiUra="19" who="0" fromWho="1" sc="72,170,457,-160,191,0,270,0" />
</Scene>
<Scene>
<INIT seed="8,0,0,4,4,20" ten="242,297,191,270" oya="0" hai0="43,13,108,114,102,75,81,111,60,125,115,16,117" hai1="44,131,89,122,55,56,130,4,36,116,129,66,70" hai2="26,83,21,41,127,99,95,132,128,82,113,78,85" hai3="29,3,80,7,10,98,74,40,88,9,31,37,59"/><T76/><D117/><U119/><E122/><V57/><F132/><W12/><G59/><T30/><D30/><U58/><E4/><V118/><F128/><W17/><G98/><T79/><D79/><U97/><E70/><V32/><F113/><W84/><REACH who="3" step="1"/><G74/><REACH who="3" ten="242,297,191,260" step="2"/><T1/><D75/><U69/><E69/><V65/><F118/><N who="1" m="45097" /><E66/><V107/><F127/><W0/><G0/><T15/><D1/><U34/><E34/><V28/><F107/><W94/><G94/><T5/><D125/><U19/><E19/><V71/><F71/><W121/><G121/><T87/><D16/><U11/><E11/><V123/><F123/><W64/><G64/><T61/><D114/><U126/><E126/><V22/><F82/><W25/><G25/><T53/><D115/><U39/><E44/><AGARI ba="0,1" hai="3,7,9,10,12,17,29,31,37,40,44,80,84,88" machi="44" ten="40,2600,0" yaku="1,1,54,1,53,0" doraHai="20" doraHaiUra="54" who="3" fromWho="1" sc="242,0,297,-26,191,0,260,36" />
</Scene>
<Scene>
<INIT seed="9,0,0,3,4,109" ten="242,271,191,296" oya="1" hai0="54,14,106,31,113,69,107,44,130,80,8,19,42" hai1="58,36,78,122,71,65,60,133,46,125,37,97,9" hai2="24,39,110,72,28,6,99,132,108,13,12,34,96" hai3="104,129,35,100,135,82,50,79,32,62,45,68,87"/><U59/><E78/><V127/><F39/><N who="1" m="14921" /><E9/><N who="2" m="4151" /><F72/><W101/><G135/><T41/><D113/><U63/><E97/><V119/><F99/><W120/><G129/><T89/><D69/><U27/><E27/><N who="2" m="18719" /><F96/><W115/><G115/><T124/><D31/><U29/><E29/><V112/><F112/><W70/><G120/><T53/><D124/><U88/><E88/><V43/><F43/><W81/><G104/><T105/><D130/><U21/><E21/><V4/><F127/><W26/><G26/><T57/><D54/><N who="1" m="33879" /><E125/><V20/><F132/><W118/><G101/><T77/><D44/><U121/><E133/><V76/><F76/><W40/><G100/><T23/><D23/><U116/><E116/><V2/><F119/><W84/><G35/><T123/><D123/><N who="1" m="47115" /><E46/><V103/><F103/><W75/><G32/><T95/><D89/><U94/><E94/><V92/><F92/><W38/><G75/><T86/><REACH who="0" step="1"/><D95/><REACH who="0" ten="232,271,191,296" step="2"/><U131/><E131/><V0/><F110/><W128/><G128/><T93/><D93/><U3/><E3/><V64/><F108/><W73/><G118/><T74/><D74/><U16/><E16/><N who="2" m="12295" /><F64/><W22/><G73/><T5/><D5/><U91/><E91/><V15/><F4/><W83/><G81/><T49/><AGARI ba="0,1" hai="8,14,19,41,42,49,53,57,77,80,86,105,106,107" machi="49" ten="30,2000,0" yaku="1,1,0,1,53,0" doraHai="109" doraHaiUra="66" who="0" fromWho="0" sc="232,30,271,-10,191,-5,296,-5" />
</Scene>
<Scene>
<INIT seed="10,0,0,1,1,30" ten="262,261,186,291" oya="2" hai0="79,76,110,118,18,41,46,38,6,36,35,75,48" hai1="47,2,127,70,5,72,54,112,19,8,131,114,26" hai2="10,124,111,61,103,51,88,134,45,80,125,66,116" hai3="62,104,50,135,119,84,105,59,106,13,86,77,98"/><V42/><F116/><W89/><G50/><T65/><D110/><U123/><E72/><V43/><F111/><W120/><G120/><T90/><D6/><U113/><E70/><N who="2" m="42319" /><F103/><W7/><G119/><T20/><D35/><U67/><E67/><V71/><F10/><W95/><G135/><T94/><D118/><U28/><E54/><N who="2" m="30063" /><F71/><W14/><G7/><T121/><D121/><U3/><E47/><V33/><F33/><W15/><G77/><T53/><D65/><U109/><E109/><V87/><F134/><W32/><G32/><T56/><D38/><U21/><E123/><V31/><F31/><W126/><G126/><AGARI ba="0,0" hai="42,43,80,87,88,124,125,126" m="30063,42319" machi="126" ten="30,2900,0" yaku="18,1,54,1" doraHai="30" who="2" fromWho="3" sc="262,0,261,0,186,29,291,-29" />
</Scene>
<Scene>
<INIT seed="10,1,0,1,1,15" ten="262,261,215,262" oya="2" hai0="47,111,97,36,72,92,68,8,78,99,85,26,93" hai1="96,67,125,122,5,58,35,129,12,53,59,95,80" hai2="4,105,127,130,73,13,10,46,41,107,57,29,90" hai3="120,39,89,132,55,43,14,106,86,101,24,82,0"/><V94/><F73/><W134/><G120/><T62/><D72/><U27/><E122/><V64/><F127/><W88/><G0/><T20/><D111/><U3/><E125/><V7/><F130/><W37/><G24/><T123/><D123/><U33/><E3/><V44/><F29/><W75/><G75/><T22/><D22/><U17/><E129/><V87/><F4/><W63/><G106/><T112/><D112/><U77/><E5/><V70/><F70/><W104/><G104/><T54/><D68/><U131/><E131/><V81/><F46/><W83/><G101/><T34/><D34/><U121/><E67/><V114/><F114/><W1/><G1/><T135/><D36/><U126/><E126/><V45/><F44/><W2/><G2/><T133/><D47/><U117/><E117/><V6/><F6/><W118/><G14/><T16/><D8/><U115/><E115/><V21/><F21/><W56/><G118/><T52/><D62/><N who="1" m="36175" /><E59/><V49/><F64/><W25/><G25/><T113/><D113/><U31/><E121/><V9/><F9/><W48/><G63/><T32/><D32/><U30/><E27/><V18/><F7/><W50/><G50/><T19/><D26/><U23/><E35/><V65/><F65/><W28/><G28/><N who="1" m="10794" /><E33/><V40/><F40/><W61/><G61/><T60/><D60/><U128/><E128/><V116/><F116/><W103/><G43/><T100/><D20/><U42/><E42/><V11/><F11/><W102/><G37/><T51/><D51/><U66/><E23/><V76/><F57/><RYUUKYOKU ba="1,0" sc="262,-10,261,-10,215,30,262,-10" hai2="10,13,18,41,45,49,76,81,87,90,94,105,107" />
</Scene>
<Scene>
<INIT seed="10,2,0,2,2,28" ten="252,251,245,252" oya="2" hai0="95,6,107,50,23,133,135,46,5,18,108,16,92" hai1="122,69,115,31,27,38,59,62,98,123,39,19,100" hai2="33,56,119,22,91,44,66,0,110,13,125,55,88" hai3="106,48,20,68,129,42,70,3,112,10,26,8,9"/><V97/><F0/><W124/><G106/><T83/><D107/><N who="1" m="63895" /><E19/><N who="0" m="7209" /><D23/><U40/><E115/><V87/><F33/><W14/><G112/><T1/><D1/><U131/><E131/><V64/><F119/><W121/><G121/><N who="1" m="46090" /><E40/><V109/><F125/><W82/><G124/><T24/><D24/><U94/><E94/><N who="0" m="35881" /><D83/><U7/><E7/><N who="0" m="2569" /><D50/><U93/><E93/><N who="2" m="56487" /><F22/><W58/><G48/><T84/><D84/><U21/><E69/><V29/><F29/><W128/><G68/><T89/><D89/><U63/><E63/><N who="2" m="36255" /><F13/><W90/><G14/><T86/><D86/><U105/><E105/><V12/><F12/><W99/><G70/><T30/><D30/><U25/><E27/><V111/><F44/><W17/><G26/><T134/><D46/><U45/><E45/><V67/><F91/><W127/><G90/><T35/><D35/><U126/><E126/><V49/><F49/><W80/><G127/><T32/><D32/><U114/><E114/><V103/><F87/><W81/><G3/><T54/><D54/><AGARI ba="2,0" hai="21,25,31,38,39,54,59,62" m="46090,63895" machi="54" ten="30,1000,0" yaku="13,1" doraHai="28" who="1" fromWho="0" sc="252,-16,251,16,245,0,252,0" />
</Scene>
<Scene>
<INIT seed="11,0,0,5,3,125" ten="236,267,245,252" oya="3" hai0="34,42,126,30,67,118,133,4,45,31,108,58,29" hai1="21,49,79,38,33,128,109,98,44,121,65,88,35" hai2="93,16,7,100,19,99,17,116,62,26,25,56,54" hai3="97,86,13,72,11,59,70,76,114,96,83,119,43"/><W127/><G119/><T87/><D118/><U47/><E109/><V123/><F116/><W36/><G114/><T28/><N who="0" m="7168" /><DORA hai="106" /><T73/><D73/><U10/><E121/><V66/><F123/><W77/><G70/><T111/><D34/><U91/><E79/><V124/><F124/><W68/><G127/><T74/><D74/><U95/><E65/><V2/><F2/><W129/><G129/><T89/><D126/><U27/><E10/><V84/><F7/><W60/><G68/><T6/><D133/><U12/><E128/><V55/><F84/><W94/><G36/><T48/><D111/><U52/><E12/><V105/><F105/><W75/><G43/><T71/><D71/><U64/><E64/><V63/><F63/><W122/><G122/><T112/><D112/><U78/><E78/><V8/><F8/><W15/><G77/><T81/><D108/><U37/><E37/><V115/><F115/><W14/><G11/><T53/><REACH who="0" step="1"/><D67/><REACH who="0" ten="226,267,245,252" step="2"/><U57/><E35/><V110/><F110/><W80/><G75/><T41/><D41/><U20/><E33/><V120/><F120/><W61/><G72/><T1/><D1/><U131/><E131/><V32/><F32/><W18/><G83/><T50/><AGARI ba="0,1" hai="4,6,42,45,48,50,53,58,81,87,89" m="7168" machi="50" ten="40,5200,0" yaku="1,1,0,1,8,1,53,0" doraHai="125,106" doraHaiUra="23,102" who="0" fromWho="0" sc="226,62,267,-13,245,-13,252,-26" owari="288,39.0,254,5.0,232,-17.0,226,-27.0" />
</Scene>
</mjloggm>