<mjloggm ver="2.3"><GO type="97"/><UN n0="%E3%82%B7%E3%83%A3%E3%83%8E%E3%83%B3" n1="%E5%A4%AA%E3%81%8F%E3%81%AA%E3%81%84%E3%81%8A" n2="%48%53%68%6F%6B%6F" n3="%E3%82%82%E3%81%8D%E3%82%85%E3%82%92%E5%BC%84%E3%82%8B%E8%80%85" dan="14,13,13,15" rate="1885,1982,1849,1989" sx="M,M,F,M"/><TAIKYOKU oya="0"/>

<Scene>
<INIT seed="0,0,0,5,4,12" ten="250,250,250,250" oya="0" hai0="78,99,89,54,96,135,6,125,9,11,107,37,132" hai1="88,29,91,39,74,115,121,133,10,40,26,62,50" hai2="131,48,120,124,79,68,85,128,130,44,103,45,36" hai3="100,104,63,113,59,83,97,71,53,64,123,41,61"/><T112/><D112/><U76/><E121/><V84/><F103/><W129/><G123/><T110/><D37/><U82/><E115/><V134/><F120/><W117/><G113/><T108/><D125/><U55/><E133/><N who="0" m="51273" /><D78/><U73/><E73/><V118/><F134/><W23/><G129/><T34/><D34/><U51/><E62/><V92/><F124/><W21/><G117/><T4/><D54/><U49/><E10/><N who="0" m="3593" /><D89/><U19/><E55/><V122/><F122/><W58/><G41/><T119/><D119/><U22/><REACH who="1" step="1"/><E29/><REACH who="1" ten="250,240,250,250" step="2"/><V80/><F68/><W1/><G1/><T56/><D56/><U102/><E102/><V3/><F118/><W98/><G71/><T28/><D28/><U75/><E75/><V47/><F36/><W106/><G106/><T7/><D107/><U116/><E116/><V86/><F3/><W72/><G104/><T15/><D15/><U31/><E31/><V94/><REACH who="2" step="1"/><F48/><REACH who="2" ten="250,240,240,250" step="2"/><W8/><G100/><T114/><D114/><U57/><E57/><V65/><F65/><W70/><G70/><T32/><D32/><U111/><E111/><AGARI ba="0,2" hai="4,6,7,96,99,108,110,111" m="3593,51273" machi="111" ten="40,12000,1" yaku="28,2,14,1,10,1,20,1" doraHai="12" who="0" fromWho="1" sc="250,140,240,-120,240,0,250,0" />
</Scene>
<Scene>
<INIT seed="0,1,0,3,0,125" ten="390,120,240,250" oya="0" hai0="107,13,124,70,1,135,23,51,30,119,50,4,58" hai1="2,39,123,131,15,29,73,111,98,114,41,122,71" hai2="113,47,91,69,22,92,43,49,126,118,59,28,67" hai3="75,101,82,128,44,74,8,63,89,17,79,103,83"/><T11/><D70/><U20/><E15/><V96/><F113/><W3/><G3/><T72/><D72/><U34/><E20/><V53/><F126/><W99/><G44/><T31/><D107/><U6/><E98/><V95/><F118/><W32/><G32/><T12/><D124/><U61/><E73/><V130/><F130/><W64/><G8/><N who="0" m="2063" /><D58/><U133/><E114/><V62/><F95/><W65/><G65/><T93/><D93/><U10/><E131/><V127/><F127/><W57/><G128/><T0/><D51/><U129/><E129/><V42/><F42/><W115/><G115/><T110/><D50/><U33/><E41/><V37/><F22/><W105/><G101/><T86/><D86/><U48/><E48/><V14/><F14/><N who="0" m="5738" /><D119/><U66/><E39/><V21/><F21/><W102/><G102/><T112/><D112/><U78/><E78/><V94/><F94/><W25/><G89/><T132/><D110/><U60/><E60/><V56/><REACH who="2" step="1"/><F28/><REACH who="2" ten="390,120,230,250" step="2"/><N who="0" m="10794" /><D23/><U116/><E116/><V88/><F88/><W77/><G25/><T104/><D104/><U36/><E111/><V55/><F55/><W38/><G38/><T27/><D27/><N who="1" m="18623" /><E36/><V97/><F97/><W26/><G26/><T85/><D11/><U24/><E24/><V54/><F54/><W90/><G90/><T5/><D5/><U7/><E7/><V80/><F80/><W52/><G52/><T121/><D0/><U35/><E133/><V100/><F100/><W106/><G106/><T46/><D135/><U19/><E19/><AGARI ba="1,1" hai="17,19,57,63,64,74,75,77,79,82,83,99,103,105" machi="19" ten="40,1300,0" yaku="9,1" doraHai="125" who="3" fromWho="1" sc="390,0,120,-16,230,0,250,26" />
</Scene>
<Scene>
<INIT seed="1,0,0,3,4,97" ten="390,104,230,276" oya="1" hai0="77,126,114,57,11,26,53,48,83,1,70,78,74" hai1="2,39,115,36,75,127,18,94,54,19,129,64,68" hai2="84,92,118,91,117,51,31,86,8,107,62,21,23" hai3="49,6,10,128,125,80,59,76,58,30,120,122,14"/><U88/><E115/><V17/><F107/><W113/><G113/><T4/><D114/><U44/><E75/><V72/><F72/><W42/><G128/><T121/><D126/><U56/><E2/><V27/><F51/><W60/><G125/><T133/><D133/><U9/><E127/><V90/><F8/><W101/><G30/><T106/><D106/><U46/><E129/><V134/><F134/><W52/><G101/><T66/><D121/><U38/><E64/><V71/><F62/><W124/><G124/><T132/><D132/><U105/><E68/><V5/><F5/><W45/><REACH who="3" step="1"/><G59/><REACH who="3" ten="390,104,230,266" step="2"/><T34/><D57/><U50/><E105/><V13/><REACH who="2" step="1"/><F71/><REACH who="2" ten="390,104,220,266" step="2"/><W112/><G112/><T29/><D70/><U65/><E65/><V103/><F103/><W3/><G3/><T47/><D66/><U0/><E0/><V67/><F67/><W37/><G37/><T43/><D1/><U32/><E32/><V63/><F63/><W116/><G116/><T61/><D61/><U131/><E131/><V24/><F24/><W22/><G22/><T7/><D26/><U95/><E9/><V15/><F15/><W41/><G41/><T104/><D11/><U82/><E46/><V98/><F98/><W89/><G89/><T85/><D43/><U110/><E44/><V81/><AGARI ba="0,2" hai="13,17,21,23,27,31,81,84,86,90,91,92,117,118" machi="81" ten="20,2700,0" yaku="1,1,0,1,7,1,53,0" doraHai="97" doraHaiUra="108" who="2" fromWho="2" sc="390,-7,104,-13,220,47,266,-7" />
</Scene>
<Scene>
<INIT seed="2,0,0,2,1,38" ten="383,91,267,259" oya="2" hai0="90,15,123,92,22,14,97,54,74,91,93,46,31" hai1="112,32,87,118,44,109,13,83,116,26,105,69,101" hai2="11,120,75,8,119,50,117,70,65,45,43,9,18" hai3="28,25,77,41,24,126,94,79,98,82,63,106,134"/><V129/><F120/><W42/><G106/><T2/><D2/><U84/><E112/><V96/><F75/><W36/><G36/><T57/><D46/><U80/><E69/><V29/><F29/><W40/><G134/><T34/><D34/><U30/><E109/><V76/><F76/><N who="3" m="29259" /><G126/><T60/><D74/><U131/><E131/><V59/><F129/><W27/><G82/><T130/><D130/><U81/><E13/><V78/><F78/><W49/><G63/><T61/><D60/><U53/><E101/><V102/><F70/><W16/><G28/><T72/><D72/><U33/><E105/><V86/><F86/><W35/><G35/><T73/><D73/><U64/><E64/><V128/><F128/><W114/><G114/><T0/><D0/><U17/><E17/><V7/><F7/><W10/><G49/><T12/><D123/><U39/><E33/><V20/><F59/><W95/><G98/><T127/><D127/><U68/><E68/><V107/><REACH who="2" step="1"/><F65/><REACH who="2" ten="383,91,257,259" step="2"/><W89/><G89/><T55/><D31/><U6/><E6/><V103/><F103/><W21/><G10/><T48/><D91/><U104/><E30/><V51/><F51/><W62/><G62/><T135/><D61/><U4/><E4/><V124/><F124/><W5/><G5/><T66/><D48/><U3/><E39/><V132/><F132/><W100/><G100/><T67/><D66/><U23/><E3/><V108/><F108/><W52/><G52/><T111/><D55/><U113/><E53/><V19/><F19/><W58/><G58/><T1/><D57/><RYUUKYOKU ba="0,1" sc="383,-15,91,-15,257,15,259,15" hai2="8,9,11,18,20,43,45,50,96,102,107,117,119" hai3="16,21,24,25,27,40,41,42,94,95" />
</Scene>
<Scene>
<INIT seed="2,1,1,5,3,13" ten="368,76,272,274" oya="2" hai0="100,32,72,47,54,64,94,40,126,87,120,15,51" hai1="80,27,19,16,128,1,75,31,103,111,106,5,113" hai2="91,44,101,99,30,67,35,23,66,85,98,37,12" hai3="65,77,3,39,74,52,133,34,48,7,36,81,131"/><V41/><F35/><W18/><G34/><T28/><D120/><U97/><E113/><V24/><F12/><W116/><G116/><T134/><D72/><U58/><E111/><V68/><F98/><W45/><G65/><T46/><D134/><U82/><E128/><V60/><F67/><W117/><G117/><T104/><D126/><U79/><E82/><V93/><REACH who="2" step="1"/><F85/><REACH who="2" ten="368,76,262,274" step="2"/><W63/><G131/><T42/><D64/><U107/><E107/><V112/><F112/><W89/><G133/><T33/><D104/><U76/><E76/><V105/><F105/><W26/><G63/><T115/><D115/><U6/><E58/><V135/><F135/><W78/><G78/><T57/><D15/><U20/><REACH who="1" step="1"/><E1/><REACH who="1" ten="368,66,262,274" step="2"/><V132/><F132/><W17/><G74/><T127/><D57/><U96/><E96/><V2/><F2/><W43/><G77/><T118/><D118/><U9/><E9/><V130/><F130/><W61/><G3/><T108/><D127/><U38/><E38/><V92/><F92/><W11/><G39/><T49/><D94/><U83/><E83/><V119/><F119/><W73/><G73/><T8/><D33/><U95/><E95/><V0/><F0/><W84/><G36/><T29/><D8/><U69/><E69/><V56/><F56/><W86/><G86/><T70/><D87/><U90/><E90/><AGARI ba="1,3" hai="23,24,30,37,41,44,60,66,68,90,91,93,99,101" machi="90" ten="40,3900,0" yaku="1,1,53,1" doraHai="13" doraHaiUra="25" who="2" fromWho="1" sc="368,0,66,-42,262,72,274,0" />
</Scene>
<Scene>
<INIT seed="2,2,0,1,1,0" ten="368,24,334,274" oya="2" hai0="130,86,102,83,53,125,118,123,77,66,100,105,112" hai1="18,88,12,61,20,131,81,70,98,46,16,107,116" hai2="13,44,89,67,52,106,75,33,7,72,93,30,15" hai3="87,11,10,28,128,127,126,121,43,111,14,41,25"/><V108/><F106/><W31/><G121/><T8/><D123/><U132/><E116/><V54/><F67/><W26/><G87/><T21/><D112/><U24/><E131/><V37/><F33/><W27/><G111/><T84/><D130/><U110/><E110/><V103/><F30/><N who="3" m="11307" /><G128/><T57/><D125/><N who="3" m="47625" /><G14/><T76/><D118/><U38/><E132/><V124/><F124/><W129/><G129/><T78/><D105/><U74/><E74/><V17/><F108/><W45/><G45/><T58/><D8/><AGARI ba="2,0" hai="8,10,11,25,26,27,41,43" m="47625,11307" machi="8" ten="40,5200,0" yaku="28,2,18,1" doraHai="0" who="3" fromWho="0" sc="368,-58,24,0,334,0,274,58" />
</Scene>
<Scene>
<INIT seed="3,0,0,2,2,85" ten="310,24,334,332" oya="3" hai0="121,91,120,67,17,135,84,22,30,93,82,60,69" hai1="25,2,20,23,95,115,55,38,116,89,131,56,68" hai2="101,43,74,44,40,10,66,7,97,36,118,5,123" hai3="24,107,112,59,134,3,77,110,130,133,29,51,78"/><W27/><G107/><T125/><D125/><U111/><E89/><V79/><F118/><W106/><G106/><T57/><D135/><N who="3" m="51721" /><G112/><T1/><D1/><U105/><E55/><V127/><F5/><W28/><G3/><T14/><D30/><N who="3" m="11881" /><G130/><T54/><REACH who="0" step="1"/><D82/><REACH who="0" ten="300,24,334,332" step="2"/><U49/><E23/><V21/><F127/><W41/><G110/><T92/><D92/><U90/><E49/><AGARI ba="0,1" hai="14,17,22,49,54,57,60,67,69,84,91,93,120,121" machi="49" ten="30,12000,2" yaku="1,1,7,1,25,2,52,1,53,1" doraHai="85" doraHaiUra="46" who="0" fromWho="1" sc="300,130,24,-120,334,0,332,0" owari="430,54.0,-96,-60.0,334,13.0,332,-7.0" />
</Scene>
</mjloggm>