<mjloggm ver="2.3"><GO type="41"/><UN n0="%E3%82%AC%E3%83%93%E3%83%B3" n1="%E3%82%8D%E3%81%B5%E3%81%81" n2="%E6%88%91%E6%B5%81%58" n3="%E5%A4%AA%E3%81%8F%E3%81%AA%E3%81%84%E3%81%8A" dan="15,14,15,14" rate="1959,1893,1970,2022" sx="M,M,M,M"/><TAIKYOKU oya="0"/>

<Scene>
<INIT seed="0,0,0,4,1,71" ten="250,250,250,250" oya="0" hai0="36,91,96,16,76,32,23,134,44,114,37,112,42" hai1="97,131,34,111,101,2,25,28,77,57,80,135,107" hai2="83,121,60,48,13,11,0,8,65,30,70,18,117" hai3="43,116,122,4,104,125,9,69,56,98,132,100,45"/><T40/><D32/><U7/><E111/><V49/><F121/><W93/><G116/><T99/><D76/><U124/><E57/><V106/><F106/><W103/><G122/><T5/><D5/><U90/><E90/><V59/><F117/><W58/><G69/><T120/><D120/><U39/><E124/><V24/><F70/><W22/><G125/><T64/><D64/><U52/><E135/><V89/><F83/><W15/><G132/><T75/><D75/><N who="1" m="43071" /><E52/><V95/><F0/><W133/><G133/><T3/><D3/><U86/><E86/><V35/><F11/><W41/><G41/><T109/><D134/><U130/><E39/><V68/><F68/><W66/><G66/><T87/><D109/><U26/><E26/><V1/><F1/><W10/><G10/><AGARI ba="0,0" hai="2,7,10,25,28,34,97,101,107,130,131" m="43071" machi="10" ten="30,1000,0" yaku="23,1" doraHai="71" who="1" fromWho="3" sc="250,0,250,10,250,0,250,-10" />
</Scene>
<Scene>
<INIT seed="1,0,0,5,1,48" ten="250,260,250,240" oya="1" hai0="49,115,22,134,35,5,97,29,67,26,55,66,101" hai1="0,1,24,56,6,57,59,79,19,4,34,126,17" hai2="53,103,95,78,8,12,73,16,107,14,88,11,13" hai3="85,33,10,52,113,40,77,119,18,123,83,110,43"/><U105/><E105/><V51/><F107/><W84/><G113/><T129/><D115/><U47/><E79/><V130/><F130/><W9/><G123/><T54/><D129/><U102/><E102/><V2/><F2/><N who="1" m="1129" /><E47/><V28/><F28/><W38/><G33/><T15/><D134/><U7/><E34/><V72/><F103/><W46/><G119/><T96/><D35/><U21/><E126/><V65/><F65/><N who="0" m="24586" /><D49/><U98/><E98/><N who="0" m="37993" /><D101/><U30/><E30/><V128/><F128/><W114/><G114/><T104/><D104/><U89/><E24/><V39/><F39/><W99/><G38/><T86/><D86/><U135/><E135/><V120/><F120/><W62/><G99/><T131/><D131/><U121/><E121/><V91/><F95/><W125/><G125/><T44/><D44/><U71/><E71/><V37/><F37/><W36/><G84/><T20/><D20/><U90/><E21/><N who="2" m="11399" /><F78/><W108/><G43/><T3/><D3/><U76/><E76/><V117/><F117/><W122/><G122/><T80/><D80/><U42/><E42/><V82/><F82/><W75/><G85/><T74/><D74/><U94/><E94/><V124/><F124/><W41/><G40/><T93/><D93/><U68/><E68/><V106/><F106/><W118/><G118/><T50/><D50/><U31/><E31/><V132/><F132/><W70/><G70/><T45/><D45/><U92/><E92/><V61/><F72/><W25/><G36/><T60/><D60/><U111/><E111/><V27/><F73/><W58/><G75/><RYUUKYOKU ba="0,0" sc="250,15,260,15,250,-15,240,-15" hai0="5,15,22,26,29,54,55" hai1="4,6,7,17,19,56,57,59,89,90" />
</Scene>
<Scene>
<INIT seed="1,1,0,4,2,76" ten="265,275,235,225" oya="1" hai0="24,114,8,53,90,3,32,107,87,104,48,19,127" hai1="82,67,38,102,131,39,109,123,99,37,0,81,135" hai2="128,71,7,129,96,125,111,28,44,6,85,34,41" hai3="40,56,132,73,110,46,20,115,79,30,29,50,51"/><U10/><E123/><V33/><F125/><W14/><G115/><T65/><D114/><U11/><E67/><V77/><F111/><W64/><G110/><T94/><D127/><U26/><E109/><V54/><F71/><W47/><G132/><T49/><D65/><U105/><E135/><V62/><F96/><W68/><G68/><T1/><D49/><U88/><E131/><N who="2" m="50251" /><F62/><N who="3" m="37959" /><G73/><T12/><D1/><U23/><E0/><V95/><F54/><N who="3" m="30039" /><G79/><T4/><D32/><N who="2" m="12394" /><F28/><W31/><G14/><T91/><D24/><AGARI ba="1,0" hai="20,24,29,30,31,40,47,51" m="30039,37959" machi="24" ten="30,1000,0" yaku="8,1" doraHai="76" who="3" fromWho="0" sc="265,-13,275,0,235,0,225,13" />
</Scene>
<Scene>
<INIT seed="2,0,0,4,0,42" ten="252,275,235,238" oya="2" hai0="31,66,85,115,43,35,12,37,112,69,116,118,51" hai1="84,83,131,5,25,93,121,34,102,98,53,89,47" hai2="119,1,96,6,129,91,105,33,67,64,60,100,2" hai3="46,15,94,72,80,54,122,106,58,21,18,48,65"/><V97/><F119/><N who="0" m="45610" /><D35/><U50/><E5/><V90/><F129/><W27/><G122/><T103/><D31/><U99/><E131/><V74/><F91/><W71/><G106/><T75/><D75/><U114/><E114/><V107/><F90/><W77/><G94/><T63/><D103/><U87/><E121/><V57/><F67/><W38/><G71/><T127/><D85/><U128/><E128/><V117/><F117/><W44/><G38/><T45/><D12/><U125/><E125/><V56/><F56/><W3/><G3/><T95/><D95/><U134/><E134/><V4/><F74/><W135/><G135/><T101/><D101/><U124/><E124/><V7/><F33/><W133/><G133/><T24/><D24/><U73/><E73/><V76/><F76/><W78/><G78/><T30/><D30/><U109/><E109/><V104/><REACH who="2" step="1"/><F97/><REACH who="2" ten="252,275,225,238" step="2"/><W26/><G65/><T55/><D127/><U14/><E99/><V120/><F120/><W61/><G61/><T113/><D113/><U8/><E34/><V59/><F59/><AGARI ba="0,1" hai="37,43,45,51,55,59,63,66,69,112,115" m="45610" machi="59" ten="30,8000,1" yaku="24,1,12,1,34,2,52,1" doraHai="42" who="0" fromWho="2" sc="252,90,275,0,225,-80,238,0" />
</Scene>
<Scene>
<INIT seed="3,0,0,3,5,128" ten="342,275,145,238" oya="3" hai0="119,109,129,45,15,2,68,123,70,25,33,73,100" hai1="41,88,127,71,16,81,5,94,39,18,95,51,0" hai2="130,118,66,99,114,8,21,57,17,36,52,27,37" hai3="135,102,64,1,89,112,63,125,122,75,53,40,104"/><W101/><G122/><T108/><D123/><U58/><E39/><V132/><F118/><W115/><G1/><T28/><D119/><U121/><E121/><V7/><F114/><W62/><G75/><T72/><D129/><U42/><E71/><V9/><F130/><W35/><G35/><T20/><D100/><U49/><E127/><V124/><F124/><W106/><G125/><T105/><D105/><U92/><E0/><V126/><F126/><W60/><G40/><N who="1" m="15466" /><E5/><V59/><F59/><W116/><G116/><T19/><D45/><U50/><E58/><V26/><F66/><W23/><G64/><T67/><D2/><U29/><E29/><V103/><F26/><W13/><G53/><T31/><D31/><U32/><E32/><V43/><F43/><W4/><G89/><T90/><D90/><U97/><E81/><V3/><F9/><N who="3" m="4263" /><G23/><T76/><D70/><U44/><E44/><V83/><F83/><W38/><G38/><T30/><D30/><U47/><E47/><V46/><F46/><W61/><G106/><T10/><D33/><U77/><E77/><V110/><F110/><N who="0" m="42602" /><D76/><U74/><E74/><V69/><F69/><W84/><G104/><T133/><D73/><U91/><E97/><V79/><F79/><W65/><G112/><T87/><D72/><U54/><E54/><V56/><F56/><W14/><G115/><T6/><D28/><U82/><E82/><V48/><F132/><W98/><G135/><T55/><D133/><U93/><E93/><AGARI ba="0,0" hai="3,7,8,17,21,27,36,37,48,52,57,93,99,103" machi="93" ten="30,2000,0" yaku="7,1,54,1" doraHai="128" who="2" fromWho="1" sc="342,0,275,-20,145,20,238,0" />
</Scene>
<Scene>
<INIT seed="4,0,0,0,2,33" ten="342,255,165,238" oya="0" hai0="96,57,121,38,126,13,48,84,6,105,45,94,75" hai1="100,81,5,85,31,36,47,64,97,127,70,118,98" hai2="78,95,54,79,9,72,10,120,89,108,21,123,50" hai3="67,18,52,14,8,19,60,90,23,129,134,51,55"/><T1/><D121/><U17/><E118/><V122/><F108/><W35/><G129/><T116/><D116/><U0/><E127/><V113/><F113/><W39/><G134/><T133/><D133/><U26/><E70/><V53/><F21/><W107/><G35/><T68/><D68/><U40/><E64/><V119/><F119/><W101/><G39/><T41/><D105/><U7/><E17/><V110/><F110/><W74/><G74/><T71/><D75/><U91/><E98/><V43/><F43/><W80/><G101/><T15/><D84/><U66/><E66/><V20/><F20/><W25/><G107/><T131/><D71/><U59/><E59/><V83/><F78/><W69/><REACH who="3" step="1"/><G51/><REACH who="3" ten="342,255,165,228" step="2"/><T62/><D38/><U11/><E36/><V56/><REACH who="2" step="1"/><F53/><REACH who="2" ten="342,255,155,228" step="2"/><W86/><AGARI ba="0,2" hai="8,14,18,19,23,25,52,55,60,67,69,80,86,90" machi="86" ten="30,7900,0" yaku="1,1,2,1,0,1,54,1,53,0" doraHai="33" doraHaiUra="24" who="3" fromWho="3" sc="342,-39,255,-20,155,-20,228,99" />
</Scene>
<Scene>
<INIT seed="5,0,0,2,0,25" ten="303,235,135,327" oya="1" hai0="13,129,108,40,27,48,59,49,52,114,16,132,39" hai1="115,70,110,57,3,96,18,103,71,107,122,34,12" hai2="81,11,135,31,124,15,117,126,47,133,42,112,2" hai3="65,123,56,53,86,5,20,66,45,97,79,128,4"/><U36/><E3/><V68/><F68/><W7/><G123/><T127/><D108/><U75/><E122/><V19/><F117/><W55/><G128/><T76/><D129/><U51/><E36/><V102/><F102/><W87/><G97/><T101/><D39/><U90/><E110/><V106/><F106/><W94/><G20/><T44/><D114/><U38/><E38/><V130/><F130/><W6/><G6/><T64/><D64/><N who="3" m="24681" /><G79/><T43/><D132/><N who="2" m="50762" /><F112/><W119/><G119/><T32/><D127/><N who="2" m="48682" /><F81/><W89/><G45/><T85/><D101/><U23/><E115/><V109/><F109/><W120/><G120/><T105/><D105/><U92/><E70/><V72/><F72/><W22/><G87/><T10/><D32/><U1/><E34/><V84/><F84/><W29/><G56/><T116/><D116/><U121/><E75/><V131/><F131/><W30/><G22/><T26/><D43/><U17/><E121/><V100/><F100/><W54/><AGARI ba="0,0" hai="4,5,7,29,30,53,54,55,86,89,94" m="24681" machi="54" ten="40,5200,0" yaku="8,1,52,2" doraHai="25" who="3" fromWho="3" sc="303,-13,235,-26,135,-13,327,52" />
</Scene>
<Scene>
<INIT seed="6,0,0,3,3,7" ten="290,209,122,379" oya="2" hai0="88,18,23,61,96,108,99,11,16,98,42,3,39" hai1="19,52,115,10,37,89,97,55,59,1,119,53,56" hai2="129,123,57,81,107,30,75,125,71,110,73,84,121" hai3="118,66,69,9,8,17,54,51,111,76,92,40,126"/><V135/><F71/><W33/><G111/><T20/><D108/><U28/><E119/><V50/><F110/><W13/><G118/><T114/><D39/><U68/><E68/><V38/><F38/><W46/><G126/><T134/><D134/><U32/><E37/><V133/><F30/><W117/><G117/><T64/><D3/><U4/><E115/><V127/><F57/><W60/><G33/><T91/><D42/><U90/><E32/><V124/><F107/><W0/><G76/><T93/><D114/><U67/><E28/><V63/><F63/><W24/><G24/><T58/><D18/><U101/><E19/><V5/><F50/><W2/><G9/><T22/><D93/><U27/><E27/><V105/><F105/><W79/><G79/><T87/><D87/><U62/><REACH who="1" step="1"/><E59/><REACH who="1" ten="290,199,122,379" step="2"/><V112/><F112/><W49/><G17/><T48/><D48/><U74/><E74/><N who="2" m="28171" /><F5/><W6/><G51/><T70/><D70/><U94/><AGARI ba="0,1" hai="1,4,10,52,53,55,56,62,67,89,90,94,97,101" machi="94" ten="30,7900,0" yaku="1,1,0,1,52,1,54,1,53,0" doraHai="7" doraHaiUra="82" who="1" fromWho="1" sc="290,-20,199,89,122,-39,379,-20" />
</Scene>
<Scene>
<INIT seed="7,0,0,2,2,5" ten="270,288,83,359" oya="3" hai0="39,45,61,29,77,113,73,34,88,35,135,130,126" hai1="133,79,1,95,96,19,131,14,36,80,56,59,78" hai2="84,49,7,125,109,38,18,48,54,81,68,85,124" hai3="92,93,97,86,100,111,90,106,6,27,0,12,16"/><W8/><G111/><T89/><D126/><U115/><E1/><V46/><F68/><W87/><G27/><T119/><D119/><U132/><E36/><V128/><F128/><W83/><G87/><T62/><D130/><U103/><E131/><V123/><F123/><W55/><G55/><T52/><D73/><U72/><E79/><V110/><F38/><W22/><AGARI ba="0,0" hai="0,6,8,12,16,22,83,86,90,92,93,97,100,106" machi="22" ten="20,7800,0" yaku="0,1,7,1,52,1,54,1" doraHai="5" who="3" fromWho="3" sc="270,-26,288,-26,83,-26,359,78" owari="244,-16.0,262,6.0,57,-44.0,437,54.0" />
</Scene>
</mjloggm>