<mjloggm ver="2.3"><GO type="169"/><UN n0="%E5%A4%AA%E3%81%8F%E3%81%AA%E3%81%84%E3%81%8A" n1="%E3%82%A2%E3%83%8A%E3%83%AB%E5%85%84%E5%BC%9F" n2="%E3%81%B2%E3%81%A3%E3%81%B4%E3%81%93%E3%82%93" n3="%E8%99%8E%E5%85%90%E6%9C%97" dan="18,16,16,17" rate="2166,2090,2108,2100" sx="M,M,M,M"/><TAIKYOKU oya="0"/>

<Scene>
<INIT seed="0,0,0,4,3,133" ten="250,250,250,250" oya="0" hai0="69,20,114,63,96,72,44,48,104,94,131,57,21" hai1="126,2,3,11,62,49,82,45,22,112,41,47,16" hai2="93,35,7,77,38,34,115,60,12,81,78,39,32" hai3="74,84,79,24,95,51,40,56,87,61,118,5,90"/><T10/><D72/><U59/><E47/><V19/><F115/><W101/><G118/><T86/><D69/><U13/><E112/><V9/><F93/><W132/><G132/><T107/><D114/><U43/><E43/><V4/><F60/><W53/><G101/><N who="0" m="60567" /><D104/><U8/><E82/><V18/><F77/><W42/><G74/><T85/><D107/><U29/><E11/><V6/><REACH who="2" step="1"/><F18/><REACH who="2" ten="250,250,240,250" step="2"/><W23/><G61/><T1/><D131/><U135/><E135/><V111/><F111/><W15/><G79/><T119/><D119/><U123/><E123/><V127/><F127/><W55/><G95/><T98/><D98/><U99/><E99/><V30/><F30/><W28/><G28/><T54/><D1/><U92/><E92/><V117/><F117/><W64/><G5/><T46/><D10/><U89/><E89/><V66/><F66/><W109/><G90/><T108/><D108/><U120/><E120/><V130/><F130/><W14/><G64/><N who="0" m="39023" /><D46/><U129/><E129/><V70/><F70/><W106/><G109/><T65/><D65/><U73/><E73/><AGARI ba="0,1" hai="4,6,7,9,12,19,32,34,35,38,39,73,78,81" machi="73" ten="50,1600,0" yaku="1,1,53,0" doraHai="133" doraHaiUra="52" who="2" fromWho="1" sc="250,0,250,-16,240,26,250,0" />
</Scene>
<Scene>
<INIT seed="1,0,0,3,5,89" ten="250,234,266,250" oya="1" hai0="124,49,130,110,122,59,121,97,43,48,118,98,70" hai1="131,77,123,10,9,56,38,13,92,52,37,45,128" hai2="47,25,133,75,18,135,107,96,117,68,53,91,81" hai3="50,3,41,30,27,79,115,1,19,132,94,42,125"/><U22/><E77/><N who="2" m="44223" /><F68/><W86/><G115/><T126/><D70/><U106/><E106/><V33/><F117/><W34/><G132/><N who="2" m="50761" /><F53/><W113/><G113/><T20/><D118/><U111/><E123/><N who="0" m="47113" /><D110/><U102/><E111/><V39/><F47/><W17/><G125/><N who="0" m="48235" /><D130/><N who="1" m="49707" /><E45/><V6/><F39/><N who="1" m="14857" /><E13/><V57/><F6/><W74/><G3/><T93/><D43/><U29/><E22/><N who="2" m="13527" /><F57/><W23/><G42/><T87/><D20/><U2/><E29/><V54/><F54/><W63/><G41/><T104/><D59/><U58/><E58/><V32/><F107/><W67/><G1/><T114/><D114/><U66/><E66/><V11/><F11/><W119/><G119/><T105/><D105/><U95/><E2/><V108/><F108/><W15/><G67/><T46/><D46/><U85/><E85/><V35/><F33/><W40/><G34/><T127/><D127/><U61/><E102/><V100/><F100/><W101/><G101/><N who="0" m="62519" /><D87/><U80/><E80/><V62/><F62/><W73/><G63/><T116/><D116/><U8/><AGARI ba="0,0" hai="8,9,10,52,56,61,92,95" m="14857,49707" machi="8" ten="40,12000,1" yaku="19,1,52,2,54,1" doraHai="89" who="1" fromWho="1" sc="250,-40,234,120,266,-40,250,-40" />
</Scene>
<Scene>
<INIT seed="1,1,0,0,3,29" ten="210,354,226,210" oya="1" hai0="70,129,120,68,64,110,71,112,2,0,58,67,1" hai1="38,74,102,92,83,90,113,26,7,30,123,39,63" hai2="12,35,52,86,118,37,3,60,80,51,130,65,20" hai3="33,41,116,61,43,56,87,109,18,96,8,84,75"/><U132/><E7/><V121/><F118/><W44/><G75/><T59/><D112/><U101/><E123/><V128/><F121/><W77/><G116/><T11/><D120/><U91/><E113/><V95/><F3/><W89/><G109/><T14/><D110/><U100/><E132/><V42/><F95/><W82/><G96/><T88/><D129/><U54/><E90/><V79/><F35/><W57/><G33/><T119/><D119/><U22/><E63/><V133/><F133/><W17/><G8/><T127/><D127/><U55/><E55/><V31/><F31/><W25/><G25/><T135/><D135/><U124/><E124/><V27/><F27/><W53/><G57/><T107/><D107/><U98/><REACH who="1" step="1"/><E54/><REACH who="1" ten="210,344,226,210" step="2"/><V85/><F60/><W125/><G125/><T50/><D88/><U32/><E32/><V49/><F130/><W122/><G122/><T15/><D1/><U4/><E4/><V24/><F128/><W46/><G43/><T48/><D71/><U45/><E45/><N who="3" m="17514" /><G41/><T93/><D68/><U5/><E5/><V34/><F42/><W76/><G89/><T72/><D70/><U19/><E19/><V62/><F34/><W126/><G126/><T47/><D47/><U21/><E21/><V66/><F62/><W97/><G17/><T108/><D108/><U36/><E36/><V103/><F20/><W78/><G18/><T94/><D11/><U23/><E23/><V40/><F37/><W104/><G53/><T106/><D2/><U10/><E10/><V9/><F40/><W99/><G61/><T117/><D117/><RYUUKYOKU ba="1,1" sc="210,-10,344,30,226,-10,210,-10" hai1="22,26,30,38,39,74,83,91,92,98,100,101,102" />
</Scene>
<Scene>
<INIT seed="1,2,1,5,1,135" ten="200,374,216,200" oya="1" hai0="101,15,43,42,126,100,127,46,38,58,131,28,19" hai1="119,33,5,133,36,102,85,65,41,50,32,113,69" hai2="30,3,44,13,68,75,93,53,91,7,67,82,66" hai3="23,34,120,80,71,35,107,10,48,21,45,39,123"/><U56/><E5/><V97/><F3/><W47/><G71/><T122/><D131/><U88/><E102/><V118/><F118/><W73/><G39/><T14/><D122/><U8/><E8/><N who="2" m="4255" /><F68/><W72/><G107/><T55/><D28/><U79/><E79/><V86/><F75/><W94/><G94/><T12/><D19/><U24/><E119/><V17/><F30/><W105/><G105/><T31/><D31/><U121/><E24/><V11/><F17/><W62/><G62/><N who="0" m="36191" /><D43/><U63/><E113/><V106/><F11/><W104/><G104/><T89/><D89/><U0/><E0/><V134/><F106/><W74/><G74/><T98/><D98/><U22/><E22/><V70/><F70/><W128/><G10/><T125/><AGARI ba="2,1" hai="12,14,15,38,42,46,100,101,125,126,127" m="36191" machi="125" ten="40,8000,1" yaku="18,1,52,3" doraHai="135" who="0" fromWho="0" sc="200,96,374,-42,216,-22,200,-22" />
</Scene>
<Scene>
<INIT seed="2,0,0,0,3,41" ten="296,332,194,178" oya="2" hai0="108,18,125,122,61,23,132,20,13,77,124,102,65" hai1="42,129,69,54,29,75,68,97,113,93,92,100,79" hai2="11,0,6,95,64,24,105,90,83,38,104,120,66" hai3="28,107,63,114,134,94,27,56,117,130,101,115,49"/><V119/><F120/><W99/><G117/><T4/><D122/><U9/><E29/><V128/><F119/><W53/><G134/><T30/><D132/><U7/><E113/><V22/><F128/><W72/><G72/><T52/><D108/><U80/><E129/><V14/><F0/><W35/><G130/><T47/><D77/><U19/><E19/><V3/><F3/><W131/><G131/><T45/><D102/><U46/><E54/><V118/><F118/><W34/><G34/><T51/><D4/><U73/><E93/><V78/><F38/><W67/><REACH who="3" step="1"/><G107/><REACH who="3" ten="296,332,194,168" step="2"/><T86/><D125/><U39/><REACH who="1" step="1"/><E73/><REACH who="1" ten="296,322,194,168" step="2"/><V26/><F105/><W91/><G91/><T1/><D124/><U10/><E10/><V50/><F104/><W106/><G106/><T98/><D23/><U43/><E43/><V87/><F22/><W89/><G89/><T2/><D20/><U74/><E74/><V126/><F126/><W59/><AGARI ba="0,2" hai="27,28,35,49,53,56,59,63,67,94,99,101,114,115" machi="59" ten="30,4000,0" yaku="1,1,0,1,53,1" doraHai="41" doraHaiUra="88" who="3" fromWho="3" sc="296,-10,322,-10,194,-20,168,60" />
</Scene>
<Scene>
<INIT seed="3,0,0,2,5,130" ten="286,312,174,228" oya="3" hai0="95,29,126,63,66,84,41,105,16,110,111,94,24" hai1="58,83,107,46,116,4,26,7,80,0,69,36,97" hai2="47,114,73,65,123,45,120,132,25,108,113,118,76" hai3="68,89,96,67,92,134,103,27,59,77,43,72,15"/><W21/><G43/><T131/><D105/><U74/><E69/><V12/><F12/><W8/><G68/><T50/><D131/><U56/><E80/><V5/><F5/><W55/><G67/><T129/><D129/><U115/><E7/><V99/><F25/><W82/><G134/><T42/><D126/><U100/><E26/><V78/><F99/><W112/><G112/><N who="2" m="43113" /><F65/><W60/><G103/><T28/><D24/><U17/><E116/><V88/><F88/><W104/><G104/><T124/><D66/><U79/><E17/><V48/><F48/><W85/><G8/><T44/><D50/><U61/><E61/><V64/><F64/><W6/><G6/><T102/><D63/><U31/><E31/><V2/><F2/><W109/><G109/><T35/><D29/><U10/><REACH who="1" step="1"/><E115/><REACH who="1" ten="286,302,174,228" step="2"/><V90/><F118/><W54/><G15/><T101/><D111/><U49/><E49/><V75/><F108/><W32/><G32/><T9/><D35/><U57/><E57/><V86/><F90/><W30/><REACH who="3" step="1"/><G55/><REACH who="3" ten="286,302,174,218" step="2"/><T133/><D110/><U1/><E1/><V135/><F75/><AGARI ba="0,2" hai="21,27,30,54,59,60,72,75,77,82,85,89,92,96" machi="75" ten="40,3900,0" yaku="1,1,2,1,53,0" doraHai="130" doraHaiUra="122" who="3" fromWho="2" sc="286,0,302,0,174,-39,218,59" />
</Scene>
<Scene>
<INIT seed="3,1,0,2,5,21" ten="286,302,135,277" oya="3" hai0="82,97,69,125,76,103,66,18,104,67,109,64,85" hai1="92,1,25,124,28,90,111,130,26,120,123,9,52" hai2="116,72,38,88,81,42,8,131,19,128,17,27,135" hai3="122,102,112,47,13,129,41,15,96,118,95,98,10"/><W61/><G112/><T24/><D109/><U14/><E1/><V101/><F116/><W93/><G118/><T60/><D125/><U56/><E111/><V43/><F101/><W62/><G122/><T40/><D40/><U7/><E130/><N who="2" m="49707" /><F135/><W5/><G129/><T80/><D80/><U132/><E124/><V54/><F38/><W87/><G87/><T48/><D48/><U108/><E108/><V100/><F100/><W39/><REACH who="3" step="1"/><G13/><REACH who="3" ten="286,302,135,267" step="2"/><T58/><D69/><U2/><E132/><V99/><F72/><W106/><G106/><T115/><D115/><U127/><E14/><N who="2" m="7367" /><F99/><W75/><G75/><T121/><D121/><U105/><E127/><V37/><F37/><W78/><G78/><T77/><D76/><U79/><E105/><V113/><F113/><W30/><G30/><T32/><D104/><U94/><E79/><V110/><F110/><W20/><G20/><T63/><D97/><U133/><E133/><V55/><F43/><W126/><G126/><T51/><D85/><U3/><E3/><V114/><F42/><W49/><G49/><T57/><D51/><U23/><E90/><AGARI ba="1,1" hai="5,10,15,39,41,47,61,62,90,93,95,96,98,102" machi="90" ten="30,2900,0" yaku="1,1,7,1,53,0" doraHai="21" doraHaiUra="65" who="3" fromWho="1" sc="286,0,302,-32,135,0,267,42" />
</Scene>
<Scene>
<INIT seed="3,2,0,1,3,39" ten="286,270,135,309" oya="3" hai0="1,83,90,52,76,98,110,113,72,2,103,68,102" hai1="24,77,40,131,126,38,71,29,8,91,3,74,117" hai2="20,88,28,94,36,119,75,7,92,96,41,17,124" hai3="66,105,104,112,114,57,60,19,80,55,49,134,23"/><W115/><G80/><T15/><D68/><U22/><E91/><V61/><F119/><W97/><G97/><T4/><D110/><U111/><E117/><V5/><F75/><W81/><G81/><T51/><D113/><U107/><E111/><V44/><F124/><W30/><G30/><T59/><D90/><U85/><E107/><V122/><F122/><W18/><G134/><T133/><D133/><U123/><E85/><V132/><F132/><W53/><G53/><T35/><D35/><N who="1" m="20903" /><E123/><V54/><F28/><W121/><G121/><T87/><D72/><U48/><E22/><V120/><F120/><W84/><G84/><T73/><D73/><U125/><E48/><V37/><F37/><W70/><REACH who="3" step="1"/><G18/><REACH who="3" ten="286,270,135,299" step="2"/><T99/><D99/><U43/><E43/><V69/><F94/><W56/><G56/><T65/><D98/><U109/><E109/><V21/><F69/><W130/><G130/><T45/><D59/><U89/><E71/><V58/><REACH who="2" step="1"/><F20/><REACH who="2" ten="286,270,125,299" step="2"/><W62/><G62/><T82/><D82/><N who="1" m="45367" /><E131/><V26/><AGARI ba="2,2" hai="5,7,17,21,26,36,41,44,54,58,61,88,92,96" machi="26" ten="20,16000,3" yaku="1,1,0,1,7,1,25,2,52,1,54,1,53,1" doraHai="39" doraHaiUra="16" who="2" fromWho="2" sc="286,-42,270,-42,125,186,299,-82" />
</Scene>
<Scene>
<INIT seed="4,0,0,4,3,76" ten="244,228,311,217" oya="0" hai0="130,66,78,135,44,31,90,121,6,81,16,54,113" hai1="89,126,53,19,34,115,73,80,131,5,48,20,47" hai2="110,51,60,105,120,114,21,22,52,65,116,49,71" hai3="97,59,93,85,75,88,32,40,77,119,84,67,26"/><T43/><D121/><U127/><E34/><V33/><F120/><W50/><G119/><T96/><D113/><U17/><E5/><V94/><F114/><W23/><G32/><T39/><D31/><U102/><E102/><V45/><F33/><W111/><G111/><T100/><D6/><U35/><E35/><V129/><F110/><W99/><G75/><T122/><D122/><U63/><E115/><V86/><F105/><W56/><G99/><T58/><D135/><U64/><E131/><V30/><F129/><W87/><G77/><T123/><D123/><U103/><E103/><V42/><F116/><W46/><REACH who="3" step="1"/><G67/><REACH who="3" ten="244,228,311,207" step="2"/><T7/><D66/><U41/><E20/><V3/><F30/><AGARI ba="0,1" hai="23,26,30,40,46,50,56,59,84,85,87,88,93,97" machi="30" ten="40,8000,1" yaku="1,1,2,1,8,1,54,1,53,0" doraHai="76" doraHaiUra="13" who="3" fromWho="2" sc="244,0,228,0,311,-80,207,90" />
</Scene>
<Scene>
<INIT seed="5,0,0,5,0,109" ten="244,228,231,297" oya="1" hai0="113,106,28,10,97,93,99,85,24,130,83,9,7" hai1="54,45,68,76,95,77,0,4,13,108,88,80,19" hai2="116,40,65,51,16,120,73,21,56,92,23,131,1" hai3="87,57,102,103,112,63,43,60,121,122,47,11,48"/><U22/><E68/><V49/><F116/><W74/><G74/><T25/><D130/><U62/><E108/><V46/><F120/><W96/><G11/><T101/><D113/><U89/><E0/><V90/><F131/><W91/><G112/><T52/><D52/><U111/><E4/><V8/><F73/><W38/><G38/><T123/><D123/><U124/><E111/><V79/><F79/><W32/><G32/><T110/><D110/><U53/><E124/><V31/><F31/><W81/><G103/><T78/><D28/><U14/><E14/><N who="2" m="7239" /><F1/><W115/><G115/><T98/><D10/><U61/><E45/><N who="2" m="25767" /><F65/><W107/><REACH who="3" step="1"/><G63/><REACH who="3" ten="244,228,231,287" step="2"/><N who="1" m="24074" /><E80/><V118/><F118/><W69/><G69/><T30/><D83/><U71/><E71/><V18/><F18/><W37/><G37/><T67/><D7/><U26/><E95/><V134/><F134/><W27/><G27/><T20/><D25/><U15/><E26/><V39/><F39/><W75/><G75/><T135/><D135/><U44/><E44/><V34/><F34/><W100/><G100/><T42/><D93/><U133/><E133/><V105/><F105/><W128/><G128/><T119/><D106/><U86/><E13/><V125/><F125/><W41/><G41/><T17/><D42/><U114/><E114/><V127/><F127/><W29/><G29/><T132/><D30/><U59/><E59/><V126/><F56/><W129/><G129/><T55/><D132/><U3/><E3/><V94/><F126/><W82/><G82/><T2/><D2/><U35/><E35/><V58/><F94/><RYUUKYOKU ba="0,1" sc="244,-10,228,-10,231,-10,287,30" hai3="43,47,48,57,60,81,87,91,96,102,107,121,122" />
</Scene>
<Scene>
<INIT seed="6,1,1,4,2,66" ten="234,218,221,317" oya="2" hai0="20,78,92,127,80,88,103,118,63,85,17,110,67" hai1="33,135,126,76,102,96,4,12,79,134,87,90,18" hai2="6,61,100,114,115,122,31,77,71,44,99,26,54" hai3="19,52,41,73,72,116,1,112,131,21,81,32,95"/><V120/><F6/><W123/><G116/><T58/><D127/><U97/><E4/><V98/><F77/><W117/><G117/><T38/><D118/><U65/><E33/><N who="2" m="20727" /><F44/><W11/><G32/><T91/><D38/><U8/><E126/><V108/><F99/><W34/><G34/><T30/><D110/><U64/><E97/><V46/><F46/><W75/><G123/><N who="2" m="47145" /><F54/><W60/><G41/><T49/><D30/><U70/><E79/><V86/><F86/><W36/><G36/><T101/><D49/><U125/><E76/><V94/><F108/><W37/><G37/><T2/><D2/><U74/><E74/><V82/><F94/><W28/><G95/><T27/><REACH who="0" step="1"/><D91/><REACH who="0" ten="224,218,221,317" step="2"/><U69/><E125/><V45/><F45/><W129/><G28/><T10/><D10/><U40/><E40/><V42/><F42/><W48/><G11/><T89/><D89/><U22/><E8/><V62/><F82/><W24/><G81/><T93/><D93/><N who="1" m="58639" /><E90/><V121/><F121/><W13/><G1/><T59/><D59/><U119/><E119/><V107/><F62/><W133/><G60/><T35/><D35/><U106/><E106/><V57/><F57/><W105/><G105/><T43/><D43/><U111/><E111/><V128/><F128/><W15/><G131/><T23/><D23/><U47/><E47/><V39/><F39/><W3/><G129/><T29/><D29/><U0/><E0/><V109/><F109/><W130/><G3/><T16/><D16/><U56/><E56/><V7/><F7/><W25/><G130/><T68/><D68/><RYUUKYOKU ba="1,2" sc="224,15,218,-15,221,15,317,-15" hai0="17,20,27,58,63,67,78,80,85,88,92,101,103" hai2="61,71,98,100,107,114,115" />
</Scene>
<Scene>
<INIT seed="6,2,2,1,0,39" ten="239,203,236,302" oya="2" hai0="5,130,65,102,66,106,50,125,27,114,71,42,14" hai1="135,119,34,25,61,110,105,32,45,49,3,11,48" hai2="19,131,104,40,6,60,56,18,0,116,12,122,83" hai3="108,90,44,126,89,132,64,7,58,36,63,70,81"/><V59/><F104/><W92/><G108/><T134/><D106/><U112/><E105/><V88/><F116/><W124/><G7/><T115/><D102/><U43/><E119/><V28/><F122/><W79/><G132/><T53/><D134/><U109/><E135/><V103/><F0/><W82/><G70/><T47/><D130/><U4/><E61/><V78/><F131/><W117/><G117/><T86/><D125/><N who="3" m="48233" /><G92/><T96/><D96/><U1/><E1/><V97/><F103/><W100/><G100/><T20/><D86/><U46/><E25/><V73/><F28/><W76/><G82/><T54/><D14/><U120/><E120/><V85/><F40/><N who="3" m="22535" /><G79/><T84/><D5/><U41/><REACH who="1" step="1"/><E112/><REACH who="1" ten="239,193,236,302" step="2"/><V55/><F60/><W69/><G69/><T133/><D133/><U21/><E21/><V68/><F68/><W95/><G95/><T72/><D71/><U30/><E30/><V123/><F123/><W87/><AGARI ba="2,3" hai="58,63,64,76,81,87,89,90" m="22535,48233" machi="87" ten="30,2000,0" yaku="18,1,52,1" doraHai="39" who="3" fromWho="3" sc="239,-7,193,-7,236,-12,302,56" />
</Scene>
<Scene>
<INIT seed="7,0,0,3,3,53" ten="232,186,224,358" oya="3" hai0="130,79,90,6,105,7,118,111,55,86,125,129,116" hai1="43,115,13,64,103,58,99,29,77,2,42,121,18" hai2="70,44,74,50,81,104,112,34,47,8,88,68,120" hai3="126,32,12,0,72,67,108,61,134,110,95,92,38"/><W133/><G0/><T89/><D105/><U124/><E2/><V9/><F104/><W3/><G3/><T59/><D111/><N who="3" m="42537" /><G126/><T21/><D79/><U56/><E121/><V85/><F34/><W11/><G38/><T73/><D73/><U52/><E124/><V75/><F120/><W80/><G32/><T20/><D125/><U51/><E29/><V22/><F112/><W128/><G128/><T100/><D100/><U63/><E77/><V27/><F75/><W65/><G80/><T36/><D36/><U82/><E82/><V28/><F74/><W96/><G72/><T117/><D7/><U93/><E115/><V23/><F23/><AGARI ba="0,0" hai="13,18,23,42,43,51,52,56,58,63,64,93,99,103" machi="23" ten="30,8000,1" yaku="7,1,8,1,52,2,54,1" doraHai="53" who="1" fromWho="2" sc="232,0,186,80,224,-80,358,0" owari="232,-17.0,266,7.0,144,-36.0,358,46.0" />
</Scene>
</mjloggm>