<mjloggm ver="2.3"><GO type="169"/><UN n0="%E5%A4%AA%E3%81%8F%E3%81%AA%E3%81%84%E3%81%8A" n1="%E3%81%94%E3%81%98%E3%82%83%E3%82%8B" n2="%E3%82%A4%E3%82%BA%E3%83%9F%E3%83%B3" n3="%59%48%56%48" dan="18,17,16,16" rate="2180,2156,2019,2074" sx="M,M,M,F"/><TAIKYOKU oya="0"/>

<Scene>
<INIT seed="0,0,0,2,0,81" ten="250,250,250,250" oya="0" hai0="23,109,99,41,58,56,127,3,130,62,18,49,128" hai1="74,0,27,52,124,24,101,45,129,31,60,64,37" hai2="71,85,97,113,90,123,121,112,117,126,54,96,15" hai3="29,50,110,21,46,106,7,67,4,30,69,76,25"/><T26/><D3/><U82/><E0/><V28/><F71/><W98/><G110/><T78/><D127/><U88/><E124/><V51/><F28/><W6/><G76/><T94/><D78/><U13/><E129/><N who="0" m="49769" /><D109/><U87/><E74/><V34/><F34/><W16/><G69/><T57/><D41/><U134/><E134/><V107/><F126/><W133/><G67/><N who="0" m="39367" /><D49/><N who="1" m="28719" /><E37/><V35/><F35/><W104/><G133/><T70/><D70/><U75/><E75/><V122/><F117/><W65/><G65/><T2/><D2/><U116/><E116/><V73/><F73/><W89/><G106/><T80/><D80/><U22/><E101/><AGARI ba="0,0" hai="18,23,26,57,58,94,99,101" m="39367,49769" machi="101" ten="30,1500,0" yaku="19,1" doraHai="81" who="0" fromWho="1" sc="250,15,250,-15,250,0,250,0" />
</Scene>
<Scene>
<INIT seed="0,1,0,3,0,76" ten="265,235,250,250" oya="0" hai0="118,29,15,87,65,37,57,62,79,133,63,126,31" hai1="108,86,117,32,90,42,94,8,11,111,95,67,61" hai2="127,48,0,47,121,5,131,45,77,122,124,3,6" hai3="7,130,41,58,107,1,83,134,16,69,27,23,33"/><T104/><D118/><U73/><E73/><V78/><REACH who="2" step="1"/><F48/><REACH who="2" ten="265,235,240,250" step="2"/><W84/><G130/><AGARI ba="1,1" hai="0,3,5,6,45,47,77,78,121,122,124,127,130,131" machi="130" ten="25,8000,1" yaku="21,2,2,1,22,2,53,0" doraHai="76" doraHaiUra="19" who="2" fromWho="3" sc="265,0,235,0,240,93,250,-83" />
</Scene>
<Scene>
<INIT seed="1,0,0,4,2,42" ten="265,235,333,167" oya="1" hai0="46,29,78,44,99,91,126,12,72,75,119,50,132" hai1="131,124,31,5,107,87,21,60,63,92,69,34,17" hai2="38,13,43,9,127,67,83,28,15,33,64,59,11" hai3="26,115,73,45,93,112,120,105,22,81,79,121,32"/><U106/><E124/><V66/><F127/><W82/><G32/><T102/><D126/><U134/><E131/><V57/><F28/><W77/><G105/><T85/><D119/><U71/><E5/><V14/><F33/><W80/><G93/><T30/><D132/><U25/><E134/><V24/><F24/><W55/><G55/><T62/><D62/><U129/><E129/><V133/><F133/><W89/><G89/><T61/><D61/><U97/><E63/><V101/><F101/><W4/><G4/><T65/><D65/><U49/><E87/><V16/><F83/><W27/><G45/><T110/><D110/><U52/><E71/><V37/><F43/><W94/><G94/><T58/><D58/><U40/><E40/><V84/><F84/><W123/><G22/><T1/><D1/><U130/><E130/><V53/><F53/><W113/><REACH who="3" step="1"/><G73/><REACH who="3" ten="265,235,333,157" step="2"/><T39/><D91/><U8/><E34/><V19/><F14/><W96/><G96/><T95/><D12/><N who="1" m="7303" /><E107/><V117/><F117/><W35/><G35/><T70/><D99/><U111/><E106/><V20/><F20/><W125/><G125/><T54/><D75/><U10/><E69/><V18/><F18/><W68/><G68/><T103/><D70/><U48/><E10/><V6/><F6/><W118/><G118/><T51/><D72/><U108/><E108/><V36/><AGARI ba="0,1" hai="9,11,13,15,16,19,36,37,38,57,59,64,66,67" machi="36" ten="40,5200,0" yaku="0,1,9,1,54,1" doraHai="42" who="2" fromWho="2" sc="265,-13,235,-26,333,62,157,-13" />
</Scene>
<Scene>
<INIT seed="2,0,0,2,3,15" ten="252,209,395,144" oya="2" hai0="105,54,114,97,93,22,98,34,14,128,99,38,32" hai1="109,119,71,20,133,12,49,126,42,95,3,2,76" hai2="6,29,25,131,132,59,87,72,134,116,13,112,61" hai3="77,66,8,79,83,62,111,39,53,64,10,125,74"/><V91/><F72/><W30/><G39/><T90/><D114/><U56/><E71/><V35/><F112/><W17/><G111/><T127/><D38/><U63/><E119/><V48/><F116/><W44/><G125/><T18/><D127/><U31/><E126/><V80/><F48/><W118/><G118/><T16/><D128/><U78/><E109/><V58/><F131/><W129/><G129/><T123/><D123/><U33/><E33/><V108/><F108/><W47/><G30/><T96/><D105/><U100/><E3/><V55/><F59/><W89/><G89/><T65/><D65/><U26/><E2/><V1/><F13/><W0/><G0/><T27/><REACH who="0" step="1"/><D54/><REACH who="0" ten="242,209,395,144" step="2"/><N who="1" m="34199" /><E133/><V113/><F113/><W107/><G107/><T86/><D86/><U130/><E130/><V75/><F75/><W21/><G64/><T52/><D52/><U50/><E42/><V103/><F134/><W41/><G53/><T9/><AGARI ba="0,1" hai="9,14,16,18,22,27,32,34,90,93,96,97,98,99" machi="9" ten="30,12000,2" yaku="1,1,0,1,52,2,54,1,53,2" doraHai="15" doraHaiUra="28" who="0" fromWho="0" sc="242,130,209,-30,395,-60,144,-30" />
</Scene>
<Scene>
<INIT seed="3,0,0,2,1,135" ten="372,179,335,114" oya="3" hai0="39,125,45,25,119,87,19,6,90,65,110,81,37" hai1="69,16,107,89,126,127,112,8,99,105,73,31,10" hai2="106,56,35,57,43,88,51,130,111,29,23,38,7" hai3="104,128,22,85,52,49,24,134,2,4,46,95,20"/><W84/><G104/><T129/><D119/><U123/><E123/><V98/><F130/><W121/><G121/><T9/><D129/><U77/><E69/><V80/><F35/><W76/><G134/><T115/><D110/><U97/><E31/><V117/><F117/><W54/><G128/><T13/><D115/><U50/><E112/><V122/><F7/><W21/><G2/><T32/><D65/><U91/><E50/><V5/><F5/><W109/><G4/><T66/><D66/><U82/><E16/><V100/><F111/><W18/><G109/><T17/><D17/><U93/><E10/><V70/><F70/><W28/><G54/><T67/><D67/><U75/><E8/><V78/><F38/><W48/><G48/><T1/><D45/><U83/><E93/><V102/><F102/><W62/><G62/><T11/><D39/><U42/><E42/><V61/><F61/><W133/><G133/><T64/><D64/><U60/><E60/><V101/><F101/><W44/><G44/><T132/><D37/><U36/><E36/><V116/><F116/><W40/><G40/><T114/><D132/><U14/><E14/><V0/><F0/><W15/><G76/><AGARI ba="0,0" hai="73,75,76,77,82,83,89,91,97,99,105,107,126,127" machi="76" ten="25,12000,2" yaku="22,2,34,3,52,2" doraHai="135" who="1" fromWho="3" sc="372,0,179,120,335,0,114,-120" owari="372,47.0,299,-10.0,335,14.0,-6,-51.0" />
</Scene>
</mjloggm>