<mjloggm ver="2.3"><GO type="169" lobby="0"/><UN n0="%E5%A4%AA%E3%81%8F%E3%81%AA%E3%81%84%E3%81%8A" n1="%E5%BC%B1%E8%99%AB" n2="%E3%80%93%E4%BD%90%E5%A4%A9%E3%81%95%E3%82%93%E3%80%93" n3="%70%61%72%75%6F%31%31" dan="18,16,16,16" rate="2245.47,2092.30,2131.39,2034.81" sx="F,M,F,M"/><TAIKYOKU oya="0"/>

<Scene>
<INIT seed="0,0,0,3,3,7" ten="250,250,250,250" oya="0" hai0="63,87,122,119,4,81,72,115,95,2,62,91,51" hai1="24,106,59,104,102,52,35,131,40,25,65,19,98" hai2="6,61,27,13,10,9,64,8,71,66,3,5,80" hai3="53,29,124,79,123,135,100,78,56,31,36,112,70"/><T75/><D122/><U92/><E131/><V0/><F64/><W107/><G112/><T105/><D115/><U89/><E40/><V84/><F27/><W54/><G70/><T39/><D39/><U101/><E65/><V128/><F128/><W47/><G123/><T28/><D119/><U1/><E1/><V34/><F34/><W118/><G118/><T44/><D105/><U12/><E35/><V113/><F113/><W93/><G107/><T116/><D116/><U127/><E127/><V120/><F120/><W94/><G124/><T33/><D28/><U129/><E129/><V17/><F84/><W88/><G135/><T108/><D33/><U30/><E30/><V55/><F55/><W125/><G125/><T69/><D69/><U41/><E41/><V97/><F80/><W134/><G134/><T126/><D126/><U121/><E121/><V26/><F26/><N who="1" m="10345" /><E106/><V49/><F49/><W85/><G36/><T45/><D51/><N who="1" m="31135" /><E104/><V114/><F114/><W109/><G29/><T68/><D68/><U58/><E58/><V117/><F117/><W32/><G31/><T43/><D43/><U133/><E133/><V37/><F37/><W83/><G32/><T103/><D75/><U99/><E99/><AGARI ba="0,0" hai="0,3,5,6,8,9,10,13,17,61,66,71,97,99" machi="99" ten="40,8000,1" yaku="9,1,52,3" doraHai="7" who="2" fromWho="1" sc="250,0,250,-80,250,80,250,0" />
</Scene>
<Scene>
<INIT seed="1,0,0,4,3,61" ten="250,170,330,250" oya="1" hai0="120,128,97,84,58,32,87,78,38,17,8,27,23" hai1="1,69,34,64,119,81,71,14,4,112,20,80,7" hai2="45,91,95,18,26,123,104,41,59,93,124,6,89" hai3="114,55,110,129,127,115,79,57,19,30,63,52,11"/><U108/><E119/><V44/><F123/><W126/><G110/><T77/><D38/><U42/><E112/><V56/><F104/><W35/><G129/><T98/><D32/><U72/><E34/><V99/><F6/><W118/><G118/><T50/><D128/><U131/><E131/><V134/><F134/><W10/><G79/><N who="0" m="30219" /><D120/><U16/><E42/><V51/><F45/><W132/><G132/><T46/><D8/><N who="3" m="3113" /><G19/><T3/><D3/><U25/><E1/><V5/><F5/><W88/><G55/><N who="0" m="32119" /><D46/><U101/><E108/><V29/><F18/><W85/><G30/><T117/><D117/><U100/><E71/><V67/><F67/><W48/><G35/><T102/><D102/><U105/><E72/><V74/><F74/><W83/><G48/><T28/><D28/><U12/><E105/><V22/><REACH who="2" step="1"/><F124/><AGARI ba="0,0" hai="52,57,63,83,85,88,114,115,124,126,127" m="3113" machi="124" ten="30,3900,0" yaku="18,1,54,2" doraHai="61" who="3" fromWho="2" sc="250,0,170,0,330,-39,250,39" />
</Scene>
<Scene>
<INIT seed="2,0,0,2,1,75" ten="250,170,291,289" oya="2" hai0="111,53,97,45,74,30,59,60,49,88,7,8,120" hai1="126,36,77,72,112,0,25,84,110,37,123,119,69" hai2="116,9,129,103,132,1,40,70,109,46,93,124,87" hai3="54,68,26,48,92,43,19,31,102,80,33,134,63"/><V83/><F116/><W5/><G43/><T10/><D120/><U17/><RYUUKYOKU type="yao9" ba="0,0" sc="250,0,170,0,291,0,289,0" hai1="0,17,25,36,37,69,72,77,84,110,112,119,123,126" />
</Scene>
<Scene>
<INIT seed="2,1,0,0,0,85" ten="250,170,291,289" oya="2" hai0="3,32,109,92,47,78,129,25,113,11,39,10,87" hai1="36,21,134,22,31,128,4,127,12,69,18,54,19" hai2="89,37,120,77,2,58,131,28,104,72,133,41,0" hai3="130,93,103,5,76,111,124,100,99,53,43,81,123"/><V115/><F115/><W23/><G123/><T118/><D113/><U52/><E69/><V9/><F120/><W48/><G43/><T30/><D3/><U94/><E36/><V84/><F104/><W91/><G111/><T64/><D109/><U135/><E128/><V1/><F131/><W46/><G130/><T44/><D129/><U112/><E112/><V71/><F71/><W20/><G124/><T63/><D118/><U55/><E127/><V7/><F28/><W62/><G5/><T57/><D78/><U6/><E31/><V117/><F117/><W97/><G62/><T17/><D39/><U110/><E110/><V121/><F58/><W50/><G50/><T98/><D87/><U88/><E135/><V34/><F34/><W73/><REACH who="3" step="1"/><G103/><REACH who="3" ten="250,170,291,279" step="2"/><T24/><D63/><U15/><REACH who="1" step="1"/><E134/><REACH who="1" ten="250,160,291,279" step="2"/><V82/><F133/><W74/><G74/><T61/><D32/><U60/><E60/><V16/><F121/><W8/><G8/><T75/><D75/><U59/><E59/><V83/><F9/><W107/><AGARI ba="1,2" hai="20,23,46,48,53,73,76,81,91,93,97,99,100,107" machi="107" ten="20,5200,0" yaku="1,1,0,1,7,1,52,1,53,0" doraHai="85" doraHaiUra="126" who="3" fromWho="3" sc="250,-14,160,-14,291,-27,279,75" />
</Scene>
<Scene>
<INIT seed="3,0,0,0,0,29" ten="236,146,264,354" oya="3" hai0="73,71,134,51,6,57,65,109,62,101,114,32,96" hai1="56,132,133,8,4,104,67,61,18,38,93,0,79" hai2="59,77,76,102,124,116,9,90,105,84,81,55,22" hai3="91,47,53,45,28,11,60,34,110,50,89,112,128"/><W129/><G112/><T83/><D114/><U2/><E104/><V123/><F116/><W100/><G100/><T74/><D109/><U39/><E79/><V106/><F124/><W72/><G72/><T103/><D134/><N who="1" m="51819" /><E18/><V12/><F123/><W107/><G107/><T75/><D6/><U78/><E78/><V5/><F106/><W41/><G110/><T131/><D131/><N who="3" m="50249" /><G11/><T3/><D3/><N who="1" m="1067" /><E93/><V86/><F105/><W108/><G108/><T135/><D135/><U16/><E4/><V125/><F125/><W30/><G30/><T10/><D10/><U58/><E56/><V66/><F102/><W44/><G60/><T80/><D103/><U46/><E46/><N who="3" m="18026" /><G53/><T70/><D101/><U85/><E85/><V21/><F66/><W120/><G120/><T92/><D74/><U126/><E126/><V64/><F64/><W7/><G7/><T122/><D75/><U17/><E17/><V1/><F1/><W15/><G15/><AGARI ba="0,0" hai="8,15,16,38,39,58,61,67" m="1067,51819" machi="15" ten="30,2000,0" yaku="20,1,54,1" doraHai="29" who="1" fromWho="3" sc="236,0,146,20,264,0,354,-20" />
</Scene>
<Scene>
<INIT seed="4,0,0,1,3,83" ten="236,166,264,334" oya="0" hai0="107,81,7,72,93,90,134,53,113,2,114,78,38" hai1="98,61,4,37,3,0,118,48,33,66,120,50,135" hai2="25,131,62,100,18,79,63,59,89,68,1,86,57" hai3="15,76,41,102,65,80,21,123,49,112,125,132,32"/><T56/><D38/><U10/><E37/><V109/><F109/><W9/><G32/><T34/><D34/><U110/><E33/><V74/><F131/><W19/><G112/><N who="0" m="43115" /><D107/><U82/><E110/><V111/><F1/><W97/><G125/><T13/><D2/><U127/><E118/><V130/><F68/><W101/><G132/><T73/><D134/><U119/><E119/><V126/><F100/><W55/><G41/><T23/><D72/><U87/><E120/><V69/><F69/><W91/><G65/><T70/><D70/><U117/><E117/><V36/><F36/><W29/><G123/><T26/><D13/><U95/><E135/><V104/><F104/><W8/><G91/><T42/><D7/><U85/><E0/><V115/><F74/><W30/><G8/><T96/><D42/><U46/><E127/><V116/><F126/><W88/><G9/><T31/><D56/><U5/><E5/><V71/><F59/><N who="3" m="33263" /><G102/><T103/><D53/><U39/><E39/><V67/><F71/><W54/><G54/><T51/><D51/><U20/><E50/><V47/><F116/><W14/><G14/><T27/><D27/><U60/><E48/><V92/><F25/><W84/><G101/><AGARI ba="0,0" hai="23,26,31,73,78,81,90,93,96,101,103" m="43115" machi="101" ten="30,1500,0" yaku="15,1" doraHai="83" who="0" fromWho="3" sc="236,15,166,0,264,0,334,-15" />
</Scene>
<Scene>
<INIT seed="4,1,0,3,4,82" ten="251,166,264,319" oya="0" hai0="66,1,112,46,116,120,78,130,98,115,77,124,76" hai1="83,48,37,16,29,71,60,103,96,53,86,132,59" hai2="110,2,97,19,118,6,87,12,11,126,27,54,34" hai3="3,72,114,123,64,127,14,31,80,129,25,107,35"/><T74/><D1/><U8/><E132/><V84/><F110/><W13/><G107/><T69/><D120/><U88/><E37/><V73/><F73/><W45/><G3/><T33/><D33/><U47/><E29/><N who="2" m="19775" /><F126/><W68/><G127/><T40/><D124/><U109/><E109/><V100/><F54/><W122/><G114/><N who="0" m="43563" /><D116/><U81/><E71/><V15/><F15/><W42/><G129/><T92/><D130/><U32/><E32/><V135/><F135/><W43/><G64/><T128/><D128/><U58/><E81/><V93/><F118/><W90/><G68/><T21/><D74/><U99/><E59/><V49/><F49/><W85/><G72/><T75/><D75/><U57/><E57/><V7/><F7/><W121/><REACH who="3" step="1"/><G42/><REACH who="3" ten="251,166,264,309" step="2"/><T108/><D108/><U79/><E103/><V41/><F41/><W24/><G24/><T52/><D40/><N who="1" m="24679" /><E79/><V131/><F131/><W91/><G91/><N who="0" m="55583" /><D69/><U28/><E28/><V30/><F30/><W55/><G55/><T0/><D0/><U111/><E111/><V134/><F134/><W44/><G44/><T26/><D66/><U106/><E106/><V61/><F2/><W113/><G113/><T9/><D46/><U65/><E65/><V102/><F102/><W17/><G17/><N who="0" m="12591" /><D52/><U104/><E104/><V94/><F100/><W56/><G56/><T23/><D77/><U50/><E60/><V39/><F61/><W105/><G105/><T67/><D67/><U5/><E5/><V63/><F6/><W125/><G125/><T117/><D76/><U119/><E119/><V51/><F63/><RYUUKYOKU ba="1,1" sc="251,-15,166,15,264,-15,309,15" hai1="8,16,50,53,58,83,86,88,96,99" hai3="13,14,25,31,35,43,45,80,85,90,121,122,123" />
</Scene>
<Scene>
<INIT seed="5,2,1,1,2,107" ten="236,181,249,324" oya="1" hai0="80,31,15,11,131,57,104,72,126,82,9,133,49" hai1="132,71,62,115,54,8,128,19,78,37,109,42,76" hai2="53,88,117,10,120,43,12,89,101,90,83,39,114" hai3="26,21,99,61,68,70,17,14,34,64,105,81,41"/><U55/><E115/><V103/><F120/><W108/><G108/><T75/><D104/><U106/><E106/><V67/><F117/><W58/><G41/><T50/><D31/><U27/><E109/><V35/><F35/><W45/><G45/><T122/><D122/><U30/><E132/><V121/><F121/><W84/><G105/><T91/><D133/><U134/><E134/><V129/><F114/><W36/><G36/><T119/><D119/><U16/><E128/><V110/><F110/><W60/><G99/><T95/><D131/><U1/><E1/><V44/><F129/><W79/><G34/><T38/><D38/><U74/><E55/><V118/><F118/><W0/><G0/><T47/><D57/><U85/><E85/><V6/><F67/><W97/><G97/><T52/><D126/><U124/><E124/><V3/><F53/><W111/><G111/><T98/><D50/><U127/><E127/><V130/><F130/><W22/><REACH who="3" step="1"/><G61/><REACH who="3" ten="236,181,249,314" step="2"/><T32/><D32/><N who="1" m="20575" /><E62/><V4/><F3/><W40/><G40/><T29/><D47/><U56/><E42/><V59/><F43/><W65/><G65/><T123/><D123/><U112/><E37/><V2/><F39/><W77/><G77/><T63/><D63/><U25/><E112/><V87/><F44/><W18/><AGARI ba="2,2" hai="14,17,18,21,22,26,58,60,64,68,70,79,81,84" machi="18" ten="20,2700,0" yaku="1,1,0,1,7,1,53,0" doraHai="107" doraHaiUra="92" who="3" fromWho="3" sc="236,-9,181,-15,249,-9,314,53" />
</Scene>
<Scene>
<INIT seed="6,0,0,4,4,11" ten="227,166,240,367" oya="2" hai0="76,14,89,22,133,30,58,66,40,6,128,102,72" hai1="129,17,20,43,51,122,93,50,33,107,83,4,108" hai2="65,41,130,109,69,18,24,111,95,56,85,74,73" hai3="105,121,125,21,96,132,8,116,42,97,78,126,77"/><V19/><F69/><W0/><G121/><T135/><D128/><U94/><E33/><V101/><F130/><W124/><G116/><T82/><D102/><U104/><E108/><N who="2" m="41547" /><F41/><W123/><G123/><T86/><D40/><U5/><E122/><V131/><F131/><W44/><G132/><N who="0" m="50763" /><D30/><U45/><E129/><V12/><F19/><W127/><G127/><T13/><D22/><U70/><E70/><V106/><F24/><W53/><G53/><T80/><D6/><U114/><E114/><V90/><F101/><N who="3" m="62631" /><G21/><T1/><D1/><U2/><E2/><V31/><F31/><W110/><G110/><T113/><D113/><U15/><E107/><V25/><F25/><W67/><G67/><T35/><D35/><U92/><E104/><V49/><F106/><W16/><G97/><T71/><D71/><U134/><E134/><V88/><F90/><W32/><G32/><T47/><D47/><N who="1" m="25983" /><E83/><V7/><F7/><N who="3" m="1127" /><G16/><T59/><D66/><U23/><E23/><N who="2" m="11719" /><F65/><W38/><AGARI ba="0,0" hai="38,42,44,77,78,124,125,126" m="1127,62631" machi="38" ten="30,1100,0" yaku="18,1" doraHai="11" who="3" fromWho="3" sc="227,-3,166,-3,240,-5,367,11" />
</Scene>
<Scene>
<INIT seed="7,0,0,4,0,69" ten="224,163,235,378" oya="3" hai0="97,98,92,50,48,61,63,67,23,1,41,15,122" hai1="45,114,54,77,58,91,43,56,90,7,21,76,33" hai2="2,99,55,134,68,71,111,3,5,102,100,70,89" hai3="133,28,126,4,57,118,87,83,65,73,12,75,60"/><W101/><G118/><T32/><D32/><U51/><E33/><V34/><F34/><W108/><G87/><T121/><D1/><U19/><E114/><V109/><F89/><W95/><G83/><T62/><D67/><U27/><E7/><V0/><F5/><W35/><G95/><T129/><D129/><U81/><E58/><V79/><F55/><W103/><G57/><T31/><D121/><U78/><REACH who="1" step="1"/><E81/><REACH who="1" ten="224,153,235,378" step="2"/><V37/><F71/><W96/><G4/><T49/><D122/><U132/><E132/><V115/><F70/><W29/><G35/><T85/><D41/><U25/><E25/><V131/><F68/><W52/><G133/><T86/><D98/><U107/><E107/><V46/><F134/><W59/><G96/><T64/><D64/><U53/><E53/><V74/><F99/><W88/><G52/><T17/><D31/><U22/><E22/><V72/><F115/><W26/><G29/><T10/><D23/><U106/><E106/><V130/><F130/><W38/><G28/><T84/><D97/><U105/><E105/><V13/><F131/><W119/><G65/><T82/><D92/><U124/><E124/><V127/><F127/><W66/><G126/><T112/><D112/><U9/><E9/><V123/><F123/><W120/><G120/><T18/><D18/><U93/><E93/><V80/><F111/><W94/><G108/><T16/><D17/><U128/><E128/><V8/><F109/><W30/><G66/><T40/><D40/><U135/><E135/><V110/><F110/><W11/><G94/><T47/><D82/><RYUUKYOKU ba="0,1" sc="224,15,153,15,235,-15,378,-15" hai0="10,15,16,47,48,49,50,61,62,63,84,85,86" hai1="19,21,27,43,45,51,54,56,76,77,78,90,91" owari="239,4.0,168,-33.0,220,-18.0,373,47.0" />
</Scene>
</mjloggm>