<mjloggm ver="2.3"><GO type="169"/><UN n0="%E3%81%98%E3%82%83%E3%81%8C%E3%81%84%E3%82%82%E5%89%A3%E5%A3%AB" n1="%E3%81%B6%E3%81%A1%E3%82%83%E3%82%89%E3%81%A6%E3%81%83" n2="%6D%61%63%6A%72" n3="%E5%A4%AA%E3%81%8F%E3%81%AA%E3%81%84%E3%81%8A" dan="16,16,17,18" rate="2057,2037,2146,2176" sx="F,F,M,M"/><TAIKYOKU oya="0"/>

<Scene>
<INIT seed="0,0,0,4,0,26" ten="250,250,250,250" oya="0" hai0="66,82,85,60,84,96,103,95,33,80,53,121,22" hai1="73,100,79,78,93,52,25,77,39,107,47,57,13" hai2="61,5,38,76,70,72,106,98,112,92,15,34,81" hai3="110,23,43,99,119,115,4,90,0,109,75,133,88"/><T14/><D121/><U12/><E107/><V129/><F112/><W2/><G115/><T27/><D33/><U42/><E73/><V37/><F129/><W132/><G119/><T30/><D53/><U7/><E7/><V54/><F106/><W16/><G75/><T114/><D114/><U65/><E65/><V20/><F34/><W125/><G43/><T50/><D50/><U108/><E108/><N who="3" m="41578" /><G125/><T126/><D126/><U128/><E128/><V32/><F32/><W123/><G123/><T46/><D46/><U11/><E11/><V124/><F124/><W6/><G6/><T102/><D102/><U120/><E120/><V122/><F122/><W40/><G40/><T1/><D1/><N who="3" m="617" /><G4/><T56/><REACH who="0" step="1"/><D14/><REACH who="0" ten="240,250,250,250" step="2"/><U91/><E100/><V28/><F15/><N who="3" m="9631" /><G99/><T41/><D41/><U68/><E13/><V48/><F98/><W17/><G17/><T131/><D131/><U45/><E12/><V134/><F5/><W55/><G55/><T44/><D44/><U101/><E47/><V10/><F54/><W51/><G51/><T63/><D63/><U49/><E101/><V62/><F62/><W87/><G90/><T135/><D135/><U19/><E19/><V24/><F61/><W59/><G59/><T31/><D31/><U21/><E42/><V67/><F134/><W9/><G9/><T69/><D69/><U74/><E45/><V130/><F130/><W94/><AGARI ba="0,1" hai="87,88,94,132,133" m="9631,617,41578" machi="94" ten="40,5200,0" yaku="14,1,54,2" doraHai="26" who="3" fromWho="3" sc="240,-26,250,-13,250,-13,250,62" />
</Scene>
<Scene>
<INIT seed="1,0,0,3,0,22" ten="214,237,237,312" oya="1" hai0="4,75,18,97,42,12,119,56,36,118,114,122,64" hai1="120,78,33,89,35,131,60,112,70,2,1,76,65" hai2="13,21,96,30,124,29,24,126,45,40,106,92,72" hai3="102,115,84,5,41,133,55,132,37,69,135,31,14"/><U95/><E120/><V116/><F72/><W129/><G115/><T91/><D114/><U85/><E112/><V113/><F113/><W107/><G69/><T6/><D75/><U15/><E131/><V83/><F106/><W23/><G129/><T125/><D125/><N who="2" m="48234" /><F83/><W128/><G128/><T38/><D122/><U80/><E15/><V88/><F13/><W94/><G107/><T93/><D6/><U82/><E35/><V127/><N who="2" m="48242" /><V109/><DORA hai="67" /><F109/><W105/><G105/><T101/><D4/><U19/><E19/><N who="2" m="12351" /><F116/><W90/><G14/><T121/><D121/><U123/><E33/><V73/><F73/><W50/><G5/><T11/><D118/><U26/><E123/><V134/><F134/><W52/><G23/><T10/><D119/><U110/><E110/><V57/><F57/><W44/><G31/><T117/><D117/><U71/><E71/><V100/><F100/><W54/><REACH who="3" step="1"/><G102/><REACH who="3" ten="214,237,237,302" step="2"/><T9/><D101/><U34/><E34/><V81/><F81/><W47/><AGARI ba="0,1" hai="37,41,44,47,50,52,54,55,84,90,94,132,133,135" machi="47" ten="40,8000,1" yaku="1,1,2,1,0,1,20,1,54,1,53,0" doraHai="22,67" doraHaiUra="61,108" who="3" fromWho="3" sc="214,-20,237,-40,237,-20,302,90" />
</Scene>
<Scene>
<INIT seed="2,0,0,5,5,45" ten="194,197,217,392" oya="2" hai0="87,25,29,56,4,54,19,66,36,98,75,58,55" hai1="95,0,107,51,113,110,88,24,52,28,89,131,108" hai2="12,44,96,130,125,91,67,15,46,76,104,128,123" hai3="3,77,8,84,47,122,99,101,65,43,17,118,42"/><V68/><F123/><W34/><G122/><T57/><D75/><U106/><E131/><N who="2" m="50219" /><F125/><W80/><G118/><T134/><D36/><U30/><E0/><V5/><F76/><W64/><G34/><T121/><D121/><U73/><E73/><V2/><F2/><W40/><G47/><N who="2" m="17961" /><F5/><W72/><G72/><T116/><D116/><U126/><E126/><V115/><F115/><W78/><G78/><T94/><D4/><U41/><E41/><V38/><F38/><W53/><G3/><T135/><D87/><N who="1" m="52639" /><E89/><V23/><F23/><W92/><G53/><T109/><D66/><U133/><E133/><N who="0" m="50697" /><D19/><U81/><E81/><V50/><F67/><W60/><G65/><T79/><D79/><U103/><E103/><N who="2" m="62567" /><F68/><W120/><G120/><T100/><D109/><N who="1" m="42091" /><E113/><V20/><F91/><W102/><G102/><T71/><D71/><U124/><E124/><V21/><F21/><AGARI ba="0,0" hai="21,25,29,54,55,56,57,58,94,98,100" m="50697" machi="21" ten="30,1000,0" yaku="20,1" doraHai="45" who="0" fromWho="2" sc="194,10,197,0,217,-10,392,0" />
</Scene>
<Scene>
<INIT seed="3,0,0,1,2,111" ten="204,197,207,392" oya="3" hai0="81,96,43,129,99,19,102,106,126,124,131,134,97" hai1="71,88,6,3,72,12,45,25,135,62,65,17,80" hai2="7,130,64,132,55,133,75,56,46,115,14,9,36" hai3="116,68,83,61,79,57,70,29,87,125,48,52,13"/><W117/><G125/><N who="0" m="48235" /><D43/><U21/><E135/><V42/><F130/><N who="0" m="49674" /><D19/><U122/><E122/><V24/><F75/><W118/><G29/><T77/><D134/><N who="2" m="51818" /><F24/><W123/><G123/><T94/><D94/><U93/><E3/><V92/><F92/><W112/><G13/><T120/><D120/><U74/><E45/><V5/><F5/><W50/><REACH who="3" step="1"/><G112/><REACH who="3" ten="204,197,207,382" step="2"/><T58/><D58/><U39/><E12/><V51/><F115/><W69/><AGARI ba="0,1" hai="48,50,52,57,61,68,69,70,79,83,87,116,117,118" machi="69" ten="40,12000,1" yaku="1,1,2,1,0,1,54,1,53,0" doraHai="111" doraHaiUra="40" who="3" fromWho="3" sc="204,-40,197,-40,207,-40,382,130" />
</Scene>
<Scene>
<INIT seed="3,1,0,4,2,48" ten="164,157,167,512" oya="3" hai0="37,16,45,32,57,68,60,13,109,108,47,8,34" hai1="100,73,107,59,123,1,26,52,42,79,2,94,10" hai2="58,30,128,132,105,74,11,95,20,106,28,114,119" hai3="69,99,12,54,55,81,117,131,72,3,110,78,116"/><W56/><G3/><T89/><D68/><U101/><E123/><V33/><F114/><W6/><G69/><T130/><D130/><U102/><E42/><V129/><F74/><W66/><G131/><T25/><D89/><U63/><E26/><V39/><F39/><W103/><G66/><T96/><D96/><U7/><E94/><V88/><F119/><W65/><G65/><T27/><D37/><U70/><E70/><V121/><F33/><W67/><G67/><T98/><D98/><U80/><REACH who="1" step="1"/><E2/><REACH who="1" ten="164,147,167,512" step="2"/><V0/><F95/><W17/><G117/><T124/><D27/><U41/><E41/><V40/><F40/><W76/><G116/><T19/><D32/><U18/><E18/><V46/><F0/><W133/><G17/><T9/><D34/><U49/><E49/><V86/><F121/><W64/><G133/><T75/><D25/><U91/><E91/><V43/><F88/><W93/><G93/><T84/><D19/><U29/><E29/><V15/><F30/><W113/><G113/><T5/><D16/><U135/><E135/><V36/><F132/><W111/><G12/><T50/><D13/><U44/><E44/><V31/><F31/><W62/><G78/><T112/><D47/><U61/><E61/><V122/><F122/><W35/><G35/><T92/><D60/><U97/><AGARI ba="1,1" hai="1,7,10,52,59,63,73,79,80,97,100,101,102,107" machi="97" ten="30,7900,0" yaku="1,1,0,1,52,1,54,1,53,0" doraHai="48" doraHaiUra="83" who="1" fromWho="1" sc="164,-21,147,92,167,-21,512,-40" />
</Scene>
<Scene>
<INIT seed="4,0,0,1,1,118" ten="143,239,146,472" oya="0" hai0="61,135,81,96,85,98,33,50,95,47,92,58,74" hai1="15,39,7,27,10,56,9,102,22,24,71,89,32" hai2="109,94,46,121,37,54,103,112,62,69,17,45,48" hai3="5,111,73,97,122,68,106,86,129,64,55,76,6"/><T82/><D33/><U133/><E71/><V35/><F112/><W83/><G111/><T116/><D116/><U11/><E39/><V26/><F109/><W127/><G127/><T49/><D135/><U120/><E102/><V107/><F94/><N who="0" m="35882" /><D74/><U0/><E56/><V114/><F114/><W130/><G73/><T113/><D113/><U20/><E89/><V93/><F93/><W8/><G55/><N who="0" m="30143" /><D50/><U77/><E77/><V63/><F121/><W52/><G122/><T99/><D85/><U80/><E80/><V36/><F69/><W87/><G87/><T134/><D134/><U115/><E115/><V78/><F103/><W4/><G106/><T53/><AGARI ba="0,0" hai="53,58,61,81,82,96,98,99" m="30143,35882" machi="53" ten="30,1500,0" yaku="8,1" doraHai="118" who="0" fromWho="0" sc="143,15,239,-5,146,-5,472,-5" />
</Scene>
<Scene>
<INIT seed="4,1,0,4,5,5" ten="158,234,141,467" oya="0" hai0="25,77,79,9,22,98,36,104,108,81,61,7,6" hai1="17,28,65,128,58,100,90,105,1,27,68,34,82" hai2="78,46,113,55,45,63,71,89,51,91,13,118,72" hai3="87,15,21,99,11,64,47,40,84,114,126,133,23"/><T116/><D36/><U73/><E1/><V44/><F113/><W50/><G114/><T29/><D116/><U76/><E58/><V60/><F118/><W125/><G133/><T80/><D108/><U59/><E59/><N who="2" m="33279" /><F72/><W135/><G135/><T42/><D42/><U32/><E17/><V38/><F71/><W20/><G64/><T66/><D7/><U115/><E115/><V103/><F38/><W127/><G99/><T8/><D104/><U101/><E128/><V102/><F78/><N who="0" m="29706" /><D6/><AGARI ba="1,0" hai="6,11,15,20,21,23,40,47,50,84,87,125,126,127" machi="6" ten="50,3200,0" yaku="18,1,52,1" doraHai="5" who="3" fromWho="0" sc="158,-35,234,0,141,0,467,35" />
</Scene>
<Scene>
<INIT seed="5,0,0,3,4,34" ten="123,234,141,502" oya="1" hai0="67,107,117,116,110,35,71,66,99,119,63,30,18" hai1="96,79,91,68,36,104,75,93,7,24,72,88,48" hai2="56,73,62,11,9,106,37,87,5,134,126,97,86" hai3="39,28,45,26,14,54,98,114,95,120,0,29,81"/><U74/><E36/><V64/><F73/><W51/><G120/><T53/><D18/><U108/><E68/><V4/><F37/><W92/><G0/><T80/><D80/><U13/><E108/><V70/><F134/><W25/><G114/><T46/><D67/><U77/><E24/><N who="3" m="9322" /><G39/><T60/><D110/><U122/><E122/><V128/><F128/><W21/><G81/><T132/><D30/><N who="3" m="11881" /><G98/><T8/><D8/><U31/><E31/><V1/><F126/><W84/><G84/><T23/><D23/><U20/><E48/><V103/><REACH who="2" step="1"/><F70/><REACH who="2" ten="123,234,131,502" step="2"/><W32/><G32/><T44/><D35/><U90/><E75/><V2/><AGARI ba="0,1" hai="1,2,4,5,9,11,56,62,64,86,87,97,103,106" machi="2" ten="20,12000,2" yaku="1,1,2,1,0,1,7,1,9,1,52,2,53,0" doraHai="34" doraHaiUra="43" who="2" fromWho="2" sc="123,-30,234,-60,131,130,502,-30" />
</Scene>
<Scene>
<INIT seed="6,0,0,0,5,134" ten="93,174,261,472" oya="2" hai0="79,62,106,114,43,1,70,94,50,118,14,6,12" hai1="108,68,135,51,107,18,101,129,37,100,60,45,99" hai2="66,80,69,34,117,58,9,82,32,8,90,102,71" hai3="26,113,63,92,109,120,119,23,93,25,83,33,89"/><V64/><F90/><W7/><G109/><T132/><D106/><U52/><E108/><V122/><F58/><W4/><G120/><T85/><D132/><U13/><E135/><V126/><F102/><W77/><G119/><T59/><D118/><U0/><E0/><V86/><F86/><N who="3" m="48495" /><G33/><T105/><D105/><U24/><E24/><V31/><F117/><W48/><G113/><T124/><D114/><U40/><E129/><V28/><F122/><W65/><G48/><T42/><D1/><U38/><E101/><V97/><F97/><W73/><G73/><T112/><D112/><U84/><E84/><V47/><F47/><W110/><G26/><T78/><D70/><U39/><E18/><V57/><F57/><N who="3" m="37103" /><G110/><T11/><D14/><U41/><REACH who="1" step="1"/><E13/><REACH who="1" ten="93,164,261,472" step="2"/><V16/><F16/><N who="3" m="12519" /><G93/><T87/><D94/><U54/><E54/><V131/><F131/><W10/><G10/><T123/><D123/><U22/><E22/><V30/><F31/><W49/><G4/><T116/><D116/><U27/><E27/><V128/><F128/><W121/><G7/><T36/><D36/><U2/><E2/><V95/><F95/><W5/><G5/><T21/><D21/><U96/><E96/><V61/><F8/><W72/><G121/><T55/><D42/><U17/><E17/><V67/><F9/><W15/><G15/><T98/><D98/><U29/><E29/><V81/><F28/><W103/><G103/><T91/><D87/><U130/><E130/><V35/><F30/><W115/><G115/><T56/><D43/><U20/><E20/><V111/><F111/><RYUUKYOKU ba="0,1" sc="93,-10,164,30,261,-10,472,-10" hai1="37,38,39,40,41,45,51,52,60,68,99,100,107" />
</Scene>
<Scene>
<INIT seed="7,1,1,4,5,78" ten="83,194,251,462" oya="3" hai0="10,5,110,128,9,125,51,64,111,113,21,115,39" hai1="118,26,55,112,24,67,15,84,81,44,13,79,3" hai2="123,20,99,71,14,95,120,89,102,90,76,88,1" hai3="30,29,11,129,61,17,37,22,124,93,33,45,109"/><W48/><G37/><T58/><D39/><U85/><E3/><V25/><F1/><W57/><G33/><T75/><D75/><U108/><E108/><V8/><F71/><W105/><G105/><T0/><D64/><U94/><E118/><V6/><F76/><W31/><G124/><T74/><D74/><U86/><E67/><V40/><F40/><W82/><G93/><T97/><D58/><U63/><E112/><N who="0" m="43081" /><D51/><N who="1" m="29159" /><E63/><V126/><F126/><W34/><G34/><T134/><D97/><U100/><E100/><V41/><F41/><W132/><G17/><T12/><D125/><U107/><E107/><V16/><AGARI ba="1,1" hai="6,8,14,16,20,25,88,89,90,95,99,102,120,123" machi="16" ten="30,4000,0" yaku="0,1,54,2" doraHai="78" who="2" fromWho="2" sc="83,-11,194,-11,251,53,462,-21" owari="72,-43.0,183,-22.0,304,10.0,441,55.0" />
</Scene>
</mjloggm>