<mjloggm ver="2.3"><GO type="169" lobby="0"/><UN n0="%E3%82%B9%E3%83%86%E3%83%AB%E3%82%B9%6B%69%6E%6F" n1="%E5%A4%AA%E3%81%8F%E3%81%AA%E3%81%84%E3%81%8A" n2="%78%72%63%35%32%34%32%38" n3="%E3%83%92%E3%82%B2%E3%83%AD%E3%83%B3%E3%82%B0" dan="16,18,16,16" rate="2043.88,2162.07,2084.49,2077.80" sx="F,F,M,M"/><TAIKYOKU oya="0"/>

<Scene>
<INIT seed="0,0,0,3,5,16" ten="250,250,250,250" oya="0" hai0="106,135,48,97,113,110,68,57,119,33,70,96,87" hai1="133,71,20,51,109,108,85,98,103,93,8,46,25" hai2="105,41,38,60,111,86,107,124,95,115,35,34,29" hai3="56,28,19,42,59,102,5,104,3,36,26,61,79"/><T121/><D119/><U125/><E71/><V84/><F115/><W89/><G79/><T72/><D113/><U49/><E125/><V15/><F15/><W65/><G102/><T1/><D121/><U27/><E133/><V122/><F60/><W44/><G104/><T2/><D72/><U54/><E8/><V126/><F29/><W83/><G5/><T39/><D135/><U127/><E127/><V128/><F95/><W134/><G3/><T6/><D39/><U52/><E85/><V91/><F41/><W118/><G118/><T63/><D33/><U123/><E123/><V53/><F38/><W75/><G134/><T17/><D70/><U9/><E9/><V30/><F30/><W112/><G75/><T11/><D68/><U76/><E76/><V62/><F62/><W14/><G112/><T32/><D106/><U4/><E4/><V22/><F122/><W81/><G59/><T69/><D69/><U92/><E92/><V80/><F80/><W66/><G89/><T43/><D32/><U77/><E77/><V132/><F132/><W18/><G66/><T0/><D0/><U67/><E67/><V24/><F24/><W40/><G40/><T37/><D37/><U64/><E64/><V130/><F91/><W7/><G7/><T21/><D2/><U13/><E13/><V78/><F78/><W47/><G47/><T55/><D1/><U58/><REACH who="1" step="1"/><E27/><REACH who="1" ten="250,240,250,250" step="2"/><V88/><F126/><W82/><REACH who="3" step="1"/><G14/><REACH who="3" ten="250,240,250,240" step="2"/><T94/><D110/><U99/><E99/><V116/><F111/><W117/><G117/><T10/><D97/><U131/><E131/><RYUUKYOKU ba="0,2" sc="250,-15,240,15,250,-15,240,15" hai1="20,25,46,49,51,52,54,58,93,98,103,108,109" hai3="18,19,26,28,36,42,44,56,61,65,81,82,83" />
</Scene>
<Scene>
<INIT seed="1,1,2,3,1,49" ten="235,255,235,255" oya="1" hai0="56,81,47,41,82,68,30,114,63,86,33,18,75" hai1="20,29,28,2,16,0,44,60,134,23,9,64,100" hai2="121,83,105,117,6,93,120,106,70,13,85,122,55" hai3="42,88,110,73,129,24,125,65,54,52,79,132,14"/><U102/><E134/><V104/><F70/><W119/><G132/><T61/><D114/><U101/><E44/><V17/><F6/><W1/><G1/><T72/><D18/><U46/><E46/><V135/><F117/><W8/><G42/><T59/><D68/><U99/><E99/><V27/><F27/><W124/><G119/><T43/><D82/><U133/><E133/><V15/><F135/><W95/><G110/><T113/><D113/><U107/><E107/><V71/><F71/><W91/><G65/><T58/><D33/><U131/><E131/><V112/><F93/><W40/><G40/><T111/><D30/><U34/><E34/><V84/><F112/><W67/><G67/><T96/><D111/><U87/><E87/><N who="2" m="33355" /><F83/><N who="3" m="45551" /><G24/><T108/><D108/><U39/><E39/><V3/><F3/><W53/><G95/><T66/><D96/><U98/><E98/><V4/><F4/><N who="3" m="3335" /><G129/><T115/><D115/><U26/><E29/><V126/><F17/><W89/><G89/><T38/><D43/><U48/><E0/><V69/><F69/><W50/><G50/><T94/><D94/><U90/><E90/><V45/><F122/><W116/><G116/><T5/><D5/><U10/><E2/><V130/><F121/><W32/><G32/><T103/><D103/><U51/><E51/><N who="2" m="29167" /><F130/><W97/><G97/><T123/><D123/><U127/><E26/><V74/><F120/><W12/><G12/><N who="2" m="4681" /><F74/><N who="0" m="28202" /><D66/><U62/><E64/><V25/><F25/><W22/><G22/><T128/><D128/><U31/><E31/><V37/><F37/><W35/><G35/><RYUUKYOKU ba="1,2" sc="235,10,255,-30,235,10,255,10" hai0="38,41,47,56,58,59,61,63,81,86" hai2="104,105,106,126" hai3="52,53,54,88,91,124,125" />
</Scene>
<Scene>
<INIT seed="2,2,2,3,5,11" ten="245,225,245,265" oya="2" hai0="64,133,89,108,35,50,130,39,80,99,2,55,103" hai1="112,25,125,134,76,8,78,53,69,74,118,32,9" hai2="33,43,57,95,73,75,30,121,37,97,131,96,113" hai3="109,5,129,86,12,44,124,111,58,3,92,29,117"/><V102/><F121/><W63/><G117/><T47/><D35/><U48/><E118/><V13/><F113/><W0/><G129/><T115/><D115/><U128/><E112/><V28/><F131/><W38/><G124/><T66/><D130/><U26/><E128/><V107/><F37/><W77/><G29/><T24/><D2/><U122/><E69/><V42/><F73/><W87/><G87/><T98/><D108/><N who="3" m="41545" /><G44/><T27/><D39/><U88/><E125/><V71/><F71/><W19/><G5/><T52/><D55/><U94/><E122/><V105/><F75/><W65/><G38/><T17/><D133/><U49/><E134/><V106/><F33/><W110/><G110/><T22/><D27/><U81/><E76/><V10/><F57/><W16/><G19/><T120/><D120/><U34/><E34/><V41/><REACH who="2" step="1"/><F97/><REACH who="2" ten="245,225,235,265" step="2"/><N who="0" m="36874" /><D103/><U100/><E100/><V54/><F54/><W70/><G70/><T135/><D135/><U132/><E132/><V127/><F127/><W20/><G92/><T67/><D67/><U114/><E114/><V40/><N who="2" m="10240" /><DORA hai="4" /><V59/><F59/><W60/><G63/><T91/><D66/><U101/><E74/><V72/><F72/><W68/><G68/><T14/><D64/><U90/><E94/><V84/><F84/><W6/><G6/><AGARI ba="2,3" hai="6,10,13,28,30,95,96,102,105,106,107" m="10240" machi="6" ten="60,12000,1" yaku="1,1,52,2,53,1" doraHai="11,4" doraHaiUra="1,31" who="2" fromWho="3" sc="245,0,225,0,235,156,265,-126" />
</Scene>
<Scene>
<INIT seed="2,3,0,2,2,103" ten="245,225,391,139" oya="2" hai0="56,34,121,129,35,29,31,52,71,106,127,120,75" hai1="86,6,133,61,16,60,111,57,107,27,3,30,66" hai2="97,47,77,126,59,18,49,82,104,8,11,92,117" hai3="100,89,46,5,90,28,2,33,110,94,50,21,23"/><V115/><F117/><W38/><G38/><T65/><D75/><U13/><E111/><V122/><F115/><W109/><G33/><T51/><D127/><U135/><E107/><V41/><F122/><W48/><G100/><T7/><D7/><U1/><E86/><N who="2" m="48463" /><F104/><W76/><G76/><T119/><D119/><U85/><E85/><V63/><F126/><W15/><G2/><T19/><D19/><U54/><E6/><V64/><F18/><N who="3" m="10463" /><G5/><T79/><D79/><U12/><E27/><V81/><F81/><W101/><G101/><AGARI ba="3,0" hai="8,11,41,47,49,59,63,64,92,97,101" m="48463" machi="101" ten="30,1500,0" yaku="8,1" doraHai="103" who="2" fromWho="3" sc="245,0,225,0,391,24,139,-24" />
</Scene>
<Scene>
<INIT seed="2,4,0,1,0,39" ten="245,225,415,115" oya="2" hai0="32,7,56,24,21,112,1,62,12,26,10,11,49" hai1="99,98,6,87,54,73,126,104,93,72,125,16,33" hai2="18,119,105,4,81,134,59,101,2,42,106,64,118" hai3="115,38,132,36,83,70,113,60,37,74,122,48,120"/><V82/><F101/><W9/><G9/><T114/><D49/><U5/><E33/><V55/><F64/><N who="3" m="41223" /><G83/><T94/><D94/><U52/><E93/><V30/><F134/><W107/><G107/><T34/><D56/><U124/><E87/><V121/><F30/><W27/><G27/><N who="0" m="10283" /><D62/><U78/><E78/><V58/><F4/><N who="1" m="1641" /><E16/><V20/><F18/><W90/><G90/><T123/><D123/><N who="3" m="47145" /><G74/><N who="1" m="28778" /><E104/><V109/><F20/><W100/><G100/><T91/><D91/><U89/><E89/><V19/><F19/><W79/><G79/><T117/><D117/><U69/><E69/><V92/><F92/><W43/><G132/><T44/><D21/><U50/><E50/><V84/><F121/><W66/><G66/><T86/><D86/><U22/><E22/><V17/><F84/><W63/><G63/><T77/><D77/><U103/><E103/><V41/><F17/><W67/><G67/><T65/><D65/><U108/><E99/><V35/><F35/><W68/><G68/><T133/><D34/><U57/><E98/><V130/><F2/><W71/><G71/><T135/><D32/><U80/><E80/><V127/><F106/><W128/><G128/><T129/><D129/><U29/><E29/><V46/><F105/><W110/><G110/><T116/><D133/><U61/><E108/><V8/><F109/><W15/><G15/><T14/><D135/><U28/><E28/><V23/><F130/><W13/><G13/><T75/><D14/><U102/><E102/><V97/><F119/><W47/><AGARI ba="4,0" hai="36,37,38,43,47,48,113,115" m="47145,41223" machi="47" ten="40,5200,0" yaku="34,2,52,1" doraHai="39" who="3" fromWho="3" sc="245,-17,225,-17,415,-30,115,64" />
</Scene>
<Scene>
<INIT seed="3,0,0,5,3,23" ten="228,208,385,179" oya="3" hai0="131,103,129,77,104,68,41,127,35,91,53,84,85" hai1="95,69,55,111,106,39,32,78,27,125,29,75,132" hai2="96,28,135,46,115,24,100,48,4,2,71,37,45" hai3="107,3,21,62,25,112,40,42,9,121,97,30,86"/><W108/><G121/><T109/><D68/><U52/><E106/><V11/><F115/><W31/><G112/><T93/><D35/><U13/><E69/><V124/><F135/><W118/><G118/><T120/><D41/><U59/><E39/><V36/><F124/><W90/><G108/><T18/><D53/><U0/><E0/><V119/><F119/><W76/><G76/><T80/><D18/><U43/><E43/><V33/><F71/><W54/><G31/><T12/><D12/><U51/><E132/><V60/><F60/><W66/><G54/><T10/><D10/><U72/><E125/><V50/><F37/><W38/><G38/><T1/><D1/><U20/><E111/><V49/><REACH who="2" step="1"/><F36/><REACH who="2" ten="228,208,375,179" step="2"/><W19/><G107/><AGARI ba="0,1" hai="2,4,11,24,28,33,45,46,48,49,50,96,100,107" machi="107" ten="40,5200,0" yaku="1,1,2,1,52,1,53,0" doraHai="23" doraHaiUra="74" who="2" fromWho="3" sc="228,0,208,0,375,62,179,-52" />
</Scene>
<Scene>
<INIT seed="4,0,0,2,2,82" ten="228,208,437,127" oya="0" hai0="43,125,30,112,38,108,127,63,47,92,95,48,80" hai1="37,120,55,57,39,131,99,119,98,97,54,73,21" hai2="118,102,109,58,24,117,135,113,65,40,90,94,70" hai3="133,74,35,93,110,129,105,89,42,56,126,132,130"/><T17/><D112/><U124/><E120/><V66/><F109/><W11/><G35/><T77/><D108/><U31/><E119/><V9/><F113/><W62/><G110/><T0/><D0/><U49/><E73/><V23/><F102/><W103/><G11/><T72/><D30/><U4/><E124/><N who="0" m="47689" /><D63/><U67/><E131/><N who="3" m="50186" /><G126/><T87/><D17/><U88/><E67/><V1/><F135/><N who="3" m="51787" /><G42/><N who="0" m="24695" /><D72/><U134/><E134/><V83/><F117/><W2/><G2/><T86/><D86/><U22/><E4/><V101/><F1/><W27/><G74/><T50/><D38/><U84/><E31/><V115/><F115/><W18/><G105/><T121/><D121/><U111/><E111/><V12/><F118/><W68/><G68/><T34/><D34/><U96/><E96/><V20/><F70/><W45/><G45/><AGARI ba="0,0" hai="43,45,50,77,80,87,92,95" m="24695,47689" machi="45" ten="30,2900,0" yaku="18,1,52,1" doraHai="82" who="0" fromWho="3" sc="228,29,208,0,437,0,127,-29" />
</Scene>
<Scene>
<INIT seed="4,1,0,2,1,116" ten="257,208,437,98" oya="0" hai0="15,86,115,71,122,32,29,0,44,69,36,62,2" hai1="10,24,131,43,100,128,11,126,90,50,52,54,93" hai2="130,103,1,99,80,33,35,6,73,96,55,38,25" hai3="121,111,61,20,77,3,92,82,106,14,109,30,64"/><T4/><D122/><U74/><E74/><V101/><F130/><N who="1" m="49705" /><E126/><V70/><F70/><W135/><G106/><T89/><D115/><U107/><E107/><V94/><F38/><W127/><G127/><T113/><D113/><U65/><E100/><V59/><F6/><W105/><G105/><T67/><D71/><U134/><E134/><V19/><F1/><W51/><G3/><T23/><D36/><U87/><E65/><V125/><F80/><W47/><G135/><T26/><D44/><N who="1" m="25887" /><E24/><V18/><F73/><W102/><G121/><T112/><D112/><U98/><E98/><V78/><F78/><W31/><G109/><T118/><D118/><U53/><AGARI ba="1,0" hai="10,11,52,53,54,87,90,93" m="25887,49705" machi="53" ten="30,2000,0" yaku="19,1,54,1" doraHai="116" who="1" fromWho="1" sc="257,-11,208,23,437,-6,98,-6" />
</Scene>
<Scene>
<INIT seed="5,0,0,4,0,32" ten="246,231,431,92" oya="1" hai0="110,93,115,97,74,131,100,124,87,76,30,90,135" hai1="26,119,27,129,12,52,5,45,19,71,33,68,65" hai2="88,92,58,2,120,41,8,47,95,0,49,123,21" hai3="126,127,48,102,55,31,82,6,3,114,113,53,67"/><U130/><E119/><V9/><F21/><W77/><G102/><T117/><D30/><N who="1" m="19671" /><E27/><V133/><F133/><W85/><G67/><T66/><D66/><U51/><E5/><V42/><F58/><W79/><G31/><T83/><D117/><U106/><E106/><V89/><REACH who="2" step="1"/><F49/><REACH who="2" ten="246,231,421,92" step="2"/><W78/><G48/><T125/><D135/><U44/><E44/><AGARI ba="0,1" hai="0,2,8,9,41,42,44,47,88,89,92,95,120,123" machi="44" ten="25,16000,3" yaku="1,1,2,1,22,2,52,2,54,1,53,2" doraHai="32" doraHaiUra="43" who="2" fromWho="1" sc="246,0,231,-160,421,170,92,0" />
</Scene>
<Scene>
<INIT seed="6,0,0,5,1,100" ten="246,71,591,92" oya="2" hai0="60,112,105,8,80,110,22,123,25,129,51,70,71" hai1="36,121,28,38,11,126,13,43,47,128,99,78,4" hai2="115,118,125,45,83,98,77,95,23,134,90,119,0" hai3="55,96,122,15,114,42,34,58,52,39,18,41,17"/><V12/><F0/><W91/><G122/><T116/><D110/><U69/><E69/><V64/><F64/><W40/><G39/><T46/><D123/><U131/><E121/><V37/><F115/><W84/><G34/><T53/><D112/><U50/><E28/><V88/><F125/><W85/><G114/><T103/><D129/><N who="1" m="49739" /><E126/><V94/><F134/><W108/><G108/><T20/><D105/><U19/><E78/><V87/><F45/><W81/><G96/><T66/><D25/><U102/><E19/><N who="3" m="7178" /><G15/><T33/><D53/><N who="3" m="20553" /><G58/><T9/><D33/><U75/><E75/><N who="2" m="43455" /><F12/><W89/><G81/><T135/><D80/><U86/><E86/><AGARI ba="0,0" hai="40,41,42,84,85,86,89,91" m="20553,7178" machi="86" ten="30,7700,0" yaku="28,2,8,1,54,1" doraHai="100" who="3" fromWho="1" sc="246,0,71,-77,591,0,92,77" owari="246,5.0,-6,-51.0,591,69.0,169,-23.0" />
</Scene>
</mjloggm>