<mjloggm ver="2.3"><GO type="169"/><UN n0="%E3%82%82%E3%81%A3%E3%81%97%E3%83%BC" n1="%E3%83%99%E3%82%BF%E3%82%AA%E3%83%AA%E3%82%B9%E3%82%AF" n2="%E3%83%9F%E3%83%A9%E3%82%AF%E3%83%AB%E3%81%8A%E3%81%98%E3%81%95%E3%82%93" n3="%E5%A4%AA%E3%81%8F%E3%81%AA%E3%81%84%E3%81%8A" dan="17,16,17,17" rate="2129,2132,2159,2183" sx="M,M,M,M"/><TAIKYOKU oya="0"/>

<Scene>
<INIT seed="0,0,0,3,1,95" ten="250,250,250,250" oya="0" hai0="72,19,30,0,5,53,58,116,7,106,6,57,56" hai1="26,76,9,77,87,121,34,73,47,83,68,102,54" hai2="114,50,135,91,89,115,59,29,28,92,134,4,38" hai3="31,17,24,70,62,103,113,132,39,101,86,78,43"/><T126/><D116/><U67/><E121/><V79/><F38/><W94/><G113/><T133/><D72/><U119/><E119/><V105/><F105/><W127/><G39/><T12/><D30/><U80/><E102/><V3/><F79/><W74/><G43/><T66/><D133/><U82/><E68/><V18/><F4/><W35/><G132/><T120/><D120/><U20/><E34/><V122/><F3/><W42/><G42/><T33/><D33/><U130/><E130/><V22/><F122/><W90/><G127/><T23/><D126/><U131/><E131/><V64/><F134/><W110/><G110/><T60/><D106/><U100/><E100/><V8/><F8/><W117/><G117/><T61/><REACH who="0" step="1"/><D57/><REACH who="0" ten="240,250,250,250" step="2"/><U15/><E73/><V111/><F59/><W112/><G74/><T75/><D75/><U49/><E76/><V128/><F135/><W85/><G31/><T46/><D46/><U55/><E47/><V63/><F28/><W129/><G35/><T32/><D32/><U109/><E77/><V124/><F29/><W11/><G78/><T14/><D14/><U104/><E15/><V37/><F124/><W107/><G107/><T44/><D44/><U51/><E104/><V1/><F115/><W88/><G112/><T41/><D41/><U93/><E109/><V40/><F114/><W108/><G108/><T81/><D81/><U36/><E83/><V25/><F111/><W97/><G129/><T45/><D45/><U21/><E82/><V98/><F128/><W16/><G24/><T99/><D99/><U65/><E26/><RYUUKYOKU ba="0,1" sc="240,30,250,-10,250,-10,250,-10" hai0="0,5,6,7,12,19,23,53,56,58,60,61,66" />
</Scene>
<Scene>
<INIT seed="0,1,1,3,4,31" ten="270,240,240,240" oya="0" hai0="111,16,85,116,15,106,133,70,48,71,53,95,62" hai1="30,13,9,26,32,17,104,100,68,94,78,46,61" hai2="129,115,101,126,22,103,84,40,3,72,96,57,107" hai3="127,110,11,109,83,21,79,123,67,47,14,82,27"/><T102/><D116/><U18/><E104/><V38/><F72/><W128/><G128/><T80/><D106/><U135/><E135/><V118/><F115/><W56/><G127/><T45/><D133/><U2/><E2/><V43/><F126/><W122/><G47/><T8/><D111/><N who="3" m="42505" /><G56/><T64/><D95/><U130/><E130/><V41/><F129/><W35/><G67/><T50/><D102/><U25/><E78/><V49/><F118/><W28/><G21/><T19/><D50/><U90/><E100/><V114/><F114/><W91/><G91/><T51/><D51/><U58/><E68/><V119/><F119/><W77/><G77/><T12/><D71/><U124/><E124/><V131/><F131/><W4/><G83/><T112/><D112/><U39/><E25/><V37/><F22/><W65/><G65/><T81/><REACH who="0" step="1"/><D85/><AGARI ba="1,1" hai="4,11,14,27,28,35,79,82,85,122,123" m="42505" machi="85" ten="30,2000,0" yaku="14,1,52,1" doraHai="31" who="3" fromWho="0" sc="270,-23,240,0,240,0,240,33" />
</Scene>
<Scene>
<INIT seed="1,0,0,4,0,70" ten="247,240,240,273" oya="1" hai0="12,65,18,9,133,67,57,71,117,6,16,96,134" hai1="31,37,111,26,132,48,60,64,93,115,90,103,127" hai2="4,125,104,63,98,23,95,120,66,41,59,88,69" hai3="105,83,84,2,91,51,22,86,5,108,78,128,39"/><U112/><E127/><V33/><F33/><W122/><G122/><T102/><D117/><U40/><E132/><N who="0" m="50793" /><D71/><U45/><E103/><V129/><F120/><W53/><G105/><N who="0" m="63687" /><D57/><U113/><E111/><V7/><F125/><W50/><G108/><T38/><D38/><U10/><E10/><V135/><F135/><W27/><G128/><T32/><D32/><U124/><E124/><V106/><F129/><W121/><G121/><T126/><D126/><U114/><E48/><V89/><F41/><W34/><G34/><T76/><D76/><U79/><E79/><V85/><F23/><W101/><G101/><T46/><D46/><U58/><E114/><V74/><F69/><W75/><G39/><T54/><D54/><U11/><E11/><V3/><F59/><W35/><G35/><T20/><D18/><U61/><E61/><V62/><F63/><W131/><G131/><T36/><D36/><U25/><REACH who="1" step="1"/><E31/><REACH who="1" ten="247,230,240,273" step="2"/><V28/><F28/><W116/><G51/><T42/><D42/><U0/><E0/><AGARI ba="0,1" hai="0,6,9,12,16,20,65,67" m="63687,50793" machi="0" ten="30,2000,0" yaku="20,1,54,1" doraHai="70" who="0" fromWho="1" sc="247,30,230,-20,240,0,273,0" />
</Scene>
<Scene>
<INIT seed="2,0,0,3,1,52" ten="277,210,240,273" oya="2" hai0="9,47,88,16,119,94,115,4,105,23,39,109,57" hai1="17,122,90,11,134,12,68,129,117,26,123,116,5" hai2="62,69,65,70,100,120,38,29,89,77,135,49,93" hai3="103,56,20,111,112,58,45,110,85,31,51,40,61"/><V97/><F120/><N who="1" m="46121" /><E90/><V42/><F135/><W8/><G112/><T98/><D115/><U30/><E68/><V108/><F38/><W125/><G125/><T67/><D109/><N who="3" m="41481" /><G103/><T34/><D34/><N who="1" m="20823" /><E134/><V41/><F108/><W6/><G61/><T80/><D119/><N who="1" m="45643" /><E129/><V28/><F70/><W22/><G85/><T91/><D105/><U96/><E96/><V66/><F65/><W130/><G130/><T14/><D39/><U63/><E63/><V99/><F77/><W114/><G114/><T124/><D47/><U18/><AGARI ba="0,0" hai="5,11,12,17,18" m="45643,20823,46121" machi="18" ten="40,5200,0" yaku="13,1,34,2" doraHai="52" who="1" fromWho="1" sc="277,-13,210,52,240,-26,273,-13" />
</Scene>
<Scene>
<INIT seed="3,0,0,5,1,91" ten="264,262,214,260" oya="3" hai0="65,47,80,28,4,97,121,95,103,96,86,68,72" hai1="52,41,11,84,54,112,110,21,75,20,74,17,77" hai2="49,135,34,90,8,128,124,35,133,83,109,7,108" hai3="9,15,32,102,107,94,38,69,55,45,93,134,117"/><W87/><G117/><T40/><D72/><U131/><E112/><V22/><F124/><W16/><G32/><N who="2" m="12329" /><F128/><W61/><G134/><N who="2" m="51209" /><F22/><W31/><G31/><T37/><D121/><U71/><E131/><V12/><F49/><W123/><G123/><T76/><D28/><U81/><E71/><V64/><F64/><W6/><G87/><AGARI ba="0,0" hai="7,8,12,83,87,90,108,109" m="51209,12329" machi="87" ten="40,1300,0" yaku="20,1" doraHai="91" who="2" fromWho="3" sc="264,0,262,0,214,13,260,-13" />
</Scene>
<Scene>
<INIT seed="4,0,0,1,1,119" ten="264,262,227,247" oya="0" hai0="40,97,58,15,45,122,12,64,6,85,92,101,56" hai1="73,123,76,117,126,49,104,67,102,124,112,135,39" hai2="8,75,31,57,20,128,29,131,5,134,9,32,109" hai3="106,0,47,115,77,87,33,27,133,61,98,95,62"/><T19/><D122/><U65/><E39/><V84/><F75/><W99/><G0/><T121/><D121/><U103/><E123/><V26/><F109/><W38/><G115/><T91/><D64/><N who="1" m="24651" /><E117/><V16/><F57/><W74/><G133/><T54/><D6/><U46/><E104/><V132/><F84/><W108/><G108/><T22/><D54/><N who="1" m="30007" /><E135/><N who="2" m="51755" /><F9/><W4/><G87/><T42/><D15/><U28/><E28/><N who="2" m="10827" /><F32/><W94/><G74/><T21/><D21/><U120/><E120/><V82/><F82/><W53/><G33/><T13/><D13/><AGARI ba="0,0" hai="5,8,13,16,20,26,128,131" m="10827,51755" machi="13" ten="30,7700,0" yaku="20,1,34,2,54,1" doraHai="119" who="2" fromWho="0" sc="264,-77,262,0,227,77,247,0" />
</Scene>
<Scene>
<INIT seed="5,0,0,0,4,36" ten="187,262,304,247" oya="1" hai0="131,122,69,49,79,125,13,15,72,55,107,57,120" hai1="73,0,109,70,58,89,71,38,96,30,40,17,91" hai2="41,6,99,2,61,56,63,62,27,87,47,74,117" hai3="77,24,54,16,1,35,60,34,97,42,11,25,18"/><U48/><E73/><V108/><F74/><W98/><G77/><T92/><D107/><U93/><E0/><V52/><F117/><W124/><G124/><T67/><D125/><U50/><E109/><V53/><F108/><W26/><G35/><T31/><D31/><U95/><E30/><V119/><F119/><W105/><G34/><T104/><D104/><U5/><E5/><V78/><F27/><W80/><G80/><T7/><D131/><U106/><E106/><V75/><F75/><W19/><G105/><T123/><D7/><U116/><E116/><V102/><F2/><W46/><G1/><T43/><D92/><U130/><E130/><V76/><F6/><W12/><G54/><T32/><D32/><U64/><E38/><V81/><F76/><W115/><G60/><N who="0" m="40167" /><D43/><U135/><E135/><V45/><F41/><W128/><G128/><T9/><D9/><U112/><E112/><V66/><F81/><AGARI ba="0,0" hai="13,15,49,55,57,72,79,81,120,122,123" m="40167" machi="81" ten="30,1000,0" yaku="13,1" doraHai="36" who="0" fromWho="2" sc="187,10,262,0,304,-10,247,0" />
</Scene>
<Scene>
<INIT seed="6,0,0,3,3,27" ten="197,262,294,247" oya="2" hai0="126,128,3,9,110,48,22,47,24,14,61,20,26" hai1="57,36,134,118,4,63,108,78,21,72,121,30,129" hai2="124,119,35,41,13,88,38,90,93,54,109,52,117" hai3="94,43,99,70,19,115,16,49,15,51,105,60,25"/><V40/><F35/><W7/><G105/><T10/><D61/><U33/><E108/><V103/><F109/><W75/><G75/><T114/><D110/><U28/><E118/><V59/><F124/><W92/><G115/><T133/><D114/><U66/><E33/><V58/><F103/><W76/><G76/><T123/><D123/><U6/><E36/><V29/><F13/><W0/><G0/><T101/><D101/><U37/><E37/><V23/><F38/><W31/><G70/><T82/><D126/><U46/><E134/><V2/><F2/><W111/><G60/><T67/><D67/><U34/><E34/><V62/><F119/><W98/><G7/><T53/><D133/><U135/><E135/><V80/><F117/><W71/><G71/><T130/><D3/><U84/><E72/><V104/><F104/><W96/><G111/><T131/><D82/><N who="1" m="47191" /><E129/><V77/><F77/><W8/><G19/><T50/><D50/><N who="3" m="18953" /><G43/><N who="2" m="16457" /><F80/><W95/><G25/><T79/><D79/><U102/><E121/><V65/><F59/><W73/><G73/><T86/><D26/><N who="1" m="16463" /><E102/><V89/><F93/><W55/><G55/><N who="2" m="21033" /><F23/><W87/><G87/><T17/><D86/><U116/><E116/><V81/><F81/><W68/><G68/><T1/><D1/><U74/><E74/><V5/><F5/><W18/><G94/><T11/><REACH who="0" step="1"/><D22/><REACH who="0" ten="187,262,294,247" step="2"/><U91/><E63/><V85/><F85/><W100/><G100/><T122/><D122/><U12/><E66/><V125/><F125/><W97/><G95/><T32/><D32/><U64/><E64/><V83/><F83/><RYUUKYOKU ba="0,1" sc="187,15,262,-15,294,15,247,-15" hai0="9,10,11,14,17,20,24,47,48,53,128,130,131" hai2="29,58,62,65,88,89,90" />
</Scene>
<Scene>
<INIT seed="6,1,1,2,0,64" ten="202,247,309,232" oya="2" hai0="12,23,3,110,70,128,9,34,116,119,47,46,126" hai1="88,114,106,54,75,40,131,109,31,86,117,53,20" hai2="7,63,133,19,30,97,6,44,96,127,68,73,17" hai3="95,105,37,69,79,22,42,124,26,123,78,89,85"/><V18/><F73/><W71/><G123/><T59/><D34/><U14/><E109/><V118/><F118/><N who="0" m="45098" /><D110/><U101/><E75/><V74/><F74/><W87/><G105/><T36/><D3/><U81/><E117/><V52/><F30/><W113/><G124/><T84/><D126/><U102/><E114/><V16/><F127/><W135/><G135/><T132/><D132/><U25/><E131/><V134/><F133/><W55/><G113/><T13/><D128/><U80/><E40/><V100/><F134/><W122/><G122/><T107/><D107/><U67/><E67/><V0/><F0/><W112/><G112/><T5/><D59/><U115/><E115/><V93/><F68/><W51/><G42/><N who="0" m="22855" /><D47/><U27/><E106/><V61/><F19/><W48/><G37/><T66/><D84/><U41/><E41/><V29/><F97/><W65/><G65/><T103/><D103/><U62/><E102/><V32/><F32/><W10/><G51/><T60/><D23/><U2/><E20/><V21/><F44/><W90/><G10/><T130/><D130/><U4/><E2/><V38/><F38/><W56/><G79/><T8/><D5/><N who="2" m="1546" /><F52/><W111/><G111/><T91/><D91/><U83/><E88/><V77/><F77/><W28/><G78/><T1/><D1/><U43/><E43/><V99/><F99/><W15/><G15/><AGARI ba="1,1" hai="8,9,12,13,15,60,66,70" m="22855,45098" machi="15" ten="30,2000,0" yaku="12,1,52,1" doraHai="64" who="0" fromWho="3" sc="202,33,247,0,309,0,232,-23" />
</Scene>
<Scene>
<INIT seed="7,0,0,3,5,26" ten="235,247,309,209" oya="3" hai0="114,44,52,96,35,70,69,46,61,119,56,102,63" hai1="132,78,99,29,129,112,36,51,43,82,0,34,131" hai2="6,127,125,115,37,122,19,22,76,7,38,57,73" hai3="89,87,88,71,126,94,72,118,128,15,3,53,58"/><W95/><G118/><T92/><D119/><U16/><E0/><V17/><F115/><W105/><G105/><T133/><D133/><U100/><E36/><N who="2" m="13931" /><F57/><W123/><G3/><T18/><D114/><U79/><E112/><V4/><F122/><W91/><G123/><T12/><D35/><U103/><E132/><V30/><F76/><N who="1" m="29225" /><E82/><V60/><F60/><N who="3" m="35919" /><G71/><T84/><D84/><U116/><E116/><V130/><F73/><W81/><G72/><T28/><D28/><U90/><E90/><N who="3" m="34922" /><G128/><T11/><REACH who="0" step="1"/><D70/><REACH who="0" ten="225,247,309,209" step="2"/><U86/><E86/><V124/><F130/><W39/><G126/><T117/><D117/><U9/><E34/><V23/><F30/><W113/><G113/><T21/><D21/><AGARI ba="0,1" hai="4,6,7,17,19,21,22,23,124,125,127" m="13931" machi="21" ten="40,5200,0" yaku="28,2,18,1" doraHai="26" who="2" fromWho="0" sc="225,-52,247,0,309,62,209,0" owari="173,-33.0,247,5.0,371,47.0,209,-19.0" />
</Scene>
</mjloggm>