<mjloggm ver="2.3"><GO type="169" lobby="0"/><UN n0="%E5%A4%AA%E3%81%8F%E3%81%AA%E3%81%84%E3%81%8A" n1="%E3%83%A9%E3%83%A0%E3%81%A1%E3%82%83%E3%82%93%E2%98%86" n2="%70%61%72%75%6F%31%31" n3="%E3%81%B9%E3%81%A3%E3%81%93%E3%83%BC%E2%99%AA" dan="18,17,16,17" rate="2236.08,2167.69,2090.83,2181.06" sx="F,F,M,F"/><TAIKYOKU oya="0"/>

<Scene>
<INIT seed="0,0,0,0,4,87" ten="250,250,250,250" oya="0" hai0="12,11,17,110,114,55,53,28,60,97,16,38,2" hai1="15,78,1,128,49,45,36,107,118,108,3,90,66" hai2="117,27,19,59,83,18,123,111,100,47,80,68,71" hai3="24,48,120,31,62,88,134,69,89,85,127,54,22"/><T25/><D114/><U7/><E118/><V13/><F123/><W9/><G120/><T126/><D38/><U129/><E36/><V64/><F117/><W10/><G127/><T99/><D126/><U8/><E107/><V58/><F111/><W116/><G116/><T41/><D41/><U0/><E108/><V122/><F122/><W21/><G134/><T96/><D110/><U98/><E66/><V46/><F100/><W52/><G69/><T70/><D2/><U121/><E121/><V81/><F64/><W37/><G37/><T4/><D70/><N who="2" m="26666" /><F27/><W104/><G104/><T32/><REACH who="0" step="1"/><D60/><REACH who="0" ten="240,250,250,250" step="2"/><U34/><E3/><V65/><F65/><W84/><G62/><T101/><D101/><U94/><E1/><V30/><F81/><N who="3" m="49167" /><G48/><T29/><D29/><U6/><E49/><V39/><F30/><W119/><G119/><T125/><D125/><U75/><E0/><V14/><F39/><W63/><G63/><T72/><D72/><U26/><E75/><V115/><F83/><N who="3" m="49343" /><G54/><AGARI ba="0,1" hai="4,11,12,16,17,25,28,32,53,54,55,96,97,99" machi="54" ten="40,3900,0" yaku="1,1,54,1,53,0" doraHai="87" doraHaiUra="76" who="0" fromWho="3" sc="240,49,250,0,250,0,250,-39" />
</Scene>
<Scene>
<INIT seed="0,1,0,1,0,110" ten="289,250,250,211" oya="0" hai0="105,5,76,92,132,69,85,16,100,4,119,86,53" hai1="117,126,97,41,39,64,42,103,81,1,78,108,15" hai2="72,34,26,40,75,129,19,60,130,24,48,131,10" hai3="82,99,61,65,11,43,38,2,25,109,57,58,22"/><T91/><D119/><U133/><E117/><V52/><F40/><W6/><G109/><T51/><D69/><U67/><E108/><V113/><F60/><W20/><G58/><T98/><D132/><U8/><E42/><V36/><F36/><W96/><G20/><T89/><D76/><U46/><E126/><V84/><F84/><W83/><G83/><T45/><REACH who="0" step="1"/><D16/><REACH who="0" ten="279,250,250,211" step="2"/><U49/><E133/><V122/><F19/><W104/><G104/><T107/><D107/><U18/><E18/><V66/><F131/><W37/><G37/><T106/><D106/><U88/><E39/><V9/><F130/><W47/><G82/><AGARI ba="1,1" hai="4,5,45,51,53,82,85,86,89,91,92,98,100,105" machi="82" ten="30,2900,0" yaku="1,1,7,1,53,0" doraHai="110" doraHaiUra="23" who="0" fromWho="3" sc="279,42,250,0,250,0,211,-32" />
</Scene>
<Scene>
<INIT seed="0,2,0,4,3,133" ten="321,250,250,179" oya="0" hai0="23,109,43,122,113,30,80,61,20,26,127,32,128" hai1="85,56,76,81,35,53,93,83,6,18,16,132,46" hai2="74,15,95,70,105,117,123,33,8,119,60,100,3" hai3="9,87,17,69,118,121,48,120,34,66,90,77,57"/><T38/><D122/><N who="3" m="47209" /><G34/><T67/><D113/><U29/><E132/><V45/><F123/><W12/><G118/><T62/><D62/><U58/><E6/><V99/><F74/><W103/><G103/><T1/><D1/><U115/><E115/><V106/><F33/><W68/><G77/><T25/><D128/><U50/><E35/><V124/><F3/><W40/><G66/><T31/><D109/><U72/><E29/><V19/><F45/><N who="3" m="25639" /><G57/><T125/><D32/><U41/><E93/><AGARI ba="2,0" hai="9,12,17,68,69,87,90,93" m="25639,47209" machi="93" ten="30,1000,0" yaku="13,1" doraHai="133" who="3" fromWho="1" sc="321,0,250,-16,250,0,179,16" />
</Scene>
<Scene>
<INIT seed="1,0,0,1,2,37" ten="321,234,250,195" oya="1" hai0="39,96,97,5,80,86,19,40,118,134,55,52,75" hai1="44,128,121,74,94,113,110,7,13,27,12,9,125" hai2="92,3,91,79,15,119,29,26,20,104,59,120,2" hai3="48,63,46,124,36,0,38,60,122,35,127,10,83"/><U57/><E121/><V87/><F120/><W85/><G35/><T6/><D118/><U53/><E113/><V14/><F119/><W105/><G105/><T62/><D75/><U135/><E74/><V102/><F79/><W116/><G122/><T115/><D115/><U16/><E128/><V106/><F106/><W84/><G116/><T8/><D134/><U108/><E135/><V130/><F130/><W126/><G38/><T41/><D39/><U71/><E71/><V103/><F2/><W43/><G36/><T47/><D19/><U73/><E73/><V28/><F3/><W67/><G67/><T89/><D47/><U54/><E44/><V51/><F29/><W65/><G65/><T78/><D78/><U4/><E125/><V72/><F72/><W24/><G24/><T45/><D45/><U64/><E94/><V98/><REACH who="2" step="1"/><F103/><REACH who="2" ten="321,234,240,195" step="2"/><W66/><G66/><T33/><D33/><U49/><E64/><V56/><F56/><W131/><G131/><T21/><D21/><N who="1" m="13735" /><E57/><V32/><F32/><W95/><G0/><T77/><D77/><U100/><E100/><V82/><F82/><W109/><G83/><T70/><D70/><U132/><E132/><V61/><F61/><W111/><G63/><T90/><D62/><U30/><E30/><V88/><F88/><N who="3" m="53639" /><G60/><T114/><D114/><U117/><E117/><V76/><F76/><W25/><G124/><T50/><D80/><U23/><E23/><V101/><F101/><W58/><G126/><T112/><D112/><U123/><E123/><V133/><F133/><W107/><G127/><T1/><D89/><RYUUKYOKU ba="0,1" sc="321,-10,234,-10,240,30,195,-10" hai2="14,15,20,26,28,51,59,87,91,92,98,102,104" />
</Scene>
<Scene>
<INIT seed="2,1,1,0,2,78" ten="311,224,270,185" oya="2" hai0="128,79,66,36,90,46,102,54,82,57,117,26,51" hai1="39,133,6,35,109,8,45,49,52,28,59,129,56" hai2="13,120,88,41,68,132,87,107,63,60,73,85,37" hai3="30,2,113,81,12,3,106,95,100,58,48,38,33"/><V112/><F120/><W42/><G113/><T114/><D114/><U34/><E109/><V15/><F112/><W130/><G106/><T14/><D128/><U71/><E71/><V10/><F73/><W69/><G69/><T62/><D117/><U47/><E129/><V96/><F132/><W108/><G130/><T55/><D102/><U20/><E133/><V116/><F116/><W99/><G108/><T76/><D36/><U127/><E127/><V74/><F74/><W16/><G38/><T31/><D14/><U98/><E39/><V135/><F135/><W89/><G30/><T122/><D122/><U77/><E77/><V75/><F75/><W119/><G33/><T9/><D9/><U80/><E35/><V70/><F37/><W18/><G119/><T67/><D90/><U121/><E34/><V118/><F118/><W92/><G18/><T40/><D40/><U91/><E121/><V65/><F41/><W50/><G42/><T24/><D76/><U125/><E125/><V123/><F123/><W105/><G2/><T53/><D66/><U111/><E111/><V32/><F32/><W126/><G3/><T110/><D110/><U124/><E124/><V25/><F25/><N who="0" m="9834" /><D31/><U64/><E28/><V103/><F88/><N who="3" m="55687" /><G126/><T115/><D115/><U101/><E101/><V72/><F72/><W29/><G29/><T1/><D1/><U61/><E20/><V19/><F13/><W131/><G131/><T83/><D79/><U104/><E104/><V27/><F27/><W94/><G100/><T11/><D11/><U7/><E8/><V23/><F10/><RYUUKYOKU ba="1,1" sc="311,15,224,-15,270,15,185,-15" hai0="46,51,53,54,55,57,62,67,82,83" hai2="15,19,23,60,63,65,68,70,85,87,96,103,107" />
</Scene>
<Scene>
<INIT seed="2,2,1,1,5,13" ten="326,209,285,170" oya="2" hai0="102,23,87,8,69,113,62,115,122,114,2,123,96" hai1="86,71,70,99,127,7,29,33,45,112,36,110,72" hai2="20,105,77,67,38,93,47,37,49,9,133,125,90" hai3="130,124,51,21,91,32,31,26,81,116,25,53,73"/><V60/><F105/><W121/><G121/><T17/><D87/><U103/><E72/><V40/><F125/><W108/><G124/><T35/><D69/><U74/><E127/><V117/><F117/><W101/><G116/><T34/><D62/><U63/><E86/><V79/><F133/><W50/><G130/><T58/><D58/><U3/><E110/><V39/><F9/><W129/><G108/><T126/><D126/><U104/><E112/><V44/><F44/><W64/><G64/><T135/><D135/><U128/><E128/><V43/><F43/><W11/><G129/><T10/><D96/><U6/><E6/><V61/><F20/><W41/><G101/><T109/><D102/><U89/><E89/><V66/><F60/><W55/><G11/><N who="0" m="4139" /><D2/><U22/><E22/><V65/><REACH who="2" step="1"/><F61/><REACH who="2" ten="326,209,275,170" step="2"/><W27/><G41/><T5/><D109/><U132/><E63/><V46/><F46/><W30/><G21/><T16/><D5/><U24/><E7/><V15/><F15/><W134/><G134/><T57/><D57/><U52/><E3/><V97/><AGARI ba="2,2" hai="37,38,39,40,47,49,65,66,67,77,79,90,93,97" machi="97" ten="40,3900,0" yaku="1,1,0,1,53,0" doraHai="13" doraHaiUra="19" who="2" fromWho="2" sc="326,-15,209,-15,275,65,170,-15" />
</Scene>
<Scene>
<INIT seed="2,3,0,4,3,82" ten="311,194,340,155" oya="2" hai0="114,70,75,119,117,57,80,54,79,67,72,108,63" hai1="103,115,60,132,20,97,133,95,39,105,123,120,68" hai2="5,8,11,31,28,83,0,9,48,42,135,78,36" hai3="90,85,51,12,19,66,74,69,22,47,129,64,17"/><V3/><F36/><W71/><G74/><T56/><D114/><U58/><E39/><V65/><F135/><N who="1" m="51785" /><E68/><V24/><F65/><W110/><G71/><T62/><D108/><U126/><E115/><V25/><F42/><W7/><G69/><T43/><D43/><U86/><E20/><N who="2" m="15367" /><F48/><W131/><G110/><T125/><D125/><U134/><E126/><V6/><F83/><N who="3" m="49471" /><G7/><N who="2" m="2569" /><F78/><W35/><G35/><AGARI ba="3,0" hai="0,3,8,9,11,25,31,35" m="2569,15367" machi="35" ten="30,12000,1" yaku="35,5" doraHai="82" who="2" fromWho="3" sc="311,0,194,0,340,129,155,-129" />
</Scene>
<Scene>
<INIT seed="2,4,0,2,2,23" ten="311,194,469,26" oya="2" hai0="72,97,71,109,57,120,45,86,133,123,79,106,43" hai1="29,63,1,35,30,95,131,90,82,70,92,125,58" hai2="64,76,130,104,24,117,28,54,128,50,25,77,15" hai3="14,9,53,129,78,33,8,114,21,122,116,94,110"/><V20/><F117/><W11/><G122/><T48/><D71/><U126/><E70/><V62/><F104/><W134/><G116/><T26/><D72/><U105/><E105/><V31/><F15/><W40/><G114/><T19/><D109/><U36/><E36/><V89/><F89/><W37/><G33/><T100/><D133/><U113/><E1/><V84/><F84/><W0/><G134/><T18/><D57/><U75/><E113/><V4/><F4/><W96/><G129/><N who="2" m="49769" /><F62/><W66/><G110/><T74/><D74/><U118/><E90/><V34/><F64/><W22/><G66/><T39/><D86/><U85/><E85/><V87/><F87/><W6/><G78/><T27/><D79/><U32/><E118/><V10/><F10/><W13/><G0/><T42/><D120/><U83/><E75/><V60/><F60/><W2/><G2/><T47/><REACH who="0" step="1"/><D123/><REACH who="0" ten="301,194,469,26" step="2"/><U51/><E131/><V61/><F61/><W55/><G6/><T107/><D107/><U49/><E63/><V59/><AGARI ba="4,1" hai="20,24,25,28,31,34,50,54,59,76,77" m="49769" machi="59" ten="30,6000,0" yaku="19,1,52,2" doraHai="23" who="2" fromWho="2" sc="301,-24,194,-24,469,82,26,-24" />
</Scene>
<Scene>
<INIT seed="2,5,0,4,0,131" ten="277,170,551,2" oya="2" hai0="124,84,132,102,35,82,87,3,113,40,121,64,37" hai1="9,81,62,129,34,103,21,117,16,110,120,18,36" hai2="106,97,69,100,104,133,78,125,56,90,83,72,65" hai3="60,59,30,135,13,2,48,66,29,20,111,57,12"/><V79/><F69/><W75/><G2/><T107/><D3/><U108/><E34/><V17/><F17/><W49/><G75/><T99/><D35/><U7/><E36/><V71/><F71/><W109/><G135/><T8/><D113/><U116/><E129/><V76/><F65/><W22/><G60/><T11/><D121/><U63/><E103/><V50/><F50/><W126/><G66/><T128/><D128/><U130/><E81/><V44/><F44/><W46/><G126/><T31/><D31/><U93/><E93/><N who="2" m="58415" /><F56/><W105/><G105/><N who="2" m="40553" /><F125/><W38/><G38/><T5/><D64/><U33/><E33/><V27/><F27/><W123/><G123/><T119/><D8/><U55/><E120/><V15/><F15/><W32/><G32/><T25/><D25/><U112/><E130/><V23/><F133/><W68/><G68/><T51/><D51/><U114/><E62/><V101/><F23/><W19/><G19/><N who="1" m="7210" /><E21/><V86/><F101/><W58/><G58/><T53/><D132/><U52/><E63/><V92/><AGARI ba="5,0" hai="72,76,78,79,83,86,90,92" m="40553,58415" machi="92" ten="30,12000,1" yaku="35,5" doraHai="131" who="2" fromWho="2" sc="277,-45,170,-45,551,135,2,-45" owari="232,3.0,125,-27.0,686,78.0,-43,-54.0" />
</Scene>
</mjloggm>