<mjloggm ver="2.3"><GO type="97"/><UN n0="%E5%BF%AB%E5%88%80%E4%B9%B1%E9%BA%BB" n1="%E8%91%B5%E6%9C%88" n2="%57%61%79%6E%65" n3="%E5%A4%AA%E3%81%8F%E3%81%AA%E3%81%84%E3%81%8A" dan="14,15,14,14" rate="1954,1935,1825,1993" sx="M,M,M,M"/><TAIKYOKU oya="0"/>

<Scene>
<INIT seed="0,0,0,0,4,89" ten="250,250,250,250" oya="0" hai0="54,100,68,99,108,65,43,84,56,125,64,70,128" hai1="79,29,39,18,34,75,33,4,104,97,131,40,80" hai2="73,122,92,72,55,110,124,20,15,77,12,90,8" hai3="59,25,30,113,32,96,135,112,78,85,132,46,123"/><T121/><D121/><U16/><E4/><V115/><F122/><W47/><G123/><T41/><D108/><U1/><E1/><V95/><F115/><N who="3" m="44107" /><G59/><T38/><D128/><U22/><E131/><V6/><F110/><W126/><G126/><T67/><D125/><U106/><E18/><V101/><F124/><W103/><G85/><T7/><D7/><U60/><E60/><V116/><F116/><W88/><G78/><T63/><D84/><U109/><E109/><V21/><F77/><W102/><G88/><T94/><REACH who="0" step="1"/><D38/><REACH who="0" ten="240,250,250,250" step="2"/><U98/><E39/><V49/><F73/><W107/><G135/><T44/><D44/><U24/><E75/><V93/><F72/><W87/><G47/><T53/><D53/><U13/><E40/><AGARI ba="0,1" hai="40,41,43,54,56,63,64,65,67,68,70,94,99,100" machi="40" ten="40,3900,0" yaku="1,1,52,1,53,0" doraHai="89" doraHaiUra="42" who="0" fromWho="1" sc="240,49,250,-39,250,0,250,0" />
</Scene>
<Scene>
<INIT seed="0,1,0,2,5,131" ten="289,211,250,250" oya="0" hai0="133,123,3,29,107,30,65,55,111,34,121,27,102" hai1="90,122,74,5,103,106,128,66,83,4,18,129,45" hai2="110,93,105,1,0,13,101,113,50,134,116,127,25" hai3="117,43,24,96,61,69,68,47,67,119,109,6,38"/><T87/><D3/><U26/><E122/><V49/><F105/><W12/><G109/><T81/><D30/><U126/><E126/><V108/><F116/><W9/><G69/><T92/><D107/><U124/><E124/><V36/><F127/><W100/><REACH who="3" step="1"/><G24/><REACH who="3" ten="289,211,250,240" step="2"/><T21/><D111/><U44/><E128/><V40/><F25/><W95/><AGARI ba="1,1" hai="6,9,12,38,43,47,61,67,68,95,96,100,117,119" machi="95" ten="20,8000,1" yaku="1,1,2,1,0,1,7,1,53,1" doraHai="131" doraHaiUra="7" who="3" fromWho="3" sc="289,-41,211,-21,250,-21,240,93" />
</Scene>
<Scene>
<INIT seed="1,0,0,0,5,83" ten="248,190,229,333" oya="1" hai0="51,93,92,96,66,134,84,98,85,118,39,32,36" hai1="61,74,62,67,64,30,13,90,60,21,122,87,117" hai2="105,73,16,7,52,3,38,100,28,133,111,6,113" hai3="104,63,80,126,15,88,135,27,47,86,12,129,76"/><U49/><E122/><V40/><F113/><W99/><G126/><T132/><D118/><U42/><E117/><V2/><F73/><W107/><G129/><T115/><D32/><U24/><E74/><V70/><F70/><W9/><G135/><N who="0" m="51755" /><D51/><U128/><E128/><V58/><F133/><W44/><G63/><T79/><D66/><U4/><E42/><V37/><F28/><W82/><G27/><T69/><D79/><U22/><E49/><V120/><F120/><W59/><G59/><T123/><D69/><U25/><E13/><V45/><F38/><N who="0" m="14378" /><D115/><U14/><E14/><V34/><F34/><W103/><G107/><T50/><D50/><U114/><E4/><V23/><F2/><W109/><G15/><T72/><D72/><U31/><E114/><V8/><F6/><W33/><G33/><T56/><D56/><U19/><E19/><V20/><F20/><W53/><G53/><T119/><D119/><U95/><AGARI ba="0,0" hai="21,22,24,25,30,31,60,61,62,64,67,87,90,95" machi="95" ten="30,11700,0" yaku="0,1,9,1,8,1,52,1" doraHai="83" who="1" fromWho="1" sc="248,-39,190,117,229,-39,333,-39" />
</Scene>
<Scene>
<INIT seed="1,1,0,4,2,107" ten="209,307,190,294" oya="1" hai0="127,33,35,6,45,108,59,2,84,79,26,70,57" hai1="124,47,93,44,14,100,83,81,120,94,21,22,9" hai2="117,46,27,64,20,82,39,91,4,111,28,115,0" hai3="68,105,97,126,109,15,102,10,101,53,85,66,75"/><U129/><E120/><V74/><F117/><W3/><G75/><T96/><D70/><U113/><E113/><V87/><F115/><W34/><G34/><T37/><D108/><U18/><E124/><V106/><F106/><W58/><G126/><T38/><D127/><U69/><E69/><V11/><F64/><W12/><G109/><T131/><D131/><U134/><E134/><V95/><F111/><W17/><G101/><T103/><D6/><U24/><E129/><V29/><F39/><W32/><G32/><T86/><D2/><U13/><E13/><V30/><F46/><N who="1" m="17449" /><E22/><V56/><F56/><W31/><G3/><T116/><D116/><U36/><E36/><V23/><F23/><W52/><G68/><T92/><D38/><U132/><E132/><V123/><F123/><W80/><G15/><T104/><D104/><U43/><E43/><V121/><F121/><W118/><G118/><T40/><D35/><U61/><E61/><V98/><REACH who="2" step="1"/><F74/><REACH who="2" ten="209,307,180,294" step="2"/><W16/><G105/><T67/><D33/><U62/><E21/><V88/><AGARI ba="1,1" hai="0,4,11,20,27,28,29,30,82,87,88,91,95,98" machi="88" ten="20,12000,2" yaku="1,1,2,1,0,1,7,1,54,1,53,1" doraHai="107" doraHaiUra="77" who="2" fromWho="2" sc="209,-31,307,-61,180,133,294,-31" />
</Scene>
<Scene>
<INIT seed="2,0,0,2,3,79" ten="178,246,313,263" oya="2" hai0="124,84,8,108,19,9,43,128,97,17,7,130,132" hai1="111,27,51,106,66,15,80,1,107,68,105,81,3" hai2="78,94,30,90,117,134,40,23,0,133,47,86,125" hai3="91,126,25,18,119,75,93,58,127,31,70,45,95"/><V76/><F117/><W64/><G119/><T114/><D43/><U77/><E111/><V35/><F0/><W62/><G75/><T87/><D114/><U57/><E68/><V16/><F35/><N who="3" m="20975" /><G45/><T38/><D38/><U85/><E27/><V20/><F125/><N who="3" m="47627" /><G18/><T116/><D124/><U112/><E112/><V135/><F30/><W34/><G34/><T49/><D116/><U96/><E96/><V33/><F33/><W13/><G13/><T63/><D49/><U113/><E113/><V26/><REACH who="2" step="1"/><F23/><REACH who="2" ten="178,246,303,263" step="2"/><W92/><G70/><T11/><D108/><U98/><E1/><V131/><F131/><W61/><G61/><T72/><D130/><U123/><E3/><V2/><F2/><W115/><G115/><T59/><D128/><U118/><E118/><V46/><F46/><W122/><G122/><T101/><D132/><U121/><E121/><V89/><F89/><AGARI ba="0,1" hai="58,62,64,89,91,92,93,95" m="47627,20975" machi="89" ten="30,1000,0" yaku="18,1" doraHai="79" who="3" fromWho="2" sc="178,0,246,0,303,-10,263,20" />
</Scene>
<Scene>
<INIT seed="3,0,0,1,1,16" ten="178,246,293,283" oya="3" hai0="114,42,122,113,33,135,115,51,44,38,119,35,78" hai1="24,109,21,131,133,65,104,73,72,8,132,52,14" hai2="57,117,43,34,60,27,25,4,59,68,112,123,54" hai3="108,40,87,76,46,71,83,77,10,107,9,36,128"/><W99/><G71/><T12/><D122/><U101/><E65/><V89/><F117/><W30/><G128/><T110/><D110/><U19/><E131/><V58/><F112/><W130/><G130/><T93/><D119/><U129/><E129/><V47/><F123/><W84/><G108/><T26/><D135/><N who="1" m="51787" /><E109/><V63/><F4/><W2/><G30/><T53/><D78/><U125/><E125/><V66/><F89/><W37/><G37/><T92/><D12/><U62/><E104/><V29/><F27/><W74/><G77/><T56/><REACH who="0" step="1"/><D26/><REACH who="0" ten="168,246,293,283" step="2"/><U98/><E24/><V126/><F126/><W94/><G107/><T22/><D22/><U20/><E20/><V28/><F29/><W102/><G10/><T121/><D121/><U105/><E21/><V79/><F79/><W90/><G102/><T96/><D96/><U86/><E86/><V41/><F41/><W5/><AGARI ba="0,1" hai="2,5,9,36,40,46,74,76,83,84,87,90,94,99" machi="5" ten="30,6000,0" yaku="0,1,25,2" doraHai="16" who="3" fromWho="3" sc="168,-20,246,-20,293,-20,283,70" owari="148,-35.0,226,-17.0,273,7.0,353,45.0" />
</Scene>
</mjloggm>