<mjloggm ver="2.3"><GO type="41"/><UN n0="%E5%BD%B1%E5%8D%83%E4%BB%A3" n1="%E3%83%8E%E3%83%96%E3%83%8A%E3%82%AC" n2="%E5%A4%AA%E3%81%8F%E3%81%AA%E3%81%84%E3%81%8A" n3="%E3%81%84%E3%81%B5%E3%81%84%E3%82%80" dan="15,13,14,14" rate="1978,1841,2030,1961" sx="M,M,M,M"/><TAIKYOKU oya="0"/>

<Scene>
<INIT seed="0,0,0,1,3,67" ten="250,250,250,250" oya="0" hai0="98,97,58,0,61,25,24,77,85,83,36,125,30" hai1="13,3,26,106,89,118,115,70,64,114,133,57,104" hai2="31,99,131,68,63,44,91,7,45,11,74,20,54" hai3="27,103,80,112,33,59,16,15,109,21,38,46,17"/><T5/><D36/><U110/><E3/><V92/><F74/><W62/><G112/><T111/><D111/><U128/><E118/><V86/><F131/><W113/><G113/><N who="1" m="43018" /><E128/><V105/><F105/><N who="1" m="40553" /><E133/><V135/><F135/><W130/><G130/><T6/><D125/><U81/><E57/><N who="2" m="35255" /><F68/><W79/><G109/><T8/><D6/><U108/><E26/><N who="2" m="16839" /><F99/><W127/><G127/><T18/><D18/><U12/><E12/><AGARI ba="0,0" hai="7,11,12,44,45,86,91,92" m="16839,35255" machi="12" ten="30,1000,0" yaku="8,1" doraHai="67" who="2" fromWho="1" sc="250,0,250,-10,250,10,250,0" />
</Scene>
<Scene>
<INIT seed="1,0,0,1,4,51" ten="250,240,260,250" oya="1" hai0="132,110,95,125,25,7,127,22,88,60,57,80,41" hai1="111,55,28,69,82,63,129,0,102,2,70,9,34" hai2="36,19,53,12,35,11,117,90,58,115,86,131,13" hai3="75,71,38,83,121,120,105,37,32,130,112,101,97"/><U49/><E129/><V116/><F35/><W91/><G130/><T42/><D132/><U31/><E2/><V124/><F131/><W92/><G112/><T1/><D80/><U78/><E70/><V81/><F36/><W21/><G71/><T100/><D100/><U76/><E102/><V14/><F115/><W64/><G64/><T8/><D110/><U133/><E133/><V68/><F68/><W56/><G32/><T44/><D44/><U4/><E78/><V26/><F124/><W134/><G134/><T87/><D127/><U54/><E34/><V33/><F33/><W113/><G113/><T43/><D125/><U77/><E77/><V20/><REACH who="2" step="1"/><F11/><REACH who="2" ten="250,240,250,250" step="2"/><W50/><G38/><T108/><D108/><U48/><E111/><V66/><F66/><W103/><G37/><T15/><D1/><U118/><E118/><V46/><F46/><W109/><G109/><T96/><D96/><U84/><E69/><V23/><F23/><W123/><G21/><T67/><REACH who="0" step="1"/><D42/><REACH who="0" ten="240,240,250,250" step="2"/><U18/><E0/><V107/><F107/><W98/><G98/><T79/><D79/><U106/><E106/><V3/><F3/><W10/><G105/><T61/><D61/><AGARI ba="0,2" hai="12,13,14,19,20,26,53,58,61,81,86,90,116,117" machi="61" ten="40,2600,0" yaku="1,1,52,1,53,0" doraHai="51" doraHaiUra="6" who="2" fromWho="0" sc="240,-26,240,0,250,46,250,0" />
</Scene>
<Scene>
<INIT seed="2,0,0,3,0,87" ten="214,240,296,250" oya="2" hai0="63,11,33,105,78,123,120,76,41,31,67,48,115" hai1="58,116,104,85,44,45,91,7,108,126,9,99,49" hai2="32,77,12,133,2,0,113,100,74,92,53,30,90" hai3="117,19,62,54,131,81,129,69,75,84,38,10,112"/><V118/><F118/><W128/><G38/><T36/><D115/><U1/><E116/><V59/><F113/><W83/><G117/><T134/><D105/><U25/><E108/><V57/><F100/><W66/><G112/><T3/><D36/><U102/><E126/><V34/><F57/><W35/><G35/><T14/><D134/><U27/><E58/><V80/><F133/><W51/><G75/><T6/><D120/><U135/><E45/><V110/><F12/><N who="3" m="7575" /><G84/><T125/><D31/><U79/><E79/><V119/><F119/><W43/><G43/><T4/><D33/><U50/><E50/><V97/><F110/><W98/><G98/><T73/><D125/><U55/><E135/><V103/><F103/><W16/><G16/><T15/><D73/><U42/><E55/><V52/><F53/><W28/><G28/><T86/><D3/><U114/><REACH who="1" step="1"/><E114/><REACH who="1" ten="214,230,296,250" step="2"/><V101/><F34/><W40/><G40/><T82/><D41/><U127/><E127/><V122/><F122/><W64/><G64/><T121/><D67/><U88/><E88/><V109/><F109/><W93/><G54/><T29/><D123/><U17/><E17/><V61/><REACH who="2" step="1"/><F101/><REACH who="2" ten="214,230,286,250" step="2"/><W132/><G132/><T21/><D121/><U18/><E18/><V95/><F95/><AGARI ba="0,2" hai="1,7,9,25,27,42,44,49,85,91,95,99,102,104" machi="95" ten="30,7700,0" yaku="1,1,7,1,52,1,53,1" doraHai="87" doraHaiUra="96" who="1" fromWho="2" sc="214,0,230,97,286,-77,250,0" />
</Scene>
<Scene>
<INIT seed="3,0,0,5,0,26" ten="214,327,209,250" oya="3" hai0="10,14,38,102,71,22,40,98,47,70,12,85,19" hai1="125,55,89,105,122,104,90,41,100,96,51,93,131" hai2="15,7,36,76,95,66,30,16,88,119,39,62,79" hai3="11,68,94,18,99,20,124,33,21,130,52,109,56"/><W1/><G68/><T128/><D128/><U91/><E41/><V50/><F119/><W120/><G130/><T134/><D134/><U54/><E122/><V81/><F7/><W75/><G120/><T103/><D103/><U64/><E131/><V83/><F50/><W17/><G75/><T9/><D22/><U28/><E64/><V92/><F30/><W25/><G33/><T6/><REACH who="0" step="1"/><D85/><REACH who="0" ten="204,327,209,250" step="2"/><U110/><E125/><V114/><F114/><W86/><G124/><T73/><D73/><U112/><E112/><V115/><F115/><W67/><G86/><T121/><D121/><U61/><E110/><V58/><F39/><W106/><G109/><T127/><D127/><U135/><E135/><V48/><F36/><W0/><G11/><T4/><D4/><U46/><E105/><AGARI ba="0,1" hai="6,9,10,12,14,19,38,40,47,70,71,98,102,105" machi="105" ten="30,2000,0" yaku="1,1,7,1,53,0" doraHai="26" doraHaiUra="107" who="0" fromWho="1" sc="204,30,327,-20,209,0,250,0" />
</Scene>
<Scene>
<INIT seed="4,0,0,3,2,65" ten="234,307,209,250" oya="0" hai0="34,50,88,69,59,105,95,89,129,44,82,134,122" hai1="66,84,101,67,97,25,60,24,112,38,94,71,83" hai2="41,7,48,92,113,86,61,11,124,47,118,23,70" hai3="121,55,106,103,28,75,109,58,42,78,0,119,64"/><T31/><D122/><U36/><E67/><V35/><F35/><W6/><G42/><T51/><D105/><U130/><E130/><V85/><F113/><W120/><G28/><T87/><D129/><U73/><E73/><V27/><F124/><W108/><G64/><T49/><D134/><U102/><E102/><V2/><F118/><W12/><G103/><T18/><D69/><U3/><E3/><V115/><F115/><W14/><G78/><T107/><D107/><U126/><E126/><V111/><F111/><W68/><G106/><T39/><D34/><U53/><E53/><V125/><F125/><W114/><G75/><T76/><D31/><U13/><E13/><V80/><F92/><W19/><G114/><T132/><D132/><U79/><E112/><V93/><F93/><W30/><G120/><T90/><D39/><U131/><REACH who="1" step="1"/><E131/><REACH who="1" ten="234,297,209,250" step="2"/><V98/><F2/><W33/><G0/><T40/><D95/><U135/><E135/><V74/><F74/><W9/><G121/><T133/><D133/><U127/><E127/><V15/><F15/><W91/><G14/><T43/><D59/><U57/><E57/><V63/><F41/><W46/><G12/><T1/><D1/><U16/><E16/><V62/><F47/><W4/><G46/><T77/><D40/><U72/><E72/><V17/><F17/><W104/><G19/><T117/><D117/><U96/><E96/><V21/><F98/><W81/><G119/><T56/><D18/><U5/><E5/><V99/><F7/><W128/><G4/><T26/><D56/><U37/><AGARI ba="0,1" hai="24,25,36,37,38,60,66,71,79,83,84,94,97,101" machi="37" ten="30,7900,0" yaku="1,1,5,1,0,1,52,1,53,0" doraHai="65" doraHaiUra="45" who="1" fromWho="1" sc="234,-39,297,89,209,-20,250,-20" />
</Scene>
<Scene>
<INIT seed="5,0,0,3,5,47" ten="195,386,189,230" oya="1" hai0="135,117,30,59,48,14,128,121,61,80,23,127,16" hai1="92,109,105,43,95,69,126,74,114,97,88,3,6" hai2="78,89,75,119,103,46,118,123,37,86,83,120,33" hai3="32,82,115,134,11,63,131,40,31,116,96,68,50"/><U57/><E69/><V24/><F33/><W22/><G115/><T19/><D117/><N who="2" m="44554" /><F24/><W56/><G116/><T4/><D135/><U44/><E114/><V106/><F46/><W55/><G32/><T66/><D128/><U25/><E126/><V35/><F37/><W133/><G11/><T93/><D127/><U124/><E124/><V51/><F51/><W27/><G131/><T5/><D121/><N who="2" m="46666" /><F35/><W29/><G29/><T71/><D93/><U58/><E109/><V1/><F1/><W91/><G40/><T49/><D80/><U101/><E74/><V112/><F112/><W113/><G113/><T122/><D122/><U41/><E41/><V110/><F110/><W76/><G68/><T129/><D129/><U107/><E25/><V62/><F62/><W20/><G20/><N who="0" m="11287" /><D30/><U13/><E3/><V10/><F10/><W125/><G125/><T70/><D71/><U0/><E0/><V81/><F103/><W65/><G65/><T12/><D70/><U42/><E42/><V67/><F67/><W36/><G36/><T104/><D104/><AGARI ba="0,0" hai="75,78,81,83,86,89,104,106" m="46666,44554" machi="104" ten="30,2000,0" yaku="34,2" doraHai="47" who="2" fromWho="0" sc="195,-20,386,0,189,20,230,0" />
</Scene>
<Scene>
<INIT seed="6,0,0,0,5,66" ten="175,386,209,230" oya="2" hai0="107,116,45,86,129,57,103,119,126,89,118,33,30" hai1="91,15,108,14,31,127,111,26,77,0,41,16,24" hai2="88,124,100,121,130,122,25,44,131,79,6,76,61" hai3="29,37,78,117,2,112,73,69,23,49,52,13,36"/><V62/><F6/><W85/><G2/><T43/><D129/><N who="2" m="49162" /><F100/><W64/><G73/><T95/><D126/><U98/><E127/><V74/><F124/><W75/><G75/><T135/><D135/><U50/><E0/><V54/><F25/><W34/><G117/><T18/><D18/><U60/><E77/><N who="2" m="29771" /><F74/><W3/><G3/><T109/><D109/><U134/><E134/><V8/><F8/><W48/><G48/><T102/><D107/><U90/><E111/><V28/><F28/><W82/><G29/><T53/><D30/><U123/><E26/><V22/><F22/><W81/><G34/><T65/><D65/><U17/><E108/><V132/><F132/><W40/><G23/><T59/><D33/><U71/><E123/><N who="2" m="47115" /><F88/><W83/><G13/><T51/><REACH who="0" step="1"/><D59/><REACH who="0" ten="165,386,209,230" step="2"/><U125/><E125/><V94/><F94/><W101/><G81/><T128/><D128/><U46/><E17/><V72/><F72/><W55/><G82/><T113/><D113/><U114/><E114/><V32/><F32/><W9/><G112/><T21/><D21/><U5/><E16/><V67/><F67/><W1/><G64/><T87/><D87/><U12/><E31/><V4/><F4/><W35/><G85/><T39/><AGARI ba="0,1" hai="39,43,45,51,53,57,86,89,95,102,103,116,118,119" machi="39" ten="30,4000,0" yaku="1,1,0,1,12,1,53,0" doraHai="66" doraHaiUra="110" who="0" fromWho="0" sc="165,50,386,-10,209,-20,230,-10" />
</Scene>
<Scene>
<INIT seed="7,0,0,0,2,1" ten="215,376,189,220" oya="3" hai0="7,87,27,71,72,97,107,57,49,65,130,85,18" hai1="73,2,51,88,101,123,67,102,60,131,39,82,119" hai2="74,76,90,40,44,34,8,84,54,64,3,59,4" hai3="112,42,32,113,68,63,120,6,48,29,122,25,22"/><W104/><G104/><T134/><D72/><U98/><E123/><V53/><F34/><W117/><G68/><T17/><D71/><U43/><E131/><V20/><F64/><W41/><G63/><N who="0" m="38127" /><D107/><U129/><E129/><V78/><F20/><W109/><G48/><T93/><D130/><U79/><E119/><V10/><F10/><W14/><G42/><T125/><D134/><U95/><E2/><V116/><F116/><W35/><G41/><T83/><D125/><U105/><E39/><V52/><F59/><W106/><G106/><T80/><D7/><U108/><E108/><V96/><F96/><W75/><G75/><T70/><D49/><U36/><E36/><V58/><F58/><W66/><G66/><T13/><D27/><U81/><E81/><N who="0" m="31305" /><D70/><U45/><E105/><V24/><F24/><W133/><G117/><T9/><D18/><U77/><E79/><V50/><REACH who="2" step="1"/><F74/><REACH who="2" ten="215,376,179,220" step="2"/><W115/><G109/><T103/><AGARI ba="0,1" hai="9,13,17,85,87,93,97,103" m="31305,38127" machi="103" ten="30,1100,0" yaku="8,1" doraHai="1" who="0" fromWho="0" sc="215,21,376,-3,179,-3,220,-5" owari="236,4.0,373,46.0,176,-32.0,215,-18.0" />
</Scene>
</mjloggm>