<mjloggm ver="2.3"><GO type="169" lobby="0"/><UN n0="%E5%A4%AA%E3%81%8F%E3%81%AA%E3%81%84%E3%81%8A" n1="%E5%94%90%E6%8F%9A%E5%A4%A7%E5%A5%BD%E3%81%8D" n2="%68%61%67%69%31%30%32%39" n3="%E3%83%9E%E3%83%88%E3%83%AA%E3%83%83%E3%82%AF%E3%82%B9" dan="18,16,16,17" rate="2233.59,2123.27,2013.20,2138.42" sx="F,M,M,M"/><TAIKYOKU oya="0"/>

<Scene>
<INIT seed="0,0,0,0,1,14" ten="250,250,250,250" oya="0" hai0="124,88,37,24,20,112,71,91,69,23,111,94,63" hai1="85,131,32,66,132,55,57,31,127,42,43,28,61" hai2="36,7,135,68,70,2,76,116,0,108,89,80,62" hai3="86,81,72,4,96,65,48,47,67,95,51,30,119"/><T101/><D112/><U39/><E127/><V3/><F36/><W113/><G113/><T60/><D37/><U40/><E131/><V104/><F104/><W110/><G119/><T54/><D124/><U53/><E132/><V121/><F121/><W103/><G110/><T5/><D5/><U25/><E39/><V78/><F89/><N who="0" m="34378" /><D71/><U84/><E31/><V123/><F78/><W75/><G48/><T115/><D69/><U38/><E38/><V27/><F123/><W98/><G30/><N who="0" m="17671" /><D115/><U134/><E134/><V59/><F70/><W83/><G75/><T52/><D111/><U74/><E74/><V73/><F68/><W35/><G35/><T122/><D122/><U11/><E11/><V77/><F7/><W13/><G72/><T21/><D63/><U107/><E107/><V126/><F126/><W102/><G83/><T34/><D34/><U109/><E109/><V93/><F80/><W129/><G129/><T87/><D87/><U128/><E128/><V49/><F108/><W125/><G125/><T12/><D60/><U46/><E66/><V120/><F62/><W118/><G118/><T79/><D79/><U99/><E99/><V17/><F77/><N who="3" m="46383" /><G4/><T26/><D12/><U117/><E117/><V8/><F116/><W15/><G15/><T58/><D58/><U45/><E45/><V105/><F120/><W19/><G51/><T100/><D23/><U56/><E46/><V106/><F135/><W133/><G133/><T97/><D101/><U41/><N who="1" m="10240" /><DORA hai="92" /><U50/><AGARI ba="0,0" hai="25,28,32,50,53,55,56,57,61,84,85" m="10240" machi="50" ten="40,2700,0" yaku="4,1,0,1" doraHai="14,92" who="1" fromWho="1" sc="250,-13,250,27,250,-7,250,-7" />
</Scene>
<Scene>
<INIT seed="1,0,0,4,1,13" ten="237,277,243,243" oya="1" hai0="30,113,117,56,68,125,82,115,58,133,86,70,32" hai1="94,105,12,123,97,95,20,132,38,129,55,135,65" hai2="119,16,122,100,4,47,101,11,60,116,51,96,72" hai3="10,75,104,124,36,74,127,24,9,6,8,25,83"/><U71/><E38/><V53/><F72/><W3/><G36/><T91/><D117/><U92/><E123/><V106/><F122/><W131/><G104/><T41/><D41/><U29/><E129/><V49/><F101/><W37/><G37/><T102/><D102/><N who="1" m="62671" /><E29/><V44/><F60/><W128/><G3/><T17/><D30/><U126/><E126/><N who="3" m="48170" /><G6/><T5/><D5/><U110/><E110/><V107/><F106/><W103/><G103/><T108/><D32/><U85/><E55/><V114/><F114/><W87/><G87/><T43/><D43/><U69/><E65/><V78/><F78/><W67/><G67/><T0/><D0/><U120/><E120/><V23/><F11/><W19/><G83/><T81/><D125/><U77/><E77/><V2/><F4/><W7/><G7/><T45/><D86/><U27/><E85/><V1/><F1/><W79/><G79/><T42/><D113/><U84/><E84/><V88/><F88/><W134/><G134/><N who="1" m="51242" /><E27/><N who="3" m="10314" /><G19/><AGARI ba="0,0" hai="12,19,20,69,71,92,94,95" m="51242,62671" machi="19" ten="30,2900,0" yaku="20,1,52,1" doraHai="13" who="1" fromWho="3" sc="237,0,277,29,243,0,243,-29" />
</Scene>
<Scene>
<INIT seed="1,1,0,4,0,66" ten="237,306,243,214" oya="1" hai0="47,45,39,52,102,41,78,111,87,108,28,100,7" hai1="88,58,68,19,15,32,131,56,18,4,115,49,79" hai2="119,109,5,22,46,106,50,120,36,92,13,55,70" hai3="53,1,24,127,43,0,64,117,35,30,11,48,37"/><U76/><E32/><V110/><F106/><W51/><G127/><T98/><D28/><U112/><E131/><V125/><F36/><W86/><G117/><T72/><D72/><U129/><E129/><V34/><F34/><W132/><G132/><T67/><D7/><U77/><E4/><V80/><F119/><W75/><G75/><T21/><D21/><U8/><E68/><V6/><F125/><W16/><G37/><T14/><D14/><U62/><E19/><N who="2" m="10607" /><F80/><W95/><G43/><T82/><D67/><N who="1" m="39367" /><E115/><V63/><F92/><W65/><G51/><N who="0" m="28799" /><D98/><U71/><E71/><V61/><F70/><W107/><G107/><T20/><D20/><U128/><E112/><V130/><F130/><W113/><G113/><T40/><D40/><U90/><E128/><V17/><F5/><W3/><G86/><T83/><D83/><U26/><E26/><V118/><F6/><W99/><G11/><T123/><D123/><U31/><E31/><V96/><F17/><W124/><G124/><T25/><D25/><U114/><E114/><V94/><F120/><W81/><G81/><T121/><D121/><U59/><E49/><V97/><F118/><W133/><G16/><T122/><D122/><U134/><E134/><V103/><F96/><W29/><G133/><T105/><D105/><U42/><E42/><V10/><F10/><W27/><G29/><T12/><D12/><U126/><E126/><V135/><F135/><W84/><G24/><T85/><D85/><U69/><E69/><V9/><F9/><W23/><G35/><T44/><D44/><U60/><E60/><AGARI ba="1,0" hai="46,50,55,60,61,63,94,97,103,109,110" m="10607" machi="60" ten="30,1000,0" yaku="6,1" doraHai="66" who="2" fromWho="1" sc="237,0,306,-13,243,13,214,0" />
</Scene>
<Scene>
<INIT seed="2,0,0,2,5,11" ten="237,293,256,214" oya="2" hai0="71,82,120,0,73,25,116,32,84,51,103,97,89" hai1="128,76,24,54,57,94,126,64,41,129,121,1,23" hai2="98,33,34,111,72,8,6,15,113,46,79,55,59" hai3="78,102,110,133,9,58,90,63,83,100,115,75,53"/><V45/><F113/><W96/><G110/><T10/><D120/><U26/><E1/><V119/><F119/><W31/><G115/><T20/><D71/><U124/><E121/><V112/><F112/><W118/><G118/><T56/><D32/><U122/><E122/><V22/><F111/><W81/><G133/><T43/><D116/><U88/><E76/><V65/><F65/><W99/><G31/><T104/><D73/><U52/><E41/><V107/><F22/><W123/><G123/><T42/><D56/><U85/><E64/><V91/><F46/><W108/><G108/><T61/><D61/><N who="1" m="36007" /><E54/><V49/><F91/><W37/><G37/><T70/><D70/><U101/><E101/><V29/><F29/><W14/><G99/><T27/><D51/><U38/><E38/><V19/><F79/><W80/><G90/><T125/><D43/><U40/><E40/><V12/><F72/><W3/><G3/><T134/><D42/><U48/><E48/><V35/><F98/><W130/><G102/><T87/><D0/><U74/><E74/><V127/><F107/><W62/><G62/><T47/><D104/><U5/><E5/><V93/><F93/><W21/><G130/><N who="1" m="50282" /><E26/><V135/><F135/><W36/><G36/><T16/><D27/><U77/><E77/><V66/><F66/><W114/><G114/><T106/><D134/><U67/><E67/><V109/><F109/><W7/><G21/><T44/><D103/><U50/><E50/><V131/><F131/><W86/><G75/><T13/><D20/><U117/><E117/><V39/><F39/><RYUUKYOKU ba="0,0" sc="237,-15,293,15,256,-15,214,15" hai1="23,24,85,88,94,124,126" hai3="7,9,14,53,58,63,78,80,81,83,86,96,100" />
</Scene>
<Scene>
<INIT seed="3,1,0,3,4,98" ten="222,308,241,229" oya="3" hai0="6,115,75,34,18,129,79,63,102,49,88,93,103" hai1="15,68,82,45,7,66,53,42,61,37,52,2,73" hai2="69,25,14,111,81,28,126,20,54,86,24,123,133" hai3="118,31,96,104,67,91,124,16,99,8,132,57,32"/><W22/><G118/><T58/><D34/><U94/><E15/><V130/><F69/><W114/><G114/><T109/><D6/><U47/><E47/><V60/><F111/><W95/><G124/><T21/><D109/><U11/><REACH who="1" step="1"/><E94/><REACH who="1" ten="222,298,241,229" step="2"/><V5/><F14/><N who="3" m="7239" /><G132/><T29/><D93/><U23/><E23/><V19/><F20/><W26/><G32/><T100/><D21/><U117/><E117/><V33/><F133/><W113/><G113/><T72/><D115/><U3/><E3/><V38/><F126/><W83/><G104/><T0/><D0/><U134/><E134/><V1/><F1/><W70/><G70/><T74/><D58/><U65/><E65/><V62/><F33/><W80/><G99/><T39/><D129/><U108/><E108/><V110/><F130/><W84/><G96/><T10/><D10/><U125/><E125/><V131/><F110/><W51/><G67/><T101/><D101/><U55/><E55/><AGARI ba="1,1" hai="22,26,31,51,55,57,80,83,84,91,95" m="7239" machi="55" ten="30,2900,0" yaku="8,1,54,1" doraHai="98" who="3" fromWho="1" sc="222,0,298,-32,241,0,229,42" />
</Scene>
<Scene>
<INIT seed="3,2,0,2,4,50" ten="222,266,241,271" oya="3" hai0="13,104,22,19,42,98,101,73,61,90,51,46,132" hai1="29,71,128,126,11,103,18,64,49,21,97,108,26" hai2="119,25,53,121,27,75,70,116,62,57,87,55,72" hai3="83,94,122,41,118,66,105,77,106,17,43,2,65"/><W31/><G118/><T28/><D132/><U4/><E128/><V3/><F3/><W135/><G122/><T130/><D130/><U44/><E126/><V113/><F70/><W89/><G2/><T111/><D111/><U23/><E108/><V48/><F113/><W125/><G31/><T37/><D73/><U16/><E71/><V20/><F121/><W107/><G125/><T82/><D28/><U9/><E64/><V8/><F25/><W34/><G34/><T32/><D32/><U30/><E4/><V112/><F112/><W117/><G117/><T39/><D61/><U1/><E1/><V120/><F120/><W38/><G135/><T68/><D68/><U102/><E97/><V58/><F8/><N who="1" m="3145" /><E30/><V81/><F119/><W47/><G43/><T7/><D7/><U86/><E86/><V14/><F14/><W0/><G0/><T115/><D115/><U45/><E29/><V96/><F96/><W99/><REACH who="3" step="1"/><G17/><REACH who="3" ten="222,266,241,261" step="2"/><T109/><D109/><U63/><E18/><V91/><F116/><W12/><G12/><T5/><D5/><U52/><E21/><V54/><F27/><W84/><AGARI ba="2,1" hai="38,41,47,65,66,77,83,84,89,94,99,105,106,107" machi="84" ten="30,12000,1" yaku="1,1,0,1,53,3" doraHai="50" doraHaiUra="100" who="3" fromWho="3" sc="222,-42,266,-42,241,-42,261,136" />
</Scene>
<Scene>
<INIT seed="3,3,0,4,5,25" ten="180,224,199,397" oya="3" hai0="126,102,120,54,21,86,26,76,60,8,56,31,34" hai1="48,38,41,93,110,0,11,18,22,19,2,103,10" hai2="71,49,117,42,43,129,51,133,77,84,47,100,118" hai3="40,105,72,64,27,88,92,115,29,78,65,125,66"/><W9/><G115/><T33/><D120/><U79/><E38/><V68/><F100/><W90/><G105/><T119/><D119/><N who="2" m="45578" /><F77/><W53/><G40/><N who="2" m="15401" /><F84/><W46/><G125/><T112/><D126/><U101/><E110/><V39/><F129/><W85/><G9/><T83/><D112/><U95/><E79/><V81/><F81/><W109/><G109/><T82/><D102/><U121/><E41/><N who="2" m="22975" /><F133/><W55/><G46/><T106/><D106/><U107/><E107/><V74/><F74/><W98/><G78/><T132/><D132/><U97/><E22/><V7/><F7/><W59/><G72/><T67/><D82/><U96/><REACH who="1" step="1"/><E48/><AGARI ba="3,0" hai="48,49,51,68,71" m="22975,15401,45578" machi="48" ten="30,2000,0" yaku="34,2" doraHai="25" who="2" fromWho="1" sc="180,0,224,-29,199,29,397,0" />
</Scene>
<Scene>
<INIT seed="4,0,0,4,2,135" ten="180,195,228,397" oya="0" hai0="125,129,101,113,127,18,41,126,104,134,122,49,116" hai1="14,107,51,84,130,44,32,69,54,76,25,42,92" hai2="59,117,94,21,86,64,67,81,128,60,12,89,34" hai3="103,15,99,0,55,95,79,28,106,58,46,56,31"/><T85/><D122/><U1/><E107/><V26/><F128/><W66/><G0/><T35/><D116/><U88/><E1/><V77/><F117/><W47/><G79/><T131/><D113/><U29/><E69/><V20/><F12/><W7/><G106/><T2/><D2/><U73/><E130/><N who="0" m="49673" /><D35/><U39/><E14/><V53/><F34/><W80/><G80/><T108/><D108/><U96/><E73/><V38/><F38/><W4/><G66/><T40/><D134/><U105/><E105/><V36/><F36/><W112/><G112/><T118/><D118/><U100/><E76/><V114/><F20/><W63/><G58/><T90/><D49/><U24/><E24/><V93/><F93/><W22/><G22/><T17/><D101/><U13/><E13/><V19/><REACH who="2" step="1"/><F114/><REACH who="2" ten="180,195,218,397" step="2"/><W123/><G123/><T120/><D120/><U111/><E111/><V82/><F82/><W9/><G7/><T8/><D104/><U115/><E115/><V68/><F68/><W45/><AGARI ba="0,1" hai="4,9,15,28,31,45,46,47,55,56,63,95,99,103" machi="45" ten="30,2000,0" yaku="0,1,8,1" doraHai="135" who="3" fromWho="3" sc="180,-10,195,-5,218,-5,397,30" />
</Scene>
<Scene>
<INIT seed="5,0,0,2,2,29" ten="170,190,213,427" oya="1" hai0="32,123,31,48,41,33,27,61,47,110,115,64,72" hai1="45,35,98,11,132,18,1,84,100,96,50,80,104" hai2="34,109,73,134,6,130,52,36,37,81,101,122,54" hai3="49,135,57,4,8,7,56,25,94,22,46,40,131"/><U58/><E132/><V127/><F34/><W97/><G135/><T113/><D110/><U114/><E114/><N who="0" m="43529" /><D72/><U69/><E69/><V88/><F101/><N who="3" m="60599" /><G131/><T51/><D123/><U13/><E1/><V102/><F54/><W5/><G8/><T24/><D51/><U116/><E116/><V77/><F6/><W121/><G121/><T129/><D129/><U65/><E96/><V71/><F81/><W55/><G40/><T90/><D90/><N who="1" m="51463" /><E58/><V74/><F88/><W117/><G117/><T118/><D118/><U53/><E65/><V125/><F71/><W91/><G91/><T66/><D61/><U60/><E60/><V42/><F134/><W9/><G9/><T86/><D86/><U70/><E70/><V17/><F36/><W20/><G20/><N who="0" m="15751" /><D27/><U79/><E79/><V133/><F77/><W111/><G111/><T43/><D43/><U59/><E59/><V83/><F42/><W82/><G82/><T62/><D62/><U44/><E45/><V68/><F109/><W28/><AGARI ba="0,0" hai="4,5,7,22,25,28,46,49,55,56,57" m="60599" machi="28" ten="30,1100,0" yaku="8,1" doraHai="29" who="3" fromWho="3" sc="170,-3,190,-5,213,-3,427,11" />
</Scene>
<Scene>
<INIT seed="6,0,0,0,3,21" ten="167,185,210,438" oya="2" hai0="12,80,120,47,26,134,38,129,42,16,75,14,83" hai1="118,13,66,111,34,45,106,30,93,32,108,2,123" hai2="4,10,125,101,60,54,86,9,37,71,67,56,117" hai3="78,27,62,52,124,133,3,91,64,112,40,18,131"/><V100/><F117/><W15/><G3/><T84/><D120/><U87/><E2/><V94/><F9/><W77/><G40/><T72/><D129/><U59/><E106/><V89/><F37/><W79/><G131/><T116/><D116/><U135/><E118/><V115/><F125/><W63/><G124/><T0/><D0/><U55/><E123/><V76/><F115/><W8/><G133/><T130/><D130/><U73/><E73/><V109/><F76/><W107/><G107/><T121/><D121/><U103/><E135/><V44/><F44/><W96/><G112/><T31/><D134/><U68/><E68/><V25/><F109/><W49/><G64/><T82/><D84/><U102/><E111/><V114/><F114/><W19/><G91/><T33/><REACH who="0" step="1"/><D12/><REACH who="0" ten="157,185,210,438" step="2"/><U23/><E13/><N who="2" m="5319" /><F86/><W41/><G96/><T39/><D39/><U48/><E108/><V95/><F71/><W99/><G99/><T85/><D85/><U97/><E87/><V122/><F122/><W7/><G41/><T65/><D65/><U50/><E66/><V20/><F67/><W90/><G90/><T98/><D98/><U53/><REACH who="1" step="1"/><E103/><REACH who="1" ten="157,175,210,438" step="2"/><V70/><F101/><W126/><G126/><T69/><D69/><U24/><AGARI ba="0,2" hai="23,24,30,32,34,45,48,50,53,55,59,93,97,102" machi="24" ten="30,7900,0" yaku="1,1,2,1,0,1,52,1,53,0" doraHai="21" doraHaiUra="57" who="1" fromWho="1" sc="157,-20,175,99,210,-39,438,-20" />
</Scene>
<Scene>
<INIT seed="7,0,0,5,1,80" ten="137,274,171,418" oya="3" hai0="33,82,92,40,34,52,103,129,98,19,73,42,74" hai1="110,131,85,83,96,44,43,95,108,75,17,8,54" hai2="89,20,124,13,90,66,59,27,94,126,76,122,46" hai3="6,100,87,77,51,53,24,116,111,55,57,35,22"/><W114/><G116/><T18/><D129/><U78/><E131/><V93/><F122/><W7/><G35/><T5/><D5/><U3/><E54/><V9/><F76/><W2/><G2/><T49/><D34/><U88/><E17/><N who="2" m="8367" /><F46/><N who="3" m="27895" /><G114/><T119/><D119/><U105/><E8/><V133/><F133/><W99/><G111/><T91/><D33/><U36/><E3/><V37/><F37/><W86/><G99/><T102/><D74/><U123/><E123/><V29/><F94/><W21/><G100/><AGARI ba="0,0" hai="36,43,44,75,78,83,85,88,95,96,100,105,108,110" machi="100" ten="40,8000,1" yaku="24,2,52,1,54,1" doraHai="80" who="1" fromWho="3" sc="137,0,274,80,171,0,418,-80" owari="137,-36.0,354,45.0,171,-23.0,338,14.0" />
</Scene>
</mjloggm>