<mjloggm ver="2.3"><GO type="169"/><UN n0="%E3%81%A7%E3%81%93%E3%81%98" n1="%E3%80%93%E7%89%87%E5%B2%A1%E5%84%AA%E5%B8%8C%E3%80%93" n2="%E5%A4%AA%E3%81%8F%E3%81%AA%E3%81%84%E3%81%8A" n3="%E3%82%A2%E3%83%AD%E3%82%A8%E3%82%AF%E3%83%B3" dan="17,16,17,16" rate="2130,2078,2177,2096" sx="M,F,M,M"/><TAIKYOKU oya="0"/>

<Scene>
<INIT seed="0,0,0,0,3,86" ten="250,250,250,250" oya="0" hai0="123,96,30,115,18,104,110,90,107,33,127,11,126" hai1="80,78,68,53,87,108,51,66,31,56,24,130,88" hai2="67,106,134,12,105,89,98,120,83,37,9,129,44" hai3="47,61,79,21,94,49,109,29,101,117,55,10,124"/><T7/><D115/><U111/><E130/><V42/><F120/><W23/><G117/><T43/><D123/><U118/><E118/><V57/><F129/><W91/><G109/><N who="1" m="42058" /><E68/><V41/><F134/><W16/><G124/><N who="0" m="47659" /><D110/><U73/><E66/><V52/><F67/><W114/><G114/><T2/><D43/><U5/><E5/><V84/><F41/><W3/><G79/><T122/><D122/><U14/><E14/><V75/><F75/><W97/><G61/><T25/><D18/><U13/><E13/><V27/><F27/><N who="3" m="16623" /><G3/><T135/><D135/><U95/><E24/><V40/><F98/><W76/><G76/><T93/><AGARI ba="0,0" hai="2,7,11,25,30,33,90,93,96,104,107" m="47659" machi="93" ten="30,3000,0" yaku="18,1,52,1" doraHai="86" who="0" fromWho="0" sc="250,30,250,-10,250,-10,250,-10" />
</Scene>
<Scene>
<INIT seed="0,1,0,5,5,11" ten="280,240,240,240" oya="0" hai0="33,108,37,68,1,36,113,79,30,16,94,23,50" hai1="39,20,58,17,96,9,111,87,40,59,105,45,75" hai2="29,119,71,52,109,18,3,90,114,61,120,19,134" hai3="73,15,44,2,83,55,115,131,35,93,69,13,129"/><T34/><D113/><U117/><E75/><V89/><F114/><W27/><G115/><T63/><D1/><U32/><E117/><V53/><F120/><W60/><G2/><T124/><D79/><U72/><E72/><V12/><F3/><W0/><G0/><T77/><D77/><U86/><E32/><V78/><F78/><N who="3" m="44495" /><G93/><T99/><D124/><U43/><E111/><V6/><F29/><N who="3" m="19903" /><G44/><T112/><D112/><U54/><E43/><V4/><F109/><W25/><G25/><T92/><D108/><U101/><E9/><V24/><F24/><W41/><G41/><T116/><D116/><U135/><E135/><V123/><F119/><W49/><G49/><T76/><D76/><U118/><E118/><V82/><F123/><W26/><G26/><T62/><D50/><U21/><E59/><V66/><F134/><W80/><G80/><T127/><D127/><U97/><E97/><V121/><F121/><W8/><G8/><T57/><D30/><U14/><REACH who="1" step="1"/><E21/><REACH who="1" ten="280,230,240,240" step="2"/><V46/><F46/><W126/><G126/><T81/><D57/><U85/><E85/><V28/><F71/><W47/><G69/><T51/><D68/><U42/><E42/><V5/><F4/><W130/><G47/><T103/><D33/><U128/><E128/><V67/><F5/><W22/><G22/><T91/><D34/><U38/><E38/><V74/><F6/><W10/><G10/><T48/><D37/><U132/><E132/><V70/><F70/><W84/><G84/><T95/><D36/><U107/><E107/><V56/><F74/><W88/><G130/><RYUUKYOKU ba="1,1" sc="280,-10,230,30,240,-10,240,-10" hai1="14,17,20,39,40,45,54,58,86,87,96,101,105" />
</Scene>
<Scene>
<INIT seed="1,2,1,1,5,72" ten="270,260,230,230" oya="1" hai0="8,24,58,101,12,1,66,16,87,52,21,39,18" hai1="28,54,43,90,26,71,83,37,62,97,131,82,35" hai2="84,19,0,46,32,81,60,93,10,80,22,108,124" hai3="121,38,130,125,100,49,57,126,103,31,63,115,135"/><U88/><E131/><V73/><F32/><W64/><G121/><T133/><D39/><U36/><E43/><V112/><F108/><W99/><G115/><T29/><D133/><U15/><E15/><V42/><F112/><W132/><G38/><T17/><D1/><U51/><E62/><V107/><F107/><W50/><G31/><T14/><D101/><U44/><E71/><V68/><F124/><N who="3" m="47723" /><G103/><T91/><D66/><U27/><E27/><V45/><F73/><W6/><G6/><T105/><D105/><U134/><E134/><N who="3" m="51242" /><G130/><T56/><D56/><U96/><E37/><V47/><F19/><W25/><G25/><T76/><D14/><U92/><REACH who="1" step="1"/><E36/><REACH who="1" ten="270,250,230,230" step="2"/><V65/><F68/><W77/><G77/><T118/><D118/><U2/><E2/><V75/><F0/><W116/><G116/><T114/><D114/><U95/><AGARI ba="2,2" hai="26,28,35,44,51,54,82,83,88,90,92,95,96,97" machi="95" ten="30,11700,0" yaku="1,1,0,1,9,1,54,1,53,0" doraHai="72" doraHaiUra="113" who="1" fromWho="1" sc="270,-41,250,143,230,-41,230,-41" />
</Scene>
<Scene>
<INIT seed="1,3,0,5,3,131" ten="229,393,189,189" oya="1" hai0="83,5,128,51,76,123,67,84,125,38,97,106,46" hai1="58,120,17,105,77,79,39,117,34,100,68,62,2" hai2="11,30,102,7,40,6,54,31,66,16,61,135,132" hai3="73,133,36,98,80,37,78,0,29,26,47,75,44"/><U45/><E117/><V134/><F40/><W69/><G0/><T56/><D38/><U108/><E120/><V35/><F102/><W19/><G69/><T124/><D5/><N who="2" m="1546" /><F54/><W87/><G19/><T95/><D106/><U107/><E68/><N who="2" m="42063" /><F35/><W122/><G122/><T91/><D123/><U116/><E116/><V63/><F63/><W49/><G37/><T13/><D128/><U86/><E34/><V21/><F11/><W90/><G36/><T8/><D56/><U119/><E58/><V25/><AGARI ba="3,0" hai="16,21,25,30,31,132,134,135" m="42063,1546" machi="25" ten="40,8000,1" yaku="20,1,52,3,54,1" doraHai="131" who="2" fromWho="2" sc="229,-23,393,-43,189,89,189,-23" />
</Scene>
<Scene>
<INIT seed="2,0,0,1,2,77" ten="206,350,278,166" oya="2" hai0="28,118,84,26,87,4,133,34,72,110,90,63,115" hai1="83,46,100,51,75,10,8,38,117,134,24,69,71" hai2="78,21,99,35,40,66,93,18,0,85,88,94,91" hai3="97,41,130,74,56,17,107,37,131,126,113,36,82"/><V119/><F119/><W70/><G70/><T2/><D115/><U89/><E117/><V23/><F35/><W73/><G113/><T92/><D118/><U58/><E134/><V105/><F0/><W86/><G126/><T132/><D72/><U54/><E100/><V102/><F66/><W135/><G135/><N who="0" m="51787" /><D110/><U128/><E128/><V65/><F65/><W98/><G74/><T13/><D2/><U109/><E109/><V122/><F122/><W49/><G73/><T20/><D63/><U123/><E123/><V44/><F78/><W112/><G112/><T1/><D1/><U7/><E24/><V22/><F18/><W42/><G17/><N who="0" m="10287" /><D4/><U43/><E10/><V125/><F125/><W106/><G86/><AGARI ba="0,0" hai="26,28,34,84,86,87,90,92" m="10287,51787" machi="86" ten="30,1000,0" yaku="20,1" doraHai="77" who="0" fromWho="3" sc="206,10,350,0,278,0,166,-10" />
</Scene>
<Scene>
<INIT seed="3,0,0,1,3,61" ten="216,350,278,156" oya="3" hai0="12,114,63,4,111,112,27,19,101,102,33,38,25" hai1="119,40,131,106,64,26,123,8,10,42,117,48,16" hai2="99,113,17,20,74,69,13,135,68,107,36,53,54" hai3="87,2,65,127,59,132,88,76,57,116,122,6,51"/><W129/><G122/><T78/><D38/><U124/><E123/><V3/><F113/><N who="0" m="43626" /><D111/><U126/><E106/><V60/><F3/><W72/><G116/><N who="1" m="44618" /><E131/><V133/><F36/><W22/><G129/><T39/><D39/><U93/><E93/><V56/><F74/><W0/><G127/><N who="1" m="48682" /><E64/><V66/><F54/><W9/><G132/><N who="2" m="50761" /><F53/><W90/><G2/><T11/><D78/><U108/><E108/><V100/><AGARI ba="0,0" hai="13,17,20,56,60,66,68,69,99,100,107" m="50761" machi="100" ten="30,2000,0" yaku="20,1,52,1" doraHai="61" who="2" fromWho="2" sc="216,-5,350,-5,278,20,156,-10" />
</Scene>
<Scene>
<INIT seed="4,0,0,2,2,7" ten="211,345,298,146" oya="0" hai0="86,41,81,17,100,21,65,82,132,91,96,98,23" hai1="126,50,54,108,72,15,55,27,29,118,80,75,1" hai2="70,16,131,58,89,83,99,117,97,14,49,87,40" hai3="22,13,57,78,39,127,38,45,92,34,48,19,11"/><T111/><D132/><U113/><E1/><V63/><F131/><W68/><G127/><T47/><D111/><U59/><E118/><V128/><F128/><W69/><G34/><T2/><D2/><U123/><E123/><V71/><F117/><W64/><G78/><T134/><D134/><U102/><E108/><V53/><F71/><W61/><G69/><T107/><D65/><U25/><E126/><V85/><F85/><W120/><G120/><T122/><D122/><U124/><E124/><V24/><F24/><W56/><G56/><T31/><D96/><U46/><E102/><V18/><F18/><W103/><G68/><T90/><D31/><U135/><E135/><V35/><F35/><W77/><G77/><T3/><D3/><U88/><E113/><V43/><F70/><W94/><G94/><T28/><D28/><U130/><E130/><V104/><F104/><W52/><REACH who="3" step="1"/><G22/><REACH who="3" ten="211,345,298,136" step="2"/><T5/><D23/><U119/><E119/><V101/><F101/><W12/><G12/><T105/><D105/><U10/><E59/><V60/><F60/><W9/><G9/><T129/><D129/><U32/><E27/><V74/><F74/><W125/><G125/><T109/><D109/><U67/><E75/><V33/><F33/><W6/><G6/><T76/><D5/><U106/><E72/><V26/><F26/><W116/><G116/><T4/><D4/><U66/><E106/><V30/><F63/><W133/><G133/><T8/><D8/><U95/><E95/><V51/><F14/><W73/><G73/><T115/><D115/><U0/><E15/><RYUUKYOKU ba="0,1" sc="211,-10,345,-10,298,-10,136,30" hai3="11,13,19,38,39,45,48,52,57,61,64,92,103" />
</Scene>
<Scene>
<INIT seed="5,1,1,2,4,125" ten="201,335,288,166" oya="1" hai0="17,119,124,54,132,104,121,135,70,10,79,94,113" hai1="33,50,82,88,2,26,66,11,71,95,8,74,83" hai2="90,43,46,32,58,133,129,103,100,34,1,84,91" hai3="118,59,68,31,98,111,36,72,12,76,92,65,134"/><U89/><E74/><V53/><F1/><W105/><G111/><T47/><D119/><U45/><E66/><V13/><F13/><W107/><G68/><T131/><D104/><U30/><E71/><V116/><F116/><W67/><G118/><T51/><D70/><U14/><E2/><V49/><F133/><N who="0" m="51274" /><D124/><U61/><E61/><V5/><F5/><W22/><G134/><T93/><D113/><U123/><E123/><V40/><F58/><W39/><G105/><T63/><D121/><U48/><E48/><V73/><F49/><W9/><G107/><T28/><D28/><U4/><E8/><V86/><F46/><W38/><G59/><N who="0" m="35319" /><D79/><U101/><E101/><V77/><F77/><W25/><G76/><T44/><D44/><U115/><E115/><V60/><F60/><W16/><REACH who="3" step="1"/><G72/><REACH who="3" ten="201,335,288,156" step="2"/><T21/><D10/><U57/><E11/><V110/><F73/><W24/><G24/><N who="0" m="14383" /><D131/><U112/><E26/><V117/><F117/><W62/><G62/><T23/><D23/><U55/><E112/><V64/><F110/><W80/><G80/><T3/><D3/><U97/><E83/><V0/><F0/><W109/><G109/><T15/><D15/><U87/><E14/><V120/><F120/><W122/><G122/><T102/><D102/><AGARI ba="1,2" hai="9,12,16,22,25,31,36,38,39,65,67,92,98,102" machi="102" ten="40,2600,0" yaku="1,1,54,1,53,0" doraHai="125" doraHaiUra="81" who="3" fromWho="0" sc="201,-29,335,0,288,0,156,49" />
</Scene>
<Scene>
<INIT seed="6,0,0,3,1,129" ten="172,335,288,205" oya="2" hai0="17,81,119,79,15,98,114,103,124,24,71,107,130" hai1="85,18,70,56,102,21,78,105,134,33,86,36,13" hai2="32,68,47,19,26,123,51,91,75,133,115,49,77" hai3="28,93,90,96,30,66,58,116,113,9,44,60,50"/><V69/><F123/><W3/><G116/><T22/><D130/><U125/><E70/><V127/><F75/><W104/><G104/><T118/><D71/><U39/><E33/><V16/><F77/><W82/><G113/><T43/><D114/><U40/><E125/><V35/><F26/><W46/><G82/><T135/><D124/><U80/><E86/><V23/><F23/><W95/><G46/><T54/><D43/><U52/><E40/><V111/><F47/><W59/><G59/><T94/><D54/><U10/><E134/><V120/><F127/><W1/><G1/><T131/><D131/><U101/><E10/><V74/><F74/><W27/><G27/><T108/><D108/><U132/><E132/><V112/><F91/><W106/><G106/><T53/><D135/><U88/><E78/><V109/><F133/><W89/><G3/><T84/><D53/><U97/><REACH who="1" step="1"/><E102/><REACH who="1" ten="172,325,288,205" step="2"/><V7/><F120/><W64/><G9/><T61/><D61/><AGARI ba="0,1" hai="13,18,21,36,39,52,56,61,80,85,88,97,101,105" machi="61" ten="30,8000,1" yaku="1,1,2,1,7,1,54,2,53,0" doraHai="129" doraHaiUra="41" who="1" fromWho="0" sc="172,-80,325,90,288,0,205,0" />
</Scene>
<Scene>
<INIT seed="7,0,0,5,4,15" ten="92,415,288,205" oya="3" hai0="116,74,63,126,95,26,91,72,97,1,111,38,79" hai1="122,121,23,53,133,17,92,96,120,30,66,27,131" hai2="36,87,56,32,14,129,13,107,25,64,40,19,55" hai3="99,48,6,57,98,94,10,46,109,11,119,7,90"/><W88/><G109/><T115/><D38/><U102/><E131/><V113/><F107/><W117/><G57/><T21/><D1/><U62/><E133/><V73/><F73/><W47/><G48/><T84/><D111/><U28/><REACH who="1" step="1"/><E53/><REACH who="1" ten="92,405,288,205" step="2"/><V108/><F55/><W70/><REACH who="3" step="1"/><G94/><REACH who="3" ten="92,405,288,195" step="2"/><T51/><D115/><U101/><E101/><V24/><F56/><AGARI ba="0,2" hai="17,23,27,28,30,56,62,66,92,96,102,120,121,122" machi="56" ten="40,5200,0" yaku="1,1,52,1,53,1" doraHai="15" doraHaiUra="61" who="1" fromWho="2" sc="92,0,405,72,288,-52,195,0" owari="92,-41.0,477,57.0,236,4.0,195,-20.0" />
</Scene>
</mjloggm>