<mjloggm ver="2.3"><GO type="169"/><UN n0="%E3%81%B5%E3%81%8B%E3%81%BF" n1="%E5%9F%BA%E7%A4%8E%E8%AB%96" n2="%E3%83%87%E3%82%B8%E3%82%BF%E3%83%AB%E4%BB%99%E4%BA%BA" n3="%E5%A4%AA%E3%81%8F%E3%81%AA%E3%81%84%E3%81%8A" dan="17,16,18,17" rate="2158,2105,2192,2172" sx="F,M,F,M"/><TAIKYOKU oya="0"/>

<Scene>
<INIT seed="0,0,0,5,3,12" ten="250,250,250,250" oya="0" hai0="119,15,35,25,130,89,121,72,117,131,32,92,129" hai1="6,101,135,9,34,75,114,124,26,122,98,104,45" hai2="1,44,42,23,3,27,120,64,100,2,96,31,108" hai3="37,134,53,24,14,4,110,57,80,50,38,56,52"/><T94/><D72/><U82/><E122/><V87/><F120/><W109/><G134/><T7/><D121/><U66/><E135/><V113/><F113/><W17/><G80/><T69/><D69/><U11/><E114/><V111/><F87/><W20/><G4/><T125/><D125/><U28/><E124/><V97/><F64/><W79/><G79/><T21/><D92/><U16/><E66/><V118/><F118/><N who="0" m="45066" /><D89/><U67/><E67/><V112/><F112/><W54/><G24/><T65/><D94/><U33/><E33/><N who="0" m="12873" /><D65/><U74/><E82/><V126/><F126/><W116/><G116/><T19/><D7/><U62/><E62/><V47/><F97/><W77/><G77/><T60/><D60/><U76/><E76/><V91/><F91/><W107/><G107/><T95/><D95/><U36/><E36/><N who="3" m="13930" /><G56/><T86/><D86/><U49/><E74/><V0/><N who="2" m="0" /><DORA hai="93" /><V85/><F85/><W41/><G41/><T40/><D40/><U43/><E75/><V70/><F70/><W78/><G78/><T115/><D115/><U99/><E6/><V106/><REACH who="2" step="1"/><F42/><REACH who="2" ten="250,250,240,250" step="2"/><W46/><G54/><T133/><D133/><U48/><E99/><V105/><F105/><W88/><G88/><T55/><D55/><U83/><E83/><V22/><F22/><W103/><G53/><T132/><D132/><U102/><E102/><V8/><F8/><W128/><G52/><T58/><D58/><U68/><E68/><V63/><F63/><W90/><G57/><T51/><D51/><N who="1" m="27071" /><E9/><V127/><F127/><W59/><G59/><T13/><AGARI ba="0,1" hai="13,15,19,21,25,129,130,131" m="12873,45066" machi="13" ten="40,12000,1" yaku="5,1,19,1,34,2,52,1" doraHai="12,93" who="0" fromWho="0" sc="250,130,250,-40,240,-40,250,-40" />
</Scene>
<Scene>
<INIT seed="0,1,0,4,2,77" ten="380,210,200,210" oya="0" hai0="98,78,121,128,118,110,91,30,107,84,68,94,45" hai1="44,116,40,127,37,74,80,34,50,131,23,58,31" hai2="36,76,0,26,5,124,134,96,56,75,126,101,38" hai3="60,61,24,130,79,135,9,15,46,12,123,41,92"/><T119/><D68/><U7/><E116/><N who="0" m="44585" /><D30/><U35/><E127/><N who="2" m="48683" /><F134/><W29/><G135/><T33/><D45/><U72/><E131/><V66/><F26/><W17/><G130/><T13/><D13/><U93/><E7/><V28/><F28/><W114/><G114/><T62/><D62/><U111/><E35/><V120/><F120/><W59/><G123/><T25/><D25/><U57/><E34/><V32/><F32/><W125/><G125/><T22/><D22/><U4/><E4/><V103/><F103/><W63/><G15/><T39/><D39/><U81/><E72/><V49/><F5/><W88/><G79/><T108/><D33/><U42/><E74/><V69/><F69/><W10/><G10/><T14/><D14/><U90/><E37/><V52/><F66/><W105/><G105/><T11/><D11/><U112/><E112/><V100/><F100/><W53/><G24/><T64/><D64/><U113/><E113/><V16/><F16/><W83/><G29/><T86/><D128/><U133/><E133/><V95/><F0/><W106/><G106/><T20/><D20/><U67/><E31/><V43/><F43/><W47/><G41/><T27/><D27/><U122/><E122/><V8/><F8/><W70/><G70/><T54/><D54/><U71/><E71/><V132/><F132/><W117/><G117/><T129/><D121/><U99/><E42/><V104/><F104/><W18/><G18/><T51/><D129/><U3/><E3/><V65/><F65/><W6/><G6/><T73/><D107/><U21/><E67/><RYUUKYOKU ba="1,0" sc="380,-10,210,-10,200,30,210,-10" hai2="36,38,49,52,56,75,76,95,96,101" />
</Scene>
<Scene>
<INIT seed="1,2,0,2,1,134" ten="370,200,230,200" oya="1" hai0="130,100,72,110,49,9,13,22,91,128,77,126,70" hai1="48,94,75,11,132,57,121,19,122,20,87,42,47" hai2="62,133,103,58,83,88,71,109,38,92,86,25,24" hai3="102,69,101,43,74,96,97,12,125,76,53,131,30"/><U65/><E132/><V108/><F71/><W129/><G69/><T116/><D70/><U18/><E75/><V64/><F38/><W14/><G43/><T4/><D100/><U68/><E68/><V60/><F60/><W52/><G30/><T63/><D116/><U54/><E65/><V50/><F50/><W3/><G76/><T40/><D63/><U34/><E34/><V95/><F133/><W120/><G74/><T55/><D40/><U8/><E121/><V106/><F106/><W23/><G23/><T84/><D72/><U112/><E112/><V79/><F103/><W90/><G90/><T16/><D77/><U117/><E117/><V0/><F0/><W115/><G3/><T45/><D110/><N who="2" m="42602" /><F95/><W127/><REACH who="3" step="1"/><G115/><REACH who="3" ten="370,200,230,190" step="2"/><T36/><D36/><U135/><E135/><V2/><F2/><W123/><AGARI ba="2,1" hai="12,14,52,53,96,97,101,102,120,123,125,127,129,131" machi="123" ten="25,16000,3" yaku="1,1,2,1,0,1,22,2,52,2,54,1,53,0" doraHai="134" doraHaiUra="105" who="3" fromWho="3" sc="370,-42,200,-82,230,-42,190,176" />
</Scene>
<Scene>
<INIT seed="2,0,0,0,4,68" ten="328,118,188,366" oya="2" hai0="57,32,73,49,86,95,36,29,65,125,113,44,94" hai1="79,61,117,99,11,43,131,24,100,135,126,97,129" hai2="92,115,75,107,40,101,14,89,55,39,20,23,109" hai3="17,66,62,53,25,114,54,34,9,13,63,60,123"/><V45/><F115/><W87/><G123/><T124/><D73/><U110/><E117/><V41/><F75/><W108/><G114/><T84/><D113/><U8/><E79/><V1/><F1/><W15/><G108/><T0/><D0/><U74/><E74/><V118/><F118/><W70/><G87/><N who="0" m="33323" /><D29/><U16/><E110/><V112/><F112/><W22/><G34/><T88/><D32/><U26/><E61/><V2/><F2/><W64/><G15/><T127/><D36/><U91/><E91/><V33/><F33/><W132/><G132/><T72/><D72/><U134/><E43/><V67/><F41/><W122/><G122/><T78/><D78/><U37/><E100/><V102/><F67/><N who="3" m="25643" /><G70/><T69/><D69/><U50/><E50/><V83/><F109/><W130/><G130/><T21/><D21/><U133/><E133/><V47/><F83/><W111/><G111/><T128/><D128/><U82/><E82/><V52/><F107/><W31/><AGARI ba="0,0" hai="9,13,17,22,25,31,53,54,60,62,63" m="25643" machi="31" ten="30,1100,0" yaku="8,1" doraHai="68" who="3" fromWho="3" sc="328,-3,118,-3,188,-5,366,11" />
</Scene>
<Scene>
<INIT seed="3,0,0,5,4,6" ten="325,115,183,377" oya="3" hai0="0,102,121,115,14,83,7,53,33,43,125,38,66" hai1="63,84,55,21,8,70,106,127,117,82,19,17,44" hai2="75,119,9,100,81,110,59,72,109,56,74,79,107" hai3="73,35,54,86,40,67,50,31,29,85,98,68,2"/><W26/><G73/><T47/><D121/><U16/><E127/><V52/><F119/><W91/><G2/><T49/><D33/><U93/><E106/><V92/><F107/><W101/><G40/><T87/><D125/><U41/><E117/><V61/><F59/><W77/><G31/><T58/><D115/><U48/><E93/><V36/><F36/><W111/><G111/><N who="2" m="42505" /><F9/><W32/><G32/><T1/><D102/><U23/><E70/><V118/><F118/><W129/><G129/><T10/><REACH who="0" step="1"/><D66/><REACH who="0" ten="315,115,183,377" step="2"/><U99/><E99/><AGARI ba="0,1" hai="52,56,61,72,74,75,79,81,92,99,100" m="42505" machi="99" ten="30,2000,0" yaku="14,1,54,1" doraHai="6" who="2" fromWho="1" sc="315,0,115,-20,183,30,377,0" />
</Scene>
<Scene>
<INIT seed="4,0,0,1,4,122" ten="315,95,213,377" oya="0" hai0="78,32,50,63,0,127,107,23,95,117,53,80,74" hai1="67,25,126,100,21,39,54,133,125,48,102,61,129" hai2="70,22,30,31,119,87,59,90,77,14,5,84,99" hai3="57,91,7,85,29,120,94,52,13,27,60,106,20"/><T113/><D32/><U42/><E100/><V116/><F70/><W130/><G120/><T51/><D0/><U92/><E92/><V44/><F44/><W62/><G106/><T46/><D107/><U73/><E73/><V2/><F2/><W3/><G130/><T112/><D117/><U41/><E102/><V134/><F134/><W28/><G3/><T71/><D127/><N who="1" m="48651" /><E21/><V17/><F5/><W83/><G83/><T86/><D23/><U88/><E88/><V135/><F135/><W115/><G115/><N who="0" m="44107" /><D51/><U121/><E25/><V110/><F77/><W65/><G7/><T81/><D95/><U40/><E133/><V105/><F31/><W4/><G4/><T6/><D6/><U37/><E121/><V19/><F30/><N who="3" m="17767" /><G13/><T131/><D131/><U76/><E76/><V108/><F19/><W56/><AGARI ba="0,0" hai="28,29,52,56,57,60,62,65,85,91,94" m="17767" machi="56" ten="30,2000,0" yaku="8,1,54,1" doraHai="122" who="3" fromWho="3" sc="315,-10,95,-5,213,-5,377,20" />
</Scene>
<Scene>
<INIT seed="5,0,0,2,0,130" ten="305,90,208,397" oya="1" hai0="96,133,126,36,4,51,17,75,48,125,129,45,70" hai1="82,40,116,28,109,26,63,104,27,35,32,87,72" hai2="49,84,38,21,15,33,59,102,18,106,14,66,71" hai3="99,110,91,103,24,131,77,46,93,12,0,122,57"/><U42/><E116/><V92/><F38/><W98/><G110/><T10/><D75/><U62/><E109/><V119/><F119/><W54/><G0/><T13/><D129/><U80/><E104/><V74/><F74/><W95/><G131/><T39/><D70/><U52/><E72/><V2/><F2/><W47/><G122/><T30/><D30/><U128/><E128/><V90/><F33/><W19/><G77/><T76/><D76/><U41/><E87/><V89/><F71/><W134/><G134/><T114/><D114/><U7/><E7/><V101/><F106/><W37/><G37/><T85/><D51/><U81/><E52/><N who="2" m="32143" /><F66/><W25/><G25/><N who="1" m="9226" /><E28/><V56/><F56/><W3/><G3/><N who="0" m="287" /><D133/><U64/><E64/><V50/><F50/><N who="3" m="30935" /><G24/><T117/><D117/><U97/><E97/><N who="2" m="57495" /><F14/><W8/><AGARI ba="0,0" hai="8,12,19,46,47,91,93,95,98,99,103" m="30935" machi="8" ten="30,1100,0" yaku="8,1" doraHai="130" who="3" fromWho="3" sc="305,-3,90,-5,208,-3,397,11" />
</Scene>
<Scene>
<INIT seed="6,0,0,1,1,50" ten="302,85,205,408" oya="2" hai0="103,115,19,13,39,44,126,83,9,91,26,52,73" hai1="46,129,42,111,87,7,20,97,18,5,21,90,122" hai2="124,23,24,45,35,51,100,128,43,0,3,93,49" hai3="132,79,76,60,78,81,117,47,62,11,96,25,41"/><V69/><F35/><W15/><G117/><T95/><D115/><U80/><E111/><V127/><F69/><W71/><G132/><T133/><D133/><U82/><E129/><V59/><F128/><W56/><G71/><T1/><D126/><N who="2" m="48170" /><F100/><W36/><G96/><T113/><D113/><U68/><E68/><V110/><F93/><W48/><G25/><T88/><D1/><U28/><E122/><V77/><F77/><W84/><G36/><T85/><D103/><U134/><E134/><V8/><F8/><W58/><G62/><T99/><D73/><U119/><E119/><V108/><F51/><W63/><G63/><T33/><D39/><U89/><E28/><N who="2" m="17439" /><F59/><N who="3" m="22571" /><G60/><T121/><D121/><U131/><E131/><V123/><F123/><W37/><G37/><T32/><D26/><U98/><E42/><V54/><F43/><W120/><G120/><T107/><D107/><U125/><E125/><V17/><F17/><AGARI ba="0,0" hai="11,15,17,41,47,48,76,78,79,81,84" m="22571" machi="17" ten="30,1000,0" yaku="8,1" doraHai="50" who="3" fromWho="2" sc="302,0,85,0,205,-10,408,10" />
</Scene>
<Scene>
<INIT seed="7,0,0,3,3,77" ten="302,85,195,418" oya="3" hai0="101,118,14,69,133,86,75,43,124,40,19,91,87" hai1="132,96,28,52,134,0,94,114,85,130,126,103,119" hai2="110,68,32,53,56,74,15,79,54,93,30,129,83" hai3="72,10,104,22,76,122,50,6,123,51,42,62,39"/><W1/><G104/><T47/><D118/><U98/><E0/><V4/><F68/><W71/><G22/><T112/><D75/><U90/><E119/><V65/><F30/><W121/><G62/><T16/><D69/><U63/><E28/><V116/><F32/><W17/><G17/><T46/><D124/><U8/><E8/><V67/><F54/><W60/><G60/><T105/><D133/><U88/><E63/><V81/><F93/><W135/><G71/><T120/><D120/><U89/><E52/><V9/><F116/><W117/><G135/><N who="1" m="51754" /><E126/><V34/><F34/><W7/><G7/><T48/><D112/><U59/><E59/><V95/><F53/><W25/><G25/><T38/><D86/><N who="1" m="52503" /><E114/><V41/><F56/><W108/><G117/><T61/><D61/><U49/><E49/><V113/><F113/><W125/><G125/><T107/><D101/><U11/><E11/><V128/><F9/><W3/><G3/><T82/><REACH who="0" step="1"/><D19/><REACH who="0" ten="292,85,195,418" step="2"/><U66/><E66/><V27/><F67/><W64/><G64/><T5/><D5/><U100/><E130/><V29/><F128/><W24/><G123/><T55/><D55/><U44/><E44/><V78/><F129/><W57/><G122/><T26/><D26/><U37/><E37/><V109/><F27/><W131/><G24/><T97/><D97/><N who="1" m="37483" /><E90/><V102/><F65/><W106/><G121/><T23/><AGARI ba="0,1" hai="14,16,23,38,40,43,46,47,48,82,87,91,105,107" machi="23" ten="20,8000,1" yaku="1,1,0,1,7,1,52,1,54,1,53,0" doraHai="77" doraHaiUra="127" who="0" fromWho="0" sc="292,90,85,-20,195,-20,418,-40" owari="382,47.0,65,-43.0,175,-22.0,378,18.0" />
</Scene>
</mjloggm>