<mjloggm ver="2.3"><GO type="97"/><UN n0="%E3%83%97%E3%83%83%E3%83%81%E7%A5%9E%E7%88%B6" n1="%E3%83%87%E3%83%B4" n2="%E5%A4%AA%E3%81%8F%E3%81%AA%E3%81%84%E3%81%8A" n3="%E4%B8%AD%E9%83%A8%E5%9C%B0%E6%96%B9" dan="14,13,13,13" rate="2010,1849,2014,1831" sx="M,M,M,F"/><TAIKYOKU oya="0"/>

<Scene>
<INIT seed="0,0,0,4,5,48" ten="250,250,250,250" oya="0" hai0="43,37,38,132,54,25,19,118,1,89,20,0,29" hai1="79,105,42,108,115,71,102,107,61,40,65,135,72" hai2="64,100,81,15,114,5,47,4,87,26,90,10,95" hai3="45,14,57,12,103,51,74,80,126,66,129,69,84"/><T24/><D118/><U83/><E115/><V55/><F114/><W92/><G74/><T111/><D132/><U99/><E135/><V76/><F64/><W32/><G69/><T11/><D111/><U7/><E108/><V113/><F113/><W70/><G70/><T59/><D43/><U36/><E42/><V44/><F100/><W50/><G126/><T31/><D0/><U68/><E68/><V23/><F4/><W119/><G129/><T88/><D1/><U116/><E116/><V3/><F3/><W93/><G32/><T6/><D37/><U22/><E22/><V104/><F104/><W96/><G92/><T75/><D38/><U117/><E117/><V91/><F55/><W127/><G127/><T35/><D75/><U128/><E128/><V18/><REACH who="2" step="1"/><F91/><REACH who="2" ten="250,250,240,250" step="2"/><W16/><G119/><T86/><D6/><U133/><E133/><V52/><F52/><W94/><G94/><T123/><D123/><U121/><E121/><V28/><F28/><W39/><G39/><T58/><D58/><U49/><E49/><V82/><F82/><W41/><G51/><T106/><D89/><U125/><E7/><V109/><F109/><W63/><REACH who="3" step="1"/><G16/><REACH who="3" ten="250,250,240,240" step="2"/><T112/><D19/><U33/><E125/><V130/><F130/><W2/><G2/><T34/><D112/><U62/><E62/><V53/><F53/><W60/><G60/><T131/><D54/><U110/><E110/><V21/><F21/><W8/><G8/><T124/><D106/><N who="1" m="63839" /><E33/><V134/><F134/><W97/><G97/><AGARI ba="0,2" hai="5,10,15,18,23,26,44,47,76,81,87,90,95,97" machi="97" ten="30,3900,0" yaku="1,1,7,1,8,1,53,0" doraHai="48" doraHaiUra="30" who="2" fromWho="3" sc="250,0,250,0,240,59,240,-39" />
</Scene>
<Scene>
<INIT seed="1,0,0,5,4,30" ten="250,250,299,201" oya="1" hai0="123,117,94,39,53,66,132,44,98,10,38,96,1" hai1="130,108,74,35,57,34,91,111,79,73,121,102,125" hai2="16,45,126,2,97,3,90,78,100,56,43,21,32" hai3="18,0,52,99,68,131,114,5,58,89,14,37,69"/><U134/><E121/><V105/><F126/><W6/><G114/><T64/><D123/><U48/><E125/><V86/><F78/><W7/><G37/><T82/><D117/><U59/><E102/><V93/><F56/><N who="1" m="21577" /><E73/><V135/><F135/><W62/><G131/><T70/><D132/><U41/><E134/><V80/><F105/><W23/><G0/><T46/><D82/><U65/><E130/><V83/><F83/><W28/><G28/><T115/><D115/><U71/><E91/><V87/><F87/><W22/><G22/><T127/><D127/><U84/><E74/><V109/><F109/><N who="1" m="42057" /><E65/><V133/><F133/><W47/><G47/><T55/><D94/><U107/><E107/><V112/><F112/><W12/><G89/><T81/><D81/><N who="1" m="47167" /><E71/><V26/><REACH who="2" step="1"/><F32/><REACH who="2" ten="250,250,289,201" step="2"/><W36/><G99/><T40/><D98/><U33/><E33/><V106/><F106/><W76/><G76/><T60/><D96/><U119/><E119/><V42/><F42/><W27/><REACH who="3" step="1"/><G36/><AGARI ba="0,1" hai="2,3,16,21,26,36,43,45,80,86,90,93,97,100" machi="36" ten="30,3900,0" yaku="1,1,7,1,54,1,53,0" doraHai="30" doraHaiUra="113" who="2" fromWho="3" sc="250,0,250,0,289,49,201,-39" />
</Scene>
<Scene>
<INIT seed="2,0,0,0,4,108" ten="250,250,338,162" oya="2" hai0="18,115,116,51,114,4,123,76,93,70,47,122,87" hai1="98,34,129,105,58,44,90,12,0,40,45,39,5" hai2="78,14,75,112,82,84,60,103,92,80,96,11,1" hai3="43,64,118,100,135,15,2,42,74,27,102,77,20"/><V54/><F1/><W26/><G118/><T48/><D4/><U56/><E34/><V134/><F134/><W83/><G135/><T22/><D70/><U65/><E0/><V29/><F29/><W37/><G2/><T130/><D76/><U6/><E45/><V101/><F112/><W81/><G64/><T97/><D87/><U13/><E105/><V59/><F103/><W63/><G63/><T9/><D9/><U109/><E98/><V55/><F55/><W104/><G104/><T57/><D116/><U16/><E90/><V28/><F28/><W38/><G15/><T132/><D132/><U36/><E36/><V131/><F131/><W124/><G20/><T67/><D130/><U95/><E95/><V21/><F21/><W128/><G128/><T69/><D69/><U53/><E129/><V31/><F31/><W88/><G88/><T125/><D125/><U19/><E65/><V50/><F60/><W7/><G7/><T127/><D127/><U111/><E53/><V79/><F14/><W110/><G77/><T49/><D47/><U126/><E44/><V33/><F11/><W35/><G74/><T24/><D122/><U30/><E30/><V94/><F33/><W52/><G35/><T17/><D123/><U113/><E126/><V107/><AGARI ba="0,0" hai="50,54,59,75,78,79,80,82,84,92,94,96,101,107" machi="107" ten="20,2100,0" yaku="0,1,7,1" doraHai="108" who="2" fromWho="2" sc="250,-7,250,-7,338,21,162,-7" />
</Scene>
<Scene>
<INIT seed="2,1,0,4,0,80" ten="243,243,359,155" oya="2" hai0="18,17,122,96,51,123,79,64,71,44,88,69,107" hai1="14,100,19,1,2,112,68,117,65,42,82,62,8" hai2="25,93,90,22,83,130,39,35,36,115,47,111,10" hai3="49,89,43,52,31,94,48,38,120,101,67,16,133"/><V41/><F115/><W54/><G120/><T113/><D113/><U124/><E112/><V134/><F35/><W74/><G74/><T119/><D79/><U66/><E117/><V5/><F130/><W4/><G133/><T109/><D119/><U59/><E124/><V84/><F134/><W114/><G114/><T106/><D64/><U53/><E100/><V40/><F111/><W105/><G101/><T128/><D128/><U108/><E65/><V92/><F41/><W60/><G105/><T70/><D109/><U95/><E108/><V27/><F39/><W57/><G43/><T61/><D61/><U55/><E95/><V127/><F127/><W73/><G73/><T45/><D88/><U102/><E102/><V98/><F22/><W99/><G4/><T103/><D106/><U131/><E131/><V24/><REACH who="2" step="1"/><F98/><REACH who="2" ten="243,243,349,155" step="2"/><W72/><G38/><T11/><D11/><U28/><E42/><V34/><F34/><W21/><G72/><T7/><D123/><U126/><E126/><V46/><F46/><W135/><G135/><T32/><D122/><U87/><E28/><V104/><F104/><W86/><G31/><T78/><D45/><U75/><E75/><V0/><AGARI ba="1,1" hai="0,5,10,24,25,27,36,40,47,83,84,90,92,93" machi="0" ten="30,11700,0" yaku="1,1,0,1,52,1,53,1" doraHai="80" doraHaiUra="33" who="2" fromWho="2" sc="243,-40,243,-40,349,130,155,-40" />
</Scene>
<Scene>
<INIT seed="2,2,0,0,4,123" ten="203,203,479,115" oya="2" hai0="20,57,131,117,19,16,49,130,15,33,1,48,110" hai1="107,71,76,96,81,111,61,91,37,7,24,36,2" hai2="133,18,102,97,103,50,67,113,74,120,46,115,135" hai3="85,72,10,114,64,82,106,69,31,45,90,41,43"/><V132/><F120/><W79/><G31/><T127/><D1/><U21/><E111/><V95/><F74/><W23/><G106/><T27/><D117/><U77/><E77/><V104/><F67/><W35/><G35/><T112/><D112/><N who="2" m="43082" /><F18/><W121/><G114/><T5/><D5/><U47/><E91/><N who="2" m="55551" /><F104/><W0/><G121/><T129/><D127/><U39/><E96/><V134/><F134/><W86/><G23/><T84/><D110/><U59/><E107/><V89/><F89/><W30/><G30/><T60/><D84/><U52/><E71/><V99/><F99/><W88/><G64/><N who="0" m="38927" /><D33/><U17/><E7/><V98/><F98/><W70/><G69/><T42/><D42/><AGARI ba="2,0" hai="42,46,50,102,103,132,133,135" m="55551,43082" machi="42" ten="40,2000,0" yaku="20,1" doraHai="123" who="2" fromWho="0" sc="203,-26,203,0,479,26,115,0" />
</Scene>
<Scene>
<INIT seed="2,3,0,5,0,135" ten="177,203,505,115" oya="2" hai0="68,111,8,126,96,116,99,39,32,72,115,97,17" hai1="88,29,86,50,107,85,125,92,130,11,5,103,95" hai2="127,21,4,69,112,30,98,104,87,26,94,66,44" hai3="84,82,3,63,48,102,28,91,106,90,25,80,45"/><V12/><F112/><W56/><G3/><T59/><D115/><U76/><E29/><V22/><F104/><W60/><G102/><T131/><D68/><U20/><E20/><V119/><F119/><W79/><G106/><T134/><D32/><U52/><E125/><V83/><F127/><W89/><G80/><T57/><D72/><U132/><E132/><V73/><F73/><W47/><G47/><T27/><D39/><U41/><E130/><V67/><F44/><W81/><G81/><T18/><D126/><U118/><E118/><V0/><F0/><W19/><G19/><N who="0" m="7179" /><D111/><U110/><E110/><V33/><F69/><W78/><G78/><T51/><D131/><U117/><E117/><V7/><F33/><W16/><G16/><T65/><D116/><U36/><E36/><V124/><F21/><W113/><G113/><T75/><D75/><U40/><E107/><V14/><F124/><W122/><G122/><T128/><D128/><U10/><E76/><N who="2" m="46567" /><F12/><W13/><G13/><T64/><D134/><U46/><E11/><N who="2" m="4455" /><F7/><W55/><REACH who="3" step="1"/><G56/><REACH who="3" ten="177,203,505,105" step="2"/><T101/><D101/><AGARI ba="3,1" hai="22,26,30,66,67,94,98,101" m="4455,46567" machi="101" ten="30,1500,0" yaku="8,1" doraHai="135" who="2" fromWho="0" sc="177,-24,203,0,505,34,105,0" />
</Scene>
<Scene>
<INIT seed="2,4,0,0,5,7" ten="153,203,539,105" oya="2" hai0="131,61,53,18,88,71,75,34,90,120,6,132,32" hai1="123,101,127,63,114,95,84,76,83,121,109,1,126" hai2="106,130,72,48,47,93,135,79,2,86,14,54,119" hai3="110,28,0,13,39,56,15,40,133,134,23,19,46"/><V67/><F119/><W5/><G110/><T103/><D75/><N who="1" m="43423" /><E1/><V66/><F2/><W68/><G68/><T87/><D120/><N who="1" m="46155" /><E63/><V9/><F106/><W125/><G56/><T122/><D103/><U129/><E114/><V104/><F104/><W102/><G102/><T11/><D131/><U60/><E60/><V12/><F130/><W77/><G77/><T31/><D132/><N who="3" m="50793" /><G125/><N who="1" m="47626" /><E129/><V65/><F135/><W115/><G115/><T3/><D122/><U4/><E4/><V112/><F112/><W8/><G28/><T118/><D118/><U69/><E69/><V43/><F72/><W41/><G40/><T24/><D32/><U58/><E58/><V80/><F93/><W45/><G46/><T74/><D53/><U98/><E84/><V17/><F12/><AGARI ba="4,0" hai="0,5,8,12,13,15,19,23,39,41,45" m="50793" machi="12" ten="30,2000,0" yaku="20,1,52,1" doraHai="7" who="3" fromWho="2" sc="153,0,203,0,539,-32,105,32" />
</Scene>
<Scene>
<INIT seed="3,0,0,4,4,97" ten="153,203,507,137" oya="3" hai0="134,118,43,128,135,3,101,122,75,29,131,123,70" hai1="19,86,52,13,64,107,23,17,77,87,81,9,48" hai2="1,114,8,34,41,89,68,14,132,98,49,106,104" hai3="112,94,110,33,25,65,46,38,82,20,22,58,55"/><W78/><G112/><T130/><D43/><U73/><E64/><V66/><F34/><W79/><G33/><T84/><D3/><U63/><E63/><V24/><F1/><W105/><G105/><T10/><D10/><U69/><E69/><V71/><F114/><W30/><G110/><T62/><D118/><U56/><E107/><V59/><F132/><N who="0" m="50730" /><D75/><U80/><E81/><V91/><F24/><AGARI ba="0,0" hai="9,13,17,19,23,24,48,52,56,73,77,80,86,87" machi="24" ten="30,2000,0" yaku="7,1,54,1" doraHai="97" who="1" fromWho="2" sc="153,0,203,20,507,-20,137,0" owari="153,-25.0,223,2.0,487,59.0,137,-36.0" />
</Scene>
</mjloggm>