<mjloggm ver="2.3"><GO type="169" lobby="0"/><UN n0="%E5%A4%AA%E3%81%8F%E3%81%AA%E3%81%84%E3%81%8A" n1="%E7%B7%9A%E5%BD%A2%E8%A8%88%E7%94%BB%E6%B3%95" n2="%E3%83%8E%E3%83%B3%E3%83%A9%E3%82%B9%E6%89%93%E6%B3%95" n3="%E3%83%88%E3%83%90%E3%82%BE" dan="17,16,17,17" rate="2152.50,2034.60,2115.24,2204.88" sx="M,M,M,M"/><TAIKYOKU oya="0"/>

<Scene>
<INIT seed="0,0,0,3,2,70" ten="250,250,250,250" oya="0" hai0="107,134,10,120,135,110,52,113,132,18,114,41,23" hai1="30,83,95,66,68,124,96,121,28,86,63,89,111" hai2="109,104,11,87,7,51,125,14,91,78,115,58,94" hai3="1,62,38,67,123,20,4,39,74,19,129,106,29"/><T32/><D120/><U48/><E121/><V46/><F115/><W130/><G123/><T93/><D107/><U117/><E111/><V88/><F109/><W31/><G106/><T108/><D32/><U76/><E124/><V127/><F104/><W5/><G74/><T71/><D71/><U8/><E117/><V12/><F58/><N who="3" m="37335" /><G29/><T36/><D10/><U15/><REACH who="1" step="1"/><E48/><REACH who="1" ten="250,240,250,250" step="2"/><V57/><F125/><W16/><G129/><T35/><D110/><U105/><E105/><V99/><F127/><W17/><G130/><T119/><D108/><U2/><E2/><V44/><F78/><W128/><G1/><T34/><D119/><U9/><E9/><V37/><F37/><W77/><G128/><T73/><D114/><U98/><E98/><V0/><F57/><W103/><G77/><T79/><D113/><U6/><AGARI ba="0,1" hai="6,8,15,28,30,63,66,68,76,83,86,89,95,96" machi="6" ten="20,5200,0" yaku="1,1,0,1,7,1,53,1" doraHai="70" doraHaiUra="75" who="1" fromWho="1" sc="250,-26,240,62,250,-13,250,-13" />
</Scene>
<Scene>
<INIT seed="1,0,0,4,2,94" ten="224,302,237,237" oya="1" hai0="58,102,114,15,69,110,46,135,88,6,133,130,39" hai1="75,37,22,28,24,83,8,128,124,117,30,85,70" hai2="1,27,44,109,84,81,51,26,119,125,57,40,48" hai3="12,97,80,71,14,18,59,67,120,38,123,25,56"/><U99/><E117/><V63/><F119/><W132/><G38/><T105/><D114/><U7/><E75/><V16/><F1/><W115/><G115/><T23/><D69/><U126/><E37/><V78/><F109/><W127/><G71/><T52/><D110/><U35/><E70/><V20/><F125/><N who="1" m="48233" /><E128/><V3/><F3/><W108/><G108/><T60/><D130/><U82/><E30/><V32/><F32/><W98/><G127/><T118/><D118/><U53/><E53/><V31/><F51/><W92/><G132/><N who="0" m="50763" /><D102/><U74/><E74/><V33/><F33/><W45/><G45/><T65/><D105/><U89/><E35/><V72/><F72/><W93/><G67/><T104/><D104/><U55/><E55/><N who="2" m="34239" /><F31/><W11/><G25/><AGARI ba="0,0" hai="16,20,25,26,27,40,44,48,78,81,84" m="34239" machi="25" ten="30,2000,0" yaku="8,1,54,1" doraHai="94" who="2" fromWho="3" sc="224,0,302,0,237,20,237,-20" />
</Scene>
<Scene>
<INIT seed="2,0,0,4,4,60" ten="224,302,257,217" oya="2" hai0="13,32,39,123,1,18,82,55,113,110,117,26,20" hai1="66,104,52,4,25,103,53,67,97,50,95,79,33" hai2="31,80,3,114,7,105,8,48,120,93,107,74,96" hai3="135,72,108,109,81,90,88,0,77,75,85,16,73"/><V49/><F114/><W2/><G135/><T69/><D113/><U42/><E4/><V118/><F118/><W61/><G61/><T64/><D123/><U92/><E104/><V9/><F120/><W86/><G16/><T12/><D1/><U122/><E122/><V65/><F31/><W15/><G15/><T133/><D39/><U84/><E33/><V89/><F9/><W129/><G2/><T19/><D133/><U127/><E127/><V41/><F65/><N who="1" m="24585" /><E25/><V57/><F57/><W134/><G0/><T128/><D117/><U112/><E112/><V68/><F68/><W40/><G40/><T106/><D106/><U63/><E63/><V119/><F119/><W11/><G11/><T99/><D64/><U124/><E124/><V21/><F21/><W101/><G134/><T45/><D69/><U76/><E42/><V131/><F41/><W78/><G101/><T28/><D32/><U54/><E50/><V46/><F48/><W70/><G70/><T126/><D126/><U116/><E116/><V5/><F49/><W6/><G6/><T94/><D26/><U71/><E71/><V132/><F7/><W100/><G100/><T83/><D13/><U111/><E111/><N who="3" m="42570" /><G129/><T24/><D128/><U17/><E17/><V56/><F131/><W23/><G23/><N who="0" m="11719" /><D110/><U27/><E27/><V98/><F3/><W14/><G14/><T38/><D19/><U30/><E30/><V58/><F5/><W10/><G10/><T59/><D28/><U36/><E36/><V87/><F8/><W22/><G22/><T43/><D20/><U125/><E125/><RYUUKYOKU ba="0,0" sc="224,-15,302,15,257,-15,217,15" hai1="52,53,54,76,79,84,92,95,97,103" hai3="72,73,75,77,78,81,85,86,88,90" />
</Scene>
<Scene>
<INIT seed="3,1,0,2,5,56" ten="209,317,242,232" oya="3" hai0="60,117,105,135,122,123,16,134,53,133,65,8,130" hai1="45,29,118,131,26,19,52,0,9,62,85,110,116" hai2="94,121,119,15,126,50,55,67,106,102,68,41,114" hai3="124,78,75,90,83,98,127,46,103,109,87,125,84"/><W23/><G46/><T5/><D117/><N who="1" m="45163" /><E110/><V43/><F114/><W24/><G109/><T77/><D105/><U112/><E112/><V111/><F119/><W59/><G59/><N who="0" m="37023" /><D130/><U7/><E19/><V1/><F111/><W11/><G11/><T129/><D129/><U13/><E85/><V107/><F1/><W18/><REACH who="3" step="1"/><G90/><REACH who="3" ten="209,317,242,222" step="2"/><T32/><D8/><U37/><E45/><V97/><F68/><W44/><G44/><T28/><D134/><U34/><E131/><V63/><F121/><W92/><AGARI ba="1,1" hai="18,23,24,75,78,83,84,87,92,98,103,124,125,127" machi="92" ten="30,6000,0" yaku="1,1,0,1,18,1,53,0" doraHai="56" doraHaiUra="49" who="3" fromWho="3" sc="209,-21,317,-21,242,-21,222,73" />
</Scene>
<Scene>
<INIT seed="3,2,0,1,5,60" ten="188,296,221,295" oya="3" hai0="115,98,5,70,65,66,85,74,1,35,36,43,106" hai1="48,49,89,59,12,102,10,6,20,127,27,67,64" hai2="62,61,120,118,105,34,111,47,50,87,41,81,129" hai3="73,92,56,130,45,52,18,29,91,86,116,84,124"/><W82/><G116/><T96/><D74/><U104/><E127/><V83/><F118/><W114/><G114/><T40/><D35/><U33/><E33/><V55/><F105/><W28/><G73/><T38/><D115/><U131/><E131/><V125/><F34/><W100/><G130/><T109/><D109/><U58/><E102/><V108/><F129/><W107/><G124/><T0/><D85/><U80/><E104/><V22/><F125/><W13/><G45/><T68/><D106/><U44/><E80/><V54/><F120/><W3/><G3/><T37/><D37/><U31/><E89/><V123/><F123/><W8/><G107/><T101/><D101/><U24/><E24/><V71/><F22/><W135/><G135/><T75/><D75/><U63/><E44/><V112/><F112/><W26/><G26/><T32/><D32/><U15/><E12/><V25/><F25/><W90/><REACH who="3" step="1"/><G100/><REACH who="3" ten="188,296,221,285" step="2"/><T119/><D119/><U57/><E63/><AGARI ba="2,1" hai="8,13,18,28,29,52,56,63,82,84,86,90,91,92" machi="63" ten="30,12000,1" yaku="1,1,2,1,7,1,8,1,54,1,53,0" doraHai="60" doraHaiUra="42" who="3" fromWho="1" sc="188,0,296,-126,221,0,285,136" />
</Scene>
<Scene>
<INIT seed="3,3,0,3,3,90" ten="188,170,221,421" oya="3" hai0="127,21,118,32,129,25,131,89,73,20,16,50,52" hai1="9,42,61,12,120,31,58,124,74,56,94,47,97" hai2="105,15,123,62,48,92,78,10,57,35,112,95,40" hai3="27,0,63,83,104,125,132,82,18,76,41,108,98"/><W110/><G0/><T86/><D118/><U66/><E120/><V8/><F112/><W80/><G132/><T49/><D73/><U46/><E74/><V100/><F105/><W26/><G125/><T134/><D127/><U24/><E124/><V3/><F35/><W126/><G126/><T11/><D134/><U113/><E113/><V114/><F114/><W84/><G41/><T65/><D65/><U117/><E58/><V1/><F123/><W69/><G82/><T96/><D96/><U60/><E60/><V59/><F78/><W6/><G6/><T36/><D36/><U39/><E47/><N who="2" m="25703" /><F1/><W93/><G104/><T30/><D11/><N who="2" m="4138" /><F3/><W4/><G4/><T122/><D122/><U44/><E44/><V22/><F100/><N who="3" m="60495" /><G83/><T68/><D68/><U101/><E117/><V17/><F59/><W45/><G45/><T75/><D75/><U55/><E9/><V23/><F23/><W77/><G77/><T121/><D121/><U43/><E43/><V91/><F91/><W51/><G69/><T115/><D115/><U67/><REACH who="1" step="1"/><E12/><REACH who="1" ten="188,160,221,421" step="2"/><V88/><F62/><W54/><G63/><T102/><D49/><U72/><E72/><V79/><F57/><W87/><G51/><T5/><D50/><U19/><E19/><V70/><F70/><W28/><G18/><T71/><D71/><U2/><E2/><V116/><F116/><W37/><G37/><T99/><D16/><U107/><E107/><V13/><F17/><W130/><G28/><T135/><D30/><U119/><E119/><V81/><F15/><W106/><G106/><T38/><D38/><RYUUKYOKU ba="3,1" sc="188,-10,160,30,221,-10,421,-10" hai1="24,31,39,42,46,55,56,61,66,67,94,97,101" />
</Scene>
<Scene>
<INIT seed="4,4,1,5,0,88" ten="178,190,211,411" oya="0" hai0="119,89,67,112,22,97,121,46,108,0,115,3,90" hai1="99,9,64,98,106,34,76,53,6,31,105,114,81" hai2="93,83,135,41,96,19,42,26,14,7,56,48,33" hai3="125,11,104,4,102,47,30,100,52,1,58,86,15"/><T134/><D121/><U73/><E64/><V84/><F135/><W43/><G125/><T72/><D119/><U38/><E38/><V49/><F7/><W78/><G1/><N who="0" m="587" /><D72/><U36/><E36/><V54/><F26/><W62/><G104/><T122/><D122/><U5/><E114/><N who="0" m="43561" /><D134/><U40/><E40/><V68/><F68/><W124/><G124/><T77/><D108/><U70/><E70/><V127/><F33/><W21/><G30/><T117/><D117/><U82/><E31/><V92/><F48/><N who="3" m="26751" /><G21/><T65/><D77/><U45/><E34/><V95/><F96/><W37/><G37/><T61/><D46/><U120/><E120/><V103/><F103/><W91/><G78/><T131/><D131/><U128/><E128/><V25/><F25/><W111/><G111/><T110/><D110/><U20/><E45/><V35/><F35/><W74/><G74/><T51/><D51/><U55/><E76/><N who="2" m="46183" /><F127/><W79/><G79/><T109/><D109/><U23/><REACH who="1" step="1"/><E73/><REACH who="1" ten="178,180,211,411" step="2"/><V118/><F118/><W94/><AGARI ba="4,2" hai="4,11,15,52,58,62,86,91,94,100,102" m="26751" machi="94" ten="30,4000,0" yaku="8,1,52,1,54,1" doraHai="88" who="3" fromWho="3" sc="178,-24,180,-14,211,-14,411,72" />
</Scene>
<Scene>
<INIT seed="5,0,0,0,5,16" ten="154,166,197,483" oya="1" hai0="24,132,59,48,44,127,7,3,109,55,46,10,102" hai1="135,76,39,50,111,94,133,84,67,49,14,103,93" hai2="72,117,124,73,5,22,57,108,114,113,4,23,28" hai3="107,6,83,15,0,112,51,37,115,43,97,70,41"/><U68/><E39/><V128/><F108/><W105/><G0/><T90/><D109/><U11/><E111/><V8/><F117/><W71/><G37/><T52/><D127/><U78/><E68/><V26/><F124/><W123/><G123/><T118/><D118/><U12/><E67/><V116/><F116/><W121/><G121/><T61/><D132/><U65/><E65/><V85/><F128/><W32/><G32/><T88/><D102/><U34/><E34/><V17/><F85/><W64/><G83/><T25/><REACH who="0" step="1"/><D46/><REACH who="0" ten="144,166,197,483" step="2"/><U95/><E103/><V125/><F125/><W1/><G115/><N who="2" m="44041" /><F57/><W21/><G71/><T106/><D106/><U99/><E135/><V100/><F100/><W47/><G107/><T18/><D18/><U80/><E133/><V30/><F30/><W110/><G105/><T33/><D33/><U31/><E31/><V120/><F120/><W9/><G110/><T104/><D104/><U62/><E99/><V60/><F60/><W35/><G112/><T129/><D129/><U38/><E62/><V122/><F122/><W74/><G97/><T77/><D77/><U66/><E76/><V2/><F5/><W134/><G134/><T45/><D45/><U79/><E79/><V119/><F119/><W75/><G35/><T20/><D20/><U81/><E78/><V40/><F40/><W89/><G43/><T56/><D56/><U87/><E87/><V42/><F42/><W98/><G41/><T130/><D130/><U82/><E84/><V54/><F54/><W29/><G70/><T96/><D96/><U86/><E86/><RYUUKYOKU ba="0,1" sc="144,15,166,-15,197,15,483,-15" hai0="3,7,10,24,25,44,48,52,55,59,61,88,90" hai2="2,4,8,17,22,23,26,28,72,73" />
</Scene>
<Scene>
<INIT seed="6,1,1,4,0,116" ten="159,151,212,468" oya="2" hai0="65,37,29,48,72,58,8,132,57,123,117,90,12" hai1="55,89,94,80,50,39,111,73,67,56,68,4,20" hai2="78,66,125,98,25,22,126,115,84,133,60,27,24" hai3="70,52,75,87,113,7,118,11,104,36,46,83,10"/><V85/><F115/><W81/><G118/><T0/><D37/><U51/><E111/><V108/><F133/><W21/><G104/><T119/><D0/><U19/><E39/><V102/><F108/><W96/><G70/><T99/><D72/><U121/><E121/><V43/><F43/><W97/><G113/><T5/><D132/><U45/><E4/><V120/><F22/><W93/><G75/><T28/><D119/><U14/><E68/><V30/><F30/><N who="0" m="11882" /><D123/><U124/><E124/><N who="2" m="47723" /><F78/><W17/><G36/><T40/><D117/><U47/><E73/><V53/><F53/><W31/><G31/><T82/><D65/><U130/><E80/><V109/><F109/><W23/><G83/><T127/><D127/><U114/><E130/><V59/><F120/><W6/><G23/><T41/><D82/><U101/><E114/><V63/><F63/><W103/><G97/><T110/><D110/><U122/><E122/><V74/><F74/><W33/><G33/><T13/><D40/><N who="1" m="24871" /><E67/><V42/><F42/><W35/><G35/><T32/><D32/><U18/><E18/><V62/><F60/><W91/><G11/><T9/><D41/><U15/><E15/><V112/><F112/><W135/><G135/><T106/><D48/><U64/><E64/><V49/><F49/><N who="3" m="28727" /><G10/><T86/><D9/><U26/><E47/><V88/><F66/><W38/><G38/><T69/><D69/><U105/><E105/><V3/><F3/><W2/><G2/><T129/><D13/><AGARI ba="1,1" hai="6,7,13,17,21,81,87,91,93,96,103" m="28727" machi="13" ten="30,2000,0" yaku="8,1,54,1" doraHai="116" who="3" fromWho="0" sc="159,-23,151,0,212,0,468,33" />
</Scene>
<Scene>
<INIT seed="7,0,0,0,4,114" ten="136,151,212,501" oya="3" hai0="64,118,24,133,53,12,94,77,59,76,117,46,75" hai1="103,78,0,17,97,119,39,10,13,122,109,87,27" hai2="86,131,82,80,15,71,79,93,23,101,105,110,52" hai3="61,62,74,57,96,36,55,11,129,41,73,127,95"/><W120/><G120/><T58/><D133/><U88/><E109/><V47/><F71/><W18/><G129/><T49/><D24/><U6/><E122/><V132/><F47/><W37/><G127/><T35/><D35/><U115/><E115/><V72/><F23/><W130/><G130/><T98/><D12/><N who="1" m="5207" /><E39/><V43/><F15/><W69/><G37/><T33/><D33/><U44/><E0/><V3/><F86/><W90/><G36/><T54/><D64/><U104/><E78/><V19/><F82/><W32/><G41/><T135/><D135/><U116/><E27/><V20/><F79/><W5/><G18/><T126/><D126/><U102/><E44/><V31/><F105/><W134/><G32/><T84/><D75/><U112/><E112/><V16/><F72/><W67/><G134/><T66/><D66/><U30/><E30/><V70/><F3/><AGARI ba="0,0" hai="3,5,11,55,57,61,62,67,69,73,74,90,95,96" machi="3" ten="30,1500,0" yaku="7,1" doraHai="114" who="3" fromWho="2" sc="136,0,151,0,212,-15,501,15" owari="136,-36.0,151,-25.0,197,0.0,516,61.0" />
</Scene>
</mjloggm>