<mjloggm ver="2.3"><GO type="169"/><UN n0="%E5%A4%AA%E3%81%8F%E3%81%AA%E3%81%84%E3%81%8A" n1="%4B%E3%80%82" n2="%E7%A0%B4%E5%A3%8A%E9%AD%94%E7%A5%9E" n3="%E3%81%B9%E3%81%A3%E3%81%93%E3%83%BC%E2%99%AA" dan="17,16,16,16" rate="2166,2166,2088,2065" sx="M,M,F,F"/><TAIKYOKU oya="0"/>

<Scene>
<INIT seed="0,0,0,4,5,86" ten="250,250,250,250" oya="0" hai0="51,92,111,77,78,49,22,4,50,48,63,95,109" hai1="87,41,96,118,104,91,8,14,37,105,93,31,82" hai2="113,34,107,0,32,84,3,40,97,62,112,74,101" hai3="17,47,108,75,134,66,23,24,125,102,85,132,38"/><T42/><D4/><U18/><E118/><V57/><F74/><W94/><G75/><T65/><D22/><U116/><E116/><V56/><F40/><W120/><G120/><T39/><D39/><U60/><E31/><V59/><F62/><W83/><G125/><T12/><D12/><U79/><REACH who="1" step="1"/><E60/><REACH who="1" ten="250,240,250,250" step="2"/><V45/><F113/><W53/><G132/><T19/><D109/><U6/><E6/><V5/><F112/><W9/><G134/><T110/><D111/><U27/><E27/><V80/><F5/><W44/><G108/><T2/><D110/><U15/><E15/><V130/><F130/><W20/><G24/><T122/><D122/><U99/><E99/><V103/><F0/><W58/><G17/><T11/><D2/><U106/><E106/><V29/><F3/><W100/><G9/><T35/><D11/><U76/><E76/><V64/><F29/><W119/><G119/><T16/><D19/><U81/><E81/><V71/><F80/><W128/><G83/><T88/><D16/><U67/><E67/><V135/><F64/><W123/><G66/><T69/><D35/><U1/><E1/><V121/><F97/><W21/><G128/><T115/><D115/><U33/><E33/><V73/><F107/><W98/><G123/><T89/><D77/><U46/><AGARI ba="0,1" hai="8,14,18,37,41,46,79,82,87,91,93,96,104,105" machi="46" ten="30,4000,0" yaku="1,1,0,1,52,1,53,0" doraHai="86" doraHaiUra="30" who="1" fromWho="1" sc="250,-20,240,50,250,-10,250,-10" />
</Scene>
<Scene>
<INIT seed="1,0,0,0,2,102" ten="230,290,240,240" oya="1" hai0="125,62,10,69,35,113,1,103,66,101,65,67,94" hai1="36,72,84,96,120,48,91,3,117,111,80,12,104" hai2="114,124,34,63,53,26,70,122,23,51,9,18,119" hai3="14,42,100,83,107,82,28,109,85,93,44,29,58"/><U17/><E120/><V71/><F122/><W130/><G109/><T57/><D113/><U50/><E117/><V127/><F119/><W131/><G58/><T97/><D35/><U134/><E3/><V78/><F114/><W87/><G14/><T121/><D121/><U13/><E36/><V15/><F34/><W43/><G93/><T92/><D125/><N who="2" m="48202" /><F63/><W19/><G19/><T112/><D112/><U60/><E111/><V45/><F78/><W59/><G59/><T81/><D81/><U88/><E134/><V21/><F21/><W132/><G132/><T99/><REACH who="0" step="1"/><D69/><REACH who="0" ten="220,290,240,240" step="2"/><U8/><E72/><V95/><F95/><W89/><G82/><T75/><D75/><U126/><E126/><V5/><AGARI ba="0,1" hai="5,9,15,18,23,26,45,51,53,70,71" m="48202" machi="5" ten="30,1100,0" yaku="18,1" doraHai="102" who="2" fromWho="2" sc="220,-3,290,-5,240,21,240,-3" />
</Scene>
<Scene>
<INIT seed="2,0,0,3,4,107" ten="217,285,261,237" oya="2" hai0="99,110,35,28,34,21,9,129,122,114,17,41,79" hai1="39,4,84,135,113,1,125,89,134,25,57,87,96" hai2="124,88,51,126,40,133,10,5,63,106,37,101,94" hai3="50,38,100,80,54,73,68,27,82,23,32,78,86"/><V49/><F133/><N who="1" m="50697" /><E113/><V118/><F118/><W60/><G38/><T36/><D114/><U22/><E39/><V30/><F30/><W85/><G100/><T52/><D122/><U69/><E69/><V70/><F37/><W102/><G102/><T83/><D110/><U11/><E125/><N who="2" m="48235" /><F106/><W8/><G8/><T48/><D129/><U98/><E57/><V42/><F101/><W31/><G68/><T33/><D99/><N who="1" m="37931" /><E89/><V61/><F61/><W121/><G60/><T24/><D36/><U16/><AGARI ba="0,0" hai="1,4,11,16,22,25,84,87" m="37931,50697" machi="16" ten="30,2000,0" yaku="20,1,54,1" doraHai="107" who="1" fromWho="1" sc="217,-5,285,20,261,-10,237,-5" />
</Scene>
<Scene>
<INIT seed="3,0,0,2,4,69" ten="212,305,251,232" oya="3" hai0="45,30,129,3,49,75,54,85,65,120,0,83,122" hai1="84,91,57,64,52,36,73,4,2,55,106,124,67" hai2="21,133,42,95,23,116,78,60,113,25,43,8,94" hai3="72,68,126,56,104,24,9,61,41,19,29,5,10"/><W108/><G104/><T115/><D129/><U34/><E106/><V63/><F116/><W47/><G68/><T97/><D115/><U99/><E34/><V51/><F113/><W14/><G126/><T131/><D131/><U40/><E73/><V80/><F133/><W86/><G72/><T35/><D75/><U121/><E121/><V112/><F112/><W93/><G108/><T18/><D65/><U22/><E99/><V128/><F128/><W1/><G29/><T132/><D132/><U62/><E124/><V79/><F8/><W87/><G24/><T13/><D97/><U59/><E2/><V26/><REACH who="2" step="1"/><F51/><REACH who="2" ten="212,305,241,232" step="2"/><W66/><REACH who="3" step="1"/><G93/><REACH who="3" ten="212,305,241,222" step="2"/><T102/><D120/><U44/><E4/><V53/><F53/><W114/><G114/><T28/><D54/><U70/><E70/><V123/><F123/><W20/><G20/><T111/><D122/><U130/><E22/><V135/><F135/><W58/><G58/><T76/><D111/><U6/><E6/><V32/><F32/><W27/><G27/><T96/><D35/><U134/><E130/><V88/><F88/><W77/><G77/><T31/><D76/><U107/><E134/><V74/><F74/><W46/><G46/><T118/><D45/><U81/><E107/><V37/><F37/><AGARI ba="0,2" hai="1,5,9,10,14,19,37,41,47,56,61,66,86,87" machi="37" ten="30,11600,0" yaku="1,1,7,1,52,1,53,1" doraHai="69" doraHaiUra="39" who="3" fromWho="2" sc="212,0,305,0,241,-116,222,136" />
</Scene>
<Scene>
<INIT seed="3,1,0,0,0,133" ten="212,305,125,358" oya="3" hai0="122,124,60,30,16,28,109,59,65,125,48,129,40" hai1="105,54,66,23,88,35,135,7,126,130,93,55,42" hai2="46,116,101,47,37,115,100,74,97,33,50,49,113" hai3="68,128,2,118,84,123,114,10,91,98,86,58,119"/><W61/><G114/><T104/><D122/><U57/><E105/><V45/><F116/><W92/><G123/><T76/><D104/><U13/><E35/><V32/><F74/><W31/><G68/><T107/><D107/><U82/><E135/><V25/><F37/><W62/><G128/><T22/><D129/><U26/><E130/><V8/><F8/><W112/><G112/><N who="2" m="43081" /><F25/><W85/><G31/><T131/><D76/><U14/><E42/><V89/><F89/><W34/><G34/><N who="2" m="13417" /><F97/><W38/><G38/><T95/><D95/><U80/><E7/><V9/><F9/><W43/><G43/><T5/><D5/><U90/><E90/><V75/><F75/><W11/><G11/><T19/><D131/><U87/><E26/><V94/><F94/><W12/><G2/><T69/><D19/><N who="1" m="10735" /><E14/><V83/><F83/><W15/><G15/><N who="0" m="9503" /><D69/><U4/><E4/><V44/><N who="2" m="11264" /><DORA hai="52" /><V71/><F71/><W106/><G118/><T121/><D40/><U36/><E36/><V108/><F108/><W56/><G119/><T27/><D109/><U3/><E3/><V96/><F96/><W1/><G1/><T132/><D121/><U72/><E72/><V6/><F6/><N who="3" m="3159" /><G106/><T67/><D132/><U134/><E134/><V110/><F110/><W111/><G111/><T29/><D27/><U64/><E82/><V81/><F81/><W24/><G24/><T51/><D67/><N who="1" m="25643" /><E80/><V39/><F39/><W127/><G98/><T0/><D0/><U79/><E55/><V63/><F63/><N who="3" m="24075" /><G92/><T117/><D117/><U78/><E93/><V77/><F77/><RYUUKYOKU ba="1,0" sc="212,15,305,-15,125,15,358,-15" hai0="28,29,30,48,51,59,60,65,124,125" hai2="49,50,100,101" />
</Scene>
<Scene>
<INIT seed="4,2,0,3,3,89" ten="227,290,140,343" oya="0" hai0="76,84,49,39,60,116,43,90,20,73,106,129,31" hai1="112,62,80,126,81,67,88,51,13,54,92,4,12" hai2="79,125,57,61,102,28,128,56,68,107,118,75,32" hai3="45,105,9,121,134,71,77,10,0,120,44,5,34"/><T94/><D116/><U27/><E126/><V119/><F125/><W99/><G71/><T19/><D106/><U87/><E112/><V91/><F128/><W133/><G34/><T53/><D129/><U69/><E27/><V50/><F68/><W82/><G10/><T17/><D60/><U6/><E12/><V65/><F91/><W52/><G99/><T63/><D63/><U117/><E117/><V33/><F102/><W98/><G98/><T14/><D39/><U8/><REACH who="1" step="1"/><E6/><REACH who="1" ten="227,280,140,343" step="2"/><V100/><F118/><W96/><G5/><T101/><D14/><U59/><AGARI ba="2,1" hai="4,8,13,51,54,59,62,67,69,80,81,87,88,92" machi="59" ten="20,12000,2" yaku="1,1,2,1,0,1,7,1,52,1,54,1,53,1" doraHai="89" doraHaiUra="1" who="1" fromWho="1" sc="227,-62,280,136,140,-32,343,-32" />
</Scene>
<Scene>
<INIT seed="5,0,0,4,1,120" ten="165,416,108,311" oya="1" hai0="61,115,2,124,64,30,26,28,106,78,122,24,114" hai1="7,49,86,59,103,132,90,97,68,127,131,22,117" hai2="23,102,87,39,113,14,58,66,21,73,8,84,76" hai3="70,119,100,27,91,47,99,107,44,63,105,75,41"/><U6/><E117/><V130/><F39/><W104/><G119/><T129/><D106/><U89/><E68/><V123/><F123/><W96/><G75/><T81/><D2/><U25/><E132/><V85/><F130/><W12/><G12/><T109/><D129/><U17/><E127/><V56/><F102/><W116/><G116/><T98/><D124/><U15/><E131/><V37/><F37/><W55/><G27/><N who="0" m="10283" /><D98/><U46/><E59/><V80/><F113/><N who="0" m="43018" /><D122/><U108/><E108/><V36/><F36/><W128/><G128/><T31/><D109/><U62/><E62/><V60/><REACH who="2" step="1"/><F58/><REACH who="2" ten="165,416,98,311" step="2"/><W33/><G100/><T4/><D4/><AGARI ba="0,1" hai="4,8,14,21,23,56,60,66,73,76,80,84,85,87" machi="4" ten="40,2600,0" yaku="1,1,2,1,53,0" doraHai="120" doraHaiUra="43" who="2" fromWho="0" sc="165,-26,416,0,98,36,311,0" />
</Scene>
<Scene>
<INIT seed="6,0,0,0,0,127" ten="139,416,134,311" oya="2" hai0="63,57,3,30,15,77,4,12,14,38,9,25,59" hai1="6,49,98,130,20,126,8,53,94,97,47,19,78" hai2="81,100,71,108,36,135,11,46,93,114,85,133,51" hai3="58,112,121,91,115,43,37,90,74,61,72,83,122"/><V44/><F114/><N who="3" m="43563" /><G43/><T118/><D118/><U84/><E126/><V128/><F71/><W80/><G37/><T110/><D110/><U33/><E33/><V73/><F108/><W35/><G35/><T42/><D77/><U75/><E75/><N who="3" m="28714" /><G58/><T50/><D38/><U17/><E17/><V95/><F73/><W116/><G61/><T2/><D2/><U123/><E123/><N who="3" m="47114" /><G116/><T52/><D42/><U34/><E34/><V13/><F36/><W113/><G113/><T131/><D131/><U86/><E130/><V119/><F128/><W29/><G29/><T45/><REACH who="0" step="1"/><D63/><REACH who="0" ten="129,416,134,311" step="2"/><U89/><E78/><N who="2" m="46263" /><F119/><W32/><G32/><AGARI ba="0,1" hai="3,4,9,12,14,15,25,30,32,45,50,52,57,59" machi="32" ten="40,2600,0" yaku="1,1,54,1,53,0" doraHai="127" doraHaiUra="132" who="0" fromWho="3" sc="129,36,416,0,134,0,311,-26" />
</Scene>
<Scene>
<INIT seed="7,0,0,2,1,106" ten="165,416,134,285" oya="3" hai0="57,111,128,133,10,90,24,75,53,76,23,25,125" hai1="22,41,17,66,74,83,77,131,43,134,9,56,67" hai2="103,99,102,44,110,33,11,95,72,27,14,89,48" hai3="112,29,86,19,100,101,70,40,96,135,28,18,109"/><W4/><G70/><T20/><D111/><U121/><E121/><V93/><F110/><W88/><G109/><T60/><D125/><U132/><E131/><V37/><F37/><W114/><G40/><N who="1" m="15434" /><E9/><V47/><F72/><W119/><G4/><T16/><D128/><U69/><E56/><V80/><F80/><W31/><G119/><T7/><D133/><N who="1" m="51307" /><E69/><V97/><F33/><W87/><G135/><T64/><D90/><U32/><E32/><V104/><F27/><AGARI ba="0,0" hai="17,22,27,66,67,74,77,83" m="51307,15434" machi="27" ten="30,2000,0" yaku="20,1,52,1" doraHai="106" who="1" fromWho="2" sc="165,0,416,20,134,-20,285,0" owari="165,-23.0,436,53.0,114,-39.0,285,9.0" />
</Scene>
</mjloggm>