<mjloggm ver="2.3"><GO type="169"/><UN n0="%E3%81%B2%E3%81%BD%E3%81%8D%E3%82%88%E3%81%97" n1="%E5%A4%AA%E3%81%8F%E3%81%AA%E3%81%84%E3%81%8A" n2="%E3%81%99%E3%81%9F%E3%83%BC%E3%82%89%E3%81%84%E3%81%A8%E3%81%B3%E3%83%BC" n3="%E3%83%97%E3%83%AD%E3%82%B8%E3%83%A3%E3%83%B3%E6%B0%8F" dan="17,18,16,17" rate="2148,2201,2092,2139" sx="M,M,F,M"/><TAIKYOKU oya="0"/>

<Scene>
<INIT seed="0,0,0,2,3,72" ten="250,250,250,250" oya="0" hai0="100,132,29,110,82,13,84,62,116,89,57,121,32" hai1="2,55,135,11,134,108,19,58,28,127,112,106,21" hai2="34,0,79,65,70,78,40,10,63,52,6,38,103" hai3="122,41,22,9,99,93,130,23,95,92,24,102,20"/><T47/><D121/><U133/><E106/><V113/><F113/><W12/><G130/><T104/><D116/><U98/><E112/><V56/><F103/><W117/><G117/><T118/><D118/><U15/><E108/><V97/><F97/><W85/><G122/><T94/><D110/><U16/><E127/><V124/><F34/><W119/><G119/><T114/><D132/><U76/><E28/><V74/><F74/><W51/><G24/><T77/><D32/><U45/><E98/><V64/><F64/><W60/><G60/><T109/><D29/><U44/><E76/><V101/><F101/><W5/><REACH who="3" step="1"/><G85/><REACH who="3" ten="250,250,250,240" step="2"/><T131/><D109/><U107/><E107/><V120/><F120/><W3/><G3/><T8/><D104/><U43/><E2/><V25/><F25/><W111/><G111/><T126/><D131/><U105/><E105/><V7/><F7/><W18/><G18/><T14/><D114/><U36/><E19/><V88/><F124/><W48/><G48/><T59/><D62/><U96/><E134/><V1/><F0/><W75/><G75/><T90/><D126/><U68/><E133/><V54/><F38/><W66/><G66/><T33/><D14/><U49/><E135/><V123/><F123/><W87/><G87/><T42/><D13/><U115/><E115/><V30/><F63/><W67/><G67/><T69/><D84/><U125/><E125/><V27/><F65/><W37/><G37/><T17/><D17/><U61/><E36/><V4/><F1/><W73/><G73/><T83/><D33/><U35/><E35/><RYUUKYOKU ba="0,1" sc="250,-10,250,-10,250,-10,240,30" hai3="5,9,12,20,22,23,41,51,92,93,95,99,102" />
</Scene>
<Scene>
<INIT seed="1,1,1,0,3,111" ten="240,240,240,270" oya="1" hai0="69,124,26,130,123,79,40,114,58,134,105,5,9" hai1="56,70,11,39,117,8,82,112,21,63,38,99,41" hai2="77,2,102,80,132,54,72,25,89,81,28,128,116" hai3="118,133,85,100,62,120,31,106,42,92,15,59,129"/><U87/><E117/><V43/><F2/><W101/><G120/><T50/><D69/><U1/><E70/><V36/><F36/><W108/><G108/><T47/><D105/><U29/><E99/><V110/><F43/><W71/><G71/><T61/><D124/><U121/><E121/><V88/><F54/><W91/><G129/><T51/><D130/><U37/><E41/><V96/><F25/><W122/><G133/><T17/><D134/><U3/><E3/><V27/><F27/><W95/><G122/><T49/><D123/><U44/><E44/><V113/><F28/><W24/><G118/><T4/><D114/><U64/><E1/><V103/><F116/><W115/><G115/><T98/><D79/><U46/><E46/><V18/><F18/><W35/><G42/><T53/><D98/><U60/><E112/><V109/><F113/><W76/><G76/><T107/><D107/><U86/><E86/><V10/><F10/><W57/><G57/><T20/><REACH who="0" step="1"/><D5/><REACH who="0" ten="230,240,240,270" step="2"/><U90/><E60/><V12/><F96/><W16/><G106/><T84/><D84/><U73/><E73/><V67/><F72/><W74/><G74/><T0/><AGARI ba="1,2" hai="0,4,9,17,20,26,40,47,49,50,51,53,58,61" machi="0" ten="20,2700,0" yaku="1,1,0,1,7,1,53,0" doraHai="111" doraHaiUra="97" who="0" fromWho="0" sc="230,50,240,-14,240,-8,270,-8" />
</Scene>
<Scene>
<INIT seed="2,0,0,3,4,34" ten="280,226,232,262" oya="2" hai0="56,54,116,55,110,96,22,133,33,3,16,97,35" hai1="102,9,106,62,122,125,92,32,70,50,128,69,132" hai2="104,81,19,38,28,59,134,13,24,51,94,127,88" hai3="111,14,87,85,93,90,77,107,57,89,30,83,2"/><V43/><F104/><W23/><G111/><T49/><D110/><U25/><E92/><V131/><F131/><W117/><G117/><T46/><D3/><U123/><E128/><V126/><F38/><W115/><G115/><T58/><D133/><U135/><E125/><N who="2" m="47627" /><F81/><W52/><G107/><T41/><D116/><U119/><E119/><V101/><F101/><W108/><G2/><T7/><D7/><U129/><E129/><V112/><F112/><W18/><G108/><T21/><D41/><U11/><E50/><V75/><F75/><W40/><G40/><T109/><D109/><U36/><E36/><V80/><F80/><W20/><G30/><T6/><D6/><U26/><E106/><V0/><F0/><W31/><G31/><T82/><D82/><U48/><E102/><V29/><F24/><W10/><REACH who="3" step="1"/><G89/><REACH who="3" ten="280,226,232,252" step="2"/><T103/><D103/><U39/><E132/><V86/><F134/><W118/><G118/><T95/><D35/><U76/><E135/><V66/><F43/><W53/><G53/><T15/><D33/><U73/><E32/><V1/><F1/><W45/><G45/><T8/><D46/><U64/><E122/><V72/><F66/><W105/><G105/><T124/><D124/><U17/><E64/><V121/><F121/><W27/><G27/><T67/><D67/><U100/><E25/><V91/><F91/><W65/><G65/><T63/><D55/><U42/><E123/><V130/><F130/><W61/><AGARI ba="0,1" hai="10,14,18,20,23,52,57,61,77,83,85,87,90,93" machi="61" ten="20,12000,2" yaku="1,1,0,1,7,1,8,1,54,1,53,1" doraHai="34" doraHaiUra="79" who="3" fromWho="3" sc="280,-30,226,-30,232,-60,252,130" />
</Scene>
<Scene>
<INIT seed="3,0,0,2,4,63" ten="250,196,172,382" oya="3" hai0="64,45,66,58,48,47,32,124,12,108,98,53,115" hai1="135,19,43,21,90,61,93,84,80,87,33,134,35" hai2="17,117,62,83,69,18,86,133,44,89,7,120,126" hai3="22,119,104,91,51,54,68,97,121,101,40,70,52"/><W113/><G113/><T131/><D32/><U82/><E43/><V118/><F7/><W8/><G119/><T38/><D115/><U79/><E93/><V78/><F120/><W36/><G121/><T23/><D124/><U11/><E11/><V10/><F126/><W9/><G9/><T109/><D131/><U31/><E31/><V55/><F133/><N who="1" m="50697" /><E61/><V41/><F78/><W3/><G36/><T125/><D125/><U107/><E107/><V132/><F132/><W75/><G75/><T24/><D98/><U128/><E128/><V4/><F4/><W1/><G40/><T71/><D38/><U39/><E39/><V65/><F41/><W105/><G105/><T56/><D12/><AGARI ba="0,0" hai="12,19,21,33,35,79,80,82,84,87,90" m="50697" machi="12" ten="30,1000,0" yaku="20,1" doraHai="63" who="1" fromWho="0" sc="250,-10,196,10,172,0,382,0" />
</Scene>
<Scene>
<INIT seed="4,0,0,1,5,42" ten="240,206,172,382" oya="0" hai0="30,71,13,60,15,8,130,33,96,16,23,131,106" hai1="2,100,76,103,95,128,116,56,69,126,27,112,118" hai2="36,61,110,107,19,11,114,132,85,75,18,5,58" hai3="88,47,97,115,78,17,14,22,39,29,53,32,83"/><T31/><D71/><U20/><E69/><V46/><F75/><W28/><G115/><T113/><D60/><U119/><E2/><V9/><F107/><W25/><G29/><N who="0" m="10763" /><D113/><U34/><E34/><V64/><F114/><W93/><G39/><T86/><D86/><U109/><E112/><V50/><F36/><W73/><G53/><T66/><D66/><U101/><E109/><V44/><F110/><W108/><G108/><T77/><D77/><U81/><E126/><V54/><F132/><W84/><REACH who="3" step="1"/><G47/><REACH who="3" ten="240,206,172,372" step="2"/><N who="2" m="17961" /><F85/><AGARI ba="0,1" hai="14,17,22,25,28,32,73,78,83,84,85,88,93,97" machi="85" ten="40,5200,0" yaku="1,1,54,1,53,1" doraHai="42" doraHaiUra="79" who="3" fromWho="2" sc="240,0,206,0,172,-52,372,62" />
</Scene>
<Scene>
<INIT seed="5,0,0,2,5,35" ten="240,206,120,434" oya="1" hai0="115,87,85,45,41,12,70,8,132,120,11,0,39" hai1="47,127,38,81,67,121,129,49,72,54,108,53,44" hai2="18,10,110,89,33,5,78,48,116,42,63,92,90" hai3="27,55,91,36,79,69,131,6,86,31,4,105,80"/><U59/><E72/><V34/><F116/><W93/><G131/><T111/><D111/><U102/><E102/><V104/><F104/><W135/><G135/><T32/><D32/><U62/><E81/><V96/><F110/><W65/><G105/><T51/><D115/><U113/><E108/><V15/><F78/><W112/><G112/><T122/><D70/><U77/><E77/><V106/><F106/><W3/><G36/><T37/><D132/><U58/><E113/><V126/><F126/><W76/><G76/><T75/><D75/><U46/><E129/><V30/><F30/><W101/><G101/><T26/><D26/><U57/><E121/><N who="0" m="46697" /><D39/><U68/><E127/><V17/><F34/><W97/><G55/><N who="1" m="21002" /><E38/><V124/><F33/><W125/><G125/><T24/><D24/><U13/><E13/><V2/><F124/><W128/><G128/><T29/><D29/><U117/><E117/><V56/><F2/><W7/><G65/><T71/><D37/><U118/><E118/><V22/><F5/><W82/><G69/><T73/><D71/><U119/><E119/><V133/><F133/><W99/><G82/><T25/><D25/><U74/><E74/><V130/><F130/><W16/><G31/><T134/><D73/><U83/><E83/><V123/><F123/><W50/><G3/><T19/><D134/><U66/><E66/><N who="2" m="39271" /><F90/><W43/><G80/><T95/><D95/><U103/><E103/><V94/><F94/><W114/><G79/><T23/><D0/><U52/><AGARI ba="0,0" hai="44,46,47,49,52,57,58,59,62,67,68" m="21002" machi="52" ten="30,18000,2" yaku="35,5,54,1" doraHai="35" who="1" fromWho="1" sc="240,-60,206,180,120,-60,434,-60" />
</Scene>
<Scene>
<INIT seed="5,1,0,4,4,38" ten="180,386,60,374" oya="1" hai0="111,45,65,77,34,108,21,91,56,69,4,125,46" hai1="95,121,90,88,96,66,97,40,12,23,79,72,8" hai2="92,84,59,94,39,83,124,116,63,6,58,30,36" hai3="103,64,82,132,93,9,109,122,14,105,71,102,10"/><U129/><E121/><V43/><F116/><W81/><G122/><T37/><D34/><U44/><E129/><V123/><F123/><W16/><G109/><T50/><D77/><U75/><E66/><V76/><F124/><W25/><G132/><T130/><D4/><U60/><E60/><V112/><F112/><W18/><G105/><T62/><D91/><U118/><E23/><V3/><F36/><W98/><G103/><T133/><D21/><U114/><E114/><V80/><F30/><W54/><G25/><T52/><D130/><U32/><E32/><V107/><F107/><W78/><G71/><T115/><D115/><U131/><E118/><V61/><F6/><W22/><G64/><T31/><D31/><U119/><E119/><V47/><F3/><W110/><G110/><N who="0" m="42027" /><D125/><U35/><E35/><V11/><F11/><W2/><G2/><T7/><D7/><U128/><E128/><V5/><F5/><W85/><G18/><T29/><D29/><U101/><E131/><V49/><F39/><W117/><G117/><T15/><D15/><U1/><E1/><V51/><F80/><W127/><G127/><T135/><D37/><U26/><E26/><V48/><F48/><W99/><G99/><T113/><D113/><U86/><E96/><V13/><F51/><W68/><G68/><T42/><D46/><U120/><E120/><V100/><F13/><W67/><G82/><T74/><D74/><N who="1" m="28203" /><E12/><V73/><F73/><W53/><G67/><T70/><D65/><U126/><E126/><V41/><F100/><W89/><G102/><T17/><D17/><RYUUKYOKU ba="1,0" sc="180,15,386,-15,60,-15,374,15" hai0="42,45,50,52,56,62,69,70,133,135" hai3="9,10,14,16,22,53,54,78,81,85,89,93,98" />
</Scene>
<Scene>
<INIT seed="6,2,0,4,1,48" ten="195,371,45,389" oya="2" hai0="85,133,103,130,13,58,81,19,18,64,45,67,68" hai1="28,126,83,4,116,109,35,101,110,80,30,66,131" hai2="10,11,129,119,6,104,25,7,70,16,95,41,112" hai3="65,84,39,40,31,51,56,42,118,71,60,78,0"/><V36/><F104/><W46/><G0/><T135/><D130/><U20/><E116/><V53/><F70/><W57/><G31/><T113/><D68/><U69/><E35/><V89/><F119/><W121/><G84/><T111/><D111/><U26/><E4/><N who="2" m="1579" /><F36/><W8/><G8/><N who="2" m="3113" /><F41/><N who="3" m="22847" /><G78/><T74/><D113/><U92/><E69/><V115/><F129/><W29/><G29/><T82/><D103/><U12/><E28/><V122/><F122/><W49/><G118/><T5/><D45/><U124/><E131/><V123/><F123/><W75/><G75/><T114/><D114/><N who="2" m="43562" /><F25/><W88/><G88/><T93/><D135/><U55/><E26/><V106/><F106/><W73/><G73/><T15/><D133/><U72/><E72/><V100/><F100/><W3/><G121/><T38/><D38/><U98/><E101/><V79/><F79/><W44/><G71/><T107/><D107/><U17/><E110/><V87/><F16/><N who="0" m="6186" /><D74/><U2/><E109/><V62/><F62/><W59/><G49/><T76/><D76/><U47/><E30/><V21/><F21/><W34/><G42/><T127/><D5/><U90/><E20/><V27/><F27/><W50/><G50/><T105/><D105/><U102/><E102/><V54/><AGARI ba="2,0" hai="53,54,87,89,95" m="43562,3113,1579" machi="54" ten="40,7800,0" yaku="15,1,52,2" doraHai="48" who="2" fromWho="2" sc="195,-28,371,-28,45,84,389,-28" />
</Scene>
<Scene>
<INIT seed="6,3,0,0,5,38" ten="167,343,129,361" oya="2" hai0="19,112,70,106,14,47,6,130,55,63,25,10,94" hai1="49,58,7,46,132,71,35,0,119,78,21,45,67" hai2="102,41,24,80,59,11,2,85,129,131,18,64,99" hai3="134,115,3,27,113,29,74,90,133,114,50,73,126"/><V51/><F2/><W53/><G3/><T69/><D106/><U98/><E35/><V15/><F24/><W79/><G90/><T100/><D130/><N who="2" m="49674" /><F64/><W5/><G5/><T101/><D112/><U124/><E119/><V36/><F36/><W77/><G126/><T30/><D70/><U93/><E124/><V39/><F39/><W110/><G110/><T26/><D69/><U54/><E132/><N who="3" m="50794" /><G79/><T43/><D55/><U57/><E71/><V135/><F135/><W86/><G86/><T60/><D26/><U8/><E78/><N who="2" m="46231" /><F59/><N who="3" m="33207" /><G77/><T32/><D32/><AGARI ba="3,0" hai="27,29,32,73,74,113,114,115" m="33207,50794" machi="32" ten="40,5200,0" yaku="15,1,11,1,20,1" doraHai="38" who="3" fromWho="0" sc="167,-61,343,0,129,0,361,61" />
</Scene>
<Scene>
<INIT seed="7,0,0,1,2,125" ten="106,343,129,422" oya="3" hai0="32,96,78,13,52,66,38,115,4,109,128,10,33" hai1="59,50,101,74,129,99,135,89,35,26,98,72,39" hai2="121,18,51,68,3,127,67,100,15,27,40,130,91" hai3="61,41,126,102,16,118,11,42,30,111,92,90,57"/><W64/><G126/><T117/><D38/><U56/><E39/><V124/><F100/><W110/><G118/><T25/><D109/><N who="3" m="41481" /><G102/><T19/><D117/><U17/><E135/><V28/><F3/><W103/><G103/><T79/><D66/><U69/><E69/><V29/><F91/><W108/><G108/><T1/><D128/><U114/><E114/><V113/><F113/><W5/><G30/><T62/><D115/><U71/><E71/><V94/><F68/><W81/><G81/><T65/><D65/><U53/><E89/><V14/><F67/><W20/><G20/><T70/><D96/><U132/><E132/><V95/><F130/><W119/><G16/><T34/><D70/><U24/><E101/><V8/><F18/><W49/><G49/><T84/><D84/><U80/><E17/><V134/><F51/><W31/><G31/><T73/><D73/><U37/><E37/><V54/><F134/><W87/><G119/><T9/><REACH who="0" step="1"/><D25/><REACH who="0" ten="96,343,129,422" step="2"/><U2/><E129/><V106/><F27/><W88/><G64/><T0/><D0/><U123/><E2/><V133/><F133/><W12/><G87/><T63/><D63/><U75/><E75/><V93/><F124/><W131/><G61/><T43/><D43/><U22/><E74/><V45/><F127/><W46/><G42/><T7/><D7/><U76/><E72/><V112/><F40/><W97/><G41/><T86/><D86/><U58/><E26/><V85/><F112/><W122/><G131/><T116/><D116/><U6/><E24/><V60/><F60/><W104/><G97/><RYUUKYOKU ba="0,1" sc="96,30,343,-10,129,-10,422,-10" hai0="1,4,9,10,13,19,32,33,34,52,62,78,79" owari="126,-27.0,333,13.0,119,-38.0,422,52.0" />
</Scene>
</mjloggm>