<mjloggm ver="2.3"><GO type="97"/><UN n0="%68%61%6B%75%2D%72%79%75" n1="%E3%81%8C%E3%82%93%E3%81%A1" n2="%E3%81%BE%E3%81%8A%E3%82%89%E3%82%93" n3="%E5%A4%AA%E3%81%8F%E3%81%AA%E3%81%84%E3%81%8A" dan="14,13,14,13" rate="1871,1902,1971,1981" sx="M,M,M,M"/><TAIKYOKU oya="0"/>

<Scene>
<INIT seed="0,0,0,5,3,89" ten="250,250,250,250" oya="0" hai0="19,69,14,64,23,99,32,66,71,80,49,115,4" hai1="101,78,77,107,65,52,96,90,83,124,17,27,1" hai2="108,129,122,100,112,120,28,133,7,103,3,51,46" hai3="132,117,74,18,22,15,29,131,123,79,87,48,130"/><T75/><D115/><U109/><E109/><V60/><F112/><W0/><G117/><T86/><D32/><U63/><E124/><V88/><F28/><W59/><G0/><T9/><D75/><U33/><E1/><V26/><F26/><W93/><G132/><T45/><D71/><U104/><E107/><V56/><F133/><W35/><G123/><T54/><D99/><U24/><E27/><V39/><F39/><W85/><G35/><T50/><D49/><U30/><E17/><V68/><F68/><W94/><G29/><T114/><D69/><N who="1" m="42175" /><E52/><V8/><F108/><W53/><G74/><T126/><D126/><U57/><E57/><V34/><F34/><W111/><G111/><T43/><D54/><U105/><E104/><V98/><F129/><N who="3" m="49163" /><G79/><T12/><REACH who="0" step="1"/><D114/><REACH who="0" ten="240,250,250,250" step="2"/><U95/><E83/><V72/><F72/><W13/><G13/><T11/><D11/><U106/><E105/><V82/><F122/><W134/><G134/><T110/><D110/><U128/><E128/><V25/><F120/><W61/><G48/><T36/><D36/><U5/><E5/><V62/><F51/><W76/><G87/><AGARI ba="0,1" hai="24,30,33,77,78,87,90,95,96,101,106" m="42175" machi="87" ten="30,2000,0" yaku="25,1,52,1" doraHai="89" who="1" fromWho="3" sc="240,0,250,30,250,0,250,-20" />
</Scene>
<Scene>
<INIT seed="1,0,0,2,0,40" ten="240,280,250,230" oya="1" hai0="44,131,54,11,99,98,12,134,105,124,101,58,6" hai1="67,20,51,89,13,41,14,49,39,7,3,32,68" hai2="22,75,45,0,70,115,77,106,129,17,81,59,110" hai3="36,76,31,119,123,121,97,33,8,113,4,35,2"/><U88/><E32/><V133/><F70/><W38/><G113/><T50/><D124/><U63/><E3/><V95/><F0/><W91/><G119/><T80/><D131/><U126/><E126/><V56/><F106/><W53/><G53/><T122/><D134/><U83/><E13/><V18/><F133/><W69/><G69/><T1/><D122/><N who="3" m="46601" /><G91/><T60/><D98/><U74/><E39/><N who="3" m="14890" /><G31/><T117/><D117/><U16/><E7/><V61/><F115/><W48/><G48/><T27/><D80/><U93/><E93/><V42/><F129/><W43/><G43/><T96/><D99/><U47/><REACH who="1" step="1"/><E49/><REACH who="1" ten="240,270,250,230" step="2"/><V21/><F95/><W114/><G114/><T28/><D1/><U72/><E72/><V82/><F75/><W104/><G35/><T90/><D27/><U9/><E9/><V100/><F61/><W10/><G10/><T103/><D105/><U25/><E25/><V5/><F81/><W130/><G33/><T108/><D108/><U127/><E127/><V107/><F5/><W30/><G130/><T87/><D96/><U26/><E26/><N who="2" m="14639" /><F110/><W116/><G2/><T79/><D28/><U128/><E128/><V86/><F107/><W55/><G30/><T34/><D34/><U64/><E64/><V92/><F92/><W66/><G104/><T23/><D23/><U109/><E109/><V112/><F112/><W46/><G66/><N who="0" m="39191" /><D79/><AGARI ba="0,1" hai="14,16,20,41,47,51,63,67,68,74,79,83,88,89" machi="79" ten="40,12000,1" yaku="1,1,52,1,54,2,53,1" doraHai="40" doraHaiUra="65" who="1" fromWho="0" sc="240,-120,270,130,250,0,230,0" />
</Scene>
<Scene>
<INIT seed="1,1,0,2,0,111" ten="120,400,250,230" oya="1" hai0="47,120,127,65,82,59,74,132,21,126,119,38,92" hai1="110,27,37,11,42,19,131,134,73,18,56,105,20" hai2="49,133,109,25,124,2,13,68,10,66,108,34,83" hai3="3,9,14,61,115,67,43,57,112,54,17,60,4"/><U55/><E131/><V96/><F2/><W31/><G31/><T48/><D119/><U94/><E134/><V100/><F133/><W70/><REACH who="3" step="1"/><G43/><REACH who="3" ten="120,400,250,220" step="2"/><T135/><D38/><U117/><E117/><V95/><F109/><W62/><G62/><N who="0" m="38111" /><D120/><U46/><E110/><V77/><F108/><W69/><G69/><T113/><D92/><U97/><E105/><V72/><F124/><N who="0" m="47658" /><D21/><AGARI ba="1,1" hai="3,4,9,14,17,21,54,57,60,61,67,70,112,115" machi="21" ten="30,7700,0" yaku="1,1,7,1,52,2,53,0" doraHai="111" doraHaiUra="76" who="3" fromWho="0" sc="120,-80,400,0,250,0,220,90" />
</Scene>
<Scene>
<INIT seed="2,0,0,4,0,6" ten="40,400,250,310" oya="2" hai0="118,10,108,8,2,81,117,121,0,126,135,52,65" hai1="68,111,26,125,100,123,46,84,131,37,83,15,39" hai2="51,80,7,72,132,116,79,105,91,104,110,24,82" hai3="70,61,40,69,12,30,106,14,36,89,99,59,102"/><V20/><F116/><N who="0" m="44650" /><D121/><U23/><E123/><V75/><F132/><W77/><G77/><T22/><D65/><U124/><E111/><V53/><F110/><W9/><G30/><T134/><D108/><U19/><E131/><V50/><F7/><W38/><G14/><T71/><D71/><U55/><E68/><V115/><F115/><W92/><G38/><T109/><D109/><U120/><E120/><V94/><F80/><W112/><G112/><T97/><D81/><U58/><E100/><V56/><F51/><W47/><G106/><T63/><D97/><U98/><E98/><V54/><F54/><W78/><G78/><T73/><D73/><U32/><E32/><V3/><F3/><N who="0" m="1066" /><D22/><U28/><E46/><V21/><F21/><W44/><G44/><T49/><D63/><U128/><E128/><V103/><F103/><W114/><G102/><T74/><D74/><U42/><E42/><V45/><F45/><W60/><G114/><T27/><D27/><U13/><E13/><V1/><F1/><W62/><REACH who="3" step="1"/><G59/><REACH who="3" ten="40,400,250,300" step="2"/><N who="0" m="33167" /><D126/><U127/><E125/><V18/><REACH who="2" step="1"/><F75/><REACH who="2" ten="40,400,240,300" step="2"/><W25/><G25/><T90/><D90/><U87/><E127/><V85/><AGARI ba="0,2" hai="18,20,24,50,53,56,72,79,82,85,91,94,104,105" machi="85" ten="20,7800,0" yaku="1,1,2,1,0,1,7,1,53,0" doraHai="6" doraHaiUra="11" who="2" fromWho="2" sc="40,-26,400,-26,240,98,300,-26" />
</Scene>
<Scene>
<INIT seed="2,1,0,5,2,39" ten="14,374,338,274" oya="2" hai0="62,126,120,70,60,64,123,93,8,23,43,19,86" hai1="90,3,114,12,97,1,67,107,55,117,11,24,91" hai2="109,18,40,16,92,79,27,83,116,58,30,94,122" hai3="74,31,108,5,111,113,98,72,32,17,6,95,106"/><V132/><F116/><W101/><G113/><T73/><D73/><N who="3" m="28265" /><G106/><T4/><D126/><U38/><E114/><V80/><F122/><W104/><G104/><T82/><D62/><U75/><E117/><V121/><F121/><W53/><G53/><T125/><D93/><N who="2" m="35946" /><F132/><W50/><G50/><T81/><D125/><U7/><E75/><V49/><F79/><W36/><G36/><T127/><D127/><U69/><E55/><N who="2" m="32111" /><F109/><N who="3" m="42059" /><G17/><N who="2" m="6761" /><F40/><W85/><G85/><T61/><D61/><U110/><E110/><V89/><F89/><W65/><G65/><T34/><D34/><U56/><E69/><V77/><F77/><W54/><G54/><T57/><D82/><U119/><E119/><V2/><F2/><W20/><G32/><T9/><D70/><U47/><E24/><AGARI ba="1,0" hai="5,6,20,24,31,95,98,101" m="42059,28265" machi="24" ten="30,1000,0" yaku="14,1" doraHai="39" who="3" fromWho="1" sc="14,0,374,-13,338,0,274,13" />
</Scene>
<Scene>
<INIT seed="3,0,0,1,2,117" ten="14,361,338,287" oya="3" hai0="106,102,120,2,5,90,107,17,11,132,53,118,125" hai1="20,26,39,77,10,15,21,72,29,4,27,114,51" hai2="94,44,25,104,124,63,112,61,127,135,103,56,37" hai3="99,12,80,1,66,36,14,95,130,9,79,115,111"/><W71/><G115/><T64/><D118/><U93/><E114/><V75/><F112/><W23/><G36/><T55/><D132/><U6/><E39/><V46/><F75/><W57/><G71/><T96/><D125/><N who="2" m="48202" /><F104/><W52/><G66/><T43/><D107/><U86/><E51/><V84/><F103/><W101/><G130/><T68/><D43/><U105/><E105/><V28/><F94/><W82/><G111/><T131/><D17/><U0/><E72/><V123/><F84/><W128/><G128/><T7/><D90/><U32/><E77/><V98/><F98/><W109/><G109/><T74/><D55/><U54/><E54/><N who="2" m="33943" /><F123/><W91/><G101/><T110/><D53/><U122/><E93/><V18/><F18/><N who="3" m="10711" /><G1/><T87/><D87/><U133/><E86/><V97/><F97/><W88/><G91/><T59/><D59/><U126/><E133/><V50/><F135/><W42/><G42/><T129/><D110/><U81/><E81/><V19/><F19/><N who="3" m="8591" /><G79/><T45/><D45/><U119/><E119/><V58/><F28/><W35/><G35/><T62/><D7/><U134/><E134/><V108/><F25/><W60/><AGARI ba="0,0" hai="52,57,60,80,82,88,95,99" m="8591,10711" machi="60" ten="30,6000,0" yaku="8,1,54,2" doraHai="117" who="3" fromWho="3" sc="14,-20,361,-20,338,-20,287,60" owari="-6,-51.0,341,14.0,318,-8.0,347,45.0" />
</Scene>
</mjloggm>