<mjloggm ver="2.3"><GO type="169"/><UN n0="%E3%82%AA%E3%82%BA%E3%82%B0%E3%83%AB%E3%83%BC%E3%83%97" n1="%E6%88%A6%E5%8A%9B%E5%A4%96%E3%83%9D%E3%83%BC%E3%82%AF%E2%99%82" n2="%E6%B3%95%E5%BE%8B%E5%8B%89%E5%BC%B7%E4%B8%AD" n3="%E5%A4%AA%E3%81%8F%E3%81%AA%E3%81%84%E3%81%8A" dan="16,16,18,18" rate="2083,2054,2211,2158" sx="M,M,M,M"/><TAIKYOKU oya="0"/>

<Scene>
<INIT seed="0,0,0,2,3,59" ten="250,250,250,250" oya="0" hai0="71,10,30,8,2,61,13,107,119,66,31,20,86" hai1="4,69,62,121,57,101,24,38,94,124,79,110,68" hai2="9,132,54,3,120,7,113,97,104,72,67,74,130" hai3="15,37,117,58,22,50,46,81,14,89,32,83,41"/><T36/><D119/><U90/><E121/><V21/><F113/><W133/><G32/><T102/><D36/><U80/><E38/><V63/><F120/><W29/><G117/><T6/><D107/><U26/><E110/><V44/><F130/><W78/><G133/><T43/><D102/><U64/><E124/><V103/><F132/><W70/><G70/><T95/><D43/><U35/><E101/><V60/><F21/><W53/><G89/><T25/><D95/><U105/><E105/><V82/><F82/><W28/><G81/><T11/><D86/><U87/><E4/><V126/><F126/><W27/><REACH who="3" step="1"/><G29/><REACH who="3" ten="250,250,250,240" step="2"/><T115/><D115/><U106/><E35/><V111/><F111/><W75/><AGARI ba="0,1" hai="14,15,22,27,28,37,41,46,50,53,58,75,78,83" machi="75" ten="20,8000,1" yaku="1,1,2,1,0,1,7,1,53,1" doraHai="59" doraHaiUra="77" who="3" fromWho="3" sc="250,-40,250,-20,250,-20,240,90" />
</Scene>
<Scene>
<INIT seed="1,0,0,5,3,109" ten="210,230,230,330" oya="1" hai0="41,77,132,85,24,91,114,59,84,23,53,117,120" hai1="92,96,62,3,61,9,25,131,63,124,57,80,121" hai2="12,88,0,69,125,16,126,8,6,134,43,20,39" hai3="50,42,67,22,101,38,5,51,78,100,135,111,60"/><U14/><E3/><V32/><F69/><W44/><G111/><T27/><D117/><U1/><E1/><V58/><F39/><W46/><G135/><T31/><D120/><U103/><E121/><V82/><F43/><W83/><G5/><T110/><D132/><U97/><E124/><N who="2" m="47723" /><F134/><W122/><G122/><T106/><D106/><U89/><E80/><V48/><F32/><W75/><G22/><T133/><D110/><U13/><E13/><V35/><F35/><W15/><G15/><T52/><D133/><U64/><E25/><V98/><F48/><W90/><G90/><T94/><D41/><U47/><E47/><V79/><F58/><W54/><REACH who="3" step="1"/><G38/><REACH who="3" ten="210,230,230,320" step="2"/><T112/><D27/><U130/><E130/><V123/><F123/><W68/><AGARI ba="0,1" hai="42,44,46,50,51,54,60,67,68,75,78,83,100,101" machi="68" ten="20,5200,0" yaku="1,1,2,1,0,1,7,1,53,0" doraHai="109" doraHaiUra="116" who="3" fromWho="3" sc="210,-13,230,-26,230,-13,320,62" />
</Scene>
<Scene>
<INIT seed="2,0,0,5,3,63" ten="197,204,217,382" oya="2" hai0="86,121,132,59,60,35,53,33,85,24,2,77,91" hai1="1,36,56,96,102,4,13,31,25,6,10,100,125" hai2="105,104,114,46,122,92,57,84,95,65,79,94,83" hai3="30,111,126,82,14,98,112,113,115,50,129,51,32"/><V71/><F114/><W22/><G111/><T118/><D2/><U131/><E36/><V27/><F122/><W7/><G129/><T81/><D121/><U48/><E131/><V64/><F71/><W127/><G32/><T42/><D118/><U45/><E125/><N who="3" m="47626" /><G82/><T78/><D132/><U116/><E116/><V12/><F104/><W103/><G7/><T34/><D42/><U80/><E80/><V110/><F105/><N who="3" m="63735" /><G14/><T135/><D24/><AGARI ba="0,0" hai="22,24,30,50,51,112,113,115" m="63735,47626" machi="24" ten="40,2600,0" yaku="11,1,18,1" doraHai="63" who="3" fromWho="0" sc="197,-26,204,0,217,0,382,26" />
</Scene>
<Scene>
<INIT seed="3,0,0,0,4,50" ten="171,204,217,408" oya="3" hai0="75,90,21,134,0,74,8,32,77,12,44,123,103" hai1="48,51,37,118,101,4,109,39,25,55,126,24,54" hai2="71,46,45,42,69,129,10,124,73,26,135,57,14" hai3="111,19,106,5,100,28,18,33,105,104,30,41,82"/><W107/><G5/><T7/><D123/><U108/><E101/><V72/><F124/><W97/><G41/><T127/><D127/><U9/><E126/><V27/><F129/><W52/><G111/><T115/><D115/><U64/><E64/><V29/><F135/><W17/><G33/><T23/><D134/><U43/><E43/><V95/><F95/><W84/><REACH who="3" step="1"/><G52/><REACH who="3" ten="171,204,217,398" step="2"/><T59/><D32/><U85/><E118/><V92/><F42/><W13/><G13/><T133/><D0/><U6/><E9/><V128/><F14/><W78/><AGARI ba="0,1" hai="17,18,19,28,30,78,82,84,97,100,104,105,106,107" machi="78" ten="40,3900,0" yaku="1,1,0,1,53,0" doraHai="50" doraHaiUra="62" who="3" fromWho="3" sc="171,-13,204,-13,217,-13,398,49" />
</Scene>
<Scene>
<INIT seed="3,1,0,2,1,69" ten="158,191,204,447" oya="3" hai0="11,45,104,125,120,58,50,4,109,94,48,117,102" hai1="40,22,129,37,112,23,33,85,132,59,86,126,76" hai2="110,35,67,26,8,98,0,133,9,17,51,2,128" hai3="74,55,46,70,72,113,15,91,1,118,116,43,124"/><W107/><G113/><T130/><D104/><U57/><E33/><V19/><F67/><W75/><G70/><T60/><D130/><U131/><E112/><V38/><F51/><W71/><G71/><T99/><D120/><U89/><E132/><V90/><F98/><W105/><G1/><T92/><D117/><U3/><E3/><N who="2" m="1067" /><F90/><W80/><G55/><T83/><D125/><U96/><E96/><V41/><F41/><W36/><G124/><T103/><D109/><U52/><E126/><V135/><F38/><W119/><REACH who="3" step="1"/><G15/><REACH who="3" ten="158,191,204,437" step="2"/><T10/><D83/><U84/><E52/><V5/><F110/><W114/><G114/><T31/><D31/><U108/><E108/><V34/><F128/><W123/><G123/><T115/><D115/><U101/><E131/><V18/><F26/><W64/><G64/><T127/><D127/><U63/><E129/><V61/><F61/><W122/><G122/><T16/><D60/><U32/><E63/><V7/><F133/><W65/><G65/><T73/><D73/><U81/><E40/><V20/><F135/><W29/><G29/><T88/><D4/><N who="2" m="1610" /><F20/><W39/><G39/><T6/><D6/><U13/><E22/><V25/><F25/><W106/><G106/><T121/><D121/><U27/><E23/><V24/><F24/><W44/><G44/><T87/><D45/><U12/><E27/><V97/><F97/><W100/><G100/><T134/><D103/><U66/><E101/><V21/><F21/><W68/><G68/><T42/><D134/><U28/><E66/><V78/><F35/><W49/><G49/><RYUUKYOKU ba="1,1" sc="158,-10,191,-10,204,-10,437,30" hai3="36,43,46,72,74,75,80,91,105,107,116,118,119" />
</Scene>
<Scene>
<INIT seed="3,2,1,1,0,73" ten="148,181,194,467" oya="3" hai0="6,77,81,9,28,70,72,27,52,132,101,16,0" hai1="61,135,57,4,31,10,44,35,8,69,88,127,38" hai2="3,54,129,130,51,86,17,90,109,92,87,123,85" hai3="80,98,106,33,94,64,100,74,34,66,79,39,26"/><W50/><G39/><T23/><D70/><U76/><E69/><V125/><F3/><W48/><G34/><T7/><D132/><U58/><E135/><V91/><F17/><W110/><G110/><T32/><D101/><U46/><E127/><V14/><F14/><W49/><REACH who="3" step="1"/><G106/><REACH who="3" ten="148,181,194,457" step="2"/><T78/><D78/><U126/><E38/><V13/><F109/><W118/><G118/><T122/><D122/><U29/><E76/><V105/><F123/><W82/><G82/><T56/><D7/><U22/><E35/><V111/><F105/><W1/><G1/><T18/><REACH who="0" step="1"/><D32/><REACH who="0" ten="138,181,194,457" step="2"/><U95/><E126/><V134/><F111/><W83/><G83/><T5/><D5/><U20/><E4/><V113/><F125/><W37/><G37/><T53/><D53/><U112/><E112/><V114/><F134/><W128/><G128/><T25/><D25/><U63/><E95/><N who="2" m="54735" /><F114/><W96/><G96/><T55/><D55/><U19/><E19/><V24/><F113/><W45/><G45/><T43/><D43/><U119/><E119/><V11/><F24/><W71/><G71/><T47/><D47/><U131/><E131/><V12/><F129/><W62/><G62/><AGARI ba="2,3" hai="0,6,9,16,18,23,27,28,52,56,62,72,77,81" machi="62" ten="30,8000,1" yaku="1,1,7,1,52,1,54,2,53,0" doraHai="73" doraHaiUra="117" who="0" fromWho="3" sc="138,116,181,0,194,0,457,-86" />
</Scene>
<Scene>
<INIT seed="4,0,0,5,1,37" ten="254,181,194,371" oya="0" hai0="39,124,109,89,35,59,115,80,67,6,104,60,47" hai1="108,99,62,113,96,134,30,44,17,8,25,106,63" hai2="28,132,15,103,76,19,10,82,40,107,133,91,5" hai3="34,128,81,46,73,111,112,7,54,0,122,75,101"/><T23/><D115/><U86/><E108/><V72/><F28/><W9/><G111/><T94/><D35/><U129/><E129/><V16/><F91/><W118/><G118/><T42/><D104/><U64/><E134/><N who="2" m="51819" /><F107/><W88/><G34/><T120/><D124/><U116/><E116/><V130/><F103/><W70/><G70/><T98/><D120/><U48/><E113/><V117/><F130/><W49/><G112/><T121/><D109/><U61/><E86/><V29/><F117/><W1/><G128/><T33/><D121/><U36/><E36/><V126/><F29/><W71/><G122/><T4/><D33/><U127/><E127/><V13/><F126/><W68/><G68/><T50/><D80/><U90/><E64/><V41/><F19/><W85/><G71/><T65/><D65/><U100/><E90/><V105/><F105/><W131/><G131/><T2/><D2/><U58/><E106/><V77/><F77/><W38/><G101/><T66/><D66/><U3/><E100/><V135/><N who="2" m="51827" /><V125/><DORA hai="24" /><F125/><W102/><G102/><T87/><D39/><U110/><E110/><V18/><F18/><W95/><G1/><T74/><D74/><U43/><E3/><V83/><F83/><W79/><REACH who="3" step="1"/><G38/><REACH who="3" ten="254,181,194,361" step="2"/><T11/><D98/><AGARI ba="0,1" hai="0,7,9,46,49,54,73,75,79,81,85,88,95,98" machi="98" ten="30,8000,1" yaku="1,1,2,1,7,1,54,1,53,1" doraHai="37,24" doraHaiUra="123,51" who="3" fromWho="0" sc="254,-80,181,0,194,0,361,90" />
</Scene>
<Scene>
<INIT seed="5,0,0,5,4,130" ten="174,181,194,451" oya="1" hai0="110,15,95,76,111,6,68,60,62,99,88,34,59" hai1="92,73,2,41,43,87,70,133,135,4,114,22,100" hai2="93,56,128,3,75,96,25,108,113,122,63,82,28" hai3="94,47,103,1,26,101,42,105,102,81,54,19,129"/><U39/><E70/><V69/><F108/><W86/><G1/><T31/><D68/><U115/><E73/><V80/><F122/><W29/><G105/><T97/><D76/><U85/><E39/><V91/><F69/><W12/><G129/><T38/><D38/><U13/><E2/><V107/><F128/><W20/><G54/><T77/><D77/><U74/><E74/><V23/><F3/><W118/><G118/><T17/><D6/><U72/><E72/><V33/><F107/><W79/><G94/><T57/><D31/><U46/><E46/><V124/><F124/><W121/><G121/><T84/><D34/><U120/><E120/><V52/><F75/><W11/><G102/><T21/><D111/><U5/><E100/><V49/><F113/><N who="1" m="43017" /><E22/><V30/><F30/><W90/><G79/><T7/><D7/><N who="1" m="2635" /><E13/><V45/><REACH who="2" step="1"/><F33/><REACH who="2" ten="174,181,184,451" step="2"/><W64/><G64/><AGARI ba="0,1" hai="23,25,28,45,49,52,56,63,64,80,82,91,93,96" machi="64" ten="30,12000,2" yaku="1,1,2,1,7,1,8,1,54,1,53,1" doraHai="130" doraHaiUra="44" who="2" fromWho="3" sc="174,0,181,0,184,130,451,-120" />
</Scene>
<Scene>
<INIT seed="6,0,0,5,5,115" ten="174,181,314,331" oya="2" hai0="21,17,128,98,9,109,80,118,102,43,18,15,67" hai1="87,89,48,72,31,125,111,46,77,20,16,86,2" hai2="110,119,14,93,133,83,13,129,0,116,12,74,134" hai3="114,123,91,60,79,56,45,36,75,76,121,35,63"/><V120/><F0/><W47/><G35/><T26/><D109/><U8/><E111/><V127/><F110/><W34/><G34/><T6/><D128/><U85/><E125/><V100/><F120/><W101/><G101/><T44/><D67/><U61/><E31/><V117/><F127/><W69/><G114/><T23/><D80/><U29/><E29/><V19/><F129/><W30/><G30/><T27/><D118/><U33/><E33/><V96/><F74/><W28/><G28/><T49/><D98/><U41/><E77/><V106/><F83/><W71/><G91/><T124/><D124/><U64/><E8/><V90/><REACH who="2" step="1"/><F19/><REACH who="2" ten="174,181,304,331" step="2"/><W104/><G75/><T24/><REACH who="0" step="1"/><D102/><REACH who="0" ten="164,181,304,331" step="2"/><U122/><E122/><V65/><F65/><W131/><G131/><T130/><D130/><U22/><E72/><V25/><F25/><AGARI ba="0,2" hai="6,9,15,17,18,21,23,24,25,26,27,43,44,49" machi="25" ten="30,7700,0" yaku="1,1,7,1,9,1,8,1,53,0" doraHai="115" doraHaiUra="81" who="0" fromWho="2" sc="164,97,181,0,304,-77,331,0" />
</Scene>
<Scene>
<INIT seed="7,0,0,2,2,0" ten="261,181,227,331" oya="3" hai0="125,37,106,128,80,70,61,108,105,15,24,30,94" hai1="98,12,82,113,9,13,115,25,63,46,45,8,54" hai2="119,72,90,19,91,67,35,89,16,134,44,130,104" hai3="65,109,6,64,2,3,77,131,112,121,79,48,40"/><W34/><G121/><T97/><D108/><U123/><E123/><V17/><F119/><W29/><G109/><T92/><D128/><U118/><E25/><V83/><F104/><W102/><G102/><T100/><D37/><U39/><E39/><V1/><F35/><W85/><G131/><T43/><D125/><U107/><E82/><V69/><F130/><W36/><G36/><T135/><D135/><U27/><E27/><V133/><F1/><W23/><G34/><T114/><D114/><U55/><E63/><V126/><F126/><W116/><G116/><T88/><D43/><U132/><E118/><V120/><F120/><W96/><G96/><T31/><D80/><U78/><E98/><V42/><F67/><W14/><G112/><T58/><D70/><U41/><E41/><V51/><REACH who="2" step="1"/><F69/><REACH who="2" ten="261,181,217,331" step="2"/><W32/><G32/><T26/><D105/><U4/><E107/><V66/><F66/><W49/><G2/><T18/><D106/><U71/><E71/><V47/><F47/><W11/><G3/><T33/><D33/><U59/><E59/><V127/><F127/><W95/><G65/><T53/><D31/><U117/><E117/><V68/><F68/><W93/><G64/><T86/><D30/><U84/><E132/><V81/><F81/><W74/><G29/><T110/><D110/><U50/><E78/><AGARI ba="0,1" hai="16,17,19,42,44,51,72,78,83,89,90,91,133,134" machi="78" ten="50,3200,0" yaku="1,1,54,1,53,0" doraHai="0" doraHaiUra="21" who="2" fromWho="1" sc="261,0,181,-32,217,42,331,0" owari="261,6.0,149,-35.0,259,-14.0,331,43.0" />
</Scene>
</mjloggm>