<mjloggm ver="2.3"><GO type="41"/><UN n0="%E5%A4%AA%E3%81%8F%E3%81%AA%E3%81%84%E3%81%8A" n1="%72%69%6E%61%63%69%64" n2="%68%6F%72%69%30%39%30%31" n3="%E6%84%9B%E3%81%AE%E8%AA%BF%E6%95%99%E5%B8%AB" dan="15,14,13,14" rate="2030,1997,1850,2062" sx="M,M,M,M"/><TAIKYOKU oya="0"/>

<Scene>
<INIT seed="0,0,0,3,5,18" ten="250,250,250,250" oya="0" hai0="86,59,54,0,71,22,121,58,75,53,23,73,70" hai1="77,13,103,64,130,93,80,20,90,33,11,125,42" hai2="120,49,38,92,88,126,131,41,100,109,95,79,55" hai3="45,69,129,21,111,19,67,7,135,124,97,6,117"/><T30/><D0/><U44/><E33/><V94/><F120/><W65/><G117/><T128/><D30/><U84/><E125/><V56/><F126/><W43/><G124/><T10/><D10/><U102/><E64/><V37/><F79/><W99/><G129/><T68/><D86/><U66/><E66/><V87/><F131/><W81/><G135/><T12/><D128/><U74/><E130/><V9/><F100/><W4/><G111/><T14/><REACH who="0" step="1"/><D71/><REACH who="0" ten="240,250,250,250" step="2"/><U48/><REACH who="1" step="1"/><E20/><REACH who="1" ten="240,240,250,250" step="2"/><V35/><F9/><W47/><G21/><T83/><D83/><U96/><E96/><V98/><F98/><W51/><G81/><T127/><D127/><U27/><E27/><V76/><F35/><W3/><G99/><T85/><D85/><U1/><E1/><V34/><F34/><W25/><G97/><T60/><D60/><U113/><E113/><V36/><F87/><W57/><G3/><T89/><D89/><U116/><E116/><V114/><F88/><W78/><G69/><T108/><D108/><U39/><E39/><V119/><F114/><W62/><G62/><T32/><D32/><U112/><E112/><V72/><F109/><W123/><G123/><AGARI ba="0,2" hai="12,14,22,23,53,54,58,59,68,70,73,75,121,123" machi="123" ten="25,18000,2" yaku="1,1,22,2,52,2,53,2" doraHai="18" doraHaiUra="105" who="0" fromWho="3" sc="240,200,240,0,250,0,250,-180" />
</Scene>
<Scene>
<INIT seed="0,1,0,5,4,123" ten="440,240,250,70" oya="0" hai0="22,66,106,100,0,52,77,6,86,133,132,113,129" hai1="2,42,50,76,82,4,102,104,116,36,46,93,112" hai2="41,27,63,91,108,128,124,10,61,97,18,47,105" hai3="59,89,53,25,57,115,49,35,12,122,48,84,85"/><T28/><D113/><U34/><E112/><V78/><F78/><W31/><G122/><T74/><D66/><U121/><E121/><V117/><F117/><W20/><G115/><T13/><D74/><N who="1" m="43287" /><E93/><V71/><F128/><W62/><G62/><T3/><D129/><U38/><E50/><V9/><F124/><W130/><G130/><T23/><D100/><U11/><E116/><V58/><F71/><W96/><G96/><T114/><D106/><U110/><E36/><V16/><F18/><W81/><G85/><T75/><D75/><U64/><E64/><V8/><F105/><W51/><G59/><T107/><D107/><U45/><E45/><V127/><F127/><W98/><G98/><T95/><D95/><U109/><E34/><V60/><F41/><W125/><G125/><T5/><D77/><U80/><E80/><V126/><F47/><W134/><G35/><T40/><D40/><U37/><E37/><V30/><F30/><W19/><REACH who="3" step="1"/><G134/><REACH who="3" ten="440,240,250,60" step="2"/><T72/><D114/><U29/><E29/><V119/><F126/><W14/><G14/><T101/><D13/><U87/><E87/><V21/><F119/><W83/><G83/><T1/><D86/><U17/><E17/><V73/><F73/><W131/><G131/><T118/><D72/><U65/><E65/><V39/><F63/><W43/><G43/><T111/><D118/><U26/><E26/><V88/><F97/><AGARI ba="1,1" hai="2,4,11,38,42,46,97,102,104,109,110" m="43287" machi="97" ten="30,7700,0" yaku="25,1,23,1,52,2" doraHai="123" who="1" fromWho="2" sc="440,0,240,90,250,-80,60,0" />
</Scene>
<Scene>
<INIT seed="1,0,0,1,4,39" ten="440,330,170,60" oya="1" hai0="33,10,24,88,67,133,115,92,105,2,20,32,26" hai1="28,119,83,8,60,127,113,25,84,58,129,91,17" hai2="93,9,100,77,16,69,36,5,101,42,102,80,61" hai3="76,6,110,116,109,15,103,106,41,112,38,94,74"/><U1/><E113/><V86/><F69/><W40/><G112/><T123/><D115/><U107/><E119/><V47/><F61/><W45/><G106/><T99/><D67/><U81/><E127/><V55/><F55/><W34/><G34/><T117/><D117/><U53/><E129/><V57/><F57/><W46/><G116/><T18/><D105/><U104/><E83/><V23/><F93/><W75/><G76/><T48/><D133/><U52/><E53/><V21/><F21/><W130/><G130/><T31/><D123/><U124/><E124/><V51/><F36/><W90/><G103/><T64/><D64/><U85/><E85/><V96/><F96/><W22/><G110/><T111/><D111/><U82/><E82/><V14/><REACH who="2" step="1"/><F102/><REACH who="2" ten="440,330,160,60" step="2"/><W56/><G56/><T121/><D99/><U43/><E104/><V97/><F97/><W12/><G109/><T95/><D95/><U89/><E107/><V78/><F78/><W68/><G68/><T7/><D92/><U30/><E58/><V59/><F59/><W3/><G22/><T35/><D48/><U62/><E60/><V114/><F114/><W132/><G132/><T73/><D20/><U54/><E62/><V120/><F120/><W134/><G134/><T122/><D121/><U108/><E108/><V79/><F79/><W49/><G3/><AGARI ba="0,1" hai="3,5,9,14,16,23,42,47,51,77,80,86,100,101" machi="3" ten="30,7700,0" yaku="1,1,7,1,52,1,54,1,53,0" doraHai="39" doraHaiUra="71" who="2" fromWho="3" sc="440,0,330,0,160,87,60,-77" owari="440,54.0,330,13.0,247,-15.0,-17,-52.0" />
</Scene>
</mjloggm>