<mjloggm ver="2.3"><GO type="169"/><UN n0="%E5%AD%90%E7%AB%9C%EF%BC%90%EF%BC%93%EF%BC%90%EF%BC%98" n1="%E3%83%AD%E3%83%AA%E3%83%BC%E3%82%BF%E3%81%AA%E7%84%BC%E8%82%89" n2="%E5%A4%AA%E3%81%8F%E3%81%AA%E3%81%84%E3%81%8A" n3="%E5%8F%AF%E7%87%83%E6%80%A7%E9%AB%98%E5%9C%A7%E3%82%AC%E3%82%B9" dan="16,17,17,17" rate="2053,2117,2144,2251" sx="M,F,M,M"/><TAIKYOKU oya="0"/>

<Scene>
<INIT seed="0,0,0,5,3,37" ten="250,250,250,250" oya="0" hai0="27,121,42,117,127,95,53,35,8,79,132,124,25" hai1="64,58,87,113,66,120,107,105,93,69,90,123,29" hai2="126,63,80,4,104,55,32,92,100,85,0,91,129" hai3="7,3,116,51,19,17,78,109,28,61,5,125,52"/><T56/><D121/><U18/><E69/><V14/><F32/><W119/><G109/><T46/><D117/><U2/><E2/><V33/><F33/><W24/><G78/><T134/><D79/><U102/><E113/><V59/><F129/><W12/><G61/><T135/><D95/><U70/><E29/><V60/><F126/><N who="0" m="48170" /><D8/><U118/><E70/><V94/><F0/><W36/><G36/><N who="0" m="21831" /><D35/><U43/><E118/><V106/><F106/><W54/><G125/><T88/><D88/><U77/><E90/><V98/><F63/><AGARI ba="0,0" hai="25,27,53,56,63,132,134,135" m="21831,48170" machi="63" ten="40,7700,0" yaku="20,1,18,1,52,1" doraHai="37" who="0" fromWho="2" sc="250,77,250,0,250,-77,250,0" />
</Scene>
<Scene>
<INIT seed="0,1,0,2,4,2" ten="327,250,173,250" oya="0" hai0="103,110,89,122,45,31,50,38,28,128,20,22,63" hai1="97,42,71,19,41,91,17,125,95,16,56,52,130" hai2="112,55,9,58,37,36,15,119,14,66,87,98,62" hai3="79,40,96,114,116,76,10,120,108,13,0,11,74"/><T90/><D122/><U132/><E71/><V43/><F112/><W32/><G116/><T84/><D38/><U133/><E130/><V77/><F119/><W46/><G114/><T12/><D128/><U78/><E78/><V30/><F30/><W82/><G32/><T107/><D63/><N who="1" m="36231" /><E125/><V100/><F77/><W81/><G120/><T39/><D39/><U106/><E106/><V24/><F24/><W135/><G135/><AGARI ba="1,0" hai="16,17,19,41,42,91,95,97,132,133,135" m="36231" machi="135" ten="30,3900,0" yaku="20,1,54,2" doraHai="2" who="1" fromWho="3" sc="327,0,250,42,173,0,250,-42" />
</Scene>
<Scene>
<INIT seed="1,0,0,2,3,79" ten="327,292,173,208" oya="1" hai0="20,14,44,32,122,108,52,95,134,26,120,98,113" hai1="124,18,92,132,29,68,100,106,53,87,105,35,57" hai2="66,48,6,112,128,72,110,21,125,58,101,30,59" hai3="56,28,88,67,7,78,107,116,75,2,97,70,115"/><U17/><E132/><V129/><F72/><W27/><G115/><T49/><D113/><U12/><E68/><V69/><F112/><W39/><G116/><T104/><D104/><U93/><E124/><V90/><F101/><W89/><G39/><T84/><D134/><U36/><E36/><V34/><F34/><W41/><G41/><T71/><D71/><U99/><E35/><V73/><F73/><W85/><G75/><T127/><D32/><U74/><E29/><V81/><F125/><W24/><G70/><T117/><D14/><U38/><E38/><V22/><F110/><W91/><G2/><T45/><D127/><U83/><E74/><V11/><F69/><W103/><G7/><T123/><D84/><U46/><E106/><V51/><F66/><W130/><G130/><N who="2" m="50281" /><F30/><W0/><G0/><T111/><D45/><U102/><E46/><V121/><F121/><W50/><G28/><N who="0" m="17479" /><D117/><U3/><E3/><N who="2" m="479" /><F59/><W31/><G31/><T16/><D16/><N who="1" m="6251" /><E105/><V47/><F58/><W76/><G107/><T25/><D25/><U19/><E93/><V96/><F47/><W37/><G37/><T43/><D43/><U131/><E131/><V8/><F8/><W10/><G10/><T9/><D9/><N who="1" m="6543" /><E92/><V55/><F22/><W118/><G118/><T119/><D119/><U61/><E99/><V135/><F21/><W4/><G24/><T5/><D5/><U15/><E15/><V80/><F135/><W40/><G27/><T82/><D95/><U109/><E109/><N who="0" m="42057" /><D98/><U13/><E13/><V114/><F114/><W62/><G97/><T77/><D123/><RYUUKYOKU ba="0,0" sc="327,15,292,15,173,-15,208,-15" hai0="44,49,52,77,82,120,122" hai1="53,57,61,83,87,100,102" />
</Scene>
<Scene>
<INIT seed="1,1,0,1,5,127" ten="342,307,158,193" oya="1" hai0="28,24,126,57,119,51,133,106,2,38,29,67,22" hai1="79,48,108,68,117,115,84,102,40,87,80,50,31" hai2="0,46,34,16,25,77,101,132,104,72,97,128,86" hai3="63,26,131,111,37,116,76,107,6,114,49,89,36"/><U5/><E68/><V96/><F0/><W120/><G120/><T10/><D38/><U59/><E115/><V130/><F132/><W13/><G114/><T134/><D106/><U44/><E117/><V14/><F72/><W73/><G116/><T45/><D119/><U47/><E108/><V75/><F75/><W103/><G111/><T35/><D126/><U93/><E31/><V62/><F46/><W64/><G89/><T33/><D67/><U135/><E135/><N who="0" m="51721" /><D57/><U100/><E5/><V61/><F96/><W21/><G49/><T110/><D110/><U82/><E59/><V11/><F34/><W42/><G6/><N who="0" m="1367" /><D29/><U98/><E100/><V94/><F25/><W70/><G13/><T125/><D125/><U123/><E123/><V66/><F104/><W1/><G1/><T53/><AGARI ba="1,0" hai="22,24,28,33,35,45,51,53" m="1367,51721" machi="53" ten="30,1100,0" yaku="20,1" doraHai="127" who="0" fromWho="0" sc="342,14,307,-6,158,-4,193,-4" />
</Scene>
<Scene>
<INIT seed="2,0,0,1,1,20" ten="356,301,154,189" oya="2" hai0="56,69,119,94,135,115,65,98,10,49,108,86,105" hai1="79,38,24,120,100,99,1,77,109,12,46,41,76" hai2="30,19,102,64,104,31,4,0,11,7,129,44,88" hai3="85,8,106,89,97,93,126,15,43,52,75,111,133"/><V91/><F129/><W107/><G133/><T26/><D105/><U61/><E1/><V35/><F4/><W9/><G75/><T23/><D69/><U62/><E109/><V118/><F118/><W17/><G111/><T53/><D65/><U125/><E125/><V92/><F64/><W47/><G126/><T90/><D108/><U124/><E124/><V39/><F19/><W78/><G8/><T114/><D119/><U132/><E132/><V96/><F35/><W13/><G13/><T33/><D33/><U80/><E80/><V6/><F6/><W29/><G29/><T112/><D10/><U57/><E12/><V27/><F27/><W5/><G17/><T68/><D68/><U71/><E71/><V83/><F83/><W73/><G73/><T2/><D2/><U21/><E120/><V25/><F25/><W63/><G78/><T113/><D135/><U42/><E42/><V103/><F91/><W81/><G43/><T54/><D54/><U84/><E84/><V34/><F34/><W32/><G32/><T70/><D70/><U50/><E38/><V37/><F102/><W82/><G82/><T60/><D86/><U51/><E51/><V58/><F58/><W59/><REACH who="3" step="1"/><G47/><REACH who="3" ten="356,301,154,179" step="2"/><T36/><D114/><U67/><E62/><V123/><F123/><W48/><G48/><T66/><D36/><N who="2" m="13898" /><F44/><W121/><G121/><T128/><D115/><U116/><E116/><V130/><F130/><W87/><G87/><T22/><D128/><U18/><E77/><V101/><F104/><AGARI ba="0,1" hai="18,21,24,41,46,50,57,61,67,76,79,99,100,104" machi="104" ten="30,2000,0" yaku="7,1,52,1" doraHai="20" who="1" fromWho="2" sc="356,0,301,30,154,-20,179,0" />
</Scene>
<Scene>
<INIT seed="3,0,0,0,0,115" ten="356,331,134,179" oya="3" hai0="65,33,77,117,83,20,80,79,66,71,100,69,26" hai1="1,35,96,103,54,4,53,27,18,37,131,87,94" hai2="113,44,135,28,50,47,116,107,125,73,91,112,9" hai3="124,134,127,58,7,17,114,3,102,72,70,24,59"/><W76/><G114/><T46/><D100/><U12/><E37/><V74/><F107/><W63/><G134/><T98/><D98/><U6/><E131/><V60/><F28/><W56/><G102/><T88/><D46/><U41/><E41/><V120/><F135/><W14/><G24/><T82/><D33/><U40/><E40/><V130/><F130/><W11/><G76/><T129/><D129/><U62/><BYE who="0" /><E1/><V106/><F106/><W61/><G72/><T64/><D64/><U32/><E32/><V29/><F29/><W43/><G43/><T89/><D89/><U39/><E39/><V16/><F125/><N who="3" m="48203" /><G70/><T49/><D49/><U25/><E87/><V97/><F120/><W21/><AGARI ba="0,0" hai="3,7,11,14,17,21,56,58,59,61,63" m="48203" machi="21" ten="30,1500,0" yaku="18,1" doraHai="115" who="3" fromWho="3" sc="356,-5,331,-5,134,-5,179,15" />
</Scene>
<Scene>
<INIT seed="3,1,0,4,1,50" ten="351,326,129,194" oya="3" hai0="59,123,20,9,51,71,76,96,95,26,52,131,134" hai1="58,35,111,90,102,47,109,110,17,93,89,14,45" hai2="30,38,44,55,105,126,60,81,87,57,82,49,28" hai3="54,107,10,129,88,7,13,5,42,106,118,100,0"/><W63/><G118/><T120/><D120/><U43/><E35/><V41/><F105/><W130/><G42/><T72/><D72/><U62/><E102/><V116/><F116/><W92/><G100/><T3/><D3/><U22/><E43/><V46/><F126/><W84/><G7/><T135/><D135/><U104/><E104/><V34/><F34/><W69/><G0/><T65/><D65/><U64/><REACH who="1" step="1"/><E90/><REACH who="1" ten="351,316,129,194" step="2"/><V124/><F124/><W66/><G107/><T8/><D8/><U73/><E73/><V70/><F81/><W78/><G106/><T101/><D101/><U98/><AGARI ba="1,1" hai="14,17,22,45,47,58,62,64,89,93,98,109,110,111" machi="98" ten="30,7900,0" yaku="1,1,0,1,14,1,53,1" doraHai="50" doraHaiUra="56" who="1" fromWho="1" sc="351,-21,316,92,129,-21,194,-40" />
</Scene>
<Scene>
<INIT seed="4,0,0,3,4,15" ten="330,408,108,154" oya="0" hai0="104,9,89,126,85,42,47,64,106,8,95,117,24" hai1="10,78,4,68,79,98,76,90,82,109,57,23,41" hai2="122,113,114,124,72,55,105,16,14,44,112,48,93" hai3="49,3,116,20,36,94,120,13,27,40,2,127,25"/><T66/><D66/><U110/><E68/><V0/><F122/><W74/><G116/><T125/><D125/><U34/><E41/><V51/><F105/><W39/><G74/><T87/><D87/><U135/><E34/><V128/><F72/><W100/><G127/><T133/><D133/><U11/><E135/><V18/><F124/><W61/><G61/><T70/><D70/><U73/><E11/><V115/><F0/><W134/><G134/><T118/><D118/><U96/><E57/><V33/><F33/><W119/><G119/><T17/><D17/><U37/><E23/><V131/><N who="2" m="28672" /><DORA hai="101" /><V84/><F51/><W69/><G69/><T83/><D83/><U60/><E82/><V21/><REACH who="2" step="1"/><F18/><REACH who="2" ten="330,408,98,154" step="2"/><W6/><G3/><T107/><D107/><U28/><E73/><V65/><F65/><W5/><G2/><T54/><D54/><U71/><E109/><UN n0="%E5%AD%90%E7%AB%9C%EF%BC%90%EF%BC%93%EF%BC%90%EF%BC%98" /><V50/><F50/><W26/><G120/><T63/><D117/><U1/><E110/><V46/><F46/><N who="3" m="25799" /><G39/><T45/><D126/><U81/><E37/><V7/><F7/><W99/><G36/><T103/><D106/><U22/><E4/><V130/><F130/><W121/><G121/><T77/><D47/><U97/><E1/><V91/><AGARI ba="0,1" hai="14,16,21,44,48,55,84,91,93,128,131" m="28672" machi="91" ten="60,8000,1" yaku="1,1,0,1,15,1,52,1,54,1,53,0" doraHai="15,101" doraHaiUra="102,75" who="2" fromWho="2" sc="330,-40,408,-20,98,90,154,-20" />
</Scene>
<Scene>
<INIT seed="5,0,0,2,0,5" ten="290,388,188,134" oya="1" hai0="124,74,28,59,31,109,20,53,49,13,34,117,47" hai1="108,3,92,56,89,29,51,122,107,12,111,121,10" hai2="130,40,87,43,19,85,68,17,2,64,44,83,22" hai3="72,120,78,102,128,118,69,131,127,95,23,24,86"/><U36/><E3/><V103/><F2/><W54/><G69/><T6/><D74/><U106/><E36/><V129/><F103/><W30/><G118/><T132/><D117/><U45/><E29/><V61/><F40/><W48/><G120/><T79/><D124/><U66/><E56/><V26/><F19/><W63/><G127/><T94/><D34/><U1/><E66/><V70/><F70/><W96/><G72/><T97/><D132/><U11/><E1/><V18/><F18/><W77/><G63/><T60/><D79/><U39/><E12/><V75/><F75/><W7/><G7/><T91/><D109/><N who="1" m="42059" /><E39/><V134/><F134/><W81/><REACH who="3" step="1"/><G77/><REACH who="3" ten="290,388,188,124" step="2"/><T115/><D115/><U14/><E122/><V50/><REACH who="2" step="1"/><F83/><REACH who="2" ten="290,388,178,124" step="2"/><W82/><G82/><T119/><D119/><U113/><E121/><V25/><F25/><W123/><G123/><T0/><D0/><U65/><E113/><V90/><F90/><W116/><G116/><T84/><D6/><U100/><E89/><V71/><F71/><W93/><G93/><T58/><D94/><U114/><E92/><V80/><F80/><W62/><G62/><T55/><D91/><U126/><E114/><V99/><F99/><W37/><G37/><T41/><D97/><U32/><E126/><V67/><F67/><W57/><AGARI ba="0,2" hai="23,24,30,48,54,57,78,81,86,95,96,102,128,131" machi="57" ten="30,2000,0" yaku="1,1,0,1,53,0" doraHai="5" doraHaiUra="112" who="3" fromWho="3" sc="290,-5,388,-10,178,-5,124,40" />
</Scene>
<Scene>
<INIT seed="6,0,0,1,1,86" ten="285,378,173,164" oya="2" hai0="99,48,60,67,123,61,2,109,105,69,19,31,30" hai1="132,125,76,116,32,113,9,50,90,59,3,87,64" hai2="94,38,26,51,16,27,134,43,35,28,0,112,15" hai3="4,135,71,119,45,36,84,104,21,56,74,65,118"/><V53/><F0/><W73/><G104/><T41/><D109/><U121/><E90/><V102/><F112/><W5/><G71/><T52/><D123/><U54/><E87/><V77/><F134/><W97/><G135/><T72/><D72/><U29/><E54/><V57/><F77/><W62/><G97/><T107/><D41/><U133/><E59/><V33/><F38/><W78/><G84/><T115/><D61/><U80/><E50/><V79/><F79/><W128/><G128/><T6/><D115/><U89/><E32/><V18/><F43/><W40/><G21/><T129/><D129/><U8/><E76/><V39/><F39/><W23/><G23/><T111/><D111/><U106/><E8/><V127/><F127/><W100/><G100/><T124/><D124/><U55/><E9/><V24/><F35/><W88/><G88/><T122/><D122/><U81/><E3/><V120/><F120/><W20/><G20/><T114/><D114/><U13/><E113/><V49/><F49/><W58/><G58/><T131/><D48/><U12/><E125/><V92/><F18/><W70/><G70/><T42/><D19/><U110/><E133/><V130/><F130/><W95/><G95/><N who="2" m="36393" /><F102/><W83/><REACH who="3" step="1"/><G73/><REACH who="3" ten="285,378,173,154" step="2"/><T46/><D46/><U75/><BYE who="0" /><E132/><V96/><F96/><W22/><G22/><T98/><D98/><U7/><E75/><V10/><F33/><W37/><G37/><T93/><D93/><U85/><E106/><V17/><F28/><W103/><G103/><T44/><D44/><U126/><E29/><V68/><F68/><RYUUKYOKU ba="0,1" sc="285,-15,378,-15,173,15,154,15" hai2="10,15,16,17,24,26,27,51,53,57" hai3="4,5,36,40,45,56,62,65,74,78,83,118,119" />
</Scene>
<Scene>
<INIT seed="6,1,1,0,2,40" ten="270,363,188,169" oya="2" hai0="57,112,72,6,23,126,117,127,128,10,61,63,105" hai1="119,27,91,34,47,68,67,37,78,95,58,55,114" hai2="116,20,50,124,99,77,93,28,53,92,73,46,51" hai3="103,97,43,134,60,89,76,74,121,62,48,45,111"/><V131/><F116/><W31/><G121/><T82/><D82/><U132/><E78/><V44/><F131/><W21/><G111/><T39/><D39/><U35/><E119/><V133/><F133/><W5/><G134/><T41/><D41/><U108/><E108/><V80/><F124/><W83/><G89/><T118/><D118/><U120/><E47/><V7/><F7/><W98/><G5/><T52/><D52/><U87/><E55/><V30/><F20/><W102/><G31/><T13/><D13/><U22/><E37/><V107/><F107/><W101/><REACH who="3" step="1"/><G21/><REACH who="3" ten="270,363,188,159" step="2"/><T11/><D11/><U110/><E22/><V69/><F69/><W19/><G19/><T59/><D59/><U36/><E58/><V129/><F129/><W113/><G113/><T115/><D115/><U123/><E68/><V2/><F2/><W106/><G106/><T130/><D130/><U12/><E114/><V65/><F65/><W88/><G88/><T3/><D3/><U29/><E91/><V94/><REACH who="2" step="1"/><F99/><AGARI ba="1,2" hai="43,45,48,60,62,74,76,83,97,98,99,101,102,103" machi="99" ten="40,2600,0" yaku="1,1,52,1,53,0" doraHai="40" doraHaiUra="4" who="3" fromWho="2" sc="270,0,363,0,188,-29,159,49" />
</Scene>
<Scene>
<INIT seed="7,0,0,2,4,16" ten="270,363,159,208" oya="3" hai0="122,126,31,67,94,50,12,52,48,32,127,17,113" hai1="35,96,108,116,45,77,64,55,111,51,120,38,117" hai2="56,134,62,2,30,28,75,112,23,121,47,98,71" hai3="25,43,24,21,86,114,83,27,78,7,68,53,82"/><W1/><G68/><T95/><D95/><U65/><E35/><V3/><F75/><W69/><G69/><T41/><D41/><N who="1" m="22711" /><E96/><V92/><F71/><W18/><G114/><T59/><D59/><N who="1" m="33279" /><E77/><V40/><F112/><W90/><G43/><T19/><D19/><U100/><E100/><V97/><F134/><W15/><G53/><T101/><D101/><U102/><E102/><V91/><F121/><W74/><REACH who="3" step="1"/><G1/><REACH who="3" ten="270,363,159,198" step="2"/><T88/><D88/><U5/><E120/><V46/><F3/><W123/><G123/><T61/><D61/><U14/><E64/><V130/><F2/><W133/><G133/><UN n0="%E5%AD%90%E7%AB%9C%EF%BC%90%EF%BC%93%EF%BC%90%EF%BC%98" /><T8/><D122/><U4/><E65/><V29/><F130/><W115/><G115/><T39/><D39/><U10/><E111/><V109/><F109/><W135/><G135/><T66/><D113/><U124/><E108/><V76/><F76/><W37/><G37/><T132/><D94/><U42/><E42/><V105/><F40/><W110/><G110/><T57/><D50/><U26/><E117/><V118/><F118/><W87/><G87/><T73/><D73/><U11/><E116/><V20/><F98/><W104/><G104/><T106/><D106/><U128/><E128/><V33/><F105/><W85/><G85/><T58/><D132/><U13/><E124/><N who="0" m="47657" /><D58/><U72/><E72/><V49/><F33/><W103/><G103/><T89/><D89/><U131/><E131/><V93/><F93/><W129/><G129/><T6/><D6/><AGARI ba="0,1" hai="6,7,15,18,21,24,25,27,74,78,82,83,86,90" machi="6" ten="40,3900,0" yaku="1,1,52,1,53,0" doraHai="16" doraHaiUra="34" who="3" fromWho="0" sc="270,-39,363,0,159,0,198,49" />
</Scene>
<Scene>
<INIT seed="7,1,0,3,4,48" ten="231,363,159,247" oya="3" hai0="129,0,62,101,55,21,63,3,102,6,82,49,86" hai1="121,133,80,118,126,40,17,15,108,61,4,90,128" hai2="67,97,74,96,78,92,42,7,53,38,113,59,120" hai3="54,123,35,30,31,34,69,1,117,26,116,98,85"/><W125/><G69/><T45/><D129/><U41/><E126/><V68/><F113/><W115/><G123/><T8/><D3/><U87/><E121/><V112/><F112/><W91/><G115/><T39/><D39/><U64/><E108/><V20/><F120/><W73/><G73/><T60/><REACH who="0" step="1"/><D21/><REACH who="0" ten="221,363,159,247" step="2"/><N who="1" m="11455" /><E128/><V23/><F7/><W114/><G114/><T83/><D83/><U103/><E80/><V13/><F74/><W52/><G1/><T37/><D37/><U51/><E4/><V50/><F78/><AGARI ba="1,1" hai="0,6,8,45,49,55,60,62,63,78,82,86,101,102" machi="78" ten="40,2600,0" yaku="1,1,52,1,53,0" doraHai="48" doraHaiUra="127" who="0" fromWho="2" sc="221,39,363,0,159,-29,247,0" owari="260,6.0,363,46.0,130,-37.0,247,-15.0" />
</Scene>
</mjloggm>