<mjloggm ver="2.3"><GO type="41"/><UN n0="%6B%6C%62%73%74%38%38" n1="%E5%A4%AA%E3%81%8F%E3%81%AA%E3%81%84%E3%81%8A" n2="%E3%83%90%E3%83%AB%E3%83%90%E3%83%AD%E3%83%83%E3%82%B5" n3="%67%69%68%72%65%6E" dan="15,15,14,15" rate="2008,2054,1960,1947" sx="M,M,M,M"/><TAIKYOKU oya="0"/>

<Scene>
<INIT seed="0,0,0,2,0,77" ten="250,250,250,250" oya="0" hai0="104,6,81,93,83,135,70,51,14,106,17,2,43" hai1="80,105,94,52,119,67,102,49,35,8,89,101,127" hai2="15,103,61,58,50,45,27,130,13,12,34,84,123" hai3="16,32,5,85,131,40,22,62,90,64,109,122,10"/><T100/><D70/><U36/><E119/><V129/><F123/><W63/><G32/><T132/><D2/><U126/><E35/><V65/><F103/><W1/><G122/><T113/><D6/><U116/><E116/><V46/><F46/><W57/><G109/><T134/><D113/><U75/><E36/><V124/><F124/><N who="1" m="47657" /><E67/><V18/><F34/><W11/><G131/><T117/><D117/><U114/><E114/><V69/><F27/><W7/><G40/><T59/><D93/><U25/><E25/><V107/><F107/><N who="0" m="41002" /><D100/><U38/><E38/><V28/><F28/><W23/><G63/><T30/><D30/><U112/><E112/><V125/><F125/><W74/><G74/><T54/><D43/><U4/><E105/><V72/><F72/><W88/><G90/><T86/><D86/><N who="1" m="50375" /><E94/><V39/><F130/><W98/><G98/><T108/><D108/><U110/><E75/><V31/><F31/><W20/><G1/><T97/><D97/><U9/><E110/><V87/><F129/><W118/><G118/><T55/><D54/><U66/><E66/><V120/><F120/><W21/><G7/><T44/><D44/><N who="1" m="27687" /><E9/><AGARI ba="0,0" hai="9,14,17,51,55,59,81,83,132,134,135" m="41002" machi="9" ten="40,7700,0" yaku="20,1,52,2" doraHai="77" who="0" fromWho="1" sc="250,77,250,-77,250,0,250,0" />
</Scene>
<Scene>
<INIT seed="0,1,0,2,1,7" ten="327,173,250,250" oya="0" hai0="134,8,18,102,87,114,70,12,60,131,25,77,91" hai1="103,20,54,41,39,46,67,45,86,104,111,30,2" hai2="59,26,110,96,69,115,28,100,82,35,56,64,135" hai3="63,33,99,34,57,44,53,88,98,93,83,66,95"/><T121/><D121/><U113/><E2/><V124/><F115/><W58/><G83/><T52/><D114/><U50/><E113/><V74/><F135/><W13/><G44/><T51/><D134/><U75/><E75/><V42/><F124/><W125/><G125/><T61/><D77/><U118/><E118/><V78/><F42/><W14/><G33/><T24/><D102/><U80/><E111/><V6/><F110/><W19/><G34/><T122/><D122/><U132/><E132/><V11/><F69/><W105/><G105/><T119/><D131/><U48/><E67/><V17/><F17/><W47/><G47/><N who="0" m="27775" /><D70/><U29/><E39/><V16/><F64/><W127/><G127/><T0/><D0/><U117/><E117/><V107/><REACH who="2" step="1"/><F16/><REACH who="2" ten="327,173,240,250" step="2"/><W133/><G133/><T10/><D119/><U106/><E29/><V49/><F49/><N who="3" m="30895" /><G19/><T128/><D128/><U126/><E126/><V38/><F38/><W40/><G40/><T94/><D10/><U92/><E30/><V89/><F89/><AGARI ba="1,1" hai="13,14,58,63,66,88,89,93,95,98,99" m="30895" machi="89" ten="30,2000,0" yaku="8,1,54,1" doraHai="7" who="3" fromWho="2" sc="327,0,173,0,240,-23,250,33" />
</Scene>
<Scene>
<INIT seed="1,0,0,5,2,108" ten="327,173,217,283" oya="1" hai0="36,102,117,50,135,112,25,3,103,119,47,16,82" hai1="86,45,26,64,121,77,8,34,85,63,30,75,99" hai2="56,22,55,41,58,40,65,12,97,28,124,52,51" hai3="15,89,54,67,39,123,73,93,84,122,111,127,120"/><U129/><E121/><V27/><F124/><W14/><G39/><T91/><D36/><U104/><E129/><V9/><F65/><W24/><G73/><T110/><D3/><U43/><E8/><V80/><F97/><W130/><G130/><T31/><D110/><U87/><E75/><V21/><F80/><W48/><G67/><T114/><D16/><U90/><E77/><V23/><F40/><W46/><G111/><T88/><D135/><U35/><E35/><V42/><F41/><W33/><REACH who="3" step="1"/><G127/><REACH who="3" ten="327,173,217,273" step="2"/><T68/><D68/><U131/><E131/><V66/><F66/><W95/><G95/><T100/><D82/><U59/><E104/><V107/><F107/><W37/><G37/><T49/><D117/><U126/><E126/><V78/><F78/><W98/><G98/><T62/><D119/><U60/><E99/><V32/><F42/><W61/><G61/><T10/><D62/><U5/><E63/><V125/><F125/><W113/><G113/><T11/><D100/><U74/><E74/><V2/><F2/><W115/><G115/><T1/><D1/><U79/><E79/><V44/><F32/><W116/><G116/><T69/><D69/><U76/><E76/><V57/><REACH who="2" step="1"/><F55/><REACH who="2" ten="327,173,207,273" step="2"/><W38/><G38/><T81/><D81/><U134/><E43/><V19/><AGARI ba="0,2" hai="9,12,19,21,22,23,27,28,44,51,52,56,57,58" machi="19" ten="30,16000,3" yaku="1,1,2,1,0,1,8,1,54,1,53,3" doraHai="108" doraHaiUra="17" who="2" fromWho="2" sc="327,-40,173,-80,207,180,273,-40" />
</Scene>
<Scene>
<INIT seed="2,0,0,2,4,82" ten="287,93,387,233" oya="2" hai0="93,70,20,40,94,43,74,68,53,106,130,64,95" hai1="34,41,12,76,84,120,100,28,32,119,49,25,85" hai2="46,10,23,97,77,118,112,111,123,124,57,24,59" hai3="113,92,75,36,11,105,81,131,29,9,60,110,22"/><V17/><F123/><W86/><G105/><T62/><D106/><U128/><E119/><V90/><F118/><W114/><G36/><T0/><D74/><U63/><E34/><V2/><F112/><W80/><G75/><T4/><D68/><U125/><E100/><V39/><F124/><W122/><G122/><T78/><D78/><U135/><E120/><V14/><F2/><W8/><G110/><T47/><D130/><U27/><E76/><V72/><F111/><W1/><G1/><T30/><D0/><U61/><E27/><V50/><F39/><W7/><G7/><T91/><D4/><U54/><E41/><V71/><F71/><W107/><G107/><T127/><D127/><U116/><E125/><V102/><F77/><W5/><G5/><T99/><D53/><U129/><E12/><V69/><F72/><W37/><G37/><T44/><D43/><U55/><E116/><V98/><F69/><W115/><G60/><N who="1" m="23114" /><E135/><V103/><F103/><W31/><G131/><N who="1" m="50250" /><E55/><V66/><F102/><W48/><G48/><T134/><D134/><U121/><E121/><V56/><F66/><W89/><REACH who="3" step="1"/><G22/><REACH who="3" ten="287,93,387,223" step="2"/><T79/><D20/><U132/><E132/><V18/><F50/><W109/><G109/><T51/><D51/><U133/><E133/><V101/><F101/><W42/><G42/><T104/><D40/><U65/><E65/><V26/><F26/><W117/><G117/><T73/><D64/><U45/><AGARI ba="0,1" hai="25,28,32,45,49,54,84,85" m="50250,23114" machi="45" ten="30,4000,0" yaku="19,1,52,2" doraHai="82" who="1" fromWho="1" sc="287,-10,93,50,387,-20,223,-10" />
</Scene>
<Scene>
<INIT seed="3,0,0,0,4,133" ten="277,143,367,213" oya="3" hai0="85,86,5,78,0,111,8,98,11,99,89,59,32" hai1="96,2,40,42,44,122,88,61,70,22,47,118,13" hai2="66,125,81,45,33,106,104,27,95,129,28,4,126" hai3="76,74,119,41,57,65,77,12,50,67,134,14,101"/><W112/><G119/><T131/><D32/><U110/><E122/><V68/><F129/><W75/><G134/><T23/><D131/><U82/><E2/><V72/><F4/><W26/><G26/><T107/><D11/><U15/><E118/><V109/><F109/><W43/><G101/><T117/><D117/><U7/><E110/><V9/><F9/><W20/><G20/><T102/><D111/><U115/><E115/><V38/><F95/><W3/><G3/><T105/><D78/><U63/><E70/><V16/><F16/><W135/><G135/><T87/><D59/><U60/><E7/><V130/><F130/><W30/><G57/><T48/><D48/><U34/><E34/><V100/><F100/><W53/><G50/><T18/><D107/><U128/><E128/><V90/><F90/><W19/><G19/><T1/><D99/><U113/><E113/><V35/><F35/><W54/><REACH who="3" step="1"/><G30/><REACH who="3" ten="277,143,367,203" step="2"/><T108/><D0/><U37/><E22/><V55/><F27/><W64/><G64/><T52/><D108/><U132/><E132/><V6/><F66/><W25/><G25/><T56/><D18/><U29/><E29/><V46/><F28/><W24/><G24/><T120/><D23/><U21/><E21/><V39/><F33/><W121/><G121/><T17/><D17/><U93/><REACH who="1" step="1"/><E82/><REACH who="1" ten="277,133,367,203" step="2"/><V73/><F81/><W97/><G97/><T71/><D71/><U62/><N who="1" m="15360" /><DORA hai="79" /><U36/><AGARI ba="0,2" hai="13,15,36,37,40,42,44,47,88,93,96" m="15360" machi="36" ten="40,8000,1" yaku="1,1,4,1,0,1,9,1,54,1,53,0" doraHai="133,79" doraHaiUra="124,114" who="1" fromWho="1" sc="277,-20,133,100,367,-20,203,-40" />
</Scene>
<Scene>
<INIT seed="4,0,0,5,1,3" ten="257,233,347,163" oya="0" hai0="124,55,45,115,54,52,15,130,120,63,73,105,44" hai1="77,106,32,66,135,50,37,11,36,12,53,74,62" hai2="72,113,117,79,46,70,76,26,127,122,134,17,101" hai3="116,119,125,123,129,16,59,131,49,43,86,121,56"/><T1/><D1/><U80/><E32/><V82/><F70/><W94/><G86/><T19/><D120/><N who="3" m="46153" /><G94/><T65/><D73/><U41/><E106/><V39/><F39/><W7/><G7/><T102/><D124/><U126/><E126/><V25/><F25/><W2/><G2/><T69/><D130/><N who="3" m="49673" /><G16/><T91/><D115/><U57/><E135/><V33/><F17/><W78/><G78/><T13/><D13/><U67/><E41/><V23/><F23/><W38/><G125/><T132/><D132/><U108/><E108/><V14/><F14/><W27/><G27/><T83/><D105/><U61/><E61/><V71/><F26/><W68/><G68/><T48/><D102/><U90/><E90/><V118/><F71/><W84/><G84/><N who="0" m="50591" /><D45/><U104/><E104/><V88/><F33/><W8/><G8/><AGARI ba="0,0" hai="8,15,19,44,48,52,54,55,63,65,69" m="50591" machi="8" ten="30,2900,0" yaku="25,1,54,1" doraHai="3" who="0" fromWho="3" sc="257,29,233,0,347,0,163,-29" />
</Scene>
<Scene>
<INIT seed="4,1,0,1,3,9" ten="286,233,347,134" oya="0" hai0="119,84,21,121,122,49,99,77,62,41,97,130,109" hai1="115,74,59,43,92,23,70,116,50,22,28,13,33" hai2="78,117,40,6,30,47,118,31,8,42,39,68,46" hai3="51,120,27,111,125,37,4,82,98,80,38,10,5"/><T65/><D119/><U35/><E70/><V32/><F68/><W44/><G111/><T58/><D109/><U132/><E74/><V100/><F100/><W96/><G125/><T53/><D130/><U66/><E116/><N who="2" m="44651" /><F78/><W14/><G120/><T7/><D41/><U56/><E92/><V63/><F63/><W11/><G27/><T12/><D122/><U75/><E75/><V129/><F32/><W55/><G38/><T64/><D121/><U110/><E110/><V91/><F91/><W57/><G37/><T73/><D73/><U131/><E131/><V108/><F108/><W89/><G44/><N who="2" m="16937" /><F129/><W2/><REACH who="3" step="1"/><G89/><REACH who="3" ten="286,233,347,124" step="2"/><T24/><D24/><U83/><E35/><V61/><F39/><W0/><G0/><T79/><D64/><U135/><E33/><V112/><F112/><W69/><G69/><T16/><D7/><U124/><E115/><V102/><F6/><W127/><G127/><T104/><D104/><U101/><E66/><V15/><F42/><W48/><G48/><T29/><D29/><U25/><E43/><V103/><F40/><W20/><G20/><T86/><D77/><U85/><E124/><V71/><F30/><W106/><G106/><T90/><D79/><U72/><E50/><V134/><F31/><W126/><G126/><T54/><D90/><U81/><E28/><V133/><F71/><W17/><G17/><T34/><D34/><U114/><E114/><V105/><F105/><W18/><G18/><T67/><D67/><U113/><E113/><V88/><F88/><W3/><G3/><T94/><D65/><U60/><E25/><RYUUKYOKU ba="1,1" sc="286,-10,233,-10,347,-10,124,30" hai3="2,4,5,10,11,14,51,55,57,80,82,96,98" />
</Scene>
<Scene>
<INIT seed="5,2,1,0,3,47" ten="276,223,337,154" oya="1" hai0="88,55,60,68,54,87,128,50,113,56,25,69,0" hai1="103,36,2,51,70,35,77,58,8,102,92,53,129" hai2="78,116,83,64,105,13,127,99,28,135,132,57,82" hai3="34,84,62,79,90,117,95,41,23,6,94,37,11"/><U81/><E35/><V72/><F116/><W67/><G34/><T16/><D0/><U46/><E70/><V133/><F28/><W66/><G117/><T101/><D101/><U33/><E33/><V107/><F13/><W4/><G67/><T106/><D106/><U126/><E126/><V10/><F10/><W17/><G79/><T80/><D113/><U20/><E129/><V100/><F57/><W15/><G41/><T9/><D128/><U121/><E121/><V1/><F64/><W134/><G37/><T22/><D9/><U120/><E120/><V131/><F1/><W30/><G134/><T12/><D25/><U74/><E20/><V49/><F131/><W109/><G109/><T91/><D91/><U52/><E92/><N who="2" m="58471" /><F127/><W114/><G114/><T98/><D98/><U19/><E36/><V26/><F26/><W5/><G30/><T43/><D43/><U89/><E89/><V3/><F3/><W18/><G18/><T31/><D31/><U93/><E93/><V21/><F21/><W76/><G76/><T111/><D111/><U119/><E119/><V123/><F83/><W14/><REACH who="3" step="1"/><G95/><REACH who="3" ten="276,223,337,144" step="2"/><T45/><AGARI ba="2,2" hai="12,16,22,45,50,54,55,56,60,68,69,80,87,88" machi="45" ten="20,8000,1" yaku="0,1,7,1,52,1,54,2" doraHai="47" who="0" fromWho="0" sc="276,106,223,-42,337,-22,144,-22" />
</Scene>
<Scene>
<INIT seed="6,0,0,4,0,59" ten="382,181,315,122" oya="2" hai0="92,128,54,58,126,116,45,110,57,40,123,63,127" hai1="84,8,2,20,21,41,62,91,36,93,75,44,48" hai2="100,86,133,134,118,51,42,122,7,78,96,77,27" hai3="135,30,67,38,102,73,115,132,22,43,55,35,71"/><V56/><F7/><W129/><G35/><T111/><D123/><U95/><E75/><V60/><F122/><W72/><G73/><T33/><D33/><U34/><E34/><V26/><F118/><W69/><G72/><T82/><D82/><U68/><E36/><V28/><F26/><W105/><G69/><T119/><D92/><U76/><E76/><V94/><F134/><W90/><G132/><T11/><D11/><U121/><E121/><V1/><F1/><W49/><G135/><T108/><D58/><U16/><E93/><V4/><F133/><W124/><G129/><T98/><D98/><U32/><E32/><V85/><F4/><W99/><G124/><N who="0" m="47659" /><D128/><U107/><E107/><V106/><F106/><W6/><G115/><T131/><D131/><U87/><E87/><V120/><F120/><W37/><G6/><T112/><D112/><U79/><E79/><V83/><F51/><AGARI ba="0,0" hai="40,45,51,54,57,63,108,110,111,116,119" m="47659" machi="51" ten="40,8000,1" yaku="18,1,34,2,52,1" doraHai="59" who="0" fromWho="2" sc="382,80,181,0,315,-80,122,0" />
</Scene>
<Scene>
<INIT seed="7,0,0,3,1,85" ten="462,181,235,122" oya="3" hai0="18,91,97,0,131,65,93,55,84,106,110,113,134" hai1="46,2,62,126,56,53,7,101,61,102,19,50,6" hai2="107,60,117,100,72,112,77,133,75,83,76,119,86" hai3="78,57,48,124,109,121,9,21,59,69,36,127,35"/><W88/><G35/><T37/><D0/><U25/><E126/><N who="3" m="48170" /><G69/><T8/><D37/><U130/><E130/><V135/><F60/><N who="1" m="23145" /><E2/><V34/><F34/><W44/><G36/><T116/><D65/><U125/><E125/><V96/><F112/><W71/><G71/><T16/><D18/><U54/><E25/><V49/><F49/><W66/><G78/><T99/><D84/><U82/><E19/><V31/><F31/><W29/><G121/><T80/><D80/><U79/><E79/><V3/><F3/><W52/><G9/><T73/><D8/><U123/><E82/><N who="2" m="45319" /><F86/><W30/><G109/><T13/><D97/><U20/><E20/><V27/><F27/><N who="3" m="16623" /><G30/><T43/><D110/><U94/><E123/><V42/><F42/><W63/><G59/><T38/><D38/><U129/><E129/><V122/><F122/><W10/><G10/><T128/><D131/><U104/><E104/><V81/><F81/><W98/><G98/><T58/><D116/><AGARI ba="0,0" hai="75,77,83,96,100,107,116,117,119,133,135" m="45319" machi="116" ten="30,3900,0" yaku="23,1,34,2" doraHai="85" who="2" fromWho="0" sc="462,-39,181,0,235,39,122,0" owari="423,53.0,181,-22.0,274,7.0,122,-38.0" />
</Scene>
</mjloggm>