<mjloggm ver="2.3"><GO type="169"/><UN n0="%E2%98%86%E4%BA%8C%E9%9A%8E%E5%A0%82%E2%98%86%E5%AB%81%E2%98%86" n1="%E3%81%8B%E3%81%92%E3%81%8D%E3%82%85%E3%81%86" n2="%E5%A4%AA%E3%81%8F%E3%81%AA%E3%81%84%E3%81%8A" n3="%E3%81%AF%E3%82%86%E3%81%86" dan="16,16,17,17" rate="2073,2027,2187,2118" sx="F,M,M,M"/><TAIKYOKU oya="0"/>

<Scene>
<INIT seed="0,0,0,4,0,4" ten="250,250,250,250" oya="0" hai0="45,59,126,95,66,114,8,96,7,25,58,76,89" hai1="110,56,39,130,21,123,82,5,18,33,24,118,31" hai2="64,115,105,87,124,23,127,49,61,46,85,92,121" hai3="20,38,36,103,54,68,102,11,55,44,84,120,77"/><T135/><D114/><U86/><E39/><V19/><F115/><W128/><G68/><T28/><D126/><N who="2" m="48170" /><F105/><W93/><G128/><T2/><D135/><U62/><E130/><V106/><F106/><W63/><G120/><T122/><D76/><U16/><E123/><V97/><F121/><W1/><G20/><T108/><D122/><U133/><E118/><V129/><F129/><W67/><G38/><T60/><D108/><U34/><E110/><V100/><F23/><W6/><G36/><T113/><D45/><U42/><E133/><V112/><F19/><W73/><G44/><T101/><D113/><U125/><E125/><V98/><F98/><W29/><G29/><T37/><D37/><U111/><E111/><V71/><F112/><W80/><G73/><T43/><D43/><AGARI ba="0,0" hai="43,46,49,61,64,71,85,87,92,97,100" m="48170" machi="43" ten="30,1000,0" yaku="18,1" doraHai="4" who="2" fromWho="0" sc="250,-10,250,0,250,10,250,0" />
</Scene>
<Scene>
<INIT seed="1,0,0,3,4,79" ten="240,250,260,250" oya="1" hai0="112,124,113,102,50,83,116,134,109,97,12,126,4" hai1="14,104,6,26,96,73,11,42,33,130,125,74,8" hai2="54,132,41,35,39,80,121,103,46,115,71,21,59" hai3="38,123,61,114,60,36,135,13,91,99,28,45,131"/><U10/><E130/><V78/><F121/><W29/><G123/><T110/><D116/><U66/><E125/><N who="0" m="48233" /><D50/><U82/><E42/><V81/><F35/><W23/><G135/><T75/><D12/><U92/><E104/><V89/><F132/><W118/><G114/><N who="0" m="44139" /><D134/><U0/><E66/><V108/><F115/><W19/><G131/><T111/><D4/><U18/><E10/><V122/><F122/><W48/><G118/><T43/><D43/><U25/><E33/><V51/><F108/><W120/><G120/><T17/><D17/><U22/><E25/><V100/><F71/><W85/><G38/><T69/><D69/><U20/><E22/><V63/><F21/><W34/><G36/><T47/><D47/><U1/><E0/><V2/><F2/><W88/><G34/><T95/><D83/><U84/><E11/><V133/><F133/><W64/><G29/><T55/><D55/><U119/><E119/><V127/><F127/><W67/><G28/><T3/><D3/><U77/><REACH who="1" step="1"/><E1/><REACH who="1" ten="240,240,260,250" step="2"/><V94/><F39/><W101/><G64/><T27/><D27/><U86/><E86/><V52/><F41/><N who="3" m="24623" /><G85/><T53/><D53/><U105/><E105/><V37/><F37/><W56/><G61/><T7/><D7/><U106/><E106/><V40/><F40/><W62/><G62/><T16/><D16/><U117/><E117/><V9/><F63/><W31/><G31/><T107/><D107/><U44/><E44/><V68/><F46/><W128/><G128/><T93/><D75/><U49/><E49/><V5/><F51/><W65/><G65/><RYUUKYOKU ba="0,1" sc="240,10,240,10,260,-30,250,10" hai0="93,95,97,102,109,110,111" hai1="6,8,14,18,20,26,73,74,77,82,84,92,96" hai3="13,19,23,56,60,67,88,91,99,101" />
</Scene>
<Scene>
<INIT seed="1,1,1,1,2,111" ten="250,250,230,260" oya="1" hai0="33,62,76,26,31,77,7,93,108,14,91,25,85" hai1="115,20,32,100,86,134,12,117,112,130,70,106,120" hai2="34,126,125,1,17,103,94,96,80,29,57,71,37" hai3="5,10,46,107,3,89,6,59,8,102,51,72,79"/><U30/><E117/><V67/><F37/><W23/><G23/><T83/><D108/><U2/><E2/><V44/><F1/><W35/><G35/><T61/><D26/><U97/><E120/><V109/><F109/><W114/><G114/><T19/><D77/><U104/><E134/><V124/><F44/><W60/><G79/><T121/><D121/><U43/><E130/><V69/><F80/><W11/><G72/><T128/><D7/><N who="3" m="2569" /><G107/><T113/><D128/><U75/><E75/><V47/><F47/><W18/><G102/><T133/><D133/><U119/><E104/><V116/><F116/><W65/><G89/><T74/><REACH who="0" step="1"/><D113/><REACH who="0" ten="240,250,230,260" step="2"/><U135/><E135/><V99/><F17/><W48/><G3/><T56/><D56/><U28/><E119/><V81/><F57/><W16/><G46/><T101/><D101/><U24/><E70/><V88/><F69/><W118/><G118/><T49/><D49/><AGARI ba="1,2" hai="8,10,11,16,18,48,49,51,59,60,65" m="2569" machi="49" ten="30,2000,0" yaku="8,1,54,1" doraHai="111" who="3" fromWho="0" sc="240,-23,250,0,230,0,260,43" />
</Scene>
<Scene>
<INIT seed="2,0,0,5,5,93" ten="217,250,230,303" oya="2" hai0="80,113,65,124,72,44,86,28,6,45,79,131,59" hai1="30,43,101,9,97,107,78,70,60,56,129,53,98" hai2="132,29,16,96,32,108,120,83,81,61,117,37,67" hai3="134,34,128,42,13,74,106,88,92,94,57,133,130"/><V26/><F120/><W21/><G34/><T55/><D113/><U17/><E129/><N who="3" m="49770" /><G74/><T95/><D124/><U126/><E126/><V36/><F117/><W2/><G106/><T38/><D65/><U40/><E30/><V35/><F35/><W27/><G2/><T119/><D131/><U103/><E78/><V104/><F132/><N who="3" m="50795" /><G42/><T39/><D119/><U82/><E82/><N who="2" m="31243" /><F16/><N who="3" m="10383" /><G27/><T3/><D72/><U49/><E70/><N who="2" m="42351" /><F108/><W102/><G102/><AGARI ba="0,0" hai="26,29,32,36,37,96,102,104" m="42351,31243" machi="102" ten="30,2900,0" yaku="25,1,52,1" doraHai="93" who="2" fromWho="3" sc="217,0,250,0,230,29,303,-29" />
</Scene>
<Scene>
<INIT seed="2,1,0,3,2,17" ten="217,250,259,274" oya="2" hai0="77,126,30,50,103,35,23,121,115,108,98,134,127" hai1="130,48,88,32,135,15,56,102,74,8,43,117,112" hai2="82,107,41,91,29,7,4,84,55,83,106,70,75" hai3="100,124,19,42,113,46,110,118,81,22,120,2,3"/><V63/><F41/><W44/><G110/><T27/><D121/><U86/><E74/><V14/><F29/><W78/><G124/><N who="0" m="47659" /><D115/><U65/><E112/><V5/><F14/><W49/><G113/><T80/><D134/><U114/><E114/><V21/><F21/><W93/><G118/><T76/><D108/><U89/><E135/><V28/><F28/><W64/><G64/><T68/><D68/><U18/><E117/><V51/><F70/><W62/><G62/><T58/><D35/><U122/><E122/><V6/><F63/><W67/><G67/><T60/><D80/><U72/><E72/><V123/><F123/><W79/><G93/><N who="0" m="58831" /><D50/><U71/><E32/><V119/><F119/><W54/><G100/><T101/><D101/><U99/><E71/><V96/><F96/><W111/><G111/><T25/><D25/><U31/><E99/><V73/><N who="2" m="1024" /><DORA hai="53" /><V36/><F36/><W116/><G116/><T85/><D85/><U45/><E102/><V20/><F75/><W26/><G120/><T39/><D39/><U129/><E65/><AGARI ba="1,0" hai="23,27,30,58,60,65,76,77" m="58831,47659" machi="65" ten="30,7700,0" yaku="25,1,18,1,52,2" doraHai="17,53" who="0" fromWho="1" sc="217,80,250,-80,259,0,274,0" />
</Scene>
<Scene>
<INIT seed="3,0,0,3,3,53" ten="297,170,259,274" oya="3" hai0="6,40,117,103,132,37,68,101,35,112,125,34,113" hai1="32,86,135,90,31,20,72,94,13,84,39,75,18" hai2="83,80,52,124,77,46,76,123,11,106,7,0,89" hai3="119,14,3,69,27,58,131,10,81,110,49,102,25"/><W45/><G119/><T85/><D117/><U19/><E39/><V67/><F106/><W24/><G110/><T33/><D125/><U98/><E135/><V118/><F118/><W57/><G69/><T22/><D68/><U111/><E111/><V104/><F104/><W29/><G3/><T134/><D6/><U70/><E70/><V71/><F124/><W95/><G131/><T121/><D22/><U63/><E31/><V100/><F123/><W109/><G29/><T21/><D21/><U4/><E4/><V28/><F100/><N who="0" m="38474" /><D85/><U43/><E32/><V26/><F71/><W120/><G120/><T78/><D78/><U56/><E43/><V127/><F127/><W114/><G114/><N who="0" m="44139" /><D121/><U91/><E19/><V97/><F97/><N who="3" m="59711" /><G81/><T107/><D107/><U42/><E42/><V12/><F0/><W62/><G62/><T51/><D51/><U74/><REACH who="1" step="1"/><E91/><REACH who="1" ten="297,160,259,274" step="2"/><V61/><F89/><W73/><G109/><T96/><D40/><U17/><E17/><V108/><F108/><W50/><G73/><T41/><D41/><U36/><E36/><V48/><F77/><W38/><G38/><T126/><D37/><U16/><E16/><V87/><F76/><W64/><G64/><AGARI ba="0,1" hai="13,18,20,56,63,64,72,74,75,84,86,90,94,98" machi="64" ten="40,2600,0" yaku="1,1,52,1,53,0" doraHai="53" doraHaiUra="44" who="1" fromWho="3" sc="297,0,160,36,259,0,274,-26" />
</Scene>
<Scene>
<INIT seed="4,0,0,2,3,50" ten="297,196,259,248" oya="0" hai0="119,85,121,124,39,108,131,110,32,48,88,6,73" hai1="3,86,123,109,89,1,43,41,79,34,9,74,54" hai2="19,30,61,117,135,111,101,106,84,24,95,114,66" hai3="70,69,90,118,4,126,116,58,36,16,67,15,18"/><T125/><D39/><U57/><E123/><V68/><F111/><N who="0" m="42538" /><D121/><U113/><E109/><V5/><F114/><W132/><G36/><T80/><D32/><U60/><E34/><N who="2" m="20807" /><F135/><W107/><G132/><T25/><D119/><U28/><E28/><V77/><F117/><W47/><G107/><T128/><D6/><U14/><E79/><V55/><F5/><W10/><G126/><N who="0" m="48747" /><D25/><U72/><E1/><V96/><F19/><W87/><G116/><T20/><D20/><U120/><E3/><V11/><F11/><W46/><G118/><T27/><D27/><U98/><E120/><V29/><F29/><W22/><G18/><T97/><D48/><U65/><E113/><V127/><F127/><W23/><G23/><T129/><D97/><U12/><E98/><V134/><F134/><W59/><G69/><T37/><D37/><U64/><E12/><V112/><F112/><W49/><G70/><T40/><D40/><N who="1" m="15435" /><E72/><AGARI ba="0,0" hai="72,73,80,85,88,128,129,131" m="48747,42538" machi="72" ten="40,18000,2" yaku="19,1,10,1,18,1,34,2,54,1" doraHai="50" who="0" fromWho="1" sc="297,180,196,-180,259,0,248,0" />
</Scene>
<Scene>
<INIT seed="4,1,0,0,4,103" ten="477,16,259,248" oya="0" hai0="93,39,22,125,8,11,113,74,32,30,35,87,21" hai1="104,127,42,99,24,73,83,111,121,134,114,96,5" hai2="97,126,61,117,51,9,105,43,36,78,90,50,59" hai3="110,108,13,116,1,131,57,98,46,45,15,65,122"/><T100/><D39/><U0/><E121/><V106/><F78/><W33/><G33/><T67/><D74/><U20/><E111/><V95/><F126/><W62/><G1/><T102/><D87/><U4/><E127/><V60/><F117/><W66/><G116/><T27/><D125/><U91/><E134/><V7/><F36/><W52/><G131/><T19/><D113/><U10/><E4/><V70/><F70/><W130/><G130/><T54/><D67/><N who="3" m="25609" /><G110/><T64/><D64/><U14/><E42/><V79/><F79/><W26/><G108/><T129/><D54/><U31/><E114/><V48/><F43/><W88/><G26/><N who="0" m="14655" /><D93/><U16/><E104/><V40/><F40/><W53/><G122/><T17/><D102/><U6/><E6/><V75/><F75/><W94/><G53/><T29/><D100/><U119/><E119/><V128/><F128/><W77/><G77/><T123/><D129/><U107/><E107/><V120/><F120/><W109/><G109/><T84/><D84/><N who="1" m="50591" /><E73/><V3/><F59/><W86/><G86/><T92/><D123/><U58/><E58/><V85/><F85/><W44/><AGARI ba="1,0" hai="13,15,44,45,46,52,57,62,88,94,98" m="25609" machi="44" ten="30,4000,0" yaku="8,1,54,2" doraHai="103" who="3" fromWho="3" sc="477,-21,16,-11,259,-11,248,43" />
</Scene>
<Scene>
<INIT seed="5,0,0,4,2,41" ten="456,5,248,291" oya="1" hai0="0,3,28,51,64,15,109,4,101,14,22,9,75" hai1="53,83,84,129,81,11,96,118,105,94,44,126,91" hai2="46,102,5,18,108,86,88,67,31,127,115,39,128" hai3="58,16,65,33,12,57,7,24,30,62,76,124,43"/><U110/><E11/><V42/><F108/><W79/><G124/><T17/><D75/><U55/><E118/><V90/><F127/><W82/><G7/><T112/><D64/><U111/><E126/><V2/><F128/><W77/><G43/><T123/><D101/><N who="1" m="62631" /><E129/><V21/><F102/><W119/><G119/><T66/><D66/><U32/><E32/><V38/><F31/><W97/><G97/><T106/><D106/><U63/><E63/><V36/><F67/><W93/><G93/><T45/><D123/><U74/><E74/><V103/><F103/><W40/><G40/><T37/><D37/><U78/><E78/><V130/><F130/><W8/><REACH who="3" step="1"/><G58/><REACH who="3" ten="456,5,248,281" step="2"/><T122/><D4/><U132/><E132/><V27/><F115/><W56/><G56/><T135/><D112/><U52/><E44/><V107/><F107/><W47/><G47/><T70/><D45/><U98/><E98/><V48/><REACH who="2" step="1"/><F86/><AGARI ba="0,1" hai="8,12,16,24,30,33,57,62,65,76,77,79,82,86" machi="86" ten="30,3900,0" yaku="1,1,7,1,54,1,53,0" doraHai="41" doraHaiUra="116" who="3" fromWho="2" sc="456,0,5,0,248,-39,281,49" />
</Scene>
<Scene>
<INIT seed="6,0,0,3,1,19" ten="456,5,209,330" oya="2" hai0="23,4,2,95,97,16,125,112,31,30,49,106,99" hai1="52,102,113,7,32,15,84,131,69,8,111,117,89" hai2="48,56,37,41,61,63,13,122,82,1,54,35,108" hai3="68,85,87,79,90,88,132,74,130,60,109,100,76"/><V44/><F1/><W104/><G68/><T105/><D112/><U110/><E69/><V127/><F35/><W53/><G109/><T9/><D125/><U77/><E77/><N who="3" m="29770" /><G74/><T17/><D49/><U6/><E102/><V91/><F122/><W34/><G34/><T96/><D95/><U25/><E117/><V38/><F127/><W42/><G42/><T20/><D99/><U40/><E40/><V36/><F108/><N who="1" m="41513" /><E52/><N who="2" m="33927" /><F13/><W126/><G126/><T46/><D46/><U67/><E89/><N who="3" m="34410" /><G132/><T50/><D2/><N who="1" m="87" /><E84/><N who="3" m="32330" /><G130/><T0/><D0/><U81/><E81/><V135/><F82/><W59/><G104/><T39/><D39/><N who="2" m="14922" /><F91/><W80/><G80/><T12/><D106/><U120/><E67/><V29/><F29/><W71/><G71/><T24/><D105/><U133/><E120/><V28/><F28/><W78/><G78/><T26/><D31/><N who="1" m="19567" /><E133/><V83/><F83/><W57/><G100/><T72/><D72/><U115/><E131/><V22/><F135/><W103/><G103/><T55/><D30/><U73/><E73/><V119/><F119/><W114/><G114/><N who="1" m="43530" /><E7/><V66/><F38/><W128/><G128/><T116/><D116/><U10/><E10/><V43/><F43/><W107/><G107/><T70/><D4/><U14/><AGARI ba="0,0" hai="14,15" m="43530,19567,87,41513" machi="14" ten="40,5200,0" yaku="15,1,34,2" doraHai="19" who="1" fromWho="1" sc="456,-13,5,52,209,-26,330,-13" />
</Scene>
<Scene>
<INIT seed="7,0,0,5,1,31" ten="443,57,183,317" oya="3" hai0="128,94,91,131,14,18,110,60,13,75,71,92,24" hai1="11,89,93,33,112,8,78,73,132,63,105,123,102" hai2="0,43,6,35,113,45,81,103,115,134,98,101,96" hai3="130,104,47,80,111,124,127,107,70,114,77,100,135"/><W26/><G70/><T64/><D75/><U56/><E123/><V44/><F134/><W38/><G38/><T9/><D110/><U117/><E132/><V125/><F35/><W55/><G135/><T21/><D94/><U82/><E117/><V30/><F30/><W95/><G26/><T59/><D71/><U67/><E112/><N who="2" m="43083" /><F125/><N who="3" m="48203" /><G114/><T88/><D91/><U106/><E106/><N who="3" m="40490" /><G47/><N who="2" m="17993" /><F43/><W23/><G23/><T29/><REACH who="0" step="1"/><D14/><REACH who="0" ten="433,57,183,317" step="2"/><U22/><E22/><V126/><F6/><W72/><G55/><T19/><D19/><U27/><E102/><V37/><F37/><W118/><G118/><T109/><D109/><U54/><E105/><V99/><F126/><W1/><G1/><T10/><D10/><U61/><E33/><V58/><F0/><W69/><G69/><T97/><AGARI ba="0,1" hai="9,13,18,21,24,29,59,60,64,88,92,97,128,131" machi="97" ten="30,4000,0" yaku="1,1,0,1,54,1,53,0" doraHai="31" doraHaiUra="122" who="0" fromWho="0" sc="433,50,57,-10,183,-10,317,-20" owari="483,58.0,47,-45.0,173,-23.0,297,10.0" />
</Scene>
</mjloggm>