<mjloggm ver="2.3"><GO type="97"/><UN n0="%70%6F%69%73%6F%6E%30%32" n1="%64%65%63%5F%73%6F%72%64" n2="%E5%A4%AA%E3%81%8F%E3%81%AA%E3%81%84%E3%81%8A" n3="%EF%BC%AE%EF%BD%8F%EF%BD%89%EF%BD%87%EF%BD%99" dan="14,15,14,14" rate="2014,1972,2044,1879" sx="M,M,M,M"/><TAIKYOKU oya="0"/>

<Scene>
<INIT seed="0,0,0,3,4,105" ten="250,250,250,250" oya="0" hai0="57,118,21,46,9,10,111,60,69,5,71,56,114" hai1="6,12,96,124,126,78,32,82,106,61,50,70,30" hai2="55,18,117,16,31,0,45,25,52,89,127,24,36" hai3="88,14,133,101,115,67,93,28,103,100,107,128,11"/><T125/><D118/><U90/><E32/><V53/><F0/><W85/><G115/><T4/><D114/><U37/><E37/><V48/><F117/><W132/><G128/><T19/><D46/><U59/><E30/><V47/><F127/><N who="1" m="48681" /><E70/><V41/><F89/><W35/><G67/><T119/><D119/><U26/><E26/><V72/><F72/><W73/><G73/><T76/><D125/><U68/><E68/><V62/><F25/><W74/><G74/><T102/><D111/><U123/><E50/><V98/><F98/><W104/><G28/><T94/><D76/><U23/><E90/><V15/><F62/><W86/><G35/><T77/><D77/><U29/><E123/><V134/><F134/><N who="3" m="51819" /><G86/><T20/><D102/><N who="3" m="26113" /><W66/><DORA hai="113" /><G66/><T8/><D94/><U49/><E49/><V87/><F87/><W7/><AGARI ba="0,0" hai="7,11,14,85,88,93,104,107" m="26113,51819" machi="7" ten="40,2700,0" yaku="20,1,54,1" doraHai="105,113" who="3" fromWho="3" sc="250,-13,250,-7,250,-7,250,27" />
</Scene>
<Scene>
<INIT seed="1,0,0,4,5,17" ten="237,243,243,277" oya="1" hai0="71,18,61,50,84,103,6,43,11,34,9,90,7" hai1="45,4,131,100,41,114,16,52,58,39,30,119,75" hai2="70,63,96,105,14,69,80,38,111,135,42,5,23" hai3="27,57,74,10,130,36,0,48,89,28,124,121,83"/><U91/><E119/><V37/><F111/><W106/><G121/><T127/><D34/><U86/><E114/><V78/><F135/><W125/><G130/><T46/><D127/><N who="3" m="48713" /><G106/><T54/><D103/><U12/><E75/><V94/><F105/><W133/><G133/><T32/><D32/><U116/><E116/><V49/><F49/><W65/><G36/><T47/><D71/><U33/><E131/><V132/><F132/><W68/><G68/><T117/><D117/><U126/><E126/><V76/><F76/><N who="3" m="44439" /><G89/><T13/><D9/><U60/><E4/><V20/><F5/><N who="3" m="1319" /><G65/><T8/><D8/><U79/><E79/><V82/><F70/><W22/><G57/><T66/><D66/><U93/><E100/><V95/><F38/><W25/><G25/><T123/><D123/><U72/><E72/><V44/><F78/><W24/><G24/><T59/><D47/><U107/><E107/><V108/><F44/><W104/><G48/><T99/><D99/><U26/><E12/><V55/><F14/><W129/><G129/><T110/><D110/><U1/><E1/><V122/><F96/><W102/><G104/><T15/><D15/><U64/><E64/><V118/><F122/><W120/><G120/><T113/><D113/><U2/><E2/><V98/><F98/><W56/><G56/><T73/><D73/><U87/><E87/><V112/><F69/><W134/><G134/><T77/><D77/><U85/><E86/><V40/><F112/><W35/><G102/><T81/><AGARI ba="0,0" hai="6,7,11,13,18,43,46,50,54,59,61,81,84,90" machi="81" ten="20,2700,0" yaku="0,1,7,1,8,1" doraHai="17" who="0" fromWho="0" sc="237,27,243,-13,243,-7,277,-7" />
</Scene>
<Scene>
<INIT seed="2,0,0,2,1,90" ten="264,230,236,270" oya="2" hai0="19,49,76,116,86,88,63,95,68,53,103,132,91" hai1="135,107,69,119,118,59,40,77,61,43,47,51,81" hai2="8,54,129,75,27,73,94,36,41,16,67,14,50" hai3="29,4,46,112,79,71,131,24,31,99,32,66,21"/><V113/><F113/><W102/><G131/><T28/><D116/><U35/><E107/><V109/><F129/><W130/><G130/><T23/><D132/><U33/><E135/><V2/><F2/><W52/><G112/><T134/><D134/><U38/><E69/><V13/><F109/><W22/><G79/><T20/><D76/><U65/><E43/><V64/><F75/><W72/><G72/><T100/><D68/><U80/><E80/><V44/><F73/><W126/><G126/><T74/><D63/><U26/><E51/><V127/><F127/><W12/><G31/><T120/><D74/><U7/><E7/><V60/><F27/><W105/><G12/><T62/><D62/><U104/><E104/><V98/><F14/><W89/><G89/><T121/><D28/><U123/><E123/><V25/><F25/><W85/><G85/><T128/><D128/><U57/><E57/><N who="2" m="34871" /><F36/><W108/><G108/><T82/><D121/><U122/><E122/><V125/><F125/><W106/><G106/><T37/><D37/><U15/><E15/><V17/><F17/><W83/><G83/><T39/><D39/><U115/><E115/><V114/><F114/><W3/><G3/><T55/><D19/><U117/><REACH who="1" step="1"/><E26/><REACH who="1" ten="264,220,236,270" step="2"/><V45/><F45/><W84/><G4/><T101/><D120/><U0/><E0/><V92/><F92/><W96/><G96/><N who="0" m="57447" /><D49/><U18/><E18/><V1/><F1/><W48/><G84/><AGARI ba="0,1" hai="33,35,38,40,47,59,61,65,77,81,84,117,118,119" machi="84" ten="40,2600,0" yaku="1,1,53,1" doraHai="90" doraHaiUra="78" who="1" fromWho="3" sc="264,0,220,36,236,0,270,-26" />
</Scene>
<Scene>
<INIT seed="3,0,0,4,0,39" ten="264,256,236,244" oya="3" hai0="35,118,102,52,41,82,79,20,40,55,77,19,29" hai1="109,108,4,120,85,25,86,32,99,21,30,74,26" hai2="116,84,70,133,22,122,34,104,24,128,75,134,28" hai3="121,131,64,46,96,130,113,95,7,42,47,44,66"/><W135/><G121/><T56/><D118/><U91/><E74/><V126/><RYUUKYOKU type="yao9" ba="0,0" sc="264,0,256,0,236,0,244,0" hai2="22,24,28,34,70,75,84,104,116,122,126,128,133,134" />
</Scene>
<Scene>
<INIT seed="3,1,0,3,2,86" ten="264,256,236,244" oya="3" hai0="69,123,0,99,19,132,55,40,23,32,84,73,122" hai1="1,77,34,92,13,39,66,105,46,104,47,98,56" hai2="11,74,31,88,81,76,28,109,101,64,57,130,129" hai3="100,68,53,22,3,54,43,116,70,127,107,38,15"/><W45/><G127/><T83/><D32/><U33/><E77/><V14/><F101/><W36/><G116/><T78/><D0/><U12/><E1/><V118/><F118/><W17/><G3/><T52/><D69/><U2/><E2/><V67/><F109/><W16/><G17/><T21/><D40/><U29/><E29/><N who="2" m="11339" /><F57/><W112/><G112/><T91/><D132/><U60/><E34/><V131/><F88/><W82/><G82/><T4/><D4/><AGARI ba="1,0" hai="4,11,14,64,67,74,76,81,129,130,131" m="11339" machi="4" ten="30,1000,0" yaku="19,1" doraHai="86" who="2" fromWho="0" sc="264,-13,256,0,236,13,244,0" />
</Scene>
<Scene>
<INIT seed="4,0,0,1,4,55" ten="251,256,249,244" oya="0" hai0="133,73,94,13,111,83,95,98,26,36,74,50,129" hai1="87,63,60,80,101,41,128,6,17,65,78,59,96" hai2="46,104,20,92,77,131,114,84,39,34,0,23,103" hai3="44,19,120,117,105,10,88,15,99,52,57,76,40"/><T42/><D36/><U54/><E128/><V85/><F34/><W102/><G120/><T29/><D129/><U9/><E41/><V58/><F0/><W118/><G76/><T72/><D133/><U122/><E122/><V112/><F131/><W33/><G33/><T82/><D111/><U1/><E17/><V12/><F104/><W51/><REACH who="3" step="1"/><G88/><REACH who="3" ten="251,256,249,234" step="2"/><T125/><D125/><U25/><E25/><V127/><F77/><W93/><G93/><T91/><D95/><U32/><E32/><V90/><F90/><W75/><G75/><T97/><D97/><U49/><E65/><V66/><F92/><AGARI ba="0,1" hai="1,6,9,49,54,59,60,63,78,80,87,92,96,101" machi="92" ten="30,2000,0" yaku="7,1,52,1" doraHai="55" who="1" fromWho="2" sc="251,0,256,30,249,-20,234,0" />
</Scene>
<Scene>
<INIT seed="5,0,0,3,4,72" ten="251,286,229,234" oya="1" hai0="54,76,85,58,97,86,101,75,107,67,78,89,5" hai1="42,70,34,12,73,98,43,133,63,121,16,94,60" hai2="19,27,105,40,6,35,134,20,68,31,66,45,124" hai3="71,92,2,13,24,51,109,126,1,84,102,23,112"/><U11/><E121/><V132/><F105/><W41/><G109/><T116/><D116/><U37/><E37/><V21/><F124/><W74/><G71/><T10/><D67/><U8/><E73/><V77/><F6/><W56/><G112/><T128/><D75/><U79/><E79/><V15/><F77/><W96/><G126/><T29/><D29/><U87/><E34/><V90/><F90/><W59/><G74/><T4/><D86/><U9/><E87/><V25/><F66/><W127/><G127/><T28/><D28/><U122/><E122/><V57/><F57/><W93/><G13/><T22/><D22/><N who="1" m="11527" /><E133/><N who="2" m="51307" /><F68/><W91/><G2/><T118/><D118/><U131/><E131/><V39/><F27/><W115/><G1/><T55/><D128/><U46/><E70/><V125/><F125/><W18/><REACH who="3" step="1"/><G115/><REACH who="3" ten="251,286,229,224" step="2"/><T88/><D107/><U82/><E82/><V61/><F61/><N who="1" m="23625" /><E46/><AGARI ba="0,1" hai="18,23,24,41,46,51,56,59,84,91,92,93,96,102" machi="46" ten="40,8000,1" yaku="1,1,8,1,53,2" doraHai="72" doraHaiUra="52" who="3" fromWho="1" sc="251,0,286,-80,229,0,224,90" owari="251,5.0,206,-29.0,229,-17.0,314,41.0" />
</Scene>
</mjloggm>