<mjloggm ver="2.3"><GO type="169" lobby="0"/><UN n0="%52%4F%54%54%45%4E" n1="%E5%A4%AA%E3%81%8F%E3%81%AA%E3%81%84%E3%81%8A" n2="%E3%80%93%E6%9D%BE%E4%BA%95%EF%BC%A3%EF%BC%B3%E3%80%93" n3="%73%65%61%2D%6D%61%6E%32" dan="16,18,18,16" rate="2117.05,2171.07,2184.58,2027.63" sx="M,M,M,M"/><TAIKYOKU oya="0"/>

<Scene>
<INIT seed="0,0,0,1,4,89" ten="250,250,250,250" oya="0" hai0="74,76,10,114,135,39,101,49,17,30,115,98,64" hai1="62,117,37,53,129,123,80,28,45,105,42,78,18" hai2="41,46,75,124,127,112,133,60,59,26,50,52,119" hai3="6,109,55,38,111,54,57,125,103,31,113,87,72"/><T116/><D116/><U106/><E117/><V3/><F75/><W71/><G113/><T44/><D39/><U100/><E123/><V70/><F3/><W91/><G72/><T36/><D36/><U88/><E129/><V8/><F8/><W19/><G71/><T107/><D135/><U99/><E28/><V48/><F26/><W20/><G31/><T104/><D107/><U92/><E18/><V96/><F119/><W73/><G73/><T40/><D64/><U47/><E100/><V86/><F96/><W12/><G103/><T122/><D122/><U97/><E97/><V34/><F34/><W27/><G38/><T69/><D69/><U21/><E21/><V67/><F86/><W93/><G125/><N who="2" m="48201" /><F133/><W131/><G131/><T84/><D74/><U90/><E90/><V11/><F11/><N who="3" m="4215" /><G57/><T94/><D30/><U120/><E120/><V108/><F108/><AGARI ba="0,0" hai="19,20,27,54,55,87,91,93,108,109,111" m="4215" machi="108" ten="30,2000,0" yaku="14,1,52,1" doraHai="89" who="3" fromWho="2" sc="250,0,250,0,250,-20,250,20" />
</Scene>
<Scene>
<INIT seed="1,0,0,5,5,0" ten="250,250,230,270" oya="1" hai0="124,55,17,2,65,10,87,68,7,52,91,98,111" hai1="14,89,90,35,69,116,86,99,33,126,3,26,104" hai2="67,21,94,32,84,118,57,107,72,134,9,117,59" hai3="46,92,64,73,51,42,106,102,23,45,79,15,83"/><U80/><E116/><V18/><F32/><W41/><G106/><T31/><D31/><U12/><E3/><V81/><F107/><W133/><G133/><T100/><D124/><U108/><E69/><V36/><F36/><W74/><G64/><T44/><D111/><U127/><E108/><V123/><F123/><W61/><G61/><T114/><D114/><U48/><E48/><V93/><F72/><W105/><G105/><T131/><D131/><U5/><E26/><V112/><F134/><W121/><G121/><T43/><D17/><U16/><E5/><V85/><F112/><W77/><G92/><T128/><D128/><U132/><E132/><V27/><F94/><W38/><G102/><T40/><D40/><U97/><E104/><V109/><F109/><W4/><G23/><T1/><D1/><U95/><E97/><V71/><F71/><W50/><G38/><T30/><D30/><U66/><E66/><V82/><F67/><W60/><G60/><N who="0" m="39975" /><D98/><U70/><E70/><V39/><F39/><W13/><G4/><T96/><D96/><U115/><E115/><V49/><F118/><W47/><REACH who="3" step="1"/><G45/><REACH who="3" ten="250,250,230,260" step="2"/><T130/><D100/><U54/><E35/><V129/><F117/><W78/><G78/><T19/><D130/><U62/><E33/><V53/><F129/><W88/><G88/><T6/><D6/><U8/><REACH who="1" step="1"/><E14/><REACH who="1" ten="250,240,230,260" step="2"/><V28/><F27/><W120/><G120/><T76/><D2/><U37/><E37/><V25/><F25/><W63/><G63/><T135/><D135/><U29/><E29/><V58/><F28/><W24/><G24/><RYUUKYOKU ba="0,2" sc="250,-15,240,15,230,-15,260,15" hai1="8,12,16,54,62,80,86,89,90,95,99,126,127" hai3="13,15,41,42,46,47,50,51,73,74,77,79,83" />
</Scene>
<Scene>
<INIT seed="1,1,2,3,0,37" ten="235,255,215,275" oya="1" hai0="40,112,93,56,33,30,70,35,48,29,76,78,25" hai1="52,107,127,84,113,38,111,79,118,125,9,94,103" hai2="0,21,80,115,130,45,59,10,54,72,129,69,55" hai3="95,13,62,20,39,87,57,44,126,97,108,6,7"/><U73/><E38/><V134/><F69/><W53/><G108/><T46/><D70/><U121/><E121/><V31/><F134/><W117/><G126/><N who="1" m="48138" /><E118/><V51/><F115/><W71/><G117/><T89/><D112/><U4/><E113/><V65/><F65/><W8/><G71/><T1/><D1/><N who="1" m="143" /><E111/><V131/><F31/><W74/><G74/><T60/><D30/><U122/><E122/><V64/><F64/><W47/><G87/><T91/><D35/><U128/><E128/><V81/><F21/><W99/><G6/><T2/><D2/><U41/><E107/><V15/><F72/><W135/><G135/><T98/><REACH who="0" step="1"/><D91/><REACH who="0" ten="225,255,215,275" step="2"/><N who="1" m="53607" /><E103/><V100/><F100/><W36/><G39/><T16/><D16/><U3/><E3/><V34/><F0/><W101/><G36/><T26/><D26/><U50/><E79/><V32/><F32/><W77/><G77/><T133/><D133/><U124/><E124/><V75/><F34/><W66/><G101/><T5/><D5/><U43/><E73/><V61/><F75/><W23/><G7/><AGARI ba="1,3" hai="7,10,15,45,51,54,55,59,61,80,81,129,130,131" machi="7" ten="40,1300,0" yaku="19,1" doraHai="37" who="2" fromWho="3" sc="225,0,255,0,215,46,275,-16" />
</Scene>
<Scene>
<INIT seed="2,0,0,2,1,11" ten="225,255,261,259" oya="2" hai0="67,0,78,131,107,3,28,110,2,56,51,99,9" hai1="90,120,66,104,35,108,126,121,21,63,41,12,24" hai2="45,75,103,98,57,39,59,94,113,86,96,64,16" hai3="95,128,129,30,115,37,79,133,6,117,62,50,33"/><V27/><F75/><W36/><G117/><T130/><D110/><U8/><E104/><V106/><F113/><W135/><G115/><T47/><D78/><U112/><E112/><V70/><F86/><W123/><G123/><N who="1" m="47178" /><E108/><V105/><F70/><W80/><G62/><T61/><D28/><N who="1" m="19847" /><E126/><V5/><F5/><W82/><G95/><T74/><D74/><U1/><E41/><V77/><F77/><W114/><G114/><T127/><D127/><U125/><E125/><V97/><F97/><W22/><G33/><T71/><D71/><N who="1" m="42463" /><E21/><V46/><F106/><W122/><G6/><T118/><D118/><U42/><E42/><V69/><F69/><W119/><G119/><T15/><D107/><U13/><E90/><V38/><F38/><W93/><G122/><T58/><D56/><U29/><E29/><V100/><F39/><N who="3" m="14923" /><G22/><T52/><REACH who="0" step="1"/><D99/><REACH who="0" ten="215,255,261,259" step="2"/><U68/><E68/><V53/><F59/><W76/><G79/><T10/><D10/><U101/><E101/><V14/><F98/><W7/><G76/><T88/><D88/><U91/><E91/><V87/><F103/><W89/><G30/><T73/><D73/><U40/><E8/><N who="2" m="6215" /><F105/><W109/><G109/><T25/><D25/><U84/><E84/><V18/><F87/><W55/><G7/><AGARI ba="0,1" hai="0,2,3,7,9,15,47,51,52,58,61,67,130,131" machi="7" ten="40,5200,0" yaku="1,1,52,1,54,1,53,0" doraHai="11" doraHaiUra="81" who="0" fromWho="3" sc="215,62,255,0,261,0,259,-52" />
</Scene>
<Scene>
<INIT seed="3,0,0,0,0,129" ten="277,255,261,207" oya="3" hai0="125,12,32,18,68,84,126,41,107,64,63,22,60" hai1="128,10,44,23,106,70,30,120,19,85,79,112,117" hai2="111,74,42,4,122,66,109,132,90,93,121,118,99" hai3="54,6,105,123,87,2,103,17,38,7,135,119,94"/><W58/><G119/><T89/><D107/><U28/><E112/><V43/><F4/><W82/><G123/><N who="2" m="47113" /><F66/><W20/><G38/><T83/><D32/><U134/><E120/><V37/><F43/><W14/><G105/><T53/><D41/><U25/><E106/><V16/><F42/><W50/><G135/><T133/><D60/><U91/><E70/><V81/><F37/><W27/><G2/><T72/><D53/><U115/><E115/><V21/><F118/><W46/><G94/><T5/><D72/><U98/><E117/><V113/><F113/><W65/><G103/><T31/><D31/><U48/><E128/><V9/><F9/><W15/><G65/><T52/><D52/><N who="1" m="29703" /><E134/><V39/><F39/><W71/><G71/><T34/><D34/><U8/><E79/><N who="2" m="44279" /><F132/><W130/><G130/><T69/><D133/><U24/><E98/><V97/><F99/><W56/><G7/><T36/><D36/><U101/><E10/><V49/><F49/><W114/><G114/><T96/><D96/><U95/><E8/><V78/><F78/><N who="3" m="46551" /><G6/><T29/><D5/><U92/><E25/><AGARI ba="0,0" hai="16,21,25,90,93,97,109,111" m="44279,47113" machi="25" ten="30,2000,0" yaku="13,1,54,1" doraHai="129" who="2" fromWho="1" sc="277,0,255,-20,261,20,207,0" />
</Scene>
<Scene>
<INIT seed="4,0,0,0,1,70" ten="277,235,281,207" oya="0" hai0="86,54,90,85,56,69,8,25,38,129,131,3,60" hai1="57,66,116,123,97,61,17,47,13,84,78,81,50" hai2="9,22,32,67,101,5,41,130,30,44,89,53,112" hai3="94,46,31,103,71,27,33,133,122,64,108,18,35"/><T107/><D107/><U76/><E123/><V43/><F112/><W1/><G108/><T105/><D105/><U96/><E78/><V82/><F32/><W68/><G122/><T79/><D69/><U55/><REACH who="1" step="1"/><E116/><REACH who="1" ten="277,225,281,207" step="2"/><V51/><F130/><W14/><G133/><T124/><D79/><U134/><E134/><V92/><F101/><W106/><G106/><T117/><D117/><U24/><E24/><V93/><F93/><W2/><G1/><T120/><D25/><U16/><E16/><V29/><F82/><W132/><G2/><T19/><D3/><U0/><E0/><V83/><F83/><W4/><G132/><T126/><D19/><U52/><E52/><V91/><F67/><W45/><G94/><T20/><D54/><U113/><E113/><V100/><F100/><W63/><G103/><T39/><D120/><U58/><E58/><V121/><F121/><W36/><G71/><T48/><D56/><U11/><AGARI ba="0,1" hai="11,13,17,47,50,55,57,61,66,76,81,84,96,97" machi="11" ten="20,12000,2" yaku="1,1,0,1,7,1,8,1,53,2" doraHai="70" doraHaiUra="95" who="1" fromWho="1" sc="277,-60,225,130,281,-30,207,-30" />
</Scene>
<Scene>
<INIT seed="5,0,0,2,2,69" ten="217,355,251,177" oya="1" hai0="120,0,93,126,40,103,67,32,111,75,132,56,64" hai1="51,112,46,61,63,106,45,128,42,66,23,55,5" hai2="117,48,71,62,26,107,97,91,18,22,4,54,15" hai3="101,58,81,41,86,16,11,65,90,116,70,113,6"/><U25/><E106/><V21/><F117/><W20/><G113/><T43/><D75/><U121/><E121/><V79/><F79/><W83/><G116/><T33/><D0/><U95/><E112/><V28/><F71/><W89/><G101/><T53/><D120/><U17/><E128/><V133/><F133/><W80/><G70/><T109/><D132/><U39/><E66/><V44/><F62/><W134/><G134/><T115/><D115/><U49/><E5/><V76/><F76/><W84/><G41/><T114/><D114/><U100/><REACH who="1" step="1"/><E39/><REACH who="1" ten="217,345,251,177" step="2"/><V10/><F107/><W8/><G6/><T119/><D67/><U105/><E105/><V38/><F38/><W92/><G65/><T50/><D64/><U131/><E131/><V37/><F37/><W59/><G59/><T87/><D56/><U2/><E2/><V57/><F57/><W27/><G58/><T35/><D119/><U127/><E127/><V12/><F4/><W82/><AGARI ba="0,1" hai="8,11,16,20,27,80,81,82,83,84,86,89,90,92" machi="82" ten="30,4000,0" yaku="0,1,8,1,54,1" doraHai="69" who="3" fromWho="3" sc="217,-10,345,-20,251,-10,177,50" />
</Scene>
<Scene>
<INIT seed="6,0,0,0,3,78" ten="207,325,241,227" oya="2" hai0="36,4,12,55,91,5,17,46,134,30,23,124,73" hai1="56,130,20,88,3,64,27,31,110,120,118,16,113" hai2="66,111,43,125,54,19,49,38,40,79,131,128,8" hai3="47,41,68,44,102,53,21,67,127,1,76,115,48"/><V61/><F79/><W52/><G1/><T63/><D73/><U89/><E110/><V109/><F19/><W22/><G127/><T39/><D124/><U13/><E118/><V77/><F8/><W116/><G116/><T98/><D134/><U92/><E3/><V18/><F18/><W58/><G102/><T104/><D30/><U126/><E126/><V121/><F77/><W24/><G76/><T90/><D36/><U6/><E113/><V72/><F72/><W9/><G115/><T33/><D33/><U11/><E130/><N who="2" m="49707" /><F125/><W114/><G114/><T107/><D39/><U87/><E120/><V86/><F86/><W34/><G34/><T60/><D107/><U69/><E69/><N who="2" m="42191" /><F38/><W37/><G9/><T80/><D104/><U71/><E6/><N who="0" m="2665" /><D98/><U7/><E7/><V112/><F112/><W129/><G129/><T132/><D132/><U28/><E28/><V70/><F70/><W94/><G94/><T42/><D42/><N who="2" m="15914" /><F121/><W103/><G103/><T62/><D80/><N who="1" m="49255" /><E71/><V35/><F35/><W83/><G22/><T10/><D23/><U65/><E92/><V95/><F95/><W32/><G32/><T93/><D93/><U51/><E89/><V108/><F111/><W96/><G68/><T101/><D101/><U97/><E97/><V99/><F99/><W29/><G96/><T135/><D135/><U105/><E105/><V57/><AGARI ba="0,0" hai="49,54,57,108,109" m="15914,42191,49707" machi="57" ten="30,6000,0" yaku="19,1,34,2" doraHai="78" who="2" fromWho="2" sc="207,-20,325,-20,241,60,227,-20" />
</Scene>
<Scene>
<INIT seed="6,1,0,3,5,74" ten="187,305,301,207" oya="2" hai0="7,3,22,110,107,32,55,33,89,121,16,100,45" hai1="25,83,101,21,64,132,92,4,91,35,60,49,12" hai2="86,95,97,19,8,15,94,13,90,29,48,85,113" hai3="51,71,28,26,44,112,31,69,54,80,2,57,81"/><V125/><F125/><W63/><G2/><T34/><D110/><U117/><E117/><V127/><F113/><W23/><G112/><T109/><D109/><U0/><E132/><V122/><F127/><W38/><G71/><T52/><D121/><U105/><E0/><V84/><F122/><W9/><G69/><T106/><D89/><U93/><E35/><V47/><F15/><W67/><G38/><T128/><D128/><U133/><E133/><V99/><F29/><W66/><G9/><T75/><D75/><U65/><E105/><V68/><F68/><W42/><G31/><T120/><D120/><U56/><E49/><V87/><REACH who="2" step="1"/><F95/><REACH who="2" ten="187,305,291,207" step="2"/><W77/><G81/><T18/><D107/><U119/><E83/><V96/><F96/><W123/><G123/><T88/><D106/><U102/><E92/><V79/><F79/><W20/><REACH who="3" step="1"/><G23/><REACH who="3" ten="187,305,291,197" step="2"/><T111/><D22/><U135/><E21/><V129/><F129/><W14/><G14/><T82/><D111/><U17/><E12/><V11/><F11/><W40/><G40/><AGARI ba="1,2" hai="8,13,19,40,47,48,84,85,86,87,90,94,97,99" machi="40" ten="40,3900,0" yaku="1,1,8,1,53,0" doraHai="74" doraHaiUra="27" who="2" fromWho="3" sc="187,0,305,0,291,62,197,-42" />
</Scene>
<Scene>
<INIT seed="6,2,0,1,4,73" ten="187,305,353,155" oya="2" hai0="61,33,37,64,38,105,80,110,97,15,32,89,98" hai1="82,53,39,54,102,115,52,20,120,63,24,67,3" hai2="65,113,125,13,6,107,77,1,45,111,59,16,7" hai3="31,114,101,121,40,134,119,34,129,93,86,28,29"/><V79/><F107/><W100/><G119/><T118/><D110/><U50/><E39/><V78/><F1/><W22/><G121/><T85/><D118/><U92/><E3/><V56/><F111/><W26/><G134/><T123/><D123/><U124/><E120/><V21/><F113/><W35/><G129/><T43/><D15/><U10/><E115/><V5/><F125/><W87/><G114/><T76/><D37/><U135/><E135/><V4/><F4/><W90/><G40/><T131/><D131/><U18/><E124/><V71/><F45/><W47/><G47/><T122/><D122/><U96/><E10/><V81/><F71/><W94/><G35/><T9/><D9/><U133/><E133/><V23/><F65/><W11/><G34/><T75/><D43/><U128/><E128/><V84/><F23/><W41/><G41/><T126/><D38/><U48/><REACH who="1" step="1"/><E82/><REACH who="1" ten="187,295,353,155" step="2"/><V127/><F127/><W36/><G36/><T72/><D126/><U66/><E66/><V2/><F2/><W109/><G109/><T117/><D117/><U99/><E99/><V30/><F30/><N who="3" m="17751" /><G11/><T106/><D97/><U25/><E25/><V17/><F17/><W57/><G57/><AGARI ba="2,1" hai="18,20,24,48,50,52,53,54,57,63,67,92,96,102" machi="57" ten="40,5200,0" yaku="1,1,8,1,54,1,53,0" doraHai="73" doraHaiUra="70" who="1" fromWho="3" sc="187,0,295,68,353,0,155,-58" /><AGARI ba="2,0" hai="5,6,7,13,16,21,56,57,59,77,78,79,81,84" machi="57" ten="40,12000,1" yaku="8,1,52,3,54,1" doraHai="73" who="2" fromWho="3" sc="187,0,363,0,353,120,97,-120" owari="187,-21.0,363,16.0,473,57.0,-23,-52.0" />
</Scene>
</mjloggm>