<mjloggm ver="2.3"><GO type="169" lobby="0"/><UN n0="%EF%BC%A0%E6%A3%AE" n1="%E5%A4%AA%E3%81%8F%E3%81%AA%E3%81%84%E3%81%8A" n2="%E3%81%98%E3%81%9A%E3%83%BC" n3="%E5%89%A3%E5%9F%8E" dan="16,17,16,16" rate="2050.18,2155.25,2114.87,2041.95" sx="F,M,M,M"/><TAIKYOKU oya="0"/>

<Scene>
<INIT seed="0,0,0,2,4,92" ten="250,250,250,250" oya="0" hai0="42,60,12,109,104,133,5,132,76,2,81,91,0" hai1="90,106,93,26,11,112,36,75,79,25,134,38,3" hai2="98,13,23,108,15,97,43,96,67,107,70,35,101" hai3="51,83,6,87,72,16,131,14,65,59,78,84,20"/><T128/><D104/><U34/><E106/><V116/><F43/><W88/><G131/><T114/><D128/><U45/><E134/><N who="0" m="51817" /><D114/><U122/><E122/><V27/><F108/><W86/><G6/><T120/><D120/><U39/><E112/><V17/><F116/><W121/><G121/><T82/><D42/><U111/><E111/><V41/><F41/><W24/><G65/><T18/><D60/><U105/><E105/><V110/><F110/><W74/><G74/><N who="0" m="43159" /><D5/><U57/><E38/><V49/><F49/><W47/><G59/><T58/><D58/><U52/><E45/><V54/><F54/><W100/><G100/><T32/><D32/><U117/><E34/><V69/><F69/><W28/><G72/><T1/><D109/><U118/><E39/><V10/><F15/><W30/><G78/><T119/><D119/><U99/><E36/><V53/><F53/><N who="3" m="29951" /><G30/><T124/><D124/><U31/><E31/><N who="2" m="19967" /><F23/><AGARI ba="0,0" hai="14,16,20,23,24,28,83,84,86,87,88" m="29951" machi="23" ten="30,3900,0" yaku="8,1,54,2" doraHai="92" who="3" fromWho="2" sc="250,0,250,0,250,-39,250,39" />
</Scene>
<Scene>
<INIT seed="1,0,0,3,3,113" ten="250,250,211,289" oya="1" hai0="86,44,60,46,81,38,95,91,67,85,0,50,55" hai1="2,98,61,9,110,104,4,27,3,112,133,10,11" hai2="53,26,103,93,71,39,126,66,102,109,115,120,34" hai3="94,41,37,131,107,35,62,40,135,76,123,119,108"/><U69/><E112/><V52/><F115/><W18/><G107/><T20/><D0/><U101/><E133/><V92/><F120/><W31/><G123/><T36/><D20/><U5/><E110/><V30/><F109/><W42/><G108/><T48/><D50/><U16/><E27/><V73/><F73/><W29/><G37/><T54/><D55/><U21/><E21/><V100/><F39/><W59/><G135/><T77/><REACH who="0" step="1"/><D46/><REACH who="0" ten="240,250,211,289" step="2"/><U74/><E3/><V63/><REACH who="2" step="1"/><F126/><REACH who="2" ten="240,250,201,289" step="2"/><W7/><G41/><T24/><D24/><U45/><E2/><V33/><F33/><W51/><G35/><T124/><D124/><U118/><E45/><V90/><F90/><W57/><G42/><T72/><D72/><U99/><E74/><V68/><F68/><AGARI ba="0,2" hai="36,38,44,48,54,60,67,68,77,81,85,86,91,95" machi="68" ten="30,2000,0" yaku="1,1,7,1,53,0" doraHai="113" doraHaiUra="13" who="0" fromWho="2" sc="240,40,250,0,201,-20,289,0" />
</Scene>
<Scene>
<INIT seed="2,0,0,0,0,11" ten="280,250,181,289" oya="2" hai0="4,88,110,14,54,10,27,25,65,26,3,23,124" hai1="82,94,119,48,130,36,73,35,63,108,39,42,103" hai2="122,62,31,86,131,102,69,32,133,106,118,45,51" hai3="128,109,81,101,59,78,58,132,33,55,92,100,125"/><V93/><F118/><W71/><G71/><T99/><D124/><U47/><E119/><V95/><F122/><W117/><G33/><T28/><D65/><U129/><E35/><V50/><F133/><W90/><G117/><T135/><D135/><U13/><E108/><V79/><F131/><N who="1" m="50185" /><E63/><V56/><F69/><W40/><G128/><T38/><D38/><U53/><E53/><V134/><F134/><W66/><G40/><T57/><D110/><U60/><E60/><V98/><F31/><W120/><G120/><T96/><D3/><U105/><E105/><V113/><F113/><W20/><G125/><T44/><D44/><U21/><E103/><V22/><F32/><W41/><G41/><T7/><D7/><U85/><E94/><V114/><F114/><W75/><G132/><T19/><D28/><U43/><E73/><V67/><F22/><W121/><G121/><T107/><D99/><U126/><E43/><V49/><REACH who="2" step="1"/><F45/><REACH who="2" ten="280,250,171,289" step="2"/><W84/><G109/><T111/><D111/><U89/><E126/><V29/><F29/><W34/><G34/><T123/><D123/><U83/><E39/><V61/><F61/><W15/><G20/><T76/><D23/><U116/><E116/><V112/><F112/><W68/><G68/><T52/><D57/><U87/><E36/><V104/><F104/><W64/><G59/><T9/><D107/><U8/><E21/><V74/><F74/><W0/><G75/><T46/><D46/><U77/><E8/><V17/><F17/><W2/><G58/><T30/><D10/><U12/><AGARI ba="0,1" hai="12,13,42,47,48,77,82,83,85,87,89" m="50185" machi="12" ten="30,4000,0" yaku="19,1,52,2" doraHai="11" who="1" fromWho="1" sc="280,-10,250,50,171,-20,289,-10" />
</Scene>
<Scene>
<INIT seed="3,0,0,2,5,39" ten="270,300,151,279" oya="3" hai0="3,110,63,59,102,128,124,21,89,99,29,109,121" hai1="107,58,57,27,19,122,56,61,50,65,106,8,131" hai2="35,135,49,78,115,117,43,36,71,18,112,76,93" hai3="10,54,31,86,47,72,69,11,127,92,123,23,97"/><W44/><G72/><T119/><D121/><U52/><E122/><V87/><F117/><W133/><G123/><T88/><D119/><U9/><E131/><V32/><F36/><W48/><G69/><T16/><D3/><U14/><E27/><V77/><F71/><W81/><G127/><T73/><D73/><U0/><REACH who="1" step="1"/><E58/><REACH who="1" ten="270,290,151,279" step="2"/><V12/><F115/><W111/><G133/><T80/><D128/><U75/><E75/><V82/><F112/><W95/><G111/><N who="0" m="42507" /><D124/><U17/><E17/><V101/><F135/><W28/><G28/><T113/><D29/><U85/><E85/><V116/><F116/><W126/><G126/><T30/><D30/><U90/><E90/><V104/><F18/><W55/><G97/><T105/><D113/><U6/><AGARI ba="0,1" hai="0,6,8,9,14,19,50,52,56,57,61,65,106,107" machi="6" ten="30,4000,0" yaku="1,1,0,1,54,1,53,0" doraHai="39" doraHaiUra="41" who="1" fromWho="1" sc="270,-10,290,50,151,-10,279,-20" />
</Scene>
<Scene>
<INIT seed="4,0,0,4,5,73" ten="260,340,141,259" oya="0" hai0="103,24,100,67,38,12,85,65,97,0,58,57,13" hai1="89,98,41,48,106,37,39,79,11,99,14,69,123" hai2="4,133,125,77,19,120,81,88,56,15,7,16,51" hai3="21,121,42,63,64,54,33,110,101,43,72,96,90"/><T74/><D0/><U36/><E123/><V135/><F120/><W46/><G121/><T75/><D85/><U8/><E69/><V28/><F28/><W44/><G33/><T78/><D24/><U70/><E70/><V131/><F125/><W2/><G2/><T10/><D10/><U119/><E119/><V29/><F29/><W59/><G110/><T82/><D82/><U62/><E62/><V40/><F131/><W34/><G34/><T30/><D30/><U112/><E112/><V104/><F104/><W84/><G72/><T76/><REACH who="0" step="1"/><D38/><REACH who="0" ten="250,340,141,259" step="2"/><U52/><E11/><V107/><F81/><W68/><G21/><T130/><D130/><U116/><E37/><V92/><F135/><W115/><G84/><T32/><D32/><U102/><E39/><V86/><F86/><W1/><G1/><T111/><D111/><U128/><E128/><V47/><F133/><W117/><G96/><AGARI ba="0,1" hai="12,13,57,58,65,67,74,75,76,78,96,97,100,103" machi="96" ten="25,12000,1" yaku="1,1,22,2,52,2,53,0" doraHai="73" doraHaiUra="66" who="0" fromWho="3" sc="250,130,340,0,141,0,259,-120" />
</Scene>
<Scene>
<INIT seed="4,1,0,1,2,30" ten="380,340,141,139" oya="0" hai0="84,132,65,2,39,24,29,56,83,25,124,41,33" hai1="63,76,23,35,82,115,135,26,96,37,18,51,119" hai2="77,107,109,59,16,93,36,70,100,21,101,105,74" hai3="32,64,110,34,122,113,19,80,52,5,71,53,73"/><T11/><D132/><U102/><E119/><V61/><F70/><W58/><G110/><T54/><D65/><U47/><E135/><V108/><F36/><W131/><G5/><T95/><D95/><U85/><E115/><V66/><F109/><W17/><G71/><T89/><D124/><U31/><E63/><V116/><F116/><W46/><G64/><T20/><D11/><U98/><E37/><V121/><F121/><W123/><G113/><T86/><D2/><U42/><REACH who="1" step="1"/><E102/><REACH who="1" ten="380,330,141,139" step="2"/><V99/><F101/><W128/><G122/><T129/><D39/><U91/><E91/><V28/><F108/><W40/><G123/><T27/><D129/><U49/><E49/><V3/><F61/><W67/><G131/><T60/><D41/><U7/><E7/><V126/><F100/><W12/><G128/><T43/><D43/><U127/><E127/><V15/><F126/><W22/><G40/><T97/><D97/><U114/><E114/><V62/><F99/><W1/><G67/><T125/><D125/><U111/><E111/><V50/><F50/><W134/><G134/><T104/><D104/><U9/><E9/><V117/><F62/><W14/><G53/><T13/><REACH who="0" step="1"/><D86/><REACH who="0" ten="370,330,141,139" step="2"/><U10/><E10/><V79/><F66/><W72/><G52/><T120/><D120/><U106/><E106/><V112/><F107/><W0/><G0/><T4/><D4/><U69/><E69/><V81/><F105/><W38/><G1/><T133/><D133/><U94/><E94/><V68/><F3/><W8/><G38/><T118/><D118/><U6/><E6/><RYUUKYOKU ba="1,2" sc="370,15,330,15,141,-15,139,-15" hai0="13,20,24,25,27,29,33,54,56,60,83,84,89" hai1="18,23,26,31,35,42,47,51,76,82,85,96,98" />
</Scene>
<Scene>
<INIT seed="4,2,2,5,4,63" ten="385,345,126,124" oya="0" hai0="79,18,14,6,16,82,60,88,73,30,12,115,38" hai1="94,103,8,108,68,85,71,9,105,109,4,13,81" hai2="7,51,112,42,23,90,76,26,128,126,96,91,64" hai3="120,69,107,95,48,52,129,97,58,99,78,74,119"/><T111/><D38/><U49/><E105/><V5/><F112/><W123/><G119/><T22/><D115/><U44/><E103/><V27/><F128/><W61/><G129/><T66/><D111/><U132/><E94/><V39/><F39/><W2/><G2/><T80/><D30/><U53/><E132/><V92/><F126/><W45/><G69/><T0/><D0/><U131/><E131/><V70/><F76/><W93/><G78/><T114/><D6/><U72/><E72/><V25/><F23/><W65/><G74/><T50/><D50/><U17/><E71/><V28/><F28/><W86/><G86/><T117/><D117/><U62/><E68/><V35/><F35/><W127/><G127/><T116/><D116/><U77/><REACH who="1" step="1"/><E62/><REACH who="1" ten="385,335,126,124" step="2"/><V125/><F70/><W135/><G135/><T130/><D114/><U41/><E41/><V34/><F42/><W102/><G107/><T47/><D130/><U15/><AGARI ba="2,3" hai="4,8,9,13,15,17,44,49,53,77,81,85,108,109" machi="15" ten="20,8000,1" yaku="1,1,0,1,7,1,53,2" doraHai="63" doraHaiUra="121" who="1" fromWho="1" sc="385,-42,335,116,126,-22,124,-22" />
</Scene>
<Scene>
<INIT seed="5,0,0,2,3,120" ten="343,451,104,102" oya="1" hai0="58,53,27,49,6,8,90,47,72,38,106,67,15" hai1="127,118,80,100,17,13,45,51,95,2,109,23,78" hai2="71,135,21,12,101,34,134,73,133,56,87,29,98" hai3="82,77,122,116,54,48,20,46,42,32,64,91,68"/><U37/><E118/><V30/><F71/><W110/><G122/><T121/><D121/><U132/><E2/><V88/><F73/><W75/><G116/><T104/><D72/><U126/><E132/><V125/><F125/><N who="1" m="47625" /><E37/><V107/><F34/><W89/><G32/><T16/><D90/><U92/><E100/><V11/><F21/><W123/><G123/><T55/><D67/><U130/><E130/><V119/><F56/><W57/><G20/><T7/><D38/><U44/><E109/><V33/><F33/><W59/><G110/><T105/><REACH who="0" step="1"/><D27/><REACH who="0" ten="333,451,104,102" step="2"/><U74/><E44/><V102/><F119/><W62/><REACH who="3" step="1"/><G59/><REACH who="3" ten="333,451,104,92" step="2"/><T76/><D76/><U31/><E78/><V22/><F135/><W115/><G115/><T93/><D93/><U117/><E95/><V94/><F94/><W69/><G69/><T26/><D26/><U70/><E117/><V63/><F134/><W128/><G128/><T14/><D14/><U28/><E70/><V81/><F12/><W66/><G66/><T124/><D124/><U3/><E92/><V61/><F133/><W108/><G108/><T43/><D43/><U65/><E65/><V41/><F41/><W9/><G9/><T129/><D129/><U40/><E13/><V103/><F11/><W18/><G18/><T0/><D0/><U79/><E3/><V112/><F112/><W25/><G25/><T96/><D96/><U85/><E17/><V97/><F97/><W83/><G83/><T39/><D39/><AGARI ba="0,2" hai="39,42,46,48,54,57,62,64,68,75,77,82,89,91" machi="39" ten="30,7700,0" yaku="1,1,7,1,24,2,53,0" doraHai="120" doraHaiUra="4" who="3" fromWho="0" sc="333,-77,451,0,104,0,92,97" />
</Scene>
<Scene>
<INIT seed="6,0,0,1,5,92" ten="256,451,104,189" oya="2" hai0="120,40,117,62,38,36,29,123,122,1,60,104,128" hai1="45,76,126,24,13,134,66,11,129,78,121,68,107" hai2="53,83,28,112,130,20,86,132,77,0,90,63,49" hai3="101,47,41,12,131,116,74,15,80,39,110,99,91"/><V10/><F112/><W54/><G110/><T26/><D104/><U9/><E107/><V33/><F33/><W88/><G116/><T17/><D1/><U3/><E3/><V19/><F132/><W16/><G131/><T72/><D72/><U51/><E129/><V81/><F130/><W111/><G111/><T57/><D128/><U2/><E2/><V7/><F28/><W89/><G54/><T52/><D117/><U102/><E102/><V119/><F63/><W35/><G35/><T113/><D113/><U109/><E109/><V32/><F32/><W79/><REACH who="3" step="1"/><G16/><REACH who="3" ten="256,451,104,179" step="2"/><T61/><D17/><U82/><E24/><V5/><F119/><W4/><G4/><T133/><D26/><U55/><E55/><V73/><F7/><W31/><G31/><T115/><D29/><U50/><E134/><V114/><F114/><W23/><G23/><T135/><D115/><U93/><E121/><V71/><F19/><W105/><AGARI ba="0,1" hai="12,15,39,41,47,74,79,80,88,89,91,99,101,105" machi="105" ten="30,7900,0" yaku="1,1,0,1,52,1,54,1,53,0" doraHai="92" doraHaiUra="125" who="3" fromWho="3" sc="256,-20,451,-20,104,-39,179,89" />
</Scene>
<Scene>
<INIT seed="7,0,0,4,2,115" ten="236,431,65,268" oya="3" hai0="73,91,80,56,92,114,112,130,108,43,104,86,4" hai1="71,2,61,6,25,65,94,44,34,40,1,58,131" hai2="116,98,54,100,20,76,10,24,101,87,27,46,21" hai3="15,82,134,118,26,83,110,119,52,7,48,99,9"/><W68/><G68/><T117/><D43/><U60/><E131/><V102/><F10/><W41/><G41/><T49/><D4/><U19/><E6/><V85/><F76/><W16/><G134/><T96/><D49/><U111/><E111/><V42/><F42/><W84/><G110/><T64/><D56/><U37/><E94/><V70/><F70/><W57/><G99/><T109/><D64/><U107/><E107/><V129/><F98/><W18/><G83/><T120/><D130/><U3/><E19/><V30/><F129/><W50/><G50/><T79/><D120/><U93/><E93/><V55/><F46/><W53/><G53/><T33/><D33/><U78/><E78/><V66/><F66/><W12/><G26/><T95/><D95/><U127/><E127/><V31/><F116/><W121/><G121/><T77/><D117/><U74/><E74/><V63/><F63/><W105/><G7/><T5/><D5/><U103/><E103/><V8/><F8/><W13/><G13/><T22/><D22/><U47/><E47/><V81/><F81/><W45/><G57/><T72/><D72/><U59/><REACH who="1" step="1"/><E61/><REACH who="1" ten="236,421,65,268" step="2"/><V122/><F122/><W51/><G105/><T89/><D77/><U32/><E32/><V90/><F90/><N who="3" m="51479" /><G48/><T17/><D91/><U113/><E113/><N who="0" m="43625" /><D17/><U69/><E69/><V126/><F126/><W132/><G132/><T39/><D39/><U125/><E125/><V14/><F14/><W11/><AGARI ba="0,1" hai="9,11,12,15,16,18,45,51,52,118,119" m="51479" machi="11" ten="30,12000,1" yaku="25,1,52,2,54,2" doraHai="115" who="3" fromWho="3" sc="236,-40,421,-40,65,-40,268,130" owari="196,-20.0,381,18.0,25,-47.0,398,49.0" />
</Scene>
</mjloggm>