<mjloggm ver="2.3"><GO type="169" lobby="0"/><UN n0="%E5%A4%AA%E3%81%8F%E3%81%AA%E3%81%84%E3%81%8A" n1="%E5%AF%9B%E3%83%94%E3%82%A8%E3%83%AD" n2="%E3%81%B4%E3%81%AE" n3="%E4%BA%9B%E6%B8%A1%E3%82%92%E8%B6%85%E3%81%88%E3%82%8B%E8%80%85" dan="18,16,16,16" rate="2241.92,2112.32,2093.19,2065.45" sx="F,M,M,M"/><TAIKYOKU oya="0"/>

<Scene>
<INIT seed="0,0,0,3,3,12" ten="250,250,250,250" oya="0" hai0="77,123,27,2,25,11,3,74,47,24,31,110,30" hai1="114,56,112,93,102,0,7,115,55,34,61,64,17" hai2="104,89,14,41,59,8,38,29,92,91,62,82,116" hai3="81,76,65,69,111,63,124,126,109,21,127,48,78"/><T22/><D47/><U50/><E34/><V87/><F116/><W68/><G68/><T79/><D74/><U60/><E7/><V33/><F104/><W37/><G37/><T16/><D79/><N who="3" m="30249" /><G81/><T100/><D100/><U95/><E0/><N who="0" m="41" /><D77/><U85/><E102/><V131/><F38/><W57/><G21/><N who="0" m="15727" /><D123/><U4/><E4/><V118/><F41/><W96/><G96/><T106/><D106/><U40/><E40/><V107/><F107/><W119/><G119/><T20/><D110/><U86/><E61/><V120/><F118/><W113/><G113/><T46/><D46/><N who="1" m="28119" /><E17/><V45/><F120/><W101/><G101/><T83/><D83/><U66/><E66/><V54/><F82/><W117/><G117/><T58/><D58/><U70/><E70/><V122/><F59/><W80/><G80/><T39/><D39/><U99/><E99/><V43/><F122/><W98/><G98/><T108/><D108/><U1/><E1/><V128/><F87/><AGARI ba="0,0" hai="56,60,64,85,86,87,93,95,112,114,115" m="28119" machi="87" ten="30,1000,0" yaku="11,1" doraHai="12" who="1" fromWho="2" sc="250,0,250,10,250,-10,250,0" />
</Scene>
<Scene>
<INIT seed="1,0,0,5,1,85" ten="250,260,240,250" oya="1" hai0="127,90,21,113,18,133,83,44,82,98,60,87,29" hai1="62,108,0,109,105,35,121,39,55,50,125,118,38" hai2="57,91,24,126,16,56,123,20,54,86,93,19,41" hai3="72,47,88,97,115,106,48,129,45,94,101,104,76"/><U25/><E121/><V122/><F126/><W26/><G115/><T69/><D113/><U22/><E118/><V89/><F41/><W11/><G129/><T36/><D127/><U124/><E105/><V3/><F3/><W110/><G110/><N who="1" m="42602" /><E0/><V78/><F78/><W42/><G11/><T128/><D128/><U52/><E35/><V4/><F4/><W43/><G26/><T65/><D133/><U119/><E119/><V84/><F123/><W130/><G130/><T114/><D114/><U70/><E22/><N who="2" m="13383" /><F54/><N who="1" m="20521" /><E25/><N who="2" m="14495" /><F122/><W131/><G131/><T68/><D29/><U100/><E50/><V12/><F12/><W59/><G59/><T135/><D21/><U30/><E30/><V95/><AGARI ba="0,0" hai="56,57,84,86,89,91,93,95" m="14495,13383" machi="95" ten="30,7900,0" yaku="8,1,52,2,54,1" doraHai="85" who="2" fromWho="2" sc="250,-20,260,-39,240,79,250,-20" />
</Scene>
<Scene>
<INIT seed="2,0,0,4,2,76" ten="230,221,319,230" oya="2" hai0="70,27,34,80,38,123,86,113,122,111,9,125,68" hai1="15,24,63,78,60,26,98,30,61,29,17,3,69" hai2="51,133,81,91,79,124,8,41,131,126,119,110,115" hai3="25,33,46,66,58,43,20,118,102,53,35,11,31"/><V100/><F119/><W121/><G118/><T36/><D113/><U57/><E3/><V64/><F115/><W82/><G121/><T4/><D111/><U117/><E117/><V107/><F133/><W18/><G66/><T135/><D135/><U10/><E69/><V54/><F131/><W59/><G102/><T14/><D125/><N who="2" m="48234" /><F64/><W116/><G116/><T44/><D70/><U87/><E98/><N who="2" m="61847" /><F41/><W94/><G94/><T108/><D68/><U112/><E112/><V120/><F8/><W5/><G53/><T73/><D108/><U134/><E134/><V42/><F42/><W40/><G40/><T85/><D9/><U21/><E78/><V45/><F110/><W114/><G114/><T128/><D128/><U1/><E1/><V19/><F19/><W75/><G18/><T83/><D122/><U103/><E103/><V71/><F71/><W92/><G11/><T96/><D4/><U95/><E57/><V28/><F91/><W127/><G5/><T89/><D89/><N who="1" m="53695" /><E10/><V7/><F120/><W104/><G127/><T130/><D130/><U50/><E50/><V105/><F105/><W132/><G104/><T109/><D109/><U37/><E37/><V97/><F97/><W22/><G132/><T2/><D96/><U49/><E49/><V56/><F7/><W74/><G31/><AGARI ba="0,0" hai="15,17,21,24,26,29,30,31,60,61,63" m="53695" machi="31" ten="30,1000,0" yaku="8,1" doraHai="76" who="1" fromWho="3" sc="230,0,221,10,319,0,230,-10" />
</Scene>
<Scene>
<INIT seed="3,0,0,2,1,135" ten="230,231,319,220" oya="3" hai0="78,10,14,2,42,90,82,60,76,57,33,67,99" hai1="40,20,50,116,103,21,4,85,7,9,102,101,53" hai2="30,22,114,94,128,44,28,26,113,62,100,122,25" hai3="119,132,111,86,45,24,107,6,123,36,0,11,58"/><W13/><G123/><T47/><D33/><U43/><E116/><V87/><F122/><W35/><G119/><T106/><D2/><U91/><E21/><V70/><F128/><W83/><G107/><T120/><D120/><U104/><E104/><V48/><F70/><W17/><G132/><T95/><D82/><N who="1" m="49591" /><E20/><V51/><F62/><W105/><G105/><T115/><D106/><U59/><E9/><V64/><F64/><W73/><G111/><T55/><D67/><U65/><E65/><V93/><F100/><W66/><G73/><T125/><D115/><U84/><E84/><V1/><F1/><W134/><G134/><T29/><D29/><U97/><E97/><V77/><F87/><W41/><G66/><T74/><D74/><U92/><E92/><V80/><F22/><W39/><G58/><T46/><D78/><U63/><E63/><V5/><F44/><W31/><G36/><T117/><D76/><U32/><E32/><V12/><F77/><W130/><G130/><T88/><D47/><U18/><E18/><V75/><F75/><W96/><G96/><T38/><D117/><U79/><E79/><V3/><F3/><W27/><G27/><T89/><D95/><U108/><E108/><V121/><F121/><W112/><G112/><T37/><D99/><U68/><E68/><V127/><F114/><W71/><G71/><T131/><D131/><U109/><E109/><V118/><F113/><W15/><G17/><N who="0" m="8407" /><D37/><U54/><E54/><V124/><F118/><W49/><G39/><T110/><D110/><U23/><E23/><V69/><F69/><RYUUKYOKU ba="0,0" sc="230,10,231,10,319,-30,220,10" hai0="38,42,46,55,57,60,88,89,90,125" hai1="4,7,40,43,50,53,59,101,102,103" hai3="0,6,11,13,15,24,31,35,41,45,49,83,86" />
</Scene>
<Scene>
<INIT seed="3,1,0,2,2,10" ten="240,241,289,230" oya="3" hai0="91,45,108,90,123,7,98,112,101,39,35,54,25" hai1="80,121,18,86,65,84,78,44,82,59,15,72,126" hai2="99,122,104,103,117,127,53,62,77,128,2,73,85" hai3="20,13,30,31,61,49,22,27,83,16,41,135,130"/><W14/><G135/><T119/><D123/><U5/><E126/><V3/><F117/><W21/><G130/><T120/><D120/><U8/><E121/><V19/><F122/><W32/><G61/><T12/><D119/><U67/><E72/><V133/><F128/><W129/><G129/><T106/><D108/><U40/><E18/><V132/><F127/><W116/><G116/><T109/><D109/><U23/><E23/><N who="3" m="8778" /><G83/><T93/><D112/><U100/><E59/><N who="2" m="35183" /><F19/><W63/><G63/><T79/><D79/><U95/><E95/><V114/><F73/><W11/><G32/><T105/><D105/><U58/><E58/><V96/><F96/><W70/><G70/><T97/><D39/><U42/><E100/><V71/><F71/><W88/><G88/><T74/><D91/><U9/><E9/><V81/><F114/><W52/><G41/><N who="1" m="15978" /><E44/><V51/><F51/><W57/><G14/><T89/><D74/><U24/><E24/><V76/><F76/><AGARI ba="1,0" hai="5,8,15,65,67,76,78,80,82,84,86" m="15978" machi="76" ten="30,2000,0" yaku="8,1,52,1" doraHai="10" who="1" fromWho="2" sc="240,0,241,23,289,-23,230,0" />
</Scene>
<Scene>
<INIT seed="4,0,0,0,3,21" ten="240,264,266,230" oya="0" hai0="105,62,84,74,7,18,101,94,45,35,47,119,57" hai1="89,3,112,20,111,67,100,42,36,132,48,131,127" hai2="82,43,126,72,26,92,53,79,2,88,8,68,59" hai3="86,6,90,106,49,22,30,135,87,10,76,9,32"/><T113/><D119/><U25/><E3/><V104/><F126/><W75/><G106/><T65/><D74/><U55/><E111/><V60/><F104/><W15/><G32/><T77/><D35/><U1/><E1/><V118/><F118/><W27/><G135/><T121/><D121/><U29/><E127/><V52/><F68/><W56/><G75/><T91/><D113/><U37/><E132/><V46/><F2/><W134/><G134/><T31/><D31/><U78/><E78/><V102/><F102/><W44/><G56/><T95/><D105/><U73/><E73/><V19/><F8/><N who="3" m="4503" /><G76/><T97/><D7/><U28/><E28/><V61/><F19/><W114/><G114/><T85/><REACH who="0" step="1"/><D18/><REACH who="0" ten="230,264,266,230" step="2"/><U70/><E29/><V124/><F72/><W116/><G116/><T33/><D33/><U81/><E112/><V129/><F124/><W38/><G30/><T39/><D39/><U80/><E37/><V69/><F129/><W110/><G38/><T103/><D103/><U17/><E100/><V66/><F69/><W130/><G110/><T51/><D51/><U83/><E131/><V24/><F61/><W58/><G49/><T13/><D13/><U50/><E36/><V64/><F60/><W71/><G130/><T11/><D11/><U5/><E5/><V16/><F16/><W63/><G10/><T0/><D0/><U23/><E50/><V98/><F26/><W40/><G9/><T12/><D12/><U117/><E117/><V122/><F24/><W14/><G27/><T120/><D120/><U109/><E25/><V93/><F122/><RYUUKYOKU ba="0,1" sc="230,30,264,-10,266,-10,230,-10" hai0="45,47,57,62,65,77,84,85,91,94,95,97,101" />
</Scene>
<Scene>
<INIT seed="4,1,1,1,1,86" ten="260,254,256,220" oya="0" hai0="103,49,68,67,11,10,90,101,114,47,56,122,102" hai1="125,43,57,20,110,99,94,107,37,50,1,16,5" hai2="4,62,105,135,104,98,30,131,29,46,25,42,31" hai3="27,71,40,73,8,84,72,12,132,35,61,100,133"/><T117/><D122/><U130/><E110/><V66/><F135/><N who="3" m="51787" /><G40/><N who="0" m="24807" /><D68/><U126/><E107/><V112/><F131/><W83/><G100/><T9/><D117/><U64/><E130/><V63/><F112/><W21/><G35/><T80/><D114/><U116/><E116/><V6/><F25/><W59/><G71/><T106/><D106/><U124/><E37/><V111/><F111/><W7/><G21/><T17/><D17/><U70/><E70/><V85/><F105/><W45/><G45/><T78/><D78/><U108/><E108/><V13/><F104/><W32/><G27/><T74/><D74/><U33/><E33/><V53/><F98/><W113/><G32/><T51/><D51/><U118/><E118/><V23/><F53/><N who="3" m="34031" /><G113/><T18/><D18/><U91/><E5/><V26/><F4/><W127/><G127/><T48/><D48/><U97/><E50/><V36/><F6/><W15/><G15/><T123/><D123/><U41/><E1/><V22/><F13/><W38/><G38/><T129/><D129/><U93/><E16/><V58/><F26/><W109/><G109/><T24/><D24/><U28/><E28/><V39/><F36/><W134/><N who="3" m="51795" /><W76/><AGARI ba="1,1" hai="7,8,12,72,73,76,83,84" m="34031,51795" machi="76" ten="40,2700,0" yaku="4,1,20,1" doraHai="86" who="3" fromWho="3" sc="260,-14,254,-8,256,-8,220,40" />
</Scene>
<Scene>
<INIT seed="5,0,0,2,1,32" ten="246,246,248,260" oya="1" hai0="48,61,82,96,93,134,80,129,104,16,37,59,73" hai1="102,100,51,92,9,13,38,132,53,35,49,109,123" hai2="122,126,120,79,2,4,1,83,77,99,56,41,68" hai3="24,25,97,39,52,40,91,23,101,78,18,34,107"/><U89/><E38/><V26/><F68/><W64/><G64/><T87/><D37/><U54/><E123/><V117/><F117/><W36/><G78/><T71/><D71/><U113/><E35/><V5/><F126/><W11/><G40/><T47/><D104/><U108/><E113/><V27/><F41/><W119/><G119/><T70/><D70/><U30/><E30/><V115/><F99/><W103/><G103/><T65/><D134/><U3/><E3/><V29/><F56/><W22/><G34/><T33/><D33/><U131/><E131/><V105/><F83/><W95/><G11/><T86/><D129/><U133/><E100/><V46/><F46/><W12/><G52/><N who="1" m="20074" /><E102/><V62/><F62/><W74/><G74/><T45/><D73/><U76/><E76/><V63/><F63/><W17/><REACH who="3" step="1"/><G12/><REACH who="3" ten="246,246,248,250" step="2"/><T98/><D65/><U72/><E72/><V106/><F115/><W111/><G111/><N who="1" m="42570" /><E133/><V114/><F114/><W116/><G116/><T110/><D110/><U112/><E112/><V0/><F0/><W44/><G44/><T90/><D47/><U81/><E132/><V7/><F7/><W88/><G88/><T14/><D45/><U60/><E60/><V8/><F8/><W125/><G125/><T42/><D61/><U135/><E135/><V58/><F58/><W50/><G50/><T20/><D59/><U94/><E51/><V6/><F6/><W130/><G130/><T19/><D48/><U127/><E49/><V55/><F55/><W28/><G28/><AGARI ba="0,1" hai="1,2,4,5,26,27,28,29,77,79,105,106,120,122" machi="28" ten="25,6400,0" yaku="22,2,52,2" doraHai="32" who="2" fromWho="3" sc="246,0,246,0,248,74,250,-64" />
</Scene>
<Scene>
<INIT seed="6,0,0,0,0,17" ten="246,246,322,186" oya="2" hai0="90,4,59,33,67,9,95,88,100,8,108,26,117" hai1="104,3,66,115,94,15,129,71,107,87,22,5,130" hai2="57,35,121,55,24,45,98,79,39,40,124,120,21" hai3="85,93,41,80,74,32,18,28,76,20,25,62,58"/><V122/><F124/><W99/><G41/><T49/><D108/><U30/><E115/><V102/><F79/><W14/><G74/><T36/><D36/><U0/><E66/><V23/><F24/><W82/><G82/><T69/><D69/><U6/><E71/><V89/><F35/><W133/><G133/><T63/><D117/><U60/><E60/><V52/><F89/><W48/><G48/><T125/><D125/><U72/><E72/><V119/><F119/><W44/><G44/><T78/><D78/><U96/><E87/><V86/><F86/><W1/><G1/><T84/><D100/><U34/><E34/><V47/><F47/><W42/><G42/><T111/><D111/><U75/><E75/><V134/><F134/><W110/><G110/><T68/><D4/><N who="1" m="1643" /><E104/><V38/><F38/><W103/><G32/><T51/><D68/><U12/><E107/><V135/><F135/><W77/><G77/><T46/><D90/><N who="1" m="55383" /><E30/><V106/><REACH who="2" step="1"/><F55/><REACH who="2" ten="246,246,312,186" step="2"/><W16/><REACH who="3" step="1"/><G14/><REACH who="3" ten="246,246,312,176" step="2"/><T27/><D33/><U91/><E12/><V11/><F11/><W101/><G101/><T2/><D9/><U112/><E15/><V113/><F113/><W29/><G29/><T132/><D132/><U73/><E112/><V123/><F123/><W83/><G83/><T81/><D81/><U13/><E73/><V64/><F64/><AGARI ba="0,2" hai="16,18,20,25,28,58,62,64,76,80,85,93,99,103" machi="64" ten="30,12000,2" yaku="1,1,7,1,25,2,8,1,52,1,54,1,53,0" doraHai="17" doraHaiUra="114" who="3" fromWho="2" sc="246,0,246,0,312,-120,176,140" />
</Scene>
<Scene>
<INIT seed="7,0,0,1,5,92" ten="246,246,192,316" oya="3" hai0="95,0,102,119,11,114,1,2,115,81,70,129,17" hai1="38,26,22,106,67,73,131,34,69,91,27,37,57" hai2="84,13,65,130,100,6,42,4,50,51,133,121,72" hai3="32,82,31,116,97,96,75,104,48,99,28,52,89"/><W58/><G116/><T85/><D70/><U110/><E110/><V112/><F72/><W77/><G104/><T19/><D119/><U16/><E106/><V24/><F121/><W113/><G113/><N who="0" m="43019" /><D129/><U14/><E69/><V12/><F112/><W54/><G32/><T90/><D11/><U87/><E73/><V46/><F130/><W15/><G15/><T132/><D132/><U5/><E131/><V127/><F127/><W63/><REACH who="3" step="1"/><G89/><REACH who="3" ten="246,246,192,306" step="2"/><T118/><D118/><U107/><E107/><V3/><F133/><W109/><G109/><T103/><D103/><U18/><E91/><V66/><F3/><W29/><G29/><T41/><D102/><U94/><E34/><V98/><F24/><W53/><G53/><T88/><D41/><U79/><E14/><N who="2" m="5739" /><F84/><AGARI ba="0,1" hai="0,1,2,17,19,81,84,85,88,90,95" m="43019" machi="84" ten="40,5200,0" yaku="15,1,11,1,54,1" doraHai="92" who="0" fromWho="2" sc="246,62,246,0,192,-52,306,0" owari="308,40.0,246,-15.0,140,-36.0,306,11.0" />
</Scene>
</mjloggm>