<mjloggm ver="2.3"><GO type="169" lobby="0"/><UN n0="%E3%82%82%E3%81%97%E3%83%A9%E3%82%B9%E3%81%A7" n1="%E5%A4%AA%E3%81%8F%E3%81%AA%E3%81%84%E3%81%8A" n2="%28%3E%CF%89%3C%2A%29" n3="%E5%A4%A9%E5%9F%8E%E5%B0%8F%E6%AC%A1%E9%83%8E" dan="16,18,17,16" rate="2064.14,2247.27,2175.13,2071.69" sx="M,F,F,M"/><TAIKYOKU oya="0"/>

<Scene>
<INIT seed="0,0,0,2,3,37" ten="250,250,250,250" oya="0" hai0="17,72,16,81,45,120,71,68,132,29,122,51,42" hai1="57,88,19,67,4,82,15,111,41,73,39,58,8" hai2="64,7,25,105,128,53,52,133,85,49,59,74,2" hai3="109,18,113,110,65,87,124,104,135,90,97,26,63"/><T107/><D107/><U9/><E111/><N who="3" m="42506" /><G113/><T12/><D29/><U60/><E58/><V31/><F74/><W121/><G135/><T13/><D132/><U20/><E4/><V95/><F105/><W36/><G36/><T84/><D72/><U125/><E125/><V24/><F128/><W44/><G124/><T48/><D48/><U108/><E108/><V50/><F64/><W86/><G44/><T11/><D71/><U79/><REACH who="1" step="1"/><E88/><REACH who="1" ten="250,240,250,250" step="2"/><N who="2" m="53647" /><F7/><W62/><G90/><T21/><D68/><U92/><E92/><V76/><F133/><W77/><G104/><T1/><D1/><U100/><E100/><V129/><F129/><W123/><G121/><T91/><AGARI ba="0,1" hai="11,12,13,16,17,21,42,45,51,81,84,91,120,122" machi="91" ten="20,7800,0" yaku="0,1,7,1,52,1,54,1" doraHai="37" who="0" fromWho="0" sc="250,88,240,-26,250,-26,250,-26" />
</Scene>
<Scene>
<INIT seed="0,1,0,3,5,55" ten="338,214,224,224" oya="0" hai0="46,106,57,71,80,111,33,25,97,32,92,14,75" hai1="101,82,31,1,78,83,87,28,16,36,108,34,84" hai2="121,17,19,51,95,127,77,120,102,60,30,93,23" hai3="126,18,134,63,6,133,13,114,88,68,70,59,115"/><T48/><D71/><N who="3" m="27177" /><G6/><T43/><D106/><U130/><E36/><V38/><F38/><W45/><G45/><T2/><D2/><U105/><E1/><V7/><F7/><W3/><G3/><T40/><D111/><U86/><E108/><V89/><F127/><W0/><G0/><T42/><D14/><U100/><E130/><V64/><F77/><W73/><G73/><T69/><D69/><U107/><E34/><V125/><F125/><W66/><G126/><T58/><D32/><U22/><E107/><V116/><F116/><W54/><G88/><T10/><D10/><U119/><E119/><V72/><F72/><W24/><G24/><T50/><D50/><U12/><E105/><V39/><F51/><N who="3" m="31199" /><G18/><T56/><D25/><U124/><E124/><V74/><F74/><W20/><G20/><T79/><REACH who="0" step="1"/><D33/><REACH who="0" ten="328,214,224,224" step="2"/><U5/><E5/><V11/><F11/><W123/><G13/><T109/><D109/><U135/><E12/><V47/><F39/><W35/><G35/><T8/><D8/><U61/><E22/><V94/><F23/><W129/><G129/><T53/><D53/><U131/><E131/><V112/><F121/><W118/><G123/><T49/><D49/><U110/><E110/><V41/><F120/><W117/><G118/><T98/><D98/><U99/><E99/><V26/><F26/><W91/><G117/><T37/><D37/><U15/><E15/><V76/><F64/><W122/><G66/><T96/><D96/><U21/><E21/><V44/><F41/><W9/><G122/><T62/><D62/><U65/><E61/><RYUUKYOKU ba="1,1" sc="328,30,214,-10,224,-10,224,-10" hai0="40,42,43,46,48,56,57,58,75,79,80,92,97" />
</Scene>
<Scene>
<INIT seed="0,2,1,4,5,66" ten="358,204,214,214" oya="0" hai0="39,56,86,49,125,87,90,109,62,48,118,88,44" hai1="7,14,2,115,37,42,85,129,36,11,100,16,91" hai2="112,117,10,33,30,78,15,76,40,67,50,61,116" hai3="46,82,41,131,28,120,29,84,31,51,134,13,108"/><T107/><D107/><U96/><E129/><V64/><F112/><W54/><G131/><T98/><D118/><N who="2" m="45674" /><F64/><W121/><G108/><T130/><D109/><U45/><E115/><V47/><F30/><W68/><G134/><T23/><D130/><U0/><E37/><V32/><F15/><W35/><G13/><T52/><D125/><U72/><E72/><V75/><F10/><W58/><G35/><N who="2" m="13385" /><F75/><W110/><G110/><T34/><D34/><U20/><E2/><V73/><F73/><W93/><G93/><N who="0" m="56615" /><D39/><U55/><E55/><V123/><F123/><W22/><G22/><T99/><D23/><U25/><E0/><V1/><F1/><W38/><REACH who="3" step="1"/><G68/><AGARI ba="2,1" hai="40,47,50,61,67,68,76,78" m="13385,45674" machi="68" ten="30,2000,0" yaku="12,1,52,1" doraHai="66" who="2" fromWho="3" sc="358,0,204,0,214,36,214,-26" />
</Scene>
<Scene>
<INIT seed="1,0,0,3,4,23" ten="358,204,250,188" oya="1" hai0="37,38,46,57,55,21,14,107,132,122,91,60,2" hai1="81,22,6,75,87,119,74,29,98,77,126,115,34" hai2="53,15,112,96,94,9,40,61,69,92,102,7,85" hai3="65,84,105,50,116,71,33,20,93,127,68,56,134"/><U133/><E34/><V0/><F112/><W16/><G105/><T86/><D2/><U106/><E6/><V3/><F40/><W101/><G33/><T11/><D107/><U52/><E115/><V117/><F117/><W76/><G116/><T121/><D132/><U120/><E119/><V10/><F0/><W13/><G134/><T47/><D47/><U99/><E133/><V128/><F128/><W72/><G127/><T83/><D21/><U41/><E41/><V125/><F125/><W100/><G72/><T114/><D114/><U19/><E126/><V95/><F85/><W28/><G28/><T54/><D54/><U123/><E29/><V88/><F102/><N who="3" m="39531" /><G76/><T26/><D46/><U135/><E135/><V1/><F1/><W4/><G4/><N who="0" m="3431" /><D26/><U109/><E106/><V45/><F45/><W104/><G104/><T44/><D44/><U35/><E35/><V78/><F78/><W48/><G68/><T73/><D73/><U59/><E75/><V5/><REACH who="2" step="1"/><F69/><REACH who="2" ten="358,204,240,188" step="2"/><W97/><G71/><T25/><D37/><U129/><E74/><V17/><F17/><W30/><G84/><T80/><D38/><U130/><E130/><V51/><F51/><W12/><G50/><T66/><D86/><U24/><E129/><V8/><F8/><W63/><G48/><T67/><D121/><N who="1" m="46667" /><E98/><V113/><F113/><W90/><G30/><T79/><D122/><U36/><E99/><V103/><F103/><W62/><G62/><T89/><D79/><U42/><E36/><V27/><F27/><AGARI ba="0,1" hai="12,13,16,20,27,56,63,65,90,93,97" m="39531" machi="27" ten="30,3900,0" yaku="8,1,52,1,54,1" doraHai="23" who="3" fromWho="2" sc="358,0,204,0,240,-39,188,49" />
</Scene>
<Scene>
<INIT seed="2,0,0,2,4,127" ten="358,204,201,237" oya="2" hai0="31,77,2,102,38,3,93,9,74,132,108,33,87" hai1="85,62,80,61,13,18,119,49,42,84,123,94,109" hai2="34,59,48,104,105,44,45,35,5,130,67,15,39" hai3="7,17,134,40,23,12,96,129,91,16,56,100,128"/><V52/><F105/><W70/><G70/><T25/><D38/><U89/><E109/><V68/><F104/><W1/><G134/><T20/><D108/><U54/><E42/><N who="2" m="22623" /><F45/><W103/><G40/><T30/><D132/><U14/><E119/><V86/><F86/><W79/><G79/><T22/><D74/><U125/><E125/><V65/><F65/><W26/><G1/><T32/><D102/><U27/><E27/><V10/><F130/><N who="3" m="50283" /><G7/><T101/><D101/><N who="3" m="38985" /><G56/><T75/><D75/><U58/><E123/><V124/><F124/><W47/><G47/><T36/><D36/><U81/><E81/><V88/><F88/><W117/><G117/><T126/><D126/><U43/><E43/><V24/><F24/><W83/><G96/><T55/><D25/><U76/><REACH who="1" step="1"/><E13/><REACH who="1" ten="358,194,201,237" step="2"/><V90/><F90/><W64/><G83/><T121/><D121/><U92/><E92/><V72/><F72/><W95/><G91/><T8/><D93/><U116/><E116/><V97/><F97/><W4/><G95/><T51/><D77/><U120/><E120/><V106/><F106/><W78/><G78/><T71/><D2/><U131/><E131/><V110/><F110/><W63/><G12/><T73/><D3/><U41/><E41/><V115/><F115/><W11/><G26/><T82/><D82/><U0/><E0/><V53/><F15/><N who="3" m="5607" /><G23/><AGARI ba="0,1" hai="14,18,23,49,54,58,61,62,76,80,84,85,89,94" machi="23" ten="30,8000,1" yaku="1,1,7,1,25,2,8,1,53,0" doraHai="127" doraHaiUra="28" who="1" fromWho="3" sc="358,0,194,90,201,0,237,-80" />
</Scene>
<Scene>
<INIT seed="3,0,0,1,3,117" ten="358,284,201,157" oya="3" hai0="2,27,80,63,127,29,92,82,84,135,62,6,21" hai1="122,66,46,1,73,96,45,60,24,65,75,115,128" hai2="71,39,17,34,35,25,10,133,124,99,125,7,13" hai3="37,121,100,129,94,32,53,108,4,30,74,120,40"/><W91/><G74/><T116/><D116/><U12/><E1/><N who="2" m="367" /><F71/><W67/><G67/><T88/><D135/><U31/><E115/><V83/><F39/><W41/><G100/><T58/><D127/><N who="2" m="48714" /><F99/><W47/><G40/><T52/><D2/><U57/><E128/><V54/><F54/><W86/><G129/><T23/><D6/><U11/><E66/><V105/><F105/><W69/><G69/><T107/><D107/><U109/><E96/><V110/><F83/><W131/><G131/><T132/><D132/><U49/><E109/><V112/><F112/><W43/><G43/><T113/><D113/><U64/><E64/><V9/><F133/><W22/><G32/><N who="2" m="12329" /><F110/><W48/><G108/><T101/><D63/><U76/><E76/><V8/><F25/><W118/><G118/><T134/><D134/><U114/><E114/><V85/><F85/><W33/><G53/><T59/><D59/><U20/><E73/><V18/><F18/><W89/><G37/><T50/><D62/><U51/><E75/><V3/><F3/><W26/><G4/><T123/><D101/><U95/><E95/><V126/><N who="2" m="48722" /><V106/><DORA hai="28" /><F106/><W77/><G77/><T79/><D92/><U103/><E103/><V119/><F119/><W68/><G68/><T93/><D93/><U90/><E65/><V130/><F130/><W14/><REACH who="3" step="1"/><G91/><REACH who="3" ten="358,284,201,147" step="2"/><T111/><D79/><U42/><E90/><V61/><F61/><W70/><G70/><T44/><D111/><U55/><E60/><V15/><F17/><AGARI ba="0,1" hai="14,17,22,26,30,33,41,47,48,86,89,94,120,121" machi="17" ten="40,12000,1" yaku="1,1,52,3,53,1" doraHai="117,28" doraHaiUra="16,102" who="3" fromWho="2" sc="358,0,284,0,201,-120,147,130" />
</Scene>
<Scene>
<INIT seed="3,1,0,3,5,85" ten="358,284,81,277" oya="3" hai0="41,92,68,131,116,26,51,18,72,57,120,112,2" hai1="123,129,124,98,46,117,127,87,118,108,35,132,14" hai2="9,16,50,37,69,25,125,0,135,38,111,31,80" hai3="27,103,91,88,49,21,34,75,29,40,89,24,44"/><W8/><G75/><T52/><D120/><U59/><E35/><V13/><F125/><N who="1" m="48201" /><E46/><V33/><F111/><W66/><G103/><T47/><D116/><N who="1" m="44651" /><E59/><V30/><F135/><W94/><G66/><T114/><D68/><U48/><E48/><V15/><F69/><W64/><G64/><T54/><D2/><U105/><E14/><N who="2" m="7247" /><F80/><W134/><G134/><T58/><D131/><U32/><E32/><N who="2" m="20559" /><F50/><W73/><G73/><T39/><D72/><U36/><E36/><V121/><F121/><W90/><G8/><T19/><D92/><U81/><E132/><V56/><F56/><W101/><G101/><T4/><D4/><U104/><E123/><V5/><F38/><W43/><G91/><T110/><D110/><U107/><E108/><V65/><F65/><W77/><G77/><T28/><D57/><U99/><E129/><V3/><F37/><W45/><G45/><T102/><D54/><U84/><E84/><V22/><F33/><W74/><G74/><T83/><D58/><U1/><E1/><N who="2" m="587" /><F5/><W23/><G43/><T70/><D52/><U63/><E63/><V113/><F113/><W60/><G60/><T20/><D70/><U42/><E42/><V93/><F93/><W79/><G34/><T96/><D39/><U6/><E6/><V126/><F126/><W97/><G79/><AGARI ba="1,0" hai="79,81,87,98,99,104,105,107" m="44651,48201" machi="79" ten="40,8000,1" yaku="18,1,12,1,34,2" doraHai="85" who="1" fromWho="3" sc="358,0,284,83,81,0,277,-83" />
</Scene>
<Scene>
<INIT seed="4,0,0,4,1,14" ten="358,367,81,194" oya="0" hai0="109,64,99,40,50,73,47,56,94,60,74,115,54" hai1="16,100,41,38,42,44,123,135,39,96,23,37,78" hai2="111,15,88,68,122,77,132,80,91,52,26,106,126" hai3="90,89,2,93,13,63,10,48,66,9,20,0,120"/><T104/><D104/><U125/><E123/><V19/><F122/><W130/><G120/><T65/><D109/><U17/><E125/><V82/><F111/><W43/><G130/><T36/><D65/><U72/><E135/><V32/><F132/><W92/><G20/><T18/><D115/><U71/><E71/><V70/><F126/><W114/><G114/><T116/><D116/><U81/><E42/><V84/><F106/><W87/><G43/><T131/><D131/><U112/><E112/><V3/><F3/><W69/><G48/><T8/><D8/><U127/><E127/><V57/><F26/><W21/><G21/><T129/><D129/><U108/><E108/><V12/><F12/><W110/><G110/><T1/><D1/><U27/><REACH who="1" step="1"/><E17/><REACH who="1" ten="358,357,81,194" step="2"/><V124/><F124/><W46/><G69/><N who="0" m="42119" /><D18/><U119/><E119/><V85/><F32/><W11/><G0/><T75/><D75/><U31/><E31/><V101/><F101/><AGARI ba="0,1" hai="36,40,47,50,54,56,73,74,94,99,101" m="42119" machi="101" ten="30,1500,0" yaku="24,1" doraHai="14" who="0" fromWho="2" sc="358,25,357,0,81,-15,194,0" />
</Scene>
<Scene>
<INIT seed="4,1,0,2,0,58" ten="383,357,66,194" oya="0" hai0="127,125,47,4,73,16,117,35,105,77,123,130,3" hai1="62,8,90,112,45,2,9,97,118,104,23,49,99" hai2="13,84,95,68,63,74,114,32,81,71,33,12,103" hai3="110,80,31,134,132,5,44,66,61,28,76,128,119"/><T108/><RYUUKYOKU type="yao9" ba="1,0" sc="383,0,357,0,66,0,194,0" hai0="3,4,16,35,47,73,77,105,108,117,123,125,127,130" />
</Scene>
<Scene>
<INIT seed="4,2,0,3,2,128" ten="383,357,66,194" oya="0" hai0="86,25,28,66,79,63,11,92,36,27,7,119,2" hai1="132,10,62,120,74,99,8,38,115,112,127,118,9" hai2="135,114,107,13,53,72,131,103,97,57,32,18,51" hai3="34,19,134,124,77,133,80,76,108,95,67,102,73"/><T21/><D36/><U129/><E38/><V89/><F131/><W59/><G34/><T90/><D119/><U45/><E129/><V22/><F114/><N who="1" m="43561" /><E74/><V52/><F32/><W117/><G117/><T93/><D79/><U83/><E118/><V24/><F72/><W98/><G108/><T31/><D93/><U88/><E120/><V42/><F42/><W39/><G39/><T58/><REACH who="0" step="1"/><D27/><REACH who="0" ten="373,357,66,194" step="2"/><U44/><E127/><V4/><F24/><W29/><G124/><T71/><D71/><U40/><E83/><V41/><F107/><W64/><G80/><T56/><D56/><U16/><E45/><V109/><F57/><W125/><G59/><T122/><D122/><U46/><E44/><V55/><F109/><W101/><G125/><T130/><D130/><U69/><E46/><V78/><F78/><W14/><G77/><T50/><D50/><U48/><E48/><V113/><F113/><W61/><G95/><T70/><D70/><U17/><E69/><V37/><F37/><W105/><G76/><T100/><D100/><U65/><E88/><V84/><F51/><W33/><G102/><T96/><D96/><U12/><E99/><V3/><F41/><W49/><G73/><T75/><D75/><U0/><E40/><V116/><F116/><W91/><G91/><T87/><D87/><U104/><E104/><N who="2" m="63599" /><F84/><W47/><G49/><T30/><AGARI ba="2,1" hai="2,7,11,21,25,28,30,31,58,63,66,86,90,92" machi="30" ten="20,3900,0" yaku="1,1,0,1,7,1,53,0" doraHai="128" doraHaiUra="43" who="0" fromWho="0" sc="373,55,357,-15,66,-15,194,-15" />
</Scene>
<Scene>
<INIT seed="4,3,0,3,2,32" ten="428,342,51,179" oya="0" hai0="134,66,48,40,63,7,54,93,21,79,67,81,92" hai1="91,82,122,118,60,45,68,13,129,20,31,10,50" hai2="76,113,52,94,49,89,70,38,103,99,119,44,14" hai3="53,97,73,18,131,16,125,100,23,11,130,77,64"/><T120/><D120/><U24/><E122/><V110/><F110/><W74/><G64/><T59/><D134/><U106/><E118/><V116/><F113/><W128/><G77/><T135/><D135/><U123/><E106/><V109/><F109/><W111/><G111/><T34/><D34/><U104/><E104/><V80/><F70/><W117/><G117/><N who="2" m="45129" /><F38/><W107/><G125/><T17/><D7/><U8/><E123/><V75/><F14/><N who="3" m="7263" /><G53/><T19/><D40/><U115/><E129/><N who="3" m="33026" /><W61/><DORA hai="3" /><G61/><T132/><D132/><U72/><E60/><V2/><F103/><W84/><G84/><T98/><D67/><U65/><E65/><V41/><F41/><W95/><G107/><T88/><D93/><U28/><E68/><V126/><F126/><W133/><G133/><T42/><D42/><U27/><E115/><V51/><F51/><W33/><G33/><T114/><D114/><U62/><E62/><V87/><F87/><W39/><G39/><T37/><D37/><U46/><E50/><V58/><F44/><W55/><G55/><T22/><D48/><U56/><E45/><V71/><F71/><W12/><AGARI ba="3,0" hai="12,18,23,73,74,95,97,100" m="33026,7263" machi="12" ten="40,2700,0" yaku="19,1,54,1" doraHai="32,3" who="3" fromWho="3" sc="428,-16,342,-10,51,-10,179,36" />
</Scene>
<Scene>
<INIT seed="5,0,0,0,3,16" ten="412,332,41,215" oya="1" hai0="31,102,100,134,64,105,107,73,125,101,103,63,68" hai1="74,132,34,18,89,33,116,91,120,111,54,11,115" hai2="8,92,44,77,106,87,97,21,95,96,133,48,84" hai3="127,72,62,52,32,130,36,88,121,47,117,59,27"/><U75/><E116/><V82/><F8/><W65/><G121/><T46/><D73/><U0/><E120/><V70/><F70/><W6/><G72/><T126/><D134/><U76/><E132/><V57/><F133/><W22/><G32/><T10/><D102/><U14/><E0/><V30/><F106/><W1/><G1/><T20/><D46/><U129/><E115/><V123/><F123/><W56/><G117/><T23/><D10/><U131/><E111/><V124/><F124/><N who="0" m="47722" /><D31/><U51/><E34/><V69/><F69/><W109/><G109/><T55/><D55/><U122/><E33/><V58/><F44/><W29/><G127/><T26/><D26/><U15/><E122/><V112/><F112/><W50/><G130/><N who="1" m="49674" /><E15/><V42/><F42/><W13/><G36/><T79/><D79/><U2/><E2/><V41/><F41/><W25/><G25/><T37/><D37/><U80/><E75/><V71/><F71/><W113/><G113/><T66/><D66/><U4/><E4/><V98/><F84/><W5/><G13/><T53/><D53/><U78/><E76/><V86/><F86/><W61/><G88/><T7/><D7/><U118/><E118/><V94/><REACH who="2" step="1"/><F48/><REACH who="2" ten="412,332,31,215" step="2"/><W40/><AGARI ba="0,1" hai="5,6,22,27,29,40,47,50,52,56,59,61,62,65" machi="40" ten="20,8000,1" yaku="0,1,7,1,8,1,52,1,54,1" doraHai="16" who="3" fromWho="3" sc="412,-20,332,-40,31,-20,215,90" />
</Scene>
<Scene>
<INIT seed="6,0,0,2,3,66" ten="392,292,11,305" oya="2" hai0="130,58,0,116,81,94,126,127,17,113,49,131,28" hai1="86,47,3,12,48,2,83,39,121,7,27,120,118" hai2="18,122,37,98,71,72,51,90,55,45,41,31,34" hai3="64,78,105,36,43,132,70,73,95,4,60,69,8"/><V29/><F122/><N who="1" m="47209" /><E39/><V6/><F72/><W9/><G95/><T99/><D116/><U89/><E118/><V68/><F6/><W85/><G85/><T82/><D113/><U40/><E27/><V67/><F18/><W103/><G9/><AGARI ba="0,0" hai="2,3,7,9,12,40,47,48,83,86,89" m="47209" machi="9" ten="30,1000,0" yaku="13,1" doraHai="66" who="1" fromWho="3" sc="392,0,292,10,11,0,305,-10" />
</Scene>
<Scene>
<INIT seed="7,0,0,1,0,94" ten="392,302,11,295" oya="3" hai0="133,14,34,99,1,96,35,80,77,49,66,0,104" hai1="118,86,97,57,42,124,7,64,38,135,74,115,85" hai2="91,52,37,47,126,61,3,67,8,81,15,23,95" hai3="131,98,26,55,122,69,30,65,6,116,88,56,105"/><W70/><G116/><T111/><D111/><U33/><E74/><V89/><F126/><W112/><G122/><T134/><D66/><U36/><E33/><N who="0" m="12297" /><D14/><U4/><E115/><V28/><F3/><N who="0" m="1098" /><D49/><U44/><E135/><N who="0" m="51721" /><D104/><U113/><E64/><V78/><F37/><W62/><G112/><T87/><AGARI ba="0,0" hai="77,80,87,96,99" m="51721,1098,12297" machi="87" ten="40,5200,0" yaku="20,1,52,2" doraHai="94" who="0" fromWho="0" sc="392,52,302,-13,11,-13,295,-26" owari="444,54.0,289,9.0,-2,-50.0,269,-13.0" />
</Scene>
</mjloggm>