<mjloggm ver="2.3"><GO type="169" lobby="0"/><UN n0="%6E%61%69%74%61" n1="%E5%8C%97%E9%81%93%E5%B1%B1" n2="%E3%81%99%E3%81%9F%E3%81%A1%E3%81%AA%2E" n3="%E5%A4%AA%E3%81%8F%E3%81%AA%E3%81%84%E3%81%8A" dan="16,17,16,18" rate="2086.16,2134.99,2062.31,2249.10" sx="M,M,M,F"/><TAIKYOKU oya="0"/>

<Scene>
<INIT seed="0,0,0,1,5,74" ten="250,250,250,250" oya="0" hai0="118,128,50,65,41,12,132,81,5,98,85,96,119" hai1="73,109,71,124,69,14,64,19,6,89,88,130,21" hai2="66,84,8,32,56,31,70,125,92,86,62,28,43" hai3="58,18,52,7,101,129,17,30,104,121,135,54,117"/><T115/><D115/><U10/><E109/><V36/><F125/><W123/><G117/><T82/><D128/><U111/><E111/><V16/><F32/><W61/><G129/><T13/><D132/><U83/><E130/><V67/><F36/><W72/><G72/><T116/><D65/><U78/><E124/><V3/><F43/><W77/><G135/><T23/><D23/><U46/><E46/><V133/><F133/><W34/><G7/><T40/><D50/><U100/><E100/><V27/><F3/><W44/><G104/><T108/><D108/><U26/><REACH who="1" step="1"/><E64/><REACH who="1" ten="250,240,250,250" step="2"/><V90/><F67/><W114/><G101/><T126/><D126/><U80/><E80/><V106/><F66/><W131/><G131/><T127/><D127/><U55/><E55/><V35/><F70/><AGARI ba="0,1" hai="6,10,14,19,21,26,69,70,71,73,78,83,88,89" machi="70" ten="40,5200,0" yaku="1,1,52,1,54,1,53,0" doraHai="74" doraHaiUra="95" who="1" fromWho="2" sc="250,0,240,62,250,-52,250,0" />
</Scene>
<Scene>
<INIT seed="1,0,0,4,1,21" ten="250,302,198,250" oya="1" hai0="4,89,37,131,73,8,99,119,76,39,0,86,32" hai1="107,84,118,120,111,23,97,5,104,52,25,83,112" hai2="98,56,64,35,30,60,67,103,33,78,31,116,58" hai3="72,129,1,71,122,54,51,53,69,101,94,105,46"/><U9/><E112/><V133/><F133/><W50/><G122/><T127/><D119/><U106/><E118/><V87/><F116/><W79/><G1/><T115/><D115/><U7/><E120/><V126/><F126/><W12/><G105/><T41/><D131/><U114/><E114/><V45/><F78/><W100/><G129/><T49/><D127/><U74/><E74/><V11/><F87/><W108/><G108/><T34/><D99/><U66/><E66/><V36/><F11/><W63/><G12/><T10/><D49/><U96/><E111/><V40/><F33/><W93/><G79/><T130/><D130/><U3/><E7/><V82/><F82/><W70/><G63/><T121/><D121/><U6/><E6/><V29/><F35/><W75/><G70/><T61/><D61/><U43/><E43/><V91/><F91/><W18/><G18/><T22/><D22/><U124/><E52/><V113/><F113/><W2/><G2/><T85/><D85/><U14/><E3/><V68/><REACH who="2" step="1"/><F67/><REACH who="2" ten="250,302,188,250" step="2"/><W80/><G80/><T81/><D10/><U44/><E124/><V88/><F88/><W134/><G134/><T125/><D125/><U110/><E110/><V92/><AGARI ba="0,1" hai="29,30,31,36,40,45,56,58,60,64,68,92,98,103" machi="92" ten="30,7900,0" yaku="1,1,0,1,53,2" doraHai="21" doraHaiUra="55" who="2" fromWho="2" sc="250,-20,302,-39,188,89,250,-20" />
</Scene>
<Scene>
<INIT seed="2,0,0,3,4,131" ten="230,263,277,230" oya="2" hai0="6,58,87,2,104,121,20,4,34,67,124,8,56" hai1="17,5,31,95,49,70,84,30,75,97,52,115,3" hai2="111,100,114,99,94,116,113,0,44,26,74,35,81" hai3="22,7,48,132,65,64,21,78,16,55,42,122,76"/><V90/><F0/><W13/><G122/><T89/><D121/><U96/><E75/><V50/><F116/><W68/><G42/><T1/><D104/><U82/><E115/><V40/><F111/><W77/><G7/><T41/><D124/><U133/><E70/><V60/><F35/><W33/><G33/><T71/><D34/><U88/><E97/><V127/><F127/><W126/><G126/><T24/><D41/><U135/><E17/><V79/><F26/><W102/><G102/><T53/><D71/><U54/><E5/><V125/><F125/><W117/><G117/><T93/><D67/><U19/><E19/><V45/><F60/><W112/><G112/><T105/><D105/><U83/><E83/><V66/><F66/><W12/><G68/><T15/><D6/><U120/><E3/><V119/><F119/><W109/><G109/><T18/><REACH who="0" step="1"/><D58/><REACH who="0" ten="220,263,277,230" step="2"/><N who="1" m="33039" /><E120/><V69/><F69/><W27/><G65/><T38/><D38/><U98/><E54/><V61/><F45/><W123/><G64/><T9/><D9/><U10/><E10/><V37/><F37/><W14/><G123/><T46/><D46/><U110/><E110/><V62/><F113/><W103/><G22/><T85/><D85/><U91/><E96/><V11/><F114/><W39/><G39/><T106/><D106/><U23/><E23/><V59/><F11/><W134/><REACH who="3" step="1"/><G103/><REACH who="3" ten="220,263,277,220" step="2"/><T43/><D43/><U101/><E101/><V129/><F100/><W36/><G36/><T73/><D73/><U130/><E130/><V107/><F129/><W108/><G108/><T32/><D32/><RYUUKYOKU ba="0,2" sc="220,10,263,10,277,-30,220,10" hai0="1,2,4,8,15,18,20,24,53,56,87,89,93" hai1="30,31,82,84,88,91,95,98,133,135" hai3="12,13,14,16,21,27,48,55,76,77,78,132,134" />
</Scene>
<Scene>
<INIT seed="3,1,2,2,4,30" ten="230,273,247,230" oya="3" hai0="51,129,4,16,92,22,108,57,123,28,111,63,61" hai1="126,135,7,15,50,86,49,134,54,13,32,26,43" hai2="65,119,121,12,131,21,56,79,25,44,75,110,80" hai3="18,130,112,6,47,114,74,2,42,72,98,115,34"/><W89/><G18/><T101/><D123/><U71/><E71/><V69/><F119/><W125/><G89/><T5/><D28/><U62/><E126/><V27/><F69/><W8/><G125/><T70/><D70/><U116/><E116/><V67/><F110/><N who="0" m="42026" /><D129/><U64/><E86/><V58/><F131/><W73/><G130/><T3/><D51/><U35/><E64/><V9/><F44/><W60/><G60/><N who="0" m="23115" /><D57/><N who="1" m="35127" /><E26/><V20/><F27/><W38/><G98/><N who="0" m="59591" /><D3/><U128/><E128/><V37/><F37/><W1/><G1/><T91/><D91/><U68/><E68/><V87/><F121/><W82/><REACH who="3" step="1"/><G34/><REACH who="3" ten="230,273,247,220" step="2"/><N who="1" m="12842" /><E7/><V19/><F65/><W48/><G48/><N who="1" m="18538" /><E43/><V106/><F67/><W76/><AGARI ba="1,3" hai="2,6,8,38,42,47,72,73,74,76,82,112,114,115" machi="76" ten="40,18000,2" yaku="1,1,0,1,25,2,23,2,53,1" doraHai="30" doraHaiUra="39" who="3" fromWho="3" sc="230,-61,273,-61,247,-61,220,213" />
</Scene>
<Scene>
<INIT seed="3,2,0,4,0,35" ten="169,212,186,433" oya="3" hai0="131,56,10,42,94,50,26,48,17,12,134,133,132" hai1="76,47,69,2,32,34,86,118,38,104,25,119,107" hai2="59,127,23,54,7,57,52,49,108,62,72,39,87" hai3="20,75,110,43,114,130,91,73,125,37,129,126,88"/><W11/><G114/><T113/><D131/><N who="3" m="50185" /><G110/><T66/><D113/><U15/><E15/><V36/><F72/><N who="3" m="27723" /><G20/><T8/><D26/><U77/><E69/><V30/><F127/><N who="3" m="48651" /><G11/><T1/><D94/><U93/><E93/><V98/><F108/><W112/><G112/><T55/><D66/><U53/><E47/><AGARI ba="2,0" hai="37,43,47,88,91" m="48651,27723,50185" machi="47" ten="40,7700,0" yaku="19,1,18,1,54,1" doraHai="35" who="3" fromWho="1" sc="169,0,212,-83,186,0,433,83" />
</Scene>
<Scene>
<INIT seed="3,3,0,1,3,64" ten="169,129,186,516" oya="3" hai0="16,123,128,122,55,119,21,107,116,67,102,126,89" hai1="118,70,72,106,11,77,15,46,83,112,71,45,124" hai2="68,133,76,27,23,59,66,103,111,13,79,20,135" hai3="100,62,130,24,96,26,44,6,65,56,22,37,3"/><W63/><G130/><T110/><D67/><U117/><E106/><V41/><F103/><W35/><G35/><T36/><D55/><U94/><E112/><V1/><F1/><W93/><G3/><T8/><D89/><U34/><E34/><V31/><F41/><W38/><G6/><T30/><D36/><U125/><E94/><V48/><F111/><W49/><G63/><T61/><D61/><U121/><E121/><N who="0" m="46089" /><D102/><U92/><E92/><V120/><F120/><W28/><REACH who="3" step="1"/><G26/><REACH who="3" ten="169,129,186,506" step="2"/><T91/><D128/><U17/><E117/><V86/><F27/><W108/><G108/><T115/><D110/><U104/><E118/><V85/><F135/><W87/><G87/><T32/><D119/><U84/><E84/><V58/><F133/><W51/><G51/><T134/><D116/><U25/><E25/><V78/><F48/><W43/><AGARI ba="3,1" hai="22,24,28,37,38,43,44,49,56,62,65,93,96,100" machi="43" ten="20,12000,1" yaku="1,1,0,1,7,1,25,2,53,0" doraHai="64" doraHaiUra="101" who="3" fromWho="3" sc="169,-43,129,-43,186,-43,506,139" />
</Scene>
<Scene>
<INIT seed="3,4,0,5,3,65" ten="126,86,143,645" oya="3" hai0="20,66,40,39,93,128,103,118,79,60,117,88,35" hai1="5,4,69,107,99,82,55,0,52,78,84,48,2" hai2="45,132,10,109,22,98,34,85,14,104,59,15,61" hai3="49,134,75,62,72,70,81,110,101,111,112,46,9"/><W119/><G119/><T25/><D35/><U68/><E107/><V33/><F109/><N who="3" m="41483" /><G112/><T8/><D128/><U63/><E99/><V13/><F132/><W56/><G134/><T92/><D79/><U21/><E21/><V129/><F129/><W51/><G101/><T47/><D8/><U12/><E12/><V64/><F22/><W80/><G70/><T16/><D103/><U74/><E74/><N who="3" m="28202" /><G9/><T108/><D108/><U17/><E17/><V125/><F125/><W1/><G1/><T27/><D27/><U95/><E95/><V76/><F10/><W86/><G46/><T77/><D77/><U36/><E36/><V90/><F45/><W50/><G86/><T87/><REACH who="0" step="1"/><D93/><REACH who="0" ten="116,86,143,645" step="2"/><U26/><E26/><V38/><F76/><W127/><G127/><T115/><D115/><U89/><E78/><V120/><F34/><W121/><G121/><T3/><D3/><U135/><E135/><V23/><F33/><W57/><G57/><AGARI ba="4,1" hai="16,20,25,39,40,47,57,60,66,87,88,92,117,118" machi="57" ten="30,8000,1" yaku="1,1,7,1,54,2,53,1" doraHai="65" doraHaiUra="91" who="0" fromWho="3" sc="116,102,86,0,143,0,645,-92" />
</Scene>
<Scene>
<INIT seed="4,0,0,0,0,57" ten="218,86,143,553" oya="0" hai0="33,60,55,64,40,42,118,61,102,82,17,79,41" hai1="54,25,127,134,95,97,131,52,32,78,1,26,91" hai2="100,35,116,104,38,58,130,121,86,120,84,105,115" hai3="126,31,101,132,93,8,59,123,15,125,98,43,73"/><T10/><D33/><U81/><E1/><V36/><F35/><W30/><G73/><T56/><D118/><U85/><E131/><V37/><F58/><W99/><G132/><T106/><D106/><N who="2" m="41066" /><F100/><W117/><G117/><T47/><D102/><U21/><E134/><V63/><F116/><W111/><G111/><T87/><D47/><U70/><E70/><V3/><F3/><W20/><G123/><N who="2" m="47177" /><F115/><W14/><G43/><T5/><D17/><U0/><E0/><V12/><F12/><W45/><G45/><T39/><D39/><U2/><E2/><V76/><F76/><W13/><G8/><T27/><D27/><U75/><E127/><V50/><F50/><W71/><G71/><T77/><D77/><U69/><E69/><V4/><F4/><W34/><G34/><T89/><D79/><U67/><E67/><V88/><F88/><W107/><G59/><T103/><D103/><U62/><E75/><V51/><F51/><W109/><G109/><T46/><D46/><U112/><E112/><V9/><F9/><W114/><G114/><T65/><REACH who="0" step="1"/><D60/><REACH who="0" ten="208,86,143,553" step="2"/><U122/><E122/><V7/><F63/><W119/><G119/><T110/><D110/><U18/><REACH who="1" step="1"/><E62/><REACH who="1" ten="208,76,143,553" step="2"/><V133/><F133/><W108/><G108/><T113/><D113/><U28/><AGARI ba="0,2" hai="18,21,25,26,28,32,52,54,78,81,85,91,95,97" machi="28" ten="30,12000,2" yaku="1,1,2,1,0,1,54,1,53,2" doraHai="57" doraHaiUra="49" who="1" fromWho="1" sc="208,-60,76,140,143,-30,553,-30" />
</Scene>
<Scene>
<INIT seed="5,0,0,1,5,8" ten="148,216,113,523" oya="1" hai0="88,1,106,89,27,133,131,23,38,96,129,50,43" hai1="87,114,24,54,111,60,28,132,72,83,75,57,0" hai2="90,53,130,113,51,37,7,68,69,4,116,128,64" hai3="112,59,21,65,55,78,107,67,41,86,76,10,81"/><U44/><E0/><V20/><F116/><W74/><G107/><T92/><D38/><U47/><E114/><V80/><F37/><W5/><G112/><T17/><D1/><U2/><E2/><V124/><F113/><W94/><G41/><T125/><D106/><U46/><E132/><V13/><F124/><W102/><G21/><T18/><D133/><U127/><E127/><V30/><F30/><W31/><G31/><T45/><D125/><U108/><E75/><V62/><F68/><W85/><G74/><T63/><D63/><U104/><E72/><V48/><F48/><N who="3" m="31207" /><G78/><T73/><D73/><U117/><E104/><V39/><F39/><W95/><G86/><T11/><D89/><U33/><REACH who="1" step="1"/><E117/><REACH who="1" ten="148,206,113,523" step="2"/><V35/><F130/><W61/><G67/><T9/><REACH who="0" step="1"/><D18/><REACH who="0" ten="138,206,113,523" step="2"/><U49/><E49/><V25/><F51/><W93/><G61/><T26/><D26/><U118/><E118/><V6/><F25/><W97/><G65/><T12/><D12/><AGARI ba="0,2" hai="5,10,12,76,81,85,93,94,95,97,102" m="31207" machi="12" ten="30,2000,0" yaku="8,1,52,1" doraHai="8" who="3" fromWho="0" sc="138,-20,206,0,113,0,523,40" />
</Scene>
<Scene>
<INIT seed="6,0,0,2,0,50" ten="118,206,113,563" oya="2" hai0="48,97,110,135,63,127,5,43,32,33,84,124,49" hai1="40,12,126,22,82,16,67,115,75,114,112,121,21" hai2="65,36,19,15,87,116,10,79,47,83,46,88,94" hai3="80,102,90,37,118,73,55,106,23,64,45,20,98"/><V61/><F116/><W28/><G118/><T95/><D110/><U131/><E131/><V133/><F133/><W18/><G64/><T108/><D108/><U60/><E126/><N who="0" m="48169" /><D135/><U74/><E121/><V2/><F2/><W76/><G28/><T30/><D5/><U41/><E22/><V77/><F36/><W9/><G37/><T125/><N who="0" m="48177" /><T109/><DORA hai="31" /><D109/><U129/><E129/><V104/><F104/><W26/><G9/><T57/><D84/><U111/><E111/><V96/><REACH who="2" step="1"/><F79/><REACH who="2" ten="118,206,103,563" step="2"/><W42/><G76/><T81/><D81/><U0/><E0/><V62/><F62/><W89/><G106/><T68/><D68/><AGARI ba="0,1" hai="10,15,19,46,47,61,65,68,77,83,87,88,94,96" machi="68" ten="30,5800,0" yaku="1,1,7,1,54,1,53,0" doraHai="50,31" doraHaiUra="38,117" who="2" fromWho="0" sc="118,-58,206,0,103,68,563,0" />
</Scene>
<Scene>
<INIT seed="6,1,0,4,3,121" ten="60,206,171,563" oya="2" hai0="21,58,99,90,89,39,55,94,110,15,50,119,125" hai1="56,135,27,3,120,104,83,112,98,129,107,5,24" hai2="14,79,74,54,36,1,28,111,115,84,70,133,102" hai3="0,75,95,60,76,49,38,59,25,10,42,34,96"/><V113/><F1/><W35/><G49/><T16/><D125/><U32/><E5/><V17/><F74/><W91/><G25/><T65/><D110/><U40/><E40/><V44/><F70/><W124/><G124/><T85/><D119/><U22/><E3/><V93/><F133/><W108/><G108/><T106/><D39/><U4/><E4/><V31/><F111/><W6/><G59/><T64/><REACH who="0" step="1"/><D106/><REACH who="0" ten="50,206,171,563" step="2"/><U130/><E104/><V132/><F36/><W82/><G60/><T105/><D105/><U67/><E107/><V114/><F132/><W109/><G109/><T134/><D134/><U11/><E135/><V47/><F102/><W127/><G127/><T18/><D18/><U77/><E120/><V19/><F17/><W61/><G61/><T48/><D48/><U57/><E129/><V37/><F37/><W100/><G91/><T128/><D128/><U63/><E63/><V68/><F19/><W33/><G33/><T97/><D97/><U131/><E98/><V81/><F114/><W9/><G9/><T62/><D62/><U20/><E112/><V53/><F115/><W118/><G118/><T73/><D73/><U52/><E32/><V101/><F113/><W46/><AGARI ba="1,1" hai="0,6,10,34,35,38,42,46,75,76,82,95,96,100" machi="46" ten="30,4000,0" yaku="0,1,25,2" doraHai="121" who="3" fromWho="3" sc="50,-11,206,-11,171,-21,563,53" />
</Scene>
<Scene>
<INIT seed="7,0,0,1,3,53" ten="39,195,150,616" oya="3" hai0="0,108,42,71,129,127,41,29,48,109,31,18,106" hai1="19,131,62,9,120,118,69,27,94,24,97,64,82" hai2="85,116,56,32,78,60,46,105,74,75,89,88,122" hai3="84,80,22,66,73,83,35,103,79,13,111,114,14"/><W112/><G35/><T51/><D18/><U134/><E120/><V121/><F116/><W45/><G111/><T87/><D87/><U28/><E118/><V124/><F32/><W117/><G117/><T34/><D34/><U130/><E82/><N who="2" m="45407" /><F74/><W110/><G110/><T98/><D98/><U132/><E9/><V107/><F46/><W11/><G66/><T49/><D0/><U135/><E19/><V8/><F124/><W58/><G45/><T101/><D127/><U90/><E27/><V68/><F68/><W125/><G125/><T15/><D15/><U57/><E69/><V63/><F63/><W77/><G103/><T123/><D123/><N who="2" m="47114" /><F8/><W44/><G44/><T76/><D76/><U2/><E2/><V12/><F12/><W96/><G96/><T128/><D71/><U95/><E94/><N who="2" m="54543" /><F89/><W65/><G22/><AGARI ba="0,0" hai="22,24,28,57,62,64,90,95,97,130,131,132,134,135" machi="22" ten="40,2600,0" yaku="20,1,52,1" doraHai="53" who="1" fromWho="3" sc="39,0,195,26,150,0,616,-26" owari="39,-46.0,221,2.0,150,-25.0,590,69.0" />
</Scene>
</mjloggm>