<mjloggm ver="2.3"><GO type="169" lobby="0"/><UN n0="%E3%83%87%E3%82%B8%E3%82%BF%E3%83%AB%E4%BB%99%E4%BA%BA" n1="%E8%B6%85%E3%83%92%E3%83%A2%E3%83%AA%E3%83%AD" n2="%E5%A4%AA%E3%81%8F%E3%81%AA%E3%81%84%E3%81%8A" n3="%E9%9D%92%E6%9C%A8%E8%8C%82" dan="19,18,18,16" rate="2252.02,2170.74,2231.19,2070.20" sx="F,F,F,M"/><TAIKYOKU oya="0"/>

<Scene>
<INIT seed="0,0,0,0,0,19" ten="250,250,250,250" oya="0" hai0="59,63,16,18,77,87,44,64,55,94,40,126,1" hai1="99,121,98,49,116,78,28,17,30,134,52,85,108" hai2="119,123,27,11,12,91,92,53,69,84,129,131,14" hai3="51,61,38,29,132,2,62,34,73,39,10,89,133"/><T9/><D126/><U54/><E108/><V111/><F123/><W60/><G73/><T128/><D128/><N who="2" m="49226" /><F69/><W95/><G51/><T117/><D117/><U118/><E134/><N who="3" m="51818" /><G29/><T79/><D1/><U43/><E121/><V105/><F105/><W110/><G34/><T47/><D9/><U24/><E116/><V3/><F119/><W57/><G57/><T8/><D8/><U46/><E118/><V32/><F111/><W6/><G110/><T37/><D79/><U90/><E78/><V31/><F53/><N who="1" m="20585" /><E17/><V66/><F66/><W104/><G104/><T4/><D4/><AGARI ba="0,0" hai="3,4,11,12,14,27,31,32,84,91,92" m="49226" machi="4" ten="30,1000,0" yaku="19,1" doraHai="19" who="2" fromWho="0" sc="250,-10,250,0,250,10,250,0" />
</Scene>
<Scene>
<INIT seed="1,0,0,5,1,93" ten="240,250,260,250" oya="1" hai0="37,9,94,108,63,125,17,115,116,57,56,40,67" hai1="97,119,15,135,68,46,49,43,128,83,33,28,82" hai2="95,113,78,70,103,71,60,118,54,34,16,30,101" hai3="0,42,29,132,109,6,59,25,126,1,80,92,130"/><U22/><E128/><V20/><F118/><W36/><G130/><T5/><D116/><U91/><E135/><V3/><F3/><W52/><G132/><T47/><D115/><U48/><E68/><V110/><F78/><W31/><G109/><T61/><D108/><U127/><E127/><V27/><F110/><W4/><G126/><T7/><D125/><U45/><E33/><V44/><F113/><W50/><G80/><T74/><D74/><U122/><E122/><V98/><F103/><W66/><G66/><T32/><D32/><U73/><E119/><V79/><F79/><W84/><G31/><T77/><D77/><U69/><E69/><V2/><F2/><W72/><G72/><T129/><D129/><U88/><E73/><V23/><F34/><W131/><G131/><T12/><REACH who="0" step="1"/><D94/><REACH who="0" ten="230,250,260,250" step="2"/><N who="1" m="56519" /><E91/><V134/><F134/><W26/><G92/><T81/><D81/><U106/><E106/><V75/><F75/><W35/><G35/><T21/><D21/><U117/><E117/><V76/><F76/><W124/><G124/><T114/><D114/><U65/><E65/><AGARI ba="0,1" hai="5,7,9,12,17,37,40,47,56,57,61,63,65,67" machi="65" ten="30,3900,0" yaku="1,1,7,1,9,1,53,0" doraHai="93" doraHaiUra="87" who="0" fromWho="1" sc="230,49,250,-39,260,0,250,0" />
</Scene>
<Scene>
<INIT seed="2,0,0,0,0,26" ten="279,211,260,250" oya="2" hai0="79,52,117,111,131,73,105,120,7,9,96,78,42" hai1="59,12,28,80,48,53,74,66,64,18,8,60,130" hai2="34,127,112,94,135,99,5,31,100,47,97,4,106" hai3="101,20,69,67,55,132,83,61,25,70,103,76,125"/><V113/><F135/><W108/><G132/><T14/><D120/><U23/><E130/><V62/><F127/><W85/><G108/><T92/><D105/><U37/><E37/><V13/><F47/><W77/><G77/><T107/><D107/><U91/><E74/><V122/><F122/><W133/><G125/><T90/><D111/><U72/><E72/><V128/><F128/><W93/><G93/><T56/><D131/><U121/><E121/><V75/><F75/><W21/><G70/><T134/><D117/><U33/><E33/><V109/><F109/><W71/><G71/><T16/><D134/><U51/><E80/><V17/><F62/><W44/><G20/><T118/><D42/><U49/><REACH who="1" step="1"/><E91/><REACH who="1" ten="279,201,260,250" step="2"/><V54/><F112/><W45/><G133/><T6/><D118/><U22/><E22/><V30/><F113/><W115/><G115/><T89/><D89/><U123/><E123/><V40/><F34/><W11/><G11/><T68/><D73/><U84/><E84/><V24/><F99/><W29/><REACH who="3" step="1"/><G55/><REACH who="3" ten="279,201,260,240" step="2"/><T119/><D119/><U82/><E82/><V43/><F54/><W129/><G129/><T126/><D126/><U38/><E38/><V87/><F97/><W124/><G124/><T58/><D52/><U81/><E81/><V41/><F87/><W88/><G88/><T1/><D90/><U39/><E39/><V19/><F41/><W2/><G2/><T116/><D1/><U35/><E35/><V102/><F43/><W0/><G0/><T98/><D116/><U46/><E46/><AGARI ba="0,2" hai="21,25,29,44,45,46,61,67,69,76,83,85,101,103" machi="46" ten="40,2600,0" yaku="1,1,52,1,53,0" doraHai="26" doraHaiUra="32" who="3" fromWho="1" sc="279,0,201,-26,260,0,240,46" />
</Scene>
<Scene>
<INIT seed="3,0,0,4,4,43" ten="279,175,260,286" oya="3" hai0="119,82,38,107,100,26,17,106,118,72,116,101,24" hai1="66,55,21,124,128,20,57,30,31,86,109,44,14" hai2="12,98,113,67,90,97,22,59,102,70,127,114,54" hai3="58,47,91,92,60,79,89,121,115,123,71,10,28"/><W132/><G115/><T3/><D3/><U76/><E109/><V0/><F0/><W45/><G71/><T6/><D6/><U32/><E32/><V37/><F37/><W95/><G79/><T68/><D68/><U34/><E34/><V48/><F127/><W50/><G28/><T126/><D126/><U41/><E66/><V15/><F90/><W87/><G132/><T80/><D38/><U130/><E124/><V51/><F70/><W7/><G50/><T64/><D64/><U61/><E76/><V122/><F122/><W78/><G78/><T117/><D117/><U74/><E74/><V27/><F67/><W93/><G123/><T2/><D2/><U39/><E86/><V77/><F77/><W56/><G121/><T49/><D49/><U133/><E133/><V8/><F51/><W88/><G87/><T36/><D36/><U85/><E85/><V13/><F8/><W11/><G7/><T108/><D119/><U52/><E55/><V105/><REACH who="2" step="1"/><F98/><REACH who="2" ten="279,175,250,286" step="2"/><W42/><G42/><T99/><D99/><U4/><E128/><V29/><AGARI ba="0,1" hai="12,13,15,22,27,29,48,54,59,97,102,105,113,114" machi="29" ten="30,4000,0" yaku="1,1,2,1,0,1,53,0" doraHai="43" doraHaiUra="125" who="2" fromWho="2" sc="279,-10,175,-10,250,50,286,-20" />
</Scene>
<Scene>
<INIT seed="4,0,0,0,0,19" ten="269,165,300,266" oya="0" hai0="45,85,29,20,24,96,49,99,38,8,84,94,55" hai1="95,11,116,130,103,58,119,12,42,7,34,13,16" hai2="93,106,79,50,10,100,48,9,70,89,102,17,37" hai3="53,1,28,5,26,111,108,43,97,18,61,62,105"/><T112/><D112/><U6/><E130/><V64/><F37/><W76/><G76/><T134/><D134/><U3/><E34/><V90/><F106/><W35/><G43/><T0/><D38/><U101/><E3/><V46/><F79/><W41/><G41/><T40/><D99/><U128/><E128/><V83/><F70/><W68/><G62/><T14/><D0/><U69/><E69/><V104/><F104/><W114/><G114/><T86/><D40/><U67/><E42/><V78/><F64/><W65/><G18/><T63/><D63/><N who="1" m="38391" /><E119/><V91/><F93/><W21/><G21/><T32/><D32/><U98/><E116/><V123/><F123/><W135/><G53/><T59/><D45/><U80/><E80/><V23/><F78/><W110/><G135/><T30/><D30/><U33/><E33/><V117/><F83/><W118/><G118/><T126/><D126/><U66/><E66/><V73/><F73/><W27/><G27/><T15/><REACH who="0" step="1"/><D8/><REACH who="0" ten="259,165,300,266" step="2"/><N who="1" m="4127" /><E6/><V44/><F117/><W77/><G111/><T72/><D72/><U122/><E122/><V88/><F46/><W75/><G75/><T57/><D57/><U36/><E36/><V92/><F44/><W120/><G120/><T125/><D125/><U129/><E129/><V109/><F109/><W107/><G97/><T51/><D51/><U133/><E133/><V132/><F132/><W121/><G121/><T74/><D74/><U60/><E60/><V52/><F50/><W2/><G110/><T56/><D56/><U127/><E127/><V71/><F48/><W22/><G108/><RYUUKYOKU ba="0,1" sc="259,15,165,15,300,-15,266,-15" hai0="14,15,20,24,29,49,55,59,84,85,86,94,96" hai1="11,13,16,95,98,101,103" />
</Scene>
<Scene>
<INIT seed="4,1,1,4,2,3" ten="274,180,285,251" oya="0" hai0="92,91,83,107,51,110,111,93,106,58,6,22,7" hai1="1,48,90,40,41,29,77,82,67,74,61,60,126" hai2="73,50,105,12,128,80,47,98,112,86,108,21,134" hai3="68,121,131,5,78,44,104,43,84,53,20,32,76"/><T35/><D35/><U27/><E126/><V16/><F108/><N who="0" m="41514" /><D22/><U55/><E1/><V36/><F112/><W28/><G32/><T8/><D83/><U88/><E41/><V135/><F36/><W117/><G104/><N who="0" m="39979" /><D8/><U13/><E13/><V19/><F73/><W115/><G115/><T64/><D93/><U59/><E40/><V130/><F19/><W70/><G78/><T46/><D58/><U100/><E100/><N who="2" m="62615" /><F80/><W99/><G76/><T54/><D64/><U18/><E18/><V26/><F26/><W132/><G68/><T97/><AGARI ba="1,1" hai="6,7,46,51,54,91,92,97" m="39979,41514" machi="97" ten="30,6000,0" yaku="10,1,52,2" doraHai="3" who="0" fromWho="0" sc="274,73,180,-21,285,-21,251,-21" />
</Scene>
<Scene>
<INIT seed="4,2,0,4,4,106" ten="347,159,264,230" oya="0" hai0="86,93,0,94,68,31,83,35,101,116,92,58,46" hai1="64,53,12,110,84,126,124,21,17,77,66,45,36" hai2="122,25,19,96,60,87,3,44,42,76,70,37,112" hai3="135,49,129,18,133,9,78,50,88,2,80,104,73"/><T47/><D68/><U107/><E110/><V69/><F122/><W11/><G104/><T115/><D116/><U81/><E107/><V127/><F3/><W15/><G129/><T20/><D35/><U131/><E131/><V8/><F112/><W123/><G123/><T63/><D0/><U111/><E111/><V91/><F127/><W52/><G50/><T30/><D101/><U65/><REACH who="1" step="1"/><E53/><REACH who="1" ten="347,149,264,230" step="2"/><V4/><F42/><AGARI ba="2,1" hai="12,17,21,36,42,45,64,65,66,77,81,84,124,126" machi="42" ten="40,2600,0" yaku="1,1,2,1,53,0" doraHai="106" doraHaiUra="5" who="1" fromWho="2" sc="347,0,149,42,264,-32,230,0" />
</Scene>
<Scene>
<INIT seed="5,0,0,3,3,5" ten="347,191,232,230" oya="1" hai0="16,30,77,58,128,42,98,102,22,17,130,107,125" hai1="114,0,13,37,40,73,75,103,82,105,134,90,93" hai2="65,132,46,44,113,32,97,15,10,124,43,99,81" hai3="92,91,110,9,60,39,55,86,47,45,109,83,106"/><U25/><E0/><V12/><F32/><W100/><G106/><T56/><D42/><U80/><E25/><V94/><F124/><W2/><G47/><T36/><D36/><U19/><E114/><V41/><F132/><W78/><G60/><T74/><D125/><U135/><E40/><N who="2" m="15435" /><F65/><W87/><G39/><T3/><D3/><U62/><E62/><V89/><F113/><W122/><G100/><T20/><D30/><U14/><E37/><V96/><F81/><N who="1" m="31337" /><E13/><N who="2" m="5195" /><F10/><W123/><G123/><T119/><D74/><N who="1" m="28171" /><E19/><V104/><F104/><W26/><G122/><T85/><D16/><U18/><E14/><V117/><F117/><W34/><G26/><T126/><D17/><U111/><E18/><V133/><F133/><N who="1" m="50697" /><E111/><V27/><F27/><W120/><G120/><T67/><D22/><U72/><N who="1" m="28179" /><U70/><DORA hai="29" /><E70/><V112/><F112/><W63/><G34/><T35/><D35/><U49/><E49/><V131/><F44/><W24/><G24/><T64/><D20/><U6/><E6/><V8/><F46/><W101/><G110/><T50/><D50/><U69/><E69/><V38/><F8/><W11/><G109/><T48/><D48/><U28/><E28/><V108/><F108/><W66/><G2/><T118/><D118/><U4/><E4/><V31/><F31/><W95/><G45/><T115/><D119/><U121/><E121/><V7/><F7/><W88/><G55/><T53/><D53/><U71/><E71/><V68/><F68/><W54/><G54/><T23/><D115/><U52/><E52/><V33/><F38/><RYUUKYOKU ba="0,0" sc="347,0,191,0,232,0,230,0" />
</Scene>
<Scene>
<INIT seed="6,1,0,4,5,62" ten="347,191,232,230" oya="2" hai0="66,33,55,96,38,76,100,49,39,73,133,36,8" hai1="40,27,74,56,65,28,79,121,128,106,12,71,50" hai2="83,78,120,9,5,37,93,58,101,95,41,52,67" hai3="92,31,44,114,82,21,30,35,14,91,7,46,48"/><V47/><F120/><W111/><G111/><T86/><D33/><U94/><E128/><V123/><F123/><W117/><G117/><T20/><D73/><U116/><E106/><V126/><F126/><W34/><G82/><T16/><D8/><U43/><E116/><V118/><F118/><W13/><G7/><T75/><D75/><U108/><E108/><V130/><F130/><W45/><G48/><T60/><D86/><U98/><E71/><V99/><F67/><W115/><G21/><T17/><D76/><U81/><E12/><N who="3" m="4714" /><G91/><T59/><D20/><U104/><E104/><V131/><F131/><W18/><G92/><T103/><D133/><U68/><E68/><V0/><F99/><W80/><G80/><T84/><D84/><U29/><E121/><V110/><F101/><W134/><G18/><T69/><REACH who="0" step="1"/><D103/><REACH who="0" ten="337,191,232,230" step="2"/><U53/><E29/><N who="3" m="10762" /><G134/><T23/><D23/><U72/><E72/><N who="2" m="43463" /><F110/><W57/><G34/><T25/><D25/><U119/><E119/><V1/><F0/><W132/><G35/><T113/><D113/><N who="3" m="43017" /><G132/><T4/><D4/><U6/><E6/><V90/><F90/><W77/><G77/><T63/><D63/><AGARI ba="1,1" hai="1,5,9,37,41,47,52,58,63,93,95" m="43463" machi="63" ten="30,2900,0" yaku="25,1,54,1" doraHai="62" who="2" fromWho="0" sc="337,-32,191,0,232,42,230,0" />
</Scene>
<Scene>
<INIT seed="6,2,0,5,1,68" ten="305,191,274,230" oya="2" hai0="99,96,130,109,105,29,117,40,9,81,72,116,39" hai1="66,123,127,13,122,115,2,63,88,47,67,48,83" hai2="103,119,5,30,23,14,53,51,6,111,38,22,104" hai3="75,69,61,71,118,25,101,56,7,58,11,80,44"/><V84/><F119/><N who="0" m="45642" /><D109/><U97/><E2/><V89/><F111/><W87/><G75/><T125/><D130/><U134/><E115/><V26/><F38/><W98/><G44/><N who="0" m="23583" /><D125/><U78/><E134/><V28/><F103/><W15/><G25/><T133/><D133/><U120/><E127/><V55/><F104/><W132/><G58/><T59/><D105/><U95/><E13/><V3/><F3/><W1/><G1/><T79/><D29/><U91/><E91/><V107/><F107/><W110/><G110/><T16/><D59/><U34/><E34/><V90/><F14/><AGARI ba="2,0" hai="9,14,16,72,79,81,96,99" m="23583,45642" machi="14" ten="30,3900,0" yaku="12,1,52,1,54,1" doraHai="68" who="0" fromWho="2" sc="305,45,191,0,274,-45,230,0" />
</Scene>
<Scene>
<INIT seed="7,0,0,2,1,27" ten="350,191,229,230" oya="3" hai0="134,77,0,67,2,120,50,51,95,89,83,45,32" hai1="111,6,97,16,59,13,14,62,110,56,11,25,101" hai2="23,39,92,26,49,86,18,128,8,48,104,118,119" hai3="126,34,100,98,4,65,129,24,117,30,60,87,122"/><W112/><G122/><T19/><D32/><U57/><E25/><V94/><F39/><W80/><G117/><T53/><D120/><U61/><E110/><V43/><F104/><W106/><G112/><T22/><D134/><U85/><E111/><V82/><F128/><W64/><G129/><T131/><D67/><U52/><E85/><V3/><F119/><W10/><G126/><T35/><D35/><U133/><E133/><V78/><F118/><W132/><G132/><T70/><D70/><U47/><E47/><N who="2" m="25727" /><F3/><W99/><G99/><T21/><D51/><U108/><E108/><V71/><F71/><W113/><G113/><T63/><D63/><U68/><E68/><V88/><F49/><W116/><G60/><T58/><D45/><U66/><E57/><V9/><F92/><W20/><G34/><T109/><D109/><U125/><E125/><V93/><F94/><W103/><G103/><T33/><D33/><U40/><E40/><V46/><F46/><W127/><G127/><T84/><D131/><U107/><REACH who="1" step="1"/><E16/><REACH who="1" ten="350,181,229,230" step="2"/><V105/><F18/><W72/><G116/><T1/><D19/><U55/><E55/><V12/><F26/><W114/><G114/><T42/><D42/><U41/><E41/><V69/><F69/><W74/><G74/><T79/><D53/><U36/><E36/><V15/><F86/><W73/><G73/><T5/><D84/><U96/><E96/><V121/><F121/><W130/><G72/><T28/><D58/><U7/><E7/><V17/><F17/><W76/><G130/><T38/><D38/><U135/><E135/><RYUUKYOKU ba="0,1" sc="350,-15,181,15,229,-15,230,15" hai1="6,11,13,14,52,56,59,61,62,66,97,101,107" hai3="4,10,20,24,30,64,65,76,80,87,98,100,106" />
</Scene>
<Scene>
<INIT seed="7,1,1,5,2,2" ten="335,196,214,245" oya="3" hai0="32,77,61,81,84,113,104,85,18,36,127,75,122" hai1="64,135,78,48,19,20,76,15,118,111,49,134,22" hai2="68,63,27,67,130,116,112,106,97,13,101,92,89" hai3="29,46,42,121,65,109,93,69,1,39,45,43,128"/><W10/><G121/><T103/><D122/><U80/><E111/><V44/><F116/><W60/><G109/><T31/><D36/><U94/><E118/><V41/><F112/><W71/><G128/><T123/><D123/><U34/><E34/><V115/><F115/><W54/><G29/><T117/><D113/><U25/><E64/><V126/><F126/><W40/><G93/><T99/><D127/><U33/><E33/><V73/><F130/><W6/><REACH who="3" step="1"/><G71/><REACH who="3" ten="335,196,214,235" step="2"/><T133/><D117/><U96/><E134/><V70/><F70/><W11/><G11/><T28/><D133/><U17/><E135/><V62/><F92/><W23/><G23/><T110/><D28/><U51/><E80/><V8/><F8/><W16/><G16/><T66/><D18/><U9/><E9/><V86/><F68/><W98/><G98/><T35/><D110/><U24/><E24/><V12/><F97/><W100/><G100/><AGARI ba="1,2" hai="15,17,19,20,22,25,48,49,51,76,78,94,96,100" machi="100" ten="40,1300,0" yaku="8,1" doraHai="2" who="1" fromWho="3" sc="335,0,196,36,214,0,235,-16" owari="335,44.0,232,3.0,214,-29.0,219,-18.0" />
</Scene>
</mjloggm>