<mjloggm ver="2.3"><GO type="97"/><UN n0="%E5%A4%AA%E3%81%8F%E3%81%AA%E3%81%84%E3%81%8A" n1="%64%64%74" n2="%72%65%64%2D%62%74%73" n3="%6B%65%65%70%61%63%61%74" dan="15,13,14,13" rate="2061,1836,1901,1821" sx="M,M,M,M"/><TAIKYOKU oya="0"/>

<Scene>
<INIT seed="0,0,0,2,5,6" ten="250,250,250,250" oya="0" hai0="72,43,37,70,123,69,76,23,71,40,113,135,34" hai1="57,42,89,129,80,102,58,88,26,68,39,111,118" hai2="1,82,38,36,65,67,0,132,85,81,84,126,27" hai3="47,18,11,87,17,51,103,94,32,116,112,49,12"/><T121/><D23/><U92/><E68/><V4/><F4/><W14/><G32/><T5/><D34/><U99/><E118/><V110/><F27/><W52/><G116/><T91/><D91/><U44/><E129/><V128/><F110/><W100/><G112/><T119/><D119/><U62/><E111/><V50/><F50/><W107/><G107/><T122/><D5/><U130/><E130/><V117/><F128/><W54/><G94/><T31/><D31/><U133/><E58/><V10/><F117/><W8/><G87/><T98/><D98/><U120/><E120/><V108/><F108/><W97/><G97/><T24/><D24/><U15/><E80/><V131/><F131/><W29/><G29/><T114/><D135/><U127/><E133/><V53/><F53/><W20/><G20/><T55/><D76/><U7/><E26/><V79/><F79/><W3/><G3/><T21/><D21/><U33/><E33/><V30/><F30/><W64/><G64/><T75/><D55/><U45/><E102/><V101/><F101/><W48/><G48/><T22/><D22/><U104/><E104/><V60/><F60/><W83/><G83/><T74/><D37/><U46/><E39/><V63/><F63/><W66/><G66/><T77/><D77/><U16/><E62/><V59/><F126/><W25/><G25/><T109/><D109/><U13/><E99/><V56/><F132/><W19/><G19/><T96/><D96/><U105/><E16/><V124/><F124/><W28/><G28/><T90/><D90/><U95/><E127/><RYUUKYOKU ba="0,0" sc="250,10,250,-30,250,10,250,10" hai0="40,43,69,70,71,72,74,75,113,114,121,122,123" hai2="0,1,10,36,38,56,59,65,67,81,82,84,85" hai3="8,11,12,14,17,18,47,49,51,52,54,100,103" />
</Scene>
<Scene>
<INIT seed="0,1,0,1,2,134" ten="260,220,260,260" oya="0" hai0="20,15,40,74,68,52,66,0,25,6,98,115,84" hai1="123,46,95,71,12,108,58,8,107,16,21,121,120" hai2="105,48,45,85,94,56,61,1,67,60,3,90,93" hai3="35,129,7,69,81,124,72,70,55,104,36,22,126"/><T73/><D115/><U5/><E107/><V117/><F117/><W77/><G104/><T116/><D116/><U135/><E71/><N who="3" m="27146" /><G22/><T119/><D119/><U38/><E135/><V114/><F114/><W9/><G55/><T49/><D0/><U110/><E58/><V2/><F105/><W31/><G129/><T76/><D40/><U89/><E38/><V122/><F122/><W106/><G106/><T27/><D98/><U53/><E46/><V132/><F132/><W28/><G36/><T24/><D66/><U37/><E53/><V29/><F29/><W4/><G4/><T75/><D68/><U79/><E79/><V23/><F23/><W91/><G91/><T109/><D109/><U87/><REACH who="1" step="1"/><E37/><REACH who="1" ten="260,210,260,260" step="2"/><V19/><F56/><W130/><G130/><T96/><D76/><U118/><E118/><V112/><F112/><W127/><G35/><T57/><D57/><U63/><E63/><V51/><F67/><W14/><AGARI ba="1,1" hai="7,9,14,28,31,72,77,81,124,126,127" m="27146" machi="14" ten="40,8000,1" yaku="18,1,52,3" doraHai="134" who="3" fromWho="3" sc="260,-41,210,-21,260,-21,260,93" />
</Scene>
<Scene>
<INIT seed="1,0,0,4,2,134" ten="219,189,239,353" oya="1" hai0="64,86,40,30,26,122,117,66,90,113,112,29,83" hai1="35,96,2,31,99,27,130,103,74,76,109,6,21" hai2="67,91,34,22,60,32,72,94,79,11,125,4,57" hai3="69,102,128,131,73,48,71,87,89,13,135,133,7"/><U88/><E130/><V58/><F125/><W111/><G73/><T85/><D117/><U82/><E109/><V93/><F22/><W123/><G111/><T120/><D40/><U37/><E99/><V38/><F38/><W23/><G123/><N who="0" m="47147" /><D85/><U43/><E21/><V126/><F93/><W1/><G102/><T25/><D25/><U56/><E56/><V55/><F126/><W129/><G1/><T80/><D80/><U63/><E63/><V47/><F47/><W62/><G48/><T121/><N who="0" m="47155" /><T59/><DORA hai="77" /><D30/><U65/><E65/><N who="0" m="25193" /><D59/><U78/><E78/><V127/><F127/><W53/><G62/><T68/><D68/><N who="3" m="26185" /><G53/><T101/><D101/><U18/><E103/><V50/><F79/><W33/><G33/><AGARI ba="0,0" hai="26,29,33,83,86,90,112,113" m="25193,47155" machi="33" ten="40,2600,0" yaku="13,1,52,1" doraHai="134,77" who="0" fromWho="3" sc="219,26,189,0,239,0,353,-26" />
</Scene>
<Scene>
<INIT seed="2,0,0,3,3,49" ten="245,189,239,327" oya="2" hai0="62,92,14,56,12,76,23,68,122,46,126,121,114" hai1="96,85,74,60,3,33,53,10,22,25,112,55,91" hai2="113,44,38,35,86,101,40,39,95,19,57,72,89" hai3="42,87,135,26,41,37,0,9,103,17,31,130,128"/><V120/><F72/><W6/><G103/><T102/><D114/><U82/><E74/><V34/><F120/><W93/><G37/><T109/><D68/><U94/><E112/><V83/><F113/><W51/><G135/><T127/><D109/><U104/><E33/><V45/><F19/><W43/><G17/><N who="0" m="10663" /><D14/><U100/><E104/><V81/><F57/><W134/><G134/><T2/><D2/><U52/><E10/><V61/><F61/><W27/><G51/><T66/><D76/><U97/><E3/><V119/><F119/><W133/><G133/><T16/><D16/><N who="1" m="12487" /><E97/><V131/><F131/><N who="3" m="50219" /><G31/><T7/><D7/><U107/><E107/><V106/><F106/><W30/><G30/><T77/><D122/><U58/><AGARI ba="0,0" hai="52,53,55,58,60,82,85,91,94,96,100" m="12487" machi="58" ten="30,12000,2" yaku="8,1,52,3,54,2" doraHai="49" who="1" fromWho="1" sc="245,-30,189,120,239,-60,327,-30" />
</Scene>
<Scene>
<INIT seed="3,0,0,1,0,30" ten="215,309,179,297" oya="3" hai0="61,31,62,22,16,7,55,105,20,78,0,24,49" hai1="23,14,134,42,103,41,47,128,35,97,108,43,66" hai2="11,6,79,58,124,104,2,115,19,12,84,33,88" hai3="57,54,102,65,70,80,77,26,64,68,98,126,116"/><W87/><G116/><T94/><D105/><U59/><E128/><V112/><F104/><W96/><G126/><T15/><D78/><U56/><E134/><V13/><F124/><W118/><G118/><T74/><D74/><U120/><E35/><V71/><F71/><W53/><G70/><T50/><D50/><U51/><E120/><V133/><F133/><W10/><G68/><T123/><D123/><U110/><E66/><N who="3" m="25706" /><G102/><T81/><D81/><U8/><E23/><V40/><F79/><W93/><G10/><T34/><D22/><U106/><E59/><V113/><F40/><W67/><G26/><T76/><D76/><U89/><E56/><V36/><F36/><W109/><G109/><N who="1" m="42090" /><E89/><V4/><F58/><W1/><G1/><T75/><D75/><U117/><E117/><V29/><F6/><AGARI ba="0,0" hai="6,8,14,41,42,43,47,51,97,103,106" m="42090" machi="6" ten="30,1000,0" yaku="14,1" doraHai="30" who="1" fromWho="2" sc="215,0,309,10,179,-10,297,0" owari="215,-18.0,319,41.0,169,-33.0,297,10.0" />
</Scene>
</mjloggm>