<mjloggm ver="2.3"><GO type="169" lobby="0"/><UN n0="%4C%E3%82%B3%E3%83%B3%E3%83%89%E3%83%AB%E3%83%91%E3%82%B5%E3%83%BC" n1="%E3%81%AA%E3%81%BE%E3%81%AF%E3%81%92%E3%83%AA%E3%83%BC%E3%83%81%E2%98%86" n2="%E5%A4%AA%E3%81%8F%E3%81%AA%E3%81%84%E3%81%8A" n3="%50%72%6F%66%2E%47%33" dan="16,17,18,16" rate="2096.24,2089.38,2193.55,2036.99" sx="M,M,M,M"/><TAIKYOKU oya="0"/>

<Scene>
<INIT seed="0,0,0,1,0,15" ten="250,250,250,250" oya="0" hai0="6,77,25,98,109,81,24,8,9,47,100,117,33" hai1="51,36,90,59,73,123,132,38,72,63,4,14,110" hai2="87,113,131,120,17,5,28,69,92,91,30,48,67" hai3="44,108,124,105,101,78,31,118,103,86,65,102,71"/><T50/><D117/><U56/><E123/><V93/><F120/><W3/><G108/><T83/><D109/><U16/><E110/><V55/><F113/><W29/><G118/><T52/><D33/><U94/><E4/><V7/><F131/><W111/><G111/><T84/><D83/><U57/><E132/><V54/><F69/><W42/><G124/><T53/><D53/><U61/><E51/><V0/><F67/><W122/><G122/><T127/><D127/><U1/><E1/><V34/><F0/><W58/><G105/><T74/><D74/><U27/><E27/><V18/><F34/><W121/><G3/><T46/><D47/><U60/><E73/><V66/><F66/><W70/><G70/><T12/><REACH who="0" step="1"/><D9/><REACH who="0" ten="240,250,250,250" step="2"/><U45/><E72/><V125/><F125/><W41/><G121/><T43/><D43/><U96/><REACH who="1" step="1"/><E45/><REACH who="1" ten="240,240,250,250" step="2"/><V11/><F11/><AGARI ba="0,2" hai="11,14,16,36,38,56,57,59,60,61,63,90,94,96" machi="11" ten="40,8000,1" yaku="1,1,2,1,52,1,54,1,53,0" doraHai="15" doraHaiUra="128" who="1" fromWho="2" sc="240,0,240,100,250,-80,250,0" />
</Scene>
<Scene>
<INIT seed="1,0,0,1,4,70" ten="240,340,170,250" oya="1" hai0="101,13,134,121,0,23,88,85,100,9,25,51,12" hai1="69,22,124,5,58,21,122,119,135,103,115,26,113" hai2="18,49,79,123,82,42,114,126,46,65,109,62,72" hai3="97,90,35,29,16,17,84,120,33,108,10,56,59"/><U80/><E69/><V131/><F123/><W44/><G108/><T47/><D0/><U31/><E122/><V107/><F107/><W133/><G120/><T89/><D134/><U4/><E119/><V73/><F109/><W45/><G133/><T129/><D129/><U1/><E135/><V105/><F105/><W52/><G97/><T57/><D57/><U34/><E103/><V27/><F131/><W7/><G29/><T14/><D9/><N who="1" m="2191" /><E58/><V117/><F117/><W36/><G33/><T32/><D32/><U99/><E80/><V11/><F114/><N who="1" m="43529" /><E99/><V102/><F102/><N who="0" m="39530" /><D85/><U43/><E43/><V95/><F95/><N who="3" m="54727" /><G35/><T50/><D121/><U40/><E40/><V86/><F126/><W20/><G36/><T24/><D24/><U111/><E111/><V37/><F49/><N who="0" m="18442" /><D47/><N who="3" m="17993" /><G20/><N who="1" m="7786" /><E5/><V15/><REACH who="2" step="1"/><F27/><REACH who="2" ten="240,340,160,250" step="2"/><W96/><G59/><AGARI ba="0,1" hai="11,15,18,37,42,46,59,62,65,72,73,79,82,86" machi="59" ten="30,8000,1" yaku="1,1,2,1,7,1,52,1,53,1" doraHai="70" doraHaiUra="54" who="2" fromWho="3" sc="240,0,340,0,160,90,250,-80" />
</Scene>
<Scene>
<INIT seed="2,0,0,1,4,94" ten="240,340,250,170" oya="2" hai0="40,93,91,64,24,7,18,106,104,124,78,1,41" hai1="9,86,30,29,15,84,52,42,17,20,66,127,45" hai2="21,109,113,135,19,54,23,48,119,101,102,0,80" hai3="131,33,98,70,87,57,60,11,89,56,71,129,35"/><V92/><F119/><W96/><G11/><T122/><D122/><U85/><E127/><V53/><F113/><W6/><G6/><T14/><D1/><U114/><E114/><V43/><F0/><W37/><G37/><T46/><D124/><U2/><E66/><V38/><F38/><W99/><G87/><T100/><D78/><U4/><REACH who="1" step="1"/><E52/><REACH who="1" ten="240,330,250,170" step="2"/><V97/><F54/><N who="3" m="33815" /><G89/><T79/><D91/><U112/><E112/><V88/><F88/><W69/><G57/><T132/><D64/><U28/><E28/><V55/><F55/><W130/><AGARI ba="0,1" hai="33,35,69,70,71,96,98,99,129,130,131" m="33815" machi="130" ten="50,12000,2" yaku="29,2,19,1,52,3" doraHai="94" who="3" fromWho="3" sc="240,-30,330,-30,250,-60,170,130" />
</Scene>
<Scene>
<INIT seed="3,0,0,4,0,72" ten="210,300,190,300" oya="3" hai0="82,30,100,28,33,101,114,95,129,66,6,123,52" hai1="17,104,12,92,127,84,44,79,117,89,78,120,65" hai2="41,1,67,8,98,63,109,20,50,97,9,34,128" hai3="81,88,83,125,130,55,62,122,38,107,102,43,91"/><W5/><G122/><T105/><D123/><U110/><E104/><V73/><F34/><W56/><G130/><T13/><D105/><U39/><E120/><V111/><F73/><W27/><G125/><T26/><D129/><U74/><E74/><V64/><F128/><W86/><G5/><T14/><D66/><N who="2" m="25130" /><F63/><W60/><G60/><T3/><D114/><U108/><E65/><V18/><F41/><W85/><G27/><T40/><D40/><N who="1" m="22559" /><E127/><V69/><F50/><W113/><G113/><T0/><D30/><U29/><E29/><V47/><F47/><W23/><G23/><T124/><D124/><U71/><E71/><V4/><F9/><W96/><REACH who="3" step="1"/><G43/><REACH who="3" ten="210,300,190,290" step="2"/><T75/><D6/><U115/><E115/><V118/><F69/><W94/><G94/><T77/><D95/><U19/><E92/><V135/><F118/><W10/><G10/><T21/><D21/><U32/><E117/><V16/><F135/><W46/><G46/><T25/><D25/><U2/><E32/><V7/><F4/><W126/><G126/><T112/><D112/><U35/><E35/><V58/><F58/><W132/><G132/><T15/><REACH who="0" step="1"/><D52/><REACH who="0" ten="200,300,190,290" step="2"/><U42/><E42/><V24/><F18/><W68/><G68/><T53/><D53/><U61/><E19/><V99/><F16/><W131/><G131/><T103/><AGARI ba="0,2" hai="0,3,13,14,15,26,28,33,75,77,82,100,101,103" machi="103" ten="30,4000,0" yaku="1,1,0,1,52,1,53,0" doraHai="72" doraHaiUra="80" who="0" fromWho="0" sc="200,60,300,-10,190,-10,290,-20" />
</Scene>
<Scene>
<INIT seed="4,0,0,3,3,74" ten="260,290,180,270" oya="0" hai0="79,128,77,110,27,98,67,25,84,92,31,8,90" hai1="107,71,113,39,68,87,47,18,66,118,109,125,37" hai2="133,38,69,63,40,86,51,135,129,65,26,115,122" hai3="119,64,116,32,20,30,111,102,9,81,1,57,73"/><T36/><D36/><N who="1" m="13899" /><E107/><V23/><F86/><W89/><G111/><T50/><D110/><U34/><E87/><V83/><F83/><W58/><G32/><T45/><D128/><U44/><E18/><V126/><F122/><W127/><G127/><T35/><D67/><U117/><E34/><V108/><F108/><W114/><G114/><T120/><D120/><U59/><E109/><V42/><F38/><W93/><G1/><T60/><D60/><N who="1" m="38175" /><E125/><V11/><F126/><W82/><G9/><T104/><D27/><U106/><E106/><V48/><F11/><W46/><G20/><T105/><D8/><U6/><E6/><V62/><F115/><W88/><G30/><T55/><REACH who="0" step="1"/><D105/><REACH who="0" ten="250,290,180,270" step="2"/><U28/><E113/><V95/><F26/><W91/><G64/><T76/><D76/><U54/><E118/><V2/><F65/><W16/><G116/><T75/><D75/><U4/><E117/><V49/><F129/><W0/><G119/><T85/><D85/><U33/><E71/><V24/><F69/><W99/><G73/><T19/><D19/><U7/><E68/><V72/><F72/><W43/><G16/><T101/><AGARI ba="0,1" hai="25,31,35,45,50,55,77,79,84,90,92,98,101,104" machi="101" ten="30,11700,0" yaku="1,1,0,1,52,2,53,0" doraHai="74" doraHaiUra="5" who="0" fromWho="0" sc="250,127,290,-39,180,-39,270,-39" />
</Scene>
<Scene>
<INIT seed="4,1,0,5,2,87" ten="377,251,141,231" oya="0" hai0="37,132,120,9,12,74,70,27,93,135,0,63,69" hai1="26,124,104,57,108,56,2,10,82,127,64,122,19" hai2="95,35,80,43,42,92,15,103,125,96,50,49,105" hai3="123,78,128,40,22,51,65,94,111,47,58,7,109"/><T101/><D120/><U133/><E122/><V97/><F35/><W1/><G123/><T59/><D74/><U13/><E108/><V44/><F125/><N who="1" m="48201" /><E104/><V72/><F15/><W110/><G128/><T116/><D37/><U52/><E133/><N who="0" m="51273" /><D27/><U23/><E2/><V121/><F121/><W18/><G78/><T98/><D0/><U28/><E64/><V68/><F68/><W32/><G32/><T91/><D101/><U126/><E126/><V55/><F49/><W46/><G46/><T79/><D79/><U17/><E82/><V60/><F72/><W107/><G107/><T83/><D83/><U36/><E36/><V90/><F80/><W114/><G114/><T86/><D86/><U16/><E57/><N who="2" m="34879" /><F105/><W129/><G129/><T88/><D91/><U61/><AGARI ba="1,0" hai="10,13,16,17,19,23,26,28,52,56,61" m="48201" machi="61" ten="30,4000,0" yaku="18,1,54,2" doraHai="87" who="1" fromWho="1" sc="377,-21,251,43,141,-11,231,-11" />
</Scene>
<Scene>
<INIT seed="5,0,0,4,0,41" ten="356,294,130,220" oya="1" hai0="107,120,37,52,98,47,119,34,42,16,129,97,30" hai1="32,44,1,29,11,124,27,89,23,28,10,56,25" hai2="87,106,31,55,133,93,38,45,17,88,57,24,48" hai3="134,121,127,0,116,111,67,53,125,75,35,7,49"/><U66/><E124/><N who="3" m="47690" /><G75/><T43/><D119/><U117/><E117/><V118/><F118/><W81/><G116/><T18/><D129/><U54/><E1/><V102/><F133/><W60/><G111/><T105/><D30/><U82/><E66/><V13/><F106/><W71/><G134/><T99/><D34/><U114/><E114/><V123/><F123/><W36/><G35/><T61/><D120/><U58/><E58/><V33/><F102/><W130/><G121/><T26/><D43/><U65/><E65/><V19/><F38/><W21/><G130/><T128/><D128/><U12/><E12/><V20/><REACH who="2" step="1"/><F19/><REACH who="2" ten="356,294,120,220" step="2"/><W103/><G36/><T91/><D18/><U101/><E101/><V59/><AGARI ba="0,1" hai="13,17,20,24,31,33,45,48,55,57,59,87,88,93" machi="59" ten="30,8000,1" yaku="1,1,2,1,0,1,52,1,54,1,53,0" doraHai="41" doraHaiUra="63" who="2" fromWho="2" sc="356,-20,294,-40,120,90,220,-20" />
</Scene>
<Scene>
<INIT seed="6,0,0,0,5,89" ten="336,254,210,200" oya="2" hai0="56,128,101,92,79,81,46,94,86,13,18,3,70" hai1="91,34,105,80,31,23,106,113,122,42,107,110,10" hai2="49,58,16,132,55,112,130,33,21,78,53,117,68" hai3="96,98,77,63,60,135,36,40,2,6,133,114,125"/><V29/><F117/><W9/><G114/><T52/><D70/><U87/><E110/><V103/><F68/><W84/><G125/><T118/><D3/><U27/><E113/><V100/><F112/><W65/><G40/><T108/><D108/><U115/><E115/><V73/><F130/><W43/><G43/><T11/><D128/><U47/><E122/><V41/><F132/><N who="3" m="50763" /><G36/><T75/><D118/><U123/><E123/><V64/><F64/><W82/><G63/><N who="0" m="36231" /><D75/><U61/><E61/><V104/><F104/><W95/><G95/><N who="0" m="36395" /><D46/><U59/><E59/><V5/><F58/><W57/><AGARI ba="0,0" hai="2,6,9,57,60,65,77,82,84,96,98" m="50763" machi="57" ten="30,1100,0" yaku="20,1" doraHai="89" who="3" fromWho="3" sc="336,-3,254,-3,210,-5,200,11" />
</Scene>
<Scene>
<INIT seed="7,0,0,1,2,63" ten="333,251,205,211" oya="3" hai0="75,8,128,78,89,48,39,135,85,67,110,41,133" hai1="118,42,109,100,87,102,57,62,103,47,97,129,66" hai2="72,93,125,81,14,119,71,51,82,18,37,32,5" hai3="98,26,10,38,124,80,65,11,116,23,36,13,60"/><W25/><G116/><T132/><D110/><U94/><E109/><V12/><F119/><W1/><G124/><T107/><D107/><U19/><E118/><V105/><F105/><W33/><G33/><T20/><D128/><U40/><E129/><V114/><F37/><W84/><G98/><T92/><D39/><U91/><E19/><V69/><F32/><W99/><G99/><T15/><D20/><U46/><E97/><V90/><F125/><W68/><G1/><T24/><D24/><U4/><E4/><V120/><F114/><W9/><G13/><T35/><D35/><U44/><AGARI ba="0,0" hai="40,42,44,46,47,57,62,66,87,91,94,100,102,103" machi="44" ten="30,4000,0" yaku="0,1,8,1,52,1" doraHai="63" who="1" fromWho="1" sc="333,-10,251,40,205,-10,211,-20" owari="323,42.0,291,9.0,195,-20.0,191,-31.0" />
</Scene>
</mjloggm>