<mjloggm ver="2.3"><GO type="97"/><UN n0="%E6%96%B0%E3%81%97%E3%81%84" n1="%E5%A4%AA%E3%81%8F%E3%81%AA%E3%81%84%E3%81%8A" n2="%E3%81%BB%E3%81%84%E3%81%A8%E3%81%93%E3%82%8D" n3="%E3%81%B6%E3%81%9F%E3%81%95%E3%82%93%EF%BC%91%EF%BC%99%EF%BC%98%EF%BC%92" dan="13,15,14,15" rate="1844,2059,1893,1978" sx="M,M,M,M"/><TAIKYOKU oya="0"/>

<Scene>
<INIT seed="0,0,0,1,3,43" ten="250,250,250,250" oya="0" hai0="108,68,10,69,135,105,6,114,100,87,95,27,88" hai1="34,134,32,110,104,94,20,26,40,49,129,45,4" hai2="53,101,72,23,41,12,18,78,14,103,11,29,84" hai3="127,89,51,25,16,74,118,15,93,132,28,42,96"/><T37/><D114/><U61/><E104/><V75/><F29/><W21/><G74/><T90/><D105/><U122/><E122/><V71/><F71/><W131/><G131/><T91/><D100/><U109/><E129/><V47/><F75/><W107/><G132/><T119/><D119/><U33/><E134/><V19/><F72/><W46/><G127/><T3/><D135/><U0/><E61/><V115/><F115/><W39/><G107/><T7/><D108/><N who="1" m="41579" /><E94/><V133/><F133/><W73/><G73/><T1/><D27/><U60/><E60/><V22/><F11/><W56/><G118/><T92/><D37/><U76/><E76/><V99/><F99/><W17/><G39/><T102/><D102/><U81/><E81/><N who="2" m="47159" /><F41/><W121/><G121/><T63/><D63/><U59/><E59/><V85/><F85/><W83/><G83/><T130/><D130/><U31/><E4/><V97/><F97/><W124/><G124/><T126/><D126/><U128/><E128/><V9/><F9/><N who="3" m="6255" /><G56/><T8/><REACH who="0" step="1"/><D91/><REACH who="0" ten="240,250,250,250" step="2"/><U80/><E26/><V67/><F67/><W86/><G28/><T64/><D64/><U106/><E31/><V79/><F79/><W65/><G65/><T44/><D44/><U62/><E45/><V52/><F53/><W113/><G113/><T57/><D57/><U111/><E111/><V98/><F101/><W55/><G55/><T54/><D54/><U50/><E106/><V120/><F103/><W116/><G116/><T70/><D70/><U117/><E117/><V48/><F120/><W82/><G82/><T77/><D77/><RYUUKYOKU ba="0,1" sc="240,10,250,-30,250,10,250,10" hai0="1,3,6,7,8,10,68,69,87,88,90,92,95" hai2="12,14,18,19,22,23,47,48,52,98" hai3="17,21,25,42,46,51,86,89,93,96" />
</Scene>
<Scene>
<INIT seed="0,1,1,5,1,125" ten="250,220,260,260" oya="0" hai0="15,118,103,9,115,24,46,63,30,126,134,117,76" hai1="131,51,129,122,54,50,90,41,57,127,52,4,87" hai2="2,82,13,86,29,20,7,124,116,43,133,18,47" hai3="12,121,42,93,58,6,99,81,106,16,120,119,38"/><T36/><D115/><U66/><E122/><N who="3" m="47210" /><G119/><T3/><D3/><U110/><E127/><V25/><F116/><W114/><G114/><T49/><D126/><U128/><E110/><V45/><F124/><W101/><G6/><T84/><D36/><U26/><E4/><V37/><F47/><N who="3" m="24023" /><G81/><N who="0" m="47143" /><D134/><U44/><E26/><V11/><F133/><W27/><G27/><T85/><D85/><U59/><E66/><V109/><F109/><W98/><G58/><N who="1" m="22026" /><E51/><V23/><F86/><W91/><G12/><T55/><D103/><U73/><E73/><V65/><F82/><AGARI ba="1,1" hai="41,44,50,52,54,82,87,90,128,129,131" m="22026" machi="82" ten="30,8000,1" yaku="19,1,52,3,54,1" doraHai="125" who="1" fromWho="2" sc="250,0,220,93,260,-83,260,0" />
</Scene>
<Scene>
<INIT seed="1,0,0,0,4,133" ten="250,313,177,260" oya="1" hai0="61,22,104,58,122,99,85,106,79,33,6,38,98" hai1="39,18,109,118,83,116,123,40,14,64,100,96,72" hai2="41,127,50,16,103,23,60,111,93,52,119,86,105" hai3="24,0,115,53,35,73,2,12,45,88,87,69,74"/><U5/><E123/><V3/><F119/><W84/><G69/><T132/><D33/><U124/><E64/><V94/><F111/><W135/><G115/><T76/><D38/><U81/><E5/><V47/><F3/><W107/><G107/><T54/><D132/><U42/><E109/><V112/><F112/><W89/><G135/><T110/><D110/><U65/><E65/><V126/><F105/><W9/><G35/><T62/><D122/><U97/><E39/><V10/><F10/><W11/><G24/><T8/><D62/><U78/><E83/><V21/><F21/><W37/><G37/><T101/><D22/><U125/><E40/><V44/><F60/><W29/><G29/><T82/><D76/><U13/><E42/><V57/><F57/><W128/><G45/><T59/><D59/><U7/><E7/><V67/><F67/><W34/><G34/><T77/><D77/><U117/><E97/><V15/><F86/><W130/><G12/><T36/><D36/><U134/><E134/><V120/><F120/><W129/><G129/><T114/><D114/><U26/><E26/><V55/><F41/><W68/><G68/><T71/><D71/><U27/><E27/><V20/><F103/><W131/><G131/><T90/><D99/><U92/><REACH who="1" step="1"/><E13/><REACH who="1" ten="250,303,177,260" step="2"/><V113/><F113/><W108/><G108/><T91/><D106/><U66/><E66/><V30/><F30/><W17/><G17/><T25/><D25/><U1/><E1/><AGARI ba="0,1" hai="1,6,8,54,58,61,79,82,85,90,91,98,101,104" machi="1" ten="30,1000,0" yaku="7,1" doraHai="133" who="0" fromWho="1" sc="250,20,303,-10,177,0,260,0" />
</Scene>
<Scene>
<INIT seed="2,0,0,0,1,20" ten="270,293,177,260" oya="2" hai0="11,41,49,90,130,28,81,72,46,14,112,19,98" hai1="35,96,132,57,52,9,78,1,37,80,95,29,115" hai2="111,104,71,85,109,103,48,97,68,128,4,89,120" hai3="99,18,33,61,135,2,75,40,65,0,23,134,38"/><V34/><F120/><W10/><G33/><T110/><D112/><U94/><E37/><V91/><F128/><W24/><G75/><T36/><D130/><U53/><E115/><V13/><F34/><W55/><G55/><T73/><D110/><N who="2" m="41994" /><F48/><W106/><G40/><T101/><D28/><U45/><E132/><N who="3" m="50730" /><G38/><T51/><D36/><U105/><E105/><V124/><F124/><W26/><G26/><T64/><D64/><U25/><E45/><V84/><F13/><N who="3" m="7479" /><G106/><T3/><D3/><U16/><E1/><V7/><F71/><N who="3" m="42415" /><G99/><T126/><D126/><U70/><E70/><V127/><F68/><W133/><N who="3" m="50738" /><W30/><AGARI ba="0,0" hai="0,2,23,24,30" m="42415,7479,50738" machi="30" ten="40,5200,0" yaku="4,1,20,1,52,1" doraHai="20" who="3" fromWho="3" sc="270,-13,293,-13,177,-26,260,52" />
</Scene>
<Scene>
<INIT seed="3,0,0,4,3,61" ten="257,280,151,312" oya="3" hai0="0,23,117,69,90,110,2,30,89,65,59,43,94" hai1="86,54,119,11,84,62,57,118,16,39,25,55,135" hai2="79,13,20,58,47,75,124,26,32,112,10,128,44" hai3="103,132,50,37,88,22,67,87,68,24,81,126,121"/><W17/><G37/><T48/><D117/><N who="1" m="44555" /><E39/><V80/><F112/><W64/><G121/><T133/><D69/><U51/><E135/><V123/><F123/><W97/><G68/><T109/><D133/><U63/><E63/><V76/><F128/><W21/><G132/><T1/><D43/><U36/><E36/><V60/><F124/><W8/><G8/><T95/><D48/><U66/><E55/><V77/><F32/><W18/><G50/><T4/><D4/><U99/><E99/><V34/><F34/><W53/><G53/><T134/><D134/><U29/><E29/><V120/><F120/><W49/><G49/><T72/><D30/><U73/><E73/><V40/><F40/><W108/><G108/><T98/><D23/><N who="1" m="13543" /><E11/><V33/><F33/><W45/><G45/><AGARI ba="0,0" hai="45,51,54,57,62,66,84,86" m="13543,44555" machi="45" ten="30,3900,0" yaku="12,1,52,1,54,1" doraHai="61" who="1" fromWho="3" sc="257,0,280,39,151,0,312,-39" owari="257,-14.0,319,42.0,151,-35.0,273,7.0" />
</Scene>
</mjloggm>