<mjloggm ver="2.3"><GO type="97"/><UN n0="%E5%A4%AA%E3%81%8F%E3%81%AA%E3%81%84%E3%81%8A" n1="%E8%B1%86%E8%85%90%E3%81%9F%E3%82%93%E3%83%8F%E3%82%A1%E3%83%8F%E3%82%A1" n2="%E5%A6%96%E6%80%AA%E3%81%AB%E3%81%8E%E3%82%8A%E3%81%B8%E3%82%93%E3%81%92" n3="%62%6F%72%61%37" dan="14,15,13,14" rate="2021,1996,1873,1932" sx="M,M,M,M"/><TAIKYOKU oya="0"/>

<Scene>
<INIT seed="0,0,0,5,4,86" ten="250,250,250,250" oya="0" hai0="27,112,84,5,117,8,21,73,68,14,50,66,29" hai1="82,114,92,71,99,9,43,60,125,13,10,16,31" hai2="103,102,106,122,49,48,7,87,61,28,75,132,95" hai3="44,129,76,0,96,118,23,25,128,38,30,131,20"/><T19/><D117/><U97/><E114/><V116/><F122/><W135/><G76/><T101/><D112/><U65/><E125/><V2/><F75/><W74/><G74/><T78/><D101/><U46/><E31/><V130/><F132/><W47/><G38/><T121/><D121/><U109/><E109/><V22/><F130/><W35/><G118/><T93/><D73/><U53/><E53/><V37/><F37/><W100/><G0/><T42/><D68/><U52/><E52/><V39/><F22/><N who="3" m="8235" /><G135/><T32/><D66/><U15/><E82/><V91/><F28/><W59/><G59/><T40/><D50/><U6/><REACH who="1" step="1"/><E92/><AGARI ba="0,0" hai="25,30,35,44,47,92,96,100,128,129,131" m="8235" machi="92" ten="30,1000,0" yaku="19,1" doraHai="86" who="3" fromWho="1" sc="250,0,250,-10,250,0,250,10" />
</Scene>
<Scene>
<INIT seed="1,0,0,4,4,78" ten="250,240,250,260" oya="1" hai0="57,42,121,2,97,35,99,88,59,76,54,52,53" hai1="16,12,60,103,31,116,113,4,134,120,69,20,39" hai2="40,100,80,129,98,19,62,110,112,89,36,13,67" hai3="45,6,119,65,26,90,17,18,102,118,37,71,41"/><U1/><E39/><V117/><F117/><N who="3" m="44555" /><G6/><T11/><D35/><U86/><E116/><V49/><F36/><W47/><G102/><T48/><D121/><U127/><E120/><V92/><F110/><W111/><G111/><T5/><D76/><U75/><E113/><V43/><F49/><W94/><G47/><T61/><D42/><U96/><E75/><V85/><F129/><W82/><G26/><T56/><REACH who="0" step="1"/><D88/><REACH who="0" ten="240,240,250,260" step="2"/><U91/><E91/><V22/><REACH who="2" step="1"/><F112/><REACH who="2" ten="240,240,240,260" step="2"/><W74/><G37/><T109/><D109/><U0/><E134/><V107/><F107/><W108/><G108/><T115/><D115/><U122/><E122/><V79/><F79/><W15/><G41/><T58/><D58/><AGARI ba="0,2" hai="13,19,22,40,43,58,62,67,80,85,89,92,98,100" machi="58" ten="30,8000,1" yaku="1,1,7,1,8,1,52,1,53,1" doraHai="78" doraHaiUra="83" who="2" fromWho="0" sc="240,-80,240,0,240,100,260,0" />
</Scene>
<Scene>
<INIT seed="2,0,0,4,2,19" ten="160,240,340,260" oya="2" hai0="116,128,59,55,95,4,94,75,87,6,49,73,132" hai1="92,123,85,44,96,66,38,40,127,133,64,56,122" hai2="91,114,33,8,126,69,17,2,52,24,70,124,119" hai3="16,89,106,112,93,97,36,5,125,35,48,77,42"/><V135/><F119/><W108/><G35/><T81/><D116/><U102/><E133/><V115/><F135/><W88/><G36/><T12/><D132/><U98/><E127/><N who="2" m="48683" /><F91/><N who="3" m="34891" /><G106/><T103/><D128/><U34/><E34/><V11/><F2/><W99/><G108/><T37/><D37/><U82/><E98/><N who="3" m="37386" /><G5/><T107/><D107/><U121/><REACH who="1" step="1"/><E56/><REACH who="1" ten="160,230,340,260" step="2"/><V71/><F33/><W118/><G125/><T3/><D59/><U62/><E62/><V63/><F114/><W15/><G118/><T100/><D3/><U54/><E54/><V29/><F115/><W23/><G112/><T60/><D60/><U65/><E65/><V67/><F67/><W105/><G105/><T47/><D55/><U50/><E50/><V74/><F63/><W26/><G48/><T78/><D49/><U31/><E31/><V80/><F29/><W104/><G104/><T22/><D103/><U53/><E53/><V113/><F52/><W117/><G117/><T111/><D100/><U28/><E28/><V101/><F101/><W14/><G42/><T10/><D111/><U129/><E129/><V110/><F110/><W43/><G43/><T79/><D47/><U131/><E131/><V134/><F134/><W58/><G58/><T45/><D45/><U61/><E61/><V41/><F41/><W46/><G46/><T21/><D81/><U25/><E25/><V20/><F113/><W72/><G93/><T7/><D94/><U90/><AGARI ba="0,1" hai="38,40,44,64,66,82,85,90,92,96,102,121,122,123" machi="90" ten="30,7900,0" yaku="1,1,0,1,13,1,53,1" doraHai="19" doraHaiUra="76" who="1" fromWho="1" sc="160,-20,230,89,340,-39,260,-20" />
</Scene>
<Scene>
<INIT seed="3,0,0,0,4,125" ten="140,319,301,240" oya="3" hai0="44,8,37,118,70,84,81,66,4,85,21,64,50" hai1="107,77,129,93,78,7,79,68,71,94,51,105,96" hai2="73,6,49,80,1,111,47,54,134,121,56,75,110" hai3="133,116,89,10,39,90,58,0,104,115,135,72,25"/><W100/><G72/><T109/><D118/><U26/><E7/><V36/><F134/><N who="3" m="51211" /><G39/><T32/><D32/><U9/><E9/><N who="2" m="2255" /><F121/><W99/><G116/><T92/><D37/><U16/><E51/><V35/><F35/><W97/><G115/><T122/><D122/><U20/><E71/><V59/><F59/><W3/><G10/><T117/><D117/><U88/><E68/><V102/><F102/><N who="3" m="62543" /><G25/><T15/><D109/><N who="2" m="41482" /><F80/><W31/><G31/><T103/><D21/><U63/><E105/><V127/><F127/><W52/><G0/><T126/><D126/><U57/><E107/><V14/><F14/><W95/><G3/><T112/><D112/><U29/><E94/><V123/><F123/><W67/><G67/><T27/><D27/><U69/><E69/><V91/><F91/><W22/><G22/><T101/><D92/><U43/><E29/><V42/><F75/><W76/><G76/><T132/><D132/><U2/><E2/><V83/><F83/><W53/><G58/><T82/><D70/><U119/><E119/><V34/><F73/><W60/><G60/><T61/><D61/><U38/><E38/><V41/><F34/><W113/><G113/><T65/><D82/><U130/><E43/><AGARI ba="0,0" hai="36,41,42,43,47,49,54,56" m="41482,2255" machi="43" ten="30,1000,0" yaku="14,1" doraHai="125" who="2" fromWho="1" sc="140,0,319,-10,301,10,240,0" owari="140,-36.0,309,11.0,311,41.0,240,-16.0" />
</Scene>
</mjloggm>