<mjloggm ver="2.3"><GO type="193"/><UN n0="%51%2D%74" n1="%E3%82%A2%E3%83%AA%E3%82%A3" n2="%62%2D%72%6F%70%70%79" n3="%E5%A4%AA%E3%81%8F%E3%81%AA%E3%81%84%E3%81%8A" dan="10,12,11,11" rate="1685,1691,1791,1689" sx="M,F,M,M"/><TAIKYOKU oya="0"/>

<Scene>
<INIT seed="0,0,0,1,5,42" ten="250,250,250,250" oya="0" hai0="132,51,83,110,3,38,39,114,104,60,117,73,127" hai1="8,88,34,13,56,103,45,50,107,91,115,123,67" hai2="46,118,61,5,86,27,24,122,44,23,40,22,20" hai3="2,98,81,134,7,106,33,19,28,89,53,79,12"/><T62/><RYUUKYOKU type="yao9" ba="0,0" sc="250,0,250,0,250,0,250,0" hai0="3,38,39,51,60,62,73,83,104,110,114,117,127,132" />
</Scene>
<Scene>
<INIT seed="0,1,0,3,3,134" ten="250,250,250,250" oya="0" hai0="65,128,23,14,82,19,129,38,59,76,109,40,53" hai1="94,3,54,48,41,18,132,35,121,112,46,34,58" hai2="78,105,5,21,20,12,50,83,13,49,29,51,126" hai3="39,77,81,113,135,114,95,116,42,124,103,86,37"/><T91/><D65/><U24/><E121/><V16/><F105/><W30/><G116/><T73/><D109/><U88/><E132/><V45/><F29/><W68/><G68/><T1/><D1/><U120/><E3/><V63/><F63/><W125/><G135/><T102/><D102/><U96/><E120/><V69/><F69/><W74/><G30/><T99/><D99/><U27/><E112/><N who="3" m="43114" /><G42/><T11/><D91/><U62/><REACH who="1" step="1"/><E18/><REACH who="1" ten="250,240,250,250" step="2"/><V2/><F2/><W7/><G7/><T97/><D129/><U104/><E104/><V6/><F126/><N who="3" m="48747" /><G74/><T72/><D128/><U90/><E90/><V123/><F123/><W10/><G10/><T60/><D72/><U119/><E119/><V26/><F5/><W43/><G43/><T4/><D4/><U52/><E52/><V32/><F6/><W67/><G67/><T80/><D11/><U107/><E107/><V133/><F133/><W101/><G101/><T110/><D110/><U106/><E106/><V111/><F111/><W89/><G89/><T71/><D40/><U44/><E44/><V130/><F130/><W75/><G75/><T47/><D47/><U98/><E98/><AGARI ba="1,1" hai="37,39,77,81,86,95,98,103" m="48747,43114" machi="98" ten="30,7700,0" yaku="18,1,52,3" doraHai="134" who="3" fromWho="1" sc="250,0,240,-80,250,0,250,90" />
</Scene>
<Scene>
<INIT seed="1,0,0,1,3,134" ten="250,160,250,340" oya="1" hai0="120,4,47,31,38,132,50,127,114,80,87,98,74" hai1="52,25,126,30,18,57,116,90,59,17,79,109,118" hai2="7,29,26,14,119,115,129,103,110,99,86,73,122" hai3="94,66,95,128,102,24,130,81,49,96,108,5,27"/><U104/><E109/><V35/><F86/><W1/><G108/><T2/><D114/><U112/><E112/><V117/><F122/><W15/><G66/><T37/><D132/><U41/><E126/><V124/><F110/><W75/><G1/><T60/><D120/><U101/><E104/><V53/><F73/><W42/><G94/><T6/><D74/><U77/><E101/><V11/><F115/><W34/><G81/><T89/><D31/><U63/><E41/><V28/><F129/><N who="3" m="49771" /><G75/><T58/><D127/><U62/><E59/><V22/><F124/><W65/><G65/><T123/><D123/><U72/><E72/><V88/><F53/><W12/><G5/><T3/><D3/><U85/><E63/><V68/><F68/><W23/><G34/><T13/><D2/><U67/><E67/><V36/><F36/><W46/><G27/><T113/><D113/><U19/><E77/><V100/><F100/><W8/><G8/><T21/><D37/><U9/><E79/><V105/><F88/><W43/><G43/><N who="0" m="24959" /><D98/><U33/><REACH who="1" step="1"/><E9/><REACH who="1" ten="250,150,250,340" step="2"/><V121/><F121/><W44/><G44/><T55/><D38/><U107/><E107/><V84/><F117/><W56/><G56/><T16/><AGARI ba="0,1" hai="4,6,13,16,21,55,58,60,80,87,89" m="24959" machi="16" ten="30,2000,0" yaku="8,1,54,1" doraHai="134" who="0" fromWho="0" sc="250,30,150,-10,250,-5,340,-5" />
</Scene>
<Scene>
<INIT seed="2,0,0,2,0,51" ten="280,140,245,335" oya="2" hai0="22,45,58,98,77,72,28,105,37,15,94,76,78" hai1="84,113,80,126,91,88,66,5,106,108,134,36,107" hai2="71,13,57,30,130,128,121,102,34,99,21,20,39" hai3="73,6,109,62,50,69,116,38,86,0,103,90,41"/><V44/><F71/><W12/><G116/><T82/><D105/><U33/><E33/><V31/><F121/><W14/><G73/><T81/><D72/><U125/><E36/><V29/><F34/><W24/><G38/><T42/><D58/><U10/><E113/><V59/><F39/><W35/><G103/><T133/><D133/><U7/><E66/><V32/><F32/><W114/><G114/><T46/><D46/><U75/><E108/><V26/><F44/><N who="3" m="25871" /><G0/><T67/><D67/><U112/><E112/><V68/><F68/><W40/><G69/><T74/><D81/><U118/><E10/><V47/><F47/><W123/><G35/><T117/><D117/><U8/><E8/><V127/><F127/><N who="1" m="48649" /><E118/><V9/><F57/><W132/><G40/><T23/><D23/><N who="2" m="8778" /><F59/><W3/><G3/><T85/><D74/><U27/><E27/><V48/><F48/><W18/><G109/><T97/><D28/><U122/><E122/><V55/><F55/><W120/><G132/><T92/><D22/><U124/><N who="1" m="48657" /><U4/><DORA hai="54" /><E134/><V65/><F65/><W87/><G24/><T17/><D17/><U131/><E75/><V11/><F26/><W61/><G120/><T115/><D15/><U64/><E64/><V100/><F13/><W25/><G25/><T19/><D115/><U93/><E131/><N who="2" m="50219" /><F102/><W53/><G123/><T96/><D19/><U129/><E129/><V1/><F1/><W63/><G18/><T95/><AGARI ba="0,0" hai="37,42,45,76,77,78,82,85,92,94,95,96,97,98" machi="95" ten="30,1100,0" yaku="0,1" doraHai="51,54" who="0" fromWho="0" sc="280,11,140,-3,245,-5,335,-3" />
</Scene>
<Scene>
<INIT seed="3,0,0,3,4,31" ten="291,137,240,332" oya="3" hai0="110,122,33,48,95,135,93,87,65,13,5,132,100" hai1="59,106,36,113,94,52,108,111,51,34,39,41,99" hai2="91,85,56,53,73,82,116,18,14,45,7,24,37" hai3="69,6,96,46,74,97,83,49,89,54,30,130,60"/><W124/><G124/><T29/><D122/><U64/><E113/><V32/><F73/><W123/><G123/><T71/><D110/><U3/><E106/><V42/><F116/><W55/><G130/><T126/><D126/><U88/><E3/><V9/><F7/><W0/><G30/><T11/><D48/><U109/><E64/><V66/><F66/><W1/><G69/><T84/><D93/><U119/><E119/><V133/><F133/><N who="0" m="51274" /><D100/><U114/><E114/><V26/><F32/><W50/><G60/><N who="0" m="40359" /><D95/><U77/><E77/><V101/><F101/><W81/><G74/><T120/><D120/><U134/><E41/><V17/><F17/><W23/><G23/><T43/><D43/><U79/><E134/><V38/><F38/><N who="1" m="14377" /><E79/><V72/><F72/><W58/><G6/><T112/><D112/><U22/><E22/><V129/><F129/><W78/><G78/><T4/><D4/><U98/><E98/><V131/><REACH who="2" step="1"/><F131/><REACH who="2" ten="291,137,230,332" step="2"/><W121/><G121/><T10/><D10/><U128/><E128/><V90/><F90/><W80/><G89/><T125/><D125/><U75/><E75/><V104/><F104/><W68/><G68/><T107/><D107/><U105/><E105/><V47/><F47/><W15/><G46/><T76/><D76/><U61/><E61/><AGARI ba="0,1" hai="9,14,18,24,26,37,42,45,53,56,61,82,85,91" machi="61" ten="30,2000,0" yaku="1,1,7,1,53,0" doraHai="31" doraHaiUra="28" who="2" fromWho="1" sc="291,0,137,-20,230,30,332,0" owari="291,9.0,117,-38.0,260,-14.0,332,43.0" />
</Scene>
</mjloggm>