<mjloggm ver="2.3"><GO type="169"/><UN n0="%65%69%63%68%69%72%6F" n1="%E6%9C%AC%E6%97%A5%E5%AE%9A%E4%BC%91%E6%97%A5" n2="%E5%A4%AA%E3%81%8F%E3%81%AA%E3%81%84%E3%81%8A" n3="%E3%83%AD%E3%83%AA%E3%83%BC%E3%82%BF%E3%81%AA%E7%84%BC%E8%82%89" dan="17,18,17,17" rate="2159,2172,2182,2125" sx="M,M,M,M"/><TAIKYOKU oya="0"/>

<Scene>
<INIT seed="0,0,0,1,4,78" ten="250,250,250,250" oya="0" hai0="93,59,11,73,127,69,68,50,6,15,87,76,92" hai1="129,111,122,72,101,55,51,114,119,79,81,12,88" hai2="67,124,34,30,37,56,112,46,10,58,43,49,123" hai3="126,39,118,24,8,120,64,65,19,25,116,107,7"/><T134/><D73/><U117/><E122/><V52/><F123/><W86/><G120/><T9/><D127/><U27/><E111/><V0/><F112/><W115/><G115/><T125/><D125/><U63/><E114/><V3/><F124/><W70/><G126/><T94/><D134/><U95/><E129/><V41/><F41/><W32/><G107/><T29/><D29/><U22/><E12/><V28/><F34/><W2/><G39/><T100/><D100/><U102/><E63/><V96/><F96/><W23/><G86/><T109/><D109/><U85/><E119/><V83/><F83/><W131/><G70/><T133/><D133/><U71/><E71/><V91/><F91/><W66/><G131/><T47/><D59/><U40/><E40/><V31/><REACH who="2" step="1"/><F10/><REACH who="2" ten="250,250,240,250" step="2"/><W4/><G32/><T20/><D11/><U33/><E117/><V103/><F103/><W74/><G118/><T5/><D20/><U132/><E33/><V121/><F121/><W62/><G116/><T98/><D98/><U44/><REACH who="1" step="1"/><E132/><REACH who="1" ten="250,240,240,250" step="2"/><V61/><AGARI ba="0,2" hai="0,3,28,30,31,37,43,46,49,52,56,58,61,67" machi="61" ten="30,4000,0" yaku="1,1,0,1,54,1,53,0" doraHai="78" doraHaiUra="135" who="2" fromWho="2" sc="250,-20,240,-10,240,60,250,-10" />
</Scene>
<Scene>
<INIT seed="1,0,0,3,0,67" ten="230,230,300,240" oya="1" hai0="90,111,54,98,66,32,91,130,106,41,38,70,49" hai1="22,132,73,86,85,40,53,46,135,121,133,52,50" hai2="117,25,62,71,37,131,104,31,94,120,64,26,33" hai3="21,11,77,122,2,81,110,116,128,35,10,36,92"/><U68/><E73/><V7/><F120/><W107/><G107/><T127/><D111/><U105/><E105/><V101/><F117/><W109/><G36/><T48/><D48/><U8/><E121/><V126/><F37/><W24/><G92/><T87/><D127/><U125/><E125/><V80/><F126/><W84/><G116/><T74/><D74/><U63/><E8/><V19/><F131/><W95/><G122/><T75/><D75/><U30/><E30/><V59/><F7/><W69/><G128/><T13/><D13/><U83/><E22/><N who="2" m="13535" /><F94/><W123/><G123/><T118/><D87/><N who="1" m="33291" /><E83/><V1/><F59/><W57/><G2/><T112/><D112/><U45/><E45/><V4/><F4/><W17/><G57/><N who="0" m="32975" /><D32/><U103/><E103/><V9/><F9/><W0/><G10/><T78/><D118/><U61/><E61/><V29/><F29/><W119/><G11/><T3/><D3/><U108/><E108/><V39/><F39/><W58/><G0/><T96/><D106/><U56/><E68/><V124/><F124/><W129/><G110/><T5/><D5/><U20/><E20/><V79/><F1/><W99/><G21/><T97/><D130/><U82/><E82/><V60/><F60/><W88/><G129/><T72/><D70/><U43/><AGARI ba="0,0" hai="40,43,46,50,52,53,56,63,132,133,135" m="33291" machi="43" ten="40,3900,0" yaku="20,1,54,1" doraHai="67" who="1" fromWho="1" sc="230,-13,230,39,300,-13,240,-13" />
</Scene>
<Scene>
<INIT seed="1,1,0,2,4,45" ten="217,269,287,227" oya="1" hai0="72,102,103,1,53,29,120,56,116,108,121,127,4" hai1="6,44,38,133,55,13,64,70,9,76,42,37,48" hai2="65,3,74,98,82,78,46,23,58,16,130,57,132" hai3="89,80,30,66,28,131,113,95,7,71,63,32,33"/><U93/><E133/><V39/><F3/><W62/><G113/><T19/><D116/><U123/><E123/><N who="0" m="47177" /><D72/><U87/><E70/><V106/><F132/><W84/><G131/><T43/><D108/><U114/><E114/><V100/><F130/><W73/><G7/><T124/><D29/><U61/><E64/><V12/><REACH who="2" step="1"/><F65/><REACH who="2" ten="217,269,277,227" step="2"/><W94/><G66/><T25/><D1/><U115/><E115/><V50/><F50/><W101/><G71/><T86/><D124/><U54/><E54/><V129/><F129/><W96/><G33/><T40/><D127/><U81/><REACH who="1" step="1"/><E93/><REACH who="1" ten="217,259,277,227" step="2"/><V99/><F99/><W125/><G125/><T36/><D53/><U31/><E31/><V26/><F26/><W15/><G28/><T134/><D25/><U60/><E60/><V135/><F135/><W83/><G62/><T90/><D134/><U51/><E51/><V2/><F2/><W104/><G63/><T8/><D36/><U122/><E122/><V47/><F47/><W18/><G30/><T67/><D67/><U0/><E0/><V49/><F49/><W35/><G94/><T109/><D40/><AGARI ba="1,2" hai="12,16,23,39,40,46,57,58,74,78,82,98,100,106" machi="40" ten="40,2600,0" yaku="1,1,54,1,53,0" doraHai="45" doraHaiUra="59" who="2" fromWho="0" sc="217,-29,259,0,277,49,227,0" />
</Scene>
<Scene>
<INIT seed="2,0,0,0,2,0" ten="188,259,326,227" oya="2" hai0="29,24,76,126,54,77,12,71,22,84,114,58,25" hai1="13,72,121,28,19,3,78,45,47,16,101,26,27" hai2="11,49,39,134,7,124,79,37,65,97,117,96,93" hai3="112,130,80,98,107,61,64,113,20,135,86,32,85"/><V63/><F117/><W94/><G32/><T14/><D71/><U34/><E101/><V41/><F124/><W52/><G107/><T36/><D36/><U62/><E121/><V4/><F134/><W2/><G2/><T69/><D69/><U51/><E62/><V87/><F39/><W6/><G135/><T111/><D111/><U10/><E78/><V95/><F37/><W18/><G130/><T57/><D114/><N who="3" m="44137" /><G6/><N who="2" m="2089" /><F11/><W1/><G1/><T60/><D12/><U127/><E72/><V43/><F63/><W110/><G110/><T21/><D14/><U83/><E83/><N who="2" m="47615" /><F65/><W81/><G64/><T128/><D128/><U120/><E120/><V5/><N who="2" m="2097" /><V125/><DORA hai="91" /><F125/><W100/><G61/><N who="0" m="36023" /><D126/><U109/><E109/><V31/><F31/><W115/><G115/><T33/><D33/><U122/><E122/><V59/><F59/><W118/><G118/><T53/><D60/><U23/><E3/><V70/><F70/><W48/><G81/><T67/><D67/><U116/><E116/><V42/><F49/><W88/><G80/><T123/><D123/><U92/><E127/><V132/><F132/><W50/><G48/><T73/><D73/><U89/><REACH who="1" step="1"/><E51/><REACH who="1" ten="188,249,326,227" step="2"/><V75/><F75/><W40/><G50/><T103/><D76/><U44/><E44/><V68/><F68/><W38/><G38/><T129/><D77/><U133/><E133/><V90/><F42/><W105/><G40/><T56/><D129/><U108/><E108/><V9/><F9/><W46/><G46/><T55/><D58/><U131/><E131/><V17/><F43/><RYUUKYOKU ba="0,1" sc="188,-10,249,30,326,-10,227,-10" hai1="10,13,16,19,23,26,27,28,34,45,47,89,92" />
</Scene>
<Scene>
<INIT seed="3,1,1,3,1,26" ten="178,279,316,217" oya="3" hai0="47,71,17,78,128,41,105,38,132,53,6,9,46" hai1="92,7,84,64,10,70,102,104,11,130,28,19,114" hai2="5,126,129,58,42,120,33,75,0,32,115,94,54" hai3="124,125,110,77,57,14,20,107,65,4,40,18,112"/><W22/><G107/><T66/><D105/><U44/><E114/><V30/><F115/><W21/><G112/><T109/><D109/><U13/><E130/><V1/><F75/><W97/><G110/><T121/><D121/><U72/><E72/><V62/><F129/><W95/><G77/><T61/><D128/><U59/><E70/><V3/><F120/><W29/><G40/><T25/><D132/><U39/><E104/><V35/><F126/><N who="3" m="48747" /><G57/><T12/><D78/><U81/><E39/><V60/><F42/><W91/><G65/><T101/><D101/><U55/><E64/><V73/><F73/><W111/><G111/><T23/><D53/><U122/><E122/><V99/><F5/><W127/><N who="3" m="48755" /><W85/><DORA hai="82" /><G4/><T50/><REACH who="0" step="1"/><D47/><REACH who="0" ten="168,279,316,217" step="2"/><U88/><E44/><V43/><F43/><W24/><G97/><T86/><D86/><U51/><E102/><V108/><F108/><W69/><G69/><T133/><D133/><U89/><E89/><V90/><REACH who="2" step="1"/><F62/><REACH who="2" ten="168,279,306,217" step="2"/><W123/><G123/><T113/><D113/><U63/><E63/><V36/><F36/><AGARI ba="1,3" hai="6,9,12,17,23,25,36,38,41,46,50,61,66,71" machi="36" ten="40,1300,0" yaku="1,1,53,0" doraHai="26,82" doraHaiUra="48,76" who="0" fromWho="2" sc="168,46,279,0,306,-16,217,0" />
</Scene>
<Scene>
<INIT seed="4,0,0,5,5,100" ten="214,279,290,217" oya="0" hai0="36,43,107,64,116,66,68,113,58,4,94,60,71" hai1="112,13,55,42,32,120,78,67,41,38,20,80,117" hai2="103,45,114,54,1,82,9,17,85,37,48,27,10" hai3="76,81,40,133,122,132,16,23,24,106,84,118,51"/><T91/><D4/><U121/><E32/><V130/><F114/><W21/><G118/><T129/><D91/><U127/><E117/><V83/><F130/><W49/><G122/><T26/><D94/><U15/><E127/><V39/><F103/><W47/><G106/><T90/><D90/><U29/><E67/><N who="0" m="25641" /><D107/><U61/><E112/><V2/><F27/><W5/><G5/><T97/><D97/><U70/><E70/><N who="0" m="26665" /><D26/><U8/><E38/><V22/><F39/><W125/><G125/><T57/><D116/><U3/><E3/><V77/><F37/><W98/><G98/><T89/><D89/><U126/><E126/><V62/><F82/><W123/><G123/><T11/><D11/><U88/><E78/><V105/><F105/><W75/><G75/><T108/><D113/><U101/><E101/><V115/><F115/><W7/><G7/><T34/><D34/><U111/><E121/><V131/><F2/><W12/><REACH who="3" step="1"/><G51/><REACH who="3" ten="214,279,290,207" step="2"/><T74/><D74/><U128/><E120/><V19/><F48/><W119/><G119/><T14/><D36/><U87/><E128/><V53/><F131/><W6/><G6/><T35/><D129/><U33/><E111/><V93/><F1/><W96/><G96/><T102/><D108/><U73/><E73/><V104/><F104/><W69/><G69/><T50/><D50/><U92/><E87/><V25/><F85/><W31/><AGARI ba="0,1" hai="12,16,21,23,24,31,40,47,49,76,81,84,132,133" machi="31" ten="30,4000,0" yaku="1,1,0,1,54,1,53,0" doraHai="100" doraHaiUra="56" who="3" fromWho="3" sc="214,-20,279,-10,290,-10,207,50" />
</Scene>
<Scene>
<INIT seed="5,0,0,2,0,73" ten="194,269,280,257" oya="1" hai0="14,15,24,16,25,40,108,62,17,31,70,81,130" hai1="42,1,35,9,5,89,101,94,92,2,119,106,67" hai2="52,76,60,34,117,116,69,29,103,109,10,102,135" hai3="30,83,28,13,48,37,128,59,82,79,26,7,18"/><U50/><E35/><V39/><F109/><W120/><G37/><T75/><D108/><U41/><E119/><V55/><F39/><W61/><G120/><T68/><D130/><U66/><E2/><V71/><F10/><W33/><G128/><T36/><D36/><U129/><E129/><V3/><F3/><W77/><G48/><T8/><D40/><U133/><E133/><V99/><F135/><W22/><G7/><T64/><D68/><U38/><E38/><V6/><F6/><W125/><G125/><T122/><D122/><U21/><E106/><V4/><F4/><W0/><G0/><T47/><D47/><U93/><E101/><V127/><F127/><W72/><G28/><T54/><D54/><U123/><E123/><V65/><F71/><W110/><G110/><T124/><D124/><U111/><E111/><V86/><F102/><W105/><G105/><T132/><D132/><U96/><E21/><V46/><F46/><W11/><G33/><T49/><D49/><U43/><REACH who="1" step="1"/><E50/><REACH who="1" ten="194,259,280,257" step="2"/><V91/><F117/><W19/><G30/><T78/><D31/><U131/><E131/><V112/><F116/><W84/><G61/><T51/><D51/><U126/><E126/><V56/><F29/><W100/><G100/><T87/><REACH who="0" step="1"/><D75/><REACH who="0" ten="184,259,280,257" step="2"/><U90/><E90/><V63/><F91/><W88/><G88/><T74/><D74/><U53/><E53/><V134/><F52/><W20/><G59/><T32/><D32/><U45/><E45/><V95/><F134/><W27/><G22/><AGARI ba="0,2" hai="8,14,15,16,17,22,24,25,62,64,70,78,81,87" machi="22" ten="30,12000,2" yaku="1,1,7,1,52,1,54,1,53,2" doraHai="73" doraHaiUra="23" who="0" fromWho="3" sc="184,140,259,0,280,0,257,-120" />
</Scene>
<Scene>
<INIT seed="6,0,0,3,5,46" ten="324,259,280,137" oya="2" hai0="124,33,75,129,67,89,3,85,39,60,110,8,14" hai1="101,50,125,122,10,47,84,92,48,104,66,130,78" hai2="106,9,59,12,61,54,2,43,36,65,111,74,114" hai3="11,112,72,56,31,35,105,76,34,121,108,64,63"/><V49/><F106/><W120/><G105/><T103/><D33/><U26/><E130/><V102/><F74/><W133/><G108/><T57/><D110/><U30/><E125/><V23/><F111/><W73/><G133/><T52/><D75/><U20/><E122/><V1/><F114/><W113/><G73/><T95/><D3/><U45/><E66/><V80/><F102/><W27/><G35/><T4/><D39/><U134/><E134/><V90/><F23/><W91/><G91/><T41/><D41/><N who="1" m="24623" /><E104/><V69/><F80/><W24/><G24/><T51/><D129/><U97/><E10/><V15/><F90/><W5/><G76/><T13/><D124/><U0/><E0/><N who="2" m="107" /><F9/><W119/><G72/><T118/><D118/><U70/><E70/><V107/><F107/><W6/><G119/><T25/><D13/><U109/><E109/><V68/><F68/><W53/><G64/><T99/><D25/><U71/><E71/><V100/><F100/><W86/><G86/><T37/><D37/><U28/><E84/><V96/><F96/><W38/><G38/><T55/><D67/><U21/><E78/><V98/><F98/><W94/><G94/><T128/><D128/><U40/><E21/><V44/><AGARI ba="0,0" hai="12,15,36,43,44,49,54,59,61,65,69" m="107" machi="44" ten="30,3000,0" yaku="24,1,52,1" doraHai="46" who="2" fromWho="2" sc="324,-10,259,-10,280,30,137,-10" />
</Scene>
<Scene>
<INIT seed="6,1,0,2,2,131" ten="314,249,310,127" oya="2" hai0="40,26,80,127,130,19,134,109,8,14,35,78,123" hai1="99,18,21,128,102,133,30,65,23,6,62,25,64" hai2="17,15,94,75,83,47,74,27,36,120,90,28,7" hai3="85,93,63,116,121,20,73,9,117,110,112,76,5"/><V105/><F105/><W45/><G110/><T39/><D109/><U48/><E128/><V69/><F69/><W3/><G121/><T86/><D123/><U108/><E108/><V91/><F7/><W77/><G63/><T1/><D130/><U92/><E6/><V10/><F120/><W12/><G112/><T103/><D103/><U97/><E133/><V82/><F36/><W60/><G60/><T59/><D86/><U101/><E48/><V88/><F47/><W22/><G77/><T81/><D59/><U61/><E61/><V16/><F17/><W72/><G72/><T70/><D1/><U89/><E89/><N who="2" m="34411" /><F75/><W37/><G93/><T11/><D78/><U56/><E23/><N who="2" m="15487" /><F74/><W31/><G85/><AGARI ba="1,0" hai="10,15,16,82,83,85,91,94" m="15487,34411" machi="85" ten="30,5800,0" yaku="8,1,54,2" doraHai="131" who="2" fromWho="3" sc="314,0,249,0,310,61,127,-61" />
</Scene>
<Scene>
<INIT seed="6,2,0,3,5,124" ten="314,249,371,66" oya="2" hai0="129,47,74,19,127,54,1,121,66,81,17,0,96" hai1="64,53,128,111,113,75,41,78,38,22,24,132,10" hai2="28,112,131,70,115,33,2,50,107,79,20,55,59" hai3="15,43,108,102,37,118,52,135,14,13,7,48,27"/><V119/><F119/><W23/><G118/><T103/><D121/><U46/><E111/><V100/><F2/><W105/><G108/><T104/><D127/><U5/><E113/><V123/><F123/><W90/><G135/><T26/><D66/><U65/><E132/><V21/><F70/><W122/><G122/><T30/><D19/><U101/><E101/><V73/><F33/><W71/><G71/><T91/><D17/><U61/><E53/><V93/><F107/><W99/><G37/><T133/><D133/><U126/><E126/><V87/><F73/><W58/><G43/><T60/><D47/><U11/><E11/><V69/><F69/><W35/><G35/><T51/><D51/><U44/><E44/><V34/><F34/><W82/><G82/><T98/><D98/><U109/><E61/><V86/><F79/><W42/><G42/><T25/><D25/><U114/><E114/><V9/><F9/><W16/><REACH who="3" step="1"/><G90/><REACH who="3" ten="314,249,371,56" step="2"/><T39/><D39/><U120/><E109/><V63/><F112/><W84/><G84/><T77/><D91/><U3/><E120/><V57/><F87/><W76/><G76/><T117/><D117/><U134/><E134/><V125/><F86/><W88/><G88/><T62/><D77/><U36/><E36/><V106/><F115/><W72/><G72/><T32/><D74/><U6/><E78/><V80/><F125/><W49/><G49/><T67/><D81/><U68/><E75/><V56/><F80/><W92/><G92/><T97/><D32/><U4/><E68/><V12/><F50/><W94/><G94/><RYUUKYOKU ba="2,1" sc="314,-10,249,-10,371,-10,56,30" hai3="7,13,14,15,16,23,27,48,52,58,99,102,105" />
</Scene>
<Scene>
<INIT seed="7,3,1,5,4,117" ten="304,239,361,86" oya="3" hai0="119,30,45,122,131,95,0,20,34,55,17,12,38" hai1="11,5,113,88,29,110,28,46,133,40,78,57,104" hai2="86,115,94,67,51,2,48,125,97,70,59,75,69" hai3="111,129,7,24,102,18,108,4,77,91,39,60,22"/><W21/><G39/><T10/><D122/><U82/><E110/><N who="3" m="42026" /><G77/><T121/><D121/><U65/><E104/><V106/><F75/><W53/><G102/><T79/><D79/><U37/><E113/><V66/><F2/><W71/><G129/><T114/><D119/><U43/><E43/><V98/><F106/><W96/><G22/><T92/><D131/><U73/><E133/><V15/><F115/><W63/><G71/><T85/><D114/><U14/><E65/><V101/><F101/><W116/><G116/><T130/><D130/><U3/><E57/><V41/><F59/><N who="3" m="34927" /><G63/><T89/><D34/><U132/><E132/><V44/><F69/><W103/><G103/><T93/><D38/><U54/><E54/><V25/><F70/><W33/><G33/><T81/><D30/><U84/><E14/><V27/><F15/><W112/><G112/><T32/><D32/><U8/><E8/><V23/><F23/><W50/><G50/><N who="0" m="29135" /><D0/><U83/><AGARI ba="3,1" hai="3,5,11,28,29,37,40,46,73,78,82,83,84,88" machi="83" ten="20,8000,1" yaku="0,1,7,1,25,2,54,1" doraHai="117" who="1" fromWho="1" sc="304,-23,239,99,361,-23,86,-43" owari="281,-12.0,338,44.0,338,14.0,43,-46.0" />
</Scene>
</mjloggm>