<mjloggm ver="2.3"><GO type="169"/><UN n0="%61%6D%61%6A%69%73%68%69" n1="%4D%49%40%34%32%38" n2="%68%61%79%61%74%6F%E2%98%86" n3="%E5%A4%AA%E3%81%8F%E3%81%AA%E3%81%84%E3%81%8A" dan="16,16,17,17" rate="2083,2113,2122,2171" sx="M,M,M,M"/><TAIKYOKU oya="0"/>

<Scene>
<INIT seed="0,0,0,3,1,127" ten="250,250,250,250" oya="0" hai0="131,70,123,96,86,34,128,41,109,51,130,101,74" hai1="16,89,112,42,71,129,134,104,54,8,135,11,47" hai2="79,24,44,105,53,83,92,125,19,111,114,30,58" hai3="69,20,84,80,9,64,12,14,76,115,91,68,33"/><T126/><D123/><U93/><E104/><V75/><F105/><W38/><G33/><T73/><D126/><U103/><E71/><V59/><F114/><W43/><G115/><T36/><D70/><U25/><E103/><V66/><F125/><W13/><G9/><T117/><D117/><U6/><E54/><V0/><F0/><W15/><G64/><T23/><D34/><U40/><E112/><V118/><F118/><W102/><G102/><T31/><D109/><U39/><E42/><V57/><F111/><W132/><G132/><N who="1" m="50730" /><E129/><V56/><F19/><W10/><G20/><T2/><D36/><U7/><E25/><V17/><F17/><W50/><G38/><T63/><D63/><U116/><E116/><V81/><F81/><W26/><G26/><N who="0" m="16863" /><D2/><U28/><E28/><V21/><F92/><W1/><G1/><T62/><D62/><U35/><E35/><V82/><F82/><W52/><G43/><T60/><D60/><U94/><E94/><V29/><F29/><W48/><G48/><T88/><D101/><U65/><E65/><V106/><F106/><W97/><G76/><T121/><D121/><U3/><E3/><V61/><REACH who="2" step="1"/><F44/><REACH who="2" ten="250,250,240,250" step="2"/><N who="3" m="27719" /><G97/><T99/><D96/><N who="1" m="57391" /><E16/><AGARI ba="0,1" hai="10,12,13,14,15,16,68,69,80,84,91" m="27719" machi="16" ten="30,3900,0" yaku="25,1,54,2" doraHai="127" who="3" fromWho="1" sc="250,0,250,-39,240,0,250,49" />
</Scene>
<Scene>
<INIT seed="1,0,0,2,0,100" ten="250,211,240,299" oya="1" hai0="77,82,94,0,15,128,12,86,31,71,130,124,61" hai1="102,134,122,66,57,81,91,40,50,53,84,108,105" hai2="23,35,32,60,5,87,96,110,7,56,42,111,2" hai3="24,22,90,14,98,101,104,3,1,37,89,75,117"/><U18/><E122/><V9/><F42/><W99/><G75/><T76/><D0/><U45/><E134/><V39/><F39/><W28/><G37/><T33/><D124/><U47/><E108/><V118/><F118/><W6/><G117/><T79/><D33/><U95/><E66/><V112/><F7/><W19/><G98/><T13/><D31/><U58/><E18/><V59/><F112/><W27/><G27/><T113/><D113/><U30/><E30/><V69/><F87/><W55/><G55/><T133/><D133/><U78/><E102/><V11/><F11/><W48/><G48/><T119/><D119/><U46/><E105/><V8/><F8/><N who="3" m="2143" /><G1/><T25/><D25/><U120/><E120/><V70/><F96/><W41/><G41/><T73/><D94/><U74/><REACH who="1" step="1"/><E58/><REACH who="1" ten="250,201,240,299" step="2"/><V34/><F56/><W20/><G19/><T121/><D121/><U85/><E85/><V4/><F4/><W17/><G17/><T36/><D73/><U106/><E106/><V116/><F116/><W63/><G104/><T62/><D71/><U26/><E26/><V44/><F69/><W107/><G24/><T49/><D36/><AGARI ba="0,1" hai="36,40,45,46,47,50,53,57,74,78,81,84,91,95" machi="36" ten="30,5800,0" yaku="1,1,7,1,53,1" doraHai="100" doraHaiUra="68" who="1" fromWho="0" sc="250,-58,201,68,240,0,299,0" />
</Scene>
<Scene>
<INIT seed="1,1,0,3,4,2" ten="192,269,240,299" oya="1" hai0="103,95,133,50,67,112,124,130,123,135,111,40,1" hai1="24,47,25,90,41,18,69,59,36,97,108,53,107" hai2="37,74,75,116,49,80,11,46,128,110,79,9,101" hai3="109,3,4,60,20,132,114,88,62,71,29,82,73"/><U85/><E69/><V5/><F116/><W83/><G114/><T113/><D67/><U52/><E108/><V66/><F110/><W65/><G109/><T115/><D50/><U56/><E107/><V87/><F128/><W91/><G132/><T98/><D40/><U8/><E97/><V86/><F66/><W13/><G3/><T33/><D103/><U102/><E102/><V16/><F101/><W55/><G29/><T31/><D95/><U100/><E100/><V7/><F74/><W77/><G82/><T23/><D98/><U78/><E78/><V51/><F37/><W127/><G127/><T134/><D111/><U28/><E18/><V44/><F75/><W15/><G15/><T30/><D124/><U38/><E38/><V105/><F105/><W57/><REACH who="3" step="1"/><G20/><REACH who="3" ten="192,269,240,289" step="2"/><T129/><D1/><U58/><E24/><V63/><F80/><W42/><G42/><T121/><D23/><U70/><E25/><V120/><F120/><N who="0" m="46154" /><D33/><U21/><E21/><V0/><F0/><W81/><G81/><T93/><D93/><U119/><E28/><AGARI ba="1,1" hai="28,30,31,112,113,115,129,130,133,134,135" m="46154" machi="28" ten="50,12000,2" yaku="28,2,20,1,13,1,34,2" doraHai="2" who="0" fromWho="1" sc="192,133,269,-123,240,0,289,0" />
</Scene>
<Scene>
<INIT seed="2,0,0,1,4,81" ten="325,146,240,289" oya="2" hai0="14,20,13,103,101,122,53,24,93,9,108,67,119" hai1="80,95,16,97,57,5,135,123,31,49,118,60,38" hai2="64,130,105,33,68,109,50,37,19,133,51,73,83" hai3="63,77,65,22,112,2,102,4,86,89,45,85,11"/><V100/><F37/><W15/><G112/><T98/><D122/><U128/><E38/><V69/><F33/><W132/><G132/><T120/><D120/><U34/><E123/><V7/><F7/><W117/><G117/><T47/><D119/><U126/><E118/><V92/><F105/><W104/><G104/><T55/><D67/><U0/><E135/><V27/><F133/><W78/><G102/><T21/><D108/><U29/><E128/><V25/><F109/><W88/><G45/><T41/><D103/><U44/><E126/><V121/><F121/><W96/><G96/><T8/><D20/><U75/><E34/><V71/><F130/><W72/><G72/><T10/><D41/><U23/><E5/><V58/><F64/><W42/><G42/><T129/><D129/><U66/><E0/><V127/><F127/><W35/><G35/><T91/><D101/><N who="1" m="60607" /><E75/><V62/><F62/><W115/><G115/><T54/><REACH who="0" step="1"/><D47/><REACH who="0" ten="315,146,240,289" step="2"/><U17/><E23/><V74/><F100/><W18/><G65/><T99/><D99/><U43/><E80/><V116/><F83/><W48/><G22/><T125/><D125/><U107/><E107/><V79/><F116/><W131/><G131/><T1/><D1/><U106/><E106/><V87/><F71/><W84/><G2/><T30/><AGARI ba="0,1" hai="8,9,10,13,14,21,24,30,53,54,55,91,93,98" machi="30" ten="30,4000,0" yaku="1,1,0,1,8,1,53,0" doraHai="81" doraHaiUra="111" who="0" fromWho="0" sc="315,50,146,-10,240,-20,289,-10" />
</Scene>
<Scene>
<INIT seed="3,0,0,2,2,36" ten="365,136,220,279" oya="3" hai0="52,2,29,1,87,49,73,85,15,120,37,17,98" hai1="125,42,62,58,32,113,131,5,114,27,51,105,65" hai2="117,124,48,31,74,96,54,14,9,107,33,11,130" hai3="21,111,75,116,56,57,119,24,100,94,110,89,68"/><W23/><G68/><T0/><D73/><U46/><E105/><V91/><F74/><W71/><G71/><T81/><D37/><U64/><E131/><V63/><F117/><N who="3" m="45131" /><G100/><T8/><D29/><U123/><E5/><V12/><F130/><W134/><G75/><T34/><D34/><U38/><E32/><V70/><F124/><W50/><G134/><T47/><D120/><U45/><E27/><V128/><F128/><W104/><G104/><T95/><REACH who="0" step="1"/><D81/><REACH who="0" ten="355,136,220,279" step="2"/><U121/><E125/><V55/><F31/><W133/><G133/><T101/><AGARI ba="0,1" hai="0,1,2,8,15,17,47,49,52,85,87,95,98,101" machi="101" ten="30,8000,1" yaku="1,1,2,1,0,1,54,1,53,1" doraHai="36" doraHaiUra="90" who="0" fromWho="0" sc="355,90,136,-20,220,-20,279,-40" />
</Scene>
<Scene>
<INIT seed="4,0,0,2,0,89" ten="445,116,200,239" oya="0" hai0="67,54,103,119,43,35,20,9,80,85,11,39,32" hai1="38,114,112,113,22,16,37,118,23,109,19,97,83" hai2="96,5,1,81,28,105,18,7,64,24,115,73,36" hai3="2,30,79,116,92,48,68,62,61,88,77,63,106"/><T4/><D119/><U124/><E109/><V51/><F115/><N who="1" m="29441" /><U82/><DORA hai="42" /><E118/><V14/><F36/><N who="1" m="13929" /><E97/><V65/><F1/><W130/><G106/><T10/><D4/><U25/><E124/><V40/><F73/><W91/><G116/><T71/><D103/><U0/><E0/><V45/><F96/><W41/><G2/><T44/><D20/><U13/><AGARI ba="0,0" hai="13,16,19,22,23,25,82,83" m="13929,29441" machi="13" ten="50,6400,0" yaku="15,1,11,1,54,1" doraHai="89,42" who="1" fromWho="1" sc="445,-32,116,64,200,-16,239,-16" />
</Scene>
<Scene>
<INIT seed="5,0,0,1,4,43" ten="413,180,184,223" oya="1" hai0="120,17,45,97,56,55,34,58,107,85,90,33,96" hai1="71,46,132,9,50,27,18,54,4,121,69,68,111" hai2="24,115,32,60,22,64,53,23,95,16,65,127,104" hai3="101,109,116,44,110,59,14,7,83,112,84,15,108"/><U75/><E121/><V29/><F104/><W31/><G112/><T8/><D120/><U98/><E75/><V10/><F115/><W35/><G116/><T42/><D34/><U37/><E132/><V66/><F127/><W40/><G101/><T5/><D33/><U134/><E134/><V133/><F133/><W99/><G99/><T3/><D17/><U135/><E135/><V72/><F72/><W131/><G131/><T2/><D2/><U11/><E111/><V52/><F95/><W87/><G59/><T106/><D106/><U25/><E37/><V13/><F60/><W88/><G7/><T82/><D107/><U80/><E80/><V0/><F23/><W94/><G31/><T19/><D19/><U21/><E4/><AGARI ba="0,0" hai="0,4,10,13,16,22,24,29,32,52,53,64,65,66" machi="4" ten="40,8000,1" yaku="24,2,54,2" doraHai="43" who="2" fromWho="1" sc="413,0,180,-80,184,80,223,0" />
</Scene>
<Scene>
<INIT seed="6,0,0,3,5,24" ten="413,100,264,223" oya="2" hai0="56,26,82,135,3,76,116,134,28,61,10,58,91" hai1="42,70,92,53,89,86,14,62,41,85,21,126,87" hai2="32,104,112,131,105,72,122,48,128,93,73,4,38" hai3="40,127,6,123,119,57,22,117,132,36,110,8,71"/><V49/><F4/><W121/><G71/><T59/><D116/><N who="3" m="44617" /><G57/><T77/><D3/><U129/><E129/><V113/><F93/><W96/><G96/><T95/><D10/><U29/><E126/><V68/><F32/><W106/><G106/><T103/><D103/><U39/><E39/><V46/><F46/><W107/><G107/><T124/><D124/><U9/><E70/><V35/><F35/><W33/><G33/><T47/><D47/><U74/><E74/><V19/><F68/><W20/><G40/><T63/><D63/><U34/><E34/><V115/><F19/><W30/><G36/><T66/><D66/><U101/><E101/><V0/><F113/><W13/><G127/><T16/><D61/><U90/><E53/><V15/><F38/><W79/><G79/><T133/><D82/><U118/><E62/><V25/><F15/><N who="3" m="5527" /><G110/><T125/><D125/><U99/><E118/><V64/><F25/><N who="3" m="16679" /><G132/><T69/><D69/><U97/><E97/><V52/><F0/><W130/><G130/><T37/><D37/><U51/><E51/><V108/><F108/><W45/><G45/><T54/><D54/><U2/><E2/><V43/><F52/><W7/><G7/><T98/><D16/><AGARI ba="0,0" hai="13,16,22,121,123" m="16679,5527,44617" machi="16" ten="30,7700,0" yaku="34,2,52,1,54,1" doraHai="24" who="3" fromWho="0" sc="413,-77,100,0,264,0,223,77" />
</Scene>
<Scene>
<INIT seed="7,0,0,4,0,82" ten="336,100,264,300" oya="3" hai0="111,86,107,77,95,98,91,72,128,46,129,123,36" hai1="74,39,130,9,119,80,81,37,58,71,8,117,105" hai2="126,106,43,41,109,89,116,5,112,42,29,7,96" hai3="34,69,14,115,94,15,6,75,101,102,84,125,51"/><W65/><G75/><T134/><D123/><U3/><E74/><V19/><F116/><N who="1" m="44617" /><E58/><V26/><F109/><W133/><G34/><T92/><D111/><U23/><E23/><V22/><F112/><W118/><G118/><T68/><D68/><U131/><E3/><V27/><F126/><W10/><G125/><T48/><D36/><N who="1" m="13899" /><E71/><V4/><F106/><W100/><G115/><T113/><D113/><U120/><E120/><V47/><F47/><W67/><G69/><T40/><D134/><U73/><E73/><V55/><F55/><W99/><G133/><T59/><D59/><U45/><E45/><V25/><F19/><W104/><G104/><T35/><D35/><U122/><E105/><V44/><F44/><W121/><G121/><T13/><D13/><U2/><E2/><V21/><F29/><W114/><G114/><T85/><D107/><U103/><E103/><N who="3" m="39498" /><G15/><T53/><D40/><U33/><E33/><V24/><N who="2" m="6144" /><DORA hai="16" /><V0/><F0/><W31/><G31/><T20/><D20/><U56/><E56/><V124/><F124/><W83/><G51/><T50/><D48/><U108/><E108/><V63/><F63/><W32/><G32/><T17/><D17/><U127/><E127/><V12/><F12/><W60/><G60/><T78/><D72/><U90/><E90/><AGARI ba="0,0" hai="6,10,14,65,67,83,84,90,94,99,102" m="39498" machi="90" ten="30,2900,0" yaku="8,1,52,1" doraHai="82,16" who="3" fromWho="1" sc="336,0,100,-29,264,0,300,29" />
</Scene>
<Scene>
<INIT seed="7,1,0,0,4,81" ten="336,71,264,329" oya="3" hai0="93,19,32,71,90,15,118,69,114,73,134,38,34" hai1="8,44,4,2,5,74,61,94,103,21,100,33,7" hai2="119,41,25,80,17,55,95,125,9,98,57,3,128" hai3="89,124,77,50,84,64,49,13,65,24,91,104,112"/><W51/><G104/><T46/><D118/><U110/><E33/><V0/><F119/><W20/><G112/><T66/><D73/><U52/><E110/><V12/><F125/><W107/><G107/><T83/><D83/><U30/><E74/><V85/><F128/><W115/><G115/><T122/><D122/><U70/><E70/><V87/><F41/><W130/><G130/><T43/><D114/><U106/><E106/><V121/><F121/><W120/><G120/><T79/><D79/><U60/><E2/><V27/><F0/><W63/><G124/><T48/><D48/><U129/><E8/><V131/><F3/><W6/><G77/><T47/><D47/><U76/><E76/><V109/><F109/><W86/><G13/><T105/><D105/><U22/><E129/><V117/><F117/><W108/><G6/><T116/><D116/><U102/><E44/><V113/><F113/><W82/><G108/><T68/><D66/><N who="3" m="25705" /><G63/><T40/><D40/><U14/><E14/><V36/><F36/><W72/><G72/><T123/><D123/><U10/><E10/><V18/><F131/><W58/><G58/><T126/><D126/><U1/><E1/><V111/><F111/><W39/><G39/><T35/><D134/><U78/><E78/><V133/><F133/><W37/><G37/><T67/><D67/><U23/><E94/><V28/><F80/><N who="3" m="49287" /><G50/><T62/><D62/><U29/><REACH who="1" step="1"/><E52/><REACH who="1" ten="336,61,264,329" step="2"/><V88/><F12/><W96/><G96/><N who="0" m="57399" /><D71/><U16/><E16/><AGARI ba="1,1" hai="16,20,24,49,51,82,86,91" m="49287,25705" machi="16" ten="30,11600,0" yaku="8,1,52,2,54,1" doraHai="81" who="3" fromWho="1" sc="336,0,61,-119,264,0,329,129" owari="336,14.0,-58,-56.0,264,-14.0,458,56.0" />
</Scene>
</mjloggm>