<mjloggm ver="2.3"><GO type="169" lobby="0"/><UN n0="%E6%AF%94%E5%98%89%E7%A7%80%E4%BB%81" n1="%E3%83%92%E3%82%B2%E3%83%AD%E3%83%B3%E3%82%B0" n2="%E5%A4%AA%E3%81%8F%E3%81%AA%E3%81%84%E3%81%8A" n3="%4C%61%73%6B%26%59%75" dan="16,17,18,16" rate="2182.26,2083.52,2166.48,2119.32" sx="M,M,F,M"/><TAIKYOKU oya="0"/>

<Scene>
<INIT seed="0,0,0,2,1,4" ten="250,250,250,250" oya="0" hai0="91,62,109,33,16,42,124,46,127,83,90,100,110" hai1="24,95,64,132,22,84,68,1,50,34,70,111,131" hai2="133,114,120,53,8,59,67,129,101,98,112,32,77" hai3="44,23,115,106,25,12,104,73,79,122,134,47,69"/><T80/><D33/><U38/><E38/><V128/><F120/><W10/><G115/><T94/><D62/><U119/><E119/><V92/><F32/><W28/><G69/><T87/><D16/><U54/><E34/><V118/><F118/><W43/><G134/><T57/><D57/><U88/><E132/><V72/><F67/><W85/><G122/><T126/><D46/><U65/><E1/><V86/><F72/><W107/><G73/><T15/><D15/><U130/><E111/><N who="0" m="42505" /><D42/><U102/><E102/><V45/><F45/><W56/><G56/><T51/><D51/><U18/><E50/><V41/><F41/><W37/><G47/><T14/><D14/><U66/><REACH who="1" step="1"/><E54/><REACH who="1" ten="250,240,250,250" step="2"/><V30/><F133/><W40/><G40/><T29/><D100/><U36/><E36/><V52/><F53/><W105/><G37/><T89/><D29/><U125/><E125/><V21/><F30/><W113/><G43/><T13/><D13/><U123/><E123/><V2/><F2/><W116/><G116/><T74/><D94/><U93/><E93/><V61/><F92/><W55/><G55/><T58/><D58/><U121/><E121/><V96/><F101/><W78/><G106/><T31/><D31/><U135/><E135/><V48/><F48/><W49/><G107/><T75/><D83/><U27/><E27/><V11/><F59/><W97/><G105/><T17/><D17/><U63/><E63/><V6/><F61/><W20/><G104/><T82/><D82/><U0/><E0/><V81/><F81/><W117/><G28/><T76/><AGARI ba="0,1" hai="74,75,76,80,87,89,90,91,124,126,127" m="42505" machi="76" ten="40,18000,2" yaku="5,1,18,1,14,1,10,1,34,2" doraHai="4" who="0" fromWho="0" sc="250,190,240,-60,250,-60,250,-60" />
</Scene>
<Scene>
<INIT seed="0,1,0,5,2,61" ten="440,180,190,190" oya="0" hai0="67,20,35,28,103,113,90,16,111,64,34,14,112" hai1="60,12,15,58,74,63,89,71,93,77,91,92,82" hai2="117,95,24,21,87,101,38,131,37,43,45,10,129" hai3="7,118,59,33,39,70,105,68,109,114,122,115,44"/><T134/><D134/><U125/><E125/><V30/><F117/><W57/><G7/><T110/><D103/><U47/><E47/><V83/><F10/><W86/><G33/><N who="0" m="12299" /><D28/><U4/><E71/><N who="3" m="27178" /><G105/><T13/><D13/><U96/><E4/><V123/><F123/><W2/><G86/><T18/><D18/><U26/><E26/><V17/><F38/><W99/><G99/><T9/><D9/><U127/><E127/><V65/><F17/><W36/><G2/><T5/><D90/><U79/><E79/><V73/><F73/><W6/><G6/><T133/><D5/><U0/><E0/><V56/><F83/><W29/><G29/><T104/><D104/><U126/><E63/><N who="2" m="38119" /><F87/><W84/><G84/><T31/><D31/><U23/><E23/><V97/><AGARI ba="1,0" hai="21,24,30,37,43,45,95,97,101,129,131" m="38119" machi="97" ten="30,2000,0" yaku="25,1,52,1" doraHai="61" who="2" fromWho="2" sc="440,-11,180,-6,190,23,190,-6" />
</Scene>
<Scene>
<INIT seed="1,0,0,2,3,95" ten="429,174,213,184" oya="1" hai0="26,69,49,4,70,20,118,110,52,11,121,28,79" hai1="31,91,51,72,131,32,104,89,37,97,24,64,98" hai2="59,6,57,117,22,54,9,19,44,71,108,23,135" hai3="35,120,43,34,112,76,60,41,99,119,115,77,38"/><U80/><E37/><V101/><F117/><W127/><G120/><T56/><D121/><U126/><E126/><V5/><F71/><W47/><G127/><T36/><D110/><U102/><E131/><V45/><F108/><W124/><G124/><T30/><D36/><U106/><E64/><V46/><F135/><W25/><G119/><T55/><D118/><U82/><E51/><V96/><F9/><W0/><G0/><T128/><D128/><U107/><E102/><V29/><F29/><W81/><G43/><T114/><D114/><U130/><E130/><V12/><F23/><W85/><G76/><T62/><D79/><U133/><E133/><V122/><F122/><W90/><G60/><T63/><D30/><U75/><E24/><V53/><F59/><W109/><G109/><T14/><REACH who="0" step="1"/><D63/><REACH who="0" ten="419,174,213,184" step="2"/><U27/><E75/><V61/><REACH who="2" step="1"/><F54/><REACH who="2" ten="419,174,203,184" step="2"/><W113/><G113/><T74/><D74/><U84/><E72/><V66/><F66/><W125/><G125/><T33/><D33/><U68/><E68/><V134/><F134/><W2/><G112/><T18/><D18/><U67/><E67/><V88/><F88/><W94/><G115/><T50/><D50/><U129/><E129/><V132/><F132/><W83/><G35/><T10/><D10/><U116/><E116/><V73/><F73/><W40/><G34/><T8/><D8/><U1/><E1/><V93/><AGARI ba="0,2" hai="5,6,12,19,22,44,45,46,53,57,61,93,96,101" machi="93" ten="30,7900,0" yaku="1,1,0,1,8,1,52,1,53,0" doraHai="95" doraHaiUra="21" who="2" fromWho="2" sc="419,-20,174,-39,203,99,184,-20" />
</Scene>
<Scene>
<INIT seed="2,0,0,4,2,88" ten="399,135,302,164" oya="2" hai0="1,14,81,52,41,110,113,26,62,48,44,96,93" hai1="104,66,39,115,22,92,21,23,59,79,51,126,31" hai2="116,82,135,91,86,125,99,76,54,55,29,4,34" hai3="32,60,24,8,133,15,7,77,134,35,50,75,95"/><V30/><F116/><W121/><G121/><T0/><D110/><U119/><E104/><V33/><F125/><W18/><G60/><T67/><D113/><U27/><E39/><V109/><F109/><W129/><G129/><T98/><D26/><U19/><E119/><V87/><F135/><N who="3" m="51723" /><G50/><T36/><D81/><U16/><E115/><V45/><F4/><W64/><G64/><T74/><D14/><U105/><E105/><V6/><F6/><W53/><G53/><T9/><D74/><U37/><E37/><V42/><F99/><W49/><G49/><T57/><D9/><U94/><E126/><V72/><F34/><W46/><G46/><T3/><REACH who="0" step="1"/><D93/><REACH who="0" ten="389,135,302,164" step="2"/><N who="1" m="35947" /><E79/><V20/><F72/><W103/><G77/><T25/><D25/><U131/><E131/><V89/><F76/><W63/><G75/><T70/><AGARI ba="0,1" hai="0,1,3,36,41,44,48,52,57,62,67,70,96,98" machi="70" ten="30,12000,2" yaku="1,1,0,1,24,2,54,1,53,1" doraHai="88" doraHaiUra="68" who="0" fromWho="0" sc="389,130,135,-30,302,-60,164,-30" />
</Scene>
<Scene>
<INIT seed="3,0,0,4,4,50" ten="519,105,242,134" oya="3" hai0="132,14,40,10,92,21,65,5,76,131,11,97,101" hai1="19,39,129,25,36,43,22,102,107,64,3,134,104" hai2="127,88,70,9,128,100,56,95,71,2,133,73,44" hai3="55,91,57,51,86,45,83,94,77,106,113,108,74"/><W110/><G113/><T121/><D121/><U42/><E3/><V85/><F73/><W12/><G106/><T105/><D132/><U49/><E134/><V24/><F133/><W98/><G12/><T90/><D131/><U103/><E64/><V4/><F128/><W123/><G123/><T27/><D65/><U118/><E129/><V135/><F135/><W59/><REACH who="3" step="1"/><G74/><REACH who="3" ten="519,105,242,124" step="2"/><T81/><D14/><U60/><E107/><V84/><F2/><W47/><G47/><T122/><D105/><U58/><E104/><V125/><F44/><W18/><G18/><T26/><D122/><U7/><E19/><V29/><F127/><W109/><AGARI ba="0,1" hai="45,51,55,57,59,77,83,86,91,94,98,108,109,110" machi="109" ten="30,18000,2" yaku="1,1,0,1,14,1,10,1,52,1,53,2" doraHai="50" doraHaiUra="53" who="3" fromWho="3" sc="519,-60,105,-60,242,-60,124,190" />
</Scene>
<Scene>
<INIT seed="3,1,0,4,0,25" ten="459,45,182,314" oya="3" hai0="98,96,33,69,72,110,94,21,47,39,9,81,40" hai1="85,26,82,97,133,37,10,93,1,66,111,51,103" hai2="32,15,119,71,8,114,42,16,118,108,61,64,77" hai3="106,49,91,78,58,126,131,130,101,38,43,135,86"/><W48/><G78/><T95/><D110/><U63/><E37/><V80/><F114/><W12/><G126/><T3/><D69/><U36/><E36/><V116/><F108/><W124/><G124/><T5/><D33/><U27/><E111/><V13/><F32/><W41/><G135/><T45/><D45/><U109/><E109/><V122/><F122/><W117/><G117/><T29/><D98/><U54/><E133/><V65/><F42/><W44/><G38/><T75/><D75/><U76/><E10/><V35/><F35/><W4/><G101/><T6/><D6/><U99/><E1/><V62/><F15/><W18/><G106/><T7/><D7/><U28/><E99/><V55/><F55/><W88/><G4/><T57/><D57/><U19/><E19/><V73/><REACH who="2" step="1"/><F118/><REACH who="2" ten="459,45,172,314" step="2"/><W100/><G41/><T34/><D34/><U11/><E54/><V67/><F67/><W60/><G12/><T104/><D40/><U53/><E66/><V92/><F92/><W46/><G43/><N who="0" m="23039" /><D94/><U30/><E93/><V125/><F125/><W87/><G131/><T74/><D95/><U31/><E103/><V115/><F115/><W134/><G100/><N who="0" m="62471" /><D81/><U20/><E82/><V2/><F2/><W128/><G134/><T52/><D52/><U89/><E53/><V113/><F113/><W23/><G128/><T79/><D3/><U120/><E120/><V59/><AGARI ba="1,1" hai="8,13,16,59,61,62,64,65,71,73,77,80,116,119" machi="59" ten="20,5200,0" yaku="1,1,0,1,7,1,54,1,53,0" doraHai="25" doraHaiUra="50" who="2" fromWho="2" sc="459,-14,45,-14,172,65,314,-27" />
</Scene>
<Scene>
<INIT seed="4,0,0,5,5,110" ten="445,31,237,287" oya="0" hai0="128,85,104,53,15,12,88,109,113,76,28,127,41" hai1="42,17,64,67,30,72,123,103,93,117,118,56,106" hai2="2,81,69,39,59,47,7,120,32,99,96,80,130" hai3="16,71,57,95,26,70,133,22,65,135,31,111,91"/><T49/><D104/><U83/><E106/><V105/><F69/><W48/><G111/><T34/><D109/><U44/><E123/><V62/><F120/><W119/><G119/><T94/><D128/><U10/><E30/><V87/><F32/><W8/><G8/><T1/><D1/><U60/><E67/><V101/><F130/><W25/><G70/><T77/><D41/><U35/><E35/><V121/><F121/><W107/><G107/><T84/><D127/><U23/><E10/><V73/><F99/><W129/><G129/><T36/><D36/><U126/><E126/><V33/><F33/><W75/><G75/><T97/><D113/><U50/><E103/><V3/><F73/><W54/><G65/><T116/><D116/><U61/><E93/><V114/><F7/><W43/><G43/><T79/><D28/><U51/><E51/><V122/><F122/><W78/><G78/><T55/><D34/><U63/><E117/><V40/><F114/><W89/><G71/><T125/><D125/><U131/><E131/><V100/><F100/><W21/><REACH who="3" step="1"/><G91/><REACH who="3" ten="445,31,237,277" step="2"/><T0/><D77/><N who="1" m="44455" /><E118/><V124/><F124/><W102/><G102/><T14/><D79/><U20/><E64/><V5/><F105/><W13/><G13/><T46/><D76/><U29/><E42/><V82/><F101/><W37/><G37/><T6/><D55/><U66/><E66/><V4/><F39/><W108/><G108/><T74/><D74/><U27/><E56/><V112/><F59/><W90/><G90/><T92/><D92/><U52/><E29/><V9/><F40/><RYUUKYOKU ba="0,1" sc="445,10,31,10,237,-30,277,10" hai0="0,6,12,14,15,46,49,53,84,85,88,94,97" hai1="17,20,23,27,44,50,52,60,61,63" hai3="16,21,22,25,26,31,48,54,57,89,95,133,135" />
</Scene>
<Scene>
<INIT seed="4,1,1,1,5,45" ten="455,41,207,287" oya="0" hai0="114,131,4,7,112,47,81,100,43,92,1,73,123" hai1="84,122,94,95,124,101,16,17,41,21,23,28,74" hai2="83,6,51,72,56,24,78,63,14,117,91,77,85" hai3="3,125,97,42,27,127,121,29,31,50,62,55,118"/><T52/><D123/><U9/><E122/><V129/><F129/><W96/><G121/><T113/><D131/><U19/><E74/><V13/><F117/><W5/><G118/><T79/><D1/><U109/><E109/><V99/><F72/><W105/><G42/><T25/><D25/><N who="1" m="16447" /><E124/><N who="3" m="47690" /><G62/><T30/><D30/><N who="3" m="11273" /><G27/><T110/><D110/><U11/><E21/><V70/><F24/><W111/><G105/><T90/><D100/><U8/><E101/><V132/><F70/><W46/><G111/><T58/><D47/><U48/><E84/><V93/><F132/><W86/><G86/><N who="0" m="52311" /><D43/><U39/><E39/><V67/><F6/><W82/><G82/><T135/><D135/><U98/><E98/><V33/><F33/><W75/><G75/><T134/><D134/><U103/><E103/><V18/><F18/><N who="1" m="4609" /><U64/><DORA hai="80" /><E64/><V12/><F78/><W126/><G126/><T115/><D115/><U66/><E66/><V68/><F68/><W54/><G97/><T60/><AGARI ba="1,1" hai="4,7,52,58,60,73,79,81,112,113,114" m="52311" machi="60" ten="30,6000,0" yaku="15,1,52,1,54,1" doraHai="45,80" who="0" fromWho="0" sc="455,73,41,-21,207,-21,287,-21" />
</Scene>
<Scene>
<INIT seed="4,2,0,1,4,60" ten="528,20,186,266" oya="0" hai0="114,101,99,51,118,59,43,13,24,52,22,88,124" hai1="80,36,135,127,72,93,35,34,28,29,3,79,96" hai2="116,97,126,1,91,10,47,89,58,17,121,6,131" hai3="20,110,122,103,128,123,54,31,85,12,23,33,129"/><T92/><D118/><U105/><E3/><V119/><F121/><N who="3" m="46091" /><G103/><T14/><D114/><U25/><E127/><V27/><F126/><W76/><G54/><T94/><D124/><U108/><E108/><V71/><F71/><W120/><G120/><T21/><D43/><U37/><E135/><V63/><F131/><N who="3" m="50251" /><G85/><N who="0" m="52239" /><D22/><U74/><E74/><V113/><F113/><W95/><G95/><T68/><D68/><U5/><E5/><V42/><F97/><W115/><G76/><T32/><D32/><U48/><E48/><V104/><F104/><W62/><G62/><T87/><D87/><U16/><E16/><AGARI ba="2,0" hai="13,14,16,21,24,51,52,59,94,99,101" m="52239" machi="16" ten="30,11600,0" yaku="8,1,54,3" doraHai="60" who="0" fromWho="1" sc="528,122,20,-122,186,0,266,0" owari="650,74.0,-102,-60.0,186,-21.0,266,7.0" />
</Scene>
</mjloggm>