<mjloggm ver="2.3"><GO type="169"/><UN n0="%E3%82%AA%E3%82%BA%E3%82%B0%E3%83%AB%E3%83%BC%E3%83%97" n1="%E3%80%93%E3%81%84%E3%81%A1%E3%81%AF%E3%82%89%E3%80%93" n2="%6B%69%63%6B%63%68%69" n3="%E5%A4%AA%E3%81%8F%E3%81%AA%E3%81%84%E3%81%8A" dan="16,17,17,18" rate="2090,2165,2157,2160" sx="M,M,M,M"/><TAIKYOKU oya="0"/>

<Scene>
<INIT seed="0,0,0,4,1,107" ten="250,250,250,250" oya="0" hai0="24,9,69,113,108,7,70,49,119,112,42,66,116" hai1="16,2,3,101,18,120,44,21,20,87,56,47,76" hai2="132,23,98,60,80,71,5,33,100,105,52,130,128" hai3="43,90,92,73,51,15,28,79,10,103,63,134,38"/><T95/><D66/><U124/><E120/><V61/><F33/><W31/><G38/><T126/><D24/><U48/><E101/><V86/><F132/><W114/><G103/><T83/><D83/><U55/><E124/><V68/><F5/><W0/><G0/><T1/><D126/><U13/><E76/><V34/><F34/><W122/><G114/><T133/><D133/><U88/><E3/><V41/><F41/><W14/><G134/><T36/><D49/><U19/><E2/><V109/><F109/><W91/><G15/><T96/><D108/><U54/><E54/><V97/><F97/><W29/><G63/><T12/><D12/><N who="1" m="9223" /><E19/><V27/><F60/><W125/><G125/><T82/><D82/><AGARI ba="0,0" hai="13,18,21,44,47,48,55,56,82,87,88" m="9223" machi="82" ten="30,3900,0" yaku="8,1,54,2" doraHai="107" who="1" fromWho="0" sc="250,-39,250,39,250,0,250,0" />
</Scene>
<Scene>
<INIT seed="1,0,0,3,2,129" ten="211,289,250,250" oya="1" hai0="110,96,59,105,88,56,4,23,60,80,7,122,68" hai1="77,124,6,117,106,111,115,95,57,28,46,14,53" hai2="83,36,91,50,69,71,81,118,5,125,55,51,79" hai3="94,3,8,85,74,9,101,67,24,20,18,73,31"/><U49/><E106/><V131/><F36/><W15/><G67/><T10/><D122/><U130/><E117/><V42/><F118/><W58/><G58/><T84/><D110/><U65/><E115/><V112/><F131/><W44/><G44/><T100/><D23/><U102/><E130/><V63/><F5/><W41/><G41/><T93/><D4/><U40/><E111/><V43/><F112/><W86/><G3/><T11/><D11/><U76/><E124/><V19/><F19/><W120/><G120/><T104/><D68/><U25/><E65/><V72/><F91/><W2/><G2/><T109/><D59/><U123/><E123/><V75/><F79/><W39/><G39/><T52/><REACH who="0" step="1"/><D109/><REACH who="0" ten="201,289,250,250" step="2"/><U90/><E6/><V98/><F71/><W27/><G8/><T35/><D35/><U1/><E1/><AGARI ba="0,1" hai="1,7,10,52,56,60,80,84,88,93,96,100,104,105" machi="1" ten="30,7700,0" yaku="1,1,7,1,54,2,53,0" doraHai="129" doraHaiUra="113" who="0" fromWho="1" sc="201,87,289,-77,250,0,250,0" />
</Scene>
<Scene>
<INIT seed="2,0,0,4,5,101" ten="288,212,250,250" oya="2" hai0="98,42,39,17,109,31,78,24,128,86,111,2,124" hai1="1,29,33,127,134,26,15,80,35,70,57,0,19" hai2="50,6,38,113,73,55,71,68,37,21,103,4,34" hai3="77,76,52,61,45,106,102,74,40,125,81,90,64"/><V43/><F34/><N who="1" m="12809" /><E57/><V53/><F73/><W107/><G125/><T105/><D86/><U13/><E80/><V54/><F113/><W94/><G77/><T28/><D78/><U119/><E70/><N who="2" m="26667" /><F21/><W27/><G27/><T10/><D124/><U8/><E127/><V85/><F6/><W131/><G102/><T60/><D60/><U121/><E119/><V95/><F4/><W56/><G64/><T118/><D118/><U126/><E126/><V49/><F85/><W96/><REACH who="3" step="1"/><G131/><REACH who="3" ten="288,212,250,240" step="2"/><T47/><D128/><U25/><E121/><V32/><F103/><W65/><G65/><T30/><D24/><N who="1" m="9323" /><E134/><V108/><F32/><W12/><G12/><T36/><D2/><N who="1" m="1131" /><E15/><V41/><F95/><W23/><G23/><T63/><D63/><U112/><E112/><V20/><F20/><W100/><G100/><T135/><D135/><U16/><E29/><V123/><F123/><W110/><G110/><T122/><D122/><U18/><AGARI ba="0,1" hai="8,13,16,18,19" m="1131,9323,12809" machi="18" ten="40,12000,2" yaku="35,5,54,1" doraHai="101" who="1" fromWho="1" sc="288,-30,212,130,250,-60,240,-30" />
</Scene>
<Scene>
<INIT seed="3,0,0,5,5,120" ten="258,342,190,210" oya="3" hai0="86,81,103,5,2,54,118,95,100,51,23,79,126" hai1="1,65,38,91,47,115,82,10,4,90,18,114,11" hai2="132,76,88,112,52,43,77,69,99,75,7,64,73" hai3="123,89,127,3,55,35,78,67,85,6,80,49,72"/><W45/><G123/><T102/><D118/><U33/><E33/><V30/><F112/><W83/><G127/><T97/><D126/><U44/><E65/><V63/><F43/><W12/><G35/><T56/><D2/><U128/><E128/><V134/><F7/><W20/><G67/><T32/><D5/><U14/><E38/><V108/><F30/><W125/><G125/><T87/><D32/><U133/><E133/><N who="2" m="51307" /><F108/><W135/><G135/><T15/><D87/><U131/><E131/><V57/><F75/><W66/><G66/><T46/><D15/><U34/><E34/><V106/><F73/><W28/><G3/><T19/><REACH who="0" step="1"/><D46/><REACH who="0" ten="248,342,190,210" step="2"/><U61/><E47/><V98/><F98/><W105/><G6/><T116/><D116/><U58/><E44/><V59/><F106/><W25/><G105/><T36/><D36/><U48/><E114/><V22/><F69/><W31/><REACH who="3" step="1"/><G12/><REACH who="3" ten="248,342,190,200" step="2"/><T21/><D21/><U37/><E1/><V122/><F22/><W50/><G50/><T17/><D17/><AGARI ba="0,2" hai="17,20,25,28,31,45,49,55,72,78,80,83,85,89" machi="17" ten="30,2900,0" yaku="1,1,7,1,53,0" doraHai="120" doraHaiUra="71" who="3" fromWho="0" sc="248,-29,342,0,190,0,200,49" />
</Scene>
<Scene>
<INIT seed="3,1,0,3,4,131" ten="219,342,190,249" oya="3" hai0="19,124,134,41,111,119,132,87,26,125,11,66,52" hai1="3,74,92,32,27,117,65,42,21,22,23,20,33" hai2="88,38,72,121,13,118,15,43,60,120,18,29,44" hai3="12,2,30,76,47,50,67,56,34,97,107,14,79"/><W48/><G2/><T45/><D119/><U9/><E74/><V0/><F72/><W100/><G34/><N who="1" m="13418" /><E65/><V115/><F0/><W8/><G30/><T31/><D66/><U102/><E92/><V83/><F29/><W104/><G104/><T113/><D113/><U35/><E102/><V95/><F118/><W59/><G14/><N who="0" m="7647" /><D111/><U86/><E86/><V69/><F83/><W16/><G50/><N who="0" m="28751" /><D87/><U94/><E94/><V89/><F115/><W10/><G10/><T109/><D41/><U82/><E82/><V55/><F69/><W36/><G36/><T127/><D109/><U135/><E42/><V126/><F95/><W46/><G46/><T17/><D17/><N who="1" m="12687" /><E35/><AGARI ba="1,0" hai="26,31,35,124,125,127,132,134" m="28751,7647" machi="35" ten="30,7700,0" yaku="18,1,52,2,54,1" doraHai="131" who="0" fromWho="1" sc="219,80,342,-80,190,0,249,0" />
</Scene>
<Scene>
<INIT seed="4,0,0,1,2,74" ten="299,262,190,249" oya="0" hai0="61,48,32,125,56,40,63,99,113,101,114,102,81" hai1="134,132,120,8,109,84,0,20,2,79,116,131,97" hai2="22,35,31,91,107,49,104,108,28,117,54,37,111" hai3="89,7,94,95,126,77,47,64,55,52,36,14,34"/><T105/><D32/><U86/><E120/><V58/><F117/><W78/><G34/><T4/><D102/><U80/><E116/><V124/><F35/><W130/><G130/><T76/><D4/><U3/><E131/><V123/><F123/><W135/><G135/><N who="1" m="51754" /><E109/><V13/><F37/><W27/><G126/><T10/><D10/><U53/><E97/><V88/><F124/><W119/><G119/><T127/><D40/><U98/><E98/><V66/><F66/><W23/><G64/><N who="0" m="38951" /><D48/><U11/><E20/><V21/><F13/><W73/><G73/><N who="0" m="43151" /><D63/><U9/><E53/><N who="3" m="20554" /><G36/><T25/><D25/><U90/><E90/><V100/><F54/><W38/><G38/><T39/><D39/><U5/><E86/><V87/><F87/><N who="3" m="52543" /><G95/><T82/><D82/><U121/><E121/><V60/><F49/><W129/><G129/><T26/><D26/><U57/><E57/><V93/><F93/><W68/><G68/><T6/><D6/><AGARI ba="0,0" hai="0,2,3,5,6,8,9,11,79,80,84" m="51754" machi="6" ten="40,2600,0" yaku="20,1,52,1" doraHai="74" who="1" fromWho="0" sc="299,-26,262,26,190,0,249,0" />
</Scene>
<Scene>
<INIT seed="5,0,0,5,5,103" ten="273,288,190,249" oya="1" hai0="65,82,133,114,67,55,10,102,115,88,46,96,19" hai1="125,132,45,44,11,112,12,120,135,3,109,123,129" hai2="42,58,106,117,85,18,130,9,39,100,126,75,89" hai3="14,27,20,24,25,0,49,87,134,78,7,51,107"/><U71/><E71/><V31/><F75/><W37/><G37/><T104/><D133/><N who="1" m="51275" /><E45/><V29/><F117/><W111/><G111/><T62/><D10/><U128/><E44/><V92/><F126/><W48/><G134/><T17/><D46/><U70/><E70/><V15/><F130/><N who="1" m="50281" /><E109/><V98/><F42/><W95/><G107/><T61/><D55/><U1/><E112/><N who="0" m="43049" /><D61/><U105/><E105/><V127/><F39/><W30/><G0/><N who="1" m="74" /><E125/><V64/><REACH who="2" step="1"/><F127/><REACH who="2" ten="273,288,180,249" step="2"/><W6/><G30/><T33/><D33/><U36/><E36/><V56/><F56/><W4/><G49/><T77/><D65/><U16/><AGARI ba="0,1" hai="11,12,16,120,123" m="74,50281,51275" machi="16" ten="40,12000,1" yaku="20,1,19,1,34,2,54,1" doraHai="103" who="1" fromWho="1" sc="273,-40,288,130,180,-40,249,-40" />
</Scene>
<Scene>
<INIT seed="5,1,0,2,5,34" ten="233,418,140,209" oya="1" hai0="109,45,135,91,114,7,33,16,24,107,131,103,79" hai1="59,8,87,46,75,56,101,55,23,85,100,124,4" hai2="49,35,69,134,51,40,44,83,78,112,65,77,67" hai3="110,122,50,115,10,64,130,48,2,1,25,42,43"/><U22/><E75/><V118/><F118/><W58/><G110/><T86/><D109/><U97/><E124/><V52/><F35/><W126/><G122/><T102/><D114/><U73/><E73/><V81/><F112/><W9/><G115/><T80/><D131/><U82/><E46/><V63/><F134/><W61/><G130/><T6/><D135/><U70/><E70/><V11/><F67/><W13/><G126/><T93/><D33/><U98/><E87/><V32/><F32/><W127/><G127/><T57/><D45/><U28/><E28/><V96/><F96/><W31/><G48/><T92/><D92/><U128/><E128/><V19/><F78/><W119/><G119/><T108/><D108/><U99/><E101/><N who="0" m="38409" /><D107/><U3/><E100/><V84/><F81/><W47/><G43/><T39/><D57/><U123/><E123/><V121/><F121/><W90/><G90/><T74/><D39/><U133/><E133/><V68/><F68/><W0/><REACH who="3" step="1"/><G13/><REACH who="3" ten="233,418,140,199" step="2"/><T12/><D12/><U113/><E113/><V15/><REACH who="2" step="1"/><F51/><REACH who="2" ten="233,418,130,199" step="2"/><W38/><G38/><T104/><D104/><U117/><E117/><V5/><F5/><W29/><G29/><T41/><D6/><U72/><E4/><V66/><F66/><W106/><G106/><T125/><D7/><U14/><E99/><V53/><AGARI ba="1,2" hai="11,15,19,40,44,49,52,53,63,65,69,77,83,84" machi="53" ten="30,4000,0" yaku="1,1,0,1,54,1,53,0" doraHai="34" doraHaiUra="94" who="2" fromWho="2" sc="233,-11,418,-21,130,63,199,-11" />
</Scene>
<Scene>
<INIT seed="6,0,0,1,4,63" ten="222,397,193,188" oya="2" hai0="82,85,66,91,117,41,132,27,130,22,58,57,39" hai1="45,93,88,60,59,29,16,52,9,24,48,64,17" hai2="15,51,131,69,90,135,50,99,79,37,119,31,96" hai3="116,61,47,75,42,21,103,8,70,92,134,14,36"/><V65/><F37/><W34/><G116/><T125/><D117/><U81/><E81/><V54/><F119/><W33/><G75/><T49/><D125/><U44/><E44/><V78/><F135/><W128/><G134/><T122/><D132/><U105/><E105/><V84/><F131/><W72/><G72/><T3/><D130/><U133/><E9/><V87/><F31/><W1/><G128/><T40/><D3/><U6/><E6/><V94/><F15/><W62/><G1/><T55/><D39/><U68/><E68/><V104/><F51/><W98/><G21/><T30/><REACH who="0" step="1"/><D122/><REACH who="0" ten="212,397,193,188" step="2"/><U73/><E133/><V26/><F104/><W110/><G110/><T7/><D7/><U20/><E73/><V67/><F78/><W106/><G106/><T102/><D102/><U109/><E109/><V25/><F79/><W97/><G103/><T38/><D38/><U76/><E76/><V123/><F123/><W2/><G2/><T127/><D127/><U35/><E35/><V32/><F32/><W71/><G34/><T86/><D86/><AGARI ba="0,1" hai="16,17,20,24,29,45,48,52,59,60,64,86,88,93" machi="86" ten="30,12000,2" yaku="7,1,8,1,52,1,54,3" doraHai="63" who="1" fromWho="0" sc="212,-120,397,130,193,0,188,0" />
</Scene>
<Scene>
<INIT seed="7,0,0,2,5,45" ten="92,527,193,188" oya="3" hai0="133,121,39,47,36,104,124,28,72,65,23,97,13" hai1="76,115,62,7,12,127,114,31,95,130,84,108,48" hai2="8,89,25,55,1,111,63,77,19,113,93,2,112" hai3="4,46,87,60,15,54,118,32,20,53,91,5,69"/><W83/><G32/><T86/><D121/><U42/><E108/><V27/><F77/><W57/><G118/><T106/><D72/><U61/><E130/><V99/><F111/><W52/><G69/><T64/><D133/><U96/><E127/><V35/><F25/><W117/><G117/><T50/><D124/><U11/><E31/><V10/><F10/><W21/><G21/><T128/><D128/><U14/><E14/><V3/><F8/><W120/><G120/><T107/><D86/><U29/><E29/><V24/><F35/><W101/><G101/><T66/><D97/><U56/><E84/><V100/><F100/><W70/><G70/><T38/><D13/><U9/><E76/><V85/><F85/><W75/><G75/><T82/><D82/><U37/><E37/><V51/><F63/><W41/><G20/><T92/><D92/><U123/><E11/><V74/><F74/><W68/><G68/><T110/><D110/><U33/><E33/><V49/><F55/><N who="3" m="33855" /><G15/><T122/><D122/><U17/><E123/><V26/><F19/><W102/><G102/><T43/><D23/><U16/><E16/><V80/><F80/><W30/><G30/><AGARI ba="0,0" hai="28,30,36,38,39,43,47,50,64,65,66,104,106,107" machi="30" ten="60,7700,0" yaku="29,2,52,1" doraHai="45" who="0" fromWho="3" sc="92,77,527,0,193,0,188,-77" owari="169,-23.0,527,63.0,193,-1.0,111,-39.0" />
</Scene>
</mjloggm>