<mjloggm ver="2.3"><GO type="193"/><UN n0="%E5%B1%85%E9%85%92%E5%B1%8B%E3%83%9C%E3%83%B3%E3%83%90%E3%83%BC" n1="%E5%A4%AA%E3%81%8F%E3%81%AA%E3%81%84%E3%81%8A" n2="%E4%BB%A3%E6%89%93%E3%81%A1%E6%B5%A6%E9%83%A8" n3="%74%61%72%6F%75%64%65%73" dan="11,5,11,11" rate="1625,1611,1783,1560" sx="M,M,M,M"/><TAIKYOKU oya="0"/>

<Scene>
<INIT seed="0,0,0,0,5,31" ten="250,250,250,250" oya="0" hai0="49,91,65,64,102,111,1,93,110,89,130,10,5" hai1="114,20,71,67,109,55,4,101,0,127,7,115,74" hai2="106,132,48,15,14,18,36,98,83,40,43,19,12" hai3="103,78,107,70,29,68,113,104,50,105,84,33,63"/><T26/><D130/><U54/><E74/><V21/><F132/><W22/><G50/><T95/><D26/><U86/><E109/><N who="0" m="41481" /><D49/><U41/><E41/><V28/><F36/><W58/><G22/><T69/><D102/><U81/><E127/><V24/><F83/><W80/><G84/><N who="0" m="52391" /><D69/><U92/><E101/><V42/><F106/><W46/><G46/><T56/><D56/><U77/><E71/><V11/><F98/><AGARI ba="0,0" hai="1,5,10,64,65,91,95,98" m="52391,41481" machi="98" ten="30,2900,0" yaku="14,1,10,1" doraHai="31" who="0" fromWho="2" sc="250,29,250,0,250,-29,250,0" />
</Scene>
<Scene>
<INIT seed="0,1,0,5,4,130" ten="279,250,221,250" oya="0" hai0="114,29,31,111,58,8,104,72,129,78,75,73,52" hai1="85,51,6,77,117,36,11,45,96,125,124,131,121" hai2="24,65,91,86,63,112,103,95,26,109,17,40,54" hai3="81,107,42,113,94,57,116,32,126,133,99,30,67"/><T66/><D114/><U88/><E121/><V53/><F112/><W35/><G116/><T118/><D118/><U64/><E117/><V76/><F109/><W10/><G113/><T59/><D104/><U23/><E131/><V3/><F3/><W101/><G42/><T14/><D129/><U55/><E36/><V9/><F40/><W119/><G119/><T21/><D111/><U108/><E108/><V62/><F76/><W135/><G126/><N who="1" m="48746" /><E64/><V0/><F0/><W33/><G81/><T84/><D84/><U28/><E77/><V79/><F79/><W48/><G10/><T127/><D127/><U134/><E96/><V87/><F103/><W25/><G48/><N who="0" m="30983" /><D72/><U132/><E23/><V68/><F63/><N who="3" m="38383" /><G107/><T7/><D73/><U27/><E27/><V93/><F24/><W5/><G5/><T74/><D75/><U83/><E28/><N who="0" m="10825" /><D74/><U69/><E69/><V100/><F26/><W110/><G110/><T105/><D105/><U12/><AGARI ba="1,0" hai="6,11,12,45,51,55,83,85,88,132,134" m="48746" machi="12" ten="30,7900,0" yaku="18,1,52,2,54,1" doraHai="130" who="1" fromWho="1" sc="279,-40,250,82,221,-21,250,-21" />
</Scene>
<Scene>
<INIT seed="1,0,0,3,2,82" ten="239,332,200,229" oya="1" hai0="113,11,14,70,87,22,90,51,5,121,42,128,85" hai1="39,120,38,33,75,44,57,135,0,46,4,83,112" hai2="63,123,77,130,74,60,18,52,119,114,62,131,35" hai3="109,55,108,110,103,96,102,92,111,80,2,43,134"/><U31/><E120/><V21/><F123/><W127/><N who="3" m="28160" /><DORA hai="47" /><W125/><G2/><T68/><D70/><U89/><E112/><V88/><F119/><W13/><G13/><N who="0" m="5359" /><D68/><U25/><E135/><V16/><F35/><W106/><G43/><T30/><D113/><U132/><E132/><V12/><F18/><W49/><G134/><T40/><D128/><N who="2" m="49194" /><F114/><W9/><G9/><T94/><D121/><U100/><E100/><V23/><F23/><W84/><G55/><T115/><D115/><U53/><E0/><V72/><F88/><N who="3" m="51207" /><G49/><T24/><D40/><U64/><E38/><V29/><F29/><W27/><G27/><T20/><D14/><U32/><E25/><V3/><F3/><W26/><G26/><T8/><D8/><U15/><E15/><V81/><F52/><W95/><G106/><T105/><D105/><U69/><E53/><V76/><F76/><W126/><G96/><N who="0" m="57431" /><D22/><U1/><E1/><V6/><F6/><W50/><G50/><T99/><D99/><U34/><E34/><V107/><F107/><W73/><G73/><AGARI ba="0,0" hai="12,16,21,60,62,63,72,73,74,77,81" m="49194" machi="73" ten="30,2000,0" yaku="19,1,54,1" doraHai="82,47" who="2" fromWho="3" sc="239,0,332,0,200,20,229,-20" />
</Scene>
<Scene>
<INIT seed="2,0,0,3,0,47" ten="239,332,220,209" oya="2" hai0="9,109,48,26,33,77,93,37,122,22,69,121,131" hai1="135,23,68,116,91,15,70,27,60,82,105,50,8" hai2="115,106,65,88,73,21,57,25,79,124,39,133,127" hai3="83,80,100,126,132,72,56,112,4,2,19,5,102"/><V61/><F115/><W87/><G72/><T111/><D69/><U97/><E116/><V76/><F106/><W119/><G119/><T66/><D37/><U14/><E135/><V3/><F39/><W74/><G74/><T81/><D66/><U62/><E70/><V40/><F40/><W125/><G2/><T10/><D33/><U110/><E110/><N who="0" m="41993" /><D93/><N who="1" m="56511" /><E105/><V134/><F3/><W85/><G56/><T1/><D1/><U53/><E68/><V30/><F88/><W7/><G19/><N who="0" m="12639" /><D131/><U113/><E82/><N who="3" m="31274" /><G132/><N who="2" m="50793" /><F73/><W12/><G12/><N who="1" m="4650" /><E8/><N who="0" m="3177" /><D48/><U90/><E113/><V41/><F41/><W18/><G112/><T101/><D101/><N who="3" m="39017" /><G18/><T75/><AGARI ba="0,0" hai="75,77,81,121,122" m="3177,12639,41993" machi="75" ten="30,1100,0" yaku="14,1" doraHai="47" who="0" fromWho="0" sc="239,11,332,-3,220,-5,209,-3" />
</Scene>
<Scene>
<INIT seed="3,0,0,1,3,123" ten="250,329,215,206" oya="3" hai0="98,14,111,49,66,91,73,130,72,10,64,112,7" hai1="132,20,57,2,15,86,16,38,82,71,56,126,79" hai2="122,21,5,87,59,39,24,119,121,41,85,105,44" hai3="84,8,106,43,74,76,129,53,31,99,69,58,133"/><W96/><G69/><T27/><D27/><U23/><E71/><V110/><F105/><W34/><G43/><T134/><D49/><U118/><E38/><V30/><F5/><W83/><G129/><T107/><D107/><U88/><E2/><V131/><F119/><W89/><G133/><T102/><D102/><U135/><E126/><V81/><F131/><W103/><G8/><T94/><D130/><U32/><E32/><V22/><F22/><W116/><G116/><T75/><D134/><N who="1" m="51243" /><E118/><V55/><F110/><W104/><G34/><T113/><REACH who="0" step="1"/><D111/><REACH who="0" ten="240,329,215,206" step="2"/><U3/><E3/><V125/><F125/><W17/><G31/><T4/><D4/><U6/><E6/><V29/><F30/><W70/><G17/><T93/><D93/><N who="1" m="54423" /><E23/><V78/><REACH who="2" step="1"/><F87/><AGARI ba="0,1" hai="15,16,20,56,57,79,82,87" m="54423,51243" machi="87" ten="30,3900,0" yaku="20,1,54,2" doraHai="123" who="1" fromWho="2" sc="240,0,329,49,215,-39,206,0" owari="240,4.0,378,47.0,176,-32.0,206,-19.0" />
</Scene>
</mjloggm>