<mjloggm ver="2.3"><GO type="169" lobby="0"/><UN n0="%E3%81%B4%E3%81%AE" n1="%E5%A4%AA%E3%81%8F%E3%81%AA%E3%81%84%E3%81%8A" n2="%E6%98%8E%E5%AE%98" n3="%E3%81%82%E3%82%8A%E3%81%8A%E3%81%A8" dan="16,18,16,17" rate="2111.63,2191.96,2090.20,2084.96" sx="M,F,M,M"/><TAIKYOKU oya="0"/>

<Scene>
<INIT seed="0,0,0,2,5,103" ten="250,250,250,250" oya="0" hai0="94,55,3,121,50,31,12,43,26,118,30,57,0" hai1="127,46,133,114,23,41,116,110,49,80,115,126,20" hai2="33,90,6,16,56,106,47,132,93,39,86,61,72" hai3="60,19,113,62,53,120,65,73,91,134,89,63,71"/><T15/><D121/><U76/><E116/><V102/><F33/><W69/><G120/><T70/><D118/><U85/><E110/><V64/><F72/><W4/><G113/><N who="1" m="43018" /><E133/><V111/><F6/><W58/><G73/><T67/><D43/><U42/><E42/><V2/><F2/><W92/><G4/><T51/><D51/><U37/><E37/><V66/><F111/><W129/><G129/><T27/><D0/><U96/><E96/><V104/><F102/><W25/><G134/><T107/><D3/><U13/><E13/><N who="0" m="5193" /><D107/><U10/><E10/><V77/><F47/><W40/><G40/><T28/><D70/><U98/><E98/><V99/><F39/><W128/><G128/><T101/><D67/><U1/><E1/><V100/><F66/><W78/><G78/><T124/><D124/><AGARI ba="0,0" hai="20,23,41,46,49,76,80,85,124,126,127" m="43018" machi="124" ten="30,2000,0" yaku="18,1,11,1" doraHai="103" who="1" fromWho="0" sc="250,-20,250,20,250,0,250,0" />
</Scene>
<Scene>
<INIT seed="1,0,0,4,0,17" ten="230,270,250,250" oya="1" hai0="114,126,64,43,54,70,134,135,109,94,116,63,82" hai1="26,44,133,86,25,117,120,111,95,13,0,18,74" hai2="96,77,16,47,4,12,85,73,67,29,83,80,11" hai3="50,42,7,104,57,46,113,99,103,118,10,127,75"/><U39/><E120/><V48/><F29/><W45/><G113/><T32/><D32/><U66/><E117/><V102/><F67/><W69/><G69/><T15/><D82/><U38/><E74/><V33/><F33/><W89/><G127/><T71/><D94/><U92/><E0/><V125/><F125/><W90/><G118/><T30/><D15/><U28/><E66/><V72/><F83/><W68/><G68/><T79/><D30/><U124/><E124/><V34/><F34/><W112/><G112/><T121/><D79/><U14/><E133/><N who="0" m="50697" /><D126/><U129/><E86/><V108/><F4/><W23/><G75/><T31/><D31/><U3/><E28/><V37/><F37/><W62/><G46/><T87/><D87/><U107/><E44/><V35/><F35/><W27/><G10/><T36/><D114/><U55/><E107/><V65/><F65/><W9/><G9/><T49/><D116/><U132/><E3/><V123/><F123/><W61/><G7/><T52/><D121/><U56/><E13/><V81/><F81/><W101/><G101/><T6/><D6/><U40/><E14/><V21/><F11/><W93/><G104/><T51/><D71/><U98/><E95/><V106/><F108/><W131/><G27/><T97/><D109/><U2/><E26/><V20/><F20/><W128/><G23/><T53/><D97/><U5/><E25/><V84/><F73/><W41/><G99/><T88/><D88/><U100/><E111/><V1/><F1/><W105/><G105/><T76/><D76/><U19/><E132/><RYUUKYOKU ba="0,0" sc="230,15,270,-15,250,15,250,-15" hai0="36,43,49,51,52,53,54,63,64,70" hai2="12,16,21,47,48,72,77,80,84,85,96,102,106" />
</Scene>
<Scene>
<INIT seed="2,1,0,3,1,9" ten="245,255,265,235" oya="2" hai0="77,97,71,79,98,70,33,95,121,65,89,63,128" hai1="124,5,125,73,81,96,28,93,59,111,103,80,106" hai2="114,21,131,6,55,62,66,13,135,52,44,130,64" hai3="112,0,53,10,90,132,37,27,24,2,84,25,18"/><V120/><F120/><W119/><G119/><T133/><D121/><U94/><E28/><V49/><F114/><W91/><G112/><T74/><D133/><U11/><E59/><V85/><F135/><W19/><G132/><T14/><D128/><N who="2" m="49194" /><F85/><W75/><G75/><T57/><D33/><U36/><E36/><V109/><F109/><W129/><G129/><T82/><D77/><N who="1" m="44079" /><E111/><V117/><F117/><W110/><G110/><T54/><D98/><U30/><E30/><V47/><F47/><W41/><G41/><T8/><REACH who="0" step="1"/><D65/><REACH who="0" ten="235,255,265,235" step="2"/><U12/><E96/><V105/><F66/><W108/><G108/><T113/><D113/><U43/><E125/><V22/><F105/><W72/><G72/><T101/><D101/><U3/><E103/><V104/><F104/><W26/><G84/><T35/><D35/><U50/><E106/><V107/><F107/><W92/><G92/><T42/><D42/><U58/><E124/><V23/><F55/><W61/><G53/><T68/><D68/><U60/><E94/><V67/><F62/><W20/><G61/><T87/><D87/><U76/><E93/><V34/><F34/><W118/><G118/><T99/><D99/><U31/><E60/><V15/><F67/><W88/><G37/><T116/><D116/><U56/><E43/><V32/><F32/><W102/><G102/><T1/><D1/><U86/><E3/><V115/><F64/><W48/><G48/><T17/><AGARI ba="1,1" hai="8,14,17,54,57,63,70,71,74,79,82,89,95,97" machi="17" ten="20,5200,0" yaku="1,1,0,1,7,1,52,1,53,0" doraHai="9" doraHaiUra="100" who="0" fromWho="0" sc="235,65,255,-14,265,-27,235,-14" />
</Scene>
<Scene>
<INIT seed="3,0,0,1,4,46" ten="300,241,238,221" oya="3" hai0="127,11,73,12,109,89,74,81,66,63,80,13,56" hai1="61,117,79,19,47,40,39,9,51,6,124,42,122" hai2="26,5,131,121,43,133,129,108,91,65,35,85,8" hai3="94,72,112,132,87,38,67,128,110,57,120,18,31"/><W59/><G112/><T104/><D104/><U64/><E122/><V114/><F108/><W44/><G120/><T83/><D109/><U84/><E124/><V111/><F114/><W70/><G110/><T17/><D127/><U116/><E19/><V27/><F65/><W49/><G72/><T1/><D1/><U15/><E40/><V2/><F121/><W33/><G38/><T4/><REACH who="0" step="1"/><D89/><REACH who="0" ten="290,241,238,221" step="2"/><U71/><REACH who="1" step="1"/><E39/><REACH who="1" ten="290,231,238,221" step="2"/><V50/><F111/><W98/><G128/><T54/><D54/><U97/><E97/><V34/><F129/><W24/><G132/><T77/><D77/><U93/><E93/><V106/><F133/><W20/><G98/><T0/><D0/><U100/><E100/><V96/><F131/><W58/><G94/><T126/><D126/><U21/><E21/><AGARI ba="0,2" hai="4,11,12,13,17,21,56,63,66,73,74,80,81,83" machi="21" ten="40,1300,0" yaku="1,1,53,0" doraHai="46" doraHaiUra="68" who="0" fromWho="1" sc="290,33,231,-13,238,0,221,0" />
</Scene>
<Scene>
<INIT seed="4,0,0,4,1,85" ten="323,218,238,221" oya="0" hai0="110,101,108,72,0,60,96,54,121,25,120,119,113" hai1="53,50,75,82,6,4,57,92,28,133,130,9,15" hai2="47,124,86,81,10,64,78,103,58,106,100,21,99" hai3="24,30,46,19,83,41,123,1,32,16,44,97,39"/><T49/><D72/><U2/><E133/><V80/><F124/><W63/><G1/><T93/><D0/><U73/><E130/><V90/><F10/><W105/><G123/><N who="0" m="47179" /><D60/><U135/><E135/><V117/><F47/><W112/><G112/><T5/><D5/><U118/><E118/><V3/><F3/><W126/><G126/><T76/><D76/><U52/><E6/><V33/><F33/><W7/><G7/><T12/><D12/><U42/><E42/><V129/><F129/><W68/><G83/><T89/><D25/><U59/><E28/><V131/><F131/><W125/><G46/><T40/><D40/><U17/><E82/><V77/><F58/><W79/><G79/><T45/><D113/><U27/><E27/><V34/><F64/><N who="3" m="40991" /><G125/><T98/><D119/><U61/><REACH who="1" step="1"/><E92/><REACH who="1" ten="323,208,238,221" step="2"/><V87/><F117/><W134/><G134/><T71/><D93/><U14/><E14/><V127/><F127/><W18/><G19/><T36/><D110/><U111/><E111/><V8/><F80/><W88/><G18/><T84/><D108/><U114/><E114/><V95/><F78/><W109/><G109/><T55/><D36/><U115/><E115/><V74/><F81/><W128/><G16/><T56/><D71/><U67/><E67/><V35/><F95/><N who="3" m="56551" /><G128/><T51/><D55/><U43/><E43/><V104/><F77/><W31/><G31/><T70/><D54/><U91/><E91/><V62/><F90/><W26/><G26/><T13/><D89/><U69/><E69/><V116/><F116/><W107/><G39/><T11/><D70/><RYUUKYOKU ba="0,1" sc="323,-15,208,15,238,-15,221,15" hai1="2,4,9,15,17,50,52,53,57,59,61,73,75" hai3="24,30,32,41,44,105,107" />
</Scene>
<Scene>
<INIT seed="5,1,1,5,0,31" ten="308,223,223,236" oya="1" hai0="104,15,110,78,23,134,38,24,65,30,106,79,60" hai1="117,101,81,105,127,56,120,36,121,3,94,61,2" hai2="13,25,116,26,7,73,123,21,124,115,6,119,133" hai3="68,102,88,32,71,57,12,16,103,87,91,64,41"/><U90/><E117/><V107/><F73/><W5/><G5/><N who="2" m="1545" /><F107/><W112/><G41/><T100/><D110/><U29/><E36/><V92/><F123/><W0/><G0/><T77/><D38/><U45/><E45/><V43/><F43/><W18/><G32/><T44/><D44/><U135/><E29/><V55/><F55/><W132/><G112/><T66/><D134/><U80/><E105/><V11/><F133/><W118/><G132/><T50/><D50/><U22/><E135/><V108/><F108/><W85/><G57/><T17/><D100/><U125/><E101/><V28/><F92/><W59/><G59/><T14/><D14/><U4/><E94/><V96/><F96/><W86/><G86/><T128/><D128/><U72/><E56/><V75/><F75/><W48/><G12/><T19/><D19/><U1/><E72/><V89/><F115/><W70/><G70/><T98/><D98/><U93/><E2/><V53/><F53/><W9/><G48/><T39/><D39/><U74/><E74/><V99/><F25/><W111/><G111/><T54/><D54/><U97/><E3/><V35/><F35/><W34/><G34/><N who="0" m="20807" /><D66/><U129/><E1/><V42/><F42/><W83/><G64/><T46/><D46/><U84/><E97/><V27/><F27/><W40/><G40/><T58/><D106/><U62/><E121/><V82/><F119/><W49/><G118/><T33/><D33/><U130/><E120/><V37/><F116/><W95/><G49/><T52/><D104/><U20/><E4/><V63/><F37/><RYUUKYOKU ba="1,1" sc="308,30,223,-10,223,-10,236,-10" hai0="15,17,23,52,58,60,65,77,78,79" />
</Scene>
<Scene>
<INIT seed="6,2,1,2,4,117" ten="338,213,213,226" oya="2" hai0="91,14,26,97,135,112,25,105,94,134,60,82,36" hai1="78,70,125,102,4,30,121,31,87,2,47,52,99" hai2="41,45,63,88,37,56,77,80,6,109,132,116,123" hai3="73,84,96,65,18,72,76,3,119,27,24,126,7"/><V71/><F116/><W35/><G119/><T54/><D112/><U11/><E70/><V95/><F109/><W129/><G126/><T101/><D36/><U64/><E64/><V10/><F71/><W55/><G65/><T33/><D82/><U79/><E125/><V74/><F132/><N who="0" m="50730" /><D33/><U131/><E131/><V53/><F123/><W113/><G96/><N who="0" m="57439" /><D14/><U1/><E1/><V69/><F69/><W8/><G129/><T40/><D40/><U98/><E121/><V0/><F95/><W83/><G113/><T75/><D75/><U85/><E79/><V28/><F28/><W20/><G55/><T5/><D5/><U59/><E78/><V46/><F45/><W29/><AGARI ba="2,1" hai="3,7,8,18,20,24,27,29,35,72,73,76,83,84" machi="29" ten="30,1100,0" yaku="0,1" doraHai="117" who="3" fromWho="3" sc="338,-5,213,-5,213,-7,226,27" />
</Scene>
<Scene>
<INIT seed="7,0,0,4,1,115" ten="333,208,206,253" oya="3" hai0="60,0,58,35,69,14,73,87,44,3,21,89,111" hai1="92,46,114,102,27,32,106,64,112,52,80,132,17" hai2="53,134,10,117,82,56,88,1,93,38,119,63,19" hai3="43,83,4,9,30,97,126,50,33,49,99,13,28"/><W101/><G126/><T20/><D111/><U100/><E106/><V105/><F38/><W91/><G33/><T113/><D73/><U37/><E64/><V129/><F105/><W34/><G34/><T130/><D69/><U18/><E80/><V57/><F82/><W110/><G110/><T122/><D35/><U72/><E72/><V41/><F41/><W109/><G109/><T47/><D0/><U78/><E78/><V75/><F75/><W116/><G116/><T39/><D3/><U79/><E79/><V128/><F134/><W67/><G67/><T36/><D36/><U40/><E132/><V74/><F57/><W77/><G91/><T85/><D39/><U29/><E52/><V62/><F62/><W7/><G7/><T48/><D14/><U96/><E100/><V26/><F74/><W2/><G2/><T6/><D21/><U135/><E135/><V22/><F10/><W76/><G76/><T94/><D87/><U95/><E95/><V61/><F61/><W11/><G11/><T131/><D6/><U81/><E81/><V71/><F71/><W118/><G118/><N who="2" m="45065" /><F1/><W120/><G120/><T66/><D60/><U16/><AGARI ba="0,0" hai="16,17,18,27,29,32,37,40,46,92,96,102,112,114" machi="16" ten="30,2000,0" yaku="0,1,54,1" doraHai="115" who="1" fromWho="1" sc="333,-5,208,20,206,-5,253,-10" owari="328,43.0,228,-17.0,201,-30.0,243,4.0" />
</Scene>
</mjloggm>