<mjloggm ver="2.3"><GO type="169" lobby="0"/><UN n0="%E3%82%A8%E3%83%88%E3%81%BA%E3%83%B3" n1="%E5%A4%AA%E3%81%8F%E3%81%AA%E3%81%84%E3%81%8A" n2="%E3%81%B4%E3%81%AE" n3="%E8%B6%85%E3%83%92%E3%83%A2%E3%83%AA%E3%83%AD" dan="16,18,16,18" rate="2169.26,2251.49,2091.64,2178.72" sx="F,F,M,F"/><TAIKYOKU oya="0"/>

<Scene>
<INIT seed="0,0,0,3,2,106" ten="250,250,250,250" oya="0" hai0="115,27,12,22,122,84,34,125,89,71,120,85,3" hai1="104,96,92,63,99,126,13,111,1,30,72,70,108" hai2="31,82,103,66,61,131,62,75,20,127,47,123,65" hai3="49,16,79,19,57,50,36,25,58,52,93,40,26"/><T117/><D71/><U24/><E1/><V135/><F123/><W29/><G36/><T100/><D117/><U14/><E126/><V64/><F127/><W32/><G79/><T55/><D125/><U88/><E70/><V51/><F131/><W90/><G25/><T9/><D100/><N who="1" m="62495" /><E63/><V113/><F113/><W73/><G73/><T98/><D115/><U8/><E8/><V121/><F121/><W33/><G33/><T44/><D34/><N who="1" m="20807" /><E72/><V78/><F103/><W130/><G130/><T97/><D3/><U80/><E80/><V23/><F135/><W86/><G40/><T15/><D122/><U87/><E87/><N who="0" m="33353" /><D120/><U81/><E81/><V35/><F35/><W114/><G114/><T43/><D43/><U48/><E48/><V11/><F11/><W41/><G41/><T77/><D77/><U128/><E128/><V119/><F119/><W68/><G68/><T0/><D0/><U109/><AGARI ba="0,0" hai="13,14,88,92,96,108,109,111" m="20807,62495" machi="109" ten="30,2000,0" yaku="14,1,54,1" doraHai="106" who="1" fromWho="1" sc="250,-10,250,20,250,-5,250,-5" />
</Scene>
<Scene>
<INIT seed="1,0,0,4,2,132" ten="240,270,245,245" oya="1" hai0="39,3,29,100,118,15,20,4,79,50,17,107,34" hai1="72,106,56,114,110,125,7,87,19,36,119,123,134" hai2="11,88,21,77,98,126,121,112,52,14,57,5,24" hai3="16,97,133,85,74,47,22,130,59,117,70,31,91"/><U18/><RYUUKYOKU type="yao9" ba="0,0" sc="240,0,270,0,245,0,245,0" hai1="7,18,19,36,56,72,87,106,110,114,119,123,125,134" />
</Scene>
<Scene>
<INIT seed="1,1,0,4,1,35" ten="240,270,245,245" oya="1" hai0="6,125,49,131,37,30,40,88,78,1,82,5,96" hai1="46,128,22,0,106,118,62,18,57,12,52,60,127" hai2="85,14,55,102,101,42,132,107,83,115,29,100,122" hai3="41,114,16,135,119,47,15,25,133,87,69,103,86"/><U97/><E118/><V24/><F122/><W43/><G114/><T126/><D30/><U75/><E75/><V32/><F115/><W120/><G120/><T123/><D123/><U36/><E127/><N who="0" m="48649" /><D131/><U13/><E128/><V61/><F132/><W10/><G69/><T91/><D49/><U21/><E0/><V65/><F55/><W19/><G119/><T112/><D112/><U68/><E106/><V72/><F14/><W113/><G103/><T80/><D96/><U94/><E68/><N who="2" m="42031" /><F42/><W98/><G98/><T3/><D40/><U44/><E62/><V54/><F54/><W129/><G113/><T26/><D37/><U99/><E36/><V31/><F31/><W66/><G66/><T92/><D26/><U56/><E56/><V17/><F17/><W58/><G58/><T77/><D92/><U20/><E99/><N who="2" m="61855" /><F72/><W71/><G71/><T104/><D104/><U59/><E59/><V117/><F117/><W84/><G129/><T116/><D116/><U76/><E76/><AGARI ba="1,0" hai="24,29,32,76,83,85,101,102" m="61855,42031" machi="76" ten="30,1000,0" yaku="25,1" doraHai="35" who="2" fromWho="1" sc="240,0,270,-13,245,13,245,0" />
</Scene>
<Scene>
<INIT seed="2,0,0,2,3,101" ten="240,257,258,245" oya="2" hai0="129,117,84,86,124,85,27,8,41,132,92,68,81" hai1="24,112,62,69,5,6,102,76,4,71,103,31,119" hai2="60,45,135,33,19,66,94,58,88,13,87,26,95" hai3="21,110,123,18,107,105,17,10,118,109,99,15,78"/><V46/><F135/><W55/><G118/><T48/><D68/><U122/><E119/><V111/><F111/><N who="3" m="42507" /><G123/><T134/><D117/><U128/><E112/><V108/><F108/><W36/><G36/><T104/><D27/><U67/><E122/><V54/><F33/><W131/><G131/><T77/><D8/><U50/><E128/><V73/><F73/><W20/><G78/><T23/><D23/><N who="3" m="8777" /><G18/><T40/><D129/><U47/><E71/><V32/><F32/><W120/><G120/><T93/><D48/><U25/><E76/><V64/><F26/><W74/><G74/><N who="0" m="43191" /><D40/><U106/><E31/><V61/><F95/><N who="0" m="36426" /><D41/><U12/><E12/><V1/><F1/><W3/><G3/><T130/><D130/><U44/><E24/><V116/><F116/><W14/><G14/><T91/><D91/><U97/><E25/><V52/><F54/><W80/><G55/><T133/><D124/><U28/><E28/><V59/><F66/><W49/><G49/><T113/><D113/><U90/><E90/><V39/><F39/><W53/><G53/><T42/><D42/><U2/><E2/><V89/><F89/><W57/><G57/><T63/><D63/><U37/><E37/><V22/><AGARI ba="0,0" hai="13,19,22,45,46,52,58,59,60,61,64,87,88,94" machi="22" ten="20,12000,1" yaku="0,1,7,1,8,1,54,2" doraHai="101" who="2" fromWho="2" sc="240,-40,257,-40,258,120,245,-40" />
</Scene>
<Scene>
<INIT seed="2,1,0,5,5,35" ten="200,217,378,205" oya="2" hai0="119,135,28,54,109,104,101,87,86,1,27,63,111" hai1="14,48,45,61,23,82,107,5,60,22,123,116,99" hai2="68,51,65,103,19,44,77,4,16,37,88,90,106" hai3="102,38,93,52,12,2,36,108,130,96,29,26,8"/><V46/><F37/><W81/><G108/><N who="0" m="41547" /><D135/><U64/><E116/><V6/><F77/><W55/><G130/><T30/><D119/><U128/><E128/><V120/><F120/><W13/><G38/><T126/><D126/><U115/><E115/><V66/><F106/><W50/><G36/><T129/><D129/><U78/><E123/><V83/><F68/><W57/><G81/><T132/><D132/><U118/><E118/><V15/><F103/><W114/><G114/><T127/><D127/><U80/><E80/><V69/><F69/><W53/><G2/><T74/><D74/><U84/><E107/><V71/><F71/><W100/><G100/><T40/><D40/><N who="1" m="24615" /><E99/><V56/><F56/><W41/><G41/><T62/><D1/><U21/><E64/><V121/><F121/><W47/><G8/><AGARI ba="1,0" hai="5,8,14,21,22,23,60,61,78,82,84" m="24615" machi="8" ten="30,2000,0" yaku="25,1,8,1" doraHai="35" who="1" fromWho="3" sc="200,0,217,23,378,0,205,-23" />
</Scene>
<Scene>
<INIT seed="3,0,0,5,0,46" ten="200,240,378,182" oya="3" hai0="97,103,60,81,16,13,99,17,95,89,4,106,129" hai1="71,29,120,7,24,105,23,115,85,127,117,63,50" hai2="68,3,38,5,104,18,90,40,134,110,79,76,2" hai3="133,1,26,80,32,66,35,0,94,44,47,61,132"/><W20/><G80/><T19/><D129/><U111/><E115/><V78/><F104/><W28/><G94/><T25/><D25/><U128/><E120/><V67/><F110/><W74/><G74/><T83/><REACH who="0" step="1"/><D60/><REACH who="0" ten="190,240,378,182" step="2"/><U126/><E128/><V11/><F134/><N who="3" m="51819" /><G35/><T49/><D49/><U9/><E50/><V119/><F119/><W118/><G32/><T75/><D75/><U88/><E117/><V70/><F38/><W14/><G118/><T82/><D82/><U15/><E111/><V93/><F76/><W72/><G72/><T65/><D65/><U53/><E63/><V92/><F78/><W124/><G124/><T121/><D121/><U27/><E27/><V100/><F79/><W52/><G66/><T125/><D125/><U116/><E116/><V48/><F67/><W39/><G39/><T113/><D113/><U86/><E126/><V69/><F48/><N who="3" m="28679" /><G61/><T64/><D64/><U58/><E127/><V37/><F37/><W54/><G14/><T59/><D59/><U10/><E58/><V42/><F68/><W41/><G41/><T51/><D51/><AGARI ba="0,1" hai="0,1,20,26,28,47,51,54" m="28679,51819" machi="51" ten="30,11600,0" yaku="20,1,52,2,54,1" doraHai="46" who="3" fromWho="0" sc="190,-116,240,0,378,0,182,126" />
</Scene>
<Scene>
<INIT seed="3,1,0,1,1,125" ten="74,240,378,308" oya="3" hai0="117,0,126,132,93,73,1,33,122,94,60,57,30" hai1="29,76,3,96,81,16,51,35,97,28,66,27,62" hai2="47,71,67,59,105,69,20,10,13,55,6,68,26" hai3="110,72,21,118,89,52,91,90,44,84,112,48,25"/><W63/><G112/><T4/><D117/><U58/><E3/><V11/><F105/><W8/><G118/><T133/><D122/><U129/><E29/><V40/><F11/><W130/><G72/><T15/><D73/><U61/><E51/><V121/><F67/><W78/><G110/><T64/><D126/><U31/><E31/><V38/><F121/><W39/><G39/><T17/><D93/><U37/><E37/><V87/><F87/><W22/><G130/><T74/><D74/><U50/><E50/><V104/><F104/><W41/><G8/><T34/><D94/><U5/><E5/><V131/><F131/><W99/><G99/><T49/><D49/><U45/><E45/><V80/><F80/><N who="3" m="47127" /><G25/><T19/><D19/><U98/><E129/><V124/><F124/><W12/><G12/><T116/><D116/><U7/><E7/><V101/><F101/><W77/><G77/><T14/><D14/><U106/><E106/><V86/><F86/><W135/><G135/><N who="0" m="51787" /><D4/><U92/><E16/><V70/><F70/><W85/><G85/><T9/><D30/><U119/><E119/><V109/><F109/><W113/><G113/><T42/><D42/><U65/><E76/><V46/><F71/><W114/><G114/><T103/><D103/><N who="1" m="60807" /><E81/><V107/><F107/><W95/><G95/><T32/><AGARI ba="1,0" hai="0,1,9,15,17,32,33,34,57,60,64" m="51787" machi="32" ten="40,1500,0" yaku="20,1" doraHai="125" who="0" fromWho="0" sc="74,18,240,-5,378,-5,308,-8" />
</Scene>
<Scene>
<INIT seed="4,0,0,0,2,23" ten="92,235,373,300" oya="0" hai0="93,111,84,95,112,17,110,121,54,96,120,129,117" hai1="83,0,4,76,20,11,41,47,38,30,79,127,115" hai2="133,59,124,8,56,49,126,125,103,77,55,34,87" hai3="42,94,10,37,61,113,98,64,14,39,40,67,43"/><T100/><D54/><U114/><E127/><V35/><F133/><W53/><G113/><N who="1" m="43018" /><E83/><N who="2" m="47599" /><F103/><W101/><G53/><T130/><D17/><U24/><AGARI ba="0,0" hai="0,4,11,20,24,30,38,41,47,76,79" m="43018" machi="24" ten="30,4000,0" yaku="15,1,11,1,52,1" doraHai="23" who="1" fromWho="1" sc="92,-20,235,40,373,-10,300,-10" />
</Scene>
<Scene>
<INIT seed="5,0,0,4,2,13" ten="72,275,363,290" oya="1" hai0="80,91,90,128,33,101,29,77,119,72,64,121,76" hai1="45,8,88,46,30,58,74,41,69,71,96,97,57" hai2="1,35,20,21,93,103,84,66,38,34,135,86,120" hai3="18,63,48,81,3,89,16,112,85,105,65,116,118"/><U70/><E74/><V102/><F38/><W55/><G112/><T52/><D64/><U2/><E30/><V25/><F135/><W99/><G3/><T109/><D29/><U110/><E110/><V15/><F120/><W61/><G105/><T24/><D24/><U9/><E2/><V62/><F1/><W59/><G63/><T22/><D22/><U31/><E31/><V83/><F15/><W67/><G67/><T6/><D6/><U23/><E23/><V10/><F10/><W14/><G99/><T32/><D109/><U39/><E70/><V100/><F93/><W26/><G26/><T106/><D80/><U108/><E108/><V82/><F62/><W132/><G132/><T133/><D133/><U47/><E47/><V79/><F66/><W68/><REACH who="3" step="1"/><G18/><REACH who="3" ten="72,275,363,280" step="2"/><T0/><D0/><U75/><E96/><V107/><F107/><W127/><G127/><T53/><D106/><U36/><E97/><V44/><F25/><W50/><G50/><T92/><D121/><U27/><E27/><V12/><F12/><W131/><G131/><T94/><D128/><U117/><E39/><V7/><F7/><W123/><G123/><T111/><D111/><U95/><E36/><V78/><F103/><W43/><G43/><T115/><D115/><U114/><E41/><V104/><F104/><W37/><G37/><T122/><D122/><U126/><E114/><V129/><F129/><W73/><G73/><T87/><D72/><U5/><E75/><V19/><F19/><W130/><G130/><T56/><D101/><U40/><E5/><V28/><F28/><RYUUKYOKU ba="0,1" sc="72,-15,275,-15,363,15,280,15" hai2="20,21,34,35,44,78,79,82,83,84,86,100,102" hai3="14,16,48,55,59,61,65,68,81,85,89,116,118" />
</Scene>
<Scene>
<INIT seed="6,1,1,2,1,10" ten="57,260,378,295" oya="2" hai0="126,109,18,65,15,100,122,21,106,24,32,22,41" hai1="71,87,19,36,69,2,8,130,104,31,98,16,64" hai2="46,60,125,56,91,47,80,6,120,35,54,17,82" hai3="111,112,62,52,128,93,127,119,85,45,134,53,13"/><V4/><F120/><W34/><G111/><T29/><D41/><U40/><E31/><V39/><F35/><W114/><G119/><T110/><D65/><U14/><E2/><V79/><F125/><W118/><G118/><T73/><D73/><U9/><E130/><V108/><F108/><W68/><G34/><T42/><D42/><U3/><E64/><V97/><F39/><W84/><G128/><T25/><D100/><U121/><E121/><V88/><F17/><W117/><G117/><T95/><D95/><U48/><E36/><V105/><F105/><W20/><G127/><T58/><D58/><U115/><E115/><N who="3" m="44074" /><G134/><T76/><D76/><U113/><E113/><V70/><F70/><W72/><G72/><T61/><D61/><U38/><E38/><V0/><F0/><W89/><G84/><T99/><D99/><U132/><E132/><V116/><F116/><W37/><G37/><T77/><D77/><U7/><E87/><V44/><F97/><W49/><G68/><T26/><D106/><U11/><E98/><V27/><F27/><N who="0" m="10314" /><D122/><U28/><E104/><V83/><F79/><W81/><G93/><T30/><D126/><U101/><E101/><V1/><F82/><W23/><G13/><N who="0" m="9423" /><D30/><U86/><E28/><V78/><F80/><W50/><G62/><T59/><D59/><AGARI ba="1,1" hai="20,23,45,49,50,52,53,59,81,85,89" m="44074" machi="59" ten="30,3900,0" yaku="15,1,11,1,54,1" doraHai="10" who="3" fromWho="0" sc="57,-42,260,0,378,0,295,52" />
</Scene>
<Scene>
<INIT seed="7,0,0,1,3,8" ten="15,260,378,347" oya="3" hai0="53,81,39,44,10,92,119,69,7,97,32,55,127" hai1="109,115,89,80,33,26,13,17,118,27,107,128,18" hai2="110,43,96,120,59,105,113,38,31,11,123,131,104" hai3="91,125,90,42,5,29,48,16,9,102,86,65,85"/><W124/><G102/><T28/><D55/><U70/><E70/><V24/><F110/><W51/><G65/><T134/><D53/><U87/><E109/><V121/><F131/><W50/><G42/><T30/><D92/><U106/><E128/><V64/><F113/><W20/><G29/><T94/><D94/><U71/><E71/><V60/><F11/><W36/><G36/><T129/><D97/><U49/><E115/><V108/><F108/><W35/><G35/><T21/><D81/><U116/><E49/><V63/><F96/><W0/><G86/><T83/><D83/><U103/><E103/><V23/><F63/><W19/><G19/><T46/><D46/><AGARI ba="0,0" hai="23,24,31,38,43,46,59,60,64,104,105,120,121,123" machi="46" ten="40,1300,0" yaku="13,1" doraHai="8" who="2" fromWho="0" sc="15,-13,260,0,378,13,347,0" owari="2,-50.0,260,-14.0,391,49.0,347,15.0" />
</Scene>
</mjloggm>