<mjloggm ver="2.3"><GO type="169"/><UN n0="%E3%82%82%E3%81%A3%E3%81%97%E3%83%BC" n1="%47%61%4B%75" n2="%E6%AF%94%E5%98%89%E7%A7%80%E4%BB%81" n3="%E5%A4%AA%E3%81%8F%E3%81%AA%E3%81%84%E3%81%8A" dan="17,16,16,18" rate="2138,2051,2082,2150" sx="M,M,M,M"/><TAIKYOKU oya="0"/>

<Scene>
<INIT seed="0,0,0,4,2,36" ten="250,250,250,250" oya="0" hai0="85,21,33,82,104,132,54,123,133,46,69,55,87" hai1="134,122,60,130,81,129,56,20,73,79,22,103,24" hai2="4,50,100,12,112,120,68,30,39,102,9,2,94" hai3="31,49,19,110,18,92,16,86,101,52,65,64,114"/><T28/><D123/><U27/><E122/><V14/><F112/><W44/><G114/><T91/><D104/><U10/><E103/><V76/><F39/><W135/><G110/><T1/><D1/><U29/><E10/><V95/><F68/><W17/><G135/><N who="0" m="51787" /><D69/><U83/><E83/><V7/><F76/><W41/><G31/><T107/><D107/><U109/><E109/><V0/><F120/><W58/><N who="3" m="4096" /><DORA hai="40" /><W99/><REACH who="3" step="1"/><G86/><REACH who="3" ten="250,250,250,240" step="2"/><T35/><D87/><U115/><E115/><V128/><F30/><W23/><G23/><N who="1" m="8746" /><E29/><V5/><F9/><W131/><G131/><N who="1" m="50186" /><E134/><V11/><F11/><W63/><AGARI ba="0,1" hai="41,44,49,52,58,63,64,65,92,99,101" m="4096" machi="63" ten="40,16000,3" yaku="1,1,0,1,8,1,52,2,54,2,53,1" doraHai="36,40" doraHaiUra="93,117" who="3" fromWho="3" sc="250,-80,250,-40,250,-40,240,170" />
</Scene>
<Scene>
<INIT seed="1,0,0,0,2,61" ten="170,210,210,410" oya="1" hai0="112,39,104,84,125,90,114,57,55,109,13,103,95" hai1="87,14,68,129,49,10,72,64,131,42,1,119,77" hai2="121,7,33,98,107,8,48,76,11,4,110,128,124" hai3="67,81,47,91,92,54,134,122,58,56,123,93,44"/><U126/><E119/><V105/><F110/><W36/><G134/><T35/><D35/><U65/><E1/><V102/><F33/><W69/><G81/><T79/><D39/><U96/><E68/><V133/><F133/><W108/><G108/><T25/><D109/><U46/><E72/><V21/><F121/><W37/><G91/><T82/><D25/><U113/><E113/><V24/><F128/><N who="1" m="49225" /><E96/><V62/><F124/><W88/><G88/><T3/><D3/><U52/><E126/><V86/><F48/><W20/><G20/><T43/><D43/><U111/><E111/><V85/><F62/><N who="3" m="40183" /><G92/><T127/><D13/><U34/><E34/><V26/><F98/><W53/><G93/><T130/><D130/><U117/><E117/><V19/><F21/><W75/><G75/><N who="0" m="43391" /><D127/><U132/><E132/><V120/><F120/><N who="3" m="46123" /><G58/><T94/><D94/><U116/><E116/><V101/><F76/><W100/><G100/><T28/><D125/><U29/><E29/><V71/><F71/><W135/><G135/><T38/><D28/><U31/><E31/><V6/><REACH who="2" step="1"/><F4/><REACH who="2" ten="170,210,200,410" step="2"/><W99/><G99/><T97/><D114/><U106/><E106/><V89/><F89/><W32/><G32/><T2/><D112/><U15/><E77/><V78/><F78/><W80/><G37/><T45/><D38/><N who="1" m="21847" /><E87/><V12/><F12/><N who="1" m="4649" /><E10/><V115/><F115/><W66/><G36/><T51/><D2/><U118/><E118/><V59/><F59/><AGARI ba="0,1" hai="45,51,55,57,59,84,90,95,97,103,104" m="43391" machi="59" ten="30,1000,0" yaku="24,1" doraHai="61" who="0" fromWho="2" sc="170,20,210,0,200,-10,410,0" /><AGARI ba="0,0" hai="49,52,59,64,65" m="4649,21847,49225" machi="59" ten="30,11600,0" yaku="19,1,52,2,54,1" doraHai="61" who="1" fromWho="2" sc="190,0,210,116,190,-116,410,0" />
</Scene>
<Scene>
<INIT seed="1,1,0,5,5,6" ten="190,326,74,410" oya="1" hai0="131,28,32,123,135,110,64,76,115,119,79,21,108" hai1="41,35,97,114,37,18,30,130,125,105,101,51,49" hai2="8,44,109,55,132,95,100,81,36,85,43,13,80" hai3="52,120,60,19,118,42,34,53,45,56,124,83,72"/><U128/><E114/><V96/><F109/><W26/><G120/><T82/><D115/><U104/><E104/><V113/><F113/><W88/><G124/><T91/><D119/><U121/><E121/><V12/><F132/><W38/><G118/><T87/><D123/><U20/><E125/><V75/><F75/><W7/><G7/><T59/><D32/><U129/><E30/><V84/><F55/><W93/><G72/><T122/><D122/><U69/><E69/><V58/><F58/><W23/><G34/><T57/><D131/><U24/><REACH who="1" step="1"/><E35/><REACH who="1" ten="190,316,74,410" step="2"/><V89/><REACH who="2" step="1"/><F8/><REACH who="2" ten="190,316,64,410" step="2"/><W33/><G33/><T46/><D110/><U11/><E11/><V66/><F66/><W68/><G68/><T77/><D108/><U65/><E65/><V22/><F22/><W106/><G23/><T15/><D64/><U16/><E16/><V50/><F50/><W4/><G19/><T63/><D21/><U92/><E92/><V112/><F112/><W116/><G93/><T70/><D70/><U133/><E133/><V98/><F98/><W1/><G116/><T3/><D135/><U48/><E48/><V99/><F99/><W54/><G106/><T71/><D71/><U67/><E67/><V14/><F14/><W2/><G60/><T62/><D15/><U10/><E10/><V31/><F31/><W40/><G1/><T61/><D3/><U27/><E27/><V78/><AGARI ba="1,2" hai="12,13,36,43,44,78,80,81,84,85,89,95,96,100" machi="78" ten="20,5200,0" yaku="1,1,0,1,7,1,53,1" doraHai="6" doraHaiUra="73" who="2" fromWho="2" sc="190,-14,316,-27,64,75,410,-14" />
</Scene>
<Scene>
<INIT seed="2,0,0,5,3,63" ten="176,289,139,396" oya="2" hai0="24,37,9,68,81,1,121,42,86,123,56,59,49" hai1="7,2,77,127,47,32,73,27,38,48,89,132,28" hai2="3,131,84,65,74,120,111,88,25,93,104,19,90" hai3="61,60,4,103,119,72,45,6,64,14,36,17,125"/><V134/><F120/><W133/><G119/><T71/><D37/><U106/><E106/><V82/><F104/><W52/><G72/><T26/><D1/><U16/><E127/><V80/><F3/><W116/><G116/><T100/><D100/><U91/><E132/><V40/><F134/><W129/><G133/><T20/><D9/><U102/><E102/><V55/><F131/><W44/><G125/><T92/><D92/><U33/><E33/><V79/><F111/><W128/><G103/><T118/><D118/><U117/><E117/><V114/><F114/><W13/><G36/><T22/><D49/><U8/><E38/><V39/><F55/><W122/><G122/><T135/><D135/><U95/><E95/><V75/><F75/><W29/><G29/><T10/><D10/><U96/><E96/><V57/><F40/><W97/><G97/><T126/><D86/><U98/><E98/><V124/><F39/><W108/><G108/><T15/><D126/><U85/><E73/><V46/><F46/><W115/><G115/><T130/><D130/><U78/><E16/><V31/><F19/><W0/><G17/><T51/><D123/><U12/><E2/><V18/><F18/><W11/><G0/><T34/><D121/><U30/><E30/><V109/><F109/><W54/><G11/><T107/><D107/><U113/><E113/><V94/><F124/><W53/><G53/><T58/><D42/><U41/><E91/><V5/><F5/><W66/><AGARI ba="0,0" hai="4,6,13,14,44,45,52,54,60,61,64,66,128,129" machi="66" ten="25,12000,2" yaku="0,1,22,2,52,2,54,1" doraHai="63" who="3" fromWho="3" sc="176,-30,289,-30,139,-60,396,120" />
</Scene>
<Scene>
<INIT seed="3,0,0,2,1,117" ten="146,259,79,516" oya="3" hai0="61,124,116,43,69,11,53,24,68,12,125,107,48" hai1="90,33,102,41,34,119,121,72,96,17,88,52,89" hai2="60,15,44,76,23,13,118,65,74,4,85,2,87" hai3="1,93,115,57,21,35,73,47,9,103,50,105,37"/><W62/><G35/><T67/><D107/><U130/><E72/><V31/><F118/><W98/><G73/><T104/><D104/><U129/><E119/><V97/><F2/><W80/><G115/><T14/><D116/><U114/><E114/><V32/><F32/><W59/><G37/><T134/><D134/><U66/><E66/><V94/><F74/><W110/><G110/><T64/><D24/><U38/><E17/><V86/><F44/><W63/><G105/><T113/><D113/><U127/><E127/><V122/><F122/><W19/><G80/><T22/><D43/><U39/><E121/><V51/><F51/><W123/><G123/><T135/><D135/><U30/><E52/><V6/><F76/><W18/><G1/><T29/><D29/><U132/><E132/><V42/><F42/><N who="3" m="24951" /><G9/><T55/><D11/><U3/><E3/><V5/><F31/><W79/><G79/><T112/><D112/><U126/><E126/><V70/><REACH who="2" step="1"/><F23/><REACH who="2" ten="146,259,69,516" step="2"/><W27/><G21/><T91/><D22/><U106/><E30/><V128/><F128/><N who="1" m="49257" /><E38/><V83/><F83/><W84/><G63/><T95/><D61/><U75/><E75/><V46/><F46/><AGARI ba="0,1" hai="33,34,39,41,46,88,89,90,96,102,106" m="49257" machi="46" ten="30,2000,0" yaku="19,1,54,1" doraHai="117" who="1" fromWho="2" sc="146,0,259,30,69,-20,516,0" />
</Scene>
<Scene>
<INIT seed="4,0,0,2,4,115" ten="146,289,49,516" oya="0" hai0="6,128,58,4,3,92,79,20,32,121,132,27,15" hai1="22,112,57,86,56,0,26,80,33,104,120,2,85" hai2="25,64,91,71,19,130,70,117,17,1,55,36,29" hai3="84,31,51,65,53,73,129,122,105,123,116,131,43"/><T60/><D121/><N who="3" m="46089" /><G73/><T62/><D32/><U135/><E33/><V46/><F1/><W83/><G105/><T106/><D106/><U48/><E104/><V78/><F78/><N who="3" m="46199" /><G116/><T11/><D79/><U23/><E120/><V95/><F130/><W111/><G111/><T77/><D77/><U39/><E39/><V38/><F38/><W127/><G127/><T24/><D128/><U81/><E112/><V82/><F82/><W8/><G65/><T12/><D132/><U54/><E135/><V16/><F64/><W119/><G119/><T87/><D6/><U30/><E23/><V45/><F117/><W90/><G43/><T134/><D134/><U103/><E103/><V63/><F36/><W67/><G67/><T61/><D58/><U14/><E14/><V9/><F9/><W124/><G124/><T52/><D52/><U108/><E108/><V89/><F71/><W125/><G125/><T59/><D59/><U75/><E75/><V113/><F113/><W10/><G31/><T21/><D21/><U109/><E109/><V88/><F95/><W68/><G68/><T94/><D27/><U37/><E37/><V40/><F40/><W69/><G69/><T76/><D94/><U126/><E126/><V74/><F74/><W66/><G66/><T35/><D35/><U110/><E110/><V7/><F70/><W72/><G72/><T49/><D49/><U41/><E41/><V100/><F63/><W5/><G131/><T98/><D76/><U34/><E34/><V118/><F118/><W102/><G129/><T18/><D87/><N who="1" m="33291" /><E57/><V28/><F25/><RYUUKYOKU ba="0,0" sc="146,15,289,15,49,-15,516,-15" hai0="3,4,11,12,15,18,20,24,60,61,62,92,98" hai1="0,2,22,26,30,48,54,56,80,81" />
</Scene>
<Scene>
<INIT seed="4,1,0,0,2,21" ten="161,304,34,501" oya="0" hai0="81,47,1,135,2,65,55,87,38,83,132,106,15" hai1="104,74,54,118,50,85,77,130,131,68,3,51,101" hai2="70,110,31,44,89,72,32,33,16,63,42,120,119" hai3="97,76,35,64,37,4,109,17,92,11,103,30,127"/><T116/><D116/><U129/><E68/><V96/><F120/><W102/><G109/><T69/><D106/><U80/><E3/><V5/><F119/><W19/><G37/><T122/><D122/><U18/><E118/><V36/><F72/><W25/><G127/><T43/><D81/><U0/><E0/><V86/><F110/><W56/><G76/><T29/><D55/><U14/><E74/><V45/><F5/><W121/><G121/><T84/><D84/><U105/><E101/><V79/><F45/><W71/><G71/><T26/><D15/><U13/><E13/><V125/><F125/><W91/><G102/><T73/><D65/><U66/><E66/><V48/><F36/><W8/><G8/><T62/><D62/><U6/><E6/><V123/><F123/><W114/><G114/><T53/><D53/><U128/><N who="1" m="33280" /><DORA hai="99" /><U41/><E41/><V93/><F31/><W126/><G126/><T107/><D107/><N who="1" m="41035" /><E54/><V22/><F70/><W78/><G103/><T28/><D28/><U39/><E39/><V100/><F63/><W95/><G64/><T108/><D69/><U61/><E61/><V27/><REACH who="2" step="1"/><F79/><REACH who="2" ten="161,304,24,501" step="2"/><W124/><G78/><N who="0" m="46583" /><D73/><U75/><E75/><V12/><F12/><W9/><G124/><T111/><D111/><U90/><E77/><V113/><F113/><W82/><G4/><T58/><D108/><U10/><AGARI ba="1,1" hai="10,14,18,50,51,80,85,90" m="41035,33280" machi="10" ten="60,2000,0" yaku="19,1" doraHai="21,99" who="1" fromWho="1" sc="161,-11,304,33,24,-6,501,-6" />
</Scene>
<Scene>
<INIT seed="5,0,0,0,4,3" ten="150,337,18,495" oya="1" hai0="15,53,68,10,27,6,55,102,128,129,47,52,98" hai1="61,84,25,31,130,116,114,5,108,107,126,93,62" hai2="0,13,115,28,8,63,54,39,76,72,16,29,7" hai3="37,85,21,33,100,58,46,30,50,26,4,17,96"/><U14/><E116/><V51/><F39/><W92/><G4/><T120/><D68/><U135/><E107/><V56/><F115/><W89/><G37/><T20/><D47/><U12/><E114/><V97/><F97/><W69/><G69/><T109/><D109/><U94/><E108/><V60/><F72/><W23/><G58/><T111/><D111/><U133/><E126/><V80/><F76/><W101/><G17/><T49/><D49/><U43/><E43/><V127/><F80/><W110/><G110/><T121/><D121/><U65/><E130/><N who="0" m="50281" /><D120/><U117/><E117/><V81/><F81/><W75/><G75/><T22/><D27/><U122/><E122/><V78/><F78/><W95/><REACH who="3" step="1"/><G101/><REACH who="3" ten="150,337,18,485" step="2"/><T82/><D102/><U134/><E5/><V18/><F127/><W83/><G83/><T88/><D82/><U124/><E124/><V112/><F112/><W74/><G74/><T87/><D6/><U1/><E1/><V40/><F0/><W35/><G35/><T104/><D22/><U90/><E94/><V106/><F106/><W131/><G131/><T113/><D20/><N who="1" m="15783" /><E61/><N who="2" m="23627" /><F40/><AGARI ba="0,1" hai="21,23,26,30,33,40,46,50,85,89,92,95,96,100" machi="40" ten="30,3900,0" yaku="1,1,7,1,53,1" doraHai="3" doraHaiUra="42" who="3" fromWho="2" sc="150,0,337,0,18,-39,485,49" owari="150,-25.0,337,14.0,-21,-52.0,534,63.0" />
</Scene>
</mjloggm>