<mjloggm ver="2.3"><GO type="169"/><UN n0="%E7%88%86%E7%89%8C%E3%82%A6%E3%82%B7%E3%82%B8%E3%83%9E%E3%81%8F%E3%82%93" n1="%E9%81%BF%E3%81%91%E3%82%8B%E3%83%81%E3%83%BC%E3%82%BA" n2="%E5%A4%AA%E3%81%8F%E3%81%AA%E3%81%84%E3%81%8A" n3="%E3%81%A8%E3%83%BC%E3%82%84%E3%82%93" dan="17,17,18,16" rate="2138,2213,2144,2123" sx="F,F,M,M"/><TAIKYOKU oya="0"/>

<Scene>
<INIT seed="0,0,0,3,1,45" ten="250,250,250,250" oya="0" hai0="87,77,132,54,76,68,123,135,94,128,91,36,52" hai1="2,99,22,64,92,122,43,1,119,12,38,4,107" hai2="25,29,81,124,9,118,30,104,90,67,63,23,126" hai3="125,15,33,31,129,97,111,37,53,6,34,98,0"/><T133/><D123/><U105/><E122/><V103/><F118/><W14/><G37/><T16/><D128/><U134/><E119/><V18/><F104/><W70/><G70/><T95/><D68/><U3/><E134/><V80/><F103/><W19/><G129/><T121/><D121/><U48/><E38/><V116/><F116/><W130/><G130/><T85/><D36/><U108/><E108/><V109/><F109/><W110/><G0/><T101/><D16/><U50/><E43/><V86/><F80/><W57/><G6/><T8/><D8/><U40/><E40/><V71/><REACH who="2" step="1"/><F9/><REACH who="2" ten="250,250,240,250" step="2"/><W35/><G110/><T62/><D101/><U51/><E64/><V102/><F102/><W74/><G111/><T39/><D39/><U28/><E4/><V20/><F20/><W88/><G34/><T60/><D132/><U58/><E107/><V49/><F49/><W73/><G35/><T83/><D91/><U112/><E105/><V75/><F75/><W106/><G33/><T89/><D89/><U7/><E7/><V66/><F66/><W17/><G74/><T65/><D65/><U114/><E114/><V47/><F47/><W24/><G73/><T113/><REACH who="0" step="1"/><D83/><REACH who="0" ten="240,250,240,250" step="2"/><U72/><E112/><AGARI ba="0,2" hai="52,54,60,62,76,77,85,87,94,95,112,113,133,135" machi="112" ten="25,12000,1" yaku="1,1,2,1,22,2,54,1,53,0" doraHai="45" doraHaiUra="32" who="0" fromWho="1" sc="240,140,250,-120,240,0,250,0" />
</Scene>
<Scene>
<INIT seed="0,1,0,0,2,92" ten="380,130,240,250" oya="0" hai0="59,116,11,66,118,56,74,91,62,19,50,28,15" hai1="105,10,13,77,25,129,97,134,32,67,43,83,61" hai2="124,36,12,76,45,125,24,53,82,64,96,133,123" hai3="7,46,18,130,48,98,37,22,27,78,39,121,86"/><T127/><D74/><U85/><E129/><V65/><F123/><W23/><G121/><T57/><D127/><N who="2" m="48714" /><F133/><W31/><G130/><T106/><D106/><U4/><E134/><V88/><F24/><W75/><G75/><T94/><D28/><U54/><E43/><N who="2" m="22759" /><F53/><W42/><G7/><T110/><D110/><U51/><E25/><V5/><F5/><W20/><G39/><T17/><D17/><U2/><E32/><V0/><F0/><W80/><G37/><T52/><REACH who="0" step="1"/><D57/><REACH who="0" ten="370,130,240,250" step="2"/><U93/><E105/><V9/><F76/><W1/><G31/><T16/><D16/><U101/><E2/><V29/><F29/><W6/><G1/><T131/><D131/><U114/><E114/><V81/><F65/><W103/><G6/><T79/><D79/><U38/><E67/><V109/><F64/><W69/><REACH who="3" step="1"/><G69/><REACH who="3" ten="370,130,240,240" step="2"/><T21/><D21/><U40/><E38/><V49/><F109/><W35/><G35/><T8/><D8/><U90/><E10/><V115/><F9/><W47/><G47/><T117/><D117/><U135/><E4/><V72/><F72/><W30/><G30/><T102/><D102/><U113/><E113/><V120/><F115/><W68/><G68/><T60/><D60/><U128/><E101/><V41/><F120/><W126/><G126/><T99/><AGARI ba="1,2" hai="11,15,19,50,52,56,59,62,66,91,94,99,116,118" machi="99" ten="20,12000,1" yaku="1,1,0,1,7,1,52,1,54,1,53,0" doraHai="92" doraHaiUra="104" who="0" fromWho="0" sc="370,143,130,-41,240,-41,240,-41" />
</Scene>
<Scene>
<INIT seed="0,2,0,0,3,83" ten="513,89,199,199" oya="0" hai0="32,44,107,91,29,115,65,63,100,79,120,82,37" hai1="53,51,113,123,75,121,14,104,2,101,118,85,45" hai2="42,17,134,62,77,99,22,103,5,41,89,66,68" hai3="3,46,9,98,84,50,132,7,112,129,67,96,27"/><T30/><D115/><U19/><E75/><V48/><F134/><W90/><G112/><T125/><D120/><U61/><E2/><V36/><F36/><W59/><G132/><T135/><D135/><U119/><E113/><V106/><F77/><W8/><G129/><T114/><D125/><U20/><E61/><V16/><F5/><W109/><G109/><T122/><D122/><U127/><E127/><V124/><F124/><W73/><G73/><T40/><D114/><U126/><E126/><V74/><F74/><W86/><G27/><T0/><D0/><U28/><E123/><V12/><F48/><W93/><G9/><T55/><D32/><U38/><E38/><V15/><REACH who="2" step="1"/><F89/><REACH who="2" ten="513,89,189,199" step="2"/><W49/><G49/><T4/><D91/><U64/><E121/><V58/><F58/><W26/><G26/><T39/><D39/><U11/><E119/><V52/><F52/><W70/><G70/><T24/><D55/><U81/><E118/><V87/><F87/><W97/><G84/><T80/><D37/><U71/><E71/><V69/><F69/><W95/><G59/><T130/><D79/><U34/><E64/><V88/><F88/><W10/><G67/><T47/><D65/><U54/><E54/><V25/><F25/><W21/><G7/><T116/><D4/><U92/><E53/><V102/><F102/><W1/><G86/><T76/><D100/><U18/><E85/><V72/><F72/><W131/><G90/><T108/><D24/><U94/><E101/><V31/><F31/><W117/><G50/><T60/><D30/><U133/><E28/><RYUUKYOKU ba="2,1" sc="513,-10,89,-10,189,30,199,-10" hai2="12,15,16,17,22,41,42,62,66,68,99,103,106" />
</Scene>
<Scene>
<INIT seed="1,3,1,4,2,111" ten="503,79,219,189" oya="1" hai0="94,43,14,34,17,0,123,44,12,48,2,81,115" hai1="27,100,99,101,46,107,31,120,22,132,78,97,16" hai2="129,19,35,83,61,105,41,63,130,55,49,113,64" hai3="102,89,25,20,10,57,126,62,38,98,70,86,91"/><U117/><E117/><V116/><F35/><W56/><G38/><T114/><D123/><U58/><E120/><V134/><F105/><W67/><G10/><T119/><D119/><U66/><E132/><V26/><F116/><W108/><G108/><T82/><D34/><U79/><E46/><N who="2" m="25807" /><F83/><W118/><G118/><T7/><D7/><U33/><E66/><V135/><F19/><W69/><G57/><T15/><D17/><U53/><E31/><V8/><F26/><W88/><G126/><T24/><D24/><U106/><REACH who="1" step="1"/><E33/><REACH who="1" ten="503,69,219,189" step="2"/><V59/><F135/><W30/><REACH who="3" step="1"/><G86/><REACH who="3" ten="503,69,219,179" step="2"/><T73/><D73/><U13/><E13/><V32/><F134/><W90/><N who="3" m="22528" /><DORA hai="51" /><W3/><G3/><T76/><D2/><U74/><E74/><V72/><F72/><W21/><G21/><T104/><D0/><U45/><E45/><V80/><F32/><W60/><G60/><AGARI ba="3,3" hai="16,22,27,53,58,60,78,79,97,99,100,101,106,107" machi="60" ten="30,18000,2" yaku="1,1,7,1,9,1,52,1,54,1,53,1" doraHai="111,51" doraHaiUra="18,5" who="1" fromWho="3" sc="503,0,69,219,219,0,179,-189" owari="503,60.0,288,9.0,219,-18.0,-10,-51.0" />
</Scene>
</mjloggm>