<mjloggm ver="2.3"><GO type="169" lobby="0"/><UN n0="%61%6C%75%63%61%72%64" n1="%E3%80%93%E6%9D%BE%E4%BA%95%EF%BC%A3%EF%BC%B3%E3%80%93" n2="%E5%B8%B8%E5%8B%9D%E7%87%95%E8%BB%8D%E5%9B%A3" n3="%E5%A4%AA%E3%81%8F%E3%81%AA%E3%81%84%E3%81%8A" dan="17,18,17,18" rate="2169.29,2205.32,2171.12,2209.89" sx="M,M,M,F"/><TAIKYOKU oya="0"/>

<Scene>
<INIT seed="0,0,0,2,3,117" ten="250,250,250,250" oya="0" hai0="23,13,64,51,88,28,33,110,109,120,89,93,98" hai1="86,52,65,24,128,90,5,9,36,29,8,37,66" hai2="2,69,105,35,113,25,31,108,121,57,45,10,46" hai3="54,82,56,78,47,7,129,80,106,102,75,1,20"/><T101/><D33/><U53/><E128/><V16/><F113/><W43/><G129/><T83/><D120/><U95/><E36/><V32/><F32/><W49/><G82/><T38/><D38/><U92/><E37/><V12/><F69/><W18/><G106/><T125/><D125/><U19/><E19/><V48/><F105/><W130/><G130/><T63/><D51/><U116/><E116/><V39/><F108/><N who="0" m="41578" /><D83/><U111/><E111/><V91/><F39/><W70/><G70/><N who="0" m="42271" /><D13/><U103/><E66/><V123/><F57/><W94/><G56/><T79/><D79/><U84/><E65/><V34/><F34/><W15/><G80/><T22/><D22/><U55/><E24/><AGARI ba="0,0" hai="23,24,28,88,89,93,98,101" m="42271,41578" machi="24" ten="30,5800,0" yaku="14,1,10,1,54,1" doraHai="117" who="0" fromWho="1" sc="250,58,250,-58,250,0,250,0" />
</Scene>
<Scene>
<INIT seed="0,1,0,3,4,114" ten="308,192,250,250" oya="0" hai0="45,75,115,50,96,95,19,88,28,57,25,10,62" hai1="77,116,81,53,67,102,9,13,100,101,97,48,127" hai2="39,2,103,90,64,121,85,105,122,46,33,83,60" hai3="131,8,93,63,5,1,66,94,16,82,32,87,11"/><T69/><D75/><U47/><E127/><V3/><F33/><W99/><G32/><T133/><D69/><U68/><E68/><V98/><F39/><W51/><G131/><T40/><D115/><U43/><E67/><V34/><F34/><W18/><G51/><T61/><D133/><U132/><E132/><V128/><F128/><W72/><G72/><T58/><D28/><U79/><E116/><V24/><F24/><W55/><G55/><T124/><D124/><U84/><E97/><V89/><F46/><W65/><G11/><T0/><D0/><U119/><E119/><V117/><F117/><W54/><G54/><T15/><REACH who="0" step="1"/><D25/><REACH who="0" ten="298,192,250,250" step="2"/><U14/><E14/><V17/><F3/><W49/><G1/><T109/><D109/><U112/><E112/><V36/><F2/><W135/><G135/><T12/><D12/><U27/><E27/><V107/><F122/><W6/><G6/><T80/><D80/><U108/><E108/><V23/><F83/><W110/><G82/><T74/><D74/><U31/><E31/><V38/><F121/><W56/><G5/><T92/><D92/><U52/><E79/><V21/><F107/><W70/><G70/><T120/><D120/><U30/><E30/><V78/><F105/><W111/><G111/><T130/><D130/><U86/><E86/><V41/><F85/><W123/><G110/><T134/><D134/><U44/><E44/><V73/><F78/><W59/><G87/><T118/><D118/><U42/><E42/><V76/><F41/><W20/><G123/><T106/><D106/><U7/><AGARI ba="1,1" hai="7,9,13,43,47,48,52,53,77,81,84,100,101,102" machi="7" ten="30,12000,2" yaku="5,1,0,1,25,2,8,1,54,1" doraHai="114" who="1" fromWho="1" sc="298,-61,192,133,250,-31,250,-31" />
</Scene>
<Scene>
<INIT seed="1,0,0,1,3,40" ten="237,325,219,219" oya="1" hai0="102,125,82,44,115,101,100,105,4,18,76,126,1" hai1="63,91,17,41,62,131,77,74,22,103,34,70,117" hai2="59,5,19,116,54,98,119,28,85,8,31,15,121" hai3="127,11,110,134,0,3,33,52,2,51,83,104,39"/><U60/><E34/><V112/><F121/><W94/><G104/><T122/><D115/><U129/><E117/><V29/><F112/><W7/><G33/><T64/><D64/><U89/><E103/><V61/><F98/><W87/><G39/><T67/><D67/><U90/><E41/><V16/><REACH who="2" step="1"/><F85/><REACH who="2" ten="237,325,209,219" step="2"/><W58/><G110/><T71/><D122/><U45/><E70/><V55/><F55/><W97/><G127/><T37/><D71/><U21/><E74/><V118/><AGARI ba="0,1" hai="5,8,15,16,19,28,29,31,54,59,61,116,118,119" machi="118" ten="40,12000,2" yaku="1,1,0,1,54,1,53,3" doraHai="40" doraHaiUra="27" who="2" fromWho="2" sc="237,-30,325,-60,209,130,219,-30" />
</Scene>
<Scene>
<INIT seed="2,0,0,0,4,15" ten="207,265,339,189" oya="2" hai0="42,20,3,66,18,77,86,54,32,49,114,94,22" hai1="46,71,16,23,92,123,17,72,67,13,5,51,80" hai2="78,84,14,48,57,111,44,127,75,65,9,12,93" hai3="83,52,21,25,107,74,56,95,96,112,62,89,73"/><V131/><F131/><W116/><G116/><T43/><D32/><U58/><E71/><V69/><F127/><W41/><G112/><T68/><D3/><U122/><E92/><V50/><F69/><W55/><G107/><T110/><D114/><U115/><E115/><V28/><F75/><W119/><G119/><T104/><D104/><U129/><E129/><V133/><F133/><W0/><G0/><T4/><D4/><U53/><E72/><V6/><F111/><W106/><G106/><T19/><D110/><U97/><E97/><V40/><F28/><W24/><G41/><N who="0" m="15371" /><D66/><U61/><E80/><N who="2" m="47127" /><F14/><W121/><G121/><N who="1" m="46090" /><E23/><N who="0" m="8745" /><D68/><U33/><E33/><V102/><F50/><W108/><G108/><T36/><D36/><U101/><E101/><V126/><F126/><W113/><G113/><T103/><D103/><U128/><E128/><V47/><F47/><W135/><G73/><T59/><D77/><U37/><E37/><V120/><F120/><W2/><G74/><T63/><D49/><U124/><E124/><V1/><F1/><W30/><G2/><T105/><D105/><U39/><E39/><V10/><F102/><W11/><G30/><T76/><D76/><U7/><E7/><V70/><F70/><W34/><G34/><T132/><D132/><U45/><E46/><V26/><F6/><W81/><G135/><T134/><D134/><U60/><E60/><V117/><F117/><W91/><G62/><T118/><D118/><U109/><E109/><V85/><F65/><W100/><G100/><T79/><D79/><U99/><E99/><V35/><F35/><RYUUKYOKU ba="0,0" sc="207,15,265,15,339,-15,189,-15" hai0="18,19,54,59,63,86,94" hai1="5,13,16,17,45,51,53,58,61,67" />
</Scene>
<Scene>
<INIT seed="3,1,0,0,3,126" ten="222,280,324,174" oya="3" hai0="94,29,62,66,82,85,51,10,8,92,34,4,58" hai1="61,43,86,14,9,52,18,38,124,79,96,76,132" hai2="104,77,49,121,80,87,53,41,23,27,2,30,67" hai3="12,39,116,16,109,120,97,103,68,26,78,35,98"/><W110/><G120/><T15/><D34/><U125/><E132/><V47/><F121/><W6/><G116/><T122/><D122/><U75/><E75/><V13/><F2/><W7/><G39/><T69/><D29/><U50/><E61/><V60/><F104/><W115/><G115/><T45/><D10/><U22/><E96/><N who="3" m="36970" /><G68/><T113/><D69/><U119/><E119/><V91/><F13/><W131/><G78/><T102/><D102/><U93/><E43/><V81/><F53/><W71/><G103/><T55/><REACH who="0" step="1"/><D113/><REACH who="0" ten="212,280,324,174" step="2"/><U64/><E125/><V83/><REACH who="2" step="1"/><F77/><AGARI ba="1,1" hai="4,8,15,45,51,55,58,62,66,77,82,85,92,94" machi="77" ten="30,8000,1" yaku="1,1,2,1,7,1,8,1,53,1" doraHai="126" doraHaiUra="56" who="0" fromWho="2" sc="212,93,280,0,324,-83,174,0" />
</Scene>
<Scene>
<INIT seed="4,0,0,4,3,120" ten="305,280,241,174" oya="0" hai0="0,22,91,128,117,114,11,107,124,122,51,64,112" hai1="109,6,73,130,123,14,75,96,74,57,38,121,108" hai2="18,48,134,115,39,56,135,70,119,90,27,34,80" hai3="110,81,93,35,87,84,105,88,4,83,103,79,49"/><T102/><D64/><U76/><E38/><V21/><F70/><W95/><G35/><T100/><D51/><U36/><E36/><V1/><F39/><W7/><G49/><T65/><D65/><U13/><E57/><V59/><F1/><W69/><G69/><T98/><D22/><U77/><E6/><V20/><F34/><W26/><G26/><T23/><D23/><U5/><E5/><V72/><F119/><W126/><G4/><T24/><D24/><U52/><E52/><V86/><F115/><N who="0" m="44074" /><D11/><U78/><E130/><V37/><F37/><W85/><G7/><T60/><D60/><U55/><E55/><V47/><F72/><N who="3" m="43239" /><G126/><T67/><D67/><U58/><E58/><V44/><F44/><W131/><G131/><T113/><D0/><U106/><E106/><V61/><F61/><W32/><G32/><T82/><D117/><U42/><E42/><N who="2" m="24695" /><F135/><W28/><G28/><T92/><D128/><U125/><E125/><V3/><F3/><W94/><G110/><N who="1" m="42602" /><E96/><AGARI ba="0,0" hai="83,84,85,87,88,93,94,95,96,103,105" m="43239" machi="96" ten="30,12000,2" yaku="35,5,54,1" doraHai="120" who="3" fromWho="1" sc="305,0,280,-120,241,0,174,120" />
</Scene>
<Scene>
<INIT seed="5,0,0,0,1,5" ten="305,160,241,294" oya="1" hai0="26,27,82,80,87,128,100,85,44,120,110,133,18" hai1="7,43,135,126,66,10,70,119,47,71,37,129,127" hai2="115,20,35,125,6,102,48,46,75,132,12,36,101" hai3="3,79,86,131,50,57,111,62,74,93,68,105,1"/><U104/><E104/><V92/><F35/><W38/><G111/><T91/><D110/><U59/><E119/><V52/><F132/><W78/><G38/><T55/><D133/><U113/><E135/><V11/><F75/><W89/><G105/><T63/><D128/><U58/><E129/><V88/><F125/><N who="1" m="47625" /><E113/><V134/><F134/><W39/><G39/><T31/><D100/><U83/><E83/><V23/><F36/><W14/><G131/><T34/><D120/><U95/><E95/><V114/><F114/><W28/><G28/><T116/><D116/><U121/><E121/><V130/><F130/><W69/><G50/><T22/><D44/><U21/><E21/><N who="2" m="8267" /><F115/><W2/><G14/><T32/><D32/><U124/><N who="1" m="47633" /><U106/><DORA hai="123" /><E106/><V103/><F103/><W42/><G42/><T56/><D87/><AGARI ba="0,0" hai="6,11,12,46,48,52,87,88,92,101,102" m="8267" machi="87" ten="30,7700,0" yaku="8,1,52,1,54,2" doraHai="5,123" who="2" fromWho="0" sc="305,-77,160,0,241,77,294,0" />
</Scene>
<Scene>
<INIT seed="6,0,0,1,3,20" ten="228,160,318,294" oya="2" hai0="59,2,63,94,54,111,62,29,42,45,16,8,77" hai1="41,6,14,25,47,33,39,95,10,108,64,110,60" hai2="92,121,43,74,81,117,130,91,98,65,122,1,11" hai3="118,19,3,83,75,15,128,79,103,44,66,119,22"/><V68/><F117/><W76/><G3/><T113/><D111/><U56/><REACH who="1" step="1"/><E95/><REACH who="1" ten="228,150,318,294" step="2"/><N who="2" m="56703" /><F121/><W52/><G118/><T132/><D94/><U135/><E135/><V133/><F92/><W61/><G119/><T12/><D132/><U4/><E4/><V112/><F122/><W72/><G128/><T124/><D124/><U126/><E126/><V82/><F130/><W55/><G103/><T96/><D113/><U116/><E116/><V105/><F112/><W127/><G127/><T73/><D96/><U125/><E125/><V18/><F133/><W71/><G44/><T97/><D97/><U49/><E49/><V120/><F120/><W46/><G46/><T101/><D101/><U0/><E0/><V24/><F1/><W99/><G99/><T21/><D2/><U123/><E123/><V78/><F82/><AGARI ba="0,1" hai="15,19,22,52,55,61,66,71,72,75,76,79,82,83" machi="82" ten="40,2600,0" yaku="9,1,54,1" doraHai="20" who="3" fromWho="2" sc="228,0,150,0,318,-26,294,36" />
</Scene>
<Scene>
<INIT seed="7,0,0,2,2,46" ten="228,150,292,330" oya="3" hai0="19,135,45,37,5,58,106,53,42,84,49,8,86" hai1="43,11,21,115,75,65,134,119,89,63,122,74,0" hai2="113,104,52,87,9,35,111,41,118,29,109,56,50" hai3="27,126,15,120,3,2,68,4,92,12,107,129,44"/><W82/><G107/><T54/><D106/><U51/><E122/><V90/><F118/><W26/><G68/><T100/><D100/><U108/><E108/><V38/><F104/><W10/><G82/><T39/><D135/><U64/><E134/><V32/><F113/><W95/><G120/><T66/><D66/><U47/><E115/><V22/><F9/><W62/><G62/><T93/><D39/><U57/><E119/><V130/><F130/><W73/><G73/><T17/><D54/><U67/><E75/><V124/><F124/><W36/><G126/><T60/><D37/><U102/><E74/><V79/><F79/><W13/><G3/><T121/><D121/><U98/><E0/><V71/><F71/><W80/><G80/><T1/><D93/><U76/><E76/><V69/><F69/><W18/><G129/><T6/><D6/><U31/><E11/><V99/><F99/><W132/><G132/><T78/><D78/><U61/><E89/><V7/><F7/><W33/><G10/><T133/><D133/><U101/><E63/><V131/><F131/><W40/><G92/><T123/><D123/><U30/><E30/><V110/><F29/><W125/><G95/><T114/><D114/><U14/><E14/><V91/><F91/><W77/><G2/><T48/><D60/><U128/><E128/><V112/><F112/><W97/><G77/><T127/><D127/><U105/><REACH who="1" step="1"/><E102/><REACH who="1" ten="228,140,292,330" step="2"/><V28/><F28/><N who="3" m="19607" /><G125/><T23/><D1/><U24/><AGARI ba="0,1" hai="21,24,31,43,47,51,57,61,64,65,67,98,101,105" machi="24" ten="30,4000,0" yaku="1,1,0,1,52,1,53,0" doraHai="46" doraHaiUra="34" who="1" fromWho="1" sc="228,-10,140,50,292,-10,330,-20" owari="218,-18.0,190,-31.0,282,8.0,310,41.0" />
</Scene>
</mjloggm>