<mjloggm ver="2.3"><GO type="169"/><UN n0="%E7%B5%B6%E5%AF%BE%E4%B8%8D%E5%8F%AF%E4%BE%B5%E9%A0%98%E5%9F%9F" n1="%E5%A4%AA%E3%81%8F%E3%81%AA%E3%81%84%E3%81%8A" n2="%70%69%6F%76%61" n3="%E5%B8%B8%E5%8B%9D%E7%87%95%E8%BB%8D%E5%9B%A3" dan="16,18,16,17" rate="2085,2162,2133,2123" sx="M,M,M,M"/><TAIKYOKU oya="0"/>

<Scene>
<INIT seed="0,0,0,2,4,58" ten="250,250,250,250" oya="0" hai0="102,20,132,113,126,93,128,88,85,13,17,114,15" hai1="0,118,72,52,71,86,62,18,14,24,41,31,68" hai2="105,40,37,112,111,60,95,8,135,26,103,63,77" hai3="115,44,104,51,53,16,43,94,69,23,91,38,12"/><T81/><D126/><U22/><E72/><V120/><F112/><W76/><G104/><T96/><D128/><U28/><E0/><V5/><F105/><W59/><G76/><T70/><D70/><U130/><E118/><V100/><F120/><W46/><G69/><T55/><D132/><U99/><E130/><V124/><F135/><W80/><G80/><T7/><REACH who="0" step="1"/><D55/><REACH who="0" ten="240,250,250,250" step="2"/><U83/><E68/><V65/><F124/><W123/><G115/><T45/><D45/><U25/><E52/><V39/><F65/><W3/><G123/><T27/><D27/><U1/><E25/><V122/><F26/><W90/><G3/><T82/><D82/><U101/><E1/><V2/><F122/><W56/><REACH who="3" step="1"/><G91/><REACH who="3" ten="240,250,250,240" step="2"/><T50/><D50/><U116/><E83/><V127/><F2/><W74/><G74/><T32/><D32/><U79/><E71/><V34/><F34/><W49/><G49/><T107/><D107/><U9/><E79/><V33/><F77/><W109/><G109/><T10/><AGARI ba="0,2" hai="7,10,13,15,17,20,81,85,88,93,96,102,113,114" machi="10" ten="30,12000,1" yaku="1,1,0,1,54,1,53,2" doraHai="58" doraHaiUra="11" who="0" fromWho="0" sc="240,140,250,-40,250,-40,240,-40" />
</Scene>
<Scene>
<INIT seed="0,1,0,5,0,80" ten="380,210,210,200" oya="0" hai0="12,59,23,78,54,97,8,128,116,53,103,102,26" hai1="113,90,29,119,95,11,5,120,20,101,94,109,17" hai2="86,2,127,36,104,117,47,50,6,44,115,96,82" hai3="56,46,41,118,16,45,124,4,110,76,88,129,19"/><T121/><D116/><U31/><E119/><V32/><F117/><W28/><G110/><T55/><D121/><U71/><E71/><V49/><F32/><W92/><G118/><T85/><D128/><U14/><E120/><V81/><F36/><W105/><G129/><T79/><D59/><U87/><E109/><V35/><F35/><W24/><G105/><T13/><D85/><U122/><E122/><V43/><F127/><W57/><G4/><N who="0" m="3079" /><D13/><N who="1" m="9263" /><E113/><V62/><F2/><W60/><G76/><N who="0" m="29227" /><D97/><AGARI ba="1,0" hai="5,11,14,29,31,87,90,94,95,97,101" m="9263" machi="97" ten="30,2000,0" yaku="8,1,52,1" doraHai="80" who="1" fromWho="0" sc="380,-23,210,23,210,0,200,0" />
</Scene>
<Scene>
<INIT seed="1,0,0,2,5,65" ten="357,233,210,200" oya="1" hai0="102,99,89,13,64,42,69,40,1,91,133,59,119" hai1="67,135,17,77,70,50,128,74,63,48,21,34,83" hai2="5,27,105,4,104,19,103,84,22,43,66,75,55" hai3="62,20,68,120,36,117,54,132,9,47,88,85,109"/><U0/><E0/><V126/><F75/><W10/><G120/><T87/><D1/><U11/><E34/><V51/><F43/><W90/><G109/><T57/><D69/><U112/><E112/><V78/><F66/><W2/><G132/><T98/><D133/><U118/><E135/><V41/><F41/><N who="0" m="15978" /><D119/><U122/><E122/><V86/><F126/><W95/><G36/><T123/><D123/><U24/><E118/><V94/><F86/><W129/><G129/><T108/><D108/><U72/><E128/><V58/><F105/><W44/><G117/><T100/><D13/><U31/><REACH who="1" step="1"/><E74/><REACH who="1" ten="357,223,210,200" step="2"/><V25/><F104/><W23/><G2/><T131/><D131/><U39/><E39/><V107/><F107/><W53/><G85/><T14/><D87/><U37/><E37/><V49/><F84/><W30/><G95/><T81/><D99/><U80/><E80/><V16/><F94/><W82/><G82/><T101/><D81/><U96/><E96/><V93/><F93/><W56/><G90/><N who="0" m="34315" /><D98/><U18/><E18/><V106/><F106/><W60/><G88/><T38/><D38/><U124/><E124/><V52/><F103/><W35/><G35/><T71/><D102/><U125/><E125/><V15/><F19/><W115/><G115/><T28/><D101/><U92/><E92/><V116/><F116/><W121/><G121/><T29/><D100/><U134/><E134/><V26/><F78/><W33/><G33/><T46/><D28/><U130/><E130/><V111/><F111/><W8/><G30/><T113/><D29/><U6/><E6/><RYUUKYOKU ba="0,1" sc="357,-15,223,15,210,15,200,-15" hai1="11,17,21,24,31,48,50,63,67,70,72,77,83" hai2="4,5,15,16,22,25,26,27,49,51,52,55,58" />
</Scene>
<Scene>
<INIT seed="1,1,1,3,2,94" ten="342,238,225,185" oya="1" hai0="77,46,100,82,36,38,57,28,37,3,48,62,9" hai1="42,131,72,30,114,109,135,123,0,23,51,86,55" hai2="84,1,129,67,27,132,97,63,40,54,21,83,7" hai3="18,75,43,31,45,122,13,35,91,66,95,52,96"/><U111/><E123/><V14/><F1/><W71/><G122/><T60/><D28/><U17/><E114/><V127/><F129/><W116/><G75/><T87/><D100/><U121/><E121/><V76/><F132/><W126/><G126/><T88/><D57/><U64/><E72/><V81/><F40/><W115/><G115/><T16/><D77/><U113/><E0/><V5/><F54/><W124/><G124/><T99/><D99/><U85/><E113/><V74/><F97/><W24/><G116/><T80/><D82/><U118/><E118/><V39/><F39/><W49/><G71/><T104/><D104/><U69/><E30/><V11/><F5/><W92/><G66/><T79/><D79/><U130/><E42/><V105/><F105/><W34/><G34/><T61/><D3/><U26/><E135/><V25/><F21/><W19/><G13/><N who="0" m="7215" /><D38/><U59/><E64/><V20/><F20/><W58/><REACH who="3" step="1"/><G95/><REACH who="3" ten="342,238,225,175" step="2"/><T65/><D65/><U117/><E117/><V44/><F127/><W112/><G112/><T53/><AGARI ba="1,2" hai="36,37,46,48,53,60,61,62,80,87,88" m="7215" machi="53" ten="30,4000,0" yaku="25,1,54,2" doraHai="94" who="0" fromWho="0" sc="342,63,238,-21,225,-11,175,-11" />
</Scene>
<Scene>
<INIT seed="2,0,0,2,2,59" ten="405,217,214,164" oya="2" hai0="102,57,96,9,83,49,126,3,8,36,6,19,66" hai1="111,78,11,1,0,69,23,80,122,99,112,34,31" hai2="53,79,109,25,127,24,129,82,40,132,54,106,110" hai3="114,98,61,4,108,68,64,70,47,76,87,14,120"/><V67/><F132/><W32/><G120/><T65/><D36/><U124/><E112/><V86/><F129/><W51/><G114/><T12/><D83/><U88/><E34/><V116/><F116/><W101/><G108/><N who="2" m="41577" /><F127/><W45/><G32/><T128/><D126/><U94/><E124/><V134/><F134/><W75/><G75/><T10/><D128/><U100/><E111/><V115/><F115/><W85/><G70/><T133/><D133/><U62/><E122/><V121/><F121/><W90/><G76/><T44/><D57/><U119/><E119/><V97/><F40/><W135/><G135/><T29/><D29/><U18/><E31/><V81/><F81/><W89/><G87/><T26/><D26/><N who="2" m="10346" /><F67/><W38/><G38/><T30/><D30/><U41/><E41/><V103/><AGARI ba="0,0" hai="53,54,79,82,86,97,103,106" m="10346,41577" machi="103" ten="30,3000,0" yaku="14,1,10,1" doraHai="59" who="2" fromWho="2" sc="405,-10,217,-10,214,30,164,-10" />
</Scene>
<Scene>
<INIT seed="2,1,0,0,2,8" ten="395,207,244,154" oya="2" hai0="30,23,83,81,52,61,119,44,88,42,116,29,84" hai1="125,77,74,98,35,34,20,55,129,90,6,134,14" hai2="92,38,27,0,41,120,51,107,73,126,95,82,33" hai3="65,22,123,133,58,64,111,56,5,1,75,9,70"/><V49/><F107/><W53/><G123/><T103/><D103/><U102/><E74/><V104/><F104/><W66/><G70/><T57/><D83/><U40/><E77/><V114/><F114/><W7/><G111/><T59/><D57/><U127/><E40/><V131/><F0/><W19/><G75/><T46/><D44/><U121/><E90/><V72/><F41/><W135/><G7/><T78/><D78/><U50/><E129/><V45/><F45/><W130/><G130/><T47/><D47/><N who="1" m="28127" /><E134/><N who="3" m="51210" /><G53/><T26/><REACH who="0" step="1"/><D30/><REACH who="0" ten="385,207,244,154" step="2"/><U128/><E128/><V62/><F131/><W100/><G100/><T12/><D12/><AGARI ba="1,1" hai="1,5,9,12,19,22,56,58,64,65,66" m="51210" machi="12" ten="30,2000,0" yaku="20,1,52,1" doraHai="8" who="3" fromWho="0" sc="385,-23,207,0,244,0,154,33" />
</Scene>
<Scene>
<INIT seed="3,0,0,1,2,105" ten="362,207,244,187" oya="3" hai0="7,107,48,106,102,103,20,65,14,6,63,104,77" hai1="66,45,37,0,54,8,57,22,44,110,100,11,69" hai2="81,126,74,25,26,53,73,43,123,19,132,130,90" hai3="39,75,12,117,31,47,92,34,78,94,1,29,51"/><W56/><G117/><T86/><D48/><N who="1" m="30919" /><E100/><V18/><F43/><W115/><G115/><T134/><D134/><U101/><E101/><V41/><F132/><W76/><G1/><T59/><D102/><U124/><E0/><V30/><F41/><N who="3" m="25071" /><G75/><T70/><D103/><U119/><E22/><V15/><F130/><W83/><G34/><T116/><D116/><U111/><E119/><V79/><F126/><W96/><G39/><T71/><D20/><U67/><E11/><V84/><F123/><W68/><G68/><T10/><D7/><U27/><E27/><V40/><F40/><W16/><G56/><T99/><D99/><U5/><E8/><V95/><F74/><W93/><G96/><T55/><D65/><N who="1" m="24587" /><E5/><V128/><F128/><W4/><G4/><T62/><D62/><U13/><E37/><V49/><F30/><N who="3" m="11275" /><G83/><T72/><D72/><U52/><E69/><V36/><F36/><W118/><G118/><T91/><REACH who="0" step="1"/><D77/><REACH who="0" ten="352,207,244,187" step="2"/><U127/><E127/><V42/><F79/><W114/><G114/><T108/><D108/><U85/><E124/><V98/><F73/><W21/><AGARI ba="0,1" hai="12,16,21,76,78,92,93,94" m="11275,25071" machi="21" ten="30,3000,0" yaku="8,1,54,1" doraHai="105" who="3" fromWho="3" sc="352,-10,207,-10,244,-10,187,40" />
</Scene>
<Scene>
<INIT seed="3,1,0,1,3,50" ten="342,197,234,227" oya="3" hai0="11,110,23,135,2,127,78,109,6,59,97,93,65" hai1="79,26,92,106,39,68,95,29,30,94,87,112,125" hai2="83,99,103,123,47,10,128,101,76,85,74,84,55" hai3="43,70,8,63,40,105,73,36,58,57,45,113,34"/><W35/><G73/><T102/><D127/><U122/><E122/><V114/><F114/><W28/><G105/><T17/><D78/><U133/><E112/><V25/><F123/><W90/><G113/><T108/><D135/><U75/><E106/><V126/><F126/><W116/><G116/><T111/><D111/><U14/><E39/><V56/><F47/><W54/><G43/><T46/><D46/><U49/><E68/><V119/><F128/><W120/><G120/><T9/><D11/><U72/><E125/><V115/><F119/><W13/><G28/><T121/><D121/><U118/><E118/><V89/><F99/><W88/><G70/><T15/><D59/><U37/><E37/><V21/><F10/><W129/><G129/><T71/><D71/><U61/><E61/><N who="2" m="35999" /><F74/><W80/><G58/><T38/><D38/><U134/><E72/><V62/><F62/><W107/><G107/><T41/><D41/><U66/><E75/><V12/><F12/><W86/><REACH who="3" step="1"/><G90/><REACH who="3" ten="342,197,234,217" step="2"/><T91/><D65/><U51/><E66/><V117/><F117/><W20/><G20/><T98/><D102/><U81/><E134/><V130/><F130/><W52/><G52/><T77/><D77/><U131/><E133/><V16/><F115/><W7/><AGARI ba="1,1" hai="7,8,13,34,35,36,40,45,54,57,63,80,86,88" machi="7" ten="20,18000,2" yaku="1,1,0,1,7,1,52,1,54,1,53,1" doraHai="50" doraHaiUra="1" who="3" fromWho="3" sc="342,-61,197,-61,234,-61,217,193" />
</Scene>
<Scene>
<INIT seed="3,2,0,3,3,134" ten="281,136,173,410" oya="3" hai0="68,25,76,63,89,14,117,92,96,72,86,33,105" hai1="6,40,47,43,24,1,111,71,84,35,61,13,121" hai2="95,97,30,131,103,66,21,87,18,123,108,107,85" hai3="54,49,22,65,88,12,27,119,62,80,46,34,69"/><W38/><G119/><T101/><D117/><U64/><E121/><V109/><F123/><W70/><G34/><T74/><D14/><U44/><E111/><N who="2" m="42571" /><F131/><W122/><G122/><T36/><D36/><U93/><E1/><V67/><F30/><W132/><G132/><T112/><D112/><U45/><E35/><V51/><F51/><W78/><G12/><T115/><D115/><U82/><E24/><N who="2" m="14391" /><F107/><W17/><G38/><T81/><D74/><U114/><E114/><V83/><F87/><W110/><G110/><T135/><D135/><U3/><E3/><V118/><F118/><W8/><G8/><T102/><D101/><U77/><E93/><V32/><F32/><W133/><G133/><T19/><D33/><U10/><AGARI ba="2,0" hai="6,10,13,40,43,44,45,47,61,64,71,77,82,84" machi="10" ten="30,1100,0" yaku="0,1" doraHai="134" who="1" fromWho="1" sc="281,-5,136,17,173,-5,410,-7" />
</Scene>
<Scene>
<INIT seed="4,0,0,0,0,70" ten="276,153,168,403" oya="0" hai0="18,86,11,102,85,17,79,127,130,0,12,82,1" hai1="29,20,134,76,111,51,84,75,100,62,4,58,119" hai2="22,108,60,27,53,25,36,116,121,72,32,88,2" hai3="114,113,115,107,3,50,52,98,45,68,124,117,81"/><T34/><D34/><U109/><E119/><V93/><F72/><W38/><G117/><T99/><D127/><U123/><E123/><V56/><F2/><W9/><G124/><T131/><D85/><U26/><E134/><V42/><F108/><W106/><G68/><T57/><D57/><U10/><E75/><V83/><F121/><W46/><G81/><T132/><D132/><U28/><E28/><V61/><F83/><W89/><G89/><T47/><D47/><U24/><E24/><V104/><F104/><W5/><G98/><T41/><D41/><AGARI ba="0,0" hai="3,5,9,38,41,45,46,50,52,106,107,113,114,115" machi="41" ten="40,5200,0" yaku="15,1,52,1,54,1" doraHai="70" who="3" fromWho="0" sc="276,-52,153,0,168,0,403,52" />
</Scene>
<Scene>
<INIT seed="5,0,0,4,1,100" ten="224,153,168,455" oya="1" hai0="110,112,71,15,109,93,4,43,67,88,125,3,66" hai1="132,13,117,72,8,7,18,10,6,98,124,57,48" hai2="42,107,19,25,118,115,32,31,84,21,128,75,129" hai3="101,60,108,90,92,36,74,38,22,58,131,9,134"/><U27/><E117/><V91/><F75/><W37/><G108/><T68/><D3/><U12/><E72/><V52/><F118/><W51/><G134/><T94/><D43/><U77/><E132/><V33/><F115/><W113/><G113/><T121/><D112/><U78/><E124/><V95/><F42/><W41/><G131/><N who="2" m="50249" /><F107/><W62/><G101/><T53/><D125/><U49/><E98/><V114/><F114/><W85/><G74/><T55/><D15/><U89/><E89/><V1/><F1/><W104/><G104/><T80/><D80/><U81/><E81/><V79/><F79/><N who="1" m="30217" /><E57/><V35/><F52/><W11/><G22/><AGARI ba="0,0" hai="6,7,8,10,12,13,18,22,27,48,49" m="30217" machi="22" ten="30,1500,0" yaku="8,1" doraHai="100" who="1" fromWho="3" sc="224,0,153,15,168,0,455,-15" />
</Scene>
<Scene>
<INIT seed="5,1,0,0,5,133" ten="224,168,168,440" oya="1" hai0="112,111,80,51,4,7,72,25,89,33,104,21,86" hai1="60,24,10,94,58,69,120,52,125,110,42,43,36" hai2="54,57,96,30,16,90,23,95,98,56,6,18,55" hai3="12,0,130,26,114,28,107,49,92,74,45,46,31"/><U32/><E120/><V122/><F6/><W34/><G107/><T135/><D104/><U117/><E117/><V9/><F122/><W40/><G0/><T84/><D72/><U118/><E118/><V41/><F41/><W85/><G74/><T19/><D111/><U68/><E110/><V22/><F9/><W101/><G114/><T131/><D112/><U63/><E10/><V35/><F35/><W5/><G31/><T11/><D33/><U53/><E94/><V44/><F44/><W73/><G73/><T61/><D135/><U102/><E102/><V119/><F30/><W87/><G130/><T121/><D131/><U3/><E3/><V123/><F119/><W48/><G12/><N who="0" m="7583" /><D61/><U27/><E32/><V50/><F98/><W14/><G14/><T81/><D51/><U127/><E58/><V1/><F1/><W71/><G5/><T116/><D116/><U78/><E78/><V17/><REACH who="2" step="1"/><F123/><REACH who="2" ten="224,168,158,440" step="2"/><W13/><G28/><N who="0" m="17455" /><D121/><U124/><E124/><V83/><F83/><N who="0" m="31818" /><D89/><U59/><E59/><V47/><F47/><W38/><G45/><T128/><D128/><U75/><E75/><V115/><F115/><W99/><G46/><T93/><D86/><U126/><E126/><V37/><F37/><AGARI ba="1,1" hai="24,27,36,37,42,43,52,53,60,63,68,69,125,127" machi="37" ten="25,12000,1" yaku="22,2,52,2,54,1" doraHai="133" who="1" fromWho="2" sc="224,0,168,133,158,-123,440,0" />
</Scene>
<Scene>
<INIT seed="5,2,0,2,4,45" ten="224,301,35,440" oya="1" hai0="60,68,124,0,50,21,61,64,71,111,17,7,32" hai1="102,5,115,18,76,109,8,40,116,103,29,27,94" hai2="129,11,43,87,100,74,106,1,134,59,93,122,77" hai3="16,47,81,49,44,121,90,35,20,57,4,83,80"/><U33/><E116/><V99/><F122/><W88/><G35/><T55/><D32/><U131/><E115/><V126/><F126/><W132/><G121/><T14/><D124/><U98/><E131/><V101/><F129/><W2/><G132/><T66/><D111/><U67/><E109/><V107/><F134/><W38/><G2/><T114/><D0/><U34/><E34/><V36/><F59/><W53/><G4/><T133/><D133/><U31/><E31/><V108/><F108/><W13/><G38/><T48/><D114/><U25/><E76/><V41/><F41/><N who="3" m="24719" /><G47/><T22/><D7/><U46/><E67/><V118/><F118/><W3/><G3/><T63/><D22/><U15/><E25/><V104/><F43/><W12/><G13/><T89/><D89/><U42/><E42/><V69/><F69/><W97/><G97/><T92/><D92/><U119/><E119/><V9/><F36/><W65/><G65/><T70/><D70/><U95/><E5/><V105/><F1/><W128/><G128/><T56/><AGARI ba="2,0" hai="14,17,21,48,50,55,56,60,61,63,64,66,68,71" machi="56" ten="30,7900,0" yaku="0,1,9,1,52,2" doraHai="45" who="0" fromWho="0" sc="224,85,301,-41,35,-22,440,-22" />
</Scene>
<Scene>
<INIT seed="6,0,0,2,4,73" ten="309,260,13,418" oya="2" hai0="76,99,111,85,129,11,57,103,101,84,18,36,89" hai1="62,31,60,126,46,97,119,20,102,30,35,133,115" hai2="40,82,131,12,107,33,135,74,61,4,55,77,112" hai3="123,5,83,42,64,10,81,122,19,7,78,88,50"/><V13/><F107/><W106/><G106/><T109/><D36/><U72/><E119/><V104/><F104/><W28/><G28/><T14/><D129/><U25/><E72/><V113/><F131/><W9/><G19/><T118/><D118/><U8/><E115/><N who="2" m="44107" /><F135/><W37/><G37/><T27/><D89/><U47/><E133/><V69/><F33/><W68/><G64/><T114/><D114/><U110/><E110/><V71/><F40/><W63/><G63/><N who="1" m="24106" /><E35/><V54/><F4/><W6/><G6/><N who="0" m="3447" /><D109/><U128/><E128/><V96/><F96/><W125/><G50/><T117/><D117/><U51/><E126/><V93/><F93/><W0/><G83/><N who="0" m="47207" /><D111/><U116/><E116/><V65/><F71/><W98/><G68/><T132/><D132/><U24/><E97/><V43/><F43/><W29/><G98/><T16/><D99/><U22/><E102/><N who="0" m="38921" /><D85/><U90/><E90/><V75/><F75/><W21/><G88/><T59/><D27/><U91/><E91/><V45/><F45/><W53/><G125/><T58/><D58/><U80/><E80/><V67/><F67/><W49/><G81/><T2/><D2/><U94/><E94/><V121/><F121/><W79/><G0/><T92/><D92/><U124/><E124/><V15/><AGARI ba="0,0" hai="12,13,15,54,55,61,65,69,74,77,82" m="44107" machi="15" ten="30,3000,0" yaku="15,1,52,1" doraHai="73" who="2" fromWho="2" sc="309,-10,260,-10,13,30,418,-10" />
</Scene>
<Scene>
<INIT seed="6,1,0,2,0,56" ten="299,250,43,408" oya="2" hai0="22,80,131,106,60,0,36,121,24,123,47,83,66" hai1="111,90,48,29,86,18,6,79,116,87,93,84,101" hai2="31,92,95,49,8,26,78,67,7,125,122,46,103" hai3="81,113,76,4,15,33,115,39,104,108,25,55,96"/><V107/><F122/><W19/><G39/><T69/><D106/><U65/><E111/><V114/><F114/><N who="3" m="43531" /><G108/><T28/><D0/><U63/><E116/><V27/><F125/><W10/><G55/><T42/><REACH who="0" step="1"/><D131/><REACH who="0" ten="289,250,43,408" step="2"/><U105/><E105/><V118/><F118/><W45/><G104/><T12/><D12/><U88/><E79/><V13/><F78/><W9/><G76/><T89/><D89/><U57/><E6/><V16/><F107/><W119/><G15/><T43/><D43/><U2/><E2/><V120/><F120/><AGARI ba="1,1" hai="22,24,28,36,42,47,60,66,69,80,83,120,121,123" machi="120" ten="40,5200,0" yaku="1,1,52,1,53,1" doraHai="56" doraHaiUra="38" who="0" fromWho="2" sc="289,65,250,0,43,-55,408,0" owari="354,15.0,250,-15.0,-12,-51.0,408,51.0" />
</Scene>
</mjloggm>