<mjloggm ver="2.3"><GO type="193"/><UN n0="%E9%A3%9B%E3%81%B3%E9%AD%94%E6%A0%97" n1="%E5%A4%AA%E3%81%8F%E3%81%AA%E3%81%84%E3%81%8A" n2="%4D%69%73%74%72%61%6C%35" n3="%57%41%4B%41%49" dan="10,12,11,12" rate="1498,1907,1591,1718" sx="M,M,M,M"/><TAIKYOKU oya="0"/>

<Scene>
<INIT seed="0,0,0,4,0,22" ten="250,250,250,250" oya="0" hai0="52,135,84,3,91,21,133,81,128,28,60,111,127" hai1="124,7,115,67,116,92,88,0,65,48,90,87,42" hai2="126,105,102,34,35,70,6,109,29,118,112,120,96" hai3="59,80,79,64,17,44,125,31,113,4,66,49,38"/><T39/><D39/><U45/><E116/><V110/><F120/><W99/><G113/><T103/><D3/><U98/><E115/><V16/><F112/><W123/><G123/><T95/><D128/><U75/><E75/><V82/><F118/><W62/><G4/><T108/><D127/><U41/><E124/><V63/><F126/><W121/><G121/><T46/><D103/><U119/><E119/><V14/><F82/><W47/><G125/><T30/><D95/><U129/><E129/><V122/><F122/><W33/><G99/><T19/><D28/><U54/><E7/><V37/><F37/><W107/><G107/><T114/><D30/><U132/><E0/><V86/><F86/><W117/><G17/><T69/><D69/><U89/><E132/><N who="0" m="50761" /><D114/><U57/><E42/><V43/><F43/><W76/><G117/><T1/><D1/><U68/><E68/><V40/><F40/><W73/><G38/><T101/><D101/><N who="1" m="60615" /><E87/><V23/><F6/><W85/><G47/><T71/><D71/><U15/><E15/><V8/><F8/><W11/><G11/><T10/><D10/><U26/><E26/><N who="2" m="18743" /><F35/><W104/><G104/><T51/><D60/><AGARI ba="0,0" hai="41,45,48,54,57,60,65,67,88,89,90" m="60615" machi="60" ten="30,2000,0" yaku="8,1,54,1" doraHai="22" who="1" fromWho="0" sc="250,-20,250,20,250,0,250,0" />
</Scene>
<Scene>
<INIT seed="1,0,0,4,5,62" ten="230,270,250,250" oya="1" hai0="71,38,85,75,86,24,112,17,131,129,16,118,51" hai1="133,108,52,46,80,74,123,105,6,101,92,53,44" hai2="9,18,59,15,57,126,63,77,61,29,104,103,45" hai3="110,1,107,32,20,121,4,115,83,25,99,66,7"/><U84/><E123/><V127/><F104/><W91/><G115/><T14/><D112/><U3/><E74/><V68/><F103/><W37/><G37/><T97/><D118/><U120/><E120/><V89/><F77/><W30/><G121/><T94/><D38/><U93/><E105/><V87/><F68/><W23/><G110/><T42/><D71/><U124/><E124/><V28/><F45/><N who="1" m="17513" /><E3/><V78/><F78/><W48/><G48/><T134/><D75/><U54/><E133/><V81/><F127/><W43/><G43/><T2/><D2/><U35/><E35/><V5/><F126/><W58/><G83/><T98/><D24/><U19/><E6/><V64/><F5/><W40/><G40/><T0/><D134/><U109/><E19/><V125/><F125/><W33/><G107/><T122/><D0/><U27/><E27/><V26/><F26/><W95/><G1/><T55/><D122/><U31/><E31/><V12/><F12/><W73/><G73/><T90/><D14/><U96/><E93/><V13/><F13/><W56/><G56/><T8/><D94/><U10/><E10/><V128/><F128/><W106/><G106/><T111/><D8/><U70/><E70/><V65/><AGARI ba="0,0" hai="9,15,18,28,29,57,59,61,63,64,65,81,87,89" machi="65" ten="20,12000,2" yaku="0,1,7,1,9,1,8,1,52,2" doraHai="62" who="2" fromWho="2" sc="230,-30,270,-60,250,120,250,-30" />
</Scene>
<Scene>
<INIT seed="2,0,0,4,3,3" ten="200,210,370,220" oya="2" hai0="24,91,44,21,78,65,52,101,86,118,2,73,97" hai1="15,133,33,89,109,20,79,71,45,125,9,25,61" hai2="18,94,100,75,108,60,83,104,67,117,128,126,29" hai3="115,129,70,1,27,84,64,26,6,43,32,62,42"/><V120/><F117/><W22/><G115/><T69/><D2/><U99/><E33/><V114/><F120/><W48/><G129/><T63/><D73/><U23/><E79/><V123/><F114/><W13/><G84/><T54/><D78/><U102/><E109/><V93/><F123/><W90/><G90/><T59/><D44/><U11/><E125/><V50/><F128/><W116/><G48/><T53/><D118/><U76/><E76/><V28/><F83/><W46/><G46/><T107/><D69/><U105/><E133/><V103/><F75/><W35/><G27/><T111/><D111/><U98/><E45/><V66/><F108/><W80/><G35/><T113/><D113/><U4/><E9/><V131/><F131/><W82/><G82/><T112/><D112/><U81/><E25/><V135/><F104/><W74/><G80/><T72/><D72/><U132/><E132/><V124/><F135/><W106/><G106/><T88/><REACH who="0" step="1"/><D86/><REACH who="0" ten="190,210,370,220" step="2"/><U49/><E71/><V12/><F126/><W51/><G74/><T41/><D41/><U37/><E37/><V134/><F124/><W17/><G116/><T85/><D85/><U38/><E38/><V36/><F134/><W87/><G87/><T10/><D10/><U68/><E11/><V47/><F36/><W7/><G7/><T110/><D110/><U16/><E4/><V19/><F47/><W96/><G96/><T55/><N who="0" m="13824" /><DORA hai="57" /><T130/><D130/><U77/><E98/><V58/><F50/><W56/><G51/><T0/><D0/><U14/><E49/><V5/><F5/><RYUUKYOKU ba="0,1" sc="190,30,210,-10,370,-10,220,-10" hai0="21,24,59,63,65,88,91,97,101,107" />
</Scene>
<Scene>
<INIT seed="3,1,1,2,3,127" ten="220,200,360,210" oya="3" hai0="116,108,50,38,134,98,54,14,73,35,109,20,66" hai1="32,33,105,110,90,119,56,113,0,97,115,76,68" hai2="72,77,21,93,18,62,102,26,9,135,31,74,44" hai3="117,114,106,85,47,29,12,13,61,1,22,4,101"/><W130/><G117/><T125/><D35/><N who="1" m="13387" /><E56/><V124/><F124/><W39/><G114/><N who="1" m="43530" /><E90/><V6/><F135/><W25/><G85/><T15/><D38/><U131/><E119/><V67/><F44/><W8/><G39/><T79/><D73/><U86/><E86/><V16/><F74/><W53/><G101/><T36/><D79/><U37/><E76/><V96/><F77/><W48/><G106/><T19/><D36/><U129/><E110/><N who="0" m="42601" /><D116/><U58/><E58/><N who="2" m="37335" /><F72/><W51/><G61/><T55/><D125/><U118/><E118/><V78/><F78/><W57/><REACH who="3" step="1"/><G130/><REACH who="3" ten="220,200,360,200" step="2"/><N who="1" m="49674" /><E37/><V63/><F63/><W88/><G88/><T89/><D134/><U121/><E121/><V122/><F122/><W2/><G2/><AGARI ba="1,2" hai="2,6,9,16,18,21,26,31,93,96,102" m="37335" machi="2" ten="30,2000,0" yaku="25,1,54,1" doraHai="127" who="2" fromWho="3" sc="220,0,200,0,360,43,200,-23" owari="220,2.0,200,-20.0,403,50.0,177,-32.0" />
</Scene>
</mjloggm>