<mjloggm ver="2.3"><GO type="169" lobby="0"/><UN n0="%4E%41%4B%37" n1="%E5%A4%AA%E3%81%8F%E3%81%AA%E3%81%84%E3%81%8A" n2="%E3%82%82%E3%81%A3%E3%81%97%E3%83%BC" n3="%E3%81%B2%E3%81%BD%E3%81%8D%E3%82%88%E3%81%97" dan="16,17,16,18" rate="2074,2179,2163,2174" sx="M,M,M,M"/><TAIKYOKU oya="0"/>

<Scene>
<INIT seed="0,0,0,3,3,42" ten="250,250,250,250" oya="0" hai0="26,71,5,63,53,0,51,127,102,94,132,20,65" hai1="19,21,66,37,108,69,55,92,59,103,39,27,38" hai2="111,36,72,70,43,79,134,130,31,114,101,6,124" hai3="41,91,16,1,33,14,81,121,82,11,123,58,23"/><T131/><D132/><U129/><E108/><V15/><F111/><W118/><G118/><T112/><D112/><U88/><E129/><V8/><F114/><W85/><G33/><T4/><D131/><U75/><E75/><V74/><F130/><W89/><G58/><T34/><D34/><U84/><E103/><V48/><F70/><W29/><G41/><T77/><D127/><U13/><E69/><V68/><F68/><W24/><G1/><T12/><D77/><U122/><E122/><N who="3" m="46602" /><G82/><T46/><D0/><U47/><E66/><V54/><F134/><W105/><G105/><T106/><D106/><U97/><E97/><V87/><F124/><W10/><G11/><T52/><D12/><U22/><E47/><V32/><F101/><W45/><G89/><T18/><REACH who="0" step="1"/><D53/><REACH who="0" ten="240,250,250,250" step="2"/><U125/><E125/><V30/><F32/><W109/><G109/><T57/><D57/><U99/><E99/><AGARI ba="0,1" hai="4,5,18,20,26,46,51,52,63,65,71,94,99,102" machi="99" ten="40,7700,0" yaku="1,1,52,1,54,1,53,0" doraHai="42" doraHaiUra="117" who="0" fromWho="1" sc="240,87,250,-77,250,0,250,0" />
</Scene>
<Scene>
<INIT seed="0,1,0,1,5,69" ten="327,173,250,250" oya="0" hai0="82,54,16,88,62,46,100,26,71,93,22,112,121" hai1="6,60,36,91,29,120,80,111,38,19,103,68,95" hai2="104,28,99,72,78,101,0,110,33,132,42,67,118" hai3="20,92,14,52,87,2,116,122,94,9,11,73,64"/><T83/><D121/><U113/><E120/><V51/><F110/><W130/><G122/><T102/><D112/><U56/><E68/><V45/><F132/><W47/><G73/><T89/><D71/><U59/><E111/><V40/><F118/><W49/><G130/><T76/><D89/><U96/><E113/><V24/><F0/><W12/><G2/><T77/><D83/><U53/><E6/><V97/><F67/><W65/><G116/><T63/><D63/><U135/><E135/><V123/><F123/><W98/><G87/><N who="0" m="48591" /><D76/><U134/><E134/><V31/><F31/><W106/><G106/><T44/><D44/><U86/><E29/><V27/><F27/><W81/><G81/><T114/><D114/><U133/><E133/><V7/><F7/><W21/><G47/><T61/><D61/><U57/><E57/><V17/><F17/><W129/><G129/><T35/><D35/><U79/><E19/><V127/><F78/><W128/><G128/><T85/><D46/><U34/><E34/><V39/><F72/><W25/><G49/><T58/><AGARI ba="1,0" hai="16,22,26,54,58,62,85,88,93,100,102" m="48591" machi="58" ten="30,6000,0" yaku="8,1,54,2" doraHai="69" who="0" fromWho="0" sc="327,63,173,-21,250,-21,250,-21" />
</Scene>
<Scene>
<INIT seed="0,2,0,1,2,127" ten="390,152,229,229" oya="0" hai0="120,100,64,79,81,84,110,0,7,129,98,112,63" hai1="106,76,62,111,43,68,124,118,55,2,66,88,75" hai2="92,115,49,83,20,16,125,12,97,10,90,27,82" hai3="96,80,128,30,119,116,133,69,45,34,70,5,65"/><T93/><D112/><U91/><E118/><N who="3" m="45098" /><G96/><T22/><D120/><U51/><E106/><V132/><F115/><W130/><G133/><T87/><D110/><U39/><E2/><V44/><F125/><W99/><G5/><T89/><D0/><U71/><E71/><V72/><F132/><W78/><G45/><T14/><D7/><U42/><E124/><V8/><F72/><N who="3" m="43079" /><G99/><T73/><D14/><U103/><E103/><V107/><F107/><W117/><G117/><T19/><D129/><N who="3" m="49769" /><G65/><T121/><D121/><U3/><E3/><V101/><F44/><W126/><G126/><T25/><REACH who="0" step="1"/><D100/><REACH who="0" ten="380,152,229,229" step="2"/><U6/><E6/><V105/><F101/><W58/><G58/><AGARI ba="2,1" hai="19,22,25,58,63,64,73,79,81,84,87,89,93,98" machi="58" ten="30,5800,0" yaku="1,1,2,1,7,1,53,0" doraHai="127" doraHaiUra="102" who="0" fromWho="3" sc="380,74,152,0,229,0,229,-64" />
</Scene>
<Scene>
<INIT seed="0,3,0,1,1,112" ten="454,152,229,165" oya="0" hai0="77,44,18,50,88,111,126,82,76,6,104,105,75" hai1="85,4,69,130,37,16,107,98,115,131,102,32,45" hai2="106,128,54,8,108,0,134,103,86,7,13,56,122" hai3="87,81,78,5,62,123,72,34,83,3,100,2,124"/><T121/><D121/><U109/><E69/><V24/><F122/><W48/><G124/><T132/><D126/><U95/><E32/><V58/><F108/><W67/><G34/><T119/><D111/><U49/><E109/><V114/><F114/><W70/><G123/><T30/><D132/><U129/><E115/><V96/><F128/><W68/><G68/><T12/><D77/><U61/><E4/><V110/><F110/><W15/><G100/><T92/><D6/><U73/><E73/><V91/><F134/><W27/><G27/><T52/><D30/><U43/><E61/><V10/><F24/><W120/><G120/><T21/><REACH who="0" step="1"/><D119/><REACH who="0" ten="444,152,229,165" step="2"/><U25/><E130/><V93/><F7/><W31/><G5/><T60/><D60/><U11/><E129/><V46/><F0/><W22/><G3/><T63/><D63/><U20/><E131/><V117/><F117/><W14/><G2/><T35/><D35/><U26/><E16/><V65/><F65/><W59/><G31/><T41/><D41/><U57/><E43/><V94/><F54/><W135/><G135/><T23/><D23/><U53/><E20/><V116/><F116/><W90/><G22/><T101/><D101/><U79/><E79/><V99/><F103/><W55/><AGARI ba="3,1" hai="14,15,48,55,59,62,67,70,72,78,81,83,87,90" machi="55" ten="30,1100,0" yaku="0,1" doraHai="112" who="3" fromWho="3" sc="444,-8,152,-6,229,-6,165,30" />
</Scene>
<Scene>
<INIT seed="1,0,0,3,5,76" ten="436,146,223,195" oya="1" hai0="98,131,112,115,113,24,18,17,25,53,96,109,20" hai1="57,123,126,49,122,107,121,90,61,22,111,19,46" hai2="29,2,8,6,75,129,124,88,69,42,44,26,118" hai3="108,105,39,117,78,133,94,83,100,79,11,89,47"/><U73/><E107/><V92/><F118/><W82/><G39/><T58/><D109/><U119/><E119/><V110/><F110/><W33/><G33/><T38/><D38/><U63/><E111/><V54/><F129/><W21/><G108/><T23/><REACH who="0" step="1"/><D131/><REACH who="0" ten="426,146,223,195" step="2"/><U125/><E125/><V87/><F124/><W35/><G117/><T72/><D72/><U37/><E126/><V5/><F75/><W43/><G133/><T99/><D99/><U15/><E73/><V13/><F69/><W32/><G105/><T56/><D56/><U0/><E37/><V64/><F64/><W104/><G104/><T9/><D9/><U68/><E68/><V41/><F5/><W31/><G11/><T48/><AGARI ba="0,1" hai="17,18,20,23,24,25,48,53,58,96,98,112,113,115" machi="48" ten="30,4000,0" yaku="1,1,0,1,9,1,53,0" doraHai="76" doraHaiUra="67" who="0" fromWho="0" sc="426,50,146,-20,223,-10,195,-10" />
</Scene>
<Scene>
<INIT seed="2,0,0,5,2,127" ten="476,126,213,185" oya="2" hai0="97,26,110,61,19,12,88,58,74,99,57,8,72" hai1="69,32,67,50,3,38,42,51,92,122,113,79,80" hai2="48,30,133,103,22,60,119,20,1,43,134,83,11" hai3="40,112,62,35,111,77,7,6,100,27,82,28,90"/><V59/><F119/><W37/><G111/><T64/><D110/><U108/><E108/><V71/><F71/><W81/><G112/><T130/><D130/><U104/><E104/><V10/><F103/><W63/><G100/><T54/><D26/><U29/><E113/><V107/><F107/><W124/><G124/><T70/><D70/><U86/><E3/><V65/><F83/><W120/><G120/><T0/><D0/><U13/><E122/><V98/><F98/><W47/><G82/><T89/><D74/><U75/><E38/><V46/><F30/><W93/><G7/><T16/><D19/><U76/><E42/><V102/><F102/><W33/><G33/><T9/><D9/><N who="2" m="3082" /><F1/><W87/><REACH who="3" step="1"/><G6/><REACH who="3" ten="476,126,213,175" step="2"/><T101/><D101/><U129/><E80/><V49/><F134/><W94/><G94/><T78/><D72/><AGARI ba="0,1" hai="27,28,35,37,40,47,62,63,72,77,81,87,90,93" machi="72" ten="30,2000,0" yaku="1,1,7,1,53,0" doraHai="127" doraHaiUra="44" who="3" fromWho="0" sc="476,-20,126,0,213,0,175,30" />
</Scene>
<Scene>
<INIT seed="3,0,0,3,3,11" ten="456,126,213,205" oya="3" hai0="66,76,12,107,51,27,118,53,33,8,82,102,37" hai1="23,88,95,21,45,9,56,130,28,57,18,111,14" hai2="36,116,96,91,35,129,32,81,69,50,6,5,110" hai3="29,52,1,87,101,124,24,55,65,122,64,94,120"/><W75/><G75/><T44/><D118/><U54/><E111/><V106/><F116/><W67/><G1/><T127/><D66/><U19/><E130/><V74/><F36/><W103/><G124/><T63/><D127/><U131/><E131/><V2/><F129/><W126/><G126/><T46/><D63/><U68/><E68/><V108/><F69/><W135/><G135/><T115/><D115/><U30/><E45/><V134/><F134/><W99/><G103/><T100/><D107/><U73/><E73/><V38/><F38/><W123/><REACH who="3" step="1"/><G87/><REACH who="3" ten="456,126,213,195" step="2"/><T84/><D102/><U125/><E125/><V128/><F128/><W112/><G112/><T22/><D100/><U7/><E30/><V72/><F2/><W92/><G92/><T97/><D84/><N who="1" m="52615" /><E28/><V85/><F74/><W39/><G39/><T93/><D37/><U132/><E132/><V98/><F72/><W117/><G117/><T109/><D93/><U58/><E54/><V42/><F110/><W119/><G119/><T86/><D53/><U70/><E70/><V10/><F108/><W0/><G0/><T61/><D109/><U25/><E58/><V4/><F106/><W113/><G113/><T20/><D86/><U60/><E60/><V17/><F35/><AGARI ba="0,1" hai="24,29,35,52,55,64,65,67,94,99,101,120,122,123" machi="35" ten="50,4800,0" yaku="1,1,54,1,53,0" doraHai="11" doraHaiUra="77" who="3" fromWho="2" sc="456,0,126,0,213,-48,195,58" />
</Scene>
<Scene>
<INIT seed="3,1,0,5,3,111" ten="456,126,165,253" oya="3" hai0="78,46,101,59,117,63,25,80,62,15,122,33,32" hai1="4,18,68,28,92,83,96,34,123,75,126,79,130" hai2="5,3,109,66,16,103,113,134,42,55,48,127,0" hai3="133,24,71,131,86,97,23,29,40,20,54,14,106"/><W10/><G131/><T26/><D122/><U44/><E123/><V108/><F134/><W132/><G40/><T38/><D117/><U112/><E68/><V36/><F66/><W102/><G86/><T76/><D101/><U65/><E130/><V89/><F103/><W67/><G54/><T98/><D98/><U110/><E110/><N who="2" m="42603" /><F127/><W17/><G23/><T27/><D15/><U128/><E128/><V125/><F125/><W107/><G107/><T77/><D80/><U94/><E126/><V105/><F105/><W100/><G100/><T135/><D135/><N who="3" m="51785" /><G71/><T30/><D30/><U9/><E28/><V45/><F89/><W93/><G106/><T121/><D121/><U22/><E34/><V53/><F53/><W90/><G102/><T84/><D84/><U61/><E96/><V7/><F55/><W115/><G67/><T88/><D88/><U70/><E44/><V119/><F119/><W118/><G118/><T56/><D46/><U69/><E70/><V57/><F57/><N who="0" m="22090" /><D38/><U6/><E69/><V91/><F36/><W11/><G10/><T31/><D31/><U129/><E9/><V116/><F116/><W50/><G50/><T47/><D47/><U49/><E49/><V12/><F48/><W1/><G1/><T104/><D104/><U37/><E37/><V39/><F3/><W35/><G35/><AGARI ba="1,0" hai="25,26,27,32,33,35,62,63,76,77,78" m="22090" machi="35" ten="40,2600,0" yaku="28,2" doraHai="111" who="0" fromWho="3" sc="456,29,126,0,165,0,253,-29" />
</Scene>
<Scene>
<INIT seed="4,0,0,4,4,39" ten="485,126,165,224" oya="0" hai0="57,34,3,17,14,121,42,45,127,29,48,75,84" hai1="110,64,102,112,133,6,11,47,59,134,98,129,32" hai2="68,119,21,10,96,104,126,35,12,18,54,130,5" hai3="67,117,118,122,86,40,71,100,135,69,108,72,83"/><T22/><D121/><U33/><E110/><V46/><F68/><W26/><G26/><T55/><D75/><U90/><E129/><V41/><F130/><W24/><G24/><T92/><D127/><U114/><E90/><V131/><F131/><W44/><G72/><T88/><D3/><N who="1" m="479" /><E47/><V99/><F126/><W66/><G100/><T13/><D34/><N who="1" m="13419" /><E59/><V91/><F119/><W58/><G86/><T43/><D29/><U116/><E64/><V31/><F104/><W125/><G83/><T111/><D111/><U8/><E8/><V120/><F120/><W80/><G80/><T89/><D89/><U52/><E52/><V74/><F74/><W20/><G122/><T2/><D2/><U115/><E116/><V56/><F91/><W77/><G108/><T107/><D107/><AGARI ba="0,0" hai="98,102,107,112,114,115,133,134" m="13419,479" machi="107" ten="40,5200,0" yaku="15,1,11,1,23,1" doraHai="39" who="1" fromWho="0" sc="485,-52,126,52,165,0,224,0" />
</Scene>
<Scene>
<INIT seed="5,0,0,2,2,42" ten="433,178,165,224" oya="1" hai0="4,120,33,31,129,45,19,74,126,30,37,0,134" hai1="113,97,46,131,34,15,43,16,110,117,35,87,47" hai2="6,101,7,111,119,102,76,135,66,114,79,22,94" hai3="9,81,70,86,112,103,90,49,58,1,72,29,41"/><U57/><E117/><V105/><F119/><W40/><G70/><T64/><D19/><U20/><E113/><V32/><F32/><W91/><G29/><T44/><D4/><U82/><E131/><V127/><F111/><W65/><G72/><T73/><D31/><U68/><E68/><V130/><F105/><W104/><G104/><T89/><D30/><U48/><E110/><V132/><F130/><W21/><G103/><N who="2" m="39433" /><F127/><W26/><G9/><T2/><D64/><U67/><E97/><V39/><F66/><W60/><G1/><T125/><D129/><U100/><E100/><V55/><F114/><W109/><G109/><T5/><D5/><N who="2" m="1546" /><F39/><W27/><G65/><T121/><D37/><U106/><E106/><V61/><F94/><W116/><G116/><T17/><D17/><U63/><REACH who="1" step="1"/><E47/><REACH who="1" ten="433,168,165,224" step="2"/><V13/><F135/><W95/><G112/><T123/><D134/><U71/><E71/><V3/><F132/><W52/><G58/><T18/><D123/><U59/><E59/><N who="2" m="35071" /><F3/><W122/><G122/><T10/><D121/><U36/><E36/><V98/><F98/><W54/><G95/><T69/><D120/><U62/><E62/><V8/><F22/><W84/><G21/><T77/><D2/><U24/><E24/><V11/><F11/><W115/><G115/><T96/><D0/><U14/><E14/><V108/><F108/><W51/><G60/><T124/><D69/><U56/><E56/><V12/><F12/><W118/><G118/><T85/><D126/><U78/><AGARI ba="0,1" hai="15,16,20,34,35,43,46,48,57,63,67,78,82,87" machi="78" ten="20,18000,2" yaku="1,1,0,1,7,1,52,1,54,1,53,1" doraHai="42" doraHaiUra="83" who="1" fromWho="1" sc="433,-60,168,190,165,-60,224,-60" />
</Scene>
<Scene>
<INIT seed="5,1,0,5,4,15" ten="373,358,105,164" oya="1" hai0="70,69,8,85,130,39,129,112,25,12,32,110,2" hai1="81,47,19,117,115,86,29,99,21,48,80,84,120" hai2="101,30,111,97,118,44,59,128,64,78,28,123,133" hai3="40,134,122,4,3,92,132,102,33,131,72,61,100"/><U34/><E120/><V95/><F111/><W60/><G72/><T13/><D110/><U107/><E117/><V14/><F118/><W10/><G131/><N who="0" m="50187" /><D39/><U5/><E115/><V88/><F128/><W24/><G40/><T89/><D112/><U63/><E5/><V9/><F123/><W62/><G122/><T16/><D2/><U103/><E63/><V43/><F133/><N who="3" m="51307" /><G92/><N who="0" m="54319" /><D13/><U55/><E29/><AGARI ba="1,0" hai="3,4,10,24,29,33,60,61,62,100,102" m="51307" machi="29" ten="30,1000,0" yaku="20,1" doraHai="15" who="3" fromWho="1" sc="373,0,358,-13,105,0,164,13" /><AGARI ba="1,0" hai="8,12,16,25,29,32,69,70" m="54319,50187" machi="29" ten="30,3900,0" yaku="19,1,52,1,54,1" doraHai="15" who="0" fromWho="1" sc="373,39,345,-39,105,0,177,0" />
</Scene>
<Scene>
<INIT seed="6,0,0,5,5,90" ten="412,306,105,177" oya="2" hai0="130,42,22,80,79,106,50,117,10,101,77,66,121" hai1="24,126,13,62,92,8,9,53,104,91,65,108,3" hai2="124,68,49,56,43,58,0,133,5,114,75,115,71" hai3="20,15,134,32,48,34,38,74,128,95,113,70,36"/><V39/><F75/><W122/><G95/><T7/><D121/><U93/><E104/><V1/><F5/><W127/><G48/><T109/><D109/><U41/><E108/><V45/><F1/><W112/><G20/><T135/><D130/><U18/><E126/><V69/><F0/><W21/><G21/><T17/><D135/><U60/><E41/><V98/><F98/><W123/><G15/><T64/><D106/><U33/><E53/><V6/><F6/><W105/><G70/><T67/><D101/><U89/><E3/><V30/><F30/><W125/><G105/><T87/><D79/><U100/><E100/><V111/><F111/><W47/><G47/><T12/><D117/><U23/><E33/><N who="3" m="12906" /><G128/><T131/><D131/><U86/><E65/><V51/><F133/><W4/><G4/><T94/><D94/><U129/><E129/><V118/><F118/><W110/><G74/><T55/><D42/><U27/><E27/><V14/><F14/><W78/><G78/><T26/><D66/><U29/><E9/><V85/><F85/><AGARI ba="0,0" hai="8,13,18,23,24,29,60,62,85,86,89,91,92,93" machi="85" ten="30,8000,1" yaku="7,1,9,1,8,1,52,2" doraHai="90" who="1" fromWho="2" sc="412,0,306,80,105,-80,177,0" />
</Scene>
<Scene>
<INIT seed="7,0,0,5,4,81" ten="412,386,25,177" oya="3" hai0="74,30,8,78,14,5,117,99,119,126,130,113,127" hai1="79,17,6,31,132,61,13,1,15,52,76,46,100" hai2="10,91,90,84,98,75,7,9,44,26,50,108,112" hai3="97,95,110,57,59,4,134,109,18,73,106,53,2"/><W60/><G73/><T21/><D78/><U25/><E132/><V114/><F75/><W135/><G106/><T43/><D74/><U32/><E100/><V28/><F108/><N who="3" m="41579" /><G18/><T96/><D43/><U24/><E24/><V65/><F65/><N who="3" m="39055" /><G4/><T39/><D39/><U40/><E15/><V70/><F70/><W36/><G95/><T67/><D67/><U129/><E129/><V63/><F63/><N who="3" m="36335" /><G97/><N who="0" m="37451" /><D113/><U48/><E6/><V128/><F128/><W41/><G2/><T83/><D83/><U121/><E1/><V71/><F71/><W66/><G66/><T35/><D35/><U33/><E33/><V133/><F133/><W123/><G123/><T34/><D34/><U49/><E121/><V122/><F122/><W64/><G64/><T51/><D130/><U37/><E79/><V107/><F107/><W103/><G103/><T125/><D51/><U88/><E76/><V42/><F98/><W62/><G62/><T69/><D69/><U131/><E131/><V77/><F114/><W54/><G54/><T22/><D22/><U47/><E61/><V55/><F112/><W94/><G94/><T0/><D0/><U20/><E20/><V116/><F116/><W16/><G16/><T72/><D72/><U111/><E111/><V68/><F68/><W38/><G38/><T56/><D21/><N who="1" m="11439" /><E37/><V85/><F55/><W118/><G118/><N who="0" m="45067" /><D30/><U86/><E88/><N who="2" m="33835" /><F77/><W92/><G135/><T45/><D45/><U115/><E115/><V19/><F28/><W82/><G134/><T29/><D29/><U12/><E12/><N who="2" m="5183" /><F10/><W120/><G120/><T102/><D102/><RYUUKYOKU ba="0,0" sc="412,10,386,10,25,10,177,-30" hai0="5,8,14,56,125,126,127" hai1="25,31,32,40,46,47,48,49,52,86" hai2="19,26,42,44,50,84,85" owari="422,51.0,396,20.0,35,-46.0,147,-25.0" />
</Scene>
</mjloggm>