<mjloggm ver="2.3"><GO type="169"/><UN n0="%6E%69%6A%69" n1="%E2%98%85%E3%83%86%E3%82%AF%E3%83%8E%E3%83%8F%E3%82%A6%E3%82%B9%E2%98%85" n2="%E8%8A%8B%EF%BC%A0%EF%BC%90%EF%BC%98%E2%80%99" n3="%E5%A4%AA%E3%81%8F%E3%81%AA%E3%81%84%E3%81%8A" dan="16,16,16,17" rate="2105,2048,2088,2193" sx="F,M,M,M"/><TAIKYOKU oya="0"/>

<Scene>
<INIT seed="0,0,0,3,4,29" ten="250,250,250,250" oya="0" hai0="3,122,46,59,65,113,67,49,0,133,39,92,34" hai1="4,5,30,23,11,8,109,15,128,78,26,41,31" hai2="84,50,131,72,116,97,36,129,22,115,61,135,89" hai3="9,96,76,70,79,63,120,114,14,12,69,88,82"/><T132/><D39/><U27/><E78/><V130/><F36/><W37/><G114/><T54/><D113/><U60/><E41/><V24/><F115/><W58/><G37/><T98/><D122/><U103/><E103/><V7/><F72/><W123/><G96/><T25/><D0/><N who="1" m="7" /><E60/><V111/><F116/><W95/><G95/><T71/><D3/><U43/><E43/><V86/><F7/><W64/><G79/><T99/><D99/><U110/><E128/><V94/><F111/><W102/><G102/><T53/><D71/><U38/><E38/><V48/><F135/><N who="0" m="51786" /><D92/><U85/><E85/><N who="2" m="32875" /><F61/><W112/><G112/><T77/><D77/><U57/><E57/><V19/><AGARI ba="0,0" hai="19,22,24,48,50,89,94,97,129,130,131" m="32875" machi="19" ten="40,1500,0" yaku="19,1" doraHai="29" who="2" fromWho="2" sc="250,-7,250,-4,250,15,250,-4" />
</Scene>
<Scene>
<INIT seed="1,0,0,5,2,59" ten="243,246,265,246" oya="1" hai0="81,32,97,23,126,134,85,29,17,105,71,46,127" hai1="28,25,120,119,101,58,86,1,3,122,89,30,7" hai2="6,37,93,26,70,74,24,72,102,42,16,98,103" hai3="35,116,112,39,94,40,62,45,73,34,12,106,84"/><U108/><E119/><V50/><F70/><W91/><G112/><T8/><D71/><U129/><E129/><V76/><F37/><W109/><G106/><T14/><D134/><U64/><E101/><V57/><F6/><W4/><G73/><T87/><D32/><U133/><E133/><V20/><F103/><W55/><G116/><T90/><D97/><U104/><E104/><V111/><F111/><W10/><REACH who="3" step="1"/><G109/><REACH who="3" ten="243,246,265,236" step="2"/><T63/><D105/><U60/><E108/><V123/><F72/><W52/><G52/><T69/><D127/><U83/><E28/><V65/><F123/><W118/><G118/><T95/><D29/><U114/><E114/><V44/><F74/><W115/><G115/><T51/><D126/><U22/><REACH who="1" step="1"/><E7/><REACH who="1" ten="243,236,265,236" step="2"/><V15/><REACH who="2" step="1"/><F76/><REACH who="2" ten="243,236,255,236" step="2"/><W18/><G18/><T75/><D17/><U9/><E9/><V53/><F53/><W78/><G78/><T36/><D8/><U100/><E100/><V117/><F117/><W41/><G41/><T107/><D75/><U128/><E128/><V124/><F124/><W19/><G19/><T125/><D125/><U121/><AGARI ba="0,3" hai="1,3,22,25,30,58,60,64,83,86,89,120,121,122" machi="121" ten="30,6000,0" yaku="1,1,0,1,52,1,53,0" doraHai="59" doraHaiUra="88" who="1" fromWho="1" sc="243,-20,236,90,255,-20,236,-20" />
</Scene>
<Scene>
<INIT seed="1,1,0,2,0,129" ten="223,326,235,216" oya="1" hai0="35,13,130,34,18,117,118,25,88,75,116,23,48" hai1="0,92,1,71,12,4,62,122,54,58,51,10,26" hai2="84,111,65,20,37,128,29,70,115,27,125,83,119" hai3="68,11,85,97,46,33,124,24,110,61,55,103,87"/><U17/><E122/><V105/><F119/><W101/><G110/><T59/><D75/><U121/><E121/><V6/><F128/><W45/><G124/><T2/><D130/><U134/><E71/><V112/><F125/><W72/><G72/><T86/><D2/><U64/><E92/><V52/><F111/><W78/><G11/><T22/><D48/><U80/><E80/><V32/><F37/><W79/><G33/><T102/><D102/><U120/><E120/><V132/><F105/><W43/><G24/><T94/><REACH who="0" step="1"/><D59/><REACH who="0" ten="213,326,235,216" step="2"/><U31/><E1/><V60/><F115/><W95/><G101/><T7/><D7/><U77/><E0/><V108/><F6/><W50/><G68/><T67/><D67/><U74/><E4/><V76/><F108/><W107/><G61/><T49/><D49/><U98/><E74/><V21/><F112/><W100/><G100/><T104/><D104/><U53/><E64/><V113/><F113/><W93/><G107/><T66/><D66/><U82/><E51/><V14/><F65/><W99/><G103/><T3/><D3/><U109/><E109/><V5/><F70/><W19/><G50/><T90/><D90/><U44/><E58/><V73/><F73/><W135/><G55/><T15/><D15/><U42/><E54/><V96/><F14/><W36/><G36/><T8/><D8/><U63/><E53/><V114/><F5/><W91/><G91/><T41/><D41/><U28/><E10/><V9/><F9/><W69/><G43/><T16/><AGARI ba="1,1" hai="13,16,18,22,23,25,34,35,86,88,94,116,117,118" machi="16" ten="40,8000,1" yaku="1,1,0,1,54,2,53,0" doraHai="129" doraHaiUra="39" who="0" fromWho="0" sc="213,93,326,-41,235,-21,216,-21" />
</Scene>
<Scene>
<INIT seed="2,0,0,5,5,99" ten="306,285,214,195" oya="2" hai0="80,93,64,115,44,50,78,61,27,9,124,120,121" hai1="100,123,94,63,13,3,84,29,133,104,129,122,62" hai2="52,87,38,113,58,59,23,105,128,60,119,109,91" hai3="35,135,5,54,96,8,85,7,111,110,76,42,51"/><V116/><F113/><W74/><G35/><T49/><D115/><U101/><E3/><V20/><F38/><W82/><G135/><T98/><D124/><U18/><E29/><V22/><F105/><W72/><G42/><T131/><D131/><U17/><E129/><V132/><F128/><W92/><G74/><T97/><D97/><U130/><E130/><V95/><F132/><W89/><G72/><T88/><D27/><U36/><E36/><V34/><F34/><W40/><G40/><T102/><D9/><U56/><E104/><V81/><F109/><N who="3" m="41483" /><G8/><T45/><D49/><U41/><E41/><V33/><F33/><W47/><AGARI ba="0,0" hai="5,7,47,51,54,76,82,85,89,92,96" m="41483" machi="47" ten="30,1100,0" yaku="14,1" doraHai="99" who="3" fromWho="3" sc="306,-3,285,-3,214,-5,195,11" />
</Scene>
<Scene>
<INIT seed="3,0,0,0,5,21" ten="303,282,209,206" oya="3" hai0="11,51,114,90,95,100,84,40,111,76,41,102,17" hai1="116,112,46,3,2,47,48,50,99,135,120,33,27" hai2="75,101,29,53,85,23,89,71,36,72,134,122,109" hai3="60,118,68,93,119,88,62,69,39,123,1,10,79"/><W25/><G123/><T6/><D114/><U43/><E120/><V124/><F122/><W8/><G39/><T74/><D111/><U105/><E112/><V66/><F36/><W0/><G79/><T70/><D70/><U67/><E135/><V96/><F109/><W19/><G93/><T87/><D74/><U63/><E116/><V127/><F134/><W129/><G19/><T78/><D17/><U117/><E117/><V61/><F53/><W130/><REACH who="3" step="1"/><G88/><REACH who="3" ten="303,282,209,196" step="2"/><N who="0" m="53639" /><D76/><U37/><E37/><V13/><F101/><W106/><G106/><T30/><D78/><U125/><E105/><V44/><F96/><W52/><G52/><T15/><D30/><U103/><E99/><V42/><F75/><W73/><G73/><T55/><D100/><U28/><E103/><V131/><F72/><W91/><G91/><T38/><D102/><U132/><E132/><V113/><F113/><W115/><G115/><T35/><D38/><U98/><E98/><V81/><F29/><W58/><G58/><N who="0" m="33151" /><D35/><U18/><E18/><V45/><F89/><W83/><G83/><AGARI ba="0,1" hai="6,11,15,40,41,83,87,90" m="33151,53639" machi="83" ten="30,2000,0" yaku="8,1,54,1" doraHai="21" who="0" fromWho="3" sc="303,30,282,0,209,0,196,-20" />
</Scene>
<Scene>
<INIT seed="4,0,0,2,4,127" ten="333,282,209,176" oya="0" hai0="102,1,90,54,11,37,108,2,94,114,62,76,124" hai1="17,131,82,63,46,100,55,110,9,88,106,105,134" hai2="93,4,10,25,40,36,43,83,66,50,65,28,39" hai3="8,74,48,0,126,113,61,60,33,89,128,44,92"/><T109/><D37/><U58/><E110/><V96/><F83/><W67/><G33/><T56/><D124/><U68/><E68/><V122/><F122/><W107/><G107/><T101/><D76/><U42/><E134/><V38/><F66/><W69/><G74/><T85/><D114/><U31/><E31/><V77/><F65/><W72/><G72/><T119/><D119/><U13/><E100/><V3/><F77/><W7/><G126/><T75/><D75/><U103/><E103/><N who="0" m="39433" /><D11/><U86/><REACH who="1" step="1"/><E131/><REACH who="1" ten="333,272,209,176" step="2"/><V35/><F50/><AGARI ba="0,1" hai="9,13,17,42,46,50,55,58,63,82,86,88,105,106" machi="50" ten="30,7700,0" yaku="1,1,2,1,7,1,54,1,53,0" doraHai="127" doraHaiUra="99" who="1" fromWho="2" sc="333,0,272,87,209,-77,176,0" />
</Scene>
<Scene>
<INIT seed="5,0,0,0,4,51" ten="333,359,132,176" oya="1" hai0="20,6,9,110,119,97,106,95,70,115,128,112,54" hai1="3,92,108,28,79,8,46,90,63,55,120,103,135" hai2="57,41,122,89,49,111,85,47,101,125,48,80,127" hai3="69,96,124,26,109,88,27,43,121,129,23,86,133"/><U12/><E3/><V13/><F111/><W2/><G109/><T32/><D32/><U132/><E120/><V50/><F122/><W31/><G121/><T93/><D110/><U53/><E103/><V11/><F101/><W107/><G2/><T67/><D106/><U105/><E105/><V16/><REACH who="2" step="1"/><F57/><REACH who="2" ten="333,359,122,176" step="2"/><W42/><G69/><T38/><D70/><U45/><E108/><V72/><F72/><W65/><G124/><AGARI ba="0,1" hai="11,13,16,41,47,48,49,50,80,85,89,124,125,127" machi="124" ten="40,5200,0" yaku="1,1,18,1,54,1,53,0" doraHai="51" doraHaiUra="22" who="2" fromWho="3" sc="333,0,359,0,122,62,176,-52" />
</Scene>
<Scene>
<INIT seed="6,0,0,3,0,117" ten="333,359,184,124" oya="2" hai0="43,58,23,44,11,95,16,110,86,135,83,113,60" hai1="73,101,50,108,106,77,90,99,2,37,63,119,70" hai2="89,34,127,84,123,1,97,46,91,28,26,51,56" hai3="20,9,104,48,132,65,53,80,45,72,35,126,109"/><V42/><F1/><W92/><G109/><T102/><D110/><U131/><E37/><V14/><F127/><W38/><G35/><T94/><D135/><U96/><E2/><V79/><F123/><W134/><G104/><T17/><D102/><U71/><E119/><V47/><F56/><W118/><G118/><T122/><D122/><U87/><E96/><V6/><F47/><W112/><G126/><T93/><D11/><U12/><E63/><V33/><F33/><W41/><G112/><T19/><D113/><U98/><E98/><V124/><F124/><W30/><G65/><T76/><D44/><U29/><E29/><V81/><REACH who="2" step="1"/><F97/><REACH who="2" ten="333,359,174,124" step="2"/><W111/><G111/><T107/><D107/><N who="1" m="63935" /><E108/><V4/><F4/><W55/><G45/><T69/><D69/><U13/><E106/><V128/><F128/><W100/><G132/><T36/><D36/><U125/><E125/><V0/><F0/><W129/><G134/><T74/><D43/><U62/><E131/><V66/><F66/><W114/><G41/><T32/><D32/><U39/><E39/><V22/><F22/><W133/><G20/><T116/><D116/><U10/><E70/><V88/><F88/><W40/><G40/><T3/><D3/><U82/><E71/><V64/><F64/><W85/><G38/><T31/><D23/><U52/><E90/><V18/><F18/><W121/><G133/><T68/><D68/><U105/><E105/><V54/><F54/><W5/><G129/><T24/><D17/><U130/><E130/><V59/><F59/><W49/><G121/><T21/><D58/><RYUUKYOKU ba="0,1" sc="333,-10,359,-10,174,30,124,-10" hai2="6,14,26,28,34,42,46,51,79,81,84,89,91" />
</Scene>
<Scene>
<INIT seed="6,1,1,3,2,17" ten="323,349,204,114" oya="2" hai0="93,80,128,113,135,130,106,77,35,123,125,134,78" hai1="40,15,5,54,39,33,46,52,89,8,19,99,104" hai2="58,63,42,68,90,129,59,72,82,109,1,124,118" hai3="14,86,71,3,62,85,91,37,100,43,105,95,41"/><V122/><F1/><W73/><G3/><T96/><D35/><U79/><E33/><V112/><F59/><W61/><G73/><T121/><D106/><U74/><E74/><V30/><F118/><W48/><G37/><T83/><D125/><U18/><E79/><N who="0" m="30217" /><D113/><U69/><E69/><V101/><F72/><W10/><G105/><T88/><D80/><U97/><E99/><V102/><F68/><W47/><G100/><N who="2" m="38505" /><F122/><N who="0" m="46602" /><D83/><U103/><E89/><V70/><F70/><W6/><G71/><T75/><D75/><U132/><E132/><AGARI ba="1,1" hai="88,93,96,128,130,132,134,135" m="46602,30217" machi="132" ten="40,8000,1" yaku="20,1,34,2,54,1" doraHai="17" who="0" fromWho="1" sc="323,93,349,-83,204,0,114,0" />
</Scene>
<Scene>
<INIT seed="7,0,0,2,5,59" ten="416,266,204,114" oya="3" hai0="74,100,55,48,132,103,90,116,29,97,107,37,104" hai1="28,67,57,84,76,18,3,113,70,79,4,109,120" hai2="51,91,125,2,122,128,71,95,133,9,72,108,24" hai3="35,56,129,118,47,75,135,52,46,111,77,80,78"/><W44/><G118/><T10/><D37/><U53/><E28/><V64/><F108/><W121/><G121/><T88/><D74/><U25/><E67/><V106/><F106/><W54/><G35/><T6/><D29/><U73/><E70/><V83/><F122/><W12/><G111/><T61/><D132/><U45/><E45/><V63/><F133/><W16/><G135/><T126/><D126/><U124/><E73/><V82/><F125/><W20/><G129/><T50/><D50/><U117/><E4/><V130/><F24/><W39/><G78/><T42/><D42/><U30/><E3/><V131/><F72/><W98/><G39/><T21/><D21/><U85/><E18/><V89/><F51/><W43/><G43/><T115/><D115/><U1/><E1/><V38/><F38/><W68/><G68/><T58/><D48/><U94/><E124/><V17/><F89/><W92/><REACH who="3" step="1"/><G56/><REACH who="3" ten="416,266,204,104" step="2"/><T22/><D116/><U34/><E117/><V49/><F131/><W31/><G31/><T119/><D119/><U105/><E120/><V134/><F134/><W0/><G0/><T13/><D58/><U110/><E109/><V81/><F130/><W123/><G123/><T14/><D107/><U99/><E110/><V93/><F128/><W62/><G62/><T11/><D104/><U102/><E105/><V87/><F2/><W27/><G27/><T66/><D61/><N who="1" m="36015" /><E113/><V26/><F49/><W60/><G60/><T127/><D127/><U114/><E114/><V69/><F69/><W65/><G65/><T40/><D66/><U8/><E25/><RYUUKYOKU ba="0,1" sc="416,-10,266,-10,204,-10,104,30" hai3="12,16,20,44,46,47,52,54,75,77,80,92,98" />
</Scene>
<Scene>
<INIT seed="7,1,1,0,1,118" ten="406,256,194,134" oya="3" hai0="11,35,132,33,80,39,103,51,86,93,91,106,64" hai1="36,117,5,92,60,50,7,85,73,81,37,21,99" hai2="108,25,135,29,75,130,109,131,57,113,59,66,22" hai3="98,87,111,38,114,63,15,34,3,18,56,127,62"/><W31/><G38/><T128/><D39/><U82/><E73/><V78/><F75/><W26/><G3/><T134/><D64/><U17/><E117/><V68/><F78/><W96/><G114/><T119/><D119/><U24/><E37/><V89/><F113/><W79/><G127/><T13/><D106/><U49/><E36/><V58/><F89/><W19/><G111/><T20/><D20/><U76/><E60/><N who="2" m="40007" /><F135/><W100/><G63/><T32/><D128/><AGARI ba="1,1" hai="22,25,29,57,58,59,108,109,128,130,131" m="40007" machi="128" ten="30,1000,0" yaku="19,1" doraHai="118" who="2" fromWho="0" sc="406,-13,256,0,194,23,134,0" owari="393,49.0,256,6.0,217,-18.0,134,-37.0" />
</Scene>
</mjloggm>