<mjloggm ver="2.3"><GO type="169"/><UN n0="%E5%A4%AA%E3%81%8F%E3%81%AA%E3%81%84%E3%81%8A" n1="%E3%81%91%E3%82%93%31%39%37%30" n2="%74%61%72%6F%6F" n3="%E3%81%84%E3%81%AC%E3%81%98%E3%82%83%E3%82%89%E3%81%97" dan="18,16,18,17" rate="2161,2111,2192,2164" sx="M,M,M,M"/><TAIKYOKU oya="0"/>

<Scene>
<INIT seed="0,0,0,5,2,116" ten="250,250,250,250" oya="0" hai0="0,96,25,34,49,15,51,40,110,127,3,81,129" hai1="24,1,90,121,78,113,92,95,10,39,120,48,13" hai2="21,122,91,28,44,119,56,79,20,103,43,114,124" hai3="97,47,118,73,112,109,63,16,75,69,42,82,64"/><T46/><D129/><U117/><E117/><V30/><F119/><W77/><G118/><T115/><D115/><U133/><E39/><V70/><F70/><W126/><G112/><T41/><D127/><U134/><E113/><V36/><F114/><W54/><G126/><T76/><D110/><U35/><E78/><V50/><F103/><W85/><G109/><T61/><D61/><U67/><E1/><V105/><F105/><W130/><G130/><T71/><D71/><U72/><E72/><V83/><F91/><W98/><G54/><T19/><D96/><U32/><E67/><V86/><F124/><W123/><G123/><N who="1" m="47178" /><E48/><V12/><F122/><W111/><G111/><T89/><D89/><U104/><E104/><V53/><F21/><W31/><G31/><T87/><D34/><N who="1" m="12843" /><E24/><V66/><F66/><W57/><G69/><T128/><D25/><U23/><E23/><V88/><F79/><W106/><G16/><T100/><D100/><U68/><E68/><V8/><F20/><W22/><G22/><T84/><D128/><U27/><E27/><V38/><F38/><W5/><G5/><AGARI ba="0,0" hai="5,8,12,28,30,36,43,44,50,53,56,83,86,88" machi="5" ten="30,2000,0" yaku="7,1,54,1" doraHai="116" who="2" fromWho="3" sc="250,0,250,0,250,20,250,-20" />
</Scene>
<Scene>
<INIT seed="1,0,0,3,1,81" ten="250,250,270,230" oya="1" hai0="10,124,58,33,49,68,74,89,113,65,107,97,130" hai1="127,45,101,66,103,71,110,24,26,96,95,88,9" hai2="79,48,14,23,56,28,70,40,72,61,20,42,31" hai3="17,11,67,19,135,84,133,4,104,60,106,64,3"/><U94/><E127/><V34/><F34/><W62/><G11/><T115/><D74/><U99/><E110/><V116/><F116/><W114/><G4/><T109/><D33/><U76/><E76/><V86/><F72/><W129/><G129/><T125/><D109/><U111/><E111/><V119/><F70/><W53/><G53/><N who="0" m="32047" /><D130/><U69/><E45/><N who="2" m="25639" /><F42/><W29/><G29/><T120/><D120/><U55/><E55/><V7/><F23/><W43/><G43/><T30/><D30/><U112/><E9/><N who="2" m="4415" /><F20/><W16/><G19/><T0/><D10/><U54/><E54/><N who="2" m="33943" /><F119/><W128/><G128/><T51/><D0/><U37/><E37/><V18/><F18/><W93/><G3/><T83/><D107/><U132/><E112/><V5/><F5/><W98/><G114/><T73/><D73/><U75/><E75/><V108/><F108/><W21/><G21/><T80/><D115/><U44/><E44/><V32/><F32/><W57/><G57/><T131/><D68/><U121/><E121/><V36/><F36/><W47/><G47/><T25/><D113/><U77/><E66/><V105/><F105/><W50/><G50/><T46/><D65/><U22/><E22/><V52/><F52/><W59/><G59/><T100/><D131/><U82/><E71/><V126/><F126/><W41/><G41/><T85/><D124/><U38/><E38/><V91/><F79/><W35/><G35/><T13/><D46/><U87/><E69/><V92/><AGARI ba="0,0" hai="28,31,86,91,92" m="33943,4415,25639" machi="92" ten="30,2000,0" yaku="8,1,52,1" doraHai="81" who="2" fromWho="2" sc="250,-5,250,-10,270,20,230,-5" />
</Scene>
<Scene>
<INIT seed="2,0,0,5,3,1" ten="245,240,290,225" oya="2" hai0="22,97,7,66,52,45,103,61,2,51,121,24,41" hai1="89,40,26,67,80,88,78,91,118,43,74,134,113" hai2="104,98,93,120,122,21,50,126,132,48,86,42,83" hai3="112,106,25,125,96,47,63,32,127,18,4,73,5"/><V87/><F104/><W15/><G73/><T54/><D121/><U71/><E118/><V8/><F126/><N who="3" m="48139" /><G112/><T92/><D2/><U57/><E113/><V90/><F132/><W33/><G63/><T75/><D75/><U31/><E71/><V46/><F87/><W19/><G47/><T102/><D102/><U70/><E70/><V79/><F21/><N who="3" m="13503" /><G96/><T58/><REACH who="0" step="1"/><D7/><REACH who="0" ten="235,240,290,225" step="2"/><N who="3" m="2633" /><G106/><T128/><D128/><U9/><E134/><V59/><F120/><W14/><G14/><T10/><D10/><AGARI ba="0,1" hai="10,15,18,32,33" m="2633,13503,48139" machi="10" ten="30,12000,2" yaku="18,1,34,2,52,3" doraHai="1" who="3" fromWho="0" sc="235,-120,240,0,290,0,225,130" />
</Scene>
<Scene>
<INIT seed="3,0,0,4,1,107" ten="115,240,290,355" oya="3" hai0="128,42,50,22,101,87,34,110,9,63,12,83,35" hai1="89,74,14,132,121,43,23,65,48,108,58,39,66" hai2="59,75,21,91,81,64,115,24,76,37,88,0,82" hai3="95,125,111,52,6,36,93,56,46,122,98,7,102"/><W97/><G122/><T103/><D110/><U135/><E108/><V105/><F37/><W60/><G111/><T15/><D128/><U30/><E121/><V78/><F0/><W71/><G125/><T3/><D3/><U109/><E109/><V118/><F105/><W33/><G33/><T85/><D63/><U84/><E39/><V41/><F41/><W4/><G71/><T26/><D35/><U69/><E69/><V18/><F115/><W124/><G124/><T11/><D34/><U114/><E114/><V20/><F118/><W100/><G36/><T54/><D42/><U2/><E2/><V8/><F8/><W5/><N who="3" m="1024" /><DORA hai="92" /><W79/><G79/><T16/><D11/><U117/><E117/><V45/><F45/><AGARI ba="0,0" hai="45,46,52,56,60,93,95,97,98,100,102" m="1024" machi="45" ten="50,12000,1" yaku="9,1,8,1,52,2,54,1" doraHai="107,92" who="3" fromWho="2" sc="115,0,240,0,290,-120,355,120" />
</Scene>
<Scene>
<INIT seed="3,1,0,3,3,102" ten="115,240,170,475" oya="3" hai0="62,126,54,23,94,82,39,119,88,127,0,38,16" hai1="70,96,74,75,56,37,36,46,19,87,72,123,71" hai2="21,122,100,55,53,64,8,84,34,85,68,110,59" hai3="86,108,27,99,113,125,20,117,1,25,13,83,79"/><W134/><G117/><T29/><D119/><U41/><E123/><V15/><F34/><W60/><G113/><T67/><D0/><U6/><E6/><V11/><F110/><W77/><G1/><T107/><D29/><U129/><E87/><V98/><F68/><W73/><G108/><T10/><D10/><U47/><E56/><V50/><F64/><W133/><G125/><N who="0" m="47627" /><D82/><U130/><E19/><V116/><F116/><W89/><G99/><N who="0" m="57799" /><D107/><U44/><E96/><V81/><F122/><W66/><G13/><N who="0" m="9615" /><D54/><U3/><E3/><V95/><F55/><W2/><G2/><T109/><D109/><U9/><E9/><N who="2" m="3659" /><F81/><N who="3" m="49359" /><G79/><T58/><AGARI ba="1,0" hai="38,39,58,62,67" m="9615,57799,47627" machi="58" ten="30,4000,0" yaku="18,1,54,2" doraHai="102" who="0" fromWho="0" sc="115,43,240,-11,170,-11,475,-21" />
</Scene>
<Scene>
<INIT seed="4,0,0,3,2,29" ten="158,229,159,454" oya="0" hai0="28,23,135,109,44,117,103,3,17,8,86,80,94" hai1="22,11,9,85,125,33,99,34,78,39,105,89,102" hai2="92,55,53,10,79,32,4,82,54,83,15,37,127" hai3="62,128,132,71,31,38,74,50,77,12,57,25,49"/><T87/><D117/><U96/><E39/><V61/><F37/><W90/><G38/><T21/><D135/><U24/><E78/><V112/><F127/><W64/><G128/><T46/><D109/><U120/><E120/><V66/><F112/><W0/><G0/><T43/><D28/><U69/><E69/><V115/><F115/><W131/><G131/><T75/><D75/><U124/><E99/><V58/><F32/><W91/><G12/><N who="0" m="7303" /><D3/><U93/><E11/><V133/><F133/><W48/><G132/><T1/><D1/><U111/><E9/><V68/><F68/><W7/><G7/><T119/><D119/><U65/><E65/><V114/><F114/><W118/><G71/><T13/><D43/><U107/><E107/><V121/><F121/><W56/><G56/><T2/><D2/><U76/><E76/><V35/><F35/><W30/><G118/><T100/><D87/><U40/><E40/><V16/><F92/><W88/><REACH who="3" step="1"/><G25/><REACH who="3" ten="158,229,159,444" step="2"/><T26/><D26/><U122/><E122/><V116/><F116/><W19/><G19/><T18/><D13/><U27/><E27/><V6/><REACH who="2" step="1"/><F82/><AGARI ba="0,1" hai="30,31,48,49,50,57,62,64,74,77,82,88,90,91" machi="82" ten="40,5200,0" yaku="1,1,54,1,53,1" doraHai="29" doraHaiUra="104" who="3" fromWho="2" sc="158,0,229,0,159,-52,444,62" />
</Scene>
<Scene>
<INIT seed="5,0,0,3,3,2" ten="158,229,107,506" oya="1" hai0="107,10,81,89,83,85,27,122,16,112,38,92,135" hai1="93,32,65,101,109,77,110,9,61,62,12,7,129" hai2="23,52,60,99,78,69,113,64,111,5,45,66,31" hai3="14,73,48,22,63,126,88,100,115,72,134,42,25"/><U18/><E32/><V54/><F111/><N who="1" m="42505" /><E77/><V6/><F113/><W118/><G100/><T56/><D112/><U114/><E114/><V24/><F78/><W30/><G118/><T35/><D107/><U90/><E101/><V130/><F130/><W96/><G126/><T20/><D38/><U47/><E129/><V84/><F84/><W103/><G134/><T128/><D128/><U70/><E62/><V43/><F99/><W91/><G115/><T131/><D131/><U95/><E90/><V98/><F98/><W102/><G63/><T94/><D135/><U55/><E18/><V86/><F86/><W67/><G103/><T117/><D117/><U19/><E19/><V125/><F125/><W40/><G88/><N who="0" m="53263" /><D35/><U116/><E116/><V50/><F66/><W76/><G67/><T80/><D122/><U124/><E124/><V127/><F127/><W21/><G91/><T44/><D89/><U105/><E105/><V49/><F43/><W0/><G42/><T39/><D94/><N who="1" m="35851" /><E47/><AGARI ba="0,0" hai="5,6,23,24,31,45,47,49,50,52,54,60,64,69" machi="47" ten="30,8000,1" yaku="7,1,9,1,52,2,54,1" doraHai="2" who="2" fromWho="1" sc="158,0,229,-80,107,80,506,0" />
</Scene>
<Scene>
<INIT seed="6,0,0,3,3,38" ten="158,149,187,506" oya="2" hai0="18,13,10,36,3,32,106,93,135,23,12,124,75" hai1="108,16,44,39,60,94,120,24,122,97,53,27,81" hai2="79,62,129,71,2,29,14,112,59,118,47,37,101" hai3="80,40,5,82,77,52,55,20,58,86,119,70,88"/><V134/><F2/><W96/><G70/><T6/><D106/><U45/><E108/><V19/><F118/><W30/><G40/><T15/><D75/><U8/><E81/><V57/><F29/><W65/><G119/><T21/><D36/><U84/><E84/><V127/><F79/><W91/><G5/><T42/><D93/><U131/><E131/><V133/><F101/><W103/><G65/><T117/><D117/><U4/><E27/><V0/><F0/><W28/><G20/><T113/><D42/><U102/><E39/><V125/><F71/><W110/><G110/><T49/><D49/><U51/><E60/><V7/><F7/><W26/><G26/><N who="0" m="14647" /><D113/><U41/><E45/><V98/><F98/><W54/><G58/><N who="2" m="22025" /><F62/><W76/><G76/><T9/><D32/><U107/><E107/><V66/><F66/><W95/><REACH who="3" step="1"/><G91/><REACH who="3" ten="158,149,187,496" step="2"/><T25/><D6/><U105/><E4/><V121/><F37/><W63/><G63/><T99/><D3/><U35/><E35/><V61/><F61/><W126/><G126/><T73/><D124/><U90/><E24/><V114/><F125/><W115/><G115/><T22/><D23/><U56/><E122/><V132/><F121/><W48/><G48/><T123/><D22/><U72/><E120/><V100/><F127/><W50/><G50/><T64/><D123/><U17/><E8/><V83/><F112/><W87/><AGARI ba="0,1" hai="28,30,52,54,55,77,80,82,86,87,88,95,96,103" machi="87" ten="30,8000,1" yaku="1,1,0,1,8,1,54,2,53,0" doraHai="38" doraHaiUra="31" who="3" fromWho="3" sc="158,-20,149,-20,187,-40,496,90" />
</Scene>
<Scene>
<INIT seed="7,0,0,1,1,19" ten="138,129,147,586" oya="3" hai0="27,2,112,126,55,89,107,11,64,48,100,33,37" hai1="46,95,54,125,113,30,88,70,86,111,68,106,80" hai2="58,41,77,61,108,65,28,78,57,104,102,26,121" hai3="72,38,99,85,117,35,12,40,110,36,56,52,50"/><W44/><G72/><T3/><D37/><U114/><E111/><V96/><F108/><W101/><G110/><T47/><D64/><U4/><E106/><V135/><F135/><W97/><G117/><T120/><D120/><U74/><E4/><V42/><F121/><W63/><G35/><T18/><D107/><U32/><E125/><V45/><F58/><W1/><G1/><T118/><D100/><U24/><E74/><V93/><F104/><W17/><G85/><T91/><D118/><U83/><E68/><V123/><F123/><W87/><G87/><T82/><D126/><U76/><E70/><V39/><F42/><W34/><G34/><AGARI ba="0,0" hai="26,28,34,39,41,45,57,61,65,77,78,93,96,102" machi="34" ten="30,1000,0" yaku="7,1" doraHai="19" who="2" fromWho="3" sc="138,0,129,0,147,10,586,-10" owari="138,-26.0,129,-37.0,157,-4.0,576,67.0" />
</Scene>
</mjloggm>