<mjloggm ver="2.3"><GO type="169"/><UN n0="%E3%80%93%E3%81%AC%E3%82%8B%E3%81%BE%E3%82%86%E3%80%93" n1="%EF%BC%BC%28%EF%BC%BE%6F%EF%BC%BE%29%EF%BC%8F%E2%98%85" n2="%E5%A4%AA%E3%81%8F%E3%81%AA%E3%81%84%E3%81%8A" n3="%E3%81%84%E3%81%A1%E3%81%8B%E3%82%8F%E2%99%AA" dan="16,18,18,17" rate="2030,2186,2162,2132" sx="M,M,M,M"/><TAIKYOKU oya="0"/>

<Scene>
<INIT seed="0,0,0,2,1,127" ten="250,250,250,250" oya="0" hai0="108,46,118,100,14,0,101,106,53,19,77,31,84" hai1="61,32,24,73,51,33,13,62,96,67,4,79,112" hai2="50,30,111,41,125,85,89,117,95,55,120,131,59" hai3="34,65,38,49,83,17,88,27,37,97,107,12,129"/><T36/><D0/><U10/><E112/><V80/><F120/><W18/><G65/><T11/><D118/><U2/><E73/><V7/><F125/><W116/><G116/><T58/><D31/><U21/><E79/><V71/><F71/><W122/><G122/><T128/><D108/><U15/><E61/><V114/><F114/><W91/><G49/><T28/><D28/><U76/><E76/><V124/><F124/><W102/><G129/><T103/><D128/><U90/><E51/><V72/><F117/><W54/><G54/><T1/><D1/><U130/><E130/><V74/><F131/><W86/><G91/><T48/><D36/><U45/><E45/><V119/><F119/><W69/><G69/><T56/><REACH who="0" step="1"/><D106/><REACH who="0" ten="240,250,250,250" step="2"/><U132/><E2/><V113/><F111/><W82/><G38/><T110/><D110/><U134/><E33/><V60/><F113/><W3/><G37/><T22/><D22/><U40/><E21/><V57/><F30/><W8/><G3/><T93/><D93/><U9/><E32/><V23/><F23/><W5/><G83/><AGARI ba="0,1" hai="11,14,19,46,48,53,56,58,77,83,84,100,101,103" machi="83" ten="40,7700,0" yaku="1,1,8,1,53,1" doraHai="127" doraHaiUra="44" who="0" fromWho="3" sc="240,87,250,0,250,0,250,-77" />
</Scene>
<Scene>
<INIT seed="0,1,0,2,1,96" ten="327,250,250,173" oya="0" hai0="66,67,90,12,94,113,117,98,102,97,118,86,111" hai1="22,59,48,129,119,63,9,14,19,120,78,42,115" hai2="26,122,68,33,13,95,28,6,134,62,125,54,46" hai3="77,29,5,36,108,132,124,84,64,123,105,65,61"/><T121/><D121/><U21/><BYE who="3" /><E120/><V92/><F122/><W11/><G11/><T50/><D113/><U110/><E119/><V38/><F125/><W89/><G89/><T135/><D135/><U104/><E115/><V126/><F126/><W3/><G3/><T73/><D73/><U71/><E104/><V87/><F134/><W45/><G45/><T40/><D111/><U32/><E32/><V75/><F75/><W43/><G43/><T130/><D130/><U15/><E129/><V83/><F38/><W35/><G35/><T55/><D40/><U58/><E110/><V72/><F72/><W34/><G34/><T25/><D25/><U39/><E39/><V31/><F31/><UN n3="%E3%81%84%E3%81%A1%E3%81%8B%E3%82%8F%E2%99%AA" /><W70/><G36/><T20/><D117/><U101/><E78/><V76/><F46/><W30/><G108/><T82/><D98/><U51/><E71/><V74/><F74/><W103/><G123/><T100/><D100/><U107/><E42/><V2/><F2/><W91/><G77/><T0/><D0/><U49/><E15/><V7/><F13/><W18/><G132/><T99/><D99/><N who="1" m="61887" /><E59/><N who="2" m="35191" /><F68/><W24/><G124/><T27/><D12/><U79/><E79/><V106/><F106/><W10/><G65/><T116/><D116/><U85/><E85/><V60/><F60/><W81/><G103/><T44/><D118/><U41/><E41/><V16/><F16/><AGARI ba="1,0" hai="16,20,27,44,50,55,66,67,82,86,90,94,97,102" machi="16" ten="30,11600,0" yaku="7,1,8,1,52,1,54,1" doraHai="96" who="0" fromWho="2" sc="327,119,250,0,250,-119,173,0" />
</Scene>
<Scene>
<INIT seed="0,2,0,2,3,23" ten="446,250,131,173" oya="0" hai0="75,17,126,9,94,54,87,104,42,119,15,115,8" hai1="95,105,117,114,16,47,125,96,108,123,46,90,86" hai2="59,10,56,92,43,68,122,27,98,62,66,58,7" hai3="107,118,3,100,65,129,19,106,111,0,102,32,49"/><T121/><D104/><U36/><E117/><V1/><F122/><W40/><G32/><T4/><D119/><U89/><E123/><V60/><F43/><W14/><G118/><T133/><D75/><U12/><E108/><V28/><F62/><W53/><G40/><T70/><D70/><U34/><E36/><V13/><F1/><W50/><G65/><T21/><D121/><U116/><E116/><V113/><F113/><W103/><G129/><T37/><D115/><U69/><E114/><V30/><F30/><W135/><G135/><T45/><D133/><U73/><E73/><V110/><F110/><W64/><G64/><T72/><D72/><U134/><E134/><V24/><REACH who="2" step="1"/><F28/><REACH who="2" ten="446,250,121,173" step="2"/><W2/><G111/><T131/><D131/><U33/><E33/><V88/><AGARI ba="2,1" hai="7,10,13,24,27,56,58,59,60,66,68,88,92,98" machi="88" ten="30,12000,2" yaku="1,1,2,1,0,1,52,2,54,1,53,0" doraHai="23" doraHaiUra="80" who="2" fromWho="2" sc="446,-62,250,-32,121,136,173,-32" />
</Scene>
<Scene>
<INIT seed="1,0,0,1,4,68" ten="384,218,257,141" oya="1" hai0="35,25,73,135,82,126,41,44,132,131,99,97,26" hai1="94,113,49,46,60,119,72,128,123,65,6,24,111" hai2="121,58,87,12,57,9,105,3,14,90,18,59,45" hai3="19,30,114,109,0,130,77,122,71,53,48,120,100"/><U28/><E113/><V61/><F121/><W75/><G71/><T20/><D126/><U124/><E123/><V116/><F116/><W96/><G114/><T76/><D35/><U81/><E119/><V17/><F105/><W134/><G134/><N who="0" m="51243" /><D131/><U13/><E128/><V78/><F3/><W37/><G0/><T107/><D107/><U47/><E124/><V117/><F117/><W102/><G109/><T54/><D54/><U62/><E111/><V67/><F78/><W70/><G70/><T103/><D103/><U15/><E94/><V2/><F45/><W129/><G30/><N who="0" m="17703" /><D26/><U55/><E47/><V31/><F2/><W63/><G53/><T21/><D21/><U84/><E72/><V1/><F1/><W101/><G101/><T95/><D95/><U86/><E86/><V10/><REACH who="2" step="1"/><F31/><REACH who="2" ten="384,218,247,141" step="2"/><W108/><G108/><T40/><D44/><U50/><E28/><V66/><F66/><W118/><G118/><T43/><AGARI ba="0,1" hai="40,41,43,73,76,82,97,99" m="17703,51243" machi="43" ten="30,1100,0" yaku="20,1" doraHai="68" who="0" fromWho="0" sc="384,21,218,-5,247,-3,141,-3" />
</Scene>
<Scene>
<INIT seed="2,0,0,2,4,84" ten="405,213,244,138" oya="2" hai0="33,22,15,67,83,129,107,85,115,17,74,104,117" hai1="124,82,36,6,79,109,118,105,62,27,18,106,4" hai2="87,38,9,134,80,95,90,47,91,45,20,1,100" hai3="34,50,16,64,49,19,108,28,42,88,41,29,44"/><V102/><F134/><W0/><G0/><T86/><D33/><U71/><E36/><V66/><F66/><W12/><G108/><T135/><D115/><U11/><E118/><V48/><F38/><W111/><G111/><T26/><D135/><U43/><E43/><V37/><F37/><W131/><G131/><T61/><D129/><U56/><E71/><V78/><F45/><W57/><G34/><T96/><D117/><U101/><E109/><V125/><F125/><W112/><G112/><T97/><D107/><U3/><E124/><V77/><F20/><N who="3" m="11271" /><G19/><T7/><D104/><U132/><E6/><V128/><F128/><W21/><G21/><T99/><D74/><U72/><E101/><N who="2" m="39019" /><F9/><W123/><G123/><T94/><D7/><U60/><E132/><V113/><F1/><W46/><G64/><T73/><D26/><U2/><E2/><V32/><F32/><W54/><G57/><T40/><D40/><U92/><E106/><V116/><F116/><W8/><G8/><T24/><D24/><U81/><E105/><V93/><F113/><W30/><G42/><T35/><D35/><U55/><E27/><V52/><F95/><W126/><G126/><T58/><D94/><U31/><E92/><V65/><F65/><W130/><G130/><T63/><D61/><U70/><E70/><V59/><F59/><W110/><G110/><T69/><D69/><U53/><E56/><V121/><F121/><W5/><G5/><T51/><D51/><U68/><E68/><V89/><F93/><W133/><G133/><T75/><D73/><U25/><E72/><RYUUKYOKU ba="0,0" sc="405,10,213,-30,244,10,138,10" hai0="15,17,22,58,63,67,75,83,85,86,96,97,99" hai2="47,48,52,77,78,80,87,89,90,91" hai3="28,29,30,41,44,46,49,50,54,88" />
</Scene>
<Scene>
<INIT seed="2,1,0,0,0,49" ten="415,183,254,148" oya="2" hai0="3,120,9,31,97,6,109,47,48,44,132,59,23" hai1="94,29,34,56,43,107,63,98,91,65,58,14,134" hai2="20,113,61,85,96,55,80,15,111,103,119,32,126" hai3="30,19,40,124,74,118,95,28,130,13,50,81,42"/><V73/><F32/><W33/><G118/><T60/><D120/><U27/><E134/><V115/><F73/><W92/><G124/><T112/><D112/><U18/><E107/><V131/><F119/><W24/><G130/><T84/><D132/><U89/><E43/><V62/><F126/><W68/><G68/><T46/><D109/><U78/><E78/><V116/><F116/><W127/><G127/><T79/><D97/><U82/><E82/><V22/><F131/><W87/><G74/><T75/><D75/><U8/><REACH who="1" step="1"/><E58/><REACH who="1" ten="415,173,254,148" step="2"/><V76/><F113/><W70/><G70/><T0/><D79/><U108/><E108/><V69/><F115/><W90/><G42/><T5/><D59/><U67/><E67/><V17/><F111/><W25/><G40/><T66/><D66/><U99/><E99/><V83/><F83/><W88/><G90/><AGARI ba="1,1" hai="8,14,18,27,29,34,56,63,65,89,90,91,94,98" machi="90" ten="30,2000,0" yaku="1,1,7,1,53,0" doraHai="49" doraHaiUra="133" who="1" fromWho="3" sc="415,0,173,33,254,0,148,-23" />
</Scene>
<Scene>
<INIT seed="3,0,0,2,3,62" ten="415,206,254,125" oya="3" hai0="20,113,33,132,104,68,37,1,39,42,91,94,13" hai1="51,101,53,127,31,50,67,71,73,70,5,110,74" hai2="103,116,93,18,96,124,32,24,89,7,34,55,52" hai3="102,36,22,14,16,77,9,19,83,3,56,46,41"/><W75/><G102/><T54/><D33/><U30/><E101/><V115/><F116/><W105/><G56/><T114/><D1/><U61/><E110/><V85/><F115/><W10/><G9/><T120/><D120/><U84/><E127/><V126/><F7/><W121/><G105/><T35/><D35/><N who="2" m="13354" /><F24/><W106/><G106/><T17/><D104/><U123/><E123/><V40/><F40/><W88/><G121/><T59/><D68/><U76/><E5/><V128/><F18/><W2/><REACH who="3" step="1"/><G88/><REACH who="3" ten="415,206,254,115" step="2"/><T78/><D91/><U82/><E71/><V25/><F103/><W48/><G48/><T11/><D59/><U63/><E51/><V47/><F89/><W79/><G79/><T92/><D78/><U6/><E50/><V80/><F126/><W49/><G49/><T29/><D114/><U69/><E70/><V86/><F124/><W64/><G64/><T119/><D113/><U23/><E69/><V107/><F107/><W66/><G66/><T4/><D11/><U131/><E67/><V28/><F55/><W0/><G0/><T125/><D54/><U95/><E53/><V98/><F52/><W111/><G111/><T58/><D58/><U134/><E76/><V129/><F96/><W60/><G60/><T15/><D125/><U44/><E63/><V57/><F98/><W130/><G130/><T12/><D39/><U90/><E61/><V27/><F57/><W108/><G108/><T122/><D37/><U45/><E90/><V87/><F128/><W65/><G65/><T21/><D122/><U97/><E131/><V38/><F129/><RYUUKYOKU ba="0,1" sc="415,-10,206,-10,254,-10,115,30" hai3="2,3,10,14,16,19,22,36,41,46,75,77,83" />
</Scene>
<Scene>
<INIT seed="3,1,1,0,0,71" ten="405,196,244,145" oya="3" hai0="52,35,130,119,38,5,103,40,99,108,97,88,75" hai1="11,28,117,134,29,91,93,84,33,14,15,32,107" hai2="45,109,79,34,53,10,46,95,19,23,61,3,65" hai3="135,42,78,100,118,51,83,127,113,43,123,44,131"/><W27/><G118/><T1/><D119/><U64/><E117/><V102/><F34/><W50/><G123/><T67/><D35/><U124/><E107/><V16/><F109/><W60/><G131/><T56/><D67/><U2/><E2/><V101/><F79/><W41/><G135/><T12/><D1/><U115/><E134/><V114/><F114/><W54/><G113/><T126/><D75/><U25/><E115/><V128/><F128/><W73/><G127/><T0/><D0/><U98/><E124/><V37/><F53/><W120/><G60/><T111/><D130/><U132/><E132/><V69/><F46/><W76/><G76/><T121/><D121/><U21/><E64/><V80/><F80/><W24/><G120/><T122/><D122/><U112/><E112/><V82/><F82/><W81/><G83/><T110/><D126/><U89/><E29/><V22/><F95/><W72/><G72/><T8/><D103/><U85/><E15/><V94/><F94/><W66/><G66/><T36/><D40/><U18/><E98/><V31/><F31/><W87/><G100/><T68/><D68/><U39/><E39/><N who="0" m="14889" /><D88/><U62/><E62/><AGARI ba="1,1" hai="5,8,12,52,56,62,97,99,108,110,111" m="14889" machi="62" ten="40,8000,1" yaku="14,1,52,3,54,1" doraHai="71" who="0" fromWho="1" sc="405,93,196,-83,244,0,145,0" />
</Scene>
<Scene>
<INIT seed="4,0,0,3,2,39" ten="498,113,244,145" oya="0" hai0="50,58,7,94,13,111,28,22,90,128,134,65,26" hai1="79,29,132,9,70,76,73,103,40,131,129,96,133" hai2="115,77,34,33,112,81,83,85,8,82,89,21,66" hai3="56,121,100,61,53,27,119,64,97,48,51,122,101"/><T49/><D134/><N who="1" m="51819" /><E70/><V67/><F8/><W38/><G38/><T130/><D111/><U18/><E29/><V72/><F21/><W47/><G119/><T91/><D91/><U113/><E18/><V5/><F5/><W6/><G6/><T57/><D57/><U126/><E9/><V84/><F67/><W52/><G27/><T110/><D110/><U23/><E23/><V35/><REACH who="2" step="1"/><F66/><REACH who="2" ten="498,113,234,145" step="2"/><W124/><G124/><T109/><D7/><U36/><E126/><V20/><F20/><W24/><G24/><T17/><D109/><U46/><E113/><V2/><F2/><W69/><REACH who="3" step="1"/><G101/><REACH who="3" ten="498,113,234,135" step="2"/><T125/><D26/><U41/><E103/><V108/><F108/><W14/><G14/><T44/><D13/><U120/><E120/><V87/><F87/><W117/><G117/><T107/><D125/><U68/><E73/><V123/><F123/><W31/><G31/><T92/><D28/><U19/><E19/><V116/><F116/><W71/><G71/><T30/><D30/><U10/><E68/><V62/><F62/><W106/><AGARI ba="0,2" hai="47,48,51,52,53,56,61,64,69,97,100,106,121,122" machi="106" ten="30,4000,0" yaku="1,1,0,1,54,1,53,0" doraHai="39" doraHaiUra="114" who="3" fromWho="3" sc="498,-20,113,-10,234,-10,135,60" />
</Scene>
<Scene>
<INIT seed="5,0,0,2,2,35" ten="478,103,224,195" oya="1" hai0="54,58,16,105,38,20,9,48,76,82,85,125,108" hai1="109,33,131,73,3,80,95,26,120,11,42,121,22" hai2="98,45,111,100,66,97,37,118,15,102,13,75,74" hai3="51,70,94,52,18,63,122,88,29,87,133,21,10"/><U31/><E131/><V43/><F111/><W41/><G122/><T127/><D105/><U2/><E109/><V0/><F118/><W86/><G133/><T14/><D38/><U55/><E42/><V57/><F0/><N who="1" m="41" /><E55/><V93/><F66/><W65/><G10/><T49/><D108/><U115/><E95/><V117/><F117/><W32/><G29/><T68/><D68/><U28/><E80/><V40/><F57/><W46/><G32/><T90/><D90/><U114/><E73/><V116/><F116/><W62/><G62/><T72/><D72/><U47/><E47/><V78/><F78/><W79/><G79/><T84/><D84/><U53/><E53/><V89/><F89/><W50/><G50/><T4/><D48/><U92/><E92/><V123/><F93/><W135/><G135/><T126/><D126/><U39/><E39/><V6/><F37/><W101/><G101/><T12/><AGARI ba="0,0" hai="4,9,12,14,16,20,49,54,58,76,82,85,125,127" machi="12" ten="30,2000,0" yaku="0,1,54,1" doraHai="35" who="0" fromWho="0" sc="478,20,103,-10,224,-5,195,-5" />
</Scene>
<Scene>
<INIT seed="6,0,0,0,1,52" ten="498,93,219,190" oya="2" hai0="48,90,14,107,55,98,68,112,1,85,62,134,81" hai1="30,104,53,39,128,20,31,119,122,91,135,24,42" hai2="77,19,99,36,6,102,69,11,37,101,15,7,65" hai3="16,100,113,41,124,9,60,50,74,18,40,28,70"/><V59/><F69/><W110/><G74/><T97/><D1/><U133/><E104/><V123/><F123/><W130/><G124/><T27/><D27/><U22/><E119/><V111/><F111/><W78/><G78/><T88/><D112/><U64/><E122/><V131/><F131/><W44/><G130/><T76/><D134/><U58/><E128/><V118/><F118/><W89/><G100/><T33/><D33/><U13/><E64/><V108/><F108/><W83/><G113/><T0/><D0/><U21/><E91/><V2/><F77/><W17/><G28/><T61/><D68/><U72/><E72/><V54/><F65/><W105/><G105/><T95/><D14/><U93/><E93/><V43/><F43/><W35/><G35/><T32/><D32/><U67/><E67/><V73/><F73/><W106/><G106/><T121/><D121/><U38/><E13/><V120/><F120/><W71/><G41/><T47/><D107/><U127/><E127/><V117/><F117/><W80/><G110/><T79/><D79/><U75/><E75/><V115/><F115/><W96/><G9/><T29/><D76/><U132/><E42/><V4/><F2/><W66/><G71/><T63/><D98/><U45/><E45/><V116/><F116/><W103/><REACH who="3" step="1"/><G103/><REACH who="3" ten="498,93,219,180" step="2"/><T109/><D109/><U82/><E31/><AGARI ba="0,1" hai="29,31,47,48,55,61,62,63,81,85,88,90,95,97" machi="31" ten="40,2600,0" yaku="8,1,54,1" doraHai="52" who="0" fromWho="1" sc="498,36,93,-26,219,0,180,0" />
</Scene>
<Scene>
<INIT seed="7,0,0,1,5,30" ten="534,67,219,180" oya="3" hai0="36,31,81,33,67,113,8,109,46,114,124,0,52" hai1="118,131,111,39,69,16,13,56,133,19,4,47,72" hai2="17,112,60,117,123,49,80,65,6,77,11,50,129" hai3="122,116,53,21,35,5,68,28,44,1,25,85,55"/><W59/><G68/><T126/><D109/><U20/><E69/><V7/><F117/><W105/><G105/><T119/><D119/><U43/><E118/><V24/><F112/><N who="0" m="43114" /><D67/><U135/><E111/><V23/><F129/><W45/><G122/><T27/><D81/><U48/><E72/><V108/><F108/><W83/><G55/><T22/><D22/><U94/><E131/><V9/><F123/><W132/><G21/><T61/><D61/><U120/><E120/><V10/><F50/><W96/><G96/><T3/><D8/><U40/><E4/><V58/><F49/><W79/><G132/><T64/><D64/><U107/><E107/><V62/><F62/><W103/><G103/><T38/><D52/><U63/><E19/><V95/><F95/><W91/><G79/><T92/><D92/><U99/><E39/><N who="0" m="14889" /><D46/><U128/><E128/><V84/><AGARI ba="0,0" hai="6,7,9,10,11,17,23,24,58,60,65,77,80,84" machi="84" ten="30,2000,0" yaku="0,1,8,1" doraHai="30" who="2" fromWho="2" sc="534,-5,67,-5,219,20,180,-10" owari="529,63.0,62,-44.0,239,4.0,170,-23.0" />
</Scene>
</mjloggm>