<mjloggm ver="2.3"><GO type="169"/><UN n0="%E3%81%AF%E3%81%9B%E3%81%99%E3%81%91%EF%BC%8E" n1="%E5%A4%AA%E3%81%8F%E3%81%AA%E3%81%84%E3%81%8A" n2="%E3%81%98%E3%82%83%E3%81%8C%E3%81%84%E3%82%82%E5%89%A3%E5%A3%AB" n3="%E3%81%BF%E3%82%84%E3%81%93%E3%82%93%EF%BC%99%E6%AD%B3" dan="16,17,16,16" rate="2078,2175,2063,2085" sx="M,M,M,F"/><TAIKYOKU oya="0"/>

<Scene>
<INIT seed="0,0,0,2,0,52" ten="250,250,250,250" oya="0" hai0="102,125,114,119,36,8,98,44,22,1,93,61,28" hai1="34,86,89,50,92,66,38,74,88,3,129,99,48" hai2="6,20,111,57,32,83,53,117,49,16,43,130,132" hai3="121,27,109,2,133,0,72,122,101,134,77,120,70"/><T11/><D119/><U124/><E38/><V80/><F117/><W23/><G101/><T123/><D114/><U14/><E3/><N who="3" m="1066" /><G70/><T75/><D123/><U12/><E74/><V128/><F32/><W33/><G33/><T91/><D125/><U15/><E34/><V96/><F6/><W19/><G109/><T90/><D75/><U131/><E124/><V46/><F111/><W30/><G77/><T126/><D126/><U31/><E31/><V85/><F96/><W45/><G45/><T100/><D1/><U73/><E73/><V21/><F21/><N who="3" m="15727" /><G72/><T26/><D91/><U60/><E131/><N who="2" m="50219" /><F132/><W40/><G40/><T95/><D100/><U118/><E118/><V97/><F97/><W67/><G67/><T29/><D36/><U54/><E54/><V7/><F7/><W135/><G122/><T69/><D44/><U18/><E18/><V106/><F106/><W10/><G10/><N who="0" m="3627" /><D69/><U65/><E129/><V107/><F107/><W82/><G82/><T4/><D4/><U64/><REACH who="1" step="1"/><E60/><REACH who="1" ten="250,240,250,250" step="2"/><N who="2" m="35887" /><F85/><W13/><AGARI ba="0,1" hai="13,19,23,120,121,133,134,135" m="15727,1066" machi="13" ten="40,5200,0" yaku="20,1,34,2" doraHai="52" who="3" fromWho="3" sc="250,-26,240,-13,250,-13,250,62" />
</Scene>
<Scene>
<INIT seed="1,0,0,3,5,90" ten="224,227,237,312" oya="1" hai0="103,105,42,112,91,74,64,7,6,75,17,19,88" hai1="95,62,79,108,53,119,133,36,1,97,18,57,71" hai2="77,80,31,61,24,3,104,93,38,120,67,121,52" hai3="10,55,84,128,28,46,69,54,78,110,129,131,26"/><U89/><E119/><V68/><F104/><W132/><G69/><T63/><D112/><U41/><E1/><V34/><F3/><W35/><G110/><T32/><D32/><U22/><E133/><V101/><F38/><W9/><G132/><T50/><D105/><U5/><E5/><N who="0" m="1545" /><D103/><U37/><E108/><V115/><F115/><W114/><G114/><T70/><D70/><U0/><E0/><V100/><F52/><N who="3" m="20011" /><G46/><N who="0" m="25943" /><D74/><U73/><E71/><V45/><F45/><W43/><G43/><T85/><D75/><U11/><E11/><V33/><F33/><W130/><G130/><T72/><D91/><U116/><E116/><V20/><F34/><W125/><G125/><T25/><D72/><U107/><E107/><V29/><F29/><W87/><G78/><T48/><D48/><U102/><E102/><V134/><F134/><W44/><G44/><T126/><D126/><U39/><E41/><V23/><F100/><W99/><G9/><T127/><D127/><U82/><REACH who="1" step="1"/><E37/><REACH who="1" ten="224,217,237,312" step="2"/><V66/><F68/><W122/><G10/><T56/><D25/><AGARI ba="0,1" hai="18,22,25,36,39,53,57,62,73,79,82,89,95,97" machi="25" ten="30,18000,2" yaku="1,1,2,1,7,1,25,2,52,1,53,0" doraHai="90" doraHaiUra="109" who="1" fromWho="0" sc="224,-180,217,190,237,0,312,0" />
</Scene>
<Scene>
<INIT seed="1,1,0,3,4,19" ten="44,407,237,312" oya="1" hai0="107,32,27,45,68,72,29,25,6,67,125,35,63" hai1="70,110,2,103,17,129,42,24,39,37,92,34,113" hai2="114,15,66,78,79,40,11,61,46,57,102,16,86" hai3="28,97,109,60,44,90,14,1,58,104,83,3,89"/><U62/><E113/><V74/><F74/><W91/><G109/><T59/><D6/><U54/><E2/><V133/><F133/><W118/><G118/><T56/><D45/><U88/><E103/><V22/><F114/><W50/><G28/><T95/><D125/><U69/><E129/><V13/><F102/><W38/><G38/><T132/><D132/><U130/><E130/><V71/><F71/><W43/><G104/><T121/><D121/><U84/><E110/><V128/><F128/><W106/><G83/><T112/><D112/><U126/><E126/><V99/><F99/><W94/><G106/><T8/><D8/><U55/><E34/><V64/><F64/><N who="3" m="38935" /><G3/><T135/><D135/><U100/><E100/><V30/><F86/><W18/><G1/><T124/><D124/><U4/><E4/><V80/><F80/><W85/><G85/><T111/><D111/><U122/><E122/><V10/><F10/><AGARI ba="1,0" hai="10,14,18,43,44,50,89,90,91,94,97" m="38935" machi="10" ten="30,1000,0" yaku="8,1" doraHai="19" who="3" fromWho="2" sc="44,0,407,0,237,-13,312,13" />
</Scene>
<Scene>
<INIT seed="2,0,0,2,2,97" ten="44,407,224,325" oya="2" hai0="105,28,76,63,91,86,41,124,134,110,90,84,133" hai1="122,25,115,45,10,94,93,101,73,89,31,99,77" hai2="23,81,13,17,44,33,36,129,128,104,54,27,120" hai3="92,57,30,79,112,2,47,67,82,125,29,3,59"/><V32/><F104/><W74/><G112/><T121/><D28/><U14/><E122/><V46/><F120/><W26/><G30/><T109/><D121/><U61/><E115/><V5/><F36/><W56/><G125/><T15/><D41/><U11/><E45/><V55/><F81/><W135/><G135/><N who="0" m="51723" /><D63/><U118/><E118/><V130/><F46/><W96/><G47/><T70/><D70/><U24/><E61/><V69/><F69/><W117/><G117/><T9/><D9/><U100/><E77/><V35/><REACH who="2" step="1"/><F44/><REACH who="2" ten="44,407,214,325" step="2"/><W106/><G106/><T40/><D40/><U119/><E119/><V12/><F12/><W0/><G67/><T49/><D15/><U83/><E83/><V103/><F103/><W123/><G123/><T20/><D124/><U16/><E101/><V108/><F108/><N who="0" m="41578" /><D20/><U102/><E11/><AGARI ba="0,1" hai="5,11,13,17,23,27,32,33,35,54,55,128,129,130" machi="11" ten="50,4800,0" yaku="1,1,19,1,53,0" doraHai="97" doraHaiUra="87" who="2" fromWho="1" sc="44,0,407,-48,214,58,325,0" />
</Scene>
<Scene>
<INIT seed="2,1,0,2,1,116" ten="44,359,272,325" oya="2" hai0="120,27,8,96,101,10,83,52,107,126,119,90,48" hai1="64,14,84,61,36,20,115,46,59,58,28,98,47" hai2="33,88,103,124,74,21,34,6,24,104,2,42,18" hai3="127,67,122,66,135,128,72,57,41,97,105,23,15"/><V17/><F74/><W40/><G72/><T94/><D119/><U7/><E115/><V31/><F42/><N who="3" m="16491" /><G105/><T75/><D126/><U55/><E36/><V50/><F124/><W92/><G127/><T100/><D120/><U43/><E43/><V108/><F104/><W79/><G79/><T0/><D0/><U39/><E39/><V29/><F103/><N who="3" m="60839" /><G122/><T5/><D101/><U70/><E70/><V95/><F108/><W71/><G71/><T82/><D27/><N who="1" m="16487" /><E98/><V81/><F81/><W38/><G38/><T53/><D53/><U118/><E118/><V113/><F113/><W62/><G135/><T109/><D109/><U30/><E30/><V86/><F50/><W123/><G123/><T112/><D112/><U32/><E32/><V78/><F78/><W60/><G128/><T63/><D63/><N who="3" m="24105" /><G57/><T93/><D107/><U35/><E35/><V65/><F65/><W45/><G45/><N who="0" m="27663" /><D75/><U49/><E84/><V89/><F89/><W110/><G110/><T11/><D5/><U99/><E99/><AGARI ba="1,0" hai="8,10,11,82,83,90,93,94,96,99,100" m="27663" machi="99" ten="30,2000,0" yaku="8,1,54,1" doraHai="116" who="0" fromWho="1" sc="44,23,359,-23,272,0,325,0" />
</Scene>
<Scene>
<INIT seed="3,0,0,3,1,13" ten="67,336,272,325" oya="3" hai0="107,101,46,84,102,135,34,89,12,114,50,92,15" hai1="97,71,58,49,113,133,44,106,0,55,124,81,2" hai2="110,64,53,86,3,88,66,82,45,51,128,77,10" hai3="121,29,129,78,93,42,54,70,125,69,14,62,118"/><W91/><G121/><T109/><D34/><U28/><E113/><V24/><F110/><W76/><G118/><T79/><D114/><U127/><E71/><V4/><F128/><W94/><G129/><T37/><D135/><U40/><E133/><V16/><F77/><W87/><G125/><N who="1" m="48202" /><E28/><V26/><F26/><W30/><G42/><T22/><D109/><U11/><E81/><V67/><REACH who="2" step="1"/><F66/><REACH who="2" ten="67,336,262,325" step="2"/><W98/><G76/><T27/><D79/><U8/><E0/><V112/><F112/><W1/><G1/><T59/><D37/><N who="1" m="21519" /><E2/><V41/><F41/><W18/><G70/><T63/><D27/><U20/><E20/><AGARI ba="0,1" hai="3,4,10,16,20,24,45,51,53,64,67,82,86,88" machi="20" ten="40,12000,2" yaku="1,1,52,1,54,2,53,2" doraHai="13" doraHaiUra="61" who="2" fromWho="1" sc="67,0,336,-120,262,130,325,0" />
</Scene>
<Scene>
<INIT seed="4,0,0,1,0,52" ten="67,216,392,325" oya="0" hai0="7,26,23,75,0,115,21,12,55,38,119,2,65" hai1="129,29,54,122,83,128,45,42,95,66,112,25,77" hai2="63,27,9,69,19,102,50,5,48,134,86,43,41" hai3="46,99,74,30,100,107,118,96,18,93,120,31,81"/><T4/><D75/><N who="1" m="43455" /><E122/><V17/><F134/><W39/><G120/><T56/><D38/><N who="1" m="21719" /><E54/><V130/><F130/><W20/><G118/><T76/><D119/><U131/><E66/><V35/><F102/><W10/><G10/><T6/><D76/><U64/><E64/><V53/><F86/><W111/><G111/><T133/><D65/><U70/><E70/><V72/><F72/><W13/><G81/><T106/><D106/><U36/><E36/><V105/><F105/><W97/><G74/><T24/><D133/><U71/><E71/><V3/><F69/><W33/><G33/><T8/><D115/><U68/><E68/><V14/><F63/><W47/><G39/><T32/><D55/><U89/><E112/><V57/><F50/><W126/><G126/><T110/><D56/><U117/><E117/><V85/><F85/><W61/><G61/><T78/><D78/><U104/><E104/><V60/><F60/><W132/><G132/><T22/><D110/><U79/><E79/><V108/><F108/><W84/><G107/><T40/><D40/><U1/><E1/><N who="0" m="617" /><D32/><N who="1" m="20527" /><E95/><V90/><F35/><W94/><G84/><T11/><D12/><U124/><E89/><V87/><F90/><N who="3" m="55351" /><G99/><T101/><D101/><U49/><E49/><V80/><F87/><W127/><G127/><AGARI ba="0,0" hai="124,127,128,129,131" m="20527,21719,43455" machi="127" ten="40,2600,0" yaku="19,1,23,1" doraHai="52" who="1" fromWho="3" sc="67,0,216,26,392,0,325,-26" />
</Scene>
<Scene>
<INIT seed="5,0,0,4,3,134" ten="67,242,392,299" oya="1" hai0="74,109,51,49,104,120,24,121,44,35,71,58,114" hai1="57,100,126,76,86,129,20,4,108,27,56,60,73" hai2="46,13,82,85,123,67,110,103,36,92,72,115,131" hai3="78,7,16,28,54,41,38,112,94,45,98,12,52"/><U101/><E73/><V26/><F67/><W62/><G28/><N who="0" m="19847" /><D109/><U9/><E129/><V34/><F26/><W93/><G112/><T79/><D114/><U11/><E108/><V97/><F34/><W61/><G7/><T64/><D104/><U2/><E11/><V70/><F70/><W91/><G78/><T30/><D30/><U118/><E118/><V15/><F72/><W17/><G17/><T119/><D79/><U21/><E57/><V124/><F110/><W99/><G62/><N who="0" m="40343" /><D74/><U125/><E86/><V33/><F85/><W111/><G61/><T87/><D87/><U66/><E76/><V102/><F33/><W19/><G111/><T128/><D119/><U18/><REACH who="1" step="1"/><E21/><REACH who="1" ten="67,232,392,299" step="2"/><V130/><F130/><W122/><G122/><N who="0" m="47211" /><D128/><U105/><E105/><V3/><F131/><W77/><G77/><T31/><D58/><U116/><E116/><V29/><F123/><W39/><G98/><T10/><D10/><U107/><E107/><V0/><F97/><W63/><G99/><T89/><D31/><U81/><E81/><V55/><F29/><W47/><G93/><T53/><D89/><U90/><E90/><V22/><F92/><W14/><G94/><T5/><D5/><U50/><E50/><AGARI ba="0,1" hai="44,49,50,51,53" m="47211,40343,19847" machi="50" ten="30,1000,0" yaku="13,1" doraHai="134" who="0" fromWho="1" sc="67,20,232,-10,392,0,299,0" />
</Scene>
<Scene>
<INIT seed="6,0,0,4,4,32" ten="87,222,392,299" oya="2" hai0="100,113,43,20,45,11,54,114,133,68,111,77,96" hai1="78,12,132,85,33,121,110,88,87,80,123,55,7" hai2="59,60,93,1,117,53,103,76,106,97,36,122,26" hai3="61,9,3,135,134,48,41,130,86,107,99,101,95"/><V69/><F117/><W82/><G130/><T37/><D111/><U5/><E110/><V118/><F118/><W34/><G61/><T71/><D77/><U126/><E33/><V29/><F36/><W127/><G34/><T0/><D20/><U62/><E126/><V39/><F39/><W18/><G127/><T44/><D54/><U49/><E62/><V102/><F69/><W116/><G116/><T131/><D45/><N who="1" m="28079" /><E12/><V42/><F42/><W73/><G48/><T120/><D120/><N who="1" m="46155" /><E132/><N who="3" m="50730" /><G41/><T94/><D133/><U89/><E89/><V22/><F76/><N who="3" m="44303" /><G18/><T74/><D131/><U72/><E72/><V4/><F122/><W66/><G66/><T112/><REACH who="0" step="1"/><D74/><REACH who="0" ten="77,222,392,299" step="2"/><U104/><E104/><V105/><F105/><W75/><G75/><T2/><D2/><U57/><E57/><V6/><F1/><W13/><G3/><T81/><D81/><AGARI ba="0,1" hai="5,7,78,80,81,85,87,88" m="46155,28079" machi="81" ten="30,2000,0" yaku="13,1,54,1" doraHai="32" who="1" fromWho="0" sc="77,-20,222,30,392,0,299,0" />
</Scene>
<Scene>
<INIT seed="7,0,0,1,2,12" ten="57,252,392,299" oya="3" hai0="66,96,19,70,52,4,125,92,112,16,82,56,90" hai1="17,114,43,30,81,135,57,117,62,85,124,50,26" hai2="5,65,25,21,127,88,77,15,69,49,53,109,9" hai3="119,7,51,10,98,55,108,41,78,93,1,102,84"/><W2/><G119/><T110/><D110/><U100/><E117/><V45/><F109/><W28/><G108/><T111/><D111/><U58/><E114/><V104/><F104/><W24/><G41/><T76/><D125/><U71/><E124/><V44/><F127/><W13/><G78/><T79/><D112/><U0/><E0/><V33/><F33/><W14/><G84/><T32/><D32/><U121/><E121/><V46/><F77/><W74/><G74/><T63/><D79/><U48/><E135/><V47/><F69/><W99/><G99/><T39/><D39/><U42/><E100/><V72/><F65/><W54/><G2/><T129/><D129/><U134/><E71/><V38/><F72/><W23/><REACH who="3" step="1"/><G55/><REACH who="3" ten="57,252,392,289" step="2"/><T20/><D4/><U11/><E43/><V94/><F38/><W122/><G122/><T120/><D120/><U40/><E42/><V95/><F88/><W22/><G22/><T27/><D70/><U130/><E40/><V97/><F97/><W68/><G68/><T87/><REACH who="0" step="1"/><D66/><REACH who="0" ten="47,252,392,289" step="2"/><N who="1" m="39247" /><E130/><V64/><F64/><W18/><G18/><AGARI ba="0,2" hai="16,18,19,20,27,52,56,63,76,82,87,90,92,96" machi="18" ten="30,16000,3" yaku="1,1,7,1,25,2,8,1,52,3,54,2,53,0" doraHai="12" doraHaiUra="3" who="0" fromWho="3" sc="47,180,252,0,392,0,289,-160" /><AGARI ba="0,0" hai="5,9,15,18,21,25,44,45,46,47,49,53,94,95" machi="18" ten="40,2600,0" yaku="8,1,52,1" doraHai="12" who="2" fromWho="3" sc="227,0,252,0,392,26,129,-26" owari="227,-17.0,252,5.0,418,52.0,103,-40.0" />
</Scene>
</mjloggm>