<mjloggm ver="2.3"><GO type="193"/><UN n0="%E8%97%A4%E4%BA%95%E3%83%88%E3%83%AB%E3%82%A8%E3%83%B3" n1="%E3%83%AA%E3%83%90%E3%83%BC%E3%82%B9" n2="%69%6C%74%79%61%6E" n3="%E5%A4%AA%E3%81%8F%E3%81%AA%E3%81%84%E3%81%8A" dan="12,11,11,11" rate="1943,1645,1623,1747" sx="M,M,M,M"/><TAIKYOKU oya="0"/>

<Scene>
<INIT seed="0,0,0,5,5,1" ten="250,250,250,250" oya="0" hai0="129,11,96,52,81,131,39,24,49,13,118,15,62" hai1="66,26,82,117,7,57,106,74,8,125,47,0,114" hai2="75,126,41,59,56,9,19,22,92,23,95,78,94" hai3="10,25,135,133,5,89,130,44,86,40,87,64,21"/><T16/><D118/><U128/><E106/><V53/><F126/><W122/><G64/><T91/><D39/><U50/><E117/><V85/><F41/><W120/><G130/><N who="0" m="49675" /><D62/><U37/><E125/><V67/><F75/><W110/><G110/><T65/><D65/><U76/><E128/><V112/><F112/><W100/><G100/><T14/><D24/><U61/><E114/><V123/><F123/><N who="3" m="47147" /><G44/><N who="0" m="27687" /><D96/><U3/><E26/><V35/><F67/><W38/><G40/><T60/><D60/><U51/><E51/><V88/><F35/><W79/><G38/><T12/><D13/><U45/><E37/><V102/><F78/><W98/><G79/><T104/><D104/><U30/><E30/><V72/><F72/><W46/><G46/><T108/><D108/><U20/><E20/><V134/><F134/><W83/><G98/><T119/><D119/><U43/><E47/><V77/><F77/><W32/><G87/><AGARI ba="0,0" hai="11,12,14,15,16,81,87,91" m="27687,49675" machi="87" ten="30,11600,0" yaku="25,1,19,1,54,2" doraHai="1" who="0" fromWho="3" sc="250,116,250,0,250,0,250,-116" />
</Scene>
<Scene>
<INIT seed="0,1,0,5,1,47" ten="366,250,250,134" oya="0" hai0="19,6,71,134,69,98,76,82,2,135,131,54,80" hai1="35,20,124,61,130,8,123,95,49,9,122,56,99" hai2="10,50,111,103,63,14,119,33,53,38,21,85,65" hai3="94,78,28,79,18,132,100,112,7,36,4,133,104"/><T59/><D131/><U74/><E35/><V93/><F119/><W102/><G36/><T46/><D46/><U84/><E74/><V72/><F38/><W110/><G112/><T39/><D39/><U91/><E130/><V41/><F72/><W73/><G104/><T81/><D76/><N who="3" m="29225" /><G73/><T120/><D120/><U105/><E124/><V128/><F41/><W22/><G28/><T26/><D98/><U126/><E126/><V23/><F111/><W70/><G70/><T44/><D44/><U34/><E34/><V31/><F33/><W60/><G60/><T87/><D6/><N who="3" m="2089" /><G94/><T27/><D2/><U42/><E123/><V3/><F31/><W89/><G89/><T108/><D71/><U5/><E122/><V45/><F3/><W55/><G110/><T106/><D69/><U116/><E116/><V90/><F103/><N who="3" m="39467" /><G55/><T16/><D106/><U17/><E105/><V64/><F128/><W118/><G118/><T127/><D127/><U115/><E115/><V68/><REACH who="2" step="1"/><F65/><REACH who="2" ten="366,250,240,134" step="2"/><W52/><G133/><T121/><D108/><U57/><E57/><V88/><F88/><W62/><G132/><T129/><D121/><U24/><E56/><V77/><F77/><W101/><G101/><T32/><D32/><U67/><E67/><V25/><F25/><N who="0" m="9226" /><D134/><U13/><E24/><V113/><F113/><W96/><G52/><T40/><D135/><U86/><E91/><V107/><F107/><W43/><G43/><T11/><D40/><U12/><E42/><V117/><F117/><W83/><G96/><T48/><D129/><U15/><E99/><V114/><F114/><RYUUKYOKU ba="1,1" sc="366,-10,250,-10,240,30,134,-10" hai2="10,14,21,23,45,50,53,63,64,68,85,90,93" />
</Scene>
<Scene>
<INIT seed="1,2,1,5,2,131" ten="356,240,270,124" oya="1" hai0="106,76,93,116,1,33,132,83,99,86,101,125,68" hai1="97,3,75,57,65,46,103,118,102,80,26,55,89" hai2="74,23,104,84,30,52,122,128,44,59,124,73,108" hai3="127,9,5,100,25,123,94,56,117,126,112,36,120"/><U88/><E3/><V121/><F128/><W107/><G36/><T42/><D116/><U49/><E118/><V41/><F124/><N who="3" m="47659" /><G117/><T61/><D125/><U40/><E65/><V69/><F69/><W87/><G112/><T35/><D42/><U54/><E54/><V134/><F108/><W22/><G107/><T64/><D1/><U71/><E71/><V45/><F104/><W114/><G114/><T98/><D132/><U91/><E26/><V129/><F129/><W96/><G87/><T2/><D2/><U115/><E115/><V20/><F84/><W79/><G79/><T135/><D135/><U6/><E6/><V90/><F90/><AGARI ba="2,1" hai="33,35,61,64,68,76,83,86,90,93,98,99,101,106" machi="90" ten="30,1000,0" yaku="7,1" doraHai="131" who="0" fromWho="2" sc="356,26,240,0,270,-16,124,0" />
</Scene>
<Scene>
<INIT seed="2,0,0,3,0,133" ten="382,240,254,124" oya="2" hai0="127,19,2,25,91,125,101,109,119,56,37,42,93" hai1="90,51,105,126,55,69,38,21,10,81,84,108,48" hai2="53,75,24,15,121,67,98,117,87,131,112,59,18" hai3="120,40,74,128,17,1,86,0,118,29,103,4,39"/><V45/><F117/><W95/><G120/><T6/><D109/><U80/><E69/><V26/><F112/><W79/><G118/><T113/><D113/><U3/><E38/><V36/><F75/><W124/><G128/><T134/><D134/><U8/><E105/><V47/><F121/><W68/><G68/><T89/><D119/><U77/><E108/><V44/><F36/><W123/><G123/><T27/><D2/><U14/><E3/><V11/><F98/><W85/><G74/><T104/><D104/><U12/><E21/><V49/><F67/><W65/><G65/><T35/><D6/><U50/><E126/><N who="0" m="48137" /><D35/><U70/><E70/><V61/><F131/><W110/><G4/><T111/><D111/><U34/><E34/><V82/><REACH who="2" step="1"/><F61/><REACH who="2" ten="382,240,244,124" step="2"/><W115/><G39/><T5/><D37/><U99/><E99/><V62/><F62/><W135/><G110/><T63/><D63/><U88/><E55/><V107/><F107/><W96/><G124/><T20/><D42/><U43/><E43/><V106/><F106/><W72/><G40/><T57/><D101/><U66/><E66/><V116/><F116/><W28/><G115/><T83/><D83/><U132/><E80/><V33/><F33/><W102/><G135/><T46/><D93/><U71/><E71/><V22/><F22/><W60/><G95/><T30/><D20/><U23/><E23/><V54/><F54/><W32/><G60/><T58/><D89/><AGARI ba="0,1" hai="11,15,18,24,26,44,45,47,49,53,59,82,87,89" machi="89" ten="40,7700,0" yaku="1,1,8,1,53,1" doraHai="133" doraHaiUra="78" who="2" fromWho="0" sc="382,-77,240,0,244,87,124,0" />
</Scene>
<Scene>
<INIT seed="2,1,0,4,0,106" ten="305,240,331,124" oya="2" hai0="84,2,97,35,52,85,48,23,63,11,86,13,45" hai1="24,132,128,135,76,71,113,80,14,127,92,93,22" hai2="65,105,116,47,7,74,27,16,109,62,118,122,114" hai3="95,20,12,4,46,1,55,72,66,79,64,60,37"/><V8/><F114/><W38/><G1/><T117/><D117/><U81/><E71/><V36/><F109/><W125/><G125/><T90/><D35/><U15/><E113/><V89/><F122/><W58/><G95/><N who="0" m="56567" /><D2/><U110/><E110/><V82/><F105/><W18/><G4/><N who="0" m="3303" /><D23/><U25/><E127/><V98/><F98/><W67/><REACH who="3" step="1"/><G46/><REACH who="3" ten="305,240,331,114" step="2"/><T99/><D99/><U134/><E128/><V53/><F47/><W59/><G59/><N who="0" m="35303" /><D86/><U78/><REACH who="1" step="1"/><E135/><REACH who="1" ten="305,230,331,114" step="2"/><V131/><F118/><W88/><G88/><T31/><D31/><U123/><E123/><V83/><F116/><W77/><G77/><T87/><D87/><U32/><E32/><V42/><F89/><W108/><G108/><T19/><D19/><U68/><E68/><V49/><F16/><W30/><G30/><T6/><D6/><U107/><E107/><V103/><F7/><W133/><G133/><T115/><D115/><U100/><E100/><V57/><F103/><W50/><G50/><T17/><D17/><U5/><E5/><V33/><F33/><W34/><G34/><T41/><AGARI ba="1,2" hai="41,45,48,84,85" m="35303,3303,56567" machi="41" ten="30,2000,0" yaku="8,1,54,1" doraHai="106" who="0" fromWho="0" sc="305,43,230,-6,331,-11,114,-6" />
</Scene>
<Scene>
<INIT seed="3,0,0,0,0,26" ten="348,224,320,108" oya="3" hai0="39,64,44,77,30,58,122,68,103,112,97,73,81" hai1="49,105,61,71,2,35,117,17,43,111,135,13,20" hai2="85,12,11,14,102,34,86,72,62,119,70,80,87" hai3="124,42,55,82,78,123,104,41,63,1,24,33,3"/><W100/><G123/><T134/><D122/><U130/><E43/><V128/><F34/><W6/><G124/><T116/><D116/><U48/><E48/><V16/><F128/><W121/><G121/><T47/><D134/><U108/><E49/><V38/><F38/><W92/><G104/><T110/><D110/><N who="1" m="42027" /><E105/><V131/><F119/><W125/><G125/><T31/><D112/><U18/><E61/><V53/><F102/><W52/><G3/><T21/><D68/><U4/><E71/><V15/><F131/><W0/><G0/><T7/><D7/><U8/><E117/><V67/><F53/><N who="3" m="20555" /><G1/><T69/><D69/><U60/><E60/><V74/><REACH who="2" step="1"/><F80/><REACH who="2" ten="348,224,310,108" step="2"/><W113/><G113/><T29/><D39/><U91/><E130/><V129/><F129/><W56/><G6/><T96/><D103/><U76/><E135/><V25/><F25/><W9/><G9/><T50/><D81/><U36/><E36/><V127/><F127/><W98/><G33/><T22/><D73/><AGARI ba="0,1" hai="11,12,14,15,16,62,67,70,72,73,74,85,86,87" machi="73" ten="40,2600,0" yaku="1,1,54,1,53,0" doraHai="26" doraHaiUra="118" who="2" fromWho="0" sc="348,-26,224,0,310,36,108,0" owari="322,12.0,224,-18.0,346,45.0,108,-39.0" />
</Scene>
</mjloggm>