<mjloggm ver="2.3"><GO type="169"/><UN n0="%E9%AB%98%E7%94%BA%E3%83%B4%E3%82%A3%E3%83%B4%E3%82%A3%E3%82%AA%E2%98%86" n1="%E5%A4%AA%E3%81%8F%E3%81%AA%E3%81%84%E3%81%8A" n2="%41%53%41%50%49%4E" n3="%E3%80%93%E7%89%87%E5%B2%A1%E5%84%AA%E5%B8%8C%E3%80%93" dan="16,17,19,16" rate="2080,2162,2267,2074" sx="F,M,M,F"/><TAIKYOKU oya="0"/>

<Scene>
<INIT seed="0,0,0,2,0,75" ten="250,250,250,250" oya="0" hai0="4,19,67,12,39,84,51,95,116,108,110,28,80" hai1="117,24,14,82,77,121,124,97,35,112,94,119,99" hai2="46,20,106,1,18,29,126,52,114,3,129,83,128" hai3="132,131,26,115,47,38,49,69,58,118,7,13,45"/><T66/><D39/><U48/><E121/><V105/><F114/><W59/><G69/><T96/><D116/><U34/><E124/><V78/><F29/><W123/><G115/><T93/><D28/><U16/><E112/><V65/><F65/><N who="0" m="24586" /><D4/><U44/><E24/><N who="2" m="14359" /><F126/><W40/><G118/><T130/><D51/><U76/><E119/><V120/><F120/><W122/><G122/><T27/><D27/><U0/><E0/><V57/><F46/><W54/><G123/><T125/><D96/><U103/><E117/><V91/><F91/><W86/><G132/><T41/><D41/><U70/><E70/><V102/><F102/><W85/><G131/><N who="2" m="50249" /><F106/><W23/><G7/><T11/><D125/><U32/><E97/><V73/><F105/><W8/><G45/><T71/><D71/><U101/><E101/><V2/><F2/><W62/><G59/><T98/><D98/><U135/><E135/><V56/><F56/><W72/><G38/><T5/><D130/><U90/><E103/><V53/><F53/><W9/><G54/><T89/><D5/><U61/><E61/><AGARI ba="0,0" hai="1,3,52,57,61,73,78,83" m="50249,14359" machi="61" ten="30,3900,0" yaku="19,1,52,1,54,1" doraHai="75" who="2" fromWho="1" sc="250,0,250,-39,250,39,250,0" />
</Scene>
<Scene>
<INIT seed="1,0,0,2,1,55" ten="250,211,289,250" oya="1" hai0="72,130,97,21,9,105,22,70,5,11,121,112,128" hai1="103,41,2,86,35,75,84,34,58,115,98,107,65" hai2="53,129,24,51,93,124,46,23,101,66,54,85,28" hai3="31,81,15,95,92,6,91,110,61,64,69,120,122"/><U68/><E115/><V37/><F37/><W10/><G110/><T78/><D70/><U127/><E75/><V79/><F129/><N who="0" m="49770" /><D112/><U33/><E2/><V77/><F124/><W60/><G31/><T47/><D121/><U57/><E127/><V134/><F134/><W88/><G81/><N who="0" m="45255" /><D47/><U38/><E68/><V96/><F66/><W104/><G104/><T80/><D80/><U7/><E7/><V12/><F85/><W52/><G91/><T71/><D71/><U116/><E116/><V17/><REACH who="2" step="1"/><F54/><REACH who="2" ten="250,211,279,250" step="2"/><W0/><G0/><N who="0" m="167" /><D11/><AGARI ba="0,1" hai="11,12,17,23,24,28,46,51,53,77,79,93,96,101" machi="11" ten="30,7700,0" yaku="1,1,7,1,8,1,53,1" doraHai="55" doraHaiUra="18" who="2" fromWho="0" sc="250,-77,211,0,279,87,250,0" />
</Scene>
<Scene>
<INIT seed="2,0,0,1,0,97" ten="173,211,366,250" oya="2" hai0="81,19,7,14,86,64,25,45,78,83,111,116,18" hai1="27,95,99,127,103,69,44,74,80,101,62,35,61" hai2="96,94,23,46,133,49,52,36,75,31,68,130,72" hai3="38,1,113,112,43,109,122,73,39,60,107,22,76"/><V33/><F68/><W71/><G122/><T5/><D116/><U102/><E127/><V105/><F105/><W42/><G22/><T115/><D115/><N who="3" m="44105" /><G109/><T21/><D111/><U88/><E44/><V9/><F33/><W119/><G119/><T4/><D64/><U54/><E69/><V90/><F130/><W55/><G1/><T8/><D45/><U47/><E74/><V3/><F133/><W12/><G12/><T123/><D123/><U67/><E80/><AGARI ba="0,0" hai="4,5,7,8,14,18,19,21,25,78,80,81,83,86" machi="80" ten="40,1300,0" yaku="8,1" doraHai="97" who="0" fromWho="1" sc="173,13,211,-13,366,0,250,0" />
</Scene>
<Scene>
<INIT seed="3,0,0,3,0,120" ten="186,198,366,250" oya="3" hai0="34,9,28,105,85,41,32,111,12,115,24,2,31" hai1="94,80,128,71,96,23,75,89,74,43,109,37,22" hai2="42,77,11,102,114,0,14,69,44,48,135,6,55" hai3="87,5,3,127,10,63,4,97,95,40,78,110,35"/><W116/><G116/><T66/><D105/><U46/><E71/><V91/><F114/><W112/><G112/><T39/><D2/><U30/><E128/><V76/><F69/><W131/><G35/><T88/><D115/><U122/><E122/><V50/><F135/><W47/><G131/><T130/><D66/><U100/><E109/><V21/><F102/><W16/><G127/><T104/><D104/><U13/><E30/><V33/><F33/><W106/><G106/><T132/><D132/><U119/><E119/><V38/><F38/><W121/><G121/><T20/><D130/><U65/><E65/><V117/><F117/><W54/><G110/><T52/><D111/><U8/><E75/><V86/><F21/><W26/><G5/><T134/><D134/><U18/><REACH who="1" step="1"/><E89/><REACH who="1" ten="186,188,366,250" step="2"/><V29/><F29/><W53/><G78/><AGARI ba="0,1" hai="8,13,18,22,23,37,43,46,74,78,80,94,96,100" machi="78" ten="40,5200,0" yaku="1,1,2,1,53,1" doraHai="120" doraHaiUra="92" who="1" fromWho="3" sc="186,0,188,62,366,0,250,-52" />
</Scene>
<Scene>
<INIT seed="4,0,0,3,2,41" ten="186,250,366,198" oya="0" hai0="68,126,104,13,102,8,38,10,89,72,26,48,7" hai1="91,87,128,101,51,129,46,32,33,12,113,29,71" hai2="24,123,44,16,36,119,50,57,45,54,43,56,134" hai3="30,124,94,42,47,88,63,127,122,98,21,90,5"/><T103/><D72/><U74/><E74/><V78/><F123/><W83/><G122/><T82/><D38/><U79/><E71/><V22/><F134/><W6/><G63/><T75/><D68/><U66/><E66/><V27/><F119/><W118/><G118/><T73/><D126/><N who="3" m="48169" /><G30/><T135/><D135/><U117/><E117/><V69/><F69/><W31/><G31/><T64/><D64/><U49/><E79/><V40/><F78/><W81/><G21/><T17/><D26/><U4/><E101/><V35/><F35/><W96/><G96/><T80/><D103/><U67/><E67/><V84/><F84/><N who="3" m="50191" /><G83/><T116/><D82/><N who="1" m="49655" /><E29/><V105/><F27/><W14/><G14/><N who="0" m="5407" /><D73/><U86/><E86/><V99/><F99/><W97/><G97/><T76/><D116/><U106/><E33/><V114/><F24/><W108/><G108/><T93/><D75/><U28/><E28/><V55/><F36/><AGARI ba="0,0" hai="5,6,36,42,47,90,94,98" m="50191,48169" machi="36" ten="30,3900,0" yaku="18,1,52,1,54,1" doraHai="41" who="3" fromWho="2" sc="186,0,250,0,366,-39,198,39" />
</Scene>
<Scene>
<INIT seed="5,0,0,4,1,111" ten="186,250,327,237" oya="1" hai0="129,64,51,105,42,130,81,87,119,110,37,16,39" hai1="107,77,66,11,101,52,65,10,46,120,67,30,115" hai2="48,108,95,88,73,83,121,85,36,55,70,38,28" hai3="50,131,58,90,124,54,44,100,9,116,1,29,63"/><U99/><E120/><V19/><F108/><W135/><G100/><T41/><D105/><U98/><E77/><V0/><F70/><W60/><G124/><T57/><D119/><U94/><E30/><V40/><F121/><W91/><G135/><T72/><D72/><U82/><E82/><V125/><F125/><W24/><G131/><N who="0" m="50187" /><D110/><U134/><E134/><V45/><F0/><W59/><G116/><T2/><D2/><U109/><E109/><V27/><F19/><W89/><G9/><T23/><D64/><U104/><E115/><V49/><F83/><W62/><REACH who="3" step="1"/><G1/><REACH who="3" ten="186,250,327,227" step="2"/><T74/><D74/><U12/><E11/><V102/><F73/><W13/><G13/><N who="0" m="9615" /><D57/><U22/><E10/><V78/><F102/><W114/><G114/><T118/><D118/><U92/><E12/><V6/><F27/><W17/><G17/><T47/><D42/><U103/><REACH who="1" step="1"/><E22/><AGARI ba="0,1" hai="22,24,29,44,50,54,58,59,60,62,63,89,90,91" machi="22" ten="40,8000,1" yaku="1,1,8,1,53,2" doraHai="111" doraHaiUra="53" who="3" fromWho="1" sc="186,0,250,-80,327,0,227,90" />
</Scene>
<Scene>
<INIT seed="6,0,0,4,5,102" ten="186,170,327,317" oya="2" hai0="24,1,59,23,52,39,113,35,126,109,125,94,76" hai1="12,68,107,57,111,108,81,69,49,14,66,10,32" hai2="135,2,33,92,17,7,4,123,9,22,46,26,98" hai3="13,53,0,15,83,121,65,51,45,112,60,16,67"/><V58/><F123/><W120/><G0/><T80/><D39/><U50/><E32/><V97/><F135/><W114/><G83/><T117/><D1/><U36/><E36/><V128/><F128/><W18/><G67/><T5/><D109/><U77/><E107/><V61/><F33/><W21/><G18/><N who="0" m="12407" /><D5/><U71/><E66/><V25/><F7/><W64/><G64/><T62/><D35/><U73/><E14/><V72/><F72/><W20/><G20/><T54/><D113/><N who="3" m="43625" /><G15/><T127/><D94/><U37/><E37/><V133/><F133/><W104/><G104/><T74/><D54/><U3/><E3/><V56/><F26/><W116/><G116/><AGARI ba="0,0" hai="52,59,62,74,76,80,116,117,125,126,127" m="12407" machi="116" ten="40,2600,0" yaku="18,1,54,1" doraHai="102" who="0" fromWho="3" sc="186,26,170,0,327,0,317,-26" />
</Scene>
<Scene>
<INIT seed="7,0,0,2,3,103" ten="212,170,327,291" oya="3" hai0="46,114,54,106,107,67,84,63,118,113,52,121,73" hai1="40,134,42,110,12,98,11,124,116,49,20,43,132" hai2="69,2,38,9,29,89,58,59,19,125,24,101,97" hai3="109,100,36,72,18,123,75,48,30,27,57,90,135"/><W87/><G123/><T83/><D73/><U25/><E110/><V33/><F69/><W128/><G36/><T15/><D118/><U79/><E124/><V60/><F38/><W13/><G109/><T41/><D121/><U94/><E116/><V32/><F125/><W130/><G100/><T10/><D41/><U4/><E79/><V16/><F32/><N who="3" m="20575" /><G135/><T81/><D81/><U119/><E119/><V71/><F89/><W62/><G48/><N who="0" m="28695" /><D54/><U88/><REACH who="1" step="1"/><E49/><REACH who="1" ten="212,160,327,291" step="2"/><V111/><F111/><W70/><G128/><T6/><D63/><U1/><E1/><V55/><F60/><W108/><G130/><T99/><D67/><U17/><AGARI ba="0,1" hai="4,11,12,17,20,25,40,42,43,88,94,98,132,134" machi="17" ten="30,7900,0" yaku="1,1,0,1,54,1,53,1" doraHai="103" doraHaiUra="86" who="1" fromWho="1" sc="212,-20,160,89,327,-20,291,-39" owari="192,-31.0,249,-15.0,307,41.0,252,5.0" />
</Scene>
</mjloggm>