<mjloggm ver="2.3"><GO type="169" lobby="0"/><UN n0="%E3%82%B2%E3%82%AA%E3%83%AB%E3%82%B2%E3%83%8F%E3%82%B8%39%34" n1="%E5%A4%AA%E3%81%8F%E3%81%AA%E3%81%84%E3%81%8A" n2="%E4%B8%83%E3%83%84%E7%9B%AE%E7%8E%89" n3="%E5%A4%A7%E6%AD%A3%E9%BA%BB%E9%9B%80%E5%A8%98%E3%80%82" dan="16,18,17,17" rate="2059.03,2182.76,2191.44,2158.13" sx="M,M,M,F"/><TAIKYOKU oya="0"/>

<Scene>
<INIT seed="0,0,0,2,3,72" ten="250,250,250,250" oya="0" hai0="70,105,45,112,103,60,1,115,130,96,56,46,13" hai1="28,12,54,85,52,4,43,129,82,89,31,9,111" hai2="51,39,37,127,27,108,101,116,53,75,131,99,128" hai3="76,104,67,14,24,88,40,90,17,32,117,8,42"/><T61/><D1/><U98/><E111/><V94/><F75/><W62/><G104/><T95/><D130/><N who="2" m="49706" /><F108/><W125/><G117/><T91/><D13/><U50/><E129/><V107/><F116/><W87/><G125/><T21/><D21/><U121/><E121/><V18/><F127/><W133/><G133/><T33/><D33/><U69/><E69/><V30/><F18/><W59/><G32/><T22/><D22/><U102/><E43/><N who="3" m="16426" /><G24/><T58/><D70/><U106/><REACH who="1" step="1"/><E54/><REACH who="1" ten="250,240,250,250" step="2"/><V114/><F114/><W11/><G11/><T124/><D115/><U34/><E34/><N who="2" m="20831" /><F107/><W73/><G73/><T41/><D112/><U97/><E97/><V15/><F15/><W7/><G7/><T6/><D6/><U49/><E49/><V135/><F135/><W110/><G110/><T20/><D124/><U26/><E26/><V23/><F23/><W44/><G8/><T64/><D20/><U71/><E71/><V2/><F2/><W36/><G14/><T65/><D41/><U25/><E25/><V48/><F48/><W19/><G19/><T3/><D3/><U68/><E68/><V84/><F84/><AGARI ba="0,1" hai="45,46,56,58,60,61,64,65,84,91,95,96,103,105" machi="84" ten="30,2900,0" yaku="7,1,9,1" doraHai="72" who="0" fromWho="2" sc="250,39,240,0,250,-29,250,0" />
</Scene>
<Scene>
<INIT seed="0,1,0,5,2,108" ten="289,240,221,250" oya="0" hai0="122,100,103,113,66,105,50,131,65,37,19,43,86" hai1="3,130,90,34,127,91,57,134,36,112,120,80,121" hai2="45,14,21,109,12,49,0,35,58,94,83,82,4" hai3="2,68,123,129,115,18,13,15,77,1,6,78,88"/><T107/><D37/><U87/><E3/><V64/><F35/><W89/><G68/><T44/><D122/><U40/><E34/><V8/><F109/><W126/><G123/><N who="1" m="47178" /><E57/><V7/><F0/><W27/><G27/><T56/><D131/><U128/><E40/><V85/><F94/><W31/><G31/><T51/><D107/><U74/><E36/><V125/><F125/><W99/><G129/><N who="1" m="49770" /><E127/><V132/><F132/><W135/><G126/><T41/><D105/><U52/><E52/><N who="2" m="29743" /><F58/><W119/><G135/><T92/><D56/><U117/><E134/><V81/><F64/><W28/><G28/><T9/><D44/><U60/><E60/><V5/><F85/><W46/><G46/><T61/><D61/><U69/><E69/><V84/><F84/><W17/><G6/><T70/><D70/><U59/><E59/><V110/><F110/><W29/><G29/><T23/><D50/><U98/><E74/><V97/><F97/><W79/><G99/><T73/><D51/><U53/><E53/><V76/><F76/><W20/><G79/><T95/><D73/><U48/><E48/><V118/><F118/><W106/><G106/><T22/><D65/><U63/><E63/><V26/><F14/><W54/><G54/><T33/><D66/><U111/><E111/><V71/><F71/><W133/><G133/><T116/><D116/><U11/><E117/><V55/><F55/><W104/><G104/><T124/><D124/><U62/><E62/><V101/><F101/><W39/><G119/><T42/><D42/><U72/><E72/><V67/><F67/><RYUUKYOKU ba="1,0" sc="289,-10,240,-10,221,30,250,-10" hai2="4,5,7,8,12,21,26,81,82,83" />
</Scene>
<Scene>
<INIT seed="1,2,0,0,1,15" ten="279,230,251,240" oya="1" hai0="49,61,105,41,10,106,3,109,94,11,73,7,20" hai1="67,54,122,83,43,71,88,19,126,77,36,18,38" hai2="34,63,55,131,85,110,89,92,16,117,17,95,79" hai3="29,26,28,39,86,128,58,119,127,70,115,46,96"/><U81/><E122/><V32/><F117/><W135/><G70/><T98/><D73/><U76/><E126/><V113/><F110/><W65/><G115/><T80/><D109/><U78/><E54/><V107/><F107/><W59/><G127/><T74/><D11/><U124/><E124/><V130/><F113/><W90/><G119/><T33/><D33/><N who="2" m="12906" /><F79/><W133/><G96/><T50/><D61/><U40/><E71/><V123/><F123/><W103/><G103/><T114/><D114/><U62/><E62/><V24/><F24/><W87/><G86/><T102/><D20/><U118/><E118/><V12/><F12/><W60/><G59/><T0/><D0/><U69/><E69/><V72/><F72/><W134/><G26/><T116/><D116/><U82/><E67/><V5/><F5/><W104/><G104/><T111/><D111/><U101/><E101/><V99/><F55/><W42/><REACH who="3" step="1"/><G128/><REACH who="3" ten="279,230,251,230" step="2"/><N who="2" m="49193" /><F63/><W91/><G91/><AGARI ba="2,1" hai="16,17,85,89,91,92,95,99" m="49193,12906" machi="91" ten="30,7700,0" yaku="19,1,52,2,54,1" doraHai="15" who="2" fromWho="3" sc="279,0,230,0,251,93,230,-83" />
</Scene>
<Scene>
<INIT seed="2,0,0,0,4,111" ten="279,230,344,147" oya="2" hai0="46,20,120,2,107,94,62,109,19,40,117,49,33" hai1="5,58,71,18,17,97,44,12,57,24,89,65,69" hai2="68,25,32,21,50,129,132,84,41,54,123,108,83" hai3="100,87,66,78,102,8,76,11,15,101,45,38,134"/><V36/><F123/><W122/><G134/><T6/><D107/><U0/><E0/><V56/><F32/><W70/><G122/><T13/><D120/><U128/><E128/><V92/><F129/><W22/><G70/><T80/><D109/><U81/><E44/><V86/><F108/><W43/><G66/><T48/><D33/><U93/><E71/><V23/><F132/><W135/><G135/><T4/><D117/><U31/><E69/><V53/><F68/><W118/><G118/><T1/><D1/><U37/><E37/><V7/><F7/><W42/><G42/><T127/><D127/><U99/><E81/><V90/><F36/><W28/><G87/><T72/><D2/><U133/><E133/><V34/><F41/><W29/><G22/><T61/><D94/><U60/><E58/><N who="2" m="33079" /><F25/><W85/><G85/><T82/><D49/><U55/><E55/><V30/><F30/><W9/><REACH who="3" step="1"/><G15/><REACH who="3" ten="279,230,344,137" step="2"/><T110/><D110/><U39/><E12/><V64/><F64/><W113/><G113/><T26/><D13/><U3/><E3/><V74/><F34/><W47/><G47/><T27/><D46/><U121/><E121/><V59/><F74/><W104/><G104/><T73/><D72/><U131/><E131/><V16/><F23/><W67/><G67/><T77/><D73/><U91/><E65/><V103/><F84/><W96/><G96/><T79/><D20/><U124/><E97/><N who="2" m="59815" /><F54/><W10/><N who="3" m="2048" /><DORA hai="75" /><W126/><G126/><T14/><D40/><U106/><E124/><V114/><F114/><W125/><G125/><T116/><D4/><RYUUKYOKU ba="0,1" sc="279,-15,230,-15,344,15,137,15" hai2="16,21,56,59,83,86,90" hai3="28,29,38,43,45,76,78,100,101,102" />
</Scene>
<Scene>
<INIT seed="2,1,1,2,2,50" ten="264,215,359,152" oya="2" hai0="102,73,129,42,72,76,115,35,51,56,99,134,36" hai1="89,18,32,17,58,80,92,133,37,64,120,14,114" hai2="57,122,10,22,26,79,78,111,87,43,60,112,100" hai3="25,68,61,47,126,125,30,116,128,105,86,9,23"/><V113/><F122/><W27/><G116/><T75/><D115/><U83/><E114/><V88/><F113/><W119/><G105/><T38/><D35/><U85/><E32/><V101/><F43/><W74/><G74/><T104/><D129/><U19/><E37/><V107/><F10/><W91/><G119/><T110/><D110/><U33/><E33/><V5/><F5/><W13/><G128/><T16/><D134/><U71/><E133/><V121/><F111/><W28/><G47/><T118/><D118/><U82/><E71/><V4/><F4/><W103/><G103/><N who="2" m="39497" /><F107/><W84/><G61/><T96/><D76/><U53/><E120/><V127/><F127/><N who="3" m="48651" /><G68/><T135/><D135/><U49/><REACH who="1" step="1"/><E64/><REACH who="1" ten="264,205,359,152" step="2"/><N who="2" m="38927" /><F121/><W106/><G106/><T55/><D36/><U20/><AGARI ba="1,2" hai="14,17,18,19,20,49,53,58,80,82,83,85,89,92" machi="20" ten="30,16000,3" yaku="1,1,0,1,25,2,8,1,52,1,53,3" doraHai="50" doraHaiUra="15" who="1" fromWho="1" sc="264,-41,205,183,359,-81,152,-41" />
</Scene>
<Scene>
<INIT seed="3,0,0,2,4,53" ten="223,388,278,111" oya="3" hai0="86,128,49,96,121,88,55,6,80,112,122,85,95" hai1="94,127,20,119,0,115,39,82,107,89,44,32,60" hai2="61,87,13,37,125,59,109,91,120,83,24,3,46" hai3="84,72,64,42,8,98,113,104,51,135,108,78,63"/><W79/><G113/><T22/><D112/><U97/><E115/><V90/><F3/><W15/><G72/><T133/><D128/><U35/><E0/><V130/><F130/><W28/><G135/><T62/><D133/><U116/><E127/><V126/><F109/><W99/><G28/><T76/><D6/><U5/><E107/><V106/><F106/><W12/><G108/><T34/><D34/><U25/><E5/><V14/><F24/><W73/><G73/><T56/><D22/><U2/><E2/><V29/><F29/><W57/><G104/><T81/><REACH who="0" step="1"/><D62/><REACH who="0" ten="213,388,278,111" step="2"/><U23/><E23/><V52/><F120/><W111/><G111/><T18/><D18/><U131/><E131/><V36/><F125/><W16/><G15/><T9/><D9/><U103/><E20/><V58/><F126/><W1/><G1/><T117/><D117/><U71/><E35/><V102/><F13/><W65/><G65/><T41/><D41/><N who="1" m="22591" /><E32/><V11/><F14/><W47/><REACH who="3" step="1"/><G79/><AGARI ba="0,1" hai="49,55,56,76,79,80,81,85,86,88,95,96,121,122" machi="79" ten="30,8000,1" yaku="1,1,7,1,9,1,52,1,54,1,53,0" doraHai="53" doraHaiUra="7" who="0" fromWho="3" sc="213,90,388,0,278,0,111,-80" />
</Scene>
<Scene>
<INIT seed="4,0,0,2,4,89" ten="303,388,278,31" oya="0" hai0="83,24,100,40,4,48,64,45,12,49,38,46,36" hai1="96,134,105,80,87,135,123,69,55,31,127,18,41" hai2="129,50,16,92,81,59,120,58,94,88,15,99,42" hai3="44,79,62,47,13,32,102,132,67,25,7,26,22"/><T90/><D100/><N who="1" m="62599" /><E69/><V23/><F129/><W35/><G132/><N who="1" m="50730" /><E123/><V110/><F110/><W103/><G79/><T73/><D64/><U0/><E0/><V14/><F120/><W78/><G78/><T10/><D24/><U115/><E41/><V3/><F3/><W65/><G22/><T108/><D108/><U124/><E31/><V104/><F104/><W51/><G51/><T98/><D73/><U11/><E55/><V5/><F81/><W43/><G62/><T68/><D68/><U57/><E57/><V111/><F111/><W19/><G13/><T52/><REACH who="0" step="1"/><D83/><REACH who="0" ten="293,388,278,31" step="2"/><U8/><E115/><V61/><F61/><W2/><G2/><T114/><D114/><U116/><E116/><V54/><F42/><W91/><G43/><T1/><D1/><U97/><E127/><V85/><F15/><W29/><G29/><T71/><D71/><U106/><E124/><V27/><F27/><W84/><G7/><T125/><D125/><U82/><E82/><V74/><F74/><W20/><G35/><T72/><D72/><U76/><E18/><V128/><F128/><W63/><G32/><T56/><D56/><U112/><E112/><V28/><F28/><W95/><G26/><T30/><D30/><U93/><E106/><V122/><F122/><W101/><REACH who="3" step="1"/><G67/><REACH who="3" ten="293,388,278,21" step="2"/><T131/><D131/><U60/><E60/><V130/><F130/><W39/><G39/><T53/><D53/><U117/><E117/><V109/><F109/><W119/><G119/><T107/><D107/><U70/><E70/><AGARI ba="0,2" hai="19,20,25,44,47,63,65,70,84,91,95,101,102,103" machi="70" ten="40,2600,0" yaku="1,1,52,1,53,0" doraHai="89" doraHaiUra="9" who="3" fromWho="1" sc="293,0,388,-26,278,0,21,46" />
</Scene>
<Scene>
<INIT seed="5,0,0,3,0,48" ten="293,362,278,67" oya="1" hai0="20,77,121,109,44,98,95,51,116,114,127,103,5" hai1="57,28,1,78,34,30,85,7,104,32,31,124,60" hai2="27,23,75,71,54,10,86,115,53,102,131,59,2" hai3="11,61,29,67,93,18,74,36,89,94,105,16,72"/><U66/><E104/><V125/><F75/><W46/><G105/><T26/><D116/><U47/><E124/><V43/><F71/><W80/><G29/><T19/><D127/><U58/><E47/><V90/><F125/><W33/><G33/><T111/><D114/><U135/><E135/><V88/><F115/><W79/><G74/><T42/><D121/><U17/><E17/><V15/><F2/><W132/><G132/><T130/><D130/><U52/><E1/><V122/><F131/><W128/><G128/><T45/><D77/><U117/><E7/><N who="2" m="3551" /><F122/><W68/><G94/><T13/><D45/><U3/><E3/><V92/><F43/><W50/><G36/><T120/><D120/><U41/><E41/><V87/><F59/><W134/><G11/><T55/><D42/><U119/><E119/><V101/><F101/><W0/><G0/><T76/><D76/><U110/><E117/><V6/><F102/><W14/><G14/><T82/><D82/><U81/><REACH who="1" step="1"/><E110/><REACH who="1" ten="293,352,278,67" step="2"/><V69/><F6/><W35/><G134/><T9/><AGARI ba="0,1" hai="5,9,13,19,20,26,44,51,55,95,98,103,109,111" machi="9" ten="30,2000,0" yaku="0,1,52,1" doraHai="48" who="0" fromWho="0" sc="293,30,352,-10,278,-5,67,-5" />
</Scene>
<Scene>
<INIT seed="6,0,0,2,2,48" ten="323,342,273,62" oya="2" hai0="13,46,124,31,76,33,36,2,57,11,27,56,85" hai1="130,7,66,70,102,110,5,99,29,17,60,61,128" hai2="96,12,117,24,95,133,82,115,23,134,0,67,77" hai3="20,53,62,21,127,111,91,104,8,68,35,90,25"/><V135/><F117/><W28/><G111/><T113/><D2/><U59/><E29/><V30/><F0/><W38/><G127/><T39/><D124/><U125/><E17/><V108/><F108/><W18/><G38/><T132/><D113/><U32/><E32/><V129/><F115/><W89/><G104/><T83/><D132/><U37/><E37/><V84/><F129/><N who="1" m="49769" /><E125/><V131/><F131/><W106/><G106/><T80/><D36/><U47/><E47/><V101/><F67/><W19/><G68/><T69/><D69/><U52/><E110/><V40/><F12/><W10/><G35/><T72/><D39/><U122/><E122/><V50/><F50/><W119/><G119/><T1/><D1/><U93/><AGARI ba="0,0" hai="5,7,52,59,60,61,66,70,93,99,102" m="49769" machi="93" ten="30,4000,0" yaku="19,1,52,1,54,1" doraHai="48" who="1" fromWho="1" sc="323,-10,342,40,273,-20,62,-10" />
</Scene>
<Scene>
<INIT seed="7,0,0,0,5,59" ten="313,382,253,52" oya="3" hai0="33,50,94,88,60,31,40,56,48,116,130,87,30" hai1="74,100,17,5,35,46,107,86,41,62,101,118,28" hai2="16,11,66,129,57,103,119,43,53,3,81,78,106" hai3="126,84,13,39,63,0,64,71,69,82,7,18,85"/><W37/><G126/><T8/><D116/><U111/><E74/><V124/><F119/><W120/><G120/><T95/><D130/><U122/><E111/><V113/><F129/><W98/><G7/><T97/><D33/><U44/><E118/><V125/><F66/><W2/><G98/><T75/><D75/><U51/><E122/><V20/><F43/><W22/><G71/><T131/><D131/><U121/><E5/><V1/><F103/><W54/><G54/><T133/><D133/><U115/><E121/><V9/><F106/><W10/><G85/><T114/><D114/><U26/><E115/><V55/><F113/><W68/><G68/><T93/><D8/><N who="2" m="3146" /><F81/><W4/><REACH who="3" step="1"/><G0/><REACH who="3" ten="313,382,253,42" step="2"/><T83/><D97/><U99/><E86/><V45/><F3/><W109/><G109/><T128/><D128/><U135/><E99/><V134/><F1/><W104/><G104/><T72/><D72/><U90/><E107/><V112/><F55/><W49/><G49/><T32/><D48/><U123/><E123/><V12/><F112/><W21/><G21/><T108/><D108/><U79/><E51/><N who="2" m="28911" /><F124/><W6/><G6/><T132/><D32/><U70/><E70/><V77/><F125/><W89/><AGARI ba="0,1" hai="2,4,10,13,18,22,37,39,63,64,69,82,84,89" machi="89" ten="20,7800,0" yaku="1,1,0,1,7,1,52,1,53,0" doraHai="59" doraHaiUra="25" who="3" fromWho="3" sc="313,-26,382,-26,253,-26,42,88" />
</Scene>
<Scene>
<INIT seed="7,1,0,4,1,32" ten="287,356,227,130" oya="3" hai0="10,40,85,59,134,95,90,49,26,126,119,75,94" hai1="1,35,27,48,86,73,99,68,69,96,92,110,83" hai2="9,23,14,76,29,128,81,105,70,54,109,78,36" hai3="89,71,38,74,123,115,20,37,131,106,44,33,66"/><W117/><RYUUKYOKU type="yao9" ba="1,0" sc="287,0,356,0,227,0,130,0" hai3="20,33,37,38,44,66,71,74,89,106,115,117,123,131" />
</Scene>
<Scene>
<INIT seed="7,2,0,3,2,112" ten="287,356,227,130" oya="3" hai0="5,28,17,31,2,96,40,29,32,118,7,84,54" hai1="38,80,78,135,119,127,23,128,62,104,14,69,68" hai2="85,59,101,13,16,0,106,117,45,20,66,44,111" hai3="130,12,41,61,42,19,22,6,51,43,75,64,91"/><W8/><G75/><T76/><D32/><U52/><E38/><V25/><F111/><W86/><G130/><T132/><D132/><U77/><E104/><V57/><F0/><W105/><G105/><T39/><D2/><U36/><E36/><V3/><F3/><W53/><G64/><T50/><D39/><U55/><E135/><V82/><F117/><W47/><G61/><T30/><D40/><U1/><E1/><V113/><F113/><W56/><G6/><T81/><D118/><U70/><E119/><V37/><F106/><W35/><G35/><T92/><D17/><U93/><E93/><V120/><F101/><W125/><G125/><T74/><D74/><U60/><E128/><V48/><F120/><W89/><G89/><T27/><D27/><U97/><E97/><V124/><F124/><W49/><REACH who="3" step="1"/><G8/><REACH who="3" ten="287,356,227,120" step="2"/><T87/><D5/><U121/><E127/><V100/><F66/><W129/><G129/><T90/><D7/><U114/><E62/><V63/><F63/><W71/><G71/><T126/><D126/><U10/><E10/><V123/><F123/><W34/><G34/><T134/><D134/><U107/><E107/><V133/><F133/><W109/><G109/><T95/><D90/><U67/><E121/><V110/><F110/><W72/><G72/><T33/><D33/><U122/><E122/><V15/><F100/><W18/><G18/><T99/><D28/><U26/><E69/><V131/><F131/><W11/><G11/><T94/><D87/><U73/><E70/><V108/><F108/><W24/><G24/><T83/><D84/><RYUUKYOKU ba="2,1" sc="287,-10,356,-10,227,-10,120,30" hai3="12,19,22,41,42,43,47,49,51,53,56,86,91" />
</Scene>
<Scene>
<INIT seed="7,3,1,0,0,21" ten="277,346,217,150" oya="3" hai0="9,102,7,65,96,27,76,49,123,34,131,36,111" hai1="74,86,119,53,28,110,51,26,132,44,82,46,103" hai2="59,55,88,105,116,10,5,124,18,50,122,17,30" hai3="23,63,135,35,83,33,72,54,12,113,60,38,89"/><W134/><G113/><T70/><D36/><U118/><E110/><V85/><F116/><N who="1" m="44585" /><E132/><N who="3" m="50730" /><G38/><T95/><D123/><U48/><E103/><V126/><F105/><W79/><G89/><T130/><D111/><U100/><E100/><V3/><F122/><W1/><G1/><T75/><D49/><N who="1" m="19019" /><E53/><V22/><F30/><W61/><G54/><T57/><D70/><U24/><E74/><V108/><F108/><W133/><N who="3" m="50738" /><W120/><DORA hai="114" /><G120/><T11/><D76/><N who="1" m="46407" /><E26/><V78/><F78/><W37/><G37/><T32/><D75/><U99/><E99/><V42/><F42/><W39/><G39/><T112/><D112/><U73/><E73/><V15/><F124/><W64/><G64/><T41/><D41/><U97/><E97/><V84/><F126/><W14/><G14/><T117/><D96/><U94/><E94/><V4/><F3/><W98/><G98/><T115/><D95/><U93/><E93/><N who="2" m="54407" /><F85/><W127/><G127/><T121/><D121/><U81/><E81/><V104/><F104/><W101/><G101/><T68/><D102/><U52/><E52/><V125/><F125/><W87/><G72/><T45/><D115/><U66/><E66/><V8/><F55/><W80/><G80/><T129/><D65/><U43/><E43/><V91/><F91/><W16/><AGARI ba="3,1" hai="12,16,23,33,35,60,61,63,79,83,87" m="50738" machi="16" ten="50,4800,0" yaku="20,1,54,1" doraHai="21,114" who="3" fromWho="3" sc="277,-19,346,-19,217,-19,150,67" />
</Scene>
<Scene>
<INIT seed="7,4,0,0,0,1" ten="258,327,198,217" oya="3" hai0="121,58,90,73,113,112,27,87,2,36,135,131,91" hai1="10,0,19,12,71,4,9,20,62,115,100,53,67" hai2="8,85,42,130,39,114,48,96,5,50,63,13,70" hai3="6,26,119,98,118,104,107,122,124,34,21,132,44"/><W33/><G122/><T11/><D121/><U116/><E115/><N who="0" m="44105" /><D73/><U86/><E116/><V69/><F114/><W83/><G83/><T89/><D135/><U18/><E100/><V111/><F111/><W120/><G120/><T126/><D126/><U129/><E129/><V17/><F130/><W7/><G44/><T97/><D131/><U57/><E86/><V30/><F30/><W82/><G82/><N who="0" m="49399" /><D36/><U68/><E67/><V123/><F123/><W134/><G98/><T38/><D38/><U101/><E101/><V74/><F74/><W35/><G124/><T105/><D105/><U32/><E32/><V95/><F85/><W46/><G46/><T31/><D97/><U41/><E41/><V14/><F39/><W78/><G107/><T3/><D58/><U110/><E110/><V75/><F75/><W133/><G104/><T102/><D102/><U66/><E66/><V117/><F117/><N who="3" m="44555" /><G78/><T65/><D65/><U99/><E99/><V59/><F42/><W79/><G79/><T28/><D28/><AGARI ba="4,0" hai="6,7,21,26,28,33,34,35,132,133,134" m="44555" machi="28" ten="40,12000,1" yaku="20,1,34,2,52,2" doraHai="1" who="3" fromWho="0" sc="258,-132,327,0,198,0,217,132" owari="126,-37.0,327,13.0,198,-20.0,349,44.0" />
</Scene>
</mjloggm>