<mjloggm ver="2.3"><GO type="169" lobby="0"/><UN n0="%E3%83%87%E3%82%B8%E3%82%BF%E3%83%AB%E4%BB%99%E4%BA%BA" n1="%E5%A4%AA%E3%81%8F%E3%81%AA%E3%81%84%E3%81%8A" n2="%E3%83%A4%E3%82%AD%E3%83%B3" n3="%6E%69%6A%69" dan="19,18,17,16" rate="2211.68,2239.54,2171.67,2048.73" sx="F,F,M,M"/><TAIKYOKU oya="0"/>

<Scene>
<INIT seed="0,0,0,0,2,78" ten="250,250,250,250" oya="0" hai0="107,71,98,11,19,23,54,92,135,134,29,62,50" hai1="104,4,111,97,127,119,126,48,49,27,94,57,128" hai2="122,16,56,105,75,43,112,80,89,113,85,42,72" hai3="79,1,31,132,30,114,101,118,69,44,17,53,77"/><T2/><D107/><U34/><E119/><V24/><F122/><W59/><G69/><T91/><D29/><N who="1" m="19775" /><E104/><V116/><F105/><W7/><G101/><T108/><D11/><U131/><E4/><V38/><F116/><W3/><G44/><T99/><D2/><U129/><E111/><V10/><F56/><W65/><G65/><T87/><D108/><U21/><E21/><V41/><F38/><W8/><G1/><T0/><D0/><U64/><E64/><V51/><F51/><N who="1" m="19529" /><E57/><V36/><F36/><W55/><G59/><N who="0" m="33239" /><D62/><U45/><E45/><V133/><F133/><N who="0" m="50698" /><D71/><U9/><E9/><V33/><F33/><W20/><G132/><T5/><D5/><U73/><E73/><V86/><F75/><W46/><G46/><T14/><AGARI ba="0,0" hai="14,19,23,87,91,92,98,99" m="50698,33239" machi="14" ten="30,3000,0" yaku="25,1,20,1" doraHai="78" who="0" fromWho="0" sc="250,30,250,-10,250,-10,250,-10" />
</Scene>
<Scene>
<INIT seed="0,1,0,2,5,127" ten="280,240,240,240" oya="0" hai0="116,119,4,84,102,8,98,72,3,112,107,41,22" hai1="40,12,74,126,48,131,47,130,78,109,43,67,96" hai2="29,83,111,65,81,75,32,6,53,34,115,64,1" hai3="15,54,38,97,76,73,2,56,110,31,100,66,37"/><T87/><D112/><U23/><E126/><V121/><F115/><W18/><G2/><T19/><D72/><U17/><E109/><V20/><F121/><W125/><G110/><T129/><D41/><N who="1" m="24687" /><E67/><V10/><F111/><W42/><G31/><T62/><D62/><U132/><E132/><V21/><F53/><W90/><G66/><T52/><D52/><U24/><E96/><V25/><F81/><W92/><G42/><T134/><D134/><U94/><E94/><V120/><F120/><W26/><G26/><T117/><REACH who="0" step="1"/><D129/><REACH who="0" ten="270,240,240,240" step="2"/><N who="1" m="49163" /><E24/><AGARI ba="1,1" hai="3,4,8,19,22,24,84,87,98,102,107,116,117,119" machi="24" ten="40,2000,0" yaku="1,1,53,0" doraHai="127" doraHaiUra="45" who="0" fromWho="1" sc="270,33,240,-23,240,0,240,0" />
</Scene>
<Scene>
<INIT seed="0,2,0,3,2,91" ten="303,217,240,240" oya="0" hai0="29,2,64,32,48,115,58,87,33,49,63,104,16" hai1="77,94,80,5,128,118,109,119,56,11,50,28,102" hai2="82,55,127,113,130,135,43,83,111,126,37,81,66" hai3="103,45,14,110,100,27,120,97,42,131,112,92,25"/><T39/><D39/><U40/><E109/><V54/><F113/><W62/><G112/><T30/><D115/><U98/><E128/><V10/><F66/><W44/><G110/><T133/><D133/><U1/><E28/><V61/><F111/><W76/><G131/><T125/><D2/><U129/><E129/><V15/><F130/><W121/><G76/><T7/><D7/><U89/><E102/><V108/><F108/><W84/><G84/><T20/><D104/><U47/><REACH who="1" step="1"/><E56/><REACH who="1" ten="303,207,240,240" step="2"/><V69/><F135/><W93/><G100/><T122/><D30/><U105/><E105/><V6/><F69/><W38/><G103/><T19/><D29/><U8/><E8/><V96/><F10/><W85/><G121/><T18/><D122/><U12/><E12/><V34/><F15/><W65/><G14/><T13/><D13/><U68/><E68/><V90/><F126/><W71/><G120/><T72/><D125/><U23/><E23/><V79/><F127/><W74/><G71/><T134/><D20/><U36/><E36/><V51/><F37/><W31/><G38/><T99/><D134/><U78/><E78/><V57/><F79/><W41/><G31/><T52/><D32/><U3/><E3/><V17/><F34/><W53/><G25/><T106/><D33/><U107/><E107/><V95/><F17/><W60/><G27/><T24/><D24/><U117/><E117/><V4/><F4/><W35/><G35/><T59/><D18/><U123/><E123/><V132/><F6/><W0/><G0/><T114/><D16/><U116/><E116/><RYUUKYOKU ba="2,1" sc="303,-10,207,30,240,-10,240,-10" hai1="1,5,11,40,47,50,77,80,89,94,98,118,119" />
</Scene>
<Scene>
<INIT seed="1,3,1,5,2,94" ten="293,237,230,230" oya="1" hai0="8,97,12,126,121,29,25,35,113,135,57,73,110" hai1="99,6,74,88,107,63,70,124,16,60,131,30,40" hai2="31,80,47,68,4,77,133,120,36,111,83,119,93" hai3="38,89,72,15,112,51,32,13,37,52,27,96,61"/><U22/><E74/><V123/><F119/><W1/><G1/><T59/><D113/><U5/><E124/><V58/><F68/><W33/><G72/><T79/><D126/><U81/><E131/><V18/><F31/><W108/><G112/><T26/><D110/><U116/><E116/><V114/><F114/><W14/><G108/><T125/><D125/><U66/><E30/><V17/><F111/><W10/><G61/><T95/><D135/><U86/><E40/><V91/><F4/><W53/><G10/><T90/><D26/><U20/><E63/><V85/><F133/><W9/><G9/><T56/><D121/><U82/><E82/><V39/><F83/><W84/><G27/><T87/><D73/><U19/><E22/><V50/><F58/><W75/><G75/><T48/><D79/><U46/><E46/><V64/><F64/><W23/><G23/><T24/><D24/><U42/><E42/><V118/><F118/><W127/><G127/><T21/><D35/><U0/><E0/><V134/><F134/><W49/><G13/><T54/><REACH who="0" step="1"/><D87/><REACH who="0" ten="283,237,230,230" step="2"/><U129/><E129/><V67/><F120/><W7/><G84/><T45/><D45/><U128/><E128/><V2/><F123/><W78/><G78/><T98/><D98/><U62/><E99/><V122/><F122/><W101/><G96/><T65/><D65/><U28/><E66/><V102/><F67/><W130/><G130/><T41/><D41/><U106/><E86/><V117/><F85/><W132/><G132/><T103/><D103/><U105/><E81/><V76/><F80/><RYUUKYOKU ba="3,2" sc="283,30,237,-10,230,-10,230,-10" hai0="8,12,21,25,29,48,54,56,57,59,90,95,97" />
</Scene>
<Scene>
<INIT seed="2,4,2,5,0,56" ten="313,227,220,220" oya="2" hai0="58,17,67,74,24,10,75,63,127,38,126,87,69" hai1="77,105,115,131,88,22,114,12,16,26,125,117,83" hai2="121,104,28,102,98,8,111,32,7,2,18,109,5" hai3="60,113,9,50,33,106,21,86,14,13,71,65,90"/><V52/><F121/><W40/><G33/><T37/><D87/><U78/><E117/><V11/><F18/><W3/><G106/><T4/><D17/><U35/><E105/><V72/><F72/><N who="0" m="27690" /><D24/><U53/><E131/><V119/><F119/><W91/><G113/><T110/><D58/><U48/><E125/><N who="0" m="47625" /><D110/><N who="2" m="41994" /><F28/><W19/><G3/><AGARI ba="4,2" hai="3,4,10,37,38,63,67,69" m="47625,27690" machi="3" ten="30,3900,0" yaku="18,1,23,1,52,1" doraHai="56" who="0" fromWho="3" sc="313,71,227,0,220,0,220,-51" />
</Scene>
<Scene>
<INIT seed="3,0,0,2,5,105" ten="384,227,220,169" oya="3" hai0="21,0,48,16,46,59,120,132,49,23,18,9,129" hai1="29,113,103,100,75,35,111,135,40,91,102,14,26" hai2="36,87,1,92,125,114,71,123,8,95,31,134,76" hai3="62,78,24,101,64,55,51,70,33,122,34,121,86"/><W116/><G116/><T108/><D120/><U127/><E113/><V57/><F71/><W3/><G3/><T83/><D108/><U112/><E112/><V107/><F107/><W84/><G101/><T7/><D129/><U89/><E111/><V96/><F114/><W68/><G68/><T12/><D132/><U67/><E135/><V52/><F134/><W19/><G19/><T37/><D59/><U88/><E127/><V41/><F31/><W104/><G104/><T39/><D83/><U124/><E124/><V90/><F125/><W81/><G86/><T97/><D97/><U11/><E67/><V58/><F58/><W45/><REACH who="3" step="1"/><G24/><REACH who="3" ten="384,227,220,159" step="2"/><T27/><D49/><U98/><E98/><V109/><F96/><W115/><G115/><T10/><D9/><U126/><E126/><V66/><F8/><W13/><G13/><T30/><D18/><U5/><REACH who="1" step="1"/><E40/><AGARI ba="0,1" hai="0,7,10,12,16,21,23,27,30,37,39,40,46,48" machi="40" ten="30,2000,0" yaku="7,1,54,1" doraHai="105" who="0" fromWho="1" sc="384,30,227,-20,220,0,159,0" />
</Scene>
<Scene>
<INIT seed="4,0,0,5,3,92" ten="414,207,220,159" oya="0" hai0="24,126,106,33,14,27,0,50,2,52,8,79,78" hai1="47,115,16,42,13,60,3,17,67,129,46,93,23" hai2="82,73,44,116,89,62,98,1,81,118,114,96,58" hai3="130,102,84,108,35,4,86,113,94,11,28,19,36"/><T66/><D66/><U39/><E3/><V122/><F1/><W40/><G108/><T95/><D106/><U131/><E115/><V43/><F122/><W133/><G113/><T91/><D126/><U87/><E47/><V55/><F114/><W101/><G130/><N who="1" m="49674" /><E17/><V71/><F71/><W69/><G69/><T99/><D2/><U49/><E39/><V88/><F73/><W29/><G133/><T65/><D65/><U21/><E87/><N who="2" m="50287" /><F89/><W57/><G19/><T97/><D0/><U48/><E93/><V37/><F82/><W83/><G36/><T63/><D63/><U31/><E49/><V80/><F80/><W25/><G29/><T59/><D33/><U124/><E124/><V41/><F41/><W128/><G40/><T125/><D125/><U20/><E31/><V22/><F22/><W121/><G121/><T51/><D51/><U53/><E42/><V61/><F62/><W85/><G128/><T112/><D112/><U7/><E7/><V54/><F54/><W26/><G83/><T123/><D123/><U45/><E45/><V117/><AGARI ba="0,0" hai="37,43,44,55,58,61,96,98,116,117,118" m="50287" machi="117" ten="30,7900,0" yaku="12,1,52,2,54,1" doraHai="92" who="2" fromWho="2" sc="414,-39,207,-20,220,79,159,-20" />
</Scene>
<Scene>
<INIT seed="5,0,0,1,4,116" ten="375,187,299,139" oya="1" hai0="131,48,123,74,107,32,49,87,19,86,1,47,31" hai1="75,133,13,77,56,113,119,111,35,20,71,45,118" hai2="50,110,104,3,17,76,102,96,101,67,98,33,66" hai3="108,121,10,83,84,127,93,64,16,62,26,5,68"/><U130/><E71/><V37/><F37/><W11/><G108/><T51/><D74/><U25/><E45/><V54/><F110/><W36/><G36/><T120/><D1/><U79/><E111/><V94/><F76/><W46/><G46/><T0/><D0/><U18/><E113/><V24/><F3/><W65/><G65/><T44/><D107/><U30/><E130/><V43/><F43/><W81/><G127/><T40/><D131/><U63/><E133/><V73/><F73/><W69/><G69/><T72/><D72/><U8/><E77/><V38/><F38/><W39/><G39/><T12/><D31/><U89/><E89/><V91/><F91/><W57/><G68/><T42/><D51/><U41/><E41/><V132/><F132/><W134/><G134/><T100/><D100/><U80/><REACH who="1" step="1"/><E35/><REACH who="1" ten="375,177,299,139" step="2"/><V82/><F33/><W2/><G121/><N who="0" m="46667" /><D32/><U125/><E125/><V124/><F124/><W55/><G64/><AGARI ba="0,1" hai="8,13,18,20,25,30,56,63,64,75,79,80,118,119" machi="64" ten="30,5800,0" yaku="1,1,7,1,53,1" doraHai="116" doraHaiUra="21" who="1" fromWho="3" sc="375,0,177,68,299,0,139,-58" />
</Scene>
<Scene>
<INIT seed="5,1,0,5,4,55" ten="375,245,299,81" oya="1" hai0="100,5,95,51,126,129,105,50,104,91,132,67,59" hai1="56,88,0,108,81,58,103,65,27,42,80,124,79" hai2="9,106,24,11,116,52,98,125,23,32,92,70,94" hai3="43,28,33,60,109,114,38,121,118,22,16,111,48"/><U64/><E0/><V1/><F32/><W15/><G121/><T89/><D132/><U3/><E3/><V130/><F116/><W84/><G114/><T6/><D129/><U37/><E103/><V76/><F70/><W62/><G118/><T78/><D126/><U10/><E124/><V39/><F125/><W128/><G128/><T102/><D78/><U20/><E108/><V107/><F130/><W133/><G38/><T12/><D12/><U19/><E37/><V85/><F39/><W26/><G133/><T120/><D67/><N who="1" m="25675" /><E42/><V112/><F107/><W47/><REACH who="3" step="1"/><G84/><REACH who="3" ten="375,245,299,71" step="2"/><T77/><D120/><U96/><E10/><V131/><F11/><W75/><G75/><T35/><D105/><U97/><E79/><V135/><F106/><W134/><G134/><T18/><D77/><U117/><E117/><V73/><F73/><W101/><G101/><T14/><D102/><U87/><E81/><N who="2" m="47271" /><F135/><W74/><G74/><T30/><D100/><U83/><E80/><V57/><F131/><W93/><G93/><T4/><D95/><U36/><E36/><V21/><F9/><W46/><G46/><T72/><D72/><U29/><E29/><N who="2" m="17551" /><F1/><W99/><G99/><AGARI ba="1,1" hai="19,20,27,56,58,83,87,88,96,97,99" m="25675" machi="99" ten="30,11600,0" yaku="8,1,52,2,54,1" doraHai="55" who="1" fromWho="3" sc="375,0,245,129,299,0,71,-119" owari="375,48.0,374,17.0,299,-10.0,-48,-55.0" />
</Scene>
</mjloggm>