<mjloggm ver="2.3"><GO type="169"/><UN n0="%2D%72%6F%6E%2D" n1="%E5%A4%AA%E3%81%8F%E3%81%AA%E3%81%84%E3%81%8A" n2="%E3%81%84%E3%81%A1%E3%81%8B%E3%82%8F%E2%99%AA" n3="%74%65%6E%68%6F%75%28%E7%AC%91" dan="17,18,16,16" rate="2141,2171,2134,2036" sx="M,M,M,M"/><TAIKYOKU oya="0"/>

<Scene>
<INIT seed="0,0,0,4,5,8" ten="250,250,250,250" oya="0" hai0="54,60,7,5,79,77,67,104,61,106,88,15,81" hai1="121,65,92,45,130,78,68,59,33,52,114,131,83" hai2="41,48,69,39,125,89,76,16,55,58,73,20,70" hai3="47,109,42,26,94,99,12,6,87,120,72,44,18"/><T127/><D127/><U30/><E121/><V90/><F125/><W113/><G113/><T105/><D54/><U19/><E114/><V101/><F101/><W93/><G72/><T107/><N who="0" m="26624" /><DORA hai="124" /><T108/><D108/><U98/><E45/><V122/><F41/><W32/><G109/><T53/><D53/><U27/><E19/><V50/><F39/><W91/><G120/><T29/><D29/><U111/><E111/><V3/><F50/><W132/><G132/><T84/><D61/><U115/><E115/><V46/><F3/><W21/><G42/><T96/><D96/><U1/><E1/><V36/><F69/><W75/><G75/><T22/><D5/><U28/><E28/><V14/><F70/><W10/><REACH who="3" step="1"/><G32/><REACH who="3" ten="250,250,250,240" step="2"/><T4/><D4/><U135/><E135/><V86/><F122/><W13/><G13/><T119/><D119/><U74/><E33/><V117/><F73/><W31/><G31/><T62/><D7/><U43/><E30/><V95/><F117/><W56/><G56/><T37/><D15/><U126/><E43/><N who="2" m="24671" /><F36/><W134/><G134/><T51/><D37/><U0/><E126/><V25/><F14/><W128/><G128/><T17/><D67/><U64/><E0/><V82/><F58/><W35/><G35/><T34/><D34/><U66/><E68/><V112/><F55/><W71/><G71/><T63/><D51/><N who="1" m="31135" /><E27/><V2/><F2/><W23/><G23/><T129/><D129/><N who="1" m="49163" /><E64/><V9/><F112/><W85/><G85/><T24/><AGARI ba="0,1" hai="17,22,24,60,62,63,77,79,81,84,88" m="26624" machi="24" ten="60,6000,0" yaku="0,1,54,1" doraHai="8,124" who="0" fromWho="0" sc="250,70,250,-20,250,-20,240,-20" />
</Scene>
<Scene>
<INIT seed="0,1,0,3,4,31" ten="320,230,230,220" oya="0" hai0="123,75,118,57,15,1,12,131,111,22,61,49,103" hai1="121,35,53,40,67,14,112,74,10,66,8,76,125" hai2="104,126,44,56,90,20,50,127,0,97,93,130,3" hai3="77,5,46,85,52,69,26,120,2,79,71,101,78"/><T102/><D118/><U6/><E121/><V23/><F104/><W134/><G120/><T54/><D123/><U117/><E117/><V73/><F73/><W133/><G101/><T87/><D1/><N who="2" m="586" /><F56/><W19/><G85/><T18/><D75/><U36/><E36/><V28/><F28/><W30/><G19/><T132/><D131/><U89/><E40/><N who="2" m="24839" /><F130/><W124/><G5/><T27/><D132/><N who="3" m="50793" /><G2/><T47/><D111/><U82/><E112/><V114/><F114/><W34/><G124/><AGARI ba="1,0" hai="20,23,90,93,97,124,126,127" m="24839,586" machi="124" ten="30,1000,0" yaku="18,1" doraHai="31" who="2" fromWho="3" sc="320,0,230,0,230,13,220,-13" />
</Scene>
<Scene>
<INIT seed="1,0,0,3,1,127" ten="320,230,243,207" oya="1" hai0="37,123,78,15,63,17,76,42,21,81,116,98,88" hai1="128,40,19,20,54,121,44,79,92,126,110,57,103" hai2="60,106,84,122,62,100,119,77,65,47,117,29,4" hai3="86,134,101,5,115,0,130,25,64,45,50,82,52"/><U97/><E121/><V16/><F4/><W114/><G134/><T34/><D116/><U31/><E126/><V35/><F47/><W102/><G64/><T113/><D113/><U108/><E79/><V85/><F35/><W56/><G115/><T30/><D123/><U129/><E31/><V95/><F29/><W59/><G114/><T48/><D37/><N who="1" m="21519" /><E20/><V89/><F122/><W46/><G25/><N who="0" m="16687" /><D34/><U133/><E19/><V90/><F77/><W112/><G112/><T36/><D36/><U70/><E70/><V12/><F106/><W18/><G46/><N who="0" m="25687" /><D63/><N who="1" m="36279" /><E133/><V111/><F100/><W135/><G135/><T69/><D69/><U3/><E3/><V93/><F111/><AGARI ba="0,0" hai="92,97,103,108,110,111,128,129" m="36279,21519" machi="111" ten="30,11600,0" yaku="14,1,10,1,52,2" doraHai="127" who="1" fromWho="2" sc="320,0,230,116,243,-116,207,0" />
</Scene>
<Scene>
<INIT seed="1,1,0,3,2,33" ten="320,346,127,207" oya="1" hai0="63,43,107,100,95,40,121,71,44,104,56,98,122" hai1="134,0,18,65,67,102,25,117,4,88,59,68,11" hai2="28,125,45,129,85,37,114,110,5,30,90,7,103" hai3="118,29,57,83,91,32,76,19,21,77,36,27,132"/><U51/><E117/><V81/><F110/><W70/><G70/><T89/><D71/><U61/><E134/><V97/><F114/><W14/><G118/><T92/><D92/><U131/><E131/><V35/><F125/><W87/><G132/><T73/><D73/><U105/><E105/><V94/><F129/><W66/><G36/><T133/><D133/><U128/><E128/><V17/><F37/><W55/><REACH who="3" step="1"/><G66/><REACH who="3" ten="320,346,127,197" step="2"/><T75/><D75/><U93/><E67/><V69/><F69/><W15/><G15/><T13/><D13/><U23/><E68/><V24/><F30/><W111/><G111/><T115/><D115/><U78/><E78/><V34/><F34/><W6/><G6/><T10/><D121/><U108/><E108/><V126/><F126/><W109/><G109/><T119/><D122/><U1/><E102/><V101/><F101/><W80/><G80/><T22/><D100/><U112/><E112/><V26/><F17/><W9/><G9/><T106/><D10/><U113/><E113/><V48/><REACH who="2" step="1"/><F26/><REACH who="2" ten="320,346,117,197" step="2"/><W96/><G96/><N who="0" m="57455" /><D119/><U50/><REACH who="1" step="1"/><E1/><REACH who="1" ten="320,336,117,197" step="2"/><V86/><F86/><AGARI ba="1,3" hai="0,4,11,18,23,25,50,51,59,61,65,86,88,93" machi="86" ten="30,12000,1" yaku="1,1,2,1,7,1,52,1,54,1,53,0" doraHai="33" doraHaiUra="116" who="1" fromWho="2" sc="320,0,336,153,117,-123,197,0" owari="320,12.0,489,59.0,-6,-51.0,197,-20.0" />
</Scene>
</mjloggm>