<mjloggm ver="2.3"><GO type="169"/><UN n0="%E5%94%90%E6%8F%9A%E5%A4%A7%E5%A5%BD%E3%81%8D" n1="%E5%88%BB%E5%AD%90%E5%B8%82%E6%B0%91" n2="%E5%A4%AA%E3%81%8F%E3%81%AA%E3%81%84%E3%81%8A" n3="%E6%AF%94%E5%98%89%E7%A7%80%E4%BB%81" dan="17,16,17,17" rate="2193,2069,2175,2201" sx="M,M,M,M"/><TAIKYOKU oya="0"/>

<Scene>
<INIT seed="0,0,0,0,4,108" ten="250,250,250,250" oya="0" hai0="119,97,58,98,16,76,77,73,67,32,80,123,3" hai1="118,64,55,126,116,112,75,19,83,49,36,5,90" hai2="106,125,54,127,81,99,11,101,56,89,78,14,35" hai3="82,40,8,107,39,10,111,88,124,25,33,63,23"/><T91/><D3/><U129/><E5/><V92/><F35/><W26/><G111/><T96/><D32/><U41/><E19/><V57/><F14/><W59/><G107/><T70/><D123/><U60/><E90/><V18/><F18/><W31/><G40/><T24/><D119/><U122/><E83/><V85/><F11/><W43/><G43/><T48/><D70/><U110/><E75/><V28/><F28/><W1/><G39/><T42/><D76/><U120/><E110/><V4/><F4/><W115/><G1/><T135/><D135/><U95/><E95/><V6/><F6/><W29/><G124/><N who="2" m="47689" /><F54/><W9/><G115/><T132/><D132/><U102/><E112/><V134/><F134/><W47/><G47/><T104/><D42/><U131/><E102/><V114/><F114/><W93/><G82/><T117/><D117/><N who="1" m="45163" /><E41/><V103/><F103/><W86/><REACH who="3" step="1"/><G10/><REACH who="3" ten="250,250,250,240" step="2"/><T68/><D104/><U20/><E36/><V87/><AGARI ba="0,1" hai="56,57,78,81,85,87,89,92,99,101,106" m="47689" machi="87" ten="30,1100,0" yaku="18,1" doraHai="108" who="2" fromWho="2" sc="250,-5,250,-3,250,21,240,-3" />
</Scene>
<Scene>
<INIT seed="1,0,0,2,2,55" ten="245,247,271,237" oya="1" hai0="111,5,71,60,112,108,39,128,115,80,0,41,4" hai1="11,48,129,10,131,93,17,127,75,94,107,132,43" hai2="81,100,74,25,102,26,103,70,96,51,134,79,99" hai3="72,15,24,87,19,91,56,106,3,13,28,76,117"/><U40/><E107/><V120/><F120/><W83/><G3/><T135/><D80/><U92/><E75/><V109/><F70/><W77/><G117/><T68/><D0/><U32/><E32/><V44/><F109/><N who="0" m="42058" /><D60/><U35/><E35/><V50/><F134/><W97/><G19/><T73/><D73/><U6/><E132/><V23/><F25/><W22/><G77/><T110/><N who="0" m="42066" /><T7/><DORA hai="18" /><D135/><U27/><E127/><V104/><F44/><W62/><G106/><T82/><D82/><U8/><E6/><V14/><F14/><W122/><G122/><T46/><D128/><N who="1" m="49227" /><E48/><V1/><F1/><W31/><G31/><T47/><D47/><U57/><E57/><V67/><F67/><N who="3" m="39367" /><G72/><T95/><D95/><AGARI ba="0,0" hai="13,15,22,24,28,76,83,87,91,95,97" m="39367" machi="95" ten="30,3900,0" yaku="8,1,52,2" doraHai="55,18" who="3" fromWho="0" sc="245,-39,247,0,271,0,237,39" />
</Scene>
<Scene>
<INIT seed="2,0,0,2,2,94" ten="206,247,271,276" oya="2" hai0="68,80,127,73,76,133,23,110,65,89,69,20,122" hai1="128,112,16,121,100,26,64,70,108,107,60,42,85" hai2="46,131,55,40,25,111,91,126,38,5,104,120,8" hai3="58,81,72,66,56,86,43,101,41,125,30,113,32"/><V0/><F120/><W24/><G72/><T4/><D122/><U47/><E121/><V11/><F104/><W83/><G125/><T98/><D127/><U75/><E75/><V114/><F126/><W118/><G118/><T29/><D110/><U50/><E108/><V61/><F111/><W36/><G36/><T18/><D133/><U124/><E112/><V88/><F114/><W106/><G83/><T1/><D29/><U39/><E124/><V48/><F131/><W96/><G113/><T22/><D65/><U130/><E85/><V62/><F25/><W109/><G109/><T17/><D4/><U95/><E107/><V123/><F123/><W87/><G87/><T59/><D1/><U3/><E3/><V77/><F11/><W37/><G37/><T49/><D69/><U78/><E78/><V13/><F0/><W115/><G115/><T9/><D68/><U99/><REACH who="1" step="1"/><E39/><REACH who="1" ten="206,237,271,276" step="2"/><V119/><F77/><W27/><G86/><N who="0" m="50375" /><D73/><U19/><E19/><N who="0" m="7177" /><D76/><U132/><E132/><V54/><F119/><W103/><G106/><T10/><D98/><U135/><E135/><V44/><REACH who="2" step="1"/><F62/><REACH who="2" ten="206,237,261,276" step="2"/><W116/><G116/><T53/><AGARI ba="0,2" hai="9,10,20,22,23,49,53,59" m="7177,50375" machi="53" ten="30,1100,0" yaku="8,1" doraHai="94" who="0" fromWho="0" sc="206,31,237,-3,261,-5,276,-3" />
</Scene>
<Scene>
<INIT seed="3,0,0,5,2,84" ten="237,234,256,273" oya="3" hai0="2,72,48,112,74,123,69,92,131,51,45,19,13" hai1="101,10,11,56,44,78,103,118,52,116,80,34,4" hai2="0,58,115,8,93,62,81,20,12,129,59,26,38" hai3="21,42,97,85,47,30,23,79,128,133,60,87,24"/><W122/><G122/><T65/><D2/><U29/><E44/><V117/><F117/><N who="1" m="45161" /><E29/><V99/><F115/><W125/><G125/><T82/><D123/><U90/><E34/><V36/><F0/><W32/><G133/><T96/><D112/><U102/><E4/><V70/><F70/><W135/><G135/><T67/><D131/><U28/><E28/><V5/><F129/><W18/><G79/><T91/><D69/><U50/><E90/><V39/><F81/><W27/><G32/><T109/><D109/><U134/><E134/><V41/><F41/><W35/><G35/><T15/><D74/><AGARI ba="0,0" hai="10,11,50,52,56,74,78,80,101,102,103" m="45161" machi="74" ten="30,2000,0" yaku="12,1,54,1" doraHai="84" who="1" fromWho="0" sc="237,-20,234,20,256,0,273,0" />
</Scene>
<Scene>
<INIT seed="4,0,0,5,4,68" ten="217,254,256,273" oya="0" hai0="44,128,3,129,81,64,14,77,8,124,123,76,75" hai1="51,133,93,32,96,31,27,119,20,113,83,95,5" hai2="21,12,19,82,63,62,86,97,6,105,42,55,49" hai3="41,117,108,48,23,10,52,107,106,134,46,50,36"/><T11/><D123/><U71/><E71/><V34/><F34/><W78/><G108/><T54/><D64/><U125/><E119/><V24/><F42/><W132/><G117/><T53/><D124/><U61/><E125/><V60/><F105/><W131/><G48/><T120/><D120/><U116/><E116/><V79/><F97/><W59/><G131/><N who="0" m="50251" /><D76/><U13/><E133/><N who="3" m="51306" /><G78/><T22/><D44/><U67/><E113/><V7/><REACH who="2" step="1"/><F24/><REACH who="2" ten="217,254,246,273" step="2"/><W118/><G118/><T37/><D37/><U4/><E96/><V73/><F73/><W17/><G10/><N who="0" m="3627" /><D3/><U102/><E32/><V80/><F80/><W130/><G130/><T100/><D100/><U115/><E83/><V30/><F30/><W135/><G135/><T40/><D40/><U94/><E31/><V39/><F39/><W1/><G1/><T25/><D14/><AGARI ba="0,1" hai="14,17,23,36,41,46,50,52,59,106,107" m="51306" machi="14" ten="30,3900,0" yaku="20,1,52,1,54,1" doraHai="68" who="3" fromWho="0" sc="217,-39,254,0,246,0,273,49" />
</Scene>
<Scene>
<INIT seed="5,0,0,4,4,123" ten="178,254,246,322" oya="1" hai0="42,9,27,117,45,91,128,73,51,17,88,132,48" hai1="35,133,108,100,94,110,21,84,33,114,63,18,125" hai2="87,122,74,38,80,36,68,99,96,111,28,41,95" hai3="112,6,69,124,70,50,76,107,19,57,115,71,16"/><U39/><E114/><V29/><F122/><W77/><G107/><T86/><D73/><U82/><E125/><V46/><F68/><W52/><G6/><T66/><D117/><U105/><E105/><V65/><F65/><W130/><G130/><T37/><D128/><U55/><E39/><V98/><F36/><W120/><G120/><T113/><D113/><N who="3" m="43593" /><G124/><T26/><D132/><U11/><E11/><V102/><F74/><W121/><G121/><T8/><D66/><U47/><E133/><V10/><F10/><N who="0" m="4202" /><D37/><U101/><E33/><V54/><F54/><W127/><G127/><T23/><D51/><N who="1" m="29183" /><E63/><V93/><F111/><N who="1" m="42537" /><E94/><V56/><F56/><W24/><G24/><N who="0" m="14447" /><D91/><N who="1" m="51607" /><E35/><V7/><F7/><W4/><G4/><T118/><D118/><U72/><E72/><V12/><F98/><W34/><G34/><T14/><D14/><AGARI ba="0,0" hai="14,18,21,100,101" m="51607,42537,29183" machi="14" ten="30,11600,0" yaku="10,1,52,3" doraHai="123" who="1" fromWho="0" sc="178,-116,254,116,246,0,322,0" />
</Scene>
<Scene>
<INIT seed="5,1,0,3,2,47" ten="62,370,246,322" oya="1" hai0="109,1,114,117,58,71,135,18,116,69,39,96,120" hai1="130,60,91,87,121,28,86,51,133,5,100,113,122" hai2="66,56,31,107,110,57,101,49,97,102,111,52,68" hai3="80,21,81,129,13,64,93,43,37,15,2,95,16"/><U126/><E60/><V83/><F68/><W53/><G2/><T32/><D58/><U24/><E5/><V78/><F31/><W22/><G64/><T34/><D18/><U3/><E3/><V119/><F119/><W8/><G43/><T19/><D19/><U65/><E65/><V42/><F42/><W59/><G37/><T20/><D20/><U6/><E6/><V70/><F70/><W46/><G46/><T77/><D96/><U123/><E24/><V11/><F102/><W44/><G44/><T127/><D77/><U131/><E28/><V38/><F38/><W0/><G0/><T72/><D34/><U88/><E100/><V108/><F11/><W23/><G15/><T112/><D116/><U104/><E104/><V125/><F125/><W36/><G36/><T134/><D71/><U67/><E67/><V82/><REACH who="2" step="1"/><F78/><REACH who="2" ten="62,370,236,322" step="2"/><W40/><G40/><T128/><D135/><U84/><E133/><V85/><F85/><W92/><REACH who="3" step="1"/><G129/><REACH who="3" ten="62,370,236,312" step="2"/><T75/><D114/><U54/><E113/><V63/><AGARI ba="1,2" hai="49,52,56,57,63,66,82,83,97,101,107,108,110,111" machi="63" ten="40,8000,1" yaku="1,1,0,1,52,1,54,1,53,0" doraHai="47" doraHaiUra="33" who="2" fromWho="2" sc="62,-21,370,-41,236,103,312,-21" />
</Scene>
<Scene>
<INIT seed="6,0,0,1,2,4" ten="41,329,339,291" oya="2" hai0="6,23,75,49,90,123,65,52,122,82,121,67,44" hai1="58,25,37,101,108,127,104,126,102,68,47,46,99" hai2="40,96,36,33,71,7,54,0,73,92,1,19,116" hai3="84,18,42,133,76,103,10,86,132,30,83,3,24"/><V107/><F116/><W38/><G103/><T98/><D23/><U39/><E68/><V115/><F73/><N who="3" m="43407" /><G18/><T59/><D6/><U87/><E108/><V70/><F107/><W5/><G24/><T41/><D75/><U45/><E101/><V119/><F119/><W129/><G30/><T61/><D82/><U100/><E102/><V62/><F33/><W113/><G113/><T14/><D90/><U74/><E74/><V134/><F115/><W117/><G117/><T72/><D14/><U85/><E58/><V51/><F19/><W57/><G57/><T22/><D22/><U50/><E50/><V56/><F134/><N who="3" m="51819" /><G129/><T81/><D98/><U27/><E27/><V109/><F109/><W118/><G118/><T106/><D106/><U20/><E39/><V53/><F7/><W26/><G26/><T79/><D67/><U63/><E20/><V112/><F112/><W120/><G120/><T17/><D17/><U128/><E25/><V95/><F70/><W91/><G91/><T35/><D35/><U48/><E104/><V94/><F71/><W77/><G77/><T80/><D80/><U15/><E15/><V135/><F135/><W12/><G12/><T64/><D64/><U34/><E34/><V21/><F21/><W2/><G2/><T9/><D9/><U66/><E66/><V28/><F1/><W93/><G93/><T16/><D16/><U111/><E111/><V97/><F0/><W131/><G131/><T32/><REACH who="0" step="1"/><D32/><REACH who="0" ten="31,329,339,291" step="2"/><U29/><E128/><V8/><F8/><W88/><G88/><T124/><D124/><U110/><E126/><RYUUKYOKU ba="0,1" sc="31,15,329,-15,339,-15,291,15" hai0="41,44,49,52,59,61,65,72,79,81,121,122,123" hai3="3,5,10,38,42,84,86" />
</Scene>
<Scene>
<INIT seed="7,1,1,5,1,93" ten="46,314,324,306" oya="3" hai0="105,62,82,131,79,101,72,31,111,66,8,61,22" hai1="56,57,0,104,6,10,99,36,118,112,114,1,67" hai2="14,75,120,98,71,89,68,88,119,128,77,94,80" hai3="30,53,64,51,27,35,92,47,5,126,48,115,16"/><W108/><G115/><N who="1" m="44074" /><E118/><V97/><F119/><W24/><G126/><T76/><D111/><U110/><E110/><V26/><F128/><W49/><G108/><T69/><D131/><U58/><E36/><V63/><F120/><W81/><G64/><T11/><D62/><N who="1" m="38343" /><E1/><V44/><F26/><W65/><G65/><T59/><D79/><U23/><E23/><V86/><F63/><W125/><G125/><T12/><D12/><U90/><E90/><V133/><F133/><W55/><G81/><T117/><D117/><U73/><E73/><V18/><F44/><W70/><G70/><T20/><D20/><U39/><E39/><V7/><F71/><W21/><G5/><T29/><D29/><U50/><E50/><V15/><F68/><W32/><G32/><T42/><D42/><U106/><E106/><V43/><F43/><W100/><REACH who="3" step="1"/><G47/><REACH who="3" ten="46,314,324,296" step="2"/><T25/><D69/><U95/><E95/><V40/><F7/><W13/><G13/><T60/><D105/><U37/><E37/><V34/><F34/><W3/><G3/><T85/><D72/><U122/><E122/><V127/><F127/><W96/><AGARI ba="1,2" hai="16,21,24,27,30,35,48,49,51,53,55,92,96,100" machi="96" ten="30,11700,0" yaku="1,1,0,1,52,1,54,1,53,0" doraHai="93" doraHaiUra="78" who="3" fromWho="3" sc="46,-40,314,-40,324,-40,296,140" owari="6,-49.0,274,-13.0,284,8.0,436,54.0" />
</Scene>
</mjloggm>