<mjloggm ver="2.3"><GO type="169"/><UN n0="%E3%81%84%E3%81%AC%E3%81%98%E3%82%83%E3%82%89%E3%81%97" n1="%E3%81%94%E3%82%8D%E3%81%AB%E3%82%83%E3%83%BC" n2="%E3%81%82%E3%81%A4%E3%81%82%E3%81%A4%E6%B9%AF%E8%B1%86%E8%85%90" n3="%E5%A4%AA%E3%81%8F%E3%81%AA%E3%81%84%E3%81%8A" dan="17,16,17,17" rate="2202,2141,2191,2154" sx="M,M,M,M"/><TAIKYOKU oya="0"/>

<Scene>
<INIT seed="0,0,0,1,2,5" ten="250,250,250,250" oya="0" hai0="116,120,95,17,96,11,70,85,64,115,121,114,16" hai1="38,46,130,97,118,7,48,92,93,119,72,35,22" hai2="8,78,49,86,106,105,76,74,66,18,134,1,24" hai3="129,10,25,131,12,100,19,44,135,31,98,58,104"/><T123/><D116/><U53/><E35/><V61/><F74/><W52/><G44/><T15/><D85/><U128/><E72/><V0/><F134/><W91/><G91/><T87/><D87/><U108/><E38/><V113/><F113/><W133/><G31/><T21/><D64/><U29/><E108/><V126/><F49/><N who="3" m="30991" /><G25/><T77/><D77/><U84/><E7/><V28/><F1/><W20/><G20/><T125/><D70/><U89/><E22/><V26/><F26/><W127/><G127/><T112/><D125/><U69/><E29/><V39/><F39/><W51/><G51/><T23/><REACH who="0" step="1"/><D17/><REACH who="0" ten="240,250,250,250" step="2"/><U111/><E69/><V9/><F18/><W40/><G133/><T94/><D94/><U37/><E111/><V124/><F124/><W34/><G135/><T27/><D27/><U102/><E118/><V41/><F78/><W107/><G19/><T73/><D73/><U68/><E119/><V32/><F86/><W3/><G107/><T55/><D55/><U101/><E68/><N who="2" m="42063" /><F76/><W4/><G104/><T67/><D67/><U45/><E84/><V60/><F126/><W47/><G98/><T88/><AGARI ba="0,1" hai="11,15,16,21,23,88,95,96,112,114,115,120,121,123" machi="88" ten="40,12000,1" yaku="1,1,0,1,52,1,54,2,53,0" doraHai="5" doraHaiUra="2" who="0" fromWho="0" sc="240,130,250,-40,250,-40,250,-40" />
</Scene>
<Scene>
<INIT seed="0,1,0,3,2,110" ten="370,210,210,210" oya="0" hai0="80,108,30,29,114,15,117,134,22,66,120,23,4" hai1="72,0,37,44,58,115,54,107,106,64,70,130,71" hai2="82,131,81,61,92,84,102,122,93,113,96,36,55" hai3="35,12,75,68,18,42,103,69,52,47,97,19,20"/><T16/><D120/><U2/><E72/><V1/><F1/><W5/><G75/><T125/><D117/><U100/><E130/><V133/><F36/><W116/><G116/><T99/><D108/><U62/><E70/><V127/><F122/><W26/><G5/><T91/><D114/><U31/><E31/><N who="0" m="11785" /><D125/><U50/><E115/><V28/><F113/><W73/><G73/><T95/><D134/><U105/><REACH who="1" step="1"/><E100/><REACH who="1" ten="370,200,210,210" step="2"/><N who="2" m="60423" /><F133/><W76/><G68/><T126/><D126/><U94/><E94/><V43/><F131/><W128/><G69/><T123/><D123/><U77/><E77/><V88/><F102/><W34/><G76/><T121/><D121/><U41/><AGARI ba="1,1" hai="0,2,37,41,44,50,54,58,62,64,71,105,106,107" machi="41" ten="40,8000,1" yaku="1,1,0,1,24,2,53,1" doraHai="110" doraHaiUra="59" who="1" fromWho="1" sc="370,-41,200,93,210,-21,210,-21" />
</Scene>
<Scene>
<INIT seed="1,0,0,5,5,95" ten="329,293,189,189" oya="1" hai0="59,5,45,112,121,44,72,76,109,63,27,106,114" hai1="77,11,132,80,107,134,120,25,85,92,42,7,68" hai2="55,123,70,122,35,53,73,40,50,97,21,89,87" hai3="1,23,20,18,82,131,75,22,58,117,126,113,128"/><U30/><E68/><V135/><F35/><W129/><G113/><T78/><D106/><U96/><E107/><V79/><F70/><W66/><G1/><T133/><D109/><U43/><E120/><V116/><F116/><W74/><G117/><T19/><D121/><U98/><E43/><V10/><F73/><N who="3" m="27659" /><G82/><T110/><D110/><U38/><E42/><V17/><F10/><W104/><G104/><T26/><D133/><N who="1" m="51307" /><E92/><N who="2" m="56463" /><F135/><W105/><G105/><T24/><D5/><U91/><E38/><V48/><F122/><W3/><G3/><T32/><D19/><U16/><E16/><V88/><F79/><W65/><G126/><T99/><D32/><N who="1" m="20559" /><E77/><V37/><F37/><W28/><G28/><T67/><D78/><U34/><E34/><V13/><F123/><W36/><G36/><T86/><D76/><U102/><E102/><V69/><F69/><W71/><G71/><T33/><D33/><U31/><E31/><V12/><F12/><AGARI ba="0,0" hai="7,11,12,80,85,91,96,98" m="20559,51307" machi="12" ten="30,5800,0" yaku="20,1,52,2" doraHai="95" who="1" fromWho="2" sc="329,0,293,58,189,-58,189,0" />
</Scene>
<Scene>
<INIT seed="1,1,0,5,4,2" ten="329,351,131,189" oya="1" hai0="90,131,21,123,132,60,88,12,126,107,42,53,100" hai1="0,99,29,104,78,71,91,70,128,3,49,57,37" hai2="48,127,98,102,6,41,24,81,25,46,65,84,83" hai3="11,32,77,8,95,44,62,28,51,18,120,80,124"/><U1/><E37/><V36/><F127/><W117/><G120/><T35/><D35/><U55/><E78/><V27/><F65/><W34/><G124/><T33/><D33/><U13/><E29/><V76/><F83/><W130/><G130/><T22/><D126/><U94/><E128/><V68/><F68/><W114/><G114/><T92/><D131/><U47/><E104/><V106/><REACH who="2" step="1"/><F36/><REACH who="2" ten="329,351,121,189" step="2"/><W64/><G80/><T20/><D123/><U73/><E70/><V16/><F16/><W43/><G18/><T15/><D132/><U69/><E71/><V45/><F45/><W9/><G28/><T38/><D38/><U79/><E69/><V39/><F39/><W101/><G117/><T58/><D107/><U118/><E118/><V23/><F23/><W108/><G34/><T5/><D21/><U121/><E121/><V111/><F111/><W67/><G108/><T4/><D22/><U103/><E47/><V116/><F116/><W63/><G32/><T10/><D20/><U14/><E73/><V72/><F72/><W129/><G129/><T135/><D135/><U96/><E79/><V105/><F105/><W50/><G77/><T134/><D134/><U31/><E31/><V119/><F119/><W115/><G64/><T52/><D10/><U112/><E112/><V125/><F125/><W86/><G67/><T89/><D42/><U17/><E17/><V40/><F40/><N who="3" m="24839" /><G115/><T82/><D82/><U66/><E66/><V19/><F19/><W93/><G43/><T61/><D53/><U97/><E103/><V75/><F75/><W109/><G101/><RYUUKYOKU ba="1,1" sc="329,-15,351,15,121,15,189,-15" hai1="0,1,3,13,14,49,55,57,91,94,96,97,99" hai2="6,24,25,27,41,46,48,76,81,84,98,102,106" />
</Scene>
<Scene>
<INIT seed="1,2,1,2,0,125" ten="314,366,136,174" oya="1" hai0="34,86,115,39,106,105,99,101,126,51,75,73,90" hai1="22,124,13,128,104,130,88,23,118,2,134,41,85" hai2="63,55,109,57,29,112,65,92,54,10,83,72,103" hai3="26,100,116,50,120,76,46,94,33,60,80,71,123"/><U48/><E2/><V78/><F109/><W27/><G116/><T6/><D39/><U58/><E104/><N who="0" m="40041" /><D51/><U32/><E118/><V7/><F112/><W70/><G100/><T95/><D6/><U40/><E32/><V21/><F10/><W91/><G27/><T31/><D31/><U20/><E124/><V17/><F7/><W67/><G71/><T5/><D5/><U49/><E13/><V114/><F114/><W14/><G14/><T122/><D34/><U81/><E134/><V68/><F68/><W25/><G25/><T129/><D115/><U19/><E19/><V107/><F107/><W44/><G26/><T66/><D66/><U53/><REACH who="1" step="1"/><E49/><REACH who="1" ten="314,356,136,174" step="2"/><V15/><F29/><W74/><G33/><T37/><D126/><U28/><E28/><V38/><F38/><W121/><REACH who="3" step="1"/><G50/><REACH who="3" ten="314,356,136,164" step="2"/><T56/><D37/><U77/><E77/><V43/><F78/><W18/><G18/><T131/><D122/><U127/><E127/><V133/><F17/><W52/><G52/><T9/><D9/><U93/><E93/><V11/><F55/><W82/><G82/><N who="0" m="49495" /><D56/><U30/><E30/><V0/><F57/><W61/><G61/><T132/><D132/><U64/><E64/><V79/><F65/><W42/><G42/><AGARI ba="2,3" hai="20,22,23,40,41,42,48,53,58,81,85,88,128,130" machi="42" ten="40,12000,1" yaku="1,1,52,2,54,1,53,1" doraHai="125" doraHaiUra="47" who="1" fromWho="3" sc="314,0,356,156,136,0,164,-126" />
</Scene>
<Scene>
<INIT seed="1,3,0,3,5,104" ten="314,512,136,38" oya="1" hai0="47,126,21,81,46,39,17,36,56,62,40,20,75" hai1="66,37,93,22,87,45,134,89,57,18,91,71,51" hai2="42,44,63,19,101,111,131,132,64,123,105,0,1" hai3="72,11,76,38,116,90,88,121,55,118,10,114,96"/><U41/><E134/><V70/><F123/><W2/><G121/><T108/><D108/><U31/><E31/><V13/><F111/><W117/><G114/><T30/><D126/><U80/><E71/><V61/><F132/><W59/><G38/><T29/><D21/><U9/><E9/><N who="3" m="3082" /><G2/><T58/><D58/><U69/><E69/><V3/><F131/><W113/><G113/><T26/><D81/><U112/><E112/><V15/><F63/><N who="3" m="36351" /><G96/><T53/><REACH who="0" step="1"/><D75/><REACH who="0" ten="304,512,136,38" step="2"/><U49/><E57/><V84/><F70/><W83/><AGARI ba="3,1" hai="72,76,83,88,90,116,117,118" m="36351,3082" machi="83" ten="40,5200,0" yaku="12,1,52,1,54,1" doraHai="104" who="3" fromWho="3" sc="304,-16,512,-29,136,-16,38,71" />
</Scene>
<Scene>
<INIT seed="2,0,0,3,5,116" ten="288,483,120,109" oya="2" hai0="21,101,99,30,70,26,117,34,41,133,43,3,120" hai1="71,54,98,5,18,75,100,39,50,6,113,7,135" hai2="52,17,72,127,62,88,57,105,23,47,89,48,106" hai3="27,8,108,69,19,36,114,86,104,2,59,97,61"/><V119/><F119/><W111/><G36/><T68/><D117/><U60/><E75/><V46/><F127/><W92/><G69/><T82/><D3/><U45/><E113/><V107/><F47/><W90/><G114/><T129/><D129/><U24/><E135/><V81/><F81/><W109/><G2/><T93/><D133/><U110/><E110/><V125/><F72/><W95/><G104/><T80/><D120/><U0/><E39/><V102/><F102/><W31/><G8/><T55/><D55/><U58/><E71/><V49/><F49/><W76/><G19/><T134/><D134/><U77/><E77/><V44/><F44/><W96/><G76/><T83/><D70/><U122/><E122/><V132/><F125/><W66/><REACH who="3" step="1"/><G95/><REACH who="3" ten="288,483,120,99" step="2"/><T11/><D68/><U40/><E0/><V131/><F132/><W73/><G73/><T15/><REACH who="0" step="1"/><D34/><AGARI ba="0,1" hai="27,31,34,59,61,66,86,90,92,96,97,108,109,111" machi="34" ten="40,2600,0" yaku="1,1,14,1,53,0" doraHai="116" doraHaiUra="42" who="3" fromWho="0" sc="288,-26,483,0,120,0,99,36" />
</Scene>
<Scene>
<INIT seed="3,0,0,4,2,93" ten="262,483,120,135" oya="3" hai0="0,129,121,86,88,11,67,55,122,69,87,22,26" hai1="107,78,23,42,103,38,24,112,4,14,41,15,62" hai2="10,89,61,133,63,115,71,65,19,27,64,21,91" hai3="134,125,109,36,52,116,102,79,130,5,1,120,123"/><W68/><RYUUKYOKU type="yao9" ba="0,0" sc="262,0,483,0,120,0,135,0" hai3="1,5,36,52,68,79,102,109,116,120,123,125,130,134" />
</Scene>
<Scene>
<INIT seed="3,1,0,1,3,91" ten="262,483,120,135" oya="3" hai0="10,106,127,27,126,95,45,80,34,108,105,90,21" hai1="29,74,41,123,51,75,117,43,4,64,18,107,59" hai2="9,36,54,77,66,23,120,69,44,132,5,119,46" hai3="22,100,89,1,76,93,6,81,134,13,7,57,112"/><W82/><G112/><T70/><D34/><U98/><E123/><V17/><F119/><W97/><G134/><T39/><D108/><U25/><E117/><V78/><F132/><W133/><G133/><T92/><D70/><U61/><E4/><V111/><F111/><W3/><G3/><T35/><D35/><U87/><E18/><V121/><F54/><W94/><G1/><T12/><D80/><N who="3" m="30825" /><G76/><N who="2" m="29289" /><F36/><W63/><G22/><T50/><D39/><U85/><E75/><V2/><F66/><N who="3" m="39279" /><G13/><T79/><D79/><U73/><E107/><N who="0" m="40969" /><D90/><U62/><E73/><V55/><F55/><W0/><G0/><T37/><D37/><U68/><E74/><V86/><F69/><W122/><G122/><N who="2" m="47209" /><F86/><AGARI ba="1,0" hai="6,7,86,89,93,94,97,100" m="39279,30825" machi="86" ten="30,5800,0" yaku="8,1,52,2" doraHai="91" who="3" fromWho="2" sc="262,0,483,0,120,-61,135,61" />
</Scene>
<Scene>
<INIT seed="3,2,0,1,2,87" ten="262,483,59,196" oya="3" hai0="32,54,122,80,74,70,103,79,68,125,128,16,37" hai1="112,36,0,81,84,41,131,69,108,83,73,95,4" hai2="113,38,120,90,29,24,96,31,5,115,116,13,53" hai3="27,49,11,129,75,15,39,82,93,88,66,71,78"/><W135/><G39/><T65/><D122/><U22/><E69/><V44/><F116/><W57/><G129/><T10/><D32/><U105/><E112/><V133/><F133/><W33/><G135/><T104/><D37/><U35/><E35/><V118/><F118/><W98/><G71/><T19/><D128/><U6/><E105/><V101/><F90/><W64/><G49/><T121/><D121/><U111/><E131/><V132/><F132/><W14/><G57/><T61/><D125/><U127/><E127/><V94/><F120/><W21/><G33/><T97/><D70/><U23/><E95/><V72/><F72/><W62/><G62/><T25/><D25/><U7/><E0/><V76/><F76/><W59/><G59/><T89/><D10/><U51/><E36/><V58/><F13/><W124/><G124/><T12/><D12/><U117/><E117/><V30/><F5/><W91/><G91/><T63/><D63/><U8/><E51/><V130/><F24/><W56/><G56/><T85/><REACH who="0" step="1"/><D54/><REACH who="0" ten="252,483,59,196" step="2"/><U123/><E41/><V40/><REACH who="2" step="1"/><F130/><REACH who="2" ten="252,483,49,196" step="2"/><W107/><G15/><T100/><D100/><U18/><E123/><V114/><F114/><W26/><G26/><T2/><D2/><U46/><E108/><V92/><F92/><AGARI ba="2,2" hai="16,19,61,65,68,74,79,80,85,89,92,97,103,104" machi="92" ten="30,12000,2" yaku="1,1,7,1,24,2,52,1,54,1,53,0" doraHai="87" doraHaiUra="126" who="0" fromWho="2" sc="252,146,483,0,49,-126,196,0" owari="398,20.0,483,58.0,-77,-58.0,196,-20.0" />
</Scene>
</mjloggm>