<mjloggm ver="2.3"><GO type="169"/><UN n0="%E3%83%9A%E3%83%81%E3%83%A7%E3%83%BC%E3%83%AA%E3%83%B3" n1="%E5%A4%AA%E3%81%8F%E3%81%AA%E3%81%84%E3%81%8A" n2="%E8%B6%85%E3%82%B5%E3%82%A4%E3%83%A4%E4%BA%BA%EF%BC%93" n3="%E3%82%B9%E3%82%BF%E3%83%BC%E3%83%93%E3%83%83%E3%83%81" dan="17,17,16,16" rate="2163,2167,2064,2128" sx="M,M,M,M"/><TAIKYOKU oya="0"/>

<Scene>
<INIT seed="0,0,0,2,4,93" ten="250,250,250,250" oya="0" hai0="111,0,101,85,128,18,62,91,102,122,10,129,110" hai1="88,3,44,72,87,100,28,25,21,107,43,114,16" hai2="8,54,19,120,60,125,90,13,82,117,6,106,35" hai3="119,89,112,5,4,48,78,49,41,2,61,58,83"/><T47/><D122/><U12/><E114/><V45/><F117/><W39/><G112/><T99/><D62/><U109/><E109/><N who="0" m="41481" /><D47/><U77/><E3/><V108/><F108/><W64/><G89/><T76/><D18/><U29/><E72/><V86/><F125/><W22/><G5/><N who="0" m="1319" /><D76/><U52/><E77/><V98/><F120/><W103/><G78/><T9/><D9/><U34/><E29/><V20/><F35/><W40/><G4/><T67/><D67/><U55/><E100/><V42/><F60/><W56/><G103/><T135/><D135/><U79/><E107/><V15/><F54/><W1/><G61/><T30/><D30/><U84/><E79/><V46/><F42/><W66/><G41/><T97/><D102/><U116/><E116/><V74/><F74/><W63/><G40/><T131/><D101/><U115/><E115/><V95/><REACH who="2" step="1"/><F106/><REACH who="2" ten="250,250,240,250" step="2"/><W17/><G119/><T57/><D57/><U51/><REACH who="1" step="1"/><E84/><REACH who="1" ten="250,240,240,250" step="2"/><V31/><F31/><W68/><G68/><T65/><D65/><U104/><E104/><V33/><F33/><W71/><G64/><T126/><D126/><U37/><E37/><V80/><F80/><AGARI ba="0,2" hai="80,85,91,97,99,128,129,131" m="1319,41481" machi="80" ten="40,12000,1" yaku="19,1,14,1,10,1,52,2" doraHai="93" who="0" fromWho="2" sc="250,140,240,0,240,-120,250,0" /><AGARI ba="0,0" hai="12,16,21,25,28,34,43,44,51,52,55,80,87,88" machi="80" ten="30,8000,1" yaku="1,1,7,1,54,3,53,0" doraHai="93" doraHaiUra="124" who="1" fromWho="2" sc="390,0,240,80,120,-80,250,0" />
</Scene>
<Scene>
<INIT seed="0,1,0,2,3,27" ten="390,320,40,250" oya="0" hai0="124,122,95,0,20,40,84,1,44,98,54,71,16" hai1="102,121,86,50,74,125,14,61,59,129,118,31,19" hai2="94,28,70,73,123,85,35,38,114,12,49,7,13" hai3="106,25,57,48,69,67,119,21,133,126,112,103,55"/><T117/><D117/><U92/><E118/><V77/><F123/><W83/><G112/><T2/><D122/><U105/><E121/><V5/><F38/><W115/><G115/><T87/><D71/><U17/><E74/><V101/><F70/><W134/><G126/><T43/><D54/><U11/><E125/><V76/><F73/><W75/><G119/><T8/><D8/><U135/><E135/><V52/><F114/><W131/><G131/><T109/><D109/><U99/><E129/><V120/><F120/><W89/><G103/><T56/><D56/><U113/><E113/><V9/><F35/><W58/><G106/><T93/><D124/><U10/><E50/><V29/><F101/><W3/><G3/><T79/><D79/><N who="2" m="30282" /><F12/><W65/><G69/><T22/><D22/><U80/><E105/><V91/><F7/><W36/><G36/><T116/><D116/><U127/><E127/><V47/><AGARI ba="1,0" hai="5,9,13,28,29,47,49,52,85,91,94" m="30282" machi="47" ten="30,7900,0" yaku="8,1,52,2,54,1" doraHai="27" who="2" fromWho="2" sc="390,-40,320,-21,40,82,250,-21" />
</Scene>
<Scene>
<INIT seed="1,0,0,3,0,63" ten="350,299,122,229" oya="1" hai0="125,127,11,41,8,60,58,13,102,98,61,75,111" hai1="110,104,42,117,69,66,40,54,24,57,107,28,1" hai2="81,68,114,108,124,96,6,116,120,95,0,55,133" hai3="2,17,27,26,5,132,113,50,115,34,84,4,43"/><U88/><E117/><V73/><RYUUKYOKU type="yao9" ba="0,0" sc="350,0,299,0,122,0,229,0" hai2="0,6,55,68,73,81,95,96,108,114,116,120,124,133" />
</Scene>
<Scene>
<INIT seed="1,1,0,4,1,90" ten="350,299,122,229" oya="1" hai0="17,41,105,54,38,44,132,94,14,135,26,32,87" hai1="29,68,60,7,133,102,99,51,96,13,12,66,21" hai2="48,45,24,5,43,128,126,9,35,59,6,129,64" hai3="2,80,127,88,31,81,92,117,25,52,79,1,42"/><U50/><E133/><N who="0" m="51273" /><D105/><U27/><E99/><V63/><F126/><W39/><G127/><T83/><D54/><U0/><E0/><V55/><F6/><W53/><G117/><T107/><D107/><U47/><E7/><V100/><F100/><W101/><G101/><T37/><D37/><U114/><E114/><V111/><F111/><W65/><G65/><T77/><D94/><U19/><E47/><V40/><F24/><W8/><G42/><T108/><D108/><U20/><REACH who="1" step="1"/><E13/><REACH who="1" ten="350,289,122,229" step="2"/><V104/><F104/><AGARI ba="1,1" hai="12,19,20,21,27,29,50,51,60,66,68,96,102,104" machi="104" ten="30,11600,0" yaku="1,1,2,1,7,1,53,1" doraHai="90" doraHaiUra="15" who="1" fromWho="2" sc="350,0,289,129,122,-119,229,0" />
</Scene>
<Scene>
<INIT seed="1,2,0,4,2,101" ten="350,418,3,229" oya="1" hai0="10,36,44,75,79,81,88,28,39,116,106,40,47" hai1="65,113,52,51,73,48,78,15,16,109,90,53,82" hai2="61,132,108,21,18,17,60,134,12,34,58,7,14" hai3="112,80,100,35,45,118,66,97,127,32,42,102,50"/><U94/><E113/><V54/><F34/><W92/><G112/><T110/><D110/><U130/><E130/><V123/><F123/><W6/><G127/><T55/><D116/><U99/><E109/><V104/><F108/><W128/><G128/><T91/><D28/><U76/><E65/><V77/><F7/><W87/><G66/><T111/><D111/><U30/><E30/><V63/><F77/><W59/><G118/><T89/><D10/><N who="1" m="6263" /><E73/><V74/><F74/><W33/><G33/><T19/><D19/><U83/><E76/><V37/><F37/><W62/><G6/><T46/><D55/><N who="1" m="21067" /><E78/><V1/><F1/><W122/><G32/><T85/><D75/><U119/><E119/><V121/><F121/><W70/><G35/><T9/><D9/><U125/><E125/><V13/><F104/><W20/><G70/><T107/><D46/><U5/><E5/><V25/><F18/><W124/><G45/><T49/><D49/><AGARI ba="2,0" hai="48,49,51,82,83,90,94,99" m="21067,6263" machi="49" ten="30,5800,0" yaku="8,1,54,2" doraHai="101" who="1" fromWho="0" sc="350,-64,418,64,3,0,229,0" />
</Scene>
<Scene>
<INIT seed="1,3,0,3,4,71" ten="286,482,3,229" oya="1" hai0="90,41,12,89,17,104,34,127,102,6,128,67,48" hai1="24,49,116,106,65,132,130,19,64,20,7,42,1" hai2="74,126,57,131,68,59,98,79,50,8,91,120,13" hai3="22,77,66,87,37,129,10,15,123,88,124,85,78"/><U3/><E116/><V0/><F0/><W76/><G123/><T113/><D34/><U11/><E106/><V60/><F120/><W47/><G129/><T38/><D6/><U86/><E130/><V53/><F126/><W28/><G124/><T18/><D127/><U4/><E132/><V54/><F131/><W44/><G66/><T62/><D48/><U115/><E115/><V134/><F68/><W111/><G111/><T9/><D18/><U133/><E133/><V101/><F134/><W125/><G125/><T52/><D113/><U121/><E121/><V31/><F31/><W97/><G97/><T96/><D128/><U75/><E75/><V112/><F112/><W43/><G47/><T14/><D14/><U35/><E35/><V46/><F46/><W92/><G22/><T39/><D52/><U51/><E86/><V83/><F91/><W109/><G109/><T63/><D63/><U32/><E32/><V114/><F114/><W95/><G28/><T110/><D110/><U45/><E49/><V33/><F33/><W73/><G73/><T55/><D55/><U36/><E51/><V70/><F70/><W119/><G119/><T56/><REACH who="0" step="1"/><D41/><REACH who="0" ten="276,482,3,229" step="2"/><U25/><E25/><V117/><F117/><W69/><G69/><T5/><D5/><U103/><E4/><N who="2" m="3207" /><F101/><W58/><G58/><T26/><D26/><U82/><E103/><V27/><F27/><W72/><G72/><T105/><D105/><U80/><E3/><V21/><F21/><W30/><G15/><T108/><D108/><U99/><E1/><V122/><F122/><W29/><G44/><RYUUKYOKU ba="3,1" sc="276,15,482,-15,3,15,229,-15" hai0="9,12,17,38,39,56,62,67,89,90,96,102,104" hai2="50,53,54,57,59,60,74,79,83,98" />
</Scene>
<Scene>
<INIT seed="2,4,1,5,1,88" ten="291,467,18,214" oya="2" hai0="60,3,83,67,125,11,100,66,27,116,90,37,127" hai1="107,64,89,26,130,115,24,106,82,48,135,77,36" hai2="117,47,113,7,46,6,33,73,25,123,97,94,119" hai3="55,85,111,105,28,18,99,63,40,1,120,0,134"/><V78/><F123/><W41/><G120/><T126/><D116/><U87/><E115/><V65/><F113/><W72/><G111/><T62/><D37/><U109/><E36/><V22/><F33/><W9/><G72/><T43/><D43/><U13/><E109/><V86/><F73/><W58/><G28/><T39/><D100/><U32/><E135/><V56/><F119/><W57/><G134/><T42/><D27/><U70/><E130/><V53/><F65/><N who="0" m="24586" /><D42/><U133/><E133/><V108/><F108/><W76/><G57/><T79/><D90/><U31/><E26/><V128/><F128/><W112/><G112/><T8/><D39/><U21/><E48/><N who="2" m="30759" /><F117/><W95/><G105/><T12/><D3/><U104/><E13/><V49/><F86/><W15/><G0/><T110/><D110/><U59/><E70/><V16/><F78/><W5/><G5/><N who="2" m="1545" /><F49/><W2/><G1/><T80/><D83/><U34/><REACH who="1" step="1"/><E77/><REACH who="1" ten="291,457,18,214" step="2"/><V29/><F29/><W69/><G69/><T101/><D125/><U45/><E45/><V52/><F52/><W54/><G54/><T118/><D126/><U84/><E84/><V4/><N who="2" m="1553" /><V35/><DORA hai="10" /><F35/><W19/><G2/><T131/><D127/><U93/><E93/><V75/><F75/><W17/><G76/><T124/><D79/><U61/><AGARI ba="4,2" hai="21,24,31,32,34,59,61,64,82,87,89,104,106,107" machi="61" ten="40,5200,0" yaku="1,1,0,1,53,1" doraHai="88,10" doraHaiUra="92,81" who="1" fromWho="1" sc="291,-17,457,84,18,-30,214,-17" owari="274,7.0,541,64.0,-12,-51.0,197,-20.0" />
</Scene>
</mjloggm>