<mjloggm ver="2.3"><GO type="169" lobby="0"/><UN n0="%E3%81%8B%E3%81%92%E3%81%8D%E3%82%85%E3%81%86" n1="%E3%83%8A%E3%82%AC%E3%83%A4%E3%83%9E" n2="%E5%A4%AA%E3%81%8F%E3%81%AA%E3%81%84%E3%81%8A" n3="%6E%61%69%74%61" dan="16,16,18,16" rate="2168.37,2068.86,2238.96,2170.84" sx="M,M,F,M"/><TAIKYOKU oya="0"/>

<Scene>
<INIT seed="0,0,0,0,5,4" ten="250,250,250,250" oya="0" hai0="133,113,25,16,10,120,80,67,45,39,18,61,83" hai1="30,54,48,52,87,110,20,122,12,104,105,89,63" hai2="62,71,98,119,3,42,7,92,108,0,93,9,31" hai3="127,94,96,26,32,65,97,2,106,41,126,64,123"/><T33/><D120/><U46/><E122/><V95/><F108/><W121/><G2/><T101/><D113/><U24/><E110/><V22/><F119/><W73/><G73/><T88/><D101/><U91/><E89/><V82/><F42/><W103/><G41/><T15/><D133/><U34/><E63/><V131/><F131/><W125/><G32/><T23/><D33/><U51/><E12/><V70/><F3/><W134/><G26/><T6/><D45/><U8/><E34/><V72/><F98/><W100/><G134/><T13/><D88/><U107/><E8/><V124/><F124/><W19/><G19/><T69/><REACH who="0" step="1"/><D39/><REACH who="0" ten="240,250,250,250" step="2"/><U60/><E46/><V50/><F82/><W79/><G123/><T117/><D117/><U1/><E91/><V59/><F93/><W81/><G121/><T36/><D36/><U135/><E135/><V74/><F95/><W99/><G65/><T56/><D56/><U114/><E114/><V75/><F92/><N who="3" m="58375" /><G64/><T128/><D128/><U86/><E105/><V130/><F130/><W78/><G81/><T49/><D49/><U53/><E107/><V40/><F50/><W68/><G68/><T21/><AGARI ba="0,1" hai="6,10,13,15,16,18,21,23,25,61,67,69,80,83" machi="21" ten="20,12000,1" yaku="1,1,0,1,7,1,52,1,54,1,53,0" doraHai="4" doraHaiUra="29" who="0" fromWho="0" sc="240,130,250,-40,250,-40,250,-40" />
</Scene>
<Scene>
<INIT seed="0,1,0,5,4,110" ten="370,210,210,210" oya="0" hai0="133,63,111,15,2,78,124,33,6,55,119,29,82" hai1="76,45,18,58,70,30,27,123,50,107,47,8,129" hai2="98,84,128,34,79,102,130,120,1,83,52,17,54" hai3="3,12,96,11,69,62,41,122,75,109,61,105,101"/><T10/><D119/><U4/><E70/><V46/><F120/><W114/><G114/><T22/><D124/><U67/><E123/><V81/><F1/><W77/><G122/><T40/><D40/><U113/><E129/><N who="2" m="49771" /><F34/><W99/><G109/><T73/><D133/><U7/><E107/><N who="2" m="63959" /><F46/><W126/><G126/><T74/><D111/><U59/><E47/><V64/><F64/><W112/><G112/><T87/><D33/><U132/><E132/><V92/><F92/><W51/><G96/><T85/><D74/><U127/><E127/><V24/><F83/><W100/><G100/><T103/><D103/><U125/><E125/><V14/><F24/><W104/><G104/><T42/><D42/><U37/><E37/><V90/><F90/><W91/><G69/><T19/><D29/><U131/><E131/><V89/><F89/><W71/><G91/><T35/><D35/><U28/><E67/><V65/><F65/><W23/><G71/><T44/><D44/><U80/><E113/><V21/><AGARI ba="1,0" hai="14,17,21,52,54,79,81,84" m="63959,49771" machi="21" ten="30,2000,0" yaku="19,1,54,1" doraHai="110" who="2" fromWho="2" sc="370,-11,210,-6,210,23,210,-6" />
</Scene>
<Scene>
<INIT seed="1,0,0,3,0,59" ten="359,204,233,204" oya="1" hai0="23,55,33,17,57,67,110,128,22,41,107,115,54" hai1="119,3,12,70,120,114,131,127,48,90,77,29,1" hai2="132,10,51,47,125,134,83,98,50,108,18,58,135" hai3="76,36,26,118,130,129,102,0,96,63,38,4,82"/><U32/><E114/><V31/><F108/><W65/><G118/><T43/><D110/><U101/><E119/><V69/><F69/><W7/><G26/><T103/><D33/><U46/><E120/><V52/><F125/><W30/><G30/><T34/><D34/><U99/><E127/><V45/><F31/><W112/><G112/><T44/><D128/><N who="3" m="49257" /><G82/><T56/><D103/><U97/><E131/><V87/><F98/><W126/><G126/><T20/><D107/><U117/><E117/><V111/><F111/><W91/><G91/><T94/><D94/><U6/><E77/><N who="2" m="46575" /><F50/><W122/><G76/><T14/><D67/><U24/><E90/><V39/><F39/><N who="3" m="14891" /><G0/><T21/><D115/><U105/><E97/><V25/><F25/><W123/><G123/><T74/><D74/><U8/><REACH who="1" step="1"/><E70/><REACH who="1" ten="359,194,233,204" step="2"/><V86/><F134/><W27/><G122/><T60/><D14/><U104/><E104/><V15/><F135/><W100/><G27/><T79/><D79/><U92/><E92/><V64/><F132/><W5/><G96/><T75/><D75/><U121/><E121/><V109/><F109/><W68/><AGARI ba="0,1" hai="4,5,7,63,65,68,100,102" m="14891,49257" machi="68" ten="40,2700,0" yaku="19,1,52,1" doraHai="59" who="3" fromWho="3" sc="359,-7,194,-13,233,-7,204,37" />
</Scene>
<Scene>
<INIT seed="2,0,0,5,1,30" ten="352,181,226,241" oya="2" hai0="115,26,8,56,13,103,113,46,106,88,119,99,72" hai1="16,134,112,129,41,120,9,65,101,35,52,48,135" hai2="49,100,133,96,61,42,2,1,36,128,90,130,34" hai3="107,10,7,68,125,6,24,23,124,18,78,57,22"/><V60/><F36/><W4/><G107/><T79/><D119/><U92/><E112/><V64/><F90/><W27/><G68/><T58/><D46/><N who="1" m="27671" /><E41/><V89/><F89/><W82/><G57/><T53/><D56/><U12/><E65/><V55/><F42/><W110/><G82/><T40/><D40/><U93/><E129/><N who="2" m="49771" /><F133/><N who="1" m="50697" /><E120/><V127/><F127/><N who="3" m="48715" /><G78/><T62/><D79/><U97/><E35/><V5/><F34/><W77/><G77/><T50/><D115/><U0/><E0/><V118/><F118/><W131/><G110/><T15/><D113/><U66/><E66/><V37/><F37/><W116/><G131/><T109/><D109/><U76/><E76/><V117/><F117/><W84/><G84/><T111/><D111/><U121/><E121/><V105/><F64/><W91/><G91/><T104/><D88/><U98/><E98/><V39/><F39/><W19/><G116/><T132/><D99/><U69/><E69/><V122/><F122/><W83/><G83/><T94/><D132/><U38/><E38/><V80/><F80/><W33/><G33/><T108/><D108/><U63/><E63/><V73/><F61/><W54/><G54/><T67/><D53/><U70/><E70/><V32/><F60/><W59/><G59/><T3/><D58/><U114/><E114/><V47/><F32/><W21/><G21/><T28/><D62/><U85/><E85/><V20/><F20/><W43/><G43/><T44/><D67/><U126/><E126/><V17/><F96/><W86/><G86/><T71/><D71/><U74/><E74/><RYUUKYOKU ba="0,0" sc="352,-15,181,15,226,-15,241,15" hai1="9,12,16,92,93,97,101" hai3="4,6,7,10,18,19,22,23,24,27" />
</Scene>
<Scene>
<INIT seed="3,1,0,2,4,82" ten="337,196,211,256" oya="3" hai0="21,110,37,105,57,109,36,12,81,94,85,15,24" hai1="70,19,119,77,96,76,17,133,0,8,125,79,42" hai2="68,67,38,2,1,22,123,103,95,128,113,50,4" hai3="46,88,86,102,41,101,11,54,18,49,31,75,69"/><W60/><G75/><T64/><D105/><U27/><E133/><V43/><F113/><W25/><G18/><N who="0" m="12343" /><D94/><U108/><E108/><N who="0" m="41577" /><D57/><U98/><E125/><V90/><F95/><W129/><G11/><T78/><D64/><U112/><E112/><V29/><F67/><W45/><G129/><T51/><D51/><U16/><E70/><V72/><F50/><N who="3" m="26927" /><G69/><T40/><D40/><U30/><E42/><V53/><F43/><W104/><G60/><T6/><D6/><U35/><REACH who="1" step="1"/><E119/><REACH who="1" ten="337,186,211,256" step="2"/><V66/><F68/><W92/><G104/><T23/><D36/><U61/><E61/><V97/><F38/><W33/><G33/><T107/><D37/><U89/><E89/><V55/><F90/><W120/><G120/><T93/><D78/><U73/><E73/><V100/><F72/><W116/><G116/><T84/><D107/><U83/><E83/><V20/><F123/><W115/><G115/><T111/><D81/><U117/><E117/><V13/><F128/><W9/><G88/><T5/><D111/><U14/><E14/><V59/><F13/><W63/><G63/><T71/><D15/><U121/><E121/><V7/><F1/><W52/><G49/><T58/><D71/><U48/><E48/><V114/><F2/><W130/><G130/><T65/><D12/><U44/><E44/><V87/><F114/><W134/><G46/><T56/><D58/><U132/><E132/><V106/><F59/><W34/><G134/><T135/><D56/><U80/><E80/><V118/><F106/><W131/><G131/><T124/><D135/><U122/><E122/><RYUUKYOKU ba="1,1" sc="337,-10,186,30,211,-10,256,-10" hai1="0,8,16,17,19,27,30,35,76,77,79,96,98" />
</Scene>
<Scene>
<INIT seed="4,2,1,5,3,20" ten="327,216,201,246" oya="0" hai0="132,93,42,92,44,99,36,13,71,106,6,75,16" hai1="64,9,91,135,34,105,76,25,19,4,38,87,14" hai2="5,112,89,131,32,88,54,2,123,0,85,3,67" hai3="69,47,39,111,1,114,50,113,96,125,56,82,60"/><T21/><D71/><U115/><E105/><V37/><F123/><W45/><G1/><T79/><D132/><U90/><E135/><V130/><F5/><W109/><G82/><T110/><D110/><N who="3" m="41993" /><G96/><T62/><D62/><U8/><E38/><V66/><F32/><W12/><G12/><T81/><REACH who="0" step="1"/><D6/><REACH who="0" ten="317,216,201,246" step="2"/><U128/><E4/><V48/><F131/><W126/><G69/><T70/><D70/><U49/><E128/><V124/><F130/><W117/><G117/><T17/><D17/><U52/><E19/><V61/><F61/><W119/><G119/><T74/><D74/><U95/><E115/><N who="3" m="44042" /><G39/><T33/><D33/><U73/><E34/><V10/><F37/><W58/><G50/><T116/><D116/><U15/><E49/><V86/><F112/><W104/><G60/><T94/><D94/><U80/><E95/><V43/><F48/><W27/><G104/><T102/><AGARI ba="2,2" hai="13,16,21,36,42,44,75,79,81,92,93,99,102,106" machi="102" ten="30,6000,0" yaku="1,1,0,1,54,1,53,0" doraHai="20" doraHaiUra="28" who="0" fromWho="0" sc="317,86,216,-22,201,-22,246,-22" />
</Scene>
<Scene>
<INIT seed="4,3,0,1,3,52" ten="403,194,179,224" oya="0" hai0="15,67,129,131,82,35,45,69,128,112,26,90,9" hai1="85,19,81,3,88,78,98,31,80,125,30,93,56" hai2="62,5,53,126,89,27,91,34,115,18,71,65,84" hai3="97,114,57,13,23,76,28,46,77,61,108,116,63"/><T4/><D112/><U99/><E125/><V37/><F37/><W42/><G116/><T75/><D45/><U121/><E121/><V79/><F115/><W124/><G124/><T101/><D101/><U48/><E3/><V107/><F126/><W55/><G114/><T123/><D123/><U135/><E135/><V86/><F5/><W73/><G108/><T66/><D69/><U20/><E81/><V106/><F79/><W103/><G63/><T72/><D90/><U95/><E48/><V29/><F18/><W87/><G73/><N who="0" m="28235" /><D82/><U7/><E7/><V83/><REACH who="2" step="1"/><F53/><REACH who="2" ten="403,194,169,224" step="2"/><W133/><G133/><T39/><D39/><U36/><E36/><V113/><F113/><W22/><G76/><T43/><D43/><U132/><E132/><V111/><F111/><W105/><G77/><T110/><D110/><U127/><E127/><V70/><F70/><W16/><G28/><AGARI ba="3,1" hai="4,9,15,26,28,35,66,67,128,129,131" m="28235" machi="28" ten="40,2000,0" yaku="19,1" doraHai="52" who="0" fromWho="3" sc="403,39,194,0,169,0,224,-29" />
</Scene>
<Scene>
<INIT seed="4,4,0,2,5,107" ten="442,194,169,195" oya="0" hai0="88,8,131,65,73,116,89,79,29,9,31,41,14" hai1="111,5,39,95,6,102,91,98,122,23,72,103,109" hai2="77,56,87,120,92,37,53,100,52,55,3,123,90" hai3="67,86,48,42,113,70,83,58,46,130,63,34,84"/><T59/><D116/><U30/><E122/><V16/><F3/><W0/><G34/><T114/><D41/><U28/><E39/><V125/><F37/><W118/><G0/><T10/><D131/><U35/><E35/><V21/><F125/><W13/><G118/><T75/><D79/><U7/><E72/><N who="0" m="27721" /><D14/><U45/><E45/><V135/><F135/><W101/><G130/><T99/><D99/><U66/><E66/><V78/><F123/><W17/><G113/><T124/><D59/><U132/><E132/><V126/><F126/><W112/><G112/><T81/><D81/><U60/><E60/><V119/><F120/><W129/><G129/><T106/><D114/><U96/><E23/><V57/><F100/><W80/><G101/><T115/><D115/><U133/><E133/><V85/><F119/><W82/><REACH who="3" step="1"/><G70/><REACH who="3" ten="442,194,169,185" step="2"/><T54/><D124/><U127/><E127/><V40/><F40/><W51/><G51/><T50/><D50/><U1/><E1/><V38/><F38/><W74/><G74/><T128/><D128/><U64/><E103/><V61/><F85/><W25/><G25/><T108/><D108/><U76/><E102/><V44/><F44/><W11/><AGARI ba="4,1" hai="11,13,17,42,46,48,58,63,67,80,82,83,84,86" machi="11" ten="30,4000,0" yaku="1,1,0,1,8,1,53,0" doraHai="107" doraHaiUra="18" who="3" fromWho="3" sc="442,-24,194,-14,169,-14,185,62" />
</Scene>
<Scene>
<INIT seed="5,0,0,5,5,51" ten="418,180,155,247" oya="1" hai0="121,95,110,104,24,87,102,47,36,107,19,80,85" hai1="93,91,42,33,55,6,48,23,94,49,133,2,111" hai2="116,61,53,5,34,127,74,59,30,37,32,88,15" hai3="18,130,28,65,45,81,115,122,43,13,75,67,31"/><U132/><E33/><V35/><F116/><W90/><G122/><T79/><D110/><U109/><E42/><V106/><F106/><W131/><G115/><T135/><D121/><U10/><E23/><V9/><F74/><W114/><G114/><T41/><D135/><N who="1" m="51787" /><E49/><V69/><F37/><W98/><G75/><T40/><D40/><U92/><E91/><V29/><F127/><W3/><G3/><T12/><D24/><U70/><E70/><V129/><F129/><N who="3" m="49163" /><G98/><T54/><D41/><U82/><E82/><V124/><F124/><W63/><G81/><T71/><D71/><U101/><E101/><V68/><F68/><N who="3" m="42047" /><G90/><T112/><D112/><U8/><E10/><V58/><F69/><W78/><G78/><T11/><D102/><U83/><E83/><V105/><F105/><W134/><G67/><T73/><D36/><U57/><AGARI ba="0,0" hai="2,6,8,48,55,57,92,93,94,109,111" m="51787" machi="57" ten="40,3900,0" yaku="20,1,52,1" doraHai="51" who="1" fromWho="1" sc="418,-13,180,39,155,-13,247,-13" />
</Scene>
<Scene>
<INIT seed="5,1,0,5,3,3" ten="405,219,142,234" oya="1" hai0="113,94,34,47,126,75,12,125,112,132,120,8,53" hai1="100,25,11,22,110,48,21,15,135,36,68,4,83" hai2="66,107,35,0,108,30,91,116,18,5,67,32,106" hai3="99,23,98,76,73,78,10,19,102,7,27,41,101"/><U90/><E36/><V60/><F108/><W89/><G41/><T121/><D75/><U62/><E110/><V85/><F116/><W69/><G69/><T80/><D80/><U117/><E117/><V82/><F67/><W129/><G129/><T64/><D94/><U81/><E135/><V74/><F18/><W118/><G118/><T17/><D64/><U93/><E100/><V65/><F65/><W123/><G123/><N who="0" m="47179" /><D34/><U37/><E37/><V16/><F74/><W122/><G122/><T33/><D33/><U77/><E62/><V2/><F35/><W87/><G73/><T49/><D132/><U50/><E68/><V59/><F107/><W1/><G99/><T133/><D133/><U109/><E109/><V39/><F106/><W96/><G96/><T119/><D119/><U28/><E22/><V24/><F39/><W26/><G26/><T61/><D61/><U40/><E77/><V46/><F46/><W57/><G57/><T97/><D97/><N who="1" m="57527" /><E50/><V58/><F60/><W13/><G1/><T71/><D71/><U55/><E40/><V14/><F66/><W88/><G89/><T52/><D53/><U115/><E115/><AGARI ba="1,0" hai="8,12,17,47,49,52,112,113,115,125,126" m="47179" machi="115" ten="30,3900,0" yaku="15,1,13,1,54,1" doraHai="3" who="0" fromWho="1" sc="405,42,219,-42,142,0,234,0" />
</Scene>
<Scene>
<INIT seed="6,0,0,3,1,131" ten="447,177,142,234" oya="2" hai0="20,70,91,11,23,2,107,16,54,68,57,88,116" hai1="79,10,18,113,50,30,52,69,92,89,55,37,129" hai2="82,40,35,49,7,34,121,76,53,31,120,13,114" hai3="94,108,19,62,38,47,100,127,1,77,80,109,36"/><V28/><F114/><W83/><G1/><T15/><D107/><U17/><E37/><V9/><F31/><W112/><G112/><T42/><D116/><U97/><E113/><V5/><F5/><W111/><G127/><T130/><D130/><U14/><E129/><V64/><F64/><W44/><G62/><T67/><D42/><U81/><E69/><V122/><F28/><W29/><G29/><T0/><D0/><U99/><E30/><V60/><F60/><W124/><G124/><T110/><D110/><U27/><E97/><V41/><F41/><W45/><G19/><T22/><D2/><U90/><E90/><N who="0" m="34345" /><D70/><U87/><E50/><V106/><F106/><W86/><G100/><T43/><D68/><U73/><E73/><V66/><F66/><W65/><G65/><T125/><D43/><U95/><E92/><V93/><F93/><W24/><G24/><N who="0" m="14343" /><D67/><U63/><E63/><V126/><F126/><W6/><G6/><N who="0" m="3575" /><D125/><U75/><E75/><V72/><REACH who="2" step="1"/><F40/><REACH who="2" ten="447,177,132,234" step="2"/><W26/><G94/><T128/><D128/><U4/><E4/><V39/><F39/><W85/><REACH who="3" step="1"/><G26/><REACH who="3" ten="447,177,132,224" step="2"/><T102/><D54/><U84/><E99/><V61/><F61/><W8/><G8/><T3/><D3/><U25/><E25/><V105/><F105/><W101/><G101/><T74/><D102/><U59/><E55/><V56/><AGARI ba="0,2" hai="7,9,13,34,35,49,53,56,72,76,82,120,121,122" machi="56" ten="30,3000,0" yaku="1,1,0,1,53,0" doraHai="131" doraHaiUra="33" who="2" fromWho="2" sc="447,-10,177,-10,132,50,224,-10" />
</Scene>
<Scene>
<INIT seed="6,1,0,0,5,89" ten="437,167,182,214" oya="2" hai0="15,60,42,59,8,38,66,48,108,57,78,69,107" hai1="10,103,0,109,93,2,14,37,63,74,61,43,11" hai2="32,18,64,3,35,80,71,72,12,13,130,90,55" hai3="102,95,82,134,87,24,119,100,129,105,113,45,67"/><V30/><F3/><W6/><G119/><T70/><D107/><U115/><E109/><V36/><F36/><W26/><G134/><T121/><D108/><U132/><E132/><V33/><F30/><W92/><G129/><T128/><D128/><U94/><E74/><V19/><F130/><W122/><G122/><T88/><D78/><U91/><E115/><V41/><F41/><W114/><G6/><T58/><D121/><U117/><E117/><V96/><F55/><W123/><G123/><T46/><D70/><U51/><E37/><V39/><F39/><W34/><G67/><T127/><D127/><U49/><E91/><V97/><F64/><W98/><G45/><T53/><D88/><U73/><E73/><V16/><F71/><W54/><G54/><T40/><D42/><U120/><E120/><V131/><F131/><W5/><G5/><AGARI ba="1,0" hai="5,8,15,38,40,46,48,53,57,58,59,60,66,69" machi="5" ten="30,3900,0" yaku="7,1,24,2" doraHai="89" who="0" fromWho="3" sc="437,42,167,0,182,0,214,-42" />
</Scene>
<Scene>
<INIT seed="7,0,0,4,0,10" ten="479,167,182,172" oya="3" hai0="65,76,85,2,116,102,69,81,115,110,78,128,17" hai1="77,7,19,0,60,103,91,24,21,32,66,83,132" hai2="8,30,123,14,43,104,47,49,75,53,89,113,35" hai3="94,36,92,12,133,120,135,73,31,111,101,20,131"/><W107/><G120/><T58/><D69/><U22/><E132/><N who="3" m="50762" /><G111/><T9/><D110/><U71/><E103/><V106/><F75/><W48/><G131/><T57/><D102/><U41/><E41/><V23/><F35/><W64/><G64/><T4/><D128/><U46/><E46/><V26/><F123/><W6/><G36/><T74/><D116/><U56/><E91/><V62/><F113/><W98/><G73/><T37/><D37/><U72/><E32/><V70/><F89/><W108/><G108/><T54/><D115/><U13/><E0/><V129/><F129/><W34/><G34/><T105/><D74/><U38/><E38/><V114/><F114/><W122/><G122/><T125/><D78/><U63/><E7/><V130/><F130/><W134/><N who="3" m="50770" /><W99/><DORA hai="96" /><G48/><T1/><D65/><U121/><E121/><V80/><F80/><W90/><G107/><T100/><D105/><U127/><E127/><V25/><F25/><N who="3" m="16807" /><G6/><T84/><D4/><U33/><E33/><V82/><F82/><W3/><G3/><T16/><D81/><U95/><E95/><V42/><F106/><W29/><G29/><T88/><D2/><U40/><E40/><V55/><F104/><W68/><G68/><T28/><D1/><U126/><E126/><V18/><F70/><W119/><G119/><T15/><D125/><U51/><E51/><N who="2" m="28927" /><F62/><W39/><G39/><T50/><D28/><N who="1" m="17423" /><E63/><V5/><F5/><W27/><G27/><T44/><D50/><U45/><E45/><AGARI ba="0,0" hai="8,14,18,23,26,30,42,43,45,49,55" m="28927" machi="45" ten="30,2000,0" yaku="8,1,52,1" doraHai="10,96" who="2" fromWho="1" sc="479,0,167,-20,182,20,172,0" owari="479,58.0,147,-35.0,202,0.0,172,-23.0" />
</Scene>
</mjloggm>