<mjloggm ver="2.3"><GO type="169" lobby="0"/><UN n0="%4D%61%72%6C%69%6E" n1="%73%61%77%6C%79" n2="%E5%A4%AA%E3%81%8F%E3%81%AA%E3%81%84%E3%81%8A" n3="%E4%BA%9B%E6%B8%A1%E3%82%92%E8%B6%85%E3%81%88%E3%82%8B%E8%80%85" dan="17,17,18,16" rate="2107.80,2105.53,2233.36,2104.12" sx="M,M,F,F"/><TAIKYOKU oya="0"/>

<Scene>
<INIT seed="0,0,0,2,2,74" ten="250,250,250,250" oya="0" hai0="133,41,134,9,123,53,4,118,104,46,130,103,25" hai1="27,12,102,132,67,70,122,52,112,108,2,125,75" hai2="8,36,92,49,117,72,55,94,48,57,107,30,6" hai3="1,22,0,88,60,40,44,82,101,14,20,135,121"/><T11/><D118/><U31/><E102/><V105/><F36/><W95/><G135/><N who="0" m="51723" /><D123/><U113/><E52/><V69/><F69/><W15/><G121/><T17/><D130/><U109/><E67/><V61/><F72/><W86/><G60/><T7/><D53/><U68/><E75/><V58/><F117/><W110/><G110/><N who="1" m="42602" /><E122/><V32/><F107/><W5/><G0/><T65/><D65/><U87/><E87/><V96/><F105/><W106/><G106/><T33/><D103/><U126/><E12/><N who="3" m="4650" /><G5/><N who="0" m="2123" /><D104/><U111/><N who="1" m="42610" /><U77/><DORA hai="18" /><E132/><V45/><F55/><W35/><G35/><T16/><D33/><N who="1" m="20735" /><E77/><V76/><F76/><N who="3" m="46407" /><G101/><T34/><D34/><U78/><E78/><V37/><F32/><W42/><G1/><T28/><D28/><U66/><E2/><V51/><F61/><W63/><G63/><T81/><D81/><U89/><E89/><V38/><F92/><W62/><G62/><T23/><D17/><U100/><E100/><V124/><F94/><W47/><G47/><T93/><D93/><U99/><E66/><V131/><F45/><W73/><G73/><T21/><D21/><N who="3" m="8297" /><G44/><T114/><D46/><U26/><E70/><V59/><F59/><W64/><G64/><T98/><D98/><AGARI ba="0,0" hai="40,42,88,95,98" m="8297,46407,4650" machi="98" ten="30,12000,2" yaku="8,1,52,4,54,1" doraHai="74,18" who="3" fromWho="0" sc="250,-120,250,0,250,0,250,120" />
</Scene>
<Scene>
<INIT seed="1,0,0,0,5,114" ten="130,250,250,370" oya="1" hai0="16,28,90,78,120,84,9,53,22,67,17,41,54" hai1="30,49,86,125,38,122,61,68,7,19,36,96,89" hai2="124,14,113,130,105,134,31,24,21,132,99,73,51" hai3="92,71,11,81,108,60,6,91,109,58,93,118,112"/><U10/><E122/><V45/><F73/><W1/><G71/><T121/><D41/><U128/><E128/><V98/><F105/><W4/><G112/><T37/><D37/><U55/><E125/><V43/><F113/><W82/><G6/><T25/><D78/><U100/><E30/><V88/><F124/><W101/><G101/><T133/><D133/><N who="2" m="51306" /><F130/><W127/><G127/><T63/><D121/><U0/><E19/><N who="2" m="10487" /><F88/><W115/><G115/><T50/><D120/><U74/><E74/><V66/><F66/><W111/><G118/><T32/><D9/><U103/><E68/><V104/><F104/><W33/><G33/><AGARI ba="0,0" hai="24,31,33,43,45,51,98,99" m="10487,51306" machi="33" ten="30,1000,0" yaku="20,1" doraHai="114" who="2" fromWho="3" sc="130,0,250,0,250,10,370,-10" />
</Scene>
<Scene>
<INIT seed="2,0,0,1,4,108" ten="130,250,260,360" oya="2" hai0="11,114,6,0,128,81,20,31,73,99,37,119,120" hai1="29,54,16,21,74,103,89,1,102,91,27,123,57" hai2="69,36,52,92,93,12,42,39,40,32,86,95,61" hai3="115,18,129,96,28,22,109,72,76,70,43,44,130"/><V111/><F32/><W75/><G70/><T4/><D37/><U105/><E123/><V34/><F34/><W49/><G109/><T98/><D120/><U56/><E74/><V85/><F111/><W100/><G28/><T125/><D128/><N who="3" m="49257" /><G115/><T8/><D114/><U48/><E1/><V104/><F104/><N who="3" m="63495" /><G76/><T83/><D125/><U2/><E2/><V124/><F124/><W87/><G87/><N who="2" m="33289" /><F69/><W135/><G135/><T51/><D119/><U30/><E105/><V59/><F39/><W112/><G112/><T24/><D51/><U117/><E117/><V113/><F36/><W47/><G47/><T67/><D67/><U13/><E30/><V33/><F33/><W63/><G63/><T78/><REACH who="0" step="1"/><D83/><REACH who="0" ten="120,250,260,360" step="2"/><U17/><E48/><V38/><F38/><W77/><G77/><T88/><D88/><U25/><E91/><V5/><F113/><W35/><G35/><T7/><D7/><U50/><E89/><V110/><F110/><W82/><G82/><T127/><D127/><U62/><E103/><V131/><F131/><W15/><AGARI ba="0,1" hai="15,18,22,43,44,49,72,75" m="63495,49257" machi="15" ten="30,1100,0" yaku="19,1" doraHai="108" who="3" fromWho="3" sc="120,-3,250,-3,260,-5,360,21" />
</Scene>
<Scene>
<INIT seed="3,0,0,1,3,93" ten="117,247,255,381" oya="3" hai0="51,41,100,1,32,133,71,61,125,2,22,13,131" hai1="130,105,11,114,39,83,112,132,57,91,55,109,4" hai2="119,89,101,17,74,30,115,92,120,134,58,72,43" hai3="82,12,33,76,69,3,28,111,47,23,49,103,8"/><W108/><G69/><T129/><D32/><U78/><E109/><N who="3" m="42058" /><G33/><T31/><D100/><U122/><E122/><V45/><F115/><W19/><G103/><T52/><D125/><U90/><E39/><V80/><F119/><W10/><G28/><T35/><D133/><U26/><E105/><V128/><F30/><W54/><G3/><T42/><D35/><U85/><E132/><V107/><F134/><W5/><G5/><T68/><D68/><U70/><E70/><V96/><F120/><W66/><G66/><N who="0" m="41423" /><D31/><U81/><E130/><N who="0" m="49673" /><D22/><U9/><E26/><V123/><F123/><W106/><G106/><T20/><D13/><U102/><E102/><V48/><F128/><W104/><G104/><T38/><D20/><U67/><E9/><V15/><F58/><W36/><G36/><T14/><D14/><U59/><E112/><V79/><F74/><AGARI ba="0,0" hai="8,10,12,19,23,47,49,54,74,76,82" m="42058" machi="74" ten="30,2900,0" yaku="14,1,10,1" doraHai="93" who="3" fromWho="2" sc="117,0,247,0,255,-29,381,29" />
</Scene>
<Scene>
<INIT seed="3,1,0,1,3,59" ten="117,247,226,410" oya="3" hai0="17,1,135,34,96,126,13,18,98,81,57,127,129" hai1="103,121,3,105,102,5,95,91,7,49,51,36,66" hai2="11,87,27,108,110,22,112,40,61,107,78,33,72" hai3="79,132,53,23,20,128,93,67,89,75,83,99,50"/><W15/><G132/><T58/><D1/><U109/><E109/><N who="2" m="42091" /><F112/><W12/><G128/><T118/><D34/><U63/><E121/><V45/><F107/><W130/><G130/><T39/><D39/><U69/><E36/><N who="2" m="21639" /><F33/><W123/><G67/><T28/><D129/><U88/><E105/><V19/><F72/><W60/><G123/><T80/><D135/><U21/><E91/><V86/><F78/><W35/><G35/><T64/><D64/><U62/><E3/><V25/><F25/><W134/><G134/><T8/><D28/><U100/><E21/><V37/><F37/><W16/><G60/><N who="1" m="23082" /><E66/><V6/><F61/><W30/><G30/><T68/><D68/><U101/><N who="1" m="25600" /><DORA hai="77" /><U71/><E71/><V26/><F26/><W104/><G104/><T82/><D118/><U73/><E73/><V38/><F38/><W4/><G23/><T124/><D18/><U32/><E32/><V14/><AGARI ba="1,0" hai="6,11,14,19,22,27,86,87" m="21639,42091" machi="14" ten="30,1100,0" yaku="14,1" doraHai="59,77" who="2" fromWho="2" sc="117,-4,247,-4,226,14,410,-6" />
</Scene>
<Scene>
<INIT seed="4,0,0,2,5,70" ten="113,243,240,404" oya="0" hai0="4,88,1,7,3,10,6,123,15,13,86,66,87" hai1="56,105,59,97,20,34,122,41,81,47,40,84,130" hai2="58,119,106,128,48,110,101,115,0,91,60,37,120" hai3="133,9,39,8,5,121,135,80,71,23,54,131,114"/><T85/><D123/><U113/><E130/><V52/><F120/><W75/><G71/><T61/><D15/><U69/><E122/><V57/><F110/><W12/><G121/><T77/><D77/><U79/><E69/><V30/><F0/><W63/><G131/><T18/><REACH who="0" step="1"/><D88/><REACH who="0" ten="103,243,240,404" step="2"/><U2/><E2/><V51/><F128/><W43/><G12/><T129/><D129/><U100/><E113/><V22/><F115/><W94/><G133/><T45/><D45/><U82/><E47/><V28/><F91/><W68/><G135/><T93/><D93/><U25/><E82/><V21/><F106/><W73/><G94/><T107/><D107/><U19/><E34/><V109/><F109/><W103/><G80/><T111/><D111/><U35/><E35/><V127/><F119/><W50/><G114/><T65/><D65/><U44/><REACH who="1" step="1"/><E41/><REACH who="1" ten="103,233,240,404" step="2"/><V99/><F127/><W55/><G43/><T89/><D89/><U46/><E46/><V64/><F101/><W132/><G103/><T126/><D126/><U134/><E134/><V62/><F64/><W117/><G132/><T16/><D16/><U108/><E108/><V118/><F118/><W125/><G117/><T67/><D67/><U38/><AGARI ba="0,2" hai="19,20,25,38,40,44,56,59,79,81,84,97,100,105" machi="38" ten="20,12000,2" yaku="1,1,0,1,7,1,52,1,53,2" doraHai="70" doraHaiUra="53" who="1" fromWho="1" sc="103,-60,233,140,240,-30,404,-30" />
</Scene>
<Scene>
<INIT seed="5,0,0,4,5,23" ten="43,373,210,374" oya="1" hai0="115,31,10,1,101,85,73,69,7,91,67,62,35" hai1="126,6,129,42,56,36,132,104,122,124,106,54,74" hai2="94,27,79,65,75,95,57,112,110,18,21,24,92" hai3="131,15,116,81,3,87,53,55,118,43,109,84,44"/><U120/><E74/><V37/><F110/><W64/><G3/><T63/><D115/><U48/><E6/><V100/><F37/><W40/><G109/><T58/><D73/><U123/><E106/><V88/><F112/><W4/><G131/><T5/><D5/><U93/><E104/><V80/><F100/><W45/><G64/><T99/><D85/><N who="3" m="32841" /><G81/><T13/><D1/><U89/><E93/><V97/><REACH who="2" step="1"/><F27/><REACH who="2" ten="43,373,200,374" step="2"/><W117/><G117/><T66/><D69/><U11/><E129/><V60/><AGARI ba="0,1" hai="18,21,24,57,60,65,75,79,80,88,92,94,95,97" machi="60" ten="30,8000,1" yaku="1,1,2,1,0,1,52,1,54,1,53,0" doraHai="23" doraHaiUra="121" who="2" fromWho="2" sc="43,-20,373,-40,200,90,374,-20" />
</Scene>
<Scene>
<INIT seed="6,0,0,4,3,112" ten="23,333,290,354" oya="2" hai0="111,35,38,103,63,83,96,17,49,123,23,18,115" hai1="51,99,39,59,90,9,130,125,27,40,28,133,1" hai2="124,91,105,34,69,108,85,53,37,128,73,60,84" hai3="66,32,113,104,44,70,118,106,93,107,20,33,67"/><V68/><F73/><W110/><G110/><T126/><D49/><U127/><E39/><V15/><F37/><W50/><G113/><T54/><D54/><N who="1" m="32223" /><E40/><V98/><F34/><W89/><G118/><T22/><D63/><U109/><E109/><V10/><F108/><W82/><G82/><T4/><D83/><U75/><E75/><V65/><F124/><N who="1" m="47689" /><E133/><V36/><F36/><W129/><G129/><T79/><D79/><U74/><E74/><V62/><F128/><W55/><G20/><T19/><D96/><U45/><E130/><V13/><F13/><W42/><G42/><T132/><D103/><U117/><E45/><V2/><F2/><W72/><G72/><T43/><D43/><U135/><E135/><V58/><F69/><W119/><G119/><T81/><D81/><U61/><E61/><V121/><F121/><W5/><G5/><T131/><D4/><N who="1" m="1167" /><E117/><V95/><REACH who="2" step="1"/><F105/><REACH who="2" ten="23,333,280,354" step="2"/><W48/><G70/><T114/><D38/><U71/><E71/><V0/><F0/><W16/><G32/><T26/><D126/><U7/><E7/><AGARI ba="0,1" hai="7,10,15,53,58,60,62,65,68,84,85,91,95,98" machi="7" ten="30,5800,0" yaku="1,1,7,1,53,1" doraHai="112" doraHaiUra="87" who="2" fromWho="1" sc="23,0,333,-58,280,68,354,0" />
</Scene>
<Scene>
<INIT seed="6,1,0,4,0,63" ten="23,275,348,354" oya="2" hai0="88,19,94,25,107,131,41,18,2,44,129,50,56" hai1="36,127,17,116,43,77,55,123,11,109,97,45,0" hai2="108,96,28,13,15,125,122,51,105,68,104,26,126" hai3="3,103,29,66,80,91,52,118,121,9,67,99,132"/><V6/><F122/><W119/><G121/><T115/><D107/><N who="2" m="41034" /><F6/><W34/><G132/><T112/><D2/><U71/><E109/><V75/><F75/><W58/><G29/><T79/><D79/><U81/><E123/><V23/><F68/><W93/><G34/><T72/><D72/><U85/><E127/><N who="2" m="48651" /><F108/><W98/><G118/><T8/><D115/><U14/><E71/><V46/><F96/><W30/><G30/><T4/><D112/><U89/><E116/><V38/><F38/><W100/><G119/><T69/><D129/><U110/><E110/><V32/><F32/><W47/><G47/><T83/><D131/><U10/><E55/><AGARI ba="1,0" hai="13,15,23,26,28,46,51,55" m="48651,41034" machi="55" ten="30,1500,0" yaku="18,1" doraHai="63" who="2" fromWho="1" sc="23,0,275,-18,348,18,354,0" />
</Scene>
<Scene>
<INIT seed="6,2,0,2,2,79" ten="23,257,366,354" oya="2" hai0="6,97,60,20,129,76,117,80,2,105,98,68,104" hai1="131,121,18,82,22,125,26,64,51,100,77,73,94" hai2="71,69,9,57,101,5,23,15,65,36,25,32,118" hai3="17,62,92,116,109,12,107,14,19,59,27,87,114"/><V1/><F118/><W4/><G107/><T29/><D117/><U119/><E119/><V86/><F36/><W30/><G109/><T61/><D129/><U0/><E131/><V90/><F101/><W24/><G116/><T83/><D20/><U8/><E125/><V122/><F122/><W13/><G114/><T85/><D29/><U3/><E121/><V103/><F103/><W96/><G87/><T46/><D85/><U88/><E100/><V95/><F32/><W91/><G4/><T67/><D46/><U72/><E72/><V7/><F1/><W34/><REACH who="3" step="1"/><G24/><REACH who="3" ten="23,257,366,344" step="2"/><T33/><D6/><U58/><E8/><V84/><F5/><W21/><G21/><T31/><D31/><U123/><E123/><V37/><F84/><W38/><G38/><T78/><D67/><AGARI ba="2,1" hai="12,13,14,17,19,27,30,34,59,62,67,91,92,96" machi="67" ten="40,1300,0" yaku="1,1,53,0" doraHai="79" doraHaiUra="135" who="3" fromWho="0" sc="23,-19,257,0,366,0,344,29" />
</Scene>
<Scene>
<INIT seed="7,0,0,3,3,133" ten="4,257,366,373" oya="3" hai0="80,45,71,39,88,37,115,76,91,41,109,52,129" hai1="111,57,108,32,72,128,95,55,77,82,10,11,127" hai2="114,69,7,62,63,26,89,73,2,50,103,61,43" hai3="22,67,51,19,121,130,54,66,85,46,24,64,116"/><W12/><G121/><T123/><D52/><U47/><E128/><V96/><F73/><W35/><G116/><T118/><D45/><U97/><E32/><V33/><F69/><W58/><G130/><T5/><D41/><U28/><E28/><V0/><F114/><W70/><G70/><T16/><D88/><U68/><E68/><V56/><F89/><W8/><G35/><T104/><D16/><U86/><E111/><V132/><F132/><W81/><G46/><T94/><D91/><U65/><E108/><V14/><F33/><W135/><G135/><T134/><D94/><U13/><E72/><V60/><F26/><W20/><G24/><T90/><D90/><AGARI ba="0,0" hai="8,12,19,20,22,51,54,58,64,66,67,81,85,90" machi="90" ten="40,2000,0" yaku="8,1" doraHai="133" who="3" fromWho="0" sc="4,-20,257,0,366,0,373,20" owari="-16,-52.0,257,-14.0,366,17.0,393,49.0" />
</Scene>
</mjloggm>