<mjloggm ver="2.3"><GO type="41"/><UN n0="%E5%AE%9F%E5%AE%B6%54%4A" n1="%E5%AE%A4%E8%98%AD%E3%81%AE%E6%98%9F" n2="%E4%B8%AD%E5%A0%85%E3%83%9D%E3%83%86%E3%83%88" n3="%E5%A4%AA%E3%81%8F%E3%81%AA%E3%81%84%E3%81%8A" dan="13,13,13,15" rate="2013,1986,1828,2030" sx="M,M,M,M"/><TAIKYOKU oya="0"/>

<Scene>
<INIT seed="0,0,0,2,0,76" ten="250,250,250,250" oya="0" hai0="105,40,24,22,29,46,99,104,28,0,56,88,52" hai1="126,74,51,65,67,107,78,63,35,108,121,14,86" hai2="132,31,49,27,19,33,116,3,113,36,11,117,23" hai3="100,64,21,42,92,7,60,34,71,68,37,130,10"/><T32/><D0/><U119/><E119/><V48/><F36/><W96/><G34/><T80/><D32/><U66/><E121/><V47/><F113/><W9/><G130/><T101/><D105/><U111/><E107/><V54/><F132/><W26/><G68/><T39/><D29/><U73/><E35/><V102/><F102/><W129/><G129/><T103/><D104/><U127/><E63/><V72/><F72/><W53/><G53/><T112/><D112/><U38/><E38/><V87/><F87/><W41/><G37/><T90/><D99/><U81/><E51/><V25/><F49/><W50/><G50/><T114/><D114/><U120/><E14/><V125/><F125/><N who="1" m="47625" /><E120/><V115/><F115/><W128/><G128/><T118/><D118/><U123/><E123/><V58/><F58/><W131/><G131/><T61/><REACH who="0" step="1"/><D90/><REACH who="0" ten="240,250,250,250" step="2"/><U75/><AGARI ba="0,1" hai="65,66,67,73,74,75,78,81,86,108,111" m="47625" machi="75" ten="40,2700,0" yaku="18,1,52,1" doraHai="76" who="1" fromWho="1" sc="240,-13,250,37,250,-7,250,-7" />
</Scene>
<Scene>
<INIT seed="1,0,0,5,5,64" ten="227,287,243,243" oya="1" hai0="111,17,56,42,44,110,134,119,79,96,21,113,4" hai1="69,107,0,36,67,95,58,114,2,50,131,7,109" hai2="41,32,118,135,122,63,80,132,55,47,78,84,73" hai3="38,10,18,8,102,116,92,52,43,23,103,57,99"/><U22/><E107/><V130/><F122/><W33/><G33/><T1/><D119/><U28/><E36/><V86/><F118/><W88/><G116/><T70/><D113/><U91/><E114/><V104/><F32/><W31/><G31/><T120/><D120/><U100/><E7/><V68/><F104/><W49/><G43/><T81/><D56/><U11/><E11/><N who="3" m="4138" /><G38/><T48/><D96/><U108/><E100/><V125/><F68/><W85/><G99/><T3/><D134/><N who="2" m="51242" /><F63/><W27/><AGARI ba="0,0" hai="18,23,27,49,52,57,85,88,92,102,103" m="4138" machi="27" ten="30,4000,0" yaku="8,1,54,2" doraHai="64" who="3" fromWho="3" sc="227,-10,287,-20,243,-10,243,40" />
</Scene>
<Scene>
<INIT seed="2,0,0,1,1,45" ten="217,267,233,283" oya="2" hai0="76,134,78,62,114,46,57,133,49,18,73,25,112" hai1="129,124,60,91,29,115,40,132,58,42,4,65,122" hai2="37,110,80,8,68,117,17,101,102,86,106,3,118" hai3="7,21,12,125,59,22,90,23,94,10,43,32,41"/><V69/><F37/><W97/><G32/><T100/><D100/><U95/><E115/><V103/><F106/><W82/><G125/><T98/><D98/><U16/><E124/><V77/><F110/><W85/><REACH who="3" step="1"/><G59/><REACH who="3" ten="217,267,233,273" step="2"/><T84/><D112/><U74/><E122/><V31/><F31/><W26/><G26/><T1/><D25/><U47/><E29/><V93/><F118/><W52/><G52/><T87/><D114/><U55/><E129/><V123/><F117/><W126/><G126/><T109/><D57/><U107/><E55/><V108/><F123/><W79/><AGARI ba="0,1" hai="7,10,12,21,22,23,41,43,79,82,85,90,94,97" machi="79" ten="30,7900,0" yaku="1,1,0,1,8,1,53,1" doraHai="45" doraHaiUra="92" who="3" fromWho="3" sc="217,-20,267,-20,233,-39,273,89" />
</Scene>
<Scene>
<INIT seed="3,0,0,5,5,95" ten="197,247,194,362" oya="3" hai0="87,13,17,104,44,46,91,109,30,76,94,89,35" hai1="49,96,63,47,51,56,6,111,16,3,34,43,28" hai2="82,15,113,59,80,114,41,77,11,12,125,134,73" hai3="48,33,90,40,9,79,130,69,4,2,61,127,99"/><W42/><G33/><T128/><D104/><U120/><E120/><V10/><F134/><W132/><G79/><T88/><D109/><U75/><E75/><V65/><F41/><W83/><G132/><T57/><D128/><U78/><E78/><V52/><F125/><W124/><G130/><T129/><D129/><U131/><E131/><V5/><F65/><N who="3" m="41135" /><G48/><T101/><D30/><U92/><E3/><V22/><F22/><W58/><G58/><T1/><D1/><U126/><E6/><V26/><F26/><W117/><G117/><T38/><D35/><U85/><E34/><V60/><REACH who="2" step="1"/><F82/><REACH who="2" ten="197,247,184,362" step="2"/><W14/><G83/><N who="0" m="47591" /><D38/><U81/><E126/><V54/><F54/><W110/><G42/><T37/><D37/><U74/><E43/><V106/><F106/><W103/><G40/><T115/><D115/><U31/><E81/><V86/><F86/><W21/><G124/><T20/><D57/><U67/><E85/><V32/><F32/><W27/><G127/><T36/><D36/><U121/><E74/><V23/><F23/><W116/><G21/><T71/><D71/><U72/><E72/><V68/><F68/><W118/><G118/><T70/><D70/><U45/><E111/><V100/><F100/><W98/><G110/><T39/><D39/><U8/><E31/><V135/><F135/><W50/><G116/><T62/><D101/><N who="1" m="60551" /><E28/><V19/><AGARI ba="0,1" hai="5,10,11,12,15,19,52,59,60,73,77,80,113,114" machi="19" ten="20,5200,0" yaku="1,1,0,1,7,1,54,1,53,0" doraHai="95" doraHaiUra="84" who="2" fromWho="2" sc="197,-13,247,-13,184,62,362,-26" />
</Scene>
<Scene>
<INIT seed="4,0,0,3,4,21" ten="184,234,246,336" oya="0" hai0="6,17,30,108,13,135,57,62,9,43,120,124,96" hai1="36,111,38,35,110,129,107,23,16,10,22,51,113" hai2="54,75,65,126,103,82,20,18,105,101,98,109,66" hai3="8,78,39,85,72,58,89,32,49,53,64,123,91"/><T81/><D120/><U127/><E107/><V24/><F109/><W50/><G39/><T12/><D108/><U117/><E51/><V41/><F41/><W27/><G123/><T19/><D124/><U47/><E35/><V69/><F126/><W61/><G72/><T46/><D135/><U40/><E127/><V0/><F0/><W60/><G8/><T93/><D81/><U73/><E10/><V133/><F133/><W115/><G115/><T131/><D30/><U87/><E87/><V42/><F42/><W5/><G5/><T31/><D31/><U94/><E73/><V14/><F69/><W88/><G32/><T45/><D131/><U2/><E2/><V59/><F101/><W99/><G99/><T28/><D28/><U119/><E94/><V26/><F66/><W104/><G104/><T102/><D13/><U76/><E76/><V68/><F68/><W29/><G78/><T63/><D63/><U106/><E106/><V37/><F37/><W92/><G50/><N who="0" m="26943" /><D46/><U97/><E113/><V80/><F75/><W34/><REACH who="3" step="1"/><G60/><REACH who="3" ten="184,234,246,326" step="2"/><T77/><D77/><U11/><E111/><V67/><F98/><W1/><G1/><T83/><D83/><U121/><E121/><V56/><F105/><W4/><G4/><T74/><D74/><U116/><E97/><V15/><F103/><W71/><AGARI ba="0,1" hai="27,29,34,49,53,58,61,64,71,85,88,89,91,92" machi="71" ten="20,8000,1" yaku="1,1,0,1,7,1,52,1,54,1,53,0" doraHai="21" doraHaiUra="132" who="3" fromWho="3" sc="184,-40,234,-20,246,-20,326,90" />
</Scene>
<Scene>
<INIT seed="5,0,0,2,4,18" ten="144,214,226,416" oya="1" hai0="103,32,75,94,42,65,31,86,28,24,58,46,83" hai1="38,36,89,71,90,2,127,63,5,76,23,110,104" hai2="87,85,35,126,107,119,77,62,80,106,82,33,45" hai3="39,73,8,109,128,98,97,43,99,4,125,40,51"/><U56/><E104/><V17/><F119/><W48/><G73/><T6/><D75/><U102/><E71/><V1/><F1/><W44/><G109/><T111/><D111/><U59/><E110/><V114/><F45/><W21/><G125/><T14/><D31/><U13/><E2/><V67/><F114/><W49/><G128/><T100/><D94/><U29/><E102/><V124/><F17/><W64/><G64/><T129/><D129/><U19/><E38/><V26/><F26/><W78/><G78/><T131/><D131/><U12/><E36/><V108/><F108/><W93/><G43/><T25/><D58/><U41/><E41/><V66/><F62/><W116/><G116/><T88/><D65/><U70/><E70/><V132/><F77/><W120/><G120/><T20/><D25/><U134/><E59/><V60/><F60/><W16/><G4/><T57/><D57/><U121/><E121/><V72/><F72/><W133/><G133/><AGARI ba="0,0" hai="33,35,66,67,80,82,85,87,106,107,124,126,132,133" machi="133" ten="25,1600,0" yaku="22,2" doraHai="18" who="2" fromWho="3" sc="144,0,214,0,226,16,416,-16" />
</Scene>
<Scene>
<INIT seed="6,0,0,1,2,131" ten="144,214,242,400" oya="2" hai0="17,4,19,52,119,126,65,67,124,38,58,90,94" hai1="56,80,40,63,107,61,10,62,32,81,77,55,21" hai2="30,72,96,92,79,99,120,68,20,23,88,22,2" hai3="105,3,42,104,11,103,51,44,125,5,98,12,132"/><V0/><F120/><W46/><G132/><T37/><D119/><U89/><E32/><V48/><F68/><W127/><G104/><T87/><D4/><U130/><E107/><V33/><F30/><W15/><G46/><T29/><D29/><U39/><E39/><V114/><F33/><W133/><G133/><T26/><D38/><U121/><E40/><V100/><F48/><W84/><G84/><T75/><D75/><U113/><E121/><V74/><F114/><W86/><G86/><T117/><D37/><U27/><E113/><V35/><F35/><W108/><G108/><T106/><D106/><U109/><E109/><V45/><F45/><W83/><G83/><T112/><D112/><U85/><E10/><V95/><REACH who="2" step="1"/><F79/><REACH who="2" ten="144,214,232,400" step="2"/><W101/><G51/><N who="0" m="31007" /><D117/><U111/><E111/><V91/><F91/><W135/><G44/><T118/><D118/><U25/><E130/><V116/><F116/><W14/><G135/><T69/><D69/><U82/><E77/><V53/><F53/><W18/><G42/><T59/><D67/><U36/><E36/><V110/><F110/><W34/><G34/><T71/><D71/><U9/><E89/><V57/><F57/><W73/><G101/><T97/><D65/><U54/><E54/><V7/><F7/><W123/><G123/><T16/><D59/><U31/><E55/><V41/><F41/><W28/><G28/><T93/><D124/><N who="3" m="47689" /><G18/><T8/><D126/><U64/><E31/><V1/><AGARI ba="0,1" hai="0,1,2,20,22,23,72,74,88,92,95,96,99,100" machi="1" ten="40,7800,0" yaku="1,1,0,1,54,1,53,0" doraHai="131" doraHaiUra="102" who="2" fromWho="2" sc="144,-26,214,-26,232,88,400,-26" />
</Scene>
<Scene>
<INIT seed="6,1,0,3,0,10" ten="118,188,320,374" oya="2" hai0="23,85,42,54,104,121,18,70,43,127,45,14,0" hai1="130,1,76,77,124,7,92,71,128,119,135,112,110" hai2="111,12,60,53,79,59,48,69,36,24,17,89,97" hai3="68,50,80,133,56,39,64,2,3,123,122,117,99"/><V102/><F36/><W88/><G117/><T30/><D70/><U52/><E92/><V129/><F79/><W109/><G109/><T49/><D104/><U35/><E77/><V75/><F75/><W74/><G39/><T100/><D121/><U93/><E93/><V57/><F111/><W81/><G68/><T55/><D0/><U114/><E76/><V33/><F129/><W103/><G74/><T106/><D127/><U65/><E52/><V25/><F33/><W13/><G2/><T27/><D43/><U20/><E65/><V115/><F115/><W108/><G3/><T38/><D85/><U31/><E71/><V118/><F118/><W66/><G108/><T105/><D100/><U40/><E40/><V22/><F89/><W87/><G81/><T126/><D54/><U73/><E73/><V6/><F6/><W5/><G133/><T4/><D4/><U125/><E35/><V11/><F69/><W101/><G123/><T15/><D126/><N who="1" m="48747" /><E119/><V21/><F21/><W41/><G122/><T44/><REACH who="0" step="1"/><D14/><REACH who="0" ten="108,188,320,374" step="2"/><U96/><E110/><V61/><F48/><W86/><G50/><T26/><D26/><N who="1" m="16839" /><E96/><V62/><F53/><W95/><G101/><T72/><D72/><U134/><E135/><V91/><F102/><W34/><G103/><T107/><D107/><U98/><E98/><V82/><F97/><W8/><G99/><T16/><D16/><U28/><E134/><V83/><F12/><W90/><G41/><T29/><D29/><U37/><E28/><V63/><F17/><W132/><G132/><T19/><D19/><U51/><E128/><RYUUKYOKU ba="1,1" sc="108,30,188,-10,320,-10,374,-10" hai0="15,18,23,27,30,38,42,44,45,49,55,105,106" />
</Scene>
<Scene>
<INIT seed="7,2,1,2,0,98" ten="138,178,310,364" oya="3" hai0="4,118,48,47,36,134,10,100,35,129,60,8,16" hai1="80,116,92,58,23,127,61,122,123,117,87,79,32" hai2="77,72,68,29,50,44,96,56,90,102,45,101,19" hai3="62,95,2,42,65,107,5,85,119,69,25,75,108"/><W126/><G119/><N who="1" m="45642" /><E32/><V89/><F68/><W109/><G75/><T9/><D118/><U38/><E38/><V54/><F29/><W57/><G107/><T97/><D35/><U128/><E127/><V59/><F72/><W78/><G126/><T67/><D36/><U53/><E128/><V49/><F77/><W121/><G121/><N who="1" m="46090" /><E92/><V130/><F130/><W27/><G42/><N who="0" m="24695" /><D129/><U82/><E82/><V12/><F96/><W15/><G2/><T84/><D134/><U106/><E106/><V39/><F39/><W13/><G69/><T113/><D4/><U34/><E34/><V1/><F1/><W99/><G85/><T18/><D113/><U66/><E23/><N who="2" m="11751" /><F59/><W11/><G78/><T111/><D84/><U40/><E40/><V28/><F28/><W24/><G13/><T7/><D111/><N who="3" m="42569" /><G25/><T70/><D70/><U31/><E31/><V41/><F45/><W74/><G74/><T46/><D46/><U26/><E26/><V132/><F132/><W105/><G105/><T124/><D7/><U114/><E114/><V76/><F76/><W64/><G27/><T86/><D124/><U52/><AGARI ba="2,1" hai="52,53,58,61,66,79,80,87" m="46090,45642" machi="52" ten="40,2700,0" yaku="12,1,54,1" doraHai="98" who="1" fromWho="1" sc="138,-9,178,43,310,-9,364,-15" owari="129,-37.0,221,-18.0,301,10.0,349,45.0" />
</Scene>
</mjloggm>