<mjloggm ver="2.3"><GO type="97"/><UN n0="%E3%82%B5%E3%83%BC%E3%82%AD%E3%82%B9" n1="%E2%99%AA%E3%82%A2%E3%83%AB%E3%83%95%E3%82%A9%E3%83%BC%E3%83%88%E2%99%AA" n2="%E5%A4%AA%E3%81%8F%E3%81%AA%E3%81%84%E3%81%8A" n3="%41%61%72%61%61%6D" dan="13,13,14,14" rate="1855,1875,2038,1869" sx="M,F,M,M"/><TAIKYOKU oya="0"/>

<Scene>
<INIT seed="0,0,0,0,3,127" ten="250,250,250,250" oya="0" hai0="4,55,107,100,67,65,8,2,104,34,23,3,11" hai1="53,72,45,19,71,68,96,116,123,92,40,70,88" hai2="86,39,28,106,41,110,76,133,30,134,121,50,63" hai3="21,51,99,82,77,5,6,48,17,26,61,120,91"/><T98/><D34/><U75/><E116/><V105/><F121/><W52/><G120/><T31/><D55/><U36/><E123/><V58/><F39/><W80/><G80/><T79/><D79/><U47/><E19/><V60/><F110/><W64/><G48/><T132/><D132/><N who="2" m="50794" /><F76/><W94/><G64/><T66/><D104/><N who="2" m="40042" /><F86/><N who="3" m="48463" /><G61/><N who="2" m="23625" /><F58/><AGARI ba="0,0" hai="5,6,17,21,26,51,52,58,91,94,99" m="48463" machi="58" ten="30,2000,0" yaku="8,1,54,1" doraHai="127" who="3" fromWho="2" sc="250,0,250,0,250,-20,250,20" />
</Scene>
<Scene>
<INIT seed="1,0,0,3,4,13" ten="250,250,230,270" oya="1" hai0="126,104,49,35,28,18,67,9,120,71,111,41,16" hai1="4,102,100,66,91,63,133,96,125,53,34,10,86" hai2="39,74,27,69,58,29,124,55,6,89,22,14,106" hai3="46,110,61,116,45,26,23,117,3,1,81,52,32"/><U90/><E34/><V103/><F39/><W73/><G32/><T77/><D104/><U43/><E125/><V114/><F69/><W72/><G110/><T88/><D67/><U121/><E121/><V80/><F124/><W5/><G5/><T134/><D71/><U118/><E118/><V54/><F114/><W56/><G46/><N who="0" m="25807" /><D35/><U119/><E119/><N who="3" m="45642" /><G45/><T38/><D126/><U50/><E43/><V65/><F106/><W21/><G81/><T75/><D38/><U64/><E133/><V44/><F103/><N who="1" m="39465" /><E96/><V7/><F44/><W37/><G37/><T79/><D75/><N who="3" m="28745" /><G23/><T85/><D120/><U129/><E63/><N who="2" m="38135" /><F74/><W132/><G132/><T131/><D111/><U15/><E129/><V97/><F80/><W2/><G2/><T36/><D36/><U112/><E112/><V24/><F22/><W84/><G84/><T87/><D134/><U40/><E40/><V31/><F97/><W107/><G107/><T95/><D131/><U76/><E76/><N who="0" m="29257" /><D28/><AGARI ba="0,0" hai="1,3,21,26,28,52,56,61" m="28745,45642" machi="28" ten="30,2000,0" yaku="12,1,54,1" doraHai="13" who="3" fromWho="0" sc="250,-20,250,0,230,0,270,20" />
</Scene>
<Scene>
<INIT seed="2,0,0,4,2,122" ten="230,250,230,290" oya="2" hai0="24,82,105,0,101,59,78,127,85,116,37,73,50" hai1="113,31,100,66,55,14,23,6,128,126,120,25,60" hai2="132,63,99,71,110,56,10,133,46,22,83,70,35" hai3="2,123,87,107,8,38,48,96,29,119,53,27,61"/><V20/><F35/><W36/><G123/><T58/><D37/><U104/><E113/><V15/><F46/><W62/><G119/><T103/><D0/><U131/><E120/><V32/><F32/><W124/><G87/><T5/><D116/><U112/><E126/><V68/><F99/><W44/><G124/><T69/><D69/><U86/><E112/><V76/><F110/><W93/><G107/><T80/><D127/><U77/><E100/><V90/><F90/><W41/><G8/><T111/><D5/><U91/><E104/><V106/><F106/><W75/><G75/><T102/><D105/><U125/><E125/><V92/><F92/><W109/><G2/><T95/><D95/><U130/><E77/><V1/><F1/><W45/><G38/><T42/><D24/><U94/><E55/><N who="2" m="34207" /><F10/><W97/><G96/><T3/><D3/><U16/><E6/><V52/><F15/><W65/><G93/><T72/><D111/><U129/><N who="1" m="33280" /><DORA hai="98" /><U7/><E7/><V54/><F22/><W47/><G109/><T12/><D12/><U134/><E134/><N who="2" m="51819" /><F20/><W21/><G97/><T28/><D28/><U43/><E43/><V81/><F81/><W135/><G44/><N who="0" m="25879" /><D73/><AGARI ba="0,0" hai="52,54,68,70,71,73,76,83" m="51819,34207" machi="73" ten="40,3900,0" yaku="20,1,54,1" doraHai="122,98" who="2" fromWho="0" sc="230,-39,250,0,230,39,290,0" />
</Scene>
<Scene>
<INIT seed="2,1,0,2,4,100" ten="191,250,269,290" oya="2" hai0="70,92,2,35,134,21,94,111,43,23,114,116,121" hai1="46,68,25,63,18,125,120,5,131,89,103,26,133" hai2="87,118,85,128,58,64,39,11,105,36,127,73,53" hai3="96,6,74,90,3,83,81,28,102,124,30,66,61"/><V40/><F118/><W108/><G83/><T7/><D35/><U93/><E125/><V129/><F73/><W29/><G124/><T24/><D70/><U113/><E113/><V57/><F127/><W80/><G108/><T82/><D121/><U12/><E133/><V44/><F11/><W130/><G130/><N who="2" m="50281" /><F105/><W132/><G132/><T50/><D114/><U84/><E120/><V135/><F135/><W55/><G74/><T79/><D116/><U104/><E5/><V37/><F87/><W119/><G119/><T75/><D134/><U14/><E46/><V27/><F85/><W4/><G81/><T101/><D111/><U88/><E89/><V109/><F27/><W71/><G55/><T69/><D69/><U49/><E131/><V60/><F109/><W115/><G3/><T62/><D62/><AGARI ba="1,0" hai="36,37,39,40,44,53,57,58,60,62,64" m="50281" machi="62" ten="30,5800,0" yaku="19,1,34,2" doraHai="100" who="2" fromWho="0" sc="191,-61,250,0,269,61,290,0" />
</Scene>
<Scene>
<INIT seed="2,2,0,1,5,96" ten="130,250,330,290" oya="2" hai0="41,105,114,58,53,111,100,120,125,24,29,129,64" hai1="94,89,115,80,14,19,74,42,123,78,3,59,55" hai2="66,76,109,122,48,107,98,69,6,5,57,20,26" hai3="52,56,73,0,130,4,75,102,133,23,40,77,108"/><V1/><F122/><W43/><G130/><T97/><D120/><U101/><E115/><V22/><F76/><W36/><G133/><T84/><D114/><U35/><E35/><V60/><F109/><W95/><G108/><T68/><D111/><U63/><E3/><V7/><F1/><W79/><G23/><T93/><D125/><U92/><E123/><V121/><F121/><W128/><G128/><T90/><D129/><U88/><E42/><V116/><F116/><W81/><G36/><T45/><D68/><U91/><REACH who="1" step="1"/><E101/><REACH who="1" ten="130,240,330,290" step="2"/><V54/><F26/><W85/><G0/><T33/><D64/><U21/><AGARI ba="2,1" hai="14,19,21,55,59,63,74,78,80,88,89,91,92,94" machi="21" ten="30,7900,0" yaku="1,1,2,1,0,1,54,1,53,0" doraHai="96" doraHaiUra="113" who="1" fromWho="1" sc="130,-22,240,95,330,-41,290,-22" />
</Scene>
<Scene>
<INIT seed="3,0,0,2,4,113" ten="108,335,289,268" oya="3" hai0="52,19,128,26,48,86,93,83,82,41,106,69,88" hai1="44,2,32,34,14,116,117,50,87,46,58,110,11" hai2="127,76,74,111,49,100,103,92,29,35,135,57,96" hai3="28,73,27,64,105,40,132,37,4,72,18,54,129"/><W134/><G105/><T65/><D106/><U89/><E110/><V31/><F111/><W33/><G64/><T60/><D128/><U23/><E2/><V6/><F135/><N who="3" m="51755" /><G129/><T21/><REACH who="0" step="1"/><D41/><REACH who="0" ten="98,335,289,268" step="2"/><N who="1" m="24847" /><E34/><V70/><F35/><W53/><G4/><T78/><D78/><U79/><E32/><V94/><F6/><W85/><G85/><T97/><D97/><U13/><E79/><V17/><F76/><W0/><G0/><T25/><D25/><U80/><E46/><AGARI ba="0,1" hai="19,21,26,46,48,52,60,65,69,82,83,86,88,93" machi="46" ten="30,7700,0" yaku="1,1,7,1,54,2,53,0" doraHai="113" doraHaiUra="109" who="0" fromWho="1" sc="98,87,335,-77,289,0,268,0" />
</Scene>
<Scene>
<INIT seed="4,0,0,2,2,2" ten="185,258,289,268" oya="0" hai0="51,127,50,33,105,60,54,113,61,52,17,34,82" hai1="77,115,18,38,1,123,87,36,107,104,92,120,5" hai2="43,31,26,16,103,29,109,118,130,10,63,58,101" hai3="111,22,99,83,126,20,119,69,32,39,71,21,102"/><T65/><D105/><U135/><E115/><V133/><F109/><W74/><G32/><T114/><D17/><U59/><E135/><V79/><F133/><W84/><G111/><T47/><D82/><U100/><E123/><V108/><F108/><W8/><G74/><T96/><D96/><U93/><E120/><V24/><F130/><W44/><G119/><T121/><D121/><U88/><E107/><V75/><F43/><W49/><G8/><T68/><D127/><U106/><E106/><V73/><F118/><W81/><G39/><T128/><D128/><U95/><E104/><V72/><F79/><W7/><G7/><T41/><D34/><U14/><E38/><V76/><F76/><W46/><G126/><T11/><D11/><N who="1" m="4463" /><E1/><V131/><F131/><W64/><G64/><N who="0" m="40967" /><D33/><U134/><E36/><V45/><F45/><W57/><G71/><N who="0" m="42415" /><D54/><U30/><E30/><V4/><F31/><W112/><G69/><T86/><D86/><N who="1" m="52247" /><E134/><V12/><F4/><W94/><G112/><T3/><D3/><U19/><E100/><V56/><F29/><W37/><G83/><T85/><D85/><U62/><E77/><V40/><F103/><W98/><G99/><T124/><D124/><U89/><E95/><V9/><F101/><W27/><G102/><T53/><D53/><AGARI ba="0,0" hai="18,19,53,59,62,87,89,93" m="52247,4463" machi="53" ten="30,3900,0" yaku="8,1,52,1,54,1" doraHai="2" who="1" fromWho="0" sc="185,-39,258,39,289,0,268,0" />
</Scene>
<Scene>
<INIT seed="5,0,0,4,5,120" ten="146,297,289,268" oya="1" hai0="84,98,2,66,33,78,135,55,67,16,8,74,13" hai1="14,105,108,129,131,18,44,27,96,94,58,109,114" hai2="93,35,10,87,128,50,126,12,103,119,79,1,31" hai3="23,30,57,61,39,51,106,52,28,32,134,40,123"/><U26/><E114/><V89/><F119/><W112/><G106/><T71/><D33/><U46/><E105/><V4/><F128/><N who="1" m="49225" /><E58/><V17/><F126/><W29/><G123/><T111/><D71/><U63/><E63/><V25/><F103/><W70/><G112/><T104/><D111/><N who="1" m="42571" /><E44/><V110/><F110/><W3/><G3/><T99/><D135/><U15/><E46/><V73/><F50/><W7/><G7/><T97/><D104/><U38/><E38/><V0/><F4/><W11/><G11/><T88/><D2/><U127/><E127/><V80/><AGARI ba="0,0" hai="0,1,10,12,17,25,31,35,73,79,80,87,89,93" machi="80" ten="30,1100,0" yaku="0,1" doraHai="120" who="2" fromWho="2" sc="146,-3,297,-5,289,11,268,-3" owari="143,-36.0,292,9.0,300,40.0,265,-13.0" />
</Scene>
</mjloggm>