<mjloggm ver="2.3"><GO type="169"/><UN n0="%E6%AD%A6%E5%A3%AB%E6%B2%A2%E7%A7%80%E8%A1%8C" n1="%E5%A4%AA%E3%81%8F%E3%81%AA%E3%81%84%E3%81%8A" n2="%E5%B8%B8%E5%8B%9D%E7%87%95%E8%BB%8D%E5%9B%A3" n3="%EF%BC%A6%EF%BC%B8%E9%9B%80%E5%A3%AB" dan="16,18,17,17" rate="2147,2167,2157,2121" sx="M,M,M,M"/><TAIKYOKU oya="0"/>

<Scene>
<INIT seed="0,0,0,3,1,52" ten="250,250,250,250" oya="0" hai0="83,26,125,35,135,130,92,114,72,103,106,2,79" hai1="109,55,102,53,120,93,94,34,48,98,117,66,97" hai2="23,110,85,32,75,96,46,57,126,128,78,4,58" hai3="18,31,40,112,10,64,61,89,9,113,0,95,111"/><T50/><D114/><U3/><E120/><V131/><F32/><W17/><G31/><T105/><D2/><U6/><E117/><V51/><F110/><W8/><G111/><T42/><D130/><N who="2" m="49706" /><F126/><W27/><G0/><T38/><D125/><U115/><E34/><V133/><F133/><W36/><G36/><T87/><D135/><U71/><E109/><V69/><F69/><W124/><G40/><T7/><D7/><U30/><E30/><V37/><F37/><W134/><G134/><T16/><D38/><U29/><E29/><V19/><F75/><W91/><G124/><T119/><D119/><U5/><E115/><V44/><F96/><W49/><G112/><T33/><D33/><U122/><E122/><V21/><F46/><W129/><G113/><T20/><D35/><U22/><E22/><N who="2" m="8203" /><F19/><W43/><G18/><T84/><D72/><U116/><E116/><V74/><F74/><W77/><G17/><T41/><D87/><U39/><E39/><V62/><F62/><W68/><G68/><T132/><D132/><U45/><E3/><V118/><F4/><W56/><G27/><T73/><D73/><U88/><E5/><V82/><F118/><W76/><G129/><T67/><D26/><U12/><E6/><V24/><F24/><W63/><G61/><T15/><D20/><U86/><E98/><V104/><F104/><W59/><G43/><AGARI ba="0,0" hai="43,44,51,57,58,78,82,85" m="8203,49706" machi="43" ten="30,3900,0" yaku="19,1,52,2" doraHai="52" who="2" fromWho="3" sc="250,0,250,0,250,39,250,-39" />
</Scene>
<Scene>
<INIT seed="1,0,0,4,4,121" ten="250,250,289,211" oya="1" hai0="97,117,95,54,93,9,58,10,4,8,135,84,77" hai1="63,15,113,112,71,75,5,87,46,38,133,102,23" hai2="85,122,96,116,0,78,11,129,74,30,100,70,12" hai3="17,65,59,24,92,28,72,25,107,43,79,109,128"/><U55/><E75/><V134/><F116/><W118/><G107/><T14/><D117/><U51/><E133/><V132/><F122/><W53/><G43/><T127/><D135/><N who="2" m="51754" /><F70/><W98/><G65/><T104/><D127/><U40/><E102/><V120/><F120/><W21/><G118/><T80/><D104/><U34/><E34/><V62/><F30/><W6/><G6/><T86/><D86/><U66/><E87/><V47/><F62/><W37/><G37/><T67/><D67/><U32/><E32/><V103/><F129/><W50/><G128/><T124/><D124/><U27/><E15/><V45/><F0/><W3/><G3/><T49/><REACH who="0" step="1"/><D93/><REACH who="0" ten="240,250,289,211" step="2"/><U61/><E112/><V64/><F64/><W131/><G131/><T101/><AGARI ba="0,1" hai="4,8,9,10,14,49,54,58,77,80,84,95,97,101" machi="101" ten="20,8000,1" yaku="1,1,2,1,0,1,7,1,8,1,53,0" doraHai="121" doraHaiUra="42" who="0" fromWho="0" sc="240,90,250,-40,289,-20,211,-20" />
</Scene>
<Scene>
<INIT seed="2,0,0,3,1,71" ten="330,210,269,191" oya="2" hai0="126,94,92,96,82,97,42,20,2,69,105,56,119" hai1="62,38,106,24,16,1,46,123,135,53,13,130,95" hai2="25,68,114,43,14,47,81,19,8,67,121,102,40" hai3="125,107,76,35,64,21,12,11,27,41,120,30,73"/><V72/><F114/><W65/><G120/><T93/><D69/><U58/><E106/><V52/><F121/><W51/><G107/><T45/><D119/><U124/><E123/><V75/><F102/><W18/><G125/><T113/><D113/><U49/><E1/><V17/><F68/><W109/><G109/><T0/><D126/><U86/><E124/><V28/><F67/><W63/><G73/><T10/><D20/><U115/><E115/><V134/><F19/><W50/><G76/><T32/><D32/><U31/><E135/><V79/><F134/><W61/><G61/><T55/><D82/><U54/><E130/><V23/><REACH who="2" step="1"/><F75/><REACH who="2" ten="330,210,259,191" step="2"/><W34/><G64/><T48/><D105/><U116/><E116/><V15/><F15/><W36/><G65/><T74/><D74/><U122/><E122/><V99/><F99/><W108/><G18/><T66/><D66/><U110/><E13/><V3/><F3/><W98/><G12/><T129/><D0/><U5/><E16/><V6/><F6/><W4/><G98/><T9/><D2/><U83/><E5/><V37/><F37/><W26/><G4/><T33/><D97/><U57/><E38/><V117/><F117/><W111/><G36/><T44/><D96/><U59/><E110/><V29/><F29/><W80/><G111/><T22/><D22/><U112/><E112/><V91/><F91/><W89/><G30/><T101/><D101/><U60/><E31/><V77/><F77/><W78/><G108/><T90/><D90/><U133/><E133/><V103/><F103/><W88/><G21/><RYUUKYOKU ba="0,1" sc="330,-10,210,-10,259,30,191,-10" hai2="8,14,17,23,25,28,40,43,47,52,72,79,81" />
</Scene>
<Scene>
<INIT seed="2,1,1,4,0,17" ten="320,200,289,181" oya="2" hai0="105,15,18,82,131,28,77,74,7,55,32,3,97" hai1="128,39,70,123,2,111,4,96,53,86,85,64,24" hai2="11,109,13,16,127,33,26,100,80,106,78,51,1" hai3="14,119,50,63,125,31,44,5,98,65,116,35,62"/><V9/><F127/><W23/><G125/><T38/><D131/><U115/><E115/><V25/><F109/><W121/><G121/><T49/><D38/><U68/><E39/><V81/><F106/><W21/><G35/><T47/><D3/><U135/><E2/><V10/><F100/><W69/><G31/><T67/><D7/><U0/><E0/><V72/><F81/><W133/><G133/><T37/><D37/><U89/><E4/><V27/><F1/><W92/><G62/><T19/><D67/><U120/><E128/><V79/><F79/><W52/><G5/><T36/><D36/><U8/><E8/><V29/><REACH who="2" step="1"/><F51/><REACH who="2" ten="320,200,279,181" step="2"/><W66/><G119/><T118/><D118/><U93/><E111/><V71/><F71/><W108/><G108/><T56/><D105/><U12/><E68/><V104/><F104/><W107/><G107/><T101/><D101/><U30/><E123/><V87/><F87/><W102/><G116/><T132/><D97/><U22/><E120/><V114/><F114/><W46/><G69/><T99/><D99/><U103/><E103/><V41/><F41/><W73/><G73/><T42/><D42/><U61/><E135/><V134/><F134/><W130/><G130/><T58/><D132/><U45/><E86/><V88/><F88/><W124/><G124/><T126/><D126/><U59/><E85/><V84/><F84/><W90/><G102/><T91/><D91/><U6/><E70/><V76/><F76/><W112/><G112/><T94/><D77/><U117/><E117/><V54/><F54/><N who="3" m="30023" /><G90/><T75/><D55/><RYUUKYOKU ba="1,2" sc="320,-10,200,-10,279,30,181,-10" hai2="9,10,11,13,16,25,26,27,29,33,72,78,80" />
</Scene>
<Scene>
<INIT seed="2,2,2,4,0,28" ten="310,190,309,171" oya="2" hai0="38,19,10,102,107,14,45,3,115,86,4,90,84" hai1="79,13,89,39,96,62,21,118,24,85,48,131,99" hai2="56,61,0,47,104,6,17,76,121,98,122,126,55" hai3="133,135,33,78,92,100,109,134,94,63,114,125,11"/><V2/><F126/><W73/><G125/><T127/><D127/><U106/><E39/><V119/><F119/><W58/><G109/><T26/><D115/><U52/><E118/><V53/><F76/><W32/><G114/><T41/><D26/><U7/><E131/><V18/><F104/><W91/><G11/><T88/><D107/><U46/><E79/><V5/><F98/><N who="3" m="59463" /><G73/><T97/><D102/><U12/><E62/><V60/><REACH who="2" step="1"/><F56/><REACH who="2" ten="310,190,299,171" step="2"/><W108/><G78/><T37/><D97/><U123/><E106/><V35/><F35/><W113/><G113/><T77/><D77/><U71/><E96/><V110/><F110/><W105/><G105/><T36/><D86/><U42/><E99/><V25/><F25/><W129/><G108/><T111/><D111/><U74/><E24/><V44/><AGARI ba="2,3" hai="0,2,5,6,17,18,44,47,53,55,60,61,121,122" machi="44" ten="25,18000,2" yaku="1,1,0,1,22,2,53,2" doraHai="28" doraHaiUra="40" who="2" fromWho="2" sc="310,-62,190,-62,299,216,171,-62" />
</Scene>
<Scene>
<INIT seed="2,3,0,1,2,23" ten="248,128,515,109" oya="2" hai0="87,30,9,102,104,86,113,91,111,51,60,118,96" hai1="72,42,107,63,108,0,98,85,5,4,52,94,112" hai2="88,134,39,121,66,125,97,26,64,32,61,50,34" hai3="57,117,47,56,8,44,41,29,78,127,69,89,71"/><V67/><F121/><W25/><G117/><T68/><D113/><U73/><E112/><V62/><F39/><W14/><G78/><T59/><D118/><U82/><E108/><V76/><F134/><W46/><G127/><T28/><D111/><U40/><E107/><V122/><F125/><W126/><G126/><T124/><D124/><U45/><E0/><V74/><F122/><W93/><G41/><N who="1" m="15978" /><E73/><V22/><F50/><W130/><G130/><T120/><D120/><U35/><E35/><V24/><F74/><W79/><G79/><T84/><D68/><U99/><E72/><V105/><F76/><W75/><G75/><T114/><D114/><U31/><E31/><V27/><F22/><N who="3" m="15543" /><G69/><T132/><D51/><N who="1" m="28783" /><E63/><V70/><F67/><W17/><G71/><T119/><D119/><U19/><E19/><V116/><F116/><W53/><G53/><T54/><D132/><U65/><E65/><V110/><F110/><W18/><G17/><T80/><D30/><U10/><E10/><V33/><F105/><W103/><G103/><T95/><D28/><U12/><E12/><V3/><F3/><W11/><G8/><T49/><D49/><U48/><E48/><V77/><F66/><W38/><G38/><T123/><D123/><U37/><E37/><V101/><F62/><W106/><G106/><T131/><D131/><U20/><E20/><V7/><F34/><W83/><G57/><T6/><REACH who="0" step="1"/><D104/><REACH who="0" ten="238,128,515,109" step="2"/><U15/><E5/><V2/><F7/><W129/><G129/><T58/><D58/><U43/><N who="1" m="15986" /><U1/><DORA hai="109" /><E4/><V135/><F70/><RYUUKYOKU ba="3,1" sc="238,30,128,-10,515,-10,109,-10" hai0="6,9,54,59,60,80,84,86,87,91,95,96,102" />
</Scene>
<Scene>
<INIT seed="3,4,1,0,4,55" ten="268,118,505,99" oya="3" hai0="82,123,57,132,119,51,32,84,83,76,127,93,47" hai1="67,33,78,45,21,25,103,101,113,92,115,118,27" hai2="124,88,109,44,135,62,65,133,68,106,40,38,95" hai3="60,59,134,16,31,42,15,50,23,129,35,26,105"/><W28/><G105/><T71/><D71/><U121/><E121/><V70/><F106/><W52/><G129/><T73/><D123/><U13/><E118/><V79/><F109/><W80/><G134/><N who="2" m="51209" /><F79/><W58/><G80/><T126/><D132/><U54/><E13/><V19/><F19/><N who="3" m="12671" /><G35/><T56/><D32/><U81/><E67/><V36/><F124/><N who="0" m="47658" /><D93/><U43/><E54/><V111/><F111/><W91/><G91/><N who="0" m="51607" /><D119/><U49/><E33/><V86/><F70/><W72/><G72/><T85/><D73/><U14/><E14/><V63/><F62/><W11/><G42/><AGARI ba="4,1" hai="42,47,51,56,57,76,83,85" m="51607,47658" machi="42" ten="30,3900,0" yaku="18,1,52,2" doraHai="55" who="0" fromWho="3" sc="268,61,118,0,505,0,99,-51" />
</Scene>
<Scene>
<INIT seed="4,0,0,1,2,2" ten="329,118,505,48" oya="0" hai0="69,7,100,103,63,43,59,36,39,64,80,86,45" hai1="57,31,127,135,26,119,97,96,51,44,123,106,89" hai2="112,126,107,13,68,29,95,56,124,33,88,32,79" hai3="114,110,73,132,28,101,115,109,12,23,91,93,77"/><T11/><D39/><U120/><E119/><V5/><F68/><W72/><G28/><T58/><D58/><U46/><E135/><V10/><F107/><W24/><G24/><T75/><D69/><U62/><E127/><N who="2" m="48683" /><F112/><N who="3" m="43051" /><G23/><T82/><D82/><U70/><E70/><V6/><F79/><W85/><G12/><T27/><D27/><U131/><E131/><V104/><F104/><W37/><G37/><T65/><D65/><U117/><E117/><V49/><F29/><W102/><G132/><T19/><D19/><U14/><E14/><V87/><F5/><W129/><G129/><T111/><D111/><N who="3" m="42505" /><G77/><T133/><D133/><U92/><E106/><V42/><F42/><W121/><G121/><T35/><D35/><U60/><E123/><V76/><F76/><W1/><G1/><T128/><D128/><U125/><E120/><V134/><F134/><W40/><G40/><T61/><D61/><U90/><E125/><V0/><F0/><W113/><N who="3" m="43059" /><W116/><DORA hai="20" /><G116/><T9/><D9/><U78/><E78/><V55/><AGARI ba="0,0" hai="6,10,13,32,33,49,55,56,87,88,95" m="48683" machi="55" ten="30,4000,0" yaku="18,1,52,1,54,1" doraHai="2,20" who="2" fromWho="2" sc="329,-20,118,-10,505,40,48,-10" />
</Scene>
<Scene>
<INIT seed="5,0,0,2,3,59" ten="309,108,545,38" oya="1" hai0="45,41,46,116,86,21,124,20,24,98,53,75,55" hai1="122,37,5,76,62,23,63,3,57,70,13,48,74" hai2="2,27,88,129,18,36,101,7,133,127,126,19,72" hai3="96,90,109,99,114,123,87,112,47,66,81,111,84"/><U51/><E122/><V95/><F133/><W25/><G25/><T65/><D75/><U120/><E120/><V32/><F72/><W60/><G123/><T119/><D124/><N who="2" m="47658" /><F36/><W30/><G30/><T118/><D98/><N who="3" m="37417" /><G47/><T11/><D11/><N who="1" m="4335" /><E3/><V16/><F101/><W107/><G107/><T92/><D65/><U102/><E70/><V91/><F129/><W35/><G35/><T10/><D10/><U128/><E37/><V9/><F95/><N who="3" m="54727" /><G66/><T97/><D116/><U80/><E102/><V131/><F131/><W6/><G6/><T43/><D118/><U115/><E74/><V64/><F64/><W52/><G52/><T134/><D119/><U34/><E34/><V42/><F42/><W50/><G50/><T69/><D41/><U71/><E128/><V0/><F2/><W39/><G39/><T15/><D43/><U117/><E117/><V125/><F125/><W110/><G60/><N who="1" m="23082" /><E71/><V17/><F32/><W8/><G8/><T33/><D69/><U14/><E57/><V108/><F9/><W94/><G94/><T105/><D33/><U40/><E40/><V68/><F0/><W56/><G56/><T44/><D105/><U61/><E61/><V93/><F68/><W79/><AGARI ba="0,0" hai="79,81,87,109,110,111,112,114" m="54727,37417" machi="79" ten="40,2700,0" yaku="34,2" doraHai="59" who="3" fromWho="3" sc="309,-7,108,-13,545,-7,38,27" />
</Scene>
<Scene>
<INIT seed="6,0,0,0,4,97" ten="302,95,538,65" oya="2" hai0="100,85,109,32,5,19,119,93,23,65,47,80,111" hai1="38,86,58,50,39,112,21,103,132,27,130,82,121" hai2="104,68,25,71,113,62,77,34,35,31,11,29,54" hai3="24,28,125,91,72,36,120,14,22,3,123,45,102"/><V40/><F113/><W30/><G3/><T129/><D32/><U69/><E69/><V90/><F40/><W83/><G125/><T94/><D119/><U16/><E112/><V99/><F77/><W10/><G30/><T53/><D129/><U26/><E130/><V41/><F41/><W105/><G36/><T4/><D65/><U8/><E132/><V84/><F11/><W106/><G45/><T124/><D124/><U110/><E110/><V43/><F43/><W51/><G51/><N who="0" m="28927" /><D109/><U131/><E131/><V135/><F135/><W64/><G64/><T46/><D46/><U12/><E121/><V96/><F96/><W56/><G56/><T115/><D115/><U57/><E27/><V117/><F117/><W116/><G116/><T79/><D111/><U52/><E103/><V134/><F134/><W128/><G128/><T49/><D49/><U133/><E133/><V127/><F127/><W7/><G102/><T42/><D42/><U107/><E107/><V73/><F73/><W74/><G74/><T88/><D100/><U92/><E92/><N who="0" m="35433" /><D79/><U44/><E39/><V78/><F78/><W60/><G60/><T75/><D75/><U76/><E38/><V67/><F71/><W126/><G126/><T15/><AGARI ba="0,0" hai="4,5,15,19,23,80,85,88" m="35433,28927" machi="15" ten="30,2000,0" yaku="8,1,54,1" doraHai="97" who="0" fromWho="0" sc="302,20,95,-5,538,-10,65,-5" />
</Scene>
<Scene>
<INIT seed="7,0,0,1,2,41" ten="322,90,528,60" oya="3" hai0="47,10,101,115,38,1,110,127,36,37,2,72,124" hai1="32,3,92,87,74,42,122,4,76,95,51,52,86" hai2="132,7,84,16,39,102,107,12,114,60,128,68,78" hai3="129,93,117,50,120,66,69,26,15,21,20,57,90"/><W31/><G117/><T130/><D101/><U98/><E122/><V73/><F7/><W62/><G120/><T9/><D110/><U109/><E32/><V17/><F17/><W71/><G129/><T116/><D130/><U123/><E123/><V54/><F78/><W82/><G82/><T55/><D116/><U18/><E109/><V19/><F19/><W70/><G15/><T65/><D65/><U27/><E42/><V40/><F16/><W121/><G121/><T28/><D28/><U119/><E119/><V5/><F12/><W34/><REACH who="3" step="1"/><G50/><REACH who="3" ten="322,90,528,50" step="2"/><N who="0" m="29151" /><D72/><U91/><E74/><V30/><F128/><W53/><G53/><T14/><D14/><U106/><E3/><V89/><F54/><W134/><G134/><T103/><D1/><U13/><E4/><V44/><F132/><W33/><G33/><T45/><D2/><U105/><E27/><V113/><F5/><W67/><G67/><T112/><D38/><U58/><E76/><V83/><F73/><W75/><G75/><T118/><D37/><U46/><E46/><V97/><F44/><W131/><G131/><T88/><D118/><U133/><E133/><V104/><F39/><W99/><AGARI ba="0,1" hai="20,21,26,31,34,57,62,66,69,70,71,90,93,99" machi="99" ten="30,3000,0" yaku="1,1,0,1,53,0" doraHai="41" doraHaiUra="77" who="3" fromWho="3" sc="322,-10,90,-10,528,-10,50,40" />
</Scene>
<Scene>
<INIT seed="7,1,0,4,5,116" ten="312,80,518,90" oya="3" hai0="41,81,54,85,75,65,14,56,9,89,134,86,67" hai1="19,20,11,87,23,17,18,111,88,69,128,74,122" hai2="131,1,98,93,84,46,66,37,127,121,118,126,32" hai3="36,38,70,120,112,101,30,28,47,0,6,24,52"/><W10/><G120/><T63/><D134/><U5/><E111/><V115/><F121/><W26/><G70/><T124/><D124/><N who="2" m="47658" /><F118/><W73/><G73/><T125/><D125/><U90/><E122/><V62/><F32/><W91/><G101/><T68/><D75/><U2/><E74/><V45/><F115/><W79/><G79/><T80/><D41/><U100/><E69/><V109/><F131/><W110/><G112/><T77/><REACH who="0" step="1"/><D68/><REACH who="0" ten="302,80,518,90" step="2"/><U119/><E119/><V103/><F109/><W123/><G110/><T60/><D60/><U16/><E128/><V7/><F37/><W82/><G123/><T105/><D105/><U102/><E20/><V53/><F66/><W83/><G36/><T25/><D25/><U107/><E107/><V59/><F84/><W12/><G38/><T3/><D3/><U133/><E133/><V22/><F22/><W29/><G0/><T99/><D99/><U71/><E71/><V72/><F72/><W4/><G26/><T42/><D42/><U97/><E97/><V76/><F1/><W129/><G24/><T57/><D57/><U51/><E51/><V106/><F59/><W33/><G129/><T132/><D132/><U113/><E113/><V49/><F98/><W95/><G33/><T92/><D92/><U64/><E87/><V104/><F93/><W43/><G43/><T13/><D13/><N who="1" m="9615" /><E64/><V40/><F40/><W135/><G135/><T114/><D114/><U96/><E96/><V130/><F106/><W35/><G35/><T78/><D78/><U27/><E27/><V108/><F130/><W39/><G95/><RYUUKYOKU ba="1,1" sc="302,15,80,15,518,-15,90,-15" hai0="9,14,54,56,63,65,67,77,80,81,85,86,89" hai1="2,5,11,17,18,19,88,90,100,102" owari="317,12.0,95,-30.0,513,60.0,75,-42.0" />
</Scene>
</mjloggm>