<mjloggm ver="2.3"><GO type="97"/><UN n0="%65%74%61%6B%61%32%34" n1="%E3%82%88%E3%83%BC%E3%81%A1%E3%82%83%E3%82%93" n2="%E5%A4%AA%E3%81%8F%E3%81%AA%E3%81%84%E3%81%8A" n3="%E7%A6%8F%E5%B3%B6%E3%81%9D%E3%81%B0" dan="13,14,13,15" rate="1844,1935,2005,1914" sx="M,M,M,M"/><TAIKYOKU oya="0"/>

<Scene>
<INIT seed="0,0,0,3,4,15" ten="250,250,250,250" oya="0" hai0="55,135,89,80,123,20,67,44,60,113,76,8,9" hai1="69,83,117,50,119,56,125,68,72,94,132,131,84" hai2="42,114,127,53,35,0,37,45,106,12,32,105,1" hai3="70,103,64,122,54,33,48,40,95,71,101,30,98"/><T52/><D123/><U112/><E131/><V27/><F53/><W2/><G2/><N who="2" m="1129" /><F12/><W38/><G122/><T130/><D113/><U87/><E132/><V129/><F114/><W128/><G128/><T96/><D130/><U91/><E125/><V75/><F129/><W92/><G40/><T28/><D135/><U16/><E112/><V24/><F24/><W74/><G38/><T5/><D9/><U90/><E72/><V77/><F127/><W41/><G74/><T49/><D55/><U93/><E69/><V81/><F27/><W47/><G30/><T22/><D28/><U21/><E68/><V102/><F102/><W133/><G33/><AGARI ba="0,0" hai="32,33,35,37,42,45,75,77,81,105,106" m="1129" machi="33" ten="30,2000,0" yaku="33,2" doraHai="15" who="2" fromWho="3" sc="250,0,250,0,250,20,250,-20" />
</Scene>
<Scene>
<INIT seed="1,0,0,1,2,127" ten="250,250,270,230" oya="1" hai0="108,10,118,54,35,63,24,20,68,33,1,109,103" hai1="59,72,96,66,73,67,128,31,12,98,57,6,49" hai2="58,104,41,76,75,132,55,32,4,14,93,26,129" hai3="121,42,123,50,5,15,107,22,102,56,99,97,21"/><U64/><E31/><V110/><F104/><W69/><G69/><T112/><D103/><U37/><E37/><V29/><F41/><W53/><G42/><T45/><D68/><U106/><E106/><V94/><F75/><N who="1" m="28745" /><E49/><V52/><F76/><W91/><G21/><T27/><D45/><U44/><E6/><V36/><F36/><W17/><G5/><N who="0" m="1327" /><D63/><U25/><E44/><V16/><F4/><W18/><G18/><N who="0" m="12311" /><D54/><U111/><E25/><V134/><F93/><W120/><G121/><T101/><D101/><U43/><E12/><V131/><F94/><W82/><G97/><N who="1" m="37482" /><E43/><V85/><F85/><W2/><G2/><T86/><D86/><U3/><E3/><V23/><F55/><W80/><G82/><T95/><D95/><U126/><E126/><V71/><F71/><W114/><G80/><T115/><D118/><U84/><E84/><V62/><F110/><N who="0" m="42602" /><D27/><U135/><E111/><V46/><F46/><W77/><G56/><N who="1" m="21578" /><E135/><AGARI ba="0,0" hai="14,16,23,26,29,32,52,58,62,129,131,132,134,135" machi="135" ten="40,8000,1" yaku="20,1,52,2,54,2" doraHai="127" who="2" fromWho="1" sc="250,0,250,-80,270,80,230,0" />
</Scene>
<Scene>
<INIT seed="2,0,0,4,5,79" ten="250,170,350,230" oya="2" hai0="19,108,102,16,100,56,55,92,66,36,83,115,57" hai1="21,128,130,103,85,22,76,12,95,33,73,94,35" hai2="17,23,7,46,110,62,120,34,121,98,27,10,3" hai3="43,106,96,124,118,63,93,29,99,6,78,28,14"/><V49/><F110/><W86/><G118/><T126/><D115/><U82/><E73/><V2/><F2/><W40/><G124/><T4/><D36/><U44/><E44/><V1/><F1/><W67/><G106/><T59/><D108/><U47/><E47/><V97/><F62/><W51/><G99/><T60/><D126/><U52/><E12/><V20/><F34/><W65/><G65/><T111/><D111/><U38/><E38/><V74/><F74/><W72/><G72/><T129/><D129/><U70/><E70/><V114/><F114/><W122/><G122/><T88/><D4/><U87/><E103/><N who="0" m="39465" /><D57/><U58/><E35/><V80/><F97/><W64/><G96/><N who="0" m="57351" /><D83/><N who="1" m="47335" /><E33/><V25/><F98/><W131/><G131/><N who="1" m="50218" /><E21/><V0/><F0/><W117/><G67/><T107/><D107/><U133/><E22/><V48/><F120/><W89/><G64/><T90/><D90/><N who="1" m="51575" /><E133/><V69/><F69/><W11/><G40/><T50/><AGARI ba="0,0" hai="16,19,50,55,56,59,60,66" m="57351,39465" machi="50" ten="30,4000,0" yaku="8,1,54,2" doraHai="79" who="0" fromWho="0" sc="250,40,170,-10,350,-20,230,-10" />
</Scene>
<Scene>
<INIT seed="3,0,0,2,2,71" ten="290,160,330,220" oya="3" hai0="0,117,118,115,67,126,121,85,10,47,25,37,41" hai1="74,128,80,132,79,51,16,21,97,112,119,93,55" hai2="54,23,66,105,95,69,8,92,22,134,46,116,131" hai3="53,15,32,56,59,29,58,86,18,125,28,1,9"/><W123/><G32/><T102/><D121/><U43/><E119/><V4/><F116/><W76/><G123/><T65/><D126/><U114/><E128/><V75/><F75/><W91/><G125/><T101/><D115/><U107/><E132/><V3/><F105/><W35/><G35/><T88/><D101/><U34/><E107/><V42/><F131/><W111/><G111/><T20/><D102/><U17/><E34/><V108/><F108/><W94/><G1/><T77/><D77/><U72/><E72/><V133/><F54/><W30/><REACH who="3" step="1"/><G76/><REACH who="3" ten="290,160,330,210" step="2"/><T26/><D118/><U38/><E114/><V14/><F3/><W122/><G122/><T48/><D117/><U106/><E112/><V40/><F134/><W98/><G98/><T62/><D0/><U99/><E99/><V6/><F133/><W68/><G68/><T60/><D10/><U89/><E106/><V78/><F78/><W64/><G64/><T19/><D67/><U12/><E21/><V87/><F66/><W100/><G100/><T5/><D5/><U31/><E12/><V109/><F109/><W70/><G70/><T27/><D65/><U50/><E31/><V52/><F69/><W129/><G129/><T83/><REACH who="0" step="1"/><D48/><AGARI ba="0,1" hai="9,15,18,28,29,30,48,53,56,58,59,86,91,94" machi="48" ten="40,3900,0" yaku="1,1,8,1,53,0" doraHai="71" doraHaiUra="61" who="3" fromWho="0" sc="290,-39,160,0,330,0,210,49" />
</Scene>
<Scene>
<INIT seed="3,1,0,5,5,114" ten="251,160,330,259" oya="3" hai0="94,125,116,85,132,74,70,129,72,61,19,40,121" hai1="0,1,120,59,51,112,113,71,126,41,73,69,89" hai2="123,131,18,60,109,25,68,56,37,96,98,92,80" hai3="95,78,9,58,79,33,128,83,84,134,57,63,55"/><W130/><G33/><T39/><D121/><U45/><E73/><V106/><F37/><W115/><G115/><N who="1" m="44106" /><E89/><V27/><F68/><N who="1" m="26185" /><E0/><V122/><F109/><W8/><G134/><T28/><D125/><U12/><E12/><V88/><F131/><N who="3" m="50219" /><G95/><T99/><D129/><U21/><E21/><N who="2" m="13495" /><F27/><W133/><G133/><T7/><D132/><U3/><E3/><V86/><F80/><N who="3" m="47127" /><G58/><T31/><D7/><U53/><E1/><V87/><F106/><W14/><G14/><T119/><D74/><AGARI ba="1,0" hai="8,9,55,57,63,74,79,83" m="47127,50219" machi="74" ten="30,1500,0" yaku="19,1" doraHai="114" who="3" fromWho="0" sc="251,-18,160,0,330,0,259,18" />
</Scene>
<Scene>
<INIT seed="3,2,0,1,5,114" ten="233,160,330,277" oya="3" hai0="129,79,92,72,93,68,77,116,52,73,12,90,58" hai1="80,40,130,24,112,47,60,78,20,131,4,23,117" hai2="63,113,14,28,22,3,108,36,74,8,56,94,39" hai3="127,48,66,126,125,49,6,124,15,38,115,13,62"/><W33/><G124/><T91/><D68/><U17/><E112/><V97/><F113/><W0/><G115/><T16/><D129/><U53/><E4/><V46/><F74/><W96/><G38/><T26/><D73/><U81/><E60/><V123/><F3/><W70/><G33/><T121/><D121/><U57/><E57/><V103/><F123/><W69/><G96/><T98/><D72/><U85/><E80/><V32/><F32/><W45/><G70/><T118/><D79/><U102/><E102/><V122/><F122/><W120/><G120/><T61/><D77/><U29/><E53/><V75/><F75/><W37/><G37/><T9/><REACH who="0" step="1"/><D26/><REACH who="0" ten="223,160,330,277" step="2"/><U132/><E132/><V31/><F108/><W133/><G133/><T30/><D30/><U34/><E20/><V21/><F31/><W7/><G49/><T134/><D134/><U42/><E131/><V86/><F36/><W109/><G109/><T18/><D18/><U25/><E130/><V1/><F28/><W71/><G71/><T10/><D10/><U54/><REACH who="1" step="1"/><E117/><REACH who="1" ten="223,150,330,277" step="2"/><V35/><F21/><W84/><G7/><T100/><D100/><U2/><E2/><V43/><F22/><W11/><G0/><T119/><D119/><U87/><E87/><AGARI ba="2,2" hai="9,12,16,52,58,61,87,90,91,92,93,98,116,118" machi="87" ten="30,12000,2" yaku="1,1,7,1,52,2,54,2,53,0" doraHai="114" doraHaiUra="64" who="0" fromWho="1" sc="223,146,150,-126,330,0,277,0" owari="369,47.0,24,-48.0,330,13.0,277,-12.0" />
</Scene>
</mjloggm>