<mjloggm ver="2.3"><GO type="169"/><UN n0="%E6%B8%B8%E9%80%81" n1="%4D%61%72%6C%69%6E" n2="%E5%A4%AA%E3%81%8F%E3%81%AA%E3%81%84%E3%81%8A" n3="%E6%A1%9C%E8%8A%B1%E9%96%83%E3%80%85" dan="17,17,18,18" rate="2176,2137,2191,2188" sx="F,M,M,M"/><TAIKYOKU oya="0"/>

<Scene>
<INIT seed="0,0,0,0,0,19" ten="250,250,250,250" oya="0" hai0="109,60,7,115,41,8,67,74,68,100,38,29,65" hai1="16,25,31,72,0,129,63,69,103,36,83,73,47" hai2="53,87,119,54,84,85,81,43,128,86,26,51,37" hai3="39,23,94,52,1,50,116,92,5,98,15,46,113"/><T27/><D115/><U66/><E129/><V89/><F128/><W95/><G113/><T118/><D118/><U91/><E0/><V75/><F119/><W24/><G116/><T56/><D74/><U10/><E103/><V48/><F75/><W34/><G1/><T57/><D67/><U126/><E126/><V35/><F37/><W61/><G39/><T11/><D11/><U40/><E83/><V55/><F43/><W77/><G77/><T97/><D109/><U4/><E91/><V17/><REACH who="2" step="1"/><F35/><REACH who="2" ten="250,250,240,250" step="2"/><W18/><G34/><N who="0" m="20799" /><D41/><U30/><E40/><V71/><F71/><W93/><G61/><T124/><D38/><U105/><E63/><V28/><F28/><W70/><G70/><T135/><D124/><U90/><E36/><V99/><F99/><W120/><G120/><T121/><D121/><U80/><E69/><V102/><F102/><N who="3" m="60743" /><G5/><T58/><D7/><U6/><E4/><V12/><F12/><AGARI ba="0,1" hai="12,15,18,23,24,46,50,52,93,94,95" m="60743" machi="12" ten="30,3900,0" yaku="8,1,52,1,54,1" doraHai="19" who="3" fromWho="2" sc="250,0,250,0,240,-39,250,49" />
</Scene>
<Scene>
<INIT seed="1,0,0,0,5,13" ten="250,250,201,299" oya="1" hai0="59,3,55,78,44,70,42,95,77,19,47,121,31" hai1="107,115,18,66,61,132,99,28,32,48,50,65,2" hai2="22,4,71,124,20,94,43,67,23,35,16,109,81" hai3="100,128,104,106,39,25,6,33,135,105,108,96,64"/><U76/><E115/><V80/><F35/><W40/><G108/><T93/><D3/><U11/><E132/><V52/><F109/><W84/><G135/><T54/><D70/><N who="1" m="42287" /><E66/><V29/><F43/><W58/><G128/><T117/><D117/><U63/><E63/><V57/><F4/><W89/><G6/><T134/><D134/><U118/><E76/><N who="0" m="29289" /><D31/><U91/><E91/><V129/><F129/><W1/><G1/><T114/><D114/><U131/><E131/><V30/><F71/><W103/><G64/><T9/><D42/><U119/><E50/><N who="2" m="30871" /><F67/><W83/><G58/><T113/><D113/><U56/><E56/><V111/><F111/><W15/><G100/><T51/><D121/><U85/><E48/><V72/><F72/><W82/><G82/><N who="2" m="31849" /><F124/><W98/><G103/><T60/><D47/><U12/><E2/><V116/><F116/><W97/><G39/><T127/><D127/><U122/><E122/><V133/><F133/><W87/><G40/><T110/><D110/><U86/><E118/><V62/><F62/><W45/><G45/><T73/><D73/><U37/><E37/><V49/><F49/><W14/><G33/><T90/><D54/><U46/><E119/><V125/><F125/><W21/><REACH who="3" step="1"/><G84/><REACH who="3" ten="250,250,201,289" step="2"/><T26/><D44/><U5/><E46/><V88/><F30/><AGARI ba="0,1" hai="14,15,21,25,30,83,87,89,96,97,98,104,105,106" machi="30" ten="50,3200,0" yaku="1,1,2,1,53,0" doraHai="13" doraHaiUra="36" who="3" fromWho="2" sc="250,0,250,0,201,-32,289,42" />
</Scene>
<Scene>
<INIT seed="2,0,0,4,5,66" ten="250,250,169,331" oya="2" hai0="92,134,82,10,103,99,122,124,79,28,5,34,131" hai1="44,80,107,75,19,93,49,114,81,119,108,60,15" hai2="63,13,8,135,104,59,46,89,72,45,100,76,18" hai3="38,94,39,133,7,58,129,87,11,112,74,2,47"/><V27/><F135/><W130/><G74/><T97/><D122/><U110/><E107/><V25/><F104/><W21/><G133/><T132/><D124/><U73/><E114/><V37/><F100/><W88/><G112/><T70/><D131/><N who="3" m="50185" /><G47/><N who="2" m="17929" /><F72/><N who="1" m="27721" /><E60/><V22/><F76/><W54/><G21/><T101/><D79/><U106/><E106/><V83/><F37/><W20/><G20/><T71/><D82/><U16/><E93/><V33/><F33/><W98/><G98/><T40/><D40/><N who="1" m="24711" /><E119/><V115/><F115/><W117/><G117/><T91/><D91/><U78/><E78/><V84/><F22/><W113/><G113/><T17/><D17/><N who="1" m="6731" /><E15/><V123/><F123/><W26/><G26/><T52/><D52/><AGARI ba="0,0" hai="8,13,18,25,27,52,59,63,83,84,89" m="17929" machi="52" ten="30,2900,0" yaku="8,1,54,1" doraHai="66" who="2" fromWho="0" sc="250,-29,250,0,169,29,331,0" />
</Scene>
<Scene>
<INIT seed="2,1,0,5,1,77" ten="221,250,198,331" oya="2" hai0="119,2,32,25,128,7,106,129,53,45,3,95,85" hai1="39,36,109,101,44,110,99,122,83,33,120,112,37" hai2="60,49,118,47,58,57,4,80,15,78,18,102,52" hai3="17,50,0,26,133,93,35,59,113,13,115,84,76"/><V92/><F118/><W111/><G0/><T12/><D106/><N who="1" m="63807" /><E33/><V117/><F117/><W65/><G111/><N who="1" m="42506" /><E112/><V56/><F4/><W40/><G133/><T123/><D119/><U125/><E125/><V100/><F92/><W121/><G121/><N who="1" m="46698" /><E83/><V23/><REACH who="2" step="1"/><F60/><REACH who="2" ten="221,250,188,331" step="2"/><W87/><G93/><T70/><D123/><U55/><E55/><V46/><F46/><AGARI ba="1,1" hai="36,37,39,44,46" m="46698,42506,63807" machi="46" ten="40,2600,0" yaku="14,1,13,1" doraHai="77" who="1" fromWho="2" sc="221,0,250,39,188,-29,331,0" />
</Scene>
<Scene>
<INIT seed="3,0,0,4,5,29" ten="221,289,159,331" oya="3" hai0="114,89,97,117,103,77,102,14,57,90,104,131,93" hai1="21,33,52,129,100,28,10,62,61,54,37,132,32" hai2="6,123,9,106,5,82,120,13,124,31,40,122,25" hai3="110,48,95,121,4,119,135,109,27,3,70,96,83"/><W66/><G121/><T45/><D117/><U18/><E37/><V127/><F106/><W11/><G119/><T44/><D114/><U35/><E129/><V71/><F40/><W113/><G113/><T80/><D131/><U116/><E116/><V55/><F71/><W36/><G36/><T51/><D90/><U67/><E132/><V30/><F82/><W130/><G130/><T64/><D102/><U98/><E10/><N who="2" m="4303" /><F55/><W63/><G135/><T7/><D7/><U1/><E1/><N who="2" m="207" /><F31/><W59/><G83/><T53/><D64/><U87/><E87/><V128/><F128/><W105/><G105/><T79/><D79/><U41/><E41/><V81/><F81/><W22/><G48/><T42/><D42/><U99/><E28/><V17/><F17/><W76/><G76/><T38/><D38/><U43/><E43/><V20/><AGARI ba="0,0" hai="20,25,30,120,122,123,124,127" m="207,4303" machi="20" ten="40,5200,0" yaku="13,1,34,2" doraHai="29" who="2" fromWho="2" sc="221,-13,289,-13,159,52,331,-26" />
</Scene>
<Scene>
<INIT seed="4,0,0,0,2,129" ten="208,276,211,305" oya="0" hai0="20,95,8,7,125,76,23,120,52,32,47,31,14" hai1="84,44,39,11,67,50,88,94,85,42,97,105,104" hai2="46,117,55,91,1,0,2,86,69,79,121,83,128" hai3="45,24,127,109,63,62,89,59,114,93,13,17,43"/><T41/><D120/><U19/><E67/><V78/><F121/><W126/><G109/><T80/><D125/><N who="3" m="47625" /><G24/><T66/><D66/><U73/><E73/><V16/><F128/><W113/><G17/><T6/><D95/><U48/><E39/><V10/><F69/><W99/><G13/><T4/><D32/><U5/><E19/><V111/><F111/><W124/><N who="3" m="47633" /><W102/><DORA hai="51" /><G102/><T38/><D31/><U40/><E105/><V106/><F117/><W107/><G107/><T68/><D68/><U56/><E104/><V58/><F106/><W15/><G15/><T122/><D122/><U119/><E119/><V116/><F116/><W3/><G3/><T9/><D52/><N who="1" m="31767" /><E42/><V87/><F87/><N who="1" m="33353" /><E11/><V61/><F46/><W70/><G70/><T34/><D34/><U54/><E5/><V134/><F134/><W72/><G72/><T110/><D110/><U92/><E92/><V130/><F130/><W21/><G93/><T36/><D36/><U103/><E40/><V75/><F75/><W135/><G43/><T26/><D26/><U71/><E71/><V37/><F37/><W118/><G118/><T101/><D6/><U64/><E64/><V12/><AGARI ba="0,0" hai="0,1,2,10,12,16,55,58,61,78,79,83,86,91" machi="12" ten="40,5200,0" yaku="0,1,52,1,54,1" doraHai="129,51" who="2" fromWho="2" sc="208,-26,276,-13,211,52,305,-13" />
</Scene>
<Scene>
<INIT seed="5,0,0,0,3,45" ten="182,263,263,292" oya="1" hai0="50,70,66,131,6,32,36,87,125,48,14,69,115" hai1="121,27,82,85,126,34,119,133,86,61,128,28,0" hai2="90,10,123,13,71,18,94,24,30,74,104,91,110" hai3="114,122,100,95,134,108,113,101,57,7,84,26,120"/><U56/><E126/><V130/><F110/><W43/><G7/><T42/><D32/><U47/><E128/><V88/><F123/><N who="3" m="47147" /><G43/><T132/><D125/><U8/><E121/><V52/><F104/><W49/><G26/><T62/><D131/><U98/><E133/><V1/><F130/><W11/><G11/><T75/><D75/><U103/><E119/><V22/><F71/><W5/><G5/><T135/><D87/><U117/><E117/><V76/><F1/><W35/><G35/><T2/><D2/><U107/><E47/><V19/><F74/><W23/><G23/><T67/><D6/><U111/><E111/><V92/><F76/><W96/><G108/><T93/><D93/><U31/><E31/><V44/><F30/><W109/><G109/><T20/><D20/><U3/><E8/><V51/><AGARI ba="0,0" hai="10,13,18,19,22,24,44,51,52,88,90,91,92,94" machi="51" ten="30,8000,1" yaku="0,1,8,1,52,1,54,2" doraHai="45" who="2" fromWho="2" sc="182,-20,263,-40,263,80,292,-20" />
</Scene>
<Scene>
<INIT seed="6,0,0,1,0,91" ten="162,223,343,272" oya="2" hai0="83,105,28,46,127,113,62,98,44,12,38,103,18" hai1="29,133,109,124,114,19,20,120,92,32,55,77,63" hai2="80,85,48,26,22,0,106,135,45,14,118,99,115" hai3="75,78,39,88,17,10,7,72,100,40,50,67,112"/><V119/><F0/><W134/><G100/><T122/><D122/><U60/><E109/><V34/><F34/><W74/><G67/><T89/><D113/><U52/><E114/><V66/><F115/><W59/><G112/><T86/><D127/><U35/><E124/><V116/><F66/><W8/><G134/><T65/><D38/><U128/><E133/><V68/><F68/><W33/><G33/><T73/><D28/><U27/><E120/><V23/><F135/><W58/><G78/><T13/><D73/><U123/><E123/><V31/><F99/><W126/><G39/><T111/><D111/><U15/><E128/><V25/><F14/><W125/><G17/><T1/><D1/><U16/><E77/><V9/><F9/><W42/><G74/><T70/><REACH who="0" step="1"/><D13/><REACH who="0" ten="152,223,343,272" step="2"/><N who="1" m="9231" /><E35/><V101/><F118/><W95/><G75/><T56/><D56/><U3/><E3/><V84/><F119/><W64/><G72/><T81/><D81/><U41/><E32/><V43/><F80/><W47/><G59/><T54/><D54/><U49/><E29/><V36/><F116/><W117/><G117/><T97/><D97/><U87/><E55/><V51/><F36/><W6/><G125/><T96/><D96/><U82/><E82/><V102/><F31/><W132/><G126/><T2/><D2/><U53/><E53/><V76/><F26/><W104/><G132/><T79/><D79/><U61/><E27/><V129/><F25/><W131/><G58/><T24/><D24/><U57/><E41/><N who="2" m="24623" /><F76/><W107/><G42/><T130/><D130/><U90/><E63/><RYUUKYOKU ba="0,1" sc="152,15,223,15,343,-15,272,-15" hai0="12,18,44,46,62,65,70,83,86,89,98,103,105" hai1="15,19,49,52,57,60,61,87,90,92" />
</Scene>
<Scene>
<INIT seed="7,1,1,2,3,0" ten="167,238,328,257" oya="3" hai0="62,30,41,135,12,83,132,64,18,95,69,2,99" hai1="3,85,79,38,21,8,11,115,39,70,17,27,63" hai2="65,34,130,134,22,91,71,122,77,112,9,81,29" hai3="73,89,86,106,126,100,107,88,72,119,43,48,4"/><W53/><G119/><T19/><D2/><U14/><E115/><V108/><F108/><W10/><G43/><T118/><D118/><U31/><E70/><V116/><F116/><W50/><G126/><T44/><D30/><U76/><E39/><V67/><F34/><W101/><G73/><T40/><D83/><N who="1" m="47335" /><E38/><V124/><F71/><W37/><G72/><T121/><D121/><U47/><E3/><V74/><F112/><W125/><G37/><T120/><D120/><U28/><E79/><V54/><F122/><W131/><G125/><T104/><D104/><U98/><E47/><V42/><F42/><W57/><G131/><T6/><D41/><U49/><E49/><V59/><F124/><W82/><G89/><T61/><D61/><U92/><E63/><V60/><F130/><W97/><G50/><T78/><D78/><U114/><E114/><V7/><F134/><W105/><G100/><T93/><D40/><U33/><E33/><V103/><F103/><W1/><AGARI ba="1,1" hai="1,4,10,48,53,57,82,86,88,97,101,105,106,107" machi="1" ten="20,7800,0" yaku="0,1,7,1,52,1,54,1" doraHai="0" who="3" fromWho="3" sc="167,-27,238,-27,328,-27,257,91" owari="140,-36.0,211,-19.0,301,10.0,348,45.0" />
</Scene>
</mjloggm>