<mjloggm ver="2.3"><GO type="169" lobby="0"/><UN n0="%E3%81%AD%E3%82%8A%E3%82%B4%E3%83%9E" n1="%E3%83%89%E3%83%A9%E3%81%8F%E3%82%8C" n2="%E3%81%93%E3%81%BE%E3%81%A3%E3%81%95%E3%82%93" n3="%E5%A4%AA%E3%81%8F%E3%81%AA%E3%81%84%E3%81%8A" dan="16,16,16,18" rate="2124.86,2081.34,2116.76,2224.26" sx="M,M,M,F"/><TAIKYOKU oya="0"/>

<Scene>
<INIT seed="0,0,0,5,3,119" ten="250,250,250,250" oya="0" hai0="129,99,74,79,16,41,70,127,18,52,82,33,50" hai1="113,27,89,61,101,25,55,6,104,85,75,90,126" hai2="134,71,98,66,117,108,103,112,84,44,91,95,0" hai3="131,72,69,8,124,118,21,67,132,5,130,88,43"/><T107/><D70/><U73/><E113/><V3/><F112/><W81/><G118/><T133/><D33/><U128/><E6/><V39/><F117/><W76/><G43/><T35/><D35/><U14/><E14/><V48/><F39/><W29/><G124/><T23/><D127/><U15/><E126/><V4/><F134/><W19/><G29/><T105/><D133/><U1/><E1/><V120/><F108/><W97/><G132/><T47/><D129/><N who="3" m="49161" /><G67/><T37/><D99/><U13/><E128/><V38/><F38/><W2/><G69/><T123/><D123/><U64/><E55/><V125/><F125/><W24/><G97/><T53/><D53/><U109/><E109/><V93/><F4/><W114/><G114/><T56/><REACH who="0" step="1"/><D18/><REACH who="0" ten="240,250,250,250" step="2"/><U100/><E64/><V17/><F17/><W45/><G19/><T62/><D62/><U63/><E61/><V36/><F66/><W9/><G5/><T87/><D87/><U94/><E63/><V30/><F71/><W31/><G31/><T12/><AGARI ba="0,1" hai="12,16,23,37,41,47,50,52,56,74,79,82,105,107" machi="12" ten="20,12000,1" yaku="1,1,0,1,7,1,54,2,53,0" doraHai="119" doraHaiUra="60" who="0" fromWho="0" sc="240,130,250,-40,250,-40,250,-40" />
</Scene>
<Scene>
<INIT seed="0,1,0,2,2,33" ten="370,210,210,210" oya="0" hai0="6,49,68,39,45,17,113,92,14,31,36,54,22" hai1="79,90,110,15,37,73,135,89,42,82,122,100,76" hai2="43,105,115,5,24,60,134,71,61,34,64,26,28" hai3="3,38,129,81,62,88,48,58,27,83,128,132,70"/><T97/><D113/><U98/><E122/><V52/><F115/><W2/><G38/><T111/><D68/><U133/><E15/><V77/><F43/><W131/><G132/><N who="1" m="50762" /><E42/><V30/><F134/><W63/><G27/><T16/><D31/><U85/><E37/><V99/><F77/><W18/><G18/><T7/><D111/><U69/><E69/><V120/><F120/><W117/><G117/><T95/><D95/><N who="1" m="58463" /><E110/><V66/><F5/><W93/><G48/><T20/><D39/><U59/><E59/><V112/><F112/><W102/><G102/><N who="0" m="60711" /><D22/><U19/><E19/><N who="0" m="7241" /><D36/><U11/><E11/><V67/><F71/><W21/><G21/><T12/><D20/><U1/><E1/><N who="3" m="10" /><G70/><T35/><D35/><U125/><E125/><V0/><F0/><W118/><G118/><T8/><D8/><U121/><E121/><V116/><F116/><W106/><G106/><T74/><D74/><U109/><E109/><V114/><F114/><W130/><G130/><T123/><D123/><U65/><E65/><V124/><F124/><W51/><G51/><T96/><D96/><U87/><E73/><V32/><F99/><N who="3" m="57767" /><G63/><T126/><D126/><U108/><E108/><V9/><F105/><W91/><G62/><N who="2" m="24169" /><F9/><W101/><G101/><T75/><D75/><U56/><E56/><V78/><F34/><W25/><G58/><T13/><AGARI ba="1,0" hai="6,7,12,13,14,45,49,54" m="7241,60711" machi="13" ten="30,3000,0" yaku="8,1,54,1" doraHai="33" who="0" fromWho="0" sc="370,33,210,-11,210,-11,210,-11" />
</Scene>
<Scene>
<INIT seed="0,2,0,0,4,134" ten="403,199,199,199" oya="0" hai0="66,85,40,70,119,12,87,105,77,50,82,16,114" hai1="135,104,14,58,86,4,92,15,35,0,11,80,63" hai2="106,59,69,43,103,26,54,13,56,102,128,6,28" hai3="81,21,132,57,133,7,126,60,41,125,10,46,67"/><T74/><D114/><U123/><E104/><V117/><F69/><W18/><G81/><T33/><D33/><U30/><E123/><V37/><F56/><W122/><G122/><T71/><D105/><U76/><E135/><N who="3" m="51786" /><G21/><T36/><D36/><U115/><E115/><V131/><F117/><W96/><G18/><T22/><D119/><U113/><E113/><V118/><F118/><W97/><G96/><T116/><D116/><U107/><E107/><V78/><F78/><W121/><G97/><T45/><D66/><U39/><E39/><V62/><F6/><W44/><G121/><T32/><D32/><U91/><E30/><V64/><F13/><N who="3" m="5343" /><G46/><T79/><D74/><U65/><REACH who="1" step="1"/><E35/><REACH who="1" ten="403,189,199,199" step="2"/><V53/><F106/><W108/><G108/><T73/><D73/><AGARI ba="2,1" hai="0,4,11,14,15,58,63,65,73,76,80,86,91,92" machi="73" ten="30,3900,0" yaku="1,1,2,1,7,1,53,0" doraHai="134" doraHaiUra="110" who="1" fromWho="0" sc="403,-45,189,55,199,0,199,0" />
</Scene>
<Scene>
<INIT seed="1,0,0,0,3,119" ten="358,244,199,199" oya="1" hai0="2,27,57,94,73,104,3,99,62,81,15,129,120" hai1="13,133,20,24,34,1,115,42,54,98,112,64,123" hai2="31,124,76,118,67,100,60,69,66,22,68,5,107" hai3="71,16,117,134,102,90,83,80,38,79,121,43,84"/><U56/><E1/><V9/><F118/><W58/><G71/><T50/><D104/><U51/><E133/><V26/><F124/><W33/><G33/><T11/><D50/><U127/><E127/><V40/><F76/><W14/><G117/><T8/><D8/><U110/><E34/><V49/><F49/><W46/><G134/><T96/><D96/><U44/><E64/><V132/><F40/><W32/><G32/><T113/><D113/><U48/><E110/><V109/><F132/><W25/><G102/><T87/><D73/><U86/><E98/><V131/><F109/><W30/><G58/><T72/><D27/><U7/><E86/><V126/><F126/><W105/><G105/><T18/><D72/><U59/><E59/><V89/><F89/><W88/><G121/><T130/><D120/><U0/><E0/><V106/><F100/><W28/><G25/><T29/><D29/><U114/><E123/><V91/><F91/><W125/><G125/><T70/><D70/><U135/><E135/><V77/><F77/><W63/><G63/><T23/><D62/><U101/><E101/><V19/><F31/><W53/><G53/><T78/><D57/><U45/><E7/><V41/><F41/><W75/><REACH who="3" step="1"/><G90/><REACH who="3" ten="358,244,199,189" step="2"/><T37/><D99/><U116/><E116/><V10/><F69/><W92/><G92/><T97/><D94/><U95/><E95/><V4/><F67/><W17/><G17/><T21/><D97/><U39/><E56/><V36/><F66/><W85/><G85/><T65/><D65/><U74/><E114/><V122/><F68/><RYUUKYOKU ba="0,1" sc="358,-10,244,-10,199,-10,189,30" hai3="14,16,28,30,38,43,46,75,79,80,83,84,88" />
</Scene>
<Scene>
<INIT seed="2,1,1,5,3,119" ten="348,234,189,219" oya="2" hai0="11,100,59,127,86,61,35,107,44,28,24,38,43" hai1="128,57,19,64,115,83,39,30,42,52,29,91,41" hai2="66,4,26,110,63,98,114,22,134,78,32,58,33" hai3="82,101,6,103,75,122,10,9,96,71,102,135,125"/><V25/><F114/><W17/><G71/><T5/><D127/><U48/><E115/><V8/><F78/><W7/><G125/><T121/><D121/><U118/><E118/><V130/><F26/><W124/><G124/><T31/><D31/><N who="1" m="11787" /><E39/><V45/><F45/><W97/><G135/><T2/><D86/><N who="1" m="50655" /><E128/><V88/><F130/><W56/><G122/><T3/><D100/><U1/><E1/><V84/><F98/><W109/><G109/><T117/><D117/><U85/><E64/><V67/><F67/><W40/><G40/><T21/><D107/><U123/><E123/><V68/><F68/><W113/><G113/><T80/><D80/><U79/><E19/><V36/><F36/><W50/><G17/><T70/><D70/><U104/><E104/><V15/><F134/><W54/><G82/><AGARI ba="1,1" hai="41,42,48,52,57,79,82,85" m="50655,11787" machi="82" ten="30,2000,0" yaku="8,1,54,1" doraHai="119" who="1" fromWho="3" sc="348,0,234,33,189,0,219,-23" />
</Scene>
<Scene>
<INIT seed="3,0,0,1,2,45" ten="348,267,189,196" oya="3" hai0="41,78,108,118,70,86,96,22,127,2,74,89,112" hai1="30,133,135,12,11,124,3,43,37,99,39,107,67" hai2="6,24,126,75,51,58,15,52,35,54,36,98,93" hai3="50,53,1,61,95,104,49,57,21,28,102,73,125"/><W116/><G116/><T113/><D70/><U97/><E3/><V117/><F36/><W25/><G73/><T59/><D2/><U84/><E124/><V4/><F117/><W31/><G1/><T68/><D68/><U82/><E30/><N who="3" m="11306" /><G104/><T18/><D41/><U42/><E67/><V55/><F75/><W134/><G134/><N who="1" m="51210" /><E39/><V132/><F132/><W120/><G125/><T19/><D127/><U48/><E37/><V64/><F126/><W5/><G5/><N who="2" m="2153" /><F35/><W62/><G62/><T29/><D96/><N who="1" m="36939" /><E48/><N who="3" m="18538" /><G120/><T129/><D118/><U109/><E107/><V80/><F51/><W88/><G102/><T83/><D74/><U100/><E100/><V76/><F58/><W14/><G14/><T101/><D59/><U65/><E12/><V131/><F15/><W66/><G66/><T13/><D13/><U38/><E65/><V111/><F64/><W69/><G69/><T32/><D101/><U123/><E38/><V20/><F55/><W63/><G63/><T71/><D71/><U23/><E123/><V8/><F54/><W81/><G81/><T40/><D83/><U110/><E82/><V60/><F52/><W9/><G9/><T90/><D112/><U56/><E11/><V122/><F8/><W91/><G95/><T103/><D103/><U27/><E43/><V26/><F60/><W77/><G77/><T7/><D78/><U85/><E42/><V47/><F76/><W17/><AGARI ba="0,0" hai="17,21,25,53,57,61,88,91" m="18538,11306" machi="17" ten="30,12000,1" yaku="8,1,52,3,54,1" doraHai="45" who="3" fromWho="3" sc="348,-40,267,-40,189,-40,196,120" />
</Scene>
<Scene>
<INIT seed="3,1,0,2,0,7" ten="308,227,149,316" oya="3" hai0="67,66,125,49,130,32,44,69,128,65,3,24,38" hai1="33,86,18,26,47,89,91,112,79,28,50,121,39" hai2="103,40,17,19,82,25,75,29,97,55,60,80,8" hai3="98,5,36,95,122,31,6,123,102,41,85,45,87"/><W88/><G31/><T1/><D38/><U2/><E121/><V83/><F75/><W21/><G87/><T68/><D24/><U58/><E112/><V105/><F40/><W100/><G100/><T30/><D30/><U35/><E2/><V51/><F60/><W119/><G119/><T76/><D76/><U59/><E39/><V34/><REACH who="2" step="1"/><F8/><REACH who="2" ten="308,227,139,316" step="2"/><W13/><G122/><T4/><D128/><U73/><E73/><V84/><F84/><W134/><G123/><T107/><D130/><U131/><E131/><V16/><F16/><W27/><G134/><T11/><D11/><U104/><E18/><V54/><F54/><W61/><G61/><T108/><D66/><U12/><E86/><V106/><F106/><W22/><G13/><T46/><D65/><U14/><E104/><V93/><F93/><W10/><G10/><T127/><D67/><U118/><E14/><V53/><F53/><W74/><G74/><T15/><D15/><U113/><E12/><V124/><F124/><W92/><REACH who="3" step="1"/><G27/><REACH who="3" ten="308,227,139,306" step="2"/><T78/><D125/><U94/><E26/><V70/><F70/><W101/><G101/><T42/><D68/><U133/><E118/><V116/><F116/><W81/><G81/><T129/><D69/><U115/><E113/><V0/><F0/><W52/><G52/><T111/><D3/><U64/><E115/><V9/><F9/><W96/><G96/><T20/><D127/><U114/><E114/><V77/><F77/><W57/><G57/><AGARI ba="1,2" hai="17,19,25,29,34,51,55,57,80,82,83,97,103,105" machi="57" ten="40,1300,0" yaku="1,1,53,0" doraHai="7" doraHaiUra="132" who="2" fromWho="3" sc="308,0,227,0,139,36,306,-16" />
</Scene>
<Scene>
<INIT seed="4,0,0,4,3,44" ten="308,227,175,290" oya="0" hai0="135,102,59,84,40,42,73,130,12,129,115,69,65" hai1="38,1,37,13,68,122,11,10,17,109,66,131,58" hai2="46,32,118,60,70,86,26,99,56,7,39,23,79" hai3="45,90,22,18,119,104,133,96,64,126,57,63,25"/><T43/><D73/><U124/><E122/><V92/><F32/><W127/><G119/><T80/><D102/><U52/><E109/><V53/><F118/><W6/><G133/><T101/><D101/><U128/><E124/><N who="3" m="47658" /><G6/><T113/><D135/><U20/><E66/><V125/><F125/><W61/><G45/><T19/><D69/><U97/><E97/><V35/><F35/><W117/><G117/><T55/><D65/><U24/><E68/><V49/><F7/><W31/><G104/><T87/><D87/><U9/><E1/><V82/><F70/><W134/><G134/><T111/><D111/><U51/><REACH who="1" step="1"/><E24/><REACH who="1" ten="308,217,175,290" step="2"/><V0/><F0/><W48/><G64/><T76/><D129/><AGARI ba="0,1" hai="9,10,11,13,17,20,37,38,51,52,58,128,129,131" machi="129" ten="40,8000,1" yaku="1,1,2,1,19,1,52,1,54,1,53,0" doraHai="44" doraHaiUra="36" who="1" fromWho="0" sc="308,-80,217,90,175,0,290,0" />
</Scene>
<Scene>
<INIT seed="5,0,0,1,5,58" ten="228,307,175,290" oya="1" hai0="93,68,91,92,79,78,114,122,88,128,9,134,8" hai1="15,107,135,64,71,108,41,83,21,2,115,85,124" hai2="70,82,42,53,117,52,50,60,35,130,54,30,96" hai3="44,75,29,121,76,119,65,105,5,47,110,112,56"/><U46/><E2/><V0/><F0/><W36/><G105/><T61/><D114/><U84/><E107/><V14/><F117/><W17/><G36/><T99/><D128/><U129/><E129/><V127/><F130/><W10/><G29/><T95/><D134/><U67/><E135/><V80/><F42/><W11/><G110/><T31/><D31/><U94/><E108/><V63/><F70/><W69/><G69/><T49/><D122/><U13/><E124/><V1/><F1/><W89/><G75/><T102/><D102/><U48/><E115/><V116/><F116/><W132/><G76/><T126/><D126/><U3/><E3/><V104/><F127/><W22/><G121/><T12/><D49/><U45/><E45/><V77/><F30/><W73/><G73/><T131/><D131/><U101/><E71/><V16/><F35/><W90/><G47/><T62/><D68/><U72/><E72/><V100/><F50/><W43/><G44/><T6/><D9/><U4/><E4/><V26/><F26/><W106/><G11/><T118/><D118/><U40/><E40/><V24/><F24/><W86/><G43/><T74/><D74/><U39/><E39/><V59/><F77/><N who="0" m="29194" /><D95/><U34/><E34/><V103/><F103/><W20/><G106/><T38/><D38/><U81/><E94/><V27/><F27/><W55/><G119/><T37/><D37/><U120/><E101/><V32/><F32/><W125/><G125/><T18/><D6/><U123/><E120/><V33/><F33/><W87/><G132/><T111/><D111/><RYUUKYOKU ba="0,0" sc="228,30,307,-10,175,-10,290,-10" hai0="8,12,18,61,62,88,91,92,93,99" />
</Scene>
<Scene>
<INIT seed="6,1,0,0,5,32" ten="258,297,165,280" oya="2" hai0="116,82,34,112,88,87,114,30,73,115,62,25,14" hai1="0,31,117,38,127,126,130,89,101,120,40,19,100" hai2="107,20,67,49,69,4,92,72,36,131,68,81,11" hai3="124,55,43,118,94,76,125,12,3,97,123,105,64"/><V10/><F107/><W56/><G123/><T86/><D73/><U132/><E117/><V57/><F36/><W78/><G105/><T90/><D116/><U95/><E120/><V74/><F20/><W27/><G64/><T5/><D62/><U1/><E132/><V109/><F11/><W15/><G43/><T70/><D70/><U93/><E130/><V48/><F92/><W61/><G27/><T13/><REACH who="0" step="1"/><D5/><REACH who="0" ten="248,297,165,280" step="2"/><U83/><E127/><V65/><F72/><W108/><G118/><T2/><D2/><U7/><E7/><V135/><F109/><W37/><G3/><T58/><D58/><U6/><E6/><V45/><F135/><W50/><G61/><T98/><D98/><U33/><E1/><N who="2" m="271" /><F131/><W128/><G128/><T77/><D77/><U23/><E0/><V75/><F75/><W79/><G108/><T53/><D53/><U121/><E126/><N who="3" m="48746" /><G37/><T47/><D47/><U41/><E38/><V106/><F69/><W134/><G134/><T63/><D63/><U96/><E121/><V54/><F68/><W60/><G60/><T16/><D16/><U59/><E19/><V44/><F44/><W122/><G122/><T103/><D103/><AGARI ba="1,1" hai="12,15,50,55,56,76,78,79,94,97,103" m="48746" machi="103" ten="30,1000,0" yaku="18,1" doraHai="32" who="3" fromWho="0" sc="248,-13,297,0,165,0,280,23" />
</Scene>
<Scene>
<INIT seed="7,0,0,4,4,41" ten="235,297,165,303" oya="3" hai0="21,131,54,85,17,89,108,100,132,134,76,70,9" hai1="53,87,47,56,49,52,128,64,32,105,48,118,125" hai2="6,127,19,113,66,72,60,40,11,130,2,122,3" hai3="57,24,65,112,99,90,15,97,62,71,114,106,102"/><W101/><G90/><T115/><D108/><U84/><E118/><V117/><F72/><W78/><G78/><T129/><D70/><U83/><E105/><V29/><F117/><W36/><G36/><T42/><D100/><U35/><E128/><N who="0" m="49225" /><D76/><U51/><E64/><V31/><F130/><W135/><G135/><N who="0" m="51755" /><D9/><U103/><E125/><V0/><F40/><W93/><G15/><T16/><D42/><N who="1" m="24695" /><E103/><V77/><F77/><W14/><G14/><T55/><D115/><N who="3" m="44073" /><G24/><N who="0" m="14375" /><D17/><U86/><E32/><V124/><F66/><W25/><G25/><T61/><D61/><U107/><E35/><V58/><F19/><W46/><G71/><T39/><D39/><U98/><E107/><V79/><F113/><W111/><G111/><T13/><D13/><U82/><E98/><V95/><F79/><W116/><G116/><T120/><D120/><U8/><E8/><V5/><F122/><W68/><G68/><T4/><D4/><U50/><E50/><V69/><F69/><W45/><AGARI ba="0,0" hai="45,46,57,62,65,93,97,99,101,102,106" m="44073" machi="45" ten="30,6000,0" yaku="15,1,52,2" doraHai="41" who="3" fromWho="3" sc="235,-20,297,-20,165,-20,303,60" owari="215,-18.0,277,8.0,145,-35.0,363,45.0" />
</Scene>
</mjloggm>