<mjloggm ver="2.3"><GO type="169"/><UN n0="%52%4F%54%54%45%4E" n1="%E5%A4%AA%E3%81%8F%E3%81%AA%E3%81%84%E3%81%8A" n2="%E3%83%88%E3%83%9E%E3%82%BD%E3%83%B3" n3="%E6%B0%97%E6%A5%BD%E3%81%AB%E6%89%93%E3%81%A4" dan="16,17,16,16" rate="2080,2130,2084,2133" sx="M,M,M,M"/><TAIKYOKU oya="0"/>

<Scene>
<INIT seed="0,0,0,1,5,107" ten="250,250,250,250" oya="0" hai0="29,38,87,101,5,3,18,61,60,17,71,69,23" hai1="56,66,79,62,121,96,84,119,83,8,49,98,6" hai2="12,1,58,126,41,40,122,52,2,134,120,116,85" hai3="105,95,55,97,115,57,42,20,37,75,24,10,135"/><T31/><D38/><U9/><E121/><V32/><F32/><W92/><G115/><T104/><D18/><U4/><E119/><V15/><F116/><W129/><G135/><T65/><D71/><U44/><E8/><V109/><F85/><W67/><G129/><T94/><D104/><U125/><E125/><V128/><F58/><W27/><G75/><T72/><D61/><U64/><E64/><V74/><F134/><W76/><G76/><T35/><D35/><U89/><E89/><V110/><F128/><W123/><G67/><T82/><D5/><U59/><E59/><V50/><F50/><W51/><G123/><T117/><D3/><U103/><E103/><V11/><F11/><W108/><G108/><T22/><D22/><U70/><E70/><V16/><F16/><W131/><G131/><T81/><D81/><U13/><REACH who="1" step="1"/><E6/><REACH who="1" ten="250,240,250,250" step="2"/><V33/><F126/><W36/><G10/><T46/><D101/><U54/><AGARI ba="0,1" hai="4,9,13,44,49,54,56,62,66,79,83,84,96,98" machi="54" ten="20,8000,1" yaku="1,1,2,1,0,1,7,1,8,1,53,0" doraHai="107" doraHaiUra="19" who="1" fromWho="1" sc="250,-40,240,90,250,-20,250,-20" />
</Scene>
<Scene>
<INIT seed="1,0,0,1,3,117" ten="210,330,230,230" oya="1" hai0="71,20,66,94,132,108,23,92,126,101,96,125,84" hai1="2,13,36,105,38,131,124,95,99,110,93,53,34" hai2="37,113,52,12,129,116,29,130,0,46,98,109,24" hai3="15,18,21,43,85,70,111,14,87,112,100,5,121"/><U62/><E2/><V133/><F0/><W120/><G112/><T104/><D66/><U80/><E34/><V68/><F68/><W83/><G111/><T7/><D71/><U49/><E105/><V8/><F109/><W135/><G135/><T59/><D59/><U55/><E110/><V82/><F133/><W6/><G70/><T39/><D39/><U123/><E80/><V75/><F98/><W19/><G100/><T33/><D33/><U32/><E32/><V127/><F37/><W60/><G60/><T119/><D7/><U27/><E27/><V26/><F29/><W74/><G43/><T76/><D108/><U64/><E13/><V50/><F127/><N who="0" m="48650" /><D23/><U114/><E124/><V28/><F28/><W77/><G5/><T78/><D20/><U122/><E114/><V115/><F116/><W103/><G103/><T3/><D3/><U63/><E99/><V89/><F75/><W44/><G6/><T61/><D61/><U42/><E42/><V73/><F73/><W97/><G97/><N who="0" m="61487" /><D119/><U4/><E4/><V51/><F115/><W54/><G44/><T57/><D57/><U118/><E118/><V48/><F113/><W40/><G40/><T69/><D69/><U134/><E134/><V9/><F9/><N who="3" m="6479" /><G54/><T86/><D132/><U41/><E41/><V31/><F31/><W90/><G74/><T35/><D35/><U88/><E64/><V17/><F24/><W58/><G58/><T102/><D86/><U22/><E38/><V45/><F26/><W67/><G67/><T47/><D47/><N who="2" m="17930" /><F52/><W25/><G25/><T11/><D11/><RYUUKYOKU ba="0,0" sc="210,10,330,-30,230,10,230,10" hai0="76,78,84,92,94,96,102" hai2="8,12,17,48,50,51,82,89,129,130" hai3="15,19,21,77,83,85,87,90,120,121" />
</Scene>
<Scene>
<INIT seed="2,1,0,5,0,117" ten="220,300,240,240" oya="2" hai0="108,36,84,10,96,35,121,61,104,69,48,45,118" hai1="70,51,18,85,59,87,15,60,23,13,115,46,32" hai2="131,100,71,29,122,83,107,49,102,103,116,66,40" hai3="80,20,12,125,130,39,8,134,91,128,9,123,124"/><V2/><F2/><W126/><G39/><T33/><D118/><U113/><E70/><V38/><F116/><W50/><G50/><T43/><D84/><U3/><E32/><N who="0" m="12361" /><D48/><U22/><E3/><V19/><F29/><W86/><G123/><T119/><D10/><N who="3" m="4201" /><G134/><T27/><D27/><U54/><E115/><V75/><F38/><W64/><G64/><N who="0" m="41103" /><D108/><U14/><E113/><V129/><F66/><W52/><G52/><T44/><D44/><U109/><E109/><V62/><F62/><W16/><AGARI ba="1,0" hai="12,16,20,80,86,91,124,125,126,128,130" m="4201" machi="16" ten="40,2700,0" yaku="18,1,54,1" doraHai="117" who="3" fromWho="3" sc="220,-8,300,-8,240,-14,240,30" />
</Scene>
<Scene>
<INIT seed="3,0,0,2,5,50" ten="212,292,226,270" oya="3" hai0="120,107,75,60,3,68,14,134,54,76,28,97,66" hai1="109,99,23,105,114,125,127,81,122,128,9,39,112" hai2="98,62,86,130,101,27,108,78,25,51,70,53,55" hai3="129,12,106,44,13,48,102,133,20,117,24,113,90"/><W118/><G113/><N who="1" m="43626" /><E39/><V104/><F130/><W116/><G129/><T95/><D3/><U4/><E128/><V34/><F108/><W33/><G133/><T22/><D120/><U135/><E122/><V2/><F2/><W121/><G121/><T0/><D0/><N who="1" m="135" /><E81/><N who="2" m="47415" /><F51/><W49/><G49/><T92/><D134/><U26/><E99/><V71/><F71/><W21/><G90/><T59/><D75/><U123/><E105/><V64/><F27/><W36/><G36/><T43/><D76/><U47/><E47/><V72/><F72/><W67/><G106/><T8/><D43/><U94/><E94/><V74/><F74/><W7/><G102/><T77/><D77/><U41/><E41/><V42/><F42/><W79/><G79/><T46/><D46/><U65/><E123/><V82/><F82/><W37/><G37/><T30/><D107/><U58/><E135/><V57/><F57/><W15/><G116/><T17/><D97/><U115/><E115/><V40/><F40/><N who="3" m="24583" /><G118/><T18/><D92/><U52/><E109/><V69/><F69/><W6/><G117/><T83/><D95/><U5/><E127/><V10/><F10/><N who="3" m="4183" /><G33/><T45/><D83/><U119/><E119/><V1/><F1/><W19/><G7/><T38/><D38/><U80/><E5/><V11/><F11/><W29/><G13/><N who="0" m="9551" /><D68/><U93/><E125/><V35/><F35/><W100/><G100/><T85/><D85/><U16/><E80/><V63/><F63/><W110/><G110/><T73/><D73/><U32/><E32/><V84/><F84/><W126/><G126/><RYUUKYOKU ba="0,0" sc="212,10,292,-30,226,10,270,10" hai0="8,14,17,28,30,45,54,59,60,66" hai2="25,34,53,55,62,64,70,98,101,104" hai3="15,19,20,21,24,29,67" />
</Scene>
<Scene>
<INIT seed="3,1,0,1,0,93" ten="222,262,236,280" oya="3" hai0="69,73,22,77,29,30,0,24,62,58,3,40,113" hai1="78,114,80,20,56,129,23,6,107,101,42,74,82" hai2="9,98,43,127,89,91,47,95,63,92,72,34,116" hai3="60,1,70,96,132,134,39,83,46,126,59,57,104"/><W130/><G1/><T26/><D69/><U121/><E114/><V8/><F127/><W19/><G126/><T87/><D73/><U119/><E121/><V85/><F72/><W88/><G130/><T103/><D113/><U64/><E129/><V106/><F34/><W108/><G108/><T128/><D128/><U97/><E119/><V18/><F116/><W25/><G70/><T105/><D40/><U122/><E122/><V75/><F75/><W94/><G104/><T33/><D77/><U54/><E64/><V86/><F18/><W15/><G25/><T51/><D51/><U79/><E42/><V110/><F110/><W44/><G83/><T21/><D33/><U112/><E6/><V133/><F63/><W31/><G31/><T67/><REACH who="0" step="1"/><D87/><REACH who="0" ten="212,262,236,280" step="2"/><U49/><E112/><V4/><F133/><N who="3" m="51307" /><G39/><T71/><D71/><U36/><E36/><V90/><F106/><W12/><G59/><T11/><D11/><U84/><AGARI ba="1,1" hai="20,23,49,54,56,74,78,79,80,82,84,97,101,107" machi="84" ten="20,2700,0" yaku="0,1,7,1,52,1" doraHai="93" who="1" fromWho="1" sc="212,-8,262,40,236,-8,280,-14" />
</Scene>
<Scene>
<INIT seed="4,0,0,1,4,40" ten="204,302,228,266" oya="0" hai0="5,125,126,43,104,20,41,51,118,65,80,54,29" hai1="102,112,30,2,86,85,6,39,84,134,79,87,94" hai2="113,78,19,96,74,133,95,32,55,120,88,100,115" hai3="119,26,77,4,34,49,12,64,116,123,111,92,72"/><T57/><D104/><U97/><E39/><V71/><F71/><W67/><G111/><T106/><D106/><U3/><E30/><V53/><F32/><W129/><G129/><T109/><D5/><U127/><E6/><V46/><F120/><W89/><G123/><T48/><D80/><N who="1" m="47135" /><E3/><V76/><F133/><W25/><G72/><T103/><D103/><U50/><E2/><V110/><F110/><W58/><G116/><T124/><D109/><U31/><E31/><V73/><F53/><N who="3" m="32047" /><G34/><T70/><D118/><U15/><E15/><V47/><F55/><W121/><G77/><N who="2" m="29801" /><F73/><W99/><G119/><T101/><D101/><U130/><E130/><V131/><F74/><W37/><G37/><T27/><REACH who="0" step="1"/><D51/><REACH who="0" ten="194,302,228,266" step="2"/><U68/><E50/><V61/><F131/><W63/><G121/><T122/><D122/><U135/><E102/><V69/><F100/><W81/><G81/><T0/><D0/><U59/><E135/><V108/><F108/><W11/><G63/><AGARI ba="0,1" hai="20,27,29,41,43,48,54,57,63,65,70,124,125,126" machi="63" ten="40,7700,0" yaku="1,1,18,1,53,1" doraHai="40" doraHaiUra="17" who="0" fromWho="3" sc="194,87,302,0,228,0,266,-77" />
</Scene>
<Scene>
<INIT seed="4,1,0,2,0,0" ten="281,302,228,189" oya="0" hai0="110,40,75,68,10,33,19,56,21,48,71,51,95" hai1="28,132,99,122,50,3,107,76,64,41,85,82,104" hai2="73,120,119,134,42,128,57,14,17,124,93,15,101" hai3="53,12,115,79,113,129,65,74,106,32,94,67,24"/><T58/><D33/><U54/><E122/><V102/><F73/><W63/><G106/><T100/><D75/><U90/><E3/><V11/><F120/><W6/><G129/><T103/><D10/><U37/><E132/><V1/><F134/><W13/><G94/><T25/><D110/><U81/><E64/><N who="3" m="24650" /><G74/><T114/><D114/><N who="3" m="43529" /><G79/><T62/><D68/><U38/><E28/><V83/><F1/><W125/><G125/><T20/><D71/><U36/><E41/><V18/><F119/><W87/><G87/><T133/><D133/><U96/><E96/><V78/><F124/><W34/><G24/><N who="0" m="14367" /><D62/><U45/><E99/><V97/><F128/><W109/><G109/><T86/><D86/><U8/><E104/><V80/><F78/><W89/><G32/><T118/><D118/><U92/><E107/><V111/><F111/><W9/><G34/><T30/><D30/><U91/><E8/><V77/><F102/><N who="0" m="38954" /><D95/><U61/><E76/><V135/><F77/><W123/><G123/><T2/><D2/><U69/><E90/><V131/><F131/><W112/><N who="3" m="43537" /><W27/><DORA hai="46" /><G89/><T29/><D40/><U5/><E92/><V105/><F42/><W49/><G63/><T7/><D7/><U88/><E5/><V44/><F105/><W4/><G4/><T55/><D55/><U117/><E117/><V47/><F135/><W26/><G13/><T52/><D52/><U39/><N who="1" m="9216" /><DORA hai="127" /><U116/><E116/><V16/><F15/><W22/><G22/><T60/><D60/><U66/><E91/><V121/><F11/><W23/><G23/><RYUUKYOKU ba="1,0" sc="281,10,302,10,228,-30,189,10" hai0="21,25,29,48,51,56,58" hai1="45,50,54,61,66,69,81,82,85,88" hai3="6,9,12,26,27,49,53" />
</Scene>
<Scene>
<INIT seed="4,2,0,1,2,117" ten="291,312,198,199" oya="0" hai0="74,57,78,129,77,98,65,4,25,31,6,43,35" hai1="0,23,55,76,84,27,62,109,88,92,133,9,24" hai2="124,80,61,121,36,14,90,73,5,7,119,26,2" hai3="96,83,118,111,69,103,41,122,75,91,52,86,107"/><T22/><D129/><U34/><E109/><V114/><F2/><W113/><G118/><T123/><D35/><U70/><E133/><V106/><F36/><W37/><G111/><T8/><D43/><U127/><E127/><V64/><F106/><W56/><G113/><T134/><D134/><U59/><E70/><V12/><F124/><W33/><G69/><T126/><D126/><U100/><E34/><V105/><F105/><W18/><G33/><T110/><D110/><U47/><E100/><V63/><F80/><W85/><G122/><T3/><D98/><U54/><E76/><V19/><F26/><W102/><G102/><T1/><D74/><U17/><E27/><V66/><F90/><W15/><G41/><T16/><D31/><U68/><E68/><V28/><F28/><W38/><G85/><T93/><D93/><U94/><E94/><V101/><F73/><W40/><G40/><T120/><D77/><U50/><E0/><V30/><F30/><W67/><G67/><T104/><D78/><U87/><E9/><V89/><F89/><W42/><G42/><T128/><D104/><U39/><E39/><V58/><F101/><W10/><REACH who="3" step="1"/><G75/><REACH who="3" ten="291,312,198,189" step="2"/><T95/><D65/><U45/><REACH who="1" step="1"/><E87/><REACH who="1" ten="291,302,198,189" step="2"/><V48/><F119/><W72/><G72/><T51/><D123/><U13/><E13/><V29/><F121/><W53/><G53/><N who="0" m="31935" /><D120/><U116/><E116/><V21/><F66/><W112/><G112/><T135/><D1/><U131/><E131/><V46/><F114/><W125/><G125/><T97/><D128/><U49/><E49/><AGARI ba="2,2" hai="10,15,18,37,38,49,52,56,83,86,91,96,103,107" machi="49" ten="30,3900,0" yaku="1,1,7,1,54,1,53,0" doraHai="117" doraHaiUra="115" who="3" fromWho="1" sc="291,0,302,-45,198,0,189,65" />
</Scene>
<Scene>
<INIT seed="5,0,0,4,0,14" ten="291,257,198,254" oya="1" hai0="109,68,12,47,83,129,85,25,34,30,45,97,54" hai1="22,57,61,123,59,37,52,110,122,20,74,9,65" hai2="114,99,100,19,80,66,98,8,72,60,69,32,3" hai3="91,92,38,35,112,24,2,96,46,104,134,115,11"/><U101/><E74/><V90/><F32/><W124/><G124/><T120/><D109/><U106/><E37/><V5/><F114/><N who="3" m="43563" /><G134/><T13/><D68/><U31/><E110/><V39/><F90/><W73/><G73/><T116/><D116/><U43/><E43/><V119/><F119/><W0/><G104/><T16/><D120/><U89/><E9/><V95/><F39/><W10/><G38/><T36/><D12/><U50/><E89/><V105/><F98/><W33/><G46/><T56/><D97/><U7/><E7/><V23/><F72/><W75/><G75/><T70/><D70/><U27/><E106/><V88/><F80/><W18/><G10/><T125/><D36/><U40/><E40/><V71/><F100/><W41/><G41/><T77/><D125/><U86/><E101/><V42/><F42/><W103/><G103/><T81/><D81/><U93/><E93/><V78/><F105/><W6/><G0/><T79/><D79/><U130/><E130/><V51/><F51/><W28/><G35/><T21/><D129/><U17/><REACH who="1" step="1"/><E86/><REACH who="1" ten="291,247,198,254" step="2"/><V26/><REACH who="2" step="1"/><F71/><REACH who="2" ten="291,247,188,254" step="2"/><W48/><G48/><AGARI ba="0,2" hai="13,16,21,25,30,34,45,47,48,54,56,77,83,85" machi="48" ten="30,3900,0" yaku="7,1,52,1,54,1" doraHai="14" who="0" fromWho="3" sc="291,59,247,0,188,0,254,-39" />
</Scene>
<Scene>
<INIT seed="6,0,0,2,3,97" ten="350,247,188,215" oya="2" hai0="91,60,110,121,17,108,94,29,45,31,70,95,120" hai1="85,16,61,114,80,14,65,46,105,59,92,93,21" hai2="39,6,37,101,51,122,73,4,72,25,22,9,123" hai3="43,127,47,40,27,26,82,99,35,55,2,79,106"/><V5/><F9/><W32/><G2/><T11/><D45/><U116/><E116/><V113/><F51/><W133/><G127/><T129/><D60/><U109/><E109/><V33/><F33/><W104/><G133/><T119/><D17/><U117/><E117/><V84/><F84/><W8/><G8/><T57/><D57/><U3/><E105/><V41/><F41/><W13/><G13/><T10/><D91/><U107/><E107/><V135/><F135/><W23/><G55/><T74/><D119/><U132/><E132/><V49/><F49/><W56/><G56/><T53/><D53/><U126/><E3/><V18/><F113/><W115/><G115/><T28/><D28/><U62/><E114/><V89/><F89/><W34/><G43/><T125/><D70/><U111/><E111/><V87/><F87/><W20/><G47/><T86/><D86/><U24/><E126/><V12/><F12/><W90/><G40/><T64/><D125/><U124/><E124/><V88/><F88/><W42/><G42/><T130/><D74/><N who="2" m="28778" /><F101/><N who="3" m="62527" /><G90/><T134/><D134/><U76/><E46/><V83/><F83/><W100/><G100/><T44/><D44/><U103/><E103/><V63/><F63/><W77/><G106/><T48/><D48/><U7/><E62/><V50/><F50/><W1/><G1/><T38/><D110/><U66/><E65/><V58/><F58/><W78/><G82/><T67/><D108/><U54/><E66/><V15/><F15/><W112/><G112/><T68/><D68/><U131/><E14/><V36/><AGARI ba="0,0" hai="4,5,6,18,22,25,36,37,39,122,123" m="28778" machi="36" ten="40,2100,0" yaku="5,1" doraHai="97" who="2" fromWho="2" sc="350,-7,247,-7,188,21,215,-7" />
</Scene>
<Scene>
<INIT seed="6,1,0,4,3,131" ten="343,240,209,208" oya="2" hai0="24,69,110,52,107,43,115,50,112,83,90,76,8" hai1="77,104,34,29,100,64,47,45,124,67,1,9,109" hai2="125,61,4,27,51,119,74,11,65,135,30,78,2" hai3="37,25,123,23,94,88,7,103,18,86,0,114,132"/><V106/><F119/><W33/><G123/><T49/><D110/><U89/><E109/><V39/><F125/><W118/><G118/><T56/><D69/><U66/><E77/><V121/><F121/><W53/><G114/><N who="0" m="43563" /><D107/><U13/><E1/><V101/><F51/><W32/><G37/><T85/><D24/><U48/><E124/><V59/><F39/><W133/><G103/><T15/><D43/><U63/><E63/><V105/><F101/><W31/><G53/><T92/><D52/><U26/><E89/><V134/><F78/><W126/><G126/><T21/><D21/><U122/><E122/><V102/><F74/><W68/><G68/><T41/><D56/><U99/><REACH who="1" step="1"/><E48/><REACH who="1" ten="343,230,209,208" step="2"/><V62/><F62/><W44/><G44/><T129/><D76/><U12/><E12/><V111/><F111/><W70/><G70/><T87/><D15/><U93/><E93/><V117/><F117/><W10/><REACH who="3" step="1"/><G33/><REACH who="3" ten="343,230,209,198" step="2"/><T80/><D129/><U19/><AGARI ba="1,2" hai="9,13,19,26,29,34,45,47,64,66,67,99,100,104" machi="19" ten="30,2000,0" yaku="1,1,0,1,53,0" doraHai="131" doraHaiUra="54" who="1" fromWho="1" sc="343,-6,230,43,209,-11,198,-6" />
</Scene>
<Scene>
<INIT seed="7,0,0,1,0,114" ten="337,273,198,192" oya="3" hai0="101,97,131,85,37,120,17,112,10,111,125,84,83" hai1="67,68,71,77,81,15,91,76,96,27,16,73,80" hai2="53,9,86,119,109,88,134,98,121,65,48,52,132" hai3="50,122,26,59,95,93,44,102,123,118,6,92,1"/><W124/><G124/><T64/><D111/><U35/><E67/><V0/><F65/><W87/><G59/><T127/><D120/><U45/><E45/><V40/><F109/><W8/><G118/><T105/><D112/><U115/><E115/><V74/><F74/><W34/><G102/><T117/><D37/><U7/><E7/><N who="2" m="1255" /><F98/><W12/><G1/><T110/><D117/><U89/><E27/><V24/><F24/><W104/><G104/><T58/><D110/><U135/><E35/><V61/><F61/><W2/><G2/><T47/><D131/><U60/><E135/><N who="2" m="51755" /><F121/><W103/><G103/><T94/><D47/><U75/><E60/><V5/><F5/><W38/><G38/><T63/><D105/><U99/><E15/><V14/><F14/><W130/><G130/><T49/><D49/><U41/><E41/><V133/><N who="2" m="51763" /><V33/><DORA hai="69" /><F33/><W46/><G87/><T19/><D85/><U28/><E28/><V18/><F18/><AGARI ba="0,0" hai="16,18,68,71,73,75,76,77,80,81,89,91,96,99" machi="18" ten="25,3200,0" yaku="22,2,54,1" doraHai="114,69" who="1" fromWho="2" sc="337,0,273,32,198,-32,192,0" owari="337,43.0,305,11.0,166,-33.0,192,-21.0" />
</Scene>
</mjloggm>