<mjloggm ver="2.3"><GO type="169"/><UN n0="%E9%81%8A%E8%B5%B0" n1="%E3%82%82%E3%81%A3%E3%81%97%E3%83%BC" n2="%E3%82%B3%E3%83%AD%E3%83%A9%E3%83%89" n3="%E5%A4%AA%E3%81%8F%E3%81%AA%E3%81%84%E3%81%8A" dan="17,17,17,17" rate="2161,2125,2099,2123" sx="F,M,M,M"/><TAIKYOKU oya="0"/>

<Scene>
<INIT seed="0,0,0,4,0,102" ten="250,250,250,250" oya="0" hai0="32,91,31,131,46,25,110,27,64,84,16,44,113" hai1="67,104,115,72,28,73,120,29,58,89,69,59,107" hai2="42,66,127,93,20,112,94,11,0,134,123,128,34" hai3="79,18,68,62,40,78,56,26,133,77,52,38,36"/><T7/><D113/><U126/><E115/><V88/><F34/><W74/><G133/><T119/><D119/><U85/><E120/><V54/><F123/><W43/><G74/><T21/><D131/><U60/><E126/><V129/><F112/><W130/><G130/><N who="2" m="50281" /><F127/><W48/><G68/><T35/><D110/><U99/><E73/><V97/><F134/><W132/><G132/><T96/><D35/><U65/><E72/><V9/><F0/><W49/><G38/><T76/><D7/><U5/><E5/><V109/><F109/><W114/><G114/><T19/><D76/><U111/><E111/><V80/><F66/><W121/><G121/><T15/><D64/><U124/><E124/><V22/><F80/><W8/><G36/><T45/><D96/><U103/><E107/><V90/><F42/><N who="3" m="15915" /><G26/><T106/><D106/><U118/><E118/><V87/><F54/><W47/><G47/><T12/><REACH who="0" step="1"/><D19/><REACH who="0" ten="240,250,250,250" step="2"/><U24/><E67/><V122/><F122/><W125/><G125/><T95/><AGARI ba="0,1" hai="12,15,16,21,25,27,31,32,44,45,46,84,91,95" machi="95" ten="30,12000,1" yaku="1,1,2,1,0,1,54,1,53,1" doraHai="102" doraHaiUra="83" who="0" fromWho="0" sc="240,130,250,-40,250,-40,250,-40" />
</Scene>
<Scene>
<INIT seed="0,1,0,5,5,81" ten="370,210,210,210" oya="0" hai0="116,62,121,76,110,74,135,96,1,94,3,19,21" hai1="31,69,38,73,84,37,131,127,9,91,61,7,53" hai2="63,90,86,65,23,93,134,8,56,60,51,125,112" hai3="66,85,88,99,108,46,64,109,2,0,87,45,29"/><T130/><D121/><U18/><E73/><V57/><F134/><W126/><G29/><T24/><D116/><U15/><E31/><V111/><F111/><W42/><G99/><T101/><D135/><U102/><E102/><V133/><F133/><W79/><G126/><T124/><D130/><U113/><E131/><V39/><F39/><W78/><G42/><T70/><D124/><U103/><E103/><V83/><F125/><W82/><G82/><T106/><D110/><U100/><E100/><V97/><F112/><W52/><G88/><T98/><D96/><U58/><E127/><V107/><F107/><W89/><G89/><T75/><D94/><U47/><E113/><V13/><F23/><W33/><REACH who="3" step="1"/><G52/><REACH who="3" ten="370,210,210,200" step="2"/><T118/><D98/><U122/><E91/><V95/><F97/><W14/><G14/><T41/><D41/><U50/><E15/><V132/><F132/><W117/><G117/><T48/><D118/><U71/><E53/><N who="2" m="31807" /><F60/><W49/><G49/><T26/><D48/><U4/><E61/><V59/><F57/><W17/><G17/><AGARI ba="1,1" hai="8,13,17,59,63,65,83,86,90,93,95" m="31807" machi="17" ten="30,2000,0" yaku="8,1,52,1" doraHai="81" who="2" fromWho="3" sc="370,0,210,0,210,33,200,-23" />
</Scene>
<Scene>
<INIT seed="1,0,0,3,2,57" ten="370,210,243,177" oya="1" hai0="116,11,111,79,82,20,68,113,129,89,97,132,96" hai1="27,110,120,98,5,112,8,77,12,60,48,37,15" hai2="125,94,114,31,117,134,44,13,35,58,61,105,28" hai3="121,36,90,130,133,34,42,75,72,100,40,69,18"/><U64/><E37/><V88/><F105/><W38/><G121/><T115/><D68/><U32/><E120/><V6/><F117/><W74/><G34/><T47/><D116/><U86/><E112/><V87/><F114/><W81/><G100/><T21/><D111/><U91/><E110/><V25/><F134/><W135/><G69/><T52/><D132/><N who="3" m="50761" /><G130/><T78/><D129/><U71/><E48/><V65/><F125/><W131/><G131/><T53/><D11/><U51/><E51/><V50/><F31/><W2/><G2/><T106/><D89/><U46/><E46/><V92/><F92/><W66/><G66/><T62/><D82/><U23/><E77/><V83/><F94/><W80/><G18/><T127/><D47/><U70/><E32/><V104/><F104/><W45/><G90/><T55/><D55/><U128/><E128/><V93/><F93/><W29/><G29/><T0/><D0/><U76/><E76/><V49/><REACH who="2" step="1"/><F44/><AGARI ba="0,0" hai="36,38,40,42,44,45,72,74,75,80,81" m="50761" machi="44" ten="40,1300,0" yaku="20,1" doraHai="57" who="3" fromWho="2" sc="370,0,210,0,243,-13,177,13" />
</Scene>
<Scene>
<INIT seed="2,0,0,0,1,85" ten="370,210,230,190" oya="2" hai0="109,24,91,77,134,125,99,26,16,63,60,132,4" hai1="23,67,41,46,95,58,107,50,90,45,84,13,38" hai2="2,42,20,15,14,17,64,70,120,130,57,43,28" hai3="21,9,117,8,25,118,103,81,47,65,76,0,123"/><V121/><F2/><W102/><G123/><T10/><D77/><U104/><E67/><V29/><F70/><W37/><G65/><T101/><D125/><U30/><E58/><V124/><F124/><W93/><G37/><T52/><D109/><U83/><E95/><V66/><F57/><W126/><G126/><T7/><D52/><U34/><E34/><V108/><F20/><W44/><G0/><T72/><D72/><U94/><E94/><V56/><F56/><W112/><G93/><N who="0" m="56767" /><D134/><U36/><E36/><V54/><F54/><W39/><G39/><T114/><D101/><U22/><E23/><V61/><F17/><W6/><G112/><T78/><D78/><U59/><E59/><V110/><REACH who="2" step="1"/><F130/><REACH who="2" ten="370,210,220,190" step="2"/><W53/><G53/><T32/><D16/><U40/><E22/><V129/><F129/><W62/><G21/><T82/><D32/><U3/><E3/><V79/><F79/><W92/><G76/><T80/><D24/><U87/><E41/><V31/><F31/><W131/><G25/><T75/><D26/><U116/><E40/><V128/><F128/><W127/><G131/><T113/><D60/><AGARI ba="0,1" hai="14,15,28,29,42,43,60,61,64,66,108,110,120,121" machi="60" ten="25,4800,0" yaku="1,1,22,2,53,0" doraHai="85" doraHaiUra="19" who="2" fromWho="0" sc="370,-48,210,0,220,58,190,0" />
</Scene>
<Scene>
<INIT seed="2,1,0,3,0,17" ten="322,210,278,190" oya="2" hai0="38,18,41,133,27,135,112,56,123,24,118,77,87" hai1="0,39,130,111,97,78,15,19,45,30,52,109,54" hai2="79,119,26,124,36,31,16,81,86,4,92,9,44" hai3="48,120,37,1,106,40,80,28,75,12,32,33,51"/><V90/><F119/><W11/><G120/><T35/><D123/><U114/><E114/><V126/><F36/><W84/><G106/><T62/><D118/><U104/><E0/><V73/><F44/><N who="3" m="23567" /><G12/><T88/><D112/><U43/><E130/><V57/><F57/><W53/><G84/><T46/><D77/><U129/><E129/><V107/><F107/><W69/><G69/><T74/><D74/><U89/><E78/><V60/><F60/><W42/><G42/><T93/><D35/><N who="3" m="13385" /><G53/><T85/><D85/><U113/><E30/><V94/><F94/><W83/><G28/><T134/><REACH who="0" step="1"/><D18/><REACH who="0" ten="312,210,278,190" step="2"/><U132/><E113/><V58/><F31/><W72/><G72/><T61/><D61/><U96/><E19/><V101/><F16/><W14/><G75/><T21/><D21/><U116/><E111/><V22/><F22/><W3/><G11/><T5/><D5/><U127/><E109/><V50/><F26/><W59/><G80/><T29/><D29/><U10/><E10/><V65/><F73/><W131/><G83/><T34/><D34/><U122/><E116/><V115/><F81/><W7/><G131/><T76/><D76/><U100/><E122/><V8/><F79/><W6/><G6/><T91/><D91/><U108/><E89/><V49/><F115/><W82/><G82/><T20/><D20/><U117/><E108/><V95/><F4/><W128/><G128/><T125/><D125/><N who="2" m="48234" /><F9/><N who="3" m="4415" /><G3/><T67/><AGARI ba="1,1" hai="24,27,38,41,46,56,62,67,87,88,93,133,134,135" machi="67" ten="30,8000,1" yaku="1,1,0,1,20,1,54,1,53,1" doraHai="17" doraHaiUra="55" who="0" fromWho="0" sc="312,93,210,-21,278,-41,190,-21" />
</Scene>
<Scene>
<INIT seed="3,0,0,3,4,17" ten="405,189,237,169" oya="3" hai0="89,108,29,59,56,10,20,131,44,118,98,74,130" hai1="135,109,117,103,82,86,39,134,18,81,123,127,31" hai2="83,126,90,2,53,84,96,32,133,12,40,55,124" hai3="65,95,16,72,111,121,13,125,75,47,33,113,7"/><W22/><G121/><T119/><D74/><U116/><E123/><V8/><F2/><W85/><G113/><T97/><D10/><U120/><E120/><V91/><F32/><W105/><G105/><T60/><D44/><U1/><E39/><V52/><F40/><W99/><G33/><T41/><D41/><U19/><E1/><V67/><F67/><W57/><G125/><N who="2" m="48233" /><F133/><N who="1" m="50697" /><E127/><V21/><F21/><W132/><G132/><T43/><D43/><U104/><E31/><V3/><F3/><W51/><G7/><T45/><D45/><U76/><E109/><V122/><F122/><W70/><G70/><T30/><D108/><U107/><E19/><N who="2" m="8583" /><F96/><W101/><G111/><T0/><D0/><U78/><E18/><V15/><F15/><W42/><REACH who="3" step="1"/><G85/><REACH who="3" ten="405,189,237,159" step="2"/><T71/><D71/><U26/><E107/><V5/><F5/><W87/><G87/><T112/><D112/><U94/><E104/><V36/><F36/><W23/><G23/><T64/><D20/><U24/><E117/><V50/><F50/><W49/><G49/><T68/><D68/><U92/><E116/><V25/><F25/><W9/><G9/><T77/><D119/><U54/><E26/><V106/><F106/><W46/><G46/><T102/><D118/><U128/><E24/><V11/><F11/><W114/><G114/><T69/><D69/><U63/><E86/><V100/><F84/><W93/><G93/><T66/><D60/><AGARI ba="0,1" hai="13,16,22,42,47,51,57,60,65,72,75,95,99,101" machi="60" ten="40,7700,0" yaku="1,1,52,1,54,1,53,0" doraHai="17" doraHaiUra="80" who="3" fromWho="0" sc="405,-77,189,0,237,0,159,87" />
</Scene>
<Scene>
<INIT seed="3,1,0,4,1,77" ten="328,189,237,246" oya="3" hai0="129,13,29,2,32,5,15,102,132,57,30,124,117" hai1="43,87,108,61,71,131,19,81,78,89,75,80,20" hai2="31,27,28,21,106,92,1,17,9,133,58,45,55" hai3="85,135,95,123,25,40,127,90,69,68,34,59,49"/><W101/><G123/><T44/><D124/><U113/><E108/><V119/><F106/><W63/><G127/><T47/><D117/><U14/><E131/><V121/><F119/><W46/><G135/><T24/><D129/><U100/><E100/><V18/><F133/><W86/><G101/><T109/><D132/><U56/><E43/><V10/><F121/><W36/><G36/><T54/><D109/><U110/><E110/><V94/><F45/><N who="0" m="17482" /><D2/><U41/><E41/><V73/><F73/><W112/><G112/><T72/><D72/><U26/><E113/><V52/><F1/><W53/><REACH who="3" step="1"/><G86/><REACH who="3" ten="328,189,237,236" step="2"/><T66/><D102/><U99/><E99/><V42/><F42/><W35/><G35/><T6/><D32/><U103/><E103/><V97/><F97/><W130/><G130/><T114/><D114/><U83/><E71/><V116/><F116/><W38/><G38/><T62/><D5/><U126/><E126/><V111/><F111/><W50/><G50/><T79/><D6/><U48/><E48/><V3/><F3/><W22/><G22/><T70/><D70/><U16/><E75/><V134/><F134/><W107/><G107/><T7/><D7/><U82/><E78/><V23/><F27/><W128/><G128/><T120/><D120/><U39/><E39/><V12/><F12/><N who="0" m="4682" /><D79/><U37/><E37/><V104/><F104/><W93/><G93/><T125/><D125/><U105/><E105/><V88/><F88/><W11/><G11/><T65/><D24/><U91/><E91/><V8/><F8/><W60/><G60/><T4/><D4/><RYUUKYOKU ba="1,1" sc="328,10,189,-30,237,10,236,10" hai0="29,30,54,57,62,65,66" hai2="9,10,17,18,21,23,28,31,52,55,58,92,94" hai3="25,34,40,46,49,53,59,63,68,69,85,90,95" />
</Scene>
<Scene>
<INIT seed="3,2,1,4,1,56" ten="338,159,247,246" oya="3" hai0="87,78,123,23,2,47,52,29,33,133,126,111,96" hai1="100,25,9,39,68,128,73,10,14,81,55,35,24" hai2="120,72,86,99,116,83,45,118,90,129,36,60,76" hai3="40,114,16,66,127,80,62,19,48,44,130,94,108"/><W106/><G106/><T85/><D123/><U112/><E112/><V113/><F113/><W82/><G114/><T115/><D115/><U95/><E39/><V18/><F120/><W125/><G130/><T7/><D33/><U4/><E128/><V37/><F129/><W132/><G132/><T49/><D133/><U8/><E68/><V71/><F18/><N who="3" m="6699" /><G94/><T122/><D122/><U54/><E73/><V104/><F36/><W31/><G31/><T13/><D2/><U135/><E135/><V98/><F37/><W63/><G108/><T103/><D111/><U3/><E81/><N who="3" m="31338" /><G66/><T88/><D78/><U27/><E35/><V131/><F131/><W1/><G1/><T15/><D29/><U51/><E3/><V32/><F104/><W46/><G46/><T119/><D47/><N who="1" m="28031" /><E55/><V53/><F32/><W12/><G12/><T38/><D15/><U91/><E100/><V75/><F75/><W77/><G77/><T102/><D13/><U79/><E79/><V74/><F74/><W0/><G0/><T92/><D38/><U50/><E50/><N who="2" m="28879" /><F72/><W57/><G57/><T105/><D105/><U69/><E69/><V34/><F34/><W84/><G84/><AGARI ba="2,1" hai="4,8,9,10,14,24,25,27,84,91,95" m="28031" machi="84" ten="30,1000,0" yaku="8,1" doraHai="56" who="1" fromWho="3" sc="338,0,159,26,247,0,246,-16" />
</Scene>
<Scene>
<INIT seed="4,0,0,0,1,99" ten="338,185,247,230" oya="0" hai0="57,28,83,100,109,56,46,26,50,52,35,44,47" hai1="14,67,17,118,55,37,39,120,82,96,126,62,123" hai2="51,5,124,130,31,70,90,102,33,71,106,121,114" hai3="65,9,104,32,110,84,105,95,19,34,64,21,40"/><T43/><D109/><U3/><E3/><V85/><F121/><W13/><G110/><T122/><D122/><U73/><E118/><V92/><F5/><W7/><G40/><T107/><D57/><U53/><E123/><V45/><F114/><W125/><G125/><T132/><D132/><U128/><E120/><V4/><F4/><W119/><G119/><T127/><D127/><U2/><E2/><V89/><F124/><W79/><G105/><T72/><D107/><U63/><E126/><V69/><F130/><W23/><G104/><T91/><D100/><U80/><E128/><V58/><F58/><W30/><G21/><T101/><D101/><U93/><E39/><V54/><F90/><N who="3" m="53703" /><G34/><T12/><D12/><U48/><E37/><V1/><F1/><N who="3" m="239" /><G79/><T75/><D91/><U60/><E67/><V87/><F87/><W11/><G11/><T24/><D24/><AGARI ba="0,0" hai="13,19,23,24,30,32,64,65" m="239,53703" machi="24" ten="30,1000,0" yaku="24,1" doraHai="99" who="3" fromWho="0" sc="338,-10,185,0,247,0,230,10" />
</Scene>
<Scene>
<INIT seed="5,0,0,4,5,85" ten="328,185,247,240" oya="1" hai0="92,95,9,28,126,86,50,29,24,65,107,40,127" hai1="64,14,15,10,123,128,93,27,30,7,111,56,44" hai2="58,47,122,135,5,103,17,84,16,116,33,59,80" hai3="76,97,82,19,102,52,26,21,45,60,25,49,133"/><U48/><E123/><V120/><F116/><W6/><G133/><T66/><D107/><U90/><E128/><V98/><F33/><W108/><G108/><T131/><D9/><U67/><E111/><V99/><F135/><W8/><G60/><T83/><D131/><U18/><E56/><V124/><F5/><W114/><G114/><T23/><D29/><U68/><E68/><V55/><F124/><N who="0" m="47658" /><D50/><U11/><E27/><V74/><F74/><W132/><G132/><T22/><D40/><U61/><E61/><V70/><F70/><W46/><G26/><T42/><D42/><N who="1" m="24599" /><E30/><V3/><F3/><W4/><G8/><T130/><D23/><U109/><E109/><V38/><F122/><W63/><G63/><T129/><D129/><U77/><E77/><V53/><F120/><W43/><G43/><T115/><D115/><U79/><E79/><V73/><F38/><W78/><G78/><N who="0" m="46455" /><D130/><U87/><AGARI ba="0,0" hai="7,10,11,14,15,18,64,67,87,90,93" m="24599" machi="87" ten="30,3000,0" yaku="8,1,52,1" doraHai="85" who="1" fromWho="1" sc="328,-10,185,30,247,-10,240,-10" />
</Scene>
<Scene>
<INIT seed="5,1,0,1,0,106" ten="318,215,237,230" oya="1" hai0="122,41,51,131,35,42,32,109,73,18,8,29,119" hai1="31,92,40,135,68,99,108,27,79,96,104,30,34" hai2="21,114,16,102,132,83,47,128,103,84,55,56,95" hai3="1,48,86,12,0,7,97,5,74,50,107,93,62"/><U60/><E40/><V17/><F132/><W82/><G62/><T117/><D73/><U52/><E79/><N who="2" m="46207" /><F128/><W81/><G107/><T24/><D109/><U105/><E135/><V120/><F120/><W53/><G12/><T57/><D131/><U20/><E108/><V115/><F47/><W100/><G48/><T75/><D75/><U76/><E76/><V13/><F17/><W9/><G74/><T94/><D122/><U69/><E99/><V134/><F95/><W116/><G116/><T118/><D35/><U15/><E69/><V124/><F134/><W129/><G129/><T80/><D80/><U33/><E33/><V10/><F10/><W3/><G7/><T36/><D36/><U2/><E2/><V6/><F6/><W43/><G43/><T54/><D94/><U112/><E112/><N who="2" m="43051" /><F124/><W61/><G82/><T64/><D8/><U110/><E110/><V26/><F13/><W39/><G39/><T78/><D18/><U133/><E133/><V19/><F19/><W11/><G11/><T49/><D117/><U125/><E125/><V88/><F88/><N who="3" m="51279" /><G9/><T87/><D119/><U25/><E15/><V85/><F85/><W89/><G5/><T101/><D118/><U77/><E77/><V22/><F21/><W58/><G89/><T121/><D121/><U98/><E98/><V70/><F70/><W127/><G127/><T44/><D42/><U130/><E130/><V111/><F111/><W72/><G72/><T46/><D46/><U14/><E14/><V71/><F71/><W67/><G3/><T4/><D78/><U123/><E123/><RYUUKYOKU ba="1,0" sc="318,-15,215,-15,237,15,230,15" hai2="16,22,26,55,56,102,103" hai3="0,1,50,53,58,61,67,93,97,100" />
</Scene>
<Scene>
<INIT seed="6,2,0,5,2,101" ten="303,200,252,245" oya="2" hai0="89,42,108,124,13,67,99,116,112,75,90,61,48" hai1="74,40,103,2,14,129,98,56,59,110,43,64,46" hai2="7,105,114,81,38,82,20,28,55,4,132,88,68" hai3="107,15,10,84,93,32,91,23,97,121,11,34,94"/><V27/><F38/><W134/><G121/><T72/><D108/><U69/><E2/><V113/><F68/><W16/><G134/><T44/><D124/><U95/><E74/><V36/><F36/><W29/><G107/><T66/><D112/><N who="2" m="43114" /><F132/><W30/><G34/><T135/><D135/><U39/><E110/><V0/><F105/><W106/><G106/><T47/><D116/><U37/><E129/><V5/><F0/><W26/><REACH who="3" step="1"/><G30/><REACH who="3" ten="303,200,252,235" step="2"/><T58/><D75/><U109/><E109/><V83/><F55/><W24/><G24/><T111/><D72/><U76/><E64/><V45/><F45/><W18/><G18/><T70/><D111/><U60/><E46/><V73/><F73/><W125/><G125/><T127/><D127/><U117/><E117/><V19/><F28/><W50/><G50/><T52/><D67/><U49/><E49/><V119/><F119/><W63/><G63/><T54/><D54/><U65/><E39/><V85/><AGARI ba="2,1" hai="4,5,7,19,20,27,81,82,83,85,88" m="43114" machi="85" ten="40,3900,0" yaku="15,1,54,1" doraHai="101" who="2" fromWho="2" sc="303,-15,200,-15,252,55,235,-15" />
</Scene>
<Scene>
<INIT seed="6,3,0,1,5,119" ten="288,185,307,220" oya="2" hai0="134,72,11,39,16,123,19,126,65,5,98,23,8" hai1="38,28,2,31,34,51,26,63,0,90,29,7,67" hai2="53,37,97,33,81,130,91,121,78,59,18,71,87" hai3="115,52,47,76,6,105,83,135,68,79,49,112,109"/><V89/><F71/><W75/><G109/><T46/><D123/><U122/><E38/><V80/><F121/><W56/><G68/><T131/><D131/><U45/><E122/><V32/><F37/><W21/><G105/><T14/><D134/><U100/><E100/><V54/><F130/><W77/><G135/><T92/><D126/><U132/><E132/><V66/><F66/><W70/><G70/><T82/><D65/><U88/><E0/><V30/><F18/><W102/><G6/><T48/><D39/><U108/><E108/><V25/><F33/><W114/><G102/><T74/><D82/><U22/><E7/><V61/><F97/><W129/><G129/><T125/><D125/><U42/><E2/><V10/><F10/><W124/><G124/><T96/><D96/><U127/><E127/><V86/><REACH who="2" step="1"/><F54/><REACH who="2" ten="288,185,297,220" step="2"/><N who="3" m="30015" /><G21/><T43/><D11/><U104/><E34/><V94/><F94/><W64/><G64/><T95/><D19/><N who="1" m="12639" /><E104/><V101/><F101/><W84/><G84/><T73/><REACH who="0" step="1"/><D98/><REACH who="0" ten="278,185,297,220" step="2"/><U41/><E41/><V69/><F69/><W103/><G103/><T107/><D107/><U44/><E42/><V60/><F60/><AGARI ba="3,2" hai="52,56,60,75,76,77,79,83,112,114,115" m="30015" machi="60" ten="30,3900,0" yaku="15,1,11,1,54,1" doraHai="119" who="3" fromWho="2" sc="278,0,185,0,297,-48,220,68" />
</Scene>
<Scene>
<INIT seed="7,0,0,1,5,77" ten="278,185,249,288" oya="3" hai0="75,17,125,91,99,132,80,106,0,52,114,118,36" hai1="66,82,47,88,29,51,22,27,11,129,32,38,39" hai2="49,108,23,34,131,67,68,83,44,97,100,41,24" hai3="98,21,115,96,94,84,19,123,95,18,5,63,112"/><W37/><G37/><T15/><D118/><U30/><E66/><V45/><F108/><W42/><G123/><T56/><D0/><U76/><E129/><V26/><F131/><W72/><G72/><T90/><D132/><U71/><E71/><V10/><F34/><W116/><G116/><T87/><D36/><U46/><E46/><V48/><F10/><W89/><G5/><T58/><D125/><U60/><E60/><V128/><F128/><W117/><G117/><T124/><D124/><U64/><E64/><V134/><F134/><W61/><G42/><T79/><D114/><N who="3" m="43561" /><G98/><T113/><D113/><U31/><E11/><V28/><F26/><N who="3" m="14647" /><G19/><T104/><D58/><U70/><E70/><V4/><F4/><W3/><G3/><T65/><D65/><U81/><E39/><V74/><F67/><W53/><G53/><T13/><D13/><U43/><E38/><V1/><F1/><W40/><G40/><T102/><D75/><U54/><E32/><V6/><F6/><W50/><G50/><T109/><D109/><U2/><E2/><V20/><F68/><W101/><AGARI ba="0,0" hai="61,63,84,89,94,95,96,101" m="14647,43561" machi="101" ten="30,1500,0" yaku="15,1" doraHai="77" who="3" fromWho="3" sc="278,-5,185,-5,249,-5,288,15" owari="273,7.0,180,-32.0,244,-16.0,303,41.0" />
</Scene>
</mjloggm>