<mjloggm ver="2.3"><GO type="169" lobby="0"/><UN n0="%E5%8F%A4%E6%B8%85%E6%B0%B4%E5%87%9B" n1="%E5%A4%AA%E3%81%8F%E3%81%AA%E3%81%84%E3%81%8A" n2="%E3%83%9A%E3%83%81%E3%83%A7%E3%83%BC%E3%83%AA%E3%83%B3" n3="%E3%83%8F%E3%83%94%E3%83%8A%E5%90%8D%E6%8E%9B%E4%B8%81" dan="17,18,17,16" rate="2134.59,2186.91,2219.55,2156.94" sx="F,F,M,M"/><TAIKYOKU oya="0"/>

<Scene>
<INIT seed="0,0,0,2,3,57" ten="250,250,250,250" oya="0" hai0="28,82,108,91,70,31,59,19,23,35,98,128,63" hai1="133,81,122,123,4,61,68,34,109,96,0,84,134" hai2="60,120,17,42,73,49,44,132,20,13,64,118,71" hai3="11,6,72,54,90,75,114,45,112,115,100,56,21"/><T94/><D70/><U77/><E34/><V41/><F120/><W102/><G45/><T38/><D38/><U92/><E109/><V5/><F132/><N who="1" m="50793" /><E4/><V24/><F73/><W26/><G90/><T87/><D108/><U47/><E0/><V121/><F121/><W124/><G124/><T15/><D35/><U66/><E47/><V89/><F118/><W65/><G65/><T27/><D128/><U32/><E32/><V69/><F69/><W78/><G78/><T29/><D15/><U127/><E127/><V30/><F89/><AGARI ba="0,0" hai="61,66,68,77,81,84,89,92,96,122,123" m="50793" machi="89" ten="30,2000,0" yaku="20,1,52,1" doraHai="57" who="1" fromWho="2" sc="250,0,250,20,250,-20,250,0" />
</Scene>
<Scene>
<INIT seed="1,0,0,3,0,9" ten="250,270,230,250" oya="1" hai0="76,85,26,107,44,71,80,1,95,49,105,5,94" hai1="38,53,108,2,56,128,14,126,17,81,68,125,25" hai2="113,34,90,78,112,48,104,16,58,73,82,59,61" hai3="127,31,36,37,55,86,41,91,116,102,118,123,77"/><U15/><E2/><V87/><F34/><W50/><G123/><T74/><D71/><U83/><E68/><V132/><F104/><W18/><G127/><N who="1" m="48650" /><E38/><V129/><F129/><W122/><G122/><T110/><D1/><U131/><E25/><V23/><F132/><W22/><G77/><T0/><D0/><U134/><E134/><V111/><F111/><W67/><G67/><T54/><D5/><U10/><E108/><V117/><F48/><W103/><G31/><T97/><D110/><U114/><E114/><N who="2" m="44139" /><F61/><W6/><G6/><T21/><D74/><U24/><E24/><N who="2" m="14439" /><F117/><N who="3" m="45163" /><G41/><T45/><D45/><U72/><E72/><V8/><F8/><W12/><G37/><T63/><D63/><N who="1" m="36239" /><E14/><V39/><F39/><W32/><G32/><T89/><REACH who="0" step="1"/><D95/><AGARI ba="0,0" hai="58,59,73,78,82,87,90,95" m="14439,44139" machi="95" ten="30,2000,0" yaku="11,1,54,1" doraHai="9" who="2" fromWho="0" sc="250,-20,270,0,230,20,250,0" />
</Scene>
<Scene>
<INIT seed="2,0,0,2,1,5" ten="230,270,250,250" oya="2" hai0="104,69,64,40,59,23,58,38,12,124,28,86,92" hai1="10,3,60,20,46,33,41,43,103,90,80,101,42" hai2="49,24,22,9,27,97,56,115,135,114,75,84,74" hai3="94,109,7,83,79,34,127,102,35,25,131,105,17"/><V122/><F135/><W126/><G109/><T61/><D104/><U29/><E33/><V118/><F118/><W54/><G105/><T37/><D124/><N who="3" m="47657" /><G131/><T16/><D28/><U77/><E90/><V88/><F122/><W98/><G7/><T1/><D1/><U113/><E113/><V107/><F24/><W2/><G2/><T45/><D38/><U128/><E128/><V19/><F75/><N who="3" m="43519" /><G54/><T106/><D106/><U32/><E32/><V91/><F74/><W26/><G26/><T55/><D55/><U30/><E60/><V129/><F129/><W95/><G95/><T50/><REACH who="0" step="1"/><D37/><REACH who="0" ten="220,270,250,250" step="2"/><U130/><E3/><V70/><F107/><W112/><G112/><T73/><D73/><U89/><E130/><V117/><F117/><W4/><G35/><T119/><D119/><U8/><E30/><V76/><F115/><W21/><G34/><T18/><D18/><U39/><E29/><V48/><F114/><W14/><G4/><T132/><D132/><U134/><E39/><V121/><F19/><W67/><G67/><T71/><D71/><U85/><E134/><V81/><F70/><W133/><G133/><T65/><D65/><U63/><E42/><V53/><F53/><W57/><G17/><T96/><D96/><U11/><E41/><V52/><F97/><W31/><G14/><T82/><D82/><U13/><E13/><V68/><F81/><W51/><G51/><T44/><D44/><U93/><E46/><V87/><F49/><W47/><G47/><T120/><D120/><U78/><E80/><V116/><F121/><W0/><G0/><RYUUKYOKU ba="0,1" sc="220,15,270,-15,250,-15,250,15" hai0="12,16,23,40,45,50,58,59,61,64,69,86,92" hai3="21,25,31,57,94,98,102" />
</Scene>
<Scene>
<INIT seed="3,1,1,4,0,44" ten="235,255,235,265" oya="3" hai0="104,113,91,38,54,53,129,93,105,61,5,123,114" hai1="80,34,95,35,10,63,124,48,103,28,101,84,64" hai2="67,98,70,87,128,66,4,85,47,51,73,39,49" hai3="69,72,37,108,121,43,42,131,58,52,135,56,50"/><W3/><G72/><T90/><D38/><U79/><E124/><V15/><F73/><W134/><G3/><T8/><D123/><U19/><E28/><V120/><F120/><W99/><G121/><T18/><D18/><U14/><E48/><N who="2" m="18507" /><F39/><W96/><G131/><T74/><D74/><U40/><E40/><N who="3" m="15402" /><G37/><T122/><D129/><U119/><E119/><V26/><F70/><W62/><G108/><T22/><D22/><U6/><E6/><V88/><F128/><W109/><G109/><T21/><D21/><U36/><E36/><V102/><F47/><W46/><G99/><N who="0" m="57783" /><D91/><U12/><E12/><V1/><F1/><W31/><G96/><T132/><D122/><U60/><E34/><V107/><F107/><W9/><G9/><T100/><D105/><U75/><E35/><V23/><F87/><W94/><G94/><T29/><D104/><U77/><E95/><N who="2" m="58719" /><F15/><W25/><G25/><T27/><D27/><U130/><E130/><V82/><F4/><W17/><G17/><AGARI ba="1,1" hai="17,23,26,66,67,82,85,88" m="58719,18507" machi="17" ten="30,8000,1" yaku="8,1,52,3,54,1" doraHai="44" who="2" fromWho="3" sc="235,0,255,0,235,93,265,-83" />
</Scene>
<Scene>
<INIT seed="4,0,0,5,1,16" ten="235,255,328,182" oya="0" hai0="33,125,6,51,77,59,30,38,54,67,43,75,69" hai1="61,71,84,37,9,50,88,97,110,5,76,115,56" hai2="93,66,118,15,126,22,89,73,14,106,86,92,130" hai3="8,55,68,28,12,83,44,108,74,87,19,112,101"/><T20/><D125/><U85/><E110/><V52/><F106/><W81/><G112/><T134/><D33/><U2/><E37/><V96/><F73/><W109/><G68/><T34/><D34/><U10/><E115/><V128/><F126/><W11/><G101/><T114/><D6/><U47/><E71/><V94/><F66/><W104/><G104/><T99/><D114/><U78/><E97/><V23/><F118/><W17/><G28/><T42/><D99/><U65/><E10/><V133/><F133/><W0/><G0/><T90/><D90/><U36/><E36/><V31/><F31/><W105/><G105/><T35/><D35/><U24/><E24/><V122/><F122/><W45/><G74/><T27/><D134/><U18/><E18/><V103/><F94/><W117/><G117/><T64/><D64/><U70/><E70/><V79/><F79/><W113/><G113/><T41/><D38/><U116/><E116/><V58/><F15/><W1/><G1/><T102/><D102/><U107/><E107/><V25/><F25/><W131/><G131/><N who="2" m="50217" /><F14/><W124/><G124/><T32/><D32/><U111/><E111/><V3/><F3/><W26/><G12/><T40/><D69/><U72/><E72/><V135/><F135/><W62/><G26/><T119/><D119/><U127/><E127/><V121/><F121/><W46/><G55/><T123/><D123/><U57/><E65/><V129/><F129/><W7/><G7/><T63/><N who="0" m="10240" /><DORA hai="132" /><T100/><D75/><U13/><E2/><V98/><F98/><W53/><G109/><RYUUKYOKU ba="0,0" sc="235,-10,255,-10,328,30,182,-10" hai2="22,23,52,58,86,89,92,93,96,103" />
</Scene>
<Scene>
<INIT seed="5,1,0,0,5,5" ten="225,245,358,172" oya="1" hai0="104,32,128,95,64,67,83,20,12,96,28,10,124" hai1="99,109,25,75,30,13,82,46,121,126,62,131,37" hai2="88,29,35,71,53,23,112,114,72,47,111,87,4" hai3="52,16,129,41,115,0,119,19,76,127,84,107,60"/><U18/><E121/><V61/><F72/><W120/><G120/><T63/><D104/><U45/><E37/><V73/><F73/><W125/><G107/><T116/><D116/><U110/><E131/><V81/><F35/><W6/><G129/><T59/><D32/><N who="1" m="20559" /><E99/><V77/><F111/><N who="1" m="42505" /><E126/><N who="3" m="48138" /><G115/><T101/><D124/><U54/><E62/><V108/><F61/><W79/><G41/><T66/><D128/><U44/><E54/><V97/><F53/><W21/><G119/><T33/><D33/><U94/><E94/><V55/><F55/><W40/><G40/><T17/><D83/><U9/><E75/><V106/><F81/><AGARI ba="1,0" hai="9,13,18,44,45,46,81,82" m="42505,20559" machi="81" ten="30,2900,0" yaku="10,1,52,1" doraHai="5" who="1" fromWho="2" sc="225,0,245,32,358,-32,172,0" />
</Scene>
<Scene>
<INIT seed="5,2,0,4,0,0" ten="225,277,326,172" oya="1" hai0="88,34,82,56,47,109,98,97,21,36,8,54,63" hai1="57,117,16,105,129,50,31,99,29,13,111,40,108" hai2="46,33,78,7,101,116,11,123,120,95,67,74,128" hai3="73,103,64,66,44,91,80,86,94,115,121,124,61"/><U24/><E117/><V100/><F33/><W83/><G121/><T39/><D34/><U81/><E129/><V9/><F116/><W107/><G115/><T71/><D71/><U6/><E81/><V38/><F128/><W68/><G124/><T51/><D109/><N who="1" m="42059" /><E105/><V102/><F67/><W72/><G44/><T77/><D21/><N who="1" m="13351" /><E99/><V4/><F95/><W41/><G41/><T133/><D133/><U37/><E37/><V14/><F78/><W65/><G80/><T53/><D97/><U126/><E126/><V131/><F74/><W3/><G3/><T104/><D104/><U49/><E57/><V32/><F131/><W25/><G25/><T89/><D98/><U20/><E40/><V30/><F38/><W114/><G114/><T127/><D127/><U28/><E20/><V59/><F59/><W45/><G45/><T90/><REACH who="0" step="1"/><D8/><AGARI ba="2,0" hai="6,8,13,28,29,31,49,50" m="13351,42059" machi="8" ten="30,5800,0" yaku="10,1,52,1,54,1" doraHai="0" who="1" fromWho="0" sc="225,-64,277,64,326,0,172,0" />
</Scene>
<Scene>
<INIT seed="5,3,0,1,4,47" ten="161,341,326,172" oya="1" hai0="97,29,92,49,123,34,105,101,64,77,60,98,116" hai1="13,126,66,18,107,45,121,1,44,127,41,117,84" hai2="38,73,7,51,11,15,102,78,85,67,115,134,58" hai3="55,62,69,22,74,129,80,91,40,30,24,99,95"/><U20/><E121/><V43/><F73/><W125/><G129/><T83/><D123/><U131/><E117/><V96/><F134/><W112/><G112/><T124/><D124/><N who="1" m="47659" /><E107/><V23/><F115/><W76/><G125/><T54/><D116/><U128/><E1/><V35/><F35/><W114/><G114/><T27/><D97/><U37/><E66/><V57/><F38/><W6/><G40/><T79/><D92/><U50/><E84/><V75/><F75/><W4/><G69/><T36/><D36/><U94/><E94/><N who="2" m="58647" /><F23/><W110/><G110/><T14/><D14/><U32/><E32/><V31/><F31/><W61/><G61/><T103/><D103/><U19/><E18/><V26/><F26/><W56/><AGARI ba="3,0" hai="4,6,22,24,30,55,56,62,74,76,80,91,95,99" machi="56" ten="30,1100,0" yaku="0,1" doraHai="47" who="3" fromWho="3" sc="161,-6,341,-8,326,-6,172,20" />
</Scene>
<Scene>
<INIT seed="6,0,0,4,4,84" ten="155,333,320,192" oya="2" hai0="60,7,101,108,44,81,114,135,0,64,87,115,97" hai1="71,62,94,133,51,85,73,38,90,96,99,6,126" hai2="37,107,102,57,132,131,105,4,34,55,31,78,123" hai3="8,28,1,26,45,39,116,76,121,118,23,33,36"/><V18/><F123/><W110/><G121/><T106/><D108/><U113/><E38/><V120/><F120/><W61/><G110/><T92/><D135/><U13/><E73/><V27/><F37/><W9/><G76/><T29/><D29/><U130/><E133/><V134/><F4/><W14/><G61/><T112/><D0/><U127/><E113/><V17/><F78/><W3/><G45/><T41/><D7/><U59/><E71/><V68/><F68/><W53/><G53/><T65/><D106/><U83/><E130/><V93/><F131/><W109/><G39/><T32/><D32/><U58/><E51/><V47/><F47/><W19/><G36/><T56/><D65/><U74/><E74/><V80/><F80/><W35/><G109/><T95/><D95/><U104/><E104/><V103/><F103/><W54/><G54/><T50/><REACH who="0" step="1"/><D114/><REACH who="0" ten="145,333,320,192" step="2"/><U22/><E6/><V125/><F107/><W46/><G35/><T16/><D16/><U5/><E5/><V77/><F105/><W124/><G124/><T72/><D72/><U21/><E94/><V100/><F93/><W2/><REACH who="3" step="1"/><G46/><REACH who="3" ten="145,333,320,182" step="2"/><T128/><D128/><U10/><E126/><V82/><F125/><W119/><AGARI ba="0,2" hai="1,2,3,8,9,14,19,23,26,28,33,116,118,119" machi="119" ten="40,12000,2" yaku="1,1,2,1,0,1,34,3,53,1" doraHai="84" doraHaiUra="20" who="3" fromWho="3" sc="145,-30,333,-30,320,-60,182,140" />
</Scene>
<Scene>
<INIT seed="7,0,0,2,2,41" ten="115,303,260,322" oya="3" hai0="9,3,130,133,24,7,71,75,69,115,100,126,53" hai1="97,107,83,99,37,27,13,91,87,85,31,58,18" hai2="56,110,93,112,80,25,45,106,66,81,52,131,120" hai3="2,123,46,67,129,6,108,124,125,55,135,23,78"/><W104/><G123/><T48/><D100/><U39/><E107/><V111/><F106/><W113/><G104/><T36/><D115/><U102/><E85/><V57/><F93/><W63/><G113/><T77/><D126/><N who="3" m="48745" /><G135/><T5/><D130/><U72/><E72/><V60/><F112/><W79/><G129/><T0/><D133/><U44/><E102/><V49/><F131/><W54/><G108/><T29/><D36/><U96/><E58/><V121/><F25/><W88/><G23/><T12/><D12/><U68/><E68/><N who="2" m="42055" /><F81/><W34/><G34/><T134/><D134/><U76/><E76/><N who="3" m="29226" /><G46/><T74/><D74/><U117/><E117/><V62/><F80/><W28/><G28/><T86/><D86/><U118/><E118/><V94/><F94/><W103/><G103/><T101/><D101/><U116/><E116/><V127/><F127/><W8/><G88/><T19/><D19/><U40/><E39/><V38/><F38/><W61/><G61/><T70/><D77/><U16/><REACH who="1" step="1"/><E13/><REACH who="1" ten="115,293,260,322" step="2"/><V26/><F26/><W20/><G20/><AGARI ba="0,1" hai="16,18,20,27,31,37,40,44,83,87,91,96,97,99" machi="20" ten="40,8000,1" yaku="1,1,2,1,52,1,54,1,53,0" doraHai="41" doraHaiUra="109" who="1" fromWho="3" sc="115,0,293,90,260,0,322,-80" owari="115,-38.0,383,48.0,260,6.0,242,-16.0" />
</Scene>
</mjloggm>