<mjloggm ver="2.3"><GO type="169" lobby="0"/><UN n0="%E3%81%A1%E3%81%8F%E3%81%8D" n1="%E3%83%9A%E3%83%81%E3%83%A7%E3%83%BC%E3%83%AA%E3%83%B3" n2="%E3%82%A2%E3%83%8B%E3%82%AA%E3%83%B3" n3="%E5%A4%AA%E3%81%8F%E3%81%AA%E3%81%84%E3%81%8A" dan="18,17,17,17" rate="2173.01,2150.50,2127.12,2173.16" sx="M,M,F,M"/><TAIKYOKU oya="0"/>

<Scene>
<INIT seed="0,0,0,4,1,21" ten="250,250,250,250" oya="0" hai0="129,51,40,63,108,121,0,109,8,101,58,124,2" hai1="77,43,68,82,30,26,95,112,117,19,78,133,94" hai2="104,119,24,76,64,31,83,23,103,114,36,45,14" hai3="65,71,33,70,88,13,87,56,37,46,73,17,57"/><T107/><D121/><U39/><E117/><V18/><F114/><W1/><G1/><T66/><D129/><U10/><E68/><V102/><F119/><W38/><G73/><T9/><D124/><U15/><E112/><V96/><F64/><W125/><G33/><T99/><D2/><U49/><E39/><V80/><F102/><W22/><G125/><T128/><D128/><U59/><E133/><V27/><F31/><W106/><G106/><T91/><D91/><U6/><E19/><V3/><F3/><W52/><G65/><T35/><D35/><U28/><E28/><V123/><F123/><W69/><G46/><N who="0" m="26055" /><D0/><U85/><E78/><V115/><F115/><W54/><G57/><T93/><D93/><U25/><E30/><V118/><F118/><W120/><G120/><T62/><D63/><U113/><E113/><V16/><F18/><W116/><G116/><T79/><D79/><U110/><E110/><AGARI ba="0,0" hai="8,9,58,62,66,99,101,107,108,109,110" m="26055" machi="110" ten="30,2900,0" yaku="14,1,10,1" doraHai="21" who="0" fromWho="1" sc="250,29,250,-29,250,0,250,0" />
</Scene>
<Scene>
<INIT seed="0,1,0,4,0,37" ten="279,221,250,250" oya="0" hai0="87,50,52,16,82,28,66,94,77,109,97,41,105" hai1="53,65,106,107,34,64,14,25,59,13,113,32,114" hai2="8,88,22,118,56,27,125,9,73,126,12,31,79" hai3="71,68,26,38,93,69,119,133,57,116,86,122,48"/><T61/><D109/><U127/><E127/><V121/><F121/><W20/><G38/><T110/><D110/><U51/><E25/><V2/><F118/><W98/><G122/><T23/><D105/><U33/><E106/><V84/><F56/><W96/><G133/><T85/><D28/><U104/><E104/><V58/><F58/><W46/><G57/><N who="0" m="34983" /><D66/><N who="1" m="25707" /><E107/><V17/><F2/><W72/><G72/><T1/><D1/><U3/><E3/><V130/><F130/><W132/><G132/><T54/><D54/><U60/><E60/><V21/><F79/><W11/><G119/><T24/><D82/><U89/><E89/><V70/><F70/><W80/><G116/><T63/><D63/><U135/><E135/><V100/><F73/><W18/><G80/><T55/><D77/><U6/><E6/><V36/><F100/><W91/><REACH who="3" step="1"/><G11/><REACH who="3" ten="279,221,250,240" step="2"/><T43/><D85/><U78/><E78/><V40/><F36/><W131/><G131/><T81/><D87/><U49/><E59/><V67/><F8/><W10/><G10/><T19/><D81/><U39/><E39/><V45/><F9/><W5/><G5/><T90/><D19/><U134/><E134/><V99/><F126/><W62/><G62/><T0/><D0/><U74/><E74/><V124/><F125/><W35/><G35/><T44/><AGARI ba="1,1" hai="16,23,24,41,43,44,50,55,90,94,97" m="34983" machi="44" ten="30,18000,2" yaku="25,1,8,1,52,2,54,2" doraHai="37" who="0" fromWho="0" sc="279,193,221,-61,250,-61,240,-61" />
</Scene>
<Scene>
<INIT seed="0,2,0,5,5,127" ten="472,160,189,179" oya="0" hai0="44,74,40,119,7,49,26,118,39,67,121,130,56" hai1="19,14,16,111,57,85,64,23,122,46,10,91,108" hai2="53,88,63,93,120,58,28,0,59,20,98,97,18" hai3="135,116,77,76,52,78,103,25,2,112,9,95,132"/><T69/><D74/><U38/><E122/><V65/><F0/><W125/><G116/><T32/><D7/><U66/><E38/><V114/><F114/><W1/><G112/><T84/><D84/><U94/><E46/><V35/><F35/><W24/><G125/><T15/><D15/><N who="1" m="9727" /><E57/><V61/><F120/><W131/><G52/><N who="0" m="31759" /><D121/><U134/><E134/><N who="3" m="51242" /><G131/><T48/><D130/><U79/><E79/><V45/><F45/><W31/><G9/><T100/><D100/><U8/><E8/><V96/><REACH who="2" step="1"/><F28/><REACH who="2" ten="472,160,179,179" step="2"/><W101/><G31/><T75/><D32/><U126/><E126/><V70/><F70/><W47/><G47/><T124/><D124/><U71/><E71/><V129/><F129/><W83/><G1/><T21/><D39/><U115/><E115/><V43/><F43/><W110/><G2/><T34/><D34/><U5/><E5/><V4/><F4/><W80/><G110/><AGARI ba="2,1" hai="10,14,16,64,66,85,91,94,108,110,111" m="9727" machi="110" ten="30,2000,0" yaku="14,1,54,1" doraHai="127" who="1" fromWho="3" sc="472,0,160,36,179,0,179,-26" />
</Scene>
<Scene>
<INIT seed="1,0,0,5,1,122" ten="472,196,179,153" oya="1" hai0="105,57,41,11,129,60,133,66,87,24,114,83,80" hai1="64,94,119,13,56,96,108,121,75,117,107,47,25" hai2="69,98,123,68,95,45,5,113,111,102,131,118,86" hai3="74,72,89,31,85,33,30,65,103,19,97,77,39"/><U63/><E121/><V126/><F123/><W71/><G39/><T84/><D114/><U28/><E75/><V7/><F118/><W88/><G19/><T110/><D105/><U109/><E107/><V51/><F113/><W48/><G48/><T44/><D129/><U0/><E0/><V61/><F131/><W27/><G31/><T81/><D133/><U90/><E13/><V4/><F126/><W36/><G36/><T46/><D110/><N who="1" m="42603" /><E47/><V40/><F111/><W132/><G132/><T92/><D44/><U53/><E53/><V15/><F15/><W62/><G77/><T43/><D46/><U21/><AGARI ba="0,0" hai="21,25,28,56,63,64,90,94,96,117,119" m="42603" machi="21" ten="30,12000,1" yaku="14,1,10,1,52,3" doraHai="122" who="1" fromWho="1" sc="472,-40,196,120,179,-40,153,-40" />
</Scene>
<Scene>
<INIT seed="1,1,0,2,0,40" ten="432,316,139,113" oya="1" hai0="88,51,20,103,109,132,98,21,42,10,122,5,80" hai1="6,116,48,49,125,64,76,97,101,115,3,104,135" hai2="11,47,114,112,38,28,117,78,60,84,133,7,72" hai3="19,85,1,108,55,2,39,75,25,46,36,37,73"/><U128/><E115/><N who="2" m="44075" /><F117/><W50/><G108/><T45/><D109/><U68/><E116/><V119/><F119/><W93/><G25/><T82/><D132/><U53/><E76/><V86/><F133/><W41/><G19/><T17/><D122/><U57/><E135/><V67/><F28/><W13/><G13/><N who="0" m="5327" /><D103/><U123/><E123/><V18/><F18/><W44/><G85/><T74/><D74/><U129/><E125/><V87/><F72/><N who="3" m="27723" /><G41/><T126/><D126/><U34/><E34/><V66/><F78/><W100/><G50/><T63/><D63/><N who="1" m="39967" /><E6/><V23/><F23/><N who="0" m="8778" /><D17/><U59/><E3/><N who="3" m="1034" /><G55/><T118/><D118/><U43/><E43/><N who="2" m="23031" /><F60/><W83/><G83/><T30/><D30/><U31/><E31/><V35/><F35/><W105/><G105/><T24/><D24/><U81/><E81/><V12/><AGARI ba="1,0" hai="7,11,12,66,67,84,86,87" m="23031,44075" machi="12" ten="30,2000,0" yaku="11,1,52,1" doraHai="40" who="2" fromWho="2" sc="432,-6,316,-11,139,23,113,-6" />
</Scene>
<Scene>
<INIT seed="2,0,0,5,5,99" ten="426,305,162,107" oya="2" hai0="42,3,121,7,51,105,81,58,67,73,114,80,19" hai1="62,29,10,28,88,59,12,108,6,18,102,106,2" hai2="103,60,130,119,53,61,22,127,94,57,35,55,89" hai3="134,16,97,46,96,123,38,5,98,37,84,95,135"/><V111/><F119/><W76/><G123/><T54/><D121/><U128/><E108/><V63/><F35/><W90/><G5/><T116/><D114/><U126/><E126/><V113/><F113/><W45/><G76/><T13/><D116/><U86/><E128/><V75/><F75/><W40/><REACH who="3" step="1"/><G16/><REACH who="3" ten="426,305,162,97" step="2"/><T133/><D19/><U8/><E18/><V101/><F127/><W48/><G48/><T52/><D51/><U47/><E8/><V129/><F111/><W68/><G68/><T125/><D7/><U14/><E6/><V109/><F109/><W78/><G78/><T23/><D125/><U82/><E10/><V56/><F22/><W91/><G91/><T1/><D23/><U15/><E2/><V17/><F17/><W124/><G124/><T74/><D3/><U26/><E26/><V11/><F11/><W117/><G117/><T66/><D1/><U71/><E71/><V107/><F63/><W112/><G112/><T33/><D33/><U31/><E62/><V44/><F44/><W69/><G69/><T4/><D4/><U110/><E47/><V87/><REACH who="2" step="1"/><F107/><REACH who="2" ten="426,305,152,97" step="2"/><W79/><G79/><T83/><D105/><U0/><E110/><V65/><F65/><W77/><G77/><T30/><D67/><U132/><E106/><V50/><F50/><W131/><G131/><AGARI ba="0,2" hai="53,55,56,57,60,61,87,89,94,101,103,129,130,131" machi="131" ten="40,12000,1" yaku="1,1,9,1,19,1,52,2,53,0" doraHai="99" doraHaiUra="92" who="2" fromWho="3" sc="426,0,305,0,152,140,97,-120" owari="426,52.0,305,11.0,292,-11.0,-23,-52.0" />
</Scene>
</mjloggm>