<mjloggm ver="2.3"><GO type="169"/><UN n0="%E3%83%9A%E3%83%81%E3%83%A7%E3%83%BC%E3%83%AA%E3%83%B3" n1="%E5%A4%AA%E3%81%8F%E3%81%AA%E3%81%84%E3%81%8A" n2="%E3%81%B2%E3%81%BD%E3%81%8D%E3%82%88%E3%81%97" n3="%E3%81%93%E3%81%BE%E3%81%A3%E3%81%95%E3%82%93" dan="17,18,18,16" rate="2187,2185,2163,2084" sx="M,M,M,M"/><TAIKYOKU oya="0"/>

<Scene>
<INIT seed="0,0,0,5,0,45" ten="250,250,250,250" oya="0" hai0="110,7,23,50,69,123,125,28,114,54,105,73,117" hai1="91,80,135,12,60,130,108,126,31,14,112,27,24" hai2="115,32,47,30,74,18,0,83,53,26,88,76,38" hai3="8,36,39,59,106,111,77,107,29,79,119,11,113"/><T118/><D105/><U40/><E108/><V99/><F115/><W48/><G113/><T64/><D73/><U25/><E112/><V89/><F0/><W75/><G29/><T41/><D114/><U81/><E126/><V3/><F3/><W134/><G119/><N who="0" m="45579" /><D7/><U58/><E130/><V66/><F66/><W16/><G111/><T133/><D23/><U9/><E135/><V37/><F18/><W33/><G33/><T55/><D28/><U57/><E40/><V19/><F19/><W103/><G103/><T101/><D101/><U68/><E68/><V86/><F99/><W71/><G16/><T72/><D72/><U127/><E127/><V35/><F35/><W93/><G75/><T10/><D10/><U87/><E57/><V121/><F121/><W20/><G20/><T104/><D104/><U78/><E31/><V56/><F47/><W129/><G134/><T17/><D17/><U49/><E9/><V22/><F32/><W6/><G6/><T1/><D1/><U132/><E132/><V4/><F4/><W62/><G8/><T46/><D125/><U2/><E2/><V94/><REACH who="2" step="1"/><F89/><REACH who="2" ten="250,250,240,250" step="2"/><W34/><G34/><T61/><D133/><U120/><E120/><V43/><F43/><W44/><G11/><T52/><D110/><U90/><E90/><V5/><F5/><W70/><G70/><T96/><D96/><U13/><E91/><V65/><F65/><W82/><G71/><T116/><D116/><U100/><E13/><V109/><F109/><W51/><G44/><T122/><AGARI ba="0,1" hai="41,46,50,52,54,55,61,64,69,122,123" m="45579" machi="122" ten="40,12000,1" yaku="34,2,52,1,54,1" doraHai="45" who="0" fromWho="0" sc="250,130,250,-40,240,-40,250,-40" />
</Scene>
<Scene>
<INIT seed="0,1,0,4,0,57" ten="380,210,200,210" oya="0" hai0="52,70,64,120,25,27,128,108,122,16,38,111,118" hai1="116,85,20,102,83,125,21,129,73,45,18,7,8" hai2="123,105,56,88,40,12,35,92,6,76,84,113,99" hai3="32,22,68,103,112,131,5,23,67,46,65,133,130"/><T109/><D38/><U14/><E116/><V104/><F35/><W3/><G32/><T78/><D118/><U29/><E125/><V110/><F110/><W37/><G112/><T66/><D128/><N who="3" m="49193" /><G103/><T87/><D70/><U89/><E129/><V107/><F40/><N who="3" m="22799" /><G133/><T10/><D78/><U36/><E102/><V97/><F113/><W127/><G127/><T119/><D87/><U93/><E36/><V49/><F123/><N who="0" m="47146" /><D119/><U17/><E45/><V44/><F76/><W9/><G67/><N who="0" m="25643" /><D52/><U19/><E73/><V62/><F6/><W69/><G69/><T101/><D101/><U114/><E114/><V95/><F12/><AGARI ba="1,0" hai="10,12,16,25,27,108,109,111" m="25643,47146" machi="12" ten="40,7700,0" yaku="14,1,10,1,54,1" doraHai="57" who="0" fromWho="2" sc="380,80,210,0,200,-80,210,0" />
</Scene>
<Scene>
<INIT seed="0,2,0,2,3,12" ten="460,210,120,210" oya="0" hai0="63,93,118,102,3,19,117,0,96,114,92,101,69" hai1="87,89,41,31,105,51,30,115,23,98,48,49,9" hai2="4,62,8,10,26,75,50,17,123,91,53,131,68" hai3="34,107,77,67,38,28,7,27,129,130,6,61,59"/><T58/><D114/><U14/><E115/><V32/><F131/><N who="3" m="50187" /><G38/><T20/><D69/><U37/><E37/><V29/><F75/><W47/><G107/><T104/><D3/><U35/><E35/><V97/><F123/><W85/><G47/><T46/><D0/><U90/><E41/><V119/><F119/><W16/><G77/><T39/><D46/><U76/><E76/><V74/><F74/><W55/><G85/><T120/><D39/><U127/><E127/><V57/><F4/><N who="3" m="1579" /><G55/><T121/><D120/><U43/><E43/><V110/><F110/><W42/><G42/><T106/><D121/><U133/><E133/><V109/><F109/><W95/><G95/><T103/><D93/><N who="1" m="56631" /><E23/><V56/><F97/><W5/><N who="3" m="1587" /><W80/><DORA hai="112" /><G80/><T52/><D106/><U111/><E105/><V25/><F68/><W128/><N who="3" m="50195" /><W81/><DORA hai="71" /><G81/><T33/><D33/><U22/><E22/><V66/><REACH who="2" step="1"/><F91/><REACH who="2" ten="460,210,110,210" step="2"/><W122/><G122/><T100/><REACH who="0" step="1"/><D104/><REACH who="0" ten="450,210,110,210" step="2"/><U1/><E1/><V125/><F125/><W79/><G79/><T60/><D60/><U86/><E111/><V73/><F73/><W134/><G134/><T2/><D2/><U18/><E89/><V64/><F64/><W108/><G108/><T24/><AGARI ba="2,2" hai="19,20,24,52,58,63,92,96,100,101,102,103,117,118" machi="24" ten="30,24000,3" yaku="1,1,0,1,52,3,54,1,53,2" doraHai="12,112,71" doraHaiUra="65,135,113" who="0" fromWho="0" sc="450,266,210,-82,110,-82,210,-82" />
</Scene>
<Scene>
<INIT seed="0,3,0,1,5,2" ten="716,128,28,128" oya="0" hai0="109,27,134,58,60,62,24,32,130,16,26,41,68" hai1="61,48,125,80,20,40,39,7,17,79,64,8,116" hai2="54,91,63,28,114,120,75,115,78,9,119,12,121" hai3="112,124,113,128,11,88,1,43,107,22,44,49,76"/><T110/><D41/><U52/><E116/><V77/><F119/><W38/><G107/><T90/><D134/><U102/><E125/><V70/><F120/><W69/><G69/><T95/><D130/><U98/><E39/><V126/><F121/><W118/><G118/><T4/><D4/><U30/><E30/><V71/><F126/><W6/><G124/><T57/><D32/><U72/><E40/><V47/><F75/><W5/><G76/><T29/><D29/><U93/><E20/><V3/><F3/><W123/><G123/><T100/><D100/><U82/><E17/><V127/><F127/><W42/><G22/><N who="0" m="13383" /><D68/><U56/><E79/><V84/><F71/><W135/><G135/><T13/><D13/><N who="1" m="5279" /><E72/><V53/><F70/><W81/><G128/><T122/><D122/><U97/><E97/><V18/><F28/><W36/><G6/><T83/><D83/><U50/><E50/><N who="2" m="28895" /><F115/><W67/><G38/><T66/><D110/><U133/><E133/><V21/><F114/><W23/><G36/><T85/><D109/><U0/><E0/><V132/><F132/><W87/><G113/><T73/><D73/><U59/><AGARI ba="3,0" hai="48,52,56,59,61,64,80,82,93,98,102" m="5279" machi="59" ten="30,4000,0" yaku="8,1,52,1,54,1" doraHai="2" who="1" fromWho="1" sc="716,-23,128,49,28,-13,128,-13" />
</Scene>
<Scene>
<INIT seed="1,0,0,5,5,53" ten="693,177,15,115" oya="1" hai0="51,92,58,130,13,20,96,101,33,78,75,128,87" hai1="8,72,71,26,62,110,115,4,59,132,5,9,123" hai2="22,103,25,66,105,47,120,56,15,90,117,121,116" hai3="82,107,73,24,67,126,70,89,16,40,14,135,86"/><U68/><E123/><V104/><F120/><W44/><G107/><T113/><D33/><U55/><E115/><V32/><F121/><W12/><G73/><T102/><D113/><U36/><E72/><V99/><F105/><W127/><G12/><T91/><D75/><U74/><E74/><V106/><F106/><W43/><G43/><T65/><D78/><U93/><E36/><V57/><F32/><W108/><G24/><T63/><D51/><U30/><E132/><V49/><F90/><W38/><G135/><T37/><D37/><U10/><E110/><V42/><F15/><W118/><G108/><T83/><D102/><U94/><E68/><V97/><F97/><W84/><G118/><T77/><D77/><U98/><E71/><V21/><F21/><W79/><G70/><T11/><REACH who="0" step="1"/><D20/><REACH who="0" ten="683,177,15,115" step="2"/><N who="1" m="15687" /><E94/><V46/><F46/><W85/><G89/><AGARI ba="0,1" hai="4,5,8,9,10,55,59,62,89,93,98" m="15687" machi="89" ten="30,2900,0" yaku="8,1,52,1" doraHai="53" who="1" fromWho="3" sc="683,0,177,39,15,0,115,-29" />
</Scene>
<Scene>
<INIT seed="1,1,0,1,5,35" ten="683,216,15,86" oya="1" hai0="72,55,2,14,64,68,61,125,84,51,98,38,114" hai1="113,109,12,8,88,40,34,46,81,103,118,1,83" hai2="16,24,65,121,77,49,96,124,123,122,71,5,78" hai3="134,105,59,101,17,85,3,25,111,54,0,74,117"/><U9/><E118/><V63/><F124/><W11/><G74/><T112/><D72/><U36/><E113/><V94/><F49/><W21/><G111/><T135/><D38/><U92/><E34/><V4/><F78/><W41/><G117/><T130/><D98/><U28/><E28/><V100/><REACH who="2" step="1"/><F77/><REACH who="2" ten="683,216,5,86" step="2"/><W89/><G41/><T73/><D51/><U87/><E109/><V57/><F57/><W48/><G134/><T93/><D68/><U26/><E36/><V20/><AGARI ba="1,1" hai="4,5,16,20,24,63,65,71,94,96,100,121,122,123" machi="20" ten="40,5200,0" yaku="1,1,0,1,54,1,53,0" doraHai="35" doraHaiUra="37" who="2" fromWho="2" sc="683,-14,216,-27,5,65,86,-14" />
</Scene>
<Scene>
<INIT seed="2,0,0,1,0,23" ten="669,189,70,72" oya="2" hai0="14,31,52,8,10,61,114,60,109,76,3,18,57" hai1="92,70,96,51,77,20,48,58,119,111,88,95,97" hai2="41,127,108,43,75,65,81,84,129,53,134,38,78" hai3="19,45,37,22,116,47,32,55,5,100,63,64,71"/><V89/><F127/><W49/><G32/><T29/><D114/><U17/><E119/><V121/><F129/><W107/><G116/><T133/><D109/><U113/><E70/><V122/><F134/><W35/><G35/><T125/><D133/><U91/><E113/><V46/><F41/><W112/><G112/><T42/><D42/><U105/><E105/><V101/><F108/><W123/><G123/><T86/><D61/><U104/><E104/><V33/><F33/><W80/><G5/><T115/><D125/><U34/><E34/><V110/><F110/><W117/><G117/><T118/><D115/><U69/><E69/><V83/><F65/><W12/><G80/><N who="0" m="47367" /><D3/><U90/><E77/><V62/><REACH who="2" step="1"/><F101/><REACH who="2" ten="669,189,60,72" step="2"/><W4/><G37/><T39/><D39/><U106/><E111/><V26/><F26/><W82/><G100/><T93/><D118/><U1/><E97/><V87/><F87/><W54/><G64/><T24/><D24/><U30/><E96/><V79/><F79/><W66/><G66/><T25/><D25/><U132/><E132/><V102/><F102/><W124/><G124/><T59/><D31/><U36/><E30/><V50/><F50/><W72/><G49/><N who="0" m="30863" /><D29/><U16/><E36/><V98/><F98/><W13/><G63/><T40/><D40/><U44/><E51/><V67/><F67/><W99/><G99/><T128/><D128/><U7/><E48/><V131/><F131/><W9/><G107/><T28/><D28/><U94/><E106/><V21/><F21/><W6/><G22/><T56/><D60/><U15/><E20/><RYUUKYOKU ba="0,1" sc="669,-10,189,-10,60,30,72,-10" hai2="38,43,46,53,62,75,78,81,83,84,89,121,122" />
</Scene>
<Scene>
<INIT seed="2,1,1,5,3,15" ten="659,179,90,62" oya="2" hai0="86,119,104,16,102,3,90,117,105,34,111,17,23" hai1="79,72,82,41,74,83,55,80,51,66,107,106,60" hai2="2,1,42,5,27,128,39,21,115,59,75,52,118" hai3="50,68,30,92,135,40,4,95,26,47,120,69,93"/><V61/><F118/><N who="0" m="45066" /><D34/><U20/><E41/><V127/><F115/><W67/><G120/><T116/><D3/><U48/><E20/><V101/><F101/><W7/><G135/><T12/><D111/><U37/><E37/><V103/><F103/><W108/><G108/><T25/><D102/><U124/><E124/><V84/><F75/><W109/><G109/><T110/><D110/><U31/><E31/><V78/><F127/><W88/><G67/><T0/><D0/><U97/><E97/><V132/><F132/><W99/><G68/><T58/><D58/><U49/><E55/><V113/><F113/><W33/><G69/><T28/><D116/><U8/><E8/><V89/><F78/><W18/><G93/><N who="0" m="54487" /><D28/><U100/><E100/><V94/><F5/><W65/><G65/><T87/><D87/><U121/><E121/><V64/><F64/><W98/><G95/><T114/><D114/><U70/><REACH who="1" step="1"/><E79/><REACH who="1" ten="659,169,90,62" step="2"/><V122/><F39/><W129/><G98/><T43/><D43/><U133/><E133/><V45/><F42/><W32/><G32/><T131/><D131/><U126/><E126/><V57/><F122/><W36/><G129/><T24/><D24/><U62/><E62/><V19/><F128/><W125/><G125/><T44/><D44/><U85/><E85/><V77/><F77/><W112/><G112/><T71/><D71/><U130/><E130/><V63/><F45/><W29/><G36/><T9/><AGARI ba="1,2" hai="9,12,16,17,23,25,104,105" m="54487,45066" machi="9" ten="30,7900,0" yaku="12,1,52,2,54,1" doraHai="15" who="0" fromWho="0" sc="659,102,169,-21,90,-40,62,-21" />
</Scene>
<Scene>
<INIT seed="3,0,0,1,4,132" ten="761,148,50,41" oya="3" hai0="106,12,50,104,10,67,103,21,71,27,118,1,65" hai1="121,119,91,37,109,64,126,113,19,66,51,2,92" hai2="60,117,36,45,3,17,38,14,29,30,33,68,73" hai3="53,116,84,76,44,82,134,0,97,120,78,102,7"/><W99/><G120/><T114/><D118/><U122/><E37/><V31/><F73/><W59/><G116/><T128/><D1/><U34/><E119/><V48/><F3/><W49/><G134/><T4/><D128/><U135/><E135/><V52/><F117/><W70/><G70/><T77/><D77/><U79/><E34/><V127/><F127/><W42/><G78/><T130/><D130/><U39/><E39/><V80/><F33/><W108/><G108/><T69/><D114/><U8/><E79/><V24/><F24/><W41/><G41/><T96/><D104/><U40/><E113/><V28/><N who="2" m="7168" /><DORA hai="89" /><V95/><F80/><W81/><G81/><T25/><D25/><U55/><E40/><V5/><F5/><W100/><G0/><T61/><D50/><U47/><E109/><V88/><F60/><W110/><G7/><T22/><D27/><U111/><E111/><V35/><F68/><W46/><G110/><T62/><AGARI ba="0,0" hai="4,10,12,21,22,61,62,65,67,69,71,96,103,106" machi="62" ten="30,2000,0" yaku="0,1,9,1" doraHai="132,89" who="0" fromWho="0" sc="761,20,148,-5,50,-5,41,-10" />
</Scene>
<Scene>
<INIT seed="4,0,0,0,2,5" ten="781,143,45,31" oya="0" hai0="14,64,0,132,46,123,110,88,72,29,85,55,32" hai1="42,56,81,61,125,98,77,94,111,93,68,105,70" hai2="6,117,134,45,71,51,90,17,31,87,12,36,102" hai3="62,97,133,19,50,100,115,118,11,124,104,73,112"/><T126/><D72/><U23/><E111/><V113/><F36/><W9/><G73/><T39/><D0/><U41/><E105/><V82/><F71/><W80/><G118/><T34/><D64/><U129/><E129/><V92/><F113/><N who="3" m="43595" /><G133/><T89/><D123/><U57/><E125/><V107/><F117/><W8/><G124/><T91/><D126/><U128/><E128/><V53/><F134/><W25/><G80/><T43/><D132/><U116/><E116/><V76/><F107/><W74/><G74/><T109/><D85/><U66/><E23/><V78/><F31/><W27/><G19/><T22/><D55/><U84/><E70/><V21/><F6/><W103/><G100/><T122/><D122/><U18/><E93/><V75/><F75/><W2/><G2/><T69/><D69/><U114/><E114/><V48/><F102/><W83/><G62/><T1/><D1/><U49/><E18/><V37/><F82/><W120/><G120/><T26/><REACH who="0" step="1"/><D14/><REACH who="0" ten="771,143,45,31" step="2"/><U79/><E68/><V15/><F12/><W119/><G119/><T4/><D4/><U60/><E66/><V86/><F87/><W106/><G106/><T101/><D101/><U131/><E84/><V99/><F86/><W47/><G83/><T121/><D121/><U40/><E81/><V135/><F135/><W58/><G58/><T20/><D20/><U44/><E57/><N who="2" m="32935" /><F78/><W59/><G59/><T67/><D67/><U28/><E77/><V96/><F76/><W108/><G108/><AGARI ba="0,1" hai="22,26,29,32,34,39,43,46,88,89,91,108,109,110" machi="108" ten="40,7700,0" yaku="1,1,10,1,54,1,53,0" doraHai="5" doraHaiUra="63" who="0" fromWho="3" sc="771,87,143,0,45,0,31,-77" owari="858,96.0,143,-6.0,45,-35.0,-46,-55.0" />
</Scene>
</mjloggm>