<mjloggm ver="2.3"><GO type="1"/><UN n0="%E5%A4%AA%E3%81%8F%E3%81%AA%E3%81%84%E3%81%8A" n1="%E3%82%A2%E3%82%A4%E3%83%AD%E3%83%B3%E2%98%86" n2="%74%6F%61%2D%6A%61%64%65" n3="%53%74%6F%6E%65%52%69%76" dan="1,10,3,10" rate="1553,1549,1629,1495" sx="M,M,M,M"/><TAIKYOKU oya="0"/>

<Scene>
<INIT seed="0,0,0,3,3,58" ten="250,250,250,250" oya="0" hai0="51,16,97,44,70,45,85,120,21,12,124,131,4" hai1="98,108,5,115,38,47,121,125,100,104,30,102,135" hai2="49,96,54,57,92,94,119,67,25,118,46,60,20" hai3="23,69,109,37,110,112,32,81,59,99,77,68,61"/><T75/><D75/><U71/><E121/><V39/><F39/><W41/><G32/><T6/><D70/><U84/><E135/><V22/><F94/><W73/><G112/><T78/><D120/><U93/><E115/><V10/><F10/><W66/><G99/><T87/><D124/><U14/><E125/><V19/><REACH who="2" step="1"/><F22/><REACH who="2" ten="250,250,240,250" step="2"/><W15/><G23/><T31/><D131/><U79/><E38/><V130/><F130/><W113/><G113/><T0/><D0/><U133/><E133/><V83/><F83/><W11/><G37/><T35/><D35/><U43/><E71/><V52/><F52/><W132/><G132/><T53/><D31/><U82/><E104/><V56/><F56/><W74/><G73/><T40/><D97/><U36/><E30/><V127/><F127/><W106/><G106/><T111/><D87/><U95/><E95/><V27/><F27/><W8/><G11/><T64/><D64/><U1/><E1/><V34/><F34/><W13/><G69/><T101/><D101/><AGARI ba="0,1" hai="19,20,25,46,49,54,57,60,67,92,96,101,118,119" machi="101" ten="40,8000,1" yaku="1,1,52,1,53,2" doraHai="58" doraHaiUra="114" who="2" fromWho="0" sc="250,-80,250,0,240,90,250,0" />
</Scene>
<Scene>
<INIT seed="1,0,0,5,1,71" ten="170,250,330,250" oya="1" hai0="60,102,122,39,53,0,16,133,91,109,6,59,92" hai1="21,61,99,80,73,85,4,123,79,98,119,129,77" hai2="111,19,14,26,8,97,20,25,48,32,33,30,105" hai3="68,31,118,64,76,23,28,117,94,57,93,104,27"/><U5/><E61/><V9/><F48/><W114/><G104/><T63/><D109/><U112/><E21/><V107/><F111/><W18/><G114/><T51/><D133/><U96/><E5/><V74/><F74/><W108/><G108/><T44/><D122/><U35/><E35/><V37/><F97/><W110/><G110/><T22/><D102/><U29/><E29/><V50/><F50/><W134/><G68/><T84/><D0/><U124/><E4/><V69/><F69/><W1/><G1/><T54/><D6/><U89/><E112/><V135/><F37/><W17/><G134/><T52/><D39/><U106/><E119/><V120/><F120/><W42/><G118/><T43/><REACH who="0" step="1"/><D63/><REACH who="0" ten="160,250,330,250" step="2"/><U67/><E123/><V131/><F131/><W41/><G117/><T45/><D45/><U12/><E129/><V62/><F62/><W55/><G76/><T10/><D10/><N who="2" m="4202" /><F135/><W95/><G64/><T81/><D81/><U65/><E67/><V78/><F78/><W132/><G132/><T15/><AGARI ba="0,1" hai="15,16,22,43,44,51,52,53,54,59,60,84,91,92" machi="15" ten="20,12000,2" yaku="1,1,0,1,7,1,8,1,54,2,53,1" doraHai="71" doraHaiUra="87" who="0" fromWho="0" sc="160,130,250,-60,330,-30,250,-30" />
</Scene>
<Scene>
<INIT seed="2,0,0,0,1,128" ten="290,190,300,220" oya="2" hai0="106,131,126,121,45,113,21,35,115,104,58,63,6" hai1="40,92,71,27,116,13,38,110,53,59,133,51,42" hai2="99,109,98,65,80,41,55,67,135,28,30,11,97" hai3="112,15,18,68,129,90,48,70,46,62,76,119,72"/><V47/><F80/><W54/><G119/><T91/><D35/><U37/><E116/><V107/><F11/><W39/><G39/><T132/><D121/><U85/><E71/><V33/><F55/><W118/><G118/><T19/><D131/><U134/><E110/><V103/><F135/><N who="1" m="51721" /><E27/><V5/><F5/><W95/><G112/><T102/><D132/><U31/><E31/><V82/><F82/><W124/><G129/><T10/><D6/><U9/><E92/><V125/><F125/><W69/><G124/><T66/><D104/><U57/><E85/><V78/><F78/><W89/><G62/><T7/><D63/><U20/><E20/><V120/><F120/><W101/><G76/><T32/><D21/><U111/><E111/><V60/><F67/><W52/><G72/><T29/><D66/><U64/><E64/><V25/><F28/><W17/><G101/><T87/><D102/><U2/><E2/><V86/><F86/><W130/><G130/><T22/><D87/><U75/><E75/><V127/><F127/><W4/><G4/><T0/><D7/><N who="1" m="3263" /><E59/><V123/><F123/><W14/><G95/><T79/><D58/><U93/><E93/><V49/><REACH who="2" step="1"/><F109/><REACH who="2" ten="290,190,290,220" step="2"/><W100/><G100/><T81/><D126/><U56/><E56/><V12/><F12/><W24/><G24/><T77/><D29/><U73/><E73/><V16/><F16/><N who="3" m="6251" /><G46/><T117/><D45/><U96/><E96/><V83/><F83/><W61/><G61/><T122/><D81/><U26/><E26/><V43/><F43/><AGARI ba="0,1" hai="37,38,40,42,43,51,53,57" m="3263,51721" machi="43" ten="30,7700,0" yaku="20,1,52,3" doraHai="128" who="1" fromWho="2" sc="290,0,190,87,290,-77,220,0" />
</Scene>
<Scene>
<INIT seed="3,0,0,1,4,19" ten="290,277,213,220" oya="3" hai0="32,135,28,51,87,42,93,94,119,48,89,122,131" hai1="62,14,120,133,134,63,39,17,24,86,112,103,4" hai2="129,64,99,116,41,20,75,6,23,30,73,115,60" hai3="118,79,33,91,132,70,34,68,18,124,121,11,114"/><W90/><G118/><T3/><D3/><U81/><E39/><V55/><F116/><W22/><G121/><T67/><D119/><U85/><E120/><V10/><F99/><W13/><G114/><T82/><D122/><U1/><E112/><V26/><F115/><W71/><G79/><T104/><D104/><U95/><E24/><V59/><F41/><W45/><G124/><T106/><D106/><U125/><E125/><V12/><F64/><W88/><G132/><N who="1" m="50794" /><E1/><V61/><F61/><W130/><G130/><T76/><D135/><U57/><E4/><V113/><F113/><W29/><REACH who="3" step="1"/><G45/><REACH who="3" ten="290,277,213,210" step="2"/><T92/><D131/><U83/><E57/><V80/><F80/><N who="1" m="30793" /><E85/><V44/><F44/><W98/><G98/><T9/><D76/><U53/><E86/><V5/><F129/><W117/><G117/><T105/><D82/><U31/><E31/><V108/><F108/><W43/><G43/><T49/><D42/><U16/><E95/><V21/><REACH who="2" step="1"/><F6/><REACH who="2" ten="290,277,203,210" step="2"/><W69/><N who="3" m="17920" /><DORA hai="38" /><W35/><G35/><AGARI ba="0,2" hai="5,10,12,20,21,23,26,30,35,55,59,60,73,75" machi="35" ten="40,8000,1" yaku="1,1,52,3,53,1" doraHai="19,38" doraHaiUra="58,15" who="2" fromWho="3" sc="290,0,277,0,203,100,210,-80" owari="290,9.0,277,-12.0,303,40.0,130,-37.0" />
</Scene>
</mjloggm>