<mjloggm ver="2.3"><GO type="169"/><UN n0="%67%69%6A%79%75%74%75" n1="%E5%A4%AA%E3%81%8F%E3%81%AA%E3%81%84%E3%81%8A" n2="%E2%98%85%E3%83%86%E3%82%AF%E3%83%8E%E3%83%8F%E3%82%A6%E3%82%B9%E2%98%85" n3="%68%69%67%68%31%35%31%35" dan="16,17,16,16" rate="2034,2192,2023,2038" sx="M,M,M,M"/><TAIKYOKU oya="0"/>

<Scene>
<INIT seed="0,0,0,0,5,75" ten="250,250,250,250" oya="0" hai0="44,64,25,103,77,71,97,11,87,102,84,120,79" hai1="29,92,93,104,34,118,6,46,132,20,3,126,21" hai2="41,73,122,89,50,88,18,91,4,116,14,55,69" hai3="124,113,9,66,100,108,45,62,130,67,81,15,117"/><T2/><D120/><U56/><E118/><V127/><F122/><W70/><G117/><T106/><D103/><U78/><E104/><V101/><F116/><W123/><G123/><T82/><D25/><U42/><E34/><V74/><F69/><W53/><G113/><T49/><D71/><U107/><E107/><V19/><F101/><W72/><G108/><T133/><D64/><U10/><E132/><V43/><F4/><W5/><G130/><T36/><D133/><U35/><E126/><V125/><F74/><W52/><G124/><N who="2" m="47689" /><F73/><W121/><G121/><T54/><D36/><U86/><E56/><N who="2" m="32887" /><F18/><W48/><G66/><T23/><D23/><AGARI ba="0,0" hai="14,19,23,41,43,88,89,91" m="32887,47689" machi="23" ten="30,2000,0" yaku="18,1,54,1" doraHai="75" who="2" fromWho="0" sc="250,-20,250,0,250,20,250,0" />
</Scene>
<Scene>
<INIT seed="1,0,0,1,5,75" ten="230,250,270,250" oya="1" hai0="2,62,40,83,78,128,59,57,58,3,11,8,12" hai1="113,93,14,127,115,109,10,70,111,103,67,1,39" hai2="34,36,32,28,100,110,5,79,45,74,64,119,82" hai3="104,23,126,107,133,98,25,7,124,31,108,52,117"/><U13/><E39/><V112/><F119/><W18/><G108/><N who="1" m="41546" /><E127/><N who="3" m="48682" /><G117/><T72/><D128/><U135/><E135/><V68/><F110/><W49/><G133/><T4/><D62/><N who="1" m="40311" /><E1/><V15/><F112/><N who="1" m="43081" /><E10/><V71/><F36/><W63/><G63/><T46/><REACH who="0" step="1"/><D11/><REACH who="0" ten="220,250,270,250" step="2"/><U37/><E37/><AGARI ba="0,1" hai="2,3,4,8,12,37,40,46,57,58,59,72,78,83" machi="37" ten="40,5200,0" yaku="1,1,2,1,52,1,53,0" doraHai="75" doraHaiUra="24" who="0" fromWho="1" sc="220,62,250,-52,270,0,250,0" />
</Scene>
<Scene>
<INIT seed="2,0,0,3,0,52" ten="282,198,270,250" oya="2" hai0="60,108,131,120,50,73,29,17,112,45,42,127,115" hai1="129,9,23,54,10,105,91,22,67,40,110,65,14" hai2="41,132,30,86,90,83,95,75,27,113,51,31,96" hai3="103,135,21,102,37,66,109,49,55,63,2,33,59"/><V3/><F113/><W119/><G33/><T16/><D73/><U92/><E105/><V12/><F3/><W18/><G119/><T26/><D120/><U123/><E123/><V62/><F132/><W35/><G35/><T87/><D127/><U47/><E110/><V130/><F130/><W71/><G109/><T107/><D107/><U28/><E129/><V116/><F116/><W79/><G135/><T88/><D108/><U97/><E54/><V4/><F75/><W121/><G121/><T15/><D131/><U13/><E28/><V64/><F27/><W5/><G79/><T57/><D115/><U44/><E40/><V69/><F41/><W84/><G84/><T81/><D15/><U43/><E43/><V98/><F51/><W93/><G37/><T99/><D99/><U8/><E14/><V68/><F69/><W133/><G133/><T74/><D74/><U80/><E80/><V7/><F98/><W11/><REACH who="3" step="1"/><G93/><REACH who="3" ten="282,198,270,240" step="2"/><T122/><D122/><U114/><E114/><V118/><F118/><W85/><G85/><T38/><D38/><U56/><E92/><V0/><F7/><W104/><G104/><T53/><D112/><U89/><E97/><V78/><F0/><W46/><G46/><T19/><D19/><U76/><E76/><V124/><F124/><W61/><G61/><T32/><AGARI ba="0,1" hai="16,17,26,29,32,42,45,50,53,57,60,81,87,88" machi="32" ten="20,8000,1" yaku="0,1,7,1,52,1,54,2" doraHai="52" who="0" fromWho="0" sc="282,90,198,-20,270,-40,240,-20" />
</Scene>
<Scene>
<INIT seed="3,0,0,5,4,45" ten="372,178,230,220" oya="3" hai0="26,116,77,14,62,7,127,74,120,108,133,131,0" hai1="50,85,87,25,49,15,118,53,38,117,63,129,8" hai2="99,16,61,18,123,88,113,34,80,94,76,19,70" hai3="114,2,122,37,90,48,59,56,32,60,36,40,69"/><W52/><G114/><T17/><D77/><U102/><E38/><N who="3" m="14954" /><G32/><T23/><D62/><U81/><E129/><V75/><F113/><W39/><G2/><T29/><D74/><U58/><E102/><V91/><F34/><W134/><G90/><T104/><D104/><U28/><E118/><V84/><F123/><W130/><G122/><T112/><D120/><U65/><E117/><V89/><REACH who="2" step="1"/><F75/><REACH who="2" ten="372,178,220,220" step="2"/><W3/><G130/><T41/><D131/><U115/><E115/><V42/><F42/><W13/><G3/><T68/><D41/><U110/><E110/><V51/><F51/><W100/><G134/><T30/><D108/><U97/><E49/><V67/><AGARI ba="0,1" hai="16,18,19,61,67,70,76,80,84,88,89,91,94,99" machi="67" ten="30,7900,0" yaku="1,1,0,1,54,2,53,0" doraHai="45" doraHaiUra="121" who="2" fromWho="2" sc="372,-20,178,-20,220,89,220,-39" />
</Scene>
<Scene>
<INIT seed="4,0,0,1,0,112" ten="352,158,309,181" oya="0" hai0="90,109,1,108,101,75,122,110,76,95,116,73,130" hai1="20,88,86,68,66,45,48,78,23,18,121,21,59" hai2="53,99,15,82,98,56,14,131,24,61,91,4,72" hai3="69,126,118,60,128,93,3,103,19,8,114,26,74"/><T107/><D1/><U28/><E121/><V55/><F131/><W120/><G114/><T9/><D9/><U71/><E78/><V29/><F53/><W47/><G128/><T49/><D49/><U81/><E28/><V41/><F41/><W104/><G120/><T70/><D70/><U119/><E119/><V12/><F4/><W5/><G74/><T35/><D35/><U13/><E59/><V31/><F72/><W16/><G126/><T51/><D51/><U25/><E66/><V97/><F24/><W85/><G118/><T57/><D57/><U37/><E37/><V17/><F17/><W102/><G104/><T84/><D122/><U58/><E58/><V125/><F125/><W94/><G47/><T30/><D30/><N who="2" m="11274" /><F82/><W127/><G127/><T123/><D123/><U65/><E25/><V7/><F7/><W62/><G19/><T39/><D39/><U54/><REACH who="1" step="1"/><E65/><REACH who="1" ten="352,148,309,181" step="2"/><V0/><F56/><W67/><G67/><T63/><D116/><U134/><E134/><V117/><F117/><W135/><G135/><T32/><D76/><U79/><E79/><V40/><F61/><W22/><G62/><T132/><D63/><U80/><E80/><V50/><F50/><W2/><G60/><T6/><D132/><U46/><E46/><V96/><F55/><W11/><G26/><T100/><D130/><U36/><E36/><V105/><F40/><W92/><G69/><AGARI ba="0,1" hai="13,18,20,21,23,45,48,54,68,69,71,81,86,88" machi="69" ten="40,2600,0" yaku="1,1,54,1,53,0" doraHai="112" doraHaiUra="89" who="1" fromWho="3" sc="352,0,148,36,309,0,181,-26" />
</Scene>
<Scene>
<INIT seed="5,0,0,4,4,129" ten="352,184,309,155" oya="1" hai0="114,59,106,62,34,12,94,88,16,89,42,73,116" hai1="8,1,69,92,134,7,22,41,68,14,48,82,120" hai2="117,81,76,23,3,60,43,39,25,2,103,19,96" hai3="111,115,126,15,70,108,49,97,87,100,40,112,0"/><U21/><E120/><V29/><F117/><W30/><G0/><T51/><D116/><U63/><E92/><V26/><F60/><W85/><G70/><T67/><D73/><U98/><E98/><V133/><F43/><W18/><G30/><T9/><D34/><U102/><E102/><V17/><F39/><W131/><G131/><T125/><D106/><U83/><E68/><V84/><F133/><W35/><G35/><T101/><D114/><N who="3" m="43561" /><G126/><T31/><D125/><U4/><E4/><V27/><F26/><W33/><G33/><T77/><D77/><U28/><E1/><V128/><F128/><W105/><G40/><T5/><D31/><U113/><E113/><V24/><F29/><W122/><G122/><T50/><D5/><U56/><E69/><V6/><F6/><W38/><G38/><T61/><D61/><U47/><E134/><V110/><F110/><N who="3" m="42027" /><G49/><N who="0" m="18443" /><D42/><U65/><REACH who="1" step="1"/><E28/><REACH who="1" ten="352,174,309,155" step="2"/><V80/><F3/><W20/><AGARI ba="0,1" hai="15,18,20,85,87,97,100,105" m="42027,43561" machi="20" ten="30,1100,0" yaku="15,1" doraHai="129" who="3" fromWho="3" sc="352,-3,174,-5,309,-3,155,21" />
</Scene>
<Scene>
<INIT seed="6,0,0,3,4,38" ten="349,169,306,176" oya="2" hai0="16,89,103,70,42,28,83,33,36,21,78,128,80" hai1="7,30,6,115,52,108,113,88,29,118,10,18,50" hai2="66,2,120,95,111,96,22,126,122,84,3,125,63" hai3="64,14,121,132,69,25,51,105,57,114,55,133,49"/><V116/><F116/><W87/><G121/><T73/><D70/><U102/><E118/><V20/><F111/><W17/><G105/><T62/><D62/><U43/><E108/><V19/><F84/><W127/><G127/><N who="2" m="48649" /><F22/><N who="3" m="13519" /><G114/><N who="1" m="43530" /><E102/><N who="2" m="60703" /><F2/><W86/><G14/><T48/><D83/><U60/><E60/><V59/><F3/><W92/><G92/><T67/><D21/><U90/><E43/><V54/><F66/><W34/><G34/><T61/><D33/><U94/><E18/><V23/><F23/><W11/><G11/><T31/><D67/><U100/><E100/><V0/><F0/><W101/><G101/><T79/><D103/><U135/><E6/><V46/><F46/><W37/><G64/><T26/><D73/><U5/><E7/><V45/><F45/><W82/><G87/><T47/><D47/><U106/><E106/><V97/><F97/><W75/><G86/><T85/><D85/><N who="1" m="52495" /><E90/><V76/><F76/><W123/><G123/><T91/><D78/><U65/><E65/><V104/><F104/><W27/><G69/><T110/><D79/><U15/><E135/><V4/><F4/><W68/><G68/><T72/><D110/><U53/><E53/><V1/><F1/><W129/><G55/><T56/><D72/><U39/><E39/><V41/><F41/><W12/><G37/><T107/><D36/><U77/><E77/><V35/><F35/><W117/><G132/><T93/><D107/><U124/><E124/><V131/><F131/><W44/><G129/><T71/><D128/><U9/><E9/><V99/><F99/><W40/><G133/><RYUUKYOKU ba="0,0" sc="349,-15,169,15,306,15,176,-15" hai1="5,10,15,29,30,50,52" hai2="19,20,54,59,63,120,122" />
</Scene>
<Scene>
<INIT seed="6,1,0,4,5,95" ten="334,184,321,161" oya="2" hai0="67,48,16,21,47,4,45,7,58,24,130,78,14" hai1="108,82,59,103,17,68,19,104,125,114,101,54,116" hai2="99,9,80,12,77,91,70,11,69,50,25,60,63" hai3="79,96,71,15,122,40,66,43,89,118,85,127,20"/><V73/><F25/><W0/><G118/><T92/><D130/><U39/><E116/><V23/><F23/><W64/><G122/><T32/><D78/><U97/><E108/><V121/><F121/><W35/><G0/><T90/><D32/><U57/><E68/><V115/><F115/><W126/><G35/><T13/><D67/><N who="3" m="25641" /><G71/><T100/><D100/><U8/><E39/><V18/><F69/><W113/><G113/><T75/><D75/><U102/><E114/><V134/><F134/><W27/><G15/><N who="0" m="5643" /><D58/><U44/><E125/><N who="3" m="47626" /><G79/><T135/><D135/><U10/><E44/><N who="0" m="16969" /><D48/><U49/><E59/><V110/><F110/><W129/><G129/><T98/><AGARI ba="1,0" hai="4,7,16,21,24,90,92,98" m="16969,5643" machi="98" ten="30,4000,0" yaku="8,1,52,1,54,1" doraHai="95" who="0" fromWho="0" sc="334,43,184,-11,321,-21,161,-11" />
</Scene>
<Scene>
<INIT seed="7,0,0,2,0,6" ten="377,173,300,150" oya="3" hai0="79,73,135,102,118,112,20,43,90,59,12,17,120" hai1="0,107,113,75,131,72,64,111,62,98,26,114,87" hai2="34,68,53,39,48,3,52,38,4,28,101,69,25" hai3="110,82,33,104,51,16,46,50,66,133,1,9,14"/><W100/><G133/><T109/><D118/><U95/><E111/><V117/><F117/><W21/><G110/><T94/><D109/><U93/><E0/><V31/><F101/><W2/><G33/><T129/><D102/><N who="1" m="62935" /><E131/><V13/><F3/><W134/><G134/><T78/><D112/><N who="1" m="43115" /><E26/><V132/><F132/><W130/><G130/><T84/><D20/><U56/><E87/><V18/><F4/><W70/><G104/><T58/><D94/><AGARI ba="0,0" hai="56,62,64,72,75,93,94,95" m="43115,62935" machi="94" ten="30,1000,0" yaku="15,1" doraHai="6" who="1" fromWho="0" sc="377,-10,173,10,300,0,150,0" owari="367,47.0,183,-22.0,300,10.0,150,-35.0" />
</Scene>
</mjloggm>