<mjloggm ver="2.3"><GO type="169"/><UN n0="%E8%8A%8B%EF%BC%A0%EF%BC%90%EF%BC%98%E2%80%99" n1="%E5%A4%AA%E3%81%8F%E3%81%AA%E3%81%84%E3%81%8A" n2="%E6%B3%B0%E6%B0%8F" n3="%72%75%6E%61%74%6F%73%68" dan="16,16,16,17" rate="2108,2129,2064,2103" sx="M,M,M,M"/><TAIKYOKU oya="0"/>

<Scene>
<INIT seed="0,0,0,5,0,74" ten="250,250,250,250" oya="0" hai0="4,1,79,44,93,22,42,135,117,35,75,130,131" hai1="123,71,105,18,102,3,118,70,39,17,45,64,5" hai2="112,61,41,26,65,21,68,124,73,14,40,116,89" hai3="94,20,16,63,59,46,81,99,60,85,38,98,83"/><T91/><D117/><U115/><E118/><V101/><F112/><W125/><G125/><T120/><D35/><U69/><E123/><V37/><F116/><W106/><G106/><T32/><D32/><U80/><E115/><V57/><F124/><W113/><G113/><T95/><D120/><U10/><E64/><V27/><F73/><W28/><G28/><T43/><D135/><U82/><E102/><V72/><F72/><W128/><G128/><N who="0" m="49195" /><D1/><U49/><E105/><V104/><F37/><W133/><G133/><T132/><D4/><U36/><E36/><V58/><F68/><W30/><G30/><T56/><D132/><U9/><E39/><V111/><F101/><W110/><G63/><T33/><D33/><U13/><REACH who="1" step="1"/><E18/><REACH who="1" ten="250,240,250,250" step="2"/><V55/><F104/><W86/><G38/><T50/><D42/><AGARI ba="0,1" hai="3,5,9,10,13,17,42,45,49,69,70,71,80,82" machi="42" ten="40,5200,0" yaku="1,1,2,1,53,1" doraHai="74" doraHaiUra="34" who="1" fromWho="0" sc="250,-52,240,62,250,0,250,0" />
</Scene>
<Scene>
<INIT seed="1,0,0,5,2,27" ten="198,302,250,250" oya="1" hai0="125,113,121,135,83,35,112,61,104,77,15,108,76" hai1="7,75,13,124,62,38,16,10,92,90,84,133,58" hai2="39,31,20,3,25,102,119,93,49,32,19,47,106" hai3="86,127,78,66,116,34,52,23,9,69,24,51,70"/><U132/><E38/><V53/><F119/><W33/><G116/><T115/><D35/><U40/><E75/><V95/><F3/><W17/><G9/><T18/><D104/><U87/><E124/><V122/><F122/><W22/><G127/><T85/><D125/><U109/><E40/><V44/><F106/><W26/><G78/><T46/><D121/><U128/><E128/><V120/><F120/><W28/><G86/><T73/><D108/><U89/><E109/><V98/><F93/><W74/><G74/><T105/><D105/><U80/><REACH who="1" step="1"/><E7/><REACH who="1" ten="198,292,250,250" step="2"/><V6/><F6/><W126/><G126/><T11/><D115/><U101/><E101/><V43/><F39/><W100/><G100/><T50/><D113/><U134/><E134/><V111/><F111/><W67/><G34/><T103/><D135/><U91/><E91/><V118/><F118/><W41/><G41/><T130/><D103/><U94/><E94/><V72/><F72/><W68/><REACH who="3" step="1"/><G33/><REACH who="3" ten="198,292,250,240" step="2"/><T82/><D112/><U12/><E12/><V5/><F43/><W114/><G114/><T30/><D130/><U1/><E1/><V107/><F5/><W79/><G79/><T63/><D77/><U29/><E29/><V59/><F107/><W99/><G99/><T71/><D30/><U14/><E14/><AGARI ba="0,2" hai="14,19,20,25,31,32,44,47,49,53,59,95,98,102" machi="14" ten="30,2000,0" yaku="7,1,52,1" doraHai="27" who="2" fromWho="1" sc="198,0,292,-20,250,40,240,0" />
</Scene>
<Scene>
<INIT seed="2,0,0,3,0,18" ten="198,272,290,240" oya="2" hai0="125,45,91,73,24,40,92,89,11,101,48,53,16" hai1="22,9,58,82,120,63,47,0,3,30,28,8,108" hai2="31,20,115,67,51,32,126,60,116,96,74,61,64" hai3="118,84,27,37,15,1,71,123,134,57,106,114,4"/><V72/><F115/><W102/><G84/><T2/><D73/><U81/><E108/><V133/><F32/><W100/><G57/><T111/><D111/><U7/><E120/><V17/><F31/><W129/><G15/><N who="0" m="7295" /><D2/><U59/><E47/><V104/><F116/><W90/><G27/><T34/><D34/><U19/><E19/><V56/><F51/><W80/><G4/><T10/><D125/><U131/><E7/><V103/><F133/><W39/><G102/><T12/><D40/><U52/><E63/><V94/><F104/><W23/><G100/><T75/><D75/><U26/><E26/><V132/><F132/><W109/><G90/><T130/><D130/><U121/><E52/><V44/><F44/><W49/><G49/><T83/><D83/><U14/><E14/><V43/><F43/><W54/><G80/><T33/><D33/><U113/><E121/><V135/><F126/><W78/><G54/><T127/><D127/><U66/><E131/><V13/><REACH who="2" step="1"/><F135/><REACH who="2" ten="198,272,280,240" step="2"/><W105/><G134/><T76/><D48/><U99/><E113/><V122/><F122/><W50/><G123/><T21/><D45/><U107/><E107/><V98/><F98/><W79/><G50/><T70/><D92/><U36/><E30/><V85/><F85/><W42/><G42/><T95/><D95/><U77/><E28/><V25/><F25/><W88/><G106/><T87/><D24/><U5/><E99/><V124/><F124/><W65/><G105/><T29/><D87/><U55/><E0/><V62/><F62/><W86/><G1/><T93/><D29/><RYUUKYOKU ba="0,1" sc="198,-10,272,-10,280,30,240,-10" hai2="13,17,20,56,60,61,64,67,72,74,94,96,103" />
</Scene>
<Scene>
<INIT seed="2,1,1,4,3,74" ten="188,262,310,230" oya="2" hai0="71,0,41,110,61,39,1,130,59,18,4,66,88" hai1="104,75,55,23,80,86,9,16,81,32,108,121,93" hai2="25,43,124,120,123,21,68,36,118,115,100,60,44" hai3="83,102,19,54,107,87,65,5,53,37,125,111,112"/><V67/><F115/><W122/><G122/><T132/><D4/><U47/><E104/><V58/><F118/><W63/><G37/><T77/><D77/><U51/><E32/><V95/><F124/><W14/><G5/><T96/><D18/><U92/><E121/><V31/><REACH who="2" step="1"/><F68/><REACH who="2" ten="188,262,300,230" step="2"/><W40/><G125/><T62/><D71/><U13/><E108/><V114/><F114/><W134/><G111/><T28/><D110/><U10/><E75/><V69/><F69/><W12/><G112/><T24/><D132/><U56/><E47/><V99/><AGARI ba="1,2" hai="21,25,31,36,43,44,58,60,67,95,99,100,120,123" machi="99" ten="30,11700,0" yaku="1,1,0,1,25,2,53,0" doraHai="74" doraHaiUra="15" who="2" fromWho="2" sc="188,-40,262,-40,300,140,230,-40" />
</Scene>
<Scene>
<INIT seed="2,2,0,4,3,43" ten="148,222,440,190" oya="2" hai0="48,114,4,119,12,118,68,128,10,112,39,53,83" hai1="80,95,55,7,30,89,32,23,42,45,25,29,126" hai2="8,60,115,102,111,70,17,135,19,79,103,93,2" hai3="59,69,41,47,132,38,51,78,52,108,91,15,127"/><V61/><F115/><W85/><G78/><T67/><D39/><U100/><E126/><V64/><F79/><W57/><G127/><T20/><D128/><U101/><E7/><V65/><F135/><W99/><G99/><T82/><D112/><U109/><E109/><V86/><F111/><W104/><G104/><T36/><D36/><U130/><E130/><V62/><F62/><W117/><G117/><N who="0" m="44555" /><D114/><U98/><E32/><V121/><F121/><W56/><G132/><T120/><D120/><U22/><E55/><V106/><F106/><W34/><G34/><T74/><D74/><U87/><E22/><V58/><F2/><W94/><G108/><T92/><D92/><U31/><REACH who="1" step="1"/><E101/><REACH who="1" ten="148,212,440,190" step="2"/><V122/><F122/><W18/><G69/><T88/><D20/><AGARI ba="2,1" hai="15,18,20,38,41,47,51,52,56,57,59,85,91,94" machi="20" ten="30,8000,1" yaku="7,1,25,2,52,1,54,1" doraHai="43" who="3" fromWho="0" sc="148,-86,212,0,440,0,190,96" />
</Scene>
<Scene>
<INIT seed="3,0,0,4,4,130" ten="62,212,440,286" oya="3" hai0="103,109,42,62,38,3,22,90,98,29,63,13,45" hai1="107,58,18,50,92,108,2,27,60,51,134,114,25" hai2="1,0,23,30,124,78,106,57,59,95,115,19,120" hai3="33,86,118,128,64,72,9,31,68,111,44,34,79"/><W26/><G128/><T55/><D3/><U6/><E107/><V85/><F106/><W102/><G118/><T129/><D129/><U61/><E114/><V17/><F115/><W105/><G86/><T131/><D131/><U20/><E108/><V47/><F124/><W49/><G9/><T89/><D109/><U97/><E2/><V7/><F30/><W37/><G49/><N who="0" m="29103" /><D38/><U36/><E36/><V43/><F17/><W87/><G87/><T110/><D110/><U74/><E74/><V127/><F120/><W12/><G12/><T15/><D42/><U41/><E6/><V119/><F119/><W71/><G34/><T100/><D15/><U99/><E41/><V76/><F127/><W24/><G24/><N who="0" m="16535" /><D13/><U66/><E61/><N who="0" m="23049" /><D98/><U5/><E97/><V52/><F7/><W123/><G123/><T96/><D96/><U40/><E5/><V39/><F59/><W56/><G56/><T69/><D69/><U88/><E27/><V14/><F78/><W113/><G111/><T16/><D16/><U101/><E50/><N who="2" m="30871" /><F76/><W28/><G113/><T112/><D112/><U80/><E51/><V94/><F94/><W91/><G37/><T125/><D125/><U4/><E4/><V122/><F122/><W48/><G71/><T93/><D93/><U35/><E35/><V116/><F116/><W133/><G33/><T132/><D103/><U135/><E40/><V67/><F67/><W81/><G68/><T8/><D100/><U84/><AGARI ba="0,0" hai="18,20,25,58,60,66,80,84,88,92,99,101,134,135" machi="84" ten="30,7900,0" yaku="0,1,52,2,54,1" doraHai="130" who="1" fromWho="1" sc="62,-20,212,79,440,-20,286,-39" />
</Scene>
<Scene>
<INIT seed="4,0,0,0,0,14" ten="42,291,420,247" oya="0" hai0="13,22,40,135,28,133,103,54,58,51,120,84,26" hai1="45,29,117,132,102,38,16,129,130,111,121,44,95" hai2="60,35,92,112,5,86,21,17,85,115,105,59,0" hai3="30,74,126,76,131,24,128,8,100,3,20,107,12"/><T72/><D72/><U49/><E111/><V134/><F35/><W101/><G76/><T23/><D120/><U75/><E121/><V37/><F105/><W97/><G74/><T4/><D103/><U62/><E117/><V9/><F37/><W80/><G80/><T43/><D84/><U68/><E75/><V10/><F10/><W42/><G42/><T70/><D70/><U98/><E29/><V94/><F134/><N who="0" m="51210" /><D4/><U48/><E132/><V27/><F86/><W56/><G101/><T124/><D124/><U113/><E113/><N who="2" m="43595" /><F85/><W106/><G126/><T87/><D87/><U122/><E122/><V65/><AGARI ba="0,0" hai="0,5,9,17,21,27,59,60,65,92,94" m="43595" machi="65" ten="30,2000,0" yaku="15,1,52,1" doraHai="14" who="2" fromWho="2" sc="42,-10,291,-5,420,20,247,-5" />
</Scene>
<Scene>
<INIT seed="5,0,0,3,4,44" ten="32,286,440,242" oya="1" hai0="55,1,51,29,4,45,17,87,130,68,120,132,116" hai1="96,98,117,91,7,11,64,88,115,112,78,72,104" hai2="85,105,27,133,125,58,2,76,124,33,122,86,94" hai3="100,92,71,8,69,106,53,89,50,103,75,43,42"/><U107/><E117/><V84/><F2/><W3/><G75/><T54/><D116/><U74/><E64/><V35/><F105/><N who="1" m="40521" /><E11/><V20/><F133/><W81/><G81/><T73/><D73/><N who="1" m="28267" /><E78/><V52/><F122/><W118/><G118/><T0/><D120/><U26/><E26/><V110/><F110/><W14/><G3/><T39/><D132/><U31/><E31/><N who="2" m="17895" /><F94/><W59/><G71/><T67/><D29/><U123/><E7/><V126/><F76/><W111/><G111/><T30/><D4/><U16/><E16/><V38/><F38/><W65/><G65/><T80/><D39/><U93/><E123/><V47/><F47/><W9/><G69/><T82/><D45/><U10/><E10/><N who="3" m="4202" /><G14/><T102/><D1/><U134/><E134/><V121/><F121/><W34/><G34/><T57/><D68/><U108/><E108/><V41/><F35/><W21/><G21/><T119/><D67/><U13/><E13/><V113/><F33/><W37/><G106/><T90/><D0/><U56/><E56/><V12/><F12/><W5/><G5/><T22/><D119/><U101/><E98/><V63/><F41/><N who="3" m="15371" /><G37/><T18/><D22/><U25/><E25/><V62/><F62/><W23/><G23/><T40/><D40/><U60/><E60/><V61/><F63/><W129/><G59/><T83/><D57/><U6/><E6/><V99/><F99/><W66/><G66/><T95/><D18/><U28/><E28/><V97/><F97/><W128/><G53/><T70/><D17/><U36/><E36/><V131/><F58/><RYUUKYOKU ba="0,0" sc="32,-10,286,30,440,-10,242,-10" hai1="88,91,93,96,101,112,115" />
</Scene>
<Scene>
<INIT seed="5,1,0,0,0,60" ten="22,316,430,232" oya="1" hai0="55,79,13,18,49,134,24,62,83,41,99,3,44" hai1="118,130,38,129,109,89,114,7,11,124,84,46,116" hai2="14,21,72,71,15,29,127,78,27,106,102,32,48" hai3="121,94,107,35,39,117,23,77,54,97,80,33,9"/><U57/><E114/><V95/><F127/><W19/><G39/><T50/><D134/><U74/><E74/><V122/><F122/><W101/><G121/><T90/><D3/><N who="1" m="511" /><E57/><V56/><F71/><W34/><G9/><T86/><D24/><U30/><E30/><V59/><F32/><W135/><G135/><T133/><D133/><U112/><E124/><V58/><F106/><W8/><G8/><T20/><D62/><U105/><E105/><V119/><F119/><W42/><G42/><T76/><REACH who="0" step="1"/><D99/><REACH who="0" ten="12,316,430,232" step="2"/><U132/><E132/><V128/><F27/><W92/><G35/><T1/><D1/><U17/><E112/><V45/><F15/><W36/><G34/><T81/><D81/><U51/><E118/><V25/><F14/><W52/><G33/><T67/><D67/><U0/><E0/><V70/><F25/><W115/><G115/><T22/><D22/><U108/><E116/><V93/><F21/><W69/><G117/><T73/><D73/><U123/><E123/><V125/><F72/><W61/><G23/><T12/><D12/><U63/><E63/><V98/><F125/><W85/><G61/><T103/><D103/><U126/><E126/><V31/><F102/><W64/><G101/><T40/><D40/><U68/><E68/><V16/><F70/><W88/><G69/><T66/><D66/><U104/><E104/><V75/><F75/><W5/><G64/><T53/><D53/><U100/><E100/><V96/><F96/><W87/><G97/><T28/><D28/><U4/><E109/><V111/><F111/><W37/><G107/><RYUUKYOKU ba="1,1" sc="12,30,316,-10,430,-10,232,-10" hai0="13,18,20,41,44,49,50,55,76,79,83,86,90" />
</Scene>
<Scene>
<INIT seed="6,2,1,3,0,67" ten="42,306,420,222" oya="2" hai0="12,104,106,56,11,49,19,97,27,91,39,5,0" hai1="64,110,57,13,74,43,95,33,83,133,81,59,76" hai2="82,16,35,63,53,8,58,37,50,17,78,51,32" hai3="61,108,34,18,84,130,26,101,69,94,113,4,29"/><V132/><F37/><W79/><G108/><T20/><D39/><U47/><E33/><V102/><F102/><W119/><G119/><T23/><D91/><U55/><E110/><V112/><F112/><W96/><G4/><T134/><D97/><U24/><E133/><V75/><F132/><W14/><G113/><T120/><D134/><U103/><E24/><V70/><F70/><W107/><G130/><T125/><D120/><U131/><E131/><V7/><F35/><W124/><G124/><T87/><D125/><U118/><E118/><V100/><F100/><W41/><G41/><T121/><D121/><U9/><E83/><V92/><F92/><W66/><G94/><T85/><D106/><U45/><E64/><V6/><F6/><W31/><G31/><T129/><D104/><U126/><E126/><V109/><F32/><W128/><G128/><T117/><D117/><U115/><E115/><V72/><F75/><W73/><G73/><T71/><D71/><U15/><E47/><V98/><F98/><W25/><G25/><T40/><D129/><U77/><E77/><V36/><F109/><W44/><G44/><T21/><D40/><U122/><E122/><V86/><F72/><W105/><G105/><T89/><D27/><U3/><E95/><V48/><F36/><W38/><G38/><T127/><D127/><U60/><E103/><V52/><F53/><W65/><G65/><T2/><D2/><U62/><E3/><V80/><F80/><N who="3" m="47135" /><G14/><AGARI ba="2,1" hai="7,8,14,16,17,48,50,51,52,58,63,78,82,86" machi="14" ten="40,7700,0" yaku="8,1,54,2" doraHai="67" who="2" fromWho="3" sc="42,0,306,0,420,93,222,-83" />
</Scene>
<Scene>
<INIT seed="6,3,0,4,4,9" ten="42,306,513,139" oya="2" hai0="36,3,72,104,14,13,58,5,135,127,7,121,117" hai1="122,85,20,123,43,118,46,131,42,112,67,49,24" hai2="68,93,109,40,50,105,96,94,66,82,39,132,81" hai3="19,10,79,101,130,74,45,133,106,71,126,22,92"/><V55/><F132/><W64/><G106/><T48/><D36/><U8/><E118/><V54/><F54/><W11/><G133/><T73/><D121/><N who="1" m="46091" /><E112/><V32/><F32/><W128/><G45/><T28/><D104/><U113/><E113/><V63/><F105/><W86/><G74/><T23/><D135/><U115/><E115/><V103/><F94/><W0/><G126/><T2/><D127/><U17/><E131/><N who="3" m="50218" /><G0/><T88/><D117/><U33/><E67/><V29/><F29/><W21/><G21/><T62/><D73/><U37/><E33/><V41/><F41/><W108/><G108/><T90/><D72/><U107/><E107/><V35/><F35/><W56/><G71/><T59/><D3/><U134/><E134/><V84/><F109/><W53/><G64/><N who="0" m="38999" /><D2/><U31/><E85/><V57/><F84/><W18/><G18/><N who="0" m="10703" /><D28/><U69/><E69/><V89/><F68/><W75/><G75/><T65/><D7/><U25/><E37/><V124/><F124/><W12/><G79/><T4/><D4/><U78/><E78/><V30/><F30/><W16/><G19/><T70/><D70/><U119/><E119/><V87/><F39/><W34/><G34/><T1/><D1/><U52/><E42/><V76/><F40/><W77/><G77/><T91/><D65/><U38/><E38/><V83/><F76/><W51/><G101/><T102/><D102/><U120/><E120/><V95/><F66/><W129/><N who="3" m="50226" /><W99/><DORA hai="116" /><G99/><T61/><D91/><AGARI ba="3,0" hai="10,11,12,16,22,51,53,56,86,91,92" m="50226" machi="91" ten="40,8000,1" yaku="25,1,19,1,52,1,54,1" doraHai="9,116" who="3" fromWho="0" sc="42,-89,306,0,513,0,139,89" owari="-47,-55.0,306,11.0,513,61.0,228,-17.0" />
</Scene>
</mjloggm>