<mjloggm ver="2.3"><GO type="169"/><UN n0="%E5%A4%AA%E3%81%8F%E3%81%AA%E3%81%84%E3%81%8A" n1="%E3%81%B9%E3%81%A3%E3%81%93%E3%83%BC%E2%99%AA" n2="%E3%82%AA%E3%83%A9%E3%82%B4%E3%83%B3%E3%82%AF%E3%82%A8%E3%82%B9%EF%BD%94" n3="%E2%84%83%2D%75%74%65" dan="17,17,16,16" rate="2174,2150,2141,2060" sx="M,F,M,M"/><TAIKYOKU oya="0"/>

<Scene>
<INIT seed="0,0,0,5,4,104" ten="250,250,250,250" oya="0" hai0="121,71,4,41,128,111,130,63,76,30,5,64,77" hai1="129,106,114,112,53,29,84,93,79,44,7,32,86" hai2="8,12,83,105,117,133,100,45,26,69,82,37,17" hai3="59,52,27,57,126,96,89,35,127,0,108,109,135"/><T123/><D30/><U70/><E106/><V28/><F69/><W65/><G0/><T3/><D41/><U34/><E70/><V97/><F133/><W31/><G135/><T102/><D102/><U46/><E129/><N who="0" m="49769" /><D111/><N who="3" m="42569" /><G65/><T99/><D99/><U66/><E66/><V50/><F37/><W73/><G73/><T15/><D3/><U47/><E29/><V122/><F122/><N who="0" m="46602" /><D15/><U125/><E125/><N who="3" m="47626" /><G52/><T33/><D33/><U39/><E53/><V40/><REACH who="2" step="1"/><F117/><REACH who="2" ten="250,250,240,250" step="2"/><W21/><G35/><AGARI ba="0,1" hai="8,12,17,26,28,35,40,45,50,82,83,97,100,105" machi="35" ten="30,7700,0" yaku="1,1,2,1,7,1,53,1" doraHai="104" doraHaiUra="25" who="2" fromWho="3" sc="250,0,250,0,240,87,250,-77" />
</Scene>
<Scene>
<INIT seed="1,0,0,1,4,117" ten="250,250,327,173" oya="1" hai0="81,8,18,88,56,104,57,115,21,83,78,66,94" hai1="68,63,109,134,54,22,49,106,30,76,79,4,17" hai2="26,99,92,89,125,77,33,129,28,39,86,120,102" hai3="131,111,130,11,20,85,74,10,65,116,34,132,9"/><U58/><E106/><V14/><F125/><W67/><G34/><T1/><D104/><U100/><E134/><V37/><F129/><N who="3" m="49163" /><G74/><T45/><D115/><U108/><E30/><V24/><F120/><W70/><G132/><T52/><D1/><U2/><E100/><V110/><F110/><N who="1" m="42601" /><E4/><V41/><F41/><W75/><G75/><T25/><D8/><U44/><E68/><V95/><F26/><W12/><G111/><T53/><D66/><N who="3" m="25097" /><G70/><T91/><D45/><U112/><E112/><V133/><F133/><W47/><G47/><T13/><D25/><N who="1" m="14543" /><E2/><V114/><F114/><W46/><G46/><T29/><D29/><U98/><E98/><V6/><REACH who="2" step="1"/><F77/><REACH who="2" ten="250,250,317,173" step="2"/><W55/><G116/><T73/><D81/><U23/><E23/><V101/><F101/><W118/><G118/><T113/><D113/><U32/><E32/><V35/><F35/><W62/><G20/><T84/><REACH who="0" step="1"/><D91/><REACH who="0" ten="240,250,317,173" step="2"/><U124/><E124/><V51/><F51/><W3/><G62/><T0/><D0/><U60/><E63/><V42/><F42/><AGARI ba="0,2" hai="42,44,49,54,58,60,76,79" m="14543,42601" machi="42" ten="30,2900,0" yaku="14,1,10,1" doraHai="117" who="1" fromWho="2" sc="240,0,250,49,317,-29,173,0" />
</Scene>
<Scene>
<INIT seed="1,1,0,0,4,114" ten="240,299,288,173" oya="1" hai0="63,40,98,70,68,130,103,28,84,57,4,124,92" hai1="94,73,51,5,59,87,13,125,76,38,16,90,69" hai2="32,2,27,50,110,81,122,6,132,77,52,74,42" hai3="48,89,33,64,117,134,55,26,22,46,53,29,80"/><U11/><E69/><V121/><F110/><W105/><G105/><T107/><D124/><U62/><E38/><V44/><F132/><W93/><G134/><T71/><D130/><U25/><E125/><V99/><F99/><W15/><G64/><T109/><D109/><U30/><E73/><V17/><F6/><W41/><G80/><T88/><D40/><U83/><E51/><V86/><F2/><W100/><G100/><T116/><D4/><U45/><E45/><V129/><F129/><W97/><G33/><T34/><D116/><U95/><E5/><V18/><F74/><W104/><G104/><T66/><REACH who="0" step="1"/><D57/><REACH who="0" ten="230,299,288,173" step="2"/><U47/><E47/><V24/><F42/><W0/><G117/><T3/><D3/><U7/><E7/><V127/><F127/><W67/><G0/><T10/><D10/><U91/><E95/><V49/><F122/><W96/><G15/><T36/><D36/><U21/><REACH who="1" step="1"/><E94/><REACH who="1" ten="230,289,288,173" step="2"/><V35/><F44/><W85/><REACH who="3" step="1"/><G67/><AGARI ba="1,2" hai="11,13,16,21,25,30,59,62,67,76,83,87,90,91" machi="67" ten="30,12000,1" yaku="1,1,2,1,7,1,8,1,54,1,53,0" doraHai="114" doraHaiUra="112" who="1" fromWho="3" sc="230,0,289,143,288,0,173,-123" />
</Scene>
<Scene>
<INIT seed="1,2,0,3,3,66" ten="230,432,288,50" oya="1" hai0="4,132,52,106,77,96,25,118,92,60,55,50,51" hai1="67,35,45,64,19,9,30,73,59,43,91,112,88" hai2="5,99,23,21,32,128,31,113,119,131,14,134,38" hai3="83,48,27,135,114,79,36,11,76,44,121,103,12"/><U120/><E73/><V42/><F99/><W65/><G114/><T124/><D118/><U34/><E120/><V86/><F86/><W33/><G121/><T85/><D106/><U2/><E112/><V133/><F42/><W37/><G135/><N who="2" m="51721" /><F38/><W125/><G125/><T101/><D124/><U126/><E126/><V6/><F119/><W54/><G103/><T70/><D132/><U110/><E110/><V72/><F72/><W127/><G127/><T109/><D109/><U53/><E34/><V111/><F111/><W56/><G33/><T90/><D4/><N who="2" m="1642" /><F113/><W57/><G27/><T89/><D25/><U18/><E2/><V22/><F14/><W81/><G37/><T129/><D77/><N who="3" m="29769" /><G36/><T93/><D101/><U95/><E91/><V13/><F13/><W3/><G3/><T16/><D90/><U97/><E43/><V0/><F0/><W116/><G116/><T74/><D89/><U58/><E45/><V41/><F41/><W115/><G115/><T61/><D74/><U98/><E98/><V104/><F104/><W20/><G44/><T46/><D46/><U47/><E47/><V1/><F1/><W62/><G11/><T8/><D8/><U82/><E82/><V10/><F10/><W130/><G12/><T24/><D96/><U29/><E9/><V94/><F94/><W117/><G117/><T107/><D92/><U40/><E40/><V71/><F71/><W28/><G83/><T49/><D70/><U87/><E97/><V80/><F80/><W15/><G81/><T7/><D107/><U63/><E95/><V122/><F122/><RYUUKYOKU ba="2,0" sc="230,-10,432,-10,288,30,50,-10" hai2="21,22,23,31,32,128,131" />
</Scene>
<Scene>
<INIT seed="2,3,0,5,3,86" ten="220,422,318,40" oya="2" hai0="18,73,53,3,76,1,127,58,88,119,24,17,114" hai1="19,26,82,93,135,45,94,85,62,99,30,27,29" hai2="98,122,57,60,38,108,37,107,25,61,83,31,72" hai3="69,101,32,130,23,123,116,4,103,43,117,131,77"/><V90/><F122/><W87/><G32/><T109/><D114/><U42/><E135/><V34/><F108/><W110/><G69/><T118/><D109/><U2/><E2/><N who="0" m="521" /><D76/><U106/><E106/><V129/><F129/><N who="3" m="49163" /><G110/><T100/><D100/><N who="3" m="38473" /><G43/><T14/><D24/><U15/><E45/><V105/><F105/><W124/><G4/><T49/><D73/><U46/><E46/><V22/><F34/><W89/><G23/><T78/><D78/><U39/><E42/><V102/><F72/><W81/><G123/><T113/><D113/><U54/><E39/><V20/><F20/><W55/><G55/><T65/><D65/><U6/><E54/><V33/><F33/><W74/><G124/><T91/><D127/><U21/><E6/><V59/><F60/><W92/><AGARI ba="3,0" hai="74,77,81,87,89,92,116,117" m="38473,49163" machi="92" ten="30,7900,0" yaku="19,1,34,2,52,1" doraHai="86" who="3" fromWho="3" sc="220,-23,422,-23,318,-42,40,88" />
</Scene>
<Scene>
<INIT seed="3,0,0,2,5,52" ten="197,399,276,128" oya="3" hai0="7,68,34,94,105,20,14,41,133,4,122,54,92" hai1="106,33,134,98,32,128,56,129,21,118,121,125,131" hai2="75,36,127,87,99,76,124,30,95,6,11,39,28" hai3="71,74,63,43,1,60,120,69,55,84,50,61,72"/><W62/><G120/><T130/><D105/><U17/><E121/><V109/><F75/><W97/><G1/><T37/><D122/><U89/><E118/><V77/><F109/><W114/><G114/><T18/><D34/><U65/><E125/><N who="2" m="48203" /><F30/><W9/><G43/><T116/><D116/><U47/><E134/><V64/><F64/><W46/><G97/><T67/><D133/><U23/><E47/><V83/><F76/><W103/><G103/><T110/><D110/><U79/><E79/><V24/><F24/><W91/><G9/><T35/><D35/><U107/><E107/><V26/><F26/><W44/><G44/><T19/><D41/><U15/><E106/><V90/><F28/><W88/><G91/><T22/><D37/><U59/><E32/><V45/><F45/><W132/><G132/><T112/><D112/><U100/><E33/><V25/><F25/><W70/><N who="3" m="15360" /><DORA hai="5" /><W42/><REACH who="3" step="1"/><G42/><REACH who="3" ten="197,399,276,118" step="2"/><T111/><D111/><U48/><E89/><V12/><AGARI ba="0,1" hai="6,11,12,36,39,77,83,87,90,95,99" m="48203" machi="12" ten="30,2000,0" yaku="18,1,52,1" doraHai="52,5" who="2" fromWho="2" sc="197,-5,399,-5,276,30,118,-10" />
</Scene>
<Scene>
<INIT seed="4,0,0,1,0,76" ten="192,394,306,108" oya="0" hai0="131,28,45,60,112,104,24,108,130,83,96,9,18" hai1="71,90,13,86,31,16,58,107,33,94,123,3,100" hai2="66,101,64,128,82,41,1,74,35,133,40,61,92" hai3="119,69,106,129,132,4,17,15,20,79,115,120,2"/><T103/><D112/><U127/><E71/><V19/><F1/><W14/><G69/><T113/><D113/><U78/><E123/><V124/><F35/><W110/><G106/><T77/><D108/><U29/><E3/><V52/><F124/><W97/><G115/><T80/><D60/><U98/><E127/><V91/><F128/><N who="0" m="49194" /><D77/><U84/><E33/><V36/><F133/><W88/><G129/><T44/><D9/><U89/><E78/><V57/><F74/><W27/><G110/><T42/><D18/><U12/><E12/><V70/><F36/><W67/><G67/><N who="2" m="25641" /><F70/><W116/><G132/><T68/><D68/><U21/><E58/><V38/><F38/><W48/><G79/><T126/><D126/><U114/><E114/><V73/><F73/><W134/><G134/><T56/><D56/><U54/><E54/><V23/><F101/><W122/><G2/><T26/><D26/><U72/><E72/><V8/><F8/><N who="3" m="4359" /><G48/><N who="0" m="26647" /><D45/><U81/><AGARI ba="0,0" hai="13,16,21,29,31,81,84,86,89,90,94,98,100,107" machi="81" ten="20,5200,0" yaku="0,1,7,1,52,1,54,1" doraHai="76" who="1" fromWho="1" sc="192,-26,394,52,306,-13,108,-13" />
</Scene>
<Scene>
<INIT seed="5,0,0,5,5,11" ten="166,446,293,95" oya="1" hai0="106,56,22,123,120,121,53,68,88,101,108,69,8" hai1="104,115,37,33,107,47,58,80,84,20,36,9,66" hai2="110,127,96,78,39,67,49,21,133,93,72,71,35" hai3="109,41,132,105,28,97,122,89,90,134,94,42,81"/><U51/><E33/><V43/><F35/><W129/><G109/><T112/><D108/><U38/><E115/><V98/><F110/><W26/><G122/><T75/><D75/><U95/><E95/><V125/><F39/><W23/><G105/><T55/><D112/><U54/><E20/><V16/><F133/><W100/><G129/><T73/><D73/><U6/><E58/><V111/><F111/><W0/><G0/><T29/><D8/><U103/><E66/><V130/><F130/><W99/><G81/><T46/><D46/><U45/><E45/><N who="2" m="25791" /><F93/><W32/><G90/><T4/><D4/><U92/><E92/><V118/><F118/><W102/><G89/><T87/><D101/><U24/><E103/><V44/><F44/><W124/><G124/><N who="2" m="47689" /><F71/><N who="0" m="27210" /><D56/><U52/><E107/><V119/><F67/><W27/><G99/><T34/><D34/><U50/><E104/><V61/><F61/><W128/><G128/><T59/><D59/><U74/><E38/><V117/><F117/><W18/><REACH who="3" step="1"/><G102/><REACH who="3" ten="166,446,293,85" step="2"/><T17/><D106/><U83/><E83/><N who="2" m="45511" /><F119/><W10/><G10/><T116/><D116/><U62/><E9/><V85/><F85/><W19/><G19/><T114/><D114/><U13/><E84/><V57/><F98/><W76/><G76/><T70/><D121/><U31/><E74/><V65/><F96/><W48/><G48/><T5/><D120/><U7/><E50/><V135/><F65/><W86/><G86/><T77/><D123/><U12/><E80/><V64/><F64/><W15/><G15/><T60/><D87/><U82/><E13/><RYUUKYOKU ba="0,1" sc="166,-10,446,-10,293,-10,85,30" hai3="18,23,26,27,28,32,41,42,94,97,100,132,134" />
</Scene>
<Scene>
<INIT seed="6,1,1,1,1,9" ten="156,436,283,115" oya="2" hai0="103,16,109,56,48,23,119,125,75,67,112,77,106" hai1="1,34,118,58,105,126,60,82,88,79,40,111,24" hai2="63,42,45,51,90,81,47,12,122,33,72,73,132" hai3="74,31,62,53,3,131,36,76,95,83,97,121,61"/><V102/><F122/><W38/><G121/><T39/><D109/><U37/><E111/><V7/><F33/><W87/><G3/><T55/><D39/><U66/><E1/><V69/><F132/><W98/><G131/><T107/><D112/><U129/><E105/><V133/><F133/><W115/><G98/><T5/><D125/><U44/><E126/><V28/><F28/><W4/><G74/><T135/><D135/><U93/><E129/><V127/><F102/><W86/><G86/><T14/><D119/><U17/><E34/><V85/><F47/><W101/><G115/><T35/><D35/><U94/><E118/><V20/><F127/><W123/><G123/><T124/><D124/><U49/><E37/><V30/><F30/><W70/><G31/><T91/><D103/><U78/><E82/><V114/><F114/><W128/><G128/><T100/><D100/><U65/><E94/><V15/><F7/><W8/><G62/><T27/><D67/><U104/><E66/><V10/><F63/><W41/><G41/><T57/><D57/><U92/><E92/><V59/><F59/><W68/><G68/><T32/><D32/><U134/><E134/><V110/><F69/><W120/><G120/><T46/><D46/><U6/><E104/><V116/><F116/><W11/><G11/><N who="0" m="4463" /><D91/><U2/><E6/><N who="2" m="3159" /><F110/><W108/><G108/><T71/><D71/><U26/><E2/><V50/><F73/><W89/><G101/><T25/><D25/><U22/><E26/><V29/><F72/><W18/><G70/><T130/><D130/><U54/><E65/><RYUUKYOKU ba="1,1" sc="156,15,436,15,283,-15,115,-15" hai0="16,23,27,48,55,56,75,77,106,107" hai1="17,22,24,40,44,49,54,58,60,78,79,88,93" />
</Scene>
<Scene>
<INIT seed="7,2,1,2,2,89" ten="171,451,268,100" oya="3" hai0="92,126,90,99,38,113,71,63,86,122,2,27,82" hai1="130,37,58,0,33,87,5,34,43,17,20,24,84" hai2="94,26,32,72,97,25,135,131,53,96,110,1,54" hai3="81,31,68,121,118,46,16,98,52,116,103,95,75"/><W128/><G121/><T124/><D38/><U7/><E130/><V36/><F72/><W21/><G68/><T66/><D122/><U100/><E37/><V40/><F1/><W76/><G31/><T125/><D2/><U44/><E44/><V29/><F131/><W114/><G128/><T70/><D113/><U93/><E84/><V61/><F135/><W3/><G3/><T77/><D27/><U41/><E5/><V69/><F25/><W11/><G11/><T19/><D19/><U112/><E7/><V8/><F8/><W64/><G64/><T28/><D28/><U129/><E34/><V132/><F97/><W117/><G114/><T55/><D55/><U60/><E33/><V62/><F69/><AGARI ba="2,1" hai="63,66,69,70,71,77,82,86,90,92,99,124,125,126" machi="69" ten="40,2600,0" yaku="18,1,52,1" doraHai="89" who="0" fromWho="2" sc="171,42,451,0,268,-32,100,0" owari="213,-19.0,451,55.0,236,4.0,100,-40.0" />
</Scene>
</mjloggm>