<mjloggm ver="2.3"><GO type="169"/><UN n0="%E5%A4%AA%E3%81%8F%E3%81%AA%E3%81%84%E3%81%8A" n1="%E3%83%9D%E3%83%B3%E5%8A%A9" n2="%E3%83%99%E3%82%BF%E3%82%AA%E3%83%AA%E3%82%B9%E3%82%AF" n3="%E6%B3%95%E5%BE%8B%E5%8B%89%E5%BC%B7%E4%B8%AD" dan="17,16,16,18" rate="2171,2118,2044,2217" sx="M,M,M,M"/><TAIKYOKU oya="0"/>

<Scene>
<INIT seed="0,0,0,5,0,60" ten="250,250,250,250" oya="0" hai0="32,21,7,14,126,27,38,22,62,39,121,68,135" hai1="9,83,118,119,95,34,15,12,55,31,90,33,59" hai2="53,101,29,130,28,51,124,113,20,102,1,35,0" hai3="97,75,74,23,26,61,115,120,4,111,108,89,92"/><T54/><D121/><U17/><E83/><V134/><F113/><W82/><G115/><T76/><D76/><U37/><E37/><V116/><F35/><W25/><G120/><T10/><D126/><U63/><E31/><V73/><F73/><W114/><G114/><T105/><D105/><U36/><E36/><V13/><F124/><W18/><G4/><T99/><D135/><U93/><E93/><V30/><F134/><W129/><G129/><T96/><D32/><U110/><E110/><N who="3" m="42026" /><G82/><T88/><D22/><U79/><E79/><V49/><F130/><W87/><G87/><T127/><D96/><U50/><E34/><V117/><F13/><W81/><G81/><T132/><D132/><U107/><E33/><V131/><F20/><N who="3" m="13463" /><G61/><T133/><D127/><U40/><E107/><V5/><F131/><W100/><G100/><N who="2" m="38505" /><F5/><W24/><G24/><T6/><D6/><U57/><E15/><V19/><F19/><AGARI ba="0,0" hai="19,23,26,74,75,89,92,97" m="13463,42026" machi="19" ten="30,1000,0" yaku="14,1" doraHai="60" who="3" fromWho="2" sc="250,0,250,0,250,-10,250,10" />
</Scene>
<Scene>
<INIT seed="1,0,0,5,2,65" ten="250,250,240,260" oya="1" hai0="25,115,105,100,74,42,0,125,46,91,69,126,3" hai1="19,61,118,94,50,123,84,24,15,2,52,121,107" hai2="18,54,86,108,66,7,129,120,43,99,49,17,48" hai3="103,131,98,111,62,14,80,97,16,95,72,134,102"/><U30/><E107/><V124/><F120/><W41/><G111/><T68/><D115/><U32/><E2/><N who="0" m="553" /><D74/><U135/><E118/><V119/><F119/><W20/><G131/><T133/><D133/><U26/><E135/><V90/><F108/><W112/><G134/><T9/><D9/><U64/><E26/><V40/><F129/><W106/><G112/><T113/><D113/><U70/><E94/><N who="2" m="56791" /><F66/><W130/><G130/><T11/><D11/><U37/><E84/><V73/><F73/><W82/><G72/><T10/><D10/><U13/><E37/><V23/><F7/><W44/><REACH who="3" step="1"/><G62/><REACH who="3" ten="250,250,240,250" step="2"/><T59/><D125/><U101/><E121/><V132/><F132/><W29/><G29/><T31/><D126/><U12/><E123/><V63/><F124/><W85/><G85/><T114/><D114/><U71/><E30/><V75/><F75/><W109/><G109/><T57/><D31/><U6/><E61/><V60/><F86/><W33/><G33/><T4/><D4/><U87/><E32/><V53/><F63/><W127/><G127/><T93/><D105/><U45/><E6/><V96/><F60/><W1/><G1/><T81/><D69/><U104/><E87/><V128/><F128/><W67/><G67/><T92/><D68/><U36/><E64/><V8/><F96/><W28/><G28/><T78/><D81/><U79/><E70/><V22/><F18/><W51/><AGARI ba="0,1" hai="14,16,20,41,44,51,80,82,95,97,98,102,103,106" machi="51" ten="20,12000,2" yaku="1,1,0,1,7,1,54,1,53,2" doraHai="65" doraHaiUra="76" who="3" fromWho="3" sc="250,-30,250,-60,240,-30,250,130" />
</Scene>
<Scene>
<INIT seed="2,0,0,2,0,53" ten="220,190,210,380" oya="2" hai0="116,7,103,6,77,122,41,24,54,48,90,68,25" hai1="20,12,10,87,23,22,111,106,128,79,9,40,3" hai2="26,80,45,43,123,96,61,37,125,70,110,71,30" hai3="55,121,57,27,64,88,129,112,14,34,98,95,58"/><V114/><F123/><W107/><G121/><T60/><D122/><U127/><E106/><V75/><F114/><W32/><G107/><T126/><D126/><U0/><E40/><V135/><F125/><W42/><G112/><T86/><D116/><U104/><E104/><V84/><F75/><W93/><G129/><T56/><D103/><U5/><E79/><V91/><F135/><W31/><G42/><T105/><D77/><U59/><E87/><V118/><F118/><W4/><G4/><T66/><D105/><U76/><E76/><V100/><F110/><W99/><G14/><T38/><D24/><U47/><E47/><V78/><F78/><W72/><G72/><T83/><D25/><U101/><E101/><V13/><F61/><W35/><G64/><T36/><D36/><U73/><E73/><V44/><F44/><AGARI ba="0,0" hai="6,7,38,41,44,48,54,56,60,66,68,83,86,90" machi="44" ten="40,5200,0" yaku="24,2,52,1" doraHai="53" who="0" fromWho="2" sc="220,52,190,0,210,-52,380,0" />
</Scene>
<Scene>
<INIT seed="3,0,0,5,5,21" ten="272,190,158,380" oya="3" hai0="71,76,12,1,97,122,53,23,91,114,83,22,40" hai1="107,38,31,8,113,95,111,69,72,18,117,119,125" hai2="32,47,46,93,62,128,3,103,135,90,66,80,58" hai3="129,52,39,82,10,101,33,16,85,15,11,133,24"/><W120/><G120/><T54/><D122/><U70/><E107/><V19/><F3/><W100/><G39/><T86/><D1/><U48/><E38/><V0/><F0/><W123/><G123/><T14/><D71/><U84/><E72/><V94/><F32/><W81/><G129/><T4/><D40/><U26/><E113/><V67/><F135/><W2/><G133/><T106/><D114/><U60/><E111/><V116/><F116/><N who="1" m="44617" /><E125/><V36/><F128/><W75/><G75/><T44/><D106/><U49/><E18/><V96/><F80/><W109/><G109/><T127/><D127/><U78/><E8/><V56/><F36/><W37/><G37/><T92/><D4/><U35/><E78/><V73/><F73/><W88/><G82/><T131/><D131/><U13/><E13/><N who="0" m="5225" /><D54/><U74/><E74/><V118/><F118/><W29/><REACH who="3" step="1"/><G52/><REACH who="3" ten="272,190,158,370" step="2"/><T55/><D53/><U105/><E60/><V41/><F41/><W63/><G63/><T65/><D65/><U102/><E49/><AGARI ba="0,1" hai="22,23,44,49,55,76,83,86,91,92,97" m="5225" machi="49" ten="30,1000,0" yaku="8,1" doraHai="21" who="0" fromWho="1" sc="272,20,190,-10,158,0,370,0" />
</Scene>
<Scene>
<INIT seed="4,0,0,3,0,97" ten="292,180,158,370" oya="0" hai0="37,113,3,78,126,43,9,34,39,30,80,31,59" hai1="107,0,108,79,124,82,68,67,100,114,33,11,4" hai2="40,48,36,74,125,76,35,112,41,129,81,69,119" hai3="32,14,61,15,29,22,44,60,95,2,7,131,63"/><T65/><D113/><U117/><E117/><V83/><F35/><W58/><G131/><T25/><D126/><U130/><E130/><V10/><F69/><W98/><G32/><T62/><D31/><U75/><E124/><V91/><F36/><W132/><G132/><T92/><D43/><U127/><E127/><V93/><F125/><W116/><G2/><T53/><D92/><U87/><E87/><V73/><F129/><W77/><G116/><T18/><D65/><U42/><E114/><V27/><F112/><W54/><G77/><T20/><D9/><U101/><E108/><V55/><F119/><W8/><G44/><T66/><D66/><U105/><E33/><V6/><F27/><N who="3" m="16631" /><G15/><T84/><REACH who="0" step="1"/><D3/><REACH who="0" ten="282,180,158,370" step="2"/><U51/><E105/><V64/><F64/><W111/><G111/><T133/><D133/><U115/><E107/><V109/><F109/><W104/><G104/><T102/><D102/><AGARI ba="0,1" hai="7,8,14,54,58,60,61,63,95,98,102" m="16631" machi="102" ten="30,2000,0" yaku="8,1,52,1" doraHai="97" who="3" fromWho="0" sc="282,-20,180,0,158,0,370,30" />
</Scene>
<Scene>
<INIT seed="5,0,0,5,2,7" ten="262,180,158,400" oya="1" hai0="17,115,49,51,104,39,31,75,130,103,6,132,34" hai1="28,13,48,109,58,100,56,37,86,33,98,10,69" hai2="61,88,54,102,3,45,106,35,101,82,95,38,99" hai3="15,1,77,65,124,53,131,128,2,32,111,4,11"/><U129/><E37/><V96/><F35/><W97/><G111/><T41/><D75/><U30/><E69/><V26/><F3/><W43/><G124/><T123/><D6/><N who="1" m="3287" /><E33/><V68/><F26/><W52/><G32/><T55/><D104/><U62/><E109/><V0/><F0/><W18/><G65/><T16/><D39/><U120/><E120/><V8/><F8/><N who="3" m="6503" /><G2/><T93/><D123/><U74/><E74/><V116/><F116/><W91/><G77/><T21/><D115/><U87/><E129/><N who="3" m="49738" /><G43/><T25/><D130/><U22/><E48/><V121/><F121/><W105/><G91/><T79/><D79/><U12/><E12/><V76/><F101/><AGARI ba="0,0" hai="1,4,11,52,53,97,101,105" m="49738,6503" machi="101" ten="30,7700,0" yaku="19,1,52,2,54,1" doraHai="7" who="3" fromWho="2" sc="262,0,180,0,158,-77,400,77" />
</Scene>
<Scene>
<INIT seed="6,0,0,4,0,7" ten="262,180,81,477" oya="2" hai0="131,119,88,13,62,50,105,47,110,0,112,128,49" hai1="18,82,123,63,69,48,51,8,93,35,26,41,85" hai2="1,95,3,122,40,14,94,70,114,76,30,98,21" hai3="64,84,5,133,36,55,118,52,116,130,67,56,132"/><V102/><F122/><W20/><G130/><T31/><D110/><U45/><E123/><V124/><F70/><W23/><G36/><T43/><D0/><U81/><E69/><V10/><F114/><W106/><G106/><T42/><D105/><U89/><E63/><V15/><F124/><W101/><G101/><T100/><D100/><U44/><E35/><V16/><F40/><W58/><G5/><T59/><D112/><U54/><E26/><V129/><F129/><W71/><G84/><T127/><D127/><U22/><E22/><V32/><F76/><W79/><G71/><T34/><D119/><U107/><E107/><V74/><F74/><W86/><G86/><T83/><D34/><U135/><E135/><V108/><F108/><W57/><G57/><T38/><D31/><U87/><E87/><V2/><F95/><W9/><G9/><T46/><D13/><AGARI ba="0,0" hai="8,13,18,41,44,45,48,51,54,81,82,85,89,93" machi="13" ten="40,2600,0" yaku="8,1,52,1" doraHai="7" who="1" fromWho="0" sc="262,-26,180,26,81,0,477,0" />
</Scene>
<Scene>
<INIT seed="7,0,0,5,2,56" ten="236,206,81,477" oya="3" hai0="101,107,126,48,132,104,58,118,8,119,64,14,51" hai1="78,29,5,60,90,44,86,47,63,20,109,69,124" hai2="52,113,25,0,112,84,21,81,91,45,50,103,43" hai3="97,30,116,70,1,17,53,122,42,130,129,10,85"/><W62/><G116/><T18/><D132/><U19/><E109/><V36/><F103/><W13/><G122/><T95/><D126/><U34/><E69/><V75/><F0/><W37/><G1/><T98/><D119/><U110/><E110/><V57/><F75/><W121/><G121/><T38/><D38/><U73/><E34/><V72/><F72/><W111/><G111/><T7/><D118/><U35/><E35/><V23/><REACH who="2" step="1"/><F25/><REACH who="2" ten="236,206,71,477" step="2"/><W3/><G3/><T115/><D101/><U71/><E73/><V89/><F89/><W46/><G30/><T92/><D104/><U82/><E29/><V27/><F27/><W9/><G97/><T83/><D107/><U133/><E90/><V93/><F93/><W31/><G31/><T65/><D92/><U11/><E78/><V134/><F134/><W54/><G85/><T39/><D95/><U100/><E100/><V24/><F24/><W114/><G114/><T41/><D115/><U26/><E133/><V28/><F28/><W131/><G10/><T117/><D8/><U61/><E86/><V55/><F55/><W80/><G80/><T135/><D83/><U33/><E82/><V4/><F4/><W32/><G32/><T128/><D7/><U2/><E33/><V94/><F94/><W66/><AGARI ba="0,1" hai="9,13,17,37,42,46,53,54,62,66,70,129,130,131" machi="66" ten="40,7800,0" yaku="0,1,19,1,52,1" doraHai="56" who="3" fromWho="3" sc="236,-26,206,-26,71,-26,477,88" owari="210,1.0,180,-22.0,45,-45.0,565,66.0" />
</Scene>
</mjloggm>