<mjloggm ver="2.3"><GO type="225"/><UN n0="%E5%A4%AA%E3%81%8F%E3%81%AA%E3%81%84%E3%81%8A" n1="%E7%82%BA%E5%A4%AA%E9%83%8E" n2="%E3%83%81%E3%83%A3%E3%82%AA%E3%83%AA" n3="%E3%83%AF%E3%82%A4%E3%83%AB%E3%83%89" dan="16,16,16,16" rate="2076,2019,2065,2107" sx="M,M,M,M"/><TAIKYOKU oya="0"/>

<Scene>
<INIT seed="0,0,0,5,3,55" ten="250,250,250,250" oya="0" hai0="70,131,59,118,76,94,43,51,23,11,121,13,78" hai1="15,27,54,71,125,65,24,56,92,0,20,53,66" hai2="85,87,9,129,82,45,135,16,21,57,115,77,25" hai3="97,79,123,52,14,96,126,28,116,112,68,44,34"/><T32/><D121/><U69/><E0/><V84/><F115/><W100/><G68/><T41/><D118/><U95/><E15/><N who="2" m="7279" /><F45/><W31/><G116/><T134/><D32/><U110/><E110/><V130/><F135/><W105/><G112/><T86/><D70/><U124/><E20/><V109/><F109/><W30/><G123/><T29/><D131/><N who="2" m="50186" /><F57/><AGARI ba="0,0" hai="24,27,53,54,56,57,65,66,69,71,92,95,124,125" machi="57" ten="25,6400,0" yaku="22,2,52,2" doraHai="55" who="1" fromWho="2" sc="250,0,250,64,250,-64,250,0" />
</Scene>
<Scene>
<INIT seed="1,0,0,5,4,62" ten="250,314,186,250" oya="1" hai0="6,85,56,75,89,97,49,27,108,39,99,79,124" hai1="37,51,74,125,2,40,121,3,68,65,29,131,46" hai2="24,123,54,106,102,103,78,104,110,134,31,10,113" hai3="22,112,98,87,21,117,55,81,12,16,94,95,126"/><U91/><E121/><V28/><F123/><W88/><G112/><T92/><D39/><U127/><E131/><V48/><F113/><W44/><G126/><N who="1" m="48138" /><E74/><V43/><F43/><W38/><G117/><T100/><D124/><U66/><E29/><V72/><F10/><W7/><G7/><T96/><D108/><U70/><E91/><V41/><F41/><W9/><G95/><T50/><D6/><U76/><E76/><V59/><F78/><W101/><G38/><T57/><D27/><U71/><E37/><V86/><F72/><W18/><G18/><T120/><D120/><U115/><E115/><V73/><F73/><W84/><G84/><T32/><D32/><U26/><E26/><V133/><F86/><W93/><G93/><T23/><D23/><U107/><E107/><V111/><F104/><W109/><G109/><N who="2" m="41481" /><F28/><W42/><G42/><T19/><D75/><U116/><E116/><V67/><F106/><W114/><G114/><T135/><D79/><U11/><E11/><V53/><F24/><W90/><G90/><T105/><D105/><U15/><E15/><V119/><F31/><W36/><G36/><T122/><D122/><U132/><E132/><N who="2" m="50795" /><F119/><W69/><G69/><T8/><D135/><U58/><E58/><V61/><F53/><W0/><G0/><AGARI ba="0,0" hai="0,2,3,40,46,51,65,66,68,70,71" m="48138" machi="0" ten="40,7700,0" yaku="18,1,52,2" doraHai="62" who="1" fromWho="3" sc="250,0,314,77,186,0,250,-77" />
</Scene>
<Scene>
<INIT seed="1,1,0,0,1,87" ten="250,391,186,173" oya="1" hai0="70,1,79,69,0,119,122,41,111,128,135,22,85" hai1="75,95,113,53,107,60,56,26,3,110,29,38,59" hai2="63,5,25,89,35,127,64,84,23,116,73,123,124" hai3="37,6,46,8,120,27,114,31,58,66,34,109,104"/><U18/><E113/><V52/><F35/><W49/><G104/><T50/><D119/><U118/><E107/><V39/><F39/><W90/><G120/><T96/><D122/><U11/><E118/><V80/><F73/><W4/><G114/><T74/><D74/><U45/><E75/><V125/><F116/><W134/><G109/><T81/><D111/><U14/><E3/><V68/><F5/><W12/><G134/><T97/><D0/><U47/><E38/><V9/><F9/><W36/><G6/><T15/><D1/><U16/><E56/><N who="2" m="35207" /><F123/><W54/><G66/><T91/><D135/><U51/><E18/><N who="2" m="12535" /><F64/><W78/><G78/><T106/><D106/><U92/><E110/><V88/><F89/><W2/><G58/><T93/><D69/><AGARI ba="1,0" hai="68,69,80,84,88,124,125,127" m="12535,35207" machi="69" ten="30,7700,0" yaku="18,1,52,1,54,2" doraHai="87" who="2" fromWho="0" sc="250,-80,391,0,186,80,173,0" />
</Scene>
<Scene>
<INIT seed="2,0,0,4,1,18" ten="170,391,266,173" oya="2" hai0="76,117,23,36,25,110,14,66,57,35,49,64,97" hai1="15,41,113,1,33,39,114,88,56,132,129,46,96" hai2="87,99,4,44,59,72,130,45,58,19,27,133,126" hai3="80,124,103,16,21,65,120,52,7,83,81,77,131"/><V47/><F72/><W116/><G120/><T119/><D36/><U125/><E1/><V37/><F37/><W86/><G116/><N who="0" m="44619" /><D110/><U95/><E33/><V61/><F126/><W38/><G38/><T32/><D76/><U127/><E132/><V0/><F130/><W90/><G124/><N who="1" m="47690" /><E129/><V79/><F0/><W98/><G131/><T28/><D97/><U10/><E56/><V102/><F4/><AGARI ba="0,0" hai="4,10,15,39,41,46,88,95,96,113,114" m="47690" machi="4" ten="30,2000,0" yaku="18,1,54,1" doraHai="18" who="1" fromWho="2" sc="170,0,391,20,266,-20,173,0" />
</Scene>
<Scene>
<INIT seed="3,0,0,4,2,92" ten="170,411,246,173" oya="3" hai0="70,124,58,127,106,68,90,37,128,94,72,121,82" hai1="86,40,41,116,93,134,115,111,6,47,26,123,1" hai2="15,38,67,14,55,39,23,74,105,0,24,12,35" hai3="65,95,60,78,119,87,46,131,89,2,114,88,79"/><W63/><G119/><T71/><D121/><U129/><E116/><V98/><F74/><W22/><G2/><T62/><D37/><U20/><E123/><V43/><F67/><W84/><G114/><T66/><D106/><U18/><E115/><V28/><F55/><W44/><G131/><T118/><D118/><U101/><E129/><V56/><F56/><W132/><G132/><T52/><D128/><U9/><E134/><V91/><F39/><W96/><G22/><T8/><D8/><U97/><E111/><V21/><F0/><W5/><G5/><T10/><D10/><U45/><E86/><N who="3" m="32810" /><G89/><T19/><D19/><U7/><E7/><V73/><F73/><W135/><G135/><T32/><D32/><U81/><E81/><V112/><F23/><W103/><G103/><T48/><D82/><U85/><E85/><V122/><F21/><W61/><G65/><T75/><D75/><U11/><E11/><V3/><F3/><W102/><G102/><T16/><D72/><U113/><E113/><V31/><F122/><W50/><G46/><T133/><D133/><U99/><E47/><V59/><F35/><W108/><G108/><T76/><D76/><U64/><E45/><V110/><F110/><W54/><AGARI ba="0,0" hai="44,50,54,60,61,63,78,79,88,95,96" m="32810" machi="54" ten="30,6000,0" yaku="8,1,52,1,54,1" doraHai="92" who="3" fromWho="3" sc="170,-20,411,-20,246,-20,173,60" />
</Scene>
<Scene>
<INIT seed="3,1,0,1,1,48" ten="150,391,226,233" oya="3" hai0="36,12,46,38,82,131,30,90,94,117,66,100,78" hai1="4,32,27,120,95,61,39,10,105,83,84,56,97" hai2="9,1,58,68,77,25,70,114,67,85,52,40,104" hai3="98,107,57,21,2,111,129,44,75,47,71,8,54"/><W64/><G75/><T93/><D117/><U0/><E39/><V130/><F104/><W80/><G129/><T121/><D121/><U50/><E105/><V20/><F67/><W86/><G111/><T99/><D131/><U123/><E50/><V110/><F40/><W31/><G64/><T55/><D66/><U91/><E32/><V102/><F102/><W14/><G71/><T59/><D30/><U28/><E27/><V24/><F114/><W113/><G113/><T116/><D116/><U89/><E28/><V87/><F24/><N who="3" m="16783" /><G2/><T42/><D12/><U69/><E69/><V128/><F110/><W135/><G98/><T106/><D36/><U26/><E26/><V60/><F70/><W33/><G33/><T133/><D133/><U108/><E108/><V6/><F68/><W88/><G107/><T29/><D29/><U35/><E35/><V73/><F130/><W19/><G135/><T112/><D112/><U22/><E22/><V11/><F11/><W72/><G72/><T13/><D13/><U3/><E3/><V17/><F128/><W126/><G126/><T15/><D15/><U127/><E127/><V115/><F115/><W63/><AGARI ba="1,0" hai="8,14,19,44,47,54,57,63,80,86,88" m="16783" machi="63" ten="30,6000,0" yaku="8,1,52,1,54,1" doraHai="48" who="3" fromWho="3" sc="150,-21,391,-21,226,-21,233,63" />
</Scene>
<Scene>
<INIT seed="3,2,0,5,3,54" ten="129,370,205,296" oya="3" hai0="121,91,130,75,128,103,40,90,59,52,43,26,135" hai1="55,124,111,72,134,73,5,122,127,8,88,24,48" hai2="79,100,113,112,11,62,19,32,51,58,36,42,131" hai3="45,13,98,44,20,6,30,64,87,12,66,0,27"/><W77/><G0/><T74/><D121/><U14/><E111/><V108/><F32/><W89/><G77/><T102/><D26/><U70/><E70/><V107/><F36/><W3/><G3/><T101/><D135/><U105/><E105/><V82/><F108/><W33/><G33/><T84/><D84/><U31/><E122/><V34/><F34/><W63/><G98/><T97/><D97/><U104/><E104/><V68/><F68/><W15/><G6/><T126/><D126/><N who="1" m="48171" /><E88/><N who="0" m="33833" /><D40/><U38/><E38/><V29/><F42/><W17/><G30/><T114/><D43/><U71/><E71/><V56/><F29/><W93/><REACH who="3" step="1"/><G66/><REACH who="3" ten="129,370,205,286" step="2"/><T67/><D67/><U61/><E73/><V25/><F79/><W76/><G76/><T53/><D114/><U4/><E4/><V115/><F115/><W129/><G129/><N who="0" m="49771" /><D53/><U99/><E99/><V2/><F131/><W9/><G9/><T81/><D81/><U23/><E72/><V41/><F113/><W106/><G106/><T65/><D65/><U92/><E5/><V35/><F112/><W116/><G116/><T86/><D86/><U47/><E8/><V46/><F11/><W18/><G18/><T118/><D118/><U125/><E125/><V49/><F107/><W117/><G117/><T37/><D37/><U123/><E123/><V22/><F19/><W10/><G10/><T109/><D109/><U133/><E31/><V83/><F2/><W80/><G80/><T50/><AGARI ba="2,1" hai="50,52,59,74,75,101,102,103" m="49771,33833" machi="50" ten="40,8000,1" yaku="19,1,52,1,54,2" doraHai="54" who="0" fromWho="0" sc="129,96,370,-22,205,-22,286,-42" owari="225,-17.0,348,45.0,183,-32.0,244,4.0" />
</Scene>
</mjloggm>