<mjloggm ver="2.3"><GO type="193"/><UN n0="%6B%6F%79%6F%6E" n1="%73%68%69%6D%61%6B" n2="%2D%E7%B4%AB%2D" n3="%E5%A4%AA%E3%81%8F%E3%81%AA%E3%81%84%E3%81%8A" dan="13,11,12,7" rate="1852,1620,1736,1662" sx="M,M,M,M"/><TAIKYOKU oya="0"/>

<Scene>
<INIT seed="0,0,0,1,2,3" ten="250,250,250,250" oya="0" hai0="87,13,102,95,20,45,101,111,46,30,109,52,121" hai1="56,97,54,123,50,25,49,71,65,48,33,40,58" hai2="104,44,105,103,81,106,130,67,84,0,131,134,43" hai3="93,38,41,135,133,26,16,14,27,28,113,85,2"/><T18/><D121/><U59/><E33/><V5/><F67/><W120/><G120/><T22/><D30/><U116/><E97/><V60/><F60/><W37/><G2/><T91/><D22/><U127/><E25/><N who="3" m="9226" /><G28/><T23/><D23/><U119/><E123/><V122/><F122/><W77/><G41/><T34/><D34/><U132/><E132/><N who="3" m="50762" /><G113/><T21/><D21/><U68/><E40/><V107/><N who="2" m="27136" /><DORA hai="66" /><V36/><F103/><W76/><G93/><T129/><D45/><U90/><E65/><V61/><F134/><W24/><N who="3" m="9234" /><W114/><DORA hai="72" /><G114/><T108/><D129/><N who="2" m="49162" /><F61/><W4/><G4/><T11/><D11/><U79/><E79/><N who="3" m="30282" /><G85/><T51/><AGARI ba="0,0" hai="13,18,20,46,51,52,87,91,95,101,102,108,109,111" machi="51" ten="40,12000,1" yaku="0,1,14,1,10,1,54,1" doraHai="3,66,72" who="0" fromWho="0" sc="250,120,250,-40,250,-40,250,-40" />
</Scene>
<Scene>
<INIT seed="0,1,0,3,5,4" ten="370,210,210,210" oya="0" hai0="79,83,1,41,119,55,58,21,125,132,86,60,29" hai1="92,129,17,131,12,22,46,2,123,8,18,133,95" hai2="127,37,102,57,13,105,77,112,135,30,65,88,126" hai3="53,24,73,67,97,81,101,114,26,51,16,35,84"/><T49/><D119/><U124/><E123/><V38/><F112/><W90/><G114/><T94/><D1/><U69/><E69/><V113/><F113/><W71/><G73/><T103/><D125/><N who="2" m="47626" /><F77/><W56/><G35/><T75/><D132/><U117/><E124/><V5/><F30/><W111/><G111/><T98/><D75/><U128/><E117/><V40/><F40/><W10/><G71/><T7/><D7/><U63/><E2/><V33/><F33/><W70/><G70/><T118/><D118/><U52/><E133/><V19/><F135/><W85/><G67/><T106/><D106/><U74/><E74/><V59/><F105/><W110/><G110/><T115/><D115/><U45/><E45/><V44/><F102/><W120/><G120/><T47/><D29/><U15/><REACH who="1" step="1"/><E46/><REACH who="1" ten="370,200,210,210" step="2"/><V72/><F72/><W93/><REACH who="3" step="1"/><G85/><REACH who="3" ten="370,200,210,200" step="2"/><T20/><AGARI ba="1,2" hai="20,21,41,47,49,55,58,60,79,83,86,94,98,103" machi="20" ten="30,3000,0" yaku="0,1,8,1" doraHai="4" who="0" fromWho="0" sc="370,53,200,-11,210,-11,200,-11" />
</Scene>
<Scene>
<INIT seed="0,2,0,3,3,22" ten="423,189,199,189" oya="0" hai0="63,123,10,36,13,104,46,30,14,91,20,69,56" hai1="85,115,26,71,97,89,88,118,129,122,60,117,9" hai2="73,76,114,21,126,133,130,53,78,52,4,108,54" hai3="16,119,68,12,125,111,105,15,42,96,8,90,44"/><T59/><D123/><U28/><E122/><V98/><F114/><W6/><G119/><T83/><D104/><U2/><E115/><V19/><F98/><W77/><G68/><T121/><D121/><U93/><E129/><V116/><F116/><W33/><G33/><T51/><D36/><U82/><E2/><V23/><F73/><W43/><G111/><T70/><D56/><U55/><E9/><V81/><F108/><W107/><G125/><T100/><D100/><U39/><E39/><V66/><F126/><W67/><G67/><N who="0" m="39423" /><D69/><U112/><E112/><V113/><F130/><W99/><G77/><N who="2" m="29801" /><F81/><W131/><G131/><T110/><D70/><U84/><E97/><V127/><F113/><W47/><G90/><T103/><D103/><U24/><E71/><V95/><F133/><W0/><G0/><T132/><D132/><U61/><E55/><N who="2" m="14083" /><V7/><DORA hai="58" /><F127/><W128/><G128/><T134/><D110/><U94/><E82/><V34/><F34/><W37/><G105/><T101/><D101/><U29/><AGARI ba="2,0" hai="24,26,28,29,60,61,84,85,88,89,93,94,117,118" machi="29" ten="25,16000,3" yaku="0,1,22,2,52,4,54,1" doraHai="22,58" who="1" fromWho="1" sc="423,-82,189,166,199,-42,189,-42" />
</Scene>
<Scene>
<INIT seed="1,0,0,1,4,50" ten="341,355,157,147" oya="1" hai0="45,59,6,7,132,108,70,9,105,35,68,49,13" hai1="5,3,17,52,14,91,57,26,131,123,44,61,99" hai2="34,65,33,63,0,48,73,84,83,122,31,37,129" hai3="38,77,106,126,8,36,98,90,22,89,82,15,27"/><U128/><E123/><V102/><F122/><W11/><G126/><T10/><D105/><U75/><E75/><V21/><F37/><W62/><G62/><T41/><D35/><U54/><E26/><V103/><F73/><W115/><G115/><T30/><D30/><U87/><E99/><V64/><F0/><W119/><G119/><T69/><D132/><U111/><E111/><V24/><F129/><N who="1" m="49737" /><E3/><V92/><F103/><W81/><G106/><T96/><D96/><U46/><E5/><V4/><F4/><W80/><G77/><T86/><D86/><U120/><E120/><V117/><F65/><W107/><G107/><T110/><D59/><U79/><E79/><V2/><F2/><W76/><G76/><T97/><D97/><U47/><E54/><V95/><F117/><W134/><G134/><T23/><D23/><N who="1" m="11703" /><E44/><V29/><F102/><W71/><G71/><T85/><D85/><U20/><E20/><V125/><F125/><W42/><G98/><T55/><D41/><U19/><E19/><V60/><F21/><W43/><G43/><T18/><D18/><U28/><E28/><V67/><F31/><N who="3" m="17911" /><G42/><T39/><D39/><N who="3" m="14889" /><G15/><AGARI ba="0,0" hai="6,7,9,10,13,15,45,49,55,68,69,70,108,110" machi="15" ten="40,2600,0" yaku="9,1,52,1" doraHai="50" who="0" fromWho="3" sc="341,26,355,0,157,0,147,-26" />
</Scene>
<Scene>
<INIT seed="2,0,0,4,4,134" ten="367,355,157,121" oya="2" hai0="52,75,125,82,13,114,28,70,72,133,6,45,107" hai1="98,127,10,79,115,36,17,110,54,26,42,43,4" hai2="35,53,0,129,95,32,60,61,101,27,85,57,113" hai3="29,135,91,3,41,62,30,112,122,102,105,38,111"/><V77/><F113/><W31/><G122/><T8/><D114/><U103/><E115/><V104/><F129/><W15/><G3/><T120/><D107/><U128/><E128/><V84/><F0/><W65/><G112/><T44/><D70/><U47/><E110/><V109/><F109/><W39/><G111/><T58/><D120/><U90/><E79/><V24/><F95/><W124/><G135/><T88/><D133/><U33/><E90/><V117/><F104/><W89/><G15/><T76/><D28/><U7/><E43/><V34/><F53/><W64/><G105/><T94/><D72/><U21/><E33/><V83/><F57/><W59/><G102/><T2/><D125/><U97/><E54/><V20/><F20/><W74/><G74/><T81/><D81/><U12/><E4/><V71/><F71/><W14/><G14/><T132/><D2/><U119/><E127/><V86/><F101/><W37/><G124/><T99/><D132/><U23/><E23/><V108/><F108/><W50/><REACH who="3" step="1"/><G64/><REACH who="3" ten="367,355,157,111" step="2"/><T11/><D11/><U123/><E123/><V130/><F130/><W48/><G48/><AGARI ba="0,1" hai="6,8,13,44,45,48,52,58,75,76,82,88,94,99" machi="48" ten="30,3900,0" yaku="7,1,54,2" doraHai="134" who="0" fromWho="3" sc="367,49,355,0,157,0,111,-39" />
</Scene>
<Scene>
<INIT seed="3,0,0,0,2,59" ten="416,355,157,72" oya="3" hai0="39,25,28,74,26,61,55,90,110,133,130,53,32" hai1="134,24,112,81,71,118,31,37,65,3,89,40,99" hai2="64,27,42,120,96,114,20,84,68,115,56,128,48" hai3="18,12,94,73,82,34,85,41,51,7,35,126,75"/><W22/><G126/><T123/><D123/><U79/><E112/><V33/><F33/><W77/><G7/><T5/><D74/><U104/><E3/><V88/><F128/><W98/><G34/><T44/><D130/><U97/><E118/><V124/><F120/><W76/><G35/><T83/><D5/><U92/><E134/><V95/><F124/><W121/><G121/><T29/><D133/><U127/><E127/><V116/><F68/><W16/><G18/><T72/><D72/><U66/><E40/><V131/><F131/><W70/><G70/><T21/><D39/><U19/><E19/><V43/><F116/><W52/><G41/><T132/><D44/><U105/><E37/><V15/><F15/><W10/><G77/><T80/><D132/><U13/><E13/><V2/><F2/><W30/><G30/><T49/><D49/><U4/><E4/><V63/><F42/><W9/><G75/><T122/><D122/><U102/><E71/><V0/><F0/><W69/><G69/><T100/><D100/><U23/><E105/><V62/><F63/><W106/><G106/><T108/><D53/><U93/><E104/><V17/><F96/><W6/><G73/><T107/><D90/><U67/><E79/><V103/><F103/><N who="3" m="60887" /><G6/><T129/><D107/><U117/><E117/><V58/><F58/><AGARI ba="0,0" hai="9,10,12,16,22,51,52,58,76,82,85" m="60887" machi="58" ten="30,5800,0" yaku="8,1,54,2" doraHai="59" who="3" fromWho="2" sc="416,0,355,0,157,-58,72,58" />
</Scene>
<Scene>
<INIT seed="3,1,0,3,4,62" ten="416,355,99,130" oya="3" hai0="57,19,23,91,120,66,1,105,94,84,98,127,135" hai1="0,130,21,31,46,92,79,20,14,134,35,27,52" hai2="18,114,107,133,95,61,126,88,3,63,93,90,41" hai3="129,67,11,70,115,82,6,49,15,78,77,108,124"/><W64/><G115/><T81/><D1/><U13/><E0/><V45/><F114/><W9/><G70/><T29/><D105/><U86/><E134/><V5/><F133/><W87/><G129/><T72/><D72/><U116/><E116/><V122/><F126/><W100/><G124/><T10/><D127/><U69/><E69/><V99/><F107/><W7/><G108/><T44/><D44/><U103/><E130/><V56/><F122/><W80/><G100/><N who="0" m="60503" /><D120/><U102/><E79/><V22/><F3/><W8/><G49/><T43/><D43/><U40/><E40/><V101/><F5/><N who="3" m="1547" /><G15/><N who="0" m="9727" /><D10/><N who="3" m="2561" /><W59/><DORA hai="24" /><G59/><T25/><D25/><U39/><E39/><V50/><F101/><W17/><G17/><T65/><D135/><U112/><E112/><V104/><F104/><W32/><G32/><T28/><D57/><U74/><E103/><V113/><F113/><W71/><G71/><T53/><D53/><U128/><E128/><V125/><F125/><W121/><G121/><T118/><D118/><U38/><E38/><V42/><F42/><W110/><G110/><T48/><D48/><U34/><E102/><V117/><F117/><W16/><G16/><T37/><D37/><U26/><E74/><V47/><F47/><W4/><N who="3" m="1555" /><W36/><DORA hai="75" /><G36/><T96/><D96/><U76/><E76/><N who="3" m="29290" /><G87/><T68/><D68/><U60/><E86/><N who="2" m="52375" /><F50/><W97/><G97/><T2/><D2/><U83/><E83/><AGARI ba="1,0" hai="64,67,80,82,83" m="29290,2561,1555" machi="83" ten="40,24000,3" yaku="28,2,8,1,52,5" doraHai="62,24,75" who="3" fromWho="1" sc="416,0,355,-243,99,0,130,243" />
</Scene>
<Scene>
<INIT seed="3,2,0,4,1,86" ten="416,112,99,373" oya="3" hai0="35,25,114,87,44,93,67,81,50,123,85,134,98" hai1="24,103,96,57,34,59,74,5,63,106,46,110,4" hai2="95,75,9,66,124,119,130,22,105,21,77,127,29" hai3="28,12,117,92,122,31,6,71,16,0,94,27,30"/><W32/><G71/><T62/><D123/><U17/><E74/><V8/><F105/><W73/><G73/><T37/><D37/><U58/><E46/><V48/><F119/><W60/><G117/><T52/><D114/><U7/><E110/><V64/><F29/><N who="3" m="11371" /><G60/><T109/><D109/><U56/><E34/><V115/><F115/><W116/><G116/><T53/><D35/><U47/><E47/><V84/><F75/><W69/><G69/><T129/><D134/><U72/><E72/><V132/><F77/><W126/><G122/><T80/><D25/><U54/><E54/><V15/><F132/><W108/><G108/><T121/><D121/><U3/><E63/><V40/><F130/><W76/><G76/><N who="0" m="46215" /><D129/><U102/><E3/><V19/><F9/><N who="3" m="2247" /><G126/><N who="2" m="48169" /><F40/><W10/><G94/><T89/><D67/><N who="2" m="25642" /><F48/><W49/><G49/><T20/><D20/><U135/><E135/><V18/><F19/><W42/><G92/><T101/><D62/><U39/><E39/><V41/><F41/><AGARI ba="2,0" hai="41,44,50,52,53,81,87,89,93,98,101" m="46215" machi="41" ten="30,3900,0" yaku="8,1,52,1,54,1" doraHai="86" who="0" fromWho="2" sc="416,45,112,0,99,-45,373,0" owari="461,57.0,112,-29.0,54,-45.0,373,17.0" />
</Scene>
</mjloggm>