<mjloggm ver="2.3"><GO type="137"/><UN n0="%E3%82%89%E3%81%AA%E7%8B%BC" n1="%E5%A4%AA%E3%81%8F%E3%81%AA%E3%81%84%E3%81%8A" n2="%6D%61%6E%73%61%6B%75" n3="%68%69%72%6F%32%31%63" dan="11,11,12,12" rate="1599,1808,1815,1679" sx="M,M,M,M"/><TAIKYOKU oya="0"/>

<Scene>
<INIT seed="0,0,0,5,3,100" ten="250,250,250,250" oya="0" hai0="125,46,130,126,115,16,74,31,83,40,25,135,78" hai1="24,90,43,62,120,44,132,109,70,51,104,55,80" hai2="71,118,95,17,45,61,38,53,119,102,123,107,20" hai3="129,47,134,101,117,10,29,110,0,56,131,28,108"/><T33/><D115/><U85/><E120/><V106/><F123/><W72/><G117/><N who="2" m="44553" /><F38/><W42/><G72/><T30/><D30/><N who="3" m="11881" /><G101/><T73/><D135/><U116/><E116/><V3/><F3/><W105/><G56/><T112/><D112/><U124/><E132/><V5/><F5/><N who="3" m="1319" /><G134/><T93/><D93/><U58/><E109/><N who="3" m="42090" /><G105/><N who="2" m="39945" /><F45/><W1/><G47/><T14/><D74/><U113/><E113/><V77/><F77/><W75/><G42/><T32/><D32/><U114/><E114/><V27/><F95/><W54/><G75/><T48/><REACH who="0" step="1"/><D130/><REACH who="0" ten="240,250,250,250" step="2"/><N who="3" m="49673" /><G54/><T127/><D127/><U22/><E124/><V76/><F102/><W97/><G97/><T49/><D49/><U60/><E104/><V52/><F76/><W133/><G133/><T84/><D84/><U41/><E55/><N who="2" m="21067" /><F61/><W23/><G23/><AGARI ba="0,1" hai="14,16,23,25,31,33,40,46,48,73,78,83,125,126" machi="23" ten="40,7700,0" yaku="1,1,54,1,53,1" doraHai="100" doraHaiUra="15" who="0" fromWho="3" sc="240,87,250,0,250,0,250,-77" />
</Scene>
<Scene>
<INIT seed="0,1,0,0,2,134" ten="327,250,250,173" oya="0" hai0="48,124,3,72,69,117,73,24,109,12,22,122,27" hai1="113,46,130,125,103,67,37,76,59,123,1,90,47" hai2="44,80,18,99,53,41,68,102,17,31,85,38,110" hai3="21,0,52,65,106,2,8,97,104,93,19,114,71"/><T49/><D117/><U105/><E123/><V74/><F68/><W25/><G114/><T30/><D122/><U60/><E1/><V62/><F74/><W132/><G132/><T56/><D3/><U98/><E113/><V96/><F31/><W34/><G71/><T16/><D69/><U84/><E130/><V35/><F35/><W20/><G65/><T87/><D124/><U128/><E128/><V82/><F110/><W108/><G108/><T131/><D131/><U94/><E37/><V40/><F40/><W33/><G33/><T57/><D109/><U50/><E125/><V11/><F11/><W32/><G32/><T126/><D126/><U7/><E7/><V129/><F129/><W26/><G52/><T54/><D73/><U70/><E76/><V4/><F4/><W5/><G34/><T133/><D133/><U55/><AGARI ba="1,0" hai="46,47,50,55,59,60,67,70,84,90,94,98,103,105" machi="55" ten="30,1100,0" yaku="0,1" doraHai="134" who="1" fromWho="1" sc="327,-6,250,14,250,-4,173,-4" />
</Scene>
<Scene>
<INIT seed="1,0,0,1,5,135" ten="321,264,246,169" oya="1" hai0="56,22,76,51,95,109,102,105,133,29,15,90,123" hai1="44,37,103,25,30,108,60,67,99,121,74,63,47" hai2="129,130,28,78,100,65,31,52,11,50,7,64,101" hai3="3,53,21,14,8,68,83,92,122,97,77,49,24"/><U71/><E121/><V5/><F78/><W34/><G122/><T128/><D105/><N who="1" m="63743" /><E74/><V126/><F126/><W58/><G68/><T104/><D104/><U91/><E37/><V33/><F7/><W2/><G34/><T85/><D123/><U46/><E108/><V113/><F113/><W1/><G77/><T10/><D133/><U57/><E91/><V42/><F42/><W18/><G83/><T111/><D128/><N who="2" m="49258" /><F33/><W134/><G134/><T117/><D117/><U35/><E46/><N who="2" m="27735" /><F101/><W66/><G66/><AGARI ba="0,0" hai="25,30,35,44,47,57,60,63,66,67,71" m="63743" machi="66" ten="30,1500,0" yaku="25,1" doraHai="135" who="1" fromWho="3" sc="321,0,264,15,246,0,169,-15" />
</Scene>
<Scene>
<INIT seed="1,1,0,3,5,125" ten="321,279,246,154" oya="1" hai0="19,87,75,9,79,106,83,111,25,64,126,92,52" hai1="74,104,3,131,11,67,0,89,34,27,99,127,35" hai2="112,13,86,45,14,129,2,69,6,95,100,135,38" hai3="56,70,10,60,58,21,47,94,1,121,51,88,57"/><U28/><E74/><V132/><F69/><W81/><G121/><T29/><D111/><U63/><E127/><V44/><F2/><W62/><G81/><T68/><D126/><U46/><E35/><V85/><F112/><W110/><G110/><T78/><D106/><U101/><E131/><V39/><F39/><W33/><G33/><T116/><D116/><U90/><E46/><N who="2" m="18027" /><F38/><W118/><G118/><T54/><D68/><N who="1" m="42111" /><E3/><V16/><F6/><AGARI ba="1,0" hai="0,6,11,27,28,34,89,90,99,101,104" m="42111" machi="6" ten="30,1500,0" yaku="25,1" doraHai="125" who="1" fromWho="2" sc="321,0,279,18,246,-18,154,0" />
</Scene>
<Scene>
<INIT seed="1,2,0,1,2,109" ten="321,297,228,154" oya="1" hai0="90,101,5,73,62,102,49,97,48,33,52,122,61" hai1="75,119,104,18,112,105,126,95,13,20,74,80,89" hai2="116,22,34,85,26,92,12,21,58,123,72,43,51" hai3="36,108,127,124,78,88,115,121,132,133,55,79,131"/><U1/><E119/><V64/><F123/><W0/><G0/><T96/><D122/><U125/><E1/><V135/><F116/><W84/><G36/><T32/><D73/><N who="1" m="27659" /><E80/><V45/><F72/><W16/><G55/><T8/><D8/><U103/><E103/><V17/><F34/><W31/><G31/><T93/><D5/><U10/><E20/><V6/><F6/><W120/><G16/><T40/><D40/><U76/><E76/><N who="3" m="29226" /><G108/><T114/><D90/><U4/><E18/><N who="2" m="10439" /><F135/><N who="3" m="51787" /><G115/><T59/><D93/><U87/><E112/><V110/><F110/><W82/><G131/><T118/><D59/><U30/><E30/><V37/><F37/><W77/><G77/><T83/><D83/><U65/><E65/><V86/><F92/><W107/><G107/><T57/><D57/><U70/><E70/><V60/><AGARI ba="2,0" hai="17,22,26,43,45,51,58,60,64,85,86" m="10439" machi="60" ten="30,1100,0" yaku="8,1" doraHai="109" who="2" fromWho="2" sc="321,-5,297,-7,228,17,154,-5" />
</Scene>
<Scene>
<INIT seed="2,0,0,0,5,128" ten="316,290,245,149" oya="2" hai0="30,14,88,123,31,6,135,110,38,77,35,81,32" hai1="54,82,121,58,43,4,8,69,41,97,120,48,25" hai2="132,53,83,65,79,57,76,36,134,73,28,33,107" hai3="37,129,51,18,80,56,75,96,1,86,52,19,20"/><V71/><F36/><W98/><G129/><T62/><D123/><N who="1" m="47179" /><E69/><V113/><F113/><W63/><G37/><T112/><D112/><U24/><E97/><N who="3" m="37482" /><G1/><T27/><D38/><U100/><E100/><V15/><F107/><W13/><G75/><T10/><D135/><N who="2" m="51754" /><F33/><W45/><G19/><T89/><D110/><U64/><E64/><V22/><F65/><N who="3" m="39143" /><G86/><T55/><D55/><U34/><E82/><AGARI ba="0,0" hai="13,18,20,45,51,52,80,82" m="39143,37482" machi="82" ten="30,2000,0" yaku="8,1,54,1" doraHai="128" who="3" fromWho="1" sc="316,0,290,-20,245,0,149,20" />
</Scene>
<Scene>
<INIT seed="3,0,0,0,3,107" ten="316,270,245,169" oya="3" hai0="37,14,44,113,58,112,53,46,125,27,17,56,122" hai1="21,110,40,80,63,26,114,116,7,119,23,8,13" hai2="78,35,134,2,75,79,28,51,18,24,15,94,83" hai3="103,129,34,118,54,130,67,10,69,102,64,99,70"/><W106/><G118/><T59/><D27/><U115/><E40/><V131/><F2/><W22/><G10/><T48/><D17/><U65/><E80/><V73/><F134/><W108/><G22/><T16/><D16/><N who="1" m="12583" /><E63/><V81/><F131/><N who="3" m="50187" /><G103/><T133/><D14/><N who="1" m="5407" /><E65/><N who="3" m="25162" /><G34/><T124/><D122/><U126/><E110/><V121/><F121/><W120/><G120/><T42/><REACH who="0" step="1"/><D133/><REACH who="0" ten="306,270,245,169" step="2"/><U41/><E126/><AGARI ba="0,1" hai="37,42,44,46,48,53,56,58,59,112,113,124,125,126" machi="126" ten="40,12000,2" yaku="1,1,2,1,18,1,34,3,53,0" doraHai="107" doraHaiUra="84" who="0" fromWho="1" sc="306,130,270,-120,245,0,169,0" />
</Scene>
<Scene>
<INIT seed="4,0,0,2,2,86" ten="436,150,245,169" oya="0" hai0="36,67,14,114,72,21,95,134,42,33,82,120,28" hai1="24,38,92,115,9,77,102,47,71,65,124,32,60" hai2="122,129,91,25,43,48,11,44,64,19,61,76,30" hai3="112,3,118,99,123,52,75,66,116,80,59,1,45"/><T58/><D120/><U0/><E77/><V132/><F122/><W126/><G112/><T7/><D114/><U49/><E115/><V50/><F132/><W93/><G123/><T128/><D33/><U40/><E124/><V8/><F129/><W26/><G126/><T104/><D104/><U27/><E32/><V133/><F133/><W96/><G26/><T113/><D113/><U127/><E127/><V12/><F76/><W16/><G75/><T6/><D134/><U37/><E37/><V103/><F103/><W84/><G66/><T131/><D36/><U117/><E117/><V108/><F108/><W57/><G45/><T88/><D72/><U98/><E0/><V34/><F50/><W17/><G3/><T87/><D42/><U10/><E10/><V62/><F62/><N who="3" m="36135" /><G59/><T5/><D95/><U90/><E9/><V119/><F119/><W109/><G1/><T121/><D121/><U125/><E125/><V31/><F31/><W106/><G106/><T74/><D74/><U53/><REACH who="1" step="1"/><E102/><REACH who="1" ten="436,140,245,169" step="2"/><V18/><F8/><W135/><G135/><T89/><D28/><U101/><E101/><V107/><F107/><W79/><G109/><T51/><D21/><U85/><E85/><V70/><REACH who="2" step="1"/><F19/><REACH who="2" ten="436,140,235,169" step="2"/><N who="3" m="7243" /><G118/><T105/><D89/><AGARI ba="0,2" hai="11,12,18,25,30,34,43,44,48,61,64,70,89,91" machi="89" ten="40,5200,0" yaku="1,1,52,2,53,0" doraHai="86" doraHaiUra="83" who="2" fromWho="0" sc="436,-52,140,0,235,72,169,0" />
</Scene>
<Scene>
<INIT seed="5,0,0,0,1,105" ten="384,140,307,169" oya="1" hai0="77,128,25,75,21,80,125,74,113,100,71,98,23" hai1="5,13,42,56,119,14,26,95,32,108,87,60,109" hai2="2,86,99,67,85,112,24,35,20,102,84,1,41" hai3="101,16,131,9,34,45,90,11,59,50,8,126,38"/><U43/><E119/><V64/><F41/><N who="1" m="15369" /><E5/><V106/><F35/><W129/><G34/><T135/><D71/><U53/><E32/><V76/><F76/><W91/><G101/><T122/><D122/><U134/><E26/><V121/><F121/><W4/><G126/><T7/><D7/><U110/><E134/><V44/><F112/><W81/><G38/><T39/><D39/><U55/><E55/><V10/><F44/><W62/><G4/><T27/><D113/><U15/><E95/><V18/><F1/><W88/><G81/><T52/><D135/><U120/><E87/><V51/><F51/><W79/><G79/><T28/><D128/><N who="3" m="49225" /><G45/><T117/><D117/><U29/><E29/><V47/><F47/><W3/><G3/><T89/><D125/><U12/><N who="1" m="3584" /><DORA hai="124" /><U72/><E120/><V93/><REACH who="2" step="1"/><F106/><REACH who="2" ten="384,140,297,169" step="2"/><W63/><G50/><T97/><D89/><U78/><E78/><V114/><F114/><W46/><G46/><T58/><D75/><AGARI ba="0,1" hai="53,56,60,72,75,108,109,110" m="3584,15369" machi="75" ten="50,9600,0" yaku="10,1,52,2" doraHai="105,124" who="1" fromWho="0" sc="384,-96,140,106,297,0,169,0" />
</Scene>
<Scene>
<INIT seed="5,1,0,0,3,16" ten="288,246,297,169" oya="1" hai0="53,6,14,5,89,102,65,61,124,88,17,104,43" hai1="22,120,114,64,80,101,109,58,119,41,122,18,10" hai2="85,13,112,103,92,4,55,99,40,107,82,94,127" hai3="49,3,63,90,30,93,129,84,21,57,34,46,123"/><U133/><E119/><V130/><F127/><W0/><G123/><T68/><D124/><U28/><E41/><V113/><F130/><W97/><G129/><T108/><D108/><U66/><E101/><V9/><F40/><W86/><G34/><T135/><D135/><U26/><E133/><V50/><F94/><W48/><G0/><T105/><D102/><U19/><E109/><V36/><F36/><W45/><G3/><T15/><D17/><N who="1" m="6155" /><E120/><V39/><F39/><W91/><G97/><T115/><D53/><U54/><E122/><V116/><F116/><W132/><G132/><T117/><D61/><N who="1" m="36055" /><E114/><N who="2" m="44139" /><F107/><W125/><G125/><T25/><D115/><U20/><E10/><V33/><F33/><W56/><G30/><T77/><D77/><U134/><E134/><V76/><F55/><W118/><G118/><T72/><D65/><N who="1" m="25195" /><E80/><V11/><F11/><W35/><G35/><T100/><D68/><U8/><E8/><V52/><F52/><W42/><G63/><T69/><D69/><U31/><E26/><V87/><F50/><W131/><G131/><T7/><D43/><U71/><E71/><V79/><F79/><W106/><G106/><T12/><D117/><U73/><E73/><AGARI ba="1,0" hai="4,9,13,73,76,82,85,87,92,99,103" m="44139" machi="73" ten="30,2000,0" yaku="15,1,11,1" doraHai="16" who="2" fromWho="1" sc="288,0,246,-23,297,23,169,0" />
</Scene>
<Scene>
<INIT seed="6,0,0,0,4,42" ten="288,223,320,169" oya="2" hai0="98,36,70,27,65,5,20,85,52,96,28,112,92" hai1="135,19,71,86,30,79,120,116,46,97,131,4,9" hai2="123,43,72,81,108,118,11,59,34,45,78,67,38" hai3="122,35,49,87,119,13,17,25,74,115,44,23,40"/><V53/><F123/><W88/><G119/><T61/><D112/><U114/><E116/><V129/><F118/><W50/><G122/><T63/><D36/><U94/><E120/><V54/><F34/><W107/><G107/><T101/><D5/><U134/><E71/><V56/><F129/><W117/><G117/><T0/><D0/><U90/><E114/><V47/><F47/><N who="3" m="25831" /><G74/><T7/><D7/><U24/><E131/><V75/><F75/><W1/><G1/><T68/><D85/><U51/><E19/><V110/><F67/><W113/><G113/><T106/><D61/><U128/><E128/><V48/><REACH who="2" step="1"/><F11/><REACH who="2" ten="288,223,310,169" step="2"/><N who="3" m="6335" /><G35/><T37/><D37/><U124/><E9/><V73/><F73/><W132/><G115/><T95/><D70/><U22/><E46/><V91/><F91/><W15/><G132/><T57/><REACH who="0" step="1"/><D98/><REACH who="0" ten="278,223,310,169" step="2"/><U133/><E97/><V76/><F76/><W26/><G87/><T125/><D125/><U39/><E124/><V6/><F6/><W29/><G88/><T102/><D102/><U12/><E79/><V58/><F58/><W55/><G29/><T62/><AGARI ba="0,2" hai="20,27,28,52,57,62,63,65,68,92,95,96,101,106" machi="62" ten="20,5200,0" yaku="1,1,0,1,7,1,54,1,53,0" doraHai="42" doraHaiUra="8" who="0" fromWho="0" sc="278,72,223,-13,310,-26,169,-13" />
</Scene>
<Scene>
<INIT seed="7,0,0,1,2,47" ten="350,210,284,156" oya="3" hai0="117,104,122,124,46,77,73,89,115,76,93,6,94" hai1="45,66,92,125,113,49,61,58,79,59,126,19,37" hai2="1,8,5,114,54,75,71,83,68,62,90,84,86" hai3="131,21,134,103,23,31,60,30,108,98,102,2,4"/><W69/><G131/><T82/><D117/><U63/><E113/><V50/><F75/><W129/><G129/><T26/><D26/><U34/><E34/><V38/><F38/><W14/><G134/><T119/><D119/><U88/><E79/><V85/><F114/><W106/><G2/><T65/><D65/><U118/><E118/><V80/><F62/><N who="1" m="23561" /><E37/><V42/><F42/><W112/><G112/><T51/><D122/><U87/><E66/><V24/><F24/><W52/><G108/><T123/><D123/><U10/><E126/><V29/><F29/><N who="3" m="10763" /><G69/><T32/><D32/><U25/><E125/><V67/><F67/><W15/><G106/><T105/><D6/><U44/><E44/><V48/><F48/><W109/><G109/><T22/><D22/><N who="3" m="8201" /><G4/><T7/><D7/><U116/><E116/><V91/><REACH who="2" step="1"/><F85/><REACH who="2" ten="350,210,274,156" step="2"/><W78/><G78/><T130/><D115/><U81/><E25/><V97/><F97/><W3/><G3/><T33/><D130/><U132/><E132/><V133/><F133/><W127/><G127/><T16/><D124/><U35/><E35/><V36/><F36/><W57/><G98/><T95/><D33/><U107/><E87/><V99/><F99/><W111/><G111/><T110/><D110/><U39/><E39/><V43/><F43/><W74/><G74/><T12/><D73/><U55/><E49/><V96/><F96/><W17/><G14/><T18/><D51/><U101/><E107/><V13/><F13/><W72/><G72/><T120/><D12/><U20/><E101/><V11/><F11/><AGARI ba="0,1" hai="11,15,17,52,57,60,102,103" m="8201,10763" machi="11" ten="30,2900,0" yaku="8,1,54,1" doraHai="47" who="3" fromWho="2" sc="350,0,210,0,274,-29,156,39" />
</Scene>
<Scene>
<INIT seed="7,1,0,5,1,1" ten="350,210,245,195" oya="3" hai0="58,128,101,88,78,104,76,114,47,42,86,2,75" hai1="129,59,48,66,111,72,63,122,83,90,49,98,109" hai2="99,21,110,40,103,34,35,36,105,95,130,54,124" hai3="11,94,41,15,67,121,112,93,56,81,0,8,19"/><W37/><G121/><T62/><D114/><U125/><E122/><V126/><F110/><W123/><G123/><T22/><D2/><U96/><E129/><V25/><F130/><W113/><G37/><T118/><D118/><U9/><E125/><N who="2" m="48235" /><F54/><W45/><G81/><T39/><D128/><U79/><E9/><V117/><F117/><W92/><G0/><T5/><D5/><U27/><E27/><V64/><F64/><W84/><G8/><T33/><D33/><N who="2" m="12298" /><F40/><W55/><G84/><T13/><D75/><U30/><E30/><N who="2" m="17711" /><F36/><W87/><G87/><T44/><D44/><U51/><E98/><V23/><F23/><W135/><G135/><T16/><D104/><AGARI ba="1,0" hai="95,99,103,104,105" m="17711,12298,48235" machi="104" ten="30,1000,0" yaku="18,1" doraHai="1" who="2" fromWho="0" sc="350,-13,210,0,245,13,195,0" owari="337,43.0,210,-19.0,258,6.0,195,-30.0" />
</Scene>
</mjloggm>