<mjloggm ver="2.3"><GO type="169" lobby="0"/><UN n0="%E3%83%90%E3%83%BC%E3%83%86%E3%82%A3" n1="%E5%A4%AA%E3%81%8F%E3%81%AA%E3%81%84%E3%81%8A" n2="%4D%2E%42%65%61%6D" n3="%E2%99%AA%E3%83%A2%E3%83%8E%E3%82%AF%E3%83%AD" dan="16,18,17,18" rate="2154.57,2190.02,2106.65,2194.20" sx="M,F,M,F"/><TAIKYOKU oya="0"/>

<Scene>
<INIT seed="0,0,0,4,1,77" ten="250,250,250,250" oya="0" hai0="44,1,22,127,31,45,62,25,52,87,72,54,8" hai1="51,96,64,20,24,69,115,58,121,67,48,65,92" hai2="0,108,19,61,100,36,84,103,110,41,70,42,39" hai3="123,53,29,132,26,93,82,89,124,43,33,71,105"/><T28/><D72/><U130/><E121/><V18/><F0/><W14/><G105/><T21/><D127/><U126/><E69/><V34/><F34/><W95/><G71/><T131/><D131/><U113/><E126/><V99/><F84/><W91/><G124/><T27/><D8/><U12/><E12/><V104/><F70/><W66/><G66/><T97/><D1/><U2/><E2/><V5/><F5/><W85/><G132/><T73/><D73/><U30/><E130/><V35/><F35/><W112/><G112/><N who="1" m="43082" /><E58/><V75/><F61/><W16/><G123/><T46/><D97/><U7/><E7/><V50/><F75/><W63/><G43/><T114/><D114/><U120/><E120/><V119/><F50/><W13/><G13/><T78/><D62/><U133/><E133/><V83/><F104/><W135/><G135/><T129/><D129/><U6/><E6/><V17/><F17/><W56/><REACH who="3" step="1"/><G91/><AGARI ba="0,0" hai="20,24,30,48,51,64,65,67,91,92,96" m="43082" machi="91" ten="30,1000,0" yaku="11,1" doraHai="77" who="1" fromWho="3" sc="250,0,250,10,250,0,250,-10" />
</Scene>
<Scene>
<INIT seed="1,0,0,1,3,105" ten="250,260,250,240" oya="1" hai0="128,50,30,47,37,62,24,81,72,121,82,10,95" hai1="93,75,134,35,52,25,23,7,91,9,106,14,36" hai2="31,80,27,98,12,46,13,29,126,87,33,2,83" hai3="101,122,53,86,112,109,88,0,44,17,56,67,77"/><U20/><E106/><V1/><F126/><W51/><G122/><T57/><D37/><U113/><E113/><V84/><F98/><W100/><G0/><T119/><D121/><U73/><E36/><V114/><F46/><W21/><G112/><T94/><D10/><U90/><E134/><V16/><F114/><W3/><G3/><T32/><D128/><U96/><E35/><V131/><F131/><W132/><G77/><T8/><D8/><U59/><E90/><V61/><F61/><N who="3" m="38311" /><G109/><T118/><D72/><U28/><E23/><V69/><F69/><W110/><G110/><T130/><D130/><U92/><E92/><V85/><F13/><N who="3" m="9391" /><G132/><T58/><D118/><U74/><E74/><V41/><F41/><W26/><G26/><T66/><D119/><U102/><E102/><V70/><F70/><W34/><G34/><T4/><D4/><U63/><AGARI ba="0,0" hai="7,9,14,20,25,28,52,59,63,73,75,91,93,96" machi="63" ten="20,12000,1" yaku="0,1,7,1,52,2,54,1" doraHai="105" who="1" fromWho="1" sc="250,-40,260,120,250,-40,240,-40" />
</Scene>
<Scene>
<INIT seed="1,1,0,0,0,79" ten="210,380,210,200" oya="1" hai0="75,53,41,68,52,29,6,111,87,80,71,105,66" hai1="42,25,40,127,83,0,28,36,92,103,30,94,76" hai2="19,97,1,60,128,115,134,15,99,107,90,33,116" hai3="89,21,117,16,100,104,124,91,31,85,2,113,51"/><U37/><E0/><V69/><F1/><W57/><G113/><T56/><D29/><U95/><E103/><V18/><F116/><W81/><G2/><T114/><D105/><U7/><E7/><V4/><F33/><W106/><G124/><T126/><D114/><U109/><E127/><V9/><F115/><W74/><G74/><T84/><D41/><U8/><E8/><V108/><F99/><W98/><G117/><T121/><D121/><U130/><E130/><V38/><F38/><W70/><G70/><T13/><D71/><U20/><E109/><V34/><F34/><W73/><G73/><T11/><D68/><U131/><E131/><V46/><F128/><W14/><G31/><T112/><D112/><U5/><E5/><V132/><F46/><W110/><G110/><T43/><D43/><U96/><E40/><V102/><F90/><W61/><G51/><T65/><D126/><U35/><E42/><V77/><F77/><W93/><REACH who="3" step="1"/><G100/><REACH who="3" ten="210,380,210,190" step="2"/><T58/><D75/><N who="1" m="43423" /><E30/><V133/><F108/><W118/><G118/><T17/><D111/><U78/><E36/><V49/><F49/><W45/><G45/><T123/><D123/><U86/><E37/><V119/><F119/><W3/><G3/><T22/><D66/><AGARI ba="1,1" hai="4,9,15,18,19,60,66,69,97,102,107,132,133,134" machi="66" ten="40,1300,0" yaku="20,1" doraHai="79" who="2" fromWho="0" sc="210,-16,380,0,210,26,190,0" /><AGARI ba="1,0" hai="14,16,21,57,61,66,81,85,89,91,93,98,104,106" machi="66" ten="30,8000,1" yaku="1,1,7,1,52,1,54,1,53,1" doraHai="79" doraHaiUra="88" who="3" fromWho="0" sc="194,-80,380,0,236,0,190,80" />
</Scene>
<Scene>
<INIT seed="2,0,0,5,1,28" ten="114,380,236,270" oya="2" hai0="131,32,85,112,41,78,116,19,88,87,107,30,54" hai1="15,72,8,14,125,127,4,60,118,13,25,34,52" hai2="129,90,70,103,121,79,45,22,1,67,58,113,109" hai3="68,39,89,134,7,26,123,12,46,55,99,76,105"/><V102/><F113/><W96/><G123/><T83/><D107/><U47/><E72/><V66/><F121/><W69/><G76/><T74/><D116/><U97/><E118/><V10/><F70/><W3/><G3/><T126/><D41/><U135/><E97/><V61/><F67/><W44/><G134/><T20/><D112/><U73/><E73/><V80/><F129/><W33/><G99/><T130/><D126/><N who="1" m="48139" /><E135/><V119/><F119/><W94/><G105/><T57/><D30/><N who="1" m="19791" /><E60/><V51/><F109/><W81/><G81/><T82/><D74/><U122/><E122/><V43/><F90/><W59/><G68/><T42/><D42/><U111/><E111/><V38/><F51/><AGARI ba="0,0" hai="4,8,13,14,15,47,51,52" m="19791,48139" machi="51" ten="30,3900,0" yaku="18,1,52,1,54,1" doraHai="28" who="1" fromWho="2" sc="114,0,380,39,236,-39,270,0" />
</Scene>
<Scene>
<INIT seed="3,0,0,3,2,78" ten="114,419,197,270" oya="3" hai0="12,59,63,35,106,6,10,27,40,30,104,28,102" hai1="90,120,34,112,111,64,33,101,95,15,39,124,20" hai2="135,67,7,82,58,32,36,99,83,52,126,86,4" hai3="41,100,94,37,80,3,73,116,51,119,54,132,23"/><W92/><G3/><T60/><D40/><U68/><E112/><V1/><F36/><W71/><G71/><T5/><D102/><U56/><E120/><V118/><F32/><W105/><G41/><T16/><D28/><U114/><E114/><V19/><F118/><W74/><G37/><T89/><D60/><U62/><E39/><V123/><F135/><W131/><G131/><T24/><D24/><U29/><E111/><V108/><F108/><W55/><G132/><T96/><D96/><N who="1" m="59551" /><E68/><V122/><F126/><W21/><G100/><T107/><REACH who="0" step="1"/><D89/><REACH who="0" ten="104,419,197,270" step="2"/><U48/><E90/><V49/><F122/><W45/><G51/><T44/><D44/><U57/><E29/><V125/><F123/><W91/><G91/><T110/><D110/><U77/><E48/><V133/><F133/><W127/><G45/><T11/><D11/><U115/><E62/><V38/><F38/><W0/><G127/><T113/><D113/><U81/><E115/><V42/><F125/><W130/><G130/><T87/><D87/><U98/><E98/><V70/><F42/><W128/><G128/><T103/><D103/><U66/><E124/><V121/><F121/><W25/><G25/><T65/><AGARI ba="0,1" hai="5,6,10,12,16,27,30,35,59,63,65,104,106,107" machi="65" ten="30,7900,0" yaku="1,1,0,1,54,1,53,1" doraHai="78" doraHaiUra="31" who="0" fromWho="0" sc="104,89,419,-20,197,-20,270,-39" />
</Scene>
<Scene>
<INIT seed="4,0,0,4,4,128" ten="193,399,177,231" oya="0" hai0="48,122,63,117,131,111,130,109,98,125,75,85,33" hai1="135,49,11,57,43,10,96,86,134,79,16,72,84" hai2="110,69,116,37,83,7,120,78,44,50,5,82,19" hai3="89,127,29,31,106,42,88,77,17,52,73,41,3"/><T4/><D75/><U56/><E72/><V108/><F120/><W129/><G106/><T54/><D122/><U102/><E43/><V24/><F69/><W113/><G3/><T100/><D117/><U68/><E68/><V87/><F37/><W18/><G73/><T76/><D33/><U14/><E11/><V60/><F116/><W99/><G77/><T118/><D118/><U71/><E71/><V65/><F108/><N who="0" m="41546" /><D63/><U91/><E79/><V61/><F110/><W32/><G32/><T66/><D66/><U101/><E101/><V132/><F82/><W67/><G67/><T20/><D4/><U115/><E115/><V38/><F38/><W103/><G113/><T21/><D85/><N who="1" m="32875" /><E91/><V105/><F105/><W126/><G129/><N who="0" m="49163" /><D76/><U70/><E70/><V94/><F61/><W81/><G99/><T15/><D15/><U47/><E96/><V92/><F7/><W124/><G124/><T107/><D125/><U123/><E123/><V22/><F5/><W90/><G126/><T8/><D8/><U97/><E97/><V28/><F60/><W114/><G127/><T121/><D121/><U59/><E10/><V12/><F65/><W35/><G114/><T112/><D112/><U1/><E14/><V25/><F12/><W93/><G35/><T45/><AGARI ba="0,0" hai="20,21,45,48,54,98,100,107" m="49163,41546" machi="45" ten="30,3000,0" yaku="10,1,19,1" doraHai="128" who="0" fromWho="0" sc="193,30,399,-10,177,-10,231,-10" />
</Scene>
<Scene>
<INIT seed="4,1,0,3,0,84" ten="223,389,167,221" oya="0" hai0="79,17,127,44,51,13,82,29,78,47,42,88,25" hai1="77,6,120,119,26,115,73,3,19,112,111,11,100" hai2="65,36,102,90,97,66,9,95,110,43,109,16,101" hai3="27,55,59,39,89,135,54,46,28,114,117,94,129"/><T58/><D127/><U122/><E100/><V0/><F43/><W12/><G117/><T80/><D47/><U125/><E77/><V34/><F36/><W33/><G114/><N who="1" m="43562" /><E73/><V18/><F34/><W30/><G129/><T67/><D25/><U61/><E61/><V20/><F109/><W103/><G135/><T38/><D29/><U107/><E107/><V4/><F110/><W104/><G30/><T98/><D38/><U63/><E63/><V99/><F101/><W10/><G103/><T68/><D68/><U126/><E119/><V37/><F37/><W40/><G59/><T113/><D113/><U35/><E111/><V132/><F132/><W108/><G104/><T15/><D58/><U41/><E41/><V85/><F99/><W23/><G33/><T75/><D67/><U130/><E130/><V70/><F70/><W134/><G134/><T22/><D15/><U105/><E105/><V81/><REACH who="2" step="1"/><F18/><REACH who="2" ten="223,389,157,221" step="2"/><W60/><G108/><T49/><D49/><U50/><E50/><V133/><F133/><W87/><G60/><T57/><D57/><U1/><E19/><AGARI ba="1,1" hai="10,12,19,23,27,28,39,40,46,54,55,87,89,94" machi="19" ten="30,2000,0" yaku="7,1,52,1" doraHai="84" who="3" fromWho="1" sc="223,0,389,-23,157,0,221,33" />
</Scene>
<Scene>
<INIT seed="5,0,0,3,4,59" ten="223,366,157,254" oya="1" hai0="123,81,110,80,49,65,134,108,35,75,102,96,126" hai1="98,114,47,20,3,77,42,85,19,26,106,135,4" hai2="124,72,27,32,34,107,118,131,122,44,22,87,109" hai3="130,7,0,88,36,16,86,119,76,37,15,111,94"/><U105/><E114/><V29/><F87/><W82/><G111/><T83/><D35/><U10/><E135/><V132/><F44/><W53/><G130/><T117/><D117/><U104/><E77/><V84/><F84/><W45/><G119/><T46/><D123/><U127/><E85/><V74/><F22/><W52/><G7/><T41/><D134/><U67/><E127/><V121/><F27/><W38/><G0/><T95/><D126/><U55/><E67/><V103/><F103/><W125/><G125/><T64/><D75/><U28/><E55/><V54/><F54/><W91/><G45/><T93/><D110/><U18/><REACH who="1" step="1"/><E98/><REACH who="1" ten="223,356,157,254" step="2"/><V100/><F121/><W6/><G76/><T1/><D108/><U51/><AGARI ba="0,1" hai="3,4,10,18,19,20,26,28,42,47,51,104,105,106" machi="51" ten="30,6000,0" yaku="1,1,2,1,0,1,53,0" doraHai="59" doraHaiUra="68" who="1" fromWho="1" sc="223,-20,356,70,157,-20,254,-20" />
</Scene>
<Scene>
<INIT seed="5,1,0,1,4,103" ten="203,426,137,234" oya="1" hai0="118,1,76,20,12,133,122,7,113,117,124,61,104" hai1="30,92,47,27,14,109,18,17,65,24,51,40,10" hai2="0,34,102,123,44,75,29,13,127,86,48,101,108" hai3="38,67,36,129,21,97,111,128,60,114,8,39,82"/><U35/><E109/><V78/><F108/><W62/><G111/><T69/><D76/><U54/><E65/><V80/><F123/><W2/><G114/><T19/><D122/><U26/><E92/><V59/><F0/><W33/><G33/><T132/><D113/><U106/><E106/><V89/><F127/><W11/><G2/><T73/><D73/><U43/><E18/><V83/><F34/><W16/><G82/><T107/><D7/><U57/><REACH who="1" step="1"/><E43/><REACH who="1" ten="203,416,137,234" step="2"/><V85/><F29/><W58/><G67/><N who="0" m="41199" /><D1/><U116/><E116/><N who="0" m="44649" /><D124/><U31/><E31/><V87/><F80/><W22/><G16/><T105/><D19/><U52/><E52/><V90/><F83/><W32/><G129/><T100/><D12/><U121/><E121/><V41/><F13/><W84/><G128/><T9/><D9/><U98/><E98/><V96/><F96/><W5/><G11/><T79/><D20/><U37/><AGARI ba="1,1" hai="10,14,17,24,26,27,30,35,37,40,47,51,54,57" machi="37" ten="20,3900,0" yaku="1,1,0,1,7,1,53,0" doraHai="103" doraHaiUra="126" who="1" fromWho="1" sc="203,-14,416,52,137,-14,234,-14" />
</Scene>
<Scene>
<INIT seed="5,2,0,4,5,1" ten="189,468,123,220" oya="1" hai0="31,106,68,4,22,53,43,73,60,39,76,52,128" hai1="35,45,30,32,40,126,46,19,101,26,88,122,0" hai2="24,42,131,80,72,129,27,8,84,29,2,10,56" hai3="58,77,13,109,100,81,57,91,7,63,110,115,21"/><U112/><E122/><V94/><F72/><W37/><G37/><T127/><D106/><U44/><E0/><V59/><F42/><W99/><G91/><T54/><D73/><U78/><E78/><V89/><F2/><W9/><G21/><T23/><D76/><U114/><E101/><V38/><F38/><W98/><G115/><N who="1" m="44074" /><E126/><V50/><F129/><W92/><G98/><T49/><D128/><U64/><E64/><V103/><F131/><W90/><G90/><T133/><D133/><U36/><E35/><V14/><F29/><W120/><G120/><T16/><D127/><U119/><E119/><V47/><F27/><W18/><G18/><T113/><D113/><U17/><E17/><V28/><F103/><W116/><G116/><T66/><D31/><U48/><E36/><V51/><F94/><W107/><G107/><T82/><D82/><U83/><E19/><V134/><F134/><W85/><REACH who="3" step="1"/><G58/><REACH who="3" ten="189,468,123,210" step="2"/><N who="0" m="33039" /><D22/><U93/><E83/><V70/><F70/><W105/><G105/><T20/><D23/><U3/><E30/><V111/><F80/><W11/><G11/><T79/><D79/><U75/><E88/><V15/><F89/><W62/><G62/><T12/><D4/><U121/><E121/><V102/><F28/><W125/><G125/><T96/><D96/><U97/><E97/><V5/><F10/><W86/><G86/><T118/><D118/><U108/><E75/><V6/><F8/><W130/><G130/><T87/><D87/><U135/><E135/><V95/><F84/><W25/><G25/><T124/><D124/><U74/><E74/><RYUUKYOKU ba="2,1" sc="189,15,468,-15,123,-15,210,15" hai0="12,16,20,39,43,53,54,60,66,68" hai3="7,9,13,57,63,77,81,85,92,99,100,109,110" />
</Scene>
<Scene>
<INIT seed="6,3,1,2,0,0" ten="204,453,108,225" oya="2" hai0="26,16,110,105,99,66,87,88,60,19,1,53,5" hai1="55,119,56,29,63,67,133,123,135,91,89,46,68" hai2="32,58,81,10,93,130,25,64,27,111,118,92,21" hai3="127,120,107,131,82,2,7,79,70,97,103,122,102"/><V57/><F118/><W98/><G70/><T74/><D74/><U59/><E119/><V17/><F130/><W30/><G30/><T78/><D53/><U100/><E123/><V42/><F111/><W54/><G54/><T3/><D3/><U4/><E100/><V84/><F42/><W47/><G47/><T114/><D110/><U6/><E29/><V80/><F80/><W18/><G18/><T38/><D38/><U85/><E46/><V117/><F117/><W109/><G109/><T43/><D43/><U20/><E20/><V121/><F121/><W36/><G36/><T51/><D51/><N who="1" m="30847" /><E68/><V11/><F32/><W24/><G24/><T128/><D26/><U126/><E126/><V90/><F27/><W41/><G41/><T101/><D114/><U9/><E9/><N who="2" m="3083" /><F58/><W132/><G127/><T65/><D128/><U116/><E116/><V23/><F21/><W115/><G131/><T61/><D78/><U95/><E91/><V134/><F134/><AGARI ba="3,1" hai="4,6,59,63,67,85,89,95,133,134,135" m="30847" machi="134" ten="30,3900,0" yaku="20,1,52,2" doraHai="0" who="1" fromWho="2" sc="204,0,453,58,108,-48,225,0" />
</Scene>
<Scene>
<INIT seed="7,0,0,1,3,70" ten="204,511,60,225" oya="3" hai0="53,59,104,94,33,120,108,49,32,90,103,22,15" hai1="43,115,68,67,34,19,99,107,29,23,9,82,8" hai2="88,62,21,122,118,95,48,86,58,17,64,97,111" hai3="73,31,41,102,78,132,35,77,47,83,80,3,1"/><W25/><G102/><T28/><D120/><U81/><E43/><V45/><F111/><W123/><G132/><T98/><D28/><U128/><E115/><V2/><F2/><W96/><G96/><T93/><D104/><U27/><E128/><V46/><F118/><W20/><G20/><T63/><D108/><U100/><E81/><V125/><F125/><W72/><REACH who="3" step="1"/><G123/><REACH who="3" ten="204,511,60,215" step="2"/><T117/><D117/><U50/><E23/><V135/><F122/><W14/><G14/><T13/><D13/><U89/><E99/><V24/><F135/><W116/><G116/><T92/><D33/><U39/><E100/><V112/><F112/><W87/><G87/><N who="0" m="52319" /><D32/><U38/><E34/><V71/><F71/><W42/><G42/><T85/><D85/><U113/><E68/><V18/><F48/><AGARI ba="0,1" hai="1,3,25,31,35,41,47,48,72,73,77,78,80,83" machi="48" ten="30,5800,0" yaku="1,1,7,1,9,1,53,0" doraHai="70" doraHaiUra="52" who="3" fromWho="2" sc="204,0,511,0,60,-58,215,68" />
</Scene>
<Scene>
<INIT seed="7,1,0,2,0,63" ten="204,511,2,283" oya="3" hai0="48,8,56,112,101,45,52,49,9,126,90,12,133" hai1="109,99,5,97,113,80,15,50,65,105,72,96,104" hai2="127,110,41,108,129,10,121,26,73,82,114,62,32" hai3="98,44,131,54,53,103,130,25,91,57,37,88,34"/><W59/><G34/><T124/><D126/><U111/><E50/><V102/><F102/><W76/><G76/><T33/><D124/><U30/><E65/><V3/><F10/><W87/><G25/><T38/><D33/><U36/><E30/><V78/><F41/><W21/><G21/><T134/><D38/><U107/><E36/><V123/><F62/><W125/><G125/><T47/><D101/><U43/><E43/><V7/><F82/><W69/><G69/><T95/><D112/><U128/><E5/><V42/><F7/><W106/><G37/><T23/><D134/><U117/><E15/><V115/><F42/><W51/><G44/><T66/><D133/><U11/><E11/><V19/><F19/><W28/><G28/><T67/><D23/><U31/><E31/><V17/><F17/><W16/><G16/><N who="0" m="8199" /><D9/><U100/><E113/><V39/><F78/><W20/><G20/><T74/><D74/><U35/><E35/><V132/><F26/><W68/><G68/><T13/><D13/><U79/><E128/><N who="3" m="49194" /><G87/><N who="0" m="52703" /><D45/><U60/><E79/><V22/><F22/><W81/><G81/><T92/><D92/><U18/><E80/><V55/><F115/><W4/><G4/><T118/><D118/><U122/><E117/><V116/><F121/><W85/><G85/><T77/><D77/><U135/><E122/><V71/><F55/><AGARI ba="1,0" hai="47,48,49,52,55,56,66,67" m="52703,8199" machi="55" ten="30,8000,1" yaku="8,1,52,2,54,2" doraHai="63" who="0" fromWho="2" sc="204,83,511,0,2,-83,283,0" owari="287,9.0,511,61.0,-81,-58.0,283,-12.0" />
</Scene>
</mjloggm>