<mjloggm ver="2.3"><GO type="97"/><UN n0="%41%53%53%2A%32%32%41" n1="%E5%A4%AA%E3%81%8F%E3%81%AA%E3%81%84%E3%81%8A" n2="%E5%BE%97%E7%82%B9%E5%9C%8F%E6%89%93%E7%8E%87" n3="%E4%BF%9D%E6%B3%89%E9%9B%85" dan="13,15,13,13" rate="1926,2068,1819,1894" sx="M,M,M,M"/><TAIKYOKU oya="0"/>

<Scene>
<INIT seed="0,0,0,0,3,48" ten="250,250,250,250" oya="0" hai0="87,121,58,30,118,90,3,126,53,65,29,111,93" hai1="113,47,42,112,100,74,131,70,20,132,64,2,4" hai2="63,79,84,34,50,25,108,129,16,46,41,104,89" hai3="7,36,92,11,133,96,73,14,101,115,71,49,91"/><T82/><D118/><U86/><E74/><V6/><F104/><W31/><G36/><T88/><D121/><U61/><E131/><V128/><F79/><W120/><G73/><T107/><D107/><U99/><E132/><V12/><F108/><W35/><G71/><T9/><D111/><U106/><E86/><V26/><F6/><W24/><G120/><T83/><D126/><U114/><E20/><V40/><F40/><W69/><G133/><T66/><D3/><U119/><E119/><V54/><F34/><W110/><G69/><T37/><D37/><N who="1" m="21967" /><E4/><V127/><F127/><W52/><G115/><T51/><D9/><U8/><E8/><N who="2" m="6151" /><F128/><W80/><G110/><T117/><D117/><U130/><E130/><V18/><F129/><W67/><G67/><N who="0" m="25611" /><D82/><U76/><E76/><V81/><F18/><W62/><G62/><T103/><D103/><U39/><E39/><V59/><AGARI ba="0,0" hai="25,26,41,46,50,54,59,63,81,84,89" m="6151" machi="59" ten="30,4000,0" yaku="8,1,52,1,54,1" doraHai="48" who="2" fromWho="2" sc="250,-20,250,-10,250,40,250,-10" />
</Scene>
<Scene>
<INIT seed="1,0,0,5,1,59" ten="230,240,290,240" oya="1" hai0="91,102,105,36,52,29,73,30,44,23,79,76,68" hai1="57,3,18,1,72,110,42,117,129,107,94,64,109" hai2="61,45,98,13,41,47,132,130,12,125,87,34,35" hai3="70,60,48,17,127,20,108,33,10,28,75,104,101"/><U69/><E117/><V53/><F130/><W133/><G75/><T25/><D68/><U19/><E107/><V93/><F132/><W27/><G127/><T122/><D122/><U38/><E72/><V43/><F125/><W66/><G133/><T106/><D30/><U113/><E113/><V92/><F87/><W56/><G108/><N who="1" m="41578" /><E69/><V63/><F53/><N who="3" m="31783" /><G10/><T90/><D106/><U83/><E129/><V121/><REACH who="2" step="1"/><F98/><REACH who="2" ten="230,240,280,240" step="2"/><N who="3" m="61495" /><G17/><T9/><D73/><U4/><E19/><V116/><F116/><W51/><G51/><N who="0" m="28775" /><D9/><U135/><E135/><V54/><F54/><W6/><G20/><T39/><D39/><U46/><E38/><V65/><F65/><W119/><G119/><T100/><D36/><U77/><E64/><V128/><F128/><W2/><G6/><T67/><D67/><U24/><E4/><V49/><F49/><W81/><G2/><T16/><D29/><U86/><E3/><V84/><F84/><W103/><G81/><T0/><D0/><U111/><E1/><V21/><F21/><W22/><G22/><T124/><D124/><U114/><E111/><V14/><F14/><W7/><G7/><T62/><D105/><U80/><E80/><V99/><F99/><W134/><G134/><T55/><D79/><U11/><E77/><V120/><AGARI ba="0,1" hai="12,13,34,35,41,43,45,47,61,63,92,93,120,121" machi="120" ten="25,12000,2" yaku="1,1,0,1,22,2,52,2,53,0" doraHai="59" doraHaiUra="32" who="2" fromWho="2" sc="230,-30,240,-60,280,130,240,-30" />
</Scene>
<Scene>
<INIT seed="2,0,0,4,0,93" ten="200,180,410,210" oya="2" hai0="63,43,4,17,126,51,62,3,47,55,46,108,11" hai1="82,119,131,75,98,13,45,120,30,133,109,132,9" hai2="87,116,84,88,123,103,107,56,15,71,67,115,83" hai3="114,92,60,10,49,85,105,77,28,102,81,89,66"/><V94/><F71/><W110/><G114/><T96/><D108/><U7/><E119/><V25/><F115/><W33/><G110/><T91/><D126/><U90/><E109/><V118/><F123/><W86/><G10/><T42/><D17/><U19/><E120/><V39/><F39/><W128/><G49/><T1/><D91/><U72/><E131/><V135/><F135/><N who="1" m="51785" /><E30/><V74/><F25/><W78/><G128/><T52/><D51/><U35/><E35/><V12/><F12/><W41/><G41/><T130/><D11/><N who="1" m="6591" /><E45/><V64/><F15/><W106/><G102/><T31/><D130/><U58/><E58/><V113/><F113/><W76/><G28/><T104/><D31/><U61/><E61/><N who="2" m="37927" /><F87/><W29/><G33/><T121/><D121/><U21/><E21/><V48/><F67/><W80/><G29/><T69/><D69/><U99/><E75/><V37/><F48/><W27/><G27/><T24/><D24/><U127/><E127/><V124/><F37/><W54/><G54/><T79/><D104/><N who="3" m="40041" /><G60/><T57/><D96/><U68/><E68/><V59/><F59/><W23/><G23/><T134/><D57/><U112/><E112/><V122/><F124/><W8/><G8/><T65/><D134/><U6/><E6/><V14/><F122/><W20/><G20/><T26/><D26/><U125/><E125/><V38/><F38/><W2/><G2/><T5/><D5/><U73/><E9/><V70/><F70/><W95/><G66/><T22/><D65/><U111/><E111/><V101/><F118/><W53/><G53/><RYUUKYOKU ba="0,0" sc="200,-10,180,-10,410,-10,210,30" hai3="76,77,78,80,81,85,86,89,92,95" />
</Scene>
<Scene>
<INIT seed="3,1,0,0,2,124" ten="190,170,400,240" oya="3" hai0="63,60,88,25,21,86,64,112,58,135,22,79,106" hai1="91,113,28,43,111,119,108,116,115,80,6,98,53" hai2="83,49,32,66,37,121,123,30,117,39,130,128,89" hai3="15,82,2,14,50,94,40,92,125,29,134,38,100"/><W17/><G2/><T61/><D135/><U95/><E43/><V8/><F117/><N who="1" m="45129" /><E6/><V34/><F66/><W7/><G125/><T46/><D106/><U16/><E28/><V59/><F8/><W27/><G38/><N who="2" m="14345" /><F30/><W65/><G134/><T93/><D112/><N who="1" m="43083" /><E53/><N who="2" m="32175" /><F83/><W76/><G65/><T105/><D105/><U127/><E127/><V101/><F89/><W5/><G15/><T67/><D46/><U45/><E45/><V35/><F101/><W90/><G100/><T54/><D79/><U69/><E69/><V9/><F9/><W114/><G114/><T23/><D25/><U81/><E16/><V12/><F12/><W52/><G40/><T72/><D72/><U51/><E51/><AGARI ba="1,0" hai="21,22,23,51,54,58,60,61,63,64,67,86,88,93" machi="51" ten="40,2600,0" yaku="8,1,54,1" doraHai="124" who="0" fromWho="1" sc="190,29,170,-29,400,0,240,0" owari="219,-18.0,141,-36.0,400,50.0,240,4.0" />
</Scene>
</mjloggm>