<mjloggm ver="2.3"><GO type="169"/><UN n0="%E2%99%AA%E3%83%A2%E3%83%8E%E3%82%AF%E3%83%AD" n1="%E3%81%91%E3%82%93%31%39%37%30" n2="%E3%83%AA%E3%82%B3%E3%81%B4%E3%82%87%E3%82%93%E2%99%AA" n3="%E5%A4%AA%E3%81%8F%E3%81%AA%E3%81%84%E3%81%8A" dan="18,16,16,17" rate="2180,2136,2069,2133" sx="F,M,F,M"/><TAIKYOKU oya="0"/>

<Scene>
<INIT seed="0,0,0,1,4,43" ten="250,250,250,250" oya="0" hai0="9,52,24,57,65,7,75,111,55,122,84,23,135" hai1="80,101,94,90,108,92,71,13,28,14,114,53,97" hai2="120,123,66,16,134,60,76,129,116,22,42,48,68" hai3="95,50,99,96,98,102,112,74,83,121,106,58,117"/><T70/><D75/><U11/><E71/><V125/><F129/><W44/><G117/><T51/><D122/><U41/><E114/><V61/><F116/><W6/><G112/><T73/><D73/><U126/><E28/><V2/><F2/><W30/><G121/><T127/><D135/><U20/><E41/><V67/><F134/><W10/><G30/><T36/><D36/><U105/><E126/><V133/><F133/><W21/><G21/><T32/><D32/><U12/><E108/><V56/><F125/><W79/><G58/><T89/><D127/><U110/><E110/><V39/><F76/><W113/><G106/><T91/><D111/><U38/><E38/><V118/><F118/><W27/><G27/><T124/><D124/><U47/><E20/><V81/><F81/><W54/><REACH who="3" step="1"/><G113/><REACH who="3" ten="250,250,250,240" step="2"/><T19/><D70/><U72/><E105/><V29/><F29/><W46/><G46/><N who="0" m="27767" /><D65/><U104/><E104/><V33/><F33/><W131/><G131/><T1/><D9/><U100/><E11/><V0/><F68/><W45/><G45/><T115/><D115/><U86/><E72/><V107/><F107/><W3/><AGARI ba="0,1" hai="3,6,10,44,50,54,74,79,83,95,96,98,99,102" machi="3" ten="20,5200,0" yaku="1,1,0,1,7,1,52,1,53,0" doraHai="43" doraHaiUra="128" who="3" fromWho="3" sc="250,-26,250,-13,250,-13,240,62" />
</Scene>
<Scene>
<INIT seed="1,0,0,2,1,26" ten="224,237,237,302" oya="1" hai0="32,129,16,85,128,112,21,24,68,12,106,108,65" hai1="96,60,35,121,67,92,73,135,132,111,89,64,122" hai2="120,76,75,4,105,79,59,115,50,33,69,52,43" hai3="57,44,54,114,2,103,116,71,131,99,113,80,77"/><U14/><E35/><V48/><F120/><W39/><G71/><T15/><D112/><U45/><E73/><V88/><F69/><W94/><G2/><T38/><D38/><U70/><E67/><V0/><F105/><W81/><G131/><N who="0" m="50251" /><D108/><U130/><E130/><V55/><F43/><W25/><G116/><T1/><D1/><U8/><E45/><V13/><F0/><W98/><G98/><T109/><D109/><U10/><E111/><V124/><F115/><W101/><G101/><T63/><D106/><U134/><REACH who="1" step="1"/><E10/><REACH who="1" ten="224,227,237,302" step="2"/><V97/><F33/><W47/><G47/><T61/><D32/><U29/><E29/><V22/><F75/><W102/><G44/><T53/><D85/><U42/><E42/><V19/><F124/><W58/><G114/><T37/><D37/><U87/><E87/><V41/><F41/><W56/><G39/><T118/><D118/><U11/><E11/><V20/><F20/><W119/><G113/><T95/><D53/><U74/><E74/><V90/><F55/><W117/><G117/><T49/><D65/><U3/><E3/><V110/><F110/><W23/><G119/><T126/><D126/><U91/><E91/><V84/><F90/><N who="3" m="55767" /><G54/><T27/><D21/><U127/><E127/><V17/><F22/><W30/><G77/><T5/><D68/><U82/><E82/><N who="2" m="47199" /><F76/><W93/><G81/><T6/><D6/><AGARI ba="0,1" hai="6,8,14,60,64,70,89,92,96,121,122,132,134,135" machi="6" ten="40,3900,0" yaku="1,1,20,1,53,0" doraHai="26" doraHaiUra="133" who="1" fromWho="0" sc="224,-39,227,49,237,0,302,0" />
</Scene>
<Scene>
<INIT seed="1,1,0,3,5,37" ten="185,276,237,302" oya="1" hai0="54,67,108,51,121,116,53,57,104,18,69,5,25" hai1="12,59,26,131,105,33,134,70,63,135,9,56,22" hai2="39,82,100,34,23,15,68,102,85,115,43,120,20" hai3="45,14,65,122,93,24,1,127,125,84,17,95,0"/><U74/><E74/><V87/><F120/><W42/><G122/><T112/><D121/><U113/><E105/><V124/><F34/><W79/><G65/><T86/><D112/><U27/><E70/><V72/><F115/><W3/><G24/><T64/><D116/><U99/><E99/><V49/><F68/><W90/><G79/><T109/><D104/><U132/><E113/><V44/><F124/><N who="3" m="47691" /><G95/><T46/><D5/><U48/><E131/><V88/><F72/><W61/><G61/><N who="0" m="40175" /><D86/><U2/><E2/><V6/><F39/><N who="3" m="21727" /><G1/><T111/><D25/><U77/><E77/><N who="2" m="46287" /><F20/><AGARI ba="1,0" hai="0,3,14,17,20,84,90,93" m="21727,47691" machi="20" ten="30,2000,0" yaku="18,1,52,1" doraHai="37" who="3" fromWho="2" sc="185,0,276,0,237,-23,302,23" />
</Scene>
<Scene>
<INIT seed="2,0,0,5,0,108" ten="185,276,214,325" oya="2" hai0="80,36,94,3,23,38,98,81,43,1,113,60,119" hai1="33,21,117,16,31,42,17,53,110,26,88,73,47" hai2="123,111,49,109,106,27,130,105,134,91,37,79,40" hai3="58,61,125,118,90,75,64,9,13,22,100,97,128"/><V59/><F123/><W135/><G118/><T62/><D119/><U122/><E110/><N who="2" m="41995" /><F130/><W112/><G75/><T95/><D23/><U115/><E122/><V18/><F134/><W126/><G135/><T71/><D98/><U29/><E117/><V34/><F79/><W46/><G128/><T132/><D132/><U52/><E73/><V78/><F78/><W2/><G2/><T83/><D43/><U19/><E33/><V7/><F7/><N who="3" m="3263" /><G46/><T101/><D101/><U85/><E31/><N who="2" m="19839" /><F18/><W57/><G22/><T133/><D133/><U74/><E74/><V54/><F91/><W116/><G116/><T25/><D25/><U86/><E86/><V131/><F131/><W55/><G90/><T68/><REACH who="0" step="1"/><D83/><REACH who="0" ten="175,276,214,325" step="2"/><U4/><E42/><V8/><F8/><W104/><G97/><T127/><D127/><U129/><E129/><V82/><F82/><W99/><G126/><T67/><D67/><U15/><E26/><V45/><AGARI ba="0,1" hai="37,40,45,49,54,59,105,106" m="19839,41995" machi="45" ten="30,3000,0" yaku="14,1,10,1" doraHai="108" who="2" fromWho="2" sc="175,-10,276,-10,214,40,325,-10" />
</Scene>
<Scene>
<INIT seed="2,1,0,1,0,93" ten="165,266,254,315" oya="2" hai0="32,134,12,135,38,53,133,60,77,72,94,86,24" hai1="128,76,109,74,97,23,0,15,19,73,112,41,10" hai2="27,13,55,45,33,25,47,30,121,104,20,84,91" hai3="95,130,114,43,90,70,54,40,75,66,42,9,64"/><V62/><F121/><W81/><G130/><T1/><D1/><U28/><E112/><V113/><F113/><W127/><G114/><T119/><D38/><U100/><E128/><V14/><F104/><W105/><G105/><T7/><D119/><U2/><E41/><V69/><F45/><W57/><G127/><T67/><D72/><U51/><E2/><V110/><F110/><W87/><G70/><T16/><D7/><U46/><E76/><V117/><F117/><W129/><G129/><T88/><D77/><U83/><E83/><V99/><F99/><N who="3" m="57847" /><G9/><N who="0" m="6159" /><D53/><U63/><E63/><V108/><F108/><W80/><G75/><T56/><D24/><U125/><E125/><V124/><F124/><W58/><G58/><T49/><D49/><U52/><E109/><V122/><F122/><W123/><G123/><T26/><D26/><U85/><E85/><V131/><F131/><W17/><G87/><T8/><D8/><U22/><E22/><V37/><F37/><W6/><G6/><T79/><D79/><U107/><E0/><V82/><F69/><W126/><G126/><T59/><D32/><U98/><E28/><V92/><F30/><W35/><G35/><T65/><D65/><N who="3" m="25193" /><G17/><T21/><D21/><U118/><E118/><V78/><F33/><W89/><G89/><T44/><D44/><U31/><E31/><V71/><F71/><AGARI ba="1,0" hai="56,59,60,67,71,86,88,94,133,134,135" m="6159" machi="71" ten="30,3900,0" yaku="20,1,54,2" doraHai="93" who="0" fromWho="2" sc="165,42,266,0,254,-42,315,0" />
</Scene>
<Scene>
<INIT seed="3,0,0,0,5,9" ten="207,266,212,315" oya="3" hai0="6,10,52,58,38,27,56,99,116,32,114,62,21" hai1="42,86,96,104,48,40,35,127,37,29,83,75,81" hai2="1,2,51,115,19,57,47,30,85,66,49,28,111" hai3="16,118,101,17,14,8,87,120,97,126,130,68,100"/><W91/><G120/><T39/><D116/><U77/><E37/><V64/><F115/><W5/><G118/><T92/><D32/><U102/><E127/><V20/><F111/><W129/><G68/><T84/><D84/><U90/><E35/><V24/><F85/><W117/><G117/><T18/><D58/><U121/><E121/><V34/><F30/><W128/><G126/><T0/><REACH who="0" step="1"/><D114/><REACH who="0" ten="197,266,212,315" step="2"/><U31/><E40/><V132/><F57/><W124/><G124/><T93/><D93/><U59/><E59/><V79/><F34/><W123/><G123/><T7/><D7/><U41/><E41/><V3/><F47/><W53/><G53/><T11/><D11/><U76/><E42/><V43/><F43/><W54/><G54/><T106/><D106/><U26/><E48/><V61/><F51/><W80/><G100/><AGARI ba="0,1" hai="0,6,10,18,21,27,38,39,52,56,62,92,99,100" machi="100" ten="30,3900,0" yaku="1,1,7,1,54,1,53,0" doraHai="9" doraHaiUra="78" who="0" fromWho="3" sc="197,49,266,0,212,0,315,-39" />
</Scene>
<Scene>
<INIT seed="4,0,0,4,4,78" ten="246,266,212,276" oya="0" hai0="34,113,3,68,1,54,25,32,81,71,92,82,22" hai1="112,96,121,10,26,42,120,39,12,111,93,63,70" hai2="125,95,13,7,16,41,101,56,67,89,116,88,79" hai3="52,65,21,9,94,61,129,23,73,19,35,99,50"/><T24/><D92/><U75/><E111/><V133/><F125/><W20/><G35/><T33/><D54/><U30/><E75/><V37/><F133/><W6/><G73/><T124/><D113/><U114/><E42/><V90/><F116/><W80/><G129/><T132/><D132/><U51/><E51/><V134/><F134/><W11/><G19/><T110/><D124/><U128/><E39/><V72/><F37/><W44/><G80/><N who="0" m="30827" /><D22/><U2/><E2/><N who="0" m="521" /><D110/><U64/><E128/><V105/><F72/><W77/><G77/><T106/><D106/><U83/><E83/><V117/><F79/><W115/><G115/><N who="1" m="44074" /><E93/><V135/><F105/><W17/><G17/><T0/><N who="0" m="529" /><T58/><DORA hai="74" /><D58/><U91/><E96/><V14/><F135/><W5/><G11/><T47/><D47/><U29/><E91/><V15/><F95/><W85/><G9/><T87/><D87/><U126/><E126/><V119/><F90/><N who="3" m="55767" /><G85/><T48/><D48/><U108/><E108/><V28/><F89/><W62/><G62/><T57/><D57/><AGARI ba="0,0" hai="5,6,20,21,23,44,50,52,57,61,65" m="55767" machi="57" ten="30,2000,0" yaku="8,1,54,1" doraHai="78,74" who="3" fromWho="0" sc="246,-20,266,0,212,0,276,20" />
</Scene>
<Scene>
<INIT seed="5,0,0,2,0,105" ten="226,266,212,296" oya="1" hai0="68,112,119,5,71,58,99,39,133,100,48,47,7" hai1="26,57,101,113,55,121,49,8,17,98,62,16,122" hai2="76,59,114,90,51,106,15,69,64,135,130,108,92" hai3="110,72,103,3,37,43,80,0,46,66,23,73,131"/><U116/><E116/><V95/><F108/><W109/><G23/><T32/><D119/><U134/><E134/><V1/><F106/><W25/><G25/><T21/><D32/><U70/><E17/><V111/><F111/><N who="3" m="42507" /><G103/><T27/><D39/><U10/><E10/><V53/><F1/><N who="3" m="587" /><G66/><T31/><D133/><U44/><E70/><V63/><F135/><W81/><G81/><T77/><D71/><U117/><E117/><V85/><F76/><N who="3" m="44039" /><G131/><T88/><D77/><U18/><E18/><V14/><F130/><W22/><G22/><T20/><D58/><U61/><E61/><V13/><REACH who="2" step="1"/><F114/><REACH who="2" ten="226,266,202,296" step="2"/><W102/><G102/><T67/><D112/><U34/><E113/><V65/><F65/><W104/><G104/><T127/><D100/><U97/><E122/><V60/><F60/><W107/><G107/><T9/><D67/><U38/><E121/><V45/><F45/><W79/><G79/><T129/><D129/><U30/><E101/><V84/><F84/><W11/><G11/><T6/><D9/><U4/><E4/><V126/><F126/><W42/><G42/><N who="0" m="24695" /><D127/><U125/><E125/><V118/><F118/><W52/><G52/><T41/><D41/><U132/><E132/><V36/><F36/><W54/><G54/><T128/><D128/><U124/><E124/><V35/><F35/><W12/><G73/><T91/><D20/><U120/><E120/><V78/><F78/><W40/><G43/><T83/><D21/><U94/><E38/><V28/><F28/><W50/><G37/><T33/><D31/><U2/><E30/><V123/><F123/><RYUUKYOKU ba="0,1" sc="226,-15,266,-15,202,15,296,15" hai2="13,14,15,51,53,59,63,64,69,85,90,92,95" hai3="12,40,46,50" />
</Scene>
<Scene>
<INIT seed="6,1,1,3,2,124" ten="211,251,217,311" oya="2" hai0="29,77,0,13,24,79,126,85,20,97,84,132,5" hai1="28,116,40,33,62,7,4,104,122,78,26,131,19" hai2="106,55,119,3,73,125,91,42,83,2,15,32,25" hai3="49,121,108,47,98,96,46,56,9,93,80,51,103"/><V110/><F119/><W118/><G118/><T11/><D132/><U89/><E116/><V1/><F125/><W95/><G108/><T8/><D126/><U6/><E78/><V66/><F110/><W41/><G121/><T75/><D97/><U59/><E40/><V43/><F106/><W14/><G80/><T105/><D105/><U102/><E122/><V135/><F135/><W69/><G56/><T94/><D94/><N who="3" m="35849" /><G69/><T35/><D8/><U88/><E19/><V22/><F66/><W64/><G64/><T53/><D53/><U34/><E34/><V113/><F55/><N who="3" m="30135" /><G103/><T30/><D30/><U117/><E117/><V65/><F65/><W52/><G41/><T58/><D58/><U38/><E38/><V10/><F32/><W109/><G109/><T68/><D68/><U37/><E37/><V18/><F113/><W99/><G99/><T107/><D107/><U90/><E59/><V92/><F83/><W44/><G44/><T60/><D60/><U70/><E62/><V127/><F73/><W63/><G63/><T130/><D75/><U76/><E76/><N who="0" m="29257" /><D0/><U72/><E72/><V27/><F127/><W39/><G39/><T16/><D84/><U36/><E36/><V123/><F123/><W54/><G54/><T134/><D85/><U67/><E67/><V17/><REACH who="2" step="1"/><F25/><REACH who="2" ten="211,251,207,311" step="2"/><W112/><G112/><T45/><D134/><U87/><E70/><V81/><F81/><W133/><G133/><T82/><D82/><U115/><E115/><V129/><F129/><W23/><G52/><T111/><D130/><U86/><E131/><V48/><F48/><RYUUKYOKU ba="1,2" sc="211,-15,251,15,207,15,311,-15" hai1="4,6,7,26,28,33,86,87,88,89,90,102,104" hai2="1,2,3,10,15,17,18,22,27,42,43,91,92" />
</Scene>
<Scene>
<INIT seed="6,2,2,2,2,27" ten="196,266,222,296" oya="2" hai0="74,35,83,79,50,70,84,23,80,103,6,36,31" hai1="13,105,57,129,76,66,1,43,33,104,102,127,59" hai2="12,81,113,41,63,52,116,107,91,14,87,134,95" hai3="17,67,125,58,55,128,130,122,64,109,42,132,46"/><V97/><F116/><W2/><G2/><T45/><D70/><U69/><E1/><V28/><F113/><W5/><G5/><T10/><D36/><U85/><E43/><V61/><F134/><W88/><G109/><T101/><D35/><U108/><E108/><V78/><F41/><W106/><G106/><T15/><D23/><U26/><E105/><V37/><F37/><N who="3" m="21839" /><G122/><T94/><D94/><U48/><E13/><N who="2" m="5227" /><F107/><W75/><G75/><T65/><D65/><U62/><E127/><V39/><F39/><W24/><G88/><T60/><D60/><N who="2" m="23114" /><F52/><W54/><G125/><T110/><D110/><U71/><E129/><N who="3" m="49770" /><G132/><T111/><D111/><U89/><E76/><V56/><F56/><W21/><G55/><T99/><D45/><U119/><E119/><V115/><F115/><W22/><G22/><T18/><D6/><U123/><E123/><V135/><F135/><W90/><G54/><T49/><D74/><U100/><E100/><V92/><F92/><W121/><G121/><T44/><D103/><U96/><E48/><V133/><F133/><W68/><G68/><T9/><D50/><U114/><E114/><V8/><F8/><W32/><G58/><T77/><D9/><U4/><E4/><V118/><F118/><W40/><G40/><T72/><D49/><U117/><E117/><V86/><F86/><W126/><G126/><T19/><D44/><U53/><E53/><V93/><F93/><W7/><G7/><T98/><D72/><U3/><E71/><V131/><F131/><W112/><G112/><T47/><D47/><U20/><E69/><RYUUKYOKU ba="2,2" sc="196,-10,266,-10,222,30,296,-10" hai2="28,78,81,87,91,95,97" />
</Scene>
<Scene>
<INIT seed="6,3,2,2,5,105" ten="186,256,252,286" oya="2" hai0="65,71,135,50,89,106,5,24,112,97,20,114,134" hai1="22,11,126,77,1,87,54,51,68,79,49,8,60" hai2="52,10,13,96,70,3,131,19,74,109,93,57,121" hai3="95,43,55,102,94,75,113,25,101,0,117,21,82"/><V118/><F118/><W129/><G117/><T132/><D5/><U110/><E110/><V6/><F121/><W80/><G0/><T120/><D120/><U39/><E39/><V92/><F70/><W9/><G43/><T41/><D65/><U15/><E51/><V14/><F109/><W125/><G125/><T107/><D71/><U17/><E126/><V16/><F131/><W59/><G9/><T45/><D89/><U32/><E32/><V67/><F67/><W26/><G129/><T33/><D33/><U18/><E68/><V2/><F74/><W37/><G37/><T42/><D42/><U116/><E60/><V35/><F35/><W72/><G113/><N who="0" m="43627" /><D97/><U78/><E116/><V103/><F93/><W28/><G55/><T47/><D47/><U115/><E115/><V69/><F69/><W7/><G7/><T123/><D123/><U100/><E100/><V31/><F31/><AGARI ba="3,2" hai="20,24,31,41,45,50,106,107,132,134,135" m="43627" machi="31" ten="40,2600,0" yaku="20,1,15,1" doraHai="105" who="0" fromWho="2" sc="186,55,256,0,252,-35,286,0" />
</Scene>
<Scene>
<INIT seed="7,0,0,2,1,109" ten="241,256,217,286" oya="3" hai0="118,60,97,91,64,131,31,49,37,48,58,112,14" hai1="44,102,55,63,35,88,65,87,12,0,132,5,22" hai2="17,36,124,38,33,129,84,81,90,4,24,92,40" hai3="101,47,89,25,11,85,78,18,74,134,108,116,110"/><W98/><G116/><T41/><D118/><U75/><E75/><V62/><F4/><W21/><G134/><T26/><D131/><U119/><E132/><V96/><F129/><W100/><G74/><T50/><D37/><U113/><E35/><V73/><F73/><W77/><G47/><T15/><D41/><U105/><E119/><V61/><F124/><W121/><G121/><T52/><D112/><U9/><E105/><V123/><F123/><W126/><G126/><T53/><D53/><U114/><E102/><N who="3" m="39530" /><G98/><T76/><D76/><U57/><E22/><V93/><F93/><N who="3" m="54447" /><G11/><T94/><REACH who="0" step="1"/><D64/><REACH who="0" ten="231,256,217,286" step="2"/><U32/><E65/><V125/><F125/><W120/><G120/><T106/><D106/><U127/><E127/><V79/><F38/><W135/><G135/><T13/><D13/><U7/><E44/><V51/><F36/><W70/><G78/><T23/><AGARI ba="0,1" hai="14,15,23,26,31,48,49,50,52,58,60,91,94,97" machi="23" ten="30,7900,0" yaku="1,1,0,1,8,1,54,1,53,0" doraHai="109" doraHaiUra="39" who="0" fromWho="0" sc="231,89,256,-20,217,-20,286,-39" owari="320,41.0,236,-16.0,197,-30.0,247,5.0" />
</Scene>
</mjloggm>