<mjloggm ver="2.3"><GO type="169" lobby="0"/><UN n0="%E5%A4%AA%E3%81%8F%E3%81%AA%E3%81%84%E3%81%8A" n1="%E5%A0%80%E3%82%B9%E3%82%B9%E3%83%A0" n2="%E3%81%B3%E3%82%8A%E3%81%B3%E3%82%8A%E2%98%86%E3%83%93%E3%83%AA%E3%83%BC" n3="%6D%65%24%6F" dan="18,16,19,16" rate="2190.46,2123.35,2231.88,2098.01" sx="F,M,M,M"/><TAIKYOKU oya="0"/>

<Scene>
<INIT seed="0,0,0,5,1,123" ten="250,250,250,250" oya="0" hai0="132,122,63,84,59,91,121,96,50,4,94,22,34" hai1="125,29,90,44,24,28,39,89,126,37,66,56,83" hai2="19,62,53,41,17,13,18,99,106,131,85,87,42" hai3="80,45,67,3,93,111,21,105,2,30,74,70,128"/><T134/><D34/><U120/><E120/><V23/><F131/><W15/><G105/><T47/><D4/><U26/><E44/><V103/><F19/><W133/><G128/><T112/><D112/><U69/><E69/><V32/><F32/><W110/><G133/><N who="0" m="51307" /><D22/><U9/><E9/><V8/><F87/><W12/><G93/><T65/><D96/><U43/><E43/><AGARI ba="0,0" hai="43,47,50,59,63,65,84,91,94,121,122" m="51307" machi="43" ten="30,1500,0" yaku="20,1" doraHai="123" who="0" fromWho="1" sc="250,15,250,-15,250,0,250,0" />
</Scene>
<Scene>
<INIT seed="0,1,0,4,1,99" ten="265,235,250,250" oya="0" hai0="66,116,96,49,16,57,105,5,91,77,108,119,50" hai1="74,90,21,75,54,89,2,13,128,123,130,97,115" hai2="45,27,33,61,112,48,114,103,32,25,127,26,7" hai3="98,73,125,17,129,59,67,101,122,19,23,14,64"/><T110/><D5/><U47/><E123/><V70/><F127/><W52/><G122/><T30/><D30/><U93/><E2/><V20/><F7/><W55/><G73/><T65/><D77/><U102/><E115/><V63/><F20/><W104/><G125/><T83/><D83/><U94/><E54/><V40/><F114/><W3/><G3/><T133/><D133/><U86/><E47/><V15/><F15/><W10/><G129/><N who="1" m="49770" /><E21/><V117/><F117/><N who="0" m="45130" /><D16/><U1/><E13/><V81/><F112/><W124/><G124/><T111/><D91/><N who="1" m="53495" /><E1/><V29/><F33/><W51/><REACH who="3" step="1"/><G55/><REACH who="3" ten="265,235,250,240" step="2"/><N who="0" m="31983" /><D50/><U42/><E42/><V88/><F48/><W62/><G62/><T109/><D111/><U120/><E120/><V35/><F63/><W107/><G107/><T135/><D135/><U60/><E60/><V79/><F61/><W46/><G46/><T31/><D31/><U69/><E69/><V39/><F70/><W87/><G87/><T44/><D44/><U71/><E71/><V6/><F29/><W36/><G36/><T85/><D85/><N who="1" m="52559" /><E89/><V11/><F88/><W72/><G72/><T82/><D82/><U34/><E34/><N who="2" m="12843" /><F81/><W9/><G9/><T78/><D78/><U100/><E100/><AGARI ba="1,1" hai="65,66,96,100,105,108,109,110" m="31983,45130" machi="100" ten="40,7700,0" yaku="14,1,10,1,52,1" doraHai="99" who="0" fromWho="1" sc="265,90,235,-80,250,0,240,0" />
</Scene>
<Scene>
<INIT seed="0,2,0,2,2,10" ten="355,155,250,240" oya="0" hai0="15,96,124,120,55,19,66,25,118,112,126,102,4" hai1="103,81,61,65,122,17,71,7,123,0,100,131,48" hai2="134,80,64,82,72,46,3,22,117,5,37,23,85" hai3="105,33,45,97,115,132,109,8,83,35,1,68,90"/><T6/><D120/><U89/><E131/><V116/><F134/><W95/><G115/><T70/><D112/><U107/><E0/><V88/><F64/><W18/><G68/><T110/><D118/><N who="2" m="45674" /><F3/><W128/><G128/><T94/><D25/><U76/><E7/><V91/><F5/><W57/><G132/><T75/><D75/><U38/><E38/><V53/><F91/><W77/><G109/><T39/><D39/><U125/><E125/><N who="0" m="48233" /><D110/><U13/><E89/><V69/><F69/><W78/><G105/><T49/><D66/><U135/><E48/><N who="2" m="28823" /><F37/><W84/><G77/><AGARI ba="2,0" hai="22,23,72,77,80,82,85,88" m="28823,45674" machi="77" ten="30,2000,0" yaku="12,1,54,1" doraHai="10" who="2" fromWho="3" sc="355,0,155,0,250,26,240,-26" />
</Scene>
<Scene>
<INIT seed="1,0,0,3,4,9" ten="355,155,276,214" oya="1" hai0="89,34,45,99,31,59,6,98,73,12,111,112,118" hai1="115,39,107,57,133,108,62,29,67,80,135,74,17" hai2="37,78,60,13,90,113,93,79,44,35,126,0,28" hai3="5,85,14,119,84,109,54,106,114,10,46,120,87"/><U36/><E115/><V83/><F0/><W105/><G114/><T48/><D112/><U130/><E107/><V70/><F113/><W2/><G120/><T104/><D118/><U20/><E29/><V22/><F35/><W16/><G119/><T26/><D73/><U33/><E33/><V100/><F126/><W82/><G109/><T77/><D77/><N who="1" m="44087" /><E130/><V96/><F70/><W86/><G46/><T11/><D111/><U40/><E40/><V134/><F60/><W95/><G95/><BYE who="3" /><T76/><D76/><U75/><E75/><V32/><F32/><W3/><G3/><T132/><D132/><N who="1" m="50763" /><E108/><V38/><F134/><W51/><G51/><T69/><D69/><UN n3="%6D%65%24%6F" /><U103/><E103/><V19/><F28/><W101/><G54/><T18/><D104/><U23/><E23/><V122/><F122/><W110/><G110/><T25/><D89/><U24/><AGARI ba="0,0" hai="17,20,24,36,39,57,62,67" m="50763,44087" machi="24" ten="30,1500,0" yaku="20,1" doraHai="9" who="1" fromWho="1" sc="355,-5,155,15,276,-5,214,-5" />
</Scene>
<Scene>
<INIT seed="1,1,0,1,2,68" ten="350,170,271,209" oya="1" hai0="104,29,58,66,33,34,111,128,71,72,40,64,101" hai1="125,0,48,6,103,1,88,135,106,21,94,45,117" hai2="4,67,123,105,119,130,54,133,129,131,86,96,89" hai3="26,69,134,98,19,132,57,70,77,121,120,23,46"/><U76/><E117/><V22/><F119/><W112/><G112/><T102/><D58/><U43/><E125/><V97/><F123/><N who="3" m="47179" /><G77/><T55/><D55/><U95/><E135/><N who="3" m="51754" /><G98/><T56/><D56/><U24/><E76/><V44/><F133/><W126/><G57/><T51/><D71/><U84/><E106/><V91/><F97/><W18/><G126/><T65/><D65/><U80/><E6/><V127/><F67/><W78/><G78/><T17/><D72/><U27/><E27/><V49/><F4/><W14/><G46/><T107/><D66/><U75/><E75/><V7/><F7/><W81/><G81/><T73/><D64/><U116/><E116/><V35/><F127/><W87/><G87/><T36/><D73/><U12/><E12/><V15/><F105/><W11/><AGARI ba="1,0" hai="11,14,18,19,23,26,69,70" m="51754,47179" machi="11" ten="30,1100,0" yaku="20,1" doraHai="68" who="3" fromWho="3" sc="350,-4,170,-6,271,-4,209,14" />
</Scene>
<Scene>
<INIT seed="2,0,0,4,2,76" ten="346,164,267,223" oya="2" hai0="46,13,77,73,130,8,129,93,111,132,85,125,36" hai1="101,16,15,50,61,104,18,63,64,109,24,43,115" hai2="97,116,17,119,30,54,39,102,35,87,51,83,92" hai3="95,42,127,135,1,40,32,58,106,84,65,82,44"/><V71/><F39/><W114/><G106/><T10/><D111/><U52/><E115/><V53/><F71/><W124/><G114/><T69/><D69/><U9/><E109/><V68/><F68/><W134/><G32/><T75/><D125/><N who="3" m="48201" /><G1/><T48/><D36/><U20/><E43/><N who="3" m="16426" /><G95/><T2/><D2/><U14/><E64/><V33/><F54/><W98/><G98/><T118/><D93/><U100/><E24/><V38/><F38/><W88/><G44/><T99/><D46/><N who="1" m="27735" /><E104/><V55/><F55/><W34/><G34/><T25/><D99/><U126/><E126/><V41/><F41/><W123/><G123/><T94/><D94/><U121/><E121/><V5/><F35/><W117/><G117/><T90/><D118/><U29/><E29/><V0/><F30/><W57/><G65/><T4/><D129/><U59/><E59/><AGARI ba="0,0" hai="57,58,59,82,84,88,134,135" m="16426,48201" machi="59" ten="30,3900,0" yaku="18,1,52,1,54,1" doraHai="76" who="3" fromWho="1" sc="346,0,164,-39,267,0,223,39" />
</Scene>
<Scene>
<INIT seed="3,0,0,5,3,77" ten="346,125,267,262" oya="3" hai0="60,63,30,33,4,29,8,22,109,70,125,118,92" hai1="37,26,128,105,106,134,43,35,86,120,79,6,135" hai2="95,116,2,66,31,74,121,96,85,42,46,129,21" hai3="7,132,9,84,62,81,45,133,41,131,28,44,54"/><W100/><G100/><T16/><D118/><U93/><E120/><V23/><F116/><W107/><G107/><T17/><D33/><U91/><E128/><V68/><F74/><W3/><G28/><T82/><D109/><U59/><E6/><V52/><F2/><W117/><G117/><T24/><D125/><U127/><E127/><V88/><F129/><W112/><G112/><T69/><D92/><U71/><E71/><V32/><F121/><W51/><G131/><T123/><D123/><U114/><E59/><V49/><F32/><W108/><G108/><T83/><D4/><U124/><E124/><V87/><F31/><N who="0" m="11786" /><D70/><U13/><E13/><V78/><F96/><W89/><REACH who="3" step="1"/><G62/><REACH who="3" ten="346,125,267,252" step="2"/><N who="0" m="23595" /><D69/><U73/><E114/><V36/><F68/><W14/><G14/><AGARI ba="0,1" hai="8,14,16,17,22,24,82,83" m="23595,11786" machi="14" ten="30,7700,0" yaku="8,1,52,2,54,1" doraHai="77" who="0" fromWho="3" sc="346,87,125,0,267,0,252,-77" />
</Scene>
<Scene>
<INIT seed="4,0,0,0,3,122" ten="433,125,267,175" oya="0" hai0="0,110,62,51,111,38,107,99,49,124,10,1,20" hai1="15,121,103,30,61,31,29,130,41,85,97,71,113" hai2="118,133,88,96,115,119,114,28,123,52,36,17,117" hai3="120,8,77,116,73,37,26,59,25,47,18,5,11"/><T90/><D38/><U22/><E121/><V54/><F123/><W131/><G120/><T78/><D124/><U81/><E130/><V7/><F36/><W84/><G131/><T106/><D78/><U127/><E127/><V87/><F133/><W6/><G73/><T86/><D62/><U92/><E113/><N who="2" m="43019" /><F7/><W64/><G116/><T2/><D10/><U27/><E41/><V23/><F96/><W4/><G37/><T98/><D20/><U13/><E71/><V9/><F9/><W68/><G68/><T40/><D40/><U50/><E50/><N who="0" m="18953" /><D86/><U101/><E101/><V102/><F102/><W12/><G47/><T46/><D46/><U74/><E74/><V95/><F28/><N who="1" m="10857" /><E61/><V45/><F45/><W70/><G70/><T83/><D83/><U58/><E58/><V42/><F42/><W32/><G32/><T48/><D48/><U104/><E104/><N who="0" m="39977" /><D90/><AGARI ba="0,0" hai="13,15,22,27,31,81,85,90,92,97,103" m="10857" machi="90" ten="30,1000,0" yaku="8,1" doraHai="122" who="1" fromWho="0" sc="433,-10,125,10,267,0,175,0" />
</Scene>
<Scene>
<INIT seed="5,0,0,5,0,61" ten="423,135,267,175" oya="1" hai0="67,82,3,65,34,11,112,62,130,124,77,76,88" hai1="4,126,74,111,39,27,22,73,26,41,1,93,105" hai2="106,116,23,113,0,80,87,122,85,58,86,103,129" hai3="18,5,134,94,14,68,25,98,125,13,107,37,78"/><U60/><E105/><V115/><F116/><W99/><G37/><T35/><D35/><U55/><E126/><V101/><F0/><W48/><G125/><T31/><D124/><U33/><E33/><V28/><F122/><W75/><G134/><T119/><D119/><U46/><E111/><V10/><F129/><W16/><G107/><T110/><D110/><U20/><E93/><V135/><F135/><W70/><G75/><T114/><D130/><U29/><E4/><V71/><F71/><W132/><G132/><T24/><D3/><U50/><E60/><V54/><F10/><W81/><G81/><T133/><D11/><U120/><E1/><V42/><F42/><W52/><G78/><N who="0" m="30315" /><D62/><U43/><E43/><V128/><F128/><W89/><G70/><T95/><D82/><U117/><E120/><V100/><F80/><W131/><G68/><T84/><D133/><U109/><E109/><V15/><F106/><W44/><G131/><T32/><D32/><U40/><E40/><V69/><F69/><W56/><G5/><T104/><D104/><U6/><E6/><V91/><F115/><AGARI ba="0,0" hai="24,31,34,65,67,84,88,95,112,114,115" m="30315" machi="115" ten="30,7700,0" yaku="15,1,52,2,54,1" doraHai="61" who="0" fromWho="2" sc="423,77,135,0,267,-77,175,0" />
</Scene>
<Scene>
<INIT seed="6,0,0,5,5,67" ten="500,135,190,175" oya="2" hai0="30,20,6,53,93,89,81,129,16,46,78,128,73" hai1="95,122,14,10,48,8,44,91,65,126,80,117,35" hai2="71,9,114,36,60,109,101,51,108,135,0,134,26" hai3="59,120,133,119,103,107,115,82,32,70,121,72,57"/><V94/><F36/><W88/><G119/><T31/><D6/><U85/><E117/><V23/><F114/><W21/><G115/><T33/><D33/><U132/><E35/><V124/><F124/><W58/><G70/><T111/><D111/><N who="2" m="42570" /><F51/><W55/><G32/><T110/><D110/><U83/><E126/><V74/><F74/><W116/><G116/><T99/><D53/><U18/><E132/><N who="2" m="50731" /><F9/><W5/><G133/><T87/><D46/><U41/><E122/><V123/><F0/><W100/><G72/><T13/><REACH who="0" step="1"/><D73/><REACH who="0" ten="490,135,190,175" step="2"/><U131/><E65/><N who="2" m="41383" /><F123/><W38/><G120/><T105/><D105/><U34/><E131/><AGARI ba="0,1" hai="13,16,20,30,31,78,81,87,89,93,99,128,129,131" machi="131" ten="40,8000,1" yaku="1,1,19,1,54,1,53,1" doraHai="67" doraHaiUra="11" who="0" fromWho="1" sc="490,90,135,-80,190,0,175,0" />
</Scene>
<Scene>
<INIT seed="7,0,0,0,5,13" ten="580,55,190,175" oya="3" hai0="133,36,125,114,24,116,58,50,43,34,38,104,75" hai1="90,59,0,56,113,57,64,16,55,77,12,62,130" hai2="98,9,131,97,92,51,96,119,89,94,30,8,105" hai3="117,22,33,74,3,87,85,83,100,71,115,103,66"/><W84/><G33/><T107/><D75/><U23/><E113/><V10/><F119/><W73/><G3/><T17/><D116/><U110/><E110/><V7/><F105/><W19/><G117/><T93/><D93/><N who="2" m="35946" /><F131/><W68/><G115/><T121/><D121/><U111/><E130/><V47/><F30/><W25/><G83/><T54/><D114/><U48/><E0/><V45/><F45/><W42/><G42/><T120/><D120/><U61/><E111/><V60/><F60/><W124/><G124/><T126/><D133/><U14/><E77/><V106/><F106/><N who="0" m="40490" /><D43/><U67/><E90/><V95/><F7/><W123/><G123/><T21/><D34/><U39/><E39/><V122/><F122/><W1/><G1/><T112/><D112/><U109/><E109/><V53/><AGARI ba="0,0" hai="8,9,10,47,51,53,89,95,96,97,98" m="35946" machi="53" ten="30,1100,0" yaku="8,1" doraHai="13" who="2" fromWho="2" sc="580,-3,55,-3,190,11,175,-5" owari="577,68.0,52,-45.0,201,0.0,170,-23.0" />
</Scene>
</mjloggm>