<mjloggm ver="2.3"><GO type="97"/><UN n0="%E3%83%90%E3%82%AF%E3%82%B7%E3%83%BC%E3%82%B7%EF%BC%81" n1="%E4%B8%8B%E5%AE%B6%E3%81%AF%E6%B7%8B%E7%97%85" n2="%E9%B3%A5%E5%8F%96%E7%9C%8C" n3="%E5%A4%AA%E3%81%8F%E3%81%AA%E3%81%84%E3%81%8A" dan="14,13,13,13" rate="1918,1886,1926,2006" sx="M,M,M,M"/><TAIKYOKU oya="0"/>

<Scene>
<INIT seed="0,0,0,1,5,117" ten="250,250,250,250" oya="0" hai0="86,63,12,53,69,123,109,104,84,4,128,31,121" hai1="27,35,93,134,9,16,100,75,76,39,92,0,78" hai2="64,25,61,96,89,7,34,36,72,23,43,20,90" hai3="133,74,1,51,45,44,103,62,59,98,46,135,125"/><T130/><D109/><U94/><E39/><V119/><F119/><W11/><G74/><T126/><D104/><U58/><E134/><N who="3" m="51210" /><G125/><T33/><D126/><U83/><E78/><V87/><F72/><W37/><G37/><T71/><D33/><U6/><E58/><V108/><F108/><W5/><G51/><T73/><D73/><U79/><E79/><V19/><F7/><W95/><G46/><T38/><D38/><U2/><E2/><V106/><F34/><W105/><G105/><T8/><D31/><U107/><E35/><V118/><F118/><W55/><AGARI ba="0,0" hai="1,5,11,44,45,55,59,62,95,98,103" m="51210" machi="55" ten="30,1100,0" yaku="20,1" doraHai="117" who="3" fromWho="3" sc="250,-5,250,-3,250,-3,250,11" />
</Scene>
<Scene>
<INIT seed="1,0,0,1,3,112" ten="245,247,247,261" oya="1" hai0="20,5,85,72,81,105,135,12,123,28,37,108,96" hai1="87,36,133,31,49,13,75,114,67,66,77,1,132" hai2="27,122,60,74,57,11,70,22,21,118,76,54,121" hai3="53,50,44,9,6,65,91,61,93,47,92,98,39"/><U40/><E1/><V59/><F70/><W107/><G107/><T124/><D37/><U41/><E114/><V51/><F11/><W69/><G92/><T86/><D123/><U78/><E36/><V2/><F2/><W34/><G34/><T43/><D43/><U106/><E75/><V99/><F99/><W58/><REACH who="3" step="1"/><G39/><REACH who="3" ten="245,247,247,251" step="2"/><T23/><D105/><U52/><E106/><V35/><F121/><W82/><G82/><T55/><D135/><U120/><E120/><V88/><F122/><W130/><G130/><T30/><D81/><U134/><E31/><V103/><F35/><W90/><G90/><T111/><D30/><U102/><E102/><V16/><F88/><W79/><G79/><N who="1" m="30218" /><E87/><V10/><F76/><W83/><G83/><T119/><D28/><U128/><E128/><V117/><F74/><W3/><AGARI ba="0,1" hai="3,6,9,44,47,50,53,58,61,65,69,91,93,98" machi="3" ten="20,5200,0" yaku="1,1,0,1,7,1,53,1" doraHai="112" doraHaiUra="0" who="3" fromWho="3" sc="245,-13,247,-26,247,-13,251,62" />
</Scene>
<Scene>
<INIT seed="2,0,0,0,3,116" ten="232,221,234,313" oya="2" hai0="18,126,44,71,76,100,4,14,6,55,106,51,9" hai1="99,97,80,77,110,30,3,59,7,57,34,121,26" hai2="23,132,67,46,69,127,62,74,64,82,120,83,10" hai3="2,13,102,42,35,115,105,111,94,33,89,29,41"/><V32/><F120/><W86/><G2/><T20/><D126/><U92/><E99/><V12/><F32/><W66/><G111/><T56/><D71/><U25/><E110/><V38/><F127/><W8/><G115/><T104/><D100/><U75/><E26/><V52/><F132/><W119/><G119/><T48/><D76/><U63/><E63/><V81/><F74/><W84/><G66/><N who="2" m="25129" /><F69/><W72/><G72/><T0/><REACH who="0" step="1"/><D4/><REACH who="0" ten="222,221,234,313" step="2"/><U91/><REACH who="1" step="1"/><E121/><REACH who="1" ten="222,211,234,313" step="2"/><V37/><F38/><W58/><G102/><T87/><D87/><U53/><E53/><AGARI ba="0,2" hai="0,6,9,14,18,20,44,48,51,53,55,56,104,106" machi="53" ten="30,2000,0" yaku="1,1,7,1,53,0" doraHai="116" doraHaiUra="130" who="0" fromWho="1" sc="222,40,211,-20,234,0,313,0" />
</Scene>
<Scene>
<INIT seed="3,0,0,3,5,98" ten="262,191,234,313" oya="3" hai0="4,27,59,54,21,19,62,112,129,53,9,65,61" hai1="127,134,110,88,43,46,64,30,70,108,84,109,92" hai2="114,76,29,18,125,1,104,5,128,131,101,75,116" hai3="15,55,83,135,48,77,74,99,68,35,72,130,97"/><W113/><G113/><T103/><D112/><U82/><E30/><V26/><F114/><W119/><G119/><T52/><D129/><N who="2" m="49738" /><F116/><W117/><G117/><T11/><D103/><U45/><E127/><V63/><F18/><W23/><G35/><T49/><D62/><U36/><E134/><V28/><F125/><W78/><G68/><T71/><REACH who="0" step="1"/><D9/><REACH who="0" ten="252,191,234,313" step="2"/><U39/><E70/><V89/><F63/><W14/><G130/><T100/><D100/><U118/><E118/><V33/><F101/><W58/><G135/><T124/><D124/><U73/><E64/><V0/><F104/><W60/><G60/><T10/><D10/><U37/><REACH who="1" step="1"/><E43/><REACH who="1" ten="252,181,234,313" step="2"/><V8/><F29/><W3/><G55/><T107/><D107/><U79/><AGARI ba="0,2" hai="36,37,39,45,46,73,79,82,84,88,92,108,109,110" machi="79" ten="40,16000,3" yaku="1,1,2,1,0,1,14,1,54,1,53,3" doraHai="98" doraHaiUra="121" who="1" fromWho="1" sc="252,-40,181,180,234,-40,313,-80" owari="212,-19.0,361,47.0,194,-31.0,233,3.0" />
</Scene>
</mjloggm>