<mjloggm ver="2.3"><GO type="169"/><UN n0="%E3%81%BE%E3%81%A4%E3%82%86%E3%81%8D" n1="%E5%8F%8D%E9%99%BD%E5%AD%90%E3%81%95%E3%82%93" n2="%E5%A4%AA%E3%81%8F%E3%81%AA%E3%81%84%E3%81%8A" n3="%75%73%6B%31%31%31%35" dan="16,16,17,16" rate="2096,2121,2195,2050" sx="M,M,M,M"/><TAIKYOKU oya="0"/>

<Scene>
<INIT seed="0,0,0,2,1,90" ten="250,250,250,250" oya="0" hai0="8,2,25,96,67,97,74,57,71,108,86,76,88" hai1="113,63,40,33,73,7,66,12,30,64,19,16,135" hai2="75,35,18,0,34,45,23,20,17,4,21,79,101" hai3="11,42,37,72,38,94,62,26,92,122,100,83,124"/><T5/><D71/><U107/><E73/><V70/><F70/><W104/><G104/><T15/><D108/><U46/><E107/><V39/><F101/><W54/><G100/><T116/><D116/><U9/><E135/><V93/><F75/><W51/><G62/><T60/><D25/><U121/><E121/><V117/><F79/><W13/><G122/><T102/><D74/><U131/><E131/><V130/><F39/><W103/><G103/><T98/><D76/><U95/><E113/><V29/><F45/><W28/><G124/><T87/><D87/><U48/><E66/><V85/><F85/><W49/><G83/><T69/><D69/><U109/><E109/><V61/><F61/><W134/><G72/><T118/><D118/><U1/><E1/><V50/><F50/><W111/><G134/><T126/><D126/><U120/><E120/><V68/><F68/><W59/><G38/><T125/><D125/><U36/><E36/><V41/><F41/><W52/><G42/><T127/><D127/><U105/><E105/><V56/><F56/><N who="3" m="32783" /><G37/><T47/><D47/><U82/><E82/><V78/><F117/><W24/><G111/><T133/><D133/><U81/><E81/><V3/><F78/><W43/><G43/><T80/><D2/><U84/><E63/><V114/><F114/><W77/><G77/><T119/><D119/><U58/><E58/><V32/><F3/><W110/><G110/><T115/><D115/><U112/><E64/><V129/><F0/><W132/><G132/><T89/><D89/><N who="1" m="53671" /><E112/><V44/><F130/><W6/><G28/><RYUUKYOKU ba="0,0" sc="250,10,250,10,250,-30,250,10" hai0="5,8,15,57,60,67,80,86,88,96,97,98,102" hai1="7,9,12,16,19,30,33,40,46,48" hai3="6,11,13,24,26,51,54,59,92,94" />
</Scene>
<Scene>
<INIT seed="0,1,0,4,3,50" ten="260,260,220,260" oya="0" hai0="120,19,18,77,22,3,119,88,15,80,20,75,83" hai1="11,38,56,41,72,53,34,1,116,27,58,29,8" hai2="4,36,40,35,123,7,112,44,47,96,76,74,127" hai3="60,37,110,28,10,131,73,64,97,6,108,117,54"/><T69/><D119/><U26/><E116/><V30/><F112/><W55/><G37/><T101/><D120/><U93/><E72/><V62/><F123/><W103/><G73/><T52/><D3/><U16/><E1/><V42/><F127/><W92/><G117/><T111/><D69/><U113/><E113/><V9/><F96/><W130/><G28/><T67/><D67/><U32/><E38/><V114/><F114/><W33/><G33/><T0/><D0/><U2/><E41/><V94/><F94/><W99/><G99/><T48/><D101/><U43/><E43/><V24/><F62/><W82/><G82/><T134/><D134/><U81/><E2/><V21/><F35/><W91/><G91/><T90/><D83/><U63/><E81/><V126/><F126/><W107/><G10/><T13/><D111/><N who="3" m="42537" /><G6/><T23/><D22/><U125/><E125/><V5/><F76/><W14/><G14/><T39/><D39/><U100/><E34/><V68/><F74/><W122/><G107/><T49/><D49/><U46/><E100/><V95/><F95/><W106/><G106/><T98/><D98/><U59/><E93/><V85/><F85/><W118/><G118/><T66/><D66/><U17/><E63/><V129/><F36/><W12/><G12/><T105/><D105/><U71/><E71/><V51/><F68/><N who="3" m="41991" /><G122/><T135/><D135/><U121/><E121/><V115/><F115/><W89/><G103/><T87/><D75/><U45/><E32/><V70/><F70/><W124/><G124/><T31/><D31/><U25/><E29/><RYUUKYOKU ba="1,0" sc="260,15,260,-15,220,-15,260,15" hai0="13,15,18,19,20,23,48,52,77,80,87,88,90" hai3="54,55,89,92,97,130,131" />
</Scene>
<Scene>
<INIT seed="0,2,0,1,5,26" ten="275,245,205,275" oya="0" hai0="96,0,14,118,130,1,24,90,54,57,107,13,42" hai1="49,7,33,60,73,108,81,65,125,91,87,31,80" hai2="127,40,109,124,53,97,106,63,12,110,21,19,132" hai3="20,32,70,72,56,85,120,27,68,28,103,112,69"/><T18/><D118/><U23/><E33/><V38/><F132/><W78/><G72/><T84/><D42/><U2/><E108/><N who="2" m="41579" /><F38/><W9/><G112/><T3/><D130/><U61/><E125/><N who="2" m="48203" /><F40/><W113/><G103/><T44/><D44/><U34/><E34/><V41/><F41/><W50/><G113/><T83/><D107/><U129/><E129/><V88/><F106/><W37/><G37/><T101/><D101/><U126/><E126/><V75/><F75/><W66/><G120/><T135/><D135/><U76/><E7/><V16/><F19/><W10/><G32/><T11/><D96/><U71/><E2/><V134/><F134/><W58/><G58/><T102/><D102/><U114/><E114/><V99/><F88/><W117/><G117/><T95/><D83/><U77/><E91/><V100/><F100/><W30/><G78/><T111/><D111/><U25/><E49/><V94/><F94/><W6/><G85/><T131/><D131/><U17/><REACH who="1" step="1"/><E61/><REACH who="1" ten="275,235,205,275" step="2"/><V104/><F104/><W82/><G50/><T67/><D90/><U119/><E119/><V22/><F63/><W89/><G89/><T5/><D95/><U133/><E133/><V59/><F99/><W55/><G6/><T79/><D5/><U86/><E86/><V98/><F97/><W35/><G35/><T116/><D84/><U36/><E36/><V115/><F98/><W128/><G128/><T15/><D116/><U52/><E52/><V93/><F93/><W121/><G55/><T74/><D54/><U4/><E4/><V92/><F92/><W29/><G121/><RYUUKYOKU ba="2,1" sc="275,-10,235,30,205,-10,275,-10" hai1="17,23,25,31,60,65,71,73,76,77,80,81,87" />
</Scene>
<Scene>
<INIT seed="1,3,1,4,2,101" ten="265,265,195,265" oya="1" hai0="62,118,10,106,65,16,86,75,24,7,122,94,125" hai1="112,126,81,64,124,13,119,50,2,20,84,6,133" hai2="104,134,80,96,53,102,93,26,79,115,19,25,12" hai3="68,73,114,74,29,110,11,46,88,92,87,100,107"/><U63/><E119/><V17/><F134/><W120/><G68/><T103/><D118/><U49/><E112/><V109/><F115/><W91/><G29/><T34/><D75/><N who="3" m="28681" /><G46/><T97/><D122/><U18/><E133/><V69/><F69/><W42/><G11/><T54/><D54/><U21/><E21/><V61/><F109/><W82/><G42/><T57/><D125/><N who="1" m="48235" /><E6/><V128/><F128/><W1/><G1/><T14/><D86/><U113/><E2/><V95/><F61/><W67/><G67/><T111/><D111/><U36/><E36/><V117/><F117/><W41/><G41/><T9/><D34/><U47/><E47/><V108/><F108/><W23/><G23/><T83/><D83/><U78/><E113/><V30/><F53/><W131/><G114/><T105/><D24/><U5/><E5/><V90/><F26/><W15/><G15/><AGARI ba="3,1" hai="7,9,10,14,15,16,57,62,65,94,97,103,105,106" machi="15" ten="30,7700,0" yaku="7,1,52,2,54,1" doraHai="101" who="0" fromWho="3" sc="265,96,265,0,195,0,265,-86" />
</Scene>
<Scene>
<INIT seed="2,0,0,2,5,93" ten="361,265,195,179" oya="2" hai0="82,78,43,68,71,110,28,94,1,61,41,83,16" hai1="55,77,60,0,51,79,39,62,40,6,18,121,124" hai2="11,74,114,103,120,12,70,113,5,9,111,34,85" hai3="84,117,27,63,118,135,49,90,108,3,72,100,86"/><V24/><F74/><W13/><G72/><T22/><D1/><U131/><E124/><V31/><F70/><W66/><G3/><T92/><D28/><U4/><E131/><V106/><F120/><W81/><G108/><T88/><D110/><U50/><E121/><V134/><F111/><W29/><G135/><T8/><D8/><U59/><E39/><V91/><F134/><W119/><G49/><T105/><D105/><U109/><E109/><V47/><F47/><W10/><G86/><T107/><D107/><U14/><E0/><V65/><F65/><W89/><G100/><T99/><D78/><N who="1" m="29707" /><E40/><V21/><F34/><W48/><G48/><N who="1" m="18474" /><E62/><V73/><F73/><W46/><G90/><N who="0" m="55703" /><D71/><U38/><E38/><V98/><REACH who="2" step="1"/><F11/><AGARI ba="0,0" hai="4,6,11,14,18,55,59,60" m="18474,29707" machi="11" ten="30,1000,0" yaku="8,1" doraHai="93" who="1" fromWho="2" sc="361,0,265,10,195,-10,179,0" />
</Scene>
<Scene>
<INIT seed="3,0,0,5,5,44" ten="361,275,185,179" oya="3" hai0="81,75,35,100,26,69,126,122,83,52,92,111,40" hai1="55,27,12,47,66,134,14,135,106,71,97,4,19" hai2="73,21,51,39,33,131,94,61,36,74,123,70,101" hai3="84,107,29,17,56,118,43,18,114,130,41,0,10"/><W11/><G114/><T79/><D122/><U23/><E71/><V124/><F33/><W7/><G118/><T77/><D69/><U86/><E66/><V129/><F123/><W89/><G107/><T109/><D40/><N who="3" m="15433" /><G0/><T15/><D35/><U127/><E127/><V53/><F124/><W3/><G3/><T95/><D126/><U42/><E55/><V5/><F5/><W110/><G130/><N who="2" m="49673" /><F21/><W85/><G110/><N who="0" m="41995" /><D26/><U91/><E97/><N who="2" m="59575" /><F61/><W125/><G29/><T80/><D15/><U13/><E4/><V2/><F2/><W103/><G103/><T28/><D28/><U113/><E106/><V133/><F70/><W20/><G125/><T59/><D100/><U104/><E104/><V64/><F64/><W45/><G45/><T72/><D81/><U98/><E98/><V54/><F54/><W24/><G7/><T112/><D112/><U108/><E108/><V46/><F133/><W121/><G121/><T78/><D77/><U22/><E22/><V68/><F68/><W82/><G18/><T8/><D8/><N who="3" m="3113" /><G85/><T105/><D105/><U6/><E6/><V58/><F46/><W120/><G120/><T1/><D1/><U34/><E34/><V63/><F63/><AGARI ba="0,0" hai="52,59,63,72,75,78,79,80,83,92,95" m="41995" machi="63" ten="30,2000,0" yaku="14,1,54,1" doraHai="44" who="0" fromWho="2" sc="361,20,275,0,185,-20,179,0" />
</Scene>
<Scene>
<INIT seed="4,0,0,3,0,6" ten="381,275,165,179" oya="0" hai0="7,9,57,86,130,133,61,46,65,47,85,18,126" hai1="23,42,64,41,39,124,102,5,109,56,19,0,82" hai2="75,16,94,45,83,28,135,118,33,97,52,74,77" hai3="108,121,114,107,50,44,36,27,99,87,73,117,127"/><T66/><D126/><U101/><E109/><V59/><F135/><W128/><RYUUKYOKU type="yao9" ba="0,0" sc="381,0,275,0,165,0,179,0" hai3="27,36,44,50,73,87,99,107,108,114,117,121,127,128" />
</Scene>
<Scene>
<INIT seed="4,1,0,1,4,131" ten="381,275,165,179" oya="0" hai0="87,39,134,63,45,41,15,120,30,57,92,69,34" hai1="26,126,42,117,93,81,107,80,83,11,22,96,98" hai2="103,85,72,49,127,23,53,0,46,56,113,52,16" hai3="10,37,102,79,88,124,66,3,115,116,114,91,33"/><T112/><D120/><U75/><E117/><V17/><F72/><W8/><G116/><T74/><D74/><U61/><E126/><V18/><F0/><W29/><G37/><T86/><D69/><U84/><E42/><V65/><F127/><W55/><G124/><T104/><D104/><U50/><E75/><V125/><F125/><W70/><G79/><T135/><D112/><N who="3" m="43049" /><G102/><T129/><D129/><U21/><E107/><V13/><F113/><W99/><G55/><T101/><D34/><U132/><E50/><V38/><F65/><W95/><G91/><T24/><D30/><U94/><E61/><N who="2" m="35975" /><F38/><W90/><G90/><T71/><D71/><U12/><E84/><V31/><F103/><W130/><G3/><T7/><D24/><U60/><E60/><V110/><F110/><W73/><G73/><T97/><D7/><U123/><E123/><V62/><F85/><W1/><G1/><T108/><D15/><U44/><E26/><N who="2" m="16863" /><F62/><N who="3" m="40279" /><G130/><T128/><D128/><U109/><E109/><V68/><F68/><W20/><G33/><T4/><D108/><U27/><E27/><AGARI ba="1,0" hai="8,10,20,27,29,88,95,99" m="40279,43049" machi="27" ten="30,2000,0" yaku="15,1,54,1" doraHai="131" who="3" fromWho="1" sc="381,0,275,-23,165,0,179,23" />
</Scene>
<Scene>
<INIT seed="5,0,0,2,2,99" ten="381,252,165,202" oya="1" hai0="14,79,64,83,6,119,121,11,24,52,22,35,69" hai1="53,68,89,54,34,41,1,17,101,57,32,42,104" hai2="63,128,80,9,115,110,4,46,8,50,15,127,27" hai3="72,66,98,102,96,87,51,113,95,94,55,97,90"/><U61/><E1/><V0/><F110/><W30/><G113/><T36/><D119/><U82/><E68/><V92/><F128/><W3/><G3/><T60/><D35/><U132/><E132/><V49/><F127/><W76/><G66/><T44/><D121/><U81/><E17/><V123/><F123/><W12/><G30/><T93/><D93/><U33/><E54/><V112/><F80/><W129/><G129/><T86/><D36/><U122/><E122/><V105/><F105/><W62/><G62/><T10/><D11/><U116/><E116/><V71/><F27/><W135/><G135/><T70/><D44/><U58/><E58/><V59/><F71/><W45/><G72/><T131/><D131/><U48/><E61/><V31/><F31/><W133/><G133/><T40/><D40/><U100/><E104/><V5/><F92/><W124/><G124/><T20/><D22/><U65/><E65/><V84/><F84/><W43/><G76/><T134/><D134/><U125/><E125/><V107/><F107/><W37/><REACH who="3" step="1"/><G12/><REACH who="3" ten="381,252,165,192" step="2"/><T18/><D64/><U29/><E29/><V75/><F75/><W130/><G130/><T39/><D79/><U13/><E13/><V109/><F109/><W117/><G117/><T2/><D2/><U91/><E42/><V38/><F63/><W19/><G19/><T26/><D18/><U78/><E41/><N who="2" m="24783" /><F38/><W28/><G28/><T106/><D39/><U23/><E78/><V47/><F0/><W25/><G25/><T74/><D60/><U67/><E67/><V77/><F77/><W88/><G88/><RYUUKYOKU ba="0,1" sc="381,-10,252,-10,165,-10,192,30" hai3="37,43,45,51,55,87,90,94,95,96,97,98,102" />
</Scene>
<Scene>
<INIT seed="6,1,1,3,0,36" ten="371,242,155,222" oya="2" hai0="79,21,24,83,92,64,53,131,72,9,126,15,39" hai1="55,65,38,107,19,49,117,33,20,34,54,121,94" hai2="118,80,23,78,88,85,47,17,86,26,68,42,119" hai3="48,89,59,97,105,96,133,104,37,90,129,52,73"/><V22/><F68/><W124/><G73/><T1/><D1/><U84/><E117/><V10/><F10/><W28/><G37/><T11/><D39/><U98/><E38/><V5/><F5/><W87/><G124/><T70/><D126/><U61/><E121/><V30/><F47/><W77/><G133/><T108/><D108/><U46/><E107/><V40/><F119/><W2/><G2/><T115/><D131/><U45/><E84/><V8/><F8/><W135/><G135/><T130/><D130/><U60/><E55/><V18/><F118/><W3/><G3/><T57/><D70/><U41/><E46/><V31/><F31/><W120/><G120/><T44/><D44/><U71/><E54/><V13/><F30/><W66/><G28/><T50/><D64/><U0/><E61/><V100/><F100/><W12/><G129/><T95/><D9/><U111/><E0/><V109/><F109/><W76/><G66/><T123/><D123/><U106/><E106/><N who="3" m="41066" /><G12/><T62/><D62/><U101/><REACH who="1" step="1"/><E111/><REACH who="1" ten="371,232,155,222" step="2"/><V16/><F18/><W63/><G63/><T132/><D132/><U127/><E127/><V67/><F67/><W116/><G116/><T32/><D53/><U4/><E4/><V74/><F74/><W58/><G52/><T81/><D72/><U75/><E75/><V82/><AGARI ba="1,2" hai="13,16,17,22,23,26,40,42,78,80,82,85,86,88" machi="82" ten="20,18000,2" yaku="0,1,7,1,8,1,52,2,54,2" doraHai="36" who="2" fromWho="2" sc="371,-61,232,-61,155,203,222,-61" />
</Scene>
<Scene>
<INIT seed="6,2,0,3,3,7" ten="310,171,358,161" oya="2" hai0="80,73,115,104,108,97,133,3,87,61,26,90,39" hai1="0,66,43,54,112,120,131,32,84,89,94,82,119" hai2="36,125,52,37,86,55,30,76,96,79,27,29,128" hai3="25,44,58,40,53,88,49,23,121,134,101,12,15"/><V10/><F128/><W6/><G121/><T2/><D39/><U72/><E120/><V114/><F114/><W11/><G134/><T75/><D108/><U17/><E119/><V59/><F125/><W103/><G15/><T107/><D133/><U67/><E32/><V85/><F96/><W95/><G23/><T45/><D115/><U132/><E0/><V16/><F27/><W14/><G14/><T60/><D45/><U127/><E112/><V46/><F46/><W126/><G25/><T62/><D26/><U69/><E132/><V110/><F59/><W113/><G126/><T106/><REACH who="0" step="1"/><D97/><REACH who="0" ten="300,171,358,161" step="2"/><U93/><E127/><V81/><F110/><W63/><G113/><T35/><D35/><U1/><E131/><V13/><F37/><W34/><G34/><T9/><D9/><U65/><E69/><V102/><F36/><W47/><G47/><T48/><D48/><U19/><E43/><V21/><F10/><W31/><G31/><N who="2" m="11785" /><F102/><W50/><G49/><T22/><D22/><U4/><E1/><AGARI ba="2,1" hai="1,2,3,60,61,62,73,75,80,87,90,104,106,107" machi="1" ten="50,1600,0" yaku="1,1,53,0" doraHai="7" doraHaiUra="41" who="0" fromWho="1" sc="300,32,171,-22,358,0,161,0" />
</Scene>
<Scene>
<INIT seed="7,0,0,3,4,29" ten="332,149,358,161" oya="3" hai0="56,78,60,50,14,41,113,68,107,19,37,130,112" hai1="91,22,16,98,88,27,5,25,89,8,114,0,126" hai2="86,72,69,57,121,134,66,76,133,97,11,33,34" hai3="52,10,77,48,123,55,119,61,125,38,36,26,30"/><W120/><G119/><T32/><D107/><U93/><E126/><V71/><F121/><W101/><G101/><T79/><D37/><U35/><E114/><N who="0" m="44137" /><D68/><N who="2" m="26186" /><F72/><W129/><G77/><N who="0" m="29195" /><D50/><U17/><REACH who="1" step="1"/><E16/><REACH who="1" ten="332,139,358,161" step="2"/><V82/><F11/><W6/><G125/><T132/><D41/><U103/><E103/><V23/><F134/><W28/><G129/><T46/><D130/><U128/><E128/><V15/><F133/><W12/><G123/><T47/><D132/><U116/><E116/><V45/><F76/><W96/><G120/><T24/><D24/><U109/><E109/><V58/><F66/><W31/><G96/><T39/><D32/><U75/><E75/><V73/><F34/><W65/><G26/><T94/><D94/><U7/><E7/><V44/><F33/><W90/><G90/><T3/><D3/><U67/><E67/><V100/><F73/><W95/><G95/><T84/><D84/><U42/><E42/><V54/><F86/><W62/><G65/><N who="0" m="39047" /><D39/><U99/><E99/><V115/><F97/><W104/><G104/><T64/><D64/><U105/><E105/><V70/><F115/><W122/><G122/><T4/><D4/><U80/><E80/><V135/><F82/><W43/><G36/><T83/><D83/><U63/><E63/><N who="3" m="24074" /><G38/><T1/><D1/><U18/><E18/><V102/><F135/><W117/><G117/><T87/><D87/><U13/><E13/><V74/><F74/><W124/><G124/><T111/><D111/><U21/><E21/><AGARI ba="0,1" hai="14,19,21,46,47" m="39047,29195,44137" machi="21" ten="30,2000,0" yaku="15,1,11,1" doraHai="29" who="0" fromWho="1" sc="332,30,139,-20,358,0,161,0" owari="362,46.0,119,-38.0,358,16.0,161,-24.0" />
</Scene>
</mjloggm>