<mjloggm ver="2.3"><GO type="41"/><UN n0="%E4%BF%8A%E6%95%8F%E5%B7%AE%E3%81%97" n1="%E3%81%AF%E3%81%90%E3%82%8C%E3%83%9F%E3%83%B3%E3%83%88" n2="%6B%75%2D%6E%69" n3="%E5%A4%AA%E3%81%8F%E3%81%AA%E3%81%84%E3%81%8A" dan="13,15,15,15" rate="1888,2070,1964,2045" sx="M,F,M,M"/><TAIKYOKU oya="0"/>

<Scene>
<INIT seed="0,0,0,1,0,55" ten="250,250,250,250" oya="0" hai0="78,1,102,105,94,38,20,61,13,106,0,22,35" hai1="91,7,59,110,114,52,85,79,16,54,73,135,45" hai2="43,27,89,21,75,132,12,88,119,126,86,120,67" hai3="108,117,122,40,82,10,66,3,14,72,53,84,64"/><T34/><D38/><U41/><E110/><V28/><F120/><W49/><G117/><T116/><D116/><U56/><E7/><V115/><F119/><W121/><G72/><T118/><D118/><U2/><E2/><V130/><F115/><W131/><G3/><T70/><D78/><U18/><E114/><V47/><F75/><W71/><G40/><T77/><D77/><U26/><E73/><V39/><F132/><W95/><G95/><T29/><D94/><N who="1" m="54639" /><E79/><V30/><F126/><W33/><G33/><T6/><D102/><U125/><E125/><V50/><F130/><W23/><G23/><T81/><D81/><U107/><E107/><V113/><F113/><W60/><G64/><T99/><D99/><U4/><E4/><V80/><F67/><W62/><G62/><T51/><D51/><N who="1" m="27055" /><E135/><V76/><F12/><W128/><G108/><T48/><D48/><N who="1" m="30727" /><E26/><V24/><REACH who="2" step="1"/><F39/><REACH who="2" ten="250,250,240,250" step="2"/><W98/><G131/><T37/><D37/><U8/><E8/><V36/><F36/><W11/><G11/><T74/><D0/><U19/><E19/><V104/><F104/><W58/><G128/><T97/><D1/><U15/><E15/><V129/><F129/><W32/><G14/><T57/><D13/><U96/><E96/><V65/><F65/><W63/><G98/><T133/><D97/><U124/><E124/><V87/><F87/><W100/><G84/><T69/><D74/><U112/><E112/><V25/><F25/><W90/><G121/><T44/><D133/><U5/><E5/><V46/><F46/><W9/><G122/><T101/><D44/><RYUUKYOKU ba="0,1" sc="250,-15,250,15,240,15,250,-15" hai1="16,18,54,59" hai2="21,24,27,28,30,43,47,50,76,80,86,88,89" />
</Scene>
<Scene>
<INIT seed="1,1,1,0,4,44" ten="235,265,255,235" oya="1" hai0="7,34,70,101,20,88,84,105,39,126,117,79,98" hai1="32,30,133,81,53,19,125,11,89,112,9,27,103" hai2="47,119,59,6,121,113,99,73,10,21,131,49,55" hai3="40,77,63,96,114,90,127,23,122,110,132,14,80"/><U74/><E112/><V82/><F119/><W8/><G114/><T130/><D117/><U120/><E120/><V38/><F113/><W52/><G122/><T56/><D70/><U24/><E133/><V134/><F121/><W28/><G40/><T51/><D130/><U2/><E125/><V31/><F131/><W64/><G110/><T62/><D126/><U118/><E118/><V100/><F134/><W3/><G3/><T37/><D34/><U15/><E103/><V76/><F38/><W86/><G132/><T108/><D108/><U5/><E74/><V93/><F31/><W67/><G127/><T87/><D51/><U135/><E135/><V85/><F21/><W68/><G67/><T92/><D20/><N who="1" m="13343" /><E53/><V94/><F47/><W50/><G28/><T33/><D7/><N who="1" m="3583" /><E89/><V111/><F111/><W104/><G23/><T95/><D33/><U46/><E81/><V17/><F17/><W43/><G104/><T109/><D109/><U4/><E46/><V57/><F59/><W83/><G83/><T66/><D79/><U65/><E65/><V129/><F129/><W13/><G43/><T60/><D60/><U58/><E58/><V35/><F35/><W45/><REACH who="3" step="1"/><G8/><REACH who="3" ten="235,265,255,225" step="2"/><T36/><D36/><U1/><E5/><V97/><F10/><W75/><G75/><T18/><D18/><U61/><E61/><V115/><F6/><W106/><G106/><T48/><D39/><U69/><E69/><V29/><F29/><W71/><G71/><T0/><D37/><U91/><E91/><N who="2" m="53487" /><F115/><W16/><G16/><T102/><D0/><AGARI ba="1,2" hai="0,1,2,4,9,27,30,32" m="3583,13343" machi="0" ten="30,12000,1" yaku="35,5" doraHai="44" who="1" fromWho="0" sc="235,-123,265,143,255,0,225,0" />
</Scene>
<Scene>
<INIT seed="1,2,0,5,0,64" ten="112,408,255,225" oya="1" hai0="120,16,130,135,11,23,52,116,122,90,41,123,98" hai1="87,132,35,63,24,86,40,12,106,13,62,65,19" hai2="125,104,133,94,124,0,33,56,99,31,108,22,89" hai3="128,110,119,9,88,55,93,36,115,47,50,118,83"/><U38/><E106/><V7/><F33/><W21/><G115/><T79/><D116/><N who="3" m="44585" /><G110/><T71/><D41/><U17/><E132/><V80/><F108/><W72/><G128/><T43/><D43/><U26/><E35/><V5/><F133/><W4/><G36/><T127/><D11/><U44/><E63/><V42/><F42/><W111/><G111/><T14/><D135/><U109/><E109/><V77/><F0/><N who="3" m="135" /><G21/><T102/><D130/><U84/><E13/><V39/><F104/><W66/><G66/><T82/><D90/><U107/><E107/><V59/><F39/><W58/><G72/><N who="0" m="43367" /><D127/><N who="2" m="48714" /><F22/><W73/><G73/><T1/><D1/><U15/><E15/><V81/><F31/><W103/><G83/><N who="2" m="31817" /><F77/><W74/><G74/><T131/><D131/><U76/><E76/><V101/><F101/><W126/><G103/><T45/><D102/><U3/><E3/><V28/><F28/><W85/><G126/><T48/><D98/><U32/><E32/><V112/><F112/><W113/><G113/><T18/><D18/><U46/><E44/><AGARI ba="2,0" hai="44,47,50,55,58,85,88,93" m="135,44585" machi="44" ten="30,2000,0" yaku="12,1,54,1" doraHai="64" who="3" fromWho="1" sc="112,0,408,-26,255,0,225,26" />
</Scene>
<Scene>
<INIT seed="2,0,0,5,2,81" ten="112,382,255,251" oya="2" hai0="111,103,9,50,77,106,21,54,134,94,3,102,44" hai1="27,24,52,68,26,15,12,80,132,63,36,30,57" hai2="78,129,117,8,46,37,45,53,6,87,22,98,89" hai3="48,13,97,34,66,29,82,7,104,28,55,113,125"/><V92/><F117/><W33/><G66/><T90/><D111/><U18/><E68/><V10/><F129/><W99/><G125/><T11/><D134/><U64/><E132/><V114/><F114/><W85/><G113/><T49/><D106/><U47/><E30/><V86/><F37/><W56/><G34/><T105/><D105/><U109/><E109/><V32/><F32/><W71/><G71/><T108/><D108/><U17/><E80/><V61/><F78/><W91/><G33/><T110/><D110/><U2/><E2/><V62/><F62/><W83/><G104/><T133/><D133/><U58/><E36/><V88/><F22/><W130/><G130/><T128/><D128/><U118/><E47/><N who="2" m="17931" /><F6/><W120/><G120/><T79/><D3/><U5/><E118/><V40/><F40/><W31/><REACH who="3" step="1"/><G83/><REACH who="3" ten="112,382,255,241" step="2"/><T121/><D121/><U124/><E124/><V1/><F1/><W70/><G70/><T14/><D49/><N who="1" m="30863" /><E5/><V39/><F39/><W67/><G67/><T95/><D103/><U107/><E107/><V69/><F69/><W74/><G74/><T41/><D102/><U59/><E59/><N who="2" m="35055" /><F98/><W76/><G76/><N who="0" m="29259" /><D41/><U43/><E43/><V42/><F42/><W16/><G16/><AGARI ba="0,1" hai="12,15,16,17,18,24,26,27,58,63,64" m="30863" machi="16" ten="30,3900,0" yaku="8,1,54,2" doraHai="81" who="1" fromWho="3" sc="112,0,382,49,255,0,241,-39" />
</Scene>
<Scene>
<INIT seed="3,0,0,0,3,8" ten="112,431,255,202" oya="3" hai0="122,130,78,32,28,41,96,58,132,31,61,7,79" hai1="43,23,88,67,47,50,35,89,70,85,64,124,91" hai2="112,21,97,49,10,83,45,101,25,20,36,30,37" hai3="84,29,13,102,19,94,74,0,18,27,69,75,22"/><W105/><G69/><T127/><D122/><U110/><E35/><V63/><F112/><W34/><G0/><T129/><D41/><U65/><E110/><V131/><F131/><N who="0" m="50186" /><D96/><U57/><E124/><V107/><F83/><W118/><G118/><T46/><D46/><U108/><E108/><V71/><F21/><W6/><G6/><T104/><D104/><U128/><E128/><V115/><F115/><W5/><G5/><T86/><D7/><U72/><E72/><V15/><F63/><W119/><G119/><T44/><D44/><U134/><E134/><V90/><F71/><W109/><G109/><T77/><D132/><U40/><E70/><V68/><F68/><W38/><G38/><T3/><D3/><U106/><E106/><V73/><F90/><N who="1" m="34921" /><E23/><V98/><F98/><W111/><G111/><T120/><D127/><U103/><E103/><V60/><F73/><W93/><G105/><T39/><D39/><U116/><E116/><V56/><F56/><W125/><G125/><T76/><D120/><U99/><E99/><V54/><REACH who="2" step="1"/><F60/><REACH who="2" ten="112,431,245,202" step="2"/><W82/><G74/><T121/><D121/><U114/><E114/><V33/><F33/><W133/><G75/><T113/><D32/><U53/><E57/><V55/><F55/><W17/><G133/><T12/><D113/><U123/><E123/><V87/><F87/><W4/><G102/><T59/><D86/><U100/><E100/><V16/><AGARI ba="0,1" hai="10,15,16,20,25,30,36,37,45,49,54,97,101,107" machi="16" ten="20,12000,2" yaku="1,1,0,1,7,1,52,1,54,1,53,1" doraHai="8" doraHaiUra="51" who="2" fromWho="2" sc="112,-30,431,-30,245,130,202,-60" />
</Scene>
<Scene>
<INIT seed="4,0,0,3,5,123" ten="82,401,375,142" oya="0" hai0="47,31,120,8,56,105,69,44,93,0,99,38,115" hai1="107,113,86,126,64,104,112,79,36,39,57,124,100" hai2="13,96,68,21,25,11,66,119,4,111,12,24,14" hai3="117,30,43,2,15,85,16,67,9,114,46,40,116"/><T33/><D120/><U42/><E79/><V41/><F41/><W130/><G114/><N who="1" m="44138" /><E86/><V125/><F68/><W59/><G130/><T51/><D115/><U49/><E64/><V29/><F96/><W28/><G2/><T95/><D105/><N who="1" m="40523" /><E100/><V65/><F111/><W26/><G85/><T61/><D69/><U110/><E110/><V91/><F91/><W134/><G40/><N who="0" m="24967" /><D31/><U70/><E70/><V127/><F119/><W45/><G30/><T77/><D33/><U75/><E75/><V106/><F106/><W37/><G46/><T80/><D38/><N who="1" m="14379" /><E42/><V23/><F66/><W109/><G109/><T35/><D35/><U58/><E49/><V3/><F65/><W32/><REACH who="3" step="1"/><G134/><REACH who="3" ten="82,401,375,132" step="2"/><T87/><D0/><U6/><E6/><V88/><F88/><W82/><G82/><T101/><D47/><U20/><E20/><V73/><F73/><W108/><G108/><T94/><D8/><U98/><E98/><V83/><F83/><W52/><G52/><AGARI ba="0,1" hai="52,56,61,77,80,87,93,94,95,99,101" m="24967" machi="52" ten="30,2900,0" yaku="8,1,54,1" doraHai="123" who="0" fromWho="3" sc="82,39,401,0,375,0,132,-29" />
</Scene>
<Scene>
<INIT seed="4,1,0,1,5,23" ten="121,401,375,103" oya="0" hai0="99,29,114,21,110,41,134,65,14,87,54,105,84" hai1="6,24,80,19,115,46,130,94,47,71,17,124,57" hai2="67,63,2,88,5,30,109,59,12,118,39,122,78" hai3="90,123,32,117,97,31,79,129,60,10,68,34,101"/><T11/><D114/><U112/><E71/><V89/><F109/><W135/><G117/><T55/><D110/><U82/><E124/><V127/><F122/><W103/><G79/><T131/><D134/><U62/><E130/><V44/><F2/><W73/><G73/><T86/><D131/><U22/><E6/><V119/><F127/><W85/><G135/><T16/><D65/><N who="1" m="39119" /><E19/><V61/><F30/><W133/><G133/><T66/><D66/><U128/><E128/><V72/><F72/><W40/><G40/><T93/><D105/><U108/><E108/><V104/><F104/><W126/><G126/><T106/><D41/><U77/><E94/><V69/><F78/><W13/><G123/><T64/><D64/><U43/><E43/><V120/><F120/><W74/><G74/><T27/><D106/><U18/><E18/><V50/><F39/><W107/><G68/><T42/><D42/><U0/><E0/><V48/><F48/><W102/><G60/><T51/><REACH who="0" step="1"/><D51/><REACH who="0" ten="111,401,375,103" step="2"/><U81/><E115/><V91/><F50/><W121/><G129/><T45/><D45/><N who="1" m="16907" /><E112/><V56/><F44/><W7/><G121/><T37/><D37/><U113/><E113/><V9/><REACH who="2" step="1"/><F63/><REACH who="2" ten="111,401,365,103" step="2"/><W92/><REACH who="3" step="1"/><G32/><REACH who="3" ten="111,401,365,93" step="2"/><T1/><D1/><U49/><E49/><V4/><F4/><W58/><G58/><AGARI ba="1,3" hai="5,9,12,56,58,59,61,67,69,88,89,91,118,119" machi="58" ten="40,2600,0" yaku="1,1,54,1,53,0" doraHai="23" doraHaiUra="26" who="2" fromWho="3" sc="111,0,401,0,365,59,93,-29" />
</Scene>
<Scene>
<INIT seed="5,0,0,0,5,126" ten="111,401,424,64" oya="1" hai0="42,48,18,104,26,33,23,46,21,76,91,24,8" hai1="55,30,90,105,38,68,97,78,16,93,10,95,70" hai2="47,63,53,99,56,62,103,12,125,82,64,109,13" hai3="7,87,54,22,112,77,106,84,29,123,132,61,36"/><U52/><E38/><V25/><F109/><W74/><G106/><T79/><D104/><U113/><E105/><V35/><F125/><W101/><G36/><T128/><D33/><U92/><E78/><V121/><F121/><W3/><G101/><T1/><D128/><U60/><E113/><V130/><F130/><W81/><G123/><T59/><D1/><U115/><E115/><V34/><F34/><W51/><G132/><T111/><D111/><U44/><E30/><V71/><F82/><W108/><G108/><T37/><D8/><U41/><E41/><V45/><F47/><W9/><G61/><T116/><D116/><U131/><E131/><V94/><REACH who="2" step="1"/><F45/><REACH who="2" ten="111,401,414,64" step="2"/><W110/><G112/><T122/><D122/><U31/><E44/><V28/><AGARI ba="0,1" hai="12,13,25,28,35,53,56,62,63,64,71,94,99,103" machi="28" ten="30,4000,0" yaku="1,1,2,1,0,1,53,0" doraHai="126" doraHaiUra="124" who="2" fromWho="2" sc="111,-10,401,-20,414,50,64,-10" />
</Scene>
<Scene>
<INIT seed="6,0,0,5,4,67" ten="101,381,464,54" oya="2" hai0="89,22,2,129,86,17,38,71,14,61,60,75,54" hai1="79,127,112,104,87,37,113,120,116,53,42,10,74" hai2="64,82,77,34,135,52,95,21,102,16,70,26,84" hai3="12,29,98,115,134,65,68,19,80,1,130,50,48"/><V27/><F70/><W123/><G123/><T20/><D2/><U96/><E116/><V106/><F106/><W41/><G1/><T46/><D129/><U117/><E117/><V45/><F64/><W40/><G130/><T44/><D75/><U88/><E127/><V69/><F69/><W49/><G134/><T59/><D38/><U32/><E32/><V55/><F135/><W15/><G29/><T128/><D128/><U8/><E120/><V9/><F34/><W31/><G31/><T124/><D124/><U11/><E53/><N who="2" m="20555" /><F9/><W126/><G126/><T92/><D71/><U23/><E23/><V47/><F26/><W83/><G115/><N who="1" m="44106" /><E79/><V28/><F28/><W56/><G68/><T94/><D61/><U118/><E74/><V36/><F36/><W85/><G98/><AGARI ba="0,0" hai="16,21,27,45,47,77,82,84,95,98,102" m="20555" machi="98" ten="30,5800,0" yaku="8,1,54,2" doraHai="67" who="2" fromWho="3" sc="101,0,381,0,464,58,54,-58" owari="101,-30.0,381,18.0,522,62.0,-4,-50.0" />
</Scene>
</mjloggm>