<mjloggm ver="2.3"><GO type="97"/><UN n0="%E3%82%84%E3%81%8D%E3%81%AB%E3%81%8F" n1="%E6%97%A5%E5%A5%88%E6%A3%AE%E3%81%82%E3%82%80" n2="%E5%A4%AA%E3%81%8F%E3%81%AA%E3%81%84%E3%81%8A" n3="%E3%82%B9%E3%82%AF%E3%83%A9%E3%83%A0%E8%A6%81%E5%93%A1" dan="13,15,15,14" rate="1805,2008,2069,1952" sx="M,F,M,M"/><TAIKYOKU oya="0"/>

<Scene>
<INIT seed="0,0,0,2,5,76" ten="250,250,250,250" oya="0" hai0="57,6,123,23,120,89,63,33,117,20,2,116,71" hai1="72,79,59,111,113,17,68,82,94,127,62,100,87" hai2="44,134,8,25,105,18,132,16,12,124,3,128,115" hai3="86,88,36,61,45,22,65,30,67,42,28,122,83"/><T0/><D33/><U130/><E68/><V78/><F105/><W95/><G122/><T60/><D71/><U102/><E111/><V121/><F121/><W103/><G67/><T29/><D89/><U73/><E113/><V54/><F115/><W118/><G118/><T109/><D57/><U5/><E127/><V53/><F124/><W108/><G108/><T55/><D55/><U66/><E130/><V35/><F128/><W27/><G103/><T51/><D51/><U77/><E5/><N who="2" m="1087" /><F78/><W119/><G119/><T11/><D63/><U129/><E129/><V9/><F44/><W93/><G28/><T125/><D60/><U106/><E106/><V48/><F48/><W81/><G95/><T15/><D109/><U104/><E104/><V75/><F75/><W52/><G52/><N who="2" m="20073" /><F35/><W70/><AGARI ba="0,0" hai="22,27,30,36,42,45,61,65,70,81,83,86,88,93" machi="70" ten="20,8000,1" yaku="0,1,7,1,52,2,54,1" doraHai="76" who="3" fromWho="3" sc="250,-40,250,-20,250,-20,250,80" />
</Scene>
<Scene>
<INIT seed="1,0,0,5,0,24" ten="210,230,230,330" oya="1" hai0="43,91,80,4,115,7,12,50,124,93,54,99,31" hai1="133,61,33,15,55,89,121,68,28,125,34,90,126" hai2="36,81,57,109,45,5,66,95,76,118,14,49,2" hai3="127,134,42,9,96,75,35,72,88,113,47,53,92"/><U135/><E121/><V79/><F118/><W65/><G113/><T39/><D39/><U56/><E68/><V51/><F2/><W60/><G127/><N who="1" m="48650" /><E15/><V18/><F109/><W21/><G134/><N who="1" m="51210" /><E28/><V1/><F1/><W114/><G35/><AGARI ba="0,0" hai="33,34,35,55,56,61,89,90" m="51210,48650" machi="35" ten="40,3900,0" yaku="18,1,20,1" doraHai="24" who="1" fromWho="3" sc="210,0,230,39,230,0,330,-39" />
</Scene>
<Scene>
<INIT seed="1,1,0,2,4,15" ten="210,269,230,291" oya="1" hai0="8,97,120,94,17,115,55,39,21,37,84,3,124" hai1="90,99,47,14,46,83,13,48,74,65,127,24,93" hai2="22,34,119,45,101,95,126,128,60,51,89,44,134" hai3="125,110,38,132,130,88,59,54,80,11,57,7,96"/><U77/><E127/><V25/><F119/><W72/><G38/><T0/><D39/><U82/><E65/><V16/><F34/><W50/><G125/><T33/><D124/><U102/><E46/><V86/><F126/><W19/><G110/><T133/><D115/><U9/><E24/><V76/><F128/><W53/><G130/><T111/><D37/><U28/><E28/><V100/><F134/><W35/><G35/><T29/><D55/><U61/><E61/><V92/><F76/><W106/><G132/><T12/><D84/><U30/><E30/><V63/><F45/><W85/><G72/><T62/><D133/><U26/><E26/><V114/><F114/><W18/><G96/><T78/><D78/><U112/><E112/><V70/><F70/><W56/><G106/><T41/><D41/><U87/><REACH who="1" step="1"/><E9/><REACH who="1" ten="210,259,230,291" step="2"/><V109/><F63/><W105/><G105/><T1/><D62/><U66/><E66/><V81/><F60/><W129/><G129/><T27/><D120/><U10/><E10/><V6/><F44/><W23/><G23/><T135/><D135/><U58/><E58/><V67/><F67/><W32/><G32/><T108/><D33/><U131/><E131/><V123/><F22/><W31/><G31/><T68/><D68/><U75/><E75/><V79/><F25/><W73/><G73/><T107/><D107/><U98/><E98/><V43/><F123/><W4/><G11/><T69/><D69/><U104/><E104/><V20/><F20/><W121/><G121/><T40/><D40/><AGARI ba="1,1" hai="13,14,40,47,48,74,77,82,83,87,90,93,99,102" machi="40" ten="30,2900,0" yaku="1,1,7,1,53,0" doraHai="15" doraHaiUra="5" who="1" fromWho="0" sc="210,-32,259,42,230,0,291,0" />
</Scene>
<Scene>
<INIT seed="1,2,0,0,4,130" ten="178,301,230,291" oya="1" hai0="70,62,131,2,15,8,116,7,57,4,121,125,13" hai1="129,0,87,123,79,89,133,83,34,75,48,45,122" hai2="17,51,74,101,86,105,114,112,60,68,113,1,81" hai3="102,58,126,64,108,36,31,78,127,120,124,118,76"/><U42/><E0/><V69/><F1/><W56/><G36/><T65/><D70/><U111/><E34/><V11/><F74/><W27/><G120/><T96/><D131/><U49/><E129/><V84/><F51/><W72/><G72/><T134/><D121/><U43/><E111/><V106/><F101/><W29/><G108/><T12/><D116/><U135/><E122/><V44/><F44/><W14/><G118/><T128/><D128/><U103/><E103/><V6/><F17/><W115/><G115/><T32/><D32/><U80/><E123/><V94/><F94/><W54/><G102/><T93/><D125/><U63/><E63/><V53/><F53/><W39/><G39/><T67/><D67/><U25/><E25/><V37/><F37/><W77/><G64/><T119/><D119/><U30/><E30/><V33/><F33/><W9/><G27/><T92/><D2/><U85/><E75/><V95/><F95/><N who="0" m="36426" /><D96/><U104/><E104/><V110/><F110/><W16/><REACH who="3" step="1"/><G58/><REACH who="3" ten="178,301,230,281" step="2"/><T24/><D24/><U132/><E48/><AGARI ba="2,1" hai="9,14,16,29,31,48,54,56,76,77,78,124,126,127" machi="48" ten="50,8000,1" yaku="1,1,2,1,18,1,54,1,53,0" doraHai="130" doraHaiUra="71" who="3" fromWho="1" sc="178,0,301,-86,230,0,281,96" />
</Scene>
<Scene>
<INIT seed="2,0,0,0,2,125" ten="178,215,230,377" oya="2" hai0="67,4,97,62,23,77,5,56,81,95,51,49,124" hai1="0,57,110,90,3,121,25,79,113,131,37,111,45" hai2="55,128,76,108,48,17,58,36,20,73,15,100,38" hai3="21,123,129,89,29,9,60,75,7,103,13,31,98"/><V10/><F108/><W2/><G75/><T19/><D124/><U93/><E113/><V106/><F128/><W71/><G123/><T80/><D80/><U99/><E121/><V107/><F100/><W40/><G89/><T42/><D81/><U8/><E79/><V117/><F117/><W105/><G129/><T127/><D77/><U39/><E25/><V91/><F91/><W59/><G71/><T64/><D127/><U115/><E115/><V35/><F35/><W12/><G40/><T70/><D70/><U116/><E116/><V85/><F73/><W18/><G2/><N who="1" m="554" /><E8/><V28/><F76/><W120/><G120/><T87/><D64/><AGARI ba="0,0" hai="7,9,12,13,18,21,29,31,59,60,64,98,103,105" machi="64" ten="30,1000,0" yaku="7,1" doraHai="125" who="3" fromWho="0" sc="178,-10,215,0,230,0,377,10" />
</Scene>
<Scene>
<INIT seed="3,0,0,2,3,118" ten="168,215,230,387" oya="3" hai0="1,9,32,82,87,135,11,130,100,8,64,62,71" hai1="125,43,39,40,56,12,88,21,97,13,35,14,44" hai2="102,30,116,126,99,2,29,86,16,69,78,85,5" hai3="75,38,31,67,123,132,28,25,61,91,51,52,105"/><W36/><G75/><T50/><D1/><U17/><E35/><V93/><F116/><W77/><G77/><T92/><D32/><U81/><E125/><V79/><F69/><W115/><G105/><T20/><D135/><U113/><E113/><V15/><F126/><W19/><G115/><T84/><D130/><U4/><E4/><V120/><F120/><W47/><G123/><T114/><D114/><U48/><E40/><V45/><F45/><W121/><G121/><T49/><D20/><U53/><E97/><V108/><F108/><W74/><G74/><T57/><D71/><U117/><E117/><V104/><F5/><W80/><G132/><T66/><D66/><U33/><E33/><V122/><F2/><W127/><G127/><T27/><D27/><U131/><E131/><V65/><F65/><W63/><G38/><T76/><REACH who="0" step="1"/><D100/><REACH who="0" ten="158,215,230,387" step="2"/><U18/><E21/><V23/><F122/><W128/><G67/><T37/><D37/><U95/><E39/><V46/><F102/><W68/><G36/><T59/><D59/><U98/><E56/><V103/><F103/><W110/><G68/><T101/><D101/><U60/><E44/><V22/><F46/><W42/><G47/><T107/><D107/><U24/><E24/><V72/><F104/><W34/><G25/><T55/><D55/><U41/><E53/><V3/><F3/><W134/><G52/><T0/><D0/><U109/><E43/><V124/><F124/><W58/><G42/><T10/><N who="0" m="2560" /><DORA hai="96" /><T7/><D7/><U129/><E41/><V73/><F23/><W94/><G128/><RYUUKYOKU ba="0,1" sc="158,30,215,-10,230,-10,387,-10" hai0="49,50,57,62,64,76,82,84,87,92" owari="188,-31.0,205,-19.0,220,2.0,387,48.0" />
</Scene>
</mjloggm>