<mjloggm ver="2.3"><GO type="169"/><UN n0="%E5%A4%AA%E3%81%8F%E3%81%AA%E3%81%84%E3%81%8A" n1="%E5%94%90%E6%8F%9A%E5%A4%A7%E5%A5%BD%E3%81%8D" n2="%E7%A5%9E%E7%AE%97%E9%AC%BC%E8%AC%80%E3%81%AE%E6%A5%B5%E3%81%BF" n3="%E3%82%86%E3%82%86" dan="18,17,16,16" rate="2155,2182,2087,2082" sx="M,M,M,M"/><TAIKYOKU oya="0"/>

<Scene>
<INIT seed="0,0,0,0,4,84" ten="250,250,250,250" oya="0" hai0="32,35,44,33,37,74,106,42,9,120,110,63,73" hai1="123,68,100,105,47,104,24,115,122,6,58,111,132" hai2="113,127,48,60,45,53,28,41,36,18,126,125,39" hai3="61,108,130,20,121,77,10,124,75,51,57,31,19"/><T67/><D120/><U0/><E58/><N who="2" m="34895" /><F28/><W87/><G75/><T83/><D106/><U59/><E59/><V116/><F18/><W50/><G121/><T86/><D110/><U135/><E111/><V88/><F116/><W11/><G108/><T16/><D9/><N who="3" m="3081" /><G31/><T85/><D16/><U30/><E6/><V134/><F113/><W3/><G3/><T79/><REACH who="0" step="1"/><D74/><REACH who="0" ten="240,250,250,250" step="2"/><U40/><E104/><V81/><F134/><N who="1" m="51241" /><E105/><V103/><F103/><W64/><G130/><T102/><D102/><U119/><E100/><V34/><F34/><W49/><G124/><T96/><D96/><U4/><E123/><V92/><F81/><N who="3" m="47535" /><G19/><T8/><D8/><U133/><E122/><V107/><F107/><W117/><G117/><T5/><D5/><U2/><E119/><V97/><AGARI ba="0,1" hai="36,39,41,45,48,88,92,97,125,126,127" m="34895" machi="97" ten="30,4000,0" yaku="18,1,52,1,54,1" doraHai="84" who="2" fromWho="2" sc="240,-20,250,-10,250,50,250,-10" />
</Scene>
<Scene>
<INIT seed="1,0,0,3,5,2" ten="220,240,300,240" oya="1" hai0="28,133,29,105,40,16,43,101,131,58,88,132,38" hai1="135,51,122,81,26,123,73,96,21,108,106,4,68" hai2="63,36,111,92,62,50,15,67,60,125,18,112,61" hai3="103,32,120,1,80,52,46,104,74,39,129,115,91"/><U102/><E68/><V59/><F36/><W114/><G120/><T55/><D131/><U94/><E135/><N who="0" m="51785" /><D105/><U86/><E51/><V11/><F111/><W12/><G129/><T49/><D101/><U71/><E71/><V31/><F125/><W76/><G32/><T70/><D70/><U17/><E108/><V134/><F134/><W128/><G128/><T8/><D88/><N who="1" m="53527" /><E4/><V56/><F31/><N who="0" m="11850" /><D38/><U57/><E57/><V19/><F112/><W127/><G127/><T54/><D54/><U13/><E13/><AGARI ba="0,0" hai="8,13,16,40,43,49,55,58" m="11850,51785" machi="13" ten="30,2000,0" yaku="20,1,54,1" doraHai="2" who="0" fromWho="1" sc="220,20,240,-20,300,0,240,0" />
</Scene>
<Scene>
<INIT seed="2,0,0,5,1,60" ten="240,220,300,240" oya="2" hai0="78,95,84,10,35,80,81,79,63,57,6,104,45" hai1="15,67,109,88,70,118,98,64,65,54,1,115,119" hai2="112,44,113,13,31,50,52,7,32,20,92,37,102" hai3="105,12,91,8,134,24,58,89,82,101,29,126,108"/><V123/><F123/><W86/><G134/><T71/><D104/><U72/><E1/><V74/><F74/><W127/><G108/><T38/><D35/><U3/><E3/><V53/><F37/><W40/><G40/><T43/><D71/><U130/><E72/><V77/><F77/><W124/><G58/><T76/><D95/><U2/><E2/><V21/><F32/><W17/><G105/><T106/><D106/><U11/><E115/><V39/><F39/><W131/><G101/><T93/><D93/><U114/><E114/><V83/><F83/><W87/><G131/><T16/><D81/><U27/><E130/><V122/><F122/><W96/><G96/><T125/><D125/><U48/><E27/><V110/><F110/><W99/><G99/><T62/><D16/><U46/><E70/><V66/><F112/><W55/><G55/><T117/><D117/><U5/><E109/><V36/><F53/><W97/><G97/><T132/><D132/><U103/><REACH who="1" step="1"/><E88/><REACH who="1" ten="240,210,300,240" step="2"/><N who="3" m="33866" /><G82/><T94/><D80/><U116/><E116/><V129/><F113/><W18/><G18/><T42/><D78/><U19/><E19/><V34/><F129/><W133/><G133/><T68/><D79/><U75/><E75/><V59/><F102/><W61/><G24/><T22/><D76/><U0/><E0/><V25/><F25/><W4/><G17/><T51/><D68/><U30/><E30/><V73/><F31/><W9/><G29/><T111/><D111/><U28/><E28/><V26/><F26/><W56/><G9/><T47/><D10/><U49/><E49/><RYUUKYOKU ba="0,1" sc="240,-15,210,15,300,-15,240,15" hai1="5,11,15,46,48,54,64,65,67,98,103,118,119" hai3="4,8,12,56,61,86,87,124,126,127" />
</Scene>
<Scene>
<INIT seed="3,1,1,3,4,67" ten="225,225,285,255" oya="3" hai0="29,58,96,73,135,24,30,110,131,49,21,31,43" hai1="118,72,35,84,117,112,99,97,2,60,105,132,9" hai2="78,70,102,119,128,13,36,63,127,116,109,77,59" hai3="85,14,65,98,44,34,113,114,81,10,125,32,52"/><W15/><G98/><T121/><D121/><U69/><E72/><V92/><F36/><W108/><G65/><T126/><D73/><U25/><E112/><V55/><F109/><W16/><G108/><T11/><D110/><U12/><E2/><V106/><F106/><W45/><G125/><T75/><D75/><U64/><E84/><V76/><F127/><W95/><G95/><T6/><D126/><U123/><E123/><V107/><F107/><W104/><G104/><T46/><D131/><U7/><E132/><V33/><F33/><W1/><G1/><T62/><D135/><U56/><E56/><V8/><F128/><W111/><G111/><T51/><D51/><U23/><E97/><V74/><F74/><W120/><G120/><T115/><D96/><U90/><E90/><V83/><F92/><W18/><G85/><T41/><D41/><U101/><REACH who="1" step="1"/><E35/><REACH who="1" ten="225,215,285,255" step="2"/><V54/><F59/><W133/><G133/><T129/><D115/><U53/><E53/><V26/><F54/><W80/><G52/><N who="0" m="34119" /><D129/><U27/><E27/><V47/><F26/><W71/><G71/><T122/><D122/><U68/><E68/><V37/><F70/><W130/><G130/><T79/><D79/><U28/><AGARI ba="1,2" hai="7,9,12,23,25,28,60,64,69,99,101,105,117,118" machi="28" ten="30,4000,0" yaku="1,1,0,1,52,1,53,0" doraHai="67" doraHaiUra="124" who="1" fromWho="1" sc="225,-11,215,63,285,-11,255,-21" />
</Scene>
<Scene>
<INIT seed="4,0,0,0,3,111" ten="214,278,274,234" oya="0" hai0="73,53,46,99,11,103,135,35,68,56,23,14,75" hai1="45,84,132,102,101,21,4,116,113,83,117,62,48" hai2="57,22,80,92,19,79,100,50,49,5,90,15,93" hai3="7,128,65,30,47,10,125,36,44,28,98,119,6"/><T133/><D35/><U27/><E132/><N who="0" m="50761" /><D68/><U74/><E74/><V20/><F5/><W42/><G119/><T107/><D23/><U1/><E62/><V71/><F71/><W69/><G98/><T126/><D46/><U26/><E117/><V120/><F100/><W94/><G94/><T29/><D29/><U41/><E116/><V38/><F38/><W18/><G18/><N who="0" m="8543" /><D126/><U37/><E37/><V0/><F0/><W76/><G125/><T106/><D106/><U9/><E27/><V134/><F120/><W55/><G36/><T12/><D12/><U127/><E127/><V61/><F134/><W96/><G69/><T121/><D121/><U85/><E21/><V104/><F22/><W124/><G124/><T59/><D59/><U51/><E26/><V64/><F104/><W25/><G25/><T122/><D122/><U97/><E51/><AGARI ba="0,0" hai="51,53,56,73,75,99,103,107" m="8543,50761" machi="51" ten="30,1500,0" yaku="20,1" doraHai="111" who="0" fromWho="1" sc="214,15,278,-15,274,0,234,0" />
</Scene>
<Scene>
<INIT seed="4,1,0,3,4,43" ten="229,263,274,234" oya="0" hai0="71,57,3,27,34,51,17,98,15,40,97,83,89" hai1="82,85,127,30,16,22,111,55,107,122,114,120,48" hai2="26,73,56,21,33,96,7,100,115,64,113,14,61" hai3="66,47,9,94,37,129,2,101,72,124,117,119,24"/><T95/><D71/><U23/><E107/><V81/><F33/><W50/><G66/><T108/><D3/><U1/><E1/><V0/><F0/><W53/><G37/><T38/><D108/><U104/><E111/><V59/><F59/><W5/><G72/><T135/><D135/><U54/><E104/><V134/><F134/><W131/><G24/><T29/><D83/><U92/><E127/><V6/><F81/><W80/><G80/><T13/><D38/><U126/><E126/><V49/><F49/><W8/><G9/><T112/><D112/><N who="2" m="43082" /><F14/><W128/><REACH who="3" step="1"/><G124/><REACH who="3" ten="229,263,274,224" step="2"/><T62/><D27/><N who="1" m="16767" /><E82/><V12/><F73/><W132/><G132/><T90/><D34/><U63/><E114/><V39/><F39/><W45/><G45/><T106/><D57/><N who="1" m="35263" /><E122/><V125/><F125/><W76/><G76/><T70/><D70/><U91/><E120/><V11/><F26/><W19/><G19/><T109/><D17/><U20/><E16/><N who="2" m="10375" /><F11/><W87/><G87/><T58/><D58/><AGARI ba="1,1" hai="20,22,48,54,58,85,91,92" m="35263,16767" machi="58" ten="30,1000,0" yaku="8,1" doraHai="43" who="1" fromWho="0" sc="229,-13,263,23,274,0,224,0" />
</Scene>
<Scene>
<INIT seed="5,0,0,4,4,115" ten="216,286,274,224" oya="1" hai0="98,12,110,97,111,82,65,37,85,32,79,124,78" hai1="40,36,13,7,75,135,66,112,116,34,120,17,122" hai2="26,35,106,96,27,88,119,9,70,67,103,6,80" hai3="45,1,92,53,113,43,30,47,108,63,76,129,10"/><U102/><E75/><V81/><F119/><W15/><G108/><T62/><D32/><U14/><E34/><V132/><F132/><W83/><G30/><T29/><D37/><U114/><E135/><V31/><F26/><W4/><G113/><N who="1" m="43626" /><E102/><V64/><F88/><W57/><G129/><T117/><D29/><U59/><E116/><V28/><F28/><W101/><G1/><T86/><D117/><U33/><E33/><V23/><F23/><W105/><G105/><T52/><D124/><U21/><E40/><V94/><F94/><W89/><G101/><T39/><D39/><U72/><E72/><V74/><F74/><W127/><G127/><T125/><D125/><U104/><E36/><V18/><F18/><W77/><G83/><N who="0" m="47351" /><D111/><U130/><E104/><V25/><F25/><W20/><G20/><T22/><D65/><U71/><E71/><V16/><F67/><W42/><G42/><T134/><D110/><U54/><E66/><V87/><F64/><W38/><REACH who="3" step="1"/><G45/><REACH who="3" ten="216,286,274,214" step="2"/><T61/><D134/><U50/><E130/><V60/><F103/><W121/><G121/><T5/><D22/><U68/><E68/><V11/><F70/><W19/><G19/><T73/><D82/><U49/><E122/><V3/><F80/><W84/><AGARI ba="0,1" hai="4,10,15,38,43,47,53,57,63,76,77,84,89,92" machi="84" ten="20,5200,0" yaku="1,1,0,1,7,1,53,1" doraHai="115" doraHaiUra="90" who="3" fromWho="3" sc="216,-13,286,-26,274,-13,214,62" />
</Scene>
<Scene>
<INIT seed="6,0,0,2,4,11" ten="203,260,261,276" oya="2" hai0="130,98,16,20,105,64,53,90,102,68,62,31,7" hai1="116,71,113,15,107,73,119,110,63,69,57,132,120" hai2="30,10,5,14,28,122,48,2,109,39,85,87,96" hai3="131,34,49,70,0,44,80,133,117,23,84,111,42"/><V47/><F39/><W24/><G111/><T25/><D130/><U45/><E110/><V46/><F122/><W3/><G70/><T40/><D7/><U125/><E73/><V74/><F74/><W79/><G117/><T59/><D40/><U95/><E107/><V104/><F109/><W112/><G34/><T91/><REACH who="0" step="1"/><D31/><REACH who="0" ten="193,260,261,276" step="2"/><U121/><E120/><V94/><F28/><W26/><G131/><T56/><D56/><U129/><E57/><V108/><F30/><W27/><G42/><T134/><D134/><U89/><E132/><V33/><F108/><W8/><G133/><T17/><D17/><U99/><E121/><V65/><F46/><W61/><G44/><T38/><D38/><U13/><E45/><V82/><F47/><W86/><G3/><T1/><D1/><U4/><E129/><V81/><F2/><W123/><G0/><T51/><AGARI ba="0,1" hai="16,20,25,51,53,59,62,64,68,90,91,98,102,105" machi="51" ten="20,5200,0" yaku="1,1,0,1,7,1,54,1,53,0" doraHai="11" doraHaiUra="135" who="0" fromWho="0" sc="193,62,260,-13,261,-26,276,-13" />
</Scene>
<Scene>
<INIT seed="7,0,0,1,4,110" ten="255,247,235,263" oya="3" hai0="27,9,14,79,96,7,72,102,16,58,123,91,1" hai1="97,77,76,70,101,50,51,60,21,61,135,105,129" hai2="81,15,39,114,36,53,23,109,107,100,11,37,118" hai3="28,55,127,98,132,75,22,78,56,93,99,108,32"/><W92/><G32/><T54/><D123/><U82/><E135/><V131/><F109/><W106/><G108/><T74/><D79/><U45/><E129/><V18/><F118/><W86/><G75/><T48/><D91/><U5/><E5/><V116/><F116/><W87/><G106/><T115/><D27/><U10/><E10/><V43/><F131/><W26/><G132/><T13/><D115/><U42/><E76/><V66/><F66/><W6/><G6/><T4/><D1/><U120/><E120/><V65/><F65/><W29/><G29/><T25/><D25/><U80/><E51/><V34/><F34/><W85/><G78/><T44/><D4/><U90/><E21/><V83/><F43/><W8/><G8/><T47/><D74/><U84/><E70/><V2/><F2/><W94/><REACH who="3" step="1"/><G127/><REACH who="3" ten="255,247,235,253" step="2"/><T122/><D72/><AGARI ba="0,1" hai="42,45,50,60,61,72,77,80,82,84,90,97,101,105" machi="72" ten="30,1000,0" yaku="7,1" doraHai="110" who="1" fromWho="0" sc="255,-10,247,20,235,0,253,0" />
</Scene>
<Scene>
<INIT seed="8,0,0,2,2,109" ten="245,267,235,253" oya="0" hai0="100,89,73,64,116,126,106,10,132,58,79,76,120" hai1="9,35,45,102,34,40,56,66,114,97,86,133,46" hai2="12,108,0,59,129,71,27,101,96,121,15,77,99" hai3="112,91,81,123,95,94,49,25,11,134,17,74,3"/><T131/><D120/><U50/><E133/><V18/><F0/><W28/><G112/><T128/><D10/><U1/><E114/><V98/><F71/><W14/><G3/><T67/><D132/><U117/><E117/><V32/><F121/><W65/><G134/><T84/><D116/><U29/><E46/><V111/><F77/><N who="0" m="29770" /><D58/><U124/><E124/><V52/><F129/><N who="0" m="49738" /><D73/><U16/><E86/><V75/><F75/><W24/><G74/><T72/><D72/><U33/><E1/><V122/><F122/><W119/><G123/><T21/><D21/><U8/><E29/><V22/><F101/><W90/><G119/><T2/><D2/><U70/><E70/><V55/><F32/><W104/><G65/><T5/><D5/><U19/><E66/><V82/><F82/><W7/><G7/><T83/><D126/><U44/><E56/><V113/><F113/><W20/><G25/><T135/><D135/><U54/><E8/><V78/><F78/><W80/><G80/><T92/><D106/><U63/><E9/><V43/><F111/><W26/><G104/><T93/><D83/><U60/><E63/><V31/><F108/><W68/><G68/><T13/><D13/><N who="2" m="5194" /><F59/><W127/><G127/><T87/><D100/><U118/><E118/><V39/><F31/><N who="3" m="17799" /><G81/><T107/><D107/><N who="1" m="63951" /><E60/><V53/><F39/><W51/><G95/><T38/><D38/><N who="1" m="21527" /><E34/><V62/><F62/><W48/><G94/><T103/><D103/><U88/><E35/><V42/><AGARI ba="0,0" hai="18,22,27,42,43,52,53,55,96,98,99" m="5194" machi="42" ten="40,2700,0" yaku="8,1,54,1" doraHai="109" who="2" fromWho="2" sc="245,-13,267,-7,235,27,253,-7" />
</Scene>
<Scene>
<INIT seed="9,0,0,5,5,126" ten="232,260,262,246" oya="1" hai0="112,16,106,91,10,40,110,115,133,27,130,52,76" hai1="128,127,108,131,75,60,117,85,86,92,15,32,12" hai2="94,129,30,90,53,39,24,42,43,89,29,2,21" hai3="109,64,97,44,37,57,81,11,5,84,20,23,31"/><U55/><E32/><V107/><F2/><W83/><G109/><T102/><D110/><U77/><E108/><V26/><F107/><W103/><G37/><T87/><D76/><U22/><E127/><V124/><F124/><W99/><G44/><T8/><D40/><N who="2" m="15402" /><F39/><W95/><G99/><T38/><D38/><U73/><E117/><V0/><F0/><W49/><G31/><T74/><D74/><N who="1" m="28171" /><E77/><V51/><F129/><N who="1" m="49737" /><E92/><V18/><F94/><W41/><G83/><T121/><D130/><U45/><E22/><N who="2" m="13399" /><F30/><W58/><G23/><N who="0" m="13799" /><D106/><U69/><E69/><V28/><F28/><W6/><G20/><T54/><D102/><U70/><E70/><V116/><F116/><W111/><G111/><T93/><D115/><U78/><E78/><V80/><F80/><W48/><G81/><T17/><D112/><U82/><E82/><V61/><F61/><W96/><G95/><T88/><D91/><U65/><E65/><V79/><F79/><W105/><G64/><T135/><D121/><U120/><E120/><V104/><F104/><W25/><G105/><T9/><D17/><U101/><E101/><V118/><F118/><W123/><G103/><T19/><D19/><U4/><E60/><V62/><F62/><W98/><G123/><T132/><AGARI ba="0,0" hai="8,9,10,52,54,87,88,93,132,133,135" m="13799" machi="132" ten="40,8000,1" yaku="20,1,54,3" doraHai="126" who="0" fromWho="0" sc="232,80,260,-40,262,-20,246,-20" owari="312,41.0,220,-28.0,242,4.0,226,-17.0" />
</Scene>
</mjloggm>