<mjloggm ver="2.3"><GO type="169"/><UN n0="%E5%A5%88%E8%90%BD%E3%81%AE%E7%8E%8B" n1="%E5%A4%AA%E3%81%8F%E3%81%AA%E3%81%84%E3%81%8A" n2="%E3%82%B9%E3%82%B1%E3%83%AB%E3%83%88%E3%83%B3%54" n3="%73%70%6F%69%6C%65%64" dan="17,17,16,17" rate="2186,2184,2100,2057" sx="M,M,F,M"/><TAIKYOKU oya="0"/>

<Scene>
<INIT seed="0,0,0,4,3,121" ten="250,250,250,250" oya="0" hai0="134,75,4,29,68,64,132,109,103,95,108,27,16" hai1="127,56,122,41,12,13,8,110,112,39,94,50,120" hai2="53,105,99,20,49,119,26,0,22,78,10,89,114" hai3="61,91,6,67,70,125,135,14,24,25,31,98,131"/><T111/><D75/><U126/><E112/><V81/><F114/><W90/><G135/><N who="0" m="51755" /><D4/><U102/><E39/><V117/><F0/><W106/><G131/><T44/><D44/><N who="1" m="25871" /><E56/><V19/><F10/><N who="3" m="4439" /><G24/><T40/><D40/><U100/><E13/><V124/><F124/><N who="1" m="47657" /><E110/><V38/><F38/><W23/><G23/><N who="0" m="13799" /><D29/><U115/><E115/><V85/><F22/><W9/><G9/><T76/><D76/><U5/><E122/><V52/><F49/><W87/><G87/><T37/><D37/><U74/><E74/><V88/><F78/><W33/><G125/><T77/><D77/><U72/><E72/><V3/><F3/><W34/><G34/><T36/><D36/><U59/><E120/><V51/><F51/><W11/><G11/><T58/><D68/><U35/><E35/><V47/><F47/><W1/><G1/><T79/><D79/><U118/><E118/><N who="2" m="45067" /><F89/><W32/><G32/><T71/><D71/><U43/><E43/><V60/><F60/><W113/><G113/><T54/><D64/><U129/><E129/><V123/><F123/><W130/><G130/><T116/><D116/><U15/><E8/><V97/><F97/><W18/><G18/><T92/><D103/><AGARI ba="0,0" hai="19,20,26,52,53,81,85,88,99,103,105" m="45067" machi="103" ten="30,3900,0" yaku="12,1,54,2" doraHai="121" who="2" fromWho="0" sc="250,-39,250,0,250,39,250,0" /><AGARI ba="0,0" hai="25,31,33,61,67,70,90,91,98,103,106" m="4439" machi="103" ten="30,1000,0" yaku="25,1" doraHai="121" who="3" fromWho="0" sc="211,-10,250,0,289,0,250,10" />
</Scene>
<Scene>
<INIT seed="1,0,0,5,2,120" ten="201,250,289,260" oya="1" hai0="111,37,65,33,23,42,103,134,66,13,26,62,88" hai1="45,98,60,104,47,102,77,81,105,100,119,92,71" hai2="72,32,70,12,7,24,124,91,34,84,16,83,28" hai3="17,57,41,132,46,43,78,112,18,123,90,36,107"/><U75/><E119/><V49/><F70/><W35/><G123/><T58/><D134/><U14/><E14/><V67/><F124/><W52/><G107/><T76/><D76/><U101/><E104/><V27/><F67/><W94/><G35/><T54/><D103/><U19/><E19/><V15/><F72/><W129/><G132/><T130/><D130/><U89/><REACH who="1" step="1"/><E105/><REACH who="1" ten="201,240,289,260" step="2"/><V61/><F15/><W63/><G17/><T40/><D13/><U80/><E80/><V3/><F16/><W86/><G18/><T44/><D26/><U122/><E122/><V11/><F12/><W135/><G129/><T85/><D33/><U127/><E127/><V126/><F126/><W22/><G135/><T50/><D23/><U59/><E59/><V21/><F27/><W116/><G116/><T2/><D2/><U39/><E39/><V110/><F32/><W55/><G22/><T0/><D0/><U56/><E56/><V133/><F133/><W30/><G57/><T95/><D37/><U79/><E79/><V31/><F34/><W10/><G78/><T1/><D1/><U9/><E9/><V121/><F121/><W6/><G36/><T8/><D8/><U99/><E99/><V115/><F21/><W68/><G10/><T4/><D4/><U64/><AGARI ba="0,1" hai="45,47,60,64,71,75,77,81,89,92,98,100,101,102" machi="64" ten="30,3000,0" yaku="1,1,0,1,53,0" doraHai="120" doraHaiUra="5" who="1" fromWho="1" sc="201,-10,240,40,289,-10,260,-10" />
</Scene>
<Scene>
<INIT seed="1,1,0,2,3,22" ten="191,280,279,250" oya="1" hai0="131,1,53,25,8,134,5,4,78,122,27,39,55" hai1="115,2,36,0,111,124,88,77,57,16,43,28,10" hai2="47,102,21,7,99,135,121,20,61,13,35,132,92" hai3="30,65,126,23,106,96,50,48,66,49,127,56,91"/><U41/><E115/><V101/><F121/><W95/><G106/><T129/><D122/><U133/><E77/><V83/><F35/><W118/><G118/><T81/><D39/><U37/><E28/><V82/><F101/><W54/><G66/><T40/><D40/><U24/><E57/><V71/><F47/><W74/><G74/><T45/><D5/><U89/><E124/><N who="3" m="47658" /><G65/><T26/><D134/><N who="2" m="51242" /><F71/><W128/><G128/><N who="0" m="49227" /><D45/><U15/><E133/><V42/><F42/><W76/><G76/><T11/><D11/><U67/><E67/><V19/><F61/><W79/><G79/><T100/><D100/><U17/><E10/><N who="2" m="4319" /><F20/><W80/><G80/><T59/><D59/><U120/><E120/><V114/><F114/><W113/><G113/><T14/><D1/><U104/><E104/><V46/><F46/><W31/><G23/><T60/><D60/><AGARI ba="1,0" hai="30,31,48,49,50,54,56,60,91,95,96" m="47658" machi="60" ten="30,1000,0" yaku="18,1" doraHai="22" who="3" fromWho="0" sc="191,-13,280,0,279,0,250,13" />
</Scene>
<Scene>
<INIT seed="2,0,0,5,1,88" ten="178,280,279,263" oya="2" hai0="58,54,18,74,85,104,106,135,63,30,125,34,132" hai1="17,115,69,65,5,133,129,32,40,123,81,31,47" hai2="130,75,15,111,118,64,56,28,99,100,98,77,96" hai3="12,112,48,102,38,20,114,21,131,128,124,25,117"/><V94/><F118/><W11/><G38/><T80/><D74/><U78/><E115/><N who="3" m="44074" /><G102/><T24/><D18/><U62/><E133/><N who="0" m="51273" /><D125/><U13/><E129/><N who="3" m="49738" /><G48/><T83/><D83/><U92/><E123/><V93/><F130/><W60/><G60/><T1/><D1/><U71/><E5/><V121/><F121/><W35/><G124/><T49/><D49/><U4/><E4/><V76/><F111/><W101/><G101/><T6/><D6/><U52/><E31/><V82/><F77/><AGARI ba="0,0" hai="24,30,34,54,58,63,77,80,85,104,106" m="51273" machi="77" ten="30,1000,0" yaku="20,1" doraHai="88" who="0" fromWho="2" sc="178,10,280,0,279,-10,263,0" />
</Scene>
<Scene>
<INIT seed="3,0,0,2,3,117" ten="188,280,269,263" oya="3" hai0="21,108,127,96,75,128,74,70,88,92,90,82,102" hai1="129,5,36,87,15,104,66,106,37,107,40,119,47" hai2="62,10,6,11,49,60,28,123,120,7,58,131,55" hai3="35,64,17,9,112,115,69,86,89,1,132,97,56"/><W31/><G69/><T42/><D70/><U130/><E119/><V111/><F28/><W61/><G132/><T84/><D42/><U113/><E113/><V19/><F19/><W43/><G43/><T26/><D108/><U16/><E66/><V29/><F29/><W46/><G46/><T14/><D128/><N who="1" m="49259" /><E87/><V50/><F111/><W91/><G35/><T2/><D2/><U12/><E5/><N who="2" m="1547" /><F131/><W114/><G31/><T59/><D14/><N who="1" m="5163" /><E16/><V23/><F23/><W99/><G1/><T118/><D118/><U101/><E101/><V126/><F126/><W34/><G34/><T0/><D0/><U133/><E133/><V63/><F50/><AGARI ba="0,0" hai="36,37,40,47,50,104,106,107" m="5163,49259" machi="50" ten="40,1300,0" yaku="19,1" doraHai="117" who="1" fromWho="2" sc="188,0,280,13,269,-13,263,0" />
</Scene>
<Scene>
<INIT seed="4,0,0,1,1,134" ten="188,293,256,263" oya="0" hai0="29,67,62,108,10,43,17,122,124,130,105,91,36" hai1="16,128,95,25,26,70,63,115,94,34,47,85,30" hai2="93,73,135,44,1,112,9,8,0,50,87,116,33" hai3="38,101,98,69,6,12,49,5,127,52,4,133,2"/><T51/><D122/><U7/><E128/><V90/><F135/><W81/><G2/><T46/><D105/><U118/><E118/><V106/><F33/><W11/><G38/><T107/><D107/><U111/><E111/><V31/><F31/><W117/><G69/><T41/><D130/><U35/><E7/><V131/><F131/><W42/><G117/><T56/><D108/><U13/><E115/><V20/><F116/><W123/><G42/><N who="0" m="25047" /><D36/><U88/><E47/><V82/><F106/><W84/><G133/><T68/><D68/><U58/><E70/><V60/><F112/><W27/><G27/><T61/><D61/><U71/><E71/><V114/><F114/><W100/><G123/><T83/><D29/><U126/><E26/><V89/><F60/><W109/><G109/><T21/><D10/><U132/><E132/><V97/><F73/><W75/><G75/><T79/><D79/><U99/><E35/><V120/><F120/><W14/><G11/><T76/><D76/><U55/><E126/><V23/><F0/><W37/><G37/><T64/><D64/><U72/><E72/><V119/><F119/><W113/><G127/><T22/><D124/><U92/><REACH who="1" step="1"/><E85/><REACH who="1" ten="188,283,256,263" step="2"/><V125/><F125/><W18/><G113/><T39/><D39/><U40/><E40/><N who="0" m="15433" /><D17/><U28/><E28/><V57/><F44/><N who="3" m="27687" /><G18/><T53/><D67/><U66/><E66/><V121/><F121/><W48/><G4/><T15/><D15/><U32/><E32/><V86/><F1/><W59/><G6/><T77/><D77/><U129/><E129/><V54/><F87/><AGARI ba="0,1" hai="21,22,53,56,62,83,87,91" m="15433,25047" machi="87" ten="30,2900,0" yaku="6,1,8,1" doraHai="134" who="0" fromWho="2" sc="188,39,283,0,256,-29,263,0" />
</Scene>
<Scene>
<INIT seed="4,1,0,2,4,14" ten="227,283,227,263" oya="0" hai0="131,128,43,124,6,89,94,96,32,33,118,37,90" hai1="2,120,67,107,18,13,48,34,70,51,42,66,79" hai2="15,100,98,30,68,72,102,114,93,57,92,117,27" hai3="40,121,86,119,46,4,53,62,83,78,58,76,122"/><T80/><D118/><U28/><E120/><N who="3" m="46186" /><G119/><T41/><D6/><U44/><E107/><V25/><F117/><W12/><G4/><T123/><D123/><U50/><E2/><V56/><F68/><W54/><G12/><T88/><D124/><U69/><E79/><V26/><F72/><W113/><G113/><T87/><D90/><U130/><E130/><N who="0" m="49705" /><D37/><U132/><E132/><V103/><F114/><W60/><G78/><T20/><D20/><U95/><E95/><N who="2" m="36427" /><F98/><W97/><G97/><T85/><D96/><U31/><E69/><V61/><F30/><N who="1" m="11305" /><E70/><V1/><F1/><W84/><G84/><T22/><D22/><N who="1" m="11599" /><E34/><AGARI ba="1,0" hai="32,33,34,41,43,80,85,87,88,89,94" m="49705" machi="34" ten="30,2900,0" yaku="19,1,54,1" doraHai="14" who="0" fromWho="1" sc="227,32,283,-32,227,0,263,0" />
</Scene>
<Scene>
<INIT seed="4,2,0,1,5,107" ten="259,251,227,263" oya="0" hai0="99,69,116,71,13,88,96,34,38,19,114,46,119" hai1="33,79,70,98,93,43,15,16,132,12,27,112,133" hai2="29,101,85,95,51,76,106,5,49,82,120,11,53" hai3="44,86,62,6,60,108,94,74,78,7,135,84,20"/><T129/><D34/><U50/><E70/><V45/><F120/><W54/><G108/><T100/><D114/><U30/><E79/><V77/><F106/><W59/><G135/><N who="1" m="51786" /><E112/><V105/><F105/><W121/><G121/><T57/><D57/><U41/><E50/><V55/><F29/><W134/><G134/><T48/><D38/><U92/><E15/><V64/><F64/><W0/><G0/><T31/><D31/><U90/><E93/><V63/><F63/><W61/><G44/><T128/><D69/><U39/><E39/><V66/><F66/><W67/><G67/><T21/><D71/><U47/><E47/><V102/><F95/><W1/><G1/><T26/><D13/><U68/><E68/><V28/><F28/><W4/><G20/><AGARI ba="2,0" hai="12,16,20,27,30,33,41,43,90,92,98" m="51786" machi="20" ten="30,2000,0" yaku="20,1,54,1" doraHai="107" who="1" fromWho="3" sc="259,0,251,26,227,0,263,-26" />
</Scene>
<Scene>
<INIT seed="5,0,0,0,0,27" ten="259,277,227,237" oya="1" hai0="133,129,111,80,94,127,2,88,24,31,30,4,13" hai1="103,121,72,114,68,95,11,42,78,87,115,83,100" hai2="25,8,69,66,26,65,99,28,91,97,39,3,122" hai3="47,92,12,123,14,17,34,36,46,0,85,57,82"/><U116/><E68/><V1/><F122/><W81/><G123/><T86/><D111/><U40/><E121/><V113/><F39/><W37/><G0/><T29/><D2/><U16/><E116/><V119/><F119/><W43/><G34/><T41/><D129/><U75/><E40/><V56/><F69/><W110/><G110/><T118/><D118/><U61/><E42/><V131/><F131/><W35/><G35/><T117/><D117/><U67/><E67/><V64/><F113/><N who="1" m="43017" /><E61/><V5/><F1/><W84/><G43/><T120/><D120/><U63/><E63/><V109/><F109/><W45/><G45/><T77/><D133/><U60/><E60/><V15/><F3/><W18/><G92/><T130/><D127/><U98/><E100/><V128/><F128/><W62/><G62/><T93/><D41/><U38/><E38/><V20/><F56/><AGARI ba="0,0" hai="12,14,17,18,36,37,46,47,56,57,81,82,84,85" machi="56" ten="25,1600,0" yaku="22,2" doraHai="27" who="3" fromWho="2" sc="259,0,277,0,227,-16,237,16" />
</Scene>
<Scene>
<INIT seed="6,0,0,0,5,26" ten="259,277,211,253" oya="2" hai0="15,130,95,67,99,79,92,56,27,23,68,62,115" hai1="63,0,94,28,65,29,127,52,30,6,74,72,96" hai2="17,66,125,9,107,55,86,89,39,100,49,41,108" hai3="25,47,117,77,14,84,20,114,134,71,53,103,57"/><V131/><F131/><W3/><G71/><T69/><D130/><U50/><E127/><V4/><F125/><W75/><G75/><T32/><D79/><U7/><E74/><V104/><F66/><W110/><G3/><T83/><D83/><U43/><E43/><V36/><F108/><W64/><G110/><T76/><D76/><U135/><E72/><V61/><F61/><W73/><G73/><T1/><D1/><U70/><E135/><V22/><F41/><W2/><G2/><T85/><D85/><U12/><E12/><V11/><F39/><W16/><G117/><T120/><D120/><U126/><E126/><V129/><F36/><W90/><G77/><T97/><D32/><U88/><REACH who="1" step="1"/><E0/><REACH who="1" ten="259,267,211,253" step="2"/><V105/><F129/><W128/><G134/><T18/><D15/><U101/><E101/><V102/><F102/><W8/><G103/><T42/><D42/><U122/><E122/><V119/><F100/><W19/><G128/><T132/><D132/><U98/><E98/><V5/><F119/><W124/><G124/><T35/><D99/><U133/><E133/><V113/><F113/><W59/><G114/><T10/><D97/><U80/><E80/><N who="2" m="49351" /><F4/><W81/><G64/><T46/><D115/><U93/><E93/><V33/><F5/><W40/><G40/><T21/><D95/><U87/><E87/><V82/><F82/><W109/><G109/><T111/><D92/><U78/><E78/><V118/><F118/><W106/><G106/><T60/><D111/><U34/><E34/><V112/><F112/><W116/><G116/><T38/><D67/><RYUUKYOKU ba="0,1" sc="259,-15,267,15,211,-15,253,15" hai1="6,7,28,29,30,50,52,63,65,70,88,94,96" hai3="8,14,16,19,20,25,47,53,57,59,81,84,90" />
</Scene>
<Scene>
<INIT seed="7,1,1,4,1,3" ten="244,282,196,268" oya="3" hai0="46,2,112,40,39,43,108,102,73,59,64,88,36" hai1="57,114,19,128,82,67,90,101,23,103,61,44,86" hai2="24,126,21,9,71,29,69,56,131,31,117,116,87" hai3="62,83,51,17,135,98,104,41,107,125,47,50,77"/><W15/><G135/><T99/><D73/><U25/><E114/><V119/><F131/><W89/><G125/><T85/><D2/><U79/><E128/><V91/><F126/><W65/><G51/><T81/><D108/><U97/><E44/><V55/><F31/><W48/><G48/><T96/><D112/><U35/><E35/><V84/><F9/><W74/><G89/><T28/><D28/><U78/><E101/><V80/><REACH who="2" step="1"/><F87/><REACH who="2" ten="244,282,186,268" step="2"/><W76/><G98/><T113/><D113/><U92/><AGARI ba="1,2" hai="19,23,25,57,61,67,78,79,82,86,90,92,97,103" machi="92" ten="20,2700,0" yaku="0,1,7,1,8,1" doraHai="3" who="1" fromWho="1" sc="244,-8,282,50,186,-8,268,-14" owari="236,-16.0,332,43.0,178,-32.0,254,5.0" />
</Scene>
</mjloggm>