<mjloggm ver="2.3"><GO type="169"/><UN n0="%E3%83%AD%E3%83%AA%E3%83%BC%E3%82%BF%E3%81%AA%E7%84%BC%E8%82%89" n1="%E5%8D%81%E5%85%AD%E5%A4%9C%E2%99%AA" n2="%E3%81%B2%E3%81%AE%E3%81%A8%E3%82%8A%E3%81%AE%E3%81%B2%E3%81%A8%E3%82%8A" n3="%E5%A4%AA%E3%81%8F%E3%81%AA%E3%81%84%E3%81%8A" dan="17,16,16,17" rate="2113,2023,2053,2150" sx="F,M,M,M"/><TAIKYOKU oya="0"/>

<Scene>
<INIT seed="0,0,0,1,3,127" ten="250,250,250,250" oya="0" hai0="125,47,111,92,73,13,122,114,59,55,131,9,83" hai1="66,67,64,96,124,16,4,123,24,43,112,69,56" hai2="30,19,8,0,79,48,49,109,88,7,58,82,94" hai3="121,15,78,53,118,36,89,63,129,54,93,117,29"/><T91/><D122/><U35/><E123/><V80/><F109/><W128/><G121/><T115/><D125/><U113/><E124/><V23/><F30/><W95/><G36/><T2/><D2/><U100/><E43/><V62/><F79/><W25/><G78/><T120/><D111/><U41/><E4/><V51/><F58/><N who="3" m="35279" /><G54/><T5/><D120/><U103/><E69/><V6/><F62/><W110/><G15/><T65/><D65/><U98/><E41/><V102/><F102/><W77/><G77/><T130/><D47/><U44/><E44/><V11/><F11/><W42/><G42/><T28/><D28/><U31/><E56/><V72/><F7/><W27/><G27/><T20/><D20/><U87/><E87/><V60/><F60/><W105/><G105/><T76/><D114/><N who="1" m="44139" /><E103/><V104/><F104/><W14/><G14/><T75/><D115/><U126/><E126/><V45/><F72/><W32/><G110/><T101/><D101/><U40/><E40/><V99/><REACH who="2" step="1"/><F45/><REACH who="2" ten="250,250,240,250" step="2"/><W90/><G90/><T134/><D75/><U17/><E100/><V3/><F3/><W12/><G89/><T21/><D21/><U37/><E37/><V84/><F84/><W38/><G38/><T108/><D108/><U52/><E98/><V68/><F68/><W132/><G29/><T85/><REACH who="0" step="1"/><D134/><REACH who="0" ten="240,250,240,250" step="2"/><U97/><E96/><V57/><F57/><W1/><G132/><T133/><D133/><U18/><E97/><V46/><F46/><W61/><G1/><T81/><D81/><U70/><E70/><V39/><F39/><W22/><G22/><RYUUKYOKU ba="0,2" sc="240,10,250,10,240,10,250,-30" hai0="5,9,13,55,59,73,76,83,85,91,92,130,131" hai1="16,17,18,24,31,35,52,64,66,67" hai2="0,6,8,19,23,48,49,51,80,82,88,94,99" />
</Scene>
<Scene>
<INIT seed="0,1,2,3,2,78" ten="250,260,250,220" oya="0" hai0="62,0,111,9,70,107,79,61,3,65,59,36,58" hai1="129,75,52,5,30,26,74,22,125,55,71,7,118" hai2="97,72,25,105,120,124,98,50,90,51,2,67,113" hai3="16,13,28,133,21,68,66,39,6,96,92,94,12"/><T134/><D107/><U34/><E118/><V119/><F119/><W41/><G133/><T18/><D134/><U76/><E71/><V91/><F120/><W1/><G1/><T23/><D36/><U45/><E129/><V88/><F113/><W19/><G28/><T101/><D101/><U93/><E125/><V77/><F124/><W20/><G6/><T53/><D111/><U15/><E75/><V122/><F122/><W83/><G83/><T89/><D79/><U63/><E76/><V49/><F2/><W110/><G110/><T85/><D70/><U81/><E74/><V130/><F130/><W47/><REACH who="3" step="1"/><G96/><REACH who="3" ten="250,260,250,210" step="2"/><T56/><D3/><U123/><E5/><V121/><F98/><W32/><G32/><T69/><D0/><U14/><E7/><V115/><F97/><W103/><G103/><T17/><D9/><U116/><E34/><V24/><F115/><W42/><G42/><T131/><D131/><U99/><E123/><V128/><F121/><W35/><G35/><T132/><D132/><U95/><E116/><V102/><F128/><W64/><G64/><T60/><D18/><U86/><E99/><V33/><F67/><W108/><G108/><T82/><REACH who="0" step="1"/><D53/><REACH who="0" ten="240,260,250,210" step="2"/><U48/><E55/><V127/><F102/><W10/><G10/><T57/><N who="0" m="14336" /><DORA hai="106" /><T11/><D11/><U87/><E30/><V126/><F126/><W84/><G84/><T37/><D37/><U80/><E87/><V104/><F127/><W31/><G31/><T4/><D4/><U8/><E86/><V114/><F114/><W40/><G40/><T109/><D109/><RYUUKYOKU ba="1,4" sc="240,15,260,-15,250,-15,210,15" hai0="17,23,60,61,62,65,69,82,85,89" hai3="12,13,16,19,20,21,39,41,47,66,68,92,94" />
</Scene>
<Scene>
<INIT seed="0,2,4,4,0,85" ten="255,245,235,225" oya="0" hai0="58,16,24,6,64,25,19,38,81,120,117,78,12" hai1="83,113,46,0,2,121,53,95,15,131,33,98,76" hai2="102,4,20,66,44,50,93,90,5,57,13,133,94" hai3="8,97,41,28,129,88,77,61,67,110,48,74,106"/><T34/><D38/><U101/><E33/><V100/><F133/><W40/><G74/><T132/><D120/><U72/><E121/><V22/><F66/><W10/><G77/><T30/><D132/><U26/><E131/><V126/><F126/><W71/><G129/><T89/><D117/><U128/><E128/><V1/><F1/><W7/><G110/><T123/><D123/><U23/><E113/><V17/><F22/><W54/><G28/><T29/><D6/><N who="2" m="2666" /><F57/><W42/><G7/><T31/><D34/><U52/><E15/><V73/><F73/><W80/><G106/><T112/><D112/><U91/><E101/><N who="2" m="39019" /><F90/><W63/><G63/><N who="0" m="38007" /><D78/><U14/><E14/><V111/><F111/><W49/><G49/><T37/><D37/><U127/><E127/><V109/><F109/><W124/><G124/><T134/><D134/><U47/><E47/><V11/><F11/><W45/><REACH who="3" step="1"/><G80/><REACH who="3" ten="255,245,235,215" step="2"/><T122/><D122/><U92/><E2/><V119/><F119/><W69/><G69/><T82/><D82/><U105/><E0/><V108/><F108/><W107/><G107/><T130/><D130/><U70/><E105/><V60/><F60/><W21/><G21/><N who="0" m="11399" /><D19/><N who="1" m="12671" /><E70/><V103/><F17/><W84/><G84/><AGARI ba="2,5" hai="24,25,29,30,31,81,84,89" m="11399,38007" machi="84" ten="30,5800,0" yaku="8,1,52,1,54,1" doraHai="85" who="0" fromWho="3" sc="255,114,245,0,235,0,215,-64" />
</Scene>
<Scene>
<INIT seed="0,3,0,4,2,42" ten="369,245,235,151" oya="0" hai0="83,116,66,38,76,101,89,88,80,37,118,7,70" hai1="52,34,124,133,41,115,8,20,132,13,108,28,109" hai2="95,84,119,35,43,100,31,0,77,123,63,9,93" hai3="26,36,104,102,16,46,12,128,134,67,60,45,103"/><T72/><D7/><N who="1" m="3231" /><E41/><V92/><F123/><W135/><G128/><T6/><D6/><U107/><E107/><V56/><F119/><W10/><G36/><T54/><D54/><U85/><E85/><V29/><F100/><N who="3" m="38443" /><G26/><T2/><D2/><U131/><E131/><V87/><F43/><W106/><G106/><T97/><D38/><U127/><E34/><V86/><F35/><W62/><G104/><N who="0" m="63535" /><D37/><U120/><E52/><N who="2" m="34183" /><F0/><W44/><G67/><T47/><D47/><U51/><E51/><V14/><F77/><W59/><G59/><T55/><D55/><U40/><E40/><V91/><F91/><N who="0" m="34890" /><D66/><U113/><E20/><V71/><F71/><W1/><G1/><T21/><D21/><U111/><E28/><V78/><F78/><W22/><G22/><T65/><D65/><U49/><E49/><V3/><F3/><W4/><G4/><AGARI ba="3,0" hai="4,9,14,29,31,84,86,87,92,93,95" m="34183" machi="4" ten="30,2000,0" yaku="8,1,54,1" doraHai="42" who="2" fromWho="3" sc="369,0,245,0,235,29,151,-29" />
</Scene>
<Scene>
<INIT seed="1,0,0,5,5,81" ten="369,245,264,122" oya="1" hai0="125,120,4,106,49,29,98,17,114,91,129,85,8" hai1="79,25,51,28,32,131,67,31,65,123,47,80,12" hai2="41,54,2,1,23,3,124,126,116,68,118,96,111" hai3="5,76,40,104,57,11,108,109,86,52,92,77,122"/><U69/><E123/><V60/><F111/><N who="3" m="42571" /><G104/><T61/><D114/><U38/><E38/><V22/><F41/><W46/><G122/><T44/><D120/><U16/><E131/><V53/><F96/><W135/><G135/><T58/><D129/><U97/><E97/><V115/><F115/><W103/><G103/><T14/><D125/><N who="2" m="48234" /><F68/><W99/><G99/><T39/><D29/><U0/><E31/><V72/><F72/><W89/><G46/><T87/><D39/><U102/><E0/><V93/><F93/><W20/><G20/><N who="2" m="7721" /><F60/><N who="3" m="35879" /><G40/><N who="0" m="24711" /><D4/><U13/><E102/><V119/><AGARI ba="0,0" hai="1,2,3,53,54,116,118,119" m="7721,48234" machi="119" ten="50,6400,0" yaku="28,2,18,1" doraHai="81" who="2" fromWho="2" sc="369,-16,245,-32,264,64,122,-16" />
</Scene>
<Scene>
<INIT seed="2,0,0,0,0,15" ten="353,213,328,106" oya="2" hai0="66,81,25,90,26,14,29,94,102,33,78,110,131" hai1="132,121,82,17,133,21,6,116,5,128,49,73,103" hai2="39,79,92,42,119,71,60,135,100,98,53,8,57" hai3="106,65,95,69,45,31,55,85,0,108,48,75,18"/><V118/><F135/><N who="1" m="51785" /><E116/><V84/><F71/><W104/><G75/><T47/><D110/><U43/><E103/><V38/><F8/><W9/><G108/><T93/><D131/><U83/><E49/><V117/><REACH who="2" step="1"/><F42/><REACH who="2" ten="353,213,318,106" step="2"/><W105/><G69/><T37/><D33/><U10/><E43/><V134/><F134/><W28/><G9/><T87/><D37/><U97/><E10/><V80/><AGARI ba="0,1" hai="38,39,53,57,60,79,80,84,92,98,100,117,118,119" machi="80" ten="40,3900,0" yaku="1,1,0,1,53,0" doraHai="15" doraHaiUra="27" who="2" fromWho="2" sc="353,-13,213,-13,318,49,106,-13" />
</Scene>
<Scene>
<INIT seed="2,1,0,4,5,100" ten="340,200,367,93" oya="2" hai0="87,108,103,51,28,38,15,31,135,52,69,54,63" hai1="65,77,131,10,91,101,121,125,106,56,83,111,78" hai2="116,44,32,7,3,81,73,47,71,96,68,79,112" hai3="75,42,84,60,17,72,22,126,74,76,82,37,36"/><V94/><F116/><W18/><G126/><T14/><D38/><U110/><E125/><V24/><F112/><W33/><G33/><T16/><D108/><N who="1" m="41515" /><E10/><V58/><F58/><W48/><G60/><T20/><D135/><U59/><E65/><V30/><F7/><W124/><G124/><T35/><D35/><U62/><E62/><V117/><F3/><W0/><G0/><T43/><D103/><U133/><E133/><V55/><F117/><W95/><G95/><T99/><D99/><N who="1" m="61759" /><E131/><V40/><F55/><N who="0" m="21034" /><D69/><U34/><E34/><V64/><F64/><W41/><G48/><T23/><D63/><U104/><E104/><V86/><F73/><W92/><G92/><T88/><D51/><U29/><E29/><N who="0" m="11337" /><D43/><U8/><E8/><V66/><F66/><W89/><G42/><T85/><D85/><N who="1" m="50623" /><E121/><V39/><REACH who="2" step="1"/><F47/><REACH who="2" ten="340,200,357,93" step="2"/><W105/><G41/><T115/><D115/><U19/><E59/><V130/><F130/><W11/><G75/><T45/><D45/><U46/><E56/><V67/><F67/><W134/><G74/><T107/><D107/><U9/><E46/><V49/><F49/><W13/><G105/><T90/><D87/><U61/><E61/><V5/><F5/><W12/><G134/><T4/><D4/><U127/><E127/><V93/><F93/><W102/><G102/><AGARI ba="1,1" hai="24,30,32,39,40,44,68,71,79,81,86,94,96,102" machi="102" ten="30,5800,0" yaku="1,1,7,1,53,1" doraHai="100" doraHaiUra="21" who="2" fromWho="3" sc="340,0,200,0,357,71,93,-61" />
</Scene>
<Scene>
<INIT seed="2,2,0,0,1,25" ten="340,200,428,32" oya="2" hai0="32,92,59,1,49,86,27,89,70,104,10,124,30" hai1="112,13,131,118,18,134,75,62,94,5,9,111,115" hai2="17,109,2,80,77,45,51,28,48,24,76,66,133" hai3="67,126,83,37,12,3,120,6,100,132,61,38,71"/><V90/><F2/><W113/><G120/><T121/><D121/><U55/><E75/><V53/><F133/><W91/><G132/><T78/><D70/><U65/><E118/><V74/><F77/><W101/><G3/><T130/><D104/><U93/><E134/><V7/><F7/><W106/><G126/><T82/><D124/><U46/><E131/><V36/><F36/><W72/><G113/><T42/><D130/><U73/><E111/><V64/><F109/><W19/><G6/><T84/><D1/><U8/><E73/><V26/><F90/><W63/><G63/><T110/><D110/><U99/><E115/><V44/><F17/><W21/><G91/><T114/><D10/><U129/><E112/><V128/><F128/><W52/><G106/><T116/><D114/><U31/><E94/><V29/><F24/><W34/><G34/><T123/><D123/><U103/><E55/><V102/><F102/><W56/><G37/><T87/><D116/><U33/><E46/><V95/><F95/><W108/><G108/><T81/><D42/><U15/><E129/><V0/><F0/><W85/><G72/><T11/><D11/><U35/><REACH who="1" step="1"/><E31/><REACH who="1" ten="340,190,428,32" step="2"/><V97/><F29/><W23/><G38/><T79/><D49/><U69/><AGARI ba="2,1" hai="5,8,9,13,15,18,33,35,62,65,69,93,99,103" machi="69" ten="20,5200,0" yaku="1,1,2,1,0,1,7,1,53,0" doraHai="25" doraHaiUra="41" who="1" fromWho="1" sc="340,-15,190,68,428,-28,32,-15" />
</Scene>
<Scene>
<INIT seed="3,0,0,2,1,37" ten="325,258,400,17" oya="3" hai0="40,92,124,134,47,127,80,89,26,48,6,99,34" hai1="5,117,28,19,7,131,72,110,17,10,103,2,64" hai2="84,77,44,105,53,14,51,88,73,62,57,66,38" hai3="76,50,33,126,0,96,41,18,98,9,86,97,75"/><W119/><G119/><T31/><D134/><U67/><E72/><V94/><F105/><W56/><G33/><T93/><D6/><U11/><E117/><V112/><F112/><W1/><G75/><T102/><REACH who="0" step="1"/><D80/><REACH who="0" ten="315,258,400,17" step="2"/><U129/><E110/><V15/><REACH who="2" step="1"/><F38/><REACH who="2" ten="315,258,390,17" step="2"/><W107/><G126/><T8/><D8/><U78/><E11/><V135/><F135/><W27/><G9/><T70/><D70/><U128/><E10/><V79/><F79/><W60/><G76/><T100/><D100/><U123/><E78/><V120/><F120/><W55/><G107/><T29/><D29/><U109/><E103/><V104/><F104/><W85/><G0/><T54/><D54/><U116/><E123/><V106/><F106/><W4/><G1/><T130/><D130/><U36/><E116/><V13/><F13/><W46/><REACH who="3" step="1"/><G4/><REACH who="3" ten="315,258,390,7" step="2"/><T61/><D61/><U133/><E2/><V49/><F49/><W58/><G58/><T45/><D45/><U81/><E5/><V113/><F113/><W42/><G42/><T35/><D35/><U24/><E7/><V43/><F43/><W83/><G83/><AGARI ba="0,3" hai="14,15,44,51,53,57,62,66,73,77,83,84,88,94" machi="83" ten="40,2600,0" yaku="1,1,54,1,53,0" doraHai="37" doraHaiUra="122" who="2" fromWho="3" sc="315,0,258,0,390,56,7,-26" owari="315,12.0,258,-14.0,446,54.0,-19,-52.0" />
</Scene>
</mjloggm>