<mjloggm ver="2.3"><GO type="193"/><UN n0="%E3%81%B2%E3%81%A7%E5%9D%8A" n1="%73%73%32%32%32" n2="%E3%81%B5%E3%81%98%E3%82%82%E3%82%93" n3="%E5%A4%AA%E3%81%8F%E3%81%AA%E3%81%84%E3%81%8A" dan="12,11,10,11" rate="1774,1587,1572,1721" sx="M,M,M,M"/><TAIKYOKU oya="0"/>

<Scene>
<INIT seed="0,0,0,2,5,1" ten="250,250,250,250" oya="0" hai0="57,43,49,116,99,54,46,27,3,125,93,35,91" hai1="31,65,36,45,9,51,131,71,73,81,62,113,83" hai2="6,25,108,15,60,120,41,48,58,8,107,13,44" hai3="114,129,106,37,34,70,77,50,72,33,19,0,80"/><T32/><D116/><U79/><E113/><V66/><F120/><W76/><G114/><T111/><D3/><U20/><E131/><V122/><F108/><W53/><G37/><T55/><D111/><U59/><E36/><V10/><F122/><W52/><G70/><T88/><D125/><U92/><E71/><V103/><F25/><W23/><G106/><T102/><D54/><U126/><E126/><V90/><F107/><W28/><G0/><T132/><D132/><U17/><E31/><V39/><F39/><W124/><G124/><T112/><D112/><U134/><E134/><V42/><F103/><W115/><G115/><T24/><D35/><U87/><E92/><V4/><REACH who="2" step="1"/><F90/><REACH who="2" ten="250,250,240,250" step="2"/><N who="0" m="34346" /><D32/><U64/><E65/><V85/><F85/><W105/><G105/><T16/><D27/><U89/><E9/><V78/><F78/><W118/><G76/><T30/><D30/><U101/><E101/><V69/><F69/><W67/><G28/><T130/><D130/><U47/><REACH who="1" step="1"/><E51/><REACH who="1" ten="250,240,240,250" step="2"/><V82/><F82/><W97/><G50/><T2/><D49/><U56/><E56/><V11/><F11/><W117/><G80/><T22/><D57/><U109/><E109/><V96/><F96/><W98/><G98/><T74/><D99/><U29/><E29/><V38/><F38/><W123/><G97/><T121/><D121/><U110/><E110/><V133/><F133/><W14/><G123/><T7/><D46/><U40/><E40/><AGARI ba="0,2" hai="4,6,8,10,13,15,40,41,42,44,48,58,60,66" machi="40" ten="30,12000,2" yaku="1,1,7,1,9,1,8,1,52,2,53,0" doraHai="1" doraHaiUra="104" who="2" fromWho="1" sc="250,0,240,-120,240,140,250,0" />
</Scene>
<Scene>
<INIT seed="1,0,0,4,1,63" ten="250,120,380,250" oya="1" hai0="36,4,109,16,18,123,110,79,83,7,129,27,86" hai1="132,80,34,92,134,23,29,58,115,69,20,77,124" hai2="120,41,26,8,114,11,40,107,30,73,9,100,32" hai3="127,17,15,108,22,131,45,76,1,72,122,35,78"/><U33/><E115/><V89/><F73/><W42/><G122/><T88/><D123/><U51/><E69/><V43/><F114/><W91/><G35/><N who="1" m="13322" /><E51/><V105/><F120/><W90/><G1/><T25/><D36/><U52/><E92/><V116/><F116/><W104/><G104/><T112/><D112/><U10/><E77/><V121/><F121/><W119/><G119/><T12/><D79/><U95/><E95/><V71/><F71/><W19/><G72/><T82/><D83/><U117/><E117/><V94/><REACH who="2" step="1"/><F100/><REACH who="2" ten="250,120,370,250" step="2"/><W46/><G127/><T126/><D126/><U125/><E80/><V57/><F57/><W62/><G46/><T37/><D129/><U60/><E29/><V38/><F38/><W56/><G131/><T24/><D37/><U118/><E118/><V5/><F5/><W54/><G45/><T74/><D74/><U64/><E10/><V70/><F70/><W87/><G56/><T99/><D7/><U97/><E97/><AGARI ba="0,1" hai="8,9,11,26,30,32,40,41,43,89,94,97,105,107" machi="97" ten="40,2600,0" yaku="1,1,53,1" doraHai="63" doraHaiUra="84" who="2" fromWho="1" sc="250,0,120,-26,370,36,250,0" />
</Scene>
<Scene>
<INIT seed="2,0,0,1,2,62" ten="250,94,406,250" oya="2" hai0="55,28,95,91,102,60,84,64,0,108,57,50,40" hai1="135,90,127,134,133,7,24,45,26,117,18,85,21" hai2="46,128,5,118,67,116,12,4,97,42,131,31,61" hai3="107,119,30,73,3,98,11,2,120,100,125,39,129"/><V113/><F97/><W80/><G120/><T14/><D0/><U99/><E117/><N who="2" m="45163" /><F113/><W22/><G119/><T87/><D108/><U93/><E127/><V74/><F74/><W126/><G39/><T96/><D28/><U112/><E112/><V19/><F31/><W106/><G106/><T65/><D14/><U122/><E122/><V20/><F42/><W124/><G129/><N who="2" m="49737" /><F46/><W53/><G53/><T105/><D84/><U114/><E114/><V78/><F78/><N who="3" m="44111" /><G11/><T43/><REACH who="0" step="1"/><D65/><REACH who="0" ten="240,94,406,250" step="2"/><U111/><E111/><V13/><F13/><W59/><G30/><T76/><D76/><U92/><E7/><V32/><F32/><W123/><G123/><T109/><D109/><U6/><E6/><V81/><F81/><W69/><G2/><T44/><AGARI ba="0,1" hai="40,43,44,50,55,57,60,64,87,91,95,96,102,105" machi="44" ten="20,5200,0" yaku="1,1,0,1,7,1,52,1,53,0" doraHai="62" doraHaiUra="9" who="0" fromWho="0" sc="240,62,94,-13,406,-26,250,-13" />
</Scene>
<Scene>
<INIT seed="3,0,0,4,3,104" ten="302,81,380,237" oya="3" hai0="122,25,121,16,60,2,50,21,15,84,37,51,74" hai1="105,30,47,39,3,81,108,28,49,103,69,44,13" hai2="38,112,115,106,117,22,6,1,42,12,33,71,23" hai3="46,24,130,82,19,43,70,96,62,79,85,55,99"/><W93/><G130/><T90/><D74/><U8/><E3/><V68/><F71/><W17/><G70/><T72/><D72/><U91/><E69/><V127/><F68/><W67/><G55/><T45/><D2/><U10/><E105/><V20/><F106/><W124/><G124/><T40/><D60/><U86/><E39/><V54/><F127/><W41/><G96/><T131/><D131/><U100/><E108/><V98/><F117/><W119/><G119/><T31/><D121/><U4/><E10/><V78/><F33/><W76/><G76/><T5/><D5/><U92/><E103/><V111/><F111/><W77/><G77/><T89/><D122/><U73/><E47/><V64/><F64/><W101/><G24/><T126/><D126/><U88/><E73/><V125/><F125/><W120/><G120/><T128/><D128/><U7/><E100/><V133/><F133/><W53/><G67/><T116/><D116/><U113/><E7/><V32/><F32/><W83/><G83/><T65/><D65/><U107/><E107/><V118/><F118/><W58/><REACH who="3" step="1"/><G41/><REACH who="3" ten="302,81,380,227" step="2"/><T94/><REACH who="0" step="1"/><D90/><REACH who="0" ten="292,81,380,227" step="2"/><U129/><E129/><V109/><F109/><W75/><G75/><T35/><AGARI ba="0,2" hai="15,16,21,25,31,35,37,40,45,50,51,84,89,94" machi="35" ten="20,8000,1" yaku="1,1,2,1,0,1,7,1,54,1,53,0" doraHai="104" doraHaiUra="57" who="0" fromWho="0" sc="292,100,81,-20,380,-20,227,-40" owari="392,49.0,61,-44.0,360,16.0,187,-21.0" />
</Scene>
</mjloggm>