<mjloggm ver="2.3"><GO type="169" lobby="0"/><UN n0="%E3%81%BE%E3%81%AA%E3%81%84%E3%81%9F%E3%82%88%E3%81%86%E3%81%98%E3%82%87" n1="%E5%B1%B1%E4%B8%8B%E3%83%80%E3%82%A4%E3%82%B9%E3%82%B1" n2="%E5%A4%AA%E3%81%8F%E3%81%AA%E3%81%84%E3%81%8A" n3="%E3%83%AA%E3%83%BB%E3%82%B7%E3%83%A3%E3%82%AA%E3%83%A9%E3%83%B3" dan="17,17,18,16" rate="2142.12,2059.39,2181.28,2046.24" sx="M,M,F,F"/><TAIKYOKU oya="0"/>

<Scene>
<INIT seed="0,0,0,3,2,64" ten="250,250,250,250" oya="0" hai0="92,77,115,10,102,107,22,84,130,23,132,134,35" hai1="31,126,96,36,106,105,52,9,39,58,110,66,26" hai2="68,29,63,86,124,74,87,122,15,25,94,47,127" hai3="89,34,62,114,18,21,5,30,67,83,14,37,75"/><T108/><D35/><U46/><E110/><V91/><F74/><W55/><G114/><T40/><D115/><U97/><E126/><N who="2" m="48171" /><F122/><W82/><G37/><T53/><D107/><U32/><E66/><N who="2" m="41055" /><F15/><W88/><G55/><T119/><D119/><U85/><E46/><V125/><F47/><W98/><G5/><T56/><D40/><U104/><E36/><V76/><F125/><W49/><G49/><N who="0" m="30767" /><D108/><U78/><E39/><V128/><F128/><W101/><G75/><T41/><D130/><U61/><REACH who="1" step="1"/><E9/><REACH who="1" ten="250,240,250,250" step="2"/><V123/><F123/><W117/><G67/><T71/><D10/><U16/><E16/><V120/><F120/><W0/><G18/><T11/><D11/><U80/><AGARI ba="0,1" hai="26,31,32,52,58,61,78,80,85,96,97,104,105,106" machi="80" ten="40,8000,1" yaku="1,1,0,1,54,1,53,1" doraHai="64" doraHaiUra="57" who="1" fromWho="1" sc="250,-40,240,90,250,-20,250,-20" />
</Scene>
<Scene>
<INIT seed="1,0,0,3,5,128" ten="210,330,230,230" oya="1" hai0="50,32,79,97,96,131,117,86,94,8,130,22,120" hai1="70,44,35,68,100,55,13,73,3,135,21,41,65" hai2="81,9,40,54,115,125,56,27,16,106,92,45,63" hai3="52,111,89,51,24,19,99,121,76,7,127,74,88"/><U18/><E135/><V36/><F106/><W122/><G111/><T30/><D32/><U84/><E73/><V93/><F125/><W69/><G69/><T49/><D117/><U39/><E35/><V1/><F115/><W2/><G2/><T101/><D120/><U66/><E3/><V91/><F1/><W87/><G74/><T123/><D123/><U47/><E100/><V105/><F105/><W77/><G122/><T25/><D8/><U17/><E68/><V4/><F4/><W31/><G121/><T113/><D113/><U83/><E70/><V67/><F67/><W114/><G114/><T10/><D10/><U6/><E6/><V20/><REACH who="2" step="1"/><F9/><REACH who="2" ten="210,330,220,230" step="2"/><W109/><G7/><T62/><D131/><U5/><E5/><V129/><F129/><W98/><G127/><T134/><D130/><U132/><E65/><V118/><F118/><W29/><G109/><T15/><D96/><U61/><E66/><V71/><F71/><W108/><G108/><T102/><D97/><U0/><E0/><V34/><F34/><W26/><G99/><T72/><D22/><U78/><E21/><V43/><F43/><W75/><G98/><T28/><D102/><U85/><E41/><V38/><F38/><W104/><G104/><T110/><D101/><U119/><E39/><V57/><F57/><W12/><G75/><T103/><D72/><U90/><E119/><V42/><F42/><W112/><G112/><T53/><D103/><U60/><E55/><V37/><F37/><W33/><G52/><T80/><D53/><U124/><E124/><V58/><F58/><RYUUKYOKU ba="0,1" sc="210,-10,330,-10,220,30,230,-10" hai2="16,20,27,36,40,45,54,56,63,81,91,92,93" />
</Scene>
<Scene>
<INIT seed="2,1,1,5,5,129" ten="200,320,250,220" oya="2" hai0="102,27,22,132,130,115,2,53,25,71,72,57,66" hai1="103,84,16,52,122,85,78,107,30,95,108,110,31" hai2="116,121,124,29,131,120,45,61,119,6,42,111,77" hai3="37,44,128,114,55,36,63,39,20,94,123,49,10"/><V64/><F29/><N who="1" m="10761" /><E107/><V134/><F6/><W14/><G123/><N who="2" m="47177" /><F77/><W126/><G128/><T33/><D130/><U26/><E78/><V65/><F131/><W99/><G126/><T135/><D115/><U81/><E81/><V48/><F124/><W40/><G114/><T46/><D33/><U76/><E76/><V118/><F111/><N who="1" m="42537" /><E122/><V97/><F97/><W73/><G73/><T11/><D72/><U56/><E95/><V59/><F65/><W43/><G20/><T96/><D66/><U105/><E103/><V89/><F89/><W15/><G63/><T17/><D71/><U88/><E88/><V47/><F47/><W0/><G0/><T28/><D46/><U83/><E83/><V112/><F112/><W80/><G80/><T51/><D96/><U4/><E4/><V18/><F18/><W87/><G87/><T75/><D75/><U9/><E105/><V32/><F32/><W34/><G34/><T1/><D102/><U86/><E86/><V127/><F127/><W24/><G99/><T113/><D113/><U100/><E100/><V117/><F117/><W21/><G94/><T70/><D70/><U35/><E35/><V106/><F106/><W92/><G92/><T104/><D104/><U50/><E9/><V8/><F8/><W54/><G10/><T90/><D11/><U133/><E84/><V13/><F13/><W62/><G14/><T3/><D90/><U23/><E85/><V12/><F12/><W91/><G15/><T98/><D98/><U19/><E19/><V67/><F67/><W7/><G91/><T60/><D60/><RYUUKYOKU ba="1,1" sc="200,10,320,10,250,10,220,-30" hai0="1,2,3,17,22,25,27,28,51,53,57,132,135" hai1="16,23,26,50,52,56,133" hai2="42,45,48,59,61,64,116,118,119,134" />
</Scene>
<Scene>
<INIT seed="2,2,1,3,2,79" ten="210,330,260,190" oya="2" hai0="30,54,17,122,67,31,71,53,119,61,60,102,33" hai1="37,132,26,91,38,20,134,3,0,86,77,27,23" hai2="15,108,82,21,76,87,83,62,75,129,105,68,88" hai3="22,10,11,39,42,66,94,59,19,6,49,1,47"/><V48/><F105/><W123/><G123/><T106/><D30/><U45/><E77/><V127/><F127/><W93/><G11/><T111/><D122/><U124/><E45/><V14/><F129/><W5/><G5/><T101/><D101/><U44/><E44/><V58/><F108/><W81/><G81/><T40/><D40/><U29/><E124/><V74/><F74/><W100/><G100/><T103/><D103/><U109/><E109/><V80/><F80/><W32/><G32/><T50/><D61/><U90/><E86/><V25/><F48/><W51/><G51/><T52/><D119/><U107/><E107/><V120/><F68/><W89/><G89/><T55/><D17/><U43/><E29/><V110/><F110/><W130/><G130/><T64/><D64/><U4/><E4/><V135/><F120/><W57/><G57/><N who="0" m="32951" /><D55/><U99/><REACH who="1" step="1"/><E43/><REACH who="1" ten="210,320,260,190" step="2"/><V65/><F135/><W36/><G42/><T104/><D104/><U18/><E18/><AGARI ba="2,2" hai="14,15,18,21,25,58,62,65,75,76,82,83,87,88" machi="18" ten="30,11600,0" yaku="7,1,52,2,54,1" doraHai="79" who="2" fromWho="1" sc="210,0,320,-122,260,142,190,0" />
</Scene>
<Scene>
<INIT seed="2,3,0,0,4,93" ten="210,198,402,190" oya="2" hai0="105,122,69,47,24,45,32,17,68,56,9,65,96" hai1="63,120,110,58,80,77,85,50,74,10,3,34,78" hai2="128,73,39,88,79,8,15,23,22,81,104,28,127" hai3="125,18,43,95,117,102,82,6,30,60,98,115,106"/><V52/><F39/><W111/><G117/><T14/><D122/><U126/><E34/><V130/><F104/><W108/><G6/><T124/><D56/><U27/><E120/><V87/><F127/><W41/><G125/><T4/><D124/><U119/><E119/><V99/><F52/><W40/><G115/><T26/><D26/><U64/><E110/><N who="3" m="42026" /><G30/><N who="0" m="19527" /><D17/><U38/><E38/><V1/><F1/><W133/><G133/><T7/><D69/><U71/><E27/><V54/><F54/><W89/><G82/><T48/><D48/><U53/><E126/><V19/><F28/><W132/><G132/><T112/><D4/><U131/><E131/><N who="2" m="50219" /><F99/><N who="3" m="61791" /><G60/><N who="0" m="39975" /><D112/><U76/><REACH who="1" step="1"/><E74/><REACH who="1" ten="210,188,402,190" step="2"/><V116/><F116/><W62/><G62/><T36/><D36/><U114/><E114/><V113/><F113/><W57/><G57/><T83/><D83/><AGARI ba="3,1" hai="8,15,19,22,23,73,79,81,83,87,88" m="50219" machi="83" ten="30,2900,0" yaku="19,1,54,1" doraHai="93" who="2" fromWho="0" sc="210,-38,188,0,402,48,190,0" />
</Scene>
<Scene>
<INIT seed="2,4,0,5,0,9" ten="172,188,450,190" oya="2" hai0="78,84,52,31,66,32,93,105,22,101,56,80,79" hai1="44,35,119,92,133,132,111,114,86,65,1,26,107" hai2="98,13,95,82,76,29,108,11,104,5,41,8,71" hai3="75,83,37,17,61,21,53,88,30,117,91,46,97"/><V7/><F71/><W100/><G117/><T124/><D32/><U131/><E65/><V85/><F108/><W89/><G30/><T40/><D105/><U77/><E44/><V58/><F104/><W18/><G18/><T109/><D40/><U102/><E26/><V99/><F29/><W28/><G28/><T110/><D66/><U20/><E20/><V34/><F34/><W112/><G112/><T47/><D124/><U96/><E35/><V12/><F41/><W73/><G83/><T129/><D47/><U60/><E60/><V57/><F99/><W130/><G130/><T0/><D0/><U33/><E1/><V63/><F63/><W125/><G125/><T38/><D38/><U94/><E33/><V120/><F120/><W103/><G103/><AGARI ba="4,0" hai="5,7,8,11,12,13,57,58,76,82,85,95,98,103" machi="103" ten="30,12000,1" yaku="7,1,9,1,8,1,52,2" doraHai="9" who="2" fromWho="3" sc="172,0,188,0,450,132,190,-132" />
</Scene>
<Scene>
<INIT seed="2,5,0,3,5,59" ten="172,188,582,58" oya="2" hai0="90,15,32,106,128,72,50,17,21,13,75,80,120" hai1="96,43,74,99,37,84,12,41,126,57,88,0,67" hai2="10,54,53,55,47,95,97,45,114,113,4,132,130" hai3="125,5,78,111,25,16,105,124,117,69,11,92,3"/><V98/><F130/><W7/><G105/><T104/><D120/><U108/><E0/><V73/><F73/><W49/><G69/><T8/><D32/><U60/><E74/><V83/><F132/><W102/><G117/><T91/><D128/><U26/><E37/><V19/><F83/><W101/><G78/><T23/><D50/><U40/><E108/><V65/><F19/><W64/><G111/><T9/><D80/><U131/><E131/><V82/><F82/><W34/><G7/><T133/><REACH who="0" step="1"/><D17/><REACH who="0" ten="162,188,582,58" step="2"/><U20/><E126/><V119/><F119/><W6/><G34/><T18/><D18/><N who="1" m="10311" /><E26/><V118/><F118/><W77/><G25/><T85/><D85/><U94/><AGARI ba="5,1" hai="40,41,43,57,60,67,84,88,94,96,99" m="10311" machi="94" ten="30,4000,0" yaku="8,1,52,1,54,1" doraHai="59" who="1" fromWho="1" sc="162,-15,188,65,582,-25,58,-15" />
</Scene>
<Scene>
<INIT seed="3,0,0,2,4,66" ten="147,253,557,43" oya="3" hai0="109,52,13,6,103,48,68,77,34,31,97,43,74" hai1="11,41,111,88,134,56,129,135,101,7,22,0,84" hai2="40,39,5,79,72,53,106,114,2,30,117,19,35" hai3="113,44,28,37,55,80,33,10,42,63,45,64,116"/><W59/><G116/><T86/><D74/><U110/><E129/><V36/><F53/><W25/><G113/><T90/><D77/><U124/><E124/><V126/><F19/><W105/><G105/><T92/><D43/><U51/><E101/><V1/><F117/><W17/><G80/><T133/><D133/><N who="1" m="50699" /><E22/><V112/><F106/><W119/><G119/><T61/><D6/><U12/><E0/><N who="2" m="107" /><F5/><W73/><G73/><T81/><D13/><U58/><E41/><V50/><F50/><W29/><G29/><T95/><D109/><N who="1" m="41483" /><E51/><V27/><F126/><W3/><G44/><T32/><D31/><U65/><E65/><V123/><F123/><W70/><G3/><T121/><D121/><U122/><E122/><V83/><F40/><W23/><G10/><T87/><D32/><U47/><E47/><V127/><F127/><W8/><G8/><T38/><D34/><U21/><E21/><V82/><F112/><W26/><REACH who="3" step="1"/><G55/><REACH who="3" ten="147,253,557,33" step="2"/><T71/><D81/><AGARI ba="0,1" hai="7,11,12,56,58,81,84,88" m="41483,50699" machi="81" ten="30,3900,0" yaku="20,1,14,1,54,1" doraHai="66" who="1" fromWho="0" sc="147,-39,253,49,557,0,33,0" />
</Scene>
<Scene>
<INIT seed="4,0,0,3,5,124" ten="108,302,557,33" oya="0" hai0="121,3,1,13,20,16,82,72,55,22,83,2,85" hai1="112,135,126,105,9,131,88,61,34,56,132,64,10" hai2="134,59,96,62,44,73,118,84,71,110,67,120,11" hai3="97,70,30,47,31,128,7,103,19,104,130,35,40"/><T14/><D72/><U117/><E117/><V92/><F110/><W39/><G19/><T113/><D121/><U43/><E34/><V66/><F120/><W18/><G18/><T41/><D113/><U106/><E112/><V109/><F109/><W114/><G114/><T94/><D41/><U45/><E126/><V89/><F73/><W51/><G51/><T107/><D107/><U8/><E88/><V48/><F118/><W133/><G133/><N who="1" m="51274" /><E131/><N who="3" m="50218" /><G35/><T52/><D14/><U27/><E27/><V79/><F48/><AGARI ba="0,0" hai="8,9,10,43,45,48,56,61,64,105,106" m="51274" machi="48" ten="30,1000,0" yaku="20,1" doraHai="124" who="1" fromWho="2" sc="108,0,302,10,557,-10,33,0" />
</Scene>
<Scene>
<INIT seed="5,0,0,0,5,47" ten="108,312,547,33" oya="1" hai0="12,81,66,100,71,127,130,26,80,117,114,77,86" hai1="121,134,18,56,36,113,13,60,37,128,105,61,133" hai2="28,93,15,104,67,111,102,45,101,20,94,19,107" hai3="9,21,123,108,52,96,72,3,82,74,84,112,135"/><U98/><E121/><V85/><F111/><W115/><G108/><T1/><D117/><U110/><E110/><V55/><F107/><W4/><G123/><T132/><D1/><U25/><E25/><V22/><F104/><W49/><G96/><T59/><D71/><U41/><E128/><V68/><F68/><W119/><G119/><T90/><D100/><N who="2" m="38506" /><F67/><W76/><G135/><N who="1" m="51722" /><E113/><N who="3" m="43594" /><G21/><T118/><D118/><U14/><E105/><V116/><F85/><W8/><G8/><T29/><D114/><U43/><E98/><V40/><F40/><N who="1" m="15433" /><E13/><V91/><F116/><W50/><G50/><T31/><D12/><U58/><E61/><V42/><F15/><W70/><G70/><T54/><D130/><U35/><E35/><V5/><F42/><W109/><G109/><T64/><D132/><U124/><E124/><V51/><F51/><W44/><AGARI ba="0,0" hai="3,4,9,44,49,52,72,74,76,82,84" m="43594" machi="44" ten="30,4000,0" yaku="15,1,52,1,54,1" doraHai="47" who="3" fromWho="3" sc="108,-10,312,-20,547,-10,33,40" />
</Scene>
<Scene>
<INIT seed="6,0,0,2,5,120" ten="98,292,537,73" oya="2" hai0="38,6,109,29,133,132,119,26,101,51,19,78,73" hai1="12,49,50,37,10,93,28,35,33,66,47,82,40" hai2="36,118,58,88,105,128,72,68,55,86,92,129,90" hai3="48,1,56,18,7,80,104,99,64,5,79,0,52"/><V39/><F118/><W3/><G64/><T135/><D38/><U54/><E66/><V77/><F68/><W31/><G31/><T59/><D6/><U14/><E14/><V125/><F105/><W113/><G113/><T70/><D70/><U87/><E93/><V121/><F121/><W110/><G110/><T89/><D119/><U94/><E94/><V115/><F115/><W81/><G81/><N who="0" m="45263" /><D101/><U85/><E85/><V134/><F134/><W126/><G126/><T117/><D117/><U16/><E28/><V2/><F2/><W22/><G99/><T15/><D89/><U41/><E37/><V75/><F125/><W130/><G104/><T97/><D97/><U131/><E131/><N who="2" m="50251" /><F90/><W108/><G108/><T44/><D109/><U95/><E95/><V43/><F43/><W32/><G32/><N who="0" m="20535" /><D59/><U69/><E40/><V62/><F75/><W96/><G96/><T124/><D124/><U84/><E84/><V112/><F112/><W21/><G130/><T83/><D83/><AGARI ba="0,0" hai="36,39,55,58,62,72,77,83,86,88,92" m="50251" machi="83" ten="30,2900,0" yaku="19,1,54,1" doraHai="120" who="2" fromWho="0" sc="98,-29,292,0,537,29,73,0" />
</Scene>
<Scene>
<INIT seed="6,1,0,1,3,115" ten="69,292,566,73" oya="2" hai0="39,127,23,114,86,25,121,103,32,48,126,69,3" hai1="8,85,80,118,1,76,57,10,105,55,84,111,92" hai2="6,62,17,123,124,45,100,108,67,119,16,36,96" hai3="24,50,102,117,88,66,97,15,33,112,116,107,26"/><V134/><F119/><W41/><G112/><T120/><D39/><U12/><E118/><V49/><F36/><W68/><G26/><T27/><D114/><U82/><E105/><V70/><F123/><W106/><G106/><T47/><D69/><U98/><E1/><V95/><F134/><W104/><G104/><T28/><D103/><U0/><E0/><V7/><F124/><N who="0" m="47658" /><D86/><U110/><E110/><V31/><F31/><N who="3" m="19687" /><G15/><T60/><D60/><U29/><E29/><V30/><F30/><W14/><G14/><T52/><D3/><U40/><E40/><V74/><F74/><W11/><G11/><T61/><D61/><N who="1" m="36031" /><E12/><V4/><REACH who="2" step="1"/><F108/><REACH who="2" ten="69,292,556,73" step="2"/><W93/><G117/><T79/><D121/><U109/><E111/><V63/><F63/><W51/><G116/><T13/><D120/><U122/><E109/><V37/><F37/><W130/><G130/><T59/><D28/><U132/><E122/><V34/><F34/><W38/><G38/><T99/><D32/><U101/><E132/><V21/><F21/><W81/><G68/><T128/><D128/><U2/><E8/><V42/><AGARI ba="1,1" hai="4,6,7,16,17,42,45,49,62,67,70,95,96,100" machi="42" ten="30,6000,0" yaku="1,1,0,1,54,1,53,0" doraHai="115" doraHaiUra="5" who="2" fromWho="2" sc="69,-21,292,-21,556,73,73,-21" />
</Scene>
<Scene>
<INIT seed="6,2,0,2,3,89" ten="48,271,629,52" oya="2" hai0="12,90,126,91,75,109,119,51,80,8,40,11,45" hai1="23,73,105,35,30,18,57,79,87,47,50,56,123" hai2="65,0,103,29,127,133,95,58,88,21,84,61,132" hai3="3,77,121,93,102,25,135,38,15,52,98,111,60"/><V20/><F0/><W118/><G111/><T26/><D109/><U112/><E73/><V86/><F127/><W99/><G118/><T116/><D126/><U16/><E105/><V68/><F103/><W114/><G121/><T83/><D26/><N who="1" m="16735" /><E35/><V66/><F84/><W9/><G3/><T7/><D11/><U2/><E2/><V49/><F29/><W107/><G38/><T6/><D6/><U70/><E70/><V78/><F78/><W124/><G124/><T39/><D39/><U10/><E112/><V19/><F66/><W43/><G43/><T113/><D113/><U54/><E123/><V81/><F81/><N who="0" m="31306" /><D75/><U122/><E122/><V31/><F31/><W48/><G114/><T85/><D85/><U36/><E36/><V34/><F34/><W14/><G77/><T72/><D72/><U100/><E100/><V32/><F32/><W5/><G135/><N who="2" m="51785" /><F19/><N who="1" m="7209" /><E10/><V104/><F104/><W74/><G74/><T106/><D106/><U96/><E96/><V130/><F130/><W37/><G37/><T120/><D120/><U22/><E22/><V125/><F125/><W134/><G134/><T41/><D116/><U53/><E79/><V82/><F82/><W27/><G15/><T1/><D1/><U110/><E87/><V17/><F17/><W101/><G60/><T64/><D119/><U67/><E110/><V115/><F115/><W55/><G55/><AGARI ba="2,0" hai="20,21,49,55,58,61,65,68,86,88,95" m="51785" machi="55" ten="30,5800,0" yaku="20,1,52,1,54,1" doraHai="89" who="2" fromWho="3" sc="48,0,271,0,629,64,52,-64" owari="48,-35.0,271,7.0,693,79.0,-12,-51.0" />
</Scene>
</mjloggm>