<mjloggm ver="2.3"><GO type="169" lobby="0"/><UN n0="%4D%49%40%34%32%38" n1="%E5%A4%AA%E3%81%8F%E3%81%AA%E3%81%84%E3%81%8A" n2="%E5%A4%A7%E7%8E%89%E5%B0%86" n3="%E6%B0%97%E6%A5%BD%E3%81%AB%E6%89%93%E3%81%A4" dan="16,17,17,16" rate="2150,2171,2174,2185" sx="M,M,M,M"/><TAIKYOKU oya="0"/>

<Scene>
<INIT seed="0,0,0,5,1,58" ten="250,250,250,250" oya="0" hai0="84,126,68,116,43,51,124,26,60,1,7,35,20" hai1="80,25,119,76,100,61,14,66,21,75,73,57,91" hai2="110,63,3,78,71,2,74,24,48,27,135,6,81" hai3="31,40,16,95,59,53,121,56,130,96,34,107,132"/><T82/><D116/><U113/><E119/><V5/><F110/><W54/><G132/><T65/><D35/><U97/><E113/><V109/><F109/><W104/><G130/><T37/><D37/><U46/><E91/><V13/><F135/><W29/><G40/><T15/><D1/><U79/><E14/><V36/><F36/><W41/><G41/><T127/><D43/><U125/><E46/><V11/><F48/><W98/><G95/><T90/><D51/><U117/><E117/><V22/><F5/><W47/><G47/><T70/><D70/><U9/><E9/><V32/><F32/><W115/><G34/><T23/><REACH who="0" step="1"/><D26/><REACH who="0" ten="240,250,250,250" step="2"/><U122/><E122/><V30/><F24/><W12/><G121/><T52/><D52/><U19/><E125/><V114/><F114/><W28/><G115/><T33/><D33/><U131/><E131/><V50/><F50/><N who="3" m="30775" /><G107/><T108/><D108/><U120/><E120/><V112/><F112/><W38/><G104/><T86/><D86/><U123/><E123/><V85/><F85/><W118/><G38/><T129/><D129/><U0/><E0/><V134/><F134/><W77/><G118/><T17/><D17/><U64/><E19/><V10/><F2/><W55/><G55/><T69/><D69/><U18/><E18/><N who="2" m="8511" /><F71/><W4/><G16/><T105/><D105/><U8/><E25/><V44/><F44/><W42/><G42/><T88/><D88/><U87/><E87/><V93/><F93/><W103/><G54/><T128/><D128/><U49/><E49/><V62/><F3/><W102/><G29/><RYUUKYOKU ba="0,1" sc="240,15,250,-15,250,15,250,-15" hai0="7,15,20,23,60,65,68,82,84,90,124,126,127" hai2="6,10,22,27,30,62,63,74,78,81" />
</Scene>
<Scene>
<INIT seed="0,1,1,3,4,26" ten="255,235,265,235" oya="0" hai0="81,135,54,87,83,9,110,62,21,0,95,101,82" hai1="84,40,74,52,57,12,91,41,127,115,98,117,130" hai2="78,19,104,56,2,32,73,103,97,15,99,120,65" hai3="48,80,123,76,86,133,88,25,124,100,106,55,5"/><T85/><D135/><U13/><E117/><V4/><F120/><W131/><G133/><T75/><D75/><U112/><E74/><V14/><F32/><W58/><G123/><T39/><D39/><U7/><E98/><V46/><F2/><W43/><G124/><T108/><D21/><U71/><E71/><V113/><F113/><N who="1" m="43593" /><E127/><V93/><F4/><W49/><G131/><T10/><D101/><U8/><E13/><V79/><F46/><W92/><G5/><T129/><D129/><U60/><E130/><V128/><F128/><W1/><G1/><T69/><D0/><U33/><E33/><V70/><F70/><W105/><G100/><T27/><D27/><U63/><E60/><V102/><F73/><W107/><G25/><T11/><D69/><U90/><E90/><V47/><F15/><W31/><G31/><T134/><D134/><U132/><E132/><V118/><F118/><W38/><G38/><T125/><D125/><U37/><E37/><V64/><F79/><W122/><G122/><T77/><D77/><U114/><N who="1" m="43601" /><U42/><DORA hai="28" /><E42/><V61/><F78/><W89/><REACH who="3" step="1"/><G92/><AGARI ba="1,1" hai="7,8,12,40,41,52,57,63,84,91,92" m="43601" machi="92" ten="40,2600,0" yaku="11,1,54,1" doraHai="26,28" who="1" fromWho="3" sc="255,0,235,39,265,0,235,-29" />
</Scene>
<Scene>
<INIT seed="1,0,0,5,2,126" ten="255,274,265,206" oya="1" hai0="55,77,75,45,87,96,76,35,36,125,98,23,100" hai1="5,2,99,9,113,83,64,4,63,135,26,111,65" hai2="7,93,101,91,82,46,34,39,133,72,47,124,131" hai3="114,88,43,31,41,0,89,61,118,50,85,58,48"/><U120/><E120/><V105/><F34/><W33/><G114/><T66/><D35/><U95/><E113/><V104/><F39/><W67/><G0/><T8/><D75/><U29/><E135/><V80/><F7/><W90/><G118/><T79/><D66/><U12/><E111/><V112/><F46/><W11/><G11/><T20/><D36/><U122/><E122/><V92/><F47/><W57/><G33/><T128/><D125/><U102/><E2/><V74/><F124/><W97/><G31/><T59/><D45/><U44/><E83/><N who="2" m="31787" /><F112/><W56/><G85/><T32/><D87/><U130/><E44/><V115/><F115/><W13/><G13/><T52/><D32/><U21/><E130/><V15/><F15/><W78/><G97/><N who="0" m="37483" /><D8/><U103/><E4/><V116/><F116/><W108/><G108/><T27/><D128/><U109/><E109/><V14/><F14/><W86/><G86/><T19/><D100/><N who="1" m="38443" /><E63/><V51/><F51/><N who="3" m="19499" /><G78/><T37/><D37/><U18/><E5/><V1/><F1/><W3/><G3/><T6/><D6/><U54/><E54/><N who="0" m="20521" /><D59/><AGARI ba="0,0" hai="41,43,56,57,58,59,61,67,88,89,90" m="19499" machi="59" ten="30,2000,0" yaku="8,1,54,1" doraHai="126" who="3" fromWho="0" sc="255,-20,274,0,265,0,206,20" />
</Scene>
<Scene>
<INIT seed="2,0,0,2,3,84" ten="235,274,265,226" oya="2" hai0="48,86,18,20,17,24,128,119,6,65,46,34,30" hai1="75,115,57,58,64,9,91,130,99,36,93,62,68" hai2="83,50,26,96,66,16,123,43,94,2,118,52,110" hai3="10,113,116,92,107,3,32,98,132,100,51,7,103"/><V89/><F118/><W53/><G116/><T22/><D119/><U37/><E115/><V121/><F2/><W122/><G122/><T35/><D128/><U101/><E75/><V8/><F110/><W126/><G113/><T0/><D65/><U59/><E130/><V40/><F66/><W90/><G126/><T129/><D129/><U39/><REACH who="1" step="1"/><E9/><REACH who="1" ten="235,264,265,226" step="2"/><V134/><F121/><W106/><G132/><T61/><D35/><U85/><E85/><N who="2" m="50367" /><F134/><W112/><G112/><T42/><D34/><U97/><E97/><V27/><F123/><W13/><G32/><T76/><D22/><U55/><E55/><V77/><F77/><W33/><G33/><T11/><D76/><U44/><E44/><N who="2" m="27719" /><F8/><W28/><G10/><T4/><D11/><U74/><E74/><V31/><F31/><W47/><G28/><T49/><D30/><U114/><E114/><V15/><F15/><W111/><G13/><T127/><D0/><U87/><E87/><V12/><F12/><W72/><G72/><T135/><D86/><U29/><E29/><V109/><F109/><W117/><G111/><T124/><D135/><U19/><E19/><V25/><F16/><W82/><G117/><T67/><D18/><U71/><E71/><V5/><F5/><N who="0" m="2154" /><D127/><U108/><E108/><V102/><AGARI ba="0,1" hai="25,26,27,40,43,94,96,102" m="27719,50367" machi="102" ten="30,6000,0" yaku="8,1,52,1,54,1" doraHai="84" who="2" fromWho="2" sc="235,-20,264,-20,265,70,226,-20" />
</Scene>
<Scene>
<INIT seed="2,1,0,2,5,80" ten="215,244,335,206" oya="2" hai0="52,30,103,65,34,1,127,62,32,42,116,53,48" hai1="15,73,24,44,109,93,102,90,117,71,84,75,49" hai2="112,56,33,126,105,100,97,63,74,5,25,122,66" hai3="125,9,134,23,81,2,31,16,64,72,8,45,4"/><V70/><F112/><W60/><G125/><T118/><D1/><U28/><E117/><N who="0" m="45161" /><D127/><U54/><E71/><V50/><F126/><W104/><G134/><T41/><D103/><U114/><E114/><V107/><F74/><W69/><G104/><T12/><D12/><U35/><E109/><V87/><F107/><W119/><G119/><T85/><D85/><U129/><E129/><V123/><F5/><W7/><G31/><T92/><D92/><U135/><E135/><V57/><F87/><W29/><G29/><T36/><D36/><U22/><REACH who="1" step="1"/><E102/><REACH who="1" ten="215,234,335,206" step="2"/><V6/><F122/><W61/><G69/><N who="0" m="42167" /><D34/><U3/><E3/><V101/><F123/><W43/><G2/><T58/><D53/><U26/><E26/><AGARI ba="1,1" hai="26,30,32,41,42,48,52,58" m="42167,45161" machi="26" ten="30,2000,0" yaku="12,1,54,1" doraHai="80" who="0" fromWho="1" sc="215,33,234,-23,335,0,206,0" />
</Scene>
<Scene>
<INIT seed="3,0,0,1,1,79" ten="248,211,335,206" oya="3" hai0="14,59,5,56,62,88,26,66,121,24,8,84,2" hai1="71,107,81,3,20,33,44,58,70,61,54,85,133" hai2="134,25,19,63,108,99,43,64,123,116,52,74,122" hai3="29,135,48,97,130,119,45,60,109,96,132,21,10"/><W131/><G10/><T1/><D121/><N who="2" m="46090" /><F116/><W76/><G119/><T106/><D106/><U82/><E33/><V73/><F108/><W51/><G29/><T110/><D110/><U77/><E107/><V4/><F134/><N who="3" m="51243" /><G109/><T39/><D39/><U22/><E133/><V72/><F43/><N who="3" m="24639" /><G21/><T103/><D103/><U65/><E3/><V124/><F124/><W34/><G34/><T129/><D129/><N who="3" m="49161" /><G51/><T41/><D2/><U67/><E20/><N who="2" m="13471" /><F4/><W95/><G76/><T68/><D1/><U37/><E22/><V50/><F99/><N who="3" m="37963" /><G60/><T125/><D26/><U101/><E101/><V75/><F75/><W118/><G118/><T100/><D100/><U126/><E61/><V112/><F112/><W47/><G47/><T27/><D27/><U18/><E44/><N who="2" m="27719" /><F74/><W98/><N who="3" m="37971" /><W105/><DORA hai="102" /><G105/><T87/><D5/><U57/><E37/><V7/><F7/><W12/><G12/><T69/><D14/><U91/><E54/><V113/><F113/><W42/><G42/><T13/><D41/><U28/><E28/><V9/><F9/><W120/><G120/><T55/><D8/><U80/><E67/><V86/><F86/><W46/><G46/><T31/><D13/><U0/><E65/><V38/><F38/><W49/><G49/><N who="0" m="30831" /><D87/><U117/><E85/><V128/><F128/><W17/><G17/><T89/><D84/><U30/><E18/><V40/><F40/><W114/><G114/><T35/><D31/><U36/><E30/><V15/><F15/><W53/><G53/><T104/><D24/><U127/><E36/><V78/><F78/><RYUUKYOKU ba="0,0" sc="248,-15,211,-15,335,15,206,15" hai2="63,64,72,73" hai3="95" />
</Scene>
<Scene>
<INIT seed="3,1,0,3,5,103" ten="233,196,350,221" oya="3" hai0="71,5,114,68,7,128,44,24,29,1,0,59,16" hai1="119,39,79,3,94,75,40,57,22,67,41,26,51" hai2="74,130,46,64,118,89,76,106,124,12,92,62,82" hai3="61,105,8,104,97,131,69,48,96,129,101,28,56"/><W110/><G110/><T121/><D121/><U54/><E3/><V126/><F118/><W32/><G8/><T49/><D128/><N who="3" m="49225" /><G32/><T34/><D114/><U42/><E119/><V120/><F130/><W70/><G28/><T100/><D59/><U123/><E123/><V20/><F120/><W4/><G4/><T127/><D127/><N who="2" m="48682" /><F46/><W81/><G48/><T45/><D7/><U19/><E67/><V117/><F117/><W25/><G25/><T99/><D5/><U95/><E39/><V9/><F20/><W47/><G47/><T77/><D44/><U133/><E133/><V93/><F89/><W113/><G81/><T112/><D112/><U58/><E58/><N who="2" m="36951" /><F106/><N who="3" m="41067" /><G113/><T72/><D34/><U84/><E75/><V87/><F74/><W86/><G86/><T132/><D72/><U116/><E116/><V80/><F82/><AGARI ba="1,0" hai="19,22,26,40,41,42,51,54,57,79,82,84,94,95" machi="82" ten="40,1300,0" yaku="8,1" doraHai="103" who="1" fromWho="2" sc="233,0,196,16,350,-16,221,0" />
</Scene>
<Scene>
<INIT seed="4,0,0,4,1,101" ten="233,212,334,221" oya="0" hai0="103,1,133,53,39,22,18,98,91,96,78,84,132" hai1="37,110,10,125,2,32,38,115,41,86,14,119,122" hai2="75,112,63,40,33,46,85,45,54,131,73,24,120" hai3="66,20,12,69,52,107,60,16,93,95,81,82,61"/><T87/><D1/><U48/><E110/><V31/><F120/><W108/><G108/><T58/><D39/><U102/><E122/><V79/><F112/><W109/><G109/><T49/><D78/><U94/><E119/><V55/><F131/><W36/><G36/><T83/><D87/><U124/><E32/><V89/><F79/><W42/><G42/><T129/><D129/><U134/><E2/><V130/><F130/><W0/><G0/><T23/><D96/><N who="1" m="59671" /><E86/><V26/><F26/><W4/><G107/><T21/><REACH who="0" step="1"/><D18/><REACH who="0" ten="223,212,334,221" step="2"/><N who="1" m="8535" /><E38/><V62/><F85/><W106/><G4/><T29/><D29/><U68/><E37/><V100/><F31/><W34/><G34/><T25/><D25/><U17/><E17/><V59/><F33/><W30/><G30/><T5/><D5/><U123/><E123/><V121/><F24/><W44/><G16/><T35/><D35/><U3/><E3/><V65/><F121/><W74/><G12/><T70/><D70/><U97/><E68/><V128/><F128/><W71/><G69/><T27/><D27/><U13/><E13/><V11/><F75/><W113/><G74/><T135/><D135/><U8/><E97/><V92/><F73/><W127/><G71/><T76/><D76/><U47/><E134/><V118/><F11/><W88/><G113/><T116/><D116/><U104/><E115/><V99/><F118/><W80/><G80/><T64/><D64/><U72/><E72/><V51/><F65/><W105/><G66/><T56/><D56/><U77/><E8/><V114/><F114/><W19/><G82/><RYUUKYOKU ba="0,1" sc="223,30,212,-10,334,-10,221,-10" hai0="21,22,23,49,53,58,83,84,91,98,103,132,133" />
</Scene>
<Scene>
<INIT seed="4,1,1,5,4,23" ten="253,202,324,211" oya="0" hai0="66,56,107,131,129,28,72,103,2,93,82,8,119" hai1="84,123,114,62,92,132,128,27,98,6,134,99,117" hai2="96,81,115,80,41,43,45,77,32,12,89,18,70" hai3="102,116,55,14,65,106,59,33,1,46,31,64,60"/><T95/><D119/><U24/><E117/><V10/><F70/><W112/><G116/><T118/><D118/><U5/><E123/><V97/><F32/><W48/><G1/><T75/><D28/><U91/><E128/><N who="0" m="49225" /><D2/><U11/><E62/><V74/><F115/><W44/><G112/><T21/><D8/><U4/><E11/><V13/><F13/><W54/><G14/><T100/><D21/><U53/><E53/><V7/><F18/><W49/><G106/><T111/><D111/><U85/><E114/><V108/><F108/><W39/><G102/><N who="0" m="38955" /><D107/><U36/><E36/><V76/><F43/><N who="3" m="22655" /><G31/><T88/><D56/><U71/><E71/><V73/><REACH who="2" step="1"/><F89/><REACH who="2" ten="253,202,314,211" step="2"/><W83/><G33/><T110/><D110/><U19/><E19/><V94/><F94/><N who="0" m="35850" /><D66/><N who="3" m="25705" /><G83/><T67/><D67/><U109/><E109/><V37/><AGARI ba="1,2" hai="7,10,12,37,41,45,73,74,76,77,80,81,96,97" machi="37" ten="20,5200,0" yaku="1,1,0,1,7,1,9,1,53,0" doraHai="23" doraHaiUra="122" who="2" fromWho="2" sc="253,-27,202,-14,314,75,211,-14" />
</Scene>
<Scene>
<INIT seed="5,0,0,0,0,23" ten="226,188,389,197" oya="1" hai0="102,12,127,80,131,72,24,83,75,20,117,51,9" hai1="69,41,42,104,115,66,125,37,58,39,97,130,6" hai2="63,122,36,57,44,121,109,28,101,73,55,91,123" hai3="111,103,32,53,110,87,19,33,50,92,43,62,84"/><U4/><E104/><V34/><F73/><W129/><G129/><T74/><D117/><U15/><E97/><V71/><F101/><W68/><G111/><T52/><D102/><U7/><E69/><V76/><F76/><W65/><G110/><T22/><D131/><U8/><E130/><V118/><F91/><W134/><G134/><T113/><D113/><U67/><E115/><V79/><F79/><W60/><G103/><T85/><D127/><U54/><E125/><V94/><F94/><W108/><G108/><T1/><D1/><U14/><E39/><V95/><F95/><W5/><G5/><N who="1" m="2154" /><E15/><V86/><F86/><W90/><G87/><T89/><D80/><U96/><E37/><V59/><F28/><W29/><G29/><T25/><D9/><U98/><E66/><N who="2" m="41439" /><F34/><W45/><REACH who="3" step="1"/><G19/><REACH who="3" ten="226,188,389,187" step="2"/><T13/><D72/><U61/><E67/><V48/><F109/><W2/><G2/><T88/><D85/><U0/><E0/><V106/><F106/><W112/><G112/><T18/><D18/><U77/><E77/><V21/><F121/><W49/><G49/><T105/><D51/><U17/><E7/><V70/><F36/><W93/><G93/><T31/><D105/><U124/><E124/><V120/><F120/><W133/><G133/><T35/><D31/><U116/><E116/><V114/><F118/><W82/><G82/><T10/><D83/><U56/><E96/><V30/><F114/><W119/><G119/><T81/><D81/><U135/><E135/><V11/><F122/><W99/><G99/><T16/><D74/><U40/><E98/><RYUUKYOKU ba="0,1" sc="226,-15,188,15,389,-15,187,15" hai1="8,14,17,40,41,42,54,56,58,61" hai3="32,33,43,45,50,53,60,62,65,68,84,90,92" />
</Scene>
<Scene>
<INIT seed="5,1,1,4,0,5" ten="211,203,374,202" oya="1" hai0="113,23,89,94,115,9,39,50,4,19,70,32,11" hai1="128,119,58,46,129,56,73,78,74,25,85,86,111" hai2="42,48,117,65,67,105,87,77,38,80,31,33,79" hai3="90,96,121,133,36,12,116,0,88,98,81,66,103"/><U97/><E119/><V37/><F117/><W106/><G116/><T3/><D39/><U22/><E111/><V51/><F105/><W93/><G0/><T21/><D32/><U45/><E97/><V18/><F38/><W24/><G121/><T132/><D70/><U82/><E85/><V44/><F77/><W134/><G36/><T27/><D132/><N who="3" m="50793" /><G66/><T110/><D110/><U13/><E13/><V104/><F104/><W124/><G124/><T114/><D50/><U8/><E8/><N who="0" m="3145" /><D23/><U64/><E46/><V29/><F18/><W91/><G12/><T49/><D49/><U92/><E45/><N who="2" m="25655" /><F33/><W26/><G81/><T120/><D120/><U28/><E64/><N who="2" m="24651" /><F37/><W15/><G15/><T75/><D3/><U17/><E17/><V47/><F47/><W108/><G108/><T43/><D4/><U68/><E68/><V41/><AGARI ba="1,1" hai="29,31,41,44,51,79,80,87" m="24651,25655" machi="41" ten="30,1100,0" yaku="8,1" doraHai="5" who="2" fromWho="2" sc="211,-4,203,-6,374,24,202,-4" />
</Scene>
<Scene>
<INIT seed="6,0,0,3,0,133" ten="207,197,398,198" oya="2" hai0="9,78,51,73,54,21,11,132,135,107,123,43,31" hai1="28,102,103,23,85,49,77,125,42,101,2,86,4" hai2="76,44,94,66,30,114,90,83,24,87,115,59,65" hai3="67,97,126,129,134,119,27,72,47,69,58,35,6"/><V130/><F130/><W112/><G119/><T5/><D107/><U34/><E34/><V22/><F44/><W41/><G72/><T100/><D43/><U104/><E104/><V33/><F33/><W127/><G129/><T55/><D100/><U105/><E105/><V62/><REACH who="2" step="1"/><F65/><REACH who="2" ten="207,197,388,198" step="2"/><W118/><G134/><T16/><D132/><U46/><E46/><V124/><F124/><N who="3" m="47659" /><G118/><T80/><D135/><U109/><E125/><V71/><F71/><W63/><G112/><T98/><D123/><U70/><E70/><V111/><F111/><W88/><G69/><T75/><D55/><U93/><E109/><V52/><F52/><W18/><G35/><T116/><D54/><U121/><E121/><V14/><F14/><W7/><G27/><T17/><D116/><U89/><E42/><V122/><F122/><W25/><G25/><T61/><D73/><AGARI ba="0,1" hai="22,24,30,59,62,66,73,76,83,87,90,94,114,115" machi="73" ten="40,2000,0" yaku="1,1,53,0" doraHai="133" doraHaiUra="12" who="2" fromWho="0" sc="207,-20,197,0,388,30,198,0" />
</Scene>
<Scene>
<INIT seed="6,1,0,3,5,70" ten="187,197,418,198" oya="2" hai0="4,21,53,59,117,121,111,50,16,0,131,56,35" hai1="96,90,71,95,39,6,92,49,15,76,112,86,69" hai2="101,73,62,125,109,1,84,119,28,124,47,33,8" hai3="79,26,18,60,48,9,51,30,43,24,97,66,2"/><V102/><F73/><W27/><G79/><T72/><D121/><U122/><E39/><V130/><F119/><W14/><G2/><T99/><D111/><U116/><E116/><V34/><F62/><W115/><G115/><T135/><D35/><U58/><E112/><V113/><F113/><W74/><G74/><T77/><D117/><U57/><E122/><V11/><F84/><W3/><G3/><T83/><D135/><U25/><E69/><V17/><F1/><W110/><G110/><T81/><D131/><U108/><E71/><V106/><F109/><W82/><G82/><T134/><D134/><U37/><E37/><V100/><F106/><W87/><G87/><T118/><D118/><U45/><E25/><N who="3" m="9834" /><G43/><T127/><D83/><N who="1" m="47463" /><E108/><V38/><F28/><W104/><G97/><T88/><D127/><U13/><E92/><V44/><F101/><W29/><G104/><T63/><D0/><U31/><E31/><N who="3" m="11786" /><G27/><N who="0" m="14759" /><D72/><U123/><E123/><V85/><F85/><W128/><G128/><T46/><D81/><U41/><E15/><V12/><F12/><W32/><G32/><T132/><D132/><U75/><E75/><V98/><F130/><W129/><G129/><T22/><D77/><U78/><E78/><V91/><F98/><W54/><G66/><N who="0" m="39271" /><D88/><U10/><AGARI ba="1,0" hai="6,10,13,41,45,49,57,58,90,95,96" m="47463" machi="10" ten="30,2000,0" yaku="25,1,8,1" doraHai="70" who="1" fromWho="1" sc="187,-6,197,23,418,-11,198,-6" />
</Scene>
<Scene>
<INIT seed="7,0,0,0,5,121" ten="181,220,407,192" oya="3" hai0="12,88,55,80,8,30,52,39,98,42,124,18,116" hai1="33,56,110,77,32,107,17,62,113,34,101,65,95" hai2="126,27,67,66,72,89,81,130,117,28,73,6,9" hai3="91,106,48,112,21,1,36,94,71,114,22,26,109"/><W50/><G106/><T0/><D116/><U127/><E110/><V82/><F117/><W104/><G104/><T129/><D0/><U74/><E107/><V131/><F126/><W100/><G1/><T92/><D124/><U96/><E127/><V58/><F89/><W102/><G71/><T47/><D129/><N who="2" m="49162" /><F82/><W61/><G61/><T86/><D30/><U29/><E113/><N who="3" m="43626" /><G36/><T14/><D12/><U134/><E134/><V93/><F93/><W120/><G120/><T19/><D19/><U90/><E17/><V53/><F81/><W133/><G133/><T63/><D63/><U123/><E123/><V23/><F72/><W122/><G122/><T31/><D31/><U54/><E29/><V118/><F73/><W16/><G22/><T13/><D13/><U49/><E74/><V75/><F75/><W59/><G109/><T43/><D43/><U84/><E77/><AGARI ba="0,0" hai="8,14,18,39,42,47,52,55,77,80,86,88,92,98" machi="77" ten="30,3900,0" yaku="7,1,54,2" doraHai="121" who="0" fromWho="1" sc="181,39,220,-39,407,0,192,0" owari="220,2.0,181,-32.0,407,51.0,192,-21.0" />
</Scene>
</mjloggm>