<mjloggm ver="2.3"><GO type="193"/><UN n0="%72%69%74%63%68%69%65" n1="%6F%79%61%7A%69%31" n2="%E5%A4%AA%E3%81%8F%E3%81%AA%E3%81%84%E3%81%8A" n3="%74%6F%73%68%69%35%32%33" dan="12,11,12,12" rate="1698,1600,1892,1865" sx="M,M,M,M"/><TAIKYOKU oya="0"/>

<Scene>
<INIT seed="0,0,0,1,4,126" ten="250,250,250,250" oya="0" hai0="48,119,65,91,5,77,71,129,107,4,22,114,111" hai1="26,104,7,8,12,27,127,109,72,108,15,98,58" hai2="117,46,70,45,97,16,133,43,93,132,38,67,121" hai3="9,113,42,39,116,54,29,102,103,0,106,135,90"/><T80/><D119/><U20/><E72/><V60/><F121/><W130/><G116/><T134/><D114/><U75/><E75/><V96/><F117/><W66/><G113/><T52/><D107/><U74/><E74/><V125/><F125/><W101/><G106/><T63/><D134/><N who="2" m="51818" /><F46/><W86/><G135/><T100/><D111/><N who="1" m="42571" /><E58/><V56/><F16/><W6/><G66/><T19/><D129/><U84/><E84/><V76/><F76/><W51/><G130/><T115/><D115/><U32/><E98/><N who="2" m="37995" /><F93/><W61/><G61/><T73/><D91/><U41/><E41/><V33/><F33/><W35/><G42/><T78/><D78/><U44/><E44/><V3/><F3/><W23/><G39/><T89/><D89/><U124/><E104/><V81/><F81/><W49/><G35/><T31/><D31/><N who="1" m="19575" /><E15/><V68/><AGARI ba="0,0" hai="38,43,45,56,60,67,68,70" m="37995,51818" machi="68" ten="30,1100,0" yaku="20,1" doraHai="126" who="2" fromWho="2" sc="250,-5,250,-3,250,11,250,-3" />
</Scene>
<Scene>
<INIT seed="1,0,0,1,4,121" ten="245,247,261,247" oya="1" hai0="63,104,71,5,21,82,60,38,101,98,12,129,130" hai1="44,106,35,132,15,32,133,87,11,93,73,116,58" hai2="90,135,108,86,105,109,16,61,70,125,113,25,115" hai3="33,117,83,36,84,126,0,66,4,97,64,50,100"/><U59/><E116/><V46/><F105/><W37/><G117/><T103/><D38/><U124/><E106/><V94/><F135/><W91/><G33/><T99/><D82/><U45/><E73/><V18/><F125/><W2/><G126/><T8/><D71/><U123/><E123/><V67/><F46/><W72/><G37/><T27/><D130/><U131/><E131/><V62/><F62/><W88/><G36/><T89/><D89/><U48/><E124/><V69/><F69/><W39/><G39/><T134/><D134/><N who="1" m="51819" /><E93/><V128/><F128/><W47/><G72/><T54/><D54/><N who="1" m="32071" /><E87/><V30/><F30/><W41/><G91/><T10/><D10/><U7/><E59/><V65/><F65/><W52/><G41/><T42/><D42/><U96/><E96/><V55/><F55/><W118/><G118/><T75/><D75/><U114/><E114/><N who="2" m="43531" /><F25/><W107/><REACH who="3" step="1"/><G4/><REACH who="3" ten="245,247,261,237" step="2"/><T95/><REACH who="0" step="1"/><D129/><REACH who="0" ten="235,247,261,237" step="2"/><U80/><E35/><V122/><F122/><W110/><G110/><AGARI ba="0,2" hai="16,18,61,67,70,86,90,94,108,109,110" m="43531" machi="110" ten="30,12000,2" yaku="14,1,11,1,52,3,54,1" doraHai="121" who="2" fromWho="3" sc="235,0,247,0,261,140,237,-120" />
</Scene>
<Scene>
<INIT seed="2,0,0,3,4,11" ten="235,247,401,117" oya="2" hai0="72,102,29,108,121,113,5,59,63,22,19,82,23" hai1="14,25,86,126,13,91,117,16,83,57,101,38,87" hai2="80,135,124,47,45,133,66,21,69,123,114,35,36" hai3="112,41,9,120,70,6,88,24,34,26,31,74,4"/><V56/><F35/><N who="3" m="20967" /><G70/><T39/><D121/><U10/><E38/><V3/><F3/><W17/><G74/><T128/><D113/><U90/><E126/><V61/><F123/><W134/><G88/><T58/><D108/><U84/><E117/><V125/><F114/><W43/><G43/><T50/><D128/><U0/><E0/><V60/><F80/><W111/><G41/><T85/><D39/><U78/><E101/><V27/><F36/><W30/><G112/><T32/><D32/><U95/><E25/><V54/><F21/><W8/><G120/><T118/><D72/><U93/><E57/><V77/><F27/><W97/><G97/><T1/><D1/><U37/><E37/><V79/><F77/><W2/><G134/><N who="2" m="51209" /><F79/><W55/><G55/><T46/><D5/><U68/><E68/><V132/><F132/><W115/><G115/><T116/><D118/><U104/><E104/><V92/><F92/><W110/><G17/><T131/><D102/><U109/><E109/><V20/><F45/><W103/><G103/><T81/><D81/><U40/><E40/><V12/><F47/><W18/><G18/><AGARI ba="0,0" hai="12,18,20,54,56,60,61,66,69,124,125" m="51209" machi="18" ten="30,2900,0" yaku="20,1,52,1" doraHai="11" who="2" fromWho="3" sc="235,0,247,0,401,29,117,-29" />
</Scene>
<Scene>
<INIT seed="2,1,0,4,5,71" ten="235,247,430,88" oya="2" hai0="51,8,69,55,39,101,102,11,81,129,65,127,112" hai1="121,78,133,119,76,125,130,106,21,47,92,61,45" hai2="88,120,96,58,100,16,95,123,66,134,109,62,43" hai3="2,35,116,80,87,64,5,131,52,85,13,31,50"/><V99/><F134/><W108/><G116/><T74/><D112/><U23/><E133/><V60/><F109/><W73/><G108/><T114/><D114/><U118/><E130/><V6/><F6/><W90/><G131/><T12/><D129/><U54/><E125/><V46/><F62/><W89/><G73/><T107/><D127/><U20/><E121/><V103/><F16/><W32/><G2/><T3/><D39/><U105/><E92/><V1/><F1/><W57/><G31/><T72/><D72/><U135/><E135/><V14/><F14/><W79/><G64/><T17/><D107/><U126/><E126/><V53/><F66/><W0/><G0/><T56/><D74/><U41/><E41/><V15/><F15/><W36/><G36/><T37/><D37/><U94/><E94/><V84/><F99/><W4/><G79/><T7/><REACH who="0" step="1"/><D81/><REACH who="0" ten="225,247,430,88" step="2"/><U59/><E119/><V42/><F123/><W33/><REACH who="3" step="1"/><G13/><REACH who="3" ten="225,247,430,78" step="2"/><T124/><D124/><U27/><E118/><V117/><F117/><W68/><G68/><T82/><D82/><AGARI ba="1,2" hai="4,5,32,33,35,50,52,57,80,82,85,87,89,90" machi="82" ten="40,5200,0" yaku="1,1,9,1,54,1,53,0" doraHai="71" doraHaiUra="75" who="3" fromWho="0" sc="225,-55,247,0,430,0,78,75" />
</Scene>
<Scene>
<INIT seed="3,0,0,5,4,102" ten="170,247,430,153" oya="3" hai0="96,100,71,122,49,64,60,103,133,8,62,76,11" hai1="106,22,135,81,129,27,34,36,57,74,111,61,47" hai2="101,78,24,12,75,21,87,113,109,123,80,114,132" hai3="69,130,116,104,7,79,110,18,99,127,32,128,46"/><W125/><G69/><T2/><D122/><U41/><E135/><V35/><F35/><W77/><G32/><T84/><D133/><U105/><E129/><N who="3" m="49770" /><G7/><T112/><D112/><U3/><E3/><V134/><F132/><W53/><G116/><T44/><D2/><U120/><E120/><V98/><F134/><W25/><G25/><T1/><D1/><U39/><E39/><V126/><F123/><W89/><G18/><T6/><D6/><U38/><E38/><V17/><F109/><W28/><G28/><T55/><D60/><U13/><E111/><V0/><F0/><W10/><G10/><T73/><D103/><U42/><E42/><V63/><F126/><N who="3" m="48139" /><G110/><T20/><D73/><U90/><E34/><V117/><F117/><W30/><G30/><T118/><D118/><U33/><E33/><V107/><F75/><W15/><G15/><T9/><D76/><N who="3" m="29257" /><G53/><T56/><D84/><U51/><E36/><V121/><F121/><W115/><G46/><T94/><D71/><U54/><E74/><V86/><F24/><W108/><G108/><T26/><REACH who="0" step="1"/><D8/><REACH who="0" ten="160,247,430,153" step="2"/><U16/><E13/><V59/><F87/><W23/><G23/><T93/><D93/><U40/><E41/><V68/><F68/><W119/><G119/><T66/><D66/><AGARI ba="0,1" hai="12,17,21,59,63,66,78,80,86,98,101,107,113,114" machi="66" ten="30,2000,0" yaku="7,1,52,1" doraHai="102" who="2" fromWho="0" sc="160,-20,247,0,430,30,153,0" owari="140,-36.0,247,5.0,460,56.0,153,-25.0" />
</Scene>
</mjloggm>