<mjloggm ver="2.3"><GO type="193"/><UN n0="%E5%A4%AA%E3%81%8F%E3%81%AA%E3%81%84%E3%81%8A" n1="%6B%65%6E%2D%47" n2="%E3%82%AE%E3%82%AC%E3%83%8B%E3%83%BC%E3%83%88" n3="%6B%69%72%61%77%69%6C%64" dan="12,12,10,11" rate="1940,1701,1518,1640" sx="M,M,M,M"/><TAIKYOKU oya="0"/>

<Scene>
<INIT seed="0,0,0,0,5,55" ten="250,250,250,250" oya="0" hai0="73,122,135,99,112,118,82,66,121,42,50,75,101" hai1="53,33,106,8,24,68,44,27,7,10,113,78,4" hai2="128,51,34,91,86,21,22,32,134,12,88,120,114" hai3="70,46,39,16,41,84,131,23,96,72,94,35,108"/><T103/><D66/><U80/><E68/><V61/><F120/><N who="0" m="46186" /><D50/><U31/><E106/><V3/><F114/><W63/><G35/><N who="2" m="13353" /><F3/><W97/><G72/><N who="0" m="27723" /><D42/><U43/><E53/><V9/><F134/><W71/><G108/><T133/><D112/><U79/><E79/><V85/><F128/><W60/><G131/><T2/><D2/><U49/><E113/><V19/><F61/><W29/><G29/><T76/><D118/><U115/><E115/><V45/><F45/><W125/><G125/><T48/><D48/><U132/><E132/><N who="0" m="50761" /><D99/><U38/><E38/><V57/><F57/><W25/><G84/><AGARI ba="0,0" hai="76,82,84,101,103" m="50761,27723,46186" machi="84" ten="40,7700,0" yaku="20,1,34,2" doraHai="55" who="0" fromWho="3" sc="250,77,250,0,250,0,250,-77" />
</Scene>
<Scene>
<INIT seed="0,1,0,4,2,46" ten="327,250,250,173" oya="0" hai0="121,91,86,99,22,111,130,73,30,42,112,9,127" hai1="38,29,100,90,94,69,119,17,24,31,89,20,35" hai2="105,61,37,129,134,3,8,15,131,92,102,108,25" hai3="116,123,52,5,47,48,133,58,57,0,14,16,11"/><T76/><D121/><U75/><E119/><V40/><F3/><W68/><G116/><T128/><D112/><U120/><E120/><V74/><F74/><W53/><G123/><T23/><D127/><U33/><E38/><V44/><F105/><W62/><G133/><T28/><D42/><U1/><E1/><V97/><F61/><W78/><G78/><T19/><D99/><U101/><E69/><V55/><F25/><W12/><G0/><T125/><D125/><U34/><E75/><V93/><F108/><W72/><G72/><T109/><D76/><U118/><E118/><V88/><F134/><W18/><G68/><T110/><D73/><U126/><E126/><V45/><F45/><W87/><G87/><T49/><D49/><U6/><E6/><V132/><F132/><W79/><G79/><T95/><D9/><U115/><E115/><V124/><F124/><W67/><REACH who="3" step="1"/><G14/><REACH who="3" ten="327,250,250,163" step="2"/><N who="0" m="9591" /><D23/><U98/><E100/><V50/><F131/><AGARI ba="1,1" hai="28,30,86,91,95,109,110,111,128,130,131" m="9591" machi="131" ten="40,7700,0" yaku="14,1,10,1,19,1" doraHai="46" who="0" fromWho="2" sc="327,90,250,0,250,-80,163,0" />
</Scene>
<Scene>
<INIT seed="0,2,0,3,3,54" ten="417,250,170,163" oya="0" hai0="74,71,101,92,108,93,11,130,43,133,49,56,99" hai1="84,35,94,125,132,126,112,57,2,69,107,41,48" hai2="129,34,110,131,37,109,78,25,134,103,28,38,22" hai3="91,68,117,29,62,12,65,47,86,111,33,76,31"/><T14/><D71/><U119/><E119/><V77/><F103/><W1/><G117/><T32/><D32/><U64/><E107/><V23/><F134/><W118/><G118/><T120/><D120/><U116/><E116/><V16/><F34/><W88/><G111/><N who="2" m="42505" /><F28/><W10/><G1/><T82/><D108/><U30/><E112/><V114/><F114/><W60/><G33/><T39/><D133/><U26/><E69/><V102/><F102/><W128/><G128/><N who="2" m="49225" /><F25/><W0/><G0/><T106/><D130/><U67/><E2/><V80/><F80/><N who="3" m="47367" /><G68/><T40/><D39/><N who="2" m="14858" /><F16/><N who="3" m="8215" /><G65/><T5/><D106/><U27/><E27/><V42/><F42/><W24/><G47/><T20/><D40/><U44/><E132/><V100/><F100/><W6/><G24/><T50/><D43/><U72/><E72/><V122/><F122/><W17/><G6/><T124/><D5/><U21/><E35/><V127/><F127/><N who="1" m="48649" /><E94/><V87/><F87/><W96/><G17/><T66/><D92/><U13/><E84/><V95/><F95/><N who="3" m="56423" /><G91/><T8/><D124/><U59/><E13/><V58/><F58/><AGARI ba="2,0" hai="21,26,30,41,44,48,57,58,59,64,67" m="48649" machi="58" ten="30,7700,0" yaku="18,1,52,3" doraHai="54" who="1" fromWho="2" sc="417,0,250,83,170,-83,163,0" />
</Scene>
<Scene>
<INIT seed="1,0,0,2,5,77" ten="417,333,87,163" oya="1" hai0="89,69,64,28,13,5,74,71,120,12,102,59,81" hai1="103,31,94,91,126,22,11,68,66,116,40,0,93" hai2="47,104,1,24,119,33,63,97,107,122,15,98,110" hai3="34,83,67,76,45,113,95,106,50,124,73,121,70"/><U30/><E116/><V19/><F119/><W2/><G113/><T96/><D120/><U78/><E126/><V86/><F122/><W125/><G121/><T32/><D32/><U10/><E78/><V26/><F110/><W27/><G95/><T129/><D28/><U117/><E117/><V54/><F1/><W9/><G50/><T75/><D129/><U127/><E127/><N who="3" m="48714" /><G45/><T56/><D89/><U16/><E103/><V4/><F33/><W17/><G17/><T133/><D133/><U84/><E40/><V62/><F86/><W20/><G20/><T7/><D102/><U3/><E68/><V37/><F37/><W99/><G9/><N who="1" m="3082" /><E3/><V43/><F4/><W65/><G65/><T41/><D64/><U132/><E0/><V49/><F15/><W111/><G2/><T135/><D135/><U131/><E132/><V29/><F19/><W134/><G111/><T123/><D123/><U57/><E131/><V61/><F54/><W8/><G134/><T80/><D41/><U130/><E130/><V114/><F114/><W101/><G8/><T18/><D18/><U82/><E66/><V38/><F38/><W46/><G46/><T48/><D48/><U90/><E57/><V6/><F6/><W23/><G23/><T52/><D52/><U44/><E44/><V100/><REACH who="2" step="1"/><F29/><REACH who="2" ten="417,333,77,163" step="2"/><N who="1" m="10761" /><E90/><V108/><F108/><W60/><G27/><AGARI ba="0,1" hai="16,22,27,82,84,91,93,94" m="10761,3082" machi="27" ten="30,5800,0" yaku="8,1,52,1,54,1" doraHai="77" who="1" fromWho="3" sc="417,0,333,68,77,0,163,-58" />
</Scene>
<Scene>
<INIT seed="1,1,0,4,5,120" ten="417,401,77,105" oya="1" hai0="2,62,48,102,21,44,46,96,130,13,91,9,132" hai1="133,66,10,63,116,11,15,52,42,61,131,19,119" hai2="117,83,109,5,43,58,16,126,27,79,81,30,72" hai3="75,7,98,135,56,67,28,38,108,8,78,124,105"/><U29/><E29/><V20/><F117/><W31/><G124/><T104/><D130/><U53/><E42/><V103/><F126/><W37/><G135/><T106/><D132/><U26/><E131/><V34/><F43/><W107/><G56/><T123/><D123/><U112/><E112/><V0/><F103/><W33/><G67/><T12/><D106/><N who="3" m="40457" /><G108/><T73/><D73/><U55/><E133/><V47/><F47/><W40/><G31/><T92/><D62/><U25/><E116/><V118/><F118/><W1/><G1/><T87/><D21/><U100/><E119/><V84/><F58/><W90/><G90/><T39/><D39/><U93/><E11/><V64/><F64/><W97/><G97/><T80/><D104/><U18/><E18/><V4/><F4/><W127/><G98/><T89/><D102/><U32/><E32/><V60/><F60/><N who="1" m="23113" /><E66/><V45/><F45/><W129/><G127/><T128/><D46/><U113/><E113/><V114/><F114/><W54/><G129/><T77/><D128/><U94/><E100/><V51/><F51/><W71/><G54/><N who="1" m="13826" /><U65/><DORA hai="35" /><E65/><V101/><F101/><W115/><G115/><T14/><D2/><U36/><E36/><V82/><F0/><N who="3" m="103" /><G40/><N who="0" m="24583" /><D9/><U88/><E94/><V22/><F22/><W23/><G23/><T76/><AGARI ba="1,0" hai="12,13,14,76,77,80,87,89,91,92,96" m="24583" machi="76" ten="30,1100,0" yaku="8,1" doraHai="120,35" who="0" fromWho="0" sc="417,14,401,-6,77,-4,105,-4" />
</Scene>
<Scene>
<INIT seed="2,0,0,3,5,66" ten="431,395,73,101" oya="2" hai0="64,31,60,34,128,6,30,23,42,107,98,28,47" hai1="1,75,89,135,84,52,12,16,92,117,53,43,32" hai2="110,108,71,96,131,105,25,104,103,11,27,85,19" hai3="59,83,90,72,58,4,24,61,40,76,81,21,79"/><V120/><F120/><W124/><G40/><T7/><D128/><U109/><E117/><V87/><F131/><W133/><G4/><T63/><D34/><U112/><E112/><V74/><F74/><W20/><G124/><T15/><D107/><N who="2" m="41034" /><F11/><W54/><G133/><T50/><D98/><U0/><E32/><V36/><F36/><W22/><G24/><N who="2" m="9289" /><F19/><W102/><G102/><T55/><D42/><U73/><E43/><V122/><F122/><W101/><G101/><T118/><D118/><U5/><E135/><V39/><F39/><W93/><G72/><T49/><D49/><U119/><E119/><V56/><F56/><N who="3" m="21547" /><G54/><T88/><D88/><U14/><E5/><N who="0" m="1545" /><D64/><U67/><E67/><V3/><F3/><W134/><G61/><T129/><D129/><U51/><E1/><V45/><F45/><W94/><G134/><T99/><D99/><U9/><E0/><V132/><F132/><W33/><G90/><T18/><AGARI ba="0,0" hai="15,18,23,28,30,31,47,50,55,60,63" m="1545" machi="18" ten="30,1100,0" yaku="8,1" doraHai="66" who="0" fromWho="0" sc="431,11,395,-3,73,-5,101,-3" />
</Scene>
<Scene>
<INIT seed="3,0,0,1,1,122" ten="442,392,68,98" oya="3" hai0="49,109,88,15,6,99,22,30,104,10,128,115,113" hai1="4,82,118,123,8,90,56,124,87,58,76,81,35" hai2="66,27,7,60,125,2,44,19,1,17,117,0,130" hai3="61,78,34,42,62,52,54,74,105,133,68,107,46"/><W121/><G121/><T73/><D109/><U18/><E123/><V135/><F117/><W32/><G133/><T43/><D73/><U45/><E118/><V112/><F112/><N who="0" m="43082" /><D128/><U110/><E35/><V9/><F135/><W12/><G12/><T57/><D104/><N who="3" m="40009" /><G74/><T70/><D70/><U132/><E132/><V92/><F92/><W71/><G78/><T3/><D43/><U29/><E29/><V51/><F51/><W114/><G42/><T64/><D64/><U79/><E45/><V94/><F94/><W83/><G114/><T31/><D49/><U26/><E124/><V39/><F39/><W102/><G46/><T127/><D57/><U67/><E67/><V101/><F101/><W47/><G102/><T85/><D99/><U59/><E90/><V134/><F134/><W65/><G83/><N who="0" m="49215" /><D127/><U84/><E26/><V40/><F40/><W80/><G80/><T100/><D100/><U36/><E36/><V69/><F69/><N who="3" m="26699" /><G65/><T131/><D131/><U120/><E120/><V63/><F63/><N who="3" m="24075" /><G47/><T98/><D98/><U28/><E28/><N who="0" m="10793" /><D22/><U11/><E18/><N who="2" m="6667" /><F66/><W86/><G86/><T129/><D129/><U53/><E53/><AGARI ba="0,0" hai="32,34,52,53,54" m="24075,26699,40009" machi="53" ten="40,7700,0" yaku="28,2,54,1" doraHai="122" who="3" fromWho="1" sc="442,0,392,-77,68,0,98,77" />
</Scene>
<Scene>
<INIT seed="3,1,0,2,1,131" ten="442,315,68,175" oya="3" hai0="17,45,57,27,29,0,101,129,75,126,113,133,65" hai1="87,84,109,107,11,2,3,12,82,30,43,122,125" hai2="71,63,25,35,23,100,96,103,115,83,114,16,119" hai3="13,135,80,55,40,60,97,56,64,124,78,117,39"/><W18/><G117/><T42/><D75/><U67/><E122/><V50/><F119/><W53/><G97/><T90/><D0/><U32/><E109/><V34/><F71/><W86/><G124/><T48/><D126/><U130/><E125/><V70/><F70/><W52/><G135/><T112/><D129/><U47/><E130/><V116/><F116/><W110/><G110/><T20/><D133/><U108/><E108/><V33/><F50/><W121/><G121/><T44/><D101/><U94/><E107/><V111/><F111/><W7/><G7/><T24/><D90/><U123/><E123/><V85/><F96/><W89/><G39/><T37/><D57/><U72/><E72/><V69/><F69/><W74/><G40/><T4/><D65/><U61/><E32/><V21/><F63/><W9/><REACH who="3" step="1"/><G74/><REACH who="3" ten="442,315,68,165" step="2"/><T6/><D6/><U49/><E3/><V76/><REACH who="2" step="1"/><F23/><REACH who="2" ten="442,315,58,165" step="2"/><W120/><G120/><T81/><D4/><U68/><E2/><V62/><F62/><W91/><AGARI ba="1,2" hai="9,13,18,52,53,55,56,60,64,78,80,86,89,91" machi="91" ten="30,11700,0" yaku="1,1,0,1,8,1,54,1,53,0" doraHai="131" doraHaiUra="99" who="3" fromWho="3" sc="442,-40,315,-40,58,-40,165,140" />
</Scene>
<Scene>
<INIT seed="3,2,0,3,1,75" ten="402,275,18,305" oya="3" hai0="125,106,59,21,51,132,62,64,33,23,97,104,35" hai1="44,133,65,17,27,68,130,119,71,22,98,74,13" hai2="63,42,123,32,111,126,94,80,40,107,108,91,24" hai3="118,9,67,3,25,122,37,50,45,124,53,31,102"/><W57/><G118/><T90/><D106/><U69/><E119/><V2/><F107/><W6/><G122/><T54/><D125/><U85/><E74/><V99/><F99/><W26/><G102/><T95/><D104/><U79/><E130/><V131/><F32/><W61/><G124/><T8/><D132/><U120/><E133/><V60/><F126/><W84/><G84/><T77/><D77/><U114/><E120/><V76/><F24/><W83/><G83/><T1/><D35/><U46/><E114/><V48/><F2/><W16/><G37/><T87/><D33/><U121/><E121/><V103/><F131/><W52/><G53/><T19/><D97/><U82/><E98/><V105/><F123/><W49/><G49/><T115/><D115/><U11/><REACH who="1" step="1"/><E65/><REACH who="1" ten="402,265,18,305" step="2"/><V96/><F48/><W20/><REACH who="3" step="1"/><G26/><REACH who="3" ten="402,265,18,295" step="2"/><T117/><D117/><U134/><E134/><V36/><F111/><W110/><G110/><T93/><D51/><U10/><E10/><V89/><F108/><W29/><AGARI ba="2,2" hai="3,6,9,16,20,25,29,31,45,50,52,57,61,67" machi="29" ten="30,12000,1" yaku="1,1,0,1,54,2,53,1" doraHai="75" doraHaiUra="14" who="3" fromWho="3" sc="402,-42,265,-42,18,-42,295,146" owari="360,16.0,223,-18.0,-24,-52.0,441,54.0" />
</Scene>
</mjloggm>