<mjloggm ver="2.3"><GO type="169"/><UN n0="%E3%83%AD%E3%83%AA%E3%83%BC%E3%82%BF%E3%81%AA%E7%84%BC%E8%82%89" n1="%E3%83%9A%E3%83%81%E3%83%A7%E3%83%BC%E3%83%AA%E3%83%B3" n2="%59%48%56%48" n3="%E5%A4%AA%E3%81%8F%E3%81%AA%E3%81%84%E3%81%8A" dan="17,18,16,18" rate="2135,2248,2076,2168" sx="M,M,F,M"/><TAIKYOKU oya="0"/>

<Scene>
<INIT seed="0,0,0,3,4,94" ten="250,250,250,250" oya="0" hai0="84,124,27,66,70,24,25,135,104,103,37,69,129" hai1="75,110,134,33,47,82,73,16,29,55,3,32,116" hai2="35,120,121,119,51,79,93,77,50,126,64,28,0" hai3="91,67,88,62,60,12,117,48,41,87,15,14,54"/><T106/><D37/><U7/><E116/><V20/><F0/><W131/><G117/><T31/><D31/><U130/><E7/><V109/><F64/><W72/><G72/><T128/><D124/><U8/><E3/><V13/><F13/><W23/><G131/><N who="0" m="50251" /><D135/><U96/><E130/><V6/><F6/><W40/><G23/><T125/><D125/><U114/><E29/><V101/><F20/><W107/><G107/><N who="0" m="41003" /><D103/><U115/><E134/><V18/><F119/><W122/><G122/><T46/><D46/><U21/><E47/><V44/><F28/><W78/><G78/><T112/><D112/><U98/><E33/><V83/><F44/><N who="3" m="27911" /><G91/><T2/><D2/><U63/><E32/><V22/><F126/><W9/><G9/><T102/><D102/><U39/><E8/><V10/><F101/><W123/><G123/><T42/><D42/><N who="3" m="16489" /><G67/><T38/><D38/><U90/><E39/><V74/><F10/><W5/><G5/><T4/><D4/><U105/><E105/><V92/><F35/><W113/><G113/><T59/><D59/><U85/><E115/><V127/><F127/><W108/><G108/><T30/><D30/><U80/><E110/><V76/><F109/><W17/><G17/><T26/><N who="0" m="6144" /><DORA hai="1" /><T68/><D66/><U81/><E114/><V99/><F18/><W111/><G111/><T45/><D45/><U57/><E16/><V133/><F133/><W34/><G34/><T132/><D132/><U95/><E21/><V61/><F22/><W86/><G88/><T65/><D65/><U118/><E118/><V53/><F121/><RYUUKYOKU ba="0,0" sc="250,10,250,10,250,-30,250,10" hai0="68,69,70,84" hai1="55,57,63,73,75,80,81,82,85,90,95,96,98" hai3="12,14,15,60,62,86,87" />
</Scene>
<Scene>
<INIT seed="0,1,0,1,4,64" ten="260,260,220,260" oya="0" hai0="65,28,43,33,62,69,34,10,100,55,115,26,126" hai1="129,59,58,0,132,123,19,1,66,103,87,8,90" hai2="41,86,128,39,107,110,97,121,12,7,127,11,119" hai3="95,23,108,94,60,54,42,16,51,6,48,82,113"/><T70/><D115/><U116/><E123/><V57/><F121/><W122/><G113/><T133/><D133/><U130/><E116/><V47/><F110/><W5/><G108/><T117/><D117/><U3/><E103/><V88/><F119/><W131/><G131/><N who="1" m="50186" /><E66/><V31/><F127/><W22/><G82/><T61/><D126/><U14/><E132/><V24/><F128/><W135/><G135/><T15/><D43/><U81/><AGARI ba="1,0" hai="0,1,3,8,14,19,58,59,81,87,90" m="50186" machi="81" ten="40,1500,0" yaku="19,1" doraHai="64" who="1" fromWho="1" sc="260,-8,260,18,220,-5,260,-5" />
</Scene>
<Scene>
<INIT seed="1,0,0,3,0,8" ten="252,278,215,255" oya="1" hai0="69,68,131,60,74,119,14,37,117,110,80,46,52" hai1="9,67,101,90,22,62,135,43,19,115,56,76,107" hai2="20,134,124,65,118,102,24,103,87,5,7,123,12" hai3="66,116,6,73,30,64,26,92,21,94,99,127,10"/><U111/><E115/><V78/><F118/><W114/><G114/><T32/><D32/><U38/><E135/><V97/><F123/><W63/><G73/><T35/><D35/><U11/><E76/><V44/><F134/><W18/><G116/><T81/><D110/><U113/><E113/><V71/><F124/><W54/><G127/><T50/><D131/><U75/><E75/><V34/><F34/><W47/><G30/><T59/><D81/><U29/><E29/><V23/><F44/><W105/><G105/><T39/><D80/><U85/><E111/><V72/><F72/><W53/><G92/><T41/><D14/><N who="1" m="9591" /><E38/><N who="0" m="14345" /><D74/><U0/><E0/><V57/><F71/><AGARI ba="0,0" hai="41,46,50,52,59,60,68,69,71,117,119" m="14345" machi="71" ten="30,3900,0" yaku="34,2,54,1" doraHai="8" who="0" fromWho="2" sc="252,39,278,0,215,-39,255,0" />
</Scene>
<Scene>
<INIT seed="2,0,0,5,1,89" ten="291,278,176,255" oya="2" hai0="45,4,131,87,41,96,10,120,73,113,82,62,128" hai1="76,115,94,16,69,86,79,61,12,121,114,7,55" hai2="101,26,124,103,44,111,23,3,1,107,80,57,21" hai3="118,51,109,48,83,31,19,43,22,39,0,24,35"/><V46/><F124/><W97/><G118/><T91/><D120/><U88/><E121/><V135/><F80/><W67/><G0/><T37/><D113/><U34/><E34/><V92/><F107/><W52/><G109/><T130/><D62/><U119/><E119/><V54/><F135/><W129/><G129/><T84/><D84/><U122/><E122/><V90/><F111/><W108/><G67/><T75/><REACH who="0" step="1"/><D96/><REACH who="0" ten="281,278,176,255" step="2"/><U2/><E115/><V127/><F127/><W18/><G97/><T133/><D133/><U5/><E114/><V102/><F1/><AGARI ba="0,1" hai="1,4,10,37,41,45,73,75,82,87,91,128,130,131" machi="1" ten="40,2600,0" yaku="1,1,19,1,53,0" doraHai="89" doraHaiUra="20" who="0" fromWho="2" sc="281,36,278,0,176,-26,255,0" />
</Scene>
<Scene>
<INIT seed="3,0,0,3,2,74" ten="317,278,150,255" oya="3" hai0="81,27,67,98,70,56,63,51,113,117,132,68,57" hai1="31,14,48,46,17,111,133,96,64,4,40,71,59" hai2="19,120,80,134,76,126,9,95,65,36,24,15,43" hai3="130,34,13,29,84,94,10,78,108,82,79,110,18"/><W122/><G122/><T66/><D117/><U8/><E111/><N who="3" m="42538" /><G130/><T92/><D113/><U30/><E133/><V87/><F120/><W62/><G94/><T37/><D37/><U21/><E71/><V3/><F126/><W106/><G106/><T123/><D123/><U77/><E96/><V109/><F109/><W58/><G34/><T121/><D121/><U39/><E77/><N who="3" m="29194" /><G29/><T101/><D81/><U16/><E17/><V50/><F134/><W35/><G35/><T114/><D132/><U55/><E64/><V47/><F3/><AGARI ba="0,0" hai="3,4,8,14,16,21,30,31,39,40,46,48,55,59" machi="3" ten="30,2000,0" yaku="7,1,54,1" doraHai="74" who="1" fromWho="2" sc="317,0,278,20,150,-20,255,0" />
</Scene>
<Scene>
<INIT seed="4,0,0,0,3,123" ten="317,298,130,255" oya="0" hai0="134,71,42,135,75,38,106,63,83,40,44,24,43" hai1="122,57,85,16,121,90,72,84,48,25,0,92,82" hai2="15,93,58,126,113,53,109,18,22,9,7,59,104" hai3="69,56,31,128,76,129,3,95,68,13,125,80,20"/><T118/><D106/><U17/><E72/><V98/><F113/><W67/><G3/><T47/><D24/><U74/><E74/><V97/><F126/><W62/><G125/><T1/><D1/><U133/><E0/><V88/><F104/><W34/><G34/><T14/><D118/><U86/><E133/><N who="0" m="50697" /><D14/><U52/><E121/><V70/><F70/><W94/><G94/><T50/><D83/><U36/><E36/><V19/><F19/><N who="1" m="7241" /><E122/><V99/><F109/><W81/><G95/><T51/><D75/><U64/><E25/><V35/><F35/><W124/><G124/><T111/><D111/><U110/><E110/><V12/><REACH who="2" step="1"/><F59/><REACH who="2" ten="317,298,120,255" step="2"/><W28/><G56/><T116/><D116/><U77/><E86/><V27/><F27/><W6/><G69/><T60/><D71/><U87/><E85/><V55/><F55/><W54/><G54/><N who="0" m="30023" /><D38/><U5/><E5/><V107/><F107/><W29/><G6/><T108/><D108/><U26/><E26/><V8/><F8/><W132/><G132/><T127/><D127/><U120/><E120/><V4/><F4/><W89/><G68/><T10/><D10/><U115/><E115/><V41/><F41/><AGARI ba="0,1" hai="40,41,42,43,47,51,60,63" m="30023,50697" machi="41" ten="30,5800,0" yaku="20,1,34,2" doraHai="123" who="0" fromWho="2" sc="317,68,298,0,120,-58,255,0" />
</Scene>
<Scene>
<INIT seed="4,1,0,3,5,4" ten="385,298,62,255" oya="0" hai0="61,22,18,59,55,80,82,121,9,28,71,102,126" hai1="122,86,40,129,12,3,100,112,95,70,43,29,11" hai2="83,78,31,77,62,51,116,132,6,34,130,60,47" hai3="44,94,64,98,68,90,57,2,16,10,115,123,36"/><T125/><D121/><U69/><E122/><V7/><F130/><W111/><G111/><T8/><D71/><U67/><E3/><V99/><F132/><W24/><G115/><T46/><D28/><U134/><E29/><V54/><F116/><W48/><G68/><T26/><D102/><U106/><E106/><V114/><F114/><W133/><G133/><T110/><D110/><U89/><E100/><V79/><F99/><W74/><G74/><T96/><D96/><U85/><E134/><V38/><F38/><W92/><G36/><T58/><D58/><U88/><E112/><V5/><F34/><W50/><G92/><T107/><D107/><U108/><E108/><V0/><F31/><W39/><G39/><T63/><D63/><U72/><E72/><V87/><REACH who="2" step="1"/><F0/><REACH who="2" ten="385,298,52,255" step="2"/><W45/><G2/><T52/><D125/><U103/><E129/><V91/><AGARI ba="1,1" hai="5,6,7,47,51,54,60,62,77,78,79,83,87,91" machi="91" ten="30,7900,0" yaku="1,1,2,1,0,1,8,1,53,0" doraHai="4" doraHaiUra="113" who="2" fromWho="2" sc="385,-40,298,-21,52,92,255,-21" />
</Scene>
<Scene>
<INIT seed="5,0,0,4,1,9" ten="345,277,144,234" oya="1" hai0="41,13,52,75,50,57,94,127,89,90,71,73,16" hai1="44,49,119,45,107,68,65,23,80,131,64,114,97" hai2="56,92,28,36,86,77,32,117,118,99,109,34,46" hai3="103,55,130,12,70,33,83,88,112,105,17,48,116"/><U6/><E119/><V42/><F109/><W39/><G39/><T67/><D127/><U82/><E114/><V60/><F34/><W132/><G70/><T120/><D120/><U40/><E131/><V129/><F129/><W53/><G33/><T20/><D41/><U58/><E68/><V124/><F124/><W84/><G130/><T96/><REACH who="0" step="1"/><D90/><REACH who="0" ten="335,277,144,234" step="2"/><U29/><E40/><V95/><F77/><W11/><G116/><T7/><D7/><U3/><E6/><V106/><F117/><W25/><G112/><T30/><D30/><U91/><E29/><V121/><F118/><W43/><G132/><T35/><D35/><U26/><E3/><V62/><F121/><W21/><G43/><T125/><D125/><U113/><E113/><V22/><F32/><W61/><G61/><AGARI ba="0,1" hai="13,16,20,50,52,57,61,67,71,73,75,89,94,96" machi="61" ten="40,8000,1" yaku="1,1,52,1,54,2,53,0" doraHai="9" doraHaiUra="72" who="0" fromWho="3" sc="335,90,277,0,144,0,234,-80" />
</Scene>
<Scene>
<INIT seed="6,0,0,4,2,31" ten="425,277,144,154" oya="2" hai0="22,0,38,76,68,134,123,70,120,90,97,93,91" hai1="109,64,55,60,3,85,127,71,54,88,67,61,82" hai2="130,135,52,66,29,16,65,132,118,111,36,12,101" hai3="125,9,25,104,39,14,10,24,75,45,37,20,27"/><V7/><F118/><W51/><G75/><T32/><D32/><U74/><E109/><V23/><F36/><W40/><G104/><T59/><D59/><U86/><E74/><V26/><F111/><W103/><G125/><T69/><D22/><U115/><E3/><V105/><F130/><W18/><G103/><T95/><D38/><U108/><E108/><V116/><F116/><W98/><G98/><T112/><D0/><U63/><E115/><V92/><F105/><W84/><G84/><T124/><D76/><N who="1" m="46279" /><E71/><V129/><F129/><W5/><REACH who="3" step="1"/><G10/><REACH who="3" ten="425,277,144,144" step="2"/><T72/><D72/><U94/><E127/><V87/><F7/><W17/><G17/><T133/><D124/><U50/><E86/><V35/><F87/><W56/><G56/><T119/><D119/><U44/><E94/><V102/><F101/><W19/><G19/><T28/><D95/><U62/><E88/><V49/><F132/><W113/><G113/><T57/><D91/><U21/><E67/><V96/><F135/><W15/><AGARI ba="0,1" hai="5,9,14,15,18,20,24,25,27,37,39,40,45,51" machi="15" ten="30,2000,0" yaku="1,1,0,1,53,0" doraHai="31" doraHaiUra="53" who="3" fromWho="3" sc="425,-5,277,-5,144,-10,144,30" />
</Scene>
<Scene>
<INIT seed="7,0,0,0,3,85" ten="420,272,134,174" oya="3" hai0="32,38,78,60,25,45,105,123,4,22,79,122,98" hai1="49,134,67,34,31,37,9,0,87,28,90,1,119" hai2="36,100,66,108,71,30,104,17,52,33,12,15,48" hai3="117,121,35,73,58,20,102,11,115,114,120,26,27"/><W103/><G73/><T29/><D60/><U8/><E37/><V133/><F108/><W111/><G117/><T69/><D69/><U72/><E67/><V80/><F36/><W75/><G75/><T39/><D4/><U124/><E72/><V126/><F126/><W113/><G111/><T116/><D116/><U86/><E49/><V132/><F15/><W82/><G58/><T130/><D22/><U43/><E43/><V74/><F74/><W135/><G82/><T42/><D39/><U3/><E3/><V109/><F109/><W106/><G106/><T44/><D44/><U131/><E34/><V89/><F71/><W5/><G103/><N who="0" m="62711" /><D79/><U55/><E1/><V65/><F33/><W93/><G35/><T19/><D19/><U107/><E0/><V81/><F30/><N who="3" m="17735" /><G27/><T70/><D78/><U57/><E57/><N who="2" m="32903" /><F104/><W97/><G135/><N who="2" m="51785" /><F100/><W95/><G95/><T16/><D70/><U51/><E107/><V61/><F61/><W77/><G77/><T54/><D123/><U50/><E134/><V23/><F81/><W56/><G56/><T127/><D122/><U46/><E119/><V128/><F128/><W84/><G84/><AGARI ba="0,0" hai="12,17,23,65,66,80,84,89" m="51785,32903" machi="84" ten="30,3900,0" yaku="20,1,52,1,54,1" doraHai="85" who="2" fromWho="3" sc="420,0,272,0,134,39,174,-39" owari="420,52.0,272,7.0,173,-23.0,135,-36.0" />
</Scene>
</mjloggm>