<mjloggm ver="2.3"><GO type="169"/><UN n0="%E5%A4%AA%E3%81%8F%E3%81%AA%E3%81%84%E3%81%8A" n1="%E2%84%83%2D%75%74%65" n2="%6E%65%6F%40%75%6E%69" n3="%E7%89%8C%E5%96%B0%E3%81%84" dan="17,17,17,16" rate="2152,2094,2192,2038" sx="M,M,M,M"/><TAIKYOKU oya="0"/>

<Scene>
<INIT seed="0,0,0,1,4,93" ten="250,250,250,250" oya="0" hai0="58,94,9,74,49,128,18,123,133,120,6,106,72" hai1="60,33,92,64,76,32,36,101,59,108,40,1,41" hai2="78,44,130,45,31,111,97,89,8,61,47,65,28" hai3="24,12,109,54,119,84,37,34,57,85,125,39,80"/><T26/><D106/><U3/><E76/><V11/><F111/><W14/><G119/><T48/><D128/><U86/><E108/><V90/><F78/><W77/><G109/><T88/><D133/><U35/><E36/><V107/><F130/><W103/><G125/><T132/><D132/><U13/><E13/><V127/><F127/><W105/><G34/><T63/><D74/><U71/><E71/><V126/><F126/><W112/><G112/><T69/><D72/><U62/><E62/><V79/><F79/><W17/><G24/><T75/><D75/><U5/><E5/><V46/><F46/><W83/><G105/><T82/><D69/><U131/><E131/><V66/><F107/><W118/><G118/><T52/><D82/><U95/><E86/><V30/><F97/><W100/><G77/><T110/><D110/><U134/><E134/><V2/><F2/><W29/><G29/><T122/><D26/><U20/><E20/><V19/><F19/><W23/><G23/><T15/><REACH who="0" step="1"/><D6/><REACH who="0" ten="240,250,250,250" step="2"/><U42/><REACH who="1" step="1"/><E92/><REACH who="1" ten="240,240,250,250" step="2"/><V70/><F70/><W102/><G83/><T56/><D56/><U55/><E55/><V0/><F0/><W113/><G80/><T99/><AGARI ba="0,2" hai="9,15,18,48,49,52,58,63,88,94,99,120,122,123" machi="99" ten="30,18000,2" yaku="1,1,0,1,52,1,54,2,53,1" doraHai="93" doraHaiUra="10" who="0" fromWho="0" sc="240,200,240,-60,250,-60,250,-60" />
</Scene>
<Scene>
<INIT seed="0,1,0,5,4,105" ten="440,180,190,190" oya="0" hai0="84,134,8,57,96,92,82,113,7,27,109,90,72" hai1="50,35,22,110,125,108,89,12,123,30,38,44,100" hai2="15,18,62,83,115,0,116,46,63,64,67,133,10" hai3="117,97,120,59,98,93,128,56,130,95,119,122,66"/><T70/><D70/><U25/><E38/><V40/><F133/><W9/><REACH who="3" step="1"/><G9/><REACH who="3" ten="440,180,190,180" step="2"/><T77/><D8/><U71/><E123/><V48/><F116/><W86/><G86/><T88/><D84/><U118/><E118/><V19/><F115/><W33/><G33/><T5/><D113/><U3/><E3/><V31/><F0/><W91/><G91/><T102/><D88/><U126/><E89/><V54/><F10/><W26/><G26/><T99/><D27/><U61/><E100/><V127/><F127/><N who="1" m="48649" /><E35/><V2/><F2/><W65/><AGARI ba="1,1" hai="56,59,65,66,93,95,97,98,117,119,120,122,128,130" machi="65" ten="25,8000,1" yaku="21,2,0,1,22,2,53,0" doraHai="105" doraHaiUra="74" who="3" fromWho="3" sc="440,-41,180,-21,190,-21,180,93" />
</Scene>
<Scene>
<INIT seed="1,0,0,4,5,119" ten="399,159,169,273" oya="1" hai0="35,43,31,133,20,77,126,110,84,73,86,58,30" hai1="91,42,8,9,22,61,11,21,105,117,59,50,127" hai2="63,121,56,60,41,19,114,96,37,129,32,102,80" hai3="68,45,70,24,131,88,134,118,10,130,25,65,46"/><U79/><E117/><V54/><F129/><W47/><G118/><T108/><D35/><U76/><E105/><V89/><F32/><W75/><G75/><T2/><D2/><U3/><E3/><V104/><F114/><W57/><G10/><T111/><D133/><U27/><E127/><V116/><F116/><W107/><G107/><T29/><D126/><U1/><E1/><V87/><F19/><W93/><G134/><T81/><D43/><U90/><E42/><V33/><F33/><W0/><G0/><T99/><D20/><N who="1" m="7787" /><E50/><V123/><REACH who="2" step="1"/><F63/><REACH who="2" ten="399,159,159,273" step="2"/><W64/><G131/><T6/><D6/><U97/><E27/><V120/><F120/><W5/><G130/><T38/><D30/><U98/><E61/><V16/><F16/><W48/><G24/><T44/><D31/><U92/><E59/><V132/><F132/><W23/><G57/><T28/><D58/><U67/><E67/><V85/><F85/><W106/><G25/><T100/><D28/><U15/><E15/><V74/><F74/><W69/><G65/><T4/><D29/><U34/><E34/><V51/><F51/><W112/><G112/><T78/><D4/><U66/><E66/><V55/><F55/><W26/><G64/><T135/><D135/><U94/><AGARI ba="0,1" hai="8,9,11,76,79,90,91,92,94,97,98" m="7787" machi="94" ten="30,1500,0" yaku="8,1" doraHai="119" who="1" fromWho="1" sc="399,-5,159,25,159,-5,273,-5" />
</Scene>
<Scene>
<INIT seed="1,1,0,2,5,135" ten="394,184,154,268" oya="1" hai0="96,80,27,32,36,18,134,8,115,49,63,43,119" hai1="19,128,9,73,109,132,58,72,68,45,39,91,106" hai2="30,113,29,97,65,23,47,110,79,131,5,24,62" hai3="34,11,121,46,61,124,82,50,74,37,122,130,25"/><U15/><E68/><V44/><F110/><W87/><G37/><T14/><D119/><U13/><E106/><V70/><F131/><W129/><G74/><T86/><D115/><U118/><E118/><V104/><F113/><W81/><G11/><T69/><D134/><U101/><E101/><V41/><F5/><W0/><G0/><T133/><D133/><U31/><E31/><V111/><F111/><W77/><G61/><T28/><D36/><U3/><E3/><V108/><F108/><W35/><G25/><T48/><D43/><U90/><E132/><V107/><F79/><W76/><G50/><T55/><D96/><U16/><E109/><V6/><F6/><W98/><G98/><T33/><D33/><U60/><E39/><V100/><F30/><W40/><G40/><T4/><D4/><U120/><E45/><V103/><F41/><W93/><G46/><T17/><D17/><U71/><E71/><V7/><F7/><W126/><G93/><T12/><D12/><U64/><E128/><V88/><F88/><W21/><G21/><T1/><D1/><U57/><E120/><V75/><F75/><W10/><G10/><T20/><D32/><U53/><E73/><V92/><F92/><W116/><G116/><T102/><D102/><U51/><E72/><V52/><F52/><W56/><G87/><T22/><D8/><AGARI ba="1,0" hai="8,9,13,15,16,19,51,53,57,58,60,64,90,91" machi="8" ten="30,11600,0" yaku="7,1,9,1,8,1,54,1" doraHai="135" who="1" fromWho="0" sc="394,-119,184,119,154,0,268,0" />
</Scene>
<Scene>
<INIT seed="1,2,0,5,5,24" ten="275,303,154,268" oya="1" hai0="90,45,125,11,18,110,77,56,37,99,4,111,49" hai1="31,70,104,79,84,98,107,86,34,131,127,26,89" hai2="58,105,119,92,9,72,80,0,88,106,91,51,97" hai3="5,6,46,69,3,135,30,47,67,53,33,66,64"/><U2/><E2/><V115/><F119/><W132/><G69/><T128/><D128/><U19/><E70/><V94/><F115/><W113/><G113/><T108/><D125/><U8/><E131/><V48/><F0/><W17/><G17/><T121/><D121/><U61/><E98/><V112/><F112/><W12/><G3/><T42/><D77/><U95/><E61/><V93/><F9/><W35/><G64/><T100/><D18/><U122/><E122/><V55/><F48/><W75/><G12/><T50/><D90/><U40/><E40/><V25/><F25/><W130/><G130/><T120/><D120/><U81/><REACH who="1" step="1"/><E127/><REACH who="1" ten="275,293,154,268" step="2"/><V74/><F97/><W133/><G133/><T114/><D114/><U96/><E96/><V60/><F60/><W117/><G117/><T73/><D99/><U57/><E57/><V13/><F58/><W36/><G135/><T7/><D56/><U62/><E62/><V38/><F106/><W1/><G1/><T82/><D100/><U29/><E29/><V52/><F105/><W85/><G132/><T126/><D126/><U59/><E59/><V68/><F68/><W15/><G30/><T23/><D42/><U32/><E32/><V109/><F109/><W118/><G35/><T44/><D108/><U63/><E63/><V10/><F55/><W22/><G53/><T76/><D110/><U116/><E116/><V129/><F52/><W65/><G33/><T78/><D111/><U20/><E20/><V83/><F129/><W21/><G118/><T123/><D23/><U28/><E28/><V103/><F103/><RYUUKYOKU ba="2,1" sc="275,-10,293,30,154,-10,268,-10" hai1="8,19,26,31,34,79,81,84,86,89,95,104,107" />
</Scene>
<Scene>
<INIT seed="1,3,1,3,0,128" ten="265,323,144,258" oya="1" hai0="64,117,7,109,102,22,131,61,44,28,80,3,124" hai1="84,98,19,116,93,24,100,107,43,114,92,110,60" hai2="123,88,42,63,86,127,53,75,57,58,66,65,126" hai3="54,51,62,39,0,71,76,13,34,85,41,31,18"/><U47/><E116/><V20/><F123/><W25/><G0/><T69/><D117/><U130/><E114/><V115/><F75/><W5/><G5/><T118/><D118/><U27/><E130/><V72/><F72/><W96/><G96/><T119/><D119/><U67/><E110/><V37/><F115/><W48/><G39/><T108/><D131/><U82/><E107/><V26/><F42/><W105/><G105/><T89/><D124/><N who="2" m="47658" /><F58/><W68/><G41/><T132/><D132/><U74/><E93/><N who="2" m="54423" /><F37/><W133/><G133/><T135/><D135/><U125/><E74/><V87/><F87/><W9/><G62/><T45/><D108/><U101/><E101/><V17/><AGARI ba="3,1" hai="17,20,26,53,57,63,65,66" m="54423,47658" machi="17" ten="30,2000,0" yaku="18,1,54,1" doraHai="128" who="2" fromWho="2" sc="265,-8,323,-13,144,39,258,-8" />
</Scene>
<Scene>
<INIT seed="2,0,0,1,2,101" ten="257,310,183,250" oya="2" hai0="20,116,107,84,78,80,52,123,23,18,71,79,32" hai1="6,108,111,93,77,40,37,124,43,1,74,105,99" hai2="121,13,114,89,96,76,27,53,70,72,95,75,21" hai3="49,127,46,36,87,97,60,29,54,47,103,66,7"/><V117/><F121/><W98/><G127/><T131/><D123/><U134/><E93/><V113/><F117/><W51/><G36/><T133/><D32/><U90/><E90/><V106/><F70/><W69/><G7/><T81/><D71/><U17/><E17/><V88/><F13/><W122/><G122/><T110/><D116/><U55/><E55/><V132/><F53/><W5/><G5/><T16/><D110/><N who="1" m="42027" /><E134/><V135/><F21/><W128/><G128/><T68/><D68/><U38/><E43/><V104/><F27/><W94/><G29/><T119/><D119/><U59/><E59/><V19/><F19/><W102/><G87/><T92/><D133/><N who="2" m="51274" /><F89/><W9/><G9/><T109/><D109/><U58/><E58/><V125/><F125/><W42/><G98/><T61/><D131/><U83/><E40/><V112/><F76/><W11/><G11/><T45/><D18/><U100/><E124/><V82/><F82/><W64/><G66/><T31/><D31/><U8/><AGARI ba="0,0" hai="1,6,8,37,38,74,77,83,99,100,105" m="42027" machi="8" ten="30,4000,0" yaku="14,1,23,1,52,1" doraHai="101" who="1" fromWho="1" sc="257,-10,310,40,183,-20,250,-10" />
</Scene>
<Scene>
<INIT seed="3,0,0,4,3,81" ten="247,350,163,240" oya="3" hai0="105,128,112,82,118,117,73,17,96,59,53,98,70" hai1="101,119,132,36,63,76,15,110,120,22,134,94,27" hai2="65,77,125,0,114,9,99,68,18,33,45,71,93" hai3="64,48,24,40,57,107,34,47,16,10,35,74,123"/><W56/><G123/><T87/><D70/><U61/><E120/><V26/><F125/><W67/><G107/><T25/><D73/><U19/><E36/><V75/><F114/><W124/><G124/><T37/><D37/><U52/><E76/><V111/><F111/><W79/><G74/><T115/><D128/><U121/><E121/><V14/><F0/><W88/><G79/><N who="0" m="46559" /><D25/><U106/><E106/><V28/><F65/><W127/><G127/><T2/><D2/><U42/><E42/><V83/><REACH who="2" step="1"/><F45/><REACH who="2" ten="247,350,153,240" step="2"/><W11/><G47/><T89/><D115/><U3/><E3/><V84/><F84/><W92/><G67/><T4/><D112/><U46/><E110/><V135/><F135/><W1/><G64/><T66/><D66/><U62/><E132/><V38/><F38/><W130/><G1/><T13/><D117/><U50/><E119/><V51/><F51/><W21/><G130/><T5/><D118/><U104/><E134/><V97/><F97/><W91/><G48/><T55/><D98/><N who="1" m="59607" /><E104/><V126/><F126/><W100/><G40/><T30/><D105/><U32/><E32/><V108/><F108/><W116/><G116/><T8/><D96/><U80/><E80/><V49/><F49/><W86/><G86/><T23/><D59/><U95/><E95/><V72/><F72/><W78/><G56/><T31/><D55/><U7/><E63/><V85/><F85/><W12/><G57/><T6/><D53/><U90/><E90/><AGARI ba="0,1" hai="9,14,18,26,28,33,68,71,75,77,83,90,93,99" machi="90" ten="30,2000,0" yaku="1,1,7,1,53,0" doraHai="81" doraHaiUra="69" who="2" fromWho="1" sc="247,0,350,-20,153,30,240,0" />
</Scene>
<Scene>
<INIT seed="4,0,0,2,2,74" ten="247,330,183,240" oya="0" hai0="103,37,127,18,16,6,85,123,119,41,57,11,98" hai1="86,134,107,2,51,89,95,102,97,62,0,114,13" hai2="46,3,27,76,80,94,25,131,4,105,61,104,36" hai3="111,12,60,39,30,50,29,7,65,83,56,14,87"/><T23/><D123/><U49/><E134/><V96/><F131/><W100/><G39/><T112/><D119/><U38/><E38/><V59/><F104/><W22/><G111/><T5/><D37/><U109/><E109/><V93/><F105/><W71/><G100/><T17/><D41/><U32/><E32/><V48/><F36/><W99/><G99/><T44/><D112/><U73/><E62/><V26/><F4/><W113/><G113/><T24/><D127/><U90/><E114/><V45/><F3/><W79/><G71/><T78/><D44/><U117/><E117/><V77/><F80/><W33/><G33/><T58/><D58/><U43/><E13/><V118/><F118/><W125/><G125/><T52/><D85/><U132/><E132/><V35/><F94/><W130/><G130/><T135/><D135/><U21/><E21/><V31/><F31/><W122/><G122/><T91/><D91/><U28/><E28/><V110/><F35/><W84/><G50/><N who="0" m="30871" /><D78/><N who="2" m="30314" /><F48/><W116/><G116/><T55/><D5/><U108/><E108/><V106/><F106/><W42/><G7/><T1/><D1/><U15/><E51/><V75/><F75/><W115/><G115/><T126/><D126/><U88/><E73/><V101/><F110/><W120/><G120/><T20/><D6/><U124/><E124/><V129/><F129/><W81/><G30/><T67/><D18/><U68/><E0/><V66/><AGARI ba="0,0" hai="25,26,27,45,46,59,61,66,93,96,101" m="30314" machi="66" ten="30,7900,0" yaku="8,1,52,3" doraHai="74" who="2" fromWho="2" sc="247,-39,330,-20,183,79,240,-20" />
</Scene>
<Scene>
<INIT seed="5,0,0,2,5,15" ten="208,310,262,220" oya="1" hai0="26,52,108,91,135,105,81,38,31,44,128,4,32" hai1="82,68,56,133,80,14,114,55,130,53,40,2,16" hai2="67,92,21,20,8,51,17,5,42,113,90,1,110" hai3="74,104,61,36,45,25,116,86,71,57,115,122,109"/><U119/><E68/><V41/><F110/><W98/><G86/><T39/><D108/><U7/><E119/><V125/><F21/><W11/><G11/><T28/><D105/><U131/><E40/><V6/><F5/><W84/><G84/><T100/><D128/><N who="1" m="49195" /><E114/><V65/><F113/><W87/><G87/><T117/><D117/><U24/><E24/><V22/><F22/><W78/><G25/><T69/><D69/><U33/><E33/><V37/><F37/><W126/><G98/><T88/><D135/><U93/><E93/><V63/><F125/><W94/><G94/><T112/><D112/><U123/><E123/><V49/><F42/><W64/><G104/><T129/><D129/><U85/><E133/><V66/><F41/><W19/><G116/><T46/><D100/><U70/><E70/><V27/><REACH who="2" step="1"/><F63/><REACH who="2" ten="208,310,252,220" step="2"/><W107/><G36/><T62/><D62/><N who="1" m="36111" /><E7/><V121/><F121/><W101/><G122/><T29/><D4/><U12/><E82/><V103/><F103/><W50/><G101/><T9/><D81/><U23/><E2/><V35/><F35/><W111/><G111/><T43/><D32/><U124/><E124/><V106/><F106/><W48/><G107/><T132/><D132/><U73/><E73/><V13/><F13/><W96/><G74/><T58/><D39/><U10/><E12/><V77/><F77/><W18/><G109/><T54/><D38/><U97/><E23/><V95/><F95/><W79/><G79/><T118/><D118/><U99/><E80/><V72/><F72/><W30/><G126/><T76/><D76/><RYUUKYOKU ba="0,1" sc="208,-10,310,-10,252,30,220,-10" hai2="1,6,8,17,20,27,49,51,65,66,67,90,92" />
</Scene>
<Scene>
<INIT seed="6,1,1,2,3,19" ten="198,300,282,210" oya="2" hai0="73,124,25,115,107,130,85,117,6,14,81,91,100" hai1="16,99,44,46,17,21,131,32,102,8,120,116,23" hai2="66,45,88,79,125,38,64,40,43,133,103,22,50" hai3="34,92,105,26,58,51,10,96,56,89,83,60,68"/><V62/><F125/><W35/><G105/><T4/><D124/><U98/><E32/><V53/><F133/><W3/><G68/><T28/><D115/><U30/><E30/><V31/><F79/><W42/><G83/><T54/><D130/><U57/><E8/><V106/><F103/><W65/><G3/><T20/><D117/><U84/><E116/><V75/><F75/><W94/><G10/><T2/><D2/><U135/><E131/><V18/><F31/><W69/><G94/><T72/><D54/><U122/><E57/><V0/><F106/><W5/><G5/><T101/><D4/><U121/><E84/><V111/><F111/><W93/><G93/><T77/><D107/><N who="1" m="63959" /><E99/><V27/><F0/><W76/><G76/><T29/><D29/><U134/><E44/><V9/><F9/><W7/><G7/><T33/><D6/><U127/><E46/><V13/><F13/><W87/><G96/><T67/><D67/><N who="2" m="25642" /><F38/><W104/><G104/><T95/><REACH who="0" step="1"/><D73/><REACH who="0" ten="188,300,282,210" step="2"/><U74/><E74/><V109/><F109/><W63/><G65/><T15/><D15/><N who="1" m="9375" /><E127/><V112/><F53/><W118/><G118/><T1/><D1/><U126/><E126/><V71/><F71/><W80/><G69/><T113/><D113/><U90/><E135/><V39/><F112/><W119/><G119/><T52/><D52/><U37/><E134/><V114/><F114/><W49/><G42/><T59/><D59/><U24/><E37/><V61/><F39/><W55/><G58/><T129/><D129/><U128/><E128/><V123/><F43/><W97/><G56/><RYUUKYOKU ba="1,2" sc="188,15,300,15,282,-15,210,-15" hai0="14,20,25,28,33,72,77,81,85,91,95,100,101" hai1="17,23,24,90,120,121,122" />
</Scene>
<Scene>
<INIT seed="7,2,2,1,5,28" ten="203,315,267,195" oya="3" hai0="49,130,123,125,114,112,58,110,88,62,134,131,85" hai1="128,41,133,27,118,132,104,1,14,86,7,109,35" hai2="95,53,82,11,75,127,90,56,83,34,25,73,80" hai3="18,106,84,135,94,71,39,2,64,15,66,69,8"/><W108/><G106/><T36/><D36/><U51/><E109/><V87/><F127/><W42/><G108/><T115/><D110/><U24/><E1/><V63/><REACH who="2" step="1"/><F11/><REACH who="2" ten="203,315,257,195" step="2"/><W60/><G135/><T70/><D134/><N who="1" m="51819" /><E128/><V17/><F17/><W68/><G2/><T6/><D125/><U54/><E104/><V43/><F43/><W16/><G18/><T113/><D113/><U101/><E41/><V23/><F23/><W74/><G74/><T103/><D131/><U67/><E35/><V89/><F89/><W97/><G84/><T122/><D130/><U116/><E101/><V55/><F55/><W21/><G8/><T61/><D103/><U129/><E129/><V76/><F76/><W121/><G121/><T59/><D122/><U44/><E67/><V13/><F13/><W126/><G126/><T37/><D123/><U107/><E107/><V93/><F93/><W31/><G31/><AGARI ba="2,3" hai="25,31,34,53,56,63,73,75,80,82,83,87,90,95" machi="31" ten="40,5200,0" yaku="1,1,52,1,53,1" doraHai="28" doraHaiUra="22" who="2" fromWho="3" sc="203,0,315,0,257,88,195,-58" owari="203,-20.0,315,12.0,345,44.0,137,-36.0" />
</Scene>
</mjloggm>