<mjloggm ver="2.3"><GO type="169" lobby="0"/><UN n0="%CE%9A%CE%95%CE%99" n1="%E5%A4%AA%E3%81%8F%E3%81%AA%E3%81%84%E3%81%8A" n2="%E3%83%AD%E3%83%AA%E3%83%BC%E3%82%BF%E3%81%AA%E7%84%BC%E8%82%89" n3="%68%65%61%72%74%73%40" dan="17,18,18,16" rate="2153.52,2181.29,2170.87,2128.27" sx="M,M,F,M"/><TAIKYOKU oya="0"/>

<Scene>
<INIT seed="0,0,0,3,4,33" ten="250,250,250,250" oya="0" hai0="64,105,21,113,7,16,82,84,73,2,85,29,109" hai1="98,68,87,12,8,69,106,44,13,34,89,110,37" hai2="119,23,19,107,39,93,0,59,130,129,61,30,79" hai3="31,108,77,67,104,6,111,26,116,17,51,90,127"/><T63/><D113/><U125/><E34/><V76/><F39/><W48/><G116/><T103/><D109/><N who="3" m="42057" /><G127/><T54/><D29/><U32/><E32/><V72/><F107/><W95/><G104/><T42/><D42/><U47/><E110/><V120/><F119/><W57/><G77/><T115/><D115/><U92/><E125/><V97/><F120/><W71/><G71/><T121/><D54/><U117/><E117/><V20/><F0/><W1/><G17/><T14/><D121/><U126/><E13/><V38/><F38/><W131/><G131/><N who="2" m="50185" /><F30/><W135/><G135/><T43/><D43/><U27/><E27/><N who="2" m="14751" /><F23/><N who="3" m="15839" /><G67/><T124/><D124/><U70/><E126/><V99/><F72/><W100/><G100/><T96/><D73/><U94/><E106/><V52/><F99/><N who="3" m="57847" /><G57/><T55/><D55/><U3/><E3/><V65/><F65/><W4/><G4/><T18/><D18/><U80/><E37/><V128/><N who="2" m="50193" /><V74/><DORA hai="25" /><F74/><W62/><G62/><T60/><D82/><U134/><E134/><V10/><F10/><AGARI ba="0,0" hai="1,6,10,48,51" m="57847,15839,42057" machi="10" ten="30,3900,0" yaku="14,1,52,2" doraHai="33,25" who="3" fromWho="2" sc="250,0,250,0,250,-39,250,39" />
</Scene>
<Scene>
<INIT seed="1,0,0,4,3,80" ten="250,250,211,289" oya="1" hai0="38,33,19,39,82,11,105,47,115,15,85,59,106" hai1="94,24,0,64,97,46,128,52,23,51,135,110,104" hai2="108,16,113,43,124,14,75,41,86,22,45,81,123" hai3="99,92,13,130,96,8,116,63,65,87,88,107,89"/><U6/><E104/><V78/><F123/><W37/><G130/><T29/><D115/><U100/><E128/><V54/><F108/><W103/><G116/><T2/><D2/><U109/><E135/><V20/><F113/><W10/><G37/><T50/><D59/><U83/><E64/><V70/><F70/><W98/><G8/><T67/><D67/><U69/><E69/><V90/><F124/><W117/><G117/><T66/><D66/><U17/><REACH who="1" step="1"/><E83/><REACH who="1" ten="250,240,211,289" step="2"/><V31/><F31/><W4/><G89/><T5/><D106/><U49/><E49/><N who="2" m="28975" /><F75/><W119/><G119/><T21/><D105/><U71/><E71/><AGARI ba="0,1" hai="4,10,13,63,65,71,87,88,92,96,98,99,103,107" machi="71" ten="30,3900,0" yaku="7,1,52,1,54,1" doraHai="80" who="3" fromWho="1" sc="250,0,240,-39,211,0,289,49" />
</Scene>
<Scene>
<INIT seed="2,0,0,3,4,106" ten="250,201,211,338" oya="2" hai0="4,65,101,51,18,95,69,26,105,99,44,10,118" hai1="25,33,94,108,61,60,62,8,131,104,76,97,87" hai2="109,17,63,122,34,43,72,129,37,92,74,116,89" hai3="45,40,88,100,58,21,68,55,5,46,130,126,93"/><V80/><F34/><W82/><G68/><T111/><D111/><U48/><E108/><V28/><F28/><W35/><G35/><T49/><D118/><U24/><E131/><V77/><F109/><W56/><G130/><T81/><D105/><U123/><E123/><V54/><F122/><W47/><G126/><T84/><D65/><U124/><E124/><V12/><F116/><W20/><G100/><T103/><D69/><U132/><E132/><V128/><F43/><W119/><G119/><T57/><D103/><N who="1" m="60855" /><E104/><V86/><F37/><W29/><G40/><T30/><D18/><U113/><E33/><V121/><F121/><W7/><G82/><T3/><D57/><N who="3" m="22121" /><G55/><T15/><D3/><U75/><E75/><V9/><F63/><W39/><G39/><T22/><REACH who="0" step="1"/><D44/><REACH who="0" ten="240,201,211,338" step="2"/><U117/><E117/><V107/><F107/><W41/><G41/><T85/><D85/><U31/><E87/><V36/><F36/><W125/><G125/><T27/><D27/><U112/><E25/><V79/><F54/><W32/><G45/><T120/><D120/><U52/><E24/><V64/><F64/><W134/><G46/><T59/><D59/><U102/><E102/><V42/><F42/><W13/><G47/><T78/><AGARI ba="0,1" hai="4,10,15,22,26,30,49,51,78,81,84,95,99,101" machi="78" ten="20,8000,1" yaku="1,1,0,1,7,1,8,1,53,1" doraHai="106" doraHaiUra="11" who="0" fromWho="0" sc="240,90,201,-20,211,-40,338,-20" />
</Scene>
<Scene>
<INIT seed="3,0,0,0,4,87" ten="330,181,171,318" oya="3" hai0="25,127,104,122,93,70,107,63,36,61,40,99,111" hai1="66,92,49,21,97,51,1,128,126,30,28,76,89" hai2="60,23,72,16,64,125,106,22,12,6,34,46,2" hai3="44,9,73,31,17,58,35,75,54,82,50,118,95"/><W117/><G35/><T53/><D122/><U18/><E1/><V20/><F106/><W135/><G31/><N who="1" m="11818" /><E128/><V41/><F72/><W130/><G130/><T109/><D127/><U112/><E112/><V90/><F125/><W27/><G135/><T79/><D25/><N who="1" m="14519" /><E126/><V132/><F132/><W71/><G71/><T78/><D40/><U37/><E37/><V105/><F105/><N who="0" m="40522" /><D36/><U91/><E76/><N who="0" m="29225" /><D53/><U14/><E66/><V123/><F34/><W94/><G75/><T8/><D8/><U88/><E14/><V69/><F123/><W102/><G73/><T77/><D70/><U96/><E96/><V103/><F103/><AGARI ba="0,0" hai="49,51,88,89,91,92,97,103" m="14519,11818" machi="103" ten="30,8000,1" yaku="8,1,52,3,54,1" doraHai="87" who="1" fromWho="2" sc="330,0,181,80,171,-80,318,0" />
</Scene>
<Scene>
<INIT seed="4,0,0,2,4,132" ten="330,261,91,318" oya="0" hai0="71,39,80,73,82,50,98,119,57,11,88,16,92" hai1="27,118,43,44,37,20,45,3,87,113,131,65,130" hai2="46,108,31,128,24,13,2,48,129,51,19,59,97" hai3="28,18,84,33,111,47,81,53,72,10,93,79,125"/><T36/><D119/><U54/><E118/><V121/><F121/><W124/><G111/><T9/><D71/><U49/><E3/><V115/><F108/><W110/><G110/><T86/><D73/><U58/><E113/><V17/><F115/><W85/><G33/><T78/><D82/><U29/><E87/><V106/><F2/><W114/><G28/><T127/><D127/><N who="3" m="48713" /><G114/><T89/><D78/><U1/><E1/><V60/><F97/><W76/><G76/><T4/><D11/><U14/><E14/><V63/><F106/><W135/><G135/><T117/><D117/><U15/><E15/><V21/><F19/><W38/><G93/><T100/><D100/><U94/><E94/><V32/><F60/><W34/><G34/><T8/><D8/><U74/><E74/><V30/><F30/><W105/><G105/><T66/><D4/><U134/><E134/><V35/><F35/><W5/><G18/><T109/><D109/><U41/><REACH who="1" step="1"/><E65/><REACH who="1" ten="330,251,91,318" step="2"/><V83/><F83/><W42/><G53/><N who="0" m="31927" /><D66/><U70/><E70/><V7/><F7/><W91/><G91/><T67/><D67/><U123/><E123/><V77/><F77/><W95/><G95/><T26/><D89/><U112/><E112/><V107/><F107/><W68/><G68/><T52/><D52/><U101/><E101/><V120/><F120/><W64/><G64/><T126/><D92/><U102/><E102/><V22/><F32/><W116/><G116/><T90/><D90/><U75/><E75/><V61/><F31/><W56/><G72/><T23/><D126/><U0/><E0/><RYUUKYOKU ba="0,1" sc="330,-10,251,30,91,-10,318,-10" hai1="20,27,29,37,41,43,44,45,49,54,58,130,131" />
</Scene>
<Scene>
<INIT seed="5,1,1,2,4,74" ten="320,281,81,308" oya="1" hai0="112,103,89,16,109,25,96,86,17,110,114,116,0" hai1="98,106,30,47,108,131,21,13,133,59,68,122,69" hai2="19,121,75,12,5,119,46,61,1,125,64,18,4" hai3="28,120,66,27,55,34,43,78,70,104,38,6,33"/><U7/><E122/><V94/><F121/><W62/><G120/><T31/><D0/><U118/><E118/><V44/><F119/><W76/><G104/><N who="0" m="63591" /><D116/><U40/><E133/><V85/><F125/><W90/><G34/><N who="0" m="20847" /><D89/><U22/><E131/><V3/><F75/><W53/><G6/><T50/><D50/><U81/><E108/><N who="0" m="41577" /><D86/><U72/><E59/><V29/><F29/><W8/><G8/><T23/><D23/><U42/><E22/><V20/><F3/><W130/><G130/><T60/><D60/><U54/><E54/><V129/><F1/><W63/><G90/><T123/><D123/><U80/><E7/><V102/><F129/><W65/><G53/><T135/><D135/><U26/><E13/><V115/><F4/><W52/><G55/><T107/><D107/><U95/><E106/><V36/><F5/><W58/><REACH who="3" step="1"/><G65/><REACH who="3" ten="320,281,81,298" step="2"/><T14/><D14/><U10/><E10/><V57/><F12/><W134/><G134/><T87/><D114/><U56/><E21/><V11/><F20/><W32/><G32/><T83/><D112/><U100/><E100/><V51/><F115/><W73/><G73/><T99/><D17/><U71/><E72/><V24/><F18/><W117/><G117/><T48/><D16/><U92/><E30/><V35/><F19/><W2/><G2/><T39/><D39/><U97/><E26/><V132/><F36/><W127/><G127/><T111/><D111/><U128/><E128/><V82/><F24/><W49/><G49/><T77/><D48/><N who="1" m="26727" /><E42/><N who="2" m="24983" /><F132/><W101/><G101/><T15/><D15/><U93/><E81/><RYUUKYOKU ba="1,2" sc="320,15,281,-15,81,-15,298,15" hai0="77,83,87,99" hai3="27,28,33,38,43,52,58,62,63,66,70,76,78" />
</Scene>
<Scene>
<INIT seed="6,2,2,2,1,117" ten="335,266,66,313" oya="2" hai0="127,132,84,92,97,37,35,78,119,20,62,4,32" hai1="11,49,22,72,45,34,53,101,111,38,6,135,131" hai2="54,113,85,109,28,23,40,59,46,93,51,27,8" hai3="102,57,47,88,21,79,19,114,41,112,104,14,70"/><V82/><F113/><N who="3" m="43627" /><G70/><T124/><D119/><U55/><E111/><V122/><F109/><W105/><G79/><T2/><D37/><U15/><E34/><V31/><F122/><W44/><G57/><T12/><D132/><U42/><E72/><V98/><F8/><W7/><G7/><T56/><D2/><U133/><E131/><V71/><F71/><W10/><G10/><N who="0" m="4167" /><D20/><U94/><E22/><V63/><F31/><W95/><G102/><N who="0" m="60711" /><D84/><U106/><E106/><N who="3" m="41066" /><G41/><T128/><D78/><U29/><E29/><V65/><F85/><AGARI ba="2,2" hai="14,19,21,44,47,85,88,95" m="41066,43627" machi="85" ten="30,3900,0" yaku="15,1,11,1,54,1" doraHai="117" who="3" fromWho="2" sc="335,0,266,0,66,-45,313,65" />
</Scene>
<Scene>
<INIT seed="7,0,0,3,3,85" ten="335,266,21,378" oya="3" hai0="94,88,35,129,24,108,46,127,20,117,2,86,126" hai1="121,53,45,25,100,101,0,28,29,3,7,89,80" hai2="5,49,131,66,58,51,92,38,31,61,75,11,78" hai3="133,16,69,87,41,60,23,76,10,56,120,65,64"/><W130/><G120/><T134/><D108/><U113/><E121/><V83/><F38/><W95/><G133/><T26/><D117/><U34/><E113/><V82/><F31/><W9/><G130/><T17/><D134/><U1/><E7/><V79/><F131/><W124/><G124/><N who="0" m="47659" /><D2/><U93/><E80/><V21/><F21/><W122/><G122/><T91/><D46/><U13/><E13/><V6/><F92/><W47/><G69/><T63/><D63/><U40/><E53/><V112/><F112/><W118/><G65/><T18/><D129/><U32/><E29/><V110/><F110/><W54/><G64/><T4/><D4/><U115/><E115/><V27/><F27/><N who="0" m="10282" /><D35/><U132/><E132/><V15/><F6/><W103/><G118/><T123/><D123/><U62/><E62/><V125/><F125/><W135/><G135/><T111/><D111/><U81/><E81/><V96/><F96/><N who="3" m="59807" /><G47/><T70/><D70/><U109/><E34/><V57/><F57/><W55/><G55/><T50/><D50/><U97/><REACH who="1" step="1"/><E109/><REACH who="1" ten="335,256,21,378" step="2"/><V48/><REACH who="2" step="1"/><F48/><AGARI ba="0,1" hai="0,1,3,25,28,32,40,45,48,89,93,97,100,101" machi="48" ten="40,5200,0" yaku="1,1,2,1,52,1,53,0" doraHai="85" doraHaiUra="128" who="1" fromWho="2" sc="335,0,256,62,21,-52,378,0" owari="335,14.0,318,-8.0,-31,-53.0,378,47.0" />
</Scene>
</mjloggm>