<mjloggm ver="2.3"><GO type="169"/><UN n0="%E3%81%84%E3%81%AC%E3%81%98%E3%82%83%E3%82%89%E3%81%97" n1="%E5%A4%AA%E3%81%8F%E3%81%AA%E3%81%84%E3%81%8A" n2="%E3%83%99%E3%82%BF%E3%82%AA%E3%83%AA%E3%82%B9%E3%82%AF" n3="%E3%81%99%E3%81%9F%E3%83%BC%E3%82%89%E3%81%84%E3%81%A8%E3%81%B3%E3%83%BC" dan="17,17,16,17" rate="2187,2183,2138,2156" sx="M,M,M,F"/><TAIKYOKU oya="0"/>

<Scene>
<INIT seed="0,0,0,3,2,119" ten="250,250,250,250" oya="0" hai0="47,8,98,58,16,104,25,70,17,54,94,38,39" hai1="56,51,131,68,108,59,73,28,92,5,76,86,49" hai2="121,53,4,15,103,124,79,115,21,37,113,97,111" hai3="95,42,3,66,122,52,99,19,23,67,43,60,1"/><T80/><D104/><U96/><E68/><V72/><F37/><W90/><G3/><T33/><D70/><U26/><E73/><V118/><F118/><W64/><G1/><T69/><D69/><U32/><E108/><V7/><F111/><W44/><G122/><T50/><D80/><U102/><E131/><V18/><F124/><W120/><G120/><T129/><D129/><U55/><E5/><V11/><F7/><W130/><G130/><T105/><D105/><U40/><E40/><V126/><F126/><W85/><G85/><T135/><D135/><U123/><E123/><V61/><F121/><W2/><G2/><T128/><D128/><U100/><E100/><V35/><F35/><W27/><G44/><T106/><D106/><U63/><E59/><AGARI ba="0,0" hai="19,23,27,42,43,52,59,60,64,66,67,90,95,99" machi="59" ten="40,8000,1" yaku="25,2,8,1,54,1" doraHai="119" who="3" fromWho="1" sc="250,0,250,-80,250,0,250,80" />
</Scene>
<Scene>
<INIT seed="1,0,0,4,0,90" ten="250,170,250,330" oya="1" hai0="37,7,24,23,88,25,54,112,19,117,120,53,79" hai1="85,55,77,14,9,64,111,69,27,74,35,134,40" hai2="52,107,28,98,33,82,62,42,45,81,92,76,17" hai3="135,4,13,5,59,67,26,22,30,65,124,43,86"/><U131/><E40/><V34/><F107/><W129/><G129/><T97/><D117/><U116/><E116/><V0/><F0/><W87/><G135/><T50/><D112/><U10/><E74/><V70/><F70/><W2/><G2/><T115/><D37/><U51/><E131/><V110/><F110/><W20/><G124/><T84/><D115/><U103/><E134/><V80/><F76/><W89/><G43/><T68/><D68/><U96/><E111/><V58/><F17/><W126/><G126/><T8/><D120/><U91/><E77/><V12/><F12/><W57/><G87/><T106/><D79/><U99/><E64/><V44/><F28/><W15/><G15/><N who="0" m="5535" /><D106/><U47/><E69/><V128/><F128/><W125/><G125/><T38/><D97/><U93/><E14/><V119/><F119/><W63/><G65/><T75/><D75/><U95/><REACH who="1" step="1"/><E96/><REACH who="1" ten="250,160,250,330" step="2"/><V18/><F42/><W83/><G13/><N who="0" m="9711" /><D38/><U11/><E11/><V60/><F98/><W32/><G4/><T78/><D78/><U101/><E101/><V73/><F73/><W71/><G5/><T122/><D122/><U16/><E16/><V66/><F18/><W61/><G71/><T21/><D54/><U3/><E3/><V56/><F66/><W1/><G1/><T118/><D118/><U31/><AGARI ba="0,1" hai="9,10,27,31,35,47,51,55,85,91,93,95,99,103" machi="31" ten="30,12000,1" yaku="1,1,0,1,52,2,53,1" doraHai="90" doraHaiUra="48" who="1" fromWho="1" sc="250,-40,160,130,250,-40,330,-40" />
</Scene>
<Scene>
<INIT seed="1,1,0,0,1,123" ten="210,290,210,290" oya="1" hai0="110,44,61,74,5,84,97,35,53,13,93,31,63" hai1="28,52,9,113,42,57,29,48,103,19,130,71,10" hai2="72,1,21,39,25,85,58,106,117,96,6,18,46" hai3="92,107,56,12,37,132,66,59,33,102,34,109,119"/><U114/><E71/><V68/><F68/><W14/><G37/><T17/><D74/><U116/><E116/><V125/><F72/><W105/><G66/><T90/><D5/><U8/><E130/><V91/><F117/><W30/><G102/><T126/><D126/><U77/><E77/><V20/><F125/><W7/><G7/><T0/><D0/><U89/><E103/><V60/><F21/><W62/><G62/><T36/><D110/><U112/><E19/><V88/><F6/><W65/><G65/><T22/><D31/><U95/><REACH who="1" step="1"/><E42/><REACH who="1" ten="210,280,210,290" step="2"/><V81/><F18/><W127/><G119/><T83/><D17/><U67/><E67/><V15/><F91/><W101/><G101/><T43/><D90/><U3/><E3/><V45/><F1/><W64/><G64/><T133/><D43/><U26/><E26/><V99/><F25/><W32/><G127/><T50/><D53/><U82/><E82/><V49/><F81/><W104/><G30/><T41/><D41/><U134/><E134/><V86/><F88/><W69/><G132/><T124/><D83/><U24/><E24/><V76/><F76/><W98/><G69/><T27/><D27/><U79/><E79/><V120/><F120/><W75/><G14/><T11/><D13/><U108/><E108/><V135/><F15/><W23/><G109/><T70/><D70/><U87/><AGARI ba="1,1" hai="8,9,10,28,29,48,52,57,87,89,95,112,113,114" machi="87" ten="40,7800,0" yaku="1,1,0,1,54,1,53,0" doraHai="123" doraHaiUra="115" who="1" fromWho="1" sc="210,-27,280,91,210,-27,290,-27" />
</Scene>
<Scene>
<INIT seed="1,2,0,4,0,84" ten="183,371,183,263" oya="1" hai0="18,20,78,7,56,26,97,0,94,6,37,10,39" hai1="132,83,9,116,67,28,119,73,25,59,90,43,48" hai2="70,46,13,134,64,55,87,79,1,33,8,104,107" hai3="60,122,109,3,95,135,102,99,86,123,57,22,68"/><U120/><E120/><V36/><F33/><W45/><G68/><T32/><D78/><U77/><E132/><V27/><F1/><W74/><G74/><T117/><D117/><U112/><E112/><V118/><F118/><W93/><G135/><T24/><D7/><U16/><E90/><V103/><F134/><W23/><G3/><T2/><D2/><U114/><E114/><V61/><F103/><W96/><G109/><T110/><D110/><U29/><E67/><V92/><F27/><W42/><G86/><T58/><D58/><U53/><E43/><V82/><F92/><W127/><G127/><T85/><D85/><U41/><E41/><V115/><F115/><W131/><G131/><T101/><REACH who="0" step="1"/><D56/><REACH who="0" ten="173,371,183,263" step="2"/><U5/><E119/><V15/><F79/><W81/><G123/><T21/><D21/><U69/><E116/><V35/><F35/><W40/><G23/><T88/><D88/><U80/><E69/><V52/><F70/><W19/><G57/><T11/><D11/><U125/><E77/><V111/><F8/><W108/><G108/><T133/><D133/><U106/><E9/><V71/><F71/><W12/><G122/><T72/><D72/><U49/><E73/><V17/><F111/><W44/><G22/><T31/><AGARI ba="2,1" hai="0,6,10,18,20,24,26,31,32,37,39,94,97,101" machi="31" ten="30,2000,0" yaku="1,1,0,1,53,0" doraHai="84" doraHaiUra="38" who="0" fromWho="0" sc="173,36,371,-12,183,-7,263,-7" />
</Scene>
<Scene>
<INIT seed="2,0,0,5,4,131" ten="209,359,176,256" oya="2" hai0="100,79,29,59,57,58,34,91,86,12,44,121,43" hai1="0,114,117,96,88,94,127,10,42,61,115,56,99" hai2="134,39,65,46,62,21,76,84,106,112,50,14,77" hai3="8,40,47,116,87,135,64,69,41,22,92,78,83"/><V90/><F39/><W18/><G116/><T104/><D121/><U48/><E117/><V38/><F38/><W26/><G69/><T75/><D79/><U89/><E127/><V80/><F106/><W118/><G64/><T81/><D75/><U55/><E0/><V123/><F112/><W97/><G118/><T23/><D34/><U98/><E10/><V119/><F119/><W72/><G72/><T53/><D100/><U19/><E19/><V122/><F134/><W120/><G135/><T60/><D104/><U36/><E36/><V85/><F123/><W124/><G124/><T9/><D23/><U35/><E35/><V31/><F122/><W95/><G8/><T66/><D29/><U37/><E37/><V107/><F107/><W30/><G30/><T45/><D43/><U33/><E33/><V93/><F77/><W49/><G120/><T109/><D109/><U103/><E103/><V3/><F3/><W102/><G92/><T133/><D133/><U125/><E125/><V71/><F31/><W17/><G17/><N who="0" m="8335" /><D58/><U7/><E7/><V108/><F108/><W1/><G1/><T27/><D27/><U126/><E126/><V101/><F101/><W111/><G111/><T28/><D28/><U129/><E115/><V73/><F73/><W128/><G128/><T54/><D66/><U5/><E129/><V16/><F46/><W2/><G2/><T130/><D130/><U82/><E114/><V110/><F110/><W20/><G20/><T32/><D32/><U24/><E24/><V25/><F25/><W4/><G4/><T52/><D59/><RYUUKYOKU ba="0,0" sc="209,10,359,-30,176,10,256,10" hai0="44,45,52,53,54,57,60,81,86,91" hai2="14,16,21,50,62,65,71,76,80,84,85,90,93" hai3="18,22,26,40,41,47,49,78,83,87,95,97,102" />
</Scene>
<Scene>
<INIT seed="2,1,0,2,2,29" ten="219,329,186,266" oya="2" hai0="108,95,131,79,55,33,50,74,46,60,41,0,36" hai1="40,24,115,88,49,31,7,44,103,78,118,106,87" hai2="22,91,28,11,34,23,17,62,127,128,122,77,48" hai3="119,8,112,111,125,130,3,39,73,100,56,114,58"/><V121/><F127/><W2/><G119/><T70/><D0/><U67/><E118/><V81/><F128/><W69/><G100/><T134/><D131/><U93/><E115/><V45/><F91/><W94/><G94/><T126/><D126/><U68/><E7/><V99/><F99/><W123/><G8/><T135/><D108/><U30/><E78/><V13/><F62/><W110/><G125/><T116/><D116/><U97/><REACH who="1" step="1"/><E24/><REACH who="1" ten="219,319,186,266" step="2"/><V32/><F77/><W105/><G114/><T18/><D79/><U92/><E92/><V133/><F122/><W82/><G112/><T129/><D95/><U54/><E54/><V21/><F121/><W35/><G123/><T47/><D55/><U90/><E90/><V42/><F133/><W109/><G110/><T38/><D129/><U72/><E72/><V80/><REACH who="2" step="1"/><F28/><REACH who="2" ten="219,319,176,266" step="2"/><W15/><G111/><T27/><D135/><U20/><E20/><V51/><F51/><W6/><G109/><T59/><D50/><U96/><E96/><V124/><F124/><W86/><G130/><T1/><D134/><U83/><E83/><AGARI ba="1,2" hai="11,13,17,21,22,23,32,34,42,45,48,80,81,83" machi="83" ten="40,7700,0" yaku="1,1,52,2,53,0" doraHai="29" doraHaiUra="101" who="2" fromWho="1" sc="219,0,319,-80,176,100,266,0" />
</Scene>
<Scene>
<INIT seed="2,2,0,3,0,17" ten="219,239,276,266" oya="2" hai0="31,22,52,53,114,57,33,116,48,47,12,59,61" hai1="4,108,129,74,86,15,82,40,105,99,3,10,134" hai2="28,70,81,5,106,91,121,24,97,135,73,68,123" hai3="107,118,34,35,101,51,44,54,127,46,30,66,103"/><V56/><F135/><W93/><G118/><T132/><D114/><U43/><E134/><V27/><F5/><W94/><G66/><T85/><D132/><U83/><E108/><V112/><F112/><W1/><G1/><T124/><D33/><U16/><E129/><V18/><F68/><W62/><G62/><T37/><D37/><U75/><E105/><V89/><F70/><W7/><G7/><T130/><D130/><U125/><E125/><V9/><F89/><W23/><G107/><T96/><D124/><U87/><E99/><V58/><F58/><W131/><G131/><T92/><D116/><U13/><E3/><V55/><F73/><W119/><G119/><T109/><D109/><U11/><E75/><V133/><F133/><W88/><G35/><T69/><D85/><U64/><E64/><V14/><F81/><W32/><G32/><T104/><D104/><U19/><E74/><V67/><F67/><W80/><G34/><T20/><D69/><U50/><E4/><V77/><F77/><W84/><G46/><T110/><D110/><U45/><E50/><V36/><F36/><W8/><G8/><T90/><D31/><U120/><REACH who="1" step="1"/><E45/><REACH who="1" ten="219,229,276,266" step="2"/><V41/><F106/><W2/><G2/><T115/><D115/><U111/><E111/><V76/><F97/><W100/><G127/><T122/><D59/><U39/><E39/><V25/><F56/><W0/><G0/><T95/><D57/><U29/><E29/><V126/><F28/><W26/><AGARI ba="2,1" hai="23,26,30,44,51,54,80,84,88,93,94,100,101,103" machi="26" ten="30,7900,0" yaku="0,1,8,1,52,1,54,1" doraHai="17" who="3" fromWho="3" sc="219,-22,229,-22,276,-41,266,95" />
</Scene>
<Scene>
<INIT seed="3,0,0,3,2,79" ten="197,207,235,361" oya="3" hai0="98,52,67,128,56,62,19,87,54,16,90,64,7" hai1="85,24,60,116,22,72,82,35,130,108,69,125,44" hai2="15,94,81,113,109,59,45,112,104,42,31,6,71" hai3="12,110,65,102,50,126,123,9,38,20,33,17,97"/><W75/><G38/><T5/><D128/><U46/><E130/><V63/><F104/><W48/><G123/><T122/><D122/><U76/><E108/><V14/><F71/><W127/><G33/><T91/><D98/><U117/><E35/><V121/><F121/><W32/><G32/><T25/><D91/><U88/><E125/><V114/><F109/><W133/><G110/><T68/><D54/><U2/><E2/><V8/><F31/><W101/><G65/><N who="0" m="25163" /><D68/><U37/><E60/><V61/><F94/><W21/><G75/><T53/><D53/><U41/><E46/><V78/><F15/><W132/><G12/><T11/><D11/><U1/><E1/><V77/><F59/><W134/><G97/><T135/><D135/><U43/><E43/><V103/><F103/><N who="3" m="39435" /><G9/><T34/><D34/><U100/><E100/><V47/><F47/><W120/><G120/><T95/><D25/><U13/><E13/><V26/><F26/><W27/><G21/><T74/><D74/><U30/><REACH who="1" step="1"/><E69/><REACH who="1" ten="197,197,235,361" step="2"/><V36/><REACH who="2" step="1"/><F78/><REACH who="2" ten="197,197,225,361" step="2"/><W115/><G127/><T3/><D3/><U99/><E99/><V4/><F4/><AGARI ba="0,2" hai="4,5,7,16,19,52,56,62,87,90,95" m="25163" machi="4" ten="30,3900,0" yaku="8,1,54,2" doraHai="79" who="0" fromWho="2" sc="197,59,197,0,225,-39,361,0" />
</Scene>
<Scene>
<INIT seed="4,0,0,4,1,81" ten="256,197,186,361" oya="0" hai0="1,4,104,127,129,17,95,118,32,87,22,49,126" hai1="82,28,57,18,34,84,40,29,9,97,122,30,25" hai2="98,110,5,71,108,2,19,116,125,64,119,13,54" hai3="53,130,45,102,66,38,79,26,90,35,10,135,80"/><T115/><D118/><N who="2" m="45098" /><F125/><N who="0" m="47626" /><D32/><U56/><E122/><V131/><F131/><W12/><G66/><T41/><D104/><U21/><E40/><V11/><F64/><W83/><G35/><T134/><D129/><U112/><E112/><V62/><F71/><W132/><G102/><T86/><D115/><U23/><E97/><V24/><F98/><W89/><G38/><T20/><D134/><U109/><E109/><N who="2" m="42091" /><F54/><W120/><G120/><T58/><D95/><U63/><E9/><N who="2" m="2231" /><F62/><W47/><G130/><T113/><D113/><U92/><E92/><V15/><F13/><W46/><G53/><N who="0" m="32047" /><D41/><U75/><E75/><V48/><F48/><W33/><G135/><T133/><D133/><U73/><E73/><V94/><F94/><W76/><G132/><T3/><D3/><U88/><E34/><V107/><F107/><W69/><G33/><T100/><D100/><U85/><E85/><N who="0" m="32265" /><D17/><U124/><E124/><V14/><F14/><W123/><G123/><T16/><D16/><N who="1" m="12455" /><E63/><V114/><F114/><W128/><G128/><T31/><D31/><U8/><E29/><V103/><F103/><W72/><G76/><T27/><D27/><AGARI ba="0,0" hai="11,15,19,24,27" m="2231,42091,45098" machi="27" ten="30,3900,0" yaku="12,1,34,2" doraHai="81" who="2" fromWho="0" sc="256,-39,197,0,186,39,361,0" />
</Scene>
<Scene>
<INIT seed="5,0,0,2,1,79" ten="217,197,225,361" oya="1" hai0="7,114,39,78,112,96,40,3,121,100,66,82,53" hai1="16,55,85,90,41,74,72,71,11,88,102,97,59" hai2="81,32,27,38,124,13,130,15,108,29,87,75,91" hai3="1,106,63,51,19,2,83,105,94,115,10,126,26"/><U119/><E119/><V80/><F108/><W73/><G115/><N who="0" m="44075" /><D121/><U24/><E71/><V22/><F38/><W52/><G126/><T104/><D66/><U129/><E129/><V60/><F130/><W101/><G63/><T117/><D117/><U35/><E41/><V135/><F135/><W9/><G94/><T93/><D53/><U37/><E37/><V4/><F124/><W113/><G19/><T42/><D39/><U8/><E74/><V17/><F60/><W58/><G26/><T111/><D111/><U6/><E72/><V98/><F98/><W77/><G101/><T70/><D104/><U47/><E47/><V103/><F103/><W65/><G65/><T92/><D92/><N who="1" m="58663" /><E35/><V120/><F120/><W23/><G23/><T118/><D70/><U99/><E99/><V128/><F128/><W25/><G25/><T107/><D107/><U36/><E36/><V46/><F46/><W125/><G125/><T31/><D31/><U18/><E6/><V28/><F4/><W86/><G73/><N who="0" m="43343" /><D118/><U21/><E18/><V44/><F44/><W69/><G69/><T50/><D50/><N who="1" m="31223" /><E90/><V67/><F91/><W131/><G131/><T109/><D109/><U76/><E76/><V12/><F32/><W54/><G113/><T122/><D122/><U123/><E123/><V61/><F75/><W133/><G106/><T48/><D48/><U34/><E34/><V110/><F110/><W56/><G105/><T45/><D45/><U49/><E49/><V30/><F87/><W89/><G77/><T14/><D3/><U43/><E43/><V64/><F67/><RYUUKYOKU ba="0,0" sc="217,10,197,10,225,10,361,-30" hai0="7,14,40,42,93,96,100" hai1="8,11,16,21,24,85,88" hai2="12,13,15,17,22,27,28,29,30,61,64,80,81" />
</Scene>
<Scene>
<INIT seed="5,1,0,0,5,50" ten="227,207,235,331" oya="1" hai0="97,91,128,73,100,64,120,26,111,65,90,33,23" hai1="24,31,63,72,40,22,0,48,76,121,53,42,80" hai2="20,59,93,17,133,83,114,123,92,71,15,129,38" hai3="104,106,54,89,61,124,108,16,118,103,116,52,6"/><U5/><E121/><V1/><F123/><W113/><G108/><T115/><D111/><U94/><E63/><V85/><F71/><W68/><G124/><T44/><D33/><U35/><E35/><V81/><F38/><W39/><G39/><T87/><D73/><U98/><E5/><V8/><F133/><W34/><G34/><T19/><D120/><U4/><E4/><V57/><F129/><W88/><G6/><T10/><D115/><U122/><E0/><V79/><F114/><W96/><G106/><T46/><D128/><U105/><E105/><V78/><F1/><W25/><G113/><T117/><D117/><N who="3" m="45161" /><G68/><T130/><D130/><U62/><E62/><V7/><F59/><N who="3" m="35047" /><G54/><T77/><D46/><U18/><E122/><V45/><F45/><W99/><G99/><T112/><D64/><U75/><E75/><V32/><F32/><W131/><G131/><T102/><D97/><U60/><E60/><V58/><F58/><W119/><G119/><T21/><D44/><U126/><E126/><V132/><F57/><W29/><G29/><T69/><D65/><U135/><E135/><V37/><F37/><W67/><G67/><T86/><D69/><U12/><E48/><V11/><F132/><W43/><G43/><T13/><D112/><U127/><E127/><V134/><F134/><W84/><G84/><T125/><D87/><U109/><E109/><V41/><F41/><W14/><G14/><T30/><D86/><U101/><E53/><V36/><F36/><W2/><G2/><T70/><D125/><U74/><E72/><N who="2" m="43207" /><F7/><W28/><G28/><RYUUKYOKU ba="1,0" sc="227,-30,207,10,235,10,331,10" hai1="12,18,22,24,31,40,42,74,76,80,94,98,101" hai2="8,11,15,17,20,79,83,85,92,93" hai3="16,25,88,89,96,103,104" />
</Scene>
<Scene>
<INIT seed="5,2,0,0,0,40" ten="197,217,245,341" oya="1" hai0="62,126,42,43,73,66,22,134,17,114,97,78,34" hai1="25,95,55,110,72,4,124,92,123,129,8,135,45" hai2="112,102,115,93,23,74,67,101,30,52,53,58,70" hai3="98,44,76,32,29,1,77,100,35,109,28,71,48"/><U11/><E123/><V116/><F116/><W79/><G71/><T19/><D34/><U33/><E72/><V96/><F74/><W50/><G1/><T88/><D114/><N who="2" m="43562" /><F70/><W90/><G90/><T127/><D134/><U18/><E135/><V14/><F102/><W41/><G109/><T82/><D17/><U39/><E110/><V13/><F67/><W132/><G132/><T89/><D43/><U85/><E124/><N who="0" m="47657" /><D97/><U133/><E133/><V131/><F131/><W65/><G65/><T5/><D5/><U104/><E104/><V24/><F53/><W64/><G64/><T0/><D0/><U59/><E129/><V128/><F128/><W99/><G100/><T119/><D42/><U111/><E111/><V56/><F56/><W10/><G10/><T9/><D9/><U61/><E4/><V86/><F86/><W117/><G41/><T63/><D119/><U54/><E39/><V46/><F46/><W125/><G77/><T12/><D63/><AGARI ba="2,0" hai="13,14,23,24,30,52,58,63,93,96,101" m="43562" machi="63" ten="30,3900,0" yaku="15,1,11,1,54,1" doraHai="40" who="2" fromWho="0" sc="197,-45,217,0,245,45,341,0" />
</Scene>
<Scene>
<INIT seed="6,0,0,2,3,51" ten="152,217,290,341" oya="2" hai0="59,127,63,93,56,70,7,4,71,114,110,16,104" hai1="28,108,128,123,69,42,77,49,95,99,62,48,133" hai2="23,47,88,131,117,64,11,38,32,80,21,73,19" hai3="87,98,103,0,100,76,81,90,85,130,60,134,116"/><V43/><F32/><W65/><G0/><T1/><D104/><U5/><E108/><V109/><F117/><W119/><G134/><T68/><D110/><U20/><E5/><V46/><F109/><W105/><G130/><T36/><D36/><U61/><E77/><V120/><F120/><W94/><G103/><T124/><D114/><U29/><E128/><V55/><F131/><W52/><G52/><N who="0" m="34183" /><D1/><U101/><E133/><V72/><F64/><W8/><G8/><T14/><D59/><AGARI ba="0,0" hai="59,60,65,76,81,85,87,90,94,98,100,105,116,119" machi="59" ten="30,1000,0" yaku="7,1" doraHai="51" who="3" fromWho="0" sc="152,-10,217,0,290,0,341,10" />
</Scene>
<Scene>
<INIT seed="7,0,0,2,3,78" ten="142,217,290,351" oya="3" hai0="108,90,67,8,126,134,81,119,63,95,103,37,49" hai1="71,6,133,62,82,94,117,27,125,13,127,4,7" hai2="38,96,22,15,70,23,97,21,25,132,1,102,44" hai3="54,123,92,45,77,48,85,39,110,101,69,32,86"/><W19/><G69/><T17/><D37/><U61/><E133/><V52/><F1/><W89/><G123/><T55/><D108/><U129/><E129/><V35/><F70/><W46/><G32/><T74/><D134/><U5/><E117/><V73/><F73/><W135/><G110/><T50/><D119/><U75/><E27/><V12/><F132/><W40/><G135/><T83/><D126/><N who="1" m="48139" /><E71/><V24/><F35/><W80/><G101/><T122/><D122/><U14/><E94/><N who="2" m="58647" /><F38/><W106/><G19/><T93/><D74/><U20/><E20/><V115/><F115/><W51/><G39/><T118/><D118/><U29/><E29/><V68/><F68/><W56/><G106/><T28/><D28/><U91/><E91/><V100/><F100/><W99/><G45/><N who="0" m="28079" /><D103/><U116/><E116/><V64/><F64/><W109/><G109/><T121/><D121/><U105/><E105/><V130/><F130/><W47/><G47/><T131/><D131/><U128/><E128/><V104/><F104/><W113/><G113/><T2/><D2/><U33/><E33/><V87/><F97/><AGARI ba="0,0" hai="40,46,48,51,54,56,77,80,85,86,89,92,97,99" machi="97" ten="40,3900,0" yaku="8,1,52,1" doraHai="78" who="3" fromWho="2" sc="142,0,217,0,290,-39,351,39" owari="142,-36.0,217,-18.0,251,5.0,390,49.0" />
</Scene>
</mjloggm>