<mjloggm ver="2.3"><GO type="169" lobby="0"/><UN n0="%53%47%59%4D%48%52%4B%31" n1="%E5%A4%AA%E3%81%8F%E3%81%AA%E3%81%84%E3%81%8A" n2="%E6%9C%88%E5%8D%83%E4%B8%80%E5%A4%9C" n3="%E9%9D%92%E3%83%99%E3%82%AC" dan="16,18,16,16" rate="2044.51,2240.00,2103.68,2076.48" sx="M,F,F,M"/><TAIKYOKU oya="0"/>

<Scene>
<INIT seed="0,0,0,3,3,81" ten="250,250,250,250" oya="0" hai0="77,17,62,11,95,46,43,7,64,93,1,118,57" hai1="54,15,29,4,88,73,50,71,79,110,5,35,24" hai2="117,127,98,44,58,91,40,19,82,45,135,92,128" hai3="89,78,36,39,3,104,49,14,103,47,38,0,27"/><T51/><D118/><U56/><E71/><V76/><F127/><W83/><G89/><T26/><D77/><U20/><E110/><V31/><F128/><W18/><G27/><T28/><REACH who="0" step="1"/><D17/><REACH who="0" ten="240,250,250,250" step="2"/><N who="1" m="10303" /><E79/><V112/><F19/><W12/><G18/><T102/><D102/><U59/><E73/><V9/><F76/><W90/><G103/><T25/><D25/><U109/><E109/><V114/><F117/><W16/><G78/><T99/><D99/><U8/><E24/><V96/><F98/><W80/><G38/><T133/><D133/><U126/><E126/><V69/><F96/><W86/><G39/><T61/><D61/><U70/><E29/><V124/><F31/><W119/><G36/><T101/><D101/><U21/><E5/><V129/><F135/><W6/><G6/><T111/><D111/><U13/><E4/><V105/><F124/><W131/><G119/><T100/><D100/><U121/><E50/><V48/><F48/><W55/><G49/><T67/><D67/><U41/><E121/><V32/><F129/><W113/><G131/><T52/><D52/><U75/><E54/><V2/><F112/><W84/><G55/><T66/><D66/><U122/><E122/><V97/><F97/><W134/><G134/><T72/><D72/><U108/><E75/><V30/><F30/><W42/><G113/><T74/><D74/><U65/><E108/><V63/><F63/><W22/><G104/><T106/><D106/><U120/><E120/><V94/><F105/><W87/><G42/><T116/><D116/><U10/><E41/><V60/><F40/><RYUUKYOKU ba="0,1" sc="240,30,250,-10,250,-10,250,-10" hai0="1,7,11,26,28,43,46,51,57,62,64,93,95" />
</Scene>
<Scene>
<INIT seed="0,1,1,0,1,44" ten="270,240,240,240" oya="0" hai0="68,108,49,23,28,128,120,39,74,41,124,94,112" hai1="50,98,26,106,31,135,125,115,117,7,22,11,96" hai2="46,43,51,70,87,101,60,79,73,75,59,114,21" hai3="105,66,82,90,119,63,67,123,9,12,111,102,57"/><T86/><D74/><U95/><E117/><V84/><F114/><W88/><G119/><T92/><D120/><U61/><E115/><V78/><F70/><W116/><G116/><T36/><D68/><U77/><E135/><V32/><F32/><W0/><G0/><T93/><D112/><U64/><E125/><V37/><F101/><W30/><G123/><T1/><D1/><U81/><E106/><V100/><F100/><W16/><G111/><T54/><D124/><U13/><E95/><V8/><F37/><W107/><G30/><T71/><D71/><U10/><E10/><V65/><F8/><W85/><G102/><T127/><D127/><U18/><E7/><V6/><F6/><W55/><REACH who="3" step="1"/><G90/><REACH who="3" ten="270,240,240,230" step="2"/><N who="0" m="53335" /><D108/><U131/><E131/><V72/><REACH who="2" step="1"/><F21/><REACH who="2" ten="270,240,230,230" step="2"/><W47/><G47/><T89/><D23/><U121/><E121/><V113/><F113/><W99/><G99/><T5/><D128/><U48/><E98/><V40/><F40/><W3/><G3/><T97/><D41/><U38/><E96/><V42/><F42/><W17/><G17/><T134/><D97/><U58/><REACH who="1" step="1"/><E38/><REACH who="1" ten="270,230,230,230" step="2"/><V129/><F129/><W110/><G110/><T35/><D39/><U52/><E52/><V104/><F104/><AGARI ba="1,4" hai="9,12,16,55,57,63,66,67,82,85,88,104,105,107" machi="104" ten="40,5200,0" yaku="1,1,54,2,53,0" doraHai="44" doraHaiUra="109" who="3" fromWho="2" sc="270,0,230,0,230,-55,230,95" />
</Scene>
<Scene>
<INIT seed="1,0,0,1,3,99" ten="270,230,175,325" oya="1" hai0="102,91,96,98,134,131,73,10,12,79,54,100,89" hai1="117,115,78,68,43,52,33,112,58,72,92,87,130" hai2="128,123,0,45,93,20,40,103,74,109,62,32,63" hai3="11,64,49,4,37,15,36,46,8,111,122,127,84"/><U108/><E117/><V129/><F123/><W97/><G122/><T13/><D54/><U21/><E33/><V119/><F119/><W44/><G111/><T9/><D79/><U29/><E68/><V120/><F32/><W25/><G127/><T41/><D73/><U39/><E72/><V105/><F74/><W55/><G64/><T85/><D134/><U90/><E78/><V17/><F0/><W60/><G84/><T53/><D53/><U125/><E125/><V3/><F3/><W30/><G60/><T82/><D41/><U118/><E118/><V35/><F105/><W51/><G11/><N who="0" m="4107" /><D131/><N who="2" m="50250" /><F35/><W48/><G97/><N who="0" m="37483" /><D91/><U95/><E130/><V86/><F109/><W31/><G51/><T81/><D81/><U121/><E121/><V133/><F133/><W34/><REACH who="3" step="1"/><G30/><REACH who="3" ten="270,230,175,315" step="2"/><T80/><D80/><U26/><E108/><V69/><F120/><W126/><G126/><T124/><D124/><U104/><E104/><V6/><F86/><W107/><G107/><T28/><D28/><U75/><E75/><V1/><F69/><W83/><G83/><T14/><AGARI ba="0,1" hai="12,13,14,82,85,89,100,102" m="37483,4107" machi="14" ten="30,4000,0" yaku="8,1,52,2" doraHai="99" who="0" fromWho="0" sc="270,50,230,-20,175,-10,315,-10" />
</Scene>
<Scene>
<INIT seed="2,0,0,1,1,75" ten="320,210,165,305" oya="2" hai0="63,9,15,126,110,135,95,43,115,60,59,25,10" hai1="132,53,109,47,104,101,65,103,52,117,131,112,58" hai2="70,32,119,78,38,3,22,123,69,27,85,44,133" hai3="83,122,19,34,93,61,45,11,67,62,130,29,129"/><V42/><F119/><W113/><G122/><T106/><D115/><U66/><E112/><V121/><F32/><W49/><G113/><T26/><D106/><U120/><E117/><V80/><F3/><W92/><G83/><T124/><D110/><U57/><E109/><V100/><F133/><W108/><G108/><T18/><D43/><U107/><E47/><V55/><F100/><W68/><G62/><T87/><D135/><U20/><E132/><V5/><F5/><W30/><G34/><T77/><D9/><U21/><REACH who="1" step="1"/><E131/><REACH who="1" ten="320,200,165,305" step="2"/><V13/><F121/><AGARI ba="0,1" hai="20,21,52,53,57,58,65,66,101,103,104,107,120,121" machi="121" ten="25,8000,1" yaku="1,1,2,1,22,2,54,1,53,0" doraHai="75" doraHaiUra="35" who="1" fromWho="2" sc="320,0,200,90,165,-80,305,0" />
</Scene>
<Scene>
<INIT seed="3,0,0,4,3,92" ten="320,290,85,305" oya="3" hai0="21,28,8,115,111,105,66,46,106,98,97,122,95" hai1="127,16,75,54,134,65,135,9,23,7,44,124,58" hai2="96,27,93,30,74,77,35,25,26,14,48,129,6" hai3="113,109,3,20,126,118,84,62,131,132,33,49,80"/><W69/><RYUUKYOKU type="yao9" ba="0,0" sc="320,0,290,0,85,0,305,0" hai3="3,20,33,49,62,69,80,84,109,113,118,126,131,132" />
</Scene>
<Scene>
<INIT seed="3,1,0,5,5,46" ten="320,290,85,305" oya="3" hai0="108,100,13,120,40,45,81,92,30,79,14,99,103" hai1="36,44,128,8,27,124,9,67,105,51,52,110,29" hai2="88,31,114,127,125,117,55,18,89,32,86,22,10" hai3="6,135,50,93,84,42,82,132,68,34,63,62,19"/><W43/><G34/><T28/><D120/><U61/><E105/><V85/><F114/><W41/><G6/><T69/><D69/><U1/><E1/><V64/><F117/><W54/><G93/><T98/><D108/><U21/><E110/><V121/><F121/><W123/><G123/><T24/><D30/><U101/><E128/><V70/><F32/><W97/><G97/><T133/><D133/><N who="3" m="51273" /><G19/><T109/><D109/><U118/><E118/><V77/><F31/><W23/><G23/><T37/><D24/><U38/><E124/><N who="2" m="47691" /><F10/><W119/><G119/><T90/><D28/><U66/><E101/><V53/><F64/><W129/><G129/><T76/><D90/><N who="2" m="34922" /><F70/><W87/><G68/><T122/><D122/><U11/><REACH who="1" step="1"/><E67/><REACH who="1" ten="320,280,85,305" step="2"/><V83/><F85/><N who="3" m="32843" /><G82/><T72/><D79/><U60/><E60/><V2/><F2/><W20/><G20/><T17/><D76/><U131/><E131/><V95/><F95/><W5/><G5/><T25/><D103/><U57/><AGARI ba="1,1" hai="8,9,11,21,27,29,36,38,44,51,52,57,61,66" machi="57" ten="30,7900,0" yaku="1,1,0,1,52,1,54,1,53,0" doraHai="46" doraHaiUra="112" who="1" fromWho="1" sc="320,-21,280,92,85,-21,305,-40" />
</Scene>
<Scene>
<INIT seed="4,0,0,1,2,108" ten="299,372,64,265" oya="0" hai0="95,27,22,89,47,11,46,38,120,54,3,121,58" hai1="60,112,109,21,91,30,119,61,57,85,51,2,68" hai2="37,127,102,15,105,4,129,72,66,134,96,92,98" hai3="78,0,116,81,131,63,56,94,125,70,80,34,107"/><T86/><D38/><U5/><E109/><V87/><F72/><W126/><G107/><T24/><D121/><U26/><E119/><V99/><F37/><W31/><G70/><T8/><D3/><U45/><E68/><V133/><F66/><W42/><G116/><T69/><D69/><U36/><E36/><V90/><F4/><W75/><G0/><T23/><D120/><U12/><E2/><V113/><F15/><W118/><G118/><T20/><D8/><N who="1" m="4111" /><E57/><V93/><F127/><N who="3" m="48651" /><G42/><T55/><D11/><U100/><E100/><N who="2" m="62623" /><F129/><W33/><G131/><T83/><D83/><N who="1" m="49599" /><E112/><V135/><F96/><W110/><G110/><T1/><D1/><U123/><E123/><V115/><AGARI ba="0,0" hai="87,90,92,93,98,102,113,115,133,134,135" m="62623" machi="115" ten="40,8000,1" yaku="20,1,34,2,52,2" doraHai="108" who="2" fromWho="2" sc="299,-40,372,-20,64,80,265,-20" />
</Scene>
<Scene>
<INIT seed="5,0,0,3,3,118" ten="259,352,144,245" oya="1" hai0="12,62,17,121,31,47,101,45,72,11,103,99,50" hai1="21,67,57,129,61,108,6,80,82,49,84,9,36" hai2="51,54,42,7,89,2,38,28,81,112,32,90,83" hai3="59,19,27,73,98,123,70,33,120,110,74,65,79"/><U88/><E36/><V95/><F42/><W93/><G110/><T114/><D72/><U105/><E105/><V56/><F38/><W18/><G70/><T87/><D31/><U115/><E108/><V52/><F112/><W44/><G19/><T26/><D62/><U39/><E39/><V134/><F134/><W25/><G25/><T4/><D87/><U109/><E109/><V48/><F28/><W1/><G1/><T20/><D114/><U92/><E115/><V68/><F68/><W94/><G94/><T125/><D125/><U104/><E104/><V34/><F2/><W58/><G58/><T23/><D23/><U91/><E129/><V75/><F75/><W15/><G74/><T132/><D47/><U0/><E21/><V46/><F7/><W111/><G44/><T53/><D132/><U106/><E106/><V13/><F13/><W85/><G73/><T40/><D40/><U43/><E43/><V24/><F24/><W124/><G124/><T97/><REACH who="0" step="1"/><D121/><REACH who="0" ten="249,352,144,245" step="2"/><U133/><E133/><V37/><F37/><W30/><G85/><T69/><D69/><U60/><E49/><V76/><F76/><W100/><G79/><T86/><D86/><U135/><E135/><V63/><F63/><W78/><G78/><T66/><D66/><U116/><E61/><V35/><REACH who="2" step="1"/><F95/><REACH who="2" ten="249,352,134,245" step="2"/><W119/><G111/><T14/><D14/><N who="1" m="5431" /><E92/><V102/><F102/><AGARI ba="0,2" hai="4,11,12,17,20,26,45,50,53,97,99,101,102,103" machi="102" ten="40,2600,0" yaku="1,1,8,1,53,0" doraHai="118" doraHaiUra="55" who="0" fromWho="2" sc="249,46,352,0,134,-26,245,0" />
</Scene>
<Scene>
<INIT seed="6,0,0,1,4,42" ten="295,352,108,245" oya="2" hai0="131,94,64,86,40,14,109,59,45,92,111,30,60" hai1="79,120,48,41,117,108,97,107,96,130,62,43,134" hai2="65,50,73,6,57,0,29,83,98,35,31,106,12" hai3="126,124,88,112,101,61,66,90,74,129,44,80,135"/><V99/><F0/><W24/><G129/><T127/><D131/><U72/><E130/><V39/><F39/><W8/><G135/><T20/><D127/><N who="3" m="48681" /><G101/><T132/><D132/><U69/><E108/><V47/><F106/><W91/><G112/><T104/><D104/><U118/><E134/><V34/><F34/><W13/><G24/><T102/><D94/><U11/><E11/><N who="2" m="4215" /><F35/><W76/><G44/><T49/><D86/><U63/><E107/><V23/><F73/><W133/><G133/><T51/><D51/><U53/><E72/><V71/><F71/><N who="3" m="42447" /><G91/><T119/><D119/><U17/><E118/><V33/><F33/><W27/><G27/><N who="0" m="16743" /><D14/><U46/><E117/><V70/><F70/><W54/><G54/><T116/><D116/><U84/><E53/><N who="2" m="29919" /><F83/><W16/><AGARI ba="0,0" hai="8,13,16,74,76,80,88,90" m="42447,48681" machi="16" ten="30,4000,0" yaku="18,1,54,2" doraHai="42" who="3" fromWho="3" sc="295,-10,352,-10,108,-20,245,40" />
</Scene>
<Scene>
<INIT seed="7,0,0,1,3,90" ten="285,342,88,285" oya="3" hai0="40,12,93,0,83,43,62,4,112,118,82,5,56" hai1="65,55,81,16,28,44,54,108,14,85,100,46,31" hai2="130,75,103,120,84,76,88,97,124,77,37,98,94" hai3="123,38,52,127,51,133,96,110,117,39,24,42,27"/><W32/><G123/><T47/><D118/><U66/><E100/><V19/><F37/><W58/><G117/><T7/><D0/><U113/><E113/><V68/><F68/><W132/><G127/><T30/><D112/><U64/><E108/><V80/><F19/><W15/><G110/><T92/><D30/><N who="1" m="11307" /><E54/><V106/><F120/><W87/><G32/><T109/><D109/><U104/><E55/><V2/><F2/><W134/><G15/><T69/><D12/><U29/><E104/><V102/><F130/><W57/><G96/><T70/><D70/><U99/><E99/><V74/><F124/><W73/><G73/><AGARI ba="0,0" hai="73,74,75,76,77,80,84,88,94,97,98,102,103,106" machi="73" ten="40,16000,3" yaku="35,6,52,1,54,1" doraHai="90" who="2" fromWho="3" sc="285,0,342,0,88,160,285,-160" owari="285,9.0,342,43.0,248,-15.0,125,-37.0" />
</Scene>
</mjloggm>