<mjloggm ver="2.3"><GO type="169" lobby="0"/><UN n0="%41%6B%61%2D%75%72%61" n1="%E9%81%8A%E8%B5%B0" n2="%E5%A4%AA%E3%81%8F%E3%81%AA%E3%81%84%E3%81%8A" n3="%73%61%77%6C%79" dan="16,17,17,17" rate="2080,2119,2178,2204" sx="M,F,M,M"/><TAIKYOKU oya="0"/>

<Scene>
<INIT seed="0,0,0,4,4,94" ten="250,250,250,250" oya="0" hai0="52,86,42,18,6,98,10,32,28,93,45,21,132" hai1="38,109,74,49,71,36,41,83,25,50,110,131,14" hai2="17,134,9,22,16,30,96,27,11,51,19,0,118" hai3="87,59,116,48,117,26,92,78,111,29,114,2,121"/><T120/><D120/><U13/><E71/><V65/><F134/><W85/><G2/><T34/><D132/><U12/><E25/><V7/><F118/><W46/><G114/><T127/><D28/><U90/><E131/><V66/><F11/><W124/><G121/><T39/><D127/><U20/><E20/><V122/><F122/><W128/><G128/><T33/><D86/><U91/><E74/><V115/><F115/><W5/><G124/><T68/><D68/><U63/><E63/><V106/><REACH who="2" step="1"/><F51/><REACH who="2" ten="250,250,240,250" step="2"/><W105/><G48/><T113/><D113/><U123/><E123/><V37/><F37/><W64/><G116/><T135/><D135/><U73/><E50/><V112/><F112/><W88/><G117/><T108/><D10/><U31/><E49/><V104/><F104/><W44/><G105/><T24/><D108/><U15/><E38/><V43/><F43/><W67/><G111/><T55/><REACH who="0" step="1"/><D6/><REACH who="0" ten="240,250,240,250" step="2"/><U58/><E110/><V84/><F84/><W125/><G5/><T53/><D53/><U23/><E109/><V103/><AGARI ba="0,2" hai="0,7,9,16,17,19,22,27,30,65,66,96,103,106" machi="103" ten="30,8000,1" yaku="1,1,0,1,52,1,54,1,53,1" doraHai="94" doraHaiUra="102" who="2" fromWho="2" sc="240,-40,250,-20,240,100,250,-20" />
</Scene>
<Scene>
<INIT seed="1,0,0,5,4,120" ten="200,230,340,230" oya="1" hai0="11,95,112,52,55,102,74,122,98,14,110,133,20" hai1="16,69,135,126,17,101,47,108,130,115,41,106,92" hai2="31,46,83,86,116,117,18,94,87,53,114,119,91" hai3="75,100,1,25,121,76,72,0,63,33,24,71,123"/><U30/><E115/><V49/><F114/><W56/><G71/><T19/><D112/><U44/><E106/><V78/><F31/><W68/><G68/><T82/><D122/><U131/><E69/><V80/><REACH who="2" step="1"/><F18/><REACH who="2" ten="200,230,330,230" step="2"/><W132/><G123/><T7/><D133/><U3/><E30/><V42/><F42/><W59/><G121/><T118/><D118/><U36/><E17/><V2/><F2/><W85/><G0/><T60/><D19/><U35/><E3/><V84/><F84/><W104/><G1/><T8/><D74/><U43/><E16/><V37/><F37/><W39/><G39/><T51/><D7/><U105/><E36/><V64/><F64/><W5/><G75/><T48/><D55/><U9/><E41/><V34/><F34/><W32/><G72/><T107/><D52/><U28/><E35/><V40/><F40/><W81/><G33/><T73/><D73/><U113/><E28/><V88/><F88/><W128/><G32/><T125/><D102/><U89/><E43/><V58/><F58/><W96/><G132/><T61/><D98/><U45/><E89/><V4/><F4/><W90/><G5/><T134/><D134/><U109/><E101/><V103/><F103/><W50/><G90/><T13/><D14/><U21/><E113/><V111/><F111/><W27/><G59/><T29/><D13/><U62/><E135/><V22/><F22/><W67/><G128/><N who="1" m="49194" /><E21/><V15/><F15/><W6/><G6/><T124/><D20/><U65/><E109/><V23/><F23/><W79/><G79/><T66/><D29/><RYUUKYOKU ba="0,1" sc="200,-15,230,-15,330,15,230,15" hai2="46,49,53,78,80,83,86,87,91,94,116,117,119" hai3="24,25,27,50,56,63,67,76,81,85,96,100,104" />
</Scene>
<Scene>
<INIT seed="2,1,1,5,1,49" ten="185,215,345,245" oya="2" hai0="13,21,48,4,85,92,73,119,11,68,101,54,110" hai1="16,121,103,122,58,46,94,15,23,102,22,126,116" hai2="127,64,111,130,71,95,98,42,113,133,125,7,134" hai3="19,67,39,12,2,51,28,50,75,124,59,118,32"/><V57/><F113/><W83/><G124/><N who="2" m="47689" /><F7/><W129/><G118/><T41/><D73/><U52/><E116/><V120/><F120/><N who="1" m="46185" /><E126/><V60/><F42/><W10/><G129/><T135/><D119/><U96/><E46/><V56/><F111/><W89/><G39/><T55/><D110/><U26/><E103/><N who="2" m="60895" /><F130/><W99/><G2/><T82/><D68/><U40/><E40/><V88/><F88/><W24/><G75/><T132/><D21/><N who="1" m="11423" /><E26/><V108/><F108/><W17/><G83/><T72/><D72/><U34/><E34/><V6/><F6/><W38/><G38/><T109/><D109/><U1/><E1/><V20/><F20/><W106/><G89/><N who="0" m="51383" /><D41/><U8/><E8/><V44/><F44/><W29/><G99/><N who="0" m="59623" /><D48/><AGARI ba="1,1" hai="22,23,48,52,58,94,96,102" m="11423,46185" machi="48" ten="30,7700,0" yaku="13,1,52,1,54,2" doraHai="49" who="1" fromWho="0" sc="185,-80,215,90,345,0,245,0" />
</Scene>
<Scene>
<INIT seed="3,0,0,3,5,48" ten="105,305,345,245" oya="3" hai0="25,60,21,44,45,88,35,37,103,11,54,74,132" hai1="12,0,69,62,10,13,65,114,71,2,63,29,86" hai2="22,6,76,82,135,126,96,56,87,34,78,120,118" hai3="113,30,4,42,49,130,123,47,39,108,50,128,27"/><W112/><G4/><T18/><D74/><U20/><E114/><N who="3" m="44138" /><G27/><T127/><D127/><U14/><E86/><V124/><F34/><W99/><G99/><T100/><D132/><U53/><E10/><V80/><F118/><W116/><G30/><T59/><D35/><U75/><E75/><V121/><F6/><W72/><G72/><T83/><D37/><U73/><E73/><N who="2" m="43023" /><F22/><W119/><G123/><N who="2" m="47177" /><F56/><W3/><G3/><T131/><D131/><N who="3" m="50217" /><G108/><T94/><D11/><U111/><E111/><V101/><F135/><W19/><G19/><T5/><D5/><U26/><E2/><V51/><F51/><AGARI ba="0,0" hai="39,42,47,49,50,51,116,119" m="50217,44138" machi="51" ten="30,5800,0" yaku="19,1,34,2" doraHai="48" who="3" fromWho="2" sc="105,0,305,0,345,-58,245,58" />
</Scene>
<Scene>
<INIT seed="3,1,0,2,4,21" ten="105,305,287,303" oya="3" hai0="1,7,112,58,25,90,66,3,62,72,132,94,83" hai1="48,120,123,105,6,10,110,73,19,53,133,78,26" hai2="8,9,87,56,43,95,124,17,98,108,22,70,80" hai3="97,32,76,118,4,65,85,99,130,52,34,33,2"/><W104/><G118/><T42/><D132/><U103/><E110/><V84/><F70/><W45/><G130/><T31/><D112/><U102/><E133/><V40/><F108/><W35/><G65/><T77/><D42/><N who="2" m="15914" /><F124/><W60/><G104/><T88/><D7/><U101/><E105/><V15/><F56/><W67/><N who="3" m="8192" /><DORA hai="20" /><W126/><G126/><T46/><D46/><U134/><E134/><V5/><F80/><W91/><G76/><T92/><D31/><U75/><E78/><V81/><F81/><W109/><G109/><T119/><D119/><U37/><E37/><V129/><F129/><W54/><G2/><T23/><D92/><U47/><E75/><V27/><F9/><W113/><G4/><T12/><D12/><U63/><E63/><V61/><F61/><W93/><G113/><T16/><D90/><AGARI ba="1,0" hai="5,8,15,17,22,27,84,87,90,95,98" m="15914" machi="90" ten="30,3900,0" yaku="8,1,52,2" doraHai="21,20" who="2" fromWho="0" sc="105,-42,305,0,287,42,303,0" />
</Scene>
<Scene>
<INIT seed="4,0,0,4,0,85" ten="63,305,329,303" oya="0" hai0="38,14,4,77,129,72,111,54,80,5,17,94,71" hai1="27,9,76,33,22,135,128,1,39,89,68,55,16" hai2="3,41,15,20,75,131,50,35,82,25,134,81,53" hai3="93,31,95,12,45,11,52,105,123,24,91,37,127"/><T114/><D71/><U107/><E39/><V133/><F3/><W74/><G127/><T34/><D34/><U69/><E107/><V26/><F131/><W73/><G105/><T115/><D129/><U124/><E128/><V47/><F35/><W48/><G123/><T28/><D38/><U49/><E124/><V43/><F15/><W57/><G93/><T83/><D28/><U109/><E109/><V30/><F26/><W19/><G37/><T101/><D111/><U88/><E76/><N who="2" m="44191" /><F82/><W118/><G45/><T103/><D80/><U56/><E135/><AGARI ba="0,0" hai="20,25,30,41,43,47,50,53,133,134,135" m="44191" machi="135" ten="30,1000,0" yaku="20,1" doraHai="85" who="2" fromWho="1" sc="63,0,305,-10,329,10,303,0" />
</Scene>
<Scene>
<INIT seed="5,0,0,0,5,97" ten="63,295,339,303" oya="1" hai0="91,111,118,130,10,133,48,54,38,75,77,115,92" hai1="4,46,69,87,9,51,64,21,25,76,109,85,6" hai2="61,8,105,55,17,26,72,89,60,80,117,45,12" hai3="27,78,53,107,104,50,40,101,43,129,13,11,74"/><U103/><E109/><V58/><F117/><W124/><G129/><T59/><D118/><U14/><E69/><V30/><F105/><W18/><G124/><T67/><D111/><U19/><E64/><V52/><F72/><W0/><G0/><T23/><D130/><U81/><E87/><N who="2" m="50407" /><F45/><W34/><G74/><T47/><D133/><U28/><REACH who="1" step="1"/><E103/><REACH who="1" ten="63,285,339,303" step="2"/><V112/><F112/><W66/><G101/><T113/><D113/><U29/><E29/><V56/><F26/><W83/><G66/><T62/><D115/><U110/><E110/><V71/><F71/><W41/><G78/><T128/><D77/><U122/><E122/><V84/><F84/><W3/><G83/><T135/><D75/><U94/><E94/><V65/><F65/><W127/><G127/><T20/><D128/><U121/><E121/><V116/><F116/><W32/><G107/><T82/><D82/><U98/><E98/><V1/><F1/><W100/><G3/><T63/><D135/><U37/><E37/><V125/><F125/><W93/><G104/><T31/><D38/><U7/><E7/><V123/><F123/><W24/><G100/><T132/><D132/><U49/><E49/><N who="2" m="30735" /><F30/><W96/><G96/><N who="0" m="57375" /><D31/><U57/><E57/><V39/><F39/><W95/><G95/><T70/><D70/><U73/><E73/><V106/><F106/><W114/><G93/><T42/><D67/><U79/><E79/><V22/><F61/><W99/><G99/><T16/><D63/><U5/><E5/><V102/><F102/><W90/><G114/><T88/><D88/><U36/><E36/><RYUUKYOKU ba="0,1" sc="63,10,285,10,339,10,303,-30" hai0="10,16,20,23,42,47,48,54,59,62" hai1="4,6,9,14,19,21,25,28,46,51,76,81,85" hai2="8,12,17,22,55,58,60" />
</Scene>
<Scene>
<INIT seed="5,1,1,2,0,88" ten="73,295,349,273" oya="1" hai0="101,26,118,23,86,76,72,69,51,135,47,75,31" hai1="68,52,104,21,107,78,95,70,60,38,39,64,100" hai2="58,40,2,5,132,24,99,53,91,97,83,89,50" hai3="94,16,3,67,10,105,134,9,81,128,62,34,127"/><U129/><E78/><V45/><F132/><W133/><G105/><T48/><D135/><N who="3" m="51721" /><G34/><T19/><D69/><U106/><E129/><V0/><F24/><W56/><G128/><T33/><D118/><U22/><E70/><V131/><F131/><W37/><G37/><T30/><D101/><U84/><E39/><V120/><F120/><W124/><G81/><T122/><D122/><U121/><E121/><V41/><F41/><W111/><G111/><T1/><D1/><U15/><E38/><V18/><F0/><W61/><G3/><T79/><D31/><U49/><E15/><V66/><F66/><W4/><G4/><T103/><D103/><U123/><E123/><V42/><F42/><W85/><G61/><T32/><D32/><U54/><E54/><V65/><F65/><W7/><G7/><T55/><D48/><U82/><E82/><V126/><F5/><W112/><G112/><T28/><D28/><U74/><E74/><V20/><F2/><W25/><G10/><T11/><D11/><U80/><E80/><V96/><F83/><W35/><G35/><T117/><D117/><U119/><E119/><V6/><F6/><W93/><G85/><T71/><D86/><U29/><E29/><V57/><F126/><N who="3" m="48171" /><G25/><N who="0" m="14591" /><D71/><U98/><REACH who="1" step="1"/><E84/><REACH who="1" ten="73,285,349,273" step="2"/><V102/><F53/><W90/><G90/><T108/><D72/><U110/><E110/><V113/><F91/><W14/><AGARI ba="1,2" hai="9,14,16,56,62,67,93,94" m="48171,51721" machi="14" ten="40,8000,1" yaku="20,1,18,1,52,2,54,1" doraHai="88" who="3" fromWho="3" sc="73,-21,285,-41,349,-21,273,103" />
</Scene>
<Scene>
<INIT seed="6,0,0,4,0,129" ten="52,244,328,376" oya="2" hai0="81,68,106,95,28,133,4,66,67,108,15,32,88" hai1="14,63,48,2,61,11,71,12,128,44,121,54,10" hai2="77,76,25,62,109,34,92,103,42,115,19,120,93" hai3="101,87,26,131,49,29,134,124,83,50,16,105,130"/><V45/><F120/><W57/><G124/><T55/><D106/><U7/><E121/><V69/><F115/><W85/><G134/><T114/><D108/><U60/><E128/><N who="3" m="49194" /><G105/><T53/><D114/><U74/><E74/><V1/><F1/><W112/><G101/><T13/><D81/><U65/><REACH who="1" step="1"/><E2/><REACH who="1" ten="52,234,328,376" step="2"/><V75/><F75/><W36/><G112/><T123/><D123/><U51/><E51/><V70/><F109/><W126/><G49/><T82/><D82/><U9/><E9/><V97/><F62/><W22/><G50/><T56/><D68/><U8/><E8/><V17/><F70/><W31/><G36/><T132/><D4/><AGARI ba="0,1" hai="4,7,10,11,12,14,44,48,54,60,61,63,65,71" machi="4" ten="30,8000,1" yaku="1,1,7,1,9,1,53,2" doraHai="129" doraHaiUra="5" who="1" fromWho="0" sc="52,-80,234,90,328,0,376,0" owari="-28,-53.0,324,-8.0,328,13.0,376,48.0" />
</Scene>
</mjloggm>