<mjloggm ver="2.3"><GO type="41"/><UN n0="%E9%A3%9B%E8%A1%8C%E3%83%9A%E3%83%B3%E3%82%AE%E3%83%B3" n1="%E5%A4%AA%E3%81%8F%E3%81%AA%E3%81%84%E3%81%8A" n2="%E3%80%93%E6%A1%82%E3%83%92%E3%83%8A%E3%82%AE%E3%82%AF%E3%80%93" n3="%E3%83%AA%E3%83%BC%E3%83%81%E4%B8%80%E7%99%BA%E3%83%84%E3%83%A2" dan="16,15,15,14" rate="2034,2051,1991,1869" sx="M,M,F,M"/><TAIKYOKU oya="0"/>

<Scene>
<INIT seed="0,0,0,3,1,50" ten="250,250,250,250" oya="0" hai0="60,83,87,112,21,39,69,80,74,7,32,107,5" hai1="46,22,103,63,126,101,90,52,14,118,130,78,4" hai2="23,82,26,119,61,58,134,76,42,121,99,105,18" hai3="37,98,15,109,44,94,41,6,84,27,11,72,97"/><T36/><D112/><U79/><E118/><V71/><F121/><W62/><G72/><T73/><D32/><U65/><E126/><V135/><F71/><W85/><G109/><T88/><D107/><U131/><E90/><V57/><F119/><W12/><G27/><T122/><D122/><U9/><E22/><V3/><F3/><W59/><G15/><T113/><D113/><U86/><E103/><N who="2" m="62719" /><F42/><W89/><REACH who="3" step="1"/><G97/><REACH who="3" ten="250,250,250,240" step="2"/><T102/><D73/><U68/><E131/><V128/><F128/><W116/><G116/><T91/><D74/><U10/><E130/><V106/><F26/><W1/><G1/><T54/><D87/><U117/><E117/><V47/><F134/><W66/><AGARI ba="0,1" hai="6,11,12,37,41,44,59,62,66,84,85,89,94,98" machi="66" ten="20,2700,0" yaku="1,1,0,1,7,1,53,0" doraHai="50" doraHaiUra="34" who="3" fromWho="3" sc="250,-13,250,-7,250,-7,240,37" />
</Scene>
<Scene>
<INIT seed="1,0,0,2,3,43" ten="237,243,243,277" oya="1" hai0="80,114,87,95,128,63,74,119,36,75,19,37,61" hai1="116,82,88,0,54,8,11,96,34,55,68,85,42" hai2="17,83,3,62,38,107,10,99,117,86,105,123,12" hai3="31,1,58,118,124,69,104,27,25,41,94,92,84"/><U39/><E116/><V28/><F117/><W7/><G69/><T71/><D119/><U79/><E34/><V32/><F123/><W76/><G104/><T5/><D114/><U9/><E68/><V113/><F3/><W29/><G118/><T110/><D5/><U56/><E0/><V44/><F113/><W97/><G124/><T108/><D128/><U77/><E96/><V132/><F132/><W133/><G133/><T89/><D19/><U111/><E111/><N who="0" m="42537" /><D71/><U4/><E4/><V6/><F62/><N who="0" m="23562" /><D95/><U51/><REACH who="1" step="1"/><E55/><REACH who="1" ten="237,233,243,277" step="2"/><V81/><F6/><W48/><G7/><T45/><D36/><U66/><E66/><V14/><F99/><W18/><G1/><T126/><D126/><U65/><E65/><V134/><F134/><W13/><G97/><T120/><D120/><U15/><E15/><V46/><F14/><W20/><G13/><T93/><D93/><U21/><E21/><V102/><F38/><W22/><G94/><T40/><AGARI ba="0,1" hai="37,40,45,74,75,80,87,89" m="23562,42537" machi="40" ten="30,2000,0" yaku="14,1,52,1" doraHai="43" who="0" fromWho="0" sc="237,30,233,-10,243,-5,277,-5" />
</Scene>
<Scene>
<INIT seed="2,0,0,1,0,17" ten="267,223,238,272" oya="2" hai0="40,123,116,85,60,113,99,122,29,20,120,11,23" hai1="124,10,26,27,55,88,89,41,24,45,2,6,129" hai2="44,39,80,67,15,108,19,64,58,114,128,9,111" hai3="75,28,72,51,105,3,87,62,59,33,37,13,79"/><V118/><F114/><W1/><G37/><T7/><D40/><U91/><E124/><V130/><F118/><W107/><G33/><T90/><D99/><U83/><E129/><N who="2" m="49771" /><F80/><W84/><G28/><T102/><D102/><U115/><E115/><V50/><F39/><W132/><G132/><T100/><D100/><U126/><E126/><V38/><F38/><W68/><G51/><T131/><D131/><U5/><E5/><V22/><F9/><W12/><G59/><T69/><D116/><U63/><E63/><N who="2" m="38007" /><F67/><W106/><G62/><T47/><D113/><U101/><E55/><AGARI ba="0,0" hai="15,19,22,44,50,55,108,111" m="38007,49771" machi="55" ten="30,2900,0" yaku="19,1,52,1" doraHai="17" who="2" fromWho="1" sc="267,0,223,-29,238,29,272,0" />
</Scene>
<Scene>
<INIT seed="2,1,0,5,5,83" ten="267,194,267,272" oya="2" hai0="46,107,87,111,85,16,116,125,79,90,128,62,63" hai1="119,44,61,42,58,122,34,56,89,117,48,7,13" hai2="50,88,0,109,96,92,12,108,67,26,77,106,14" hai3="10,130,29,127,86,129,75,112,57,19,132,52,45"/><V20/><F0/><W24/><G75/><T53/><D111/><N who="2" m="42570" /><F106/><W118/><G118/><T30/><D107/><U73/><E34/><V131/><F131/><N who="3" m="50187" /><G112/><T6/><D128/><U103/><E73/><V9/><F67/><W94/><G127/><T39/><D125/><U25/><E122/><V84/><F50/><N who="3" m="28751" /><G57/><T95/><D116/><U11/><E103/><N who="2" m="60807" /><F9/><W28/><G132/><T4/><D39/><U41/><E41/><V101/><F77/><W121/><G121/><T71/><D71/><U113/><E113/><V68/><F101/><W31/><G10/><T60/><D30/><U80/><E119/><V105/><F105/><W15/><G15/><T126/><D126/><U36/><E117/><V99/><F99/><W81/><G94/><T114/><D114/><U134/><E134/><V133/><F68/><W66/><G19/><T49/><REACH who="0" step="1"/><D16/><REACH who="0" ten="257,194,267,272" step="2"/><U70/><E36/><V102/><F133/><W21/><G66/><T82/><AGARI ba="1,1" hai="4,6,46,49,53,60,62,63,79,82,85,87,90,95" machi="82" ten="30,12000,2" yaku="1,1,2,1,0,1,8,1,52,2,53,1" doraHai="83" doraHaiUra="43" who="0" fromWho="0" sc="257,133,194,-31,267,-61,272,-31" />
</Scene>
<Scene>
<INIT seed="3,0,0,2,1,6" ten="390,163,206,241" oya="3" hai0="13,61,116,99,52,19,96,134,122,20,64,39,36" hai1="48,51,46,115,23,37,79,95,22,17,49,123,24" hai2="18,72,1,25,120,112,38,14,40,83,90,105,91" hai3="45,74,0,50,41,118,114,7,135,2,113,76,16"/><W65/><G118/><T126/><D122/><U109/><E123/><V98/><F120/><W10/><G135/><T44/><D116/><U11/><E115/><V57/><F112/><W55/><G65/><T84/><D134/><U85/><E109/><V133/><F133/><W34/><G0/><T4/><D126/><U58/><E37/><V53/><F1/><W26/><G55/><T93/><D39/><U132/><E132/><V8/><F25/><W108/><G108/><T5/><D64/><U60/><E23/><V88/><F38/><W94/><G94/><T124/><D124/><U12/><E79/><V103/><F40/><W63/><G63/><T31/><D31/><U100/><E100/><V35/><F35/><W29/><REACH who="3" step="1"/><G16/><REACH who="3" ten="390,163,206,231" step="2"/><T43/><D61/><U110/><E110/><V107/><F83/><AGARI ba="0,1" hai="2,7,10,26,29,34,41,45,50,74,76,83,113,114" machi="83" ten="40,7700,0" yaku="1,1,2,1,52,1,53,0" doraHai="6" doraHaiUra="9" who="3" fromWho="2" sc="390,0,163,0,206,-77,231,87" />
</Scene>
<Scene>
<INIT seed="3,1,0,2,1,24" ten="390,163,129,318" oya="3" hai0="115,104,40,30,86,46,57,15,71,43,94,119,113" hai1="9,49,63,95,52,44,72,19,18,17,0,126,124" hai2="100,31,79,91,48,38,134,127,2,36,106,131,90" hai3="16,103,20,54,32,114,129,25,123,69,33,47,120"/><W83/><G114/><N who="0" m="43531" /><D119/><U92/><E72/><V64/><F2/><W27/><G69/><T62/><D104/><U116/><E116/><V110/><F79/><W23/><G129/><T84/><D15/><U75/><E75/><V26/><F64/><W53/><G103/><T109/><D109/><U105/><E105/><V10/><F10/><W58/><G47/><T6/><D6/><N who="1" m="1223" /><E63/><V13/><F13/><W70/><G70/><T93/><D71/><U41/><E41/><V80/><F48/><W97/><G97/><T128/><D40/><U96/><E96/><V34/><F100/><W50/><G83/><T56/><D57/><U8/><E8/><V135/><F106/><W11/><G11/><T122/><D122/><U76/><E76/><V51/><F110/><W55/><G55/><T12/><D12/><U112/><E112/><V3/><F3/><W74/><G74/><T35/><D128/><U66/><E66/><V85/><F131/><W101/><G101/><T132/><D86/><U59/><E59/><V98/><F51/><W45/><G120/><T73/><D84/><U65/><E65/><V67/><F67/><W108/><G108/><T118/><D73/><U77/><E77/><V107/><F107/><W81/><G123/><T111/><D118/><U82/><E82/><V29/><F80/><W117/><G81/><T60/><D111/><U121/><E121/><V4/><F98/><W88/><G117/><T22/><D46/><U133/><E133/><V78/><F78/><W89/><G45/><T39/><D132/><U61/><E61/><V5/><F135/><RYUUKYOKU ba="1,0" sc="390,-10,163,30,129,-10,318,-10" hai1="17,18,19,44,49,52,92,95,124,126" />
</Scene>
<Scene>
<INIT seed="4,2,0,1,0,59" ten="380,193,119,308" oya="0" hai0="6,133,64,100,29,74,20,99,120,68,130,111,104" hai1="92,65,90,8,32,95,14,3,88,98,9,67,5" hai2="126,24,44,35,17,129,43,60,63,31,115,101,45" hai3="34,42,123,114,33,106,27,22,2,118,71,113,55"/><T36/><D120/><U61/><E32/><V97/><F115/><N who="3" m="44043" /><G2/><T25/><D36/><U49/><E49/><V41/><F126/><W107/><G118/><T16/><D74/><U84/><REACH who="1" step="1"/><E61/><REACH who="1" ten="380,183,119,308" step="2"/><V50/><F129/><W47/><G123/><T18/><D130/><U81/><E81/><V125/><F125/><W0/><G42/><T75/><D111/><U78/><E78/><V127/><F127/><W87/><G47/><T39/><D39/><U15/><E15/><V82/><F82/><W132/><G34/><T21/><D133/><U10/><E10/><V86/><F86/><W79/><G33/><T66/><D75/><U105/><E105/><V51/><F17/><AGARI ba="2,1" hai="3,5,8,9,14,17,65,67,84,88,90,92,95,98" machi="17" ten="30,7700,0" yaku="1,1,7,1,54,1,53,1" doraHai="59" doraHaiUra="80" who="1" fromWho="2" sc="380,0,183,93,119,-83,308,0" />
</Scene>
<Scene>
<INIT seed="5,0,0,2,4,46" ten="380,276,36,308" oya="1" hai0="133,99,105,63,4,9,78,52,25,107,69,57,113" hai1="71,67,18,106,111,131,26,55,58,115,12,49,125" hai2="23,110,48,89,28,104,92,124,20,53,134,2,117" hai3="31,109,108,94,79,13,85,74,21,54,121,42,61"/><U126/><E106/><V112/><F117/><W44/><G121/><T43/><D113/><U86/><E115/><V27/><F110/><W15/><G74/><T129/><D43/><U84/><E111/><V73/><F73/><W65/><G54/><T8/><D78/><U123/><E123/><V97/><F2/><W29/><G108/><T120/><D120/><U39/><E39/><V19/><F112/><W135/><G135/><T59/><D133/><U114/><E114/><V128/><F134/><W103/><G109/><T77/><D69/><U17/><E131/><V24/><F124/><N who="1" m="47721" /><E26/><V47/><REACH who="2" step="1"/><F104/><REACH who="2" ten="380,276,26,308" step="2"/><W35/><G13/><T119/><D107/><U56/><E71/><V66/><F66/><W81/><G15/><T102/><D105/><U3/><E3/><V98/><F98/><W10/><G65/><T34/><D99/><U40/><E40/><V30/><F30/><W6/><G31/><T118/><D118/><U72/><E72/><V93/><F93/><W76/><G94/><T60/><D119/><U80/><E12/><V11/><F11/><W122/><G29/><T5/><D9/><U33/><E86/><V14/><F14/><W75/><G85/><T38/><D8/><U101/><E84/><V132/><F132/><W88/><G10/><T96/><D96/><U16/><E67/><V37/><F37/><W70/><G75/><T22/><D38/><U91/><E18/><V100/><F100/><W83/><G103/><T130/><D102/><U82/><E16/><V87/><F87/><W51/><G122/><T1/><D1/><U116/><E17/><RYUUKYOKU ba="0,1" sc="380,-10,276,-10,26,30,308,-10" hai2="19,20,23,24,27,28,47,48,53,89,92,97,128" />
</Scene>
<Scene>
<INIT seed="6,1,1,1,2,81" ten="370,266,56,298" oya="2" hai0="112,95,94,89,73,9,35,85,106,27,128,113,131" hai1="82,92,45,59,79,123,52,54,13,41,83,37,17" hai2="68,90,88,108,126,22,57,30,124,43,84,102,46" hai3="15,63,101,1,130,36,33,29,6,119,65,67,7"/><V80/><F68/><W8/><G36/><T77/><D9/><U40/><E123/><V91/><F108/><W116/><G130/><N who="0" m="49707" /><D27/><U4/><E4/><V117/><F117/><W78/><G6/><T61/><D35/><U72/><E82/><V107/><F57/><W39/><G39/><T64/><D106/><U127/><E127/><N who="2" m="48683" /><F30/><W93/><G67/><T38/><D38/><U60/><E92/><V109/><F22/><W70/><G78/><T120/><D120/><U53/><REACH who="1" step="1"/><E41/><REACH who="1" ten="370,256,56,298" step="2"/><V31/><F109/><W133/><G133/><T5/><D95/><U25/><E25/><V12/><F31/><W105/><G93/><T104/><D5/><U32/><E32/><V118/><F118/><W69/><G119/><T44/><D104/><U34/><E34/><V98/><F12/><W99/><G116/><T129/><D129/><U86/><E86/><V49/><AGARI ba="1,2" hai="43,46,49,80,84,88,90,91,98,102,107" m="48683" machi="49" ten="30,6000,0" yaku="18,1,52,1,54,1" doraHai="81" who="2" fromWho="2" sc="370,-21,256,-21,56,83,298,-21" />
</Scene>
<Scene>
<INIT seed="6,2,0,1,4,43" ten="349,235,139,277" oya="2" hai0="114,55,98,112,82,94,119,81,84,132,1,124,56" hai1="18,37,14,35,7,73,24,97,125,15,32,117,95" hai2="53,19,123,101,85,10,12,103,127,74,76,45,77" hai3="80,39,68,48,66,33,89,61,29,20,62,134,88"/><V60/><F123/><W44/><G39/><T115/><D1/><U5/><E73/><V26/><F127/><W108/><G108/><T28/><D124/><U27/><E37/><V41/><F74/><W72/><G33/><N who="1" m="12874" /><E95/><V58/><F26/><N who="1" m="9769" /><E97/><V104/><F104/><W17/><G29/><T65/><D28/><U135/><E125/><V42/><F85/><W46/><G62/><T107/><D65/><U100/><E100/><N who="2" m="38475" /><F45/><W71/><G71/><T57/><D57/><U0/><E117/><V116/><F116/><W3/><G3/><T128/><D55/><U8/><E135/><V21/><F21/><W69/><G69/><T113/><D56/><U25/><E7/><V49/><F60/><W130/><G134/><T11/><D115/><U50/><E50/><V120/><F120/><W54/><G46/><T4/><D114/><U13/><N who="1" m="9777" /><U106/><DORA hai="64" /><E106/><V34/><F34/><W75/><G72/><T30/><D4/><U51/><E51/><V99/><F99/><W31/><G31/><T86/><D30/><U87/><E87/><V38/><F38/><W92/><G75/><T83/><D86/><U111/><E111/><V131/><F42/><W16/><G80/><T67/><D83/><U93/><E93/><V36/><F41/><W23/><G92/><T6/><D94/><U78/><E78/><N who="2" m="30315" /><F36/><W22/><G89/><T102/><D119/><U126/><E126/><V59/><F58/><W122/><G88/><T109/><D113/><U70/><E70/><V52/><F53/><W9/><G54/><T47/><D112/><U63/><E63/><RYUUKYOKU ba="2,0" sc="349,-15,235,15,139,15,277,-15" hai1="0,5,8,13,14,15,18" hai2="10,12,19,49,52,59,131" />
</Scene>
<Scene>
<INIT seed="6,3,0,3,1,30" ten="334,250,154,262" oya="2" hai0="126,113,130,123,1,11,86,119,114,103,84,24,90" hai1="73,108,102,124,109,37,64,96,89,62,85,125,41" hai2="98,83,26,77,68,10,46,8,31,28,105,4,14" hai3="122,16,5,50,45,34,100,99,111,42,117,22,55"/><V63/><F46/><W133/><G122/><T131/><D123/><U15/><E73/><V72/><F8/><W9/><G117/><T104/><D119/><U58/><E15/><V80/><F80/><W106/><G111/><T88/><D24/><U81/><E41/><V43/><F43/><W82/><G133/><T74/><D74/><U35/><E37/><V3/><F14/><W51/><G82/><N who="0" m="49175" /><D11/><U52/><E64/><V57/><F68/><W78/><G78/><T40/><D40/><U107/><REACH who="1" step="1"/><E35/><REACH who="1" ten="334,240,154,262" step="2"/><V7/><F26/><W36/><G34/><T19/><D1/><U23/><E23/><V21/><F21/><W116/><G116/><T91/><D114/><U97/><E97/><V60/><F7/><W92/><G55/><T39/><D113/><U6/><E6/><V79/><F98/><W38/><G38/><T127/><D39/><U135/><E135/><V101/><F72/><W134/><G134/><T2/><D2/><U61/><E61/><V56/><F3/><W48/><G36/><T33/><D33/><U18/><E18/><V115/><F115/><W27/><REACH who="3" step="1"/><G106/><REACH who="3" ten="334,240,154,252" step="2"/><T54/><D54/><U49/><E49/><V94/><F105/><W20/><G20/><T44/><D104/><U129/><E129/><V121/><F121/><W71/><G71/><T118/><D131/><U69/><E69/><V70/><F70/><W25/><G25/><T128/><D128/><U13/><E13/><AGARI ba="3,2" hai="5,9,13,16,22,27,42,45,48,50,51,92,99,100" machi="13" ten="30,7700,0" yaku="1,1,7,1,8,1,54,1,53,0" doraHai="30" doraHaiUra="75" who="3" fromWho="1" sc="334,0,240,-86,154,0,252,106" />
</Scene>
<Scene>
<INIT seed="7,0,0,0,4,65" ten="334,154,154,358" oya="3" hai0="91,51,71,9,40,52,47,67,100,35,62,115,123" hai1="32,27,2,44,34,69,7,23,57,116,121,42,60" hai2="132,38,15,86,84,105,36,110,6,72,117,20,87" hai3="26,48,66,131,53,82,112,19,13,59,68,111,74"/><W11/><G111/><T31/><D123/><U109/><E121/><V43/><F110/><W28/><G112/><T114/><D9/><U125/><E109/><V78/><F117/><W3/><G3/><T102/><D91/><U80/><E69/><V17/><F105/><W21/><G131/><T96/><D40/><U130/><E80/><V12/><F132/><W119/><G119/><T24/><REACH who="0" step="1"/><D102/><REACH who="0" ten="324,154,154,358" step="2"/><U88/><E88/><V106/><F43/><W41/><G41/><T99/><D99/><U18/><E116/><V93/><F93/><AGARI ba="0,1" hai="24,31,35,47,51,52,62,67,71,93,96,100,114,115" machi="93" ten="40,5200,0" yaku="1,1,52,1,54,1,53,0" doraHai="65" doraHaiUra="39" who="0" fromWho="2" sc="324,62,154,0,154,-52,358,0" owari="386,49.0,154,-25.0,102,-40.0,358,16.0" />
</Scene>
</mjloggm>