<mjloggm ver="2.3"><GO type="169"/><UN n0="%4D%49%40%34%32%38" n1="%6D%61%63%6A%72" n2="%6B%65%69%2E" n3="%E5%A4%AA%E3%81%8F%E3%81%AA%E3%81%84%E3%81%8A" dan="16,16,16,16" rate="2102,2075,2046,2081" sx="M,M,M,M"/><TAIKYOKU oya="0"/>

<Scene>
<INIT seed="0,0,0,1,3,11" ten="250,250,250,250" oya="0" hai0="131,119,87,42,126,94,32,81,15,25,22,30,65" hai1="23,113,8,50,19,93,67,135,44,124,16,78,36" hai2="123,95,7,79,105,45,91,20,37,3,12,133,31" hai3="118,127,26,35,29,116,64,115,48,59,33,109,61"/><T6/><D119/><U9/><E36/><V103/><F123/><W56/><G115/><T57/><D131/><U111/><E113/><V18/><F133/><W97/><G109/><T117/><D117/><U58/><E111/><V43/><F79/><W85/><G127/><T82/><D126/><U41/><E135/><V132/><F132/><W38/><G38/><T63/><D42/><U101/><E78/><V77/><F77/><W108/><G108/><T121/><D121/><U71/><E71/><V2/><F103/><W17/><G35/><T73/><D73/><U21/><E124/><V104/><F31/><W76/><G97/><T72/><D72/><U129/><E129/><V98/><REACH who="2" step="1"/><F7/><REACH who="2" ten="250,250,240,250" step="2"/><W54/><G118/><T52/><D6/><U120/><E120/><V62/><F62/><W46/><G116/><T53/><D94/><U55/><E101/><V102/><F102/><W0/><G76/><T39/><D81/><U100/><E100/><V89/><F89/><W14/><G61/><T70/><D32/><U4/><E93/><V66/><F66/><W34/><G64/><T86/><D82/><U28/><E67/><V90/><F90/><W40/><G34/><T49/><D39/><U68/><E28/><V125/><F125/><W13/><G29/><T110/><D110/><U1/><E4/><V24/><F24/><W96/><G26/><T130/><D130/><U106/><E106/><AGARI ba="0,1" hai="2,3,12,18,20,37,43,45,91,95,98,104,105,106" machi="106" ten="40,2600,0" yaku="1,1,52,1,53,0" doraHai="11" doraHaiUra="122" who="2" fromWho="1" sc="250,0,250,-26,240,36,250,0" />
</Scene>
<Scene>
<INIT seed="1,0,0,4,4,104" ten="250,224,276,250" oya="1" hai0="1,13,95,30,55,46,21,125,78,109,42,83,69" hai1="7,75,70,88,72,76,114,28,128,108,27,118,47" hai2="86,98,65,92,115,57,105,44,120,22,103,74,48" hai3="91,90,19,131,68,134,82,61,66,64,33,124,133"/><U63/><E118/><V132/><F120/><W6/><G33/><T45/><D1/><U81/><E114/><V36/><F36/><W73/><G6/><T59/><D69/><U43/><E7/><V24/><F115/><W15/><G66/><T37/><D109/><U110/><E128/><V102/><F132/><N who="3" m="50795" /><G131/><T16/><D125/><U116/><E116/><V26/><F26/><W89/><G124/><T5/><D5/><U3/><E3/><V79/><F105/><W56/><G68/><T54/><D30/><U99/><E72/><V39/><F39/><W126/><G126/><T94/><D46/><U58/><E70/><V117/><F117/><W113/><G113/><T29/><D29/><U60/><E99/><V112/><F112/><W100/><G100/><T123/><D123/><U23/><E88/><V31/><F74/><W52/><G64/><T8/><D8/><U84/><E84/><V53/><F86/><N who="3" m="50391" /><G73/><T10/><D10/><AGARI ba="0,0" hai="10,15,19,52,56,61,90,91" m="50391,50795" machi="10" ten="30,2000,0" yaku="20,1,54,1" doraHai="104" who="3" fromWho="0" sc="250,-20,224,0,276,0,250,20" />
</Scene>
<Scene>
<INIT seed="2,0,0,1,5,28" ten="230,224,276,270" oya="2" hai0="64,32,122,52,70,45,14,24,19,115,48,126,40" hai1="16,63,3,0,95,130,123,92,26,103,75,43,108" hai2="78,71,104,27,86,84,82,76,128,83,113,46,127" hai3="100,55,93,21,107,1,25,7,37,38,59,80,96"/><V73/><F113/><W106/><G80/><T18/><D115/><U109/><E75/><V99/><F71/><W129/><G129/><T68/><D122/><U61/><E130/><V36/><F128/><W117/><G117/><T54/><D126/><U62/><E43/><V11/><F127/><W6/><G107/><T35/><D24/><U124/><E124/><V42/><F11/><W58/><G106/><T15/><D64/><U85/><E123/><V72/><REACH who="2" step="1"/><F27/><REACH who="2" ten="230,224,266,270" step="2"/><W101/><G25/><T131/><D131/><U69/><E69/><V23/><F23/><W20/><G21/><T102/><D68/><U31/><E26/><V34/><F34/><W22/><G20/><T90/><D70/><U120/><E31/><V29/><F29/><W88/><G22/><T10/><D10/><U33/><E33/><V133/><F133/><W79/><G1/><T116/><D116/><U41/><E120/><V98/><F98/><W5/><G96/><T125/><D125/><U53/><E3/><V134/><F134/><W121/><G121/><T132/><D132/><U67/><E0/><V50/><F50/><W49/><G49/><T119/><D119/><U111/><E111/><V94/><F94/><W2/><G93/><T47/><D48/><U44/><E108/><V9/><F9/><W65/><G2/><T56/><D35/><U60/><E109/><V4/><F4/><W118/><G5/><T66/><D32/><U13/><E92/><V77/><F77/><W87/><G6/><T17/><D17/><U89/><E95/><V8/><F8/><W114/><G118/><RYUUKYOKU ba="0,1" sc="230,-10,224,-10,266,30,270,-10" hai2="36,42,46,72,73,76,78,82,83,84,86,99,104" />
</Scene>
<Scene>
<INIT seed="2,1,1,1,0,34" ten="220,214,296,260" oya="2" hai0="10,126,18,67,21,7,122,53,91,106,42,3,92" hai1="115,132,85,119,20,82,13,54,37,112,41,58,11" hai2="102,49,57,66,134,97,65,23,6,79,70,72,48" hai3="88,46,78,35,114,125,103,12,93,111,4,44,129"/><V31/><F134/><W68/><G35/><T32/><D122/><U86/><E119/><V109/><F6/><W5/><G68/><T63/><D106/><U127/><E132/><V121/><F121/><W38/><G38/><T52/><D32/><U108/><E108/><V131/><F131/><W55/><G111/><T71/><D42/><U17/><E127/><V8/><F8/><W69/><G69/><T30/><D30/><U24/><E37/><V27/><F109/><W107/><G78/><T133/><D126/><U116/><E116/><V56/><F70/><W26/><G125/><T50/><D50/><U40/><E112/><V75/><F79/><W45/><G129/><T95/><D133/><U90/><E85/><V94/><F75/><W87/><G114/><T80/><D80/><U51/><REACH who="1" step="1"/><E115/><REACH who="1" ten="220,204,296,260" step="2"/><V110/><F110/><W113/><G113/><T33/><D33/><U36/><E36/><V16/><F72/><W117/><G117/><T96/><REACH who="0" step="1"/><D95/><REACH who="0" ten="210,204,296,260" step="2"/><U120/><E120/><V84/><F94/><W39/><G93/><T130/><D130/><U15/><E15/><AGARI ba="1,3" hai="3,7,10,15,18,21,52,53,63,67,71,91,92,96" machi="15" ten="30,8000,1" yaku="1,1,7,1,52,1,54,1,53,1" doraHai="34" doraHaiUra="60" who="0" fromWho="1" sc="210,113,204,-83,296,0,260,0" />
</Scene>
<Scene>
<INIT seed="3,0,0,2,4,46" ten="323,121,296,260" oya="3" hai0="84,13,54,79,111,101,61,69,25,86,43,89,105" hai1="55,53,95,123,134,42,63,15,80,125,59,127,110" hai2="91,5,104,2,52,103,23,47,128,51,38,20,107" hai3="4,113,27,30,120,115,7,109,57,68,87,3,41"/><W66/><G87/><T108/><D43/><U28/><E28/><V22/><F128/><W9/><G120/><T31/><D79/><U33/><E33/><V35/><F35/><W50/><G7/><T119/><D119/><U24/><E24/><V78/><F78/><W10/><G10/><T75/><D75/><U40/><E15/><V12/><F2/><W21/><G109/><T37/><D37/><U14/><E14/><V73/><F73/><W97/><G97/><N who="0" m="61615" /><D13/><U18/><E18/><V124/><F124/><N who="1" m="47689" /><E95/><V116/><F116/><W130/><G130/><T56/><D69/><U19/><E19/><V64/><F64/><W112/><G68/><T44/><D44/><U67/><E80/><V135/><F135/><W114/><G114/><T72/><D89/><U82/><E82/><V34/><F34/><W17/><G41/><N who="1" m="15978" /><E123/><V132/><F132/><W77/><G77/><T131/><D131/><U99/><E99/><V58/><F103/><W1/><G1/><T71/><D71/><U6/><E6/><V88/><F5/><W122/><G122/><T85/><D72/><U102/><E102/><V65/><F12/><W98/><G98/><T0/><D0/><U117/><E117/><V32/><F32/><W133/><G133/><T81/><D81/><U26/><E26/><V96/><F96/><W36/><G36/><T92/><D92/><U70/><E134/><V76/><F104/><W8/><G8/><T126/><D126/><U60/><E110/><N who="0" m="42025" /><D25/><U62/><E70/><V100/><F100/><W74/><G74/><T106/><D106/><U90/><E90/><RYUUKYOKU ba="0,0" sc="323,15,121,15,296,-15,260,-15" hai0="31,54,56,61,84,85,86" hai1="53,55,59,60,62,63,67" />
</Scene>
<Scene>
<INIT seed="4,1,0,1,2,64" ten="338,136,281,245" oya="0" hai0="17,2,39,89,69,47,66,63,28,32,70,82,92" hai1="78,48,15,41,29,44,22,20,127,102,95,134,50" hai2="129,119,91,124,10,116,62,111,109,135,11,8,130" hai3="40,114,60,74,71,61,3,87,81,35,59,79,133"/><T55/><D2/><U7/><E127/><V56/><F91/><W1/><G35/><T25/><D82/><U36/><E134/><V76/><F76/><W117/><G117/><N who="2" m="45129" /><F56/><W0/><G133/><T123/><D123/><U100/><E78/><V52/><F52/><W120/><G120/><T113/><D113/><U93/><E36/><V58/><F58/><W30/><G114/><T125/><D125/><U108/><E108/><N who="2" m="41547" /><F62/><W115/><G115/><T14/><D55/><U104/><E104/><V73/><F73/><W33/><G40/><T12/><D17/><U101/><E48/><V107/><F107/><W126/><G126/><T4/><D4/><U118/><E118/><V57/><F57/><W45/><G45/><T51/><D51/><U43/><E43/><V49/><F49/><W90/><G59/><T98/><REACH who="0" step="1"/><D70/><REACH who="0" ten="328,136,281,245" step="2"/><U99/><E7/><V27/><F124/><W72/><G71/><T128/><D128/><N who="2" m="49258" /><F135/><W23/><G81/><T132/><D132/><U85/><E50/><V67/><F67/><W105/><G61/><T13/><D13/><U131/><E15/><V110/><F110/><W80/><G60/><T54/><D54/><U86/><E131/><V112/><F112/><W31/><G1/><T5/><D5/><U121/><E41/><AGARI ba="1,1" hai="12,14,25,28,32,39,41,47,63,66,69,89,92,98" machi="41" ten="40,3900,0" yaku="1,1,52,1,53,0" doraHai="64" doraHaiUra="75" who="0" fromWho="1" sc="328,52,136,-42,281,0,245,0" />
</Scene>
<Scene>
<INIT seed="4,2,0,2,1,124" ten="380,94,281,245" oya="0" hai0="92,17,23,97,68,81,14,121,134,111,8,30,4" hai1="34,110,114,19,37,26,21,135,12,41,9,99,28" hai2="76,43,105,38,53,98,91,108,89,88,133,94,79" hai3="70,56,109,73,27,3,36,50,125,118,87,126,42"/><T100/><D121/><U122/><E122/><V40/><F108/><W5/><G73/><T49/><D68/><U57/><E110/><V104/><F133/><W107/><G109/><T64/><D111/><U59/><E135/><V77/><F53/><N who="3" m="31799" /><G107/><T102/><D134/><U46/><E114/><V51/><F38/><W84/><G27/><T62/><D30/><U90/><E90/><V128/><F128/><W13/><G3/><T67/><D81/><U112/><E112/><V22/><F22/><W32/><G32/><T101/><D49/><U66/><E99/><V10/><F10/><N who="3" m="4303" /><G70/><T52/><D67/><U72/><E72/><V39/><F39/><W11/><G11/><T18/><D64/><U44/><E66/><V35/><F35/><W93/><G93/><T96/><D96/><U15/><REACH who="1" step="1"/><E44/><REACH who="1" ten="380,84,281,245" step="2"/><N who="2" m="25991" /><F91/><W119/><G84/><T24/><D4/><AGARI ba="2,1" hai="4,9,12,15,19,21,26,28,34,37,41,46,57,59" machi="4" ten="30,3900,0" yaku="1,1,7,1,53,1" doraHai="124" doraHaiUra="20" who="1" fromWho="0" sc="380,-45,84,55,281,0,245,0" />
</Scene>
<Scene>
<INIT seed="5,0,0,1,4,17" ten="335,139,281,245" oya="1" hai0="73,9,80,50,57,63,78,22,133,93,97,23,79" hai1="18,109,27,52,71,103,19,45,123,119,40,105,16" hai2="101,117,39,110,85,0,102,66,114,25,61,88,83" hai3="127,26,100,56,11,134,74,10,68,44,1,76,48"/><U6/><E119/><V124/><F117/><W96/><G68/><T72/><D133/><U59/><E123/><V62/><F110/><W92/><G134/><T4/><D50/><U131/><E109/><V5/><F39/><W32/><G127/><T132/><D132/><U42/><E71/><V69/><F124/><W33/><G56/><T86/><D73/><U112/><E112/><V70/><F114/><W46/><G46/><T99/><D72/><U28/><E131/><V91/><F91/><W34/><G1/><T125/><D78/><U82/><E6/><V58/><F69/><W54/><REACH who="3" step="1"/><G26/><REACH who="3" ten="335,139,281,235" step="2"/><T47/><D47/><U87/><E45/><V55/><F25/><W15/><G15/><N who="0" m="5543" /><D125/><U81/><E40/><V120/><F120/><W67/><G67/><N who="0" m="39407" /><D99/><U106/><E42/><V38/><F70/><W108/><G108/><T7/><D7/><U30/><E27/><V116/><F116/><W84/><G84/><T95/><D97/><U75/><E75/><V3/><F85/><W113/><G113/><T41/><D41/><U20/><E87/><V90/><F66/><W31/><G31/><T2/><D2/><U89/><E28/><V43/><F43/><W98/><G98/><T24/><D24/><U37/><E37/><V12/><F38/><W121/><G121/><T115/><D115/><U94/><E30/><V111/><F111/><W14/><G14/><T29/><D29/><U13/><E13/><V65/><F12/><W51/><G51/><T60/><D60/><U104/><E59/><V128/><F58/><W35/><N who="3" m="8192" /><DORA hai="122" /><W36/><G36/><RYUUKYOKU ba="0,1" sc="335,15,139,-15,281,-15,235,15" hai0="22,23,79,80,86,93,95" hai3="10,11,44,48,54,74,76,92,96,100" />
</Scene>
<Scene>
<INIT seed="6,1,1,3,2,60" ten="350,124,266,250" oya="2" hai0="132,91,4,36,59,40,0,97,10,47,120,102,44" hai1="116,39,80,89,135,90,123,12,69,105,124,121,55" hai2="85,117,79,14,104,78,83,82,115,53,77,118,134" hai3="72,3,35,5,65,112,33,133,86,50,54,95,84"/><V111/><F111/><W122/><G122/><T1/><D120/><U127/><E39/><V20/><F104/><W70/><G72/><T76/><D132/><U88/><E69/><V8/><F134/><W7/><G133/><T81/><D91/><U129/><E135/><V98/><F115/><W63/><G112/><T46/><D59/><U18/><E105/><V92/><F20/><W45/><G84/><T99/><D1/><U75/><E116/><V41/><F41/><W100/><G7/><T93/><D99/><U68/><E68/><V27/><F27/><W66/><G65/><T87/><AGARI ba="1,1" hai="0,4,10,36,40,44,46,47,76,81,87,93,97,102" machi="87" ten="20,1500,0" yaku="0,1,7,1" doraHai="60" who="0" fromWho="0" sc="350,28,124,-5,266,-8,250,-5" />
</Scene>
<Scene>
<INIT seed="7,0,0,4,3,114" ten="378,119,258,245" oya="3" hai0="102,87,7,86,18,22,80,128,8,112,92,49,16" hai1="21,120,5,104,48,58,71,0,110,30,14,44,34" hai2="131,10,82,1,123,134,117,46,31,122,100,68,127" hai3="98,74,15,51,124,67,55,90,43,64,107,37,72"/><W97/><G124/><T69/><D69/><U91/><E71/><V125/><F68/><W2/><G2/><T3/><D112/><U103/><E120/><N who="2" m="46123" /><F134/><W42/><G37/><T83/><D128/><U78/><E110/><V26/><F100/><W129/><G129/><T12/><D18/><U70/><E70/><V41/><F82/><N who="0" m="31274" /><D3/><U35/><E78/><V53/><F53/><W121/><G121/><T111/><D111/><U119/><E58/><V11/><F131/><W135/><G135/><T85/><D49/><U20/><E34/><N who="2" m="20855" /><F117/><W47/><G107/><T29/><D29/><U108/><E108/><V73/><F73/><W65/><G72/><T60/><D60/><U81/><E103/><V19/><F19/><W105/><G74/><T130/><D130/><U101/><E101/><V94/><F94/><N who="3" m="56535" /><G105/><T52/><D52/><U133/><E104/><V89/><F89/><W45/><G98/><N who="0" m="59719" /><D22/><U4/><E133/><V116/><F116/><W56/><G15/><T13/><D13/><U126/><E119/><V57/><F1/><W59/><G59/><T28/><D28/><U77/><E126/><N who="2" m="48139" /><F57/><W40/><AGARI ba="0,0" hai="40,42,43,45,47,51,55,56,64,65,67" m="56535" machi="40" ten="30,1500,0" yaku="8,1" doraHai="114" who="3" fromWho="3" sc="378,-5,119,-5,258,-5,245,15" />
</Scene>
<Scene>
<INIT seed="7,1,0,4,5,44" ten="373,114,253,260" oya="3" hai0="46,86,121,12,126,54,6,25,95,41,104,21,50" hai1="58,18,64,19,51,91,102,16,2,1,75,35,109" hai2="69,120,114,65,36,135,13,80,33,124,20,37,106" hai3="34,110,5,27,77,3,53,122,61,119,10,97,63"/><W26/><G122/><T130/><D104/><U108/><E35/><V89/><F33/><W79/><G119/><T83/><D121/><U57/><E75/><V105/><F120/><W99/><G110/><T72/><D130/><U52/><E102/><V60/><F114/><W125/><G125/><T123/><D123/><U70/><E70/><V74/><F124/><W78/><G34/><T118/><D118/><U47/><E91/><V15/><F135/><W8/><G3/><T107/><D107/><U128/><E128/><V134/><F134/><W4/><G78/><T38/><D72/><U133/><E133/><V92/><F106/><W112/><REACH who="3" step="1"/><G53/><REACH who="3" ten="373,114,253,250" step="2"/><N who="0" m="29911" /><D126/><U73/><E73/><V115/><F115/><AGARI ba="1,1" hai="4,5,8,10,26,27,61,63,77,79,97,99,112,115" machi="115" ten="25,4800,0" yaku="1,1,22,2,53,0" doraHai="44" doraHaiUra="127" who="3" fromWho="2" sc="373,0,114,0,253,-51,250,61" />
</Scene>
<Scene>
<INIT seed="7,2,0,0,2,112" ten="373,114,202,311" oya="3" hai0="120,65,19,50,16,130,90,107,10,78,49,23,12" hai1="106,29,32,42,133,48,99,44,66,104,6,117,131" hai2="134,84,95,98,87,102,53,25,57,76,61,70,128" hai3="81,82,13,129,58,85,36,28,15,7,132,122,3"/><W135/><G122/><T72/><D107/><U33/><E131/><V14/><F134/><N who="3" m="51243" /><G36/><T9/><D120/><U56/><E133/><V105/><F128/><W119/><G129/><T37/><D37/><U35/><E29/><V46/><F70/><W40/><G40/><T52/><D130/><U127/><E127/><V45/><F87/><W97/><G28/><T67/><D50/><U8/><E99/><V38/><F38/><W26/><G26/><N who="0" m="14695" /><D72/><U73/><E73/><V86/><F86/><W4/><G97/><T51/><D78/><U124/><E124/><V115/><F115/><W88/><G3/><T103/><D103/><U113/><E113/><V80/><F105/><W79/><G58/><N who="0" m="33039" /><D90/><U83/><E83/><V91/><F102/><W101/><G101/><T2/><D2/><U24/><E24/><V43/><F43/><W60/><G60/><T93/><D93/><U27/><E27/><V125/><F125/><W110/><G110/><T116/><D51/><U111/><E111/><V18/><REACH who="2" step="1"/><F14/><REACH who="2" ten="373,114,192,311" step="2"/><N who="3" m="5131" /><G119/><T114/><D116/><U21/><E117/><V96/><F96/><W17/><G85/><T34/><D114/><U0/><REACH who="1" step="1"/><E21/><AGARI ba="2,1" hai="18,21,25,45,46,53,57,61,76,80,84,91,95,98" machi="21" ten="40,8000,1" yaku="1,1,25,2,8,1,53,0" doraHai="112" doraHaiUra="118" who="2" fromWho="1" sc="373,0,114,-86,192,96,311,0" owari="373,47.0,28,-47.0,288,-11.0,311,11.0" />
</Scene>
</mjloggm>