<mjloggm ver="2.3"><GO type="169"/><UN n0="%49%47%41" n1="%E5%A4%AA%E3%81%8F%E3%81%AA%E3%81%84%E3%81%8A" n2="%E8%B6%85%E3%82%B5%E3%82%A4%E3%83%A4%E4%BA%BA%EF%BC%93" n3="%E3%81%98%E3%82%83%E3%81%8C%E3%81%84%E3%82%82%E5%89%A3%E5%A3%AB" dan="16,17,16,16" rate="2095,2173,2075,2074" sx="M,M,M,M"/><TAIKYOKU oya="0"/>

<Scene>
<INIT seed="0,0,0,0,1,88" ten="250,250,250,250" oya="0" hai0="43,103,35,55,63,93,25,44,4,99,52,22,1" hai1="87,65,112,5,19,18,121,20,9,85,124,107,37" hai2="51,117,64,76,131,59,82,69,79,46,8,118,75" hai3="74,49,101,123,40,97,126,114,128,115,16,41,45"/><T94/><D35/><U133/><E121/><V84/><F131/><W91/><G74/><T81/><D81/><U77/><E37/><V72/><F69/><W11/><G128/><T27/><D27/><U127/><E107/><V89/><F8/><W122/><G91/><T17/><D63/><U78/><E133/><V111/><F111/><W135/><G135/><T23/><D23/><U42/><E42/><V60/><F75/><W92/><G41/><T68/><D68/><U53/><E65/><V12/><F12/><N who="3" m="7199" /><G126/><N who="1" m="48170" /><E112/><V3/><F3/><W7/><G7/><T104/><D4/><U61/><E78/><V125/><F125/><W130/><G130/><T116/><D1/><N who="1" m="175" /><E77/><V109/><F109/><W26/><G26/><T100/><D116/><N who="2" m="44650" /><F72/><W113/><G101/><T106/><D106/><U98/><E18/><V32/><F32/><W0/><G0/><T120/><D120/><N who="3" m="46121" /><G97/><N who="0" m="59447" /><D104/><U83/><E98/><V50/><F50/><AGARI ba="0,0" hai="17,22,25,43,44,50,52,55,93,99,103" m="59447" machi="50" ten="30,11600,0" yaku="8,1,52,2,54,1" doraHai="88" who="0" fromWho="2" sc="250,116,250,0,250,-116,250,0" />
</Scene>
<Scene>
<INIT seed="0,1,0,5,0,94" ten="366,250,134,250" oya="0" hai0="22,3,55,127,16,39,53,19,65,59,95,83,80" hai1="105,50,121,71,107,85,30,47,48,52,110,5,132" hai2="97,13,77,1,35,33,51,58,106,8,38,76,116" hai3="102,124,122,7,12,111,41,57,20,120,26,129,4"/><T125/><D39/><U18/><E121/><V113/><F38/><W117/><G117/><T87/><D3/><U63/><E110/><V135/><F1/><W27/><G41/><T42/><D42/><U81/><E132/><V82/><F113/><W93/><G111/><T134/><D134/><U128/><E128/><V123/><F123/><N who="3" m="47147" /><G129/><T92/><D65/><U101/><E5/><N who="3" m="2122" /><G57/><T40/><D40/><U104/><E30/><V9/><F135/><W88/><G102/><T130/><D130/><U118/><E118/><V133/><F133/><W84/><G124/><N who="0" m="47691" /><D59/><U72/><E72/><V44/><F116/><W112/><G112/><T126/><D126/><U45/><E18/><AGARI ba="1,0" hai="12,18,20,26,27,84,88,93" m="2122,47147" machi="18" ten="30,2000,0" yaku="13,1,54,1" doraHai="94" who="3" fromWho="1" sc="366,0,250,-23,134,0,250,23" />
</Scene>
<Scene>
<INIT seed="1,0,0,1,5,0" ten="366,227,134,273" oya="1" hai0="74,20,101,61,57,43,122,19,72,87,81,106,21" hai1="14,75,49,55,45,98,134,104,33,107,68,52,37" hai2="30,23,135,89,18,129,36,121,92,62,97,80,95" hai3="65,22,8,94,82,102,25,126,27,4,35,124,116"/><U118/><E118/><V77/><F36/><W117/><G65/><T10/><D43/><U112/><E112/><V48/><F121/><W16/><G82/><T86/><D122/><U54/><E75/><V24/><F135/><W15/><G94/><T13/><D101/><U71/><E33/><V41/><F129/><W99/><G99/><T88/><D106/><U76/><E134/><V115/><F115/><W32/><G102/><T42/><D42/><U7/><E37/><V84/><F95/><W119/><G27/><T6/><D86/><U28/><E28/><V93/><F93/><W111/><G111/><T58/><D21/><U12/><E76/><V78/><F62/><W108/><G108/><T63/><D63/><U38/><E38/><V127/><F127/><AGARI ba="0,0" hai="4,8,15,16,22,25,32,35,116,117,119,124,126,127" machi="127" ten="50,12000,2" yaku="12,1,18,1,34,3,52,1,54,1" doraHai="0" who="3" fromWho="2" sc="366,0,227,0,134,-120,273,120" />
</Scene>
<Scene>
<INIT seed="2,0,0,5,5,54" ten="366,227,14,393" oya="2" hai0="108,22,106,115,85,68,20,74,94,67,86,96,0" hai1="125,126,60,62,73,69,118,46,51,36,48,30,1" hai2="57,35,41,75,21,49,98,77,10,128,47,19,59" hai3="71,88,55,66,43,11,12,80,132,24,52,38,8"/><V116/><F116/><W95/><G132/><T92/><D74/><U121/><E1/><V114/><F35/><W15/><G38/><T7/><D108/><U28/><E73/><V100/><F114/><W130/><G130/><T33/><D33/><U5/><E5/><V82/><F10/><W93/><G43/><T97/><D106/><U99/><E99/><V111/><F128/><W110/><G71/><T31/><D68/><U91/><E91/><V27/><REACH who="2" step="1"/><F111/><REACH who="2" ten="366,227,4,393" step="2"/><W72/><G11/><T37/><D115/><U104/><E118/><V16/><F16/><W123/><G8/><T112/><D112/><U65/><E30/><V18/><F18/><W61/><G110/><T44/><D31/><U122/><E28/><V40/><F40/><W39/><G123/><T109/><D109/><U120/><E120/><V56/><F56/><W34/><G34/><T14/><D22/><U26/><E122/><V89/><F89/><W63/><G88/><T102/><D20/><U103/><E121/><V105/><AGARI ba="0,1" hai="19,21,27,41,47,49,57,59,75,77,82,98,100,105" machi="105" ten="20,12000,1" yaku="1,1,0,1,7,1,52,2,53,0" doraHai="54" doraHaiUra="119" who="2" fromWho="2" sc="366,-40,227,-40,4,130,393,-40" />
</Scene>
<Scene>
<INIT seed="2,1,0,5,5,28" ten="326,187,134,353" oya="2" hai0="79,48,58,78,113,75,45,87,57,46,61,24,88" hai1="35,89,23,64,39,34,100,77,102,59,86,101,5" hai2="125,130,126,70,132,40,0,66,80,135,60,44,111" hai3="109,65,103,52,11,131,22,7,108,93,107,96,27"/><V128/><F0/><W116/><G116/><T99/><D113/><U56/><E39/><N who="2" m="21535" /><F80/><W50/><G131/><N who="2" m="50217" /><F111/><N who="3" m="42571" /><G65/><N who="0" m="39087" /><D75/><U127/><E127/><AGARI ba="1,0" hai="60,66,70,125,126,127,132,135" m="50217,21535" machi="127" ten="30,18000,2" yaku="30,2,18,1,19,1,23,1,34,2" doraHai="28" who="2" fromWho="1" sc="326,0,187,-183,134,183,353,0" />
</Scene>
<Scene>
<INIT seed="2,2,0,2,1,62" ten="326,4,317,353" oya="2" hai0="92,71,87,35,81,28,100,33,1,110,67,127,18" hai1="21,63,12,4,124,75,51,131,52,93,47,106,90" hai2="26,58,5,66,116,125,72,46,91,60,88,36,102" hai3="34,108,121,31,8,44,111,82,3,41,119,50,20"/><V117/><F72/><W114/><G119/><T10/><D1/><U61/><E75/><V42/><F5/><N who="3" m="1087" /><G121/><T73/><D73/><U79/><E106/><V95/><F125/><W85/><G114/><T30/><D127/><U48/><E124/><V45/><F102/><W80/><G85/><T32/><D110/><N who="3" m="42025" /><G34/><T115/><D115/><U68/><E131/><V27/><F91/><W78/><G78/><T23/><D10/><N who="1" m="4167" /><E68/><V135/><F135/><W129/><G129/><T40/><D40/><N who="1" m="24679" /><E21/><V118/><REACH who="2" step="1"/><F45/><REACH who="2" ten="326,4,307,353" step="2"/><W120/><G120/><T22/><D100/><U43/><E79/><V37/><F37/><W130/><G130/><T6/><D6/><U15/><E43/><V96/><AGARI ba="2,1" hai="26,27,36,42,46,58,60,66,88,95,96,116,117,118" machi="96" ten="30,11700,0" yaku="1,1,0,1,52,1,54,1,53,0" doraHai="62" doraHaiUra="134" who="2" fromWho="2" sc="326,-41,4,-41,307,133,353,-41" owari="285,-11.0,-37,-54.0,440,54.0,312,11.0" />
</Scene>
</mjloggm>