<mjloggm ver="2.3"><GO type="169" lobby="0"/><UN n0="%E3%81%93%E3%81%BE%E3%81%A3%E3%81%95%E3%82%93" n1="%E5%A4%AA%E3%81%8F%E3%81%AA%E3%81%84%E3%81%8A" n2="%E4%BF%BA%E3%81%A4%E3%81%88%E3%81%88%E3%81%88%EF%BD%9E" n3="%E3%81%AA%E3%81%AA%E2%98%86%E3%81%A0%E3%81%BE%EF%BC%A2" dan="16,18,17,16" rate="2128.93,2240.00,2183.89,2024.45" sx="M,F,M,M"/><TAIKYOKU oya="0"/>

<Scene>
<INIT seed="0,0,0,0,4,127" ten="250,250,250,250" oya="0" hai0="76,60,87,71,86,69,3,53,10,125,94,92,43" hai1="112,39,32,134,55,66,105,98,85,115,75,78,0" hai2="4,93,48,28,114,44,61,109,31,111,123,27,68" hai3="118,7,81,18,35,57,5,9,11,13,108,6,72"/><T19/><D43/><U89/><E0/><V113/><F123/><W36/><G36/><T47/><D125/><U74/><E32/><V64/><F4/><W106/><G106/><T63/><D3/><U16/><E39/><V110/><F93/><W34/><G72/><T15/><D47/><U1/><E1/><V37/><F37/><W56/><G81/><T17/><D76/><U122/><E66/><V104/><F104/><W116/><G57/><T101/><D15/><U59/><E122/><V25/><F25/><W26/><G56/><T67/><D10/><U126/><E126/><V54/><REACH who="2" step="1"/><F31/><REACH who="2" ten="250,250,240,250" step="2"/><W120/><G120/><T2/><D2/><U133/><E105/><V99/><F99/><W130/><G26/><T90/><D101/><U80/><E98/><V40/><F40/><W45/><G116/><T50/><D67/><U107/><E107/><V132/><F132/><W70/><G118/><T95/><D95/><U22/><E134/><V65/><F65/><W91/><G13/><T52/><D50/><U129/><E133/><V73/><F73/><W20/><G7/><T103/><D103/><U12/><E75/><V121/><F121/><W77/><G5/><T84/><D84/><U119/><E119/><V82/><F82/><W24/><G6/><T8/><D94/><N who="1" m="54575" /><E115/><V128/><F128/><W33/><G24/><T42/><D92/><U23/><E112/><V49/><F49/><W100/><G100/><T96/><D96/><U51/><E129/><V135/><F135/><W14/><G130/><T131/><D131/><U88/><E74/><V41/><F41/><RYUUKYOKU ba="0,1" sc="250,-10,250,-10,240,30,250,-10" hai2="27,28,44,48,54,61,64,68,109,110,111,113,114" />
</Scene>
<Scene>
<INIT seed="1,1,1,1,4,78" ten="240,240,270,240" oya="1" hai0="19,125,122,75,92,124,127,94,117,9,116,112,21" hai1="107,121,133,45,59,71,73,13,102,53,52,87,66" hai2="89,132,3,42,65,77,111,16,20,58,91,100,96" hai3="76,128,24,110,17,98,44,51,28,106,1,62,99"/><U118/><E73/><V135/><F3/><W35/><G1/><T129/><D9/><U109/><E121/><V64/><F42/><W2/><G2/><T6/><D6/><U97/><E118/><V5/><F5/><W54/><G110/><T39/><D39/><U74/><E74/><V68/><F77/><W103/><G128/><T108/><D19/><U49/><E133/><N who="2" m="51275" /><F111/><W113/><G113/><T36/><D36/><U11/><E109/><V115/><F115/><W131/><G131/><T25/><D108/><U114/><E114/><V14/><F68/><W0/><G0/><T48/><D112/><U84/><E66/><N who="2" m="25707" /><F58/><W22/><G76/><T88/><D129/><U130/><E71/><V126/><F126/><W90/><G62/><T119/><D48/><U33/><E33/><V69/><F69/><W104/><G35/><T60/><D60/><U83/><E130/><V38/><F38/><W12/><G106/><AGARI ba="1,1" hai="14,16,20,89,91,96,100,106" m="25707,51275" machi="106" ten="30,2000,0" yaku="20,1,54,1" doraHai="78" who="2" fromWho="3" sc="240,0,240,0,270,33,240,-23" />
</Scene>
<Scene>
<INIT seed="2,0,0,3,5,13" ten="240,240,303,217" oya="2" hai0="73,16,85,3,6,29,134,22,56,39,43,130,47" hai1="23,101,50,105,111,94,79,18,9,106,126,122,133" hai2="80,26,66,96,86,117,107,40,124,89,24,44,4" hai3="82,21,98,17,60,42,41,97,31,115,93,131,103"/><V92/><F117/><W65/><G131/><T74/><D29/><U99/><E111/><V72/><F124/><W57/><G115/><T10/><D130/><U5/><E126/><V11/><F66/><W37/><G37/><T110/><D134/><U69/><E69/><V128/><F128/><W38/><G38/><T90/><D56/><U70/><E70/><V61/><F61/><W108/><G108/><T109/><D109/><U51/><E133/><V104/><F107/><W8/><G82/><T119/><D119/><U62/><E79/><V14/><F72/><W83/><G83/><T12/><D110/><U135/><E62/><V118/><F104/><W121/><G121/><T95/><AGARI ba="0,0" hai="3,6,10,12,16,22,39,43,47,73,74,85,90,95" machi="95" ten="20,5200,0" yaku="0,1,7,1,52,1,54,1" doraHai="13" who="0" fromWho="0" sc="240,52,240,-13,303,-26,217,-13" />
</Scene>
<Scene>
<INIT seed="3,0,0,3,0,57" ten="292,227,277,204" oya="3" hai0="2,93,104,17,79,126,129,46,110,69,106,76,133" hai1="125,53,26,35,62,75,89,54,63,13,28,123,72" hai2="116,16,98,61,94,97,66,82,118,39,19,74,3" hai3="78,124,0,88,114,41,56,91,21,33,85,9,73"/><W65/><G114/><T12/><D2/><U42/><E123/><V1/><F39/><W127/><G33/><T15/><D69/><U20/><E125/><N who="3" m="48202" /><G73/><T96/><D126/><U128/><E128/><V29/><F29/><W95/><G41/><T120/><D120/><U45/><E75/><V107/><F3/><W108/><G108/><T103/><D129/><U23/><E72/><V99/><F1/><W38/><G38/><T67/><D110/><U130/><E130/><V109/><F109/><W59/><G78/><T80/><D133/><U22/><E13/><V134/><F134/><W11/><G0/><T18/><D67/><U68/><E89/><V55/><F116/><W117/><G117/><T30/><D30/><U60/><REACH who="1" step="1"/><E68/><REACH who="1" ten="292,217,277,204" step="2"/><V87/><F118/><W83/><G91/><T44/><D79/><U6/><E6/><V70/><F74/><W51/><G88/><T77/><D76/><U105/><E105/><V47/><F107/><W112/><G112/><T122/><D106/><U102/><E102/><V48/><REACH who="2" step="1"/><F94/><REACH who="2" ten="292,217,267,204" step="2"/><W71/><G95/><N who="0" m="58783" /><D122/><U115/><E115/><V50/><F50/><AGARI ba="0,2" hai="20,22,23,26,28,35,42,45,50,53,54,60,62,63" machi="50" ten="40,8000,1" yaku="1,1,52,3,53,0" doraHai="57" doraHaiUra="84" who="1" fromWho="2" sc="292,0,217,100,267,-80,204,0" />
</Scene>
<Scene>
<INIT seed="4,0,0,4,3,100" ten="292,317,187,204" oya="0" hai0="101,132,123,23,32,29,67,117,59,122,113,18,10" hai1="27,77,68,41,104,7,12,125,66,54,30,80,60" hai2="11,22,97,91,49,57,17,99,50,131,129,63,84" hai3="112,8,107,61,128,109,52,43,70,126,39,93,127"/><T102/><D117/><U48/><E125/><N who="3" m="47626" /><G109/><T79/><D113/><U72/><E41/><V56/><F11/><W83/><G112/><T135/><D79/><U110/><E110/><V118/><F118/><W2/><G128/><T15/><D101/><U111/><E111/><V5/><F5/><N who="3" m="1079" /><G107/><T96/><D32/><U103/><E12/><V120/><F120/><W75/><G93/><T6/><D29/><U36/><E36/><V4/><F4/><W69/><G52/><T133/><D59/><U73/><E7/><V19/><F131/><W9/><G9/><T34/><D34/><N who="1" m="20831" /><E54/><V89/><F129/><W115/><G115/><T105/><REACH who="0" step="1"/><D67/><REACH who="0" ten="282,317,187,204" step="2"/><U87/><E103/><V0/><F0/><AGARI ba="0,1" hai="0,6,10,15,18,23,96,102,105,122,123,132,133,135" machi="0" ten="40,12000,1" yaku="1,1,2,1,20,1,52,1,53,0" doraHai="100" doraHaiUra="44" who="0" fromWho="2" sc="282,130,317,0,187,-120,204,0" />
</Scene>
<Scene>
<INIT seed="4,1,0,5,2,72" ten="412,317,67,204" oya="0" hai0="127,105,3,132,16,56,116,111,135,47,71,41,13" hai1="59,93,118,37,42,84,115,39,96,9,88,125,78" hai2="107,11,25,32,99,124,87,102,86,44,65,85,76" hai3="14,29,8,62,20,100,66,69,122,48,21,101,117"/><T67/><D3/><U40/><E118/><V128/><F128/><W51/><G117/><T82/><D105/><U129/><E129/><V53/><F124/><W77/><G122/><T6/><D6/><U54/><E125/><V26/><F65/><W46/><G77/><T119/><D71/><U1/><E115/><V28/><F26/><W19/><G51/><T15/><D15/><U131/><E131/><V73/><F73/><W108/><G108/><T33/><D33/><U0/><E39/><V89/><F11/><W120/><G120/><T97/><D97/><U92/><E37/><V57/><F44/><W12/><G29/><T94/><D94/><U133/><E133/><N who="0" m="51273" /><D127/><U30/><E30/><V98/><F98/><W43/><REACH who="3" step="1"/><G21/><REACH who="3" ten="412,317,67,194" step="2"/><T63/><D111/><U38/><E38/><V49/><REACH who="2" step="1"/><F89/><REACH who="2" ten="412,317,57,194" step="2"/><W90/><G90/><T24/><D24/><U60/><E88/><V64/><F64/><W45/><G45/><T126/><D126/><U7/><E9/><V55/><F55/><W27/><G27/><T80/><D119/><U83/><E54/><V114/><F114/><W58/><G58/><T4/><D116/><U22/><E59/><V74/><F74/><W123/><G123/><T95/><D56/><U31/><E22/><V23/><F23/><W91/><G91/><T134/><D134/><U52/><E52/><V2/><F2/><W75/><G75/><T34/><D67/><U68/><E1/><V18/><F18/><AGARI ba="1,2" hai="8,12,14,18,19,20,43,46,48,62,66,69,100,101" machi="18" ten="30,3900,0" yaku="1,1,7,1,53,1" doraHai="72" doraHaiUra="5" who="3" fromWho="2" sc="412,0,317,0,57,-42,194,62" />
</Scene>
<Scene>
<INIT seed="5,0,0,0,5,114" ten="412,317,15,256" oya="1" hai0="120,69,70,71,20,31,78,124,37,22,15,135,62" hai1="126,84,43,109,46,2,48,72,59,131,132,44,111" hai2="23,36,118,79,41,64,107,103,34,65,47,117,87" hai3="52,98,110,29,7,119,17,105,100,57,68,116,13"/><U97/><E72/><V53/><F23/><W38/><G38/><T0/><D0/><U30/><E2/><V115/><F87/><W18/><G110/><N who="1" m="41994" /><E30/><V82/><F79/><W93/><G68/><T85/><D37/><N who="1" m="21615" /><E97/><V10/><F82/><W28/><G7/><T81/><D31/><N who="3" m="11849" /><G105/><T74/><D74/><U55/><E84/><V125/><F10/><W94/><G94/><T54/><D85/><U92/><E92/><V96/><F34/><W4/><G13/><T11/><D81/><U32/><E32/><V121/><F121/><W51/><G4/><T80/><D120/><U90/><E90/><V128/><F115/><W58/><G58/><T113/><D80/><U104/><E104/><V99/><F99/><W102/><G102/><T9/><D113/><U49/><E132/><V77/><F77/><W86/><G86/><T6/><D78/><U33/><E33/><V134/><F134/><W106/><G106/><T130/><D135/><U112/><E112/><V40/><F40/><W1/><G1/><T8/><D6/><U12/><E12/><V75/><F75/><W14/><G14/><T95/><D15/><U3/><E3/><V67/><F53/><W35/><G35/><T91/><D95/><U123/><E123/><V24/><F24/><W39/><G39/><T16/><D91/><U76/><E76/><V50/><F50/><W63/><G51/><T133/><D133/><U73/><E73/><V66/><F66/><W19/><G19/><T83/><D83/><U27/><E27/><V127/><F128/><W56/><G56/><T5/><D130/><RYUUKYOKU ba="0,0" sc="412,-15,317,-15,15,15,256,15" hai2="36,41,47,64,65,67,96,103,107,117,118,125,127" hai3="17,18,52,57,63,93,98,100,116,119" />
</Scene>
<Scene>
<INIT seed="6,1,0,0,1,43" ten="397,302,30,271" oya="2" hai0="55,85,72,14,0,87,35,131,69,135,80,132,67" hai1="84,96,133,62,122,38,8,134,66,30,3,107,61" hai2="45,89,116,82,101,124,31,115,40,119,12,2,95" hai3="79,91,109,126,74,34,123,57,108,118,20,47,54"/><V6/><F115/><W53/><G34/><T114/><D0/><U37/><E122/><V81/><F124/><W127/><G118/><T10/><D35/><U113/><E113/><V88/><F2/><W48/><G123/><T33/><D33/><U102/><E30/><V121/><F119/><W117/><G117/><T73/><D87/><U41/><E84/><V27/><F116/><W63/><G91/><N who="2" m="34889" /><F121/><W4/><G4/><T32/><D32/><U78/><E78/><V100/><F12/><W83/><REACH who="3" step="1"/><G20/><REACH who="3" ten="397,302,30,261" step="2"/><T9/><D114/><U51/><E8/><V129/><F6/><W21/><G21/><T5/><D10/><U11/><E11/><V128/><F128/><W99/><G99/><T50/><D131/><U94/><E3/><V125/><F125/><AGARI ba="1,1" hai="47,48,53,54,57,63,74,79,83,108,109,125,126,127" machi="125" ten="40,5200,0" yaku="1,1,18,1,52,1,53,0" doraHai="43" doraHaiUra="97" who="3" fromWho="2" sc="397,0,302,0,30,-55,261,65" owari="397,50.0,302,-10.0,-25,-53.0,326,13.0" />
</Scene>
</mjloggm>