<mjloggm ver="2.3"><GO type="169" lobby="0"/><UN n0="%48%6F%6E%65%6B%6B%6F%5F" n1="%E5%A4%AA%E3%81%8F%E3%81%AA%E3%81%84%E3%81%8A" n2="%E3%81%9D%E3%81%AE%EF%BC%91%EF%BD%90%E5%BD%93%E3%81%9F%E3%82%8A%E3%81%A0" n3="%E3%82%B7%E3%83%AA%E3%82%A6%E3%82%B9%E3%80%82" dan="16,18,16,16" rate="2109.74,2237.75,2039.71,2017.06" sx="M,F,M,M"/><TAIKYOKU oya="0"/>

<Scene>
<INIT seed="0,0,0,4,1,40" ten="250,250,250,250" oya="0" hai0="16,57,81,49,80,67,24,105,42,48,130,55,120" hai1="82,94,101,7,39,104,15,79,30,132,73,83,65" hai2="127,51,78,58,121,86,31,92,18,34,111,50,134" hai3="60,21,112,36,135,129,37,63,46,28,27,89,110"/><T76/><D120/><U53/><E39/><V84/><F121/><W69/><G112/><T11/><D105/><U52/><E132/><V90/><F134/><W98/><G135/><T77/><D130/><U0/><E0/><V131/><F131/><W54/><G129/><T41/><D67/><U99/><E65/><V13/><F111/><W117/><G117/><T74/><D48/><U115/><E115/><V45/><F127/><W70/><G110/><T8/><D24/><U107/><E30/><V62/><F31/><W56/><G37/><T5/><D11/><U95/><E83/><N who="2" m="47223" /><F34/><W93/><REACH who="3" step="1"/><G63/><REACH who="3" ten="250,250,250,240" step="2"/><T32/><D32/><U35/><E35/><V17/><F62/><W2/><G2/><T26/><D5/><U66/><E7/><V44/><F51/><W118/><G118/><T116/><D116/><U61/><E61/><V108/><F108/><W38/><G38/><T10/><D10/><U85/><E66/><V29/><F29/><W125/><G125/><T20/><REACH who="0" step="1"/><D8/><REACH who="0" ten="240,250,250,240" step="2"/><U128/><E128/><V4/><F4/><W1/><G1/><T14/><D14/><U109/><E15/><V3/><F3/><W126/><G126/><T122/><D122/><U33/><E33/><V64/><F64/><W9/><G9/><T47/><D47/><N who="2" m="17994" /><F13/><W19/><G19/><T72/><AGARI ba="0,2" hai="16,20,26,41,42,49,55,57,72,74,76,77,80,81" machi="72" ten="20,12000,1" yaku="1,1,0,1,7,1,9,1,54,1,53,0" doraHai="40" doraHaiUra="100" who="0" fromWho="0" sc="240,140,250,-40,250,-40,240,-40" />
</Scene>
<Scene>
<INIT seed="0,1,0,4,5,29" ten="380,210,210,200" oya="0" hai0="94,85,4,63,50,82,13,44,65,12,118,90,61" hai1="83,120,51,86,131,6,78,116,68,73,2,110,60" hai2="35,56,25,52,101,33,79,88,3,102,72,67,129" hai3="53,58,103,135,1,59,126,125,28,71,112,34,57"/><T107/><D118/><U122/><E116/><V70/><F3/><W113/><G71/><T80/><D107/><U8/><E110/><V45/><F45/><W49/><G1/><T55/><D61/><U19/><E131/><V93/><F67/><W69/><G69/><T15/><REACH who="0" step="1"/><D4/><REACH who="0" ten="370,210,210,200" step="2"/><U132/><E60/><V76/><F129/><W87/><G113/><T84/><D84/><U0/><E86/><V18/><F72/><W36/><G87/><T23/><D23/><U123/><E6/><V100/><F70/><AGARI ba="1,1" hai="12,13,15,44,50,55,63,65,70,80,82,85,90,94" machi="70" ten="40,2000,0" yaku="1,1,53,0" doraHai="29" doraHaiUra="16" who="0" fromWho="2" sc="370,33,210,0,210,-23,200,0" />
</Scene>
<Scene>
<INIT seed="0,2,0,3,3,100" ten="403,210,187,200" oya="0" hai0="123,72,42,89,8,64,48,21,135,4,120,133,19" hai1="38,34,108,7,127,29,121,103,12,9,71,43,107" hai2="85,69,78,91,60,47,106,97,30,117,122,113,3" hai3="53,25,99,74,96,6,105,70,58,104,41,124,13"/><T92/><D72/><U77/><E121/><V95/><F3/><W46/><G70/><T0/><D64/><U102/><E77/><V61/><F122/><W111/><G74/><T79/><D79/><U59/><E71/><V101/><F113/><W26/><G111/><T94/><D94/><U32/><E103/><V116/><F47/><W54/><G124/><T84/><D42/><U40/><E108/><V28/><F78/><W49/><G54/><T131/><D131/><U112/><E127/><V35/><F30/><W68/><G68/><T51/><D123/><U82/><E82/><V80/><F80/><W114/><G114/><T14/><REACH who="0" step="1"/><D120/><REACH who="0" ten="393,210,187,200" step="2"/><U24/><E40/><V36/><F69/><W118/><G41/><T50/><AGARI ba="2,1" hai="0,4,8,14,19,21,48,50,51,84,89,92,133,135" machi="50" ten="30,6000,0" yaku="1,1,2,1,0,1,53,0" doraHai="100" doraHaiUra="31" who="0" fromWho="0" sc="393,76,210,-22,187,-22,200,-22" />
</Scene>
<Scene>
<INIT seed="0,3,0,4,4,58" ten="469,188,165,178" oya="0" hai0="127,38,75,110,89,56,96,107,47,8,80,9,68" hai1="46,4,67,128,22,113,132,126,33,59,3,76,41" hai2="37,7,87,72,104,90,85,73,119,118,65,61,108" hai3="39,15,69,114,16,93,94,43,97,52,111,1,74"/><T27/><D68/><U48/><E33/><V36/><F104/><W101/><G114/><T130/><D130/><U129/><E76/><V45/><F7/><W71/><G1/><T44/><D27/><U100/><E100/><V60/><F108/><W115/><G115/><T92/><D107/><U51/><E113/><V50/><F50/><W86/><G111/><T26/><D26/><U18/><E3/><V105/><F105/><W82/><G74/><N who="2" m="28777" /><F45/><W79/><G43/><T17/><D127/><U121/><E4/><V63/><F65/><W2/><G2/><T84/><D75/><U42/><E121/><V54/><F54/><W25/><G25/><T14/><D110/><U131/><E126/><V30/><F30/><W117/><G39/><N who="2" m="14921" /><F90/><W23/><G93/><T10/><D56/><U91/><E91/><V32/><F32/><W35/><G35/><T88/><D38/><U49/><E67/><V31/><F31/><W116/><G71/><T83/><D83/><U135/><E59/><V122/><F122/><W21/><G69/><T134/><D47/><N who="1" m="25711" /><E51/><V55/><F55/><W99/><G99/><T70/><D44/><U13/><AGARI ba="3,0" hai="13,18,22,42,46,49,128,129,131,132,135" m="25711" machi="13" ten="40,1500,0" yaku="19,1" doraHai="58" who="1" fromWho="1" sc="469,-10,188,24,165,-7,178,-7" />
</Scene>
<Scene>
<INIT seed="1,0,0,3,2,68" ten="459,212,158,171" oya="1" hai0="114,4,15,65,127,18,5,43,80,78,74,130,88" hai1="69,102,92,94,79,86,131,3,52,93,97,26,46" hai2="62,34,20,91,50,24,118,124,57,101,1,32,89" hai3="10,87,90,82,76,117,116,99,125,64,96,95,100"/><U49/><E69/><V126/><F1/><W16/><G64/><T23/><D114/><U61/><E3/><V30/><F101/><W8/><G8/><T112/><D112/><U66/><E131/><V120/><F120/><W83/><G10/><T33/><D33/><U47/><E26/><V119/><F50/><W104/><G16/><T133/><D133/><U39/><E79/><V36/><F34/><W38/><G38/><T37/><D127/><N who="2" m="48682" /><F32/><W29/><G29/><T98/><D65/><U2/><E2/><V103/><F103/><W21/><G21/><T42/><D130/><U40/><REACH who="1" step="1"/><E86/><REACH who="1" ten="459,202,158,171" step="2"/><V58/><F24/><W56/><G125/><T28/><D78/><U55/><E55/><V70/><F70/><W27/><G27/><T107/><D74/><U75/><E75/><V71/><F71/><W110/><G76/><T81/><D15/><U35/><E35/><V13/><F13/><W59/><G87/><T12/><D12/><U85/><E85/><V53/><F53/><W132/><G117/><T51/><D5/><U108/><E108/><V67/><F118/><W122/><G110/><T73/><D4/><U6/><E6/><V44/><F119/><W19/><G116/><T115/><D73/><U7/><E7/><V129/><F129/><W72/><G72/><T14/><D14/><U31/><E31/><V135/><F30/><W113/><G113/><T45/><D28/><U121/><E121/><V48/><F135/><W22/><G132/><T105/><D115/><U0/><E0/><V84/><F84/><W111/><G122/><T106/><D18/><RYUUKYOKU ba="0,1" sc="459,-10,202,30,158,-10,171,-10" hai1="39,40,46,47,49,52,61,66,92,93,94,97,102" />
</Scene>
<Scene>
<INIT seed="1,1,1,0,5,121" ten="449,232,148,161" oya="1" hai0="90,91,71,34,92,42,122,30,94,69,132,73,61" hai1="76,83,104,116,9,15,36,57,97,18,5,33,35" hai2="54,10,51,64,72,1,68,62,2,60,84,7,29" hai3="79,24,48,106,27,25,102,63,8,28,3,95,111"/><U17/><E116/><V13/><F72/><W32/><G106/><T40/><D122/><U128/><E36/><V66/><F29/><W67/><G79/><T74/><D61/><U110/><E128/><V45/><REACH who="2" step="1"/><F84/><REACH who="2" ten="449,232,138,161" step="2"/><W80/><G28/><T37/><D30/><U113/><E113/><V50/><F50/><W46/><G48/><T81/><D73/><U52/><E97/><V114/><F114/><W107/><G32/><T44/><D34/><U82/><E35/><V129/><F129/><W123/><G123/><T124/><D74/><U119/><E33/><V0/><F0/><W22/><G3/><T75/><D75/><U117/><E119/><V11/><F11/><W4/><G8/><T125/><D37/><U53/><E117/><V98/><F98/><W56/><G22/><T26/><D124/><U86/><E86/><V133/><F133/><W93/><G63/><T99/><D125/><U96/><E96/><V16/><F16/><W41/><G4/><T85/><D132/><U43/><E18/><V58/><AGARI ba="1,2" hai="1,2,7,10,13,45,51,54,58,60,62,64,66,68" machi="58" ten="20,2700,0" yaku="1,1,0,1,7,1,53,0" doraHai="121" doraHaiUra="105" who="2" fromWho="2" sc="449,-8,232,-14,138,50,161,-8" />
</Scene>
<Scene>
<INIT seed="2,0,0,1,0,116" ten="441,218,188,153" oya="2" hai0="42,75,122,87,89,60,101,134,106,27,6,44,133" hai1="115,33,94,105,78,92,18,48,72,107,114,25,118" hai2="1,102,90,56,32,71,68,26,64,14,109,79,123" hai3="19,62,132,24,35,80,57,20,86,23,16,117,31"/><V0/><F79/><W46/><G117/><T59/><D75/><U53/><E118/><V76/><F76/><W63/><G132/><T119/><D119/><U58/><E107/><V131/><F102/><W40/><G35/><T54/><D122/><U22/><E105/><V13/><F56/><W55/><G62/><T70/><D6/><U112/><REACH who="1" step="1"/><E33/><REACH who="1" ten="441,208,188,153" step="2"/><V83/><F32/><W5/><G20/><T91/><D106/><U11/><E11/><V69/><F131/><W130/><G130/><T126/><D133/><U103/><E103/><V104/><F104/><W10/><G10/><T85/><D101/><U121/><E121/><V128/><F123/><W111/><G111/><T17/><D134/><U100/><E100/><V135/><F128/><W66/><G66/><T97/><D126/><U82/><AGARI ba="0,1" hai="18,22,25,48,53,58,72,78,82,92,94,112,114,115" machi="82" ten="40,5200,0" yaku="1,1,0,1,53,1" doraHai="116" doraHaiUra="47" who="1" fromWho="1" sc="441,-13,208,62,188,-26,153,-13" />
</Scene>
<Scene>
<INIT seed="3,0,0,1,2,64" ten="428,270,162,140" oya="3" hai0="13,68,41,29,88,38,116,91,131,118,65,79,4" hai1="54,33,92,87,125,34,28,59,104,133,85,17,52" hai2="36,20,81,97,37,5,50,57,42,69,21,89,73" hai3="47,80,117,107,86,58,51,12,56,53,99,8,24"/><W71/><G117/><T55/><D79/><U10/><E104/><V84/><F5/><W95/><G107/><T32/><D131/><U115/><E115/><V70/><F73/><W113/><G113/><T14/><D41/><U0/><E54/><V121/><F121/><W25/><G71/><T122/><D38/><U109/><E28/><V45/><F37/><W106/><G106/><T111/><D111/><U101/><E101/><V77/><F57/><W30/><G25/><T16/><D122/><U102/><E87/><V27/><F36/><W46/><G46/><T75/><D75/><U22/><E125/><V100/><F77/><W83/><G83/><T129/><D129/><U132/><E10/><V128/><F128/><W23/><G95/><T94/><D55/><U67/><E67/><V110/><F110/><W63/><G63/><T72/><D72/><U61/><E0/><V114/><F114/><W135/><G135/><N who="1" m="51786" /><E109/><V124/><F124/><W105/><G99/><T76/><D29/><U40/><E40/><V18/><REACH who="2" step="1"/><F21/><REACH who="2" ten="428,270,152,140" step="2"/><W130/><G130/><T43/><D116/><U1/><E22/><V39/><F39/><W35/><G35/><T48/><D32/><U11/><E33/><V82/><F82/><W120/><G120/><T112/><D76/><U31/><E34/><V15/><F15/><W98/><G105/><AGARI ba="0,1" hai="18,20,27,42,45,50,69,70,81,84,89,97,100,105" machi="105" ten="30,7700,0" yaku="1,1,7,1,52,2,53,0" doraHai="64" doraHaiUra="134" who="2" fromWho="3" sc="428,0,270,0,152,87,140,-77" />
</Scene>
<Scene>
<INIT seed="4,0,0,4,0,125" ten="428,270,239,63" oya="0" hai0="42,70,71,19,84,25,23,126,62,41,46,10,120" hai1="58,38,102,29,32,60,86,36,15,135,117,48,43" hai2="85,106,91,4,47,128,79,111,55,89,72,21,107" hai3="51,110,119,45,31,129,65,127,40,28,95,0,53"/><T124/><D120/><U14/><E117/><V131/><F4/><W34/><G119/><T54/><D42/><U81/><E102/><V134/><F111/><W6/><G110/><T114/><D114/><U56/><E135/><V1/><F1/><W50/><G127/><N who="0" m="48683" /><D84/><U67/><E32/><V17/><F72/><W57/><G31/><T12/><D54/><N who="1" m="31815" /><E38/><V37/><F79/><W9/><G28/><N who="0" m="17471" /><D62/><U30/><E36/><AGARI ba="0,0" hai="10,12,19,36,41,46,70,71" m="17471,48683" machi="36" ten="30,1500,0" yaku="18,1" doraHai="125" who="0" fromWho="1" sc="428,15,270,-15,239,0,63,0" />
</Scene>
<Scene>
<INIT seed="4,1,0,5,2,128" ten="443,255,239,63" oya="0" hai0="31,28,63,49,53,89,2,56,95,44,127,131,113" hai1="76,92,0,34,119,96,83,19,4,99,102,108,105" hai2="74,12,111,13,73,57,46,134,97,21,47,55,77" hai3="64,122,90,98,115,8,129,1,110,41,16,42,87"/><T72/><D72/><U58/><E34/><V32/><F32/><W3/><G110/><T114/><D131/><U120/><E108/><V126/><F111/><W132/><G129/><T18/><D127/><U78/><E120/><V10/><F126/><W6/><G115/><N who="0" m="44043" /><D18/><U85/><E119/><V27/><F97/><W45/><G122/><T37/><D2/><U36/><E36/><V123/><F123/><W30/><G1/><T7/><D7/><U93/><E19/><V133/><F77/><N who="1" m="29801" /><E58/><V68/><F68/><W35/><G64/><N who="0" m="39015" /><D37/><U86/><E4/><N who="2" m="3143" /><F13/><W62/><G98/><AGARI ba="1,0" hai="28,31,44,49,53,89,95,98" m="39015,44043" machi="98" ten="30,1500,0" yaku="15,1" doraHai="128" who="0" fromWho="3" sc="443,18,255,0,239,0,63,-18" />
</Scene>
<Scene>
<INIT seed="4,2,0,2,4,118" ten="461,255,239,45" oya="0" hai0="107,65,77,85,97,99,91,68,133,16,26,83,88" hai1="104,42,14,123,3,34,130,15,33,135,5,101,30" hai2="108,32,120,48,106,125,66,41,4,17,98,113,20" hai3="52,6,129,1,80,35,58,12,117,53,112,18,124"/><T29/><D133/><U10/><E42/><V54/><F32/><N who="1" m="12393" /><E101/><V62/><F108/><W69/><G117/><T95/><D29/><U46/><E46/><V86/><F4/><W74/><G35/><T44/><D107/><U8/><E104/><V72/><F72/><W39/><G69/><T43/><D65/><U73/><E73/><V114/><F41/><W84/><G112/><N who="2" m="43113" /><F86/><W87/><G39/><T27/><D68/><U25/><E135/><V82/><F82/><W23/><G129/><T63/><D63/><U36/><E36/><V79/><F79/><W21/><G124/><T64/><D64/><U28/><E130/><V11/><F125/><W110/><G110/><T59/><D59/><U102/><E102/><N who="2" m="62807" /><F11/><W60/><G23/><T0/><D0/><U76/><E76/><V89/><F89/><W103/><G103/><T19/><D91/><U50/><E10/><V56/><F66/><W78/><G1/><T57/><D97/><U109/><E109/><V67/><F67/><W71/><G71/><T61/><D43/><U51/><E3/><V24/><F62/><W92/><G6/><T7/><D7/><U127/><E127/><V90/><F90/><W49/><REACH who="3" step="1"/><G92/><REACH who="3" ten="461,255,239,35" step="2"/><T116/><D116/><U40/><E5/><V121/><AGARI ba="2,1" hai="17,20,24,48,54,56,120,121" m="62807,43113" machi="121" ten="30,4000,0" yaku="15,1,52,2" doraHai="118" who="2" fromWho="2" sc="461,-22,255,-12,239,56,35,-12" />
</Scene>
<Scene>
<INIT seed="5,0,0,0,3,28" ten="439,243,295,23" oya="1" hai0="90,9,119,98,92,63,44,58,112,102,50,12,126" hai1="74,132,13,125,99,52,17,56,109,84,36,3,86" hai2="7,51,80,87,107,75,15,134,83,117,57,129,104" hai3="62,131,26,81,123,120,61,41,18,94,40,121,1"/><U127/><E74/><V67/><F117/><W88/><G1/><T16/><D119/><U53/><E3/><V133/><F75/><W78/><G131/><T135/><D112/><U115/><E36/><V37/><F37/><W97/><G61/><T71/><D71/><U100/><E115/><V22/><F129/><W2/><G2/><T69/><D69/><U48/><E132/><N who="2" m="50795" /><F67/><W128/><G128/><T34/><D34/><U106/><E109/><V66/><F66/><W47/><G62/><T14/><D14/><U35/><E35/><V38/><F38/><W39/><G41/><N who="0" m="24847" /><D126/><N who="1" m="48139" /><E53/><N who="2" m="31935" /><F83/><W72/><G123/><T103/><D135/><U91/><E91/><N who="2" m="51687" /><F22/><AGARI ba="0,0" hai="13,17,22,48,52,56,84,86,99,100,106" m="48139" machi="22" ten="30,2900,0" yaku="18,1,54,1" doraHai="28" who="1" fromWho="2" sc="439,0,243,29,295,-29,23,0" />
</Scene>
<Scene>
<INIT seed="5,1,0,5,3,134" ten="439,272,266,23" oya="1" hai0="61,81,104,102,107,80,128,132,93,73,31,17,135" hai1="24,125,56,19,76,124,47,88,120,10,98,116,129" hai2="133,78,119,72,82,22,68,12,90,49,30,87,41" hai3="54,6,113,25,117,23,121,97,32,95,33,38,46"/><U118/><E120/><V39/><F119/><W64/><G121/><T0/><D128/><U79/><E47/><V91/><F133/><N who="0" m="51274" /><D0/><U77/><E56/><V51/><F68/><W8/><G117/><N who="1" m="45162" /><E24/><V67/><F67/><W36/><G113/><T1/><D1/><U2/><E19/><V103/><F103/><W111/><G111/><T26/><D17/><U126/><E129/><V115/><F115/><W4/><G4/><T58/><D73/><U101/><E2/><V34/><F34/><W92/><G92/><T59/><D93/><N who="1" m="56615" /><E10/><V9/><F30/><W100/><G38/><T62/><D59/><U45/><E45/><N who="2" m="25775" /><F39/><W3/><G64/><T70/><D70/><U84/><E101/><V53/><F22/><W43/><REACH who="3" step="1"/><G54/><REACH who="3" ten="439,272,266,13" step="2"/><N who="0" m="34007" /><D102/><U20/><E20/><V66/><F66/><W60/><G60/><T5/><D62/><U7/><E7/><V114/><F114/><W85/><G85/><AGARI ba="1,1" hai="76,77,79,84,85,124,125,126" m="56615,45162" machi="85" ten="40,18000,2" yaku="18,1,34,2,52,3,54,1" doraHai="134" who="1" fromWho="3" sc="439,0,272,193,266,0,13,-183" owari="439,24.0,465,56.0,266,-13.0,-170,-67.0" />
</Scene>
</mjloggm>