<mjloggm ver="2.3"><GO type="33"/><UN n0="%E3%81%BB%E3%81%AD%E3%81%B6%E3%81%A8" n1="%E3%82%AE%E3%82%B3%E7%8C%AB" n2="%E6%B7%B1%E6%B0%B4%E8%97%8D" n3="%E5%A4%AA%E3%81%8F%E3%81%AA%E3%81%84%E3%81%8A" dan="13,14,15,13" rate="1867,1926,1970,1936" sx="M,M,F,M"/><TAIKYOKU oya="0"/>

<Scene>
<INIT seed="0,0,0,5,3,134" ten="250,250,250,250" oya="0" hai0="41,92,72,70,10,37,40,60,17,59,85,73,67" hai1="129,124,21,109,63,68,80,18,91,120,4,74,61" hai2="9,96,84,127,6,20,132,78,27,86,32,110,114" hai3="14,58,79,56,75,118,0,83,104,122,77,2,50"/><T3/><D70/><U35/><E120/><V51/><F32/><W125/><G118/><T49/><D37/><U33/><E109/><V65/><F114/><W62/><G104/><T28/><D28/><U102/><E102/><V13/><F110/><W131/><G122/><T55/><D73/><U107/><E107/><V116/><F116/><W57/><G131/><T5/><D72/><U7/><E129/><V69/><F132/><W1/><G77/><T82/><D92/><U43/><E43/><V38/><F38/><W113/><G113/><T112/><D112/><U106/><E106/><V108/><F69/><W130/><G130/><T31/><D31/><U44/><E44/><V115/><F65/><W12/><G50/><T45/><REACH who="0" step="1"/><D17/><REACH who="0" ten="240,250,250,250" step="2"/><U36/><E36/><V29/><F115/><W103/><G75/><T47/><D47/><U98/><E74/><V48/><F108/><W89/><G57/><T94/><D94/><U39/><E39/><V81/><F29/><W30/><G30/><T64/><D64/><U71/><E71/><V15/><F96/><W121/><G58/><T8/><D8/><U19/><E68/><V90/><F9/><W119/><G121/><T105/><D105/><U133/><E98/><V93/><F93/><W66/><G119/><T54/><D54/><U11/><E11/><V100/><F86/><W34/><G66/><T123/><D123/><U128/><E128/><V53/><F84/><W76/><G56/><T16/><D16/><U52/><E19/><V23/><F23/><W135/><G135/><T24/><D24/><U25/><E21/><RYUUKYOKU ba="0,1" sc="240,30,250,-10,250,-10,250,-10" hai0="3,5,10,40,41,45,49,55,59,60,67,82,85" />
</Scene>
<Scene>
<INIT seed="0,1,1,2,5,85" ten="270,240,240,240" oya="0" hai0="35,74,94,120,98,75,49,26,7,67,72,100,3" hai1="13,70,53,34,78,87,61,45,92,113,59,115,63" hai2="23,131,83,96,28,119,97,130,62,16,66,14,30" hai3="2,89,76,81,125,1,38,47,46,95,32,135,103"/><T25/><D120/><U5/><E34/><V10/><F119/><W58/><G32/><T54/><D67/><U111/><E45/><V88/><F10/><W4/><G103/><T80/><D35/><U109/><E5/><V69/><F97/><W22/><G125/><T112/><D112/><N who="1" m="43083" /><E13/><V123/><F123/><W71/><G71/><T91/><D7/><U6/><E6/><V57/><F69/><W118/><G118/><T36/><D36/><U33/><E33/><V39/><F39/><W60/><G22/><T18/><D3/><U37/><E37/><V121/><F121/><W8/><G2/><T90/><D18/><U86/><E78/><V0/><F0/><W117/><G117/><T73/><N who="0" m="18944" /><DORA hai="27" /><T65/><D65/><N who="1" m="41279" /><E92/><N who="2" m="56327" /><F83/><W40/><G81/><T107/><D80/><U84/><AGARI ba="1,1" hai="53,59,61,84,86,87,109,111" m="41279,43083" machi="84" ten="40,1500,0" yaku="11,1" doraHai="85,27" who="1" fromWho="1" sc="270,-8,240,28,240,-5,240,-5" />
</Scene>
<Scene>
<INIT seed="1,0,0,0,1,68" ten="262,268,235,235" oya="1" hai0="1,74,3,118,108,5,91,86,100,66,71,64,124" hai1="65,109,20,10,24,62,135,126,85,56,80,38,128" hai2="122,21,19,57,115,26,99,29,131,89,34,42,41" hai3="39,90,132,129,113,114,40,133,16,53,111,51,107"/><U43/><E128/><V75/><F122/><W60/><G107/><T36/><D118/><U48/><E135/><N who="3" m="51786" /><G129/><T103/><D74/><U6/><E126/><V120/><F131/><W81/><G111/><T22/><D108/><U102/><E109/><V119/><F120/><W73/><G60/><T44/><D124/><U49/><E102/><V78/><F119/><W30/><G30/><T47/><D22/><U25/><E38/><V8/><F115/><W76/><G90/><T18/><D18/><U105/><E105/><V63/><F78/><W7/><G7/><T23/><D23/><U69/><E69/><V82/><F75/><W79/><G79/><T46/><D71/><U95/><E95/><N who="2" m="56815" /><F82/><W98/><G98/><T127/><D127/><U83/><E43/><V27/><F8/><W2/><G2/><T31/><D100/><U94/><E94/><V72/><F72/><W125/><G125/><T35/><D103/><U116/><E116/><V106/><F106/><W97/><G97/><T123/><D123/><U117/><E117/><V104/><F104/><W32/><G32/><T58/><D3/><U61/><E61/><V50/><F50/><N who="1" m="19561" /><E85/><V11/><F11/><W52/><G39/><T14/><D36/><U13/><E25/><V54/><AGARI ba="0,0" hai="19,21,26,27,29,34,41,42,54,57,63" m="56815" machi="54" ten="30,1100,0" yaku="25,1" doraHai="68" who="2" fromWho="2" sc="262,-3,268,-5,235,11,235,-3" />
</Scene>
<Scene>
<INIT seed="2,0,0,1,0,96" ten="259,263,246,232" oya="2" hai0="104,24,39,116,33,79,71,87,49,70,73,62,80" hai1="32,121,61,54,27,127,125,65,52,133,82,112,110" hai2="67,31,43,98,132,66,130,20,111,76,131,91,108" hai3="36,21,95,74,119,3,93,55,45,23,120,53,58"/><V83/><F43/><W128/><G120/><T60/><D87/><U124/><E112/><V26/><F132/><W19/><G119/><T134/><D134/><U86/><E133/><V10/><F10/><W13/><G74/><T88/><D116/><U126/><E121/><V2/><F2/><W101/><G3/><T78/><D39/><U117/><E117/><V38/><F38/><W18/><G128/><N who="2" m="49193" /><F91/><W41/><G101/><T107/><D88/><N who="1" m="51287" /><E110/><N who="2" m="42027" /><F98/><W15/><REACH who="3" step="1"/><G55/><REACH who="3" ten="259,263,246,222" step="2"/><T92/><D107/><U90/><E127/><V75/><AGARI ba="0,1" hai="20,26,31,66,67,75,76,83" m="42027,49193" machi="75" ten="30,6000,0" yaku="19,1,14,1,10,1" doraHai="96" who="2" fromWho="2" sc="259,-20,263,-20,246,70,222,-20" />
</Scene>
<Scene>
<INIT seed="2,1,0,5,3,115" ten="239,243,316,202" oya="2" hai0="77,70,113,100,66,5,51,106,41,107,19,72,38" hai1="121,17,123,58,26,40,54,34,64,86,126,117,12" hai2="20,33,132,84,18,101,91,68,48,95,63,118,56" hai3="47,127,129,83,65,85,80,76,7,36,116,2,112"/><V74/><F33/><W111/><G112/><T14/><D113/><U29/><E126/><V125/><F74/><W120/><G120/><N who="1" m="46154" /><E40/><V3/><F3/><W71/><G127/><T11/><D51/><N who="1" m="31071" /><E86/><V45/><F125/><W135/><G111/><T27/><D100/><U102/><E102/><V105/><F68/><W128/><G135/><T124/><D124/><U24/><E64/><N who="2" m="39015" /><F105/><W93/><G65/><T61/><D41/><U98/><E98/><N who="2" m="59615" /><F132/><W133/><G71/><T49/><D38/><U6/><E26/><V44/><F48/><W104/><G104/><T73/><D49/><U35/><E6/><V52/><F52/><W89/><G133/><T122/><D122/><U81/><E35/><V134/><F134/><W62/><G62/><T13/><D27/><U110/><E24/><N who="2" m="14359" /><F118/><W31/><G116/><T53/><D53/><U8/><E34/><V109/><F109/><W59/><G59/><T108/><D108/><U60/><E117/><V67/><F67/><W43/><G2/><T131/><D73/><U9/><E110/><V88/><F91/><W30/><G89/><T10/><D106/><U46/><E46/><V75/><F75/><W42/><G47/><T1/><D107/><U96/><E60/><V22/><F22/><W92/><G36/><T82/><REACH who="0" step="1"/><D1/><REACH who="0" ten="229,243,316,202" step="2"/><U79/><E12/><V37/><F37/><W97/><G43/><T25/><D25/><U57/><E57/><V114/><F114/><W23/><G42/><T50/><D50/><U90/><E29/><V15/><F15/><W94/><G31/><T4/><D4/><U39/><E39/><RYUUKYOKU ba="1,1" sc="229,15,243,-15,316,15,202,-15" hai0="5,10,11,13,14,19,61,66,70,72,77,82,131" hai2="44,45,84,88" />
</Scene>
<Scene>
<INIT seed="2,2,1,3,3,78" ten="244,228,331,187" oya="2" hai0="118,27,49,133,71,83,22,94,104,18,93,126,76" hai1="88,98,111,80,124,105,110,84,30,9,40,73,113" hai2="119,8,101,48,85,37,107,135,102,129,53,131,70" hai3="109,51,28,79,120,132,32,97,65,130,44,69,103"/><V35/><F37/><W20/><G120/><T86/><D104/><U54/><E113/><V127/><F70/><W99/><G109/><N who="1" m="41482" /><E40/><V34/><F119/><W122/><G122/><T91/><D118/><U13/><E30/><V12/><F135/><W57/><G32/><N who="2" m="12329" /><F85/><W66/><G69/><T114/><D126/><U117/><E117/><V38/><F107/><W39/><G39/><T115/><D133/><U24/><E24/><V14/><F38/><W23/><G132/><T1/><D71/><U96/><E124/><V33/><F33/><W82/><G130/><N who="2" m="49673" /><F14/><W81/><G79/><T61/><D1/><U67/><E105/><V50/><F50/><W116/><G116/><T19/><D49/><U87/><E87/><V45/><F127/><W58/><G51/><T125/><D125/><U25/><E13/><V128/><F128/><W31/><G44/><T7/><D7/><AGARI ba="2,1" hai="7,8,12,45,48,53,101,102" m="49673,12329" machi="7" ten="30,1500,0" yaku="19,1" doraHai="78" who="2" fromWho="0" sc="244,-21,228,0,331,31,187,0" />
</Scene>
<Scene>
<INIT seed="2,3,0,4,5,124" ten="223,228,362,187" oya="2" hai0="58,131,132,34,127,29,25,70,55,95,68,121,17" hai1="51,22,26,24,113,78,38,8,5,84,10,128,35" hai2="75,65,47,72,67,57,48,40,56,112,23,85,91" hai3="52,62,44,42,115,46,125,50,83,93,71,7,73"/><V11/><F112/><W21/><G115/><T106/><D121/><U116/><E113/><V74/><F11/><W98/><G125/><T79/><D127/><U28/><E38/><V13/><F13/><W43/><G7/><T3/><D106/><U94/><E116/><V96/><F96/><W45/><G21/><T2/><D132/><U82/><E5/><V118/><F23/><W111/><G111/><T89/><D79/><U27/><E128/><V39/><F118/><W100/><G73/><T86/><D131/><U119/><E119/><V76/><F76/><W66/><REACH who="3" step="1"/><G83/><REACH who="3" ten="223,228,362,177" step="2"/><T16/><D2/><U99/><E22/><V36/><F74/><W81/><G81/><T33/><D3/><U31/><E82/><V108/><F75/><W1/><G1/><T37/><D34/><U129/><E35/><V59/><F72/><W102/><G102/><T130/><D130/><U63/><E129/><V103/><F103/><W6/><G6/><T123/><D123/><U109/><E109/><V101/><F101/><W92/><G92/><T87/><D95/><U90/><E94/><V117/><F108/><W53/><G53/><T105/><D105/><U107/><E107/><V0/><F0/><W97/><G97/><T122/><D122/><U19/><E99/><V88/><F117/><W126/><G126/><T104/><D104/><U80/><E80/><V18/><F85/><N who="0" m="32266" /><D55/><U15/><E84/><V77/><F77/><W30/><G30/><T32/><D29/><U61/><E31/><V135/><F135/><W60/><G60/><T54/><D32/><U9/><E28/><RYUUKYOKU ba="3,1" sc="223,-10,228,-10,362,-10,177,30" hai3="42,43,44,45,46,50,52,62,66,71,93,98,100" />
</Scene>
<Scene>
<INIT seed="3,4,1,0,0,2" ten="213,218,352,207" oya="3" hai0="115,66,7,111,64,9,19,57,125,128,81,37,130" hai1="10,108,133,134,106,45,42,15,120,114,25,109,110" hai2="54,73,60,79,51,47,55,50,97,67,52,71,59" hai3="126,99,91,34,78,28,49,122,46,102,1,33,69"/><W72/><G122/><T112/><D37/><N who="1" m="21711" /><E120/><V13/><F73/><W74/><G69/><T86/><D111/><U17/><E114/><N who="0" m="43561" /><D125/><U103/><E25/><V40/><F79/><W35/><G126/><T23/><D23/><U29/><E29/><V113/><F113/><W105/><G1/><N who="0" m="239" /><D19/><U4/><E17/><V68/><F97/><AGARI ba="4,1" hai="4,10,15,97,103,106,108,109,110,133,134" m="21711" machi="97" ten="40,2600,0" yaku="14,1,52,1" doraHai="2" who="1" fromWho="2" sc="213,0,218,48,352,-38,207,0" owari="213,-19.0,266,7.0,314,41.0,207,-29.0" />
</Scene>
</mjloggm>