<mjloggm ver="2.3"><GO type="193"/><UN n0="%4C%61%7A" n1="%61%72%69%75%65%40" n2="%E3%81%AA%E3%82%81%E3%82%A6%E3%82%B5%E3%82%AE" n3="%E5%A4%AA%E3%81%8F%E3%81%AA%E3%81%84%E3%81%8A" dan="11,12,13,12" rate="1626,1605,1772,1962" sx="M,M,M,M"/><TAIKYOKU oya="0"/>

<Scene>
<INIT seed="0,0,0,3,4,48" ten="250,250,250,250" oya="0" hai0="59,39,4,7,87,14,62,61,65,26,107,91,11" hai1="78,93,25,38,36,67,8,50,76,64,113,77,46" hai2="51,111,104,90,82,28,134,17,79,118,71,58,117" hai3="133,52,68,84,85,103,110,18,24,128,45,60,88"/><T70/><D39/><U92/><E113/><V73/><F71/><W109/><G103/><T124/><D107/><U41/><E8/><V116/><F28/><W114/><BYE who="2" /><G114/><T99/><D124/><U119/><E119/><V112/><F112/><W10/><G128/><T81/><D99/><U83/><E25/><V56/><F56/><N who="3" m="34823" /><G68/><T19/><REACH who="0" step="1"/><D26/><REACH who="0" ten="240,250,250,250" step="2"/><U130/><E130/><V44/><F44/><W29/><G45/><T98/><D98/><U53/><E36/><V108/><F108/><W40/><G109/><T34/><D34/><U132/><E132/><V135/><F135/><W101/><G110/><UN n2="%E3%81%AA%E3%82%81%E3%82%A6%E3%82%B5%E3%82%AE" /><T43/><D43/><U69/><E38/><V115/><F111/><W3/><G40/><T89/><D89/><U42/><E41/><V37/><F37/><W57/><G88/><T105/><D105/><U27/><E42/><V66/><F115/><W129/><G133/><T9/><D9/><U12/><E27/><V33/><F134/><W96/><G10/><T131/><D131/><U21/><E69/><V15/><F33/><W30/><G96/><T63/><D63/><U16/><REACH who="1" step="1"/><E83/><REACH who="1" ten="240,240,250,250" step="2"/><V125/><F118/><W97/><G24/><T80/><D80/><U74/><E74/><V95/><F117/><W6/><G129/><T100/><D100/><U47/><E47/><V55/><F116/><W123/><G101/><T1/><D1/><U72/><E72/><V20/><F104/><W120/><G3/><T49/><D49/><U22/><E22/><V2/><F125/><W31/><G31/><T106/><D106/><U0/><E0/><V127/><F127/><RYUUKYOKU ba="0,2" sc="240,15,240,15,250,-15,250,-15" hai0="4,7,11,14,19,59,61,62,65,70,81,87,91" hai1="12,16,21,46,50,53,64,67,76,77,78,92,93" />
</Scene>
<Scene>
<INIT seed="0,1,2,2,3,22" ten="255,255,235,235" oya="0" hai0="101,2,91,38,15,40,131,117,5,110,70,65,71" hai1="3,21,111,118,54,14,18,69,63,62,67,44,4" hai2="112,39,113,79,107,116,92,115,59,60,97,83,12" hai3="86,47,36,25,78,122,105,9,130,19,127,23,13"/><T98/><D117/><U37/><E118/><V26/><F39/><W56/><G105/><T49/><D38/><U61/><E111/><V102/><F116/><W80/><G130/><T48/><D2/><U28/><E28/><V24/><F107/><W27/><G127/><T7/><D131/><U41/><REACH who="1" step="1"/><E54/><REACH who="1" ten="255,245,235,235" step="2"/><V81/><F79/><W68/><G122/><T8/><D110/><U1/><E1/><V109/><F109/><W134/><G134/><T126/><D126/><U74/><E74/><V32/><F115/><W77/><G77/><T10/><D65/><U34/><E34/><V0/><F113/><W104/><G78/><T55/><D40/><U53/><E53/><V57/><F0/><W135/><G135/><T94/><D91/><U129/><E129/><V16/><F32/><W11/><G36/><T132/><D132/><U123/><E123/><V17/><F112/><W42/><G42/><T99/><D55/><U85/><E85/><V103/><F97/><W133/><G86/><T43/><D43/><U35/><E35/><V114/><F114/><W96/><G133/><T128/><D128/><U64/><E64/><V20/><F60/><W125/><G96/><T90/><D98/><U106/><E106/><V82/><F20/><W31/><G104/><T45/><D90/><U30/><E30/><V46/><F46/><W6/><G31/><T89/><D89/><U121/><E121/><V120/><F120/><W50/><G47/><T84/><D84/><U93/><E93/><V87/><F92/><W51/><G125/><T88/><D88/><U100/><E100/><RYUUKYOKU ba="1,3" sc="255,-10,245,30,235,-10,235,-10" hai1="3,4,14,18,21,37,41,44,61,62,63,67,69" />
</Scene>
<Scene>
<INIT seed="1,2,3,4,1,122" ten="245,275,225,225" oya="1" hai0="17,107,1,23,117,40,130,28,89,8,5,63,110" hai1="24,15,106,104,115,60,61,128,93,121,135,30,34" hai2="77,87,3,109,125,70,96,134,18,0,58,22,6" hai3="41,100,69,74,53,21,108,16,62,95,19,132,113"/><U52/><E121/><V118/><F70/><W47/><G113/><T32/><D117/><U97/><E115/><V45/><F118/><W119/><G119/><T67/><D107/><U66/><E135/><V38/><F134/><W123/><G74/><T131/><D40/><U68/><E128/><N who="0" m="49193" /><D89/><U80/><E80/><V59/><F125/><W105/><G123/><T127/><D127/><U81/><E81/><V55/><F59/><N who="3" m="35183" /><G105/><T129/><D67/><U85/><E85/><V10/><F96/><N who="3" m="59423" /><G69/><T44/><D44/><U124/><E15/><V50/><F109/><W99/><G99/><T120/><D63/><U25/><E25/><V103/><F103/><W114/><G114/><T94/><D94/><U76/><E76/><V112/><F112/><W9/><G132/><T88/><D88/><U78/><E78/><V20/><F20/><W64/><G64/><T98/><D98/><U11/><E11/><V35/><F35/><W2/><G2/><T91/><D91/><U26/><E26/><V48/><F38/><W33/><G33/><T46/><D120/><U56/><REACH who="1" step="1"/><E124/><REACH who="1" ten="245,265,225,225" step="2"/><V31/><F77/><W71/><G9/><T7/><D129/><U116/><E116/><V43/><F87/><W57/><G21/><T14/><D7/><U82/><E82/><V86/><F86/><W90/><G19/><T92/><D92/><U75/><E75/><V84/><F84/><W83/><G16/><T42/><D1/><U36/><E36/><V13/><F31/><W29/><G29/><T51/><D5/><U4/><E4/><V37/><F37/><W39/><G83/><RYUUKYOKU ba="2,4" sc="245,-15,265,15,225,15,225,-15" hai1="24,30,34,52,56,60,61,66,68,93,97,104,106" hai2="0,3,6,10,13,18,22,43,45,48,50,55,58" />
</Scene>
<Scene>
<INIT seed="1,3,4,1,0,99" ten="230,280,240,210" oya="1" hai0="52,78,43,125,117,7,133,68,4,97,87,104,59" hai1="21,107,90,24,110,112,69,48,35,105,29,54,102" hai2="76,111,46,98,77,129,58,23,82,62,114,74,13" hai3="88,2,121,106,109,67,120,101,37,80,116,132,72"/><U91/><E112/><V100/><F77/><N who="3" m="44071" /><G67/><T25/><D117/><U39/><E39/><V66/><F114/><W94/><G2/><T20/><D68/><U85/><E69/><V8/><F111/><W131/><G37/><T135/><D43/><U128/><E110/><V50/><F129/><W113/><G109/><T71/><D125/><U60/><E128/><V81/><F81/><W30/><G30/><T115/><D71/><U73/><E73/><V22/><F50/><W83/><G113/><T93/><D115/><U28/><E28/><V84/><F74/><W18/><G18/><T61/><D104/><U38/><E38/><V31/><F46/><W63/><G63/><T86/><D78/><U134/><E134/><N who="0" m="51209" /><D7/><U92/><E107/><V53/><F53/><W103/><G132/><T6/><D6/><U41/><E105/><V89/><F76/><W70/><G70/><T36/><D36/><U27/><E35/><V124/><F124/><W5/><G5/><T45/><D45/><N who="1" m="25647" /><E24/><V56/><F56/><W95/><G131/><T49/><D49/><U34/><E34/><V17/><F31/><W64/><G106/><AGARI ba="3,4" hai="8,13,17,22,23,58,62,66,82,84,89,98,100,106" machi="106" ten="30,2000,0" yaku="7,1,52,1" doraHai="99" who="2" fromWho="3" sc="230,0,280,0,240,69,210,-29" />
</Scene>
<Scene>
<INIT seed="2,0,0,2,4,78" ten="230,280,309,181" oya="2" hai0="11,112,104,71,100,99,23,116,82,95,72,62,91" hai1="54,70,56,121,52,16,85,93,90,43,109,18,41" hai2="131,110,67,21,42,89,76,1,102,48,105,46,58" hai3="69,134,0,15,81,87,12,50,122,36,5,126,26"/><V9/><F76/><W22/><G36/><T20/><D116/><U45/><E70/><V57/><F131/><W97/><G122/><T117/><D117/><U84/><E121/><V77/><F77/><W111/><G69/><T106/><D112/><U53/><E109/><V13/><F110/><W66/><G111/><T86/><D11/><U2/><E2/><V24/><F1/><W28/><G126/><T37/><D37/><U68/><E68/><V83/><F105/><W51/><G134/><T55/><D71/><U128/><E128/><V29/><F102/><W79/><G66/><T88/><D91/><U19/><E43/><V6/><F67/><W63/><G63/><T107/><D72/><U59/><REACH who="1" step="1"/><E85/><AGARI ba="0,0" hai="6,9,13,21,24,29,42,46,48,57,58,83,85,89" machi="85" ten="40,3900,0" yaku="8,1,52,1" doraHai="78" who="2" fromWho="1" sc="230,0,280,-39,309,39,181,0" />
</Scene>
<Scene>
<INIT seed="2,1,0,0,3,2" ten="230,241,348,181" oya="2" hai0="28,70,100,54,123,97,12,57,84,16,96,89,51" hai1="7,116,135,71,81,50,17,4,49,1,65,118,74" hai2="23,114,117,6,80,120,5,119,46,122,66,76,109" hai3="56,25,41,134,113,20,82,22,53,104,69,63,77"/><V115/><F66/><W90/><G104/><T27/><D123/><N who="2" m="47146" /><F46/><W59/><G134/><T132/><D70/><U32/><E118/><N who="2" m="45067" /><F80/><W58/><G113/><N who="2" m="43017" /><F76/><W34/><G41/><T9/><D132/><U47/><E81/><V33/><F23/><W72/><G90/><T107/><D107/><U36/><E135/><V93/><F93/><W68/><G34/><T0/><D0/><U88/><E32/><V108/><F33/><W75/><G75/><T38/><D38/><U43/><E74/><V42/><F42/><W11/><G22/><N who="0" m="15479" /><D100/><U13/><E1/><V44/><F44/><W133/><G133/><T83/><AGARI ba="1,0" hai="9,12,16,51,54,57,83,84,89,96,97" m="15479" machi="83" ten="30,2000,0" yaku="8,1,54,1" doraHai="2" who="0" fromWho="0" sc="230,23,241,-6,348,-11,181,-6" />
</Scene>
<Scene>
<INIT seed="3,0,0,4,5,70" ten="253,235,337,175" oya="3" hai0="127,97,112,33,91,35,54,124,115,83,119,25,90" hai1="92,51,68,130,13,110,11,95,17,65,62,120,117" hai2="43,44,46,121,37,101,15,93,20,31,77,96,69" hai3="26,67,61,52,9,76,6,106,24,23,71,81,66"/><W18/><G106/><T133/><D119/><U57/><E120/><V128/><F69/><W40/><G40/><T109/><D54/><U132/><E117/><V78/><F121/><W5/><G67/><T60/><D60/><U1/><E1/><V53/><F128/><W74/><G52/><T12/><D12/><U72/><E72/><V59/><F46/><W100/><G100/><T14/><D14/><U129/><E132/><V64/><F64/><W22/><REACH who="3" step="1"/><G9/><REACH who="3" ten="253,235,337,165" step="2"/><T103/><D133/><U55/><REACH who="1" step="1"/><E110/><REACH who="1" ten="253,225,337,165" step="2"/><V28/><F28/><AGARI ba="0,2" hai="5,6,18,22,23,24,26,28,61,66,71,74,76,81" machi="28" ten="30,5800,0" yaku="1,1,2,1,7,1,53,0" doraHai="70" doraHaiUra="89" who="3" fromWho="2" sc="253,0,225,0,337,-58,165,78" />
</Scene>
<Scene>
<INIT seed="3,1,0,0,0,130" ten="253,225,279,243" oya="3" hai0="76,119,74,44,50,77,103,20,9,25,85,89,57" hai1="95,54,53,131,51,87,32,135,127,60,81,82,7" hai2="99,65,80,6,13,78,68,23,8,15,49,0,122" hai3="100,129,116,35,61,12,108,46,124,117,94,58,121"/><W39/><G121/><T79/><D119/><U3/><E131/><V41/><F122/><W18/><G35/><T101/><D57/><U64/><E32/><V133/><F133/><W83/><G129/><T86/><D9/><U109/><E135/><V97/><F0/><W2/><G2/><T120/><D120/><U106/><E109/><V62/><F15/><W31/><G31/><T21/><D74/><U126/><E106/><V36/><F36/><W102/><G108/><T14/><D14/><U48/><E3/><V34/><F34/><W33/><G33/><T128/><D128/><U40/><E7/><V84/><F23/><N who="0" m="8778" /><D25/><U67/><E40/><V110/><F110/><W47/><G124/><T59/><D59/><U10/><E10/><V24/><F24/><W43/><G46/><AGARI ba="1,0" hai="6,8,13,41,46,49,62,65,68,78,80,84,97,99" machi="46" ten="40,2600,0" yaku="25,2" doraHai="130" who="2" fromWho="3" sc="253,0,225,0,279,29,243,-29" owari="253,5.0,225,-17.0,308,41.0,214,-29.0" />
</Scene>
</mjloggm>