<mjloggm ver="2.3"><GO type="169"/><UN n0="%E7%82%BA%E5%A4%AA%E9%83%8E" n1="%E5%A4%AA%E3%81%8F%E3%81%AA%E3%81%84%E3%81%8A" n2="%E5%AF%BE%E5%AD%90%E3%81%AE%E7%8E%8B%E6%A7%98" n3="%6B%79%6F%6E%6B%6F%31%31" dan="16,16,17,16" rate="2036,2101,2124,2077" sx="M,M,M,M"/><TAIKYOKU oya="0"/>

<Scene>
<INIT seed="0,0,0,2,2,47" ten="250,250,250,250" oya="0" hai0="130,75,93,11,128,87,96,3,125,122,59,83,64" hai1="0,1,51,111,135,80,29,16,49,116,94,120,44" hai2="133,8,131,95,109,103,34,15,61,108,77,57,62" hai3="55,106,101,13,107,24,124,89,20,48,71,78,84"/><T126/><D122/><U66/><E120/><V33/><F77/><W117/><G71/><T76/><D3/><U88/><E116/><V134/><F103/><W25/><G117/><T6/><D6/><U42/><E29/><V39/><F39/><W68/><G68/><T102/><D11/><U123/><E123/><V63/><F95/><W14/><G124/><N who="0" m="47723" /><D59/><U70/><E111/><N who="2" m="42571" /><F57/><W82/><G25/><T22/><D22/><U9/><E135/><N who="2" m="51723" /><F131/><N who="0" m="50218" /><D64/><U4/><E80/><V69/><F69/><W121/><G121/><T7/><D7/><AGARI ba="0,0" hai="7,8,15,33,34,61,62,63" m="51723,42571" machi="7" ten="40,2600,0" yaku="14,1,20,1" doraHai="47" who="2" fromWho="0" sc="250,-26,250,0,250,26,250,0" />
</Scene>
<Scene>
<INIT seed="1,0,0,4,5,6" ten="224,250,276,250" oya="1" hai0="65,44,14,105,93,118,53,43,91,19,50,75,126" hai1="90,49,100,78,32,87,124,52,46,57,47,116,88" hai2="134,129,1,80,36,10,83,12,97,15,55,51,70" hai3="69,38,79,114,71,102,89,27,67,7,131,48,121"/><U5/><E116/><V110/><F36/><W95/><G38/><T4/><D118/><U63/><E32/><V54/><F70/><W34/><G114/><T82/><D105/><U17/><E124/><V22/><F1/><W21/><G34/><T24/><D126/><U133/><E133/><V103/><F134/><W92/><G121/><T26/><D65/><U2/><E100/><V109/><F129/><W11/><G79/><T0/><D0/><U84/><E2/><V77/><F22/><W45/><G102/><T98/><D4/><U117/><E117/><V13/><F10/><W64/><G71/><T76/><D43/><U39/><E5/><V132/><F132/><W107/><G107/><T99/><D99/><U130/><E130/><V127/><F127/><W120/><G120/><T61/><D61/><U40/><E17/><V37/><F37/><W72/><G72/><T85/><D75/><U35/><E35/><V104/><F83/><W106/><G92/><T73/><D73/><U96/><E96/><V23/><F23/><AGARI ba="0,0" hai="14,19,23,24,26,44,50,53,76,82,85,91,93,98" machi="23" ten="30,2000,0" yaku="7,1,8,1" doraHai="6" who="0" fromWho="2" sc="224,20,250,0,276,-20,250,0" />
</Scene>
<Scene>
<INIT seed="2,0,0,1,1,6" ten="244,250,256,250" oya="2" hai0="71,41,81,25,37,96,35,85,93,83,78,15,73" hai1="133,110,122,118,23,74,58,26,40,88,128,95,24" hai2="103,38,125,49,117,94,108,36,12,98,77,127,45" hai3="99,16,129,132,134,62,5,22,79,47,126,56,115"/><V48/><F117/><W59/><G115/><T82/><D71/><U57/><E118/><V63/><F77/><W100/><G126/><N who="2" m="48137" /><F108/><W105/><G129/><T33/><D33/><U131/><E74/><V72/><F72/><W31/><G31/><T54/><D37/><N who="2" m="14442" /><F63/><W27/><G79/><T107/><D41/><U135/><E40/><N who="2" m="24615" /><F12/><W34/><G47/><T123/><D123/><U101/><E122/><V51/><AGARI ba="0,0" hai="49,51,94,98,103" m="24615,14442,48137" machi="51" ten="40,2100,0" yaku="18,1" doraHai="6" who="2" fromWho="2" sc="244,-7,250,-7,256,21,250,-7" />
</Scene>
<Scene>
<INIT seed="2,1,0,3,2,18" ten="237,243,277,243" oya="2" hai0="130,118,4,59,35,128,95,71,78,56,80,106,94" hai1="10,123,103,22,25,99,65,105,96,77,27,57,47" hai2="19,97,89,15,91,1,8,12,75,63,3,52,119" hai3="5,37,62,23,45,31,83,120,108,90,11,131,102"/><V64/><F119/><W122/><G102/><T107/><D118/><U110/><E110/><V116/><F116/><W51/><G37/><T41/><D35/><U44/><E123/><V124/><F75/><W121/><G108/><T50/><D71/><U67/><E77/><V132/><F132/><W9/><G131/><N who="0" m="50219" /><D4/><U84/><E84/><V117/><F117/><W70/><G70/><T93/><D41/><U81/><E81/><V30/><F30/><W127/><G127/><T61/><D50/><U100/><E10/><V13/><F124/><W0/><G11/><T88/><D56/><U125/><E125/><V92/><F91/><W6/><G6/><T29/><D29/><U7/><E7/><V2/><REACH who="2" step="1"/><F52/><REACH who="2" ten="237,243,267,243" step="2"/><N who="3" m="29807" /><G122/><T17/><D78/><U112/><E112/><V26/><F26/><N who="3" m="16863" /><G121/><T46/><D46/><U58/><E105/><V82/><F82/><W115/><G115/><T76/><D107/><U24/><E27/><V68/><AGARI ba="1,1" hai="1,2,3,8,12,13,15,19,63,64,68,89,92,97" machi="68" ten="30,3000,0" yaku="1,1,0,1,53,0" doraHai="18" doraHaiUra="104" who="2" fromWho="2" sc="237,-11,243,-11,267,43,243,-11" />
</Scene>
<Scene>
<INIT seed="2,2,0,5,3,1" ten="226,232,310,232" oya="2" hai0="81,132,119,73,103,94,45,101,12,26,51,67,38" hai1="121,118,25,43,29,108,65,89,111,134,19,74,8" hai2="7,116,49,56,63,79,87,107,66,60,41,61,90" hai3="71,3,92,28,35,115,39,11,36,58,32,33,117"/><V128/><F116/><W99/><G117/><T30/><D119/><U4/><E118/><RYUUKYOKU type="kaze4" ba="2,0" sc="226,0,232,0,310,0,232,0" />
</Scene>
<Scene>
<INIT seed="2,3,0,5,0,48" ten="226,232,310,232" oya="2" hai0="134,127,63,67,100,84,62,23,16,99,91,109,71" hai1="81,105,17,128,85,112,8,47,70,15,86,72,6" hai2="101,110,41,46,37,108,18,104,116,26,113,24,50" hai3="98,93,103,76,28,54,60,132,68,34,89,20,11"/><V120/><F113/><W131/><G34/><T61/><D109/><N who="2" m="42090" /><F120/><W5/><G131/><T57/><D134/><U80/><E112/><V74/><F116/><W49/><G132/><T122/><D127/><U35/><E105/><V40/><F74/><W30/><G76/><T117/><D117/><U2/><E70/><V87/><F87/><W129/><G129/><T97/><D63/><U126/><E128/><V52/><F18/><W106/><G20/><T45/><D45/><U130/><E130/><V12/><F12/><W13/><G60/><T135/><D122/><U14/><E126/><V115/><F115/><W111/><G68/><T94/><D100/><U119/><E119/><V90/><F90/><W107/><G111/><T95/><D95/><U43/><E72/><V10/><F10/><W59/><REACH who="3" step="1"/><G107/><REACH who="3" ten="226,232,310,222" step="2"/><T64/><REACH who="0" step="1"/><D135/><REACH who="0" ten="216,232,310,222" step="2"/><U88/><E35/><V32/><F32/><W7/><G7/><T73/><D73/><U25/><E6/><V114/><F114/><W39/><G39/><T75/><D75/><U3/><E8/><V53/><F37/><W58/><G58/><T29/><D29/><U92/><E47/><V78/><F46/><W56/><G56/><T21/><D21/><U65/><E65/><V44/><F44/><W133/><G133/><T102/><D102/><U38/><E38/><V66/><F101/><W79/><G79/><T125/><D125/><U42/><E42/><V82/><F104/><W27/><G27/><AGARI ba="3,2" hai="16,23,27,57,61,62,64,67,71,84,91,94,97,99" machi="27" ten="30,3900,0" yaku="1,1,7,1,54,1,53,0" doraHai="48" doraHaiUra="1" who="0" fromWho="3" sc="216,68,232,0,310,0,222,-48" />
</Scene>
<Scene>
<INIT seed="3,0,0,1,5,52" ten="284,232,310,174" oya="3" hai0="14,54,132,60,61,49,93,128,36,2,103,47,10" hai1="83,97,96,67,23,124,113,84,131,20,16,77,94" hai2="105,30,56,129,18,37,104,86,38,3,125,68,72" hai3="111,87,26,133,69,55,112,99,43,82,15,6,13"/><W51/><G112/><T107/><D2/><U58/><E113/><V119/><F72/><W34/><G69/><T59/><D107/><U62/><E124/><V65/><F68/><W71/><G71/><T74/><D74/><U24/><E131/><V121/><F30/><W40/><G133/><T21/><D132/><U22/><REACH who="1" step="1"/><E97/><REACH who="1" ten="284,222,310,174" step="2"/><V75/><F125/><W66/><G111/><T100/><D128/><U27/><E27/><V57/><F129/><W31/><G66/><T41/><D103/><AGARI ba="0,1" hai="16,20,22,23,24,58,62,67,77,83,84,94,96,103" machi="103" ten="30,12000,2" yaku="1,1,7,1,8,1,52,1,54,1,53,1" doraHai="52" doraHaiUra="76" who="1" fromWho="0" sc="284,-120,222,130,310,0,174,0" />
</Scene>
<Scene>
<INIT seed="4,0,0,0,0,126" ten="164,352,310,174" oya="0" hai0="5,82,114,93,69,120,90,46,79,134,41,122,97" hai1="7,19,85,60,94,49,111,64,86,50,75,128,81" hai2="124,84,38,8,83,61,9,35,36,26,88,54,77" hai3="27,96,6,3,80,130,113,129,47,37,106,119,13"/><T135/><D69/><U71/><E111/><V104/><F104/><W2/><G119/><T67/><D67/><U116/><E116/><V117/><F117/><W59/><G113/><T105/><D5/><U31/><E7/><V91/><F124/><W65/><G27/><T68/><D68/><U92/><E31/><V15/><F9/><N who="3" m="4279" /><G80/><T87/><D114/><U118/><E118/><V62/><F62/><N who="3" m="38111" /><G37/><T43/><D43/><U73/><E64/><V40/><F38/><W22/><G22/><T76/><D46/><U66/><E81/><V125/><F125/><W56/><G56/><T33/><D33/><U121/><E66/><V23/><F35/><W89/><G47/><T52/><D52/><U110/><E110/><V53/><F40/><W12/><G12/><T58/><D58/><U70/><E60/><V28/><F36/><W131/><G89/><N who="2" m="34377" /><F61/><W133/><G133/><N who="0" m="50699" /><D41/><U98/><E71/><V95/><F95/><W18/><G18/><AGARI ba="0,0" hai="8,15,18,23,26,28,53,54,77,83,84" m="34377" machi="18" ten="30,2000,0" yaku="8,1,54,1" doraHai="126" who="2" fromWho="3" sc="164,0,352,0,310,20,174,-20" />
</Scene>
<Scene>
<INIT seed="5,0,0,1,3,125" ten="164,352,330,154" oya="1" hai0="37,24,0,107,84,16,17,90,62,103,57,46,132" hai1="104,68,67,61,74,41,40,18,106,51,26,77,44" hai2="82,58,101,117,45,39,111,63,99,22,76,121,38" hai3="14,89,59,102,123,12,10,119,116,120,11,48,98"/><U64/><E64/><V69/><F69/><W80/><G59/><T30/><D0/><U28/><E41/><V131/><F117/><N who="3" m="45131" /><G48/><T7/><D7/><U15/><E77/><V54/><F111/><W19/><G89/><T112/><D112/><U35/><REACH who="1" step="1"/><E74/><REACH who="1" ten="164,342,330,154" step="2"/><V42/><F76/><W47/><G120/><T88/><D132/><U49/><E49/><V34/><F42/><W6/><G123/><T25/><D37/><U52/><E52/><V4/><F54/><W110/><G110/><T95/><D46/><U8/><AGARI ba="0,1" hai="8,15,18,26,28,35,40,44,51,61,67,68,104,106" machi="8" ten="20,3900,0" yaku="1,1,0,1,7,1,53,0" doraHai="125" doraHaiUra="85" who="1" fromWho="1" sc="164,-13,342,49,330,-13,154,-13" />
</Scene>
<Scene>
<INIT seed="5,1,0,4,4,95" ten="151,391,317,141" oya="1" hai0="119,122,11,53,15,89,116,108,66,118,134,105,49" hai1="74,126,79,94,124,6,93,25,28,106,34,90,84" hai2="43,128,52,109,117,133,81,132,2,30,78,64,88" hai3="57,91,83,21,107,7,24,41,35,120,38,80,63"/><U115/><E106/><V99/><F117/><W10/><G35/><T20/><D108/><U110/><E110/><V70/><F109/><W45/><G91/><T40/><D40/><U0/><E115/><V73/><F2/><W125/><G125/><N who="1" m="48234" /><E74/><V46/><F30/><W130/><G107/><T29/><D134/><N who="2" m="51818" /><F128/><W54/><G120/><T103/><D66/><U104/><E104/><V92/><F64/><W16/><REACH who="3" step="1"/><G130/><REACH who="3" ten="151,391,317,131" step="2"/><T113/><D122/><U14/><E90/><V13/><F70/><W33/><G33/><T85/><D113/><U87/><E34/><V55/><F13/><AGARI ba="1,1" hai="7,10,13,16,21,24,38,41,45,54,57,63,80,83" machi="13" ten="30,3900,0" yaku="1,1,7,1,54,1,53,0" doraHai="95" doraHaiUra="131" who="3" fromWho="2" sc="151,0,391,0,317,-42,131,52" />
</Scene>
<Scene>
<INIT seed="6,0,0,2,2,5" ten="151,391,275,183" oya="2" hai0="108,84,109,56,107,91,73,104,42,27,79,128,28" hai1="66,31,29,21,40,95,59,65,126,63,43,24,111" hai2="123,96,10,58,54,61,47,102,129,82,14,87,93" hai3="2,52,122,46,68,49,16,110,37,120,30,13,119"/><V62/><F129/><W39/><G119/><T77/><D128/><U70/><E111/><V74/><F123/><W133/><G110/><T118/><D118/><U51/><E126/><V100/><F74/><W105/><G105/><T112/><D112/><U97/><E31/><V22/><F22/><W135/><G30/><T0/><D0/><U124/><E124/><V99/><F47/><W98/><G98/><T72/><D42/><U69/><E51/><V80/><F62/><W7/><G7/><T121/><D56/><U45/><E45/><V33/><F33/><W15/><G15/><T116/><D116/><U1/><E1/><V12/><F12/><W6/><G6/><T75/><D27/><U17/><E17/><V92/><F87/><W23/><G2/><T85/><D28/><U101/><E66/><V32/><F32/><W67/><G67/><T117/><D117/><U11/><E11/><V134/><F134/><N who="3" m="51211" /><G68/><AGARI ba="0,0" hai="21,24,29,40,43,59,63,65,68,69,70,95,97,101" machi="68" ten="40,2600,0" yaku="25,2" doraHai="5" who="1" fromWho="3" sc="151,0,391,26,275,0,183,-26" />
</Scene>
<Scene>
<INIT seed="7,0,0,5,0,77" ten="151,417,275,157" oya="3" hai0="54,11,90,71,125,59,124,18,46,89,50,55,78" hai1="14,102,16,88,44,135,70,64,45,95,122,63,114" hai2="34,2,30,86,6,73,24,0,107,8,69,48,83" hai3="37,94,9,113,52,80,129,117,98,84,32,28,121"/><W72/><G117/><T101/><D71/><U105/><E122/><V38/><F69/><W66/><G121/><T76/><D101/><U26/><E114/><V131/><F107/><W29/><G72/><T13/><D78/><U20/><E135/><V91/><F38/><W85/><G113/><T12/><D76/><U115/><E115/><V127/><F131/><W108/><G37/><T15/><D15/><U4/><E102/><V133/><F133/><W43/><G43/><T60/><D13/><U1/><E1/><V103/><F103/><N who="3" m="60887" /><G32/><T119/><D119/><U36/><E105/><V128/><F128/><W33/><G33/><T109/><D109/><U82/><E82/><V40/><F73/><W22/><G129/><T21/><D21/><U62/><E62/><V99/><F99/><W100/><G100/><T53/><D53/><U19/><E4/><V130/><F130/><W23/><G66/><T56/><D46/><U112/><E36/><V75/><F75/><W120/><G120/><T27/><D27/><U5/><E5/><V93/><F2/><W87/><G108/><T92/><D92/><U74/><E74/><V68/><F68/><W49/><G9/><T65/><D65/><U134/><E134/><V47/><F93/><W104/><G104/><T67/><D67/><U97/><E112/><V42/><F40/><W31/><G80/><T118/><D118/><U123/><E123/><V111/><F111/><W51/><G52/><T132/><D132/><U116/><E116/><V10/><F8/><AGARI ba="0,0" hai="8,14,16,19,20,26,44,45,63,64,70,88,95,97" machi="8" ten="30,3900,0" yaku="7,1,54,2" doraHai="77" who="1" fromWho="2" sc="151,0,417,39,275,-39,157,0" owari="151,-35.0,456,55.0,236,4.0,157,-24.0" />
</Scene>
</mjloggm>