<mjloggm ver="2.3"><GO type="169"/><UN n0="%E5%8F%8D%E9%99%BD%E5%AD%90%E3%81%95%E3%82%93" n1="%E3%81%99%E3%81%9F%E3%83%BC%E3%82%89%E3%81%84%E3%81%A8%E3%81%B3%E3%83%BC" n2="%E3%81%A4%E3%81%B0%E3%81%8D%E3%81%A1%30%33" n3="%E5%A4%AA%E3%81%8F%E3%81%AA%E3%81%84%E3%81%8A" dan="18,17,16,17" rate="2245,2163,2142,2132" sx="F,F,M,M"/><TAIKYOKU oya="0"/>

<Scene>
<INIT seed="0,0,0,1,4,120" ten="250,250,250,250" oya="0" hai0="90,99,31,73,20,65,46,0,134,47,34,98,88" hai1="19,69,15,37,101,71,104,92,8,48,24,38,5" hai2="118,14,13,27,3,108,97,68,135,10,30,123,49" hai3="29,16,83,96,107,50,89,87,78,45,62,76,119"/><T63/><D0/><U1/><E104/><V126/><F68/><W54/><G119/><T127/><D73/><U43/><E24/><V72/><F72/><W75/><G29/><T28/><D34/><U51/><E51/><V11/><F123/><W25/><G75/><T17/><D134/><U121/><E121/><V6/><F97/><N who="0" m="36874" /><D127/><U103/><E92/><V32/><F49/><W110/><G62/><T128/><D128/><U100/><E48/><V12/><F126/><W84/><G110/><T111/><D111/><U79/><E79/><V86/><F86/><W109/><G109/><T82/><D65/><U124/><E124/><V85/><F85/><W64/><G64/><T129/><D129/><U33/><E33/><V74/><F74/><W116/><G116/><T122/><D63/><U7/><E43/><V57/><F108/><W113/><G113/><T21/><D122/><U81/><E1/><V102/><F102/><W60/><G60/><T44/><D82/><U67/><E81/><V70/><F70/><W26/><G87/><T42/><D42/><U40/><E40/><V59/><F118/><W56/><G107/><T77/><D77/><N who="3" m="29801" /><G96/><T23/><D17/><U9/><E67/><V117/><F117/><W52/><G16/><T18/><D18/><U114/><E19/><N who="2" m="8599" /><F135/><W112/><G112/><T131/><D131/><U130/><E130/><V53/><F59/><W36/><G36/><N who="1" m="13930" /><E114/><V4/><F4/><W35/><G35/><T133/><D133/><U115/><E115/><V94/><F94/><W58/><G56/><T95/><D95/><U106/><E106/><RYUUKYOKU ba="0,0" sc="250,0,250,0,250,0,250,0" hai0="20,21,23,28,31,44,46,47,88,90" hai1="5,7,8,9,15,69,71,100,101,103" hai2="3,6,11,13,14,27,30,32,53,57" hai3="25,26,45,50,52,54,58,83,84,89" />
</Scene>
<Scene>
<INIT seed="0,1,0,5,5,134" ten="250,250,250,250" oya="0" hai0="39,56,12,98,19,111,40,104,47,15,18,90,91" hai1="97,117,121,103,58,32,8,41,125,6,124,76,75" hai2="114,26,133,89,21,13,108,9,127,82,7,83,113" hai3="118,3,16,84,57,116,5,128,80,46,38,24,72"/><T61/><D111/><U53/><E32/><V93/><F133/><W29/><G128/><T0/><D0/><U132/><E132/><V88/><F108/><W129/><G129/><T33/><D33/><U100/><E117/><V54/><F114/><W49/><G57/><T120/><D120/><U94/><E121/><V74/><F113/><W69/><G69/><T65/><D104/><U25/><E41/><V66/><F66/><W106/><G106/><T78/><D78/><U79/><E25/><V45/><F74/><W130/><G130/><T27/><D27/><U48/><E100/><V81/><F127/><N who="1" m="48713" /><E75/><V20/><F26/><W60/><G72/><T10/><REACH who="0" step="1"/><D98/><REACH who="0" ten="240,250,250,250" step="2"/><U115/><E115/><V4/><F13/><AGARI ba="1,1" hai="6,8,13,48,53,58,76,79,94,97,103" m="48713" machi="13" ten="30,7700,0" yaku="18,1,52,3" doraHai="134" who="1" fromWho="2" sc="240,0,250,90,250,-80,250,0" />
</Scene>
<Scene>
<INIT seed="1,0,0,4,4,86" ten="240,340,170,250" oya="1" hai0="52,104,102,128,5,48,50,29,32,89,49,9,2" hai1="107,134,83,87,10,42,112,120,21,35,18,6,66" hai2="97,56,132,17,19,61,33,99,43,77,36,90,127" hai3="85,94,25,41,62,24,0,115,122,4,133,101,44"/><U46/><E120/><V106/><F33/><W96/><G122/><T105/><D128/><U64/><E112/><V68/><F68/><W54/><G115/><T63/><D29/><U34/><E107/><V73/><F132/><W1/><G133/><T20/><D32/><U88/><E35/><V13/><F127/><W131/><G131/><T123/><D123/><U74/><E74/><V23/><F73/><W16/><G4/><T57/><D102/><U116/><E34/><V70/><F77/><W111/><G111/><T38/><D38/><U7/><E134/><V129/><F70/><W119/><G119/><T28/><REACH who="0" step="1"/><D89/><REACH who="0" ten="230,340,170,250" step="2"/><U60/><E116/><V40/><F90/><W3/><G101/><T69/><D69/><U108/><E108/><V92/><F129/><W65/><G1/><T78/><D78/><U27/><E10/><V135/><F36/><W114/><G0/><T31/><D31/><U125/><E125/><V103/><F135/><W15/><G3/><T76/><D76/><U93/><E6/><V67/><F106/><W58/><G114/><T45/><D45/><U53/><E7/><V14/><REACH who="2" step="1"/><F99/><REACH who="2" ten="230,340,160,250" step="2"/><W110/><G96/><T117/><D117/><U30/><E88/><V84/><F84/><W22/><G110/><T11/><D11/><AGARI ba="0,2" hai="11,13,14,17,19,23,40,43,56,61,67,92,97,103" machi="11" ten="30,3900,0" yaku="1,1,7,1,8,1,53,0" doraHai="86" doraHaiUra="113" who="2" fromWho="0" sc="230,-39,340,0,160,59,250,0" />
</Scene>
<Scene>
<INIT seed="2,0,0,0,3,135" ten="191,340,219,250" oya="2" hai0="119,92,59,48,134,3,10,95,70,13,46,122,12" hai1="9,21,80,18,27,98,104,47,6,23,42,22,31" hai2="17,40,53,97,0,132,85,131,77,91,76,105,7" hai3="39,32,83,11,94,89,28,14,8,45,81,102,115"/><V51/><F40/><W126/><G102/><T4/><D122/><U26/><E80/><V5/><F132/><W103/><G103/><T109/><D134/><U61/><E61/><V110/><F105/><W133/><G133/><T72/><D70/><U36/><E104/><V65/><F0/><W84/><G115/><T49/><D72/><U114/><E98/><V75/><F97/><W117/><G117/><T34/><D34/><U60/><E60/><V57/><F75/><W78/><G28/><T113/><D113/><U38/><E114/><V66/><F17/><W127/><G32/><T96/><D119/><U41/><E18/><V44/><F131/><W106/><G106/><T120/><D120/><U107/><E107/><V108/><F77/><W37/><G83/><T88/><D109/><N who="2" m="42090" /><F76/><W68/><G68/><T74/><D95/><U56/><E42/><V29/><F29/><W63/><G37/><T130/><D74/><U121/><E38/><V24/><F24/><W93/><G39/><T62/><D130/><U118/><E27/><V54/><F65/><W82/><G78/><T15/><REACH who="0" step="1"/><D46/><REACH who="0" ten="181,340,219,250" step="2"/><U33/><E118/><V87/><F44/><W1/><G45/><T90/><D90/><U43/><E121/><V55/><F91/><W101/><G89/><T67/><AGARI ba="0,1" hai="3,4,10,12,13,15,48,49,59,62,67,88,92,96" machi="67" ten="30,7900,0" yaku="1,1,0,1,54,1,53,1" doraHai="135" doraHaiUra="52" who="0" fromWho="0" sc="181,89,340,-20,219,-39,250,-20" />
</Scene>
<Scene>
<INIT seed="3,0,0,2,5,94" ten="270,320,180,230" oya="3" hai0="85,98,58,90,102,74,123,84,64,44,134,26,78" hai1="61,48,43,75,88,17,41,56,11,2,59,36,35" hai2="105,110,40,65,127,1,95,25,21,6,135,96,69" hai3="120,13,117,16,7,55,79,81,8,125,28,39,45"/><W53/><G120/><T130/><D123/><U51/><E35/><V131/><F40/><W106/><G117/><T87/><D130/><U86/><E75/><V76/><F76/><W126/><G28/><T73/><D44/><U14/><E2/><V52/><F110/><W34/><G34/><T12/><D134/><U63/><E36/><V77/><F77/><W15/><G106/><T9/><D26/><U89/><E48/><V93/><F65/><W33/><G33/><T133/><D133/><U66/><E51/><V128/><F69/><W111/><G111/><T82/><D64/><N who="1" m="38951" /><E89/><V62/><F127/><N who="3" m="48651" /><G45/><T30/><D58/><U112/><E112/><V122/><F122/><W114/><G39/><T124/><D30/><U71/><E71/><V83/><F135/><W67/><G67/><T50/><D50/><U18/><E17/><N who="2" m="12463" /><F6/><W0/><G114/><T4/><D124/><U22/><E11/><V32/><F32/><W119/><G119/><T70/><D70/><U132/><E132/><V91/><F131/><W37/><G37/><T60/><D60/><U97/><E41/><V109/><F109/><W10/><G0/><T113/><D113/><U31/><E43/><V49/><F1/><W99/><G99/><T72/><REACH who="0" step="1"/><D90/><REACH who="0" ten="260,320,180,230" step="2"/><U100/><E88/><V24/><F91/><W46/><G46/><T27/><D27/><U3/><E31/><V23/><F24/><W104/><G55/><T115/><D115/><U47/><E47/><V108/><F52/><W129/><G129/><T19/><D19/><U80/><E66/><V121/><F128/><W103/><G53/><RYUUKYOKU ba="0,1" sc="260,30,320,-10,180,-10,230,-10" hai0="4,9,12,72,73,74,78,82,84,85,87,98,102" />
</Scene>
<Scene>
<INIT seed="4,1,1,2,4,119" ten="290,310,170,220" oya="0" hai0="13,20,4,93,79,75,51,23,82,70,67,95,8" hai1="66,64,21,65,69,43,44,107,80,55,108,117,19" hai2="122,38,103,113,76,100,84,47,2,25,0,37,116" hai3="68,3,5,63,32,49,74,12,109,104,57,111,7"/><T112/><D112/><U115/><E107/><V15/><F25/><W97/><G74/><T123/><D123/><U1/><E1/><V131/><F15/><W72/><G72/><T130/><D130/><U61/><E117/><V36/><F116/><W40/><G3/><T53/><D67/><U26/><E108/><V39/><F122/><W114/><G32/><T134/><D70/><U73/><E115/><V125/><F0/><W126/><G114/><T28/><D134/><U135/><E135/><V14/><F2/><W87/><G68/><T71/><D71/><U17/><E55/><V59/><F131/><W99/><G87/><T128/><D128/><U50/><E73/><V90/><F76/><W18/><G126/><T106/><D106/><U121/><E121/><V56/><F125/><W124/><G124/><T9/><D9/><U127/><E127/><V94/><F113/><W45/><G109/><T118/><D118/><U81/><E61/><V77/><F77/><W58/><G58/><T132/><D132/><U101/><E101/><V62/><F59/><W22/><G111/><T34/><D34/><U89/><E89/><V41/><REACH who="2" step="1"/><F14/><REACH who="2" ten="290,310,160,220" step="2"/><W129/><G129/><T6/><D13/><U16/><E69/><V27/><F27/><W98/><REACH who="3" step="1"/><G104/><REACH who="3" ten="290,310,160,210" step="2"/><T91/><D75/><U10/><E10/><V35/><F35/><W105/><G105/><T133/><D8/><U33/><E33/><V60/><F60/><W52/><AGARI ba="1,3" hai="5,7,12,18,22,40,45,49,52,57,63,97,98,99" machi="52" ten="30,8000,1" yaku="1,1,0,1,8,1,54,1,53,1" doraHai="119" doraHaiUra="42" who="3" fromWho="3" sc="290,-41,310,-21,160,-21,210,113" />
</Scene>
<Scene>
<INIT seed="5,0,0,0,3,68" ten="249,289,139,323" oya="1" hai0="121,5,58,135,59,44,32,85,43,55,69,77,40" hai1="75,134,79,125,11,112,114,82,38,54,108,17,2" hai2="49,1,84,98,102,80,92,111,27,46,126,131,36" hai3="128,88,13,116,18,3,99,35,41,115,81,70,6"/><U20/><E134/><V53/><F111/><W33/><G70/><T133/><D32/><U19/><E108/><V29/><F131/><W110/><G110/><T97/><D5/><U122/><E122/><V47/><F126/><W105/><G41/><N who="0" m="15947" /><D97/><U34/><E34/><V74/><F1/><W129/><G6/><T104/><D85/><U42/><E125/><V37/><F46/><W64/><G3/><T118/><D77/><U28/><E28/><V25/><F74/><W72/><G72/><T73/><D104/><U9/><E54/><V48/><F48/><W66/><G105/><T130/><D73/><U15/><E9/><V39/><REACH who="2" step="1"/><F29/><REACH who="2" ten="249,289,129,323" step="2"/><W124/><G124/><T60/><D130/><U107/><E2/><V76/><AGARI ba="0,1" hai="25,27,36,37,39,47,49,53,76,80,84,92,98,102" machi="76" ten="30,12000,2" yaku="1,1,2,1,0,1,52,3,53,0" doraHai="68" doraHaiUra="0" who="2" fromWho="2" sc="249,-30,289,-60,129,130,323,-30" />
</Scene>
<Scene>
<INIT seed="6,0,0,2,3,56" ten="219,229,259,293" oya="2" hai0="135,125,75,128,101,31,35,47,26,46,28,113,117" hai1="23,122,65,29,105,115,92,16,45,58,91,86,81" hai2="133,94,80,14,107,41,15,79,99,119,118,74,110" hai3="121,22,54,33,97,9,3,83,131,50,78,59,103"/><V120/><F120/><W67/><G33/><T132/><D75/><U1/><E1/><V63/><F41/><W39/><G39/><T12/><D113/><U123/><E115/><V76/><F76/><W25/><G121/><N who="1" m="46090" /><E105/><V95/><F133/><N who="0" m="51274" /><D117/><U88/><E29/><V134/><F134/><W98/><G131/><T96/><D31/><U61/><E45/><V18/><F14/><W70/><G3/><T89/><D128/><U53/><E65/><V90/><F110/><W112/><G9/><T8/><D89/><N who="1" m="53303" /><E81/><V111/><F111/><W72/><G112/><T100/><D125/><U104/><E104/><V44/><F107/><W20/><G103/><N who="0" m="39499" /><D96/><U71/><E71/><V108/><F108/><W51/><G97/><T57/><D57/><U19/><E19/><AGARI ba="0,0" hai="8,12,19,26,28,35,46,47" m="39499,51274" machi="19" ten="30,1000,0" yaku="20,1" doraHai="56" who="0" fromWho="1" sc="219,10,229,-10,259,0,293,0" />
</Scene>
<Scene>
<INIT seed="7,0,0,4,4,39" ten="229,219,259,293" oya="3" hai0="8,107,66,131,26,4,27,97,127,56,62,135,54" hai1="110,98,105,38,114,53,84,103,1,113,74,58,44" hai2="59,52,75,18,47,49,65,90,64,67,73,14,88" hai3="99,40,117,48,31,24,35,34,11,128,123,81,115"/><W93/><G123/><T121/><D121/><U122/><E122/><V2/><F2/><W116/><G35/><T10/><D127/><U41/><E74/><V16/><F73/><W106/><G106/><T92/><D107/><U46/><E1/><V126/><F75/><W100/><G115/><N who="1" m="44042" /><E110/><V15/><F126/><W28/><G28/><T36/><D36/><U82/><E46/><V89/><F47/><W25/><G25/><T129/><D135/><U19/><E19/><AGARI ba="0,0" hai="14,15,16,18,19,49,52,59,64,65,67,88,89,90" machi="19" ten="40,8000,1" yaku="8,1,54,3" doraHai="39" who="2" fromWho="1" sc="229,0,219,-80,259,80,293,0" owari="229,-17.0,139,-36.0,339,44.0,293,9.0" />
</Scene>
</mjloggm>