<mjloggm ver="2.3"><GO type="169" lobby="0"/><UN n0="%EF%BC%A6%EF%BC%B8%E9%9B%80%E5%A3%AB" n1="%E3%82%AF%E3%83%A9" n2="%E3%81%AF%E3%82%86%E3%81%86" n3="%E5%A4%AA%E3%81%8F%E3%81%AA%E3%81%84%E3%81%8A" dan="17,16,16,18" rate="2194.76,2110.94,2068.85,2177.27" sx="M,M,M,F"/><TAIKYOKU oya="0"/>

<Scene>
<INIT seed="0,0,0,2,4,20" ten="250,250,250,250" oya="0" hai0="77,94,101,122,109,128,25,110,56,12,58,106,123" hai1="91,8,57,68,37,95,39,78,1,19,120,60,61" hai2="11,59,67,22,82,80,90,111,89,41,30,27,86" hai3="92,84,40,65,48,76,4,134,15,98,107,103,85"/><T133/><D77/><U42/><E120/><N who="0" m="46121" /><D12/><U44/><E78/><V28/><F111/><N who="0" m="42506" /><D106/><U7/><E68/><V121/><F121/><W26/><G107/><T115/><D128/><U17/><E39/><V105/><F105/><W21/><G76/><T117/><D133/><U9/><E9/><V73/><F73/><W131/><G131/><T113/><D25/><U32/><E32/><V104/><F104/><W13/><G134/><T99/><D58/><U62/><REACH who="1" step="1"/><E57/><REACH who="1" ten="250,240,250,250" step="2"/><V114/><F114/><N who="0" m="43530" /><D56/><U75/><E75/><V14/><F59/><W87/><G21/><T47/><D47/><U33/><E33/><V46/><F67/><W16/><G65/><T81/><D81/><U51/><E51/><V70/><F70/><W125/><G48/><T34/><D34/><U54/><E54/><V135/><F135/><W72/><G72/><T79/><D79/><U10/><E10/><V35/><F35/><W63/><G4/><T100/><D101/><U74/><E74/><V50/><F82/><W124/><G103/><T83/><D83/><U18/><E18/><V108/><F108/><W93/><G16/><T43/><D43/><U119/><E119/><AGARI ba="0,1" hai="94,99,100,117,119" m="43530,42506,46121" machi="119" ten="40,48000,5" yakuman="50" doraHai="20" who="0" fromWho="1" sc="250,490,240,-480,250,0,250,0" owari="740,84.0,-240,-74.0,250,5.0,250,-15.0" />
</Scene>
</mjloggm>