<mjloggm ver="2.3"><GO type="41"/><UN n0="%E5%A4%AA%E3%81%8F%E3%81%AA%E3%81%84%E3%81%8A" n1="%E9%B4%A8%E3%81%AD%E3%81%8E%E7%94%B7%E7%88%B5" n2="%43%41%52%54%49%45%52" n3="%E6%83%A3%E6%B5%81%E6%98%8E%E6%97%A5%E9%A6%99" dan="14,13,13,13" rate="2021,1812,1843,1813" sx="M,M,M,F"/><TAIKYOKU oya="0"/>

<Scene>
<INIT seed="0,0,0,3,3,95" ten="250,250,250,250" oya="0" hai0="47,66,81,55,8,54,107,100,10,31,111,119,75" hai1="70,101,120,118,1,49,23,33,64,67,117,86,63" hai2="38,9,32,116,122,68,85,105,24,17,7,57,93" hai3="35,14,132,16,96,125,12,53,108,59,99,76,78"/><T72/><D119/><U112/><E33/><V84/><F122/><W89/><G35/><T43/><D66/><U26/><E120/><V21/><F105/><W34/><G34/><T15/><D31/><U6/><E112/><V87/><F116/><W29/><G132/><T106/><D111/><U58/><E67/><V127/><F68/><W97/><G108/><T73/><D81/><U79/><E101/><V18/><F127/><W65/><G125/><T129/><D129/><U48/><E48/><V92/><F32/><W46/><G29/><T4/><D10/><U3/><E3/><V40/><F57/><W13/><G46/><T51/><REACH who="0" step="1"/><D107/><REACH who="0" ten="240,250,250,250" step="2"/><U110/><E118/><V69/><F69/><W52/><G65/><T44/><D44/><U115/><E117/><V19/><F92/><W27/><G89/><T98/><AGARI ba="0,1" hai="4,8,15,43,47,51,54,55,72,73,75,98,100,106" machi="98" ten="40,7800,0" yaku="1,1,0,1,52,1,53,0" doraHai="95" doraHaiUra="109" who="0" fromWho="0" sc="240,88,250,-26,250,-26,250,-26" />
</Scene>
<Scene>
<INIT seed="0,1,0,3,0,34" ten="328,224,224,224" oya="0" hai0="51,19,37,69,89,74,96,70,119,45,77,110,58" hai1="30,72,135,59,35,62,124,121,107,0,131,128,87" hai2="8,133,99,132,4,94,88,25,103,12,18,43,60" hai3="115,55,3,113,67,22,86,80,105,102,17,108,39"/><T90/><D119/><U97/><E72/><V38/><F38/><W129/><G39/><T1/><D37/><U66/><E121/><V23/><F43/><W127/><G67/><T91/><D110/><U53/><E87/><V44/><F44/><W104/><G108/><T71/><D58/><U36/><E36/><V78/><F78/><W33/><G33/><T47/><D96/><U20/><E124/><V14/><F60/><W93/><G127/><T2/><D19/><U40/><E40/><V76/><F76/><W21/><G129/><N who="1" m="49738" /><E35/><V16/><REACH who="2" step="1"/><F103/><REACH who="2" ten="328,224,214,224" step="2"/><W116/><G102/><T73/><D77/><U100/><E100/><V41/><F41/><W65/><G116/><T5/><D47/><U134/><E134/><V81/><F81/><W63/><G80/><T61/><D61/><U123/><E135/><V112/><F112/><W101/><G101/><T13/><D74/><U48/><E123/><V114/><F114/><W9/><G115/><T120/><D73/><U64/><E62/><V125/><F125/><W117/><G63/><T109/><D120/><U24/><E66/><V10/><AGARI ba="1,1" hai="4,8,10,12,14,16,18,23,25,88,94,99,132,133" machi="10" ten="30,8000,1" yaku="1,1,0,1,54,2,53,1" doraHai="34" doraHaiUra="85" who="2" fromWho="2" sc="328,-41,224,-21,214,93,224,-21" />
</Scene>
<Scene>
<INIT seed="1,0,0,1,0,113" ten="287,203,307,203" oya="1" hai0="70,54,75,107,53,90,10,15,42,9,37,68,91" hai1="22,14,69,101,105,50,78,47,98,36,133,62,127" hai2="27,52,16,85,82,24,48,7,93,43,120,51,83" hai3="129,0,135,59,97,56,34,128,92,117,38,4,131"/><U104/><E36/><V58/><F120/><W102/><G38/><T18/><D107/><U28/><E78/><V134/><F134/><W26/><G135/><T6/><D75/><U23/><E133/><V124/><F124/><W66/><G4/><T111/><D111/><U19/><E127/><V13/><F7/><W31/><G0/><T5/><D37/><U1/><E1/><V87/><F93/><W123/><G123/><T72/><D72/><U60/><E105/><V29/><F29/><W44/><G44/><T46/><D42/><U57/><E69/><V32/><F32/><W95/><G66/><T71/><D18/><U21/><E28/><V80/><F48/><W40/><G40/><T126/><D126/><U86/><E86/><N who="2" m="32779" /><F43/><W76/><G76/><T17/><D17/><U119/><E119/><V65/><F65/><W41/><G41/><T73/><D73/><U77/><E77/><V79/><F79/><W115/><G115/><T39/><D39/><U84/><E84/><V96/><F96/><W74/><G74/><T112/><D112/><U49/><E49/><V8/><AGARI ba="0,0" hai="8,13,16,24,27,51,52,58,80,82,83" m="32779" machi="8" ten="30,4000,0" yaku="8,1,54,2" doraHai="113" who="2" fromWho="2" sc="287,-10,203,-20,307,40,203,-10" />
</Scene>
<Scene>
<INIT seed="2,0,0,3,2,65" ten="277,183,347,193" oya="2" hai0="103,72,123,63,91,79,55,23,31,50,111,116,133" hai1="70,59,81,108,8,131,48,130,61,27,56,16,93" hai2="124,18,28,51,92,86,34,85,58,99,73,11,42" hai3="80,122,74,115,43,24,77,37,110,96,67,78,19"/><V2/><F73/><W62/><G122/><T112/><D123/><U69/><E108/><V132/><F132/><W54/><G110/><T101/><D111/><U113/><E113/><V53/><F124/><W68/><G115/><T38/><D112/><U1/><E1/><V125/><F125/><W87/><G96/><T20/><D38/><U25/><E81/><V47/><F28/><W109/><G109/><T83/><D133/><U105/><E105/><V36/><F34/><W0/><G0/><T10/><D116/><U14/><E93/><V129/><F129/><N who="1" m="49161" /><E48/><V41/><F41/><W66/><G66/><T4/><D91/><U46/><E46/><V22/><F2/><W75/><G24/><N who="1" m="9290" /><E59/><V76/><F11/><W82/><G87/><T118/><D118/><U128/><N who="1" m="49169" /><U94/><DORA hai="49" /><E94/><V17/><F76/><W97/><G97/><T135/><D135/><U5/><E5/><V104/><F104/><W13/><G13/><T100/><D31/><U90/><E90/><V52/><F53/><AGARI ba="0,0" hai="8,14,16,53,56,61,69,70" m="9290,49169" machi="53" ten="40,8000,1" yaku="19,1,52,3,54,1" doraHai="65,49" who="1" fromWho="2" sc="277,0,183,80,347,-80,193,0" />
</Scene>
<Scene>
<INIT seed="3,0,0,0,5,12" ten="277,263,267,193" oya="3" hai0="50,14,101,109,118,106,55,51,96,99,25,71,74" hai1="11,78,73,104,107,82,60,17,124,45,80,103,15" hai2="18,126,108,23,115,89,102,70,121,128,44,87,54" hai3="26,13,24,135,81,34,42,31,129,37,21,47,94"/><W127/><G135/><T27/><D118/><U92/><E124/><V93/><F115/><W66/><G127/><T2/><D2/><U84/><E45/><V64/><F126/><W85/><G129/><T98/><D109/><U5/><E5/><V90/><F108/><W57/><G13/><T130/><D130/><U52/><E103/><V48/><F128/><W56/><G94/><T33/><D74/><U28/><E28/><V53/><F102/><W83/><G66/><T79/><D79/><U91/><REACH who="1" step="1"/><E82/><REACH who="1" ten="277,253,267,193" step="2"/><V46/><F46/><W113/><G113/><T122/><D101/><U35/><E35/><V29/><F29/><W95/><G83/><T97/><D33/><U125/><E125/><V119/><F121/><W40/><G40/><T20/><D122/><U63/><E63/><V58/><F119/><W86/><G95/><T76/><D106/><U62/><E62/><V38/><F93/><W1/><G1/><T7/><D7/><U123/><E123/><V61/><F44/><W9/><G9/><T0/><D0/><U65/><E65/><V16/><F61/><W100/><G100/><T131/><D131/><U59/><AGARI ba="0,1" hai="11,15,17,52,59,60,73,78,80,84,91,92,104,107" machi="59" ten="30,7900,0" yaku="1,1,0,1,52,1,54,1,53,0" doraHai="12" doraHaiUra="120" who="1" fromWho="1" sc="277,-20,253,89,267,-20,193,-39" />
</Scene>
<Scene>
<INIT seed="4,0,0,2,5,83" ten="257,342,247,154" oya="0" hai0="19,17,105,123,57,45,132,60,100,64,128,118,12" hai1="77,126,25,67,58,35,2,112,130,85,48,41,10" hai2="32,81,55,5,51,26,6,93,135,40,23,4,13" hai3="71,31,20,84,27,61,120,28,73,75,1,110,125"/><T66/><D123/><U90/><E77/><V116/><F32/><W46/><G110/><T65/><D118/><U121/><E121/><V124/><F124/><W9/><G120/><T59/><D132/><U98/><E126/><V44/><F135/><W114/><G125/><T52/><D128/><U18/><E130/><V63/><F116/><W36/><G114/><T68/><D68/><U39/><E39/><V15/><F93/><W95/><G31/><T0/><D0/><U22/><E112/><V86/><F63/><W87/><G95/><T14/><D45/><U47/><E35/><V37/><F37/><W129/><G129/><T108/><D108/><U127/><E127/><V96/><F96/><W74/><G9/><N who="0" m="6287" /><D105/><U102/><E2/><V92/><F92/><W113/><G1/><T117/><D117/><U78/><E10/><V8/><F13/><W106/><G106/><T29/><D29/><U56/><E47/><V94/><F94/><W3/><G3/><T88/><D100/><U82/><E102/><V104/><F104/><W50/><G36/><T109/><D109/><U91/><E98/><V76/><F55/><W79/><G79/><T24/><D24/><U69/><E25/><V97/><F97/><W111/><G111/><T42/><D42/><U53/><E41/><V103/><F103/><W38/><G38/><T119/><D119/><U131/><E131/><V49/><F49/><W43/><REACH who="3" step="1"/><G113/><REACH who="3" ten="257,342,247,144" step="2"/><T62/><D88/><U7/><E90/><V122/><F122/><W34/><G34/><T80/><D80/><U72/><E91/><V54/><F40/><RYUUKYOKU ba="0,1" sc="257,10,342,-30,247,10,144,10" hai0="14,19,52,57,59,60,62,64,65,66" hai2="4,5,6,8,15,23,26,44,51,54,76,81,86" hai3="20,27,28,43,46,50,61,71,73,74,75,84,87" />
</Scene>
<Scene>
<INIT seed="4,1,1,4,0,71" ten="267,312,257,154" oya="0" hai0="13,64,113,127,38,97,8,107,52,66,32,124,21" hai1="110,104,92,114,34,57,116,28,18,58,63,94,105" hai2="109,49,39,83,98,121,45,60,81,72,91,41,65" hai3="76,128,24,54,3,14,17,22,37,77,112,10,55"/><T84/><D32/><U29/><E110/><V100/><F109/><W67/><G67/><T69/><D113/><U120/><E114/><V6/><F121/><W70/><G112/><T46/><D69/><U19/><E34/><V88/><F6/><W122/><G70/><T25/><D84/><U111/><E111/><V78/><F83/><W53/><G122/><T115/><D115/><U133/><E120/><V48/><F48/><W31/><G128/><T61/><D107/><U35/><E35/><V126/><F126/><N who="0" m="48170" /><D97/><U93/><E63/><V20/><F20/><W44/><REACH who="3" step="1"/><G3/><REACH who="3" ten="267,312,257,144" step="2"/><T23/><D66/><U89/><E116/><V43/><F65/><W5/><G5/><N who="0" m="3215" /><D25/><U87/><E104/><V99/><F60/><W95/><G95/><T106/><D106/><U11/><E94/><V2/><F2/><W129/><G129/><T4/><D4/><U75/><E93/><V102/><F81/><W62/><G62/><T80/><D80/><U132/><E92/><V50/><F50/><W123/><G123/><T40/><D64/><U125/><E105/><V135/><F49/><W134/><G134/><T36/><D36/><U73/><E132/><V101/><F135/><W47/><G47/><T79/><D79/><U131/><E133/><V1/><F1/><W12/><G12/><T119/><D119/><U108/><E108/><V16/><F39/><W56/><G56/><AGARI ba="1,2" hai="21,23,38,40,46,52,56,61" m="3215,48170" machi="56" ten="30,5800,0" yaku="18,1,52,1,54,1" doraHai="71" who="0" fromWho="3" sc="267,81,312,0,257,0,144,-61" />
</Scene>
<Scene>
<INIT seed="4,2,0,1,0,116" ten="348,312,257,83" oya="0" hai0="128,115,117,125,103,97,96,35,21,10,28,39,23" hai1="110,70,120,85,105,80,86,94,74,88,45,124,49" hai2="69,61,15,25,38,112,122,59,113,75,33,81,57" hai3="119,27,84,98,62,4,3,123,48,73,130,109,65"/><T56/><D117/><U72/><E120/><V7/><F38/><W51/><G119/><T78/><D39/><U58/><E70/><V87/><F75/><W95/><G73/><T13/><D115/><N who="2" m="44106" /><F33/><W76/><G109/><T60/><D125/><U6/><E110/><V79/><F25/><W29/><G130/><T114/><D114/><U133/><E124/><V36/><F36/><W18/><G123/><T104/><D128/><U52/><E105/><V63/><F122/><W90/><G3/><T8/><D78/><U17/><E133/><V92/><F92/><W41/><G4/><T1/><D1/><U12/><E6/><V26/><F26/><W66/><G18/><T89/><D35/><U126/><E126/><V46/><F46/><W77/><G84/><T11/><D28/><U55/><E55/><V0/><F0/><W24/><G24/><T47/><D47/><U100/><E100/><V93/><F93/><W19/><G19/><T50/><D13/><U37/><E37/><V54/><F69/><W127/><G127/><T82/><D50/><U132/><E132/><V101/><F101/><W134/><G134/><T99/><D103/><U118/><E118/><V30/><F30/><W5/><G5/><T68/><D68/><U111/><E111/><V9/><F57/><N who="3" m="37071" /><G66/><N who="0" m="39175" /><D104/><U131/><E131/><V83/><F83/><W67/><G67/><T2/><D2/><U107/><E107/><V106/><F106/><W91/><G91/><T44/><D44/><U40/><E45/><V20/><F20/><N who="0" m="7754" /><D82/><U129/><E80/><V22/><F22/><N who="3" m="15607" /><G41/><T14/><D89/><RYUUKYOKU ba="2,0" sc="348,10,312,-30,257,10,83,10" hai0="8,10,11,14,96,97,99" hai2="7,9,15,54,59,61,63,79,81,87" hai3="48,51,76,77,90,95,98" />
</Scene>
<Scene>
<INIT seed="4,3,0,5,5,18" ten="358,282,267,93" oya="0" hai0="66,130,34,121,59,14,11,50,77,79,67,125,104" hai1="93,95,49,46,54,35,3,98,94,129,40,120,78" hai2="27,61,127,114,68,48,82,102,86,4,10,16,55" hai3="75,13,96,134,71,2,47,64,70,0,43,119,122"/><T84/><D121/><U15/><E3/><N who="3" m="1066" /><G13/><T53/><D34/><U63/><E120/><V107/><F107/><W81/><G122/><T97/><D125/><U133/><E35/><V109/><F109/><W128/><G119/><T80/><D130/><U6/><E129/><V56/><F102/><W74/><G128/><T36/><D36/><U5/><E133/><V22/><F127/><W19/><G19/><N who="0" m="8671" /><D104/><U124/><E124/><V116/><F116/><W31/><G96/><T7/><D7/><N who="1" m="2571" /><E15/><N who="2" m="5575" /><F114/><W9/><G9/><T24/><D97/><U12/><E12/><V60/><F68/><N who="3" m="26155" /><G64/><N who="0" m="24619" /><D24/><U131/><E131/><V91/><AGARI ba="3,0" hai="16,22,27,48,55,56,60,61,82,86,91" m="5575" machi="91" ten="30,4000,0" yaku="8,1,52,1,54,1" doraHai="18" who="2" fromWho="2" sc="358,-23,282,-13,267,49,93,-13" />
</Scene>
<Scene>
<INIT seed="5,0,0,0,4,27" ten="335,269,316,80" oya="1" hai0="25,123,37,111,129,116,31,30,15,126,84,77,127" hai1="102,130,90,115,28,63,97,69,135,60,71,118,12" hai2="68,74,14,85,2,45,33,72,54,18,96,17,38" hai3="119,16,26,51,122,89,23,55,112,125,114,110,81"/><U124/><E118/><V29/><F2/><W95/><G122/><T43/><D116/><U9/><E115/><V40/><F68/><W64/><G119/><T103/><D111/><U5/><E28/><V42/><F42/><W13/><G110/><T58/><D123/><U8/><E124/><N who="0" m="47657" /><D129/><U104/><E130/><V87/><F96/><W50/><G125/><T67/><D103/><U131/><E131/><V121/><F121/><W44/><G114/><T49/><D25/><U76/><E135/><V99/><F99/><W47/><G112/><T108/><D108/><U120/><E120/><V128/><F54/><W1/><G1/><T53/><D67/><U21/><E76/><V32/><F17/><W11/><G64/><T94/><D15/><U4/><E21/><V65/><F65/><W3/><G3/><T41/><D37/><U39/><E39/><V56/><F128/><W24/><G81/><N who="0" m="47151" /><D94/><U117/><E117/><V107/><F107/><W80/><G80/><T52/><D53/><U34/><E34/><V10/><F33/><W62/><G62/><N who="0" m="36167" /><D43/><U92/><E69/><V83/><F83/><W100/><G100/><T36/><D36/><U109/><E71/><V132/><F132/><W79/><G79/><T93/><D93/><U48/><E109/><V78/><F40/><W57/><G11/><T91/><D91/><U88/><E90/><V20/><F78/><W0/><G0/><T73/><D73/><U7/><E9/><V70/><F10/><W113/><G113/><T86/><D86/><U22/><E22/><V101/><F20/><W105/><G105/><RYUUKYOKU ba="0,0" sc="335,30,269,-10,316,-10,80,-10" hai0="30,31,41,49" />
</Scene>
<Scene>
<INIT seed="6,1,0,5,1,102" ten="365,259,306,70" oya="2" hai0="34,41,92,87,104,132,95,35,2,31,107,21,60" hai1="20,23,56,38,128,70,54,123,84,40,69,46,26" hai2="62,49,5,94,76,113,27,83,103,47,24,43,53" hai3="116,61,122,30,78,91,11,57,16,96,36,109,110"/><V25/><F5/><W14/><G116/><T55/><D2/><U108/><E108/><V68/><F113/><W131/><G122/><T32/><D41/><U42/><E123/><V127/><F127/><W3/><G36/><T44/><D132/><U101/><E128/><V88/><F103/><W22/><G131/><T99/><D87/><U28/><E42/><V39/><F68/><W86/><G78/><T51/><D60/><U71/><E101/><V59/><F39/><W126/><G126/><T52/><D55/><U9/><E9/><V129/><F129/><W119/><G119/><T114/><D114/><U117/><E117/><V13/><F13/><W6/><G110/><T81/><D81/><U112/><E112/><V89/><REACH who="2" step="1"/><F94/><REACH who="2" ten="365,259,296,70" step="2"/><W65/><G109/><T130/><D130/><U98/><E71/><V118/><F118/><W1/><G96/><T18/><D92/><U19/><E98/><V100/><F100/><W33/><G91/><T90/><REACH who="0" step="1"/><D31/><REACH who="0" ten="355,259,296,70" step="2"/><U50/><E84/><AGARI ba="1,2" hai="24,25,27,43,47,49,53,59,62,76,83,84,88,89" machi="84" ten="40,7700,0" yaku="1,1,8,1,54,1,53,0" doraHai="102" doraHaiUra="111" who="2" fromWho="1" sc="355,0,259,-80,296,100,70,0" />
</Scene>
<Scene>
<INIT seed="6,2,0,3,5,57" ten="355,179,396,70" oya="2" hai0="47,121,81,125,41,32,22,102,93,115,25,86,69" hai1="106,103,133,16,8,122,74,33,13,7,94,71,92" hai2="117,42,27,59,105,21,123,87,4,11,135,39,38" hai3="89,55,73,60,77,91,15,111,84,78,90,3,110"/><V6/><F117/><W63/><G3/><T46/><D121/><U14/><E122/><V0/><F123/><W18/><G73/><T109/><D109/><U49/><E33/><V29/><F105/><W5/><G5/><T20/><D69/><U95/><E133/><V56/><F135/><W61/><G55/><T17/><D115/><U118/><E74/><V23/><F6/><W120/><G120/><T45/><D125/><U132/><E118/><V129/><F129/><W10/><REACH who="3" step="1"/><G84/><REACH who="3" ten="355,179,396,60" step="2"/><T51/><D86/><U85/><E132/><V36/><F87/><W34/><G34/><T44/><D32/><U96/><E85/><V30/><F42/><W65/><G65/><T130/><D130/><U124/><E124/><V50/><F0/><W35/><G35/><T43/><D81/><U127/><E127/><V134/><F4/><W99/><G99/><N who="0" m="59759" /><D43/><U107/><E107/><V58/><F134/><W100/><G100/><T79/><D79/><AGARI ba="2,1" hai="10,15,18,60,61,63,77,78,79,89,90,91,110,111" machi="79" ten="40,8000,1" yaku="1,1,52,3,53,0" doraHai="57" doraHaiUra="113" who="3" fromWho="0" sc="355,-86,179,0,396,0,60,96" />
</Scene>
<Scene>
<INIT seed="7,0,0,3,5,89" ten="269,179,396,156" oya="3" hai0="22,119,39,37,93,18,127,131,9,109,99,121,79" hai1="114,100,81,8,1,4,87,71,30,32,69,112,67" hai2="85,105,54,52,38,120,60,3,53,26,117,48,116" hai3="0,83,102,126,124,42,29,44,70,28,10,78,23"/><W61/><G102/><T13/><D109/><U122/><E100/><V2/><F105/><W58/><G23/><T110/><D110/><U72/><E72/><V77/><F38/><N who="3" m="21591" /><G58/><T59/><D121/><U47/><E122/><V80/><F26/><W21/><G21/><T133/><D119/><U33/><E47/><V20/><F20/><W62/><G28/><T107/><D107/><U73/><E73/><V56/><F120/><W75/><G29/><T31/><D79/><N who="1" m="46527" /><E30/><V15/><F2/><W45/><G45/><T49/><D31/><U91/><E91/><V95/><F3/><W92/><G92/><T128/><D37/><U113/><E67/><V134/><F95/><W98/><G98/><T90/><D39/><U14/><E14/><V64/><F134/><W129/><G129/><T16/><D133/><U11/><E11/><V24/><F24/><W43/><G43/><T50/><D59/><U97/><E97/><V108/><F15/><W17/><G17/><T96/><D96/><U106/><E106/><V55/><F108/><W27/><G27/><N who="0" m="14791" /><D131/><U135/><E135/><V68/><AGARI ba="0,0" hai="48,52,53,54,55,56,60,64,68,77,80,85,116,117" machi="68" ten="30,2000,0" yaku="0,1,54,1" doraHai="89" who="2" fromWho="2" sc="269,-5,179,-5,396,20,156,-10" owari="264,6.0,174,-23.0,416,52.0,146,-35.0" />
</Scene>
</mjloggm>