<mjloggm ver="2.3"><GO type="97"/><UN n0="%70%6F%6E%74%61%6D%6F" n1="%50%4F%4E%E3%81%A1%E3%82%83%E3%82%93" n2="%E5%A4%AA%E3%81%8F%E3%81%AA%E3%81%84%E3%81%8A" n3="%E9%9F%B3%E5%A7%89%E3%83%BB%E6%9C%80%E9%AB%98%21%21" dan="14,14,14,13" rate="1927,1896,2013,1897" sx="M,M,M,F"/><TAIKYOKU oya="0"/>

<Scene>
<INIT seed="0,0,0,1,4,4" ten="250,250,250,250" oya="0" hai0="90,65,67,68,102,121,135,3,15,29,9,47,91" hai1="134,6,13,42,84,107,131,78,59,73,63,133,14" hai2="54,56,66,105,72,41,37,112,43,87,126,124,114" hai3="23,103,55,120,127,80,99,25,36,5,118,12,128"/><T104/><D121/><U40/><E107/><V51/><F72/><W110/><G120/><T22/><D3/><U70/><E70/><V94/><F105/><W45/><G118/><T71/><D135/><N who="1" m="51723" /><E73/><V38/><F94/><W16/><G128/><T77/><D77/><U50/><E131/><V46/><F87/><W69/><G69/><T52/><D68/><U117/><E117/><V108/><F108/><W119/><G110/><T53/><D71/><U10/><E14/><V64/><F43/><N who="1" m="16425" /><E50/><V89/><F89/><N who="0" m="33802" /><D102/><U85/><E78/><V39/><F114/><W75/><G127/><N who="2" m="48681" /><F112/><W113/><G119/><T32/><D32/><U48/><E48/><AGARI ba="0,0" hai="37,38,39,41,46,48,51,54,56,64,66" m="48681" machi="48" ten="40,5200,0" yaku="18,1,34,2" doraHai="4" who="2" fromWho="1" sc="250,0,250,-52,250,52,250,0" />
</Scene>
<Scene>
<INIT seed="1,0,0,1,0,1" ten="250,198,302,250" oya="1" hai0="59,89,40,102,64,66,49,121,117,65,60,6,24" hai1="93,51,125,11,31,103,20,39,48,2,129,124,55" hai2="115,52,101,7,120,106,134,114,56,30,57,61,62" hai3="71,34,74,63,9,135,8,16,33,100,86,83,54"/><U88/><E39/><V131/><F120/><W92/><G74/><T35/><D117/><U98/><E129/><V67/><F131/><W118/><G135/><T104/><D121/><U133/><E133/><V108/><F134/><W80/><G118/><T73/><D73/><U113/><E113/><N who="2" m="43019" /><F108/><W95/><G100/><T84/><D102/><U91/><E31/><V46/><F30/><W69/><G63/><T94/><D104/><U23/><E11/><V109/><F109/><W128/><G86/><T72/><D72/><U76/><E76/><V53/><F7/><W27/><G128/><T85/><D85/><U22/><E2/><V15/><F15/><W13/><G13/><T12/><D24/><U112/><E112/><V81/><F81/><W10/><G54/><T78/><D35/><U68/><E68/><N who="2" m="42095" /><F101/><W90/><G90/><T116/><D116/><U75/><E75/><V17/><F17/><W132/><G132/><T3/><D3/><U87/><E91/><V25/><F25/><W36/><G8/><N who="0" m="4119" /><D78/><U130/><E130/><V110/><F106/><W47/><G27/><T123/><D123/><U41/><E41/><V127/><F110/><W4/><G16/><T28/><D28/><U26/><E26/><V44/><F127/><N who="1" m="48713" /><E55/><V97/><F97/><W0/><G0/><T50/><D40/><U79/><E79/><V105/><F105/><AGARI ba="0,0" hai="20,22,23,48,51,87,88,93,98,103,105" m="48713" machi="105" ten="30,2900,0" yaku="18,1,54,1" doraHai="1" who="1" fromWho="2" sc="250,0,198,29,302,-29,250,0" />
</Scene>
<Scene>
<INIT seed="1,1,0,0,5,92" ten="250,227,273,250" oya="1" hai0="128,89,126,76,95,65,75,51,117,26,69,119,122" hai1="2,74,96,106,27,7,71,52,120,18,127,60,125" hai2="101,88,105,114,86,19,87,5,100,111,67,135,102" hai3="20,31,94,22,115,109,79,103,33,84,25,124,104"/><U64/><E74/><V54/><F111/><W6/><G124/><N who="1" m="47690" /><E120/><V11/><F135/><W41/><G41/><T77/><D126/><U50/><E7/><V112/><F67/><W78/><G109/><T63/><D122/><U47/><E2/><N who="2" m="439" /><F19/><W62/><G115/><N who="2" m="44073" /><F54/><W59/><G104/><T90/><D128/><U123/><E123/><V131/><F131/><W134/><G134/><T9/><D9/><U116/><E116/><V46/><F46/><W0/><G0/><T55/><D26/><U66/><E66/><V12/><F12/><W73/><G6/><T49/><D75/><U16/><E27/><V121/><F121/><W98/><G73/><T130/><D130/><U81/><E81/><N who="2" m="49231" /><F87/><W39/><G39/><T118/><D51/><U1/><E1/><V28/><F28/><W43/><G43/><T113/><D113/><U72/><E72/><V10/><F10/><W53/><REACH who="3" step="1"/><G84/><REACH who="3" ten="250,227,273,240" step="2"/><T38/><D119/><U13/><E13/><V110/><F110/><W68/><G68/><T97/><D38/><U70/><E70/><V107/><AGARI ba="1,1" hai="100,101,102,105,107" m="49231,44073,439" machi="107" ten="40,2700,0" yaku="11,1,54,1" doraHai="92" who="2" fromWho="2" sc="250,-8,227,-14,273,40,240,-8" />
</Scene>
<Scene>
<INIT seed="2,0,0,0,2,91" ten="242,213,313,232" oya="2" hai0="102,82,113,28,63,47,54,34,126,27,36,49,110" hai1="109,23,114,127,46,94,37,62,65,124,93,9,3" hai2="4,51,43,25,26,86,0,33,98,101,134,95,122" hai3="92,38,100,69,68,14,115,99,61,53,131,19,50"/><V35/><F122/><W20/><G115/><T40/><D113/><U116/><E116/><V135/><F86/><W111/><G131/><T89/><D126/><N who="1" m="48171" /><E114/><V5/><F43/><W42/><G111/><T80/><D110/><U112/><E112/><V130/><F130/><W55/><G38/><T118/><D118/><U17/><E109/><V57/><F57/><W24/><G42/><T105/><D63/><U88/><E46/><V8/><F51/><W64/><G69/><T21/><D21/><U87/><E37/><V11/><F26/><W133/><G133/><N who="2" m="50697" /><F25/><W77/><G77/><T31/><D31/><U66/><E9/><V78/><F78/><W39/><G39/><T123/><D123/><U70/><E3/><AGARI ba="0,0" hai="0,3,4,5,8,11,33,35,95,98,101" m="50697" machi="3" ten="30,2900,0" yaku="20,1,52,1" doraHai="91" who="2" fromWho="1" sc="242,0,213,-29,313,29,232,0" />
</Scene>
<Scene>
<INIT seed="2,1,0,4,4,55" ten="242,184,342,232" oya="2" hai0="95,22,35,69,4,113,60,94,128,59,117,108,132" hai1="14,6,84,45,20,42,78,73,63,52,10,89,8" hai2="39,99,61,98,50,135,79,86,101,80,62,23,3" hai3="46,119,131,51,18,2,37,85,90,111,43,16,48"/><V32/><F32/><W75/><G119/><T57/><D35/><U105/><E105/><V110/><F39/><W25/><G111/><T116/><D113/><U96/><E73/><V70/><F3/><W77/><G131/><T38/><D38/><U30/><E78/><V92/><F110/><W125/><G125/><T21/><D108/><U134/><E134/><V58/><F135/><W72/><G72/><T130/><D4/><U17/><E96/><N who="2" m="59527" /><F70/><W0/><G75/><T53/><D69/><U133/><E133/><V120/><F120/><W31/><G77/><T66/><D132/><U47/><E30/><V109/><F109/><W24/><G0/><T40/><D40/><U124/><E124/><V112/><F112/><W33/><G2/><T102/><D102/><U103/><E103/><V83/><F83/><W123/><G123/><T127/><D127/><U44/><E42/><V54/><F23/><W97/><G97/><AGARI ba="1,0" hai="50,54,58,61,62,79,80,86,97,98,99" m="59527" machi="97" ten="30,2900,0" yaku="8,1,52,1" doraHai="55" who="2" fromWho="3" sc="242,0,184,0,342,32,232,-32" />
</Scene>
<Scene>
<INIT seed="2,2,0,5,0,124" ten="242,184,374,200" oya="2" hai0="96,122,135,38,35,52,112,77,98,104,132,108,20" hai1="134,116,102,25,119,84,44,127,66,126,82,6,7" hai2="99,125,88,1,79,50,65,53,43,13,70,55,129" hai3="81,18,51,107,91,46,123,21,29,73,62,27,69"/><V101/><F1/><W48/><G107/><T45/><D122/><U33/><E66/><V63/><F125/><N who="1" m="47625" /><E44/><V64/><F79/><W58/><G123/><T120/><D112/><U5/><E102/><V0/><F0/><W131/><G131/><T10/><D120/><U67/><E67/><V14/><F65/><W130/><G130/><T9/><D35/><U3/><E84/><V121/><F129/><W40/><G69/><T12/><D108/><U83/><E3/><V26/><F121/><W16/><G48/><N who="0" m="28687" /><D77/><U90/><E90/><V93/><F101/><W117/><G117/><N who="1" m="45130" /><E83/><V59/><F43/><W56/><G56/><T72/><D38/><U133/><E82/><V86/><F99/><N who="0" m="37930" /><D72/><U80/><E80/><V68/><F68/><W49/><G49/><T37/><D104/><U4/><N who="1" m="1536" /><DORA hai="22" /><U8/><E8/><N who="0" m="3177" /><D37/><U34/><E25/><V31/><F55/><N who="3" m="34143" /><G73/><T60/><D60/><U57/><E57/><V113/><F113/><W74/><G74/><T2/><D2/><U11/><E11/><V128/><F128/><W36/><G36/><T15/><D20/><AGARI ba="2,0" hai="13,14,20,26,31,50,53,59,63,64,70,86,88,93" machi="20" ten="30,5800,0" yaku="7,1,52,1,54,1" doraHai="124,22" who="2" fromWho="0" sc="242,-64,184,0,374,64,200,0" />
</Scene>
<Scene>
<INIT seed="2,3,0,2,5,78" ten="178,184,438,200" oya="2" hai0="66,43,69,9,52,103,25,104,97,32,17,88,108" hai1="73,113,109,53,57,117,60,123,131,95,111,107,98" hai2="61,127,134,94,49,8,76,120,20,7,35,41,126" hai3="132,93,44,65,48,72,74,23,89,45,11,84,15"/><V112/><F112/><W19/><G65/><T67/><D108/><N who="1" m="41547" /><E131/><V83/><F35/><W102/><G132/><T133/><D133/><U58/><E113/><V34/><F134/><W37/><G37/><T129/><D129/><U3/><E3/><V99/><F34/><W51/><G102/><T79/><D79/><U135/><E117/><V39/><F20/><W100/><G100/><T90/><D43/><U110/><N who="1" m="41555" /><U115/><DORA hai="40" /><E135/><V28/><F61/><W91/><G91/><T116/><D116/><U0/><E0/><V16/><F76/><W22/><G22/><T64/><D69/><U119/><E119/><V59/><F8/><W105/><G11/><T50/><D32/><U55/><E115/><V125/><F39/><W80/><G105/><T75/><D75/><U26/><E73/><V85/><F126/><W124/><G93/><T13/><REACH who="0" step="1"/><D25/><REACH who="0" ten="168,184,438,200" step="2"/><U54/><E123/><V86/><F120/><W82/><G124/><T63/><D63/><U128/><E128/><V118/><F125/><W81/><G72/><T92/><D92/><U130/><E107/><V38/><F94/><N who="3" m="54567" /><G74/><T31/><D31/><U122/><E122/><V14/><F28/><W12/><G12/><T114/><D114/><U121/><E121/><V33/><F14/><W56/><G56/><AGARI ba="3,1" hai="9,13,17,50,52,56,64,66,67,88,90,97,103,104" machi="56" ten="40,5200,0" yaku="1,1,54,2,53,0" doraHai="78,40" doraHaiUra="68,70" who="0" fromWho="3" sc="168,71,184,0,438,0,200,-61" />
</Scene>
<Scene>
<INIT seed="3,0,0,1,2,79" ten="239,184,438,139" oya="3" hai0="13,106,45,81,96,97,17,124,16,80,76,5,42" hai1="109,107,78,65,119,129,14,38,103,102,54,87,60" hai2="68,63,56,113,72,91,134,94,130,110,52,89,28" hai3="122,9,123,35,21,58,50,93,132,6,12,116,20"/><W41/><G116/><T24/><D124/><U30/><E119/><V10/><F113/><W40/><G93/><T3/><D3/><U75/><E129/><V118/><F118/><W37/><G58/><T71/><D71/><U26/><E109/><V27/><F72/><W64/><G64/><T43/><D106/><U53/><E38/><V57/><F110/><W104/><G104/><T4/><D24/><U32/><E75/><V98/><F130/><W33/><G50/><T125/><D125/><U44/><E44/><V101/><F134/><W48/><G48/><T114/><D76/><U117/><E117/><V29/><F68/><W11/><G37/><T67/><D67/><U112/><E112/><V135/><F135/><W7/><G132/><T90/><D114/><U120/><E120/><V23/><F10/><W85/><G85/><T39/><D90/><N who="2" m="34314" /><F56/><W59/><G59/><T18/><D13/><AGARI ba="0,0" hai="6,7,9,11,12,13,20,21,33,35,40,41,122,123" machi="13" ten="25,2400,0" yaku="22,2" doraHai="79" who="3" fromWho="0" sc="239,-24,184,0,438,0,139,24" />
</Scene>
<Scene>
<INIT seed="3,1,0,4,3,89" ten="215,184,438,163" oya="3" hai0="45,81,134,69,6,130,112,128,107,11,2,38,46" hai1="27,94,4,102,104,91,51,74,24,85,22,33,119" hai2="30,135,56,44,78,7,28,101,26,124,108,72,34" hai3="67,65,20,16,25,110,31,59,58,42,95,54,73"/><W75/><G110/><T19/><D134/><U125/><E119/><V109/><F135/><W133/><G133/><T79/><D112/><U122/><E122/><V99/><F124/><W48/><G95/><T103/><D69/><U62/><E125/><V96/><F7/><W88/><G88/><T57/><D19/><U1/><E74/><V76/><F30/><W83/><G83/><T70/><D57/><U60/><E4/><V61/><F44/><N who="3" m="25623" /><G75/><N who="0" m="43263" /><D70/><U15/><E1/><V127/><F127/><W132/><G73/><T90/><D90/><U100/><E104/><N who="2" m="63527" /><F99/><W129/><G132/><T5/><D5/><U84/><E33/><V10/><F10/><W53/><G129/><N who="0" m="49771" /><D38/><U8/><E51/><V114/><F114/><W126/><G126/><T23/><D23/><U66/><E84/><V37/><F37/><W93/><G93/><T9/><D9/><U118/><E118/><V41/><F72/><W17/><G17/><T71/><D71/><U131/><E131/><V120/><F120/><W68/><G68/><T97/><AGARI ba="1,0" hai="2,6,11,45,46,97,103,107" m="49771,43263" machi="97" ten="30,1100,0" yaku="19,1" doraHai="89" who="0" fromWho="0" sc="215,14,184,-4,438,-4,163,-6" owari="229,3.0,180,-22.0,434,53.0,157,-34.0" />
</Scene>
</mjloggm>