<mjloggm ver="2.3"><GO type="97"/><UN n0="%E5%A4%AA%E3%81%8F%E3%81%AA%E3%81%84%E3%81%8A" n1="%E3%81%A8%E3%82%93%E3%81%A8%E3%82%93%E3%81%A9%E3%82%89%E3%81%A9%E3%82%89" n2="%74%74%74%73%73%61" n3="%6B%61%74%6F%73%68%69" dan="14,13,14,13" rate="1986,1843,1922,1847" sx="M,M,M,M"/><TAIKYOKU oya="0"/>

<Scene>
<INIT seed="0,0,0,5,2,50" ten="250,250,250,250" oya="0" hai0="125,97,40,37,47,2,33,41,106,83,102,56,122" hai1="10,87,20,64,133,12,74,124,31,66,100,39,89" hai2="126,105,62,75,96,76,4,25,42,110,53,63,46" hai3="86,131,16,11,99,90,26,103,82,48,118,38,85"/><T104/><D122/><U29/><E124/><V115/><F115/><W123/><G118/><T7/><D33/><U120/><E133/><V132/><F110/><W35/><G131/><T135/><D125/><U52/><E74/><V43/><F126/><W130/><G123/><T36/><D135/><U6/><E39/><V18/><F132/><W5/><G130/><T91/><D56/><U70/><E70/><V78/><F4/><W112/><G112/><T101/><D83/><U113/><E100/><V1/><F1/><W111/><G111/><T94/><D91/><U129/><E129/><V27/><F105/><W72/><G38/><T61/><D61/><N who="2" m="23050" /><F96/><W121/><G121/><T117/><D117/><U14/><E120/><V0/><F0/><W114/><G114/><T81/><D81/><N who="1" m="49391" /><E113/><V109/><F75/><W58/><G72/><T3/><D7/><U68/><E68/><V71/><F71/><W45/><G58/><T9/><D9/><U23/><E14/><V57/><F46/><W51/><G51/><T84/><D37/><U60/><E66/><V17/><F109/><W98/><G85/><T128/><D84/><U77/><E77/><N who="2" m="29803" /><F27/><W80/><G80/><T73/><D73/><U134/><E64/><V119/><F25/><W55/><G103/><N who="0" m="39435" /><D128/><U32/><E32/><V15/><F119/><W34/><G34/><T13/><D106/><U107/><E107/><V65/><F65/><W24/><G35/><T59/><D104/><U79/><E79/><V69/><F69/><W116/><G116/><T19/><D36/><U108/><E134/><V54/><F15/><RYUUKYOKU ba="0,0" sc="250,0,250,0,250,0,250,0" />
</Scene>
<Scene>
<INIT seed="1,1,0,1,5,125" ten="250,250,250,250" oya="1" hai0="33,89,13,97,129,38,132,27,117,6,94,22,86" hai1="83,51,112,21,25,65,92,123,62,70,17,14,107" hai2="118,77,54,44,64,60,85,72,19,84,130,45,100" hai3="115,102,52,8,91,110,103,57,31,80,4,114,66"/><U55/><E123/><V127/><F118/><W36/><G36/><T116/><D38/><U108/><E112/><V49/><F127/><W18/><G115/><T2/><D132/><U126/><E126/><V73/><F100/><W119/><G114/><T50/><D129/><U59/><E107/><V124/><F124/><W88/><G119/><T122/><D122/><U99/><E108/><V53/><F19/><W30/><G110/><T61/><D61/><U76/><E25/><V104/><F104/><W81/><G66/><T29/><D50/><U90/><E83/><N who="3" m="31818" /><G4/><T32/><D97/><U10/><REACH who="1" step="1"/><E10/><REACH who="1" ten="250,240,250,250" step="2"/><V28/><F73/><W26/><G8/><N who="0" m="2135" /><D33/><U128/><E128/><V43/><F130/><W95/><G91/><T98/><D117/><U120/><E120/><V106/><F106/><W71/><G103/><T67/><D116/><U121/><E121/><V75/><F72/><W20/><G102/><T5/><D32/><U0/><E0/><V74/><F75/><W23/><G23/><T133/><D22/><U58/><E58/><V93/><F74/><W47/><G47/><T109/><D89/><U134/><E134/><V101/><F45/><W16/><G71/><T7/><D133/><U11/><E11/><V12/><F44/><W105/><G105/><T15/><D109/><U69/><E69/><V39/><F77/><AGARI ba="1,1" hai="14,17,21,51,55,59,62,65,70,76,77,90,92,99" machi="77" ten="40,3900,0" yaku="1,1,53,1" doraHai="125" doraHaiUra="87" who="1" fromWho="2" sc="250,0,240,52,250,-42,250,0" />
</Scene>
<Scene>
<INIT seed="1,2,0,1,1,101" ten="250,292,208,250" oya="1" hai0="62,100,76,102,131,117,81,21,44,19,115,63,59" hai1="56,69,99,12,22,33,71,66,95,48,124,7,27" hai2="116,105,67,50,30,16,132,103,94,3,55,1,54" hai3="120,89,112,93,61,5,122,4,91,43,2,109,37"/><U75/><E124/><V40/><F116/><W123/><G112/><T72/><D117/><U111/><E75/><V8/><F30/><W79/><G79/><T39/><D115/><U42/><E111/><V47/><F67/><W126/><G126/><T68/><D131/><U31/><E42/><V11/><F132/><W85/><G109/><T15/><D68/><U104/><E104/><V38/><F94/><W113/><G113/><T0/><D0/><U60/><E48/><V18/><F38/><W128/><G128/><T26/><D63/><U127/><E127/><V106/><F50/><W135/><G135/><T98/><D98/><U65/><E65/><V114/><F114/><W107/><G107/><T86/><D72/><U92/><E92/><V14/><F103/><W52/><G2/><T134/><D134/><U34/><E34/><V23/><F40/><W78/><G78/><T130/><D130/><U84/><E84/><V110/><F110/><W28/><G28/><N who="0" m="17487" /><D44/><U10/><REACH who="1" step="1"/><E33/><REACH who="1" ten="250,282,208,250" step="2"/><V45/><F23/><W24/><G43/><T121/><D39/><U36/><E36/><V80/><REACH who="2" step="1"/><F80/><REACH who="2" ten="250,282,198,250" step="2"/><W25/><G37/><T73/><D81/><U77/><E77/><V20/><F20/><W17/><G123/><T74/><D76/><U108/><E108/><V46/><F46/><W57/><G122/><T35/><D121/><U70/><E70/><V97/><F97/><W90/><G120/><T119/><D35/><U129/><E129/><V64/><F64/><W53/><G53/><T83/><D119/><U87/><E87/><V82/><F82/><W118/><G118/><RYUUKYOKU ba="2,2" sc="250,-15,282,15,198,15,250,-15" hai1="7,10,12,22,27,31,56,60,66,69,71,95,99" hai2="1,3,8,11,14,16,18,45,47,54,55,105,106" />
</Scene>
<Scene>
<INIT seed="1,3,2,2,4,75" ten="235,297,213,235" oya="1" hai0="95,94,129,104,50,93,124,119,130,8,107,45,62" hai1="1,117,102,105,135,103,71,125,53,81,100,25,13" hai2="122,133,2,96,55,12,14,63,88,59,38,32,18" hai3="58,28,115,87,47,74,34,40,68,79,116,31,73"/><U0/><E117/><V10/><F38/><W9/><G116/><T123/><D119/><U70/><E105/><V41/><F122/><W132/><G115/><T43/><D123/><U108/><E108/><V33/><F133/><W5/><G132/><T91/><D124/><U83/><E135/><V15/><F2/><N who="1" m="1129" /><E125/><V84/><F41/><W51/><G34/><T39/><D8/><U30/><E13/><V111/><F111/><W54/><G68/><N who="1" m="26154" /><E53/><V114/><F114/><W113/><G113/><T36/><D62/><U61/><E61/><V67/><F96/><W60/><G74/><T101/><D91/><U69/><N who="1" m="26162" /><U112/><DORA hai="27" /><E103/><V24/><F67/><W106/><G73/><T76/><D101/><N who="1" m="39019" /><E112/><V17/><F24/><W77/><G106/><T78/><D104/><U56/><E56/><V120/><F120/><W126/><G126/><T64/><D107/><U66/><E25/><V46/><F46/><W42/><G42/><T80/><D64/><U20/><E20/><V26/><F26/><W21/><G21/><T19/><D19/><U16/><E16/><V89/><F89/><W90/><G5/><T49/><D39/><U99/><E66/><V37/><F37/><W121/><G121/><T128/><D80/><N who="1" m="30795" /><E99/><V134/><F134/><W86/><G9/><T48/><AGARI ba="3,2" hai="36,43,45,48,49,50,76,78,93,94,95,128,129,130" machi="48" ten="40,12000,2" yaku="0,1,29,2,19,1,52,2" doraHai="75,27" who="0" fromWho="0" sc="235,149,297,-63,213,-33,235,-33" />
</Scene>
<Scene>
<INIT seed="2,0,0,3,1,59" ten="384,234,180,202" oya="2" hai0="123,132,133,41,19,53,102,31,111,119,44,69,11" hai1="55,115,67,78,95,77,61,35,99,70,106,114,18" hai2="32,42,8,20,134,122,74,40,50,2,30,128,21" hai3="96,33,75,10,28,117,93,116,100,58,7,101,17"/><V26/><F122/><W107/><G75/><T118/><D123/><U6/><E6/><V15/><F74/><W45/><G17/><T22/><D111/><U1/><E1/><V83/><F134/><N who="0" m="51818" /><D69/><U68/><E106/><V5/><F128/><W84/><G28/><T97/><D53/><U13/><E35/><V103/><F103/><W27/><G27/><N who="0" m="14815" /><D11/><U127/><E55/><V16/><F83/><W92/><G33/><T98/><D31/><U91/><E70/><V90/><F90/><W57/><G45/><T104/><D98/><U121/><E127/><V0/><F50/><AGARI ba="0,0" hai="41,44,50,97,102,104,118,119" m="14815,51818" machi="50" ten="30,1000,0" yaku="20,1" doraHai="59" who="0" fromWho="2" sc="384,10,234,0,180,-10,202,0" />
</Scene>
<Scene>
<INIT seed="3,0,0,1,0,30" ten="394,234,170,202" oya="3" hai0="114,26,78,113,99,107,124,127,80,49,61,21,94" hai1="19,36,77,122,44,75,62,39,103,48,87,55,86" hai2="47,98,13,37,63,79,120,52,76,69,2,135,5" hai3="28,119,92,108,133,85,117,17,123,129,91,81,45"/><W116/><G123/><T58/><D49/><U8/><E122/><V22/><F135/><W15/><G28/><N who="0" m="17487" /><D107/><U65/><E103/><V101/><F120/><W11/><G133/><T35/><D35/><U84/><E75/><V14/><F2/><W109/><G129/><T100/><D80/><U118/><E77/><V106/><F14/><W4/><G45/><T72/><D78/><U10/><E118/><V112/><F112/><N who="0" m="43114" /><D72/><U121/><E121/><V59/><F69/><W34/><G34/><T27/><D27/><U54/><E54/><AGARI ba="0,0" hai="54,58,61,94,99,100,124,127" m="43114,17487" machi="54" ten="30,1000,0" yaku="11,1" doraHai="30" who="0" fromWho="1" sc="394,10,234,-10,170,0,202,0" owari="404,51.0,224,2.0,170,-33.0,202,-20.0" />
</Scene>
</mjloggm>