<mjloggm ver="2.3"><GO type="97"/><UN n0="%E5%A4%AA%E3%81%8F%E3%81%AA%E3%81%84%E3%81%8A" n1="%E3%82%B3%E3%83%BC%E3%83%B3%E3%83%9D%E3%82%BF%E3%83%BC%E3%82%B8%E3%83%A5" n2="%E5%85%AB%E6%84%8F%E6%B7%BB%E8%8A%B1" n3="%EF%BC%A0%E3%83%80%E3%83%B3%E3%83%81" dan="13,16,14,13" rate="1988,1986,1935,1894" sx="M,M,F,M"/><TAIKYOKU oya="0"/>

<Scene>
<INIT seed="0,0,0,1,4,78" ten="250,250,250,250" oya="0" hai0="25,21,135,50,37,95,77,66,96,99,4,112,23" hai1="60,13,129,1,116,18,113,58,122,85,93,7,97" hai2="114,72,73,49,36,125,6,71,133,102,64,40,107" hai3="87,29,51,123,120,98,63,44,12,101,88,20,46"/><T82/><D37/><U41/><E116/><V52/><F114/><W19/><G63/><T121/><D112/><U14/><E113/><V42/><F133/><W80/><G29/><T124/><D121/><N who="3" m="46665" /><G51/><T0/><D66/><U79/><E129/><V59/><F125/><W2/><G2/><T24/><D124/><U89/><E122/><V35/><F6/><W28/><G28/><T38/><D38/><U115/><E115/><V74/><F35/><W108/><G108/><T126/><D126/><U83/><E41/><V11/><F11/><W92/><AGARI ba="0,0" hai="12,19,20,44,46,80,87,88,92,98,101" m="46665" machi="92" ten="30,4000,0" yaku="13,1,52,1,54,1" doraHai="78" who="3" fromWho="3" sc="250,-20,250,-10,250,-10,250,40" />
</Scene>
<Scene>
<INIT seed="1,0,0,2,3,108" ten="230,240,240,290" oya="1" hai0="29,132,13,97,31,91,20,57,71,69,42,9,74" hai1="116,81,28,79,11,60,23,95,129,126,127,98,61" hai2="122,45,72,1,107,117,44,14,27,67,89,128,2" hai3="0,130,50,83,33,62,38,110,24,12,133,46,88"/><U111/><E116/><V35/><F117/><W47/><G0/><T8/><D74/><U114/><E111/><V87/><F122/><W10/><G110/><T41/><D132/><U131/><E11/><N who="0" m="4169" /><D71/><U19/><E28/><N who="0" m="10825" /><D69/><U73/><E60/><V77/><F107/><W58/><G133/><T75/><D75/><U115/><E61/><V65/><F2/><W49/><G33/><T100/><D100/><N who="1" m="60511" /><E19/><V3/><F35/><W105/><G105/><T123/><D57/><U82/><E81/><V36/><F36/><W17/><G24/><T55/><D55/><U66/><E66/><V56/><F1/><W103/><G103/><T43/><D123/><U32/><E23/><V40/><F3/><W85/><G130/><N who="1" m="49674" /><E32/><V84/><F128/><W125/><G125/><AGARI ba="0,0" hai="73,79,82,114,115,125,126,127" m="49674,60511" machi="125" ten="30,18000,2" yaku="18,1,19,1,34,2,52,2" doraHai="108" who="1" fromWho="3" sc="230,0,240,180,240,0,290,-180" />
</Scene>
<Scene>
<INIT seed="1,1,0,5,0,25" ten="230,420,240,110" oya="1" hai0="1,81,72,112,52,97,94,61,79,64,77,53,127" hai1="30,14,113,37,47,5,76,109,90,21,125,104,86" hai2="91,63,23,36,130,33,123,40,96,20,116,43,126" hai3="41,44,31,124,102,74,4,95,71,35,57,115,48"/><U93/><E113/><V107/><F123/><W27/><G74/><T66/><D112/><U83/><E104/><V121/><F116/><W62/><G71/><T73/><D1/><U15/><E125/><V100/><F126/><W129/><G124/><T132/><D132/><U122/><E122/><V55/><F121/><W133/><G129/><T111/><D111/><U108/><E37/><V131/><F33/><W114/><G133/><T22/><D127/><U42/><E42/><V58/><F36/><W67/><G4/><T0/><D0/><U75/><E47/><V12/><F91/><W99/><REACH who="3" step="1"/><G35/><REACH who="3" ten="230,420,240,100" step="2"/><T46/><D73/><U110/><E5/><V24/><F131/><W65/><G65/><T106/><D66/><U135/><E135/><V82/><F130/><W87/><G87/><T13/><D64/><U32/><E32/><V80/><F40/><W8/><G8/><T16/><D72/><U29/><E75/><V28/><F43/><W19/><G19/><T56/><D16/><U18/><E18/><V17/><AGARI ba="1,1" hai="12,17,20,23,24,28,55,58,63,80,82,96,100,107" machi="17" ten="30,2000,0" yaku="0,1,52,1" doraHai="25" who="2" fromWho="2" sc="230,-6,420,-11,240,33,100,-6" />
</Scene>
<Scene>
<INIT seed="2,0,0,4,1,102" ten="224,409,273,94" oya="2" hai0="112,101,29,94,106,66,40,32,0,105,41,28,121" hai1="8,82,78,31,72,37,60,99,130,54,43,36,39" hai2="114,88,127,104,115,133,38,34,95,126,108,3,91" hai3="55,65,2,134,129,69,58,53,124,19,123,77,71"/><V12/><F38/><W64/><G77/><T70/><D112/><N who="2" m="43050" /><F3/><W107/><G107/><T17/><D121/><U131/><E31/><V84/><F34/><W74/><G74/><T86/><D0/><U50/><E8/><V11/><F11/><W56/><G19/><T24/><D29/><U47/><E60/><V46/><F12/><W13/><G13/><T48/><D17/><U122/><E122/><V21/><F46/><W52/><G2/><T5/><D5/><U125/><E125/><N who="2" m="47627" /><F21/><W73/><G73/><T62/><D48/><U119/><E43/><V120/><F120/><W6/><G6/><T128/><D40/><U113/><E113/><V10/><F10/><W79/><G79/><T80/><D41/><U14/><E14/><V97/><F133/><W22/><G22/><T117/><D32/><U7/><E7/><V68/><F68/><N who="3" m="26187" /><G124/><T18/><D70/><U57/><E47/><V30/><F30/><W87/><G123/><T81/><D28/><U92/><E57/><N who="3" m="22122" /><G87/><T49/><D86/><U26/><E26/><V90/><F104/><W9/><G9/><T96/><D105/><U23/><E23/><V25/><F25/><W93/><G93/><T1/><D94/><U110/><E92/><N who="2" m="54279" /><F90/><W63/><G134/><T76/><D106/><U98/><E78/><V44/><F44/><W111/><G111/><AGARI ba="0,0" hai="91,95,97,108,111" m="54279,47627,43050" machi="111" ten="40,12000,1" yaku="18,1,34,2,54,1" doraHai="102" who="2" fromWho="3" sc="224,0,409,0,273,120,94,-120" owari="224,-18.0,409,52.0,393,19.0,-26,-53.0" />
</Scene>
</mjloggm>