<mjloggm ver="2.3"><GO type="169" lobby="0"/><UN n0="%E2%84%83%2D%75%74%65" n1="%E3%81%84%E3%81%97%E3%81%97%E3%82%93%49%44%E7%B4%9B%E5%A4%B1" n2="%E5%A4%AA%E3%81%8F%E3%81%AA%E3%81%84%E3%81%8A" n3="%E5%A4%A7%E7%8E%89%E5%B0%86" dan="16,16,17,17" rate="2070,2124,2162,2181" sx="M,M,M,M"/><TAIKYOKU oya="0"/>

<Scene>
<INIT seed="0,0,0,1,1,87" ten="250,250,250,250" oya="0" hai0="95,120,131,134,114,48,40,23,79,5,15,91,8" hai1="50,65,74,30,104,110,108,135,1,106,21,57,103" hai2="100,126,44,39,70,93,130,34,38,66,96,78,51" hai3="71,13,42,25,10,119,69,118,94,55,133,12,63"/><T80/><D114/><U29/><E1/><V72/><F34/><W76/><G42/><T46/><D120/><U35/><E74/><V122/><F122/><W7/><G76/><T0/><D134/><U11/><E135/><V6/><F126/><W24/><G133/><T56/><D131/><U45/><E35/><V37/><F130/><W112/><G112/><T128/><D128/><U121/><E121/><V16/><F6/><W62/><G94/><T53/><D23/><U84/><E11/><V18/><F70/><W88/><G10/><T116/><D116/><U125/><E84/><V27/><F66/><W14/><G7/><T92/><D0/><U115/><E110/><V49/><F27/><W43/><G13/><T82/><D79/><U85/><E106/><V20/><F20/><W68/><G43/><T81/><REACH who="0" step="1"/><D91/><REACH who="0" ten="240,250,250,250" step="2"/><U64/><E21/><V54/><F78/><W2/><G2/><T89/><D89/><U77/><E77/><V31/><F72/><W19/><G88/><T123/><D123/><U109/><E115/><V3/><F3/><W67/><G118/><T101/><D101/><U90/><E103/><V58/><REACH who="2" step="1"/><F31/><REACH who="2" ten="240,250,240,250" step="2"/><W102/><G119/><T9/><D9/><U17/><E108/><V105/><F105/><W47/><G102/><T26/><D26/><U83/><E109/><V98/><F98/><W61/><G24/><T127/><D127/><U4/><E125/><V33/><F33/><W97/><G97/><T28/><D28/><U36/><E30/><V32/><F32/><W99/><G99/><T59/><D59/><U22/><E29/><RYUUKYOKU ba="0,2" sc="240,15,250,-15,240,15,250,-15" hai0="5,8,15,40,46,48,53,56,80,81,82,92,95" hai2="16,18,37,38,39,44,49,51,54,58,93,96,100" />
</Scene>
<Scene>
<INIT seed="0,1,2,0,4,33" ten="255,235,255,235" oya="0" hai0="21,131,134,45,54,58,88,107,41,7,105,37,132" hai1="61,51,53,10,111,35,64,93,106,9,50,77,129" hai2="56,126,66,79,19,60,83,24,4,115,84,78,17" hai3="85,2,121,57,65,112,36,109,130,100,123,87,92"/><T68/><D68/><U23/><E106/><V39/><F115/><W135/><G36/><T113/><D113/><U20/><E35/><V86/><F39/><W96/><G112/><T11/><D21/><U133/><E77/><V91/><F126/><W34/><G34/><T15/><D131/><U43/><E129/><V71/><F4/><W47/><G130/><T14/><D14/><U26/><E111/><V12/><F71/><W89/><G109/><T74/><D74/><U128/><E128/><V40/><F40/><W76/><G47/><T127/><D127/><U13/><E133/><N who="0" m="51305" /><D88/><U32/><E32/><V99/><F99/><W75/><G135/><T125/><D125/><U98/><E20/><N who="2" m="13343" /><F86/><W116/><G116/><T104/><D104/><U94/><E23/><AGARI ba="1,2" hai="12,17,23,56,60,66,78,79,83,84,91" m="13343" machi="23" ten="30,1000,0" yaku="8,1" doraHai="33" who="2" fromWho="1" sc="255,0,235,-13,255,33,235,0" />
</Scene>
<Scene>
<INIT seed="1,0,0,4,3,62" ten="255,222,288,235" oya="1" hai0="127,24,123,9,117,13,101,70,50,77,82,23,134" hai1="131,92,112,118,86,40,64,36,97,30,84,76,22" hai2="41,122,135,88,44,8,103,104,11,72,42,19,53" hai3="12,120,110,16,63,20,0,45,80,100,37,95,108"/><U60/><E118/><V52/><F122/><W34/><G120/><T106/><D117/><U43/><E112/><V81/><F135/><W93/><G0/><T29/><D134/><U83/><E131/><V125/><F125/><W96/><G34/><T54/><D127/><U133/><E133/><V89/><F104/><W27/><G80/><T35/><D70/><U3/><E3/><V79/><F103/><W90/><G12/><T102/><D35/><U78/><E78/><V17/><F44/><W66/><G45/><T7/><D106/><U126/><E84/><V6/><F81/><W21/><G21/><T69/><D69/><U87/><E86/><V18/><F79/><W57/><REACH who="3" step="1"/><G37/><REACH who="3" ten="255,222,288,225" step="2"/><T26/><D123/><U65/><E36/><V94/><F72/><W56/><G56/><N who="0" m="32855" /><D24/><N who="1" m="16663" /><E126/><V129/><F129/><W47/><G47/><T73/><D73/><U5/><E43/><V98/><F42/><W61/><G61/><T75/><D75/><U39/><E60/><V68/><F41/><W111/><G111/><T132/><D132/><U130/><E40/><V31/><F68/><W2/><G2/><T115/><D115/><U105/><E39/><V114/><F114/><W55/><G55/><T116/><D116/><U32/><E32/><V14/><F52/><W28/><G28/><T38/><D38/><U59/><E59/><V121/><F121/><W10/><G10/><T58/><D58/><U99/><E83/><V128/><F128/><W91/><G91/><T67/><D82/><U15/><E130/><V49/><F31/><W119/><G119/><T48/><D29/><RYUUKYOKU ba="0,1" sc="255,-10,222,-10,288,-10,225,30" hai3="16,20,27,57,63,66,90,93,95,96,100,108,110" />
</Scene>
<Scene>
<INIT seed="2,1,1,2,3,35" ten="245,212,278,255" oya="2" hai0="86,61,6,23,72,34,22,44,64,78,103,79,119" hai1="59,9,83,36,97,38,111,50,63,17,37,107,57" hai2="60,55,110,11,85,5,105,8,133,116,87,124,126" hai3="10,108,7,18,131,134,27,94,51,122,26,33,71"/><V21/><F116/><W29/><G71/><T73/><D34/><U2/><E111/><V109/><F105/><W19/><G94/><T70/><D119/><U15/><E2/><N who="2" m="55" /><F21/><N who="3" m="13631" /><G51/><T13/><D103/><U24/><E83/><V77/><F11/><W127/><G122/><T14/><D86/><N who="2" m="32778" /><F77/><W89/><G89/><T56/><D70/><U82/><E82/><V120/><F120/><W31/><G108/><N who="2" m="41577" /><F133/><W123/><G123/><T101/><D78/><U39/><E9/><V52/><F60/><W92/><G92/><T48/><D79/><U80/><E63/><V43/><F43/><W102/><G134/><T96/><D23/><U98/><E80/><V4/><F4/><W42/><G42/><T100/><D6/><U46/><E107/><V129/><F129/><W104/><G131/><T135/><D135/><U65/><E24/><V54/><AGARI ba="1,1" hai="52,54,55,124,126" m="41577,32778,55" machi="54" ten="40,12000,1" yaku="14,1,10,1,52,1,54,1" doraHai="35" who="2" fromWho="2" sc="245,-41,212,-41,278,133,255,-41" />
</Scene>
<Scene>
<INIT seed="2,2,0,3,5,133" ten="204,171,411,214" oya="2" hai0="5,135,62,72,120,58,37,100,90,93,68,42,127" hai1="19,27,16,18,3,71,30,85,101,119,117,32,57" hai2="103,89,107,28,31,114,69,108,118,49,81,66,105" hai3="17,24,10,56,125,94,8,53,87,97,4,92,77"/><V44/><F118/><W38/><G38/><T2/><D120/><U6/><E71/><V0/><F0/><W132/><G132/><T20/><D135/><U25/><E101/><V65/><F114/><W99/><G125/><T104/><D72/><U102/><E102/><V36/><F36/><W11/><G4/><T13/><D68/><U122/><E122/><V76/><F89/><W63/><G77/><T21/><D104/><U51/><E85/><V91/><F91/><N who="3" m="53375" /><G94/><T131/><D100/><U123/><E123/><V95/><F95/><W46/><G46/><T73/><D73/><U129/><E129/><V22/><F69/><W47/><G47/><T67/><D2/><U116/><E57/><V40/><F105/><W43/><G43/><T84/><D131/><U7/><E51/><V75/><F108/><W35/><G35/><T48/><D37/><U64/><E64/><V52/><F40/><W74/><G74/><T15/><D127/><U1/><E1/><V86/><F75/><W112/><G112/><T9/><D15/><U88/><E88/><V26/><REACH who="2" step="1"/><F31/><REACH who="2" ten="204,171,401,214" step="2"/><W23/><AGARI ba="2,1" hai="8,10,11,17,23,24,53,56,63,97,99" m="53375" machi="23" ten="30,1100,0" yaku="8,1" doraHai="133" who="3" fromWho="3" sc="204,-5,171,-5,401,-7,214,27" />
</Scene>
<Scene>
<INIT seed="3,0,0,3,2,11" ten="199,166,394,241" oya="3" hai0="128,69,57,56,92,2,116,110,46,28,45,109,16" hai1="34,10,68,95,51,1,118,84,26,12,96,13,115" hai2="23,50,27,76,59,72,73,101,8,61,36,85,119" hai3="124,79,38,74,20,106,99,108,54,14,88,24,52"/><W91/><G38/><T65/><D2/><U5/><E115/><V111/><F36/><W94/><G124/><T120/><D120/><U25/><E68/><V70/><F119/><W32/><G32/><T71/><D28/><U123/><E123/><V104/><F70/><N who="0" m="26634" /><D116/><U97/><E118/><V49/><F8/><W33/><G33/><T107/><D107/><U126/><E126/><V133/><F101/><W90/><G106/><T135/><D92/><U55/><E84/><V64/><F85/><W98/><G108/><N who="0" m="41579" /><D135/><U100/><E97/><V44/><F104/><W4/><G79/><T30/><D30/><U129/><E129/><V83/><F111/><W81/><G74/><T113/><D128/><U39/><E39/><V130/><F130/><W67/><G81/><T132/><D132/><U78/><E78/><V80/><F133/><W131/><G131/><T62/><D113/><U40/><E40/><V18/><F80/><W60/><G98/><T48/><D16/><N who="1" m="8215" /><E1/><V43/><F73/><W105/><G105/><T63/><D48/><U82/><E34/><V89/><F50/><W22/><G4/><T114/><D114/><U31/><E31/><V122/><F122/><W58/><G24/><N who="1" m="9322" /><E82/><V93/><F93/><W42/><G94/><T86/><D86/><U127/><E127/><V3/><F3/><W41/><G99/><T87/><D87/><U29/><E29/><V15/><F27/><W35/><G35/><T117/><D117/><U19/><E5/><V134/><F134/><W6/><G6/><T37/><D37/><U47/><E19/><V7/><F7/><RYUUKYOKU ba="0,0" sc="199,10,166,10,394,10,241,-30" hai0="45,46,56,57,62,63,65" hai1="13,47,51,55,95,96,100" hai2="15,18,23,43,44,49,59,61,64,72,76,83,89" />
</Scene>
<Scene>
<INIT seed="4,1,0,2,4,103" ten="209,176,404,211" oya="0" hai0="108,124,102,89,95,54,19,17,79,50,132,12,41" hai1="10,49,111,35,94,6,47,117,7,13,38,109,127" hai2="20,83,72,125,45,101,90,32,128,73,22,18,23" hai3="81,2,133,55,33,87,126,68,51,71,66,26,34"/><T82/><D132/><U92/><E117/><V112/><F32/><W113/><G2/><T131/><D131/><U0/><E38/><V60/><F101/><W31/><G133/><T118/><D118/><U129/><E35/><V63/><F128/><W115/><G34/><T43/><D124/><U52/><E129/><V119/><F119/><W16/><G126/><T98/><D108/><U121/><E127/><V39/><F125/><W91/><G16/><T107/><D95/><U8/><E121/><V21/><F112/><N who="3" m="43083" /><G66/><T1/><D1/><U4/><E4/><V86/><F72/><W69/><G69/><T5/><D89/><U36/><E36/><V3/><F73/><W9/><G9/><T106/><D5/><U116/><E116/><V96/><F3/><W114/><N who="3" m="43091" /><W58/><AGARI ba="1,0" hai="26,31,33,51,55,58,68,71,81,87,91" m="43091" machi="58" ten="40,2700,0" yaku="4,1,15,1" doraHai="103" who="3" fromWho="3" sc="209,-14,176,-8,404,-8,211,30" />
</Scene>
<Scene>
<INIT seed="5,0,0,2,2,60" ten="195,168,396,241" oya="1" hai0="106,76,34,41,13,7,120,47,125,14,133,57,91" hai1="105,134,95,28,22,1,21,42,31,127,82,119,3" hai2="29,20,68,83,77,50,52,5,66,24,65,0,10" hai3="80,45,94,107,16,2,116,67,121,98,84,8,23"/><U90/><E105/><V37/><F37/><W39/><G121/><T122/><D34/><U74/><E119/><V18/><F68/><W6/><G107/><T27/><D106/><U58/><E134/><V55/><F29/><N who="1" m="11337" /><E74/><V44/><F55/><W103/><G116/><T114/><D27/><U128/><E3/><V108/><F108/><W59/><G45/><T75/><D133/><U109/><E1/><V46/><F46/><W102/><G39/><T72/><D114/><U49/><E82/><V43/><F43/><W62/><G94/><T63/><D125/><U110/><E127/><V129/><F129/><W86/><G98/><T113/><D113/><U97/><E128/><V53/><F53/><W93/><G93/><T26/><D26/><U92/><E58/><V11/><F11/><W40/><G40/><T12/><D7/><U25/><E25/><V85/><AGARI ba="0,0" hai="0,5,10,18,20,24,44,50,52,65,66,77,83,85" machi="85" ten="20,8000,1" yaku="0,1,7,1,52,2,54,1" doraHai="60" who="2" fromWho="2" sc="195,-20,168,-40,396,80,241,-20" />
</Scene>
<Scene>
<INIT seed="6,0,0,3,3,86" ten="175,128,476,221" oya="2" hai0="103,50,100,132,125,3,65,39,121,34,0,31,29" hai1="32,130,25,120,46,35,60,7,92,75,54,69,102" hai2="61,88,16,52,118,126,110,9,77,89,8,104,91" hai3="47,56,83,21,73,44,18,1,113,57,66,97,10"/><V99/><F118/><W135/><G135/><T74/><D39/><U28/><E75/><V114/><F77/><W131/><G131/><T70/><D74/><U72/><E72/><V78/><F78/><W27/><G73/><T85/><D121/><U17/><E130/><V119/><F119/><W107/><G113/><T93/><D70/><U111/><E111/><V95/><F104/><W5/><G83/><T63/><D50/><U62/><E7/><V67/><F114/><W37/><G37/><T109/><D63/><U23/><E120/><V53/><F110/><W112/><G112/><T96/><D65/><U106/><E106/><V58/><F126/><W116/><G116/><T124/><D109/><U134/><E134/><V80/><F80/><W12/><G1/><T42/><D42/><U71/><E35/><V19/><F8/><W14/><G107/><T76/><D103/><U30/><E69/><V127/><F127/><N who="0" m="48714" /><D132/><U24/><E30/><N who="0" m="11273" /><D34/><U22/><E32/><V64/><F64/><W13/><G66/><T98/><D98/><N who="1" m="59719" /><E71/><V68/><F68/><W133/><G97/><T6/><D6/><U2/><E62/><V15/><F19/><W33/><G33/><T128/><D128/><U122/><E122/><V84/><F84/><W4/><G133/><T55/><D3/><U105/><E2/><V117/><F117/><W115/><G115/><T48/><D0/><U101/><E105/><V26/><F26/><W129/><G129/><T81/><D48/><N who="1" m="28951" /><E60/><V123/><F123/><W41/><G4/><T87/><D55/><AGARI ba="0,0" hai="9,15,16,52,53,55,58,61,67,88,89,91,95,99" machi="55" ten="40,18000,2" yaku="8,1,52,3,54,3" doraHai="86" who="2" fromWho="0" sc="175,-180,128,0,476,180,221,0" owari="-5,-51.0,128,-27.0,656,76.0,221,2.0" />
</Scene>
</mjloggm>