<mjloggm ver="2.3"><GO type="193"/><UN n0="%E6%B0%B4%E6%BC%A3" n1="%4E%6E%61%6B%61" n2="%E5%A4%AA%E3%81%8F%E3%81%AA%E3%81%84%E3%81%8A" n3="%6D%65%72%6F%72%69%6E%51" dan="11,12,12,11" rate="1839,1694,1871,1630" sx="M,M,M,F"/><TAIKYOKU oya="0"/>

<Scene>
<INIT seed="0,0,0,4,1,129" ten="250,250,250,250" oya="0" hai0="94,107,124,122,21,44,62,4,117,46,36,67,132" hai1="58,60,126,27,9,118,72,66,134,135,48,61,88" hai2="34,83,49,11,39,98,29,41,131,103,102,55,128" hai3="20,109,15,37,42,64,26,43,114,2,71,12,78"/><T70/><D122/><U93/><E118/><V35/><F11/><W52/><G114/><T95/><D117/><U1/><E72/><V121/><F121/><W33/><G2/><T101/><D124/><U22/><E126/><V8/><F8/><W87/><G33/><T74/><D74/><U81/><E81/><V5/><F5/><W28/><G42/><T68/><D68/><U57/><E1/><V100/><F98/><W104/><G109/><T59/><D4/><U14/><E48/><V108/><F108/><W80/><G104/><T54/><D132/><N who="1" m="50731" /><E27/><V7/><F49/><W92/><G92/><T3/><D3/><U63/><E22/><V50/><F83/><W97/><G97/><T99/><D21/><U112/><E112/><V76/><F50/><W125/><G125/><T25/><D25/><U120/><E120/><V73/><F73/><W119/><G119/><T90/><D107/><U85/><E66/><V106/><F106/><W51/><G37/><T89/><D36/><U123/><E123/><V91/><F39/><W17/><G43/><T56/><D70/><U127/><E127/><V19/><F41/><W133/><G133/><T13/><D13/><U69/><E69/><V86/><F35/><W79/><G79/><T111/><D111/><U45/><E45/><V16/><F34/><W65/><G71/><T77/><D46/><U130/><E130/><V30/><F131/><W47/><G15/><T18/><D44/><U23/><E23/><V96/><F128/><W82/><G82/><T40/><D67/><U31/><E31/><V105/><F30/><RYUUKYOKU ba="0,0" sc="250,-15,250,15,250,-15,250,15" hai1="9,14,57,58,60,61,63,85,88,93" hai3="12,17,20,26,28,47,51,52,64,65,78,80,87" />
</Scene>
<Scene>
<INIT seed="1,1,0,2,2,106" ten="235,265,235,265" oya="1" hai0="80,72,12,131,90,17,65,97,46,33,89,16,95" hai1="126,87,102,43,70,11,93,27,135,56,105,19,92" hai2="115,128,24,112,39,57,77,110,0,26,111,66,91" hai3="8,60,3,129,42,58,114,107,18,75,98,62,73"/><U59/><E126/><V6/><F39/><W118/><G114/><N who="2" m="43561" /><F128/><W21/><G60/><T83/><D131/><U67/><E105/><V123/><F123/><W23/><G23/><T5/><D33/><U15/><E70/><V76/><F91/><W48/><G129/><T124/><D124/><U132/><E43/><V9/><F66/><W122/><G122/><T20/><D5/><U130/><E130/><V117/><F57/><W127/><G127/><T50/><D65/><U108/><E67/><V103/><F103/><W79/><G79/><N who="2" m="30281" /><F117/><W14/><G118/><T109/><D72/><U52/><E59/><V25/><AGARI ba="1,0" hai="0,6,9,24,25,26,110,111" m="30281,43561" machi="25" ten="40,1500,0" yaku="11,1" doraHai="106" who="2" fromWho="2" sc="235,-5,265,-8,235,18,265,-5" />
</Scene>
<Scene>
<INIT seed="2,0,0,3,1,126" ten="230,257,253,260" oya="2" hai0="86,80,78,119,44,60,76,23,12,7,52,94,34" hai1="96,73,41,30,18,71,4,105,49,129,53,63,116" hai2="39,130,75,91,81,36,16,121,99,109,42,17,28" hai3="6,74,132,108,58,118,59,90,101,57,125,33,104"/><V62/><F121/><W85/><G118/><T50/><D119/><U107/><E116/><V67/><F28/><W40/><G125/><T103/><D34/><U9/><E73/><V114/><F114/><W37/><G74/><T13/><D60/><U32/><E41/><V26/><F26/><W89/><G33/><T46/><D13/><U98/><E18/><V31/><F31/><W55/><G89/><T0/><D0/><U115/><E115/><V93/><F109/><W38/><G38/><T14/><D14/><U69/><E30/><V111/><F111/><W21/><G108/><T25/><D25/><U56/><E32/><V51/><F51/><W47/><G132/><T1/><D1/><U3/><E71/><V112/><F112/><W106/><G104/><T45/><D76/><U88/><E98/><V43/><F39/><W100/><G100/><T92/><D92/><U128/><E105/><V10/><F10/><W19/><G6/><T35/><D35/><U72/><E72/><V54/><F54/><W20/><G20/><T113/><D113/><U24/><E107/><V77/><F36/><W124/><G124/><T102/><D102/><U5/><E5/><V127/><F127/><W117/><G117/><T123/><D123/><U11/><E11/><V8/><F8/><W15/><G106/><T131/><D7/><U133/><E133/><V79/><F79/><W27/><G101/><T29/><D29/><U70/><E24/><V97/><F77/><W84/><G84/><T134/><D134/><U110/><E110/><V82/><F75/><W61/><G27/><RYUUKYOKU ba="0,0" sc="230,-10,257,-10,253,-10,260,30" hai3="15,19,21,37,40,47,55,57,58,59,61,85,90" />
</Scene>
<Scene>
<INIT seed="3,1,0,5,5,17" ten="220,247,243,290" oya="3" hai0="61,132,22,1,92,69,78,129,111,133,117,99,45" hai1="54,28,40,10,108,55,97,26,11,67,72,120,84" hai2="123,3,52,36,112,134,122,30,74,48,56,15,13" hai3="89,113,23,63,128,102,5,85,95,47,25,53,105"/><W35/><G113/><T91/><D1/><U9/><E120/><N who="2" m="46123" /><F112/><W119/><G119/><T70/><D117/><U0/><E72/><V50/><F36/><W114/><G114/><T81/><D45/><U115/><E115/><V131/><F3/><W14/><G35/><T127/><D61/><U18/><E108/><V60/><F74/><W39/><G128/><T110/><D22/><U37/><E67/><N who="2" m="39303" /><F131/><W75/><G75/><N who="0" m="43231" /><D70/><U12/><E0/><V62/><F134/><N who="0" m="51818" /><D69/><U103/><E84/><V83/><F83/><W43/><G105/><T31/><D31/><U51/><E37/><V8/><F30/><W93/><G63/><T104/><D129/><U64/><E64/><V116/><F116/><W59/><G5/><T124/><D104/><U68/><E68/><V107/><F107/><W44/><G44/><T42/><D42/><U88/><E40/><V80/><F80/><W21/><G21/><T29/><D29/><U101/><E55/><V76/><F76/><W87/><G102/><T130/><D130/><U41/><E41/><V86/><F15/><W16/><G95/><T73/><D73/><U118/><E118/><V32/><F32/><W135/><G135/><T106/><D106/><U33/><E103/><V2/><F2/><W24/><G85/><T79/><D79/><U66/><E101/><V77/><F86/><W125/><G125/><AGARI ba="1,0" hai="91,92,99,110,111,124,125,127" m="51818,43231" machi="125" ten="30,7700,0" yaku="18,1,20,1,34,2" doraHai="17" who="0" fromWho="3" sc="220,80,247,0,243,0,290,-80" owari="300,40.0,247,5.0,243,-16.0,210,-29.0" />
</Scene>
</mjloggm>