<mjloggm ver="2.3"><GO type="193"/><UN n0="%E7%92%B0%E5%A2%83%E6%95%99%E8%82%B2" n1="%E7%94%98%E3%81%88%E3%81%9F%E5%9D%8A%E4%B8%BB" n2="%E2%98%86%E9%B7%B2%E9%A0%AD%E6%A7%98%E2%98%86" n3="%E5%A4%AA%E3%81%8F%E3%81%AA%E3%81%84%E3%81%8A" dan="12,10,10,11" rate="1762,1838,1390,1805" sx="M,M,M,M"/><TAIKYOKU oya="0"/>

<Scene>
<INIT seed="0,0,0,3,3,88" ten="250,250,250,250" oya="0" hai0="55,91,20,40,73,31,54,37,68,113,93,106,65" hai1="115,78,39,101,25,2,99,17,13,3,132,133,108" hai2="100,21,86,98,4,56,92,18,46,116,52,45,19" hai3="128,47,103,87,48,118,64,77,80,38,117,7,112"/><T30/><D113/><U43/><E115/><V105/><F116/><W34/><G112/><T125/><D73/><U63/><E108/><V67/><F4/><W72/><G34/><T90/><D106/><U10/><E78/><V27/><F105/><W35/><G35/><T61/><D125/><U120/><E120/><V110/><F110/><W66/><G38/><T131/><D131/><U121/><E121/><V127/><F127/><W134/><G128/><T11/><D11/><U36/><E63/><V126/><F126/><W33/><G33/><T70/><D70/><U49/><E49/><V123/><F123/><W129/><G129/><T12/><D31/><U85/><E85/><V14/><F86/><W71/><G134/><N who="1" m="51818" /><E25/><V102/><F102/><W58/><G71/><T107/><D107/><N who="1" m="63935" /><E43/><V79/><F79/><W28/><G72/><T6/><D90/><U74/><E74/><V94/><F94/><W89/><G103/><T16/><D6/><U1/><E1/><V119/><F119/><W32/><G77/><T41/><D30/><U62/><E62/><V135/><F135/><W15/><G28/><T53/><REACH who="0" step="1"/><D37/><REACH who="0" ten="240,250,250,250" step="2"/><U97/><E2/><V84/><F67/><W114/><G114/><T44/><D44/><U111/><E111/><V0/><F0/><W81/><G64/><T95/><D95/><U124/><E124/><V122/><F122/><W29/><G66/><T24/><D24/><U76/><E3/><V130/><F130/><W42/><G32/><T60/><D60/><U109/><E109/><V83/><F45/><N who="3" m="25655" /><G118/><T104/><D104/><U69/><E39/><RYUUKYOKU ba="0,1" sc="240,30,250,-10,250,-10,250,-10" hai0="12,16,20,40,41,53,54,55,61,65,68,91,93" />
</Scene>
<Scene>
<INIT seed="0,1,1,5,5,49" ten="270,240,240,240" oya="0" hai0="104,122,16,109,0,63,72,73,61,38,12,29,116" hai1="89,48,126,86,33,106,71,74,103,96,57,22,102" hai2="97,107,27,98,93,1,115,85,123,119,31,81,53" hai3="64,4,110,32,35,133,44,95,42,52,108,3,99"/><T76/><D116/><U67/><E71/><V10/><F115/><W17/><G64/><T14/><D122/><U51/><E33/><V92/><F123/><W78/><G133/><T40/><D104/><U129/><E74/><V91/><F119/><W80/><G17/><T135/><D135/><U114/><E114/><V87/><F107/><W50/><G42/><T8/><D0/><U41/><E126/><V36/><F36/><W2/><G2/><T131/><D131/><U46/><E129/><V54/><F1/><W117/><G117/><T90/><D29/><U101/><E22/><V30/><F10/><N who="3" m="2335" /><G80/><T100/><D100/><U134/><E134/><V121/><F121/><W127/><G78/><T43/><D90/><U45/><E67/><V39/><F39/><W15/><G15/><T24/><D24/><U88/><E57/><V65/><F65/><W125/><G32/><T60/><D38/><U112/><E89/><V13/><F13/><W37/><G37/><T94/><D94/><U21/><E21/><V56/><F56/><W19/><G19/><T18/><D63/><U11/><E11/><V55/><F81/><W77/><G77/><T28/><D28/><N who="2" m="10794" /><F27/><W124/><G35/><T79/><D8/><U130/><E130/><V9/><F9/><W118/><G118/><T5/><REACH who="0" step="1"/><D5/><REACH who="0" ten="260,240,240,240" step="2"/><U113/><E112/><V6/><F6/><W26/><G26/><T7/><D7/><U69/><E113/><V59/><F59/><W120/><G120/><T83/><D83/><N who="1" m="49247" /><E69/><V34/><F34/><W70/><G70/><T66/><D66/><U23/><E23/><RYUUKYOKU ba="1,2" sc="260,0,240,0,240,0,240,0" hai0="12,14,16,18,40,43,60,61,72,73,76,79,109" hai1="41,45,46,48,51,96,101,102,103,106" hai2="53,54,55,85,87,91,92,93,97,98" hai3="44,50,52,95,99,108,110,124,125,127" />
</Scene>
<Scene>
<INIT seed="0,2,2,1,0,115" ten="260,240,240,240" oya="0" hai0="132,69,60,105,17,47,7,73,120,2,34,94,22" hai1="81,30,38,16,62,33,123,23,111,117,15,82,116" hai2="74,51,92,122,130,58,83,0,108,55,4,57,52" hai3="21,109,18,127,78,56,39,31,135,43,1,76,10"/><T72/><D120/><U49/><E38/><V91/><F122/><W50/><G39/><T125/><D105/><U41/><E123/><V131/><F108/><W98/><G109/><T100/><D34/><U29/><E111/><V124/><F0/><W87/><G127/><T89/><D125/><U101/><E101/><V59/><F4/><W71/><G71/><T13/><D47/><U3/><E3/><V106/><F124/><W14/><G135/><T5/><D132/><U96/><E96/><V46/><F106/><W42/><G98/><T54/><D100/><U77/><E81/><V112/><F112/><W12/><G1/><T80/><D2/><U67/><E41/><N who="3" m="15370" /><G87/><T85/><D72/><U61/><E49/><V95/><F74/><W110/><G110/><T9/><D9/><U28/><E33/><V121/><F121/><W11/><G31/><T37/><D37/><U119/><REACH who="1" step="1"/><E67/><REACH who="1" ten="260,230,240,240" step="2"/><V64/><F131/><W32/><G32/><T114/><D114/><U97/><E97/><V53/><F130/><W65/><G65/><T48/><D73/><AGARI ba="2,3" hai="15,16,23,28,29,30,61,62,73,77,82,116,117,119" machi="73" ten="50,16000,3" yaku="1,1,52,3,54,1,53,3" doraHai="115" doraHaiUra="27" who="1" fromWho="0" sc="260,-166,230,196,240,0,240,0" />
</Scene>
<Scene>
<INIT seed="1,0,0,0,5,85" ten="94,426,240,240" oya="1" hai0="117,57,47,65,30,116,68,58,134,35,32,106,24" hai1="84,9,17,102,11,93,22,36,88,73,23,90,104" hai2="72,64,13,67,16,124,53,61,14,7,100,49,45" hai3="34,97,98,96,1,89,83,54,44,109,74,20,118"/><U110/><E36/><V41/><F72/><W71/><G34/><T5/><D5/><U120/><E120/><V91/><F124/><W63/><G1/><T43/><D134/><U135/><E73/><V39/><F100/><W129/><G109/><T38/><D106/><U105/><E110/><V92/><F7/><W59/><G129/><T31/><D58/><U12/><E135/><V81/><F13/><W62/><G118/><T121/><D57/><U133/><E133/><V132/><F132/><W4/><G4/><T26/><REACH who="0" step="1"/><D121/><REACH who="0" ten="84,426,240,240" step="2"/><U101/><E105/><V29/><F29/><W111/><G59/><T123/><D123/><U2/><E104/><V52/><F39/><W108/><G108/><T37/><D37/><U70/><E70/><V10/><F81/><W95/><G71/><T107/><D107/><U115/><E115/><V48/><F61/><AGARI ba="0,1" hai="24,26,30,31,32,35,38,43,47,61,65,68,116,117" machi="61" ten="40,8000,1" yaku="1,1,9,1,23,2,53,1" doraHai="85" doraHaiUra="66" who="0" fromWho="2" sc="84,90,426,0,240,-80,240,0" />
</Scene>
<Scene>
<INIT seed="2,0,0,0,0,135" ten="174,426,160,240" oya="2" hai0="63,125,16,60,134,76,66,11,69,51,42,41,2" hai1="17,10,38,112,72,83,128,75,27,80,14,87,36" hai2="64,8,74,130,103,7,85,32,35,50,24,123,19" hai3="6,29,110,117,129,9,3,131,26,13,70,96,106"/><V58/><F123/><W30/><G70/><T0/><D76/><U84/><E112/><V99/><F130/><N who="3" m="49675" /><G117/><T54/><D134/><U88/><E128/><V31/><F74/><W52/><G110/><T57/><D2/><U71/><E71/><V34/><F85/><W79/><G79/><T109/><D0/><U113/><E113/><V122/><F50/><W81/><G81/><T118/><D11/><U56/><E56/><V102/><F122/><W77/><G77/><T93/><D93/><U65/><E65/><V21/><F58/><W97/><G3/><T53/><D16/><U46/><E27/><V126/><F64/><W120/><G120/><T98/><D98/><N who="3" m="37993" /><G106/><T25/><D25/><U90/><REACH who="1" step="1"/><E46/><REACH who="1" ten="174,416,160,240" step="2"/><V100/><F99/><W44/><G26/><T12/><D118/><U22/><E22/><N who="2" m="15767" /><F102/><W91/><G44/><N who="0" m="27879" /><D12/><U39/><AGARI ba="0,1" hai="10,14,17,36,38,39,72,75,80,83,84,87,88,90" machi="39" ten="30,8000,1" yaku="1,1,0,1,9,1,54,1,53,1" doraHai="135" doraHaiUra="5" who="1" fromWho="1" sc="174,-20,416,90,160,-40,240,-20" />
</Scene>
<Scene>
<INIT seed="3,0,0,5,1,75" ten="154,506,120,220" oya="3" hai0="87,114,108,60,6,77,83,93,90,81,70,88,112" hai1="110,66,17,133,15,45,39,41,52,29,116,25,8" hai2="130,48,125,61,40,20,51,123,11,84,78,34,59" hai3="10,49,79,76,111,65,54,80,56,101,132,27,128"/><W86/><G132/><T91/><D70/><U32/><E133/><V95/><F34/><W14/><G128/><T129/><D6/><U31/><E110/><V24/><F123/><W96/><G111/><T68/><D68/><U2/><E116/><V3/><F125/><W22/><G65/><T85/><D60/><U42/><E66/><V50/><F130/><W94/><G10/><T47/><D47/><U135/><E135/><V9/><F3/><W99/><G99/><T53/><D53/><U58/><E41/><V37/><F37/><W63/><G14/><T131/><D108/><U28/><E2/><V104/><F104/><W89/><G89/><T109/><D109/><U98/><E98/><V115/><F115/><W23/><G76/><T82/><D93/><U18/><E18/><V0/><F0/><W69/><G69/><T102/><D102/><U72/><E72/><V73/><F73/><W127/><G127/><T62/><D62/><AGARI ba="0,0" hai="8,15,17,25,28,29,31,32,39,42,45,52,58,62" machi="62" ten="30,2000,0" yaku="7,1,54,1" doraHai="75" who="1" fromWho="0" sc="154,-20,506,20,120,0,220,0" owari="134,-27.0,526,63.0,120,-38.0,220,2.0" />
</Scene>
</mjloggm>