<mjloggm ver="2.3"><GO type="193"/><UN n0="%E5%A4%AA%E3%81%8F%E3%81%AA%E3%81%84%E3%81%8A" n1="%E3%81%A1%E3%82%88%E7%88%B6" n2="%E7%A9%B4%E3%81%82%E3%81%8D" n3="%E5%A4%A9%E3%81%A1%E3%82%83%E3%82%93%E3%81%A8" dan="12,12,12,11" rate="1966,1681,1648,1731" sx="M,M,M,F"/><TAIKYOKU oya="0"/>

<Scene>
<INIT seed="0,0,0,5,4,54" ten="250,250,250,250" oya="0" hai0="74,134,103,31,115,15,19,59,29,89,75,35,71" hai1="117,111,53,76,100,97,87,52,48,125,24,60,90" hai2="126,40,96,21,93,77,51,110,112,127,5,79,86" hai3="68,80,78,62,34,73,122,55,120,23,11,56,84"/><T1/><D71/><U64/><E117/><V70/><F112/><W83/><G68/><T7/><D115/><U8/><E125/><N who="2" m="47627" /><F70/><W107/><G34/><T69/><D69/><U130/><E76/><N who="2" m="29259" /><F5/><W132/><G107/><T81/><D103/><U38/><E38/><V98/><F21/><W129/><G11/><N who="0" m="2543" /><D29/><U116/><E8/><V22/><F22/><W58/><G23/><N who="0" m="11775" /><D134/><U4/><E116/><V102/><F110/><W43/><G43/><T41/><D41/><U128/><E111/><V92/><F40/><W37/><G37/><T94/><D81/><U3/><E3/><V108/><F51/><W39/><G39/><T20/><D20/><U0/><E0/><V6/><F6/><W49/><G129/><T82/><D82/><U135/><E4/><V57/><F57/><N who="3" m="33007" /><G132/><T32/><D32/><U133/><E133/><V14/><F108/><W101/><G101/><T12/><D12/><U65/><E135/><V113/><F113/><W63/><G63/><T30/><D30/><U124/><E124/><V85/><F14/><W17/><G17/><T25/><D59/><U114/><E114/><V91/><AGARI ba="0,0" hai="85,86,91,92,93,96,98,102" m="29259,47627" machi="91" ten="30,4000,0" yaku="18,1,34,2" doraHai="54" who="2" fromWho="2" sc="250,-20,250,-10,250,40,250,-10" />
</Scene>
<Scene>
<INIT seed="1,0,0,3,5,7" ten="230,240,290,240" oya="1" hai0="89,46,40,51,117,8,5,92,86,19,105,101,22" hai1="119,123,31,47,12,87,48,30,44,9,67,55,63" hai2="57,104,13,131,58,16,64,98,135,112,6,100,132" hai3="39,78,124,10,42,85,73,45,82,62,1,33,38"/><U21/><E119/><V93/><F6/><N who="3" m="1359" /><G38/><T35/><D117/><U66/><E123/><V25/><F112/><W36/><G36/><T127/><D127/><U95/><E47/><V41/><F25/><W24/><G85/><T37/><D35/><U77/><E63/><V81/><F41/><W23/><G62/><T4/><D37/><U102/><E77/><V72/><F131/><W43/><G43/><T52/><D40/><U3/><E3/><V106/><F81/><W110/><G23/><T108/><D108/><U120/><E120/><V107/><F72/><W88/><G88/><T26/><REACH who="0" step="1"/><D8/><REACH who="0" ten="220,240,290,240" step="2"/><U59/><E9/><V79/><F135/><W130/><G130/><T90/><D90/><U69/><E102/><V18/><F132/><W91/><G91/><T56/><D56/><U128/><E59/><V54/><F58/><W134/><G134/><T14/><D14/><U84/><E128/><V34/><F13/><W83/><G124/><T15/><D15/><U97/><E12/><V61/><F79/><W2/><G2/><T111/><D111/><U32/><E32/><V80/><F34/><W29/><G83/><T129/><D129/><U109/><E69/><V28/><F80/><W116/><G116/><T115/><D115/><U50/><E109/><AGARI ba="0,1" hai="24,29,33,39,42,45,73,78,82,109,110" m="1359" machi="109" ten="30,3900,0" yaku="25,1,23,1,52,1" doraHai="7" who="3" fromWho="1" sc="220,0,240,-39,290,0,240,49" />
</Scene>
<Scene>
<INIT seed="2,0,0,5,0,121" ten="220,201,290,289" oya="2" hai0="43,19,120,84,44,25,18,119,111,79,107,128,1" hai1="132,93,98,57,56,5,4,78,94,55,23,31,29" hai2="80,2,46,118,49,88,73,76,17,69,64,40,82" hai3="24,113,6,8,48,0,68,83,109,38,114,122,131"/><V11/><F118/><W34/><G109/><T39/><D120/><U28/><E132/><V133/><F133/><W9/><G38/><T50/><D107/><U47/><E78/><V117/><F117/><W33/><G122/><T16/><D1/><U125/><E125/><V91/><F82/><W62/><G131/><T123/><D123/><U100/><E94/><V71/><F64/><W45/><G68/><T20/><D119/><U134/><E134/><V22/><F69/><W30/><G62/><T61/><D128/><U87/><E55/><V58/><F71/><W129/><G129/><T127/><D127/><U106/><E47/><V89/><F58/><W75/><G83/><N who="0" m="47231" /><D39/><U7/><REACH who="1" step="1"/><E23/><REACH who="1" ten="220,191,290,289" step="2"/><V66/><F22/><W65/><G75/><T54/><D111/><U130/><E130/><V63/><F73/><W15/><G65/><T95/><D95/><U92/><E92/><V13/><F66/><W14/><G48/><N who="0" m="26655" /><D61/><U99/><E99/><V41/><F63/><W59/><G45/><AGARI ba="0,1" hai="16,18,19,20,25,45,50,54" m="26655,47231" machi="45" ten="30,2000,0" yaku="8,1,54,1" doraHai="121" who="0" fromWho="3" sc="220,30,191,0,290,0,289,-20" />
</Scene>
<Scene>
<INIT seed="3,0,0,0,0,122" ten="250,191,290,269" oya="3" hai0="37,10,104,86,4,34,9,120,121,32,40,24,65" hai1="1,15,109,61,71,14,21,93,55,64,97,8,2" hai2="67,89,133,7,31,66,57,110,20,72,96,35,45" hai3="79,112,38,27,68,56,74,50,105,25,80,103,102"/><W58/><G68/><T33/><D104/><U125/><E125/><V69/><F72/><W135/><G38/><T123/><D65/><U62/><E109/><V129/><F110/><W82/><G112/><T131/><D86/><U117/><E117/><V11/><F35/><W98/><G135/><T128/><D40/><U41/><E41/><V5/><F69/><W132/><G132/><T77/><D77/><U44/><E21/><V113/><F133/><W88/><G102/><T75/><D75/><U48/><E61/><V49/><F113/><W59/><G50/><T54/><D54/><U28/><E28/><V87/><F96/><W90/><G90/><T78/><D78/><U108/><E108/><V42/><F7/><W126/><G126/><T101/><D101/><U76/><E76/><V6/><F6/><W134/><G134/><T85/><D85/><U17/><E14/><V95/><F129/><N who="0" m="49738" /><D37/><U127/><E127/><V84/><F87/><W83/><REACH who="3" step="1"/><G83/><REACH who="3" ten="250,191,290,259" step="2"/><T0/><D121/><U130/><E130/><V92/><F92/><W100/><G100/><AGARI ba="0,1" hai="1,2,8,15,17,44,48,55,62,64,71,93,97,100" machi="100" ten="30,1000,0" yaku="7,1" doraHai="122" who="1" fromWho="3" sc="250,0,191,20,290,0,259,-10" />
</Scene>
<Scene>
<INIT seed="4,0,0,2,0,113" ten="250,211,290,249" oya="0" hai0="21,60,102,10,56,69,105,19,64,20,132,134,94" hai1="87,7,79,126,131,57,101,41,81,48,117,104,92" hai2="5,72,25,63,26,108,76,103,109,47,95,43,93" hai3="122,8,67,40,39,120,98,110,135,15,62,78,35"/><T58/><D105/><U116/><E131/><V32/><F63/><W74/><G35/><T16/><D10/><U99/><E126/><V4/><F103/><W88/><G110/><T84/><D102/><U114/><E7/><V3/><F32/><W18/><G78/><T121/><D121/><N who="3" m="46697" /><G74/><T33/><D33/><U27/><E27/><V100/><F100/><W118/><G135/><N who="0" m="51755" /><D21/><U68/><E68/><V28/><F5/><W61/><G61/><T44/><D44/><N who="1" m="25615" /><E57/><N who="0" m="22121" /><D20/><U42/><E42/><V70/><F70/><W115/><G115/><T77/><D77/><U125/><E125/><V34/><F26/><W51/><G39/><T91/><AGARI ba="0,0" hai="16,19,60,64,69,84,91,94" m="22121,51755" machi="91" ten="30,3000,0" yaku="20,1,54,1" doraHai="113" who="0" fromWho="0" sc="250,30,211,-10,290,-10,249,-10" />
</Scene>
<Scene>
<INIT seed="4,1,0,1,4,10" ten="280,201,280,239" oya="0" hai0="115,66,101,133,69,119,54,34,107,64,128,77,4" hai1="67,14,134,104,116,53,95,35,130,97,52,25,30" hai2="61,17,82,92,105,47,24,71,11,123,65,91,108" hai3="110,46,60,73,94,89,68,103,114,102,121,19,21"/><T86/><D119/><U28/><E116/><V36/><F105/><W125/><G114/><T78/><D115/><U132/><E104/><V43/><F123/><W75/><G110/><T56/><D34/><U58/><E130/><V129/><F108/><W113/><G125/><T3/><D69/><U109/><E109/><V117/><F117/><W90/><G121/><T5/><D128/><U112/><E112/><V26/><F129/><W88/><G113/><T15/><D3/><U126/><E126/><V29/><F82/><W9/><G9/><N who="0" m="4519" /><D107/><U57/><E14/><V84/><F29/><W18/><G46/><T81/><D5/><U41/><E41/><V62/><F61/><W40/><G40/><T55/><D133/><N who="1" m="51307" /><E30/><V37/><F36/><W12/><G19/><T6/><D6/><U42/><E42/><V127/><F127/><W48/><G48/><N who="0" m="30791" /><D101/><N who="1" m="60607" /><E67/><N who="0" m="25641" /><D55/><AGARI ba="1,0" hai="25,28,35,52,53,55,57,58" m="60607,51307" machi="55" ten="30,2000,0" yaku="20,1,54,1" doraHai="10" who="1" fromWho="0" sc="280,-23,201,23,280,0,239,0" />
</Scene>
<Scene>
<INIT seed="5,0,0,5,2,98" ten="257,224,280,239" oya="1" hai0="11,15,37,103,109,87,123,40,132,91,10,105,127" hai1="84,54,112,101,23,21,4,96,13,47,81,60,71" hai2="53,122,88,66,26,57,56,46,94,90,30,100,74" hai3="38,24,0,7,3,45,48,117,83,119,133,12,18"/><U125/><E112/><V107/><F122/><W110/><G38/><T129/><D109/><U77/><E125/><V25/><F74/><W33/><G110/><T29/><D127/><U5/><E71/><V104/><F46/><W28/><G133/><T97/><D132/><U52/><E60/><V95/><F53/><W72/><G72/><T61/><D123/><U76/><E76/><V50/><F30/><W79/><G79/><T102/><D129/><U41/><E41/><V80/><F66/><W64/><G83/><T85/><D29/><U99/><E99/><V65/><F65/><W14/><G64/><T59/><D103/><U126/><E126/><V82/><F100/><W111/><G111/><T1/><D1/><N who="3" m="585" /><G48/><AGARI ba="0,0" hai="25,26,48,50,56,57,80,82,88,90,94,95,104,107" machi="48" ten="25,3200,0" yaku="22,2,54,1" doraHai="98" who="2" fromWho="3" sc="257,0,224,0,280,32,239,-32" owari="257,6.0,224,-18.0,312,41.0,207,-29.0" />
</Scene>
</mjloggm>