<mjloggm ver="2.3"><GO type="193"/><UN n0="%74%6F%6B%6F%64%6D" n1="%E3%81%B3%E3%81%B5%E3%81%89%E3%82%86" n2="%E5%A4%AA%E3%81%8F%E3%81%AA%E3%81%84%E3%81%8A" n3="%62%69%62%69%62%75" dan="12,11,12,12" rate="1681,1515,1925,1727" sx="M,M,M,F"/><TAIKYOKU oya="0"/>

<Scene>
<INIT seed="0,0,0,0,5,28" ten="250,250,250,250" oya="0" hai0="132,52,7,80,50,29,107,89,103,84,116,34,54" hai1="22,81,118,128,69,67,133,65,75,93,59,16,43" hai2="135,109,63,21,124,4,45,14,94,79,32,125,123" hai3="86,112,99,38,97,20,115,96,44,17,76,82,53"/><T40/><D116/><U92/><E118/><V6/><F123/><W121/><G121/><T11/><D107/><U3/><E3/><V73/><F109/><W23/><G38/><T114/><D103/><U131/><E133/><V105/><F105/><W71/><G71/><T58/><D114/><U60/><E43/><V70/><F135/><W74/><G115/><T106/><D106/><U62/><E75/><V126/><F32/><W57/><G112/><T24/><D132/><U30/><E30/><V56/><F70/><W1/><G1/><T102/><D102/><U31/><E31/><V68/><F68/><W33/><G33/><T111/><D111/><U46/><E46/><V27/><F45/><W101/><G44/><T129/><D129/><N who="1" m="49739" /><E81/><N who="2" m="45295" /><F94/><N who="3" m="58519" /><G74/><T13/><D40/><U10/><E10/><V0/><F14/><AGARI ba="0,0" hai="14,16,22,59,60,62,65,67,69,92,93" m="49739" machi="14" ten="30,2000,0" yaku="19,1,54,1" doraHai="28" who="1" fromWho="2" sc="250,0,250,20,250,-20,250,0" />
</Scene>
<Scene>
<INIT seed="1,0,0,3,2,115" ten="250,270,230,250" oya="1" hai0="109,128,79,108,10,117,134,37,70,18,67,69,89" hai1="75,95,6,112,104,96,54,20,65,2,22,47,30" hai2="12,7,82,126,56,36,113,9,101,94,25,13,55" hai3="60,102,33,124,92,39,133,38,14,58,40,16,121"/><U46/><E112/><V130/><F113/><W59/><G121/><T4/><D37/><U31/><E75/><V123/><F123/><W1/><G33/><T57/><D79/><U42/><E65/><V17/><F36/><W116/><G1/><T100/><D100/><U63/><E104/><V103/><F126/><W131/><G124/><T19/><D128/><U81/><E81/><V91/><F130/><W132/><G131/><T98/><D134/><N who="3" m="51817" /><G116/><T43/><D43/><U64/><E2/><V122/><F82/><W11/><G40/><T85/><D98/><U86/><E86/><N who="2" m="52599" /><F25/><W23/><G102/><T61/><D70/><U107/><E107/><V72/><F72/><W88/><G11/><T49/><D69/><U66/><E6/><V119/><F119/><W53/><G59/><T15/><D49/><U127/><E127/><V118/><F118/><W45/><G45/><T77/><D77/><U26/><E30/><V8/><F122/><W27/><G14/><T5/><D19/><U80/><E80/><V0/><F0/><W106/><G106/><T51/><D51/><AGARI ba="0,0" hai="7,8,9,12,13,17,51,55,56,101,103" m="52599" machi="51" ten="30,1000,0" yaku="8,1" doraHai="115" who="2" fromWho="0" sc="250,-10,270,0,230,10,250,0" />
</Scene>
<Scene>
<INIT seed="2,0,0,1,1,72" ten="240,270,240,250" oya="2" hai0="74,18,42,119,58,65,105,85,11,103,49,40,87" hai1="47,34,45,23,8,38,95,55,131,107,46,60,76" hai2="126,7,124,9,0,5,43,3,24,112,68,77,82" hai3="108,59,117,6,56,81,90,122,29,19,28,10,32"/><V12/><F112/><W93/><G122/><T51/><D119/><U123/><E107/><V134/><F68/><W116/><G32/><T31/><D31/><U15/><E34/><V132/><F43/><W70/><G70/><T62/><D105/><U89/><E123/><V33/><F82/><W118/><G81/><T88/><D103/><U111/><E131/><V120/><F77/><W26/><G108/><T16/><D74/><U61/><E111/><V30/><F120/><W92/><G19/><T48/><D11/><U2/><E2/><N who="2" m="555" /><F5/><W71/><G71/><T20/><D18/><U99/><E76/><V83/><F83/><W35/><G29/><T1/><D1/><U91/><E38/><V114/><F114/><W135/><G135/><AGARI ba="0,0" hai="7,9,12,24,30,33,124,126,132,134,135" m="555" machi="135" ten="30,5800,0" yaku="20,1,34,2" doraHai="72" who="2" fromWho="3" sc="240,0,270,0,240,58,250,-58" />
</Scene>
<Scene>
<INIT seed="2,1,0,0,3,96" ten="240,270,298,192" oya="2" hai0="24,126,50,124,76,104,105,57,56,26,32,12,121" hai1="3,25,41,30,4,120,110,9,92,47,21,53,44" hai2="18,133,19,63,78,72,111,91,115,109,135,93,54" hai3="95,52,132,11,36,99,38,74,98,35,123,58,45"/><V67/><F115/><W73/><G123/><T43/><D121/><U20/><E120/><V10/><F54/><W90/><G35/><T94/><D76/><U70/><E70/><N who="2" m="42367" /><F78/><W128/><G128/><T129/><D129/><U2/><E92/><V102/><F72/><W62/><G132/><N who="2" m="50761" /><F102/><W125/><G125/><N who="0" m="48235" /><D32/><U31/><E110/><N who="2" m="41995" /><F10/><W122/><G122/><T66/><D12/><U101/><E101/><V81/><F81/><W119/><G119/><T7/><D7/><U8/><E53/><V5/><F5/><W14/><G74/><T22/><D43/><U23/><E41/><V48/><F48/><W97/><G73/><T64/><D50/><U113/><E113/><V6/><F6/><W84/><REACH who="3" step="1"/><G45/><REACH who="3" ten="240,270,298,182" step="2"/><T79/><D79/><U103/><E47/><V112/><F112/><W28/><G28/><T65/><D22/><U13/><E44/><V61/><F61/><W60/><G60/><T106/><D94/><U82/><E82/><V83/><F83/><W15/><G15/><T51/><D51/><U131/><E131/><V114/><F114/><W107/><G107/><T75/><D75/><U89/><E31/><V77/><F77/><W100/><G100/><T87/><D87/><AGARI ba="1,1" hai="18,19,87,91,93" m="41995,50761,42367" machi="87" ten="30,5800,0" yaku="20,1,14,1,10,1" doraHai="96" who="2" fromWho="0" sc="240,-61,270,0,298,71,182,0" />
</Scene>
<Scene>
<INIT seed="2,2,0,5,1,94" ten="179,270,369,182" oya="2" hai0="33,116,86,129,126,124,118,25,20,125,39,97,61" hai1="121,58,16,23,13,59,101,54,82,19,76,35,7" hai2="64,127,0,56,65,41,75,22,103,62,79,99,111" hai3="66,109,91,72,42,90,57,27,78,106,21,81,113"/><V92/><F0/><W96/><G113/><T32/><D39/><U17/><E35/><V1/><F1/><W9/><G109/><T132/><D61/><U87/><E101/><V48/><F111/><W52/><G66/><T12/><D86/><U130/><E121/><V134/><F134/><W3/><G42/><T131/><D97/><U83/><E130/><N who="0" m="49673" /><D12/><U60/><E7/><V51/><F127/><W15/><G3/><T29/><D132/><U84/><REACH who="1" step="1"/><E59/><REACH who="1" ten="179,260,369,182" step="2"/><V107/><F56/><W122/><G122/><T53/><D53/><U117/><E117/><AGARI ba="2,1" hai="20,25,29,32,33,116,117,118,124,125,126" m="49673" machi="117" ten="40,8000,1" yaku="12,1,18,1,19,1,34,2" doraHai="94" who="0" fromWho="1" sc="179,96,260,-86,369,0,182,0" />
</Scene>
<Scene>
<INIT seed="3,0,0,3,4,80" ten="275,174,369,182" oya="3" hai0="98,35,63,97,13,4,73,86,14,5,84,69,96" hai1="11,95,67,112,68,20,129,57,92,15,56,2,85" hai2="122,3,71,36,116,30,7,25,125,48,37,132,18" hai3="106,110,124,65,81,108,34,88,47,53,61,76,100"/><W66/><G34/><T26/><D73/><U89/><E112/><V64/><F116/><W50/><G124/><T24/><D35/><U90/><E2/><V17/><F7/><N who="0" m="2634" /><D69/><U134/><E68/><V130/><F3/><W0/><G0/><T117/><D117/><U52/><E134/><V51/><F64/><W22/><G106/><T72/><D72/><U43/><E129/><V87/><F71/><W103/><G22/><T135/><D135/><U133/><E133/><V75/><F75/><N who="3" m="43167" /><G66/><T79/><D63/><U82/><E67/><V128/><F132/><W99/><G65/><T9/><D79/><U19/><E43/><V119/><F125/><W93/><G61/><T83/><D83/><U16/><E57/><V41/><F119/><W111/><AGARI ba="0,0" hai="47,50,53,88,93,99,100,103,108,110,111" m="43167" machi="111" ten="30,6000,0" yaku="14,1,10,1,54,1" doraHai="80" who="3" fromWho="3" sc="275,-20,174,-20,369,-20,182,60" />
</Scene>
<Scene>
<INIT seed="3,1,0,1,3,8" ten="255,154,349,242" oya="3" hai0="122,18,16,130,106,24,79,100,26,9,45,124,3" hai1="39,111,116,19,113,133,117,119,89,32,105,95,98" hai2="126,44,76,82,36,90,125,10,14,17,128,91,54" hai3="68,92,31,37,41,59,11,97,120,33,71,84,115"/><W108/><G120/><T49/><D122/><U74/><E39/><V107/><F107/><W88/><G115/><T12/><D79/><U35/><E74/><V7/><F128/><W70/><G11/><T1/><D106/><U93/><E19/><V15/><F36/><W23/><G108/><T21/><D100/><U4/><E4/><V52/><F91/><W86/><G33/><T77/><D77/><U48/><E48/><V131/><F90/><W28/><G37/><T103/><D103/><U51/><E51/><V50/><F54/><W61/><G41/><T34/><D130/><U104/><E35/><V85/><F131/><W80/><G86/><T13/><D124/><N who="2" m="47722" /><F17/><W101/><REACH who="3" step="1"/><G23/><REACH who="3" ten="255,154,349,232" step="2"/><T38/><D38/><U102/><E32/><V62/><F62/><W135/><G135/><T55/><REACH who="0" step="1"/><D34/><REACH who="0" ten="245,154,349,232" step="2"/><U72/><E72/><V96/><F96/><W127/><G127/><T6/><D6/><U58/><E133/><V29/><F29/><W110/><G110/><T66/><D66/><AGARI ba="1,2" hai="28,31,59,61,66,68,70,71,80,84,88,92,97,101" machi="66" ten="40,3900,0" yaku="1,1,54,1,53,0" doraHai="8" doraHaiUra="22" who="3" fromWho="0" sc="245,-42,154,0,349,0,232,62" />
</Scene>
<Scene>
<INIT seed="3,2,0,5,0,70" ten="203,154,349,294" oya="3" hai0="120,68,64,77,122,87,92,109,23,84,117,26,25" hai1="43,133,7,0,5,119,129,19,78,42,38,134,60" hai2="108,105,2,112,4,9,110,1,44,86,96,49,59" hai3="28,102,53,98,116,39,50,11,125,85,100,22,27"/><W8/><G116/><T103/><D68/><U90/><E60/><V56/><F112/><W113/><G113/><T121/><D64/><U51/><E119/><V32/><F32/><W12/><G125/><T57/><D117/><U83/><E129/><V24/><F2/><W80/><G39/><T65/><D109/><N who="2" m="42090" /><F24/><W40/><G40/><T124/><D124/><U71/><E71/><V14/><F14/><W37/><G37/><T15/><D15/><U48/><E19/><V16/><F16/><N who="3" m="8199" /><G11/><T3/><D3/><U99/><E43/><N who="2" m="24735" /><F86/><W114/><G98/><T97/><D77/><U21/><E21/><V95/><F105/><W55/><G114/><T52/><D65/><U29/><E29/><V62/><F62/><W30/><G30/><T127/><D127/><U41/><E41/><V104/><F104/><W123/><G123/><T94/><D94/><U135/><E7/><V63/><F63/><W17/><G28/><T131/><D131/><U101/><E90/><AGARI ba="2,0" hai="1,4,9,56,59,90,95,96" m="24735,42090" machi="90" ten="30,1000,0" yaku="14,1" doraHai="70" who="2" fromWho="1" sc="203,0,154,-16,349,16,294,0" owari="203,-20.0,138,-36.0,365,47.0,294,9.0" />
</Scene>
</mjloggm>