<mjloggm ver="2.3"><GO type="41"/><UN n0="%E5%8F%A4%E5%B7%9D%E8%AA%A0%E5%A4%AA%E9%83%8E" n1="%E3%81%AD%E3%81%B5%E3%81%87%E3%82%8B%E3%81%B4%E3%81%A8%E3%83%BC" n2="%E5%A4%AA%E3%81%8F%E3%81%AA%E3%81%84%E3%81%8A" n3="%39%30%2D%74%61%6D" dan="14,16,15,15" rate="1954,1982,2042,1969" sx="M,M,M,M"/><TAIKYOKU oya="0"/>

<Scene>
<INIT seed="0,0,0,1,0,90" ten="250,250,250,250" oya="0" hai0="68,119,36,77,132,127,108,99,4,50,110,38,118" hai1="53,26,124,129,12,130,122,92,89,65,109,104,17" hai2="69,32,81,80,41,102,22,74,64,8,1,100,23" hai3="51,46,29,85,96,16,94,105,63,73,49,125,34"/><T79/><D4/><U126/><E104/><V43/><F32/><W10/><G73/><T84/><D68/><U56/><E65/><V120/><F64/><W121/><G121/><T67/><D67/><U71/><E71/><V6/><F69/><W117/><G117/><T39/><D127/><N who="1" m="48683" /><E122/><V78/><F120/><W128/><G125/><T7/><D7/><U20/><E109/><N who="0" m="42089" /><D132/><U37/><E37/><V52/><F81/><W123/><G123/><T18/><D99/><N who="1" m="57743" /><E12/><V30/><F22/><W86/><G105/><T13/><D50/><AGARI ba="0,0" hai="17,20,26,50,53,56,129,130" m="57743,48683" machi="50" ten="30,2000,0" yaku="18,1,52,1" doraHai="90" who="1" fromWho="0" sc="250,-20,250,20,250,0,250,0" />
</Scene>
<Scene>
<INIT seed="1,0,0,5,0,102" ten="230,270,250,250" oya="1" hai0="110,93,79,73,124,96,121,109,70,14,41,100,123" hai1="46,67,65,64,133,106,29,49,48,72,119,44,116" hai2="42,83,101,80,122,131,1,25,43,88,36,22,16" hai3="18,99,111,47,45,35,0,60,104,69,81,59,91"/><U38/><E72/><V68/><F122/><N who="0" m="46602" /><D70/><U21/><E21/><V98/><F68/><W118/><G0/><T84/><D14/><U78/><E78/><V61/><F1/><W128/><G118/><N who="1" m="45098" /><E29/><V32/><F32/><W13/><G128/><T34/><D41/><N who="1" m="22583" /><E106/><V132/><F131/><W112/><G69/><T23/><D34/><U135/><E46/><V115/><F80/><W4/><G112/><T57/><D23/><U127/><E127/><V85/><F115/><W77/><G35/><T58/><D124/><U87/><E87/><V19/><F19/><W2/><G4/><T5/><D5/><U50/><AGARI ba="0,0" hai="48,49,50,64,65,67,133,135" m="22583,45098" machi="50" ten="40,3900,0" yaku="34,2" doraHai="102" who="1" fromWho="1" sc="230,-13,270,39,250,-13,250,-13" />
</Scene>
<Scene>
<INIT seed="1,1,0,1,1,121" ten="217,309,237,237" oya="1" hai0="48,61,132,2,119,39,91,34,40,25,70,14,96" hai1="88,59,20,82,111,83,113,1,105,117,9,5,87" hai2="35,134,52,86,128,75,85,109,64,37,6,106,118" hai3="4,97,55,24,104,90,16,49,12,124,27,74,135"/><U53/><E113/><V68/><RYUUKYOKU type="yao9" ba="1,0" sc="217,0,309,0,237,0,237,0" hai2="6,35,37,52,64,68,75,85,86,106,109,118,128,134" />
</Scene>
<Scene>
<INIT seed="1,2,0,4,5,66" ten="217,309,237,237" oya="1" hai0="93,0,113,80,99,31,38,7,115,90,98,17,67" hai1="30,86,121,28,50,6,58,134,71,127,135,106,74" hai2="59,105,118,63,112,1,62,8,47,36,14,44,120" hai3="85,77,110,45,22,49,129,100,109,57,26,42,88"/><U101/><E74/><V70/><F105/><W125/><G125/><T95/><D38/><U97/><E121/><V2/><F120/><W69/><G129/><T133/><D133/><N who="1" m="50699" /><E127/><V104/><F104/><W43/><G77/><T84/><D31/><N who="1" m="11819" /><E6/><V39/><F118/><W46/><G100/><T21/><D7/><U53/><E86/><V103/><F103/><W123/><G123/><T4/><D0/><U68/><AGARI ba="2,0" hai="50,53,58,68,71,97,101,106" m="11819,50699" machi="68" ten="30,6000,0" yaku="20,1,52,2" doraHai="66" who="1" fromWho="1" sc="217,-22,309,66,237,-22,237,-22" />
</Scene>
<Scene>
<INIT seed="1,3,0,2,5,72" ten="195,375,215,215" oya="1" hai0="75,132,18,130,127,31,8,78,79,34,10,25,94" hai1="9,131,106,62,51,112,1,0,101,58,113,4,118" hai2="86,57,116,15,66,76,91,63,69,68,87,24,27" hai3="70,20,126,39,7,14,74,124,93,19,35,111,59"/><U77/><E118/><V48/><F116/><W38/><G70/><T114/><D114/><U3/><E131/><V52/><F69/><W99/><G35/><T104/><D104/><U41/><E106/><V85/><F15/><W6/><G74/><T97/><D75/><U53/><E101/><V92/><REACH who="2" step="1"/><F86/><REACH who="2" ten="195,375,205,215" step="2"/><W17/><G111/><T26/><D130/><U117/><E117/><V89/><F89/><W96/><G126/><T50/><D127/><U47/><REACH who="1" step="1"/><E77/><REACH who="1" ten="195,365,205,215" step="2"/><V33/><F33/><W134/><G124/><T120/><D78/><U32/><E32/><V23/><F23/><W12/><G20/><T122/><D79/><U56/><E56/><V28/><F28/><W16/><G59/><T37/><D31/><U82/><E82/><AGARI ba="3,2" hai="24,27,48,52,57,63,66,68,76,82,85,87,91,92" machi="82" ten="40,5200,0" yaku="1,1,52,1,54,1,53,0" doraHai="72" doraHaiUra="103" who="2" fromWho="1" sc="195,0,365,-61,205,81,215,0" />
</Scene>
<Scene>
<INIT seed="2,0,0,2,2,82" ten="195,304,286,215" oya="2" hai0="78,85,46,63,54,12,100,9,6,123,111,39,127" hai1="22,19,27,81,64,120,73,51,115,18,113,80,107" hai2="23,70,131,26,79,103,116,99,30,114,105,69,36" hai3="57,7,60,15,48,50,10,45,16,86,56,75,109"/><V71/><F116/><W76/><G75/><T34/><D123/><U37/><E37/><V90/><F114/><W65/><G109/><T62/><D34/><U44/><E120/><V5/><F36/><W101/><G101/><T33/><D111/><U87/><E107/><V97/><F131/><W68/><G50/><T41/><D33/><U134/><E134/><V40/><F40/><W52/><G7/><T118/><D118/><U35/><E35/><V11/><F79/><W74/><G74/><T8/><D127/><U67/><E73/><V108/><F108/><W121/><G121/><T130/><D100/><U91/><E81/><V55/><F55/><W84/><G76/><T124/><D124/><U128/><E128/><V93/><REACH who="2" step="1"/><F69/><REACH who="2" ten="195,304,276,215" step="2"/><W125/><G125/><T28/><D54/><N who="1" m="30055" /><E115/><V94/><F94/><W49/><G68/><T21/><D130/><U53/><E113/><V25/><F25/><W72/><G72/><T13/><D78/><U106/><E106/><V77/><F77/><W43/><AGARI ba="0,1" hai="10,15,16,43,45,48,49,52,56,57,60,65,84,86" machi="43" ten="20,12000,2" yaku="0,1,7,1,8,1,52,2,54,2" doraHai="82" who="3" fromWho="3" sc="195,-30,304,-30,276,-60,215,130" />
</Scene>
<Scene>
<INIT seed="3,0,0,3,4,64" ten="165,274,216,345" oya="3" hai0="121,123,31,28,11,22,24,2,43,128,70,115,107" hai1="122,80,73,13,96,6,3,7,103,63,26,54,58" hai2="91,35,126,77,94,51,135,49,60,74,90,83,134" hai3="53,15,86,44,23,125,46,40,99,88,71,36,76"/><W38/><G125/><T130/><D107/><U132/><E122/><V113/><F35/><W84/><G71/><T109/><D70/><U117/><E132/><N who="2" m="50731" /><F113/><W87/><G76/><T97/><D43/><U65/><E3/><V95/><F126/><W72/><G72/><T119/><D97/><U1/><E1/><V19/><F19/><W62/><G99/><T16/><D119/><U20/><E117/><V56/><F95/><W92/><G38/><T47/><D47/><U41/><E41/><V102/><F102/><W114/><G114/><T104/><D104/><U27/><E13/><V52/><F91/><W50/><G62/><T82/><D82/><U4/><E20/><V8/><F8/><W75/><G75/><T81/><D81/><U48/><E80/><V57/><F57/><W101/><G101/><T45/><D45/><U120/><E73/><V129/><F129/><N who="0" m="49770" /><D115/><U39/><E39/><V25/><F25/><W127/><G127/><T66/><D66/><U78/><E78/><V21/><F21/><W55/><G55/><T33/><D109/><U59/><REACH who="1" step="1"/><E120/><REACH who="1" ten="165,264,216,345" step="2"/><N who="0" m="46153" /><D33/><U67/><E67/><V98/><AGARI ba="0,1" hai="49,51,52,56,60,74,77,83,90,94,98" m="50731" machi="98" ten="30,2000,0" yaku="20,1,54,1" doraHai="64" who="2" fromWho="2" sc="165,-5,264,-5,216,30,345,-10" />
</Scene>
<Scene>
<INIT seed="4,0,0,5,1,26" ten="160,259,246,335" oya="0" hai0="54,17,115,24,120,107,56,8,9,0,77,21,123" hai1="50,126,14,20,104,87,12,27,111,134,114,102,83" hai2="131,100,1,10,59,105,31,73,96,42,103,135,112" hai3="130,67,68,2,36,46,4,64,99,66,106,43,89"/><T117/><D107/><U47/><E111/><V129/><F73/><W19/><G130/><N who="2" m="49673" /><F112/><W101/><G89/><T116/><D77/><U33/><E33/><V45/><F135/><W82/><G19/><T25/><D54/><U65/><E65/><V110/><F110/><W13/><G13/><N who="0" m="7335" /><D56/><U60/><E134/><V11/><F100/><W80/><G68/><T118/><D115/><U75/><E60/><V22/><F1/><W91/><G91/><T85/><D85/><U53/><E75/><V92/><F105/><W35/><G35/><T57/><D57/><U48/><E114/><V30/><F59/><W119/><G119/><N who="0" m="30467" /><T40/><DORA hai="86" /><D40/><N who="1" m="24679" /><E102/><V51/><F22/><W108/><G108/><T95/><D95/><U18/><E104/><V74/><F74/><W38/><G38/><T88/><D88/><N who="1" m="51327" /><E126/><V5/><F5/><W78/><G78/><T84/><D84/><U94/><E94/><V52/><F42/><W90/><G90/><T6/><D25/><U16/><E18/><AGARI ba="0,0" hai="0,6,9,18,21,24,120,123" m="30467,7335" machi="18" ten="40,3900,0" yaku="34,2" doraHai="26,86" who="0" fromWho="1" sc="160,39,259,-39,246,0,335,0" />
</Scene>
<Scene>
<INIT seed="4,1,0,4,4,73" ten="199,220,246,335" oya="0" hai0="13,35,93,103,57,72,46,37,38,87,69,1,29" hai1="99,39,61,76,52,33,91,2,122,112,49,92,36" hai2="120,8,79,62,70,119,11,107,83,104,113,25,19" hai3="116,47,60,108,114,105,106,121,68,117,14,43,77"/><T27/><D72/><U48/><E122/><V97/><F120/><W6/><G108/><T80/><D69/><U131/><E2/><V51/><F113/><W109/><G109/><T18/><D1/><U75/><E33/><V124/><F124/><W95/><G121/><T102/><D57/><U82/><E112/><V31/><F119/><W55/><G114/><T9/><D93/><U59/><REACH who="1" step="1"/><E131/><REACH who="1" ten="199,210,246,335" step="2"/><V90/><F107/><W81/><G106/><T12/><D38/><AGARI ba="1,1" hai="36,38,39,48,49,52,59,61,75,76,82,91,92,99" machi="38" ten="40,8000,1" yaku="1,1,2,1,52,1,54,1,53,1" doraHai="73" doraHaiUra="85" who="1" fromWho="0" sc="199,-83,210,93,246,0,335,0" />
</Scene>
<Scene>
<INIT seed="5,0,0,4,4,112" ten="116,303,246,335" oya="1" hai0="17,50,18,93,36,132,27,89,91,16,13,66,104" hai1="100,122,22,37,99,118,127,78,84,41,51,81,15" hai2="49,1,19,72,106,46,60,135,9,32,29,126,108" hai3="95,52,64,75,109,131,82,56,34,21,0,103,123"/><U65/><E122/><V88/><F108/><W133/><G109/><T77/><D104/><U79/><E127/><V110/><F110/><W39/><G34/><T3/><D36/><U62/><E37/><V28/><F72/><W121/><G39/><T125/><D3/><U59/><E79/><V116/><F106/><W6/><G133/><T10/><D125/><U129/><E129/><V8/><F126/><W47/><G64/><T14/><D132/><U68/><E118/><V128/><F135/><W120/><G47/><T134/><D134/><U101/><E68/><V119/><F60/><W2/><G131/><T130/><D77/><U70/><E70/><V24/><F29/><W26/><G6/><T33/><D130/><U73/><E73/><V20/><F128/><W61/><G82/><T87/><D66/><U94/><E101/><V31/><F31/><W74/><G75/><T85/><D33/><U92/><E92/><V102/><F102/><W11/><G11/><T67/><D67/><U38/><E38/><V23/><F23/><W5/><G5/><T97/><D50/><U117/><E117/><V57/><F57/><W115/><G74/><T58/><D58/><U96/><E96/><V71/><F71/><W90/><G103/><T63/><D63/><U7/><E7/><N who="2" m="1135" /><F9/><W40/><G115/><T86/><D27/><U107/><E107/><V48/><F88/><N who="0" m="33866" /><D10/><U111/><E111/><V55/><F49/><W35/><G35/><T124/><D124/><U54/><E51/><V30/><F32/><W76/><G123/><T98/><D93/><U105/><E105/><RYUUKYOKU ba="0,0" sc="116,15,303,-15,246,15,335,-15" hai0="13,14,16,17,18,85,86,87,97,98" hai2="19,20,24,28,30,46,48,55,116,119" />
</Scene>
<Scene>
<INIT seed="6,1,0,0,4,96" ten="131,288,261,320" oya="2" hai0="23,91,102,29,58,126,22,105,124,53,65,43,45" hai1="121,14,47,33,115,73,123,78,111,55,21,32,11" hai2="114,68,15,56,104,4,20,51,37,89,8,28,129" hai3="100,5,119,88,86,54,7,41,106,80,30,27,13"/><V59/><F68/><W60/><G119/><T108/><D108/><U120/><E111/><V110/><F37/><W127/><G127/><T74/><D74/><U93/><E115/><V16/><F110/><W116/><G116/><T97/><D91/><U72/><E21/><V44/><F104/><W103/><G41/><T31/><D65/><U26/><E93/><V87/><F28/><W42/><G42/><T46/><D43/><U10/><E10/><V134/><F114/><W98/><G13/><T1/><D58/><U84/><E84/><V2/><F129/><W71/><G103/><T3/><D97/><U62/><E78/><V48/><F134/><W122/><G54/><T125/><D102/><U76/><E26/><V85/><F85/><W39/><G39/><T75/><D75/><N who="1" m="28747" /><E76/><V113/><F113/><W81/><G81/><T90/><D90/><U34/><E62/><V0/><F0/><W131/><G122/><T117/><D105/><U52/><E47/><V38/><F38/><W25/><G25/><T77/><D77/><U118/><E118/><V132/><F132/><W135/><G131/><T128/><D117/><U101/><E101/><V12/><F2/><W64/><G135/><T83/><D83/><U130/><E130/><V24/><F24/><W82/><G82/><T49/><D128/><U133/><E133/><V40/><F51/><W94/><REACH who="3" step="1"/><G80/><AGARI ba="1,0" hai="4,8,12,15,16,20,40,44,48,56,59,80,87,89" machi="80" ten="30,5800,0" yaku="7,1,8,1,54,1" doraHai="96" who="2" fromWho="3" sc="131,0,288,0,261,61,320,-61" />
</Scene>
<Scene>
<INIT seed="6,2,0,2,5,45" ten="131,288,322,259" oya="2" hai0="107,117,75,72,9,15,66,74,10,55,37,95,132" hai1="113,12,106,115,1,70,90,13,25,8,27,0,97" hai2="125,24,26,40,103,20,105,62,38,135,77,33,21" hai3="87,130,79,48,89,121,52,124,100,88,67,110,99"/><V83/><F33/><W85/><G121/><T56/><D107/><U34/><E70/><V23/><F125/><W69/><G124/><T84/><D37/><U16/><E90/><V29/><F135/><W46/><G130/><T91/><D117/><U116/><E97/><V3/><F3/><N who="1" m="1097" /><E106/><V73/><F62/><W98/><G110/><T82/><D132/><U80/><E80/><V78/><F78/><W65/><G69/><T47/><D66/><N who="3" m="25097" /><G79/><T68/><D68/><U11/><E116/><V122/><F122/><W18/><G18/><T53/><D10/><U61/><E61/><V39/><F40/><W119/><G119/><T96/><D56/><U101/><E101/><V51/><F103/><W64/><G64/><T44/><D55/><U19/><E34/><V81/><F105/><W30/><G30/><T2/><D2/><U59/><E59/><V111/><F29/><W14/><G14/><T58/><D58/><U54/><E54/><V134/><F134/><W71/><G71/><T43/><D43/><U131/><E131/><V63/><F39/><W17/><G17/><T109/><D109/><U133/><E133/><V86/><F111/><W112/><G112/><AGARI ba="2,0" hai="8,11,12,13,16,19,25,27,112,113,115" m="1097" machi="112" ten="30,7700,0" yaku="15,1,34,2,54,1" doraHai="45" who="1" fromWho="3" sc="131,0,288,83,322,0,259,-83" />
</Scene>
<Scene>
<INIT seed="7,0,0,2,3,126" ten="131,371,322,176" oya="3" hai0="123,15,2,42,57,41,87,59,76,124,84,118,81" hai1="61,21,14,86,109,83,55,10,104,8,74,47,82" hai2="60,92,51,18,17,98,46,73,134,96,106,79,89" hai3="115,12,56,85,101,125,50,67,97,71,65,64,26"/><W90/><G125/><T111/><D2/><U103/><E109/><V112/><F112/><W33/><G115/><T24/><D123/><U116/><E74/><V32/><F32/><W3/><G3/><T62/><D118/><U78/><E116/><V34/><F34/><W135/><G135/><T23/><D124/><U54/><E104/><V6/><F134/><W131/><G12/><T102/><D111/><U37/><E103/><V132/><F132/><W4/><G4/><T129/><D102/><U7/><E82/><V80/><F6/><W70/><G50/><T93/><D15/><U49/><E37/><V20/><F60/><W122/><G56/><T77/><D57/><N who="1" m="34999" /><E10/><V95/><F106/><W30/><G122/><T63/><D129/><U75/><E75/><V53/><REACH who="2" step="1"/><F20/><AGARI ba="0,0" hai="7,8,14,20,21,47,49,55,78,83,86" m="34999" machi="20" ten="30,1000,0" yaku="8,1" doraHai="126" who="1" fromWho="2" sc="131,0,371,10,322,-10,176,0" owari="131,-37.0,381,48.0,312,11.0,176,-22.0" />
</Scene>
</mjloggm>