<mjloggm ver="2.3"><GO type="1"/><UN n0="%E5%A4%AA%E3%81%8F%E3%81%AA%E3%81%84%E3%81%8A" n1="%E3%82%86%E3%81%9A%E3%81%98%E3%82%93%E3%81%98%E3%82%83%E3%83%BC" n2="%E3%83%AD%E3%82%AD%E3%82%A2" n3="%E9%BA%BB%E9%9B%80%E5%8E%A8%E3%82%B3%E3%83%BC" dan="2,10,10,7" rate="1541,1494,1484,1785" sx="M,F,F,M"/><TAIKYOKU oya="0"/>

<Scene>
<INIT seed="0,0,0,1,1,38" ten="250,250,250,250" oya="0" hai0="44,120,48,104,122,114,16,71,5,40,21,66,45" hai1="101,42,41,6,18,123,117,97,29,81,57,96,99" hai2="39,17,3,83,50,27,30,10,110,135,87,60,47" hai3="88,61,93,51,72,19,75,105,58,80,124,34,56"/><T62/><D114/><U113/><E123/><V129/><F39/><W55/><G105/><T134/><D134/><U108/><E117/><V132/><F3/><W128/><G34/><T54/><D5/><U31/><E113/><V28/><F60/><W49/><G128/><T35/><D35/><U91/><E108/><V118/><F110/><W100/><G51/><T73/><D73/><U127/><E127/><V4/><F118/><W121/><G124/><T20/><D104/><U15/><E6/><V111/><F111/><W85/><G121/><T74/><D21/><N who="1" m="11487" /><E57/><V130/><F27/><W77/><G100/><T106/><D74/><U78/><E101/><V84/><F84/><W53/><G19/><T46/><D106/><U11/><E78/><N who="2" m="46583" /><F17/><W36/><G36/><T95/><D95/><N who="1" m="56447" /><E81/><V32/><F32/><W89/><G89/><T33/><D33/><U112/><E112/><V98/><F98/><AGARI ba="0,0" hai="49,53,55,56,58,61,72,75,77,80,85,88,93,98" machi="98" ten="30,2000,0" yaku="7,1,54,1" doraHai="38" who="3" fromWho="2" sc="250,0,250,0,250,-20,250,20" />
</Scene>
<Scene>
<INIT seed="1,0,0,0,3,74" ten="250,250,230,270" oya="1" hai0="21,111,98,58,104,3,49,71,123,90,115,122,95" hai1="33,93,85,72,4,14,9,124,67,56,43,10,17" hai2="102,12,103,35,37,1,59,76,38,8,52,99,101" hai3="27,24,125,132,11,13,0,70,94,28,128,87,96"/><U105/><E105/><V133/><F35/><W129/><G70/><T20/><D71/><U68/><E124/><V57/><F1/><W126/><G0/><T84/><D3/><U65/><E68/><V116/><F116/><W121/><G121/><N who="0" m="46091" /><D115/><U25/><E72/><V29/><F133/><W22/><G27/><T44/><D111/><U19/><E33/><V75/><F38/><W16/><G87/><T92/><D58/><U119/><E119/><V39/><F37/><W63/><G63/><T91/><D104/><U46/><E4/><V113/><F39/><W26/><G26/><T106/><D106/><U114/><E114/><V131/><F113/><W36/><G36/><T118/><D118/><U7/><E25/><V86/><F131/><N who="3" m="50251" /><G132/><T107/><D107/><U61/><E7/><V66/><F75/><W110/><G110/><T130/><D130/><U78/><E93/><V30/><F30/><W82/><G82/><T18/><D18/><U77/><E46/><V117/><F117/><W108/><G108/><T5/><D5/><U89/><E43/><AGARI ba="0,0" hai="20,21,43,44,49,84,90,91,92,95,98" m="46091" machi="43" ten="30,1000,0" yaku="13,1" doraHai="74" who="0" fromWho="1" sc="250,10,250,-10,230,0,270,0" />
</Scene>
<Scene>
<INIT seed="2,0,0,1,0,33" ten="260,240,230,270" oya="2" hai0="4,62,92,72,130,39,102,45,86,126,101,34,108" hai1="113,32,133,91,19,134,90,51,98,20,99,123,121" hai2="84,21,26,124,53,87,1,27,37,36,16,49,52" hai3="96,2,47,88,55,69,8,59,105,119,132,68,17"/><V127/><F1/><W81/><G119/><T109/><D34/><U122/><E51/><V100/><F100/><W0/><G105/><T43/><D72/><U9/><E32/><V56/><F27/><W10/><G132/><N who="1" m="50794" /><E9/><V77/><F77/><W3/><G47/><T97/><D126/><N who="2" m="48170" /><F53/><W12/><G10/><T61/><D130/><U94/><E19/><V79/><F79/><W22/><G8/><T29/><D29/><U11/><E11/><V18/><F18/><W131/><G131/><T83/><D102/><U82/><E20/><V13/><F26/><W74/><G74/><T54/><D4/><U14/><E14/><V28/><F28/><W103/><G103/><T112/><D112/><U120/><N who="1" m="31232" /><DORA hai="116" /><U129/><E129/><V44/><F44/><W73/><G73/><T70/><D54/><U118/><E118/><V5/><F5/><W135/><G135/><T111/><REACH who="0" step="1"/><D70/><REACH who="0" ten="250,240,230,270" step="2"/><U15/><E15/><V24/><F24/><W85/><G68/><T41/><D41/><U25/><E25/><V95/><F84/><W114/><G114/><T48/><D48/><U110/><E113/><V46/><F46/><W75/><G75/><T71/><D71/><U78/><E98/><V80/><F80/><W63/><G96/><T106/><D106/><U117/><E117/><V42/><F42/><W6/><G69/><T38/><D38/><U40/><E40/><V125/><F125/><W89/><REACH who="3" step="1"/><G6/><REACH who="3" ten="250,240,230,260" step="2"/><T50/><D50/><U30/><E30/><V93/><F93/><W31/><G31/><T128/><D128/><U66/><E66/><V23/><F23/><RYUUKYOKU ba="0,2" sc="250,10,240,-30,230,10,260,10" hai0="39,43,45,61,62,83,86,92,97,101,108,109,111" hai2="13,16,21,36,37,49,52,56,87,95" hai3="0,2,3,12,17,22,55,59,63,81,85,88,89" />
</Scene>
<Scene>
<INIT seed="2,1,2,4,0,60" ten="260,210,240,270" oya="2" hai0="83,90,35,87,22,118,5,40,94,111,37,81,11" hai1="134,27,44,92,102,74,95,3,26,29,61,130,72" hai2="119,14,18,110,99,108,6,100,69,58,123,133,23" hai3="115,47,55,21,2,1,80,54,10,56,128,34,109"/><V48/><F69/><W91/><G109/><N who="2" m="42089" /><F123/><W66/><G34/><T97/><D35/><U93/><E134/><V7/><F119/><W122/><G128/><T71/><D71/><U25/><E130/><V112/><F112/><W9/><G1/><T43/><D111/><U114/><E3/><V19/><F133/><W96/><G2/><T24/><D118/><U31/><E114/><V103/><F99/><W20/><G122/><T129/><D129/><U64/><E44/><V33/><F33/><W65/><G115/><T0/><D37/><U63/><E102/><V12/><F7/><W67/><G47/><T116/><D116/><U76/><E76/><V135/><F135/><W84/><G96/><T105/><D105/><U42/><E42/><V75/><F75/><N who="1" m="28713" /><E64/><V62/><F48/><N who="3" m="30791" /><G55/><T38/><D38/><U51/><E51/><V126/><F126/><W86/><G86/><T52/><D52/><U68/><E68/><V127/><F127/><W107/><G107/><T78/><REACH who="0" step="1"/><D81/><REACH who="0" ten="250,210,240,270" step="2"/><U101/><E101/><V77/><F77/><W121/><G121/><T120/><D120/><U30/><AGARI ba="1,3" hai="25,26,27,29,30,31,61,63,92,93,95" m="28713" machi="30" ten="40,8000,1" yaku="29,2,28,2" doraHai="60" who="1" fromWho="1" sc="250,-21,210,113,240,-41,270,-21" />
</Scene>
<Scene>
<INIT seed="3,0,0,4,5,127" ten="229,323,199,249" oya="3" hai0="13,23,78,117,107,57,19,45,30,61,92,95,115" hai1="24,76,110,83,32,41,77,14,73,4,82,71,15" hai2="85,84,34,20,9,100,62,69,60,88,18,75,35" hai3="21,114,27,26,63,64,6,130,47,106,65,3,79"/><W66/><G114/><T125/><D107/><U87/><E71/><V33/><F75/><W22/><G106/><T99/><D125/><U2/><E110/><V124/><F124/><W5/><G3/><T43/><D117/><U58/><E32/><V67/><F9/><W131/><G79/><T46/><D115/><U120/><E120/><V123/><F123/><W37/><G37/><T94/><D78/><U96/><E96/><V113/><F113/><W10/><G47/><T0/><D0/><U105/><E105/><V49/><F100/><W44/><G44/><T97/><D30/><U109/><E109/><V121/><F121/><W25/><G63/><T28/><D28/><U133/><E133/><V93/><F60/><W81/><G81/><T112/><D112/><U59/><E41/><V129/><F129/><N who="3" m="49163" /><G10/><T42/><D46/><U126/><E24/><V29/><F85/><W52/><G52/><N who="0" m="33959" /><D43/><U7/><E126/><V89/><F89/><W108/><G108/><T36/><D36/><U55/><E2/><V31/><F49/><W135/><G135/><T40/><D40/><U134/><E134/><V128/><REACH who="2" step="1"/><F128/><REACH who="2" ten="229,323,189,249" step="2"/><W39/><G39/><T54/><D42/><U86/><REACH who="1" step="1"/><E73/><REACH who="1" ten="229,313,189,249" step="2"/><V90/><F90/><W72/><G72/><T132/><D132/><U98/><E98/><V12/><AGARI ba="0,2" hai="12,18,20,29,31,33,34,35,62,67,69,84,88,93" machi="12" ten="30,7900,0" yaku="1,1,0,1,54,1,53,1" doraHai="127" doraHaiUra="16" who="2" fromWho="2" sc="229,-20,313,-20,189,99,249,-39" />
</Scene>
<Scene>
<INIT seed="4,0,0,0,4,75" ten="209,293,288,210" oya="0" hai0="74,14,65,28,69,37,44,55,67,32,38,116,60" hai1="83,128,6,2,0,8,103,125,47,98,79,24,104" hai2="68,112,87,48,81,91,39,121,54,108,86,36,94" hai3="33,52,120,25,34,43,3,90,134,77,16,70,111"/><T61/><D74/><N who="1" m="43511" /><E47/><V93/><F68/><W62/><G111/><T102/><D102/><U123/><E24/><V118/><F39/><N who="0" m="14858" /><D14/><U29/><E29/><V56/><F36/><W129/><G3/><T66/><D28/><U96/><E123/><V71/><F71/><W78/><G120/><T132/><D32/><U23/><E23/><V127/><F121/><W115/><G115/><T15/><D15/><U11/><E128/><V21/><F112/><W53/><G134/><T45/><D116/><U12/><E98/><V10/><F118/><W97/><G129/><T85/><D85/><U19/><E125/><V131/><F131/><W18/><G70/><N who="0" m="42279" /><D132/><U13/><E19/><N who="3" m="7210" /><G33/><T119/><D119/><U82/><E13/><V105/><F105/><W126/><G126/><T50/><D67/><U72/><E12/><V17/><F108/><W26/><G34/><T58/><AGARI ba="0,0" hai="44,45,50,55,58,61,66,69" m="42279,14858" machi="58" ten="30,12000,1" yaku="35,5" doraHai="75" who="0" fromWho="0" sc="209,120,293,-40,288,-40,210,-40" owari="329,43.0,253,5.0,248,-15.0,170,-33.0" />
</Scene>
</mjloggm>