<mjloggm ver="2.3"><GO type="169" lobby="0"/><UN n0="%67%69%6A%79%75%74%75" n1="%E3%83%88%E3%82%B7%E3%83%95%E3%83%BC%E3%83%8B" n2="%E9%9D%9E%E5%8A%B9%E7%8E%87%E6%89%93%E6%B3%95" n3="%E5%A4%AA%E3%81%8F%E3%81%AA%E3%81%84%E3%81%8A" dan="16,16,16,17" rate="2102.34,2007.98,2079.50,2150.38" sx="M,M,M,M"/><TAIKYOKU oya="0"/>

<Scene>
<INIT seed="0,0,0,2,5,56" ten="250,250,250,250" oya="0" hai0="11,89,75,62,52,8,16,102,25,51,53,83,4" hai1="78,118,32,112,104,69,21,38,115,76,81,86,37" hai2="36,10,134,5,135,55,100,127,35,59,67,30,54" hai3="74,109,128,117,47,2,124,96,66,41,22,88,98"/><T103/><D75/><U122/><E32/><V63/><F36/><W61/><G117/><T120/><D120/><U114/><E122/><V132/><F127/><W17/><G74/><T9/><D4/><U84/><E118/><V3/><REACH who="2" step="1"/><F100/><REACH who="2" ten="250,250,240,250" step="2"/><W64/><G124/><T72/><D103/><U133/><E37/><V90/><F90/><W43/><G88/><T95/><D102/><U48/><E38/><V111/><F111/><W46/><G109/><T60/><D72/><U57/><E76/><V14/><F14/><W49/><G2/><T31/><D83/><U126/><E78/><V23/><F23/><W58/><G128/><T79/><D79/><U6/><E21/><V70/><F70/><W97/><G64/><T116/><D116/><U85/><E81/><V73/><F73/><W77/><G77/><T33/><D16/><U93/><E126/><V125/><F125/><W15/><REACH who="3" step="1"/><G98/><REACH who="3" ten="250,250,240,240" step="2"/><T129/><D129/><U20/><E115/><V50/><F50/><AGARI ba="0,2" hai="15,17,22,41,43,46,47,49,50,58,61,66,96,97" machi="50" ten="30,12000,2" yaku="1,1,2,1,7,1,9,1,8,1,52,1,53,0" doraHai="56" doraHaiUra="7" who="3" fromWho="2" sc="250,0,250,0,240,-120,240,140" />
</Scene>
<Scene>
<INIT seed="1,0,0,5,1,115" ten="250,250,120,380" oya="1" hai0="119,44,67,109,100,97,130,110,93,105,33,61,68" hai1="9,103,132,22,60,69,90,31,56,131,120,78,102" hai2="42,1,0,128,125,53,107,24,135,75,114,34,63" hai3="8,91,37,13,133,43,10,74,129,7,72,70,64"/><U12/><E120/><V45/><F107/><W123/><G123/><T2/><D2/><U25/><E132/><V3/><F75/><W98/><G133/><T79/><D79/><U27/><E131/><V6/><F135/><W20/><G129/><T21/><D33/><U35/><E69/><V46/><F128/><W48/><G37/><T40/><D130/><U4/><E78/><V17/><F125/><W41/><G20/><T11/><D11/><U47/><E47/><V92/><F114/><W66/><G70/><T77/><D77/><U101/><E90/><V83/><F83/><W89/><G98/><T96/><D21/><U16/><REACH who="1" step="1"/><E103/><REACH who="1" ten="250,240,120,380" step="2"/><V121/><F46/><W15/><G91/><T116/><D44/><U118/><E118/><V87/><F45/><W62/><G89/><N who="0" m="55343" /><D40/><U106/><E106/><V39/><F42/><W30/><G43/><T65/><D65/><AGARI ba="0,1" hai="4,9,12,16,22,25,27,31,35,56,60,65,101,102" machi="65" ten="30,11600,0" yaku="1,1,7,1,54,1,53,1" doraHai="115" doraHaiUra="55" who="1" fromWho="0" sc="250,-116,240,126,120,0,380,0" />
</Scene>
<Scene>
<INIT seed="1,1,0,2,0,82" ten="134,366,120,380" oya="1" hai0="74,13,95,33,54,21,30,60,37,80,120,34,16" hai1="114,70,38,52,18,72,116,4,35,85,62,47,58" hai2="45,23,3,96,104,40,56,65,22,117,131,26,79" hai3="12,103,75,84,27,130,17,90,134,123,55,71,94"/><U77/><E116/><V43/><F3/><W6/><G123/><T76/><D37/><U1/><E114/><V14/><F117/><W28/><G75/><T83/><D120/><U7/><E35/><V122/><F122/><W121/><G121/><T44/><D30/><U46/><E72/><V86/><F131/><W51/><G71/><T9/><D21/><U97/><E70/><V2/><F2/><W10/><G130/><T0/><D0/><U11/><E7/><V108/><F108/><W124/><G124/><T69/><D95/><U63/><E63/><N who="2" m="38119" /><F96/><W107/><G134/><T24/><D24/><U99/><E18/><N who="2" m="10583" /><F45/><W66/><G66/><T118/><D118/><U48/><E38/><V92/><F104/><W128/><G128/><T49/><D69/><U111/><E111/><V87/><F92/><W106/><G103/><T98/><D98/><U93/><E46/><V105/><F105/><W132/><G132/><T8/><D60/><U59/><E59/><V112/><F79/><W91/><G6/><T88/><D8/><U115/><E115/><V126/><F126/><W81/><G27/><T125/><REACH who="0" step="1"/><D125/><REACH who="0" ten="124,366,120,380" step="2"/><U19/><E19/><N who="2" m="12671" /><F112/><W67/><G28/><T36/><D36/><U5/><E5/><V102/><F102/><W100/><G100/><T57/><D57/><U29/><E29/><V32/><F32/><W119/><G119/><T135/><D135/><U68/><E68/><V129/><F129/><W127/><G127/><T15/><D15/><U133/><E133/><V101/><F101/><W113/><G113/><T64/><D64/><N who="1" m="38999" /><E93/><V39/><F39/><RYUUKYOKU ba="1,1" sc="124,10,366,10,120,10,380,-30" hai0="9,13,16,33,34,44,49,54,74,76,80,83,88" hai1="1,4,11,47,48,52,77,85,97,99" hai2="40,43,86,87" />
</Scene>
<Scene>
<INIT seed="1,2,1,2,2,128" ten="134,376,130,350" oya="1" hai0="10,77,64,1,82,120,86,99,8,87,70,116,9" hai1="92,66,55,42,114,96,18,75,0,88,100,7,113" hai2="105,27,32,4,125,6,5,106,123,133,109,94,111" hai3="108,118,131,126,40,89,41,58,51,107,43,31,95"/><U102/><E75/><V52/><F123/><W73/><G107/><T53/><D116/><U127/><E127/><V124/><F94/><W23/><G73/><T15/><D120/><U28/><E42/><V85/><F85/><W122/><G122/><T112/><D112/><U35/><E66/><V38/><F38/><W22/><G131/><T80/><D1/><U79/><E79/><V3/><F106/><W132/><G126/><N who="2" m="48745" /><F105/><W37/><G37/><T121/><D121/><U47/><E7/><V49/><F3/><W98/><G118/><T50/><D99/><U74/><E74/><V117/><F117/><W130/><G130/><T110/><D110/><N who="2" m="41994" /><F32/><W65/><G108/><T57/><D70/><U93/><E92/><V91/><F91/><W81/><G81/><T24/><D24/><U14/><E88/><V36/><F36/><W68/><G68/><T72/><D64/><U12/><E93/><V60/><F27/><W33/><G33/><T83/><D72/><U76/><E35/><V19/><F19/><W67/><G67/><T135/><D77/><U69/><E76/><V30/><F30/><W16/><G31/><T26/><D26/><U29/><E28/><V61/><F133/><W63/><G132/><T101/><D135/><U39/><E29/><V13/><F13/><N who="3" m="9487" /><G23/><T54/><D101/><U129/><E100/><V45/><AGARI ba="2,1" hai="4,5,6,45,49,52,60,61" m="41994,48745" machi="45" ten="40,5200,0" yaku="18,1,14,1,54,1" doraHai="128" who="2" fromWho="2" sc="134,-15,376,-28,130,68,350,-15" />
</Scene>
<Scene>
<INIT seed="2,0,0,2,3,105" ten="119,348,198,335" oya="2" hai0="1,82,40,85,90,72,54,34,5,99,56,13,63" hai1="126,113,66,68,35,76,70,38,133,24,98,52,101" hai2="65,106,88,96,20,109,58,73,114,57,22,118,75" hai3="124,115,15,125,26,79,0,128,36,134,86,16,83"/><V44/><F114/><W95/><G0/><T92/><D34/><U81/><E38/><V71/><F118/><W80/><G36/><T12/><D72/><U29/><E113/><V121/><F121/><W53/><G115/><T17/><D40/><U110/><E110/><V111/><F71/><W42/><G42/><T84/><D84/><U67/><E133/><V116/><F116/><W39/><G39/><T120/><D120/><U77/><E126/><N who="3" m="48746" /><G134/><T2/><D5/><U93/><E77/><V23/><F44/><W74/><G128/><T127/><D127/><U59/><E68/><V94/><F106/><W19/><G95/><T119/><D12/><U10/><E10/><V91/><F91/><N who="3" m="51655" /><G26/><T7/><D7/><U60/><REACH who="1" step="1"/><E70/><REACH who="1" ten="119,338,198,335" step="2"/><V25/><F25/><W107/><G107/><T4/><D119/><U41/><E41/><V62/><REACH who="2" step="1"/><F58/><REACH who="2" ten="119,338,188,335" step="2"/><W123/><G123/><T48/><D56/><U103/><E103/><V61/><F61/><W32/><G79/><T18/><D63/><U47/><E47/><V14/><F14/><W129/><G15/><T8/><D1/><U104/><E104/><V45/><F45/><W51/><G129/><T108/><D2/><U27/><E27/><V135/><F135/><W31/><G32/><T3/><D3/><U30/><E30/><V21/><F21/><W6/><G31/><T69/><D69/><U130/><E130/><V100/><F100/><W37/><G37/><T112/><D112/><U46/><E46/><V49/><F49/><W97/><G51/><T64/><D48/><U9/><E9/><V131/><F131/><RYUUKYOKU ba="0,2" sc="119,-15,338,15,188,15,335,-15" hai1="24,29,35,52,59,60,66,67,76,81,93,98,101" hai2="20,22,23,57,62,65,73,75,88,94,96,109,111" />
</Scene>
<Scene>
<INIT seed="2,1,2,4,4,28" ten="104,353,203,320" oya="2" hai0="33,19,96,113,83,26,71,25,8,107,126,17,70" hai1="118,102,55,114,124,2,45,21,111,34,0,93,72" hai2="27,127,116,29,68,99,42,79,84,128,122,4,78" hai3="39,121,81,88,7,60,65,52,61,6,106,51,18"/><V62/><F116/><W115/><G121/><T53/><D113/><U50/><E114/><V80/><F122/><W94/><G39/><T41/><D41/><U91/><E118/><V133/><F4/><N who="3" m="1579" /><G106/><T108/><D83/><U130/><E72/><V24/><F42/><W48/><G115/><T95/><D107/><U109/><E102/><V103/><F127/><W57/><G81/><T125/><D53/><U12/><E124/><N who="0" m="47721" /><D108/><N who="1" m="41547" /><E34/><V67/><F128/><W82/><G82/><T23/><D8/><U49/><E130/><V16/><F133/><W31/><G31/><N who="0" m="19703" /><D17/><N who="1" m="10407" /><E50/><N who="3" m="18986" /><G18/><T86/><D86/><AGARI ba="1,2" hai="0,2,45,49,55,86,91,93" m="10407,41547" machi="86" ten="30,1000,0" yaku="14,1" doraHai="28" who="1" fromWho="0" sc="104,-13,353,33,203,0,320,0" />
</Scene>
<Scene>
<INIT seed="3,0,0,4,0,32" ten="91,386,203,320" oya="3" hai0="20,30,70,16,11,101,81,24,124,108,21,75,95" hai1="102,129,33,126,41,15,98,90,27,52,8,5,76" hai2="71,134,132,0,1,119,93,82,49,38,79,54,29" hai3="122,61,6,10,85,116,92,36,135,77,109,78,12"/><W35/><G122/><T22/><D70/><U64/><E126/><V47/><F71/><W34/><G116/><T80/><D124/><U65/><E129/><V87/><F119/><W40/><G135/><N who="2" m="51753" /><F29/><W69/><G36/><T37/><D37/><U86/><E41/><N who="2" m="22967" /><F93/><W19/><G40/><T57/><D108/><U131/><E76/><V115/><F115/><W123/><G123/><T133/><D133/><U121/><E121/><V26/><F26/><W91/><G109/><T23/><D11/><U67/><E131/><V17/><F17/><W114/><G114/><T103/><D75/><U9/><E9/><V83/><F83/><N who="0" m="31818" /><D30/><U96/><E33/><V111/><F111/><W73/><G73/><T118/><D118/><U7/><E7/><V50/><F50/><W113/><G113/><T106/><D106/><U31/><E102/><N who="0" m="38921" /><D57/><AGARI ba="0,0" hai="0,1,49,54,57,79,82,87" m="22967,51753" machi="57" ten="30,3900,0" yaku="20,1,52,2" doraHai="32" who="2" fromWho="0" sc="91,-39,386,0,203,39,320,0" />
</Scene>
<Scene>
<INIT seed="4,0,0,0,5,83" ten="52,386,242,320" oya="0" hai0="95,110,77,79,88,64,25,32,5,133,73,80,129" hai1="17,48,107,89,75,76,6,34,62,134,45,11,93" hai2="44,70,114,85,19,54,99,50,111,106,87,22,15" hai3="86,126,121,53,65,119,28,20,9,116,105,1,128"/><T74/><D64/><U33/><E107/><V12/><F111/><W91/><G105/><T57/><D57/><U4/><E134/><V63/><F114/><W42/><G42/><T104/><D133/><U47/><E75/><V82/><F70/><W123/><G65/><T52/><D52/><N who="1" m="29711" /><E33/><V30/><F30/><W58/><G126/><T43/><D110/><U3/><E34/><V113/><F113/><W135/><G135/><T56/><D56/><U61/><E3/><V94/><F63/><N who="1" m="24073" /><E76/><V122/><F106/><W118/><G128/><T100/><D43/><U120/><E47/><V117/><F122/><N who="3" m="46603" /><G1/><T81/><D129/><U13/><E120/><V102/><F117/><W38/><G38/><T41/><D41/><U36/><E36/><V26/><REACH who="2" step="1"/><F85/><AGARI ba="0,0" hai="4,6,11,13,17,85,89,93" m="24073,29711" machi="85" ten="30,3900,0" yaku="8,1,52,1,54,1" doraHai="83" who="1" fromWho="2" sc="52,0,386,39,242,-39,320,0" />
</Scene>
<Scene>
<INIT seed="5,0,0,1,0,104" ten="52,425,203,320" oya="1" hai0="26,48,132,85,126,57,111,96,117,110,32,63,13" hai1="68,128,82,41,29,97,61,7,8,77,103,21,74" hai2="114,19,75,130,80,12,15,9,2,45,108,54,52" hai3="94,86,98,127,11,18,10,55,64,79,65,88,135"/><U17/><E128/><V58/><F2/><W131/><G131/><T87/><D117/><U118/><E118/><V50/><F130/><W95/><G135/><T44/><D132/><U93/><E29/><V91/><F108/><W51/><G127/><T43/><D126/><U134/><E134/><V109/><F109/><W121/><G121/><T4/><D111/><U125/><E125/><V100/><F114/><W66/><G18/><T39/><D110/><U62/><E41/><V33/><F33/><W22/><G22/><T84/><D39/><U47/><E47/><V122/><F100/><N who="3" m="60503" /><G79/><T71/><D71/><U106/><E68/><V53/><F122/><W34/><G34/><T133/><D133/><U129/><E129/><V124/><F124/><W83/><G83/><T49/><D49/><U28/><E28/><V73/><F15/><W92/><G92/><T116/><D116/><U90/><E8/><V89/><F89/><W78/><G78/><T25/><D32/><U5/><E5/><V123/><F123/><W119/><G119/><T37/><D37/><U6/><E7/><V36/><F36/><W27/><G27/><T72/><D72/><N who="2" m="27722" /><F58/><AGARI ba="0,0" hai="10,11,51,55,58,64,65,66,86,88,95" m="60503" machi="58" ten="30,2000,0" yaku="8,1,54,1" doraHai="104" who="3" fromWho="2" sc="52,0,425,0,203,-20,320,20" />
</Scene>
<Scene>
<INIT seed="6,0,0,0,4,91" ten="52,425,183,340" oya="2" hai0="9,100,135,72,25,22,64,39,119,47,70,48,33" hai1="17,50,88,14,66,105,102,124,60,126,57,1,44" hai2="45,73,103,32,95,112,58,113,99,101,20,131,63" hai3="11,38,118,29,122,115,110,52,86,109,117,8,3"/><V23/><F32/><W97/><G38/><T18/><D72/><U0/><E102/><V35/><F35/><W51/><G29/><T36/><D135/><U49/><E105/><V10/><F73/><W123/><G86/><T80/><D119/><N who="3" m="45577" /><G97/><T74/><D100/><U133/><E133/><V6/><F103/><W12/><G3/><N who="1" m="1098" /><E44/><V75/><F75/><W92/><G92/><T90/><D33/><U76/><E76/><V104/><F104/><W134/><G134/><T65/><D9/><N who="3" m="3657" /><G51/><T85/><D74/><U54/><E88/><V132/><F45/><W111/><G52/><T26/><D26/><U59/><E50/><V41/><F41/><W106/><G106/><T43/><REACH who="0" step="1"/><D64/><REACH who="0" ten="42,425,183,340" step="2"/><U24/><E66/><N who="2" m="39287" /><F132/><W78/><G110/><T125/><D125/><U4/><E126/><V79/><F131/><W13/><G111/><T82/><D82/><U61/><E124/><V15/><F112/><W67/><G109/><T89/><D89/><U130/><E24/><V108/><F113/><W21/><G115/><T98/><D98/><U2/><E130/><V16/><F108/><W68/><G67/><T53/><D53/><U96/><E54/><V129/><F129/><W77/><G77/><T71/><D71/><U7/><E96/><V127/><F127/><W19/><G78/><T116/><D116/><U34/><E34/><V31/><F79/><W42/><G68/><T28/><D28/><U62/><E2/><N who="2" m="343" /><F31/><W121/><G42/><T40/><D40/><U37/><E59/><V114/><F114/><W56/><G56/><T93/><D93/><U81/><E57/><RYUUKYOKU ba="0,1" sc="42,10,425,-30,183,10,340,10" hai0="18,22,25,36,39,43,47,48,65,70,80,85,90" hai2="15,16,20,23,95,99,101" hai3="12,13,19,21,121,122,123" />
</Scene>
<Scene>
<INIT seed="6,1,1,2,0,69" ten="52,395,193,350" oya="2" hai0="100,12,5,92,30,74,130,124,128,44,19,33,132" hai1="116,24,7,112,68,45,9,42,54,82,87,40,15" hai2="110,22,10,115,98,35,32,39,57,80,94,17,66" hai3="85,89,13,52,41,129,14,20,70,75,58,114,84"/><V109/><F10/><W83/><G70/><T91/><D100/><U4/><E68/><V46/><F80/><W103/><G75/><T29/><D74/><U90/><E116/><V119/><F119/><W122/><G122/><T36/><D91/><U77/><E112/><V43/><F115/><W53/><G114/><T108/><D92/><U101/><E101/><N who="2" m="60631" /><F57/><W106/><G129/><N who="0" m="49771" /><D44/><U72/><E7/><V28/><F28/><N who="0" m="10858" /><D36/><U73/><E24/><N who="2" m="14415" /><F66/><W107/><G107/><T71/><D71/><U27/><E27/><V67/><F67/><W78/><G106/><T121/><D121/><U62/><E73/><V63/><F63/><W2/><G2/><T50/><D50/><U34/><E34/><V6/><F6/><W49/><G103/><T65/><D65/><U134/><E62/><V59/><F59/><W1/><G1/><T104/><D104/><U111/><E45/><V127/><F35/><W123/><G123/><T16/><D108/><N who="2" m="41578" /><F32/><W79/><G58/><T96/><D96/><U76/><E111/><V117/><F117/><W135/><G83/><T56/><D56/><U105/><E82/><V21/><F39/><W11/><G49/><T97/><D97/><U81/><E81/><V60/><F60/><W120/><G120/><T25/><D124/><U37/><E37/><N who="2" m="21871" /><F127/><W118/><G118/><T133/><D33/><U48/><E72/><V55/><F55/><W47/><G53/><T8/><D25/><U86/><E105/><V18/><F21/><W113/><G52/><T125/><D125/><U31/><E54/><V95/><F95/><W0/><G113/><RYUUKYOKU ba="1,1" sc="52,15,395,-15,193,15,350,-15" hai0="5,8,12,16,19,132,133" hai2="18" />
</Scene>
<Scene>
<INIT seed="6,2,1,4,0,80" ten="67,380,208,335" oya="2" hai0="79,76,72,24,63,103,101,125,2,66,71,107,121" hai1="5,28,52,69,97,37,30,41,35,132,123,53,18" hai2="133,55,87,109,6,122,96,134,32,48,75,78,46" hai3="57,106,74,98,130,67,120,3,15,10,82,14,86"/><V20/><F122/><W61/><G120/><T47/><D121/><U90/><E123/><RYUUKYOKU type="kaze4" ba="2,1" sc="67,0,380,0,208,0,335,0" />
</Scene>
<Scene>
<INIT seed="6,3,1,0,5,9" ten="67,380,208,335" oya="2" hai0="54,128,21,116,45,70,99,11,82,79,94,77,92" hai1="114,24,96,127,8,123,91,97,33,66,49,62,3" hai2="10,61,69,107,32,15,59,125,37,17,30,35,60" hai3="2,105,93,52,58,87,133,23,65,16,98,64,27"/><V53/><F37/><W85/><G2/><T83/><D70/><U90/><E114/><V80/><F125/><W57/><G105/><T81/><D128/><U36/><E127/><V88/><F107/><W0/><G0/><T6/><D116/><U18/><E36/><V120/><F120/><W84/><G133/><T56/><D45/><U135/><E123/><V20/><F35/><W110/><G110/><T100/><D92/><U75/><E75/><V109/><F32/><W95/><G58/><T126/><D21/><U40/><E135/><V51/><F69/><W28/><G28/><T72/><D126/><U42/><E3/><V68/><F68/><W1/><G1/><T5/><D72/><U13/><E33/><V38/><F38/><W76/><G76/><N who="0" m="29259" /><D11/><U47/><E42/><V73/><F73/><W48/><G93/><T89/><D100/><AGARI ba="3,1" hai="16,23,27,48,52,57,64,65,84,85,87,95,98,100" machi="100" ten="40,5200,0" yaku="8,1,54,2" doraHai="9" who="3" fromWho="0" sc="67,-61,380,0,208,0,335,71" />
</Scene>
<Scene>
<INIT seed="7,0,0,0,0,81" ten="6,380,208,406" oya="3" hai0="83,60,64,73,75,72,71,76,128,131,67,122,48" hai1="13,42,95,91,47,28,46,34,80,14,54,61,77" hai2="123,69,36,32,109,57,16,23,116,26,130,27,17" hai3="0,49,35,21,40,92,111,29,118,120,59,105,9"/><W12/><G120/><T62/><D48/><U86/><E34/><V106/><F69/><W96/><G118/><T19/><D19/><U82/><E28/><V66/><F36/><W121/><G121/><T125/><D125/><U52/><E82/><V84/><F106/><W133/><G105/><T6/><D6/><U98/><E47/><V30/><F123/><W65/><G0/><T15/><D15/><U11/><E61/><V20/><F116/><W51/><G35/><T99/><D99/><U90/><E90/><V132/><F109/><W18/><G111/><T43/><D43/><U68/><E68/><V100/><F100/><N who="3" m="60423" /><G133/><T94/><D94/><U126/><E126/><V22/><F57/><W110/><G110/><T37/><D37/><U112/><E112/><V104/><F104/><W56/><G65/><T129/><D122/><U79/><E79/><V45/><F66/><W124/><G124/><T58/><AGARI ba="0,0" hai="58,60,62,64,67,71,72,73,75,76,83,128,129,131" machi="58" ten="30,2000,0" yaku="0,1,19,1" doraHai="81" who="0" fromWho="0" sc="6,20,380,-5,208,-5,406,-10" owari="26,-47.0,375,18.0,203,-20.0,396,49.0" />
</Scene>
</mjloggm>