<mjloggm ver="2.3"><GO type="169" lobby="0"/><UN n0="%E5%A4%AA%E3%81%8F%E3%81%AA%E3%81%84%E3%81%8A" n1="%E2%99%AA%E3%83%A2%E3%83%8E%E3%82%AF%E3%83%AD" n2="%E6%82%A0%E9%9B%85" n3="%E3%81%98%E3%81%9A%E3%83%BC" dan="18,18,16,16" rate="2225.43,2232.06,2051.73,2130.94" sx="F,F,M,M"/><TAIKYOKU oya="0"/>

<Scene>
<INIT seed="0,0,0,3,2,54" ten="250,250,250,250" oya="0" hai0="129,100,134,27,49,52,28,114,61,80,34,64,69" hai1="29,47,14,110,53,87,108,56,85,18,55,91,36" hai2="21,65,128,57,15,93,97,79,26,70,81,116,40" hai3="37,88,5,58,59,43,3,105,122,25,72,118,135"/><T32/><D114/><U109/><E29/><V86/><F128/><W23/><G118/><T119/><D119/><U113/><E113/><V11/><F116/><W30/><G105/><T73/><D129/><U38/><E85/><V66/><F70/><W94/><G72/><T0/><D0/><U2/><E2/><V68/><F68/><W7/><G135/><T133/><D32/><U9/><E47/><V111/><F40/><W33/><G122/><T13/><D13/><U82/><REACH who="1" step="1"/><E55/><REACH who="1" ten="250,240,250,250" step="2"/><V31/><F86/><W35/><G3/><T124/><D124/><U117/><E117/><V1/><F1/><W42/><G35/><T120/><D120/><U16/><E16/><V44/><F31/><W50/><G33/><T121/><D121/><U19/><E19/><V95/><F44/><N who="3" m="25887" /><G37/><T67/><D67/><U107/><E107/><V90/><F66/><W103/><G42/><T106/><D73/><U75/><E75/><V130/><F65/><W48/><G103/><T10/><D100/><U71/><E71/><V126/><F130/><W77/><G77/><T6/><D106/><U104/><E104/><V46/><F79/><W51/><G7/><T83/><D6/><U131/><E131/><V96/><F126/><W92/><G5/><T76/><D76/><U22/><E22/><V20/><F20/><W41/><G41/><T132/><REACH who="0" step="1"/><D10/><REACH who="0" ten="240,240,250,250" step="2"/><U84/><E84/><V89/><F11/><W99/><G94/><T127/><D127/><U39/><E39/><V74/><F93/><W12/><G12/><T60/><D60/><AGARI ba="0,2" hai="9,14,18,36,38,53,56,60,82,87,91,108,109,110" machi="60" ten="40,5200,0" yaku="1,1,14,1,52,1,53,0" doraHai="54" doraHaiUra="63" who="1" fromWho="0" sc="240,-52,240,72,250,0,250,0" />
</Scene>
<Scene>
<INIT seed="1,0,0,5,4,118" ten="188,312,250,250" oya="1" hai0="0,9,33,91,58,131,28,21,39,56,111,4,128" hai1="88,129,61,120,57,117,126,75,122,80,59,113,127" hai2="30,112,6,70,125,44,46,38,132,24,83,22,77" hai3="5,31,26,47,40,50,86,52,92,130,102,116,41"/><U114/><E75/><V95/><F132/><W72/><G116/><T109/><D39/><U62/><E80/><V69/><F125/><N who="1" m="47625" /><E88/><V14/><F112/><N who="1" m="43113" /><E117/><V81/><F81/><W74/><G130/><N who="0" m="49707" /><D91/><U63/><E129/><V107/><F107/><W110/><G110/><N who="0" m="41995" /><D33/><U94/><E94/><V32/><F95/><W79/><G74/><T135/><D135/><U20/><E20/><V97/><F97/><W11/><G72/><T42/><D42/><U27/><E27/><AGARI ba="0,0" hai="0,4,9,21,27,28,56,58" m="41995,49707" machi="27" ten="30,2000,0" yaku="19,1,14,1" doraHai="118" who="0" fromWho="1" sc="188,20,312,-20,250,0,250,0" />
</Scene>
<Scene>
<INIT seed="2,0,0,5,3,3" ten="208,292,250,250" oya="2" hai0="129,37,74,122,114,41,52,17,109,50,112,54,4" hai1="61,116,92,47,97,83,56,57,93,63,10,23,134" hai2="11,102,113,86,14,60,82,81,48,128,49,53,25" hai3="80,131,1,19,88,32,101,5,106,36,120,94,30"/><V108/><F113/><W26/><G120/><T44/><D74/><U13/><E116/><V12/><F128/><W68/><G36/><T123/><D17/><U46/><E134/><V85/><F108/><W27/><G131/><T70/><D129/><U84/><E23/><V105/><F105/><W33/><G68/><T59/><D4/><U40/><E40/><V34/><F102/><W20/><G80/><T29/><D29/><U104/><E104/><V135/><F135/><W91/><G106/><T35/><D35/><U127/><E127/><V100/><F100/><W133/><G133/><T125/><D125/><U130/><E130/><V21/><F34/><W87/><G101/><T43/><D109/><U132/><E132/><V119/><F119/><W110/><G110/><T62/><D43/><U71/><E71/><V0/><F0/><W2/><G33/><T111/><D111/><U89/><E57/><N who="2" m="34863" /><F81/><W72/><G72/><T75/><D75/><U28/><E28/><N who="2" m="17455" /><F14/><W39/><G39/><T58/><D70/><U121/><E121/><AGARI ba="0,0" hai="37,41,44,50,52,54,58,59,62,112,114,121,122,123" machi="121" ten="40,8000,1" yaku="34,3,54,1" doraHai="3" who="0" fromWho="1" sc="208,80,292,-80,250,0,250,0" />
</Scene>
<Scene>
<INIT seed="3,0,0,5,0,119" ten="288,212,250,250" oya="3" hai0="71,7,17,103,9,131,132,104,76,79,110,49,1" hai1="13,85,39,109,86,67,42,11,43,51,36,3,116" hai2="70,59,87,133,31,20,66,45,128,12,55,129,98" hai3="58,94,30,38,123,84,4,27,120,61,121,122,96"/><W56/><G38/><T60/><D104/><U50/><E3/><V54/><F133/><W130/><G130/><T40/><D103/><U2/><E2/><V29/><F70/><W47/><G47/><T34/><D34/><U107/><E107/><V88/><F98/><W99/><G123/><T22/><D132/><U134/><E134/><V95/><F128/><W37/><G37/><T93/><D131/><U115/><E115/><V106/><F106/><W46/><G46/><T81/><D93/><U75/><E75/><V91/><F91/><W114/><G114/><T90/><D40/><U10/><E13/><V24/><F129/><W108/><G4/><T102/><D102/><U41/><E41/><V117/><F117/><W52/><G108/><T21/><D49/><U82/><E67/><V5/><F66/><W105/><G105/><T57/><D71/><U28/><E28/><V74/><F74/><W26/><G58/><T89/><D22/><U8/><E8/><V127/><F127/><W69/><G69/><T18/><D76/><U97/><E116/><V48/><F31/><W33/><REACH who="3" step="1"/><G26/><REACH who="3" ten="288,212,250,240" step="2"/><T35/><D110/><U100/><E109/><V65/><F5/><W135/><G135/><T83/><D57/><U124/><E39/><V78/><F45/><W80/><G80/><T113/><D81/><U0/><E36/><V16/><F78/><W68/><G68/><T125/><D113/><U73/><E82/><V112/><F112/><W62/><G62/><T101/><D83/><U118/><E118/><V72/><F59/><W19/><G19/><T14/><D18/><RYUUKYOKU ba="0,1" sc="288,-10,212,-10,250,-10,240,30" hai3="27,30,33,52,56,61,84,94,96,99,120,121,122" />
</Scene>
<Scene>
<INIT seed="3,1,1,3,5,84" ten="278,202,240,270" oya="3" hai0="135,92,31,10,96,6,100,110,51,1,5,85,115" hai1="102,14,127,95,114,65,29,75,99,18,74,26,126" hai2="106,28,44,35,23,61,57,105,131,3,24,104,108" hai3="42,39,116,36,109,68,83,37,49,33,81,12,54"/><W133/><G33/><T41/><D110/><U97/><E114/><V121/><F108/><W27/><G109/><T73/><D73/><U90/><E65/><V40/><F131/><W53/><G68/><T55/><D115/><U67/><E67/><V118/><F118/><W15/><G116/><T87/><D135/><U132/><E132/><V22/><F3/><W79/><G133/><T4/><D41/><U25/><E74/><V66/><REACH who="2" step="1"/><F121/><REACH who="2" ten="278,202,230,270" step="2"/><W48/><G42/><T128/><D128/><U129/><E129/><V103/><F103/><W77/><G39/><AGARI ba="1,2" hai="22,23,24,28,35,39,40,44,57,61,66,104,105,106" machi="39" ten="40,1300,0" yaku="1,1,53,0" doraHai="84" doraHaiUra="32" who="2" fromWho="3" sc="278,0,202,0,230,36,270,-16" />
</Scene>
<Scene>
<INIT seed="4,0,0,2,0,20" ten="278,202,266,254" oya="0" hai0="32,48,44,1,40,56,55,10,23,113,17,98,58" hai1="25,37,81,74,61,93,77,62,130,53,116,43,51" hai2="14,100,102,49,95,132,124,135,66,19,36,115,31" hai3="133,90,47,27,67,8,46,84,121,123,128,107,73"/><T64/><D32/><U80/><E116/><V79/><F36/><W108/><G107/><T114/><D98/><U38/><E130/><V117/><F117/><W125/><G108/><T89/><D89/><U69/><E43/><V9/><F124/><W2/><G73/><T85/><D85/><U22/><E93/><V5/><F66/><W65/><G128/><T112/><D64/><U118/><E118/><V13/><F79/><W71/><G125/><T42/><D10/><U94/><E94/><V78/><F78/><W39/><G133/><T54/><D1/><U4/><E81/><V12/><F100/><W126/><G126/><T35/><D35/><U83/><E83/><V70/><F70/><W76/><G76/><T18/><D44/><U28/><E4/><V120/><F5/><W129/><G71/><T34/><D34/><U59/><REACH who="1" step="1"/><E69/><REACH who="1" ten="278,192,266,254" step="2"/><V96/><F95/><N who="3" m="54727" /><G129/><T3/><D3/><U101/><E101/><V105/><F102/><W97/><G2/><T86/><D86/><U24/><E24/><V103/><F103/><W26/><G27/><N who="0" m="14831" /><D18/><U104/><E104/><V122/><F19/><W29/><G123/><T127/><D127/><U57/><E57/><V0/><F122/><W106/><G121/><T52/><D40/><U91/><E91/><V134/><F120/><W11/><G46/><N who="0" m="25687" /><D58/><U60/><AGARI ba="0,1" hai="22,25,28,37,38,51,53,59,60,61,62,74,77,80" machi="60" ten="30,4000,0" yaku="1,1,0,1,52,1,53,0" doraHai="20" doraHaiUra="99" who="1" fromWho="1" sc="278,-20,192,50,266,-10,254,-10" />
</Scene>
<Scene>
<INIT seed="5,0,0,3,2,122" ten="258,242,256,244" oya="1" hai0="6,65,24,83,8,128,58,41,45,36,54,13,50" hai1="127,74,106,1,131,134,48,23,20,32,117,56,98" hai2="119,39,34,60,116,46,90,43,57,129,66,15,44" hai3="2,69,11,100,21,42,105,27,104,82,28,132,107"/><U86/><E74/><V72/><F34/><W31/><G69/><T75/><D128/><U14/><E1/><V22/><F72/><W70/><G70/><T115/><D115/><U78/><E32/><V63/><F129/><W29/><G132/><T25/><REACH who="0" step="1"/><D65/><REACH who="0" ten="248,242,256,244" step="2"/><U30/><E131/><V112/><F112/><W59/><G107/><T9/><D9/><U99/><E134/><V76/><F119/><W118/><G11/><T33/><D33/><U121/><E117/><V92/><F116/><W101/><G105/><T35/><D35/><U55/><E106/><V73/><F66/><W95/><G104/><T94/><D94/><U51/><E121/><V64/><F92/><W93/><G95/><T62/><D62/><U103/><E127/><V81/><F60/><W113/><G93/><T109/><D109/><U97/><E20/><V80/><F22/><W84/><G113/><T37/><D37/><U123/><E123/><V135/><F39/><W0/><G118/><T16/><D16/><N who="1" m="10647" /><E30/><V88/><F135/><W108/><G29/><T124/><D124/><U133/><E133/><V61/><F61/><W71/><G28/><T10/><D10/><U120/><E120/><V49/><F63/><W4/><G31/><T3/><D3/><U26/><E48/><V67/><F49/><W47/><G0/><T130/><D130/><U85/><E51/><V18/><F67/><W53/><G2/><T17/><D17/><U40/><E99/><V111/><F64/><W5/><G71/><T125/><D125/><U89/><E98/><V102/><F18/><W91/><G5/><RYUUKYOKU ba="0,1" sc="248,30,242,-10,256,-10,244,-10" hai0="6,8,13,24,25,36,41,45,50,54,58,75,83" />
</Scene>
<Scene>
<INIT seed="6,1,1,1,5,96" ten="278,232,246,234" oya="2" hai0="129,32,18,13,45,21,31,103,101,53,41,44,109" hai1="55,27,20,54,28,40,77,71,132,22,100,112,105" hai2="86,43,91,80,99,19,70,72,115,38,95,33,114" hai3="110,106,7,124,24,64,49,119,87,73,133,15,57"/><V1/><F33/><W3/><G73/><T78/><D109/><U69/><E40/><V34/><F34/><W107/><G110/><T23/><D32/><U74/><E112/><N who="2" m="43051" /><F70/><W123/><G119/><T67/><D129/><U68/><E132/><V76/><F1/><W130/><G123/><T10/><D67/><U88/><E20/><N who="0" m="7753" /><D31/><U98/><REACH who="1" step="1"/><E88/><REACH who="1" ten="278,222,246,234" step="2"/><N who="2" m="55783" /><F43/><W94/><G133/><T65/><D41/><U26/><E26/><V82/><F38/><W59/><G24/><T37/><D37/><U135/><E135/><V46/><F46/><W97/><G130/><T113/><D113/><U83/><AGARI ba="1,2" hai="22,27,28,54,55,68,69,71,74,77,83,98,100,105" machi="83" ten="40,5200,0" yaku="1,1,0,1,52,1,53,0" doraHai="96" doraHaiUra="42" who="1" fromWho="1" sc="278,-14,222,75,246,-27,234,-14" />
</Scene>
<Scene>
<INIT seed="7,0,0,1,0,130" ten="264,297,219,220" oya="3" hai0="47,82,121,84,110,53,61,37,46,113,24,68,29" hai1="45,11,108,31,39,91,86,87,8,80,6,55,131" hai2="25,44,49,62,117,72,106,126,60,3,122,41,73" hai3="34,42,54,63,111,90,12,1,127,89,51,94,83"/><W69/><G1/><T119/><D110/><U105/><E108/><V40/><F106/><W67/><G111/><T16/><D121/><U2/><E105/><V102/><F102/><W104/><G104/><T81/><D119/><U22/><E131/><V71/><F3/><W95/><G34/><T116/><D116/><U0/><E31/><V18/><F117/><W43/><G127/><T36/><D113/><U123/><E123/><V77/><F126/><W27/><G27/><T7/><D7/><U19/><E86/><V115/><F115/><W74/><G12/><T99/><D99/><U85/><E85/><V52/><F122/><W114/><G114/><T70/><D29/><U20/><E39/><V59/><F41/><W30/><G30/><T112/><D112/><U109/><E109/><V88/><F77/><W98/><G83/><T101/><D101/><U135/><E135/><V14/><F25/><W17/><G17/><T38/><D53/><U118/><E118/><V64/><REACH who="2" step="1"/><F88/><REACH who="2" ten="264,297,209,220" step="2"/><W10/><G74/><T9/><D24/><U132/><E0/><V28/><F28/><W76/><G76/><T21/><D81/><U65/><E80/><V133/><F133/><W79/><G79/><T107/><D107/><U5/><E132/><V120/><F120/><W125/><G125/><T100/><D100/><U128/><E128/><V26/><F26/><W15/><G15/><T129/><D129/><U33/><E2/><V66/><F66/><W78/><G78/><T56/><D82/><U23/><E65/><V75/><F75/><W134/><G134/><T4/><D84/><RYUUKYOKU ba="0,1" sc="264,-10,297,-10,209,30,220,-10" hai2="14,18,40,44,49,52,59,60,62,64,71,72,73" />
</Scene>
<Scene>
<INIT seed="8,1,1,3,0,42" ten="254,287,239,210" oya="0" hai0="63,70,3,47,132,114,100,105,14,0,25,88,58" hai1="12,87,18,115,106,72,131,32,74,134,116,13,31" hai2="36,64,81,20,76,108,95,21,117,60,52,62,19" hai3="59,23,101,86,103,53,5,127,17,96,135,69,122"/><T113/><D70/><U57/><E106/><V82/><F108/><W65/><G127/><T50/><D132/><U54/><E116/><V91/><F117/><W33/><G33/><T71/><D71/><U128/><E134/><V2/><F2/><W48/><G135/><T55/><D14/><U4/><E115/><N who="0" m="44041" /><D25/><U16/><E4/><V75/><F82/><W67/><G5/><T124/><D124/><U125/><E125/><V34/><F36/><W43/><G122/><T37/><D37/><U8/><E87/><V110/><F110/><W24/><G69/><T66/><D88/><U46/><E46/><V27/><F34/><W7/><G7/><T79/><D79/><U90/><E90/><V73/><F73/><W89/><G43/><T120/><D120/><U92/><E31/><V93/><F91/><W78/><G78/><T40/><D40/><U6/><E32/><V80/><F80/><N who="3" m="49351" /><G96/><T9/><D105/><U112/><E112/><V84/><F75/><N who="1" m="28713" /><E92/><V102/><F95/><W111/><G111/><T118/><D118/><U133/><E133/><V97/><F21/><W38/><G38/><T26/><D9/><N who="1" m="6191" /><E6/><V129/><F76/><W41/><G41/><T130/><D3/><U1/><E1/><V30/><F30/><W109/><G109/><T94/><D0/><U126/><E126/><V68/><F68/><W11/><G11/><T29/><D94/><U123/><E123/><V28/><F93/><W56/><G56/><T77/><D77/><U104/><E104/><V39/><F39/><W10/><G10/><T107/><D107/><U35/><E35/><RYUUKYOKU ba="1,1" sc="254,-15,287,15,239,-15,210,15" hai1="8,12,18,54,57,128,131" hai3="17,23,24,48,53,59,65,67,101,103" owari="239,4.0,312,41.0,224,-28.0,225,-17.0" />
</Scene>
</mjloggm>