<mjloggm ver="2.3"><GO type="169"/><UN n0="%49%47%41" n1="%E5%A4%AA%E3%81%8F%E3%81%AA%E3%81%84%E3%81%8A" n2="%E3%81%94%E3%81%98%E3%82%83%E3%82%8B" n3="%6D%61%63%6A%72" dan="16,18,18,17" rate="2057,2164,2201,2084" sx="M,M,M,M"/><TAIKYOKU oya="0"/>

<Scene>
<INIT seed="0,0,0,3,2,124" ten="250,250,250,250" oya="0" hai0="62,47,37,131,19,110,73,16,38,7,53,48,100" hai1="45,40,70,118,44,93,102,98,104,82,10,54,88" hai2="80,103,3,0,29,43,132,105,128,30,68,133,89" hai3="5,127,95,111,58,55,22,21,67,77,31,14,57"/><T49/><D73/><U64/><E118/><V92/><F68/><W13/><G127/><T96/><D62/><U91/><E10/><V2/><F43/><W50/><G111/><T17/><D7/><U119/><E119/><V27/><F80/><W79/><G95/><T129/><D110/><U61/><E54/><V106/><F30/><W34/><G34/><T32/><D32/><U90/><E82/><V26/><F26/><W76/><G31/><T135/><D49/><U120/><E120/><V130/><F103/><W46/><G57/><T12/><D12/><N who="3" m="4713" /><G5/><T33/><D33/><U71/><E71/><V15/><F15/><W123/><G123/><T99/><D135/><N who="2" m="51786" /><F27/><W18/><G18/><T122/><D122/><U8/><E8/><V24/><F24/><W63/><AGARI ba="0,0" hai="21,22,46,50,55,58,63,67,76,77,79" m="4713" machi="63" ten="30,1100,0" yaku="8,1" doraHai="124" who="3" fromWho="3" sc="250,-5,250,-3,250,-3,250,11" />
</Scene>
<Scene>
<INIT seed="1,0,0,0,2,118" ten="245,247,247,261" oya="1" hai0="36,82,68,25,47,100,45,105,6,72,84,37,63" hai1="38,26,1,123,96,107,27,73,60,50,120,16,59" hai2="2,135,30,64,34,69,48,75,22,95,17,121,97" hai3="19,79,86,125,66,128,117,127,114,32,101,51,31"/><U85/><E38/><V78/><F2/><W106/><G114/><T42/><D72/><U90/><E73/><V41/><F135/><W70/><G117/><T23/><D6/><U33/><E1/><V58/><F34/><W61/><G19/><T54/><D100/><U108/><E50/><V35/><F35/><W4/><G4/><T93/><D93/><U83/><E108/><V13/><F30/><W131/><G51/><T94/><D94/><U111/><E111/><V0/><F0/><W49/><G49/><T62/><D105/><U115/><E115/><V113/><F113/><W116/><G86/><T102/><D102/><U55/><E107/><V29/><F29/><W104/><G79/><T7/><D7/><U8/><E96/><V15/><F15/><W129/><G116/><T44/><D54/><U65/><E65/><V134/><F134/><W122/><G122/><T9/><D9/><U24/><REACH who="1" step="1"/><E33/><REACH who="1" ten="245,237,247,261" step="2"/><V91/><F75/><W80/><G104/><T43/><D37/><U109/><E109/><V89/><F97/><W98/><REACH who="3" step="1"/><G80/><REACH who="3" ten="245,237,247,251" step="2"/><T87/><D36/><U132/><E132/><V76/><F48/><W3/><G3/><T92/><D82/><U53/><E53/><V52/><F52/><W99/><G99/><T124/><D84/><U12/><AGARI ba="0,2" hai="8,12,16,24,26,27,55,59,60,83,85,90,120,123" machi="12" ten="30,24000,3" yaku="1,1,0,1,52,2,54,1,53,3" doraHai="118" doraHaiUra="21" who="1" fromWho="1" sc="245,-80,237,260,247,-80,251,-80" />
</Scene>
<Scene>
<INIT seed="1,1,0,3,4,17" ten="165,497,167,171" oya="1" hai0="35,116,5,10,42,12,13,43,94,125,63,4,7" hai1="101,88,40,103,25,33,64,108,83,134,11,105,128" hai2="102,123,69,122,133,31,39,89,92,117,62,18,129" hai3="6,24,100,75,38,76,130,37,119,60,66,99,77"/><U70/><E40/><V90/><F117/><W36/><G119/><T91/><D116/><U124/><E11/><V19/><F39/><W53/><G130/><T65/><D35/><U120/><E120/><V127/><F129/><W110/><G110/><T87/><D125/><U67/><E128/><V9/><F127/><W96/><G53/><T84/><D84/><U104/><E124/><V16/><F31/><W118/><G118/><T50/><D13/><U54/><E54/><V68/><F9/><W114/><G114/><T34/><D34/><U57/><E70/><V56/><F102/><W82/><G6/><T41/><REACH who="0" step="1"/><D50/><REACH who="0" ten="155,497,167,171" step="2"/><U30/><E33/><V52/><F133/><W22/><G38/><T86/><D86/><U15/><E134/><V47/><F47/><W14/><G14/><T85/><D85/><U97/><E15/><V28/><F123/><W26/><G36/><T58/><AGARI ba="1,1" hai="4,5,7,10,12,41,42,43,58,63,65,87,91,94" machi="58" ten="30,12000,2" yaku="1,1,0,1,8,1,53,3" doraHai="17" doraHaiUra="0" who="0" fromWho="0" sc="155,133,497,-61,167,-31,171,-31" />
</Scene>
<Scene>
<INIT seed="2,0,0,4,1,130" ten="288,436,136,140" oya="2" hai0="96,26,119,123,100,52,2,114,75,86,63,104,25" hai1="60,74,126,106,64,97,87,31,107,85,113,101,28" hai2="8,14,45,50,59,34,95,77,56,30,19,128,9" hai3="43,112,57,118,23,11,12,51,33,46,73,27,115"/><V7/><F128/><W133/><G73/><T15/><D75/><U0/><E74/><V10/><F77/><W129/><G118/><T62/><D2/><U5/><E113/><N who="3" m="43594" /><G33/><T3/><D3/><U82/><E107/><V37/><F37/><W44/><G44/><T21/><D114/><U70/><E126/><V116/><F116/><W68/><G68/><T92/><D119/><U17/><E87/><V49/><F34/><W78/><G78/><T99/><D86/><U125/><E125/><V84/><F30/><N who="3" m="17791" /><G57/><T121/><D15/><U20/><E5/><V72/><F72/><W110/><G110/><T24/><D21/><U71/><E71/><V47/><F84/><W98/><G98/><T16/><D16/><U79/><E0/><V66/><F19/><N who="3" m="8607" /><G129/><T102/><D63/><U76/><E79/><V35/><F35/><W1/><G1/><T90/><D102/><U120/><E120/><V91/><F14/><AGARI ba="0,0" hai="14,17,20,28,31,60,64,70,76,82,85,97,101,106" machi="14" ten="30,1000,0" yaku="7,1" doraHai="130" who="1" fromWho="2" sc="288,0,436,10,136,-10,140,0" />
</Scene>
<Scene>
<INIT seed="3,0,0,5,5,37" ten="288,446,126,140" oya="3" hai0="24,124,98,122,91,26,78,113,14,38,18,63,67" hai1="72,53,56,75,43,2,134,95,68,60,29,106,65" hai2="32,88,103,23,55,90,44,132,49,83,36,110,84" hai3="50,5,11,111,71,3,21,20,99,33,97,120,74"/><W116/><G71/><T59/><D122/><U12/><E2/><V102/><F32/><W114/><G74/><T112/><D78/><U126/><E106/><V64/><F110/><W127/><G33/><T34/><D38/><U42/><E29/><V30/><F132/><W17/><G114/><N who="0" m="44139" /><D124/><U22/><E134/><V87/><F64/><W92/><G116/><T28/><D26/><U31/><E126/><V4/><F4/><W130/><G127/><T81/><D81/><U85/><E72/><V46/><F30/><W0/><G0/><T66/><D91/><N who="1" m="53743" /><E31/><V8/><F8/><W119/><G130/><T123/><D98/><U54/><E75/><V101/><F23/><W62/><G21/><N who="0" m="11479" /><D123/><U105/><E105/><V107/><F107/><W96/><G119/><T128/><D128/><U79/><E79/><V6/><F6/><W58/><G120/><T1/><D1/><U35/><E35/><V69/><F69/><W25/><G111/><T125/><D125/><U61/><E61/><V70/><F70/><W7/><G7/><T57/><D57/><U117/><E117/><V45/><REACH who="2" step="1"/><F36/><REACH who="2" ten="288,446,116,140" step="2"/><W9/><G9/><T108/><D108/><U15/><E68/><V52/><F52/><AGARI ba="0,1" hai="24,28,34,52,59,63,66,67" m="11479,44139" machi="52" ten="30,2000,0" yaku="11,1,54,1" doraHai="37" who="0" fromWho="2" sc="288,30,446,0,116,-20,140,0" />
</Scene>
<Scene>
<INIT seed="4,0,0,2,0,126" ten="318,446,96,140" oya="0" hai0="7,118,76,91,70,125,28,113,71,117,79,73,54" hai1="112,68,8,84,0,77,60,17,29,72,49,116,19" hai2="1,78,44,94,51,127,10,92,99,129,131,98,122" hai3="87,59,46,3,6,15,63,65,36,57,123,33,53"/><T107/><D107/><U119/><E72/><V83/><F122/><W95/><G33/><T134/><D125/><U27/><E112/><V85/><F127/><W124/><G124/><T130/><D113/><U47/><E77/><V89/><F10/><W41/><G3/><T90/><D73/><U66/><E84/><V32/><F32/><W14/><G6/><T133/><D7/><U16/><E0/><V74/><F1/><W11/><G11/><T108/><D54/><U61/><E61/><V62/><F62/><W103/><G123/><T4/><D4/><U2/><E2/><V12/><F12/><W115/><G115/><T80/><D80/><U25/><E8/><V105/><F105/><W86/><G86/><T34/><D34/><U121/><E121/><V24/><F24/><W135/><G135/><T106/><D106/><U75/><E75/><V9/><F9/><W50/><G87/><T5/><D5/><U102/><E102/><V21/><F21/><W109/><G109/><T55/><D55/><U96/><E96/><V31/><F31/><W104/><G104/><T93/><D28/><U48/><E48/><V30/><F30/><W42/><G42/><T120/><D120/><U20/><REACH who="1" step="1"/><E27/><REACH who="1" ten="318,436,96,140" step="2"/><V110/><F110/><W100/><G100/><T26/><D26/><U56/><E56/><V13/><F13/><W18/><G15/><T97/><D97/><U128/><E128/><N who="2" m="49227" /><F92/><W52/><G14/><T40/><D130/><U64/><E64/><V114/><F114/><W69/><G65/><T132/><D93/><U22/><E22/><V23/><F23/><RYUUKYOKU ba="0,1" sc="318,-15,436,15,96,15,140,-15" hai1="16,17,19,20,25,29,47,49,60,66,68,116,119" hai2="44,51,74,78,83,85,89,94,98,99" />
</Scene>
<Scene>
<INIT seed="5,1,1,1,0,76" ten="303,451,111,125" oya="1" hai0="77,82,14,19,43,132,51,104,1,40,48,23,95" hai1="92,9,37,36,57,74,15,3,105,30,124,33,6" hai2="135,107,52,81,99,69,126,103,29,54,10,32,34" hai3="88,21,60,96,117,133,55,4,91,114,71,85,134"/><U56/><E105/><V59/><F69/><W129/><G114/><T67/><D104/><U79/><E124/><V128/><F126/><W22/><G129/><T0/><D132/><U127/><E127/><V93/><F135/><N who="3" m="51723" /><G4/><T7/><D67/><U47/><E92/><V53/><F128/><W58/><G117/><T98/><D51/><U13/><E13/><V101/><F10/><W2/><G2/><T49/><D49/><U73/><E15/><V118/><F118/><W86/><G96/><T41/><D48/><U20/><E33/><V65/><F29/><W84/><G71/><T116/><D7/><U111/><E111/><V70/><F70/><W75/><G75/><T90/><REACH who="0" step="1"/><D116/><REACH who="0" ten="293,451,111,125" step="2"/><U11/><E6/><V18/><F107/><W109/><G109/><T24/><D24/><U94/><E37/><V44/><F44/><W113/><G113/><T26/><D26/><U42/><E47/><V123/><F65/><W102/><G60/><T39/><D39/><U125/><E36/><V72/><F59/><W17/><G58/><T80/><D80/><U120/><E125/><V83/><F54/><W16/><G55/><T121/><D121/><U50/><E57/><V25/><F123/><W28/><G28/><T122/><D122/><U89/><E30/><V5/><F5/><W27/><G27/><T35/><D35/><U78/><E120/><V61/><F25/><W110/><G110/><T46/><D46/><U100/><E3/><V45/><F34/><W131/><G131/><T130/><D130/><U119/><E119/><V66/><F32/><W64/><G64/><RYUUKYOKU ba="1,2" sc="293,30,451,-10,111,-10,125,-10" hai0="0,1,14,19,23,40,41,43,77,82,90,95,98" />
</Scene>
<Scene>
<INIT seed="6,2,2,1,0,5" ten="323,441,101,115" oya="2" hai0="67,56,80,41,92,33,93,68,19,101,75,28,8" hai1="115,133,37,45,86,60,62,49,112,51,23,61,126" hai2="99,53,124,32,125,122,132,55,121,64,27,48,36" hai3="25,83,9,52,6,30,35,117,72,26,38,129,46"/><V1/><F1/><W134/><G117/><T15/><D68/><U31/><E126/><N who="2" m="48747" /><F36/><W103/><G129/><T107/><D107/><U135/><E37/><V100/><F64/><W118/><G118/><T39/><D28/><U113/><E86/><V131/><F131/><W102/><G26/><T94/><D33/><U29/><E51/><V110/><F132/><N who="1" m="50761" /><E23/><V58/><F110/><W69/><G134/><T114/><D114/><U22/><E22/><V90/><F90/><W79/><G38/><T119/><D119/><U123/><E123/><V20/><F55/><AGARI ba="2,2" hai="29,31,45,49,55,60,61,62,112,113,115" m="50761" machi="55" ten="40,2600,0" yaku="15,1,20,1" doraHai="5" who="1" fromWho="2" sc="323,0,441,52,101,-32,115,0" />
</Scene>
<Scene>
<INIT seed="7,0,0,4,2,109" ten="323,493,69,115" oya="3" hai0="120,105,39,122,44,35,1,63,54,99,77,90,123" hai1="21,32,41,24,87,134,91,62,65,6,27,131,30" hai2="79,40,97,9,53,8,70,10,115,98,66,93,111" hai3="33,86,135,34,17,43,118,84,104,129,20,81,58"/><W80/><G118/><T68/><D35/><U51/><E134/><V2/><F111/><W28/><G104/><T103/><D1/><U102/><E131/><V48/><F2/><W12/><G129/><T133/><D133/><U13/><E102/><V29/><F29/><W14/><G135/><T124/><D77/><U92/><E6/><V76/><F40/><W3/><G3/><T55/><D124/><U69/><E13/><V46/><F70/><W15/><G43/><T45/><D90/><U4/><E4/><V42/><F66/><W60/><G28/><T88/><D88/><U89/><E89/><V130/><F130/><W38/><G38/><T50/><D63/><U125/><E125/><V73/><F73/><W85/><G33/><T78/><D78/><U110/><E110/><V7/><F7/><W23/><G34/><T127/><D68/><U119/><E119/><V107/><F107/><W18/><G15/><T116/><D116/><U113/><E41/><V16/><F98/><W11/><G11/><T31/><D31/><U49/><E113/><V74/><F74/><W72/><G72/><T47/><D127/><U67/><E67/><AGARI ba="0,0" hai="12,14,17,18,20,23,58,60,67,80,81,84,85,86" machi="67" ten="40,3900,0" yaku="9,1,8,1" doraHai="109" who="3" fromWho="1" sc="323,0,493,-39,69,0,115,39" />
</Scene>
<Scene>
<INIT seed="7,1,0,4,1,39" ten="323,454,69,154" oya="3" hai0="119,102,15,106,53,48,56,16,24,8,133,112,90" hai1="91,103,105,109,66,78,57,70,55,73,64,32,22" hai2="12,40,124,18,121,2,30,29,20,9,42,49,10" hai3="72,88,111,27,47,92,94,46,115,97,26,79,108"/><W69/><G69/><T93/><D119/><U100/><E32/><V130/><F130/><W126/><G115/><T101/><D112/><U95/><E109/><N who="3" m="42058" /><G126/><T14/><D133/><U82/><E70/><V127/><F121/><W36/><G92/><T107/><D107/><U43/><E43/><N who="2" m="16427" /><F2/><W120/><G120/><T125/><D125/><N who="2" m="48202" /><F49/><W52/><G36/><T116/><D116/><U75/><E75/><V11/><AGARI ba="1,0" hai="9,10,11,12,18,20,29,30" m="48202,16427" machi="11" ten="40,8000,1" yaku="18,1,52,3" doraHai="39" who="2" fromWho="2" sc="323,-21,454,-21,69,83,154,-41" owari="302,10.0,433,54.0,152,-25.0,113,-39.0" />
</Scene>
</mjloggm>