<mjloggm ver="2.3"><GO type="169" lobby="0"/><UN n0="%E3%81%94%E3%81%98%E3%82%83%E3%82%8B" n1="%E6%A1%9C%E4%BA%95%E3%82%A2%E3%82%BD%E3%82%B3" n2="%E5%A4%AA%E3%81%8F%E3%81%AA%E3%81%84%E3%81%8A" n3="%E3%81%B4%E3%81%AE" dan="19,17,18,16" rate="2248.15,2234.35,2253.71,2097.08" sx="M,M,F,M"/><TAIKYOKU oya="0"/>

<Scene>
<INIT seed="0,0,0,5,4,49" ten="250,250,250,250" oya="0" hai0="77,5,127,92,45,86,122,84,13,88,112,102,81" hai1="105,31,32,4,134,78,119,110,8,11,43,101,74" hai2="27,69,55,89,73,116,14,28,15,71,57,99,2" hai3="39,108,97,46,51,65,133,117,23,42,94,79,40"/><T90/><D112/><U82/><E11/><V123/><F2/><W30/><G117/><T70/><D70/><U52/><E119/><V131/><F116/><W10/><G108/><T0/><D122/><U113/><E110/><V128/><F73/><W75/><G133/><T50/><D0/><U21/><E134/><V38/><F38/><W126/><G126/><T62/><D127/><U66/><E66/><V26/><F123/><W135/><G135/><T53/><D62/><U48/><E113/><V114/><F114/><W98/><G65/><T1/><D1/><U59/><E32/><V104/><F104/><W72/><G10/><N who="0" m="4303" /><D102/><U93/><E105/><V33/><F27/><W22/><G79/><AGARI ba="0,0" hai="45,50,53,77,79,81,84,86,88,90,92" m="4303" machi="79" ten="30,5800,0" yaku="8,1,52,1,54,1" doraHai="49" who="0" fromWho="3" sc="250,58,250,0,250,0,250,-58" />
</Scene>
<Scene>
<INIT seed="0,1,0,3,3,29" ten="308,250,250,192" oya="0" hai0="112,71,111,63,79,54,118,132,125,49,87,7,98" hai1="65,15,35,122,78,34,116,85,43,114,36,25,72" hai2="99,129,97,77,86,9,96,21,13,22,18,73,42" hai3="62,61,91,5,83,133,95,94,19,6,128,20,70"/><T104/><D112/><U100/><E85/><V56/><F129/><W82/><G133/><T67/><D118/><U41/><E25/><V69/><F69/><W59/><G128/><T37/><D37/><U46/><E15/><V124/><F124/><W108/><G108/><T58/><D132/><U60/><E43/><V68/><F68/><W66/><G70/><T75/><D125/><U135/><E135/><V113/><F113/><W11/><G62/><T12/><D75/><U127/><E127/><V123/><F123/><W4/><G11/><T89/><D111/><U126/><E126/><V3/><F73/><W119/><G119/><T1/><D1/><U102/><E114/><V47/><F3/><W57/><G57/><T110/><D110/><U32/><E116/><V93/><F56/><W45/><G45/><T109/><D109/><U33/><E122/><V84/><F93/><W27/><REACH who="3" step="1"/><G95/><REACH who="3" ten="308,250,250,182" step="2"/><T8/><D104/><U80/><N who="1" m="8704" /><DORA hai="0" /><U103/><REACH who="1" step="1"/><E102/><REACH who="1" ten="308,240,250,182" step="2"/><V51/><F9/><W131/><G131/><T107/><D8/><U90/><E90/><V23/><F77/><W130/><G130/><T121/><D79/><U134/><E134/><V88/><F88/><W2/><G2/><T81/><D121/><U14/><E14/><V17/><F13/><W101/><G101/><T44/><D12/><U52/><E52/><V24/><F24/><W120/><G120/><T48/><D89/><U10/><E10/><V64/><F42/><W76/><G76/><T106/><D54/><U39/><E39/><V92/><F18/><W55/><G55/><T26/><D26/><RYUUKYOKU ba="1,2" sc="308,-15,240,15,250,-15,182,15" hai1="36,41,46,60,65,72,78,80,100,103" hai3="4,5,6,19,20,27,59,61,66,82,83,91,94" />
</Scene>
<Scene>
<INIT seed="1,2,2,2,2,100" ten="293,255,235,197" oya="1" hai0="107,83,125,39,90,32,22,97,5,99,64,105,92" hai1="70,45,84,12,120,26,74,56,103,41,126,30,87" hai2="7,134,89,112,88,46,6,127,115,27,75,85,52" hai3="131,80,44,102,110,109,53,106,76,118,86,81,31"/><U117/><E74/><V43/><F75/><W55/><G31/><T57/><D32/><U35/><E117/><V128/><F128/><W29/><G29/><T21/><D39/><U77/><E120/><V47/><F127/><W9/><G131/><T11/><D125/><U58/><E126/><V17/><F134/><W95/><G118/><T33/><D33/><U15/><E70/><V40/><F27/><W94/><G9/><T71/><D71/><U82/><E87/><V28/><F28/><W113/><G113/><T135/><D83/><U121/><E121/><V96/><F96/><N who="3" m="61767" /><G44/><T14/><D135/><U1/><E1/><V111/><F17/><W119/><G119/><T25/><D99/><U60/><E103/><V51/><F111/><N who="3" m="42507" /><G53/><T42/><D42/><U79/><E58/><V65/><F52/><W67/><G67/><T0/><D0/><U124/><E77/><V93/><F65/><W16/><G55/><T20/><REACH who="0" step="1"/><D25/><REACH who="0" ten="283,255,235,197" step="2"/><U132/><E132/><V73/><F43/><W18/><G81/><T8/><D8/><U59/><E124/><V116/><F40/><W133/><G133/><T98/><D98/><U78/><E78/><V62/><F116/><W63/><G63/><AGARI ba="2,3" hai="5,11,14,20,21,22,57,63,64,90,92,97,105,107" machi="63" ten="40,8000,1" yaku="1,1,52,2,53,1" doraHai="100" doraHaiUra="91" who="0" fromWho="3" sc="283,116,255,0,235,0,197,-86" />
</Scene>
<Scene>
<INIT seed="2,0,0,3,1,34" ten="399,255,235,111" oya="2" hai0="83,47,15,43,135,21,97,134,101,105,41,92,28" hai1="62,5,16,63,6,104,102,133,24,53,123,57,18" hai2="45,31,50,9,65,17,120,49,23,40,61,77,118" hai3="130,39,95,106,42,55,66,36,56,117,96,124,27"/><V103/><F120/><W90/><G130/><T13/><D83/><U93/><E123/><V19/><F118/><W51/><G124/><T116/><D116/><U33/><E104/><V14/><F77/><W1/><G117/><T26/><D105/><U132/><E33/><V52/><F103/><W113/><G113/><T131/><D131/><U75/><E75/><V94/><F94/><W38/><G106/><T35/><D41/><U58/><E102/><V87/><F87/><W100/><G66/><T73/><D73/><U81/><E81/><V98/><F98/><W72/><G72/><T64/><D64/><U54/><REACH who="1" step="1"/><E24/><REACH who="1" ten="399,245,235,111" step="2"/><V127/><F127/><W22/><G100/><T76/><D35/><U11/><E11/><V88/><F9/><W114/><G114/><T79/><D135/><U3/><E3/><V69/><F14/><N who="0" m="5130" /><D134/><U89/><E89/><V119/><F119/><W67/><G1/><T107/><D107/><U126/><E126/><V29/><F88/><W2/><G2/><T125/><D125/><U20/><E20/><V110/><F23/><W32/><G32/><T60/><D79/><U4/><E4/><V30/><REACH who="2" step="1"/><F110/><REACH who="2" ten="399,245,225,111" step="2"/><W129/><G22/><T70/><D76/><U86/><E86/><V0/><F0/><W48/><G90/><T59/><D21/><U12/><E12/><V74/><F74/><W84/><G129/><T99/><D101/><U7/><E7/><V112/><F112/><W25/><G84/><T10/><D99/><U82/><E82/><V115/><F115/><W91/><G96/><T46/><D97/><U128/><E128/><RYUUKYOKU ba="0,2" sc="399,-15,245,15,225,15,111,-15" hai1="5,6,16,18,53,54,57,58,62,63,93,132,133" hai2="17,19,29,30,31,40,45,49,50,52,61,65,69" />
</Scene>
<Scene>
<INIT seed="2,1,2,1,2,118" ten="384,260,240,96" oya="2" hai0="0,24,92,71,96,115,63,25,127,135,109,51,42" hai1="114,103,53,13,2,52,45,124,83,26,36,91,97" hai2="73,46,111,95,122,112,66,94,134,8,125,32,89" hai3="82,33,6,41,93,99,116,76,60,9,28,105,107"/><V80/><F32/><W5/><G116/><T1/><D1/><U27/><E2/><V100/><F66/><W108/><G108/><T59/><D0/><U131/><E114/><V22/><F112/><W4/><G9/><T54/><D115/><U88/><E124/><V18/><F8/><W47/><G60/><T81/><D109/><U70/><E70/><V39/><F111/><W10/><G28/><T12/><D127/><U56/><E131/><V11/><F11/><W14/><G33/><T30/><D135/><U90/><E13/><V7/><F7/><W15/><G15/><T84/><D12/><U87/><E36/><V55/><F125/><W104/><G93/><T37/><D37/><U75/><E75/><V79/><F134/><W102/><G107/><T35/><D25/><U126/><E126/><V68/><F68/><W110/><G105/><T119/><D119/><U78/><E45/><V120/><F100/><W69/><G69/><T23/><D35/><U113/><E53/><V50/><F39/><W31/><G31/><T21/><D21/><U29/><E29/><V85/><F94/><W132/><G132/><T19/><D30/><U57/><E57/><V48/><F48/><W40/><G110/><T43/><D71/><U44/><E44/><V58/><F46/><W101/><G101/><N who="0" m="60551" /><D63/><U106/><REACH who="1" step="1"/><E113/><REACH who="1" ten="384,250,240,96" step="2"/><V133/><F133/><W34/><G41/><T65/><D65/><U49/><AGARI ba="1,3" hai="26,27,49,52,56,78,83,87,88,90,91,97,103,106" machi="49" ten="30,8000,1" yaku="1,1,2,1,0,1,54,2,53,0" doraHai="118" doraHaiUra="67" who="1" fromWho="1" sc="384,-21,250,113,240,-41,96,-21" />
</Scene>
<Scene>
<INIT seed="3,0,0,3,1,69" ten="363,363,199,75" oya="3" hai0="46,109,83,16,37,114,87,56,17,132,128,125,20" hai1="3,126,130,58,27,93,89,81,134,108,133,111,49" hai2="60,33,66,120,14,24,15,123,77,121,41,102,29" hai3="48,96,59,119,98,28,50,11,10,122,36,103,32"/><W7/><G122/><T64/><D109/><N who="1" m="42059" /><E3/><V5/><F77/><W113/><G119/><T18/><D132/><N who="1" m="50795" /><E27/><V92/><F5/><W40/><G113/><T135/><D135/><U116/><E58/><N who="2" m="37143" /><F41/><W70/><G70/><T21/><D114/><U55/><E49/><V45/><F45/><W118/><G118/><T62/><D128/><U54/><E116/><V9/><F9/><W25/><G59/><T42/><REACH who="0" step="1"/><D125/><REACH who="0" ten="353,363,199,75" step="2"/><U82/><E126/><V26/><F121/><W4/><G4/><T78/><AGARI ba="0,1" hai="16,17,18,20,21,37,42,46,56,62,64,78,83,87" machi="78" ten="30,8000,1" yaku="1,1,2,1,0,1,52,1,54,1,53,0" doraHai="69" doraHaiUra="106" who="0" fromWho="0" sc="353,90,363,-20,199,-20,75,-40" />
</Scene>
<Scene>
<INIT seed="4,0,0,2,2,135" ten="443,343,179,35" oya="0" hai0="35,31,60,12,66,90,80,62,36,87,128,94,46" hai1="22,54,100,126,97,61,104,82,133,30,92,4,7" hai2="86,45,115,65,114,98,34,55,119,6,2,63,38" hai3="131,51,9,96,75,57,117,129,13,132,77,52,70"/><T40/><D128/><N who="3" m="49225" /><G117/><T32/><D12/><U64/><E133/><V123/><F34/><W134/><G70/><T21/><D62/><U106/><E54/><V122/><F98/><W27/><G27/><T93/><D21/><U5/><E82/><V101/><F101/><W18/><G96/><T8/><D8/><U59/><REACH who="1" step="1"/><E126/><REACH who="1" ten="443,333,179,35" step="2"/><V28/><F55/><W50/><G50/><T49/><D49/><U84/><E84/><V48/><F86/><W109/><G109/><T108/><D108/><U99/><E99/><V69/><F48/><W78/><G78/><T3/><D80/><AGARI ba="0,1" hai="9,13,18,51,52,57,75,77,80,132,134" m="49225" machi="80" ten="30,2000,0" yaku="19,1,54,1" doraHai="135" who="3" fromWho="0" sc="443,-20,333,0,179,0,35,30" />
</Scene>
<Scene>
<INIT seed="5,0,0,2,1,115" ten="423,333,179,65" oya="1" hai0="16,23,94,24,116,2,127,11,85,66,80,114,34" hai1="58,28,41,97,102,5,6,107,82,27,108,19,35" hai2="65,89,25,105,1,54,3,44,104,67,101,103,50" hai3="49,135,17,96,60,13,110,77,92,0,8,73,125"/><U39/><E108/><V71/><F25/><W106/><G110/><T38/><D38/><U131/><E131/><V76/><F76/><W32/><G135/><T37/><D37/><U21/><E58/><V52/><F50/><W22/><G125/><T7/><D114/><U87/><E41/><V111/><F111/><W78/><G73/><T64/><D127/><U57/><E39/><V63/><F63/><W46/><G106/><T88/><D116/><U59/><E6/><V113/><F113/><W56/><G32/><T62/><D34/><U133/><E133/><V4/><F4/><W83/><G0/><T72/><D72/><U90/><REACH who="1" step="1"/><E5/><REACH who="1" ten="423,323,179,65" step="2"/><V47/><F71/><W84/><G56/><T91/><REACH who="0" step="1"/><D62/><REACH who="0" ten="413,323,179,65" step="2"/><U20/><E20/><V26/><F1/><W12/><G60/><T15/><D15/><AGARI ba="0,2" hai="15,19,21,27,28,35,57,59,82,87,90,97,102,107" machi="15" ten="30,2900,0" yaku="1,1,7,1,53,0" doraHai="115" doraHaiUra="51" who="1" fromWho="0" sc="413,-29,323,49,179,0,65,0" />
</Scene>
<Scene>
<INIT seed="5,1,0,1,4,65" ten="384,372,179,65" oya="1" hai0="9,41,93,91,54,48,90,78,102,38,134,114,120" hai1="61,117,2,19,3,121,98,92,28,71,62,5,30" hai2="55,56,100,132,36,69,33,118,67,70,64,34,124" hai3="20,130,104,26,96,94,111,44,89,18,57,50,10"/><U22/><E117/><V29/><F100/><W43/><G130/><T39/><D114/><U59/><E121/><V75/><F75/><W37/><G111/><T32/><D32/><U8/><E3/><V21/><F118/><W83/><G104/><T107/><D107/><U0/><E0/><V116/><F116/><W97/><G83/><T109/><D109/><U14/><E62/><V25/><F36/><W1/><G37/><T112/><D112/><U131/><E131/><V81/><F81/><W125/><G125/><T103/><D78/><U73/><E73/><V85/><F85/><W106/><G106/><T24/><D24/><U13/><E2/><V49/><F124/><W52/><G1/><T31/><D31/><U122/><E71/><V76/><F76/><W4/><G4/><T119/><D119/><U88/><REACH who="1" step="1"/><E122/><REACH who="1" ten="384,362,179,65" step="2"/><V128/><F128/><W63/><REACH who="3" step="1"/><G10/><REACH who="3" ten="384,362,179,55" step="2"/><T127/><D9/><U77/><E77/><V46/><F132/><W105/><G105/><T110/><D134/><U51/><E51/><V80/><F49/><W60/><G60/><T79/><D79/><U53/><AGARI ba="1,2" hai="5,8,13,14,19,22,28,30,53,59,61,88,92,98" machi="53" ten="20,18000,2" yaku="1,1,0,1,7,1,8,1,54,1,53,1" doraHai="65" doraHaiUra="16" who="1" fromWho="1" sc="384,-61,362,203,179,-61,55,-61" owari="323,12.0,565,67.0,118,-28.0,-6,-51.0" />
</Scene>
</mjloggm>