<mjloggm ver="2.3"><GO type="169" lobby="0"/><UN n0="%E5%BC%8F%E8%A6%8B%E8%9B%8D" n1="%E6%B5%81%E5%A4%AA" n2="%E5%A4%AA%E3%81%8F%E3%81%AA%E3%81%84%E3%81%8A" n3="%E4%BC%8A%E8%97%A4%E5%8D%83%E4%BD%B3" dan="17,16,18,16" rate="2073.80,2043.34,2229.78,2118.94" sx="M,M,F,F"/><TAIKYOKU oya="0"/>

<Scene>
<INIT seed="0,0,0,3,1,76" ten="250,250,250,250" oya="0" hai0="71,36,16,11,110,43,109,70,6,74,106,116,57" hai1="66,81,94,88,95,83,62,122,47,93,107,50,129" hai2="79,114,126,30,127,78,111,73,100,135,98,14,34" hai3="119,85,91,92,96,40,61,19,31,103,8,55,18"/><T12/><D116/><U108/><E108/><N who="0" m="41577" /><D106/><U105/><E122/><V24/><F111/><W1/><G119/><T58/><D74/><U17/><E17/><V115/><F14/><W45/><G31/><T75/><D75/><U49/><E129/><V56/><F56/><N who="0" m="21610" /><D6/><U54/><E50/><V104/><F135/><W89/><G61/><T132/><D132/><U72/><E72/><V3/><F3/><W44/><G1/><T33/><D33/><U0/><E0/><V60/><F60/><W90/><G55/><T59/><D59/><U121/><E121/><V23/><F23/><W7/><G7/><T120/><D120/><U38/><E38/><V29/><F29/><W41/><G19/><T112/><D112/><N who="2" m="43050" /><F73/><W35/><G35/><T97/><D97/><U25/><E107/><V13/><F34/><W32/><G32/><T130/><D130/><U46/><E105/><V133/><F133/><W10/><G18/><T131/><D131/><U52/><E62/><V123/><F123/><W80/><G10/><T2/><D2/><U9/><E66/><V5/><F5/><W82/><G8/><T15/><D15/><U101/><E9/><V118/><F13/><W67/><G67/><T53/><D53/><N who="1" m="20587" /><E25/><V65/><F65/><W124/><G85/><T99/><D99/><N who="1" m="59631" /><E47/><AGARI ba="0,0" hai="11,12,16,36,43,47,70,71" m="21610,41577" machi="47" ten="30,5800,0" yaku="14,1,10,1,54,1" doraHai="76" who="0" fromWho="1" sc="250,58,250,-58,250,0,250,0" />
</Scene>
<Scene>
<INIT seed="0,1,0,1,2,53" ten="308,192,250,250" oya="0" hai0="65,106,4,118,52,28,103,110,59,75,15,45,133" hai1="17,99,20,66,58,97,73,36,125,32,90,23,12" hai2="67,131,135,38,101,16,81,61,88,63,60,43,87" hai3="91,35,117,119,14,82,108,41,93,92,132,10,112"/><T62/><D118/><U50/><E32/><V26/><F131/><W22/><G112/><T5/><D75/><U70/><E70/><V7/><F135/><W49/><G35/><T48/><D133/><U72/><E36/><V134/><F134/><W107/><G132/><T78/><D78/><U6/><E125/><V129/><F129/><W130/><G107/><T77/><D77/><U13/><E99/><V29/><F7/><W86/><G130/><T34/><D110/><U57/><E66/><V100/><F67/><W89/><G108/><T104/><D103/><U113/><E113/><V115/><F115/><W1/><G1/><T126/><D126/><U9/><E50/><V19/><F38/><W122/><G122/><T121/><D121/><U47/><E47/><V111/><F43/><W123/><G123/><T94/><D94/><U105/><E23/><N who="2" m="15583" /><F111/><W39/><G39/><T0/><D0/><U76/><E76/><V102/><AGARI ba="1,0" hai="16,19,60,61,63,81,87,88,100,101,102" m="15583" machi="102" ten="30,4000,0" yaku="8,1,54,2" doraHai="53" who="2" fromWho="2" sc="308,-21,192,-11,250,43,250,-11" />
</Scene>
<Scene>
<INIT seed="1,0,0,2,3,114" ten="287,181,293,239" oya="1" hai0="22,107,46,33,4,85,39,20,62,64,56,49,2" hai1="130,104,74,0,21,37,9,14,76,106,99,82,95" hai2="23,109,29,32,8,126,117,72,92,84,51,40,10" hai3="18,75,28,81,41,53,43,100,121,38,103,113,12"/><U63/><E0/><V7/><F72/><W93/><G113/><T11/><D33/><U111/><E37/><V19/><F109/><W34/><G121/><T102/><D39/><U66/><E130/><V50/><F126/><W1/><G1/><T36/><D36/><U70/><E21/><V3/><F10/><W128/><G128/><T122/><D122/><U30/><E30/><V101/><F40/><W5/><G5/><T105/><D85/><U87/><E111/><V17/><F17/><W86/><G75/><T123/><D123/><U42/><E42/><V45/><F45/><W124/><G124/><T119/><D119/><U112/><E74/><V78/><F101/><W6/><G6/><T132/><D132/><U129/><E129/><V91/><F78/><W68/><G68/><T65/><D65/><U77/><E77/><V120/><F120/><W59/><G38/><T26/><D102/><N who="3" m="38953" /><G93/><T52/><REACH who="0" step="1"/><D22/><REACH who="0" ten="277,181,293,239" step="2"/><U88/><REACH who="1" step="1"/><E112/><REACH who="1" ten="277,171,293,239" step="2"/><V69/><F32/><W27/><G34/><T48/><D48/><U108/><E108/><V80/><F51/><N who="3" m="31167" /><G28/><AGARI ba="0,2" hai="2,4,11,20,26,28,46,49,52,56,62,64,105,107" machi="28" ten="30,3900,0" yaku="1,1,7,1,54,1,53,0" doraHai="114" doraHaiUra="83" who="0" fromWho="3" sc="277,59,171,0,293,0,239,-39" />
</Scene>
<Scene>
<INIT seed="2,0,0,1,5,16" ten="336,171,293,200" oya="2" hai0="134,39,63,41,35,68,72,71,66,129,40,107,46" hai1="98,36,104,73,82,15,81,3,102,4,135,105,92" hai2="117,32,28,77,1,21,64,75,42,93,34,116,69" hai3="38,127,13,76,55,58,78,67,22,54,79,85,51"/><V19/><F42/><W124/><G38/><T61/><D72/><U52/><E36/><V48/><F1/><W128/><G128/><T0/><D0/><U33/><E33/><V65/><F48/><W122/><G122/><T29/><D107/><U14/><E3/><V20/><F93/><W45/><G67/><N who="0" m="41071" /><D41/><U96/><E135/><V110/><F28/><W103/><G103/><T44/><D46/><U17/><E4/><V26/><F69/><W56/><G45/><T2/><D2/><U60/><E73/><V119/><F110/><W132/><G132/><T133/><D129/><U84/><E84/><V27/><F75/><W86/><G124/><T74/><D74/><U30/><E30/><N who="2" m="17743" /><F77/><W50/><G127/><T23/><D23/><U101/><E92/><V120/><F65/><W11/><REACH who="3" step="1"/><G22/><REACH who="3" ten="336,171,293,190" step="2"/><T91/><D133/><U37/><E37/><V100/><F64/><W121/><G121/><T112/><D66/><U118/><E118/><V108/><F100/><W95/><G95/><T59/><D134/><U111/><E111/><V47/><F47/><W94/><G94/><T115/><D71/><U106/><E106/><V10/><F108/><W131/><G131/><T80/><D44/><U53/><E60/><V113/><F120/><W88/><G88/><T18/><D39/><U70/><E70/><V125/><F125/><W49/><G49/><T6/><D63/><U83/><E83/><V90/><F90/><W43/><G43/><T9/><D80/><U126/><E126/><V57/><F34/><W31/><G31/><T89/><D40/><U114/><E105/><RYUUKYOKU ba="0,1" sc="336,-10,171,-10,293,-10,190,30" hai3="11,13,50,51,54,55,56,58,76,78,79,85,86" />
</Scene>
<Scene>
<INIT seed="3,1,1,0,2,87" ten="326,161,283,220" oya="3" hai0="27,56,3,45,40,103,4,83,117,97,21,2,101" hai1="31,125,43,6,35,60,30,18,64,82,22,19,48" hai2="15,119,116,57,69,115,9,92,95,14,29,118,88" hai3="61,38,126,81,96,107,12,5,63,102,74,54,7"/><W24/><G38/><T58/><D117/><U77/><E35/><V70/><F115/><W0/><G0/><T76/><D101/><U99/><E125/><V49/><F29/><W130/><G130/><T114/><D114/><U1/><E19/><V128/><F128/><W132/><G132/><T23/><D56/><U11/><E99/><V120/><F120/><W59/><G126/><T104/><D58/><U134/><E134/><V100/><F100/><W55/><G24/><T65/><D65/><U72/><E43/><V50/><F57/><W62/><G55/><T67/><D67/><U133/><E133/><V32/><F32/><W105/><G105/><T17/><D23/><U80/><E80/><V13/><F9/><W16/><G81/><T85/><D4/><U51/><E31/><V46/><F92/><W66/><G74/><T124/><D124/><U121/><E30/><V53/><REACH who="2" step="1"/><F50/><AGARI ba="1,1" hai="2,3,17,21,27,40,45,50,76,83,85,97,103,104" machi="50" ten="30,1000,0" yaku="7,1" doraHai="87" who="0" fromWho="2" sc="326,23,161,0,283,-13,220,0" />
</Scene>
<Scene>
<INIT seed="4,0,0,0,5,18" ten="349,161,270,220" oya="0" hai0="15,120,122,115,131,95,62,59,23,8,85,99,43" hai1="116,86,60,80,119,98,73,50,74,91,19,118,35" hai2="36,28,54,106,32,114,111,58,72,4,71,52,22" hai3="125,68,57,21,78,25,81,34,103,90,132,69,127"/><T66/><D115/><U94/><E35/><V65/><F72/><W104/><G132/><T46/><D85/><U101/><E60/><V20/><F111/><W30/><G90/><T56/><D56/><U17/><E50/><V129/><F36/><W97/><G57/><T108/><D131/><U92/><E74/><V14/><F54/><W3/><G3/><T121/><D108/><U49/><E49/><V45/><F45/><W89/><G89/><T41/><D46/><U93/><E19/><V112/><F106/><W53/><G53/><T13/><D13/><U39/><E39/><V113/><F129/><W124/><REACH who="3" step="1"/><G34/><REACH who="3" ten="349,161,270,210" step="2"/><T134/><D134/><U79/><E17/><V48/><F32/><W10/><G10/><T128/><D8/><U84/><REACH who="1" step="1"/><E84/><AGARI ba="0,1" hai="21,25,30,68,69,78,81,84,97,103,104,124,125,127" machi="84" ten="40,5200,0" yaku="1,1,18,1,52,1,53,0" doraHai="18" doraHaiUra="12" who="3" fromWho="1" sc="349,0,161,-52,270,0,210,62" />
</Scene>
<Scene>
<INIT seed="5,0,0,2,3,90" ten="349,109,270,272" oya="1" hai0="9,72,55,68,7,125,35,69,39,34,126,15,48" hai1="115,112,18,99,41,121,10,51,60,70,77,116,4" hai2="119,95,89,22,120,28,24,31,107,81,93,94,21" hai3="61,98,133,128,23,87,43,84,132,82,8,135,105"/><U62/><E116/><V13/><F120/><W66/><G8/><T130/><D39/><U91/><E121/><V0/><F107/><W67/><G128/><T40/><D40/><U42/><E77/><V58/><F0/><W114/><G114/><N who="1" m="43562" /><E18/><N who="2" m="10447" /><F119/><W26/><G43/><N who="1" m="16394" /><E70/><N who="0" m="27241" /><D72/><U64/><E64/><N who="3" m="24618" /><G61/><T20/><D130/><U71/><E71/><V50/><F31/><N who="3" m="17887" /><G82/><T46/><D20/><U124/><E51/><V38/><F38/><W92/><G105/><T129/><D129/><U96/><E124/><AGARI ba="0,0" hai="7,9,15,34,35,46,48,55,124,125,126" m="27241" machi="124" ten="30,1000,0" yaku="18,1" doraHai="90" who="0" fromWho="1" sc="349,10,109,-10,270,0,272,0" />
</Scene>
<Scene>
<INIT seed="6,0,0,4,3,17" ten="359,99,270,272" oya="2" hai0="106,6,129,24,93,53,135,38,40,123,91,4,31" hai1="131,95,51,33,1,10,71,63,65,64,133,125,60" hai2="26,12,115,113,13,68,121,34,30,69,36,126,2" hai3="119,75,22,58,48,47,18,89,5,19,7,50,57"/><V130/><F36/><W11/><G119/><T44/><D106/><U45/><E33/><V122/><F68/><W79/><G79/><T111/><D123/><N who="2" m="47114" /><F69/><W8/><G75/><T120/><D120/><U128/><E95/><V80/><F80/><W49/><G89/><T112/><D53/><N who="1" m="29935" /><E10/><N who="3" m="3626" /><G47/><T39/><D44/><U87/><E87/><V114/><F2/><W16/><G22/><T9/><D40/><U132/><E1/><V81/><F81/><W41/><G41/><T110/><D39/><U61/><E71/><V55/><F55/><W77/><G77/><T90/><D9/><U67/><E125/><V14/><F130/><AGARI ba="0,0" hai="60,61,63,64,65,67,128,130,131,132,133" m="29935" machi="130" ten="40,5200,0" yaku="19,1,34,2" doraHai="17" who="1" fromWho="2" sc="359,0,99,52,270,-52,272,0" />
</Scene>
<Scene>
<INIT seed="7,0,0,2,4,54" ten="359,151,218,272" oya="3" hai0="82,99,89,59,70,71,92,91,119,51,122,132,43" hai1="20,27,60,23,86,95,128,53,79,121,40,110,74" hai2="114,111,113,107,21,41,6,90,75,77,116,64,135" hai3="109,58,125,24,73,55,14,46,32,69,44,11,115"/><W28/><G69/><T123/><D119/><U13/><E110/><V120/><F116/><W101/><G109/><T106/><D106/><U66/><E121/><V104/><F111/><W48/><G115/><N who="2" m="44041" /><F120/><W94/><G125/><T100/><D122/><U108/><E108/><V134/><F41/><W126/><G126/><T65/><D123/><U3/><E3/><V98/><F6/><W34/><G73/><T35/><D35/><U16/><E74/><V19/><F64/><W56/><G34/><T127/><D127/><U7/><E128/><V2/><F2/><W117/><G117/><T8/><D132/><N who="2" m="50730" /><F77/><W18/><REACH who="3" step="1"/><G46/><REACH who="3" ten="359,151,218,262" step="2"/><N who="0" m="26079" /><D71/><U84/><E79/><V124/><F75/><W22/><G22/><T81/><D70/><U72/><E72/><V52/><F124/><W129/><G129/><T62/><D8/><U88/><E40/><V103/><F21/><W0/><G0/><T83/><AGARI ba="0,1" hai="59,62,65,81,82,83,89,91,92,99,100" m="26079" machi="83" ten="30,2000,0" yaku="8,1,52,1" doraHai="54" who="0" fromWho="0" sc="359,30,151,-5,218,-5,262,-10" owari="389,49.0,146,-35.0,213,-19.0,252,5.0" />
</Scene>
</mjloggm>