<mjloggm ver="2.3"><GO type="169"/><UN n0="%E5%A4%AA%E3%81%8F%E3%81%AA%E3%81%84%E3%81%8A" n1="%E3%82%AF%E3%83%A9" n2="%E7%A5%9E%E7%AE%97%E9%AC%BC%E8%AC%80%E3%81%AE%E6%A5%B5%E3%81%BF" n3="%E5%86%92%E9%99%BA%E7%8E%8B%E3%83%8B%E3%82%A3%E3%83%88" dan="18,17,16,16" rate="2155,2114,2101,2087" sx="M,M,M,M"/><TAIKYOKU oya="0"/>

<Scene>
<INIT seed="0,0,0,3,3,108" ten="250,250,250,250" oya="0" hai0="20,24,39,53,77,130,32,35,90,5,50,123,27" hai1="83,125,36,82,9,34,58,106,2,71,45,73,8" hai2="66,119,121,65,84,41,111,131,135,49,114,126,4" hai3="15,3,52,120,124,117,62,96,64,7,104,113,112"/><T91/><D123/><U95/><E106/><V16/><F4/><W38/><G117/><T80/><D39/><U110/><E71/><V47/><F119/><W26/><G3/><T68/><D68/><U43/><E110/><V6/><F121/><W55/><G38/><T54/><D130/><U59/><E34/><V51/><F6/><W70/><G120/><T86/><D5/><N who="1" m="1079" /><E9/><V29/><F29/><W133/><G7/><T67/><D67/><U72/><E125/><V44/><F131/><W14/><G124/><T0/><D0/><U105/><E105/><V94/><F126/><W19/><G26/><T18/><D54/><U89/><E83/><V132/><F111/><W98/><G15/><T75/><D27/><U97/><E73/><V129/><F129/><W100/><G98/><T42/><D42/><U48/><E48/><V57/><F41/><W74/><G74/><T101/><D101/><U25/><E25/><V99/><F99/><W56/><G133/><T30/><D30/><U10/><E10/><V63/><F135/><W31/><G31/><T23/><D23/><U122/><E122/><V116/><F116/><W118/><G118/><T87/><D75/><U37/><E37/><V17/><F132/><W28/><G28/><T103/><D103/><U33/><E33/><N who="0" m="12873" /><D87/><U60/><E60/><V102/><F84/><W88/><G88/><N who="0" m="33835" /><D50/><U61/><E61/><V134/><F63/><W22/><G55/><T76/><D53/><U127/><E127/><V21/><F134/><W46/><G46/><T85/><D85/><U11/><E11/><V79/><F44/><RYUUKYOKU ba="0,0" sc="250,10,250,10,250,-30,250,10" hai0="18,20,24,76,77,80,86" hai1="36,43,45,58,59,72,82,89,95,97" hai3="14,19,22,52,56,62,64,70,96,100,104,112,113" />
</Scene>
<Scene>
<INIT seed="0,1,0,4,3,108" ten="260,260,220,260" oya="0" hai0="127,36,121,39,26,125,11,97,92,102,80,22,55" hai1="96,75,16,28,99,135,47,6,91,61,2,85,5" hai2="66,43,64,49,84,3,10,25,33,87,17,21,30" hai3="35,0,128,13,56,51,86,83,112,41,54,1,111"/><T27/><D121/><U44/><E75/><V82/><F84/><W31/><G111/><T120/><D120/><U57/><E28/><V62/><F62/><W38/><G128/><T7/><D80/><U95/><E135/><V132/><F132/><W40/><G31/><N who="0" m="17879" /><D27/><U90/><E2/><V19/><F19/><W14/><G35/><T98/><D55/><U115/><E16/><V18/><F18/><W81/><G54/><T53/><D53/><U117/><E117/><V59/><F59/><W107/><G107/><T123/><D98/><U122/><E122/><V52/><F43/><W109/><G109/><T110/><D110/><U100/><E100/><V24/><F10/><W46/><G86/><T9/><D123/><U58/><E85/><V77/><F3/><W79/><G46/><T126/><D11/><U67/><E95/><V65/><F52/><W114/><G56/><T78/><D78/><U130/><E130/><V68/><F68/><W134/><G134/><T50/><D50/><U71/><E71/><V32/><REACH who="2" step="1"/><F49/><REACH who="2" ten="260,260,210,260" step="2"/><W37/><G51/><T103/><D9/><U34/><E61/><V45/><F45/><W76/><AGARI ba="1,1" hai="0,1,13,14,37,38,40,41,76,79,81,83,112,114" machi="76" ten="25,8000,1" yaku="0,1,22,2,52,2" doraHai="108" who="3" fromWho="3" sc="260,-41,260,-21,210,-21,260,93" />
</Scene>
<Scene>
<INIT seed="1,0,0,5,0,22" ten="219,239,189,353" oya="1" hai0="84,68,19,8,110,135,53,2,126,94,62,30,55" hai1="71,87,114,95,80,115,96,57,85,127,14,133,109" hai2="27,21,118,40,128,39,108,45,116,37,106,93,74" hai3="81,16,31,132,117,0,35,121,63,6,76,46,66"/><U123/><E71/><V134/><F106/><W1/><G121/><T58/><D110/><U120/><E57/><V86/><F74/><W69/><G117/><T119/><D119/><U23/><E14/><V75/><F75/><W99/><G99/><T29/><D135/><U103/><E23/><V5/><F108/><W41/><G132/><T17/><D126/><U125/><E133/><V11/><F128/><W79/><G76/><T78/><D68/><U111/><E109/><V82/><F93/><W64/><G66/><T32/><D2/><U51/><E51/><V47/><F134/><W7/><G6/><T77/><D53/><U131/><E111/><V61/><F61/><W89/><G89/><N who="0" m="53543" /><D32/><U20/><E20/><V98/><F98/><W36/><G7/><T9/><D9/><U88/><E87/><V26/><F21/><W43/><G41/><T34/><D34/><U59/><E59/><V44/><F116/><W73/><G16/><N who="0" m="6219" /><D8/><U112/><E131/><V49/><F118/><W129/><G129/><T28/><AGARI ba="0,0" hai="28,29,30,55,58,62,77,78" m="6219,53543" machi="28" ten="30,2000,0" yaku="8,1,54,1" doraHai="22" who="0" fromWho="0" sc="219,20,239,-10,189,-5,353,-5" />
</Scene>
<Scene>
<INIT seed="2,0,0,0,1,120" ten="239,229,184,348" oya="2" hai0="24,48,54,121,89,1,98,52,102,61,71,130,122" hai1="51,30,125,74,106,79,109,78,81,25,92,43,58" hai2="101,28,76,135,60,115,34,124,67,87,55,44,95" hai3="12,110,85,47,10,41,80,37,17,127,29,118,3"/><V93/><F115/><W132/><G118/><T111/><D1/><U105/><E125/><V126/><F28/><W123/><G127/><N who="2" m="48681" /><F34/><W99/><G123/><T91/><D130/><U14/><E79/><V42/><F55/><W46/><G3/><T116/><D116/><U6/><E92/><V66/><F135/><W33/><G132/><T21/><D121/><U113/><E113/><V63/><F63/><W88/><G46/><T62/><D54/><U90/><E90/><N who="2" m="53471" /><F60/><W11/><G11/><T73/><D61/><U0/><E30/><V75/><F75/><W112/><G112/><T35/><D73/><U103/><E74/><V72/><F76/><W5/><G5/><T84/><D35/><U59/><E6/><V86/><F72/><W57/><G57/><T49/><D62/><U100/><E78/><V13/><F13/><W134/><G134/><T53/><D53/><U107/><E14/><V65/><F86/><W4/><G4/><T9/><D84/><U64/><E0/><V19/><F19/><W119/><G119/><T70/><D52/><U27/><E59/><V117/><F117/><W8/><G8/><T108/><D9/><U20/><E58/><V26/><F26/><N who="3" m="18615" /><G99/><T96/><D122/><U31/><E27/><V68/><F68/><W69/><G69/><T45/><D24/><U97/><E97/><N who="2" m="59583" /><F67/><W56/><G56/><T15/><D15/><U114/><E64/><V40/><F40/><W7/><G7/><T50/><D71/><U36/><E114/><V94/><F94/><W128/><G128/><T131/><D131/><U133/><E133/><RYUUKYOKU ba="0,0" sc="239,-15,229,-15,184,15,348,15" hai2="42,44,65,66" hai3="10,12,17,37,41,47,80,85,88,110" />
</Scene>
<Scene>
<INIT seed="2,1,0,4,4,50" ten="224,214,199,363" oya="2" hai0="89,20,21,114,1,121,131,135,37,26,90,68,95" hai1="94,112,18,87,29,126,96,31,134,10,39,46,15" hai2="49,60,98,101,6,64,92,105,117,67,17,88,32" hai3="34,4,55,110,40,116,69,129,42,58,27,35,76"/><V106/><F32/><W73/><G69/><T63/><D114/><U5/><E112/><V33/><F33/><W16/><G116/><T65/><D121/><U48/><E39/><V128/><F117/><W84/><G73/><T66/><D37/><U104/><E126/><V83/><F128/><W43/><G4/><T113/><D113/><U82/><E104/><V8/><F17/><W51/><G129/><T99/><D131/><U70/><E70/><V108/><F108/><W30/><G110/><T123/><D123/><U107/><E107/><V132/><F132/><W71/><G71/><T38/><D38/><U127/><E127/><V62/><F49/><W109/><G109/><T85/><D1/><U119/><E134/><V61/><F83/><W97/><G97/><T118/><D118/><U53/><E5/><V74/><F74/><W133/><G34/><T52/><D135/><U93/><E119/><V56/><F101/><W80/><G133/><T86/><D99/><U9/><E9/><V24/><F24/><W57/><REACH who="3" step="1"/><G16/><REACH who="3" ten="224,214,199,353" step="2"/><N who="0" m="12551" /><D68/><U124/><E124/><V111/><F111/><W79/><G79/><T81/><D21/><U100/><REACH who="1" step="1"/><E94/><REACH who="1" ten="224,204,199,353" step="2"/><V2/><F105/><W103/><G103/><T102/><D102/><U72/><E72/><V130/><F106/><W59/><AGARI ba="1,2" hai="27,30,35,40,42,43,51,55,57,58,59,76,80,84" machi="59" ten="30,4000,0" yaku="1,1,0,1,52,1,53,0" doraHai="50" doraHaiUra="11" who="3" fromWho="3" sc="224,-11,204,-11,199,-21,353,63" />
</Scene>
<Scene>
<INIT seed="3,0,0,3,0,8" ten="213,193,178,416" oya="3" hai0="1,99,125,86,91,51,128,100,39,95,28,105,131" hai1="92,71,41,43,72,83,24,126,107,73,113,97,108" hai2="17,13,88,90,54,127,93,96,129,55,56,81,21" hai3="57,76,14,82,19,42,23,135,34,40,31,120,29"/><W104/><G104/><T18/><D39/><U15/><E113/><V110/><F110/><W101/><G101/><T109/><D1/><U49/><E71/><V45/><F129/><N who="0" m="49738" /><D28/><U67/><E67/><V58/><F127/><W50/><G120/><T30/><D30/><U48/><E107/><V124/><F124/><W98/><G98/><N who="0" m="61591" /><D125/><U132/><E24/><V65/><F65/><W52/><G135/><T53/><D109/><U119/><E108/><V62/><F45/><W112/><G112/><T106/><D18/><U36/><E36/><V5/><F5/><W121/><G121/><T35/><D35/><U70/><E70/><V0/><F0/><W4/><G4/><T78/><D106/><U133/><E126/><V114/><F114/><W38/><G34/><T25/><D25/><U94/><E119/><V64/><F58/><W74/><REACH who="3" step="1"/><G40/><REACH who="3" ten="213,193,178,406" step="2"/><T111/><D111/><U3/><E97/><V117/><F117/><W68/><G68/><T75/><D99/><U22/><E43/><V63/><REACH who="2" step="1"/><F63/><REACH who="2" ten="213,193,168,406" step="2"/><W12/><G12/><T60/><D60/><U61/><E61/><V103/><F103/><W116/><G116/><T79/><D75/><U130/><E72/><V6/><F6/><W7/><G7/><T32/><D32/><U123/><E73/><V66/><F66/><W85/><G85/><AGARI ba="0,2" hai="13,17,21,54,55,56,62,64,81,85,88,90,93,96" machi="85" ten="40,8000,1" yaku="1,1,8,1,52,1,54,1,53,0" doraHai="8" doraHaiUra="44" who="2" fromWho="3" sc="213,0,193,0,168,100,406,-80" />
</Scene>
<Scene>
<INIT seed="4,0,0,3,3,129" ten="213,193,268,326" oya="0" hai0="114,39,49,79,57,93,23,56,113,78,47,126,22" hai1="18,118,97,70,34,116,105,63,27,25,109,119,19" hai2="36,104,96,53,4,130,9,11,58,52,75,67,16" hai3="73,12,102,127,123,72,43,84,76,37,7,51,64"/><T134/><D126/><U80/><E109/><V28/><F75/><W111/><G127/><T106/><D106/><U45/><E45/><V125/><F36/><W29/><G37/><T65/><D39/><U88/><E27/><V131/><F125/><W71/><G102/><T5/><D5/><U44/><E44/><V41/><F28/><W32/><G123/><T117/><D117/><U115/><E115/><N who="0" m="44041" /><D93/><U50/><E50/><V46/><F41/><W1/><G51/><T69/><D69/><U20/><E34/><V108/><F108/><W62/><G43/><N who="0" m="24831" /><D134/><U128/><E128/><N who="2" m="49195" /><F46/><W10/><G111/><T112/><D112/><U103/><E70/><V89/><F4/><W61/><G62/><N who="0" m="38087" /><D57/><U48/><E48/><V42/><F42/><W31/><G71/><T54/><D54/><U24/><E63/><N who="2" m="38391" /><F104/><W121/><G1/><T86/><D86/><U87/><REACH who="1" step="1"/><E25/><REACH who="1" ten="213,183,268,326" step="2"/><V101/><F53/><W91/><G32/><T0/><D0/><U132/><E132/><V2/><F52/><W55/><G55/><T90/><D90/><U85/><E85/><V124/><F89/><W135/><G84/><T81/><D81/><U66/><E66/><V60/><F60/><W77/><G64/><T120/><D120/><U83/><E83/><V110/><F124/><W17/><G91/><T95/><D78/><U107/><E107/><N who="2" m="63911" /><F110/><W21/><G121/><T98/><D79/><U92/><E92/><V35/><F35/><W33/><G76/><T38/><D38/><U6/><E6/><V30/><F2/><W8/><G33/><T74/><D74/><U14/><E14/><RYUUKYOKU ba="0,1" sc="213,15,183,15,268,-15,326,-15" hai0="22,23,95,98" hai1="18,19,20,24,80,87,88,97,103,105,116,118,119" />
</Scene>
<Scene>
<INIT seed="4,1,1,5,3,100" ten="228,198,253,311" oya="0" hai0="16,38,124,6,91,3,109,55,103,119,53,64,93" hai1="41,74,34,133,72,114,108,12,123,35,71,60,99" hai2="98,1,65,96,132,15,23,30,112,57,97,39,31" hai3="13,46,50,47,40,49,82,27,125,115,90,101,66"/><T102/><D119/><U58/><E123/><V80/><F39/><W36/><G101/><N who="0" m="38411" /><D38/><U28/><E108/><V83/><F1/><W8/><G66/><T19/><D3/><U86/><E71/><V111/><F111/><W51/><G27/><T116/><D116/><U118/><E118/><V22/><F112/><W18/><G115/><T10/><D109/><U88/><E99/><V104/><F104/><W85/><REACH who="3" step="1"/><G125/><REACH who="3" ten="228,198,253,301" step="2"/><T56/><D124/><U76/><E114/><V67/><F65/><W127/><G127/><T122/><D122/><U48/><E133/><V126/><F132/><W117/><G117/><T130/><D64/><U84/><E35/><V14/><F126/><W11/><G11/><T87/><D130/><U73/><E34/><V43/><F67/><W131/><G131/><T120/><D120/><U92/><E28/><V45/><F31/><W95/><G95/><T4/><D10/><U61/><E12/><V81/><F30/><W59/><G59/><T63/><D55/><AGARI ba="1,2" hai="8,13,18,36,40,46,47,49,50,51,55,82,85,90" machi="55" ten="30,7700,0" yaku="1,1,7,1,25,2,53,0" doraHai="100" doraHaiUra="110" who="3" fromWho="0" sc="228,-80,198,0,253,0,301,100" />
</Scene>
<Scene>
<INIT seed="5,0,0,0,0,34" ten="148,198,253,401" oya="1" hai0="124,123,50,24,62,20,64,27,13,57,37,1,73" hai1="56,126,23,48,74,46,58,14,96,134,91,84,109" hai2="122,66,26,61,86,31,17,36,8,132,85,60,16" hai3="15,54,100,102,125,108,5,35,127,69,135,44,40"/><U83/><E109/><V89/><F36/><W45/><G69/><T105/><D105/><U12/><E134/><V104/><F104/><W19/><G35/><T120/><D73/><U63/><E126/><V39/><F39/><W110/><G5/><T38/><D124/><N who="3" m="47689" /><G54/><T10/><D50/><U97/><E74/><V55/><F122/><N who="0" m="46634" /><D27/><U80/><E80/><V90/><F55/><W107/><G45/><T71/><D71/><U130/><E130/><V81/><F132/><W41/><G135/><T92/><D92/><N who="1" m="56351" /><E97/><V87/><F81/><W72/><G72/><T133/><D133/><U115/><E115/><V18/><F8/><W22/><G107/><T116/><D116/><U3/><E3/><V98/><F98/><W77/><G77/><T43/><D43/><N who="3" m="16457" /><G44/><T6/><D13/><N who="1" m="5227" /><E46/><V0/><F66/><W4/><G4/><T28/><AGARI ba="0,0" hai="1,6,10,20,24,28,37,38,57,62,64" m="46634" machi="28" ten="30,2000,0" yaku="13,1,52,1" doraHai="34" who="0" fromWho="0" sc="148,20,198,-10,253,-5,401,-5" />
</Scene>
<Scene>
<INIT seed="6,0,0,5,4,107" ten="168,188,248,396" oya="2" hai0="120,118,91,46,39,73,92,81,21,23,41,110,5" hai1="93,58,29,65,24,72,89,60,1,40,86,44,26" hai2="52,100,111,130,17,97,43,116,105,80,113,90,6" hai3="134,128,53,96,15,20,83,74,109,19,18,47,79"/><V45/><F116/><W87/><G109/><T127/><D110/><U54/><E1/><V119/><F119/><W49/><G128/><T2/><D118/><U70/><E72/><V106/><F111/><W9/><G134/><T69/><D69/><U123/><E123/><V34/><F34/><W51/><G96/><N who="0" m="57375" /><D120/><U76/><E76/><V125/><F130/><W135/><G135/><T16/><D127/><U108/><E29/><V71/><F71/><W38/><G38/><T8/><D16/><U11/><E11/><V13/><F125/><W117/><G117/><T10/><D10/><U75/><E75/><V114/><F6/><W35/><G35/><T27/><D27/><U115/><E115/><V56/><F105/><W88/><G51/><T102/><D102/><U59/><E108/><V0/><F0/><W22/><G19/><T14/><D14/><U48/><REACH who="1" step="1"/><E59/><REACH who="1" ten="168,178,248,396" step="2"/><V95/><F114/><W64/><G79/><AGARI ba="0,1" hai="2,5,8,21,23,39,41,46,73,79,81" m="57375" machi="79" ten="30,2000,0" yaku="25,1,52,1" doraHai="107" who="0" fromWho="3" sc="168,30,178,0,248,0,396,-20" />
</Scene>
<Scene>
<INIT seed="7,0,0,1,1,49" ten="198,178,248,376" oya="3" hai0="38,105,111,135,5,50,37,115,19,34,24,108,110" hai1="36,91,65,90,79,80,59,27,9,1,6,81,0" hai2="26,45,22,13,11,120,56,117,66,99,33,129,44" hai3="32,114,2,46,35,62,73,21,60,85,101,31,128"/><W47/><G2/><T4/><D105/><U15/><E36/><V69/><F33/><W29/><G73/><T93/><D135/><U133/><E133/><V43/><F69/><W134/><G21/><T132/><D132/><U41/><E41/><V123/><F117/><W78/><G101/><T17/><D93/><U25/><E1/><V118/><F129/><W57/><G60/><T116/><D116/><U51/><E0/><V54/><F66/><W76/><G29/><N who="0" m="19751" /><D50/><U7/><E7/><N who="0" m="2633" /><D38/><U84/><E91/><V10/><F99/><W83/><G76/><T28/><D37/><U92/><E81/><V30/><F13/><W64/><G47/><N who="2" m="17993" /><F43/><W52/><G64/><T126/><D126/><U74/><REACH who="1" step="1"/><E65/><REACH who="1" ten="198,168,248,376" step="2"/><V125/><F118/><W112/><G134/><T82/><D82/><U70/><E70/><V109/><F125/><W96/><G83/><T87/><D87/><U100/><E100/><V104/><F120/><W14/><G85/><T102/><D102/><U8/><E8/><V119/><F10/><W39/><G39/><T18/><D115/><U88/><E88/><V89/><F89/><W63/><G114/><T121/><D121/><U42/><E42/><V113/><F123/><W131/><G112/><T86/><D86/><U103/><E103/><V107/><F113/><W95/><G131/><T75/><D75/><U55/><AGARI ba="0,1" hai="6,9,15,25,27,51,55,59,74,79,80,84,90,92" machi="55" ten="30,7900,0" yaku="1,1,0,1,52,1,53,1" doraHai="49" doraHaiUra="106" who="1" fromWho="1" sc="198,-20,168,89,248,-20,376,-39" owari="178,-32.0,257,6.0,228,-17.0,337,43.0" />
</Scene>
</mjloggm>