<mjloggm ver="2.3"><GO type="169"/><UN n0="%E5%A4%AA%E3%81%8F%E3%81%AA%E3%81%84%E3%81%8A" n1="%E3%82%A2%E3%83%8A%E3%83%AB%E5%85%84%E5%BC%9F" n2="%E3%81%A7%E3%81%93%E3%81%98" n3="%E3%81%82%E3%81%BD%E3%81%BD" dan="18,16,17,16" rate="2165,2086,2123,2046" sx="M,M,M,M"/><TAIKYOKU oya="0"/>

<Scene>
<INIT seed="0,0,0,2,1,53" ten="250,250,250,250" oya="0" hai0="107,74,115,54,117,103,133,131,126,135,83,65,123" hai1="78,59,14,116,41,111,61,30,43,118,18,98,112" hai2="34,94,92,77,113,13,119,35,22,33,0,69,42" hai3="120,15,51,48,73,46,21,106,105,62,25,4,76"/><T57/><D123/><U8/><E78/><V56/><F56/><W7/><G120/><T104/><D117/><U134/><E30/><V91/><F91/><W99/><G106/><T90/><D115/><U1/><E112/><V71/><F113/><W128/><G128/><T6/><D131/><U2/><E134/><N who="0" m="51209" /><D126/><U44/><E111/><V68/><F119/><W70/><G105/><T20/><D65/><U72/><E43/><V45/><F0/><W84/><G73/><T60/><D103/><U95/><E72/><V19/><REACH who="2" step="1"/><F77/><REACH who="2" ten="250,250,240,250" step="2"/><W36/><G76/><N who="0" m="44439" /><D90/><U81/><E116/><V31/><F31/><W96/><G70/><T50/><D6/><U9/><E118/><V130/><F130/><W122/><G7/><T79/><D79/><U17/><E81/><V23/><F23/><W108/><G122/><T40/><D20/><U97/><E2/><V66/><F66/><W58/><G4/><T125/><D125/><U11/><E1/><V93/><F93/><W101/><G21/><T26/><D26/><U124/><E124/><V82/><F82/><W55/><G25/><T64/><D40/><U110/><E110/><V49/><AGARI ba="0,1" hai="13,19,22,33,34,35,42,45,49,68,69,71,92,94" machi="49" ten="40,8000,1" yaku="1,1,0,1,53,2" doraHai="53" doraHaiUra="89" who="2" fromWho="2" sc="250,-40,250,-20,240,90,250,-20" />
</Scene>
<Scene>
<INIT seed="1,0,0,1,1,81" ten="210,230,330,230" oya="1" hai0="107,41,36,80,84,42,4,108,94,79,57,111,25" hai1="64,75,100,77,28,131,103,69,37,128,14,44,66" hai2="106,17,130,34,93,125,101,54,31,13,45,71,89" hai3="62,118,39,33,2,117,29,98,40,15,12,90,127"/><U26/><E14/><V121/><F121/><W32/><G2/><T112/><D112/><U6/><E6/><V3/><F3/><W104/><G104/><T9/><D107/><U55/><E75/><V78/><F71/><W19/><G12/><N who="0" m="5159" /><D36/><U48/><E77/><V68/><F68/><W50/><G39/><T109/><D25/><U21/><E37/><V11/><F78/><W24/><G33/><T133/><D133/><U56/><E56/><V63/><F125/><W5/><G5/><T8/><D8/><U1/><E1/><V52/><F130/><N who="1" m="49705" /><E69/><V72/><F72/><W102/><G127/><T70/><D70/><U99/><E100/><V0/><F0/><W95/><G102/><T18/><D18/><U53/><E55/><V86/><F45/><W10/><G62/><T110/><D110/><U96/><E96/><V23/><F63/><W65/><G65/><T60/><D57/><U87/><E87/><V113/><F101/><W114/><G114/><T46/><D60/><U132/><E132/><V76/><F113/><W61/><G61/><T47/><D47/><U120/><E120/><V119/><F76/><W116/><G50/><N who="0" m="26959" /><D42/><AGARI ba="0,0" hai="10,15,19,24,29,32,40,42,90,95,98,116,117,118" machi="42" ten="40,1300,0" yaku="12,1" doraHai="81" who="3" fromWho="0" sc="210,-13,230,0,330,0,230,13" />
</Scene>
<Scene>
<INIT seed="2,0,0,4,5,133" ten="197,230,330,243" oya="2" hai0="0,56,27,80,132,117,49,131,2,38,97,77,1" hai1="87,134,123,88,126,81,37,62,48,63,125,70,4" hai2="127,92,18,23,7,19,64,20,8,46,96,135,9" hai3="30,109,105,94,41,43,40,71,93,21,121,61,83"/><V16/><F135/><W76/><G105/><T111/><D132/><U72/><E4/><V65/><F46/><W114/><G121/><T129/><D38/><U120/><E134/><V67/><F127/><N who="1" m="48649" /><E37/><V11/><F7/><W78/><G109/><T73/><D111/><U95/><E48/><V55/><F55/><W84/><G78/><T45/><D117/><U57/><E70/><V128/><F128/><N who="0" m="49226" /><D56/><U44/><E44/><V130/><F130/><W103/><G71/><T15/><D27/><U108/><E108/><V104/><F104/><W79/><G79/><T101/><D15/><U107/><E107/><V42/><F42/><W115/><G61/><N who="1" m="23050" /><E57/><V26/><F26/><N who="3" m="16719" /><G103/><AGARI ba="0,0" hai="8,9,11,16,18,19,20,23,64,65,67,92,96,103" machi="103" ten="50,12000,1" yaku="29,2,8,1,54,1" doraHai="133" who="2" fromWho="3" sc="197,0,230,0,330,120,243,-120" />
</Scene>
<Scene>
<INIT seed="2,1,0,4,3,67" ten="197,230,450,123" oya="2" hai0="13,19,60,101,89,62,84,51,4,123,44,47,112" hai1="92,53,105,49,120,83,57,37,117,58,7,106,26" hai2="15,34,110,118,91,127,30,22,63,1,124,135,102" hai3="3,77,129,128,116,72,95,14,48,115,73,88,25"/><V65/><F118/><W133/><G3/><T42/><D112/><U94/><E37/><V131/><F1/><W86/><G116/><T31/><D123/><U85/><E117/><V100/><F131/><N who="3" m="50251" /><G115/><T18/><D31/><U59/><E120/><V46/><F135/><W17/><G133/><T69/><D101/><U45/><E7/><V76/><F76/><W28/><G77/><T130/><D130/><U66/><E66/><V113/><F113/><W33/><G48/><T21/><D4/><U103/><E26/><N who="2" m="18775" /><F46/><W96/><G96/><T97/><D97/><U20/><E20/><AGARI ba="1,0" hai="14,17,20,25,28,33,72,73,86,88,95" m="50251" machi="20" ten="30,2000,0" yaku="19,1,54,1" doraHai="67" who="3" fromWho="1" sc="197,0,230,-23,450,0,123,23" />
</Scene>
<Scene>
<INIT seed="3,0,0,3,1,85" ten="197,207,450,146" oya="3" hai0="13,32,92,72,19,97,52,36,98,21,45,127,33" hai1="10,110,119,83,17,44,109,82,78,131,14,18,80" hai2="67,113,102,71,30,6,62,117,133,3,26,132,40" hai3="87,60,1,55,94,41,22,35,124,135,12,86,29"/><W49/><G1/><T126/><D72/><U31/><E31/><V61/><F113/><W121/><G121/><T107/><D107/><U76/><E131/><V106/><F117/><W4/><G35/><T120/><D120/><U24/><E119/><V0/><F40/><W16/><G135/><N who="2" m="51785" /><F61/><W42/><G124/><N who="0" m="47659" /><D98/><U59/><E59/><V96/><F6/><W99/><G29/><T37/><D52/><U116/><E116/><V114/><F114/><W43/><G4/><T134/><D134/><U15/><E44/><V23/><AGARI ba="0,0" hai="0,3,23,26,30,62,67,71,96,102,106" m="51785" machi="23" ten="30,1100,0" yaku="20,1" doraHai="85" who="2" fromWho="2" sc="197,-3,207,-3,450,11,146,-5" />
</Scene>
<Scene>
<INIT seed="4,0,0,4,1,81" ten="194,204,461,141" oya="0" hai0="111,86,97,14,60,119,108,24,29,67,25,58,59" hai1="135,8,96,4,122,116,130,133,104,126,27,56,76" hai2="51,45,11,109,117,124,13,10,50,91,43,114,0" hai3="95,16,64,134,101,61,70,75,127,89,30,87,9"/><T79/><D119/><U73/><E56/><V131/><F109/><N who="0" m="42058" /><D97/><U22/><E122/><V37/><F0/><W105/><G75/><T1/><D1/><U68/><E68/><V113/><F117/><W102/><G134/><N who="1" m="51210" /><E116/><V18/><F124/><W129/><G127/><T98/><D98/><U55/><E55/><V41/><F131/><W12/><G129/><T17/><D59/><U23/><E130/><V52/><F10/><W49/><G105/><T90/><D79/><U92/><E104/><V35/><F35/><W39/><G39/><T78/><D78/><U28/><E126/><V84/><F43/><W93/><G30/><T71/><D71/><U69/><E69/><V62/><F62/><W83/><REACH who="3" step="1"/><G49/><REACH who="3" ten="194,204,461,131" step="2"/><T57/><D29/><U46/><E28/><V63/><F37/><W47/><G47/><T103/><D103/><AGARI ba="0,1" hai="9,12,16,61,64,70,83,87,89,93,95,101,102,103" machi="103" ten="40,8000,1" yaku="1,1,52,1,54,1,53,1" doraHai="81" doraHaiUra="66" who="3" fromWho="0" sc="194,-80,204,0,461,0,131,90" />
</Scene>
<Scene>
<INIT seed="5,0,0,4,2,33" ten="114,204,461,221" oya="1" hai0="66,16,72,56,103,64,76,7,50,100,114,129,93" hai1="113,43,2,97,121,94,92,26,91,44,23,115,69" hai2="31,41,15,20,55,111,36,12,40,77,104,120,84" hai3="89,96,133,6,24,1,52,134,88,122,25,48,47"/><U21/><E69/><V74/><F74/><W79/><G122/><T116/><D116/><U63/><E121/><V110/><F104/><W109/><G79/><T27/><D114/><N who="1" m="43531" /><E63/><V67/><F120/><W62/><G109/><T11/><D129/><U99/><E26/><N who="2" m="16839" /><F36/><W70/><G25/><T10/><D72/><U49/><E2/><V57/><F67/><W86/><G96/><T14/><D76/><U3/><E3/><V5/><F110/><W22/><G70/><T59/><D27/><U101/><AGARI ba="0,0" hai="21,23,43,44,49,91,92,94,97,99,101" m="43531" machi="101" ten="30,1500,0" yaku="15,1" doraHai="33" who="1" fromWho="1" sc="114,-5,204,15,461,-5,221,-5" />
</Scene>
<Scene>
<INIT seed="5,1,0,3,1,101" ten="109,219,456,216" oya="1" hai0="42,131,40,50,95,55,45,66,20,72,105,77,44" hai1="135,79,91,88,26,117,100,78,8,104,67,19,128" hai2="62,33,130,15,124,2,89,61,52,113,22,51,27" hai3="120,132,58,86,133,39,122,18,65,125,6,94,29"/><U80/><E67/><V13/><F2/><W87/><G39/><T11/><D131/><U92/><E26/><V69/><F124/><W73/><G29/><T93/><D66/><U14/><E117/><V123/><F123/><W71/><G71/><T21/><D11/><U116/><E116/><V9/><F130/><W23/><G73/><T24/><D72/><U112/><E128/><V107/><F33/><W115/><G6/><T32/><D77/><U111/><E79/><V59/><F107/><W108/><G108/><T129/><D129/><U82/><E82/><V12/><F113/><W96/><G115/><T5/><D5/><U134/><E92/><V43/><F69/><W109/><G109/><T126/><D126/><U83/><E83/><V70/><F70/><W1/><G1/><T118/><D118/><U34/><E34/><V110/><F110/><W0/><G0/><T85/><D32/><U41/><E41/><V48/><F89/><N who="3" m="55375" /><G125/><T68/><D68/><U81/><E81/><V97/><F97/><W121/><G58/><T102/><D85/><N who="3" m="32265" /><G65/><T53/><D105/><U114/><E111/><V75/><F75/><W103/><G103/><T84/><D84/><N who="1" m="50183" /><E91/><V74/><F74/><W7/><G7/><T60/><D102/><U16/><E19/><N who="2" m="12767" /><F43/><W63/><G63/><N who="2" m="24073" /><F51/><W47/><G47/><T64/><D60/><U46/><E78/><V76/><F76/><W31/><G31/><T99/><D64/><U49/><E46/><V56/><F56/><W30/><G30/><T17/><D99/><N who="1" m="61471" /><E49/><V28/><F28/><W35/><G35/><T90/><D45/><RYUUKYOKU ba="1,0" sc="109,-30,219,10,456,10,216,10" hai1="8,14,16,112,114,134,135" hai2="9,12,13,15,48,52,59" hai3="18,23,120,121,122,132,133" />
</Scene>
<Scene>
<INIT seed="5,2,0,1,0,119" ten="79,229,466,226" oya="1" hai0="71,28,64,20,68,56,18,65,98,79,51,135,76" hai1="89,53,75,5,22,50,101,120,126,15,124,123,46" hai2="55,121,1,131,21,94,97,122,3,32,100,43,37" hai3="127,128,130,115,11,19,8,105,117,14,85,96,84"/><U66/><E75/><V44/><F32/><W81/><G117/><T112/><D112/><U31/><E101/><V39/><F39/><W62/><G115/><T99/><D135/><U38/><E66/><V10/><F131/><N who="3" m="50219" /><G127/><N who="1" m="48682" /><E38/><V133/><F133/><W48/><G62/><T92/><D28/><U59/><E89/><V83/><F83/><W110/><G110/><T78/><D71/><U77/><E77/><V73/><F73/><W35/><G35/><T106/><D68/><U12/><E5/><V125/><F125/><W114/><G114/><T72/><D72/><U118/><E118/><V91/><F100/><N who="3" m="62599" /><G48/><T9/><D106/><U104/><E104/><V6/><F91/><N who="3" m="51599" /><G85/><T93/><D9/><AGARI ba="2,0" hai="8,9,11,14,19" m="51599,62599,50219" machi="9" ten="30,1000,0" yaku="19,1" doraHai="119" who="3" fromWho="0" sc="79,-16,229,0,466,0,226,16" />
</Scene>
<Scene>
<INIT seed="6,0,0,1,3,52" ten="63,229,466,242" oya="2" hai0="107,133,84,12,34,9,45,18,71,33,8,106,24" hai1="94,81,19,3,64,130,122,40,90,95,116,92,26" hai2="35,129,101,88,27,124,102,48,117,55,41,37,113" hai3="97,22,50,126,53,1,57,86,31,62,30,121,134"/><V131/><F117/><W110/><G121/><T56/><D71/><U120/><E3/><V73/><F73/><W60/><G110/><T13/><D133/><U32/><E116/><V119/><F119/><W7/><G134/><T127/><D127/><U47/><E64/><V76/><F76/><W108/><G108/><T100/><D100/><U4/><E4/><V111/><F111/><W6/><G1/><T114/><D114/><U29/><E130/><N who="2" m="49675" /><F124/><W11/><G126/><T42/><D84/><U103/><E19/><V20/><F35/><W63/><G86/><T80/><D80/><U118/><E118/><V93/><F41/><W79/><G79/><T54/><D34/><U67/><E67/><V87/><F37/><W123/><G123/><N who="1" m="47146" /><E103/><V2/><F2/><W61/><G97/><T83/><D83/><U21/><E81/><V68/><F68/><W43/><G22/><T115/><D115/><U25/><E32/><V16/><F113/><W112/><G112/><T96/><D96/><N who="1" m="57367" /><E26/><V39/><F39/><AGARI ba="0,0" hai="21,25,29,39,40,47,94,95" m="57367,47146" machi="39" ten="30,1000,0" yaku="13,1" doraHai="52" who="1" fromWho="2" sc="63,0,229,10,466,-10,242,0" />
</Scene>
<Scene>
<INIT seed="7,0,0,0,1,50" ten="63,239,456,242" oya="3" hai0="0,117,122,94,87,100,84,125,15,49,66,43,56" hai1="14,124,4,2,114,103,123,48,129,59,68,116,53" hai2="63,74,30,85,23,18,52,17,115,25,79,81,32" hai3="46,131,101,26,1,104,40,37,24,112,22,11,89"/><W35/><G112/><T102/><D0/><U110/><E68/><V109/><F109/><W47/><G131/><T73/><D122/><U121/><E103/><V108/><F108/><W113/><G113/><T69/><D117/><U77/><E114/><V95/><F115/><W67/><G46/><T105/><D73/><U45/><E2/><V106/><F106/><W38/><G67/><T9/><D125/><U42/><E110/><V96/><F74/><W31/><G89/><T71/><D105/><U16/><E4/><V82/><F82/><W88/><G11/><T134/><D134/><U76/><E129/><V135/><F32/><W21/><G1/><T91/><D71/><U120/><E124/><V107/><F107/><W98/><G88/><T75/><D75/><U44/><E44/><V111/><F111/><W7/><G7/><T33/><D33/><U126/><E116/><V55/><F135/><W3/><G3/><T58/><D69/><U51/><E126/><V133/><F133/><W29/><G35/><T83/><D66/><U119/><E119/><V92/><F92/><W12/><REACH who="3" step="1"/><G12/><REACH who="3" ten="63,239,456,232" step="2"/><T60/><D100/><U6/><REACH who="1" step="1"/><E6/><REACH who="1" ten="63,229,456,232" step="2"/><V65/><F65/><W62/><G62/><T54/><D102/><U128/><E128/><V10/><F10/><AGARI ba="0,2" hai="10,14,16,42,45,48,51,53,59,76,77,120,121,123" machi="10" ten="40,5200,0" yaku="1,1,52,1,54,1,53,0" doraHai="50" doraHaiUra="132" who="1" fromWho="2" sc="63,0,229,72,456,-52,232,0" owari="63,-44.0,301,10.0,404,51.0,232,-17.0" />
</Scene>
</mjloggm>