<mjloggm ver="2.3"><GO type="193"/><UN n0="%E7%94%B0%E8%88%8E%E3%81%A3%E3%81%BA%EF%BD%9A" n1="%E3%81%A8%E3%81%BE%E3%81%A8%E3%80%82" n2="%E3%81%8F%E3%82%89%E3%82%93%E3%81%BC%E3%83%BC" n3="%E5%A4%AA%E3%81%8F%E3%81%AA%E3%81%84%E3%81%8A" dan="12,12,12,3" rate="1717,1670,1693,1574" sx="M,M,M,M"/><TAIKYOKU oya="0"/>

<Scene>
<INIT seed="0,0,0,2,5,16" ten="250,250,250,250" oya="0" hai0="15,71,25,51,23,90,123,17,56,63,104,93,85" hai1="19,89,27,107,21,113,75,133,127,122,12,36,41" hai2="52,6,131,72,77,97,5,48,69,101,70,66,105" hai3="126,65,30,108,57,24,59,78,73,99,29,2,40"/><T121/><D104/><U74/><E122/><V3/><F72/><W54/><G2/><T18/><D71/><U95/><E107/><V46/><F77/><W96/><G40/><T9/><REACH who="0" step="1"/><D51/><REACH who="0" ten="240,250,250,250" step="2"/><U14/><E113/><V37/><F131/><W86/><G126/><T50/><D50/><U125/><E127/><V20/><F37/><W62/><G108/><T39/><D39/><U80/><E125/><V49/><F49/><N who="3" m="30927" /><G73/><T13/><D13/><U124/><E14/><V76/><F70/><W26/><G26/><T128/><D128/><U116/><E12/><V102/><F69/><W64/><G24/><T134/><D134/><U115/><E27/><V118/><F118/><W61/><G61/><T81/><D81/><U45/><E80/><V79/><F105/><W132/><G132/><T38/><D38/><U130/><E36/><V33/><F33/><W68/><G68/><T109/><D109/><U84/><E75/><V42/><F3/><W47/><G62/><T55/><AGARI ba="0,1" hai="9,15,17,18,23,25,55,56,63,85,90,93,121,123" machi="55" ten="20,12000,1" yaku="1,1,0,1,7,1,52,1,53,1" doraHai="16" doraHaiUra="91" who="0" fromWho="0" sc="240,130,250,-40,250,-40,250,-40" />
</Scene>
<Scene>
<INIT seed="0,1,0,0,4,76" ten="370,210,210,210" oya="0" hai0="110,19,95,128,122,88,12,104,29,91,81,133,43" hai1="11,94,135,86,8,1,62,0,103,85,102,114,101" hai2="47,131,57,109,98,77,116,67,121,74,87,24,18" hai3="107,3,64,126,78,111,6,13,92,60,113,30,69"/><T117/><D122/><U42/><E135/><V119/><F121/><W75/><G107/><T46/><D117/><N who="2" m="45130" /><F47/><W40/><G111/><T49/><D104/><U100/><N who="1" m="26112" /><DORA hai="50" /><U16/><E114/><V83/><F98/><W123/><G113/><T34/><D110/><U71/><E42/><V15/><F109/><W33/><G13/><T115/><D115/><U41/><E41/><V58/><F131/><W65/><G65/><T124/><D124/><U54/><E71/><V23/><F74/><W129/><G92/><T112/><D112/><U59/><E94/><V70/><F24/><W55/><G75/><T90/><D133/><U99/><E11/><V120/><F120/><W118/><G126/><T82/><D128/><U26/><E99/><V56/><F70/><W89/><G69/><T134/><D134/><U61/><E61/><AGARI ba="1,0" hai="15,18,23,56,57,58,61,67,77,83,87" m="45130" machi="61" ten="30,2000,0" yaku="12,1,52,1" doraHai="76,50" who="2" fromWho="1" sc="370,0,210,-23,210,23,210,0" />
</Scene>
<Scene>
<INIT seed="1,0,0,2,1,112" ten="370,187,233,210" oya="1" hai0="8,64,114,73,101,105,130,54,14,121,36,117,65" hai1="76,20,61,42,12,89,90,111,32,135,126,72,81" hai2="13,51,53,58,30,11,131,115,57,79,88,44,98" hai3="104,35,29,47,94,41,22,127,74,124,56,71,82"/><U39/><E135/><V55/><F131/><W113/><G71/><T26/><D114/><U84/><E32/><V4/><F115/><W110/><G104/><T69/><D73/><U108/><E126/><N who="3" m="48170" /><G113/><T25/><D36/><U132/><E132/><V50/><F30/><W27/><G110/><N who="1" m="42026" /><E61/><V103/><F79/><N who="3" m="44407" /><G56/><T60/><D65/><U99/><E99/><V52/><F88/><N who="1" m="33897" /><E72/><V92/><REACH who="2" step="1"/><F50/><REACH who="2" ten="370,187,223,210" step="2"/><N who="3" m="26991" /><G94/><T59/><D130/><U17/><E42/><AGARI ba="0,1" hai="4,11,13,42,44,51,52,53,55,57,58,92,98,103" machi="42" ten="40,5200,0" yaku="1,1,8,1,54,1,53,0" doraHai="112" doraHaiUra="120" who="2" fromWho="1" sc="370,0,187,-52,223,62,210,0" />
</Scene>
<Scene>
<INIT seed="2,0,0,0,4,29" ten="370,135,285,210" oya="2" hai0="100,119,14,101,128,94,18,17,68,116,46,11,9" hai1="28,5,43,90,92,135,58,66,0,97,78,57,95" hai2="98,21,36,47,114,124,130,103,22,107,96,19,93" hai3="123,64,60,108,77,6,105,120,88,49,61,85,73"/><V110/><F114/><W27/><G105/><T24/><D68/><U121/><E135/><V81/><F81/><W122/><G108/><T134/><D46/><U113/><E121/><V62/><F62/><W40/><G6/><T109/><D109/><U12/><E0/><V16/><F110/><W86/><G73/><T82/><D82/><U25/><E78/><V42/><F124/><W8/><G8/><T133/><D133/><U74/><E74/><V33/><F33/><W118/><G118/><N who="0" m="45099" /><D94/><U2/><E2/><V48/><F130/><W23/><G77/><T111/><D111/><U80/><E113/><V127/><F127/><W32/><G32/><T4/><D134/><U10/><E80/><V126/><F126/><W15/><G15/><T3/><D101/><U1/><E1/><V51/><F51/><W41/><G49/><T117/><D117/><U31/><E31/><V79/><F79/><W84/><G88/><T44/><D44/><U129/><E129/><V45/><F45/><W72/><G72/><T13/><D100/><U63/><E43/><V99/><F21/><W54/><G54/><T34/><D128/><U39/><E39/><V38/><F96/><W125/><G125/><T56/><D56/><N who="1" m="37223" /><E95/><V71/><F71/><W104/><G104/><T65/><D65/><U115/><E115/><V35/><F35/><W131/><G131/><T37/><D37/><U50/><E50/><V75/><F75/><W89/><G89/><T70/><D70/><U76/><E76/><V87/><F87/><W112/><G112/><T26/><D34/><U102/><E102/><RYUUKYOKU ba="0,0" sc="370,15,135,15,285,-15,210,-15" hai0="3,4,9,11,13,14,17,18,24,26" hai1="5,10,12,25,28,57,58,90,92,97" />
</Scene>
<Scene>
<INIT seed="3,1,0,3,2,9" ten="385,150,270,195" oya="3" hai0="3,36,45,61,119,62,101,53,68,126,48,111,94" hai1="120,103,23,38,100,12,72,6,5,114,92,51,80" hai2="133,124,122,113,121,112,19,1,66,128,54,96,11" hai3="59,58,52,71,22,56,132,67,85,31,34,57,86"/><W117/><G117/><T27/><D3/><U8/><E114/><N who="2" m="44139" /><F96/><W14/><G132/><T127/><D119/><U21/><E38/><V108/><F66/><W15/><G34/><T69/><D27/><U115/><E115/><V129/><F54/><W13/><G71/><N who="0" m="27211" /><D101/><U118/><E120/><N who="2" m="46187" /><F1/><W18/><G67/><T55/><D94/><U28/><E118/><V116/><F116/><W109/><G31/><T17/><D17/><U7/><E72/><V49/><F49/><N who="3" m="30735" /><G109/><T39/><D111/><U88/><E80/><V37/><F37/><N who="0" m="14410" /><D53/><U77/><E77/><V95/><F95/><W0/><G0/><T30/><D30/><U24/><E21/><V125/><F108/><W110/><G110/><T29/><D29/><U134/><E134/><V81/><F81/><W26/><AGARI ba="1,0" hai="13,14,15,18,22,26,57,58,59,85,86" m="30735" machi="26" ten="30,12000,1" yaku="8,1,52,3,54,1" doraHai="9" who="3" fromWho="3" sc="385,-41,150,-41,270,-41,195,123" />
</Scene>
<Scene>
<INIT seed="3,2,0,1,5,104" ten="344,109,229,318" oya="3" hai0="59,75,19,118,58,42,101,95,99,79,121,117,94" hai1="13,55,90,84,40,17,4,46,65,83,52,106,66" hai2="26,128,132,112,7,114,113,120,93,80,98,18,57" hai3="124,33,97,5,126,50,122,69,77,78,119,48,43"/><W131/><G122/><T53/><D42/><U134/><E4/><V21/><F7/><W103/><G119/><T28/><D121/><U44/><E134/><V22/><F120/><W87/><G69/><T89/><D28/><U38/><E106/><V32/><F132/><W45/><G33/><T81/><D19/><U115/><E115/><V56/><F128/><W135/><G135/><T41/><D41/><U61/><E66/><V110/><F110/><W12/><G131/><T127/><D127/><N who="3" m="48681" /><G50/><T102/><D102/><U123/><E46/><V0/><F0/><W39/><G39/><T1/><D1/><U111/><E111/><V30/><F80/><N who="3" m="47503" /><G78/><T88/><D59/><U24/><E24/><V49/><F49/><W72/><G72/><T54/><D54/><U20/><E123/><V129/><F129/><W9/><G103/><T125/><D125/><U27/><REACH who="1" step="1"/><E27/><REACH who="1" ten="344,99,229,318" step="2"/><V108/><F108/><W68/><G68/><AGARI ba="2,1" hai="13,17,20,38,40,44,52,55,61,65,68,83,84,90" machi="68" ten="30,7700,0" yaku="1,1,2,1,7,1,54,1,53,0" doraHai="104" doraHaiUra="96" who="1" fromWho="3" sc="344,0,99,93,229,0,318,-83" owari="344,44.0,192,-31.0,229,-17.0,235,4.0" />
</Scene>
</mjloggm>