<mjloggm ver="2.3"><GO type="169"/><UN n0="%53%45%4C%45%43%54%2A" n1="%E3%81%BE%E3%81%AA%E3%81%84%E3%81%9F%E3%82%88%E3%81%86%E3%81%98%E3%82%87" n2="%E5%8D%8A%E6%9C%88%E3%81%95%E3%82%93" n3="%E5%A4%AA%E3%81%8F%E3%81%AA%E3%81%84%E3%81%8A" dan="16,16,17,18" rate="2184,2137,2174,2160" sx="M,M,F,M"/><TAIKYOKU oya="0"/>

<Scene>
<INIT seed="0,0,0,0,3,95" ten="250,250,250,250" oya="0" hai0="2,102,133,125,9,54,59,61,4,116,20,85,96" hai1="48,101,113,124,79,52,8,117,37,107,108,131,46" hai2="26,76,41,118,18,21,5,81,45,49,7,130,115" hai3="27,25,83,71,92,34,66,28,11,1,122,78,65"/><T56/><D116/><U70/><E117/><V73/><F115/><W100/><G122/><T17/><D133/><U6/><E70/><V43/><F118/><W75/><G71/><T90/><D125/><U121/><E121/><V68/><F68/><W110/><G110/><T51/><D85/><U50/><E37/><V55/><REACH who="2" step="1"/><F130/><REACH who="2" ten="250,250,240,250" step="2"/><W94/><G66/><T112/><D112/><U64/><E64/><V22/><F22/><W39/><G65/><T120/><D120/><U58/><E131/><V119/><F119/><W63/><G34/><T10/><D10/><U33/><E33/><V40/><AGARI ba="0,1" hai="5,7,18,21,26,40,41,43,45,49,55,73,76,81" machi="40" ten="30,2000,0" yaku="1,1,0,1,53,0" doraHai="95" doraHaiUra="109" who="2" fromWho="2" sc="250,-10,250,-5,240,30,250,-5" />
</Scene>
<Scene>
<INIT seed="1,0,0,4,5,3" ten="240,245,270,245" oya="1" hai0="105,34,113,38,96,42,61,0,118,14,24,100,26" hai1="102,132,87,25,11,51,93,54,36,63,95,21,23" hai2="15,41,62,116,124,18,76,68,22,35,71,107,111" hai3="53,72,89,119,88,130,64,7,112,133,30,17,16"/><U27/><E36/><V92/><F116/><W40/><G112/><T65/><D118/><U28/><E132/><V45/><F107/><W50/><G119/><T82/><D113/><U128/><E128/><V1/><F35/><W77/><G130/><T66/><D0/><U78/><E63/><V9/><F124/><W46/><G133/><T52/><D82/><N who="1" m="47575" /><E11/><V99/><F111/><W4/><G64/><T98/><D98/><U56/><E102/><V5/><F76/><W108/><G30/><AGARI ba="0,0" hai="21,23,25,27,28,30,51,54,56,93,95" m="47575" machi="30" ten="30,1500,0" yaku="8,1" doraHai="3" who="1" fromWho="3" sc="240,0,245,15,270,0,245,-15" />
</Scene>
<Scene>
<INIT seed="1,1,0,5,3,103" ten="240,260,270,230" oya="1" hai0="125,23,95,79,110,94,39,90,80,100,48,62,38" hai1="81,86,135,69,25,70,108,74,14,59,44,63,93" hai2="4,107,106,47,12,42,51,18,55,32,105,43,10" hai3="27,87,57,7,121,8,132,11,9,131,77,35,45"/><U118/><E118/><V123/><F123/><W96/><G121/><T49/><D110/><U119/><E119/><V126/><F32/><W58/><G131/><T102/><D125/><U33/><E74/><V16/><REACH who="2" step="1"/><F126/><REACH who="2" ten="240,260,260,230" step="2"/><W1/><G35/><T3/><D39/><U30/><E108/><V50/><F50/><W129/><G129/><T41/><D49/><U97/><E135/><V92/><F92/><W5/><G132/><T85/><D95/><U72/><E93/><V120/><F120/><W54/><G1/><T53/><D38/><U84/><E33/><V29/><F29/><W101/><G5/><T68/><D3/><U66/><E30/><V52/><F52/><W111/><G7/><T114/><D48/><U61/><E66/><V20/><F20/><W28/><G54/><T21/><D94/><U71/><E61/><V17/><AGARI ba="1,1" hai="4,10,12,16,17,18,42,43,47,51,55,105,106,107" machi="17" ten="40,12000,2" yaku="1,1,0,1,52,3,54,1,53,0" doraHai="103" doraHaiUra="76" who="2" fromWho="2" sc="240,-31,260,-61,260,133,230,-31" />
</Scene>
<Scene>
<INIT seed="2,0,0,2,3,70" ten="209,199,393,199" oya="2" hai0="122,21,51,49,19,52,5,64,119,65,48,111,55" hai1="30,80,118,66,133,12,91,7,67,9,8,10,132" hai2="63,96,131,83,73,20,27,53,76,46,100,94,81" hai3="87,37,16,102,116,42,2,107,60,85,103,95,125"/><V134/><F131/><W117/><G2/><T130/><D122/><U43/><E43/><V129/><F129/><W106/><G60/><T72/><D130/><U0/><E118/><V77/><F134/><N who="1" m="51817" /><E30/><V35/><F35/><W29/><G29/><T123/><D123/><U56/><E56/><V58/><F46/><W135/><G135/><T32/><D32/><U86/><E10/><V71/><F71/><W54/><G54/><T109/><D72/><U124/><E124/><V115/><F115/><W22/><G125/><T6/><D119/><U78/><E78/><N who="2" m="30315" /><F73/><W34/><G34/><T26/><D6/><AGARI ba="0,0" hai="0,6,7,8,9,12,66,67,80,86,91" m="51817" machi="6" ten="30,1000,0" yaku="20,1" doraHai="70" who="1" fromWho="0" sc="209,-10,199,10,393,0,199,0" />
</Scene>
<Scene>
<INIT seed="3,0,0,1,4,53" ten="199,209,393,199" oya="3" hai0="4,69,65,130,124,47,63,1,41,70,79,97,60" hai1="46,89,120,23,122,121,102,36,77,48,101,103,52" hai2="12,96,93,50,80,110,88,20,127,115,59,109,105" hai3="84,61,19,82,9,31,99,43,42,123,67,2,111"/><W26/><G123/><T15/><D130/><U100/><E77/><V17/><F115/><W131/><G131/><T16/><D124/><U35/><E35/><V76/><F105/><W71/><G111/><N who="2" m="42505" /><F127/><W112/><G112/><T21/><D79/><U135/><E135/><V95/><F95/><W118/><G118/><T86/><D86/><U54/><E36/><V8/><F8/><W29/><G99/><T44/><D97/><U57/><E23/><V64/><F64/><W94/><G94/><T68/><D63/><U7/><E7/><V30/><F30/><W128/><G128/><T129/><D129/><U73/><E73/><N who="2" m="43023" /><F50/><W6/><G19/><T5/><D1/><U18/><E18/><V106/><F106/><W75/><G75/><T24/><D47/><U92/><N who="1" m="25600" /><DORA hai="91" /><U58/><REACH who="1" step="1"/><E54/><REACH who="1" ten="199,199,393,199" step="2"/><V38/><F38/><W85/><G31/><T39/><REACH who="0" step="1"/><D24/><REACH who="0" ten="189,199,393,199" step="2"/><U40/><E40/><V114/><F114/><W66/><G42/><T13/><D13/><U72/><E72/><V126/><F126/><W25/><G43/><T81/><D81/><U22/><E22/><V34/><F34/><W117/><G82/><T134/><D134/><U28/><E28/><V33/><F33/><W90/><G26/><T74/><D74/><U113/><E113/><V108/><F108/><W14/><G25/><T125/><D125/><U3/><E3/><V49/><F12/><W132/><G132/><T87/><D87/><AGARI ba="0,2" hai="46,48,52,57,58,87,89,92,120,121,122" m="25600" machi="87" ten="60,16000,3" yaku="1,1,52,3,54,1,53,4" doraHai="53,91" doraHaiUra="45,119" who="1" fromWho="0" sc="189,-160,199,180,393,0,199,0" />
</Scene>
<Scene>
<INIT seed="4,0,0,0,1,81" ten="29,379,393,199" oya="0" hai0="67,134,124,48,88,119,72,71,14,101,8,105,11" hai1="26,73,58,106,51,123,135,6,82,118,85,99,2" hai2="132,35,64,39,84,74,15,78,12,57,5,90,130" hai3="41,66,115,77,28,92,103,133,38,98,37,40,100"/><T55/><D119/><U27/><E118/><V47/><F35/><W113/><G133/><T94/><D72/><U80/><E123/><V46/><F132/><W114/><G77/><T31/><D134/><U33/><E73/><V108/><F108/><W69/><G28/><T18/><D31/><U62/><E80/><V102/><F130/><W117/><G117/><T56/><D124/><U86/><E2/><V4/><F102/><W25/><G25/><T122/><D122/><U34/><E6/><N who="2" m="2667" /><F78/><W44/><G103/><T24/><D24/><U50/><E82/><N who="2" m="49431" /><F39/><N who="3" m="14859" /><G44/><N who="2" m="16937" /><F74/><W95/><G95/><T30/><D30/><U54/><E99/><V131/><F131/><W60/><AGARI ba="0,0" hai="40,41,60,66,69,92,98,100,113,114,115" m="14859" machi="60" ten="40,1500,0" yaku="15,1" doraHai="81" who="3" fromWho="3" sc="29,-7,379,-4,393,-4,199,15" />
</Scene>
<Scene>
<INIT seed="5,0,0,2,4,96" ten="22,375,389,214" oya="1" hai0="108,131,119,107,31,105,13,117,79,109,61,35,67" hai1="28,98,66,37,94,39,12,25,59,116,124,89,64" hai2="99,128,120,4,78,41,88,81,68,129,104,16,71" hai3="91,47,0,130,135,49,40,70,17,102,36,80,84"/><U32/><E116/><V57/><F120/><W23/><G70/><T90/><D13/><U126/><E12/><V54/><F4/><W118/><G0/><T110/><D79/><U7/><E7/><V30/><F30/><W86/><G118/><T38/><D38/><N who="1" m="14347" /><E59/><V76/><F41/><W20/><G135/><T125/><D125/><AGARI ba="0,0" hai="25,28,32,64,66,89,94,98,124,125,126" m="14347" machi="125" ten="30,1500,0" yaku="18,1" doraHai="96" who="1" fromWho="0" sc="22,-15,375,15,389,0,214,0" />
</Scene>
<Scene>
<INIT seed="5,1,0,0,2,32" ten="7,390,389,214" oya="1" hai0="24,103,123,52,67,16,126,37,40,38,17,99,43" hai1="129,36,62,93,70,39,45,48,105,57,110,128,54" hai2="131,13,97,66,35,134,61,5,121,10,125,21,30" hai3="89,9,132,58,133,31,26,116,113,53,27,55,112"/><U44/><E93/><V3/><F121/><W130/><G130/><N who="1" m="50282" /><E105/><V47/><F131/><W41/><G41/><T111/><D67/><N who="1" m="41335" /><E110/><V72/><F72/><W75/><G75/><T78/><D78/><U88/><E88/><V83/><F134/><W114/><G116/><T84/><D84/><U33/><E33/><V124/><F83/><W127/><G89/><T80/><D80/><U101/><E101/><V90/><F47/><AGARI ba="1,0" hai="36,39,44,45,47,48,54,57" m="41335,50282" machi="47" ten="30,5800,0" yaku="19,1,34,2" doraHai="32" who="1" fromWho="2" sc="7,0,390,61,389,-61,214,0" />
</Scene>
<Scene>
<INIT seed="5,2,0,1,2,99" ten="7,451,328,214" oya="1" hai0="36,32,69,100,132,51,27,60,42,13,102,124,49" hai1="48,0,23,113,68,57,104,41,88,80,52,9,28" hai2="66,84,133,109,101,96,76,29,31,83,1,78,24" hai3="33,108,105,34,25,79,43,119,12,129,55,103,73"/><U59/><E68/><V75/><F1/><W110/><G55/><T93/><D36/><U26/><E41/><V38/><F38/><W92/><G12/><T82/><D132/><U45/><E104/><V22/><F109/><W106/><G43/><T7/><D124/><U3/><E113/><V87/><F133/><W6/><G6/><T114/><D114/><U65/><E65/><V8/><F31/><W98/><G25/><T72/><D72/><U117/><E117/><V116/><F116/><W89/><G119/><T115/><D115/><U50/><E57/><V125/><F125/><W86/><G129/><T130/><D130/><U39/><E39/><V47/><F8/><W19/><G19/><T20/><D82/><U131/><E131/><V35/><F35/><N who="3" m="13323" /><G106/><T90/><D32/><U111/><E48/><N who="0" m="18505" /><D42/><U15/><E59/><V40/><F76/><W74/><G74/><T46/><D46/><U126/><E111/><V61/><F47/><W85/><G85/><N who="0" m="52431" /><D60/><U16/><E126/><V107/><REACH who="2" step="1"/><F40/><REACH who="2" ten="7,451,318,214" step="2"/><W112/><G112/><T54/><D54/><U135/><E135/><V21/><F21/><W53/><G53/><T17/><D69/><AGARI ba="2,1" hai="22,24,29,61,66,69,75,78,83,84,87,96,101,107" machi="69" ten="30,3900,0" yaku="1,1,7,1,52,1,53,0" doraHai="99" doraHaiUra="70" who="2" fromWho="0" sc="7,-45,451,0,318,55,214,0" owari="-38,-54.0,451,56.0,373,17.0,214,-19.0" />
</Scene>
</mjloggm>