<mjloggm ver="2.3"><GO type="169"/><UN n0="%E5%8D%8A%E6%9C%88%E3%81%95%E3%82%93" n1="%E5%A4%AA%E3%81%8F%E3%81%AA%E3%81%84%E3%81%8A" n2="%2D%61%76%61%74%61%72%2D" n3="%41%70%70%6C%65%2A" dan="17,18,17,16" rate="2173,2166,2126,2063" sx="F,M,M,M"/><TAIKYOKU oya="0"/>

<Scene>
<INIT seed="0,0,0,5,3,113" ten="250,250,250,250" oya="0" hai0="39,2,56,74,114,16,83,48,25,101,47,66,43" hai1="131,9,68,78,55,102,92,54,50,96,77,27,34" hai2="60,133,111,15,82,20,70,80,37,107,33,41,87" hai3="123,45,36,91,100,5,10,129,79,53,103,75,19"/><T125/><D114/><U62/><E131/><V112/><F33/><W58/><G129/><T98/><D2/><U6/><E34/><V51/><F107/><W128/><G128/><T117/><D125/><U23/><E68/><V104/><F104/><W44/><G123/><T122/><D122/><U93/><E93/><V61/><F37/><W46/><G36/><T49/><D117/><U73/><E62/><V7/><F70/><W89/><G75/><T4/><D4/><U8/><E55/><V135/><F82/><W71/><G79/><N who="1" m="30218" /><E6/><V127/><F7/><W40/><G5/><T115/><D115/><U35/><E35/><V31/><F112/><W42/><G71/><T99/><D74/><U85/><E85/><V116/><F127/><W95/><G40/><T18/><D83/><U29/><E73/><V105/><F105/><W72/><G72/><T1/><D1/><U3/><E3/><V65/><F87/><W86/><G42/><T121/><D121/><U38/><E38/><V90/><F80/><W108/><G108/><T118/><D118/><U106/><E106/><V94/><F111/><W32/><G32/><T67/><D39/><U59/><AGARI ba="0,0" hai="8,9,23,27,29,50,54,59,92,96,102" m="30218" machi="59" ten="30,1100,0" yaku="8,1" doraHai="113" who="1" fromWho="1" sc="250,-5,250,11,250,-3,250,-3" />
</Scene>
<Scene>
<INIT seed="1,0,0,2,1,58" ten="245,261,247,247" oya="1" hai0="72,107,61,15,1,100,68,23,25,117,128,5,13" hai1="42,48,55,69,44,70,59,63,81,30,10,50,75" hai2="106,0,113,45,4,62,111,54,41,7,79,114,109" hai3="105,108,28,124,91,120,93,9,130,49,131,104,84"/><U103/><E103/><V56/><F106/><W53/><G28/><T77/><D117/><U116/><E116/><V115/><F79/><W98/><G120/><T82/><D128/><U40/><E30/><V129/><F0/><W125/><G9/><T2/><D107/><N who="3" m="41033" /><G49/><T46/><D100/><U86/><E75/><V118/><F118/><W74/><G53/><T34/><D34/><U121/><E121/><V76/><F76/><W80/><G108/><N who="2" m="41545" /><F129/><N who="3" m="49163" /><G74/><T71/><D46/><N who="1" m="25687" /><E10/><V33/><F33/><W123/><G123/><T24/><D2/><U112/><E70/><V52/><F54/><W27/><G27/><T57/><D25/><U11/><E69/><V19/><F19/><W39/><G39/><AGARI ba="0,0" hai="4,7,39,41,45,52,56,62,113,114,115" m="41545" machi="39" ten="40,8000,1" yaku="11,1,14,1,52,1,54,1" doraHai="58" who="2" fromWho="3" sc="245,0,261,0,247,80,247,-80" />
</Scene>
<Scene>
<INIT seed="2,0,0,4,0,119" ten="245,261,327,167" oya="2" hai0="57,60,94,92,128,99,112,95,111,80,62,125,27" hai1="40,78,41,109,17,7,15,120,129,1,123,64,103" hai2="105,66,0,5,16,81,77,67,30,88,75,10,114" hai3="13,108,44,102,23,25,100,96,101,11,32,106,74"/><V20/><F105/><W59/><G32/><T34/><D112/><U52/><E109/><V46/><F30/><W134/><G108/><T117/><D111/><U76/><E64/><V89/><F114/><W22/><G74/><T24/><D117/><U19/><E103/><V118/><F118/><W130/><G134/><T56/><D128/><U39/><E129/><V37/><F66/><W122/><G130/><T26/><D34/><U82/><E1/><V68/><F67/><W28/><G44/><T3/><D3/><U85/><E76/><V79/><F77/><W135/><G135/><T83/><D99/><U8/><E52/><V110/><F68/><W54/><G23/><T97/><D97/><U9/><E39/><V36/><F36/><W93/><G106/><T21/><D21/><U43/><REACH who="1" step="1"/><E8/><REACH who="1" ten="245,251,327,167" step="2"/><V91/><F110/><W18/><REACH who="3" step="1"/><G122/><AGARI ba="0,1" hai="7,9,15,17,19,40,41,43,78,82,85,120,122,123" machi="122" ten="40,12000,2" yaku="1,1,2,1,13,1,52,3,53,0" doraHai="119" doraHaiUra="71" who="1" fromWho="3" sc="245,0,251,130,327,0,167,-120" />
</Scene>
<Scene>
<INIT seed="3,0,0,4,0,41" ten="245,381,327,47" oya="3" hai0="51,105,106,124,26,70,25,0,6,38,15,65,27" hai1="33,64,39,129,116,126,30,108,11,13,29,135,131" hai2="54,3,60,59,48,89,20,61,100,12,57,78,74" hai3="9,112,72,62,14,53,22,40,88,82,67,83,133"/><W5/><G112/><T98/><D38/><U84/><E39/><V115/><F3/><W68/><G133/><T34/><D34/><U114/><E114/><V69/><F74/><W94/><G40/><T58/><D0/><U123/><E123/><V63/><F78/><W66/><G66/><T16/><D6/><U85/><E135/><V32/><F32/><W17/><G72/><T21/><D124/><U18/><E126/><V76/><F76/><W90/><G53/><T23/><D23/><U107/><E107/><V109/><F100/><W28/><G28/><N who="1" m="10858" /><E33/><V87/><F115/><W43/><G43/><T37/><D37/><U122/><E122/><V118/><F69/><W92/><G92/><T35/><D35/><U44/><E64/><V47/><F109/><W119/><G119/><T45/><D70/><U50/><E108/><V120/><F120/><W128/><G128/><N who="1" m="49226" /><E116/><V4/><F118/><W121/><G121/><T77/><D77/><U2/><E2/><V80/><REACH who="2" step="1"/><F4/><REACH who="2" ten="245,381,317,47" step="2"/><W117/><G117/><T134/><D134/><U36/><E36/><V49/><F49/><W31/><G31/><T24/><N who="0" m="6144" /><DORA hai="52" /><T56/><D106/><U96/><E50/><V130/><F130/><W113/><G113/><T97/><D105/><U127/><E127/><V125/><F125/><W110/><G110/><T55/><REACH who="0" step="1"/><D65/><REACH who="0" ten="235,381,317,47" step="2"/><U132/><E132/><V8/><F8/><W86/><REACH who="3" step="1"/><G90/><REACH who="3" ten="235,381,317,37" step="2"/><T111/><D111/><U79/><E79/><V102/><F102/><W7/><G7/><T101/><D101/><U93/><E18/><AGARI ba="0,3" hai="12,18,20,47,48,54,57,59,60,61,63,80,87,89" machi="18" ten="40,8000,1" yaku="1,1,8,1,52,3,53,0" doraHai="41,52" doraHaiUra="73,95" who="2" fromWho="1" sc="235,0,381,-80,317,110,37,0" />
</Scene>
<Scene>
<INIT seed="4,0,0,4,0,27" ten="235,301,427,37" oya="0" hai0="90,16,59,4,11,108,17,42,77,1,129,39,135" hai1="24,128,48,82,62,2,72,9,35,133,97,40,130" hai2="96,67,114,125,46,26,104,12,121,33,6,68,126" hai3="99,102,53,23,34,88,93,5,127,80,123,69,95"/><T0/><D129/><N who="1" m="49771" /><E133/><V78/><F78/><W84/><G34/><T49/><D135/><U38/><E38/><V116/><F46/><W65/><G123/><T85/><D0/><U57/><E97/><V115/><F12/><W31/><G127/><T92/><D108/><U120/><E120/><V122/><F6/><W66/><G69/><T110/><D110/><U87/><E72/><V89/><F89/><W61/><G5/><T64/><D77/><N who="1" m="46543" /><E40/><V83/><F83/><W101/><G101/><T55/><REACH who="0" step="1"/><D64/><REACH who="0" ten="225,301,427,37" step="2"/><U44/><E2/><V36/><F121/><W86/><G65/><T56/><D56/><U58/><E57/><V112/><F122/><W98/><G66/><T52/><D52/><U15/><E58/><V119/><F67/><W111/><G111/><T113/><D113/><U131/><E131/><V18/><F114/><W81/><G53/><T54/><D54/><U60/><E44/><AGARI ba="0,1" hai="1,4,11,16,17,39,42,44,49,55,59,85,90,92" machi="44" ten="40,7700,0" yaku="1,1,54,1,53,1" doraHai="27" doraHaiUra="71" who="0" fromWho="1" sc="225,87,301,-77,427,0,37,0" />
</Scene>
<Scene>
<INIT seed="4,1,0,4,5,65" ten="312,224,427,37" oya="0" hai0="34,115,83,18,24,93,69,10,26,133,76,112,94" hai1="105,37,75,45,135,103,128,22,74,104,27,119,127" hai2="31,12,60,121,16,40,1,13,97,29,113,11,6" hai3="43,28,58,84,53,108,57,56,14,5,86,9,85"/><T134/><D69/><U99/><E119/><V21/><F40/><W49/><G108/><T39/><D39/><U67/><E127/><V8/><F97/><W98/><G28/><T116/><D116/><U51/><E128/><V131/><F60/><W2/><G2/><T36/><D36/><U109/><E109/><V80/><F80/><W47/><REACH who="3" step="1"/><G98/><REACH who="3" ten="312,224,427,27" step="2"/><T3/><D3/><U35/><E99/><V4/><F131/><W52/><AGARI ba="1,1" hai="5,9,14,43,47,49,52,53,56,57,58,84,85,86" machi="52" ten="40,8000,1" yaku="1,1,2,1,0,1,8,1,54,1,53,0" doraHai="65" doraHaiUra="25" who="3" fromWho="3" sc="312,-41,224,-21,427,-21,27,93" />
</Scene>
<Scene>
<INIT seed="5,0,0,5,0,34" ten="271,203,406,120" oya="1" hai0="85,44,10,40,108,106,45,83,1,120,78,18,20" hai1="68,101,118,49,41,72,2,43,107,32,9,4,46" hai2="80,128,14,99,114,66,76,11,5,134,64,58,39" hai3="59,17,36,37,105,29,38,12,113,73,110,54,97"/><U86/><E118/><V126/><F39/><W121/><G110/><T125/><D108/><U92/><E72/><V84/><F128/><W55/><G121/><T129/><D106/><U70/><E32/><V53/><F134/><W109/><G109/><T87/><D129/><U132/><E132/><V127/><F99/><W8/><G73/><T28/><D120/><U122/><E122/><V81/><F80/><W42/><G113/><T88/><D125/><N who="2" m="47626" /><F114/><W65/><G65/><T98/><D98/><U56/><E43/><V116/><F116/><W63/><G29/><T79/><D28/><U103/><E56/><V35/><F35/><W104/><G55/><T112/><D112/><U62/><E107/><V16/><F5/><W52/><G54/><T77/><D87/><U3/><E3/><V47/><F47/><W71/><G71/><T94/><D83/><U135/><E135/><V124/><F124/><W67/><G105/><T117/><D117/><U130/><E130/><V23/><F23/><W7/><G67/><T26/><REACH who="0" step="1"/><D40/><REACH who="0" ten="261,203,406,120" step="2"/><U6/><E86/><V15/><F84/><W48/><G104/><T30/><D30/><U123/><E123/><V74/><F81/><W95/><G42/><T19/><D19/><U75/><E75/><V0/><F16/><W115/><G115/><T82/><D82/><U111/><E111/><V93/><F74/><W91/><G17/><T13/><D13/><U51/><E41/><V90/><F14/><W57/><G36/><T133/><D133/><U27/><E27/><V22/><F15/><W24/><G24/><T33/><D33/><RYUUKYOKU ba="0,1" sc="261,15,203,-15,406,-15,120,15" hai0="1,10,18,20,26,44,45,77,78,79,85,88,94" hai3="7,8,12,37,38,48,52,57,59,63,91,95,97" />
</Scene>
<Scene>
<INIT seed="6,1,1,0,0,82" ten="276,188,391,135" oya="2" hai0="99,15,105,5,33,41,63,90,72,47,115,20,104" hai1="61,48,109,127,123,88,60,64,62,71,80,2,17" hai2="45,116,77,97,91,70,135,39,28,133,57,34,23" hai3="54,51,56,46,87,111,22,74,89,114,134,53,84"/><V7/><F70/><W112/><G111/><T73/><D33/><U8/><E109/><V35/><F77/><W44/><G74/><T86/><D63/><U6/><E127/><V19/><F116/><W65/><G134/><T85/><D115/><N who="3" m="44073" /><G65/><T83/><D73/><U31/><E123/><V117/><F117/><W93/><G22/><T130/><D72/><U129/><E129/><V4/><F23/><W125/><G125/><T131/><D99/><U67/><E31/><V1/><F28/><W12/><G12/><T113/><D113/><U18/><E48/><V108/><F1/><W76/><G54/><T26/><D15/><U27/><E27/><V118/><F34/><W38/><G38/><T24/><D5/><U55/><E55/><V36/><F39/><W66/><G66/><T29/><D24/><U3/><E3/><V37/><F36/><W21/><G21/><T110/><D110/><U79/><E61/><V59/><F37/><W42/><G42/><T30/><D30/><U126/><E126/><V81/><F35/><W0/><G0/><T96/><D131/><U121/><E121/><V40/><F133/><W49/><G49/><T94/><D130/><U132/><E132/><V106/><F40/><W10/><G10/><T9/><D9/><U58/><REACH who="1" step="1"/><E79/><REACH who="1" ten="276,178,391,135" step="2"/><V32/><F108/><W50/><G50/><T128/><D128/><U78/><E78/><V43/><F135/><W75/><G75/><T52/><D52/><U100/><E100/><V120/><F120/><W95/><G76/><T11/><D29/><U107/><E107/><V103/><F106/><RYUUKYOKU ba="1,2" sc="276,-15,178,15,391,-15,135,15" hai1="2,6,8,17,18,58,60,62,64,67,71,80,88" hai3="44,46,51,53,56,84,87,89,93,95" />
</Scene>
<Scene>
<INIT seed="7,2,2,5,2,42" ten="261,193,376,150" oya="3" hai0="130,84,47,112,19,119,4,104,63,118,87,51,106" hai1="73,120,31,107,43,77,35,54,85,15,72,25,37" hai2="59,34,121,93,105,89,2,134,9,32,7,28,116" hai3="52,24,17,45,39,27,41,23,57,98,109,0,95"/><W113/><G0/><T1/><D130/><U82/><E120/><V91/><F105/><W55/><G113/><T66/><D1/><U123/><E123/><V62/><F116/><W67/><G109/><T78/><D4/><U128/><E107/><V50/><F121/><W69/><G69/><T76/><D19/><U40/><E128/><V75/><F75/><W21/><G67/><T22/><D22/><U125/><E125/><V58/><F134/><W102/><G57/><T96/><D112/><U71/><E71/><V127/><F127/><W36/><G39/><T14/><D14/><U132/><E132/><V65/><F28/><AGARI ba="2,2" hai="17,21,23,24,27,28,36,41,45,52,55,95,98,102" machi="28" ten="30,5800,0" yaku="7,1,52,1,54,1" doraHai="42" who="3" fromWho="2" sc="261,0,193,0,376,-64,150,84" />
</Scene>
<Scene>
<INIT seed="7,3,0,1,0,32" ten="261,193,312,234" oya="3" hai0="122,123,29,48,81,68,88,79,9,59,52,100,126" hai1="105,64,46,121,113,44,36,53,89,0,19,73,70" hai2="114,20,80,54,130,13,40,25,27,37,41,30,115" hai3="125,8,63,21,86,58,1,91,106,93,65,6,47"/><W103/><G125/><T76/><D68/><U116/><E121/><V66/><F130/><W61/><G47/><T72/><D126/><U17/><E73/><V33/><F66/><W101/><G106/><T111/><D111/><U43/><E105/><V69/><F69/><W117/><G117/><T50/><D100/><U60/><E116/><V95/><F37/><W135/><G135/><T134/><D134/><U26/><E113/><N who="2" m="43019" /><F13/><W42/><G42/><T49/><D76/><U120/><E120/><V99/><F80/><W57/><G21/><T118/><D118/><U23/><E89/><N who="2" m="55791" /><F54/><AGARI ba="3,0" hai="1,6,8,54,57,58,61,63,65,86,91,93,101,103" machi="54" ten="30,2900,0" yaku="7,1,52,1" doraHai="32" who="3" fromWho="2" sc="261,0,193,0,312,-38,234,38" />
</Scene>
<Scene>
<INIT seed="7,4,0,3,2,112" ten="261,193,274,272" oya="3" hai0="21,124,103,86,79,32,0,121,100,94,59,116,49" hai1="118,35,58,47,127,34,56,92,133,14,53,68,87" hai2="135,8,55,81,48,4,113,57,134,73,52,45,71" hai3="24,72,107,110,12,3,99,62,37,114,6,88,77"/><W95/><G37/><T98/><D32/><U42/><E68/><V66/><F113/><W36/><G114/><T126/><D0/><U2/><E2/><V46/><F73/><W31/><G36/><T122/><D21/><U84/><E127/><N who="0" m="48681" /><D59/><U115/><E115/><V5/><F81/><W22/><G3/><T96/><D49/><U54/><E133/><N who="2" m="50699" /><F8/><W120/><G120/><N who="0" m="46187" /><D116/><U131/><E131/><V9/><F9/><W26/><G110/><T28/><D28/><U111/><E111/><V117/><F117/><W27/><G62/><T125/><D125/><U60/><E118/><V41/><F71/><W18/><G107/><N who="0" m="63879" /><D86/><U89/><E84/><V76/><F76/><AGARI ba="4,0" hai="76,79,94,98,103" m="63879,46187,48681" machi="76" ten="30,3900,0" yaku="18,1,34,2" doraHai="112" who="0" fromWho="2" sc="261,51,193,0,274,-51,272,0" owari="312,42.0,193,-31.0,223,-18.0,272,7.0" />
</Scene>
</mjloggm>