<mjloggm ver="2.3"><GO type="169"/><UN n0="%E5%A4%AA%E3%81%8F%E3%81%AA%E3%81%84%E3%81%8A" n1="%E3%81%BF%E3%81%A3%E3%81%A4%E3%81%83%EF%BD%9E" n2="%67%69%6A%79%75%74%75" n3="%E3%83%AD%E3%83%AA%E3%83%BC%E3%82%BF%E3%81%AA%E7%84%BC%E8%82%89" dan="16,16,16,17" rate="2067,2071,2075,2163" sx="M,F,M,F"/><TAIKYOKU oya="0"/>

<Scene>
<INIT seed="0,0,0,3,4,63" ten="250,250,250,250" oya="0" hai0="67,57,125,29,12,47,60,44,74,115,22,7,17" hai1="2,40,6,90,54,42,43,39,89,71,46,86,53" hai2="24,111,102,48,104,109,27,128,84,56,131,91,73" hai3="0,108,79,133,33,26,85,28,100,117,15,94,97"/><T11/><D115/><U37/><E2/><V135/><F56/><W77/><G0/><T134/><D74/><U14/><E71/><V49/><F73/><W59/><G117/><T76/><D125/><U41/><E6/><V10/><F10/><W9/><G108/><N who="2" m="41545" /><F102/><W21/><G133/><T92/><D134/><U88/><E14/><V105/><F135/><W119/><G119/><T93/><D76/><U13/><E13/><V23/><F91/><W55/><G85/><T18/><D29/><U52/><REACH who="1" step="1"/><E86/><REACH who="1" ten="250,240,250,250" step="2"/><V34/><F84/><W16/><REACH who="3" step="1"/><G33/><REACH who="3" ten="250,240,250,240" step="2"/><T118/><D118/><U116/><E116/><V36/><F34/><W58/><G58/><T127/><D127/><U103/><E103/><V3/><F3/><W124/><G124/><T112/><D112/><U5/><E5/><V69/><F69/><W80/><G80/><T110/><D110/><U126/><E126/><V62/><F131/><W82/><G82/><T20/><D7/><U120/><E120/><V114/><F128/><W30/><G30/><T25/><D11/><U8/><E8/><V95/><F114/><W31/><G31/><T66/><D57/><U75/><E75/><V106/><F23/><W122/><G122/><T1/><D1/><U83/><E83/><V4/><F4/><W121/><G121/><T99/><D20/><U123/><E123/><V107/><F24/><W132/><G132/><T70/><D25/><U50/><AGARI ba="0,2" hai="37,39,40,41,42,43,46,50,52,53,54,88,89,90" machi="50" ten="40,12000,2" yaku="1,1,0,1,29,2,54,2,53,0" doraHai="63" doraHaiUra="35" who="1" fromWho="1" sc="250,-60,240,140,250,-30,240,-30" />
</Scene>
<Scene>
<INIT seed="1,0,0,5,2,19" ten="190,380,220,210" oya="1" hai0="121,35,37,124,24,81,76,118,127,78,7,109,70" hai1="102,115,39,103,110,15,18,96,128,53,93,58,85" hai2="4,17,57,112,89,65,77,60,72,40,129,107,14" hai3="12,21,25,26,41,104,83,88,126,29,34,54,119"/><U44/><E115/><V131/><F112/><W67/><G104/><T9/><D118/><U61/><E128/><N who="2" m="49227" /><F107/><W8/><G67/><T106/><D106/><U56/><E110/><V11/><F40/><W10/><G41/><T48/><D37/><U30/><E39/><V94/><F77/><W122/><G119/><T99/><D70/><U59/><E30/><V82/><F82/><W1/><G126/><N who="0" m="48171" /><D109/><U117/><E117/><V42/><F42/><W114/><G114/><T74/><D121/><U71/><E71/><V123/><F72/><W52/><G122/><T51/><D78/><U31/><E31/><V95/><F123/><W45/><G1/><N who="0" m="239" /><D99/><U2/><E2/><N who="2" m="407" /><F89/><W73/><G73/><T75/><D74/><U92/><E103/><V27/><F27/><W87/><G45/><T84/><D75/><U50/><E85/><V16/><F17/><N who="3" m="10407" /><G34/><T23/><D35/><U38/><E38/><V80/><F80/><W91/><G29/><AGARI ba="0,0" hai="23,24,29,48,51,76,81,84" m="239,48171" machi="29" ten="30,2000,0" yaku="18,1,52,1" doraHai="19" who="0" fromWho="3" sc="190,20,380,0,220,0,210,-20" />
</Scene>
<Scene>
<INIT seed="2,0,0,5,3,80" ten="210,380,220,190" oya="2" hai0="35,83,88,16,2,79,90,51,94,23,77,69,127" hai1="105,125,48,28,18,54,10,85,74,9,45,52,96" hai2="13,41,12,82,11,34,33,17,5,78,56,15,133" hai3="75,30,7,126,110,70,87,92,42,116,59,40,49"/><V86/><F133/><W103/><G75/><T132/><D2/><U106/><E74/><V38/><F13/><W107/><G107/><T71/><D35/><U67/><E125/><V22/><REACH who="2" step="1"/><F56/><REACH who="2" ten="210,380,210,190" step="2"/><W8/><G59/><T55/><D132/><U65/><E9/><V102/><F102/><W128/><G103/><T63/><D127/><U53/><E10/><V93/><F93/><W117/><G92/><T108/><D94/><U100/><E106/><V131/><F131/><W118/><G128/><T39/><D71/><U25/><E105/><V89/><F89/><W29/><G70/><T27/><D90/><U122/><E100/><V135/><F135/><W3/><G126/><T123/><D88/><U115/><E122/><V121/><F121/><W113/><G113/><T31/><D69/><U43/><E115/><V20/><F20/><W32/><G32/><T119/><D23/><N who="1" m="15423" /><E96/><V36/><F36/><W0/><G0/><T114/><D39/><U99/><E99/><V1/><F1/><W57/><G3/><T72/><D114/><U124/><E124/><V50/><F50/><W73/><G49/><T24/><D51/><U76/><E48/><V84/><F84/><W47/><G87/><T6/><D123/><U26/><E85/><V68/><F68/><W4/><G73/><T81/><D72/><U62/><E76/><V104/><F104/><W109/><G8/><T111/><D79/><U97/><E97/><V60/><F60/><W130/><G130/><T64/><D77/><U44/><E62/><V112/><F112/><W120/><G120/><T91/><D63/><RYUUKYOKU ba="0,1" sc="210,-10,380,-10,210,30,190,-10" hai2="5,11,12,15,17,22,33,34,38,41,78,82,86" />
</Scene>
<Scene>
<INIT seed="2,1,1,2,1,128" ten="200,370,240,180" oya="2" hai0="117,4,50,68,114,89,26,55,104,81,38,84,48" hai1="133,54,130,64,75,115,124,11,113,20,106,100,92" hai2="14,79,15,87,98,119,49,41,134,105,80,40,45" hai3="47,58,62,34,5,46,93,127,132,42,96,121,44"/><V118/><F40/><W43/><G34/><T7/><D114/><U6/><E75/><V94/><F105/><W71/><G71/><T9/><D38/><U18/><E106/><V111/><F111/><W29/><G121/><T24/><D104/><U102/><E64/><V63/><F134/><W66/><G132/><T73/><D68/><U39/><E39/><V32/><F32/><W25/><G5/><T59/><D117/><U65/><E65/><V13/><REACH who="2" step="1"/><F63/><REACH who="2" ten="200,370,230,180" step="2"/><W97/><G127/><T19/><D50/><U28/><E124/><V85/><F85/><W88/><G43/><T109/><D109/><U108/><E133/><V82/><F82/><W83/><G83/><T56/><D73/><U76/><E108/><V86/><F86/><W135/><G135/><T72/><D72/><U8/><E115/><V70/><F70/><W112/><G112/><T1/><D81/><U91/><E113/><V10/><F10/><W33/><G42/><T31/><D84/><U16/><E11/><V74/><F74/><W95/><REACH who="3" step="1"/><G46/><REACH who="3" ten="200,370,230,170" step="2"/><T27/><D7/><U36/><E6/><V103/><AGARI ba="1,3" hai="13,14,15,41,45,49,79,80,87,94,98,103,118,119" machi="103" ten="30,3000,0" yaku="1,1,0,1,53,0" doraHai="128" doraHaiUra="3" who="2" fromWho="2" sc="200,-11,370,-11,230,63,170,-11" />
</Scene>
<Scene>
<INIT seed="2,2,0,4,4,40" ten="189,359,293,159" oya="2" hai0="108,22,105,28,84,15,1,52,14,27,123,74,51" hai1="59,75,98,57,47,89,66,71,70,26,63,133,34" hai2="45,10,91,121,20,81,0,111,7,19,87,6,60" hai3="99,2,107,64,38,117,23,127,36,125,113,73,16"/><V41/><F121/><W18/><G73/><T44/><D123/><U103/><E75/><V12/><F111/><W118/><G2/><T29/><D74/><U30/><E133/><V106/><F106/><W68/><G64/><T94/><D1/><U115/><E115/><V93/><F60/><W46/><G68/><T42/><D105/><U9/><E89/><V134/><F134/><W54/><G113/><T8/><D108/><U79/><E79/><V78/><F0/><W32/><G32/><T49/><D29/><U88/><E70/><V114/><F20/><W109/><G109/><T116/><D116/><U135/><E135/><V17/><F17/><W39/><G99/><T77/><D8/><U25/><E25/><V53/><F53/><W128/><G107/><T55/><D42/><U124/><E124/><N who="3" m="47690" /><G128/><T119/><D119/><N who="3" m="45577" /><G23/><T131/><D131/><U102/><E9/><V76/><F114/><W56/><G46/><N who="0" m="27703" /><D94/><U80/><E47/><V122/><F122/><W132/><G132/><T101/><D101/><U58/><E88/><V100/><F100/><W129/><G129/><T97/><D97/><U62/><E103/><V37/><REACH who="2" step="1"/><F76/><REACH who="2" ten="189,359,283,159" step="2"/><W96/><G96/><AGARI ba="2,1" hai="6,7,10,12,19,37,41,45,78,81,87,91,93,96" machi="96" ten="30,12000,1" yaku="1,1,2,1,7,1,52,1,53,1" doraHai="40" doraHaiUra="85" who="2" fromWho="3" sc="189,0,359,0,283,136,159,-126" />
</Scene>
<Scene>
<INIT seed="2,3,0,0,4,24" ten="189,359,419,33" oya="2" hai0="129,103,52,79,37,90,110,1,34,15,128,71,51" hai1="98,108,126,50,22,61,130,40,13,47,42,27,4" hai2="0,93,31,123,131,5,49,113,107,56,63,106,45" hai3="11,65,68,26,70,48,75,120,115,87,88,83,18"/><V19/><F123/><W91/><G120/><T69/><D1/><U95/><E108/><V80/><F113/><W39/><G115/><T46/><D110/><U12/><E130/><N who="0" m="50281" /><D34/><U122/><E126/><V44/><F131/><W100/><G39/><T112/><D112/><U2/><E122/><V133/><F19/><W55/><G100/><T17/><D103/><U77/><E77/><V41/><F44/><W16/><G75/><T105/><D105/><U135/><E135/><V97/><F133/><W81/><G65/><T64/><D79/><U33/><E33/><V53/><F80/><W127/><G127/><T21/><D64/><U114/><E114/><V82/><F82/><W36/><G36/><T29/><D90/><U117/><E117/><V121/><F121/><W8/><G26/><N who="0" m="16591" /><D37/><U118/><E118/><V58/><F107/><W76/><G76/><T109/><D109/><U38/><E38/><V96/><F106/><W54/><REACH who="3" step="1"/><G48/><REACH who="3" ten="189,359,419,23" step="2"/><T111/><D111/><U94/><E50/><V57/><F49/><W78/><G78/><T10/><AGARI ba="3,1" hai="10,15,17,46,51,52,69,71" m="16591,50281" machi="10" ten="30,4000,0" yaku="19,1,52,1,54,1" doraHai="24" who="0" fromWho="0" sc="189,59,359,-13,419,-23,23,-13" />
</Scene>
<Scene>
<INIT seed="3,0,0,2,3,2" ten="248,346,396,10" oya="3" hai0="75,78,84,47,61,22,57,120,81,135,129,115,89" hai1="127,12,67,71,97,50,91,80,96,58,51,53,60" hai2="46,45,106,52,28,121,14,87,36,85,122,54,4" hai3="79,49,112,0,9,25,1,98,105,26,63,93,101"/><W109/><G112/><T69/><D120/><N who="2" m="46186" /><F106/><W65/><G109/><T27/><D115/><U18/><E127/><V29/><F14/><W43/><G1/><T20/><D129/><U6/><E51/><V90/><F4/><W82/><G105/><T15/><D135/><U133/><E133/><V42/><F85/><W88/><G101/><T132/><D132/><U56/><E71/><V103/><F103/><W17/><G49/><T128/><D128/><U130/><E130/><V40/><F28/><W59/><G43/><T66/><D47/><U125/><E125/><V8/><F8/><W72/><REACH who="3" step="1"/><G17/><REACH who="3" ten="248,346,396,0" step="2"/><T32/><D61/><N who="1" m="38327" /><E18/><V21/><F29/><W110/><G110/><T119/><D119/><U41/><E41/><V95/><F21/><W111/><G111/><T83/><D22/><U73/><E50/><AGARI ba="0,1" hai="36,40,42,45,46,50,52,54,87,90,95" m="46186" machi="50" ten="30,2000,0" yaku="13,1,54,1" doraHai="2" who="2" fromWho="1" sc="248,0,346,-20,396,30,0,0" />
</Scene>
<Scene>
<INIT seed="4,0,0,4,0,21" ten="248,326,426,0" oya="0" hai0="128,16,108,30,132,57,6,97,127,46,83,106,0" hai1="64,44,54,59,109,76,9,87,69,91,104,130,103" hai2="134,62,12,80,31,129,113,92,36,114,78,43,101" hai3="35,4,118,15,18,66,73,3,125,71,120,25,61"/><T122/><D122/><U86/><E109/><V131/><F62/><W82/><G118/><T89/><D108/><U93/><E130/><N who="2" m="49675" /><F31/><N who="3" m="19951" /><G18/><T55/><D128/><U20/><E69/><V42/><F12/><W117/><G15/><T58/><D30/><U37/><E37/><V52/><F52/><W95/><G95/><T133/><D127/><U11/><E104/><V67/><F67/><W126/><G117/><T81/><D6/><U14/><E103/><V26/><F26/><W98/><G98/><T60/><D0/><U45/><E64/><V107/><F36/><W19/><G19/><T123/><D123/><U110/><E110/><V8/><F8/><N who="3" m="2079" /><G120/><T121/><D121/><U32/><E32/><V99/><F42/><W90/><G90/><T74/><D58/><U85/><E11/><V68/><F43/><W115/><G115/><N who="2" m="44041" /><F68/><W28/><G28/><T112/><D112/><U77/><E20/><V17/><F17/><W70/><G70/><T50/><D16/><N who="1" m="8271" /><E45/><V22/><F22/><W102/><G102/><T41/><D106/><U24/><E44/><V84/><F107/><W38/><G38/><T51/><D51/><N who="1" m="31199" /><E24/><V53/><F53/><W105/><G105/><T63/><D63/><U65/><E65/><V13/><F13/><W2/><G2/><T119/><D119/><U124/><E124/><V96/><F96/><AGARI ba="0,0" hai="76,77,85,86,87,91,93,96" m="31199,8271" machi="96" ten="30,2000,0" yaku="8,1,54,1" doraHai="21" who="1" fromWho="2" sc="248,0,326,20,426,-20,0,0" />
</Scene>
<Scene>
<INIT seed="5,0,0,1,4,2" ten="248,346,406,0" oya="1" hai0="72,48,44,39,38,77,56,55,62,96,10,30,15" hai1="34,134,9,57,21,81,86,20,118,105,114,45,74" hai2="24,67,0,65,112,11,84,94,47,87,12,91,61" hai3="107,103,76,97,53,27,73,95,4,5,111,70,83"/><U23/><E118/><V98/><F0/><W3/><G111/><T129/><D129/><U51/><E34/><V8/><F112/><W68/><G53/><T52/><D30/><U78/><E105/><V80/><F24/><W54/><G54/><T121/><D121/><U19/><E114/><V109/><F109/><W64/><G27/><T89/><D72/><U58/><E134/><V42/><F61/><N who="3" m="39951" /><G5/><T106/><D77/><U63/><E74/><V79/><F87/><W119/><G95/><T108/><D108/><U49/><E49/><N who="2" m="26871" /><F8/><N who="3" m="2079" /><G119/><T130/><D130/><U69/><E69/><AGARI ba="0,0" hai="69,70,73,76,83,97,103,107" m="2079,39951" machi="69" ten="30,3900,0" yaku="33,2,52,1" doraHai="2" who="3" fromWho="1" sc="248,0,346,-39,406,0,0,39" />
</Scene>
<Scene>
<INIT seed="6,0,0,5,0,87" ten="248,307,406,39" oya="2" hai0="31,112,86,3,59,117,34,26,75,50,122,65,41" hai1="66,108,55,63,28,119,14,105,24,72,85,107,54" hai2="6,49,128,32,11,79,95,33,70,2,35,69,62" hai3="90,38,129,39,18,134,98,57,1,5,131,23,4"/><V104/><F104/><W124/><G57/><T16/><D122/><U132/><E119/><V40/><F79/><W74/><G74/><T52/><D75/><U97/><E108/><V89/><F128/><N who="3" m="49227" /><G1/><T51/><D117/><U10/><E72/><V25/><F25/><W73/><G73/><T68/><D3/><U88/><E132/><V44/><REACH who="2" step="1"/><F62/><REACH who="2" ten="248,307,396,39" step="2"/><W99/><G134/><T127/><D26/><U101/><E107/><V91/><F91/><W27/><G124/><T0/><D127/><U30/><E24/><V125/><F125/><W9/><G90/><T110/><D110/><U96/><E30/><V46/><F46/><W82/><G27/><T121/><D31/><U48/><E28/><V109/><F109/><W84/><G4/><T126/><D126/><U77/><E77/><V45/><F45/><W76/><G5/><T113/><D121/><U8/><E105/><V20/><F20/><W80/><G23/><T36/><D34/><U21/><E63/><V130/><F130/><W22/><G22/><T133/><D133/><U19/><E21/><V103/><F103/><W102/><G102/><T37/><D16/><U100/><E19/><V118/><F118/><W115/><G18/><T93/><D112/><U106/><E106/><V42/><F42/><W29/><G115/><T53/><D41/><U13/><E88/><V92/><F92/><W43/><G43/><T67/><D93/><U12/><E101/><V123/><F123/><W60/><G60/><T116/><D113/><U135/><E100/><V78/><F78/><W111/><G76/><T61/><D116/><RYUUKYOKU ba="0,1" sc="248,-10,307,-10,396,30,39,-10" hai2="2,6,11,32,33,35,40,44,49,69,70,89,95" />
</Scene>
<Scene>
<INIT seed="6,1,1,2,3,10" ten="238,297,426,29" oya="2" hai0="95,99,91,124,32,70,127,76,101,35,27,46,72" hai1="132,129,45,53,11,44,58,60,73,54,16,7,41" hai2="67,96,106,43,75,71,50,85,56,51,59,1,82" hai3="88,107,84,111,115,42,20,0,34,19,24,38,52"/><V134/><F1/><W89/><G107/><T49/><D70/><U28/><E129/><V92/><F106/><W64/><G111/><T14/><D72/><U8/><E132/><V33/><F33/><W93/><G64/><T66/><D66/><U5/><E73/><V126/><F75/><W74/><G0/><T9/><D76/><U103/><E103/><V39/><F39/><W114/><G74/><T77/><D77/><U13/><E28/><V63/><F134/><W97/><G34/><T102/><D32/><U108/><E108/><V65/><F126/><N who="0" m="48170" /><D27/><U2/><E7/><V86/><F71/><W40/><G38/><T131/><D131/><U117/><E117/><V121/><F121/><W6/><G6/><N who="0" m="3383" /><D35/><U123/><E123/><V94/><F63/><W55/><G115/><T22/><D22/><U130/><E130/><V98/><F82/><N who="3" m="49175" /><G114/><T69/><D69/><U4/><E5/><V29/><F29/><W116/><G116/><T120/><D120/><U62/><REACH who="1" step="1"/><E41/><RYUUKYOKU type="ron3" ba="1,1" sc="238,0,297,0,426,0,29,0" hai0="46,49,91,95,99,101,102" hai2="43,50,51,56,59,65,67,85,86,92,94,96,98" hai3="19,20,24,40,42,52,55,89,93,97" />
</Scene>
<Scene>
<INIT seed="6,2,1,5,1,89" ten="238,297,426,29" oya="2" hai0="90,6,48,21,12,10,70,75,9,55,135,101,84" hai1="47,49,35,58,20,69,97,36,25,11,63,71,72" hai2="57,104,109,13,16,19,124,22,52,50,119,61,133" hai3="125,34,40,66,2,30,106,98,31,56,117,108,95"/><V129/><F104/><W37/><G2/><T7/><D70/><U33/><E72/><V51/><F119/><W111/><G106/><T42/><D75/><U88/><E36/><V107/><F107/><W14/><G117/><T45/><D135/><U0/><E69/><V73/><F73/><W62/><G125/><T91/><D101/><U132/><E71/><V83/><F133/><W29/><G34/><T123/><D123/><U5/><E132/><V54/><F124/><W87/><G87/><T3/><D21/><U65/><E49/><V32/><F32/><W41/><G37/><T122/><D122/><U94/><REACH who="1" step="1"/><E47/><REACH who="1" ten="238,287,426,29" step="2"/><N who="2" m="27743" /><F109/><W103/><G111/><T23/><D23/><U96/><E96/><V18/><F129/><W121/><G108/><T79/><REACH who="0" step="1"/><D55/><REACH who="0" ten="228,287,426,29" step="2"/><U78/><E78/><V93/><F54/><W44/><G121/><T99/><D99/><U77/><E77/><V86/><F22/><W26/><G41/><T46/><D46/><U128/><E128/><V67/><F57/><W134/><G134/><T8/><D8/><U1/><E1/><V38/><F38/><W130/><G130/><T39/><D39/><U114/><E114/><V27/><F51/><W68/><G68/><T15/><D15/><U118/><E118/><V81/><F13/><W60/><G14/><T116/><D116/><U115/><E115/><V24/><F61/><W131/><G131/><T105/><D105/><U28/><AGARI ba="2,3" hai="0,5,11,20,25,28,33,35,58,63,65,88,94,97" machi="28" ten="20,8000,1" yaku="1,1,0,1,7,1,52,1,54,1,53,0" doraHai="89" doraHaiUra="110" who="1" fromWho="1" sc="228,-22,287,116,426,-42,29,-22" />
</Scene>
<Scene>
<INIT seed="7,0,0,1,0,113" ten="206,403,384,7" oya="3" hai0="4,20,78,12,15,6,52,123,89,120,31,25,70" hai1="109,14,24,44,96,34,27,134,79,65,87,3,128" hai2="90,95,23,114,110,106,46,2,37,100,76,73,131" hai3="41,99,86,22,17,11,13,91,1,126,72,102,9"/><W33/><G33/><T112/><D70/><U8/><E3/><V57/><F110/><W98/><G72/><T92/><D112/><U68/><E109/><V77/><F114/><W105/><G126/><T50/><D123/><U124/><E34/><V74/><F2/><W0/><G0/><T56/><D120/><U82/><E124/><V132/><F57/><W107/><G1/><T10/><D78/><N who="2" m="30314" /><F23/><W108/><G108/><T29/><D29/><U125/><E125/><V103/><F46/><W111/><G111/><T7/><D15/><U59/><E68/><V48/><F48/><W127/><G127/><T75/><D75/><N who="2" m="28682" /><F37/><W66/><G66/><T83/><D83/><U49/><E96/><AGARI ba="0,0" hai="4,6,7,10,12,20,25,31,50,52,56,89,92,96" machi="96" ten="30,3900,0" yaku="7,1,8,1,54,1" doraHai="113" who="0" fromWho="1" sc="206,39,403,-39,384,0,7,0" owari="245,-15.0,364,16.0,384,48.0,7,-49.0" />
</Scene>
</mjloggm>