<mjloggm ver="2.3"><GO type="169" lobby="0"/><UN n0="%E5%A4%AA%E3%81%8F%E3%81%AA%E3%81%84%E3%81%8A" n1="%E5%BC%B1%E8%99%AB" n2="%E5%AF%9B%E3%83%94%E3%82%A8%E3%83%AD" n3="%73%65%76%65%6E" dan="18,16,16,16" rate="2240.61,2114.31,2126.54,2075.07" sx="F,M,M,M"/><TAIKYOKU oya="0"/>

<Scene>
<INIT seed="0,0,0,0,2,3" ten="250,250,250,250" oya="0" hai0="1,124,28,32,109,42,18,70,108,37,81,11,89" hai1="9,114,117,93,24,66,13,0,121,133,22,95,53" hai2="104,110,97,71,77,101,33,90,25,31,130,16,2" hai3="17,15,21,69,20,94,103,63,10,4,80,99,88"/><T60/><D32/><U57/><E117/><V35/><F110/><N who="0" m="42602" /><D28/><U75/><E121/><V74/><F130/><W38/><G38/><T115/><D115/><U120/><E120/><V122/><F122/><W49/><G69/><T26/><D124/><U87/><E75/><V100/><F100/><W107/><G63/><T50/><D37/><U79/><E0/><V19/><F35/><W6/><G49/><T34/><D34/><U116/><E116/><V41/><F41/><W45/><G45/><N who="0" m="25911" /><D26/><U7/><E66/><V96/><F2/><W48/><G48/><T65/><D18/><U43/><E43/><V132/><F16/><N who="3" m="8311" /><G107/><T129/><D129/><U131/><E131/><V59/><F19/><W85/><G21/><T83/><D89/><U135/><E114/><V86/><F90/><W76/><G103/><T98/><D98/><U27/><E27/><AGARI ba="0,0" hai="4,6,17,20,27,76,80,85,88,94,99" m="8311" machi="27" ten="30,8000,1" yaku="8,1,52,2,54,2" doraHai="3" who="3" fromWho="1" sc="250,0,250,-80,250,0,250,80" />
</Scene>
<Scene>
<INIT seed="1,0,0,4,2,86" ten="250,170,250,330" oya="1" hai0="96,74,51,55,25,131,82,10,123,115,92,26,135" hai1="40,133,7,68,6,39,87,104,71,0,99,117,73" hai2="44,81,101,5,134,109,108,9,17,24,127,16,77" hai3="102,94,29,3,93,42,126,54,75,70,124,12,38"/><U8/><E117/><V129/><F129/><W121/><G75/><T114/><D131/><U64/><E133/><V100/><F134/><W95/><G70/><T48/><D135/><U67/><E7/><V128/><F128/><W112/><G3/><T69/><D69/><U132/><E132/><V90/><F127/><N who="3" m="48683" /><G121/><T65/><D65/><U56/><E73/><V119/><F119/><W107/><G112/><T66/><D66/><U88/><E67/><V1/><F44/><N who="3" m="23639" /><G107/><T130/><D130/><U59/><E40/><V116/><F116/><W118/><G118/><T20/><D123/><U125/><E39/><V30/><F30/><W111/><G111/><N who="2" m="42569" /><F77/><W11/><G29/><T78/><D10/><U2/><E2/><V33/><F33/><W106/><G106/><T110/><D110/><U89/><E125/><V63/><F63/><W91/><G102/><N who="2" m="39529" /><F24/><W76/><G76/><T120/><D25/><U4/><E104/><V80/><F80/><W98/><G54/><T58/><D120/><U47/><E47/><V15/><F1/><W22/><G22/><T97/><D51/><U28/><E28/><V21/><F21/><W62/><G62/><T105/><D105/><U32/><E32/><V113/><F113/><W72/><G72/><T83/><D115/><U43/><E71/><V41/><F41/><W34/><G34/><T84/><D114/><U85/><E43/><V46/><F46/><W49/><G49/><T23/><D23/><U50/><E50/><V27/><F27/><W52/><G52/><T14/><D74/><U19/><E68/><V61/><F61/><RYUUKYOKU ba="0,0" sc="250,-15,170,-15,250,15,330,15" hai2="5,9,15,16,17,81,90" hai3="11,12,91,93,94,95,98" />
</Scene>
<Scene>
<INIT seed="2,1,0,1,5,120" ten="235,155,265,345" oya="2" hai0="53,35,0,104,125,82,55,34,52,107,78,84,40" hai1="90,116,42,112,58,60,16,51,99,57,105,114,18" hai2="111,88,31,131,81,94,38,13,25,45,121,11,98" hai3="102,29,135,43,59,127,2,122,44,63,9,110,50"/><V97/><F121/><W47/><G122/><T117/><D0/><U64/><E116/><V62/><F131/><W123/><G123/><T30/><D117/><U68/><E68/><V126/><F126/><W21/><G127/><T41/><D125/><U83/><E83/><V130/><F130/><W118/><G118/><T19/><D19/><U129/><E129/><V17/><F111/><W93/><G110/><T37/><D37/><U56/><E56/><V4/><F62/><W79/><G135/><T24/><REACH who="0" step="1"/><D35/><REACH who="0" ten="225,155,265,345" step="2"/><U10/><E114/><V32/><F17/><W65/><G2/><T109/><D109/><U54/><E112/><V48/><F38/><W1/><G1/><T23/><D23/><U71/><E18/><V14/><F14/><W89/><G21/><T132/><D132/><U74/><E16/><V91/><F32/><W67/><G29/><T3/><D3/><U100/><E10/><V66/><F31/><W27/><G9/><T101/><D101/><U87/><E100/><V70/><F13/><W69/><G102/><T39/><D39/><U80/><E105/><AGARI ba="1,1" hai="24,30,34,40,41,52,53,55,78,82,84,104,105,107" machi="105" ten="40,5200,0" yaku="1,1,54,1,53,1" doraHai="120" doraHaiUra="77" who="0" fromWho="1" sc="225,65,155,-55,265,0,345,0" />
</Scene>
<Scene>
<INIT seed="3,0,0,5,5,48" ten="290,100,265,345" oya="3" hai0="92,2,98,61,133,71,123,111,117,26,77,31,95" hai1="114,75,130,109,126,43,36,0,79,86,65,135,30" hai2="9,93,21,23,104,94,40,32,29,64,24,13,46" hai3="12,102,108,132,127,89,74,25,18,55,60,51,35"/><W8/><G74/><T53/><D123/><U50/><E30/><V41/><F104/><W66/><G127/><T63/><D117/><U42/><E86/><V73/><F73/><W96/><G132/><T49/><D2/><U62/><E79/><V87/><F64/><W37/><G37/><T125/><D125/><U107/><E50/><V80/><F32/><W38/><G38/><T20/><D133/><U6/><E62/><V11/><F23/><W22/><G35/><T120/><D120/><U34/><E43/><N who="2" m="16459" /><F46/><W16/><G89/><T97/><D77/><U83/><E6/><N who="2" m="3255" /><F11/><W45/><G108/><T57/><D111/><U47/><E47/><V106/><F106/><W118/><G118/><T72/><D72/><U100/><E42/><V52/><F52/><W15/><G25/><T17/><D71/><U124/><E65/><V121/><F121/><W131/><G131/><T59/><D31/><U128/><E128/><V129/><F129/><W82/><G82/><T56/><D63/><U112/><E83/><V5/><F5/><W88/><G88/><AGARI ba="0,0" hai="21,24,29,80,87,88,93,94" m="3255,16459" machi="88" ten="30,2000,0" yaku="8,1,54,1" doraHai="48" who="2" fromWho="3" sc="290,0,100,0,265,20,345,-20" />
</Scene>
<Scene>
<INIT seed="4,0,0,3,1,107" ten="290,100,285,325" oya="0" hai0="90,133,120,99,126,46,119,112,15,11,60,52,78" hai1="29,87,48,13,81,30,62,17,19,75,35,80,50" hai2="3,77,42,100,96,128,102,27,76,21,2,6,41" hai3="18,22,7,131,71,92,116,57,37,61,4,104,33"/><T84/><D120/><U94/><E94/><V34/><F34/><W23/><G104/><T31/><D119/><U89/><E62/><V103/><F96/><W109/><G71/><T121/><D121/><U26/><E30/><V127/><F127/><W123/><G37/><T105/><D31/><U134/><E134/><V110/><F110/><W56/><G33/><T83/><D133/><U72/><E19/><V58/><F58/><W8/><G123/><T91/><D126/><U51/><REACH who="1" step="1"/><E81/><REACH who="1" ten="290,90,285,325" step="2"/><V111/><F111/><W114/><G92/><T49/><D60/><U10/><AGARI ba="0,1" hai="10,13,17,26,29,35,48,50,51,72,75,80,87,89" machi="10" ten="30,8000,1" yaku="1,1,2,1,0,1,52,2,53,0" doraHai="107" doraHaiUra="88" who="1" fromWho="1" sc="290,-40,90,90,285,-20,325,-20" />
</Scene>
<Scene>
<INIT seed="5,0,0,4,5,114" ten="250,180,265,305" oya="1" hai0="17,66,129,80,97,22,76,7,43,61,50,28,3" hai1="71,11,124,60,2,132,5,34,47,55,31,18,135" hai2="94,105,63,4,27,65,113,128,79,74,38,116,96" hai3="85,24,41,64,99,1,46,112,104,35,103,26,123"/><U101/><E101/><V83/><F38/><W29/><G1/><T108/><D108/><U48/><E124/><V52/><F113/><W37/><G112/><T36/><D129/><U78/><E78/><V56/><F128/><W39/><G123/><T120/><D120/><U98/><E98/><V45/><F116/><W134/><G134/><N who="1" m="51242" /><E18/><V16/><F105/><W68/><G68/><T89/><D97/><U127/><E127/><V53/><F4/><W110/><G110/><T77/><D17/><U49/><E49/><V118/><F118/><W121/><G121/><T57/><D50/><U126/><E126/><V117/><F117/><W72/><G64/><T106/><D76/><U75/><E75/><V58/><F45/><W12/><G72/><T30/><D77/><U67/><E31/><V90/><REACH who="2" step="1"/><F58/><REACH who="2" ten="250,180,255,305" step="2"/><W23/><G39/><T9/><D36/><U131/><E131/><V87/><F87/><W15/><G85/><T40/><D106/><U32/><AGARI ba="0,1" hai="2,5,11,32,34,47,48,55,60,67,71" m="51242" machi="32" ten="30,1500,0" yaku="20,1" doraHai="114" who="1" fromWho="1" sc="250,-5,180,25,255,-5,305,-5" />
</Scene>
<Scene>
<INIT seed="5,1,0,4,1,18" ten="245,205,250,300" oya="1" hai0="30,96,23,16,26,105,55,5,78,117,56,131,77" hai1="43,7,17,82,59,54,85,99,79,35,67,97,44" hai2="73,34,122,71,49,46,15,109,58,132,68,1,27" hai3="47,115,12,74,98,61,113,124,80,39,3,4,92"/><U110/><E35/><V118/><F1/><W93/><G124/><T104/><D117/><U116/><E116/><V9/><F73/><W126/><G126/><T65/><D131/><U76/><E7/><V20/><F34/><W40/><G12/><T94/><D5/><U108/><E67/><V112/><F118/><W48/><G48/><T11/><D105/><U28/><E28/><V135/><F58/><W125/><G125/><T102/><D104/><U95/><E76/><V21/><F109/><N who="1" m="42089" /><E17/><N who="2" m="8431" /><F122/><W120/><G120/><T25/><D65/><U0/><E0/><V52/><F112/><N who="3" m="43083" /><G61/><N who="0" m="35999" /><D11/><U42/><E44/><V127/><F127/><W38/><G38/><T129/><D129/><U53/><E53/><V72/><F72/><W70/><G70/><N who="2" m="26665" /><F27/><W83/><G74/><T10/><D10/><U107/><E107/><V62/><F62/><W103/><G3/><T66/><D66/><U29/><E29/><V63/><F63/><W13/><G4/><T50/><D50/><N who="1" m="31191" /><E99/><V51/><F51/><W86/><G98/><T24/><D24/><U31/><E31/><V6/><F6/><W89/><G39/><T111/><D111/><U81/><E81/><V134/><AGARI ba="1,0" hai="20,21,46,49,52,132,134,135" m="26665,8431" machi="134" ten="40,8000,1" yaku="20,1,52,2,54,1" doraHai="18" who="2" fromWho="2" sc="245,-21,205,-41,250,83,300,-21" />
</Scene>
<Scene>
<INIT seed="6,0,0,3,5,68" ten="224,164,333,279" oya="2" hai0="130,28,61,78,56,71,7,42,22,83,100,132,118" hai1="35,77,113,53,86,88,79,33,27,76,57,1,6" hai2="116,123,73,114,97,4,101,34,54,115,11,111,32" hai3="74,24,40,84,36,43,58,62,112,80,21,46,129"/><V51/><F73/><W94/><G74/><T16/><D71/><U3/><E113/><N who="2" m="43019" /><F123/><W128/><G112/><T10/><D132/><U120/><E120/><V82/><F82/><W102/><G102/><T109/><D109/><U135/><E135/><V103/><F103/><W92/><G43/><T13/><D130/><N who="3" m="50281" /><G94/><T133/><D133/><U55/><E55/><V19/><F19/><N who="3" m="12351" /><G92/><T125/><D100/><U63/><E6/><V47/><F116/><W39/><G46/><T85/><D118/><U105/><E105/><N who="2" m="63663" /><F111/><W104/><G40/><T48/><D42/><U72/><E72/><V107/><F107/><W49/><G49/><T67/><D48/><U59/><E59/><V70/><F70/><W14/><G14/><AGARI ba="0,0" hai="4,11,14,32,34,47,51,54" m="63663,43019" machi="14" ten="30,1500,0" yaku="15,1" doraHai="68" who="2" fromWho="3" sc="224,0,164,0,333,15,279,-15" />
</Scene>
<Scene>
<INIT seed="6,1,0,3,1,80" ten="224,164,348,264" oya="2" hai0="4,115,1,121,101,85,56,72,23,79,94,124,31" hai1="40,50,131,130,24,17,29,58,3,110,53,20,105" hai2="44,0,91,92,16,86,43,73,135,129,62,120,64" hai3="32,104,125,108,119,68,22,2,49,116,67,127,18"/><V26/><F73/><W52/><G104/><T114/><D121/><U54/><E105/><V102/><F0/><W109/><G32/><T118/><D124/><N who="3" m="47689" /><G2/><T126/><D126/><U106/><E106/><V14/><F26/><N who="3" m="14679" /><G67/><T69/><D69/><U12/><E110/><N who="3" m="42602" /><G68/><T84/><D1/><U82/><E3/><V15/><F64/><W30/><G30/><T89/><D118/><U112/><E112/><N who="0" m="43049" /><D101/><U33/><E40/><V5/><F102/><W113/><G113/><T45/><D4/><U13/><E13/><V36/><F14/><W61/><G61/><T128/><D128/><U90/><REACH who="1" step="1"/><E54/><REACH who="1" ten="224,154,348,264" step="2"/><V25/><F15/><W59/><AGARI ba="1,1" hai="49,52,59,116,119" m="42602,14679,47689" machi="59" ten="30,2000,0" yaku="18,1,54,1" doraHai="80" who="3" fromWho="3" sc="224,-6,154,-6,348,-11,264,33" />
</Scene>
<Scene>
<INIT seed="7,0,0,0,4,3" ten="218,148,337,297" oya="3" hai0="62,50,13,92,89,126,11,45,87,52,78,132,110" hai1="23,72,39,33,77,7,85,100,42,114,84,75,9" hai2="54,29,73,80,133,111,103,19,51,71,36,66,119" hai3="79,53,17,20,122,125,118,135,107,127,112,70,99"/><W56/><G70/><T14/><D110/><U130/><E33/><V113/><F36/><W28/><G122/><T83/><D132/><U91/><E114/><V10/><F119/><W58/><G118/><T22/><D126/><N who="3" m="48137" /><G112/><T25/><D62/><U105/><E130/><V37/><F37/><W95/><G135/><T82/><D11/><U120/><E120/><V1/><F29/><W131/><G107/><T68/><D68/><U57/><E23/><V0/><F103/><N who="3" m="60927" /><G131/><T69/><D69/><U21/><E21/><V16/><F71/><W4/><G79/><T98/><REACH who="0" step="1"/><D83/><REACH who="0" ten="208,148,337,297" step="2"/><U67/><E67/><V117/><F80/><W128/><G128/><T34/><D34/><U12/><E57/><V101/><F66/><W35/><G35/><T108/><D108/><U24/><E9/><V59/><F10/><W97/><G58/><T124/><D124/><U115/><E115/><V40/><F59/><W134/><G134/><T41/><D41/><U65/><E65/><V8/><F40/><W116/><G116/><T43/><D43/><U47/><E7/><V86/><F8/><W123/><G4/><T64/><D64/><U30/><E12/><V44/><F133/><W109/><G123/><T88/><D88/><U76/><E91/><V15/><F117/><W102/><G109/><T55/><D55/><U129/><E129/><V38/><F111/><W106/><G53/><T81/><D81/><N who="1" m="47151" /><E24/><V5/><F15/><N who="3" m="9279" /><G56/><T61/><D61/><U93/><E42/><V121/><F121/><W27/><G27/><T31/><AGARI ba="0,1" hai="13,14,22,25,31,45,50,52,78,82,87,89,92,98" machi="31" ten="20,12000,2" yaku="1,1,0,1,7,1,8,1,54,1,53,1" doraHai="3" doraHaiUra="48" who="0" fromWho="0" sc="208,130,148,-30,337,-30,297,-60" owari="338,43.0,118,-38.0,307,11.0,237,-16.0" />
</Scene>
</mjloggm>