<mjloggm ver="2.3"><GO type="193"/><UN n0="%66%75%6D%69%79%61%6E%34" n1="%7A%65%74%74%61" n2="%E5%A4%AA%E3%81%8F%E3%81%AA%E3%81%84%E3%81%8A" n3="%69%6D%61" dan="11,12,7,13" rate="1748,1728,1683,1713" sx="M,M,M,M"/><TAIKYOKU oya="0"/>

<Scene>
<INIT seed="0,0,0,3,2,86" ten="250,250,250,250" oya="0" hai0="9,33,36,52,125,130,123,2,22,113,49,90,104" hai1="101,7,93,103,38,121,66,78,114,12,43,25,77" hai2="94,61,58,106,85,100,118,83,134,15,42,62,1" hai3="87,71,13,64,129,89,23,26,56,95,3,120,44"/><T48/><D104/><U102/><E121/><V111/><F1/><W18/><G3/><T133/><D123/><U59/><E114/><V30/><F111/><W91/><G120/><T55/><D113/><U79/><E93/><V82/><F134/><W127/><G71/><T132/><D33/><U88/><E25/><V75/><F118/><W46/><G127/><T128/><D36/><U34/><E34/><V99/><F42/><W11/><G129/><N who="0" m="49771" /><D2/><U63/><E38/><V126/><F126/><W45/><G64/><T17/><D9/><U119/><E119/><V35/><F35/><W31/><G56/><N who="0" m="32775" /><D125/><U76/><E43/><V80/><F106/><W40/><G40/><T54/><D49/><U105/><E105/><V4/><F75/><W96/><G46/><T39/><D39/><U84/><N who="1" m="19968" /><DORA hai="19" /><U107/><E107/><V28/><F62/><W29/><G31/><T27/><D90/><U117/><E117/><V6/><F30/><W109/><G109/><T60/><D60/><U8/><REACH who="1" step="1"/><E103/><REACH who="1" ten="250,240,250,250" step="2"/><V110/><F110/><W21/><REACH who="3" step="1"/><G21/><REACH who="3" ten="250,240,250,240" step="2"/><T112/><D112/><U116/><E116/><V122/><F122/><W24/><G24/><T108/><D108/><U0/><E0/><V47/><F100/><W37/><G37/><T65/><D65/><U20/><E20/><V131/><F131/><W124/><G124/><T81/><D81/><AGARI ba="0,2" hai="11,13,18,23,26,29,44,45,81,87,89,91,95,96" machi="81" ten="30,12000,2" yaku="1,1,7,1,8,1,52,3,53,0" doraHai="86,19" doraHaiUra="67,68" who="3" fromWho="0" sc="250,-120,240,0,250,0,240,140" />
</Scene>
<Scene>
<INIT seed="1,0,0,5,4,53" ten="130,240,250,380" oya="1" hai0="121,34,16,81,36,8,40,64,33,127,93,39,48" hai1="31,105,67,5,101,94,11,116,69,78,57,55,4" hai2="128,21,32,90,107,126,51,92,30,83,120,37,54" hai3="89,61,49,108,86,123,42,99,13,59,62,77,46"/><U28/><E116/><V114/><F120/><W47/><G123/><T135/><D121/><U79/><E105/><V129/><F107/><W52/><G108/><T45/><D135/><U98/><E69/><V130/><F37/><W82/><G13/><T58/><D127/><U71/><E71/><V15/><F126/><W109/><G109/><T96/><D81/><U68/><E68/><V3/><F3/><W70/><G70/><T2/><D34/><U115/><E115/><V125/><F125/><W72/><G99/><T19/><D33/><U65/><E11/><V43/><F114/><W10/><G10/><T22/><D36/><U73/><E73/><V84/><F43/><W88/><G72/><T14/><D2/><U119/><E119/><V12/><F32/><W106/><G106/><T103/><D39/><U75/><E75/><V85/><F30/><N who="1" m="11305" /><E101/><V17/><F15/><W117/><G117/><T112/><D112/><U122/><E122/><V110/><F110/><W44/><G61/><N who="0" m="37943" /><D19/><U100/><E100/><V9/><F9/><AGARI ba="0,0" hai="8,9,14,16,22,40,45,48,93,96,103" m="37943" machi="9" ten="30,3900,0" yaku="8,1,52,1,54,1" doraHai="53" who="0" fromWho="2" sc="130,39,240,0,250,-39,380,0" />
</Scene>
<Scene>
<INIT seed="2,0,0,2,1,60" ten="169,240,211,380" oya="2" hai0="122,115,104,52,0,43,58,106,25,45,108,94,24" hai1="107,119,71,14,110,50,135,111,86,16,88,73,63" hai2="109,126,66,101,74,82,53,87,6,17,68,46,3" hai3="47,95,57,96,75,102,23,98,62,55,1,116,89"/><V127/><F74/><W54/><G1/><T85/><D122/><U9/><E119/><V31/><F31/><W134/><G75/><T10/><D115/><U7/><E135/><V48/><F101/><W13/><G134/><T90/><D108/><N who="1" m="41515" /><E73/><V59/><F109/><W83/><G116/><T40/><D106/><U12/><E107/><V91/><F68/><W133/><G83/><T34/><D104/><U51/><E71/><V113/><F113/><W32/><G32/><T41/><D34/><U118/><E118/><V65/><F17/><N who="3" m="10671" /><G133/><T100/><D0/><U15/><E63/><V42/><F6/><W131/><G131/><T22/><D10/><U81/><E15/><V21/><F21/><AGARI ba="0,0" hai="7,9,12,14,16,21,50,51,81,86,88" m="41515" machi="21" ten="30,3900,0" yaku="14,1,54,2" doraHai="60" who="1" fromWho="2" sc="169,0,240,39,211,-39,380,0" />
</Scene>
<Scene>
<INIT seed="3,0,0,4,4,75" ten="169,279,172,380" oya="3" hai0="29,34,62,102,109,17,4,93,63,37,104,115,85" hai1="21,40,61,30,131,51,95,60,108,33,98,114,76" hai2="107,121,2,6,32,56,80,36,125,26,92,77,57" hai3="20,42,35,22,66,12,69,103,47,64,78,16,124"/><W82/><G35/><T106/><D37/><U13/><E114/><V67/><F107/><W130/><G124/><T86/><D106/><U48/><E108/><V68/><F36/><W84/><G103/><T105/><D109/><U53/><E131/><V54/><F125/><W1/><G1/><T126/><D126/><U128/><E128/><V45/><F121/><W100/><G100/><T112/><D4/><U52/><E33/><V28/><F68/><W83/><G130/><T135/><D135/><U116/><E116/><V117/><F117/><W122/><G122/><T46/><D46/><U111/><E111/><V110/><F110/><W87/><G22/><T18/><D34/><U31/><E76/><V81/><F67/><W15/><G15/><T123/><D123/><U38/><E40/><V25/><F92/><W27/><G69/><T9/><D102/><U41/><E38/><V55/><F45/><W90/><G12/><T129/><D93/><U23/><E41/><V65/><F65/><W73/><G73/><T88/><D129/><U89/><E13/><V133/><F133/><W113/><G113/><T71/><D71/><U7/><E7/><V96/><F96/><W43/><G43/><T59/><D59/><N who="2" m="22602" /><F26/><W58/><G58/><T118/><D118/><U99/><E95/><V3/><F80/><W120/><G120/><T79/><D79/><U72/><E89/><V8/><F2/><W91/><G90/><T94/><D88/><U24/><E24/><V11/><F11/><W101/><G101/><T50/><D94/><U0/><E0/><V119/><F119/><RYUUKYOKU ba="0,0" sc="169,-30,279,10,172,10,380,10" hai1="21,23,30,31,48,51,52,53,60,61,72,98,99" hai2="3,6,8,25,28,32,54,55,77,81" hai3="16,20,27,42,47,64,66,78,82,83,84,87,91" />
</Scene>
<Scene>
<INIT seed="3,1,0,2,3,98" ten="139,289,182,390" oya="3" hai0="51,66,69,43,23,104,117,16,21,34,32,84,130" hai1="75,114,81,73,12,135,112,67,26,49,94,40,86" hai2="15,14,59,74,119,100,25,46,10,42,4,22,61" hai3="113,70,5,68,77,122,89,35,9,47,24,17,128"/><W105/><G122/><T60/><D117/><U13/><E135/><V63/><F119/><W127/><G105/><T129/><D104/><U48/><E67/><V92/><F74/><W8/><G77/><T72/><D72/><N who="1" m="27723" /><E40/><V65/><F61/><W97/><G113/><N who="1" m="43626" /><E94/><V55/><F55/><W53/><G127/><T133/><D133/><U27/><E81/><V0/><F42/><W38/><G128/><T124/><D124/><U116/><E116/><V50/><F50/><N who="1" m="19561" /><E86/><V83/><F83/><W101/><G35/><T30/><D84/><U125/><E125/><V90/><F46/><W28/><G38/><T96/><D34/><U121/><E121/><V107/><F107/><W19/><G89/><T85/><D85/><U134/><E134/><V3/><F3/><W115/><G115/><T106/><D130/><U18/><E18/><V7/><F90/><W109/><G109/><T87/><D87/><U64/><E64/><V99/><REACH who="2" step="1"/><F7/><REACH who="2" ten="139,289,172,390" step="2"/><W91/><G91/><T58/><D129/><U71/><E71/><V2/><F2/><W11/><G68/><T108/><D108/><U54/><E54/><V131/><F131/><W57/><G70/><T118/><D118/><U56/><E56/><V29/><AGARI ba="1,1" hai="0,4,10,14,15,22,25,29,59,63,65,92,99,100" machi="29" ten="20,12000,2" yaku="1,1,0,1,7,1,25,2,52,1,53,0" doraHai="98" doraHaiUra="102" who="2" fromWho="2" sc="139,-31,289,-31,172,133,390,-61" owari="108,-39.0,258,-14.0,305,11.0,329,42.0" />
</Scene>
</mjloggm>