<mjloggm ver="2.3"><GO type="41"/><UN n0="%E6%9C%88%E5%8F%8B" n1="%E9%BB%92%E7%B8%81%E7%9C%BC%E9%8F%A1" n2="%E3%81%AF%E3%81%98%E3%82%81%E3%81%A1%E3%82%83%E3%82%93" n3="%E5%A4%AA%E3%81%8F%E3%81%AA%E3%81%84%E3%81%8A" dan="14,14,14,15" rate="1862,1909,1872,2060" sx="M,M,M,M"/><TAIKYOKU oya="0"/>

<Scene>
<INIT seed="0,0,0,5,0,101" ten="250,250,250,250" oya="0" hai0="84,98,43,66,134,25,108,93,26,124,7,100,33" hai1="22,120,127,112,126,132,16,29,131,65,5,74,60" hai2="79,128,17,0,42,18,32,83,78,41,68,92,82" hai3="40,10,52,37,121,44,119,20,123,107,19,87,90"/><T76/><D43/><U105/><E120/><N who="3" m="46154" /><G119/><T27/><D7/><U11/><E74/><V57/><F68/><W49/><G10/><T122/><D122/><U77/><E77/><V56/><F32/><W38/><G40/><T67/><D134/><U102/><E132/><V85/><F92/><N who="3" m="54367" /><G107/><T2/><D2/><U47/><E47/><V1/><REACH who="2" step="1"/><F85/><REACH who="2" ten="250,250,240,250" step="2"/><W48/><G48/><T135/><D33/><U13/><E112/><V91/><F91/><W61/><G61/><T31/><D135/><U51/><E51/><V8/><F8/><W35/><G35/><T89/><D31/><U109/><E131/><AGARI ba="0,1" hai="0,1,17,18,41,42,56,57,78,79,82,83,128,131" machi="131" ten="25,8000,1" yaku="1,1,22,2,53,2" doraHai="101" doraHaiUra="125" who="2" fromWho="1" sc="250,0,250,-80,240,90,250,0" />
</Scene>
<Scene>
<INIT seed="1,0,0,0,5,102" ten="250,170,330,250" oya="1" hai0="129,121,88,32,82,8,106,41,122,77,10,94,115" hai1="85,42,78,27,16,31,34,70,48,123,38,20,62" hai2="105,86,114,13,100,57,84,133,4,89,64,112,5" hai3="18,19,73,117,0,132,56,45,126,113,101,39,76"/><U37/><E123/><V30/><F133/><W40/><G113/><N who="2" m="43625" /><F30/><W95/><G132/><T87/><D115/><U25/><E48/><V124/><F124/><W75/><G126/><T44/><D32/><U33/><E34/><V135/><F86/><W66/><G117/><T116/><D116/><U1/><E1/><V71/><F71/><W15/><G0/><T104/><D129/><U54/><E54/><V79/><F79/><W120/><G76/><T49/><D10/><U23/><E33/><V131/><F131/><W134/><G120/><N who="0" m="46187" /><D8/><U58/><E70/><V17/><F64/><W51/><G134/><T9/><D9/><U22/><E85/><AGARI ba="0,0" hai="41,44,49,77,82,85,87,88,94,104,106" m="46187" machi="85" ten="30,7700,0" yaku="13,1,52,2,54,1" doraHai="102" who="0" fromWho="1" sc="250,77,170,-77,330,0,250,0" />
</Scene>
<Scene>
<INIT seed="2,0,0,5,5,92" ten="327,93,330,250" oya="2" hai0="17,117,22,0,6,8,125,93,65,112,84,26,129" hai1="36,135,28,15,10,67,58,83,82,14,118,81,114" hai2="104,62,73,2,106,96,12,59,94,107,38,61,128" hai3="25,105,110,9,40,57,45,27,80,85,21,78,116"/><V29/><F38/><W111/><G116/><T24/><D65/><U60/><E36/><V124/><F73/><W97/><G57/><T122/><D122/><U48/><E118/><V35/><F2/><W54/><G54/><T120/><D120/><U43/><E114/><V98/><F124/><W11/><G105/><T133/><D125/><U66/><E135/><V34/><F29/><N who="3" m="17583" /><G27/><T71/><D71/><U126/><E126/><V91/><F12/><W108/><G97/><T32/><D133/><U55/><E28/><V30/><F30/><W18/><G18/><T63/><D32/><U130/><E130/><V115/><F128/><W109/><N who="3" m="27648" /><DORA hai="101" /><W53/><G53/><T131/><D26/><U99/><E43/><V46/><F46/><W51/><AGARI ba="0,0" hai="9,11,40,45,51,78,80,85" m="27648,17583" machi="51" ten="60,2000,0" yaku="14,1" doraHai="92,101" who="3" fromWho="3" sc="327,-5,93,-5,330,-10,250,20" />
</Scene>
<Scene>
<INIT seed="3,0,0,2,0,95" ten="322,88,320,270" oya="3" hai0="81,114,31,126,64,4,62,97,88,46,48,56,49" hai1="77,108,70,85,60,118,116,111,120,71,119,40,20" hai2="135,68,43,129,123,84,53,8,42,30,38,124,127" hai3="47,103,99,63,28,79,94,52,7,5,18,100,67"/><W10/><G79/><T107/><D126/><U73/><E73/><V44/><F30/><W80/><G80/><T45/><D4/><U125/><E125/><N who="2" m="48203" /><F8/><W22/><G103/><T32/><D107/><U72/><E72/><V12/><F12/><N who="3" m="7447" /><G67/><T17/><D32/><U24/><E40/><N who="2" m="22551" /><F84/><W132/><G132/><T13/><D31/><N who="1" m="17799" /><E85/><V92/><F92/><W3/><G3/><T130/><D130/><U25/><E25/><V66/><F129/><W36/><G36/><T87/><D114/><U122/><E77/><V89/><F89/><W131/><G131/><T110/><D110/><N who="1" m="42027" /><E60/><N who="2" m="40007" /><F135/><W54/><G28/><T39/><D39/><U61/><E61/><V2/><F2/><W34/><G34/><T133/><D133/><U86/><E86/><V26/><F26/><W113/><G113/><T128/><D128/><U11/><E11/><V83/><F83/><W105/><G105/><T29/><D29/><U59/><E122/><V6/><F6/><W37/><G37/><T58/><D87/><U90/><E90/><V51/><F123/><W0/><G0/><T101/><D101/><U9/><E120/><V75/><F75/><W69/><G22/><T106/><D106/><U115/><E115/><V109/><F109/><W14/><G14/><T65/><D13/><U15/><E118/><V117/><F117/><W112/><G112/><T104/><D104/><U27/><E119/><V23/><F23/><W33/><G33/><T16/><D81/><U78/><E116/><V82/><F82/><W96/><G5/><T55/><D17/><U21/><E15/><V121/><F121/><RYUUKYOKU ba="0,0" sc="322,-10,88,-10,320,30,270,-10" hai2="42,43,51,53" />
</Scene>
<Scene>
<INIT seed="4,1,0,5,3,2" ten="312,78,350,260" oya="0" hai0="125,135,72,86,62,103,23,114,104,52,66,27,40" hai1="75,105,44,8,97,28,79,82,100,57,13,61,33" hai2="116,46,87,14,90,115,74,134,3,7,107,102,50" hai3="69,18,17,5,113,21,34,39,16,25,1,110,12"/><T0/><D72/><U81/><E44/><V9/><F74/><W91/><G69/><T109/><D40/><U42/><E42/><V71/><F71/><W64/><G64/><T65/><D0/><U67/><E82/><V10/><F116/><W130/><G39/><T53/><D109/><U93/><E28/><V127/><F134/><W30/><G110/><T132/><D125/><U35/><REACH who="1" step="1"/><E93/><REACH who="1" ten="312,68,350,260" step="2"/><V89/><F127/><W59/><G130/><T37/><D132/><U6/><AGARI ba="1,1" hai="6,8,13,33,35,57,61,67,75,79,81,97,100,105" machi="6" ten="20,8000,1" yaku="1,1,2,1,0,1,7,1,52,1,53,0" doraHai="2" doraHaiUra="45" who="1" fromWho="1" sc="312,-41,68,93,350,-21,260,-21" />
</Scene>
<Scene>
<INIT seed="5,0,0,0,0,47" ten="271,161,329,239" oya="1" hai0="48,35,119,23,62,98,118,113,94,50,91,127,130" hai1="81,7,82,80,83,17,111,13,59,88,124,65,22" hai2="37,56,9,125,55,53,108,54,58,1,11,63,49" hai3="103,33,38,4,66,69,5,32,78,3,121,120,42"/><U40/><E124/><V92/><F37/><W60/><G5/><T89/><D35/><N who="3" m="13385" /><G103/><T122/><D127/><U112/><E112/><V85/><F125/><W61/><G61/><T110/><D110/><U30/><E40/><V135/><F108/><W64/><G64/><T46/><D113/><U36/><E36/><V106/><F106/><W0/><G78/><T12/><D130/><U14/><E111/><V24/><F135/><W73/><G73/><T133/><D133/><U19/><E30/><V44/><F1/><N who="3" m="587" /><G4/><T57/><D91/><U31/><E31/><V18/><F92/><W74/><G74/><T129/><D129/><U123/><E7/><V93/><F93/><W97/><G97/><T101/><D101/><U131/><E131/><V126/><F85/><W102/><G102/><T20/><D122/><U90/><N who="1" m="20480" /><DORA hai="39" /><U10/><REACH who="1" step="1"/><E123/><REACH who="1" ten="271,151,329,239" step="2"/><V71/><F126/><W107/><G121/><T41/><D118/><U87/><E87/><V104/><F104/><W116/><G120/><T109/><D109/><U134/><E134/><V95/><F95/><W68/><G107/><T27/><D119/><U105/><E105/><V8/><F71/><N who="3" m="42439" /><G116/><T51/><D12/><U52/><E52/><N who="2" m="20075" /><F18/><W128/><G128/><T132/><D132/><U2/><E2/><V16/><F63/><AGARI ba="0,1" hai="10,13,14,17,19,22,59,63,65,88,90" m="20480" machi="63" ten="50,9600,0" yaku="1,1,8,1,54,1,53,0" doraHai="47,39" doraHaiUra="72,70" who="1" fromWho="2" sc="271,0,151,106,329,-96,239,0" />
</Scene>
<Scene>
<INIT seed="5,1,0,4,2,11" ten="271,257,233,239" oya="1" hai0="109,69,67,16,53,71,13,8,123,92,97,100,91" hai1="119,7,74,87,113,57,28,15,25,122,48,96,47" hai2="110,50,32,88,112,118,90,54,98,24,43,31,45" hai3="36,116,35,49,104,40,84,124,52,55,9,68,12"/><U62/><E119/><V86/><F110/><W82/><G104/><T94/><D109/><U19/><E74/><V20/><F118/><W59/><G68/><T29/><D123/><U126/><E126/><V23/><F112/><W131/><G35/><T79/><D79/><U56/><E113/><V6/><F6/><N who="3" m="3127" /><G36/><T18/><D29/><U60/><E7/><V4/><F4/><W46/><G116/><T127/><D127/><U103/><E87/><V135/><F135/><W1/><G1/><T64/><D53/><N who="1" m="29855" /><E25/><V81/><F43/><W51/><G131/><T63/><D67/><N who="1" m="39303" /><E28/><V111/><F111/><W37/><G37/><T106/><D106/><U80/><E80/><V95/><AGARI ba="1,0" hai="20,23,24,31,32,45,50,54,81,86,88,90,95,98" machi="95" ten="30,2000,0" yaku="0,1,54,1" doraHai="11" who="2" fromWho="2" sc="271,-6,257,-11,233,23,239,-6" />
</Scene>
<Scene>
<INIT seed="6,0,0,2,1,109" ten="265,246,256,233" oya="2" hai0="115,91,27,101,79,134,130,45,37,57,60,120,105" hai1="107,30,65,61,125,1,103,100,18,17,110,36,10" hai2="111,118,81,90,5,73,28,2,46,41,95,34,74" hai3="124,15,51,128,77,88,6,67,14,25,42,117,8"/><V78/><F118/><W126/><G117/><T31/><D120/><U16/><E36/><V49/><F111/><W66/><G128/><T12/><D79/><U112/><E110/><V23/><F34/><W26/><G77/><T114/><D130/><U11/><E112/><N who="0" m="43049" /><D134/><U40/><E40/><V7/><F73/><W71/><G71/><T106/><D12/><U22/><E125/><N who="3" m="48234" /><G15/><T80/><D101/><U129/><E107/><V64/><F64/><N who="3" m="24619" /><G88/><T35/><D37/><U92/><E100/><V70/><F70/><W93/><G93/><T9/><D9/><U131/><E131/><V104/><F2/><W132/><G132/><T99/><D45/><AGARI ba="0,0" hai="6,8,14,25,26,42,45,51" m="24619,48234" machi="45" ten="30,1000,0" yaku="18,1" doraHai="109" who="3" fromWho="0" sc="265,-10,246,0,256,0,233,10" />
</Scene>
<Scene>
<INIT seed="7,0,0,1,3,44" ten="255,246,256,243" oya="3" hai0="107,7,15,41,63,58,36,103,59,124,74,4,49" hai1="40,10,102,109,48,47,50,32,90,79,12,39,134" hai2="8,33,135,60,115,25,26,35,0,70,46,3,68" hai3="119,84,28,56,95,24,65,2,125,62,64,29,120"/><W130/><G120/><T20/><D36/><U133/><E109/><V117/><F115/><W104/><G119/><T85/><D74/><U112/><E32/><V75/><F75/><W96/><G2/><T129/><D129/><U105/><E112/><V61/><F46/><W1/><G1/><T54/><D124/><U122/><E79/><V53/><F135/><N who="1" m="51721" /><E90/><V78/><F78/><W69/><G130/><T97/><D85/><U73/><E73/><V9/><REACH who="2" step="1"/><F53/><REACH who="2" ten="255,246,246,243" step="2"/><N who="3" m="34063" /><G125/><T83/><D83/><U127/><E127/><V57/><F57/><W66/><G69/><T111/><D111/><U81/><E122/><V71/><F71/><W91/><G104/><T13/><D41/><U123/><E81/><V82/><F82/><N who="3" m="49559" /><G24/><T18/><REACH who="0" step="1"/><D15/><REACH who="0" ten="245,246,246,243" step="2"/><U23/><E123/><V94/><F94/><W100/><AGARI ba="0,2" hai="28,29,64,65,66,95,96,100" m="49559,34063" machi="100" ten="30,1500,0" yaku="8,1" doraHai="44" who="3" fromWho="3" sc="245,-5,246,-5,246,-5,243,35" />
</Scene>
<Scene>
<INIT seed="7,1,0,3,3,80" ten="240,241,241,278" oya="3" hai0="35,98,106,48,65,75,2,20,47,97,83,70,39" hai1="124,93,120,128,34,26,58,68,22,127,88,104,76" hai2="74,54,51,64,42,95,103,108,15,92,21,119,10" hai3="9,135,91,24,52,46,38,11,45,131,50,87,62"/><W23/><G131/><T66/><D2/><U115/><E120/><V86/><F74/><W89/><G135/><T123/><D39/><U132/><E104/><V112/><F108/><W55/><G38/><T122/><D35/><U60/><E68/><V102/><F64/><W114/><G114/><T67/><D70/><U19/><E115/><V18/><F112/><W30/><G91/><T82/><D82/><U100/><E100/><V117/><F117/><W105/><G105/><T28/><D106/><U8/><E8/><V41/><F119/><W6/><G6/><T14/><D75/><U43/><E43/><V4/><F95/><N who="3" m="54719" /><G46/><T61/><D61/><U5/><E5/><V77/><F103/><W40/><G40/><T96/><D83/><U12/><E76/><V17/><F102/><W27/><G27/><T7/><D28/><U53/><E132/><V134/><F134/><W3/><G3/><T69/><D69/><U110/><E128/><V79/><F41/><W72/><G72/><T16/><REACH who="0" step="1"/><D7/><REACH who="0" ten="230,241,241,278" step="2"/><U107/><E107/><V78/><F4/><W44/><G62/><T49/><D49/><AGARI ba="1,1" hai="9,11,23,24,30,44,45,49,50,52,55" m="54719" machi="49" ten="30,5800,0" yaku="8,1,52,1,54,1" doraHai="80" who="3" fromWho="0" sc="230,-61,241,0,241,0,278,71" owari="169,-33.0,241,4.0,241,-16.0,349,45.0" />
</Scene>
</mjloggm>