<mjloggm ver="2.3"><GO type="169"/><UN n0="%E3%82%B9%E3%83%BC%E3%83%8B" n1="%E5%A4%AA%E3%81%8F%E3%81%AA%E3%81%84%E3%81%8A" n2="%E3%81%A1%E3%81%8F%E3%81%8D" n3="%E3%81%B5%E3%81%8B%E3%81%BF" dan="16,17,18,17" rate="2123,2176,2171,2166" sx="M,M,M,F"/><TAIKYOKU oya="0"/>

<Scene>
<INIT seed="0,0,0,2,5,115" ten="250,250,250,250" oya="0" hai0="1,75,29,41,96,80,110,37,22,12,120,84,58" hai1="90,56,76,42,62,67,97,102,82,101,89,124,28" hai2="54,64,112,123,95,34,117,59,73,107,32,35,47" hai3="69,111,9,91,127,134,2,78,46,23,3,6,121"/><T66/><D1/><N who="3" m="9" /><G69/><T86/><D120/><U106/><E124/><V51/><F123/><W116/><G78/><T4/><D75/><U68/><E42/><V25/><F112/><W63/><G63/><T87/><D110/><U55/><E101/><V98/><F73/><W53/><G91/><T13/><D37/><U135/><E135/><V103/><F107/><W92/><G127/><T104/><D41/><U72/><REACH who="1" step="1"/><E28/><REACH who="1" ten="250,240,250,250" step="2"/><V43/><F43/><W133/><G134/><T93/><D104/><U118/><E118/><V114/><F117/><W39/><G116/><T38/><D38/><U65/><E65/><V129/><F114/><W83/><G39/><T50/><D29/><U15/><E15/><V70/><F64/><W17/><G133/><T44/><D13/><U27/><E27/><V122/><F25/><W18/><G121/><T26/><D26/><U130/><E130/><V108/><F122/><W119/><G119/><T57/><D66/><U125/><E125/><V30/><F129/><W99/><G111/><T109/><D109/><U74/><E74/><V16/><F108/><W94/><G53/><T128/><D128/><U33/><E33/><V24/><F24/><W45/><G6/><T49/><D4/><U0/><E0/><V19/><F30/><W52/><G52/><T7/><D7/><U20/><E20/><V14/><F34/><W60/><G23/><T71/><D22/><U131/><E131/><V88/><F35/><W21/><G21/><T81/><D12/><U48/><AGARI ba="0,1" hai="48,55,56,62,67,68,72,76,82,89,90,97,102,106" machi="48" ten="20,2700,0" yaku="1,1,0,1,7,1,53,0" doraHai="115" doraHaiUra="113" who="1" fromWho="1" sc="250,-13,240,37,250,-7,250,-7" />
</Scene>
<Scene>
<INIT seed="1,0,0,4,0,54" ten="237,277,243,243" oya="1" hai0="64,72,70,94,22,91,68,133,58,57,46,121,75" hai1="61,123,62,12,106,52,111,81,105,89,92,122,44" hai2="21,65,77,129,23,134,53,76,103,37,63,60,128" hai3="131,118,135,14,25,113,41,127,107,115,78,85,109"/><U48/><E111/><V5/><F37/><W74/><G109/><T55/><D46/><U90/><E106/><V71/><F134/><W16/><G107/><T66/><D133/><U4/><E105/><V35/><F35/><W49/><G135/><T6/><D6/><U82/><E122/><V43/><F43/><W2/><G2/><T19/><D121/><U130/><E123/><V97/><F5/><W93/><G74/><T119/><D119/><U32/><E32/><V108/><F108/><W69/><G69/><T86/><D75/><U3/><E3/><V7/><F7/><W101/><G25/><T87/><D72/><U0/><E0/><V95/><F63/><N who="1" m="24073" /><E130/><N who="2" m="50283" /><F53/><W27/><G131/><T39/><D39/><U56/><E44/><V104/><F104/><W124/><G118/><T28/><D28/><U126/><E126/><N who="3" m="48170" /><G115/><T24/><D70/><U102/><E102/><V11/><F11/><N who="3" m="6239" /><G101/><T29/><D68/><U20/><E4/><V51/><F51/><W80/><G113/><T42/><D42/><U99/><E89/><V13/><F13/><W114/><G114/><T59/><D59/><BYE who="0" /><U10/><E10/><V47/><F47/><N who="3" m="25839" /><G27/><UN n0="%E3%82%B9%E3%83%BC%E3%83%8B" /><T9/><D9/><U96/><E12/><V31/><F76/><W88/><G78/><T116/><D116/><U26/><E99/><V38/><F77/><W50/><G50/><T84/><D29/><AGARI ba="0,0" hai="20,26,29,48,52,56,81,82,90,92,96" m="24073" machi="29" ten="30,5800,0" yaku="8,1,52,1,54,1" doraHai="54" who="1" fromWho="0" sc="237,-58,277,58,243,0,243,0" />
</Scene>
<Scene>
<INIT seed="1,1,0,0,5,78" ten="179,335,243,243" oya="1" hai0="47,117,69,18,112,0,103,94,20,54,125,88,123" hai1="73,48,83,119,19,65,89,2,115,13,79,102,55" hai2="44,126,33,75,64,14,121,127,92,35,90,96,128" hai3="114,60,3,58,27,45,76,66,110,68,59,24,43"/><U87/><E119/><V51/><F121/><W113/><G3/><T28/><D69/><U77/><E115/><N who="3" m="44042" /><G76/><T135/><D0/><U130/><E2/><V107/><F75/><W116/><G24/><T62/><D117/><U67/><E130/><V74/><F74/><W40/><G27/><T17/><D112/><U81/><E102/><V56/><F128/><W111/><G116/><T85/><D123/><U21/><REACH who="1" step="1"/><E79/><REACH who="1" ten="179,325,243,243" step="2"/><V42/><F127/><W82/><G111/><T71/><D125/><U131/><E131/><V63/><F126/><W124/><G124/><T52/><D103/><U9/><E9/><V129/><F129/><W61/><G110/><T1/><D1/><U70/><E70/><V15/><F107/><W8/><G8/><T108/><D71/><U23/><E23/><V6/><F35/><W95/><G68/><T29/><D108/><U97/><E97/><V38/><F33/><W46/><G95/><T41/><D20/><U133/><E133/><V84/><F92/><W80/><G80/><T32/><D32/><U105/><E105/><V36/><F96/><W39/><G82/><T31/><D135/><U100/><E100/><V93/><F93/><W98/><G98/><T22/><D22/><U4/><E4/><V101/><F6/><W120/><G120/><T25/><D25/><U50/><E50/><V16/><F101/><W11/><G11/><T49/><D62/><N who="3" m="24169" /><G66/><T30/><N who="0" m="7168" /><DORA hai="72" /><T91/><REACH who="0" step="1"/><D91/><REACH who="0" ten="169,325,243,243" step="2"/><U118/><E118/><V10/><F14/><W37/><AGARI ba="1,2" hai="37,39,40,43,45,46,58,59" m="24169,44042" machi="37" ten="30,2000,0" yaku="34,2" doraHai="78,72" who="3" fromWho="3" sc="169,-6,325,-11,243,-6,243,43" />
</Scene>
<Scene>
<INIT seed="2,0,0,4,2,42" ten="163,314,237,286" oya="2" hai0="127,81,128,21,0,5,32,60,78,33,37,50,67" hai1="117,52,64,16,126,83,28,135,73,80,49,1,86" hai2="18,96,6,95,34,88,24,44,89,19,17,121,84" hai3="15,77,26,20,57,40,14,9,91,109,41,85,53"/><V72/><F121/><W39/><G77/><T118/><D37/><U66/><E117/><V100/><F72/><W65/><G65/><T97/><D118/><U105/><E1/><V130/><F130/><W27/><G109/><T58/><D128/><U103/><E28/><V79/><F6/><N who="3" m="3383" /><G39/><T108/><D108/><U3/><E3/><V116/><F116/><W8/><G40/><T25/><D127/><U76/><E126/><V2/><F2/><W31/><G27/><T129/><D129/><U132/><E103/><V38/><F34/><W4/><G41/><T133/><D133/><N who="1" m="51275" /><E105/><V93/><F38/><W46/><G46/><T104/><D50/><U62/><E62/><V12/><F44/><W69/><G69/><T124/><D124/><U87/><E16/><N who="2" m="6251" /><F24/><W98/><G98/><T115/><D0/><U22/><E22/><N who="2" m="11623" /><F79/><W131/><G131/><T11/><D78/><N who="1" m="46455" /><E73/><V30/><F30/><W68/><G68/><T54/><D33/><U107/><E107/><V122/><F122/><W7/><G7/><T45/><D32/><U106/><E106/><V111/><F111/><W71/><G71/><T113/><D104/><U101/><E101/><AGARI ba="0,0" hai="84,88,89,93,95,96,100,101" m="11623,6251" machi="101" ten="30,5800,0" yaku="8,1,54,2" doraHai="42" who="2" fromWho="1" sc="163,0,314,-58,237,58,286,0" />
</Scene>
<Scene>
<INIT seed="2,1,0,4,2,8" ten="163,256,295,286" oya="2" hai0="113,21,46,9,31,84,135,54,64,4,111,69,56" hai1="130,10,38,119,105,25,99,58,0,23,33,59,27" hai2="63,86,17,48,42,13,68,3,106,82,125,75,7" hai3="49,121,122,36,102,95,67,73,11,41,76,131,53"/><V85/><F106/><W120/><G131/><T66/><D113/><U28/><E119/><V101/><F101/><W62/><G95/><T96/><D135/><U35/><E38/><V104/><F104/><W94/><G94/><T20/><D111/><U55/><E130/><V18/><F3/><W1/><G102/><T92/><D84/><U6/><E105/><V34/><F34/><W87/><G87/><T71/><D46/><U15/><E99/><V80/><F75/><W77/><G73/><T65/><D69/><U78/><E78/><N who="2" m="46231" /><F63/><W81/><G81/><T107/><D71/><U110/><E110/><V97/><F97/><W30/><G1/><T100/><D107/><U26/><E58/><V134/><F68/><N who="3" m="42103" /><G77/><T32/><D32/><N who="1" m="12363" /><E59/><V70/><F70/><W52/><G76/><T44/><D44/><U72/><E72/><V116/><F116/><W5/><G36/><T90/><D31/><U2/><E55/><V112/><F112/><W109/><G30/><T89/><D100/><U39/><E39/><V16/><F134/><W29/><G29/><T123/><D90/><U43/><E43/><V37/><F37/><W115/><G109/><T24/><D24/><AGARI ba="1,0" hai="0,2,6,10,15,23,24,25,26,27,28" m="12363" machi="24" ten="30,12000,2" yaku="35,5,52,1" doraHai="8" who="1" fromWho="0" sc="163,-123,256,123,295,0,286,0" />
</Scene>
<Scene>
<INIT seed="3,0,0,1,4,113" ten="40,379,295,286" oya="3" hai0="0,3,4,50,8,109,117,114,29,39,17,78,98" hai1="71,59,108,16,14,53,120,101,116,42,130,41,104" hai2="5,100,62,36,84,132,105,103,82,52,123,60,6" hai3="38,30,11,65,89,7,134,86,15,45,68,118,76"/><W73/><G134/><T77/><D39/><U85/><E120/><V13/><F36/><W28/><G73/><T20/><D109/><U83/><E71/><V124/><F132/><W91/><G76/><T110/><D110/><U47/><E108/><V43/><F43/><W111/><G111/><T96/><D3/><U102/><E130/><V74/><F74/><W56/><G68/><T21/><D114/><U9/><E116/><V121/><F124/><W81/><G118/><T95/><D117/><U57/><E57/><N who="2" m="34855" /><F62/><N who="3" m="38087" /><G38/><T27/><D50/><N who="1" m="26999" /><E41/><V55/><F55/><W64/><G64/><T48/><D48/><N who="1" m="31143" /><E104/><V80/><F105/><W54/><G91/><AGARI ba="0,0" hai="9,14,16,83,85,91,101,102" m="31143,26999" machi="91" ten="30,2000,0" yaku="8,1,54,1" doraHai="113" who="1" fromWho="3" sc="40,0,379,20,295,0,286,-20" />
</Scene>
<Scene>
<INIT seed="4,0,0,2,2,111" ten="40,399,295,266" oya="0" hai0="38,46,80,89,105,130,115,57,5,96,120,123,88" hai1="61,60,110,90,13,15,64,78,85,37,45,133,35" hai2="18,68,91,20,83,12,58,10,1,47,98,124,77" hai3="56,125,117,95,31,73,101,70,128,24,9,43,93"/><T82/><D5/><U52/><E110/><V23/><F68/><W86/><G70/><T29/><D29/><U76/><E35/><V92/><F124/><W39/><G73/><T67/><D130/><U42/><E133/><V28/><F1/><W11/><G125/><T4/><D4/><U104/><E104/><V71/><F71/><W50/><G39/><T62/><D115/><U116/><E116/><V131/><F131/><W100/><G117/><T102/><D82/><U94/><E61/><V21/><F47/><N who="3" m="25983" /><G56/><T14/><D14/><U108/><E108/><V132/><F132/><W103/><G86/><T109/><D109/><U0/><E0/><V40/><F40/><W8/><G128/><T51/><D38/><U26/><E26/><V41/><F41/><W55/><G55/><T84/><REACH who="0" step="1"/><D89/><REACH who="0" ten="30,399,295,266" step="2"/><U65/><E13/><V3/><F28/><W129/><G129/><T118/><D118/><U48/><E15/><V122/><F3/><W19/><G31/><T75/><D75/><U99/><E37/><V121/><F83/><W81/><G81/><T135/><D135/><U119/><E119/><V97/><F77/><W134/><G134/><T126/><D126/><U74/><E74/><V87/><F10/><W63/><G8/><T34/><D34/><U33/><E33/><V7/><F7/><W106/><G9/><T114/><D114/><U16/><E78/><V54/><F21/><W66/><G11/><T69/><D69/><U113/><E113/><V30/><F23/><W17/><G24/><T27/><D27/><U22/><E76/><V127/><F20/><RYUUKYOKU ba="0,1" sc="30,30,399,-10,295,-10,266,-10" hai0="46,51,57,62,67,80,84,88,96,102,105,120,123" />
</Scene>
<Scene>
<INIT seed="4,1,1,5,3,109" ten="60,389,285,256" oya="0" hai0="131,72,44,6,30,121,60,66,36,24,58,34,125" hai1="5,4,76,99,2,1,71,57,115,18,55,50,116" hai2="40,117,43,14,98,69,21,62,97,38,63,23,10" hai3="89,111,80,64,75,105,52,94,42,8,25,9,15"/><T54/><D72/><U70/><E116/><V68/><F117/><W103/><G111/><T32/><D121/><U104/><E76/><V96/><F69/><W107/><G64/><T79/><D79/><U48/><E18/><V127/><F127/><W128/><G42/><N who="2" m="15913" /><F68/><W133/><G133/><T0/><D125/><U113/><E99/><V126/><F38/><W11/><G128/><T41/><D131/><U67/><E104/><V22/><F126/><W39/><G39/><T61/><D6/><AGARI ba="1,1" hai="6,10,14,21,22,23,62,63,96,97,98" m="15913" machi="6" ten="30,1000,0" yaku="8,1" doraHai="109" who="2" fromWho="0" sc="60,-13,389,0,285,23,256,0" />
</Scene>
<Scene>
<INIT seed="5,0,0,4,0,26" ten="47,389,308,256" oya="1" hai0="120,38,61,68,78,112,90,114,97,70,130,59,110" hai1="92,28,83,37,57,58,91,87,48,12,133,84,8" hai2="98,80,131,3,69,103,15,107,29,72,27,23,128" hai3="46,60,17,50,14,111,53,125,134,62,85,35,75"/><U132/><E37/><V86/><F3/><W65/><G75/><T79/><D38/><U55/><E58/><V105/><F69/><W49/><G111/><T101/><D110/><U43/><E43/><V129/><F72/><W99/><G134/><N who="1" m="51818" /><E28/><V30/><F15/><W117/><G125/><T77/><D90/><N who="1" m="53343" /><E12/><V36/><F36/><W22/><G117/><T4/><D4/><U106/><E8/><V41/><F41/><W18/><G35/><T89/><D89/><U24/><E24/><N who="2" m="16543" /><F98/><W115/><G99/><T96/><D96/><U33/><E106/><V109/><F103/><W56/><G115/><T102/><D102/><U95/><E33/><N who="2" m="20703" /><F109/><W13/><G85/><T9/><D9/><U122/><E122/><V20/><F20/><W21/><REACH who="3" step="1"/><G46/><REACH who="3" ten="47,389,308,246" step="2"/><T32/><D32/><U7/><E84/><V119/><F119/><W39/><G39/><T45/><D45/><U2/><E83/><V74/><F74/><W0/><G0/><T113/><D120/><U82/><E82/><V81/><F81/><W34/><G34/><T100/><D97/><U63/><E2/><V52/><F86/><W127/><G127/><T121/><D121/><U11/><E91/><V123/><F80/><W6/><G6/><T66/><D101/><U47/><E95/><V67/><F123/><W40/><G40/><T16/><D100/><U135/><E135/><V88/><F88/><W54/><G54/><T76/><N who="0" m="19456" /><DORA hai="51" /><T93/><D114/><U25/><E7/><V118/><F118/><W108/><G108/><T124/><D113/><U73/><E73/><V71/><F52/><RYUUKYOKU ba="0,1" sc="47,-15,389,-15,308,15,246,15" hai2="67,71,105,107,128,129,131" hai3="13,14,17,18,21,22,49,50,53,56,60,62,65" />
</Scene>
<Scene>
<INIT seed="6,1,1,3,1,78" ten="32,374,323,261" oya="2" hai0="101,87,114,119,127,95,8,89,50,125,81,18,134" hai1="11,110,116,74,103,7,5,55,17,130,123,88,14" hai2="20,76,104,30,99,126,28,121,0,93,94,2,40" hai3="49,4,128,108,80,97,105,3,53,41,19,62,29"/><V59/><F121/><W6/><G108/><T52/><D114/><U111/><E116/><V13/><F40/><W46/><G128/><T16/><D119/><U37/><E74/><V32/><F32/><W48/><G29/><N who="2" m="11369" /><F104/><W65/><G3/><T96/><D134/><U34/><E34/><V82/><F2/><W85/><G19/><T9/><D9/><U133/><E37/><V61/><F0/><W113/><G113/><T72/><D72/><U24/><E103/><V84/><F126/><W22/><G22/><T69/><D69/><U10/><E130/><V120/><F120/><W15/><G15/><T98/><D96/><U67/><E133/><V43/><F43/><W70/><G97/><T73/><D73/><U68/><E123/><V71/><F71/><W45/><REACH who="3" step="1"/><G105/><REACH who="3" ten="32,374,323,251" step="2"/><T44/><D18/><U129/><E17/><N who="2" m="10287" /><F99/><W38/><G38/><T31/><D31/><U91/><E129/><V57/><F57/><W60/><G60/><T27/><D27/><U21/><E24/><V100/><F100/><W54/><G54/><AGARI ba="1,2" hai="54,59,61,76,82,84,93,94" m="10287,11369" machi="54" ten="30,2900,0" yaku="8,1,52,1" doraHai="78" who="2" fromWho="3" sc="32,0,374,0,323,52,251,-32" />
</Scene>
<Scene>
<INIT seed="6,2,0,1,1,78" ten="32,374,375,219" oya="2" hai0="34,16,73,51,109,110,115,9,112,116,55,19,21" hai1="40,102,117,14,131,0,98,105,36,47,68,5,22" hai2="103,93,48,94,1,30,56,121,17,75,132,45,90" hai3="50,124,95,57,46,43,8,69,80,25,72,123,15"/><V49/><F121/><W28/><G123/><T3/><D73/><U60/><E117/><V44/><F1/><W81/><G69/><T99/><D99/><U125/><E131/><V84/><F75/><W33/><G124/><T63/><D63/><U27/><E125/><V6/><F6/><W100/><G72/><T91/><D91/><U130/><E130/><V127/><F127/><W24/><G24/><T62/><D62/><U83/><E0/><V67/><F30/><W31/><G31/><T66/><D66/><U35/><E83/><N who="2" m="49439" /><F132/><W10/><G57/><T101/><D101/><U133/><E133/><V92/><F103/><W59/><G59/><T2/><D51/><N who="2" m="19530" /><F17/><W70/><G70/><T12/><D55/><U41/><E41/><V20/><F20/><W129/><G129/><T7/><D34/><U74/><E74/><V61/><AGARI ba="2,0" hai="44,45,56,61,67,92,93,94" m="19530,49439" machi="61" ten="30,3000,0" yaku="8,1,52,1" doraHai="78" who="2" fromWho="2" sc="32,-12,374,-12,375,36,219,-12" />
</Scene>
<Scene>
<INIT seed="6,3,0,1,1,75" ten="20,362,411,207" oya="2" hai0="16,46,73,92,17,78,104,94,23,35,97,132,43" hai1="58,21,109,44,76,39,55,96,130,8,7,125,52" hai2="133,38,121,111,117,101,30,12,116,67,25,66,71" hai3="91,19,15,18,105,68,42,33,131,63,45,2,122"/><V40/><F121/><W47/><G122/><T54/><D35/><U119/><E109/><V26/><F111/><W86/><G2/><T56/><D132/><U107/><E119/><V85/><F133/><W11/><G105/><T126/><D126/><U77/><E125/><V70/><F101/><W99/><G33/><T28/><D104/><U134/><E134/><V110/><F110/><W13/><G131/><T65/><D94/><U129/><E21/><V51/><F51/><W90/><G68/><T113/><D113/><U32/><E32/><V82/><F40/><W120/><G120/><T87/><D73/><U0/><E39/><V34/><F38/><W100/><G63/><T106/><D106/><U98/><E44/><V114/><F114/><W57/><G57/><T1/><D1/><U10/><E107/><V24/><F12/><W60/><G60/><T27/><D65/><N who="2" m="24586" /><F30/><W6/><G100/><T9/><D46/><U59/><E0/><V124/><F34/><W127/><G127/><T135/><D43/><U50/><E50/><V69/><F124/><W74/><G74/><T48/><D135/><U29/><E7/><V64/><N who="2" m="24594" /><V36/><DORA hai="95" /><F36/><W112/><G6/><T80/><D9/><U115/><E29/><V72/><F72/><W103/><G103/><AGARI ba="3,0" hai="16,17,23,27,28,48,54,56,78,80,87,92,97,103" machi="103" ten="30,8000,1" yaku="7,1,8,1,52,2,54,1" doraHai="75,95" who="0" fromWho="3" sc="20,89,362,0,411,0,207,-89" />
</Scene>
<Scene>
<INIT seed="7,0,0,0,2,49" ten="109,362,411,118" oya="3" hai0="78,64,46,26,82,92,17,24,114,25,95,124,77" hai1="87,85,10,40,3,56,20,2,11,73,34,130,134" hai2="94,6,98,12,60,51,117,109,15,89,123,88,84" hai3="126,116,111,121,81,33,96,7,14,0,71,72,50"/><W120/><G116/><T55/><D124/><U99/><E73/><V30/><F117/><W80/><G33/><T129/><D129/><U135/><E34/><V101/><F109/><W47/><G71/><T93/><D114/><U16/><E40/><V31/><F123/><W119/><G119/><T90/><D64/><U8/><E99/><V113/><F113/><W53/><G0/><N who="1" m="42" /><E56/><V4/><F60/><W83/><G126/><T115/><D115/><U48/><E48/><V103/><F51/><W41/><G111/><T118/><D118/><U67/><E67/><V13/><F89/><W5/><G72/><T86/><D46/><U75/><E75/><V54/><F54/><W22/><G121/><T58/><D17/><U61/><E61/><AGARI ba="0,0" hai="24,25,26,55,58,61,77,78,82,86,90,92,93,95" machi="61" ten="40,2600,0" yaku="8,1,52,1" doraHai="49" who="0" fromWho="1" sc="109,26,362,-26,411,0,118,0" owari="135,-26.0,336,14.0,411,50.0,118,-38.0" />
</Scene>
</mjloggm>