<mjloggm ver="2.3"><GO type="97"/><UN n0="%E3%82%B5%E3%83%BC%E3%82%AD%E3%82%B9" n1="%E5%A4%AA%E3%81%8F%E3%81%AA%E3%81%84%E3%81%8A" n2="%E3%82%88%E3%81%A8%E3%81%AB%E3%82%83%E3%82%93" n3="%4B%69%63%6B%37" dan="13,14,13,14" rate="1870,2071,1866,1955" sx="M,M,M,M"/><TAIKYOKU oya="0"/>

<Scene>
<INIT seed="0,0,0,4,4,105" ten="250,250,250,250" oya="0" hai0="72,125,15,85,94,68,57,121,8,97,99,115,37" hai1="7,16,49,67,133,19,106,45,18,83,50,20,34" hai2="88,91,131,12,38,47,90,13,62,116,23,107,87" hai3="63,101,112,65,10,3,108,61,123,102,51,84,66"/><T31/><D68/><U40/><E34/><V109/><F116/><W56/><G112/><T54/><D37/><U33/><E33/><V6/><F107/><W86/><G123/><T4/><D121/><U48/><E106/><V78/><F131/><W55/><G108/><T124/><D115/><U39/><E133/><V24/><F109/><W44/><G3/><T59/><D72/><U53/><E67/><V9/><F13/><W1/><G1/><T118/><D118/><U76/><E7/><V5/><F62/><W119/><G10/><T80/><D31/><U92/><E92/><V122/><F122/><W82/><G119/><T69/><D69/><U71/><E71/><V126/><F126/><W113/><G86/><T93/><D125/><U132/><E132/><V111/><F111/><W135/><G113/><T74/><D74/><U128/><E128/><V129/><F129/><W96/><G96/><N who="0" m="36939" /><D124/><U73/><REACH who="1" step="1"/><E20/><REACH who="1" ten="250,240,250,250" step="2"/><V100/><F23/><W28/><G135/><T35/><D35/><U0/><E0/><V64/><F6/><W42/><G28/><T79/><D59/><AGARI ba="0,1" hai="16,18,19,39,40,45,48,49,50,53,59,73,76,83" machi="59" ten="40,8000,1" yaku="1,1,52,1,54,1,53,1" doraHai="105" doraHaiUra="52" who="1" fromWho="0" sc="250,-80,240,90,250,0,250,0" />
</Scene>
<Scene>
<INIT seed="1,0,0,0,4,40" ten="170,330,250,250" oya="1" hai0="82,95,60,100,70,84,5,78,43,83,1,36,19" hai1="29,66,128,7,119,130,127,114,107,64,86,0,96" hai2="9,113,122,68,37,20,13,6,109,77,51,97,23" hai3="48,44,54,81,117,3,63,91,10,108,52,102,110"/><U35/><E119/><V47/><F122/><W124/><BYE who="0" /><G117/><T121/><D121/><U106/><E114/><V17/><F37/><W67/><G102/><T55/><D55/><U18/><E127/><V12/><F68/><W22/><G124/><T94/><D94/><U87/><E18/><V45/><F109/><N who="3" m="42091" /><G22/><N who="2" m="8233" /><F113/><W98/><G10/><T38/><D38/><U16/><E35/><V75/><F75/><W93/><G81/><T25/><D25/><U71/><E71/><V126/><F126/><W69/><G3/><T111/><D111/><U90/><E0/><V88/><F77/><W133/><G133/><T76/><D76/><U59/><E106/><V34/><F34/><W57/><G54/><T58/><D58/><AGARI ba="0,0" hai="44,48,52,57,58,63,67,69,91,93,98" m="42091" machi="58" ten="30,3900,0" yaku="14,1,52,1,54,1" doraHai="40" who="3" fromWho="0" sc="170,-39,330,0,250,0,250,39" />
</Scene>
<Scene>
<INIT seed="2,0,0,5,4,52" ten="131,330,250,289" oya="2" hai0="79,72,77,40,61,68,30,108,45,0,62,19,123" hai1="76,60,124,1,107,25,13,11,103,66,97,90,120" hai2="73,130,84,9,101,125,75,4,31,91,115,99,89" hai3="16,63,38,56,94,5,51,2,98,134,131,117,47"/><V27/><F115/><W15/><G117/><T116/><D116/><U102/><E124/><V70/><F70/><W58/><G38/><T86/><D86/><U22/><E120/><V105/><F130/><W14/><G131/><T8/><D8/><U133/><E133/><V34/><F125/><W49/><G134/><T87/><D87/><U50/><E76/><V43/><F43/><W65/><G2/><T46/><D46/><U121/><E121/><V132/><F132/><W6/><G15/><T41/><D41/><U109/><E109/><V24/><F24/><W127/><G127/><T23/><D23/><U85/><E1/><V53/><F91/><N who="3" m="55647" /><G47/><T35/><D35/><U81/><E102/><V7/><F53/><N who="3" m="31791" /><G51/><T104/><D104/><U112/><E50/><V48/><F48/><W18/><G18/><T10/><D10/><AGARI ba="0,0" hai="5,6,10,14,16,58,63,65" m="31791,55647" machi="10" ten="30,7700,0" yaku="8,1,52,2,54,1" doraHai="52" who="3" fromWho="0" sc="131,-77,330,0,250,0,289,77" />
</Scene>
<Scene>
<INIT seed="3,0,0,1,1,57" ten="54,330,250,366" oya="3" hai0="26,129,20,123,92,111,66,40,70,115,126,95,17" hai1="15,11,41,37,60,118,98,5,65,42,54,128,77" hai2="80,120,74,67,131,113,43,62,71,135,48,94,121" hai3="103,104,84,107,112,85,44,18,132,23,32,0,76"/><W125/><G112/><T114/><D114/><U21/><E128/><V78/><F113/><W134/><G32/><T88/><D88/><U3/><E118/><V119/><F119/><W46/><G0/><T127/><D127/><U24/><E77/><V51/><F135/><N who="3" m="51755" /><G125/><T28/><D28/><U105/><E54/><V16/><F131/><W35/><G35/><T12/><D12/><U102/><E37/><V19/><F94/><W99/><G107/><T29/><D29/><U31/><REACH who="1" step="1"/><E3/><REACH who="1" ten="54,320,250,366" step="2"/><V7/><F43/><W75/><G75/><T97/><D97/><U96/><E96/><V83/><F7/><W82/><G85/><T101/><D101/><U110/><E110/><V36/><F36/><W53/><G53/><T38/><D38/><U2/><E2/><V63/><F78/><W73/><G73/><T93/><D93/><U52/><E52/><V130/><F74/><W27/><AGARI ba="0,1" hai="18,23,27,44,46,76,82,84,99,103,104" m="51755" machi="27" ten="30,1500,0" yaku="20,1" doraHai="57" who="3" fromWho="3" sc="54,-5,320,-5,250,-5,366,25" owari="49,-45.0,315,12.0,245,-15.0,391,48.0" />
</Scene>
</mjloggm>