<mjloggm ver="2.3"><GO type="233"/><UN n0="%E5%88%BB%E5%AD%90%E5%B8%82%E6%B0%91" n1="%E8%B5%A4%E6%9C%A8%E3%81%97%E3%81%92%E3%82%8B%61%73" n2="%E4%B8%80%E6%96%B9%E9%80%9A%E8%A1%8C" n3="%E5%A4%AA%E3%81%8F%E3%81%AA%E3%81%84%E3%81%8A" dan="17,16,16,17" rate="2182,2075,2092,2213" sx="M,F,M,M"/><TAIKYOKU oya="0"/>

<Scene>
<INIT seed="0,0,0,2,2,115" ten="250,250,250,250" oya="0" hai0="124,98,94,12,30,78,36,128,131,31,49,27,41" hai1="130,84,103,2,90,35,132,71,59,28,51,9,99" hai2="53,6,123,114,105,66,93,127,75,68,111,80,122" hai3="61,55,21,56,18,38,110,126,3,0,32,52,44"/><T72/><D36/><U62/><E130/><N who="0" m="49705" /><D124/><U13/><E2/><V42/><F114/><W10/><G32/><T50/><D12/><U79/><E79/><V133/><F105/><W67/><G126/><T7/><D7/><U45/><E71/><V92/><F127/><W107/><G107/><T102/><D41/><U8/><E132/><V116/><F42/><W88/><G110/><T85/><D72/><U24/><E99/><V100/><F6/><W120/><G120/><T69/><D69/><U37/><E103/><V48/><F111/><W82/><G38/><T86/><D31/><U16/><E37/><V125/><F125/><W65/><G0/><T40/><D40/><U87/><E90/><V26/><F75/><W76/><G10/><T134/><D134/><U20/><E8/><V129/><F133/><W60/><G3/><T63/><D63/><U108/><E35/><V101/><F129/><W95/><G44/><T5/><D5/><U33/><E33/><V22/><F122/><W46/><G46/><T117/><D117/><U54/><REACH who="1" step="1"/><E108/><REACH who="1" ten="250,240,250,250" step="2"/><V135/><F116/><W58/><G76/><T15/><D78/><U91/><E91/><V106/><F123/><W1/><G1/><T4/><D86/><U19/><E19/><N who="2" m="12639" /><F135/><W81/><G65/><AGARI ba="0,1" hai="9,13,16,20,24,28,45,51,54,59,62,65,84,87" machi="65" ten="30,7700,0" yaku="1,1,7,1,8,1,54,1,53,0" doraHai="115" doraHaiUra="77" who="1" fromWho="3" sc="250,0,240,87,250,0,250,-77" />
</Scene>
<Scene>
<INIT seed="1,0,0,0,2,17" ten="250,327,250,173" oya="1" hai0="78,25,53,12,58,6,51,105,20,135,106,133,91" hai1="32,43,103,89,35,121,122,1,11,87,128,111,80" hai2="84,119,36,104,37,86,77,63,107,0,102,45,74" hai3="18,113,98,24,126,46,50,93,9,56,114,39,82"/><U96/><E128/><V67/><F119/><W22/><G126/><T69/><D78/><U7/><E111/><V99/><F107/><W62/><G39/><T23/><D69/><U64/><E64/><V125/><F125/><W19/><G82/><T2/><D2/><U118/><E118/><V14/><F14/><W100/><G9/><N who="0" m="4151" /><D91/><U34/><REACH who="1" step="1"/><E43/><REACH who="1" ten="250,317,250,173" step="2"/><V109/><F109/><W129/><G129/><T60/><D106/><AGARI ba="0,1" hai="1,7,11,32,34,35,80,87,89,96,103,106,121,122" machi="106" ten="40,7700,0" yaku="1,1,2,1,53,1" doraHai="17" doraHaiUra="101" who="1" fromWho="0" sc="250,-77,317,87,250,0,173,0" />
</Scene>
<Scene>
<INIT seed="1,1,0,3,1,110" ten="173,404,250,173" oya="1" hai0="18,9,43,70,81,116,4,16,101,120,119,128,40" hai1="125,93,127,23,57,28,56,52,44,122,114,30,84" hai2="13,11,67,92,10,41,14,89,21,68,91,111,63" hai3="133,95,79,49,69,42,6,22,33,108,109,117,3"/><U113/><E122/><V96/><F111/><N who="3" m="42571" /><G33/><T17/><D120/><U76/><E44/><V107/><F107/><W47/><G69/><T60/><D128/><U38/><E38/><V64/><F41/><W0/><G133/><T124/><D124/><N who="1" m="47691" /><E57/><V8/><F64/><W55/><G117/><T134/><D134/><U130/><E130/><V27/><REACH who="2" step="1"/><F89/><REACH who="2" ten="173,404,240,173" step="2"/><W132/><G132/><T103/><D116/><U36/><E36/><V98/><F98/><W105/><G105/><T31/><D119/><U135/><E135/><V19/><AGARI ba="1,1" hai="8,10,11,13,14,19,21,27,63,67,68,91,92,96" machi="19" ten="30,4000,0" yaku="1,1,0,1,53,1" doraHai="110" doraHaiUra="65" who="2" fromWho="2" sc="173,-11,404,-21,240,53,173,-11" />
</Scene>
<Scene>
<INIT seed="2,0,0,3,0,8" ten="162,383,293,162" oya="2" hai0="117,14,81,57,71,59,126,56,36,11,61,105,38" hai1="99,65,27,69,7,103,89,109,16,62,128,40,49" hai2="39,22,110,30,46,64,3,50,90,73,93,129,82" hai3="6,41,94,15,31,124,123,24,25,9,113,134,74"/><V125/><F3/><W107/><G123/><T131/><D105/><U4/><E109/><V28/><F39/><W0/><G107/><T91/><D126/><U42/><E128/><V1/><F1/><W127/><G74/><T86/><D131/><U95/><E42/><V112/><F112/><W19/><G41/><T102/><D102/><U35/><E35/><V60/><F129/><W101/><G113/><T54/><D117/><U118/><E118/><V77/><F125/><N who="3" m="48203" /><G134/><T132/><D132/><U85/><E40/><V78/><F78/><W17/><G101/><T72/><D72/><U13/><E27/><N who="3" m="10314" /><G94/><T2/><D2/><U130/><E49/><V121/><F22/><N who="3" m="11583" /><G19/><T116/><D116/><U51/><E51/><V47/><F121/><W53/><G53/><T55/><D71/><U75/><E75/><V98/><F110/><W120/><G120/><T32/><D57/><U79/><E79/><V70/><F47/><W29/><AGARI ba="0,0" hai="0,6,9,29,31" m="11583,10314,48203" machi="29" ten="30,7900,0" yaku="18,1,34,2,52,1" doraHai="8" who="3" fromWho="3" sc="162,-20,383,-20,293,-39,162,79" />
</Scene>
<Scene>
<INIT seed="3,0,0,4,2,14" ten="142,363,254,241" oya="3" hai0="29,17,6,120,60,39,21,53,51,131,78,115,12" hai1="47,58,56,34,69,50,57,86,91,88,89,116,18" hai2="97,90,36,74,16,43,83,100,44,30,122,9,103" hai3="73,15,64,99,37,134,104,76,33,101,59,80,108"/><W119/><G119/><T8/><D39/><U42/><E116/><V114/><F114/><W65/><G33/><T55/><D120/><U107/><E69/><V23/><F122/><W128/><G37/><T10/><D115/><U111/><E107/><V95/><F30/><W77/><G128/><T129/><D131/><U79/><E34/><V75/><F9/><W7/><G134/><T46/><D129/><U5/><E5/><V124/><F124/><W20/><G77/><T123/><D123/><U110/><REACH who="1" step="1"/><E18/><REACH who="1" ten="142,353,254,241" step="2"/><V0/><F0/><W96/><G7/><T117/><D117/><U38/><E38/><V68/><F68/><W24/><G108/><T125/><D125/><U121/><E121/><V135/><F135/><W26/><G99/><T35/><D35/><U126/><E126/><V112/><F112/><W41/><G104/><T132/><D132/><U87/><E87/><V13/><REACH who="2" step="1"/><F75/><REACH who="2" ten="142,353,244,241" step="2"/><W93/><G73/><T72/><D29/><U82/><AGARI ba="0,2" hai="42,47,50,56,57,58,79,82,86,88,89,91,110,111" machi="82" ten="40,12000,2" yaku="1,1,0,1,54,1,53,3" doraHai="14" doraHaiUra="54" who="1" fromWho="1" sc="142,-30,353,140,244,-30,241,-60" />
</Scene>
<Scene>
<INIT seed="4,0,0,1,1,20" ten="112,493,214,181" oya="0" hai0="0,9,33,80,54,40,3,74,87,64,116,90,13" hai1="26,47,31,91,81,23,82,119,127,104,121,135,89" hai2="34,48,12,2,55,103,72,75,27,85,24,14,92" hai3="111,67,125,46,124,83,44,57,52,122,5,93,41"/><T113/><D116/><U117/><E121/><V22/><F2/><W39/><G111/><T51/><D113/><U30/><E104/><V97/><F75/><W98/><G122/><T19/><D40/><U43/><E127/><N who="3" m="48714" /><G5/><T99/><D74/><U42/><E23/><V105/><F72/><W101/><G83/><T84/><D64/><U128/><E47/><V120/><F120/><W60/><G46/><T25/><D99/><U11/><E11/><V129/><F129/><W45/><G44/><T15/><D15/><U112/><E26/><N who="2" m="9771" /><F105/><W88/><G67/><T79/><D87/><U134/><E112/><V130/><F130/><AGARI ba="0,0" hai="30,31,42,43,81,82,89,91,117,119,128,130,134,135" machi="130" ten="25,1600,0" yaku="22,2" doraHai="20" who="1" fromWho="2" sc="112,0,493,16,214,-16,181,0" />
</Scene>
<Scene>
<INIT seed="5,0,0,0,0,74" ten="112,509,198,181" oya="1" hai0="41,102,130,81,17,33,76,110,86,35,71,70,65" hai1="119,51,96,22,58,83,101,56,97,108,20,54,36" hai2="1,15,72,8,78,16,43,52,5,13,19,122,18" hai3="92,53,117,7,0,42,24,14,26,32,9,3,57"/><U121/><E119/><V4/><F122/><W85/><G117/><T118/><D110/><U63/><E121/><V80/><F43/><W37/><G37/><T28/><D118/><U115/><E36/><V103/><F103/><W23/><G42/><T73/><D130/><U100/><E108/><V104/><F104/><W31/><G92/><T128/><D128/><U39/><E39/><V30/><F30/><W120/><G120/><T113/><D41/><U91/><E115/><V46/><REACH who="2" step="1"/><F5/><REACH who="2" ten="112,509,188,181" step="2"/><W34/><G34/><T90/><D102/><U98/><E101/><V105/><F105/><W6/><G7/><T59/><D113/><U49/><E100/><V88/><F88/><W131/><G131/><T50/><D28/><U68/><E91/><V27/><F27/><W66/><G26/><T84/><D90/><U38/><E38/><V45/><F45/><W2/><G32/><T75/><D35/><U11/><E97/><V125/><F125/><W21/><G31/><T112/><D33/><U133/><E98/><V116/><F116/><W124/><G6/><T106/><D106/><U55/><E96/><V95/><F95/><W29/><G29/><T132/><D112/><U47/><E47/><V61/><F61/><W87/><G124/><T135/><D50/><AGARI ba="0,1" hai="1,4,8,13,15,16,18,19,46,50,52,72,78,80" machi="50" ten="40,12000,2" yaku="1,1,52,1,54,2,53,2" doraHai="74" doraHaiUra="10" who="2" fromWho="0" sc="112,-120,509,0,188,130,181,0" owari="-8,-51.0,509,61.0,318,12.0,181,-22.0" />
</Scene>
</mjloggm>