<mjloggm ver="2.3"><GO type="97"/><UN n0="%E5%A4%AA%E3%81%8F%E3%81%AA%E3%81%84%E3%81%8A" n1="%E9%BB%92%E5%AD%94%E9%9B%80" n2="%E8%83%83%E8%85%B8%E8%96%AC" n3="%57%61%79%6E%65" dan="14,15,14,14" rate="1997,1925,1855,1979" sx="M,M,M,M"/><TAIKYOKU oya="0"/>

<Scene>
<INIT seed="0,0,0,5,3,109" ten="250,250,250,250" oya="0" hai0="61,33,123,10,46,117,125,37,41,100,16,102,35" hai1="80,26,17,65,96,23,91,97,85,56,15,77,107" hai2="118,104,60,4,31,99,9,7,131,101,69,71,72" hai3="93,108,79,112,115,29,5,105,119,113,36,76,19"/><T50/><D123/><U128/><E128/><V66/><F7/><W127/><G105/><T111/><D117/><U75/><E65/><V82/><F131/><W130/><G119/><T58/><D125/><U70/><E70/><V43/><F43/><W52/><G36/><T34/><D111/><U22/><E56/><V81/><F118/><W68/><G68/><T78/><D78/><U13/><E107/><V89/><F82/><W1/><G108/><T49/><D49/><U14/><REACH who="1" step="1"/><E23/><REACH who="1" ten="250,240,250,250" step="2"/><V28/><F71/><W124/><G130/><T64/><REACH who="0" step="1"/><D37/><REACH who="0" ten="240,240,250,250" step="2"/><U73/><E73/><V18/><F72/><W25/><G127/><T67/><D67/><U11/><E11/><V106/><F69/><W92/><G124/><T39/><D39/><U126/><E126/><V42/><F66/><W74/><G74/><T134/><D134/><U45/><E45/><V8/><F8/><W24/><G79/><T51/><D51/><U83/><AGARI ba="0,2" hai="13,14,15,17,22,26,75,77,80,83,85,91,96,97" machi="83" ten="30,2000,0" yaku="1,1,0,1,53,0" doraHai="109" doraHaiUra="53" who="1" fromWho="1" sc="240,-10,240,40,250,-5,250,-5" />
</Scene>
<Scene>
<INIT seed="1,0,0,5,4,8" ten="230,280,245,245" oya="1" hai0="95,94,132,119,12,69,125,70,97,110,52,86,1" hai1="100,72,20,30,27,128,3,58,5,98,43,123,122" hai2="109,84,57,76,15,99,71,35,54,17,135,96,56" hai3="65,116,134,66,131,48,4,60,67,91,59,19,133"/><U92/><E72/><V6/><F71/><W10/><G116/><T22/><D1/><U31/><E43/><V82/><F35/><W124/><G19/><N who="0" m="10599" /><D119/><U45/><E45/><V127/><F135/><W68/><G91/><N who="0" m="53623" /><D69/><U11/><E31/><V88/><F109/><W14/><G68/><T87/><D70/><U85/><E128/><V90/><F127/><W26/><G131/><T18/><D110/><U33/><E33/><V13/><F6/><W47/><G26/><T117/><D117/><U32/><E85/><V118/><F118/><W107/><G107/><T89/><D132/><N who="3" m="50793" /><G124/><T73/><D73/><U40/><E40/><AGARI ba="0,0" hai="4,10,14,40,47,48,59,60,65,66,67" m="50793" machi="40" ten="30,2000,0" yaku="20,1,52,1" doraHai="8" who="3" fromWho="1" sc="230,0,280,-20,245,0,245,20" />
</Scene>
<Scene>
<INIT seed="2,0,0,1,5,23" ten="230,260,245,265" oya="2" hai0="74,86,53,42,135,123,7,63,95,71,12,50,133" hai1="5,25,110,114,19,79,70,77,52,47,113,36,134" hai2="9,78,83,66,92,11,32,35,118,82,126,43,93" hai3="130,2,75,68,102,57,30,87,91,59,73,51,45"/><V131/><F118/><W90/><G2/><T108/><D123/><U105/><E105/><V129/><F126/><W0/><G0/><T104/><D74/><U89/><E5/><V99/><F66/><W116/><G68/><T109/><D104/><U100/><E70/><V65/><F65/><W21/><G102/><T41/><D7/><U31/><E100/><V84/><F43/><N who="0" m="16394" /><D12/><U121/><E36/><V94/><F99/><W46/><G21/><T106/><D106/><U122/><E19/><V13/><F83/><W111/><G30/><T56/><D86/><U39/><E39/><V15/><F15/><W17/><G87/><T119/><D95/><U60/><E89/><V40/><F40/><W85/><G17/><T80/><D80/><U98/><E98/><V69/><F69/><W48/><G85/><T34/><D34/><N who="1" m="20847" /><E134/><N who="0" m="51209" /><D119/><U6/><E110/><N who="0" m="42601" /><D71/><U76/><E6/><V97/><F97/><W44/><G111/><T27/><D27/><U120/><E47/><V4/><REACH who="2" step="1"/><F11/><REACH who="2" ten="230,260,235,265" step="2"/><W88/><G116/><T128/><D128/><AGARI ba="0,1" hai="4,9,13,32,35,78,82,84,92,93,94,128,129,131" machi="128" ten="40,7700,0" yaku="1,1,2,1,19,1,53,0" doraHai="23" doraHaiUra="58" who="2" fromWho="0" sc="230,-77,260,0,235,87,265,0" />
</Scene>
<Scene>
<INIT seed="2,1,0,3,1,8" ten="153,260,322,265" oya="2" hai0="19,123,22,39,79,25,108,52,106,73,3,16,129" hai1="80,128,134,84,33,81,17,94,63,119,65,82,125" hai2="29,72,92,2,115,68,122,6,116,124,133,77,64" hai3="103,131,57,98,23,67,26,70,100,10,45,127,58"/><V87/><F122/><W62/><G131/><T55/><D123/><U18/><E33/><V9/><F116/><W37/><G103/><T78/><D39/><U11/><E128/><V49/><F115/><W132/><G132/><T96/><D3/><U102/><E134/><V51/><F133/><W93/><G127/><T130/><D108/><U13/><E125/><V35/><F124/><W1/><G1/><T44/><D129/><U12/><E119/><V50/><F72/><W105/><G105/><T104/><D130/><U43/><E43/><V90/><F77/><N who="0" m="29194" /><D106/><U76/><E94/><V86/><F86/><W20/><G20/><N who="0" m="13447" /><D104/><U53/><E102/><V112/><F112/><W32/><G32/><T60/><D73/><U83/><E53/><N who="0" m="20553" /><D96/><U101/><E101/><V91/><F68/><W113/><G113/><T4/><D60/><U46/><E46/><V5/><F2/><W38/><G45/><T120/><D120/><U24/><E24/><V118/><F35/><W85/><G37/><T99/><D99/><U107/><E107/><V135/><F118/><W75/><G38/><T121/><D121/><U0/><E0/><V69/><F135/><W36/><G75/><T30/><D44/><U31/><E31/><V117/><F29/><W56/><G36/><T109/><D109/><U40/><E40/><V34/><F117/><W110/><G110/><T48/><D30/><U27/><E27/><V74/><F34/><W28/><G85/><T21/><D48/><U14/><REACH who="1" step="1"/><E11/><REACH who="1" ten="153,250,322,265" step="2"/><V89/><F9/><W111/><G111/><T41/><D41/><U47/><E47/><RYUUKYOKU ba="1,1" sc="153,-15,250,15,322,-15,265,15" hai1="12,13,14,17,18,63,65,76,80,81,82,83,84" hai3="10,23,26,28,56,57,58,62,67,70,93,98,100" />
</Scene>
<Scene>
<INIT seed="3,2,1,3,0,35" ten="138,265,307,280" oya="3" hai0="118,53,2,111,102,33,123,47,76,106,60,115,81" hai1="0,79,63,75,119,64,73,125,9,11,133,85,94" hai2="58,68,131,61,101,120,121,77,96,31,28,16,32" hai3="34,89,39,13,51,113,18,52,124,129,114,67,62"/><W26/><G39/><T12/><D123/><N who="2" m="47178" /><F68/><W56/><G129/><T99/><D118/><U83/><E119/><V98/><F77/><W54/><G124/><T91/><D33/><U48/><E125/><V25/><F31/><W126/><G126/><T19/><D111/><U5/><E133/><V80/><F131/><W69/><G54/><T135/><D135/><U90/><E11/><V110/><F110/><W29/><G89/><T74/><D115/><U46/><E75/><V122/><F80/><W50/><G51/><T37/><D37/><U87/><E87/><V8/><F101/><W40/><G40/><T57/><D47/><U117/><E117/><V88/><F88/><W21/><AGARI ba="2,1" hai="13,18,21,26,29,34,50,52,56,62,67,69,113,114" machi="21" ten="20,3900,0" yaku="0,1,7,1,54,1" doraHai="35" who="3" fromWho="3" sc="138,-15,265,-15,307,-15,280,55" owari="123,-38.0,250,-15.0,292,9.0,335,44.0" />
</Scene>
</mjloggm>