<mjloggm ver="2.3"><GO type="193"/><UN n0="%41%59%4D" n1="%E2%97%8E%E9%BB%92%E7%8B%BC%E2%97%8E" n2="%E5%A4%AA%E3%81%8F%E3%81%AA%E3%81%84%E3%81%8A" n3="%E3%83%AA%E3%82%A2%E3%83%AB%E3%83%A9%E3%83%83%E3%82%AF" dan="11,10,12,12" rate="1644,1465,1892,1663" sx="M,M,M,M"/><TAIKYOKU oya="0"/>

<Scene>
<INIT seed="0,0,0,4,5,109" ten="250,250,250,250" oya="0" hai0="106,28,129,8,13,85,5,108,102,91,62,133,63" hai1="122,112,18,45,30,118,121,65,34,38,99,39,41" hai2="114,24,93,83,117,66,67,35,60,0,56,135,61" hai3="54,134,132,50,75,116,92,81,131,42,84,20,68"/><T104/><D108/><U29/><E118/><V6/><F117/><W47/><G116/><T55/><D129/><U124/><E124/><V107/><F107/><W101/><G68/><T71/><D133/><N who="3" m="51305" /><G75/><T119/><D119/><U53/><E121/><V113/><F135/><W21/><G131/><T73/><D73/><U77/><E122/><V43/><F43/><W17/><G101/><T46/><D106/><U59/><E77/><V16/><F83/><W12/><G92/><N who="0" m="54383" /><D104/><U74/><E74/><V58/><F93/><W96/><G96/><T70/><D71/><U64/><E112/><V72/><F72/><W40/><G20/><T130/><D130/><U79/><E79/><AGARI ba="0,0" hai="12,17,21,40,42,47,50,54,79,81,84" m="51305" machi="79" ten="30,1000,0" yaku="20,1" doraHai="109" who="3" fromWho="1" sc="250,0,250,-10,250,0,250,10" />
</Scene>
<Scene>
<INIT seed="1,0,0,2,0,85" ten="250,240,250,260" oya="1" hai0="11,39,102,115,77,37,3,51,29,73,129,21,69" hai1="123,98,126,116,110,8,108,38,60,133,65,24,104" hai2="53,78,46,27,96,114,2,61,50,99,132,31,58" hai3="90,22,100,95,45,43,111,103,107,59,20,87,0"/><U101/><E116/><V54/><F2/><W131/><G0/><T5/><D115/><U117/><E117/><V106/><F114/><W135/><G135/><T72/><D129/><U1/><E123/><V23/><F132/><W63/><G131/><T67/><D69/><N who="1" m="42151" /><E133/><V34/><F78/><W6/><G111/><N who="1" m="42538" /><E24/><V83/><F83/><W76/><G76/><T118/><D118/><U12/><E1/><V121/><F121/><W49/><G6/><T68/><D102/><U66/><E66/><V57/><F106/><W130/><G130/><T7/><D51/><U56/><E56/><V36/><F34/><W19/><G107/><T70/><D77/><U109/><N who="1" m="42546" /><U134/><DORA hai="41" /><E134/><V28/><F28/><W128/><G128/><T75/><D67/><U18/><E38/><V94/><F36/><W125/><G125/><AGARI ba="0,0" hai="8,12,18,98,101,104,125,126" m="42546,42151" machi="125" ten="40,3900,0" yaku="14,1,10,1" doraHai="85,41" who="1" fromWho="3" sc="250,0,240,39,250,0,260,-39" />
</Scene>
<Scene>
<INIT seed="1,1,0,1,4,114" ten="250,279,250,221" oya="1" hai0="19,26,81,12,42,91,95,11,7,87,45,37,99" hai1="32,74,6,94,53,100,60,24,4,115,65,70,85" hai2="18,117,61,130,96,82,118,119,16,31,0,106,83" hai3="59,68,135,76,134,110,72,50,17,78,49,105,40"/><U66/><E115/><V41/><F0/><W39/><G68/><T128/><D128/><U30/><BYE who="3" /><E74/><V88/><F130/><W90/><G90/><T102/><REACH who="0" step="1"/><D26/><REACH who="0" ten="240,279,250,221" step="2"/><U75/><E75/><V34/><F118/><W35/><G35/><T36/><D36/><U5/><E66/><V56/><F34/><W84/><G84/><T47/><D47/><U29/><E53/><V8/><BYE who="1" /><F119/><W43/><G43/><T27/><D27/><UN n1="%E2%97%8E%E9%BB%92%E7%8B%BC%E2%97%8E" /><U25/><E85/><V97/><F117/><W80/><G80/><T73/><D73/><U21/><E94/><V122/><F106/><W120/><G120/><T123/><D123/><U103/><AGARI ba="1,1" hai="4,5,6,21,24,25,29,30,32,60,65,70,100,103" machi="103" ten="30,1500,0" yaku="0,1" doraHai="114" who="1" fromWho="1" sc="240,-6,279,28,250,-6,221,-6" />
</Scene>
<Scene>
<INIT seed="1,2,0,5,2,25" ten="234,307,244,215" oya="1" hai0="100,23,92,32,98,44,40,6,62,35,124,113,18" hai1="31,72,81,82,68,39,27,120,21,4,114,70,58" hai2="34,11,7,108,77,76,53,74,99,83,87,57,8" hai3="86,19,36,56,16,85,55,79,95,71,129,105,50"/><U13/><E114/><V78/><F34/><W133/><G133/><T61/><D113/><U121/><E120/><V67/><F108/><W52/><G52/><T41/><D124/><U130/><E121/><V91/><F67/><W30/><G30/><T75/><D75/><U102/><E130/><V89/><F74/><W20/><G20/><T66/><D6/><U127/><E127/><V45/><F45/><W106/><G106/><T135/><D135/><U43/><E102/><V38/><F38/><W90/><G90/><T15/><D62/><U47/><E58/><V24/><F24/><W132/><G132/><T22/><D22/><U116/><E116/><V110/><F110/><W2/><G2/><T54/><D41/><U3/><E82/><V122/><F122/><W88/><G88/><T60/><D60/><U117/><E13/><V1/><F11/><W65/><G65/><T107/><D107/><U118/><E118/><V29/><F29/><W131/><G131/><T49/><D40/><U109/><E117/><V48/><REACH who="2" step="1"/><F91/><REACH who="2" ten="234,307,234,215" step="2"/><W51/><G51/><T37/><D37/><U69/><E109/><V93/><AGARI ba="2,1" hai="1,7,8,48,53,57,76,77,78,83,87,89,93,99" machi="93" ten="30,7900,0" yaku="1,1,2,1,0,1,53,1" doraHai="25" doraHaiUra="0" who="2" fromWho="2" sc="234,-22,307,-41,234,95,215,-22" />
</Scene>
<Scene>
<INIT seed="2,0,0,1,0,131" ten="212,266,329,193" oya="2" hai0="80,27,13,98,103,34,11,36,87,60,135,84,68" hai1="7,5,59,113,19,100,66,17,58,8,6,23,81" hai2="133,122,101,86,78,64,93,124,74,57,108,99,90" hai3="12,53,40,4,18,67,16,114,39,95,130,49,37"/><V123/><F64/><W85/><G85/><T56/><D36/><U106/><E113/><V20/><F57/><N who="1" m="21513" /><E106/><N who="2" m="63807" /><F20/><W96/><G96/><T128/><D128/><U9/><E100/><V109/><F124/><W75/><G75/><T110/><D110/><N who="2" m="42602" /><F133/><W117/><G117/><T107/><D68/><U73/><E73/><V43/><F43/><W33/><G33/><T48/><D48/><U126/><E66/><V111/><F111/><W69/><G69/><T35/><D87/><U118/><E118/><V61/><F61/><W3/><G3/><T15/><D135/><U31/><E126/><V70/><F70/><W134/><G134/><T116/><D116/><U45/><E45/><V63/><F63/><W97/><G97/><T2/><D2/><U115/><E81/><AGARI ba="0,0" hai="74,78,81,86,90,93,122,123" m="42602,63807" machi="81" ten="30,12000,1" yaku="24,1,14,1,10,1,34,2" doraHai="131" who="2" fromWho="1" sc="212,0,266,-120,329,120,193,0" />
</Scene>
<Scene>
<INIT seed="2,1,0,5,4,95" ten="212,146,449,193" oya="2" hai0="82,99,11,20,61,31,109,26,131,115,79,71,47" hai1="8,126,58,48,103,93,68,60,41,28,132,12,9" hai2="69,107,105,76,112,36,7,90,24,108,81,130,0" hai3="92,74,80,67,21,124,75,34,62,72,27,97,45"/><V106/><F112/><W14/><G14/><T33/><D115/><U134/><E132/><V35/><F36/><W43/><G43/><T70/><D109/><U64/><E134/><V111/><F69/><W10/><G10/><T50/><D131/><U120/><E126/><V54/><F130/><W18/><G18/><T52/><D11/><U51/><E51/><V1/><BYE who="1" /><F54/><UN n1="%E2%97%8E%E9%BB%92%E7%8B%BC%E2%97%8E" /><W57/><G57/><T17/><D99/><N who="1" m="59887" /><E120/><V42/><F42/><W129/><G129/><T63/><D71/><U114/><E68/><V53/><F53/><W87/><G87/><T29/><D70/><U122/><E122/><V32/><F90/><W101/><G101/><T66/><D33/><N who="2" m="12874" /><F24/><W104/><G104/><T84/><REACH who="0" step="1"/><D63/><REACH who="0" ten="202,146,449,193" step="2"/><U3/><E114/><V127/><F127/><W6/><G6/><T113/><D113/><U77/><E3/><V4/><F1/><W110/><G110/><T85/><D85/><U78/><E41/><V135/><F135/><W13/><G13/><T91/><D91/><U23/><E48/><V22/><F0/><W102/><G102/><T37/><D37/><U125/><E125/><V96/><F96/><W123/><G123/><T133/><D133/><U15/><E8/><V117/><F108/><W88/><G88/><T116/><D116/><U46/><E15/><V19/><F111/><W40/><G40/><T56/><AGARI ba="1,1" hai="17,20,26,29,31,47,50,52,56,61,66,79,82,84" machi="56" ten="20,8000,1" yaku="1,1,0,1,7,1,8,1,54,1,53,0" doraHai="95" doraHaiUra="119" who="0" fromWho="0" sc="202,93,146,-21,449,-41,193,-21" />
</Scene>
<Scene>
<INIT seed="3,0,0,1,4,30" ten="295,125,408,172" oya="3" hai0="53,106,36,43,42,135,44,124,26,109,33,84,114" hai1="113,102,11,34,63,29,107,39,7,58,13,95,40" hai2="4,122,17,92,112,85,132,120,118,52,77,60,126" hai3="6,16,103,86,62,96,101,24,45,10,108,115,2"/><W23/><G23/><T80/><D109/><U73/><E113/><V61/><F112/><W37/><G37/><T90/><D114/><U134/><E134/><V81/><F132/><W25/><G25/><T1/><D135/><U56/><E95/><V12/><F4/><W78/><G78/><T38/><D124/><U105/><E58/><V93/><F126/><W98/><G98/><T133/><D133/><U79/><E56/><N who="2" m="34823" /><F61/><W64/><G64/><T69/><D69/><U5/><E5/><V57/><F57/><W32/><G32/><T88/><D106/><U0/><E13/><V18/><F118/><W104/><G104/><T111/><D111/><U67/><E63/><V70/><F70/><W97/><G97/><T83/><D1/><U66/><E66/><V68/><F68/><W41/><G41/><T46/><D53/><U9/><E9/><N who="2" m="6287" /><F18/><W89/><G89/><T3/><D3/><U19/><E19/><V14/><F14/><W48/><G48/><T76/><D80/><U47/><E67/><V74/><F74/><W94/><G94/><T116/><D116/><U131/><E131/><V91/><F77/><W8/><G8/><T49/><D49/><U130/><E130/><V35/><F35/><W65/><G65/><T128/><D128/><U119/><E119/><V54/><F54/><W71/><G71/><T31/><AGARI ba="0,0" hai="26,31,33,36,38,42,43,44,46,76,83,84,88,90" machi="31" ten="30,7900,0" yaku="0,1,9,1,52,1,54,1" doraHai="30" who="0" fromWho="0" sc="295,79,125,-20,408,-20,172,-39" owari="374,17.0,105,-39.0,388,49.0,133,-27.0" />
</Scene>
</mjloggm>