<mjloggm ver="2.3"><GO type="97"/><UN n0="%63%61%6D%70%61%6E%79" n1="%E3%82%AB%E3%83%BC%E3%83%95" n2="%E5%A4%AA%E3%81%8F%E3%81%AA%E3%81%84%E3%81%8A" n3="%E4%BF%8A%E6%95%8F%E5%B7%AE%E3%81%97" dan="14,14,15,13" rate="1949,1869,2028,1880" sx="M,M,M,M"/><TAIKYOKU oya="0"/>

<Scene>
<INIT seed="0,0,0,3,2,86" ten="250,250,250,250" oya="0" hai0="69,48,94,77,8,102,78,13,0,52,2,53,22" hai1="30,33,72,15,120,112,91,36,82,98,119,130,64" hai2="121,104,111,107,87,9,14,7,34,114,28,4,1" hai3="68,24,126,44,43,50,131,89,27,39,16,21,29"/><T67/><D69/><U93/><E15/><V116/><F114/><W38/><G131/><T5/><D67/><U19/><E64/><V95/><F121/><W125/><G68/><T132/><D0/><U118/><E30/><V18/><F111/><W17/><G17/><T61/><D132/><U79/><E19/><V103/><F116/><N who="1" m="44585" /><E36/><V122/><F122/><W117/><G117/><T45/><D2/><U65/><E65/><V74/><F74/><W129/><G129/><T109/><D109/><U25/><E25/><N who="2" m="18703" /><F7/><W124/><G89/><T85/><D22/><AGARI ba="0,0" hai="16,21,22,24,27,29,38,39,43,44,50,124,125,126" machi="22" ten="40,2600,0" yaku="18,1,54,1" doraHai="86" who="3" fromWho="0" sc="250,-26,250,0,250,0,250,26" />
</Scene>
<Scene>
<INIT seed="1,0,0,1,1,128" ten="224,250,250,276" oya="1" hai0="102,119,79,4,67,65,113,22,13,60,98,32,109" hai1="17,41,6,112,121,135,34,56,0,63,52,54,51" hai2="49,40,78,124,100,77,80,85,81,20,76,90,106" hai3="23,47,26,118,127,45,30,24,18,53,94,68,75"/><U64/><E112/><V15/><F124/><W25/><G127/><T132/><D32/><U105/><E121/><V16/><F106/><W70/><G75/><T2/><D2/><U130/><E105/><V11/><F100/><W7/><G118/><T89/><D119/><U108/><E34/><V37/><F37/><W36/><G7/><T86/><D113/><U27/><E130/><V57/><F11/><W62/><G36/><T43/><D79/><U104/><E104/><V21/><F21/><W122/><G122/><T129/><D43/><U42/><E0/><V5/><F5/><W103/><G70/><T117/><D129/><U126/><E6/><V84/><REACH who="2" step="1"/><F57/><REACH who="2" ten="224,250,240,276" step="2"/><N who="3" m="35119" /><G68/><T59/><D117/><U125/><E126/><V19/><F19/><W95/><G30/><T83/><D109/><U29/><E125/><V115/><F115/><W31/><G31/><T96/><D102/><U14/><E29/><V55/><F55/><W92/><G103/><T48/><D67/><U58/><E108/><V69/><F69/><W9/><G9/><N who="0" m="4263" /><D22/><U1/><E17/><V123/><F123/><W116/><G116/><T99/><D132/><U73/><E135/><V10/><F10/><W12/><AGARI ba="0,1" hai="12,18,23,24,25,26,45,47,92,94,95" m="35119" machi="12" ten="30,1100,0" yaku="8,1" doraHai="128" who="3" fromWho="3" sc="224,-3,250,-5,240,-3,276,21" />
</Scene>
<Scene>
<INIT seed="2,0,0,4,4,96" ten="221,245,237,297" oya="2" hai0="15,21,127,31,133,114,43,95,18,10,77,29,110" hai1="36,76,121,115,125,129,11,19,38,99,112,60,108" hai2="4,51,32,82,47,132,16,13,39,83,102,52,49" hai3="57,9,44,117,37,42,22,81,67,26,65,78,90"/><V122/><F122/><W0/><G117/><T107/><D107/><U7/><E121/><V23/><F32/><W85/><G57/><T113/><D43/><U25/><E99/><V100/><F39/><W50/><G37/><T109/><D77/><U84/><E76/><V8/><F132/><W28/><G90/><T58/><D58/><U103/><E84/><V33/><F33/><W73/><G73/><T89/><D133/><U88/><E60/><V120/><F120/><W17/><G0/><T62/><D62/><U1/><E19/><V119/><F119/><W75/><G75/><T98/><D127/><U97/><E97/><V64/><F64/><W56/><G56/><T3/><D3/><U128/><E1/><V79/><F51/><W101/><G101/><N who="2" m="39017" /><F79/><W61/><G61/><T41/><D41/><U68/><E103/><V92/><F92/><W55/><G42/><T35/><D35/><U45/><E68/><V126/><F126/><W12/><AGARI ba="0,0" hai="9,12,17,22,26,28,44,50,55,65,67,78,81,85" machi="12" ten="30,2000,0" yaku="0,1,8,1" doraHai="96" who="3" fromWho="3" sc="221,-5,245,-5,237,-10,297,20" />
</Scene>
<Scene>
<INIT seed="3,0,0,4,4,23" ten="216,240,227,317" oya="3" hai0="85,0,99,61,83,127,67,11,2,97,53,68,40" hai1="1,38,86,44,123,135,103,50,93,54,42,52,15" hai2="78,96,74,37,92,47,72,125,109,6,132,19,81" hai3="102,58,28,100,108,110,119,104,113,45,14,46,107"/><W24/><G113/><T112/><D127/><U48/><E123/><V75/><F125/><W4/><G58/><T34/><D34/><U120/><E120/><V89/><F109/><N who="3" m="42091" /><G119/><T106/><D112/><U70/><E1/><V128/><F128/><W105/><G14/><T115/><D115/><U8/><E135/><V69/><F132/><W90/><G90/><T5/><D2/><U41/><E70/><V134/><F69/><W101/><G4/><T59/><D40/><U7/><E38/><V71/><F71/><W9/><G9/><T33/><D106/><U94/><E94/><V66/><F66/><W129/><G129/><T98/><D33/><AGARI ba="0,0" hai="24,28,33,45,46,100,101,102,104,105,107" m="42091" machi="33" ten="40,7700,0" yaku="14,1,10,1,52,1" doraHai="23" who="3" fromWho="0" sc="216,-77,240,0,227,0,317,77" owari="139,-36.0,240,4.0,227,-17.0,394,49.0" />
</Scene>
</mjloggm>