<mjloggm ver="2.3"><GO type="169"/><UN n0="%E5%A4%AA%E3%81%8F%E3%81%AA%E3%81%84%E3%81%8A" n1="%E3%83%A4%E3%82%AD%E3%83%B3" n2="%E3%81%B5%E3%81%8B%E3%81%BF" n3="%73%65%69%79%61%6A%70%35" dan="17,17,17,16" rate="2186,2167,2164,2125" sx="M,M,F,M"/><TAIKYOKU oya="0"/>

<Scene>
<INIT seed="0,0,0,1,4,14" ten="250,250,250,250" oya="0" hai0="43,109,39,3,0,87,90,44,80,93,11,97,45" hai1="16,35,6,50,86,21,83,31,18,4,133,108,12" hai2="89,125,95,37,55,77,47,124,22,51,135,104,101" hai3="23,28,29,68,85,64,127,122,53,72,114,27,32"/><T73/><D109/><U66/><E35/><V65/><F135/><W9/><G122/><T75/><D45/><U84/><E108/><V19/><F77/><W100/><G72/><T98/><D98/><U74/><E74/><V117/><F117/><W36/><G36/><T121/><D121/><U52/><E31/><V26/><F65/><W33/><G114/><T57/><D57/><N who="1" m="32919" /><E66/><V13/><F37/><W82/><G100/><T8/><D8/><N who="1" m="6151" /><E133/><V79/><F79/><W40/><G64/><T123/><D123/><U128/><E128/><V5/><F101/><W112/><G29/><T113/><D113/><U59/><E59/><V111/><F104/><W54/><G28/><T61/><D3/><U110/><E110/><V46/><F111/><W69/><G68/><T88/><REACH who="0" step="1"/><D61/><REACH who="0" ten="240,250,250,250" step="2"/><U42/><E42/><V1/><F1/><W10/><G40/><T70/><D70/><U129/><E129/><V81/><F46/><W120/><G69/><T25/><D25/><N who="1" m="14519" /><E86/><V2/><F2/><W94/><G112/><T49/><D49/><U105/><E105/><V119/><F51/><W71/><G85/><T30/><D30/><U58/><E58/><V17/><F47/><W7/><G71/><T20/><D20/><U63/><E63/><V130/><F22/><W107/><G33/><T116/><D116/><U131/><E131/><V78/><F119/><W92/><G32/><T102/><D102/><U34/><E34/><V126/><F130/><W118/><G120/><T99/><D99/><U91/><AGARI ba="0,1" hai="4,6,83,84,91" m="14519,6151,32919" machi="91" ten="30,8000,1" yaku="8,1,52,2,54,2" doraHai="14" who="1" fromWho="1" sc="240,-40,250,90,250,-20,250,-20" />
</Scene>
<Scene>
<INIT seed="1,0,0,1,0,86" ten="200,340,230,230" oya="1" hai0="26,43,113,128,20,71,72,27,115,42,10,66,88" hai1="24,75,125,77,124,135,57,28,112,58,122,62,34" hai2="111,114,101,133,107,56,40,100,50,18,53,85,47" hai3="110,4,15,19,6,79,52,60,36,96,74,99,120"/><U94/><E112/><V35/><F114/><W23/><G120/><T54/><D72/><U31/><E122/><V14/><F111/><W83/><G36/><T38/><D128/><U132/><E75/><V30/><F133/><N who="1" m="51273" /><E77/><V90/><F107/><W119/><G119/><T68/><D10/><U2/><E2/><V61/><F30/><W59/><REACH who="3" step="1"/><G110/><REACH who="3" ten="200,340,230,220" step="2"/><T7/><D38/><U95/><E124/><V29/><F29/><W123/><G123/><T13/><D115/><U105/><E125/><V16/><F35/><W116/><G116/><T84/><D113/><U25/><E31/><V76/><F76/><W121/><G121/><T78/><D78/><U97/><E28/><V131/><F131/><W134/><G134/><T106/><D106/><U104/><E34/><V92/><REACH who="2" step="1"/><F18/><REACH who="2" ten="200,340,220,220" step="2"/><W73/><G73/><T63/><D7/><AGARI ba="0,2" hai="4,6,7,15,19,23,52,59,60,74,79,83,96,99" machi="7" ten="40,2600,0" yaku="1,1,54,1,53,0" doraHai="86" doraHaiUra="102" who="3" fromWho="0" sc="200,-26,340,0,220,0,220,46" />
</Scene>
<Scene>
<INIT seed="2,0,0,0,0,98" ten="174,340,220,266" oya="2" hai0="100,113,126,59,131,122,80,72,86,20,8,24,47" hai1="103,127,2,73,0,133,101,57,120,52,84,68,62" hai2="1,25,53,14,58,36,38,116,50,12,123,42,105" hai3="15,51,117,3,13,106,79,37,77,81,90,61,26"/><V78/><F1/><W99/><G117/><T54/><D113/><U108/><E73/><V64/><F116/><W130/><G3/><T102/><D122/><U11/><E68/><V112/><F112/><W44/><G37/><T27/><D72/><U132/><E108/><V32/><F123/><W49/><G130/><T91/><D131/><U134/><E120/><V23/><F32/><W41/><G26/><T128/><D128/><U70/><E127/><V18/><F78/><W76/><G106/><T85/><D126/><U95/><E70/><V89/><F105/><W19/><G61/><N who="0" m="36087" /><D47/><U33/><E33/><V35/><F35/><W124/><G124/><T46/><D46/><U6/><E2/><V87/><F64/><W56/><G19/><N who="0" m="12319" /><D8/><U75/><E75/><V110/><F110/><W107/><G107/><T114/><D114/><U135/><E135/><V10/><F42/><W97/><G81/><N who="0" m="49583" /><D27/><U45/><E45/><V109/><F109/><W29/><G90/><AGARI ba="0,0" hai="80,86,90,100,102" m="49583,12319,36087" machi="90" ten="30,3900,0" yaku="8,1,52,2" doraHai="98" who="0" fromWho="3" sc="174,39,340,0,220,0,266,-39" /><AGARI ba="0,0" hai="0,6,11,52,57,62,84,90,95,101,103,132,133,134" machi="90" ten="40,8000,1" yaku="20,1,52,2,54,1" doraHai="98" who="1" fromWho="3" sc="213,0,340,80,220,0,227,-80" />
</Scene>
<Scene>
<INIT seed="3,0,0,2,4,61" ten="213,420,220,147" oya="3" hai0="21,51,23,93,76,134,25,129,75,36,88,106,20" hai1="105,12,34,39,87,90,84,66,13,70,49,67,114" hai2="8,101,24,0,35,33,55,56,45,42,109,122,10" hai3="107,78,77,65,6,26,48,11,127,57,2,3,92"/><W115/><G107/><T16/><D36/><U98/><E39/><V100/><F109/><W102/><G115/><T133/><D106/><U104/><E34/><V7/><F122/><W27/><G127/><T68/><D68/><U17/><E70/><V18/><F35/><W69/><G69/><T94/><D129/><U58/><E105/><V125/><F125/><W54/><G3/><T119/><D119/><U41/><E104/><V22/><F33/><W50/><G50/><T47/><D75/><U116/><E114/><V71/><F71/><W121/><G121/><T97/><D76/><U40/><E98/><V15/><F55/><W52/><G65/><N who="1" m="24586" /><E116/><V80/><F56/><W99/><REACH who="3" step="1"/><G54/><REACH who="3" ten="213,420,220,137" step="2"/><N who="0" m="30079" /><D134/><U28/><E49/><V128/><F128/><W111/><G111/><T29/><D133/><U85/><E58/><V63/><F63/><W53/><G53/><T81/><D81/><U95/><E41/><V96/><F80/><W120/><G120/><T38/><D38/><U60/><E40/><V135/><F135/><W103/><G103/><N who="0" m="60847" /><D29/><U82/><E28/><V132/><F132/><W79/><AGARI ba="0,1" hai="2,6,11,26,27,48,52,57,77,78,79,92,99,102" machi="79" ten="30,6000,0" yaku="1,1,0,1,54,1,53,0" doraHai="61" doraHaiUra="131" who="3" fromWho="3" sc="213,-20,420,-20,220,-20,137,70" />
</Scene>
<Scene>
<INIT seed="3,1,0,3,5,53" ten="193,400,200,207" oya="3" hai0="23,82,20,11,70,116,55,84,6,24,85,123,25" hai1="133,79,46,101,91,71,7,35,132,26,43,49,59" hai2="115,41,105,128,31,87,30,44,121,94,113,62,51" hai3="64,39,130,9,56,16,18,72,99,58,12,48,22"/><W125/><G72/><T118/><D123/><U36/><E79/><V114/><F105/><W134/><G39/><T69/><D55/><N who="1" m="32239" /><E101/><V4/><F121/><W109/><G134/><N who="1" m="51818" /><E91/><V60/><F128/><W73/><G125/><T112/><D112/><U81/><E81/><V92/><F4/><W63/><G73/><T40/><D40/><U77/><E77/><V34/><F34/><W89/><G130/><T78/><D6/><U110/><E71/><V10/><F10/><W57/><G109/><T103/><D11/><U8/><E110/><V37/><F87/><W90/><G48/><T1/><D103/><U29/><E8/><V96/><F51/><W135/><G135/><T13/><D78/><U17/><E7/><V122/><F122/><W15/><G90/><T32/><D82/><U102/><E102/><V119/><F96/><W75/><G75/><T61/><D32/><U93/><E93/><AGARI ba="1,0" hai="9,12,15,16,18,22,56,57,58,63,64,89,93,99" machi="93" ten="40,12000,1" yaku="8,1,52,3,54,1" doraHai="53" who="3" fromWho="1" sc="193,0,400,-123,200,0,207,123" />
</Scene>
<Scene>
<INIT seed="3,2,0,0,1,85" ten="193,277,200,330" oya="3" hai0="76,119,37,111,88,23,41,73,24,13,133,56,17" hai1="47,63,79,108,1,132,69,107,129,126,40,9,124" hai2="61,97,123,81,128,39,32,35,83,109,38,2,113" hai3="0,65,117,60,52,44,29,75,84,25,11,103,22"/><W53/><G117/><T62/><D119/><U82/><E107/><V4/><F113/><W90/><G75/><T6/><D111/><U48/><E1/><V68/><F2/><W127/><G127/><N who="1" m="48682" /><E9/><V116/><F4/><W131/><G131/><T42/><D133/><U106/><E106/><V135/><F116/><W91/><G103/><T58/><D73/><U70/><E108/><V110/><F135/><W112/><G112/><T8/><D76/><U120/><E132/><V64/><F128/><W87/><G0/><T36/><D36/><U125/><E129/><V67/><F97/><W78/><G78/><T31/><D37/><U7/><E7/><V94/><F94/><N who="3" m="54599" /><G11/><T89/><D56/><U28/><E120/><V12/><F68/><W20/><G44/><T19/><D42/><U96/><E125/><V16/><F123/><W59/><G20/><T122/><D41/><U98/><E70/><V45/><F45/><W115/><G115/><T105/><D105/><U15/><E69/><V57/><F57/><W130/><G130/><T66/><D122/><U99/><E47/><V71/><F71/><W134/><G134/><T54/><D66/><U43/><E43/><V92/><F110/><W101/><G101/><T27/><D6/><U30/><E40/><V72/><F109/><W18/><G18/><T49/><D62/><U74/><E63/><V51/><F61/><W104/><G104/><T21/><AGARI ba="2,0" hai="8,13,17,19,21,23,24,27,31,49,54,58,88,89" machi="21" ten="20,12000,2" yaku="0,1,7,1,8,1,52,2,54,1" doraHai="85" who="0" fromWho="0" sc="193,126,277,-32,200,-32,330,-62" />
</Scene>
<Scene>
<INIT seed="4,0,0,3,5,54" ten="319,245,168,268" oya="0" hai0="12,133,93,78,129,135,21,124,79,100,56,80,66" hai1="62,90,51,73,63,16,121,92,45,76,48,120,91" hai2="6,42,86,134,13,109,64,105,33,34,102,101,108" hai3="1,75,57,10,52,84,4,125,9,67,49,35,37"/><T5/><D124/><U14/><E73/><V17/><F6/><W74/><G125/><T87/><D129/><U38/><E38/><V40/><F64/><W95/><G37/><T116/><D116/><U28/><E76/><V23/><F134/><N who="0" m="51210" /><D79/><U47/><E28/><V18/><F86/><W88/><G35/><T111/><D111/><U61/><E120/><V81/><F81/><W50/><G67/><T94/><D100/><U82/><E121/><V26/><F105/><W39/><G39/><T55/><D66/><U8/><E82/><V69/><F13/><W127/><G127/><T2/><D2/><U11/><E11/><V27/><REACH who="2" step="1"/><F23/><REACH who="2" ten="319,245,158,268" step="2"/><W119/><G119/><T103/><D5/><U118/><E118/><V131/><F131/><W41/><REACH who="3" step="1"/><G10/><REACH who="3" ten="319,245,158,258" step="2"/><T32/><D32/><U126/><E126/><V99/><F99/><W30/><G30/><T72/><D21/><U24/><E8/><V59/><F59/><W53/><G53/><T113/><D56/><U36/><E47/><AGARI ba="0,2" hai="1,4,9,41,47,49,50,52,57,74,75,84,88,95" machi="47" ten="40,8000,1" yaku="1,1,52,1,54,2,53,0" doraHai="54" doraHaiUra="96" who="3" fromWho="1" sc="319,0,245,-80,158,0,258,100" />
</Scene>
<Scene>
<INIT seed="5,0,0,1,5,69" ten="319,165,158,358" oya="1" hai0="110,124,60,132,117,52,45,72,107,35,115,85,15" hai1="12,47,43,13,78,98,7,24,122,6,17,83,105" hai2="75,49,28,36,82,51,104,0,25,88,48,103,30" hai3="40,23,46,113,57,10,56,67,99,65,61,106,14"/><U77/><E122/><V58/><F0/><W116/><G113/><T4/><D110/><U100/><E24/><V3/><F3/><W97/><G116/><T91/><D117/><U135/><E135/><V21/><F36/><W90/><G106/><T59/><D35/><U53/><E53/><V76/><F30/><W9/><G23/><T81/><D107/><U31/><E31/><V111/><F111/><W130/><G130/><T50/><D115/><U41/><E41/><V80/><F104/><W101/><G101/><T19/><D132/><U92/><E105/><V1/><F1/><W38/><G90/><T34/><D34/><U114/><E114/><V26/><F103/><W22/><G22/><T120/><D120/><U33/><E33/><V112/><F26/><W63/><REACH who="3" step="1"/><G10/><REACH who="3" ten="319,165,158,348" step="2"/><T5/><D124/><U71/><E100/><V93/><F112/><W32/><G32/><T55/><D72/><U18/><E78/><V102/><F102/><W87/><G87/><T123/><D123/><U64/><E77/><V126/><F126/><W42/><G42/><T109/><D109/><U131/><E43/><V127/><F127/><W118/><G118/><T89/><D89/><U11/><E131/><V125/><F125/><W84/><G84/><T39/><D39/><U119/><E119/><V66/><F76/><W108/><G108/><T16/><D19/><AGARI ba="0,1" hai="9,14,19,38,40,46,56,57,61,63,65,67,97,99" machi="19" ten="30,7700,0" yaku="1,1,7,1,9,1,52,1,53,0" doraHai="69" doraHaiUra="129" who="3" fromWho="0" sc="319,-77,165,0,158,0,348,87" />
</Scene>
<Scene>
<INIT seed="6,0,0,3,4,9" ten="242,165,158,435" oya="2" hai0="72,135,104,44,43,45,60,83,122,126,35,46,58" hai1="38,53,30,94,77,15,109,67,2,1,3,89,106" hai2="64,19,115,103,48,70,128,63,91,24,50,56,90" hai3="133,18,100,107,20,61,99,82,51,31,36,25,96"/><V16/><F115/><W26/><G133/><T6/><D122/><U76/><E109/><V13/><F128/><W125/><G36/><T123/><D123/><U93/><E106/><V71/><F103/><W118/><G118/><T28/><D104/><U22/><E38/><V59/><F24/><W54/><G125/><T10/><D126/><U12/><E67/><V27/><F27/><W102/><G61/><T79/><D135/><U39/><E39/><V32/><F32/><W74/><G82/><T121/><D121/><U84/><E30/><V23/><F19/><W69/><G74/><T14/><D35/><U8/><E53/><N who="2" m="31799" /><F70/><W85/><G85/><T124/><D124/><U92/><E22/><V111/><F71/><W87/><G87/><T55/><REACH who="0" step="1"/><D28/><REACH who="0" ten="232,165,158,435" step="2"/><U98/><E8/><V101/><F111/><W42/><G107/><T17/><D17/><U75/><E75/><V131/><F131/><W29/><G18/><T65/><D65/><U130/><E130/><V41/><F101/><W134/><G102/><T73/><D73/><U108/><E108/><V68/><F68/><W127/><G100/><T33/><D33/><U66/><E66/><V113/><F113/><W120/><G31/><T62/><D62/><U52/><E98/><V0/><F0/><W4/><G29/><T81/><D81/><U49/><E3/><V78/><F63/><W7/><G134/><T112/><D112/><U119/><E2/><V86/><F64/><W129/><G127/><T40/><AGARI ba="0,1" hai="6,10,14,40,43,44,45,46,55,58,60,72,79,83" machi="40" ten="30,4000,0" yaku="1,1,0,1,52,1,53,0" doraHai="9" doraHaiUra="132" who="0" fromWho="0" sc="232,50,165,-10,158,-20,435,-10" />
</Scene>
<Scene>
<INIT seed="7,0,0,5,1,111" ten="282,155,138,425" oya="3" hai0="112,17,83,70,82,11,97,47,76,32,51,1,7" hai1="26,54,68,55,98,94,88,25,18,90,8,120,77" hai2="37,62,116,122,73,48,91,129,27,42,130,84,131" hai3="57,96,102,65,58,35,75,24,127,99,36,40,41"/><W29/><G75/><T74/><D70/><U64/><E68/><V93/><F116/><W44/><G127/><T92/><D32/><U134/><E120/><V2/><F122/><W85/><G41/><T105/><D105/><U114/><E114/><V49/><F2/><W78/><G96/><T104/><D104/><U79/><E134/><V20/><F73/><W113/><G113/><T14/><D83/><U9/><E64/><V59/><F42/><W126/><G126/><T121/><D121/><U33/><E33/><V30/><REACH who="2" step="1"/><F37/><REACH who="2" ten="282,155,128,425" step="2"/><W61/><G58/><T52/><D112/><U21/><E90/><V46/><F46/><W72/><G85/><T22/><D1/><U53/><E79/><V69/><F69/><W107/><G72/><T95/><D74/><U110/><E110/><V23/><F23/><W123/><G78/><T4/><D22/><N who="1" m="13527" /><E77/><V100/><F100/><W119/><G123/><T118/><D118/><U115/><E115/><V13/><F13/><W28/><G119/><T124/><D124/><U101/><E101/><V71/><F71/><W60/><G29/><AGARI ba="0,1" hai="8,9,21,26,29,53,54,55,88,94,98" m="13527" machi="29" ten="30,2000,0" yaku="8,1,54,1" doraHai="111" who="1" fromWho="3" sc="282,0,155,30,128,0,425,-20" owari="282,8.0,185,-21.0,128,-37.0,405,50.0" />
</Scene>
</mjloggm>