<mjloggm ver="2.3"><GO type="97"/><UN n0="%E5%A4%AA%E3%81%8F%E3%81%AA%E3%81%84%E3%81%8A" n1="%66%69%63%65" n2="%50%49%41%4E%4F%54%45%43" n3="%E3%81%A1%E3%81%8F%E3%82%8F%E9%87%8E%E9%83%8E%E3%83%80%E3%83%A0%E5%A4%AA" dan="13,15,14,14" rate="2045,2036,1877,1961" sx="M,M,M,F"/><TAIKYOKU oya="0"/>

<Scene>
<INIT seed="0,0,0,5,3,31" ten="250,250,250,250" oya="0" hai0="103,77,64,98,86,93,3,128,8,118,7,132,117" hai1="105,94,12,67,130,45,17,90,2,112,60,80,116" hai2="30,82,107,23,14,74,16,48,35,15,9,13,10" hai3="83,123,135,22,79,0,44,119,34,106,75,57,129"/><T68/><D132/><U109/><E116/><V5/><F107/><W92/><G22/><T38/><D38/><U70/><E2/><N who="2" m="183" /><F48/><W78/><G44/><T99/><D128/><U66/><E105/><V42/><F82/><W134/><G57/><T21/><D21/><U72/><E130/><V88/><F88/><W36/><G92/><T111/><D111/><U40/><E109/><V59/><F59/><W19/><G19/><T69/><D98/><U76/><E112/><V24/><F42/><W100/><G100/><T62/><REACH who="0" step="1"/><D69/><REACH who="0" ten="240,250,250,250" step="2"/><U113/><E113/><V56/><F74/><W52/><G75/><T32/><D32/><U97/><E70/><V81/><F35/><W102/><G34/><T11/><D11/><U87/><E72/><V91/><F10/><W58/><G134/><T41/><D41/><U20/><REACH who="1" step="1"/><E60/><REACH who="1" ten="240,240,250,250" step="2"/><V89/><F23/><W61/><G135/><T37/><D37/><AGARI ba="0,2" hai="12,17,20,37,40,45,66,67,76,80,87,90,94,97" machi="37" ten="30,3900,0" yaku="1,1,2,1,7,1,53,0" doraHai="31" doraHaiUra="47" who="1" fromWho="0" sc="240,-39,240,59,250,0,250,0" />
</Scene>
<Scene>
<INIT seed="1,0,0,3,3,42" ten="201,299,250,250" oya="1" hai0="3,107,55,15,85,53,69,133,27,127,1,125,12" hai1="68,26,61,95,18,106,76,41,51,19,83,43,35" hai2="54,9,91,110,87,112,126,89,115,73,72,50,99" hai3="131,46,56,121,100,128,117,34,82,70,78,13,129"/><U17/><E106/><V105/><F126/><N who="0" m="48138" /><D107/><U65/><E95/><V21/><F110/><W45/><G121/><T114/><D114/><N who="2" m="43562" /><F9/><W104/><G70/><T124/><N who="0" m="48146" /><T75/><DORA hai="39" /><D75/><U108/><E108/><V38/><F38/><W94/><G34/><T11/><D69/><U98/><E98/><V116/><F21/><W132/><G132/><T30/><D133/><U23/><E35/><V49/><F49/><W2/><G2/><N who="0" m="523" /><D85/><U33/><E33/><V14/><F14/><N who="0" m="5162" /><D11/><U77/><E51/><V74/><F50/><W28/><G117/><T57/><D57/><U67/><E67/><V0/><F116/><W44/><G56/><T93/><D93/><U7/><E7/><V22/><F105/><W102/><G104/><T123/><D123/><U60/><E60/><V6/><F87/><N who="3" m="48599" /><G13/><T111/><D111/><U88/><E77/><V118/><F118/><W24/><G94/><T71/><D71/><U63/><E63/><V119/><F119/><W31/><G24/><T84/><D84/><N who="1" m="50207" /><E68/><V48/><F72/><W92/><G92/><T47/><D47/><N who="3" m="12033" /><W101/><AGARI ba="0,0" hai="28,31,100,101,102,128,129,131" m="12033,48599" machi="101" ten="50,12000,2" yaku="4,1,19,1,52,4" doraHai="42,39" who="3" fromWho="3" sc="201,-30,299,-60,250,-30,250,120" />
</Scene>
<Scene>
<INIT seed="2,0,0,4,4,98" ten="171,239,220,370" oya="2" hai0="31,49,43,101,132,72,48,19,41,29,116,69,73" hai1="121,27,109,134,53,91,22,32,90,85,68,11,9" hai2="128,45,96,64,0,10,23,89,71,17,57,59,80" hai3="110,2,36,82,126,63,125,117,114,70,78,67,95"/><V3/><F71/><W100/><G117/><T131/><D69/><U7/><E68/><V47/><F128/><W133/><G2/><T38/><D131/><U87/><E109/><V104/><F3/><W111/><G114/><T12/><D38/><U118/><E118/><V24/><F0/><W1/><G1/><T46/><D116/><U54/><E134/><V25/><F10/><W30/><G30/><T26/><D132/><U8/><E32/><V40/><F47/><W52/><G52/><N who="1" m="20074" /><E121/><V84/><F64/><W113/><G36/><T35/><D31/><U103/><E7/><V42/><F25/><W21/><G21/><T15/><D101/><U50/><E50/><V18/><F18/><W4/><G4/><T86/><D86/><N who="1" m="32779" /><E22/><V6/><F6/><W14/><G14/><T83/><D83/><U60/><E27/><V58/><REACH who="2" step="1"/><F45/><REACH who="2" ten="171,239,210,370" step="2"/><W37/><G133/><T94/><D19/><U93/><E60/><V108/><F108/><W76/><G113/><T44/><REACH who="0" step="1"/><D94/><REACH who="0" ten="161,239,210,370" step="2"/><U130/><E130/><V97/><F97/><AGARI ba="0,2" hai="8,9,11,90,91,93,97,103" m="32779,20074" machi="97" ten="30,3900,0" yaku="8,1,52,1,54,1" doraHai="98" who="1" fromWho="2" sc="161,0,239,59,210,-39,370,0" />
</Scene>
<Scene>
<INIT seed="3,0,0,5,1,63" ten="161,298,171,370" oya="3" hai0="39,112,36,131,22,68,30,17,96,57,114,20,33" hai1="74,86,48,70,71,46,27,56,81,79,76,29,14" hai2="13,50,12,65,41,93,108,75,97,38,134,98,124" hai3="127,110,25,8,121,45,133,0,18,82,11,107,73"/><W90/><G107/><T92/><D68/><U126/><E126/><V62/><F75/><W123/><G110/><T42/><D131/><U53/><E14/><V89/><F38/><N who="0" m="14378" /><D42/><U58/><E74/><V101/><F108/><W40/><G133/><T32/><D57/><U69/><REACH who="1" step="1"/><E79/><REACH who="1" ten="161,288,171,370" step="2"/><V116/><F124/><W55/><G127/><T23/><D30/><U94/><E94/><V122/><F13/><W132/><G73/><T83/><D83/><U130/><E130/><V4/><F12/><W80/><G82/><T1/><D1/><U115/><E115/><N who="0" m="44073" /><D17/><U34/><AGARI ba="0,1" hai="27,29,34,46,48,53,56,58,69,70,71,76,81,86" machi="34" ten="30,2000,0" yaku="1,1,0,1,53,0" doraHai="63" doraHaiUra="88" who="1" fromWho="1" sc="161,-5,288,30,171,-5,370,-10" owari="156,-34.0,318,12.0,166,-23.0,360,45.0" />
</Scene>
</mjloggm>