<mjloggm ver="2.3"><GO type="97"/><UN n0="%E3%83%AA%E3%83%A7%E3%82%A6%E3%82%B8%E3%83%9E" n1="%E3%82%AE%E3%83%B3%E3%82%AA" n2="%E5%A4%AA%E3%81%8F%E3%81%AA%E3%81%84%E3%81%8A" n3="%E9%95%B7%E6%9D%91%E5%A4%A7%E6%98%8E%E7%A5%9E" dan="13,14,14,15" rate="1813,1924,2074,1978" sx="M,M,M,F"/><TAIKYOKU oya="0"/>

<Scene>
<INIT seed="0,0,0,0,1,51" ten="250,250,250,250" oya="0" hai0="126,73,92,19,110,86,94,91,132,120,16,117,62" hai1="17,131,105,128,6,32,0,49,12,38,23,61,66" hai2="52,26,60,58,3,24,39,44,55,22,114,4,5" hai3="14,119,81,11,93,102,98,124,97,67,127,106,64"/><T21/><D120/><U103/><E38/><V45/><F114/><W13/><G81/><T82/><D117/><U2/><E105/><V118/><F118/><W59/><G119/><T9/><D132/><U135/><E103/><V130/><F130/><N who="1" m="49705" /><E135/><V115/><F115/><W121/><G13/><N who="0" m="7215" /><D73/><U27/><E49/><N who="2" m="28719" /><F39/><W29/><G29/><T77/><D126/><N who="3" m="48169" /><G121/><T48/><D110/><U83/><E83/><V36/><F36/><W90/><G59/><T7/><D7/><AGARI ba="0,0" hai="7,11,14,64,67,90,93,97,98,102,106" m="48169" machi="7" ten="30,1000,0" yaku="18,1" doraHai="51" who="3" fromWho="0" sc="250,-10,250,0,250,0,250,10" />
</Scene>
<Scene>
<INIT seed="1,0,0,4,3,92" ten="240,250,250,260" oya="1" hai0="133,135,2,14,24,69,35,43,20,55,85,131,23" hai1="61,113,121,41,6,52,53,40,132,38,74,128,90" hai2="102,71,39,73,103,83,94,57,97,75,36,9,26" hai3="42,72,120,48,18,108,78,87,64,112,107,110,80"/><U129/><E113/><V12/><F71/><W32/><G120/><T21/><D69/><U4/><E121/><V0/><F0/><W68/><G112/><T104/><D104/><U76/><E74/><V46/><F57/><W16/><G32/><T25/><D43/><N who="1" m="16459" /><E76/><V7/><F46/><N who="3" m="25687" /><G107/><T99/><D55/><N who="1" m="21067" /><E90/><V28/><F102/><W88/><G64/><T100/><D85/><U114/><E114/><V91/><F103/><W62/><G62/><T101/><D2/><U47/><E61/><V111/><F111/><N who="3" m="42539" /><G68/><T10/><D35/><U130/><E47/><V1/><F1/><W13/><G13/><T56/><D56/><U123/><E123/><V17/><F75/><W33/><G33/><T8/><D23/><U44/><E44/><V27/><F73/><W118/><G118/><T22/><D22/><U96/><E132/><V50/><F50/><W115/><G115/><T58/><D58/><U70/><E70/><V124/><F39/><W3/><G3/><T60/><D60/><U109/><E109/><V126/><F36/><W79/><G79/><T86/><D86/><U54/><N who="1" m="21075" /><U125/><DORA hai="93" /><E38/><V49/><F49/><W31/><G31/><T117/><D14/><U5/><E125/><V15/><F124/><W95/><AGARI ba="0,0" hai="16,18,72,78,80,87,88,95" m="42539,25687" machi="95" ten="30,4000,0" yaku="14,1,54,2" doraHai="92,93" who="3" fromWho="3" sc="240,-10,250,-20,250,-10,260,40" />
</Scene>
<Scene>
<INIT seed="2,0,0,3,1,131" ten="230,230,240,300" oya="2" hai0="52,4,15,94,1,47,85,101,65,41,124,81,54" hai1="79,118,122,31,49,121,83,34,72,78,42,75,66" hai2="48,132,109,100,12,21,51,67,112,29,84,87,64" hai3="56,14,62,77,108,82,96,16,123,30,76,25,40"/><V69/><F112/><W46/><G123/><N who="1" m="47114" /><E118/><V9/><F100/><W127/><G127/><T38/><D1/><U73/><E66/><N who="2" m="25131" /><F69/><W110/><G96/><T103/><D65/><U7/><E7/><N who="2" m="3135" /><F109/><N who="3" m="42091" /><G25/><T24/><D24/><N who="1" m="18791" /><E83/><V88/><F132/><W126/><G30/><T74/><D74/><N who="1" m="18947" /><U37/><DORA hai="23" /><E49/><N who="2" m="19019" /><F88/><W134/><G134/><T11/><D124/><U26/><E26/><AGARI ba="0,0" hai="21,26,29,84,87" m="19019,3135,25131" machi="26" ten="30,2900,0" yaku="8,1,52,1" doraHai="131,23" who="2" fromWho="1" sc="230,0,230,-29,240,29,300,0" />
</Scene>
<Scene>
<INIT seed="2,1,0,5,1,3" ten="230,201,269,300" oya="2" hai0="47,73,107,83,109,32,65,58,113,126,48,30,82" hai1="96,37,123,100,13,85,29,76,60,62,1,46,121" hai2="115,135,117,2,25,6,93,26,92,116,8,104,5" hai3="45,101,86,134,27,51,23,119,120,38,128,80,63"/><V110/><F115/><W52/><G119/><N who="2" m="45641" /><F104/><W34/><G120/><N who="1" m="46154" /><E1/><N who="2" m="47" /><F93/><W18/><G38/><T0/><D113/><U88/><E29/><V54/><F54/><W98/><G134/><T7/><D107/><N who="1" m="63879" /><E76/><V42/><F92/><N who="3" m="58567" /><G34/><T40/><D73/><U124/><E124/><V31/><F42/><W69/><G69/><T22/><D126/><U102/><E46/><V10/><F135/><W43/><G128/><T130/><D32/><U12/><E37/><V103/><F103/><W39/><G39/><T78/><D130/><U87/><E102/><V91/><F91/><N who="3" m="51655" /><G63/><N who="1" m="24106" /><E85/><V15/><F110/><W75/><G75/><T4/><D0/><U57/><E57/><V53/><F53/><AGARI ba="1,0" hai="18,23,27,43,45,51,52,53" m="51655,58567" machi="53" ten="30,2000,0" yaku="8,1,54,1" doraHai="3" who="3" fromWho="2" sc="230,0,201,0,269,-23,300,23" />
</Scene>
<Scene>
<INIT seed="3,0,0,3,0,6" ten="230,201,246,323" oya="3" hai0="66,90,19,105,13,25,65,41,7,80,70,22,49" hai1="104,20,107,124,131,45,119,53,83,43,130,59,74" hai2="98,88,102,34,2,99,26,135,37,78,21,69,32" hai3="16,47,116,57,132,77,111,18,54,0,56,44,84"/><W3/><G116/><T100/><D70/><U11/><E119/><V35/><F69/><W23/><G132/><T97/><D80/><U17/><E124/><V110/><F37/><W133/><G133/><T48/><D90/><U118/><E118/><V87/><F135/><W91/><G77/><T67/><REACH who="0" step="1"/><D41/><REACH who="0" ten="220,201,246,323" step="2"/><U8/><E83/><V122/><F88/><W123/><G123/><T103/><D103/><U121/><E121/><V117/><F102/><W129/><G91/><T4/><D4/><U64/><E74/><V79/><F122/><W33/><G129/><N who="1" m="49162" /><E64/><V109/><F117/><W50/><G111/><T1/><D1/><U96/><E96/><V71/><F2/><W86/><G0/><T60/><D60/><N who="1" m="35951" /><E104/><V106/><F106/><W113/><G3/><T15/><D15/><N who="1" m="9279" /><E107/><V95/><F99/><W76/><G113/><T38/><D38/><AGARI ba="0,1" hai="8,11,38,43,45" m="9279,35951,49162" machi="38" ten="30,3900,0" yaku="19,1,52,2" doraHai="6" who="1" fromWho="0" sc="220,-39,201,49,246,0,323,0" owari="181,-32.0,250,5.0,246,-15.0,323,42.0" />
</Scene>
</mjloggm>