<mjloggm ver="2.3"><GO type="41"/><UN n0="%4B%61%72%69%6E%74%6F" n1="%E5%A4%AA%E3%81%8F%E3%81%AA%E3%81%84%E3%81%8A" n2="%E4%BF%BA%E3%81%AF%E5%BE%85%E3%81%A3%E3%81%A6%E3%82%8B%E3%81%9C" n3="%E3%83%8E%E3%83%B3%E3%83%A9%E3%82%B9%E6%89%93%E6%B3%95" dan="13,13,14,14" rate="1803,1959,1803,1898" sx="F,M,F,M"/><TAIKYOKU oya="0"/>

<Scene>
<INIT seed="0,0,0,2,2,117" ten="250,250,250,250" oya="0" hai0="42,34,111,128,87,100,68,84,40,83,74,1,38" hai1="81,101,110,27,41,57,105,103,37,79,13,67,109" hai2="47,7,60,132,106,119,134,112,89,44,130,71,64" hai3="15,82,70,91,4,35,31,5,120,94,22,88,53"/><T58/><D1/><U102/><E105/><V3/><F119/><W96/><G35/><T48/><D68/><U23/><E13/><V9/><F112/><W75/><G70/><T32/><D38/><U104/><E104/><V108/><F108/><N who="1" m="41577" /><E41/><V6/><F130/><W122/><G53/><T62/><D111/><U20/><E37/><V2/><F106/><W114/><G114/><T95/><D74/><N who="1" m="43255" /><E27/><V133/><REACH who="2" step="1"/><F89/><REACH who="2" ten="250,250,240,250" step="2"/><W43/><G88/><N who="0" m="51231" /><D128/><U77/><E77/><V63/><F63/><AGARI ba="0,1" hai="20,23,57,63,67,101,102,103" m="43255,41577" machi="63" ten="30,1000,0" yaku="14,1" doraHai="117" who="1" fromWho="2" sc="250,0,250,20,240,-10,250,0" />
</Scene>
<Scene>
<INIT seed="1,0,0,0,2,85" ten="250,270,230,250" oya="1" hai0="44,88,17,89,99,65,73,8,78,70,96,4,98" hai1="64,104,10,1,120,25,95,102,74,32,52,60,113" hai2="22,39,40,29,108,116,93,27,130,3,20,66,15" hai3="7,23,69,122,123,109,119,53,47,37,72,55,77"/><U92/><E120/><V125/><F116/><W42/><G23/><T127/><D70/><N who="1" m="42247" /><E74/><V21/><F3/><W18/><G18/><T126/><D73/><U38/><E38/><V79/><F125/><N who="0" m="47626" /><D78/><U76/><E76/><V16/><F79/><W11/><G72/><T82/><D65/><U45/><E10/><V90/><F66/><W84/><G77/><T68/><D68/><U117/><E1/><V107/><F107/><W67/><G84/><T129/><D129/><U59/><E45/><V50/><F130/><W110/><G11/><T132/><D82/><U5/><E5/><V14/><F39/><W100/><G7/><T135/><D44/><U19/><E19/><V33/><F14/><W28/><G28/><T86/><D17/><U91/><E117/><V101/><F101/><W133/><G100/><T12/><D86/><U63/><E113/><V128/><F128/><W30/><G30/><T49/><D49/><U62/><E62/><V131/><F131/><W75/><G75/><T6/><D6/><U43/><E43/><V115/><F115/><W124/><G124/><T111/><D111/><N who="3" m="42505" /><G119/><T83/><D83/><U134/><E102/><V2/><F108/><W118/><G118/><T9/><D9/><U36/><E104/><V94/><F2/><W48/><G37/><T26/><D26/><U103/><E25/><V54/><F40/><W97/><G123/><T80/><D80/><U46/><E36/><V31/><F31/><W121/><G122/><T34/><D34/><U56/><E32/><V41/><F41/><W81/><G121/><T106/><D106/><RYUUKYOKU ba="0,0" sc="250,30,270,-10,230,-10,250,-10" hai0="4,8,12,88,89,96,98,99,132,135" />
</Scene>
<Scene>
<INIT seed="2,1,0,0,5,89" ten="280,260,220,240" oya="2" hai0="38,74,94,114,72,76,120,110,26,84,123,65,122" hai1="83,105,55,18,5,6,42,43,124,93,111,66,106" hai2="33,15,63,52,9,49,59,104,87,37,70,118,117" hai3="47,98,79,103,58,46,73,67,23,30,24,21,53"/><V12/><F104/><W108/><G108/><T100/><D38/><U17/><E66/><V60/><F33/><W126/><G126/><T81/><D65/><U135/><E83/><V16/><F37/><W44/><G67/><T40/><D40/><U121/><E111/><V82/><F70/><W1/><G1/><T7/><D7/><U69/><E69/><V14/><F118/><W125/><G125/><T68/><D26/><U129/><E124/><V133/><F117/><W19/><G79/><T128/><D68/><U4/><E135/><V80/><F133/><W35/><G73/><N who="0" m="43151" /><D110/><U92/><E129/><V71/><F71/><W50/><REACH who="3" step="1"/><G19/><REACH who="3" ten="280,260,220,230" step="2"/><T0/><D0/><U95/><E121/><V88/><F80/><W102/><G102/><T77/><D114/><U64/><E64/><V22/><REACH who="2" step="1"/><F9/><REACH who="2" ten="280,260,210,230" step="2"/><W90/><G90/><N who="0" m="53575" /><D128/><U41/><E55/><V13/><AGARI ba="1,2" hai="12,13,14,15,16,22,49,52,59,60,63,82,87,88" machi="13" ten="30,18000,2" yaku="1,1,0,1,8,1,54,3,53,0" doraHai="89" doraHaiUra="109" who="2" fromWho="2" sc="280,-61,260,-61,210,203,230,-61" />
</Scene>
<Scene>
<INIT seed="2,2,0,3,3,33" ten="219,199,413,169" oya="2" hai0="15,8,115,42,105,46,5,2,20,35,99,1,65" hai1="100,72,50,121,130,34,22,6,36,64,7,118,107" hai2="126,55,48,92,52,78,32,119,61,98,122,95,68" hai3="70,108,114,44,88,54,91,76,45,104,23,17,30"/><V71/><F122/><W89/><G104/><T75/><D35/><U110/><E34/><V39/><F119/><W60/><G76/><T84/><D75/><U21/><E118/><V125/><F32/><W82/><G82/><T26/><D115/><U9/><E36/><V58/><F39/><W128/><G114/><T13/><D65/><U134/><E72/><V4/><F78/><W112/><G30/><T16/><D105/><U133/><E121/><V12/><F12/><W74/><G74/><T29/><D99/><N who="1" m="61855" /><E64/><V11/><F55/><W90/><G70/><N who="2" m="26665" /><F61/><W3/><G60/><T28/><D84/><U62/><E62/><V93/><F98/><W53/><G54/><T49/><REACH who="0" step="1"/><D29/><REACH who="0" ten="209,199,413,169" step="2"/><U51/><E133/><V86/><F86/><W124/><G112/><T40/><D40/><U132/><E132/><V37/><F126/><W18/><G124/><T94/><D94/><U67/><E67/><V56/><F93/><W63/><G128/><T57/><D57/><U81/><E130/><V10/><F58/><W79/><G45/><T59/><D59/><U80/><E134/><V127/><F56/><W24/><G44/><T25/><D25/><U117/><E117/><V113/><F125/><W43/><G24/><T131/><D131/><U123/><E123/><V101/><F127/><W106/><G43/><T85/><D85/><U38/><E81/><V0/><F113/><W116/><G106/><T96/><D96/><U14/><E80/><V97/><F97/><W31/><G116/><T77/><D77/><U47/><E47/><V87/><F87/><W41/><G79/><RYUUKYOKU ba="2,1" sc="209,30,199,-10,413,-10,169,-10" hai0="1,2,5,8,13,15,16,20,26,28,42,46,49" />
</Scene>
<Scene>
<INIT seed="3,3,1,5,4,21" ten="239,189,403,159" oya="3" hai0="96,70,54,14,13,25,63,76,4,3,61,46,75" hai1="64,117,110,131,56,112,102,17,15,16,30,111,7" hai2="106,127,114,80,9,42,31,40,97,20,27,122,62" hai3="74,107,22,93,79,53,130,73,119,1,84,103,51"/><W6/><G119/><T69/><D3/><U60/><E112/><V99/><F114/><W135/><G107/><T38/><D75/><U100/><E117/><V85/><F127/><W95/><G1/><T94/><D76/><U8/><E131/><V81/><F9/><W0/><G130/><T83/><D83/><U36/><E36/><V129/><F129/><W123/><G123/><T49/><D38/><U89/><E30/><V39/><F62/><W72/><G6/><T133/><D133/><U5/><E89/><V86/><F39/><W43/><G0/><T82/><D82/><U125/><E125/><V113/><F113/><W10/><G10/><T23/><D69/><U104/><E5/><V77/><F122/><W121/><G43/><T124/><D124/><U2/><E17/><V19/><F31/><W26/><G121/><T71/><D70/><U32/><E32/><V12/><F12/><N who="0" m="4714" /><D71/><U87/><E87/><V88/><F106/><W50/><G135/><T47/><D4/><U65/><E65/><V55/><F55/><W34/><G34/><T66/><D46/><U35/><E35/><V18/><F19/><W78/><G78/><T52/><D54/><U41/><E41/><AGARI ba="3,1" hai="18,20,27,40,41,42,77,80,81,85,86,88,97,99" machi="41" ten="40,5200,0" yaku="8,1,52,1,54,1" doraHai="21" who="2" fromWho="1" sc="239,0,189,-61,403,71,159,0" />
</Scene>
<Scene>
<INIT seed="4,0,0,2,4,64" ten="239,128,474,159" oya="0" hai0="0,90,31,8,49,52,41,79,32,114,63,115,84" hai1="6,24,94,29,109,28,69,124,9,68,78,3,19" hai2="125,106,123,72,132,98,58,2,60,87,95,121,89" hai3="130,108,38,75,30,76,27,39,104,23,12,1,88"/><T119/><D119/><U45/><E109/><V54/><F2/><W126/><G104/><T107/><D107/><U13/><E124/><V71/><F125/><W99/><G108/><T133/><D133/><U82/><E94/><V48/><F132/><W91/><G126/><T66/><D79/><U116/><E45/><V7/><F7/><W40/><G1/><T105/><D105/><U113/><E116/><V96/><F72/><W46/><G39/><T73/><D73/><U37/><E37/><V122/><F106/><W11/><G75/><T86/><D41/><U33/><E29/><V101/><F101/><W36/><G36/><T103/><D103/><U62/><E62/><V65/><AGARI ba="0,0" hai="48,54,58,60,65,71,87,89,95,96,98,121,122,123" machi="65" ten="40,2700,0" yaku="0,1,52,1" doraHai="64" who="2" fromWho="2" sc="239,-13,128,-7,474,27,159,-7" />
</Scene>
<Scene>
<INIT seed="5,0,0,5,2,93" ten="226,121,501,152" oya="1" hai0="16,116,69,87,39,9,1,48,127,54,81,25,8" hai1="82,14,90,27,111,30,106,70,91,128,41,83,45" hai2="19,32,98,13,26,114,95,7,84,10,5,88,135" hai3="107,92,99,21,28,96,43,2,118,33,40,60,49"/><U65/><E106/><V75/><F75/><W130/><G33/><T51/><D39/><U112/><E112/><V89/><F135/><W102/><G2/><T56/><D69/><U35/><E128/><V15/><F114/><W74/><G74/><T103/><D116/><U20/><E111/><V131/><F131/><W29/><G130/><T23/><D1/><U67/><E83/><N who="2" m="49183" /><F32/><W17/><G118/><T132/><D132/><U58/><E70/><V115/><F115/><W79/><G79/><N who="0" m="46527" /><D127/><U71/><E71/><V113/><F113/><W47/><G60/><N who="0" m="35863" /><D103/><U22/><E35/><V6/><F13/><W46/><G46/><T97/><D97/><U61/><E67/><V34/><F34/><W86/><G43/><T94/><D94/><U72/><E72/><V101/><F26/><W110/><G110/><T77/><D77/><U62/><E62/><V117/><F117/><W31/><G99/><T24/><D24/><U59/><E82/><V109/><F109/><W125/><G125/><T123/><D123/><U37/><REACH who="1" step="1"/><E59/><REACH who="1" ten="226,111,501,152" step="2"/><V124/><F124/><W63/><G63/><T4/><D4/><U11/><E11/><AGARI ba="0,1" hai="8,9,11,16,23,25,48,51" m="35863,46527" machi="11" ten="30,2000,0" yaku="8,1,54,1" doraHai="93" who="0" fromWho="1" sc="226,30,111,-20,501,0,152,0" />
</Scene>
<Scene>
<INIT seed="6,0,0,5,4,99" ten="256,91,501,152" oya="2" hai0="105,91,83,18,90,38,134,126,31,9,19,85,125" hai1="24,58,92,79,89,133,131,104,77,3,27,69,36" hai2="55,63,96,56,43,84,68,16,22,78,123,88,25" hai3="53,42,1,49,87,45,70,46,98,52,13,94,118"/><V61/><F123/><W12/><G1/><T60/><D38/><U93/><E69/><V54/><F43/><W127/><G118/><T107/><D134/><U132/><E3/><V110/><F110/><W41/><G70/><T8/><D31/><U40/><E104/><V59/><F68/><W64/><G64/><T62/><D85/><U81/><E131/><V119/><F119/><W11/><G127/><T74/><REACH who="0" step="1"/><D83/><REACH who="0" ten="246,91,501,152" step="2"/><U135/><E36/><V128/><F84/><W29/><G87/><T101/><D101/><U28/><E81/><V65/><F128/><W116/><G29/><T10/><D10/><U48/><E28/><V130/><F130/><W7/><G116/><T23/><D23/><U100/><E100/><V20/><F22/><W97/><G97/><T82/><D82/><U75/><E75/><AGARI ba="0,1" hai="8,9,18,19,60,62,74,75,90,91,105,107,125,126" machi="75" ten="25,3200,0" yaku="1,1,22,2,53,0" doraHai="99" doraHaiUra="72" who="0" fromWho="1" sc="246,42,91,-32,501,0,152,0" />
</Scene>
<Scene>
<INIT seed="7,0,0,2,0,35" ten="288,59,501,152" oya="3" hai0="114,7,20,121,57,37,117,29,120,79,59,77,133" hai1="63,83,16,135,66,36,24,93,76,17,82,53,69" hai2="129,22,46,42,125,32,8,51,73,84,91,4,15" hai3="108,119,99,74,70,115,88,78,130,126,118,54,49"/><W81/><G70/><T100/><D37/><U94/><E135/><V106/><F32/><W25/><G115/><T41/><D117/><U43/><E83/><V52/><F73/><W30/><G130/><T64/><D7/><U3/><E3/><V102/><F129/><W26/><G126/><T105/><D41/><U40/><E53/><V27/><F102/><W128/><G128/><T45/><D133/><U48/><E36/><V50/><F106/><W71/><G71/><T97/><D45/><U96/><E48/><V111/><F111/><W62/><G62/><T72/><D72/><U67/><E67/><V75/><F75/><W112/><G112/><T19/><D114/><U31/><E43/><V80/><F125/><W11/><G11/><T116/><D29/><U132/><E40/><V12/><F12/><W65/><G65/><T56/><D64/><U107/><E132/><V113/><F113/><W131/><G131/><T110/><D116/><U95/><E82/><V61/><F61/><W28/><G108/><T33/><D33/><U92/><E76/><V10/><F10/><W1/><G1/><T23/><D110/><U68/><E68/><V34/><F34/><W89/><G119/><T47/><D47/><U123/><E123/><V90/><F50/><W101/><G118/><T18/><D120/><U9/><E9/><V85/><F42/><W103/><G74/><T21/><D121/><U60/><E60/><V87/><F80/><W6/><G81/><T127/><D127/><U134/><N who="1" m="23552" /><DORA hai="14" /><U55/><E134/><V104/><F104/><W122/><G122/><RYUUKYOKU ba="0,0" sc="288,15,59,-15,501,15,152,-15" hai0="18,19,20,21,23,56,57,59,77,79,97,100,105" hai2="4,8,15,22,27,46,51,52,84,85,87,90,91" owari="303,10.0,44,-46.0,516,62.0,137,-26.0" />
</Scene>
</mjloggm>