<mjloggm ver="2.3"><GO type="169" lobby="0"/><UN n0="%E5%8C%97%E9%81%93%E5%B1%B1" n1="%E5%A4%AA%E3%81%8F%E3%81%AA%E3%81%84%E3%81%8A" n2="%E7%84%A1%E9%A0%BC%E5%A0%82%E7%A9%BA%E6%B5%81" n3="%E5%B8%B8%E5%8B%9D%E7%87%95%E8%BB%8D%E5%9B%A3" dan="16,18,17,17" rate="2072.81,2227.79,2114.10,2193.98" sx="M,F,M,M"/><TAIKYOKU oya="0"/>

<Scene>
<INIT seed="0,0,0,4,5,86" ten="250,250,250,250" oya="0" hai0="13,28,52,57,124,98,76,1,103,119,68,63,10" hai1="114,46,43,100,49,53,108,33,84,105,55,94,107" hai2="112,95,20,37,26,47,24,41,8,65,25,116,58" hai3="44,2,18,48,69,121,128,79,97,135,67,102,22"/><T111/><D119/><U88/><E33/><V126/><F112/><W83/><G2/><T51/><D1/><U14/><E114/><V75/><F75/><W120/><G135/><T12/><D124/><U131/><E108/><V4/><F126/><W32/><G32/><T40/><D111/><U125/><E125/><V0/><F116/><W134/><G134/><T16/><D28/><U73/><E131/><V42/><F42/><W38/><G38/><T93/><D76/><U72/><E14/><V54/><F65/><W118/><G118/><T5/><D68/><U85/><E85/><V115/><F115/><W87/><G128/><T59/><D40/><U70/><E70/><V6/><F6/><W130/><G130/><T71/><D71/><U109/><E109/><V61/><REACH who="2" step="1"/><F95/><REACH who="2" ten="250,250,240,250" step="2"/><N who="3" m="58687" /><G67/><N who="0" m="39407" /><D13/><U11/><E73/><V77/><F77/><W113/><G113/><T89/><D103/><U122/><E72/><V117/><F117/><W9/><G120/><T90/><D90/><U74/><E74/><V17/><AGARI ba="0,1" hai="0,4,8,17,20,24,25,26,37,41,47,54,58,61" machi="17" ten="20,2700,0" yaku="1,1,0,1,7,1,53,0" doraHai="86" doraHaiUra="110" who="2" fromWho="2" sc="250,-13,250,-7,240,37,250,-7" />
</Scene>
<Scene>
<INIT seed="1,0,0,0,1,95" ten="237,243,277,243" oya="1" hai0="109,5,30,27,130,8,59,87,50,107,25,54,101" hai1="77,131,81,110,60,11,74,120,39,69,100,6,65" hai2="125,37,73,108,86,32,10,67,33,38,129,35,40" hai3="113,94,2,46,133,28,66,91,41,106,90,20,1"/><U114/><E120/><V78/><F108/><W135/><G113/><T57/><D109/><U56/><E110/><V102/><F129/><W104/><G66/><T47/><D130/><U52/><E131/><V111/><F111/><W116/><G116/><T43/><D59/><U105/><E114/><V76/><F125/><W75/><G75/><T14/><D30/><U63/><E39/><V61/><F73/><W122/><G122/><T16/><D87/><U44/><E44/><V92/><F10/><W88/><G94/><T31/><D31/><U9/><REACH who="1" step="1"/><E6/><REACH who="1" ten="237,233,277,243" step="2"/><V24/><F38/><W98/><G46/><T29/><D5/><U23/><E23/><V132/><F37/><W115/><G115/><T128/><D128/><U7/><E7/><V22/><F22/><W93/><G41/><T84/><D43/><U121/><E121/><V64/><F40/><W13/><G2/><T71/><D47/><U42/><E42/><V127/><F33/><W134/><G1/><T82/><D8/><U49/><E49/><V55/><F35/><W36/><G36/><T123/><D50/><U0/><E0/><V72/><F32/><W51/><G51/><T4/><D4/><U119/><E119/><V48/><F48/><W34/><G34/><T3/><D3/><U53/><E53/><V12/><F55/><W15/><G28/><T58/><D54/><U89/><E89/><N who="3" m="34410" /><G20/><T83/><D29/><U117/><E117/><V103/><F64/><W99/><G15/><T68/><D14/><U70/><E70/><V17/><F67/><W21/><G13/><T26/><D123/><RYUUKYOKU ba="0,1" sc="237,-10,233,30,277,-10,243,-10" hai1="9,11,52,56,60,63,65,69,74,77,81,100,105" />
</Scene>
<Scene>
<INIT seed="1,1,1,5,1,114" ten="227,263,267,233" oya="1" hai0="27,2,87,42,64,40,13,57,52,130,93,39,82" hai1="72,79,22,89,75,14,4,46,31,23,9,107,111" hai2="128,73,80,50,135,43,20,3,120,59,16,18,70" hai3="32,12,0,90,5,34,101,134,63,78,33,58,71"/><U60/><E107/><V55/><F120/><W47/><G0/><T30/><D2/><U132/><E132/><V66/><F135/><W102/><G134/><T76/><D130/><U81/><E72/><V26/><F3/><W56/><G71/><T38/><D64/><U7/><E111/><V121/><F121/><W8/><G78/><T68/><D68/><U17/><E60/><V1/><F1/><W99/><G47/><T96/><D13/><U100/><E100/><V116/><F128/><W122/><G122/><T53/><D38/><U106/><E106/><V65/><F116/><W126/><G126/><T119/><D119/><U113/><E113/><V48/><F70/><W54/><G99/><T11/><D11/><U103/><E103/><V127/><F127/><W133/><G133/><T28/><D53/><U6/><E31/><V62/><F18/><W117/><G90/><T41/><D27/><U109/><E109/><V125/><F125/><W45/><G45/><T36/><D36/><U104/><E104/><V110/><F110/><W118/><G102/><N who="0" m="60687" /><D39/><U115/><E115/><V112/><F112/><W83/><G101/><T84/><D84/><U51/><REACH who="1" step="1"/><E89/><REACH who="1" ten="227,253,267,233" step="2"/><V131/><F131/><W37/><G118/><T35/><D35/><U69/><E69/><V74/><F74/><W108/><G33/><T88/><D76/><U15/><E15/><V24/><F24/><W19/><G34/><T94/><D30/><U124/><E124/><V92/><F62/><W91/><G63/><N who="0" m="36263" /><D28/><U25/><E25/><V129/><F129/><W29/><G117/><T61/><D61/><RYUUKYOKU ba="1,2" sc="227,15,253,15,267,-15,233,-15" hai0="40,41,42,82,87,88,94" hai1="4,6,7,9,14,17,22,23,46,51,75,79,81" />
</Scene>
<Scene>
<INIT seed="1,2,2,2,2,90" ten="242,268,252,218" oya="1" hai0="51,70,66,104,121,10,32,15,111,77,85,105,39" hai1="92,24,65,23,29,117,74,43,110,46,45,135,124" hai2="83,122,53,11,56,62,0,21,97,91,81,75,116" hai3="61,94,22,67,36,41,58,133,82,37,35,3,113"/><U13/><E117/><V20/><F116/><W96/><G113/><T26/><D39/><U95/><E74/><V16/><F122/><W106/><G35/><T64/><D121/><U68/><E135/><V6/><F20/><W60/><G133/><T52/><D111/><U130/><E130/><V63/><F63/><W8/><G106/><T28/><D66/><U84/><E124/><V86/><F75/><W44/><G37/><T27/><D27/><U132/><E132/><V59/><F59/><W134/><G134/><T93/><D64/><U100/><E110/><V33/><F33/><W55/><G82/><T109/><D70/><U42/><E68/><V57/><F57/><W128/><G128/><T76/><D104/><U49/><E65/><V14/><REACH who="2" step="1"/><F97/><REACH who="2" ten="242,268,242,218" step="2"/><W73/><G22/><T129/><D129/><U98/><E23/><V88/><F88/><W30/><G73/><T112/><D109/><U12/><E98/><V4/><F4/><W115/><G115/><T9/><D9/><U87/><E100/><V34/><F34/><W38/><G61/><T103/><D10/><U69/><E69/><V131/><F131/><W31/><G67/><T48/><D112/><U89/><E89/><V119/><F119/><W5/><G38/><T102/><D102/><AGARI ba="2,3" hai="3,5,8,30,31,36,41,44,55,58,60,94,96,102" machi="102" ten="30,2000,0" yaku="7,1,52,1" doraHai="90" who="3" fromWho="0" sc="242,-26,268,0,242,0,218,56" />
</Scene>
<Scene>
<INIT seed="2,0,0,0,0,11" ten="216,268,242,274" oya="2" hai0="129,30,94,105,64,59,99,84,2,111,80,46,119" hai1="18,130,7,128,102,118,121,85,16,47,112,91,134" hai2="45,89,53,5,101,4,15,70,132,122,48,61,133" hai3="37,42,39,72,27,125,66,120,98,9,109,131,115"/><V81/><F122/><W54/><G120/><T28/><D2/><U92/><E121/><V55/><F101/><W83/><G109/><T73/><D111/><U50/><E118/><V93/><F81/><W108/><G108/><T90/><D119/><U77/><E112/><V38/><F38/><W76/><G115/><T6/><D129/><N who="1" m="49771" /><E134/><N who="2" m="51819" /><F15/><W106/><G131/><T33/><D6/><N who="2" m="2666" /><F70/><W124/><G9/><T87/><D33/><U69/><E69/><V52/><F61/><W57/><G66/><T19/><D73/><U114/><E114/><V103/><F103/><N who="3" m="62839" /><G42/><T56/><D105/><U34/><E7/><V25/><F25/><W110/><G27/><T41/><D19/><U123/><E123/><V65/><F65/><W67/><G67/><T126/><D64/><U26/><E102/><V44/><F48/><N who="3" m="30919" /><G110/><T82/><D82/><U8/><E8/><V10/><F10/><W96/><G39/><T116/><D116/><U135/><E135/><V3/><F3/><W51/><G37/><T0/><D0/><U43/><E77/><V60/><F60/><W95/><G51/><T127/><D84/><AGARI ba="0,0" hai="44,45,52,53,55,84,89,93" m="2666,51819" machi="84" ten="30,2900,0" yaku="20,1,54,1" doraHai="11" who="2" fromWho="0" sc="216,-29,268,0,242,29,274,0" />
</Scene>
<Scene>
<INIT seed="2,1,0,1,5,45" ten="187,268,271,274" oya="2" hai0="77,43,97,107,124,74,62,118,57,18,9,134,30" hai1="58,26,127,61,126,112,2,3,60,110,84,90,128" hai2="83,4,13,29,36,91,119,34,46,65,37,120,109" hai3="42,55,117,82,66,101,63,51,6,52,79,53,38"/><V113/><F113/><W70/><G117/><T105/><D118/><U111/><E112/><V104/><F119/><W100/><G6/><T122/><D122/><U89/><E26/><V19/><F120/><W135/><G135/><T28/><D134/><U125/><E128/><V7/><F104/><W16/><G38/><T49/><D124/><U50/><E50/><V93/><F109/><N who="1" m="41481" /><E84/><V21/><F65/><W87/><REACH who="3" step="1"/><G16/><REACH who="3" ten="187,268,271,264" step="2"/><T76/><D18/><U20/><E126/><V48/><F37/><W0/><G0/><T69/><D28/><U102/><E3/><V54/><F36/><W11/><G11/><T31/><D9/><U71/><E2/><V14/><F14/><W56/><G56/><T5/><D57/><U41/><E58/><V98/><REACH who="2" step="1"/><F83/><REACH who="2" ten="187,268,261,264" step="2"/><W12/><G12/><T88/><D107/><U121/><E125/><V24/><AGARI ba="1,2" hai="4,7,13,19,21,24,29,34,46,48,54,91,93,98" machi="24" ten="30,12000,1" yaku="1,1,2,1,0,1,52,1,53,1" doraHai="45" doraHaiUra="25" who="2" fromWho="2" sc="187,-41,268,-41,261,143,264,-41" />
</Scene>
<Scene>
<INIT seed="2,2,0,0,2,123" ten="146,227,404,223" oya="2" hai0="117,46,107,125,79,89,77,51,48,122,38,99,101" hai1="19,44,62,127,26,96,58,70,97,102,119,52,8" hai2="132,22,69,15,2,57,68,42,71,66,9,121,115" hai3="129,114,25,116,100,75,78,93,43,10,76,53,118"/><V109/><F115/><W74/><G43/><T18/><D122/><U29/><E119/><V34/><F34/><W108/><G10/><T73/><D117/><U103/><E127/><V87/><F121/><W20/><G114/><T113/><D113/><U13/><E70/><V54/><F132/><W37/><G37/><T27/><D125/><U3/><E3/><V92/><F2/><W133/><G133/><T28/><D18/><U16/><E19/><V23/><F42/><W55/><G20/><T126/><D126/><U90/><E44/><V61/><F109/><W72/><G72/><T59/><D38/><U47/><E47/><V36/><F36/><W49/><G49/><T106/><D106/><U82/><E82/><V12/><F12/><W0/><G93/><T105/><D105/><U84/><E84/><V1/><F1/><W91/><G0/><T134/><D134/><U95/><REACH who="1" step="1"/><E97/><REACH who="1" ten="146,217,404,223" step="2"/><V111/><F69/><W130/><G75/><T80/><D46/><U124/><E124/><V35/><F71/><W41/><G74/><T85/><D59/><U83/><E83/><V63/><F87/><W135/><G135/><T64/><D79/><U7/><E7/><V6/><F57/><W30/><G116/><T86/><D86/><U31/><E31/><V33/><F68/><W81/><G118/><T104/><D77/><U98/><E98/><V65/><F6/><W120/><G78/><T60/><D73/><U24/><E24/><V21/><F15/><W110/><G25/><T94/><D27/><U14/><E14/><V50/><F111/><N who="3" m="42539" /><G120/><T32/><D28/><RYUUKYOKU ba="2,1" sc="146,-10,217,30,404,-10,223,-10" hai1="8,13,16,26,29,52,58,62,90,95,96,102,103" />
</Scene>
<Scene>
<INIT seed="3,3,1,3,4,104" ten="136,247,394,213" oya="3" hai0="86,70,78,90,103,87,26,133,109,43,69,18,10" hai1="108,38,91,97,54,110,14,102,85,68,96,128,131" hai2="76,57,40,106,82,66,105,51,35,5,46,53,124" hai3="52,42,44,47,79,101,126,49,83,74,63,16,60"/><W100/><G126/><T12/><D109/><N who="1" m="42091" /><E38/><V24/><F124/><W25/><G63/><T17/><D133/><U130/><E68/><V95/><F66/><W107/><G107/><T31/><D43/><U122/><E54/><V114/><F114/><W33/><G60/><T50/><D18/><U73/><E14/><V32/><F5/><W37/><REACH who="3" step="1"/><G16/><REACH who="3" ten="136,247,394,203" step="2"/><T48/><D17/><U134/><E134/><V119/><F106/><W34/><G34/><T123/><D123/><U8/><E122/><V72/><F105/><W1/><G1/><T120/><D120/><U127/><E127/><V29/><F32/><W55/><G55/><T64/><D64/><U58/><E130/><V22/><F35/><W28/><AGARI ba="3,2" hai="25,28,33,37,42,44,47,49,52,74,79,83,100,101" machi="28" ten="30,11700,0" yaku="1,1,0,1,52,1,54,1,53,0" doraHai="104" doraHaiUra="4" who="3" fromWho="3" sc="136,-42,247,-42,394,-42,203,146" />
</Scene>
<Scene>
<INIT seed="3,4,0,4,5,53" ten="94,205,352,349" oya="3" hai0="101,64,108,50,7,33,8,2,28,74,65,20,131" hai1="119,29,34,52,73,115,12,60,6,43,120,77,18" hai2="66,76,14,95,78,27,40,0,111,10,75,121,62" hai3="116,57,58,126,42,39,85,68,44,102,133,54,94"/><W80/><G116/><T103/><D74/><U25/><E115/><V99/><F111/><W118/><G118/><T70/><D108/><U38/><E119/><V61/><F121/><W96/><G68/><T91/><D131/><U51/><E120/><V100/><F0/><W35/><G133/><T45/><D33/><U127/><E127/><V36/><F75/><W37/><G126/><T134/><D134/><U13/><E60/><V63/><F66/><W104/><G35/><T97/><D70/><U24/><E6/><V109/><F109/><W107/><G39/><T47/><D47/><U117/><E117/><V110/><F110/><W30/><G30/><T49/><D49/><U21/><E43/><V122/><F122/><W132/><G132/><T93/><D101/><U90/><E38/><V114/><F114/><W11/><G11/><T89/><D89/><U67/><E67/><V32/><F40/><W5/><G5/><T79/><D79/><U72/><E90/><V3/><F3/><W135/><G135/><T55/><D28/><U129/><E129/><V46/><F36/><W15/><G15/><T106/><REACH who="0" step="1"/><D20/><REACH who="0" ten="84,205,352,349" step="2"/><U105/><E73/><V59/><F78/><W22/><G22/><T86/><AGARI ba="4,1" hai="2,7,8,45,50,55,64,65,86,91,93,97,103,106" machi="86" ten="20,5200,0" yaku="1,1,2,1,0,1,7,1,53,0" doraHai="53" doraHaiUra="23" who="0" fromWho="0" sc="84,74,205,-17,352,-17,349,-30" />
</Scene>
<Scene>
<INIT seed="4,0,0,3,0,55" ten="158,188,335,319" oya="0" hai0="44,34,26,115,113,29,49,52,89,61,72,103,84" hai1="94,119,19,129,16,25,32,46,40,69,48,54,97" hai2="81,59,102,8,60,27,93,74,70,6,38,108,88" hai3="100,105,101,117,11,112,9,123,22,114,37,4,42"/><T58/><D72/><U41/><E119/><V1/><F70/><W75/><G117/><T77/><D77/><U17/><E69/><V30/><F38/><W96/><G123/><T78/><D78/><U90/><REACH who="1" step="1"/><E129/><REACH who="1" ten="158,178,335,319" step="2"/><V118/><F118/><W43/><G114/><T68/><D68/><U36/><E36/><V121/><F121/><W24/><G112/><T120/><D120/><U107/><E107/><V95/><F108/><W62/><G37/><T124/><D124/><U20/><E20/><V80/><F74/><W47/><G75/><T110/><D110/><U12/><E12/><V83/><F102/><W13/><G100/><T82/><REACH who="0" step="1"/><D103/><REACH who="0" ten="148,178,335,319" step="2"/><U66/><E66/><AGARI ba="0,2" hai="26,29,34,44,49,52,58,61,66,82,84,89,113,115" machi="66" ten="40,12000,1" yaku="1,1,2,1,52,1,54,1,53,0" doraHai="55" doraHaiUra="126" who="0" fromWho="1" sc="148,140,178,-120,335,0,319,0" />
</Scene>
<Scene>
<INIT seed="4,1,0,4,4,78" ten="288,58,335,319" oya="0" hai0="27,93,135,6,65,51,15,125,88,84,23,62,132" hai1="14,89,69,77,53,3,64,9,40,63,127,73,13" hai2="101,71,18,48,90,4,12,111,116,120,114,33,128" hai3="86,17,24,130,95,54,123,26,124,20,85,92,37"/><T61/><D125/><U82/><E127/><V50/><F120/><W44/><G124/><T38/><D38/><U115/><E115/><V19/><F111/><W107/><G107/><T106/><D106/><U36/><E89/><V96/><F71/><W68/><G68/><T11/><D51/><U131/><E131/><V47/><F33/><W55/><G130/><T16/><REACH who="0" step="1"/><D61/><REACH who="0" ten="278,58,335,319" step="2"/><U25/><E53/><V74/><F48/><W112/><G37/><T2/><D2/><U8/><E25/><V30/><F50/><N who="3" m="28999" /><G123/><T105/><D105/><U104/><E104/><V56/><F128/><W45/><G112/><T122/><D122/><U42/><E3/><V81/><F114/><W39/><G39/><T117/><D117/><U83/><E36/><V57/><F116/><W87/><G26/><T66/><D66/><U34/><E63/><V119/><F119/><W35/><G35/><T21/><D21/><U0/><E34/><V43/><F12/><W31/><G55/><T70/><AGARI ba="1,1" hai="6,11,15,16,23,27,62,65,70,84,88,93,132,135" machi="70" ten="30,12000,1" yaku="1,1,0,1,54,2,53,1" doraHai="78" doraHaiUra="59" who="0" fromWho="0" sc="278,133,58,-41,335,-41,319,-41" />
</Scene>
<Scene>
<INIT seed="4,2,0,3,2,78" ten="411,17,294,278" oya="0" hai0="46,85,57,50,101,51,67,112,16,134,100,107,11" hai1="115,109,132,17,118,87,93,42,96,110,123,23,122" hai2="18,130,82,37,71,39,41,79,26,76,108,81,13" hai3="45,120,61,113,99,54,63,69,75,24,56,128,47"/><T68/><D68/><U4/><E4/><V14/><F108/><N who="1" m="41577" /><E42/><V119/><F71/><W74/><G113/><T33/><D33/><U8/><E8/><V9/><F130/><W29/><G128/><T117/><D117/><U127/><E23/><V55/><F119/><W97/><G120/><N who="1" m="46122" /><E17/><V2/><F2/><W31/><G69/><T32/><D32/><U20/><E20/><V6/><F26/><W43/><G24/><T22/><D11/><U66/><E66/><V121/><F121/><W44/><G43/><T133/><D112/><U34/><E34/><V30/><F30/><W89/><G89/><T105/><D67/><U49/><E49/><V103/><F103/><W21/><G21/><T58/><D22/><U60/><E60/><V116/><F116/><W104/><G45/><T86/><D16/><U73/><E118/><V88/><F41/><W36/><G56/><T38/><D46/><U59/><E59/><V126/><F39/><AGARI ba="2,0" hai="38,39,50,51,57,58,85,86,100,101,105,107,133,134" machi="39" ten="25,2400,0" yaku="22,2" doraHai="78" who="0" fromWho="2" sc="411,30,17,0,294,-30,278,0" />
</Scene>
<Scene>
<INIT seed="4,3,0,5,2,89" ten="441,17,264,278" oya="0" hai0="133,15,105,34,39,46,49,33,101,111,99,104,10" hai1="94,127,80,102,67,75,108,78,57,17,68,50,32" hai2="117,38,0,98,13,112,40,11,27,23,1,69,70" hai3="7,83,90,77,119,86,6,95,35,113,52,45,88"/><T128/><D39/><U48/><E108/><V12/><F112/><W87/><G119/><T55/><D111/><U73/><E32/><V36/><F117/><W79/><G35/><T97/><D128/><U41/><E127/><V24/><F40/><W109/><G113/><T63/><D133/><U122/><E122/><V114/><F114/><W106/><G106/><T116/><D116/><U22/><E68/><V121/><F98/><W28/><G28/><T132/><D132/><U66/><E73/><V93/><F23/><W16/><G109/><T37/><D37/><U56/><E56/><V107/><F11/><W123/><G16/><T8/><D8/><U84/><E75/><V30/><F107/><W60/><G123/><T92/><D63/><N who="1" m="38255" /><E67/><V103/><F103/><W2/><G2/><T120/><D120/><U126/><E126/><V82/><F121/><W91/><G91/><T72/><D72/><U4/><E4/><N who="3" m="1578" /><G60/><T110/><D105/><U26/><E41/><V51/><F30/><W53/><G45/><T25/><D110/><U5/><E5/><V115/><F115/><W20/><G20/><T135/><D135/><U61/><E61/><V47/><F47/><W64/><G64/><T54/><D10/><U29/><E29/><V31/><F31/><W118/><G118/><T134/><D134/><U62/><E62/><V43/><F38/><W44/><G44/><T124/><D124/><U42/><E42/><V85/><F36/><W65/><G65/><T14/><D46/><U3/><E3/><V58/><F43/><W131/><G131/><T81/><D104/><RYUUKYOKU ba="3,0" sc="441,-15,17,15,264,-15,278,15" hai1="17,22,26,48,50,78,80,84,94,102" hai3="52,53,77,79,83,86,87,88,90,95" />
</Scene>
<Scene>
<INIT seed="5,4,0,3,5,60" ten="426,32,249,293" oya="1" hai0="2,57,127,87,72,128,70,113,15,66,58,9,85" hai1="116,65,104,82,69,32,75,16,105,63,78,73,120" hai2="134,23,95,38,109,99,44,132,118,7,61,56,3" hai3="21,45,122,119,89,64,34,96,112,22,84,68,11"/><U8/><E120/><V121/><F121/><W48/><G122/><T93/><D72/><U74/><E116/><V13/><F118/><W47/><G34/><T28/><D2/><U40/><E32/><V25/><F3/><W124/><G119/><T130/><D113/><U24/><E40/><V33/><F33/><W67/><G112/><T18/><D28/><U83/><E8/><V4/><F109/><W91/><G124/><T19/><D19/><U103/><E103/><N who="2" m="60927" /><F44/><W39/><G68/><T62/><D127/><U102/><E102/><V5/><F38/><W80/><G39/><T114/><D114/><U36/><E36/><V17/><F134/><W125/><G125/><T101/><D101/><U35/><E16/><N who="2" m="12519" /><F132/><W6/><G47/><T0/><D0/><U76/><REACH who="1" step="1"/><E74/><REACH who="1" ten="426,22,249,293" step="2"/><V81/><F17/><W129/><G11/><T1/><D9/><U71/><E71/><V86/><F13/><W111/><G111/><T12/><D1/><U41/><E41/><V10/><F10/><W43/><G6/><T117/><D18/><U51/><E51/><V92/><F7/><W90/><G22/><T88/><D117/><U53/><E53/><N who="2" m="33935" /><F5/><W30/><G21/><T29/><D70/><U106/><E106/><V126/><F4/><W54/><G43/><T59/><D130/><U77/><E77/><N who="2" m="46383" /><F126/><W131/><G131/><T20/><D128/><U94/><E94/><AGARI ba="4,1" hai="92,94" m="46383,33935,12519,60927" machi="94" ten="30,2000,0" yaku="8,1,54,1" doraHai="60" who="2" fromWho="1" sc="426,0,22,-32,249,42,293,0" owari="426,53.0,-10,-51.0,291,-11.0,293,9.0" />
</Scene>
</mjloggm>