<mjloggm ver="2.3"><GO type="97"/><UN n0="%41%73%69%6D%6F%76" n1="%E5%A4%AA%E3%81%8F%E3%81%AA%E3%81%84%E3%81%8A" n2="%67%69%6E%34%35%25" n3="%48%69%64%64%65%6E" dan="14,14,14,13" rate="1866,1986,1873,1980" sx="M,M,M,M"/><TAIKYOKU oya="0"/>

<Scene>
<INIT seed="0,0,0,5,5,56" ten="250,250,250,250" oya="0" hai0="87,88,76,49,92,35,45,131,36,106,54,31,12" hai1="124,6,37,133,107,15,132,50,41,53,38,5,61" hai2="80,93,29,127,91,70,8,59,120,74,20,109,77" hai3="82,96,73,23,104,34,102,17,85,48,79,19,114"/><T108/><D131/><U123/><E107/><V44/><F120/><W28/><G114/><T69/><D106/><U75/><E75/><V26/><F70/><W81/><G34/><T121/><D121/><U128/><E123/><V25/><F109/><W57/><G28/><T63/><D108/><U66/><E128/><V39/><F127/><W118/><G118/><T16/><D76/><U105/><E105/><V103/><F103/><W51/><G57/><T101/><D101/><U83/><E124/><V55/><F8/><W98/><G98/><T112/><D112/><U32/><E32/><V111/><F111/><W11/><G11/><T4/><D4/><N who="1" m="1643" /><E15/><V97/><F39/><W10/><G10/><T116/><D116/><U0/><E83/><V129/><F129/><W47/><G47/><T43/><D31/><U27/><E27/><V94/><F94/><W122/><G122/><T9/><D35/><U99/><E99/><V68/><F68/><W117/><G117/><T46/><D69/><N who="1" m="42191" /><E0/><V13/><F13/><W7/><G7/><T22/><D9/><U119/><E119/><V64/><F44/><W1/><G1/><T62/><AGARI ba="0,0" hai="12,16,22,36,43,45,46,49,54,62,63,87,88,92" machi="62" ten="30,12000,1" yaku="0,1,52,2,54,2" doraHai="56" who="0" fromWho="0" sc="250,120,250,-40,250,-40,250,-40" />
</Scene>
<Scene>
<INIT seed="0,1,0,4,4,55" ten="370,210,210,210" oya="0" hai0="64,95,73,10,56,86,67,7,28,58,70,37,85" hai1="91,36,129,88,41,117,14,11,32,34,89,105,126" hai2="27,54,18,15,13,9,110,57,59,2,82,39,61" hai3="107,40,79,43,12,63,20,93,6,45,31,97,26"/><T35/><D73/><U113/><E117/><V30/><F39/><W0/><G107/><T80/><D37/><U44/><E105/><V100/><F2/><W66/><G0/><T25/><D70/><U101/><E101/><V8/><F110/><W125/><G125/><T116/><D116/><U62/><E126/><V111/><F111/><W71/><G79/><T33/><D33/><U69/><E129/><V16/><F100/><W109/><G109/><T83/><D95/><U50/><E113/><V75/><F75/><W23/><G45/><T77/><D64/><U19/><REACH who="1" step="1"/><E36/><REACH who="1" ten="370,200,210,210" step="2"/><V131/><F131/><W106/><G106/><T132/><D132/><U4/><E4/><V81/><REACH who="2" step="1"/><F59/><REACH who="2" ten="370,200,200,210" step="2"/><W121/><G121/><T87/><D67/><AGARI ba="1,2" hai="11,14,19,32,34,41,44,50,62,67,69,88,89,91" machi="67" ten="40,5200,0" yaku="1,1,54,1,53,1" doraHai="55" doraHaiUra="5" who="1" fromWho="0" sc="370,-55,200,75,200,0,210,0" />
</Scene>
<Scene>
<INIT seed="1,0,0,5,1,121" ten="315,275,200,210" oya="1" hai0="44,41,9,33,73,78,80,53,55,85,69,134,50" hai1="30,116,20,106,38,117,39,3,114,45,104,75,49" hai2="105,129,25,64,83,107,67,92,99,34,27,79,132" hai3="72,36,127,95,29,87,86,32,31,0,37,108,40"/><U100/><E114/><V74/><F129/><W16/><G72/><T54/><D134/><U59/><E3/><V18/><F132/><W5/><G40/><T26/><D69/><U12/><E75/><V15/><F34/><W28/><G95/><T7/><D33/><U123/><E123/><V13/><F13/><W96/><G96/><T103/><D26/><U48/><E59/><V90/><F27/><W51/><G32/><T60/><D103/><U8/><E20/><V128/><F25/><W11/><G51/><T111/><D111/><U24/><E24/><V82/><F82/><W135/><G135/><T115/><D115/><U35/><E30/><V68/><F128/><W125/><G16/><T122/><D122/><U14/><E35/><V58/><F68/><W101/><G101/><T76/><D76/><U63/><E100/><V66/><REACH who="2" step="1"/><F58/><REACH who="2" ten="315,275,190,210" step="2"/><W61/><G108/><T21/><D21/><AGARI ba="0,1" hai="15,18,21,64,66,67,74,79,83,90,92,99,105,107" machi="21" ten="40,2600,0" yaku="1,1,2,1,53,0" doraHai="121" doraHaiUra="124" who="2" fromWho="0" sc="315,-26,275,0,190,36,210,0" />
</Scene>
<Scene>
<INIT seed="2,0,0,5,2,42" ten="289,275,226,210" oya="2" hai0="33,41,62,22,106,26,91,63,93,114,34,94,70" hai1="8,52,81,35,57,115,132,129,54,77,53,90,111" hai2="101,88,68,112,11,47,120,7,98,105,74,110,107" hai3="46,55,96,134,20,99,58,85,36,9,87,119,113"/><V60/><F120/><W15/><G134/><T123/><D114/><U21/><E115/><V69/><F112/><W45/><G113/><T131/><D123/><U100/><E35/><V23/><F74/><W108/><G108/><T25/><BYE who="3" /><D131/><U28/><E111/><V67/><F110/><W79/><G79/><T12/><D106/><U95/><E132/><UN n3="%48%69%64%64%65%6E" /><V39/><F105/><W133/><G133/><T124/><D124/><U16/><E129/><V56/><F23/><W61/><G36/><T118/><D118/><U40/><E40/><V27/><F27/><W83/><G119/><T31/><D41/><U64/><E100/><V65/><F65/><W37/><G37/><T103/><D103/><U128/><E128/><V13/><F39/><W18/><G9/><T73/><D73/><U104/><E104/><V4/><F4/><W76/><G76/><T86/><BYE who="3" /><D94/><U2/><E2/><V24/><F24/><W135/><G135/><T127/><D127/><U66/><E8/><V17/><F7/><W82/><G82/><T130/><D130/><U6/><E6/><V32/><F32/><W84/><G84/><T75/><D75/><N who="1" m="43199" /><E28/><V5/><F5/><W125/><G125/><T97/><D97/><N who="1" m="57591" /><E57/><V121/><F121/><W10/><G10/><T14/><D33/><U3/><E3/><V80/><REACH who="2" step="1"/><F47/><REACH who="2" ten="289,275,216,210" step="2"/><W1/><G1/><T92/><D92/><U109/><E109/><V72/><F72/><W51/><G51/><T71/><D25/><N who="1" m="14503" /><E66/><V30/><F30/><W78/><G78/><T102/><D34/><U19/><E64/><V49/><F49/><RYUUKYOKU ba="0,1" sc="289,-15,275,15,216,15,210,-15" hai1="19,52,53,54" hai2="11,13,17,56,60,67,68,69,80,88,98,101,107" />
</Scene>
<Scene>
<INIT seed="2,1,1,5,1,43" ten="274,290,231,195" oya="2" hai0="110,4,107,9,114,29,129,63,55,57,131,89,34" hai1="65,17,100,2,127,132,130,5,81,70,24,48,97" hai2="56,28,120,14,94,111,20,115,50,71,64,77,104" hai3="88,25,31,18,27,124,15,116,13,23,73,105,67"/><V47/><F104/><W26/><G26/><T135/><D114/><U90/><E2/><V42/><F115/><W46/><G46/><T11/><D135/><U103/><E5/><V78/><F120/><W30/><G30/><T118/><D118/><U125/><E132/><V40/><F71/><W3/><G3/><T121/><D121/><U59/><E130/><N who="0" m="49673" /><D110/><UN n3="%48%69%64%64%65%6E" /><U62/><E81/><V99/><F111/><W109/><G109/><T41/><D107/><U83/><E70/><V101/><F40/><W49/><G124/><N who="1" m="47690" /><E48/><V92/><F92/><W45/><G45/><T79/><BYE who="3" /><D41/><U39/><E39/><V113/><F113/><W44/><G44/><T66/><D79/><U93/><E83/><V134/><F134/><W7/><G7/><T12/><D89/><U95/><E95/><V102/><F102/><UN n3="%48%69%64%64%65%6E" /><W122/><G116/><T86/><D86/><U112/><E112/><V52/><F64/><W87/><G87/><T133/><BYE who="3" /><D133/><U106/><E106/><V21/><F21/><AGARI ba="1,1" hai="17,21,24,59,62,65,90,93,97,100,103" m="47690" machi="21" ten="30,1000,0" yaku="18,1" doraHai="43" who="1" fromWho="2" sc="274,0,290,23,231,-13,195,0" /><UN n3="%48%69%64%64%65%6E" />
</Scene>
<Scene>
<INIT seed="3,0,0,2,0,85" ten="274,313,218,195" oya="3" hai0="7,40,108,64,126,74,3,63,113,118,103,2,129" hai1="111,32,123,61,57,20,79,17,43,8,91,99,48" hai2="94,115,38,133,24,78,83,47,114,125,58,124,26" hai3="122,121,14,59,96,46,54,117,127,90,39,60,51"/><W27/><G117/><T101/><D118/><U18/><E32/><V92/><F38/><W105/><G39/><T95/><D113/><N who="2" m="43018" /><F47/><W67/><G127/><N who="2" m="48713" /><F58/><W53/><G67/><T33/><D126/><U66/><E123/><V93/><F26/><W72/><G72/><T97/><D108/><U55/><E111/><V84/><F24/><W19/><G27/><T130/><D74/><U106/><E43/><V98/><F133/><W65/><G65/><T128/><D33/><U45/><E79/><V30/><F30/><W49/><G60/><T13/><D40/><U31/><E31/><V119/><F119/><W36/><G36/><T68/><REACH who="0" step="1"/><D103/><AGARI ba="0,0" hai="78,83,84,92,93,94,98,103" m="48713,43018" machi="103" ten="30,3900,0" yaku="18,1,34,2" doraHai="85" who="2" fromWho="0" sc="274,-39,313,0,218,39,195,0" owari="235,-16.0,313,40.0,257,6.0,195,-30.0" />
</Scene>
</mjloggm>