<mjloggm ver="2.3"><GO type="169"/><UN n0="%E6%A3%92%E8%A7%92" n1="%E3%81%A1%E3%81%8F%E3%81%8D" n2="%E3%81%AE%E3%81%A9%E3%81%A3%E3%81%A1%2E" n3="%E5%A4%AA%E3%81%8F%E3%81%AA%E3%81%84%E3%81%8A" dan="16,18,19,18" rate="2056,2160,2292,2170" sx="M,M,F,M"/><TAIKYOKU oya="0"/>

<Scene>
<INIT seed="0,0,0,3,4,122" ten="250,250,250,250" oya="0" hai0="5,68,25,124,49,27,20,36,41,19,87,111,59" hai1="16,93,33,95,32,72,17,102,92,133,90,106,11" hai2="82,130,15,134,110,121,115,80,103,65,71,117,13" hai3="45,76,135,60,54,86,105,107,91,2,129,28,131"/><T56/><D68/><U84/><E72/><V97/><F121/><W44/><G2/><T98/><D124/><U120/><E120/><V53/><F115/><W58/><G135/><T37/><D5/><U77/><E133/><V101/><F134/><W69/><G76/><T132/><D132/><U113/><E113/><V47/><F117/><W1/><G1/><T18/><D98/><U43/><E77/><V88/><F71/><W78/><G28/><T70/><D70/><U24/><E43/><V67/><F53/><W85/><G69/><T99/><D99/><U39/><E39/><V89/><F97/><W50/><G78/><T12/><D87/><U0/><E106/><V3/><F3/><W108/><G85/><T52/><D41/><U74/><E74/><V127/><F47/><W75/><G75/><T35/><D59/><U34/><E102/><V31/><F31/><W40/><G45/><T6/><D6/><U64/><E64/><V21/><F21/><W83/><G108/><T29/><REACH who="0" step="1"/><D111/><REACH who="0" ten="240,250,250,250" step="2"/><U79/><E84/><V96/><F96/><W51/><G105/><T73/><D73/><U100/><E100/><V126/><F130/><N who="3" m="49675" /><G107/><T81/><D81/><U116/><E93/><V118/><F118/><W61/><AGARI ba="0,1" hai="40,44,50,51,54,58,60,61,83,86,91" m="49675" machi="61" ten="30,1100,0" yaku="19,1" doraHai="122" who="3" fromWho="3" sc="240,-5,250,-3,250,-3,250,21" />
</Scene>
<Scene>
<INIT seed="1,0,0,4,2,71" ten="235,247,247,271" oya="1" hai0="93,109,115,106,25,26,31,6,36,88,69,9,89" hai1="112,57,19,92,81,29,83,44,122,56,27,63,87" hai2="120,102,23,51,98,104,129,15,59,13,20,7,91" hai3="32,99,111,114,96,12,108,95,80,60,72,90,39"/><U121/><E112/><V46/><F120/><W118/><G32/><T35/><D106/><U18/><E122/><V21/><F129/><W126/><G114/><T76/><D69/><U50/><E121/><V105/><F105/><W110/><G60/><T100/><D115/><U85/><E92/><V40/><F7/><W8/><G126/><T1/><D109/><U14/><E29/><V86/><REACH who="2" step="1"/><F59/><REACH who="2" ten="235,247,237,271" step="2"/><W75/><G111/><T10/><D6/><U101/><E57/><V11/><F11/><W117/><G8/><T28/><D1/><U135/><E56/><V43/><F43/><W127/><G108/><T45/><D10/><U131/><E131/><V123/><F123/><W58/><G58/><T107/><D9/><U132/><E63/><V84/><F84/><W33/><G110/><T38/><D107/><U54/><E87/><V53/><F53/><W116/><G116/><T41/><D41/><U77/><E85/><V0/><F0/><W37/><G117/><T128/><D128/><U3/><E54/><V55/><F55/><W30/><G118/><T68/><D68/><U61/><E61/><V103/><F103/><W97/><G72/><T67/><D100/><U130/><E101/><V94/><AGARI ba="0,1" hai="13,15,20,21,23,40,46,51,86,91,94,98,102,104" machi="94" ten="30,2000,0" yaku="1,1,0,1,53,0" doraHai="71" doraHaiUra="24" who="2" fromWho="2" sc="235,-5,247,-10,237,30,271,-5" />
</Scene>
<Scene>
<INIT seed="2,0,0,1,4,115" ten="230,237,267,266" oya="2" hai0="129,8,105,62,1,83,40,25,116,21,126,60,121" hai1="20,15,56,45,94,57,42,37,36,54,119,2,33" hai2="13,130,77,74,100,35,41,135,133,120,82,5,75" hai3="85,102,78,88,44,98,84,38,106,71,11,104,73"/><V109/><F120/><W134/><G71/><T86/><D121/><U66/><E33/><V114/><F114/><W26/><G26/><T53/><D105/><U4/><E2/><V95/><F35/><W3/><G106/><T58/><D126/><U32/><E32/><V6/><F41/><N who="3" m="22583" /><G88/><T93/><D93/><U16/><E4/><V110/><F5/><N who="3" m="1471" /><G134/><N who="2" m="51209" /><F6/><W92/><G92/><T70/><D8/><U10/><E37/><V27/><F27/><W14/><G14/><T59/><D70/><U125/><E125/><V128/><F13/><W9/><G9/><T99/><D40/><U48/><E94/><V111/><F74/><W61/><G61/><T90/><D1/><U117/><REACH who="1" step="1"/><E10/><REACH who="1" ten="230,227,267,266" step="2"/><V68/><F68/><W64/><G104/><T81/><D21/><U51/><E51/><V69/><F69/><W107/><G107/><T65/><D62/><AGARI ba="0,1" hai="15,16,20,36,42,45,48,54,56,57,62,66,117,119" machi="62" ten="40,8000,1" yaku="1,1,52,2,54,1,53,0" doraHai="115" doraHaiUra="31" who="1" fromWho="0" sc="230,-80,227,90,267,0,266,0" />
</Scene>
<Scene>
<INIT seed="3,0,0,4,5,111" ten="150,317,267,266" oya="3" hai0="63,35,103,77,59,127,123,26,19,135,82,12,9" hai1="120,22,15,5,58,34,52,44,1,104,109,94,100" hai2="38,99,102,117,14,33,88,31,134,74,27,20,79" hai3="8,32,75,107,55,95,4,68,96,36,84,129,70"/><W130/><G75/><T7/><D123/><U90/><E34/><V56/><F117/><W72/><G72/><T48/><D135/><U62/><E120/><V6/><F38/><W118/><G32/><T105/><D127/><U47/><E109/><V122/><F122/><W67/><G36/><T46/><D105/><U87/><E1/><V42/><F42/><W71/><G67/><T125/><D103/><U28/><E104/><V73/><F134/><W64/><G64/><T49/><D125/><U86/><E100/><V65/><F102/><W24/><G24/><T108/><D108/><U40/><E40/><V16/><F79/><W83/><G107/><T92/><D92/><U0/><E0/><V81/><F6/><W78/><G55/><T43/><D49/><U39/><E39/><V13/><F13/><W133/><G118/><T51/><D51/><U98/><E28/><V76/><F99/><W25/><G25/><T37/><D37/><U53/><E53/><V60/><F88/><N who="3" m="55399" /><G133/><T119/><D119/><U80/><E98/><V69/><REACH who="2" step="1"/><F73/><REACH who="2" ten="150,317,257,266" step="2"/><W131/><G4/><T115/><D7/><U93/><E5/><V30/><F30/><W126/><G126/><T85/><D26/><U11/><E94/><V101/><F101/><W132/><G132/><T57/><D35/><U41/><E41/><V54/><F54/><W29/><G29/><T89/><D77/><U66/><E52/><V2/><F2/><W10/><AGARI ba="0,1" hai="8,10,68,70,71,78,83,84,129,130,131" m="55399" machi="10" ten="40,3900,0" yaku="19,1,54,1" doraHai="111" who="3" fromWho="3" sc="150,-13,317,-13,257,-13,266,49" />
</Scene>
<Scene>
<INIT seed="3,1,0,0,0,78" ten="137,304,244,315" oya="3" hai0="126,53,102,71,88,98,105,55,96,118,24,40,61" hai1="47,34,70,112,92,6,65,132,32,38,128,3,79" hai2="94,5,77,104,12,69,109,81,85,108,25,46,0" hai3="82,11,56,42,44,74,114,26,86,101,60,19,133"/><W1/><G114/><T120/><D118/><U110/><E112/><V43/><F104/><W58/><G101/><T122/><D40/><N who="1" m="22935" /><E92/><V8/><F69/><W99/><G99/><T135/><D135/><U20/><E20/><V37/><F25/><W45/><G133/><T68/><D126/><U93/><E93/><V27/><F27/><W50/><G74/><T97/><D24/><U21/><E21/><V89/><REACH who="2" step="1"/><F12/><REACH who="2" ten="137,304,234,315" step="2"/><W113/><G26/><T57/><D68/><U18/><E70/><V119/><F119/><W100/><G113/><T49/><D71/><U35/><E132/><V123/><F123/><W67/><G1/><T103/><D105/><U59/><E3/><V31/><F31/><W39/><G39/><T36/><D36/><U22/><E34/><V125/><F125/><W29/><G29/><T16/><D122/><U106/><E32/><V87/><AGARI ba="1,1" hai="0,5,8,37,43,46,77,81,85,87,89,94,108,109" machi="87" ten="30,4000,0" yaku="1,1,0,1,52,1,53,0" doraHai="78" doraHaiUra="131" who="2" fromWho="2" sc="137,-11,304,-11,234,53,315,-21" />
</Scene>
<Scene>
<INIT seed="4,0,0,3,0,83" ten="126,293,287,294" oya="0" hai0="48,45,43,15,74,132,7,26,92,123,12,35,113" hai1="73,118,108,117,122,126,128,11,134,39,33,124,89" hai2="50,127,41,104,21,58,95,13,44,103,67,85,93" hai3="38,56,27,6,87,106,29,42,109,60,34,112,3"/><T116/><D123/><U4/><RYUUKYOKU type="yao9" ba="0,0" sc="126,0,293,0,287,0,294,0" hai1="4,11,33,39,73,89,108,117,118,122,124,126,128,134" />
</Scene>
<Scene>
<INIT seed="4,1,0,1,2,54" ten="126,293,287,294" oya="0" hai0="6,29,118,135,116,97,21,38,130,20,63,68,35" hai1="117,71,124,1,27,24,91,11,33,94,127,23,31" hai2="90,74,96,28,19,53,10,42,81,59,111,76,39" hai3="99,106,85,36,109,98,121,73,49,102,14,104,128"/><T93/><D38/><U70/><E117/><V89/><F111/><W48/><G36/><T52/><D135/><U80/><E80/><V92/><F28/><W34/><G73/><T114/><D114/><U132/><E132/><V100/><F42/><W13/><G34/><T7/><D35/><U134/><E134/><V95/><F39/><W32/><G32/><T50/><D130/><U57/><E11/><V45/><F45/><W66/><G66/><T69/><D63/><U103/><E103/><V9/><F19/><W8/><G109/><T15/><D118/><U61/><E1/><V125/><F125/><N who="1" m="48201" /><E27/><V108/><F108/><W25/><G25/><N who="0" m="16551" /><D68/><U129/><E33/><V133/><F133/><W105/><G105/><T112/><D69/><U17/><E31/><V4/><F4/><W72/><G72/><T51/><D51/><U22/><E22/><V40/><F40/><W110/><G110/><T87/><D87/><N who="1" m="52607" /><E129/><V88/><REACH who="2" step="1"/><F95/><REACH who="2" ten="126,293,277,294" step="2"/><W5/><G128/><T120/><D116/><U62/><E71/><V75/><F75/><W12/><G104/><T126/><D126/><U26/><E70/><V30/><F30/><W43/><G106/><T46/><D112/><U2/><E17/><V58/><F58/><W131/><G5/><T122/><D122/><U123/><E57/><V83/><F83/><W115/><G121/><T44/><D44/><U101/><E123/><V86/><F86/><W119/><G115/><T37/><D37/><U47/><E47/><V77/><F77/><W79/><G131/><T41/><D120/><U65/><E65/><V64/><F64/><RYUUKYOKU ba="1,1" sc="126,-10,293,-10,277,30,294,-10" hai2="9,10,53,59,74,76,81,88,89,90,92,96,100" />
</Scene>
<Scene>
<INIT seed="5,2,1,5,0,125" ten="116,283,307,284" oya="1" hai0="41,14,11,18,124,87,48,100,115,55,112,33,103" hai1="96,119,49,109,79,56,63,113,3,53,91,40,67" hai2="54,89,10,129,77,94,21,16,9,117,122,12,29" hai3="60,39,46,36,104,102,58,38,45,24,111,61,88"/><U30/><E119/><V128/><F122/><W74/><G74/><T28/><D41/><U114/><E3/><V121/><F121/><W17/><G111/><T106/><D124/><U108/><E79/><V75/><F117/><W105/><G88/><T71/><D71/><N who="1" m="42495" /><E30/><V116/><F116/><W7/><G7/><T4/><D106/><U127/><E127/><V19/><F29/><W20/><G61/><T44/><D115/><N who="1" m="44043" /><E96/><V83/><F54/><W93/><G93/><T90/><D112/><U47/><E91/><V97/><REACH who="2" step="1"/><F10/><REACH who="2" ten="116,283,297,284" step="2"/><W135/><G135/><T126/><D126/><U65/><E65/><V110/><F110/><W0/><G0/><T5/><D28/><U22/><E22/><V69/><F69/><W86/><G20/><T8/><D33/><U15/><E15/><AGARI ba="2,2" hai="9,12,15,16,19,21,75,77,83,89,94,97,128,129" machi="15" ten="40,8000,1" yaku="1,1,52,2,54,1,53,0" doraHai="125" doraHaiUra="37" who="2" fromWho="1" sc="116,0,283,-86,297,106,284,0" />
</Scene>
<Scene>
<INIT seed="6,0,0,2,1,86" ten="116,197,403,284" oya="2" hai0="81,116,16,35,79,125,58,49,18,123,17,21,89" hai1="99,100,77,108,65,53,37,131,104,70,3,107,62" hai2="69,87,134,12,47,82,105,111,122,135,13,24,48" hai3="0,5,72,22,67,56,32,91,45,4,7,40,38"/><V64/><F105/><W103/><G32/><T73/><D35/><U110/><E107/><V97/><F97/><W26/><G72/><T33/><D33/><U36/><E53/><V30/><F122/><W78/><G78/><T51/><D123/><U74/><E3/><V28/><F111/><N who="1" m="42537" /><E131/><V63/><F12/><W66/><G103/><T132/><D116/><U124/><E124/><V10/><F24/><W44/><G0/><T2/><D125/><U60/><E60/><V127/><F127/><W1/><G1/><T68/><D68/><U43/><E43/><V15/><F15/><W92/><G56/><T9/><D21/><U113/><E113/><V133/><F48/><N who="3" m="26631" /><G45/><T94/><D58/><U6/><E6/><N who="2" m="3287" /><F47/><W95/><G38/><T41/><D41/><U8/><E8/><V83/><F83/><AGARI ba="0,0" hai="36,37,62,65,70,74,77,83,99,100,104" m="42537" machi="83" ten="30,1000,0" yaku="23,1" doraHai="86" who="1" fromWho="2" sc="116,0,197,10,403,-10,284,0" />
</Scene>
<Scene>
<INIT seed="7,0,0,3,1,81" ten="116,207,393,284" oya="3" hai0="55,96,17,127,1,25,50,26,66,128,83,122,7" hai1="116,101,56,22,109,6,75,47,33,99,43,38,69" hai2="119,111,113,94,74,104,105,53,48,13,85,72,65" hai3="130,62,34,134,54,82,79,12,107,40,57,71,29"/><W24/><G107/><T16/><D122/><U126/><E33/><V11/><F119/><W103/><G130/><T19/><D128/><U51/><E109/><V49/><F111/><W87/><G134/><T35/><D127/><U120/><E120/><V133/><F65/><W84/><G103/><T93/><D66/><U20/><E75/><V123/><F123/><W23/><G71/><T112/><D112/><U58/><E69/><V30/><F30/><W52/><G40/><T60/><D60/><U31/><E126/><V18/><F113/><W41/><G41/><T90/><D35/><U100/><E116/><V88/><F133/><W129/><G129/><T76/><D7/><U98/><E6/><V64/><F64/><N who="3" m="38991" /><G34/><T102/><D102/><N who="1" m="39531" /><E38/><V45/><F74/><W39/><G39/><T77/><D1/><U14/><E22/><V2/><F72/><W28/><G28/><T32/><D32/><U59/><E14/><V97/><F2/><W110/><G110/><T86/><REACH who="0" step="1"/><D77/><REACH who="0" ten="106,207,393,284" step="2"/><U125/><E125/><V4/><F4/><W70/><G70/><T131/><D131/><U5/><E5/><V108/><F108/><W92/><G12/><T78/><D78/><U61/><E61/><V124/><F124/><W15/><G15/><T63/><D63/><U10/><E10/><V3/><F3/><W37/><G37/><T80/><D80/><U67/><E67/><V89/><F48/><W42/><G82/><AGARI ba="0,1" hai="11,13,18,45,49,53,82,85,88,89,94,97,104,105" machi="82" ten="30,8000,1" yaku="7,1,25,2,52,1,54,1" doraHai="81" who="2" fromWho="3" sc="106,0,207,0,393,90,284,-80" owari="106,-39.0,207,1.0,483,58.0,204,-20.0" />
</Scene>
</mjloggm>