<mjloggm ver="2.3"><GO type="169"/><UN n0="%E5%A4%AA%E3%81%8F%E3%81%AA%E3%81%84%E3%81%8A" n1="%4E%4F%42%55%53%48%49" n2="%7A%6B%75%72%74" n3="%E4%BB%99%E7%9F%B3%E5%85%88%E7%94%9F" dan="16,16,17,16" rate="2110,2087,2164,2049" sx="M,M,M,M"/><TAIKYOKU oya="0"/>

<Scene>
<INIT seed="0,0,0,5,1,88" ten="250,250,250,250" oya="0" hai0="92,120,94,63,134,6,108,106,109,57,114,131,27" hai1="87,72,70,97,61,118,125,104,101,44,80,43,76" hai2="24,40,18,107,21,85,117,82,126,133,7,67,74" hai3="29,1,32,119,39,59,12,5,123,95,4,45,81"/><T26/><D120/><U98/><E118/><V79/><F107/><W99/><G119/><T127/><D114/><U90/><E125/><V86/><F117/><W124/><G1/><T37/><D106/><U48/><E98/><V2/><F126/><W111/><G111/><N who="0" m="42571" /><D127/><U112/><E112/><V71/><F133/><W17/><G124/><T53/><D134/><U33/><E33/><V73/><F73/><W41/><G123/><T65/><D131/><U15/><E15/><V31/><F31/><W3/><G81/><T77/><D37/><U62/><REACH who="1" step="1"/><E70/><REACH who="1" ten="250,240,250,250" step="2"/><V38/><F71/><W83/><G3/><T30/><D6/><U100/><E100/><V64/><F7/><W128/><G4/><T105/><D105/><U103/><E103/><V42/><F2/><W20/><G5/><T51/><D77/><U96/><E96/><V47/><F79/><W50/><G99/><T36/><D36/><U115/><E115/><V66/><F38/><W68/><G39/><T69/><D27/><U132/><E132/><V46/><F24/><W84/><G128/><T56/><D69/><U60/><E60/><V116/><F116/><W9/><G68/><T23/><AGARI ba="0,1" hai="23,26,30,51,53,56,57,63,65,92,94" m="42571" machi="23" ten="30,11700,0" yaku="14,1,10,1,52,2" doraHai="88" who="0" fromWho="0" sc="250,127,240,-39,250,-39,250,-39" />
</Scene>
<Scene>
<INIT seed="0,1,0,5,0,66" ten="377,201,211,211" oya="0" hai0="52,75,7,112,91,135,63,10,24,113,42,118,6" hai1="2,35,109,33,84,22,115,27,127,119,116,87,58" hai2="68,111,36,28,1,21,46,101,11,133,55,67,73" hai3="32,61,48,43,31,117,124,15,53,121,64,76,81"/><T14/><D118/><U106/><E106/><V38/><F73/><W103/><G117/><N who="1" m="45130" /><E84/><V60/><F133/><W129/><G103/><T13/><D75/><U100/><E87/><V16/><F111/><W74/><G124/><T19/><D135/><U56/><E58/><V120/><F120/><W102/><G129/><T110/><D42/><U107/><E56/><V65/><F65/><W71/><G102/><T51/><D63/><U98/><E2/><V97/><F28/><W134/><G43/><T62/><D62/><U131/><E115/><V29/><F29/><W105/><G134/><T92/><D110/><U90/><E90/><V41/><F55/><W88/><G105/><T5/><D24/><U12/><E12/><V70/><F38/><W85/><G15/><T37/><D37/><U23/><E23/><V8/><F1/><W0/><G0/><T50/><D50/><U132/><E132/><V40/><F40/><W122/><G74/><T49/><D49/><U47/><E47/><V128/><F128/><W77/><G76/><T17/><D91/><U59/><E59/><V4/><F4/><W30/><G77/><T130/><D130/><U44/><E131/><V3/><F3/><W26/><REACH who="3" step="1"/><G31/><REACH who="3" ten="377,201,211,201" step="2"/><T99/><D113/><U114/><E114/><V79/><F79/><W78/><G78/><T25/><D112/><U125/><E109/><V80/><F41/><W83/><G83/><T108/><D108/><U96/><E125/><V95/><F101/><W39/><G39/><T93/><D14/><U69/><E127/><V126/><F126/><W72/><G72/><RYUUKYOKU ba="1,1" sc="377,-10,201,-10,211,-10,201,30" hai3="26,30,32,48,53,61,64,71,81,85,88,121,122" />
</Scene>
<Scene>
<INIT seed="1,2,1,4,3,75" ten="367,191,201,231" oya="1" hai0="47,79,35,30,85,56,9,16,126,38,28,32,112" hai1="109,27,3,86,50,19,101,93,131,84,78,127,107" hai2="25,12,40,119,70,100,49,83,102,0,57,18,97" hai3="110,88,72,37,96,115,117,66,4,46,17,7,64"/><U134/><E3/><V116/><F0/><W89/><G115/><T124/><D112/><U41/><E134/><V6/><F70/><W67/><G110/><T114/><D114/><U118/><E118/><V95/><F6/><W113/><G113/><T120/><D120/><U111/><E127/><N who="0" m="48681" /><D56/><U51/><E131/><V121/><F121/><W130/><G72/><T99/><D99/><N who="1" m="59631" /><E107/><V73/><F102/><W8/><G130/><T94/><D47/><N who="1" m="25967" /><E78/><V59/><F25/><W71/><G117/><T108/><D38/><U65/><E51/><V74/><F74/><W36/><G71/><T52/><D108/><N who="1" m="41547" /><E65/><V90/><F119/><W132/><G132/><T76/><D52/><U92/><E92/><V123/><F123/><W11/><G67/><T1/><D94/><U10/><E27/><V98/><F116/><W103/><G66/><T60/><D60/><U54/><E54/><V87/><F73/><W45/><G64/><T61/><D61/><U82/><E82/><V91/><F90/><W14/><G89/><T105/><D105/><U15/><AGARI ba="2,1" hai="10,15,19,84,86" m="41547,25967,59631" machi="15" ten="30,3000,0" yaku="14,1,10,1" doraHai="75" who="1" fromWho="1" sc="367,-12,191,46,201,-12,231,-12" />
</Scene>
<Scene>
<INIT seed="1,3,0,5,2,34" ten="355,237,189,219" oya="1" hai0="112,50,21,12,14,61,70,82,120,5,37,2,118" hai1="132,68,94,74,23,28,134,51,40,26,67,115,53" hai2="66,84,89,123,22,131,15,111,125,97,80,135,10" hai3="44,42,48,35,86,99,77,130,129,1,81,59,56"/><U36/><E74/><V114/><F123/><W93/><G35/><T31/><D118/><U122/><E122/><V41/><F114/><W8/><G59/><T91/><D120/><U62/><E115/><V13/><F111/><W78/><G56/><T95/><D37/><U98/><E40/><V103/><F131/><N who="3" m="50187" /><G1/><T64/><D112/><U92/><E36/><V73/><F125/><W71/><G8/><T3/><D82/><U102/><REACH who="1" step="1"/><E94/><REACH who="1" ten="355,227,189,219" step="2"/><N who="2" m="58807" /><F73/><W63/><G93/><T11/><D50/><U17/><E17/><N who="2" m="10559" /><F41/><W32/><G42/><T33/><D33/><U85/><E85/><V76/><F135/><W58/><G32/><T27/><D14/><U104/><E104/><V107/><F107/><W54/><G86/><AGARI ba="3,1" hai="2,3,5,11,12,21,27,31,61,64,70,86,91,95" machi="86" ten="30,3900,0" yaku="7,1,52,2" doraHai="34" who="0" fromWho="3" sc="355,58,227,0,189,0,219,-48" />
</Scene>
<Scene>
<INIT seed="2,0,0,2,0,27" ten="413,227,189,171" oya="2" hai0="54,112,25,95,128,22,43,67,85,84,102,10,50" hai1="61,60,29,103,5,55,16,51,97,96,4,126,90" hai2="26,37,40,134,58,94,11,116,71,45,113,121,13" hai3="48,6,110,88,129,30,62,41,75,35,133,0,17"/><V93/><F71/><W82/><G110/><T18/><D112/><U66/><E126/><V106/><F106/><W101/><G133/><T69/><D128/><U135/><E135/><V42/><F134/><W28/><G101/><T34/><D34/><U132/><E90/><V122/><F113/><W87/><G75/><T72/><D72/><U68/><E61/><V3/><F116/><W33/><G129/><T15/><D43/><U52/><E97/><V117/><F3/><W76/><G62/><T80/><D67/><U44/><E55/><V125/><F117/><W114/><G76/><T63/><D63/><U12/><E29/><V56/><F125/><W57/><G114/><T104/><D104/><U64/><E64/><V98/><F42/><W78/><G78/><T31/><D69/><U24/><E24/><V1/><F1/><W2/><G2/><T49/><D80/><U20/><REACH who="1" step="1"/><E132/><REACH who="1" ten="413,217,189,171" step="2"/><V74/><F26/><W73/><G41/><T14/><D54/><U130/><E130/><V83/><F98/><W59/><G88/><T32/><D31/><U7/><E7/><N who="2" m="3327" /><F94/><AGARI ba="0,1" hai="4,5,12,16,20,44,51,52,60,66,68,94,96,103" machi="94" ten="30,8000,1" yaku="1,1,7,1,54,2,53,1" doraHai="27" doraHaiUra="92" who="1" fromWho="2" sc="413,0,217,90,189,-80,171,0" />
</Scene>
<Scene>
<INIT seed="3,0,0,4,4,84" ten="413,307,109,171" oya="3" hai0="11,117,78,92,110,15,65,111,10,25,120,118,44" hai1="39,135,96,72,134,71,64,33,38,97,26,22,1" hai2="94,87,32,13,104,63,27,114,73,58,56,52,123" hai3="49,19,30,37,14,100,121,47,91,7,66,102,23"/><W133/><G121/><T16/><D78/><U131/><E72/><V9/><F73/><W98/><G37/><N who="1" m="13834" /><E1/><V126/><F104/><W89/><G133/><N who="1" m="50698" /><E33/><V80/><F123/><W43/><G30/><T42/><D120/><U106/><E106/><V113/><F126/><W95/><G66/><T5/><D65/><U70/><E131/><V18/><F94/><N who="3" m="56655" /><G7/><T68/><D68/><N who="1" m="26155" /><E64/><V119/><F119/><W31/><G31/><AGARI ba="0,0" hai="22,26,31,96,97" m="26155,50698,13834" machi="31" ten="40,1300,0" yaku="20,1" doraHai="84" who="1" fromWho="3" sc="413,0,307,13,109,0,171,-13" />
</Scene>
<Scene>
<INIT seed="4,0,0,4,0,98" ten="413,320,109,158" oya="0" hai0="19,128,85,60,40,17,105,15,78,99,30,5,23" hai1="100,7,89,28,57,131,126,44,54,25,81,46,3" hai2="14,1,119,22,95,111,72,101,88,80,110,61,48" hai3="27,56,87,127,130,109,18,9,120,36,118,34,132"/><T84/><D128/><U26/><E131/><V70/><F1/><W38/><G56/><T112/><D112/><U49/><E126/><V79/><F119/><W117/><G87/><T12/><D5/><U114/><E114/><V0/><F0/><W59/><G59/><T102/><D30/><U73/><E100/><V83/><F83/><W77/><G77/><T86/><D40/><U64/><E26/><V103/><F48/><W75/><G75/><T125/><D125/><U29/><E29/><V104/><F104/><W82/><G82/><T16/><D60/><U52/><E64/><V71/><F22/><W124/><G109/><T6/><REACH who="0" step="1"/><D78/><REACH who="0" ten="403,320,109,158" step="2"/><U93/><E7/><V123/><F123/><W51/><G120/><T94/><D94/><U67/><E28/><V4/><F4/><W91/><G130/><T121/><D121/><U97/><E93/><V47/><F111/><W129/><G129/><T2/><D2/><U135/><E3/><V74/><F110/><W41/><G127/><T32/><D32/><U55/><E54/><V8/><F61/><W92/><G34/><T10/><AGARI ba="0,1" hai="6,10,12,15,16,17,19,23,84,85,86,99,102,105" machi="10" ten="30,11700,0" yaku="1,1,0,1,52,1,54,1,53,0" doraHai="98" doraHaiUra="31" who="0" fromWho="0" sc="403,127,320,-39,109,-39,158,-39" />
</Scene>
<Scene>
<INIT seed="4,1,0,2,5,135" ten="530,281,70,119" oya="0" hai0="75,74,128,132,43,87,58,51,127,115,44,113,94" hai1="35,102,117,64,79,97,50,23,40,70,66,120,69" hai2="72,91,56,122,2,31,33,45,30,108,107,21,112" hai3="80,52,77,73,26,90,131,28,38,12,9,95,24"/><T125/><D132/><U119/><E35/><V76/><F108/><W130/><G38/><T55/><D128/><N who="3" m="49193" /><G28/><T25/><D25/><U65/><E79/><V34/><F2/><W8/><G8/><T36/><D87/><U124/><E23/><V15/><F122/><W101/><G101/><T106/><D106/><U61/><E97/><V7/><F107/><W47/><G90/><T100/><D94/><U6/><E102/><V98/><F76/><W10/><G95/><T129/><D100/><U92/><E6/><V103/><F72/><N who="0" m="27690" /><D129/><U59/><E92/><V42/><F91/><W32/><G32/><T134/><D134/><U104/><E104/><V13/><F103/><W105/><G105/><T83/><D83/><U111/><E111/><V78/><F78/><W110/><G110/><T121/><D121/><U37/><E120/><V48/><F98/><W53/><G24/><T20/><D20/><U0/><E0/><V22/><F34/><W60/><G26/><T82/><D82/><U5/><E5/><V126/><F33/><W27/><G27/><T3/><D3/><U99/><E99/><V123/><F123/><W116/><G12/><T81/><D81/><U49/><E37/><V84/><F84/><W16/><G80/><T19/><D19/><U1/><E1/><V71/><F15/><W63/><G16/><T96/><D96/><U4/><E4/><V29/><F13/><W41/><G73/><T88/><D88/><U39/><E39/><V68/><F7/><W18/><G77/><T114/><AGARI ba="1,0" hai="36,43,44,51,55,58,113,114,115,125,127" m="27690" machi="114" ten="40,7800,0" yaku="15,1,52,2" doraHai="135" who="0" fromWho="0" sc="530,81,281,-27,70,-27,119,-27" />
</Scene>
<Scene>
<INIT seed="4,2,0,5,0,94" ten="611,254,43,92" oya="0" hai0="51,53,122,16,9,110,61,62,12,45,1,7,11" hai1="128,98,126,56,103,50,87,47,48,34,2,90,66" hai2="64,100,113,23,15,131,24,81,82,26,121,44,95" hai3="119,88,13,46,78,59,20,33,109,0,54,93,96"/><T41/><D122/><U55/><E34/><V120/><F113/><W60/><G33/><T29/><D110/><U116/><E2/><V134/><F131/><W84/><G0/><T65/><D29/><U105/><E128/><V57/><F134/><W63/><G119/><T21/><D11/><U32/><E32/><V77/><F44/><W67/><G46/><T115/><D115/><U70/><E126/><V8/><F121/><W135/><G135/><T86/><D65/><U89/><E116/><V75/><F120/><W107/><G107/><T102/><D102/><U91/><E70/><V118/><F118/><W71/><G109/><T114/><D114/><U39/><E39/><V49/><F82/><W10/><G20/><T108/><D108/><U97/><E97/><V72/><F72/><W4/><REACH who="3" step="1"/><G78/><REACH who="3" ten="611,254,43,82" step="2"/><T99/><D1/><U123/><E123/><V130/><F130/><W30/><G30/><T52/><D21/><U3/><E3/><V132/><F132/><W80/><G80/><T37/><D45/><U19/><E47/><V27/><F23/><W124/><G124/><T18/><D37/><U117/><E105/><V83/><F77/><W85/><AGARI ba="2,1" hai="4,10,13,54,59,60,63,67,71,84,85,88,93,96" machi="85" ten="30,7900,0" yaku="1,1,0,1,52,1,54,1,53,0" doraHai="94" doraHaiUra="43" who="3" fromWho="3" sc="611,-41,254,-22,43,-22,82,95" />
</Scene>
<Scene>
<INIT seed="5,0,0,1,0,8" ten="570,232,21,177" oya="1" hai0="27,70,63,125,60,42,55,69,35,47,50,61,26" hai1="14,132,10,93,5,16,110,117,66,86,121,105,115" hai2="83,18,40,79,109,75,127,80,20,62,88,49,15" hai3="134,32,3,48,74,119,124,92,57,1,38,94,126"/><U52/><E105/><V36/><F109/><W41/><G38/><N who="0" m="21975" /><D26/><U31/><E110/><V133/><F133/><W95/><G134/><T19/><D19/><U103/><E132/><V13/><F127/><N who="3" m="48683" /><G74/><T22/><D22/><U90/><E121/><V113/><F113/><W78/><G78/><T9/><D9/><U96/><E117/><V7/><F36/><W101/><G32/><T0/><D27/><U67/><E115/><V112/><F112/><W73/><G73/><T111/><D0/><N who="3" m="73" /><G119/><T33/><D35/><U12/><E31/><V114/><F114/><W37/><G37/><T54/><D33/><U107/><E52/><N who="0" m="20009" /><D111/><U116/><E116/><V64/><F49/><W6/><G6/><T53/><D125/><U30/><E30/><V82/><F40/><W56/><G101/><T123/><D123/><U106/><E106/><V130/><F88/><W2/><G2/><T28/><D28/><U11/><AGARI ba="0,0" hai="5,10,11,12,14,16,66,67,86,90,93,96,103,107" machi="11" ten="20,12000,1" yaku="0,1,7,1,52,2,54,1" doraHai="8" who="1" fromWho="1" sc="570,-40,232,120,21,-40,177,-40" owari="530,63.0,352,15.0,-19,-52.0,137,-26.0" />
</Scene>
</mjloggm>