<mjloggm ver="2.3"><GO type="169"/><UN n0="%E5%86%97%E8%AB%87%E7%AC%91%E6%AD%A2%EF%BC%81" n1="%E5%A4%AA%E3%81%8F%E3%81%AA%E3%81%84%E3%81%8A" n2="%E5%8E%9F%E5%AE%BF%E3%82%B8%E3%82%A7%E3%83%B3%E3%83%8C" n3="%E3%81%84%E3%81%A1%E3%81%8B%E3%82%8F%E2%99%AA" dan="16,17,16,16" rate="2036,2161,2116,2039" sx="M,M,M,M"/><TAIKYOKU oya="0"/>

<Scene>
<INIT seed="0,0,0,3,3,114" ten="250,250,250,250" oya="0" hai0="25,81,123,68,2,56,106,1,6,11,52,128,88" hai1="22,61,117,77,76,95,51,53,42,8,31,124,65" hai2="125,116,21,33,44,100,29,62,7,37,107,72,48" hai3="18,94,132,64,43,98,46,121,34,120,4,108,90"/><T74/><D123/><U113/><E113/><V0/><F21/><W105/><G4/><T66/><D106/><U24/><E124/><V28/><F48/><W109/><G34/><T19/><D128/><U40/><E117/><V104/><F28/><W96/><G64/><T16/><D1/><U119/><E119/><V93/><F93/><W111/><G18/><T63/><D25/><U41/><E8/><V112/><F62/><W85/><G132/><T26/><D26/><U70/><REACH who="1" step="1"/><E95/><REACH who="1" ten="250,240,250,250" step="2"/><V103/><F116/><W54/><G105/><T17/><D74/><U133/><E133/><V36/><F72/><W15/><G121/><T91/><REACH who="0" step="1"/><D81/><REACH who="0" ten="240,240,250,250" step="2"/><U45/><AGARI ba="0,2" hai="22,24,31,40,41,42,45,51,53,61,65,70,76,77" machi="45" ten="30,2000,0" yaku="1,1,0,1,53,0" doraHai="114" doraHaiUra="102" who="1" fromWho="1" sc="240,-10,240,40,250,-5,250,-5" />
</Scene>
<Scene>
<INIT seed="1,0,0,4,5,113" ten="230,280,245,245" oya="1" hai0="47,108,41,114,23,97,81,92,126,9,69,0,56" hai1="121,32,82,36,49,94,109,72,44,14,16,61,71" hai2="115,60,76,102,77,51,135,38,86,59,7,74,66" hai3="93,110,84,90,118,3,26,5,103,70,25,75,55"/><U35/><E121/><V58/><F38/><W105/><G75/><T17/><D114/><U129/><E36/><V125/><F74/><W128/><G70/><T127/><D69/><U37/><E37/><V132/><F115/><W89/><G128/><T124/><D81/><U24/><E129/><V63/><F7/><W119/><G90/><N who="0" m="55447" /><D56/><U123/><E123/><V20/><F102/><W52/><G110/><T65/><D65/><U134/><E134/><N who="2" m="51243" /><F51/><W116/><G25/><N who="0" m="14575" /><D47/><U40/><E109/><V87/><F20/><W1/><G26/><T12/><D108/><U27/><E35/><V30/><F30/><W54/><G5/><N who="0" m="3119" /><D41/><U107/><E107/><V33/><F33/><W34/><G34/><T78/><D78/><N who="2" m="30314" /><F125/><W4/><G4/><T85/><D85/><N who="2" m="32266" /><F66/><W83/><REACH who="3" step="1"/><G105/><REACH who="3" ten="230,280,245,235" step="2"/><T57/><D0/><U45/><E32/><V98/><F98/><AGARI ba="0,1" hai="1,3,52,54,55,83,84,89,93,98,103,116,118,119" machi="98" ten="50,12000,2" yaku="1,1,2,1,12,1,52,3,54,1,53,0" doraHai="113" doraHaiUra="29" who="3" fromWho="2" sc="230,0,280,0,245,-120,235,130" />
</Scene>
<Scene>
<INIT seed="2,0,0,1,4,99" ten="230,280,125,365" oya="2" hai0="133,20,110,88,73,72,43,90,105,96,83,123,129" hai1="115,12,39,128,94,44,92,82,34,56,116,7,41" hai2="100,15,132,98,135,91,26,3,4,114,11,5,119" hai3="64,120,111,81,30,54,46,131,87,109,50,103,47"/><V95/><F119/><W102/><G120/><T28/><D123/><U10/><E116/><V23/><F114/><W134/><G134/><T19/><D133/><N who="2" m="51274" /><F4/><W27/><G64/><T53/><D28/><U42/><E115/><V60/><F60/><W14/><G14/><T107/><D43/><U69/><E69/><V18/><F91/><W77/><G47/><T106/><D53/><U1/><E34/><V49/><F49/><W48/><G131/><T63/><D63/><U101/><E128/><V75/><F75/><N who="0" m="28746" /><D19/><U16/><E42/><V117/><F117/><W55/><G50/><T125/><D20/><U35/><E35/><V61/><F61/><W62/><G54/><T22/><D22/><U104/><E56/><V68/><F68/><W121/><G121/><T32/><D32/><U24/><E24/><AGARI ba="0,0" hai="3,5,11,15,18,23,24,26,95,98,100" m="51274" machi="24" ten="30,2900,0" yaku="20,1,52,1" doraHai="99" who="2" fromWho="1" sc="230,0,280,-29,125,29,365,0" />
</Scene>
<Scene>
<INIT seed="2,1,0,3,3,28" ten="230,251,154,365" oya="2" hai0="78,83,85,43,4,104,24,80,37,29,74,20,53" hai1="114,26,119,99,118,3,9,6,25,121,46,71,87" hai2="103,5,0,70,39,54,127,50,62,98,76,100,48" hai3="51,132,129,44,34,61,111,32,16,133,116,58,52"/><V84/><F39/><W14/><G111/><T101/><D4/><U17/><E71/><V105/><F103/><W112/><G129/><T102/><D104/><U42/><E114/><V130/><F127/><W40/><G116/><T107/><D107/><U125/><E125/><V123/><F123/><W131/><G131/><T69/><D69/><U59/><E121/><V135/><F130/><W55/><G55/><T12/><D12/><U77/><E99/><V67/><F135/><N who="3" m="51787" /><G112/><T2/><D2/><U1/><E1/><V82/><REACH who="2" step="1"/><F54/><REACH who="2" ten="230,251,144,365" step="2"/><W95/><G95/><T7/><D53/><U45/><E119/><V75/><F75/><W65/><G52/><T108/><D108/><U30/><E118/><V91/><F91/><W89/><G89/><T96/><D102/><U19/><E46/><V57/><F57/><W88/><G88/><T106/><D37/><U35/><E59/><V15/><F15/><W117/><G117/><T126/><D126/><U56/><E56/><V79/><F79/><W60/><G60/><T94/><D94/><U73/><E73/><V27/><F27/><W18/><G14/><T115/><D115/><U68/><E68/><V8/><AGARI ba="1,1" hai="0,5,8,48,50,62,67,70,76,82,84,98,100,105" machi="8" ten="30,3000,0" yaku="1,1,0,1,53,0" doraHai="28" doraHaiUra="86" who="2" fromWho="2" sc="230,-11,251,-11,144,43,365,-11" />
</Scene>
<Scene>
<INIT seed="2,2,0,2,5,9" ten="219,240,187,354" oya="2" hai0="56,89,33,95,68,5,106,60,49,111,71,86,10" hai1="87,20,117,82,135,14,132,121,26,115,116,6,41" hai2="78,45,104,90,8,40,109,12,91,23,2,102,131" hai3="1,93,54,57,53,81,92,39,25,101,11,120,4"/><V62/><F131/><W119/><G39/><T126/><D33/><U29/><E115/><V129/><F129/><W32/><G120/><T55/><D106/><U125/><E121/><V127/><F127/><W42/><G119/><T110/><D126/><U52/><E41/><V72/><F62/><W36/><G54/><T113/><D113/><U83/><E125/><V122/><F122/><W133/><G133/><N who="1" m="51274" /><E52/><V76/><F109/><N who="0" m="41482" /><D60/><U97/><E97/><V38/><F78/><W58/><G57/><T80/><D80/><N who="1" m="30763" /><E87/><V28/><F76/><W19/><G81/><T47/><D47/><U114/><E114/><V100/><F72/><W85/><G42/><T22/><D22/><U37/><E37/><V65/><F104/><W74/><G85/><T46/><D46/><U69/><E69/><V66/><F2/><AGARI ba="2,0" hai="2,5,10,49,55,56,68,71,86,89,95" m="41482" machi="2" ten="30,1000,0" yaku="14,1" doraHai="9" who="0" fromWho="2" sc="219,16,240,0,187,-16,354,0" />
</Scene>
<Scene>
<INIT seed="3,0,0,4,5,123" ten="235,240,171,354" oya="3" hai0="130,41,11,117,89,3,44,18,29,8,48,83,86" hai1="31,19,6,98,82,116,135,42,87,32,21,79,97" hai2="94,4,73,125,28,37,71,110,45,81,113,43,20" hai3="63,88,51,114,90,1,92,109,76,23,54,69,103"/><W127/><G1/><T62/><D117/><U14/><E116/><V132/><F113/><W39/><G39/><T102/><D3/><U99/><E135/><V7/><F71/><W70/><G127/><T55/><D130/><U111/><E42/><V5/><F125/><W22/><G76/><T2/><D2/><U47/><E47/><V85/><F132/><W26/><G23/><T101/><D29/><U84/><E6/><V107/><F107/><W64/><G70/><T49/><D62/><U95/><E32/><V119/><F119/><W100/><G90/><T25/><D8/><U131/><E131/><V78/><F94/><W122/><G109/><T115/><D115/><U0/><E0/><V46/><F45/><W35/><G35/><T50/><D25/><U75/><E31/><V40/><F40/><W36/><G36/><T30/><D30/><U34/><E34/><V68/><F68/><W38/><G38/><T104/><D104/><U133/><E133/><V15/><F73/><W128/><G122/><T118/><D118/><U77/><E75/><V33/><F33/><W129/><G114/><T105/><D105/><U74/><E74/><V96/><F96/><N who="3" m="57351" /><G129/><T61/><D41/><U91/><REACH who="1" step="1"/><E79/><REACH who="1" ten="235,230,171,354" step="2"/><V121/><F28/><N who="3" m="17495" /><G128/><T57/><D44/><U120/><E120/><V67/><F121/><W66/><G66/><T106/><D106/><U93/><E93/><V52/><F67/><W17/><G17/><T60/><D83/><U24/><E24/><V59/><F78/><W108/><G108/><AGARI ba="0,1" hai="14,19,21,77,82,84,87,91,95,97,98,99,108,111" machi="108" ten="40,5200,0" yaku="1,1,52,2,53,0" doraHai="123" doraHaiUra="65" who="1" fromWho="3" sc="235,0,230,62,171,0,354,-52" />
</Scene>
<Scene>
<INIT seed="4,0,0,2,4,59" ten="235,292,171,302" oya="0" hai0="100,68,97,109,119,5,123,106,24,87,104,120,45" hai1="121,26,90,10,47,34,93,111,134,108,3,19,117" hai2="133,96,54,6,122,49,21,62,128,40,125,27,42" hai3="69,63,30,55,31,94,105,20,92,51,23,52,35"/><T71/><D119/><U0/><E117/><V12/><F122/><W33/><G105/><T82/><D104/><U22/><E121/><V67/><F128/><W78/><G78/><T79/><D120/><U112/><E134/><V118/><F133/><W4/><G51/><T36/><D123/><U101/><E101/><V39/><F118/><W48/><G48/><T46/><D109/><U102/><E102/><V114/><F114/><W7/><G69/><T99/><D97/><U116/><E116/><V98/><F125/><W113/><REACH who="3" step="1"/><G63/><REACH who="3" ten="235,292,171,292" step="2"/><T11/><D36/><U76/><E76/><V115/><F115/><AGARI ba="0,1" hai="4,7,20,23,30,31,33,35,52,55,92,94,113,115" machi="115" ten="25,12000,2" yaku="1,1,2,1,22,2,54,1,53,2" doraHai="59" doraHaiUra="2" who="3" fromWho="2" sc="235,0,292,0,171,-120,292,130" />
</Scene>
<Scene>
<INIT seed="5,0,0,1,0,125" ten="235,292,51,422" oya="1" hai0="95,94,36,83,73,43,67,135,75,19,23,93,113" hai1="71,34,21,44,107,129,80,88,127,27,51,132,110" hai2="119,39,9,68,45,128,133,5,106,53,100,131,124" hai3="97,26,35,62,89,123,109,60,126,11,7,105,81"/><U86/><E71/><V40/><F53/><W38/><G38/><T69/><D135/><U31/><E107/><V12/><F133/><W84/><G126/><T16/><D19/><U3/><E132/><V25/><F124/><W61/><G109/><T108/><D108/><U117/><E127/><V90/><F68/><W64/><G123/><T72/><D113/><U111/><E117/><V10/><F25/><W118/><G118/><T134/><D134/><U115/><E3/><V78/><F119/><W65/><G35/><T116/><D116/><U87/><E115/><V29/><F29/><W24/><G105/><T98/><D43/><U52/><E129/><N who="2" m="49739" /><F78/><W55/><G97/><T92/><D69/><U49/><E34/><V54/><F90/><W56/><G64/><T58/><D67/><U66/><E66/><V57/><F100/><W15/><G65/><T102/><D102/><U120/><E120/><V46/><F106/><W101/><G101/><T47/><D98/><U41/><REACH who="1" step="1"/><E87/><REACH who="1" ten="235,282,51,422" step="2"/><V112/><F112/><W42/><G42/><T33/><D33/><U79/><E79/><V63/><F9/><W4/><G4/><T85/><D73/><U1/><E1/><V2/><F45/><AGARI ba="0,1" hai="21,27,31,41,44,45,49,51,52,80,86,88,110,111" machi="45" ten="40,7700,0" yaku="1,1,54,2,53,0" doraHai="125" doraHaiUra="114" who="1" fromWho="2" sc="235,0,282,87,51,-77,422,0" owari="235,-16.0,369,17.0,-26,-53.0,422,52.0" />
</Scene>
</mjloggm>