<mjloggm ver="2.3"><GO type="169"/><UN n0="%E9%81%BF%E3%81%91%E3%82%8B%E3%83%81%E3%83%BC%E3%82%BA" n1="%E3%81%82%E3%81%A4%E3%81%82%E3%81%A4%E6%B9%AF%E8%B1%86%E8%85%90" n2="%E3%81%AD%E3%81%98%E3%81%BE%E3%81%8D%E9%B3%A5%E2%88%AE" n3="%E5%A4%AA%E3%81%8F%E3%81%AA%E3%81%84%E3%81%8A" dan="17,17,16,17" rate="2223,2186,2033,2137" sx="F,F,M,M"/><TAIKYOKU oya="0"/>

<Scene>
<INIT seed="0,0,0,4,4,36" ten="250,250,250,250" oya="0" hai0="14,120,65,32,89,110,85,119,64,115,17,27,75" hai1="4,83,96,126,72,23,106,31,18,134,67,19,16" hai2="13,10,124,1,100,102,46,12,47,15,40,8,9" hai3="86,73,26,131,49,51,54,22,25,132,117,105,3"/><T41/><D75/><U88/><E126/><V77/><F124/><W116/><G73/><T81/><D120/><U121/><E121/><V48/><F1/><W52/><G3/><T62/><D119/><U80/><E4/><V123/><F123/><W57/><G105/><T69/><D115/><U37/><E134/><V91/><F77/><W125/><G125/><T76/><D110/><U103/><E37/><V129/><F129/><W109/><G131/><T133/><D133/><U92/><E67/><V0/><F0/><W127/><G127/><T29/><D65/><U50/><E50/><V68/><F68/><W107/><G132/><T101/><D101/><U97/><REACH who="1" step="1"/><E72/><REACH who="1" ten="250,240,250,250" step="2"/><V74/><F74/><W66/><G66/><T112/><D112/><U43/><E43/><V60/><F60/><W122/><G122/><T53/><D53/><U20/><E20/><V90/><F48/><W113/><G113/><T39/><D39/><U59/><E59/><V71/><F71/><W55/><G55/><T70/><D70/><U87/><E87/><V128/><F128/><W61/><G51/><T79/><REACH who="0" step="1"/><D41/><REACH who="0" ten="240,240,250,250" step="2"/><U35/><E35/><V130/><F130/><W28/><G54/><T5/><D5/><U6/><E6/><V95/><F40/><W24/><G52/><T58/><D58/><U7/><E7/><V82/><F47/><W34/><G57/><T78/><D78/><U118/><E118/><V93/><F46/><W38/><G117/><T2/><D2/><U45/><E45/><V56/><F56/><W114/><G116/><T42/><D42/><U108/><E108/><RYUUKYOKU ba="0,2" sc="240,15,240,15,250,-15,250,-15" hai0="14,17,27,29,32,62,64,69,76,79,81,85,89" hai1="16,18,19,23,31,80,83,88,92,96,97,103,106" />
</Scene>
<Scene>
<INIT seed="0,1,2,1,5,119" ten="255,255,235,235" oya="0" hai0="10,50,45,65,81,117,41,23,94,9,87,70,35" hai1="16,54,80,57,28,113,108,133,97,40,8,110,111" hai2="52,128,74,105,120,115,76,83,33,64,91,93,85" hai3="127,96,55,36,77,11,27,129,61,12,3,42,20"/><T101/><D35/><U130/><E130/><V131/><F33/><W18/><G129/><N who="2" m="49737" /><F64/><W89/><G127/><T79/><D117/><U95/><E133/><V59/><F115/><W46/><G77/><T88/><D101/><U126/><E126/><V1/><F1/><W100/><G3/><T63/><REACH who="0" step="1"/><D23/><REACH who="0" ten="245,255,235,235" step="2"/><U99/><E113/><V109/><F105/><W25/><G20/><T71/><D71/><U114/><E114/><V32/><F32/><W122/><G100/><T2/><D2/><U4/><E110/><V22/><F22/><W56/><G122/><T29/><D29/><U104/><E28/><V132/><F109/><W15/><G15/><T123/><D123/><U107/><E104/><V124/><F124/><W53/><G25/><T38/><D38/><U17/><E108/><V72/><F120/><W116/><G27/><T47/><D47/><U92/><E107/><V49/><F132/><W66/><G116/><T103/><D103/><U31/><E31/><V98/><AGARI ba="1,3" hai="49,52,59,72,74,76,83,85,91,93,98" m="49737" machi="98" ten="30,2000,0" yaku="19,1,54,1" doraHai="119" who="2" fromWho="2" sc="245,-11,255,-6,235,53,235,-6" />
</Scene>
<Scene>
<INIT seed="1,0,0,0,3,2" ten="234,249,288,229" oya="1" hai0="44,29,46,20,49,68,19,82,122,11,132,10,78" hai1="69,31,30,71,32,124,88,128,48,76,134,66,87" hai2="60,5,109,52,43,53,98,65,51,130,93,13,99" hai3="21,28,127,7,18,75,50,1,0,67,70,9,133"/><U85/><E76/><V94/><F109/><W27/><G75/><T112/><D68/><U41/><E66/><V24/><F130/><W4/><G127/><T121/><D112/><U64/><E64/><V47/><F24/><W105/><G105/><T100/><D100/><U125/><E134/><V62/><F94/><W111/><G111/><T42/><D29/><N who="1" m="10763" /><E32/><V96/><F93/><W45/><G133/><T103/><D103/><U114/><E114/><V83/><F83/><W56/><G70/><T120/><D46/><N who="1" m="25679" /><E87/><V37/><F37/><W34/><G67/><T57/><D132/><U92/><E128/><V101/><F101/><W84/><G84/><T22/><D57/><U123/><E123/><V77/><F77/><W12/><G56/><T25/><REACH who="0" step="1"/><D22/><REACH who="0" ten="224,249,288,229" step="2"/><U8/><E8/><N who="2" m="4239" /><F65/><W61/><G21/><T14/><D14/><U40/><E40/><V110/><F110/><W104/><G1/><T39/><D39/><U74/><E71/><V59/><F59/><W90/><G0/><T135/><D135/><U23/><E23/><V35/><F35/><W58/><G58/><T119/><D119/><U118/><E69/><V102/><F102/><W113/><G113/><T107/><D107/><U97/><E118/><V63/><AGARI ba="0,1" hai="43,47,51,52,53,60,62,63,96,98,99" m="4239" machi="63" ten="30,4000,0" yaku="8,1,52,1,54,1" doraHai="2" who="2" fromWho="2" sc="224,-10,249,-20,288,50,229,-10" />
</Scene>
<Scene>
<INIT seed="2,0,0,2,1,18" ten="214,229,338,219" oya="2" hai0="88,96,57,132,87,123,116,79,97,130,75,19,50" hai1="5,37,67,82,63,70,61,24,98,93,27,92,90" hai2="91,101,117,77,83,99,127,21,33,49,51,29,121" hai3="106,10,4,38,135,56,129,94,119,126,14,95,44"/><V107/><F121/><W84/><G119/><T0/><D123/><U100/><E37/><V25/><F117/><W131/><G106/><T111/><D116/><U52/><E5/><V113/><F113/><W64/><G126/><T34/><D111/><U48/><E82/><V73/><F127/><W26/><G135/><T76/><D0/><U81/><E81/><V86/><REACH who="2" step="1"/><F33/><REACH who="2" ten="214,229,328,219" step="2"/><W6/><G131/><T22/><D34/><U69/><E69/><V9/><F9/><W58/><G10/><T28/><D130/><U17/><E17/><V134/><F134/><W104/><G129/><T71/><D132/><U102/><E63/><V68/><F68/><W3/><G6/><T40/><D19/><U59/><REACH who="1" step="1"/><E102/><REACH who="1" ten="214,219,328,219" step="2"/><V118/><F118/><W41/><G4/><T125/><D71/><U120/><E120/><V53/><F53/><W47/><G3/><T124/><D124/><U55/><E55/><V7/><F7/><W109/><G109/><T39/><D125/><U85/><AGARI ba="0,2" hai="24,27,48,52,59,61,67,70,85,90,92,93,98,100" machi="85" ten="20,5200,0" yaku="1,1,0,1,7,1,54,1,53,0" doraHai="18" doraHaiUra="15" who="1" fromWho="1" sc="214,-13,219,72,328,-26,219,-13" />
</Scene>
<Scene>
<INIT seed="3,0,0,4,1,59" ten="201,291,302,206" oya="3" hai0="52,12,113,75,91,72,27,132,110,13,85,116,135" hai1="66,89,42,50,61,67,54,36,127,119,44,37,102" hai2="10,93,30,105,2,90,133,19,120,88,129,117,125" hai3="103,80,26,32,46,55,31,23,69,24,25,107,81"/><W9/><G69/><T100/><D116/><U3/><E3/><V111/><F117/><W76/><G9/><T101/><D110/><U97/><E119/><V82/><F105/><W22/><G107/><T112/><D27/><N who="3" m="10313" /><G32/><T18/><D18/><U62/><E89/><V130/><F30/><W96/><G22/><T70/><D70/><N who="1" m="42319" /><E102/><N who="0" m="39529" /><D52/><U0/><E97/><V34/><F34/><W104/><G104/><T68/><D68/><N who="1" m="42103" /><E0/><V114/><F90/><W16/><G31/><T35/><D35/><U51/><E127/><V20/><F125/><W21/><G21/><T48/><D13/><U57/><AGARI ba="0,0" hai="36,37,42,44,50,51,54,57" m="42103,42319" machi="57" ten="30,12000,2" yaku="35,5,52,2" doraHai="59" who="1" fromWho="1" sc="201,-30,291,120,302,-30,206,-60" />
</Scene>
<Scene>
<INIT seed="4,0,0,3,1,55" ten="171,411,272,146" oya="0" hai0="75,103,36,135,6,12,29,131,56,64,105,76,46" hai1="32,53,80,87,33,37,127,50,102,51,77,61,48" hai2="14,13,96,117,27,66,39,47,60,128,130,26,113" hai3="109,0,54,69,121,132,90,24,91,59,129,49,70"/><T2/><D131/><N who="2" m="50218" /><F113/><W79/><G129/><T81/><D135/><U8/><E127/><V62/><F117/><W82/><G109/><T104/><D12/><N who="2" m="4714" /><F96/><W11/><G132/><T41/><D29/><U30/><E37/><V28/><F28/><W114/><G114/><T19/><D19/><U95/><E8/><V3/><F3/><W89/><G121/><T18/><D18/><U126/><E126/><V34/><F34/><W21/><G0/><T10/><REACH who="0" step="1"/><D103/><REACH who="0" ten="161,411,272,146" step="2"/><U120/><E102/><V84/><F27/><W52/><G11/><T116/><D116/><U15/><E30/><V58/><F26/><W110/><G110/><T9/><D9/><U107/><E15/><V63/><F84/><W86/><G24/><T115/><D115/><U85/><E87/><V83/><F83/><W88/><G21/><T67/><D67/><U23/><E23/><V38/><F38/><W101/><G101/><T123/><D123/><U93/><E32/><V1/><F1/><W92/><REACH who="3" step="1"/><G54/><REACH who="3" ten="161,411,272,136" step="2"/><T7/><D7/><U5/><E5/><V45/><F39/><W133/><G133/><T68/><D68/><U20/><E20/><V25/><F25/><W122/><G122/><T108/><D108/><U72/><E33/><V74/><F74/><AGARI ba="0,2" hai="49,52,59,69,70,74,79,82,86,88,89,90,91,92" machi="74" ten="40,8000,1" yaku="1,1,52,1,54,2,53,0" doraHai="55" doraHaiUra="35" who="3" fromWho="2" sc="161,0,411,0,272,-80,136,100" />
</Scene>
<Scene>
<INIT seed="5,0,0,2,3,68" ten="161,411,192,236" oya="1" hai0="37,73,44,81,32,62,99,49,46,75,9,64,113" hai1="84,39,112,87,20,10,95,91,13,38,42,26,89" hai2="69,5,98,3,96,120,127,128,114,43,23,119,18" hai3="41,106,116,107,77,33,15,0,51,115,74,34,111"/><U132/><E112/><V131/><F120/><W93/><G15/><T109/><D32/><N who="3" m="12393" /><G51/><T124/><D109/><U30/><E42/><V54/><F119/><W97/><G93/><T52/><D113/><U129/><E129/><N who="2" m="49739" /><F114/><W101/><G115/><T29/><D29/><U17/><E132/><V48/><F69/><W94/><G94/><AGARI ba="0,0" hai="10,13,17,20,26,30,38,39,84,87,89,91,94,95" machi="94" ten="30,11600,0" yaku="7,1,9,1,52,2" doraHai="68" who="1" fromWho="3" sc="161,0,411,116,192,0,236,-116" />
</Scene>
<Scene>
<INIT seed="5,1,0,1,3,52" ten="161,527,192,120" oya="1" hai0="38,119,118,10,30,6,14,53,22,4,101,62,49" hai1="133,17,95,26,98,113,84,37,83,102,69,21,124" hai2="51,46,120,15,43,42,0,96,3,48,65,25,39" hai3="112,44,64,50,40,71,66,59,108,76,81,123,103"/><U23/><E37/><V35/><F120/><W36/><G123/><T88/><D38/><U116/><E116/><V89/><F65/><W121/><G121/><T115/><D101/><U91/><E113/><V105/><F39/><W135/><G112/><T127/><D115/><U57/><E69/><V32/><F15/><W34/><G34/><T80/><D127/><U130/><E124/><V13/><F13/><W41/><G108/><T77/><D4/><U55/><E133/><V99/><F25/><W129/><G135/><T68/><D68/><U54/><E130/><V79/><F79/><W61/><G103/><T11/><D11/><U70/><E70/><V24/><F24/><W94/><G94/><T132/><D132/><U78/><E23/><V27/><F27/><W47/><G129/><T107/><D107/><U134/><E134/><V12/><F12/><W128/><G128/><T109/><D109/><U93/><E57/><V56/><F89/><W58/><REACH who="3" step="1"/><G66/><REACH who="3" ten="161,527,192,110" step="2"/><T82/><D119/><U73/><AGARI ba="1,1" hai="17,21,26,54,55,73,78,83,84,91,93,95,98,102" machi="73" ten="20,2100,0" yaku="0,1,7,1" doraHai="52" who="1" fromWho="1" sc="161,-8,527,34,192,-8,110,-8" />
</Scene>
<Scene>
<INIT seed="5,2,0,5,1,89" ten="153,561,184,102" oya="1" hai0="126,128,12,93,130,125,36,35,49,39,98,55,71" hai1="19,121,70,112,86,10,75,38,127,72,96,8,109" hai2="24,114,81,14,107,56,115,66,60,7,80,79,57" hai3="63,108,51,61,29,50,90,129,117,92,41,28,113"/><U100/><E121/><V84/><F107/><W26/><G108/><T110/><D35/><U88/><E70/><V68/><F24/><W31/><G113/><N who="2" m="43017" /><F7/><W21/><G129/><N who="0" m="49771" /><D12/><U83/><E112/><V20/><F20/><W111/><G111/><T106/><D71/><U95/><E109/><V133/><F14/><W5/><G5/><T103/><D106/><U131/><E131/><V134/><F81/><W67/><G117/><T13/><D13/><U18/><E38/><N who="0" m="14377" /><D110/><U82/><E82/><V53/><F68/><W34/><G34/><T97/><D97/><U33/><E33/><V54/><F66/><W52/><G67/><T30/><D30/><N who="3" m="11881" /><G41/><T45/><AGARI ba="2,0" hai="45,49,55,93,98,103,125,126" m="14377,49771" machi="45" ten="40,2700,0" yaku="19,1,52,1" doraHai="89" who="0" fromWho="0" sc="153,33,561,-15,184,-9,102,-9" />
</Scene>
<Scene>
<INIT seed="6,0,0,1,0,109" ten="186,546,175,93" oya="2" hai0="77,99,115,97,126,86,124,31,89,71,76,111,35" hai1="106,62,21,72,14,87,116,112,13,66,54,7,23" hai2="47,44,75,114,113,122,19,40,101,26,20,63,119" hai3="18,85,28,110,84,6,65,3,43,83,9,52,32"/><V78/><F122/><W30/><G110/><T58/><D71/><U125/><E72/><V27/><F119/><W17/><G65/><T11/><D11/><U96/><E116/><V134/><F101/><W128/><G128/><T103/><D58/><U104/><E54/><V73/><F134/><W39/><G84/><T67/><D67/><U25/><E87/><V36/><F63/><W60/><G43/><T22/><D22/><U37/><E37/><V80/><F47/><W1/><G39/><T49/><D49/><U53/><E53/><V107/><F107/><W130/><G130/><T69/><D69/><U12/><E7/><V135/><F135/><W64/><G3/><T133/><D31/><U81/><E81/><V88/><F75/><W92/><G92/><N who="0" m="54327" /><D35/><U93/><E23/><V41/><F41/><W55/><G17/><T98/><D111/><U108/><E108/><V117/><F117/><W2/><G2/><T4/><D4/><U24/><E21/><V127/><F127/><N who="0" m="48682" /><D133/><U68/><E125/><V5/><F5/><W100/><G18/><T59/><D59/><U120/><E25/><N who="2" m="14495" /><F88/><W91/><G30/><T48/><D48/><U82/><E24/><V38/><F38/><W33/><G33/><T29/><D29/><U45/><E120/><V61/><F61/><W10/><G10/><T57/><D57/><U8/><E104/><V105/><F105/><W131/><G131/><T79/><D103/><U118/><E93/><V129/><F129/><W34/><G34/><T102/><D102/><U132/><E96/><V15/><F15/><W56/><G100/><RYUUKYOKU ba="0,0" sc="186,10,546,-30,175,10,93,10" hai0="76,77,79,97,98,99,115" hai2="26,27,36,40,44,73,78,80,113,114" hai3="1,6,9,28,32,52,55,56,60,64,83,85,91" />
</Scene>
<Scene>
<INIT seed="6,1,0,1,3,4" ten="196,516,185,103" oya="2" hai0="109,24,23,50,66,56,98,11,63,58,64,103,33" hai1="20,129,90,26,10,7,124,84,49,81,112,32,41" hai2="125,0,19,106,8,118,119,77,70,1,47,40,29" hai3="71,101,36,86,82,35,102,97,89,73,21,83,113"/><V92/><F106/><W117/><G35/><T27/><D109/><U42/><E32/><V132/><F70/><W45/><G71/><T75/><D75/><U76/><E124/><V55/><F29/><W80/><G117/><T37/><D37/><U135/><E112/><V87/><F125/><W51/><G36/><T3/><D33/><U68/><E68/><V116/><F55/><W110/><G110/><T30/><D27/><U65/><E65/><V62/><F62/><W39/><G39/><T15/><D3/><U108/><E108/><V88/><F77/><W44/><G113/><T91/><D91/><U61/><E129/><V114/><F114/><W31/><G73/><T105/><D50/><U16/><E135/><V57/><F57/><W121/><G121/><T111/><D111/><U126/><E126/><V43/><F132/><W6/><G6/><T2/><D2/><U22/><E61/><V72/><F72/><W28/><G45/><T54/><REACH who="0" step="1"/><D58/><REACH who="0" ten="186,516,185,103" step="2"/><U38/><E38/><V94/><F1/><W59/><G59/><T12/><D12/><N who="1" m="5215" /><E49/><V53/><F0/><W134/><G134/><T13/><D13/><N who="1" m="9231" /><E90/><V14/><F47/><W5/><G44/><T127/><D127/><U9/><E9/><V128/><F128/><W115/><G115/><T69/><D69/><U100/><E100/><V104/><F88/><W34/><G34/><T99/><D99/><U130/><E130/><V18/><F119/><W74/><G101/><T133/><D133/><U46/><E46/><V52/><F118/><W96/><G102/><T93/><D93/><U131/><E131/><RYUUKYOKU ba="1,1" sc="186,15,516,15,185,-15,103,-15" hai0="11,15,23,24,30,54,56,63,64,66,98,103,105" hai1="22,26,41,42,76,81,84" />
</Scene>
<Scene>
<INIT seed="7,2,1,3,3,30" ten="201,531,170,88" oya="3" hai0="84,37,60,48,55,119,122,113,106,42,0,64,2" hai1="72,18,25,33,71,51,53,39,77,74,86,73,36" hai2="6,50,88,49,93,45,100,79,31,35,83,66,128" hai3="116,99,129,24,38,67,124,13,4,58,80,118,78"/><W108/><G38/><T123/><D106/><U40/><E71/><V127/><F100/><W19/><G124/><T101/><D101/><U69/><E69/><V131/><F127/><W41/><G41/><T15/><D119/><U28/><E18/><V27/><F6/><W43/><G43/><T121/><D113/><U75/><E86/><N who="2" m="52375" /><F66/><W57/><G99/><T68/><D15/><U91/><E91/><V5/><F5/><W103/><G103/><T132/><D84/><U10/><E10/><V104/><F45/><W23/><G129/><N who="2" m="49737" /><F104/><W12/><G108/><T81/><D81/><U133/><E25/><V62/><F62/><N who="3" m="38351" /><G118/><T95/><D95/><U117/><E28/><V34/><F34/><W82/><G116/><T87/><D87/><AGARI ba="2,1" hai="27,31,35,49,50,79,83,87" m="49737,52375" machi="87" ten="30,3900,0" yaku="19,1,52,1,54,1" doraHai="30" who="2" fromWho="0" sc="201,-45,531,0,170,55,88,0" owari="156,-24.0,531,62.0,225,3.0,88,-41.0" />
</Scene>
</mjloggm>