<mjloggm ver="2.3"><GO type="169" lobby="0"/><UN n0="%E4%B8%83%E3%83%84%E7%9B%AE%E7%8E%89" n1="%43%52%41%57%4C" n2="%E5%A4%AA%E3%81%8F%E3%81%AA%E3%81%84%E3%81%8A" n3="%E5%A0%80%E3%82%B9%E3%82%B9%E3%83%A0" dan="17,16,18,16" rate="2182.27,2031.37,2173.71,2117.88" sx="M,M,M,M"/><TAIKYOKU oya="0"/>

<Scene>
<INIT seed="0,0,0,4,3,71" ten="250,250,250,250" oya="0" hai0="105,112,2,77,46,130,32,37,62,42,102,109,100" hai1="54,95,133,45,19,107,23,52,90,83,21,40,0" hai2="65,66,131,96,49,29,126,53,72,55,127,113,85" hai3="61,14,9,118,80,10,36,86,41,125,60,121,15"/><T51/><D112/><U124/><E107/><V92/><F72/><W20/><G118/><T34/><D2/><U3/><E133/><V43/><F113/><W78/><G125/><N who="2" m="47625" /><F131/><W70/><G121/><T89/><D130/><U44/><E83/><V75/><F75/><W8/><G70/><T24/><D77/><U135/><E135/><V87/><F29/><W84/><G84/><N who="2" m="32329" /><F43/><W120/><G120/><T28/><D89/><U6/><E124/><V17/><F17/><W115/><G115/><T129/><D129/><U88/><E6/><V114/><F114/><W132/><G132/><T123/><D123/><U16/><E40/><V38/><F38/><W110/><G110/><T26/><D109/><U97/><E97/><V82/><F82/><W73/><G73/><T134/><D134/><U64/><E95/><V116/><F116/><W79/><G79/><T81/><D81/><U48/><E64/><N who="2" m="24683" /><F49/><AGARI ba="0,0" hai="0,3,16,19,21,23,44,45,48,49,52,54,88,90" machi="49" ten="25,8000,1" yaku="22,2,54,3" doraHai="71" who="1" fromWho="2" sc="250,0,250,80,250,-80,250,0" />
</Scene>
<Scene>
<INIT seed="1,0,0,4,4,126" ten="250,330,170,250" oya="1" hai0="11,13,3,75,52,51,38,128,121,0,43,115,7" hai1="110,101,65,46,83,120,127,27,15,92,49,4,116" hai2="24,109,103,102,86,107,36,76,94,20,18,32,56" hai3="133,10,69,118,31,63,111,17,1,26,64,87,122"/><U90/><E120/><V54/><F36/><W40/><G122/><T12/><D115/><U41/><E116/><V21/><F109/><W108/><G111/><T88/><D121/><U57/><E110/><V9/><F32/><W98/><G108/><T84/><D75/><U114/><E114/><V99/><F107/><W14/><G118/><T85/><D85/><U134/><E127/><V105/><F105/><W16/><G133/><T59/><D128/><U89/><E134/><V48/><F9/><W58/><G1/><T106/><D106/><U29/><E83/><V47/><F76/><W33/><G40/><T37/><D3/><U119/><E119/><V131/><F86/><W78/><G98/><T77/><D77/><U28/><E15/><V100/><F131/><W25/><G25/><T67/><D67/><U22/><E4/><V93/><F93/><W123/><G123/><T104/><D104/><U81/><E81/><V66/><REACH who="2" step="1"/><F21/><REACH who="2" ten="250,330,160,250" step="2"/><W39/><G39/><T60/><D38/><U45/><E92/><V130/><F130/><W95/><G78/><T73/><D37/><U117/><E22/><V8/><F8/><W125/><G125/><T96/><D73/><U74/><E74/><V79/><F79/><W91/><REACH who="3" step="1"/><G69/><REACH who="3" ten="250,330,160,240" step="2"/><T61/><D96/><U30/><E117/><V6/><F6/><AGARI ba="0,2" hai="6,10,14,16,17,26,31,33,58,63,64,87,91,95" machi="6" ten="30,7700,0" yaku="1,1,2,1,7,1,54,1,53,0" doraHai="126" doraHaiUra="19" who="3" fromWho="2" sc="250,0,330,0,160,-77,240,97" />
</Scene>
<Scene>
<INIT seed="2,0,0,5,1,35" ten="250,330,83,337" oya="2" hai0="110,43,42,86,50,49,52,21,22,109,83,68,111" hai1="131,34,135,113,56,101,85,53,48,66,13,54,120" hai2="75,77,28,4,91,18,95,33,125,114,126,55,1" hai3="0,12,106,11,115,81,30,6,45,39,124,38,94"/><V123/><F123/><W80/><G106/><T100/><D68/><U78/><E113/><V17/><F114/><W90/><G115/><T47/><D100/><U79/><E34/><V29/><F55/><W107/><G107/><T51/><D51/><U92/><E120/><V58/><F58/><W102/><G102/><T60/><D60/><U117/><E117/><V3/><F77/><W74/><G30/><N who="2" m="11881" /><F75/><W82/><G74/><T76/><REACH who="0" step="1"/><D43/><REACH who="0" ten="240,330,83,337" step="2"/><U89/><E48/><V108/><F108/><W64/><G39/><T44/><AGARI ba="0,1" hai="21,22,42,44,47,49,50,52,76,83,86,109,110,111" machi="44" ten="40,8000,1" yaku="1,1,2,1,0,1,14,1,54,1,53,0" doraHai="35" doraHaiUra="14" who="0" fromWho="0" sc="240,90,330,-20,83,-40,337,-20" />
</Scene>
<Scene>
<INIT seed="3,0,0,0,0,107" ten="330,310,43,317" oya="3" hai0="57,2,74,66,108,86,50,39,56,114,115,95,93" hai1="101,106,43,99,121,127,42,46,78,124,65,36,44" hai2="45,0,97,75,126,12,98,70,26,77,111,89,52" hai3="69,13,32,125,120,60,58,48,14,17,135,47,21"/><W122/><G69/><T130/><D39/><U55/><E121/><V51/><F0/><W113/><G113/><T20/><D2/><U41/><E65/><V67/><F111/><W102/><G125/><T54/><D108/><U76/><E55/><V49/><F126/><N who="1" m="48169" /><E42/><V29/><F12/><W9/><G32/><T88/><D130/><U91/><E91/><V61/><F89/><W18/><G135/><T11/><D11/><U71/><E71/><V134/><F134/><W34/><G102/><T68/><D68/><U28/><E28/><V84/><F84/><W7/><G7/><T24/><D95/><U38/><AGARI ba="0,0" hai="36,38,41,43,44,46,76,78,99,101,106" m="48169" machi="38" ten="30,1100,0" yaku="18,1" doraHai="107" who="1" fromWho="1" sc="330,-3,310,11,43,-3,317,-5" />
</Scene>
<Scene>
<INIT seed="4,0,0,4,0,60" ten="327,321,40,312" oya="0" hai0="61,66,90,62,69,11,97,19,43,7,44,34,27" hai1="126,113,40,123,70,112,35,18,12,89,109,24,3" hai2="48,79,107,76,127,100,58,86,95,80,32,128,75" hai3="104,31,23,103,51,85,129,55,46,20,67,68,1"/><T52/><D90/><U115/><E109/><V28/><F128/><W17/><G1/><T54/><D97/><U74/><E123/><V21/><F32/><W105/><G129/><T10/><D62/><U39/><E74/><V29/><F127/><W82/><G103/><T49/><D11/><U92/><E3/><V132/><F132/><W91/><G31/><T38/><D34/><U5/><E5/><V6/><F6/><W93/><G93/><T120/><D120/><U26/><E126/><V98/><F21/><W71/><G23/><T135/><D135/><U73/><E73/><V116/><F116/><W117/><G117/><T121/><D121/><U83/><E83/><V118/><F118/><W122/><G122/><T30/><D19/><U45/><E70/><V16/><F79/><W33/><G33/><T0/><D30/><U14/><E35/><V131/><F131/><W114/><G114/><T111/><D111/><U124/><E124/><V65/><F16/><W22/><G22/><T133/><D133/><U57/><E57/><V2/><F2/><W25/><REACH who="3" step="1"/><G71/><REACH who="3" ten="327,321,40,302" step="2"/><T4/><D27/><U53/><E26/><V134/><F134/><W42/><G42/><T96/><D96/><N who="1" m="57359" /><E24/><V88/><REACH who="2" step="1"/><F65/><REACH who="2" ten="327,321,30,302" step="2"/><W36/><G36/><T15/><D0/><U8/><E14/><V101/><F101/><W130/><G130/><T41/><REACH who="0" step="1"/><D7/><REACH who="0" ten="317,321,30,302" step="2"/><U63/><E115/><V110/><F110/><W106/><G106/><T108/><D108/><U99/><E113/><V102/><F102/><W64/><G64/><T50/><D50/><U72/><E112/><V119/><F119/><RYUUKYOKU ba="0,3" sc="317,10,321,-30,30,10,302,10" hai0="4,10,15,38,41,43,44,49,52,54,61,66,69" hai2="28,29,48,58,75,76,80,86,88,95,98,100,107" hai3="17,20,25,46,51,55,67,68,82,85,91,104,105" />
</Scene>
<Scene>
<INIT seed="4,1,3,4,0,121" ten="327,291,40,312" oya="0" hai0="34,61,82,16,46,101,57,23,67,132,39,118,123" hai1="30,70,11,22,0,28,106,29,87,74,93,114,4" hai2="54,56,68,76,72,85,31,58,103,36,110,88,122" hai3="42,64,13,15,115,111,7,83,97,19,1,33,128"/><T120/><D118/><U129/><E74/><V81/><F122/><W105/><G115/><T50/><D34/><U5/><E106/><V12/><F68/><W80/><G33/><T37/><D132/><U66/><E129/><V26/><F36/><W126/><G128/><T53/><D39/><U17/><E114/><V71/><F71/><W99/><G64/><T78/><D101/><U43/><E43/><V91/><F103/><W18/><G42/><T65/><D65/><U92/><E70/><V40/><F40/><W21/><G105/><T86/><REACH who="0" step="1"/><D37/><REACH who="0" ten="317,291,40,312" step="2"/><U44/><E66/><V9/><F110/><W69/><G69/><T6/><D6/><U25/><E5/><V2/><F2/><W119/><G7/><T48/><D48/><U108/><E108/><V102/><F102/><W55/><G1/><T131/><D131/><U35/><E35/><V14/><F72/><W24/><G111/><T27/><AGARI ba="1,4" hai="16,23,27,46,50,53,57,61,67,78,82,86,120,123" machi="27" ten="20,7800,0" yaku="1,1,0,1,7,1,54,1,53,0" doraHai="121" doraHaiUra="95" who="0" fromWho="0" sc="317,121,291,-27,40,-27,312,-27" />
</Scene>
<Scene>
<INIT seed="4,2,0,2,4,85" ten="438,264,13,285" oya="0" hai0="121,19,12,72,50,7,2,47,5,24,40,25,33" hai1="44,21,20,104,75,106,118,117,83,9,3,49,127" hai2="82,6,95,56,36,61,63,66,119,73,122,100,94" hai3="69,101,78,129,88,37,15,51,26,108,22,71,99"/><T124/><D121/><U80/><E127/><V87/><F122/><W77/><G37/><T18/><D72/><U8/><E49/><V98/><F36/><W79/><G108/><T76/><D124/><U13/><E13/><V4/><F119/><W91/><G129/><T59/><D76/><U65/><E44/><V38/><F38/><W86/><G51/><T109/><D2/><U84/><E84/><V45/><F73/><W110/><G110/><T102/><D109/><U132/><E75/><V111/><F111/><W135/><G135/><T34/><D102/><U81/><E65/><V52/><F94/><N who="3" m="56799" /><G71/><T54/><D34/><U70/><E70/><V130/><F130/><W131/><G69/><T35/><D35/><U89/><E132/><V0/><F0/><W115/><G115/><T42/><D33/><U97/><E3/><V126/><F126/><W103/><G15/><T74/><D74/><U48/><E48/><N who="2" m="28687" /><F63/><W123/><G123/><T128/><D128/><U14/><E14/><V23/><F23/><W55/><G55/><T62/><D42/><U11/><E117/><V32/><F32/><W90/><G131/><T105/><D105/><U58/><E118/><V28/><F28/><N who="3" m="17495" /><G90/><AGARI ba="2,0" hai="4,6,56,61,66,82,87,90,95,98,100" m="28687" machi="90" ten="30,3900,0" yaku="8,1,52,1,54,1" doraHai="85" who="2" fromWho="3" sc="438,0,264,0,13,45,285,-45" />
</Scene>
<Scene>
<INIT seed="5,0,0,0,5,43" ten="438,264,58,240" oya="1" hai0="85,27,89,112,6,49,88,4,24,32,65,131,2" hai1="87,60,34,18,124,45,77,82,57,93,118,123,61" hai2="58,31,76,67,14,113,40,64,92,80,35,53,13" hai3="28,130,104,71,10,52,41,115,21,84,22,125,96"/><U1/><E123/><V114/><F40/><W135/><G71/><T90/><D112/><N who="2" m="43114" /><F92/><W39/><G115/><T95/><D131/><U109/><E118/><V7/><F31/><W100/><G130/><T62/><D32/><U98/><E34/><V42/><F35/><W37/><G37/><T78/><D49/><U47/><E1/><V38/><F7/><N who="0" m="2602" /><D2/><U54/><E124/><V25/><F25/><N who="0" m="9802" /><D78/><U75/><E109/><V99/><F99/><W103/><G103/><T73/><D73/><U23/><E75/><N who="2" m="43039" /><F42/><W59/><G41/><T19/><D19/><U133/><E61/><N who="2" m="36047" /><F38/><W63/><G39/><T5/><D5/><U127/><E127/><V8/><F8/><W16/><G125/><T91/><D62/><U94/><E94/><V3/><F3/><W9/><G10/><T106/><D106/><U111/><E111/><V0/><F0/><W56/><G9/><T86/><D65/><AGARI ba="0,0" hai="13,14,64,65,67" m="36047,43039,43114" machi="65" ten="30,2000,0" yaku="15,1,11,1" doraHai="43" who="2" fromWho="0" sc="438,-20,264,0,58,20,240,0" />
</Scene>
<Scene>
<INIT seed="6,0,0,4,4,46" ten="418,264,78,240" oya="2" hai0="57,32,10,19,40,18,0,125,99,105,16,106,43" hai1="74,76,101,5,50,92,75,56,104,12,119,78,31" hai2="25,55,124,123,39,90,80,52,44,85,63,13,7" hai3="48,42,118,126,128,96,53,64,98,116,27,8,135"/><V111/><F123/><W100/><G126/><T20/><D32/><U69/><E119/><V67/><F124/><W114/><G128/><T84/><D125/><U113/><E69/><V34/><F111/><W102/><G135/><T60/><D84/><U94/><E104/><V129/><F129/><W121/><G121/><T87/><D87/><U4/><E113/><V132/><F132/><W58/><G114/><T51/><D20/><U117/><E117/><V82/><F82/><W88/><G116/><T14/><D0/><U72/><E31/><V108/><F108/><W49/><G64/><T9/><D106/><U97/><E94/><V86/><F86/><W37/><G37/><T29/><D29/><U23/><E75/><V6/><F34/><W115/><G115/><T22/><D105/><U38/><E38/><V70/><F25/><W71/><G71/><T3/><D99/><U59/><E74/><V89/><F89/><W120/><G120/><T122/><D122/><U133/><E72/><V73/><F73/><W112/><G112/><T36/><D36/><U11/><E133/><V21/><F21/><W47/><G118/><T62/><D3/><U68/><E23/><V41/><REACH who="2" step="1"/><F13/><REACH who="2" ten="418,264,68,240" step="2"/><W30/><G8/><T65/><D10/><U33/><E33/><V109/><F109/><W130/><G130/><T77/><D22/><U54/><E12/><V15/><F15/><W110/><G110/><T93/><D14/><U17/><E11/><V134/><F134/><W83/><G83/><T26/><D9/><U81/><E81/><V107/><F107/><W1/><G1/><RYUUKYOKU ba="0,1" sc="418,-10,264,-10,68,30,240,-10" hai2="6,7,39,41,44,52,55,63,67,70,80,85,90" />
</Scene>
<Scene>
<INIT seed="6,1,1,2,0,59" ten="408,254,98,230" oya="2" hai0="70,122,125,68,38,74,77,111,25,49,26,90,3" hai1="28,69,104,15,101,47,16,96,31,2,126,9,5" hai2="17,66,56,82,121,84,4,94,55,50,63,95,112" hai3="46,128,67,35,116,130,97,19,37,91,72,107,106"/><V43/><F121/><W127/><G116/><T61/><D38/><U120/><E69/><V131/><F112/><W51/><G37/><T54/><D3/><U99/><E120/><V27/><F131/><N who="3" m="50219" /><G127/><T21/><D122/><U62/><E126/><V41/><F4/><W42/><G72/><T100/><D125/><U73/><E73/><V8/><F43/><W29/><G42/><T0/><D0/><U114/><E114/><V45/><F41/><N who="3" m="25039" /><G67/><T118/><D100/><U115/><E115/><V80/><F80/><W79/><G79/><T75/><D77/><U132/><E132/><V135/><F135/><W48/><G48/><T36/><D49/><U109/><E109/><V78/><REACH who="2" step="1"/><F27/><REACH who="2" ten="408,254,88,230" step="2"/><N who="3" m="18879" /><G19/><T30/><D26/><U10/><E16/><V98/><F98/><W124/><G124/><T64/><D25/><U6/><E99/><V1/><F1/><W33/><G33/><T129/><D129/><U7/><E2/><V32/><F32/><W14/><G14/><AGARI ba="1,2" hai="8,14,17,45,50,55,56,63,66,78,82,84,94,95" machi="14" ten="40,12000,1" yaku="1,1,8,1,52,1,53,2" doraHai="59" doraHaiUra="88" who="2" fromWho="3" sc="408,0,254,0,88,143,230,-123" />
</Scene>
<Scene>
<INIT seed="6,2,0,2,2,59" ten="408,254,231,107" oya="2" hai0="133,110,62,6,16,23,134,53,111,24,30,32,46" hai1="113,106,18,115,5,82,105,96,66,120,112,122,77" hai2="83,78,121,76,130,72,43,38,34,25,127,85,81" hai3="49,36,55,51,42,74,79,64,26,135,87,80,2"/><V98/><F121/><N who="1" m="46697" /><E5/><V27/><F127/><W28/><G2/><T109/><D6/><U69/><E18/><V22/><F130/><W33/><G135/><N who="0" m="51723" /><D62/><N who="1" m="40151" /><E96/><V71/><F71/><W95/><G64/><T90/><D90/><U21/><E21/><V57/><F34/><W94/><G36/><T31/><D32/><U92/><E92/><V63/><F98/><W48/><G42/><T104/><D104/><U93/><E93/><V116/><F116/><W119/><G119/><T117/><D117/><U13/><E13/><V60/><F57/><W37/><G37/><T40/><D53/><U44/><E44/><V97/><F97/><W102/><G102/><T108/><D108/><U10/><E10/><V75/><F85/><AGARI ba="2,0" hai="77,82,85,105,106,112,113,115" m="40151,46697" machi="85" ten="40,5200,0" yaku="15,1,13,1,52,1" doraHai="59" who="1" fromWho="2" sc="408,0,254,58,231,-58,107,0" />
</Scene>
<Scene>
<INIT seed="7,0,0,3,0,90" ten="408,312,173,107" oya="3" hai0="95,35,64,87,12,125,26,113,69,56,39,93,25" hai1="59,22,117,66,70,9,85,23,122,80,88,34,101" hai2="73,123,126,44,99,96,16,18,115,74,0,28,20" hai3="116,4,82,108,118,45,129,49,3,81,10,130,15"/><W62/><G108/><T53/><D39/><U51/><E122/><V21/><F0/><W119/><G3/><T114/><D125/><U30/><E117/><V36/><F28/><W111/><G111/><T94/><D69/><U106/><E9/><V58/><F58/><W110/><G62/><N who="0" m="36111" /><D64/><U42/><E42/><V7/><F7/><W107/><G107/><T128/><D128/><N who="3" m="49257" /><G110/><T6/><D35/><U109/><E59/><V79/><F126/><W98/><G98/><T97/><D97/><N who="1" m="61743" /><E51/><V55/><F115/><N who="0" m="44042" /><D87/><U27/><E109/><V124/><F124/><W8/><G8/><AGARI ba="0,0" hai="6,8,12,25,26,93,94,95" m="44042,36111" machi="8" ten="30,8000,1" yaku="15,1,11,1,52,3" doraHai="90" who="0" fromWho="3" sc="408,80,312,0,173,0,107,-80" owari="488,59.0,312,11.0,173,-23.0,27,-47.0" />
</Scene>
</mjloggm>