<mjloggm ver="2.3"><GO type="169"/><UN n0="%E3%81%B5%E3%81%8A%E3%82%93" n1="%E9%8A%80%E9%81%8A%E7%A7%81%E4%BA%BA" n2="%E7%88%86%E7%89%8C%E3%82%A6%E3%82%B7%E3%82%B8%E3%83%9E%E3%81%8F%E3%82%93" n3="%E5%A4%AA%E3%81%8F%E3%81%AA%E3%81%84%E3%81%8A" dan="17,16,17,17" rate="2132,2080,2165,2135" sx="M,M,M,M"/><TAIKYOKU oya="0"/>

<Scene>
<INIT seed="0,0,0,5,2,29" ten="250,250,250,250" oya="0" hai0="60,112,98,97,31,67,132,39,56,74,55,82,111" hai1="5,12,85,72,16,87,128,26,94,24,103,49,53" hai2="76,130,64,93,131,83,102,20,61,66,30,134,28" hai3="37,125,52,54,22,105,92,44,71,100,48,120,4"/><T58/><D112/><U116/><E72/><V45/><F134/><W57/><G71/><T10/><D132/><U40/><E116/><V70/><F66/><W79/><G125/><T104/><D39/><U34/><E128/><N who="2" m="49195" /><F20/><W113/><G113/><T95/><D104/><U18/><E40/><V65/><F65/><W9/><G120/><T42/><D42/><U23/><E5/><V62/><F62/><W106/><G79/><T2/><D31/><U118/><E118/><V77/><F45/><W13/><G22/><T33/><D33/><U68/><E68/><V0/><F0/><W81/><G81/><T3/><D111/><U47/><E34/><V6/><F6/><W117/><G117/><T36/><D36/><U7/><E7/><V51/><F51/><W88/><G100/><T119/><D119/><U59/><E47/><V84/><F77/><W86/><G37/><T19/><D19/><U41/><E41/><V126/><F126/><W78/><G78/><T99/><D95/><U114/><E114/><V108/><F108/><W89/><REACH who="3" step="1"/><G89/><REACH who="3" ten="250,250,250,240" step="2"/><T124/><D124/><U75/><E23/><V123/><F123/><W8/><G8/><T69/><D69/><U15/><E103/><V135/><F135/><W73/><G73/><T17/><D82/><U129/><E75/><N who="2" m="43423" /><F102/><W91/><G91/><AGARI ba="0,1" hai="28,30,61,64,70,84,91,93" m="43423,49195" machi="91" ten="30,1000,0" yaku="19,1" doraHai="29" who="2" fromWho="3" sc="250,0,250,0,250,20,240,-10" />
</Scene>
<Scene>
<INIT seed="1,0,0,3,3,52" ten="250,250,270,230" oya="1" hai0="19,78,46,29,86,2,97,5,12,39,27,3,80" hai1="37,8,100,31,42,116,99,0,14,68,34,124,109" hai2="107,70,91,129,79,43,51,101,84,74,21,67,120" hai3="122,58,4,106,57,77,90,134,76,6,75,59,127"/><U17/><E116/><V96/><F120/><W41/><G122/><T64/><D5/><N who="3" m="2153" /><G106/><T82/><D97/><U66/><E0/><V98/><F129/><W63/><G75/><T30/><D64/><U53/><E124/><V15/><F70/><W118/><G127/><T45/><D30/><U93/><E109/><V73/><F67/><W114/><G114/><T47/><D39/><U9/><E53/><V56/><F79/><N who="3" m="30283" /><G118/><T18/><D82/><U72/><E72/><V83/><F96/><W23/><G134/><T65/><D65/><U95/><E66/><V108/><F108/><W128/><G128/><T133/><D133/><U92/><E68/><V94/><F74/><W40/><G63/><T89/><D78/><U130/><E130/><V25/><F73/><W103/><G103/><T16/><REACH who="0" step="1"/><D12/><REACH who="0" ten="240,250,270,230" step="2"/><U26/><E14/><V44/><F15/><W36/><G36/><T85/><D85/><U22/><E37/><V54/><F107/><W32/><G32/><AGARI ba="0,1" hai="2,3,16,18,19,27,29,32,45,46,47,80,86,89" machi="32" ten="40,5200,0" yaku="1,1,54,1,53,1" doraHai="52" doraHaiUra="28" who="0" fromWho="3" sc="240,62,250,0,270,0,230,-52" />
</Scene>
<Scene>
<INIT seed="2,0,0,4,3,103" ten="302,250,270,178" oya="2" hai0="92,74,51,12,29,43,95,26,60,73,27,7,67" hai1="77,25,69,76,94,62,134,119,14,22,115,107,3" hai2="57,61,68,30,1,47,99,124,78,24,64,63,96" hai3="4,81,44,75,79,0,33,50,125,90,86,127,70"/><V133/><F133/><W87/><G33/><T71/><D73/><U18/><E107/><V113/><F113/><W45/><G70/><T120/><D120/><U101/><E115/><V28/><F1/><W132/><G132/><T56/><D74/><U112/><E112/><V104/><F78/><W121/><G121/><T8/><D27/><U31/><E134/><V5/><F5/><W38/><G45/><T110/><D110/><U129/><E119/><V85/><F124/><N who="3" m="47691" /><G38/><T105/><D105/><U46/><E3/><V123/><F47/><W17/><G17/><T21/><D71/><U126/><E126/><V10/><F10/><N who="3" m="2311" /><G90/><T32/><D32/><U98/><E129/><V65/><F123/><W116/><G116/><T66/><D66/><U84/><E46/><AGARI ba="0,0" hai="7,8,12,21,26,29,43,46,51,56,60,67,92,95" machi="46" ten="40,1300,0" yaku="8,1" doraHai="103" who="0" fromWho="1" sc="302,13,250,-13,270,0,178,0" />
</Scene>
<Scene>
<INIT seed="3,0,0,2,2,133" ten="315,237,270,178" oya="3" hai0="125,69,70,91,50,97,19,116,9,51,26,119,45" hai1="36,4,33,34,15,62,43,30,118,92,41,21,46" hai2="109,74,124,114,88,61,129,17,72,104,1,99,23" hai3="126,65,35,13,16,11,110,77,102,18,95,22,5"/><W54/><G35/><T106/><D51/><U49/><E118/><V101/><F114/><W28/><G65/><T83/><D69/><U6/><E62/><V20/><F1/><W52/><G77/><T14/><D70/><U66/><E66/><V131/><F109/><W24/><G110/><T58/><D58/><U134/><E134/><V130/><F124/><W27/><G126/><T38/><D38/><U67/><E67/><V117/><F117/><W39/><G39/><T103/><D125/><U82/><E82/><V80/><F61/><W100/><G18/><T85/><REACH who="0" step="1"/><D26/><REACH who="0" ten="305,237,270,178" step="2"/><U25/><E49/><V0/><F129/><W108/><G108/><T135/><D135/><U3/><E25/><V112/><F130/><W2/><G24/><T113/><D113/><U59/><E59/><V57/><F57/><W79/><G79/><T55/><AGARI ba="0,1" hai="9,14,19,45,50,55,83,85,91,97,103,106,116,119" machi="55" ten="20,12000,2" yaku="1,1,0,1,7,1,25,2,53,1" doraHai="133" doraHaiUra="42" who="0" fromWho="0" sc="305,130,237,-30,270,-30,178,-60" />
</Scene>
<Scene>
<INIT seed="4,0,0,2,0,121" ten="435,207,240,118" oya="0" hai0="66,1,6,126,115,55,103,116,4,62,64,10,131" hai1="132,42,108,92,15,82,87,3,26,18,74,41,80" hai2="60,85,118,50,107,38,109,117,99,12,29,106,100" hai3="21,90,78,2,53,81,58,36,51,119,47,37,88"/><T124/><D116/><U75/><E3/><V68/><F38/><W104/><G119/><T33/><D33/><U35/><E132/><V39/><F107/><W69/><G69/><T77/><D115/><U23/><E92/><V17/><F39/><W135/><G104/><T34/><D34/><U72/><E108/><V97/><F109/><W5/><G135/><T61/><D131/><U32/><E82/><V31/><F97/><W134/><G134/><T93/><D77/><U125/><E35/><V114/><F114/><W44/><G37/><T52/><D93/><U27/><E125/><V56/><F68/><W79/><G79/><T113/><D113/><U91/><REACH who="1" step="1"/><E32/><REACH who="1" ten="435,197,240,118" step="2"/><V94/><F117/><W40/><G47/><T63/><D1/><U112/><E112/><V70/><F94/><W96/><G96/><T128/><D126/><U14/><E14/><V49/><F12/><W133/><G133/><T86/><D124/><U101/><E101/><V76/><F99/><W48/><G81/><T120/><D103/><U102/><E102/><V16/><F100/><W130/><G2/><T67/><D120/><U129/><E129/><V83/><F83/><W11/><G130/><T30/><D128/><U122/><E122/><V65/><F106/><W20/><G78/><T59/><D86/><U95/><E95/><V98/><F85/><W57/><G90/><T105/><D105/><U9/><E9/><V43/><F76/><W46/><G88/><T25/><D10/><U7/><E7/><V19/><F98/><W0/><G46/><T89/><D6/><U24/><AGARI ba="0,1" hai="15,18,23,24,26,27,41,42,72,74,75,80,87,91" machi="24" ten="40,8000,1" yaku="1,1,5,1,0,1,53,1" doraHai="121" doraHaiUra="84" who="1" fromWho="1" sc="435,-40,197,90,240,-20,118,-20" />
</Scene>
<Scene>
<INIT seed="5,0,0,4,3,1" ten="395,287,220,98" oya="1" hai0="50,75,32,80,20,58,98,30,34,97,107,0,52" hai1="40,54,18,16,25,76,59,118,19,93,127,42,29" hai2="15,31,68,119,133,63,8,87,109,114,92,60,73" hai3="13,102,35,64,51,49,103,39,132,126,81,120,77"/><U5/><E118/><V121/><F73/><W10/><G120/><T69/><D69/><U37/><E127/><V111/><F119/><W104/><G39/><T6/><D20/><U101/><E76/><V94/><F121/><W70/><G35/><T28/><D28/><U44/><E42/><V56/><F68/><W106/><G126/><T23/><D23/><U33/><E5/><V74/><F74/><W27/><G132/><T86/><D75/><U129/><E129/><V112/><F31/><W90/><G27/><T131/><D131/><U116/><E116/><V9/><F133/><W79/><G70/><T48/><D48/><U124/><E124/><V67/><F87/><W38/><G38/><T108/><D108/><N who="2" m="41546" /><F63/><W96/><G64/><T83/><D30/><U21/><E101/><V7/><F9/><W135/><G135/><T91/><D80/><U99/><E93/><V95/><F95/><W17/><G90/><T72/><D72/><U100/><E99/><V41/><F41/><W71/><G71/><T128/><D128/><U115/><E100/><V43/><F43/><W84/><G79/><T125/><D125/><U22/><REACH who="1" step="1"/><E115/><REACH who="1" ten="395,277,220,98" step="2"/><N who="2" m="44075" /><F94/><W65/><G102/><T62/><D98/><U46/><E46/><V36/><F92/><W11/><G96/><T105/><D97/><U123/><E123/><V55/><F36/><W2/><G103/><T4/><D6/><U88/><E88/><V89/><F89/><W113/><G113/><T57/><D4/><U47/><E47/><V3/><F3/><W66/><G2/><T26/><D0/><U117/><E117/><RYUUKYOKU ba="0,1" sc="395,-15,277,15,220,15,98,-15" hai1="16,18,19,21,22,25,29,33,37,40,44,54,59" hai2="7,8,15,55,56,60,67" />
</Scene>
<Scene>
<INIT seed="5,1,1,5,4,95" ten="380,292,235,83" oya="1" hai0="93,61,76,129,59,127,123,114,105,126,81,111,34" hai1="2,63,90,1,41,48,88,85,96,50,52,45,29" hai2="113,7,38,47,115,68,10,87,125,80,36,106,102" hai3="14,133,56,75,130,131,73,33,89,60,135,43,72"/><U32/><E63/><V119/><F68/><W15/><G33/><T99/><D111/><U92/><E29/><V77/><F119/><W30/><G30/><T65/><D114/><N who="2" m="43530" /><F125/><N who="0" m="47626" /><D129/><N who="3" m="49161" /><G43/><T62/><D123/><U103/><E32/><V124/><F124/><W20/><G20/><T86/><D34/><U83/><E103/><V118/><F118/><W27/><G27/><T134/><D105/><U35/><E35/><V21/><F21/><W104/><G104/><T53/><D134/><N who="3" m="51209" /><G89/><N who="0" m="55727" /><D62/><U9/><E9/><V31/><F31/><W101/><G101/><T66/><AGARI ba="1,1" hai="53,59,61,65,66,76,81,86" m="55727,47626" machi="66" ten="30,2000,0" yaku="18,1,52,1" doraHai="95" who="0" fromWho="0" sc="380,33,292,-11,235,-6,83,-6" />
</Scene>
<Scene>
<INIT seed="6,0,0,5,0,48" ten="413,281,229,77" oya="2" hai0="135,128,133,88,103,33,126,36,27,78,89,58,107" hai1="16,87,65,66,81,59,30,9,20,41,75,2,17" hai2="105,119,94,55,62,67,25,26,23,90,53,73,11" hai3="72,4,14,116,121,29,69,32,34,134,101,45,44"/><V112/><F105/><W83/><G121/><T82/><D36/><U92/><E75/><V35/><F73/><W77/><G116/><T120/><D120/><U106/><E106/><V39/><F39/><W108/><G108/><T0/><D0/><U91/><E41/><V37/><F37/><W79/><G69/><T95/><D128/><U57/><E30/><V40/><F119/><W129/><G129/><T100/><D89/><U125/><E125/><V122/><F122/><W86/><G134/><T76/><D126/><U15/><E81/><V3/><F40/><W111/><G111/><T74/><D78/><U22/><E2/><V60/><F112/><W13/><G101/><T68/><D68/><U109/><E109/><V96/><F35/><W114/><G114/><T131/><D131/><U10/><E59/><N who="2" m="37343" /><F3/><W28/><G72/><T50/><D27/><N who="2" m="10250" /><F60/><W98/><G83/><T46/><D33/><U85/><E85/><V80/><F11/><N who="1" m="4105" /><E57/><V21/><F80/><W38/><G38/><T6/><D82/><U127/><E127/><V7/><F7/><W47/><G86/><T104/><D6/><U56/><E56/><V124/><F124/><W70/><G45/><T8/><D46/><U113/><E113/><V52/><AGARI ba="0,0" hai="21,23,52,53,55,90,94,96" m="10250,37343" machi="52" ten="30,12000,1" yaku="8,1,52,3,54,1" doraHai="48" who="2" fromWho="2" sc="413,-40,281,-40,229,120,77,-40" />
</Scene>
<Scene>
<INIT seed="6,1,0,2,3,34" ten="373,241,349,37" oya="2" hai0="54,127,126,128,83,68,69,49,72,15,71,6,132" hai1="52,70,55,109,101,22,20,90,19,21,92,106,64" hai2="24,112,115,122,67,82,37,124,57,31,121,58,75" hai3="25,29,26,113,129,79,0,2,11,120,18,41,131"/><V45/><F75/><W53/><G41/><T111/><D111/><U61/><E109/><V123/><F82/><W8/><G79/><T130/><D72/><U39/><E39/><V80/><F80/><W46/><G46/><N who="0" m="27959" /><D83/><U95/><E106/><V73/><F73/><W105/><G105/><T33/><D33/><U66/><E66/><V10/><F10/><N who="3" m="3627" /><G53/><T59/><D15/><U107/><E107/><V78/><F78/><W74/><G74/><T27/><D6/><U91/><E101/><V16/><F124/><N who="0" m="47658" /><D27/><U12/><E21/><N who="2" m="13351" /><F31/><W32/><G120/><T88/><D132/><U77/><E22/><V7/><F7/><W76/><G76/><T3/><D3/><N who="3" m="1065" /><G113/><N who="2" m="43593" /><F67/><W14/><G26/><T125/><D125/><U38/><E77/><V35/><F35/><W40/><G40/><AGARI ba="1,0" hai="37,40,45,57,58,121,122,123" m="43593,13351" machi="40" ten="40,3900,0" yaku="15,1,54,1" doraHai="34" who="2" fromWho="3" sc="373,0,241,0,349,42,37,-42" owari="373,17.0,241,-16.0,391,50.0,-5,-51.0" />
</Scene>
</mjloggm>