<mjloggm ver="2.3"><GO type="97"/><UN n0="%E6%B0%B8%E4%BA%95%E3%82%B8%E3%83%BC%E3%82%B3" n1="%E5%BB%A3%E6%B8%88%E5%A0%82%E6%9C%AC%E5%BA%97" n2="%E3%83%9B%E3%83%B3%E3%82%B8%E3%83%A3%E3%83%9E%E3%82%AB" n3="%E5%A4%AA%E3%81%8F%E3%81%AA%E3%81%84%E3%81%8A" dan="13,13,14,15" rate="1807,1832,1910,2057" sx="M,M,M,M"/><TAIKYOKU oya="0"/>

<Scene>
<INIT seed="0,0,0,2,2,84" ten="250,250,250,250" oya="0" hai0="51,123,6,40,112,109,83,111,4,117,9,3,91" hai1="114,118,23,110,135,33,57,34,85,45,44,50,10" hai2="76,24,126,97,79,125,11,101,75,88,99,104,90" hai3="92,105,65,16,133,120,60,12,31,113,49,26,129"/><T56/><D117/><U8/><E118/><V38/><F38/><W47/><G113/><T61/><D123/><U94/><E114/><V73/><F11/><W131/><G105/><T128/><D112/><U41/><E110/><N who="0" m="41993" /><D128/><N who="3" m="49225" /><G133/><T68/><D6/><U96/><E135/><V106/><F24/><W20/><G120/><T93/><D83/><U35/><E23/><V124/><F124/><W130/><N who="3" m="49233" /><W39/><DORA hai="77" /><G39/><T29/><D29/><U22/><E22/><V102/><AGARI ba="0,0" hai="73,75,76,79,88,90,97,99,101,102,104,106,125,126" machi="102" ten="25,16000,3" yaku="0,1,22,2,34,3,52,2,54,1" doraHai="84,77" who="2" fromWho="2" sc="250,-80,250,-40,250,160,250,-40" />
</Scene>
<Scene>
<INIT seed="1,0,0,5,3,34" ten="170,210,410,210" oya="1" hai0="59,112,21,119,107,35,95,88,0,100,118,130,56" hai1="3,11,15,14,26,49,125,30,22,126,50,115,10" hai2="78,51,110,129,85,92,133,13,70,82,74,16,43" hai3="58,122,46,83,97,57,48,27,20,87,102,131,63"/><U99/><E99/><V9/><F70/><W64/><G122/><T60/><D112/><U29/><E115/><V7/><F110/><W17/><G131/><T18/><D35/><U39/><E39/><V5/><F133/><W111/><G111/><T134/><D130/><U91/><E91/><V72/><F129/><W117/><G117/><T127/><D134/><U96/><E96/><V54/><F5/><W132/><G132/><T120/><D127/><N who="1" m="48651" /><E50/><V8/><F92/><N who="3" m="58663" /><G64/><T52/><D120/><U53/><E53/><V81/><F81/><W124/><G63/><T114/><D114/><U98/><E98/><V45/><REACH who="2" step="1"/><F54/><REACH who="2" ten="170,210,400,210" step="2"/><N who="3" m="29975" /><G124/><T94/><D119/><U42/><E42/><V2/><AGARI ba="0,1" hai="2,7,8,9,13,16,43,45,51,72,74,78,82,85" machi="2" ten="20,12000,2" yaku="1,1,0,1,7,1,52,1,54,1,53,1" doraHai="34" doraHaiUra="12" who="2" fromWho="2" sc="170,-30,210,-60,400,130,210,-30" />
</Scene>
<Scene>
<INIT seed="2,0,0,4,2,98" ten="140,150,530,180" oya="2" hai0="70,19,36,15,125,23,34,18,127,8,108,54,81" hai1="78,100,17,85,26,1,99,37,101,82,2,62,61" hai2="122,90,22,77,105,56,57,132,43,130,115,87,92" hai3="119,40,91,84,74,29,49,116,4,106,118,44,38"/><V52/><F122/><W21/><G74/><T131/><D70/><U71/><E37/><V7/><F115/><W96/><G4/><T112/><D36/><U94/><E2/><V135/><F105/><W66/><G66/><T46/><D112/><U128/><E128/><V16/><F43/><W88/><G38/><T28/><D131/><U50/><E1/><V83/><F7/><W42/><G42/><T86/><D34/><U58/><E71/><V114/><F114/><W47/><G47/><T120/><D120/><U6/><E6/><V124/><F124/><N who="0" m="47690" /><D108/><U110/><E110/><V32/><F32/><W14/><G84/><T103/><D103/><N who="1" m="60919" /><E50/><V104/><F104/><W24/><REACH who="3" step="1"/><G14/><REACH who="3" ten="140,150,530,170" step="2"/><T72/><D72/><U126/><E126/><V107/><F130/><W35/><G35/><T33/><D33/><U97/><E97/><V41/><F41/><W111/><G111/><T129/><D129/><U55/><E62/><V60/><F57/><W69/><G69/><T9/><D15/><U113/><E113/><V5/><F5/><W12/><G12/><T13/><D13/><U102/><E26/><V20/><F87/><W123/><G123/><T25/><D86/><U11/><E11/><V31/><F22/><W121/><G121/><T27/><D9/><U75/><E75/><V63/><F20/><W39/><G39/><T73/><D27/><U79/><E17/><V53/><F16/><W0/><G0/><T89/><D8/><U3/><E3/><V64/><F64/><W48/><G48/><N who="0" m="28951" /><D73/><U109/><E109/><V117/><F31/><W65/><G65/><RYUUKYOKU ba="0,1" sc="140,10,150,10,530,-30,170,10" hai0="18,19,23,25,28,81,89" hai1="55,58,61,78,79,82,85,100,101,102" hai3="21,24,29,40,44,49,88,91,96,106,116,118,119" />
</Scene>
<Scene>
<INIT seed="3,1,1,2,1,93" ten="150,160,500,180" oya="3" hai0="63,66,98,107,99,61,113,45,102,59,64,111,106" hai1="7,114,67,43,62,55,35,82,94,42,53,125,75" hai2="9,123,95,132,2,0,85,91,83,40,74,89,52" hai3="97,56,32,16,50,23,118,19,51,77,78,48,12"/><W29/><G118/><T17/><D113/><U100/><E114/><V104/><F104/><W87/><G32/><T31/><D111/><U120/><E120/><V112/><F112/><W4/><G97/><T131/><D131/><U65/><E125/><V92/><F132/><W79/><G29/><T24/><D45/><U1/><E35/><V129/><F129/><W28/><G28/><T6/><D17/><N who="3" m="6729" /><G23/><T11/><D11/><U21/><E21/><V127/><F127/><W88/><G12/><T130/><D130/><U68/><E67/><V60/><F123/><W108/><G108/><T15/><D15/><U116/><E116/><V5/><F40/><W90/><G4/><T84/><D84/><U37/><E43/><V34/><F34/><W49/><G87/><T69/><D6/><U76/><E94/><V25/><F25/><W135/><G135/><T121/><D121/><U8/><REACH who="1" step="1"/><E100/><REACH who="1" ten="150,150,500,180" step="2"/><V30/><F30/><W47/><G56/><T126/><D126/><U105/><E105/><V57/><F74/><W122/><G122/><T33/><REACH who="0" step="1"/><D107/><REACH who="0" ten="140,150,500,180" step="2"/><U70/><E70/><V3/><F95/><W36/><G36/><T58/><D58/><U73/><E73/><V119/><F119/><W44/><G44/><AGARI ba="1,3" hai="1,7,8,37,42,44,53,55,62,65,68,75,76,82" machi="44" ten="40,5200,0" yaku="1,1,25,2,53,0" doraHai="93" doraHaiUra="81" who="1" fromWho="3" sc="140,0,150,85,500,0,180,-55" owari="140,-26.0,235,4.0,500,59.0,125,-37.0" />
</Scene>
</mjloggm>