<mjloggm ver="2.3"><GO type="41"/><UN n0="%E3%81%BF%E3%82%85%E3%81%86%E6%A7%98%E3%81%A0" n1="%E5%A4%AA%E3%81%8F%E3%81%AA%E3%81%84%E3%81%8A" n2="%E7%A5%9E%E6%A5%BD%E3%81%95%E3%82%93" n3="%E3%81%94%E3%81%A3%E3%81%A4%EF%BC%A0%E3%82%AA%E3%83%AA" dan="13,15,14,14" rate="1873,2069,1895,1849" sx="F,M,M,M"/><TAIKYOKU oya="0"/>

<Scene>
<INIT seed="0,0,0,0,4,109" ten="250,250,250,250" oya="0" hai0="89,76,0,19,54,21,111,52,107,23,42,51,1" hai1="71,95,16,101,13,65,82,123,103,129,84,8,80" hai2="113,106,97,86,20,121,91,102,104,57,32,126,14" hai3="50,55,53,44,38,85,39,12,31,45,15,105,78"/><T41/><D107/><U114/><E123/><V43/><F121/><W11/><G105/><T79/><D111/><U117/><E117/><V56/><F32/><W132/><G31/><T127/><D127/><U33/><E33/><V17/><F126/><W24/><G24/><T60/><D60/><U25/><E129/><V130/><F113/><W36/><G132/><T10/><D10/><U49/><E114/><V5/><F130/><W22/><G22/><T35/><D35/><U30/><E71/><V4/><F106/><W3/><G3/><T67/><D67/><U29/><E65/><V134/><F134/><W58/><G15/><T128/><D128/><U64/><E64/><V122/><F122/><W98/><G98/><T26/><D89/><N who="1" m="53671" /><E49/><V66/><F43/><W74/><G74/><T68/><D68/><U94/><E25/><V124/><F124/><W59/><G45/><T7/><D7/><U9/><E9/><V72/><F72/><W118/><G118/><T133/><D133/><U112/><E112/><V88/><F91/><W40/><G58/><N who="0" m="33055" /><D1/><U61/><E61/><V46/><F46/><W34/><G34/><T116/><D0/><U135/><E135/><V108/><F108/><W48/><G48/><T28/><D116/><U75/><E75/><V100/><F100/><N who="1" m="38473" /><E94/><N who="2" m="54551" /><F66/><W131/><G131/><T99/><D54/><U69/><E69/><V62/><F62/><W92/><G55/><T63/><D63/><U47/><E47/><V90/><F90/><N who="3" m="53327" /><G78/><N who="0" m="29739" /><D99/><U27/><E30/><V83/><F83/><N who="1" m="31785" /><E29/><V125/><F125/><W70/><G70/><T87/><D87/><RYUUKYOKU ba="0,0" sc="250,0,250,0,250,0,250,0" hai0="19,21,23,26,28,41,42" hai1="8,13,16,27" hai2="4,5,14,17,20,56,57,97,102,104" hai3="11,12,36,38,39,40,44,50,53,59" />
</Scene>
<Scene>
<INIT seed="0,1,0,0,3,40" ten="250,250,250,250" oya="0" hai0="101,36,65,95,109,2,81,64,132,83,125,92,30" hai1="111,103,129,104,21,45,89,29,131,31,56,66,34" hai2="124,120,26,99,79,52,78,84,116,28,58,1,20" hai3="18,135,16,38,63,12,126,119,23,60,51,67,10"/><T6/><D132/><U110/><E34/><V42/><F120/><W25/><G38/><T115/><D115/><U98/><E89/><V74/><F1/><W4/><G119/><T27/><D125/><U62/><E45/><V11/><F116/><W46/><G126/><T121/><D121/><U5/><E5/><V82/><F124/><W57/><G135/><T96/><D36/><U3/><E3/><V130/><F130/><N who="1" m="49673" /><E21/><V8/><F42/><W128/><G128/><T127/><D127/><U73/><E73/><V19/><F74/><W44/><G51/><T71/><D71/><U49/><E49/><N who="2" m="30991" /><F99/><W114/><G114/><T0/><D6/><U37/><E37/><V13/><F8/><W33/><G33/><T72/><D72/><U97/><E97/><V133/><F133/><W112/><G112/><T134/><D134/><U50/><E50/><V106/><F106/><W69/><G4/><T102/><D109/><AGARI ba="1,0" hai="29,31,56,62,66,98,103,104,109,110,111" m="49673" machi="109" ten="30,2000,0" yaku="14,1,19,1" doraHai="40" who="1" fromWho="0" sc="250,-23,250,23,250,0,250,0" />
</Scene>
<Scene>
<INIT seed="1,0,0,2,1,131" ten="227,273,250,250" oya="1" hai0="68,80,25,87,100,8,22,61,104,128,67,6,96" hai1="20,39,113,73,93,99,118,90,58,12,17,18,23" hai2="26,120,19,110,76,126,29,50,116,37,41,27,40" hai3="2,3,34,123,106,133,105,21,7,135,16,115,9"/><U130/><E118/><V77/><F116/><W46/><G123/><T5/><D128/><U56/><E113/><V28/><F37/><W92/><G115/><T38/><D38/><U42/><E130/><V75/><F120/><W14/><G46/><T71/><D6/><U122/><E122/><V121/><F121/><W66/><G66/><T129/><D129/><U114/><E114/><V84/><F75/><W78/><G78/><T47/><D47/><U69/><E69/><V54/><F110/><W64/><G64/><T65/><D65/><U97/><E73/><V88/><F126/><W36/><G36/><T1/><D80/><U59/><E39/><V98/><F19/><W91/><G105/><T32/><D87/><U10/><E42/><N who="2" m="16491" /><F98/><W31/><G106/><T83/><D83/><U111/><E111/><V107/><F107/><W117/><G117/><T43/><D43/><U94/><REACH who="1" step="1"/><E18/><REACH who="1" ten="227,263,250,250" step="2"/><V85/><F28/><W86/><G3/><T70/><REACH who="0" step="1"/><D22/><REACH who="0" ten="217,263,250,250" step="2"/><U124/><E124/><V24/><F29/><AGARI ba="0,2" hai="1,5,8,25,29,32,61,67,68,70,71,96,100,104" machi="29" ten="40,12000,2" yaku="1,1,2,1,25,2,33,3,53,0" doraHai="131" doraHaiUra="127" who="0" fromWho="2" sc="217,140,263,0,250,-120,250,0" />
</Scene>
<Scene>
<INIT seed="2,0,0,2,1,49" ten="357,263,130,250" oya="2" hai0="132,63,16,107,37,64,45,27,11,123,89,130,113" hai1="127,134,86,118,121,128,74,8,59,90,105,21,101" hai2="120,26,91,92,33,93,69,79,50,55,95,24,53" hai3="30,56,36,41,44,71,19,81,12,98,77,115,131"/><V14/><F120/><W22/><G71/><T60/><D113/><U126/><E118/><V99/><F69/><W34/><G115/><T73/><D73/><U43/><E74/><V5/><F33/><W110/><G110/><T52/><D123/><U18/><E121/><V29/><F79/><W72/><G98/><T2/><D132/><U13/><E134/><V102/><F50/><W94/><G94/><N who="2" m="36457" /><F29/><W47/><G47/><T85/><D107/><U51/><E105/><V31/><F31/><W15/><G15/><N who="0" m="7295" /><D2/><U35/><E35/><V119/><F119/><W84/><G72/><T48/><D37/><U87/><E13/><V68/><F68/><W57/><REACH who="3" step="1"/><G131/><REACH who="3" ten="357,263,130,240" step="2"/><T7/><D130/><U108/><E128/><V88/><F14/><W67/><G67/><T129/><D129/><U106/><E108/><V42/><F5/><W46/><G46/><T100/><D7/><U116/><E116/><V20/><F42/><W38/><G38/><T96/><D27/><AGARI ba="0,1" hai="12,19,22,27,30,34,36,41,44,56,57,77,81,84" machi="27" ten="40,1300,0" yaku="1,1,53,0" doraHai="49" doraHaiUra="4" who="3" fromWho="0" sc="357,-13,263,0,130,0,240,23" />
</Scene>
<Scene>
<INIT seed="3,0,0,3,0,117" ten="344,263,130,263" oya="3" hai0="120,30,58,77,130,134,13,101,119,40,0,131,114" hai1="25,67,106,62,53,8,78,10,81,4,72,94,129" hai2="29,37,109,16,107,41,1,73,128,99,90,11,133" hai3="6,21,68,113,95,69,102,100,38,28,60,87,121"/><W93/><G113/><T115/><D40/><U88/><E106/><V65/><F109/><W70/><G38/><T18/><D77/><U74/><E129/><N who="0" m="49161" /><D101/><U52/><E74/><V84/><F73/><W45/><G45/><T43/><D43/><U127/><E127/><V97/><F29/><W103/><G6/><T86/><D86/><U56/><E25/><V5/><F128/><W66/><G87/><T47/><D47/><U61/><E4/><V96/><F133/><W20/><G28/><T2/><D58/><U57/><E67/><V22/><F65/><W33/><G33/><T31/><D119/><U89/><E89/><V111/><F111/><W135/><G135/><T83/><D83/><U54/><E54/><V39/><F107/><W32/><G32/><T3/><D134/><U7/><E7/><V49/><F49/><W105/><G105/><T124/><D124/><U27/><E27/><V92/><REACH who="2" step="1"/><F41/><REACH who="2" ten="344,263,120,263" step="2"/><W132/><G132/><T79/><D31/><U51/><REACH who="1" step="1"/><E51/><REACH who="1" ten="344,253,120,263" step="2"/><V82/><F82/><W76/><G66/><T9/><D30/><U24/><E24/><AGARI ba="0,2" hai="1,5,11,16,22,24,37,39,84,90,92,96,97,99" machi="24" ten="40,2600,0" yaku="1,1,54,1,53,0" doraHai="117" doraHaiUra="36" who="2" fromWho="1" sc="344,0,253,-26,120,46,263,0" />
</Scene>
<Scene>
<INIT seed="4,0,0,0,0,97" ten="344,227,166,263" oya="0" hai0="77,49,92,135,27,80,7,107,2,90,17,106,83" hai1="82,66,55,14,128,62,1,117,112,9,21,59,123" hai2="19,122,94,20,73,115,34,3,120,71,18,24,5" hai3="23,67,6,12,54,52,91,104,13,87,41,126,98"/><T28/><D135/><U95/><E123/><V70/><F73/><W25/><G41/><T68/><D68/><U43/><E117/><V36/><F36/><W105/><G105/><T32/><D2/><U99/><E128/><V33/><F94/><W46/><G67/><T72/><D7/><U125/><E125/><V42/><F42/><W29/><G126/><T48/><D17/><U103/><E112/><V133/><F70/><W4/><G104/><T134/><D134/><U93/><E1/><V114/><F71/><W65/><G65/><T121/><D121/><N who="2" m="46698" /><F133/><W64/><G98/><T47/><D83/><U132/><E132/><V53/><F53/><N who="3" m="20587" /><G46/><T74/><D74/><U108/><E108/><V11/><F18/><W102/><G102/><T118/><D118/><U57/><E43/><V10/><F10/><W129/><G129/><T15/><D15/><N who="3" m="5705" /><G64/><T101/><D47/><U113/><E113/><AGARI ba="0,0" hai="3,5,11,19,20,24,33,34,113,114,115" m="46698" machi="113" ten="30,3900,0" yaku="15,1,34,2" doraHai="97" who="2" fromWho="1" sc="344,0,227,-39,166,39,263,0" />
</Scene>
<Scene>
<INIT seed="5,0,0,4,4,134" ten="344,188,205,263" oya="1" hai0="119,83,108,62,66,122,49,75,48,113,95,31,67" hai1="28,47,44,17,50,13,56,40,39,106,100,0,68" hai2="64,34,99,92,78,82,53,131,10,59,115,85,105" hai3="6,3,133,35,63,51,88,2,101,19,129,22,4"/><U87/><E68/><V15/><F34/><W55/><G133/><T127/><D31/><U60/><E0/><V52/><F131/><W45/><G101/><T93/><D75/><U130/><E130/><V54/><F105/><W126/><G35/><T97/><D119/><U110/><E110/><V33/><F33/><W79/><G79/><T29/><D29/><U71/><E28/><V123/><F123/><W135/><G135/><T90/><D108/><U46/><E71/><V23/><F115/><W24/><G129/><T98/><D122/><U58/><E87/><V80/><F23/><W9/><G63/><T42/><D83/><U5/><E5/><N who="2" m="3535" /><F82/><W94/><G3/><T96/><D113/><U30/><E30/><V109/><F109/><W120/><G120/><T14/><D14/><U38/><E38/><V74/><F74/><W111/><G111/><T61/><D42/><U12/><E106/><V77/><F77/><W103/><G103/><T76/><D76/><U26/><E100/><N who="2" m="60519" /><F64/><W27/><G27/><T1/><D1/><U112/><E112/><V11/><F11/><W57/><G2/><T65/><D90/><U20/><E39/><V114/><F114/><W37/><G6/><T25/><D25/><U73/><E73/><V104/><F104/><W125/><G9/><T89/><D89/><U7/><E7/><V21/><F21/><W128/><G4/><T91/><D91/><U84/><E84/><V118/><F118/><W36/><G128/><T116/><D116/><U18/><E26/><V81/><F81/><W121/><G36/><T32/><D32/><RYUUKYOKU ba="0,0" sc="344,-10,188,-10,205,30,263,-10" hai2="52,53,54,59,78,80,85" />
</Scene>
<Scene>
<INIT seed="6,1,0,0,3,91" ten="334,178,235,253" oya="2" hai0="9,104,58,123,132,80,41,66,116,125,69,97,5" hai1="134,102,4,67,40,71,23,120,99,0,114,27,76" hai2="88,79,127,103,26,63,36,10,56,20,2,108,60" hai3="110,122,49,126,109,48,55,86,3,118,45,133,105"/><V38/><F127/><W35/><G3/><N who="0" m="191" /><D123/><U28/><E120/><V59/><F79/><W51/><G35/><T22/><D58/><U83/><E114/><V1/><F103/><W31/><G31/><T72/><D41/><U92/><E134/><V107/><F107/><W93/><G105/><T46/><D46/><U106/><E40/><V21/><F10/><W64/><G122/><T65/><D65/><U129/><E129/><V74/><F26/><W128/><G64/><T62/><D132/><U81/><E106/><V43/><F43/><W42/><G118/><T95/><D22/><U50/><E0/><V39/><F74/><W53/><G133/><T11/><D11/><U101/><E4/><V12/><F88/><W44/><G128/><T33/><D95/><U29/><E102/><V90/><F90/><W78/><G126/><T89/><D89/><U8/><E8/><V117/><F38/><W24/><G24/><T84/><D84/><U113/><E113/><V52/><F12/><W85/><G78/><N who="0" m="44103" /><D125/><U15/><E29/><V75/><F75/><W135/><G135/><T96/><D96/><U16/><E76/><V34/><F34/><W94/><G42/><T6/><D6/><U68/><E68/><V111/><F117/><W47/><G47/><T112/><D116/><U61/><REACH who="1" step="1"/><E50/><REACH who="1" ten="334,168,235,253" step="2"/><V124/><F124/><W7/><G49/><T25/><D112/><U87/><E87/><V30/><F30/><W98/><G7/><T115/><D115/><U17/><E17/><V130/><F130/><W54/><G54/><AGARI ba="1,1" hai="1,2,20,21,36,39,52,54,56,59,60,63,108,111" machi="54" ten="25,4800,0" yaku="22,2,54,1" doraHai="91" who="2" fromWho="3" sc="334,0,168,0,235,61,253,-51" />
</Scene>
<Scene>
<INIT seed="6,2,0,3,1,35" ten="334,168,296,202" oya="2" hai0="102,44,46,18,120,26,59,65,108,38,6,135,131" hai1="83,99,121,98,73,68,101,78,41,85,30,1,111" hai2="21,119,134,29,52,75,116,130,40,76,20,23,74" hai3="60,86,2,36,17,31,95,27,117,107,54,71,39"/><V67/><F40/><W114/><G107/><T3/><D108/><U64/><E111/><V49/><F67/><W66/><G117/><T5/><D120/><U90/><E121/><V123/><F123/><W56/><G114/><T105/><D131/><U61/><E41/><V34/><F130/><W57/><G57/><T110/><D110/><U79/><E79/><V112/><F112/><W62/><G17/><T103/><D135/><U133/><E133/><V9/><F134/><W113/><G113/><T124/><D124/><U50/><E30/><V82/><F75/><W15/><G15/><T118/><D118/><U45/><E101/><N who="0" m="38409" /><D3/><U72/><E1/><V42/><F42/><W70/><G70/><T125/><D125/><U94/><REACH who="1" step="1"/><E99/><REACH who="1" ten="334,158,296,202" step="2"/><V7/><F29/><W104/><G2/><T97/><D105/><U12/><E12/><V48/><F34/><W109/><G104/><T93/><D38/><U32/><E32/><V84/><F74/><W96/><G109/><T129/><D129/><U92/><E92/><V80/><F80/><W24/><G96/><T58/><D93/><U100/><E100/><V106/><F106/><W87/><G95/><T63/><D97/><U47/><E47/><N who="0" m="17961" /><D58/><U43/><AGARI ba="2,1" hai="43,45,50,61,64,68,72,73,78,83,85,90,94,98" machi="43" ten="20,2700,0" yaku="1,1,0,1,7,1,53,0" doraHai="35" doraHaiUra="55" who="1" fromWho="1" sc="334,-9,158,43,296,-15,202,-9" />
</Scene>
<Scene>
<INIT seed="7,0,0,1,1,92" ten="325,201,281,193" oya="3" hai0="121,79,45,51,103,55,6,67,34,107,134,95,31" hai1="81,4,83,37,62,100,119,2,61,49,53,33,46" hai2="104,122,98,27,1,77,59,74,78,126,41,21,14" hai3="99,26,118,54,76,82,30,58,28,66,47,84,17"/><W65/><G118/><T60/><D121/><U32/><E37/><V64/><F1/><W25/><G47/><T3/><D79/><U102/><E119/><V19/><F74/><W135/><G135/><T11/><D134/><U128/><E128/><V8/><F122/><W117/><G117/><T20/><D107/><U39/><E39/><V80/><F126/><W29/><G17/><T114/><D114/><U115/><E115/><V7/><F41/><W90/><G65/><T36/><D34/><U111/><E111/><V12/><F104/><W125/><G66/><T72/><D72/><U127/><E127/><V130/><F130/><W86/><G125/><T112/><D112/><U35/><E2/><V91/><F14/><W131/><G131/><T106/><D106/><U73/><E4/><V123/><F123/><W24/><G24/><T50/><D31/><U18/><E18/><V132/><F132/><W52/><G54/><T13/><D20/><U101/><REACH who="1" step="1"/><E73/><REACH who="1" ten="325,191,281,193" step="2"/><V9/><F9/><W113/><G113/><T63/><D3/><U109/><E109/><V88/><F80/><AGARI ba="0,1" hai="32,33,35,46,49,53,61,62,80,81,83,100,101,102" machi="80" ten="50,1600,0" yaku="1,1,53,0" doraHai="92" doraHaiUra="108" who="1" fromWho="2" sc="325,0,191,26,281,-16,193,0" owari="325,42.0,217,-18.0,265,7.0,193,-31.0" />
</Scene>
</mjloggm>