<mjloggm ver="2.3"><GO type="193"/><UN n0="%E5%A4%AA%E3%81%8F%E3%81%AA%E3%81%84%E3%81%8A" n1="%E7%8C%AB%E3%81%AE%E3%81%8A%E3%81%A7%E3%81%93" n2="%E9%81%93%E6%98%8E%E5%AF%BA%E3%83%89%E3%82%A2%E3%83%A9" n3="%E6%96%B0%E7%84%BC%E8%82%89%E9%81%94%E4%BA%BA" dan="7,12,12,12" rate="1718,1659,1621,1698" sx="M,M,M,M"/><TAIKYOKU oya="0"/>

<Scene>
<INIT seed="0,0,0,5,1,11" ten="250,250,250,250" oya="0" hai0="112,47,133,116,0,126,24,128,74,33,131,27,4" hai1="114,101,2,29,23,97,7,110,16,102,35,17,130" hai2="123,91,44,46,71,19,83,89,106,28,96,98,81" hai3="10,103,50,129,39,36,59,90,26,30,54,70,121"/><T8/><D74/><U58/><E130/><N who="0" m="49705" /><D116/><U124/><E110/><V61/><F71/><W62/><G129/><T14/><D112/><U43/><E114/><V82/><F28/><W3/><G121/><T76/><D76/><U125/><E43/><V21/><F106/><W88/><G103/><T1/><D47/><U86/><E86/><V32/><F32/><W51/><G70/><T127/><D133/><U15/><E58/><V87/><F61/><W57/><G50/><T67/><D67/><U77/><E77/><V85/><F123/><W135/><G135/><T68/><D68/><U115/><E115/><V22/><REACH who="2" step="1"/><F83/><REACH who="2" ten="250,250,240,250" step="2"/><W55/><G39/><T42/><D33/><U84/><E84/><V25/><F25/><N who="0" m="9802" /><D42/><U108/><E108/><V72/><F72/><W48/><G36/><T113/><D113/><U5/><E35/><V134/><F134/><W34/><REACH who="3" step="1"/><G62/><REACH who="3" ten="250,250,240,240" step="2"/><T20/><D127/><N who="1" m="48715" /><E102/><V45/><F45/><W120/><G120/><T99/><D126/><U53/><E29/><V69/><F69/><W104/><G104/><T9/><D0/><U107/><E2/><V95/><F95/><W118/><G118/><T132/><D132/><U119/><E119/><V13/><F13/><W6/><AGARI ba="0,2" hai="3,6,10,26,30,34,48,51,54,55,57,59,88,90" machi="6" ten="30,7900,0" yaku="1,1,0,1,9,1,54,1,53,0" doraHai="11" doraHaiUra="64" who="3" fromWho="3" sc="250,-39,250,-20,240,-20,240,99" />
</Scene>
<Scene>
<INIT seed="1,0,0,0,0,132" ten="211,230,220,339" oya="1" hai0="127,110,36,64,61,37,86,48,66,56,108,106,57" hai1="6,74,32,59,62,22,25,87,51,65,88,109,117" hai2="16,82,114,31,131,91,95,105,79,100,54,85,121" hai3="123,96,97,8,14,71,125,60,92,47,43,44,50"/><U29/><E117/><V111/><F121/><W116/><G123/><T12/><D106/><U45/><E74/><V10/><F131/><W80/><G116/><T42/><D12/><U126/><E126/><V24/><F114/><W38/><G125/><T17/><D17/><U112/><E112/><V98/><F111/><N who="0" m="42538" /><D86/><U129/><E129/><V40/><F40/><W70/><G80/><T90/><D90/><U2/><E109/><V52/><F31/><W18/><G60/><N who="0" m="37895" /><D127/><U135/><E135/><V35/><F35/><W67/><G97/><T4/><D4/><U21/><E2/><V133/><F133/><W0/><G67/><T128/><D128/><U34/><E6/><V68/><F68/><W9/><G8/><T73/><D73/><U124/><E124/><V102/><F102/><W27/><G0/><T33/><D33/><U7/><E7/><V1/><F1/><W69/><G27/><T101/><D101/><U104/><E104/><V122/><F122/><W30/><G30/><T89/><D89/><U83/><REACH who="1" step="1"/><E34/><REACH who="1" ten="211,220,220,339" step="2"/><V63/><F63/><W58/><G71/><T78/><D78/><U103/><E103/><V77/><F77/><W94/><G70/><T84/><D61/><U113/><E113/><V23/><REACH who="2" step="1"/><F10/><REACH who="2" ten="211,220,210,339" step="2"/><W115/><G69/><T75/><D75/><AGARI ba="0,2" hai="16,23,24,52,54,75,79,82,85,91,95,98,100,105" machi="75" ten="30,12000,2" yaku="1,1,2,1,7,1,24,2,54,2,53,0" doraHai="132" doraHaiUra="26" who="2" fromWho="0" sc="211,-120,220,0,210,140,339,0" />
</Scene>
<Scene>
<INIT seed="2,0,0,2,1,30" ten="91,220,350,339" oya="2" hai0="66,92,121,0,7,16,28,95,107,112,40,50,64" hai1="117,75,131,54,14,83,128,48,94,63,79,5,29" hai2="11,1,73,67,20,32,58,118,114,15,19,135,36" hai3="43,110,24,25,22,70,101,132,122,124,21,34,39"/><V59/><F73/><W81/><G70/><T85/><D107/><U74/><E117/><V8/><F36/><W80/><G101/><T93/><D112/><U6/><E29/><V55/><F118/><W129/><G122/><T42/><D121/><U35/><E35/><V91/><F114/><W130/><G39/><T26/><D85/><U106/><E106/><V133/><F67/><W60/><G60/><T12/><D7/><U125/><E75/><V108/><F91/><W89/><G43/><T9/><D0/><U23/><E125/><V53/><F108/><W69/><G69/><T72/><D72/><U113/><E113/><V31/><F58/><W120/><G120/><T123/><D123/><U13/><E63/><V33/><F59/><W86/><G124/><T71/><D71/><U100/><E100/><V68/><F55/><W115/><G110/><T96/><D96/><U46/><E94/><V18/><F53/><W84/><G115/><T119/><D119/><U77/><E77/><V41/><F41/><N who="0" m="15978" /><D50/><U98/><E98/><V90/><F90/><W2/><G2/><T57/><D57/><U76/><E76/><V105/><F105/><W134/><G89/><T104/><D104/><U44/><E44/><V45/><F45/><W103/><G103/><T38/><D38/><U49/><E49/><V3/><F68/><W47/><G47/><T87/><D87/><U61/><E61/><V37/><F37/><W102/><G102/><T126/><D126/><U4/><E23/><V82/><F82/><W62/><G62/><T97/><D97/><U99/><E99/><RYUUKYOKU ba="0,0" sc="91,10,220,10,350,-30,339,10" hai0="9,12,16,26,28,64,66,92,93,95" hai1="4,5,6,13,14,46,48,54,74,79,83,128,131" hai3="21,22,24,25,34,80,81,84,86,129,130,132,134" />
</Scene>
<Scene>
<INIT seed="3,1,0,1,3,27" ten="101,230,320,349" oya="3" hai0="52,93,1,72,3,133,36,130,23,47,129,99,77" hai1="79,64,71,132,70,113,111,6,33,15,13,32,7" hai2="128,37,98,127,31,50,62,76,45,10,60,109,20" hai3="56,43,8,25,73,24,48,29,46,40,135,35,125"/><W4/><G125/><T121/><D121/><U126/><E126/><V105/><F37/><W58/><G135/><T44/><D133/><U87/><E132/><V0/><F105/><W54/><G73/><T30/><D77/><U86/><E113/><V53/><F0/><W97/><G58/><T81/><D81/><U2/><E2/><V34/><F127/><W68/><G68/><N who="1" m="26154" /><E79/><V106/><F128/><W102/><G25/><T84/><D72/><U104/><E104/><V103/><F109/><W91/><G91/><T90/><D3/><U28/><E111/><V26/><F76/><W22/><G35/><N who="1" m="13386" /><E64/><V51/><F34/><W14/><G46/><T61/><D1/><U100/><E100/><V17/><F17/><W78/><G78/><T112/><D112/><U74/><E74/><V42/><REACH who="2" step="1"/><F10/><REACH who="2" ten="101,230,310,349" step="2"/><W110/><G110/><T21/><D36/><U85/><E28/><V117/><F117/><W75/><G75/><T101/><D130/><U131/><E131/><V66/><F66/><W39/><G39/><T95/><D129/><U123/><E123/><V115/><F115/><W80/><G80/><T83/><D83/><U5/><AGARI ba="1,1" hai="5,6,7,13,15,85,86,87" m="13386,26154" machi="5" ten="40,2700,0" yaku="28,2" doraHai="27" who="1" fromWho="1" sc="101,-8,230,40,310,-8,349,-14" owari="93,-41.0,270,-13.0,302,10.0,335,44.0" />
</Scene>
</mjloggm>