<mjloggm ver="2.3"><GO type="169"/><UN n0="%E6%A1%9C%E4%BA%95%E3%82%A2%E3%82%BD%E3%82%B3" n1="%4D%49%40%34%32%38" n2="%E7%8B%AC%E6%AD%A9" n3="%E5%A4%AA%E3%81%8F%E3%81%AA%E3%81%84%E3%81%8A" dan="17,16,17,17" rate="2184,2052,2190,2152" sx="M,M,M,M"/><TAIKYOKU oya="0"/>

<Scene>
<INIT seed="0,0,0,5,2,109" ten="250,250,250,250" oya="0" hai0="135,120,132,92,48,118,10,3,45,131,2,116,41" hai1="69,33,72,39,78,107,60,128,97,121,62,115,16" hai2="66,5,46,44,35,23,126,75,26,117,57,61,14" hai3="64,32,127,71,89,59,21,54,50,91,42,47,12"/><T86/><D86/><U112/><E121/><V51/><F75/><W133/><G32/><T80/><D80/><N who="1" m="45127" /><E39/><V68/><F117/><W63/><G127/><T113/><D92/><U101/><E16/><N who="2" m="12647" /><F35/><W36/><G133/><N who="0" m="51275" /><D120/><U94/><E128/><V90/><F126/><W114/><G114/><N who="1" m="43562" /><E33/><V106/><F106/><W4/><REACH who="3" step="1"/><G21/><REACH who="3" ten="250,250,250,240" step="2"/><T70/><D113/><U49/><E69/><V108/><F68/><W65/><G65/><T73/><D70/><U123/><E123/><V7/><F108/><W9/><AGARI ba="0,1" hai="4,9,12,36,42,47,50,54,59,63,64,71,89,91" machi="9" ten="30,7900,0" yaku="1,1,0,1,24,2,53,0" doraHai="109" doraHaiUra="119" who="3" fromWho="3" sc="250,-39,250,-20,250,-20,240,89" />
</Scene>
<Scene>
<INIT seed="1,0,0,0,1,68" ten="211,230,230,329" oya="1" hai0="73,26,97,110,135,118,116,120,43,103,49,3,32" hai1="60,134,84,109,37,47,102,106,115,79,61,11,126" hai2="132,38,129,119,48,104,10,130,78,16,86,63,82" hai3="62,108,111,83,36,42,59,89,30,88,58,70,131"/><U107/><E115/><V81/><F119/><W31/><G131/><N who="2" m="50185" /><F104/><W12/><G70/><T74/><D3/><U113/><E113/><V0/><F132/><W2/><G2/><T54/><D135/><U87/><E134/><V128/><F63/><W94/><G12/><T96/><D43/><U53/><E126/><V46/><F128/><W50/><G50/><T7/><D7/><U18/><E102/><V24/><F82/><W121/><G121/><T20/><D32/><U77/><E106/><V66/><F66/><W91/><G83/><T101/><D120/><U9/><E107/><V4/><F48/><W19/><G19/><T41/><D41/><U39/><E109/><N who="3" m="42058" /><G94/><T90/><D110/><U75/><E75/><V33/><F46/><N who="3" m="23879" /><G59/><T80/><D80/><U57/><E47/><V6/><F6/><W21/><G21/><T95/><D73/><U5/><E5/><V27/><F33/><W28/><G28/><T55/><D74/><U127/><E57/><V93/><F93/><W1/><G1/><T22/><D49/><U29/><E29/><V114/><F114/><W8/><G8/><T122/><D122/><U125/><REACH who="1" step="1"/><E53/><AGARI ba="0,0" hai="30,31,53,58,62,88,89,91" m="23879,42058" machi="53" ten="30,3900,0" yaku="14,1,52,1,54,1" doraHai="68" who="3" fromWho="1" sc="211,0,230,-39,230,0,329,39" />
</Scene>
<Scene>
<INIT seed="2,0,0,4,1,100" ten="211,191,230,368" oya="2" hai0="45,63,76,135,88,55,90,21,39,81,2,29,131" hai1="54,95,102,41,112,70,8,30,91,42,125,50,130" hai2="127,103,73,93,69,47,110,123,15,32,31,66,60" hai3="119,109,116,49,132,98,18,129,133,56,128,19,77"/><V27/><F123/><W13/><G77/><T105/><D2/><U121/><E112/><V75/><F127/><W68/><G68/><T61/><D131/><N who="3" m="50249" /><G98/><T38/><D135/><N who="3" m="51785" /><G109/><T79/><D21/><U48/><E70/><V134/><F134/><W9/><G56/><T20/><D20/><U120/><E102/><V14/><F110/><W51/><G51/><T62/><D29/><U25/><E30/><V11/><F47/><W65/><G65/><T99/><D79/><U107/><E50/><V44/><F44/><W7/><G49/><T84/><D55/><U24/><E54/><V96/><F15/><W10/><G10/><T74/><D45/><U17/><E48/><V92/><F92/><W58/><G58/><T67/><D67/><U22/><E8/><V71/><F71/><W59/><G59/><T111/><D111/><U6/><E95/><V0/><F0/><W80/><G80/><T5/><D63/><U114/><E130/><V16/><AGARI ba="0,0" hai="11,14,16,27,31,32,60,66,69,73,75,93,96,103" machi="16" ten="20,3900,0" yaku="0,1,7,1,54,1" doraHai="100" who="2" fromWho="2" sc="211,-13,191,-13,230,39,368,-13" />
</Scene>
<Scene>
<INIT seed="2,1,0,1,0,86" ten="198,178,269,355" oya="2" hai0="9,18,63,65,54,87,85,50,67,123,55,3,78" hai1="97,12,80,105,68,24,121,72,122,37,125,58,131" hai2="48,90,84,134,124,107,106,28,17,60,115,76,31" hai3="103,120,6,42,57,41,23,74,99,79,49,130,64"/><V108/><F115/><W36/><G120/><N who="1" m="46186" /><E68/><V59/><F134/><W110/><G110/><T5/><D78/><N who="1" m="44103" /><E37/><V0/><F0/><W27/><G130/><T96/><D123/><U70/><E58/><V46/><F108/><W32/><G32/><T25/><D96/><U44/><E12/><V38/><F38/><W71/><G6/><T91/><D91/><U119/><E44/><V39/><F39/><W93/><G36/><T22/><D65/><U4/><E24/><V118/><F76/><W11/><G11/><T7/><D5/><U33/><E4/><V133/><F118/><W30/><G71/><T73/><D73/><U113/><E33/><V117/><F133/><W81/><REACH who="3" step="1"/><G49/><REACH who="3" ten="198,178,269,345" step="2"/><T92/><D50/><U83/><E70/><V129/><F129/><W1/><G1/><T8/><D7/><U104/><E131/><V13/><F117/><W35/><G35/><T10/><D3/><U135/><E119/><V47/><F124/><W26/><G26/><T53/><REACH who="0" step="1"/><D92/><REACH who="0" ten="188,178,269,345" step="2"/><U34/><E135/><V116/><F116/><W114/><G114/><T21/><D21/><U16/><E113/><V20/><F107/><W62/><AGARI ba="1,2" hai="23,27,30,41,42,57,62,64,74,79,81,93,99,103" machi="62" ten="30,8000,1" yaku="1,1,0,1,25,2,53,1" doraHai="86" doraHaiUra="56" who="3" fromWho="3" sc="188,-21,178,-21,269,-41,345,103" />
</Scene>
<Scene>
<INIT seed="3,0,0,2,3,1" ten="167,157,228,448" oya="3" hai0="103,134,20,118,2,96,83,107,66,41,19,7,15" hai1="74,42,45,67,51,120,3,26,131,27,77,46,95" hai2="69,110,63,79,101,76,14,25,8,48,93,40,86" hai3="28,64,9,16,62,115,32,104,89,0,36,81,47"/><W127/><G115/><T129/><D66/><U54/><E120/><V22/><F110/><W125/><G104/><T126/><D118/><U23/><E131/><V55/><F40/><W30/><G32/><T102/><D129/><U133/><E133/><V78/><F63/><W68/><G36/><T21/><D134/><U73/><E67/><V80/><F69/><W50/><G81/><T108/><D108/><U37/><E77/><V5/><F93/><W24/><G89/><T105/><D41/><U44/><E44/><V57/><REACH who="2" step="1"/><F101/><REACH who="2" ten="167,157,218,448" step="2"/><W31/><G62/><T18/><D103/><U106/><E106/><V12/><F12/><W61/><G0/><T17/><D105/><U70/><E70/><V53/><F53/><W124/><G61/><T35/><D15/><U97/><E3/><V100/><F100/><W72/><G68/><T87/><D2/><U58/><E95/><V71/><F71/><W94/><G94/><T121/><D102/><U114/><E42/><V91/><F91/><W59/><G124/><T109/><D107/><U130/><E54/><V56/><F56/><W112/><G59/><T119/><D126/><U34/><E58/><V75/><F75/><W85/><G72/><T132/><D109/><U84/><E74/><V122/><F122/><W113/><G125/><T123/><D123/><U116/><E73/><V92/><F92/><W29/><G127/><T135/><D121/><U38/><E116/><V65/><F65/><W82/><G64/><T88/><D132/><U99/><E130/><V98/><F98/><W60/><G60/><T117/><D135/><RYUUKYOKU ba="0,1" sc="167,-10,157,-10,218,30,448,-10" hai2="5,8,14,22,25,48,55,57,76,78,79,80,86" />
</Scene>
<Scene>
<INIT seed="4,1,1,4,2,126" ten="157,147,248,438" oya="0" hai0="13,21,43,38,101,55,67,130,17,56,59,120,20" hai1="121,122,41,49,27,39,118,103,12,7,28,32,8" hai2="72,82,46,64,117,112,18,134,65,128,74,85,113" hai3="23,115,54,97,135,1,44,89,95,60,106,3,48"/><T37/><D101/><U94/><E39/><V26/><F117/><W0/><G115/><N who="2" m="44105" /><F128/><W61/><G135/><T50/><D120/><U83/><E118/><V22/><F46/><W53/><G106/><T123/><D123/><U127/><E127/><V129/><F129/><W110/><G110/><T57/><D130/><U92/><E103/><V79/><F134/><W73/><G73/><AGARI ba="1,1" hai="18,22,26,64,65,72,73,74,79,82,85" m="44105" machi="73" ten="30,1000,0" yaku="15,1" doraHai="126" who="2" fromWho="3" sc="157,0,147,0,248,23,438,-13" />
</Scene>
<Scene>
<INIT seed="5,0,0,0,1,15" ten="157,147,271,425" oya="1" hai0="71,18,77,128,94,12,50,49,134,113,85,48,76" hai1="90,92,82,17,125,57,7,64,93,55,119,86,35" hai2="62,120,108,132,21,41,95,67,70,1,22,42,13" hai3="65,110,117,20,97,54,34,39,111,5,66,79,133"/><U103/><E119/><V135/><F1/><W53/><G34/><T59/><D71/><U106/><E35/><V30/><F120/><W99/><G39/><T102/><D134/><N who="2" m="51242" /><F108/><W109/><G133/><T131/><D113/><U73/><E64/><V43/><F30/><W101/><G117/><T68/><D68/><U26/><E7/><V72/><F72/><W105/><G79/><T100/><D59/><U46/><E125/><V10/><F95/><W78/><G78/><T118/><D77/><U91/><E73/><V37/><F37/><W51/><G5/><AGARI ba="0,0" hai="5,10,13,21,22,41,42,43,62,67,70" m="51242" machi="5" ten="30,1000,0" yaku="20,1" doraHai="15" who="2" fromWho="3" sc="157,0,147,0,271,10,425,-10" />
</Scene>
<Scene>
<INIT seed="6,0,0,4,4,65" ten="157,147,281,415" oya="2" hai0="27,37,95,62,36,51,26,19,41,79,126,68,69" hai1="50,129,39,24,90,109,42,55,23,7,94,34,74" hai2="98,100,4,28,45,32,83,29,15,87,131,66,30" hai3="128,111,93,47,67,82,33,63,91,70,44,89,120"/><V76/><F131/><W35/><G111/><T123/><D79/><U8/><E109/><V1/><F1/><W113/><G120/><T18/><D95/><U9/><E74/><V121/><F121/><W86/><G128/><T119/><D123/><U11/><E129/><V71/><F45/><W114/><G35/><T38/><D126/><U16/><E34/><V132/><F132/><W17/><G33/><T101/><D101/><U117/><E117/><V25/><F15/><W110/><G17/><T5/><D62/><U80/><E80/><V92/><F4/><W53/><G110/><T112/><D5/><U81/><E81/><V99/><F66/><W58/><G58/><T122/><D122/><U61/><E61/><V31/><F71/><W96/><G53/><T20/><D119/><U54/><E39/><V75/><REACH who="2" step="1"/><F98/><REACH who="2" ten="157,147,271,415" step="2"/><W52/><G47/><T105/><D69/><U10/><N who="1" m="2048" /><DORA hai="108" /><U43/><E7/><V46/><F46/><W72/><G72/><AGARI ba="0,1" hai="25,28,29,30,31,32,72,75,76,83,87,92,99,100" machi="72" ten="40,2000,0" yaku="1,1,53,0" doraHai="65,108" doraHaiUra="13,59" who="2" fromWho="3" sc="157,0,147,0,271,30,415,-20" />
</Scene>
<Scene>
<INIT seed="6,1,0,2,1,93" ten="157,147,301,395" oya="2" hai0="77,102,88,96,61,75,130,10,100,81,98,28,87" hai1="135,134,112,54,67,40,16,59,55,78,97,85,119" hai2="132,95,11,71,52,118,18,86,115,12,22,121,56" hai3="20,62,3,2,94,8,24,91,17,122,46,84,66"/><V65/><F121/><W19/><G122/><T45/><D28/><U64/><E119/><V110/><F118/><W109/><G109/><T37/><D61/><U127/><E112/><V131/><F132/><N who="1" m="50729" /><E40/><V128/><F115/><W21/><G46/><T74/><D45/><U48/><E127/><V27/><F110/><W53/><G53/><T38/><D10/><U76/><E97/><N who="0" m="37481" /><D38/><U105/><E105/><V114/><F114/><W33/><G33/><T116/><D37/><U0/><E0/><V107/><F107/><W43/><G43/><T113/><D113/><U90/><E54/><V26/><F71/><W103/><G103/><N who="0" m="39467" /><D116/><U120/><E120/><V101/><F65/><N who="1" m="25161" /><E16/><V6/><F27/><W72/><G8/><T106/><D106/><U99/><E99/><V23/><F101/><W44/><G44/><T4/><D4/><U123/><E123/><V104/><F104/><W9/><G9/><T126/><D126/><U63/><E63/><V57/><F57/><W1/><G62/><T34/><D34/><U32/><E32/><V50/><F6/><W47/><G47/><T49/><D49/><U7/><E7/><V124/><F124/><W58/><G58/><T25/><D25/><U125/><E125/><V68/><F68/><W133/><G133/><T117/><D117/><U129/><E129/><V14/><F11/><W83/><G66/><T51/><D130/><N who="2" m="49706" /><F23/><N who="3" m="13423" /><G19/><T111/><D111/><U5/><E5/><V60/><F60/><W89/><G20/><T92/><D51/><U79/><E48/><V80/><F50/><W73/><G21/><T31/><D31/><RYUUKYOKU ba="1,0" sc="157,15,147,-15,301,-15,395,15" hai0="74,75,77,81,87,88,92" hai3="1,2,3,72,73,83,84,89,91,94" />
</Scene>
<Scene>
<INIT seed="7,2,0,4,4,97" ten="172,132,286,410" oya="3" hai0="55,129,36,17,16,76,126,68,133,43,50,45,81" hai1="118,59,88,38,98,32,26,94,134,28,5,128,85" hai2="23,78,53,18,3,121,25,120,58,113,86,7,131" hai3="57,111,105,112,52,82,132,11,35,101,103,108,99"/><W21/><G35/><T47/><D68/><U93/><E38/><V127/><F131/><W34/><G34/><T106/><D129/><U115/><E128/><V22/><F127/><W19/><G112/><T4/><D126/><U44/><E115/><V9/><F113/><W130/><G130/><T2/><D106/><U70/><E70/><V122/><F23/><W37/><G37/><T29/><D29/><U100/><E134/><V64/><F64/><W12/><G132/><T114/><D133/><U75/><E75/><V31/><F78/><W66/><G66/><T135/><D114/><U42/><E118/><V60/><F86/><W0/><G103/><T61/><D61/><U91/><E5/><V109/><F109/><N who="3" m="42059" /><G82/><T62/><D62/><U69/><E69/><V49/><F60/><N who="3" m="35879" /><G0/><T14/><D135/><U40/><E44/><V79/><F79/><W104/><G104/><T87/><D2/><U80/><E59/><V96/><F96/><AGARI ba="2,0" hai="26,28,32,40,42,80,85,88,91,93,94,96,98,100" machi="96" ten="30,3900,0" yaku="7,1,52,1,54,1" doraHai="97" who="1" fromWho="2" sc="172,0,132,45,286,-45,410,0" owari="172,-33.0,177,-22.0,241,4.0,410,51.0" />
</Scene>
</mjloggm>