<mjloggm ver="2.3"><GO type="97"/><UN n0="%E5%A4%AA%E3%81%8F%E3%81%AA%E3%81%84%E3%81%8A" n1="%E7%AB%B9%E4%BA%95%E2%98%86%E4%B9%85" n2="%E7%89%8C%E5%85%AC%E6%9C%9B" n3="%67%69%6E%6B%67%6F" dan="13,16,14,14" rate="1995,2052,1862,1924" sx="M,F,M,M"/><TAIKYOKU oya="0"/>

<Scene>
<INIT seed="0,0,0,0,1,20" ten="250,250,250,250" oya="0" hai0="71,70,25,10,82,132,135,57,131,59,16,18,107" hai1="44,8,32,39,109,34,11,133,85,67,66,55,72" hai2="95,12,121,64,54,125,43,81,97,90,49,93,28" hai3="35,7,58,63,29,76,13,103,26,89,129,21,117"/><T94/><D107/><U56/><E72/><V9/><F121/><W37/><G37/><T61/><D131/><U17/><E109/><V62/><F125/><W68/><G117/><T108/><D108/><U105/><E105/><V116/><F116/><W33/><G68/><N who="0" m="26155" /><D82/><U104/><E104/><V5/><F43/><W15/><G103/><T42/><D42/><U96/><E133/><N who="0" m="51273" /><D94/><U60/><E34/><V127/><F127/><W79/><G129/><T106/><D106/><U100/><E32/><V3/><F28/><W120/><G120/><T111/><D111/><U99/><E100/><V4/><F3/><W115/><G115/><T38/><D38/><U14/><E39/><V22/><F4/><W87/><G35/><T30/><D10/><U123/><E123/><V47/><F81/><W52/><G33/><N who="0" m="20687" /><D59/><U124/><E124/><V6/><F6/><W102/><G102/><T41/><D41/><U88/><E8/><V110/><F110/><W69/><G69/><T53/><AGARI ba="0,0" hai="16,18,53,57,61" m="20687,51273,26155" machi="53" ten="30,6000,0" yaku="20,1,52,1,54,1" doraHai="20" who="0" fromWho="0" sc="250,60,250,-20,250,-20,250,-20" />
</Scene>
<Scene>
<INIT seed="0,1,0,4,2,9" ten="310,230,230,230" oya="0" hai0="41,109,43,76,53,133,12,88,84,130,30,73,10" hai1="96,105,32,101,108,65,110,66,103,87,112,5,115" hai2="126,13,80,127,77,6,132,89,100,40,0,111,116" hai3="123,33,99,36,83,118,19,71,17,62,2,113,21"/><T45/><D30/><U39/><E39/><V91/><F0/><W104/><G113/><N who="1" m="43594" /><E5/><V47/><F111/><N who="1" m="42537" /><E32/><V52/><F116/><W82/><G118/><T58/><D109/><U46/><E46/><V67/><F67/><N who="1" m="25609" /><E87/><V22/><F100/><AGARI ba="1,0" hai="96,100,101,103,105" m="25609,42537,43594" machi="100" ten="40,2600,0" yaku="11,1,14,1" doraHai="9" who="1" fromWho="2" sc="310,0,230,29,230,-29,230,0" />
</Scene>
<Scene>
<INIT seed="1,0,0,3,2,61" ten="310,259,201,230" oya="1" hai0="31,134,119,127,69,73,93,72,24,91,59,4,41" hai1="87,67,131,108,88,133,92,54,51,65,9,49,97" hai2="82,6,84,83,13,42,126,27,26,33,40,123,86" hai3="77,58,110,107,18,70,118,106,98,16,94,102,104"/><U34/><E34/><V47/><F123/><W62/><G110/><T135/><D69/><U17/><E131/><V116/><F116/><W81/><G70/><T10/><D119/><U56/><E133/><N who="0" m="50697" /><D41/><N who="2" m="15978" /><F126/><W3/><G3/><N who="0" m="287" /><D59/><U124/><E124/><V8/><F33/><W90/><G118/><T80/><D80/><N who="2" m="30762" /><F47/><W129/><G129/><T57/><D57/><U30/><E30/><V109/><F109/><W52/><REACH who="3" step="1"/><G102/><REACH who="3" ten="310,259,201,220" step="2"/><T53/><D127/><U2/><E108/><V68/><F68/><W37/><G37/><T12/><D73/><AGARI ba="0,1" hai="16,18,52,58,62,73,77,81,90,94,98,104,106,107" machi="73" ten="40,8000,1" yaku="1,1,54,2,53,1" doraHai="61" doraHaiUra="50" who="3" fromWho="0" sc="310,-80,259,0,201,0,220,90" />
</Scene>
<Scene>
<INIT seed="2,0,0,2,3,38" ten="230,259,201,310" oya="2" hai0="104,128,1,82,73,27,78,87,79,10,44,124,0" hai1="102,131,72,81,43,112,17,37,106,77,20,75,46" hai2="15,6,50,53,41,7,32,118,8,101,19,65,63" hai3="84,12,134,130,24,62,25,80,48,30,33,69,91"/><V90/><F118/><W57/><G134/><T16/><D104/><U70/><E112/><V29/><F101/><W121/><G121/><T34/><D124/><U127/><E127/><V96/><F32/><W109/><G109/><T49/><D128/><U117/><E131/><V9/><F29/><W85/><G130/><T40/><D34/><U56/><E70/><V14/><F19/><W133/><G133/><T110/><D110/><U47/><E117/><V97/><F90/><W135/><G135/><T2/><D78/><U26/><E75/><V83/><F83/><W122/><G122/><T119/><D119/><U94/><E106/><V39/><F39/><W66/><G12/><T120/><D120/><U76/><E76/><V89/><F89/><W52/><G24/><T132/><D132/><U23/><E47/><V114/><F114/><W74/><G85/><T36/><D87/><U18/><E56/><V35/><F35/><W107/><G107/><T61/><D61/><U51/><E94/><V68/><F41/><W99/><G99/><T105/><D105/><U59/><E102/><V129/><REACH who="2" step="1"/><F129/><REACH who="2" ten="230,259,191,310" step="2"/><W4/><G33/><T126/><D126/><U31/><E37/><V3/><F3/><W108/><G30/><T11/><REACH who="0" step="1"/><D36/><REACH who="0" ten="220,259,191,310" step="2"/><U42/><E31/><V123/><F123/><W88/><G108/><T60/><D60/><U125/><E125/><V95/><F95/><W98/><G62/><T71/><D71/><U103/><E72/><V28/><F28/><W45/><G69/><T55/><D55/><U13/><E43/><V116/><F116/><W54/><G74/><RYUUKYOKU ba="0,2" sc="220,15,259,-15,191,15,310,-15" hai0="0,1,2,10,11,16,27,40,44,49,73,79,82" hai2="6,7,8,9,14,15,50,53,63,65,68,96,97" />
</Scene>
<Scene>
<INIT seed="2,1,2,5,5,4" ten="235,244,206,295" oya="2" hai0="63,79,68,133,106,131,60,130,84,88,48,135,46" hai1="127,34,114,94,40,56,39,98,100,49,96,2,44" hai2="9,17,77,47,97,24,31,29,116,13,108,120,28" hai3="35,73,30,122,90,7,62,25,12,1,89,23,126"/><V110/><F77/><W57/><G73/><T119/><D106/><U70/><E127/><V118/><F97/><W38/><G38/><T41/><D79/><U33/><E70/><V85/><F85/><W83/><G126/><T43/><D43/><U78/><E114/><V69/><F47/><W128/><G128/><N who="0" m="49195" /><D119/><N who="2" m="45610" /><F69/><W67/><G122/><T10/><D10/><U74/><E78/><V61/><F61/><N who="0" m="23626" /><D68/><U3/><E74/><V18/><F120/><W109/><G109/><N who="2" m="42089" /><F18/><N who="3" m="10695" /><G83/><AGARI ba="1,2" hai="41,46,48,83,84,88,133,135" m="23626,49195" machi="83" ten="30,2000,0" yaku="19,1,54,1" doraHai="4" who="0" fromWho="3" sc="235,43,244,0,206,0,295,-23" />
</Scene>
<Scene>
<INIT seed="3,0,0,3,4,57" ten="278,244,206,272" oya="3" hai0="96,74,27,95,78,91,2,47,7,90,105,118,65" hai1="83,51,9,82,133,68,53,93,39,134,69,59,98" hai2="132,70,43,110,87,106,54,135,0,28,17,49,8" hai3="40,101,89,35,128,76,55,61,131,19,1,75,66"/><W109/><G1/><T56/><D118/><U42/><E9/><V129/><F106/><W130/><G35/><T21/><D105/><U125/><E83/><V126/><F70/><N who="1" m="27241" /><E82/><V64/><F87/><W107/><G40/><T29/><D74/><U111/><E111/><V31/><F110/><W6/><G109/><T99/><D78/><U112/><E112/><V86/><F126/><W11/><G55/><T52/><D2/><U121/><E121/><V13/><F129/><W123/><G123/><T38/><D7/><U116/><E116/><V20/><F43/><W25/><G76/><T94/><D38/><U18/><E18/><V117/><F64/><W60/><G66/><T10/><D65/><U103/><E125/><V63/><F63/><N who="3" m="24139" /><G75/><T88/><D10/><U67/><E67/><V4/><F86/><W119/><G119/><T127/><D127/><U15/><E42/><V79/><F79/><W71/><G71/><T48/><D47/><U36/><E15/><V14/><F117/><W37/><G37/><T58/><D58/><U81/><E81/><V50/><F54/><W23/><G89/><AGARI ba="0,0" hai="21,27,29,48,52,56,88,89,90,91,94,95,96,99" machi="89" ten="30,8000,1" yaku="7,1,9,1,8,1,54,2" doraHai="57" who="0" fromWho="3" sc="278,80,244,0,206,0,272,-80" owari="358,46.0,244,4.0,206,-19.0,192,-31.0" />
</Scene>
</mjloggm>