<mjloggm ver="2.3"><GO type="41"/><UN n0="%E5%BF%83%E5%A4%9C" n1="%E5%A4%AA%E3%81%8F%E3%81%AA%E3%81%84%E3%81%8A" n2="%E5%B7%9D%E4%BA%95" n3="%61%6B%75%6C%65%64" dan="14,15,16,13" rate="1892,2053,2103,1877" sx="M,M,M,M"/><TAIKYOKU oya="0"/>

<Scene>
<INIT seed="0,0,0,2,3,29" ten="250,250,250,250" oya="0" hai0="128,43,2,37,30,24,26,20,52,11,130,38,4" hai1="111,127,66,124,50,53,122,18,9,135,60,55,17" hai2="82,54,62,23,112,41,13,98,36,119,102,70,120" hai3="94,49,33,10,31,65,134,117,7,103,64,46,34"/><T85/><D43/><U115/><E122/><V56/><F120/><W21/><G117/><T15/><D85/><U84/><E111/><V40/><F112/><W1/><G134/><T39/><D52/><U88/><E135/><V19/><F119/><W95/><G21/><N who="0" m="15631" /><D39/><U118/><E118/><V48/><F36/><W22/><G22/><T77/><D77/><U93/><E115/><V74/><F74/><W109/><G109/><T3/><D38/><U81/><E93/><V114/><F114/><W57/><G95/><T79/><D79/><U107/><E107/><V76/><F76/><W108/><G108/><T14/><D14/><U100/><E100/><V83/><F70/><W129/><G64/><T110/><D110/><U32/><E53/><V0/><F0/><W97/><G31/><N who="0" m="17863" /><D37/><U59/><E55/><V42/><F48/><W44/><G44/><T45/><D45/><U104/><E50/><V105/><AGARI ba="0,0" hai="13,19,23,40,41,42,54,56,62,82,83,98,102,105" machi="105" ten="30,1100,0" yaku="0,1" doraHai="29" who="2" fromWho="2" sc="250,-5,250,-3,250,11,250,-3" />
</Scene>
<Scene>
<INIT seed="1,0,0,2,1,12" ten="245,247,261,247" oya="1" hai0="101,28,80,65,116,125,45,38,95,49,100,103,10" hai1="27,119,114,76,14,108,51,120,113,48,39,75,31" hai2="32,46,30,24,2,130,62,84,82,88,93,3,40" hai3="64,60,17,41,37,106,72,23,68,107,44,98,9"/><U15/><E39/><V43/><F43/><W92/><G72/><T36/><D116/><U133/><E119/><V85/><F62/><W111/><G9/><T91/><D125/><U127/><E120/><V122/><F122/><W5/><G5/><T52/><D80/><U135/><E76/><V35/><F35/><W21/><G21/><T128/><D128/><U94/><E75/><V7/><F7/><W134/><G134/><N who="1" m="51210" /><E94/><V53/><F53/><W73/><G73/><T79/><D79/><U4/><E127/><V59/><F59/><W50/><G37/><T129/><D129/><U22/><E108/><V67/><F67/><W63/><G63/><T71/><D28/><U99/><E99/><V29/><F29/><W102/><REACH who="3" step="1"/><G111/><REACH who="3" ten="245,247,261,237" step="2"/><T58/><D10/><U86/><E4/><V16/><F130/><W26/><AGARI ba="0,1" hai="17,23,26,41,44,50,60,64,68,92,98,102,106,107" machi="26" ten="20,8000,1" yaku="1,1,2,1,0,1,7,1,52,1,53,0" doraHai="12" doraHaiUra="109" who="3" fromWho="3" sc="245,-20,247,-40,261,-20,237,90" />
</Scene>
<Scene>
<INIT seed="2,0,0,2,1,90" ten="225,207,241,327" oya="2" hai0="37,39,62,46,135,128,115,50,78,122,19,41,69" hai1="126,112,70,63,35,68,80,4,47,96,107,104,60" hai2="26,76,32,116,56,119,59,84,99,118,5,71,20" hai3="43,12,98,110,16,133,45,40,120,125,75,77,94"/><V17/><F71/><W23/><G120/><T48/><D78/><U2/><E35/><V33/><F5/><W1/><G133/><T0/><D0/><U11/><E112/><V14/><F99/><W8/><G125/><T24/><D24/><U52/><E126/><V87/><F76/><W127/><G127/><T89/><D89/><U9/><E80/><V111/><F111/><W28/><G110/><T121/><D19/><U100/><E104/><V18/><F84/><W36/><G43/><T49/><D115/><U57/><E60/><V113/><F87/><W106/><G106/><T124/><D124/><U81/><E81/><V88/><F88/><W55/><G55/><T117/><D135/><U103/><E103/><V95/><F113/><W93/><G98/><T51/><N who="0" m="12800" /><DORA hai="92" /><T13/><D13/><U129/><E129/><V114/><F114/><W29/><G29/><T15/><D15/><U3/><E47/><V74/><F74/><W44/><G44/><T25/><D25/><U91/><E91/><V83/><F83/><N who="3" m="45503" /><G28/><T7/><D7/><AGARI ba="0,0" hai="2,3,4,7,9,11,52,57,63,68,70,96,100,107" machi="7" ten="40,5200,0" yaku="9,1,52,1,54,1" doraHai="90,92" who="1" fromWho="0" sc="225,-52,207,52,241,0,327,0" /><AGARI ba="0,0" hai="1,7,8,12,16,23,36,40,45,93,94" m="45503" machi="7" ten="30,7700,0" yaku="25,1,52,2,54,1" doraHai="90,92" who="3" fromWho="0" sc="173,-77,259,0,241,0,327,77" />
</Scene>
<Scene>
<INIT seed="3,0,0,1,3,119" ten="96,259,241,404" oya="3" hai0="10,13,6,37,19,7,3,62,108,69,23,110,47" hai1="65,42,84,75,107,111,81,4,29,128,97,27,31" hai2="131,122,15,32,64,8,92,25,129,87,86,109,114" hai3="59,115,106,100,50,134,125,24,60,14,40,28,116"/><W30/><G116/><T120/><D7/><U104/><E75/><V73/><F73/><W90/><G115/><T56/><D69/><U72/><E72/><V91/><F114/><W55/><G134/><T79/><D79/><U0/><E42/><V78/><F64/><W41/><G125/><T12/><D37/><U85/><E65/><V123/><F109/><N who="0" m="42090" /><D47/><U68/><E68/><V46/><F46/><W58/><G14/><T39/><D39/><U22/><E111/><V124/><F124/><W1/><G1/><T126/><D126/><U48/><E48/><V51/><F51/><W105/><G105/><T20/><D20/><U130/><E4/><V113/><F113/><W11/><G11/><T82/><D82/><U99/><E81/><N who="2" m="47415" /><F25/><W94/><G100/><T80/><D80/><U121/><E27/><V44/><F44/><W133/><G106/><T132/><D132/><U18/><E22/><V71/><F32/><W43/><G24/><T54/><D3/><U98/><E0/><V76/><F76/><W34/><G34/><T16/><D19/><U135/><E135/><V93/><F93/><W52/><G133/><T103/><D103/><U66/><E18/><N who="2" m="8551" /><F71/><W63/><G50/><T101/><D101/><U70/><E70/><V57/><F57/><W67/><G67/><T96/><D96/><AGARI ba="0,0" hai="28,30,40,41,43,52,55,58,59,60,63,90,94,96" machi="96" ten="40,7700,0" yaku="9,1,8,1,54,1" doraHai="119" who="3" fromWho="0" sc="96,-77,259,0,241,0,404,77" />
</Scene>
<Scene>
<INIT seed="3,1,0,0,5,82" ten="19,259,241,481" oya="3" hai0="121,125,42,36,9,110,43,56,90,77,37,64,96" hai1="72,62,40,31,93,129,83,10,101,14,55,128,6" hai2="51,52,4,94,27,66,123,102,99,104,76,126,133" hai3="2,105,69,21,30,1,39,24,29,116,45,22,57"/><W65/><G116/><T59/><D77/><N who="1" m="44455" /><E31/><V23/><F123/><W17/><G69/><T109/><D9/><U11/><E40/><N who="0" m="15401" /><D96/><N who="1" m="59535" /><E11/><V34/><F133/><W108/><G105/><T112/><D90/><U135/><E62/><V80/><F126/><W132/><G132/><T18/><D18/><U5/><E55/><V54/><F34/><W8/><G65/><T46/><D125/><U67/><E67/><V20/><F66/><W103/><G103/><T114/><D121/><U127/><E127/><V33/><F4/><W16/><G57/><N who="0" m="22091" /><D46/><U95/><E95/><V130/><F130/><N who="1" m="50281" /><E135/><V92/><F54/><W124/><G45/><T73/><D73/><U87/><E5/><V47/><F33/><W79/><G124/><T15/><D15/><U100/><E100/><V120/><F120/><W106/><G8/><T13/><D13/><U75/><E75/><V91/><F20/><W25/><G2/><T19/><D19/><U74/><E74/><V58/><F58/><W63/><G1/><T70/><D70/><U26/><E26/><V50/><F50/><W134/><G134/><T68/><D68/><U32/><E32/><V98/><F94/><W117/><G25/><T71/><D71/><U38/><E14/><V41/><F41/><W118/><G24/><T111/><D64/><U81/><E10/><V0/><F0/><W49/><G29/><T84/><D84/><U113/><E6/><V28/><F28/><W60/><G30/><T12/><D12/><U35/><E35/><V53/><F53/><W61/><G21/><T122/><D122/><U78/><E78/><RYUUKYOKU ba="1,0" sc="19,30,259,-10,241,-10,481,-10" hai0="36,37,109,110,111,112,114" />
</Scene>
<Scene>
<INIT seed="4,2,0,4,5,65" ten="49,249,231,471" oya="0" hai0="78,76,36,131,89,105,38,12,90,41,72,60,114" hai1="64,2,19,58,7,123,23,50,4,108,125,98,68" hai2="109,8,48,69,116,115,71,11,107,20,49,87,5" hai3="132,126,74,130,135,79,45,57,93,100,10,34,85"/><T66/><D105/><U44/><E108/><V102/><F109/><W88/><G34/><T0/><D0/><U40/><E123/><V84/><F116/><W67/><G126/><T28/><D28/><U32/><E32/><V75/><F75/><W24/><G130/><T22/><D131/><U104/><E125/><V35/><F35/><W46/><G24/><T52/><D114/><U56/><E104/><V31/><F115/><W103/><G46/><T33/><D33/><U47/><E98/><V30/><F107/><W17/><G45/><T43/><D38/><U82/><E82/><V92/><F92/><W70/><G70/><T3/><D3/><U14/><E47/><V80/><F20/><W81/><G67/><T113/><D113/><U118/><E118/><V121/><F102/><W59/><G59/><N who="0" m="34919" /><D66/><U18/><E18/><V134/><F5/><W1/><G57/><T97/><D72/><U13/><E2/><V25/><F25/><W53/><G53/><T51/><D51/><U29/><E29/><V94/><F94/><W73/><G73/><T128/><D128/><U120/><E4/><V9/><F9/><W63/><G63/><T39/><D39/><U86/><E120/><V110/><F110/><W133/><G1/><T127/><D127/><U55/><E55/><V99/><F121/><W61/><G61/><T101/><D36/><U37/><E37/><V16/><F31/><W42/><G42/><N who="0" m="15883" /><D101/><U106/><E106/><V117/><F117/><W112/><G112/><T27/><D12/><AGARI ba="2,0" hai="10,12,17,74,79,81,85,88,93,100,103,132,133,135" machi="12" ten="40,2600,0" yaku="20,1,54,1" doraHai="65" who="3" fromWho="0" sc="49,-32,249,0,231,0,471,32" />
</Scene>
<Scene>
<INIT seed="5,0,0,0,3,38" ten="17,249,231,503" oya="1" hai0="127,36,48,109,21,42,135,104,32,62,4,77,110" hai1="131,39,125,93,71,124,106,35,23,1,2,41,15" hai2="78,59,45,65,56,9,69,133,89,46,103,64,87" hai3="128,108,30,63,12,119,29,91,73,53,82,6,74"/><U20/><E106/><V97/><F133/><W51/><G108/><T67/><D21/><U92/><E71/><V134/><F134/><W96/><G119/><T58/><D4/><U86/><E35/><V81/><F78/><W72/><G128/><T8/><D8/><U114/><E131/><V16/><F69/><W0/><G0/><T66/><D135/><U75/><E75/><V26/><F59/><W50/><G63/><T79/><D104/><U40/><E114/><V10/><F10/><W113/><G113/><T28/><D28/><U90/><E39/><V57/><F57/><W116/><G116/><T95/><D95/><U99/><E15/><V83/><F83/><W33/><G33/><T88/><D32/><U102/><E20/><V22/><F9/><W18/><G6/><T76/><D76/><U118/><E23/><V11/><F11/><W115/><G115/><T3/><D3/><N who="1" m="1035" /><E118/><V117/><F117/><W17/><G96/><T107/><D107/><U122/><E122/><V25/><F25/><W80/><G73/><T7/><D7/><U55/><E55/><V49/><F56/><W123/><G53/><T98/><D36/><U100/><E100/><V70/><F70/><W47/><G12/><T105/><D105/><U19/><E19/><V112/><F112/><W84/><G91/><T111/><D67/><U34/><E34/><V130/><F130/><W37/><G37/><T27/><D27/><U94/><E94/><N who="2" m="58807" /><F46/><W43/><G47/><N who="0" m="25719" /><D127/><AGARI ba="0,0" hai="40,41,86,90,92,93,99,102,124,125,127" m="1035" machi="127" ten="30,5800,0" yaku="18,1,52,2" doraHai="38" who="1" fromWho="0" sc="17,-58,249,58,231,0,503,0" owari="-41,-54.0,307,11.0,231,-17.0,503,60.0" />
</Scene>
</mjloggm>