<mjloggm ver="2.3"><GO type="169"/><UN n0="%E3%82%AB%E3%83%84%E3%82%B2%E3%83%B3" n1="%E3%81%A1%E3%81%8F%E3%81%8D" n2="%E3%81%BA%E3%82%8A%E3%81%8B%E3%82%93" n3="%E5%A4%AA%E3%81%8F%E3%81%AA%E3%81%84%E3%81%8A" dan="16,18,17,17" rate="2104,2183,2142,2191" sx="M,M,M,M"/><TAIKYOKU oya="0"/>

<Scene>
<INIT seed="0,0,0,3,2,111" ten="250,250,250,250" oya="0" hai0="50,66,73,97,54,13,23,88,8,92,1,96,48" hai1="82,124,0,39,131,67,86,81,56,105,7,132,4" hai2="27,21,106,55,84,112,32,114,10,93,70,135,65" hai3="72,108,83,63,110,62,35,16,94,69,53,103,116"/><T41/><D73/><U76/><E105/><V120/><F120/><W42/><G116/><T129/><D129/><U79/><E39/><V109/><F109/><N who="3" m="42091" /><G35/><T74/><D74/><U68/><E131/><V19/><F106/><W126/><G126/><T28/><D1/><U29/><E124/><V95/><F32/><W78/><G42/><T36/><D36/><U71/><E132/><V46/><F135/><W80/><G80/><T130/><D130/><U122/><E122/><V6/><F70/><W58/><G16/><N who="0" m="8231" /><D66/><U59/><E29/><V90/><F65/><N who="3" m="41151" /><G94/><N who="0" m="56391" /><D41/><U26/><E26/><V107/><F107/><W85/><G103/><N who="0" m="60839" /><D54/><U100/><E100/><V45/><F95/><W51/><G72/><T115/><D115/><U75/><E0/><V2/><REACH who="2" step="1"/><F55/><REACH who="2" ten="250,250,240,250" step="2"/><W44/><G53/><T61/><D61/><U133/><E133/><V15/><F15/><W22/><G62/><T38/><D38/><U17/><E67/><V60/><F60/><W125/><G125/><T57/><D57/><U102/><E59/><V127/><F127/><W5/><G58/><T33/><D33/><U91/><E56/><V123/><F123/><W121/><G121/><T9/><D9/><U49/><E68/><V20/><F20/><W77/><G22/><T12/><D12/><U104/><E71/><V3/><F3/><W119/><G119/><T37/><D37/><U117/><E117/><V98/><F98/><W134/><G134/><T31/><D31/><U99/><E99/><V47/><AGARI ba="0,1" hai="2,6,10,19,21,27,45,46,47,84,90,93,112,114" machi="47" ten="30,7900,0" yaku="1,1,0,1,52,2,53,0" doraHai="111" doraHaiUra="101" who="2" fromWho="2" sc="250,-39,250,-20,240,89,250,-20" />
</Scene>
<Scene>
<INIT seed="1,0,0,5,4,63" ten="211,230,329,230" oya="1" hai0="5,79,11,114,87,38,76,108,91,80,48,71,112" hai1="116,3,103,72,61,111,6,62,74,57,13,28,123" hai2="127,113,104,97,88,27,66,18,77,14,23,98,7" hai3="115,117,49,56,20,95,17,9,121,21,44,19,84"/><U32/><E123/><V65/><F127/><W10/><G121/><T101/><D108/><U36/><E116/><V85/><F77/><W82/><G115/><T54/><D38/><U81/><E36/><V75/><F75/><W106/><G106/><T128/><D71/><U0/><E111/><V93/><F113/><W70/><G70/><T26/><D128/><U119/><E119/><V92/><F104/><W24/><G95/><T67/><D114/><U59/><E103/><N who="2" m="60839" /><F98/><W94/><G94/><T135/><D135/><U30/><E32/><V96/><F96/><W51/><G56/><T40/><D40/><U99/><E99/><V22/><F7/><W90/><G117/><T109/><D109/><U129/><E129/><V16/><AGARI ba="0,0" hai="14,16,18,22,23,27,65,66,85,88,93" m="60839" machi="16" ten="30,8000,1" yaku="8,1,52,2,54,2" doraHai="63" who="2" fromWho="2" sc="211,-20,230,-40,329,80,230,-20" />
</Scene>
<Scene>
<INIT seed="2,0,0,0,1,130" ten="191,190,409,210" oya="2" hai0="125,51,54,18,2,92,86,110,27,46,80,13,66" hai1="73,72,115,91,58,50,41,118,95,29,68,20,78" hai2="89,109,3,17,44,127,77,5,63,75,129,104,103" hai3="0,83,112,52,79,65,71,61,1,98,64,70,26"/><V10/><F129/><W48/><G112/><T132/><D110/><U15/><E118/><V94/><F109/><W82/><G98/><T11/><D2/><U96/><E115/><V120/><F120/><W99/><G99/><T28/><D125/><U88/><E68/><V93/><F104/><W69/><G26/><T87/><D66/><U121/><E121/><V40/><F103/><W119/><G119/><T34/><D92/><U21/><E91/><V81/><F127/><W16/><G16/><T116/><D116/><U117/><E117/><V60/><F17/><W24/><G24/><T108/><D108/><U30/><E78/><V47/><F47/><W25/><G25/><T14/><D14/><U36/><E36/><V133/><F94/><W38/><G38/><T55/><D55/><N who="1" m="32119" /><E72/><V39/><REACH who="2" step="1"/><F133/><REACH who="2" ten="191,190,399,210" step="2"/><W32/><G82/><T31/><D132/><U6/><E95/><V84/><AGARI ba="0,1" hai="3,5,10,39,40,44,60,63,75,77,81,84,89,93" machi="84" ten="20,18000,2" yaku="1,1,2,1,0,1,7,1,25,2,53,0" doraHai="130" doraHaiUra="134" who="2" fromWho="2" sc="191,-60,190,-60,399,190,210,-60" />
</Scene>
<Scene>
<INIT seed="2,1,0,2,3,83" ten="131,130,589,150" oya="2" hai0="31,86,46,47,123,99,73,48,66,116,90,129,75" hai1="130,88,65,95,68,33,120,3,58,96,16,40,77" hai2="111,30,79,101,121,56,126,107,26,5,18,60,89" hai3="132,54,81,29,127,74,64,55,38,70,112,124,115"/><V114/><F114/><N who="3" m="43563" /><G29/><T43/><D123/><U14/><E3/><V87/><F121/><W44/><G74/><T133/><D133/><U27/><E120/><V28/><F79/><W84/><G132/><T91/><D129/><U103/><E130/><V106/><F5/><W11/><G11/><T72/><D116/><U128/><E128/><V71/><F71/><W122/><G122/><T125/><D125/><N who="3" m="48201" /><G81/><T8/><D66/><U118/><E118/><V23/><F30/><W82/><G82/><T42/><D99/><U19/><E77/><V113/><F113/><W21/><G21/><T67/><D67/><U15/><E68/><V57/><F28/><W6/><G6/><T50/><D31/><U9/><E40/><V69/><F23/><W92/><G92/><T134/><D134/><U119/><E119/><V25/><F106/><W39/><G84/><T105/><D105/><U22/><E33/><V17/><F87/><W0/><G0/><T34/><D34/><U100/><E27/><V117/><F26/><W135/><G135/><T109/><D109/><U131/><E131/><V104/><F25/><W20/><G20/><T97/><D97/><U12/><E12/><V76/><F76/><W36/><G44/><T98/><D98/><U62/><AGARI ba="1,0" hai="9,14,15,16,19,22,58,62,65,88,95,96,100,103" machi="62" ten="30,7900,0" yaku="0,1,8,1,54,2" doraHai="83" who="1" fromWho="1" sc="131,-21,130,82,589,-40,150,-21" />
</Scene>
<Scene>
<INIT seed="3,0,0,1,0,72" ten="110,212,549,129" oya="3" hai0="89,7,53,74,93,49,111,65,36,61,62,44,78" hai1="71,120,59,69,97,86,17,80,75,24,20,19,122" hai2="15,26,21,3,31,135,35,82,106,130,34,108,123" hai3="94,81,92,56,95,45,117,42,132,2,9,99,129"/><W127/><G117/><T121/><D111/><U67/><E75/><V39/><F108/><W112/><G112/><T27/><D121/><U83/><E83/><V85/><F106/><W22/><G132/><T115/><D115/><U38/><E38/><V51/><F39/><W70/><G70/><T23/><D7/><U104/><E71/><V100/><F3/><W41/><G129/><T103/><D103/><U5/><E69/><V107/><F100/><W4/><G127/><T64/><D36/><U63/><E5/><V109/><F107/><W50/><G42/><T32/><D32/><U76/><E104/><V125/><F125/><W13/><G56/><T1/><D1/><U16/><REACH who="1" step="1"/><E97/><REACH who="1" ten="110,202,549,129" step="2"/><V6/><F82/><W52/><G81/><T14/><D74/><U116/><E116/><V118/><F6/><W18/><REACH who="3" step="1"/><G41/><REACH who="3" ten="110,202,549,119" step="2"/><T47/><D47/><U10/><E10/><V12/><F118/><W124/><G124/><T101/><D44/><U96/><E96/><AGARI ba="0,2" hai="2,4,9,13,18,22,45,50,52,92,94,95,96,99" machi="96" ten="40,3900,0" yaku="1,1,54,1,53,0" doraHai="72" doraHaiUra="134" who="3" fromWho="1" sc="110,0,202,-39,549,0,119,59" />
</Scene>
<Scene>
<INIT seed="3,1,0,3,4,5" ten="110,163,549,178" oya="3" hai0="66,72,8,6,62,76,94,100,80,125,128,12,58" hai1="60,126,64,14,61,26,59,105,98,34,69,114,102" hai2="88,55,121,127,11,68,93,87,4,52,2,85,17" hai3="129,83,135,92,71,18,91,96,63,15,118,132,81"/><W134/><G118/><T3/><D128/><U39/><E39/><V28/><F68/><W57/><G71/><T33/><D33/><U131/><E114/><V31/><F127/><W122/><G129/><T99/><REACH who="0" step="1"/><D125/><REACH who="0" ten="100,163,549,178" step="2"/><U43/><E131/><V97/><F121/><W0/><G122/><T108/><D108/><U103/><E126/><V106/><F31/><W44/><G0/><AGARI ba="1,1" hai="0,3,6,8,12,58,62,66,72,76,80,94,99,100" machi="0" ten="40,2600,0" yaku="1,1,52,1,53,0" doraHai="5" doraHaiUra="36" who="0" fromWho="3" sc="100,39,163,0,549,0,178,-29" />
</Scene>
<Scene>
<INIT seed="4,0,0,1,1,15" ten="139,163,549,149" oya="0" hai0="90,88,12,45,109,19,115,1,9,126,85,32,46" hai1="44,131,124,74,102,27,68,123,84,58,134,119,127" hai2="96,14,118,60,7,81,24,120,36,40,11,121,108" hai3="76,26,111,30,95,34,13,25,94,106,0,57,37"/><T47/><D115/><U29/><E74/><V110/><F118/><W48/><G0/><T52/><D32/><U54/><E68/><V5/><F5/><W70/><G106/><T61/><D126/><U99/><E119/><V43/><F24/><W82/><G37/><T18/><D1/><U89/><E44/><N who="0" m="17001" /><D109/><U77/><E77/><V71/><F81/><W130/><G70/><T10/><D90/><U53/><E123/><V41/><F36/><W42/><G111/><T129/><D129/><U59/><E131/><V132/><F71/><W3/><G3/><T72/><D72/><U100/><E134/><V91/><F132/><W128/><G42/><T65/><D65/><U2/><E2/><V67/><F67/><W112/><G112/><T116/><D116/><U105/><E100/><V101/><F101/><W83/><G34/><T104/><D104/><U28/><E58/><V114/><F114/><W73/><G73/><T66/><D66/><U69/><E69/><V62/><F110/><W87/><G57/><N who="0" m="34983" /><D47/><U17/><E54/><V49/><F108/><W56/><G56/><T63/><D63/><N who="1" m="36335" /><E127/><V125/><F125/><W79/><G48/><T35/><D35/><U113/><E113/><V51/><F120/><W39/><G39/><T93/><D9/><U31/><E124/><V86/><F121/><W98/><G130/><T16/><AGARI ba="0,0" hai="10,12,16,18,19,85,88,93" m="34983,17001" machi="16" ten="30,18000,2" yaku="8,1,52,3,54,3" doraHai="15" who="0" fromWho="0" sc="139,180,163,-60,549,-60,149,-60" />
</Scene>
<Scene>
<INIT seed="4,1,0,2,1,20" ten="319,103,489,89" oya="0" hai0="118,38,49,81,124,130,16,43,26,87,108,103,98" hai1="112,79,88,96,104,48,134,15,46,107,69,126,120" hai2="82,99,101,76,93,84,92,80,9,115,128,39,135" hai3="45,3,47,70,53,5,0,40,30,67,11,18,133"/><T52/><D118/><U62/><E120/><V58/><F39/><W57/><G133/><T54/><D130/><U66/><E134/><V44/><F128/><W17/><G0/><T78/><D38/><U31/><E79/><N who="2" m="46111" /><F44/><W19/><G30/><T41/><D124/><U35/><E126/><V86/><F58/><W121/><G121/><T63/><D108/><U50/><E112/><V23/><F9/><W73/><G73/><T10/><D63/><U75/><E75/><V102/><F23/><W91/><G91/><T34/><D54/><U28/><E50/><V12/><F12/><W95/><G95/><N who="0" m="58847" /><D34/><U21/><E35/><V36/><F36/><W90/><G90/><T13/><D26/><U37/><E37/><V2/><F2/><W106/><G106/><T94/><D94/><U32/><E32/><V29/><F135/><W7/><G40/><T27/><D27/><U129/><E129/><V60/><F60/><W25/><G25/><T132/><D132/><U8/><E31/><V117/><F29/><W113/><G113/><T123/><D123/><U85/><E28/><V55/><F55/><W22/><G70/><T61/><D61/><U127/><E127/><V51/><F51/><N who="3" m="30911" /><G67/><T109/><D109/><U42/><E96/><N who="2" m="59527" /><F115/><W119/><G3/><T77/><D77/><U14/><E66/><V111/><F111/><W24/><G24/><T33/><D33/><U64/><E64/><V116/><AGARI ba="1,0" hai="76,82,86,93,99,102,116,117" m="59527,46111" machi="116" ten="30,2000,0" yaku="34,2" doraHai="20" who="2" fromWho="2" sc="319,-11,103,-6,489,23,89,-6" />
</Scene>
<Scene>
<INIT seed="5,0,0,1,3,69" ten="308,97,512,83" oya="1" hai0="92,53,98,117,23,74,81,97,57,79,6,99,60" hai1="16,21,24,58,50,12,90,76,38,122,109,101,87" hai2="46,75,133,29,119,62,61,131,132,39,9,48,7" hai3="68,102,0,63,107,13,11,70,5,19,35,15,91"/><U121/><E101/><V36/><F119/><W105/><G35/><T100/><D117/><U52/><E109/><V59/><F75/><W111/><G111/><T34/><D34/><U112/><E112/><V43/><F29/><W14/><G91/><T93/><D6/><U123/><E76/><V78/><F78/><W89/><G89/><T96/><REACH who="0" step="1"/><D23/><REACH who="0" ten="298,97,512,83" step="2"/><U104/><E104/><AGARI ba="0,1" hai="53,57,60,74,79,81,92,93,96,97,98,99,100,104" machi="104" ten="40,2600,0" yaku="1,1,2,1,53,0" doraHai="69" doraHaiUra="64" who="0" fromWho="1" sc="298,36,97,-26,512,0,83,0" />
</Scene>
<Scene>
<INIT seed="6,0,0,4,2,105" ten="334,71,512,83" oya="2" hai0="84,16,118,73,110,126,132,87,102,108,43,106,42" hai1="90,97,113,51,49,89,131,116,27,59,12,30,29" hai2="66,28,36,134,85,119,0,124,2,22,99,39,129" hai3="101,122,82,9,121,71,127,46,50,65,72,32,93"/><V58/><F119/><W47/><G32/><T40/><D118/><U109/><E116/><V74/><F129/><W3/><G127/><T77/><D126/><U120/><E109/><V86/><F124/><W80/><G71/><T98/><D132/><U55/><E131/><V75/><F99/><W117/><G117/><T25/><D87/><U54/><E120/><V135/><F28/><N who="1" m="10857" /><E113/><V38/><F22/><W70/><G70/><T81/><REACH who="0" step="1"/><D84/><REACH who="0" ten="324,71,512,83" step="2"/><N who="2" m="32362" /><F66/><W5/><G65/><T37/><D37/><U88/><E27/><V130/><F130/><W115/><G121/><T112/><D112/><U48/><E97/><V4/><F58/><W76/><G122/><T125/><D125/><U94/><E94/><V100/><F134/><W13/><G115/><T114/><D114/><U20/><E59/><V31/><F135/><W92/><G92/><T35/><D35/><U6/><E54/><V34/><F39/><W62/><G93/><T78/><D78/><U64/><E55/><V107/><F38/><W24/><G76/><T56/><D56/><U53/><E53/><V41/><F36/><W95/><G95/><T11/><D11/><N who="1" m="4215" /><E64/><V111/><F111/><W91/><G9/><T103/><D103/><U18/><E51/><V123/><F123/><W44/><G50/><T23/><AGARI ba="0,1" hai="16,23,25,40,42,43,73,77,81,98,102,106,108,110" machi="23" ten="30,7900,0" yaku="1,1,0,1,52,1,54,1,53,0" doraHai="105" doraHaiUra="69" who="0" fromWho="0" sc="324,89,71,-20,512,-39,83,-20" />
</Scene>
<Scene>
<INIT seed="7,0,0,2,0,2" ten="413,51,473,63" oya="3" hai0="36,64,48,8,41,39,113,93,40,112,130,127,0" hai1="33,20,75,43,35,24,108,111,101,126,78,63,1" hai2="17,74,11,118,42,19,34,5,128,62,68,95,70" hai3="109,73,85,31,67,80,4,129,50,21,25,96,10"/><W88/><G129/><T121/><D93/><U49/><E1/><V134/><F118/><W37/><G37/><N who="0" m="14411" /><D121/><U97/><E63/><V58/><F128/><W90/><G109/><T107/><D107/><U32/><E126/><V116/><F74/><W104/><G73/><T22/><D22/><U65/><E65/><V71/><F34/><W76/><G67/><T38/><D130/><U120/><E120/><V69/><F69/><W47/><G104/><T82/><D82/><U135/><E135/><V26/><F134/><W16/><G31/><T94/><D94/><U55/><E43/><N who="0" m="16457" /><D127/><U119/><E119/><V23/><F116/><W15/><G96/><T30/><N who="0" m="14419" /><T61/><DORA hai="110" /><D30/><U98/><E78/><V29/><F95/><W133/><G133/><T66/><D8/><U72/><E72/><V122/><F42/><AGARI ba="0,0" hai="4,10,15,16,21,25,42,47,50,76,80,85,88,90" machi="42" ten="30,18000,2" yaku="7,1,25,2,8,1,52,1,54,2" doraHai="2,110" who="3" fromWho="2" sc="413,0,51,0,473,-180,63,180" />
</Scene>
<Scene>
<INIT seed="7,1,0,1,2,81" ten="413,51,293,243" oya="3" hai0="36,28,118,71,59,75,103,77,106,23,62,13,31" hai1="73,108,40,17,35,48,104,91,24,46,97,109,56" hai2="64,93,132,26,78,57,90,30,53,121,3,27,21" hai3="37,2,74,33,128,87,18,32,84,115,61,113,123"/><W102/><G123/><T52/><D118/><U12/><E73/><V0/><F132/><W63/><G74/><T20/><D36/><U116/><E116/><V86/><F121/><W72/><G72/><T120/><D120/><U60/><E35/><N who="3" m="13386" /><G37/><T101/><D71/><U111/><E104/><V5/><F5/><W85/><G2/><T68/><D68/><U1/><E1/><V55/><F64/><W10/><G102/><N who="0" m="38923" /><D75/><U82/><E109/><V67/><F67/><W105/><G105/><T134/><D134/><U127/><E108/><V94/><F55/><W124/><G124/><T117/><D77/><U98/><E127/><V54/><F54/><W99/><G99/><T70/><D70/><U15/><E111/><V79/><F3/><W69/><G69/><T89/><D106/><U9/><E24/><V107/><F107/><W47/><G47/><T114/><D89/><U38/><E38/><V22/><F93/><W4/><G4/><T131/><D13/><U7/><E56/><V76/><F0/><W96/><G96/><T83/><D59/><U126/><E60/><N who="3" m="23114" /><G128/><T58/><D131/><U125/><E125/><V43/><F43/><W8/><G18/><T11/><D58/><U42/><E42/><V29/><F76/><W34/><G34/><T50/><D62/><AGARI ba="1,0" hai="21,22,26,27,29,30,53,57,62,78,79,86,90,94" machi="62" ten="30,7700,0" yaku="7,1,9,1,8,1,52,1" doraHai="81" who="2" fromWho="0" sc="413,-80,51,0,293,80,243,0" owari="333,13.0,51,-45.0,373,48.0,243,-16.0" />
</Scene>
</mjloggm>