<mjloggm ver="2.3"><GO type="169"/><UN n0="%E3%82%AA%E3%82%BA%E3%82%B0%E3%83%AB%E3%83%BC%E3%83%97" n1="%E3%80%93%E7%89%87%E5%B2%A1%E5%84%AA%E5%B8%8C%E3%80%93" n2="%E4%BB%95%E4%BA%8B%E3%81%97%E3%82%8D%E3%80%82" n3="%E5%A4%AA%E3%81%8F%E3%81%AA%E3%81%84%E3%81%8A" dan="16,16,17,17" rate="2117,2071,2160,2183" sx="M,F,M,M"/><TAIKYOKU oya="0"/>

<Scene>
<INIT seed="0,0,0,1,3,12" ten="250,250,250,250" oya="0" hai0="11,40,124,51,32,60,134,89,56,28,8,120,35" hai1="26,45,83,30,121,100,131,88,133,62,85,7,59" hai2="77,80,76,69,112,17,129,102,116,16,31,25,37" hai3="117,82,38,81,111,105,29,130,2,90,36,20,101"/><T113/><D120/><U127/><E121/><V108/><F112/><W72/><G117/><T57/><D113/><U67/><E127/><V13/><F116/><W104/><G2/><T79/><D124/><U19/><E133/><V15/><F69/><W106/><G101/><T98/><D134/><U39/><E7/><V48/><F37/><W123/><G123/><T103/><D79/><N who="2" m="30282" /><F108/><W27/><G111/><T64/><D89/><U54/><E131/><V84/><F129/><W44/><G130/><T73/><D73/><U135/><E135/><V24/><F31/><W99/><G72/><T107/><D28/><U61/><E100/><V126/><F126/><W119/><G119/><T71/><D57/><N who="1" m="37327" /><E39/><V65/><F65/><W94/><REACH who="3" step="1"/><G38/><REACH who="3" ten="250,250,250,240" step="2"/><T74/><D74/><U10/><E30/><V9/><F102/><W68/><G68/><T43/><D71/><U87/><E87/><V55/><F84/><W95/><G95/><T58/><D64/><U34/><E85/><V47/><F80/><W109/><G109/><T97/><D107/><U114/><E83/><V0/><F0/><W22/><G22/><AGARI ba="0,1" hai="9,13,15,16,17,22,24,25,47,48,55" m="30282" machi="22" ten="30,7700,0" yaku="8,1,52,2,54,1" doraHai="12" who="2" fromWho="3" sc="250,0,250,0,250,87,240,-77" />
</Scene>
<Scene>
<INIT seed="1,0,0,3,4,105" ten="250,250,337,163" oya="1" hai0="81,14,64,122,75,107,79,27,89,84,45,43,52" hai1="98,44,115,110,108,104,62,36,9,19,42,103,0" hai2="65,29,121,127,93,2,16,82,86,120,76,87,55" hai3="126,132,57,109,23,59,124,73,131,20,54,85,1"/><U3/><E115/><V111/><F2/><W46/><G1/><T135/><D135/><U106/><E106/><V37/><F37/><W6/><G6/><T13/><D122/><U68/><E68/><V61/><F111/><N who="1" m="42537" /><E62/><V18/><F29/><W88/><G109/><T116/><D116/><U26/><E26/><V133/><F133/><W41/><G132/><T40/><D107/><U31/><E31/><V118/><F118/><W35/><G35/><T33/><D27/><U12/><AGARI ba="0,0" hai="0,3,9,12,19,36,42,44,98,103,104" m="42537" machi="12" ten="30,3000,0" yaku="14,1,10,1" doraHai="105" who="1" fromWho="1" sc="250,-10,250,30,337,-10,163,-10" />
</Scene>
<Scene>
<INIT seed="1,1,0,5,2,131" ten="240,280,327,153" oya="1" hai0="115,7,73,119,16,61,62,129,84,12,24,133,0" hai1="90,56,102,66,135,134,19,45,63,39,30,23,11" hai2="114,25,96,109,72,126,2,42,85,37,111,20,104" hai3="86,10,120,28,71,77,52,94,75,91,110,70,4"/><U130/><E102/><N who="2" m="62535" /><F72/><W55/><G120/><T59/><D73/><U123/><E123/><V100/><F2/><W87/><G110/><N who="2" m="41993" /><F126/><W95/><G75/><T108/><D119/><U74/><E74/><V54/><F100/><W67/><G28/><T105/><D105/><U43/><E130/><V124/><F124/><W107/><G107/><T83/><D115/><U118/><E118/><V33/><F33/><W101/><G101/><T112/><D108/><U49/><E90/><V88/><F114/><W121/><G121/><T41/><D112/><U64/><E39/><V92/><F54/><W36/><G36/><T117/><D129/><U93/><E93/><V1/><F1/><W97/><G97/><T48/><D0/><U40/><E40/><V116/><F116/><W60/><G71/><T35/><D41/><U99/><E99/><V34/><F34/><W8/><G95/><T103/><D35/><U113/><E113/><V68/><F68/><W15/><REACH who="3" step="1"/><G10/><REACH who="3" ten="240,280,327,143" step="2"/><T76/><D103/><U79/><E11/><V57/><F37/><W128/><G128/><T44/><D117/><U127/><E127/><V26/><F92/><W9/><G9/><T81/><D83/><AGARI ba="1,1" hai="4,8,15,52,55,60,67,70,77,83,86,87,91,94" machi="83" ten="40,5200,0" yaku="1,1,54,1,53,1" doraHai="131" doraHaiUra="78" who="3" fromWho="0" sc="240,-55,280,0,327,0,143,65" />
</Scene>
<Scene>
<INIT seed="2,0,0,1,3,101" ten="185,280,327,208" oya="2" hai0="75,119,42,55,135,122,34,58,43,44,92,65,77" hai1="21,112,26,95,46,98,14,17,134,87,72,50,108" hai2="11,5,123,102,56,106,10,110,73,30,115,94,131" hai3="25,66,82,54,120,59,89,79,74,83,133,85,67"/><V41/><F123/><W8/><G120/><T128/><D34/><U20/><E72/><V39/><F115/><W113/><G113/><T12/><D122/><U52/><E112/><V9/><F131/><W97/><G133/><T109/><D119/><U76/><E134/><V1/><F94/><W125/><G125/><T51/><D128/><U28/><E108/><V78/><F30/><W107/><G25/><T18/><D135/><U62/><E62/><V37/><F56/><W100/><REACH who="3" step="1"/><G8/><REACH who="3" ten="185,280,327,198" step="2"/><T23/><D109/><U49/><E76/><V91/><F10/><W40/><G40/><T84/><D75/><U130/><E130/><V6/><F41/><W104/><G104/><T81/><D92/><U27/><E27/><V32/><F110/><W31/><G31/><T19/><D19/><U116/><E116/><V118/><F118/><W132/><G132/><T96/><D96/><U124/><E124/><V4/><F4/><W121/><G121/><T24/><D24/><U103/><E87/><V38/><F73/><W117/><G117/><T35/><D35/><U80/><E80/><V36/><F32/><W2/><G2/><T111/><D111/><U48/><AGARI ba="0,1" hai="14,17,20,21,26,28,46,48,49,50,52,95,98,103" machi="48" ten="30,4000,0" yaku="0,1,8,1,54,1" doraHai="101" who="1" fromWho="1" sc="185,-10,280,50,327,-20,198,-10" />
</Scene>
<Scene>
<INIT seed="3,0,0,4,4,85" ten="175,330,307,188" oya="3" hai0="90,4,19,100,14,123,130,132,89,49,71,5,57" hai1="60,79,92,121,43,44,67,114,133,18,94,84,6" hai2="59,46,29,40,64,22,76,45,126,108,20,17,68" hai3="110,116,87,32,99,39,135,75,122,111,30,9,8"/><W23/><G75/><T24/><D71/><U88/><E121/><V31/><F108/><N who="3" m="41515" /><G39/><T83/><D123/><U53/><E114/><V11/><F68/><W113/><G122/><T48/><D130/><U74/><E6/><N who="0" m="2665" /><D132/><U91/><E133/><V50/><F126/><W47/><G135/><T2/><D100/><U72/><E79/><V25/><F76/><W98/><G113/><T82/><D2/><U63/><E53/><V37/><F11/><N who="3" m="4171" /><G116/><T95/><D24/><U78/><E78/><V104/><F104/><W86/><G32/><T21/><D95/><U58/><E18/><V27/><F17/><W0/><G0/><T56/><D56/><U112/><E63/><V103/><F103/><W61/><G61/><T131/><D131/><U101/><E101/><V128/><F128/><W117/><G117/><T13/><D13/><U115/><E115/><V129/><F129/><W42/><G30/><T102/><D102/><U125/><E112/><V16/><F31/><W80/><G23/><T12/><D12/><U134/><E134/><V109/><F109/><W52/><G80/><N who="0" m="30763" /><D57/><U127/><E127/><V1/><F1/><W33/><G33/><T65/><D65/><U73/><E125/><V10/><F10/><W81/><G42/><T35/><D35/><U36/><E74/><V93/><F64/><W96/><G81/><T54/><D54/><U106/><E106/><V7/><F7/><W69/><G69/><T15/><D15/><U41/><E41/><N who="2" m="22703" /><F59/><W118/><G118/><T3/><D3/><U51/><E36/><V77/><F77/><W38/><G38/><RYUUKYOKU ba="0,0" sc="175,0,330,0,307,0,188,0" hai0="14,19,21,48,49,89,90" hai1="43,44,51,58,60,67,72,73,84,88,91,92,94" hai2="16,20,22,25,27,29,40,46,50,93" hai3="47,52,86,87,96,98,99" />
</Scene>
<Scene>
<INIT seed="3,1,0,4,3,117" ten="175,330,307,188" oya="3" hai0="8,130,15,48,63,131,54,80,21,38,119,135,70" hai1="4,102,36,116,44,40,68,41,107,76,105,32,42" hai2="121,92,134,109,33,86,111,129,62,120,94,103,126" hai3="34,60,77,112,81,71,47,75,28,88,108,9,124"/><W10/><G112/><T133/><D38/><U29/><E68/><V91/><F126/><W56/><G71/><T61/><D80/><U1/><E116/><V2/><F129/><N who="0" m="49162" /><D21/><U14/><E14/><V30/><F134/><N who="0" m="51210" /><D119/><U84/><E102/><V27/><F2/><W5/><G124/><T31/><D31/><U96/><E96/><N who="2" m="59799" /><F62/><N who="0" m="23562" /><D8/><U93/><E29/><V132/><F132/><W98/><G108/><AGARI ba="1,0" hai="27,30,33,86,91,92,108,109,111,120,121" m="59799" machi="108" ten="30,3900,0" yaku="14,1,52,2" doraHai="117" who="2" fromWho="3" sc="175,0,330,0,307,42,188,-42" />
</Scene>
<Scene>
<INIT seed="4,0,0,3,0,122" ten="175,330,349,146" oya="0" hai0="24,23,60,56,54,61,7,52,115,49,135,116,110" hai1="26,46,6,94,31,39,30,114,101,119,89,99,59" hai2="64,27,43,90,102,129,40,77,8,85,67,105,109" hai3="42,53,121,62,84,103,4,22,93,72,78,45,126"/><T57/><D116/><U106/><E119/><V37/><F109/><W0/><G121/><T5/><D135/><U113/><E6/><V19/><F37/><W107/><G126/><T51/><D110/><U127/><E127/><V48/><F105/><W29/><G107/><T13/><D115/><N who="1" m="44043" /><E59/><V66/><F102/><W104/><G104/><T17/><D24/><U32/><E31/><V36/><F36/><W71/><G72/><T83/><REACH who="0" step="1"/><D83/><REACH who="0" ten="165,330,349,146" step="2"/><U87/><E26/><V1/><F27/><W55/><G29/><T34/><D34/><U92/><E30/><V69/><F129/><W88/><G78/><T10/><D10/><U58/><E32/><V2/><F8/><W70/><G22/><T124/><D124/><U20/><E20/><V117/><F77/><W76/><G76/><T74/><D74/><U111/><E111/><V9/><F9/><W15/><G0/><T79/><D79/><U82/><E82/><V21/><F117/><W35/><G35/><T50/><AGARI ba="0,1" hai="5,7,13,17,23,49,50,51,52,54,56,57,60,61" machi="50" ten="30,12000,1" yaku="1,1,0,1,9,1,8,1,54,1,53,0" doraHai="122" doraHaiUra="130" who="0" fromWho="0" sc="165,130,330,-40,349,-40,146,-40" />
</Scene>
<Scene>
<INIT seed="4,1,0,4,4,95" ten="295,290,309,106" oya="0" hai0="88,3,59,22,109,58,127,72,65,121,6,92,20" hai1="74,53,104,64,129,122,12,82,71,54,73,46,16" hai2="27,114,19,120,48,1,107,69,76,91,132,18,67" hai3="115,68,100,4,44,80,29,50,70,5,133,23,123"/><T42/><D121/><U13/><E122/><V97/><F120/><W15/><G123/><RYUUKYOKU type="kaze4" ba="1,0" sc="295,0,290,0,309,0,106,0" />
</Scene>
<Scene>
<INIT seed="4,2,0,5,1,3" ten="295,290,309,106" oya="0" hai0="125,43,30,69,117,71,45,57,39,78,61,37,8" hai1="92,122,128,119,72,133,18,91,70,15,68,55,110" hai2="54,93,1,34,5,109,96,76,14,32,108,65,100" hai3="7,101,105,79,90,31,36,120,107,13,25,118,111"/><T16/><D117/><U6/><E119/><V42/><F65/><W106/><G118/><T64/><D125/><U12/><E122/><V104/><F42/><W85/><G120/><T126/><D126/><U113/><E110/><V103/><F1/><W26/><G36/><T19/><D39/><U28/><E72/><V49/><F104/><W44/><G111/><T89/><D30/><U58/><E28/><V95/><F76/><W24/><G79/><T87/><D78/><U123/><E123/><V73/><F73/><W80/><G44/><T38/><D38/><U40/><E40/><V102/><F108/><W99/><REACH who="3" step="1"/><G31/><REACH who="3" ten="295,290,309,96" step="2"/><T9/><D37/><U29/><E29/><V86/><F109/><W114/><G114/><T81/><D45/><U88/><E113/><V0/><F32/><W22/><G22/><T130/><D8/><AGARI ba="2,1" hai="7,8,13,24,25,26,80,85,90,99,101,105,106,107" machi="8" ten="40,2600,0" yaku="1,1,52,1,53,0" doraHai="3" doraHaiUra="132" who="3" fromWho="0" sc="295,-32,290,0,309,0,96,42" />
</Scene>
<Scene>
<INIT seed="5,0,0,3,3,69" ten="263,290,309,138" oya="1" hai0="30,80,68,45,1,91,42,33,129,16,79,5,37" hai1="90,111,71,75,65,31,26,62,128,59,12,108,134" hai2="125,106,124,122,38,11,13,85,107,74,126,46,97" hai3="100,66,112,36,120,6,47,54,40,133,132,81,2"/><U70/><E75/><V57/><F74/><W95/><G120/><T48/><D129/><U88/><E128/><V4/><F122/><W8/><G112/><T27/><D68/><N who="1" m="26155" /><E12/><V105/><F57/><W55/><G66/><T39/><D91/><U102/><E102/><N who="2" m="62671" /><F85/><W7/><G7/><T24/><D1/><U21/><E134/><N who="3" m="51818" /><G81/><T58/><D5/><U104/><E104/><V63/><F63/><W72/><G72/><T61/><D80/><U19/><E31/><V82/><F82/><W50/><G50/><T78/><D78/><U28/><E28/><V35/><F35/><W115/><G115/><T9/><D79/><U135/><E135/><V101/><F101/><W60/><G60/><T34/><D34/><U77/><E77/><V86/><F86/><W113/><G113/><T123/><D123/><U116/><E116/><V41/><AGARI ba="0,0" hai="4,11,13,38,41,46,106,107,124,125,126" m="62671" machi="41" ten="40,2700,0" yaku="18,1,52,1" doraHai="69" who="2" fromWho="2" sc="263,-7,290,-13,309,27,138,-7" />
</Scene>
<Scene>
<INIT seed="6,0,0,4,4,4" ten="256,277,336,131" oya="2" hai0="39,22,69,62,118,49,131,64,41,25,55,8,129" hai1="108,102,91,38,10,88,94,3,58,59,132,27,12" hai2="36,111,114,60,80,121,43,119,53,56,0,76,16" hai3="70,81,122,126,71,18,47,124,32,1,45,110,117"/><V82/><F114/><W9/><G110/><T46/><D118/><U68/><E68/><V72/><F121/><W87/><G117/><T66/><D66/><U97/><E108/><V84/><F119/><W123/><G32/><T73/><D73/><U83/><E38/><V113/><F113/><W115/><G115/><T127/><D127/><U99/><E132/><V89/><F0/><W54/><G1/><T74/><D74/><U95/><E3/><V79/><F79/><W134/><G87/><T101/><D101/><U105/><E27/><V86/><F72/><W63/><G81/><T78/><D78/><U5/><REACH who="1" step="1"/><E83/><REACH who="1" ten="256,267,336,131" step="2"/><V30/><F36/><W135/><G70/><T20/><D25/><U90/><E90/><V33/><F80/><W31/><G71/><T44/><D131/><U133/><E133/><V98/><F89/><W29/><G134/><T52/><D129/><U51/><E51/><V116/><F82/><W35/><G135/><T106/><D106/><U61/><E61/><V19/><F76/><W26/><G63/><T100/><D100/><U15/><E15/><V120/><F60/><W104/><G104/><T85/><D39/><U17/><E17/><V57/><F19/><W28/><G26/><T21/><D49/><U67/><E67/><V48/><F111/><W7/><G18/><T11/><D64/><U96/><AGARI ba="0,1" hai="5,10,12,58,59,88,91,94,95,96,97,99,102,105" machi="96" ten="20,12000,2" yaku="1,1,0,1,7,1,9,1,52,1,54,1,53,0" doraHai="4" doraHaiUra="13" who="1" fromWho="1" sc="256,-30,267,130,336,-60,131,-30" />
</Scene>
<Scene>
<INIT seed="7,0,0,2,3,133" ten="226,397,276,101" oya="3" hai0="111,79,112,20,9,60,13,52,77,26,48,49,54" hai1="42,8,64,10,86,132,45,36,71,65,75,90,83" hai2="118,124,16,87,46,5,114,7,63,105,109,0,14" hai3="73,1,23,40,113,51,82,62,125,92,35,34,58"/><W2/><G113/><T61/><D111/><U119/><E132/><V70/><F109/><W43/><G23/><T89/><D112/><U57/><E119/><V94/><F105/><W99/><G125/><T37/><D37/><U44/><E75/><V66/><F114/><W108/><G108/><T127/><D127/><U101/><E101/><V91/><F118/><W74/><G82/><T96/><D96/><U28/><E45/><V84/><F0/><W72/><G2/><T41/><D41/><U128/><E128/><V121/><F124/><W38/><G1/><T55/><D89/><U30/><E71/><V117/><F117/><W122/><G38/><T106/><D106/><U6/><E10/><V22/><F121/><W12/><G122/><T68/><D68/><U129/><E129/><V25/><F87/><W21/><G35/><T39/><D39/><U15/><E64/><V33/><F46/><W131/><G34/><T29/><D61/><U50/><E36/><V11/><REACH who="2" step="1"/><F33/><REACH who="2" ten="226,397,266,101" step="2"/><W24/><G131/><T107/><D107/><U100/><E86/><V76/><F76/><W56/><G12/><T88/><D60/><U19/><E15/><V126/><F126/><W135/><G135/><T104/><D104/><U53/><E44/><V59/><F59/><N who="3" m="22571" /><G62/><T93/><D79/><U80/><E57/><V103/><F103/><N who="3" m="60903" /><G51/><T120/><D120/><U47/><E50/><V97/><F97/><W67/><G67/><T130/><D130/><U81/><E65/><V102/><F102/><W31/><G73/><T3/><D3/><U123/><E100/><V78/><F78/><RYUUKYOKU ba="0,1" sc="226,-15,397,-15,266,15,101,15" hai2="5,7,11,14,16,22,25,63,66,70,84,91,94" hai3="21,24,31,40,43,72,74" />
</Scene>
<Scene>
<INIT seed="7,1,1,1,4,47" ten="211,382,281,116" oya="3" hai0="63,79,78,57,52,67,39,130,95,87,3,92,71" hai1="73,7,125,11,124,22,74,117,93,36,4,84,62" hai2="58,19,108,9,64,83,42,112,91,128,122,97,31" hai3="51,53,72,55,101,80,61,2,18,98,77,115,13"/><W14/><G2/><T29/><D3/><U81/><E36/><V116/><F112/><W118/><G118/><T94/><D39/><U28/><E117/><V48/><F128/><W126/><G115/><T54/><D130/><U10/><E62/><V41/><F108/><W100/><G126/><N who="1" m="48746" /><E93/><V123/><F116/><W17/><G61/><T103/><D103/><U38/><E38/><V106/><F31/><W45/><G55/><T49/><D29/><U133/><E133/><V35/><F35/><W88/><G88/><T111/><D111/><U44/><E44/><V5/><F19/><W21/><REACH who="3" step="1"/><G98/><REACH who="3" ten="211,382,281,106" step="2"/><T69/><D54/><U90/><E90/><V82/><F91/><W85/><G85/><T16/><D87/><U129/><E84/><V60/><F97/><W68/><G68/><T32/><D71/><U104/><E129/><V6/><F60/><W50/><G50/><T59/><D69/><U135/><E135/><V33/><F48/><W65/><G65/><T134/><D134/><U102/><E74/><V70/><F64/><W119/><G119/><T27/><D32/><U56/><E73/><V99/><F70/><W8/><AGARI ba="1,2" hai="8,13,14,17,18,21,45,51,53,72,77,80,100,101" machi="8" ten="20,7800,0" yaku="1,1,0,1,7,1,52,1,53,0" doraHai="47" doraHaiUra="132" who="3" fromWho="3" sc="211,-27,382,-27,281,-27,106,101" />
</Scene>
<Scene>
<INIT seed="7,2,0,4,2,107" ten="184,355,254,207" oya="3" hai0="105,126,50,79,24,73,118,28,45,9,44,12,27" hai1="6,96,82,117,39,13,62,108,14,110,128,122,102" hai2="98,72,93,5,21,127,10,81,89,52,115,38,92" hai3="51,80,29,97,54,130,32,59,77,101,47,86,113"/><W94/><G113/><T46/><D118/><U37/><E122/><V58/><F127/><W36/><G130/><T43/><D126/><U75/><E62/><V4/><F38/><W87/><G32/><T53/><D105/><U0/><E0/><V134/><F134/><W129/><G129/><T55/><D27/><U71/><E71/><V123/><F123/><W121/><G121/><T60/><D79/><U124/><E124/><V83/><F115/><W116/><G116/><T17/><D73/><U119/><E128/><V78/><F83/><W40/><REACH who="3" step="1"/><G29/><REACH who="3" ten="184,355,254,197" step="2"/><T69/><D43/><U42/><E42/><V132/><F132/><W91/><G91/><T67/><D55/><U64/><E119/><V48/><F10/><W90/><G90/><T74/><REACH who="0" step="1"/><D74/><AGARI ba="2,1" hai="36,40,47,51,54,59,74,77,80,86,87,94,97,101" machi="74" ten="30,11600,0" yaku="1,1,7,1,52,1,53,1" doraHai="107" doraHaiUra="104" who="3" fromWho="0" sc="184,-122,355,0,254,0,197,132" />
</Scene>
<Scene>
<INIT seed="7,3,0,2,1,87" ten="62,355,254,329" oya="3" hai0="96,89,38,4,78,82,133,14,110,72,1,111,112" hai1="5,6,85,56,93,95,44,74,125,114,131,101,55" hai2="26,36,81,21,63,50,83,10,19,103,40,90,123" hai3="41,30,120,116,57,67,8,34,65,121,42,62,16"/><W52/><G116/><T24/><D133/><U28/><E74/><V106/><F36/><W25/><G121/><T51/><D112/><U2/><E2/><V115/><F115/><W70/><G120/><T29/><D14/><U109/><E109/><V68/><F106/><W3/><G65/><T108/><D51/><N who="1" m="29159" /><E114/><V126/><F126/><W135/><G135/><T92/><D38/><U69/><E69/><V17/><F103/><W11/><G11/><T104/><D4/><U98/><E125/><V35/><F35/><W46/><G46/><T7/><D1/><U118/><E118/><V88/><F68/><W73/><G73/><T13/><D7/><U45/><E45/><N who="2" m="25895" /><F123/><W100/><G100/><T132/><D13/><U54/><E131/><V23/><F63/><W119/><G119/><T134/><D24/><U64/><E64/><V80/><F10/><W15/><G3/><T102/><REACH who="0" step="1"/><D29/><REACH who="0" ten="52,355,254,329" step="2"/><U59/><E28/><V129/><F129/><W58/><G70/><T130/><D130/><U33/><E6/><V18/><F17/><W75/><G75/><T43/><D43/><U84/><E5/><V39/><F39/><W9/><G9/><T97/><AGARI ba="3,1" hai="72,78,82,89,92,96,97,102,104,108,110,111,132,134" machi="97" ten="40,12000,2" yaku="1,1,0,1,34,3,52,1,53,0" doraHai="87" doraHaiUra="0" who="0" fromWho="0" sc="52,139,355,-33,254,-33,329,-63" owari="191,-31.0,322,42.0,221,-18.0,266,7.0" />
</Scene>
</mjloggm>