<mjloggm ver="2.3"><GO type="169"/><UN n0="%E5%A4%AA%E3%81%8F%E3%81%AA%E3%81%84%E3%81%8A" n1="%E9%B7%B9%E3%82%88%E3%82%8A%EF%BC%A0%EF%BC%B3%EF%BC%A2" n2="%74%61%72%6F%6F" n3="%E3%81%BF%E3%81%BF%E3%81%9A" dan="18,16,17,17" rate="2161,2147,2186,2116" sx="M,M,M,M"/><TAIKYOKU oya="0"/>

<Scene>
<INIT seed="0,0,0,4,5,81" ten="250,250,250,250" oya="0" hai0="115,7,25,103,124,61,72,9,119,1,83,129,52" hai1="40,106,45,92,26,98,29,75,93,2,35,90,39" hai2="65,116,74,16,105,51,99,107,100,58,123,131,4" hai3="78,55,113,13,109,53,12,37,127,42,11,8,80"/><T135/><D119/><U96/><E2/><V73/><F123/><W125/><G113/><T89/><D115/><U122/><E122/><V64/><F116/><W28/><G28/><T102/><D124/><N who="3" m="47689" /><G109/><T18/><D129/><U94/><REACH who="1" step="1"/><E75/><REACH who="1" ten="250,240,250,250" step="2"/><V17/><F74/><N who="3" m="43095" /><G37/><T48/><D72/><U46/><E46/><V21/><F73/><W95/><G42/><T85/><D135/><U121/><E121/><V104/><F131/><W71/><G71/><T117/><D117/><U41/><E41/><V101/><F4/><N who="3" m="3079" /><G95/><T38/><D38/><U70/><E70/><V31/><F105/><W66/><G66/><T24/><D1/><U44/><E44/><V97/><F64/><W32/><G32/><T10/><D7/><AGARI ba="0,1" hai="7,11,13,53,55" m="3079,43095,47689" machi="7" ten="30,1000,0" yaku="18,1" doraHai="81" who="3" fromWho="0" sc="250,-10,240,0,250,0,250,20" />
</Scene>
<Scene>
<INIT seed="1,0,0,3,4,112" ten="240,240,250,270" oya="1" hai0="39,48,25,104,124,15,114,21,116,128,135,108,122" hai1="68,45,50,107,44,72,91,59,6,93,99,79,47" hai2="125,32,8,28,71,22,129,33,27,29,94,98,113" hai3="106,85,7,63,81,102,103,89,119,96,101,40,9"/><U55/><E68/><V123/><F71/><W2/><G119/><T74/><D48/><U75/><E6/><V54/><F123/><W134/><G134/><T64/><D15/><U115/><E115/><V77/><F77/><W97/><G40/><T65/><D21/><U24/><E107/><V76/><F76/><W31/><G31/><T23/><D23/><U100/><E100/><V118/><F8/><W110/><G110/><T86/><D86/><U46/><E24/><V14/><F14/><W66/><REACH who="3" step="1"/><G97/><REACH who="3" ten="240,240,250,260" step="2"/><T16/><D116/><U95/><E79/><V57/><F118/><W37/><G37/><T121/><D39/><U109/><E109/><V132/><F113/><W127/><G127/><T36/><D124/><U1/><E1/><V5/><F132/><W69/><AGARI ba="0,1" hai="2,7,9,63,66,69,81,85,89,96,101,102,103,106" machi="69" ten="20,2700,0" yaku="1,1,0,1,7,1,53,0" doraHai="112" doraHaiUra="52" who="3" fromWho="3" sc="240,-7,240,-13,250,-7,260,37" />
</Scene>
<Scene>
<INIT seed="2,0,0,3,3,73" ten="233,227,243,297" oya="2" hai0="40,86,71,76,124,20,41,68,121,111,16,12,47" hai1="74,52,95,9,104,96,131,79,80,82,57,31,120" hai2="23,46,83,1,59,38,22,81,78,125,30,37,61" hai3="102,64,93,21,135,44,8,0,119,109,116,75,112"/><V13/><F1/><W19/><G75/><T91/><D121/><U55/><E131/><V85/><F125/><W28/><G109/><T39/><D111/><U25/><E120/><V90/><F23/><W45/><G135/><T58/><D124/><U94/><E55/><V126/><F126/><W114/><G64/><T110/><D110/><U106/><E9/><V27/><F13/><N who="3" m="7591" /><G0/><T62/><D41/><U72/><E94/><V51/><F61/><W89/><G102/><T132/><D132/><U100/><E80/><V99/><F59/><W108/><G108/><T98/><D98/><U48/><REACH who="1" step="1"/><E74/><REACH who="1" ten="233,217,243,297" step="2"/><V56/><F99/><N who="3" m="57775" /><G119/><T77/><D68/><U128/><E128/><V67/><F67/><W118/><G116/><T7/><D71/><U65/><E65/><V33/><F83/><W129/><G118/><T133/><D133/><U113/><E113/><V14/><F81/><W42/><G129/><T63/><D7/><U50/><E50/><V122/><F51/><W34/><G112/><T49/><D39/><U69/><E69/><V66/><F38/><W127/><G114/><T2/><D2/><U29/><E29/><V70/><F30/><W5/><G28/><T6/><D6/><U26/><E26/><V115/><F27/><W10/><G5/><T92/><D62/><U103/><E103/><V15/><F122/><W4/><G4/><T24/><D24/><U36/><E36/><V17/><F115/><W123/><G123/><T84/><D84/><U87/><E87/><V18/><F70/><W60/><G127/><T43/><D43/><U88/><E88/><RYUUKYOKU ba="0,1" sc="233,15,217,15,243,-15,297,-15" hai0="12,16,20,40,47,49,58,63,76,77,86,91,92" hai1="25,31,48,52,57,72,79,82,95,96,100,104,106" />
</Scene>
<Scene>
<INIT seed="3,1,1,0,1,12" ten="248,232,228,282" oya="3" hai0="118,44,59,112,28,51,62,46,70,133,16,122,129" hai1="14,75,79,15,0,45,68,58,42,94,109,47,20" hai2="96,24,108,27,17,9,3,116,64,72,31,132,74" hai3="90,71,100,40,95,32,1,55,4,89,115,97,10"/><W125/><G115/><T117/><D28/><U85/><E0/><V107/><F116/><W29/><G125/><T39/><D122/><U126/><E68/><V38/><F38/><W82/><G40/><N who="0" m="22559" /><D16/><N who="1" m="10263" /><E109/><V8/><F108/><W123/><G123/><T98/><D98/><U102/><E75/><V103/><F132/><W67/><G55/><N who="0" m="30199" /><D133/><U87/><E42/><V124/><F124/><W63/><G82/><T69/><D112/><U37/><E37/><V77/><F77/><W105/><REACH who="3" step="1"/><G95/><REACH who="3" ten="248,232,228,272" step="2"/><T25/><D118/><U48/><E126/><V13/><F107/><W22/><G22/><T54/><D117/><U41/><E47/><V91/><F9/><W21/><G21/><T53/><D54/><U134/><E134/><V26/><F8/><W34/><G34/><T106/><D106/><U130/><E45/><V120/><F120/><W104/><G104/><T78/><D53/><N who="1" m="32039" /><E41/><V99/><F31/><W49/><G49/><T33/><D33/><U84/><E130/><V18/><F103/><W81/><G81/><T101/><D101/><U7/><E79/><V2/><F64/><W88/><G88/><T23/><D78/><U6/><E15/><V92/><F13/><W52/><G52/><N who="0" m="34151" /><D129/><U57/><E57/><V65/><F2/><W66/><G66/><T19/><D69/><U111/><E111/><V56/><F3/><W60/><G60/><T128/><D70/><U110/><E110/><V131/><F131/><W76/><G76/><T5/><D128/><U93/><E102/><V119/><F119/><W36/><G36/><T43/><D43/><U35/><E35/><RYUUKYOKU ba="1,2" sc="248,10,232,10,228,-30,272,10" hai0="5,19,23,25" hai1="6,7,84,85,87,93,94" hai3="1,4,10,29,32,63,67,71,89,90,97,100,105" />
</Scene>
<Scene>
<INIT seed="3,2,2,2,3,129" ten="258,242,198,282" oya="3" hai0="54,114,73,13,50,42,31,66,113,127,69,5,81" hai1="44,97,19,29,118,17,16,45,4,74,122,132,28" hai2="35,68,124,116,105,126,72,96,130,88,37,99,32" hai3="49,15,11,87,39,22,107,102,34,86,111,8,135"/><W78/><G39/><T43/><D127/><N who="2" m="48682" /><F116/><W71/><G34/><N who="2" m="12841" /><F130/><W1/><G71/><T70/><D31/><N who="1" m="11851" /><E74/><V134/><F37/><W93/><G107/><T33/><D33/><U110/><E122/><V123/><F123/><W131/><G131/><T89/><D5/><U94/><E118/><V112/><F72/><W91/><G102/><T109/><D13/><U26/><E132/><V100/><F68/><N who="0" m="26218" /><D66/><U46/><E110/><V27/><F27/><W51/><G135/><T115/><D109/><U23/><E4/><V121/><F121/><W79/><G111/><T90/><D73/><U62/><E62/><V47/><F47/><W106/><G106/><T20/><D20/><U55/><E55/><V95/><F112/><W101/><G101/><AGARI ba="2,2" hai="16,17,19,23,26,44,45,46,94,97,101" m="11851" machi="101" ten="30,2000,0" yaku="8,1,54,1" doraHai="129" who="1" fromWho="3" sc="258,0,242,46,198,0,282,-26" />
</Scene>
<Scene>
<INIT seed="4,0,0,0,5,106" ten="258,288,198,256" oya="0" hai0="122,73,118,9,59,124,104,98,74,115,38,100,25" hai1="8,39,123,101,1,76,86,107,119,66,17,87,114" hai2="26,43,6,133,134,94,111,28,78,121,13,40,32" hai3="31,89,56,53,116,5,42,83,10,7,75,93,3"/><T50/><D122/><U126/><E39/><V67/><F121/><W19/><G116/><T52/><D118/><U62/><E123/><V47/><F111/><W72/><G31/><T20/><D38/><U70/><E119/><V29/><F29/><W55/><G42/><T60/><D115/><U108/><E108/><V99/><F67/><W49/><G83/><T85/><D124/><U79/><E126/><V130/><F130/><W80/><G80/><T105/><D105/><U117/><E117/><V23/><F78/><W24/><G7/><T97/><D97/><U71/><E71/><V113/><F113/><W112/><G112/><T33/><D33/><U27/><E114/><V2/><F47/><W58/><G19/><T18/><D85/><U4/><E86/><V77/><F77/><W30/><G89/><T34/><D34/><U81/><E76/><V64/><F64/><W102/><G93/><T131/><D131/><U41/><E41/><V65/><F65/><W82/><G82/><T90/><D90/><U68/><E68/><V46/><F46/><W54/><G102/><T103/><D103/><U45/><E45/><V109/><F109/><W37/><G37/><T91/><D91/><U16/><REACH who="1" step="1"/><E27/><REACH who="1" ten="258,278,198,256" step="2"/><V135/><F40/><W21/><REACH who="3" step="1"/><G49/><REACH who="3" ten="258,278,198,246" step="2"/><T95/><D50/><U84/><E84/><V12/><F43/><W125/><G125/><T0/><REACH who="0" step="1"/><D104/><REACH who="0" ten="248,278,198,246" step="2"/><U48/><E48/><V120/><F120/><W92/><G92/><T128/><D128/><U57/><E57/><AGARI ba="0,3" hai="3,5,10,21,24,30,53,54,55,56,57,58,72,75" machi="57" ten="40,5200,0" yaku="1,1,52,2,53,0" doraHai="106" doraHaiUra="110" who="3" fromWho="1" sc="248,0,278,-52,198,0,246,82" />
</Scene>
<Scene>
<INIT seed="5,0,0,1,5,53" ten="248,226,198,328" oya="1" hai0="66,0,99,33,129,1,5,41,62,61,113,135,91" hai1="72,17,32,80,45,56,79,51,126,28,42,69,49" hai2="10,77,127,57,88,98,68,21,95,114,29,27,7" hai3="46,115,38,87,70,93,123,106,6,19,67,85,125"/><U117/><E117/><V92/><F68/><W111/><G106/><T63/><D33/><U44/><E126/><V65/><F127/><W20/><G125/><T74/><D74/><U78/><E69/><V112/><F77/><W82/><G111/><T39/><D113/><N who="2" m="43626" /><F92/><W75/><G115/><T14/><D66/><U134/><E134/><V11/><F7/><W110/><G123/><T131/><D135/><U4/><E4/><V18/><F29/><W36/><G110/><T104/><D41/><U100/><E100/><V2/><F2/><W37/><G6/><T3/><D39/><U101/><E101/><V25/><F25/><W26/><G46/><T116/><D116/><U130/><E79/><V22/><F22/><W13/><G75/><T76/><D76/><U24/><E130/><N who="0" m="49673" /><D104/><U121/><E17/><V128/><F128/><W35/><G93/><N who="0" m="56767" /><D14/><U109/><E109/><V89/><F89/><W108/><G108/><T71/><D71/><U54/><REACH who="1" step="1"/><E121/><REACH who="1" ten="248,216,198,328" step="2"/><V43/><F43/><W48/><G70/><T133/><D133/><U90/><E90/><V9/><F9/><AGARI ba="0,1" hai="0,1,3,5,9,61,62,63" m="56767,49673" machi="9" ten="30,1000,0" yaku="19,1" doraHai="53" who="0" fromWho="2" sc="248,20,216,0,198,-10,328,0" />
</Scene>
<Scene>
<INIT seed="6,0,0,4,0,36" ten="268,216,188,328" oya="2" hai0="25,42,112,52,5,0,24,83,9,117,57,89,67" hai1="118,35,113,72,93,132,115,31,55,128,14,28,15" hai2="101,122,39,64,78,111,12,22,4,34,29,51,102" hai3="19,103,94,46,96,16,124,120,84,95,33,133,60"/><V75/><F122/><W79/><G120/><T90/><D67/><U41/><E72/><V7/><F39/><W66/><G124/><T100/><D100/><U62/><E118/><V87/><F75/><W10/><G33/><T11/><D117/><U27/><E132/><V110/><F64/><W69/><G133/><T2/><D112/><U77/><E77/><V32/><F78/><W30/><G30/><T76/><D42/><U47/><E31/><V37/><F37/><W105/><G46/><T129/><D129/><U23/><E93/><V126/><F87/><W114/><G114/><N who="1" m="43530" /><E128/><V73/><F73/><W97/><G10/><T58/><D76/><U18/><E62/><V40/><F101/><W86/><G105/><T8/><D83/><U91/><E55/><V1/><F102/><W3/><G3/><T99/><D99/><U68/><E68/><V20/><F1/><W21/><G79/><T13/><D0/><U74/><E74/><V88/><F88/><N who="0" m="33898" /><D2/><U71/><E71/><V92/><F92/><W65/><G69/><T54/><D54/><U17/><E91/><V45/><F126/><W81/><G103/><T130/><D130/><U48/><E35/><N who="2" m="13355" /><F29/><W38/><G38/><T70/><D70/><U109/><E109/><N who="2" m="41483" /><F20/><W135/><G21/><T98/><D98/><U131/><E131/><V80/><F80/><W125/><G125/><T82/><D82/><U63/><E63/><V49/><F49/><W134/><G81/><T107/><D107/><U56/><E56/><N who="0" m="21609" /><D52/><U59/><E59/><V119/><F119/><W50/><G60/><T127/><D127/><RYUUKYOKU ba="0,0" sc="268,0,216,0,188,0,328,0" hai0="5,8,9,11,13,24,25" hai1="14,15,17,18,23,27,28,41,47,48" hai2="4,7,12,22,40,45,51" hai3="16,19,50,65,66,84,86,94,95,96,97,134,135" />
</Scene>
<Scene>
<INIT seed="6,1,0,3,0,2" ten="268,216,188,328" oya="2" hai0="132,96,99,62,125,54,39,128,6,83,53,88,109" hai1="44,16,64,87,45,24,14,80,12,84,7,46,27" hai2="131,28,51,108,65,116,48,26,34,113,92,73,117" hai3="49,50,101,52,70,103,36,72,81,1,35,69,23"/><V119/><F73/><W123/><G35/><T115/><D109/><U82/><E64/><V100/><F108/><W5/><G36/><T60/><D39/><U21/><E27/><V105/><F105/><W67/><G123/><T93/><D115/><U41/><E41/><V22/><F113/><W111/><G111/><T98/><D125/><U33/><E33/><V94/><F131/><W102/><G23/><T29/><D128/><U112/><E112/><V4/><F34/><W118/><G118/><T57/><D132/><U135/><E135/><V58/><F92/><W91/><G67/><T76/><D29/><U75/><E75/><V8/><F100/><W11/><G50/><T79/><D6/><U122/><E122/><V47/><F94/><W25/><G25/><T89/><D93/><U85/><E7/><V114/><F114/><W133/><G133/><T126/><D126/><U68/><REACH who="1" step="1"/><E68/><REACH who="1" ten="268,206,188,328" step="2"/><V110/><F110/><W66/><G66/><T120/><D120/><U95/><E95/><V10/><F65/><W74/><G74/><T90/><D83/><AGARI ba="1,1" hai="12,14,16,21,24,44,45,46,80,82,83,84,85,87" machi="83" ten="40,8000,1" yaku="1,1,8,1,54,1,53,1" doraHai="2" doraHaiUra="19" who="1" fromWho="0" sc="268,-83,206,93,188,0,328,0" />
</Scene>
<Scene>
<INIT seed="7,0,0,2,0,58" ten="185,299,188,328" oya="3" hai0="80,68,56,20,25,9,107,1,43,112,118,67,97" hai1="47,115,119,105,18,34,7,96,32,131,63,26,21" hai2="125,37,91,93,5,71,12,38,113,124,44,101,98" hai3="116,42,11,121,110,3,29,89,46,86,109,75,134"/><W123/><G116/><T49/><D118/><U83/><E119/><V111/><F111/><N who="3" m="42507" /><G75/><T120/><D120/><U19/><E131/><V8/><F113/><W126/><G126/><N who="2" m="48745" /><F71/><W74/><G74/><T99/><D68/><U40/><E115/><V94/><F44/><W35/><G134/><T85/><D112/><U64/><E83/><V106/><F106/><W61/><G61/><N who="0" m="38311" /><D1/><U23/><E7/><V48/><F48/><N who="3" m="26711" /><G29/><N who="0" m="17575" /><D107/><U41/><E32/><V2/><F2/><W14/><G3/><T127/><D9/><U117/><E117/><V114/><F114/><W108/><G35/><T132/><D132/><U128/><E128/><V103/><F103/><W16/><G108/><T39/><D39/><U70/><E47/><V79/><F79/><W69/><G69/><T84/><D127/><U15/><REACH who="1" step="1"/><E34/><REACH who="1" ten="185,289,188,328" step="2"/><V10/><F10/><W90/><G90/><N who="0" m="51463" /><D85/><AGARI ba="0,1" hai="5,8,12,37,38,85,91,93,94,98,101" m="48745" machi="85" ten="30,1000,0" yaku="18,1" doraHai="58" who="2" fromWho="0" sc="185,-10,289,0,188,20,328,0" owari="175,-32.0,289,9.0,208,-19.0,328,42.0" />
</Scene>
</mjloggm>