<mjloggm ver="2.3"><GO type="225"/><UN n0="%E3%83%81%E3%83%A3%E3%82%AA%E3%83%AA" n1="%E3%81%82%E3%82%93%E3%81%96%E3%82%93" n2="%61%6B%62%70%6C%75%73" n3="%E5%A4%AA%E3%81%8F%E3%81%AA%E3%81%84%E3%81%8A" dan="16,16,16,16" rate="2114,2150,2109,2089" sx="M,M,M,M"/><TAIKYOKU oya="0"/>

<Scene>
<INIT seed="0,0,0,5,0,89" ten="250,250,250,250" oya="0" hai0="113,23,135,15,44,92,54,87,114,115,119,88,24" hai1="47,19,100,33,58,30,133,62,56,35,126,32,17" hai2="16,31,97,22,27,73,125,34,6,109,70,108,124" hai3="80,128,117,85,40,84,90,134,8,72,131,105,112"/><T132/><D15/><U130/><E130/><N who="3" m="49706" /><G40/><T74/><D74/><U77/><E133/><N who="0" m="51273" /><D119/><U68/><E126/><N who="2" m="48747" /><F70/><W48/><G134/><T67/><D67/><U129/><E129/><V14/><F73/><W59/><G117/><T75/><D75/><U86/><E30/><V55/><F55/><N who="3" m="32231" /><G112/><T60/><D44/><U28/><E47/><V116/><F116/><W12/><G105/><T103/><D103/><U37/><E100/><V95/><F6/><N who="3" m="3095" /><G90/><AGARI ba="0,0" hai="14,16,22,27,31,34,90,95,97,108,109" m="48747" machi="90" ten="30,3900,0" yaku="18,1,52,1,54,1" doraHai="89" who="2" fromWho="3" sc="250,0,250,0,250,39,250,-39" />
</Scene>
<Scene>
<INIT seed="1,0,0,5,0,36" ten="250,250,289,211" oya="1" hai0="11,76,44,87,31,79,127,105,132,46,82,41,109" hai1="29,120,92,80,83,34,67,68,106,26,128,28,43" hai2="125,135,96,70,73,112,56,4,62,93,111,42,103" hai3="5,100,102,119,49,33,54,107,58,118,74,84,95"/><U8/><E106/><V113/><F111/><W15/><G74/><T37/><D105/><U134/><E120/><V30/><F73/><W99/><G33/><T48/><D132/><U12/><E29/><V61/><F135/><W97/><REACH who="3" step="1"/><G84/><REACH who="3" ten="250,250,289,201" step="2"/><T53/><D109/><U6/><E134/><V129/><F113/><W114/><G114/><T78/><D127/><U19/><E128/><V1/><F125/><W20/><G20/><T117/><D117/><U38/><E6/><V60/><F4/><W116/><G116/><T57/><D11/><AGARI ba="0,1" hai="5,11,15,49,54,58,95,97,99,100,102,107,118,119" machi="11" ten="40,1300,0" yaku="1,1,53,0" doraHai="36" doraHaiUra="69" who="3" fromWho="0" sc="250,-13,250,0,289,0,201,23" />
</Scene>
<Scene>
<INIT seed="2,0,0,4,0,113" ten="237,250,289,224" oya="2" hai0="86,55,129,135,124,80,133,23,84,78,54,8,52" hai1="66,37,26,16,43,91,76,22,97,41,46,19,108" hai2="10,114,130,126,132,64,34,90,9,96,72,89,61" hai3="106,20,33,21,3,128,105,47,92,88,5,102,15"/><V134/><F34/><W71/><G33/><T121/><D121/><U49/><E108/><V93/><F114/><W123/><G123/><T50/><D129/><U75/><E66/><V125/><F72/><W11/><G71/><T120/><D120/><U70/><E70/><N who="2" m="42255" /><F89/><W81/><G128/><T110/><D110/><U127/><E127/><N who="2" m="48651" /><F130/><W25/><G47/><N who="0" m="27743" /><D8/><AGARI ba="0,0" hai="8,9,10,90,93,96,132,134" m="48651,42255" machi="8" ten="30,1500,0" yaku="18,1" doraHai="113" who="2" fromWho="0" sc="237,-15,250,0,289,15,224,0" />
</Scene>
<Scene>
<INIT seed="2,1,0,4,1,7" ten="222,250,304,224" oya="2" hai0="76,26,97,71,75,57,42,52,110,95,83,123,126" hai1="25,105,45,32,15,117,127,120,72,91,19,108,88" hai2="18,38,40,16,51,100,24,85,130,59,70,111,28" hai3="109,132,77,35,5,133,134,62,66,34,89,13,118"/><V129/><F70/><N who="3" m="42327" /><G118/><T11/><D71/><U36/><E105/><V41/><F100/><W54/><G109/><T93/><D123/><U2/><E2/><V46/><F111/><W116/><G116/><T0/><D110/><U8/><E72/><V44/><F85/><W56/><G77/><T29/><D42/><U98/><E108/><V64/><F64/><W22/><G89/><T79/><D79/><U78/><E78/><V74/><F59/><W65/><G65/><T114/><D126/><U113/><E127/><V115/><F74/><W21/><G5/><T53/><D114/><U102/><E113/><V73/><F73/><W94/><G94/><T84/><D75/><U33/><E33/><N who="3" m="12298" /><G13/><T9/><D0/><U104/><E117/><V23/><REACH who="2" step="1"/><F115/><REACH who="2" ten="222,250,294,224" step="2"/><W92/><G92/><T101/><D93/><U6/><E102/><V121/><F121/><W128/><G128/><AGARI ba="1,1" hai="16,18,23,24,28,38,40,41,44,46,51,128,129,130" machi="128" ten="40,7700,0" yaku="1,1,19,1,54,1,53,0" doraHai="7" doraHaiUra="86" who="2" fromWho="3" sc="222,0,250,0,294,90,224,-80" />
</Scene>
<Scene>
<INIT seed="2,2,0,5,3,111" ten="222,250,384,144" oya="2" hai0="80,8,97,95,50,109,57,115,15,53,22,42,27" hai1="82,84,18,67,117,91,83,113,56,114,119,130,19" hai2="32,25,43,36,14,127,66,74,13,23,48,86,64" hai3="124,69,70,85,4,26,21,131,118,11,46,132,49"/><V33/><F74/><W17/><G118/><T12/><D115/><N who="1" m="44043" /><E67/><V59/><F127/><W96/><G124/><T29/><D109/><U100/><E56/><V110/><F110/><W1/><G131/><T41/><D80/><N who="1" m="49543" /><E19/><V98/><F36/><W126/><G126/><T81/><D81/><N who="1" m="30731" /><E18/><V105/><F32/><W24/><G85/><T45/><D8/><U123/><E130/><V73/><F33/><W40/><G132/><T128/><D128/><U7/><E7/><V92/><F59/><W125/><G125/><T103/><REACH who="0" step="1"/><D42/><REACH who="0" ten="212,250,384,144" step="2"/><U87/><E123/><V5/><F43/><W10/><G10/><T6/><D6/><U99/><E87/><V94/><F86/><W52/><G40/><T77/><D77/><U39/><E39/><AGARI ba="2,1" hai="12,15,22,27,29,39,41,45,50,53,57,95,97,103" machi="39" ten="30,7700,0" yaku="1,1,7,1,53,2" doraHai="111" doraHaiUra="9" who="0" fromWho="1" sc="212,93,250,-83,384,0,144,0" />
</Scene>
<Scene>
<INIT seed="3,0,0,4,1,22" ten="305,167,384,144" oya="3" hai0="78,57,76,3,6,107,115,84,17,64,62,12,29" hai1="2,87,27,119,65,91,56,80,102,25,75,82,7" hai2="104,116,15,30,90,34,28,105,50,81,132,13,52" hai3="98,20,39,31,72,49,16,35,48,8,114,63,18"/><W23/><G114/><T126/><D107/><U1/><E119/><V129/><F116/><W95/><G39/><T89/><D29/><U37/><E37/><V96/><F129/><W21/><G72/><T94/><D126/><U122/><E122/><V109/><F109/><W66/><G35/><T14/><D3/><U4/><E2/><V123/><F132/><W106/><G106/><T92/><D92/><N who="1" m="54399" /><E1/><V134/><F134/><W33/><G33/><T93/><D93/><U43/><E102/><V130/><F130/><W118/><G118/><T69/><D69/><U117/><E43/><V128/><F128/><W110/><G110/><T86/><D86/><U0/><E0/><V26/><F30/><W41/><G31/><T44/><D44/><U40/><E40/><V36/><F36/><W85/><G85/><T135/><D94/><U70/><E70/><V67/><F123/><W99/><G99/><T101/><D101/><U53/><E65/><V55/><F67/><W19/><G8/><N who="0" m="4119" /><D115/><U120/><E75/><V59/><F105/><W32/><G32/><T10/><D135/><U42/><E42/><V125/><F125/><W131/><G131/><T124/><D124/><U54/><E120/><V61/><F104/><W112/><G112/><T88/><D84/><U38/><E38/><V121/><F121/><W68/><REACH who="3" step="1"/><G41/><REACH who="3" ten="305,167,384,134" step="2"/><T45/><D10/><U133/><E133/><V46/><F96/><W127/><G127/><T9/><D9/><U100/><E117/><V11/><F11/><W47/><G47/><T58/><D45/><U24/><E4/><V108/><F108/><RYUUKYOKU ba="0,1" sc="305,-15,167,-15,384,15,134,15" hai2="13,15,26,28,34,46,50,52,55,59,61,81,90" hai3="16,18,19,20,21,23,48,49,63,66,68,95,98" />
</Scene>
<Scene>
<INIT seed="3,1,1,3,0,91" ten="290,152,399,149" oya="3" hai0="62,10,70,135,33,41,76,101,71,30,28,2,49" hai1="57,96,21,8,90,124,11,4,88,60,27,69,87" hai2="32,114,17,107,16,39,36,72,26,108,100,89,40" hai3="53,105,55,121,127,35,68,132,59,106,46,75,15"/><W119/><G75/><T42/><D33/><U128/><E69/><V65/><F114/><W113/><G35/><T94/><D71/><U73/><E73/><V0/><F72/><W34/><G34/><T78/><D2/><U31/><E124/><V43/><F108/><W83/><G68/><T44/><D70/><U126/><E126/><V93/><F0/><W48/><G127/><T45/><D10/><N who="1" m="3627" /><E128/><V98/><F65/><W130/><G113/><T85/><D62/><U12/><E4/><V118/><F118/><W103/><G119/><T7/><D7/><U19/><E96/><V77/><F77/><N who="0" m="29802" /><D135/><U120/><E120/><V58/><F58/><W104/><G121/><T79/><D101/><U14/><E19/><V29/><F40/><N who="0" m="15466" /><D94/><N who="1" m="54559" /><E90/><V116/><F116/><W51/><G130/><T50/><D85/><U125/><E125/><V86/><F36/><W13/><G132/><T74/><D74/><U110/><E110/><V134/><F134/><W61/><G83/><T92/><D92/><U6/><E6/><V25/><F39/><W1/><G1/><T22/><D79/><U47/><E47/><V129/><F43/><W123/><G123/><T111/><D45/><U20/><E20/><N who="2" m="13447" /><F129/><W82/><G82/><T52/><D44/><U80/><E80/><V56/><F56/><W133/><G133/><T102/><D111/><U99/><E99/><V9/><F17/><W81/><G81/><T3/><D3/><U63/><E57/><V97/><F9/><W95/><REACH who="3" step="1"/><G61/><AGARI ba="1,1" hai="12,14,21,27,31,60,61,63" m="54559,3627" machi="61" ten="30,3900,0" yaku="8,1,52,1,54,1" doraHai="91" who="1" fromWho="3" sc="290,0,152,52,399,0,149,-42" owari="290,9.0,204,-20.0,399,50.0,107,-39.0" />
</Scene>
</mjloggm>