<mjloggm ver="2.3"><GO type="169"/><UN n0="%E3%81%99%E3%81%AA%E3%81%8F%E3%81%98%E3%82%89" n1="%E8%8A%8B%EF%BC%A0%EF%BC%90%EF%BC%98%E2%80%99" n2="%E5%A4%AA%E3%81%8F%E3%81%AA%E3%81%84%E3%81%8A" n3="%6D%61%63%6A%72" dan="17,16,16,16" rate="2143,2104,2109,2089" sx="M,M,M,M"/><TAIKYOKU oya="0"/>

<Scene>
<INIT seed="0,0,0,0,1,99" ten="250,250,250,250" oya="0" hai0="35,125,128,55,41,77,83,111,109,71,105,134,88" hai1="49,48,112,30,57,116,132,94,32,131,59,28,89" hai2="117,100,127,58,67,43,76,15,51,53,86,24,60" hai3="113,114,8,66,1,39,103,37,26,90,50,124,106"/><T4/><D35/><U36/><E36/><V64/><F127/><W22/><G124/><T19/><D125/><U119/><E132/><V52/><F117/><W104/><G66/><T130/><D134/><U16/><E131/><N who="0" m="50217" /><D71/><U13/><E112/><V23/><F43/><W85/><G39/><T3/><D41/><U46/><E119/><V96/><F15/><W65/><G37/><T129/><D129/><U14/><E116/><V78/><F67/><W74/><G74/><N who="0" m="43447" /><D105/><U123/><E14/><V108/><F108/><N who="0" m="41546" /><D55/><U20/><E32/><V5/><F53/><W120/><G104/><T110/><D110/><U29/><E123/><V38/><F38/><W2/><G120/><T75/><D75/><U47/><E30/><V68/><F5/><W9/><G106/><T73/><D73/><U56/><E29/><V80/><F76/><W92/><G113/><T21/><D88/><U133/><E28/><V81/><F81/><W93/><G90/><T63/><D63/><U122/><E133/><V79/><F79/><W118/><G114/><T102/><D102/><U91/><E122/><V27/><REACH who="2" step="1"/><F23/><REACH who="2" ten="250,250,240,250" step="2"/><W62/><G22/><T97/><D4/><U82/><E82/><V107/><AGARI ba="0,1" hai="24,27,51,52,58,60,64,68,78,80,86,96,100,107" machi="107" ten="20,12000,2" yaku="1,1,2,1,0,1,7,1,52,1,54,1,53,1" doraHai="99" doraHaiUra="101" who="2" fromWho="2" sc="250,-60,250,-30,240,130,250,-30" />
</Scene>
<Scene>
<INIT seed="1,0,0,0,3,37" ten="190,220,370,220" oya="1" hai0="54,52,114,39,38,116,115,50,49,111,76,104,80" hai1="68,129,130,72,20,5,91,9,99,125,77,107,40" hai2="47,4,70,88,102,121,97,59,82,100,128,73,124" hai3="8,62,86,75,98,41,14,90,35,18,31,23,58"/><U1/><E68/><V101/><F70/><W11/><G75/><T93/><D104/><U45/><E125/><V56/><F121/><W57/><G98/><T63/><D116/><U12/><E20/><V28/><F124/><W109/><G109/><T123/><D93/><U51/><E12/><V133/><F133/><W96/><G96/><T132/><D111/><U16/><E16/><V17/><F128/><N who="1" m="49257" /><E91/><V131/><F131/><W24/><G57/><N who="0" m="35239" /><D80/><N who="1" m="45095" /><E99/><V94/><F28/><W119/><G119/><T118/><D76/><U112/><E107/><V83/><F73/><W61/><G90/><T48/><D118/><U92/><E92/><V27/><F4/><W135/><G86/><T126/><D126/><U43/><E112/><N who="0" m="43049" /><D132/><U127/><E127/><V32/><F32/><W105/><G105/><T22/><D22/><U108/><E108/><V0/><F0/><W117/><G117/><T103/><D103/><U7/><E5/><V69/><F69/><W78/><G78/><T65/><D123/><U67/><E67/><V55/><F17/><W89/><G89/><T33/><D33/><U84/><E84/><V36/><F27/><W44/><G135/><T3/><D3/><U81/><E81/><N who="2" m="30731" /><F36/><N who="0" m="13866" /><D65/><U2/><E1/><V10/><F10/><W25/><G11/><T46/><AGARI ba="0,0" hai="46,48,49,50,54" m="13866,43049,35239" machi="46" ten="30,4000,0" yaku="34,2,54,1" doraHai="37" who="0" fromWho="0" sc="190,40,220,-20,370,-10,220,-10" />
</Scene>
<Scene>
<INIT seed="2,0,0,4,4,3" ten="230,200,360,210" oya="2" hai0="133,108,25,122,124,127,54,104,19,15,106,32,110" hai1="41,60,81,57,6,103,39,53,7,119,8,92,102" hai2="76,85,50,0,86,42,1,132,75,74,35,113,2" hai3="61,5,90,134,83,135,59,47,48,34,123,89,14"/><V51/><F113/><W116/><G34/><T21/><D122/><U55/><E119/><V98/><F35/><W126/><G123/><T93/><D93/><U11/><E39/><V128/><F128/><W40/><G116/><T26/><D54/><N who="1" m="20491" /><E41/><V105/><F132/><N who="3" m="50731" /><G126/><N who="0" m="48171" /><D133/><U58/><E81/><V33/><F33/><W45/><G45/><T71/><D71/><U97/><E103/><V82/><F74/><W118/><G83/><T68/><D68/><U107/><E107/><N who="0" m="41001" /><D32/><U79/><E79/><V100/><REACH who="2" step="1"/><F42/><REACH who="2" ten="230,200,350,210" step="2"/><W13/><G118/><T117/><D117/><U125/><E125/><V120/><F120/><W23/><G40/><T66/><D66/><N who="1" m="39183" /><E58/><V46/><F46/><W18/><G59/><T114/><D114/><U78/><E78/><V69/><F69/><W109/><G47/><T30/><D110/><U131/><E131/><V115/><F115/><W88/><G109/><T12/><D108/><U64/><E64/><V10/><F10/><AGARI ba="0,1" hai="6,7,8,10,11,92,97,102" m="39183,20491" machi="10" ten="30,3900,0" yaku="8,1,52,2" doraHai="3" who="1" fromWho="2" sc="230,0,200,49,350,-39,210,0" />
</Scene>
<Scene>
<INIT seed="3,0,0,0,5,104" ten="230,249,311,210" oya="3" hai0="64,32,66,40,57,52,34,67,91,97,43,89,4" hai1="134,11,59,7,53,45,108,29,75,41,73,77,118" hai2="19,82,42,131,14,60,69,22,123,47,81,18,79" hai3="58,80,93,46,6,126,9,27,121,100,72,0,125"/><W50/><G121/><T3/><D34/><U103/><E29/><V113/><F113/><W107/><G107/><T111/><D32/><U102/><E108/><V8/><F123/><W110/><G110/><T83/><D111/><U112/><E112/><V61/><F131/><W87/><G58/><T129/><D129/><U31/><E31/><V109/><F109/><W23/><G93/><N who="0" m="56495" /><D3/><U63/><E118/><V96/><F96/><W38/><G100/><T105/><D105/><U88/><E134/><V25/><F69/><W117/><G38/><T24/><D24/><U84/><E77/><V26/><F26/><W99/><G99/><T90/><D4/><U101/><E45/><V95/><F95/><W48/><G117/><T28/><D28/><U127/><E41/><N who="0" m="15945" /><D83/><U54/><E54/><V10/><F10/><W106/><G106/><T130/><D130/><U1/><REACH who="1" step="1"/><E127/><REACH who="1" ten="230,239,311,210" step="2"/><N who="3" m="48650" /><G46/><T68/><D68/><U94/><AGARI ba="0,1" hai="1,7,11,53,59,63,73,75,84,88,94,101,102,103" machi="94" ten="30,16000,3" yaku="1,1,0,1,52,2,54,1,53,3" doraHai="104" doraHaiUra="98" who="1" fromWho="1" sc="230,-40,239,170,311,-40,210,-80" />
</Scene>
<Scene>
<INIT seed="4,0,0,0,3,47" ten="190,409,271,130" oya="0" hai0="0,42,2,64,95,25,58,128,61,35,66,82,39" hai1="40,21,89,38,9,129,115,5,96,122,32,74,50" hai2="17,123,41,49,16,133,13,33,48,34,101,83,90" hai3="51,117,120,23,70,53,3,63,73,56,55,108,118"/><T18/><D128/><U7/><E32/><V14/><F123/><W106/><G106/><T27/><D66/><U62/><E122/><V12/><F133/><W45/><G120/><T24/><D35/><U126/><E74/><V36/><F36/><W105/><G105/><T131/><D131/><U130/><E38/><V69/><F69/><W116/><G73/><T119/><D119/><U112/><E126/><V57/><F101/><W97/><G3/><T114/><D114/><U98/><E62/><V11/><F34/><W135/><G97/><T76/><D95/><U94/><E21/><V79/><F33/><W54/><G23/><T109/><D109/><U78/><E78/><V37/><F37/><W124/><G108/><T85/><REACH who="0" step="1"/><D18/><REACH who="0" ten="180,409,271,130" step="2"/><U104/><E130/><V59/><F17/><W110/><G110/><T29/><D29/><U84/><E129/><V60/><F16/><W121/><G121/><T8/><D8/><U6/><E9/><V99/><F11/><W72/><G124/><T4/><D4/><U134/><E104/><V132/><F132/><W103/><G135/><T44/><AGARI ba="0,1" hai="0,2,24,25,27,39,42,44,58,61,64,76,82,85" machi="44" ten="30,6000,0" yaku="1,1,0,1,53,1" doraHai="47" doraHaiUra="43" who="0" fromWho="0" sc="180,70,409,-20,271,-20,130,-20" />
</Scene>
<Scene>
<INIT seed="4,1,0,2,5,117" ten="250,389,251,110" oya="0" hai0="11,36,68,108,24,0,66,7,130,87,93,73,17" hai1="110,39,40,135,21,100,78,1,29,25,19,49,48" hai2="26,81,99,129,79,116,101,41,133,69,76,45,5" hai3="16,113,105,82,58,12,127,92,71,38,44,42,64"/><T119/><D73/><U60/><E110/><V20/><F69/><W52/><G105/><T107/><D107/><U94/><E1/><V8/><F116/><W103/><G113/><T88/><D119/><U10/><E135/><V86/><F133/><W37/><G127/><T46/><D108/><U63/><E39/><V83/><F129/><W111/><G111/><T98/><D130/><U22/><E10/><V65/><F65/><W9/><G38/><T34/><D87/><U31/><E78/><V122/><F122/><W120/><G120/><T109/><D109/><U14/><E31/><V67/><F67/><W90/><G103/><T32/><D66/><U51/><REACH who="1" step="1"/><E40/><REACH who="1" ten="250,379,251,110" step="2"/><V74/><F8/><W54/><G71/><T28/><D68/><U35/><E35/><V57/><F41/><W104/><G104/><T50/><D36/><U77/><E77/><V114/><F76/><W134/><G134/><T84/><D32/><U56/><E56/><V124/><F57/><W70/><G70/><T47/><D47/><U62/><E62/><V125/><F45/><W3/><G3/><T118/><D118/><U96/><AGARI ba="1,1" hai="14,19,21,22,25,29,48,49,51,60,63,94,96,100" machi="96" ten="30,4000,0" yaku="1,1,0,1,8,1,53,0" doraHai="117" doraHaiUra="106" who="1" fromWho="1" sc="250,-21,379,53,251,-11,110,-11" />
</Scene>
<Scene>
<INIT seed="5,0,0,1,1,77" ten="229,432,240,99" oya="1" hai0="80,58,123,66,13,54,60,53,125,115,120,129,31" hai1="130,25,111,61,112,132,34,128,99,118,87,86,68" hai2="22,52,69,92,8,89,71,59,85,78,9,14,119" hai3="35,33,2,76,102,134,95,30,40,64,93,96,55"/><U133/><E118/><V15/><F119/><W63/><G2/><T105/><D105/><U114/><E34/><V108/><F108/><W51/><G134/><N who="1" m="51818" /><E25/><V29/><F71/><W126/><G126/><T57/><D125/><U83/><E61/><N who="2" m="36071" /><F69/><W67/><G40/><T3/><D3/><U65/><E65/><V37/><F37/><W12/><G76/><T43/><D115/><N who="1" m="44075" /><E68/><V74/><F74/><W24/><G35/><T21/><D43/><U122/><E111/><V116/><F116/><W104/><G12/><N who="2" m="4649" /><F78/><W36/><G36/><T49/><D13/><U48/><E48/><V113/><F113/><W0/><G0/><T62/><D49/><U50/><E50/><V75/><F75/><W4/><G4/><T46/><D62/><U81/><E122/><V100/><F100/><W121/><G121/><T47/><D60/><U17/><E99/><V20/><F29/><W45/><REACH who="3" step="1"/><G67/><REACH who="3" ten="229,432,240,89" step="2"/><T7/><D66/><U103/><E103/><V5/><F5/><W1/><G1/><T107/><D7/><U16/><E130/><V56/><F56/><AGARI ba="0,1" hai="24,30,33,45,51,55,56,63,64,93,95,96,102,104" machi="56" ten="30,7700,0" yaku="1,1,7,1,53,2" doraHai="77" doraHaiUra="90" who="3" fromWho="2" sc="229,0,432,0,240,-77,89,87" />
</Scene>
<Scene>
<INIT seed="6,0,0,2,1,110" ten="229,432,163,176" oya="2" hai0="89,7,21,9,45,20,96,125,81,13,17,113,18" hai1="60,119,53,130,134,117,38,116,129,47,33,44,58" hai2="126,61,127,30,55,135,92,23,46,122,82,65,102" hai3="74,37,10,24,69,57,131,72,43,128,85,103,42"/><V88/><F122/><W83/><G69/><T111/><D113/><U108/><E33/><V70/><F135/><W86/><G103/><T78/><D111/><U39/><E134/><V0/><F0/><W114/><G114/><T12/><D125/><N who="2" m="47626" /><F102/><W54/><G24/><T101/><D45/><N who="1" m="17483" /><E108/><V59/><F82/><W120/><G120/><T123/><D123/><U121/><E121/><V32/><F32/><W5/><G37/><AGARI ba="0,0" hai="37,38,39,53,58,60,116,117,119,129,130" m="17483" machi="37" ten="40,2600,0" yaku="34,2" doraHai="110" who="1" fromWho="3" sc="229,0,432,26,163,0,176,-26" />
</Scene>
<Scene>
<INIT seed="7,0,0,5,4,122" ten="229,458,163,150" oya="3" hai0="32,49,104,113,46,59,13,133,90,6,34,7,30" hai1="5,72,39,75,86,19,38,57,83,85,88,81,102" hai2="44,80,82,89,14,22,105,24,45,62,112,114,123" hai3="103,101,71,36,108,99,73,69,65,25,20,47,31"/><W56/><G73/><T66/><D90/><U120/><E120/><V42/><F123/><W95/><G101/><T130/><D59/><U8/><E19/><N who="2" m="12383" /><F105/><W93/><G93/><T29/><D49/><U55/><E102/><V28/><F28/><W129/><G129/><T21/><D66/><U94/><E39/><N who="2" m="21599" /><F45/><W70/><G47/><T10/><D46/><U87/><E38/><V60/><F14/><W74/><G36/><T121/><D130/><U91/><E94/><V77/><F89/><W48/><G74/><T58/><D58/><U118/><E118/><V107/><F107/><W3/><G3/><T132/><D104/><U35/><E35/><V67/><F77/><W119/><G119/><T26/><D121/><U106/><E86/><V11/><F11/><W79/><G79/><T9/><D21/><U76/><E76/><V15/><F15/><W124/><G124/><T18/><D13/><U41/><E41/><V84/><F84/><W12/><G12/><T131/><D131/><U51/><E106/><V52/><F52/><W63/><REACH who="3" step="1"/><G108/><REACH who="3" ten="229,458,163,140" step="2"/><T128/><D128/><U17/><E8/><V37/><F37/><W97/><G97/><T110/><D110/><U115/><E75/><V92/><F92/><W127/><G127/><T68/><D9/><U16/><E72/><V111/><F111/><W135/><G135/><T117/><D10/><U50/><E83/><V54/><F82/><W100/><G100/><T126/><D126/><U96/><E81/><V53/><F80/><W109/><G109/><T1/><D1/><U78/><E78/><V64/><F114/><RYUUKYOKU ba="0,1" sc="229,-10,458,-10,163,-10,140,30" hai3="20,25,31,48,56,63,65,69,70,71,95,99,103" />
</Scene>
<Scene>
<INIT seed="7,1,1,1,2,51" ten="219,448,153,170" oya="3" hai0="132,3,36,67,40,122,92,42,129,30,76,102,34" hai1="82,75,18,95,14,111,66,11,97,91,10,21,115" hai2="55,100,131,65,88,9,60,124,17,80,133,59,12" hai3="112,79,126,114,20,113,85,78,99,70,43,68,62"/><W15/><G126/><T69/><D92/><U7/><E111/><V81/><F124/><W96/><G43/><T89/><D89/><U94/><E115/><V41/><F131/><W117/><G117/><T44/><D132/><U135/><E135/><V32/><F133/><W28/><G85/><T6/><D102/><U33/><E33/><V84/><F32/><W26/><G15/><T104/><D76/><N who="3" m="29225" /><G62/><N who="0" m="40183" /><D42/><U83/><E75/><V134/><F134/><W24/><G24/><N who="0" m="18759" /><D129/><U130/><E130/><V127/><F127/><W107/><G107/><T23/><D23/><U27/><E66/><V64/><F41/><W29/><G29/><T101/><D122/><U72/><E72/><V8/><F100/><W74/><G74/><T16/><D16/><U56/><E11/><N who="2" m="4171" /><F80/><W106/><G106/><T19/><D19/><U86/><E83/><V47/><F47/><W123/><G123/><T110/><D110/><U50/><E97/><AGARI ba="1,1" hai="20,26,28,68,70,96,97,99,112,113,114" m="29225" machi="97" ten="40,2000,0" yaku="15,1" doraHai="51" who="3" fromWho="1" sc="219,0,448,-23,153,0,170,33" />
</Scene>
<Scene>
<INIT seed="7,2,0,1,5,13" ten="219,425,153,203" oya="3" hai0="112,71,98,77,124,87,29,92,78,31,41,72,50" hai1="15,106,18,2,3,58,22,47,36,117,84,109,101" hai2="19,135,53,128,21,56,110,35,79,24,121,38,44" hai3="114,122,32,10,95,28,105,65,14,9,130,102,129"/><W94/><G122/><T88/><D71/><U90/><E109/><V33/><F110/><W82/><G114/><T40/><D124/><U8/><E117/><V133/><F121/><W6/><G65/><T81/><D112/><U80/><E106/><V0/><F0/><W86/><G105/><T126/><D126/><U34/><E34/><V132/><F79/><N who="0" m="30218" /><D72/><U64/><E101/><V100/><F100/><W57/><G57/><T54/><D29/><U49/><E36/><V52/><F128/><N who="3" m="49259" /><G102/><N who="0" m="60743" /><D31/><U45/><E45/><AGARI ba="2,0" hai="40,41,45,50,54,81,87,88" m="60743,30218" machi="45" ten="30,2000,0" yaku="8,1,54,1" doraHai="13" who="0" fromWho="1" sc="219,26,425,-26,153,0,203,0" owari="245,5.0,399,50.0,153,-35.0,203,-20.0" />
</Scene>
</mjloggm>