<mjloggm ver="2.3"><GO type="169"/><UN n0="%47%61%4B%75" n1="%E5%A4%AA%E3%81%8F%E3%81%AA%E3%81%84%E3%81%8A" n2="%E8%99%8E%E5%85%90%E6%9C%97" n3="%E2%84%83%2D%75%74%65" dan="17,17,18,17" rate="2129,2132,2163,2092" sx="M,M,M,M"/><TAIKYOKU oya="0"/>

<Scene>
<INIT seed="0,0,0,1,0,130" ten="250,250,250,250" oya="0" hai0="115,131,4,78,65,101,120,64,125,1,33,45,128" hai1="53,106,34,54,7,5,94,42,90,63,114,18,6" hai2="61,126,74,14,26,129,76,28,60,100,77,110,29" hai3="59,109,23,83,86,2,69,21,121,56,119,80,123"/><T73/><D115/><U81/><E34/><V99/><F129/><N who="0" m="49738" /><D120/><N who="3" m="46153" /><G69/><T49/><D125/><U3/><E106/><V52/><F110/><W72/><G2/><T19/><D33/><U51/><E114/><V0/><F0/><W112/><G112/><T127/><D127/><U103/><E3/><V58/><F126/><W55/><G109/><T11/><D101/><U38/><E38/><V62/><F14/><W84/><G72/><T75/><D19/><U50/><E103/><V116/><F116/><W71/><G71/><T57/><D78/><U31/><E31/><V44/><F44/><W25/><G119/><T67/><D57/><N who="3" m="22089" /><G55/><AGARI ba="0,0" hai="1,4,11,45,49,55,64,65,67,73,75" m="49738" machi="55" ten="30,1500,0" yaku="19,1" doraHai="130" who="0" fromWho="3" sc="250,15,250,0,250,0,250,-15" />
</Scene>
<Scene>
<INIT seed="0,1,0,0,1,135" ten="265,250,250,235" oya="0" hai0="126,3,122,97,116,130,109,58,33,37,47,65,45" hai1="96,108,20,77,80,10,107,17,86,102,110,91,131" hai2="21,2,119,115,53,112,46,121,104,76,133,73,71" hai3="124,67,32,14,128,89,22,52,31,56,75,94,85"/><T38/><D33/><U60/><E131/><V105/><F121/><W134/><G75/><T103/><D3/><U24/><E60/><V29/><F71/><W16/><G67/><T49/><D122/><U35/><E35/><V6/><F76/><W64/><G64/><T83/><D83/><U95/><REACH who="1" step="1"/><E10/><REACH who="1" ten="265,240,250,235" step="2"/><V57/><F115/><W78/><G128/><T51/><D130/><U101/><E101/><V98/><F112/><W99/><G134/><T9/><D9/><U68/><E68/><V36/><F133/><W15/><G32/><T0/><D0/><U34/><E34/><V28/><F2/><W120/><G120/><T66/><D103/><U74/><AGARI ba="1,1" hai="17,20,24,74,77,80,86,91,95,96,102,107,108,110" machi="74" ten="30,7900,0" yaku="1,1,0,1,24,2,53,0" doraHai="135" doraHaiUra="39" who="1" fromWho="1" sc="265,-40,240,92,250,-21,235,-21" />
</Scene>
<Scene>
<INIT seed="1,0,0,3,5,22" ten="225,332,229,214" oya="1" hai0="77,128,1,79,34,4,97,62,46,135,38,72,89" hai1="66,44,101,130,29,82,99,68,65,3,23,18,70" hai2="41,48,107,43,74,31,13,109,12,103,95,87,88" hai3="129,132,28,125,94,56,91,75,60,105,47,14,15"/><U7/><E130/><V20/><F109/><W50/><G105/><T122/><D128/><U118/><E118/><V8/><F74/><W6/><G75/><T26/><D122/><U11/><E29/><V32/><F32/><W110/><G129/><T84/><D135/><U33/><E33/><V100/><F107/><W24/><G110/><T80/><D97/><U5/><E5/><V51/><F51/><W2/><G2/><T92/><D79/><U133/><E133/><V120/><F120/><W19/><G6/><T58/><D4/><U30/><E30/><V69/><F69/><W17/><G125/><T90/><D1/><U111/><E111/><V121/><F121/><W71/><G71/><T104/><D104/><U16/><E70/><V83/><F83/><W131/><G131/><T59/><D89/><U119/><E119/><V81/><F81/><W37/><G37/><T55/><D58/><U114/><E114/><V21/><F13/><W39/><G39/><T27/><REACH who="0" step="1"/><D34/><REACH who="0" ten="215,332,229,214" step="2"/><U123/><E123/><V52/><F100/><W78/><G132/><T112/><D112/><U108/><E108/><V42/><F103/><W102/><G102/><T106/><D106/><U115/><E115/><V63/><F88/><W124/><G91/><T127/><D127/><U0/><E0/><V57/><F57/><W67/><G124/><T85/><D85/><U126/><E126/><V76/><F87/><W36/><G78/><T98/><D98/><U53/><E68/><V113/><F113/><W93/><G56/><T49/><D49/><U25/><E3/><V73/><F48/><RYUUKYOKU ba="0,1" sc="215,30,332,-10,229,-10,214,-10" hai0="26,27,38,46,55,59,62,72,77,80,84,90,92" />
</Scene>
<Scene>
<INIT seed="2,1,1,3,0,120" ten="245,322,219,204" oya="2" hai0="99,54,101,115,17,10,71,30,82,49,113,19,32" hai1="44,117,105,58,40,27,77,107,135,1,85,31,112" hai2="69,47,93,41,37,126,95,56,6,91,75,118,84" hai3="50,131,67,109,130,25,26,4,65,57,127,18,122"/><V61/><F118/><W114/><G122/><T63/><D30/><U22/><E117/><V59/><F126/><W3/><G127/><T83/><D32/><U98/><E112/><V110/><F75/><W43/><G114/><T94/><D113/><U132/><E1/><V100/><F6/><W42/><G4/><T121/><D115/><U68/><E68/><V133/><F133/><N who="1" m="51273" /><E58/><V2/><F2/><W38/><G3/><T125/><D125/><U13/><E13/><V103/><F69/><W96/><G96/><T97/><D121/><U9/><E9/><V24/><F24/><W46/><G25/><T34/><D34/><U8/><E8/><V16/><F16/><W73/><G73/><T15/><D17/><U14/><E14/><V66/><F59/><W88/><G57/><T74/><D74/><U72/><E72/><V55/><F66/><W28/><G18/><T80/><D97/><U51/><E98/><V123/><F123/><W108/><G26/><T129/><D129/><U119/><E119/><V106/><F106/><W20/><G28/><T35/><D35/><U134/><E134/><V104/><F104/><W7/><G7/><T76/><D76/><U87/><E77/><V53/><F53/><W12/><G12/><T102/><D102/><N who="2" m="38954" /><F95/><W90/><G20/><T81/><N who="0" m="20992" /><DORA hai="39" /><T78/><D78/><U33/><E33/><V86/><F86/><AGARI ba="1,1" hai="22,27,31,40,44,51,85,86,87,105,107" m="51273" machi="86" ten="30,2000,0" yaku="20,1,52,1" doraHai="120,39" who="1" fromWho="2" sc="245,0,322,33,219,-23,204,0" />
</Scene>
<Scene>
<INIT seed="3,0,0,5,0,74" ten="245,355,196,204" oya="3" hai0="118,45,21,24,32,52,120,10,113,76,68,133,35" hai1="47,102,106,17,93,37,73,6,55,127,116,85,132" hai2="1,117,41,58,62,103,89,107,78,88,63,54,42" hai3="110,53,134,114,48,131,12,38,95,99,16,20,119"/><W104/><G119/><T70/><D118/><U23/><E116/><V87/><F117/><RYUUKYOKU type="kaze4" ba="0,0" sc="245,0,355,0,196,0,204,0" />
</Scene>
<Scene>
<INIT seed="3,1,0,5,4,87" ten="245,355,196,204" oya="3" hai0="126,8,113,110,0,50,2,116,130,41,37,5,53" hai1="38,102,66,43,78,89,88,56,83,91,28,112,97" hai2="65,23,70,9,39,77,51,80,90,52,133,103,127" hai3="115,131,111,134,92,31,36,76,85,26,34,75,25"/><W105/><G115/><T81/><D113/><U84/><E112/><V45/><F103/><W57/><G36/><T104/><D110/><U33/><E38/><V118/><F118/><W49/><G105/><T96/><D116/><U27/><E43/><V119/><F119/><W14/><G75/><T124/><D130/><U109/><E109/><V64/><F133/><W86/><G111/><T20/><D81/><U93/><E66/><V101/><F101/><W10/><G131/><T129/><D129/><U94/><REACH who="1" step="1"/><E56/><REACH who="1" ten="245,345,196,204" step="2"/><V117/><F39/><W68/><G57/><T67/><D41/><U73/><AGARI ba="1,1" hai="27,28,33,73,78,83,84,88,89,91,93,94,97,102" machi="73" ten="20,16000,3" yaku="1,1,2,1,0,1,7,1,52,3,54,1,53,1" doraHai="87" doraHaiUra="30" who="1" fromWho="1" sc="245,-41,345,173,196,-41,204,-81" />
</Scene>
<Scene>
<INIT seed="4,0,0,2,1,102" ten="204,518,155,123" oya="0" hai0="108,20,29,63,71,41,96,52,117,36,28,9,92" hai1="62,39,122,128,84,57,61,22,49,82,118,1,127" hai2="14,86,88,11,60,10,123,73,7,134,106,47,23" hai3="48,38,91,65,0,77,4,109,24,66,21,93,18"/><T5/><D117/><U121/><E118/><V85/><F123/><W100/><G38/><T135/><D135/><U3/><E39/><V76/><F106/><W105/><G109/><T116/><D116/><U78/><E127/><V113/><F113/><W119/><G119/><T81/><D36/><U2/><E128/><V115/><F115/><W95/><G77/><T80/><D41/><U83/><E22/><V132/><F73/><W40/><G0/><T75/><D108/><U34/><E34/><V126/><F126/><W114/><G4/><T15/><D75/><U42/><E82/><N who="2" m="47303" /><F60/><W98/><G114/><T54/><D71/><U69/><E49/><V129/><F129/><W37/><G37/><T13/><D63/><U131/><E57/><V67/><F67/><W19/><G19/><N who="0" m="10351" /><D81/><U68/><E84/><V55/><F23/><W27/><G27/><T44/><D80/><U32/><E42/><V104/><F104/><W33/><G33/><T25/><D25/><U97/><E32/><V16/><F55/><N who="0" m="21034" /><D44/><U87/><E131/><V130/><F47/><N who="3" m="25703" /><G105/><T72/><D72/><U31/><E62/><V101/><F130/><W35/><G35/><T59/><D59/><U30/><E61/><V74/><F74/><W89/><G100/><AGARI ba="0,0" hai="5,9,15,28,29,92,96,100" m="21034,10351" machi="100" ten="30,2900,0" yaku="8,1,54,1" doraHai="102" who="0" fromWho="3" sc="204,29,518,0,155,0,123,-29" />
</Scene>
<Scene>
<INIT seed="4,1,0,1,1,52" ten="233,518,155,94" oya="0" hai0="86,31,103,63,75,65,68,4,36,94,45,8,30" hai1="80,16,110,28,131,35,129,72,13,91,23,112,20" hai2="61,82,5,70,62,39,29,97,27,9,67,113,58" hai3="18,128,11,120,33,78,10,95,38,90,56,47,1"/><T130/><D75/><U44/><E110/><V122/><F122/><W106/><G106/><T132/><D132/><U126/><E126/><V125/><F125/><W134/><G33/><T14/><D130/><N who="1" m="49675" /><E112/><V22/><F39/><W40/><G128/><T50/><D36/><U54/><E35/><V116/><F116/><W84/><G134/><T7/><D7/><U79/><E91/><V99/><F113/><W77/><G120/><T92/><D92/><U88/><E88/><V114/><F114/><W109/><G109/><T81/><D94/><U119/><E119/><V117/><F117/><W32/><G32/><T123/><D103/><U76/><E76/><V118/><F82/><W101/><G101/><T15/><D15/><U51/><E28/><V6/><F118/><W121/><G121/><T98/><D98/><U37/><E37/><V19/><F29/><W64/><G1/><T49/><D123/><U17/><E17/><V83/><F83/><W107/><G107/><T48/><REACH who="0" step="1"/><D45/><REACH who="0" ten="223,518,155,94" step="2"/><U124/><E124/><V73/><F73/><W41/><G47/><T25/><D25/><U46/><E44/><V43/><F5/><W0/><G38/><T60/><D60/><U89/><E72/><V24/><F24/><W21/><G0/><T133/><D133/><U69/><E46/><V105/><F105/><W12/><G41/><T111/><D111/><U53/><E13/><N who="2" m="5303" /><F43/><W3/><G40/><T34/><D34/><U135/><E135/><V85/><F85/><W87/><G3/><T93/><D93/><U57/><E80/><V102/><F102/><W104/><G104/><RYUUKYOKU ba="1,1" sc="223,15,518,-15,155,15,94,-15" hai0="4,8,14,30,31,48,49,50,63,65,68,81,86" hai2="19,22,27,58,61,62,67,70,97,99" />
</Scene>
<Scene>
<INIT seed="4,2,1,2,5,61" ten="238,503,170,79" oya="0" hai0="78,2,39,65,135,73,123,68,23,18,36,69,54" hai1="126,110,105,57,1,56,13,32,8,129,34,115,53" hai2="59,71,28,29,58,55,3,66,0,64,24,33,19" hai3="128,42,44,7,120,77,14,85,99,94,91,102,31"/><T26/><D123/><U107/><E110/><V92/><F71/><W83/><G128/><T12/><D2/><U49/><E1/><V106/><F106/><W82/><G31/><T67/><D68/><U118/><E118/><V5/><F19/><W84/><G120/><T37/><D69/><U48/><E129/><V25/><F92/><W17/><G7/><T134/><D54/><U43/><E126/><V96/><F96/><W95/><G42/><T100/><D100/><U30/><E115/><V52/><F5/><W133/><G133/><N who="0" m="50699" /><D26/><U81/><E81/><AGARI ba="2,1" hai="12,18,23,36,37,39,65,67,73,78,81" m="50699" machi="81" ten="40,7700,0" yaku="20,1,52,2" doraHai="61" who="0" fromWho="1" sc="238,93,503,-83,170,0,79,0" />
</Scene>
<Scene>
<INIT seed="4,3,0,0,4,17" ten="331,420,170,79" oya="0" hai0="32,23,45,40,27,107,44,28,98,122,7,77,123" hai1="83,54,46,105,21,65,110,69,4,120,82,101,66" hai2="33,112,68,34,128,109,133,99,89,127,12,63,76" hai3="125,52,108,85,95,2,88,115,25,80,72,55,124"/><T87/><D7/><U20/><E110/><V60/><F109/><W8/><G108/><T126/><D126/><N who="3" m="48745" /><G115/><T39/><D45/><U119/><E120/><V13/><F76/><N who="3" m="44039" /><G25/><T47/><D47/><U36/><E119/><V5/><F112/><W78/><G78/><T116/><D116/><U35/><E35/><V6/><F127/><W74/><G74/><T30/><D30/><U56/><E4/><AGARI ba="3,0" hai="2,4,8,52,55,85,88,95" m="44039,48745" machi="4" ten="30,3900,0" yaku="18,1,54,2" doraHai="17" who="3" fromWho="1" sc="331,0,420,-48,170,0,79,48" />
</Scene>
<Scene>
<INIT seed="5,0,0,2,3,110" ten="331,372,170,127" oya="1" hai0="65,33,89,84,23,108,16,113,106,101,2,68,131" hai1="126,115,34,7,44,122,75,105,82,97,87,83,59" hai2="135,134,119,12,55,41,15,86,46,125,133,60,132" hai3="123,112,3,50,21,74,118,111,4,114,73,53,5"/><U51/><E122/><V19/><F119/><W85/><G111/><T37/><D108/><U92/><E34/><V32/><F32/><W9/><G123/><T70/><D37/><U10/><E126/><V27/><F125/><W78/><G5/><T29/><D2/><U26/><E105/><V6/><F86/><W1/><G1/><T67/><D131/><U81/><E75/><V129/><F129/><W28/><G118/><T14/><D29/><U11/><E26/><V79/><F79/><W30/><G85/><T61/><D33/><U24/><E24/><V57/><F6/><W66/><G66/><T88/><D113/><N who="3" m="43625" /><G78/><T40/><D40/><U69/><E87/><V35/><F135/><W47/><G21/><T98/><D84/><U22/><E22/><N who="2" m="13791" /><F35/><W13/><G3/><T100/><D100/><U90/><E115/><V48/><AGARI ba="0,0" hai="12,15,41,46,48,55,57,60,132,133,134" m="13791" machi="48" ten="30,1100,0" yaku="20,1" doraHai="110" who="2" fromWho="2" sc="331,-3,372,-5,170,11,127,-3" />
</Scene>
<Scene>
<INIT seed="6,0,0,3,1,61" ten="328,367,181,124" oya="2" hai0="14,28,39,91,49,95,32,44,35,98,43,118,100" hai1="55,75,30,15,20,103,50,101,18,17,25,72,31" hai2="5,134,130,85,78,92,37,114,93,71,119,106,128" hai3="51,10,19,104,69,76,22,94,6,9,66,38,123"/><V27/><F37/><W21/><G38/><T3/><D3/><U99/><E72/><V120/><F5/><W64/><G104/><T131/><D131/><N who="2" m="50218" /><F71/><W108/><G108/><T33/><D118/><U13/><E75/><V57/><F27/><W53/><G123/><T0/><D0/><U129/><E129/><V133/><F120/><W116/><G116/><T122/><D122/><U52/><E25/><V83/><F119/><W82/><G69/><T36/><D14/><U56/><E55/><V59/><F114/><W81/><G94/><N who="2" m="36457" /><F106/><W67/><G22/><T124/><D124/><U112/><E112/><V2/><F2/><W109/><G109/><T24/><D33/><U42/><E42/><V126/><F126/><W97/><G97/><T68/><D68/><U74/><E74/><V79/><F79/><W113/><G113/><T12/><D35/><U132/><E132/><AGARI ba="0,0" hai="57,59,78,83,85,132,133,134" m="36457,50218" machi="132" ten="30,2900,0" yaku="20,1,19,1" doraHai="61" who="2" fromWho="1" sc="328,0,367,-29,181,29,124,0" />
</Scene>
<Scene>
<INIT seed="6,1,0,5,3,54" ten="328,338,210,124" oya="2" hai0="11,116,121,41,98,79,134,88,89,74,31,73,37" hai1="50,135,60,12,102,80,101,67,30,39,44,22,97" hai2="84,7,18,120,90,23,65,4,40,100,46,33,5" hai3="66,48,133,14,107,29,72,6,128,71,127,103,132"/><V26/><F120/><W45/><G72/><T21/><D121/><U85/><E135/><V27/><F100/><W43/><G29/><T57/><D134/><U99/><E39/><V119/><F119/><W78/><G127/><T114/><D114/><U64/><E102/><V53/><F65/><N who="1" m="25161" /><E60/><V96/><F96/><W59/><G128/><T112/><D112/><U38/><E38/><V115/><F115/><W10/><G107/><T62/><D116/><U47/><E101/><V19/><F53/><W75/><G103/><T2/><D37/><U63/><E63/><V86/><F90/><W42/><G42/><T81/><D41/><N who="1" m="24847" /><E47/><V58/><F58/><W124/><G124/><T117/><D117/><U35/><E35/><V118/><F118/><W131/><G131/><T49/><D49/><U0/><E0/><V91/><F91/><W129/><G129/><T77/><D98/><U69/><E69/><V94/><F94/><W51/><G71/><T32/><D32/><U93/><E93/><V92/><F92/><W82/><REACH who="3" step="1"/><G66/><REACH who="3" ten="328,338,210,114" step="2"/><T111/><D74/><U17/><E30/><V104/><F104/><W123/><G123/><T95/><D73/><U125/><E125/><V25/><F33/><W130/><G130/><T106/><D31/><U68/><E68/><V52/><F40/><W110/><G110/><T9/><D106/><U15/><E99/><V1/><F1/><W83/><G83/><T70/><D2/><U36/><E97/><V24/><F19/><W87/><G87/><N who="0" m="50287" /><D70/><U122/><E122/><V126/><F126/><W76/><G76/><T108/><D79/><RYUUKYOKU ba="1,1" sc="328,-15,338,-15,210,15,114,15" hai2="4,5,7,18,23,24,25,26,27,46,52,84,86" hai3="6,10,14,43,45,48,51,59,75,78,82,132,133" />
</Scene>
<Scene>
<INIT seed="6,2,1,0,0,111" ten="313,323,225,129" oya="2" hai0="30,33,27,6,39,21,101,95,44,112,66,123,25" hai1="92,88,120,74,10,98,36,43,11,85,51,37,19" hai2="65,117,35,24,14,73,2,56,114,62,28,31,133" hai3="107,108,102,22,48,91,127,68,78,129,96,59,132"/><V15/><F2/><W82/><G108/><T57/><D112/><U94/><E74/><V97/><F73/><W87/><G68/><T8/><D123/><U104/><E104/><V60/><F117/><W93/><G132/><T77/><D77/><U83/><E120/><V131/><F133/><W13/><G129/><T118/><D118/><U29/><E29/><V70/><F131/><W89/><G127/><T79/><D79/><U12/><E37/><V49/><F114/><W53/><G91/><T61/><D39/><U40/><E36/><V34/><F49/><W26/><G13/><T42/><D42/><N who="1" m="15915" /><E51/><V103/><F31/><W7/><G7/><T64/><D44/><U105/><E105/><N who="2" m="63727" /><F35/><W116/><G116/><T135/><D135/><U55/><E55/><AGARI ba="2,1" hai="14,15,24,28,34,55,56,60,62,65,70" m="63727" machi="55" ten="30,1500,0" yaku="25,1" doraHai="111" who="2" fromWho="1" sc="313,0,323,-21,225,31,129,0" />
</Scene>
<Scene>
<INIT seed="6,3,0,5,5,104" ten="313,302,256,129" oya="2" hai0="18,94,37,17,98,3,39,1,69,122,14,131,20" hai1="121,92,9,105,99,48,116,26,109,59,130,55,119" hai2="31,41,89,125,111,75,52,110,58,54,19,60,107" hai3="133,30,108,81,68,27,61,106,10,67,135,62,66"/><V12/><F107/><W102/><G10/><T22/><D69/><U113/><E109/><N who="2" m="41483" /><F125/><W93/><G93/><T47/><D122/><U134/><E105/><V73/><F31/><W24/><G108/><T103/><D131/><U6/><E130/><V53/><F41/><W13/><G13/><T78/><D78/><U65/><E121/><V124/><F89/><W79/><G24/><T0/><REACH who="0" step="1"/><D47/><REACH who="0" ten="303,302,256,129" step="2"/><U118/><E118/><V101/><F124/><W126/><G126/><T86/><D86/><U45/><E116/><V7/><F7/><W82/><G82/><T15/><AGARI ba="3,1" hai="0,1,3,14,15,17,18,20,22,37,39,94,98,103" machi="15" ten="30,7900,0" yaku="1,1,0,1,9,1,53,1" doraHai="104" doraHaiUra="90" who="0" fromWho="0" sc="303,98,302,-23,256,-42,129,-23" />
</Scene>
<Scene>
<INIT seed="7,0,0,5,3,127" ten="401,279,214,106" oya="3" hai0="6,98,133,62,112,38,123,99,0,111,135,115,33" hai1="81,130,26,83,43,125,2,63,12,20,42,119,93" hai2="74,128,65,134,100,132,82,55,121,64,46,106,29" hai3="131,114,4,96,118,88,126,86,80,44,84,73,15"/><W56/><G118/><T122/><D111/><U79/><E2/><V77/><F29/><W51/><G73/><T54/><D38/><U113/><E125/><V1/><F1/><W8/><G126/><T90/><D33/><U22/><E119/><V60/><F128/><W18/><G114/><N who="0" m="43563" /><D6/><U41/><E130/><V102/><F121/><N who="0" m="46090" /><D0/><U31/><E113/><V69/><F65/><W109/><G109/><T91/><D54/><U117/><E117/><V61/><F106/><W13/><G56/><T76/><D62/><U3/><E3/><V105/><F105/><W19/><G131/><T37/><D76/><U45/><E63/><V71/><F71/><W67/><G67/><T129/><D37/><U124/><E124/><V107/><F107/><W39/><G39/><T59/><D59/><U70/><E70/><V52/><F61/><W95/><G15/><T7/><D7/><U85/><E81/><V108/><F108/><W97/><G86/><T32/><D32/><U75/><E75/><V50/><F55/><N who="3" m="30183" /><G97/><N who="0" m="36875" /><D129/><U24/><E12/><V47/><F47/><W120/><G120/><T53/><D53/><U30/><E45/><V23/><F23/><W16/><G4/><T36/><D36/><U89/><E42/><V21/><F21/><W78/><AGARI ba="0,0" hai="8,13,16,18,19,78,80,84,88,95,96" m="30183" machi="78" ten="30,6000,0" yaku="8,1,54,2" doraHai="127" who="3" fromWho="3" sc="401,-20,279,-20,214,-20,106,60" />
</Scene>
<Scene>
<INIT seed="7,1,0,2,5,18" ten="381,259,194,166" oya="3" hai0="33,129,109,110,23,8,126,42,24,68,0,36,89" hai1="118,130,70,27,117,53,80,1,74,64,55,60,79" hai2="97,19,26,87,31,96,15,132,123,95,116,90,131" hai3="48,11,114,3,81,17,122,35,100,37,47,108,49"/><W30/><G122/><T107/><D33/><U38/><E38/><V32/><F116/><N who="1" m="44649" /><E130/><V43/><F131/><W78/><G100/><T121/><D89/><U71/><E1/><V98/><F132/><W135/><G135/><T93/><D8/><U99/><E70/><V106/><F43/><W101/><G101/><T12/><D24/><U83/><E99/><V40/><F40/><N who="3" m="22927" /><G114/><T115/><D12/><U65/><E65/><V111/><F111/><W88/><G108/><T73/><D93/><U29/><E83/><V85/><F123/><W82/><G17/><T61/><D42/><U75/><E75/><V2/><F2/><W128/><G128/><T134/><D61/><U104/><E104/><V72/><F72/><N who="3" m="43207" /><G35/><AGARI ba="1,0" hai="27,29,35,53,55,60,64,71,74,79,80" m="44649" machi="35" ten="30,1000,0" yaku="12,1" doraHai="18" who="1" fromWho="3" sc="381,0,259,13,194,0,166,-13" owari="381,49.0,272,7.0,194,-21.0,153,-35.0" />
</Scene>
</mjloggm>