<mjloggm ver="2.3"><GO type="193"/><UN n0="%E5%B0%8F%E9%9D%99" n1="%E5%A4%AA%E3%81%8F%E3%81%AA%E3%81%84%E3%81%8A" n2="%42%69%6C%6C%69%6F%6E%78" n3="%EF%BC%A8%EF%BC%AE%EF%BC%A6" dan="11,12,12,11" rate="1479,1902,1621,1569" sx="F,M,M,M"/><TAIKYOKU oya="0"/>

<Scene>
<INIT seed="0,0,0,4,1,64" ten="250,250,250,250" oya="0" hai0="38,99,2,134,110,56,36,95,80,60,68,17,63" hai1="135,24,26,51,119,117,81,112,92,124,127,93,66" hai2="86,97,75,83,11,115,116,3,49,76,21,58,121" hai3="82,79,70,61,0,37,25,130,7,48,20,98,129"/><T67/><D2/><U43/><E135/><V104/><F121/><W53/><G37/><T55/><D134/><U118/><E112/><V100/><F115/><W120/><G120/><T16/><D80/><U57/><E81/><V131/><F131/><W15/><G98/><T45/><D110/><U30/><E43/><V87/><F116/><W89/><G89/><T78/><D78/><U132/><E132/><V19/><F3/><W108/><G0/><T12/><D45/><U74/><E74/><V94/><F11/><W71/><G61/><T105/><D105/><U91/><E66/><V29/><F29/><N who="3" m="17575" /><G108/><T27/><D27/><N who="1" m="10283" /><E30/><V33/><F33/><W13/><G7/><T1/><D1/><U4/><E4/><V6/><F6/><W23/><G13/><T22/><REACH who="0" step="1"/><D17/><REACH who="0" ten="240,250,250,250" step="2"/><U8/><E119/><V14/><REACH who="2" step="1"/><F104/><REACH who="2" ten="240,250,240,250" step="2"/><W90/><G129/><T52/><D52/><AGARI ba="0,2" hai="14,19,21,49,52,58,75,76,83,86,87,94,97,100" machi="52" ten="40,8000,1" yaku="1,1,2,1,54,1,53,1" doraHai="64" doraHaiUra="46" who="2" fromWho="0" sc="240,-80,250,0,240,100,250,0" />
</Scene>
<Scene>
<INIT seed="1,0,0,5,0,124" ten="160,250,340,250" oya="1" hai0="6,27,25,23,7,67,68,83,125,35,87,17,5" hai1="50,36,92,1,122,64,78,55,104,34,118,3,41" hai2="65,126,89,18,13,135,52,26,79,96,100,130,95" hai3="120,69,37,127,8,81,60,49,113,47,15,51,59"/><U112/><E104/><V58/><F126/><W88/><G127/><T115/><D125/><U71/><E122/><V20/><F135/><W101/><G101/><T110/><D68/><U10/><E118/><V32/><F79/><W53/><G120/><T43/><D43/><U31/><E112/><V73/><F73/><W22/><G69/><T42/><D42/><U128/><E78/><V2/><F2/><W77/><G113/><T74/><D74/><U134/><E134/><V24/><F65/><W86/><G37/><T121/><D67/><U93/><E31/><V12/><F32/><W44/><G77/><T99/><D99/><U66/><E34/><V9/><F100/><W105/><G105/><T107/><D107/><U94/><E10/><V30/><F30/><W11/><G59/><T70/><D70/><U33/><E33/><V38/><F38/><W56/><G60/><T21/><D83/><U29/><E29/><V76/><F76/><W129/><G56/><T114/><D87/><U63/><E66/><V4/><F130/><W117/><G129/><T85/><D121/><U61/><E61/><AGARI ba="0,0" hai="4,9,12,13,18,20,24,26,52,58,61,89,95,96" machi="61" ten="30,3900,0" yaku="7,1,8,1,54,1" doraHai="124" who="2" fromWho="1" sc="160,0,250,-39,340,39,250,0" />
</Scene>
<Scene>
<INIT seed="2,0,0,2,3,96" ten="160,211,379,250" oya="2" hai0="59,53,121,75,117,79,131,126,133,92,10,3,7" hai1="130,105,98,110,88,42,52,123,68,134,94,129,1" hai2="33,20,18,21,4,124,66,63,73,102,127,15,40" hai3="60,37,74,122,106,115,82,114,128,31,101,62,26"/><V25/><F73/><W113/><G37/><T50/><D121/><U135/><E68/><V57/><F33/><W86/><G122/><T23/><D117/><U91/><E123/><V34/><F34/><W69/><G128/><N who="1" m="49258" /><E1/><V71/><F4/><W49/><G49/><T12/><D131/><U45/><E110/><V108/><F40/><W0/><G0/><T100/><D133/><N who="1" m="50699" /><E105/><V64/><F108/><W28/><G69/><T77/><D126/><N who="2" m="48170" /><F71/><W58/><G60/><T46/><D75/><U19/><E19/><N who="2" m="12447" /><F66/><N who="3" m="39255" /><G74/><T83/><D46/><U48/><E42/><V22/><F22/><N who="3" m="15447" /><G31/><T112/><D112/><U95/><E95/><V30/><F30/><W93/><G106/><T38/><D38/><U47/><E47/><V72/><F72/><W84/><G82/><T11/><D3/><U80/><E80/><V109/><F109/><W120/><G120/><T104/><D104/><U51/><E51/><V119/><F119/><W41/><G41/><T97/><D23/><U70/><E70/><V99/><F99/><AGARI ba="0,0" hai="84,86,93,99,101,113,114,115" m="15447,39255" machi="99" ten="30,3900,0" yaku="25,1,11,1,52,1" doraHai="96" who="3" fromWho="2" sc="160,0,211,0,379,-39,250,39" />
</Scene>
<Scene>
<INIT seed="3,0,0,3,2,98" ten="160,211,340,289" oya="3" hai0="133,96,106,22,31,64,63,95,111,131,103,116,7" hai1="20,109,51,27,74,71,117,0,114,119,115,15,99" hai2="124,121,26,11,59,16,73,68,34,13,55,19,88" hai3="57,83,53,39,93,33,126,78,43,38,70,40,28"/><W100/><G70/><T84/><D116/><N who="1" m="44619" /><E0/><V91/><F68/><W69/><G69/><T82/><D133/><U92/><E109/><V72/><F34/><W9/><G9/><T54/><D131/><U102/><E71/><V21/><F121/><W128/><G39/><T50/><D111/><U81/><E15/><V76/><F124/><W123/><G123/><T66/><D7/><U134/><E134/><V65/><F65/><W46/><G40/><T44/><D106/><U110/><E110/><V35/><F35/><W47/><G126/><T118/><D118/><U36/><E36/><V18/><F18/><W77/><G47/><T87/><D87/><U79/><E51/><V75/><REACH who="2" step="1"/><F76/><REACH who="2" ten="160,211,330,289" step="2"/><W45/><G78/><T86/><D86/><U125/><E125/><V122/><F122/><W42/><G128/><T127/><D127/><U3/><E79/><V14/><F14/><W113/><G33/><T120/><D120/><U61/><E3/><V2/><F2/><W48/><G28/><T32/><D32/><U1/><E1/><V108/><F108/><W90/><G113/><T52/><D31/><U6/><E114/><V135/><F135/><W89/><G77/><T58/><REACH who="0" step="1"/><D22/><REACH who="0" ten="150,211,330,289" step="2"/><U41/><E20/><V24/><F24/><W23/><G23/><T130/><D130/><U132/><E27/><V62/><AGARI ba="0,2" hai="11,13,16,19,21,26,55,59,62,72,73,75,88,91" machi="62" ten="30,8000,1" yaku="1,1,0,1,54,2,53,1" doraHai="98" doraHaiUra="56" who="2" fromWho="2" sc="150,-20,211,-20,330,100,289,-40" owari="130,-37.0,191,-21.0,430,53.0,249,5.0" />
</Scene>
</mjloggm>