<mjloggm ver="2.3"><GO type="97"/><UN n0="%6D%69%72%75%66%61" n1="%E3%81%AE%E3%81%81" n2="%72%69%6B%75%64%61%79%6F" n3="%E5%A4%AA%E3%81%8F%E3%81%AA%E3%81%84%E3%81%8A" dan="14,13,14,15" rate="1879,1875,1935,2059" sx="M,M,M,M"/><TAIKYOKU oya="0"/>

<Scene>
<INIT seed="0,0,0,1,4,120" ten="250,250,250,250" oya="0" hai0="23,62,89,6,72,103,133,42,128,49,134,68,85" hai1="59,124,25,17,117,9,86,4,98,66,33,2,106" hai2="40,34,69,30,32,29,105,70,78,102,12,132,63" hai3="125,65,47,41,10,1,104,131,64,37,109,19,53"/><T5/><D72/><U14/><E117/><V22/><F78/><W95/><G104/><T48/><D103/><U43/><E43/><V80/><F80/><W127/><G131/><T39/><D39/><U8/><E124/><N who="3" m="47690" /><G109/><T7/><D128/><U71/><E71/><V94/><F40/><W60/><G95/><T99/><D42/><U87/><E106/><V129/><F132/><N who="0" m="50794" /><D99/><U55/><E98/><V61/><F129/><W52/><G19/><T26/><D62/><U135/><E66/><N who="3" m="25706" /><G60/><T114/><D68/><U24/><E24/><V74/><F94/><W82/><G82/><N who="0" m="49335" /><D114/><U16/><E135/><V92/><F92/><W110/><G110/><T11/><D11/><U123/><E123/><V126/><F105/><W35/><G35/><T38/><D38/><U73/><E73/><V51/><F126/><W27/><G10/><T96/><D96/><U81/><E81/><V45/><F74/><W58/><G37/><T111/><D111/><U57/><E33/><V122/><F102/><W3/><G41/><T116/><D116/><U56/><E55/><V67/><F122/><W54/><G52/><T75/><D75/><U97/><E97/><V115/><F115/><W77/><G54/><T112/><D112/><U31/><E31/><AGARI ba="0,0" hai="5,6,7,23,26,31,48,49" m="49335,50794" machi="31" ten="30,1500,0" yaku="20,1" doraHai="120" who="0" fromWho="1" sc="250,15,250,-15,250,0,250,0" />
</Scene>
<Scene>
<INIT seed="0,1,0,1,4,34" ten="265,235,250,250" oya="0" hai0="80,109,57,47,5,56,82,102,12,128,4,87,114" hai1="73,55,134,78,45,113,38,37,3,124,11,131,39" hai2="43,112,115,51,31,84,77,24,10,18,64,0,79" hai3="29,89,6,2,127,16,42,99,88,35,15,32,54"/><T103/><D114/><U44/><E124/><V129/><F64/><W119/><G119/><T86/><D12/><U27/><E27/><V17/><F84/><W53/><G127/><T66/><D66/><U97/><E113/><V14/><F43/><W117/><G117/><T121/><D47/><U116/><E116/><V76/><F129/><W133/><G42/><T126/><D126/><U83/><E134/><V68/><F68/><W100/><G133/><T67/><D67/><U132/><E132/><V111/><F111/><W26/><G32/><T118/><D118/><U96/><E131/><V62/><F62/><W72/><G72/><T28/><D128/><U105/><E97/><V59/><F115/><W90/><G6/><T9/><D109/><U61/><E61/><V19/><F112/><W46/><G2/><T123/><D9/><U106/><E55/><V36/><F36/><N who="1" m="13929" /><E45/><V65/><F0/><W25/><G25/><T13/><D13/><U75/><E96/><V92/><F92/><W125/><G125/><T98/><REACH who="0" step="1"/><D98/><REACH who="0" ten="255,235,250,250" step="2"/><U135/><E135/><V85/><F65/><W93/><REACH who="3" step="1"/><G46/><REACH who="3" ten="255,235,250,240" step="2"/><T49/><D49/><U7/><E75/><V20/><F85/><W81/><G81/><T52/><D52/><AGARI ba="1,2" hai="10,14,17,18,19,20,24,31,51,52,59,76,77,79" machi="52" ten="40,2600,0" yaku="8,1,54,1" doraHai="34" who="2" fromWho="0" sc="255,-29,235,0,250,49,240,0" />
</Scene>
<Scene>
<INIT seed="1,0,0,4,0,71" ten="226,235,299,240" oya="1" hai0="12,100,73,29,99,56,109,39,134,7,123,69,31" hai1="103,70,135,10,124,95,40,37,88,125,119,93,67" hai2="50,72,86,118,66,97,32,1,127,79,38,114,3" hai3="35,26,25,128,14,115,131,84,22,96,130,126,82"/><U80/><E119/><V52/><F118/><W68/><G68/><T15/><D69/><U46/><E135/><V60/><F32/><W24/><G115/><T0/><D134/><U90/><E80/><V13/><F72/><W121/><G121/><T105/><D73/><U63/><E10/><V64/><F38/><W102/><G126/><N who="1" m="48746" /><E103/><V48/><F127/><W17/><G35/><T16/><D109/><U21/><E21/><V77/><F1/><W9/><G102/><T104/><D123/><U92/><AGARI ba="0,0" hai="37,40,46,63,67,70,88,90,92,93,95" m="48746" machi="92" ten="30,6000,0" yaku="18,1,52,1,54,1" doraHai="71" who="1" fromWho="1" sc="226,-20,235,60,299,-20,240,-20" />
</Scene>
<Scene>
<INIT seed="1,1,0,0,5,42" ten="206,295,279,220" oya="1" hai0="54,6,121,90,23,91,108,49,107,127,76,25,132" hai1="92,119,57,88,24,94,95,56,20,9,51,15,12" hai2="110,38,133,21,35,97,105,26,28,69,131,86,19" hai3="117,53,66,84,31,61,0,99,3,46,87,58,5"/><U80/><E119/><V79/><F69/><W55/><G117/><T130/><D108/><U7/><E15/><V112/><F38/><W134/><G134/><T37/><D107/><U52/><E57/><V36/><F36/><W71/><G31/><T39/><D76/><U45/><E56/><V78/><F110/><W93/><G55/><T75/><D75/><U50/><E50/><V43/><F43/><W113/><G113/><T1/><D121/><U18/><E80/><V4/><F133/><W33/><G33/><T73/><D132/><U128/><E128/><V103/><F131/><W2/><G5/><T13/><D73/><U74/><E74/><V59/><F112/><W44/><G87/><AGARI ba="1,0" hai="7,9,12,18,20,24,45,51,52,87,88,92,94,95" machi="87" ten="30,12000,1" yaku="7,1,8,1,52,1,54,2" doraHai="42" who="1" fromWho="3" sc="206,0,295,123,279,0,220,-123" />
</Scene>
<Scene>
<INIT seed="1,2,0,5,0,35" ten="206,418,279,97" oya="1" hai0="113,81,121,99,131,110,76,125,1,24,95,112,120" hai1="89,135,32,21,133,49,100,87,45,96,117,126,2" hai2="101,23,80,134,34,43,6,33,30,25,9,15,55" hai3="118,92,128,111,11,130,27,74,44,20,127,98,88"/><U59/><E117/><V56/><F134/><N who="1" m="51209" /><E32/><V106/><F43/><W68/><G68/><T71/><D24/><U67/><E126/><V39/><F39/><W116/><G74/><N who="0" m="43159" /><D71/><U119/><E119/><N who="3" m="45610" /><G127/><T72/><D1/><U75/><E75/><V97/><F80/><W124/><G124/><T105/><D125/><U129/><E129/><N who="3" m="49770" /><G111/><T7/><D110/><U104/><E67/><V58/><F58/><W108/><G108/><T41/><D7/><U114/><E59/><V3/><F15/><W16/><G11/><T115/><D41/><N who="1" m="24751" /><E21/><V38/><F38/><W54/><G44/><T94/><D131/><U69/><E69/><V73/><REACH who="2" step="1"/><F73/><REACH who="2" ten="206,418,269,97" step="2"/><W109/><G109/><T29/><D72/><U64/><E114/><V4/><F4/><W8/><G8/><T132/><D132/><U107/><E64/><V47/><F47/><W18/><G54/><T19/><D29/><AGARI ba="2,1" hai="16,18,20,27,29,88,92,98" m="49770,45610" machi="29" ten="30,7700,0" yaku="12,1,19,1,54,2" doraHai="35" who="3" fromWho="0" sc="206,-83,418,0,269,0,97,93" />
</Scene>
<Scene>
<INIT seed="2,0,0,5,3,99" ten="123,418,269,190" oya="2" hai0="55,104,107,95,38,33,37,88,105,10,9,115,75" hai1="129,60,0,134,123,35,41,69,93,64,89,43,94" hai2="52,83,70,62,31,42,7,29,67,5,59,86,84" hai3="30,58,85,15,1,18,12,44,20,80,23,131,122"/><V48/><F42/><W98/><G122/><T74/><D115/><U128/><E35/><V22/><F84/><W63/><G1/><T47/><D33/><U13/><E0/><V65/><F65/><W8/><G131/><N who="1" m="50250" /><E123/><V49/><F49/><W73/><G73/><T19/><D19/><U39/><E39/><V111/><F111/><W27/><G44/><T130/><D130/><U17/><E134/><V72/><F72/><W133/><G133/><T109/><D109/><U2/><E2/><V14/><F31/><W66/><G98/><T97/><D38/><U113/><E94/><V110/><F110/><W34/><REACH who="3" step="1"/><G15/><REACH who="3" ten="123,418,269,180" step="2"/><T117/><D117/><U45/><E45/><N who="2" m="27663" /><F70/><W108/><G108/><T25/><D25/><U112/><E112/><V101/><F14/><W106/><G106/><T54/><D74/><U135/><E113/><V24/><F101/><W87/><G87/><T53/><REACH who="0" step="1"/><D75/><REACH who="0" ten="113,418,269,180" step="2"/><U4/><E135/><V118/><F118/><W21/><G21/><T11/><D11/><N who="1" m="6335" /><E4/><V92/><F92/><W76/><AGARI ba="0,2" hai="8,12,18,20,23,27,30,34,58,63,66,76,80,85" machi="76" ten="20,5200,0" yaku="1,1,0,1,7,1,53,1" doraHai="99" doraHaiUra="26" who="3" fromWho="3" sc="113,-13,418,-13,269,-26,180,72" />
</Scene>
<Scene>
<INIT seed="3,0,0,3,0,112" ten="100,405,243,252" oya="3" hai0="58,67,84,105,46,110,12,132,26,121,52,53,16" hai1="106,95,22,64,119,27,86,102,15,115,38,88,49" hai2="129,74,20,126,87,81,113,25,120,24,33,66,61" hai3="5,55,114,107,118,23,94,82,124,128,133,36,131"/><W30/><G114/><T14/><D110/><U35/><E38/><V117/><F113/><W9/><G107/><T68/><D121/><U51/><E115/><V127/><F74/><W70/><G70/><T90/><D132/><U109/><E109/><V56/><F117/><W7/><G36/><T59/><D105/><U108/><E35/><V79/><F120/><W3/><G133/><T103/><D68/><U91/><E108/><V65/><F129/><N who="3" m="49739" /><G82/><T47/><D103/><U8/><E119/><V2/><F2/><W98/><G55/><T50/><D67/><U101/><E64/><V99/><F99/><W93/><G7/><T78/><D78/><U34/><E34/><V48/><F48/><N who="1" m="18505" /><E106/><V97/><F97/><W21/><G124/><N who="2" m="47657" /><F33/><W73/><G73/><T75/><D75/><U62/><E91/><V85/><F85/><W111/><G111/><T6/><D26/><N who="2" m="10346" /><F20/><N who="3" m="7755" /><G118/><T71/><D71/><U1/><E62/><V54/><AGARI ba="0,0" hai="54,56,61,65,66,79,81,87" m="10346,47657" machi="54" ten="30,1100,0" yaku="18,1" doraHai="112" who="2" fromWho="2" sc="100,-3,405,-3,243,11,252,-5" owari="97,-40.0,402,50.0,254,5.0,247,-15.0" />
</Scene>
</mjloggm>