<mjloggm ver="2.3"><GO type="97"/><UN n0="%CF%88%6A%6F%6B%65%72%CF%88" n1="%E7%8E%8B%E5%BA%9C%E4%B8%BC" n2="%E5%A4%AA%E3%81%8F%E3%81%AA%E3%81%84%E3%81%8A" n3="%79%75%31%30%74%61" dan="13,14,15,13" rate="1840,1928,2047,1936" sx="M,M,M,M"/><TAIKYOKU oya="0"/>

<Scene>
<INIT seed="0,0,0,4,1,63" ten="250,250,250,250" oya="0" hai0="133,66,3,101,39,83,74,20,57,23,117,26,52" hai1="132,5,95,92,84,1,130,105,135,61,124,113,28" hai2="31,56,79,97,121,129,110,9,44,8,90,59,94" hai3="38,118,127,111,58,103,102,12,89,125,106,18,88"/><T81/><D117/><U126/><E105/><V123/><F110/><W34/><G118/><T116/><D39/><U98/><E113/><V72/><F129/><W134/><G34/><T0/><D116/><U55/><E28/><V42/><F31/><W32/><G32/><T35/><D133/><N who="1" m="51275" /><E1/><V62/><F79/><W22/><G134/><T87/><D101/><U37/><E5/><V45/><F72/><W24/><G38/><T16/><D35/><U40/><E84/><V17/><F56/><W6/><G111/><T25/><D74/><U120/><E120/><V131/><F131/><W21/><G6/><T77/><D83/><U51/><E130/><V85/><F123/><W69/><G69/><T93/><D93/><U41/><E95/><V128/><F128/><W76/><G76/><T33/><D33/><U122/><E122/><V29/><F29/><W100/><G106/><T7/><D7/><U119/><E37/><V36/><F121/><W86/><G58/><T47/><D23/><U13/><E13/><V48/><F17/><W78/><G78/><T99/><D26/><U71/><E92/><V114/><F85/><W108/><G108/><T60/><REACH who="0" step="1"/><D99/><REACH who="0" ten="240,250,250,250" step="2"/><U27/><E98/><V10/><F97/><W15/><G86/><T96/><D96/><U2/><E27/><V82/><F82/><W91/><G21/><T46/><D46/><N who="1" m="28151" /><E2/><V19/><F94/><W70/><G70/><T68/><D68/><U11/><E11/><V107/><F8/><W104/><REACH who="3" step="1"/><G104/><REACH who="3" ten="240,250,250,240" step="2"/><T64/><D64/><N who="1" m="41359" /><E119/><V109/><F107/><W53/><G53/><T75/><D75/><RYUUKYOKU ba="0,2" sc="240,10,250,10,250,-30,240,10" hai0="0,3,16,20,25,47,52,57,60,66,77,81,87" hai1="40,41,124,126" hai3="12,15,18,22,24,88,89,91,100,102,103,125,127" />
</Scene>
<Scene>
<INIT seed="0,1,2,0,5,122" ten="250,260,220,250" oya="0" hai0="10,81,72,135,46,107,31,4,115,86,20,42,131" hai1="133,109,29,27,87,33,23,82,112,78,113,67,85" hai2="54,77,9,60,2,35,103,96,28,26,92,13,76" hai3="126,116,117,120,6,98,21,59,18,119,95,30,100"/><T44/><D115/><N who="1" m="44107" /><E133/><V73/><F2/><W70/><G70/><T64/><D72/><U88/><E67/><V34/><F34/><W83/><G30/><T79/><D135/><U63/><E63/><V24/><F24/><W16/><G120/><T0/><D107/><U111/><E33/><V71/><F73/><W47/><G126/><T56/><D131/><U15/><E15/><V101/><F101/><W105/><G6/><T38/><D46/><U134/><E134/><V65/><REACH who="2" step="1"/><F54/><REACH who="2" ten="250,260,210,250" step="2"/><W66/><G105/><T80/><D31/><U48/><E48/><V53/><F53/><W22/><G47/><T84/><D56/><U102/><E102/><V75/><F75/><W94/><G59/><T32/><D32/><U41/><E41/><V93/><F93/><AGARI ba="1,3" hai="23,27,29,78,82,85,87,88,93,109,111" m="44107" machi="93" ten="30,7700,0" yaku="11,1,52,2,54,1" doraHai="122" who="1" fromWho="2" sc="250,0,260,110,210,-80,250,0" />
</Scene>
<Scene>
<INIT seed="1,0,0,2,3,133" ten="250,370,130,250" oya="1" hai0="29,0,18,92,30,6,68,69,70,62,44,72,8" hai1="104,91,103,46,80,20,24,112,53,105,129,89,37" hai2="66,59,7,99,100,27,130,107,67,56,71,26,75" hai3="63,9,39,42,77,23,61,131,22,64,40,65,5"/><U124/><E112/><V93/><F75/><W82/><G39/><T117/><D117/><U21/><E129/><V101/><F130/><W108/><G108/><T50/><D72/><U86/><E103/><V36/><F36/><W51/><G131/><T119/><D119/><U88/><E37/><V60/><F7/><W74/><G51/><T118/><D118/><U110/><E110/><V98/><F71/><W95/><G95/><T120/><D120/><U102/><E102/><V109/><F109/><W13/><G42/><T122/><D122/><U11/><E11/><V14/><F14/><W3/><G40/><T17/><D62/><U96/><E20/><V58/><F60/><W35/><G35/><T73/><D73/><U10/><E10/><V126/><F126/><W55/><G3/><T76/><D76/><U34/><E34/><V32/><REACH who="2" step="1"/><F32/><REACH who="2" ten="250,370,120,250" step="2"/><W79/><G74/><T134/><D70/><U19/><E124/><V57/><N who="2" m="14336" /><DORA hai="81" /><V54/><F54/><W84/><G63/><T78/><D69/><U125/><E125/><V49/><F49/><W45/><G61/><T87/><D68/><U2/><E2/><V127/><F127/><W114/><G114/><T15/><D50/><U38/><E38/><V135/><F135/><W33/><G33/><T4/><D134/><U113/><E113/><V111/><F111/><W16/><G55/><T90/><D6/><U94/><REACH who="1" step="1"/><E91/><REACH who="1" ten="250,360,120,250" step="2"/><V1/><F1/><W128/><G5/><T47/><D0/><U97/><E97/><V106/><F106/><W52/><G128/><T25/><D4/><U43/><E43/><RYUUKYOKU ba="0,2" sc="250,-15,360,15,120,15,250,-15" hai1="19,21,24,46,53,80,86,88,89,94,96,104,105" hai2="26,27,66,67,93,98,99,100,101,107" />
</Scene>
<Scene>
<INIT seed="1,1,2,0,1,10" ten="235,375,135,235" oya="1" hai0="104,83,58,111,41,97,96,60,17,34,74,128,87" hai1="48,129,16,77,37,108,123,35,67,55,11,73,9" hai2="79,89,27,106,28,12,66,64,20,54,84,39,56" hai3="15,135,3,50,102,13,88,29,100,105,49,4,2"/><U14/><E123/><V52/><F39/><W62/><G62/><T69/><D111/><U132/><E37/><V134/><F106/><W59/><G59/><T43/><D128/><U107/><E107/><V127/><F134/><W53/><G105/><T26/><D74/><U126/><E35/><V119/><F119/><W32/><G29/><T38/><D38/><U116/><E116/><V36/><F36/><W98/><G135/><T71/><D71/><U33/><E33/><V40/><F127/><W90/><G98/><T25/><D25/><U72/><E132/><V70/><F70/><W113/><G32/><T22/><D34/><U130/><E126/><V101/><F40/><W51/><G51/><T8/><D69/><U115/><E115/><V122/><F122/><W125/><G125/><T94/><D104/><U76/><E73/><V93/><F101/><W78/><G78/><T63/><D97/><U7/><E72/><V85/><F12/><W68/><G68/><T80/><D8/><U117/><E117/><V86/><F54/><W45/><G53/><T5/><D5/><U92/><E108/><V109/><F109/><W18/><G4/><T1/><D1/><U81/><E130/><V57/><F57/><W112/><G18/><T23/><D23/><U118/><E118/><V82/><REACH who="2" step="1"/><F86/><REACH who="2" ten="235,375,125,235" step="2"/><W44/><AGARI ba="1,3" hai="2,3,13,15,44,45,49,50,88,90,100,102,112,113" machi="44" ten="25,12000,2" yaku="0,1,22,2,52,2,54,1" doraHai="10" who="3" fromWho="3" sc="235,-31,375,-61,125,-31,235,153" />
</Scene>
<Scene>
<INIT seed="2,0,0,4,1,111" ten="204,314,94,388" oya="2" hai0="44,90,62,41,60,54,2,30,42,7,77,117,53" hai1="35,124,81,15,116,3,94,89,36,102,40,71,113" hai2="88,68,72,4,123,101,48,107,32,9,135,133,56" hai3="26,24,121,79,70,82,69,6,51,34,130,110,49"/><V50/><F123/><W59/><G121/><T92/><D117/><U83/><E116/><V52/><F68/><W103/><G110/><T67/><D77/><U114/><E71/><V47/><F32/><W105/><G6/><T63/><D30/><U18/><E3/><V97/><F72/><W21/><G130/><T14/><D2/><U84/><E35/><V95/><F9/><W1/><G34/><T66/><D14/><U43/><E36/><V99/><REACH who="2" step="1"/><F4/><REACH who="2" ten="204,314,84,388" step="2"/><W13/><G70/><T91/><D7/><U87/><E124/><V96/><F96/><W58/><G69/><T93/><REACH who="0" step="1"/><D63/><REACH who="0" ten="194,314,84,388" step="2"/><U28/><E28/><V115/><F115/><W74/><G1/><T128/><D128/><U38/><E114/><V33/><F33/><W46/><G26/><T75/><D75/><U5/><E113/><V100/><F100/><W12/><G13/><T131/><D131/><U65/><E5/><V118/><F118/><W119/><G12/><T86/><D86/><U104/><E102/><V22/><F22/><W98/><G119/><T80/><D80/><U106/><E15/><V61/><F61/><W125/><G24/><T29/><D29/><U16/><E38/><V23/><F23/><W10/><G125/><T20/><D20/><U109/><E81/><V76/><F76/><W108/><G10/><T0/><D0/><U132/><E83/><V25/><F25/><W120/><G21/><T85/><D85/><U78/><E78/><V73/><F73/><W126/><G120/><T127/><D127/><U17/><E84/><V31/><F31/><W37/><G126/><RYUUKYOKU ba="0,2" sc="194,15,314,-15,84,15,388,-15" hai0="41,42,44,53,54,60,62,66,67,90,91,92,93" hai2="47,48,50,52,56,88,95,97,99,101,107,133,135" />
</Scene>
<Scene>
<INIT seed="2,1,2,5,3,127" ten="209,299,99,373" oya="2" hai0="21,19,62,119,23,5,70,39,42,80,65,110,46" hai1="29,40,6,122,92,132,15,51,87,59,135,77,73" hai2="126,121,133,75,103,25,97,93,63,27,33,129,55" hai3="12,124,99,115,10,4,38,104,109,71,81,117,91"/><V82/><F121/><W69/><G38/><T107/><D110/><U90/><E122/><V30/><F126/><W96/><G124/><T112/><D112/><U89/><E29/><V134/><F27/><W86/><G117/><T98/><D119/><U130/><E6/><V123/><F123/><W52/><G115/><T48/><D5/><U88/><E15/><V68/><F129/><W7/><G109/><T34/><D34/><U58/><E40/><V47/><F47/><W36/><G36/><T41/><D80/><N who="1" m="45103" /><E51/><V26/><F26/><W116/><G116/><T17/><D98/><N who="1" m="57607" /><E58/><V113/><F113/><W14/><G104/><T61/><D107/><U84/><E59/><V78/><REACH who="2" step="1"/><F55/><REACH who="2" ten="209,299,89,373" step="2"/><W64/><G52/><T18/><REACH who="0" step="1"/><D62/><REACH who="0" ten="199,299,89,373" step="2"/><U43/><E43/><V2/><F2/><W94/><G64/><AGARI ba="1,4" hai="25,30,33,63,64,68,75,78,82,93,97,103,133,134" machi="64" ten="40,2000,0" yaku="1,1,53,0" doraHai="127" doraHaiUra="102" who="2" fromWho="3" sc="199,0,299,0,89,63,373,-23" />
</Scene>
<Scene>
<INIT seed="2,2,0,0,3,133" ten="199,299,152,350" oya="2" hai0="76,23,71,24,110,42,109,58,13,26,15,89,54" hai1="38,3,114,93,116,83,14,12,86,41,8,129,81" hai2="66,92,46,25,7,80,131,61,27,45,79,104,126" hai3="82,70,108,43,134,118,37,97,88,68,1,21,60"/><V48/><F104/><W2/><G1/><T57/><D71/><U67/><E114/><V91/><F131/><W101/><G118/><T9/><D76/><U56/><E116/><V47/><F7/><W28/><G2/><T18/><D42/><U51/><E129/><V49/><F126/><W65/><G70/><T39/><D39/><U74/><E3/><V95/><F79/><W10/><G134/><T130/><D130/><U33/><E33/><V78/><F78/><W73/><G10/><T40/><D40/><U105/><E105/><V52/><F80/><W107/><G108/><T103/><D103/><U64/><E74/><V44/><F49/><W122/><G73/><T99/><D58/><U135/><E135/><V115/><F115/><W123/><G122/><T90/><D90/><U4/><E38/><V111/><F111/><W29/><G123/><T36/><D36/><U127/><E127/><V30/><F30/><W128/><G128/><T31/><D110/><U87/><E41/><V85/><REACH who="2" step="1"/><F95/><REACH who="2" ten="199,299,142,350" step="2"/><W69/><G107/><T124/><D109/><U55/><E93/><V121/><F121/><W6/><G28/><T19/><D124/><U72/><E72/><V50/><F50/><W77/><G6/><T102/><D31/><U59/><E83/><V112/><F112/><W132/><G29/><T5/><D5/><U75/><E75/><V100/><F100/><W0/><G77/><T113/><D113/><U17/><E81/><V98/><F98/><W35/><G82/><T16/><D19/><U34/><E34/><V125/><F125/><W120/><G97/><RYUUKYOKU ba="2,1" sc="199,-10,299,-10,142,30,350,-10" hai2="25,27,44,45,46,47,48,52,61,66,85,91,92" />
</Scene>
<Scene>
<INIT seed="2,3,1,2,3,48" ten="189,289,172,340" oya="2" hai0="69,63,47,51,95,2,121,108,82,64,31,96,85" hai1="55,58,126,94,81,74,65,130,132,77,114,97,68" hai2="35,111,21,92,36,88,76,129,56,23,11,27,3" hai3="127,66,113,75,15,24,87,33,91,62,45,105,28"/><V12/><F36/><W107/><G75/><T44/><D121/><U1/><E114/><V46/><F3/><W8/><G113/><T41/><D2/><U133/><E1/><V19/><F129/><W104/><G127/><T5/><D108/><U79/><E126/><V60/><F111/><W116/><G45/><T39/><D5/><U32/><E32/><V6/><F76/><W78/><G78/><T109/><D109/><U70/><E130/><V67/><F46/><W20/><G116/><T118/><D118/><U30/><E30/><V135/><F135/><N who="1" m="51785" /><E79/><V43/><F43/><W134/><G134/><T0/><D0/><U7/><E65/><V37/><F37/><W42/><G42/><T54/><D31/><U123/><E7/><V100/><F100/><W98/><G33/><T73/><D73/><U122/><E122/><V52/><F35/><W9/><G98/><T38/><D38/><U125/><E125/><V34/><F34/><W80/><REACH who="3" step="1"/><G15/><REACH who="3" ten="189,289,172,330" step="2"/><T119/><D119/><U18/><E123/><V10/><F67/><W13/><G13/><T124/><D124/><U84/><E97/><N who="2" m="57479" /><F6/><W117/><G117/><T112/><D112/><U53/><E94/><V131/><F131/><W93/><G93/><T128/><D128/><U26/><E74/><V4/><F4/><W16/><G16/><AGARI ba="3,2" hai="10,11,12,16,19,21,23,27,52,56,60" m="57479" machi="16" ten="30,18000,2" yaku="25,1,8,1,52,1,54,3" doraHai="48" who="2" fromWho="3" sc="189,0,289,0,172,209,330,-189" />
</Scene>
<Scene>
<INIT seed="2,4,0,0,4,61" ten="189,289,381,141" oya="2" hai0="50,62,101,82,10,114,57,120,41,45,129,90,117" hai1="19,11,132,115,102,4,131,128,104,9,111,74,103" hai2="70,59,0,49,94,65,75,31,100,85,1,119,14" hai3="86,81,32,78,106,23,96,52,79,56,46,127,5"/><V76/><F119/><W97/><G32/><T77/><D114/><U122/><E115/><V93/><F31/><W95/><G127/><T121/><D117/><U27/><E122/><V113/><F113/><W28/><G5/><T44/><D129/><N who="1" m="49739" /><E74/><V133/><F133/><W87/><G46/><T60/><D101/><U16/><E132/><V124/><F100/><W109/><G109/><T3/><D90/><U34/><E111/><V12/><F75/><W20/><G106/><T88/><D77/><U84/><E104/><V6/><F70/><W8/><G28/><T48/><D10/><N who="1" m="3595" /><E84/><N who="3" m="32298" /><G8/><T107/><D3/><U92/><E92/><V135/><F85/><N who="3" m="48311" /><G79/><T110/><D107/><U126/><E126/><V112/><F76/><W72/><G72/><T15/><D15/><U33/><E4/><V36/><F6/><W25/><G25/><T63/><D88/><U29/><E34/><V35/><F35/><W91/><G97/><T26/><D82/><U68/><E68/><V71/><F71/><W105/><G105/><T7/><D7/><U53/><E53/><V18/><F124/><W21/><G21/><T64/><D26/><U40/><E40/><V83/><F135/><W54/><G54/><N who="0" m="29959" /><D110/><U108/><E108/><V42/><F112/><W125/><G125/><T13/><D13/><U66/><E103/><V24/><F12/><W37/><G37/><T73/><D73/><U130/><N who="1" m="49747" /><U69/><DORA hai="99" /><E102/><V55/><F14/><W2/><G2/><T58/><D58/><U47/><E47/><V80/><F0/><W67/><G52/><T134/><D134/><RYUUKYOKU ba="4,0" sc="189,10,289,10,381,-30,141,10" hai0="41,45,50,57,60,62,63,64,120,121" hai1="16,19,27,29,33,66,69" hai3="20,23,56,67,91,95,96" />
</Scene>
<Scene>
<INIT seed="3,5,0,3,1,105" ten="199,299,351,151" oya="3" hai0="94,46,79,117,65,93,41,77,35,28,135,1,71" hai1="107,134,52,73,76,60,34,29,64,62,92,78,95" hai2="40,33,0,58,127,24,122,4,133,6,3,55,63" hai3="38,68,13,87,119,42,15,113,112,120,109,118,128"/><W101/><G68/><T91/><D117/><N who="3" m="44553" /><G101/><T89/><D135/><U98/><E107/><V67/><F40/><W12/><G87/><T23/><D35/><U124/><E134/><V57/><F133/><W27/><G38/><T86/><D1/><U114/><E114/><N who="3" m="44138" /><G42/><T82/><D71/><U84/><E124/><V115/><F115/><W7/><G128/><T44/><D65/><U106/><E106/><V75/><F75/><W30/><G120/><T56/><D56/><U21/><E73/><V132/><F132/><W110/><G7/><T50/><D46/><U11/><E98/><V131/><F6/><W80/><G80/><T43/><D43/><U90/><E52/><V97/><F4/><W85/><G85/><T108/><D108/><N who="3" m="41577" /><G12/><T47/><D47/><U99/><E84/><V18/><F122/><W88/><G88/><T103/><D103/><U72/><E72/><V96/><F131/><W61/><G61/><T17/><D79/><U130/><E130/><V81/><F81/><W121/><G121/><T22/><D93/><U39/><E39/><V111/><F111/><W69/><G69/><T20/><D91/><U125/><E90/><V16/><F97/><W10/><G10/><T5/><D5/><U32/><E11/><V100/><F96/><W19/><G19/><T126/><D17/><U8/><E8/><V70/><F16/><W48/><G48/><T54/><D41/><U116/><E99/><V74/><F18/><W49/><G49/><T129/><D129/><U14/><E116/><V2/><F100/><W25/><G25/><T45/><D45/><RYUUKYOKU ba="5,0" sc="199,-10,299,-10,351,-10,151,30" hai3="13,15,27,30" />
</Scene>
<Scene>
<INIT seed="3,6,0,1,3,70" ten="189,289,341,181" oya="3" hai0="89,77,54,59,31,64,32,88,72,52,111,133,56" hai1="105,98,13,39,108,69,34,46,21,120,23,75,74" hai2="97,116,68,0,112,25,113,125,12,29,117,11,61" hai3="3,2,122,48,101,115,47,114,26,55,9,6,96"/><W4/><G122/><T67/><D111/><U30/><E120/><V81/><F81/><W60/><G60/><T127/><D133/><U7/><E108/><V123/><F97/><W53/><G53/><T16/><D127/><U132/><E132/><V51/><F51/><W27/><G115/><N who="2" m="44105" /><F123/><W129/><G114/><T118/><D118/><N who="2" m="45674" /><F61/><W42/><G129/><T33/><D72/><U44/><E69/><V134/><F68/><W50/><G3/><T130/><D130/><U87/><E87/><V18/><F134/><W36/><G6/><T49/><D77/><U57/><E46/><V119/><F119/><W126/><G126/><T62/><D33/><U107/><E74/><V109/><F125/><W63/><G63/><T73/><D73/><U35/><E75/><V71/><F71/><W82/><G82/><T8/><D67/><U103/><E105/><V100/><F100/><W128/><G128/><T38/><D64/><U84/><E57/><V83/><F83/><W102/><G102/><T24/><REACH who="0" step="1"/><D38/><REACH who="0" ten="179,289,341,181" step="2"/><U95/><E35/><N who="2" m="20911" /><F109/><W110/><G110/><T106/><D106/><U124/><E124/><V86/><F0/><W94/><REACH who="3" step="1"/><G50/><REACH who="3" ten="179,289,341,171" step="2"/><T20/><D20/><U58/><E103/><V78/><F11/><W41/><G41/><T22/><D22/><U45/><E23/><V15/><F78/><W91/><G91/><T76/><D76/><U104/><E21/><V10/><F10/><W131/><G131/><T80/><D80/><U19/><E7/><V14/><F14/><AGARI ba="6,2" hai="8,14,16,24,31,32,49,52,54,56,59,62,88,89" machi="14" ten="40,8000,1" yaku="1,1,54,3,53,0" doraHai="70" doraHaiUra="121" who="0" fromWho="2" sc="179,118,289,0,341,-98,171,0" />
</Scene>
<Scene>
<INIT seed="4,0,0,2,4,127" ten="297,289,243,171" oya="0" hai0="96,39,71,53,95,16,3,62,100,76,69,66,38" hai1="97,107,115,56,80,65,57,122,126,92,34,20,63" hai2="54,131,113,37,125,118,1,19,32,22,11,0,84" hai3="123,91,8,2,25,87,114,27,103,82,28,75,124"/><T49/><D3/><U42/><E122/><V78/><F37/><W36/><G36/><T132/><D71/><U109/><E109/><V18/><F54/><W108/><G108/><T41/><D132/><U40/><E126/><V74/><F74/><W73/><G124/><T12/><D76/><U81/><E34/><V43/><F43/><N who="1" m="16425" /><E107/><V68/><F68/><W93/><G123/><T111/><D41/><U83/><E115/><V72/><F84/><W106/><G114/><T85/><D111/><U30/><E57/><V60/><F60/><W14/><G2/><T15/><D85/><U51/><E51/><V104/><F104/><W6/><G106/><T121/><D15/><U46/><E46/><V64/><F64/><W70/><G70/><T99/><D99/><U88/><E80/><V61/><F61/><W98/><REACH who="3" step="1"/><G27/><AGARI ba="0,0" hai="20,27,30,56,63,65,81,83,88,92,97" m="16425" machi="27" ten="30,2000,0" yaku="8,1,54,1" doraHai="127" who="1" fromWho="3" sc="297,0,289,20,243,0,171,-20" owari="297,10.0,309,41.0,243,-16.0,151,-35.0" />
</Scene>
</mjloggm>