<mjloggm ver="2.3"><GO type="41"/><UN n0="%6D%74%6B%6E%31%32%31%34" n1="%E7%AB%B6%E5%A1%A9%E5%BE%97%E4%B9%B3%E5%BE%A1" n2="%E5%A4%AA%E3%81%8F%E3%81%AA%E3%81%84%E3%81%8A" n3="%E3%81%A9%E3%82%89%E3%83%89%E3%83%A9%EF%BC%81" dan="14,13,15,16" rate="1893,1839,2051,2112" sx="M,M,M,M"/><TAIKYOKU oya="0"/>

<Scene>
<INIT seed="0,0,0,3,4,128" ten="250,250,250,250" oya="0" hai0="117,35,109,74,133,2,96,36,54,77,84,68,81" hai1="121,22,73,61,32,58,86,47,107,0,113,99,48" hai2="14,92,100,75,129,98,8,97,13,16,43,45,85" hai3="25,67,62,102,20,64,123,65,108,95,78,9,76"/><T3/><D68/><U5/><E121/><V27/><F75/><W87/><G108/><T7/><D117/><U6/><E32/><V88/><F129/><W53/><G9/><T30/><D109/><U125/><E73/><V105/><F27/><W101/><G123/><T72/><D36/><U120/><E120/><V82/><F14/><W112/><G112/><T31/><D54/><U134/><E113/><V29/><F29/><W51/><G62/><T1/><D96/><U52/><E125/><V118/><F118/><W135/><G135/><T19/><D19/><U23/><E134/><V122/><F122/><W33/><G33/><T42/><D42/><U126/><E126/><V91/><F45/><W57/><G95/><T131/><D133/><U127/><E127/><V94/><REACH who="2" step="1"/><F43/><REACH who="2" ten="250,250,240,250" step="2"/><W119/><G119/><T70/><D70/><U12/><E12/><V79/><F79/><W39/><G78/><T24/><D131/><U56/><E0/><V124/><F124/><W44/><G76/><T83/><D31/><U63/><E47/><V93/><AGARI ba="0,1" hai="8,13,16,82,85,88,91,92,93,94,97,98,100,105" machi="93" ten="30,7900,0" yaku="1,1,0,1,54,2,53,0" doraHai="128" doraHaiUra="110" who="2" fromWho="2" sc="250,-39,250,-20,240,89,250,-20" />
</Scene>
<Scene>
<INIT seed="1,0,0,5,1,130" ten="211,230,329,230" oya="1" hai0="4,86,22,48,104,12,63,44,131,122,62,80,13" hai1="79,23,37,24,43,105,132,0,125,126,67,120,107" hai2="8,40,46,25,119,5,42,74,108,14,53,84,88" hai3="124,89,92,100,20,16,10,94,2,117,97,50,123"/><U109/><E132/><V116/><F74/><W76/><G123/><T127/><D131/><U134/><E120/><V83/><F108/><W55/><G124/><N who="1" m="47722" /><E0/><V78/><F78/><W15/><G76/><T65/><D104/><U113/><E134/><V7/><F7/><W28/><G117/><T69/><D63/><U82/><E113/><V34/><F53/><W29/><G2/><T71/><D69/><U30/><E109/><V115/><F115/><W135/><G135/><T41/><D122/><U133/><E133/><V77/><F42/><W75/><G75/><T96/><D96/><U58/><E37/><V85/><F25/><W17/><G17/><T54/><D127/><U60/><E43/><V112/><F34/><W121/><G10/><T98/><D98/><U70/><E70/><V6/><F6/><W68/><G68/><T103/><D103/><U21/><E23/><V93/><REACH who="2" step="1"/><F112/><REACH who="2" ten="211,230,319,230" step="2"/><W90/><G121/><T64/><D54/><U11/><E11/><V129/><F129/><W47/><REACH who="3" step="1"/><G100/><REACH who="3" ten="211,230,319,220" step="2"/><T102/><D102/><U91/><E79/><V114/><F114/><W9/><G9/><T81/><D4/><U19/><E30/><V3/><F3/><W72/><G72/><T128/><D128/><U26/><E19/><V118/><F118/><W106/><G106/><T38/><D64/><U49/><E107/><V39/><AGARI ba="0,2" hai="5,8,14,39,40,46,77,83,84,85,88,93,116,119" machi="39" ten="20,5200,0" yaku="1,1,0,1,7,1,54,1,53,0" doraHai="130" doraHaiUra="32" who="2" fromWho="2" sc="211,-13,230,-26,319,72,220,-13" />
</Scene>
<Scene>
<INIT seed="2,0,0,2,2,26" ten="198,204,391,207" oya="2" hai0="9,35,45,8,14,90,99,122,128,124,47,25,92" hai1="15,54,120,0,23,77,82,106,19,78,94,57,13" hai2="108,103,129,105,5,134,125,34,1,61,51,36,17" hai3="24,97,114,102,46,83,95,73,32,74,33,27,81"/><V133/><F36/><W127/><G46/><T21/><D128/><U80/><E106/><V11/><F34/><W50/><G50/><T69/><D69/><U63/><E120/><V49/><F129/><W6/><G95/><T126/><D122/><U101/><E0/><V10/><F125/><N who="0" m="48234" /><D35/><U40/><E40/><V72/><F72/><W2/><G127/><T91/><D90/><U65/><E65/><V42/><F61/><W31/><G97/><T76/><D76/><U16/><E78/><V60/><F60/><W131/><G2/><T44/><D14/><U55/><E55/><V111/><F103/><W41/><G41/><T88/><D91/><U107/><E107/><V18/><F105/><W109/><G6/><T79/><D79/><U89/><E101/><V100/><F100/><W37/><G102/><T85/><D85/><U116/><E116/><V3/><F42/><W12/><G12/><T59/><D59/><U30/><E30/><AGARI ba="0,0" hai="8,9,21,25,30,44,45,47,88,92,99" m="48234" machi="30" ten="30,3900,0" yaku="18,1,52,1,54,1" doraHai="26" who="0" fromWho="1" sc="198,39,204,-39,391,0,207,0" />
</Scene>
<Scene>
<INIT seed="3,0,0,2,3,7" ten="237,165,391,207" oya="3" hai0="118,16,71,88,57,14,9,110,29,107,129,65,60" hai1="101,126,130,45,52,105,92,87,72,43,114,58,85" hai2="33,64,112,55,61,74,4,34,13,131,116,94,47" hai3="21,39,90,44,12,8,30,5,117,97,53,96,111"/><W48/><G117/><T122/><D118/><U69/><E69/><V3/><F116/><W27/><G111/><T86/><D107/><U98/><E114/><V20/><F112/><W133/><G133/><T11/><D129/><U42/><E130/><V91/><F74/><W76/><G76/><T84/><D122/><U49/><E126/><V18/><F131/><W22/><G39/><T41/><D41/><U68/><E68/><V119/><F119/><W108/><G108/><T100/><D100/><U62/><E72/><V127/><F127/><W77/><G77/><T67/><D29/><U37/><E43/><V0/><F55/><W104/><G104/><T113/><D113/><U135/><E135/><V15/><F47/><W50/><G90/><T23/><D86/><U66/><E105/><V2/><F4/><W17/><REACH who="3" step="1"/><G48/><REACH who="3" ten="237,165,391,197" step="2"/><T40/><D110/><U56/><AGARI ba="0,1" hai="37,42,45,49,52,56,58,62,66,85,87,92,98,101" machi="56" ten="20,2700,0" yaku="0,1,7,1,54,1" doraHai="7" who="1" fromWho="1" sc="237,-7,165,37,391,-7,197,-13" />
</Scene>
<Scene>
<INIT seed="4,0,0,3,0,129" ten="230,202,384,184" oya="0" hai0="35,44,40,70,51,97,135,120,49,69,25,64,126" hai1="3,104,39,98,56,99,103,27,1,59,63,45,102" hai2="14,54,55,26,111,77,17,96,47,80,11,89,67" hai3="37,34,84,32,115,125,105,48,8,60,81,22,72"/><T133/><D120/><U127/><E127/><V28/><F111/><W18/><G37/><T117/><D35/><U66/><E39/><V43/><F67/><W91/><G72/><T16/><D117/><U94/><E45/><V114/><F114/><W130/><G115/><T38/><D97/><U13/><E59/><V29/><F89/><W78/><G105/><T86/><D86/><U46/><E46/><V62/><F96/><W124/><G8/><T119/><D119/><U100/><E103/><V71/><F71/><W88/><G48/><N who="0" m="18507" /><D25/><U5/><E5/><V0/><F0/><W85/><G60/><N who="0" m="40071" /><D16/><U36/><E36/><V2/><F2/><W92/><G130/><T58/><D126/><N who="3" m="48745" /><G91/><T131/><D131/><U106/><E13/><AGARI ba="0,0" hai="13,18,22,32,34,78,81,84,85,88,92" m="48745" machi="13" ten="30,2000,0" yaku="18,1,54,1" doraHai="129" who="3" fromWho="1" sc="230,0,202,-20,384,0,184,20" />
</Scene>
<Scene>
<INIT seed="5,0,0,4,2,52" ten="230,182,384,204" oya="1" hai0="99,39,118,81,112,83,42,129,82,2,20,130,133" hai1="90,70,94,92,69,66,28,101,48,30,43,23,102" hai2="31,26,93,127,135,80,27,116,51,103,119,84,100" hai3="110,49,8,56,50,41,122,126,89,64,22,134,123"/><U3/><E3/><V58/><F127/><W12/><G110/><T1/><D39/><U32/><E43/><V77/><F135/><W6/><G134/><T10/><D112/><U111/><E66/><V5/><F5/><W115/><G115/><T47/><D99/><U40/><E40/><V107/><F107/><W113/><G113/><T75/><D118/><U104/><E48/><V57/><F27/><W9/><G126/><T21/><D75/><U108/><E23/><N who="0" m="8777" /><D47/><U44/><E44/><V24/><F24/><W53/><G64/><T124/><D124/><U125/><E125/><V91/><F100/><W87/><G41/><T34/><D42/><U55/><E55/><V11/><F103/><W78/><G50/><T128/><D133/><U68/><E68/><V61/><F51/><W59/><G78/><T54/><D54/><U86/><E86/><V15/><F26/><W106/><G106/><T105/><D105/><U4/><E104/><V25/><F25/><W38/><G38/><T18/><D18/><U33/><E90/><V79/><F79/><W98/><G98/><T16/><D34/><U76/><REACH who="1" step="1"/><E4/><REACH who="1" ten="230,172,384,204" step="2"/><N who="2" m="3559" /><F119/><W35/><G49/><T0/><D10/><U88/><E88/><V71/><F116/><W19/><G8/><T37/><D37/><U109/><E109/><V85/><F71/><W117/><G117/><T65/><D16/><U62/><E62/><V74/><F61/><W14/><G53/><T60/><D60/><U96/><E96/><V120/><F85/><W114/><G114/><T45/><D45/><U73/><E73/><V36/><F74/><RYUUKYOKU ba="0,1" sc="230,15,172,15,384,-15,204,-15" hai0="0,1,2,65,81,82,83,128,129,130" hai1="28,30,32,33,69,70,76,92,94,101,102,108,111" />
</Scene>
<Scene>
<INIT seed="5,1,1,4,0,52" ten="245,187,369,189" oya="1" hai0="122,94,105,58,125,62,118,123,46,36,7,29,134" hai1="37,13,22,6,110,0,73,15,81,90,74,34,82" hai2="111,69,135,84,12,113,56,57,86,66,21,61,85" hai3="51,89,80,10,126,70,100,16,101,18,133,40,127"/><U30/><E37/><V24/><F111/><W88/><G70/><T92/><D105/><U2/><E22/><V71/><F135/><W31/><G31/><T72/><D118/><U129/><E6/><V38/><F38/><W98/><G40/><T53/><D72/><U8/><E8/><V130/><F130/><W33/><G33/><T87/><D134/><U75/><E30/><V55/><F113/><W78/><G51/><T35/><D7/><U50/><E50/><N who="2" m="30839" /><F71/><W45/><G45/><T104/><D104/><U49/><E49/><V3/><F69/><W1/><G1/><N who="1" m="618" /><E34/><V128/><F128/><W114/><G133/><T116/><D116/><U59/><E59/><V44/><F3/><W119/><G119/><T64/><D36/><U108/><E129/><V20/><F44/><W43/><G43/><T124/><D46/><U19/><E90/><N who="3" m="34922" /><G114/><T48/><D87/><U103/><E103/><N who="3" m="39498" /><G10/><T121/><D29/><U26/><E26/><V5/><F24/><W17/><G98/><T131/><D35/><U120/><E120/><V25/><F25/><W63/><G63/><T76/><D76/><U11/><E15/><V41/><F41/><W132/><G132/><T93/><D131/><U97/><E97/><V14/><F14/><W67/><G67/><T47/><AGARI ba="1,1" hai="47,48,53,58,62,64,92,93,94,121,122,123,124,125" machi="47" ten="40,5200,0" yaku="0,1,13,1,52,1" doraHai="52" who="0" fromWho="0" sc="245,65,187,-27,369,-14,189,-14" />
</Scene>
<Scene>
<INIT seed="6,0,0,5,5,36" ten="310,160,355,175" oya="2" hai0="117,42,51,3,37,11,20,131,50,73,125,55,70" hai1="23,112,25,101,7,68,82,30,34,132,79,130,78" hai2="77,133,44,43,14,35,71,115,122,111,110,75,114" hai3="58,123,18,87,13,104,85,100,76,46,72,39,59"/><V89/><F71/><W22/><G123/><T128/><D117/><U8/><E68/><V80/><F35/><W108/><G108/><N who="2" m="41513" /><F122/><W19/><G72/><T65/><D73/><U33/><E112/><N who="2" m="43051" /><F133/><W0/><G0/><T10/><D3/><U26/><E132/><V53/><F14/><W64/><G100/><T99/><D20/><U91/><E130/><V93/><F53/><W56/><G104/><T90/><D51/><U57/><E101/><V109/><F109/><W4/><G4/><T66/><D90/><U81/><E26/><V86/><F44/><W120/><G120/><T102/><D55/><U116/><E116/><V94/><F43/><W12/><G64/><T118/><D65/><U47/><E34/><V126/><F126/><W29/><G76/><T49/><D66/><U135/><E135/><V2/><F2/><W95/><G95/><AGARI ba="0,0" hai="75,77,80,86,89,93,94,95" m="43051,41513" machi="95" ten="30,11600,0" yaku="10,1,15,1,34,2" doraHai="36" who="2" fromWho="3" sc="310,0,160,0,355,116,175,-116" />
</Scene>
<Scene>
<INIT seed="6,1,0,5,2,74" ten="310,160,471,59" oya="2" hai0="2,45,64,72,43,103,44,28,79,67,57,133,33" hai1="49,123,135,84,97,76,115,11,85,41,46,35,91" hai2="10,102,38,61,18,121,15,122,126,87,107,110,25" hai3="95,89,100,12,105,13,63,78,0,99,4,42,116"/><V40/><F126/><W59/><G116/><T50/><D133/><U81/><E123/><V112/><F112/><W98/><G0/><T90/><D2/><U27/><E135/><V66/><F110/><W69/><G69/><T6/><D103/><U119/><E115/><V60/><F60/><W65/><G4/><T111/><D6/><U129/><E119/><V37/><F87/><W58/><G42/><T104/><D104/><U52/><E129/><V1/><F1/><W128/><G128/><T106/><D111/><U88/><E35/><V14/><F14/><W80/><REACH who="3" step="1"/><G59/><REACH who="3" ten="310,160,471,49" step="2"/><T29/><D57/><U39/><E27/><V83/><F40/><W56/><G56/><T125/><D125/><U34/><E34/><V117/><F25/><W70/><G70/><T53/><D43/><U5/><E97/><V30/><F117/><W48/><G48/><T101/><D50/><U19/><E19/><V3/><F18/><W22/><G22/><T62/><D33/><U20/><E20/><V31/><F3/><W96/><G96/><T108/><D108/><U7/><E7/><V26/><F26/><W82/><G82/><T8/><D8/><U109/><E109/><V86/><F83/><W21/><G21/><T55/><D62/><U118/><E118/><V23/><F61/><W120/><G120/><T16/><D16/><U93/><E81/><V113/><F10/><W17/><G17/><T130/><D28/><U32/><E11/><V51/><F30/><W9/><G9/><T54/><D29/><U92/><E41/><V77/><F31/><W132/><G132/><RYUUKYOKU ba="1,1" sc="310,-10,160,-10,471,-10,49,30" hai3="12,13,58,63,65,78,80,89,95,98,99,100,105" />
</Scene>
<Scene>
<INIT seed="7,2,1,2,5,77" ten="300,150,461,79" oya="3" hai0="117,128,106,40,16,114,38,111,51,15,74,123,103" hai1="95,72,34,64,122,31,47,118,94,2,134,89,13" hai2="59,42,82,33,87,102,88,14,124,46,78,53,108" hai3="56,71,63,11,85,99,28,17,29,120,7,60,22"/><W119/><G119/><T93/><D15/><U41/><E118/><V4/><F108/><W112/><G112/><T18/><D16/><U101/><E122/><V104/><F33/><W92/><G120/><T79/><D18/><U133/><E72/><V43/><F124/><W57/><G71/><T36/><D51/><U121/><E2/><V69/><F69/><W58/><G85/><T9/><D40/><U115/><E121/><V32/><F32/><W100/><G60/><T116/><D9/><U62/><E115/><V3/><F3/><W45/><G63/><T37/><D38/><U68/><E13/><V129/><F129/><W0/><REACH who="3" step="1"/><G45/><REACH who="3" ten="300,150,461,69" step="2"/><T55/><D114/><U86/><E134/><V61/><F46/><W30/><G30/><T54/><D123/><U19/><E133/><V90/><F87/><W97/><G97/><T25/><D117/><U126/><E31/><V20/><F61/><W23/><G23/><T70/><D70/><U26/><E62/><V113/><F20/><W66/><G66/><T91/><D116/><U50/><E64/><V125/><F113/><W109/><G109/><T10/><D111/><U27/><E68/><V73/><F73/><W21/><G21/><T105/><D74/><U52/><E47/><V24/><F59/><W39/><G39/><T132/><D36/><U83/><E34/><V98/><F98/><W5/><G5/><T67/><D37/><U65/><E65/><V6/><F4/><W80/><G80/><T96/><D132/><U76/><E83/><V84/><F6/><W35/><G35/><T127/><D96/><RYUUKYOKU ba="2,2" sc="300,-10,150,-10,461,-10,69,30" hai3="0,7,11,17,22,28,29,56,57,58,92,99,100" />
</Scene>
<Scene>
<INIT seed="7,3,2,0,5,128" ten="290,140,451,99" oya="3" hai0="104,79,80,9,3,71,6,124,98,35,50,95,36" hai1="87,130,44,5,29,72,132,58,45,77,107,7,53" hai2="12,85,65,21,62,18,113,25,16,64,2,92,13" hai3="49,81,54,34,97,90,86,57,48,42,123,105,91"/><W43/><G123/><T20/><D124/><U61/><E130/><V66/><F2/><W73/><G73/><T0/><D0/><U116/><E72/><V83/><F113/><W69/><G69/><T131/><D131/><U110/><E116/><V117/><F117/><W94/><G34/><T112/><D112/><U15/><E110/><V33/><F92/><W101/><REACH who="3" step="1"/><G49/><REACH who="3" ten="290,140,451,89" step="2"/><T134/><D71/><U30/><E132/><V102/><F33/><W68/><G68/><T59/><D35/><U96/><E107/><V75/><F75/><W22/><G22/><T4/><D20/><U121/><E121/><V11/><F102/><W19/><G19/><T88/><D104/><U115/><E115/><V10/><F62/><W111/><G111/><T74/><D4/><U126/><E126/><V82/><F85/><AGARI ba="3,3" hai="42,43,48,54,57,81,85,86,90,91,94,97,101,105" machi="85" ten="30,2900,0" yaku="1,1,7,1,53,0" doraHai="128" doraHaiUra="118" who="3" fromWho="2" sc="290,0,140,0,451,-38,89,68" />
</Scene>
<Scene>
<INIT seed="7,4,0,2,4,120" ten="290,140,413,157" oya="3" hai0="56,38,77,28,131,73,72,32,74,81,23,19,98" hai1="109,135,12,3,10,21,89,36,5,39,126,43,116" hai2="106,91,85,110,103,121,123,7,20,108,0,45,53" hai3="62,59,79,99,40,51,132,133,130,9,80,46,68"/><W86/><G68/><T15/><D38/><U41/><E116/><V104/><F20/><W65/><G130/><T107/><D131/><U27/><E126/><V94/><F7/><W117/><G117/><T42/><D42/><U129/><E129/><V97/><F0/><W128/><G128/><T17/><D17/><U111/><E135/><V71/><F71/><W24/><G24/><T33/><D33/><U124/><E124/><V102/><F45/><W16/><REACH who="3" step="1"/><G99/><REACH who="3" ten="290,140,413,147" step="2"/><T84/><D98/><U18/><E89/><V96/><F121/><W13/><AGARI ba="4,1" hai="9,13,16,40,46,51,59,62,65,79,80,86,132,133" machi="13" ten="30,11700,0" yaku="1,1,2,1,0,1,54,1,53,0" doraHai="120" doraHaiUra="34" who="3" fromWho="3" sc="290,-43,140,-43,413,-43,147,139" />
</Scene>
<Scene>
<INIT seed="7,5,0,2,5,12" ten="247,97,370,286" oya="3" hai0="17,106,122,24,120,65,121,57,15,117,104,83,40" hai1="103,78,13,61,4,123,52,129,41,16,20,18,77" hai2="63,74,135,47,19,92,27,80,116,29,101,46,53" hai3="111,50,112,21,42,81,126,131,9,95,11,32,48"/><W0/><G32/><T99/><D117/><U60/><E123/><V67/><F116/><W51/><G42/><T36/><D40/><U35/><E129/><V2/><F2/><W30/><G131/><T109/><D36/><U37/><E35/><V26/><F135/><W97/><G112/><T68/><D109/><U125/><E125/><V133/><F133/><W94/><G126/><T1/><D1/><U72/><E72/><V102/><F74/><W89/><G111/><T7/><D68/><U127/><E127/><V100/><F80/><W6/><G11/><T33/><D83/><U44/><E4/><V114/><F114/><W88/><G81/><T70/><D7/><U25/><E103/><V85/><F19/><W75/><G75/><T66/><D57/><U39/><E39/><V10/><F10/><W5/><G5/><T58/><D58/><U69/><E69/><V84/><F53/><W38/><G38/><T45/><D45/><N who="2" m="16906" /><F29/><W34/><G34/><T64/><D70/><U76/><REACH who="1" step="1"/><E52/><REACH who="1" ten="247,87,370,286" step="2"/><V23/><F101/><W54/><G54/><T105/><D33/><U31/><E31/><V91/><F102/><W130/><G130/><T8/><D99/><U87/><E87/><V113/><F85/><W93/><G97/><T108/><D108/><U3/><E3/><V98/><F98/><W124/><G124/><T115/><REACH who="0" step="1"/><D24/><REACH who="0" ten="237,87,370,286" step="2"/><U132/><E132/><V110/><F27/><N who="3" m="16751" /><G0/><T96/><D96/><U22/><AGARI ba="5,2" hai="13,16,18,20,22,25,37,41,44,60,61,76,77,78" machi="22" ten="30,8000,1" yaku="1,1,0,1,52,2,54,1,53,0" doraHai="12" doraHaiUra="28" who="1" fromWho="1" sc="237,-25,87,115,370,-25,286,-45" owari="212,-19.0,202,-30.0,345,45.0,241,4.0" />
</Scene>
</mjloggm>