<mjloggm ver="2.3"><GO type="193"/><UN n0="%E9%85%B7%E4%BD%BF%E5%A4%A2%E6%83%B3" n1="%E5%A4%AA%E3%81%8F%E3%81%AA%E3%81%84%E3%81%8A" n2="%6D%61%72%6C%62%6F%72%6F" n3="%E3%81%8A%E6%89%8B%E6%9F%94%E3%82%89%E3%81%8B%E3%81%AB%EF%BC%9E%EF%BC%9C" dan="13,12,12,11" rate="1829,1897,1700,1862" sx="M,M,M,M"/><TAIKYOKU oya="0"/>

<Scene>
<INIT seed="0,0,0,1,1,69" ten="250,250,250,250" oya="0" hai0="32,58,90,17,105,124,25,96,102,125,75,97,28" hai1="11,77,110,74,106,22,73,91,68,117,48,30,16" hai2="42,120,21,94,31,89,70,13,103,118,61,40,82" hai3="100,132,129,54,119,133,52,83,43,116,51,39,7"/><T35/><D75/><U92/><E117/><N who="3" m="45130" /><G7/><T65/><D65/><U45/><E68/><V101/><F70/><W71/><G83/><T64/><D64/><U38/><E106/><V27/><F82/><W107/><G100/><T111/><D58/><U50/><E30/><V12/><F120/><W95/><G107/><T99/><D90/><U24/><E11/><V14/><F61/><W113/><G95/><T81/><D81/><U63/><E63/><V59/><F118/><W8/><G8/><T56/><D56/><U49/><E77/><V130/><F130/><W114/><G71/><T44/><D44/><U127/><E74/><V62/><F103/><W20/><G20/><T26/><D111/><U126/><E110/><V85/><REACH who="2" step="1"/><F101/><REACH who="2" ten="250,250,240,250" step="2"/><W121/><G121/><T9/><D9/><U76/><E73/><V5/><F5/><W15/><G129/><T37/><D37/><U57/><E38/><V115/><F115/><N who="3" m="44043" /><G39/><T84/><D84/><U6/><E6/><V135/><F135/><N who="3" m="51787" /><G15/><T134/><D134/><U112/><E112/><V88/><F88/><W72/><G72/><T19/><D102/><U3/><E91/><V18/><F18/><N who="0" m="6666" /><D105/><U53/><E92/><V131/><F131/><W104/><G104/><T98/><N who="0" m="25088" /><DORA hai="87" /><T60/><D60/><U78/><E16/><V67/><AGARI ba="0,1" hai="12,13,14,21,27,31,40,42,59,62,67,85,89,94" machi="67" ten="30,7900,0" yaku="1,1,0,1,8,1,52,1,53,0" doraHai="69,87" doraHaiUra="79,33" who="2" fromWho="2" sc="250,-39,250,-20,240,89,250,-20" />
</Scene>
<Scene>
<INIT seed="1,0,0,4,5,91" ten="211,230,329,230" oya="1" hai0="126,80,9,4,69,86,75,67,27,100,78,70,35" hai1="50,71,38,87,121,48,34,107,79,57,112,28,124" hai2="98,95,1,16,105,65,18,103,135,64,102,125,55" hai3="111,66,90,117,21,23,82,7,68,84,14,81,56"/><U113/><E38/><V128/><F1/><W118/><G68/><T131/><D126/><U119/><E71/><V2/><F2/><W31/><G111/><T94/><D94/><U20/><E121/><V110/><F125/><W85/><G31/><N who="0" m="19967" /><D86/><U99/><E124/><V109/><F135/><W129/><G129/><T26/><D100/><U47/><E34/><V36/><F36/><W96/><G96/><T39/><D131/><U88/><E79/><V43/><F43/><W61/><G117/><T30/><D67/><U74/><E74/><V10/><F128/><W6/><G118/><T133/><D133/><U83/><E119/><V3/><F3/><W49/><G49/><T58/><D58/><U108/><E108/><N who="2" m="41579" /><F105/><W106/><G106/><T42/><D30/><U25/><E57/><V41/><F41/><W33/><G33/><T130/><D26/><U76/><E50/><V29/><F29/><W12/><G7/><T127/><D127/><U17/><E28/><V89/><F55/><W104/><G104/><T59/><D59/><U62/><E62/><V0/><F0/><W77/><G6/><T134/><D134/><U13/><E25/><V15/><F18/><W51/><G51/><T97/><D97/><U5/><E5/><V63/><F63/><W114/><G114/><T24/><D24/><U19/><E19/><V32/><F32/><W116/><G116/><T92/><D92/><N who="1" m="56711" /><E107/><V123/><F123/><W52/><G66/><AGARI ba="0,0" hai="10,15,16,64,65,66,89,95,98,102,103" m="41579" machi="66" ten="30,3900,0" yaku="14,1,52,1,54,1" doraHai="91" who="2" fromWho="3" sc="211,0,230,0,329,39,230,-39" />
</Scene>
<Scene>
<INIT seed="2,0,0,0,1,96" ten="211,230,368,191" oya="2" hai0="5,85,38,86,93,48,129,89,13,9,124,98,113" hai1="132,71,74,59,40,116,45,0,131,117,106,114,2" hai2="107,102,16,56,120,6,33,73,94,77,60,104,22" hai3="49,68,119,27,46,4,115,63,57,112,127,42,133"/><V14/><F33/><W32/><G4/><T24/><D113/><N who="3" m="43593" /><G27/><T72/><D38/><N who="1" m="21655" /><E114/><V21/><F120/><W67/><G32/><T123/><D124/><U37/><E59/><V53/><F107/><W118/><G127/><T19/><D123/><U51/><E51/><V83/><F104/><W50/><G133/><T70/><D70/><U61/><E132/><V95/><F6/><W28/><G28/><T128/><D72/><U15/><E15/><V47/><F102/><W35/><G35/><T75/><D75/><U78/><E37/><V52/><F22/><W110/><G110/><T80/><D48/><U7/><E106/><V23/><F23/><W11/><G11/><T36/><D36/><U30/><E30/><V82/><F83/><W99/><G99/><T109/><D109/><U90/><E90/><V55/><REACH who="2" step="1"/><F47/><REACH who="2" ten="211,230,358,191" step="2"/><W39/><G68/><T44/><D44/><U100/><E100/><V18/><F18/><W54/><G67/><AGARI ba="0,1" hai="14,16,21,52,53,55,56,60,67,73,77,82,94,95" machi="67" ten="40,7700,0" yaku="1,1,54,2,53,0" doraHai="96" doraHaiUra="64" who="2" fromWho="3" sc="211,0,230,0,358,87,191,-77" />
</Scene>
<Scene>
<INIT seed="2,1,0,5,0,15" ten="211,230,445,114" oya="2" hai0="131,54,98,21,133,41,71,69,40,118,81,51,67" hai1="9,86,66,113,134,88,122,74,11,85,55,57,31" hai2="105,107,47,10,3,17,125,78,110,135,75,42,63" hai3="20,4,23,0,96,62,130,38,126,12,90,46,82"/><V24/><F135/><W72/><G130/><T103/><D81/><U43/><E74/><V28/><F75/><W53/><G126/><T1/><D1/><U44/><E113/><V60/><F125/><W124/><G124/><T56/><D21/><U84/><E134/><V26/><F78/><W18/><G0/><T104/><D104/><U116/><E116/><V100/><F3/><W91/><G4/><T128/><D103/><U70/><E31/><V14/><F100/><W101/><G72/><T35/><D98/><U61/><E122/><V115/><F115/><W83/><G23/><T59/><D35/><U127/><E127/><V123/><F123/><W93/><G38/><T95/><D95/><U117/><E117/><V39/><F110/><W119/><G119/><T50/><D133/><U76/><E76/><V106/><REACH who="2" step="1"/><F26/><REACH who="2" ten="211,230,435,114" step="2"/><W94/><G101/><T22/><D118/><U112/><E112/><V33/><AGARI ba="1,1" hai="10,14,17,24,28,33,39,42,47,60,63,105,106,107" machi="33" ten="30,11700,0" yaku="1,1,2,1,0,1,52,1,53,0" doraHai="15" doraHaiUra="80" who="2" fromWho="2" sc="211,-40,230,-40,435,130,114,-40" />
</Scene>
<Scene>
<INIT seed="2,2,0,2,3,71" ten="171,190,565,74" oya="2" hai0="95,61,24,131,13,121,75,116,54,43,62,92,56" hai1="34,104,69,52,9,117,93,119,4,42,66,49,38" hai2="41,125,96,80,106,40,60,70,58,102,109,90,1" hai3="30,6,83,11,19,86,118,53,33,63,7,77,87"/><V76/><F1/><W101/><G118/><T67/><D121/><U39/><E104/><V110/><F70/><W44/><G101/><T57/><D116/><U129/><E34/><V28/><F125/><W5/><G87/><T84/><D75/><U64/><E93/><V111/><F28/><W31/><G33/><T73/><D73/><U8/><E129/><V26/><F90/><W128/><G128/><T27/><D43/><U105/><E105/><V79/><F26/><N who="0" m="9770" /><D131/><U25/><E25/><V14/><F14/><N who="3" m="7647" /><G63/><T20/><D84/><U89/><E89/><V122/><F122/><W103/><G103/><T12/><D12/><U47/><E9/><V18/><F18/><AGARI ba="2,0" hai="13,18,20,54,56,57,61,62,67,92,95" m="9770" machi="18" ten="30,1000,0" yaku="8,1" doraHai="71" who="0" fromWho="2" sc="171,16,190,0,565,-16,74,0" />
</Scene>
<Scene>
<INIT seed="3,0,0,1,0,29" ten="187,190,549,74" oya="3" hai0="98,33,11,127,51,60,34,3,114,16,77,131,105" hai1="96,64,123,117,43,0,13,26,65,73,91,53,48" hai2="56,93,86,15,68,17,129,109,84,118,39,88,130" hai3="99,21,19,83,37,24,71,80,133,61,58,119,97"/><W2/><G119/><T23/><D114/><U132/><E0/><V42/><F68/><W95/><G37/><T36/><D127/><U67/><E123/><V112/><F118/><W110/><G71/><T20/><D36/><U102/><E117/><V41/><F112/><W101/><G2/><T49/><D77/><U54/><E73/><V70/><F70/><W45/><G133/><T89/><D60/><U44/><E132/><V46/><F41/><W111/><G45/><T6/><D131/><N who="2" m="50186" /><F109/><N who="3" m="41483" /><G97/><T134/><D134/><U4/><E26/><V50/><F39/><W7/><G7/><T113/><D113/><U75/><E75/><V128/><N who="2" m="50194" /><V30/><DORA hai="82" /><F30/><W126/><G126/><T107/><D89/><U103/><E91/><V92/><F56/><W38/><G38/><T18/><D98/><U31/><E31/><V47/><F47/><W116/><G116/><T55/><D55/><AGARI ba="0,0" hai="19,21,24,55,58,61,80,83,95,99,101" m="41483" machi="55" ten="30,2900,0" yaku="14,1,10,1" doraHai="29,82" who="3" fromWho="0" sc="187,-29,190,0,549,0,74,29" />
</Scene>
<Scene>
<INIT seed="3,1,0,0,4,76" ten="158,190,549,103" oya="3" hai0="94,134,64,17,115,96,9,3,111,2,70,23,122" hai1="44,124,16,8,35,60,107,81,50,27,86,62,75" hai2="135,11,131,77,57,129,6,5,34,38,116,74,49" hai3="120,42,33,109,13,54,88,7,123,1,39,18,26"/><W92/><G109/><T52/><D115/><U98/><E75/><V127/><F38/><W32/><G54/><T37/><D122/><U22/><E124/><V61/><F116/><W87/><G42/><T40/><D111/><U78/><E35/><V69/><F34/><W101/><G39/><T108/><D134/><U53/><E107/><V72/><F69/><W117/><G117/><T84/><D108/><U14/><E98/><V118/><F118/><W102/><G1/><T28/><D2/><U119/><E119/><V51/><F127/><W104/><G7/><AGARI ba="1,0" hai="7,8,14,16,22,27,44,50,53,60,62,78,81,86" machi="7" ten="30,7700,0" yaku="7,1,8,1,52,1,54,1" doraHai="76" who="1" fromWho="3" sc="158,0,190,80,549,0,103,-80" owari="158,-24.0,270,7.0,549,65.0,23,-48.0" />
</Scene>
</mjloggm>