<mjloggm ver="2.3"><GO type="97"/><UN n0="%57%61%79%6E%65" n1="%E3%80%93%E4%B8%80%E6%92%83%E3%80%93" n2="%65%6E%65%72%67%69%65" n3="%E5%A4%AA%E3%81%8F%E3%81%AA%E3%81%84%E3%81%8A" dan="14,13,15,14" rate="2002,1886,1950,2052" sx="M,M,M,M"/><TAIKYOKU oya="0"/>

<Scene>
<INIT seed="0,0,0,0,5,88" ten="250,250,250,250" oya="0" hai0="96,117,105,99,127,38,54,71,47,106,102,78,23" hai1="36,100,82,73,123,115,52,14,34,18,80,53,87" hai2="110,93,0,3,30,121,5,98,65,101,90,51,7" hai3="83,89,60,48,107,22,129,131,72,64,29,49,6"/><T12/><D117/><U128/><E34/><V62/><F121/><W57/><G107/><T116/><D71/><U27/><E36/><V114/><F114/><W24/><G6/><T77/><D116/><U86/><E123/><V91/><F110/><W67/><G67/><T4/><D127/><U120/><E120/><V94/><F30/><W19/><G29/><T37/><D4/><U41/><E115/><V109/><F109/><W46/><G72/><T21/><D12/><U20/><E41/><V111/><F111/><W50/><REACH who="3" step="1"/><G46/><REACH who="3" ten="250,250,250,240" step="2"/><T11/><D47/><U95/><E73/><V79/><F0/><W70/><G70/><T124/><D124/><U75/><E75/><V59/><F3/><W104/><G104/><T134/><D106/><U1/><E1/><V32/><F32/><W103/><G103/><T81/><D105/><U35/><E100/><V17/><F101/><W92/><G92/><T61/><D102/><U13/><E95/><V108/><F108/><W135/><G135/><T28/><D134/><U55/><E128/><V2/><F2/><W9/><G9/><T118/><D28/><U16/><E35/><V74/><F74/><W10/><G10/><T8/><D118/><U112/><E112/><V66/><F66/><W85/><AGARI ba="0,1" hai="19,22,24,48,49,50,57,60,64,83,85,89,129,131" machi="85" ten="30,2000,0" yaku="1,1,0,1,53,0" doraHai="88" doraHaiUra="40" who="3" fromWho="3" sc="250,-10,250,-5,250,-5,240,30" />
</Scene>
<Scene>
<INIT seed="1,0,0,5,4,64" ten="240,245,245,270" oya="1" hai0="134,90,65,78,133,105,63,23,96,66,22,111,26" hai1="41,101,50,94,48,131,117,13,15,104,120,25,8" hai2="31,91,61,6,127,34,97,62,123,80,1,12,32" hai3="89,118,68,19,87,125,113,28,88,43,132,86,77"/><U71/><E120/><V59/><F123/><W107/><G113/><T4/><D78/><U54/><E117/><V119/><F119/><W100/><G118/><T55/><D111/><U9/><E131/><V7/><F127/><W115/><G115/><T36/><D36/><U39/><E104/><V112/><F112/><W3/><G3/><T52/><D4/><U73/><E73/><V30/><F1/><W20/><G125/><T124/><D124/><U126/><E126/><V75/><F75/><W93/><G132/><N who="0" m="50795" /><D65/><U44/><E25/><V130/><F130/><W57/><G43/><T60/><D60/><U24/><E24/><V83/><F12/><N who="1" m="4681" /><E71/><V95/><F34/><W17/><G68/><N who="0" m="42079" /><D23/><U0/><E39/><V92/><F32/><W29/><G77/><T47/><D47/><N who="1" m="27999" /><E0/><V109/><F109/><W85/><G57/><T58/><D58/><U121/><E121/><V114/><F114/><W72/><G72/><T14/><D14/><U69/><E69/><V46/><F59/><W135/><G135/><T40/><D40/><U49/><E49/><V98/><F46/><W106/><G20/><T76/><D76/><U16/><E8/><V67/><F67/><W82/><G107/><T81/><D105/><U35/><E35/><V21/><F21/><W99/><REACH who="3" step="1"/><G87/><REACH who="3" ten="240,245,245,260" step="2"/><N who="0" m="50543" /><D96/><N who="1" m="59543" /><E9/><V74/><F74/><W122/><G122/><T10/><D10/><U27/><E27/><V38/><F38/><W84/><G84/><T33/><D33/><U11/><E11/><V129/><F129/><W79/><G79/><T45/><D45/><U103/><E103/><V5/><F5/><RYUUKYOKU ba="0,1" sc="240,0,245,0,245,0,260,0" hai0="22,26,52,55" hai1="16,41,44,48" hai2="6,7,30,31,61,62,80,83,91,92,95,97,98" hai3="17,19,28,29,82,85,86,88,89,93,99,100,106" />
</Scene>
<Scene>
<INIT seed="1,1,1,1,3,61" ten="240,245,245,260" oya="1" hai0="68,127,65,1,131,104,87,107,120,117,92,75,99" hai1="18,134,108,69,15,53,40,58,62,45,36,17,25" hai2="123,67,64,102,118,83,0,35,21,51,113,26,33" hai3="3,133,105,66,130,132,52,5,95,10,96,23,46"/><U93/><E134/><N who="3" m="51818" /><G130/><T71/><D117/><U54/><E108/><V119/><F123/><W6/><G6/><T81/><D1/><U100/><E69/><V8/><F102/><N who="3" m="60703" /><G105/><T39/><D39/><U41/><E41/><V63/><F113/><W121/><G121/><T126/><D131/><U112/><E112/><V31/><F83/><W106/><G106/><T47/><D71/><U89/><E100/><V57/><F118/><W90/><G90/><N who="0" m="55703" /><D47/><U60/><E25/><V55/><F119/><W43/><G23/><T29/><D29/><U44/><E44/><V82/><F82/><W28/><G28/><T97/><D75/><U9/><E18/><V77/><F77/><W84/><G84/><T76/><D68/><U80/><E80/><V59/><REACH who="2" step="1"/><F67/><REACH who="2" ten="240,245,235,260" step="2"/><W27/><G66/><T115/><D65/><U88/><E93/><V94/><F94/><W32/><G43/><T13/><D115/><U122/><E122/><V2/><F2/><W129/><G129/><T49/><D120/><U12/><E12/><V24/><F24/><W70/><G27/><T110/><D13/><U72/><E72/><V30/><F30/><W11/><G3/><T111/><D107/><U91/><E54/><V116/><F116/><W22/><G52/><T86/><D97/><U42/><REACH who="1" step="1"/><E40/><REACH who="1" ten="240,235,235,260" step="2"/><V79/><F79/><W128/><G128/><T14/><D104/><U7/><E7/><AGARI ba="1,3" hai="0,7,8,21,26,31,33,35,51,55,57,59,63,64" machi="7" ten="40,5200,0" yaku="1,1,52,1,53,1" doraHai="61" doraHaiUra="34" who="2" fromWho="1" sc="240,0,235,-55,235,85,260,0" />
</Scene>
<Scene>
<INIT seed="2,0,0,2,0,90" ten="240,180,320,260" oya="2" hai0="8,49,26,44,11,118,54,114,66,41,115,117,20" hai1="84,97,122,74,57,72,6,134,24,1,92,25,77" hai2="65,102,129,17,113,29,43,109,61,64,78,9,22" hai3="48,47,2,80,28,87,133,124,35,69,89,128,42"/><V110/><F113/><W7/><G69/><T100/><D115/><U76/><E122/><V130/><F29/><W111/><G111/><N who="2" m="42505" /><F43/><W40/><G133/><T62/><D114/><U70/><E134/><V51/><F102/><W46/><G128/><N who="2" m="49257" /><F78/><W121/><G121/><T85/><D85/><U103/><E70/><V63/><F51/><W53/><G124/><T23/><D23/><U13/><E1/><V101/><F9/><W10/><G47/><T58/><D41/><U19/><E74/><V67/><F101/><W45/><G46/><T14/><D100/><U99/><E72/><V83/><F83/><W125/><G125/><T31/><REACH who="0" step="1"/><D11/><REACH who="0" ten="230,180,320,260" step="2"/><N who="1" m="4343" /><E99/><V38/><F38/><W55/><G42/><T108/><D108/><U0/><E0/><V59/><F63/><W135/><G135/><T131/><D131/><U119/><E119/><V75/><F75/><W96/><G96/><T18/><AGARI ba="0,1" hai="8,14,18,20,26,31,44,49,54,58,62,66,117,118" machi="18" ten="30,2000,0" yaku="1,1,0,1,53,0" doraHai="90" doraHaiUra="106" who="0" fromWho="0" sc="230,30,180,-5,320,-10,260,-5" />
</Scene>
<Scene>
<INIT seed="3,0,0,0,1,29" ten="260,175,310,255" oya="3" hai0="33,105,121,74,81,20,40,73,97,10,63,100,99" hai1="129,36,83,115,12,21,112,131,11,56,114,102,108" hai2="70,93,122,57,78,37,85,84,54,104,92,123,1" hai3="50,52,58,3,41,119,28,17,77,110,118,76,16"/><W134/><G3/><T90/><D33/><U86/><E36/><V94/><F37/><W5/><G134/><T55/><D40/><U60/><E102/><V13/><F1/><W82/><G110/><T132/><D10/><U43/><E43/><V103/><F70/><W133/><G133/><T38/><D38/><U135/><E135/><V44/><F44/><N who="3" m="25871" /><G119/><T42/><D42/><U130/><E21/><V61/><F104/><W19/><G118/><T111/><D132/><U106/><E106/><V14/><F78/><N who="3" m="30315" /><G5/><T69/><D121/><N who="2" m="46090" /><F103/><W49/><G28/><T48/><D111/><U98/><E98/><V8/><F14/><W35/><G35/><T2/><D2/><U25/><E25/><V71/><F71/><W53/><G53/><T75/><D63/><U27/><E27/><V117/><F117/><W62/><G82/><T15/><D69/><U24/><E24/><V68/><F68/><W22/><G62/><T4/><D4/><AGARI ba="0,0" hai="4,8,13,54,57,61,84,85,92,93,94" m="46090" machi="4" ten="30,1000,0" yaku="13,1" doraHai="29" who="2" fromWho="0" sc="260,-10,175,0,310,10,255,0" owari="250,-15.0,175,-32.0,320,41.0,255,6.0" />
</Scene>
</mjloggm>