<mjloggm ver="2.3"><GO type="169" lobby="0"/><UN n0="%E3%83%87%E3%82%B8%E3%82%BF%E3%83%AB%E4%BB%99%E4%BA%BA" n1="%E3%81%93%E3%81%BE%E3%81%A3%E3%81%95%E3%82%93" n2="%4D%61%52%63%48" n3="%E5%A4%AA%E3%81%8F%E3%81%AA%E3%81%84%E3%81%8A" dan="19,17,16,17" rate="2270.40,2192.50,2147.39,2172.35" sx="F,M,M,M"/><TAIKYOKU oya="0"/>

<Scene>
<INIT seed="0,0,0,5,0,57" ten="250,250,250,250" oya="0" hai0="10,28,67,104,58,64,121,39,60,91,73,103,4" hai1="43,27,97,42,119,93,74,16,48,118,66,124,3" hai2="1,8,134,107,85,113,80,132,86,130,45,26,126" hai3="99,120,117,31,94,84,122,19,82,78,34,14,89"/><T127/><D121/><N who="3" m="46697" /><G117/><T95/><D73/><U128/><E3/><V116/><F26/><N who="3" m="18807" /><G14/><T63/><D39/><U33/><E33/><V72/><F45/><W88/><G19/><T20/><D127/><U9/><E74/><V129/><F8/><W90/><AGARI ba="0,0" hai="78,82,84,88,89,90,94,99" m="18807,46697" machi="90" ten="30,2000,0" yaku="13,1,54,1" doraHai="57" who="3" fromWho="3" sc="250,-10,250,-5,250,-5,250,20" />
</Scene>
<Scene>
<INIT seed="1,0,0,3,3,21" ten="240,245,245,270" oya="1" hai0="81,2,17,52,118,13,79,47,29,119,75,6,46" hai1="124,114,15,95,12,106,32,112,109,107,104,131,66" hai2="59,56,41,30,126,102,74,25,68,98,60,34,22" hai3="4,58,83,113,117,94,89,27,70,45,69,72,11"/><U14/><E66/><V120/><F74/><W99/><G113/><T127/><D127/><U19/><E32/><V133/><F133/><W101/><G117/><T40/><D29/><U129/><E124/><V54/><F126/><W38/><G58/><T82/><D82/><U37/><E37/><V57/><F120/><W3/><G27/><T55/><D6/><U33/><E33/><V43/><F22/><W78/><REACH who="3" step="1"/><G101/><REACH who="3" ten="240,245,245,260" step="2"/><T8/><D119/><U111/><E19/><V18/><F57/><W134/><G134/><T1/><D118/><U65/><E65/><V7/><F59/><W9/><G9/><T51/><REACH who="0" step="1"/><D55/><REACH who="0" ten="230,245,245,260" step="2"/><U116/><E116/><V90/><F54/><W96/><G96/><T39/><AGARI ba="0,2" hai="1,2,8,13,17,39,40,46,47,51,52,75,79,81" machi="39" ten="20,12000,2" yaku="1,1,2,1,0,1,7,1,54,1,53,1" doraHai="21" doraHaiUra="73" who="0" fromWho="0" sc="230,140,245,-60,245,-30,260,-30" />
</Scene>
<Scene>
<INIT seed="2,0,0,4,4,106" ten="370,185,215,230" oya="2" hai0="50,135,9,123,85,5,87,35,56,55,77,53,1" hai1="134,129,72,82,90,43,103,32,94,88,108,42,10" hai2="33,8,81,121,26,109,96,102,28,31,40,4,68" hai3="15,100,116,46,14,38,115,131,48,127,71,120,57"/><V112/><F121/><W29/><G120/><T16/><D123/><U59/><E32/><V27/><F68/><W2/><G2/><T65/><D35/><U107/><E10/><V52/><F112/><W30/><G71/><T69/><D135/><U23/><E23/><V18/><F40/><W49/><G116/><T13/><D77/><N who="1" m="44327" /><E59/><V36/><F36/><W125/><G115/><T22/><REACH who="0" step="1"/><D55/><REACH who="0" ten="360,185,215,230" step="2"/><U110/><E134/><V99/><F52/><W124/><G124/><T92/><D92/><U111/><E129/><V20/><F109/><W70/><G131/><T25/><D25/><U117/><E117/><V89/><F81/><W80/><G80/><T61/><AGARI ba="0,1" hai="1,5,9,13,16,22,50,53,56,61,65,69,85,87" machi="61" ten="30,7900,0" yaku="1,1,0,1,54,1,53,1" doraHai="106" doraHaiUra="19" who="0" fromWho="0" sc="360,89,185,-20,215,-39,230,-20" />
</Scene>
<Scene>
<INIT seed="3,0,0,4,0,83" ten="449,165,176,210" oya="3" hai0="40,65,123,68,13,95,121,31,45,100,80,42,17" hai1="56,35,11,54,24,69,110,22,82,117,26,58,133" hai2="101,111,96,90,32,41,5,38,128,72,16,130,55" hai3="48,19,88,135,89,57,7,81,77,126,124,30,34"/><W127/><G135/><T18/><D31/><U1/><E69/><V91/><F32/><W70/><G70/><T118/><D118/><U27/><E35/><V71/><F5/><W103/><G103/><T76/><D65/><U51/><E133/><V33/><F71/><W43/><G7/><T60/><D60/><U86/><E117/><V122/><F33/><W67/><G19/><T2/><D2/><U131/><E131/><N who="2" m="50219" /><F72/><N who="3" m="43175" /><G67/><T116/><D18/><U94/><E94/><N who="2" m="58519" /><F111/><W20/><G34/><T50/><D116/><U75/><E75/><V78/><F122/><W102/><G102/><T108/><D108/><U59/><E110/><V47/><F78/><W109/><G109/><T53/><D68/><U99/><E99/><V84/><F55/><N who="3" m="31975" /><G43/><T87/><D123/><U52/><E1/><V23/><F84/><W39/><G39/><T73/><D121/><U98/><E98/><V3/><F3/><W49/><G49/><T85/><D73/><U114/><E11/><V46/><F46/><W0/><G0/><T25/><D100/><U44/><E114/><V14/><AGARI ba="0,0" hai="14,16,23,38,41,47,90,91" m="58519,50219" machi="14" ten="30,2000,0" yaku="19,1,54,1" doraHai="83" who="2" fromWho="2" sc="449,-5,165,-5,176,20,210,-10" />
</Scene>
<Scene>
<INIT seed="4,0,0,0,5,94" ten="444,160,196,200" oya="0" hai0="19,130,78,104,41,109,135,33,7,6,66,88,67" hai1="85,79,25,128,111,92,0,1,2,112,42,69,3" hai2="97,91,133,123,35,87,63,58,131,105,22,103,28" hai3="61,116,5,80,82,16,74,100,36,32,21,31,48"/><T70/><D33/><U132/><E69/><V98/><F131/><W55/><G36/><T4/><D78/><U27/><E111/><V126/><F123/><W44/><G116/><T90/><D130/><U60/><E128/><V29/><F126/><W37/><G37/><T50/><D104/><U17/><E42/><V120/><F120/><W102/><G5/><T127/><D127/><U12/><E132/><V39/><F39/><W47/><G47/><N who="0" m="25967" /><D70/><U119/><E119/><V14/><F35/><W46/><G46/><T124/><D135/><U84/><E112/><V64/><F133/><W93/><G74/><T113/><D113/><U51/><E51/><V54/><F103/><W71/><G32/><T106/><D106/><U96/><E60/><V95/><F105/><W125/><G125/><T10/><D109/><U73/><E73/><V101/><F101/><W77/><G31/><N who="2" m="11849" /><F64/><N who="0" m="24618" /><D124/><U18/><E79/><V129/><F129/><W13/><G77/><T122/><D122/><U72/><E72/><V26/><F14/><AGARI ba="0,0" hai="4,6,7,10,14,19,88,90" m="24618,25967" machi="14" ten="30,2900,0" yaku="8,1,54,1" doraHai="94" who="0" fromWho="2" sc="444,29,160,0,196,-29,200,0" />
</Scene>
<Scene>
<INIT seed="4,1,0,3,2,29" ten="473,160,167,200" oya="0" hai0="93,48,78,50,56,71,103,57,35,6,61,34,68" hai1="17,115,30,43,14,101,2,36,135,118,116,38,0" hai2="97,67,81,63,59,98,99,113,77,120,128,60,127" hai3="80,39,41,112,119,4,8,87,106,31,96,23,129"/><T100/><D78/><U51/><E101/><V109/><F109/><W28/><G119/><T55/><D6/><U10/><E43/><V46/><F120/><W126/><G39/><T25/><D25/><U73/><E73/><V123/><F123/><W111/><G111/><T133/><D93/><U105/><E105/><V84/><F113/><W125/><G41/><T79/><D79/><U3/><E51/><V33/><F128/><W11/><G112/><T5/><D5/><U95/><E115/><V66/><F127/><N who="3" m="48651" /><G129/><T32/><D133/><U21/><E95/><V53/><F46/><W88/><G23/><T45/><D50/><U42/><E42/><V40/><F40/><W52/><G11/><T117/><D117/><N who="1" m="45163" /><E38/><V62/><REACH who="2" step="1"/><F33/><REACH who="2" ten="473,160,157,200" step="2"/><W22/><G28/><T107/><D35/><U26/><E36/><V69/><F69/><W16/><G31/><T114/><D32/><N who="1" m="20567" /><E135/><V7/><F7/><AGARI ba="1,1" hai="0,2,3,7,10,14,17,21" m="20567,45163" machi="7" ten="30,7700,0" yaku="24,1,34,2,52,1" doraHai="29" who="1" fromWho="2" sc="473,0,160,90,157,-80,200,0" />
</Scene>
<Scene>
<INIT seed="5,0,0,4,4,111" ten="473,250,77,200" oya="1" hai0="53,35,1,20,113,84,78,116,67,60,126,127,69" hai1="3,16,34,82,66,130,59,117,115,49,19,6,75" hai2="62,39,32,89,45,106,88,27,22,107,15,114,48" hai3="52,57,110,7,118,74,122,86,43,121,77,128,33"/><U87/><E75/><V18/><F39/><W119/><G110/><T24/><D35/><U93/><E117/><N who="3" m="44554" /><G74/><T10/><D116/><U81/><E34/><V90/><F62/><N who="3" m="36135" /><G33/><T101/><D101/><U61/><E130/><V47/><F114/><W100/><G128/><T105/><D113/><U98/><E115/><V12/><F47/><W99/><G7/><T2/><D105/><U50/><E6/><V55/><REACH who="2" step="1"/><F15/><REACH who="2" ten="473,250,67,200" step="2"/><W63/><G63/><T58/><D60/><U37/><E37/><V96/><F96/><W123/><G123/><T65/><D1/><U30/><E3/><V125/><F125/><W124/><G124/><T85/><D2/><U76/><E50/><V51/><F51/><W94/><G43/><T73/><D127/><U31/><E49/><V26/><F26/><W14/><G14/><T21/><D24/><U71/><E71/><V133/><F133/><W120/><G122/><T54/><D69/><U29/><E81/><AGARI ba="0,1" hai="77,81,86,94,99,100,120,121" m="36135,44554" machi="81" ten="30,2000,0" yaku="12,1,54,1" doraHai="111" who="3" fromWho="1" sc="473,0,250,-20,67,0,200,30" />
</Scene>
<Scene>
<INIT seed="6,0,0,5,0,28" ten="473,230,67,230" oya="2" hai0="81,61,48,101,67,105,104,14,79,77,87,8,73" hai1="90,22,114,59,63,36,133,60,38,24,120,30,64" hai2="107,21,112,27,47,23,20,76,121,45,32,11,119" hai3="44,124,103,50,93,31,98,16,102,12,96,117,71"/><V9/><F107/><W1/><G124/><T35/><D35/><U128/><E120/><V41/><F121/><W55/><G117/><T118/><D118/><U56/><E133/><V80/><F119/><W135/><G135/><T99/><D48/><U13/><E128/><V113/><F11/><W131/><G131/><T39/><D39/><U134/><E134/><V78/><F9/><W106/><G1/><T37/><D37/><U109/><E109/><V53/><F53/><W52/><G71/><T86/><D79/><N who="2" m="30250" /><F80/><W132/><G31/><T95/><D105/><U116/><E116/><V69/><F69/><W43/><G132/><T84/><D104/><U54/><E114/><N who="2" m="44139" /><F41/><W15/><G15/><T6/><D73/><U127/><E127/><V85/><F85/><W51/><G51/><T42/><D42/><U111/><E111/><V62/><F62/><W19/><G19/><T126/><D126/><U74/><E74/><V57/><F57/><AGARI ba="0,0" hai="6,8,14,57,61,67,77,81,84,86,87,95,99,101" machi="57" ten="30,2000,0" yaku="7,1,8,1" doraHai="28" who="0" fromWho="2" sc="473,20,230,0,67,-20,230,0" />
</Scene>
<Scene>
<INIT seed="7,0,0,2,2,111" ten="493,230,47,230" oya="3" hai0="99,86,108,103,77,21,9,12,11,59,109,95,87" hai1="53,13,97,125,124,39,67,94,78,31,47,96,35" hai2="115,41,83,129,61,127,110,101,119,131,116,26,107" hai3="79,85,50,104,118,5,128,36,2,57,135,88,112"/><W81/><G118/><N who="2" m="45097" /><F61/><W52/><G36/><T6/><D11/><U134/><E134/><V71/><F71/><W44/><G104/><T106/><D21/><U82/><E67/><V122/><F41/><W68/><G68/><T133/><D133/><U18/><E31/><V102/><F26/><W54/><G135/><T27/><D27/><U130/><E35/><V55/><F55/><W84/><G128/><N who="2" m="49225" /><F83/><W69/><G69/><T49/><D87/><N who="1" m="48599" /><E130/><V17/><F17/><W4/><G2/><T42/><D106/><U16/><E18/><V45/><F45/><W114/><G5/><T75/><D75/><U24/><E94/><V98/><F110/><W33/><G4/><T51/><D51/><N who="1" m="28927" /><E24/><V14/><F14/><W73/><G33/><T62/><D99/><U90/><E39/><V66/><F66/><W40/><G73/><T74/><D9/><U7/><E7/><V56/><F56/><W120/><G40/><T105/><D42/><U30/><E30/><V91/><F122/><W34/><G120/><T8/><D103/><N who="2" m="39434" /><F107/><W3/><G34/><T28/><D6/><U132/><E132/><V20/><F20/><W58/><G3/><T60/><D60/><U89/><E13/><V123/><F123/><W19/><G19/><T113/><D105/><U64/><E64/><V1/><F1/><W32/><G32/><T29/><D109/><U22/><E22/><V37/><F37/><W70/><G70/><T80/><D108/><U46/><E16/><V93/><F127/><N who="1" m="48713" /><E46/><V0/><F0/><W38/><G38/><T65/><D74/><U48/><E48/><RYUUKYOKU ba="0,0" sc="493,-15,230,15,47,15,230,-15" hai1="89,90,96,97" hai2="91,93,98,115" owari="478,57.0,245,5.0,62,-44.0,215,-18.0" />
</Scene>
</mjloggm>