<mjloggm ver="2.3"><GO type="169"/><UN n0="%E3%81%99%E3%81%9F%E3%83%BC%E3%82%89%E3%81%84%E3%81%A8%E3%81%B3%E3%83%BC" n1="%E5%A4%AA%E3%81%8F%E3%81%AA%E3%81%84%E3%81%8A" n2="%E3%82%B1%E3%82%BA" n3="%E6%9C%AC%E7%89%A9%E5%A5%B3%E5%AD%90%E9%AB%98%E7%94%9F" dan="16,17,16,17" rate="2069,2175,2092,2133" sx="F,M,M,F"/><TAIKYOKU oya="0"/>

<Scene>
<INIT seed="0,0,0,1,0,93" ten="250,250,250,250" oya="0" hai0="12,135,27,124,22,37,90,100,17,10,66,55,127" hai1="71,50,123,79,108,31,83,122,70,47,105,91,13" hai2="73,4,43,56,107,133,52,92,57,59,116,101,118" hai3="128,111,121,117,32,42,96,119,64,82,36,89,94"/><T125/><D37/><U46/><E105/><V84/><F73/><W35/><G64/><T23/><D66/><U99/><E108/><V45/><F133/><W0/><G0/><T112/><D112/><U34/><E34/><V110/><F4/><W58/><G111/><T28/><D100/><U106/><E31/><V102/><F110/><W76/><G128/><T134/><D55/><U51/><E13/><V19/><F19/><W25/><G121/><T21/><D90/><U5/><E5/><V98/><F102/><W7/><G7/><T95/><D95/><U14/><E14/><V53/><F84/><W130/><G130/><T68/><D68/><U131/><E131/><V44/><F44/><W30/><G35/><AGARI ba="0,0" hai="10,12,17,21,22,23,27,28,35,124,125,127,134,135" machi="35" ten="50,12000,1" yaku="18,1,34,3" doraHai="93" who="0" fromWho="3" sc="250,120,250,0,250,0,250,-120" />
</Scene>
<Scene>
<INIT seed="0,1,0,1,4,47" ten="370,250,250,130" oya="0" hai0="74,54,53,14,95,109,92,128,134,49,29,129,66" hai1="60,85,43,8,115,73,83,126,34,25,2,135,30" hai2="75,32,45,94,122,67,101,79,105,65,62,124,13" hai3="52,17,38,89,26,36,77,61,118,86,3,20,76"/><T107/><D107/><U98/><E135/><V68/><F122/><W19/><G118/><T57/><D74/><U123/><E123/><V110/><F110/><W114/><G3/><T7/><D134/><U40/><E73/><V11/><F124/><W96/><G114/><T27/><D109/><U55/><E126/><V91/><F79/><W59/><G38/><T21/><D66/><U93/><E115/><V97/><F75/><W112/><G36/><T100/><D100/><U56/><E2/><V12/><F67/><W5/><G5/><T16/><D7/><U51/><E8/><V121/><F121/><W42/><G42/><T71/><D71/><U4/><E4/><V119/><F119/><W0/><G0/><T90/><D54/><U108/><E108/><V44/><F13/><W33/><G33/><T9/><REACH who="0" step="1"/><D92/><REACH who="0" ten="360,250,250,130" step="2"/><U48/><E40/><V24/><F101/><W31/><G112/><T41/><D41/><U78/><REACH who="1" step="1"/><E43/><REACH who="1" ten="360,240,250,130" step="2"/><V50/><F105/><W131/><G131/><T125/><D125/><U28/><E28/><V58/><F68/><W87/><G31/><T103/><D103/><AGARI ba="1,2" hai="25,30,34,48,51,55,56,60,78,83,85,93,98,103" machi="103" ten="30,7700,0" yaku="1,1,7,1,52,2,53,0" doraHai="47" doraHaiUra="35" who="1" fromWho="0" sc="360,-80,240,100,250,0,130,0" />
</Scene>
<Scene>
<INIT seed="1,0,0,4,4,9" ten="280,340,250,130" oya="1" hai0="5,7,110,68,24,82,37,75,52,113,54,132,99" hai1="119,81,85,13,32,25,16,61,103,133,135,11,127" hai2="66,118,134,130,0,26,21,123,96,59,129,36,63" hai3="56,80,117,105,62,125,107,111,18,101,60,47,33"/><U84/><E119/><V53/><F0/><W64/><G111/><T10/><D113/><U121/><E121/><V83/><F118/><W100/><G125/><T41/><D68/><U4/><E127/><V109/><F36/><W115/><G115/><T39/><D110/><U112/><E112/><V2/><F2/><W102/><G117/><T86/><D75/><U79/><E103/><V69/><F109/><W58/><G33/><T73/><D73/><U72/><E61/><V97/><F123/><W78/><G47/><T67/><D67/><U50/><E50/><V40/><F83/><W116/><G116/><T92/><D132/><N who="1" m="50763" /><E4/><V87/><F87/><N who="1" m="33353" /><E25/><V131/><F134/><W120/><G80/><T71/><D24/><U19/><E19/><V23/><F40/><W15/><G78/><T55/><D41/><U74/><E74/><V114/><F114/><W95/><G120/><T20/><D7/><U65/><E65/><V88/><F88/><W46/><G46/><T35/><D5/><U122/><E122/><V1/><F1/><W93/><G107/><T44/><D39/><U57/><E57/><V42/><F42/><W49/><G105/><T126/><D44/><U22/><E32/><V29/><REACH who="2" step="1"/><F23/><AGARI ba="0,0" hai="11,13,16,22,23,72,79,81" m="33353,50763" machi="23" ten="30,5800,0" yaku="20,1,52,1,54,1" doraHai="9" who="1" fromWho="2" sc="280,0,340,58,250,-58,130,0" />
</Scene>
<Scene>
<INIT seed="1,1,0,1,5,49" ten="280,398,192,130" oya="1" hai0="127,2,1,63,97,89,35,133,81,69,26,12,104" hai1="27,17,123,62,128,111,102,33,119,64,110,122,60" hai2="45,66,84,18,94,99,131,65,44,51,85,28,19" hai3="130,55,86,92,72,10,53,20,25,70,78,14,5"/><U3/><E119/><V118/><F118/><W134/><G70/><T71/><D133/><U59/><E3/><V77/><F131/><W30/><G134/><T80/><D127/><U56/><E128/><V106/><F106/><W82/><G130/><T100/><D12/><U79/><E79/><V103/><F44/><W7/><G72/><T8/><D71/><U87/><E102/><V36/><F36/><W107/><G107/><T124/><D124/><U95/><E95/><V9/><F28/><W31/><G5/><T101/><D100/><U91/><E87/><V108/><F108/><N who="1" m="41513" /><E91/><V98/><F98/><W114/><G114/><T11/><D89/><U54/><E17/><N who="2" m="6155" /><F9/><W38/><G38/><T88/><D2/><U39/><E39/><V125/><F125/><W120/><G120/><N who="1" m="46122" /><E27/><V67/><F77/><W105/><G105/><T34/><D1/><U15/><E15/><V135/><F135/><W129/><G129/><T109/><D109/><U24/><E24/><V126/><F126/><W93/><G31/><T22/><D26/><U32/><AGARI ba="1,0" hai="32,33,54,56,59,60,62,64" m="46122,41513" machi="32" ten="40,7800,0" yaku="14,1,10,1,52,1" doraHai="49" who="1" fromWho="1" sc="280,-27,398,81,192,-27,130,-27" />
</Scene>
<Scene>
<INIT seed="1,2,0,3,2,130" ten="253,479,165,103" oya="1" hai0="124,40,98,18,122,81,50,97,105,56,48,121,72" hai1="13,32,127,46,106,42,2,49,75,67,114,132,66" hai2="125,58,109,112,100,21,92,14,7,12,71,113,82" hai3="53,16,26,61,34,57,10,120,43,4,99,118,69"/><U101/><E114/><V36/><F71/><W84/><G120/><T19/><D105/><U64/><E2/><V51/><F36/><W8/><G118/><T65/><D72/><U41/><E75/><V1/><F109/><W30/><G43/><T37/><D81/><U22/><E32/><V38/><F38/><W107/><G84/><T131/><D37/><U83/><E127/><V52/><F125/><W117/><G117/><T0/><D40/><U78/><E41/><V74/><F1/><W54/><G54/><T133/><D0/><U102/><E106/><V104/><F104/><W39/><G39/><T28/><D124/><U29/><E132/><V24/><F82/><W115/><G115/><N who="2" m="44105" /><F74/><W110/><G110/><T96/><D133/><U44/><E44/><V86/><F7/><W62/><G4/><T68/><D68/><U95/><E95/><V108/><F108/><W103/><REACH who="3" step="1"/><G16/><REACH who="3" ten="253,479,165,93" step="2"/><T90/><D19/><N who="1" m="10607" /><E29/><N who="2" m="17551" /><F86/><W3/><G3/><T23/><D28/><U88/><E78/><V135/><F135/><W129/><G129/><T17/><D131/><U70/><E70/><V45/><F45/><W94/><G94/><T128/><D128/><U80/><E80/><V134/><F134/><W93/><G93/><T6/><D121/><U77/><E77/><V20/><F20/><W27/><G27/><T79/><D23/><U119/><E119/><V87/><F87/><AGARI ba="2,1" hai="42,46,49,64,66,67,83,87,88,101,102" m="10607" machi="87" ten="30,2900,0" yaku="8,1,54,1" doraHai="130" who="1" fromWho="2" sc="253,0,479,45,165,-35,93,0" />
</Scene>
<Scene>
<INIT seed="1,3,0,4,5,43" ten="253,524,130,93" oya="1" hai0="38,45,122,17,32,119,26,48,130,91,100,37,70" hai1="23,77,0,72,92,60,20,3,34,76,113,107,134" hai2="39,118,109,104,62,132,12,98,10,41,87,82,31" hai3="81,46,58,14,13,1,101,126,22,30,28,51,133"/><U95/><E107/><V127/><F31/><W4/><G126/><T114/><D100/><U102/><E34/><V18/><F127/><W59/><G133/><T24/><D70/><U63/><E102/><V123/><F123/><W93/><G1/><T97/><D114/><U83/><E83/><V65/><F118/><W47/><G81/><T42/><D119/><U15/><E15/><N who="3" m="5642" /><G4/><T121/><D130/><U128/><E72/><V2/><F132/><W53/><G59/><T120/><D32/><U85/><E85/><V110/><F2/><W66/><G66/><T131/><D131/><U129/><REACH who="1" step="1"/><E134/><REACH who="1" ten="253,514,130,93" step="2"/><V27/><F87/><W88/><G101/><T115/><D122/><U84/><E84/><V78/><F82/><W55/><G22/><T40/><D120/><U74/><E74/><V73/><F73/><W112/><G112/><AGARI ba="3,1" hai="0,3,20,23,60,63,76,77,92,95,112,113,128,129" machi="112" ten="25,4800,0" yaku="1,1,22,2,53,0" doraHai="43" doraHaiUra="69" who="1" fromWho="3" sc="253,0,514,67,130,0,93,-57" />
</Scene>
<Scene>
<INIT seed="1,4,0,0,3,39" ten="253,581,130,36" oya="1" hai0="119,37,125,84,117,56,108,88,130,71,7,96,13" hai1="4,87,85,113,47,124,129,106,83,134,5,86,21" hai2="68,40,38,70,100,120,76,123,54,79,42,102,91" hai3="3,59,16,127,116,32,111,95,74,15,17,98,77"/><U78/><E113/><V92/><F38/><W14/><G3/><T107/><D71/><U99/><E124/><V34/><F34/><W66/><G32/><T122/><D125/><U0/><E0/><V45/><F70/><W90/><G127/><T94/><D108/><U30/><E134/><V20/><F68/><W6/><G111/><T35/><D35/><U133/><E133/><V52/><F20/><W46/><G116/><T67/><D130/><U75/><E129/><V29/><F29/><W36/><G74/><T121/><D37/><U97/><E47/><V1/><F1/><W93/><G77/><N who="2" m="29769" /><F123/><W31/><G31/><T105/><D7/><U58/><E58/><V43/><F120/><W103/><G6/><T128/><D56/><U109/><E109/><V64/><F64/><W69/><G69/><T63/><D67/><U101/><E97/><N who="2" m="57503" /><F45/><W33/><G33/><T26/><D128/><U89/><E89/><V132/><F132/><W25/><G59/><T135/><D135/><U72/><E72/><V114/><F114/><W19/><G66/><T28/><D122/><U48/><E48/><V55/><AGARI ba="4,0" hai="40,42,43,52,54,55,100,102" m="57503,29769" machi="55" ten="40,8000,1" yaku="8,1,52,3,54,1" doraHai="39" who="2" fromWho="2" sc="253,-24,581,-44,130,92,36,-24" />
</Scene>
<Scene>
<INIT seed="2,0,0,0,1,15" ten="229,537,222,12" oya="2" hai0="131,51,87,112,80,106,6,91,114,79,81,98,27" hai1="119,16,61,96,128,94,102,73,71,46,130,121,113" hai2="133,48,67,33,40,0,82,118,32,53,50,13,108" hai3="54,37,89,35,42,116,47,25,4,93,68,109,126"/><V34/><F0/><W123/><G116/><T115/><D6/><U60/><E119/><V85/><F118/><W110/><G123/><T66/><D66/><U69/><E113/><V72/><F72/><W111/><G68/><N who="1" m="26186" /><E73/><V134/><F108/><W28/><G126/><T8/><D8/><U78/><E78/><V11/><F67/><W29/><G29/><T38/><D38/><U83/><E83/><V90/><F40/><W31/><G31/><T7/><D51/><U104/><E121/><V95/><F95/><W24/><G24/><T20/><D7/><U12/><E46/><V36/><F36/><W88/><G4/><T39/><D39/><U57/><E57/><V2/><F2/><W120/><G120/><T56/><D56/><U117/><E104/><V41/><F41/><W49/><REACH who="3" step="1"/><G93/><REACH who="3" ten="229,537,222,2" step="2"/><T76/><D27/><U103/><E117/><V63/><F134/><W22/><G22/><T58/><D20/><N who="1" m="11271" /><E103/><V101/><F133/><W86/><G86/><T43/><D87/><U52/><E102/><V65/><F101/><W5/><G5/><T99/><D112/><U132/><E132/><V59/><REACH who="2" step="1"/><F65/><REACH who="2" ten="229,537,212,2" step="2"/><W127/><G127/><T92/><D92/><U125/><E94/><V10/><F10/><W1/><G1/><T122/><D114/><U44/><E125/><V124/><F124/><W23/><G23/><T97/><D115/><U100/><E100/><V14/><F14/><W75/><G75/><T129/><D122/><U17/><E96/><V74/><F74/><W3/><G3/><T84/><D99/><U55/><E128/><N who="0" m="49225" /><D97/><U19/><E130/><RYUUKYOKU ba="0,2" sc="229,-15,537,-15,212,15,2,15" hai2="11,13,32,33,34,48,50,53,59,63,82,85,90" hai3="25,28,35,37,42,47,49,54,88,89,109,110,111" />
</Scene>
<Scene>
<INIT seed="2,1,2,5,5,70" ten="214,522,227,17" oya="2" hai0="118,73,55,47,104,80,50,42,119,133,64,103,116" hai1="125,106,10,52,134,15,78,123,101,37,46,91,135" hai2="22,98,11,71,129,110,2,24,54,35,87,83,111" hai3="45,84,7,120,1,23,65,0,8,82,38,32,81"/><V58/><F71/><W112/><G32/><T39/><D133/><N who="1" m="50699" /><E125/><V40/><F35/><W74/><G120/><T43/><D103/><U77/><E123/><V127/><F127/><W49/><G0/><T20/><D104/><U4/><E91/><V131/><F98/><W44/><G112/><T34/><D34/><U66/><E66/><V121/><F40/><W102/><G102/><T100/><D100/><U16/><E4/><V86/><F11/><W27/><G65/><T30/><D64/><U6/><E6/><V26/><F2/><W130/><G130/><N who="2" m="49673" /><F121/><W29/><G74/><T85/><D73/><U19/><E19/><N who="2" m="12383" /><F26/><W28/><G28/><T117/><D117/><U93/><E106/><V88/><F86/><W56/><G82/><T59/><D43/><N who="1" m="22895" /><E52/><V105/><F105/><W63/><G38/><T128/><D128/><U99/><AGARI ba="1,2" hai="10,15,16,77,78,93,99,101" m="22895,50699" machi="99" ten="30,4000,0" yaku="20,1,52,1,54,1" doraHai="70" who="1" fromWho="1" sc="214,-11,522,63,227,-21,17,-11" />
</Scene>
<Scene>
<INIT seed="3,0,0,4,3,104" ten="203,585,206,6" oya="3" hai0="11,119,6,125,52,56,59,79,62,27,106,99,84" hai1="39,20,80,40,111,54,134,7,10,2,30,78,41" hai2="102,122,70,67,13,29,101,129,5,117,96,63,68" hai3="58,66,132,22,49,64,17,36,21,76,72,44,112"/><W87/><G112/><T50/><D119/><U77/><E111/><V109/><F117/><W61/><G36/><T90/><D125/><U131/><E131/><V55/><F129/><W4/><G132/><T121/><D121/><U103/><E134/><V92/><F29/><W133/><G133/><T3/><D79/><U135/><E135/><V74/><F74/><W19/><G4/><T97/><D27/><U37/><E103/><V123/><F109/><W105/><G105/><T9/><D106/><U116/><E116/><V110/><F110/><W43/><G72/><T81/><D11/><U14/><E39/><V130/><F130/><W24/><G66/><AGARI ba="0,0" hai="3,6,9,50,52,56,59,62,66,81,84,90,97,99" machi="66" ten="30,2000,0" yaku="7,1,54,1" doraHai="104" who="0" fromWho="3" sc="203,20,585,0,206,0,6,-20" owari="223,2.0,585,68.0,206,-19.0,-14,-51.0" />
</Scene>
</mjloggm>