<mjloggm ver="2.3"><GO type="169"/><UN n0="%E5%A4%AA%E3%81%8F%E3%81%AA%E3%81%84%E3%81%8A" n1="%E6%B5%81%E5%A4%AA" n2="%79%61%6D%61%74%61" n3="%E3%83%AD%E3%83%AA%E3%83%BC%E3%82%BF%E3%81%AA%E7%84%BC%E8%82%89" dan="17,16,16,17" rate="2168,2016,2023,2075" sx="M,M,M,F"/><TAIKYOKU oya="0"/>

<Scene>
<INIT seed="0,0,0,0,1,24" ten="250,250,250,250" oya="0" hai0="60,70,26,95,6,9,81,82,27,30,111,35,120" hai1="105,17,59,52,74,45,99,73,40,135,21,114,84" hai2="14,100,63,23,75,38,56,5,113,78,1,128,121" hai3="69,68,109,44,118,16,53,131,88,96,0,80,66"/><T48/><D120/><U7/><E7/><V34/><F38/><W102/><G118/><T31/><D111/><U20/><E20/><V106/><F34/><W18/><G0/><T124/><D124/><U65/><E65/><V22/><F1/><W4/><G109/><T25/><D25/><U43/><E43/><V62/><F75/><W2/><G131/><T110/><D110/><U19/><E135/><V28/><F78/><W133/><G133/><T8/><D48/><U97/><E19/><V32/><F100/><W92/><G4/><T89/><D70/><U58/><E58/><V94/><F106/><W107/><G2/><T123/><D60/><U51/><E99/><V42/><F42/><W55/><G80/><T103/><D103/><U132/><E132/><V67/><F32/><W29/><G29/><T46/><D46/><U41/><E41/><V91/><F113/><W57/><G44/><T98/><D123/><U119/><E105/><V36/><F36/><W33/><G33/><T83/><REACH who="0" step="1"/><D6/><REACH who="0" ten="240,250,250,250" step="2"/><U79/><E119/><V39/><F5/><W47/><G68/><T129/><D129/><U77/><E114/><V71/><F71/><W115/><G115/><T13/><D13/><U64/><E51/><V72/><F14/><W127/><G127/><T86/><D86/><U37/><E84/><V10/><F121/><W90/><G69/><T125/><D125/><U112/><E112/><V85/><F85/><N who="3" m="52239" /><G47/><T104/><D104/><U87/><E87/><V15/><F128/><W101/><G101/><T108/><D108/><U54/><E45/><V50/><F15/><RYUUKYOKU ba="0,1" sc="240,30,250,-10,250,-10,250,-10" hai0="8,9,26,27,30,31,35,81,82,83,89,95,98" />
</Scene>
<Scene>
<INIT seed="0,1,1,3,3,17" ten="270,240,240,240" oya="0" hai0="67,91,49,99,134,58,48,86,51,53,104,38,57" hai1="68,62,114,22,7,29,95,127,93,98,14,132,60" hai2="124,36,74,101,117,75,78,71,1,122,46,31,73" hai3="83,19,123,69,47,112,109,113,4,33,92,39,44"/><T126/><D38/><U3/><E3/><V32/><F122/><W76/><G69/><T18/><D134/><U54/><E132/><V77/><F71/><W121/><G4/><T52/><D126/><U106/><E106/><V5/><F1/><W129/><G33/><T16/><D67/><U28/><E127/><V10/><F101/><W125/><G125/><T2/><D2/><U89/><E68/><V41/><F124/><W84/><G109/><T37/><D37/><U40/><E40/><V81/><F77/><W13/><G129/><T27/><D27/><U30/><E114/><V12/><F117/><W108/><G108/><T70/><D70/><U96/><E7/><V63/><F63/><W11/><G92/><T110/><D110/><U61/><E14/><V115/><F115/><N who="3" m="44107" /><G39/><T65/><D65/><U59/><REACH who="1" step="1"/><E22/><REACH who="1" ten="270,230,240,240" step="2"/><V105/><F105/><W6/><G6/><T116/><D116/><U87/><E87/><V26/><AGARI ba="1,2" hai="5,10,12,26,31,32,36,41,46,73,74,75,78,81" machi="26" ten="30,1100,0" yaku="0,1" doraHai="17" who="2" fromWho="2" sc="270,-6,230,-4,240,34,240,-4" />
</Scene>
<Scene>
<INIT seed="1,0,0,2,2,2" ten="264,226,274,236" oya="1" hai0="71,53,100,97,131,39,15,3,113,6,18,52,64" hai1="40,108,92,104,59,58,98,83,88,56,94,16,127" hai2="17,33,61,110,1,9,82,37,79,67,21,119,14" hai3="134,50,20,121,44,84,60,22,115,135,103,126,47"/><U116/><E116/><V107/><F119/><W35/><G121/><T11/><D113/><U86/><E104/><V51/><F37/><W120/><G120/><T45/><D131/><U117/><E117/><V93/><F107/><W68/><G35/><T133/><D133/><N who="3" m="50697" /><G115/><T31/><D31/><U112/><E112/><V24/><F110/><W118/><G118/><T91/><D91/><U63/><E40/><V81/><F51/><W129/><G129/><T111/><D111/><U26/><E108/><V46/><F46/><W124/><G84/><T38/><D64/><U75/><E75/><V69/><F93/><W80/><G80/><T109/><D71/><U12/><E127/><N who="3" m="48682" /><G103/><T32/><D32/><U122/><E122/><V78/><F82/><W54/><G47/><T13/><D109/><U95/><E63/><V76/><F81/><W10/><G10/><T27/><D45/><U29/><E29/><N who="2" m="19623" /><F76/><W62/><G62/><T85/><D85/><U55/><E26/><V42/><F42/><W23/><G60/><T30/><D100/><N who="1" m="60487" /><E55/><V7/><AGARI ba="0,0" hai="1,7,9,14,17,21,61,67,69,78,79" m="19623" machi="7" ten="30,2000,0" yaku="24,1,52,1" doraHai="2" who="2" fromWho="2" sc="264,-5,226,-10,274,20,236,-5" />
</Scene>
<Scene>
<INIT seed="2,0,0,5,2,31" ten="259,216,294,231" oya="2" hai0="51,22,114,74,94,19,50,42,16,5,87,11,102" hai1="133,63,123,92,91,109,68,6,71,9,59,14,119" hai2="10,120,99,121,75,1,98,57,79,40,127,38,47" hai3="128,115,86,116,104,55,61,96,130,2,36,112,25"/><V29/><F127/><W129/><G36/><T52/><D74/><U46/><E119/><V72/><F72/><W81/><G116/><T58/><D114/><N who="3" m="43561" /><G2/><T95/><D102/><U108/><E123/><V54/><F29/><W103/><G25/><T101/><D101/><U106/><E106/><V122/><F75/><W66/><G55/><T132/><D132/><U45/><E133/><V83/><F83/><W18/><G18/><T117/><D117/><U76/><E76/><V24/><F24/><W26/><G26/><T89/><D95/><U64/><E46/><V110/><F79/><N who="3" m="46399" /><G61/><T82/><D82/><U39/><E45/><V35/><F1/><W126/><G66/><T33/><D33/><U118/><E39/><V44/><F35/><W111/><G126/><T49/><D42/><U27/><E27/><V125/><F125/><W124/><G124/><T88/><D89/><U28/><E28/><V65/><F65/><W77/><G77/><T90/><D90/><U56/><E118/><V17/><F47/><W62/><G62/><N who="0" m="36167" /><D22/><U84/><E71/><V30/><F30/><W93/><G111/><AGARI ba="0,0" hai="6,9,14,56,59,63,64,68,84,91,92,108,109,111" machi="111" ten="40,1300,0" yaku="14,1" doraHai="31" who="1" fromWho="3" sc="259,0,216,13,294,0,231,-13" />
</Scene>
<Scene>
<INIT seed="3,0,0,2,5,95" ten="259,229,294,218" oya="3" hai0="30,59,11,121,41,107,57,54,49,58,75,79,55" hai1="131,29,108,118,127,9,81,36,114,125,133,89,65" hai2="134,112,111,35,34,122,78,2,119,102,3,106,52" hai3="10,94,19,87,27,123,101,1,90,28,116,74,130"/><W16/><G123/><T105/><D121/><U124/><E114/><V77/><F122/><W38/><G38/><T31/><D75/><U50/><E36/><V23/><F23/><W70/><G116/><T62/><D79/><U67/><E29/><N who="0" m="10761" /><D107/><U126/><E118/><V60/><F106/><W80/><G70/><T73/><D73/><U92/><E81/><V15/><F15/><W132/><G132/><T64/><D105/><U69/><E133/><V100/><F134/><W42/><G42/><T68/><D68/><U21/><E9/><V66/><F66/><W97/><G130/><T8/><D41/><U71/><E127/><V117/><F60/><AGARI ba="0,0" hai="8,11,49,54,55,57,58,59,60,62,64" m="10761" machi="60" ten="30,1000,0" yaku="8,1" doraHai="95" who="0" fromWho="2" sc="259,10,229,0,294,-10,218,0" />
</Scene>
<Scene>
<INIT seed="4,0,0,2,0,0" ten="269,229,284,218" oya="0" hai0="14,42,56,86,30,39,88,74,104,125,92,15,43" hai1="46,37,60,4,53,24,93,59,62,132,25,83,117" hai2="52,61,13,65,127,73,68,97,26,44,22,123,87" hai3="94,71,69,110,51,101,131,2,5,28,82,89,124"/><T103/><D125/><U48/><E117/><V6/><F73/><W3/><G110/><T19/><D74/><U122/><E122/><V107/><F127/><W70/><G124/><T9/><D30/><U105/><E105/><V7/><F123/><W36/><G36/><T135/><D135/><U63/><E132/><V108/><F108/><W119/><G119/><T31/><D31/><U128/><E128/><V38/><F87/><W54/><G131/><T58/><D39/><U21/><E83/><V18/><F38/><W29/><G101/><T66/><D104/><U90/><E37/><V102/><REACH who="2" step="1"/><F26/><REACH who="2" ten="269,229,274,218" step="2"/><W118/><G118/><T64/><D103/><U8/><E25/><V81/><F81/><W57/><G82/><T47/><D15/><U134/><E134/><V95/><F95/><W75/><G2/><T114/><D114/><U20/><E24/><V109/><F109/><W85/><REACH who="3" step="1"/><G75/><REACH who="3" ten="269,229,274,208" step="2"/><T1/><D1/><U116/><E116/><V10/><F10/><AGARI ba="0,2" hai="3,5,10,28,29,51,54,57,69,70,71,85,89,94" machi="10" ten="40,8000,1" yaku="1,1,2,1,52,1,53,1" doraHai="0" doraHaiUra="91" who="3" fromWho="2" sc="269,0,229,0,274,-80,208,100" />
</Scene>
<Scene>
<INIT seed="5,0,0,0,5,114" ten="269,229,194,308" oya="1" hai0="105,17,89,134,110,78,97,132,133,52,41,51,7" hai1="92,30,55,64,20,26,29,39,122,43,77,0,116" hai2="8,82,74,79,130,36,70,111,54,50,91,126,69" hai3="68,66,123,57,117,15,88,115,121,28,84,48,4"/><U38/><E122/><V21/><F111/><W32/><G115/><T1/><D110/><U3/><E30/><V128/><F36/><W40/><G117/><T46/><D78/><U35/><E64/><V100/><F100/><W87/><G87/><T49/><D17/><U125/><E125/><V75/><F75/><W22/><G68/><T2/><D7/><U127/><E127/><V118/><F126/><W16/><G4/><T109/><D109/><U119/><E77/><V113/><F8/><W95/><G40/><T81/><D81/><U65/><E55/><V94/><F21/><W56/><G56/><N who="0" m="32783" /><D89/><U31/><E31/><V85/><F118/><W61/><REACH who="3" step="1"/><G48/><REACH who="3" ten="269,229,194,298" step="2"/><T25/><D51/><U6/><E6/><V53/><F113/><W14/><G14/><T72/><D41/><U83/><E43/><V67/><F50/><W27/><AGARI ba="0,1" hai="15,16,22,27,28,32,57,61,66,84,88,95,121,123" machi="27" ten="30,7900,0" yaku="1,1,0,1,54,2,53,0" doraHai="114" doraHaiUra="96" who="3" fromWho="3" sc="269,-20,229,-39,194,-20,298,89" />
</Scene>
<Scene>
<INIT seed="6,0,0,2,2,115" ten="249,190,174,387" oya="2" hai0="86,26,77,12,102,51,30,116,110,135,29,109,64" hai1="69,54,25,91,113,49,63,90,132,125,15,114,57" hai2="39,128,31,55,103,129,18,58,80,22,67,6,120" hai3="89,124,127,112,75,73,42,47,7,93,33,53,94"/><V61/><F120/><W97/><G33/><T32/><D135/><U20/><E132/><V68/><F103/><N who="3" m="60847" /><G53/><T23/><D102/><U85/><E91/><V37/><F6/><W45/><G7/><T119/><D64/><U74/><E74/><V101/><F101/><W84/><G47/><T17/><D51/><U65/><E125/><N who="3" m="48202" /><G112/><T92/><D30/><U111/><E111/><V106/><F106/><W13/><G13/><T36/><D36/><AGARI ba="0,0" hai="36,42,45,73,75,84,89,94" m="48202,60847" machi="36" ten="30,1000,0" yaku="18,1" doraHai="115" who="3" fromWho="0" sc="249,-10,190,0,174,0,387,10" />
</Scene>
<Scene>
<INIT seed="7,0,0,3,5,48" ten="239,190,174,397" oya="3" hai0="31,108,72,131,103,63,129,110,79,127,25,34,64" hai1="96,16,116,43,101,9,74,84,76,47,97,50,128" hai2="66,93,86,54,6,26,19,133,119,8,100,90,69" hai3="78,42,118,56,120,60,39,58,85,45,28,130,20"/><W36/><G120/><T123/><D123/><U75/><E97/><N who="2" m="59439" /><F119/><W12/><G130/><N who="0" m="49675" /><D127/><U24/><E128/><V68/><F68/><W80/><G58/><N who="0" m="36983" /><D103/><U73/><E116/><V33/><F33/><W18/><G28/><T38/><D38/><U91/><E84/><V132/><F69/><W87/><G118/><T17/><D17/><U115/><E91/><V94/><F66/><W5/><G5/><T2/><D2/><U3/><E3/><V77/><F77/><W57/><G57/><T71/><D71/><U113/><E76/><V134/><F19/><W109/><G109/><T23/><D34/><U61/><E61/><V124/><F124/><W82/><G39/><T40/><D40/><U88/><E88/><N who="2" m="53527" /><F26/><W55/><G80/><AGARI ba="0,0" hai="23,25,31,72,79,80,108,110" m="36983,49675" machi="80" ten="30,1000,0" yaku="19,1" doraHai="48" who="0" fromWho="3" sc="239,10,190,0,174,0,397,-10" owari="249,5.0,190,-21.0,174,-33.0,387,49.0" />
</Scene>
</mjloggm>