<mjloggm ver="2.3"><GO type="169" lobby="0"/><UN n0="%E3%81%84%E3%81%AC%E3%81%98%E3%82%83%E3%82%89%E3%81%97" n1="%E4%B8%AD%E5%B1%B1%E9%87%8E%E8%8D%89" n2="%70%61%72%75%6F%31%31" n3="%E5%A4%AA%E3%81%8F%E3%81%AA%E3%81%84%E3%81%8A" dan="17,16,16,18" rate="2166.24,2049.42,2052.83,2238.36" sx="M,F,M,F"/><TAIKYOKU oya="0"/>

<Scene>
<INIT seed="0,0,0,4,3,59" ten="250,250,250,250" oya="0" hai0="30,114,64,116,131,56,106,10,28,95,11,85,83" hai1="26,105,78,6,134,110,40,5,51,50,77,125,46" hai2="86,75,62,115,24,37,60,8,39,23,9,133,21" hai3="45,84,127,89,17,12,109,27,74,16,67,1,94"/><T88/><D116/><U72/><E105/><V118/><F75/><W123/><G1/><T61/><D114/><U107/><E107/><V90/><F115/><W0/><G0/><T43/><D106/><U3/><E134/><V81/><F118/><W58/><G74/><T68/><D131/><U52/><E125/><V7/><F133/><W57/><G127/><T65/><D43/><U135/><E135/><V48/><F39/><W117/><G117/><T101/><D65/><U79/><E110/><V122/><F122/><W91/><G109/><T22/><D68/><U13/><E3/><V44/><F37/><W25/><G123/><T4/><D4/><U31/><E13/><N who="2" m="5279" /><F9/><N who="0" m="3082" /><D22/><N who="2" m="8202" /><F24/><W130/><G130/><T103/><D83/><U34/><REACH who="1" step="1"/><E72/><REACH who="1" ten="250,240,250,250" step="2"/><V53/><AGARI ba="0,1" hai="44,48,53,60,62,81,86,90" m="8202,5279" machi="53" ten="30,4000,0" yaku="8,1,52,2" doraHai="59" who="2" fromWho="2" sc="250,-20,240,-10,250,50,250,-10" />
</Scene>
<Scene>
<INIT seed="1,0,0,5,2,3" ten="230,230,300,240" oya="1" hai0="94,121,112,61,132,55,47,80,44,38,79,100,28" hai1="107,51,13,57,5,7,21,115,0,25,87,2,42" hai2="90,71,16,65,104,86,73,82,129,76,31,106,10" hai3="45,24,6,48,60,37,33,22,128,110,96,11,72"/><U39/><E107/><V134/><F134/><W9/><G72/><T113/><D132/><U91/><E115/><V109/><F31/><W15/><G37/><T89/><D100/><U40/><E39/><V19/><F109/><W58/><G110/><T101/><D101/><U69/><E69/><V32/><F32/><W75/><G75/><T68/><D121/><U81/><E0/><V67/><F129/><W17/><G128/><T92/><D28/><N who="1" m="17455" /><E2/><V56/><F71/><W93/><G33/><T99/><D94/><U103/><E103/><V50/><F106/><W43/><G11/><T126/><D47/><U124/><E124/><V49/><F104/><W8/><G9/><T14/><D126/><U70/><E70/><V20/><F73/><W83/><G83/><T119/><D119/><U23/><E57/><V74/><F74/><W133/><G133/><T120/><D68/><U123/><E123/><V41/><F76/><W1/><G1/><T127/><D38/><U35/><E35/><V64/><F56/><W95/><REACH who="3" step="1"/><G96/><REACH who="3" ten="230,230,300,230" step="2"/><T85/><D99/><U102/><E102/><V29/><F10/><W34/><G34/><T118/><D127/><U125/><E125/><V84/><F84/><W30/><G30/><T54/><D85/><U4/><E51/><N who="2" m="19467" /><F41/><N who="1" m="15977" /><E23/><V135/><F135/><W114/><G114/><T63/><D113/><U77/><E77/><V36/><F36/><W53/><AGARI ba="0,1" hai="6,8,15,17,22,24,43,45,48,53,58,60,93,95" machi="53" ten="20,8000,1" yaku="1,1,0,1,7,1,8,1,52,1,53,0" doraHai="3" doraHaiUra="116" who="3" fromWho="3" sc="230,-20,230,-40,300,-20,230,90" />
</Scene>
<Scene>
<INIT seed="2,0,0,0,1,22" ten="210,190,280,320" oya="2" hai0="111,123,116,84,117,57,113,105,41,78,66,0,88" hai1="13,62,51,65,39,68,49,97,82,63,18,6,103" hai2="129,106,101,3,74,29,108,71,80,27,32,83,19" hai3="58,135,109,93,40,14,87,47,133,8,38,73,15"/><V59/><F71/><W44/><G73/><T56/><D113/><U125/><E39/><V17/><F3/><W60/><G109/><T16/><D123/><U61/><E125/><V91/><F129/><W89/><G47/><T33/><D111/><U42/><E6/><V107/><F108/><W70/><G70/><T99/><D78/><U120/><E120/><V134/><F134/><N who="3" m="51211" /><G8/><T122/><D122/><U28/><E28/><V110/><F110/><W95/><G95/><T102/><D0/><U4/><E4/><V23/><F101/><W2/><G2/><T112/><D112/><U124/><E124/><V69/><F69/><W24/><G24/><T52/><D33/><U126/><E126/><V30/><F30/><W127/><G127/><T45/><D66/><AGARI ba="0,0" hai="14,15,38,40,44,58,60,66,87,89,93" m="51211" machi="66" ten="30,1000,0" yaku="20,1" doraHai="22" who="3" fromWho="0" sc="210,-10,190,0,280,0,320,10" />
</Scene>
<Scene>
<INIT seed="3,0,0,3,2,104" ten="200,190,280,330" oya="3" hai0="18,78,3,57,90,46,128,116,36,6,98,31,97" hai1="64,32,92,131,125,19,27,47,79,48,52,54,70" hai2="41,105,95,135,110,106,100,74,123,86,24,113,42" hai3="61,14,21,22,15,107,20,87,30,85,122,93,99"/><W59/><G122/><T130/><D116/><U119/><E119/><V67/><F113/><W8/><G107/><T83/><D31/><U33/><E131/><N who="0" m="50217" /><D90/><U25/><E125/><V96/><F123/><W73/><G73/><N who="0" m="43471" /><D18/><U134/><E134/><V4/><F135/><W103/><G30/><T63/><D6/><U88/><E79/><V112/><F112/><W56/><G56/><T49/><D36/><U53/><E70/><V124/><F4/><N who="3" m="3335" /><G15/><T94/><D94/><U44/><E64/><AGARI ba="0,0" hai="20,21,22,59,61,64,85,87,93,99,103" m="3335" machi="64" ten="30,1500,0" yaku="8,1" doraHai="104" who="3" fromWho="1" sc="200,0,190,-15,280,0,330,15" />
</Scene>
<Scene>
<INIT seed="3,1,0,0,4,42" ten="200,175,280,345" oya="3" hai0="82,8,86,131,109,51,66,41,70,65,76,47,112" hai1="16,48,50,81,113,54,22,130,56,57,104,87,44" hai2="95,114,90,120,58,17,91,135,68,62,61,119,126" hai3="103,30,128,97,28,133,39,77,92,43,29,75,98"/><W12/><G133/><T132/><D132/><U23/><E113/><V49/><F135/><W21/><G128/><T121/><D121/><U59/><E104/><V7/><F119/><W19/><G75/><T96/><D112/><U67/><E130/><V125/><F114/><W32/><G77/><T6/><D131/><U46/><E67/><V10/><F120/><W122/><G122/><T79/><D109/><U107/><E107/><V108/><F108/><W84/><G84/><T80/><D96/><U5/><E5/><V14/><F68/><W102/><G32/><T34/><D70/><U111/><E111/><V45/><F7/><W64/><G64/><T83/><D34/><U99/><E99/><N who="2" m="57847" /><F91/><W11/><G39/><T26/><D26/><N who="1" m="14663" /><E23/><V124/><F58/><N who="1" m="22633" /><E50/><V53/><AGARI ba="1,0" hai="10,14,17,45,49,53,61,62,124,125,126" m="57847" machi="53" ten="30,2000,0" yaku="18,1,52,1" doraHai="42" who="2" fromWho="2" sc="200,-6,175,-6,280,23,345,-11" />
</Scene>
<Scene>
<INIT seed="4,0,0,0,1,32" ten="194,169,303,334" oya="0" hai0="25,67,76,0,45,5,27,40,103,83,100,6,50" hai1="7,47,31,53,46,17,13,22,97,88,118,122,113" hai2="108,127,41,131,65,120,72,116,33,38,96,114,73" hai3="48,128,134,42,23,1,77,85,89,112,74,95,52"/><T90/><D90/><U37/><E122/><V26/><RYUUKYOKU type="yao9" ba="0,0" sc="194,0,169,0,303,0,334,0" hai2="26,33,38,41,65,72,73,96,108,114,116,120,127,131" />
</Scene>
<Scene>
<INIT seed="4,1,0,3,3,53" ten="194,169,303,334" oya="0" hai0="88,97,134,70,43,116,108,44,34,20,85,100,62" hai1="64,124,13,17,119,33,95,90,101,81,89,57,98" hai2="132,22,125,129,94,123,80,109,47,9,102,113,91" hai3="1,120,51,96,27,61,133,26,38,92,41,29,79"/><T31/><D116/><U19/><E119/><V127/><F123/><W35/><G1/><T59/><D70/><U12/><E33/><V5/><F109/><W45/><G120/><T103/><D108/><U21/><E124/><V24/><F113/><W4/><G133/><T110/><D110/><U30/><E30/><V14/><F132/><W16/><G4/><T39/><D34/><U104/><E81/><V112/><F112/><W83/><G61/><T71/><D71/><U77/><E77/><V68/><F68/><W106/><G106/><T52/><D134/><U46/><E46/><V18/><F129/><W86/><G38/><T73/><D73/><U25/><E104/><V50/><F102/><W76/><G76/><T74/><D97/><U0/><E0/><V15/><F80/><W28/><G16/><T8/><D8/><N who="1" m="6279" /><E25/><N who="3" m="9226" /><G35/><T32/><D32/><U56/><E64/><V48/><F24/><W115/><G115/><T3/><D31/><U126/><E126/><N who="2" m="48139" /><F47/><W72/><G72/><T107/><D74/><U93/><E101/><AGARI ba="1,0" hai="28,29,41,45,51,79,83,86,92,96,101" m="9226" machi="101" ten="30,1000,0" yaku="8,1" doraHai="53" who="3" fromWho="1" sc="194,0,169,-13,303,0,334,13" />
</Scene>
<Scene>
<INIT seed="5,0,0,0,0,93" ten="194,156,303,347" oya="1" hai0="119,129,67,8,6,113,71,100,74,33,70,53,38" hai1="28,128,110,60,9,41,39,54,35,109,59,97,126" hai2="72,56,79,95,26,123,42,111,47,91,124,34,112" hai3="75,101,108,64,25,80,68,92,78,115,88,77,84"/><U130/><E35/><V89/><F111/><N who="1" m="42505" /><E28/><V87/><F123/><W83/><G108/><T104/><D119/><U5/><E126/><V44/><F124/><W66/><G115/><T36/><D33/><U10/><E10/><V12/><F112/><W18/><G68/><T121/><D74/><U49/><E39/><V11/><F56/><W24/><G101/><T13/><D129/><N who="1" m="49771" /><E41/><V17/><F42/><W133/><G133/><T46/><D113/><U73/><E73/><V61/><F72/><W58/><G18/><T50/><D121/><U76/><E76/><V131/><F79/><W32/><G32/><T127/><D127/><U86/><E86/><V0/><F131/><W105/><G78/><T4/><D4/><U55/><E97/><V20/><F34/><W16/><G77/><T107/><D38/><U57/><E9/><V14/><F11/><W134/><G75/><T22/><D8/><U62/><E5/><V98/><F0/><W21/><G84/><T118/><D6/><U40/><E40/><V96/><F96/><W106/><G21/><T23/><D22/><U1/><E1/><V29/><F29/><W7/><G7/><T43/><D23/><U81/><E81/><V52/><F87/><W85/><G83/><T30/><D43/><U27/><E27/><V120/><F120/><W103/><G24/><T122/><D36/><U37/><E37/><V51/><F26/><W2/><G2/><T116/><D30/><U48/><AGARI ba="0,0" hai="48,49,54,55,57,59,60,62" m="49771,42505" machi="48" ten="40,12000,1" yaku="10,1,19,1,34,2" doraHai="93" who="1" fromWho="1" sc="194,-40,156,120,303,-40,347,-40" />
</Scene>
<Scene>
<INIT seed="5,1,0,3,1,14" ten="154,276,263,307" oya="1" hai0="108,11,87,57,123,111,6,53,112,98,34,120,75" hai1="116,115,29,70,101,102,104,7,25,27,110,40,68" hai2="12,130,119,86,131,58,80,4,32,134,81,105,0" hai3="117,2,99,71,42,90,94,13,31,91,23,72,61"/><U133/><E116/><V73/><F119/><W113/><G117/><T129/><D75/><U65/><E110/><V106/><F0/><W135/><G2/><T22/><D34/><U59/><E133/><V92/><F32/><W41/><G72/><T88/><D112/><U122/><E122/><N who="0" m="46633" /><D98/><U76/><E115/><V26/><F26/><W69/><G113/><T37/><D37/><U33/><E40/><V56/><F134/><W89/><G135/><T30/><D129/><N who="2" m="49162" /><F4/><W3/><G3/><N who="0" m="479" /><D30/><U121/><E7/><V18/><F73/><W118/><G118/><T20/><D22/><U60/><E121/><V38/><F38/><W47/><G31/><T36/><D20/><U83/><E25/><V97/><F106/><W39/><G39/><T67/><D67/><U82/><E104/><V52/><F105/><W126/><G99/><T1/><D1/><U124/><E102/><N who="2" m="60711" /><F58/><W74/><G74/><T93/><D36/><U45/><E101/><V62/><F86/><W84/><G84/><T85/><D87/><U16/><E59/><V44/><F44/><W127/><G47/><T77/><D77/><U17/><E45/><V35/><F35/><W95/><G71/><T54/><D57/><U8/><E68/><V128/><F128/><W55/><G69/><T10/><D10/><AGARI ba="1,0" hai="10,12,18,52,56,62,80,81" m="60711,49162" machi="10" ten="30,3900,0" yaku="19,1,52,1,54,1" doraHai="14" who="2" fromWho="0" sc="154,-42,276,0,263,42,307,0" />
</Scene>
<Scene>
<INIT seed="6,0,0,1,4,122" ten="112,276,305,307" oya="2" hai0="89,132,88,83,54,41,125,76,129,5,47,92,96" hai1="111,93,0,78,1,85,131,107,61,16,8,51,60" hai2="22,128,101,32,11,135,40,124,120,64,3,50,105" hai3="29,63,15,35,116,7,17,25,33,117,38,27,37"/><V42/><F120/><W46/><G63/><T69/><D125/><U103/><E107/><V39/><F32/><W21/><G46/><T126/><D126/><U10/><E111/><V86/><F124/><W74/><G74/><T82/><D69/><U72/><E131/><V43/><F39/><W70/><G70/><T77/><D129/><U73/><E51/><V80/><F128/><W57/><G57/><T127/><D127/><U100/><E93/><V79/><F135/><W113/><G113/><T81/><D132/><U115/><E85/><V98/><F64/><W13/><G7/><T106/><D106/><U26/><E26/><V87/><F3/><W123/><G123/><T97/><D54/><U62/><E78/><V24/><F11/><W9/><G38/><T48/><REACH who="0" step="1"/><D5/><REACH who="0" ten="102,276,305,307" step="2"/><U65/><E65/><V84/><F42/><W95/><G116/><T119/><D119/><U133/><E133/><V6/><F43/><W23/><G117/><T58/><D58/><U18/><REACH who="1" step="1"/><E62/><REACH who="1" ten="102,266,305,307" step="2"/><V4/><F50/><W20/><G37/><T90/><D90/><U110/><E110/><V45/><F105/><W94/><G29/><T55/><D55/><U71/><E71/><V49/><F49/><W14/><G33/><T53/><D53/><U121/><E121/><V67/><F67/><W36/><G35/><T75/><D75/><U34/><E34/><V56/><F40/><W114/><G36/><T99/><D99/><U19/><E19/><V109/><F98/><W112/><G17/><T130/><D130/><U134/><E134/><V118/><F109/><W59/><G59/><RYUUKYOKU ba="0,2" sc="102,15,266,15,305,-15,307,-15" hai0="41,47,48,76,77,81,82,83,88,89,92,96,97" hai1="0,1,8,10,16,18,60,61,72,73,100,103,115" />
</Scene>
<Scene>
<INIT seed="7,1,2,1,2,29" ten="117,281,290,292" oya="3" hai0="111,132,49,25,80,72,124,37,61,81,15,126,97" hai1="23,5,106,135,26,10,67,70,6,94,48,129,121" hai2="79,31,27,85,128,46,89,86,20,125,1,62,114" hai3="108,16,53,59,64,73,113,43,105,8,47,93,117"/><W44/><G117/><T14/><D49/><U131/><E106/><V56/><F1/><W84/><G105/><T42/><D25/><U118/><E121/><V98/><F114/><W103/><G73/><T65/><D72/><U54/><E118/><V120/><F120/><W116/><G116/><T71/><D61/><N who="1" m="40303" /><E94/><N who="2" m="56655" /><F125/><W123/><G123/><T92/><D65/><U12/><E12/><V100/><F128/><N who="1" m="49225" /><E10/><V22/><F79/><W134/><G64/><T2/><D71/><U34/><E34/><V101/><F46/><W87/><G113/><T69/><D69/><U90/><E90/><V41/><F41/><W9/><G9/><T28/><D28/><N who="1" m="17503" /><E135/><V127/><F127/><W33/><G33/><T52/><D42/><U63/><E63/><V99/><F20/><W40/><G134/><T83/><D83/><U82/><E82/><V3/><F3/><W58/><G43/><T50/><D92/><U57/><AGARI ba="1,2" hai="5,6,48,54,57" m="17503,49225,40303" machi="57" ten="30,1100,0" yaku="19,1" doraHai="29" who="1" fromWho="1" sc="117,-4,281,34,290,-4,292,-6" owari="113,-39.0,315,41.0,286,9.0,286,-11.0" />
</Scene>
</mjloggm>