<mjloggm ver="2.3"><GO type="169"/><UN n0="%E5%9F%BA%E7%A4%8E%E8%AB%96" n1="%E5%A4%AA%E3%81%8F%E3%81%AA%E3%81%84%E3%81%8A" n2="%E3%81%8A%E3%81%8B%E3%82%82%E3%81%A8" n3="%E3%81%A0%E3%83%BC%E3%81%8F%E3%81%88%E3%82%8B%E3%81%B5" dan="16,17,16,16" rate="2082,2189,2207,2046" sx="M,M,M,F"/><TAIKYOKU oya="0"/>

<Scene>
<INIT seed="0,0,0,0,2,57" ten="250,250,250,250" oya="0" hai0="10,61,28,114,92,79,129,74,101,121,83,95,126" hai1="31,8,46,77,66,0,64,14,78,23,98,32,89" hai2="85,18,43,117,107,5,115,102,90,93,49,56,133" hai3="1,15,9,120,20,6,127,24,47,59,75,132,70"/><T19/><D114/><U128/><E128/><V29/><F115/><W65/><G70/><T135/><D121/><U39/><E0/><V45/><F117/><W112/><G112/><T87/><D129/><U108/><E32/><V26/><F133/><W131/><G120/><T41/><D135/><U27/><E108/><V62/><F5/><W60/><G131/><T54/><D126/><U100/><E89/><V11/><F102/><W21/><G132/><T134/><D134/><U37/><E37/><V91/><F107/><W116/><G116/><T88/><D41/><U63/><E46/><V34/><F91/><W124/><G75/><T33/><D33/><U30/><E30/><V104/><F104/><W35/><G47/><T118/><D118/><U81/><E39/><V3/><F3/><W80/><G80/><T52/><D28/><U97/><E66/><V13/><REACH who="2" step="1"/><F56/><REACH who="2" ten="250,250,240,250" step="2"/><W109/><G109/><T122/><D122/><U12/><E100/><V105/><F105/><W94/><G1/><T119/><D119/><U76/><E81/><V68/><F68/><W99/><G124/><T86/><D101/><U58/><REACH who="1" step="1"/><E14/><REACH who="1" ten="250,240,240,250" step="2"/><V67/><F67/><W48/><G127/><T36/><D83/><U111/><E111/><V110/><F110/><W38/><G65/><T130/><D130/><U44/><E44/><V51/><F51/><W82/><G48/><T40/><D36/><U123/><E123/><V103/><F103/><N who="3" m="60919" /><G38/><T16/><D92/><U22/><E22/><V125/><F125/><W72/><G82/><T42/><D95/><U73/><E73/><V25/><F25/><RYUUKYOKU ba="0,2" sc="250,-15,240,15,240,15,250,-15" hai1="8,12,23,27,31,58,63,64,76,77,78,97,98" hai2="11,13,18,26,29,34,43,45,49,62,85,90,93" />
</Scene>
<Scene>
<INIT seed="1,1,2,3,5,87" ten="235,255,255,235" oya="1" hai0="57,62,65,20,72,117,111,103,118,115,122,41,52" hai1="40,67,32,85,89,24,83,102,45,121,61,73,76" hai2="27,75,124,54,81,63,47,46,10,11,28,112,70" hai3="86,26,3,92,133,33,66,119,82,91,21,0,78"/><U12/><E121/><V98/><F124/><W116/><G133/><T56/><D72/><U130/><E130/><V8/><F112/><W114/><G114/><T44/><D115/><U25/><E102/><V107/><F107/><W132/><G132/><T9/><D122/><U2/><E2/><V35/><F98/><W16/><G33/><T105/><D9/><U39/><E12/><V125/><F125/><W23/><G66/><T123/><D123/><U97/><E97/><V79/><F70/><W120/><G120/><T110/><D20/><U109/><E109/><N who="0" m="41481" /><D103/><U77/><E32/><V108/><F108/><W129/><G129/><T131/><D105/><U58/><REACH who="1" step="1"/><E76/><REACH who="1" ten="235,245,255,235" step="2"/><V101/><F101/><W106/><G119/><T69/><D131/><U104/><E104/><V22/><F35/><W34/><G116/><T94/><D117/><U60/><E60/><V135/><F135/><W113/><G113/><T53/><D118/><U29/><E29/><V15/><F15/><W36/><G106/><T13/><D13/><U90/><E90/><V128/><F128/><W95/><G34/><T7/><D7/><U37/><E37/><V74/><F63/><W59/><G36/><N who="0" m="21543" /><D94/><AGARI ba="1,3" hai="24,25,39,40,45,58,61,67,73,77,83,85,89,94" machi="94" ten="30,5800,0" yaku="1,1,7,1,52,1,53,0" doraHai="87" doraHaiUra="126" who="1" fromWho="0" sc="235,-61,245,91,255,0,235,0" />
</Scene>
<Scene>
<INIT seed="1,2,0,3,2,33" ten="174,336,255,235" oya="1" hai0="84,49,52,101,14,2,113,68,16,70,92,112,73" hai1="91,78,98,12,60,133,8,24,103,30,18,111,25" hai2="15,81,1,27,72,109,32,131,20,99,118,42,39" hai3="36,41,126,124,62,116,127,28,80,94,34,89,59"/><U76/><E133/><V95/><F118/><W71/><G71/><T115/><D73/><U64/><E91/><V135/><F135/><W54/><G116/><T119/><D119/><U44/><E44/><V105/><F105/><W83/><G34/><T132/><D132/><U82/><E111/><V46/><F109/><W47/><REACH who="3" step="1"/><G28/><REACH who="3" ten="174,336,255,225" step="2"/><T108/><D108/><U3/><E3/><V65/><F1/><W117/><G117/><T129/><D2/><U23/><E25/><V61/><F32/><W128/><G128/><T100/><D129/><U69/><REACH who="1" step="1"/><E82/><REACH who="1" ten="174,326,255,225" step="2"/><V79/><F27/><W6/><G6/><T4/><D4/><U7/><E7/><V19/><F131/><W77/><G77/><T9/><D112/><U26/><E26/><V55/><F81/><W58/><G58/><T102/><D113/><U50/><E50/><V37/><F79/><W66/><G66/><T17/><D115/><U88/><E88/><V96/><F65/><W21/><G21/><T67/><D67/><U0/><E0/><V86/><F20/><W125/><G125/><T51/><D51/><U85/><E85/><AGARI ba="2,2" hai="36,41,47,54,59,62,80,83,85,89,94,124,126,127" machi="85" ten="40,5200,0" yaku="1,1,18,1,53,1" doraHai="33" doraHaiUra="57" who="3" fromWho="1" sc="174,0,326,-58,255,0,225,78" />
</Scene>
<Scene>
<INIT seed="2,0,0,2,4,122" ten="174,268,255,303" oya="2" hai0="113,126,10,127,99,119,129,49,125,64,128,115,6" hai1="43,69,132,75,85,94,40,63,46,120,31,104,12" hai2="17,5,26,114,34,51,117,24,121,16,71,106,27" hai3="118,88,19,112,58,116,35,56,55,20,84,67,72"/><V102/><F71/><W124/><G72/><T45/><D64/><U76/><E104/><V96/><F121/><W101/><G35/><T11/><D99/><U103/><E120/><V90/><F117/><W92/><G112/><N who="0" m="43083" /><D119/><U25/><E132/><V8/><F114/><W97/><G124/><T68/><D68/><U62/><E75/><V81/><F34/><W109/><G109/><T107/><D107/><U80/><E12/><V44/><F90/><W21/><G67/><T57/><D57/><U60/><E69/><V22/><F81/><W4/><G4/><T61/><D61/><U95/><E103/><V1/><REACH who="2" step="1"/><F17/><REACH who="2" ten="174,268,245,303" step="2"/><W98/><G19/><T123/><D123/><U134/><E134/><V91/><F91/><W23/><G118/><T82/><D82/><U28/><E28/><V133/><F133/><W131/><G116/><T33/><D33/><U3/><E31/><V14/><F14/><W73/><G101/><T93/><D125/><U66/><E80/><V100/><F100/><W111/><G88/><T13/><D126/><U79/><E79/><V47/><F47/><W59/><G59/><T53/><D127/><U135/><E46/><V48/><F48/><W0/><G56/><T52/><D93/><U77/><E135/><V15/><F15/><W41/><G92/><T110/><D13/><U54/><E77/><V18/><F18/><W30/><G58/><T78/><D78/><U83/><E95/><V89/><F89/><W37/><G30/><T50/><D50/><U38/><E76/><V2/><F2/><W42/><G0/><T105/><D49/><RYUUKYOKU ba="0,1" sc="174,-10,268,-10,245,30,303,-10" hai2="1,5,8,16,22,24,26,27,44,51,96,102,106" />
</Scene>
<Scene>
<INIT seed="2,1,1,2,2,78" ten="164,258,275,293" oya="2" hai0="1,88,40,60,85,99,89,30,119,132,112,4,29" hai1="48,123,22,25,18,113,106,97,51,37,14,33,105" hai2="129,122,125,26,44,70,36,121,28,98,57,135,103" hai3="45,102,17,117,46,124,73,108,16,10,131,76,74"/><V127/><F70/><W55/><G117/><T68/><D112/><U69/><E37/><V114/><F114/><W65/><G65/><T50/><D119/><U9/><E113/><V59/><F36/><W39/><G102/><T8/><D132/><U49/><E69/><V94/><F44/><W5/><G108/><T52/><D40/><U100/><E123/><V84/><F135/><W118/><G118/><T86/><D99/><U128/><E128/><V110/><F129/><W126/><G131/><T87/><D68/><U35/><REACH who="1" step="1"/><E106/><REACH who="1" ten="164,248,275,293" step="2"/><V32/><F110/><W82/><G124/><N who="2" m="47689" /><F122/><W109/><G126/><T42/><D42/><U80/><E80/><V104/><F121/><W62/><G109/><T83/><D60/><U120/><E120/><V13/><F104/><W11/><G39/><T19/><D19/><AGARI ba="1,2" hai="9,14,18,19,22,25,33,35,48,49,51,97,100,105" machi="19" ten="40,1300,0" yaku="1,1,53,0" doraHai="78" doraHaiUra="56" who="1" fromWho="0" sc="164,-16,248,36,275,0,293,0" />
</Scene>
<Scene>
<INIT seed="3,0,0,5,4,47" ten="148,284,275,293" oya="3" hai0="34,1,63,86,73,18,79,51,40,78,45,105,112" hai1="8,59,76,19,64,26,85,50,5,38,135,37,35" hai2="113,99,56,109,70,30,94,4,77,6,43,21,67" hai3="16,128,102,97,13,24,29,71,57,48,42,122,10"/><W49/><G122/><T119/><D119/><U82/><E135/><V100/><F113/><W9/><G71/><T104/><D112/><U0/><E64/><V60/><F109/><W116/><G116/><T46/><D73/><U65/><E65/><V96/><F77/><W39/><G128/><T125/><D34/><U27/><E27/><N who="2" m="16751" /><F70/><W98/><G39/><T129/><D129/><U41/><E59/><V91/><F43/><W68/><G68/><T2/><D125/><U93/><E93/><AGARI ba="0,0" hai="4,6,56,60,67,91,93,94,96,99,100" m="16751" machi="93" ten="30,2000,0" yaku="25,1,8,1" doraHai="47" who="2" fromWho="1" sc="148,0,284,-20,275,20,293,0" />
</Scene>
<Scene>
<INIT seed="4,0,0,1,2,63" ten="148,264,295,293" oya="0" hai0="114,15,8,129,135,40,59,23,9,106,82,85,39" hai1="36,127,128,113,74,68,21,5,84,10,111,7,109" hai2="0,123,130,65,44,118,79,96,42,55,43,69,61" hai3="32,72,54,17,98,108,104,19,6,58,88,28,27"/><T125/><D114/><U2/><E74/><V26/><F0/><W50/><G108/><T51/><D106/><U62/><E36/><V25/><F123/><W83/><G72/><T4/><D125/><U78/><E127/><V121/><F121/><W92/><G83/><T116/><D116/><U35/><E35/><V57/><F79/><W33/><G104/><T53/><D129/><U133/><E128/><V117/><F130/><W80/><G80/><T131/><D131/><U46/><E78/><V103/><F43/><W34/><REACH who="3" step="1"/><G6/><REACH who="3" ten="148,264,295,283" step="2"/><T91/><D135/><U3/><E133/><V90/><F117/><W16/><AGARI ba="0,1" hai="16,17,19,27,28,32,33,34,50,54,58,88,92,98" machi="16" ten="30,8000,1" yaku="1,1,2,1,0,1,54,2,53,0" doraHai="63" doraHaiUra="101" who="3" fromWho="3" sc="148,-40,264,-20,295,-20,283,90" />
</Scene>
<Scene>
<INIT seed="5,0,0,5,0,40" ten="108,244,275,373" oya="1" hai0="104,57,117,21,62,125,118,124,65,60,75,63,15" hai1="99,92,114,11,132,26,0,28,3,38,49,36,19" hai2="34,80,77,13,95,112,84,113,96,59,25,29,14" hai3="120,134,2,86,5,128,20,105,32,121,31,97,135"/><U82/><E114/><N who="2" m="44139" /><F59/><W111/><G32/><T129/><D75/><U56/><E132/><N who="3" m="50730" /><G111/><T30/><D104/><U7/><E0/><V107/><F107/><W35/><G35/><T94/><D94/><U42/><E82/><V127/><F127/><N who="0" m="48714" /><D30/><U33/><E19/><V67/><F67/><W16/><G128/><T93/><D93/><U100/><REACH who="1" step="1"/><E56/><REACH who="1" ten="108,234,275,373" step="2"/><V10/><F10/><N who="3" m="2359" /><G120/><T106/><D129/><U58/><E58/><V22/><F34/><W12/><G121/><T103/><D57/><U61/><E61/><V46/><F46/><AGARI ba="0,1" hai="3,7,11,26,28,33,36,38,42,46,49,92,99,100" machi="46" ten="40,3900,0" yaku="1,1,52,1,53,0" doraHai="40" doraHaiUra="51" who="1" fromWho="2" sc="108,0,234,49,275,-39,373,0" />
</Scene>
<Scene>
<INIT seed="5,1,0,2,5,40" ten="108,283,236,373" oya="1" hai0="120,12,71,58,51,110,95,93,106,124,76,43,37" hai1="2,33,74,53,75,84,54,17,64,129,86,82,101" hai2="117,109,57,56,104,21,5,135,80,108,121,79,50" hai3="127,126,92,115,36,70,77,132,7,83,99,113,111"/><U31/><E2/><V29/><F104/><W100/><G111/><T4/><D110/><U46/><E129/><V6/><F121/><W34/><G132/><T118/><D118/><U0/><E0/><V89/><F117/><W47/><G70/><T131/><D120/><U1/><E1/><V44/><F135/><W116/><G7/><T119/><D119/><U19/><E64/><V73/><F108/><W112/><G116/><T78/><D131/><U8/><E101/><V68/><F68/><W69/><G69/><T27/><D71/><U39/><E39/><V107/><F107/><W125/><G34/><T134/><D106/><U25/><E86/><V133/><F133/><W96/><G96/><T65/><D134/><U67/><E67/><V103/><F103/><W45/><G36/><T61/><D124/><U13/><E19/><V11/><F109/><W88/><G100/><T122/><D122/><U26/><E26/><V87/><F6/><W49/><G49/><T41/><D37/><U16/><E17/><V105/><F105/><W94/><G92/><T62/><D27/><U20/><E33/><V48/><F29/><W18/><G18/><T42/><D4/><U10/><E10/><V3/><F21/><W114/><G114/><T97/><D12/><U14/><E13/><V128/><F50/><W59/><G59/><N who="0" m="37055" /><D51/><N who="1" m="28919" /><E54/><N who="2" m="29959" /><F128/><W130/><G130/><T23/><D23/><U60/><E60/><V66/><F66/><W52/><G52/><N who="0" m="34119" /><D97/><U63/><E63/><V55/><F55/><W85/><AGARI ba="1,0" hai="45,47,77,83,85,88,94,99,112,113,115,125,126,127" machi="85" ten="40,12000,2" yaku="0,1,15,1,18,1,52,2,54,1" doraHai="40" who="3" fromWho="3" sc="108,-31,283,-61,236,-31,373,123" />
</Scene>
<Scene>
<INIT seed="6,0,0,2,1,34" ten="77,222,205,496" oya="2" hai0="0,96,134,113,16,63,35,32,24,87,77,44,66" hai1="121,81,12,36,50,89,26,83,130,40,25,129,55" hai2="33,48,115,92,107,17,95,39,62,67,86,23,126" hai3="69,28,97,116,100,75,111,13,119,22,21,132,14"/><V114/><F107/><W88/><G111/><T8/><D113/><N who="2" m="43018" /><F39/><W68/><G75/><T20/><D134/><U27/><E121/><V85/><F33/><W29/><G100/><T42/><D96/><U124/><E124/><V135/><F135/><W98/><G88/><T78/><D78/><U51/><E36/><V131/><F48/><W84/><G84/><N who="2" m="32361" /><F131/><N who="1" m="50185" /><E89/><V102/><F102/><W112/><G112/><T71/><D44/><N who="1" m="25863" /><E12/><N who="2" m="9639" /><F126/><W74/><G74/><T18/><D42/><U31/><E31/><V52/><F52/><W76/><G76/><T46/><D46/><AGARI ba="0,0" hai="25,26,27,46,51,55,81,83" m="25863,50185" machi="46" ten="30,1000,0" yaku="19,1" doraHai="34" who="1" fromWho="0" sc="77,-10,222,10,205,0,496,0" />
</Scene>
<Scene>
<INIT seed="7,0,0,0,2,93" ten="67,232,205,496" oya="3" hai0="28,130,99,87,31,122,22,44,110,66,109,49,25" hai1="35,43,42,27,32,0,103,16,36,50,65,129,84" hai2="29,133,98,18,1,90,41,11,64,30,88,104,72" hai3="3,94,12,116,128,105,76,107,37,2,61,4,73"/><W34/><G34/><T96/><D122/><U115/><E0/><V10/><F72/><W60/><G94/><T51/><D66/><U111/><E111/><V79/><F79/><W135/><G76/><T8/><D8/><N who="2" m="3114" /><F104/><W81/><G81/><T21/><D87/><U59/><E36/><V124/><F1/><W120/><G12/><T9/><D9/><U62/><E115/><V52/><F41/><W75/><G4/><T113/><D44/><U114/><E114/><V125/><F64/><W58/><G120/><T112/><REACH who="0" step="1"/><D25/><REACH who="0" ten="57,232,205,496" step="2"/><U68/><E84/><V63/><F125/><W78/><G75/><T118/><D118/><U102/><E27/><V69/><F124/><W26/><G116/><T101/><D101/><U100/><E100/><V127/><F127/><W82/><G26/><T15/><D15/><U54/><E103/><V6/><F6/><W47/><G73/><T24/><D24/><U23/><E102/><V85/><F85/><W74/><G74/><T131/><AGARI ba="0,1" hai="21,22,28,31,49,51,96,99,109,110,112,113,130,131" machi="131" ten="25,12000,2" yaku="1,1,0,1,22,2,52,2,53,0" doraHai="93" doraHaiUra="55" who="0" fromWho="0" sc="57,130,232,-30,205,-30,496,-60" owari="187,-21.0,202,0.0,175,-32.0,436,53.0" />
</Scene>
</mjloggm>