<mjloggm ver="2.3"><GO type="169" lobby="0"/><UN n0="%E9%9D%92%E6%9C%A8%E8%8C%82" n1="%E6%98%8E%E5%AE%98" n2="%E5%9F%BA%E7%A4%8E%E8%AB%96" n3="%E5%A4%AA%E3%81%8F%E3%81%AA%E3%81%84%E3%81%8A" dan="16,16,17,18" rate="2045.53,2059.73,2124.96,2236.36" sx="M,M,M,F"/><TAIKYOKU oya="0"/>

<Scene>
<INIT seed="0,0,0,4,2,89" ten="250,250,250,250" oya="0" hai0="118,95,12,84,127,106,37,1,107,133,69,86,25" hai1="108,29,100,101,65,9,35,94,60,64,61,39,58" hai2="51,19,98,23,122,42,112,79,32,55,21,57,6" hai3="52,53,111,72,119,13,70,124,0,93,15,87,36"/><T68/><D37/><U28/><E39/><V8/><F122/><W71/><G119/><T116/><D1/><U74/><E74/><V17/><F112/><W109/><G0/><T59/><D118/><U113/><E113/><V123/><F123/><W135/><G72/><T81/><D116/><U121/><E121/><V130/><F32/><W90/><G36/><T14/><D133/><U50/><E35/><V128/><F79/><W129/><G135/><T96/><D127/><U92/><E108/><N who="3" m="41546" /><G124/><T103/><D86/><U2/><E2/><N who="2" m="87" /><F42/><W3/><G3/><T62/><D69/><N who="3" m="26121" /><G129/><N who="2" m="49769" /><F98/><W104/><G104/><T47/><D68/><U134/><E134/><V33/><F33/><W38/><G38/><T66/><D47/><U24/><E9/><V82/><F82/><W41/><G41/><T46/><D46/><U11/><E11/><V56/><F57/><W44/><G44/><T48/><D48/><U10/><E10/><V27/><F23/><W26/><G26/><T67/><D67/><U110/><E110/><V83/><F83/><W75/><G75/><T54/><D66/><U76/><E58/><V34/><F34/><W40/><G40/><T18/><D107/><U4/><E4/><V126/><F126/><W115/><G115/><T5/><D5/><U73/><E73/><V114/><F114/><W131/><G131/><T99/><D106/><U85/><E65/><V97/><F19/><W105/><G105/><T91/><D99/><U43/><E43/><V80/><F80/><W117/><G117/><T77/><D103/><U102/><E64/><V49/><F97/><RYUUKYOKU ba="0,0" sc="250,10,250,-30,250,10,250,10" hai0="12,14,18,25,54,59,62,77,81,84,91,95,96" hai2="17,21,27,49,51,55,56" hai3="13,15,52,53,87,90,93" />
</Scene>
<Scene>
<INIT seed="0,1,0,2,4,119" ten="260,220,260,260" oya="0" hai0="60,4,107,125,103,97,94,135,73,56,102,120,3" hai1="113,112,134,75,25,71,126,51,22,83,43,91,118" hai2="86,2,127,31,20,92,62,105,10,39,29,11,90" hai3="1,64,128,72,55,115,74,67,63,34,93,16,129"/><T41/><D73/><N who="3" m="28265" /><G1/><T17/><D41/><U121/><E71/><V133/><F39/><W24/><G115/><N who="1" m="44106" /><E118/><V12/><F105/><W48/><G93/><T101/><D107/><U35/><E35/><V85/><F2/><W84/><G84/><T100/><D17/><U99/><E75/><V59/><F127/><W54/><G48/><T14/><D125/><U42/><E126/><V7/><F133/><W87/><G87/><T47/><D135/><U49/><E83/><V131/><F131/><N who="3" m="50251" /><G67/><T89/><D3/><U68/><E134/><V53/><F20/><N who="3" m="13319" /><G34/><T96/><D47/><U46/><E49/><V95/><REACH who="2" step="1"/><F11/><REACH who="2" ten="260,220,250,260" step="2"/><W122/><G122/><T65/><D4/><U38/><E121/><V40/><F40/><W8/><G8/><T111/><D14/><U88/><E43/><V21/><F21/><W32/><G32/><T132/><D132/><U6/><E6/><V78/><F78/><W36/><G36/><T123/><D111/><U108/><E108/><V80/><F80/><W28/><G28/><T106/><AGARI ba="1,1" hai="56,60,65,89,94,96,97,100,101,102,103,106,120,123" machi="106" ten="30,6000,0" yaku="0,1,52,2" doraHai="119" who="0" fromWho="0" sc="260,73,220,-21,250,-21,260,-21" />
</Scene>
<Scene>
<INIT seed="0,2,0,2,1,19" ten="333,199,229,239" oya="0" hai0="76,5,133,106,1,127,103,35,132,98,84,83,40" hai1="115,116,62,8,58,77,53,123,9,68,102,37,73" hai2="97,54,101,85,24,23,107,113,92,14,111,46,17" hai3="114,60,30,31,79,95,96,50,28,108,29,41,71"/><T65/><D35/><U20/><E116/><V90/><F113/><W48/><G114/><T122/><D122/><U129/><E123/><V25/><REACH who="2" step="1"/><F111/><REACH who="2" ten="333,199,219,239" step="2"/><W10/><G108/><T59/><D127/><U2/><E115/><V118/><F118/><W82/><G41/><T11/><D40/><U100/><E129/><V128/><F128/><W44/><G44/><T26/><D26/><U110/><E110/><V66/><F66/><W86/><G30/><T93/><D65/><U74/><E37/><V38/><F38/><W75/><G29/><T36/><D36/><U88/><E68/><V4/><F4/><W117/><G31/><T42/><D42/><U105/><E58/><V55/><F55/><W0/><G28/><T57/><D106/><U21/><E53/><V52/><F52/><W47/><G47/><T6/><D5/><U39/><E39/><V15/><F15/><W22/><G117/><T130/><D130/><U13/><E13/><V121/><F121/><W72/><G71/><T91/><D59/><U51/><E105/><V34/><F34/><W131/><G131/><T109/><D109/><U56/><E56/><V27/><F27/><W69/><G69/><T104/><REACH who="0" step="1"/><D57/><REACH who="0" ten="323,199,219,239" step="2"/><U81/><E62/><V63/><F63/><W3/><G60/><T32/><D32/><U120/><E120/><V119/><F119/><W12/><G50/><AGARI ba="2,2" hai="14,17,23,24,25,46,50,54,85,90,92,97,101,107" machi="50" ten="40,2600,0" yaku="1,1,52,1,53,0" doraHai="19" doraHaiUra="70" who="2" fromWho="3" sc="323,0,199,0,219,52,239,-32" />
</Scene>
<Scene>
<INIT seed="1,0,0,4,3,34" ten="323,199,271,207" oya="1" hai0="32,117,52,122,72,123,70,44,30,27,101,134,8" hai1="103,16,3,51,114,26,53,73,97,29,49,45,1" hai2="14,2,128,88,64,118,86,104,13,99,37,36,61" hai3="125,24,108,28,87,106,113,116,93,98,76,121,23"/><U4/><E73/><V77/><F118/><W21/><G113/><T11/><D117/><U90/><E114/><V96/><F128/><W58/><G116/><T100/><D72/><U115/><E4/><V66/><F77/><W81/><G121/><N who="0" m="46091" /><D70/><U109/><E115/><V120/><F120/><W129/><G129/><T75/><D75/><U6/><E6/><V91/><F86/><W84/><G108/><T18/><D134/><U57/><E90/><V31/><F31/><W15/><G125/><T38/><D18/><U42/><E109/><V85/><F85/><N who="3" m="48295" /><G106/><T62/><D38/><U110/><E110/><V10/><F10/><N who="0" m="3626" /><D44/><U132/><E132/><V126/><F104/><W55/><G15/><T19/><D19/><U65/><E16/><V92/><F126/><W94/><G23/><T5/><D5/><U71/><E71/><V7/><F7/><W130/><G130/><T0/><D0/><U50/><E65/><V131/><F131/><W95/><G98/><T102/><D102/><U9/><E9/><V47/><F47/><W35/><G35/><T107/><D107/><U80/><E80/><V82/><F82/><W43/><G87/><T25/><D25/><U12/><E12/><V63/><F92/><W105/><G105/><T60/><D60/><N who="1" m="35887" /><E97/><V20/><F20/><W40/><G84/><T133/><D133/><U83/><E83/><V33/><F33/><W111/><G111/><T78/><D78/><U119/><E119/><V74/><F74/><W46/><G46/><T135/><D135/><U112/><E112/><V39/><F39/><W56/><G56/><AGARI ba="0,0" hai="27,30,32,52,56,62,100,101" m="3626,46091" machi="56" ten="30,3900,0" yaku="6,1,13,1,54,1" doraHai="34" who="0" fromWho="3" sc="323,39,199,0,271,0,207,-39" />
</Scene>
<Scene>
<INIT seed="2,0,0,5,0,24" ten="362,199,271,168" oya="2" hai0="135,10,111,12,130,1,53,36,7,120,74,117,72" hai1="0,32,76,59,2,38,105,8,49,13,66,27,127" hai2="128,109,134,91,48,31,4,122,95,52,104,94,62" hai3="110,77,55,65,67,9,75,112,101,113,124,19,82"/><V102/><F122/><W97/><G110/><T34/><RYUUKYOKU type="yao9" ba="0,0" sc="362,0,199,0,271,0,168,0" hai0="1,7,10,12,34,36,53,72,74,111,117,120,130,135" />
</Scene>
<Scene>
<INIT seed="2,1,0,3,2,90" ten="362,199,271,168" oya="2" hai0="1,48,72,98,110,52,123,34,11,22,117,80,93" hai1="24,28,3,54,82,85,57,36,124,58,102,135,95" hai2="49,121,104,108,128,29,88,119,21,75,13,17,5" hai3="27,77,91,50,30,107,56,132,106,51,133,9,10"/><V20/><F119/><W83/><G91/><T15/><D110/><U105/><E36/><V118/><F118/><W14/><G56/><T26/><D123/><U78/><E3/><V73/><F121/><W111/><G111/><T99/><D34/><U7/><E7/><V63/><F104/><W60/><G60/><T89/><D1/><U23/><E135/><N who="3" m="51786" /><G51/><T6/><D117/><U69/><E69/><V67/><F108/><W2/><G50/><T120/><D120/><U45/><E105/><N who="3" m="39946" /><G14/><T68/><D68/><U46/><E124/><V71/><F49/><W76/><G2/><T39/><D39/><U74/><E58/><V122/><F122/><W8/><G83/><T53/><D80/><U64/><E64/><V130/><F5/><W0/><G0/><T103/><D72/><U61/><E74/><V12/><F88/><W38/><G38/><T81/><D48/><U70/><E70/><V100/><F100/><W65/><G65/><T33/><D33/><AGARI ba="1,0" hai="8,9,10,27,30,33,76,77" m="39946,51786" machi="33" ten="40,1300,0" yaku="20,1" doraHai="90" who="3" fromWho="0" sc="362,-16,199,0,271,0,168,16" />
</Scene>
<Scene>
<INIT seed="3,0,0,1,0,120" ten="346,199,271,184" oya="3" hai0="34,15,68,47,36,24,104,59,99,114,53,25,108" hai1="102,112,106,98,67,28,13,9,1,7,55,107,101" hai2="80,43,41,30,46,37,10,50,83,70,93,0,40" hai3="84,109,97,116,62,35,105,135,14,79,124,90,100"/><W48/><G116/><T44/><D68/><U8/><E112/><V63/><F30/><W19/><G35/><T91/><D114/><U61/><E55/><V78/><F93/><W29/><G29/><T45/><D36/><U72/><E72/><N who="2" m="43079" /><F50/><W133/><G62/><T16/><D34/><U60/><E28/><V75/><F83/><N who="3" m="47231" /><G48/><T71/><D71/><U95/><E101/><V21/><F75/><W115/><G115/><T125/><D125/><U128/><E61/><V126/><F126/><W20/><G124/><T3/><D3/><U11/><E8/><V122/><F122/><W26/><G90/><T89/><D104/><U87/><E87/><V5/><F21/><W131/><G26/><T54/><D99/><U27/><E27/><V57/><F70/><W96/><G96/><T132/><D47/><U85/><E85/><V4/><F4/><W92/><G105/><T65/><D65/><AGARI ba="0,0" hai="0,5,10,37,40,41,43,46,57,63,65" m="43079" machi="65" ten="30,1000,0" yaku="25,1" doraHai="120" who="2" fromWho="0" sc="346,-10,199,0,271,10,184,0" />
</Scene>
<Scene>
<INIT seed="4,0,0,4,1,42" ten="336,199,281,184" oya="0" hai0="114,28,84,116,13,29,14,99,117,7,79,74,89" hai1="82,113,12,127,132,121,68,16,97,60,131,43,91" hai2="21,47,109,4,70,59,50,75,108,101,3,83,72" hai3="26,95,76,112,128,33,19,107,102,126,106,105,104"/><T56/><D114/><U22/><E121/><V32/><F70/><W80/><G19/><T81/><D99/><U58/><E68/><V67/><F32/><W98/><G26/><T25/><D29/><U23/><E113/><V120/><F120/><W62/><G62/><T78/><D78/><U41/><E132/><V39/><F101/><W92/><G33/><T61/><D7/><U125/><E131/><V44/><F21/><W46/><G112/><T38/><D38/><U73/><E73/><V135/><F135/><W30/><G30/><T90/><D90/><U31/><E82/><V122/><F122/><W65/><G65/><T133/><D133/><U8/><E97/><V37/><F37/><W93/><G46/><T94/><D116/><U63/><E91/><V52/><F72/><N who="3" m="43015" /><G126/><N who="1" m="48138" /><E63/><V9/><F67/><W10/><G10/><T51/><D117/><U110/><E23/><V64/><F64/><W123/><G123/><T45/><D61/><U111/><E22/><V57/><F57/><W69/><G69/><T54/><REACH who="0" step="1"/><D56/><REACH who="0" ten="326,199,281,184" step="2"/><U53/><E31/><V118/><F59/><W49/><G49/><T11/><D11/><U129/><E129/><AGARI ba="0,1" hai="92,93,95,98,102,104,105,106,107,128,129" m="43015" machi="129" ten="40,2600,0" yaku="34,2" doraHai="42" who="3" fromWho="1" sc="326,0,199,-26,281,0,184,36" />
</Scene>
<Scene>
<INIT seed="5,0,0,5,0,99" ten="326,173,281,220" oya="1" hai0="66,33,122,46,123,92,100,89,15,103,111,106,63" hai1="128,96,86,124,44,126,30,39,121,16,49,5,38" hai2="134,91,115,26,53,54,71,93,17,36,127,108,25" hai3="116,8,68,112,55,51,88,101,130,80,81,7,24"/><U105/><E121/><N who="0" m="46089" /><D33/><U21/><E5/><V117/><F108/><W34/><G68/><N who="0" m="42079" /><D106/><U79/><E30/><V102/><F115/><W32/><G112/><T2/><D2/><U129/><E79/><V52/><F117/><W83/><G116/><T119/><D119/><U87/><E96/><N who="2" m="59663" /><F71/><W107/><G130/><N who="1" m="50282" /><E105/><V59/><F36/><N who="1" m="13865" /><E44/><V42/><F134/><W125/><G107/><T132/><D132/><U13/><E49/><V6/><F127/><AGARI ba="0,0" hai="13,16,21,86,87,124,126,127" m="13865,50282" machi="127" ten="40,7700,0" yaku="18,1,19,1,54,1" doraHai="99" who="1" fromWho="2" sc="326,0,173,77,281,-77,220,0" />
</Scene>
<Scene>
<INIT seed="5,1,0,5,0,76" ten="326,250,204,220" oya="1" hai0="90,116,10,125,115,49,131,122,45,21,56,58,111" hai1="83,85,11,50,41,44,89,101,78,67,53,79,120" hai2="61,30,95,5,75,134,32,39,94,87,124,52,77" hai3="62,98,6,13,80,103,34,47,48,16,27,135,8"/><U18/><E101/><V71/><F39/><W74/><G135/><T14/><D111/><U1/><E120/><V59/><F134/><W117/><G117/><T40/><D116/><U36/><E67/><V133/><F133/><W118/><G118/><T42/><D122/><U4/><REACH who="1" step="1"/><E18/><REACH who="1" ten="326,240,204,220" step="2"/><V51/><F71/><W20/><G16/><T55/><D125/><U130/><E130/><V72/><F124/><W64/><G64/><T2/><D131/><U57/><AGARI ba="1,1" hai="1,4,11,36,41,44,50,53,57,78,79,83,85,89" machi="57" ten="20,7800,0" yaku="1,1,0,1,7,1,52,1,53,0" doraHai="76" doraHaiUra="26" who="1" fromWho="1" sc="326,-27,240,91,204,-27,220,-27" />
</Scene>
<Scene>
<INIT seed="5,2,0,1,1,72" ten="299,331,177,193" oya="1" hai0="64,130,95,53,75,42,89,5,50,51,109,13,105" hai1="122,96,28,77,60,24,37,47,30,83,115,111,134" hai2="58,59,22,15,46,108,16,44,55,69,127,124,123" hai3="73,25,81,117,49,33,48,43,125,20,120,131,1"/><U10/><E122/><V9/><F108/><W61/><G120/><T76/><D109/><U85/><E111/><V34/><F34/><W8/><G33/><T63/><D105/><U98/><E134/><V84/><F123/><W41/><G61/><T3/><D130/><U39/><E115/><V79/><F69/><W135/><G131/><T62/><D3/><U36/><E47/><N who="2" m="17963" /><F55/><W4/><G135/><T52/><D42/><U102/><E10/><V23/><F23/><W57/><G125/><N who="2" m="48201" /><F22/><W70/><G70/><T114/><D114/><U121/><E121/><V91/><F79/><W106/><G20/><T133/><D76/><U31/><E60/><N who="0" m="23081" /><D75/><U11/><E11/><V0/><F0/><W6/><G8/><N who="0" m="4239" /><D64/><U35/><REACH who="1" step="1"/><E98/><REACH who="1" ten="299,321,177,193" step="2"/><V68/><F68/><W54/><G57/><T99/><D133/><U97/><E97/><V80/><AGARI ba="2,1" hai="9,15,16,58,59,80,84,91" m="48201,17963" machi="80" ten="30,2000,0" yaku="18,1,54,1" doraHai="72" who="2" fromWho="2" sc="299,-7,321,-12,177,36,193,-7" />
</Scene>
<Scene>
<INIT seed="6,0,0,4,3,121" ten="292,309,213,186" oya="2" hai0="108,122,112,80,33,83,21,15,97,129,39,120,135" hai1="127,79,94,49,32,103,134,60,2,106,104,89,99" hai2="36,41,77,71,117,110,128,6,28,11,63,64,17" hai3="72,52,100,68,12,43,85,34,81,107,66,111,42"/><V130/><F117/><W91/><G34/><T40/><D33/><U61/><E2/><N who="2" m="471" /><F28/><W7/><G72/><T14/><D39/><U73/><E32/><V47/><F17/><W4/><G68/><T109/><D40/><N who="3" m="15401" /><G111/><N who="0" m="42571" /><D97/><U55/><E104/><V19/><F110/><W92/><G107/><T18/><D129/><N who="2" m="49770" /><F19/><W8/><G66/><T88/><D135/><U35/><E35/><V125/><F77/><N who="3" m="46255" /><G100/><T87/><D83/><U13/><E134/><V1/><F125/><W58/><G12/><T118/><D15/><U30/><E127/><V126/><F126/><W51/><G8/><T123/><D14/><U62/><E13/><V54/><F54/><W86/><AGARI ba="0,0" hai="4,7,51,52,58,86,91,92" m="46255,15401" machi="86" ten="30,2000,0" yaku="8,1,54,1" doraHai="121" who="3" fromWho="3" sc="292,-5,309,-5,213,-10,186,20" />
</Scene>
<Scene>
<INIT seed="7,0,0,4,2,85" ten="287,304,203,206" oya="3" hai0="120,117,54,10,8,80,91,81,5,59,78,95,45" hai1="89,68,109,19,115,25,13,56,43,75,50,21,69" hai2="30,71,128,102,51,48,86,76,1,122,35,15,61" hai3="106,129,24,26,123,132,17,37,6,79,63,22,127"/><W104/><G123/><T27/><D117/><U60/><E75/><V126/><F1/><W33/><G37/><T108/><D108/><U23/><E109/><V42/><F122/><W82/><G132/><T118/><D118/><U3/><E3/><V90/><F76/><W105/><G129/><T41/><D27/><U32/><E32/><V124/><F128/><W4/><G127/><N who="2" m="48681" /><F102/><W14/><G63/><T29/><D29/><U39/><E39/><V135/><F135/><W58/><G58/><T34/><D34/><U46/><E115/><V53/><F42/><W92/><G92/><T83/><D120/><U2/><E2/><V11/><F30/><W97/><G97/><T93/><D93/><U47/><E47/><V74/><F74/><W20/><G33/><T130/><D130/><U116/><E116/><V62/><F35/><W110/><G110/><T101/><D101/><U107/><E107/><V98/><F98/><W7/><REACH who="3" step="1"/><G22/><REACH who="3" ten="287,304,203,196" step="2"/><T84/><D10/><U0/><E23/><V125/><F125/><W111/><G111/><T99/><D8/><U131/><E131/><V96/><F96/><W66/><G66/><T9/><D9/><U100/><E21/><V16/><F62/><W36/><G36/><T49/><D5/><U77/><E60/><AGARI ba="0,1" hai="41,45,49,54,59,60,78,80,81,83,84,91,95,99" machi="60" ten="30,3900,0" yaku="7,1,8,1,52,1" doraHai="85" who="0" fromWho="1" sc="287,49,304,-39,203,0,196,0" owari="336,43.0,265,7.0,203,-20.0,196,-30.0" />
</Scene>
</mjloggm>