<mjloggm ver="2.3"><GO type="97"/><UN n0="%E3%82%A6%E3%82%A3%E3%83%AB%E3%82%AF%E3%83%AA%E3%83%B3%E3%83%88%E3%83%B3" n1="%40%6B%6F%75%73%6F%6B%75" n2="%E5%A4%AA%E3%81%8F%E3%81%AA%E3%81%84%E3%81%8A" n3="%E3%83%93%E3%83%93%E3%83%83%E3%83%88" dan="14,15,15,13" rate="1963,1999,2045,1863" sx="M,M,M,M"/><TAIKYOKU oya="0"/>

<Scene>
<INIT seed="0,0,0,2,4,77" ten="250,250,250,250" oya="0" hai0="67,73,38,44,101,0,70,75,98,100,92,27,46" hai1="93,95,113,129,18,31,41,115,105,1,122,59,133" hai2="39,82,54,2,5,7,65,3,23,66,119,43,64" hai3="126,120,4,96,87,68,74,32,8,49,79,9,71"/><T104/><D0/><U11/><E31/><V12/><F119/><W42/><G32/><T78/><D44/><U125/><E105/><V34/><F34/><W91/><G120/><T25/><D101/><U33/><E33/><V127/><F127/><W22/><G126/><T107/><D67/><U10/><E122/><V76/><F2/><W103/><G8/><T121/><D70/><U20/><E41/><V48/><F3/><W57/><G22/><T111/><D121/><U61/><E125/><V24/><F43/><W21/><G21/><T45/><D107/><U53/><E133/><V50/><F39/><W62/><G74/><T52/><D75/><U130/><E10/><V117/><F117/><W90/><G79/><T26/><D38/><U97/><E11/><V72/><F12/><W81/><G91/><T28/><D104/><U116/><E1/><V19/><REACH who="2" step="1"/><F48/><REACH who="2" ten="250,250,240,250" step="2"/><W14/><G49/><T36/><D36/><U99/><E116/><V15/><F15/><W123/><G42/><T112/><D112/><N who="1" m="43083" /><E130/><V109/><F109/><W124/><G124/><T131/><D111/><U16/><E129/><V106/><F106/><W29/><G123/><T135/><D131/><U88/><E20/><V17/><F17/><W83/><G29/><T13/><D28/><U118/><E118/><V35/><F35/><W132/><G132/><T63/><D135/><U6/><E6/><V85/><F85/><W128/><G128/><T134/><D134/><U86/><E86/><V110/><F110/><W30/><G30/><T84/><D84/><U56/><E56/><AGARI ba="0,1" hai="5,7,19,23,24,50,54,56,64,65,66,72,76,82" machi="56" ten="40,2600,0" yaku="1,1,52,1,53,0" doraHai="77" doraHaiUra="40" who="2" fromWho="1" sc="250,0,250,-26,240,36,250,0" />
</Scene>
<Scene>
<INIT seed="1,0,0,3,0,51" ten="250,224,276,250" oya="1" hai0="89,78,110,132,121,39,93,79,135,6,98,134,81" hai1="59,38,109,86,111,16,92,85,57,63,65,60,43" hai2="1,128,87,55,115,102,8,69,12,2,131,105,36" hai3="130,122,125,83,90,120,64,118,88,117,104,40,46"/><U11/><E38/><V97/><F115/><W129/><G104/><T116/><D39/><U26/><E43/><V84/><F69/><W50/><G64/><T67/><D67/><U127/><E127/><V106/><F106/><W53/><G125/><T123/><D6/><U29/><E92/><V0/><F36/><W52/><G120/><N who="0" m="46155" /><D116/><N who="3" m="44649" /><G122/><T30/><D30/><U4/><E60/><V9/><F9/><W34/><G34/><T94/><D110/><N who="1" m="41995" /><E59/><V27/><F27/><W70/><G70/><T133/><D133/><U91/><E91/><N who="3" m="34858" /><G83/><T42/><D42/><U47/><E47/><V71/><F71/><W74/><G74/><N who="0" m="43223" /><D94/><U19/><E86/><V28/><F28/><W80/><G80/><T101/><D79/><U99/><E85/><V124/><F124/><W68/><G68/><T58/><D58/><U13/><E99/><V24/><F87/><W73/><G73/><T95/><D95/><U15/><E15/><V17/><F84/><W10/><G10/><T100/><AGARI ba="0,0" hai="89,93,98,100,101,132,134,135" m="43223,46155" machi="100" ten="40,8000,1" yaku="20,1,13,1,34,2" doraHai="51" who="0" fromWho="0" sc="250,80,224,-40,276,-20,250,-20" />
</Scene>
<Scene>
<INIT seed="2,0,0,4,2,70" ten="330,184,256,230" oya="2" hai0="0,29,100,87,127,82,79,106,112,11,53,26,38" hai1="104,57,84,51,77,35,17,102,66,120,95,129,36" hai2="34,7,58,69,115,14,16,135,1,44,107,40,2" hai3="10,49,39,123,105,41,119,67,131,19,114,134,3"/><V109/><F69/><W92/><G105/><T22/><D112/><U59/><E35/><V65/><F115/><W43/><G119/><T8/><D127/><U110/><E104/><V63/><F107/><W88/><G114/><T86/><D0/><U99/><E110/><V90/><F34/><W116/><G116/><T133/><D133/><U113/><E113/><V78/><F135/><W132/><G123/><T80/><D38/><U9/><E129/><V31/><F31/><W20/><G131/><T103/><D106/><U126/><E126/><V111/><F78/><W73/><G73/><T4/><D53/><U117/><E117/><V60/><F90/><W18/><G67/><T97/><D97/><U24/><E120/><V52/><F7/><W121/><G121/><T13/><REACH who="0" step="1"/><D8/><REACH who="0" ten="320,184,256,230" step="2"/><U30/><E66/><V25/><F65/><W56/><G3/><T98/><D98/><U55/><E36/><N who="2" m="21511" /><F2/><W125/><G125/><T37/><D37/><U54/><E9/><N who="2" m="6223" /><F1/><W89/><G132/><T64/><D64/><U75/><E99/><V32/><F32/><W85/><G134/><T42/><D42/><U62/><E55/><V128/><F128/><W72/><G41/><T21/><D21/><U108/><E54/><V76/><F63/><W93/><G43/><T15/><D15/><U74/><E24/><V27/><F76/><AGARI ba="0,1" hai="4,11,13,22,26,29,76,79,80,82,86,87,100,103" machi="76" ten="30,7700,0" yaku="1,1,7,1,9,1,8,1,53,0" doraHai="70" doraHaiUra="28" who="0" fromWho="2" sc="320,87,184,0,256,-77,230,0" />
</Scene>
<Scene>
<INIT seed="3,0,0,5,4,59" ten="407,184,179,230" oya="3" hai0="63,134,82,40,124,112,19,121,83,84,104,2,86" hai1="99,85,61,79,103,130,77,106,129,76,21,51,60" hai2="54,126,52,62,4,34,127,0,20,105,8,115,81" hai3="53,30,96,45,50,114,6,74,98,68,90,101,94"/><W107/><G114/><T24/><D104/><U108/><E108/><V29/><F115/><W56/><G74/><T44/><D2/><U100/><E100/><V92/><F105/><W116/><G116/><T95/><D121/><U97/><E97/><V36/><F36/><W37/><G68/><T17/><D134/><U57/><E85/><V135/><F135/><W25/><G6/><T18/><D124/><N who="2" m="47658" /><F34/><W23/><REACH who="3" step="1"/><G37/><REACH who="3" ten="407,184,179,220" step="2"/><T65/><D112/><U128/><E21/><V33/><F33/><W70/><G70/><T80/><D24/><U122/><E122/><V55/><F81/><W3/><G3/><T1/><D1/><U32/><E32/><V5/><F5/><W14/><G14/><T109/><D109/><U9/><E9/><V35/><F35/><W75/><G75/><T66/><D83/><U133/><E133/><V123/><F123/><W12/><G12/><T10/><D82/><U49/><E61/><V48/><F62/><W119/><G119/><T111/><D111/><U67/><AGARI ba="0,1" hai="49,51,57,60,67,76,77,79,99,103,106,128,129,130" machi="67" ten="40,5200,0" yaku="0,1,19,1,52,1" doraHai="59" who="1" fromWho="1" sc="407,-13,184,62,179,-13,220,-26" owari="394,49.0,246,5.0,166,-33.0,194,-21.0" />
</Scene>
</mjloggm>