<mjloggm ver="2.3"><GO type="97"/><UN n0="%E5%A4%AA%E3%81%8F%E3%81%AA%E3%81%84%E3%81%8A" n1="%E6%88%91%E6%B5%81%58" n2="%E5%A4%A7%E5%9F%8E%E9%81%8A%E4%BD%90" n3="%E3%81%BF%E3%82%8C%E3%81%84%E3%81%82" dan="16,14,15,13" rate="2138,1884,1960,1941" sx="M,M,M,M"/><TAIKYOKU oya="0"/>

<Scene>
<INIT seed="0,0,0,5,3,88" ten="250,250,250,250" oya="0" hai0="99,68,117,53,63,3,49,18,92,66,19,126,121" hai1="102,76,30,105,20,124,110,80,132,0,81,127,98" hai2="5,96,9,100,130,11,25,41,87,39,58,52,83" hai3="135,43,72,93,36,27,79,85,95,120,56,118,111"/><T112/><D121/><U2/><E110/><V113/><F113/><W37/><G118/><T55/><D117/><U40/><E40/><V48/><F130/><W134/><G120/><T8/><D112/><U45/><E45/><V109/><F109/><W64/><G72/><T125/><D3/><U60/><E60/><V57/><F57/><W108/><G27/><T62/><D62/><U94/><E132/><N who="3" m="50730" /><G108/><T13/><D19/><U26/><E105/><V23/><F41/><W7/><G7/><T24/><D24/><U16/><E30/><V133/><F39/><N who="3" m="14923" /><G43/><T54/><REACH who="0" step="1"/><D49/><REACH who="0" ten="240,250,250,250" step="2"/><U32/><E32/><V1/><F133/><W42/><G42/><T73/><D73/><U86/><REACH who="1" step="1"/><E81/><REACH who="1" ten="240,240,250,250" step="2"/><V97/><F83/><N who="3" m="47359" /><G111/><T123/><D123/><U21/><E21/><V74/><F23/><W35/><G35/><T65/><D65/><U51/><E51/><V44/><F48/><W128/><G128/><T34/><D34/><U91/><E91/><AGARI ba="0,2" hai="8,13,18,53,54,55,63,66,68,91,92,99,125,126" machi="91" ten="40,3900,0" yaku="1,1,52,1,53,0" doraHai="88" doraHaiUra="31" who="0" fromWho="1" sc="240,59,240,-39,250,0,250,0" />
</Scene>
<Scene>
<INIT seed="0,1,0,3,5,120" ten="299,201,250,250" oya="0" hai0="121,47,43,131,113,13,59,93,100,110,95,12,40" hai1="78,69,31,135,64,109,61,48,128,28,5,8,20" hai2="30,46,26,27,74,39,126,44,119,107,18,115,106" hai3="70,55,7,83,33,86,112,38,123,87,56,101,75"/><T29/><D121/><U34/><E128/><V92/><F115/><W127/><G33/><T82/><D113/><U90/><E135/><V133/><F74/><W6/><G112/><T73/><D29/><U76/><E34/><V53/><F133/><W32/><G32/><T105/><D105/><U91/><E31/><V81/><F81/><W24/><G70/><T52/><D131/><U94/><E91/><V71/><F71/><W116/><G116/><T23/><D100/><U130/><E130/><V96/><F30/><W97/><G38/><T111/><D73/><U49/><E49/><V22/><F27/><W77/><G24/><T16/><D82/><U37/><E37/><V9/><F9/><W25/><G25/><T80/><D80/><U122/><E122/><V68/><F68/><W98/><G98/><T99/><D13/><U60/><E60/><V132/><F119/><W129/><G129/><T2/><D2/><U42/><E20/><V85/><F132/><W0/><G127/><T125/><D125/><U63/><E63/><V3/><F3/><W1/><G1/><T72/><D72/><U62/><E62/><V114/><F114/><W36/><G0/><T45/><D40/><U21/><E21/><V15/><F126/><W19/><G19/><T84/><D84/><N who="3" m="32297" /><G6/><T88/><D93/><U102/><E28/><V124/><F107/><N who="3" m="63919" /><G7/><T65/><D65/><U41/><E41/><V103/><F124/><W35/><G35/><T104/><D104/><U10/><E5/><V89/><F39/><W58/><G36/><N who="0" m="21735" /><D47/><U50/><E64/><V4/><F53/><RYUUKYOKU ba="1,0" sc="299,15,201,-15,250,15,250,-15" hai0="12,16,23,52,59,88,95,99,110,111" hai2="4,15,18,22,26,44,46,85,89,92,96,103,106" />
</Scene>
<Scene>
<INIT seed="0,2,0,2,3,106" ten="314,186,265,235" oya="0" hai0="94,129,23,76,87,110,126,55,80,24,42,1,54" hai1="30,118,3,20,21,5,16,89,39,105,62,92,17" hai2="35,18,123,11,37,27,127,119,40,79,75,68,52" hai3="44,28,132,95,85,128,71,84,117,41,36,57,130"/><T51/><D1/><U6/><E105/><V70/><F123/><W53/><G117/><T60/><D129/><N who="3" m="49769" /><G28/><N who="0" m="17439" /><D126/><U116/><E39/><V32/><F119/><N who="1" m="45609" /><E62/><V83/><F127/><W107/><G107/><T10/><D110/><U113/><E89/><V97/><F97/><W46/><G132/><T50/><D10/><N who="1" m="2367" /><E92/><V4/><F68/><W115/><G115/><T61/><D94/><U120/><E113/><V69/><F52/><N who="0" m="20010" /><D51/><U19/><E120/><V90/><F69/><W2/><G2/><T112/><D112/><U45/><E45/><AGARI ba="2,0" hai="42,45,50,60,61,76,80,87" m="20010,17439" machi="45" ten="30,2900,0" yaku="8,1,54,1" doraHai="106" who="0" fromWho="1" sc="314,35,186,-35,265,0,235,0" />
</Scene>
<Scene>
<INIT seed="0,3,0,5,5,76" ten="349,151,265,235" oya="0" hai0="111,129,25,96,64,131,107,62,39,8,66,63,132" hai1="89,71,118,85,42,56,125,19,105,101,55,30,1" hai2="34,82,17,7,90,49,95,51,44,0,103,108,15" hai3="79,54,106,48,100,92,12,43,4,60,120,116,29"/><T83/><D39/><U65/><E118/><V26/><F108/><W72/><G116/><T23/><D132/><U67/><E1/><V80/><F103/><W104/><G29/><N who="0" m="17599" /><D8/><U9/><E125/><V6/><F34/><W122/><G72/><T57/><D111/><U21/><E42/><N who="2" m="24727" /><F0/><W18/><G79/><T94/><D107/><U126/><E126/><V135/><F135/><W127/><G127/><T22/><D22/><U133/><E133/><V47/><F26/><W124/><G124/><T93/><D83/><N who="2" m="31786" /><F51/><W91/><G104/><T40/><D40/><U14/><E71/><V24/><F24/><W87/><G43/><T2/><D2/><U31/><E101/><V27/><F27/><W45/><G100/><N who="0" m="60431" /><D94/><N who="1" m="54575" /><E105/><V98/><F47/><W97/><G106/><T73/><D73/><U37/><E37/><V88/><F90/><W78/><G45/><T110/><D110/><U69/><E69/><AGARI ba="3,0" hai="57,62,63,64,66,69,129,131" m="60431,17599" machi="69" ten="30,1500,0" yaku="25,1" doraHai="76" who="0" fromWho="1" sc="349,24,151,-24,265,0,235,0" />
</Scene>
<Scene>
<INIT seed="0,4,0,3,0,9" ten="373,127,265,235" oya="0" hai0="109,43,130,55,64,116,132,7,90,1,67,40,57" hai1="35,133,26,118,56,89,58,103,101,13,3,25,19" hai2="27,83,77,60,126,125,4,42,39,31,28,111,113" hai3="100,127,80,61,97,10,51,72,52,110,54,22,68"/><T117/><D90/><U82/><E3/><V41/><F113/><W46/><G110/><T85/><D85/><U69/><E118/><N who="0" m="45673" /><D7/><U32/><E133/><V76/><F111/><W70/><G127/><N who="2" m="48649" /><F60/><W17/><G10/><T47/><D1/><U121/><E69/><V99/><F99/><W134/><G134/><T98/><D98/><U91/><E121/><V78/><F83/><W15/><G80/><T12/><D12/><U71/><E71/><V49/><F39/><W23/><G72/><T37/><D132/><U2/><E2/><V24/><F4/><W95/><G23/><T65/><D109/><U45/><E45/><N who="2" m="25775" /><F42/><W96/><G96/><T29/><D43/><U128/><E128/><V93/><F93/><W86/><REACH who="3" step="1"/><G86/><REACH who="3" ten="373,127,265,225" step="2"/><T122/><D130/><U123/><E123/><V87/><F87/><W63/><G63/><T112/><D122/><U5/><E5/><V131/><F131/><W66/><G66/><T48/><D65/><U75/><E75/><V6/><F6/><W38/><G38/><T88/><D67/><U73/><E73/><V106/><F106/><W81/><G81/><T124/><D64/><U84/><E82/><V135/><F135/><W0/><G0/><T94/><D124/><U79/><E84/><V129/><F129/><W14/><G14/><T36/><D36/><U34/><E34/><V50/><F50/><W11/><G11/><T108/><D48/><U102/><E13/><V20/><F78/><W104/><G104/><T18/><D37/><U119/><E79/><V44/><F44/><W16/><G16/><T33/><D18/><RYUUKYOKU ba="4,1" sc="373,-15,127,-15,265,15,225,15" hai2="20,24,27,28,31,76,77" hai3="15,17,22,46,51,52,54,61,68,70,95,97,100" />
</Scene>
<Scene>
<INIT seed="1,5,1,5,5,87" ten="358,112,280,240" oya="1" hai0="125,59,22,118,56,4,98,88,48,102,23,11,21" hai1="107,121,53,79,49,19,40,105,32,30,128,60,126" hai2="106,6,58,82,104,71,46,15,28,43,85,116,1" hai3="38,124,127,110,45,134,117,37,86,25,80,77,95"/><U123/><E79/><V7/><F116/><W114/><G114/><T16/><D118/><U44/><E128/><V62/><F71/><W76/><G117/><T113/><D113/><U91/><E126/><N who="3" m="48170" /><G110/><T119/><D119/><U18/><E123/><V129/><F129/><W115/><G115/><T111/><D125/><U92/><E121/><V93/><F93/><W50/><G134/><T36/><D36/><N who="3" m="13929" /><G95/><N who="0" m="56679" /><D111/><U130/><E130/><V132/><F132/><W65/><G65/><T131/><D131/><U5/><E5/><V133/><F133/><W9/><G9/><T109/><D109/><U12/><E30/><V103/><F28/><W47/><G25/><N who="0" m="14503" /><D102/><U41/><E32/><V14/><F103/><W66/><G66/><T73/><D73/><U83/><E83/><V75/><F75/><W55/><G77/><T17/><D48/><U8/><E19/><V51/><F104/><W64/><G64/><T34/><D34/><U74/><E74/><V52/><F106/><W94/><G94/><T120/><D120/><U122/><E122/><V39/><F39/><W89/><G76/><T78/><D78/><U57/><REACH who="1" step="1"/><E41/><REACH who="1" ten="358,102,280,240" step="2"/><V42/><F42/><W101/><G101/><T70/><D4/><N who="2" m="1578" /><F1/><W54/><G54/><T112/><D112/><U26/><E26/><V97/><F82/><W27/><G27/><T90/><D17/><U84/><AGARI ba="5,2" hai="8,12,18,40,44,49,53,57,60,84,91,92,105,107" machi="84" ten="20,7800,0" yaku="1,1,0,1,7,1,52,1,53,0" doraHai="87" doraHaiUra="68" who="1" fromWho="1" sc="358,-31,102,113,280,-31,240,-31" />
</Scene>
<Scene>
<INIT seed="1,6,0,2,0,0" ten="327,215,249,209" oya="1" hai0="33,130,52,10,112,35,125,39,97,83,48,113,77" hai1="16,78,122,56,29,18,61,75,49,104,41,73,17" hai2="117,60,2,81,67,124,46,98,107,82,102,90,86" hai3="57,7,99,114,30,115,131,129,94,116,47,70,26"/><U88/><E104/><V9/><F117/><W3/><G70/><T80/><D39/><U54/><E122/><V135/><F135/><W79/><G79/><T127/><D97/><U31/><E75/><V133/><F124/><N who="0" m="47690" /><D10/><U87/><E78/><V53/><F133/><W106/><G106/><T108/><D108/><U64/><E73/><V101/><F101/><W63/><G47/><N who="0" m="27679" /><D83/><U72/><E41/><V19/><F82/><W24/><G116/><T123/><D130/><N who="3" m="49673" /><G3/><T38/><D38/><U21/><E21/><V43/><F53/><N who="3" m="34223" /><G7/><T105/><D105/><U34/><E34/><N who="0" m="12809" /><D123/><U100/><E100/><V59/><F2/><W58/><G58/><T71/><D71/><U20/><E20/><V4/><F19/><W8/><G8/><T95/><D95/><U45/><E72/><AGARI ba="6,0" hai="72,77,80,112,113" m="12809,27679,47690" machi="72" ten="30,2000,0" yaku="18,1,54,1" doraHai="0" who="0" fromWho="1" sc="327,38,215,-38,249,0,209,0" />
</Scene>
<Scene>
<INIT seed="2,0,0,0,1,90" ten="365,177,249,209" oya="2" hai0="38,25,56,57,80,116,113,0,44,71,64,37,132" hai1="135,86,109,68,43,52,54,18,107,130,97,83,23" hai2="117,103,16,32,134,55,11,1,47,105,62,92,125" hai3="128,63,100,76,19,111,10,2,77,126,65,67,27"/><V104/><F32/><W73/><G73/><T7/><D0/><U14/><E130/><V87/><F117/><W41/><G41/><T115/><D7/><U96/><E135/><V29/><F29/><W131/><G2/><T45/><D25/><U88/><E68/><V118/><F118/><W28/><G111/><T15/><D15/><U58/><E109/><V72/><F72/><W61/><G100/><T40/><D80/><U49/><E107/><V9/><F1/><W48/><G48/><T69/><D116/><U74/><E74/><V78/><F78/><N who="3" m="30315" /><G10/><T53/><D132/><U93/><E43/><V94/><F103/><W24/><G19/><T12/><D40/><U39/><E39/><V50/><F134/><W98/><G98/><T31/><D31/><U8/><E8/><V81/><F104/><W108/><G28/><T121/><D121/><U66/><E66/><N who="3" m="25098" /><G126/><T84/><D64/><U110/><E110/><V114/><F105/><W70/><G70/><T101/><D101/><U35/><E35/><V79/><F125/><W59/><G59/><T75/><D75/><U120/><E120/><V124/><F124/><W33/><G33/><T26/><D69/><U13/><E13/><V106/><F106/><W46/><G46/><T51/><D12/><U6/><E6/><V127/><F127/><W60/><G108/><T99/><D45/><N who="1" m="27695" /><E83/><V112/><F9/><W42/><G42/><T21/><D71/><U30/><E30/><V17/><F11/><W122/><G122/><T22/><D38/><U3/><E3/><V95/><F62/><AGARI ba="0,0" hai="14,18,23,54,58,62,86,88,93,96,97" m="27695" machi="62" ten="30,7700,0" yaku="8,1,52,1,54,2" doraHai="90" who="1" fromWho="2" sc="365,0,177,77,249,-77,209,0" />
</Scene>
<Scene>
<INIT seed="3,0,0,0,0,67" ten="365,254,172,209" oya="3" hai0="134,49,88,40,17,0,64,29,61,83,75,58,76" hai1="36,70,87,115,80,128,19,43,41,59,65,120,108" hai2="60,130,96,42,57,7,103,32,8,31,131,77,45" hai3="105,66,26,93,90,27,78,47,13,63,2,37,54"/><W122/><G2/><T16/><D0/><U98/><E115/><V39/><F77/><W22/><G105/><T74/><D74/><U100/><E120/><V34/><F130/><W56/><G78/><T126/><D126/><U73/><E128/><V107/><F31/><W109/><G109/><T86/><D134/><U10/><E73/><V71/><F131/><W102/><G102/><T48/><D29/><U33/><E108/><V50/><F39/><W12/><G122/><T125/><D125/><U72/><E33/><V133/><F133/><W114/><G114/><T79/><D79/><U4/><E72/><V99/><F99/><N who="3" m="57783" /><G27/><T111/><D111/><U92/><E36/><V21/><F21/><W106/><G106/><T121/><D121/><U6/><E19/><V135/><F135/><W11/><G11/><T118/><D118/><U85/><E85/><V117/><F117/><W5/><G5/><T55/><D40/><U101/><E101/><V104/><F104/><W69/><G37/><T51/><D64/><U129/><E129/><V23/><F23/><W30/><G69/><T20/><D20/><U9/><E70/><V24/><F24/><W38/><G38/><T112/><D112/><U28/><E28/><V119/><F119/><W113/><G113/><T14/><D14/><U91/><E9/><V25/><F25/><W15/><G47/><T18/><D75/><U94/><E80/><V52/><F71/><W3/><G3/><AGARI ba="0,0" hai="3,7,8,32,34,42,45,50,52,57,60,96,103,107" machi="3" ten="30,2000,0" yaku="7,1,54,1" doraHai="67" who="2" fromWho="3" sc="365,0,254,0,172,20,209,-20" owari="365,47.0,254,5.0,192,-21.0,189,-31.0" />
</Scene>
</mjloggm>