<mjloggm ver="2.3"><GO type="41"/><UN n0="%E4%B8%83%E5%A4%89%E5%8C%96" n1="%E3%83%87%E3%82%B3%E3%81%BE" n2="%E5%A4%AA%E3%81%8F%E3%81%AA%E3%81%84%E3%81%8A" n3="%E3%81%95%E3%82%8C%E3%82%93" dan="14,14,15,16" rate="1915,1915,2051,2056" sx="F,M,M,M"/><TAIKYOKU oya="0"/>

<Scene>
<INIT seed="0,0,0,1,5,30" ten="250,250,250,250" oya="0" hai0="124,82,109,24,27,11,67,57,41,6,107,131,31" hai1="135,36,96,77,59,39,130,79,132,22,20,16,128" hai2="106,110,54,92,121,7,93,37,104,83,73,115,43" hai3="80,60,12,99,70,91,47,34,23,10,9,65,55"/><T134/><D107/><U108/><E96/><V123/><F54/><W133/><G133/><N who="1" m="51274" /><E108/><V78/><F7/><W64/><G34/><T114/><D114/><U129/><E59/><V112/><F43/><W113/><G64/><T15/><D134/><U3/><E3/><V95/><F37/><N who="1" m="14409" /><E16/><V2/><F2/><W88/><G113/><N who="2" m="43593" /><F110/><W33/><G10/><T126/><D109/><U21/><AGARI ba="0,0" hai="20,21,22,77,79,128,129,130" m="14409,51274" machi="21" ten="50,8000,1" yaku="28,2,19,1,20,1" doraHai="30" who="1" fromWho="1" sc="250,-40,250,80,250,-20,250,-20" />
</Scene>
<Scene>
<INIT seed="1,0,0,1,3,120" ten="210,330,230,230" oya="1" hai0="79,8,75,49,16,93,40,58,95,11,36,97,96" hai1="68,27,23,54,66,100,118,87,85,70,20,7,115" hai2="19,130,60,135,92,83,133,5,129,76,81,116,77" hai3="128,3,67,52,65,21,56,31,33,50,101,123,1"/><U39/><E118/><V44/><F5/><W55/><G123/><T42/><D36/><U28/><E115/><V57/><F44/><W104/><G33/><T122/><D122/><U26/><E39/><V6/><F6/><W38/><G38/><T4/><D75/><U102/><E7/><V88/><F19/><W110/><G110/><T0/><D79/><N who="2" m="30282" /><F57/><W63/><G128/><N who="2" m="49257" /><F60/><W121/><G121/><T98/><D0/><U47/><E70/><V84/><F116/><W108/><G108/><T112/><D4/><U124/><E68/><V22/><F22/><W134/><G134/><AGARI ba="0,0" hai="81,83,84,88,92,133,134,135" m="49257,30282" machi="134" ten="30,8000,1" yaku="20,1,19,1,34,2,54,1" doraHai="120" who="2" fromWho="3" sc="210,0,330,0,230,80,230,-80" />
</Scene>
<Scene>
<INIT seed="2,0,0,0,2,120" ten="210,330,310,150" oya="2" hai0="134,19,98,124,87,122,2,13,23,11,112,12,39" hai1="90,83,104,88,82,52,85,100,45,130,109,84,107" hai2="20,16,48,105,35,61,128,24,94,89,69,57,10" hai3="102,70,78,64,91,129,81,44,135,15,38,28,95"/><V53/><F105/><N who="1" m="40521" /><E45/><V65/><F128/><W72/><G102/><T32/><D39/><U108/><E52/><V8/><REACH who="2" step="1"/><F35/><REACH who="2" ten="210,330,300,150" step="2"/><W99/><G129/><T36/><D32/><U110/><E130/><V59/><F59/><W68/><G68/><T40/><D122/><U25/><E25/><V77/><F77/><W34/><G34/><T9/><D112/><U67/><E67/><V29/><F29/><W123/><G64/><T132/><D124/><U60/><E60/><V49/><F49/><W47/><G70/><T7/><D36/><U111/><N who="1" m="28160" /><DORA hai="73" /><U74/><E100/><V58/><F58/><W26/><G123/><T115/><D115/><U92/><E74/><V93/><F93/><AGARI ba="0,1" hai="82,83,84,85,88,90,92,93" m="28160,40521" machi="93" ten="60,16000,3" yaku="14,1,34,2,52,4,54,1" doraHai="120,73" who="1" fromWho="2" sc="210,0,330,170,300,-160,150,0" />
</Scene>
<Scene>
<INIT seed="3,0,0,3,0,111" ten="210,500,140,150" oya="3" hai0="50,77,62,96,38,124,11,100,102,57,118,108,127" hai1="94,51,42,73,121,7,105,3,89,112,132,46,15" hai2="29,87,53,88,35,123,24,20,22,63,47,135,26" hai3="90,81,9,17,116,86,106,78,10,44,70,67,34"/><W43/><G116/><T60/><D118/><U68/><E121/><V97/><F123/><W79/><G106/><T84/><D108/><U71/><E105/><V133/><F97/><W64/><G34/><T122/><D122/><U72/><E132/><N who="2" m="50763" /><F24/><W54/><G70/><T91/><D38/><U55/><E3/><V128/><F128/><W115/><G115/><T27/><D77/><N who="3" m="29193" /><G43/><T14/><D27/><U37/><E71/><V5/><F5/><W119/><G119/><T110/><D110/><U31/><E112/><V92/><F63/><W95/><G95/><T107/><D102/><U6/><E68/><V113/><F113/><W41/><G41/><T33/><D33/><U4/><E31/><V49/><AGARI ba="0,0" hai="20,22,26,29,35,47,49,53,87,88,92" m="50763" machi="49" ten="30,2000,0" yaku="20,1,54,1" doraHai="111" who="2" fromWho="2" sc="210,-5,500,-5,140,20,150,-10" />
</Scene>
<Scene>
<INIT seed="4,0,0,4,0,10" ten="205,495,160,140" oya="0" hai0="62,18,82,93,108,114,79,54,126,85,102,83,13" hai1="43,135,16,73,59,19,94,65,78,86,123,63,55" hai2="98,99,68,41,106,128,104,48,27,100,57,74,29" hai3="69,22,34,47,15,3,97,5,37,64,4,122,0"/><T28/><D114/><U87/><E123/><V24/><F68/><W46/><G69/><T1/><D1/><U11/><E135/><V120/><F120/><W66/><G37/><T129/><D126/><U95/><E43/><V9/><F74/><W92/><G122/><T40/><D40/><U32/><E32/><V132/><F132/><W45/><G34/><T56/><D56/><N who="1" m="37095" /><E73/><V51/><F128/><W134/><G134/><T75/><D129/><U35/><E35/><V105/><F41/><W111/><G111/><T115/><D115/><U17/><E11/><V80/><F80/><W20/><G3/><T121/><D121/><U72/><E72/><V107/><F9/><N who="3" m="4519" /><G5/><T88/><D108/><U21/><E21/><N who="3" m="8298" /><G0/><T7/><D7/><U118/><E118/><V112/><F112/><W50/><G50/><T39/><D39/><U125/><E125/><V23/><F27/><W53/><G53/><T117/><D117/><U30/><E30/><V131/><F131/><W60/><G60/><T103/><D75/><U14/><E78/><V90/><F106/><W58/><G58/><N who="0" m="35159" /><D79/><U71/><E71/><V77/><F77/><W84/><G84/><N who="1" m="32298" /><E94/><N who="2" m="56663" /><F57/><W38/><G38/><T101/><D28/><U6/><E95/><N who="2" m="58495" /><F51/><W67/><G47/><T36/><D36/><U119/><E119/><V127/><F48/><W109/><G109/><T124/><D124/><U76/><E76/><V33/><F127/><W2/><G2/><T12/><D18/><U42/><E19/><V91/><F33/><W8/><G8/><T52/><D52/><U49/><E42/><V70/><F70/><RYUUKYOKU ba="0,0" sc="205,0,495,0,160,0,140,0" hai0="12,13,82,83,85,88,93,101,102,103" hai1="6,14,16,17,49,55,59" hai2="23,24,29,91,104,105,107" hai3="45,46,64,66,67,92,97" />
</Scene>
<Scene>
<INIT seed="4,1,0,3,2,99" ten="205,495,160,140" oya="0" hai0="58,130,135,7,105,14,132,112,50,111,15,38,18" hai1="120,118,81,49,13,92,96,34,0,102,62,21,20" hai2="59,74,122,5,10,40,109,61,127,43,64,9,73" hai3="84,37,134,82,11,45,79,106,46,48,128,3,100"/><T125/><D38/><U35/><E118/><V47/><F109/><W65/><G134/><N who="0" m="51243" /><D112/><U29/><E120/><V28/><F122/><W70/><G128/><T44/><D130/><U41/><E0/><V95/><F127/><W98/><G37/><T116/><D116/><U86/><E62/><V110/><F110/><W25/><G65/><T30/><D111/><U123/><E123/><V129/><F129/><W119/><G70/><T67/><D125/><U89/><E35/><V97/><F28/><W94/><G119/><T124/><D124/><U107/><E34/><V131/><F131/><W32/><G32/><T121/><D121/><U1/><E1/><V8/><F5/><W60/><G60/><N who="0" m="38295" /><D30/><U83/><E21/><V33/><F33/><W54/><G25/><T115/><D115/><U26/><E13/><V101/><REACH who="2" step="1"/><F40/><REACH who="2" ten="205,495,150,140" step="2"/><W71/><G71/><T55/><D7/><U27/><E27/><V31/><F31/><W77/><G3/><T2/><D2/><U52/><E41/><V88/><F88/><W93/><G77/><T108/><D108/><U103/><REACH who="1" step="1"/><E103/><REACH who="1" ten="205,485,150,140" step="2"/><V85/><F85/><W90/><G11/><N who="0" m="6495" /><D15/><U56/><AGARI ba="1,2" hai="20,26,29,49,52,56,81,83,86,89,92,96,102,107" machi="56" ten="20,12000,2" yaku="1,1,0,1,7,1,52,1,54,1,53,2" doraHai="99" doraHaiUra="78" who="1" fromWho="1" sc="205,-61,485,143,150,-31,140,-31" />
</Scene>
<Scene>
<INIT seed="5,0,0,0,1,128" ten="144,628,119,109" oya="1" hai0="134,129,36,121,83,34,77,25,108,0,131,110,107" hai1="8,29,59,57,103,100,123,120,69,132,124,31,104" hai2="64,49,40,65,66,15,122,33,76,28,14,12,53" hai3="19,27,1,109,101,30,90,91,39,13,55,54,46"/><U62/><E124/><V71/><F122/><W50/><G1/><T106/><D121/><U17/><E17/><V42/><F71/><W85/><G109/><N who="0" m="42091" /><D0/><U10/><E62/><V4/><F76/><W117/><G39/><T67/><D67/><U73/><E73/><V126/><F126/><W78/><G117/><T70/><D70/><U43/><E43/><V56/><REACH who="2" step="1"/><F4/><REACH who="2" ten="144,628,109,109" step="2"/><W87/><G78/><T105/><D77/><U82/><E69/><V7/><F7/><W79/><G79/><T61/><D83/><U97/><E82/><V111/><F111/><W26/><G101/><T38/><D61/><U133/><E104/><V125/><F125/><W5/><G5/><T72/><D72/><U89/><E97/><V32/><F32/><W75/><G75/><T22/><D22/><U18/><E18/><V63/><F63/><W41/><G91/><AGARI ba="0,1" hai="8,10,29,31,57,59,89,91,100,103,120,123,132,133" machi="91" ten="25,9600,0" yaku="22,2,52,2" doraHai="128" who="1" fromWho="3" sc="144,0,628,106,109,0,109,-96" />
</Scene>
<Scene>
<INIT seed="5,1,0,0,4,76" ten="144,734,109,13" oya="1" hai0="9,80,21,8,37,87,61,11,102,66,124,26,65" hai1="50,101,20,54,103,78,0,62,28,56,22,125,121" hai2="135,32,99,17,27,113,122,51,68,34,100,123,39" hai3="29,116,88,97,72,94,57,15,55,81,75,112,92"/><U107/><E121/><V127/><F39/><W126/><G112/><T45/><D37/><U67/><E125/><V105/><F51/><W96/><G126/><T31/><D124/><U64/><E0/><V25/><F17/><W3/><G3/><T85/><D45/><U132/><E132/><V36/><F127/><W110/><G110/><T95/><D66/><U109/><E109/><V111/><F111/><W14/><G116/><T69/><D87/><U13/><E107/><V6/><F6/><W47/><G47/><T60/><D60/><U12/><E78/><V128/><F36/><W4/><G29/><T35/><D35/><U91/><E91/><V90/><F90/><W58/><G4/><T53/><D53/><U71/><E67/><V38/><F38/><W30/><G30/><T86/><D86/><U106/><E106/><V44/><F105/><W108/><G108/><T33/><D33/><U59/><E71/><V79/><F68/><W133/><G133/><T104/><D104/><U18/><E28/><V70/><F70/><W73/><G81/><T130/><D130/><U48/><E48/><V2/><F128/><W84/><G84/><T24/><D24/><U119/><E119/><V118/><F118/><W42/><G42/><T98/><REACH who="0" step="1"/><D8/><REACH who="0" ten="134,734,109,13" step="2"/><U5/><E64/><V43/><F34/><W41/><G41/><T1/><D1/><U7/><E62/><V114/><F2/><W134/><G134/><T23/><D23/><U131/><E54/><V16/><F135/><W120/><G120/><T49/><D49/><U93/><E50/><V77/><F122/><RYUUKYOKU ba="1,1" sc="134,30,734,-10,109,-10,13,-10" hai0="9,11,21,26,31,61,65,69,80,85,95,98,102" />
</Scene>
<Scene>
<INIT seed="6,2,1,2,3,125" ten="164,724,99,3" oya="2" hai0="84,68,32,11,26,10,15,105,13,90,48,19,117" hai1="36,14,75,22,41,96,33,55,129,97,89,24,83" hai2="108,106,47,115,34,70,3,30,0,23,100,52,49" hai3="122,6,114,38,86,104,110,64,58,94,61,99,53"/><V82/><F70/><W116/><G122/><T62/><D105/><U73/><E33/><V113/><F34/><W1/><G116/><T88/><D117/><U67/><E67/><V59/><F108/><W51/><G38/><T81/><D81/><U35/><E35/><V5/><F82/><W66/><G104/><T77/><D77/><U85/><E55/><V111/><F111/><W65/><G110/><T133/><D133/><U28/><E41/><V91/><F91/><W135/><G135/><T44/><D68/><U120/><E36/><V50/><F100/><W131/><G114/><N who="2" m="43529" /><F106/><W127/><G131/><T54/><D62/><U4/><E4/><V9/><F30/><W112/><G127/><T57/><D57/><U18/><E129/><V21/><F3/><W80/><G112/><T128/><D128/><U20/><E120/><V56/><F56/><N who="3" m="32831" /><G6/><T39/><D39/><U119/><REACH who="1" step="1"/><E119/><REACH who="1" ten="164,714,99,3" step="2"/><V45/><F45/><W12/><G1/><T46/><D32/><U60/><E60/><V98/><F47/><W76/><G12/><T7/><D44/><U92/><E92/><V101/><F50/><W27/><G27/><T42/><D42/><U102/><E102/><AGARI ba="2,2" hai="58,61,64,65,66,76,80,86,94,99,102" m="32831" machi="102" ten="30,1000,0" yaku="8,1" doraHai="125" who="3" fromWho="1" sc="164,0,714,-16,99,0,3,36" />
</Scene>
<Scene>
<INIT seed="7,0,0,0,3,115" ten="164,698,99,39" oya="3" hai0="16,88,33,9,131,98,105,122,48,5,130,62,46" hai1="97,50,117,67,22,104,28,32,116,47,20,81,87" hai2="79,30,36,45,61,2,102,132,37,15,12,113,58" hai3="71,54,43,41,52,91,19,10,128,4,3,96,119"/><W110/><G71/><T56/><D122/><U77/><E67/><V93/><F2/><W129/><G119/><N who="1" m="45642" /><E32/><V100/><F79/><W42/><G110/><T23/><D33/><U60/><E60/><V63/><F30/><W80/><G19/><T101/><D5/><U1/><E1/><V65/><F113/><W69/><G69/><T120/><D120/><U135/><E135/><V107/><F107/><W0/><G0/><T49/><D9/><U73/><E104/><V21/><F132/><W72/><G96/><T7/><D7/><U114/><E114/><V127/><F63/><W27/><G27/><T83/><D46/><U126/><E126/><V82/><F45/><W125/><G125/><T38/><D38/><U59/><E59/><V51/><F37/><W109/><G109/><T112/><D112/><U53/><E97/><V64/><F64/><W111/><G111/><T11/><D11/><U134/><E134/><V75/><F65/><W85/><REACH who="3" step="1"/><G72/><REACH who="3" ten="164,698,99,29" step="2"/><T118/><D118/><U26/><E73/><V34/><F75/><W123/><G123/><T84/><D62/><U92/><E92/><V94/><F94/><W124/><G124/><T14/><REACH who="0" step="1"/><D56/><REACH who="0" ten="154,698,99,29" step="2"/><U17/><E20/><V25/><F21/><W90/><G90/><T44/><D44/><U40/><E40/><V99/><F58/><W108/><G108/><T95/><D95/><U106/><E106/><V39/><F93/><W13/><G13/><T6/><D6/><U103/><E103/><V29/><F100/><W70/><G70/><T31/><D31/><AGARI ba="0,2" hai="17,22,26,28,31,47,50,53,77,81,87" m="45642" machi="31" ten="30,7700,0" yaku="12,1,52,3" doraHai="115" who="1" fromWho="0" sc="154,-77,698,97,99,0,29,0" owari="77,-32.0,795,89.0,99,-10.0,29,-47.0" />
</Scene>
</mjloggm>