<mjloggm ver="2.3"><GO type="169"/><UN n0="%E5%A4%AA%E3%81%8F%E3%81%AA%E3%81%84%E3%81%8A" n1="%40%E9%A6%AC%E6%9D%89%E5%AF%A7%E9%A6%99" n2="%E3%81%99%E3%81%9F%E3%83%BC%E3%82%89%E3%81%84%E3%81%A8%E3%81%B3%E3%83%BC" n3="%74%65%6E%68%6F%75%28%E7%AC%91" dan="18,17,16,16" rate="2188,2163,2137,2048" sx="M,M,F,M"/><TAIKYOKU oya="0"/>

<Scene>
<INIT seed="0,0,0,2,2,36" ten="250,250,250,250" oya="0" hai0="120,118,106,68,60,101,6,108,50,14,64,47,33" hai1="117,114,73,94,124,70,54,91,13,78,39,2,74" hai2="3,103,56,82,27,96,10,130,119,49,125,102,104" hai3="127,17,26,95,18,129,31,109,12,100,110,23,133"/><T43/><D120/><U135/><E70/><V99/><F125/><W8/><G127/><T25/><D118/><U77/><E2/><V67/><F119/><W58/><G58/><T65/><D65/><U16/><E124/><V5/><F130/><W1/><G100/><T57/><D108/><N who="3" m="41577" /><G95/><T111/><D111/><U52/><E117/><V19/><F82/><W98/><G98/><N who="0" m="61751" /><D57/><U87/><E135/><V11/><F67/><W59/><G59/><T132/><D14/><U71/><E71/><V20/><F56/><W85/><G85/><T15/><D15/><U35/><E35/><V75/><F75/><W34/><G129/><T116/><D116/><U46/><E114/><V76/><F76/><W121/><G121/><T37/><D6/><U86/><E74/><V69/><F69/><W80/><G80/><T21/><D21/><U32/><E32/><V63/><F63/><W79/><G79/><N who="1" m="30218" /><E39/><V112/><F112/><W29/><G133/><T22/><D22/><N who="1" m="11535" /><E73/><V88/><F3/><W113/><G1/><T7/><D132/><U44/><E87/><V92/><F103/><W126/><G126/><T42/><D37/><U83/><E83/><V51/><F5/><N who="3" m="3087" /><G113/><T128/><D128/><U4/><E4/><V123/><F123/><W97/><G97/><T66/><D7/><U53/><AGARI ba="0,0" hai="44,46,52,53,54,86,91,94" m="11535,30218" machi="53" ten="30,4000,0" yaku="8,1,54,2" doraHai="36" who="1" fromWho="1" sc="250,-20,250,40,250,-10,250,-10" />
</Scene>
<Scene>
<INIT seed="1,0,0,3,5,16" ten="230,290,240,240" oya="1" hai0="90,126,30,34,109,83,33,26,61,119,62,128,131" hai1="0,49,50,36,56,108,80,58,110,64,4,10,70" hai2="124,68,81,105,89,99,41,86,73,129,59,53,94" hai3="46,120,111,72,78,19,96,45,107,47,69,93,114"/><U37/><E70/><V82/><F68/><W2/><G69/><T22/><D119/><U117/><E117/><V85/><F41/><W130/><G114/><T123/><D109/><N who="1" m="42091" /><E80/><V60/><F129/><N who="0" m="49738" /><D126/><U87/><E87/><V43/><F43/><W97/><G2/><T21/><D123/><U65/><E58/><V76/><F124/><W92/><G111/><T55/><D34/><U104/><E104/><V79/><F105/><W125/><G120/><T121/><D121/><U135/><E135/><V14/><F14/><W39/><G125/><T51/><D83/><U35/><E35/><V118/><F118/><W1/><G1/><T95/><D61/><N who="1" m="37927" /><E65/><V91/><REACH who="2" step="1"/><F73/><REACH who="2" ten="230,290,230,240" step="2"/><W44/><G72/><T115/><D115/><U42/><E42/><V52/><F52/><W11/><G107/><T77/><D55/><U116/><E116/><V32/><F32/><W7/><G130/><T67/><D33/><U71/><E71/><V98/><F98/><W134/><G97/><T106/><D106/><U8/><E37/><V31/><F31/><W74/><G96/><T28/><D28/><U27/><E36/><V100/><AGARI ba="0,1" hai="53,59,60,76,79,81,82,85,86,89,91,94,99,100" machi="100" ten="20,8000,1" yaku="1,1,0,1,7,1,9,1,8,1,53,0" doraHai="16" doraHaiUra="18" who="2" fromWho="2" sc="230,-20,290,-40,230,90,240,-20" />
</Scene>
<Scene>
<INIT seed="2,0,0,4,2,63" ten="210,250,320,220" oya="2" hai0="91,123,103,99,44,132,52,23,130,26,21,48,39" hai1="43,58,97,29,60,31,5,18,75,98,0,73,126" hai2="40,33,77,106,17,41,92,100,59,135,108,88,28" hai3="101,79,121,22,90,117,83,47,56,38,13,114,104"/><V116/><F116/><W80/><G117/><T24/><D123/><U57/><E43/><V118/><F118/><W68/><G68/><T35/><D132/><U19/><E60/><V54/><F77/><W25/><G121/><T16/><D130/><U64/><E5/><V109/><F135/><W49/><G13/><T112/><D112/><U51/><E51/><V42/><F28/><W94/><G38/><T110/><D110/><N who="2" m="42602" /><F33/><W96/><G56/><T119/><D119/><U70/><E70/><V12/><F100/><W84/><G114/><T2/><D2/><U102/><E102/><V3/><F106/><W14/><G14/><T74/><D74/><U122/><E122/><V50/><F3/><W128/><G128/><T107/><D35/><U67/><REACH who="1" step="1"/><E0/><REACH who="1" ten="210,240,320,220" step="2"/><V131/><F131/><W1/><G1/><T61/><D39/><U66/><E66/><V46/><F41/><W55/><REACH who="3" step="1"/><G79/><REACH who="3" ten="210,240,320,210" step="2"/><T134/><D134/><U32/><E32/><V93/><F59/><W30/><AGARI ba="0,2" hai="22,25,30,47,49,55,80,83,84,90,94,96,101,104" machi="30" ten="20,5200,0" yaku="1,1,2,1,0,1,7,1,53,0" doraHai="63" doraHaiUra="120" who="3" fromWho="3" sc="210,-13,240,-13,320,-26,210,72" />
</Scene>
<Scene>
<INIT seed="3,0,0,4,1,93" ten="197,227,294,282" oya="3" hai0="90,29,107,8,73,54,45,33,81,10,3,7,6" hai1="95,66,17,51,99,36,108,119,114,88,40,49,14" hai2="35,46,94,27,82,111,72,76,101,39,135,102,134" hai3="112,68,105,91,42,23,113,70,116,120,56,124,57"/><W16/><G120/><T52/><D107/><U126/><E114/><V44/><F39/><W117/><G42/><T2/><D45/><U110/><E126/><V13/><F13/><W131/><G105/><T98/><D73/><U24/><E119/><V86/><F44/><W84/><G124/><T80/><D33/><U71/><E24/><V97/><F46/><W104/><G104/><T48/><D29/><U69/><E36/><V106/><F27/><W67/><G67/><T43/><D43/><U132/><E132/><V32/><F111/><N who="1" m="42537" /><E40/><V19/><F19/><W30/><G30/><T55/><D48/><N who="1" m="18507" /><E66/><V62/><F62/><W123/><G123/><T125/><D125/><U103/><E103/><V37/><F37/><W133/><G133/><N who="2" m="50697" /><F102/><W121/><G121/><T1/><D1/><U58/><E58/><V41/><F41/><W53/><G57/><T87/><D80/><U115/><E115/><V31/><F31/><W92/><G113/><T89/><D54/><U96/><E96/><V85/><F32/><W60/><G112/><T118/><D118/><U12/><E12/><V65/><F65/><W74/><G117/><T26/><D26/><U109/><N who="1" m="42545" /><U75/><DORA hai="50" /><E75/><V47/><F35/><W11/><G74/><T21/><D21/><AGARI ba="0,0" hai="14,17,21,69,71,88,95,99" m="18507,42545" machi="21" ten="40,5200,0" yaku="14,1,52,1,54,1" doraHai="93,50" who="1" fromWho="0" sc="197,-52,227,52,294,0,282,0" />
</Scene>
<Scene>
<INIT seed="4,0,0,0,5,104" ten="145,279,294,282" oya="0" hai0="119,6,101,85,9,15,84,13,74,50,86,73,127" hai1="93,11,43,109,67,4,103,28,2,131,124,14,64" hai2="65,79,102,108,113,0,38,56,37,44,8,81,91" hai3="41,1,32,25,89,88,95,40,122,54,26,5,51"/><T22/><D119/><U105/><E105/><V114/><F102/><W130/><G122/><T115/><D115/><U129/><E109/><V125/><F91/><N who="3" m="34891" /><G130/><N who="1" m="49674" /><E124/><V63/><F108/><W111/><G1/><T61/><D127/><U68/><E43/><N who="3" m="16458" /><G32/><T42/><D101/><U48/><E48/><V46/><F125/><W100/><G5/><T19/><REACH who="0" step="1"/><D61/><REACH who="0" ten="135,279,294,282" step="2"/><U96/><E103/><V117/><F117/><W57/><G111/><T72/><D72/><U76/><E96/><AGARI ba="0,1" hai="25,26,51,54,57,95,96,100" m="16458,34891" machi="96" ten="30,2000,0" yaku="8,1,54,1" doraHai="104" who="3" fromWho="1" sc="135,0,279,-20,294,0,282,30" />
</Scene>
<Scene>
<INIT seed="5,0,0,4,5,110" ten="135,259,294,312" oya="1" hai0="47,1,132,76,85,86,29,123,72,8,87,48,38" hai1="52,24,80,126,74,99,61,117,115,102,28,116,27" hai2="66,95,135,133,40,34,89,58,131,82,109,79,10" hai3="65,43,121,56,23,90,17,114,108,36,41,119,26"/><U22/><E126/><V14/><F34/><W120/><G108/><T5/><D132/><U78/><E115/><V81/><F109/><W129/><G114/><T11/><D123/><U64/><E27/><V71/><F40/><W25/><G119/><T42/><D29/><U77/><E77/><V112/><F71/><W104/><G104/><T9/><REACH who="0" step="1"/><D48/><REACH who="0" ten="125,259,294,312" step="2"/><U134/><E134/><V44/><F133/><W68/><G121/><T55/><D55/><U67/><E64/><V103/><F66/><W70/><G65/><T63/><D63/><U113/><E113/><V118/><F112/><W2/><G120/><T57/><D57/><U39/><E39/><V31/><F58/><W35/><G56/><T91/><D91/><U97/><E52/><V59/><F89/><W125/><G36/><T19/><D19/><U15/><E117/><V13/><F59/><W45/><G17/><T106/><D106/><U53/><E116/><V20/><F31/><W7/><G70/><T4/><D4/><U94/><E53/><V107/><F107/><W12/><G7/><T100/><D100/><U46/><E46/><V84/><F44/><W96/><G45/><T18/><D18/><N who="1" m="10591" /><E102/><V16/><F118/><W30/><G68/><T73/><D73/><U37/><E37/><V62/><F103/><W6/><G90/><T0/><D0/><U69/><E94/><V111/><F95/><W3/><G3/><T122/><D122/><U93/><E93/><V60/><F135/><W50/><G50/><T124/><D124/><U75/><E75/><V33/><F111/><W98/><G125/><RYUUKYOKU ba="0,1" sc="125,15,259,15,294,-15,312,-15" hai0="1,5,8,9,11,38,42,47,72,76,85,86,87" hai1="24,28,61,67,69,74,78,80,97,99" />
</Scene>
<Scene>
<INIT seed="5,1,1,5,3,39" ten="140,274,279,297" oya="1" hai0="67,126,78,43,26,98,60,65,31,79,1,13,33" hai1="114,10,34,128,108,29,57,132,66,2,11,135,130" hai2="6,53,69,8,91,17,54,40,28,111,88,95,87" hai3="27,109,16,124,77,117,99,73,12,72,103,55,84"/><U42/><E114/><V49/><F69/><W41/><G109/><T127/><D1/><U25/><E108/><V112/><F28/><W52/><G27/><T45/><D13/><U9/><E42/><V104/><F104/><W120/><G120/><T92/><D78/><U58/><E2/><V0/><F17/><W50/><G117/><T107/><D79/><U5/><E5/><V123/><F123/><W75/><G124/><N who="0" m="47659" /><D107/><U90/><E90/><V30/><F30/><W81/><G41/><T83/><D83/><U86/><E86/><V119/><F119/><W129/><G50/><N who="0" m="26943" /><D60/><U97/><E97/><V56/><F112/><W48/><G48/><T61/><D61/><U101/><E101/><AGARI ba="1,1" hai="26,31,33,65,67,92,98,101" m="26943,47659" machi="101" ten="30,2000,0" yaku="18,1,52,1" doraHai="39" who="0" fromWho="1" sc="140,33,274,-23,279,0,297,0" />
</Scene>
<Scene>
<INIT seed="6,0,0,5,0,33" ten="173,251,279,297" oya="2" hai0="131,109,121,20,11,44,133,24,37,77,6,57,64" hai1="86,32,46,52,112,27,16,69,50,73,8,55,116" hai2="66,22,93,91,2,29,88,40,45,12,60,71,1" hai3="61,28,83,53,38,58,76,99,80,75,119,127,48"/><V118/><F118/><W87/><G38/><T108/><D121/><U96/><E73/><V122/><F122/><W134/><G119/><T72/><D131/><U31/><E116/><V39/><F91/><W103/><G127/><T67/><D133/><U102/><E69/><V59/><F71/><W115/><G134/><T84/><D84/><U30/><E112/><V114/><F114/><W23/><G115/><T9/><D9/><U90/><E55/><V17/><F29/><W41/><G41/><N who="0" m="22575" /><D57/><U13/><E27/><V107/><F107/><W120/><G120/><T43/><D43/><U94/><REACH who="1" step="1"/><E32/><REACH who="1" ten="173,241,279,297" step="2"/><V95/><F95/><AGARI ba="0,1" hai="8,13,16,30,31,46,50,52,86,90,94,95,96,102" machi="95" ten="30,12000,2" yaku="1,1,2,1,7,1,8,1,54,2,53,1" doraHai="33" doraHaiUra="97" who="1" fromWho="2" sc="173,0,241,130,279,-120,297,0" />
</Scene>
<Scene>
<INIT seed="7,0,0,3,0,112" ten="173,371,159,297" oya="3" hai0="77,16,106,24,70,108,1,5,65,25,133,46,14" hai1="2,56,50,8,104,126,78,90,74,45,113,72,43" hai2="116,62,63,37,97,19,10,61,103,99,48,69,115" hai3="68,87,54,49,41,31,30,67,124,20,86,17,134"/><W58/><G124/><T128/><D106/><U57/><E104/><V29/><F37/><W32/><G134/><T119/><D108/><U73/><E126/><V98/><F115/><W88/><G32/><T129/><D133/><U121/><E121/><V131/><F69/><W109/><G87/><T135/><D135/><U40/><E113/><V36/><F36/><W34/><G34/><T22/><D77/><U9/><E78/><V64/><F64/><W123/><G109/><T101/><D101/><U76/><E76/><V0/><F131/><N who="0" m="50250" /><D119/><U120/><E120/><V111/><F111/><W15/><G41/><T84/><D84/><U4/><E43/><V3/><F29/><W114/><G114/><T93/><D93/><U51/><E51/><V94/><F48/><W6/><G6/><T71/><D46/><U52/><E40/><V12/><F116/><W47/><G123/><T85/><D85/><U60/><E60/><V35/><F35/><W75/><G75/><T81/><D81/><U118/><E118/><V53/><F53/><W80/><REACH who="3" step="1"/><G68/><REACH who="3" ten="173,371,159,287" step="2"/><T44/><D71/><U89/><REACH who="1" step="1"/><E9/><REACH who="1" ten="173,361,159,287" step="2"/><V23/><F10/><W28/><G28/><T95/><D70/><U105/><E105/><V91/><REACH who="2" step="1"/><F103/><REACH who="2" ten="173,361,149,287" step="2"/><W38/><G38/><T13/><D65/><U127/><E127/><V79/><F79/><W59/><G59/><AGARI ba="0,3" hai="2,4,8,45,50,52,56,57,59,72,73,74,89,90" machi="59" ten="40,2600,0" yaku="1,1,54,1,53,0" doraHai="112" doraHaiUra="132" who="1" fromWho="3" sc="173,0,361,56,149,0,287,-26" owari="173,-23.0,417,52.0,149,-35.0,261,6.0" />
</Scene>
</mjloggm>