<mjloggm ver="2.3"><GO type="97"/><UN n0="%E5%A4%AA%E3%81%8F%E3%81%AA%E3%81%84%E3%81%8A" n1="%48%49%4B%41%47%45%2E" n2="%E3%82%AE%E3%83%B3%E3%82%AA" n3="%E3%81%93%E3%82%8C%E3%81%AF%E9%80%9A%E3%82%8B%E3%81%AE%E3%82%88%EF%BC%9F" dan="14,13,14,14" rate="2043,1835,1901,1911" sx="M,M,M,M"/><TAIKYOKU oya="0"/>

<Scene>
<INIT seed="0,0,0,3,0,127" ten="250,250,250,250" oya="0" hai0="77,45,60,117,125,43,33,89,88,65,23,132,72" hai1="95,13,2,53,39,97,92,9,78,7,16,121,129" hai2="69,109,73,30,6,63,123,101,25,14,42,31,111" hai3="40,82,46,100,110,50,68,116,79,105,106,17,70"/><T114/><D33/><U26/><E121/><V120/><F73/><W93/><G116/><T98/><D117/><U86/><E39/><V48/><F101/><W27/><G110/><N who="2" m="41993" /><F69/><W20/><G93/><T135/><D114/><U62/><E26/><V18/><F63/><W11/><G106/><T103/><D23/><U15/><E2/><V99/><F99/><W76/><G76/><T54/><D54/><U61/><E53/><V64/><F64/><W71/><G11/><T128/><D125/><U28/><E28/><N who="2" m="10795" /><F48/><W113/><G113/><T37/><D77/><U49/><E49/><V66/><F66/><W87/><G105/><T81/><D72/><U102/><E129/><V104/><F42/><W55/><G100/><T80/><D128/><U90/><E78/><V83/><F83/><N who="0" m="31818" /><D98/><U91/><E90/><V41/><F41/><W67/><REACH who="3" step="1"/><G55/><REACH who="3" ten="250,250,250,240" step="2"/><T10/><D10/><AGARI ba="0,1" hai="7,9,10,13,15,16,61,62,86,91,92,95,97,102" machi="10" ten="30,3900,0" yaku="7,1,8,1,54,1" doraHai="127" who="1" fromWho="0" sc="250,-39,250,49,250,0,240,0" />
</Scene>
<Scene>
<INIT seed="1,0,0,5,3,123" ten="211,299,250,240" oya="1" hai0="53,45,106,15,66,77,63,129,58,55,94,69,71" hai1="52,17,126,134,59,67,48,13,18,88,35,51,60" hai2="33,87,46,4,19,6,68,112,86,24,44,104,82" hai3="133,84,40,127,109,41,128,91,107,131,8,78,120"/><U118/><E118/><V50/><F68/><N who="0" m="26186" /><D15/><U83/><E35/><V34/><F104/><W119/><G120/><T47/><D94/><U29/><E29/><V80/><F19/><W9/><G107/><T116/><D77/><U96/><E134/><V115/><REACH who="2" step="1"/><F50/><REACH who="2" ten="211,299,240,240" step="2"/><N who="1" m="18985" /><E18/><V14/><F14/><W64/><G131/><T2/><D106/><U100/><E126/><V25/><AGARI ba="0,1" hai="4,6,24,25,33,34,44,46,80,82,86,87,112,115" machi="25" ten="25,6400,0" yaku="1,1,0,1,22,2,53,0" doraHai="123" doraHaiUra="26" who="2" fromWho="2" sc="211,-16,299,-32,240,74,240,-16" />
</Scene>
<Scene>
<INIT seed="2,0,0,0,1,119" ten="195,267,314,224" oya="2" hai0="11,118,124,86,26,44,57,99,135,97,0,121,14" hai1="61,134,131,91,46,48,81,63,66,115,60,36,108" hai2="59,37,13,27,126,35,43,20,111,70,16,3,112" hai3="67,29,88,89,101,107,116,65,40,71,54,69,125"/><V127/><F112/><W33/><G116/><T41/><D118/><U103/><E115/><V10/><F70/><W47/><G125/><N who="2" m="47625" /><F59/><W53/><G53/><T79/><D124/><U106/><E36/><V15/><F43/><W23/><G54/><T39/><D135/><U2/><E2/><V22/><F37/><W133/><G133/><T102/><D0/><U51/><E134/><V87/><F87/><W123/><G123/><T105/><D99/><U83/><E131/><V4/><F111/><W7/><G7/><T130/><D130/><U120/><E108/><V132/><F132/><W56/><G71/><T62/><D26/><U30/><E30/><N who="2" m="19935" /><F22/><W92/><G69/><T74/><D74/><U12/><E103/><V78/><F78/><W109/><G109/><T21/><D21/><U94/><E106/><V122/><F122/><W93/><G107/><T68/><D68/><U45/><E66/><V128/><F128/><W19/><G67/><T49/><D121/><U28/><E120/><V52/><F52/><W24/><G65/><T5/><D39/><U82/><E28/><V58/><F58/><W9/><G56/><T117/><D117/><U8/><E45/><V6/><F6/><W75/><G23/><T77/><REACH who="0" step="1"/><D86/><REACH who="0" ten="185,267,314,224" step="2"/><N who="1" m="52599" /><E46/><V1/><AGARI ba="0,1" hai="1,3,4,10,13,15,16,20" m="19935,47625" machi="1" ten="30,11700,0" yaku="18,1,34,2,54,1" doraHai="119" who="2" fromWho="2" sc="185,-39,267,-39,314,127,224,-39" />
</Scene>
<Scene>
<INIT seed="2,1,0,4,2,81" ten="146,228,441,185" oya="2" hai0="104,20,80,105,16,31,29,91,127,135,19,83,119" hai1="133,113,3,63,118,68,32,54,75,50,28,67,115" hai2="90,114,66,9,10,43,110,124,130,109,126,26,30" hai3="0,95,108,35,111,23,49,125,53,78,27,8,65"/><V134/><F114/><W2/><G35/><T1/><D1/><U47/><E3/><V44/><F66/><W57/><G125/><N who="2" m="48233" /><F134/><W117/><G117/><T79/><D127/><U61/><E75/><V59/><F59/><W45/><G78/><T97/><D135/><U7/><E32/><N who="2" m="20567" /><F130/><W58/><G65/><T11/><D119/><U74/><E28/><N who="0" m="10825" /><D105/><U62/><E7/><V51/><F90/><W33/><G33/><T73/><D104/><U89/><E74/><V71/><F71/><W46/><G58/><T101/><D73/><U37/><E89/><V5/><F5/><W52/><G46/><T14/><D101/><U98/><E98/><V64/><F64/><W128/><G128/><T77/><D97/><U12/><E118/><V60/><F60/><W107/><G107/><T84/><D80/><U4/><E133/><V36/><F36/><W34/><G34/><T92/><D83/><U48/><E4/><V112/><F112/><N who="1" m="43081" /><E12/><AGARI ba="1,0" hai="11,12,14,16,19,20,77,79,84,91,92" m="10825" machi="12" ten="30,3900,0" yaku="8,1,52,1,54,1" doraHai="81" who="0" fromWho="1" sc="146,42,228,-42,441,0,185,0" />
</Scene>
<Scene>
<INIT seed="3,0,0,1,4,63" ten="188,186,441,185" oya="3" hai0="95,9,80,74,32,92,113,76,34,53,116,94,97" hai1="87,30,132,15,75,115,19,83,69,122,50,56,89" hai2="8,91,68,16,38,81,28,36,47,21,22,130,133" hai3="84,64,112,10,101,5,29,60,20,111,41,70,86"/><W46/><G112/><T23/><D116/><U66/><E115/><V18/><F68/><W102/><G111/><T39/><D113/><U103/><E122/><V49/><F28/><W51/><G102/><T58/><D39/><U127/><E75/><V100/><F100/><W128/><G128/><T90/><D9/><U117/><E30/><V124/><F130/><W35/><G35/><T93/><REACH who="0" step="1"/><D23/><REACH who="0" ten="178,186,441,185" step="2"/><U135/><E117/><V54/><F8/><W120/><G120/><T37/><D37/><U25/><E127/><V107/><F124/><W0/><REACH who="3" step="1"/><G101/><REACH who="3" ten="178,186,441,175" step="2"/><T109/><D109/><U1/><E103/><V106/><F106/><W31/><G31/><T44/><D44/><U14/><E135/><V65/><F107/><W61/><G61/><AGARI ba="0,2" hai="32,34,53,58,61,74,76,80,90,92,93,94,95,97" machi="61" ten="40,1300,0" yaku="1,1,53,0" doraHai="63" doraHaiUra="96" who="0" fromWho="3" sc="178,33,186,0,441,0,175,-13" owari="211,1.0,186,-21.0,441,54.0,162,-34.0" />
</Scene>
</mjloggm>