<mjloggm ver="2.3"><GO type="169"/><UN n0="%61%6D%61%6A%69%73%68%69" n1="%4E%4F%42%55%53%48%49" n2="%E3%82%86%E3%81%8B%E3%81%A1%E3%83%BC" n3="%E5%A4%AA%E3%81%8F%E3%81%AA%E3%81%84%E3%81%8A" dan="16,16,16,16" rate="2106,2103,2120,2103" sx="M,M,F,M"/><TAIKYOKU oya="0"/>

<Scene>
<INIT seed="0,0,0,2,1,42" ten="250,250,250,250" oya="0" hai0="113,15,130,63,54,134,90,91,6,79,133,77,31" hai1="88,116,48,117,101,100,13,89,40,24,43,37,7" hai2="129,97,30,36,119,67,83,17,8,45,80,68,127" hai3="60,87,93,21,20,102,105,59,103,76,71,135,104"/><T110/><D113/><U29/><E37/><V34/><F34/><W53/><G71/><T4/><D31/><U73/><E73/><V112/><F112/><W64/><G135/><T65/><D54/><U46/><E40/><V66/><F30/><W69/><G105/><T115/><D115/><U2/><E2/><V62/><F67/><W61/><G104/><T70/><D130/><U58/><E58/><V111/><F129/><W114/><G114/><T109/><D15/><U128/><E128/><V12/><F127/><W19/><G21/><T33/><D33/><U96/><E116/><V44/><F36/><W92/><G92/><T82/><D82/><U84/><E117/><V108/><F119/><W1/><G1/><T126/><D126/><U3/><E3/><V50/><F97/><W51/><G61/><T124/><D124/><U131/><E131/><V98/><F98/><W107/><G107/><T38/><D38/><U22/><E96/><V94/><F94/><W122/><G122/><T95/><D95/><N who="1" m="54663" /><E89/><V18/><F83/><W23/><G76/><T74/><D74/><U5/><E13/><N who="2" m="7335" /><F50/><W86/><G93/><T121/><D121/><U10/><E10/><N who="2" m="6423" /><F80/><W27/><G103/><AGARI ba="0,0" hai="5,7,22,24,29,43,46,48,100,101,103" m="54663" machi="103" ten="30,3900,0" yaku="8,1,52,1,54,1" doraHai="42" who="1" fromWho="3" sc="250,0,250,39,250,0,250,-39" />
</Scene>
<Scene>
<INIT seed="1,0,0,5,3,17" ten="250,289,250,211" oya="1" hai0="1,93,65,2,56,49,10,45,125,12,108,98,6" hai1="64,88,111,47,115,116,30,92,28,46,135,114,78" hai2="128,80,36,39,71,38,68,118,23,96,61,50,44" hai3="4,20,82,9,62,112,72,94,129,121,27,15,74"/><U127/><E116/><V132/><F118/><W84/><G112/><T99/><D108/><U32/><E111/><V42/><F80/><W41/><G121/><T0/><D125/><U87/><E127/><V91/><F91/><W101/><G129/><T14/><D14/><U89/><E135/><V37/><F96/><W55/><G41/><T22/><D65/><U13/><E78/><V76/><F76/><W113/><G113/><T109/><D56/><U79/><E79/><V100/><F100/><W8/><G8/><T21/><D109/><U5/><E64/><V48/><F128/><W122/><G122/><T81/><D81/><N who="1" m="49263" /><E32/><V110/><F110/><W103/><G74/><T29/><D29/><N who="1" m="11371" /><E115/><V104/><F104/><W77/><G72/><T43/><REACH who="0" step="1"/><D99/><REACH who="0" ten="240,289,250,211" step="2"/><N who="1" m="57743" /><E114/><V105/><F71/><W73/><G73/><T66/><D66/><U33/><E33/><V18/><F132/><W40/><G82/><T67/><D67/><U59/><E59/><V75/><F68/><W34/><G34/><T7/><D7/><U133/><E133/><V97/><F75/><W31/><G4/><T131/><D131/><U90/><E13/><N who="2" m="9679" /><F97/><W120/><G120/><T54/><D54/><U24/><E5/><V19/><F105/><W85/><G55/><T25/><D25/><U124/><E124/><V60/><F19/><W134/><G134/><T106/><D106/><U57/><E57/><V16/><F16/><W119/><G119/><T3/><N who="0" m="512" /><DORA hai="107" /><T117/><D117/><U70/><E70/><V123/><F123/><W26/><G15/><T69/><D69/><U63/><E24/><RYUUKYOKU ba="0,1" sc="240,15,289,-15,250,15,211,-15" hai0="6,10,12,21,22,43,45,49,93,98" hai2="36,37,38,39,42,44,48,50,60,61" />
</Scene>
<Scene>
<INIT seed="2,1,1,1,3,132" ten="255,274,265,196" oya="2" hai0="28,99,75,2,42,62,129,88,118,32,70,53,104" hai1="15,40,17,43,123,103,117,121,110,34,13,50,59" hai2="107,105,134,57,122,46,83,119,111,96,86,74,25" hai3="65,19,128,84,18,26,45,11,112,109,82,72,9"/><V95/><F119/><W7/><G72/><T14/><D75/><U80/><E117/><V67/><F122/><N who="1" m="46601" /><E34/><V126/><F134/><W6/><G109/><T116/><D2/><U77/><E110/><V41/><F111/><W79/><G128/><T38/><D42/><U81/><E103/><V85/><F74/><W21/><G112/><T89/><D38/><U69/><E69/><V44/><F44/><W114/><G114/><T61/><D14/><N who="1" m="5131" /><E17/><V31/><F107/><W60/><G45/><T63/><D129/><U33/><E33/><V68/><F105/><W4/><REACH who="3" step="1"/><G19/><REACH who="3" ten="255,274,265,186" step="2"/><T24/><D118/><U98/><E40/><V23/><F41/><W49/><G49/><T10/><D116/><U39/><E50/><V106/><F46/><W66/><G66/><T73/><D73/><U30/><E43/><V36/><F36/><W100/><G100/><T16/><D62/><U120/><E39/><V64/><F64/><W71/><AGARI ba="1,2" hai="4,6,7,9,11,18,21,26,60,65,71,79,82,84" machi="71" ten="30,8000,1" yaku="1,1,0,1,53,3" doraHai="132" doraHaiUra="0" who="3" fromWho="3" sc="255,-21,274,-21,265,-41,186,103" />
</Scene>
<Scene>
<INIT seed="3,0,0,5,1,45" ten="234,253,224,289" oya="3" hai0="68,41,87,34,86,55,32,57,61,122,104,66,23" hai1="105,113,98,37,109,88,44,29,16,121,21,28,81" hai2="14,93,0,38,123,79,12,64,101,39,77,130,65" hai3="49,6,90,119,47,134,26,27,91,114,120,75,50"/><W112/><G120/><T70/><D104/><U85/><E121/><V18/><F0/><W97/><G119/><T129/><D122/><U128/><E113/><V36/><F123/><W100/><G75/><T9/><D70/><U95/><E128/><V62/><F130/><W69/><G69/><T133/><D133/><U2/><E2/><V8/><F14/><W84/><G134/><T51/><D23/><U17/><E105/><V56/><F65/><W71/><G71/><T118/><D118/><U58/><E109/><V13/><F101/><W10/><G112/><T53/><D53/><U11/><E58/><V78/><F13/><N who="3" m="5335" /><G114/><T25/><D9/><U22/><E44/><V1/><F1/><W52/><G50/><T80/><D129/><U19/><E11/><V103/><F103/><W42/><G42/><T15/><D41/><U124/><E124/><V48/><F48/><W46/><G46/><T117/><D117/><U135/><E37/><V127/><REACH who="2" step="1"/><F93/><REACH who="2" ten="234,253,214,289" step="2"/><N who="3" m="56511" /><G100/><T60/><D51/><U59/><E135/><V96/><F96/><W5/><G5/><T115/><D115/><U67/><E98/><V54/><F54/><W7/><G7/><T99/><D99/><U110/><E95/><AGARI ba="0,1" hai="26,27,47,49,52,84,90,95" m="56511,5335" machi="95" ten="30,5800,0" yaku="8,1,52,1,54,1" doraHai="45" who="3" fromWho="1" sc="234,0,253,-58,214,0,289,68" />
</Scene>
<Scene>
<INIT seed="3,1,0,4,1,83" ten="234,195,214,357" oya="3" hai0="89,109,51,124,39,119,27,31,59,106,96,11,14" hai1="102,22,94,30,66,68,17,92,78,72,120,38,9" hai2="69,23,81,85,42,25,84,20,73,77,48,95,101" hai3="32,37,55,13,74,100,67,87,115,19,111,28,0"/><W118/><G118/><T43/><D39/><U34/><E38/><V12/><F69/><W56/><G115/><T4/><D119/><U7/><E120/><V33/><F33/><W132/><G74/><T107/><D109/><U16/><E102/><V52/><F42/><W54/><G37/><T41/><D124/><U104/><E104/><V112/><F112/><W24/><G111/><T127/><D127/><U63/><E78/><V110/><F110/><W62/><G132/><T58/><D106/><U65/><E65/><V61/><F61/><W49/><G0/><T5/><D5/><U71/><E71/><V64/><F64/><W53/><G100/><T97/><D107/><U134/><E72/><V122/><F122/><W125/><G125/><T40/><D51/><U126/><E17/><N who="2" m="10279" /><F73/><W45/><REACH who="3" step="1"/><G87/><REACH who="3" ten="234,195,214,347" step="2"/><T10/><D96/><U26/><E126/><V18/><F101/><W57/><G57/><T99/><D97/><U116/><E116/><V3/><F3/><W15/><G15/><T129/><D99/><U76/><E134/><V128/><F128/><W46/><G46/><T133/><D59/><U123/><E123/><V47/><F85/><W105/><G105/><T82/><D129/><U130/><E130/><V1/><F1/><W114/><G114/><T103/><D103/><U36/><E36/><V44/><F95/><W88/><G88/><T75/><D75/><U93/><E76/><V21/><F47/><W70/><G70/><T91/><D133/><U117/><E117/><V135/><F135/><W29/><G29/><T60/><D31/><U35/><E30/><RYUUKYOKU ba="1,1" sc="234,-30,195,10,214,10,347,10" hai1="7,9,16,22,26,34,35,63,66,68,92,93,94" hai2="18,21,23,25,44,48,52,77,81,84" hai3="13,19,24,28,32,45,49,53,54,55,56,62,67" />
</Scene>
<Scene>
<INIT seed="3,2,1,5,2,14" ten="204,205,224,357" oya="3" hai0="43,50,47,97,52,133,57,5,53,67,63,15,48" hai1="92,123,30,29,95,33,74,119,100,21,6,8,111" hai2="2,81,88,12,54,83,55,42,58,40,59,23,26" hai3="38,39,13,20,24,127,65,25,134,124,45,113,3"/><W56/><G113/><T10/><D133/><U128/><E74/><V19/><F2/><W120/><G120/><T103/><REACH who="0" step="1"/><D50/><REACH who="0" ten="194,205,224,357" step="2"/><U34/><E123/><V132/><F132/><W130/><G134/><T106/><AGARI ba="2,2" hai="5,10,15,43,47,48,52,53,57,63,67,97,103,106" machi="106" ten="20,8000,1" yaku="1,1,2,1,0,1,7,1,54,1,53,0" doraHai="14" doraHaiUra="105" who="0" fromWho="0" sc="194,106,205,-22,224,-22,357,-42" />
</Scene>
<Scene>
<INIT seed="4,0,0,2,4,110" ten="300,183,202,315" oya="0" hai0="36,104,12,118,33,40,91,18,49,53,128,78,121" hai1="120,9,1,56,35,51,106,28,126,44,107,64,19" hai2="74,85,130,76,109,20,71,37,2,16,55,98,79" hai3="131,63,3,111,15,67,93,27,31,133,34,14,47"/><T54/><D121/><U29/><E120/><V70/><F109/><W112/><G111/><T75/><D33/><U125/><E35/><V92/><F74/><W41/><G3/><T105/><D118/><U108/><E108/><V17/><F37/><W97/><G131/><T100/><D91/><U39/><E39/><V134/><F130/><W132/><G112/><T124/><D124/><N who="1" m="47723" /><E56/><V7/><F71/><N who="3" m="42495" /><G47/><T22/><D128/><U43/><E64/><V52/><F134/><N who="3" m="51819" /><G41/><T89/><D89/><AGARI ba="0,0" hai="14,15,27,31,34,89,93,97" m="51819,42495" machi="89" ten="30,1000,0" yaku="20,1" doraHai="110" who="3" fromWho="0" sc="300,-10,183,0,202,0,315,10" />
</Scene>
<Scene>
<INIT seed="5,0,0,5,3,59" ten="290,183,202,325" oya="1" hai0="42,129,53,1,55,35,7,127,52,36,72,90,118" hai1="71,111,117,29,38,26,135,120,37,97,13,44,22" hai2="19,126,108,86,63,50,58,123,28,61,32,2,130" hai3="80,49,69,131,121,102,81,40,132,79,12,14,74"/><U62/><E120/><V9/><F108/><W21/><G121/><T60/><D118/><U84/><E117/><V64/><F123/><W66/><G132/><T128/><D35/><U48/><E111/><V124/><F130/><N who="0" m="50282" /><D72/><U125/><E135/><V45/><F28/><W77/><G131/><T20/><D20/><U10/><E125/><N who="2" m="48235" /><F32/><W51/><G102/><T134/><D134/><U89/><E97/><V105/><F105/><W16/><G40/><T54/><D90/><U24/><E24/><V133/><F133/><W43/><G43/><T115/><D115/><U88/><E38/><V107/><F107/><W103/><G103/><T67/><D127/><U101/><E37/><V85/><F19/><W119/><G119/><T41/><D36/><U30/><E101/><V15/><F15/><W34/><G34/><T18/><D18/><U78/><E30/><V25/><F25/><W57/><G69/><N who="0" m="42215" /><D55/><N who="1" m="30087" /><E62/><V98/><F63/><W122/><G122/><T33/><D33/><U4/><E71/><V70/><F70/><W113/><G113/><T23/><D23/><U109/><E109/><V5/><F98/><W99/><G99/><T92/><D92/><U95/><E95/><V47/><F50/><W114/><G114/><T65/><D65/><U27/><E27/><V6/><F6/><W39/><G39/><T46/><D46/><AGARI ba="0,0" hai="2,5,9,45,46,47,58,61,64,85,86" m="48235" machi="46" ten="30,2000,0" yaku="18,1,52,1" doraHai="59" who="2" fromWho="0" sc="290,-20,183,0,202,20,325,0" />
</Scene>
<Scene>
<INIT seed="6,0,0,1,2,125" ten="270,183,222,325" oya="2" hai0="105,51,112,71,74,57,88,13,104,53,23,103,1" hai1="35,89,107,63,122,98,126,15,70,83,66,5,101" hai2="19,17,108,134,21,48,29,10,14,18,121,56,95" hai3="114,7,47,132,77,117,85,96,37,82,135,90,9"/><V72/><F121/><W81/><G117/><T102/><D71/><U69/><E126/><V52/><F72/><N who="3" m="43175" /><G96/><T123/><D123/><U33/><E122/><V128/><F134/><N who="3" m="51243" /><G114/><T12/><D1/><U110/><E110/><V60/><F108/><W24/><G24/><T36/><D36/><U133/><E70/><V127/><F128/><W50/><G37/><T92/><D74/><U68/><E68/><V41/><F127/><W3/><G50/><T22/><D105/><U109/><E109/><V45/><F95/><W25/><G25/><AGARI ba="0,0" hai="10,14,17,18,19,21,25,29,41,45,48,52,56,60" machi="25" ten="40,3900,0" yaku="8,1,54,1" doraHai="125" who="2" fromWho="3" sc="270,0,183,0,222,39,325,-39" />
</Scene>
<Scene>
<INIT seed="6,1,0,4,0,43" ten="270,183,261,286" oya="2" hai0="80,49,134,103,41,117,26,29,42,113,8,97,6" hai1="108,132,70,115,101,100,30,58,20,57,111,14,118" hai2="114,31,82,13,17,51,73,125,54,119,59,53,131" hai3="110,27,123,71,44,65,107,10,135,66,77,15,9"/><V81/><F119/><W24/><G110/><T4/><D117/><U89/><E118/><V37/><F37/><W124/><G123/><T116/><D113/><U92/><E70/><V76/><F114/><W109/><G107/><T86/><D134/><U121/><E115/><V98/><F125/><W34/><G109/><T48/><D116/><U60/><E121/><V67/><F31/><W68/><G34/><T50/><D29/><U22/><E132/><V120/><F120/><W106/><G106/><T96/><D26/><N who="3" m="9769" /><G71/><T38/><D38/><U64/><E30/><V32/><F32/><W91/><G68/><T21/><D21/><U2/><E2/><V33/><F33/><W122/><G122/><T35/><D35/><U130/><E130/><V88/><F131/><W56/><G77/><N who="0" m="46351" /><D8/><U133/><E133/><V84/><F98/><N who="0" m="37994" /><D103/><U95/><E101/><V127/><F127/><W93/><G10/><T16/><D16/><U102/><E100/><V112/><F112/><W83/><G124/><T23/><D23/><U5/><E102/><V47/><F17/><W55/><G135/><T78/><D78/><U69/><E111/><V126/><F126/><W39/><G39/><T62/><D62/><U63/><E108/><V11/><F11/><W74/><G74/><T99/><N who="0" m="38002" /><T25/><DORA hai="104" /><D25/><U7/><E69/><V40/><F13/><W52/><G15/><T46/><D42/><U90/><E14/><V0/><F0/><W79/><G9/><T3/><D3/><U12/><E12/><V75/><F75/><W19/><G19/><T94/><D94/><RYUUKYOKU ba="1,0" sc="270,10,183,10,261,10,286,-30" hai0="4,6,41,46,48,49,50" hai1="5,7,20,22,57,58,60,63,64,89,90,92,95" hai2="40,47,51,53,54,59,67,73,76,81,82,84,88" />
</Scene>
<Scene>
<INIT seed="6,2,0,3,4,80" ten="280,193,271,256" oya="2" hai0="33,83,9,56,18,63,105,54,69,44,79,90,85" hai1="55,116,97,66,2,26,12,8,47,103,27,68,45" hai2="7,124,128,133,15,98,75,122,125,132,84,129,61" hai3="88,59,37,4,49,31,43,118,121,10,71,126,51"/><V35/><F75/><W72/><G121/><T99/><D33/><U41/><E116/><V48/><F122/><W30/><G118/><T24/><D69/><U81/><E2/><V110/><F110/><W86/><G71/><T67/><D105/><U50/><E81/><V93/><F35/><W89/><G72/><T29/><D29/><N who="3" m="10761" /><G37/><T34/><D34/><U13/><E13/><V100/><F61/><W1/><G1/><T65/><D44/><U114/><E114/><V92/><F48/><N who="3" m="18507" /><G126/><N who="2" m="48745" /><F15/><N who="3" m="5575" /><G43/><T32/><D32/><U64/><E47/><V119/><F7/><W134/><G134/><N who="2" m="51817" /><F119/><W16/><G59/><T96/><D9/><U57/><E68/><V17/><F17/><W91/><G16/><T112/><D112/><U38/><E27/><V28/><F28/><W115/><G115/><T53/><D18/><U20/><E20/><V3/><F3/><W76/><G76/><T108/><D24/><U95/><REACH who="1" step="1"/><E26/><REACH who="1" ten="280,183,271,256" step="2"/><V74/><F74/><W130/><G130/><T46/><D108/><U0/><E0/><V19/><F19/><AGARI ba="2,1" hai="8,12,19,38,41,45,50,55,57,64,66,95,97,103" machi="19" ten="30,3900,0" yaku="1,1,7,1,53,1" doraHai="80" doraHaiUra="6" who="1" fromWho="2" sc="280,0,183,55,271,-45,256,0" />
</Scene>
<Scene>
<INIT seed="7,0,0,3,3,49" ten="280,238,226,256" oya="3" hai0="63,87,80,96,20,53,88,124,0,77,129,103,34" hai1="1,51,78,74,133,27,112,108,50,40,10,61,4" hai2="46,43,52,113,33,98,55,72,44,24,93,58,110" hai3="97,68,79,69,116,42,123,101,89,5,84,106,65"/><W128/><G123/><T66/><D34/><U119/><E108/><V17/><F110/><W35/><G116/><T41/><D0/><U82/><E119/><V102/><F113/><W19/><G35/><T83/><D129/><U131/><E131/><V25/><F72/><W57/><G128/><T107/><D41/><U100/><E112/><V109/><F109/><W14/><G5/><T62/><D124/><U48/><E133/><V12/><F33/><W120/><G120/><T121/><D121/><U16/><E100/><V2/><F2/><W26/><G42/><T8/><D8/><U92/><E92/><V32/><F32/><W117/><G26/><N who="2" m="10345" /><F43/><W105/><G105/><T11/><D11/><U76/><E76/><V45/><F58/><W59/><G79/><T23/><D53/><U73/><E73/><V39/><F39/><W75/><G75/><T38/><D63/><U67/><E40/><V111/><F111/><W36/><G36/><T132/><D132/><U9/><E9/><AGARI ba="0,0" hai="9,12,17,44,45,46,52,55,93,98,102" m="10345" machi="9" ten="30,7700,0" yaku="8,1,52,2,54,1" doraHai="49" who="2" fromWho="1" sc="280,0,238,-77,226,77,256,0" owari="280,8.0,161,-34.0,303,40.0,256,-14.0" />
</Scene>
</mjloggm>