<mjloggm ver="2.3"><GO type="137"/><UN n0="%E3%81%99%E3%81%9A%E3%82%81%E3%81%AF%E3%81%A1" n1="%E5%A4%AA%E3%81%8F%E3%81%AA%E3%81%84%E3%81%8A" n2="%E3%80%8C%E3%81%9D%E3%80%8D" n3="%6D%75%73%61%73%68%69%37" dan="12,11,12,12" rate="1672,1769,1699,1725" sx="M,M,M,M"/><TAIKYOKU oya="0"/>

<Scene>
<INIT seed="0,0,0,0,2,82" ten="250,250,250,250" oya="0" hai0="3,106,50,54,74,68,4,16,84,131,122,38,19" hai1="59,35,88,23,126,85,101,41,103,29,127,91,26" hai2="43,67,104,132,113,51,116,63,32,70,33,37,98" hai3="90,36,44,28,48,97,81,75,14,18,109,135,0"/><T9/><D68/><U133/><E133/><V22/><F113/><W129/><G135/><T55/><D122/><U12/><E41/><V92/><F132/><W61/><G0/><T20/><D74/><U100/><E59/><V15/><F116/><W6/><G6/><T27/><D38/><U77/><E77/><V123/><F123/><W39/><G129/><T31/><D106/><U128/><E128/><V60/><F104/><W72/><G61/><T8/><D131/><U114/><E114/><V111/><F111/><W102/><G28/><T124/><D124/><N who="1" m="47659" /><E85/><V56/><F37/><W42/><G72/><T76/><D9/><U95/><E95/><V57/><F70/><W24/><G109/><T34/><D76/><U45/><E45/><V96/><F96/><W78/><G24/><T130/><D130/><U25/><E12/><V2/><F2/><W7/><G7/><T64/><D64/><U93/><E93/><V112/><F112/><W71/><G71/><T117/><D117/><U65/><E65/><V83/><F83/><W87/><G87/><T79/><D79/><U53/><E53/><V1/><F1/><W69/><G69/><T73/><D73/><U17/><AGARI ba="0,0" hai="17,23,25,26,29,35,88,91,100,101,103" m="47659" machi="17" ten="30,2000,0" yaku="18,1,54,1" doraHai="82" who="1" fromWho="1" sc="250,-10,250,20,250,-5,250,-5" />
</Scene>
<Scene>
<INIT seed="1,0,0,2,3,88" ten="240,270,245,245" oya="1" hai0="65,56,48,31,111,103,102,101,32,22,7,86,134" hai1="59,131,99,51,66,108,64,106,69,117,42,52,27" hai2="21,125,45,115,79,11,8,46,6,95,13,91,55" hai3="25,135,28,128,73,18,17,60,10,119,97,98,71"/><U94/><E117/><V14/><F125/><W132/><G60/><T58/><D32/><U85/><E131/><V87/><F115/><W76/><G71/><T53/><D111/><U15/><E69/><V84/><F21/><W9/><G76/><T74/><D134/><U100/><E108/><V114/><F114/><W30/><G73/><T23/><D74/><U5/><E42/><V0/><F0/><W118/><G98/><T133/><D133/><N who="3" m="51273" /><G97/><T113/><D113/><U43/><E43/><V12/><F79/><W112/><G25/><T47/><D7/><U57/><E27/><V129/><F129/><W82/><G82/><T105/><D105/><U54/><E85/><V68/><F68/><W63/><G63/><T38/><D38/><U19/><E5/><V110/><F110/><W124/><G128/><T72/><D72/><U1/><E1/><V107/><F107/><W44/><G44/><T40/><D31/><N who="3" m="11817" /><G112/><T41/><D86/><U35/><E35/><V104/><F104/><W61/><G61/><T16/><D65/><N who="1" m="25195" /><E106/><V127/><F127/><W75/><G75/><T122/><D122/><U92/><E99/><V36/><F36/><W39/><G39/><T34/><D34/><U109/><E100/><V120/><F120/><W126/><G124/><T50/><D50/><N who="1" m="30871" /><E109/><V26/><F84/><W116/><G126/><T67/><D67/><U89/><E89/><V93/><F91/><W121/><G121/><T49/><D49/><U62/><E62/><V78/><F87/><W20/><G20/><AGARI ba="0,0" hai="15,19,20,51,54,59,92,94" m="30871,25195" machi="20" ten="30,11600,0" yaku="8,1,52,2,54,1" doraHai="88" who="1" fromWho="3" sc="240,0,270,116,245,0,245,-116" />
</Scene>
<Scene>
<INIT seed="1,1,0,2,4,35" ten="240,386,245,129" oya="1" hai0="47,28,2,111,103,54,34,43,11,109,93,4,60" hai1="108,74,62,22,68,31,19,120,100,40,55,90,117" hai2="38,49,67,87,80,128,23,75,15,25,29,78,112" hai3="71,0,70,5,46,44,58,94,73,114,51,119,16"/><U105/><E120/><V89/><F128/><W1/><G73/><T113/><D113/><U132/><E117/><V99/><F112/><W104/><G114/><T96/><D34/><U72/><E40/><V83/><F38/><W53/><G104/><T76/><D28/><U106/><E31/><V32/><F67/><W57/><G53/><T110/><D76/><U126/><E90/><V121/><F121/><W50/><G5/><T7/><D7/><U84/><E84/><V41/><F99/><W18/><REACH who="3" step="1"/><G94/><REACH who="3" ten="240,386,245,119" step="2"/><T12/><D60/><U8/><E105/><V17/><F41/><W122/><G122/><T6/><D54/><U69/><E55/><V130/><F130/><W81/><G81/><T20/><D4/><U129/><E74/><V21/><REACH who="2" step="1"/><F49/><REACH who="2" ten="240,386,235,119" step="2"/><W135/><G135/><T65/><D65/><U77/><E132/><V123/><F123/><W101/><G101/><T14/><REACH who="0" step="1"/><D20/><AGARI ba="1,2" hai="15,17,20,21,23,25,29,32,75,78,80,83,87,89" machi="20" ten="30,7700,0" yaku="1,1,7,1,53,2" doraHai="35" doraHaiUra="79" who="2" fromWho="0" sc="240,-80,386,0,235,100,119,0" />
</Scene>
<Scene>
<INIT seed="2,0,0,3,1,31" ten="160,386,335,119" oya="2" hai0="110,14,5,62,42,77,43,16,3,133,101,87,94" hai1="0,124,28,103,55,7,60,131,92,115,59,104,96" hai2="54,21,83,39,22,100,64,58,105,90,111,68,47" hai3="38,126,9,98,53,13,125,93,123,69,80,127,19"/><V25/><F111/><W44/><G69/><T71/><D110/><U130/><E115/><V106/><F100/><W15/><G80/><T24/><D133/><U2/><E124/><N who="3" m="31746" /><W132/><DORA hai="49" /><G38/><T73/><D71/><U85/><E28/><V89/><F89/><W34/><G132/><T79/><D73/><U20/><E20/><V76/><F90/><W45/><G45/><T29/><D3/><U66/><E66/><V23/><F25/><W12/><G123/><T46/><D5/><U91/><REACH who="1" step="1"/><E7/><REACH who="1" ten="160,376,335,119" step="2"/><V113/><F113/><W121/><G121/><T120/><D120/><U118/><E118/><V27/><F64/><W134/><G134/><T61/><D101/><U50/><E50/><V72/><F21/><W129/><G129/><AGARI ba="0,1" hai="0,2,55,59,60,85,91,92,96,103,104,129,130,131" machi="129" ten="40,5200,0" yaku="1,1,19,1,52,1,53,0" doraHai="31,49" doraHaiUra="70,41" who="1" fromWho="3" sc="160,0,376,62,335,0,119,-52" />
</Scene>
<Scene>
<INIT seed="3,0,0,5,3,101" ten="160,438,335,67" oya="3" hai0="38,120,46,115,119,18,31,110,66,83,10,40,7" hai1="105,72,50,96,6,85,37,126,58,124,1,44,74" hai2="60,70,92,33,9,130,0,56,39,122,67,13,20" hai3="97,98,121,106,27,23,29,22,81,3,78,109,100"/><W135/><G3/><T26/><D120/><U43/><E85/><V76/><F122/><W112/><G112/><T34/><D119/><U30/><E30/><V114/><F114/><W133/><G22/><T16/><D115/><U117/><E58/><V59/><F130/><W90/><G23/><T103/><D110/><U64/><E64/><V132/><F132/><W51/><G51/><T102/><D66/><U55/><E55/><V87/><F39/><W24/><G27/><T94/><D83/><U125/><E50/><V5/><F33/><W69/><G24/><T61/><D61/><U49/><E49/><V131/><F131/><W68/><G29/><T82/><D82/><U54/><E54/><V45/><F45/><W86/><G121/><T35/><D35/><U48/><E48/><V57/><F70/><W53/><G53/><T63/><D63/><U8/><E117/><V32/><F32/><W134/><G68/><T12/><REACH who="0" step="1"/><D94/><REACH who="0" ten="150,438,335,67" step="2"/><U14/><E125/><V41/><F92/><N who="3" m="56471" /><G69/><T65/><D65/><U17/><E124/><V19/><F67/><W80/><G80/><T25/><D25/><U4/><E126/><V113/><F60/><W47/><G47/><T95/><D95/><U28/><E44/><V116/><F116/><W2/><G109/><T118/><D118/><U11/><E43/><V107/><F41/><W21/><G2/><T104/><D104/><U93/><E105/><V128/><F107/><W36/><G36/><T84/><D84/><U89/><E37/><V62/><F113/><W91/><G21/><T127/><D127/><U88/><E1/><RYUUKYOKU ba="0,1" sc="150,15,438,-15,335,-15,67,15" hai0="7,10,12,16,18,26,31,34,38,40,46,102,103" hai3="78,81,86,91,98,100,106,133,134,135" />
</Scene>
<Scene>
<INIT seed="3,1,1,3,2,57" ten="165,423,320,82" oya="3" hai0="135,121,38,84,133,39,79,115,4,59,85,95,62" hai1="14,128,75,56,90,11,67,113,68,94,89,93,131" hai2="105,53,122,0,41,16,124,1,47,114,7,19,8" hai3="109,76,21,2,12,110,65,73,108,86,88,104,31"/><W119/><G2/><T82/><D4/><N who="1" m="3431" /><E68/><V54/><F114/><W100/><G65/><T116/><D116/><U130/><E75/><V120/><F124/><W118/><G12/><T81/><D121/><N who="2" m="46698" /><F105/><W98/><G21/><T29/><D115/><U126/><E126/><V40/><F0/><W134/><G31/><T20/><D29/><U63/><E113/><V15/><F19/><W66/><G66/><T22/><D38/><U71/><E71/><V50/><F41/><W45/><G45/><T18/><D39/><U127/><E127/><V27/><F27/><W83/><G134/><N who="0" m="51211" /><D95/><AGARI ba="1,1" hai="56,63,67,89,90,93,94,95,128,130,131" m="3431" machi="95" ten="30,2000,0" yaku="19,1,52,1" doraHai="57" who="1" fromWho="0" sc="165,-23,423,33,320,0,82,0" /><AGARI ba="1,0" hai="73,76,83,86,88,95,98,100,104,108,109,110,118,119" machi="95" ten="40,24000,3" yaku="24,2,14,1,10,1,34,3,54,1" doraHai="57" who="3" fromWho="0" sc="142,-240,456,0,320,0,82,240" owari="-98,-60.0,456,56.0,320,-8.0,322,12.0" />
</Scene>
</mjloggm>