<mjloggm ver="2.3"><GO type="169" lobby="0"/><UN n0="%E3%81%B4%E3%81%AE" n1="%E5%A4%AA%E3%81%8F%E3%81%AA%E3%81%84%E3%81%8A" n2="%43%2D%E3%83%93%E3%83%83%E3%82%AF" n3="%E3%83%88%E3%83%90%E3%82%BE" dan="16,18,16,18" rate="2085.63,2248.93,2057.55,2195.16" sx="M,F,M,M"/><TAIKYOKU oya="0"/>

<Scene>
<INIT seed="0,0,0,5,4,43" ten="250,250,250,250" oya="0" hai0="80,18,25,83,66,94,39,82,37,85,129,53,38" hai1="42,123,111,48,30,92,118,40,8,47,14,108,56" hai2="125,45,79,99,24,103,7,91,20,31,22,60,57" hai3="95,96,2,114,58,26,78,121,21,29,64,102,122"/><T126/><D129/><U81/><E123/><N who="3" m="47114" /><G2/><T70/><D126/><U11/><E118/><V23/><F125/><W73/><G114/><T15/><D25/><U10/><E30/><V55/><F7/><W86/><G73/><T130/><D130/><U106/><E106/><V131/><F131/><W87/><G78/><T120/><D120/><U17/><E81/><V74/><F91/><W71/><G71/><T101/><D70/><U97/><E56/><V124/><F124/><W105/><G105/><T115/><D66/><U1/><E42/><V6/><F6/><W35/><G35/><T52/><D115/><U109/><REACH who="1" step="1"/><E1/><REACH who="1" ten="250,240,250,250" step="2"/><V4/><F74/><W28/><G29/><T32/><D32/><U50/><E50/><V33/><F79/><W27/><G58/><T62/><D62/><U59/><E59/><V90/><F31/><W65/><G28/><T84/><D37/><U128/><E128/><V19/><F57/><W16/><G65/><T68/><D38/><U61/><E61/><V113/><F60/><W13/><G64/><T54/><D39/><U116/><E116/><V12/><F113/><W5/><G5/><T75/><D68/><U133/><E133/><V76/><F4/><W135/><G135/><T34/><D34/><U89/><AGARI ba="0,1" hai="8,10,11,14,17,40,47,48,89,92,97,108,109,111" machi="89" ten="30,7900,0" yaku="1,1,0,1,14,1,52,1,53,0" doraHai="43" doraHaiUra="0" who="1" fromWho="1" sc="250,-39,240,89,250,-20,250,-20" />
</Scene>
<Scene>
<INIT seed="1,0,0,5,0,2" ten="211,329,230,230" oya="1" hai0="133,4,80,18,11,25,116,42,9,123,34,98,94" hai1="130,48,96,135,50,65,85,66,114,83,132,23,51" hai2="129,75,61,67,76,92,78,87,55,88,7,6,89" hai3="58,62,19,77,84,39,121,99,21,73,82,103,106"/><U100/><E114/><V101/><F101/><W3/><G3/><T97/><D116/><U54/><E54/><V41/><F41/><W63/><G39/><T56/><D123/><U120/><E120/><V107/><F107/><W8/><G121/><T104/><D133/><N who="1" m="51275" /><E23/><V0/><F0/><W95/><G8/><T72/><D42/><U108/><E130/><V33/><F33/><W24/><REACH who="3" step="1"/><G58/><REACH who="3" ten="211,329,230,220" step="2"/><T15/><D56/><U5/><E108/><V26/><F129/><W117/><G117/><T112/><D11/><U90/><E5/><N who="2" m="1547" /><F75/><W118/><G118/><T31/><D72/><U32/><E32/><V45/><F67/><W36/><G36/><T16/><D34/><U86/><E86/><N who="2" m="52247" /><F26/><W79/><G79/><T20/><D25/><U127/><E127/><V44/><F44/><W46/><G46/><T35/><D35/><U113/><E113/><V30/><F30/><W126/><G126/><T93/><D31/><U1/><E1/><V14/><F14/><W131/><G131/><T68/><D15/><U119/><E119/><V115/><F115/><W29/><G29/><T60/><D112/><U71/><E71/><V22/><F22/><W27/><G27/><T12/><D68/><U43/><E43/><V49/><F61/><W70/><G70/><T64/><D60/><U47/><E47/><V17/><F17/><W59/><G59/><T69/><D69/><U128/><E128/><V37/><F37/><W57/><G57/><T81/><D20/><U40/><E40/><V125/><F125/><W124/><G124/><T91/><D18/><U38/><E38/><RYUUKYOKU ba="0,1" sc="211,-30,329,10,230,10,220,10" hai1="48,50,51,65,66,83,85,90,96,100" hai2="45,49,55,76,78,87,89" hai3="19,21,24,62,63,73,77,82,84,95,99,103,106" />
</Scene>
<Scene>
<INIT seed="1,1,1,3,4,107" ten="181,339,240,230" oya="1" hai0="118,11,85,24,30,54,17,47,113,52,35,135,102" hai1="3,74,127,58,84,87,121,38,92,14,36,53,15" hai2="117,123,51,44,95,50,20,1,99,73,133,134,71" hai3="76,46,2,43,39,79,132,31,120,48,23,22,64"/><U82/><E3/><V45/><F71/><W70/><G120/><T105/><D135/><N who="2" m="51722" /><F123/><W9/><G132/><T6/><D113/><U13/><E121/><V42/><F1/><W91/><G39/><T90/><D118/><U5/><E5/><V63/><F63/><W122/><G122/><T10/><D105/><U100/><E127/><V129/><F129/><W69/><G69/><T103/><D11/><U131/><E131/><V93/><F117/><W8/><G64/><T18/><D18/><U62/><E84/><V130/><F130/><W128/><G70/><T88/><D90/><U114/><E114/><V83/><F20/><N who="3" m="7723" /><G2/><T34/><D34/><U110/><E110/><V40/><F99/><W12/><G31/><T119/><D119/><U59/><E59/><V104/><F104/><W96/><G128/><T68/><D68/><U49/><E62/><V94/><F83/><W72/><G9/><T25/><D6/><U19/><E19/><V80/><F80/><W41/><G8/><T33/><D33/><U67/><E67/><V61/><F61/><W75/><G12/><N who="0" m="7319" /><D24/><U124/><E124/><V78/><F78/><W111/><G111/><T101/><D25/><U86/><E14/><V66/><F66/><W115/><G115/><T28/><D35/><U109/><E13/><V27/><F27/><W16/><G16/><T112/><D112/><U116/><E116/><V56/><F56/><W37/><G79/><T57/><D57/><U81/><E58/><V108/><F108/><W77/><G77/><T26/><D30/><U98/><E109/><V21/><F21/><RYUUKYOKU ba="1,1" sc="181,-10,339,-10,240,30,230,-10" hai2="40,42,44,45,50,51,73,93,94,95" />
</Scene>
<Scene>
<INIT seed="2,2,1,5,0,44" ten="171,329,270,220" oya="2" hai0="77,76,17,38,127,107,104,121,42,37,14,1,25" hai1="117,31,114,108,109,125,36,23,129,93,18,124,96" hai2="24,101,111,60,70,78,120,118,72,35,48,113,126" hai3="94,106,28,65,2,81,110,82,123,84,133,69,33"/><V132/><RYUUKYOKU type="yao9" ba="2,1" sc="171,0,329,0,270,0,220,0" hai2="24,35,48,60,70,72,78,101,111,113,118,120,126,132" />
</Scene>
<Scene>
<INIT seed="2,3,1,0,5,28" ten="171,329,270,220" oya="2" hai0="45,115,72,68,118,56,34,128,31,39,69,108,114" hai1="17,94,89,43,7,102,95,25,126,135,3,113,11" hai2="99,110,105,124,44,85,49,23,106,130,32,92,58" hai3="98,9,16,88,15,70,90,101,10,40,120,74,77"/><V96/><F32/><W121/><G70/><T21/><D21/><U51/><E113/><V111/><F58/><W53/><G40/><T13/><D13/><U14/><E135/><V41/><F130/><W107/><G10/><T104/><D56/><U38/><E38/><V8/><F85/><W52/><G77/><T46/><D46/><N who="1" m="26079" /><E3/><V26/><F8/><W60/><G74/><T54/><D54/><U87/><E126/><V79/><F79/><W4/><G4/><T83/><D118/><U132/><E132/><V20/><F124/><W127/><G127/><T59/><D59/><U27/><E17/><V0/><F0/><W19/><G19/><T122/><D104/><U48/><E48/><V35/><F35/><W6/><G6/><T61/><D122/><U5/><E5/><V24/><F23/><W103/><G60/><T37/><D128/><U78/><E78/><V125/><F125/><W112/><G112/><T50/><D37/><U86/><E86/><V57/><F57/><W100/><G107/><N who="2" m="40969" /><F20/><W75/><G75/><T36/><D72/><U47/><E47/><V84/><F84/><W33/><G33/><T129/><D45/><U117/><E117/><V80/><F80/><W73/><G73/><T91/><D34/><U134/><E134/><V55/><F41/><W82/><G121/><T62/><D115/><U131/><E131/><V97/><F92/><N who="3" m="56583" /><G120/><T66/><D129/><U64/><E64/><V29/><F29/><W109/><G82/><T116/><D114/><U30/><E30/><V76/><F76/><W22/><G22/><T63/><D31/><RYUUKYOKU ba="3,1" sc="171,-15,329,15,270,15,220,-15" hai1="7,11,14,25,27,87,89,94,95,102" hai2="24,26,44,49,55,96,97,99,110,111" />
</Scene>
<Scene>
<INIT seed="2,4,1,0,2,26" ten="156,344,285,205" oya="2" hai0="32,95,71,2,108,129,120,25,114,54,76,55,13" hai1="112,128,33,23,45,79,16,37,10,62,118,35,94" hai2="7,111,101,34,28,46,73,105,134,64,91,15,17" hai3="83,88,56,6,21,96,107,77,130,61,78,31,104"/><V53/><F73/><W87/><G130/><T125/><D120/><U81/><E118/><V8/><F64/><W22/><G6/><T86/><D2/><U98/><E112/><V115/><F115/><W93/><G78/><T50/><D114/><U124/><E128/><V27/><F134/><W51/><G51/><T40/><D71/><U18/><E124/><V117/><F117/><W69/><G69/><T80/><D125/><U67/><E10/><V44/><F111/><W123/><G123/><T19/><D108/><U119/><E119/><V109/><F109/><W74/><G31/><T131/><D95/><U24/><E18/><V5/><F91/><W92/><G92/><T110/><D40/><U63/><E45/><V9/><F53/><W113/><G113/><T60/><D55/><U103/><E37/><V49/><F49/><W89/><G89/><T68/><D60/><U133/><E133/><V38/><F38/><W116/><G116/><T97/><D68/><U43/><E43/><V66/><F66/><N who="3" m="39207" /><G107/><T20/><D110/><U58/><REACH who="1" step="1"/><E63/><REACH who="1" ten="156,334,285,205" step="2"/><V135/><F135/><W29/><G29/><T52/><D131/><U122/><E122/><V3/><REACH who="2" step="1"/><F17/><REACH who="2" ten="156,334,275,205" step="2"/><W0/><G74/><AGARI ba="4,3" hai="16,23,24,33,35,58,62,67,74,79,81,94,98,103" machi="74" ten="30,3900,0" yaku="1,1,7,1,54,1,53,0" doraHai="26" doraHaiUra="84" who="1" fromWho="3" sc="156,0,334,81,275,0,205,-51" />
</Scene>
<Scene>
<INIT seed="3,0,0,1,5,74" ten="156,415,275,154" oya="3" hai0="78,124,87,125,61,39,110,82,14,56,41,26,86" hai1="57,3,99,20,90,101,55,18,119,67,69,94,73" hai2="135,36,115,64,113,33,123,116,108,30,95,44,107" hai3="45,80,34,131,117,126,38,54,31,2,7,120,130"/><W59/><G120/><T128/><D110/><U22/><E3/><V83/><F64/><W13/><G117/><T100/><D128/><N who="3" m="49193" /><G2/><T102/><D26/><U132/><E73/><V5/><F108/><W60/><G126/><N who="0" m="48747" /><D14/><U23/><E119/><V104/><F123/><W91/><G31/><T29/><D29/><U46/><E132/><V127/><F135/><W40/><G34/><T19/><D19/><U53/><E69/><V63/><F30/><W10/><G91/><T79/><D41/><U81/><E46/><V77/><F33/><W134/><G134/><T70/><D39/><U111/><E111/><V28/><F28/><W9/><G80/><N who="0" m="47383" /><D70/><U71/><E71/><V76/><F116/><W93/><G93/><T89/><D89/><U68/><E68/><V122/><F95/><W43/><G43/><T37/><D37/><U133/><E133/><V65/><F122/><W25/><G25/><T96/><D96/><U84/><E18/><V15/><F127/><W97/><G97/><T92/><D92/><U42/><E42/><V98/><F98/><W72/><G10/><T1/><D1/><U50/><E99/><V58/><F83/><W6/><G72/><T47/><D47/><U106/><E81/><V129/><F129/><W8/><G8/><T109/><D109/><U48/><E94/><V75/><F75/><W121/><G121/><T105/><D105/><U35/><E106/><V51/><F107/><W12/><G12/><T0/><D0/><U11/><E11/><V118/><F104/><W27/><G7/><T16/><D16/><U88/><E90/><RYUUKYOKU ba="0,0" sc="156,15,415,-15,275,-15,154,15" hai0="56,61,79,82,87,100,102" hai3="6,9,13,27,38,40,45,54,59,60" />
</Scene>
<Scene>
<INIT seed="3,1,0,2,1,108" ten="171,400,260,169" oya="3" hai0="56,81,80,84,71,13,12,61,96,95,101,65,44" hai1="73,66,72,21,45,135,123,50,121,33,112,133,128" hai2="126,119,7,59,134,86,46,88,36,32,24,92,34" hai3="105,122,1,10,129,82,0,125,53,110,57,118,37"/><W102/><G118/><T98/><D71/><U117/><E33/><V14/><F119/><W27/><G122/><N who="1" m="46602" /><E117/><V63/><F134/><N who="1" m="51209" /><E128/><V94/><F126/><W28/><G37/><T17/><D44/><U31/><E112/><V68/><F68/><W78/><G129/><T48/><D48/><U22/><E66/><V127/><F127/><W11/><G125/><T41/><D41/><N who="1" m="24879" /><E31/><V62/><F36/><W64/><G64/><T52/><D65/><U75/><AGARI ba="1,0" hai="21,22,72,73,75" m="24879,51209,46602" machi="75" ten="40,1500,0" yaku="20,1" doraHai="108" who="1" fromWho="1" sc="171,-5,400,18,260,-5,169,-8" />
</Scene>
<Scene>
<INIT seed="4,0,0,2,4,46" ten="166,418,255,161" oya="0" hai0="38,12,35,96,110,126,114,34,82,51,54,44,28" hai1="106,52,13,120,53,92,22,101,129,15,75,36,119" hai2="4,123,91,6,125,9,3,128,98,85,105,111,49" hai3="78,77,66,50,32,17,42,7,86,11,67,48,73"/><T64/><D126/><U57/><E120/><V1/><F123/><W16/><G32/><T134/><D114/><U24/><E119/><V132/><F125/><W19/><G73/><T63/><D38/><U97/><E75/><V21/><F111/><W26/><G26/><T116/><D116/><U33/><E36/><V41/><F132/><W59/><G42/><T100/><D110/><U10/><E33/><V84/><F128/><W31/><G31/><T30/><D134/><U68/><E68/><V112/><F112/><W99/><G99/><T40/><D40/><U45/><E129/><V133/><F133/><W131/><G131/><T58/><D34/><U74/><E74/><V104/><F21/><W130/><G130/><T113/><D35/><U76/><E76/><N who="3" m="29290" /><G86/><T109/><D109/><U61/><E106/><V124/><F124/><W94/><G94/><N who="0" m="58391" /><D113/><U107/><E107/><V127/><F127/><W135/><G135/><T0/><D0/><U71/><E71/><V29/><F29/><N who="0" m="11370" /><D12/><U118/><E118/><V62/><F105/><W60/><G67/><T79/><D79/><U102/><E102/><V70/><F1/><W56/><G59/><N who="0" m="36991" /><D82/><U95/><E95/><V89/><F3/><W39/><G39/><T25/><D25/><U117/><E117/><V14/><F104/><W121/><G121/><T65/><D65/><U115/><E115/><V2/><F2/><W23/><G23/><T81/><D81/><U5/><E24/><V37/><F70/><W87/><G87/><T47/><AGARI ba="0,0" hai="44,47,51,54,58" m="36991,11370,58391" machi="47" ten="30,3000,0" yaku="8,1,52,1" doraHai="46" who="0" fromWho="0" sc="166,30,418,-10,255,-10,161,-10" />
</Scene>
<Scene>
<INIT seed="4,1,0,0,4,108" ten="196,408,245,151" oya="0" hai0="130,109,132,102,83,113,98,7,41,14,72,116,111" hai1="54,134,12,34,105,80,42,94,47,120,119,30,100" hai2="92,48,26,55,27,135,91,18,79,25,23,97,1" hai3="133,128,10,70,0,37,78,68,106,71,95,129,35"/><T38/><D116/><U40/><E119/><V9/><F135/><W96/><G106/><T82/><D132/><U73/><E105/><V74/><F74/><W13/><G133/><T46/><D130/><U19/><E120/><V110/><F110/><N who="0" m="41994" /><D72/><U58/><E34/><V114/><F79/><W62/><G35/><T63/><D63/><U59/><E30/><V8/><F114/><W107/><G107/><N who="0" m="63959" /><D113/><U69/><E69/><V44/><F1/><W66/><G0/><T104/><D104/><U93/><E73/><V60/><REACH who="2" step="1"/><F60/><REACH who="2" ten="196,408,235,151" step="2"/><W122/><G78/><T20/><D20/><U86/><E134/><V77/><F77/><W17/><G122/><T125/><D125/><U85/><E100/><V127/><F127/><W131/><REACH who="3" step="1"/><G37/><REACH who="3" ten="196,408,235,141" step="2"/><T115/><D38/><U118/><E118/><V50/><F50/><W99/><G99/><T126/><D126/><U16/><E85/><V36/><F36/><W88/><AGARI ba="1,2" hai="10,13,17,62,66,68,70,71,88,95,96,128,129,131" machi="88" ten="30,7900,0" yaku="1,1,0,1,19,1,54,1,53,0" doraHai="108" doraHaiUra="123" who="3" fromWho="3" sc="196,-40,408,-21,235,-21,141,102" />
</Scene>
<Scene>
<INIT seed="5,0,0,5,3,11" ten="156,387,214,243" oya="1" hai0="39,86,35,93,119,132,15,68,118,2,28,22,113" hai1="52,72,13,98,103,79,40,110,94,96,127,6,114" hai2="37,23,7,62,51,49,45,8,56,76,73,3,63" hai3="108,111,34,30,122,92,104,33,82,71,106,99,78"/><U109/><E40/><N who="2" m="22671" /><F23/><W24/><G122/><T74/><D39/><U83/><E114/><V130/><F130/><W60/><G34/><T57/><D68/><U47/><E127/><V53/><F51/><W135/><G135/><T89/><D132/><U107/><E47/><V64/><F64/><N who="3" m="41351" /><G92/><T46/><D113/><U120/><E120/><V129/><F129/><W25/><G25/><T0/><D74/><U9/><REACH who="1" step="1"/><E52/><REACH who="1" ten="156,377,214,243" step="2"/><V69/><F53/><W80/><G111/><T95/><D46/><U54/><E54/><V100/><F49/><W29/><G108/><T67/><D119/><U128/><E128/><V59/><F62/><W18/><G106/><T38/><D118/><U84/><E84/><V41/><F63/><W26/><G104/><T91/><D86/><U42/><E42/><V32/><F41/><W66/><G66/><T50/><D67/><U10/><E10/><V121/><F8/><W81/><G99/><T1/><D38/><U117/><E117/><V16/><F121/><W85/><G85/><T97/><D50/><U65/><E65/><V14/><F59/><W134/><G134/><T61/><D57/><U116/><E116/><V5/><F56/><W90/><G78/><T87/><D61/><U133/><E133/><V48/><F76/><W124/><G124/><T70/><D70/><U75/><E75/><V112/><F73/><W105/><G105/><T77/><D77/><U44/><E44/><V12/><F112/><W123/><G123/><T4/><D87/><U31/><E31/><V19/><F69/><W55/><G55/><T43/><D28/><RYUUKYOKU ba="0,1" sc="156,-10,377,30,214,-10,243,-10" hai1="6,9,13,72,79,83,94,96,98,103,107,109,110" />
</Scene>
<Scene>
<INIT seed="5,1,1,1,0,29" ten="146,407,204,233" oya="1" hai0="72,33,113,73,59,95,39,34,63,119,54,117,46" hai1="51,88,110,42,128,84,134,89,87,70,71,21,32" hai2="91,2,122,109,52,30,103,12,82,4,111,22,114" hai3="60,130,67,98,120,13,41,20,61,23,40,10,31"/><U25/><E32/><V108/><F122/><W57/><G120/><T69/><D69/><U24/><E134/><V53/><F2/><W85/><G130/><T92/><D46/><U37/><E37/><V1/><F1/><W79/><G61/><T62/><D39/><U55/><E42/><N who="3" m="16490" /><G31/><T116/><D113/><U86/><E128/><V101/><F114/><W80/><G98/><T56/><D119/><U127/><E127/><V49/><F30/><W125/><G125/><T3/><D3/><U129/><E129/><V133/><F133/><W45/><G45/><T106/><D54/><U58/><E110/><V9/><F22/><W104/><G104/><AGARI ba="1,1" hai="33,34,56,59,62,63,72,73,92,95,104,106,116,117" machi="104" ten="25,6400,0" yaku="22,2,52,2" doraHai="29" who="0" fromWho="3" sc="146,77,407,0,204,0,233,-67" />
</Scene>
<Scene>
<INIT seed="6,0,0,0,2,61" ten="223,407,204,166" oya="2" hai0="108,14,73,59,45,42,70,98,77,30,95,25,74" hai1="44,103,3,75,4,62,102,37,7,36,23,50,114" hai2="133,67,15,122,21,17,90,101,119,47,56,135,134" hai3="46,11,124,94,71,1,96,118,92,104,29,76,109"/><V69/><F69/><W72/><G118/><T0/><D70/><U65/><E75/><V9/><F119/><W48/><G109/><T66/><D0/><U100/><E114/><V18/><F122/><W12/><G1/><T28/><D14/><U40/><E23/><V127/><F127/><W33/><G124/><T39/><D30/><U87/><E87/><V54/><F101/><W34/><G104/><T110/><D77/><U82/><E82/><V116/><F116/><W63/><G92/><T31/><D31/><U19/><E19/><V129/><F129/><W26/><G34/><T20/><D74/><U121/><E121/><V130/><F130/><W86/><G86/><T123/><D73/><U27/><E27/><V126/><F126/><W106/><G106/><T10/><D10/><U107/><E107/><V117/><F117/><W84/><G84/><T128/><D128/><U120/><E120/><V38/><F90/><W80/><G63/><N who="0" m="38271" /><D123/><U6/><REACH who="1" step="1"/><E3/><REACH who="1" ten="223,397,204,166" step="2"/><V51/><F21/><W53/><G71/><AGARI ba="0,1" hai="4,6,7,36,37,40,44,50,62,65,71,100,102,103" machi="71" ten="40,5200,0" yaku="1,1,2,1,52,1,53,0" doraHai="61" doraHaiUra="24" who="1" fromWho="3" sc="223,0,397,62,204,0,166,-52" />
</Scene>
<Scene>
<INIT seed="7,0,0,2,0,100" ten="223,459,204,114" oya="3" hai0="18,97,113,11,49,83,117,71,35,110,104,133,4" hai1="106,95,78,60,16,56,120,6,112,37,96,57,134" hai2="126,47,128,105,72,70,86,77,33,13,66,116,54" hai3="40,27,129,90,125,59,102,81,92,89,82,39,45"/><W32/><G129/><T1/><D35/><U124/><E120/><V65/><F116/><W24/><G125/><T9/><D71/><U22/><E37/><V118/><F118/><W8/><G102/><T75/><D49/><U67/><E106/><V132/><F33/><W2/><G59/><T115/><D97/><U38/><E38/><V53/><F72/><W85/><G32/><T20/><D83/><U73/><E6/><V68/><F105/><W58/><G2/><T7/><D11/><U5/><E5/><V64/><F13/><W91/><G8/><T62/><D18/><U55/><E124/><V51/><F86/><W19/><G19/><T46/><D62/><U87/><E73/><V111/><F77/><W34/><G34/><T25/><D46/><U109/><E109/><V42/><F111/><W76/><G58/><T107/><D25/><N who="1" m="14535" /><E112/><V79/><F79/><W41/><G41/><T131/><D115/><U135/><E87/><V80/><F80/><W50/><G39/><T29/><D113/><U3/><E78/><V103/><F103/><W99/><REACH who="3" step="1"/><G90/><REACH who="3" ten="223,459,204,104" step="2"/><T15/><D1/><U130/><E3/><V12/><F128/><W69/><G69/><N who="2" m="26729" /><F126/><W123/><G123/><T94/><D131/><U108/><E130/><V36/><F12/><W98/><G98/><T52/><D15/><U30/><E96/><V48/><F132/><W28/><G28/><T0/><D133/><U121/><E30/><V101/><F101/><W14/><G14/><T10/><D29/><U61/><E121/><V21/><F21/><W23/><G23/><T114/><D20/><RYUUKYOKU ba="0,1" sc="223,-15,459,-15,204,15,104,15" hai2="36,42,47,48,51,53,54,64,65,66" hai3="24,27,40,45,50,76,81,82,85,89,91,92,99" />
</Scene>
<Scene>
<INIT seed="7,1,1,3,3,1" ten="208,444,219,119" oya="3" hai0="87,15,22,66,54,6,11,120,92,112,84,30,39" hai1="78,42,119,41,43,13,122,83,58,132,73,110,109" hai2="103,56,20,114,70,81,97,71,29,102,48,34,32" hai3="23,91,4,31,28,101,130,68,25,123,9,99,74"/><W65/><G123/><T61/><D39/><U111/><E122/><V67/><F114/><W94/><G74/><T85/><D120/><U7/><E132/><V88/><F102/><W89/><G130/><T52/><D112/><U98/><E119/><V57/><F70/><W51/><G51/><T3/><D92/><U131/><E131/><V125/><F71/><W75/><G75/><T36/><D36/><U10/><E58/><V116/><F116/><W46/><G46/><T17/><REACH who="0" step="1"/><D30/><REACH who="0" ten="198,444,219,119" step="2"/><U105/><E105/><V117/><F117/><W113/><G113/><T79/><D79/><U129/><E129/><V126/><F67/><W96/><G31/><T100/><D100/><U86/><E98/><V90/><F103/><W135/><G135/><T128/><D128/><U35/><E73/><V27/><F97/><W115/><G115/><T53/><D53/><U133/><E133/><V14/><F90/><W60/><REACH who="3" step="1"/><G99/><REACH who="3" ten="198,444,219,109" step="2"/><T82/><D82/><U40/><E83/><V62/><F48/><W134/><G134/><T38/><D38/><U104/><E110/><V69/><F81/><W33/><G33/><T93/><D93/><U72/><E35/><V50/><F32/><W24/><G24/><T107/><D107/><U2/><E104/><V49/><F34/><W63/><G63/><T37/><D37/><U127/><E72/><V5/><F50/><W0/><AGARI ba="1,3" hai="0,4,9,23,25,28,60,65,68,89,91,94,96,101" machi="0" ten="20,7800,0" yaku="1,1,0,1,7,1,52,1,53,0" doraHai="1" doraHaiUra="121" who="3" fromWho="3" sc="198,-27,444,-27,219,-27,109,111" />
</Scene>
<Scene>
<INIT seed="7,2,0,0,3,11" ten="171,417,192,220" oya="3" hai0="27,34,17,131,5,85,1,77,25,7,72,106,105" hai1="87,81,33,30,46,93,29,10,76,49,133,14,111" hai2="45,36,31,68,73,89,91,107,8,71,130,99,9" hai3="66,39,20,115,94,92,65,121,108,43,122,63,21"/><W59/><G115/><T80/><D131/><U116/><E111/><V64/><F73/><W44/><G108/><T135/><D135/><U109/><E109/><V38/><F130/><W132/><G132/><T103/><D106/><U114/><E133/><V47/><F107/><W0/><G0/><T98/><D1/><U41/><E114/><V12/><F12/><W75/><G75/><T28/><D25/><U3/><E3/><V53/><F53/><W90/><G94/><T19/><D19/><N who="1" m="8663" /><E33/><V118/><F99/><W61/><G121/><T127/><D127/><U113/><E113/><V37/><F37/><W95/><G95/><T51/><D17/><U84/><E116/><V88/><F89/><AGARI ba="2,0" hai="29,30,41,46,49,76,81,84,87,89,93" m="8663" machi="89" ten="30,2000,0" yaku="8,1,52,1" doraHai="11" who="1" fromWho="2" sc="171,0,417,26,192,-26,220,0" owari="171,-23.0,443,54.0,166,-33.0,220,2.0" />
</Scene>
</mjloggm>