<mjloggm ver="2.3"><GO type="169" lobby="0"/><UN n0="%E3%83%9F%E3%82%B9%E5%8C%97%E5%8D%83%E4%BD%8F" n1="%E8%B7%AF%E5%9C%B0%E8%A3%8F%E3%81%AE%E3%81%B2%E3%81%BE%E3%82%8F%E3%82%8A" n2="%E5%A4%AA%E3%81%8F%E3%81%AA%E3%81%84%E3%81%8A" n3="%E6%A3%92%E8%A7%92" dan="16,16,18,18" rate="2099.87,2143.42,2247.36,2151.35" sx="F,M,F,M"/><TAIKYOKU oya="0"/>

<Scene>
<INIT seed="0,0,0,4,2,129" ten="250,250,250,250" oya="0" hai0="79,15,41,89,11,44,64,111,99,88,56,70,49" hai1="22,26,4,73,6,7,29,84,90,27,76,124,77" hai2="20,78,48,134,113,101,1,38,57,12,25,131,54" hai3="98,32,94,3,21,50,81,5,132,36,121,118,40"/><T24/><D70/><U53/><E124/><V60/><F113/><W62/><G32/><T128/><D128/><U102/><E102/><V133/><F131/><W13/><G118/><T114/><D114/><U16/><E73/><V43/><F1/><W8/><G36/><T35/><D79/><U91/><E53/><V103/><F38/><W123/><G62/><T42/><D42/><U93/><REACH who="1" step="1"/><E91/><REACH who="1" ten="250,240,250,250" step="2"/><V31/><F78/><W10/><G123/><T117/><D117/><U135/><E135/><N who="2" m="51723" /><F12/><W83/><G13/><T110/><D88/><U45/><E45/><AGARI ba="0,1" hai="20,25,31,43,45,48,54,57,60,101,103" m="51723" machi="45" ten="30,7700,0" yaku="20,1,52,3" doraHai="129" who="2" fromWho="1" sc="250,0,240,-77,250,87,250,0" />
</Scene>
<Scene>
<INIT seed="1,0,0,0,1,116" ten="250,163,337,250" oya="1" hai0="115,80,15,79,88,111,16,122,90,53,11,100,3" hai1="64,109,83,40,135,41,123,33,65,124,93,76,1" hai2="94,118,4,68,46,6,113,128,71,22,84,34,132" hai3="36,75,72,105,50,120,69,119,126,112,108,89,20"/><U121/><E33/><V55/><F34/><W10/><RYUUKYOKU type="yao9" ba="0,0" sc="250,0,163,0,337,0,250,0" hai3="10,20,36,50,69,72,75,89,105,108,112,119,120,126" />
</Scene>
<Scene>
<INIT seed="1,1,0,5,0,117" ten="250,163,337,250" oya="1" hai0="5,131,33,59,119,52,73,18,68,17,64,106,25" hai1="93,97,65,66,120,75,38,111,133,85,104,129,88" hai2="23,116,47,98,69,84,57,10,79,113,99,1,46" hai3="125,19,128,71,60,6,105,48,26,114,63,49,39"/><U94/><E120/><V41/><F69/><W126/><G105/><T16/><D119/><U118/><E118/><V11/><F116/><W24/><G6/><T62/><D131/><U53/><E38/><V28/><F1/><W44/><G19/><T7/><D73/><U32/><E129/><V4/><F57/><W132/><G128/><T30/><REACH who="0" step="1"/><D106/><REACH who="0" ten="240,163,337,250" step="2"/><U35/><E104/><V29/><F113/><W61/><G114/><T42/><D42/><U36/><E133/><V34/><F41/><N who="3" m="22591" /><G24/><T51/><AGARI ba="1,1" hai="5,7,16,17,18,25,30,33,51,52,59,62,64,68" machi="51" ten="30,8000,1" yaku="1,1,0,1,54,2,53,1" doraHai="117" doraHaiUra="45" who="0" fromWho="0" sc="240,93,163,-41,337,-21,250,-21" />
</Scene>
<Scene>
<INIT seed="2,0,0,1,4,53" ten="333,122,316,229" oya="2" hai0="97,89,11,79,23,34,58,133,26,116,117,121,36" hai1="66,103,100,3,57,94,84,48,96,32,29,132,31" hai2="95,122,87,47,101,81,65,15,105,19,68,1,131" hai3="110,20,104,52,120,76,90,70,37,86,129,2,126"/><V85/><F122/><W112/><RYUUKYOKU type="yao9" ba="0,0" sc="333,0,122,0,316,0,229,0" hai3="2,20,37,52,70,76,86,90,104,110,112,120,126,129" />
</Scene>
<Scene>
<INIT seed="2,1,0,4,5,11" ten="333,122,316,229" oya="2" hai0="15,79,111,6,71,135,69,9,82,57,130,129,54" hai1="106,98,37,25,28,19,90,67,99,94,32,64,102" hai2="132,97,112,110,13,48,104,49,123,95,35,39,117" hai3="109,36,46,58,70,44,118,40,5,68,10,88,20"/><V86/><F123/><W77/><G118/><T128/><D111/><U53/><E37/><V47/><F117/><W92/><G109/><T74/><REACH who="0" step="1"/><D135/><REACH who="0" ten="323,122,316,229" step="2"/><U27/><REACH who="1" step="1"/><E53/><REACH who="1" ten="323,112,316,229" step="2"/><N who="2" m="29855" /><F110/><W8/><G40/><T87/><D87/><U30/><E30/><V33/><F86/><W103/><G36/><T133/><D133/><U91/><E91/><V66/><F132/><W81/><G88/><T12/><D12/><U124/><E124/><V84/><F13/><W29/><G77/><T61/><AGARI ba="1,2" hai="6,9,15,54,57,61,69,71,74,79,82,128,129,130" machi="61" ten="30,8000,1" yaku="1,1,0,1,19,1,52,1,53,1" doraHai="11" doraHaiUra="75" who="0" fromWho="0" sc="323,103,112,-21,316,-41,229,-21" />
</Scene>
<Scene>
<INIT seed="3,0,0,4,3,26" ten="426,91,275,208" oya="3" hai0="98,41,75,18,60,12,24,65,116,87,103,112,9" hai1="40,85,4,3,0,31,21,44,6,55,102,8,48" hai2="45,99,42,123,129,15,79,13,72,97,27,52,59" hai3="90,78,56,107,113,108,70,33,49,91,61,37,34"/><W80/><G37/><T94/><D75/><U130/><E130/><V58/><F129/><W84/><G113/><T28/><D116/><U14/><E102/><V46/><F123/><W51/><G107/><T57/><D112/><U73/><E73/><V67/><F72/><W47/><G70/><T110/><D110/><U131/><E131/><V35/><F79/><W23/><G108/><T117/><D41/><U81/><E4/><V125/><F67/><W11/><G34/><T106/><D117/><U50/><E50/><V105/><F105/><W132/><G33/><T88/><D106/><U135/><E55/><V92/><F42/><W68/><G68/><T62/><D62/><U30/><E135/><V16/><F59/><W109/><G109/><T10/><D10/><U86/><E86/><V83/><F83/><W36/><G36/><T127/><D127/><U29/><REACH who="1" step="1"/><E21/><REACH who="1" ten="426,81,275,208" step="2"/><N who="2" m="13735" /><F35/><W95/><G51/><T25/><D87/><U124/><E124/><V22/><F22/><W19/><G132/><T126/><D126/><U39/><E39/><V32/><F32/><W82/><G23/><N who="0" m="15391" /><D25/><U100/><E100/><AGARI ba="0,1" hai="9,12,18,57,60,65,88,94,98,100,103" m="15391" machi="100" ten="30,3900,0" yaku="8,1,52,1,54,1" doraHai="26" who="0" fromWho="1" sc="426,49,81,-39,275,0,208,0" />
</Scene>
<Scene>
<INIT seed="4,0,0,0,0,43" ten="475,42,275,208" oya="0" hai0="49,81,12,42,13,96,85,134,38,3,62,84,25" hai1="18,70,31,14,95,6,120,20,123,10,16,40,41" hai2="92,67,2,114,119,19,76,68,112,23,29,124,115" hai3="57,0,107,116,122,52,24,126,63,64,32,36,117"/><T17/><D3/><U99/><E70/><V73/><F2/><W46/><G107/><T28/><D38/><U83/><E123/><V80/><F124/><W11/><G126/><T88/><D134/><U105/><E105/><V97/><F29/><W50/><G122/><T65/><D96/><U33/><E120/><V131/><F131/><W108/><G108/><T78/><D17/><U90/><E83/><V79/><F79/><W27/><G32/><T135/><D42/><U54/><E18/><V56/><F68/><W91/><G91/><T72/><D49/><U101/><E101/><N who="2" m="60583" /><F119/><W128/><G128/><T48/><D48/><U86/><E86/><V132/><F132/><W8/><G36/><T37/><D37/><U58/><E31/><V7/><F7/><W109/><G109/><T5/><D5/><U125/><E33/><V71/><F71/><W100/><G100/><T1/><D1/><U75/><E75/><V34/><F34/><W44/><G0/><T98/><D98/><U93/><E93/><V45/><F19/><W21/><G117/><T82/><D72/><U53/><E125/><V60/><F23/><W4/><G4/><T106/><D106/><U129/><E129/><V127/><F127/><W9/><G116/><T77/><D77/><U26/><REACH who="1" step="1"/><E54/><REACH who="1" ten="475,32,275,208" step="2"/><V35/><F35/><W110/><G110/><T118/><D118/><U103/><E103/><V39/><F73/><W74/><G74/><T47/><D85/><U87/><E87/><V89/><F80/><W121/><G121/><T111/><D82/><U104/><E104/><V66/><F114/><RYUUKYOKU ba="0,1" sc="475,-10,32,30,275,-10,208,-10" hai1="6,10,14,16,20,26,40,41,53,58,90,95,99" />
</Scene>
<Scene>
<INIT seed="5,1,1,4,0,40" ten="465,62,265,198" oya="1" hai0="87,131,72,134,13,106,4,11,5,39,97,114,75" hai1="124,79,33,128,89,101,84,94,38,93,28,63,127" hai2="30,35,88,57,10,8,20,96,107,65,129,48,113" hai3="104,41,130,95,67,29,85,56,44,108,51,64,119"/><U120/><E38/><V76/><F35/><W24/><G104/><T19/><D39/><U42/><E42/><V83/><F129/><W74/><G74/><T16/><D131/><U6/><E128/><V27/><F113/><W17/><G130/><T7/><D134/><U3/><E120/><V135/><F135/><W9/><G108/><T43/><D43/><U100/><E79/><V59/><F107/><W58/><G119/><T86/><D19/><U21/><E33/><V22/><F22/><W82/><G95/><T52/><D86/><U53/><E6/><V117/><F117/><W14/><G67/><T112/><D87/><U115/><E3/><V80/><F59/><W105/><G105/><T55/><D75/><U46/><E115/><N who="0" m="44073" /><D72/><U103/><E94/><N who="2" m="56391" /><F76/><W61/><G58/><T102/><AGARI ba="1,1" hai="4,5,7,11,13,16,52,55,97,102,106" m="44073" machi="102" ten="40,5200,0" yaku="15,1,54,2" doraHai="40" who="0" fromWho="0" sc="465,65,62,-27,265,-14,198,-14" />
</Scene>
<Scene>
<INIT seed="6,0,0,4,4,37" ten="530,35,251,184" oya="2" hai0="97,50,14,52,35,39,78,107,16,11,89,129,103" hai1="132,6,104,25,33,135,8,53,100,76,75,69,47" hai2="51,102,72,73,126,61,48,21,3,17,0,43,114" hai3="67,94,74,10,22,128,86,34,105,120,1,54,42"/><V131/><F102/><W29/><G105/><T116/><D39/><U20/><E53/><V38/><F38/><W32/><G74/><T9/><D35/><U88/><E20/><V91/><F61/><W124/><G120/><T122/><D122/><U125/><E125/><V87/><F126/><W26/><G67/><T113/><D113/><U13/><E69/><V110/><F3/><W4/><G54/><T112/><D78/><U117/><E117/><V127/><F0/><W118/><G118/><T7/><D89/><U15/><E15/><V30/><F30/><W45/><G128/><T77/><D77/><U41/><E100/><V36/><F36/><W85/><G124/><T99/><D103/><U121/><E104/><V119/><F119/><W24/><G94/><T98/><D107/><U101/><E101/><V60/><F60/><W93/><G93/><T64/><D64/><U5/><E121/><V79/><F73/><W82/><G82/><T19/><D112/><U55/><E55/><V134/><F72/><W58/><G58/><T83/><D83/><N who="1" m="45471" /><E88/><V80/><F91/><W49/><G34/><T106/><D106/><U70/><E5/><V62/><F127/><W56/><G56/><T68/><D68/><U18/><E70/><V130/><F130/><W71/><G71/><T27/><D129/><U57/><E57/><V66/><F131/><W115/><G115/><T59/><D116/><U28/><E6/><V123/><F114/><W95/><G95/><T109/><D7/><U96/><E96/><V111/><F123/><W31/><AGARI ba="0,0" hai="1,4,10,22,24,26,29,31,32,42,45,49,85,86" machi="31" ten="20,2700,0" yaku="0,1,7,1,52,1" doraHai="37" who="3" fromWho="3" sc="530,-7,35,-7,251,-13,184,27" />
</Scene>
<Scene>
<INIT seed="7,0,0,5,3,41" ten="523,28,238,211" oya="3" hai0="107,99,56,40,98,115,43,2,94,48,101,4,87" hai1="120,45,10,112,100,52,17,68,73,6,121,8,18" hai2="55,125,29,57,128,124,106,75,119,76,129,21,34" hai3="44,96,26,105,13,90,131,24,65,134,126,113,110"/><W85/><G113/><T82/><D115/><U19/><E112/><V111/><F111/><W59/><G110/><T109/><D109/><U9/><E73/><V14/><F106/><W133/><G126/><N who="2" m="48745" /><F119/><W83/><G131/><T58/><D4/><U15/><E68/><V53/><F34/><W95/><G105/><T54/><D2/><U50/><E100/><V16/><F29/><W11/><G65/><T42/><D99/><U81/><E81/><N who="2" m="45215" /><F53/><W132/><G59/><N who="0" m="33223" /><D107/><U114/><E114/><V71/><F71/><W33/><G33/><T38/><D38/><U47/><E52/><V25/><F25/><W135/><G44/><T80/><D80/><U116/><E116/><V77/><F77/><AGARI ba="0,0" hai="40,42,43,56,58,77,82,87,94,98,101" m="33223" machi="77" ten="30,1000,0" yaku="8,1" doraHai="41" who="0" fromWho="2" sc="523,10,28,0,238,-10,211,0" owari="533,63.0,28,-47.0,228,3.0,211,-19.0" />
</Scene>
</mjloggm>