<mjloggm ver="2.3"><GO type="169" lobby="0"/><UN n0="%E3%82%8A%E3%81%A8%E3%82%8B%E3%80%82%E3%80%82" n1="%4D%49%40%34%32%38" n2="%E5%A4%AA%E3%81%8F%E3%81%AA%E3%81%84%E3%81%8A" n3="%E9%B7%B9%EF%BC%93" dan="16,17,17,16" rate="2100,2188,2175,2062" sx="M,M,M,M"/><TAIKYOKU oya="0"/>

<Scene>
<INIT seed="0,0,0,0,0,19" ten="250,250,250,250" oya="0" hai0="113,134,77,106,53,32,6,24,69,28,98,2,92" hai1="94,95,46,55,66,22,41,64,81,122,91,117,54" hai2="129,44,12,16,9,20,60,99,15,125,102,40,83" hai3="57,135,65,50,70,131,59,103,109,133,29,84,63"/><T132/><D106/><U116/><E122/><V75/><F129/><W39/><G39/><T34/><D113/><U82/><E41/><V104/><F125/><W74/><G131/><T112/><D112/><U79/><E46/><V119/><F119/><W25/><G109/><T108/><D69/><U126/><E91/><V43/><F60/><W23/><G74/><T96/><D77/><U35/><E35/><V85/><F75/><W11/><G103/><T71/><D71/><U27/><E27/><V52/><F52/><W49/><G11/><N who="0" m="2519" /><D53/><U124/><REACH who="1" step="1"/><E79/><REACH who="1" ten="250,240,250,250" step="2"/><V45/><F43/><W78/><G135/><N who="0" m="51755" /><D108/><U17/><E17/><V111/><F111/><W68/><G133/><T128/><D128/><U100/><E100/><V4/><F40/><W5/><G78/><AGARI ba="0,1" hai="4,9,12,15,16,20,44,45,78,83,85,99,102,104" machi="78" ten="30,3900,0" yaku="7,1,52,1,54,1" doraHai="19" who="2" fromWho="3" sc="250,0,240,0,250,49,250,-39" />
</Scene>
<Scene>
<INIT seed="1,0,0,2,5,98" ten="250,240,299,211" oya="1" hai0="69,123,132,50,43,90,112,103,21,56,88,107,84" hai1="133,53,72,116,17,46,16,23,27,55,94,127,86" hai2="4,18,106,134,85,52,100,114,15,99,109,42,34" hai3="8,51,118,54,44,6,30,71,3,110,73,65,68"/><U80/><E116/><V39/><F34/><W13/><G118/><T40/><D69/><U59/><E127/><V70/><F70/><W60/><G110/><T79/><D112/><U125/><E125/><V87/><F109/><W22/><G73/><T58/><D132/><U104/><E104/><V26/><F134/><W130/><G130/><T77/><D123/><U97/><E72/><V32/><F114/><W37/><G37/><T96/><D90/><N who="1" m="51527" /><E46/><V35/><F4/><W24/><REACH who="3" step="1"/><G71/><REACH who="3" ten="250,240,299,201" step="2"/><T25/><D79/><U1/><E133/><V38/><F38/><W31/><G31/><T63/><D77/><U74/><E74/><V64/><F39/><W10/><G10/><T9/><D9/><U41/><E1/><AGARI ba="0,1" hai="1,3,6,8,13,22,24,30,44,51,54,60,65,68" machi="1" ten="40,1300,0" yaku="1,1,53,0" doraHai="98" doraHaiUra="124" who="3" fromWho="1" sc="250,0,240,-13,299,0,201,23" />
</Scene>
<Scene>
<INIT seed="2,0,0,2,4,92" ten="250,227,299,224" oya="2" hai0="53,133,108,128,64,23,10,74,58,105,28,87,79" hai1="112,27,85,39,61,56,17,3,82,91,65,81,121" hai2="1,33,117,132,48,123,100,6,16,76,18,32,120" hai3="124,19,8,57,0,40,22,47,102,29,67,107,31"/><V78/><F117/><W54/><G124/><T127/><D74/><U103/><E112/><V98/><F132/><W101/><G67/><T115/><D105/><U95/><E39/><V130/><F130/><W15/><G31/><T49/><D115/><U122/><E3/><V43/><F1/><W34/><G34/><T125/><D128/><U94/><E94/><V11/><F43/><W42/><G0/><T129/><D129/><U84/><E103/><N who="3" m="39434" /><G107/><T89/><D79/><U96/><E85/><V68/><F68/><W109/><G47/><T70/><D133/><U5/><E5/><V110/><F48/><N who="3" m="30919" /><G109/><T12/><D108/><U60/><E60/><V51/><F51/><W111/><G111/><T116/><D116/><U134/><E134/><V9/><F110/><W119/><G119/><T126/><D64/><U45/><E45/><V37/><F100/><W80/><G80/><T71/><D28/><U113/><E113/><V2/><F2/><W99/><G99/><T52/><D53/><U114/><E114/><V4/><F37/><W106/><G106/><T77/><D77/><U59/><E59/><V13/><F13/><W97/><G97/><AGARI ba="0,0" hai="4,6,9,11,16,18,32,33,76,78,97,98,120,123" machi="97" ten="25,12000,1" yaku="22,2,52,2,54,1" doraHai="92" who="2" fromWho="3" sc="250,0,227,0,299,120,224,-120" />
</Scene>
<Scene>
<INIT seed="2,1,0,0,0,60" ten="250,227,419,104" oya="2" hai0="100,36,72,118,59,63,129,73,131,130,25,78,37" hai1="104,93,35,116,101,91,45,126,9,34,54,89,105" hai2="13,61,120,38,128,117,75,95,62,135,30,42,0" hai3="52,74,122,125,55,28,1,4,68,3,113,103,44"/><V7/><F120/><W83/><G122/><T26/><D100/><U16/><E116/><V84/><F117/><W81/><G113/><T53/><D118/><U31/><E101/><V132/><F75/><N who="0" m="28746" /><D78/><U5/><E5/><V48/><F0/><W23/><G125/><T94/><D94/><U32/><E31/><V123/><F123/><W77/><G68/><T107/><D107/><U69/><E69/><V70/><F38/><AGARI ba="1,0" hai="25,26,36,37,38,53,59,63,129,130,131" m="28746" machi="38" ten="40,1300,0" yaku="19,1" doraHai="60" who="0" fromWho="2" sc="250,16,227,0,419,-16,104,0" />
</Scene>
<Scene>
<INIT seed="3,0,0,2,1,117" ten="266,227,403,104" oya="3" hai0="12,131,120,14,114,75,69,111,93,121,79,15,72" hai1="29,132,118,58,59,96,62,88,106,64,80,123,51" hai2="35,33,89,47,99,134,61,126,71,119,2,38,112" hai3="92,102,128,85,83,11,7,28,56,74,44,125,55"/><W31/><G128/><T9/><D69/><U34/><E118/><V18/><F119/><W32/><G125/><T63/><D131/><U110/><E110/><V45/><F112/><W73/><G44/><T25/><D111/><U115/><E115/><V27/><F2/><W109/><G109/><T84/><D114/><U57/><E132/><V70/><F134/><W10/><G102/><T108/><D108/><U103/><E51/><V50/><F126/><W43/><G43/><T48/><D9/><U133/><E133/><V30/><F35/><W100/><G100/><T3/><D3/><U94/><E123/><V122/><F122/><W107/><G107/><T5/><D5/><U40/><E40/><V19/><F38/><W65/><G92/><T78/><D25/><U113/><E113/><V54/><F45/><W90/><G65/><T23/><D23/><U20/><E34/><V104/><F71/><W52/><G32/><T87/><D15/><U26/><E106/><V22/><F22/><W81/><G81/><T98/><D48/><U67/><E67/><N who="2" m="41327" /><F89/><W129/><G129/><T49/><D49/><U39/><E39/><V101/><AGARI ba="0,0" hai="18,19,27,30,33,47,50,54,99,101,104" m="41327" machi="101" ten="30,1100,0" yaku="25,1" doraHai="117" who="2" fromWho="2" sc="266,-3,227,-3,403,11,104,-5" />
</Scene>
<Scene>
<INIT seed="4,0,0,3,2,84" ten="263,224,414,99" oya="0" hai0="19,131,18,118,86,85,96,115,37,1,104,8,126" hai1="135,63,133,27,102,64,42,130,120,114,31,15,11" hai2="129,38,59,108,78,77,24,117,121,132,74,28,76" hai3="90,21,49,134,44,112,40,61,53,75,94,109,29"/><T36/><D118/><U14/><E120/><V10/><F121/><W33/><G109/><T7/><D115/><U88/><E102/><V125/><F108/><W56/><G134/><N who="1" m="51210" /><E42/><V122/><F132/><W2/><G112/><T48/><D131/><U123/><E130/><V13/><F129/><W50/><G75/><T79/><D126/><U92/><E123/><V81/><F122/><W23/><G2/><T5/><D79/><U22/><E11/><V9/><F38/><W124/><G124/><T69/><D69/><N who="1" m="42143" /><E114/><V107/><F107/><W80/><G80/><T116/><D116/><U73/><E73/><V54/><F117/><W65/><G33/><T60/><D1/><U0/><E0/><V30/><F10/><W62/><G29/><T35/><D35/><U95/><E95/><V47/><F125/><W26/><G26/><T105/><D8/><U72/><E72/><V91/><F28/><W83/><G83/><T58/><D96/><AGARI ba="0,0" hai="14,15,22,27,31,88,92,96" m="42143,51210" machi="96" ten="30,3900,0" yaku="20,1,52,1,54,1" doraHai="84" who="1" fromWho="0" sc="263,-39,224,39,414,0,99,0" />
</Scene>
<Scene>
<INIT seed="5,0,0,2,0,60" ten="224,263,414,99" oya="1" hai0="61,80,103,58,102,109,69,85,106,9,90,35,115" hai1="38,92,99,46,95,45,19,0,121,130,51,40,122" hai2="17,2,48,91,55,112,101,20,8,30,110,22,14" hai3="59,96,89,24,53,62,36,133,73,116,98,42,78"/><U72/><E72/><V43/><F110/><W7/><G133/><T118/><D35/><U113/><E0/><V88/><F43/><W126/><G126/><T76/><D69/><U131/><E113/><V66/><F112/><W32/><G116/><T93/><D109/><U124/><E124/><V65/><F101/><W50/><G7/><T11/><D118/><U70/><E70/><V31/><F2/><W3/><G3/><T134/><D134/><U135/><E19/><V71/><F71/><W39/><G73/><T37/><D37/><U49/><E135/><V56/><F22/><W1/><G1/><T54/><D115/><U26/><E26/><N who="2" m="16711" /><F31/><W33/><G78/><T12/><D106/><U79/><E79/><V104/><F104/><W16/><G33/><T119/><D119/><U10/><E10/><V57/><F57/><W132/><G32/><T68/><D68/><U111/><E111/><V83/><F83/><W74/><G132/><T129/><D129/><U29/><E29/><V4/><F4/><W44/><G74/><T125/><D9/><U52/><E38/><V15/><F15/><W75/><G75/><T67/><D54/><U5/><E5/><V47/><F47/><W84/><G39/><T64/><D125/><U34/><E34/><V123/><F123/><N who="1" m="47113" /><E92/><V86/><F86/><W105/><G36/><T25/><D25/><U23/><E23/><V128/><F128/><N who="1" m="49193" /><E95/><V21/><F8/><W114/><G114/><T94/><D94/><U18/><E18/><V120/><F120/><W13/><G105/><T87/><D93/><U107/><E107/><RYUUKYOKU ba="0,0" sc="224,-15,263,15,414,15,99,-15" hai1="40,45,46,49,51,52,99" hai2="14,17,21,48,55,56,65,66,88,91" />
</Scene>
<Scene>
<INIT seed="5,1,0,1,3,56" ten="209,278,429,84" oya="1" hai0="37,15,77,130,23,30,121,55,114,95,19,0,14" hai1="74,113,1,39,82,38,84,96,134,79,5,69,61" hai2="129,132,22,26,49,93,13,3,124,34,59,63,53" hai3="51,40,71,60,18,122,57,6,2,70,47,54,83"/><U11/><E113/><V117/><F117/><W108/><G108/><T62/><D0/><U81/><E134/><V76/><F3/><W128/><G122/><T116/><D37/><U105/><E82/><V45/><F132/><W35/><G128/><T32/><D116/><U24/><E24/><V65/><F129/><W29/><G35/><T109/><D109/><U85/><E84/><V123/><F123/><W44/><G29/><T46/><D130/><U86/><E85/><V4/><F124/><W111/><G111/><T92/><D114/><U58/><E86/><V43/><F76/><W72/><G18/><T104/><D104/><U115/><E58/><V21/><F93/><W101/><G101/><T88/><D77/><U120/><E120/><V25/><F34/><W102/><G102/><T68/><D95/><U133/><E133/><V52/><F4/><W118/><G118/><T78/><D78/><U8/><E8/><V75/><F13/><W103/><G103/><T50/><D121/><U31/><E31/><N who="2" m="17839" /><F75/><W66/><G83/><T42/><D14/><U112/><E112/><V119/><F119/><W107/><G72/><T10/><D32/><U12/><E12/><V36/><F36/><N who="3" m="21511" /><G107/><T16/><D30/><AGARI ba="1,0" hai="22,26,30,43,45,49,52,53,59,63,65" m="17839" machi="30" ten="30,3900,0" yaku="8,1,52,1,54,1" doraHai="56" who="2" fromWho="0" sc="209,-42,278,0,429,42,84,0" />
</Scene>
<Scene>
<INIT seed="6,0,0,2,5,24" ten="167,278,471,84" oya="2" hai0="91,33,22,0,9,83,63,107,30,47,18,116,126" hai1="48,54,59,93,71,135,31,125,17,92,78,94,61" hai2="95,98,2,104,102,32,23,19,57,20,90,108,86" hai3="129,50,4,84,28,49,21,65,81,27,10,52,124"/><V112/><F32/><W76/><G129/><T60/><D107/><U87/><E135/><V73/><F2/><W35/><G124/><T133/><D126/><U123/><E125/><V39/><F39/><W118/><G118/><T128/><D128/><U101/><E123/><V106/><F73/><W12/><G65/><T34/><D133/><U85/><E101/><V14/><F112/><W109/><G109/><T40/><D116/><U68/><E68/><V131/><F131/><W134/><G134/><T115/><D115/><U121/><E78/><V74/><F74/><W110/><G110/><T89/><D34/><U7/><E7/><V13/><F108/><W53/><G35/><T45/><D45/><U80/><E80/><V132/><F132/><W96/><G96/><T51/><D33/><U130/><E71/><V62/><F14/><W103/><G103/><T111/><D111/><U3/><E3/><V15/><F15/><W55/><AGARI ba="0,0" hai="4,10,12,21,27,28,49,50,52,53,55,76,81,84" machi="55" ten="30,7900,0" yaku="0,1,8,1,52,1,54,1" doraHai="24" who="3" fromWho="3" sc="167,-20,278,-20,471,-39,84,79" />
</Scene>
<Scene>
<INIT seed="7,0,0,1,4,134" ten="147,258,432,163" oya="3" hai0="123,11,49,45,130,64,89,43,72,71,21,20,81" hai1="80,121,91,29,125,8,110,37,102,25,42,5,118" hai2="65,0,82,24,93,112,111,2,18,96,41,7,60" hai3="74,15,95,59,108,46,51,19,13,61,78,97,35"/><W9/><G35/><T17/><D123/><U66/><E121/><V106/><F111/><W54/><G108/><T27/><D130/><U6/><E66/><V10/><F106/><W101/><G74/><T104/><D104/><U86/><E110/><V70/><F112/><W12/><REACH who="3" step="1"/><G78/><REACH who="3" ten="147,258,432,153" step="2"/><T58/><D72/><U68/><E118/><V55/><F0/><W92/><G92/><T119/><D119/><U56/><E80/><V63/><F82/><W47/><G47/><T53/><D81/><U44/><E44/><V124/><F93/><W50/><G50/><T116/><D116/><U107/><E107/><V38/><F2/><W120/><G120/><T126/><D126/><U52/><E125/><V1/><F124/><W127/><G127/><T122/><D122/><U39/><E37/><V16/><F38/><W135/><G135/><T31/><D89/><U105/><E39/><V100/><F1/><W36/><G36/><T76/><D76/><U99/><E91/><V3/><F3/><W28/><G28/><T131/><D131/><U57/><E29/><V132/><F132/><W84/><G84/><T133/><D133/><U69/><E86/><V14/><F100/><W34/><G34/><T114/><D114/><U79/><E79/><V23/><F96/><W32/><G32/><T115/><D115/><U30/><E99/><V67/><F60/><W62/><G62/><N who="0" m="40343" /><D43/><AGARI ba="0,1" hai="9,12,13,15,19,43,46,51,54,59,61,95,97,101" machi="43" ten="30,5800,0" yaku="1,1,7,1,8,1,53,0" doraHai="134" doraHaiUra="83" who="3" fromWho="0" sc="147,-58,258,0,432,0,153,68" />
</Scene>
<Scene>
<INIT seed="7,1,0,2,1,51" ten="89,258,432,221" oya="3" hai0="65,30,82,74,123,1,117,105,135,12,33,86,10" hai1="133,34,104,81,75,129,71,5,38,72,89,14,49" hai2="44,130,17,57,0,108,47,23,50,79,103,61,131" hai3="109,67,18,116,26,107,84,52,97,2,114,35,31"/><W19/><G116/><T115/><D105/><U112/><E38/><V64/><F108/><W78/><G2/><T110/><D110/><U99/><E71/><V20/><F0/><W42/><G109/><T40/><D123/><U100/><E34/><V106/><F79/><W54/><G67/><T118/><D74/><U43/><E112/><V125/><F125/><W36/><G114/><T27/><D115/><U11/><E133/><V124/><F124/><W126/><G126/><T80/><D80/><U68/><E68/><V7/><F7/><W62/><G62/><T59/><D40/><U13/><E13/><N who="2" m="9263" /><F23/><W77/><G36/><T55/><D65/><U3/><E89/><V83/><F83/><W87/><G42/><T39/><D39/><U93/><E99/><N who="2" m="61823" /><F50/><W29/><G107/><T101/><D101/><U66/><E66/><V15/><F15/><W21/><G97/><T120/><D1/><U94/><E104/><V46/><F46/><W60/><G60/><T90/><D120/><U56/><E49/><V53/><F64/><W92/><G92/><T111/><D111/><U132/><E93/><V24/><F24/><W113/><G113/><T127/><D127/><U73/><E94/><V121/><F121/><W58/><G58/><T122/><D122/><U76/><E56/><V9/><F44/><W6/><G6/><T70/><D70/><U102/><E43/><V41/><F41/><W98/><G98/><T45/><D135/><U32/><E132/><V28/><F47/><W48/><G35/><T95/><D45/><U69/><E32/><V91/><F57/><RYUUKYOKU ba="1,0" sc="89,0,258,0,432,0,221,0" owari="89,-41.0,258,6.0,432,53.0,221,-18.0" />
</Scene>
</mjloggm>