<mjloggm ver="2.3"><GO type="169" lobby="0"/><UN n0="%E3%83%8A%E3%82%AC%E3%83%A4%E3%83%9E" n1="%41%70%70%6C%65%2A" n2="%E5%AD%90%E4%BE%9B%E4%BC%9A%E5%93%A1" n3="%E5%A4%AA%E3%81%8F%E3%81%AA%E3%81%84%E3%81%8A" dan="16,16,16,18" rate="2081.35,2077.18,2065.15,2236.68" sx="M,M,M,F"/><TAIKYOKU oya="0"/>

<Scene>
<INIT seed="0,0,0,4,4,47" ten="250,250,250,250" oya="0" hai0="44,62,32,12,6,33,130,102,75,134,17,66,64" hai1="26,109,116,40,133,59,126,24,112,97,76,19,77" hai2="21,80,53,51,42,103,105,54,50,2,61,68,45" hai3="20,60,88,23,87,99,37,57,93,104,8,5,41"/><T55/><D130/><U131/><E116/><V48/><F2/><W52/><G37/><T67/><D134/><U79/><E112/><V81/><F105/><W39/><G39/><T132/><D132/><U114/><E114/><V121/><F121/><W119/><G119/><T27/><D75/><U16/><E131/><V56/><F68/><W84/><G41/><T25/><D102/><U9/><E126/><V22/><F103/><W113/><G113/><T82/><D82/><N who="2" m="31850" /><F54/><W65/><G104/><T3/><D6/><U13/><E133/><V1/><F1/><W36/><G36/><T38/><D3/><U124/><E124/><V34/><F34/><W127/><G127/><T101/><D101/><U31/><E24/><V128/><F128/><W91/><G65/><T74/><D74/><U58/><E40/><V78/><F78/><W123/><G123/><T63/><D33/><U98/><E19/><V89/><F89/><W73/><G73/><T92/><D38/><U117/><E117/><V46/><F42/><W4/><G99/><T118/><D92/><U83/><E83/><V71/><F71/><W69/><G69/><T125/><D125/><U111/><E111/><V14/><F14/><N who="3" m="5383" /><G5/><T70/><D118/><U86/><E109/><V0/><F0/><W18/><G18/><T120/><D120/><U110/><E110/><V43/><F43/><W7/><G7/><T129/><D129/><U35/><E86/><V108/><F108/><W94/><AGARI ba="0,0" hai="20,23,52,57,60,84,87,88,91,93,94" m="5383" machi="94" ten="30,4000,0" yaku="8,1,54,2" doraHai="47" who="3" fromWho="3" sc="250,-20,250,-10,250,-10,250,40" />
</Scene>
<Scene>
<INIT seed="1,0,0,4,2,68" ten="230,240,240,290" oya="1" hai0="86,44,101,76,98,15,90,78,110,67,48,81,109" hai1="103,25,40,50,117,113,71,77,8,124,66,134,108" hai2="16,17,36,20,52,112,57,125,22,33,46,2,19" hai3="65,97,106,60,104,79,14,0,27,88,94,9,62"/><U56/><E117/><V39/><F2/><W85/><G0/><T11/><D67/><U74/><E113/><V45/><F33/><W4/><G27/><T129/><D129/><U53/><E134/><V32/><F32/><W59/><G79/><T58/><D58/><U120/><E120/><V107/><F107/><W121/><G121/><T61/><D61/><U102/><E124/><V37/><F112/><W41/><G41/><T26/><D26/><U72/><E8/><V18/><F125/><W123/><G123/><T47/><D47/><U89/><E89/><V100/><F100/><W35/><G35/><T31/><D31/><U119/><E119/><V96/><F96/><W105/><REACH who="3" step="1"/><G62/><REACH who="3" ten="230,240,240,280" step="2"/><T55/><D110/><U10/><E77/><V92/><F92/><W133/><G133/><T80/><D109/><U111/><E108/><V6/><F6/><W7/><G7/><T70/><D80/><U54/><E111/><V12/><REACH who="2" step="1"/><F20/><REACH who="2" ten="230,240,230,280" step="2"/><W91/><G91/><T122/><D122/><U43/><E103/><AGARI ba="0,2" hai="4,9,14,59,60,65,85,88,94,97,103,104,105,106" machi="103" ten="40,2600,0" yaku="1,1,54,1,53,0" doraHai="68" doraHaiUra="75" who="3" fromWho="1" sc="230,0,240,-26,230,0,280,46" />
</Scene>
<Scene>
<INIT seed="2,0,0,5,2,116" ten="230,214,230,326" oya="2" hai0="130,52,29,119,51,80,23,68,90,7,71,61,135" hai1="112,74,87,30,24,99,101,18,53,73,64,84,42" hai2="34,126,66,59,8,26,128,54,14,105,45,27,10" hai3="131,125,100,60,79,115,121,72,5,19,28,49,110"/><V96/><F128/><W36/><G36/><T41/><D119/><U69/><E42/><V62/><F126/><W3/><G100/><T4/><D130/><U83/><E18/><V81/><F81/><W55/><G131/><T85/><D135/><U12/><E12/><V1/><F1/><W57/><G28/><T108/><D108/><U134/><E134/><V94/><F105/><W114/><G110/><T35/><D35/><U25/><E53/><V88/><F34/><W33/><G33/><T93/><D41/><U50/><E50/><N who="2" m="29007" /><F10/><W107/><G107/><T11/><D80/><U95/><E84/><V47/><F47/><W31/><G125/><T16/><D29/><U22/><E24/><V38/><F38/><W76/><G31/><T39/><D39/><U113/><E112/><V98/><F96/><W75/><G75/><T118/><D118/><U123/><E113/><V20/><F20/><W127/><G127/><T86/><D86/><U117/><E117/><V133/><F133/><W102/><G72/><T129/><D129/><U91/><E74/><V92/><F94/><W122/><G114/><T124/><D124/><U82/><E73/><V48/><F48/><W103/><G49/><T9/><D9/><U65/><E83/><V104/><F104/><W63/><G3/><N who="0" m="415" /><D61/><U40/><E40/><V58/><F58/><W106/><G63/><T111/><D111/><U13/><E69/><V43/><F43/><W0/><G60/><T46/><D7/><AGARI ba="0,0" hai="7,8,14,26,27,59,62,66,88,92,98" m="29007" machi="7" ten="30,2900,0" yaku="8,1,54,1" doraHai="116" who="2" fromWho="0" sc="230,-29,214,0,230,29,326,0" />
</Scene>
<Scene>
<INIT seed="2,1,0,2,2,35" ten="201,214,259,326" oya="2" hai0="49,9,87,43,22,5,74,38,52,93,71,83,123" hai1="133,15,2,1,101,34,0,90,131,118,36,121,77" hai2="127,58,41,70,92,18,26,31,53,44,130,79,135" hai3="28,81,54,62,108,23,16,45,48,88,11,66,19"/><V78/><F70/><W21/><G108/><T128/><D71/><U114/><E36/><V94/><F130/><W106/><G106/><T124/><D123/><U13/><E118/><V29/><F135/><W65/><G28/><N who="2" m="10825" /><F44/><W14/><G62/><T80/><D128/><U47/><E131/><V129/><F41/><W122/><G122/><T132/><D132/><U91/><E121/><V95/><F127/><W76/><G11/><T126/><D22/><U12/><E34/><V64/><F64/><W104/><G104/><T107/><D107/><U61/><E133/><V125/><F125/><N who="0" m="48234" /><D74/><U112/><E47/><V98/><F98/><W67/><G88/><N who="0" m="53407" /><D43/><U86/><E101/><V30/><F30/><W89/><G89/><T39/><D38/><U55/><E77/><V73/><F73/><W4/><G4/><T110/><D39/><U40/><E40/><V69/><F69/><W46/><G46/><N who="0" m="27703" /><D110/><U134/><E134/><V119/><F129/><W6/><G6/><T51/><D51/><U72/><E72/><V105/><F105/><W27/><REACH who="3" step="1"/><G67/><REACH who="3" ten="201,214,259,316" step="2"/><T75/><D75/><AGARI ba="1,1" hai="14,16,19,21,23,27,45,48,54,65,66,75,76,81" machi="75" ten="30,8000,1" yaku="1,1,2,1,7,1,54,1,53,1" doraHai="35" doraHaiUra="8" who="3" fromWho="0" sc="201,-83,214,0,259,0,316,93" />
</Scene>
<Scene>
<INIT seed="3,0,0,2,3,91" ten="118,214,259,409" oya="3" hai0="106,86,4,81,65,94,35,96,85,46,113,105,18" hai1="98,59,34,117,62,128,104,17,41,3,43,95,61" hai2="89,13,124,122,50,64,10,56,5,97,67,78,109" hai3="48,9,76,60,52,32,114,23,42,45,66,47,6"/><W24/><G114/><T31/><D113/><U116/><E34/><V88/><F109/><W99/><G32/><T53/><D65/><N who="2" m="25162" /><F124/><W28/><G76/><T63/><D4/><U111/><E3/><V57/><F78/><W25/><G25/><T121/><D121/><U77/><E104/><V123/><F50/><W11/><G6/><T54/><D54/><U126/><E126/><V30/><F30/><W29/><G29/><T74/><D74/><U100/><E111/><V27/><F27/><W12/><G12/><T103/><D35/><U22/><E77/><V83/><F83/><W84/><G84/><T21/><D31/><U87/><E87/><V133/><F133/><W110/><G110/><T38/><D85/><U80/><E80/><V90/><F97/><W19/><G28/><T15/><D63/><U92/><E61/><V132/><F132/><W120/><G99/><T75/><D75/><U2/><E2/><V108/><F108/><W49/><REACH who="3" step="1"/><G120/><AGARI ba="0,0" hai="5,10,13,56,57,88,89,90,120,122,123" m="25162" machi="120" ten="30,2000,0" yaku="13,1,54,1" doraHai="91" who="2" fromWho="3" sc="118,0,214,0,259,20,409,-20" />
</Scene>
<Scene>
<INIT seed="4,0,0,0,5,116" ten="118,214,279,389" oya="0" hai0="88,46,47,129,59,60,38,95,115,12,22,40,63" hai1="62,107,1,100,108,58,84,132,48,131,55,39,89" hai2="71,15,118,67,80,73,57,133,50,37,77,53,134" hai3="65,32,28,10,81,111,69,79,11,74,30,27,51"/><T99/><D115/><U64/><E1/><V29/><F118/><W83/><G111/><T105/><D129/><U35/><E35/><V6/><F37/><W102/><G30/><T128/><D128/><U54/><E132/><N who="2" m="50795" /><F29/><W93/><G81/><T117/><D117/><U52/><E39/><V44/><F71/><W7/><G51/><T112/><D112/><U72/><E72/><V19/><F6/><W101/><G11/><T76/><D47/><U120/><E108/><V36/><F36/><W49/><G49/><T104/><D76/><U17/><E131/><V82/><F82/><W14/><G93/><T109/><D109/><U5/><E5/><V86/><F86/><W70/><G70/><T23/><D60/><U4/><E4/><V41/><F67/><W123/><G65/><T106/><REACH who="0" step="1"/><D12/><REACH who="0" ten="108,214,279,389" step="2"/><U31/><E62/><N who="2" m="36143" /><F15/><W45/><G14/><T126/><D126/><U85/><E64/><AGARI ba="0,1" hai="22,23,38,40,46,59,63,64,88,95,99,104,105,106" machi="64" ten="40,7700,0" yaku="1,1,54,1,53,1" doraHai="116" doraHaiUra="91" who="0" fromWho="1" sc="108,87,214,-77,279,0,389,0" />
</Scene>
<Scene>
<INIT seed="4,1,0,4,1,24" ten="195,137,279,389" oya="0" hai0="54,18,12,127,13,131,52,106,79,22,88,56,63" hai1="57,45,67,132,5,120,105,108,115,51,135,17,126" hai2="117,10,61,25,89,29,90,116,107,39,0,98,70" hai3="111,55,49,86,77,130,33,6,110,60,31,72,69"/><T66/><D106/><U96/><E108/><V99/><F39/><W123/><G72/><T41/><D131/><U78/><E120/><V3/><F61/><W35/><G6/><T21/><D127/><U14/><E5/><N who="2" m="1319" /><F3/><W128/><G123/><T8/><D79/><U93/><E105/><V129/><F70/><W119/><G119/><N who="2" m="45641" /><F129/><N who="3" m="49771" /><G77/><T62/><D41/><U37/><E37/><V4/><F4/><W40/><G86/><T109/><D109/><U95/><E78/><V75/><F75/><W23/><G40/><T104/><D104/><U19/><E126/><V118/><F118/><W46/><G35/><T84/><D13/><U103/><E95/><V2/><F2/><W133/><G33/><T91/><D91/><N who="2" m="34826" /><F107/><W53/><G69/><T26/><D62/><U121/><E121/><V59/><F59/><N who="3" m="34943" /><G133/><T74/><D74/><U9/><E132/><V125/><F125/><W36/><G36/><T97/><D97/><U101/><E135/><V65/><F65/><W27/><AGARI ba="1,0" hai="23,27,31,46,49,53,110,111" m="34943,49771" machi="27" ten="30,2000,0" yaku="19,1,52,1" doraHai="24" who="3" fromWho="3" sc="195,-11,137,-6,279,-6,389,23" />
</Scene>
<Scene>
<INIT seed="5,0,0,2,5,69" ten="184,131,273,412" oya="1" hai0="39,56,19,76,85,30,14,108,86,58,84,24,91" hai1="31,98,67,115,54,61,102,73,66,111,65,21,12" hai2="118,47,71,110,79,42,43,35,26,0,52,17,90" hai3="120,116,34,105,100,80,83,68,106,89,27,29,133"/><U99/><E73/><V55/><F0/><W38/><G120/><T77/><D108/><U127/><E111/><V3/><F71/><W5/><G5/><T51/><D39/><U95/><E127/><V13/><F3/><W10/><G38/><T130/><D130/><U4/><E115/><V18/><F79/><N who="0" m="30282" /><D24/><U82/><E82/><V63/><F110/><W8/><G8/><N who="0" m="6599" /><D30/><U16/><E4/><V11/><F90/><W122/><G89/><T93/><D51/><U78/><E78/><V36/><F118/><W104/><G122/><T117/><D117/><U123/><E123/><V20/><F35/><W114/><G68/><T48/><D48/><U40/><E40/><V15/><F43/><W112/><G116/><T74/><D74/><U57/><E99/><AGARI ba="0,0" hai="56,58,84,85,86,91,93,99" m="6599,30282" machi="99" ten="30,1000,0" yaku="8,1" doraHai="69" who="0" fromWho="1" sc="184,10,131,-10,273,0,412,0" />
</Scene>
<Scene>
<INIT seed="6,0,0,4,5,31" ten="194,121,273,412" oya="2" hai0="105,94,59,35,42,100,11,86,92,132,87,97,29" hai1="64,115,127,113,131,118,90,0,116,75,83,71,20" hai2="34,135,32,47,55,69,66,33,73,15,44,104,21" hai3="91,102,108,26,107,2,8,19,24,89,4,25,93"/><V48/><F73/><W76/><G108/><T81/><D132/><U95/><E20/><V62/><F104/><W61/><G76/><T52/><D11/><U130/><E64/><V106/><F106/><W123/><G123/><T77/><D42/><U98/><E71/><V56/><REACH who="2" step="1"/><F135/><REACH who="2" ten="194,121,263,412" step="2"/><W37/><G107/><T126/><D105/><U3/><E127/><V9/><F9/><W134/><G134/><T125/><D125/><U6/><E116/><V1/><F1/><W72/><G72/><T57/><D126/><U18/><E118/><V40/><F40/><W12/><G2/><T133/><D133/><U112/><E3/><V45/><F45/><W88/><G37/><T74/><D74/><U65/><E0/><V84/><F84/><W36/><G36/><T53/><D87/><U17/><E75/><V7/><F7/><W63/><G4/><T43/><D43/><U103/><E6/><V68/><F68/><W39/><G39/><T110/><D86/><U16/><E65/><V27/><F27/><W128/><G128/><N who="1" m="49194" /><E83/><V58/><F58/><W82/><G82/><T111/><D81/><U78/><E78/><V96/><F96/><AGARI ba="0,1" hai="8,12,19,24,25,26,61,63,88,89,91,93,96,102" machi="96" ten="40,2600,0" yaku="8,1,54,1" doraHai="31" who="3" fromWho="2" sc="194,0,121,0,263,-26,412,36" />
</Scene>
<Scene>
<INIT seed="7,0,0,4,3,54" ten="194,121,237,448" oya="3" hai0="37,77,88,16,126,8,24,4,26,63,13,33,32" hai1="104,78,72,129,111,109,85,80,0,82,75,135,68" hai2="22,17,103,23,79,122,124,113,40,92,119,105,120" hai3="67,12,52,99,87,48,132,69,35,84,70,18,21"/><W89/><G35/><N who="0" m="13387" /><D88/><N who="1" m="51239" /><E0/><V2/><F92/><W117/><G117/><T25/><D63/><U31/><E31/><V66/><F103/><W91/><G132/><T115/><D77/><N who="1" m="44327" /><E68/><V134/><F79/><W65/><G99/><T14/><D37/><U76/><E135/><V11/><F17/><W19/><G70/><T118/><D118/><U112/><E129/><V36/><F23/><W101/><G101/><T127/><D115/><U45/><E45/><V39/><F66/><W57/><G69/><T10/><AGARI ba="0,0" hai="4,8,10,13,14,16,24,25,26,126,127" m="13387" machi="10" ten="40,5200,0" yaku="34,2,54,1" doraHai="54" who="0" fromWho="0" sc="194,52,121,-13,237,-13,448,-26" owari="246,5.0,108,-39.0,224,-18.0,422,52.0" />
</Scene>
</mjloggm>