<mjloggm ver="2.3"><GO type="193"/><UN n0="%4B%61%6D%6F%69" n1="%4D%49%4F%53%48%49%47%45" n2="%E5%A4%AA%E3%81%8F%E3%81%AA%E3%81%84%E3%81%8A" n3="%53%69%73%6C%61%6E%64" dan="11,12,8,10" rate="1778,1724,1660,1448" sx="M,M,M,M"/><TAIKYOKU oya="0"/>

<Scene>
<INIT seed="0,0,0,4,5,45" ten="250,250,250,250" oya="0" hai0="3,135,74,87,24,60,121,116,78,32,104,124,38" hai1="27,61,7,51,11,10,34,111,107,52,119,30,29" hai2="115,81,129,67,105,113,70,12,98,118,76,101,90" hai3="42,117,43,20,110,57,33,14,123,131,128,49,23"/><T97/><RYUUKYOKU type="yao9" ba="0,0" sc="250,0,250,0,250,0,250,0" hai0="3,24,32,38,60,74,78,87,97,104,116,121,124,135" />
</Scene>
<Scene>
<INIT seed="0,1,0,3,2,113" ten="250,250,250,250" oya="0" hai0="56,52,111,87,82,10,86,76,35,60,83,33,21" hai1="103,29,37,95,47,25,118,39,93,22,15,36,107" hai2="27,128,50,7,72,5,54,91,67,2,12,115,31" hai3="17,14,69,80,8,129,77,121,16,57,43,79,135"/><T65/><D111/><U98/><E47/><V116/><F115/><W23/><G121/><T51/><D21/><U78/><E78/><V66/><F72/><W41/><G129/><T4/><D10/><U46/><E46/><V20/><F128/><W109/><G109/><T74/><D4/><U104/><E104/><V123/><F123/><W84/><G135/><T18/><D18/><U73/><E73/><V44/><F2/><W133/><G69/><T3/><D3/><U102/><E102/><V49/><F116/><W68/><G133/><T100/><D100/><U96/><E96/><V62/><F62/><W64/><G68/><T6/><D6/><N who="2" m="2058" /><F12/><W55/><G64/><T120/><D120/><U9/><REACH who="1" step="1"/><E118/><REACH who="1" ten="250,240,250,250" step="2"/><V114/><F114/><W122/><G122/><T24/><D24/><U134/><E134/><V85/><F50/><W92/><G92/><AGARI ba="1,1" hai="20,27,31,44,49,54,66,67,85,91,92" m="2058" machi="92" ten="30,1000,0" yaku="8,1" doraHai="113" who="2" fromWho="3" sc="250,0,240,0,250,23,250,-13" />
</Scene>
<Scene>
<INIT seed="1,0,0,3,2,46" ten="250,240,273,237" oya="1" hai0="97,50,11,25,58,6,74,26,64,35,12,22,123" hai1="116,24,14,20,38,99,84,89,92,30,48,4,98" hai2="40,10,82,106,67,55,114,9,71,131,87,53,120" hai3="113,41,119,86,112,13,31,126,54,124,2,80,110"/><U1/><E38/><V118/><F120/><W83/><G2/><T111/><D74/><U19/><E116/><V45/><F118/><W27/><G13/><T18/><D123/><U32/><REACH who="1" step="1"/><E48/><REACH who="1" ten="250,230,273,237" step="2"/><N who="2" m="26663" /><F114/><W127/><G119/><T102/><D50/><U44/><E44/><V133/><F133/><W94/><G110/><T100/><D111/><U128/><E128/><V88/><F131/><W93/><G41/><T121/><D121/><U47/><E47/><V122/><F122/><W43/><G43/><T3/><D26/><U95/><E95/><V66/><F106/><W17/><G54/><N who="2" m="20489" /><F71/><W8/><G8/><AGARI ba="0,1" hai="1,4,8,14,19,20,24,30,32,84,89,92,98,99" machi="8" ten="40,7700,0" yaku="1,1,24,2,53,0" doraHai="46" doraHaiUra="61" who="1" fromWho="3" sc="250,0,230,87,273,0,237,-77" /><AGARI ba="0,0" hai="8,9,10,66,67,82,87,88" m="20489,26663" machi="8" ten="30,3900,0" yaku="8,1,52,1,54,1" doraHai="46" who="2" fromWho="3" sc="250,0,317,0,273,39,160,-39" />
</Scene>
<Scene>
<INIT seed="1,1,0,1,1,13" ten="250,317,312,121" oya="1" hai0="126,0,95,66,5,47,38,116,11,112,39,63,87" hai1="10,36,96,86,88,12,101,81,3,61,62,2,121" hai2="21,42,30,34,89,35,105,114,57,93,19,56,100" hai3="132,55,131,51,79,65,14,29,123,109,60,45,106"/><U16/><E121/><V117/><F117/><W111/><G123/><T92/><D116/><U52/><E36/><V33/><F30/><W26/><G106/><T48/><D112/><U46/><E3/><V40/><F114/><W102/><G102/><T1/><D126/><U75/><E75/><V107/><F100/><W98/><G132/><T27/><D1/><U54/><E2/><V84/><F105/><W77/><G131/><T80/><D27/><U91/><E91/><V64/><F107/><W31/><G98/><T82/><D38/><U58/><E58/><V23/><F23/><W70/><G14/><T8/><D8/><U22/><E22/><V119/><F119/><W115/><G115/><T104/><D104/><N who="1" m="63527" /><E54/><V103/><F103/><W24/><G70/><T71/><D39/><U97/><E97/><V32/><N who="2" m="8192" /><DORA hai="68" /><V37/><F37/><W59/><G65/><T76/><REACH who="0" step="1"/><D82/><REACH who="0" ten="240,317,312,121" step="2"/><U41/><E41/><AGARI ba="1,1" hai="0,5,11,41,47,48,63,66,71,76,80,87,92,95" machi="41" ten="30,3900,0" yaku="1,1,2,1,7,1,53,0" doraHai="13,68" doraHaiUra="134,99" who="0" fromWho="1" sc="240,52,317,-42,312,0,121,0" />
</Scene>
<Scene>
<INIT seed="2,0,0,1,3,133" ten="292,275,312,121" oya="2" hai0="23,29,85,4,52,100,28,74,110,106,118,39,9" hai1="76,72,55,63,107,18,67,123,68,116,56,88,32" hai2="131,79,8,11,30,87,46,70,105,89,26,80,58" hai3="90,61,122,22,77,102,109,75,115,99,97,3,1"/><V36/><F70/><W50/><G122/><T12/><D74/><U5/><E116/><V125/><F105/><W41/><G115/><T38/><D118/><U17/><E5/><V134/><F134/><W40/><G109/><T0/><D110/><U112/><E112/><V7/><F131/><W94/><G75/><T19/><D85/><U126/><E123/><V37/><F58/><W20/><G77/><T44/><D106/><U31/><E107/><V2/><F11/><W48/><G61/><T95/><D100/><U53/><E53/><V119/><F119/><W45/><G102/><T10/><D95/><U43/><E43/><V60/><F60/><W34/><G34/><T129/><D129/><U93/><E31/><V14/><F2/><W127/><G127/><T57/><D44/><U104/><E104/><V47/><F125/><W121/><G121/><T73/><D73/><U103/><E103/><V128/><F128/><W15/><G15/><T120/><D120/><U62/><E32/><V27/><F27/><W117/><G117/><T64/><D64/><U101/><E101/><V78/><F37/><W54/><G54/><T49/><REACH who="0" step="1"/><D10/><REACH who="0" ten="282,275,312,121" step="2"/><U132/><E126/><V82/><F36/><AGARI ba="0,1" hai="0,4,9,12,19,23,28,29,36,38,39,49,52,57" machi="36" ten="40,5200,0" yaku="1,1,2,1,54,1,53,0" doraHai="133" doraHaiUra="96" who="0" fromWho="2" sc="282,62,275,0,312,-52,121,0" />
</Scene>
<Scene>
<INIT seed="3,0,0,5,3,92" ten="344,275,260,121" oya="3" hai0="88,129,47,108,22,128,55,18,73,43,111,112,19" hai1="81,12,130,37,89,20,105,4,90,57,70,46,104" hai2="23,21,29,121,118,101,11,2,94,134,79,109,9" hai3="85,75,61,40,96,41,34,65,25,127,33,117,119"/><W35/><G75/><T78/><D112/><U66/><E70/><V53/><F118/><W113/><G127/><T54/><D88/><U49/><E130/><N who="0" m="50281" /><D78/><U125/><E125/><V59/><F109/><N who="0" m="42058" /><D73/><U7/><E37/><V44/><F134/><W135/><G113/><T31/><D31/><U5/><E105/><V67/><F121/><W69/><G135/><T0/><D0/><U98/><E104/><V102/><F79/><W1/><G1/><T124/><D124/><U100/><E100/><V42/><F67/><W15/><G85/><T77/><D77/><U123/><E123/><V58/><F2/><W82/><G82/><T63/><D63/><U45/><E45/><V39/><F59/><W99/><G15/><N who="0" m="9567" /><D19/><N who="1" m="10343" /><E81/><V51/><F102/><W93/><G119/><T16/><D16/><U87/><E87/><V27/><REACH who="2" step="1"/><F23/><REACH who="2" ten="344,275,250,121" step="2"/><W64/><G117/><T95/><D95/><N who="1" m="56687" /><E90/><V28/><F28/><W76/><G76/><T86/><D86/><U36/><E36/><AGARI ba="0,1" hai="36,43,47,54,55" m="9567,42058,50281" machi="36" ten="30,2000,0" yaku="19,1,14,1" doraHai="92" who="0" fromWho="1" sc="344,30,275,-20,250,0,121,0" owari="374,47.0,255,6.0,250,-15.0,121,-38.0" />
</Scene>
</mjloggm>