<mjloggm ver="2.3"><GO type="169" lobby="0"/><UN n0="%74%6A%2D%6D%69%63%72%6F" n1="%E5%A4%AA%E3%81%8F%E3%81%AA%E3%81%84%E3%81%8A" n2="%62%6C%75%65%2D%67" n3="%4B%E3%80%82" dan="16,17,16,17" rate="2038.94,2170.47,2038.18,2132.06" sx="M,M,M,M"/><TAIKYOKU oya="0"/>

<Scene>
<INIT seed="0,0,0,2,2,104" ten="250,250,250,250" oya="0" hai0="105,69,44,29,20,83,90,84,129,5,87,49,58" hai1="62,127,125,91,27,85,118,67,41,16,122,19,9" hai2="15,26,30,130,134,88,112,8,103,33,71,47,18" hai3="132,133,46,66,131,59,111,39,60,106,50,1,81"/><T124/><D69/><U11/><E122/><V92/><F112/><W51/><G106/><T97/><D124/><N who="1" m="47691" /><E41/><V21/><F71/><W101/><G1/><T17/><D5/><U37/><E37/><V45/><F130/><W86/><G101/><T61/><D129/><U0/><E118/><V35/><F134/><N who="3" m="51819" /><G86/><T72/><D29/><U100/><E100/><V34/><REACH who="2" step="1"/><F103/><REACH who="2" ten="250,250,240,250" step="2"/><W135/><G135/><T25/><D105/><U114/><E114/><V126/><F126/><W109/><G131/><T80/><D97/><AGARI ba="0,1" hai="8,15,18,21,26,30,33,34,35,45,47,88,92,97" machi="97" ten="40,8000,1" yaku="1,1,54,1,53,3" doraHai="104" doraHaiUra="31" who="2" fromWho="0" sc="250,-80,250,0,240,90,250,0" />
</Scene>
<Scene>
<INIT seed="1,0,0,1,4,116" ten="170,250,330,250" oya="1" hai0="83,5,11,102,14,86,129,56,71,61,115,54,28" hai1="109,37,35,74,85,126,72,78,80,49,38,100,133" hai2="59,3,127,20,117,131,82,10,75,95,46,25,69" hai3="21,33,0,90,120,118,31,97,122,63,84,41,42"/><U130/><E35/><V76/><F69/><W22/><G118/><T7/><D115/><U93/><E49/><V94/><F117/><W70/><G0/><T107/><D129/><U113/><E38/><V12/><F59/><W66/><G33/><T73/><D73/><N who="1" m="28267" /><E37/><V104/><F104/><W32/><G32/><T99/><D28/><U65/><E65/><V121/><F131/><W43/><G97/><T27/><D27/><U125/><E130/><V101/><F3/><W53/><G53/><T68/><REACH who="0" step="1"/><D5/><REACH who="0" ten="160,250,330,250" step="2"/><U48/><E113/><V62/><F25/><W57/><G31/><T40/><D40/><U45/><E126/><V81/><F75/><W52/><G22/><T55/><D55/><U18/><E125/><V89/><F20/><W79/><G21/><T91/><AGARI ba="0,1" hai="7,11,14,54,56,61,68,71,83,86,91,99,102,107" machi="91" ten="20,2700,0" yaku="1,1,0,1,7,1,53,0" doraHai="116" doraHaiUra="26" who="0" fromWho="0" sc="160,37,250,-13,330,-7,250,-7" />
</Scene>
<Scene>
<INIT seed="2,0,0,2,1,28" ten="197,237,323,243" oya="2" hai0="68,129,117,113,124,101,22,111,125,134,119,74,38" hai1="108,51,11,17,106,81,79,61,123,71,30,42,14" hai2="48,131,82,121,132,85,20,97,133,4,73,56,86" hai3="29,77,109,72,88,128,57,34,15,105,80,1,99"/><V98/><F121/><W110/><G1/><T114/><D101/><U26/><E106/><V60/><F131/><W19/><G128/><T120/><D22/><U116/><E116/><V36/><F36/><W45/><G45/><T83/><D83/><U53/><E123/><V23/><F48/><W49/><G49/><T12/><D12/><U59/><E108/><N who="3" m="41578" /><G57/><T100/><D100/><U31/><E26/><V87/><F4/><W130/><G130/><T135/><D68/><U76/><E71/><V104/><F23/><N who="3" m="11775" /><G105/><T89/><D89/><U52/><E42/><V13/><F20/><W50/><G50/><T107/><D74/><U18/><E18/><V44/><F13/><W54/><G54/><T5/><D5/><U92/><E92/><V41/><F41/><W35/><G29/><N who="1" m="10762" /><E81/><V78/><F44/><AGARI ba="0,0" hai="11,14,17,44,51,52,53,59,61,76,79" m="10762" machi="44" ten="30,2000,0" yaku="8,1,54,1" doraHai="28" who="1" fromWho="2" sc="197,0,237,20,323,-20,243,0" />
</Scene>
<Scene>
<INIT seed="3,0,0,2,1,14" ten="197,257,303,243" oya="3" hai0="48,92,105,60,10,98,12,24,117,111,22,124,133" hai1="82,47,132,134,90,33,81,64,13,55,65,116,35" hai2="53,31,41,128,74,44,20,26,66,107,9,99,80" hai3="54,42,68,79,25,112,123,19,118,78,2,71,52"/><W11/><G123/><T27/><D117/><U73/><E116/><V40/><F128/><W102/><G118/><T57/><D111/><U131/><E131/><V5/><F66/><W91/><G112/><T43/><D105/><U88/><E13/><V0/><F99/><W17/><G102/><T50/><D124/><U3/><E47/><V63/><F107/><W15/><G42/><T93/><D133/><U39/><E55/><N who="3" m="21034" /><G2/><T125/><D125/><U6/><E6/><V45/><F41/><W122/><G71/><T101/><D92/><U75/><REACH who="1" step="1"/><E39/><REACH who="1" ten="197,247,303,243" step="2"/><V108/><F44/><W61/><G122/><T130/><D130/><U1/><AGARI ba="0,1" hai="1,3,33,35,64,65,73,75,81,82,88,90,132,134" machi="1" ten="25,16000,3" yaku="1,1,2,1,0,1,22,2,54,1,53,2" doraHai="14" doraHaiUra="87" who="1" fromWho="1" sc="197,-40,247,170,303,-40,243,-80" />
</Scene>
<Scene>
<INIT seed="4,0,0,4,1,21" ten="157,417,263,163" oya="0" hai0="11,13,107,24,76,63,44,27,69,88,97,29,100" hai1="1,65,20,54,81,91,133,62,79,45,116,16,26" hai2="101,64,117,134,48,36,53,115,68,118,132,40,122" hai3="61,109,77,23,126,113,50,47,49,78,58,67,38"/><T52/><D76/><U39/><E116/><N who="2" m="44651" /><F101/><W2/><G109/><T103/><D29/><U128/><E1/><V28/><F28/><W32/><G32/><T75/><D75/><U34/><E133/><N who="2" m="51307" /><F115/><W102/><G2/><T0/><D0/><U35/><E128/><V33/><F33/><W80/><G126/><T108/><D108/><U84/><E79/><V37/><F40/><W127/><G127/><T105/><D69/><U6/><E6/><V56/><F122/><W94/><G113/><T110/><D110/><U60/><E60/><AGARI ba="0,0" hai="36,37,48,53,56,60,64,68" m="51307,44651" machi="60" ten="30,7700,0" yaku="12,1,20,1,34,2" doraHai="21" who="2" fromWho="1" sc="157,0,417,-77,263,77,163,0" />
</Scene>
<Scene>
<INIT seed="5,0,0,0,3,40" ten="157,340,340,163" oya="1" hai0="102,19,98,105,31,38,4,46,32,26,84,83,15" hai1="135,48,76,93,63,90,78,72,107,128,101,25,69" hai2="68,112,108,60,97,91,0,39,65,88,130,89,109" hai3="47,44,17,103,29,54,74,127,124,129,81,22,56"/><U100/><E25/><V28/><F0/><W120/><G120/><T132/><D132/><U42/><E69/><V12/><F130/><W55/><G29/><T16/><D4/><U9/><E63/><V113/><F39/><W36/><G36/><T3/><D3/><U34/><E34/><V45/><F97/><W5/><G5/><T21/><D19/><U126/><E9/><V96/><F96/><W43/><G103/><T73/><D73/><U7/><E7/><V59/><F28/><W111/><G111/><T2/><D2/><U123/><E48/><V118/><F68/><W58/><G129/><T18/><D18/><U121/><E42/><V6/><F118/><W131/><G131/><T99/><D99/><N who="1" m="61887" /><E128/><V114/><F45/><W119/><G119/><T41/><D84/><N who="1" m="52423" /><E100/><V10/><AGARI ba="0,0" hai="6,10,12,59,60,65,88,89,91,108,109,112,113,114" machi="10" ten="40,8000,1" yaku="0,1,15,1,11,1,54,1" doraHai="40" who="2" fromWho="2" sc="157,-20,340,-40,340,80,163,-20" />
</Scene>
<Scene>
<INIT seed="6,0,0,5,4,58" ten="137,300,420,143" oya="2" hai0="99,128,89,34,12,57,42,102,61,127,29,16,94" hai1="35,116,24,17,23,132,2,31,130,95,131,87,69" hai2="47,38,88,0,111,120,18,44,93,117,39,84,112" hai3="46,122,98,79,129,28,15,54,63,3,26,76,36"/><V7/><F117/><W78/><G122/><T81/><D127/><U19/><E69/><V65/><F120/><W126/><G3/><T53/><D128/><N who="1" m="49195" /><E116/><V101/><F112/><W22/><G126/><T97/><D42/><U134/><E95/><V20/><F101/><W70/><G129/><T107/><D81/><U5/><E87/><V82/><F93/><W121/><G121/><T109/><D109/><U48/><E48/><V96/><F96/><W59/><G70/><T115/><D115/><U113/><E113/><V68/><F39/><W90/><G36/><T40/><D40/><U37/><E37/><V71/><F38/><W64/><G15/><T21/><D29/><U55/><E55/><V75/><F75/><W85/><G98/><T100/><D34/><U56/><E56/><V74/><F74/><W72/><G72/><T123/><D123/><U110/><E110/><V73/><F73/><W66/><G46/><T27/><D12/><N who="1" m="9639" /><E19/><V6/><F18/><W10/><G10/><AGARI ba="0,0" hai="2,5,10,24,31,35,132,134" m="9639,49195" machi="10" ten="30,7700,0" yaku="24,1,19,1,34,2" doraHai="58" who="1" fromWho="3" sc="137,0,300,77,420,0,143,-77" />
</Scene>
<Scene>
<INIT seed="7,0,0,5,5,112" ten="137,377,420,66" oya="3" hai0="102,72,4,123,57,98,95,9,11,101,128,7,64" hai1="104,69,113,32,80,56,67,17,84,39,74,16,97" hai2="129,103,36,35,6,127,1,118,116,38,49,42,34" hai3="28,62,30,13,37,22,117,29,89,90,8,66,55"/><W43/><G117/><N who="2" m="45161" /><F49/><W91/><G37/><N who="2" m="14441" /><F42/><W59/><G43/><T45/><D72/><U48/><E39/><V27/><F27/><W114/><G114/><T44/><D57/><U86/><E32/><N who="2" m="12331" /><F103/><W46/><G46/><T79/><D101/><U131/><E131/><V31/><F31/><W20/><REACH who="3" step="1"/><G66/><REACH who="3" ten="137,377,420,56" step="2"/><T124/><D64/><U96/><E67/><V5/><F129/><W125/><G125/><T108/><D124/><U68/><E113/><V73/><F127/><W0/><G0/><T83/><D128/><U14/><E69/><V3/><F73/><W19/><AGARI ba="0,1" hai="8,13,19,20,22,28,29,30,55,59,62,89,90,91" machi="19" ten="30,6000,0" yaku="1,1,0,1,8,1,53,0" doraHai="112" doraHaiUra="33" who="3" fromWho="3" sc="137,-20,377,-20,420,-20,56,70" />
</Scene>
<Scene>
<INIT seed="7,1,0,4,1,91" ten="117,357,400,126" oya="3" hai0="17,69,45,53,44,24,102,124,50,81,37,87,125" hai1="78,127,6,74,111,47,104,106,38,19,114,36,63" hai2="103,89,58,3,59,72,27,22,52,34,32,129,42" hai3="12,100,84,82,49,92,67,134,57,29,2,54,61"/><W115/><G2/><T117/><D117/><U71/><E19/><V80/><F3/><W122/><G122/><T30/><D102/><U25/><E111/><V35/><F42/><W40/><G115/><T33/><D69/><U4/><E25/><V10/><F10/><W113/><G113/><T5/><D5/><U101/><E114/><V64/><F103/><W135/><G40/><T79/><D17/><U8/><E127/><N who="0" m="48713" /><D37/><U98/><E106/><V23/><F23/><W128/><G128/><T120/><D120/><U94/><E6/><V119/><F119/><W15/><G29/><T126/><N who="0" m="48721" /><T77/><DORA hai="11" /><D77/><U31/><E31/><V76/><F129/><W83/><G100/><T86/><D44/><U0/><E94/><V66/><F89/><N who="3" m="53287" /><G135/><T16/><D16/><U46/><E46/><V116/><F116/><W118/><G118/><T96/><D96/><U108/><E108/><V109/><F109/><W1/><G1/><T62/><D62/><U7/><E7/><V39/><F35/><W112/><G112/><T88/><D88/><U21/><E21/><V107/><F34/><W43/><G43/><T65/><D65/><U105/><E47/><V85/><F32/><W41/><G134/><T51/><D51/><U97/><E97/><V9/><F66/><W121/><G121/><T73/><AGARI ba="1,0" hai="24,30,33,45,50,53,73,79,81,86,87" m="48721" machi="73" ten="40,1500,0" yaku="18,1" doraHai="91,11" who="0" fromWho="0" sc="117,18,357,-5,400,-5,126,-8" owari="135,-26.0,352,15.0,395,49.0,118,-38.0" />
</Scene>
</mjloggm>