<mjloggm ver="2.3"><GO type="169"/><UN n0="%E5%A4%AA%E3%81%8F%E3%81%AA%E3%81%84%E3%81%8A" n1="%68%65%61%72%74%73%40" n2="%E6%9C%AC%E7%89%A9%E5%A5%B3%E5%AD%90%E9%AB%98%E7%94%9F" n3="%62%61%6B%61%73%65" dan="17,16,16,16" rate="2149,2074,2051,2080" sx="M,M,F,F"/><TAIKYOKU oya="0"/>

<Scene>
<INIT seed="0,0,0,5,4,82" ten="250,250,250,250" oya="0" hai0="35,93,111,131,59,96,90,104,31,64,71,52,115" hai1="87,70,3,18,78,102,116,69,16,2,72,50,68" hai2="26,48,132,1,119,54,30,129,91,6,127,55,57" hai3="110,133,22,118,14,63,4,11,85,47,29,17,113"/><T33/><D115/><U94/><E116/><V36/><F119/><W56/><G118/><T73/><D73/><U12/><E72/><V44/><F129/><W77/><G110/><T134/><D131/><U23/><E50/><V114/><F114/><W61/><G113/><T49/><D134/><U108/><E108/><V126/><F132/><W81/><G133/><T121/><D121/><U28/><E28/><V120/><F120/><W105/><G105/><T5/><D111/><U66/><E66/><V76/><F76/><W21/><G47/><T124/><D124/><U92/><E92/><V106/><F106/><W32/><G32/><T62/><D31/><U37/><E37/><V79/><F79/><W135/><G135/><T60/><D5/><U34/><E34/><V7/><F91/><W53/><G29/><T39/><D39/><U40/><E40/><V112/><F112/><W43/><G43/><T107/><D107/><U51/><E51/><N who="2" m="30975" /><F36/><W109/><G109/><T19/><D104/><U100/><E102/><V24/><F24/><W58/><REACH who="3" step="1"/><G4/><REACH who="3" ten="250,250,250,240" step="2"/><T86/><D19/><U75/><E18/><V84/><F6/><W42/><G42/><T99/><D35/><U83/><REACH who="1" step="1"/><E75/><REACH who="1" ten="250,240,250,240" step="2"/><V45/><F127/><W65/><AGARI ba="0,2" hai="11,14,17,21,22,53,56,58,61,63,65,77,81,85" machi="65" ten="20,8000,1" yaku="1,1,0,1,7,1,8,1,52,1,53,0" doraHai="82" doraHaiUra="128" who="3" fromWho="3" sc="250,-40,240,-20,250,-20,240,100" />
</Scene>
<Scene>
<INIT seed="1,0,0,4,5,109" ten="210,220,230,340" oya="1" hai0="44,60,77,135,131,6,95,128,57,82,24,112,26" hai1="35,16,86,3,119,73,32,133,76,118,41,37,20" hai2="70,0,124,30,126,129,66,53,91,85,123,122,5" hai3="115,78,62,134,130,103,92,69,117,49,1,22,121"/><U107/><E3/><V34/><F53/><W125/><G1/><T81/><D135/><U54/><E73/><V72/><F72/><W80/><G121/><T116/><D116/><U28/><E107/><V104/><F104/><W67/><G134/><T87/><D6/><U45/><E133/><V108/><F66/><W38/><G38/><T59/><D44/><U50/><E76/><V43/><F70/><W90/><G103/><T132/><D132/><U102/><E102/><V64/><F43/><W56/><G125/><N who="2" m="48233" /><F64/><W39/><G39/><T75/><D95/><U55/><E86/><V21/><F108/><W12/><G49/><T99/><D99/><U61/><E61/><V52/><F52/><W106/><G106/><T100/><D100/><U14/><E54/><V93/><F34/><W89/><G92/><T114/><D75/><U120/><E120/><V83/><F83/><W79/><G80/><T23/><D82/><U88/><E88/><V48/><F48/><W74/><G90/><T84/><D84/><U97/><E97/><V8/><F129/><N who="0" m="49738" /><D59/><U7/><E35/><V11/><F11/><W42/><G56/><T10/><D10/><N who="1" m="4447" /><E32/><V31/><F31/><W13/><G69/><T94/><D94/><U17/><E37/><V111/><F111/><W101/><G101/><T127/><D127/><U2/><E41/><V47/><F47/><W63/><G42/><T58/><D58/><U96/><E96/><V46/><F46/><W4/><G130/><T98/><D98/><U71/><E71/><V29/><F29/><W113/><G74/><T27/><D23/><RYUUKYOKU ba="0,0" sc="210,15,220,-15,230,15,340,-15" hai0="24,26,27,57,60,77,81,87,112,114" hai2="0,5,8,21,30,85,91,93,122,123" />
</Scene>
<Scene>
<INIT seed="2,1,0,1,0,92" ten="225,205,245,325" oya="2" hai0="74,105,37,77,1,49,44,67,52,26,24,64,63" hai1="4,18,78,53,108,68,106,130,60,7,89,91,3" hai2="27,41,19,85,110,126,83,123,129,135,103,128,54" hai3="48,0,104,76,115,132,82,51,55,15,127,80,118"/><V10/><F123/><W5/><G118/><T87/><D1/><U117/><E117/><V98/><F41/><W81/><G104/><T35/><D105/><U124/><E106/><V47/><F126/><W131/><G0/><T11/><D74/><U65/><E124/><V45/><F135/><W133/><G127/><T9/><D37/><U101/><E130/><N who="2" m="50283" /><F110/><W62/><G131/><T46/><D46/><U25/><E108/><V30/><F54/><W102/><G102/><T33/><D33/><U12/><E53/><V23/><F10/><N who="0" m="3594" /><D35/><U36/><E3/><V29/><F47/><W71/><G115/><T14/><D14/><U114/><E12/><V100/><F45/><W50/><G15/><T8/><N who="0" m="3602" /><T32/><DORA hai="79" /><D32/><U109/><E109/><V97/><F103/><W84/><G5/><T122/><D122/><U120/><E101/><V59/><F59/><N who="3" m="35199" /><G71/><T34/><D34/><U88/><E4/><V6/><F6/><W93/><G93/><T28/><D28/><N who="2" m="10858" /><F100/><W73/><G73/><T20/><D20/><U94/><E7/><V17/><F19/><W75/><G75/><T21/><D21/><U121/><E18/><V69/><F69/><W111/><G111/><T58/><D67/><U72/><E68/><V57/><F57/><W107/><G107/><T96/><D64/><U113/><E65/><V61/><F61/><W13/><G13/><T2/><D63/><U95/><E120/><V56/><F56/><W125/><G125/><T66/><D66/><U16/><E121/><V90/><AGARI ba="1,0" hai="17,23,27,83,85,90,97,98" m="10858,50283" machi="90" ten="30,11700,0" yaku="19,1,52,3" doraHai="92,79" who="2" fromWho="2" sc="225,-40,205,-40,245,120,325,-40" />
</Scene>
<Scene>
<INIT seed="2,2,0,2,1,75" ten="185,165,365,285" oya="2" hai0="8,29,59,52,26,120,44,108,65,22,121,20,135" hai1="110,94,119,71,117,125,116,25,96,127,1,14,4" hai2="123,64,69,23,92,7,56,62,78,128,63,24,16" hai3="48,37,5,41,90,28,43,85,30,126,50,88,106"/><V79/><F123/><W31/><G106/><T10/><D108/><U133/><E71/><V107/><F107/><W33/><G33/><T67/><D135/><U95/><E110/><V105/><F105/><W76/><G5/><T129/><D129/><U122/><E122/><V98/><F128/><W27/><G27/><N who="0" m="16615" /><D44/><U102/><E133/><V39/><F39/><W57/><G126/><N who="1" m="48138" /><E1/><V93/><F7/><W61/><G37/><T51/><D121/><U112/><E112/><V109/><F109/><W73/><G73/><T103/><D103/><U35/><E14/><V38/><F38/><W86/><G61/><T47/><D120/><U99/><E4/><V131/><F131/><W60/><G60/><N who="0" m="38047" /><D67/><U124/><E124/><V115/><F115/><W101/><G57/><T45/><D45/><U11/><E11/><V70/><F70/><W9/><G9/><T32/><D32/><U13/><E35/><V17/><F17/><AGARI ba="2,0" hai="8,10,17,22,26,47,51,52" m="38047,16615" machi="17" ten="30,2000,0" yaku="8,1,54,1" doraHai="75" who="0" fromWho="2" sc="185,26,165,0,365,-26,285,0" />
</Scene>
<Scene>
<INIT seed="3,0,0,0,3,51" ten="211,165,339,285" oya="3" hai0="56,121,129,47,22,111,63,38,114,6,42,68,95" hai1="49,64,37,106,115,34,131,11,94,116,1,24,17" hai2="65,102,99,32,4,19,55,130,20,133,33,82,110" hai3="101,21,71,134,27,35,73,128,120,31,12,105,100"/><W85/><G73/><T77/><D121/><U109/><E106/><V70/><F110/><W127/><G120/><T126/><D111/><U30/><E37/><V88/><F4/><W97/><G101/><T75/><D126/><U117/><E64/><V10/><F10/><W103/><G103/><T74/><D129/><U79/><E79/><V36/><F36/><W89/><G128/><T66/><D114/><U90/><E109/><V125/><F130/><W50/><G127/><T45/><D6/><N who="1" m="1487" /><E131/><V69/><F133/><W0/><G0/><T135/><D135/><U119/><E49/><V16/><F19/><W15/><G134/><T54/><D47/><U113/><E17/><V61/><F70/><W52/><G71/><T26/><D95/><U5/><E5/><V96/><F125/><W2/><G35/><T29/><REACH who="0" step="1"/><D77/><REACH who="0" ten="201,165,339,285" step="2"/><U92/><E94/><V124/><F124/><W132/><G132/><T91/><D91/><U8/><E90/><V58/><F88/><W28/><G2/><T80/><D80/><U13/><E92/><V3/><F82/><W72/><G72/><T81/><D81/><U48/><E115/><V18/><F3/><W7/><G89/><T53/><D53/><U107/><E113/><V84/><F102/><W23/><G85/><T76/><D76/><U46/><E107/><V43/><F84/><W122/><G122/><T60/><AGARI ba="0,1" hai="22,26,29,38,42,45,54,56,60,63,66,68,74,75" machi="60" ten="20,8000,1" yaku="1,1,0,1,7,1,52,1,53,1" doraHai="51" doraHaiUra="25" who="0" fromWho="0" sc="201,90,165,-20,339,-20,285,-40" />
</Scene>
<Scene>
<INIT seed="4,0,0,1,2,51" ten="291,145,319,245" oya="0" hai0="19,93,124,23,7,61,30,100,70,126,98,36,131" hai1="13,91,107,55,20,26,41,58,45,119,24,0,57" hai2="27,134,68,32,95,105,67,116,10,83,6,38,88" hai3="21,15,73,114,106,17,59,44,117,18,90,28,22"/><T135/><D36/><U120/><E120/><V35/><F105/><W46/><G117/><T47/><D135/><U5/><E119/><V39/><F134/><W110/><G110/><T102/><D131/><U82/><E107/><V4/><F83/><W43/><G73/><T9/><D30/><U108/><E108/><V62/><F116/><W112/><G106/><T77/><D77/><U101/><E0/><V54/><F4/><W121/><G28/><T31/><D31/><U63/><E101/><V80/><F80/><W81/><G121/><T52/><D102/><U111/><E111/><V3/><F27/><W99/><G43/><T96/><D96/><U87/><E58/><V48/><F35/><W25/><G59/><N who="0" m="35047" /><D70/><U115/><E115/><N who="3" m="44074" /><G99/><T125/><D47/><U71/><E71/><V74/><F32/><W72/><G90/><T56/><D56/><U128/><E128/><V123/><F74/><W2/><G2/><N who="0" m="247" /><D23/><U1/><E1/><V127/><F123/><W113/><N who="3" m="44082" /><W118/><DORA hai="11" /><G118/><T132/><D132/><U104/><E104/><V122/><F122/><W69/><G69/><T78/><D78/><AGARI ba="0,0" hai="15,17,18,21,22,25,44,46,72,78,81" m="44082" machi="78" ten="40,2600,0" yaku="15,1,52,1" doraHai="51,11" who="3" fromWho="0" sc="291,-26,145,0,319,0,245,26" />
</Scene>
<Scene>
<INIT seed="5,0,0,2,4,114" ten="265,145,319,271" oya="1" hai0="42,93,22,55,19,62,99,116,14,76,48,83,33" hai1="72,120,110,11,119,65,78,58,37,47,102,89,6" hai2="95,31,51,121,52,4,71,112,113,81,106,8,88" hai3="1,18,103,126,57,128,32,111,13,67,68,122,117"/><U135/><E120/><V131/><F106/><W92/><G1/><T118/><D33/><U86/><E110/><V34/><F71/><W12/><G32/><T115/><D42/><U127/><E102/><V107/><F107/><W49/><G122/><T53/><D115/><N who="2" m="44106" /><F81/><W104/><G104/><T124/><D124/><U39/><E127/><V100/><F100/><W45/><G68/><T10/><D62/><N who="1" m="38103" /><E89/><V38/><F38/><W125/><G111/><T105/><D105/><U50/><E86/><N who="2" m="52631" /><F131/><W60/><G128/><T9/><D9/><U96/><E39/><V36/><F36/><W75/><G75/><T133/><D133/><U43/><E135/><V97/><F97/><W3/><G3/><T82/><D10/><U0/><E96/><V25/><F121/><W66/><G92/><T74/><D83/><N who="1" m="45511" /><E50/><V20/><F34/><W64/><G103/><T59/><REACH who="0" step="1"/><D55/><REACH who="0" ten="255,145,319,271" step="2"/><U7/><E6/><V79/><F8/><N who="3" m="6407" /><G126/><T28/><D28/><U35/><E35/><V85/><F4/><W77/><G125/><T70/><D70/><U84/><E84/><V134/><F134/><W108/><G108/><T16/><D16/><U46/><E43/><V87/><F79/><W26/><G77/><T69/><D69/><U80/><E37/><V98/><F98/><W5/><G5/><T101/><AGARI ba="0,1" hai="14,19,22,48,53,59,74,76,82,93,99,101,116,118" machi="101" ten="20,8000,1" yaku="1,1,0,1,7,1,52,2,53,0" doraHai="114" doraHaiUra="123" who="0" fromWho="0" sc="255,90,145,-40,319,-20,271,-20" />
</Scene>
<Scene>
<INIT seed="6,0,0,0,5,103" ten="345,105,299,251" oya="2" hai0="111,61,120,59,64,10,124,134,63,60,78,55,47" hai1="20,0,45,88,31,14,91,77,101,110,135,94,28" hai2="133,127,131,51,46,79,71,49,112,42,132,13,109" hai3="22,126,52,106,83,122,16,32,102,39,36,53,81"/><V123/><F79/><W1/><G32/><T72/><D111/><U56/><E135/><N who="2" m="51787" /><F109/><W100/><G122/><T125/><D134/><U7/><E110/><V34/><F123/><W107/><G22/><T93/><D120/><U29/><E0/><V104/><F34/><W48/><G48/><N who="0" m="29087" /><D10/><U89/><E77/><V98/><F112/><W113/><G1/><T68/><D93/><U130/><E130/><V19/><F71/><W65/><G65/><N who="0" m="41023" /><D78/><U86/><E45/><V33/><F33/><W38/><G38/><T80/><D80/><U15/><E101/><N who="2" m="62519" /><F127/><N who="0" m="48714" /><D61/><U67/><E14/><V82/><F82/><W70/><G126/><T35/><D35/><U2/><E2/><V76/><F76/><W69/><REACH who="3" step="1"/><G16/><REACH who="3" ten="345,105,299,241" step="2"/><T41/><D72/><U108/><E108/><V85/><F131/><W58/><G58/><T4/><D4/><U43/><E56/><V21/><F85/><W90/><G90/><T44/><D44/><U116/><E7/><V37/><AGARI ba="0,1" hai="13,19,21,37,42,46,49,51" m="62519,51787" machi="37" ten="30,3000,0" yaku="20,1,52,1" doraHai="103" who="2" fromWho="2" sc="345,-10,105,-10,299,40,241,-10" />
</Scene>
<Scene>
<INIT seed="6,1,0,3,4,32" ten="335,95,339,231" oya="2" hai0="50,59,46,79,49,105,93,134,94,0,82,116,51" hai1="72,40,126,85,29,8,27,38,1,96,61,39,6" hai2="133,121,101,115,14,68,111,76,21,63,86,5,127" hai3="89,113,99,57,45,124,44,135,10,37,122,23,103"/><V104/><F121/><W97/><G122/><T74/><D105/><U95/><E126/><V43/><F127/><W28/><G124/><T15/><D0/><U13/><E72/><V78/><F43/><W75/><G75/><T69/><D69/><U117/><E117/><V17/><F115/><W47/><G113/><T34/><D34/><U42/><E85/><V30/><F133/><W98/><G135/><T107/><D107/><U129/><E129/><V26/><F111/><W58/><G37/><T7/><D134/><U65/><E39/><V12/><F86/><W62/><G103/><T118/><D59/><U22/><E13/><V120/><F120/><W18/><G89/><T131/><D131/><U112/><E38/><V84/><F84/><W11/><G28/><T119/><D46/><U41/><E41/><V55/><F14/><W132/><G132/><T87/><D74/><U48/><E48/><V80/><F80/><W66/><REACH who="3" step="1"/><G58/><REACH who="3" ten="335,95,339,221" step="2"/><T35/><D35/><U88/><REACH who="1" step="1"/><E112/><REACH who="1" ten="335,85,339,221" step="2"/><V70/><F76/><W77/><G77/><T114/><D114/><U54/><E54/><V108/><F78/><W81/><G81/><T2/><D116/><U125/><E125/><V9/><F55/><W52/><G52/><T109/><D118/><U24/><E24/><AGARI ba="1,2" hai="10,11,18,23,24,44,45,47,57,62,66,97,98,99" machi="24" ten="40,5200,0" yaku="1,1,8,1,53,1" doraHai="32" doraHaiUra="53" who="3" fromWho="1" sc="335,0,85,-55,339,0,221,75" />
</Scene>
<Scene>
<INIT seed="7,0,0,3,3,53" ten="335,30,339,296" oya="3" hai0="78,50,76,82,87,29,22,74,12,79,105,99,106" hai1="61,68,130,126,37,33,104,0,14,41,5,114,115" hai2="92,52,16,95,70,32,57,31,63,125,134,109,18" hai3="121,83,34,30,39,49,69,6,1,48,85,36,94"/><W40/><G121/><T54/><D74/><U20/><E14/><V93/><F109/><W75/><G69/><T91/><D99/><U128/><E20/><V129/><F129/><W8/><G30/><T44/><REACH who="0" step="1"/><D12/><REACH who="0" ten="325,30,339,296" step="2"/><U23/><E23/><V90/><F134/><W17/><G34/><T98/><D98/><U72/><E5/><V84/><F125/><W113/><G17/><T127/><D127/><U97/><E97/><V89/><F32/><W101/><G113/><T4/><D4/><U27/><E27/><AGARI ba="0,1" hai="22,27,29,44,50,54,76,78,79,82,87,91,105,106" machi="27" ten="40,1300,0" yaku="1,1,53,0" doraHai="53" doraHaiUra="2" who="0" fromWho="1" sc="325,23,30,-13,339,0,296,0" owari="348,44.0,17,-48.0,339,14.0,296,-10.0" />
</Scene>
</mjloggm>