<mjloggm ver="2.3"><GO type="193"/><UN n0="%4C%69%66%65%4D%61%6E" n1="%E6%96%B0%E7%99%BB%E5%A0%B4" n2="%E5%A4%AA%E3%81%8F%E3%81%AA%E3%81%84%E3%81%8A" n3="%E5%8F%A4%E3%81%AE%E9%89%84%E3%81%AE%E5%B7%A8%E4%BA%BA" dan="10,12,6,10" rate="1561,1746,1640,1503" sx="M,M,M,M"/><TAIKYOKU oya="0"/>

<Scene>
<INIT seed="0,0,0,4,4,125" ten="250,250,250,250" oya="0" hai0="50,3,112,132,26,14,60,43,55,52,17,105,67" hai1="109,79,95,74,104,88,100,81,37,120,102,16,11" hai2="106,29,117,62,113,45,85,92,6,23,129,24,27" hai3="57,22,36,28,118,33,96,127,9,51,130,69,82"/><T119/><D105/><U70/><E37/><V77/><F106/><W32/><G118/><T1/><D119/><U39/><E39/><V107/><F107/><W21/><G127/><T13/><D112/><U25/><E70/><V75/><F117/><W15/><G69/><T122/><D122/><U56/><E120/><V91/><F113/><W87/><G36/><T61/><D132/><U103/><E104/><V4/><F75/><W73/><G73/><T72/><D72/><U128/><E128/><V86/><F129/><W135/><G130/><T59/><D43/><U124/><E124/><V40/><F62/><W66/><G135/><T12/><D3/><U38/><E38/><V20/><F77/><W90/><G32/><T114/><D114/><U83/><E109/><V54/><F54/><W65/><G33/><T78/><D1/><U46/><E46/><V18/><REACH who="2" step="1"/><F86/><REACH who="2" ten="250,250,240,250" step="2"/><W126/><G126/><T89/><D78/><U99/><E74/><V10/><F10/><W31/><G96/><T123/><D123/><U134/><E79/><V64/><F64/><N who="3" m="24683" /><G51/><AGARI ba="0,1" hai="4,6,18,20,23,24,27,29,40,45,51,85,91,92" machi="51" ten="30,3900,0" yaku="1,1,7,1,8,1,53,0" doraHai="125" doraHaiUra="93" who="2" fromWho="3" sc="250,0,250,0,240,49,250,-39" />
</Scene>
<Scene>
<INIT seed="1,0,0,0,3,86" ten="250,250,289,211" oya="1" hai0="127,117,56,108,73,25,6,48,33,78,43,96,18" hai1="16,12,115,128,92,101,1,23,79,58,113,130,126" hai2="4,135,17,47,81,0,107,22,68,114,112,94,88" hai3="129,76,20,39,37,131,84,97,5,61,54,13,98"/><U36/><E1/><V91/><F107/><W95/><G5/><T122/><D43/><U21/><E36/><N who="3" m="13898" /><G76/><T59/><D48/><U83/><E126/><V10/><F68/><W66/><G54/><T102/><D6/><U60/><E21/><V125/><F125/><W72/><G72/><T42/><D42/><U26/><E101/><V103/><F135/><W41/><G41/><T57/><D18/><U99/><E99/><N who="3" m="37898" /><G20/><T82/><D25/><U40/><E92/><V106/><F106/><W50/><G50/><T77/><D127/><U62/><E40/><V46/><F103/><W34/><G34/><T52/><D33/><U24/><E83/><V8/><F8/><W30/><G30/><T44/><D117/><U123/><E79/><V87/><F81/><W2/><G2/><T85/><D122/><U110/><E123/><V51/><F91/><N who="3" m="53735" /><G13/><T64/><D64/><N who="1" m="38935" /><E62/><V32/><F32/><W69/><G69/><T93/><D78/><U28/><E110/><V124/><F124/><W100/><G100/><T67/><D73/><U90/><E113/><N who="2" m="43627" /><F51/><W71/><G71/><T89/><D67/><U105/><E105/><V65/><F65/><W109/><G109/><T75/><D108/><U134/><E115/><V3/><F3/><W31/><G31/><T53/><REACH who="0" step="1"/><D44/><REACH who="0" ten="240,250,289,211" step="2"/><U29/><E134/><V119/><F119/><W19/><G19/><T38/><D38/><U121/><E121/><V11/><F11/><W55/><G66/><T45/><D45/><U49/><E29/><V120/><F120/><W27/><G27/><AGARI ba="0,1" hai="0,4,10,17,22,27,46,47,87,88,94" m="43627" machi="27" ten="30,3900,0" yaku="11,1,52,1,54,1" doraHai="86" who="2" fromWho="3" sc="240,0,250,0,289,49,211,-39" />
</Scene>
<Scene>
<INIT seed="2,0,0,5,5,42" ten="240,250,338,172" oya="2" hai0="41,72,20,36,73,89,32,3,60,91,131,96,65" hai1="11,130,7,83,111,56,109,54,44,108,64,93,49" hai2="128,0,81,88,85,6,9,21,63,129,38,52,12" hai3="84,24,10,59,122,135,1,87,47,99,94,17,107"/><V124/><F38/><W134/><G122/><T23/><D32/><U67/><E130/><N who="2" m="50283" /><F124/><W66/><G107/><T70/><D131/><U80/><E93/><V127/><F127/><W105/><G105/><T123/><D123/><U102/><E102/><V2/><F21/><W78/><G47/><T13/><D91/><U92/><E92/><V43/><F43/><W39/><G39/><T26/><D23/><U75/><E75/><V116/><F116/><W28/><G78/><T121/><D3/><N who="1" m="511" /><E67/><V8/><F8/><W82/><G82/><N who="1" m="31274" /><E64/><V126/><F126/><W45/><G45/><AGARI ba="0,0" hai="44,45,49,54,56,108,109,111" m="31274,511" machi="45" ten="40,5200,0" yaku="14,1,52,2" doraHai="42" who="1" fromWho="3" sc="240,0,250,52,338,0,172,-52" />
</Scene>
<Scene>
<INIT seed="3,0,0,0,5,98" ten="240,302,338,120" oya="3" hai0="44,10,54,96,130,80,70,59,18,78,64,95,87" hai1="26,124,40,23,16,72,2,48,77,104,8,24,60" hai2="118,86,43,42,67,38,125,112,19,132,57,15,103" hai3="31,76,106,121,128,34,133,123,73,5,32,30,27"/><W85/><G128/><T0/><D70/><U99/><E124/><V134/><F118/><W6/><G133/><N who="2" m="51305" /><F112/><W127/><G127/><T37/><D130/><U79/><E72/><V33/><F125/><W4/><G73/><T122/><D0/><U81/><E60/><N who="2" m="38287" /><F33/><W135/><G135/><T120/><D37/><U1/><E24/><V126/><F126/><W36/><G36/><T114/><D64/><U29/><E81/><V53/><F38/><W82/><G106/><T62/><D44/><U55/><E40/><V94/><F53/><W92/><G92/><T3/><D114/><U66/><E66/><V113/><F113/><W51/><G51/><T46/><D46/><U100/><E2/><V11/><F103/><W117/><G117/><T84/><D84/><U14/><REACH who="1" step="1"/><E1/><REACH who="1" ten="240,292,338,120" step="2"/><V41/><F41/><W71/><G71/><T109/><D3/><U20/><E20/><V131/><F131/><W25/><AGARI ba="0,1" hai="4,5,6,25,27,30,31,32,34,76,82,85,121,123" machi="25" ten="30,3000,0" yaku="0,1,9,1" doraHai="98" who="3" fromWho="3" sc="240,-10,292,-10,338,-10,120,40" />
</Scene>
<Scene>
<INIT seed="3,1,0,4,5,82" ten="230,282,328,160" oya="3" hai0="10,91,9,64,92,117,60,24,7,12,66,118,101" hai1="124,111,67,115,122,62,53,85,17,134,89,125,51" hai2="128,93,28,19,78,107,31,104,20,108,76,121,77" hai3="70,4,36,3,40,113,47,13,98,38,46,0,42"/><W123/><G123/><T30/><D9/><U34/><E122/><V90/><F121/><W32/><G113/><T65/><D101/><U6/><E115/><V69/><F69/><W88/><G32/><T54/><D118/><U83/><E34/><V61/><F108/><W27/><G70/><T72/><D117/><U56/><E111/><V11/><F128/><W127/><G127/><N who="1" m="48714" /><E134/><V35/><F35/><W81/><G27/><T106/><D106/><U133/><E17/><V16/><F61/><W102/><G13/><T126/><D72/><U8/><E133/><V33/><F33/><W84/><REACH who="3" step="1"/><G4/><REACH who="3" ten="230,282,328,150" step="2"/><T15/><D126/><U94/><E83/><V59/><F11/><W2/><G2/><T63/><D15/><N who="1" m="5527" /><E67/><N who="0" m="17153" /><T39/><DORA hai="55" /><D39/><U112/><E112/><V132/><F132/><W110/><G110/><T22/><D63/><AGARI ba="1,1" hai="51,53,56,62,63,85,89,94" m="5527,48714" machi="63" ten="30,3900,0" yaku="18,1,52,2" doraHai="82,55" who="1" fromWho="0" sc="230,-42,282,52,328,0,150,0" owari="188,-21.0,334,43.0,328,13.0,150,-35.0" />
</Scene>
</mjloggm>