<mjloggm ver="2.3"><GO type="97"/><UN n0="%E3%83%89%E3%83%AA%E3%83%BC%E3%83%A0%E5%B0%8F%E6%9E%97" n1="%E5%A4%AA%E3%81%8F%E3%81%AA%E3%81%84%E3%81%8A" n2="%E3%81%B5%E3%82%82%E3%81%B5%E3%82%82%E3%81%A3%E3%81%B5" n3="%4D%6F%6B%6B%6F%4D" dan="13,14,14,15" rate="1909,2047,1924,1965" sx="M,M,M,M"/><TAIKYOKU oya="0"/>

<Scene>
<INIT seed="0,0,0,2,1,54" ten="250,250,250,250" oya="0" hai0="10,8,55,77,111,93,32,40,124,104,46,45,112" hai1="95,125,3,91,79,64,78,120,28,38,88,9,42" hai2="113,98,59,19,5,39,21,105,66,15,50,0,109" hai3="44,68,114,132,53,117,100,65,133,101,36,26,82"/><T48/><D104/><U71/><E120/><V52/><F113/><W102/><G117/><T131/><D112/><U16/><E125/><V34/><F39/><W110/><G114/><T92/><D32/><U51/><E38/><V57/><F34/><W33/><G110/><T123/><D123/><U23/><E71/><V129/><F109/><W87/><G68/><T17/><D111/><U122/><E64/><V83/><F129/><W75/><G65/><T63/><D124/><U116/><E116/><V30/><F83/><W86/><G75/><T25/><D131/><U76/><E122/><V115/><F115/><W119/><G119/><T81/><D25/><N who="1" m="16447" /><E3/><V96/><F105/><W2/><G2/><T58/><D45/><N who="1" m="26039" /><E95/><N who="0" m="36425" /><D17/><U37/><E37/><V134/><F134/><N who="3" m="51819" /><G82/><T99/><D99/><N who="2" m="37930" /><F0/><W118/><G118/><T29/><D29/><U62/><E62/><N who="2" m="38239" /><F30/><N who="3" m="19671" /><G36/><T73/><D73/><U11/><E11/><V89/><F89/><W18/><G18/><T72/><D72/><U35/><E35/><V1/><F1/><W4/><G4/><AGARI ba="0,0" hai="4,5,15,19,21,50,52,57" m="38239,37930" machi="4" ten="30,7700,0" yaku="8,1,52,2,54,1" doraHai="54" who="2" fromWho="3" sc="250,0,250,0,250,77,250,-77" />
</Scene>
<Scene>
<INIT seed="1,0,0,3,1,90" ten="250,250,327,173" oya="1" hai0="68,94,8,48,111,25,40,126,6,12,14,13,89" hai1="1,37,84,30,22,42,23,18,60,81,83,54,46" hai2="75,16,112,86,38,85,129,50,74,63,24,91,47" hai3="113,121,77,32,119,101,131,102,28,27,103,15,11"/><U65/><E1/><V51/><F38/><W122/><G131/><T82/><D68/><U49/><E30/><V59/><F129/><W117/><G77/><T34/><D111/><U10/><E10/><V79/><F79/><W98/><G98/><T62/><D62/><U4/><E4/><V57/><F112/><W39/><G39/><T64/><D64/><U96/><E96/><V104/><F104/><W97/><G97/><T120/><D120/><U114/><E114/><V29/><F75/><W9/><G113/><T43/><D126/><U35/><E35/><V99/><F74/><W66/><G66/><T33/><D82/><U41/><E41/><N who="0" m="15945" /><D34/><U72/><E72/><V2/><F2/><W58/><G58/><N who="2" m="22025" /><F63/><W19/><REACH who="3" step="1"/><G11/><REACH who="3" ten="250,250,327,163" step="2"/><T93/><D8/><U76/><E65/><V107/><F107/><W80/><G80/><T44/><D44/><U0/><E81/><V56/><F56/><W71/><G71/><T45/><D45/><U133/><E37/><V125/><F47/><W134/><G134/><T61/><D48/><U105/><E105/><V31/><F51/><W26/><G26/><T124/><D124/><U108/><E42/><V127/><F50/><W110/><G110/><T128/><D25/><U73/><E108/><V123/><F127/><W118/><AGARI ba="0,1" hai="9,15,19,27,28,32,101,102,103,117,118,119,121,122" machi="118" ten="40,5200,0" yaku="1,1,0,1,12,1,53,0" doraHai="90" doraHaiUra="52" who="3" fromWho="3" sc="250,-13,250,-26,327,-13,163,62" />
</Scene>
<Scene>
<INIT seed="2,0,0,2,3,125" ten="237,224,314,225" oya="2" hai0="54,62,57,41,90,120,128,106,30,82,97,15,25" hai1="122,45,26,74,109,92,89,6,27,114,81,94,121" hai2="56,134,11,70,13,101,116,36,117,21,80,33,18" hai3="8,104,126,75,10,91,131,93,124,100,68,133,84"/><V24/><F70/><W4/><G68/><T55/><D120/><N who="1" m="46187" /><E114/><V2/><F134/><W7/><G10/><T111/><D111/><U40/><E109/><V129/><F36/><W127/><G7/><T99/><D41/><U51/><E6/><V123/><F123/><W67/><G67/><T9/><D106/><U77/><E92/><V0/><F101/><W98/><G133/><T19/><D128/><U96/><AGARI ba="0,0" hai="26,27,40,45,51,74,77,81,89,94,96" m="46187" machi="96" ten="30,1100,0" yaku="13,1" doraHai="125" who="1" fromWho="1" sc="237,-3,224,11,314,-5,225,-3" />
</Scene>
<Scene>
<INIT seed="3,0,0,1,1,58" ten="234,235,309,222" oya="3" hai0="105,114,80,102,56,121,96,78,86,123,120,116,69" hai1="126,45,83,122,55,19,111,85,63,94,81,33,75" hai2="37,25,35,18,99,76,92,97,95,50,22,47,21" hai3="103,54,38,90,79,49,51,101,34,124,113,1,68"/><W52/><G1/><T82/><D69/><U53/><E122/><V16/><F37/><W98/><G34/><T132/><D56/><N who="1" m="35215" /><E75/><V26/><F35/><W39/><G68/><T36/><D36/><U23/><E33/><V40/><F76/><W12/><G79/><N who="0" m="46367" /><D116/><U73/><E73/><V30/><F30/><W89/><G124/><T107/><D132/><U127/><E111/><V10/><F10/><W87/><G12/><T117/><D117/><U31/><E31/><V61/><F61/><W13/><G13/><T131/><D131/><U93/><E126/><V57/><F57/><W60/><G87/><N who="0" m="48599" /><D114/><U43/><E43/><V118/><F118/><W9/><G98/><AGARI ba="0,0" hai="16,18,21,22,25,26,40,47,50,92,95,97,98,99" machi="98" ten="40,5200,0" yaku="9,1,8,1,54,1" doraHai="58" who="2" fromWho="3" sc="234,0,235,0,309,52,222,-52" owari="234,-17.0,235,4.0,361,46.0,170,-33.0" />
</Scene>
</mjloggm>