<mjloggm ver="2.3"><GO type="169" lobby="0"/><UN n0="%E5%A4%AA%E3%81%8F%E3%81%AA%E3%81%84%E3%81%8A" n1="%E3%83%9E%E3%83%84%E3%82%B6%E3%82%AD" n2="%E3%81%AF%E3%81%9B%E3%81%99%E3%81%91%EF%BC%8E" n3="%E9%81%8A%E8%B5%B0" dan="17,16,17,17" rate="2167.08,2127.27,2126.25,2109.85" sx="M,M,M,F"/><TAIKYOKU oya="0"/>

<Scene>
<INIT seed="0,0,0,0,0,59" ten="250,250,250,250" oya="0" hai0="75,33,66,125,9,48,103,84,95,12,76,49,14" hai1="104,34,27,101,83,44,15,124,112,10,23,3,86" hai2="54,133,68,47,42,57,45,131,63,29,2,4,31" hai3="18,67,93,38,6,53,128,43,118,52,134,37,120"/><T24/><D125/><U41/><E124/><V122/><F122/><W110/><G118/><T32/><D75/><U22/><E3/><V51/><F133/><W56/><G120/><T98/><D66/><U61/><E112/><V21/><F131/><W132/><G6/><T92/><D14/><U65/><E101/><V77/><F77/><W62/><G18/><T35/><D24/><U82/><E104/><V115/><F115/><W36/><G93/><T89/><REACH who="0" step="1"/><D76/><REACH who="0" ten="240,250,250,250" step="2"/><U79/><E15/><V8/><F68/><W111/><G128/><T16/><AGARI ba="0,1" hai="9,12,16,32,33,35,48,49,84,89,92,95,98,103" machi="16" ten="30,11700,0" yaku="1,1,2,1,0,1,54,1,53,0" doraHai="59" doraHaiUra="17" who="0" fromWho="0" sc="240,127,250,-39,250,-39,250,-39" />
</Scene>
<Scene>
<INIT seed="0,1,0,4,1,134" ten="367,211,211,211" oya="0" hai0="13,59,86,7,121,15,94,19,127,60,74,24,39" hai1="90,91,18,109,97,65,75,22,67,114,3,108,105" hai2="29,103,106,54,123,47,96,87,12,112,117,57,49" hai3="40,101,98,14,28,133,37,36,118,51,119,104,64"/><T130/><D121/><U72/><E3/><V71/><F112/><W38/><G133/><T11/><D74/><U81/><E114/><V92/><F117/><W76/><G64/><T26/><D39/><U115/><E115/><V17/><F123/><W124/><G76/><T63/><D130/><U31/><E31/><V111/><F71/><W53/><G40/><T113/><D113/><U1/><E1/><V52/><F111/><W23/><G124/><T41/><D41/><U73/><E81/><V21/><F29/><W82/><G82/><T79/><D127/><U120/><E120/><V27/><F87/><W62/><G62/><N who="0" m="23595" /><D59/><U5/><E5/><V10/><F106/><W128/><G128/><T20/><D79/><U0/><E0/><V55/><REACH who="2" step="1"/><F57/><REACH who="2" ten="367,211,201,211" step="2"/><W2/><G119/><T99/><D86/><U102/><E108/><V34/><F34/><W44/><G118/><T77/><D77/><U131/><E109/><V122/><F122/><W9/><G28/><T85/><D85/><U68/><E131/><V25/><F25/><W135/><G135/><T6/><D6/><U110/><E110/><V66/><F66/><W78/><G78/><T33/><D33/><U58/><E68/><V116/><F116/><W93/><G104/><T80/><D80/><U35/><E35/><V84/><F84/><W132/><G132/><T45/><D26/><N who="1" m="14679" /><E58/><V129/><F129/><W88/><G98/><T32/><D32/><U42/><E67/><V30/><AGARI ba="1,1" hai="10,12,17,21,27,30,47,49,52,54,55,92,96,103" machi="30" ten="20,16000,3" yaku="1,1,0,1,7,1,8,1,54,1,53,3" doraHai="134" doraHaiUra="48" who="2" fromWho="2" sc="367,-81,211,-41,201,173,211,-41" />
</Scene>
<Scene>
<INIT seed="1,0,0,5,2,133" ten="286,170,374,170" oya="1" hai0="127,82,134,13,132,31,32,25,126,59,92,105,111" hai1="39,17,63,50,26,51,35,114,61,71,16,22,96" hai2="72,56,79,62,43,48,27,93,37,103,94,6,115" hai3="100,73,65,69,116,118,78,117,64,14,129,45,0"/><U67/><E114/><V40/><F115/><W3/><G129/><T23/><D105/><U110/><E39/><V86/><F37/><W87/><G73/><T85/><D111/><U130/><E130/><V10/><F72/><W29/><G100/><T70/><D70/><U128/><E128/><V88/><F79/><W47/><G14/><T24/><D92/><U28/><E110/><V74/><F74/><W46/><G29/><N who="0" m="17567" /><D59/><U125/><E125/><N who="0" m="47625" /><D13/><U52/><E96/><V7/><F27/><W124/><G124/><T55/><D55/><U11/><E11/><V75/><F75/><W91/><G78/><AGARI ba="0,0" hai="25,31,32,78,82,85,132,134" m="47625,17567" machi="78" ten="30,7700,0" yaku="18,1,52,3" doraHai="133" who="0" fromWho="3" sc="286,77,170,0,374,0,170,-77" />
</Scene>
<Scene>
<INIT seed="2,0,0,2,5,76" ten="363,170,374,93" oya="2" hai0="117,106,72,101,91,132,89,17,13,4,41,3,15" hai1="75,11,35,14,73,121,82,133,48,0,80,18,122" hai2="86,34,1,130,69,131,99,55,88,90,124,23,59" hai3="45,64,71,31,7,32,25,100,33,36,103,110,109"/><V50/><F69/><W46/><G7/><T26/><D72/><U98/><E35/><V77/><F34/><W29/><G64/><T94/><D41/><U97/><E133/><V102/><F1/><W6/><G6/><T39/><D39/><U54/><E0/><V87/><F124/><W51/><G71/><T111/><D3/><U22/><E22/><V66/><F66/><W116/><G36/><T60/><D132/><U65/><E65/><V70/><F70/><W95/><G116/><T44/><D44/><U104/><E75/><V47/><F47/><W56/><G56/><T27/><D60/><U10/><E73/><V61/><F61/><W114/><G114/><T78/><D78/><U115/><E115/><V128/><F23/><W12/><G12/><T9/><D117/><U134/><E134/><V135/><F135/><W43/><G95/><T96/><D111/><U5/><E5/><V119/><F119/><W118/><G118/><T52/><D52/><U58/><E10/><V42/><F42/><W84/><G84/><N who="2" m="32297" /><F77/><W53/><G43/><T83/><D4/><U81/><REACH who="1" step="1"/><E104/><AGARI ba="0,0" hai="50,55,59,88,90,99,102,104,128,130,131" m="32297" machi="104" ten="30,2900,0" yaku="19,1,54,1" doraHai="76" who="2" fromWho="1" sc="363,0,170,-29,374,29,93,0" />
</Scene>
<Scene>
<INIT seed="2,1,0,5,1,92" ten="363,141,403,93" oya="2" hai0="125,25,91,41,56,60,80,123,44,112,115,35,120" hai1="102,110,119,1,116,59,39,106,74,75,14,108,69" hai2="134,4,15,2,77,30,27,47,5,64,50,121,127" hai3="124,42,7,129,133,22,48,70,72,28,10,131,51"/><V122/><F121/><W81/><G70/><T18/><D125/><U43/><E1/><V20/><F122/><W17/><G28/><T100/><D100/><U63/><E69/><V95/><F127/><W58/><G124/><T88/><D120/><U45/><E14/><V0/><F134/><W26/><G133/><T130/><D123/><U76/><E102/><V79/><F64/><W93/><G93/><T99/><D130/><N who="3" m="49673" /><G42/><T101/><D35/><U97/><E97/><V94/><F0/><N who="3" m="359" /><G58/><T32/><D32/><U114/><E106/><V55/><F2/><W38/><G38/><T78/><D41/><U68/><E114/><V16/><F94/><W19/><G19/><T11/><D18/><U86/><E59/><V83/><F95/><W96/><G96/><T34/><D99/><U113/><E113/><V13/><F13/><W6/><G6/><T73/><D112/><U36/><E36/><V46/><F46/><W31/><G31/><T24/><D44/><U40/><E40/><V8/><REACH who="2" step="1"/><F79/><AGARI ba="1,0" hai="17,22,26,48,51,72,79,81" m="359,49673" machi="79" ten="30,1000,0" yaku="19,1" doraHai="92" who="3" fromWho="2" sc="363,0,141,0,403,-13,93,13" />
</Scene>
<Scene>
<INIT seed="3,0,0,0,1,54" ten="363,141,390,106" oya="3" hai0="105,86,125,26,94,75,2,124,33,123,67,64,78" hai1="11,4,119,0,106,132,127,80,95,130,12,83,9" hai2="34,44,96,76,17,103,91,41,70,56,68,48,92" hai3="52,81,28,121,62,3,19,37,100,66,36,20,38"/><W10/><G121/><T107/><D123/><U51/><E106/><N who="0" m="40457" /><D2/><U32/><E32/><V8/><F34/><W71/><G28/><N who="0" m="19607" /><D75/><U42/><E130/><V30/><F76/><W58/><G100/><T134/><D134/><U74/><E127/><N who="0" m="48713" /><D94/><U46/><E132/><V120/><F30/><W15/><G81/><AGARI ba="0,0" hai="64,67,78,81,86" m="48713,19607,40457" machi="81" ten="30,1000,0" yaku="18,1" doraHai="54" who="0" fromWho="3" sc="363,10,141,0,390,0,106,-10" />
</Scene>
<Scene>
<INIT seed="4,0,0,4,3,132" ten="373,141,390,96" oya="0" hai0="135,37,20,109,58,101,84,100,77,106,49,47,116" hai1="13,40,66,39,122,60,87,31,112,10,75,73,120" hai2="12,14,118,52,45,34,105,18,16,107,23,129,38" hai3="85,29,88,134,80,71,89,125,115,124,33,2,114"/><T8/><D116/><U65/><E31/><V93/><F34/><W6/><G134/><T51/><D135/><U127/><E40/><V103/><F118/><W96/><G71/><T63/><D109/><U17/><E39/><V92/><F129/><W54/><G54/><T55/><D37/><U64/><E60/><V117/><F117/><W36/><G36/><T15/><D20/><U30/><E30/><V53/><F38/><W28/><G6/><N who="0" m="3479" /><D106/><U126/><E87/><V44/><F23/><W35/><G2/><T59/><D59/><U43/><E43/><V86/><F86/><W128/><G128/><T48/><D47/><U32/><E32/><N who="3" m="12362" /><G29/><T97/><D97/><U76/><E112/><N who="3" m="43050" /><G28/><T113/><D113/><U61/><E61/><V130/><F130/><W108/><G108/><T94/><D94/><AGARI ba="0,0" hai="80,85,88,89,94,96,124,125" m="43050,12362" machi="94" ten="40,8000,1" yaku="15,1,52,2,54,1" doraHai="132" who="3" fromWho="0" sc="373,-80,141,0,390,0,96,80" />
</Scene>
<Scene>
<INIT seed="5,0,0,5,2,101" ten="293,141,390,176" oya="1" hai0="56,107,13,74,70,19,60,86,103,16,5,135,27" hai1="28,66,94,88,57,71,67,81,82,72,69,87,123" hai2="9,64,90,128,126,131,68,6,8,84,21,112,83" hai3="98,59,29,100,43,105,109,102,15,34,73,95,11"/><U80/><E123/><V26/><F126/><W33/><G109/><T75/><D70/><U36/><E36/><V114/><F64/><W132/><G73/><T58/><D135/><U124/><E124/><V99/><F68/><W4/><G132/><T91/><D5/><U122/><E122/><V32/><F32/><W92/><G43/><T93/><D27/><U119/><E119/><V125/><F125/><W0/><G0/><T77/><D77/><U52/><E72/><V24/><F99/><W41/><G41/><T116/><D116/><U2/><E2/><N who="2" m="87" /><F9/><W96/><G29/><T51/><D51/><N who="1" m="30879" /><E71/><V46/><F46/><W10/><G10/><T117/><D117/><U76/><E69/><V85/><F85/><W118/><G118/><T129/><D75/><U23/><E76/><V108/><F108/><W38/><G38/><T47/><D74/><U111/><E111/><V63/><F63/><W25/><G25/><AGARI ba="0,0" hai="23,25,28,66,67,80,81,82,87,88,94" m="30879" machi="25" ten="30,5800,0" yaku="8,1,54,2" doraHai="101" who="1" fromWho="3" sc="293,0,141,58,390,0,176,-58" />
</Scene>
<Scene>
<INIT seed="5,1,0,5,2,50" ten="293,199,390,118" oya="1" hai0="79,105,2,83,69,18,1,55,98,35,109,117,88" hai1="49,95,131,39,42,0,44,115,101,99,27,60,52" hai2="21,129,10,130,17,124,38,13,80,24,111,3,46" hai3="133,112,41,93,123,72,84,37,47,40,134,26,36"/><U82/><E115/><V12/><F38/><W135/><G123/><T33/><D109/><U110/><E110/><V20/><F111/><W91/><G112/><T14/><D117/><U7/><E131/><N who="2" m="50187" /><F80/><W126/><G126/><T65/><D65/><U58/><E82/><V32/><F46/><W51/><G72/><T71/><D71/><U108/><E108/><V45/><F45/><W132/><N who="3" m="33792" /><DORA hai="78" /><W104/><G104/><T48/><D69/><U56/><E27/><N who="2" m="14735" /><F124/><W94/><G41/><T57/><D2/><U121/><E121/><V97/><F97/><W85/><REACH who="3" step="1"/><G26/><REACH who="3" ten="293,199,390,108" step="2"/><T53/><D105/><U68/><E42/><V77/><F24/><W6/><G6/><T66/><D35/><U90/><E7/><V30/><F32/><W81/><G81/><T19/><D33/><U106/><E106/><V86/><F3/><W92/><G92/><T128/><D1/><U23/><E0/><V9/><F12/><W113/><G113/><T34/><D34/><U119/><E119/><V76/><F13/><W74/><G74/><T15/><D128/><U63/><E95/><V127/><F127/><W96/><G96/><T103/><D15/><U16/><E99/><V62/><F77/><W25/><G25/><T4/><D4/><U54/><E39/><V87/><F76/><W122/><G122/><T114/><D79/><U28/><E28/><V120/><F30/><W8/><G8/><T61/><D98/><U29/><E29/><V59/><F9/><W11/><G11/><T125/><D125/><U5/><E5/><V89/><F10/><W100/><G100/><RYUUKYOKU ba="1,1" sc="293,-10,199,-10,390,-10,108,30" hai3="36,37,40,47,51,84,85,91,93,94" />
</Scene>
<Scene>
<INIT seed="6,2,1,0,2,12" ten="283,189,380,138" oya="2" hai0="114,1,22,28,47,48,89,2,11,123,79,70,117" hai1="49,41,110,132,4,78,133,109,96,44,75,16,23" hai2="98,131,46,103,31,121,120,73,122,35,84,116,128" hai3="72,104,38,83,93,130,77,43,115,36,10,56,50"/><V106/><F73/><W112/><G104/><T59/><D123/><U60/><E4/><V94/><F35/><W101/><G130/><N who="2" m="49705" /><F31/><W105/><G105/><T40/><D70/><U113/><E96/><N who="2" m="61799" /><F46/><W29/><G29/><T124/><D79/><U13/><E113/><N who="3" m="43594" /><G10/><T87/><D114/><U111/><REACH who="1" step="1"/><E60/><REACH who="1" ten="283,179,380,138" step="2"/><V53/><F116/><W54/><G43/><T91/><D117/><U25/><E25/><V119/><F119/><W63/><G63/><T92/><D40/><U24/><E24/><V57/><F122/><W129/><G129/><T127/><D127/><U32/><E32/><V19/><F121/><W134/><G134/><T125/><D124/><U27/><E27/><V15/><F120/><W67/><G67/><T88/><D125/><U108/><N who="1" m="27648" /><DORA hai="5" /><U39/><E39/><V21/><F84/><W64/><G64/><T107/><D87/><U65/><E65/><V102/><F53/><W58/><G38/><T118/><D118/><U42/><E42/><V7/><F7/><W62/><G36/><T34/><D34/><U80/><AGARI ba="2,2" hai="13,16,23,41,44,49,75,78,80,132,133" m="27648" machi="80" ten="60,8000,1" yaku="1,1,0,1,52,1,54,1,53,0" doraHai="12,5" doraHaiUra="90,95" who="1" fromWho="1" sc="283,-22,179,106,380,-42,138,-22" />
</Scene>
<Scene>
<INIT seed="7,0,0,4,4,115" ten="261,285,338,116" oya="3" hai0="109,57,54,82,105,63,42,32,2,35,111,74,90" hai1="77,59,76,133,101,121,4,46,34,127,81,39,71" hai2="60,38,128,72,56,106,123,22,48,97,130,88,66" hai3="102,5,116,14,104,119,125,49,69,31,47,89,118"/><W124/><G69/><T117/><D105/><U129/><E71/><V8/><F123/><W79/><G31/><T87/><D2/><U40/><E121/><V18/><F38/><W30/><G30/><T94/><D42/><U27/><E127/><N who="3" m="48714" /><G79/><T29/><D117/><U120/><E120/><V107/><F72/><W25/><G25/><T3/><D3/><U122/><E122/><V36/><F36/><W33/><G33/><T73/><D73/><U134/><E129/><N who="2" m="49771" /><F8/><N who="3" m="4367" /><G89/><T85/><D74/><U17/><E34/><V37/><F37/><W112/><G112/><T99/><D35/><U132/><E76/><V83/><F48/><W23/><G23/><T12/><D32/><U95/><E4/><V93/><F83/><W78/><G78/><T13/><D29/><U61/><E27/><AGARI ba="0,0" hai="18,22,27,56,60,66,88,93,97,106,107" m="49771" machi="27" ten="30,2000,0" yaku="19,1,54,1" doraHai="115" who="2" fromWho="1" sc="261,0,285,-20,338,20,116,0" owari="261,-14.0,265,7.0,358,45.0,116,-38.0" />
</Scene>
</mjloggm>