<mjloggm ver="2.3"><GO type="41"/><UN n0="%53%69%43" n1="%E5%A4%AA%E3%81%8F%E3%81%AA%E3%81%84%E3%81%8A" n2="%73%6F%6E%33%33%33" n3="%E3%83%81%E3%83%BC%E3%82%AF%E3%83%81%E3%83%83%E3%82%AF" dan="14,14,15,15" rate="1912,2027,1936,2033" sx="M,M,M,F"/><TAIKYOKU oya="0"/>

<Scene>
<INIT seed="0,0,0,3,5,97" ten="250,250,250,250" oya="0" hai0="26,9,71,53,78,127,104,25,90,12,52,83,94" hai1="18,67,115,131,60,4,2,36,35,111,62,74,46" hai2="66,16,134,98,10,6,42,118,77,122,126,69,124" hai3="64,102,128,119,91,82,37,7,70,57,116,63,32"/><T28/><D71/><U75/><E18/><V85/><F122/><W50/><G32/><T80/><D104/><U55/><E35/><V81/><F134/><W93/><G37/><T109/><D127/><U125/><E125/><V43/><F118/><W108/><G108/><T89/><D109/><U114/><E111/><V24/><F126/><W73/><G128/><T112/><D112/><N who="1" m="43051" /><E131/><V113/><F113/><W30/><G30/><T15/><D28/><U45/><E55/><N who="0" m="21065" /><D78/><U14/><E2/><V101/><F124/><W92/><G70/><T22/><D22/><U72/><E36/><V0/><F66/><W132/><G50/><T8/><D94/><U100/><E100/><V76/><F76/><W41/><G41/><T68/><D68/><N who="1" m="42087" /><E62/><V47/><F69/><W49/><G116/><T39/><D39/><U11/><AGARI ba="0,0" hai="4,11,14,45,46,72,74,75" m="42087,43051" machi="11" ten="40,1500,0" yaku="11,1" doraHai="97" who="1" fromWho="1" sc="250,-7,250,15,250,-4,250,-4" />
</Scene>
<Scene>
<INIT seed="1,0,0,3,5,50" ten="243,265,246,246" oya="1" hai0="97,42,103,75,134,76,8,121,133,44,84,86,70" hai1="61,29,91,5,13,57,69,31,89,116,35,85,83" hai2="12,26,127,125,81,113,10,47,3,107,115,117,129" hai3="27,62,24,87,46,114,132,17,52,19,18,124,94"/><U37/><E116/><V102/><F81/><W109/><G114/><N who="2" m="43529" /><F47/><W93/><G109/><T101/><D70/><U33/><E37/><V2/><F102/><W92/><G124/><N who="2" m="47689" /><F107/><W128/><G128/><T36/><D121/><U34/><E69/><V135/><F117/><W15/><G132/><N who="0" m="50795" /><D75/><U59/><E89/><V55/><F135/><W21/><G87/><N who="0" m="33323" /><D76/><U53/><REACH who="1" step="1"/><E59/><REACH who="1" ten="243,255,246,246" step="2"/><V6/><F129/><W0/><G0/><N who="2" m="41" /><F26/><N who="3" m="9771" /><G46/><T64/><D44/><U112/><E112/><V104/><F104/><W80/><G80/><T106/><D106/><U54/><E54/><AGARI ba="0,1" hai="6,10,12,54,55" m="41,47689,43529" machi="54" ten="40,8000,1" yaku="11,1,18,1,52,2" doraHai="50" who="2" fromWho="1" sc="243,0,255,-80,246,90,246,0" />
</Scene>
<Scene>
<INIT seed="2,0,0,1,0,59" ten="243,175,336,246" oya="2" hai0="111,108,65,27,34,41,73,107,4,81,102,36,110" hai1="70,96,29,7,98,83,39,56,93,6,64,57,24" hai2="25,10,78,103,61,94,44,115,52,37,124,113,60" hai3="121,95,33,67,46,82,92,0,130,133,16,122,28"/><V117/><F124/><W135/><G0/><T89/><D4/><U30/><E39/><V62/><F117/><W99/><G46/><N who="0" m="23847" /><D89/><U17/><E70/><V22/><F78/><W18/><G82/><T40/><D40/><U76/><E17/><N who="3" m="6762" /><G67/><T8/><D8/><U119/><E119/><V105/><F105/><W54/><G54/><T74/><D65/><U116/><E116/><V118/><F118/><W127/><G130/><T20/><D20/><N who="1" m="15495" /><E30/><V50/><F10/><W35/><G127/><T114/><D81/><U125/><E125/><V43/><F22/><W1/><G1/><T90/><D90/><N who="1" m="55351" /><E98/><V87/><F25/><N who="3" m="18575" /><G35/><T49/><D49/><U132/><E64/><V42/><F103/><N who="3" m="60903" /><G95/><T15/><D15/><U53/><E53/><V79/><F79/><W13/><G13/><T63/><D27/><U123/><E76/><V75/><F75/><W31/><G31/><T69/><D34/><U85/><E83/><V21/><F21/><W126/><G126/><T109/><D109/><U14/><E14/><V134/><F134/><AGARI ba="0,0" hai="121,122,133,134,135" m="60903,18575,6762" machi="134" ten="30,2000,0" yaku="20,1,54,1" doraHai="59" who="3" fromWho="2" sc="243,0,175,0,336,-20,246,20" />
</Scene>
<Scene>
<INIT seed="3,0,0,4,4,76" ten="243,175,316,266" oya="3" hai0="109,28,111,133,40,31,125,63,64,21,113,135,71" hai1="18,85,8,100,38,114,82,33,41,6,96,22,1" hai2="42,120,49,60,5,46,26,32,106,51,4,23,53" hai3="121,108,58,48,55,123,118,0,81,101,103,107,94"/><W73/><G0/><T78/><D40/><U14/><E114/><V97/><F120/><W39/><G39/><T129/><D113/><U47/><E33/><V127/><F32/><W84/><G118/><T75/><D129/><U36/><E36/><V27/><F127/><W65/><G65/><T19/><D125/><U9/><E9/><V17/><F106/><W74/><G108/><N who="0" m="41547" /><D78/><U77/><E96/><V130/><F130/><W44/><G107/><T2/><D75/><U16/><E18/><V93/><F60/><W67/><G73/><T122/><D2/><U7/><E7/><V116/><F116/><W37/><G74/><T105/><D105/><U132/><REACH who="1" step="1"/><E100/><REACH who="1" ten="243,165,316,266" step="2"/><V131/><F131/><W69/><G103/><T68/><D122/><U11/><E11/><V86/><F27/><W34/><G34/><T59/><D28/><U117/><E117/><V87/><F4/><W10/><G10/><T29/><D31/><U24/><E24/><V124/><F5/><W110/><G110/><T35/><D29/><U43/><E43/><V88/><REACH who="2" step="1"/><F124/><REACH who="2" ten="243,165,306,266" step="2"/><W89/><G121/><T83/><D35/><U90/><E90/><V119/><F119/><W56/><G123/><T3/><D3/><U70/><E70/><V57/><AGARI ba="0,2" hai="17,23,26,42,46,49,51,53,57,86,87,88,93,97" machi="57" ten="20,12000,2" yaku="1,1,0,1,7,1,8,1,54,1,53,1" doraHai="76" doraHaiUra="12" who="2" fromWho="2" sc="243,-30,165,-30,306,140,266,-60" />
</Scene>
<Scene>
<INIT seed="4,0,0,5,1,60" ten="213,135,446,206" oya="0" hai0="7,111,130,129,75,26,95,50,116,61,58,115,62" hai1="71,109,42,74,11,123,63,133,92,68,69,81,64" hai2="89,52,117,65,43,103,34,83,10,128,23,6,104" hai3="80,27,84,29,16,19,77,122,49,44,114,57,101"/><T47/><D116/><U48/><E109/><V108/><F34/><W33/><G114/><T127/><D115/><U17/><E123/><V18/><F108/><W105/><G122/><T12/><D111/><U5/><E133/><V88/><F128/><N who="0" m="49258" /><D75/><U107/><E107/><V56/><F117/><W85/><G85/><T0/><D0/><U98/><E17/><V90/><F43/><W135/><G135/><T25/><D127/><U3/><E42/><V94/><F104/><W125/><G125/><T13/><D95/><U24/><E24/><N who="0" m="9321" /><D7/><U86/><E48/><V124/><F124/><W53/><G105/><T20/><D20/><U118/><E74/><V106/><F106/><W51/><REACH who="3" step="1"/><G101/><REACH who="3" ten="213,135,446,196" step="2"/><T30/><D30/><U1/><E118/><V67/><F103/><W91/><G91/><T38/><D38/><U99/><E1/><V78/><F94/><W121/><G121/><T35/><D35/><U93/><E93/><V15/><F78/><W54/><AGARI ba="0,1" hai="16,19,27,29,33,44,49,51,53,54,57,77,80,84" machi="54" ten="20,5200,0" yaku="1,1,0,1,7,1,54,1,53,0" doraHai="60" doraHaiUra="100" who="3" fromWho="3" sc="213,-26,135,-13,446,-13,196,62" />
</Scene>
<Scene>
<INIT seed="5,0,0,4,0,60" ten="187,122,433,258" oya="1" hai0="13,62,39,106,19,93,104,86,38,75,59,7,20" hai1="78,40,3,92,33,79,5,53,37,16,123,4,125" hai2="113,44,120,88,135,95,11,119,133,10,32,26,27" hai3="46,97,17,6,118,127,128,82,0,24,21,84,70"/><U54/><E123/><V68/><F120/><W100/><G118/><T56/><D75/><U112/><E33/><V50/><F119/><W96/><G127/><T57/><D106/><U71/><E71/><V114/><F68/><W101/><G128/><T83/><D104/><U126/><E112/><N who="2" m="43115" /><F10/><W47/><G70/><T18/><D7/><N who="1" m="2635" /><E3/><V110/><F11/><W107/><G6/><T45/><D93/><U58/><E92/><V35/><F110/><W74/><G74/><T15/><D45/><N who="1" m="23695" /><E16/><V64/><F64/><W2/><G2/><T94/><D94/><U8/><E8/><V67/><F67/><W91/><G0/><T103/><D103/><U76/><E58/><V63/><F63/><W12/><G24/><N who="2" m="9257" /><F32/><W81/><G81/><T66/><D39/><U72/><E72/><V34/><F35/><W102/><G107/><T42/><D42/><U41/><E41/><N who="2" m="24847" /><F34/><W29/><G29/><T111/><D38/><U69/><E69/><V121/><F121/><W89/><G97/><AGARI ba="0,0" hai="88,95,97,133,135" m="24847,9257,43115" machi="97" ten="30,3900,0" yaku="15,1,11,1,54,1" doraHai="60" who="2" fromWho="3" sc="187,0,122,0,433,39,258,-39" />
</Scene>
<Scene>
<INIT seed="6,0,0,5,0,70" ten="187,122,472,219" oya="2" hai0="62,11,109,111,123,89,101,108,95,6,16,18,77" hai1="64,0,69,2,51,127,100,98,94,14,37,34,96" hai2="116,125,48,133,24,128,46,1,120,61,9,36,122" hai3="44,110,4,5,31,71,86,84,105,81,21,103,82"/><V88/><F116/><W33/><G33/><T13/><D123/><U38/><E34/><V130/><F125/><W76/><G71/><T132/><D132/><U60/><E127/><V134/><F61/><W52/><G110/><T15/><D77/><U25/><E25/><V12/><F1/><W93/><G105/><T114/><D101/><U30/><E30/><V92/><F24/><W67/><G67/><T121/><D121/><U41/><E14/><V32/><F32/><W56/><G44/><T102/><D102/><U63/><E63/><V135/><F48/><W55/><G21/><T79/><D79/><U66/><E66/><V112/><F112/><W19/><G19/><T68/><D114/><U87/><E87/><V28/><F28/><W8/><G31/><T7/><D62/><U57/><E96/><V3/><F3/><W129/><G129/><N who="2" m="49769" /><F46/><W53/><G56/><T104/><D104/><U117/><E117/><V83/><F83/><W26/><G26/><T131/><D68/><U58/><E58/><V17/><F36/><W50/><G50/><T23/><REACH who="0" step="1"/><D131/><REACH who="0" ten="177,122,472,219" step="2"/><U99/><E69/><V49/><F49/><W97/><G8/><T47/><D47/><N who="1" m="23991" /><E51/><V126/><F126/><W65/><G65/><T54/><D54/><U91/><E37/><V42/><F42/><W106/><G106/><T20/><D20/><U113/><E113/><V40/><F40/><W43/><G43/><T39/><D39/><U10/><E10/><V119/><F119/><W75/><G75/><T115/><D115/><U29/><E29/><V74/><F135/><W124/><G124/><RYUUKYOKU ba="0,1" sc="177,10,122,10,472,-30,219,10" hai0="6,7,11,13,15,16,18,23,89,95,108,109,111" hai1="0,2,57,60,64,91,94,98,99,100" hai3="4,5,52,53,55,76,81,82,84,86,93,97,103" />
</Scene>
<Scene>
<INIT seed="7,1,1,4,0,32" ten="187,132,442,229" oya="3" hai0="112,22,60,109,42,40,90,84,26,51,91,98,127" hai1="58,103,11,56,0,80,117,64,17,123,39,67,8" hai2="77,121,19,15,93,104,111,89,132,126,124,44,118" hai3="72,41,115,94,73,27,129,99,63,43,18,38,106"/><W9/><G106/><T75/><D109/><U49/><E123/><V37/><F121/><W95/><G129/><T108/><D108/><U1/><E39/><V33/><F118/><W101/><G115/><T54/><D75/><U85/><E117/><V7/><F104/><W31/><G95/><N who="0" m="56695" /><D127/><U76/><E103/><V35/><F111/><W24/><G63/><T6/><D112/><U53/><E58/><V131/><F77/><W79/><G24/><T128/><D6/><U88/><E76/><V10/><F132/><W82/><G72/><T62/><D128/><U87/><E87/><V86/><F131/><W48/><G38/><T57/><D51/><U114/><E114/><V120/><F120/><W96/><G96/><T66/><D62/><U65/><REACH who="1" step="1"/><E17/><REACH who="1" ten="187,122,442,229" step="2"/><V52/><F7/><W107/><G107/><T23/><D66/><U97/><E97/><V134/><F134/><W113/><G113/><T78/><D78/><U28/><E28/><V125/><F37/><W105/><G105/><T2/><D22/><U59/><E59/><V135/><F135/><W14/><G48/><AGARI ba="1,2" hai="10,15,19,33,35,44,48,52,86,89,93,124,125,126" machi="48" ten="40,2600,0" yaku="18,1,54,1" doraHai="32" who="2" fromWho="3" sc="187,0,122,0,442,49,229,-29" owari="187,-21.0,122,-38.0,491,59.0,200,0.0" />
</Scene>
</mjloggm>