<mjloggm ver="2.3"><GO type="169" lobby="0"/><UN n0="%E3%83%87%E3%82%B8%E3%82%BF%E3%83%AB%E4%BB%99%E4%BA%BA" n1="%E5%A4%AA%E3%81%8F%E3%81%AA%E3%81%84%E3%81%8A" n2="%40%64%6F%63%6F%6D%6F" n3="%E7%8B%AC%E6%AD%A9" dan="19,18,16,18" rate="2253.06,2254.42,2107.04,2230.61" sx="F,F,M,M"/><TAIKYOKU oya="0"/>

<Scene>
<INIT seed="0,0,0,2,0,104" ten="250,250,250,250" oya="0" hai0="132,111,94,22,17,47,113,90,28,128,51,72,59" hai1="92,58,3,37,20,27,21,93,44,49,50,134,60" hai2="86,38,36,55,78,82,106,4,126,15,102,87,96" hai3="13,91,40,118,46,16,124,45,24,98,109,42,10"/><T85/><D113/><U14/><E3/><V120/><F120/><W0/><G118/><T119/><D119/><U130/><E130/><V84/><F126/><W115/><G124/><T48/><D128/><U127/><E134/><V121/><F121/><W39/><G115/><T32/><D132/><U80/><E37/><V95/><F55/><W35/><G0/><T18/><D72/><U125/><E125/><V76/><F76/><W31/><G109/><T25/><D111/><U89/><E14/><V133/><F133/><W117/><G117/><T135/><D135/><U33/><E33/><V52/><F52/><W26/><G26/><T6/><D6/><U41/><E50/><V61/><F61/><W73/><G73/><T30/><D59/><U29/><E21/><V83/><F106/><W129/><G129/><T68/><D68/><U108/><E108/><V105/><F105/><W2/><G2/><T69/><D69/><U11/><E11/><V100/><F100/><W70/><G70/><T116/><D116/><U81/><E127/><V67/><F67/><W75/><G75/><T5/><D5/><U74/><E74/><N who="2" m="43351" /><F83/><N who="1" m="31817" /><E89/><V56/><F56/><W8/><G91/><T34/><D51/><U112/><E112/><V1/><F1/><W122/><G122/><T114/><D114/><U66/><AGARI ba="0,0" hai="20,27,29,41,44,49,58,60,66,92,93" m="31817" machi="66" ten="30,1100,0" yaku="8,1" doraHai="104" who="1" fromWho="1" sc="250,-5,250,11,250,-3,250,-3" />
</Scene>
<Scene>
<INIT seed="1,0,0,2,0,30" ten="245,261,247,247" oya="1" hai0="130,89,55,38,127,84,114,94,92,64,65,22,53" hai1="43,88,2,124,44,73,125,54,120,52,24,16,79" hai2="9,58,102,111,28,62,49,133,34,12,106,104,56" hai3="39,115,37,118,135,80,41,59,75,10,107,108,126"/><U45/><E120/><V119/><F119/><W5/><G115/><T98/><D114/><U25/><E2/><V71/><F71/><W57/><G107/><T61/><D38/><U33/><E73/><V11/><F111/><W100/><G100/><T42/><D42/><U69/><E69/><V50/><F133/><W35/><G108/><T66/><D130/><U6/><E79/><V26/><F62/><W77/><G118/><T27/><D127/><N who="1" m="48715" /><E6/><V105/><F102/><W63/><G126/><T78/><D61/><U128/><E128/><V40/><F9/><W0/><G135/><T129/><D129/><U18/><E88/><V112/><F112/><W90/><G90/><T121/><D121/><U23/><E18/><V31/><F28/><W96/><G96/><T20/><D78/><U74/><E74/><V72/><F72/><W29/><G63/><T51/><D94/><U95/><E95/><V1/><F1/><W99/><G99/><T60/><D98/><U122/><E122/><V101/><F101/><W13/><G0/><T8/><D60/><U132/><E132/><V4/><REACH who="2" step="1"/><F50/><REACH who="2" ten="245,261,237,247" step="2"/><W116/><G116/><T123/><D51/><N who="1" m="27039" /><E45/><AGARI ba="0,1" hai="4,11,12,26,31,34,40,45,49,56,58,104,105,106" machi="45" ten="40,2600,0" yaku="1,1,52,1,53,0" doraHai="30" doraHaiUra="131" who="2" fromWho="1" sc="245,0,261,-26,237,36,247,0" />
</Scene>
<Scene>
<INIT seed="2,0,0,1,4,95" ten="245,235,273,247" oya="2" hai0="39,123,23,100,3,80,89,103,55,48,98,61,111" hai1="122,113,88,78,43,82,71,0,34,109,59,120,90" hai2="130,14,66,12,36,33,56,104,54,18,102,13,16" hai3="75,85,118,68,31,19,58,97,32,69,135,108,20"/><V126/><F36/><W21/><G75/><T4/><D39/><U96/><E113/><V101/><F33/><W28/><G85/><T46/><D123/><N who="1" m="47147" /><E71/><V1/><F1/><W77/><G77/><T6/><D111/><U76/><E34/><V132/><F66/><W35/><G58/><T129/><D129/><U62/><E0/><V87/><F130/><W131/><G131/><T53/><D23/><U37/><E109/><V106/><F126/><W25/><G108/><T50/><D61/><U115/><E115/><V110/><F110/><W117/><G25/><T94/><D3/><U119/><E119/><V124/><F124/><W26/><G26/><T38/><D38/><U51/><E51/><V5/><F132/><W72/><G72/><T91/><D103/><U127/><E127/><V112/><F112/><W84/><G84/><N who="0" m="50567" /><D100/><N who="2" m="38506" /><F104/><W2/><G2/><T9/><D9/><U83/><E62/><N who="2" m="36119" /><F106/><W7/><G135/><T67/><D67/><U114/><E37/><V42/><F42/><W134/><G134/><T86/><D86/><N who="1" m="48471" /><E43/><V79/><F5/><W29/><G7/><T15/><D15/><U60/><E114/><V121/><F121/><W105/><G105/><T45/><AGARI ba="0,0" hai="4,6,45,46,48,50,53,55,89,94,98" m="50567" machi="45" ten="30,2000,0" yaku="8,1,52,1" doraHai="95" who="0" fromWho="0" sc="245,20,235,-5,273,-10,247,-5" />
</Scene>
<Scene>
<INIT seed="3,0,0,5,2,91" ten="265,230,263,242" oya="3" hai0="63,52,109,96,104,55,74,23,26,57,119,98,20" hai1="47,25,46,17,114,101,106,29,38,50,8,21,4" hai2="13,54,128,108,51,79,12,72,123,132,130,94,89" hai3="127,93,7,3,80,22,56,90,97,28,105,73,87"/><W35/><G35/><T68/><D74/><U64/><E114/><V61/><F108/><W11/><G127/><T116/><D109/><U115/><E115/><V113/><F113/><W118/><G118/><T36/><D36/><U134/><E134/><V71/><F132/><W44/><G73/><T122/><D122/><U81/><E64/><N who="2" m="41359" /><F79/><W58/><G105/><T66/><D20/><U121/><E121/><V30/><F30/><W69/><G69/><T27/><D27/><U2/><E81/><V37/><F37/><W67/><G67/><T100/><D98/><U110/><E110/><V126/><F72/><W76/><REACH who="3" step="1"/><G44/><REACH who="3" ten="265,230,263,232" step="2"/><T78/><D116/><U18/><E46/><N who="2" m="28023" /><F126/><W15/><G15/><T117/><D119/><U84/><E47/><V111/><F123/><W133/><G133/><T32/><D32/><U135/><E135/><V39/><F111/><W45/><G45/><T102/><D117/><U14/><E38/><V75/><F75/><W48/><G48/><T77/><D55/><U107/><E50/><V120/><F120/><W42/><G42/><T86/><D68/><U85/><E106/><V82/><F39/><W41/><G41/><T31/><D66/><U53/><E53/><V24/><F13/><W59/><G59/><T92/><D104/><U62/><E14/><V0/><F12/><W40/><G40/><T43/><D43/><U65/><E65/><V124/><F124/><W10/><G10/><T49/><D49/><U95/><E107/><V129/><F0/><W125/><G125/><T34/><D34/><U131/><E2/><V5/><F130/><RYUUKYOKU ba="0,1" sc="265,-10,230,-10,263,-10,232,30" hai3="3,7,11,22,28,56,58,76,80,87,90,93,97" />
</Scene>
<Scene>
<INIT seed="3,1,1,1,4,92" ten="255,220,253,262" oya="3" hai0="96,128,21,122,133,88,62,41,34,13,78,110,77" hai1="39,59,109,74,27,89,58,54,63,76,49,46,40" hai2="12,107,17,117,94,101,22,103,79,129,2,26,100" hai3="45,56,60,115,97,36,10,105,134,102,73,126,25"/><W67/><G115/><T42/><D122/><U91/><E109/><V1/><F117/><W124/><G73/><T5/><D34/><U70/><E27/><V106/><F129/><W75/><G75/><T135/><D128/><U118/><E118/><V111/><F111/><W80/><G80/><T9/><D110/><U132/><E132/><N who="0" m="50761" /><D62/><U51/><E51/><V19/><F79/><W52/><G134/><T47/><D21/><U48/><E48/><V38/><F38/><W125/><G10/><T112/><D112/><U29/><E29/><V55/><F55/><W3/><G3/><T121/><D121/><U114/><E114/><V81/><F81/><W53/><REACH who="3" step="1"/><G25/><REACH who="3" ten="255,220,253,252" step="2"/><T127/><D127/><U86/><E74/><V120/><F120/><W65/><G65/><T7/><D9/><U68/><E76/><V8/><F1/><W98/><G98/><T18/><D78/><U123/><E123/><V57/><F2/><W50/><G50/><T131/><D77/><U69/><REACH who="1" step="1"/><E86/><REACH who="1" ten="255,210,253,252" step="2"/><V71/><F26/><W4/><G4/><T113/><D7/><U33/><E33/><V11/><F11/><W14/><G14/><T30/><D13/><U37/><E37/><V35/><F12/><W43/><AGARI ba="1,3" hai="36,43,45,52,53,56,60,67,97,102,105,124,125,126" machi="43" ten="40,12000,1" yaku="1,1,0,1,18,1,52,1,54,1,53,0" doraHai="92" doraHaiUra="64" who="3" fromWho="3" sc="255,-41,210,-41,253,-41,252,153" />
</Scene>
<Scene>
<INIT seed="3,2,0,4,3,33" ten="214,169,212,405" oya="3" hai0="71,22,122,3,92,42,44,130,121,36,49,35,4" hai1="101,25,0,87,95,47,98,12,94,48,1,91,14" hai2="43,69,10,97,84,21,109,55,90,128,53,24,114" hai3="45,80,135,62,73,8,126,16,19,63,30,5,70"/><W116/><G116/><T76/><D35/><U32/><E14/><V96/><F114/><W58/><G135/><T134/><D134/><U81/><E12/><V82/><F69/><W75/><G126/><T119/><D119/><U127/><E127/><V56/><F109/><W120/><G120/><T132/><D132/><U18/><E94/><V86/><F128/><W66/><G30/><T54/><D130/><U72/><E72/><V29/><F43/><W100/><G100/><T64/><D76/><U39/><E39/><V110/><F110/><W60/><G45/><T125/><D22/><U99/><E99/><V112/><F112/><W85/><G73/><T38/><D92/><U106/><E106/><V61/><F10/><W78/><G75/><T27/><D27/><U105/><E105/><V15/><F15/><W23/><G23/><T57/><D38/><U79/><E101/><V129/><F129/><W131/><G63/><N who="0" m="40351" /><D125/><U118/><E118/><V102/><F102/><W113/><G131/><T11/><AGARI ba="2,0" hai="3,4,11,36,42,44,49,54,57,121,122" m="40351" machi="11" ten="30,2000,0" yaku="24,1,52,1" doraHai="33" who="0" fromWho="0" sc="214,26,169,-7,212,-7,405,-12" />
</Scene>
<Scene>
<INIT seed="4,0,0,5,5,107" ten="240,162,205,393" oya="0" hai0="72,30,6,101,97,38,93,124,42,102,21,76,5" hai1="53,35,45,61,41,103,28,115,119,117,89,19,127" hai2="33,40,11,104,37,73,74,14,79,25,2,46,75" hai3="120,92,90,69,95,131,54,44,1,7,50,125,17"/><T100/><D124/><U123/><E123/><V66/><F66/><W34/><G34/><T134/><D134/><U114/><E103/><V99/><F14/><W12/><G69/><T65/><D42/><U98/><E35/><V122/><F122/><W77/><G120/><T78/><D38/><N who="1" m="21687" /><E28/><N who="2" m="19599" /><F99/><W64/><G64/><T118/><D118/><U59/><E19/><V106/><F79/><W130/><G77/><T126/><D126/><U49/><E127/><V81/><F81/><W87/><G125/><T67/><D6/><AGARI ba="0,0" hai="2,6,11,37,40,46,73,74,75,104,106" m="19599" machi="6" ten="30,8000,1" yaku="33,2,52,3" doraHai="107" who="2" fromWho="0" sc="240,-80,162,0,205,80,393,0" />
</Scene>
<Scene>
<INIT seed="5,0,0,0,0,108" ten="160,162,285,393" oya="1" hai0="55,35,90,3,38,120,130,92,45,109,31,22,57" hai1="5,16,63,72,82,123,78,97,29,104,131,33,62" hai2="84,46,111,49,24,12,124,20,39,21,117,112,32" hai3="74,76,36,83,135,9,105,132,107,19,118,26,60"/><U58/><E123/><V0/><F0/><W54/><G118/><T73/><D120/><U100/><E131/><V52/><F117/><W128/><G36/><T93/><D73/><U119/><E119/><V125/><F111/><W127/><G128/><T116/><D130/><U101/><E5/><V27/><F32/><W15/><G127/><T94/><D35/><U53/><E100/><V59/><F12/><W34/><G54/><T88/><D116/><U75/><E75/><V103/><F103/><W113/><G60/><T66/><D109/><U56/><E16/><N who="2" m="12295" /><F84/><W134/><G113/><T81/><D3/><U87/><E72/><V18/><F112/><W37/><G37/><T121/><D121/><U133/><E133/><V91/><F91/><W122/><G122/><T40/><D66/><U95/><E104/><V44/><F39/><W1/><G1/><T64/><D64/><N who="1" m="38983" /><E33/><V69/><F69/><W41/><G41/><T48/><REACH who="0" step="1"/><D81/><REACH who="0" ten="150,162,285,393" step="2"/><N who="1" m="47543" /><E29/><AGARI ba="0,1" hai="9,15,19,26,29,34,74,76,83,105,107,132,134,135" machi="29" ten="40,1300,0" yaku="20,1" doraHai="108" who="3" fromWho="1" sc="150,0,162,-13,285,0,393,23" />
</Scene>
<Scene>
<INIT seed="6,0,0,0,3,79" ten="150,149,285,416" oya="2" hai0="113,57,63,56,62,97,65,14,106,3,0,124,104" hai1="12,67,24,2,52,123,25,128,51,88,28,54,48" hai2="27,90,1,125,126,69,17,98,39,93,53,46,60" hai3="64,7,89,34,134,55,100,120,114,44,58,47,105"/><V75/><F75/><W74/><G34/><T95/><D113/><U102/><E2/><V111/><F1/><W127/><G120/><T11/><D124/><N who="2" m="47722" /><F111/><W35/><G35/><T81/><D81/><U40/><E102/><V13/><F27/><N who="1" m="10313" /><E123/><V5/><F5/><W119/><G7/><T87/><D87/><U103/><E103/><V107/><F107/><W21/><G100/><T118/><D118/><U80/><E128/><V59/><F69/><W6/><G105/><T85/><D85/><N who="1" m="50215" /><E28/><V108/><F108/><W101/><G101/><T133/><D106/><U77/><E77/><V9/><F46/><W66/><G44/><T32/><D104/><U43/><E67/><V83/><F83/><W115/><G64/><T132/><D3/><U73/><E73/><V22/><F39/><W50/><G74/><T8/><D0/><U4/><E4/><V135/><F135/><W130/><G6/><T29/><D29/><U23/><E12/><V70/><F70/><W122/><G134/><N who="0" m="51819" /><D14/><U38/><E38/><V86/><F86/><W131/><G127/><T96/><D32/><U76/><E76/><V129/><F129/><W116/><G122/><T18/><D18/><U10/><E10/><AGARI ba="0,0" hai="9,10,13,17,22,53,59,60,90,93,98" m="47722" machi="10" ten="30,1500,0" yaku="18,1" doraHai="79" who="2" fromWho="1" sc="150,0,149,-15,285,15,416,0" />
</Scene>
<Scene>
<INIT seed="6,1,0,3,2,118" ten="150,134,300,416" oya="2" hai0="92,42,115,78,134,82,35,85,72,71,3,14,91" hai1="7,133,130,30,75,69,126,73,70,17,57,113,77" hai2="41,93,123,36,101,54,80,6,62,99,26,4,39" hai3="67,61,50,76,121,109,122,131,19,106,60,86,46"/><V127/><F127/><W125/><G106/><T104/><D3/><U128/><E7/><V55/><F123/><W108/><G19/><T0/><D0/><U83/><E30/><V38/><F41/><W34/><G34/><T28/><D71/><N who="1" m="27147" /><E57/><V74/><F26/><W47/><G86/><T135/><D104/><U95/><E95/><V16/><F62/><W29/><G76/><T32/><D42/><U107/><E107/><V49/><F55/><W100/><G100/><T116/><D116/><U43/><E43/><V105/><F105/><W120/><G29/><T40/><D115/><U48/><E48/><V13/><F80/><W112/><G131/><N who="1" m="50218" /><E113/><V64/><F64/><W81/><G81/><T63/><D63/><N who="3" m="24137" /><G112/><T18/><D40/><U37/><E37/><V89/><F101/><W94/><G94/><T88/><D91/><U79/><E126/><V5/><F74/><N who="1" m="28169" /><E83/><V9/><REACH who="2" step="1"/><F4/><REACH who="2" ten="150,134,290,416" step="2"/><W56/><G125/><T98/><D72/><U65/><E65/><V44/><AGARI ba="1,1" hai="5,6,9,13,16,36,38,39,44,49,54,89,93,99" machi="44" ten="30,12000,1" yaku="1,1,2,1,0,1,54,1,53,1" doraHai="118" doraHaiUra="84" who="2" fromWho="2" sc="150,-41,134,-41,290,133,416,-41" />
</Scene>
<Scene>
<INIT seed="6,2,0,1,2,133" ten="109,93,423,375" oya="2" hai0="69,26,116,63,15,101,47,103,10,82,122,108,36" hai1="90,81,6,14,84,91,59,68,0,120,46,9,49" hai2="113,71,17,24,88,18,129,89,134,111,99,73,39" hai3="112,121,31,72,48,50,117,87,79,107,5,19,118"/><V97/><F71/><W41/><G107/><T65/><D108/><U106/><E68/><V100/><F39/><W2/><G121/><T30/><D122/><U22/><E106/><V110/><F73/><W21/><G72/><T78/><D116/><U3/><E120/><V29/><F134/><W75/><G75/><T77/><D47/><U13/><E59/><V74/><F74/><W86/><G31/><T104/><D36/><U96/><E96/><N who="2" m="36939" /><F100/><W126/><G5/><T76/><D82/><U95/><E95/><V37/><F37/><W105/><G105/><T28/><D104/><U135/><E135/><V132/><F132/><W52/><G2/><T53/><D53/><U56/><E56/><V54/><F54/><W85/><G41/><T11/><D28/><U93/><E93/><V66/><F66/><W23/><G52/><T42/><D42/><N who="1" m="24791" /><E3/><V1/><F1/><W123/><G123/><T34/><REACH who="0" step="1"/><D11/><REACH who="0" ten="99,93,423,375" step="2"/><N who="1" m="4343" /><E0/><V92/><F29/><W40/><G40/><T62/><D62/><U12/><E22/><V61/><F61/><W130/><G21/><T57/><D57/><U20/><E20/><V43/><F110/><W55/><G23/><T128/><D128/><U67/><E67/><V60/><F60/><W35/><G130/><T45/><D45/><U64/><E64/><V27/><F129/><W80/><G118/><T109/><D109/><U25/><E25/><V98/><F111/><W51/><G117/><T115/><D115/><U124/><E9/><V44/><F27/><W7/><G112/><T33/><D33/><U32/><E32/><V8/><F24/><RYUUKYOKU ba="2,1" sc="99,30,93,-10,423,-10,375,-10" hai0="10,15,26,30,34,63,65,69,76,77,78,101,103" />
</Scene>
<Scene>
<INIT seed="7,3,1,1,0,30" ten="129,83,413,365" oya="3" hai0="45,91,127,124,85,34,79,8,33,65,131,19,125" hai1="102,70,56,44,54,104,2,50,15,92,9,73,109" hai2="86,132,66,38,29,49,37,74,21,51,126,99,12" hai3="115,130,113,72,6,95,68,0,77,43,129,22,14"/><W25/><G68/><T88/><D131/><N who="3" m="50185" /><G43/><T76/><D65/><U89/><E109/><V114/><F74/><W27/><G95/><N who="0" m="54671" /><D91/><U93/><E70/><V36/><F66/><W28/><G77/><N who="0" m="29771" /><D45/><U17/><E73/><V121/><F114/><N who="3" m="43531" /><G72/><T53/><D53/><U11/><E104/><V94/><F126/><W84/><G84/><T116/><D116/><U90/><E2/><V112/><F132/><W111/><G111/><T55/><D55/><U103/><E11/><V96/><F112/><W105/><G105/><T59/><D59/><U128/><E128/><V119/><F121/><W52/><G52/><T61/><D61/><U57/><E57/><V23/><F119/><W118/><G118/><T10/><D10/><U98/><REACH who="1" step="1"/><E56/><REACH who="1" ten="129,73,413,365" step="2"/><V81/><F37/><W110/><G110/><T67/><D67/><U69/><E69/><V80/><F36/><W41/><G41/><T62/><D62/><U122/><E122/><V31/><F38/><W78/><G78/><T18/><D8/><U101/><E101/><V26/><F49/><W7/><G0/><T5/><D5/><N who="3" m="1545" /><G28/><T39/><D39/><U16/><E16/><AGARI ba="3,2" hai="14,16,22,25,27" m="1545,43531,50185" machi="16" ten="40,12000,1" yaku="19,1,15,1,34,2,54,1" doraHai="30" who="3" fromWho="1" sc="129,0,73,-129,413,0,365,149" /><AGARI ba="3,0" hai="16,18,19,33,34,124,125,127" m="29771,54671" machi="16" ten="40,8000,1" yaku="18,1,52,2,54,2" doraHai="30" who="0" fromWho="1" sc="129,80,-56,-80,413,0,514,0" owari="209,-19.0,-136,-64.0,413,21.0,514,62.0" />
</Scene>
</mjloggm>