<mjloggm ver="2.3"><GO type="169"/><UN n0="%E5%A4%AA%E3%81%8F%E3%81%AA%E3%81%84%E3%81%8A" n1="%E3%83%AD%E3%83%AA%E3%83%BC%E3%82%BF%E3%81%AA%E7%84%BC%E8%82%89" n2="%E3%83%9A%E3%83%81%E3%83%A7%E3%83%BC%E3%83%AA%E3%83%B3" n3="%44%65%78%69%63" dan="18,16,17,16" rate="2195,2061,2165,2131" sx="M,M,M,M"/><TAIKYOKU oya="0"/>

<Scene>
<INIT seed="0,0,0,0,3,86" ten="250,250,250,250" oya="0" hai0="62,99,98,90,115,17,64,79,126,49,2,12,41" hai1="25,87,104,56,117,1,93,134,71,44,21,113,19" hai2="101,106,14,51,77,121,133,89,68,72,57,15,42" hai3="50,61,3,10,127,47,8,46,122,26,107,29,132"/><T53/><D115/><U114/><E117/><V83/><F68/><W35/><G107/><T123/><D123/><U70/><E104/><V40/><F121/><W118/><G122/><T28/><D2/><U76/><E1/><V130/><F130/><W97/><G118/><T22/><D126/><U102/><E134/><V5/><F133/><W67/><G127/><T91/><D79/><U112/><E44/><V105/><F42/><W33/><G132/><T63/><D41/><U110/><E110/><V60/><F101/><W4/><G35/><T124/><D124/><U43/><E43/><V31/><F31/><W0/><G97/><N who="0" m="36875" /><D28/><U135/><E135/><V27/><F27/><W24/><G24/><T94/><D64/><U9/><E102/><V92/><F15/><W39/><G50/><T85/><D90/><N who="1" m="53471" /><E76/><V32/><F32/><W109/><G109/><T37/><D37/><U48/><E9/><V129/><F129/><W36/><G46/><AGARI ba="0,0" hai="12,17,22,46,49,53,62,63,85,91,94" m="36875" machi="46" ten="30,2900,0" yaku="8,1,52,1" doraHai="86" who="0" fromWho="3" sc="250,29,250,0,250,0,250,-29" />
</Scene>
<Scene>
<INIT seed="0,1,0,0,4,61" ten="279,250,250,221" oya="0" hai0="74,43,2,128,65,32,82,101,53,24,58,30,73" hai1="122,86,27,119,34,64,20,109,102,57,44,126,111" hai2="51,132,83,55,52,72,15,16,106,18,23,70,103" hai3="115,50,69,35,8,0,25,45,85,78,135,89,26"/><T36/><D2/><U46/><E122/><V127/><F70/><W13/><G115/><T124/><D124/><U114/><E119/><V84/><F127/><W118/><G118/><T79/><D128/><U59/><E126/><V19/><F72/><W9/><G135/><T11/><D101/><U117/><E34/><V29/><F132/><W80/><G69/><T28/><D11/><U98/><E117/><V4/><F106/><W133/><G133/><T37/><D28/><U99/><E114/><V96/><F96/><W113/><G113/><T120/><D120/><U38/><E86/><V134/><F103/><W22/><G35/><T47/><D37/><U54/><E54/><V62/><F134/><W66/><G0/><T110/><D110/><U71/><E71/><V77/><F4/><W112/><G112/><T5/><D5/><U94/><E99/><V67/><F29/><W116/><G116/><T42/><D42/><U125/><E125/><V17/><F51/><W88/><G66/><T60/><REACH who="0" step="1"/><D74/><REACH who="0" ten="269,250,250,221" step="2"/><U48/><E38/><V39/><F39/><W129/><G129/><T75/><D75/><U93/><E102/><V10/><F10/><W40/><G9/><T121/><D121/><U108/><E108/><V3/><F3/><W7/><G26/><T81/><D81/><U1/><E111/><V100/><F100/><W90/><G90/><T87/><D87/><U12/><E1/><V107/><F107/><W97/><G97/><T68/><D68/><U21/><E98/><V14/><F14/><W76/><G89/><T105/><D105/><U33/><E12/><RYUUKYOKU ba="1,1" sc="269,10,250,-30,250,10,221,10" hai0="24,30,32,36,43,47,53,58,60,65,73,79,82" hai2="15,16,17,18,19,23,52,55,62,67,77,83,84" hai3="7,8,13,22,25,40,45,50,76,78,80,85,88" />
</Scene>
<Scene>
<INIT seed="0,2,1,1,4,77" ten="279,220,260,231" oya="0" hai0="49,18,38,42,85,74,119,31,75,118,30,115,102" hai1="70,24,59,110,10,134,34,114,57,91,86,15,96" hai2="47,93,133,28,108,79,14,117,44,71,97,128,66" hai3="22,3,62,81,116,94,33,95,55,61,104,46,19"/><T0/><D115/><U12/><E70/><V56/><F71/><W87/><G104/><T60/><D0/><U17/><E110/><V58/><F108/><W23/><G33/><T127/><D38/><U37/><E37/><V29/><F117/><W84/><G3/><T89/><D102/><U76/><E114/><V51/><F128/><W107/><G107/><T69/><D127/><U112/><E112/><V40/><F133/><W50/><G116/><T21/><D119/><U53/><E134/><V106/><F106/><W65/><G87/><T129/><D118/><U32/><E59/><N who="2" m="22571" /><F79/><W67/><G23/><T35/><D129/><U123/><E76/><V98/><F66/><W88/><G65/><T2/><D2/><U103/><E123/><V9/><F47/><W80/><G94/><T11/><D75/><U122/><E122/><V54/><F54/><W13/><G67/><T8/><D74/><U64/><E64/><V41/><F41/><W48/><REACH who="3" step="1"/><G50/><REACH who="3" ten="279,220,260,221" step="2"/><T83/><D69/><U82/><E32/><V27/><F93/><W20/><G20/><T126/><D35/><U4/><E34/><V92/><F27/><W63/><AGARI ba="2,2" hai="13,19,22,46,48,55,61,62,63,80,81,84,88,95" machi="63" ten="30,12000,2" yaku="1,1,0,1,8,1,52,2,54,1,53,0" doraHai="77" doraHaiUra="113" who="3" fromWho="3" sc="279,-62,220,-32,260,-32,221,146" />
</Scene>
<Scene>
<INIT seed="1,0,0,3,5,85" ten="217,188,228,367" oya="1" hai0="33,25,94,8,66,97,73,92,117,84,110,42,58" hai1="23,89,131,116,120,57,77,108,62,2,111,90,95" hai2="49,129,44,6,22,60,123,38,0,126,104,101,34" hai3="24,12,21,14,40,35,75,118,105,43,31,52,103"/><U36/><E2/><V39/><F34/><W86/><G75/><T54/><D117/><U96/><E116/><V56/><F123/><W82/><G118/><T9/><D73/><U26/><E120/><V53/><F126/><W130/><G130/><T72/><D72/><U91/><E77/><V119/><F119/><W106/><G105/><T32/><D110/><N who="1" m="42027" /><E36/><V70/><F129/><W128/><G128/><T100/><D66/><N who="1" m="39247" /><E131/><V20/><F70/><W64/><G64/><T80/><D42/><U83/><E83/><V48/><F0/><W4/><G103/><T81/><D81/><U87/><E96/><V121/><F38/><W112/><G106/><T10/><D92/><U18/><AGARI ba="0,0" hai="18,23,26,87,89,90,91,95" m="39247,42027" machi="18" ten="30,12000,1" yaku="14,1,10,1,52,3" doraHai="85" who="1" fromWho="1" sc="217,-40,188,120,228,-40,367,-40" />
</Scene>
<Scene>
<INIT seed="1,1,0,0,3,60" ten="177,308,188,327" oya="1" hai0="97,86,44,62,50,88,24,67,41,135,36,96,94" hai1="82,28,122,114,35,34,38,23,33,99,115,26,68" hai2="70,107,73,93,83,53,16,129,109,30,65,120,10" hai3="64,19,123,74,31,102,14,63,40,128,56,113,21"/><U47/><E122/><V17/><F107/><W131/><G74/><T69/><D135/><U89/><E68/><V37/><F37/><W95/><G123/><T12/><D12/><U9/><E9/><V7/><F120/><W1/><G1/><T51/><D24/><U104/><E82/><V106/><F106/><W127/><G113/><T108/><D108/><U87/><E87/><V52/><F30/><W15/><G127/><T118/><D118/><U57/><E57/><V103/><F109/><W98/><G40/><T61/><D61/><U71/><E71/><V58/><F70/><W90/><G31/><T11/><D11/><U29/><E29/><V84/><F73/><W42/><G42/><T0/><D0/><U105/><E105/><V55/><F129/><W32/><G32/><T39/><REACH who="0" step="1"/><D51/><REACH who="0" ten="167,308,188,327" step="2"/><U75/><E114/><V78/><F10/><W18/><G15/><T13/><D13/><U49/><E115/><V85/><F7/><W4/><G4/><T125/><D125/><U134/><E134/><V45/><F45/><W43/><G18/><T79/><D79/><U54/><E38/><AGARI ba="1,1" hai="36,38,39,41,44,50,62,67,69,86,88,94,96,97" machi="38" ten="40,5200,0" yaku="1,1,52,1,54,1,53,0" doraHai="60" doraHaiUra="25" who="0" fromWho="1" sc="167,65,308,-55,188,0,327,0" />
</Scene>
<Scene>
<INIT seed="2,0,0,0,4,81" ten="232,253,188,327" oya="2" hai0="121,118,87,90,92,22,86,111,119,2,103,131,96" hai1="105,67,58,1,56,75,57,113,134,69,6,46,62" hai2="132,68,38,107,89,120,65,25,95,71,60,39,8" hai3="122,17,66,23,117,128,76,11,30,59,14,43,44"/><V110/><F120/><W29/><G128/><T74/><D2/><U99/><E75/><V33/><F107/><W73/><G117/><N who="0" m="44555" /><D121/><U104/><E113/><V94/><F71/><W97/><G122/><T50/><D74/><U72/><E72/><V15/><F132/><W80/><G97/><N who="0" m="57495" /><D131/><U84/><E134/><V125/><F125/><W5/><G59/><T41/><D111/><U52/><E99/><V42/><F110/><W12/><G66/><T116/><D22/><U61/><E84/><N who="0" m="32297" /><D116/><U127/><E127/><V13/><F33/><W49/><AGARI ba="0,0" hai="5,11,12,14,17,23,29,30,43,44,49,73,76,80" machi="49" ten="20,1500,0" yaku="0,1,7,1" doraHai="81" who="3" fromWho="3" sc="232,-4,253,-4,188,-7,327,15" />
</Scene>
<Scene>
<INIT seed="3,0,0,1,1,42" ten="228,249,181,342" oya="3" hai0="97,128,122,29,4,48,50,54,7,123,101,5,132" hai1="46,64,45,116,81,113,71,35,61,86,33,31,14" hai2="120,58,67,69,20,41,135,98,74,56,24,51,87" hai3="49,62,115,73,38,17,91,10,118,117,106,108,80"/><W72/><G38/><T119/><D119/><U36/><E113/><V60/><F74/><W133/><G62/><T37/><D37/><U1/><E1/><V95/><F135/><W19/><G49/><T124/><D132/><U121/><E121/><V52/><F120/><W78/><G118/><T25/><D128/><U92/><E116/><V63/><F87/><W3/><G133/><T112/><D112/><U99/><E36/><V27/><F41/><W93/><G117/><T68/><D68/><U129/><E129/><V34/><F34/><W126/><G115/><T134/><D134/><U26/><E14/><V13/><F13/><W18/><G106/><T104/><D124/><U84/><E33/><V15/><F15/><W105/><G105/><T8/><D8/><U79/><REACH who="1" step="1"/><E84/><REACH who="1" ten="228,239,181,342" step="2"/><V66/><REACH who="2" step="1"/><F20/><REACH who="2" ten="228,239,171,342" step="2"/><W53/><G73/><T125/><D123/><U43/><E43/><V2/><F2/><W11/><G3/><T127/><D122/><U96/><E96/><V114/><F114/><W88/><G72/><T21/><D125/><U57/><E57/><V100/><AGARI ba="0,2" hai="24,27,51,52,56,58,60,63,66,67,69,95,98,100" machi="100" ten="20,5200,0" yaku="1,1,0,1,7,1,54,1,53,0" doraHai="42" doraHaiUra="30" who="2" fromWho="2" sc="228,-13,239,-13,171,72,342,-26" />
</Scene>
<Scene>
<INIT seed="4,0,0,0,1,55" ten="215,226,243,316" oya="0" hai0="27,131,71,50,45,96,14,115,75,15,105,33,46" hai1="26,73,63,122,128,68,65,58,116,106,82,108,52" hai2="9,41,99,129,28,72,20,57,132,13,16,8,134" hai3="92,42,81,125,88,130,37,5,12,127,10,19,44"/><T17/><D75/><U97/><E122/><V62/><F72/><W22/><G81/><T113/><D71/><U118/><E108/><V25/><F129/><W61/><G61/><T89/><D131/><U6/><E128/><V98/><F41/><W95/><G130/><T43/><D45/><U78/><E6/><V29/><F29/><W0/><REACH who="3" step="1"/><G92/><REACH who="3" ten="215,226,243,306" step="2"/><N who="0" m="56335" /><D105/><U76/><E76/><V91/><F9/><W123/><G123/><T79/><D79/><U86/><E73/><V66/><REACH who="2" step="1"/><F91/><REACH who="2" ten="215,226,233,306" step="2"/><W1/><G1/><T3/><D3/><U47/><E116/><V117/><F117/><W35/><G35/><T102/><D33/><U80/><E118/><V11/><F11/><W85/><AGARI ba="0,2" hai="0,5,10,12,19,22,37,42,44,85,88,95,125,127" machi="85" ten="30,4000,0" yaku="1,1,0,1,54,1,53,0" doraHai="55" doraHaiUra="53" who="3" fromWho="3" sc="215,-20,226,-10,233,-10,306,60" />
</Scene>
<Scene>
<INIT seed="5,0,0,2,4,25" ten="195,216,223,366" oya="1" hai0="82,15,112,131,31,123,90,99,18,119,0,52,76" hai1="47,91,46,111,110,11,66,129,80,56,48,92,39" hai2="81,83,86,23,114,106,41,125,40,128,13,74,32" hai3="70,135,36,22,33,127,24,126,102,105,28,101,5"/><U34/><E34/><V130/><F106/><W77/><G36/><T63/><D119/><U78/><E129/><N who="2" m="49771" /><F32/><W73/><G70/><T87/><D131/><U58/><E11/><V93/><F125/><N who="3" m="47627" /><G135/><T98/><D0/><U61/><E39/><V85/><F114/><W27/><G5/><T2/><D2/><U43/><E47/><V44/><F93/><W132/><G132/><T49/><D112/><U115/><E58/><V10/><F23/><W104/><G77/><T84/><D63/><U94/><E115/><V42/><F44/><W117/><G73/><T55/><D123/><U120/><E120/><V38/><F38/><W89/><G89/><T71/><D71/><U20/><E20/><V96/><F96/><W107/><G117/><T53/><D49/><U67/><E67/><V19/><F81/><W122/><G122/><T6/><D6/><U3/><E3/><V121/><F121/><W21/><G33/><T109/><D109/><N who="1" m="41483" /><E91/><V118/><F118/><W29/><AGARI ba="0,0" hai="21,22,24,27,28,29,101,102,104,105,107" m="47627" machi="29" ten="40,5200,0" yaku="18,1,52,2" doraHai="25" who="3" fromWho="3" sc="195,-13,216,-26,223,-13,366,52" />
</Scene>
<Scene>
<INIT seed="6,0,0,1,4,8" ten="182,190,210,418" oya="2" hai0="134,19,0,43,36,70,53,101,127,48,49,45,10" hai1="63,93,113,57,133,124,67,72,18,87,111,40,132" hai2="15,83,84,20,22,100,122,128,115,47,82,69,91" hai3="76,112,41,7,131,24,25,108,117,109,129,120,16"/><V39/><F69/><W92/><G41/><T29/><D70/><U85/><E72/><V27/><F122/><W32/><G76/><T94/><D127/><U119/><E111/><V52/><F128/><W1/><G92/><T54/><D134/><N who="1" m="51819" /><E119/><V38/><F100/><W116/><G7/><T96/><D29/><U9/><E124/><V26/><F115/><W95/><G95/><T35/><D35/><U114/><E40/><V2/><F2/><W90/><G90/><T98/><D98/><U80/><E93/><V99/><F99/><W75/><G75/><T104/><D104/><U17/><E85/><N who="2" m="50615" /><F39/><W37/><G37/><T107/><D107/><U58/><E58/><V44/><F38/><W42/><G42/><T62/><D62/><U73/><E73/><V55/><F22/><W71/><G71/><T97/><D97/><U64/><E64/><V135/><F135/><W3/><G32/><T110/><D110/><U59/><E59/><V5/><F47/><W121/><G112/><N who="1" m="43114" /><E9/><N who="2" m="4527" /><F44/><W46/><G46/><T78/><D36/><U77/><AGARI ba="0,0" hai="17,18,57,63,67,77,80,87" m="43114,51819" machi="77" ten="30,2000,0" yaku="20,1,15,1" doraHai="8" who="1" fromWho="1" sc="182,-5,190,20,210,-10,418,-5" />
</Scene>
<Scene>
<INIT seed="7,0,0,4,3,30" ten="177,210,200,413" oya="3" hai0="78,130,29,111,37,126,0,28,82,51,128,71,113" hai1="63,27,96,56,47,16,59,70,46,68,17,106,90" hai2="64,67,57,44,42,7,123,62,2,33,110,118,39" hai3="116,122,45,133,73,41,49,104,14,24,58,80,53"/><W21/><G104/><T6/><D111/><U72/><E72/><V81/><F110/><W83/><G122/><T85/><D37/><U100/><E90/><V79/><F118/><W98/><G116/><T125/><D71/><U131/><E131/><N who="0" m="50217" /><D113/><U88/><E88/><V94/><F123/><W92/><G133/><T129/><N who="0" m="50225" /><T11/><DORA hai="22" /><D51/><U91/><E91/><V20/><F94/><W43/><G14/><T107/><D107/><U50/><E50/><V31/><F20/><W32/><G32/><T102/><D102/><U77/><E100/><V66/><F31/><AGARI ba="0,0" hai="0,6,11,28,29,31,78,82,85,125,126" m="50225" machi="31" ten="40,1300,0" yaku="19,1" doraHai="30,22" who="0" fromWho="2" sc="177,13,210,0,200,-13,413,0" owari="190,-21.0,210,1.0,187,-31.0,413,51.0" />
</Scene>
</mjloggm>