<mjloggm ver="2.3"><GO type="169"/><UN n0="%E6%9C%88%E9%95%B7%E7%9F%B3" n1="%E5%A4%AA%E3%81%8F%E3%81%AA%E3%81%84%E3%81%8A" n2="%6D%69%69%6B%6F" n3="%E3%83%99%E3%82%BF%E3%82%AA%E3%83%AA%E3%82%B9%E3%82%AF" dan="16,18,17,16" rate="2132,2159,2135,2092" sx="M,M,M,M"/><TAIKYOKU oya="0"/>

<Scene>
<INIT seed="0,0,0,3,5,60" ten="250,250,250,250" oya="0" hai0="36,28,47,88,76,91,111,4,37,82,72,23,39" hai1="43,96,131,34,71,94,49,26,38,62,74,40,117" hai2="51,105,68,25,77,69,15,87,129,5,2,22,7" hai3="92,75,110,63,33,123,21,101,27,130,124,20,56"/><T10/><D111/><U70/><E117/><V78/><F105/><W118/><G118/><T11/><D11/><U52/><E74/><V116/><F2/><W93/><G75/><T54/><D54/><U61/><E131/><V114/><F114/><W133/><G110/><T122/><D122/><U42/><E38/><V104/><F104/><W97/><G124/><T41/><D28/><U46/><E70/><V14/><F129/><W67/><G130/><T85/><D23/><U29/><REACH who="1" step="1"/><E71/><REACH who="1" ten="250,240,250,250" step="2"/><V125/><F69/><W58/><G123/><T98/><D98/><U119/><E119/><V84/><F68/><W106/><G133/><T135/><D135/><U44/><E44/><V45/><F45/><W95/><REACH who="3" step="1"/><G58/><REACH who="3" ten="250,240,250,240" step="2"/><T126/><D126/><U127/><E127/><V48/><F125/><W108/><G108/><T1/><D91/><AGARI ba="0,2" hai="26,29,34,40,42,43,46,49,52,61,62,91,94,96" machi="91" ten="40,2600,0" yaku="1,1,54,1,53,0" doraHai="60" doraHaiUra="8" who="1" fromWho="0" sc="250,-26,240,46,250,0,240,0" />
</Scene>
<Scene>
<INIT seed="1,0,0,0,3,68" ten="224,286,250,240" oya="1" hai0="40,98,103,32,41,57,86,27,111,100,61,35,99" hai1="48,104,26,93,80,102,63,51,88,127,3,66,97" hai2="21,76,123,128,55,77,45,106,39,53,117,81,84" hai3="135,130,47,79,110,52,16,72,38,10,64,129,116"/><U36/><E3/><V132/><F123/><W96/><G110/><T85/><D111/><U105/><E127/><V14/><F106/><W125/><G125/><T46/><D27/><U108/><E108/><V65/><F117/><W69/><G116/><T83/><D83/><U126/><E126/><V44/><F65/><W33/><G33/><T2/><D2/><U17/><E36/><V19/><F132/><W82/><G135/><T109/><D109/><U112/><E112/><V92/><F128/><N who="3" m="49259" /><G96/><T58/><D61/><U12/><E26/><V24/><F92/><W37/><G64/><T22/><D22/><U115/><E115/><V56/><F77/><W133/><G69/><T15/><D15/><U107/><E80/><V18/><F39/><N who="3" m="14859" /><G133/><T28/><REACH who="0" step="1"/><D46/><REACH who="0" ten="214,286,250,240" step="2"/><U7/><E63/><V67/><F45/><W25/><G47/><T113/><D113/><U70/><E12/><V89/><F44/><W6/><G25/><T120/><D120/><U71/><E71/><V4/><F24/><W54/><G16/><T114/><D114/><U75/><E17/><V1/><F18/><W62/><G62/><T78/><D78/><U74/><E70/><V50/><F76/><W34/><G34/><T0/><D0/><AGARI ba="0,1" hai="0,6,10,52,54,72,79,82" m="14859,49259" machi="0" ten="30,8000,1" yaku="19,1,52,3,54,1" doraHai="68" who="3" fromWho="0" sc="214,-80,286,0,250,0,240,90" />
</Scene>
<Scene>
<INIT seed="2,0,0,4,3,8" ten="134,286,250,330" oya="2" hai0="121,27,109,38,10,54,122,70,19,114,5,84,18" hai1="125,134,30,92,31,55,17,128,98,135,73,35,68" hai2="4,56,93,16,13,101,124,88,51,3,83,90,89" hai3="127,61,22,57,117,53,119,123,60,77,37,67,46"/><V74/><F124/><W81/><G123/><T80/><D70/><U129/><E73/><V100/><F3/><W63/><G127/><T75/><D38/><U42/><E68/><V112/><F4/><W52/><G22/><T130/><D75/><U133/><E42/><V50/><F74/><W23/><G23/><T49/><D114/><U91/><E125/><V14/><F112/><W85/><G61/><T116/><D116/><U105/><E105/><V94/><F83/><W76/><G76/><T65/><D65/><U115/><E115/><V132/><F132/><W107/><G107/><T96/><D130/><N who="1" m="50283" /><E35/><V71/><F71/><W110/><G110/><T106/><D109/><U108/><E108/><V25/><F25/><W28/><G28/><N who="1" m="10794" /><E55/><N who="2" m="31863" /><F51/><W97/><G37/><T104/><D27/><U99/><E17/><V59/><F59/><W47/><G57/><T7/><D96/><AGARI ba="0,0" hai="91,92,96,98,99,133,134,135" m="10794,50283" machi="96" ten="40,2600,0" yaku="20,1,19,1" doraHai="8" who="1" fromWho="0" sc="134,-26,286,26,250,0,330,0" />
</Scene>
<Scene>
<INIT seed="3,0,0,2,3,6" ten="108,312,250,330" oya="3" hai0="127,114,34,124,94,27,78,35,126,123,112,42,116" hai1="113,17,91,93,121,125,105,39,40,33,88,76,9" hai2="83,101,59,134,24,92,129,64,97,54,131,102,61" hai3="74,5,80,95,133,67,29,98,8,4,77,106,32"/><W82/><G133/><T11/><D42/><U89/><E121/><V108/><F108/><W36/><G36/><T118/><D78/><U99/><E33/><N who="0" m="12297" /><D94/><U109/><E109/><V30/><F134/><W75/><G106/><T60/><D60/><U107/><E76/><V62/><F102/><W100/><G80/><T41/><D41/><U52/><E40/><V84/><F24/><W66/><G75/><T51/><D51/><U48/><E39/><V26/><F26/><W96/><G96/><T19/><D123/><U55/><E55/><V22/><F22/><W73/><G73/><T3/><D3/><U117/><E105/><V130/><F30/><W23/><G32/><T58/><D58/><U15/><E107/><V57/><F83/><W135/><G135/><T47/><D47/><U85/><E85/><AGARI ba="0,0" hai="54,57,59,61,62,64,84,85,92,97,101,129,130,131" machi="85" ten="40,1300,0" yaku="19,1" doraHai="6" who="2" fromWho="1" sc="108,0,312,-13,250,13,330,0" />
</Scene>
<Scene>
<INIT seed="4,0,0,1,3,94" ten="108,299,263,330" oya="0" hai0="80,70,90,57,28,73,7,75,104,117,91,6,114" hai1="97,112,33,65,8,10,133,68,124,116,23,56,42" hai2="78,4,122,14,115,71,86,103,101,47,123,46,92" hai3="22,58,11,59,9,35,62,37,61,132,39,120,74"/><T43/><D117/><U118/><E33/><V98/><F71/><W66/><G35/><T0/><D70/><U130/><E68/><V93/><F115/><W31/><G74/><T105/><D114/><U21/><E112/><V18/><F4/><W51/><G132/><T106/><D43/><U40/><E133/><V69/><F69/><W44/><G120/><T79/><D28/><U53/><E65/><V67/><F67/><N who="3" m="39351" /><G39/><T17/><D17/><U108/><E56/><V26/><F26/><N who="3" m="16855" /><G37/><T3/><D57/><U49/><E49/><V16/><F78/><W15/><G15/><T113/><D113/><U111/><E53/><AGARI ba="0,0" hai="9,11,44,51,53,59,62,66" m="16855,39351" machi="53" ten="30,1000,0" yaku="8,1" doraHai="94" who="3" fromWho="1" sc="108,0,299,-10,263,0,330,10" />
</Scene>
<Scene>
<INIT seed="5,0,0,0,0,53" ten="108,289,263,340" oya="1" hai0="9,81,23,22,112,116,97,86,44,12,94,41,39" hai1="69,135,37,62,90,72,119,0,78,101,125,70,15" hai2="103,99,65,49,6,38,21,24,128,32,4,56,42" hai3="46,110,35,64,60,27,89,104,105,51,124,93,54"/><U11/><E119/><V1/><F1/><W45/><G110/><T31/><D116/><U118/><E118/><V126/><F32/><W133/><G124/><T122/><D112/><U63/><E37/><V91/><F126/><W85/><G133/><T115/><D115/><U36/><E36/><V87/><F128/><W98/><G46/><T123/><D123/><U79/><E0/><V83/><F38/><W5/><G5/><T68/><D68/><U120/><E120/><V13/><F13/><W43/><G43/><T109/><D109/><U57/><E101/><V106/><F42/><W84/><G84/><T7/><D31/><U34/><E34/><V66/><F66/><W102/><G35/><T19/><D19/><U14/><E125/><V108/><F108/><W47/><G47/><T58/><D58/><U121/><E121/><V8/><F8/><W59/><REACH who="3" step="1"/><G27/><REACH who="3" ten="108,289,263,330" step="2"/><T76/><D122/><U61/><E135/><V134/><F134/><W96/><G96/><T113/><D113/><U132/><E132/><V17/><REACH who="2" step="1"/><F49/><REACH who="2" ten="108,289,253,330" step="2"/><W26/><G26/><T114/><REACH who="0" step="1"/><D114/><REACH who="0" ten="98,289,253,330" step="2"/><U129/><E129/><V40/><F40/><W48/><G48/><T95/><D95/><AGARI ba="0,3" hai="45,51,54,59,60,64,85,89,93,95,98,102,104,105" machi="95" ten="30,3900,0" yaku="1,1,7,1,52,1,53,0" doraHai="53" doraHaiUra="107" who="3" fromWho="0" sc="98,-39,289,0,253,0,330,69" />
</Scene>
<Scene>
<INIT seed="6,0,0,3,0,29" ten="59,289,253,399" oya="2" hai0="72,123,56,86,26,10,4,122,37,42,69,22,112" hai1="41,130,105,102,126,133,66,103,108,5,58,20,128" hai2="14,106,68,54,1,47,85,96,109,132,40,11,44" hai3="74,38,78,91,97,93,125,9,0,28,119,95,34"/><V99/><F1/><W94/><G119/><T88/><D69/><U32/><E108/><V101/><F132/><W120/><G120/><T23/><D72/><U12/><E41/><V70/><F109/><W35/><G38/><T43/><D112/><U55/><E66/><V80/><F96/><W118/><G118/><T61/><D123/><U18/><E133/><V16/><F54/><W114/><G114/><T115/><D115/><U111/><E111/><V7/><F7/><W73/><G125/><T71/><D71/><U19/><E5/><V92/><F106/><W3/><G9/><T13/><D122/><U65/><E65/><V46/><REACH who="2" step="1"/><F40/><REACH who="2" ten="59,289,243,399" step="2"/><W24/><G3/><T75/><D75/><U36/><E105/><V64/><F64/><W53/><G0/><T116/><D116/><U76/><E55/><V104/><F104/><W59/><G73/><T2/><D2/><U30/><E126/><V50/><F50/><W135/><G135/><T39/><D39/><U25/><E36/><V48/><F48/><W89/><G74/><T100/><D37/><U117/><E117/><V45/><N who="2" m="11264" /><DORA hai="113" /><V83/><F83/><W27/><G97/><T77/><D77/><AGARI ba="0,1" hai="11,14,16,68,70,77,80,85,92,99,101" m="11264" machi="77" ten="50,9600,0" yaku="1,1,54,1,53,1" doraHai="29,113" doraHaiUra="15,62" who="2" fromWho="0" sc="59,-96,289,0,243,106,399,0" owari="-37,-54.0,289,-11.0,349,15.0,399,50.0" />
</Scene>
</mjloggm>