<mjloggm ver="2.3"><GO type="41"/><UN n0="%E5%A4%AA%E3%81%8F%E3%81%AA%E3%81%84%E3%81%8A" n1="%E4%B8%AD%E5%8E%9F%E9%80%90%E9%B9%BF" n2="%E3%81%B5%E3%81%BF%E3%82%8A%E3%82%93" n3="%E5%8D%97%E5%9B%BD%EF%BC%91%EF%BC%91" dan="15,14,14,14" rate="2060,1816,1962,1919" sx="M,M,F,M"/><TAIKYOKU oya="0"/>

<Scene>
<INIT seed="0,0,0,2,1,47" ten="250,250,250,250" oya="0" hai0="106,17,83,21,61,23,35,19,13,91,110,49,62" hai1="6,121,46,89,33,60,119,114,92,122,2,58,108" hai2="63,101,40,81,97,118,22,8,128,25,123,59,10" hai3="34,133,48,70,95,68,69,79,105,56,57,37,129"/><T16/><D35/><U85/><E33/><V124/><F123/><W78/><G105/><T26/><D106/><U100/><E119/><V71/><F71/><W45/><G34/><T74/><D110/><U51/><E108/><V24/><F118/><W84/><G133/><T15/><D74/><U36/><E36/><V42/><F25/><W126/><G37/><T41/><D83/><U52/><E114/><V66/><F124/><W39/><G39/><T67/><D91/><U29/><E29/><V28/><F81/><W103/><G126/><T80/><D80/><U87/><E87/><V107/><F128/><W125/><G125/><T94/><D94/><U77/><E77/><V72/><F72/><W1/><G1/><T134/><D134/><U93/><E6/><V76/><F76/><W104/><G104/><T12/><D67/><U65/><REACH who="1" step="1"/><E2/><REACH who="1" ten="250,240,250,250" step="2"/><V3/><F3/><W132/><G132/><T38/><D38/><U111/><E111/><V5/><F5/><W116/><G116/><T55/><D41/><U30/><E30/><V0/><F0/><W53/><G129/><T64/><D64/><U117/><E117/><V54/><F42/><W88/><G79/><T82/><D82/><U9/><E9/><V99/><F40/><W44/><G78/><T73/><D73/><U11/><E11/><V115/><F115/><W75/><G75/><T96/><D96/><AGARI ba="0,1" hai="46,51,52,58,60,65,85,89,92,93,96,100,121,122" machi="96" ten="40,5200,0" yaku="1,1,52,1,54,1,53,0" doraHai="47" doraHaiUra="102" who="1" fromWho="0" sc="250,-52,240,62,250,0,250,0" />
</Scene>
<Scene>
<INIT seed="1,0,0,2,2,109" ten="198,302,250,250" oya="1" hai0="127,72,123,18,91,57,3,71,44,69,112,131,98" hai1="121,60,101,37,83,68,86,33,76,34,129,118,32" hai2="29,24,54,62,132,22,39,1,4,80,12,108,48" hai3="113,107,84,133,88,135,25,97,90,93,30,110,82"/><U67/><E121/><V53/><F39/><W40/><G40/><T13/><D72/><U56/><E118/><V74/><F108/><W73/><G110/><T134/><D3/><U125/><E37/><V94/><F1/><W23/><G73/><T9/><D123/><U38/><E38/><V19/><F132/><N who="3" m="50763" /><G107/><T111/><D111/><U51/><E101/><V99/><F74/><W20/><G23/><T26/><D134/><U64/><E51/><V120/><F120/><W117/><G117/><T92/><D131/><U126/><E129/><V61/><F80/><W6/><G6/><T124/><D44/><U0/><E0/><V106/><F4/><W128/><G128/><T11/><D11/><U89/><E76/><V85/><F85/><W103/><G103/><T2/><D2/><U10/><E10/><V58/><F54/><W66/><G66/><T65/><D26/><U14/><E14/><V104/><F106/><W46/><G46/><T115/><D57/><U5/><E5/><V105/><F104/><W100/><G100/><T122/><D122/><U35/><E35/><V77/><F77/><W96/><G96/><T81/><D81/><U102/><E102/><N who="2" m="60791" /><F105/><W70/><G70/><N who="0" m="26635" /><D65/><U17/><E68/><V7/><F7/><W15/><G15/><T95/><D95/><U27/><E67/><V43/><F43/><W45/><G45/><T78/><D78/><U130/><E130/><V49/><F12/><W116/><G116/><T8/><D8/><U31/><E64/><V75/><F75/><W114/><AGARI ba="0,0" hai="20,25,30,82,84,88,90,93,97,113,114" m="50763" machi="114" ten="30,7900,0" yaku="20,1,52,2,54,1" doraHai="109" who="3" fromWho="3" sc="198,-20,302,-39,250,-20,250,79" />
</Scene>
<Scene>
<INIT seed="2,0,0,4,1,80" ten="178,263,230,329" oya="2" hai0="9,108,26,49,124,115,48,50,32,16,62,93,7" hai1="56,31,133,88,131,76,135,39,99,83,30,5,134" hai2="24,66,40,68,94,54,67,96,36,75,29,15,8" hai3="71,69,33,129,3,6,74,19,13,52,53,38,43"/><V0/><F75/><W23/><G33/><T121/><D115/><U46/><E131/><V87/><F0/><W34/><G129/><T18/><D121/><U60/><E5/><V101/><F68/><W28/><G74/><T84/><D108/><U77/><E77/><V105/><F40/><W61/><G43/><T47/><D124/><U117/><E117/><V72/><F36/><W110/><G38/><T91/><D62/><U51/><E39/><V123/><F72/><W11/><G110/><T127/><D127/><U78/><E78/><V126/><F126/><W65/><REACH who="3" step="1"/><G71/><REACH who="3" ten="178,263,230,319" step="2"/><T57/><D57/><U90/><E99/><V25/><F123/><W92/><G92/><T45/><D45/><U42/><E31/><V21/><F105/><W95/><G95/><T81/><D93/><U10/><E30/><V104/><F104/><W119/><G119/><T17/><D32/><U98/><E98/><V97/><F97/><W122/><G122/><T37/><D37/><U27/><E10/><V89/><F29/><W2/><G2/><T120/><D120/><U112/><E112/><V102/><F102/><W22/><G22/><N who="0" m="13639" /><D47/><U58/><E58/><V111/><F21/><W125/><G125/><T114/><D114/><U100/><E100/><V4/><F111/><W44/><G44/><T55/><D55/><U14/><E135/><V73/><F54/><W70/><G70/><T132/><D132/><U1/><E1/><V86/><F73/><W64/><G64/><N who="2" m="24617" /><F101/><W103/><G103/><T20/><D20/><U118/><E134/><V107/><F107/><W35/><G35/><RYUUKYOKU ba="0,1" sc="178,10,263,-30,230,10,319,10" hai0="7,9,17,18,48,49,50,81,84,91" hai2="4,8,15,24,25,86,87,89,94,96" hai3="3,6,11,13,19,23,28,34,52,53,61,65,69" />
</Scene>
<Scene>
<INIT seed="2,1,1,0,2,52" ten="188,233,240,329" oya="2" hai0="97,59,48,55,104,11,20,127,83,41,76,100,108" hai1="114,72,4,109,39,50,1,110,79,28,126,124,131" hai2="18,15,27,51,115,7,106,34,92,117,113,16,38" hai3="112,31,94,133,87,93,64,116,21,120,25,74,14"/><V81/><F106/><W46/><G74/><T56/><D108/><U19/><E39/><V84/><F38/><W78/><G116/><T57/><D127/><N who="1" m="48683" /><E50/><V121/><F121/><W68/><G120/><T134/><D134/><U88/><E28/><V70/><F70/><W90/><G133/><T26/><D11/><U42/><E42/><V122/><F122/><W10/><G78/><T22/><D41/><U2/><E19/><V130/><F7/><W101/><G112/><T36/><D36/><U98/><E4/><V99/><F117/><W32/><G46/><T86/><D20/><U102/><E2/><V8/><F51/><W49/><G49/><T47/><D47/><U75/><E1/><V62/><F62/><W45/><G45/><T58/><D58/><U65/><E65/><V63/><F63/><W89/><G101/><T30/><AGARI ba="1,1" hai="22,26,30,48,55,56,57,59,76,83,86,97,100,104" machi="30" ten="20,8000,1" yaku="0,1,7,1,52,3" doraHai="52" who="0" fromWho="0" sc="188,93,233,-21,240,-41,329,-21" />
</Scene>
<Scene>
<INIT seed="3,0,0,4,4,42" ten="281,212,199,308" oya="3" hai0="126,77,37,86,13,127,85,49,66,55,2,111,118" hai1="40,18,92,43,116,101,50,83,3,87,113,45,60" hai2="1,22,23,8,44,29,54,34,75,124,48,53,120" hai3="7,95,9,72,28,47,11,82,135,89,16,115,81"/><W64/><G28/><T58/><D2/><U106/><E106/><V39/><F75/><W76/><G135/><T103/><D118/><U36/><E3/><V6/><F124/><N who="0" m="47658" /><D111/><U133/><E133/><V80/><F39/><W99/><G115/><T4/><D37/><U61/><E116/><V57/><F120/><W12/><G64/><T32/><D32/><U73/><E73/><V94/><F80/><W38/><G82/><T63/><D103/><U114/><E43/><V93/><F34/><W97/><G99/><T17/><D4/><U33/><E36/><V52/><F54/><W25/><G25/><T67/><D77/><U90/><E33/><V112/><F112/><W128/><G128/><T91/><D91/><U109/><E109/><V100/><F100/><W15/><G38/><T88/><D88/><U102/><E114/><V68/><F68/><W24/><G24/><T107/><D107/><U62/><E113/><V14/><F1/><W84/><G72/><T56/><D67/><U134/><E134/><V41/><F41/><W71/><G71/><T74/><D74/><U10/><E83/><V27/><F23/><AGARI ba="0,0" hai="13,17,23,49,55,56,58,63,66,85,86" m="47658" machi="23" ten="30,1000,0" yaku="18,1" doraHai="42" who="0" fromWho="2" sc="281,10,212,0,199,-10,308,0" />
</Scene>
<Scene>
<INIT seed="4,0,0,2,2,1" ten="291,212,189,308" oya="0" hai0="64,30,14,61,104,8,7,91,94,11,125,4,88" hai1="26,62,102,59,17,123,36,70,0,54,52,31,12" hai2="48,34,71,129,41,39,132,63,67,124,66,65,25" hai3="49,130,112,93,135,100,90,55,53,74,122,33,10"/><T106/><D125/><U51/><E36/><V103/><F34/><W72/><G33/><T3/><D30/><U89/><E0/><V105/><F105/><W120/><G100/><T76/><D76/><U28/><E123/><V96/><F25/><W98/><G135/><T13/><D3/><U42/><E42/><V15/><F103/><W126/><G126/><T117/><D117/><U58/><E70/><V47/><F124/><W37/><G37/><T82/><D82/><U69/><E69/><V32/><F96/><W60/><G60/><T19/><D19/><U113/><E113/><V99/><F99/><W27/><G27/><T35/><D35/><U131/><E131/><V73/><F15/><W121/><G112/><T44/><D44/><U115/><E115/><V87/><F87/><W43/><G130/><T68/><D91/><U75/><E26/><V29/><F73/><W114/><G114/><T85/><AGARI ba="0,0" hai="4,7,8,11,13,14,61,64,68,85,88,94,104,106" machi="85" ten="20,18000,2" yaku="0,1,7,1,9,1,52,2,54,1" doraHai="1" who="0" fromWho="0" sc="291,180,212,-60,189,-60,308,-60" />
</Scene>
<Scene>
<INIT seed="4,1,0,1,5,5" ten="471,152,129,248" oya="0" hai0="43,42,32,60,118,63,6,68,90,52,73,94,23" hai1="33,22,116,85,0,65,1,110,127,120,45,47,129" hai2="55,12,20,121,62,122,18,102,93,123,30,2,25" hai3="17,46,7,44,9,11,48,130,70,38,108,95,15"/><T40/><D32/><U78/><E33/><V31/><F2/><W109/><G70/><T103/><D118/><U39/><E65/><V37/><F37/><W61/><G130/><T21/><D73/><U86/><E22/><N who="0" m="8201" /><D68/><U83/><E129/><V128/><F128/><W34/><G34/><T100/><D6/><U92/><E127/><V64/><F55/><W51/><G95/><T67/><D67/><U89/><E110/><V87/><F25/><W79/><G38/><T14/><D14/><U114/><E116/><V117/><F117/><W27/><G79/><T119/><D119/><U35/><E35/><V97/><REACH who="2" step="1"/><F87/><REACH who="2" ten="471,152,119,248" step="2"/><W113/><G27/><T74/><D74/><U82/><E39/><V8/><F8/><W105/><G109/><T77/><D52/><U10/><E114/><V91/><F91/><W57/><G108/><T72/><D72/><U71/><E120/><V3/><F3/><W4/><G113/><T26/><D26/><U19/><E0/><V28/><F28/><W53/><G105/><T41/><D41/><U133/><E1/><V56/><AGARI ba="1,1" hai="12,18,20,30,31,56,62,64,93,97,102,121,122,123" machi="56" ten="30,2000,0" yaku="1,1,0,1,53,0" doraHai="5" doraHaiUra="112" who="2" fromWho="2" sc="471,-11,152,-6,119,33,248,-6" />
</Scene>
<Scene>
<INIT seed="5,0,0,3,3,1" ten="460,146,152,242" oya="1" hai0="90,133,121,4,65,35,74,135,88,30,108,38,55" hai1="26,41,49,69,94,23,21,109,28,60,117,16,36" hai2="51,72,101,0,67,89,98,115,75,5,102,13,111" hai3="6,66,11,76,17,19,77,43,81,56,103,122,119"/><U3/><E117/><V22/><F0/><W85/><G122/><T37/><D74/><U95/><E36/><N who="0" m="13929" /><D65/><U80/><E109/><V118/><F111/><W57/><G119/><T46/><D108/><U58/><E3/><V59/><F118/><W92/><G77/><T106/><D106/><U63/><E80/><V71/><F71/><W123/><G123/><T78/><D78/><U120/><E120/><V8/><F75/><W61/><G43/><T91/><D4/><U130/><E130/><V131/><F72/><W99/><REACH who="3" step="1"/><G56/><REACH who="3" ten="460,146,152,232" step="2"/><T113/><D121/><U25/><E69/><V48/><F131/><W107/><G107/><T54/><D46/><N who="1" m="25807" /><E58/><V20/><F59/><W14/><AGARI ba="0,1" hai="6,11,14,17,19,57,61,66,76,81,85,92,99,103" machi="14" ten="20,8000,1" yaku="1,1,0,1,7,1,8,1,52,1,53,0" doraHai="1" doraHaiUra="87" who="3" fromWho="3" sc="460,-20,146,-40,152,-20,232,90" />
</Scene>
<Scene>
<INIT seed="6,0,0,0,2,27" ten="440,106,132,322" oya="2" hai0="100,88,52,112,69,120,72,60,76,31,108,123,113" hai1="104,103,41,99,7,48,135,56,106,97,6,119,74" hai2="4,32,71,82,128,66,0,15,54,79,94,64,70" hai3="42,93,2,44,75,131,98,5,92,13,58,91,124"/><V53/><F32/><W24/><G75/><T40/><D108/><U63/><E74/><V115/><F0/><W36/><G2/><T59/><D69/><U26/><E135/><V87/><F128/><W85/><G131/><T134/><D134/><U89/><E119/><V78/><F115/><N who="0" m="44106" /><D100/><U49/><E49/><V9/><F71/><W73/><G73/><T130/><D130/><U111/><E111/><V47/><F70/><W125/><G58/><T19/><D40/><U127/><E127/><V62/><F79/><W133/><G133/><T28/><D19/><U34/><E89/><V17/><F4/><W117/><G117/><T23/><D88/><U118/><E118/><V21/><F9/><W25/><G13/><T96/><D96/><U12/><E12/><V121/><F121/><N who="0" m="46666" /><D23/><U57/><E57/><N who="2" m="35119" /><F94/><W51/><G5/><T55/><D55/><U77/><E77/><V46/><F54/><W109/><G109/><T101/><D101/><U105/><E103/><V29/><F29/><W83/><G93/><T95/><D95/><U30/><E41/><V67/><AGARI ba="0,0" hai="15,17,21,46,47,64,66,67,78,82,87" m="35119" machi="67" ten="30,1500,0" yaku="8,1" doraHai="27" who="2" fromWho="2" sc="440,-5,106,-5,132,15,322,-5" />
</Scene>
<Scene>
<INIT seed="6,1,0,0,5,44" ten="435,101,147,317" oya="2" hai0="8,108,118,97,68,27,77,28,2,111,17,7,32" hai1="88,129,86,113,94,52,126,70,79,81,72,60,98" hai2="74,135,76,78,71,93,131,4,29,18,26,22,84" hai3="83,50,124,120,123,13,3,115,101,90,45,53,109"/><V104/><F71/><W103/><G3/><T20/><D68/><U67/><E113/><V133/><F104/><W127/><G109/><T43/><D118/><U6/><E126/><V47/><F4/><W10/><G115/><T89/><D77/><U87/><E129/><V80/><F131/><W51/><G120/><T130/><D130/><U55/><E6/><V11/><F93/><W91/><G123/><T134/><D43/><U12/><E12/><V105/><F105/><W40/><G91/><T132/><D89/><U100/><REACH who="1" step="1"/><E86/><REACH who="1" ten="435,91,147,317" step="2"/><V39/><F74/><W96/><G127/><T114/><D114/><U56/><E56/><V21/><F11/><W49/><G40/><T38/><D108/><U48/><E48/><N who="3" m="18538" /><G124/><T82/><D111/><U30/><E30/><V92/><F47/><W36/><G36/><T61/><D28/><U85/><E85/><V1/><F39/><W54/><G54/><T66/><D38/><U121/><E121/><V35/><F1/><W125/><G125/><T62/><D2/><U106/><AGARI ba="1,1" hai="52,55,60,67,70,72,79,81,87,88,94,98,100,106" machi="106" ten="20,12000,2" yaku="1,1,0,1,7,1,24,2,54,2,53,0" doraHai="44" doraHaiUra="41" who="1" fromWho="1" sc="435,-31,91,133,147,-61,317,-31" />
</Scene>
<Scene>
<INIT seed="7,0,0,0,0,102" ten="404,224,86,286" oya="3" hai0="38,108,53,64,10,91,115,58,135,9,105,3,34" hai1="31,80,4,106,109,92,117,95,1,11,43,65,7" hai2="41,33,45,23,28,89,49,74,85,128,25,52,104" hai3="0,40,132,69,56,116,83,62,133,24,123,107,110"/><W60/><G116/><T8/><D108/><U90/><E109/><V48/><F74/><W75/><G110/><T37/><D34/><U86/><E117/><V6/><F128/><W72/><G0/><T76/><D105/><U46/><E31/><V42/><F6/><W111/><G111/><T98/><D76/><U122/><E122/><V77/><F77/><W121/><G24/><T14/><D64/><U127/><E127/><V26/><F42/><W39/><G40/><T125/><D125/><U5/><E5/><V21/><F33/><W113/><G83/><T32/><D32/><U82/><E65/><V17/><F49/><W66/><G39/><T93/><D135/><U101/><E7/><V118/><F118/><W55/><G113/><T57/><D3/><U54/><E54/><V96/><F96/><W15/><G15/><T97/><D115/><U68/><E68/><V124/><F124/><W87/><G87/><N who="0" m="52479" /><D38/><U36/><E82/><V81/><F41/><W103/><G75/><T51/><D37/><U47/><E47/><V71/><F71/><W70/><G72/><T18/><D58/><U12/><E1/><V2/><REACH who="2" step="1"/><F2/><REACH who="2" ten="404,224,76,286" step="2"/><W73/><G73/><T114/><D114/><U30/><E36/><V130/><F130/><W134/><G70/><T120/><D120/><U61/><E4/><V19/><F19/><W112/><G112/><T99/><AGARI ba="0,1" hai="8,9,10,14,18,51,53,57,97,98,99" m="52479" machi="99" ten="30,1100,0" yaku="8,1" doraHai="102" who="0" fromWho="0" sc="404,21,224,-3,76,-3,286,-5" owari="425,53.0,221,-18.0,73,-43.0,281,8.0" />
</Scene>
</mjloggm>