<mjloggm ver="2.3"><GO type="41"/><UN n0="%E8%97%A4%E5%8E%9F%E3%81%A8%E3%81%86%E3%81%B5%E5%BA%97" n1="%4B%2D%59%41%53" n2="%E5%A4%AA%E3%81%8F%E3%81%AA%E3%81%84%E3%81%8A" n3="%63%68%65%61%70" dan="15,15,14,14" rate="2011,1938,2026,2012" sx="M,M,M,M"/><TAIKYOKU oya="0"/>

<Scene>
<INIT seed="0,0,0,1,0,70" ten="250,250,250,250" oya="0" hai0="45,57,20,51,43,120,48,4,108,47,5,100,14" hai1="16,36,76,18,72,90,53,0,56,17,127,61,131" hai2="133,118,114,96,38,55,67,44,49,82,15,79,19" hai3="52,97,81,123,80,66,83,58,62,132,102,104,27"/><T88/><D120/><U21/><E0/><V63/><F114/><W87/><G132/><T6/><D108/><U30/><E127/><V95/><F133/><W119/><G119/><T1/><D1/><U106/><E131/><V26/><F118/><W8/><G8/><T3/><D100/><U33/><E33/><V122/><F122/><W50/><G123/><T11/><D57/><U24/><E106/><V35/><F35/><W68/><REACH who="3" step="1"/><G27/><REACH who="3" ten="250,250,250,240" step="2"/><T71/><D3/><U116/><E116/><V93/><F26/><W65/><G65/><T69/><D20/><U109/><E109/><V54/><F67/><W74/><G74/><T126/><D126/><U117/><E117/><V112/><F112/><W105/><G105/><T128/><D128/><U110/><E110/><V13/><F13/><W77/><AGARI ba="0,1" hai="50,52,58,62,66,68,77,80,81,83,87,97,102,104" machi="77" ten="20,5200,0" yaku="1,1,0,1,7,1,54,1,53,0" doraHai="70" doraHaiUra="129" who="3" fromWho="3" sc="250,-26,250,-13,250,-13,240,62" />
</Scene>
<Scene>
<INIT seed="1,0,0,1,2,94" ten="224,237,237,302" oya="1" hai0="25,101,63,20,77,130,37,107,66,98,84,45,10" hai1="103,126,75,8,67,48,62,26,15,99,70,49,22" hai2="131,3,118,129,86,119,121,110,71,134,90,95,39" hai3="133,16,17,117,5,24,14,32,122,28,58,1,128"/><U124/><E75/><V127/><F3/><W100/><G117/><N who="2" m="44553" /><F39/><W53/><G122/><T92/><D130/><N who="2" m="49674" /><F71/><W31/><G128/><T106/><D10/><U27/><E27/><V114/><F121/><W88/><G100/><T0/><D0/><U76/><E76/><V21/><F21/><W91/><G133/><T102/><D102/><U52/><E8/><V111/><F134/><W89/><G1/><T9/><D9/><U80/><E80/><N who="2" m="49479" /><F127/><N who="1" m="48681" /><E15/><V13/><F13/><W105/><G105/><T35/><D106/><N who="1" m="63871" /><E52/><V85/><F114/><W82/><G32/><T42/><D107/><U19/><AGARI ba="0,0" hai="19,22,26,48,49,62,67,70" m="63871,48681" machi="19" ten="30,3000,0" yaku="18,1,52,1" doraHai="94" who="1" fromWho="1" sc="224,-10,237,30,237,-10,302,-10" />
</Scene>
<Scene>
<INIT seed="1,1,0,2,4,23" ten="214,267,227,292" oya="1" hai0="97,4,93,82,48,59,33,25,53,86,69,70,122" hai1="98,124,117,88,54,31,16,134,47,38,103,21,77" hai2="112,129,10,26,79,94,20,14,29,133,80,109,7" hai3="43,6,66,74,62,99,9,126,27,60,101,40,61"/><U65/><E117/><V36/><F109/><W128/><G74/><T91/><D122/><U32/><E124/><V108/><F108/><W1/><G126/><T127/><D4/><U67/><E77/><V96/><F129/><W107/><G128/><T58/><D127/><U41/><E134/><V17/><F133/><W39/><G39/><T13/><D13/><U63/><E31/><V45/><F112/><W75/><G75/><T118/><D118/><U121/><E32/><V78/><F80/><W51/><G51/><T11/><D11/><U130/><E130/><V105/><F105/><W123/><G123/><T110/><D59/><U52/><E121/><V106/><F106/><W56/><G56/><T28/><REACH who="0" step="1"/><D110/><REACH who="0" ten="204,267,227,292" step="2"/><U57/><E67/><V125/><F125/><W0/><G66/><T85/><D85/><U115/><E115/><V22/><F45/><W42/><G0/><T87/><D87/><U24/><REACH who="1" step="1"/><E88/><AGARI ba="1,1" hai="25,28,33,48,53,58,69,70,82,86,88,91,93,97" machi="88" ten="30,7700,0" yaku="1,1,7,1,52,1,54,1,53,0" doraHai="23" doraHaiUra="12" who="0" fromWho="1" sc="204,90,267,-80,227,0,292,0" />
</Scene>
<Scene>
<INIT seed="2,0,0,3,5,122" ten="294,187,227,292" oya="2" hai0="28,131,125,20,21,103,61,35,4,95,111,32,124" hai1="96,30,78,84,88,12,54,6,43,67,90,44,98" hai2="72,105,13,79,46,75,33,10,62,130,85,113,92" hai3="134,59,22,116,60,19,133,17,128,135,73,37,49"/><V40/><F113/><W11/><G73/><T81/><D131/><U129/><E129/><V51/><F105/><W8/><G37/><T50/><D4/><U55/><E67/><V114/><F114/><W18/><G49/><T99/><D81/><U107/><E30/><V53/><F33/><N who="0" m="12874" /><D28/><U106/><E78/><V29/><F29/><W69/><G69/><T65/><D50/><U36/><E107/><V57/><F130/><W39/><G39/><T120/><D120/><U109/><E109/><V91/><REACH who="2" step="1"/><F79/><REACH who="2" ten="294,187,217,292" step="2"/><W94/><G128/><T68/><D111/><U14/><E106/><V127/><F127/><AGARI ba="0,1" hai="20,21,61,65,68,95,99,103,124,125,127" m="12874" machi="127" ten="30,1000,0" yaku="18,1" doraHai="122" who="0" fromWho="2" sc="294,20,187,0,217,-10,292,0" />
</Scene>
<Scene>
<INIT seed="3,0,0,0,0,117" ten="314,187,207,292" oya="3" hai0="89,81,90,70,98,11,8,123,97,108,121,132,60" hai1="28,67,66,68,29,112,77,30,119,63,79,58,55" hai2="42,14,38,20,40,10,46,24,6,35,34,96,85" hai3="22,54,87,93,25,16,78,43,39,102,110,128,124"/><W48/><G39/><T131/><D70/><U99/><E112/><V45/><F96/><W64/><G124/><T118/><D60/><U107/><E119/><V37/><REACH who="2" step="1"/><F85/><REACH who="2" ten="314,187,197,292" step="2"/><W83/><G128/><T122/><D118/><U135/><E135/><V51/><F51/><W0/><G110/><T9/><D108/><U18/><E99/><N who="0" m="37897" /><D132/><U59/><E107/><V50/><F50/><W49/><G49/><T74/><D131/><U5/><E68/><V13/><F13/><W47/><G0/><T71/><D74/><U80/><E59/><V73/><F73/><W61/><G43/><T23/><D71/><U76/><E58/><V82/><F82/><W7/><G102/><T62/><D81/><U26/><E80/><V86/><F86/><W94/><REACH who="3" step="1"/><G7/><REACH who="3" ten="314,187,197,282" step="2"/><T41/><D41/><U69/><E5/><V56/><F56/><AGARI ba="0,2" hai="16,22,25,47,48,54,56,61,64,78,83,87,93,94" machi="56" ten="30,12000,1" yaku="1,1,2,1,7,1,8,1,54,1,53,0" doraHai="117" doraHaiUra="95" who="3" fromWho="2" sc="314,0,187,0,197,-120,282,140" />
</Scene>
<Scene>
<INIT seed="3,1,0,0,3,80" ten="314,187,77,422" oya="3" hai0="0,48,60,114,79,39,74,101,29,118,14,103,44" hai1="116,133,70,54,110,134,99,112,85,2,65,66,36" hai2="78,95,73,117,35,42,123,58,89,55,57,100,131" hai3="82,27,71,126,6,124,49,84,43,97,64,109,23"/><W108/><G6/><T102/><D0/><U90/><E112/><V72/><F117/><W96/><G71/><T4/><D39/><U105/><E2/><V120/><F35/><W37/><G64/><T129/><D118/><U119/><E110/><N who="3" m="42602" /><G37/><T63/><D129/><U50/><E36/><V88/><F42/><W132/><G43/><T61/><D29/><U25/><E116/><V113/><F113/><W121/><G49/><T122/><D122/><N who="2" m="46634" /><F131/><W15/><G15/><T31/><D114/><U16/><E119/><V46/><F46/><W128/><G128/><T93/><D31/><U21/><E99/><N who="3" m="37962" /><G132/><N who="1" m="50794" /><E105/><V8/><F8/><W19/><G121/><T52/><D79/><AGARI ba="1,0" hai="19,23,27,79,82,84,124,126" m="37962,42602" machi="79" ten="30,5800,0" yaku="14,1,10,1,52,1" doraHai="80" who="3" fromWho="0" sc="314,-61,187,0,77,0,422,61" />
</Scene>
<Scene>
<INIT seed="3,2,0,5,0,113" ten="253,187,77,483" oya="3" hai0="95,28,134,74,46,105,25,131,78,79,10,23,77" hai1="97,82,13,76,125,100,68,123,80,17,132,72,73" hai2="121,58,40,2,104,62,110,4,112,8,39,71,75" hai3="21,54,51,20,35,122,30,57,98,103,126,49,106"/><W48/><G122/><T26/><D105/><U114/><E114/><V44/><F112/><W47/><G35/><T16/><D134/><U109/><E123/><V66/><F121/><W119/><G30/><T52/><D131/><U56/><E109/><V32/><F110/><W115/><G115/><T130/><D130/><U91/><E68/><V34/><F104/><W89/><G119/><T19/><D95/><U53/><E132/><V67/><F67/><W102/><G102/><T135/><D74/><U111/><E111/><V18/><F18/><W43/><G89/><T9/><D135/><U69/><E69/><V83/><REACH who="2" step="1"/><F58/><REACH who="2" ten="253,187,67,483" step="2"/><W63/><REACH who="3" step="1"/><G126/><REACH who="3" ten="253,187,67,473" step="2"/><T33/><REACH who="0" step="1"/><D19/><REACH who="0" ten="243,187,67,473" step="2"/><U22/><E17/><V12/><F12/><W65/><G65/><T61/><D61/><U3/><E13/><V38/><F38/><AGARI ba="2,3" hai="20,21,38,43,47,48,49,51,54,57,63,98,103,106" machi="38" ten="40,2000,0" yaku="1,1,53,0" doraHai="113" doraHaiUra="5" who="3" fromWho="2" sc="243,0,187,0,67,-26,473,56" />
</Scene>
<Scene>
<INIT seed="3,3,0,1,0,45" ten="243,187,41,529" oya="3" hai0="80,69,21,38,82,119,62,11,116,68,14,108,129" hai1="54,99,44,111,87,40,74,92,30,13,134,91,20" hai2="85,37,34,81,88,42,12,51,96,128,72,100,18" hai3="29,33,8,66,93,23,124,83,84,73,39,107,95"/><W78/><G39/><T59/><D38/><U89/><E74/><V58/><F128/><W104/><G33/><T75/><D129/><U41/><E111/><V5/><F34/><W22/><G66/><T76/><D108/><U57/><E134/><V2/><F72/><W110/><G29/><T31/><D80/><U77/><E77/><V90/><F37/><W106/><G8/><T35/><D35/><U48/><E44/><N who="2" m="26007" /><F2/><W112/><G22/><T28/><D116/><U70/><E70/><V132/><F132/><W133/><G23/><T56/><D119/><U7/><E7/><V97/><F5/><W103/><G112/><T1/><D28/><U98/><E98/><N who="2" m="37995" /><F100/><W17/><G110/><T25/><D1/><U6/><E6/><V118/><F118/><W61/><G133/><T63/><D69/><U43/><E30/><V24/><F58/><W122/><G73/><T102/><D102/><U79/><E79/><N who="2" m="46271" /><F24/><W123/><G107/><T16/><D68/><U94/><E43/><V9/><AGARI ba="3,0" hai="9,12,18,88,90" m="46271,37995,26007" machi="9" ten="30,4000,0" yaku="8,1,52,1,54,1" doraHai="45" who="2" fromWho="2" sc="243,-13,187,-13,41,49,529,-23" />
</Scene>
<Scene>
<INIT seed="4,0,0,2,2,63" ten="230,174,90,506" oya="0" hai0="72,116,56,86,126,71,135,74,0,52,28,102,125" hai1="53,85,96,51,10,37,14,31,7,87,24,133,12" hai2="113,36,117,90,107,48,3,131,101,118,38,27,89" hai3="8,46,109,29,64,41,81,88,13,11,105,40,110"/><T2/><D116/><N who="2" m="44650" /><F3/><W123/><G105/><T108/><D71/><U78/><E37/><N who="2" m="14443" /><F113/><W44/><G29/><T50/><D135/><U115/><E133/><V68/><F131/><W34/><G34/><T130/><D102/><U61/><E115/><V33/><F68/><W98/><G13/><T92/><D130/><U93/><E61/><V111/><F111/><W25/><G25/><T1/><D28/><U69/><E69/><V47/><F33/><W106/><G106/><T79/><D108/><U9/><E78/><V21/><F101/><W15/><G15/><T80/><D92/><U62/><E62/><V73/><F73/><W97/><G81/><T17/><REACH who="0" step="1"/><D17/><REACH who="0" ten="220,174,90,506" step="2"/><U75/><E31/><N who="2" m="17903" /><F107/><W18/><G110/><T19/><D19/><U22/><E93/><V124/><F124/><AGARI ba="0,1" hai="0,1,2,50,52,56,72,74,79,80,86,124,125,126" machi="124" ten="50,9600,0" yaku="1,1,18,1,54,1,53,0" doraHai="63" doraHaiUra="20" who="0" fromWho="2" sc="220,106,174,0,90,-96,506,0" owari="326,13.0,174,-23.0,-6,-51.0,506,61.0" />
</Scene>
</mjloggm>