<mjloggm ver="2.3"><GO type="169"/><UN n0="%E5%A4%AA%E3%81%8F%E3%81%AA%E3%81%84%E3%81%8A" n1="%E3%81%B2%E3%81%BD%E3%81%8D%E3%82%88%E3%81%97" n2="%E3%81%8A%E3%81%8B%E3%82%82%E3%81%A8" n3="%E3%81%B5%E3%81%8B%E3%81%BF" dan="17,18,16,17" rate="2190,2158,2201,2169" sx="M,M,M,F"/><TAIKYOKU oya="0"/>

<Scene>
<INIT seed="0,0,0,3,5,107" ten="250,250,250,250" oya="0" hai0="79,119,58,1,2,12,93,92,18,20,101,126,99" hai1="57,98,130,39,72,23,124,37,112,128,53,121,83" hai2="111,17,34,56,25,66,51,9,47,103,113,24,118" hai3="36,76,122,89,15,132,45,38,95,13,31,30,105"/><T6/><D119/><U7/><E121/><V115/><F113/><W127/><G105/><T32/><D32/><U85/><E124/><V3/><F115/><W10/><G76/><T67/><D126/><U26/><E7/><V48/><F118/><W116/><G116/><T22/><D79/><N who="1" m="44519" /><E98/><V43/><F111/><W108/><G127/><T80/><D80/><U125/><E85/><V21/><F103/><W90/><G132/><T123/><D123/><U73/><E73/><V4/><F34/><W0/><G0/><T106/><D22/><U11/><E11/><V75/><F75/><W117/><G117/><T100/><D100/><U19/><E112/><V46/><F66/><W129/><G129/><N who="1" m="49770" /><E125/><V82/><F56/><W33/><G10/><T86/><D6/><U110/><E110/><V55/><REACH who="2" step="1"/><F82/><REACH who="2" ten="250,250,240,250" step="2"/><W97/><G108/><T87/><D106/><U84/><E84/><V44/><F44/><W35/><G45/><T65/><D87/><U42/><E57/><V60/><F60/><W120/><G97/><T96/><D96/><U8/><E37/><V70/><F70/><W78/><G95/><T29/><D58/><U104/><E39/><V49/><F49/><W135/><G135/><T81/><D92/><U133/><E104/><V71/><F71/><W52/><REACH who="3" step="1"/><G78/><REACH who="3" ten="250,250,240,240" step="2"/><T64/><D93/><U114/><E133/><V69/><F69/><W16/><G16/><T131/><D18/><U54/><E19/><V74/><F74/><W5/><G5/><T68/><D131/><U63/><E114/><V50/><F50/><W40/><G40/><T27/><D68/><RYUUKYOKU ba="0,2" sc="250,-15,250,-15,240,15,240,15" hai2="3,4,9,17,21,24,25,43,46,47,48,51,55" hai3="13,15,30,31,33,35,36,38,52,89,90,120,122" />
</Scene>
<Scene>
<INIT seed="1,1,2,3,5,101" ten="235,235,255,255" oya="1" hai0="38,31,100,11,108,125,54,27,132,46,13,93,58" hai1="130,20,111,39,18,119,56,133,69,23,0,62,107" hai2="72,128,43,8,61,48,37,118,110,103,81,33,90" hai3="63,5,99,117,22,47,105,113,50,97,41,66,70"/><U52/><E119/><V49/><F118/><W29/><G113/><T42/><D108/><U89/><E39/><V26/><F37/><W102/><G117/><T3/><D125/><U36/><E36/><V44/><F110/><W75/><G75/><T114/><D114/><U24/><E0/><V78/><F128/><W12/><G99/><T30/><D3/><U80/><E69/><V25/><F103/><W123/><G123/><T104/><D132/><U116/><E116/><V16/><F61/><W32/><G22/><T121/><D121/><U68/><E68/><V86/><F33/><W1/><G12/><T126/><D126/><U64/><E107/><V115/><F115/><W53/><G5/><T112/><D112/><U2/><E2/><V127/><F127/><W95/><G1/><T77/><D77/><U122/><E122/><V92/><REACH who="2" step="1"/><F49/><REACH who="2" ten="235,235,245,255" step="2"/><W71/><G71/><T45/><D100/><U35/><E111/><V17/><F17/><W120/><G120/><T87/><D38/><U55/><E35/><V76/><F76/><W67/><G67/><T131/><D131/><U7/><E130/><V94/><F94/><W91/><G32/><T82/><D93/><U85/><E133/><V10/><F10/><W98/><REACH who="3" step="1"/><G29/><REACH who="3" ten="235,235,245,245" step="2"/><T57/><D31/><N who="1" m="17799" /><E7/><V106/><F106/><W21/><G21/><T9/><D104/><U79/><E79/><V73/><F73/><W135/><G135/><T4/><D4/><U88/><E89/><V60/><F60/><W34/><G34/><T14/><D30/><U40/><E62/><V6/><F6/><W19/><G19/><RYUUKYOKU ba="1,4" sc="235,-15,235,-15,245,15,245,15" hai2="8,16,25,26,43,44,48,72,78,81,86,90,92" hai3="41,47,50,53,63,66,70,91,95,97,98,102,105" />
</Scene>
<Scene>
<INIT seed="2,2,4,5,5,53" ten="220,220,260,260" oya="2" hai0="115,134,117,12,9,48,37,55,64,46,49,122,19" hai1="52,25,50,35,89,42,106,123,83,70,132,39,32" hai2="29,24,103,43,97,105,7,124,54,99,3,62,30" hai3="100,63,28,104,27,45,116,102,69,109,17,11,47"/><V87/><F43/><W135/><G116/><T0/><D115/><U20/><E106/><V13/><F3/><W126/><G109/><T92/><D122/><U15/><E70/><V113/><F113/><W78/><G78/><T22/><D117/><U127/><E123/><V18/><F7/><W71/><G71/><T34/><D34/><U114/><E114/><V98/><F124/><W2/><G126/><T76/><D134/><U31/><E132/><V108/><F108/><W51/><G102/><T14/><D0/><U111/><E111/><V8/><F87/><W81/><G81/><T75/><D64/><U26/><E15/><V80/><F80/><W130/><G135/><T82/><D92/><U72/><E26/><V121/><F121/><W110/><G110/><T74/><D37/><U36/><E39/><V95/><F105/><W119/><G51/><T79/><D49/><U23/><E35/><V129/><F129/><W128/><G119/><T88/><D76/><N who="1" m="44423" /><E89/><V112/><F112/><W94/><G94/><T58/><D88/><U73/><E73/><V60/><F60/><W118/><G118/><T16/><REACH who="0" step="1"/><D75/><REACH who="0" ten="210,220,260,260" step="2"/><U65/><E127/><V90/><F90/><W41/><G104/><T44/><AGARI ba="2,5" hai="9,12,14,16,19,22,44,46,48,55,58,74,79,82" machi="44" ten="30,8000,1" yaku="1,1,2,1,0,1,52,1,54,1,53,0" doraHai="53" doraHaiUra="96" who="0" fromWho="0" sc="210,136,220,-22,260,-42,260,-22" />
</Scene>
<Scene>
<INIT seed="3,0,0,0,0,77" ten="346,198,218,238" oya="3" hai0="80,103,34,113,121,30,82,75,132,47,21,78,74" hai1="31,42,73,99,41,69,89,123,118,45,93,40,8" hai2="28,79,72,95,110,24,55,76,26,48,116,7,2" hai3="53,83,67,90,38,100,22,27,37,61,29,36,88"/><W5/><G5/><T50/><D121/><U105/><E123/><V114/><F114/><W58/><G100/><T115/><D132/><U112/><E69/><V63/><F116/><W109/><G109/><T92/><D34/><U117/><E73/><V131/><F110/><W84/><REACH who="3" step="1"/><G90/><REACH who="3" ten="346,198,218,228" step="2"/><T19/><D103/><N who="1" m="62719" /><E112/><V107/><F7/><W56/><G56/><T128/><D113/><U122/><E89/><V60/><F2/><W4/><G4/><T52/><D115/><U87/><E118/><V102/><F102/><W129/><G129/><T98/><D128/><U62/><E117/><V32/><F131/><W135/><G135/><T39/><D47/><U11/><E45/><V18/><F107/><W54/><AGARI ba="0,1" hai="22,27,29,36,37,38,53,54,58,61,67,83,84,88" machi="54" ten="40,12000,1" yaku="1,1,0,1,52,1,54,1,53,0" doraHai="77" doraHaiUra="126" who="3" fromWho="3" sc="346,-40,198,-40,218,-40,228,130" />
</Scene>
<Scene>
<INIT seed="3,1,0,4,1,108" ten="306,158,178,358" oya="3" hai0="122,65,68,67,112,57,40,5,132,16,44,19,20" hai1="131,93,10,104,119,109,47,79,126,130,22,113,0" hai2="13,75,134,100,133,14,73,107,82,54,99,9,98" hai3="101,92,25,81,52,70,33,2,23,24,4,85,49"/><W105/><G70/><T17/><D122/><U1/><E109/><V115/><F115/><W129/><G105/><T46/><D68/><U7/><E104/><V35/><F35/><W123/><G123/><T61/><D132/><N who="2" m="50794" /><F98/><N who="3" m="59591" /><G33/><T97/><D5/><U90/><E113/><V32/><F32/><W29/><G2/><T111/><D111/><U118/><E1/><V53/><F14/><W50/><G4/><T71/><D112/><U62/><E22/><V135/><N who="2" m="50802" /><V11/><DORA hai="87" /><F11/><W6/><G6/><T38/><D46/><U128/><E126/><V103/><F103/><W42/><G42/><T15/><REACH who="0" step="1"/><D97/><REACH who="0" ten="296,158,178,358" step="2"/><U34/><E47/><V86/><F73/><W21/><G129/><T43/><D43/><U80/><E130/><V66/><F75/><W30/><G52/><T77/><D77/><AGARI ba="1,1" hai="21,23,24,25,29,30,49,50,77,81,85" m="59591" machi="77" ten="30,1500,0" yaku="8,1" doraHai="108,87" who="3" fromWho="0" sc="296,-18,158,0,178,0,358,28" />
</Scene>
<Scene>
<INIT seed="3,2,0,2,1,94" ten="278,158,178,386" oya="3" hai0="27,60,115,111,71,81,56,63,53,44,34,90,112" hai1="25,36,41,51,64,52,38,76,101,110,10,65,6" hai2="49,80,9,85,1,84,108,95,69,70,124,54,107" hai3="61,39,82,18,99,43,133,98,104,102,122,114,11"/><W20/><G114/><N who="0" m="43563" /><D111/><U5/><E110/><V113/><F107/><W15/><G122/><T77/><D90/><U37/><E76/><V100/><F108/><W68/><G133/><T125/><D125/><U17/><E41/><V26/><F113/><W58/><G68/><T31/><D44/><U45/><E6/><V73/><F73/><W106/><G82/><T57/><D71/><U92/><E17/><V127/><F26/><W28/><G43/><T30/><D30/><U91/><E25/><V130/><F130/><W21/><G39/><T50/><D57/><U2/><REACH who="1" step="1"/><E101/><REACH who="1" ten="278,148,178,386" step="2"/><V105/><F100/><W117/><G28/><T103/><D103/><U0/><E0/><V72/><F1/><W67/><G106/><T126/><D126/><U42/><E42/><V118/><F105/><W59/><G104/><T74/><AGARI ba="2,1" hai="27,31,34,50,53,56,60,63,74,77,81" m="43563" machi="74" ten="30,1100,0" yaku="11,1" doraHai="94" who="0" fromWho="0" sc="278,27,148,-5,178,-5,386,-7" />
</Scene>
<Scene>
<INIT seed="4,0,0,3,3,49" ten="305,143,173,379" oya="0" hai0="9,133,129,18,131,38,112,64,21,22,73,51,95" hai1="113,107,63,76,102,16,78,19,71,121,66,0,81" hai2="4,124,36,130,77,62,2,10,80,79,86,41,88" hai3="132,32,14,52,89,123,28,33,67,43,98,23,59"/><T120/><D38/><U47/><E121/><V90/><F130/><N who="0" m="49674" /><D120/><U26/><E0/><V37/><F124/><W7/><G123/><T57/><D73/><U12/><E113/><V110/><F110/><W91/><G132/><T70/><D112/><U68/><E68/><V69/><F79/><W11/><G43/><T60/><D133/><U97/><E47/><V6/><F6/><W39/><G39/><T29/><D29/><U96/><E96/><V24/><F24/><N who="3" m="16415" /><G32/><T82/><D82/><U106/><E106/><V125/><F125/><W99/><G33/><T42/><D95/><U20/><REACH who="1" step="1"/><E81/><REACH who="1" ten="305,133,173,379" step="2"/><V56/><F69/><W126/><G126/><T72/><D70/><U101/><E101/><V53/><REACH who="2" step="1"/><F36/><REACH who="2" ten="305,133,163,379" step="2"/><W5/><G99/><T50/><D72/><U34/><E34/><V1/><F1/><W31/><G98/><T83/><D83/><U94/><E94/><V75/><F75/><W93/><G93/><T27/><D42/><U128/><E128/><V30/><F30/><W44/><G31/><N who="0" m="17903" /><D9/><AGARI ba="0,2" hai="9,12,16,19,20,26,63,66,71,76,78,97,102,107" machi="9" ten="30,7700,0" yaku="1,1,7,1,54,1,53,1" doraHai="49" doraHaiUra="103" who="1" fromWho="0" sc="305,-77,133,97,163,0,379,0" />
</Scene>
<Scene>
<INIT seed="5,0,0,1,1,76" ten="228,230,163,379" oya="1" hai0="121,52,91,54,72,44,8,47,62,115,49,102,119" hai1="60,2,106,127,23,135,116,4,13,78,65,48,82" hai2="81,112,38,39,83,93,66,101,108,104,125,32,37" hai3="122,3,29,109,105,11,90,120,25,113,86,40,79"/><U9/><E127/><V10/><F32/><W123/><G109/><T21/><D119/><U57/><E135/><V98/><F108/><W17/><G105/><T1/><D72/><U31/><E106/><V133/><F125/><W7/><G113/><T19/><D115/><U22/><E116/><V26/><F112/><W124/><G124/><T75/><D75/><U129/><E129/><V87/><F133/><W68/><G68/><T131/><D131/><U96/><E96/><V30/><F66/><W20/><G40/><T5/><D121/><U74/><E31/><V126/><F126/><W0/><G79/><T99/><D91/><U97/><E2/><N who="3" m="554" /><G90/><T110/><D110/><U117/><E117/><V42/><F42/><W132/><G86/><T33/><D33/><U15/><E15/><V71/><F71/><W24/><G132/><T56/><D47/><U94/><REACH who="1" step="1"/><E48/><REACH who="1" ten="228,220,163,379" step="2"/><V69/><F10/><W27/><G29/><T88/><D99/><U63/><E63/><V18/><F18/><W100/><G100/><AGARI ba="0,1" hai="4,9,13,22,23,57,60,65,74,78,82,94,97,100" machi="100" ten="30,5800,0" yaku="1,1,7,1,52,1,53,0" doraHai="76" doraHaiUra="34" who="1" fromWho="3" sc="228,0,220,68,163,0,379,-58" />
</Scene>
<Scene>
<INIT seed="5,1,0,5,2,83" ten="228,288,163,321" oya="1" hai0="102,25,24,131,101,103,34,30,120,66,10,45,29" hai1="100,82,37,2,55,63,51,64,117,125,78,75,107" hai2="76,21,109,39,6,62,84,73,110,70,122,121,28" hai3="81,132,106,58,18,60,77,89,12,5,114,129,119"/><U87/><E125/><V13/><F39/><W54/><G106/><T42/><D131/><U65/><E2/><V41/><F73/><W94/><G129/><T127/><D127/><U47/><E117/><V133/><F41/><W93/><G119/><T33/><D120/><U56/><E37/><V91/><F76/><W9/><G132/><T124/><D124/><U22/><E107/><V19/><F133/><W96/><G114/><T26/><D66/><U53/><E100/><V52/><F6/><W135/><G135/><T31/><REACH who="0" step="1"/><D10/><REACH who="0" ten="218,288,163,321" step="2"/><U46/><E65/><V86/><F70/><W90/><G5/><T123/><D123/><U14/><E64/><V85/><F122/><W80/><REACH who="3" step="1"/><G77/><REACH who="3" ten="218,288,163,311" step="2"/><T23/><D23/><U92/><E22/><V0/><F121/><W134/><G134/><T44/><D44/><U48/><E46/><V99/><F110/><W7/><G7/><T128/><D128/><U130/><E78/><V111/><F111/><W69/><G69/><T36/><AGARI ba="1,2" hai="24,25,26,29,30,31,33,34,36,42,45,101,102,103" machi="36" ten="40,8000,1" yaku="1,1,0,1,29,2,53,1" doraHai="83" doraHaiUra="43" who="0" fromWho="0" sc="218,103,288,-41,163,-21,311,-21" />
</Scene>
<Scene>
<INIT seed="6,0,0,1,3,95" ten="321,247,142,290" oya="2" hai0="93,45,122,60,13,9,2,97,66,72,59,81,57" hai1="102,84,110,135,80,113,71,1,83,43,126,33,29" hai2="133,68,101,132,28,64,56,108,25,42,50,54,15" hai3="27,116,114,88,21,75,79,77,39,4,100,65,111"/><V94/><F108/><W46/><G111/><T48/><D122/><U61/><E1/><V134/><F42/><W62/><G116/><T128/><D128/><U98/><E113/><V120/><F120/><W70/><G114/><T31/><D2/><U32/><E126/><V58/><F68/><W86/><G75/><T112/><D112/><U24/><E135/><V115/><F115/><W36/><G4/><T119/><D31/><U67/><E43/><V20/><F15/><W35/><G35/><T23/><D23/><U96/><E33/><V105/><F105/><W90/><G100/><T109/><D119/><U22/><E110/><V7/><F7/><W129/><G90/><T131/><D131/><U51/><E102/><V40/><F40/><W17/><G46/><T44/><D109/><U37/><E37/><V12/><F12/><W73/><G129/><T53/><D81/><U6/><E6/><V49/><F64/><W87/><G73/><T106/><D72/><U14/><E32/><V69/><F69/><W107/><G107/><T91/><D106/><U41/><E14/><V55/><F101/><W3/><G3/><T26/><D26/><U82/><E84/><V124/><REACH who="2" step="1"/><F94/><REACH who="2" ten="321,247,132,290" step="2"/><W117/><G117/><T76/><D66/><U18/><E41/><V85/><F85/><W30/><G87/><T16/><D93/><U11/><E71/><V121/><F121/><W89/><G86/><T5/><D5/><U8/><E67/><V130/><F130/><W74/><G74/><T10/><D13/><U78/><E24/><V92/><F92/><W63/><G27/><RYUUKYOKU ba="0,1" sc="321,-10,247,-10,132,30,290,-10" hai2="20,25,28,49,50,54,55,56,58,124,132,133,134" />
</Scene>
<Scene>
<INIT seed="6,1,1,1,4,65" ten="311,237,162,280" oya="2" hai0="67,29,86,85,97,80,59,108,98,0,132,12,89" hai1="44,58,2,39,21,128,49,110,127,117,57,50,24" hai2="36,100,107,6,18,125,1,109,87,15,32,46,20" hai3="79,84,60,114,8,71,19,91,115,78,104,99,105"/><V72/><F72/><W43/><G43/><T102/><D0/><U16/><E110/><V38/><F109/><W133/><G133/><T124/><D108/><U63/><E39/><V123/><F123/><W22/><G8/><T135/><D124/><U96/><E2/><V40/><F32/><W116/><G116/><T119/><D119/><U41/><E127/><V28/><F125/><W37/><G37/><T62/><D29/><U121/><E128/><V45/><F28/><W31/><G31/><T27/><D27/><U52/><E117/><V3/><F6/><W42/><G42/><T81/><D12/><U34/><E34/><V14/><F14/><W118/><G118/><T56/><D56/><U61/><E121/><V17/><F17/><W101/><G105/><T66/><D66/><U82/><E96/><V130/><F130/><W64/><G91/><N who="0" m="51623" /><D102/><U113/><E113/><N who="3" m="43018" /><G84/><T112/><D112/><U30/><E30/><V51/><F87/><W70/><G70/><T77/><D89/><U93/><E82/><V83/><F83/><W73/><G73/><T53/><D67/><N who="1" m="39343" /><E93/><V4/><F4/><W23/><G23/><T10/><D10/><U76/><E76/><V33/><F33/><W55/><G55/><T48/><D98/><U26/><E24/><AGARI ba="1,1" hai="19,22,24,60,64,71,78,79,99,101,104" m="43018" machi="24" ten="30,3900,0" yaku="15,1,11,1,52,1" doraHai="65" who="3" fromWho="1" sc="311,0,237,-42,162,0,280,52" />
</Scene>
<Scene>
<INIT seed="7,0,0,3,2,120" ten="311,195,162,332" oya="3" hai0="39,40,26,105,1,90,8,121,131,133,111,52,91" hai1="67,83,82,128,10,37,63,42,50,47,124,12,119" hai2="58,84,100,88,96,22,107,118,9,43,14,73,32" hai3="48,24,7,27,72,62,101,17,16,53,81,108,65"/><W57/><G108/><T71/><D121/><U31/><E124/><V41/><F32/><W25/><G7/><T127/><D71/><U68/><E128/><V98/><F118/><W69/><G101/><T114/><D105/><U125/><E125/><V28/><F73/><W92/><G92/><T29/><D127/><U20/><E119/><V46/><F98/><W59/><G69/><T30/><D111/><U2/><E2/><V79/><F79/><W129/><G129/><T76/><D131/><U94/><E94/><V11/><F11/><W3/><G3/><T54/><D76/><U110/><E110/><V56/><F22/><W77/><AGARI ba="0,0" hai="16,17,24,25,27,48,53,57,59,62,65,72,77,81" machi="77" ten="30,3000,0" yaku="0,1,54,1" doraHai="120" who="3" fromWho="3" sc="311,-10,195,-10,162,-10,332,30" owari="301,10.0,185,-21.0,152,-35.0,362,46.0" />
</Scene>
</mjloggm>