<mjloggm ver="2.3"><GO type="169" lobby="0"/><UN n0="%E3%83%87%E3%82%B8%E3%82%BF%E3%83%AB%E4%BB%99%E4%BA%BA" n1="%4B%E3%80%82" n2="%E3%81%AD%E3%81%98%E3%81%BE%E3%81%8D%E9%B3%A5%E2%88%AE" n3="%E5%A4%AA%E3%81%8F%E3%81%AA%E3%81%84%E3%81%8A" dan="19,16,16,18" rate="2264.77,2189.52,2092.36,2227.16" sx="F,M,M,F"/><TAIKYOKU oya="0"/>

<Scene>
<INIT seed="0,0,0,5,0,43" ten="250,250,250,250" oya="0" hai0="135,64,74,18,26,110,105,126,39,122,77,65,0" hai1="33,61,95,14,34,23,52,82,15,8,9,125,49" hai2="50,91,90,6,72,1,71,76,21,89,75,4,35" hai3="83,12,80,37,55,22,58,78,62,46,47,16,115"/><T121/><D105/><U111/><E111/><V114/><F35/><W102/><G115/><T124/><D0/><U32/><E125/><N who="0" m="48233" /><D110/><U108/><E108/><V66/><F114/><W112/><G112/><T96/><D96/><U38/><E38/><V45/><F21/><W17/><G37/><T92/><D92/><U93/><E61/><V87/><F87/><N who="3" m="48535" /><G102/><T120/><D135/><U13/><E82/><V60/><F76/><W117/><G117/><T27/><D39/><U30/><E23/><V123/><F123/><W100/><G100/><T94/><D94/><U107/><E30/><V128/><F128/><W88/><G17/><T2/><D2/><U67/><E67/><N who="0" m="25673" /><D18/><U113/><E113/><V3/><F3/><W69/><G69/><T19/><D19/><U59/><E107/><V42/><REACH who="2" step="1"/><F1/><REACH who="2" ten="250,250,240,250" step="2"/><W134/><G134/><T104/><D104/><U130/><E130/><V86/><F86/><AGARI ba="0,1" hai="12,16,22,46,47,55,58,62,83,86,88" m="48535" machi="86" ten="30,8000,1" yaku="8,1,52,2,54,2" doraHai="43" who="3" fromWho="2" sc="250,0,250,0,240,-80,250,90" />
</Scene>
<Scene>
<INIT seed="1,0,0,5,2,100" ten="250,250,160,340" oya="1" hai0="65,90,133,16,115,21,50,72,110,40,111,91,3" hai1="43,10,37,130,71,93,119,25,94,125,31,24,78" hai2="104,34,12,17,128,8,1,126,13,80,87,26,44" hai3="33,45,73,35,28,47,83,103,46,62,0,113,42"/><U89/><E119/><V85/><F1/><W41/><G113/><T14/><D115/><U49/><E71/><V81/><F128/><W135/><G0/><T84/><D72/><U66/><E37/><V116/><F116/><W68/><G103/><T105/><D3/><U15/><E130/><V120/><F120/><W134/><G73/><T5/><D5/><U123/><E123/><V11/><F126/><W56/><G83/><T61/><D133/><N who="3" m="50697" /><G68/><T97/><D50/><U53/><E125/><V124/><F124/><W132/><G132/><T57/><D40/><N who="3" m="15465" /><G28/><T106/><D97/><U102/><E43/><V127/><F127/><W55/><AGARI ba="0,0" hai="33,35,45,46,47,55,56,62" m="15465,50697" machi="55" ten="40,1500,0" yaku="20,1" doraHai="100" who="3" fromWho="3" sc="250,-4,250,-7,160,-4,340,15" />
</Scene>
<Scene>
<INIT seed="2,0,0,3,1,126" ten="246,243,156,355" oya="2" hai0="24,36,39,79,83,18,62,72,80,16,61,34,45" hai1="124,108,12,87,84,23,44,128,71,106,60,103,8" hai2="82,40,1,130,25,9,75,26,6,42,28,121,120" hai3="35,43,125,104,110,21,74,64,91,49,32,37,73"/><V92/><F26/><W59/><G104/><T19/><D83/><U101/><E124/><V50/><F92/><W111/><G125/><T31/><REACH who="0" step="1"/><D45/><REACH who="0" ten="236,243,156,355" step="2"/><U133/><E44/><V27/><F82/><W10/><G110/><T22/><D22/><U66/><E23/><V29/><F120/><W46/><G21/><T85/><D85/><U41/><E87/><V95/><F121/><W65/><G111/><T51/><D51/><U119/><E84/><V68/><F50/><W14/><G49/><T55/><D55/><U117/><E108/><V47/><F47/><W109/><G109/><T81/><D81/><U52/><E52/><V107/><F75/><W114/><G74/><T100/><D100/><U98/><E103/><V0/><F42/><W134/><G73/><T123/><D123/><U89/><E41/><V78/><F40/><W20/><G20/><T5/><D5/><U115/><E101/><V69/><F6/><W67/><G46/><T88/><D88/><U15/><E89/><V17/><F9/><W93/><G43/><T122/><D122/><U33/><E8/><V127/><F127/><W3/><G91/><T63/><AGARI ba="0,1" hai="16,18,19,24,31,34,36,39,61,62,63,72,79,80" machi="63" ten="30,4000,0" yaku="1,1,0,1,54,1,53,0" doraHai="126" doraHaiUra="135" who="0" fromWho="0" sc="236,50,243,-10,156,-20,355,-10" />
</Scene>
<Scene>
<INIT seed="3,0,0,5,4,97" ten="286,233,136,345" oya="3" hai0="13,83,100,75,44,70,20,95,67,74,79,39,0" hai1="106,12,7,48,87,6,4,34,91,89,58,77,92" hai2="104,42,38,125,135,17,94,10,51,105,53,61,26" hai3="86,23,133,98,43,54,57,69,24,49,28,11,63"/><W66/><G133/><T1/><D75/><U88/><E34/><V60/><F135/><W107/><G86/><T73/><D73/><U46/><E106/><V90/><F125/><W123/><G123/><T129/><D129/><U99/><E58/><V31/><F42/><W121/><G121/><T126/><D126/><U41/><REACH who="1" step="1"/><E12/><REACH who="1" ten="286,223,136,345" step="2"/><V27/><F104/><W52/><G107/><T109/><D13/><U47/><E47/><V102/><F105/><W68/><G68/><T36/><D70/><U40/><E40/><V9/><F26/><W101/><G43/><T82/><D44/><U118/><E118/><V113/><F27/><W59/><G69/><T119/><D119/><U3/><E3/><V64/><F113/><W81/><G59/><T37/><D1/><U2/><E2/><V76/><F38/><W8/><G57/><T122/><D0/><U21/><E21/><V96/><F10/><W56/><G11/><T103/><D20/><U132/><E132/><V78/><F9/><W25/><G25/><T22/><D22/><U45/><E45/><V14/><F14/><W29/><G8/><T84/><D39/><U116/><E116/><V65/><F65/><W35/><G35/><T32/><D37/><U33/><E33/><V120/><F120/><W19/><G66/><T71/><D67/><U72/><E72/><V115/><F115/><W5/><G23/><T114/><D32/><U110/><E110/><V134/><F134/><W112/><G24/><T131/><D122/><U93/><E93/><V80/><F64/><W108/><G112/><T18/><D114/><RYUUKYOKU ba="0,1" sc="286,-10,223,30,136,-10,345,-10" hai1="4,6,7,41,46,48,77,87,88,89,91,92,99" />
</Scene>
<Scene>
<INIT seed="4,1,1,0,3,51" ten="276,253,126,335" oya="0" hai0="22,91,45,61,50,119,29,48,38,31,55,47,121" hai1="135,90,52,112,74,41,44,70,116,86,57,14,67" hai2="25,33,19,27,21,113,105,123,104,132,72,46,13" hai3="106,108,34,5,71,18,56,80,77,73,115,131,68"/><T101/><D38/><U11/><E116/><V84/><F123/><W30/><G108/><T83/><D121/><U102/><E74/><V37/><F72/><W8/><G106/><T39/><D39/><U129/><E102/><V118/><F118/><W36/><G18/><T12/><D61/><U17/><E135/><V6/><F132/><W43/><G115/><T97/><D119/><U94/><E112/><V109/><F109/><W111/><G111/><T124/><D124/><U75/><E129/><V54/><F6/><W130/><G56/><T95/><D12/><U63/><E75/><V58/><F113/><W98/><G98/><T107/><D22/><U93/><E93/><V88/><F27/><N who="3" m="18783" /><G71/><T65/><D65/><U40/><REACH who="1" step="1"/><E44/><REACH who="1" ten="276,243,126,335" step="2"/><V24/><F46/><W62/><G131/><T87/><REACH who="0" step="1"/><D107/><REACH who="0" ten="266,243,126,335" step="2"/><U134/><E134/><V59/><F105/><W4/><G130/><T0/><D0/><U96/><E96/><V1/><F1/><W23/><G36/><T42/><AGARI ba="1,3" hai="29,31,42,45,47,48,50,55,83,87,91,95,97,101" machi="42" ten="20,18000,2" yaku="1,1,0,1,7,1,8,1,52,1,53,1" doraHai="51" doraHaiUra="79" who="0" fromWho="0" sc="266,213,243,-61,126,-61,335,-61" />
</Scene>
<Scene>
<INIT seed="4,2,0,4,2,55" ten="479,182,65,274" oya="0" hai0="52,9,87,134,78,51,105,13,21,124,90,83,5" hai1="43,36,94,60,108,111,54,0,59,29,46,50,42" hai2="120,2,67,41,45,99,58,133,97,63,74,71,24" hai3="110,3,80,22,38,61,62,34,17,109,57,30,92"/><T84/><D105/><U121/><E0/><V4/><F120/><W23/><G38/><T19/><D134/><U107/><E107/><V72/><F133/><W25/><G3/><T89/><D124/><U129/><E29/><V117/><F117/><W31/><G34/><T123/><D123/><U14/><E14/><V96/><F24/><W28/><G80/><T7/><D84/><U32/><E94/><V113/><F113/><W81/><G81/><T68/><D68/><U8/><E8/><V91/><F91/><N who="0" m="34826" /><D21/><U85/><E85/><V88/><F4/><W35/><G35/><T70/><D70/><U12/><E12/><V47/><F2/><W101/><G23/><T33/><D33/><U26/><E26/><V116/><F116/><W10/><G10/><T16/><D7/><U82/><E82/><V1/><F1/><W115/><G115/><T6/><D6/><U27/><E27/><V119/><F119/><W39/><G39/><T20/><D20/><U103/><E32/><V122/><F122/><W135/><G135/><T98/><D98/><U128/><E103/><V65/><F88/><W40/><G30/><T118/><D118/><U131/><E121/><V114/><F114/><W95/><G31/><T77/><D77/><U53/><E36/><V126/><F96/><W106/><G28/><T44/><AGARI ba="2,0" hai="5,9,13,16,19,44,51,52,78,83,87" m="34826" machi="44" ten="30,6000,0" yaku="8,1,54,2" doraHai="55" who="0" fromWho="0" sc="479,66,182,-22,65,-22,274,-22" />
</Scene>
<Scene>
<INIT seed="4,3,0,1,0,117" ten="545,160,43,252" oya="0" hai0="61,3,114,21,132,29,129,40,133,10,122,103,65" hai1="14,93,79,11,77,35,110,12,64,118,44,128,123" hai2="135,48,102,73,58,112,80,109,38,16,66,9,53" hai3="67,34,82,69,125,126,88,17,39,70,99,51,85"/><T2/><D122/><U115/><E110/><V54/><F109/><W94/><G39/><T42/><D103/><U23/><E118/><V84/><F73/><W0/><G0/><T33/><D33/><U4/><E35/><V62/><F38/><W104/><G104/><T60/><D114/><U20/><E115/><V127/><F112/><W86/><G34/><T7/><D2/><U108/><E108/><V72/><F72/><W63/><G51/><T43/><D129/><U31/><E123/><V81/><F135/><N who="0" m="51786" /><D65/><U28/><E128/><V131/><F131/><W57/><G17/><T120/><D120/><U91/><E44/><V37/><F37/><W25/><G25/><AGARI ba="3,0" hai="3,7,10,21,25,29,40,42,43,60,61" m="51786" machi="25" ten="30,1500,0" yaku="20,1" doraHai="117" who="0" fromWho="3" sc="545,24,160,0,43,0,252,-24" />
</Scene>
<Scene>
<INIT seed="4,4,0,0,0,68" ten="569,160,43,228" oya="0" hai0="40,125,54,85,34,71,51,35,133,42,72,82,22" hai1="90,81,116,80,98,9,97,83,3,6,36,18,24" hai2="95,107,67,30,109,86,76,93,92,39,129,26,52" hai3="117,50,12,113,1,25,55,128,66,131,20,99,19"/><T2/><D72/><U38/><E116/><V5/><F109/><W79/><G117/><T100/><D2/><U11/><E90/><V94/><F107/><W132/><G1/><T134/><D71/><U57/><E57/><V112/><F67/><W103/><G113/><T104/><D22/><U108/><E108/><V102/><F112/><W105/><G132/><T78/><D125/><U8/><E3/><V110/><F110/><W4/><G66/><T121/><D121/><U62/><E62/><V123/><F123/><W96/><G79/><T27/><D100/><U44/><E6/><V28/><F129/><N who="3" m="49739" /><G96/><T0/><D0/><U73/><E73/><V31/><F5/><W115/><G115/><T74/><D74/><U106/><E44/><V10/><F10/><N who="3" m="4167" /><G55/><T101/><D54/><U69/><E69/><V118/><F118/><W122/><G50/><T48/><D51/><U59/><E59/><V41/><F102/><W16/><G122/><T43/><D48/><U17/><E106/><V127/><F127/><W32/><G32/><T56/><D104/><U14/><E24/><V23/><F52/><W53/><G53/><T47/><D27/><U87/><E87/><V63/><F63/><W7/><G7/><T13/><D85/><U77/><E77/><V60/><F60/><W46/><G46/><T37/><D47/><U124/><E124/><V64/><F64/><W84/><G84/><T119/><D78/><U70/><E70/><V126/><F126/><W120/><G120/><T15/><D119/><U111/><E111/><V135/><N who="2" m="24064" /><DORA hai="33" /><V89/><F76/><RYUUKYOKU ba="4,0" sc="569,-10,160,-10,43,-10,228,30" hai3="16,19,20,25,99,103,105" />
</Scene>
<Scene>
<INIT seed="5,5,0,4,3,102" ten="559,150,33,258" oya="1" hai0="96,10,38,130,119,65,127,40,122,68,49,54,18" hai1="88,59,74,69,83,101,91,14,98,100,35,112,115" hai2="56,34,121,64,116,24,32,22,76,90,5,85,97" hai3="77,110,135,107,108,120,63,42,103,125,37,29,78"/><U19/><E69/><V66/><F121/><W52/><G120/><T92/><D122/><U51/><E35/><V123/><F123/><W67/><G29/><T84/><D119/><U36/><E36/><V2/><F116/><W62/><G37/><T111/><D84/><U44/><E59/><V7/><F76/><W20/><G42/><T4/><D18/><U8/><E100/><V1/><F97/><W46/><G20/><T95/><D95/><N who="1" m="58591" /><E74/><V80/><F2/><W43/><G103/><T41/><D38/><U39/><E39/><V12/><F1/><W132/><G46/><T25/><D65/><U13/><E13/><V128/><F128/><W79/><G67/><N who="2" m="25641" /><F34/><W118/><G118/><T55/><D130/><U15/><E15/><V21/><F32/><W16/><G107/><T129/><D68/><U31/><E31/><N who="2" m="17807" /><F56/><W86/><G108/><T48/><D111/><U11/><E11/><V50/><F50/><W27/><G110/><T9/><D10/><U113/><E83/><V71/><F71/><W134/><G134/><T133/><D9/><U33/><E33/><V99/><F99/><W117/><G117/><T28/><D96/><U124/><E124/><V106/><F106/><W60/><G125/><T81/><D133/><U82/><E82/><V105/><F105/><W61/><G132/><T131/><D81/><U30/><E30/><V17/><AGARI ba="5,0" hai="5,7,12,17,22,80,85,90" m="17807,25641" machi="17" ten="30,1100,0" yaku="8,1" doraHai="102" who="2" fromWho="2" sc="559,-8,150,-10,33,26,258,-8" />
</Scene>
<Scene>
<INIT seed="6,0,0,5,1,57" ten="551,140,59,250" oya="2" hai0="9,71,30,22,33,25,65,118,34,41,5,31,88" hai1="111,134,1,99,122,64,127,46,98,51,86,14,29" hai2="16,121,92,39,94,23,35,63,53,24,101,6,72" hai3="26,103,59,96,15,18,115,8,13,7,80,116,129"/><V79/><F121/><W76/><G116/><T109/><D109/><U70/><E111/><V130/><F39/><W83/><G129/><T126/><D41/><U48/><E1/><V107/><F130/><W133/><G133/><T61/><D118/><U3/><E3/><V60/><F6/><W4/><G115/><T68/><D68/><U36/><E36/><V28/><F107/><W78/><G26/><T100/><D100/><U120/><E134/><V52/><F72/><W84/><G59/><T43/><D43/><N who="1" m="24671" /><E29/><V69/><F79/><W119/><G13/><T135/><D135/><U12/><E51/><V11/><F69/><W38/><G38/><T112/><D112/><U0/><E0/><V62/><F35/><W82/><G119/><T89/><D33/><U17/><E86/><V40/><F40/><W49/><G49/><T42/><D42/><U110/><E110/><V32/><F32/><W132/><G132/><T131/><D131/><U77/><E77/><N who="3" m="29802" /><G84/><T73/><D73/><U108/><E108/><V75/><F75/><W90/><G103/><T91/><D34/><U104/><E104/><V50/><F101/><W44/><G44/><T95/><D71/><U37/><E37/><V67/><F67/><W19/><G7/><T105/><D5/><U102/><E102/><V124/><F124/><W93/><AGARI ba="0,0" hai="4,8,15,18,19,80,82,83,90,93,96" m="29802" machi="93" ten="30,1100,0" yaku="8,1" doraHai="57" who="3" fromWho="3" sc="551,-3,140,-3,59,-5,250,11" />
</Scene>
<Scene>
<INIT seed="7,0,0,0,2,129" ten="548,137,54,261" oya="3" hai0="42,83,86,99,85,1,118,109,127,110,73,39,11" hai1="54,53,13,88,29,113,119,2,43,92,101,68,115" hai2="4,30,56,25,123,21,81,108,93,28,105,100,126" hai3="36,82,72,50,52,48,66,114,76,75,116,135,65"/><W17/><G116/><T74/><D118/><U98/><E2/><V61/><F108/><W31/><G36/><T38/><D99/><U34/><E119/><V132/><F105/><W102/><G31/><T18/><D18/><U51/><E68/><V63/><F123/><W71/><G102/><T49/><D49/><U111/><E111/><V128/><F128/><W122/><G122/><T23/><D23/><U45/><E13/><V97/><F126/><W95/><G114/><N who="1" m="43530" /><E101/><V70/><F70/><W78/><G95/><T134/><D86/><U96/><E96/><V22/><F4/><W67/><G17/><T32/><D83/><U80/><E80/><V40/><F40/><W3/><G3/><T60/><D32/><U20/><E34/><V35/><F35/><W15/><G15/><T26/><D42/><U12/><E12/><V10/><F10/><W16/><G82/><T5/><D38/><U62/><E62/><V19/><F81/><W121/><G121/><T107/><D39/><U37/><E37/><V9/><F9/><W104/><G104/><T59/><D107/><U79/><E79/><V103/><F103/><W14/><G71/><T133/><D1/><U41/><E41/><V112/><F112/><W130/><G130/><T89/><D110/><U64/><E64/><N who="2" m="38951" /><F63/><W57/><G78/><T90/><D109/><U120/><E120/><V8/><F8/><W106/><G76/><T58/><D11/><U55/><E43/><V94/><F94/><W46/><G106/><T44/><D5/><U47/><E92/><V0/><F0/><W91/><G67/><RYUUKYOKU ba="0,0" sc="548,0,137,0,54,0,261,0" owari="548,65.0,137,-26.0,54,-45.0,261,6.0" />
</Scene>
</mjloggm>