<mjloggm ver="2.3"><GO type="41"/><UN n0="%E3%82%A4%E3%83%AB%E3%83%8F" n1="%E5%A4%AA%E3%81%8F%E3%81%AA%E3%81%84%E3%81%8A" n2="%40%6C%61%6E%67%6C%65%79" n3="%73%68%6F%74%61%6B%75%6E" dan="13,14,13,16" rate="1844,2034,1905,2047" sx="M,M,F,M"/><TAIKYOKU oya="0"/>

<Scene>
<INIT seed="0,0,0,4,2,88" ten="250,250,250,250" oya="0" hai0="59,54,13,72,93,78,29,66,24,80,103,15,34" hai1="5,100,17,126,32,56,40,87,82,77,26,64,33" hai2="22,92,61,131,125,37,7,50,0,57,8,113,79" hai3="89,96,52,73,53,95,41,18,109,65,49,42,129"/><T110/><D110/><U81/><E126/><V134/><F37/><W70/><G73/><T122/><D66/><U102/><E5/><V105/><F113/><W30/><G109/><T90/><D103/><U111/><E111/><V43/><F105/><W121/><G121/><T115/><D115/><U75/><E40/><V62/><F134/><W132/><G132/><T1/><D1/><U10/><E33/><V11/><F131/><W69/><G129/><T101/><D101/><U6/><E64/><V108/><F108/><W68/><G30/><T63/><REACH who="0" step="1"/><D122/><REACH who="0" ten="240,250,250,250" step="2"/><U119/><E100/><V51/><F125/><W127/><G65/><T44/><D44/><U16/><E102/><V118/><F0/><W117/><G127/><T123/><D123/><U28/><E119/><V98/><F118/><W74/><G117/><T85/><AGARI ba="0,1" hai="13,15,24,29,34,54,59,63,72,78,80,85,90,93" machi="85" ten="20,7800,0" yaku="1,1,0,1,7,1,52,1,53,0" doraHai="88" doraHaiUra="3" who="0" fromWho="0" sc="240,88,250,-26,250,-26,250,-26" />
</Scene>
<Scene>
<INIT seed="0,1,0,4,1,11" ten="328,224,224,224" oya="0" hai0="77,16,14,93,1,102,83,20,80,43,64,112,133" hai1="97,13,50,84,28,69,29,32,58,52,18,106,10" hai2="72,78,120,35,98,40,75,4,103,2,109,131,5" hai3="17,42,55,101,68,34,123,125,92,21,27,61,53"/><T126/><D1/><U88/><E69/><V74/><F120/><W130/><G123/><T25/><D112/><U3/><E3/><V100/><F35/><W7/><G130/><T36/><D36/><U51/><E32/><V104/><F131/><W134/><G134/><T117/><D117/><U38/><E38/><V96/><F109/><W19/><G125/><T99/><D133/><U24/><E24/><V6/><F40/><W94/><G34/><T8/><D126/><U70/><E70/><V31/><F31/><N who="1" m="11849" /><E106/><V86/><F86/><W39/><G7/><N who="0" m="3359" /><D77/><U89/><E97/><V0/><F78/><W67/><G92/><T26/><D43/><U22/><E10/><V30/><F30/><W60/><G60/><T47/><D47/><N who="1" m="27743" /><E84/><V95/><AGARI ba="1,0" hai="0,2,4,5,6,72,74,75,95,96,98,100,103,104" machi="95" ten="40,1500,0" yaku="0,1" doraHai="11" who="2" fromWho="2" sc="328,-8,224,-5,224,18,224,-5" />
</Scene>
<Scene>
<INIT seed="1,0,0,0,5,86" ten="320,219,242,219" oya="1" hai0="81,135,36,30,29,63,112,134,116,118,131,51,16" hai1="103,82,44,54,130,39,1,58,24,25,5,46,7" hai2="0,60,121,96,111,109,119,41,47,71,48,4,120" hai3="102,38,114,92,9,66,76,80,89,79,49,43,65"/><U12/><E130/><V128/><F96/><W84/><G38/><T127/><D112/><U70/><E70/><V126/><F4/><N who="1" m="1609" /><E39/><V27/><F27/><N who="1" m="10313" /><E1/><V17/><F17/><W72/><G114/><T26/><D36/><U40/><E103/><V6/><F6/><W22/><G9/><T74/><D131/><U99/><E99/><V34/><F34/><W57/><G79/><N who="0" m="44279" /><D127/><U100/><E100/><V62/><F0/><W107/><G22/><N who="0" m="13639" /><D63/><N who="2" m="24106" /><F128/><W87/><G87/><T64/><D51/><N who="1" m="31071" /><E40/><V8/><F8/><W42/><G42/><T37/><D64/><U132/><E12/><V98/><F98/><N who="3" m="61911" /><G43/><T50/><D50/><U106/><E106/><V105/><F105/><W15/><G15/><T32/><D37/><U77/><E132/><N who="0" m="50729" /><D32/><U69/><E69/><V94/><F71/><W13/><G13/><T125/><D125/><U23/><E23/><V115/><F126/><W122/><G122/><N who="2" m="47209" /><F115/><W33/><G33/><T97/><D97/><U56/><E77/><V35/><F35/><W18/><G18/><T124/><D124/><U14/><E14/><V55/><F41/><W93/><G66/><T78/><D78/><U73/><E73/><V68/><F68/><W21/><G21/><T75/><D75/><U19/><E19/><V117/><F94/><N who="3" m="54567" /><G65/><T83/><D83/><U31/><E82/><V28/><F28/><AGARI ba="0,0" hai="28,29,30,116,118" m="50729,13639,44279" machi="28" ten="30,2000,0" yaku="20,1,54,1" doraHai="86" who="0" fromWho="2" sc="320,20,219,0,242,-20,219,0" />
</Scene>
<Scene>
<INIT seed="2,0,0,3,3,74" ten="340,219,222,219" oya="2" hai0="100,125,16,79,114,66,49,77,89,20,46,131,69" hai1="48,81,65,135,12,64,15,28,1,25,118,133,26" hai2="94,87,108,103,22,61,95,31,52,51,119,14,101" hai3="134,21,43,39,5,37,53,109,104,83,115,82,78"/><V113/><F119/><W105/><G109/><T86/><D114/><U63/><E118/><V36/><F113/><W130/><G115/><T124/><D100/><U54/><E1/><V0/><F36/><W122/><G122/><T47/><D66/><N who="1" m="25707" /><E63/><V132/><F0/><W120/><G120/><T62/><D62/><U72/><E72/><V40/><F108/><W18/><G5/><T32/><D69/><U90/><E90/><V126/><F61/><W117/><G117/><T116/><D32/><N who="1" m="20495" /><E26/><V41/><F132/><N who="1" m="50761" /><E81/><V30/><F126/><N who="0" m="48746" /><D116/><U98/><E98/><V92/><F87/><W19/><G134/><T67/><D67/><U88/><E88/><V84/><F84/><W111/><G111/><T10/><D10/><U127/><E127/><V80/><F80/><W13/><G83/><N who="0" m="49375" /><D131/><U97/><E97/><V112/><F112/><W7/><G130/><T96/><D96/><U121/><E121/><V50/><F101/><W93/><G105/><T102/><D102/><U55/><E55/><V91/><F103/><W128/><G104/><T45/><D49/><U76/><E76/><V75/><F75/><W9/><G128/><T29/><D29/><U85/><E85/><V59/><F51/><W11/><G93/><T129/><D129/><U38/><E38/><V6/><F91/><W110/><G39/><T4/><D4/><U33/><E33/><V42/><F6/><W8/><G110/><T35/><D35/><U56/><AGARI ba="0,0" hai="12,15,48,54,56" m="50761,20495,25707" machi="56" ten="30,1100,0" yaku="20,1" doraHai="74" who="1" fromWho="1" sc="340,-3,219,11,222,-5,219,-3" />
</Scene>
<Scene>
<INIT seed="3,0,0,0,2,48" ten="337,230,217,216" oya="3" hai0="120,28,132,60,4,102,35,3,39,37,38,98,33" hai1="130,2,34,68,116,43,27,66,8,56,119,49,127" hai2="76,65,62,63,18,113,75,112,104,121,5,85,50" hai3="10,7,47,45,135,74,78,22,70,13,32,73,69"/><W31/><G32/><T41/><D120/><U16/><E68/><V115/><F104/><W17/><G135/><T51/><D132/><U110/><E110/><V111/><F121/><W57/><G70/><T19/><D3/><U133/><E133/><V84/><F111/><W125/><G69/><T15/><D4/><U72/><E72/><V25/><F5/><W53/><G125/><T96/><D60/><U123/><E123/><V54/><F63/><W131/><G131/><T11/><D96/><U29/><E130/><V1/><F1/><W14/><G31/><T79/><D79/><U109/><E109/><V67/><F67/><W58/><G58/><T101/><D101/><U71/><E71/><V0/><F0/><W97/><G74/><T80/><D80/><U105/><E105/><V30/><F18/><W86/><G73/><T100/><D100/><U107/><E107/><V36/><F36/><W24/><G24/><T118/><D28/><U46/><E127/><V42/><F42/><W26/><G97/><T9/><D9/><U114/><E114/><V122/><F122/><W124/><G26/><T103/><D103/><U20/><E66/><V40/><F40/><W61/><G124/><T106/><D118/><U55/><E34/><V129/><F129/><W77/><REACH who="3" step="1"/><G86/><REACH who="3" ten="337,230,217,206" step="2"/><T108/><D108/><U12/><REACH who="1" step="1"/><E2/><REACH who="1" ten="337,220,217,206" step="2"/><V92/><F75/><W94/><G94/><T88/><D33/><U89/><E89/><V6/><F112/><W21/><G21/><T83/><D35/><U99/><E99/><V81/><F113/><W91/><G91/><T64/><D88/><RYUUKYOKU ba="0,2" sc="337,-15,220,15,217,-15,206,15" hai1="8,12,16,20,27,29,43,46,49,55,56,116,119" hai3="7,10,13,14,17,22,45,47,53,57,61,77,78" />
</Scene>
<Scene>
<INIT seed="3,1,2,4,0,8" ten="322,235,202,221" oya="3" hai0="100,109,107,80,3,36,77,6,24,55,101,124,35" hai1="5,59,40,22,123,50,135,72,68,11,42,0,96" hai2="27,60,97,111,76,106,51,112,114,69,78,41,84" hai3="47,70,45,25,62,121,52,61,34,108,20,32,2"/><W17/><G2/><T102/><D36/><U23/><E68/><V92/><F106/><W98/><G121/><T9/><D124/><U118/><E123/><V74/><F74/><W37/><G108/><T13/><D109/><U127/><E72/><V83/><F111/><W113/><G113/><T38/><D38/><U73/><E73/><V29/><F78/><W30/><G34/><T79/><D107/><U131/><E127/><V119/><F119/><W125/><G125/><T57/><D3/><U18/><E118/><V48/><F69/><W90/><G37/><T56/><D80/><U105/><E131/><V133/><F133/><W81/><G70/><T85/><D85/><U65/><E135/><V71/><F71/><W91/><G91/><T14/><D14/><U49/><E49/><V39/><F39/><W130/><G130/><T16/><D57/><U132/><E132/><V31/><F60/><W129/><G129/><T86/><D86/><U43/><E18/><V87/><F87/><W44/><G81/><T104/><D104/><U116/><E116/><V63/><F63/><N who="3" m="24075" /><G32/><T82/><D82/><U94/><E105/><V19/><F112/><W122/><G30/><N who="2" m="11273" /><F41/><W28/><G28/><T95/><D35/><U33/><E33/><V53/><F53/><W54/><G122/><T15/><D24/><U103/><E65/><V115/><F115/><W7/><G7/><T110/><D110/><U12/><E0/><V99/><F114/><W89/><G89/><T126/><D126/><U134/><E134/><V46/><F27/><W67/><G67/><T26/><D26/><RYUUKYOKU ba="1,2" sc="322,-15,235,15,202,-15,221,15" hai1="5,11,12,22,23,40,42,43,50,59,94,96,103" hai3="17,20,25,44,45,47,52,54,90,98" />
</Scene>
<Scene>
<INIT seed="3,2,2,3,5,117" ten="307,250,187,236" oya="3" hai0="132,70,67,113,126,111,107,76,130,85,93,44,82" hai1="97,58,98,75,100,83,25,87,32,38,66,30,12" hai2="26,3,81,59,121,46,103,4,6,71,73,91,134" hai3="80,118,42,23,8,18,94,105,106,47,52,109,40"/><W129/><G118/><T43/><D107/><U31/><E38/><V131/><F71/><W101/><G129/><T119/><D119/><U79/><E31/><V5/><F131/><W24/><G106/><T50/><D113/><U41/><E41/><V77/><F103/><W88/><G105/><T17/><D130/><U115/><E115/><V37/><F134/><W22/><G109/><T19/><D132/><U57/><E12/><V55/><F91/><W20/><G101/><T99/><D111/><U53/><E75/><V124/><F26/><W127/><G127/><T11/><D126/><U125/><E125/><V90/><F90/><W10/><G80/><T110/><D110/><U29/><E29/><V72/><F72/><W39/><G39/><T69/><D67/><U33/><E33/><V9/><F124/><W123/><G123/><T120/><D120/><U28/><E28/><V48/><F121/><W34/><G34/><T16/><REACH who="0" step="1"/><D11/><REACH who="0" ten="297,250,187,236" step="2"/><U116/><E116/><V74/><REACH who="2" step="1"/><F73/><REACH who="2" ten="297,250,177,236" step="2"/><W64/><G24/><T135/><D135/><U128/><E128/><V96/><F96/><N who="3" m="57415" /><G64/><T92/><D92/><U114/><E114/><V21/><F21/><W7/><G23/><T86/><D86/><U51/><E98/><V78/><F78/><W36/><G22/><T27/><D27/><U14/><E97/><V45/><F45/><W122/><G122/><T49/><D49/><U2/><E51/><V133/><F133/><W65/><G65/><T104/><D104/><U61/><E66/><V63/><F63/><W1/><G36/><T112/><D112/><U15/><E61/><RYUUKYOKU ba="2,4" sc="297,15,250,-15,177,15,236,-15" hai0="16,17,19,43,44,50,69,70,76,82,85,93,99" hai2="3,4,5,6,9,37,46,48,55,59,74,77,81" />
</Scene>
<Scene>
<INIT seed="4,3,4,4,2,123" ten="312,235,192,221" oya="0" hai0="60,67,107,110,105,1,30,119,121,108,116,22,132" hai1="102,131,88,47,19,48,77,90,95,70,135,96,106" hai2="83,134,15,25,114,78,5,38,71,35,75,50,73" hai3="9,18,89,82,14,7,117,86,0,37,40,125,92"/><T52/><D1/><U63/><E135/><V21/><F71/><W81/><G117/><N who="0" m="45131" /><D121/><U65/><E131/><V93/><F38/><W41/><G125/><T76/><D76/><U59/><E77/><V20/><F134/><W3/><G3/><T99/><D99/><U84/><E19/><V124/><F124/><W24/><G37/><T74/><D74/><U62/><E90/><V103/><F75/><W36/><G36/><T87/><D87/><U31/><E31/><V130/><F130/><W12/><G0/><T46/><D132/><U79/><E79/><V8/><F35/><W43/><G24/><N who="0" m="16663" /><D46/><U97/><E97/><V32/><F32/><W69/><G69/><N who="0" m="42215" /><D52/><U2/><E2/><V10/><F10/><AGARI ba="3,4" hai="7,9,10,12,14,18,40,41,43,81,82,86,89,92" machi="10" ten="40,1300,0" yaku="8,1" doraHai="123" who="3" fromWho="2" sc="312,0,235,0,192,-22,221,62" />
</Scene>
<Scene>
<INIT seed="5,0,0,0,2,128" ten="312,235,170,283" oya="1" hai0="94,70,83,81,15,111,40,122,56,62,116,52,87" hai1="103,35,24,74,65,0,9,120,3,63,23,93,7" hai2="101,69,72,134,108,123,66,22,109,1,19,73,34" hai3="119,10,51,64,113,46,88,127,30,20,90,18,21"/><U85/><E120/><V102/><F1/><W53/><G119/><T96/><D116/><U60/><E74/><V25/><F34/><W32/><G113/><T124/><D122/><U58/><E35/><V13/><F123/><W61/><G32/><T31/><D111/><U89/><E103/><V125/><F125/><W100/><G127/><T39/><D70/><U8/><E63/><V117/><F117/><W133/><G133/><T59/><D124/><U75/><E75/><V67/><F69/><W26/><G100/><N who="0" m="60439" /><D39/><U91/><E91/><V82/><F82/><W42/><G10/><T97/><D40/><U86/><E86/><V79/><F79/><W41/><G42/><T114/><D114/><U131/><E131/><V95/><F95/><W112/><G112/><T29/><D97/><U50/><E50/><V99/><F99/><W17/><G30/><N who="0" m="11275" /><D87/><U2/><REACH who="1" step="1"/><E9/><REACH who="1" ten="312,225,170,283" step="2"/><V121/><F121/><W135/><G90/><T107/><D62/><U130/><E130/><V77/><F101/><W132/><G88/><T33/><D33/><U68/><E68/><V98/><F102/><W6/><G61/><T76/><D76/><U106/><E106/><V71/><F77/><W5/><G64/><T118/><D107/><U45/><E45/><V28/><F67/><W38/><G51/><T11/><D118/><U105/><E105/><V57/><F71/><W43/><G46/><T37/><D37/><U36/><E36/><V54/><F66/><W48/><G38/><T44/><D44/><U78/><E78/><V92/><F73/><W115/><G48/><N who="0" m="30727" /><D59/><U12/><E12/><RYUUKYOKU ba="0,1" sc="312,15,225,15,170,-15,283,-15" hai0="11,15,81,83" hai1="0,2,3,7,8,23,24,58,60,65,85,89,93" />
</Scene>
<Scene>
<INIT seed="5,1,1,1,3,128" ten="327,240,155,268" oya="1" hai0="30,108,65,106,44,121,89,116,114,99,37,16,132" hai1="18,87,76,95,84,101,6,34,33,79,55,52,9" hai2="105,81,45,77,24,115,69,17,100,120,104,47,98" hai3="29,83,10,74,14,27,103,25,112,90,56,22,23"/><U20/><E34/><V32/><F69/><W64/><G112/><T93/><D116/><U43/><E33/><V113/><F120/><W73/><G103/><T21/><D114/><N who="2" m="43530" /><F105/><W11/><G74/><T13/><D121/><U80/><E43/><V117/><F117/><W49/><G73/><T7/><D108/><U51/><E101/><V75/><F32/><W126/><G126/><T8/><D106/><U127/><E127/><V130/><F130/><W12/><G64/><T3/><D65/><U94/><E76/><V124/><F124/><W110/><G49/><T50/><D37/><U122/><E122/><V31/><F31/><N who="3" m="17847" /><G56/><T68/><D68/><U57/><E87/><V131/><F131/><W111/><G83/><T133/><REACH who="0" step="1"/><D30/><REACH who="0" ten="317,240,155,268" step="2"/><U135/><E135/><V92/><F104/><W39/><G39/><T123/><D123/><U78/><E78/><V61/><F61/><W63/><G63/><T41/><AGARI ba="1,2" hai="3,7,8,13,16,21,41,44,50,89,93,99,132,133" machi="41" ten="30,8000,1" yaku="1,1,0,1,52,2,54,1,53,0" doraHai="128" doraHaiUra="67" who="0" fromWho="0" sc="317,103,240,-41,155,-21,268,-21" />
</Scene>
<Scene>
<INIT seed="6,0,0,5,3,94" ten="420,199,134,247" oya="2" hai0="15,47,72,53,57,0,25,41,123,133,13,60,12" hai1="54,36,120,37,105,8,107,84,27,99,3,129,39" hai2="114,18,96,108,33,19,86,85,77,103,71,2,112" hai3="22,119,32,113,132,10,56,101,73,46,115,66,111"/><V35/><F2/><W81/><G46/><T17/><D0/><U61/><E129/><V87/><F77/><W100/><G10/><T109/><D72/><U82/><E120/><V6/><F6/><W1/><G1/><T93/><D123/><U116/><E116/><V16/><F71/><W92/><G22/><T28/><D109/><U20/><E8/><V9/><F9/><W69/><G69/><T90/><D17/><U104/><E3/><V31/><F31/><W97/><G56/><T78/><D78/><U59/><E82/><V21/><F21/><W88/><G66/><T30/><D133/><U49/><E84/><V58/><F58/><W76/><G32/><T26/><D47/><U70/><E70/><V62/><F62/><W80/><G111/><T75/><D41/><U106/><E61/><V65/><F65/><W98/><G119/><T79/><D79/><U122/><E122/><V89/><F89/><W74/><G132/><T24/><D75/><U131/><E131/><V42/><F42/><W14/><G14/><T44/><D44/><U38/><N who="1" m="9216" /><DORA hai="67" /><U128/><E128/><V45/><F45/><W110/><G110/><T91/><D91/><U5/><E5/><V11/><F11/><W34/><G34/><N who="2" m="12809" /><F108/><W52/><G52/><T50/><D60/><U68/><E68/><V126/><F126/><W124/><G124/><T121/><D121/><U48/><E48/><V118/><F118/><W130/><G74/><T125/><D125/><U55/><E55/><V43/><F43/><W83/><G130/><T63/><D63/><U95/><E54/><RYUUKYOKU ba="0,0" sc="420,15,199,-15,134,15,247,-15" hai0="12,13,15,24,25,26,28,30,50,53,57,90,93" hai2="16,18,19,85,86,87,96,103,112,114" />
</Scene>
<Scene>
<INIT seed="6,1,0,1,2,91" ten="435,184,149,232" oya="2" hai0="70,71,48,33,66,63,30,73,84,96,134,126,69" hai1="13,54,104,88,97,124,21,75,106,58,98,23,115" hai2="35,113,18,110,11,50,40,133,36,59,135,15,122" hai3="14,51,8,2,93,61,80,37,12,125,29,74,1"/><V108/><F35/><W123/><G123/><T120/><D120/><U56/><E75/><V90/><F122/><W19/><G37/><T67/><D73/><U57/><E115/><V117/><F117/><W55/><G125/><T82/><D126/><U77/><E124/><V83/><F113/><W121/><G121/><T38/><D38/><U22/><E77/><V129/><F36/><W95/><G29/><T3/><D3/><U10/><E54/><N who="2" m="32215" /><F40/><W76/><G61/><T60/><D71/><U52/><E106/><V128/><F90/><W5/><G2/><T24/><D134/><N who="2" m="51210" /><F83/><W79/><G79/><T6/><D6/><N who="1" m="3287" /><E104/><V111/><AGARI ba="1,0" hai="11,15,18,108,110,111,128,129" m="51210,32215" machi="111" ten="40,3900,0" yaku="10,1,20,1" doraHai="91" who="2" fromWho="2" sc="435,-14,184,-14,149,42,232,-14" />
</Scene>
<Scene>
<INIT seed="6,2,0,5,5,50" ten="421,170,191,218" oya="2" hai0="67,2,16,135,40,23,20,120,64,132,126,62,53" hai1="34,49,15,4,122,93,30,89,60,117,80,55,77" hai2="98,91,33,69,6,73,25,66,38,85,112,81,5" hai3="108,3,58,99,79,8,75,131,31,65,61,12,0"/><V111/><F38/><W84/><G108/><T105/><D2/><U7/><E117/><V59/><F73/><W17/><G131/><T63/><D105/><U47/><E122/><V106/><F111/><W18/><G75/><T101/><D120/><U102/><E102/><V113/><F69/><W26/><G18/><T13/><D101/><U24/><E15/><V35/><F106/><W43/><G43/><T48/><D40/><U10/><E10/><V45/><F45/><W109/><G109/><T127/><D23/><U104/><E104/><V56/><F98/><W28/><G31/><T41/><D41/><U115/><E115/><N who="2" m="44107" /><F66/><N who="0" m="25130" /><D62/><U94/><E60/><V71/><F71/><W114/><G114/><T96/><D63/><U74/><REACH who="1" step="1"/><E94/><REACH who="1" ten="421,160,191,218" step="2"/><V118/><F118/><W103/><G3/><T123/><D123/><U1/><E1/><V82/><F82/><W52/><G0/><T78/><D13/><U134/><E134/><V121/><F121/><W72/><G65/><T107/><D107/><U51/><E51/><V14/><F14/><W92/><G103/><T42/><D48/><U21/><E21/><V83/><F81/><W29/><G26/><T22/><D132/><U36/><E36/><V129/><F129/><W9/><G9/><T57/><D22/><U76/><E76/><V88/><F91/><N who="3" m="55711" /><G72/><T87/><D135/><U100/><E100/><V119/><F119/><W125/><G79/><T110/><D78/><U44/><E44/><V70/><F70/><W68/><G68/><T116/><D110/><U90/><E90/><V11/><F88/><W95/><G95/><RYUUKYOKU ba="2,1" sc="421,-10,160,30,191,-10,218,-10" hai1="4,7,24,30,34,47,49,55,74,77,80,89,93" />
</Scene>
<Scene>
<INIT seed="7,3,1,1,4,6" ten="411,190,181,208" oya="3" hai0="79,50,106,132,17,85,45,27,97,62,120,101,55" hai1="95,65,82,26,109,35,0,25,114,49,67,80,22" hai2="47,108,83,115,124,9,5,23,10,66,61,88,113" hai3="70,36,40,19,126,78,42,127,18,69,119,71,56"/><W13/><G119/><T99/><D120/><U64/><E109/><V52/><F108/><W77/><G13/><T75/><D132/><U31/><E0/><V20/><F124/><N who="3" m="47659" /><G36/><T135/><D75/><U58/><E114/><N who="2" m="43531" /><F47/><W37/><G56/><T121/><D121/><U4/><E4/><V68/><F52/><W48/><G48/><T118/><D135/><U117/><E117/><V112/><F112/><W24/><G24/><T87/><D118/><U53/><REACH who="1" step="1"/><E95/><REACH who="1" ten="411,180,181,208" step="2"/><V63/><F5/><W29/><G37/><T15/><D106/><U21/><E21/><N who="2" m="8267" /><F63/><W43/><G29/><AGARI ba="3,2" hai="22,25,26,29,31,35,49,53,58,64,65,67,80,82" machi="29" ten="40,1300,0" yaku="1,1,53,0" doraHai="6" doraHaiUra="111" who="1" fromWho="3" sc="411,0,180,42,181,0,208,-22" owari="411,51.0,222,2.0,181,-32.0,186,-21.0" />
</Scene>
</mjloggm>