<mjloggm ver="2.3"><GO type="41"/><UN n0="%E5%A7%AB%E3%82%8A%E3%82%93" n1="%79%6F%72%69%2E" n2="%E5%A4%AA%E3%81%8F%E3%81%AA%E3%81%84%E3%81%8A" n3="%46%72%61%79" dan="13,13,15,15" rate="1830,1896,2026,1957" sx="F,M,M,M"/><TAIKYOKU oya="0"/>

<Scene>
<INIT seed="0,0,0,5,5,9" ten="250,250,250,250" oya="0" hai0="13,19,125,71,23,26,92,59,1,105,61,84,76" hai1="79,94,118,43,87,54,99,109,132,130,58,22,38" hai2="21,48,50,49,111,70,74,34,8,55,5,89,39" hai3="75,107,46,117,18,96,42,127,101,2,44,7,53"/><T90/><D105/><U28/><E118/><V119/><F39/><W24/><G75/><T45/><D125/><U25/><E109/><V4/><F34/><W100/><G127/><T0/><D71/><U131/><E132/><V65/><F74/><W60/><G117/><T66/><D45/><U80/><E43/><V52/><F119/><W120/><G120/><T110/><D110/><U115/><E115/><V112/><F112/><W128/><G128/><T133/><D133/><U41/><E41/><V102/><F111/><W91/><G101/><T82/><REACH who="0" step="1"/><D26/><REACH who="0" ten="240,250,250,250" step="2"/><U123/><E123/><V62/><F70/><W15/><G46/><T10/><D10/><U88/><E38/><V129/><F8/><W6/><G24/><T47/><D47/><U97/><E131/><V27/><F27/><W67/><G44/><T114/><D114/><U106/><E130/><V12/><F129/><W116/><G42/><T78/><D78/><U56/><E56/><V98/><F4/><W68/><G7/><T31/><D31/><U121/><E121/><V72/><F5/><W14/><G6/><T16/><D16/><U64/><E106/><V35/><F35/><W126/><G18/><T85/><AGARI ba="0,1" hai="0,1,13,19,23,59,61,66,76,82,84,85,90,92" machi="85" ten="20,7800,0" yaku="1,1,0,1,7,1,52,1,53,0" doraHai="9" doraHaiUra="103" who="0" fromWho="0" sc="240,88,250,-26,250,-26,250,-26" />
</Scene>
<Scene>
<INIT seed="0,1,0,1,5,21" ten="328,224,224,224" oya="0" hai0="53,82,103,122,65,112,129,80,22,10,121,6,127" hai1="16,35,99,32,66,131,106,105,72,40,30,46,81" hai2="93,58,89,0,43,1,128,95,123,28,126,55,75" hai3="38,109,4,64,110,14,7,133,98,125,62,24,33"/><T96/><D112/><U132/><E131/><V25/><F123/><W73/><G38/><T44/><D129/><U57/><E132/><V100/><F128/><W9/><G73/><T108/><D127/><U77/><E35/><V114/><F114/><W91/><G125/><T26/><D108/><U74/><E74/><V20/><F75/><W15/><G133/><T23/><D23/><U70/><E57/><V36/><F126/><W51/><G51/><T83/><D65/><U13/><E99/><V130/><F130/><W120/><G120/><T2/><D53/><U124/><E124/><V79/><F79/><W134/><G134/><T67/><D44/><U85/><E85/><V107/><F107/><W31/><G91/><T11/><D11/><U68/><E68/><V17/><F100/><W76/><G76/><T5/><D5/><U88/><E88/><V113/><F113/><W104/><G98/><T63/><D63/><U37/><E13/><V59/><F59/><N who="3" m="36959" /><G104/><T8/><D8/><U39/><E16/><V97/><F95/><W101/><G101/><T115/><D67/><U47/><E66/><V69/><F69/><W29/><G29/><T119/><D119/><U87/><E87/><V92/><F92/><W78/><G78/><T42/><D42/><N who="1" m="22863" /><E70/><V18/><F28/><W61/><G61/><T48/><D115/><U135/><E135/><V90/><F90/><W117/><G117/><T86/><D48/><U118/><E118/><V111/><F36/><W49/><G49/><T19/><D86/><U41/><E41/><V71/><F43/><W3/><G4/><RYUUKYOKU ba="1,0" sc="328,10,224,10,224,-30,224,10" hai0="2,6,10,19,22,26,80,82,83,96,103,121,122" hai1="30,32,39,40,47,72,77,81,105,106" hai3="3,7,9,14,15,24,31,33,109,110" />
</Scene>
<Scene>
<INIT seed="0,2,0,0,0,12" ten="338,234,194,234" oya="0" hai0="7,65,51,27,2,20,64,107,46,37,92,14,60" hai1="66,9,71,134,26,114,83,73,35,16,18,106,75" hai2="11,63,110,25,72,45,111,3,86,101,40,135,132" hai3="29,70,38,118,120,61,17,128,57,105,32,13,74"/><T19/><D107/><U124/><E134/><N who="2" m="51243" /><F72/><W21/><G118/><T123/><D123/><U6/><E124/><V31/><F101/><W87/><G74/><T113/><D113/><U44/><E114/><V49/><F63/><W15/><G38/><T131/><D131/><U88/><E106/><V43/><F86/><W89/><G70/><T62/><D37/><U97/><E44/><N who="2" m="25735" /><F11/><W133/><G128/><T67/><D2/><U85/><E97/><V36/><F3/><W76/><G76/><T10/><REACH who="0" step="1"/><D92/><REACH who="0" ten="328,234,194,234" step="2"/><U59/><E73/><V82/><F82/><W33/><G120/><T5/><D5/><U126/><E75/><V4/><F4/><W68/><G105/><T121/><D121/><U24/><E126/><V125/><F125/><W112/><G112/><T95/><D95/><U94/><E94/><V109/><F109/><W58/><G133/><T8/><D8/><U54/><E6/><V122/><F122/><W47/><G61/><T119/><D119/><U102/><E9/><V115/><F115/><W42/><G89/><T116/><D116/><U78/><E102/><V84/><F84/><W30/><G87/><T39/><D39/><U104/><E104/><V34/><AGARI ba="2,1" hai="25,31,34,36,43,45,110,111" m="25735,51243" machi="34" ten="30,1100,0" yaku="20,1" doraHai="12" who="2" fromWho="2" sc="328,-7,234,-5,194,27,234,-5" />
</Scene>
<Scene>
<INIT seed="1,0,0,5,2,45" ten="321,229,221,229" oya="1" hai0="114,4,39,112,25,14,134,103,89,101,95,20,64" hai1="76,33,6,87,113,135,9,126,127,75,72,56,38" hai2="111,16,84,70,61,31,86,44,71,65,104,132,29" hai3="130,3,24,122,120,128,79,15,63,60,26,96,81"/><U23/><E33/><V116/><F116/><W99/><G3/><T58/><D39/><U67/><E113/><V92/><F104/><W107/><G15/><T78/><D134/><U115/><E115/><V91/><F132/><W59/><G107/><T124/><D124/><N who="1" m="47659" /><E38/><V10/><F111/><W0/><G0/><T100/><D78/><U30/><E135/><V19/><F71/><W40/><G40/><T22/><D4/><U93/><E6/><V12/><F44/><W97/><G81/><T57/><D114/><U54/><E9/><V85/><REACH who="2" step="1"/><F19/><REACH who="2" ten="321,229,211,229" step="2"/><W88/><G120/><T43/><D112/><U48/><E67/><V117/><F117/><W62/><G122/><T102/><D64/><U131/><E131/><V27/><F27/><N who="3" m="10283" /><G59/><T11/><D57/><U68/><E68/><V50/><F50/><W133/><G133/><T110/><D58/><U8/><E8/><V74/><F74/><W94/><G79/><T118/><D118/><U1/><E1/><V49/><F49/><W13/><G13/><T51/><D25/><N who="1" m="16703" /><E76/><V82/><F82/><W34/><G34/><T53/><D14/><U42/><E42/><V35/><F35/><W69/><G69/><T123/><D123/><U47/><E47/><V37/><F37/><W73/><G73/><T32/><D32/><U36/><E36/><V21/><F21/><W66/><G66/><T17/><D22/><U119/><E119/><V129/><F129/><AGARI ba="0,1" hai="60,62,63,88,94,96,97,99,128,129,130" m="10283" machi="129" ten="30,2000,0" yaku="19,1,54,1" doraHai="45" who="3" fromWho="2" sc="321,0,229,0,211,-20,229,30" />
</Scene>
<Scene>
<INIT seed="2,0,0,3,2,63" ten="321,229,191,259" oya="2" hai0="72,119,31,0,59,80,91,95,53,88,92,24,52" hai1="25,34,100,35,57,110,5,130,61,107,23,30,69" hai2="113,87,115,128,94,117,134,108,38,54,39,3,67" hai3="106,36,68,42,76,103,40,109,28,49,135,19,46"/><V13/><F3/><W15/><G109/><T74/><D0/><U71/><E110/><V97/><F108/><W58/><G28/><T8/><D119/><U114/><E114/><V47/><F117/><W7/><G7/><T93/><D8/><U64/><E130/><V82/><F13/><W62/><G76/><T10/><D10/><U73/><E73/><V60/><F128/><W43/><G103/><T29/><D80/><U133/><E133/><V116/><F116/><W126/><G106/><T17/><D17/><U50/><E5/><V129/><F129/><W124/><G15/><T118/><D118/><U104/><E69/><V83/><F134/><W41/><G19/><T105/><D105/><U1/><E1/><V77/><F83/><W84/><G84/><T44/><D44/><U79/><E79/><V102/><F38/><W32/><G32/><T18/><D18/><U120/><E120/><V2/><F2/><W51/><G51/><T123/><D123/><U99/><E107/><V101/><F101/><W9/><G9/><T89/><D59/><U96/><E96/><V16/><F16/><W27/><G27/><T131/><D131/><U4/><E4/><V86/><F86/><W90/><G90/><T66/><D66/><U75/><E75/><N who="0" m="28713" /><D24/><U132/><E132/><V125/><F113/><W45/><G135/><T122/><D122/><U127/><E127/><N who="3" m="48682" /><G68/><T121/><D121/><U65/><REACH who="1" step="1"/><E50/><REACH who="1" ten="321,219,191,259" step="2"/><N who="2" m="29023" /><F125/><W48/><G36/><T21/><D95/><U33/><E33/><V85/><F39/><W37/><G37/><T70/><D93/><U111/><E111/><RYUUKYOKU ba="0,1" sc="321,-15,219,15,191,-15,259,15" hai1="23,25,30,34,35,57,61,64,65,71,99,100,104" hai3="40,41,42,43,45,46,48,49,58,62" />
</Scene>
<Scene>
<INIT seed="3,1,1,4,1,6" ten="306,234,176,274" oya="3" hai0="31,120,33,18,7,125,100,1,10,114,75,19,76" hai1="25,97,69,70,64,26,38,63,101,80,122,58,20" hai2="62,57,111,37,32,107,109,74,23,40,118,16,60" hai3="9,106,102,42,78,14,93,59,123,5,43,105,90"/><W99/><G123/><T124/><D100/><U84/><E122/><V47/><F118/><W91/><G78/><T131/><D120/><U87/><E38/><V4/><F74/><W71/><G71/><T135/><D75/><U126/><E126/><N who="0" m="48745" /><D135/><U50/><E25/><N who="2" m="14567" /><F107/><W48/><G105/><T77/><D131/><U52/><E70/><V27/><F4/><W104/><G104/><T51/><D51/><U0/><E0/><V54/><F27/><W98/><REACH who="3" step="1"/><G90/><REACH who="3" ten="306,234,176,264" step="2"/><T55/><D77/><U113/><E113/><V72/><F72/><W67/><G67/><T82/><D76/><U11/><E80/><V30/><F111/><W130/><G130/><T28/><D82/><U119/><E119/><V81/><F109/><W103/><G103/><T46/><D114/><U29/><E101/><V3/><F81/><W8/><G8/><T45/><D10/><U21/><E11/><V22/><F3/><W36/><G36/><T34/><D1/><U65/><E65/><V112/><F112/><W108/><G108/><T35/><D35/><U129/><E129/><V92/><F32/><W83/><G83/><T49/><D34/><U88/><E21/><V66/><F92/><W17/><G17/><T117/><D33/><U12/><E12/><V2/><F2/><W61/><G61/><T127/><D19/><U56/><E69/><N who="2" m="42183" /><F22/><W128/><G128/><T85/><D18/><U44/><E64/><V86/><F37/><W121/><G121/><T132/><D127/><U24/><E63/><V53/><F62/><W115/><G115/><T133/><D117/><U68/><E68/><RYUUKYOKU ba="1,2" sc="306,-10,234,-10,176,-10,264,30" hai3="5,9,14,42,43,48,59,91,93,98,99,102,106" />
</Scene>
<Scene>
<INIT seed="3,2,2,4,2,42" ten="296,224,166,294" oya="3" hai0="74,59,87,95,107,35,9,19,70,85,13,88,45" hai1="71,68,92,63,23,61,30,101,18,14,31,16,43" hai2="72,76,91,114,104,117,118,82,50,103,116,83,120" hai3="131,40,46,75,34,62,110,122,48,86,100,69,67"/><W11/><G122/><T65/><D35/><U99/><E43/><V66/><F66/><W3/><G75/><T89/><D107/><U106/><E106/><V22/><F22/><W53/><G100/><T33/><D33/><U133/><E133/><V10/><F10/><W97/><G97/><T80/><D70/><U47/><E18/><V4/><F4/><W124/><G34/><T25/><D74/><U2/><E2/><V1/><F1/><W132/><G132/><T49/><D25/><U129/><E129/><V39/><F39/><W41/><G131/><T135/><D135/><U12/><E12/><V134/><F134/><W6/><G86/><T105/><D105/><U27/><E30/><V60/><F60/><W96/><G96/><T77/><D77/><U94/><E94/><V128/><F128/><W32/><G32/><T121/><D121/><U79/><E79/><V24/><F120/><W90/><G90/><T115/><D115/><U8/><REACH who="1" step="1"/><E47/><REACH who="1" ten="296,214,166,294" step="2"/><V37/><F104/><W15/><G40/><T127/><D127/><U29/><E29/><V36/><F76/><W20/><G124/><T17/><D17/><U130/><E130/><V55/><F117/><W54/><G110/><T111/><D111/><U26/><E26/><V52/><F24/><W93/><G93/><T108/><D108/><U123/><E123/><V38/><F116/><W0/><G0/><T126/><D126/><U5/><E5/><V73/><F118/><W21/><G3/><T109/><D109/><U44/><E44/><V119/><F119/><W78/><G78/><T81/><D95/><RYUUKYOKU ba="2,3" sc="296,-15,214,15,166,-15,294,15" hai1="8,14,16,23,27,31,61,63,68,71,92,99,101" hai3="6,11,15,20,21,41,46,48,53,54,62,67,69" />
</Scene>
<Scene>
<INIT seed="3,3,3,3,2,132" ten="281,229,151,309" oya="3" hai0="80,38,83,129,26,4,41,19,3,123,46,92,95" hai1="56,128,112,111,124,121,107,117,36,54,77,98,94" hai2="35,126,27,103,40,0,115,28,21,22,113,6,10" hai3="133,122,86,48,91,24,135,34,17,127,63,73,57"/><W33/><G127/><T108/><D129/><U45/><E77/><V110/><F40/><W97/><G73/><T65/><D123/><U1/><E94/><V31/><F103/><W20/><G122/><T59/><D108/><U49/><E98/><V42/><F42/><W96/><G48/><T14/><D26/><U18/><E18/><V99/><F99/><N who="3" m="37963" /><G33/><T118/><D118/><U11/><E11/><V67/><F67/><W84/><G34/><T16/><D80/><U134/><E56/><V62/><F62/><W23/><G23/><N who="2" m="8713" /><F110/><W89/><G135/><T50/><D83/><U120/><E49/><V8/><F28/><W13/><G133/><T66/><D3/><U93/><E54/><V125/><F8/><W70/><G70/><T78/><D78/><U15/><E93/><N who="0" m="35913" /><D19/><U69/><E45/><V102/><F102/><W39/><G39/><T106/><D106/><U100/><E15/><V90/><F90/><N who="3" m="34315" /><G13/><T51/><D38/><U76/><E100/><V79/><F79/><W37/><G37/><T58/><D4/><U44/><E76/><V7/><F7/><W109/><G109/><T47/><D65/><AGARI ba="3,3" hai="17,20,24,57,63,65,84,86" m="34315,37963" machi="65" ten="30,1500,0" yaku="8,1" doraHai="132" who="3" fromWho="0" sc="281,-24,229,0,151,0,309,54" />
</Scene>
<Scene>
<INIT seed="3,4,0,0,3,31" ten="257,229,151,363" oya="3" hai0="6,40,84,36,20,55,63,90,131,45,98,65,66" hai1="23,35,2,44,54,1,16,112,123,14,122,64,70" hai2="92,79,91,101,78,81,71,134,47,15,32,8,4" hai3="110,120,111,12,27,115,30,124,28,10,99,17,82"/><W104/><G104/><T109/><D131/><U129/><E112/><V125/><F71/><W26/><G99/><T116/><D116/><U19/><E129/><V50/><F125/><W83/><G115/><T48/><D109/><N who="3" m="41481" /><G120/><T51/><D6/><U93/><E35/><V61/><F134/><W133/><G83/><T113/><D98/><U56/><E70/><V126/><F126/><W97/><G97/><T135/><D113/><U85/><E122/><V127/><F127/><W49/><G49/><T80/><D135/><U29/><E123/><V13/><F101/><W25/><G82/><T86/><D51/><U102/><E44/><V88/><F32/><N who="3" m="20495" /><G124/><T7/><D7/><U60/><E54/><V37/><F37/><W89/><G89/><T52/><D84/><U67/><E64/><V74/><F78/><W62/><G133/><T95/><D80/><U18/><E29/><V33/><F61/><W42/><G42/><T39/><D66/><U96/><E85/><V3/><F33/><N who="3" m="20695" /><G27/><T108/><D108/><U100/><E100/><V76/><F76/><W107/><G107/><T117/><D117/><U87/><E87/><V119/><F119/><W5/><G62/><T105/><D105/><U38/><REACH who="1" step="1"/><E38/><REACH who="1" ten="257,219,151,363" step="2"/><V11/><F47/><W68/><G68/><T0/><D39/><U94/><E94/><V46/><F92/><W121/><G121/><T77/><D36/><U106/><E106/><V103/><F103/><W73/><G73/><T24/><D95/><U72/><E72/><N who="2" m="43239" /><F46/><W57/><G57/><T34/><D45/><U59/><E59/><V21/><F74/><RYUUKYOKU ba="4,1" sc="257,-15,219,15,151,-15,363,15" hai1="1,2,14,16,18,19,23,56,60,67,93,96,102" hai3="5,10,12,17" />
</Scene>
<Scene>
<INIT seed="3,5,1,3,1,2" ten="242,234,136,378" oya="3" hai0="87,12,97,15,14,65,111,84,119,7,44,28,60" hai1="104,114,11,34,19,92,73,3,64,121,21,96,18" hai2="42,51,6,125,63,68,43,93,38,135,49,39,20" hai3="134,128,59,77,85,122,30,131,120,22,86,82,118"/><W101/><G30/><T76/><D119/><U117/><E121/><V24/><F93/><W35/><G22/><T17/><D111/><U31/><E73/><V98/><F98/><W83/><G35/><T33/><D33/><U124/><E114/><V100/><F100/><W4/><G59/><T16/><D28/><U1/><E104/><V48/><F20/><W41/><G41/><N who="2" m="15369" /><F24/><W89/><G4/><T127/><D127/><U80/><E124/><V55/><F6/><W67/><G67/><T91/><D44/><U78/><E117/><V61/><F125/><W115/><G134/><T66/><D76/><U107/><E107/><V8/><F8/><W132/><G132/><T45/><D45/><U36/><E36/><N who="2" m="13867" /><F135/><W81/><G101/><T90/><D15/><U95/><E64/><N who="2" m="40975" /><F63/><W74/><G118/><T0/><D60/><U99/><E34/><V54/><AGARI ba="5,1" hai="48,49,51,54,55" m="40975,13867,15369" machi="54" ten="40,8000,1" yaku="35,5" doraHai="2" who="2" fromWho="2" sc="242,-25,234,-25,136,105,378,-45" />
</Scene>
<Scene>
<INIT seed="4,0,0,3,0,92" ten="217,209,241,333" oya="0" hai0="135,126,109,1,76,7,103,42,127,63,51,104,113" hai1="17,68,131,33,19,134,129,39,119,72,122,95,77" hai2="128,3,79,67,44,86,37,59,124,53,74,89,25" hai3="81,69,57,71,64,13,43,31,110,78,23,60,26"/><T58/><D113/><U84/><E119/><V88/><F3/><W54/><G110/><T102/><D109/><U83/><E122/><V45/><F128/><N who="1" m="49225" /><E68/><V36/><F124/><W41/><G13/><T12/><D1/><U94/><E33/><V108/><F108/><W112/><G112/><T117/><D117/><U56/><E39/><V30/><F67/><W55/><G55/><T100/><D135/><U73/><E134/><V27/><F74/><N who="1" m="28777" /><E56/><V38/><F79/><W80/><G78/><T66/><D76/><U70/><E70/><V47/><F86/><W15/><G71/><T35/><D35/><U2/><E2/><V32/><REACH who="2" step="1"/><F27/><REACH who="2" ten="217,209,231,333" step="2"/><W130/><G64/><T29/><D126/><U20/><E19/><V50/><AGARI ba="0,1" hai="25,30,32,36,37,38,44,45,47,50,53,59,88,89" machi="50" ten="40,8000,1" yaku="1,1,2,1,0,1,54,1,53,0" doraHai="92" doraHaiUra="115" who="2" fromWho="2" sc="217,-40,209,-20,231,90,333,-20" />
</Scene>
<Scene>
<INIT seed="5,0,0,5,5,134" ten="177,189,321,313" oya="1" hai0="8,95,104,45,42,15,96,50,114,100,77,12,76" hai1="73,49,111,93,109,33,129,108,124,135,128,26,97" hai2="47,58,83,41,69,11,113,116,75,94,59,132,91" hai3="80,84,103,5,39,90,40,101,130,79,20,57,34"/><U44/><E73/><V72/><F116/><W25/><G34/><T30/><D114/><U66/><E135/><V1/><F69/><W22/><G130/><N who="1" m="50282" /><E66/><V112/><F132/><W46/><G57/><N who="2" m="21513" /><F11/><W110/><G110/><T126/><D104/><U0/><E0/><V55/><F55/><W32/><G32/><T16/><D30/><N who="1" m="19671" /><E124/><V28/><F83/><W125/><G125/><T88/><D126/><U27/><E27/><V85/><F28/><W102/><G5/><T92/><REACH who="0" step="1"/><D15/><REACH who="0" ten="167,189,321,313" step="2"/><U9/><E9/><V78/><F1/><W23/><REACH who="3" step="1"/><G25/><REACH who="3" ten="167,189,321,303" step="2"/><T29/><D29/><U37/><E37/><V21/><F112/><W17/><G17/><T82/><D82/><U71/><E71/><V123/><F113/><W115/><G115/><T127/><D127/><U81/><E81/><V36/><F36/><W62/><G62/><T105/><D105/><U6/><E6/><V53/><F94/><W7/><G7/><T107/><D107/><U131/><E131/><V74/><F74/><W121/><G121/><T52/><D52/><N who="1" m="29735" /><E109/><V51/><F72/><W70/><G70/><T54/><D54/><U60/><E60/><V61/><F61/><W56/><G56/><T86/><AGARI ba="0,2" hai="8,12,16,42,45,50,76,77,86,88,92,95,96,100" machi="86" ten="20,12000,2" yaku="1,1,0,1,7,1,8,1,54,2,53,0" doraHai="134" doraHaiUra="24" who="0" fromWho="0" sc="167,140,189,-60,321,-30,303,-30" />
</Scene>
<Scene>
<INIT seed="6,0,0,2,1,37" ten="307,129,291,273" oya="2" hai0="110,55,8,5,7,90,94,120,88,134,84,39,49" hai1="15,93,41,122,96,103,92,102,10,36,82,106,63" hai2="60,108,12,9,89,4,58,42,2,118,86,70,21" hai3="26,83,113,50,115,51,132,69,61,38,48,73,3"/><V133/><F118/><W72/><G3/><T31/><D120/><U107/><E122/><V22/><F70/><W135/><G38/><T101/><D110/><U105/><E63/><V128/><F108/><W68/><G26/><T124/><D134/><N who="3" m="51241" /><G61/><T76/><D124/><U114/><E114/><N who="3" m="43530" /><G83/><T20/><D39/><U130/><E130/><V123/><F123/><W112/><G112/><T80/><D31/><U44/><E82/><N who="2" m="49367" /><F2/><W81/><G81/><T117/><D117/><U104/><REACH who="1" step="1"/><E103/><REACH who="1" ten="307,119,291,273" step="2"/><V87/><F133/><W95/><G95/><T99/><D101/><U65/><E65/><V126/><F128/><W17/><G17/><AGARI ba="0,1" hai="10,15,17,36,41,44,92,93,96,102,104,105,106,107" machi="17" ten="40,2600,0" yaku="1,1,52,1,53,0" doraHai="37" doraHaiUra="131" who="1" fromWho="3" sc="307,0,119,36,291,0,273,-26" />
</Scene>
<Scene>
<INIT seed="7,0,0,1,3,12" ten="307,155,291,247" oya="3" hai0="56,124,6,90,50,63,39,121,128,7,8,131,52" hai1="86,44,126,72,102,95,117,58,93,20,69,14,49" hai2="123,101,41,88,127,104,48,113,133,9,103,38,4" hai3="70,11,67,98,25,42,65,132,99,112,17,22,97"/><W45/><G112/><T55/><D121/><U61/><E72/><V120/><F38/><W106/><G132/><T47/><D124/><U71/><E126/><V108/><F127/><W15/><G70/><T111/><D111/><U129/><E129/><N who="0" m="49737" /><D39/><U19/><E117/><V96/><F108/><W26/><G106/><T78/><D78/><U73/><E73/><V36/><F36/><W10/><G45/><T135/><D135/><U125/><E125/><V68/><F68/><W59/><G42/><T82/><D8/><N who="3" m="3113" /><G59/><T64/><D82/><U30/><E30/><V122/><F133/><W5/><G5/><N who="0" m="1547" /><D90/><N who="1" m="53463" /><E69/><V43/><F113/><W76/><G76/><T37/><D37/><U0/><E0/><N who="2" m="135" /><F103/><W13/><G13/><T16/><D16/><N who="1" m="10263" /><E71/><V115/><F115/><W74/><G74/><T60/><D60/><U51/><E19/><V94/><F48/><W80/><G80/><T87/><D87/><AGARI ba="0,0" hai="41,43,87,88,94,96,101,104,120,122,123" m="135" machi="87" ten="30,2000,0" yaku="13,1,54,1" doraHai="12" who="2" fromWho="0" sc="307,-20,155,0,291,20,247,0" owari="287,9.0,155,-34.0,311,40.0,247,-15.0" />
</Scene>
</mjloggm>