<mjloggm ver="2.3"><GO type="193"/><UN n0="%E3%83%84%E3%83%A2%E3%81%A3%E3%81%A6%E5%A7%94%E5%93%A1%E4%BC%9A" n1="%E5%A4%AA%E3%81%8F%E3%81%AA%E3%81%84%E3%81%8A" n2="%30%37%31%30%31%31" n3="%E3%82%AB%E3%83%A0%E3%83%8A%E3%82%AC%E3%83%A9%EF%BC%94%EF%BC%91" dan="11,12,12,12" rate="1636,1941,1738,1603" sx="M,M,M,M"/><TAIKYOKU oya="0"/>

<Scene>
<INIT seed="0,0,0,3,5,9" ten="250,250,250,250" oya="0" hai0="80,36,53,85,69,67,65,118,31,71,14,56,79" hai1="34,129,116,60,0,88,50,66,63,86,76,54,126" hai2="128,49,73,120,11,92,51,35,68,47,74,5,124" hai3="131,62,22,82,30,29,42,105,122,58,103,12,102"/><T75/><D118/><U19/><E116/><V91/><F35/><W17/><G122/><T43/><D31/><U64/><E0/><V24/><F68/><W93/><G131/><T125/><D125/><U98/><E34/><V72/><F24/><W13/><G42/><T115/><D75/><U38/><E38/><V89/><F124/><W23/><G105/><T108/><D115/><U44/><E126/><V81/><F120/><W70/><G70/><T97/><D108/><U132/><E129/><V39/><F39/><W127/><G127/><T109/><D97/><U78/><E132/><V8/><F128/><W119/><G119/><T104/><D104/><U135/><E98/><V37/><F37/><W45/><G45/><T1/><D1/><U61/><E135/><V117/><F117/><W130/><G130/><T48/><D36/><U10/><E78/><V3/><F11/><W133/><G133/><T40/><D109/><U94/><E76/><V32/><F32/><W96/><G82/><T101/><D101/><U52/><E54/><V55/><F51/><W20/><G103/><T83/><D14/><AGARI ba="0,0" hai="10,14,19,44,50,52,60,61,63,64,66,86,88,94" machi="14" ten="40,8000,1" yaku="8,1,52,1,54,2" doraHai="9" who="1" fromWho="0" sc="250,-80,250,80,250,0,250,0" />
</Scene>
<Scene>
<INIT seed="1,0,0,3,1,41" ten="170,330,250,250" oya="1" hai0="59,80,7,67,0,96,134,29,110,10,83,84,58" hai1="42,91,51,27,98,85,128,77,14,122,65,133,69" hai2="101,117,124,86,87,112,81,129,38,93,39,56,32" hai3="82,13,109,106,24,102,88,48,26,21,37,57,8"/><U44/><E122/><V63/><F32/><W135/><G37/><T46/><D134/><U50/><E133/><V99/><F117/><W105/><G135/><T60/><D29/><U3/><E3/><V40/><F124/><W43/><G109/><T103/><D110/><U28/><E128/><V76/><F129/><W131/><G131/><T52/><D84/><U126/><E126/><V11/><F112/><W15/><G102/><T34/><D34/><U71/><E77/><V94/><F40/><W111/><G111/><T73/><D73/><U30/><E98/><V119/><F119/><W132/><G132/><T61/><D46/><U120/><E120/><V113/><F113/><W45/><G57/><T55/><REACH who="0" step="1"/><D67/><REACH who="0" ten="160,330,250,250" step="2"/><U92/><E65/><V4/><F87/><W90/><G45/><T121/><D121/><U130/><E130/><V1/><REACH who="2" step="1"/><F93/><AGARI ba="0,1" hai="0,7,10,52,55,58,59,60,61,80,83,93,96,103" machi="93" ten="30,8000,1" yaku="1,1,7,1,9,1,54,1,53,1" doraHai="41" doraHaiUra="6" who="0" fromWho="2" sc="160,90,330,0,250,-80,250,0" />
</Scene>
<Scene>
<INIT seed="2,0,0,1,2,25" ten="250,330,170,250" oya="2" hai0="89,75,105,36,10,69,109,60,90,18,46,55,65" hai1="72,108,9,33,74,12,134,52,7,45,64,42,85" hai2="68,79,99,98,104,31,30,93,54,119,44,81,23" hai3="8,110,91,35,73,101,71,84,37,40,86,17,118"/><V103/><F68/><W34/><G71/><T1/><D75/><U76/><E33/><V59/><F119/><W107/><G118/><T21/><D105/><U94/><E64/><V0/><F44/><W43/><G73/><T26/><D109/><U123/><E108/><V39/><F39/><W116/><G110/><T78/><D78/><U100/><E134/><V102/><F0/><W3/><G116/><T111/><D111/><U124/><E123/><V5/><F5/><W15/><G37/><T29/><D1/><U113/><E113/><V61/><REACH who="2" step="1"/><F23/><REACH who="2" ten="250,330,160,250" step="2"/><W57/><G3/><T133/><D36/><U56/><E45/><V24/><F24/><W135/><G57/><T50/><D133/><U28/><E56/><V95/><F95/><W48/><G135/><T131/><REACH who="0" step="1"/><D131/><REACH who="0" ten="240,330,160,250" step="2"/><U82/><E74/><AGARI ba="0,2" hai="30,31,54,59,61,74,79,81,93,98,99,102,103,104" machi="74" ten="30,11600,0" yaku="1,1,7,1,52,2,53,0" doraHai="25" doraHaiUra="67" who="2" fromWho="1" sc="240,0,330,-116,160,136,250,0" />
</Scene>
<Scene>
<INIT seed="2,1,0,3,5,99" ten="240,214,296,250" oya="2" hai0="39,49,23,125,48,80,86,101,17,135,103,66,19" hai1="24,29,68,75,107,8,59,126,12,46,5,9,57" hai2="91,83,96,81,14,109,56,3,62,38,82,30,50" hai3="104,78,124,61,127,58,73,72,111,6,114,108,119"/><V22/><F38/><W93/><G6/><T20/><D39/><U0/><E68/><V35/><F3/><W41/><G41/><T79/><D135/><U117/><E117/><V118/><F35/><W92/><G58/><T89/><D66/><U31/><E75/><N who="3" m="28746" /><G61/><T27/><D125/><N who="3" m="48201" /><G119/><T132/><D132/><U134/><E126/><V44/><F118/><W97/><G114/><T13/><D79/><U123/><E134/><V65/><F109/><N who="3" m="42059" /><G78/><T112/><D112/><U94/><E31/><V60/><F60/><W36/><G36/><T10/><D10/><U4/><E46/><V129/><F129/><W131/><G131/><T122/><D122/><U37/><E123/><V55/><F30/><W102/><AGARI ba="1,0" hai="92,93,97,102,104" m="42059,48201,28746" machi="102" ten="40,8000,1" yaku="18,1,14,1,34,2,52,1" doraHai="99" who="3" fromWho="3" sc="240,-21,214,-21,296,-41,250,83" />
</Scene>
<Scene>
<INIT seed="3,0,0,3,3,11" ten="219,193,255,333" oya="3" hai0="73,75,69,86,94,114,52,109,41,82,61,55,72" hai1="107,25,89,105,122,126,57,12,43,133,56,132,31" hai2="128,5,28,22,60,77,40,100,6,7,101,0,49" hai3="74,59,8,3,19,37,33,79,44,1,103,62,32"/><W96/><G3/><T34/><D114/><U23/><E122/><V45/><F128/><W67/><G19/><T66/><D34/><U108/><E108/><V9/><F77/><W10/><G10/><T95/><D109/><U20/><E43/><V99/><F101/><W53/><G103/><T46/><D95/><U54/><E126/><V68/><F68/><W91/><G91/><T121/><D121/><U71/><E71/><V131/><F131/><W81/><G96/><T39/><D94/><U47/><E89/><V129/><F129/><W4/><G67/><T13/><D13/><U17/><E47/><V134/><F134/><N who="1" m="51817" /><E57/><V112/><F112/><W78/><G78/><T64/><D64/><U65/><E65/><V110/><F110/><W27/><G27/><T51/><D55/><U14/><E14/><V88/><F60/><W130/><G130/><T117/><D117/><U16/><E31/><V42/><F42/><AGARI ba="0,0" hai="1,4,8,32,33,37,42,44,53,59,62,74,79,81" machi="42" ten="40,3900,0" yaku="25,2" doraHai="11" who="3" fromWho="2" sc="219,0,193,0,255,-39,333,39" owari="219,2.0,193,-31.0,216,-18.0,372,47.0" />
</Scene>
</mjloggm>