<mjloggm ver="2.3"><GO type="137"/><UN n0="%61%6E%67%69%65%38" n1="%E8%99%8E%E4%B8%80%E6%97%8F%E3%81%AE%E5%BC%9F%E5%AD%90" n2="%73%75%79%61%6D%61%78%78" n3="%E5%A4%AA%E3%81%8F%E3%81%AA%E3%81%84%E3%81%8A" dan="13,8,10,11" rate="1825,1704,1554,1755" sx="M,M,M,M"/><TAIKYOKU oya="0"/>

<Scene>
<INIT seed="0,0,0,0,4,17" ten="250,250,250,250" oya="0" hai0="82,39,1,20,116,123,107,129,135,93,40,118,134" hai1="16,2,132,14,81,103,128,73,108,74,99,37,36" hai2="87,92,121,61,52,65,44,110,53,22,13,83,5" hai3="34,45,70,59,104,133,77,62,24,18,109,25,113"/><T29/><D107/><U97/><E2/><V58/><F121/><W54/><G113/><T51/><D39/><U112/><E112/><V69/><F110/><W10/><G104/><T33/><D123/><U76/><E108/><V78/><F92/><W27/><G109/><T21/><D1/><U125/><E74/><V12/><F69/><W3/><G133/><N who="0" m="50699" /><D93/><U89/><E132/><V64/><F64/><W90/><G70/><T114/><D114/><U23/><E125/><V106/><F106/><W75/><G34/><T88/><D129/><U67/><E67/><V11/><REACH who="2" step="1"/><F44/><REACH who="2" ten="250,250,240,250" step="2"/><W26/><G45/><N who="0" m="26023" /><D118/><U48/><E128/><V8/><F8/><W56/><G10/><T50/><D116/><U43/><E81/><V19/><AGARI ba="0,1" hai="5,11,12,13,19,22,52,53,58,61,65,78,83,87" machi="19" ten="30,8000,1" yaku="1,1,0,1,8,1,52,1,54,1,53,0" doraHai="17" doraHaiUra="119" who="2" fromWho="2" sc="250,-40,250,-20,240,90,250,-20" />
</Scene>
<Scene>
<INIT seed="1,0,0,4,3,87" ten="210,230,330,230" oya="1" hai0="40,83,4,99,104,131,38,112,78,6,66,91,57" hai1="21,20,1,96,103,89,75,2,93,79,102,71,41" hai2="67,27,18,135,5,8,10,46,13,88,33,34,121" hai3="106,133,55,61,118,110,37,127,94,119,81,24,70"/><U72/><E71/><V108/><F121/><W95/><G106/><T50/><D112/><U14/><E41/><V111/><F67/><W90/><G37/><T7/><D38/><U76/><E14/><N who="2" m="5391" /><F46/><W85/><G110/><N who="2" m="42025" /><F88/><N who="3" m="51247" /><G133/><T86/><D131/><U82/><E79/><V43/><F43/><W52/><G127/><T92/><D104/><U84/><E103/><V129/><F129/><W101/><G101/><T56/><D66/><U80/><E75/><V9/><F9/><W58/><G70/><T19/><D19/><U122/><REACH who="1" step="1"/><E122/><REACH who="1" ten="210,220,330,230" step="2"/><V60/><F135/><W98/><G119/><T17/><D40/><U64/><E64/><V31/><F34/><W65/><G118/><T132/><D132/><U62/><E62/><AGARI ba="0,1" hai="10,13,18,27,31,33,60,62" m="42025,5391" machi="62" ten="30,1000,0" yaku="14,1" doraHai="87" who="2" fromWho="1" sc="210,0,220,-10,330,20,230,0" />
</Scene>
<Scene>
<INIT seed="2,0,0,2,0,107" ten="210,210,350,230" oya="2" hai0="27,36,66,13,56,110,2,46,120,25,32,48,116" hai1="117,132,65,104,91,6,72,83,135,31,44,41,112" hai2="64,39,47,76,21,12,80,29,4,34,130,10,40" hai3="133,9,70,81,57,20,60,38,52,115,94,17,14"/><V106/><F106/><W131/><G38/><T75/><D2/><U114/><E104/><V84/><F130/><W74/><G131/><T26/><D120/><U129/><E31/><V101/><F34/><W89/><G133/><N who="1" m="51274" /><E129/><V8/><F8/><W67/><G115/><T125/><D116/><U3/><E65/><V98/><F64/><W102/><G102/><T78/><D32/><U7/><E117/><V58/><F58/><W43/><G43/><T30/><D30/><U62/><E62/><V0/><F0/><W73/><G81/><T88/><D36/><N who="1" m="21543" /><E91/><V50/><F39/><W103/><G103/><T121/><D121/><U87/><E87/><V97/><F101/><W23/><G23/><T95/><D56/><U123/><E123/><V71/><F71/><W42/><G42/><T5/><D66/><U134/><N who="1" m="51282" /><U127/><DORA hai="109" /><E127/><V122/><F122/><W82/><G9/><T126/><D110/><U92/><E92/><V54/><F54/><W55/><G82/><N who="0" m="45407" /><D13/><U105/><E105/><V108/><F108/><W118/><G118/><T128/><D5/><N who="1" m="1547" /><E3/><V45/><REACH who="2" step="1"/><F45/><REACH who="2" ten="210,210,340,230" step="2"/><W96/><REACH who="3" step="1"/><G55/><REACH who="3" ten="210,210,340,220" step="2"/><N who="0" m="30103" /><D128/><U16/><E114/><V19/><F19/><W68/><G68/><T37/><D37/><U79/><E112/><V85/><F85/><W113/><G113/><T15/><D126/><U28/><E28/><V59/><F59/><W124/><G124/><T61/><D125/><U93/><E16/><V111/><F111/><W77/><G77/><T100/><D100/><U11/><E11/><V69/><F69/><W90/><G90/><T22/><D88/><RYUUKYOKU ba="0,2" sc="210,-30,210,10,340,10,220,10" hai1="72,79,83,93" hai2="4,10,12,21,29,40,47,50,76,80,84,97,98" hai3="14,17,20,52,57,60,67,70,73,74,89,94,96" />
</Scene>
<Scene>
<INIT seed="2,1,2,4,0,119" ten="180,220,350,230" oya="2" hai0="33,21,117,123,134,5,53,2,63,92,135,39,73" hai1="83,48,46,62,34,132,28,44,113,72,96,118,87" hai2="26,61,6,69,70,91,24,38,12,101,15,116,130" hai3="93,14,64,99,37,84,42,59,121,7,17,107,71"/><V8/><F116/><W76/><G71/><T10/><D33/><U120/><E118/><V97/><F130/><W13/><G107/><T11/><D117/><U104/><E113/><V108/><F38/><W112/><G112/><T100/><D39/><U95/><E104/><V65/><F108/><W35/><G35/><T3/><D73/><U127/><E72/><V90/><F70/><W67/><G42/><T106/><D106/><U77/><E132/><N who="0" m="50729" /><D100/><U124/><E62/><V103/><F97/><W105/><G37/><T125/><D92/><U9/><E9/><V80/><F69/><W56/><G105/><T85/><D85/><U129/><E129/><V22/><F65/><W0/><G0/><T88/><D88/><N who="2" m="33834" /><F61/><W131/><G131/><T43/><D43/><U50/><E96/><V94/><F80/><N who="3" m="47111" /><G64/><T18/><D53/><U1/><E95/><V66/><F94/><W27/><G67/><T54/><D54/><U75/><E75/><V114/><F66/><W110/><G110/><T16/><D63/><U74/><E74/><V81/><F114/><W98/><G98/><T122/><D125/><U30/><E34/><V31/><F81/><W57/><G93/><T68/><D68/><U102/><E102/><N who="2" m="38923" /><F6/><W79/><G99/><T126/><D126/><U41/><E127/><V82/><F8/><N who="3" m="4255" /><G14/><N who="2" m="5161" /><F82/><W32/><G79/><T115/><D115/><U45/><E124/><V58/><F58/><W78/><G78/><T49/><D21/><U128/><E128/><V47/><F47/><N who="1" m="12033" /><U19/><DORA hai="51" /><E77/><V89/><F89/><W133/><G133/><T29/><D5/><RYUUKYOKU ba="1,2" sc="180,-10,220,-10,350,30,230,-10" hai2="22,24,26,31" />
</Scene>
<Scene>
<INIT seed="2,2,2,1,3,54" ten="170,210,380,220" oya="2" hai0="127,27,23,17,73,94,19,103,13,96,55,34,91" hai1="39,69,11,60,121,63,9,125,97,33,3,131,76" hai2="95,25,30,40,87,82,126,98,112,44,14,102,28" hai3="62,38,6,108,111,8,74,12,123,18,79,101,106"/><V20/><F112/><W66/><G123/><T109/><D73/><U80/><E121/><V15/><F126/><W83/><G38/><T115/><D127/><U58/><E125/><V81/><F30/><W75/><G75/><T113/><D109/><N who="3" m="42057" /><G101/><T21/><D34/><U135/><E33/><V45/><F82/><W88/><G106/><T64/><D64/><U72/><E135/><V37/><F44/><W122/><G122/><T56/><REACH who="0" step="1"/><D103/><REACH who="0" ten="160,210,380,220" step="2"/><U84/><E72/><V32/><REACH who="2" step="1"/><F32/><REACH who="2" ten="160,210,370,220" step="2"/><W99/><G74/><T35/><D35/><U47/><E47/><V41/><F41/><W89/><G83/><T5/><D5/><U1/><E80/><V48/><F48/><AGARI ba="2,4" hai="13,17,19,21,23,27,48,55,56,91,94,96,113,115" machi="48" ten="30,7700,0" yaku="1,1,7,1,52,1,53,1" doraHai="54" doraHaiUra="53" who="0" fromWho="2" sc="160,123,210,0,370,-83,220,0" />
</Scene>
<Scene>
<INIT seed="3,0,0,1,4,120" ten="283,210,287,220" oya="3" hai0="107,50,17,49,80,117,58,134,130,59,10,105,29" hai1="21,68,15,108,33,61,109,55,16,36,81,118,95" hai2="35,102,76,46,57,90,27,53,79,44,48,6,96" hai3="94,12,121,62,75,77,97,127,60,103,66,43,56"/><W91/><G121/><T112/><D117/><U89/><E36/><V132/><F132/><W22/><G127/><T20/><D134/><U54/><E33/><V98/><F35/><W116/><G116/><T124/><D124/><U71/><E81/><V92/><F27/><W8/><G43/><T88/><D112/><U64/><E71/><V82/><F6/><W2/><G2/><T32/><D32/><U11/><E11/><V74/><REACH who="2" step="1"/><F79/><REACH who="2" ten="283,210,277,220" step="2"/><W26/><G77/><T100/><D29/><U99/><REACH who="1" step="1"/><E118/><REACH who="1" ten="283,200,277,220" step="2"/><V104/><AGARI ba="0,2" hai="44,46,48,53,57,74,76,82,90,92,96,98,102,104" machi="104" ten="20,8000,1" yaku="1,1,2,1,0,1,7,1,53,1" doraHai="120" doraHaiUra="84" who="2" fromWho="2" sc="283,-20,200,-20,277,100,220,-40" />
</Scene>
<Scene>
<INIT seed="4,0,0,4,3,56" ten="263,180,377,180" oya="0" hai0="97,110,90,39,48,37,119,36,51,46,41,96,26" hai1="69,105,38,127,33,65,124,43,52,32,58,88,89" hai2="126,103,76,82,27,1,55,61,85,47,131,16,9" hai3="107,50,133,35,80,49,93,7,14,53,81,78,59"/><T100/><D119/><U120/><E105/><V111/><F131/><W125/><G107/><T60/><D110/><U5/><E5/><V24/><F111/><W20/><G35/><T79/><D79/><U114/><E120/><V17/><F126/><N who="1" m="48169" /><E114/><V21/><F9/><W128/><G125/><T31/><D51/><N who="1" m="31007" /><E32/><V54/><F1/><W23/><G128/><T75/><D75/><U2/><E2/><V68/><F68/><W28/><G133/><T129/><D129/><U4/><E4/><V121/><F103/><W42/><G93/><T30/><D100/><U95/><E33/><V71/><F121/><W132/><G132/><T67/><D90/><U70/><E65/><V99/><F99/><W102/><G102/><T134/><D134/><U66/><E66/><V34/><F34/><W3/><G3/><T104/><D104/><U8/><E8/><V86/><F71/><N who="1" m="27145" /><E95/><V12/><F55/><W74/><G81/><T101/><D101/><U13/><E13/><V6/><F6/><W83/><G83/><T122/><D122/><U25/><E25/><V84/><F27/><W91/><G91/><T109/><D109/><U72/><E72/><V45/><F45/><AGARI ba="0,0" hai="38,43,45,88,89" m="27145,31007,48169" machi="45" ten="30,3900,0" yaku="18,1,54,2" doraHai="56" who="1" fromWho="2" sc="263,0,180,39,377,-39,180,0" />
</Scene>
<Scene>
<INIT seed="5,0,0,0,4,125" ten="263,219,338,180" oya="1" hai0="5,97,42,85,34,51,76,58,133,67,95,38,70" hai1="73,47,52,54,128,107,37,109,53,40,101,12,71" hai2="44,126,102,131,74,77,129,6,43,98,28,36,100" hai3="86,91,105,84,50,122,92,32,55,21,35,11,45"/><U115/><E73/><V78/><F126/><W10/><G122/><T108/><D34/><U27/><E71/><V3/><F28/><W33/><G105/><T14/><D108/><U2/><E2/><V114/><F114/><W83/><REACH who="3" step="1"/><G21/><REACH who="3" ten="263,219,338,170" step="2"/><T112/><D112/><U68/><E109/><V57/><F57/><W64/><G64/><T80/><D70/><U88/><E115/><V23/><F23/><W62/><G62/><N who="0" m="38359" /><D38/><U30/><E68/><V15/><F3/><W93/><G93/><T75/><D75/><U119/><E107/><V61/><F61/><W31/><G31/><T59/><D133/><U19/><E30/><V87/><F74/><W82/><G82/><T9/><D59/><U16/><E37/><V81/><F78/><AGARI ba="0,1" hai="10,11,32,33,35,45,50,55,78,83,84,86,91,92" machi="78" ten="40,1300,0" yaku="1,1,53,0" doraHai="125" doraHaiUra="130" who="3" fromWho="2" sc="263,0,219,0,338,-13,170,23" />
</Scene>
<Scene>
<INIT seed="6,0,0,2,3,125" ten="263,219,325,193" oya="2" hai0="113,135,35,97,100,88,26,57,99,121,115,7,30" hai1="28,0,1,86,31,25,47,76,131,85,78,15,8" hai2="60,107,37,45,44,38,46,134,129,72,119,96,39" hai3="56,127,61,90,92,105,104,83,89,120,116,6,19"/><V41/><F119/><W20/><G116/><T102/><D121/><U65/><E131/><V111/><F129/><W95/><G120/><T103/><D7/><U110/><E110/><V54/><F111/><W71/><G127/><T59/><D135/><U68/><E47/><V13/><F134/><W108/><G108/><T51/><D51/><U94/><E31/><V70/><F72/><W53/><G6/><T128/><D128/><U17/><E65/><N who="2" m="41255" /><F13/><W32/><G32/><T36/><D36/><N who="2" m="13930" /><F96/><W109/><G109/><T42/><D42/><U93/><E68/><V10/><F107/><W63/><G83/><T5/><D5/><U22/><E0/><V80/><F10/><W3/><G3/><T69/><D69/><U9/><E1/><V11/><F80/><W114/><G71/><T117/><D117/><U40/><E8/><V132/><F11/><W123/><G123/><T118/><D118/><U12/><E12/><V126/><F126/><W122/><G122/><T87/><D99/><U66/><E66/><V81/><F81/><W50/><G105/><T112/><REACH who="0" step="1"/><D97/><REACH who="0" ten="253,219,325,193" step="2"/><U58/><E40/><V79/><F132/><W14/><G104/><T49/><D49/><U124/><E124/><V16/><F39/><W64/><G50/><T130/><D130/><U98/><E98/><V101/><F41/><W18/><G63/><T24/><D24/><U4/><E4/><V75/><F44/><W33/><G61/><T48/><D48/><U29/><E25/><V84/><F45/><W43/><G43/><T91/><D91/><U62/><E76/><V21/><F54/><RYUUKYOKU ba="0,1" sc="253,30,219,-10,325,-10,193,-10" hai0="26,30,35,57,59,87,88,100,102,103,112,113,115" />
</Scene>
<Scene>
<INIT seed="7,1,1,1,4,81" ten="283,209,315,183" oya="3" hai0="6,88,76,65,104,12,116,35,59,24,124,99,122" hai1="82,77,111,97,66,39,50,19,103,123,83,134,7" hai2="68,20,64,107,18,118,60,45,94,105,108,79,129" hai3="4,17,89,27,13,57,91,106,113,44,32,73,26"/><W117/><G117/><T71/><D116/><U56/><E111/><V130/><F118/><W38/><G73/><T21/><D122/><U3/><E123/><V54/><F108/><W132/><G106/><T87/><D71/><U40/><E39/><V102/><F79/><W125/><G4/><T53/><D65/><U46/><E134/><V133/><F133/><W84/><G132/><T22/><D124/><U14/><E3/><V86/><F45/><W31/><G125/><T25/><D76/><U115/><E115/><V92/><F54/><W48/><G113/><T119/><D119/><U75/><E83/><V114/><F114/><W72/><G72/><T96/><D104/><U49/><E7/><V11/><F11/><W47/><G27/><N who="0" m="10315" /><D35/><U128/><E128/><N who="2" m="49259" /><F102/><W74/><G74/><T23/><D12/><U34/><E34/><V2/><F2/><W112/><G112/><T33/><D6/><U42/><E103/><V95/><F86/><W16/><G91/><T61/><D33/><U62/><E97/><V58/><F58/><W101/><G101/><T43/><D43/><U135/><E135/><V121/><F121/><W85/><G17/><T110/><D110/><U9/><E50/><V1/><F1/><W5/><G5/><T41/><D41/><AGARI ba="1,1" hai="9,14,19,40,41,42,46,49,56,62,66,75,77,82" machi="41" ten="30,1000,0" yaku="7,1" doraHai="81" who="1" fromWho="0" sc="283,-13,209,23,315,0,183,0" owari="270,7.0,232,-17.0,315,42.0,183,-32.0" />
</Scene>
</mjloggm>