<mjloggm ver="2.3"><GO type="97"/><UN n0="%E7%AB%9C%E5%AE%AE%E4%B9%99%E5%A7%AB" n1="%E5%A4%AA%E3%81%8F%E3%81%AA%E3%81%84%E3%81%8A" n2="%E3%81%B2%E3%81%A3%E3%81%B4%E3%81%93%E3%82%93" n3="%70%69%63%63%6F%72%6F" dan="13,14,14,14" rate="2100,2023,1949,1846" sx="F,M,M,M"/><TAIKYOKU oya="0"/>

<Scene>
<INIT seed="0,0,0,4,4,67" ten="250,250,250,250" oya="0" hai0="70,111,36,60,38,85,91,102,9,50,72,20,74" hai1="56,97,6,10,73,122,30,8,48,94,108,133,0" hai2="104,49,55,14,124,126,61,19,46,77,119,112,57" hai3="81,31,37,117,110,23,86,109,33,62,40,87,42"/><T100/><D111/><N who="3" m="42505" /><G117/><T44/><D9/><U47/><E108/><V106/><F112/><W12/><G33/><T43/><D20/><U118/><E133/><V95/><F95/><W99/><G99/><T132/><D132/><U131/><E131/><V113/><F77/><N who="3" m="46383" /><G87/><T90/><D74/><U11/><E73/><V79/><F79/><W59/><G37/><T114/><D114/><U58/><E118/><V65/><F119/><W83/><G83/><T101/><D72/><U135/><E135/><V35/><F35/><W105/><G105/><T103/><D91/><U88/><E122/><V51/><F113/><W116/><G116/><T17/><D17/><U134/><E134/><V28/><F28/><W45/><G45/><T24/><D24/><U115/><E115/><V68/><F126/><W125/><G125/><T21/><D21/><U4/><E30/><V26/><F26/><N who="3" m="16863" /><G12/><T53/><D103/><U82/><E82/><V52/><REACH who="2" step="1"/><F124/><REACH who="2" ten="250,250,240,250" step="2"/><W3/><G3/><T27/><D27/><U66/><E0/><V2/><F2/><W129/><G129/><T7/><D7/><U41/><E6/><V76/><F76/><W34/><G34/><T25/><D25/><U22/><E4/><V64/><F64/><AGARI ba="0,1" hai="40,42,59,62,64" m="16863,46383,42505" machi="64" ten="30,1000,0" yaku="14,1" doraHai="67" who="3" fromWho="2" sc="250,0,250,0,240,-10,250,20" />
</Scene>
<Scene>
<INIT seed="1,0,0,1,4,114" ten="250,250,230,270" oya="1" hai0="128,103,113,110,49,118,90,36,126,10,111,130,40" hai1="6,42,16,9,5,134,59,132,32,44,135,0,50" hai2="8,97,69,74,78,58,94,55,79,112,102,34,4" hai3="11,104,53,41,25,30,123,45,133,82,20,57,80"/><U23/><E32/><V65/><F112/><W63/><G123/><T84/><D113/><U96/><E6/><V98/><F34/><W31/><G133/><T77/><D103/><U18/><E96/><V61/><F74/><W47/><G104/><T121/><D36/><U83/><E83/><V127/><F127/><W15/><G31/><T71/><D71/><U46/><E59/><V81/><F81/><W19/><REACH who="3" step="1"/><G45/><REACH who="3" ten="250,250,230,260" step="2"/><T7/><D121/><U37/><REACH who="1" step="1"/><E23/><REACH who="1" ten="250,240,230,260" step="2"/><V48/><REACH who="2" step="1"/><F98/><REACH who="2" ten="250,240,220,260" step="2"/><W116/><G116/><T75/><D118/><U29/><E29/><V3/><AGARI ba="0,3" hai="3,4,8,48,55,58,61,65,69,78,79,94,97,102" machi="3" ten="20,5200,0" yaku="1,1,2,1,0,1,7,1,53,0" doraHai="114" doraHaiUra="22" who="2" fromWho="2" sc="250,-13,240,-26,220,82,260,-13" />
</Scene>
<Scene>
<INIT seed="2,0,0,1,0,7" ten="237,214,302,247" oya="2" hai0="51,64,115,126,71,67,30,130,31,113,27,52,108" hai1="125,104,122,92,0,88,84,5,132,119,25,116,127" hai2="46,9,55,93,33,8,2,95,6,11,129,66,90" hai3="14,62,36,105,26,109,85,69,73,91,97,12,42"/><V101/><F33/><W43/><G73/><T96/><D126/><N who="1" m="48139" /><E104/><V111/><F66/><W79/><G79/><T44/><D130/><U83/><E132/><V4/><F129/><W41/><G36/><T57/><D108/><U118/><E122/><V37/><F111/><W107/><G109/><T29/><D96/><N who="1" m="57351" /><E25/><V103/><F37/><W87/><G26/><T106/><D106/><U53/><E53/><V32/><F95/><W24/><G24/><T76/><D76/><N who="1" m="46183" /><E5/><N who="2" m="2155" /><F32/><W72/><G43/><T40/><D27/><U28/><E28/><V77/><F77/><W110/><G42/><T65/><REACH who="0" step="1"/><D71/><REACH who="0" ten="227,214,302,247" step="2"/><U35/><E35/><V21/><F2/><AGARI ba="0,1" hai="0,2,116,118,119" m="46183,57351,48139" machi="2" ten="40,2600,0" yaku="18,1,54,1" doraHai="7" who="1" fromWho="2" sc="227,0,214,36,302,-26,247,0" />
</Scene>
<Scene>
<INIT seed="3,0,0,1,5,40" ten="227,250,276,247" oya="3" hai0="71,14,5,134,30,91,45,1,2,42,89,38,105" hai1="64,116,70,72,26,8,4,117,41,114,127,10,60" hai2="86,130,108,23,126,47,7,102,118,37,79,22,58" hai3="27,17,62,28,75,124,53,97,115,128,20,109,36"/><W67/><G115/><T15/><D105/><U49/><E114/><V29/><F118/><N who="1" m="45673" /><E72/><V132/><F108/><W90/><G109/><T123/><D123/><U52/><E127/><V78/><F126/><W76/><G124/><T31/><D71/><U85/><E41/><V11/><F130/><W74/><G128/><T121/><D121/><U65/><E65/><V50/><F37/><W69/><G36/><T83/><D134/><U133/><E133/><V106/><F132/><W98/><G76/><T107/><D107/><U16/><E85/><V59/><F102/><W43/><G43/><T44/><D38/><U113/><E113/><V111/><F106/><W95/><G97/><T56/><D42/><U35/><E4/><V61/><F111/><W103/><G103/><T19/><D5/><U122/><E122/><V46/><F50/><W25/><REACH who="3" step="1"/><G53/><REACH who="3" ten="227,250,276,237" step="2"/><T33/><D33/><AGARI ba="0,1" hai="17,20,25,27,28,33,62,67,69,74,75,90,95,98" machi="33" ten="30,5800,0" yaku="1,1,2,1,7,1,53,0" doraHai="40" doraHaiUra="112" who="3" fromWho="0" sc="227,-58,250,0,276,0,237,68" owari="169,-33.0,250,-15.0,276,8.0,305,40.0" />
</Scene>
</mjloggm>