<mjloggm ver="2.3"><GO type="169"/><UN n0="%E3%83%81%E3%83%A3%E3%82%AA%E3%83%AA" n1="%E5%A4%AA%E3%81%8F%E3%81%AA%E3%81%84%E3%81%8A" n2="%73%68%6F%30%6F%68%73" n3="%7A%6B%75%72%74" dan="16,17,16,17" rate="2075,2163,2074,2174" sx="M,M,M,M"/><TAIKYOKU oya="0"/>

<Scene>
<INIT seed="0,0,0,2,1,129" ten="250,250,250,250" oya="0" hai0="111,78,106,70,91,98,4,53,130,29,35,131,56" hai1="109,14,30,113,38,57,133,105,76,118,81,48,68" hai2="1,120,72,32,55,100,84,37,117,2,97,124,77" hai3="135,62,132,115,64,43,80,93,23,121,21,10,125"/><T41/><D70/><U65/><E118/><V18/><F120/><W12/><G115/><T20/><D35/><U25/><E105/><V71/><F71/><W75/><G121/><T90/><D78/><U3/><E3/><V34/><F37/><W127/><G43/><T22/><D41/><U66/><E38/><V52/><F84/><W69/><G93/><T116/><D4/><U15/><E113/><V89/><F89/><N who="0" m="33802" /><D29/><U103/><E103/><V51/><F117/><W128/><G128/><N who="0" m="49195" /><D111/><U31/><E109/><V83/><F77/><N who="3" m="44095" /><G21/><N who="0" m="8299" /><D116/><U99/><E31/><V119/><F119/><W26/><G23/><T108/><D108/><U0/><E30/><V44/><F34/><W101/><G26/><T87/><D87/><U134/><E25/><V104/><F32/><W59/><G69/><T24/><D24/><U36/><E68/><V5/><F5/><N who="3" m="3151" /><G101/><N who="0" m="62775" /><D56/><U60/><E36/><V112/><F72/><W28/><G28/><T61/><D53/><U94/><E0/><V33/><F55/><W123/><G123/><T6/><D6/><U88/><E66/><V92/><F1/><W47/><G47/><T13/><D13/><N who="1" m="4619" /><E48/><V19/><F51/><W102/><G102/><T58/><D58/><U67/><E67/><V8/><F100/><W46/><G46/><T40/><D40/><U50/><E50/><V42/><F44/><W82/><G82/><T107/><D107/><U7/><E7/><V110/><F104/><W79/><G79/><T114/><D114/><U39/><E39/><V63/><F83/><W9/><G9/><T126/><D61/><U49/><E49/><RYUUKYOKU ba="0,0" sc="250,10,250,10,250,-30,250,10" hai0="126" hai1="57,60,65,76,81,88,94,99,133,134" hai3="59,62,64,125,127,132,135" />
</Scene>
<Scene>
<INIT seed="0,1,0,1,5,0" ten="260,260,220,260" oya="0" hai0="92,101,106,48,94,24,127,57,26,102,132,115,31" hai1="67,30,56,74,15,105,99,116,33,50,46,124,2" hai2="25,13,119,45,107,76,83,32,100,8,104,91,43" hai3="63,114,58,122,81,16,19,4,62,3,103,93,73"/><T88/><D115/><U18/><E116/><V11/><F119/><W53/><G114/><T111/><D92/><U66/><E74/><V134/><F91/><W72/><G122/><T89/><D89/><U96/><E2/><V108/><F108/><W39/><G39/><T135/><D127/><U97/><E124/><V12/><F134/><N who="0" m="51242" /><D106/><U37/><E37/><V64/><F64/><W98/><G62/><T79/><D79/><U126/><E126/><V86/><F32/><W5/><G3/><T14/><D14/><U55/><E105/><V6/><F25/><N who="0" m="9834" /><D31/><U47/><E30/><V51/><F100/><W130/><G130/><T9/><D9/><N who="1" m="6511" /><E33/><V128/><F128/><W125/><G125/><T49/><D111/><U69/><E69/><V61/><F61/><W112/><G112/><T70/><D70/><U40/><E46/><V118/><F118/><W22/><G73/><T44/><D57/><U123/><E123/><V87/><F86/><W90/><G72/><T95/><D95/><U60/><AGARI ba="1,0" hai="40,47,50,55,56,60,66,67,96,97,99" m="6511" machi="60" ten="30,1100,0" yaku="8,1" doraHai="0" who="1" fromWho="1" sc="260,-6,260,14,220,-4,260,-4" />
</Scene>
<Scene>
<INIT seed="1,0,0,5,1,4" ten="254,274,216,256" oya="1" hai0="47,117,2,33,80,96,54,1,50,70,114,57,133" hai1="27,84,112,13,58,75,49,115,77,67,100,118,65" hai2="134,71,116,9,30,48,127,131,40,126,97,46,12" hai3="109,94,62,39,21,41,82,24,42,53,76,105,92"/><U83/><E118/><V22/><F116/><W60/><G105/><T73/><D70/><U107/><E27/><N who="2" m="16759" /><F71/><W15/><G109/><T103/><D33/><U23/><E107/><V90/><F134/><W132/><G132/><T95/><D114/><U59/><E100/><V125/><F131/><W79/><G39/><T124/><D124/><U61/><E75/><V130/><F130/><W128/><G128/><T104/><D133/><U129/><E129/><V29/><F29/><W63/><G53/><T98/><D47/><U51/><E115/><V55/><F97/><W16/><G24/><T99/><D99/><U11/><E23/><V38/><F90/><W66/><G66/><T89/><D117/><U35/><E35/><V26/><F26/><W81/><G81/><T64/><D64/><U52/><E112/><V91/><F91/><W74/><REACH who="3" step="1"/><G79/><REACH who="3" ten="254,274,216,246" step="2"/><T14/><D80/><U135/><E135/><V3/><F55/><W5/><G5/><T37/><D54/><N who="1" m="32095" /><E61/><V102/><F38/><W34/><G34/><T68/><D104/><U20/><E20/><V121/><F121/><W123/><G123/><T120/><D120/><U19/><AGARI ba="0,1" hai="11,13,19,49,52,59,65,67,77,83,84" m="32095" machi="19" ten="30,6000,0" yaku="8,1,52,1,54,1" doraHai="4" who="1" fromWho="1" sc="254,-20,274,70,216,-20,246,-20" />
</Scene>
<Scene>
<INIT seed="1,1,0,3,0,47" ten="234,344,196,226" oya="1" hai0="22,112,135,128,3,21,118,106,133,14,43,125,97" hai1="74,27,85,41,0,57,93,4,40,79,45,2,84" hai2="90,5,46,89,72,115,82,58,78,102,48,124,77" hai3="99,92,120,53,86,108,103,13,117,54,25,26,95"/><U67/><E27/><N who="3" m="10250" /><G120/><T36/><D3/><U109/><E109/><V101/><F5/><W107/><G107/><T11/><D112/><U98/><E67/><V7/><F7/><W69/><G69/><T94/><D106/><U55/><E41/><V60/><F115/><W68/><G68/><T19/><D128/><U31/><E31/><V61/><F124/><W44/><G117/><T49/><D36/><U116/><E116/><V96/><F61/><W1/><G1/><T123/><D125/><U10/><E0/><V110/><F110/><W8/><G108/><T105/><D105/><U56/><E56/><V121/><F121/><W28/><G28/><T64/><D64/><U16/><E16/><V34/><F34/><W62/><G62/><T52/><D43/><U63/><E79/><N who="2" m="30219" /><F72/><W91/><G44/><N who="0" m="27687" /><D123/><U51/><REACH who="1" step="1"/><E74/><REACH who="1" ten="234,334,196,226" step="2"/><V30/><F30/><W29/><G29/><T32/><D118/><U33/><E33/><V39/><F58/><W65/><G65/><T50/><D32/><U20/><E20/><V66/><F66/><W126/><G126/><T83/><D22/><U131/><E131/><V24/><F24/><W104/><G104/><T114/><D21/><U15/><E15/><V80/><F39/><W12/><G12/><T134/><D14/><U37/><E37/><V127/><F127/><W38/><G38/><T70/><D70/><U88/><AGARI ba="1,1" hai="2,4,10,40,45,51,55,57,63,84,85,88,93,98" machi="88" ten="20,18000,2" yaku="1,1,0,1,7,1,52,1,54,1,53,1" doraHai="47" doraHaiUra="35" who="1" fromWho="1" sc="234,-61,334,193,196,-61,226,-61" />
</Scene>
<Scene>
<INIT seed="1,2,0,4,2,38" ten="173,527,135,165" oya="1" hai0="30,78,1,9,73,62,101,99,82,107,47,39,130" hai1="84,31,4,128,45,98,50,5,94,66,20,15,55" hai2="19,77,65,14,10,34,129,102,91,16,67,61,100" hai3="69,33,118,75,119,23,43,35,41,48,64,74,18"/><U131/><E66/><V51/><F34/><N who="3" m="12811" /><G48/><T7/><D30/><U76/><E76/><V46/><F129/><N who="1" m="49737" /><E84/><V36/><F36/><W0/><G0/><T81/><D81/><U87/><E87/><V122/><F122/><W27/><G64/><N who="2" m="24649" /><F61/><W53/><G53/><T21/><D21/><U121/><E121/><V63/><F63/><W40/><G69/><T86/><D62/><U117/><E117/><AGARI ba="2,0" hai="18,23,27,40,41,43,74,75,117,118,119" m="12811" machi="117" ten="40,8000,1" yaku="12,1,52,3" doraHai="38" who="3" fromWho="1" sc="173,0,527,-86,135,0,165,86" />
</Scene>
<Scene>
<INIT seed="2,0,0,1,1,47" ten="173,441,135,251" oya="2" hai0="61,99,94,90,69,1,60,131,103,8,25,73,20" hai1="135,80,100,51,65,29,120,67,21,115,77,59,14" hai2="110,78,7,55,125,10,123,117,58,79,57,36,127" hai3="107,23,9,85,109,43,0,124,52,63,70,56,41"/><V28/><F28/><W49/><G107/><T44/><D73/><U82/><E115/><V126/><F36/><W91/><G124/><T129/><D103/><U64/><E135/><V18/><F123/><W71/><G109/><T81/><D81/><U53/><E120/><V26/><F117/><W104/><G104/><T62/><D69/><U42/><E100/><V3/><F110/><W95/><G23/><T130/><D44/><N who="1" m="26007" /><E77/><V35/><F35/><W106/><G106/><T76/><D76/><U134/><E134/><V132/><F132/><W86/><G86/><T22/><REACH who="0" step="1"/><D25/><REACH who="0" ten="163,441,135,251" step="2"/><N who="1" m="16559" /><E14/><V34/><F79/><W92/><G71/><T75/><D75/><U83/><E80/><V89/><F78/><W112/><G112/><T87/><D87/><U101/><E101/><V16/><F89/><W40/><G70/><T72/><D72/><U45/><E45/><V121/><F121/><W97/><G0/><T19/><D19/><U88/><E88/><V5/><F5/><AGARI ba="0,1" hai="1,5,8,20,22,60,61,62,90,94,99,129,130,131" machi="5" ten="50,8000,1" yaku="1,1,19,1,53,2" doraHai="47" doraHaiUra="17" who="0" fromWho="2" sc="163,90,441,0,135,-80,251,0" />
</Scene>
<Scene>
<INIT seed="3,0,0,4,0,26" ten="253,441,55,251" oya="3" hai0="107,134,50,8,52,87,95,27,104,2,57,24,61" hai1="84,97,73,45,32,37,19,42,125,46,22,69,43" hai2="15,1,10,92,60,44,9,98,38,130,25,16,81" hai3="0,124,109,108,89,49,93,132,55,102,58,3,64"/><W47/><G124/><T85/><D134/><U51/><E125/><V131/><F81/><W35/><G102/><T94/><D104/><U82/><E69/><V59/><F25/><W83/><G83/><T18/><D107/><U40/><E32/><V71/><F71/><W33/><G132/><T99/><D27/><U76/><E97/><V88/><F38/><W28/><G64/><T110/><D110/><N who="3" m="42601" /><G47/><T67/><D2/><N who="3" m="553" /><G28/><T5/><D95/><U114/><E114/><V103/><F44/><W106/><G106/><T105/><D105/><U115/><E115/><V17/><F103/><W112/><G112/><T48/><D48/><U36/><E36/><V113/><F113/><W72/><G72/><T135/><D94/><U129/><E73/><V122/><F122/><W127/><G127/><T118/><D99/><AGARI ba="0,0" hai="33,35,49,55,58,89,93,99" m="553,42601" machi="99" ten="30,2900,0" yaku="14,1,10,1" doraHai="26" who="3" fromWho="0" sc="253,-29,441,0,55,0,251,29" />
</Scene>
<Scene>
<INIT seed="3,1,0,2,0,106" ten="224,441,55,280" oya="3" hai0="52,31,64,78,124,46,123,79,86,5,93,38,20" hai1="80,75,61,117,22,33,29,34,49,9,96,112,28" hai2="97,126,85,6,111,59,1,116,43,0,41,51,26" hai3="127,133,104,24,92,118,37,18,69,132,131,88,87"/><W128/><G37/><T91/><D123/><U71/><E112/><V16/><F116/><W60/><G118/><T109/><D109/><U40/><E117/><V134/><F134/><N who="3" m="51819" /><G104/><T81/><D64/><U30/><E22/><V32/><F111/><W36/><G36/><T3/><D38/><U48/><E9/><V105/><F126/><W19/><G24/><T77/><D3/><U8/><E8/><V100/><F85/><W11/><G11/><T121/><D5/><U103/><E48/><V83/><F83/><W4/><G4/><T56/><D46/><U119/><E119/><V70/><F70/><W102/><G102/><T54/><D121/><U76/><E49/><V15/><F6/><W94/><G94/><T130/><D130/><N who="3" m="49705" /><G127/><T27/><D124/><U25/><E34/><V13/><F43/><W122/><G122/><T62/><REACH who="0" step="1"/><D54/><REACH who="0" ten="214,441,55,280" step="2"/><U95/><E40/><V82/><F1/><W7/><G7/><T135/><D135/><U101/><E101/><V63/><F0/><W110/><G110/><T21/><D21/><U57/><E33/><V45/><F32/><W113/><G113/><T99/><AGARI ba="1,1" hai="20,27,31,52,56,62,77,78,79,81,86,91,93,99" machi="99" ten="20,8000,1" yaku="1,1,0,1,7,1,8,1,54,1,53,0" doraHai="106" doraHaiUra="14" who="0" fromWho="0" sc="214,93,441,-21,55,-21,280,-41" />
</Scene>
<Scene>
<INIT seed="4,0,0,5,5,103" ten="307,420,34,239" oya="0" hai0="26,9,36,117,71,86,126,21,35,2,47,106,70" hai1="16,11,107,72,114,48,111,13,78,119,97,49,130" hai2="135,12,75,33,61,116,54,31,87,22,18,62,110" hai3="127,40,51,8,109,39,17,58,91,66,6,64,14"/><T25/><D117/><U59/><E119/><V100/><F116/><W88/><G109/><T115/><D115/><U83/><E111/><V32/><F110/><W101/><G127/><T125/><D86/><U44/><E130/><V74/><F135/><W102/><G39/><T28/><D106/><U121/><E121/><V105/><F87/><W23/><G102/><T34/><D47/><U132/><E132/><V24/><F33/><W20/><G101/><T95/><D95/><U73/><E114/><V129/><F129/><W45/><G20/><T113/><D36/><U56/><E107/><V134/><F134/><W57/><G57/><T69/><D113/><U65/><E97/><V37/><F37/><W84/><G58/><T50/><D50/><U131/><E131/><V108/><F108/><W99/><G99/><T5/><D21/><U46/><E72/><V93/><F93/><W85/><G85/><T92/><D92/><U81/><E81/><V43/><F43/><W27/><REACH who="3" step="1"/><G91/><REACH who="3" ten="307,420,34,229" step="2"/><T52/><REACH who="0" step="1"/><D52/><REACH who="0" ten="297,420,34,229" step="2"/><U94/><E46/><V96/><REACH who="2" step="1"/><F54/><REACH who="2" ten="297,420,24,229" step="2"/><W63/><G63/><AGARI ba="0,3" hai="12,18,22,24,31,32,61,62,63,74,75,96,100,105" machi="63" ten="40,5200,0" yaku="1,1,2,1,52,1,53,0" doraHai="103" doraHaiUra="123" who="2" fromWho="3" sc="297,0,420,0,24,82,229,-52" />
</Scene>
<Scene>
<INIT seed="5,0,0,1,2,19" ten="297,420,106,177" oya="1" hai0="89,70,11,22,112,9,53,21,120,56,3,124,75" hai1="52,29,82,76,25,54,59,34,125,133,58,17,71" hai2="35,13,39,90,10,126,97,94,45,121,0,99,134" hai3="103,109,2,49,127,84,15,81,14,113,20,43,78"/><U65/><E133/><V66/><F121/><W68/><G2/><T5/><D75/><U128/><E128/><V131/><F131/><W115/><G68/><T87/><D70/><U8/><E125/><V33/><F126/><W132/><G109/><T110/><D110/><U36/><E36/><V1/><F134/><W46/><G132/><T27/><D124/><U64/><E71/><V37/><F66/><W111/><G111/><T38/><D38/><U7/><E17/><V102/><F35/><W122/><G122/><T116/><D116/><U28/><E28/><V23/><F33/><W62/><G62/><T114/><D27/><U16/><E16/><V48/><F23/><N who="0" m="8714" /><D3/><U79/><E58/><V26/><F26/><W40/><G103/><T41/><D41/><U63/><E65/><V60/><F60/><W119/><G119/><T44/><D120/><U42/><E42/><V80/><F80/><W130/><G43/><T95/><D5/><U93/><E93/><V104/><F0/><W92/><G92/><T6/><D6/><U107/><E107/><V32/><F1/><W117/><G117/><T55/><D44/><U57/><E7/><V61/><F39/><W18/><G130/><T31/><D31/><U100/><E29/><V108/><F37/><W135/><G135/><T69/><D69/><U118/><E25/><V4/><F108/><W77/><G127/><T67/><D67/><U101/><E64/><V85/><F32/><W98/><G40/><T96/><D96/><U51/><E118/><V50/><F99/><W129/><G98/><T30/><D95/><RYUUKYOKU ba="0,0" sc="297,0,420,0,106,0,177,0" />
</Scene>
<Scene>
<INIT seed="6,1,0,4,4,129" ten="297,420,106,177" oya="2" hai0="70,22,102,41,53,68,50,34,134,29,21,69,2" hai1="37,57,46,66,36,131,107,8,11,110,60,113,10" hai2="49,91,99,80,104,93,114,122,76,24,14,65,5" hai3="127,115,13,106,109,35,43,123,73,124,23,17,78"/><V105/><F122/><W54/><G123/><T58/><D2/><U101/><E110/><V108/><F108/><W39/><G109/><T15/><D102/><U86/><E131/><V95/><F65/><W45/><G106/><T98/><D98/><U52/><E113/><V55/><F114/><W4/><G35/><T117/><D117/><U25/><E25/><V64/><F64/><W20/><G115/><T19/><D41/><U118/><E118/><V87/><F24/><W111/><G111/><T135/><REACH who="0" step="1"/><D22/><REACH who="0" ten="287,420,106,177" step="2"/><U44/><E101/><V130/><F130/><W125/><G23/><T126/><D126/><U27/><E107/><V7/><F105/><W3/><G125/><T119/><D119/><U128/><E128/><V63/><F104/><W38/><G127/><T121/><D121/><U100/><E100/><N who="2" m="60527" /><F14/><W47/><G124/><T97/><D97/><U71/><E27/><AGARI ba="1,1" hai="15,19,21,27,29,34,50,53,58,68,69,70,134,135" machi="27" ten="50,6400,0" yaku="1,1,52,2,53,0" doraHai="129" doraHaiUra="94" who="0" fromWho="1" sc="287,77,420,-67,106,0,177,0" />
</Scene>
<Scene>
<INIT seed="7,0,0,4,3,135" ten="364,353,106,177" oya="3" hai0="30,84,125,134,88,71,94,26,45,77,68,9,55" hai1="16,100,123,47,79,49,44,98,43,93,53,110,120" hai2="132,33,121,56,35,54,63,86,25,5,39,46,36" hai3="82,38,29,62,8,14,112,130,87,107,114,72,27"/><W3/><G3/><T116/><D125/><U13/><E110/><V124/><F5/><W23/><G107/><T73/><D116/><U2/><E79/><V95/><F25/><W113/><G38/><N who="2" m="14377" /><F33/><W99/><G72/><T64/><D64/><U1/><E1/><V109/><F35/><W89/><G62/><T91/><D9/><U6/><E6/><V129/><F86/><W61/><G61/><T102/><D102/><U105/><E2/><V111/><F95/><W37/><G37/><T59/><D45/><U70/><E70/><V108/><F121/><W118/><G118/><T128/><D128/><U7/><E7/><V20/><F20/><W101/><G130/><T106/><D106/><U40/><E105/><V51/><F129/><W117/><G117/><T17/><D17/><U18/><E18/><V81/><F81/><W92/><G8/><T65/><D65/><U85/><E85/><V115/><F115/><W34/><G14/><T32/><D134/><U57/><E123/><V96/><F96/><W66/><G66/><T127/><D77/><U42/><E120/><V41/><F132/><W60/><G60/><N who="0" m="35967" /><D73/><U119/><E119/><V19/><F19/><W22/><AGARI ba="0,0" hai="22,23,27,29,34,82,87,89,92,99,101,112,113,114" machi="22" ten="40,3900,0" yaku="0,1,15,1" doraHai="135" who="3" fromWho="3" sc="364,-13,353,-13,106,-13,177,39" />
</Scene>
<Scene>
<INIT seed="7,1,0,4,4,92" ten="351,340,93,216" oya="3" hai0="134,20,74,40,115,56,21,96,78,100,86,10,73" hai1="1,19,18,69,101,98,53,33,42,119,41,80,77" hai2="93,88,36,79,16,63,129,11,61,32,26,35,109" hai3="55,31,62,12,110,106,94,70,107,124,46,118,122"/><W28/><G122/><T75/><D40/><N who="1" m="15467" /><E69/><V114/><F114/><W131/><G118/><T67/><D10/><U38/><E33/><V102/><F129/><W104/><G131/><T126/><D115/><U27/><E1/><V72/><F109/><W34/><G110/><T13/><D13/><U121/><E38/><V14/><F36/><W111/><G111/><T85/><D134/><U87/><E121/><V95/><F72/><W50/><G124/><T24/><D78/><U135/><E135/><V68/><F79/><W125/><G125/><T9/><D9/><U43/><E43/><V39/><F39/><W51/><G34/><T22/><D24/><U48/><E119/><V89/><F102/><W112/><G112/><T127/><D127/><U29/><E29/><V81/><F81/><W64/><G51/><T58/><D67/><U37/><E37/><V103/><F103/><W133/><G133/><T128/><D128/><U99/><E101/><V120/><F120/><W116/><G116/><T0/><D0/><U6/><E6/><V4/><F35/><W5/><REACH who="3" step="1"/><G94/><REACH who="3" ten="351,340,93,206" step="2"/><T30/><D126/><U7/><E7/><V49/><F49/><W65/><G65/><T82/><D82/><U97/><E27/><V108/><F108/><W123/><G123/><T45/><D30/><U113/><E113/><V59/><F95/><W84/><G84/><T44/><D85/><U15/><E15/><V130/><F93/><W23/><G23/><T52/><D86/><U8/><E8/><AGARI ba="1,1" hai="5,8,12,28,31,46,50,55,62,64,70,104,106,107" machi="8" ten="40,2000,0" yaku="1,1,53,0" doraHai="92" doraHaiUra="90" who="3" fromWho="1" sc="351,0,340,-23,93,0,206,33" />
</Scene>
<Scene>
<INIT seed="7,2,0,1,1,33" ten="351,317,93,239" oya="3" hai0="62,76,105,0,28,21,36,122,41,9,48,133,14" hai1="54,123,103,127,73,60,38,78,26,92,1,47,134" hai2="59,7,23,90,71,130,17,5,46,85,126,53,43" hai3="95,27,39,35,45,63,52,25,42,19,66,68,129"/><W87/><G129/><T67/><D0/><U107/><E123/><V115/><F130/><W98/><G35/><T24/><D105/><U4/><E134/><V32/><F115/><W57/><G87/><T40/><D36/><U83/><E127/><V124/><F71/><W106/><G106/><T131/><D122/><U120/><E120/><V111/><F111/><W51/><G19/><T109/><D109/><U65/><E26/><V8/><F32/><W94/><G94/><T56/><D133/><U22/><E22/><V61/><F126/><W116/><G116/><T13/><D13/><U125/><E125/><V58/><F124/><W80/><G80/><T97/><D97/><N who="1" m="61935" /><E54/><V50/><F8/><W75/><G75/><T10/><D10/><N who="1" m="2319" /><E92/><V118/><F118/><W64/><G64/><T18/><D131/><U20/><E20/><V119/><F119/><W99/><G99/><T30/><D76/><U114/><E114/><V72/><F72/><W49/><G49/><T12/><D12/><U84/><E84/><V113/><F113/><W3/><G3/><T34/><D48/><U117/><E117/><V79/><F79/><W108/><G108/><T91/><D91/><AGARI ba="2,0" hai="25,27,39,42,45,51,52,57,63,66,68,91,95,98" machi="91" ten="30,11600,0" yaku="7,1,24,2,54,1" doraHai="33" who="3" fromWho="0" sc="351,-122,317,0,93,0,239,122" owari="229,-17.0,317,12.0,93,-41.0,361,46.0" />
</Scene>
</mjloggm>