<mjloggm ver="2.3"><GO type="169"/><UN n0="%E3%81%AF%E3%82%86%E3%81%86" n1="%E5%A4%AA%E3%81%8F%E3%81%AA%E3%81%84%E3%81%8A" n2="%E3%82%B9%E3%82%BF%E3%83%BC%E3%83%93%E3%83%83%E3%83%81" n3="%28%2A%EF%BD%80%CF%89%C2%B4%2A%29" dan="17,17,16,16" rate="2096,2164,2119,2103" sx="M,M,M,M"/><TAIKYOKU oya="0"/>

<Scene>
<INIT seed="0,0,0,2,2,86" ten="250,250,250,250" oya="0" hai0="96,75,62,102,41,67,100,92,65,121,94,43,128" hai1="125,2,11,87,133,119,32,72,28,3,9,58,5" hai2="16,124,115,22,44,81,19,107,35,13,66,73,85" hai3="34,110,15,129,57,29,127,70,18,83,46,38,47"/><T135/><D121/><U74/><E119/><V42/><F107/><W49/><G70/><T120/><D120/><U97/><E125/><V79/><F115/><W134/><G127/><T31/><D75/><U89/><E133/><V36/><F124/><W77/><G134/><T76/><D135/><U26/><E97/><V64/><F35/><W104/><G104/><T82/><D128/><U23/><E58/><V21/><REACH who="2" step="1"/><F73/><REACH who="2" ten="250,250,240,250" step="2"/><W88/><G129/><T123/><D123/><U78/><E32/><V117/><F117/><W33/><G34/><T24/><D100/><U132/><E132/><V50/><F50/><W98/><G33/><T101/><D101/><U118/><E118/><V52/><F52/><W93/><G49/><T108/><D108/><U53/><E53/><V1/><F1/><W80/><G38/><T14/><D92/><U131/><E131/><V68/><F68/><W17/><G93/><T56/><D67/><U99/><E72/><V55/><F55/><W112/><G110/><T61/><D61/><U51/><E74/><V60/><F60/><W54/><G112/><T113/><D113/><U126/><E126/><V12/><AGARI ba="0,1" hai="12,13,16,19,21,22,36,42,44,64,66,79,81,85" machi="12" ten="20,8000,1" yaku="1,1,0,1,7,1,9,1,54,1,53,0" doraHai="86" doraHaiUra="7" who="2" fromWho="2" sc="250,-40,250,-20,240,90,250,-20" />
</Scene>
<Scene>
<INIT seed="1,0,0,0,3,133" ten="210,230,330,230" oya="1" hai0="78,37,70,52,132,4,55,102,53,54,127,92,33" hai1="36,64,60,65,26,46,86,61,59,13,103,2,0" hai2="20,47,130,115,38,91,12,39,72,90,3,11,58" hai3="16,40,24,123,128,106,63,10,114,93,68,126,14"/><U27/><E103/><V19/><F130/><W120/><G106/><T56/><D70/><U98/><E98/><V30/><F115/><W105/><G105/><T119/><D37/><U104/><E104/><V6/><F72/><W25/><G114/><T17/><D33/><U50/><E36/><V84/><F47/><W110/><G128/><T131/><D131/><U57/><E13/><V71/><F71/><W69/><G110/><T88/><D132/><U23/><E86/><V100/><F100/><W134/><G40/><T77/><D119/><U80/><E80/><V111/><F111/><W135/><G93/><T28/><D28/><U8/><E8/><V29/><F90/><W21/><G63/><T75/><D4/><U81/><E81/><V101/><F101/><W51/><G51/><T67/><D75/><U96/><E96/><V122/><F122/><N who="3" m="46635" /><G68/><T18/><D102/><U116/><E116/><V62/><F39/><W85/><G85/><N who="0" m="52239" /><D127/><U48/><E23/><V44/><F44/><AGARI ba="0,0" hai="0,2,26,27,44,46,48,50,57,59,60,61,64,65" machi="44" ten="25,2400,0" yaku="22,2" doraHai="133" who="1" fromWho="2" sc="210,0,230,24,330,-24,230,0" />
</Scene>
<Scene>
<INIT seed="1,1,0,5,3,52" ten="210,254,306,230" oya="1" hai0="65,120,48,26,125,121,61,10,84,38,57,75,117" hai1="101,62,53,54,72,66,114,49,22,8,30,118,41" hai2="74,59,46,77,28,126,83,39,58,109,33,16,122" hai3="93,35,116,115,7,23,103,119,5,31,89,99,14"/><U4/><E118/><V11/><F122/><W56/><G115/><T17/><D117/><N who="3" m="45129" /><G35/><T107/><D75/><U82/><E114/><V85/><F109/><W40/><G40/><T132/><D38/><U29/><E101/><V134/><F134/><W21/><G21/><T124/><D107/><U2/><E41/><V131/><F131/><W111/><G111/><T90/><D132/><U79/><E22/><V97/><F28/><W92/><G56/><N who="2" m="21545" /><F39/><W55/><G55/><T50/><D26/><U133/><E133/><V86/><F33/><W1/><G1/><T37/><D37/><U98/><E98/><V128/><F74/><W70/><G70/><T51/><D17/><U47/><REACH who="1" step="1"/><E53/><REACH who="1" ten="210,244,306,230" step="2"/><V13/><F128/><W63/><G63/><T94/><REACH who="0" step="1"/><D10/><REACH who="0" ten="200,244,306,230" step="2"/><U127/><E127/><AGARI ba="1,2" hai="48,50,51,57,61,65,84,90,94,120,121,124,125,127" machi="127" ten="40,8000,1" yaku="1,1,2,1,18,1,52,1,53,0" doraHai="52" doraHaiUra="18" who="0" fromWho="1" sc="200,103,244,-83,306,0,230,0" />
</Scene>
<Scene>
<INIT seed="2,0,0,4,0,42" ten="303,161,306,230" oya="2" hai0="114,132,87,94,38,85,58,49,29,34,6,108,17" hai1="24,83,52,51,9,127,16,57,82,44,11,95,103" hai2="3,25,128,96,80,40,37,26,99,102,126,64,54" hai3="119,122,18,110,56,31,48,12,133,134,109,107,2"/><V73/><F128/><W93/><G107/><T113/><D38/><U71/><E71/><V20/><F126/><W69/><G69/><T60/><D132/><N who="3" m="50793" /><G93/><T81/><D108/><N who="3" m="41577" /><G56/><T59/><D6/><U78/><E127/><V10/><F96/><W35/><G48/><T115/><D94/><U50/><E103/><V62/><F54/><W124/><G2/><T55/><D17/><U65/><E95/><V19/><F3/><W90/><G90/><T86/><D29/><U41/><E65/><V130/><F62/><W91/><G91/><T15/><D15/><U1/><E1/><V72/><F64/><W30/><G124/><T75/><D34/><U63/><E63/><V101/><F101/><W0/><G0/><T120/><D120/><U104/><E104/><V66/><F66/><W76/><G76/><T117/><D117/><U77/><E77/><V112/><F80/><N who="1" m="30761" /><E78/><V98/><F73/><W46/><G46/><T7/><D75/><U27/><E27/><V131/><F26/><N who="3" m="18903" /><G31/><T116/><D116/><U22/><AGARI ba="0,0" hai="9,11,16,22,24,41,44,50,51,52,57" m="30761" machi="22" ten="30,7900,0" yaku="8,1,52,1,54,2" doraHai="42" who="1" fromWho="1" sc="303,-20,161,79,306,-39,230,-20" />
</Scene>
<Scene>
<INIT seed="3,0,0,3,4,112" ten="283,240,267,210" oya="3" hai0="103,92,43,87,101,30,50,93,39,115,20,54,84" hai1="0,111,1,45,118,23,37,61,94,76,68,124,81" hai2="74,129,91,59,86,29,21,133,44,109,96,110,71" hai3="105,82,55,10,52,11,15,65,107,83,117,32,46"/><W88/><G32/><T99/><D115/><U19/><E111/><N who="2" m="42507" /><F71/><W113/><G113/><T85/><D43/><U116/><E124/><V95/><F74/><W5/><G65/><T60/><D39/><U42/><E94/><V64/><F133/><W69/><G69/><T27/><D60/><U120/><E120/><V77/><F129/><W67/><G67/><T26/><D26/><N who="1" m="14719" /><E61/><N who="2" m="37951" /><F44/><W12/><G117/><N who="1" m="45162" /><E68/><V33/><F95/><W126/><G126/><T134/><D134/><U17/><E17/><V78/><F96/><W34/><G34/><T9/><D9/><U119/><N who="1" m="45170" /><U114/><DORA hai="51" /><E114/><V8/><F33/><W2/><G2/><T16/><D30/><U53/><E53/><N who="3" m="20554" /><G107/><T72/><D72/><AGARI ba="0,0" hai="0,1,37,42,45,72,76,81" m="45170,14719" machi="72" ten="40,8000,1" yaku="12,1,52,4" doraHai="112,51" who="1" fromWho="0" sc="283,-80,240,80,267,0,210,0" />
</Scene>
<Scene>
<INIT seed="4,0,0,5,2,75" ten="203,320,267,210" oya="0" hai0="29,52,112,1,117,14,99,47,12,133,119,58,55" hai1="120,98,127,123,64,54,46,13,48,36,34,0,43" hai2="92,81,27,87,129,96,76,2,19,80,72,61,62" hai3="69,90,51,26,59,44,53,113,30,79,89,65,102"/><T109/><D1/><U86/><E0/><V7/><F129/><W5/><G113/><T118/><D112/><U101/><E34/><V9/><F27/><W50/><G102/><T121/><D121/><U128/><E128/><V45/><F19/><W85/><G5/><T93/><D133/><U42/><E127/><V73/><F73/><W104/><G104/><T20/><D109/><U131/><E131/><V88/><REACH who="2" step="1"/><F45/><REACH who="2" ten="203,320,257,210" step="2"/><W35/><G69/><T100/><D47/><U32/><E46/><V16/><F16/><W37/><G37/><T105/><D105/><U57/><E36/><V78/><AGARI ba="0,1" hai="2,7,9,61,62,72,76,78,80,81,87,88,92,96" machi="78" ten="20,12000,2" yaku="1,1,0,1,7,1,52,2,54,1,53,0" doraHai="75" doraHaiUra="111" who="2" fromWho="2" sc="203,-60,320,-30,257,130,210,-30" />
</Scene>
<Scene>
<INIT seed="5,0,0,3,5,16" ten="143,290,387,180" oya="1" hai0="122,54,14,72,121,126,9,3,94,124,66,27,11" hai1="116,48,68,64,115,81,108,128,34,103,4,105,19" hai2="117,111,23,88,37,125,58,99,50,114,30,45,93" hai3="56,60,70,89,98,120,76,90,8,28,133,104,129"/><U134/><E48/><V101/><F117/><W41/><G70/><T74/><D66/><U69/><E81/><V83/><F111/><W32/><G120/><N who="0" m="46187" /><D94/><U42/><E42/><V112/><F37/><W132/><G76/><T25/><D54/><U43/><E4/><V61/><F125/><N who="0" m="48234" /><D3/><U96/><E64/><N who="2" m="38967" /><F83/><W57/><G41/><T49/><D49/><U109/><E43/><N who="2" m="24895" /><F88/><W91/><G129/><T73/><D14/><U22/><E69/><V38/><F38/><W29/><G104/><T17/><D17/><U85/><E19/><V18/><F18/><W33/><G98/><T24/><AGARI ba="0,0" hai="9,11,24,25,27,72,73,74" m="48234,46187" machi="24" ten="50,8000,1" yaku="28,2,13,1,18,1" doraHai="16" who="0" fromWho="0" sc="143,80,290,-40,387,-20,180,-20" />
</Scene>
<Scene>
<INIT seed="6,0,0,1,4,86" ten="223,250,367,160" oya="2" hai0="66,43,69,51,58,16,46,65,121,27,19,36,83" hai1="106,30,12,44,45,82,119,18,55,5,42,11,103" hai2="79,33,73,20,29,124,133,96,40,72,102,21,0" hai3="32,100,41,129,99,64,97,70,34,109,128,98,104"/><V127/><F0/><W3/><G109/><T38/><D121/><U111/><E111/><V78/><F40/><W1/><G41/><T50/><D38/><U13/><E119/><V56/><F56/><W31/><G99/><T57/><D57/><U76/><E30/><V60/><F60/><N who="3" m="40199" /><G98/><T110/><D110/><U28/><E28/><V8/><F29/><W95/><G95/><T91/><D36/><U94/><E106/><V59/><F59/><W71/><G34/><T67/><D69/><U88/><E103/><V37/><F37/><W22/><G22/><N who="0" m="13767" /><D19/><U53/><E82/><V77/><F33/><W10/><G10/><T14/><D14/><U15/><E76/><V23/><F8/><W26/><G71/><T105/><D105/><U122/><E122/><V17/><F17/><W130/><AGARI ba="0,0" hai="1,3,26,31,32,97,100,104,128,129,130" m="40199" machi="130" ten="30,4000,0" yaku="25,1,19,1,23,1" doraHai="86" who="3" fromWho="3" sc="223,-10,250,-10,367,-20,160,40" />
</Scene>
<Scene>
<INIT seed="7,0,0,3,5,113" ten="213,240,347,200" oya="3" hai0="7,31,94,21,135,58,11,115,35,121,16,15,6" hai1="50,39,86,108,59,17,104,65,4,44,51,128,9" hai2="103,57,13,102,106,40,89,22,38,70,12,82,5" hai3="130,129,95,19,62,23,61,124,63,33,132,112,26"/><W105/><G105/><T81/><D121/><U123/><E108/><V127/><F70/><W131/><G112/><T54/><D115/><U0/><E123/><V87/><F40/><W45/><G33/><T60/><D135/><U74/><E104/><V34/><F38/><W55/><G132/><T110/><D110/><U25/><E128/><V30/><F34/><W96/><G124/><T100/><D81/><U80/><E65/><V69/><F69/><W133/><G133/><T84/><D35/><U36/><E59/><V83/><F83/><W66/><G45/><T93/><D31/><U85/><E85/><V79/><F79/><W67/><REACH who="3" step="1"/><G55/><REACH who="3" ten="213,240,347,190" step="2"/><T134/><D134/><U101/><E44/><V75/><F106/><W92/><G92/><T27/><D94/><U111/><E111/><V53/><F127/><W118/><G118/><T3/><D3/><U73/><E0/><V37/><F53/><W72/><G72/><T117/><D117/><U109/><E74/><V90/><F75/><W98/><G98/><N who="0" m="59471" /><D84/><U52/><E86/><V125/><F87/><W42/><G42/><T107/><D107/><U18/><E73/><V91/><F125/><W10/><G10/><T48/><D60/><U68/><E109/><V14/><F82/><W71/><G71/><T114/><D114/><U78/><E80/><V122/><F122/><W76/><G76/><T46/><D46/><U1/><E78/><V88/><F37/><W28/><G28/><T120/><D120/><U119/><E39/><V49/><F30/><W24/><G24/><T8/><D8/><N who="1" m="2063" /><E119/><V29/><F29/><RYUUKYOKU ba="0,1" sc="213,15,240,-15,347,-15,190,15" hai0="6,7,11,15,16,21,27,48,54,58" hai3="19,23,26,61,62,63,66,67,95,96,129,130,131" />
</Scene>
<Scene>
<INIT seed="7,1,1,5,5,61" ten="228,225,332,205" oya="3" hai0="89,29,135,108,111,53,63,43,122,128,7,90,8" hai1="78,11,41,76,37,130,12,27,58,71,65,116,121" hai2="50,125,115,83,48,30,129,0,23,84,55,74,26" hai3="93,105,10,51,106,127,110,15,46,36,49,21,102"/><W80/><G36/><T13/><D122/><U9/><E121/><V75/><F0/><W112/><G112/><T126/><D135/><U57/><E130/><V32/><F125/><W82/><G127/><T92/><D126/><U113/><E113/><V28/><F129/><W1/><G106/><T34/><D128/><U120/><E120/><V94/><F94/><W101/><G105/><T40/><D34/><U85/><E116/><V103/><F103/><N who="3" m="39435" /><G110/><T98/><D29/><U62/><E27/><V95/><F30/><W5/><G1/><T66/><D53/><U14/><E37/><V86/><F74/><W25/><G93/><N who="0" m="56631" /><D111/><U22/><E41/><V118/><F75/><W42/><G51/><T33/><D33/><U20/><E71/><V72/><F48/><W3/><G3/><T44/><D44/><U6/><E58/><V24/><F72/><W96/><G96/><N who="0" m="57359" /><D108/><U68/><E68/><V91/><F32/><W19/><AGARI ba="1,1" hai="5,10,15,19,21,25,42,46,49,80,82" m="39435" machi="19" ten="30,1500,0" yaku="8,1" doraHai="61" who="3" fromWho="3" sc="228,-6,225,-6,332,-6,205,28" />
</Scene>
<Scene>
<INIT seed="7,2,0,0,2,123" ten="222,219,326,233" oya="3" hai0="36,56,9,116,26,30,133,16,125,18,40,77,76" hai1="58,114,8,89,93,113,20,91,79,48,33,101,27" hai2="78,1,69,70,11,100,127,88,115,60,4,109,67" hai3="107,62,57,45,31,49,0,106,38,65,24,50,73"/><W28/><G73/><T64/><D116/><U135/><E33/><V32/><F109/><W13/><G0/><T112/><D125/><U95/><E135/><V52/><F32/><W122/><G122/><T85/><D133/><U10/><E79/><V51/><F78/><W5/><G38/><T21/><D112/><N who="1" m="43115" /><E101/><V43/><F43/><W87/><G50/><T98/><D40/><U94/><E58/><V117/><F127/><W120/><G120/><T2/><D36/><U132/><E48/><V61/><F100/><W12/><G31/><T74/><D74/><U25/><E132/><V7/><F7/><W71/><G71/><T105/><D105/><U90/><E25/><V68/><F117/><W99/><G87/><T23/><D2/><U128/><E128/><V34/><F34/><W124/><G124/><T83/><D9/><U118/><E118/><V110/><F110/><W44/><G44/><T72/><D72/><U130/><E130/><V66/><F115/><W134/><G134/><T29/><D98/><U42/><E42/><V15/><F88/><N who="1" m="22529" /><U17/><AGARI ba="2,0" hai="8,10,17,20,27,93,94,95" m="22529,43115" machi="17" ten="40,5200,0" yaku="4,1,15,1,54,1" doraHai="123" who="1" fromWho="1" sc="222,-15,219,58,326,-15,233,-28" owari="207,-19.0,277,8.0,311,40.0,205,-29.0" />
</Scene>
</mjloggm>