<mjloggm ver="2.3"><GO type="169"/><UN n0="%E3%81%A8%E3%83%BC%E3%82%84%E3%82%93" n1="%E3%81%A1%E3%81%8F%E3%81%8D" n2="%E3%82%82%E3%81%8D%E3%82%85%E3%82%92%E5%BC%84%E3%82%8B%E8%80%85" n3="%E5%A4%AA%E3%81%8F%E3%81%AA%E3%81%84%E3%81%8A" dan="16,18,16,16" rate="2158,2168,2027,2096" sx="M,M,M,M"/><TAIKYOKU oya="0"/>

<Scene>
<INIT seed="0,0,0,1,4,2" ten="250,250,250,250" oya="0" hai0="64,30,95,54,66,81,16,122,39,36,76,125,67" hai1="51,71,14,73,26,123,93,77,103,17,92,99,83" hai2="113,130,52,85,55,117,109,10,69,42,96,29,56" hai3="6,87,114,20,80,44,119,48,28,88,35,90,22"/><T49/><D122/><U57/><E71/><V131/><F69/><W45/><G119/><T65/><D30/><U128/><E123/><V21/><F113/><W135/><G114/><T8/><D95/><U82/><E128/><N who="2" m="49195" /><F117/><W78/><G135/><T112/><D112/><U74/><E26/><V60/><F109/><W86/><G35/><T68/><D125/><U97/><E57/><V38/><F96/><W5/><G78/><T133/><D133/><U70/><E70/><V37/><F55/><N who="3" m="30087" /><G45/><T121/><D121/><U129/><E129/><V124/><F124/><W62/><G62/><T19/><D68/><U111/><E111/><V31/><F31/><W33/><G33/><T100/><D100/><U134/><E134/><V32/><F32/><W107/><G107/><T47/><N who="0" m="16384" /><DORA hai="94" /><T46/><D36/><U89/><E51/><V72/><F72/><W110/><G110/><T41/><REACH who="0" step="1"/><D8/><REACH who="0" ten="240,250,250,250" step="2"/><U79/><E93/><V40/><F37/><W61/><G28/><T118/><D118/><U18/><E103/><V120/><F38/><W50/><G80/><T63/><D63/><U7/><E99/><V132/><F132/><W34/><G61/><T4/><D4/><U102/><E102/><V24/><F120/><W105/><G6/><T53/><D53/><U25/><E7/><V1/><F85/><AGARI ba="0,1" hai="16,19,39,41,46,47,49,54,76,81,85" m="16384" machi="85" ten="50,4800,0" yaku="1,1,54,1,53,0" doraHai="2,94" doraHaiUra="106,58" who="0" fromWho="2" sc="240,58,250,0,250,-48,250,0" />
</Scene>
<Scene>
<INIT seed="0,1,0,2,3,108" ten="298,250,202,250" oya="0" hai0="41,102,78,36,97,50,104,72,103,68,127,126,118" hai1="66,129,6,62,89,26,73,9,111,39,67,84,13" hai2="96,25,101,92,2,8,16,79,86,15,133,52,53" hai3="80,23,121,100,27,122,64,69,116,77,32,99,18"/><T63/><D118/><U113/><E73/><V17/><F2/><W20/><G116/><T60/><D36/><U45/><E111/><V30/><F17/><W42/><G42/><T90/><D68/><U109/><E109/><V135/><F79/><W40/><G40/><T0/><D0/><U82/><E129/><V24/><F24/><W91/><G91/><T119/><D119/><U49/><E39/><V110/><F110/><W5/><G5/><T85/><D103/><U58/><E113/><V33/><REACH who="2" step="1"/><F86/><REACH who="2" ten="298,250,192,250" step="2"/><W75/><G18/><T88/><D78/><U31/><E26/><V54/><AGARI ba="1,1" hai="8,15,16,25,30,33,52,53,54,92,96,101,133,135" machi="54" ten="30,12000,2" yaku="1,1,2,1,0,1,54,2,53,1" doraHai="108" doraHaiUra="28" who="2" fromWho="2" sc="298,-61,250,-31,192,133,250,-31" />
</Scene>
<Scene>
<INIT seed="1,0,0,4,4,65" ten="237,219,325,219" oya="1" hai0="109,105,51,117,15,92,40,134,37,100,28,1,46" hai1="99,81,86,132,44,70,17,24,114,60,5,125,111" hai2="83,112,58,116,127,59,103,104,75,113,29,16,20" hai3="32,12,57,18,53,121,89,96,50,80,35,124,97"/><U39/><E114/><N who="2" m="44139" /><F116/><W33/><G121/><T129/><D1/><U4/><E132/><V62/><F29/><W23/><REACH who="3" step="1"/><G124/><REACH who="3" ten="237,219,325,209" step="2"/><T34/><D134/><U118/><E125/><V68/><F127/><W22/><G22/><T48/><D117/><U54/><E118/><V26/><F104/><W19/><G19/><T115/><D105/><U63/><E17/><V61/><F103/><W110/><G110/><T49/><D109/><U66/><E111/><V64/><F62/><W95/><G95/><T77/><D92/><U82/><E63/><V13/><F26/><W130/><G130/><T126/><D100/><U108/><E108/><V120/><F120/><W6/><G6/><T52/><D129/><U85/><E24/><V101/><F101/><W76/><G76/><AGARI ba="0,1" hai="13,16,20,58,59,61,64,68,75,76,83" m="44139" machi="76" ten="30,3900,0" yaku="11,1,52,1,54,1" doraHai="65" who="2" fromWho="3" sc="237,0,219,0,325,49,209,-39" />
</Scene>
<Scene>
<INIT seed="2,0,0,0,1,99" ten="237,219,374,170" oya="2" hai0="98,58,28,67,90,100,23,128,55,4,35,53,61" hai1="11,92,117,3,1,51,52,106,74,32,132,122,71" hai2="6,46,42,102,112,12,109,17,66,14,30,129,119" hai3="86,50,77,133,70,120,49,93,18,75,62,79,131"/><V40/><F112/><W43/><G120/><T41/><D128/><U110/><RYUUKYOKU type="yao9" ba="0,0" sc="237,0,219,0,374,0,170,0" hai1="1,3,11,32,51,52,71,74,92,106,110,117,122,132" />
</Scene>
<Scene>
<INIT seed="2,1,0,2,3,134" ten="237,219,374,170" oya="2" hai0="127,71,68,20,17,11,95,7,125,50,61,12,126" hai1="122,51,129,40,8,34,91,92,123,87,67,30,48" hai2="56,119,24,73,74,75,105,32,13,3,47,110,1" hai3="118,79,52,69,78,107,46,98,26,55,102,96,22"/><V16/><F119/><W81/><G118/><T39/><D39/><U53/><E129/><V121/><F121/><N who="1" m="46089" /><E67/><V103/><F110/><W83/><G69/><T0/><D61/><U76/><E76/><V117/><F117/><W38/><G98/><T133/><D133/><U100/><E100/><V72/><N who="2" m="18432" /><DORA hai="45" /><V21/><F47/><W63/><G79/><T65/><D65/><U5/><E40/><V80/><F80/><W28/><G78/><T112/><D112/><U33/><E53/><V132/><F132/><W9/><G9/><T93/><D50/><N who="1" m="18987" /><E30/><V115/><F115/><W4/><G38/><T70/><AGARI ba="1,0" hai="0,7,11,12,17,20,68,70,71,93,95,125,126,127" machi="70" ten="40,8000,1" yaku="0,1,18,1,52,3" doraHai="134,45" who="0" fromWho="0" sc="237,83,219,-21,374,-41,170,-21" />
</Scene>
<Scene>
<INIT seed="3,0,0,4,2,61" ten="320,198,333,149" oya="3" hai0="25,80,71,41,121,100,105,39,36,86,83,40,77" hai1="12,107,32,101,98,70,14,21,95,82,76,90,58" hai2="2,30,117,69,129,62,78,84,9,37,56,67,48" hai3="59,51,104,111,60,92,17,65,120,108,47,6,22"/><W27/><G104/><T72/><D121/><U85/><E32/><V126/><F37/><W110/><G120/><T91/><D39/><U49/><E70/><V103/><F117/><W135/><G135/><T134/><D134/><U29/><E29/><V15/><F30/><W66/><G6/><T42/><D71/><U33/><E33/><V123/><F103/><W127/><G127/><T81/><D105/><U54/><REACH who="1" step="1"/><E21/><REACH who="1" ten="320,188,333,149" step="2"/><V109/><F123/><W116/><G116/><T28/><D36/><U131/><E131/><V3/><F129/><W57/><G92/><T96/><D28/><U118/><E118/><V16/><F126/><W122/><G122/><T13/><D72/><AGARI ba="0,1" hai="12,14,49,54,58,72,76,82,85,90,95,98,101,107" machi="72" ten="30,7700,0" yaku="1,1,7,1,24,2,53,0" doraHai="61" doraHaiUra="112" who="1" fromWho="0" sc="320,-77,188,87,333,0,149,0" />
</Scene>
<Scene>
<INIT seed="4,0,0,5,4,64" ten="243,275,333,149" oya="0" hai0="57,123,93,5,122,80,106,113,3,68,102,26,54" hai1="95,108,22,104,70,2,71,46,91,27,11,53,21" hai2="38,83,72,29,98,114,121,24,92,31,51,58,87" hai3="78,82,131,110,10,133,69,45,94,130,107,42,81"/><T15/><D106/><U65/><E104/><V30/><F38/><W62/><G107/><T115/><D3/><U120/><E108/><V40/><F72/><W101/><G110/><T111/><D111/><U134/><E120/><V4/><F121/><W34/><G34/><T28/><D80/><U86/><E134/><V79/><F114/><N who="0" m="43530" /><D68/><U129/><E129/><N who="3" m="49162" /><G133/><T66/><D66/><U13/><E2/><V118/><F118/><W132/><G132/><T88/><D102/><U73/><E73/><V39/><F4/><W135/><G135/><T128/><D15/><U33/><E33/><V97/><F39/><N who="3" m="21727" /><G10/><T127/><D5/><U56/><E46/><V20/><F97/><N who="3" m="59575" /><G78/><T61/><D127/><U1/><E1/><V126/><F126/><W112/><G112/><T50/><D128/><U14/><E22/><V0/><F0/><W47/><G47/><T6/><D6/><U75/><E21/><V124/><F124/><W77/><G77/><T90/><D123/><U63/><E11/><V105/><F105/><W84/><G84/><N who="0" m="52359" /><D90/><U85/><E85/><V8/><F40/><W12/><G12/><T17/><D122/><U67/><E75/><V19/><F87/><W16/><G16/><T52/><D17/><U49/><E27/><V76/><F76/><W9/><G9/><T125/><D125/><U41/><E41/><V18/><F8/><W7/><G7/><T35/><D54/><U89/><E89/><V32/><F19/><W48/><G82/><T117/><D117/><U116/><E116/><V36/><F18/><W59/><G81/><T100/><D100/><RYUUKYOKU ba="0,0" sc="243,15,275,15,333,-15,149,-15" hai0="26,28,35,50,52,57,61" hai1="13,14,49,53,56,63,65,67,70,71,86,91,95" />
</Scene>
<Scene>
<INIT seed="4,1,0,2,1,90" ten="258,290,318,134" oya="0" hai0="53,68,49,12,43,118,11,2,107,23,56,125,122" hai1="37,59,116,89,22,129,17,126,34,41,93,73,10" hai2="44,130,5,106,9,27,24,120,57,35,80,39,99" hai3="18,75,3,30,38,133,72,111,6,77,128,46,69"/><T104/><D118/><U123/><E34/><V7/><F120/><W112/><G18/><T85/><D122/><U115/><E123/><V26/><F130/><W31/><G69/><T98/><D68/><U117/><E73/><V58/><F7/><W65/><G65/><T105/><D125/><U47/><E129/><V61/><F35/><W52/><G128/><T76/><D43/><U113/><E10/><V20/><F80/><W131/><G131/><T86/><D2/><U92/><E126/><V100/><F44/><W16/><G111/><T108/><D23/><U103/><E59/><V135/><F39/><W95/><G6/><T45/><D45/><U79/><E79/><V110/><F57/><W14/><G3/><T132/><D108/><U55/><E55/><V124/><F110/><W81/><G75/><T51/><D49/><U71/><E71/><V74/><F74/><W84/><G112/><N who="1" m="43082" /><E103/><V4/><F124/><W36/><G36/><T21/><D21/><U83/><E83/><V97/><F20/><W8/><G133/><T127/><D76/><U64/><E64/><V42/><F135/><W82/><G82/><T15/><D127/><U101/><E101/><V29/><F29/><W66/><G66/><T19/><D132/><U48/><E37/><V54/><F42/><N who="3" m="22871" /><G52/><T40/><D40/><U62/><E62/><V91/><REACH who="2" step="1"/><F9/><REACH who="2" ten="258,290,308,134" step="2"/><W114/><G114/><T0/><D11/><U70/><E70/><V33/><F33/><W60/><G60/><T87/><D56/><U102/><E47/><V121/><F121/><W96/><G72/><T88/><D0/><RYUUKYOKU ba="1,1" sc="258,-15,290,-15,308,15,134,15" hai2="4,5,24,26,27,54,58,61,91,97,99,100,106" hai3="8,14,16,30,31,77,81,84,95,96" />
</Scene>
<Scene>
<INIT seed="5,2,1,5,4,110" ten="243,275,323,149" oya="1" hai0="12,108,34,9,119,42,92,11,50,132,40,82,68" hai1="64,23,90,120,33,86,78,118,83,123,32,113,60" hai2="62,94,114,111,45,49,88,51,2,10,104,6,65" hai3="20,31,97,129,47,95,26,57,66,53,27,58,72"/><U80/><E118/><V126/><F104/><W54/><G72/><T85/><D119/><U103/><E103/><V48/><F111/><W134/><G134/><T74/><D68/><U73/><E113/><V135/><F114/><W112/><G129/><T76/><D108/><U79/><E90/><V109/><F126/><W46/><G66/><T16/><D34/><U56/><REACH who="1" step="1"/><E23/><REACH who="1" ten="243,265,323,149" step="2"/><V71/><F135/><W7/><G112/><T18/><D132/><U69/><E69/><V52/><REACH who="2" step="1"/><F109/><REACH who="2" ten="243,265,313,149" step="2"/><W117/><G117/><T39/><D39/><U43/><E43/><V102/><F102/><W63/><G27/><T17/><D42/><U35/><AGARI ba="2,3" hai="32,33,35,56,60,64,73,78,79,80,83,86,120,123" machi="35" ten="30,3000,0" yaku="1,1,0,1,53,0" doraHai="110" doraHaiUra="122" who="1" fromWho="1" sc="243,-12,265,66,313,-12,149,-12" />
</Scene>
<Scene>
<INIT seed="5,3,0,1,1,76" ten="231,331,301,137" oya="1" hai0="2,50,13,111,36,89,14,9,8,71,110,60,91" hai1="98,1,69,43,124,77,135,119,132,126,65,12,42" hai2="74,24,26,72,54,47,100,66,130,75,59,39,35" hai3="20,37,49,38,25,62,79,117,90,85,57,15,109"/><U33/><E1/><V46/><F130/><W68/><G109/><T19/><D36/><U95/><E33/><V41/><F100/><W106/><G106/><T73/><D2/><U63/><E119/><V94/><F94/><W23/><G117/><T22/><D73/><U114/><E12/><V101/><F101/><W86/><G68/><T27/><D71/><U70/><E77/><V129/><F129/><W113/><G113/><T82/><D60/><N who="1" m="40103" /><E95/><V104/><F104/><W87/><G49/><T105/><D105/><U118/><E118/><V116/><F47/><W99/><G38/><T115/><D115/><U31/><E31/><V0/><F66/><W48/><G37/><T28/><D91/><U21/><E21/><V32/><F0/><W56/><G79/><T78/><D89/><U3/><E98/><V131/><F116/><W88/><G48/><T64/><D64/><N who="1" m="41247" /><E3/><V83/><F131/><W134/><G134/><N who="1" m="51242" /><E114/><V45/><F32/><W127/><G99/><T52/><D14/><U84/><E84/><V122/><F26/><W97/><G97/><T55/><D9/><U81/><E81/><V58/><F83/><W53/><G15/><T34/><D34/><U18/><E18/><V92/><F24/><W133/><G133/><T30/><D28/><U5/><E5/><V61/><F35/><W107/><G107/><T6/><D30/><U17/><E17/><V108/><F74/><W4/><G90/><T40/><D82/><U67/><E67/><V11/><F75/><W10/><G88/><T120/><D78/><U80/><E80/><V44/><F72/><RYUUKYOKU ba="3,0" sc="231,-10,331,30,301,-10,137,-10" hai1="42,43,124,126" />
</Scene>
<Scene>
<INIT seed="5,4,0,2,5,78" ten="221,361,291,127" oya="1" hai0="68,102,119,116,50,35,12,122,49,14,76,44,135" hai1="0,92,80,98,5,75,108,120,36,63,33,52,131" hai2="6,124,70,127,77,74,134,58,13,59,106,9,130" hai3="129,53,32,25,99,22,48,128,90,39,93,113,85"/><U8/><E120/><V112/><F70/><W27/><G39/><T42/><D35/><U29/><E36/><V38/><F38/><W7/><G113/><T23/><D68/><U40/><E40/><V20/><F106/><W65/><G65/><T15/><D122/><U4/><E4/><V17/><F112/><W81/><G7/><T107/><D135/><U97/><E131/><V105/><F105/><W114/><G32/><T10/><D102/><U1/><E1/><V83/><F130/><W118/><G118/><T84/><D107/><U133/><E133/><V37/><F37/><W19/><G114/><T11/><D116/><U121/><E121/><V111/><F111/><W16/><G27/><T24/><D50/><U73/><E98/><V109/><F134/><W100/><REACH who="3" step="1"/><G19/><REACH who="3" ten="221,361,291,117" step="2"/><N who="0" m="12415" /><D119/><U72/><E33/><V47/><F109/><W66/><G66/><T41/><D41/><U18/><E18/><V95/><F127/><W54/><G54/><T43/><D42/><U28/><E52/><V94/><F124/><W46/><AGARI ba="4,1" hai="16,22,25,46,48,53,81,85,90,93,99,100,128,129" machi="46" ten="30,7900,0" yaku="1,1,0,1,52,1,54,1,53,0" doraHai="78" doraHaiUra="3" who="3" fromWho="3" sc="221,-24,361,-43,291,-24,117,101" />
</Scene>
<Scene>
<INIT seed="6,0,0,1,1,13" ten="197,318,267,218" oya="2" hai0="112,104,40,7,94,75,32,97,12,119,107,48,134" hai1="133,100,62,84,135,64,26,98,9,28,116,1,65" hai2="68,88,125,22,61,42,6,4,2,69,103,121,39" hai3="35,33,87,51,49,128,45,10,34,80,77,92,102"/><V83/><F121/><W56/><G128/><T44/><D32/><N who="1" m="20503" /><E84/><V85/><F125/><W63/><G10/><T82/><D119/><U43/><E43/><V53/><F103/><W124/><G124/><T113/><D75/><U109/><E109/><V118/><F118/><W30/><G30/><T93/><D94/><U25/><E116/><V18/><F2/><W99/><REACH who="3" step="1"/><G45/><REACH who="3" ten="197,318,267,208" step="2"/><T52/><D134/><U101/><E9/><V106/><F106/><W5/><G5/><T127/><D107/><U76/><E135/><V47/><F6/><W105/><G105/><T50/><D104/><U73/><E133/><V120/><F4/><W91/><G91/><T132/><D132/><U86/><E101/><V108/><F120/><W130/><G130/><T90/><D127/><U79/><E100/><V129/><F108/><W14/><G14/><T67/><D112/><U60/><E1/><V95/><F129/><W131/><G131/><T11/><D113/><U8/><E8/><V59/><F83/><W58/><G58/><T78/><D67/><AGARI ba="0,1" hai="33,34,35,49,51,56,63,67,77,80,87,92,99,102" machi="67" ten="40,1300,0" yaku="1,1,53,0" doraHai="13" doraHaiUra="24" who="3" fromWho="0" sc="197,-13,318,0,267,0,208,23" />
</Scene>
<Scene>
<INIT seed="7,0,0,5,1,71" ten="184,318,267,231" oya="3" hai0="105,131,39,0,126,8,90,107,6,12,77,112,56" hai1="81,21,43,103,58,94,66,48,9,84,15,36,62" hai2="86,99,26,92,134,133,40,11,63,38,89,31,70" hai3="59,72,79,76,4,100,83,24,13,93,50,106,74"/><W35/><G106/><T111/><D111/><U114/><E36/><V44/><F11/><W42/><G100/><T98/><D77/><N who="1" m="46127" /><E114/><V119/><F119/><W14/><G93/><T104/><D112/><U54/><E21/><V47/><F47/><W113/><G113/><T33/><D33/><U130/><E130/><V115/><F115/><W108/><G108/><T95/><D131/><U121/><E121/><V91/><F63/><W37/><G4/><T67/><D126/><U96/><E43/><V3/><F70/><W28/><G37/><T32/><D32/><U73/><E73/><V23/><F3/><W75/><G76/><T120/><D120/><U97/><E97/><V18/><F31/><W80/><G80/><T30/><D30/><U60/><E66/><V46/><F46/><W22/><G35/><T17/><D67/><U127/><E127/><V64/><F64/><W61/><G42/><T124/><D124/><U29/><E29/><V19/><F19/><AGARI ba="0,0" hai="9,15,19,48,54,58,60,62,94,96,103" m="46127" machi="19" ten="30,1000,0" yaku="8,1" doraHai="71" who="1" fromWho="2" sc="184,0,318,10,267,-10,231,0" owari="184,-32.0,328,43.0,257,6.0,231,-17.0" />
</Scene>
</mjloggm>