<mjloggm ver="2.3"><GO type="41"/><UN n0="%E3%82%B7%E3%82%B9%E3%83%86%E3%83%A0%E3%82%B7%E3%83%86%E3%83%9E%E3%82%B9" n1="%E5%A4%AA%E3%81%8F%E3%81%AA%E3%81%84%E3%81%8A" n2="%69%69%63%68%69%6B%6F%32" n3="%E3%82%B7%E3%83%AD%E3%83%83%E3%82%B3%E2%99%AA" dan="13,15,14,14" rate="1923,2039,1828,1964" sx="M,M,M,M"/><TAIKYOKU oya="0"/>

<Scene>
<INIT seed="0,0,0,5,1,37" ten="250,250,250,250" oya="0" hai0="131,9,38,51,100,72,94,6,59,47,117,34,28" hai1="67,73,114,81,121,49,26,83,66,99,126,76,106" hai2="11,97,8,27,52,86,69,122,104,33,35,92,89" hai3="96,48,82,77,109,62,46,74,95,68,90,102,124"/><T107/><D117/><U93/><E121/><V79/><F69/><W78/><G124/><T127/><D127/><U130/><E126/><V110/><F122/><W112/><G112/><T32/><D72/><U16/><E106/><V13/><F110/><W22/><G109/><T53/><D107/><U55/><E83/><V12/><F27/><W54/><G77/><T3/><D28/><U111/><E130/><V31/><F31/><W19/><G68/><T119/><D131/><U61/><E114/><V18/><F104/><W133/><G133/><T57/><D119/><U88/><E111/><V30/><F30/><W15/><G62/><T50/><D38/><U84/><E73/><V0/><F0/><W2/><G2/><T43/><REACH who="0" step="1"/><D59/><REACH who="0" ten="240,250,250,250" step="2"/><N who="1" m="35071" /><E49/><V42/><F33/><W24/><G74/><T58/><D58/><U10/><E10/><V70/><F35/><W118/><G118/><T63/><D63/><U105/><E105/><V108/><F108/><W113/><G113/><T120/><D120/><U5/><E5/><V85/><F70/><W71/><G71/><T75/><D75/><U116/><E116/><V132/><F8/><W134/><G134/><T129/><D129/><U128/><E128/><V98/><F11/><W60/><G60/><T115/><D115/><U56/><E56/><V40/><F132/><W91/><G24/><T123/><D123/><U64/><E64/><V80/><F12/><W7/><G7/><T4/><D4/><U29/><E29/><V23/><F52/><W125/><G125/><T39/><D39/><U87/><E66/><V20/><F20/><RYUUKYOKU ba="0,1" sc="240,10,250,-30,250,10,250,10" hai0="3,6,9,32,34,43,47,50,51,53,57,94,100" hai2="13,18,23,40,42,79,80,85,86,89,92,97,98" hai3="15,19,22,46,48,54,78,82,90,91,95,96,102" />
</Scene>
<Scene>
<INIT seed="0,1,1,1,3,123" ten="250,220,260,260" oya="0" hai0="126,19,101,10,102,4,7,49,62,59,89,43,93" hai1="115,63,92,45,8,38,88,122,133,106,131,121,22" hai2="39,120,55,108,114,117,83,26,90,109,60,28,104" hai3="64,23,82,41,25,31,37,50,96,124,18,125,24"/><T119/><D119/><U20/><E106/><V107/><F120/><W77/><G64/><T66/><D126/><N who="3" m="48745" /><G96/><T95/><D95/><U29/><E133/><V73/><F117/><W46/><G37/><T110/><D19/><U33/><E131/><V54/><F39/><W127/><N who="3" m="48753" /><W100/><DORA hai="2" /><G100/><N who="0" m="38507" /><D110/><N who="2" m="42602" /><F114/><W58/><G58/><N who="0" m="37207" /><D10/><U30/><E8/><V17/><F17/><W44/><G44/><N who="0" m="25759" /><D59/><U67/><E45/><V48/><F60/><W61/><G61/><T51/><D51/><U103/><E38/><V21/><F55/><W99/><G99/><AGARI ba="1,1" hai="4,7,89,93,99" m="25759,37207,38507" machi="99" ten="30,5800,0" yaku="8,1,52,2" doraHai="123,2" who="0" fromWho="3" sc="250,71,220,0,260,0,260,-61" />
</Scene>
<Scene>
<INIT seed="0,2,0,3,4,97" ten="321,220,260,199" oya="0" hai0="46,9,88,72,15,48,125,102,131,31,30,108,56" hai1="86,118,126,71,76,58,100,24,113,64,104,49,40" hai2="106,41,54,59,1,45,123,51,96,66,109,135,12" hai3="80,6,120,35,50,18,47,85,20,134,77,43,22"/><T101/><D72/><U128/><E118/><V69/><F123/><W3/><G35/><T79/><D79/><U42/><E71/><V34/><F34/><W81/><G120/><T36/><D36/><U61/><E126/><V29/><F1/><W0/><G134/><T52/><D125/><U33/><E128/><V28/><F135/><W60/><G60/><N who="0" m="35847" /><D88/><U14/><E76/><V44/><F109/><W39/><G39/><T78/><D78/><U112/><E86/><V67/><F69/><W13/><G81/><T83/><D83/><U7/><E33/><V8/><F44/><W115/><G115/><T89/><D89/><U132/><E132/><V127/><F127/><W121/><G121/><T91/><D91/><U116/><E116/><V63/><F106/><W74/><G74/><T10/><D131/><U90/><E90/><V73/><F73/><W19/><REACH who="3" step="1"/><G6/><REACH who="3" ten="321,220,260,189" step="2"/><N who="0" m="3511" /><D108/><U5/><E112/><V53/><F96/><W99/><G99/><T110/><D110/><U119/><E113/><V94/><F94/><W92/><G92/><T62/><D62/><U84/><E61/><V17/><F67/><W68/><G68/><T98/><D98/><U65/><E64/><V32/><F32/><W21/><G21/><T23/><D23/><U16/><E65/><V124/><F124/><W111/><G111/><T133/><D133/><U87/><E87/><V2/><F2/><W26/><AGARI ba="2,1" hai="0,3,13,18,19,20,22,26,43,47,50,77,80,85" machi="26" ten="20,2700,0" yaku="1,1,0,1,7,1,53,0" doraHai="97" doraHaiUra="107" who="3" fromWho="3" sc="321,-15,220,-9,260,-9,189,43" />
</Scene>
<Scene>
<INIT seed="1,0,0,0,4,116" ten="306,211,251,232" oya="1" hai0="41,28,91,101,113,66,43,125,104,80,114,105,46" hai1="76,6,49,10,135,0,118,117,71,123,107,78,61" hai2="15,89,77,131,58,127,87,2,25,11,134,29,60" hai3="63,9,67,35,98,97,96,64,31,83,19,93,88"/><U59/><E107/><V130/><F2/><W55/><G35/><T79/><D125/><U103/><E103/><V84/><F127/><W50/><G31/><T34/><D91/><U73/><E135/><V56/><F134/><W48/><G48/><T92/><D92/><U112/><E112/><V37/><F37/><W119/><G119/><T3/><D3/><U12/><E0/><V133/><F133/><W68/><G64/><T30/><D66/><U51/><E71/><V1/><F1/><W121/><G83/><T99/><D105/><U128/><E128/><N who="2" m="49195" /><F77/><W45/><G9/><T81/><D81/><U132/><E132/><V124/><F124/><W52/><G55/><T33/><D30/><U106/><E106/><V22/><F89/><W75/><G75/><T47/><D43/><U16/><E73/><V26/><F26/><W90/><G19/><T120/><D28/><U8/><E76/><V126/><F126/><W5/><G5/><T85/><D113/><U110/><E78/><V115/><F115/><W21/><G21/><T7/><D7/><U65/><E117/><V70/><F70/><W42/><G90/><T20/><D20/><U69/><E118/><V54/><F58/><W38/><G121/><T95/><D114/><U82/><E123/><V18/><AGARI ba="0,0" hai="11,15,18,22,25,29,54,56,60,84,87" m="49195" machi="18" ten="30,1100,0" yaku="19,1" doraHai="116" who="2" fromWho="2" sc="306,-3,211,-5,251,11,232,-3" />
</Scene>
<Scene>
<INIT seed="2,0,0,2,0,68" ten="303,206,262,229" oya="2" hai0="47,44,73,67,95,128,38,127,135,65,50,43,125" hai1="129,22,100,105,52,17,116,114,25,18,55,79,3" hai2="87,11,126,101,71,4,81,15,24,90,97,121,7" hai3="110,39,33,36,40,120,20,37,41,57,30,34,42"/><V82/><F71/><W1/><G120/><T60/><D73/><U80/><E114/><V74/><F121/><W56/><G110/><T75/><D75/><U94/><E105/><V13/><F74/><W122/><G122/><T123/><D123/><U109/><E3/><V54/><F126/><N who="0" m="48138" /><D128/><U31/><E116/><V63/><F24/><W5/><G5/><T28/><D28/><U133/><E133/><V26/><F26/><W64/><G1/><T77/><D77/><U113/><E113/><V12/><F4/><W62/><G20/><T92/><D135/><U2/><E2/><V10/><F81/><W91/><G30/><T72/><D72/><U61/><E129/><V88/><F90/><W84/><REACH who="3" step="1"/><G56/><REACH who="3" ten="303,206,262,219" step="2"/><T58/><D58/><U131/><E109/><V103/><F10/><W70/><G70/><T93/><D60/><U27/><E61/><V104/><F63/><W32/><G32/><T99/><D47/><U124/><E124/><V49/><REACH who="2" step="1"/><F103/><REACH who="2" ten="303,206,252,219" step="2"/><W107/><G107/><T29/><D65/><U76/><E131/><V118/><F118/><W102/><G102/><T9/><D67/><U6/><E6/><V89/><F89/><W16/><G16/><T19/><D29/><U48/><E17/><V119/><F119/><W111/><G111/><T83/><D19/><U14/><E31/><V115/><F115/><W69/><G69/><T21/><D9/><U85/><E76/><V108/><F108/><W23/><G23/><T106/><D21/><U0/><E22/><V134/><F134/><W35/><G35/><T117/><D117/><U98/><E18/><RYUUKYOKU ba="0,2" sc="303,-15,206,-15,252,15,219,15" hai2="7,11,12,13,15,49,54,82,87,88,97,101,104" hai3="33,34,36,37,39,40,41,42,57,62,64,84,91" />
</Scene>
<Scene>
<INIT seed="2,1,2,5,4,84" ten="288,191,267,234" oya="2" hai0="118,0,75,28,7,127,86,33,56,82,72,51,17" hai1="39,93,64,101,38,41,99,96,1,66,3,105,24" hai2="85,2,44,32,80,71,115,131,10,88,109,100,5" hai3="120,116,11,8,110,98,6,26,29,79,106,135,76"/><V42/><F71/><W59/><G120/><T61/><D127/><U119/><E119/><V9/><F109/><W125/><G116/><T40/><D118/><U94/><E105/><V27/><F115/><W104/><G125/><T97/><D97/><U128/><E128/><V123/><F123/><W37/><G37/><T35/><D17/><U95/><E24/><V52/><F131/><W20/><G106/><T67/><D0/><U113/><E94/><V92/><F32/><W81/><G76/><T53/><D7/><U91/><E113/><V63/><F27/><W46/><G110/><T74/><D40/><U55/><E55/><V14/><F100/><W49/><G59/><T121/><D121/><U132/><E132/><V114/><F114/><W77/><G77/><T36/><D36/><U130/><E130/><V43/><F80/><W122/><G6/><T30/><D35/><U15/><E15/><V89/><F89/><W129/><G135/><T108/><D108/><U4/><E4/><V126/><F126/><W54/><G129/><T134/><D33/><U31/><E31/><V112/><F112/><W58/><G122/><T48/><D134/><U50/><E50/><V73/><F73/><W25/><G26/><T90/><REACH who="0" step="1"/><D51/><REACH who="0" ten="278,191,267,234" step="2"/><U57/><E41/><V23/><F23/><W34/><G34/><T117/><D117/><U68/><E3/><V22/><F22/><W103/><G46/><AGARI ba="1,3" hai="28,30,46,48,53,56,61,67,72,74,75,82,86,90" machi="46" ten="40,2600,0" yaku="1,1,52,1,53,0" doraHai="84" doraHaiUra="102" who="0" fromWho="3" sc="278,59,191,0,267,0,234,-29" />
</Scene>
<Scene>
<INIT seed="3,0,0,3,0,40" ten="337,191,267,205" oya="3" hai0="115,110,84,100,114,65,64,15,135,51,0,71,35" hai1="6,36,32,29,62,105,1,26,11,96,7,44,38" hai2="24,52,46,131,87,48,19,128,33,120,123,63,22" hai3="27,91,23,108,30,97,103,4,134,59,111,17,102"/><W90/><G4/><T53/><D0/><U2/><E62/><V9/><F33/><W127/><G127/><T69/><D35/><U80/><E80/><V85/><F9/><W14/><G134/><T88/><D100/><U106/><E96/><V81/><F63/><W99/><G59/><N who="0" m="33215" /><D15/><U122/><E122/><N who="2" m="46635" /><F81/><W75/><G75/><T43/><D43/><N who="1" m="22631" /><E38/><V92/><F92/><W16/><G17/><T50/><D50/><U130/><E130/><AGARI ba="0,0" hai="19,22,24,46,48,52,85,87,128,130,131" m="46635" machi="130" ten="30,7700,0" yaku="19,1,13,1,52,1,54,1" doraHai="40" who="2" fromWho="1" sc="337,0,191,-77,267,77,205,0" />
</Scene>
<Scene>
<INIT seed="4,0,0,3,0,9" ten="337,114,344,205" oya="0" hai0="85,56,35,91,17,74,103,106,118,33,23,92,133" hai1="115,44,11,58,132,5,113,99,90,93,45,82,98" hai2="68,51,21,119,13,79,6,125,112,41,0,109,29" hai3="42,101,27,131,100,49,26,19,111,60,30,14,102"/><T75/><D118/><U104/><E132/><V122/><F119/><W130/><G111/><T128/><D133/><U134/><E134/><V4/><F122/><W65/><G42/><T40/><D40/><U24/><E24/><V83/><F112/><N who="1" m="43081" /><E82/><V97/><F68/><W38/><G38/><T64/><D128/><N who="3" m="49193" /><G49/><T36/><D36/><U117/><E117/><V25/><F109/><W73/><G73/><T116/><D116/><U3/><E58/><V48/><F125/><W32/><G27/><T18/><D33/><U15/><E3/><V69/><F69/><N who="3" m="42151" /><G101/><AGARI ba="0,0" hai="5,11,15,44,45,90,93,98,99,101,104" m="43081" machi="101" ten="30,3900,0" yaku="15,1,11,1,52,1" doraHai="9" who="1" fromWho="3" sc="337,0,114,39,344,0,205,-39" />
</Scene>
<Scene>
<INIT seed="5,0,0,4,4,2" ten="337,153,344,166" oya="1" hai0="124,112,53,87,3,26,14,86,43,127,31,84,88" hai1="46,102,57,13,109,133,45,71,22,115,111,10,62" hai2="98,94,79,30,25,23,95,37,104,18,70,34,85" hai3="60,92,35,110,74,6,67,33,123,12,91,24,48"/><U21/><E71/><V81/><F70/><W63/><G74/><T59/><D3/><U11/><E102/><V75/><F37/><W15/><G123/><T108/><D43/><U52/><E115/><V41/><F41/><W38/><G38/><T56/><D108/><N who="1" m="41547" /><E133/><V7/><F7/><W96/><G110/><T100/><D100/><U19/><E21/><V0/><F0/><W135/><G135/><T55/><D14/><N who="1" m="9591" /><E10/><V5/><F5/><AGARI ba="0,0" hai="5,11,13,45,46,52,57,62" m="9591,41547" machi="5" ten="30,5800,0" yaku="10,1,52,1,54,1" doraHai="2" who="1" fromWho="2" sc="337,0,153,58,344,-58,166,0" />
</Scene>
<Scene>
<INIT seed="5,1,0,5,4,64" ten="337,211,286,166" oya="1" hai0="76,68,98,85,39,130,32,23,71,115,105,8,65" hai1="90,108,0,69,49,47,48,29,67,75,61,21,132" hai2="125,102,78,6,135,41,37,51,36,1,40,38,63" hai3="35,33,91,24,46,113,124,42,4,16,93,99,13"/><U74/><E0/><V17/><F78/><W62/><G124/><T34/><D23/><U53/><E132/><V5/><F125/><W11/><G113/><T44/><D85/><U106/><E106/><V28/><F1/><W101/><G101/><N who="0" m="62647" /><D65/><U72/><E108/><V104/><F102/><W10/><G24/><T111/><D111/><U131/><E131/><V114/><F104/><W128/><G128/><T50/><D50/><U59/><E90/><V2/><F2/><W52/><G42/><N who="0" m="22623" /><D8/><U107/><E107/><V56/><F135/><W19/><G19/><T22/><D22/><U54/><E21/><V122/><F122/><W25/><G25/><T118/><D130/><U18/><E18/><V129/><F129/><W123/><G123/><T14/><D14/><U110/><REACH who="1" step="1"/><E110/><REACH who="1" ten="337,201,286,166" step="2"/><V9/><F17/><W81/><G81/><T117/><D76/><U82/><E82/><V30/><F9/><W87/><G99/><T27/><D27/><U70/><E70/><N who="0" m="26665" /><D115/><U73/><N who="1" m="18432" /><DORA hai="45" /><U134/><E134/><V79/><F79/><W84/><G91/><T119/><AGARI ba="1,1" hai="32,34,117,118,119" m="26665,22623,62647" machi="119" ten="40,8000,1" yaku="23,1,52,3" doraHai="64,45" who="0" fromWho="0" sc="337,93,201,-41,286,-21,166,-21" />
</Scene>
<Scene>
<INIT seed="6,0,0,5,1,16" ten="430,160,265,145" oya="2" hai0="19,48,35,95,3,115,93,103,126,131,122,63,116" hai1="52,50,49,121,92,91,83,88,132,36,114,86,100" hai2="101,82,45,99,81,90,58,94,117,75,44,66,53" hai3="6,123,78,60,125,5,96,40,80,107,111,104,110"/><V17/><F117/><W128/><G40/><T24/><D48/><U68/><E36/><V67/><F75/><W20/><G123/><T26/><D26/><U31/><E68/><V61/><F81/><W79/><G125/><T37/><D63/><U11/><E121/><V62/><F53/><W77/><G128/><T118/><D19/><U41/><E114/><V102/><F17/><W47/><G47/><T32/><D24/><U12/><E132/><V33/><F33/><W28/><G60/><T120/><D103/><U130/><E100/><V54/><F102/><W23/><G80/><T89/><D89/><U15/><E130/><V73/><F67/><W21/><G28/><T22/><D37/><U56/><E31/><V59/><F73/><W106/><REACH who="3" step="1"/><G96/><REACH who="3" ten="430,160,265,135" step="2"/><T105/><D126/><U51/><E41/><V65/><F54/><W74/><G74/><T2/><D131/><U72/><E72/><V4/><F4/><AGARI ba="0,1" hai="4,5,6,20,21,23,77,78,79,104,106,107,110,111" machi="4" ten="50,16000,3" yaku="1,1,29,2,28,2,52,3,53,0" doraHai="16" doraHaiUra="129" who="3" fromWho="2" sc="430,0,160,0,265,-160,135,170" />
</Scene>
<Scene>
<INIT seed="7,0,0,4,2,73" ten="430,160,105,305" oya="3" hai0="134,33,66,1,48,120,60,84,42,3,103,85,94" hai1="133,31,57,92,56,131,14,36,107,114,132,64,82" hai2="95,93,51,49,70,100,135,54,7,61,15,69,81" hai3="0,91,79,106,44,110,89,47,76,126,52,25,19"/><W32/><G0/><T29/><D120/><U124/><E107/><V2/><F2/><W11/><G106/><T113/><D134/><N who="1" m="51819" /><E36/><V123/><F135/><W129/><G32/><T72/><D84/><U8/><E114/><V88/><F123/><W105/><G105/><T74/><D94/><U68/><E131/><V18/><F70/><W109/><G129/><T62/><D60/><N who="1" m="39943" /><E124/><V90/><F69/><W83/><G126/><T37/><D48/><U111/><E111/><N who="3" m="42506" /><G44/><T125/><D29/><U38/><E38/><V67/><F7/><W104/><G104/><T96/><D33/><U12/><E31/><V58/><F100/><W101/><G101/><T20/><D113/><U39/><E39/><V46/><F51/><N who="3" m="28799" /><G25/><T10/><D1/><U108/><E108/><V116/><F116/><W35/><G35/><T97/><D3/><U4/><E92/><V86/><REACH who="2" step="1"/><F90/><REACH who="2" ten="430,160,95,305" step="2"/><N who="3" m="34315" /><G83/><T40/><D125/><U26/><E82/><V27/><F27/><W121/><G121/><T71/><D37/><U24/><E14/><AGARI ba="0,1" hai="11,14,19,76,79" m="34315,28799,42506" machi="14" ten="30,11600,0" yaku="10,1,52,2,54,1" doraHai="73" who="3" fromWho="1" sc="430,0,160,-116,95,0,305,126" owari="430,23.0,44,-46.0,95,-30.0,431,53.0" />
</Scene>
</mjloggm>