<mjloggm ver="2.3"><GO type="193"/><UN n0="%E3%81%BE%E3%81%86%E3%82%84%E3%81%91%E3%81%9D" n1="%E3%81%82%E3%81%84%E3%82%89%E3%82%93%E3%81%A9" n2="%E5%A4%AA%E3%81%8F%E3%81%AA%E3%81%84%E3%81%8A" n3="%E3%83%88%E3%83%8B%E3%83%BC%E2%99%AA%E2%99%AA" dan="13,11,11,12" rate="1767,1570,1793,1859" sx="M,M,M,M"/><TAIKYOKU oya="0"/>

<Scene>
<INIT seed="0,0,0,5,1,65" ten="250,250,250,250" oya="0" hai0="28,54,111,32,15,85,31,63,61,1,97,101,75" hai1="52,42,93,25,38,131,64,126,37,100,14,123,53" hai2="46,11,30,19,41,115,62,117,82,127,130,4,7" hai3="89,92,18,47,105,78,81,84,76,122,43,102,27"/><T103/><D75/><U70/><E123/><V0/><F115/><W107/><G27/><T104/><D1/><U94/><E126/><V83/><F127/><W90/><G18/><T33/><D103/><U80/><E131/><V57/><F130/><W40/><G40/><T48/><D111/><U50/><E80/><V21/><F30/><W69/><G69/><T134/><D134/><U8/><E25/><V67/><F7/><W16/><G43/><T34/><D15/><U91/><E100/><V49/><REACH who="2" step="1"/><F117/><REACH who="2" ten="250,250,240,250" step="2"/><W118/><G118/><T106/><D31/><U98/><E93/><V24/><AGARI ba="0,1" hai="0,4,11,19,21,24,41,46,49,57,62,67,82,83" machi="24" ten="20,5200,0" yaku="1,1,2,1,0,1,7,1,53,0" doraHai="65" doraHaiUra="10" who="2" fromWho="2" sc="250,-26,250,-13,240,62,250,-13" />
</Scene>
<Scene>
<INIT seed="1,0,0,5,4,71" ten="224,237,302,237" oya="1" hai0="62,4,134,117,44,75,95,76,105,54,87,10,94" hai1="13,34,35,15,96,72,0,53,83,85,65,68,125" hai2="32,27,52,78,48,64,26,21,126,70,39,109,9" hai3="112,41,131,86,127,101,123,80,103,73,111,129,93"/><U31/><E0/><V115/><F78/><W46/><G123/><T89/><D105/><U74/><E125/><V28/><F126/><W57/><G57/><T51/><D117/><U119/><E119/><V30/><F109/><W36/><G127/><T3/><D134/><U90/><E96/><V59/><F115/><W122/><G122/><T50/><D62/><U42/><E65/><V38/><REACH who="2" step="1"/><F9/><REACH who="2" ten="224,237,292,237" step="2"/><W110/><G112/><T81/><REACH who="0" step="1"/><D51/><REACH who="0" ten="214,237,292,237" step="2"/><U82/><E68/><V107/><F107/><W23/><G111/><T92/><AGARI ba="0,2" hai="3,4,10,44,50,54,75,76,81,87,89,92,94,95" machi="92" ten="20,8000,1" yaku="1,1,2,1,0,1,7,1,53,1" doraHai="71" doraHaiUra="79" who="0" fromWho="0" sc="214,100,237,-40,292,-20,237,-20" />
</Scene>
<Scene>
<INIT seed="2,0,0,2,3,127" ten="314,197,272,217" oya="2" hai0="41,88,58,81,119,131,96,80,40,29,1,97,8" hai1="103,60,116,62,13,118,117,27,26,37,24,10,15" hai2="30,66,102,89,7,129,95,32,68,43,105,0,5" hai3="110,100,78,34,18,11,14,99,46,109,42,98,71"/><V2/><F43/><W65/><G34/><T9/><D119/><U108/><E37/><V115/><F115/><W94/><G78/><T28/><D1/><U84/><E103/><V31/><F102/><W104/><G65/><T67/><D58/><U125/><E125/><V90/><F66/><W130/><G71/><T17/><D67/><U44/><E44/><V73/><F68/><W64/><G64/><T122/><D122/><U22/><E84/><V85/><F85/><W82/><G82/><T123/><D123/><U36/><E36/><V87/><F87/><W74/><G74/><T86/><D86/><U77/><E77/><V111/><F73/><W120/><G120/><T133/><D17/><U20/><E108/><N who="3" m="41578" /><G99/><T69/><D69/><U63/><E10/><V72/><F72/><W107/><G130/><T21/><D21/><U92/><E92/><V49/><F111/><W79/><G79/><T55/><D133/><U38/><E38/><AGARI ba="0,0" hai="11,14,18,38,42,46,94,98,100,104,107" m="41578" machi="38" ten="30,1000,0" yaku="14,1" doraHai="127" who="3" fromWho="1" sc="314,0,197,-10,272,0,217,10" />
</Scene>
<Scene>
<INIT seed="3,0,0,1,1,132" ten="314,187,272,227" oya="3" hai0="106,33,91,40,7,52,93,39,103,14,105,62,77" hai1="115,89,0,9,26,114,31,36,64,57,38,125,90" hai2="18,23,22,85,53,46,16,111,117,76,73,28,87" hai3="15,92,66,55,109,127,65,116,101,3,21,61,24"/><W78/><G116/><T20/><D33/><U82/><E125/><V43/><F117/><W34/><G3/><T49/><D77/><U74/><E82/><V102/><F111/><W44/><G78/><T84/><D62/><U12/><E74/><V113/><F113/><W63/><G34/><T45/><D103/><U35/><E0/><V104/><F73/><W32/><G32/><T51/><D39/><U135/><E115/><V79/><F53/><W72/><G72/><T123/><D123/><U8/><E114/><V50/><F28/><W118/><G118/><T42/><D42/><U126/><E135/><V96/><F79/><W131/><G131/><T47/><D20/><U98/><E126/><V10/><F10/><W71/><G109/><T19/><REACH who="0" step="1"/><D19/><REACH who="0" ten="304,187,272,227" step="2"/><U88/><E64/><V59/><F76/><W69/><G101/><T124/><D124/><U54/><E98/><V29/><F29/><W134/><G127/><T37/><D37/><U2/><E2/><V80/><F80/><W70/><G134/><T58/><D58/><U41/><E41/><V100/><F59/><W130/><G70/><T128/><D128/><U81/><E81/><V75/><F100/><W129/><G130/><T99/><D99/><U83/><E83/><V25/><F75/><W110/><G129/><T86/><D86/><U56/><E56/><V120/><F120/><W1/><G110/><T4/><D4/><N who="1" m="3079" /><E9/><AGARI ba="0,1" hai="7,9,14,40,45,47,49,51,52,84,91,93,105,106" machi="9" ten="40,5200,0" yaku="1,1,54,1,53,1" doraHai="132" doraHaiUra="5" who="0" fromWho="1" sc="304,62,187,-52,272,0,227,0" owari="366,46.0,135,-36.0,272,7.0,227,-17.0" />
</Scene>
</mjloggm>