<mjloggm ver="2.3"><GO type="169"/><UN n0="%E3%82%AF%E3%83%A9" n1="%E5%A4%AA%E3%81%8F%E3%81%AA%E3%81%84%E3%81%8A" n2="%E3%83%9A%E3%83%81%E3%83%A7%E3%83%BC%E3%83%AA%E3%83%B3" n3="%E9%96%A2%E7%99%BD%E5%A4%B1%E8%84%9A" dan="17,18,17,16" rate="2121,2164,2195,2113" sx="M,M,M,F"/><TAIKYOKU oya="0"/>

<Scene>
<INIT seed="0,0,0,1,1,112" ten="250,250,250,250" oya="0" hai0="11,32,8,15,127,45,44,61,18,23,129,73,7" hai1="50,126,109,24,17,40,95,92,13,10,57,132,36" hai2="124,71,16,133,55,35,54,90,135,39,33,107,89" hai3="114,60,87,81,41,117,69,9,103,99,119,26,30"/><T0/><D73/><U25/><E36/><V85/><F107/><W47/><G114/><T118/><D32/><N who="2" m="12362" /><F39/><W48/><G9/><T5/><D129/><U67/><E109/><V28/><F28/><W84/><G84/><T58/><D127/><U74/><E74/><V110/><F71/><W101/><G101/><T53/><REACH who="0" step="1"/><D118/><REACH who="0" ten="240,250,250,250" step="2"/><U102/><E126/><V3/><F124/><W116/><G116/><T105/><D105/><U42/><E132/><V120/><F120/><W80/><G119/><T4/><D4/><U113/><E113/><V62/><F135/><W51/><G117/><T76/><D76/><U125/><E125/><V100/><F133/><W131/><G131/><T134/><D134/><U78/><E78/><V34/><F34/><W46/><G69/><T29/><D29/><U79/><E79/><V83/><F110/><W106/><G30/><T12/><AGARI ba="0,1" hai="0,5,7,8,11,12,15,18,23,44,45,53,58,61" machi="12" ten="20,3900,0" yaku="1,1,0,1,7,1,53,0" doraHai="112" doraHaiUra="77" who="0" fromWho="0" sc="240,49,250,-13,250,-13,250,-13" />
</Scene>
<Scene>
<INIT seed="0,1,0,0,4,3" ten="289,237,237,237" oya="0" hai0="131,74,24,72,97,125,118,44,2,124,64,27,42" hai1="113,134,1,102,19,130,54,106,28,63,13,120,129" hai2="123,51,115,114,0,105,80,119,38,59,92,76,21" hai3="67,127,34,56,108,96,14,29,126,98,46,17,89"/><T33/><D118/><U4/><E120/><V110/><F38/><W77/><G77/><T10/><D131/><N who="1" m="50187" /><E134/><V104/><F0/><W62/><G108/><T116/><D116/><U49/><E113/><V88/><F119/><W32/><G46/><T60/><D97/><N who="1" m="61775" /><E28/><V90/><F21/><W36/><G36/><T121/><D121/><U85/><E85/><N who="2" m="52239" /><F59/><W79/><G79/><T61/><D44/><N who="1" m="27943" /><E63/><V9/><F51/><W20/><G29/><T52/><D42/><U35/><E35/><N who="3" m="13354" /><G89/><T75/><D33/><U25/><E25/><V107/><F90/><W5/><G5/><N who="0" m="1335" /><D64/><U84/><E84/><N who="2" m="48135" /><F9/><W132/><G132/><T112/><D112/><N who="2" m="43050" /><F123/><W65/><G65/><T83/><D24/><U15/><E19/><V94/><F94/><W47/><G47/><T111/><D27/><U109/><E109/><AGARI ba="1,0" hai="104,105,107,109,110" m="43050,48135,52239" machi="109" ten="40,5200,0" yaku="34,2,54,1" doraHai="3" who="2" fromWho="1" sc="289,0,237,-55,237,55,237,0" />
</Scene>
<Scene>
<INIT seed="1,0,0,3,5,63" ten="289,182,292,237" oya="1" hai0="48,34,42,78,130,107,7,102,50,110,100,65,29" hai1="33,116,2,47,132,92,109,77,0,60,106,49,135" hai2="83,26,44,43,74,30,134,131,123,56,61,97,96" hai3="90,93,72,69,70,82,23,68,52,105,112,54,129"/><U76/><E106/><V121/><F134/><N who="1" m="51241" /><E116/><V62/><F131/><W118/><G129/><T13/><D130/><U127/><E33/><V119/><F119/><W124/><G105/><T84/><D110/><U37/><E37/><V24/><F61/><W81/><G112/><T91/><D78/><N who="1" m="30315" /><E127/><V11/><F11/><W101/><G72/><T133/><D29/><U104/><E104/><V31/><F31/><W125/><G118/><T89/><D34/><U87/><E109/><V57/><F56/><W5/><G101/><T12/><D42/><N who="1" m="24823" /><E60/><V21/><F24/><W111/><G111/><T73/><D107/><U38/><E38/><V9/><F74/><W10/><G124/><T40/><D73/><U117/><E117/><V59/><F62/><W36/><G36/><T94/><D133/><U79/><E92/><V6/><F123/><W4/><G125/><T8/><D94/><U18/><E18/><V113/><F113/><W64/><G93/><T27/><D40/><U20/><E20/><V55/><F21/><W67/><G23/><T75/><D75/><U19/><E19/><V22/><F22/><W95/><G95/><T39/><D39/><U25/><E25/><V128/><F26/><W17/><G17/><T53/><D27/><U1/><N who="1" m="30323" /><U88/><DORA hai="41" /><E88/><V85/><F43/><W28/><G70/><T3/><D91/><U126/><E126/><V15/><F121/><W108/><G108/><T45/><D89/><U66/><E87/><V32/><F85/><W86/><G86/><T99/><D84/><U14/><E14/><V58/><F15/><RYUUKYOKU ba="0,0" sc="289,-10,182,30,292,-10,237,-10" hai1="0,1,2,66" />
</Scene>
<Scene>
<INIT seed="1,1,0,5,2,27" ten="279,212,282,227" oya="1" hai0="36,26,101,112,56,58,18,15,122,34,95,33,1" hai1="67,19,12,134,109,106,132,49,104,119,129,59,50" hai2="3,51,11,88,126,41,75,121,45,77,0,90,21" hai3="25,107,97,111,82,64,14,60,103,17,8,22,57"/><U73/><E119/><V65/><F121/><W89/><G111/><T100/><D1/><U79/><E129/><V93/><F126/><W74/><G82/><T124/><D112/><U5/><E5/><V42/><F65/><W68/><G74/><T130/><D36/><U123/><E123/><V16/><F42/><W47/><G47/><T87/><D124/><U115/><E115/><V80/><F11/><W83/><G83/><T23/><D130/><U117/><E117/><V120/><F120/><W71/><REACH who="3" step="1"/><G89/><REACH who="3" ten="279,212,282,217" step="2"/><T98/><D122/><U62/><E109/><V24/><REACH who="2" step="1"/><F90/><REACH who="2" ten="279,212,272,217" step="2"/><W9/><G9/><T85/><D101/><U105/><E134/><V35/><F35/><W66/><G66/><T131/><D34/><U6/><E132/><V43/><F43/><W96/><G96/><AGARI ba="1,2" hai="0,3,16,21,24,41,45,51,75,77,80,88,93,96" machi="96" ten="30,7700,0" yaku="1,1,7,1,54,2,53,0" doraHai="27" doraHaiUra="55" who="2" fromWho="3" sc="279,0,212,0,272,100,217,-80" />
</Scene>
<Scene>
<INIT seed="2,0,0,2,5,113" ten="279,212,372,137" oya="2" hai0="67,22,88,122,124,62,10,66,45,83,39,105,96" hai1="42,17,35,9,40,106,123,31,48,59,56,25,127" hai2="85,125,120,55,18,68,107,65,43,37,27,77,26" hai3="101,46,47,79,132,69,63,64,121,89,4,119,32"/><V38/><F107/><W116/><G121/><T41/><D122/><U5/><E123/><V20/><F120/><W80/><G32/><T13/><D124/><U102/><E127/><V15/><F125/><W134/><G101/><T91/><D22/><U108/><E108/><V129/><F129/><W90/><G4/><T126/><D126/><U100/><E17/><V33/><F33/><W23/><G23/><T3/><D3/><U60/><E56/><V8/><F26/><W24/><G24/><T21/><D21/><U135/><E135/><N who="3" m="51754" /><G47/><T14/><D14/><U0/><E48/><V6/><F43/><W84/><G46/><T81/><D67/><U95/><E106/><V57/><F68/><W73/><G73/><T86/><D105/><U7/><E7/><V71/><F71/><W19/><G19/><T53/><D53/><U110/><E110/><V30/><F65/><W82/><G82/><T93/><D81/><U115/><E115/><V78/><F6/><W97/><G97/><T128/><D128/><U111/><E111/><V49/><REACH who="2" step="1"/><F85/><REACH who="2" ten="279,212,362,137" step="2"/><W112/><G112/><T75/><D75/><U36/><E42/><V28/><F28/><W118/><AGARI ba="0,1" hai="63,64,69,79,80,84,89,90,116,118,119" m="51754" machi="118" ten="40,8000,1" yaku="20,1,52,3" doraHai="113" who="3" fromWho="3" sc="279,-20,212,-20,362,-40,137,90" />
</Scene>
<Scene>
<INIT seed="3,0,0,4,0,37" ten="259,192,322,227" oya="3" hai0="25,133,46,117,1,6,105,101,27,13,65,103,57" hai1="130,91,135,39,126,132,30,123,67,19,114,79,3" hai2="77,32,71,125,55,31,18,51,96,50,52,84,49" hai3="97,82,118,113,24,41,95,43,78,22,58,131,102"/><W42/><G113/><T124/><D1/><U54/><E114/><V62/><F125/><W98/><G118/><T20/><D117/><U48/><E3/><V10/><F96/><W60/><G131/><T63/><D124/><U94/><E126/><V119/><F119/><W17/><G97/><T5/><D133/><U64/><E39/><V122/><F32/><W66/><REACH who="3" step="1"/><G41/><REACH who="3" ten="259,192,322,217" step="2"/><T87/><D105/><U76/><E130/><V61/><F122/><W100/><G100/><T116/><D103/><U88/><E123/><V9/><F71/><W45/><G45/><T11/><D101/><U59/><E135/><V90/><F31/><W69/><G69/><T40/><D116/><U23/><E30/><V53/><F77/><W75/><AGARI ba="0,1" hai="17,22,24,42,43,58,60,66,75,78,82,95,98,102" machi="75" ten="20,12000,1" yaku="1,1,0,1,7,1,52,2,53,0" doraHai="37" doraHaiUra="33" who="3" fromWho="3" sc="259,-40,192,-40,322,-40,217,130" />
</Scene>
<Scene>
<INIT seed="3,1,0,3,4,112" ten="219,152,282,347" oya="3" hai0="15,111,97,53,80,133,99,71,17,48,90,134,42" hai1="61,120,130,135,92,113,114,87,124,27,122,55,88" hai2="39,35,127,6,103,125,102,119,69,57,59,44,36" hai3="1,115,54,51,84,22,105,43,7,117,66,79,2"/><W93/><G115/><T50/><D71/><U68/><E135/><N who="0" m="51721" /><D111/><U91/><E130/><V62/><F35/><W52/><G117/><T129/><D129/><U26/><E124/><N who="2" m="47691" /><F6/><W18/><G105/><T64/><D64/><U4/><E4/><V21/><F21/><W67/><G43/><T107/><D107/><U95/><E68/><V101/><F119/><W89/><G1/><T49/><D42/><U72/><E72/><V82/><F82/><N who="3" m="47199" /><G7/><T74/><D53/><N who="3" m="20585" /><G51/><T25/><D25/><U20/><E55/><V14/><F14/><N who="3" m="9559" /><G2/><T73/><D73/><U126/><E126/><V63/><F69/><W0/><G0/><T45/><D45/><U83/><E20/><V116/><F116/><W100/><G100/><T40/><D40/><U11/><E11/><V32/><F32/><W9/><G9/><N who="0" m="6383" /><D74/><U94/><E114/><V128/><F128/><W19/><G19/><T24/><D50/><U47/><E47/><V41/><F39/><W96/><AGARI ba="1,0" hai="66,67,89,93,96" m="9559,20585,47199" machi="96" ten="30,3000,0" yaku="8,1,54,1" doraHai="112" who="3" fromWho="3" sc="219,-11,152,-11,282,-11,347,33" />
</Scene>
<Scene>
<INIT seed="3,2,0,5,4,121" ten="208,141,271,380" oya="3" hai0="11,64,55,17,133,134,40,0,127,106,65,125,122" hai1="69,93,94,85,113,96,21,78,28,108,129,115,26" hai2="75,79,3,54,67,43,1,111,9,83,47,36,50" hai3="124,91,117,98,23,39,13,8,41,74,31,87,72"/><W20/><G117/><T34/><D122/><U49/><E69/><V119/><F119/><W77/><G124/><N who="0" m="47691" /><D106/><U123/><E123/><V63/><F111/><W92/><G72/><T71/><D40/><U4/><E129/><V109/><F109/><W102/><G39/><T27/><D71/><U6/><E108/><V60/><F67/><N who="0" m="25674" /><D55/><U57/><E115/><V89/><F89/><W2/><G2/><T110/><D110/><U126/><E113/><V25/><F25/><W104/><G41/><T107/><D107/><U86/><E126/><V120/><F120/><W81/><REACH who="3" step="1"/><G31/><REACH who="3" ten="208,141,271,370" step="2"/><N who="0" m="19839" /><D0/><U118/><E118/><V46/><F3/><W38/><G38/><T22/><D11/><U131/><E131/><V35/><F35/><W90/><G90/><T7/><D7/><AGARI ba="2,1" hai="1,7,9,36,43,46,47,50,54,60,63,75,79,83" machi="7" ten="40,2600,0" yaku="25,2" doraHai="121" who="2" fromWho="0" sc="208,-32,141,0,271,42,370,0" /><AGARI ba="2,0" hai="7,8,13,20,23,74,77,81,87,91,92,98,102,104" machi="7" ten="30,11600,0" yaku="1,1,7,1,24,2,53,0" doraHai="121" doraHaiUra="12" who="3" fromWho="0" sc="176,-116,141,0,313,0,370,116" />
</Scene>
<Scene>
<INIT seed="3,3,0,5,3,63" ten="60,141,313,486" oya="3" hai0="98,10,64,122,68,49,6,52,97,26,4,71,44" hai1="54,131,1,61,126,25,107,13,75,32,115,120,78" hai2="99,106,53,102,43,35,57,50,20,67,109,34,41" hai3="18,15,113,124,7,0,60,79,24,21,110,2,112"/><W36/><G36/><T93/><D122/><U31/><E120/><V116/><F116/><W89/><G79/><T19/><D98/><U22/><E115/><N who="3" m="44106" /><G89/><T23/><D6/><U84/><E107/><V100/><F109/><W38/><G38/><T65/><D71/><U87/><E1/><V119/><F119/><W59/><G110/><T70/><D70/><U105/><E105/><V125/><F125/><W133/><G124/><T88/><REACH who="0" step="1"/><D68/><REACH who="0" ten="50,141,313,486" step="2"/><U58/><E126/><V135/><F99/><W9/><G133/><T73/><D73/><U108/><E108/><V8/><F135/><W132/><G132/><T39/><D39/><U121/><E121/><V111/><F111/><W76/><G76/><T123/><D123/><U128/><E75/><V117/><F117/><W5/><G5/><T72/><D72/><U46/><E78/><V12/><F106/><W104/><G104/><T83/><D83/><U56/><E84/><V81/><F81/><W28/><G7/><T29/><D29/><U55/><E87/><V14/><F102/><W130/><G130/><T90/><D90/><U129/><E129/><V27/><F100/><W40/><G40/><T103/><D103/><U37/><E131/><V33/><F41/><W134/><G134/><T16/><D16/><N who="1" m="10511" /><E128/><V82/><F43/><W101/><G101/><T11/><D11/><U94/><E37/><V66/><F82/><W95/><G95/><T91/><D91/><U114/><E114/><V74/><F74/><W85/><G85/><T3/><AGARI ba="3,1" hai="3,4,10,19,23,26,44,49,52,64,65,88,93,97" machi="3" ten="20,16000,3" yaku="1,1,0,1,7,1,52,2,54,2,53,2" doraHai="63" doraHaiUra="62" who="0" fromWho="0" sc="50,179,141,-43,313,-43,486,-83" />
</Scene>
<Scene>
<INIT seed="4,0,0,3,3,133" ten="229,98,270,403" oya="0" hai0="13,54,123,17,72,120,24,53,39,20,109,3,27" hai1="21,68,41,131,92,16,64,91,82,63,4,107,106" hai2="56,96,58,18,66,116,83,75,93,128,8,122,7" hai3="85,124,25,60,23,105,46,121,104,78,134,71,10"/><T102/><D39/><U119/><E119/><V79/><F122/><W90/><G134/><T1/><D72/><U127/><E131/><V113/><F113/><W108/><G108/><T112/><D102/><U65/><E4/><V125/><F128/><W31/><G78/><T100/><D100/><U94/><E41/><V114/><F114/><W51/><G10/><T98/><D98/><U117/><E117/><V87/><F116/><W55/><G121/><T6/><D112/><U0/><E0/><V14/><F75/><W80/><G124/><T48/><D109/><U126/><E65/><V129/><F125/><W103/><G103/><T132/><D132/><U12/><E82/><V88/><F129/><W67/><AGARI ba="0,0" hai="23,25,31,46,51,55,60,67,71,80,85,90,104,105" machi="67" ten="30,1100,0" yaku="0,1" doraHai="133" who="3" fromWho="3" sc="229,-5,98,-3,270,-3,403,11" />
</Scene>
<Scene>
<INIT seed="5,0,0,0,5,50" ten="224,95,267,414" oya="1" hai0="9,71,54,30,13,45,77,81,31,129,41,112,29" hai1="64,133,7,115,89,87,97,11,120,23,38,106,134" hai2="122,86,62,68,110,21,48,102,32,61,78,100,124" hai3="99,84,27,93,55,43,42,2,119,26,114,107,130"/><U74/><E120/><V4/><F32/><W66/><G66/><T44/><D112/><U22/><E38/><V1/><F110/><W51/><G2/><T46/><D71/><U15/><E74/><V36/><F48/><W125/><G114/><T103/><D103/><N who="1" m="62831" /><E64/><V76/><F21/><W90/><G119/><T80/><D41/><U75/><E75/><V94/><F86/><W49/><G49/><N who="0" m="28967" /><D129/><U65/><E65/><V85/><F94/><W58/><G130/><T56/><D56/><U20/><E115/><V28/><F85/><W128/><G128/><T3/><D3/><U17/><E87/><V70/><F4/><W109/><G109/><T111/><D111/><U123/><E89/><V8/><F1/><W52/><G107/><T91/><D91/><U40/><E40/><N who="3" m="15402" /><G99/><T19/><D77/><U39/><E39/><V73/><F78/><W6/><G6/><T116/><D116/><U79/><E79/><V88/><F76/><W117/><G117/><T108/><D108/><U126/><E123/><V16/><F36/><W59/><G125/><T0/><D0/><N who="1" m="487" /><E126/><V121/><F73/><W12/><G12/><T35/><D35/><U69/><E69/><V105/><F70/><W82/><G93/><T101/><D101/><U14/><E14/><V25/><F102/><W34/><G34/><T95/><D95/><U72/><E72/><V37/><F100/><W118/><G118/><T53/><D53/><N who="3" m="20553" /><G51/><T47/><AGARI ba="0,0" hai="9,13,19,29,30,31,45,46,47,80,81" m="28967" machi="47" ten="30,2000,0" yaku="8,1,52,1" doraHai="50" who="0" fromWho="0" sc="224,20,95,-10,267,-5,414,-5" />
</Scene>
<Scene>
<INIT seed="6,0,0,0,5,64" ten="244,85,262,409" oya="2" hai0="2,45,115,129,101,100,50,16,4,114,52,105,96" hai1="47,51,99,54,3,13,78,38,81,12,94,18,95" hai2="39,36,48,8,70,121,120,35,132,49,0,25,23" hai3="119,79,15,33,41,75,67,116,123,71,27,44,133"/><V1/><F35/><W108/><G15/><T63/><D129/><U34/><E3/><V56/><F132/><W7/><G7/><T88/><D2/><U83/><E34/><V10/><F56/><W11/><G11/><T58/><D4/><U117/><E117/><V19/><F23/><W111/><G123/><T85/><D100/><U57/><E38/><V14/><F14/><W66/><G133/><T17/><D115/><U73/><E81/><V65/><F65/><W131/><G67/><T98/><D98/><U55/><E99/><V31/><F19/><W89/><G89/><T82/><D114/><U135/><E135/><V134/><F134/><W113/><G131/><T72/><D72/><U60/><REACH who="1" step="1"/><E13/><REACH who="1" ten="244,75,262,409" step="2"/><V93/><F1/><W61/><G113/><T130/><D130/><U43/><E43/><AGARI ba="0,1" hai="16,17,43,45,50,52,58,63,82,85,88,96,101,105" machi="43" ten="30,7700,0" yaku="7,1,54,3" doraHai="64" who="0" fromWho="1" sc="244,87,75,-77,262,0,409,0" owari="331,13.0,-2,-50.0,262,-14.0,409,51.0" />
</Scene>
</mjloggm>