<mjloggm ver="2.3"><GO type="169" lobby="0"/><UN n0="%E3%81%A4%E3%81%AE%E3%81%A0%E2%98%86%E3%81%B2%E3%82%8D" n1="%E5%A4%AA%E3%81%8F%E3%81%AA%E3%81%84%E3%81%8A" n2="%28%3E%CF%89%3C%2A%29" n3="%E6%B9%8A%E3%81%AE%E9%87%A3%E5%B8%AB" dan="17,18,16,16" rate="2189.02,2245.55,2183.63,2051.13" sx="F,F,F,M"/><TAIKYOKU oya="0"/>

<Scene>
<INIT seed="0,0,0,2,2,130" ten="250,250,250,250" oya="0" hai0="80,35,103,4,32,118,112,128,89,84,105,131,76" hai1="18,25,113,88,13,17,23,108,12,90,46,86,71" hai2="5,95,116,34,24,33,73,93,87,70,49,134,59" hai3="114,44,45,61,122,3,1,82,56,62,83,91,125"/><T43/><D118/><U127/><E71/><V67/><F70/><W75/><G114/><T102/><D112/><U65/><E113/><V26/><F73/><W47/><G125/><T63/><D43/><U36/><E127/><V92/><F5/><W109/><G109/><T40/><D40/><U132/><E108/><V68/><F68/><W22/><G122/><T29/><D4/><U120/><E120/><V117/><F87/><W55/><G62/><T19/><D63/><U106/><E106/><V28/><F67/><W60/><G60/><T124/><D124/><U14/><E65/><V58/><F49/><W57/><G57/><N who="2" m="21513" /><F28/><W110/><G110/><T97/><D103/><U99/><E36/><V101/><F101/><W107/><G107/><T81/><D19/><U98/><E46/><V94/><F94/><W2/><G91/><T7/><D7/><U129/><E129/><N who="0" m="49737" /><D29/><U42/><E42/><V51/><F51/><W135/><G75/><AGARI ba="0,0" hai="32,35,75,76,80,81,84,89,97,102,105" m="49737" machi="75" ten="30,1500,0" yaku="19,1" doraHai="130" who="0" fromWho="3" sc="250,15,250,0,250,0,250,-15" />
</Scene>
<Scene>
<INIT seed="0,1,0,5,5,40" ten="265,250,250,235" oya="0" hai0="56,69,30,113,122,115,26,87,51,92,59,2,76" hai1="10,97,73,14,110,47,89,49,98,36,4,127,22" hai2="124,81,18,52,34,0,72,117,57,93,20,91,112" hai3="135,54,60,35,120,17,100,31,79,125,21,12,41"/><T44/><D69/><U104/><E73/><V103/><F112/><W24/><G135/><T95/><D2/><U62/><E36/><V3/><F34/><W64/><G125/><T53/><D122/><U121/><E121/><V114/><F114/><W9/><G79/><T55/><D113/><U128/><E127/><V71/><F71/><W43/><G120/><T99/><D115/><U75/><E75/><V90/><F117/><W78/><G78/><T38/><D38/><U94/><E110/><V82/><F72/><W118/><G118/><T32/><D55/><U13/><E128/><V132/><F132/><W16/><G54/><T74/><D74/><U129/><E129/><V61/><F3/><W85/><G100/><T28/><D28/><U68/><E104/><V1/><F0/><W119/><G119/><T37/><D37/><U116/><E116/><V106/><F1/><W8/><G85/><T29/><D29/><U126/><E126/><V27/><F106/><W58/><G8/><T65/><D65/><U107/><E107/><V70/><F70/><W109/><G109/><T5/><D5/><U25/><E14/><AGARI ba="1,0" hai="9,12,14,16,17,21,24,31,35,41,43,58,60,64" machi="14" ten="30,2000,0" yaku="7,1,54,1" doraHai="40" who="3" fromWho="1" sc="265,0,250,-23,250,0,235,23" />
</Scene>
<Scene>
<INIT seed="1,0,0,5,5,88" ten="265,227,250,258" oya="1" hai0="127,37,1,74,26,11,64,17,36,94,126,86,14" hai1="56,31,5,25,75,117,133,112,54,48,35,47,52" hai2="98,109,81,41,132,80,97,45,72,58,61,93,105" hai3="107,12,18,83,32,9,30,129,55,110,42,95,21"/><U128/><E117/><V77/><F109/><W63/><G110/><T39/><D74/><U6/><E112/><V23/><F132/><W66/><G107/><T78/><D64/><U99/><E75/><V85/><F105/><W10/><G42/><T116/><D116/><U118/><E118/><V15/><F98/><W130/><G83/><T68/><D68/><U16/><E133/><V96/><F96/><W102/><G55/><T111/><D111/><U106/><E128/><N who="3" m="49258" /><G32/><T43/><D43/><U82/><E82/><V29/><F81/><W44/><G44/><T46/><D46/><U115/><E115/><V76/><F72/><W19/><G30/><T3/><D78/><U4/><E16/><N who="2" m="10655" /><F29/><W7/><G19/><T91/><REACH who="0" step="1"/><D26/><REACH who="0" ten="255,227,250,258" step="2"/><U89/><E54/><N who="2" m="34007" /><F45/><W108/><G108/><T113/><D113/><U71/><E71/><V100/><F41/><W104/><G66/><T122/><D122/><U8/><E47/><V59/><F59/><W92/><G63/><T131/><D131/><U34/><E56/><V84/><F77/><W65/><G65/><T33/><D33/><U67/><E35/><V90/><F76/><W70/><G70/><T38/><N who="0" m="9216" /><DORA hai="24" /><T119/><D119/><U123/><E67/><V50/><F50/><W101/><G104/><T40/><D40/><U114/><E114/><V51/><F51/><W27/><G27/><T125/><AGARI ba="0,1" hai="1,3,11,14,17,86,91,94,125,126,127" m="9216" machi="125" ten="70,8000,1" yaku="1,1,0,1,18,1,52,1,53,0" doraHai="88,24" doraHaiUra="0,79" who="0" fromWho="0" sc="255,90,227,-40,250,-20,258,-20" />
</Scene>
<Scene>
<INIT seed="2,0,0,2,4,83" ten="345,187,230,238" oya="2" hai0="51,111,123,39,116,112,133,76,20,73,46,94,98" hai1="47,44,87,93,48,56,66,53,77,95,32,117,69" hai2="134,63,34,71,80,104,108,129,115,67,8,40,23" hai3="14,4,61,0,27,29,81,65,12,109,86,102,124"/><V13/><F115/><W9/><G109/><T96/><D123/><U97/><E117/><V30/><F108/><W121/><G124/><T58/><D112/><U125/><E32/><V101/><F40/><W75/><G75/><T85/><D111/><U2/><E2/><V15/><F23/><W17/><G102/><T16/><D133/><U106/><E125/><V120/><F120/><W37/><G37/><T89/><D116/><U79/><E106/><V60/><F134/><W107/><G107/><T26/><D73/><U52/><E69/><V118/><F129/><W128/><G128/><T119/><D119/><U122/><E66/><V36/><F36/><W131/><G131/><T1/><D1/><U88/><E122/><V64/><F8/><W31/><G27/><T41/><D76/><N who="1" m="29259" /><E53/><V54/><F54/><W33/><G33/><T38/><D38/><U49/><E49/><V6/><F104/><W62/><G0/><T114/><D114/><U50/><E50/><V68/><F34/><W45/><G45/><T43/><D43/><U22/><E22/><V132/><F118/><W3/><G3/><T5/><D5/><U127/><E127/><V91/><F6/><W18/><G4/><T72/><D72/><U70/><E70/><V24/><F132/><W55/><G55/><T84/><D39/><U103/><AGARI ba="0,0" hai="44,47,48,52,56,87,88,93,95,97,103" m="29259" machi="103" ten="30,7900,0" yaku="8,1,52,1,54,2" doraHai="83" who="1" fromWho="1" sc="345,-20,187,79,230,-39,238,-20" />
</Scene>
<Scene>
<INIT seed="3,0,0,3,4,55" ten="325,266,191,218" oya="3" hai0="57,109,103,100,70,119,15,1,50,97,33,47,41" hai1="69,10,92,64,74,42,40,77,44,4,2,118,117" hai2="102,89,96,49,99,22,66,86,131,72,82,3,30" hai3="128,45,18,38,46,23,93,134,53,104,108,34,101"/><W75/><G128/><T123/><D33/><U71/><E92/><V80/><F3/><W28/><G104/><T88/><D1/><U85/><E85/><V105/><F131/><W31/><G75/><T113/><D119/><N who="1" m="45579" /><E64/><V114/><F114/><W90/><G101/><T35/><D35/><U106/><E106/><N who="2" m="63815" /><F30/><W125/><G125/><T76/><D70/><N who="1" m="26635" /><E44/><V13/><F22/><W133/><G34/><T54/><D113/><U56/><E56/><V95/><F13/><W62/><G38/><T0/><D0/><U63/><E63/><V26/><F26/><N who="3" m="14711" /><G108/><T112/><D109/><U120/><E120/><V37/><F49/><W87/><G134/><T25/><D123/><U43/><E77/><N who="2" m="44071" /><F66/><W5/><G133/><T111/><D112/><U7/><E74/><V24/><F24/><W16/><G45/><T110/><D110/><U36/><E36/><V78/><F37/><W116/><G46/><T52/><D111/><U29/><E7/><V32/><F32/><W81/><G5/><T126/><D25/><U67/><E67/><V84/><F105/><W121/><G116/><T73/><D47/><U79/><E29/><V127/><F127/><W21/><G121/><T8/><D126/><U68/><E68/><V12/><F12/><N who="3" m="9351" /><G28/><T107/><D107/><U6/><E6/><V51/><F51/><W48/><G31/><T132/><D50/><U61/><E61/><V14/><F14/><W115/><G115/><T11/><D15/><U91/><E42/><V60/><F60/><W124/><G124/><T9/><D41/><U59/><E43/><V83/><F78/><RYUUKYOKU ba="0,0" sc="325,-10,266,-10,191,30,218,-10" hai2="82,83,84,86,89,95,99" />
</Scene>
<Scene>
<INIT seed="4,1,0,1,2,43" ten="315,256,221,208" oya="0" hai0="45,74,42,102,12,114,115,59,19,72,125,132,55" hai1="118,84,50,39,124,34,119,93,16,25,21,4,88" hai2="68,69,80,101,122,36,100,75,44,103,53,104,54" hai3="76,87,86,20,17,35,5,8,77,27,26,81,109"/><T41/><D132/><U112/><E39/><V28/><F122/><W127/><G109/><T96/><D125/><U71/><E71/><N who="2" m="27211" /><F36/><W33/><G127/><T22/><D59/><U89/><E124/><V49/><F104/><W14/><REACH who="3" step="1"/><G27/><REACH who="3" ten="315,256,221,198" step="2"/><T67/><D114/><U64/><E112/><V73/><F73/><W0/><G0/><T38/><D74/><U131/><E118/><V32/><F75/><W129/><G129/><T51/><D72/><U47/><E119/><V13/><F13/><W56/><G56/><T128/><D115/><U11/><E131/><V1/><F1/><W111/><G111/><T40/><D128/><U105/><E25/><V92/><F103/><W99/><G99/><T58/><REACH who="0" step="1"/><D67/><REACH who="0" ten="305,256,221,198" step="2"/><U66/><E64/><V126/><F126/><W78/><G78/><T52/><D52/><U134/><E66/><V70/><F54/><W107/><G107/><AGARI ba="1,2" hai="12,19,22,38,40,41,42,45,51,55,58,96,102,107" machi="107" ten="30,5800,0" yaku="1,1,7,1,52,1,53,0" doraHai="43" doraHaiUra="82" who="0" fromWho="3" sc="305,81,256,0,221,0,198,-61" />
</Scene>
<Scene>
<INIT seed="4,2,0,5,1,45" ten="386,256,221,137" oya="0" hai0="56,57,95,2,43,32,106,87,92,31,21,71,75" hai1="25,58,128,54,5,46,84,55,1,86,26,12,97" hai2="123,88,105,48,77,82,100,80,129,91,6,62,72" hai3="135,64,73,93,112,38,17,16,28,7,42,23,27"/><T126/><D106/><U52/><E128/><V113/><F6/><W111/><G111/><T125/><D75/><U8/><E1/><V107/><F62/><W121/><G135/><T13/><D71/><U109/><E109/><V29/><F29/><W39/><G112/><T83/><D2/><U115/><E115/><V15/><F15/><W35/><G73/><T67/><D32/><U69/><E69/><V10/><F10/><W102/><G121/><T118/><D118/><U108/><E108/><V133/><F113/><W66/><G7/><T89/><D43/><U3/><E3/><V116/><F116/><W37/><G42/><T49/><D56/><U44/><E58/><V94/><F48/><W20/><G35/><T90/><D67/><U0/><E97/><N who="2" m="59447" /><F133/><W117/><G117/><T24/><D13/><U4/><E0/><V85/><F129/><W76/><G76/><T70/><D70/><U9/><E54/><V68/><F68/><W65/><G23/><T131/><D131/><U110/><E110/><V61/><F61/><W99/><AGARI ba="2,0" hai="16,17,20,27,28,37,38,39,64,65,66,93,99,102" machi="99" ten="40,2700,0" yaku="0,1,54,1" doraHai="45" who="3" fromWho="3" sc="386,-15,256,-9,221,-9,137,33" />
</Scene>
<Scene>
<INIT seed="5,0,0,5,0,86" ten="371,247,212,170" oya="1" hai0="126,102,30,112,84,18,27,81,100,106,63,51,115" hai1="59,58,93,110,85,28,7,61,25,14,94,22,119" hai2="11,13,29,113,77,16,37,111,47,108,19,124,36" hai3="62,21,132,31,117,42,109,40,53,2,52,107,38"/><U33/><E119/><V64/><F124/><W20/><G109/><T4/><D126/><U116/><E116/><V105/><F105/><W101/><G117/><T17/><D4/><U72/><E72/><V83/><F64/><W97/><G132/><T65/><D51/><U41/><E110/><V32/><F113/><N who="0" m="43594" /><D106/><U80/><E41/><V49/><F19/><N who="0" m="7178" /><D63/><U103/><E103/><V57/><F37/><W48/><G2/><T122/><D65/><U6/><E33/><V82/><F36/><W45/><G38/><T70/><D70/><U131/><E7/><V56/><F32/><W123/><G123/><T114/><D122/><U91/><E131/><V74/><F29/><W44/><G44/><T118/><D118/><U129/><E129/><V0/><F0/><W34/><G62/><T68/><D68/><U135/><E135/><V78/><F111/><W134/><G134/><T50/><D50/><U46/><E46/><V1/><F1/><W90/><G42/><T15/><D15/><U23/><E59/><V88/><F108/><W54/><G34/><N who="0" m="20831" /><D114/><U12/><E23/><V75/><F56/><W39/><G39/><T10/><D10/><N who="1" m="4183" /><E14/><V96/><F57/><W3/><G3/><T24/><D24/><U130/><E130/><V69/><F69/><W67/><G67/><AGARI ba="0,0" hai="22,25,28,58,61,67,80,85,91,93,94" m="4183" machi="67" ten="30,2900,0" yaku="8,1,52,1" doraHai="86" who="1" fromWho="3" sc="371,0,247,29,212,0,170,-29" />
</Scene>
<Scene>
<INIT seed="5,1,0,4,3,106" ten="371,276,212,141" oya="1" hai0="75,68,17,20,46,74,90,86,5,97,110,100,87" hai1="8,49,129,112,113,30,52,14,69,9,127,125,122" hai2="89,134,45,21,43,59,96,102,117,67,29,53,4" hai3="56,40,23,47,54,55,63,35,76,99,95,79,15"/><U108/><E122/><V92/><F117/><W118/><G35/><T22/><D68/><U71/><E30/><V37/><F134/><W133/><G133/><T130/><D110/><U65/><E108/><V109/><F109/><W72/><G118/><T70/><D70/><N who="1" m="26635" /><E65/><V10/><F67/><W19/><G55/><T82/><D5/><N who="1" m="3343" /><E9/><V124/><F124/><N who="1" m="47689" /><E129/><V116/><F116/><W80/><G76/><T62/><D130/><U32/><E32/><V24/><F10/><W6/><G6/><T3/><D3/><U12/><E12/><V91/><REACH who="2" step="1"/><F4/><REACH who="2" ten="371,276,202,141" step="2"/><W103/><G40/><T11/><D11/><U51/><E51/><AGARI ba="1,1" hai="21,24,29,37,43,45,51,53,59,89,91,92,96,102" machi="51" ten="30,3900,0" yaku="1,1,2,1,7,1,53,0" doraHai="106" doraHaiUra="33" who="2" fromWho="1" sc="371,0,276,-42,202,52,141,0" />
</Scene>
<Scene>
<INIT seed="6,0,0,2,5,43" ten="371,234,254,141" oya="2" hai0="23,25,79,119,129,53,109,18,37,28,60,4,118" hai1="16,19,29,0,93,91,40,10,72,32,12,48,127" hai2="80,95,106,92,45,22,77,76,67,66,44,63,99" hai3="20,125,50,115,39,90,114,36,58,70,15,59,31"/><V112/><F106/><W107/><G107/><T2/><D37/><N who="3" m="14409" /><G90/><T26/><D79/><N who="2" m="30282" /><F112/><N who="3" m="43051" /><G31/><T33/><D109/><U100/><E72/><V94/><F80/><W9/><G20/><T116/><D129/><U49/><E100/><V13/><F99/><W89/><G125/><T120/><D120/><U51/><E127/><V55/><F22/><W126/><G126/><T61/><D53/><U113/><E113/><V111/><F13/><W65/><G89/><T5/><D2/><U98/><E0/><V7/><F7/><AGARI ba="0,0" hai="4,5,7,18,23,25,26,28,33,60,61,116,118,119" machi="7" ten="40,1300,0" yaku="12,1" doraHai="43" who="0" fromWho="2" sc="371,13,234,0,254,-13,141,0" />
</Scene>
<Scene>
<INIT seed="7,0,0,2,4,89" ten="384,234,241,141" oya="3" hai0="132,72,126,106,36,35,70,17,122,13,92,20,99" hai1="105,0,77,66,107,29,100,78,63,101,8,86,74" hai2="22,50,134,62,123,43,18,14,96,117,133,57,81" hai3="16,116,84,75,102,109,95,125,121,55,131,113,76"/><W124/><G116/><T69/><D122/><U34/><E86/><V67/><F117/><W26/><G121/><T42/><D72/><U11/><E100/><V94/><F81/><N who="3" m="45215" /><G113/><T45/><D35/><U112/><E11/><V127/><F127/><N who="3" m="48715" /><G131/><T49/><D126/><U32/><E78/><V44/><REACH who="2" step="1"/><F123/><REACH who="2" ten="384,234,231,141" step="2"/><W71/><G109/><T87/><D132/><U59/><E112/><V85/><F85/><W129/><G129/><T68/><D87/><U114/><E114/><V10/><F10/><W58/><G71/><T6/><D70/><U38/><E8/><V98/><F98/><N who="3" m="59743" /><G84/><T120/><D69/><U1/><E74/><V115/><F115/><W88/><G88/><AGARI ba="0,1" hai="14,18,22,43,44,50,57,62,67,88,94,96,133,134" machi="88" ten="40,5200,0" yaku="1,1,52,1,54,1,53,0" doraHai="89" doraHaiUra="104" who="2" fromWho="3" sc="384,0,234,0,231,62,141,-52" owari="384,49.0,234,-17.0,293,9.0,89,-41.0" />
</Scene>
</mjloggm>