<mjloggm ver="2.3"><GO type="193"/><UN n0="%E3%83%A9%E3%83%83%E3%82%AD%E3%83%BC%EF%BC%97" n1="%E9%87%8E%E3%80%85%E4%B9%83" n2="%E5%A4%AA%E3%81%8F%E3%81%AA%E3%81%84%E3%81%8A" n3="%38%38%30%31%38%38%30%32" dan="12,12,11,11" rate="1668,1676,1759,1827" sx="F,M,M,M"/><TAIKYOKU oya="0"/>

<Scene>
<INIT seed="0,0,0,4,3,13" ten="250,250,250,250" oya="0" hai0="119,41,21,124,57,115,54,96,9,55,97,108,25" hai1="34,120,36,116,121,133,127,43,94,31,77,56,110" hai2="52,0,105,117,109,106,107,86,45,5,28,2,98" hai3="85,130,66,118,19,51,135,80,72,4,48,81,112"/><T125/><D119/><U61/><E77/><V60/><F117/><W40/><G118/><T122/><D122/><U76/><E76/><V17/><F109/><W64/><G112/><T11/><D115/><U78/><E78/><V79/><F28/><W12/><G135/><T88/><D41/><U69/><E69/><V6/><F98/><W42/><G130/><T95/><D97/><U35/><E116/><V3/><F17/><W30/><G72/><T46/><D46/><U65/><E110/><V113/><F113/><W26/><G4/><T134/><D108/><U44/><E127/><N who="0" m="48713" /><D134/><U114/><E114/><V59/><REACH who="2" step="1"/><F45/><REACH who="2" ten="250,250,240,250" step="2"/><N who="3" m="25639" /><G30/><N who="0" m="17711" /><D55/><U8/><E133/><V75/><F75/><W103/><G66/><T37/><D37/><U123/><E31/><V102/><F102/><W58/><G64/><T129/><D129/><U90/><E34/><V23/><F23/><N who="3" m="13695" /><G103/><T10/><D54/><U24/><E35/><V50/><F50/><W128/><G128/><T14/><D57/><U111/><E111/><V82/><AGARI ba="0,1" hai="0,2,3,5,6,52,59,60,79,82,86,105,106,107" machi="82" ten="40,12000,2" yaku="1,1,0,1,54,1,53,3" doraHai="13" doraHaiUra="32" who="2" fromWho="2" sc="250,-60,250,-30,240,130,250,-30" />
</Scene>
<Scene>
<INIT seed="1,0,0,4,2,73" ten="190,220,370,220" oya="1" hai0="100,99,119,91,8,116,17,104,89,124,121,20,86" hai1="130,77,93,52,115,82,48,132,34,70,95,55,66" hai2="63,79,97,74,57,7,67,13,4,35,54,37,25" hai3="110,2,98,42,38,129,90,32,103,125,111,61,3"/><U24/><E115/><V58/><F37/><W72/><G32/><T120/><D8/><U9/><E130/><V11/><F97/><W27/><G129/><T106/><D17/><U75/><E132/><V113/><F113/><W15/><G27/><T49/><D49/><U78/><E9/><V123/><F123/><N who="0" m="47178" /><D20/><U0/><E0/><V108/><F108/><N who="3" m="41515" /><G125/><T18/><D18/><U127/><E127/><V84/><F74/><W33/><G33/><T112/><D124/><U76/><E70/><V96/><F96/><W105/><G72/><T47/><D47/><U118/><E118/><N who="0" m="45097" /><D112/><U28/><E66/><V134/><F134/><W46/><G61/><T114/><D114/><U30/><E30/><V56/><F4/><W60/><G60/><T102/><D86/><U101/><E55/><V26/><F35/><W133/><G133/><T109/><D109/><U83/><E75/><V10/><F10/><W12/><G90/><N who="0" m="34315" /><D99/><U14/><E14/><AGARI ba="0,0" hai="2,3,12,14,15,38,42,46,98,103,105" m="41515" machi="14" ten="30,1000,0" yaku="14,1" doraHai="73" who="3" fromWho="1" sc="190,0,220,-10,370,0,220,10" />
</Scene>
<Scene>
<INIT seed="2,0,0,4,5,24" ten="190,210,370,230" oya="2" hai0="41,110,77,12,44,20,126,96,130,129,89,100,93" hai1="61,30,18,40,131,81,52,19,7,106,58,85,9" hai2="73,86,31,38,115,42,118,63,27,111,23,11,36" hai3="102,128,43,47,15,64,132,127,49,5,99,26,50"/><V0/><F118/><W22/><G132/><T70/><D70/><U32/><E106/><V112/><F73/><W1/><G128/><N who="0" m="49259" /><D126/><U14/><E40/><V121/><F121/><W16/><G127/><T67/><D67/><U107/><E107/><V104/><F104/><W90/><G102/><T123/><D123/><U98/><E98/><V83/><F111/><W71/><G1/><T116/><D116/><U80/><E131/><V134/><F134/><W55/><G64/><T35/><D35/><U37/><E37/><V13/><F0/><W72/><G72/><T82/><D110/><U25/><REACH who="1" step="1"/><E80/><REACH who="1" ten="190,200,370,230" step="2"/><V8/><F83/><W122/><G122/><T87/><D77/><AGARI ba="0,1" hai="7,9,14,18,19,25,30,32,52,58,61,77,81,85" machi="77" ten="30,8000,1" yaku="1,1,2,1,7,1,52,1,54,1,53,0" doraHai="24" doraHaiUra="66" who="1" fromWho="0" sc="190,-80,200,90,370,0,230,0" />
</Scene>
<Scene>
<INIT seed="3,0,0,2,2,66" ten="110,290,370,230" oya="3" hai0="69,1,3,14,61,60,28,79,95,40,120,125,121" hai1="47,100,26,22,104,21,54,112,31,73,52,49,63" hai2="132,78,5,65,91,113,85,48,80,110,133,101,4" hai3="41,0,59,20,37,2,70,131,126,68,12,109,114"/><W8/><G114/><T38/><D95/><U43/><E73/><V6/><F113/><W102/><G102/><T116/><D79/><U123/><E123/><N who="0" m="47177" /><D28/><U55/><E112/><V62/><F110/><W90/><G131/><T89/><D14/><U81/><E81/><V19/><F101/><W117/><G109/><T92/><D92/><U118/><E118/><V35/><F35/><W129/><G117/><T82/><D82/><U32/><E104/><V77/><F48/><W135/><G129/><T67/><D89/><U10/><E100/><V71/><F19/><W94/><G135/><AGARI ba="0,0" hai="4,5,6,62,65,71,77,78,80,85,91,132,133,135" machi="135" ten="40,2600,0" yaku="20,1,52,1" doraHai="66" who="2" fromWho="3" sc="110,0,290,0,370,26,230,-26" owari="110,-39.0,290,9.0,396,50.0,204,-20.0" />
</Scene>
</mjloggm>