<mjloggm ver="2.3"><GO type="169"/><UN n0="%E5%A4%AA%E3%81%8F%E3%81%AA%E3%81%84%E3%81%8A" n1="%E5%8F%8D%E9%99%BD%E5%AD%90%E3%81%95%E3%82%93" n2="%70%69%6F%76%61" n3="%E9%A2%A8%E8%BB%8A%E3%81%AE%E7%B5%B5%E7%90%86%E5%AD%90" dan="18,16,16,17" rate="2186,2116,2108,2159" sx="M,M,M,F"/><TAIKYOKU oya="0"/>

<Scene>
<INIT seed="0,0,0,5,1,116" ten="250,250,250,250" oya="0" hai0="106,57,58,70,91,121,72,107,112,62,108,66,48" hai1="103,6,100,115,80,95,32,24,83,11,40,132,113" hai2="77,102,92,85,20,118,61,22,30,117,98,1,79" hai3="68,47,123,18,34,28,84,90,21,59,86,135,54"/><T134/><D112/><N who="1" m="43083" /><E40/><V131/><F1/><W97/><G68/><T63/><D72/><U124/><E132/><V16/><F131/><W19/><G135/><T74/><D74/><U15/><E124/><V8/><F61/><W71/><G71/><T81/><D134/><U43/><E43/><V126/><F126/><W33/><G28/><T75/><D108/><U9/><E9/><V53/><F53/><W69/><G69/><T122/><D48/><U105/><E105/><V27/><F8/><W50/><G34/><T5/><D5/><U14/><E14/><V46/><F46/><W49/><G33/><T52/><D70/><U119/><E119/><N who="2" m="45579" /><F85/><W35/><G35/><T129/><D129/><U42/><E42/><V125/><F125/><W17/><G123/><T38/><D38/><U87/><E95/><V31/><F31/><W37/><G37/><T76/><REACH who="0" step="1"/><D91/><REACH who="0" ten="240,250,250,250" step="2"/><N who="1" m="51711" /><E80/><V82/><F82/><W29/><G50/><T94/><D94/><U64/><E103/><V56/><F56/><W26/><G59/><T110/><D110/><U2/><E100/><V10/><F102/><W99/><G90/><T39/><D39/><U104/><E6/><V133/><F92/><W67/><G49/><T36/><D36/><U51/><E51/><V73/><F133/><W88/><G88/><T0/><D0/><U45/><E2/><V60/><F73/><W41/><G47/><T93/><D93/><U127/><E45/><V44/><F44/><W7/><G7/><T4/><D4/><U128/><E127/><V23/><F60/><W114/><G114/><T12/><D12/><RYUUKYOKU ba="0,1" sc="240,30,250,-10,250,-10,250,-10" hai0="52,57,58,62,63,66,75,76,81,106,107,121,122" />
</Scene>
<Scene>
<INIT seed="0,1,1,3,4,49" ten="270,240,240,240" oya="0" hai0="54,127,85,9,130,22,107,51,77,76,115,128,8" hai1="18,83,68,30,72,92,60,50,102,47,1,32,57" hai2="73,41,58,42,75,122,6,113,134,124,86,108,40" hai3="90,81,26,53,36,70,116,97,84,55,56,63,5"/><T3/><D115/><U91/><E1/><V93/><F113/><W52/><G36/><T15/><D107/><U12/><E68/><V117/><F122/><W69/><G116/><T24/><D3/><U14/><E32/><V118/><F108/><W65/><G5/><N who="0" m="3471" /><D9/><U0/><E0/><V79/><F134/><W105/><REACH who="3" step="1"/><G26/><REACH who="3" ten="270,240,240,230" step="2"/><T64/><D24/><U126/><E14/><V25/><F6/><W131/><G131/><T33/><D130/><U94/><E12/><V106/><F25/><W98/><G98/><T35/><D128/><U45/><E126/><V135/><F124/><W109/><G109/><T80/><D127/><U119/><E119/><V38/><F38/><W114/><G114/><T99/><D99/><U112/><E112/><V20/><F118/><W17/><G17/><T16/><D16/><U66/><E18/><V132/><F117/><W88/><G88/><T129/><D129/><U104/><E91/><V71/><F135/><W59/><G59/><T111/><D111/><U82/><E57/><V95/><F58/><W2/><G2/><T31/><D35/><U19/><E19/><V125/><F132/><W61/><G61/><T87/><D33/><U96/><E60/><V123/><F125/><W74/><G74/><T37/><D37/><U103/><E72/><V39/><F75/><W78/><G78/><T110/><D77/><U27/><E96/><V13/><F79/><W23/><G23/><T21/><D76/><U121/><E27/><V29/><F39/><W133/><G133/><T100/><D110/><U62/><E62/><V28/><F73/><RYUUKYOKU ba="1,2" sc="270,-10,240,-10,240,-10,230,30" hai3="52,53,55,56,63,65,69,70,81,84,90,97,105" />
</Scene>
<Scene>
<INIT seed="1,2,2,3,1,112" ten="260,230,230,260" oya="1" hai0="56,8,61,126,10,11,105,1,80,40,47,72,104" hai1="50,16,107,63,21,130,5,33,92,59,94,52,116" hai2="79,135,84,12,7,119,129,115,26,69,43,133,128" hai3="64,125,22,76,28,77,36,67,106,58,97,46,23"/><U44/><E33/><V31/><F69/><W13/><G125/><T114/><D114/><U78/><E107/><V113/><F43/><W110/><G110/><T111/><D111/><U25/><E130/><N who="2" m="50283" /><F79/><W9/><G36/><T41/><D126/><U42/><E116/><V98/><F98/><W48/><G106/><T15/><D1/><U19/><E5/><V18/><F84/><W66/><G97/><T55/><D15/><U95/><E78/><N who="3" m="30314" /><G58/><T30/><D72/><U51/><REACH who="1" step="1"/><E19/><REACH who="1" ten="260,220,230,260" step="2"/><V88/><F7/><N who="3" m="3263" /><G28/><T122/><D30/><U68/><E68/><V100/><F115/><W134/><G134/><T132/><D132/><U65/><E65/><V131/><F113/><W121/><G121/><T75/><D122/><U57/><E57/><V118/><F131/><W54/><AGARI ba="2,3" hai="22,23,46,48,54,64,66,67" m="3263,30314" machi="54" ten="30,1100,0" yaku="8,1" doraHai="112" who="3" fromWho="3" sc="260,-5,220,-7,230,-5,260,47" />
</Scene>
<Scene>
<INIT seed="2,0,0,1,1,31" ten="255,213,225,307" oya="2" hai0="24,9,14,20,8,134,126,92,71,122,3,97,55" hai1="36,49,54,94,6,118,128,50,76,100,18,77,120" hai2="37,125,42,86,103,119,58,135,83,28,87,129,33" hai3="63,22,104,124,127,40,112,45,68,82,32,39,102"/><V2/><F119/><W66/><G22/><T130/><D122/><U17/><E118/><V95/><F2/><W10/><G10/><T60/><D134/><U96/><E36/><V113/><F113/><W56/><G82/><T105/><D105/><U62/><E128/><V27/><F129/><W131/><G131/><T15/><D130/><U4/><E120/><V64/><F135/><W5/><G5/><N who="1" m="2154" /><E62/><V43/><F125/><N who="3" m="48203" /><G56/><N who="0" m="34847" /><D71/><U12/><E50/><V133/><F133/><W75/><G75/><T111/><D3/><U23/><E18/><V41/><F37/><W51/><G51/><T72/><D72/><U84/><E84/><V78/><F87/><W90/><G90/><N who="0" m="55447" /><D126/><U93/><E93/><V99/><REACH who="2" step="1"/><F58/><AGARI ba="0,0" hai="12,17,23,49,54,58,76,77,94,96,100" m="2154" machi="58" ten="30,1000,0" yaku="8,1" doraHai="31" who="1" fromWho="2" sc="255,0,213,10,225,-10,307,0" />
</Scene>
<Scene>
<INIT seed="3,0,0,1,3,129" ten="255,223,215,307" oya="3" hai0="4,58,46,73,96,52,67,106,7,16,24,66,97" hai1="103,41,134,95,38,18,10,81,13,75,17,115,123" hai2="87,40,114,25,120,48,27,76,30,6,90,32,49" hai3="79,35,33,31,21,127,118,78,9,12,2,3,14"/><W92/><G92/><T99/><D73/><U0/><E115/><V80/><F114/><W72/><G72/><T126/><D106/><U119/><E123/><V101/><F120/><W60/><G60/><N who="0" m="35911" /><D126/><U5/><E119/><V122/><F122/><W83/><G83/><T88/><D46/><N who="1" m="23863" /><E13/><V82/><F101/><W8/><G79/><T112/><D112/><U85/><E134/><V121/><F121/><W36/><G36/><T37/><D37/><U26/><E26/><V109/><F109/><W57/><G57/><T70/><D70/><U63/><E63/><V59/><F40/><W69/><G78/><T20/><D88/><N who="1" m="53647" /><E103/><V19/><F6/><AGARI ba="0,0" hai="4,6,7,16,20,24,66,67,96,97,99" m="35911" machi="6" ten="30,3900,0" yaku="8,1,54,2" doraHai="129" who="0" fromWho="2" sc="255,39,223,0,215,-39,307,0" />
</Scene>
<Scene>
<INIT seed="4,0,0,4,5,67" ten="294,223,176,307" oya="0" hai0="105,71,82,74,41,2,77,48,65,37,33,13,51" hai1="98,45,23,97,5,36,20,86,87,83,15,39,43" hai2="114,32,130,12,88,94,73,70,54,110,116,78,126" hai3="69,66,11,14,99,121,131,128,19,44,38,9,61"/><T109/><D33/><U85/><E83/><V104/><RYUUKYOKU type="yao9" ba="0,0" sc="294,0,223,0,176,0,307,0" hai2="12,32,54,70,73,78,88,94,104,110,114,116,126,130" />
</Scene>
<Scene>
<INIT seed="4,1,0,5,2,95" ten="294,223,176,307" oya="0" hai0="84,62,135,43,133,134,119,125,85,131,121,57,89" hai1="15,66,86,0,77,40,130,94,24,80,128,98,17" hai2="118,75,59,12,65,109,56,8,48,108,11,70,123" hai3="126,101,87,36,3,74,61,129,44,31,19,50,110"/><T13/><D121/><U6/><E24/><V82/><F123/><W124/><G74/><T92/><D119/><U55/><E66/><V21/><F118/><W20/><G3/><T10/><D125/><U81/><E40/><V72/><F21/><W64/><G36/><T27/><D131/><U60/><E81/><V107/><F107/><W30/><G110/><T120/><D120/><U1/><E60/><V49/><F12/><N who="3" m="9319" /><G87/><N who="0" m="52287" /><D43/><U39/><E55/><V37/><F82/><W18/><G18/><N who="0" m="8503" /><D27/><U5/><E39/><V99/><F65/><AGARI ba="1,0" hai="57,62,65,84,85,133,134,135" m="8503,52287" machi="65" ten="30,1500,0" yaku="20,1" doraHai="95" who="0" fromWho="2" sc="294,18,223,0,176,-18,307,0" />
</Scene>
<Scene>
<INIT seed="4,2,0,5,1,125" ten="312,223,158,307" oya="0" hai0="15,98,131,27,3,68,20,81,112,116,119,7,43" hai1="134,30,122,82,1,64,59,61,56,97,38,26,22" hai2="34,88,23,105,99,49,51,74,16,90,129,110,46" hai3="12,29,18,87,78,37,132,67,135,115,76,6,114"/><T120/><D68/><U66/><E122/><V127/><F34/><W35/><G37/><T96/><D120/><U4/><E38/><V85/><F110/><W13/><G67/><T50/><D3/><U100/><E134/><N who="3" m="51242" /><G87/><T111/><D111/><U108/><E108/><V118/><F74/><W128/><G78/><T75/><D75/><U31/><E82/><V63/><F127/><W32/><G76/><T57/><D81/><U17/><E4/><V24/><F118/><W62/><G62/><T86/><D86/><U101/><E1/><V80/><F63/><W47/><G47/><T69/><D69/><U8/><E8/><V83/><F83/><W42/><G42/><T124/><D124/><U54/><E66/><V25/><F49/><W0/><G128/><T33/><D131/><U41/><E41/><N who="2" m="25039" /><F105/><W126/><G126/><T55/><D43/><U73/><E73/><V117/><F129/><W39/><G39/><T133/><D133/><U104/><REACH who="1" step="1"/><E101/><REACH who="1" ten="312,213,158,307" step="2"/><V10/><F117/><W36/><G36/><T79/><D119/><U107/><E107/><V40/><F40/><W92/><G0/><T60/><D116/><U94/><E94/><N who="2" m="56791" /><F10/><N who="3" m="4183" /><G92/><T91/><D7/><U5/><E5/><V71/><F71/><W19/><G35/><T45/><D33/><U70/><E70/><V106/><F106/><W53/><G53/><T9/><D55/><U72/><E72/><V123/><F123/><W65/><G65/><T28/><D79/><U130/><E130/><V93/><F80/><W109/><G109/><T77/><D77/><U95/><E95/><V84/><F84/><RYUUKYOKU ba="2,1" sc="312,-15,213,15,158,15,307,-15" hai1="17,22,26,30,31,54,56,59,61,64,97,100,104" hai2="16,23,24,25,85,88,93" />
</Scene>
<Scene>
<INIT seed="5,3,1,1,3,8" ten="297,228,173,292" oya="1" hai0="81,66,103,22,108,55,41,47,12,14,54,15,70" hai1="67,76,24,37,87,85,71,109,125,31,129,11,45" hai2="88,59,73,34,9,58,107,134,2,53,61,0,26" hai3="18,121,133,35,78,72,44,10,96,64,50,111,23"/><U112/><E112/><V79/><F107/><W92/><G35/><T131/><D108/><U36/><E109/><V123/><F123/><W33/><G33/><T1/><D1/><U75/><E129/><V80/><F134/><W68/><G111/><T17/><D131/><U130/><E130/><V135/><F135/><W104/><G104/><T19/><D103/><U110/><E110/><V113/><F113/><W30/><G133/><T102/><D102/><U89/><E125/><V60/><F9/><W40/><G121/><T119/><D119/><U7/><E87/><V57/><F57/><W82/><G68/><T126/><D126/><U105/><E105/><V16/><F88/><W98/><G64/><T52/><D81/><N who="1" m="45215" /><E85/><V6/><F6/><W48/><G30/><T42/><D47/><U97/><E97/><V13/><F34/><W118/><G118/><T32/><D32/><N who="1" m="20583" /><E89/><V124/><F124/><W21/><G98/><T100/><D100/><U46/><E46/><V62/><F26/><W83/><G83/><T65/><D70/><U5/><E5/><V20/><F62/><W56/><G56/><T99/><D99/><U25/><E25/><V114/><F114/><W91/><G50/><T74/><D74/><U27/><E27/><V49/><F49/><W95/><G95/><T3/><D3/><N who="1" m="511" /><E45/><V84/><F84/><W38/><G48/><T127/><D127/><U90/><E90/><V106/><F106/><W128/><G128/><T94/><D94/><U4/><E4/><V39/><F39/><W86/><G86/><T101/><D101/><U77/><E77/><RYUUKYOKU ba="3,1" sc="297,-30,228,10,173,10,292,10" hai1="36,37,67,71" hai2="0,2,13,16,20,53,58,59,60,61,73,79,80" hai3="10,18,21,23,38,40,44,72,78,82,91,92,96" />
</Scene>
<Scene>
<INIT seed="5,4,1,1,3,73" ten="267,238,183,302" oya="1" hai0="11,50,135,22,98,74,104,42,93,60,95,80,62" hai1="127,70,19,107,43,9,134,29,92,20,30,67,48" hai2="122,37,45,125,38,111,46,57,113,84,34,105,76" hai3="79,91,99,87,28,128,124,66,110,12,17,35,112"/><U120/><E120/><V77/><F111/><W64/><G110/><T65/><D104/><U119/><E119/><V103/><F122/><W39/><G39/><T49/><D135/><U59/><E107/><V102/><F34/><W116/><G112/><T16/><D11/><U88/><E134/><V126/><F105/><W129/><G124/><N who="2" m="47721" /><F57/><W90/><G116/><T24/><D93/><U96/><E127/><V121/><F121/><W15/><G35/><T40/><D74/><U36/><E9/><V81/><F77/><W83/><G28/><T86/><D49/><U4/><E4/><V117/><F113/><W53/><G15/><T32/><D32/><U72/><E72/><V133/><F133/><W108/><G108/><T2/><D2/><U6/><E6/><V13/><F13/><W68/><G68/><T106/><D106/><U78/><E78/><V27/><F27/><W89/><G99/><T41/><D50/><U3/><E3/><V44/><F117/><W132/><G132/><T130/><D130/><N who="3" m="50281" /><G53/><T56/><D62/><N who="1" m="38367" /><E70/><V18/><F18/><W71/><G71/><T115/><D115/><U109/><E109/><V58/><F58/><W82/><G82/><T55/><D65/><U63/><E63/><V47/><N who="2" m="11264" /><DORA hai="94" /><V33/><F33/><W21/><AGARI ba="4,1" hai="12,17,21,64,66,79,83,87,89,90,91" m="50281" machi="21" ten="30,2000,0" yaku="19,1,52,1" doraHai="73,94" who="3" fromWho="3" sc="267,-9,238,-14,183,-9,302,42" />
</Scene>
<Scene>
<INIT seed="6,0,0,4,2,10" ten="258,224,174,344" oya="2" hai0="129,63,8,130,0,96,36,66,43,24,93,18,122" hai1="134,76,85,89,74,6,56,116,35,128,49,25,79" hai2="47,45,54,77,22,4,17,30,118,84,114,52,126" hai3="111,104,28,119,124,105,95,1,94,98,64,86,103"/><V57/><F118/><W50/><G1/><T91/><D122/><U34/><E116/><V123/><F123/><W13/><G28/><T19/><D36/><U113/><E113/><V75/><F75/><W26/><G119/><T38/><D38/><U3/><E134/><V16/><F114/><W131/><G26/><T87/><D43/><U71/><E71/><V110/><F4/><W48/><G111/><T101/><D24/><U21/><E128/><N who="0" m="49257" /><D0/><U20/><E20/><V127/><F110/><W42/><G131/><T58/><D8/><U121/><E121/><V81/><F30/><W125/><G64/><T133/><D133/><U65/><E3/><V72/><F72/><W70/><G70/><T132/><D132/><U78/><E6/><V15/><F17/><W51/><G42/><T59/><D59/><U106/><E106/><AGARI ba="0,0" hai="18,19,58,63,66,87,91,93,96,101,106" m="49257" machi="106" ten="30,1000,0" yaku="19,1" doraHai="10" who="0" fromWho="1" sc="258,10,224,-10,174,0,344,0" />
</Scene>
<Scene>
<INIT seed="7,0,0,0,2,115" ten="268,214,174,344" oya="3" hai0="3,121,81,71,113,85,63,35,109,53,20,26,98" hai1="129,94,130,54,72,33,132,42,5,123,57,73,78" hai2="86,104,37,74,102,128,112,38,59,13,0,101,7" hai3="24,93,82,133,52,96,58,47,32,122,31,44,55"/><W131/><G122/><T103/><D121/><U120/><E33/><V100/><F112/><W2/><G2/><T34/><D3/><U19/><E132/><V89/><F128/><N who="1" m="49257" /><E5/><V25/><F0/><W30/><G131/><T50/><D109/><U83/><E73/><V110/><F110/><W56/><G31/><T23/><D23/><U114/><E114/><V79/><F25/><W76/><G133/><T8/><D8/><U10/><E42/><V1/><F1/><W27/><G27/><T6/><D6/><U46/><E46/><V108/><F108/><W9/><G9/><T91/><D63/><N who="1" m="36279" /><E94/><V41/><F104/><W118/><G118/><T39/><D39/><U111/><E111/><V75/><F59/><W22/><G32/><T14/><D71/><U60/><E60/><V106/><F106/><W18/><G30/><T40/><D40/><U126/><E126/><V29/><F29/><W127/><G127/><T90/><D113/><U48/><E48/><V99/><F99/><W80/><G58/><T15/><D35/><U77/><E77/><V134/><F134/><W67/><G76/><T95/><D34/><U62/><E62/><V124/><F124/><W70/><G70/><T69/><D69/><U43/><E43/><V16/><F7/><W117/><G56/><T36/><D36/><N who="2" m="13930" /><F41/><W87/><G47/><T4/><D4/><U107/><E107/><V92/><F79/><W119/><G44/><T135/><D135/><U66/><E66/><V84/><F84/><W68/><G87/><T105/><D85/><U88/><E88/><V17/><F17/><RYUUKYOKU ba="0,0" sc="268,-15,214,15,174,15,344,-15" hai1="10,19,72,78,83,120,123" hai2="13,16,74,75,86,89,92,100,101,102" owari="253,5.0,229,-17.0,189,-31.0,329,43.0" />
</Scene>
</mjloggm>