<mjloggm ver="2.3"><GO type="169" lobby="0"/><UN n0="%E3%83%89%E3%83%A9%E3%81%8F%E3%82%8C" n1="%E5%A4%AA%E3%81%8F%E3%81%AA%E3%81%84%E3%81%8A" n2="%E3%81%99%E3%81%9A%E3%82%81%E3%82%AF%E3%83%AC%E3%82%A4%E3%82%B8%E3%83%BC" n3="%EF%BC%A0%E6%A3%AE" dan="16,18,17,16" rate="2052.73,2199.57,2159.49,2123.53" sx="M,F,M,F"/><TAIKYOKU oya="0"/>

<Scene>
<INIT seed="0,0,0,0,5,6" ten="250,250,250,250" oya="0" hai0="29,12,129,19,60,89,65,14,119,4,102,39,115" hai1="67,1,105,46,10,15,52,20,81,121,70,23,44" hai2="33,54,128,92,7,21,132,31,97,51,103,134,49" hai3="63,90,77,11,75,83,68,3,108,95,126,131,9"/><T72/><D115/><U113/><E121/><V16/><F128/><W37/><G131/><T18/><D4/><U94/><E105/><V13/><F7/><W40/><G108/><T42/><D72/><U61/><E1/><V64/><F64/><W127/><G3/><T93/><D29/><U57/><E113/><V59/><F33/><W120/><G120/><T2/><D2/><U62/><E81/><V106/><F31/><W26/><G26/><T30/><D30/><U110/><E110/><V50/><REACH who="2" step="1"/><F106/><REACH who="2" ten="250,250,240,250" step="2"/><W36/><G127/><T76/><D129/><U0/><E0/><V109/><F109/><W41/><G126/><T96/><D65/><U112/><E112/><V24/><F24/><W133/><G133/><AGARI ba="0,1" hai="13,16,21,49,50,51,54,59,92,97,103,132,133,134" machi="133" ten="40,5200,0" yaku="1,1,20,1,54,1,53,0" doraHai="6" doraHaiUra="71" who="2" fromWho="3" sc="250,0,250,0,240,62,250,-52" />
</Scene>
<Scene>
<INIT seed="1,0,0,4,0,18" ten="250,250,302,198" oya="1" hai0="90,111,38,72,51,4,114,0,43,70,46,80,20" hai1="9,47,15,100,58,85,120,50,14,73,129,133,63" hai2="49,3,127,11,93,115,44,105,131,34,124,40,62" hai3="98,54,125,45,8,108,106,132,119,134,92,23,12"/><U110/><E73/><V104/><F131/><W86/><G125/><N who="2" m="48201" /><F34/><W121/><G121/><T99/><D114/><U30/><E120/><V102/><F115/><W116/><G108/><T10/><D70/><U81/><E129/><V56/><F102/><W7/><G106/><T107/><D111/><U39/><E39/><V126/><F93/><W101/><G86/><T97/><D107/><U26/><E100/><V66/><F126/><W83/><G83/><T27/><D51/><U77/><E133/><N who="3" m="51306" /><G23/><T53/><D53/><U135/><E135/><V42/><F40/><W71/><G71/><T37/><D37/><U17/><E110/><V16/><F3/><W89/><G101/><T57/><D57/><U1/><E1/><V76/><F76/><W88/><G89/><T25/><D90/><U29/><E15/><AGARI ba="0,0" hai="11,15,16,42,44,49,56,62,66,104,105" m="48201" machi="15" ten="30,2000,0" yaku="18,1,54,1" doraHai="18" who="2" fromWho="1" sc="250,0,250,-20,302,20,198,0" />
</Scene>
<Scene>
<INIT seed="2,0,0,2,2,73" ten="250,230,322,198" oya="2" hai0="62,2,7,105,90,47,101,64,82,69,89,92,6" hai1="108,84,118,94,53,13,34,116,1,124,134,120,0" hai2="130,20,133,125,4,50,11,54,103,112,99,107,75" hai3="8,66,78,45,117,127,131,122,36,88,41,135,68"/><V25/><F112/><W113/><G122/><T35/><D35/><U74/><E74/><V40/><F130/><W27/><G131/><T17/><D105/><U115/><E53/><V86/><F133/><W114/><G135/><T60/><D101/><U3/><E134/><V26/><F125/><W16/><G127/><T76/><D17/><U51/><E124/><V79/><F75/><W23/><G117/><T24/><D24/><U18/><E115/><N who="3" m="44042" /><G8/><T57/><D47/><U31/><E51/><V126/><F126/><W121/><G121/><T56/><D2/><U42/><E42/><V19/><F40/><W95/><G78/><T32/><D32/><U104/><E34/><V72/><F72/><W77/><G77/><T58/><D62/><U22/><E120/><V5/><F26/><W9/><G9/><T55/><D55/><U44/><E116/><V61/><F61/><W63/><G95/><T30/><D92/><U28/><E94/><V12/><F86/><W111/><G111/><T37/><D60/><U87/><E108/><V128/><F79/><W102/><G102/><T49/><D76/><U119/><E119/><V46/><REACH who="2" step="1"/><F128/><REACH who="2" ten="250,230,312,198" step="2"/><W93/><G93/><T91/><D82/><U123/><E118/><V100/><F100/><W39/><G39/><T96/><D91/><AGARI ba="0,1" hai="16,23,27,36,41,45,63,66,68,88,91" m="44042" machi="91" ten="30,3900,0" yaku="11,1,54,2" doraHai="73" who="3" fromWho="0" sc="250,-39,230,0,312,0,198,49" />
</Scene>
<Scene>
<INIT seed="3,0,0,2,1,67" ten="211,230,312,247" oya="3" hai0="87,118,108,79,107,133,64,50,42,113,92,53,98" hai1="45,77,61,57,68,102,30,84,3,25,37,29,62" hai2="28,31,33,81,117,7,35,54,2,43,125,36,75" hai3="115,0,41,6,131,127,13,124,132,105,47,109,38"/><W63/><G115/><T16/><D113/><U93/><E3/><V112/><F125/><N who="3" m="48203" /><G131/><T34/><D118/><U26/><E77/><V58/><F31/><W70/><G132/><T59/><D133/><U52/><E37/><V55/><F28/><W24/><G24/><T135/><D34/><U23/><E45/><N who="2" m="23783" /><F55/><W60/><G105/><T121/><D107/><U83/><E83/><V48/><F117/><W91/><G0/><T99/><D135/><U44/><E44/><V80/><F80/><W74/><G74/><T123/><D42/><U19/><E26/><V134/><F134/><W130/><G130/><T89/><D79/><U120/><E120/><V49/><F48/><W128/><G128/><T114/><D114/><U51/><E51/><V88/><F112/><W72/><G72/><T40/><D123/><U111/><E30/><V85/><F35/><W96/><G109/><T10/><D108/><U86/><E111/><V65/><F33/><W69/><G91/><T103/><D89/><U12/><E102/><V122/><F2/><W5/><G96/><T82/><D99/><U116/><E116/><V21/><F81/><W4/><G13/><N who="0" m="7223" /><D121/><U20/><REACH who="1" step="1"/><E93/><REACH who="1" ten="211,220,312,247" step="2"/><V22/><F122/><W32/><G32/><T94/><D92/><U106/><E106/><V71/><F75/><W78/><G78/><T17/><D94/><U101/><E101/><V95/><F95/><W8/><G8/><T11/><D11/><U39/><E39/><V14/><F88/><W27/><G27/><T56/><D103/><U9/><E9/><N who="2" m="4415" /><F85/><W46/><G47/><T126/><D126/><RYUUKYOKU ba="0,1" sc="211,-30,220,10,312,10,247,10" hai1="12,19,20,23,25,29,52,57,61,62,68,84,86" hai2="21,22,49,54,58,65,71" hai3="4,5,6,38,41,46,60,63,69,70" />
</Scene>
<Scene>
<INIT seed="3,1,1,0,4,11" ten="181,230,322,257" oya="3" hai0="125,64,124,79,75,68,63,92,112,33,114,87,55" hai1="0,47,21,17,70,4,85,7,91,53,134,121,31" hai2="108,49,12,6,116,58,19,131,54,69,9,57,36" hai3="56,35,76,5,51,22,107,104,30,52,10,62,61"/><W83/><G35/><T67/><D33/><U122/><E70/><V65/><F116/><W133/><G133/><T46/><D75/><U14/><E134/><V27/><F36/><W96/><G107/><T41/><D79/><U110/><E110/><V48/><F108/><W26/><G96/><T39/><D87/><U89/><E31/><V1/><F69/><W102/><G102/><T45/><D92/><U86/><E0/><V100/><F131/><W24/><G24/><T38/><D67/><U74/><E74/><V128/><F100/><W105/><G104/><T77/><D77/><U37/><E122/><V25/><F128/><W18/><G18/><T71/><D71/><U94/><E121/><V32/><F32/><W120/><G105/><T50/><D39/><U93/><REACH who="1" step="1"/><E37/><REACH who="1" ten="181,220,322,257" step="2"/><V129/><F129/><W28/><G30/><T15/><D15/><U40/><E40/><V130/><F130/><W132/><G120/><T111/><D111/><U119/><E119/><V8/><F27/><W117/><G117/><T43/><D43/><U23/><E23/><V115/><F25/><W90/><G132/><T113/><AGARI ba="1,2" hai="38,41,45,46,50,55,63,64,68,112,113,114,124,125" machi="113" ten="40,8000,1" yaku="0,1,11,1,34,3" doraHai="11" who="0" fromWho="0" sc="181,103,220,-21,322,-21,257,-41" />
</Scene>
<Scene>
<INIT seed="4,0,0,0,2,19" ten="284,199,301,216" oya="0" hai0="14,100,42,83,94,4,64,87,51,81,8,11,13" hai1="129,131,24,15,119,25,6,18,135,109,113,54,99" hai2="1,95,44,50,61,125,85,108,57,31,89,34,112" hai3="77,66,103,36,48,9,2,38,63,79,133,90,16"/><T49/><D64/><U130/><E109/><V116/><F108/><W134/><G103/><T93/><D100/><U35/><E99/><V55/><F112/><W127/><G127/><T118/><D118/><U0/><E54/><V76/><F1/><W20/><G90/><T123/><D123/><U78/><E78/><N who="3" m="29706" /><G48/><T56/><D56/><U111/><E111/><V59/><F125/><W74/><G74/><T91/><D83/><U80/><E80/><V102/><F116/><W104/><G104/><T41/><D51/><U23/><E119/><V46/><F76/><W132/><G9/><T5/><REACH who="0" step="1"/><D42/><REACH who="0" ten="274,199,301,216" step="2"/><U29/><E113/><V12/><F102/><W37/><G38/><T86/><D86/><U26/><E135/><V32/><F59/><N who="3" m="37247" /><G2/><T45/><AGARI ba="0,1" hai="4,5,8,11,13,14,41,45,49,81,87,91,93,94" machi="45" ten="30,12000,1" yaku="1,1,0,1,9,1,8,1,53,1" doraHai="19" doraHaiUra="43" who="0" fromWho="0" sc="274,130,199,-40,301,-40,216,-40" />
</Scene>
<Scene>
<INIT seed="4,1,0,5,2,134" ten="404,159,261,176" oya="0" hai0="71,15,66,129,68,22,118,97,70,32,49,126,50" hai1="57,16,130,79,107,31,42,46,8,9,28,83,112" hai2="62,33,34,20,115,0,21,94,36,108,10,26,98" hai3="88,123,51,44,96,125,90,30,80,2,3,131,114"/><T102/><D32/><U103/><E130/><V53/><F108/><W109/><G131/><T56/><D118/><U87/><E112/><V60/><F36/><W38/><G114/><T45/><D129/><U99/><E57/><V11/><F0/><W75/><G109/><T127/><D15/><U122/><E122/><V92/><F98/><W55/><G38/><T78/><D78/><U25/><E31/><V43/><F53/><W19/><G123/><T106/><D22/><U54/><E54/><V24/><REACH who="2" step="1"/><F115/><REACH who="2" ten="404,159,251,176" step="2"/><W128/><G2/><T89/><D97/><U7/><E99/><V35/><F35/><W74/><G3/><T63/><D66/><U121/><E121/><V23/><F23/><W113/><G96/><T111/><D111/><U67/><E67/><V100/><F100/><W59/><G55/><T58/><D102/><U101/><E103/><V105/><F105/><W52/><G52/><T86/><D106/><U41/><E101/><V124/><F124/><W14/><G125/><T13/><D127/><U5/><E107/><V39/><F39/><W85/><G128/><T61/><D126/><U120/><E120/><V76/><F76/><W84/><G113/><T77/><D77/><U17/><E79/><V4/><F4/><W81/><G90/><T65/><D65/><U133/><E5/><V104/><F104/><W48/><G88/><T135/><D89/><U73/><E7/><V82/><F82/><W72/><G80/><T37/><D37/><U116/><E83/><V40/><AGARI ba="1,1" hai="10,11,20,21,24,26,33,34,40,43,60,62,92,94" machi="40" ten="25,6400,0" yaku="1,1,0,1,22,2,53,0" doraHai="134" doraHaiUra="12" who="2" fromWho="2" sc="404,-33,159,-17,251,77,176,-17" />
</Scene>
<Scene>
<INIT seed="5,0,0,3,1,45" ten="371,142,328,159" oya="1" hai0="32,109,102,96,14,88,66,11,55,104,107,21,87" hai1="47,59,27,24,103,61,85,105,127,132,76,115,48" hai2="79,119,82,78,70,3,80,51,17,86,81,10,58" hai3="111,67,63,19,49,93,57,35,114,123,84,34,54"/><U116/><E116/><V13/><F70/><W60/><G111/><T46/><D32/><U124/><E115/><V129/><F129/><W26/><G114/><T125/><D109/><U94/><E105/><V53/><F119/><W50/><G123/><T90/><D125/><N who="1" m="48203" /><E132/><V69/><F69/><W106/><G106/><T44/><D107/><U75/><E75/><V100/><F100/><W117/><G117/><T62/><D21/><U72/><E72/><V12/><F3/><W121/><G121/><T43/><D43/><N who="1" m="24703" /><E76/><V98/><F98/><W130/><G130/><T33/><D96/><N who="1" m="59799" /><E85/><V56/><F79/><W131/><G131/><T6/><D87/><U77/><E77/><V64/><F64/><AGARI ba="0,0" hai="24,27,59,61,64" m="59799,24703,48203" machi="64" ten="30,2900,0" yaku="18,1,52,1" doraHai="45" who="1" fromWho="2" sc="371,0,142,29,328,-29,159,0" />
</Scene>
<Scene>
<INIT seed="5,1,0,4,4,112" ten="371,171,299,159" oya="1" hai0="73,40,71,68,79,19,1,60,108,31,84,123,21" hai1="41,12,121,107,134,130,129,53,105,116,74,43,61" hai2="91,85,81,16,117,135,113,4,87,14,7,25,26" hai3="110,38,33,80,69,59,58,96,52,13,70,2,127"/><U22/><E121/><V34/><F117/><W50/><G110/><T65/><D108/><U102/><E74/><V48/><F113/><W27/><G2/><T103/><D1/><U100/><E134/><V66/><F66/><W125/><G38/><T99/><D123/><U109/><E109/><V106/><F106/><N who="1" m="40457" /><E53/><V133/><F34/><W128/><G128/><N who="1" m="49258" /><E61/><V3/><F3/><W119/><G119/><T98/><D73/><U111/><E111/><V86/><F48/><W120/><G120/><T45/><D60/><U92/><E116/><V55/><F55/><W94/><G80/><T97/><D65/><U29/><E12/><V75/><F75/><W77/><G13/><T44/><D40/><N who="1" m="15435" /><E92/><V72/><F72/><W78/><G59/><T126/><D45/><U131/><N who="1" m="49266" /><U83/><DORA hai="49" /><E83/><V6/><F133/><W46/><G46/><T11/><D44/><U17/><E17/><V93/><F81/><W132/><G132/><T90/><D19/><U89/><E89/><V9/><REACH who="2" step="1"/><F135/><REACH who="2" ten="371,171,289,159" step="2"/><W24/><G33/><T20/><D90/><U104/><E104/><V0/><F0/><W35/><G35/><T118/><D118/><U63/><E63/><V8/><F8/><W10/><G10/><T88/><D11/><U56/><E56/><V36/><F36/><W122/><G58/><T51/><D88/><U47/><E47/><V42/><F42/><W82/><G122/><T124/><D51/><U28/><E22/><V39/><F39/><W15/><G50/><T32/><D20/><U23/><E23/><V67/><F67/><W30/><G82/><RYUUKYOKU ba="1,1" sc="371,-15,171,15,289,15,159,-15" hai1="28,29,100,102" hai2="4,6,7,9,14,16,25,26,85,86,87,91,93" />
</Scene>
<Scene>
<INIT seed="5,2,1,2,5,11" ten="356,186,304,144" oya="1" hai0="54,36,112,8,127,12,47,68,84,76,69,78,115" hai1="92,98,117,113,28,48,37,104,26,128,101,77,44" hai2="130,125,109,82,80,15,83,116,42,99,19,67,23" hai3="10,87,123,111,134,107,102,65,79,55,60,61,90"/><U106/><E117/><V95/><F109/><W4/><G111/><T120/><D120/><U17/><E113/><N who="0" m="43593" /><D127/><U50/><E128/><V124/><F130/><W93/><G134/><T122/><D122/><U3/><E3/><V59/><F42/><W58/><G123/><T14/><D84/><U129/><E129/><V18/><F116/><W49/><G79/><N who="0" m="30251" /><D8/><U0/><E77/><V2/><F2/><W27/><G27/><T121/><D121/><U24/><E0/><V100/><F67/><W118/><G118/><T53/><D36/><U7/><E37/><V43/><F59/><W75/><G75/><T52/><D47/><U63/><E44/><V57/><F57/><W46/><G61/><T91/><D91/><U13/><E63/><V40/><F125/><W85/><G102/><T132/><D132/><U29/><E101/><V45/><F45/><W32/><G32/><T9/><D9/><U56/><E56/><V71/><F71/><AGARI ba="2,1" hai="12,14,52,53,54,68,69,71" m="30251,43593" machi="71" ten="40,12000,2" yaku="28,2,15,1,52,2,54,1" doraHai="11" who="0" fromWho="2" sc="356,136,186,0,304,-126,144,0" />
</Scene>
<Scene>
<INIT seed="6,0,0,2,3,41" ten="492,186,178,144" oya="2" hai0="24,1,52,130,119,124,18,107,28,46,76,50,114" hai1="32,82,26,132,7,3,34,39,88,38,102,135,57" hai2="112,99,78,118,20,51,101,81,122,63,17,21,100" hai3="68,84,90,105,80,93,30,123,109,44,23,86,70"/><V71/><F122/><W74/><G109/><T115/><D119/><U35/><E102/><V45/><F118/><W104/><G123/><T14/><D1/><U49/><E26/><V15/><F112/><W64/><G74/><T47/><D107/><U31/><E31/><V22/><F71/><W69/><G64/><T33/><D130/><U16/><E16/><N who="2" m="10271" /><F63/><W59/><G59/><N who="0" m="33175" /><D76/><U106/><E106/><V43/><F99/><W77/><REACH who="3" step="1"/><G44/><REACH who="3" ten="492,186,178,134" step="2"/><T48/><D47/><U79/><E57/><V67/><F67/><W58/><G58/><T95/><D46/><U0/><E132/><V131/><F131/><W36/><G36/><T73/><D73/><U127/><E135/><V56/><F56/><W75/><G75/><T121/><D121/><U133/><E133/><V85/><F22/><W10/><G10/><T89/><D115/><U6/><E39/><V91/><F78/><W113/><G113/><T116/><D116/><U2/><E38/><V8/><F8/><W72/><G72/><T87/><D114/><U103/><E79/><V98/><F98/><W53/><G53/><T29/><D87/><U9/><E9/><V111/><F111/><W126/><G126/><T66/><D124/><U134/><E127/><V25/><AGARI ba="0,1" hai="17,21,25,43,45,51,81,85,91,100,101" m="10271" machi="25" ten="30,6000,0" yaku="8,1,52,1,54,1" doraHai="41" who="2" fromWho="2" sc="492,-20,186,-20,178,70,134,-20" />
</Scene>
<Scene>
<INIT seed="6,1,0,2,4,112" ten="472,166,248,114" oya="2" hai0="32,47,9,102,24,75,21,108,94,125,46,10,20" hai1="73,89,17,6,116,128,18,126,59,13,15,12,104" hai2="67,44,118,117,52,115,113,123,101,109,0,56,83" hai3="53,119,55,69,131,120,107,27,121,76,91,35,99"/><V103/><F0/><W114/><G131/><T51/><D75/><U37/><E37/><V124/><F123/><W25/><G69/><T66/><D108/><U26/><E104/><V39/><F109/><W77/><G114/><N who="2" m="43529" /><F124/><W49/><G107/><T28/><D125/><U3/><E73/><V41/><F67/><W70/><G70/><T105/><D105/><U85/><E126/><V135/><F83/><W7/><G7/><T130/><D66/><U81/><E128/><V54/><F54/><W122/><G35/><T133/><D130/><U92/><E116/><N who="2" m="44651" /><F135/><W86/><G119/><T1/><D1/><U78/><E3/><V36/><F39/><W97/><G120/><T19/><D133/><U68/><E81/><V88/><F88/><W79/><G121/><T100/><D102/><U45/><E89/><V90/><F90/><W43/><G122/><T87/><D100/><U58/><E78/><V111/><F111/><W95/><G55/><T74/><D74/><U132/><E132/><V110/><F110/><W72/><G72/><T82/><D82/><U29/><E85/><V80/><F80/><W5/><G43/><T34/><D87/><U129/><E129/><V71/><F71/><W63/><G63/><AGARI ba="1,0" hai="36,41,44,52,56,63,101,103" m="44651,43529" machi="63" ten="30,12000,1" yaku="15,1,52,3,54,1" doraHai="112" who="2" fromWho="3" sc="472,0,166,0,248,123,114,-123" owari="472,57.0,166,-23.0,371,17.0,-9,-51.0" />
</Scene>
</mjloggm>