<mjloggm ver="2.3"><GO type="193"/><UN n0="%E3%82%AD%E3%83%B3%E3%83%84%E3%83%90" n1="%E5%A4%AA%E3%81%8F%E3%81%AA%E3%81%84%E3%81%8A" n2="%4F%CF%80" n3="%E3%83%87%E3%83%83%E3%82%AD%E3%83%B3%E3%82%BD%E3%83%B3" dan="11,7,13,10" rate="1543,1712,1695,1530" sx="F,M,M,M"/><TAIKYOKU oya="0"/>

<Scene>
<INIT seed="0,0,0,0,3,40" ten="250,250,250,250" oya="0" hai0="5,57,133,129,111,135,104,31,11,12,82,6,134" hai1="62,36,64,63,66,4,32,41,3,45,58,75,95" hai2="59,116,30,26,53,16,20,48,39,90,9,110,77" hai3="19,38,21,130,0,87,49,96,83,103,88,42,122"/><T25/><D104/><U2/><E32/><V92/><F116/><W114/><G122/><T54/><D111/><U132/><E75/><V15/><F110/><W89/><G114/><T72/><D129/><U43/><E132/><V93/><F39/><W98/><G130/><T56/><D72/><U119/><E119/><V80/><REACH who="2" step="1"/><F90/><REACH who="2" ten="250,250,240,250" step="2"/><W113/><G113/><T13/><D82/><U23/><E4/><V106/><F106/><W10/><G38/><T55/><D5/><U33/><E33/><V84/><AGARI ba="0,1" hai="9,15,16,20,26,30,48,53,59,77,80,84,92,93" machi="84" ten="20,12000,2" yaku="1,1,0,1,7,1,8,1,54,1,53,2" doraHai="40" doraHaiUra="91" who="2" fromWho="2" sc="250,-60,250,-30,240,130,250,-30" />
</Scene>
<Scene>
<INIT seed="1,0,0,1,3,22" ten="190,220,370,220" oya="1" hai0="82,13,15,64,123,130,59,117,5,115,111,112,106" hai1="52,102,19,126,65,71,34,27,54,10,21,26,83" hai2="48,24,69,41,80,38,18,132,67,31,2,40,63" hai3="50,66,103,1,91,125,116,128,120,110,61,99,37"/><U98/><E126/><V114/><F2/><W17/><G125/><T20/><D117/><U72/><E10/><V36/><F132/><W30/><G116/><T78/><D123/><U113/><E113/><V57/><F114/><W107/><G110/><T76/><D130/><U32/><E83/><V7/><F18/><W73/><G120/><T93/><D111/><U109/><E72/><V96/><F7/><W127/><G127/><T101/><D112/><U105/><E109/><V44/><F80/><W129/><G1/><T134/><D115/><U35/><REACH who="1" step="1"/><E27/><REACH who="1" ten="190,210,370,220" step="2"/><V81/><F81/><W42/><G37/><T84/><D106/><U74/><E74/><V39/><F24/><W4/><G73/><T28/><D134/><U12/><E12/><V45/><F96/><W8/><G8/><T60/><D76/><U121/><E121/><V133/><F31/><W122/><G4/><T46/><D5/><U23/><E23/><V11/><F11/><W55/><G122/><T56/><D20/><U90/><E90/><V62/><F133/><W6/><G6/><T119/><D119/><U89/><E89/><V86/><F86/><W25/><G91/><T88/><D28/><U9/><E9/><V118/><F118/><W124/><G124/><T100/><D15/><U94/><E94/><V33/><F33/><W79/><G79/><T108/><D108/><U77/><E77/><V53/><AGARI ba="0,1" hai="36,38,39,40,41,44,45,48,53,57,62,63,67,69" machi="53" ten="20,16000,3" yaku="0,1,7,1,35,6" doraHai="22" who="2" fromWho="2" sc="190,-40,210,-80,370,170,220,-40" />
</Scene>
<Scene>
<INIT seed="2,0,0,0,5,83" ten="150,130,540,180" oya="2" hai0="40,116,41,0,96,76,11,37,97,93,68,72,1" hai1="124,13,86,46,19,104,27,82,45,3,89,111,48" hai2="108,2,58,94,42,39,65,87,63,74,29,127,6" hai3="8,135,119,128,34,54,49,15,66,20,101,23,133"/><V122/><F74/><W17/><G119/><T33/><D116/><U47/><E3/><V117/><F122/><W131/><G66/><T57/><D68/><U130/><E104/><V26/><F117/><W50/><G101/><T25/><D96/><U78/><E111/><V62/><F127/><W107/><G107/><T84/><D84/><N who="1" m="48215" /><E124/><V9/><F108/><W106/><G106/><T132/><D132/><N who="3" m="50761" /><G50/><T92/><D72/><U85/><E130/><N who="3" m="49706" /><G54/><T81/><D37/><U43/><E27/><V99/><F63/><W16/><G49/><T52/><D33/><U120/><E120/><V60/><F62/><W115/><G34/><T80/><D76/><U61/><E61/><V5/><F42/><W36/><G36/><T125/><D125/><U112/><E112/><V59/><F39/><W95/><G95/><N who="0" m="36427" /><D1/><U28/><E28/><V70/><F87/><N who="1" m="33289" /><E89/><V91/><F6/><N who="3" m="3479" /><G115/><T90/><D0/><U77/><E77/><V38/><F38/><W32/><G32/><AGARI ba="0,0" hai="2,5,9,26,29,32,58,59,60,65,70,91,94,99" machi="32" ten="30,1500,0" yaku="7,1" doraHai="83" who="2" fromWho="3" sc="150,0,130,0,540,15,180,-15" />
</Scene>
<Scene>
<INIT seed="2,1,0,3,4,95" ten="150,130,555,165" oya="2" hai0="85,7,10,58,0,120,4,51,84,81,111,13,80" hai1="5,16,6,66,135,67,96,12,98,35,62,36,133" hai2="105,83,43,114,29,3,63,41,14,11,24,49,115" hai3="34,42,129,46,91,30,53,110,32,71,103,124,72"/><V104/><F3/><W92/><G53/><T97/><D120/><U79/><E36/><V118/><F118/><W101/><G91/><T89/><D111/><U56/><E35/><V116/><F116/><W125/><G92/><T27/><D27/><U47/><E79/><V90/><F63/><W88/><G88/><T25/><D97/><N who="1" m="37483" /><E47/><V77/><F90/><W74/><G101/><T64/><D64/><N who="1" m="38983" /><E135/><V18/><F104/><W19/><G103/><T54/><D0/><U123/><E133/><V65/><F105/><W134/><G19/><N who="0" m="8631" /><D25/><U1/><E1/><V20/><F65/><N who="1" m="24585" /><E123/><V76/><F77/><AGARI ba="1,0" hai="4,7,51,54,58,77,80,81,84,85,89" m="8631" machi="77" ten="30,1000,0" yaku="8,1" doraHai="95" who="0" fromWho="2" sc="150,13,130,0,555,-13,165,0" />
</Scene>
<Scene>
<INIT seed="3,0,0,4,0,62" ten="163,130,542,165" oya="3" hai0="64,70,32,4,100,93,75,21,110,120,123,19,67" hai1="58,119,30,89,25,99,102,116,122,131,7,68,17" hai2="127,117,34,80,113,56,108,39,20,43,51,92,109" hai3="47,2,5,57,74,46,77,87,16,54,73,11,79"/><W13/><G74/><T78/><D110/><U130/><E68/><V126/><F20/><W40/><G73/><T133/><D133/><U15/><E89/><V115/><F56/><W69/><G69/><T132/><D70/><U10/><E58/><V35/><F51/><W111/><G111/><N who="2" m="42569" /><F92/><W59/><G59/><T49/><D132/><U45/><E45/><N who="2" m="23807" /><F80/><W14/><G2/><T105/><D105/><U52/><E52/><V71/><F71/><W103/><G103/><T128/><D128/><N who="1" m="49195" /><E102/><V98/><F98/><W6/><G6/><T106/><D106/><U95/><E95/><V135/><F135/><W50/><G87/><T86/><D75/><U94/><E94/><V129/><F129/><W22/><REACH who="3" step="1"/><G47/><REACH who="3" ten="163,130,542,155" step="2"/><T91/><D123/><U28/><E122/><V0/><F0/><W125/><G125/><N who="2" m="47625" /><F117/><N who="1" m="45129" /><E99/><V134/><F134/><W114/><G114/><AGARI ba="0,1" hai="34,35,113,114,115" m="47625,23807,42569" machi="114" ten="40,5200,0" yaku="14,1,18,1,23,1" doraHai="62" who="2" fromWho="3" sc="163,0,130,0,542,62,155,-52" owari="163,-4.0,130,-27.0,604,71.0,103,-40.0" />
</Scene>
</mjloggm>