<mjloggm ver="2.3"><GO type="169"/><UN n0="%E3%83%A4%E3%82%AD%E3%83%B3" n1="%E2%98%85%E9%9B%80%E5%A8%98%E3%82%AF%E3%83%AC%E3%82%A2%E2%98%85" n2="%E7%8B%AC%E6%AD%A9" n3="%E5%A4%AA%E3%81%8F%E3%81%AA%E3%81%84%E3%81%8A" dan="17,16,17,17" rate="2161,2105,2176,2162" sx="M,F,M,M"/><TAIKYOKU oya="0"/>

<Scene>
<INIT seed="0,0,0,3,0,104" ten="250,250,250,250" oya="0" hai0="19,10,7,95,40,114,50,54,13,123,56,14,71" hai1="94,11,128,44,23,16,121,52,39,117,2,102,24" hai2="119,32,88,82,69,17,67,53,63,85,113,37,87" hai3="73,46,134,6,58,27,4,135,130,92,59,81,9"/><T99/><D71/><U64/><E117/><V43/><F32/><W72/><G130/><T78/><D114/><U48/><E121/><V74/><F113/><W34/><G92/><T36/><D123/><U26/><E128/><V80/><F119/><W132/><G46/><T68/><D68/><U0/><E39/><V97/><F97/><W38/><G38/><T83/><D36/><U22/><E64/><V111/><F111/><W108/><G108/><T112/><D112/><U133/><E11/><V105/><F105/><W33/><G81/><T98/><D40/><U61/><E61/><V79/><F17/><W76/><G76/><T96/><D95/><U65/><E65/><V101/><F101/><W18/><G18/><T45/><D56/><N who="3" m="21545" /><G27/><T107/><D107/><U110/><E110/><V8/><F53/><W100/><G100/><T25/><D25/><U115/><E115/><V91/><F43/><W60/><G60/><T51/><D51/><U90/><E102/><V57/><F37/><W75/><G6/><T116/><D116/><U49/><E49/><V118/><F118/><W89/><G89/><T77/><REACH who="0" step="1"/><D83/><REACH who="0" ten="240,250,250,250" step="2"/><U20/><E26/><V125/><F69/><W3/><AGARI ba="0,1" hai="3,4,9,33,34,72,73,75,132,134,135" m="21545" machi="3" ten="40,8000,1" yaku="20,1,52,3" doraHai="104" who="3" fromWho="3" sc="240,-40,250,-20,250,-20,250,90" />
</Scene>
<Scene>
<INIT seed="1,0,0,0,3,128" ten="200,230,230,340" oya="1" hai0="31,5,70,25,24,104,107,127,122,3,35,114,66" hai1="65,45,8,130,85,23,47,98,40,51,109,84,11" hai2="62,19,120,20,46,1,125,57,14,50,126,42,2" hai3="7,79,22,83,59,54,33,75,48,87,101,10,91"/><U134/><E130/><V99/><F120/><W56/><G33/><T44/><D114/><U78/><E65/><V102/><F125/><W60/><G101/><T89/><D127/><U111/><E98/><V0/><F126/><W17/><G7/><T112/><D112/><U123/><E123/><V90/><F90/><W108/><G108/><N who="1" m="41546" /><E23/><V129/><F129/><W95/><G10/><N who="1" m="3626" /><E78/><V67/><REACH who="2" step="1"/><F2/><REACH who="2" ten="200,230,220,340" step="2"/><W49/><REACH who="3" step="1"/><G59/><REACH who="3" ten="200,230,220,330" step="2"/><T34/><D122/><U106/><E106/><AGARI ba="0,2" hai="0,1,14,19,20,42,46,50,57,62,67,99,102,106" machi="106" ten="30,7700,0" yaku="1,1,2,1,7,1,53,1" doraHai="128" doraHaiUra="96" who="2" fromWho="1" sc="200,0,230,-77,220,97,330,0" />
</Scene>
<Scene>
<INIT seed="2,0,0,1,2,32" ten="200,153,317,330" oya="2" hai0="105,0,116,97,111,40,35,124,75,91,30,5,106" hai1="50,133,118,100,61,6,16,60,113,114,59,79,131" hai2="12,23,81,72,63,110,88,86,48,84,108,2,8" hai3="134,69,117,41,135,89,53,10,122,103,42,119,76"/><V96/><F72/><W109/><G122/><T31/><D91/><U56/><E118/><N who="3" m="45066" /><G76/><T29/><D116/><U127/><E50/><V19/><F96/><W57/><G103/><T17/><D75/><U36/><E36/><V74/><F74/><W65/><G89/><T104/><D40/><N who="3" m="15465" /><G10/><T120/><D120/><U107/><E79/><V1/><F48/><N who="3" m="30887" /><G109/><N who="2" m="42089" /><F63/><AGARI ba="0,0" hai="63,65,69,134,135" m="30887,15465,45066" machi="63" ten="30,2000,0" yaku="34,2" doraHai="32" who="3" fromWho="2" sc="200,0,153,0,317,-20,330,20" />
</Scene>
<Scene>
<INIT seed="3,0,0,3,0,87" ten="200,153,297,350" oya="3" hai0="103,102,45,59,49,38,65,30,10,67,16,96,66" hai1="25,69,109,56,6,90,40,104,118,131,1,3,77" hai2="111,124,0,41,63,135,60,46,125,22,132,75,73" hai3="86,27,122,68,35,17,100,29,105,24,107,101,95"/><W39/><G122/><T33/><D33/><U4/><E69/><V83/><F0/><W74/><G74/><T42/><D30/><U128/><E104/><V71/><F22/><W133/><G68/><T7/><D7/><U9/><E77/><V21/><F21/><W54/><G39/><T31/><D31/><U88/><E109/><V129/><F111/><W92/><G133/><N who="2" m="51273" /><F83/><W127/><G127/><N who="2" m="48713" /><F71/><W5/><G35/><T32/><D32/><U76/><E76/><V119/><F119/><W12/><G29/><T85/><D96/><U44/><E25/><V123/><F123/><W62/><G27/><T43/><D85/><U8/><E118/><V48/><F75/><W2/><G24/><T28/><D28/><U14/><E14/><V112/><F73/><W110/><G12/><N who="0" m="7191" /><D38/><U115/><E115/><V78/><F78/><W70/><G2/><T117/><D117/><U61/><E40/><V34/><F34/><W84/><G70/><T113/><D113/><U20/><E20/><V89/><F89/><W134/><G134/><T97/><D43/><U114/><E114/><V53/><F112/><W18/><G110/><T120/><D120/><U80/><E80/><V106/><F106/><W64/><G107/><T93/><D103/><U79/><E79/><V121/><F121/><W108/><G101/><T13/><D13/><U81/><E81/><V19/><F19/><W37/><G100/><T36/><D36/><U50/><E1/><V55/><F129/><W26/><G108/><T57/><D102/><U15/><E131/><V82/><F82/><W98/><G105/><RYUUKYOKU ba="0,0" sc="200,15,153,-15,297,15,350,-15" hai0="42,45,49,57,59,65,66,67,93,97" hai2="41,46,48,53,55,60,63" />
</Scene>
<Scene>
<INIT seed="4,1,0,5,5,120" ten="215,138,312,335" oya="0" hai0="110,134,90,119,47,71,113,89,75,81,59,13,107" hai1="109,62,78,1,21,52,93,49,79,43,44,114,125" hai2="60,70,95,99,12,45,37,117,10,68,61,124,18" hai3="0,51,118,41,24,132,100,103,11,64,16,94,77"/><T57/><D71/><U36/><E1/><V112/><F117/><W6/><G118/><T9/><D119/><U48/><E125/><V126/><F112/><W87/><G132/><T123/><D107/><U40/><E114/><V104/><F104/><W39/><G39/><T4/><D113/><U46/><E93/><V73/><F73/><W86/><G64/><T121/><D123/><U82/><E21/><V105/><F105/><W2/><G2/><T65/><D121/><U14/><E14/><V58/><F45/><W97/><G103/><T26/><D134/><U20/><E20/><V72/><F37/><W33/><G77/><T23/><D47/><U127/><E127/><N who="2" m="48683" /><F72/><W31/><G41/><T63/><D59/><N who="1" m="35175" /><E79/><V76/><F61/><W91/><G51/><N who="1" m="19530" /><E78/><V115/><F76/><W106/><G16/><N who="0" m="12647" /><D75/><U55/><E82/><V27/><F27/><W35/><G35/><T66/><D81/><U5/><E5/><V98/><F115/><W85/><AGARI ba="1,0" hai="0,6,11,24,31,33,85,86,87,91,94,97,100,106" machi="85" ten="20,1500,0" yaku="0,1,7,1" doraHai="120" who="3" fromWho="3" sc="215,-8,138,-5,312,-5,335,18" />
</Scene>
<Scene>
<INIT seed="5,0,0,1,5,67" ten="207,133,307,353" oya="1" hai0="129,38,76,11,106,22,82,47,56,14,13,97,77" hai1="118,3,96,16,9,83,117,20,103,49,46,124,84" hai2="109,8,32,87,99,17,74,42,78,61,115,51,53" hai3="45,68,26,114,50,6,65,5,63,122,43,36,75"/><U60/><E60/><V2/><F32/><W88/><G122/><T52/><D129/><U92/><E9/><V19/><F99/><W130/><G75/><T34/><D34/><U15/><E3/><V120/><F74/><W98/><G130/><T125/><D125/><U40/><REACH who="1" step="1"/><E124/><REACH who="1" ten="207,123,307,353" step="2"/><V39/><F2/><W119/><G63/><T126/><D126/><U116/><E116/><V59/><F61/><W0/><G0/><T79/><D11/><U123/><E123/><V62/><F62/><W37/><G119/><T58/><D76/><AGARI ba="0,1" hai="15,16,20,40,46,49,76,83,84,92,96,103,117,118" machi="76" ten="30,5800,0" yaku="1,1,7,1,54,1,53,0" doraHai="67" doraHaiUra="66" who="1" fromWho="0" sc="207,-58,123,68,307,0,353,0" />
</Scene>
<Scene>
<INIT seed="5,1,0,4,0,55" ten="149,191,307,353" oya="1" hai0="47,109,86,130,29,16,32,71,67,27,131,44,23" hai1="123,60,58,114,127,108,50,25,105,90,104,6,24" hai2="11,98,101,68,34,8,53,93,4,61,49,110,7" hai3="103,133,88,62,116,119,42,122,82,45,135,30,132"/><U1/><E123/><V18/><F34/><W124/><G122/><T17/><D109/><U48/><E108/><V64/><F110/><W126/><G103/><T41/><D71/><U20/><E6/><V51/><F18/><W2/><G2/><T15/><D67/><N who="1" m="39319" /><E1/><V28/><F28/><W75/><G30/><T66/><D66/><U5/><E104/><V118/><F118/><N who="3" m="45099" /><G62/><T59/><D86/><U102/><E105/><V52/><F51/><N who="3" m="27063" /><G88/><T69/><D69/><U111/><E102/><V21/><F49/><W100/><G100/><T39/><D44/><U3/><E3/><V106/><F106/><W89/><G89/><T81/><D81/><U120/><E120/><V56/><F68/><W43/><G43/><T112/><D112/><U65/><E111/><V129/><F101/><W121/><G121/><T115/><D115/><U97/><E65/><V10/><F98/><W35/><G35/><T84/><D84/><U13/><E90/><V85/><F7/><W36/><G36/><T134/><D134/><U14/><E97/><V73/><F4/><W79/><AGARI ba="1,0" hai="75,79,82,124,126,132,133,135" m="27063,45099" machi="79" ten="40,2700,0" yaku="20,1,12,1" doraHai="55" who="3" fromWho="3" sc="149,-8,191,-14,307,-8,353,30" />
</Scene>
<Scene>
<INIT seed="6,0,0,4,2,8" ten="141,177,299,383" oya="2" hai0="35,38,21,132,101,3,107,96,129,53,105,98,64" hai1="31,11,5,108,125,119,49,99,50,34,33,61,128" hai2="70,22,47,44,104,79,16,68,117,36,80,89,102" hai3="123,28,106,83,32,17,59,116,115,135,88,93,41"/><V87/><F117/><W73/><G116/><T72/><D35/><U51/><E119/><V20/><F102/><W62/><G123/><T100/><D3/><U86/><E31/><V43/><F104/><W84/><G106/><T29/><D72/><U40/><E40/><V2/><F2/><W69/><G69/><T18/><D132/><U23/><E108/><V56/><F22/><W10/><G135/><T109/><D129/><U6/><E128/><V78/><F47/><W42/><G115/><T92/><D38/><U45/><E45/><V126/><F126/><W91/><G32/><T54/><D109/><U113/><E113/><V7/><F7/><W124/><G28/><T111/><D111/><U130/><E130/><V118/><F56/><W60/><G124/><T133/><D133/><U82/><E125/><V19/><F19/><W66/><G62/><T14/><D29/><U103/><E23/><V25/><REACH who="2" step="1"/><F118/><REACH who="2" ten="141,177,289,383" step="2"/><W48/><G48/><T114/><D114/><U63/><E51/><V110/><F110/><W27/><G27/><T112/><D112/><U65/><E50/><V52/><F52/><W0/><G0/><T58/><D64/><U9/><E49/><V55/><F55/><W75/><G42/><T127/><D127/><U67/><E67/><V12/><F12/><N who="3" m="7319" /><G41/><T121/><D121/><U122/><E122/><V76/><AGARI ba="0,1" hai="16,20,25,36,43,44,68,70,76,78,79,80,87,89" machi="76" ten="30,6000,0" yaku="1,1,0,1,54,1,53,0" doraHai="8" doraHaiUra="94" who="2" fromWho="2" sc="141,-20,177,-20,289,70,383,-20" />
</Scene>
<Scene>
<INIT seed="6,1,0,4,4,38" ten="121,157,359,363" oya="2" hai0="21,5,86,50,6,113,72,68,40,55,90,79,99" hai1="109,12,96,27,45,100,41,120,11,22,114,101,122" hai2="110,80,81,28,118,135,105,60,23,91,67,42,61" hai3="9,74,47,58,53,82,36,92,121,7,66,25,8"/><V35/><F35/><W106/><G121/><N who="1" m="46698" /><E109/><V49/><F110/><W39/><G106/><T107/><D68/><U84/><E84/><V54/><F105/><W62/><G25/><T19/><D113/><U88/><E114/><V75/><F75/><W132/><G132/><T95/><D72/><U73/><E73/><V83/><F135/><W56/><G92/><T29/><D29/><N who="1" m="17655" /><E88/><V65/><F118/><W63/><G47/><N who="0" m="25959" /><D107/><U131/><E96/><V59/><F91/><W116/><G116/><T43/><D55/><U0/><E0/><V126/><F126/><W14/><REACH who="3" step="1"/><G9/><REACH who="3" ten="121,157,359,353" step="2"/><T4/><D99/><U94/><E94/><V117/><F117/><W119/><G119/><T93/><D93/><U37/><E131/><V30/><F23/><W15/><G15/><N who="0" m="9471" /><D79/><AGARI ba="1,1" hai="7,8,14,36,39,53,56,58,62,63,66,74,79,82" machi="79" ten="40,1300,0" yaku="1,1,53,0" doraHai="38" doraHaiUra="123" who="3" fromWho="0" sc="121,-16,157,0,359,0,353,26" />
</Scene>
<Scene>
<INIT seed="7,0,0,1,1,68" ten="105,157,359,379" oya="3" hai0="124,84,80,110,88,10,7,73,41,28,33,78,128" hai1="122,85,94,53,103,27,100,61,97,102,24,21,129" hai2="133,108,114,23,42,112,17,76,18,101,14,95,111" hai3="98,60,66,39,119,135,16,87,123,8,13,48,4"/><W63/><G123/><T125/><D110/><N who="2" m="42026" /><F76/><W15/><G119/><T9/><D128/><U134/><E122/><V75/><F42/><W32/><G32/><T12/><D41/><U105/><E134/><V50/><F75/><W91/><G39/><T3/><D33/><U113/><E113/><N who="2" m="43627" /><F50/><W89/><G135/><T71/><D28/><U57/><E129/><V92/><F101/><W6/><G48/><T5/><REACH who="0" step="1"/><D71/><REACH who="0" ten="95,157,359,379" step="2"/><U109/><E109/><V104/><F133/><W46/><G46/><T86/><D86/><U107/><E85/><V70/><F70/><W83/><G66/><T40/><D40/><U96/><E96/><V29/><F29/><W62/><G15/><T0/><D0/><U64/><E64/><V45/><F45/><W25/><G25/><T81/><AGARI ba="0,1" hai="3,5,7,9,10,12,73,78,80,81,84,88,124,125" machi="81" ten="30,7900,0" yaku="1,1,0,1,54,1,53,1" doraHai="68" doraHaiUra="72" who="0" fromWho="0" sc="95,89,157,-20,359,-20,379,-39" owari="184,-22.0,137,-36.0,339,14.0,340,44.0" />
</Scene>
</mjloggm>