<mjloggm ver="2.3"><GO type="193"/><UN n0="%55%E3%82%BF%E3%83%BC%E3%83%B3" n1="%E5%A4%AA%E3%81%8F%E3%81%AA%E3%81%84%E3%81%8A" n2="%E3%81%93%E3%82%8D%E3%81%AD%EF%BC%A0%E3%83%AA%E3%83%A9%E3%83%80%E3%83%B3" n3="%E3%81%BB%E3%82%8A%E3%81%BB%E3%82%8A" dan="11,12,12,13" rate="1547,1880,1788,1766" sx="M,M,M,M"/><TAIKYOKU oya="0"/>

<Scene>
<INIT seed="0,0,0,3,0,41" ten="250,250,250,250" oya="0" hai0="125,49,6,42,33,79,95,2,77,13,106,110,52" hai1="121,113,25,63,88,23,99,16,34,93,10,36,27" hai2="112,76,38,85,14,73,65,97,131,75,80,45,107" hai3="40,37,104,109,89,30,46,58,19,67,7,128,115"/><T17/><D106/><U117/><E121/><V59/><F112/><W1/><G115/><T71/><D71/><U51/><E113/><V82/><F131/><W84/><G104/><T62/><D125/><U35/><E36/><V90/><F14/><W53/><G128/><T81/><D33/><U43/><E117/><V78/><F65/><W126/><G126/><T70/><D110/><U119/><E119/><V120/><F59/><W111/><G30/><T108/><D108/><U123/><E123/><V55/><F120/><W54/><G1/><T68/><D2/><U5/><E25/><V135/><F135/><W50/><G7/><T18/><D6/><U114/><E114/><V100/><F38/><W4/><G4/><T32/><D32/><U87/><E63/><V29/><F29/><W3/><G3/><T116/><D116/><U48/><E99/><V86/><F45/><W31/><G31/><T92/><D18/><U94/><E94/><N who="2" m="54607" /><F55/><W74/><G74/><AGARI ba="0,0" hai="73,74,75,76,78,80,82,86,97,100,107" m="54607" machi="74" ten="30,12000,2" yaku="24,1,35,5" doraHai="41" who="2" fromWho="3" sc="250,0,250,0,250,120,250,-120" />
</Scene>
<Scene>
<INIT seed="1,0,0,1,0,32" ten="250,250,370,130" oya="1" hai0="38,13,58,23,92,129,104,27,56,11,9,111,45" hai1="113,26,44,118,100,46,33,91,112,41,79,115,76" hai2="74,125,71,134,50,124,121,102,57,84,18,126,29" hai3="97,17,48,114,120,21,60,62,19,105,52,123,7"/><U15/><E118/><V94/><F74/><W54/><G114/><T109/><D104/><U4/><E100/><V70/><F121/><W132/><G132/><T69/><D69/><U35/><E91/><N who="2" m="53607" /><F134/><W30/><G30/><T85/><D129/><U73/><E73/><V87/><F102/><W81/><G123/><T65/><D38/><U135/><E135/><V95/><F29/><W110/><G120/><T68/><D68/><U40/><E26/><V3/><F95/><W116/><G116/><T101/><D45/><N who="1" m="17515" /><E15/><V66/><F87/><W106/><G110/><T10/><D111/><U0/><E4/><V90/><F90/><W51/><G97/><T31/><D109/><U128/><E128/><V61/><F3/><W49/><G7/><T103/><D65/><U67/><E67/><V43/><F18/><N who="3" m="6667" /><G21/><T127/><D127/><U53/><E0/><V96/><F96/><W37/><G37/><T24/><D24/><U98/><E98/><V82/><F82/><W117/><G81/><T130/><D130/><U77/><E53/><N who="3" m="20586" /><G117/><T89/><D13/><U75/><E75/><V1/><F1/><W16/><N who="3" m="6675" /><W107/><AGARI ba="0,0" hai="48,49,51,60,62,105,106,107" m="20586,6675" machi="107" ten="50,8000,1" yaku="4,1,28,2,54,2" doraHai="32" who="3" fromWho="3" sc="250,-20,250,-40,370,-20,130,80" />
</Scene>
<Scene>
<INIT seed="2,0,0,1,3,68" ten="230,210,350,210" oya="2" hai0="131,1,73,33,41,126,8,93,108,135,27,6,48" hai1="71,119,104,20,39,36,38,21,18,106,94,23,13" hai2="77,86,17,25,40,100,111,63,82,117,76,50,46" hai3="57,85,89,56,129,16,123,90,42,5,66,98,84"/><V0/><F117/><W83/><G123/><T19/><D73/><U58/><E119/><V99/><F111/><W69/><G129/><T65/><D108/><U72/><E71/><V14/><F0/><W44/><G5/><T4/><D135/><U10/><E72/><V128/><F25/><W88/><G69/><T15/><D131/><U67/><REACH who="1" step="1"/><E94/><REACH who="1" ten="230,200,350,210" step="2"/><V97/><F128/><W87/><G66/><T118/><D118/><U61/><AGARI ba="0,1" hai="10,13,18,20,21,23,36,38,39,58,61,67,104,106" machi="61" ten="40,12000,2" yaku="1,1,2,1,0,1,52,3,53,0" doraHai="68" doraHaiUra="105" who="1" fromWho="1" sc="230,-30,200,130,350,-60,210,-30" />
</Scene>
<Scene>
<INIT seed="3,0,0,3,1,119" ten="200,330,290,180" oya="3" hai0="23,102,72,24,126,111,54,9,128,121,30,95,71" hai1="57,69,109,61,53,67,48,2,107,87,37,52,78" hai2="50,3,127,38,135,125,59,105,83,31,70,15,115" hai3="104,130,80,4,60,89,62,114,29,18,116,33,124"/><W63/><G116/><T131/><D72/><U101/><E2/><V76/><F115/><W113/><G104/><T66/><D71/><U12/><E109/><V90/><F3/><W21/><G33/><T35/><D66/><U91/><E37/><V44/><F105/><W32/><G113/><T17/><D102/><U40/><E78/><V36/><F135/><W55/><G114/><T85/><D85/><U74/><E74/><V27/><F70/><W82/><G32/><T81/><D81/><N who="3" m="31337" /><G29/><T43/><D43/><U16/><E40/><V99/><F15/><N who="3" m="9439" /><G130/><N who="0" m="49707" /><D54/><U10/><E53/><V26/><F90/><W100/><G124/><T120/><D95/><U106/><E101/><V65/><F99/><W8/><G100/><T5/><D126/><N who="2" m="48138" /><F59/><N who="3" m="34943" /><G89/><T93/><D93/><AGARI ba="0,0" hai="10,12,16,48,52,57,61,67,69,87,91,93,106,107" machi="93" ten="30,3900,0" yaku="7,1,54,2" doraHai="119" who="1" fromWho="0" sc="200,-39,330,39,290,0,180,0" owari="161,-34.0,369,47.0,290,9.0,180,-22.0" />
</Scene>
</mjloggm>