<mjloggm ver="2.3"><GO type="169"/><UN n0="%E3%81%A8%E3%83%BC%E3%82%84%E3%82%93" n1="%E5%A4%AA%E3%81%8F%E3%81%AA%E3%81%84%E3%81%8A" n2="%E3%81%82%E3%82%93%E3%81%96%E3%82%93" n3="%E9%81%8A%E8%B5%B0" dan="16,16,16,16" rate="2155,2109,2136,2132" sx="M,M,M,F"/><TAIKYOKU oya="0"/>

<Scene>
<INIT seed="0,0,0,2,5,78" ten="250,250,250,250" oya="0" hai0="93,130,65,122,1,133,17,134,68,33,95,100,120" hai1="90,114,24,112,96,67,9,45,62,46,8,113,63" hai2="20,29,2,21,51,76,101,44,108,5,25,118,131" hai3="123,74,4,12,13,42,103,86,79,37,102,19,94"/><T41/><D1/><U99/><E24/><V111/><F101/><W72/><G37/><T89/><D33/><U92/><E96/><V15/><F51/><W26/><G123/><T18/><D41/><U135/><E135/><N who="0" m="51721" /><D130/><U126/><E126/><V117/><F44/><N who="1" m="17001" /><E62/><V75/><F76/><W7/><G42/><T116/><D116/><N who="2" m="44650" /><F75/><W121/><G121/><N who="0" m="46699" /><D100/><U80/><E80/><V47/><F47/><W132/><G103/><T11/><D11/><U60/><E60/><V105/><F105/><W61/><G102/><T87/><D95/><U106/><E106/><V58/><F58/><AGARI ba="0,0" hai="8,9,58,63,67,90,92,99,112,113,114" m="17001" machi="58" ten="30,1000,0" yaku="11,1" doraHai="78" who="1" fromWho="2" sc="250,0,250,10,250,-10,250,0" />
</Scene>
<Scene>
<INIT seed="1,0,0,4,2,14" ten="250,260,240,250" oya="1" hai0="45,52,22,122,39,98,64,77,3,109,87,89,94" hai1="79,74,33,121,110,15,92,31,130,66,0,7,58" hai2="135,106,91,126,1,34,115,41,8,99,6,60,69" hai3="9,100,83,56,72,112,54,40,76,36,93,30,4"/><U88/><E121/><V117/><F117/><W129/><G112/><T128/><D3/><U49/><E0/><V19/><F41/><W65/><G65/><T43/><D109/><U21/><E33/><V32/><F115/><W101/><G30/><T11/><D122/><U44/><E130/><V131/><F131/><W46/><G93/><T108/><D108/><U17/><E110/><V20/><F135/><W123/><G123/><T51/><D128/><U97/><E31/><V133/><F133/><W85/><G85/><T124/><D64/><U127/><E127/><V78/><F78/><W2/><REACH who="3" step="1"/><G129/><REACH who="3" ten="250,260,240,240" step="2"/><T102/><D124/><U10/><E66/><V118/><F126/><W18/><G18/><T81/><D11/><U134/><E134/><V50/><F19/><W42/><G42/><T114/><D114/><U116/><E17/><V28/><F8/><W84/><G84/><T38/><D22/><U113/><E113/><V96/><F20/><W26/><G26/><T5/><D5/><U90/><E21/><V125/><F6/><W103/><G103/><T68/><D68/><U71/><E71/><V80/><F69/><W86/><G86/><T105/><D43/><U61/><E92/><V120/><F125/><W25/><G25/><T37/><REACH who="0" step="1"/><D105/><REACH who="0" ten="240,260,240,240" step="2"/><U55/><E7/><V62/><F106/><W59/><G59/><T27/><D27/><U63/><E58/><V82/><F120/><W75/><G75/><T67/><D67/><U24/><E74/><V132/><F132/><W47/><G47/><T53/><D53/><U104/><E10/><V48/><F34/><RYUUKYOKU ba="0,2" sc="240,15,260,-15,240,-15,240,15" hai0="37,38,39,45,51,52,77,81,87,89,94,98,102" hai3="2,4,9,36,40,46,54,56,72,76,83,100,101" />
</Scene>
<Scene>
<INIT seed="2,1,2,1,5,40" ten="255,245,225,255" oya="2" hai0="74,99,115,31,104,73,68,36,14,20,39,57,89" hai1="8,130,124,34,113,17,112,120,5,128,77,38,133" hai2="49,69,52,70,30,19,82,67,94,21,87,88,78" hai3="93,131,10,96,58,66,22,13,107,29,76,59,101"/><V75/><F67/><W86/><G131/><N who="1" m="50218" /><E77/><V41/><F41/><W16/><G66/><T44/><D115/><N who="1" m="44107" /><E38/><V118/><F30/><W1/><G1/><T47/><D68/><U9/><E133/><V126/><F126/><W114/><G114/><T106/><D89/><U33/><E124/><V23/><F118/><W129/><G129/><T24/><D74/><U18/><E120/><V48/><F48/><W3/><G107/><T123/><D73/><U37/><E37/><V45/><F23/><W35/><G35/><N who="1" m="13322" /><E9/><V132/><F132/><W61/><G61/><T53/><D39/><U7/><E7/><V103/><F103/><W81/><REACH who="3" step="1"/><G3/><AGARI ba="1,2" hai="3,5,8,17,18" m="13322,44107,50218" machi="3" ten="40,5200,0" yaku="19,1,34,2" doraHai="40" who="1" fromWho="3" sc="255,0,245,75,225,0,255,-55" />
</Scene>
<Scene>
<INIT seed="3,0,0,3,3,34" ten="255,320,225,200" oya="3" hai0="19,108,11,41,50,23,73,58,24,64,115,112,107" hai1="89,9,51,12,133,71,114,32,83,31,84,91,110" hai2="40,0,8,124,101,39,16,72,85,36,33,37,38" hai3="111,54,18,49,2,86,67,63,10,96,128,22,99"/><W120/><G120/><T122/><D108/><U76/><E114/><N who="0" m="43561" /><D122/><U88/><E71/><V43/><F72/><W135/><G111/><T113/><N who="0" m="43569" /><T42/><DORA hai="60" /><D107/><U132/><E110/><V78/><F124/><W123/><G123/><T129/><D73/><U125/><E125/><V6/><F33/><W52/><G135/><N who="1" m="51786" /><E51/><V65/><N who="2" m="9216" /><DORA hai="90" /><V1/><F101/><W131/><G86/><T92/><D129/><N who="3" m="49737" /><G10/><T87/><D11/><U55/><E55/><N who="3" m="21034" /><G49/><T4/><D4/><N who="1" m="3111" /><E32/><V68/><F0/><W100/><G2/><T48/><D48/><U57/><E57/><V121/><F121/><W80/><G80/><T104/><D104/><U118/><E31/><V15/><F1/><W74/><G74/><T46/><D42/><U102/><E102/><V5/><F40/><W95/><G99/><T28/><D28/><U119/><AGARI ba="0,0" hai="76,83,84,88,89,91,118,119" m="3111,51786" machi="119" ten="40,2700,0" yaku="20,1,54,1" doraHai="34,60,90" who="1" fromWho="1" sc="255,-7,320,27,225,-7,200,-13" />
</Scene>
<Scene>
<INIT seed="4,0,0,5,2,95" ten="248,347,218,187" oya="0" hai0="72,127,41,94,19,40,10,125,45,13,24,23,91" hai1="53,47,119,16,17,104,128,46,37,28,6,42,18" hai2="70,75,56,103,21,113,4,25,57,30,31,67,90" hai3="33,133,27,69,66,7,105,108,51,84,29,54,111"/><T118/><D72/><U14/><E119/><V12/><F113/><W124/><G133/><T121/><D121/><U89/><E104/><V115/><F115/><W15/><G124/><T114/><D114/><U120/><E120/><V39/><F39/><W123/><G123/><T35/><D35/><U49/><E128/><V122/><F75/><W117/><G117/><T61/><D61/><U48/><E28/><V135/><F103/><W9/><G105/><T102/><D102/><U107/><E107/><V63/><F135/><W52/><G54/><T5/><D118/><U64/><E64/><V83/><F30/><W62/><REACH who="3" step="1"/><G84/><REACH who="3" ten="248,347,218,177" step="2"/><T50/><REACH who="0" step="1"/><D41/><REACH who="0" ten="238,347,218,177" step="2"/><U3/><E42/><V74/><F74/><W79/><G79/><T129/><D129/><U44/><E53/><V86/><F122/><W59/><AGARI ba="0,2" hai="7,9,15,27,29,33,51,52,59,62,66,69,108,111" machi="59" ten="20,5200,0" yaku="1,1,0,1,7,1,54,1,53,0" doraHai="95" doraHaiUra="32" who="3" fromWho="3" sc="238,-26,347,-13,218,-13,177,72" />
</Scene>
<Scene>
<INIT seed="5,0,0,0,0,21" ten="212,334,205,249" oya="1" hai0="129,10,90,104,49,39,36,132,44,74,106,123,5" hai1="6,91,107,71,56,63,100,45,87,131,117,61,25" hai2="88,122,42,40,68,120,7,64,1,135,76,13,12" hai3="113,92,46,23,77,128,55,89,41,96,16,48,32"/><U115/><E117/><V99/><F76/><W18/><G32/><T27/><D74/><U110/><E6/><V66/><F135/><W33/><G33/><T97/><D132/><U14/><E115/><V111/><F7/><W95/><G113/><T124/><D123/><U108/><E131/><V17/><F111/><N who="1" m="42537" /><E14/><V19/><F99/><W53/><G128/><T130/><D124/><U73/><E73/><V20/><F20/><W4/><G4/><T69/><D129/><U103/><E45/><V11/><F68/><W83/><G95/><T60/><D130/><U9/><E9/><V133/><F133/><W118/><G118/><T34/><D10/><U119/><E119/><V67/><F67/><W65/><G65/><T75/><D75/><U125/><E125/><V26/><F11/><W57/><G55/><T70/><D5/><U37/><E37/><V54/><F54/><W52/><G53/><T22/><D39/><U58/><E71/><V93/><F93/><W84/><REACH who="3" step="1"/><G23/><REACH who="3" ten="212,334,205,239" step="2"/><T31/><D34/><U35/><E35/><V81/><F64/><W51/><AGARI ba="0,1" hai="16,18,41,46,48,51,52,57,77,83,84,89,92,96" machi="51" ten="20,12000,2" yaku="1,1,2,1,0,1,7,1,8,1,54,2,53,0" doraHai="21" doraHaiUra="134" who="3" fromWho="3" sc="212,-30,334,-60,205,-30,239,130" />
</Scene>
<Scene>
<INIT seed="6,0,0,5,5,59" ten="182,274,175,369" oya="2" hai0="89,21,42,83,49,130,46,124,51,69,56,116,18" hai1="66,13,1,117,76,57,32,75,101,94,92,27,111" hai2="67,43,12,31,79,9,73,8,3,38,33,90,58" hai3="113,23,112,133,106,128,109,98,34,52,99,61,131"/><V10/><F3/><W22/><G34/><T60/><D124/><U53/><E111/><V55/><F67/><W100/><G99/><T126/><D126/><U84/><E117/><V72/><F12/><W132/><G109/><T19/><D130/><N who="3" m="49705" /><G52/><N who="0" m="33799" /><D69/><U14/><E1/><V71/><F71/><W47/><G47/><N who="0" m="25847" /><D116/><U17/><E66/><V86/><F79/><W20/><G61/><T16/><D89/><U35/><E75/><V87/><F43/><W50/><G50/><T24/><D83/><U48/><E32/><V37/><F37/><W119/><G119/><T91/><D91/><U7/><E35/><V40/><F40/><AGARI ba="0,0" hai="16,18,19,21,24,40,46,51" m="25847,33799" machi="40" ten="30,7700,0" yaku="8,1,52,1,54,2" doraHai="59" who="0" fromWho="2" sc="182,77,274,0,175,-77,369,0" />
</Scene>
<Scene>
<INIT seed="7,0,0,1,2,112" ten="259,274,98,369" oya="3" hai0="22,4,37,100,125,59,10,14,131,123,95,6,61" hai1="42,79,51,93,120,121,103,70,96,81,110,46,132" hai2="114,40,41,129,15,116,34,71,102,115,94,49,9" hai3="130,12,134,44,21,113,107,104,78,47,111,87,1"/><W76/><G113/><T53/><D123/><U0/><E110/><V63/><F15/><W99/><G1/><T91/><D131/><U101/><E0/><V97/><F9/><W75/><G75/><T119/><D125/><U74/><E70/><V133/><F34/><W135/><G111/><T32/><D37/><U77/><E132/><N who="3" m="50730" /><G130/><T35/><D100/><U31/><E31/><V127/><F133/><W66/><G66/><T86/><D4/><U90/><E79/><V62/><F129/><W73/><G73/><T108/><D108/><U36/><E36/><V50/><F102/><W92/><G12/><T27/><REACH who="0" step="1"/><D119/><REACH who="0" ten="249,274,98,369" step="2"/><U11/><E103/><V67/><F97/><W54/><G99/><T52/><D52/><U56/><E11/><V83/><F83/><W45/><G54/><T26/><D26/><U57/><E101/><V16/><F94/><W85/><G92/><T48/><D48/><U13/><E13/><V20/><F20/><W118/><G21/><T89/><D89/><U3/><E3/><V18/><F127/><W39/><G118/><T17/><AGARI ba="0,1" hai="6,10,14,17,22,27,32,35,53,59,61,86,91,95" machi="17" ten="20,2700,0" yaku="1,1,0,1,7,1,53,0" doraHai="112" doraHaiUra="109" who="0" fromWho="0" sc="249,37,274,-7,98,-7,369,-13" owari="286,9.0,267,-13.0,91,-41.0,356,45.0" />
</Scene>
</mjloggm>