<mjloggm ver="2.3"><GO type="169" lobby="0"/><UN n0="%E3%81%AF%E3%81%9B%E3%81%99%E3%81%91%EF%BC%8E" n1="%E5%A4%AA%E3%81%8F%E3%81%AA%E3%81%84%E3%81%8A" n2="%6D%69%69%6B%6F" n3="%E3%83%9D%E3%83%81%E3%83%A7%E3%83%A0%E3%82%AD%E3%83%B3%E2%98%85" dan="17,17,17,17" rate="2161.84,2158.17,2183.16,2154.65" sx="M,M,M,M"/><TAIKYOKU oya="0"/>

<Scene>
<INIT seed="0,0,0,4,4,40" ten="250,250,250,250" oya="0" hai0="125,35,66,101,106,75,8,72,81,27,103,109,82" hai1="111,46,120,24,79,118,15,0,85,62,57,53,134" hai2="115,51,113,28,129,64,114,39,10,58,133,21,76" hai3="2,70,45,67,119,108,128,83,3,102,44,42,91"/><T14/><D125/><U86/><E120/><V52/><F39/><W132/><G119/><T112/><D112/><U4/><E118/><V56/><F133/><W124/><G124/><T1/><D1/><U33/><E0/><V47/><F129/><W80/><G132/><T59/><D109/><U18/><E134/><V22/><F76/><W100/><G128/><T61/><D82/><U26/><E111/><V13/><F28/><W96/><G108/><T107/><D103/><U6/><E79/><V99/><F99/><W23/><G70/><T87/><D35/><U63/><E33/><V94/><F94/><N who="3" m="56415" /><G2/><T11/><D11/><U71/><E71/><V130/><F130/><W69/><G69/><T17/><D27/><N who="1" m="10283" /><E63/><V7/><REACH who="2" step="1"/><F64/><REACH who="2" ten="250,250,240,250" step="2"/><W122/><G122/><T68/><D75/><U41/><E86/><V127/><F127/><W30/><G67/><T43/><D72/><U135/><E85/><V5/><F5/><W48/><G3/><T84/><D84/><U78/><E78/><V9/><F9/><W131/><G131/><T121/><D121/><U77/><E77/><V20/><AGARI ba="0,1" hai="7,10,13,20,21,22,47,51,52,56,58,113,114,115" machi="20" ten="40,8000,1" yaku="1,1,0,1,52,1,54,1,53,0" doraHai="40" doraHaiUra="31" who="2" fromWho="2" sc="250,-40,250,-20,240,90,250,-20" />
</Scene>
<Scene>
<INIT seed="1,0,0,5,1,2" ten="210,230,330,230" oya="1" hai0="60,90,26,115,122,68,81,114,72,42,22,16,93" hai1="28,112,30,6,50,54,0,69,84,95,57,132,88" hai2="65,61,59,91,74,89,21,98,103,15,130,119,49" hai3="62,39,111,70,107,96,134,29,123,67,51,55,7"/><U58/><E69/><V10/><F74/><W47/><G123/><T25/><D122/><U52/><E112/><V56/><F119/><W77/><G111/><T20/><D42/><U9/><REACH who="1" step="1"/><E132/><REACH who="1" ten="210,220,330,230" step="2"/><V40/><F130/><W83/><G134/><T11/><D115/><U45/><E45/><V124/><F124/><W18/><G70/><T48/><D114/><U24/><E24/><V118/><F118/><W82/><G47/><T79/><D68/><U113/><E113/><V31/><F59/><W27/><G27/><T34/><D25/><U110/><E110/><V131/><F56/><W117/><G117/><T71/><D26/><U94/><E94/><V4/><F131/><W36/><G29/><T1/><D71/><U102/><E102/><V63/><F103/><W37/><G107/><T12/><D93/><U87/><E87/><V99/><F31/><W100/><G100/><T116/><D116/><U44/><E44/><V33/><F33/><W129/><G129/><T46/><D72/><U86/><E86/><V3/><F99/><W66/><G96/><T43/><D46/><U13/><E13/><V85/><F98/><W125/><G125/><T64/><D12/><U126/><E126/><V19/><F85/><W14/><G14/><T121/><D1/><U80/><E80/><V41/><F3/><W76/><G83/><T5/><D81/><U73/><E73/><V53/><F15/><W38/><G82/><T128/><D128/><U120/><E120/><V133/><F133/><W106/><G106/><T75/><D75/><U109/><E109/><V97/><F97/><RYUUKYOKU ba="0,1" sc="210,-10,220,30,330,-10,230,-10" hai1="0,6,9,28,30,50,52,54,57,58,84,88,95" />
</Scene>
<Scene>
<INIT seed="1,1,1,4,2,72" ten="200,250,320,220" oya="1" hai0="66,12,47,85,39,84,105,33,92,133,54,35,10" hai1="80,15,131,24,97,126,22,25,77,120,89,115,42" hai2="70,21,32,44,106,95,82,108,53,71,56,28,49" hai3="119,68,60,124,43,34,93,113,121,73,102,58,110"/><U118/><E120/><V27/><F106/><W67/><G102/><T103/><D105/><U63/><E118/><V123/><F123/><W98/><G98/><T57/><D133/><U16/><E115/><V99/><F108/><W81/><G81/><T135/><D135/><U100/><E126/><V90/><F32/><W91/><G91/><T48/><D35/><U6/><E131/><V36/><F36/><W52/><G93/><T14/><D33/><U18/><E42/><V128/><F128/><W76/><G76/><T19/><D39/><U74/><E89/><V41/><REACH who="2" step="1"/><F82/><REACH who="2" ten="200,250,310,220" step="2"/><W114/><G121/><T55/><D66/><U127/><E127/><V9/><F9/><W83/><G124/><T65/><D65/><U40/><E80/><V2/><F2/><W117/><G83/><T107/><D107/><U132/><E132/><V23/><F23/><W20/><G34/><T62/><D92/><U3/><E3/><V5/><F5/><W26/><G110/><T104/><D104/><U7/><E7/><V50/><AGARI ba="1,2" hai="21,27,28,41,44,49,50,53,56,70,71,90,95,99" machi="50" ten="20,5200,0" yaku="1,1,0,1,7,1,53,1" doraHai="72" doraHaiUra="94" who="2" fromWho="2" sc="200,-14,250,-27,310,75,220,-14" />
</Scene>
<Scene>
<INIT seed="2,0,0,1,2,98" ten="186,223,385,206" oya="2" hai0="24,5,97,107,50,40,88,131,15,6,54,58,31" hai1="7,49,101,84,92,74,102,105,20,80,129,77,11" hai2="72,53,82,44,113,57,62,94,75,134,106,63,16" hai3="81,56,9,111,55,14,35,37,73,45,48,10,89"/><V39/><F106/><W27/><G111/><T12/><D131/><U114/><E114/><V43/><F113/><W51/><G37/><T29/><D29/><U13/><E129/><V52/><F134/><W38/><G38/><T95/><D107/><U1/><E105/><V19/><F94/><W64/><G64/><T59/><D40/><U103/><E49/><V117/><F117/><W70/><G70/><T76/><D76/><U22/><REACH who="1" step="1"/><E1/><REACH who="1" ten="186,213,385,206" step="2"/><V99/><F39/><W86/><G48/><T4/><REACH who="0" step="1"/><D59/><REACH who="0" ten="176,213,385,206" step="2"/><U23/><E23/><AGARI ba="0,2" hai="4,5,6,12,15,23,24,31,50,54,58,88,95,97" machi="23" ten="40,8000,1" yaku="1,1,2,1,8,1,54,1,53,1" doraHai="98" doraHaiUra="25" who="0" fromWho="1" sc="176,100,213,-80,385,0,206,0" />
</Scene>
<Scene>
<INIT seed="3,0,0,3,3,104" ten="276,133,385,206" oya="3" hai0="61,21,109,70,132,26,6,113,22,100,131,51,31" hai1="44,57,107,110,39,133,40,34,38,41,19,106,4" hai2="30,108,67,87,134,49,77,127,79,102,119,76,94" hai3="72,88,33,20,111,98,48,99,60,5,128,35,114"/><W91/><G114/><T120/><D113/><U126/><E34/><V93/><F108/><W46/><G128/><T25/><D120/><U105/><E110/><V24/><F119/><W64/><G111/><T89/><D109/><U103/><E133/><V59/><F127/><W29/><G5/><T2/><D132/><U84/><E126/><V116/><F116/><W58/><G72/><T101/><D131/><U121/><E121/><V43/><F43/><W130/><G130/><T7/><D51/><U16/><E4/><V3/><F3/><W14/><G35/><T0/><D89/><N who="3" m="34377" /><G33/><T80/><D80/><U81/><E103/><V8/><F87/><W96/><G29/><T1/><D1/><U54/><E41/><V17/><F30/><W117/><G117/><T12/><D31/><U56/><E39/><V90/><F102/><W124/><G124/><T42/><D42/><U36/><E36/><V118/><F90/><W112/><G112/><T52/><D12/><U23/><E23/><N who="2" m="13423" /><F118/><W53/><G14/><T28/><D28/><U115/><E115/><V86/><F86/><W9/><G20/><T50/><D70/><U95/><E95/><V65/><F8/><AGARI ba="0,0" hai="8,9,46,48,53,58,60,64,96,98,99" m="34377" machi="8" ten="30,2900,0" yaku="8,1,54,1" doraHai="104" who="3" fromWho="2" sc="276,0,133,0,385,-29,206,29" />
</Scene>
<Scene>
<INIT seed="3,1,0,5,2,11" ten="276,133,356,235" oya="3" hai0="106,121,82,83,84,85,64,44,119,122,115,66,8" hai1="102,7,23,99,116,109,41,91,97,27,55,73,72" hai2="51,93,75,107,36,48,0,105,135,132,76,129,46" hai3="104,124,95,71,81,26,54,3,114,37,87,112,134"/><W100/><G3/><T57/><D119/><U90/><E109/><V30/><F0/><W127/><G71/><T25/><D115/><N who="3" m="44073" /><G37/><T59/><D106/><U20/><E116/><V111/><F36/><W68/><G68/><T92/><D8/><U128/><E41/><V35/><F51/><W110/><G26/><T10/><D10/><U70/><E70/><V39/><F39/><W63/><G63/><T38/><D38/><U5/><E27/><V42/><F111/><W47/><G47/><T43/><D25/><U6/><E128/><V2/><F107/><W24/><G24/><T125/><D92/><U28/><E102/><V88/><F105/><W31/><G31/><T61/><D44/><U123/><E123/><V133/><F129/><W13/><G13/><T50/><D50/><U126/><E126/><N who="3" m="48170" /><G54/><T113/><D125/><U9/><E9/><V120/><F2/><W56/><G56/><T80/><D43/><U78/><E55/><V103/><F30/><W21/><G21/><T130/><D113/><U89/><E28/><V17/><F46/><W69/><G69/><T49/><D130/><U22/><REACH who="1" step="1"/><E78/><REACH who="1" ten="276,123,356,235" step="2"/><V77/><F76/><N who="3" m="46503" /><G110/><T86/><D66/><U94/><E94/><V34/><F93/><W12/><G134/><T18/><D64/><U52/><E52/><V118/><F133/><W62/><G104/><T40/><D122/><U45/><E45/><V79/><F120/><W4/><G100/><T14/><D121/><U67/><E67/><V131/><F135/><W1/><G95/><T16/><D40/><U96/><AGARI ba="1,1" hai="5,6,7,20,22,23,72,73,89,90,91,96,97,99" machi="96" ten="40,32000,5" yakuman="40" doraHai="11" doraHaiUra="29" who="1" fromWho="1" sc="276,-81,123,333,356,-81,235,-161" />
</Scene>
<Scene>
<INIT seed="4,0,0,0,1,104" ten="195,456,275,74" oya="0" hai0="131,88,10,115,64,75,40,3,22,120,79,108,72" hai1="37,62,33,1,87,70,109,26,107,85,29,6,65" hai2="41,34,135,60,111,129,100,17,43,52,77,103,54" hai3="39,27,42,90,50,101,112,35,12,96,69,7,106"/><T59/><D120/><U110/><E37/><V78/><F34/><W125/><G69/><T80/><D131/><U15/><E1/><V130/><F111/><W84/><G125/><T93/><D108/><U45/><E45/><V28/><F17/><W46/><G112/><T31/><D115/><U74/><E74/><V118/><F60/><W133/><G133/><T132/><D132/><U48/><E48/><V134/><REACH who="2" step="1"/><F28/><REACH who="2" ten="195,456,265,74" step="2"/><W98/><G35/><T9/><D31/><U123/><E110/><V49/><F49/><W117/><G117/><AGARI ba="0,1" hai="41,43,52,54,77,78,100,103,117,118,129,130,134,135" machi="117" ten="25,6400,0" yaku="1,1,22,2,54,1,53,0" doraHai="104" doraHaiUra="19" who="2" fromWho="3" sc="195,0,456,0,265,74,74,-64" />
</Scene>
<Scene>
<INIT seed="5,0,0,3,5,55" ten="195,456,339,10" oya="1" hai0="44,68,103,29,91,126,77,49,94,124,64,39,35" hai1="18,46,16,40,115,129,31,122,63,45,5,131,95" hai2="81,106,22,100,12,132,127,97,50,38,82,108,11" hai3="116,59,114,7,76,83,79,90,62,128,24,21,37"/><U15/><E122/><V58/><F38/><W88/><G114/><T8/><D77/><N who="3" m="29769" /><G128/><N who="1" m="49226" /><E115/><V70/><F108/><W105/><G105/><T41/><D103/><U135/><E135/><V36/><F36/><W13/><G37/><T84/><D39/><N who="1" m="21663" /><E31/><V6/><F70/><W65/><G116/><T67/><D68/><U47/><E63/><V42/><F132/><W2/><G2/><T107/><D107/><U10/><E95/><V134/><F134/><W118/><G118/><T19/><D29/><U120/><E120/><V96/><F127/><N who="0" m="48682" /><D35/><U71/><E71/><V17/><F96/><W93/><G93/><T87/><D87/><U26/><E26/><V80/><F42/><W53/><G83/><T130/><D130/><U85/><E85/><V33/><F33/><W3/><G3/><T32/><D32/><U113/><E113/><V0/><F50/><W51/><G7/><T43/><D43/><U69/><E69/><V9/><F9/><W57/><G13/><AGARI ba="0,0" hai="8,13,19,41,44,49,64,67,84,91,94" m="48682" machi="13" ten="30,1000,0" yaku="18,1" doraHai="55" who="0" fromWho="3" sc="195,10,456,0,339,0,10,-10" />
</Scene>
<Scene>
<INIT seed="6,0,0,1,2,121" ten="205,456,339,0" oya="2" hai0="122,61,26,40,11,129,100,31,67,123,85,50,112" hai1="7,52,60,135,80,17,124,55,15,36,105,116,0" hai2="115,8,54,49,118,86,95,27,87,12,2,53,37" hai3="96,132,47,34,73,103,44,107,111,18,62,56,126"/><V75/><F118/><W92/><G111/><T101/><D112/><U48/><E116/><V104/><F37/><W102/><G132/><T128/><D85/><U42/><E105/><V108/><F75/><W134/><G126/><T79/><D79/><U30/><E30/><V71/><F104/><W21/><G134/><T94/><D11/><N who="1" m="4607" /><E0/><V25/><F71/><W24/><G73/><T74/><D74/><U19/><E36/><V117/><F2/><W5/><G5/><T69/><D50/><U125/><E135/><V22/><F117/><W57/><G34/><T127/><D40/><U130/><E130/><N who="0" m="50281" /><D127/><N who="1" m="48715" /><E80/><V10/><F115/><W66/><G107/><T28/><D28/><U14/><E60/><V131/><F131/><W35/><G35/><N who="0" m="20983" /><D101/><N who="3" m="38409" /><G57/><T76/><D76/><U29/><E29/><V63/><F108/><W4/><G4/><T33/><D33/><U23/><E19/><N who="2" m="12511" /><F63/><W41/><G41/><T84/><D100/><AGARI ba="0,0" hai="18,21,24,44,47,56,62,66,92,96,100" m="38409" machi="100" ten="30,1000,0" yaku="8,1" doraHai="121" who="3" fromWho="0" sc="205,-10,456,0,339,0,0,10" />
</Scene>
<Scene>
<INIT seed="7,0,0,0,4,103" ten="195,456,339,10" oya="3" hai0="92,34,40,121,118,28,80,108,47,82,25,14,35" hai1="93,26,63,133,76,49,73,6,4,20,85,64,59" hai2="2,75,132,48,89,67,18,106,79,38,110,96,5" hai3="66,65,17,33,124,94,70,51,131,97,62,128,114"/><W30/><G33/><T125/><D108/><U91/><E133/><V101/><F110/><W100/><G30/><T15/><D125/><U46/><E76/><V19/><F132/><W127/><G114/><T32/><D121/><U105/><E105/><V53/><F38/><W57/><G17/><T8/><D118/><U52/><E73/><V36/><F36/><W24/><G24/><T39/><D92/><U1/><E1/><V41/><F41/><W55/><REACH who="3" step="1"/><G66/><REACH who="3" ten="195,456,339,0" step="2"/><T113/><D113/><U56/><E46/><V88/><F67/><W98/><G98/><T68/><D34/><U72/><E72/><V119/><F19/><AGARI ba="0,1" hai="4,6,19,20,26,49,52,56,59,63,64,85,91,93" machi="19" ten="30,3900,0" yaku="7,1,8,1,54,1" doraHai="103" who="1" fromWho="2" sc="195,0,456,49,339,-39,0,0" owari="195,-20.0,505,60.0,300,10.0,0,-50.0" />
</Scene>
</mjloggm>