<mjloggm ver="2.3"><GO type="41"/><UN n0="%40%E9%BE%8D" n1="%E7%BD%AA%E7%8E%8B" n2="%2B%72%61%6B%69%61%2B" n3="%E5%A4%AA%E3%81%8F%E3%81%AA%E3%81%84%E3%81%8A" dan="13,14,13,15" rate="1880,2005,1883,2049" sx="M,M,M,M"/><TAIKYOKU oya="0"/>

<Scene>
<INIT seed="0,0,0,2,1,6" ten="250,250,250,250" oya="0" hai0="8,28,128,105,39,101,54,46,42,3,80,59,10" hai1="2,107,69,14,133,52,94,20,89,117,100,31,96" hai2="60,70,26,120,65,48,50,4,99,56,40,84,87" hai3="49,25,75,16,102,72,57,1,29,122,134,71,44"/><T41/><D3/><U132/><E2/><V15/><F120/><W129/><G71/><T5/><D5/><U38/><E117/><V34/><F99/><W45/><G1/><T13/><D13/><U108/><E108/><V33/><F34/><W88/><G102/><T90/><D28/><U55/><E69/><V91/><F84/><W30/><G122/><T115/><D115/><U7/><E38/><V0/><F0/><W66/><G129/><T93/><D128/><U51/><E31/><N who="3" m="11786" /><G75/><T127/><D127/><U22/><E22/><V35/><F26/><W111/><G72/><T103/><D105/><U97/><E20/><V114/><F35/><W19/><G111/><T12/><D12/><U77/><E77/><V61/><F33/><W18/><G134/><N who="1" m="51818" /><E51/><V86/><F86/><W95/><G25/><T43/><D80/><U124/><E124/><V23/><F40/><W126/><G126/><T17/><D17/><U64/><E64/><V27/><F27/><W78/><G78/><T131/><D131/><U83/><E83/><V82/><F114/><W92/><G92/><T118/><D118/><U53/><E53/><V81/><F81/><W58/><G66/><T76/><D76/><U113/><E113/><V109/><F109/><W130/><G130/><T21/><D21/><U37/><E37/><V104/><F104/><W121/><G121/><T62/><D46/><N who="3" m="18025" /><G49/><T110/><D39/><U98/><E98/><AGARI ba="0,0" hai="16,18,19,57,58,88,95,98" m="18025,11786" machi="98" ten="30,3900,0" yaku="8,1,54,2" doraHai="6" who="3" fromWho="1" sc="250,0,250,-39,250,0,250,39" />
</Scene>
<Scene>
<INIT seed="1,0,0,4,0,8" ten="250,211,250,289" oya="1" hai0="67,100,123,40,1,81,33,126,30,11,113,4,125" hai1="112,107,2,83,32,48,41,35,10,28,56,72,50" hai2="20,46,12,63,95,17,87,98,97,85,119,58,117" hai3="116,74,99,86,70,131,121,115,49,111,84,90,69"/><U110/><E112/><V120/><F120/><W52/><G74/><T128/><D100/><U77/><E107/><V65/><F46/><W79/><G115/><T93/><D67/><U26/><E110/><V106/><F106/><W64/><G121/><T25/><D93/><U36/><E35/><V103/><REACH who="2" step="1"/><F98/><REACH who="2" ten="250,211,240,289" step="2"/><W104/><G99/><T22/><D40/><U114/><E114/><V37/><F37/><W51/><G104/><T18/><D81/><U43/><E43/><V57/><F57/><W3/><G69/><T29/><D113/><U31/><E56/><V132/><F132/><W45/><G70/><T78/><D78/><U61/><E61/><V134/><F134/><W124/><G79/><T54/><D54/><U75/><E72/><V24/><F24/><W68/><G52/><T9/><D123/><U23/><E41/><V27/><F27/><W13/><G45/><T6/><D128/><U118/><E36/><V47/><F47/><W82/><G68/><T80/><D80/><U127/><E83/><V42/><F42/><W88/><G82/><T133/><D133/><U15/><E77/><V129/><F129/><W53/><G131/><T102/><D102/><U130/><E130/><V7/><F7/><W76/><G76/><T59/><D59/><U62/><E75/><V73/><F73/><W105/><G105/><T16/><D30/><U92/><E26/><V109/><F109/><W71/><G111/><T91/><D91/><U14/><E31/><V66/><F66/><W38/><G71/><T55/><D55/><U44/><E44/><V135/><F135/><RYUUKYOKU ba="0,1" sc="250,-10,211,-10,240,30,289,-10" hai2="12,17,20,58,63,65,85,87,95,97,103,117,119" />
</Scene>
<Scene>
<INIT seed="2,1,1,3,5,127" ten="240,201,270,279" oya="2" hai0="63,54,50,117,24,43,1,32,85,73,112,66,11" hai1="34,111,98,40,97,56,10,4,94,71,57,36,30" hai2="44,51,27,108,17,130,78,42,119,29,26,82,35" hai3="134,59,58,131,48,45,37,22,122,69,107,135,67"/><V105/><F119/><W79/><G107/><T13/><D73/><U20/><E71/><V68/><F105/><W41/><G79/><T8/><D1/><U46/><E34/><V132/><F132/><N who="3" m="50731" /><G22/><T87/><D112/><U133/><E133/><V19/><F68/><W86/><G86/><T114/><D114/><U121/><E121/><V91/><F108/><W55/><G122/><T84/><D117/><U103/><E111/><V72/><F91/><W60/><G131/><T53/><D32/><U109/><E109/><V49/><F130/><W7/><G7/><T89/><D24/><U99/><E99/><V95/><F95/><W62/><G59/><T88/><D43/><U81/><E81/><V28/><REACH who="2" step="1"/><F51/><AGARI ba="1,1" hai="37,41,45,48,51,55,58,60,62,67,69" m="50731" machi="51" ten="30,3900,0" yaku="20,1,34,2" doraHai="127" who="3" fromWho="2" sc="240,0,201,0,270,-42,279,52" />
</Scene>
<Scene>
<INIT seed="3,0,0,5,2,75" ten="240,201,228,331" oya="3" hai0="112,12,47,110,87,42,113,108,27,2,38,89,99" hai1="54,53,79,106,15,98,128,97,78,94,57,14,69" hai2="73,35,82,81,92,90,127,67,130,10,65,0,34" hai3="3,95,86,55,37,20,9,74,5,18,116,83,13"/><W29/><G116/><T11/><D2/><U71/><E94/><V103/><F130/><W114/><G114/><T33/><D99/><U111/><E57/><V131/><F127/><W117/><G117/><T96/><D96/><U60/><E60/><V50/><F131/><W4/><G37/><T120/><D120/><U51/><E128/><V45/><F103/><W21/><G74/><T6/><D27/><U24/><E51/><V41/><F35/><W115/><G115/><T85/><D33/><U58/><E58/><V32/><F32/><W102/><G55/><T43/><D43/><U124/><E24/><V22/><F34/><W122/><G122/><T105/><D87/><U49/><E49/><V30/><F10/><W23/><G29/><T44/><D105/><U76/><E76/><V17/><F30/><W7/><G3/><T119/><D119/><U61/><E61/><V84/><F0/><W80/><REACH who="3" step="1"/><G102/><REACH who="3" ten="240,201,228,321" step="2"/><T77/><D113/><U100/><E100/><V62/><F73/><W126/><G126/><T31/><D112/><U52/><E124/><V135/><F135/><W118/><G118/><T101/><D31/><U129/><E54/><V56/><F67/><W93/><G93/><T70/><D101/><U19/><E129/><V39/><REACH who="2" step="1"/><F39/><REACH who="2" ten="240,201,218,321" step="2"/><W66/><G66/><T91/><D38/><U107/><REACH who="1" step="1"/><E19/><REACH who="1" ten="240,191,218,321" step="2"/><V36/><F36/><W88/><AGARI ba="0,3" hai="4,5,7,9,13,18,20,21,23,80,83,86,88,95" machi="88" ten="40,12000,1" yaku="1,1,0,1,8,1,54,1,53,0" doraHai="75" doraHaiUra="109" who="3" fromWho="3" sc="240,-40,191,-40,218,-40,321,150" />
</Scene>
<Scene>
<INIT seed="3,1,0,5,0,83" ten="200,151,178,471" oya="3" hai0="1,94,99,53,12,11,115,9,7,18,51,25,103" hai1="95,64,62,128,93,52,55,129,100,48,14,2,8" hai2="116,92,78,110,44,97,68,27,126,32,10,34,96" hai3="60,133,17,42,36,118,4,119,16,123,109,88,87"/><W91/><G123/><T67/><D115/><U117/><E2/><V41/><F116/><W74/><G74/><T49/><D67/><U76/><E117/><V113/><F113/><W90/><G4/><T66/><D66/><U15/><E76/><V114/><F68/><W132/><G109/><T38/><D38/><U22/><E22/><V6/><F110/><W26/><G60/><T39/><D39/><U105/><E105/><V69/><F69/><W54/><G54/><T19/><D19/><N who="3" m="7241" /><G26/><T98/><D25/><U28/><E28/><V58/><F114/><W85/><G119/><T45/><D99/><U33/><E33/><V56/><F27/><W108/><G108/><T43/><D51/><U121/><E121/><V13/><F34/><W40/><G118/><T59/><REACH who="0" step="1"/><D59/><REACH who="0" ten="190,151,178,471" step="2"/><U65/><E48/><V21/><F97/><W24/><G24/><T124/><D124/><U84/><E62/><V120/><F126/><W106/><G36/><T46/><D46/><U107/><E64/><V72/><F120/><W75/><G106/><T35/><D35/><U23/><E65/><V82/><F32/><W79/><G40/><AGARI ba="1,1" hai="1,7,9,11,12,18,40,43,45,49,53,94,98,103" machi="40" ten="40,1300,0" yaku="1,1,53,0" doraHai="83" doraHaiUra="70" who="0" fromWho="3" sc="190,26,151,0,178,0,471,-16" />
</Scene>
<Scene>
<INIT seed="4,0,0,0,0,76" ten="216,151,178,455" oya="0" hai0="116,135,69,115,81,83,11,130,125,100,102,35,12" hai1="128,66,7,84,60,85,92,17,68,5,32,101,104" hai2="46,16,127,121,52,28,49,40,23,82,0,58,30" hai3="78,29,63,95,98,119,48,10,26,103,70,120,74"/><T57/><D69/><U6/><E32/><V41/><F121/><W14/><G119/><T72/><D35/><U31/><E104/><V39/><F0/><W51/><G120/><T106/><D116/><U15/><E31/><V65/><F127/><W114/><G114/><T19/><D72/><U4/><E128/><V21/><F21/><W122/><G122/><T27/><D106/><U88/><E101/><V71/><F41/><W50/><G70/><T18/><D115/><U54/><E54/><V79/><F65/><W108/><G108/><T112/><D112/><U109/><E109/><V47/><F47/><W123/><G123/><T73/><D73/><U3/><E3/><V9/><F9/><W64/><G74/><T42/><D42/><U45/><E45/><V13/><F71/><W96/><G96/><T8/><D130/><U105/><E105/><V87/><AGARI ba="0,0" hai="13,16,23,28,30,39,40,46,49,52,58,79,82,87" machi="87" ten="20,8000,1" yaku="0,1,7,1,52,1,54,2" doraHai="76" who="2" fromWho="2" sc="216,-40,151,-20,178,80,455,-20" />
</Scene>
<Scene>
<INIT seed="5,0,0,3,3,59" ten="176,131,258,435" oya="1" hai0="66,14,53,73,43,132,63,112,110,25,4,120,125" hai1="76,40,72,47,135,87,60,115,15,64,117,122,116" hai2="13,12,29,131,30,11,123,55,31,130,24,77,27" hai3="111,128,2,133,18,91,44,37,81,6,36,70,56"/><U65/><E122/><V134/><F77/><W51/><G70/><T49/><D110/><U78/><E72/><V74/><F74/><W126/><G111/><T119/><D119/><U105/><E105/><V106/><F106/><W97/><G56/><T45/><D73/><U82/><E135/><V3/><F55/><W101/><G18/><T121/><D112/><U67/><E115/><V118/><F118/><W62/><G6/><T17/><D132/><U38/><E78/><V71/><F71/><W5/><G5/><T95/><D125/><U98/><E98/><V8/><F123/><N who="0" m="47178" /><D4/><U50/><E38/><V88/><F88/><W32/><G91/><T34/><D95/><U90/><E90/><V58/><F58/><W1/><G44/><T10/><D25/><N who="2" m="9802" /><F3/><W103/><G1/><T28/><D28/><U84/><E87/><V41/><F41/><W129/><G2/><T0/><D0/><U93/><E93/><V16/><F134/><W83/><G133/><T124/><D124/><U21/><REACH who="1" step="1"/><E60/><REACH who="1" ten="176,121,258,435" step="2"/><V109/><F109/><W22/><G62/><T23/><D34/><U100/><E100/><V75/><F75/><W35/><G126/><T89/><D89/><U102/><E102/><V96/><F96/><W79/><G97/><T92/><D92/><U42/><E42/><V80/><F80/><W113/><G79/><T99/><D99/><U54/><E54/><V114/><F114/><W39/><G39/><T61/><D66/><U9/><E9/><V48/><F48/><W52/><G51/><N who="0" m="27071" /><D10/><U104/><E104/><V94/><F94/><W26/><G113/><RYUUKYOKU ba="0,1" sc="176,10,121,10,258,10,435,-30" hai0="14,17,23,49,53,61,63" hai1="15,21,40,47,50,64,65,67,76,82,84,116,117" hai2="8,11,12,13,16,29,30,31,130,131" />
</Scene>
<Scene>
<INIT seed="5,1,1,4,3,78" ten="186,131,268,405" oya="1" hai0="8,28,93,67,1,40,75,13,107,120,7,12,82" hai1="88,5,62,70,61,10,129,46,21,38,43,135,58" hai2="130,4,133,98,37,94,91,106,19,79,47,56,115" hai3="84,44,131,132,63,36,32,85,99,26,54,126,112"/><U71/><E135/><V108/><F108/><W111/><G111/><T55/><D107/><U66/><E129/><V23/><F133/><W39/><G132/><T80/><D75/><U104/><E104/><V100/><F130/><W20/><G32/><T14/><D67/><U76/><E76/><V101/><F4/><W117/><G131/><T83/><D40/><U118/><E118/><V15/><F115/><W97/><G39/><T53/><D28/><U11/><E21/><V24/><F106/><W92/><G36/><T87/><D120/><U16/><E11/><V3/><F3/><W86/><G112/><T121/><D121/><U72/><E72/><V109/><F109/><W122/><G122/><T65/><D65/><U34/><E34/><V102/><F79/><W42/><G117/><T45/><D45/><U35/><E35/><V69/><F69/><W128/><G128/><T68/><D68/><U18/><E88/><V48/><F37/><W2/><G2/><T22/><D22/><U114/><E71/><V105/><F56/><N who="3" m="35223" /><G92/><T50/><REACH who="0" step="1"/><D50/><REACH who="0" ten="176,131,268,405" step="2"/><U31/><E114/><V59/><F105/><W0/><G20/><T134/><D134/><U49/><E31/><V60/><F48/><W27/><G44/><T96/><D96/><U41/><E41/><V9/><F47/><W25/><G42/><T77/><D77/><U73/><E73/><V110/><F110/><W6/><G99/><T89/><AGARI ba="1,2" hai="1,7,8,12,13,14,53,55,80,82,83,87,89,93" machi="89" ten="40,8000,1" yaku="1,1,0,1,52,3,53,0" doraHai="78" doraHaiUra="57" who="0" fromWho="0" sc="176,103,131,-41,268,-21,405,-21" />
</Scene>
<Scene>
<INIT seed="6,0,0,1,4,27" ten="279,90,247,384" oya="2" hai0="5,12,123,121,115,76,113,4,61,0,18,2,109" hai1="119,103,63,56,20,93,1,10,34,3,33,23,79" hai2="88,133,55,15,74,110,31,108,25,45,124,84,37" hai3="39,41,86,40,85,68,122,77,104,44,134,64,82"/><V90/><F74/><W69/><G122/><T13/><D61/><U60/><E79/><V47/><F133/><W48/><G104/><T91/><D91/><U51/><E93/><V62/><F124/><W100/><G134/><T120/><D76/><U26/><E51/><V8/><F37/><W73/><G100/><T49/><D49/><U22/><E56/><N who="2" m="35103" /><F90/><W83/><G64/><T28/><D28/><N who="1" m="17479" /><E103/><V9/><F9/><W92/><G92/><T80/><D80/><U43/><E43/><V118/><F118/><W71/><G82/><T125/><D125/><U7/><E63/><V81/><F15/><N who="0" m="5706" /><D18/><U24/><E60/><V35/><F8/><W70/><G70/><T127/><D127/><U59/><E59/><V87/><F87/><W99/><G99/><T72/><D72/><U14/><E119/><V126/><F126/><W38/><G38/><T58/><D58/><U112/><E112/><N who="0" m="43081" /><D109/><AGARI ba="0,0" hai="25,31,35,45,47,81,84,88,108,109,110" m="35103" machi="109" ten="30,5800,0" yaku="10,1,52,1,54,1" doraHai="27" who="2" fromWho="0" sc="279,-58,90,0,247,58,384,0" />
</Scene>
<Scene>
<INIT seed="6,1,0,0,3,18" ten="221,90,305,384" oya="2" hai0="93,123,84,44,130,57,23,42,91,21,39,38,73" hai1="103,129,125,92,68,61,46,41,119,63,52,58,35" hai2="34,133,47,126,88,114,51,59,122,37,89,32,45" hai3="83,17,110,77,25,65,62,105,19,94,121,102,3"/><V64/><F122/><W54/><G110/><T97/><D123/><U98/><E119/><V22/><F126/><W33/><G3/><T115/><D73/><U36/><E125/><V118/><F118/><W55/><G94/><T43/><D115/><U78/><E129/><V80/><F114/><W131/><G121/><T135/><D130/><U85/><E35/><V81/><F37/><W1/><G1/><T74/><D74/><U50/><E61/><N who="2" m="37951" /><F32/><W9/><G9/><T82/><D135/><U128/><E128/><V48/><F34/><W0/><G0/><T8/><D8/><U6/><E6/><V67/><F67/><W70/><G131/><T100/><D57/><U30/><E30/><V26/><F133/><W7/><G7/><T113/><REACH who="0" step="1"/><D113/><REACH who="0" ten="211,90,305,384" step="2"/><U79/><REACH who="1" step="1"/><E85/><REACH who="1" ten="211,80,305,384" step="2"/><V108/><F108/><W12/><G33/><T101/><D101/><U11/><E11/><V87/><F87/><W49/><G102/><T112/><D112/><U76/><E76/><V2/><F2/><W40/><G77/><T5/><D5/><U116/><E116/><V10/><F10/><W24/><G62/><T99/><D99/><U96/><E96/><V75/><F75/><W14/><G70/><T72/><D72/><U134/><E134/><V66/><F89/><W109/><G109/><T29/><D29/><U127/><E127/><V27/><F88/><W69/><G69/><T107/><D107/><U31/><E31/><V20/><F47/><AGARI ba="1,2" hai="21,23,38,39,42,43,44,47,82,84,91,93,97,100" machi="47" ten="40,8000,1" yaku="1,1,9,1,52,2,53,0" doraHai="18" doraHaiUra="60" who="0" fromWho="2" sc="211,103,80,0,305,-83,384,0" />
</Scene>
<Scene>
<INIT seed="7,0,0,3,5,121" ten="314,80,222,384" oya="3" hai0="15,18,13,53,2,123,111,116,86,114,94,20,73" hai1="42,30,55,96,22,24,102,79,56,82,135,29,35" hai2="130,16,44,27,99,109,38,63,7,1,40,88,50" hai3="125,11,110,41,89,31,4,77,33,26,97,43,91"/><W129/><G110/><T14/><D73/><U37/><E135/><V124/><F130/><W51/><G129/><T45/><D123/><U83/><E37/><V68/><F124/><W28/><G28/><T12/><D116/><U133/><E42/><V72/><F72/><W60/><G125/><T95/><D111/><U120/><E120/><V100/><F7/><W34/><G34/><T75/><D75/><U127/><E127/><V104/><F1/><W19/><G77/><T76/><D2/><U65/><E133/><V74/><F74/><W113/><G113/><T108/><D108/><U49/><E35/><V115/><F115/><W57/><G19/><T117/><D117/><U85/><E83/><V71/><F38/><W106/><G106/><T8/><D114/><U47/><E30/><V36/><F36/><W69/><G69/><T21/><D21/><U118/><E118/><V59/><F109/><W126/><G126/><T6/><D6/><U10/><E10/><V131/><F131/><W92/><G91/><T70/><D70/><U128/><E128/><V80/><F80/><W58/><G51/><T98/><D8/><U54/><E49/><V48/><F48/><W46/><G11/><T119/><D119/><U23/><E47/><V17/><F68/><W67/><G46/><T25/><N who="0" m="3584" /><DORA hai="87" /><T78/><D45/><U81/><E81/><V84/><F71/><W93/><G4/><T107/><D53/><U105/><REACH who="1" step="1"/><E22/><REACH who="1" ten="314,70,222,384" step="2"/><V134/><F134/><W90/><G43/><T103/><D86/><U39/><E39/><V112/><F84/><W61/><G41/><RYUUKYOKU ba="0,1" sc="314,15,70,15,222,-15,384,-15" hai0="18,20,25,76,78,94,95,98,103,107" hai1="23,24,29,54,55,56,65,79,82,85,96,102,105" owari="329,13.0,85,-41.0,207,-19.0,379,47.0" />
</Scene>
</mjloggm>