<mjloggm ver="2.3"><GO type="169"/><UN n0="%E3%82%A2%E3%83%8A%E3%83%AB%E5%85%84%E5%BC%9F" n1="%E3%81%99%E3%81%9F%E3%83%BC%E3%82%89%E3%81%84%E3%81%A8%E3%81%B3%E3%83%BC" n2="%E3%81%B5%E3%81%8A%E3%82%93" n3="%E5%A4%AA%E3%81%8F%E3%81%AA%E3%81%84%E3%81%8A" dan="16,16,16,18" rate="2064,2078,2061,2208" sx="M,F,M,M"/><TAIKYOKU oya="0"/>

<Scene>
<INIT seed="0,0,0,0,5,23" ten="250,250,250,250" oya="0" hai0="128,72,47,8,2,25,77,135,13,34,109,93,24" hai1="67,58,40,114,118,134,46,78,43,60,49,127,11" hai2="115,29,111,14,18,104,63,101,116,132,117,122,68" hai3="54,91,22,38,17,70,21,7,30,80,75,133,79"/><T105/><D47/><U81/><E118/><N who="2" m="45675" /><F115/><W85/><G38/><T92/><D105/><U5/><E114/><V61/><F122/><W121/><G70/><T59/><D59/><U84/><E134/><V90/><F111/><W27/><G133/><T103/><D135/><U10/><E127/><V125/><F132/><W123/><G7/><T107/><D34/><U41/><REACH who="1" step="1"/><E11/><REACH who="1" ten="250,240,250,250" step="2"/><N who="2" m="6495" /><F125/><W108/><G108/><T62/><D109/><U120/><E120/><V130/><F130/><W94/><REACH who="3" step="1"/><G54/><REACH who="3" ten="250,240,250,240" step="2"/><T87/><D128/><U56/><E56/><V52/><F52/><W42/><G42/><T71/><D2/><AGARI ba="0,2" hai="2,5,10,40,41,43,46,49,58,60,67,78,81,84" machi="2" ten="30,3900,0" yaku="1,1,7,1,53,1" doraHai="23" doraHaiUra="35" who="1" fromWho="0" sc="250,-39,240,59,250,0,240,0" />
</Scene>
<Scene>
<INIT seed="1,0,0,2,4,93" ten="211,299,250,240" oya="1" hai0="117,73,89,70,112,127,35,132,133,13,100,44,108" hai1="107,24,114,90,51,119,80,10,43,6,38,47,134" hai2="48,95,17,18,81,105,14,115,63,3,129,111,40" hai3="72,116,9,62,98,128,104,76,59,64,28,25,53"/><U57/><E119/><V36/><F105/><W124/><G116/><T37/><D44/><U60/><E114/><V78/><F3/><W8/><G124/><T34/><D13/><U12/><E107/><V120/><F120/><W96/><G128/><T110/><D100/><U101/><E101/><V71/><F36/><W75/><G104/><T99/><D112/><U46/><E134/><N who="0" m="51817" /><D117/><U103/><E103/><V52/><F111/><N who="0" m="42538" /><D70/><U68/><E68/><V87/><F129/><W7/><G8/><T0/><D0/><U65/><E24/><V125/><F125/><W33/><G64/><T77/><D37/><U85/><E47/><V92/><F115/><W130/><G130/><T58/><D58/><U109/><E109/><V16/><F14/><W82/><REACH who="3" step="1"/><G75/><REACH who="3" ten="211,299,250,230" step="2"/><T4/><D127/><U41/><E38/><V49/><F71/><W84/><G84/><T39/><D39/><U19/><E6/><V27/><F27/><W29/><G29/><T42/><D4/><U118/><E118/><V45/><REACH who="2" step="1"/><F63/><REACH who="2" ten="211,299,240,230" step="2"/><W31/><G31/><T21/><D42/><AGARI ba="0,2" hai="10,12,19,41,42,43,46,51,57,60,65,80,85,90" machi="42" ten="30,2900,0" yaku="7,1,8,1" doraHai="93" who="1" fromWho="0" sc="211,-29,299,49,240,0,230,0" />
</Scene>
<Scene>
<INIT seed="1,1,0,3,3,69" ten="182,348,240,230" oya="1" hai0="102,127,1,35,26,30,109,4,31,25,65,58,17" hai1="83,124,0,78,114,119,27,11,120,48,134,79,97" hai2="40,52,71,77,21,5,20,113,12,37,100,9,23" hai3="34,50,103,67,6,13,82,118,133,125,80,8,47"/><U85/><E120/><V39/><F71/><W15/><G34/><T130/><D102/><U96/><E119/><V16/><F40/><W28/><G118/><T87/><D87/><U84/><E27/><V57/><F113/><W56/><G125/><T62/><D4/><U29/><E29/><V46/><F46/><W128/><G133/><T106/><D1/><U115/><E48/><V98/><F77/><W64/><G128/><T22/><D106/><U55/><E55/><V54/><F5/><W60/><G28/><T99/><D99/><U44/><E44/><V18/><F18/><W90/><G103/><T53/><D130/><U112/><E11/><V91/><F91/><W108/><G108/><T122/><D122/><U93/><E0/><V104/><REACH who="2" step="1"/><F54/><REACH who="2" ten="182,348,230,230" step="2"/><W94/><G64/><T10/><D127/><U74/><E124/><V131/><F131/><W72/><G90/><T45/><D109/><U51/><E134/><V24/><F24/><W92/><G67/><T75/><D75/><U61/><E78/><V36/><F36/><W70/><G72/><T88/><D88/><U32/><E74/><V132/><F132/><W68/><G6/><T126/><D126/><U2/><E79/><V95/><F95/><W135/><G135/><T107/><D107/><U89/><E89/><V121/><F121/><W117/><G92/><T81/><D10/><U110/><E93/><V66/><F66/><N who="3" m="39175" /><G8/><T42/><D65/><U7/><E114/><V49/><AGARI ba="1,1" hai="9,12,16,20,21,23,37,39,49,52,57,98,100,104" machi="49" ten="30,12000,2" yaku="1,1,0,1,52,2,54,2,53,0" doraHai="69" doraHaiUra="43" who="2" fromWho="2" sc="182,-31,348,-61,230,133,230,-31" />
</Scene>
<Scene>
<INIT seed="2,0,0,1,3,120" ten="151,287,363,199" oya="2" hai0="54,118,11,45,50,99,106,67,112,3,71,21,100" hai1="29,96,84,81,57,78,123,10,125,108,53,7,49" hai2="43,107,60,8,22,122,131,34,51,70,109,130,88" hai3="132,35,58,33,42,73,26,72,63,115,121,83,103"/><V39/><F34/><W74/><G121/><T69/><D67/><U38/><E38/><V24/><F122/><W6/><G132/><T97/><D112/><U101/><E123/><V87/><F107/><W31/><G115/><T127/><D127/><U0/><E125/><V133/><F39/><W75/><G103/><T65/><D65/><U66/><E66/><V104/><F104/><W92/><G42/><T41/><D118/><U20/><E20/><V47/><F60/><W18/><G6/><T79/><D79/><U17/><E17/><V9/><F70/><W32/><G92/><T15/><D97/><U12/><E29/><N who="2" m="17559" /><F133/><W40/><G40/><T128/><D128/><N who="2" m="49194" /><F109/><W113/><G113/><T77/><D77/><U48/><E108/><V129/><N who="2" m="49202" /><V91/><DORA hai="55" /><F91/><W28/><G18/><T117/><D117/><U61/><REACH who="1" step="1"/><E0/><REACH who="1" ten="151,277,363,199" step="2"/><V95/><AGARI ba="0,1" hai="8,9,43,47,51,87,88,95" m="49202,17559" machi="95" ten="40,3900,0" yaku="19,1,54,1" doraHai="120,55" who="2" fromWho="2" sc="151,-13,277,-13,363,49,199,-13" />
</Scene>
<Scene>
<INIT seed="2,1,0,0,5,66" ten="138,264,412,186" oya="2" hai0="135,31,24,65,85,73,61,42,132,103,109,104,88" hai1="30,124,62,82,97,52,90,14,48,101,60,71,63" hai2="108,118,105,40,86,50,116,59,81,102,119,129,33" hai3="16,20,93,0,77,126,6,49,95,34,67,127,96"/><V44/><F33/><W123/><G123/><T23/><D73/><U36/><E36/><V55/><F129/><W89/><G34/><T68/><D42/><U114/><E114/><V27/><F27/><W130/><G130/><T111/><D103/><U125/><E30/><V121/><F121/><W3/><G77/><T92/><REACH who="0" step="1"/><D104/><REACH who="0" ten="128,264,412,186" step="2"/><U47/><E101/><V22/><F105/><W4/><G127/><T57/><D57/><U58/><E125/><V56/><F102/><W21/><G126/><T51/><D51/><U41/><E124/><V74/><F74/><W32/><G49/><T70/><D70/><U78/><E71/><V13/><F40/><W69/><G69/><T106/><D106/><U117/><E58/><V12/><F56/><W76/><G67/><T28/><D28/><U120/><E41/><V87/><F59/><W35/><G76/><T19/><D19/><U94/><E120/><V134/><F50/><W29/><G29/><T98/><D98/><U25/><E78/><V100/><F100/><W99/><G16/><T39/><D39/><U7/><E48/><V64/><F64/><W128/><G128/><T5/><D5/><U46/><E7/><V10/><F116/><W84/><G84/><T131/><D131/><U110/><E97/><V43/><F87/><W1/><G1/><T8/><D8/><U2/><E117/><V15/><F86/><W115/><G89/><T72/><D72/><U17/><E90/><V54/><F119/><W83/><G115/><T91/><D91/><U122/><E122/><V112/><F118/><W79/><G79/><RYUUKYOKU ba="1,1" sc="128,15,264,-15,412,-15,186,15" hai0="23,24,31,61,65,68,85,88,92,109,111,132,135" hai3="0,3,4,6,20,21,32,35,83,93,95,96,99" />
</Scene>
<Scene>
<INIT seed="3,2,1,3,3,108" ten="143,249,397,201" oya="3" hai0="134,78,0,110,2,109,91,129,35,89,133,16,59" hai1="106,97,57,117,127,31,74,72,102,21,54,41,55" hai2="22,61,92,71,76,45,23,8,99,43,132,80,103" hai3="7,96,67,44,9,6,85,38,30,84,15,93,73"/><W120/><G120/><T79/><D59/><U52/><E41/><V88/><F132/><N who="0" m="50794" /><D35/><U65/><E127/><V39/><F103/><W66/><G73/><T1/><D16/><U5/><E5/><V62/><F8/><W32/><G6/><T121/><D121/><U130/><E130/><V17/><F71/><W29/><G38/><T86/><D86/><N who="3" m="33385" /><G32/><T123/><D123/><U64/><E117/><V48/><F39/><W58/><G44/><T111/><D129/><U83/><E83/><V34/><F34/><W119/><G119/><T51/><D51/><U14/><E72/><V46/><F46/><W28/><G58/><T12/><D12/><U75/><E75/><V115/><F80/><W33/><G33/><T20/><D20/><U112/><E74/><V37/><F37/><W116/><G116/><T40/><D40/><U113/><E57/><V42/><F42/><W122/><G122/><T25/><D25/><U3/><E3/><V63/><F76/><AGARI ba="2,1" hai="0,1,2,76,78,79,89,91,109,110,111" m="50794" machi="76" ten="50,8000,1" yaku="28,2,14,1,20,1" doraHai="108" who="0" fromWho="2" sc="143,96,249,0,397,-86,201,0" />
</Scene>
<Scene>
<INIT seed="4,0,0,0,5,73" ten="239,249,311,201" oya="0" hai0="104,34,7,22,123,94,50,107,71,37,74,38,57" hai1="95,130,96,134,12,120,3,98,35,19,84,135,17" hai2="49,24,39,116,127,101,45,78,91,20,41,28,5" hai3="14,66,69,109,79,88,48,102,15,115,124,121,6"/><T81/><D71/><U54/><E3/><V110/><F110/><W2/><G109/><T42/><D34/><U25/><E120/><V114/><F114/><W51/><G102/><T129/><D123/><U46/><E130/><V65/><F127/><W100/><G100/><T55/><D129/><U108/><E108/><V40/><F101/><W131/><G131/><T67/><D7/><U8/><E84/><V105/><F105/><W113/><G121/><T70/><D94/><U126/><E126/><V89/><F116/><W47/><G124/><T111/><D22/><U92/><E92/><V13/><F65/><W112/><G2/><T11/><D11/><U58/><E46/><V30/><F30/><W60/><G6/><T132/><D111/><U75/><E75/><V53/><F40/><W10/><G10/><T77/><D132/><U27/><E35/><V125/><F125/><W72/><G88/><T68/><D68/><U0/><E0/><V83/><F13/><W56/><G69/><T23/><D23/><U1/><E1/><V4/><F4/><W16/><G16/><T103/><D103/><U44/><E19/><V62/><F5/><W97/><G97/><T118/><D118/><U52/><E98/><V90/><F62/><W133/><G133/><T43/><D43/><U29/><E29/><V26/><F26/><W128/><G128/><T31/><D31/><U80/><E134/><V9/><F9/><W18/><G18/><T82/><D42/><U119/><E119/><V64/><F41/><N who="3" m="24687" /><G51/><T93/><D50/><N who="1" m="28999" /><E135/><V86/><F39/><W61/><G61/><RYUUKYOKU ba="0,0" sc="239,-15,249,-15,311,15,201,15" hai2="20,24,28,45,49,53,64,78,83,86,89,90,91" hai3="14,15,56,60,66,72,79,112,113,115" />
</Scene>
<Scene>
<INIT seed="5,1,0,5,3,66" ten="224,234,326,216" oya="1" hai0="97,77,48,13,98,135,38,56,40,27,82,16,59" hai1="115,5,46,88,86,37,116,106,76,89,64,68,102" hai2="85,10,87,94,74,91,42,21,65,110,93,11,107" hai3="49,84,15,58,55,113,22,133,114,6,125,80,52"/><U132/><E116/><V57/><F107/><W123/><G123/><T23/><D38/><U130/><E5/><V12/><F74/><W7/><G125/><T18/><D135/><U131/><E132/><V32/><F32/><W34/><G34/><T24/><D24/><U79/><E37/><V71/><F71/><W99/><G99/><T45/><D97/><U29/><E29/><V95/><F42/><W28/><G133/><T19/><D98/><U122/><E122/><V96/><F85/><W50/><G28/><T53/><D40/><U14/><E106/><V75/><F75/><W3/><G3/><T117/><D117/><U83/><E102/><V20/><F10/><W72/><G72/><T108/><D108/><U92/><E46/><V129/><F129/><W47/><G22/><T62/><D62/><N who="1" m="39959" /><E14/><V73/><F73/><W120/><G120/><T90/><D90/><U126/><E126/><V67/><F110/><W1/><G1/><T101/><D101/><U78/><E89/><V70/><F70/><W103/><G103/><T44/><D44/><U33/><E33/><V105/><F105/><W31/><G31/><N who="0" m="17919" /><D13/><U60/><E60/><N who="2" m="38031" /><F67/><W35/><G35/><T36/><D36/><U112/><E83/><N who="2" m="49663" /><F96/><W2/><G2/><T54/><D54/><U119/><E119/><V17/><AGARI ba="1,0" hai="11,12,17,20,21,93,94,95" m="49663,38031" machi="17" ten="30,1100,0" yaku="8,1" doraHai="66" who="2" fromWho="2" sc="224,-4,234,-6,326,14,216,-4" />
</Scene>
<Scene>
<INIT seed="6,0,0,4,4,21" ten="220,228,340,212" oya="2" hai0="114,30,56,20,121,119,111,16,69,107,60,96,64" hai1="10,48,43,71,127,122,106,81,37,97,19,73,12" hai2="130,75,47,24,25,49,32,15,35,27,116,6,132" hai3="113,88,41,45,58,98,2,78,92,72,65,134,4"/><V124/><F75/><W59/><G134/><T55/><D30/><U52/><E71/><V62/><F116/><W17/><G113/><T84/><D121/><U83/><E73/><V67/><F132/><W70/><G70/><T100/><D111/><U28/><E37/><V46/><F130/><W68/><G68/><T105/><D114/><U44/><E43/><V117/><F117/><W99/><G65/><T128/><D128/><U91/><E127/><V74/><F74/><W115/><G115/><T36/><D84/><U66/><E66/><V1/><F1/><W104/><G104/><T77/><D77/><U108/><E108/><V94/><F124/><W34/><G34/><T131/><D131/><U76/><E28/><V129/><F129/><W51/><G99/><T9/><D9/><U85/><E81/><V13/><F6/><W42/><G42/><T123/><D36/><U82/><E82/><V26/><F32/><W5/><G2/><T133/><D133/><U61/><E61/><V87/><F62/><W109/><G109/><T0/><D0/><U40/><E40/><V126/><F67/><W120/><G120/><T18/><D119/><U86/><E86/><V50/><F126/><W89/><G89/><T57/><D123/><U33/><E33/><V112/><F87/><W95/><G95/><N who="0" m="58399" /><D69/><U93/><E106/><N who="0" m="40457" /><D20/><U102/><E122/><V22/><F112/><W39/><G17/><T7/><D7/><N who="3" m="2633" /><G39/><T3/><D3/><U63/><E63/><V125/><F125/><W53/><G41/><T8/><D8/><U29/><E76/><V135/><F135/><RYUUKYOKU ba="0,0" sc="220,10,228,10,340,-30,212,10" hai0="16,18,55,56,57,60,64" hai1="10,12,19,29,44,48,52,83,85,91,93,97,102" hai3="45,51,53,58,59,72,78,88,92,98" />
</Scene>
<Scene>
<INIT seed="7,1,0,0,0,54" ten="230,238,310,222" oya="3" hai0="77,115,118,108,76,31,71,34,42,113,80,79,26" hai1="94,121,60,39,112,61,92,82,16,44,101,55,0" hai2="37,33,15,63,46,41,50,49,75,88,90,135,10" hai3="32,38,19,12,45,47,103,20,56,130,126,13,89"/><W28/><G126/><T102/><D71/><U84/><E121/><V22/><F33/><W81/><G130/><T91/><D108/><U120/><E120/><V29/><F75/><W109/><G109/><T18/><D102/><U87/><E0/><V105/><F105/><W25/><G103/><T64/><D64/><U11/><E39/><V85/><F135/><W124/><G124/><T107/><D107/><U74/><E74/><V35/><F35/><W123/><G123/><T70/><D70/><U65/><E112/><N who="0" m="43081" /><D42/><U133/><E133/><V57/><F49/><W128/><G128/><T51/><D51/><U7/><E65/><N who="2" m="39151" /><F37/><W95/><G38/><T110/><D110/><U127/><E127/><V3/><F3/><W119/><G119/><T73/><D118/><U117/><E117/><V66/><F66/><W4/><G81/><N who="0" m="45199" /><D18/><U43/><E16/><N who="2" m="8311" /><F85/><AGARI ba="1,0" hai="26,31,34,77,79,80,85,91" m="45199,43081" machi="85" ten="30,2000,0" yaku="15,1,11,1" doraHai="54" who="0" fromWho="2" sc="230,23,238,0,310,-23,222,0" />
</Scene>
<Scene>
<INIT seed="8,0,0,0,0,126" ten="253,238,287,222" oya="0" hai0="29,67,20,5,79,115,129,100,27,52,42,97,14" hai1="46,62,116,49,3,92,96,32,48,36,133,128,34" hai2="123,69,132,88,98,135,0,31,18,43,95,91,24" hai3="112,64,22,45,60,57,6,80,54,61,83,1,82"/><T125/><D42/><U84/><E3/><V47/><F123/><W11/><G112/><T109/><D125/><U10/><E36/><N who="2" m="21991" /><F69/><W101/><G101/><T127/><D127/><U90/><E116/><V66/><F66/><W44/><REACH who="3" step="1"/><G22/><REACH who="3" ten="253,238,287,212" step="2"/><N who="0" m="15607" /><D115/><U39/><E34/><V122/><F122/><W78/><G78/><T106/><D79/><U131/><E32/><V35/><F0/><W75/><G75/><T51/><D20/><U104/><E104/><V4/><F35/><W124/><G124/><T28/><D109/><U70/><E133/><V105/><F105/><W55/><G55/><T19/><D52/><U13/><E10/><V17/><F135/><W26/><G26/><T8/><D100/><U16/><E96/><V111/><F111/><W81/><N who="3" m="20480" /><DORA hai="21" /><W114/><G114/><T38/><D97/><U73/><E73/><V50/><F98/><W65/><G65/><T63/><D8/><U72/><E72/><V53/><F132/><W9/><G9/><T7/><D67/><U33/><E33/><V134/><F24/><W117/><G117/><T76/><D106/><U37/><E84/><V15/><F53/><W121/><G121/><T25/><D76/><U12/><E92/><V120/><F95/><W68/><AGARI ba="0,1" hai="1,6,11,44,45,54,57,60,61,64,68" m="20480" machi="68" ten="40,5200,0" yaku="1,1,0,1,53,1" doraHai="126,21" doraHaiUra="2,103" who="3" fromWho="3" sc="253,-26,238,-13,287,-13,212,62" />
</Scene>
<Scene>
<INIT seed="9,0,0,4,0,78" ten="227,225,274,274" oya="1" hai0="39,55,30,75,88,87,2,112,13,27,65,121,122" hai1="20,126,45,24,68,0,10,44,54,115,9,91,58" hai2="117,35,15,26,11,34,85,116,110,84,134,113,29" hai3="22,128,72,106,51,83,108,52,120,111,133,40,96"/><U86/><E68/><V132/><F84/><W123/><G40/><T94/><D75/><U4/><E115/><V93/><F93/><W6/><G22/><T99/><D2/><U7/><E126/><V31/><F85/><W80/><G6/><T41/><D65/><U98/><E98/><V49/><F49/><W19/><G19/><T101/><D112/><U95/><E4/><N who="2" m="3559" /><F113/><W48/><G72/><T129/><D13/><U125/><E125/><V64/><F64/><W33/><G96/><T74/><D129/><U79/><E79/><V53/><F53/><W8/><G52/><T69/><D55/><U28/><REACH who="1" step="1"/><E10/><REACH who="1" ten="227,215,274,274" step="2"/><V14/><F116/><W70/><G70/><T21/><D69/><U60/><AGARI ba="0,1" hai="0,7,9,20,24,28,44,45,54,58,60,86,91,95" machi="60" ten="20,7800,0" yaku="1,1,2,1,0,1,7,1,53,0" doraHai="78" doraHaiUra="97" who="1" fromWho="1" sc="227,-26,215,88,274,-26,274,-26" owari="201,-30.0,303,40.0,248,5.0,248,-15.0" />
</Scene>
</mjloggm>