<mjloggm ver="2.3"><GO type="169"/><UN n0="%E5%94%AF%E4%B8%98%E6%A9%98%E8%91%89" n1="%E2%98%85%E9%9B%80%E5%A8%98%E3%82%AF%E3%83%AC%E3%82%A2%E2%98%85" n2="%E5%A4%AA%E3%81%8F%E3%81%AA%E3%81%84%E3%81%8A" n3="%E7%89%8C%E5%96%B0%E3%81%84" dan="16,16,16,16" rate="2106,2053,2113,2077" sx="F,F,M,M"/><TAIKYOKU oya="0"/>

<Scene>
<INIT seed="0,0,0,3,5,25" ten="250,250,250,250" oya="0" hai0="47,117,94,30,77,29,123,43,121,45,17,133,124" hai1="110,119,98,130,63,34,132,51,89,15,3,92,21" hai2="1,26,126,96,111,7,82,106,135,84,102,129,81" hai3="40,41,24,18,101,108,27,67,6,88,78,125,13"/><T62/><D117/><U83/><E119/><V69/><F69/><W16/><G125/><T36/><D124/><U19/><E3/><V122/><F126/><W22/><G108/><T61/><D133/><U113/><E110/><V23/><F111/><W56/><G101/><T53/><D77/><U93/><E132/><V109/><F109/><W50/><G78/><T131/><D131/><U55/><E130/><V70/><F70/><W114/><G114/><T33/><D33/><U99/><E113/><V65/><F65/><W5/><G67/><T12/><D62/><U9/><E63/><V95/><F122/><W80/><G56/><T68/><D68/><U57/><E34/><V115/><F115/><W91/><G50/><T86/><D121/><U85/><REACH who="1" step="1"/><E9/><REACH who="1" ten="250,240,250,250" step="2"/><V54/><F1/><W2/><G2/><T8/><D123/><U112/><E112/><V32/><F32/><W116/><G116/><T4/><D61/><U76/><E76/><V75/><F129/><W71/><G71/><T60/><D60/><U28/><E28/><V134/><F134/><W11/><G11/><T87/><D4/><U0/><E0/><V66/><F7/><W39/><G22/><T10/><D10/><U90/><E90/><V103/><F23/><W118/><G118/><T59/><D8/><U97/><AGARI ba="0,1" hai="15,19,21,51,55,57,83,85,89,92,93,97,98,99" machi="97" ten="30,4000,0" yaku="1,1,0,1,8,1,53,0" doraHai="25" doraHaiUra="120" who="1" fromWho="1" sc="250,-20,240,50,250,-10,250,-10" />
</Scene>
<Scene>
<INIT seed="1,0,0,5,3,68" ten="230,290,240,240" oya="1" hai0="132,104,4,90,84,64,98,96,110,123,15,130,10" hai1="133,86,3,28,88,30,85,81,45,124,58,66,57" hai2="101,19,118,7,122,72,32,116,69,115,61,113,70" hai3="99,75,79,59,128,78,49,106,43,34,111,60,27"/><U51/><E3/><V119/><F72/><W55/><G128/><T105/><D110/><U0/><E0/><V52/><F32/><W12/><G111/><T109/><D109/><U100/><E133/><V67/><F7/><W127/><G127/><T23/><D132/><U63/><E124/><V82/><F101/><W125/><G125/><T80/><D130/><U56/><E100/><V24/><F82/><W5/><G75/><T77/><D123/><U62/><E86/><V131/><F131/><W102/><G34/><T20/><D64/><U91/><E91/><V54/><F122/><W35/><G35/><T22/><REACH who="0" step="1"/><D77/><REACH who="0" ten="220,290,240,240" step="2"/><U87/><E66/><V6/><F67/><W73/><G79/><T65/><D65/><U94/><E63/><V40/><F61/><W121/><G121/><T16/><D16/><U17/><E17/><V36/><F70/><W126/><G126/><T93/><D93/><U92/><E62/><V37/><F69/><W107/><G78/><T97/><AGARI ba="0,1" hai="4,10,15,20,22,23,80,84,90,96,97,98,104,105" machi="97" ten="30,2000,0" yaku="1,1,0,1,53,0" doraHai="68" doraHaiUra="135" who="0" fromWho="0" sc="220,30,290,-10,240,-5,240,-5" />
</Scene>
<Scene>
<INIT seed="2,0,0,0,0,4" ten="250,280,235,235" oya="2" hai0="132,52,120,92,102,114,109,50,59,42,91,67,68" hai1="33,0,14,99,28,121,83,22,97,35,36,119,106" hai2="53,130,57,117,72,84,3,9,66,25,129,118,18" hai3="133,116,65,26,86,82,81,127,31,56,80,74,71"/><V24/><F72/><W34/><G116/><N who="2" m="44649" /><F66/><W113/><G113/><T85/><D120/><U100/><E121/><V49/><F84/><W58/><G74/><T70/><D114/><U45/><E119/><V44/><F44/><W107/><G107/><T48/><D67/><U40/><E99/><V55/><F55/><W87/><G71/><T79/><D102/><U89/><E0/><V101/><F101/><W125/><G133/><T20/><D132/><U62/><E62/><V135/><F135/><W6/><G6/><T64/><D64/><U60/><E60/><V5/><F18/><W7/><G7/><T93/><D93/><U110/><E100/><V29/><F29/><W95/><G65/><T104/><D79/><U32/><E28/><V61/><F61/><W13/><G95/><T51/><D51/><U1/><E45/><V8/><F9/><W77/><G82/><T112/><D104/><U15/><E83/><V115/><F115/><W10/><G86/><T131/><D112/><U19/><E106/><V46/><F46/><W21/><G81/><T17/><D70/><U134/><E15/><V108/><F108/><W30/><G30/><T47/><D109/><U41/><E14/><V2/><F2/><W12/><G12/><N who="0" m="9255" /><D68/><U54/><E110/><V126/><F126/><N who="3" m="48139" /><G10/><T69/><D69/><U103/><E134/><V122/><F122/><W43/><G43/><T124/><D124/><U11/><E40/><V105/><F105/><W73/><G73/><T111/><D111/><U123/><E41/><V38/><F38/><W88/><G77/><T27/><D42/><RYUUKYOKU ba="0,0" sc="250,-15,280,-15,235,15,235,15" hai2="3,5,8,24,25,49,53,57,129,130" hai3="13,21,26,31,34,56,58,80,87,88" />
</Scene>
<Scene>
<INIT seed="2,1,0,5,0,92" ten="235,265,250,250" oya="2" hai0="50,101,75,87,5,10,71,107,46,16,49,131,39" hai1="51,113,48,123,68,84,20,85,76,79,17,41,67" hai2="60,47,128,19,121,110,64,99,31,86,83,1,74" hai3="11,122,66,111,42,28,0,4,7,95,97,120,73"/><V78/><F121/><W56/><G73/><T52/><D75/><U13/><E113/><V108/><F1/><W55/><G66/><T53/><D71/><U114/><E114/><V134/><F134/><W126/><G126/><T88/><D39/><U62/><E123/><V27/><F128/><W72/><G72/><T77/><D77/><U63/><E63/><V105/><F19/><W2/><G42/><T32/><D32/><U29/><E29/><V33/><F47/><W89/><G28/><T82/><D131/><U25/><E25/><V34/><F86/><W58/><G111/><N who="2" m="42537" /><F34/><W130/><G130/><T43/><D5/><U119/><E119/><V37/><F37/><W117/><G117/><T18/><D43/><U100/><E85/><V80/><F80/><W118/><G118/><T30/><D30/><U40/><E84/><V116/><F116/><W24/><G24/><T22/><D22/><U103/><E20/><V45/><F45/><W109/><G109/><T129/><D129/><U135/><E17/><V8/><F8/><W12/><G0/><T35/><D35/><U61/><E135/><V69/><F105/><W57/><G2/><T93/><D107/><U98/><E41/><V44/><F44/><W125/><G7/><T14/><D18/><U102/><E40/><V59/><F69/><W106/><G106/><T26/><D26/><U3/><E68/><V36/><F36/><W104/><G104/><T70/><D70/><U133/><E133/><V81/><F83/><W96/><G122/><T15/><D82/><U124/><E3/><V115/><F115/><RYUUKYOKU ba="1,0" sc="235,-10,265,-10,250,30,250,-10" hai2="27,31,33,59,60,64,74,78,81,99" />
</Scene>
<Scene>
<INIT seed="2,2,0,2,5,79" ten="225,255,280,240" oya="2" hai0="77,14,50,61,89,29,83,60,23,53,16,71,68" hai1="73,18,81,106,56,1,125,8,127,78,54,52,28" hai2="34,5,98,92,87,26,40,88,113,75,49,123,64" hai3="44,130,63,121,91,67,66,59,80,55,11,115,95"/><V30/><F123/><W62/><G121/><T38/><D38/><U112/><E112/><V84/><F113/><W104/><G115/><T90/><D29/><U22/><E106/><V111/><F75/><W42/><G104/><T0/><D0/><U109/><E109/><V94/><F111/><W9/><G130/><T32/><D32/><U133/><E133/><V118/><F118/><W119/><G119/><T27/><D27/><N who="1" m="14807" /><E28/><V35/><F5/><W110/><G110/><T100/><D100/><U82/><E54/><V70/><F35/><W122/><G122/><T45/><D71/><U97/><E97/><V72/><F72/><W102/><G102/><T15/><D15/><U2/><E82/><V126/><F126/><N who="1" m="48137" /><E8/><V107/><F107/><W13/><G80/><T103/><D103/><U7/><E7/><V12/><F12/><W96/><G13/><T36/><D36/><U135/><E135/><V51/><F40/><W108/><G108/><T48/><D68/><U76/><E76/><V85/><REACH who="2" step="1"/><F94/><REACH who="2" ten="225,255,270,240" step="2"/><W86/><G42/><T10/><D14/><U105/><E105/><V31/><F31/><W58/><G96/><T65/><D16/><U128/><E128/><V20/><F20/><W99/><G99/><T69/><D23/><U114/><E114/><V47/><F47/><W124/><G124/><T120/><D45/><U33/><E33/><V101/><F101/><W117/><G117/><T39/><D120/><U25/><E25/><V134/><F134/><W129/><G129/><T93/><D93/><U6/><E6/><V46/><F46/><W4/><G4/><RYUUKYOKU ba="2,1" sc="225,-30,255,10,270,10,240,10" hai1="1,2,52,56,73,78,81" hai2="26,30,34,49,51,64,70,84,85,87,88,92,98" hai3="9,11,44,55,58,59,62,63,66,67,86,91,95" />
</Scene>
<Scene>
<INIT seed="2,3,1,2,3,32" ten="195,265,280,250" oya="2" hai0="4,61,134,48,100,51,66,49,107,119,131,14,115" hai1="130,34,27,85,112,2,47,55,69,53,132,97,113" hai2="40,73,16,23,38,33,82,35,117,44,122,86,124" hai3="62,80,11,43,22,15,9,58,106,125,74,111,60"/><V94/><F122/><W8/><G106/><T21/><D115/><N who="1" m="44107" /><E69/><V91/><F117/><W103/><G103/><T30/><D119/><U71/><E71/><V135/><F135/><W50/><G125/><T116/><D116/><U90/><E97/><V118/><F118/><W42/><G111/><T81/><D134/><U72/><E72/><V99/><F73/><W7/><G74/><T68/><D131/><U1/><E47/><V0/><F124/><W67/><G80/><T52/><D100/><U128/><E132/><V92/><F0/><N who="1" m="105" /><E27/><V29/><F29/><W70/><G70/><T28/><D107/><U39/><E39/><V18/><F94/><W77/><G77/><T57/><D81/><N who="1" m="49455" /><E34/><V75/><F75/><W64/><G22/><T10/><REACH who="0" step="1"/><D21/><REACH who="0" ten="185,265,280,250" step="2"/><U104/><E104/><V65/><F35/><W26/><G7/><T102/><D102/><U127/><E127/><V121/><F33/><W88/><G11/><T129/><D129/><AGARI ba="3,2" hai="53,55,128,129,130" m="49455,105,44107" machi="129" ten="40,8000,1" yaku="19,1,52,3" doraHai="32" who="1" fromWho="0" sc="185,-89,265,109,280,0,250,0" />
</Scene>
<Scene>
<INIT seed="3,0,0,3,5,70" ten="96,374,280,250" oya="3" hai0="105,42,97,55,96,68,95,11,116,0,17,1,3" hai1="72,84,113,29,86,19,35,128,76,51,21,88,24" hai2="30,121,133,75,40,64,125,78,47,106,48,80,37" hai3="26,62,4,45,69,46,99,63,81,124,34,104,108"/><W60/><G69/><T10/><D116/><U58/><E113/><V127/><F106/><W66/><G66/><T16/><D68/><U53/><E128/><V25/><F64/><W120/><G120/><T50/><D42/><U49/><E49/><V54/><F121/><W90/><G4/><T131/><D105/><U13/><REACH who="1" step="1"/><E88/><REACH who="1" ten="96,364,280,250" step="2"/><V100/><F100/><W129/><G129/><T83/><D131/><U27/><E27/><V32/><REACH who="2" step="1"/><F133/><REACH who="2" ten="96,364,270,250" step="2"/><W71/><G71/><T74/><D83/><AGARI ba="0,2" hai="13,19,21,24,29,35,51,53,58,72,76,83,84,86" machi="83" ten="40,2600,0" yaku="1,1,53,1" doraHai="70" doraHaiUra="8" who="1" fromWho="0" sc="96,-26,364,46,270,0,250,0" />
</Scene>
<Scene>
<INIT seed="4,0,0,1,5,43" ten="70,410,270,250" oya="0" hai0="54,18,15,25,2,117,85,10,4,13,105,97,67" hai1="83,88,120,109,41,29,44,95,50,73,34,70,35" hai2="17,135,75,31,49,63,101,79,80,14,11,6,87" hai3="128,132,96,100,66,51,104,36,46,133,55,68,33"/><T42/><D117/><U28/><E109/><V116/><F116/><W121/><G121/><T71/><D42/><U64/><E120/><V24/><F135/><W78/><G78/><T27/><D2/><U77/><E64/><V48/><F101/><W19/><G19/><T108/><D108/><U32/><E70/><V59/><F75/><W86/><G86/><T69/><D69/><U111/><E111/><V39/><F39/><W7/><G7/><T127/><D127/><U106/><E106/><V89/><F79/><W26/><G128/><T119/><D119/><U99/><AGARI ba="0,0" hai="28,29,32,34,35,41,44,50,73,77,83,88,95,99" machi="99" ten="30,4000,0" yaku="0,1,52,1,54,1" doraHai="43" who="1" fromWho="1" sc="70,-20,410,40,270,-10,250,-10" />
</Scene>
<Scene>
<INIT seed="5,0,0,2,5,27" ten="50,450,260,240" oya="1" hai0="60,111,31,44,92,18,130,108,125,127,123,70,72" hai1="116,56,80,96,73,0,66,36,77,41,99,15,5" hai2="129,106,114,71,2,8,62,45,110,89,133,24,19" hai3="75,13,76,22,84,94,93,107,20,126,91,87,78"/><U58/><E116/><V132/><F106/><W82/><G126/><N who="0" m="48139" /><D72/><U83/><E83/><V37/><F110/><W119/><G119/><T32/><D18/><U23/><E23/><V100/><F100/><W28/><G13/><T47/><D92/><U4/><E15/><V50/><F37/><W102/><G22/><T135/><D32/><U40/><E66/><V79/><F79/><N who="3" m="44415" /><G28/><T61/><D31/><U124/><E124/><V64/><F129/><W67/><G20/><T59/><D130/><U120/><E80/><V1/><F24/><W113/><G113/><T48/><D47/><U34/><E73/><V21/><F114/><W118/><G118/><T35/><D35/><U12/><E34/><V74/><F74/><W46/><G46/><T57/><D123/><U103/><E12/><N who="2" m="7559" /><F21/><W43/><G43/><N who="0" m="24607" /><D135/><N who="2" m="51786" /><F89/><W49/><G49/><T81/><D81/><U65/><E0/><V11/><F11/><W88/><G88/><T117/><D70/><U55/><E4/><V29/><F29/><W52/><G52/><AGARI ba="0,0" hai="1,2,45,50,52,62,64,71" m="51786,7559" machi="52" ten="30,2000,0" yaku="20,1,54,1" doraHai="27" who="2" fromWho="3" sc="50,0,450,0,260,20,240,-20" />
</Scene>
<Scene>
<INIT seed="6,0,0,4,1,63" ten="50,450,280,220" oya="2" hai0="95,52,4,99,20,56,71,18,0,27,51,100,59" hai1="2,108,50,5,55,106,49,94,119,81,54,17,131" hai2="6,62,84,34,48,57,77,125,28,123,114,72,44" hai3="87,74,68,11,19,33,43,67,102,120,60,80,129"/><V45/><F123/><W122/><G122/><T69/><REACH who="0" step="1"/><D59/><REACH who="0" ten="40,450,280,220" step="2"/><N who="1" m="33231" /><E108/><V26/><F57/><W46/><G46/><T22/><D22/><U130/><E130/><V115/><F45/><W3/><G3/><T35/><D35/><U110/><E2/><V9/><F44/><W37/><G37/><T85/><D85/><U134/><E110/><V111/><F84/><W31/><G31/><T93/><D93/><U88/><E94/><V70/><F111/><W121/><G33/><T135/><D135/><U12/><E134/><V47/><F47/><W96/><G87/><T36/><D36/><U128/><E128/><V61/><F34/><W64/><G129/><T66/><D66/><U132/><E131/><V103/><F28/><W32/><G32/><T41/><D41/><U112/><E132/><V25/><F114/><W98/><G43/><T104/><D104/><U40/><E106/><V42/><F115/><W73/><G121/><T83/><D83/><U14/><E81/><V91/><F42/><W78/><G120/><T126/><D126/><U23/><E40/><V24/><F125/><W117/><G67/><T118/><D118/><U86/><E119/><V8/><F72/><W29/><G117/><T76/><D76/><U133/><E133/><V90/><F77/><W75/><G29/><T1/><D1/><U53/><E112/><V13/><F70/><W82/><G82/><T15/><D15/><U10/><E14/><V97/><F13/><N who="3" m="7615" /><G80/><T38/><D38/><U107/><E107/><V58/><F58/><W109/><G109/><T30/><D30/><U89/><E86/><RYUUKYOKU ba="0,1" sc="40,30,450,-10,280,-10,220,-10" hai0="0,4,18,20,27,51,52,56,69,71,95,99,100" />
</Scene>
<Scene>
<INIT seed="7,1,1,1,2,46" ten="70,440,270,210" oya="3" hai0="63,65,93,73,60,29,109,14,117,47,74,102,69" hai1="100,66,59,17,39,40,123,90,42,108,13,31,89" hai2="34,97,120,112,45,0,24,80,16,99,106,119,54" hai3="121,75,32,61,128,44,11,38,35,3,110,41,133"/><W131/><G121/><T98/><D109/><U36/><E108/><V77/><F119/><W68/><G110/><T12/><D117/><U30/><E59/><V82/><F0/><W130/><G133/><T78/><D74/><U58/><E58/><V107/><F107/><W79/><G61/><T67/><D73/><U115/><E17/><V57/><F120/><W83/><G68/><T134/><D78/><U129/><E13/><V125/><F45/><W27/><G27/><T28/><D134/><U52/><E52/><V101/><F112/><W92/><G92/><T49/><D29/><U4/><E4/><AGARI ba="1,1" hai="3,4,11,32,35,38,41,44,75,79,83,128,130,131" machi="4" ten="40,12000,1" yaku="25,2,19,1,23,2" doraHai="46" who="3" fromWho="1" sc="70,0,440,-123,270,0,210,133" owari="70,-43.0,317,12.0,270,-13.0,343,44.0" />
</Scene>
</mjloggm>