<mjloggm ver="2.3"><GO type="97"/><UN n0="%E9%8A%80%E7%8B%BC" n1="%E3%82%A2%E3%83%8D%E3%83%A2%E3%83%8D%E7%94%B7%E7%88%B5" n2="%6A%75%6D%70%2D%75%70" n3="%E5%A4%AA%E3%81%8F%E3%81%AA%E3%81%84%E3%81%8A" dan="13,14,14,14" rate="1889,1898,1901,2027" sx="M,M,M,M"/><TAIKYOKU oya="0"/>

<Scene>
<INIT seed="0,0,0,1,4,37" ten="250,250,250,250" oya="0" hai0="29,24,71,3,5,116,104,65,84,95,124,120,77" hai1="123,16,132,53,81,63,12,19,122,87,112,73,131" hai2="126,98,96,78,79,66,31,102,56,72,70,57,48" hai3="115,33,107,47,133,54,23,21,117,62,28,105,20"/><T128/><D128/><U34/><BYE who="0" /><E73/><V74/><F70/><W38/><G117/><T32/><D32/><U43/><E34/><V6/><F126/><W92/><G115/><T111/><D111/><U59/><E131/><V85/><F66/><W27/><G133/><T83/><D83/><U121/><E132/><V97/><F102/><W40/><REACH who="3" step="1"/><G92/><REACH who="3" ten="250,250,250,240" step="2"/><T86/><D86/><U8/><E112/><V11/><F85/><W46/><G46/><T125/><D125/><U55/><E123/><V41/><F74/><W9/><G9/><UN n0="%E9%8A%80%E7%8B%BC" /><T90/><D116/><U94/><E122/><V36/><F72/><W127/><G127/><T1/><D124/><U61/><E94/><V44/><F31/><W93/><G93/><T88/><D95/><U22/><E121/><V91/><F91/><W106/><G106/><T130/><D88/><U42/><E87/><V17/><F17/><W89/><G89/><T99/><D90/><U4/><E81/><V82/><F82/><W67/><G67/><T60/><D104/><U52/><E4/><V110/><F110/><W103/><G103/><T35/><D120/><U80/><E80/><V109/><F109/><W100/><G100/><T14/><D65/><U51/><E8/><V114/><F114/><W15/><G15/><T75/><D14/><U30/><E12/><V49/><F78/><W13/><G13/><T45/><D77/><U50/><E30/><V108/><F79/><W18/><G18/><N who="1" m="6698" /><E22/><V119/><F119/><W26/><G26/><T118/><D24/><U69/><E69/><V10/><F108/><W25/><G25/><RYUUKYOKU ba="0,1" sc="250,-10,250,-10,250,-10,240,30" hai3="20,21,23,27,28,33,38,40,47,54,62,105,107" />
</Scene>
<Scene>
<INIT seed="1,1,1,5,2,1" ten="240,240,240,270" oya="1" hai0="74,57,68,92,37,50,133,69,10,131,96,100,42" hai1="104,62,110,47,2,11,6,124,34,5,60,28,19" hai2="105,41,58,31,14,91,7,128,93,18,77,101,51" hai3="85,90,40,30,71,66,17,107,94,70,84,9,88"/><U32/><E104/><V97/><F128/><W83/><G107/><T65/><D74/><U53/><E47/><V116/><F31/><W39/><G30/><T130/><D37/><U118/><E53/><V78/><F116/><W20/><G66/><T115/><D115/><U98/><E98/><V52/><F41/><W111/><G111/><T44/><D133/><U54/><E54/><V89/><F7/><W45/><REACH who="3" step="1"/><G9/><REACH who="3" ten="240,240,240,260" step="2"/><T61/><REACH who="0" step="1"/><D10/><REACH who="0" ten="230,240,240,260" step="2"/><U16/><E110/><V81/><F105/><W26/><AGARI ba="1,3" hai="17,20,26,39,40,45,70,71,83,84,85,88,90,94" machi="26" ten="20,8000,1" yaku="1,1,2,1,0,1,7,1,54,1,53,0" doraHai="1" doraHaiUra="114" who="3" fromWho="3" sc="230,-21,240,-41,240,-21,260,113" />
</Scene>
<Scene>
<INIT seed="2,0,0,5,1,30" ten="209,199,219,373" oya="2" hai0="3,24,29,69,132,53,84,2,19,17,123,88,6" hai1="34,14,12,109,48,13,121,18,0,120,100,66,99" hai2="91,98,133,23,26,129,82,117,111,110,57,77,25" hai3="74,65,90,93,87,72,31,45,49,52,4,80,85"/><V107/><F117/><W11/><G65/><T20/><D123/><N who="1" m="47179" /><E66/><V40/><F40/><W105/><G105/><T50/><D69/><U76/><E48/><V126/><F57/><W127/><G31/><T124/><D132/><U79/><E99/><V97/><F133/><W92/><G127/><T101/><D124/><U102/><E100/><N who="2" m="62863" /><F126/><W35/><G35/><T62/><D101/><U78/><E102/><V51/><F51/><W112/><G112/><T38/><D62/><U54/><E54/><V75/><F23/><W16/><G16/><T119/><D38/><U104/><E104/><V43/><F26/><W114/><G114/><T83/><D119/><U95/><E95/><N who="2" m="56703" /><F25/><W67/><G67/><T59/><D3/><U46/><E46/><V7/><F7/><W47/><G47/><T37/><REACH who="0" step="1"/><D37/><REACH who="0" ten="199,199,219,373" step="2"/><U10/><E0/><V118/><F118/><W86/><G4/><T70/><D70/><U32/><E10/><AGARI ba="0,1" hai="2,6,10,17,19,20,24,29,50,53,59,83,84,88" machi="10" ten="40,2600,0" yaku="1,1,54,1,53,0" doraHai="30" doraHaiUra="125" who="0" fromWho="1" sc="199,36,199,-26,219,0,373,0" />
</Scene>
<Scene>
<INIT seed="3,0,0,1,2,47" ten="235,173,219,373" oya="3" hai0="63,33,55,7,81,42,83,73,37,75,68,17,70" hai1="95,119,52,34,66,8,93,53,36,19,113,49,31" hai2="97,101,88,100,90,128,104,98,107,29,96,9,23" hai3="110,69,82,129,15,78,16,109,89,24,85,77,118"/><W26/><G118/><T80/><D33/><U14/><E113/><V67/><F67/><W35/><G69/><N who="0" m="26731" /><D17/><U51/><E36/><V130/><F23/><N who="3" m="11679" /><G129/><N who="2" m="49769" /><F9/><W56/><G56/><T102/><D7/><U79/><E119/><V27/><F27/><N who="3" m="10283" /><G35/><T12/><D63/><U94/><E31/><V44/><F44/><W18/><G18/><T115/><D55/><N who="1" m="21067" /><E34/><V111/><F29/><W6/><G6/><T92/><D42/><U114/><E114/><V124/><F124/><W87/><G87/><T40/><D37/><U86/><E66/><V50/><F50/><N who="1" m="18953" /><E79/><V131/><N who="2" m="49777" /><V120/><DORA hai="48" /><F111/><W20/><G109/><T4/><D115/><U121/><E121/><V117/><F117/><W84/><G110/><T72/><D40/><U2/><E2/><V133/><F133/><W106/><G106/><N who="2" m="40489" /><F120/><W112/><G112/><T30/><D30/><U71/><E71/><V5/><F5/><W45/><G77/><T134/><D4/><U76/><E76/><V103/><AGARI ba="0,0" hai="88,90,96,97,98,100,101,103" m="40489,49777" machi="103" ten="50,12000,2" yaku="28,2,19,1,34,2,54,1" doraHai="47,48" who="2" fromWho="2" sc="235,-30,173,-30,219,120,373,-60" owari="205,-19.0,143,-36.0,339,44.0,313,11.0" />
</Scene>
</mjloggm>