<mjloggm ver="2.3"><GO type="169"/><UN n0="%6B%79%6F%6E%6B%6F%31%31" n1="%E3%81%93%E3%81%98%E3%82%8D" n2="%E8%B6%85%E3%83%92%E3%83%A2%E3%83%AA%E3%83%AD" n3="%E5%A4%AA%E3%81%8F%E3%81%AA%E3%81%84%E3%81%8A" dan="16,17,16,16" rate="2075,2167,2045,2107" sx="M,M,F,M"/><TAIKYOKU oya="0"/>

<Scene>
<INIT seed="0,0,0,5,3,18" ten="250,250,250,250" oya="0" hai0="89,134,132,121,32,130,6,105,128,66,100,107,53" hai1="59,49,71,42,125,123,68,21,91,12,82,50,55" hai2="70,31,80,47,109,43,16,104,114,95,64,135,44" hai3="54,102,7,72,101,13,0,60,51,15,110,27,35"/><T25/><D66/><U103/><E103/><V88/><F104/><N who="0" m="40010" /><D6/><U36/><E123/><V98/><F114/><W23/><G72/><T5/><D5/><U28/><E125/><V26/><F135/><N who="0" m="51754" /><D100/><U48/><E36/><V133/><F133/><W117/><G7/><T84/><D53/><U3/><E3/><V79/><F64/><W56/><G0/><T127/><D121/><U126/><E126/><V65/><F65/><W78/><G101/><T22/><D32/><U94/><E82/><V33/><F70/><W131/><G35/><T46/><D46/><U73/><E73/><V45/><F43/><W119/><G102/><T17/><D127/><U97/><E68/><V24/><F47/><W116/><G116/><T99/><D99/><U118/><E118/><V20/><F109/><W19/><G110/><T34/><D34/><U29/><E71/><V41/><F41/><W14/><G117/><T67/><D67/><U58/><E42/><V93/><F93/><AGARI ba="0,0" hai="17,22,25,84,89,93,128,130" m="51754,40010" machi="93" ten="30,2900,0" yaku="20,1,52,1" doraHai="18" who="0" fromWho="2" sc="250,29,250,0,250,-29,250,0" />
</Scene>
<Scene>
<INIT seed="0,1,0,4,5,41" ten="279,250,221,250" oya="0" hai0="79,22,113,42,100,124,52,132,4,95,62,71,131" hai1="56,34,97,93,98,46,48,104,21,101,54,61,39" hai2="116,45,32,43,123,96,33,38,25,90,18,110,105" hai3="67,81,83,74,51,17,2,7,23,117,16,1,108"/><T111/><D113/><U36/><E34/><V26/><F123/><W77/><G117/><T20/><D79/><U78/><E78/><V9/><F116/><W128/><G108/><T15/><D111/><U115/><E115/><V76/><F110/><W106/><G106/><T122/><D122/><U103/><REACH who="1" step="1"/><E21/><REACH who="1" ten="279,240,221,250" step="2"/><V102/><F76/><W99/><G23/><T40/><D22/><U75/><E75/><V80/><F33/><W133/><G74/><T94/><D20/><U50/><E50/><V72/><F32/><W126/><G51/><T107/><D124/><U119/><E119/><V130/><F72/><W64/><G126/><T118/><D118/><U84/><E84/><V57/><F26/><W49/><G49/><T68/><D132/><U0/><E0/><V86/><F25/><W70/><G133/><T3/><D3/><U12/><E12/><V10/><F86/><W66/><G2/><T30/><D30/><U8/><E8/><V37/><F10/><W27/><G1/><T82/><D15/><U28/><E28/><V87/><F37/><W13/><G27/><T44/><D131/><U60/><E60/><V55/><F130/><W88/><G128/><T11/><D11/><U92/><E92/><V85/><F85/><W35/><G35/><T6/><D94/><U31/><E31/><V5/><F18/><W19/><G77/><T125/><D125/><U59/><E59/><V65/><F9/><N who="3" m="4287" /><G70/><T89/><D71/><U127/><E127/><V109/><F109/><W47/><G17/><T129/><D68/><U24/><E24/><V73/><F73/><RYUUKYOKU ba="1,1" sc="279,-10,240,30,221,-10,250,-10" hai1="36,39,46,48,54,56,61,93,97,98,101,103,104" />
</Scene>
<Scene>
<INIT seed="1,2,1,1,3,78" ten="269,270,211,240" oya="1" hai0="70,76,128,74,60,93,2,66,45,124,72,126,120" hai1="123,23,11,41,35,135,125,116,86,8,32,111,94" hai2="73,90,49,7,115,39,54,103,108,95,107,79,91" hai3="36,96,42,118,77,12,88,15,18,31,25,84,110"/><U26/><E41/><V14/><F39/><W9/><G110/><T127/><D2/><U29/><E94/><V20/><F108/><W55/><G118/><T17/><D120/><U4/><E86/><V100/><F115/><W16/><G96/><T10/><D128/><U13/><E111/><V27/><F107/><W92/><G77/><T113/><D113/><U87/><E87/><V130/><F130/><W85/><G55/><T43/><D93/><U30/><E123/><V24/><F91/><W19/><G84/><T105/><D105/><U37/><E37/><V52/><F54/><W59/><G59/><T46/><D76/><U6/><E116/><V83/><F24/><W50/><G36/><T71/><D71/><U112/><E112/><V3/><F14/><W21/><G12/><N who="0" m="7319" /><D45/><AGARI ba="2,1" hai="9,15,16,18,19,21,25,31,42,45,50,85,88,92" machi="45" ten="40,5200,0" yaku="8,1,54,2" doraHai="78" who="3" fromWho="0" sc="269,-58,270,0,211,0,240,68" />
</Scene>
<Scene>
<INIT seed="2,0,0,5,0,57" ten="211,270,211,308" oya="2" hai0="85,105,2,83,49,50,11,15,79,107,113,119,0" hai1="18,74,38,21,60,120,96,73,111,97,127,40,116" hai2="132,125,134,82,59,77,23,24,31,103,114,126,46" hai3="64,44,58,90,100,19,91,48,86,13,43,65,109"/><V8/><F103/><W121/><G121/><T110/><D113/><U133/><E116/><V67/><F114/><W28/><G109/><T68/><D68/><U104/><E111/><V7/><F46/><W95/><G28/><T80/><D110/><U22/><E120/><V52/><F67/><W66/><G100/><T39/><D39/><U34/><E34/><V102/><F102/><W26/><G26/><T9/><D119/><U36/><E40/><V63/><F8/><W1/><G1/><T88/><D0/><U89/><E89/><V12/><F12/><W115/><G115/><T53/><D2/><U47/><E47/><V69/><F7/><W75/><G75/><T30/><D30/><U14/><E14/><V29/><F69/><W84/><G58/><T10/><D15/><U72/><E18/><V45/><F45/><W118/><G118/><T27/><D27/><U129/><E104/><V128/><F31/><W42/><G42/><T99/><D99/><U135/><E73/><N who="2" m="43311" /><F128/><W16/><REACH who="3" step="1"/><G13/><REACH who="3" ten="211,270,211,298" step="2"/><T81/><D107/><U54/><E129/><V98/><F98/><W76/><G76/><T122/><D105/><U5/><E97/><V108/><F108/><W78/><G78/><T56/><D122/><U124/><E96/><V4/><F4/><W123/><G123/><T51/><REACH who="0" step="1"/><D79/><REACH who="0" ten="201,270,211,298" step="2"/><U33/><E74/><V32/><F32/><W130/><G130/><T117/><D117/><U41/><E72/><V101/><F101/><W61/><G61/><AGARI ba="0,2" hai="9,10,11,49,50,51,53,56,61,80,81,83,85,88" machi="61" ten="40,8000,1" yaku="1,1,8,1,52,1,54,1,53,0" doraHai="57" doraHaiUra="106" who="0" fromWho="3" sc="201,100,270,0,211,0,298,-80" />
</Scene>
<Scene>
<INIT seed="3,0,0,1,3,1" ten="301,270,211,218" oya="3" hai0="9,105,62,106,61,52,15,96,86,32,80,55,44" hai1="56,49,24,95,69,99,88,19,117,70,101,28,112" hai2="129,97,3,135,63,30,25,82,110,33,115,29,51" hai3="78,111,83,108,23,131,100,54,124,123,104,39,93"/><W13/><G123/><T87/><D32/><U10/><E112/><V21/><F115/><W67/><G39/><T76/><D106/><U114/><E114/><V58/><F110/><N who="3" m="42027" /><G131/><T7/><D105/><U94/><E117/><V125/><F135/><W109/><G124/><T45/><D96/><U132/><E132/><V31/><F125/><W107/><G67/><T11/><D11/><U42/><E69/><V2/><F129/><W128/><G128/><T65/><D87/><U77/><E77/><V53/><F97/><N who="3" m="59439" /><G54/><N who="0" m="20523" /><D65/><U79/><E70/><V6/><F63/><AGARI ba="0,0" hai="7,9,15,44,45,61,62,63,76,80,86" m="20523" machi="63" ten="30,3900,0" yaku="8,1,52,1,54,1" doraHai="1" who="0" fromWho="2" sc="301,39,270,0,211,-39,218,0" />
</Scene>
<Scene>
<INIT seed="4,0,0,3,0,57" ten="340,270,172,218" oya="0" hai0="30,72,91,68,114,14,67,38,88,61,129,132,76" hai1="49,87,123,47,28,71,104,94,70,24,22,5,122" hai2="120,33,45,119,69,107,39,74,25,65,63,59,118" hai3="2,21,42,77,108,99,31,124,111,75,48,9,23"/><T58/><D38/><U109/><E104/><V20/><F74/><W55/><G124/><T32/><D129/><U36/><E36/><V1/><F120/><W102/><G42/><T56/><D132/><U127/><E109/><V19/><F1/><W41/><G41/><T128/><D128/><U8/><E127/><V112/><F112/><W81/><G2/><T18/><D114/><U125/><E125/><V54/><F107/><W135/><G135/><T17/><D17/><U121/><E87/><V101/><F101/><W105/><G9/><T50/><D30/><U92/><E71/><V0/><F0/><W12/><G21/><T26/><D26/><U64/><E70/><V73/><F73/><W89/><G89/><T60/><D50/><U15/><REACH who="1" step="1"/><E64/><REACH who="1" ten="340,260,172,218" step="2"/><V100/><F39/><W34/><G111/><T113/><D68/><U27/><E27/><V53/><F69/><W98/><G108/><T52/><D113/><U106/><E106/><V16/><F118/><W13/><G99/><T117/><D117/><U7/><E7/><V110/><F119/><W44/><G105/><T62/><D32/><U115/><E115/><V46/><F33/><W130/><G34/><T133/><D133/><U6/><E6/><V80/><F110/><W131/><G131/><T96/><D96/><U84/><E84/><V93/><F65/><W29/><G130/><T79/><D72/><U90/><E90/><N who="0" m="34345" /><D62/><U78/><E78/><V51/><F63/><W83/><G75/><T116/><D116/><U85/><E85/><V126/><F126/><W4/><G98/><T86/><D86/><RYUUKYOKU ba="0,1" sc="340,15,260,15,172,-15,218,-15" hai0="14,18,52,56,58,60,61,67,76,79" hai1="5,8,15,22,24,28,47,49,92,94,121,122,123" />
</Scene>
<Scene>
<INIT seed="4,1,1,4,5,132" ten="355,275,157,203" oya="0" hai0="99,116,41,124,44,35,84,127,106,79,49,89,66" hai1="39,43,11,80,9,125,28,107,97,108,7,93,77" hai2="101,54,83,17,81,135,92,73,3,19,96,8,47" hai3="85,56,51,37,100,32,109,30,59,128,75,53,40"/><T102/><D116/><U72/><E28/><V94/><F135/><W69/><G109/><T21/><D35/><U57/><E108/><V25/><F73/><W42/><G75/><T20/><D66/><U113/><E113/><V86/><F3/><W103/><G69/><T95/><D79/><U26/><E26/><V63/><F8/><W114/><G114/><T117/><D117/><U27/><E27/><V22/><F19/><W111/><G111/><T1/><D1/><U60/><E107/><V31/><F31/><W88/><G128/><T23/><AGARI ba="1,1" hai="20,21,23,41,44,49,84,89,95,99,102,106,124,127" machi="23" ten="30,6000,0" yaku="0,1,52,2" doraHai="132" who="0" fromWho="0" sc="355,73,275,-21,157,-21,203,-21" />
</Scene>
<Scene>
<INIT seed="4,2,0,1,2,6" ten="428,254,136,182" oya="0" hai0="15,43,114,92,98,4,44,109,69,80,73,82,16" hai1="72,47,104,3,45,66,126,1,7,50,70,27,91" hai2="53,24,130,110,23,134,14,28,49,5,20,13,89" hai3="99,75,46,31,113,39,96,52,55,25,81,128,60"/><T18/><D69/><U61/><E104/><V33/><F110/><W19/><G113/><T57/><D114/><U122/><E72/><V63/><F130/><W21/><G128/><T62/><D109/><U48/><E122/><V34/><F134/><W132/><G132/><T12/><D73/><U40/><E126/><V108/><F108/><W42/><G60/><T119/><D119/><U111/><E111/><V118/><F118/><W22/><G75/><T10/><D44/><U64/><E64/><V88/><F63/><W105/><G81/><T93/><D43/><U106/><E106/><V83/><F34/><W38/><G38/><T101/><D93/><U2/><E27/><N who="2" m="16487" /><F33/><W117/><G117/><T129/><D129/><U35/><E35/><V71/><F71/><W32/><G32/><T85/><D85/><U9/><REACH who="1" step="1"/><E91/><REACH who="1" ten="428,244,136,182" step="2"/><V127/><F127/><W59/><G105/><T112/><D112/><U41/><AGARI ba="2,1" hai="1,2,3,7,9,40,41,45,47,48,50,61,66,70" machi="41" ten="20,12000,2" yaku="1,1,2,1,0,1,7,1,9,1,52,1,53,0" doraHai="6" doraHaiUra="116" who="1" fromWho="1" sc="428,-62,244,136,136,-32,182,-32" />
</Scene>
<Scene>
<INIT seed="5,0,0,4,4,43" ten="366,380,104,150" oya="1" hai0="117,124,33,50,76,122,10,36,68,134,111,123,127" hai1="14,40,74,92,118,67,101,51,8,46,108,110,88" hai2="7,120,9,15,4,112,66,49,62,132,53,91,58" hai3="71,48,103,60,25,115,3,30,99,72,29,97,41"/><U35/><E74/><V106/><F120/><N who="0" m="46122" /><D111/><U55/><E35/><V42/><F106/><W105/><G72/><T27/><D117/><U2/><E2/><V83/><F132/><W65/><G3/><T80/><D36/><U47/><E101/><V23/><F112/><W21/><G115/><T56/><D68/><U28/><E28/><V94/><F42/><W114/><G114/><T131/><D134/><U26/><E26/><V98/><F83/><W57/><G99/><T63/><D50/><U64/><E118/><V44/><REACH who="2" step="1"/><F23/><REACH who="2" ten="366,380,94,150" step="2"/><W128/><G128/><T95/><D131/><U81/><E81/><V85/><F85/><W6/><G41/><T45/><D80/><U77/><E110/><V86/><F86/><W90/><G21/><T22/><D22/><U16/><E108/><V13/><F13/><W11/><G105/><T82/><D82/><U100/><E77/><V121/><F121/><W38/><G25/><T18/><D76/><U32/><E32/><V109/><F109/><W84/><G84/><T93/><D33/><U89/><E92/><V59/><F59/><W24/><G24/><T73/><D73/><U12/><E12/><V126/><F126/><N who="0" m="48170" /><D27/><U34/><E34/><V52/><F52/><W54/><G54/><N who="0" m="34199" /><D45/><U37/><E47/><V19/><AGARI ba="0,1" hai="4,7,9,15,19,44,49,53,58,62,66,91,94,98" machi="19" ten="20,12000,2" yaku="1,1,0,1,7,1,8,1,52,1,53,1" doraHai="43" doraHaiUra="5" who="2" fromWho="2" sc="366,-30,380,-60,94,130,150,-30" />
</Scene>
<Scene>
<INIT seed="6,0,0,3,3,53" ten="336,320,224,120" oya="2" hai0="125,124,100,98,99,10,122,34,7,55,49,118,19" hai1="110,45,39,80,72,69,65,78,81,15,58,116,63" hai2="42,5,38,3,43,75,93,90,117,76,128,130,62" hai3="83,68,95,135,107,109,103,111,31,132,9,127,8"/><V56/><F117/><W50/><G68/><T37/><D37/><U64/><E116/><V115/><F115/><W36/><G36/><T57/><D122/><U82/><E110/><N who="3" m="41994" /><G31/><T52/><D34/><U79/><E69/><V13/><F3/><W21/><G21/><T29/><D29/><U85/><E64/><V30/><F30/><W66/><G66/><T89/><D118/><U87/><E39/><V41/><F38/><W14/><G107/><T129/><D129/><N who="2" m="49770" /><F5/><W134/><G127/><N who="0" m="48715" /><D19/><U61/><E45/><V123/><F13/><W60/><G60/><N who="0" m="35879" /><D89/><U22/><E63/><V114/><F123/><W88/><G50/><T106/><D106/><U24/><E15/><V120/><F120/><W23/><G103/><T105/><D100/><U0/><E0/><V113/><F113/><W96/><G83/><T44/><D105/><U17/><REACH who="1" step="1"/><E81/><REACH who="1" ten="336,310,224,120" step="2"/><N who="2" m="45215" /><F114/><W20/><G8/><T91/><D91/><U77/><E77/><V40/><F40/><W48/><G48/><T46/><D46/><U59/><E59/><V35/><F35/><W12/><G12/><AGARI ba="0,1" hai="7,10,12,44,49,55,98,99" m="35879,48715" machi="12" ten="30,3900,0" yaku="18,1,52,1,54,1" doraHai="53" who="0" fromWho="3" sc="336,49,310,0,224,0,120,-39" />
</Scene>
<Scene>
<INIT seed="7,0,0,5,1,26" ten="385,310,224,81" oya="3" hai0="69,47,120,19,8,11,109,80,111,135,103,0,84" hai1="23,86,112,108,101,12,48,35,13,105,81,98,133" hai2="57,49,28,63,97,24,29,43,119,59,95,72,46" hai3="106,20,1,16,117,7,92,18,51,99,78,56,30"/><W118/><G106/><T66/><D120/><U9/><E35/><V40/><F72/><W34/><G78/><T85/><D103/><U102/><E108/><V6/><F119/><W74/><G74/><T67/><D69/><U62/><E102/><V116/><F116/><W76/><G76/><T113/><D0/><U110/><E110/><V38/><F6/><W15/><G18/><T33/><D33/><U134/><E112/><V123/><F123/><W125/><G125/><T128/><D113/><U100/><E100/><N who="2" m="60479" /><F38/><W2/><G2/><T124/><D124/><U90/><E62/><V61/><F24/><N who="3" m="18759" /><G56/><N who="2" m="21577" /><F43/><W36/><G51/><T17/><D47/><U93/><E48/><V31/><AGARI ba="0,0" hai="28,29,31,40,46,49,61,63" m="21577,60479" machi="31" ten="30,7900,0" yaku="8,1,52,3" doraHai="26" who="2" fromWho="2" sc="385,-20,310,-20,224,79,81,-39" owari="365,47.0,290,-11.0,303,10.0,42,-46.0" />
</Scene>
</mjloggm>