<mjloggm ver="2.3"><GO type="97"/><UN n0="%E5%A4%AA%E3%81%8F%E3%81%AA%E3%81%84%E3%81%8A" n1="%68%65%69%7A" n2="%E3%83%AD%E3%82%8A%E8%82%89%E3%81%AE%E5%BC%9F%E5%AD%90" n3="%E3%81%8D%E3%81%BE%E3%81%99" dan="14,14,15,15" rate="2035,1939,1965,2010" sx="M,M,F,M"/><TAIKYOKU oya="0"/>

<Scene>
<INIT seed="0,0,0,5,5,78" ten="250,250,250,250" oya="0" hai0="58,110,118,90,92,119,51,43,125,34,127,63,33" hai1="74,98,70,103,104,85,5,65,76,87,42,108,82" hai2="120,129,47,53,89,40,10,54,97,93,109,117,41" hai3="26,30,122,83,48,84,73,121,94,56,21,0,12"/><T81/><D110/><U113/><E65/><V112/><F120/><N who="3" m="46187" /><G0/><T25/><D81/><U96/><E70/><V35/><F112/><W69/><G69/><T115/><D115/><U57/><E42/><V79/><F109/><W19/><G73/><T39/><D39/><U100/><E108/><V77/><F129/><W7/><G94/><T4/><D4/><U22/><E22/><V32/><F10/><N who="3" m="4191" /><G48/><T1/><D1/><U14/><E113/><V95/><F117/><W116/><G56/><T45/><D119/><U11/><REACH who="1" step="1"/><E57/><REACH who="1" ten="250,240,250,250" step="2"/><V28/><F41/><W133/><G116/><T72/><D118/><U64/><E64/><V130/><F40/><W135/><G30/><T102/><D58/><U88/><E88/><AGARI ba="0,1" hai="19,21,26,83,84,88,133,135" m="4191,46187" machi="88" ten="30,3900,0" yaku="13,1,52,1,54,1" doraHai="78" who="3" fromWho="1" sc="250,0,240,-39,250,0,250,49" />
</Scene>
<Scene>
<INIT seed="1,0,0,4,2,121" ten="250,201,250,299" oya="1" hai0="83,70,43,59,88,80,45,1,19,17,91,27,75" hai1="132,51,10,122,123,21,63,104,32,71,94,8,103" hai2="48,100,31,129,44,84,47,54,131,117,86,58,125" hai3="105,34,49,14,126,102,92,20,72,68,2,120,22"/><U65/><E132/><V26/><F117/><W115/><G68/><T35/><D70/><U56/><E104/><V50/><F100/><W60/><G120/><T73/><D1/><U7/><E32/><V12/><F12/><W78/><G105/><T124/><D124/><U81/><E123/><V5/><F5/><W42/><G115/><T69/><D69/><U112/><E112/><V87/><F125/><W29/><G126/><T118/><D118/><U97/><E122/><V52/><REACH who="2" step="1"/><F58/><REACH who="2" ten="250,201,240,299" step="2"/><W85/><G14/><T96/><D59/><U93/><E7/><V41/><F41/><W13/><G102/><T76/><D43/><U16/><E81/><V116/><F116/><W0/><G13/><T133/><D80/><U3/><E3/><V6/><F6/><W40/><G0/><T46/><D83/><U62/><E94/><V24/><F24/><W111/><G40/><T4/><D27/><U130/><E130/><V61/><F61/><W15/><G60/><T23/><D4/><U39/><E63/><V74/><F74/><W128/><G15/><T113/><D75/><U37/><E37/><V109/><F109/><W66/><G2/><T95/><D73/><U67/><E39/><V57/><F57/><W101/><G72/><T98/><D113/><U134/><E134/><V99/><F99/><W77/><G128/><T79/><D96/><U18/><E51/><V106/><F106/><W110/><G49/><T82/><D98/><U33/><E62/><V11/><F11/><W38/><G38/><T127/><D133/><U107/><E8/><V89/><F89/><RYUUKYOKU ba="0,1" sc="250,-10,201,-10,240,30,299,-10" hai2="26,31,44,47,48,50,52,54,84,86,87,129,131" />
</Scene>
<Scene>
<INIT seed="2,1,1,0,4,21" ten="240,191,270,289" oya="2" hai0="76,126,120,106,28,111,53,18,67,42,44,10,71" hai1="50,41,25,101,105,65,121,108,58,83,7,48,35" hai2="70,77,135,14,37,98,80,109,107,93,118,13,89" hai3="87,62,43,117,45,2,132,22,78,86,90,49,40"/><V29/><F37/><W5/><G117/><T57/><D120/><U119/><E119/><V68/><F118/><W82/><G132/><T23/><D106/><U4/><E121/><V69/><F135/><W130/><G130/><T36/><D76/><U1/><E1/><V112/><F112/><W11/><G62/><N who="0" m="40439" /><D28/><U81/><E101/><V31/><F107/><W27/><G43/><T33/><D33/><U59/><E105/><V34/><F109/><W8/><G5/><N who="1" m="2122" /><E108/><V51/><F51/><N who="1" m="19497" /><E41/><V47/><F47/><W96/><G96/><T115/><D44/><U97/><E35/><V9/><F9/><W63/><G63/><T88/><D10/><U26/><E97/><V73/><REACH who="2" step="1"/><F29/><REACH who="2" ten="240,191,260,289" step="2"/><W32/><G2/><T72/><D36/><U94/><E94/><V39/><F39/><W128/><G128/><T54/><D111/><U19/><E19/><V127/><F127/><W20/><G45/><T113/><D18/><U17/><E17/><V133/><F133/><W99/><G8/><T122/><D126/><U84/><E84/><V16/><F16/><W64/><G11/><T104/><D104/><U134/><E134/><V46/><F46/><W66/><G86/><T38/><D115/><U56/><E65/><V0/><F0/><W12/><G64/><T3/><D113/><U91/><E91/><V103/><F103/><W123/><G87/><T24/><D3/><U114/><E114/><V60/><F60/><W124/><G90/><T92/><D88/><U116/><E116/><V6/><F6/><W102/><G66/><T52/><D38/><U61/><E61/><RYUUKYOKU ba="1,2" sc="240,-15,191,15,260,15,289,-15" hai1="25,26,56,58,59,81,83" hai2="13,14,31,34,68,69,70,73,77,80,89,93,98" />
</Scene>
<Scene>
<INIT seed="2,2,2,4,0,82" ten="225,206,275,274" oya="2" hai0="93,14,129,9,51,68,94,45,135,108,27,60,30" hai1="130,85,117,106,56,91,62,115,44,3,47,57,7" hai2="18,52,38,42,92,61,69,64,13,53,17,89,54" hai3="46,123,116,1,98,113,2,86,120,23,87,37,28"/><V43/><F38/><W33/><G116/><T128/><D108/><U107/><E117/><V29/><F29/><W114/><G33/><N who="0" m="20703" /><D135/><U6/><E115/><N who="3" m="44042" /><G98/><T134/><D134/><U25/><E25/><V0/><F0/><N who="3" m="107" /><G46/><T59/><D68/><U99/><E3/><V39/><F39/><W55/><G55/><N who="0" m="33919" /><D51/><U105/><E99/><V72/><F72/><W19/><G28/><T65/><D45/><N who="1" m="17483" /><E62/><V111/><F111/><W31/><G31/><T131/><D65/><U100/><E100/><V12/><F12/><N who="3" m="9703" /><G37/><T125/><D125/><U4/><E91/><V8/><REACH who="2" step="1"/><F17/><AGARI ba="2,2" hai="9,14,17,93,94,128,129,131" m="33919,20703" machi="17" ten="30,1000,0" yaku="19,1" doraHai="82" who="0" fromWho="2" sc="225,36,206,0,275,-16,274,0" />
</Scene>
<Scene>
<INIT seed="3,0,0,5,3,84" ten="261,206,259,274" oya="3" hai0="94,0,5,48,2,42,128,4,118,103,110,44,39" hai1="70,89,11,104,22,17,9,25,130,108,14,34,111" hai2="77,21,20,57,66,35,16,46,81,134,51,114,28" hai3="124,18,88,59,32,41,53,43,67,117,129,52,55"/><W1/><G117/><T64/><D118/><U96/><E70/><V97/><F134/><W10/><G129/><T135/><D64/><U113/><E104/><V116/><F116/><W61/><G32/><T50/><D135/><U78/><E78/><V85/><F97/><W36/><G124/><T109/><D128/><U68/><E68/><V86/><F114/><W83/><G36/><T30/><D30/><U23/><E130/><V62/><F35/><W107/><G107/><T3/><D103/><U31/><E96/><V95/><F28/><W120/><G120/><T8/><D94/><U24/><E89/><N who="2" m="53687" /><F16/><W122/><G122/><T71/><D71/><U132/><E132/><V131/><F131/><W47/><G47/><T79/><D79/><U6/><E113/><V54/><AGARI ba="0,0" hai="20,21,46,51,54,57,62,66,77,81,85" m="53687" machi="54" ten="30,2000,0" yaku="8,1,52,1" doraHai="84" who="2" fromWho="2" sc="261,-5,206,-5,259,20,274,-10" />
</Scene>
<Scene>
<INIT seed="4,0,0,4,5,83" ten="256,201,279,264" oya="0" hai0="57,118,128,127,36,52,98,107,113,109,72,97,102" hai1="28,43,31,22,116,0,132,85,88,91,20,131,14" hai2="96,119,93,111,63,64,66,4,67,133,32,99,35" hai3="58,19,123,125,40,78,114,124,30,2,38,61,86"/><T90/><D118/><U71/><E71/><V42/><F119/><W73/><G114/><T105/><D36/><U106/><E106/><V18/><F111/><W56/><G30/><N who="1" m="11306" /><E0/><V47/><F133/><W26/><G123/><T117/><D117/><U130/><E116/><V104/><F4/><W17/><G73/><T27/><D72/><U54/><E132/><V11/><F104/><W15/><G2/><T37/><D37/><U87/><E43/><V39/><F63/><W70/><G40/><T77/><D77/><U103/><E103/><V62/><F62/><W68/><G38/><T110/><D113/><U108/><E108/><N who="0" m="41577" /><D128/><N who="1" m="49195" /><E54/><V25/><F99/><W101/><G101/><N who="0" m="62639" /><D127/><U69/><E69/><V76/><F76/><W9/><G70/><T92/><D27/><U120/><E120/><V135/><F135/><W129/><G124/><T80/><D80/><N who="1" m="49191" /><E14/><V134/><F134/><W74/><G125/><T65/><D65/><U51/><E51/><V53/><F53/><W13/><G129/><T84/><D52/><U89/><E89/><V21/><REACH who="2" step="1"/><F11/><REACH who="2" ten="256,201,269,264" step="2"/><W29/><G9/><T6/><D107/><U1/><E1/><V126/><F126/><W59/><G61/><T46/><D98/><U60/><E60/><V24/><F24/><W10/><G10/><T100/><D100/><AGARI ba="0,1" hai="18,21,25,32,35,39,42,47,64,66,67,93,96,100" machi="100" ten="40,2600,0" yaku="1,1,53,1" doraHai="83" doraHaiUra="94" who="2" fromWho="0" sc="256,-26,201,0,269,36,264,0" owari="230,-17.0,201,-30.0,305,41.0,264,6.0" />
</Scene>
</mjloggm>