<mjloggm ver="2.3"><GO type="169" lobby="0"/><UN n0="%E9%B7%B9%EF%BC%93" n1="%E3%83%A4%E3%82%AD%E3%83%B3" n2="%E5%A4%AA%E3%81%8F%E3%81%AA%E3%81%84%E3%81%8A" n3="%E3%81%82%E3%82%8A%E3%81%8A%E3%81%A8" dan="16,17,17,17" rate="2114,2095,2171,2130" sx="M,M,M,M"/><TAIKYOKU oya="0"/>

<Scene>
<INIT seed="0,0,0,2,1,36" ten="250,250,250,250" oya="0" hai0="47,90,135,39,70,45,131,72,113,122,54,63,62" hai1="76,123,129,134,75,17,99,118,57,55,115,40,35" hai2="52,30,120,46,89,43,12,18,58,0,26,112,3" hai3="10,8,13,23,71,31,64,65,84,88,86,121,133"/><T132/><D122/><U109/><E123/><V82/><F112/><W53/><G121/><T100/><D72/><U106/><E118/><V114/><F114/><W110/><G110/><T111/><D100/><U20/><E109/><V19/><F120/><W14/><G133/><N who="0" m="51275" /><D113/><U79/><E35/><V66/><F66/><W91/><G71/><T41/><D131/><U92/><E106/><V9/><F18/><W24/><G53/><T49/><D111/><U44/><E75/><V93/><F82/><W124/><G124/><T61/><D90/><N who="1" m="55703" /><E129/><V48/><F93/><W68/><G68/><AGARI ba="0,0" hai="39,41,45,47,49,54,61,62,63,68,70" m="51275" machi="68" ten="30,11600,0" yaku="20,1,34,2,52,1" doraHai="36" who="0" fromWho="3" sc="250,116,250,0,250,0,250,-116" />
</Scene>
<Scene>
<INIT seed="0,1,0,2,0,43" ten="366,250,250,134" oya="0" hai0="105,25,101,72,62,95,125,127,102,30,23,59,78" hai1="26,40,46,28,29,126,84,3,66,115,1,128,76" hai2="113,60,36,0,31,108,86,122,38,19,103,119,10" hai3="117,90,8,58,131,6,83,54,57,11,89,99,68"/><T22/><D105/><U74/><E74/><V134/><F113/><W55/><G68/><T48/><D48/><U79/><E115/><V109/><F122/><W17/><G117/><T13/><D72/><U51/><E126/><N who="0" m="48137" /><D78/><U20/><E128/><V5/><F119/><W2/><G131/><T21/><D95/><U91/><E66/><V39/><F134/><W96/><G83/><T110/><D110/><U61/><E61/><V123/><F123/><W27/><G27/><T63/><D63/><U133/><E133/><V132/><F60/><W82/><G82/><T44/><D44/><U118/><E118/><V93/><F132/><W70/><G70/><T114/><D114/><U69/><E69/><V75/><F75/><W56/><G2/><T100/><D13/><U77/><REACH who="1" step="1"/><E29/><REACH who="1" ten="366,240,250,134" step="2"/><V130/><F31/><W65/><G65/><AGARI ba="1,1" hai="21,22,23,25,30,59,62,65,100,101,102" m="48137" machi="65" ten="30,1500,0" yaku="18,1" doraHai="43" who="0" fromWho="3" sc="366,28,240,0,250,0,134,-18" />
</Scene>
<Scene>
<INIT seed="0,2,0,2,1,20" ten="394,240,250,116" oya="0" hai0="38,95,99,63,122,127,50,87,103,9,71,35,128" hai1="98,52,135,46,133,57,73,24,112,53,83,86,126" hai2="85,45,2,17,40,23,66,70,3,34,1,39,42" hai3="58,49,75,89,30,90,96,32,11,111,65,109,104"/><T78/><D122/><U101/><E73/><V77/><F34/><W118/><G118/><T69/><D38/><U8/><E126/><V97/><F42/><W27/><G75/><T47/><D128/><U44/><E112/><V6/><F97/><W115/><G115/><T55/><D127/><U31/><E8/><V12/><F70/><W120/><G120/><T82/><D35/><U74/><E74/><V16/><F66/><W0/><G0/><T84/><D63/><U4/><E4/><V43/><F43/><W67/><G11/><T19/><D9/><U76/><E53/><V7/><REACH who="2" step="1"/><F17/><REACH who="2" ten="394,240,240,116" step="2"/><W60/><G67/><T131/><D131/><U93/><E135/><V18/><F18/><W92/><G104/><T61/><D19/><U48/><E133/><V100/><F100/><W132/><G132/><T105/><D69/><U102/><E101/><V13/><F13/><W80/><G49/><T117/><D117/><U62/><E62/><V108/><F108/><W116/><REACH who="3" step="1"/><G116/><REACH who="3" ten="394,240,240,106" step="2"/><T51/><D50/><U36/><REACH who="1" step="1"/><E36/><REACH who="1" ten="394,230,240,106" step="2"/><V59/><F59/><W64/><G64/><T94/><D61/><U5/><E5/><V121/><F121/><W125/><G125/><T22/><D71/><U129/><E129/><V110/><F110/><W29/><G29/><T72/><D103/><U119/><E119/><V114/><F114/><W88/><G88/><T54/><D51/><U134/><E134/><V130/><F130/><W10/><G10/><T107/><D78/><U41/><E41/><V79/><F79/><W25/><G25/><T14/><D14/><U91/><E91/><RYUUKYOKU ba="2,3" sc="394,-30,230,10,240,10,106,10" hai1="24,31,44,46,48,52,57,76,83,86,93,98,102" hai2="1,2,3,6,7,12,16,23,39,40,45,77,85" hai3="27,30,32,58,60,65,80,89,90,92,96,109,111" />
</Scene>
<Scene>
<INIT seed="1,3,3,1,4,37" ten="364,240,250,116" oya="1" hai0="30,67,11,69,28,131,82,6,93,68,22,0,19" hai1="85,86,77,3,53,90,39,60,81,44,129,46,45" hai2="97,103,109,96,94,21,15,54,17,31,8,108,111" hai3="50,65,49,126,32,73,40,114,63,106,16,35,116"/><U120/><E3/><V124/><F124/><W12/><G114/><T89/><D131/><U78/><E120/><V58/><F97/><W9/><G126/><T57/><D82/><N who="1" m="49463" /><E129/><V92/><F31/><W36/><G106/><T122/><D122/><U64/><E39/><V1/><F1/><W29/><G116/><T84/><D57/><N who="1" m="36879" /><E77/><V105/><REACH who="2" step="1"/><F8/><REACH who="2" ten="364,240,240,116" step="2"/><W79/><G29/><T118/><D30/><U10/><E10/><V33/><F33/><W34/><G34/><T88/><D28/><U5/><E5/><V51/><AGARI ba="3,4" hai="15,17,21,51,54,58,92,94,96,103,105,108,109,111" machi="51" ten="30,4000,0" yaku="1,1,0,1,14,1,53,0" doraHai="37" doraHaiUra="71" who="2" fromWho="2" sc="364,-13,240,-23,240,89,116,-13" />
</Scene>
<Scene>
<INIT seed="2,0,0,0,1,50" ten="351,217,329,103" oya="2" hai0="30,128,23,108,110,40,88,134,19,123,124,59,36" hai1="120,93,27,29,84,18,103,76,47,74,98,48,16" hai2="129,73,63,31,4,49,101,39,60,125,2,107,96" hai3="0,85,11,132,10,22,126,81,89,86,83,94,21"/><V62/><F39/><W43/><G126/><T7/><D124/><U32/><E120/><V78/><F125/><W24/><G132/><T135/><D123/><U100/><E74/><V77/><F129/><W119/><G119/><T56/><D128/><U87/><E103/><V9/><F73/><W28/><G43/><T122/><D122/><U33/><E33/><V79/><F31/><W91/><G0/><T53/><D30/><U13/><E76/><V5/><F5/><W6/><G6/><T14/><D7/><U67/><E67/><V45/><REACH who="2" step="1"/><F79/><REACH who="2" ten="351,217,319,103" step="2"/><W106/><G106/><T68/><D135/><U51/><E18/><V65/><F65/><W66/><G66/><T38/><D134/><U15/><E16/><V116/><F116/><W82/><G22/><T20/><D23/><U64/><E64/><V57/><F57/><W121/><REACH who="3" step="1"/><G121/><REACH who="3" ten="351,217,319,93" step="2"/><T71/><D20/><U127/><E127/><V99/><F99/><W70/><G70/><T26/><D71/><U1/><E98/><V41/><AGARI ba="0,2" hai="2,4,9,41,45,49,60,62,63,77,78,96,101,107" machi="41" ten="30,6000,0" yaku="1,1,0,1,53,1" doraHai="50" doraHaiUra="3" who="2" fromWho="2" sc="351,-20,217,-20,319,80,93,-20" />
</Scene>
<Scene>
<INIT seed="2,1,0,1,1,78" ten="331,197,399,73" oya="2" hai0="77,35,120,40,66,83,122,72,60,105,8,118,31" hai1="1,131,112,52,89,56,50,41,69,26,74,121,13" hai2="76,117,37,96,17,45,27,25,2,38,108,129,7" hai3="29,107,46,111,100,48,94,53,44,90,101,64,128"/><V132/><F117/><W54/><G107/><T30/><D118/><U32/><E1/><V68/><F68/><W106/><G106/><T86/><D31/><U61/><E112/><V123/><F123/><W12/><G111/><T14/><D40/><U127/><E121/><V71/><F71/><W58/><G29/><T85/><D105/><U98/><E74/><V67/><F67/><W109/><G109/><T99/><D99/><U28/><E127/><V102/><F108/><W75/><G75/><T79/><D30/><U65/><E131/><V23/><F129/><W114/><G114/><T130/><D35/><U104/><E41/><V62/><F132/><W24/><G24/><T34/><D34/><U36/><E13/><V73/><F62/><W9/><G46/><T4/><D130/><U5/><E5/><V6/><F27/><W113/><G113/><T0/><D0/><U3/><E3/><V135/><F135/><W93/><G128/><T18/><D4/><U80/><E36/><V134/><F134/><W119/><G119/><T126/><D126/><U82/><E89/><V81/><F45/><W43/><G64/><T87/><REACH who="0" step="1"/><D79/><REACH who="0" ten="321,197,399,73" step="2"/><U59/><E98/><V20/><F7/><N who="3" m="3135" /><G43/><T124/><D124/><U21/><E104/><N who="2" m="63559" /><F6/><W115/><G115/><T33/><D33/><U55/><E32/><V16/><F2/><W91/><G91/><T42/><D42/><U15/><E15/><N who="2" m="9247" /><F38/><W70/><G90/><T110/><D110/><U103/><E103/><N who="3" m="39498" /><G70/><AGARI ba="1,1" hai="8,14,18,60,66,70,72,77,83,85,86,87,120,122" machi="70" ten="40,2600,0" yaku="1,1,52,1,53,0" doraHai="78" doraHaiUra="22" who="0" fromWho="3" sc="321,39,197,0,399,0,73,-29" />
</Scene>
<Scene>
<INIT seed="3,0,0,2,0,49" ten="360,197,399,44" oya="3" hai0="132,11,75,59,101,58,41,119,34,24,57,3,95" hai1="69,96,115,6,37,43,42,124,80,127,54,111,91" hai2="28,32,12,118,56,117,126,74,46,53,73,10,45" hai3="76,104,113,14,8,23,29,39,38,114,134,107,22"/><W93/><G76/><T102/><D75/><U60/><E115/><V70/><F70/><W116/><G116/><T62/><D119/><U86/><E111/><V7/><F74/><W133/><G29/><T84/><D132/><N who="3" m="50793" /><G93/><T120/><D120/><U131/><E131/><V5/><F73/><W36/><G8/><T123/><D123/><U48/><E37/><V4/><F118/><W129/><G14/><T72/><D72/><U82/><E6/><V17/><F117/><W25/><G25/><T112/><D112/><N who="3" m="43113" /><G129/><T90/><D41/><U99/><E43/><V64/><F28/><W63/><G63/><T92/><D34/><U61/><E42/><V100/><F32/><W130/><G130/><T103/><D24/><U55/><E91/><V71/><F100/><W9/><G9/><T108/><D108/><U18/><E18/><V85/><F17/><W21/><AGARI ba="0,0" hai="21,22,23,36,38,39,104,107" m="43113,50793" machi="21" ten="50,9600,0" yaku="28,2,20,1" doraHai="49" who="3" fromWho="3" sc="360,-32,197,-32,399,-32,44,96" />
</Scene>
<Scene>
<INIT seed="3,1,0,4,3,118" ten="328,165,367,140" oya="3" hai0="89,135,29,10,119,70,98,122,30,67,1,75,44" hai1="66,40,107,116,47,33,77,12,81,124,103,50,60" hai2="76,71,19,3,83,8,85,42,0,36,65,46,80" hai3="110,28,41,132,130,72,27,64,16,38,82,108,24"/><W84/><G72/><T90/><D119/><U95/><E116/><V131/><F131/><W5/><G130/><T14/><D135/><U48/><E33/><V7/><F19/><W97/><G5/><T55/><D1/><U68/><E124/><V52/><F83/><W51/><G38/><T79/><D122/><U56/><E107/><V100/><F100/><W9/><G64/><T78/><D70/><U99/><E12/><V57/><F71/><W96/><G132/><T58/><D67/><U4/><E4/><V88/><F65/><W61/><G61/><T93/><D44/><U13/><E13/><V113/><F113/><W18/><G51/><T86/><D75/><U105/><E105/><V126/><F126/><W87/><G41/><T127/><D127/><U69/><REACH who="1" step="1"/><E50/><REACH who="1" ten="328,155,367,140" step="2"/><V134/><F134/><W31/><G82/><N who="0" m="49367" /><D14/><U74/><AGARI ba="1,1" hai="40,47,48,56,60,66,68,69,74,77,81,95,99,103" machi="74" ten="20,2700,0" yaku="1,1,0,1,7,1,53,0" doraHai="118" doraHaiUra="23" who="1" fromWho="1" sc="328,-8,155,40,367,-8,140,-14" />
</Scene>
<Scene>
<INIT seed="4,0,0,5,2,27" ten="320,195,359,126" oya="0" hai0="58,87,106,40,130,45,69,131,123,59,37,19,86" hai1="98,41,75,10,63,81,112,1,70,9,52,43,47" hai2="110,68,80,0,117,38,4,134,82,103,39,93,46" hai3="24,44,101,78,73,31,94,111,2,91,76,126,105"/><T97/><D123/><U120/><E120/><V96/><F110/><W109/><G2/><T56/><D69/><U17/><E112/><V135/><F68/><W90/><G126/><T26/><D19/><U77/><E98/><V5/><F117/><W104/><G44/><T25/><D25/><U53/><E41/><N who="2" m="22839" /><F39/><W114/><G24/><T74/><D74/><U8/><E17/><V125/><F125/><W100/><G94/><T71/><D71/><U92/><E92/><V129/><F129/><N who="0" m="49162" /><D26/><U127/><E127/><V42/><F42/><W89/><G31/><T124/><D124/><U33/><E33/><V121/><F121/><W115/><G91/><T57/><N who="0" m="14848" /><DORA hai="99" /><T48/><D37/><U85/><E75/><AGARI ba="0,0" hai="73,75,76,78,89,90,100,101,104,105,109,111,114,115" machi="75" ten="25,12000,2" yaku="22,2,34,3,52,2" doraHai="27,99" who="3" fromWho="1" sc="320,0,195,-120,359,0,126,120" />
</Scene>
<Scene>
<INIT seed="5,0,0,1,1,79" ten="320,75,359,246" oya="1" hai0="106,126,107,32,64,116,113,56,89,68,25,71,73" hai1="51,70,81,82,69,52,130,63,123,83,94,34,8" hai2="114,133,1,49,31,132,17,77,134,37,121,48,16" hai3="33,110,2,97,40,23,112,12,103,84,50,59,44"/><U65/><E123/><V74/><F121/><W13/><G110/><T15/><D116/><U76/><E34/><V46/><F1/><W115/><G33/><T21/><D113/><U66/><E130/><V18/><F31/><W62/><G2/><T61/><D73/><U78/><E8/><V53/><F114/><N who="3" m="43563" /><G23/><T42/><D126/><U125/><E125/><V109/><F109/><W90/><G97/><T38/><D32/><U117/><E117/><V36/><F48/><W98/><G98/><T88/><D15/><U9/><E94/><V99/><F99/><W92/><G103/><T4/><D4/><U124/><E124/><V100/><F100/><W55/><AGARI ba="0,0" hai="12,13,40,44,50,55,59,62,84,90,92" m="43563" machi="55" ten="30,1100,0" yaku="15,1" doraHai="79" who="3" fromWho="3" sc="320,-3,75,-5,359,-3,246,11" />
</Scene>
<Scene>
<INIT seed="6,0,0,2,2,48" ten="317,70,356,257" oya="2" hai0="130,4,101,23,20,66,70,114,41,121,110,134,95" hai1="11,16,90,132,87,129,108,120,52,102,31,71,40" hai2="10,42,116,30,126,34,8,54,76,37,50,78,68" hai3="99,2,94,39,125,43,104,92,56,1,46,6,35"/><V81/><F116/><W74/><G35/><T19/><D121/><U119/><E119/><V15/><F68/><W5/><G125/><T45/><D114/><U7/><E71/><V73/><F126/><W80/><G104/><T100/><D134/><U14/><E108/><V106/><F106/><W29/><G29/><T115/><D115/><U109/><E109/><V124/><F124/><W118/><G118/><T28/><D110/><U53/><E132/><V33/><F76/><W64/><G6/><T111/><D111/><U65/><E120/><V13/><F42/><W75/><G75/><T86/><D130/><U17/><E129/><V84/><F37/><W97/><G97/><T133/><D4/><U117/><E117/><V89/><F15/><W57/><G94/><T44/><D133/><U21/><E65/><V113/><F113/><W27/><G27/><N who="0" m="16487" /><D66/><U93/><E40/><V122/><F122/><W0/><G64/><T85/><D70/><U123/><E123/><V59/><F30/><W36/><G36/><T79/><D79/><U105/><E31/><V63/><F63/><W61/><G5/><T49/><D45/><U88/><E90/><V38/><F38/><W62/><G74/><T83/><D83/><U135/><E135/><V69/><F69/><W98/><G80/><T91/><D86/><U25/><REACH who="1" step="1"/><E7/><REACH who="1" ten="317,60,356,257" step="2"/><N who="2" m="3231" /><F10/><W26/><G43/><T82/><D41/><U24/><E24/><V3/><F3/><W112/><G26/><T127/><D127/><U32/><E32/><V60/><F60/><W12/><G0/><T51/><D91/><U58/><E58/><RYUUKYOKU ba="0,1" sc="317,-15,60,15,356,15,257,-15" hai1="11,14,16,17,21,25,52,53,87,88,93,102,105" hai2="33,34,50,54,59,73,78,81,84,89" />
</Scene>
<Scene>
<INIT seed="6,1,1,4,2,66" ten="302,75,371,242" oya="2" hai0="42,73,48,70,104,71,99,0,106,57,95,75,79" hai1="126,128,54,69,72,45,97,18,118,6,127,36,60" hai2="110,84,64,96,89,117,120,62,5,105,119,24,35" hai3="65,61,93,113,31,2,41,11,27,22,100,83,34"/><V32/><F120/><W17/><G41/><T81/><D0/><U123/><E72/><V20/><F5/><W67/><G113/><T12/><D75/><U44/><E6/><V58/><F110/><W53/><G83/><T87/><D104/><U13/><E118/><V102/><F32/><W88/><G100/><N who="0" m="62751" /><D12/><U56/><E123/><V121/><F121/><W21/><G53/><N who="0" m="31911" /><D42/><U14/><E14/><V3/><F3/><W82/><G82/><T39/><D39/><U116/><E116/><V122/><F122/><W33/><G67/><T1/><D1/><U7/><E7/><V19/><F35/><W30/><G30/><T49/><D49/><U52/><E128/><V8/><F8/><W51/><G51/><T77/><D77/><U132/><E132/><V80/><AGARI ba="1,1" hai="19,20,24,58,62,64,80,84,89,96,102,105,117,119" machi="80" ten="20,2100,0" yaku="0,1,7,1" doraHai="66" who="2" fromWho="2" sc="302,-8,75,-8,371,34,242,-8" />
</Scene>
<Scene>
<INIT seed="6,2,0,5,0,22" ten="294,67,405,234" oya="2" hai0="83,134,103,133,55,48,14,50,88,122,35,113,86" hai1="132,18,37,1,64,29,52,23,126,109,110,81,24" hai2="101,105,119,9,36,3,57,93,115,131,61,73,108" hai3="59,68,74,98,51,49,20,130,91,33,58,107,135"/><V84/><F119/><W39/><G33/><T43/><D122/><U116/><E116/><V118/><F118/><W124/><G39/><T65/><D113/><U92/><E37/><V63/><F73/><W77/><G68/><T32/><D103/><U26/><E1/><V82/><F36/><W7/><G7/><T10/><D65/><U2/><E2/><V89/><F115/><W19/><G124/><T28/><D43/><U21/><E64/><V16/><F131/><W69/><G69/><T76/><D76/><U117/><E117/><V0/><F105/><W70/><G70/><T97/><D97/><U99/><E126/><V90/><F101/><W75/><G130/><T62/><D62/><U27/><E132/><N who="0" m="50793" /><D48/><U15/><E81/><V38/><F38/><W67/><G67/><T60/><D60/><U45/><E110/><V100/><F100/><W85/><G135/><T96/><D96/><U102/><E109/><V17/><F108/><W5/><G5/><N who="0" m="3407" /><D28/><U42/><E42/><V94/><F63/><W41/><G41/><T104/><D104/><U123/><E123/><V4/><F61/><W106/><G106/><T125/><D125/><U79/><E79/><V30/><F30/><W47/><G107/><T95/><D95/><U128/><E128/><V11/><F82/><W6/><G98/><T72/><D72/><U34/><E34/><V40/><F40/><W114/><G75/><T25/><D25/><U71/><E71/><V31/><F31/><W127/><G127/><T80/><D80/><U121/><E121/><V129/><F129/><W87/><G114/><RYUUKYOKU ba="2,0" sc="294,15,67,15,405,-15,234,-15" hai0="32,35,50,55,83,86,88" hai1="15,18,21,23,24,26,27,29,45,52,92,99,102" />
</Scene>
<Scene>
<INIT seed="7,3,0,0,1,112" ten="309,82,390,219" oya="3" hai0="127,16,40,62,24,59,12,72,104,85,60,4,23" hai1="13,133,93,5,108,53,26,89,76,69,128,75,50" hai2="68,20,47,29,21,122,84,81,71,123,100,109,15" hai3="88,43,120,132,115,134,42,61,1,80,51,86,8"/><W30/><G120/><N who="2" m="46121" /><F109/><W25/><G115/><T79/><D72/><U22/><E108/><V114/><F114/><W2/><G61/><T90/><D104/><U91/><E133/><V74/><F74/><W124/><G124/><T121/><D127/><U126/><E126/><V54/><F100/><W37/><G37/><T96/><D121/><U14/><E128/><V64/><F29/><W33/><G8/><T106/><D40/><U44/><E69/><N who="2" m="26699" /><F64/><W0/><REACH who="3" step="1"/><G51/><REACH who="3" ten="309,82,390,209" step="2"/><T129/><D129/><U116/><E50/><N who="2" m="29023" /><F15/><W3/><N who="3" m="0" /><DORA hai="102" /><W45/><G45/><T111/><D62/><U130/><E44/><V119/><F119/><W95/><G95/><T67/><D60/><U63/><E93/><V58/><F58/><W52/><G52/><T113/><D59/><U117/><E53/><V48/><F48/><W36/><G36/><T19/><D12/><U101/><E63/><V56/><F56/><W35/><G35/><T78/><D111/><U28/><E130/><V65/><F65/><W32/><G32/><T77/><D67/><U39/><E39/><V31/><F31/><W17/><G17/><T82/><D19/><U135/><E14/><V131/><F131/><W41/><AGARI ba="3,1" hai="25,30,33,41,42,43,80,86,88,132,134" m="0" machi="41" ten="60,11700,0" yaku="1,1,0,1,54,1,53,0" doraHai="112,102" doraHaiUra="110,7" who="3" fromWho="3" sc="309,-42,82,-42,390,-42,209,136" />
</Scene>
<Scene>
<INIT seed="7,4,0,0,4,109" ten="267,40,348,345" oya="3" hai0="27,96,78,69,132,39,29,102,60,66,16,23,2" hai1="8,111,65,87,130,89,42,14,56,49,121,3,53" hai2="113,134,64,61,44,67,114,120,9,63,98,73,103" hai3="124,70,52,62,59,68,83,57,21,24,25,31,36"/><W35/><G36/><T28/><D2/><U18/><E111/><V15/><F73/><W79/><G59/><T33/><D132/><U135/><E130/><V20/><F134/><W117/><G124/><T119/><D119/><U128/><E128/><V82/><F120/><W112/><G112/><N who="2" m="43113" /><F82/><W17/><G117/><T85/><D39/><U32/><E135/><V105/><F20/><W6/><G6/><T38/><D38/><U95/><E32/><V0/><F0/><W19/><G17/><T126/><D126/><U92/><E121/><V55/><F44/><W4/><G4/><T11/><D11/><U46/><E3/><V123/><F123/><W107/><G107/><T72/><D72/><AGARI ba="4,0" hai="19,21,24,25,31,35,52,57,62,68,70,72,79,83" machi="72" ten="30,2900,0" yaku="7,1,54,1" doraHai="109" who="3" fromWho="0" sc="267,-41,40,0,348,0,345,41" owari="226,-17.0,40,-46.0,348,15.0,386,48.0" />
</Scene>
</mjloggm>