<mjloggm ver="2.3"><GO type="41"/><UN n0="%E3%82%B3%E3%82%A6%E3%83%A1%E3%82%A4%EF%BC%A0%E3%82%AB%E3%83%95%E3%82%A7" n1="%E3%81%86%E3%81%9F%E3%81%BE" n2="%E5%A4%AA%E3%81%8F%E3%81%AA%E3%81%84%E3%81%8A" n3="%E3%81%AF%E3%81%90%E3%82%8C%E3%83%9F%E3%83%B3%E3%83%88" dan="13,15,13,15" rate="1918,1985,1981,2028" sx="M,M,M,F"/><TAIKYOKU oya="0"/>

<Scene>
<INIT seed="0,0,0,1,3,127" ten="250,250,250,250" oya="0" hai0="57,68,69,43,112,56,42,53,115,67,113,78,91" hai1="90,94,61,21,24,74,37,49,18,134,39,117,22" hai2="55,71,0,3,76,82,99,105,101,106,95,41,81" hai3="121,70,26,87,80,31,28,126,135,48,111,102,10"/><T36/><D78/><U64/><E117/><V15/><F71/><N who="0" m="27210" /><D36/><U30/><E74/><V108/><F41/><N who="0" m="15370" /><D91/><U44/><E134/><V118/><F118/><W100/><G126/><T131/><D67/><U32/><E39/><V58/><F15/><W123/><G70/><T93/><D93/><U35/><E37/><V114/><F95/><W65/><G65/><T27/><D27/><U23/><E64/><V6/><F76/><W88/><G48/><T47/><D131/><U25/><E61/><V38/><F38/><W16/><G135/><T125/><D125/><U63/><E63/><V45/><F82/><W120/><G31/><T124/><D124/><U5/><E5/><V4/><F81/><W86/><G86/><T52/><D47/><U110/><E23/><V73/><F45/><W72/><G72/><T60/><D60/><U107/><E107/><V103/><F73/><W33/><G100/><T92/><D92/><U97/><E35/><V19/><F103/><W130/><G130/><T13/><D13/><U75/><E32/><V98/><F101/><W7/><G102/><T9/><D9/><U2/><E75/><V50/><F6/><W17/><REACH who="3" step="1"/><G111/><REACH who="3" ten="250,250,250,240" step="2"/><T129/><D129/><U11/><E110/><V132/><F108/><W46/><G46/><T66/><D66/><U116/><E44/><V89/><F132/><W20/><G20/><T59/><AGARI ba="0,1" hai="52,53,56,57,59,112,113,115" m="15370,27210" machi="59" ten="40,12000,1" yaku="28,2,34,2,54,1" doraHai="127" who="0" fromWho="0" sc="250,130,250,-40,250,-40,240,-40" />
</Scene>
<Scene>
<INIT seed="0,1,0,4,1,32" ten="380,210,210,200" oya="0" hai0="79,76,100,60,84,99,114,94,80,98,125,35,103" hai1="13,118,19,128,29,8,56,3,88,111,106,0,135" hai2="42,23,4,70,105,47,25,21,133,123,77,102,26" hai3="49,73,86,122,66,91,39,127,45,87,75,74,53"/><T92/><D35/><U110/><E106/><V17/><F123/><W89/><G122/><T34/><D34/><U51/><E51/><V71/><F77/><W67/><G127/><T20/><D125/><U96/><E56/><V6/><F133/><W44/><G39/><T11/><D114/><U22/><E118/><V2/><F102/><W33/><G33/><T31/><D11/><U119/><E119/><V116/><F105/><W129/><G129/><T132/><D132/><U24/><E128/><V16/><F116/><W1/><G1/><N who="1" m="586" /><E88/><V104/><F104/><W120/><G120/><T63/><D31/><U9/><E96/><V126/><F126/><W109/><G109/><N who="1" m="41482" /><E135/><V15/><F15/><W81/><REACH who="3" step="1"/><G45/><REACH who="3" ten="380,210,210,190" step="2"/><T37/><D37/><U46/><E46/><V69/><REACH who="2" step="1"/><F2/><REACH who="2" ten="380,210,200,190" step="2"/><W55/><G55/><T41/><D41/><U90/><E90/><V134/><F134/><W18/><G18/><T38/><D79/><U28/><E28/><V78/><F78/><W61/><G61/><T130/><D130/><U27/><E27/><V101/><F101/><W7/><G7/><T43/><D43/><U52/><E52/><V65/><F65/><W97/><G97/><T83/><D38/><AGARI ba="1,2" hai="4,6,16,17,21,23,25,26,38,42,47,69,70,71" machi="38" ten="40,5200,0" yaku="1,1,9,1,54,1,53,0" doraHai="32" doraHaiUra="48" who="2" fromWho="0" sc="380,-55,210,0,200,75,190,0" />
</Scene>
<Scene>
<INIT seed="1,0,0,5,5,0" ten="325,210,275,190" oya="1" hai0="66,4,5,36,44,15,118,7,14,119,87,27,30" hai1="85,49,53,26,108,23,122,12,72,113,112,21,133" hai2="59,24,80,18,28,43,22,19,104,45,73,81,109" hai3="126,99,117,10,9,123,76,52,88,91,63,11,31"/><U16/><E122/><V60/><F104/><W94/><G123/><T95/><D66/><U8/><E72/><V29/><F109/><W71/><G126/><T77/><D36/><U61/><E108/><V64/><F29/><W90/><G117/><T125/><D125/><U114/><E133/><V107/><F107/><W129/><G129/><T6/><D44/><U121/><E121/><V41/><F41/><W56/><G71/><T32/><D77/><U131/><E131/><V106/><F106/><W89/><G76/><T82/><D82/><N who="2" m="31850" /><F73/><W58/><G58/><T111/><D111/><U25/><E61/><V75/><F75/><W128/><G128/><T17/><D87/><U98/><E98/><V96/><F96/><W69/><G69/><T37/><D95/><U74/><E74/><V78/><F78/><W42/><G42/><T55/><D55/><U1/><E85/><V34/><F34/><W93/><G31/><T116/><D37/><U50/><E1/><V101/><F101/><W65/><G94/><T20/><N who="0" m="1024" /><DORA hai="124" /><T135/><D135/><U110/><E53/><AGARI ba="0,0" hai="9,10,11,52,53,56,63,65,88,89,90,91,93,99" machi="53" ten="40,5200,0" yaku="8,1,54,2" doraHai="0,124" who="3" fromWho="1" sc="325,0,210,-52,275,0,190,52" />
</Scene>
<Scene>
<INIT seed="2,0,0,5,2,82" ten="325,158,275,242" oya="2" hai0="85,52,97,130,125,49,113,135,105,120,68,17,13" hai1="62,67,4,128,133,127,53,126,44,33,121,8,80" hai2="28,50,47,24,117,108,57,134,29,73,40,75,23" hai3="9,123,61,87,92,34,63,95,79,78,69,104,37"/><V35/><F117/><W110/><G104/><T39/><D120/><U46/><E121/><V3/><F3/><W41/><G123/><T25/><D113/><U109/><E33/><V45/><F134/><W90/><G34/><T64/><D39/><U59/><E80/><V18/><F108/><W88/><G110/><T19/><D135/><U102/><E102/><V65/><F47/><N who="1" m="17961" /><E109/><V43/><F43/><W132/><G132/><T91/><D68/><U1/><E133/><V101/><F101/><W6/><G37/><T77/><D64/><U2/><E128/><V89/><F89/><W106/><G106/><T131/><D125/><N who="1" m="47627" /><E67/><V76/><F76/><W26/><G41/><T98/><D77/><U81/><E81/><V83/><F83/><W99/><G26/><T36/><D105/><U5/><E5/><V114/><F114/><W54/><G69/><T66/><D66/><U27/><E27/><V86/><F35/><W107/><G107/><T96/><D25/><U22/><E22/><V122/><F122/><W100/><G100/><T84/><D36/><U72/><E72/><N who="2" m="27723" /><F29/><W71/><G71/><T111/><D111/><U103/><E103/><V129/><F28/><W32/><G32/><T119/><D119/><U70/><E70/><V51/><F129/><N who="0" m="49162" /><D91/><U7/><E7/><V55/><F65/><W12/><G63/><T0/><D0/><AGARI ba="0,0" hai="0,1,2,4,8,53,59,62" m="47627,17961" machi="0" ten="30,1000,0" yaku="18,1" doraHai="82" who="1" fromWho="0" sc="325,-10,158,10,275,0,242,0" />
</Scene>
<Scene>
<INIT seed="3,0,0,3,2,25" ten="315,168,275,242" oya="3" hai0="92,79,31,44,68,37,9,35,29,65,48,63,123" hai1="71,94,80,135,88,69,1,99,49,114,21,115,85" hai2="51,28,133,127,118,39,100,41,14,112,96,120,7" hai3="8,74,20,67,50,30,104,78,95,52,77,97,18"/><W130/><G104/><T73/><D123/><U66/><E135/><V83/><F118/><W54/><G130/><T19/><D37/><U84/><E1/><V23/><F112/><W108/><G108/><T128/><D128/><U70/><E66/><V93/><F133/><W57/><G74/><T12/><D35/><U124/><E124/><V119/><F119/><W76/><G67/><T55/><REACH who="0" step="1"/><D92/><REACH who="0" ten="305,168,275,242" step="2"/><U26/><E114/><V38/><F93/><W17/><G54/><T58/><D58/><U81/><E115/><V125/><F39/><W131/><G131/><T102/><D102/><U6/><E71/><V132/><F100/><N who="3" m="60479" /><G8/><T113/><D113/><U47/><E70/><V45/><F38/><W110/><G110/><T43/><D43/><N who="1" m="24831" /><E69/><V62/><F41/><W11/><G11/><T116/><D116/><U3/><E3/><V121/><F120/><W36/><G36/><T2/><D2/><U40/><E40/><V42/><F121/><W60/><G60/><T15/><D15/><U101/><E6/><V106/><F42/><W122/><G122/><T32/><D32/><U27/><E21/><V0/><F7/><W103/><G103/><T61/><D61/><U126/><E126/><V24/><F62/><W107/><G107/><T86/><D86/><U5/><E5/><V56/><F106/><W53/><G53/><T64/><D64/><U117/><E117/><V22/><F125/><W105/><G105/><T111/><D111/><U129/><E129/><V34/><F127/><W13/><G13/><T91/><D91/><AGARI ba="0,1" hai="26,27,80,81,84,85,88,91,94,99,101" m="24831" machi="91" ten="30,2000,0" yaku="8,1,54,1" doraHai="25" who="1" fromWho="0" sc="305,-20,168,30,275,0,242,0" />
</Scene>
<Scene>
<INIT seed="4,0,0,4,1,110" ten="285,198,275,242" oya="0" hai0="98,124,131,20,104,56,7,108,63,15,112,129,18" hai1="26,52,128,135,80,36,84,40,68,53,107,100,114" hai2="70,4,111,134,29,28,73,72,115,3,57,9,5" hai3="41,0,94,38,77,13,125,113,14,81,12,27,95"/><T79/><D108/><U88/><E68/><V30/><F111/><W126/><G0/><T46/><D124/><N who="3" m="47721" /><G27/><T60/><D79/><U105/><E128/><N who="0" m="49225" /><D104/><U119/><E119/><V32/><F70/><W69/><G69/><T101/><D7/><U42/><E135/><V109/><F109/><W86/><G41/><T6/><D6/><U50/><E36/><V102/><F134/><W62/><G38/><T121/><D121/><U85/><E107/><V16/><F5/><W103/><G62/><N who="0" m="23595" /><D56/><U116/><E116/><V118/><F118/><W55/><G55/><T2/><D46/><U51/><E105/><V106/><F57/><W35/><G35/><T58/><D58/><U71/><E71/><V44/><F32/><W61/><G61/><T74/><D74/><U34/><E53/><V78/><F44/><W82/><G81/><T37/><D37/><U89/><E51/><V96/><F3/><W123/><G123/><T133/><D133/><U97/><E34/><V8/><F4/><W120/><G120/><T132/><D132/><U90/><E26/><V92/><F73/><W24/><G24/><T10/><D2/><U21/><E80/><V39/><F72/><W91/><G103/><T19/><D10/><U11/><E11/><V23/><F9/><W93/><G77/><T49/><D49/><U45/><E100/><V66/><F39/><W25/><G25/><T67/><D67/><U33/><E33/><V54/><F66/><W75/><G75/><T1/><D1/><U99/><E45/><V76/><F76/><W17/><G17/><T59/><D18/><RYUUKYOKU ba="0,0" sc="285,-10,198,-10,275,-10,242,30" hai3="12,13,14,82,86,91,93,94,95,113" />
</Scene>
<Scene>
<INIT seed="5,1,0,0,3,120" ten="275,188,265,272" oya="1" hai0="68,101,90,78,47,27,15,22,39,42,28,45,118" hai1="6,117,106,1,107,54,32,124,43,56,44,111,3" hai2="60,76,104,51,4,64,65,127,36,59,81,37,7" hai3="55,70,132,99,40,2,77,8,133,21,88,38,125"/><U96/><E117/><V112/><F104/><W63/><G125/><T131/><D118/><U108/><E32/><V94/><F127/><W69/><G77/><T17/><D68/><U25/><E124/><V89/><F112/><W93/><G21/><T9/><D131/><U30/><E6/><V109/><F109/><N who="1" m="42057" /><E96/><V31/><F31/><W119/><G119/><T13/><D101/><U121/><E121/><V116/><F65/><W87/><G99/><T122/><D122/><U26/><E26/><V92/><F64/><W61/><G70/><T10/><D78/><U16/><E107/><V130/><F7/><N who="3" m="1143" /><G69/><T72/><D72/><U62/><E106/><V100/><F4/><W114/><G114/><T79/><D79/><U35/><E16/><V52/><F116/><W41/><G38/><AGARI ba="1,0" hai="1,3,25,30,35,38,43,44,54,56,62" m="42057" machi="38" ten="30,11600,0" yaku="10,1,52,3" doraHai="120" who="1" fromWho="3" sc="275,0,188,119,265,0,272,-119" />
</Scene>
<Scene>
<INIT seed="5,2,0,1,2,50" ten="275,307,265,153" oya="1" hai0="108,17,48,115,26,131,72,21,107,29,63,60,51" hai1="114,59,12,129,36,124,23,14,49,128,85,99,98" hai2="32,105,75,64,110,104,2,81,43,106,71,122,57" hai3="127,68,70,113,84,69,90,19,135,96,45,33,125"/><U18/><E36/><V101/><F57/><W88/><G113/><T61/><D108/><U116/><E116/><V83/><F83/><W130/><G33/><T120/><D115/><U1/><E1/><V132/><F110/><W134/><G45/><T4/><D107/><U37/><E37/><V9/><F43/><W16/><G130/><N who="1" m="50282" /><E114/><V7/><F122/><W97/><G70/><T112/><D131/><U93/><E14/><V109/><F109/><W119/><REACH who="3" step="1"/><G84/><REACH who="3" ten="275,307,265,143" step="2"/><T103/><D112/><U78/><E85/><V35/><F35/><W133/><G133/><T25/><D120/><U80/><E124/><V86/><F32/><W91/><G91/><T10/><D72/><N who="1" m="43079" /><E99/><N who="2" m="61503" /><F86/><W55/><G55/><T6/><D103/><N who="1" m="60879" /><E59/><V94/><F132/><W3/><G3/><T38/><D26/><U47/><E47/><V22/><F2/><W82/><G82/><T54/><D25/><U117/><E117/><AGARI ba="2,1" hai="16,19,68,69,88,90,96,97,117,119,125,127,134,135" machi="117" ten="25,8000,1" yaku="1,1,22,2,54,2,53,0" doraHai="50" doraHaiUra="24" who="3" fromWho="1" sc="275,0,307,-86,265,0,143,96" />
</Scene>
<Scene>
<INIT seed="6,0,0,1,5,126" ten="275,221,265,239" oya="2" hai0="68,94,25,130,111,134,6,88,1,57,133,96,63" hai1="123,108,17,115,92,8,89,36,56,79,78,67,71" hai2="33,73,50,35,22,14,49,5,44,86,11,98,24" hai3="29,65,39,38,114,129,128,47,121,27,100,43,46"/><V72/><F98/><W16/><G121/><T0/><D111/><U75/><E108/><V77/><F35/><W76/><G114/><T42/><D68/><U34/><E123/><V82/><F33/><W103/><G65/><N who="0" m="39151" /><D42/><U58/><E115/><V26/><F50/><W120/><G120/><T91/><D25/><U23/><E34/><V31/><REACH who="2" step="1"/><F26/><REACH who="2" ten="275,221,255,239" step="2"/><W30/><G27/><T80/><D134/><U132/><E132/><V62/><F62/><W37/><G37/><T20/><D133/><U117/><E36/><V119/><F119/><W104/><G43/><AGARI ba="0,1" hai="5,11,14,22,24,31,43,44,49,72,73,77,82,86" machi="43" ten="30,11600,0" yaku="1,1,7,1,25,2,53,0" doraHai="126" doraHaiUra="13" who="2" fromWho="3" sc="275,0,221,0,255,126,239,-116" />
</Scene>
<Scene>
<INIT seed="6,1,0,5,3,77" ten="275,221,381,123" oya="2" hai0="131,90,41,86,67,12,18,68,35,62,78,30,129" hai1="10,38,85,80,52,109,123,92,8,87,97,27,98" hai2="63,105,104,21,106,120,57,14,40,100,94,135,51" hai3="36,82,108,130,2,122,15,132,37,59,103,34,23"/><V74/><F120/><W95/><G122/><T42/><D78/><U56/><E109/><V24/><F74/><W134/><G108/><T22/><D30/><U19/><E38/><V25/><F135/><N who="3" m="51755" /><G34/><T114/><D35/><U28/><E87/><V0/><F0/><W73/><G2/><T113/><D42/><U127/><E127/><V99/><F14/><W6/><G130/><N who="0" m="49675" /><D41/><U116/><E123/><V58/><F21/><W124/><G124/><T64/><D64/><U111/><E111/><V16/><F16/><N who="3" m="10655" /><G59/><T13/><D13/><N who="1" m="7591" /><E10/><V117/><F117/><W128/><G6/><T125/><D125/><U126/><E126/><V47/><F58/><W121/><G128/><T45/><D45/><U83/><E116/><V43/><F43/><W7/><G7/><T81/><AGARI ba="1,0" hai="12,18,22,62,67,68,81,86,90,113,114" m="49675" machi="81" ten="30,2000,0" yaku="19,1,52,1" doraHai="77" who="0" fromWho="0" sc="275,23,221,-6,381,-11,123,-6" />
</Scene>
<Scene>
<INIT seed="7,0,0,1,4,9" ten="298,215,370,117" oya="3" hai0="77,129,130,101,56,120,79,75,27,14,98,50,117" hai1="134,97,33,80,20,37,45,60,89,82,123,38,25" hai2="61,58,119,102,115,5,81,29,126,6,132,36,42" hai3="28,4,124,44,112,15,62,23,55,84,108,85,31"/><W106/><G106/><T74/><D120/><U67/><E123/><V88/><F119/><W94/><G112/><T65/><D117/><U116/><E33/><V51/><F36/><W95/><G124/><T122/><D122/><U111/><E111/><V35/><F102/><W47/><G108/><T78/><D27/><U11/><E116/><V135/><F115/><W49/><G62/><T16/><D65/><U57/><E45/><N who="2" m="26039" /><F126/><W8/><G47/><T92/><D56/><U19/><E11/><V91/><F29/><N who="3" m="11339" /><G23/><T72/><REACH who="0" step="1"/><D50/><REACH who="0" ten="288,215,370,117" step="2"/><U99/><E38/><V43/><F58/><W18/><G4/><T40/><D40/><U71/><E37/><V52/><F43/><W70/><G70/><T66/><D66/><U103/><E71/><V128/><F5/><W1/><G1/><T13/><D13/><U86/><E67/><V0/><F6/><W63/><G63/><T114/><D114/><U30/><E60/><V17/><F0/><W104/><G104/><T96/><D96/><U39/><E99/><V87/><F61/><W121/><G121/><T127/><D127/><U26/><E39/><V109/><F109/><W54/><G54/><T68/><D68/><U2/><E2/><V46/><F52/><W64/><G64/><T76/><N who="0" m="19456" /><DORA hai="24" /><T90/><D90/><U93/><E57/><V53/><F53/><W21/><G8/><AGARI ba="0,1" hai="8,14,16,72,74,75,92,98,101,129,130" m="19456" machi="8" ten="60,16000,3" yaku="1,1,52,1,54,1,53,6" doraHai="9,24" doraHaiUra="107,105" who="0" fromWho="3" sc="288,170,215,0,370,0,117,-160" owari="458,55.0,215,-18.0,370,17.0,-43,-54.0" />
</Scene>
</mjloggm>