<mjloggm ver="2.3"><GO type="169" lobby="0"/><UN n0="%E5%A4%AA%E3%81%8F%E3%81%AA%E3%81%84%E3%81%8A" n1="%48%75%6E%74%65%72%5F%44" n2="%4B%E3%80%82" n3="%E6%9C%AC%E7%89%A9%E5%A5%B3%E5%AD%90%E9%AB%98%E7%94%9F" dan="18,16,18,17" rate="2237.76,2130.21,2210.58,2211.95" sx="F,M,M,F"/><TAIKYOKU oya="0"/>

<Scene>
<INIT seed="0,0,0,4,2,84" ten="250,250,250,250" oya="0" hai0="63,51,2,97,35,105,66,40,106,100,13,108,55" hai1="59,7,109,101,30,71,75,39,9,3,52,53,67" hai2="131,20,45,31,5,119,92,89,76,120,57,107,87" hai3="86,61,44,85,23,16,17,73,103,8,113,56,135"/><T114/><D114/><U133/><E39/><V1/><F120/><W80/><G135/><T0/><D105/><U77/><E133/><V65/><F107/><W128/><G128/><T118/><D118/><U134/><E134/><V96/><F131/><W132/><G132/><T88/><D35/><U15/><E109/><V14/><F1/><W127/><G127/><T34/><D34/><U46/><E101/><V11/><F119/><W33/><G33/><T91/><D40/><U112/><E112/><V22/><F45/><W115/><G103/><T50/><D108/><U38/><E30/><V6/><F6/><W10/><G73/><T43/><D13/><U79/><E15/><V64/><F31/><W25/><G44/><T58/><D43/><N who="1" m="22903" /><E71/><V27/><F27/><W94/><G113/><T12/><D12/><U126/><E79/><V93/><F76/><N who="3" m="46215" /><G17/><T36/><D36/><U48/><E126/><V32/><F32/><W111/><G115/><T21/><D21/><N who="2" m="8298" /><F57/><W42/><G42/><T69/><REACH who="0" step="1"/><D51/><REACH who="0" ten="240,250,250,250" step="2"/><U68/><E48/><V83/><F83/><W37/><G37/><T98/><D98/><U28/><E3/><AGARI ba="0,1" hai="0,2,3,50,55,58,63,66,69,88,91,97,100,106" machi="3" ten="40,12000,1" yaku="1,1,52,2,54,1,53,0" doraHai="84" doraHaiUra="24" who="0" fromWho="1" sc="240,130,250,-120,250,0,250,0" />
</Scene>
<Scene>
<INIT seed="0,1,0,1,1,86" ten="370,130,250,250" oya="0" hai0="119,134,28,48,65,35,83,100,113,21,36,46,108" hai1="29,41,52,109,111,11,120,10,62,53,116,125,55" hai2="105,94,40,66,3,97,84,23,6,101,117,110,18" hai3="90,43,14,69,85,103,104,79,60,30,129,26,8"/><T99/><D119/><U16/><E120/><V57/><F117/><W126/><G43/><T63/><D113/><U67/><E116/><V42/><F110/><N who="1" m="41993" /><E125/><V121/><F121/><W1/><G1/><T87/><D108/><U4/><E41/><V95/><F3/><W107/><G79/><T15/><D36/><U5/><E29/><V112/><F112/><W123/><G129/><T73/><D73/><U132/><E132/><V77/><F6/><N who="1" m="2665" /><E16/><V91/><F77/><W31/><G31/><T82/><D134/><U7/><N who="1" m="2673" /><U25/><DORA hai="74" /><E25/><N who="2" m="14583" /><F105/><W34/><G126/><T12/><D28/><U70/><AGARI ba="1,0" hai="10,11,52,53,55,62,67,70" m="2673,41993" machi="70" ten="40,2700,0" yaku="14,1,54,1" doraHai="86,74" who="1" fromWho="1" sc="370,-14,130,30,250,-8,250,-8" />
</Scene>
<Scene>
<INIT seed="1,0,0,5,2,98" ten="356,160,242,242" oya="1" hai0="44,71,10,126,92,2,108,85,25,62,23,20,73" hai1="55,113,38,65,127,60,51,14,50,131,114,61,30" hai2="80,13,100,117,28,36,48,128,82,42,88,123,0" hai3="31,67,84,1,105,41,63,125,110,93,72,33,43"/><U99/><E30/><V64/><F117/><W58/><G1/><T121/><D73/><U17/><E127/><V19/><F0/><W46/><G72/><T95/><D126/><U57/><E131/><V112/><F36/><W115/><G105/><T104/><D104/><U16/><E38/><V103/><F123/><W39/><G125/><T87/><D44/><U34/><E34/><V96/><F64/><W107/><G107/><T81/><D121/><U90/><E17/><V122/><F28/><W7/><G43/><T106/><D106/><U134/><E134/><V12/><F112/><W47/><G46/><T53/><D23/><U24/><E24/><V40/><F128/><W91/><G110/><T111/><D10/><U27/><E27/><V133/><F133/><W5/><REACH who="3" step="1"/><G115/><REACH who="3" ten="356,160,242,232" step="2"/><T3/><D3/><U56/><E114/><V74/><F74/><W119/><G119/><T15/><D2/><U9/><REACH who="1" step="1"/><E113/><REACH who="1" ten="356,150,242,232" step="2"/><V21/><F122/><W120/><G120/><T52/><D111/><U4/><E4/><V109/><F109/><W11/><G11/><T116/><D108/><U101/><E101/><V66/><F103/><W86/><G86/><T124/><D87/><U83/><E83/><V77/><F100/><W75/><G75/><T29/><D124/><U76/><E76/><V18/><F77/><W118/><G118/><T132/><D116/><U59/><E59/><V26/><F82/><W69/><G69/><T32/><D71/><U8/><E8/><V78/><F78/><W68/><G68/><T70/><D70/><U54/><E54/><V35/><F80/><RYUUKYOKU ba="0,2" sc="356,-15,150,15,242,-15,232,15" hai1="9,14,16,50,51,55,56,57,60,61,65,90,99" hai3="5,7,31,33,39,41,47,58,63,67,84,91,93" />
</Scene>
<Scene>
<INIT seed="1,1,2,0,3,78" ten="341,165,227,247" oya="1" hai0="86,10,119,2,88,115,60,77,59,103,125,123,31" hai1="0,52,28,104,113,133,62,4,25,95,98,66,20" hai2="30,41,22,134,121,55,110,89,58,37,94,36,39" hai3="57,101,23,32,18,38,35,3,47,40,19,63,91"/><U84/><E113/><V33/><F121/><W135/><G135/><T96/><D119/><U5/><E133/><V71/><F33/><W70/><G70/><T44/><D115/><U53/><E104/><V118/><F71/><W56/><G3/><T114/><D114/><U105/><E105/><V43/><F134/><W12/><G57/><T99/><D77/><U49/><E0/><V116/><F110/><W48/><G101/><T93/><D123/><U73/><E73/><V29/><F116/><W100/><G100/><T97/><D125/><U109/><E109/><V67/><F67/><W79/><G38/><T64/><D31/><U126/><E126/><V27/><F30/><W87/><G79/><T7/><REACH who="0" step="1"/><D44/><REACH who="0" ten="331,165,227,247" step="2"/><N who="1" m="27687" /><E66/><V112/><F112/><W50/><G19/><T108/><D108/><U45/><E84/><V34/><F118/><W111/><G111/><T120/><D120/><U102/><E45/><V42/><F34/><W75/><G35/><T65/><D65/><U14/><E14/><V72/><F72/><W13/><G32/><T127/><D127/><U68/><E68/><V90/><REACH who="2" step="1"/><F94/><AGARI ba="1,3" hai="2,7,10,59,60,64,86,88,93,94,96,97,99,103" machi="94" ten="30,3900,0" yaku="1,1,7,1,54,1,53,0" doraHai="78" doraHaiUra="117" who="0" fromWho="2" sc="331,72,165,0,227,-42,247,0" />
</Scene>
<Scene>
<INIT seed="2,0,0,2,2,36" ten="403,165,185,247" oya="2" hai0="15,79,123,116,131,74,10,33,44,76,62,127,35" hai1="66,24,20,78,1,93,80,14,89,63,86,126,83" hai2="108,29,72,3,117,100,65,91,103,31,111,38,124" hai3="60,49,51,112,54,55,87,94,40,133,118,23,67"/><V99/><F117/><W130/><G118/><T17/><D116/><U128/><E1/><V88/><F3/><W19/><G130/><T5/><D123/><U52/><E128/><V129/><F38/><W16/><G133/><T109/><D131/><U122/><E122/><V6/><F129/><W75/><G75/><T7/><D109/><N who="2" m="42058" /><F6/><W102/><G112/><T13/><D127/><U27/><E126/><V85/><F72/><W12/><G102/><N who="2" m="38953" /><F124/><W41/><G19/><T82/><D76/><U50/><E14/><V114/><F114/><W105/><G105/><T58/><D44/><U56/><E20/><V32/><F32/><W64/><G54/><T11/><REACH who="0" step="1"/><D17/><REACH who="0" ten="393,165,185,247" step="2"/><U18/><E18/><V70/><F99/><W73/><G73/><T134/><D134/><U39/><E39/><V43/><F43/><W21/><G41/><T115/><D115/><U110/><E110/><V42/><F42/><W68/><G40/><T26/><D26/><N who="1" m="9771" /><E78/><V46/><F46/><AGARI ba="0,1" hai="46,50,52,56,63,66,80,83,86,89,93" m="9771" machi="46" ten="30,2000,0" yaku="8,1,54,1" doraHai="36" who="1" fromWho="2" sc="393,0,165,30,185,-20,247,0" />
</Scene>
<Scene>
<INIT seed="3,0,0,0,4,107" ten="393,195,165,247" oya="3" hai0="96,95,87,24,125,38,60,124,20,15,120,83,45" hai1="0,5,42,101,91,64,74,16,18,98,115,135,51" hai2="32,28,122,47,36,112,29,63,90,78,27,76,61" hai3="132,94,66,7,9,54,70,129,131,114,8,110,75"/><W130/><G114/><T113/><D120/><U69/><E115/><V37/><F112/><W52/><G75/><T10/><D60/><U22/><E135/><V57/><F122/><W133/><G110/><T111/><D113/><U118/><E118/><V72/><F90/><W104/><G104/><T103/><D111/><U3/><E91/><V19/><F19/><W46/><G66/><T30/><D38/><U65/><E18/><V6/><F6/><W80/><G80/><T55/><D45/><U89/><E89/><V41/><F37/><W71/><G94/><T50/><D50/><U126/><E126/><N who="0" m="48745" /><D55/><N who="3" m="21033" /><G46/><T12/><D10/><N who="3" m="4201" /><G7/><T117/><D117/><U68/><E5/><V40/><F40/><W39/><G39/><T73/><D73/><U128/><E74/><V62/><F72/><W53/><G53/><T56/><D56/><U43/><E42/><V92/><F92/><W31/><G31/><T21/><D30/><U85/><E43/><V58/><F29/><W106/><G106/><T100/><D95/><U35/><E69/><AGARI ba="0,0" hai="69,70,71,129,130,131,132,133" m="4201,21033" machi="69" ten="40,12000,1" yaku="28,2,19,1,54,1" doraHai="107" who="3" fromWho="1" sc="393,0,195,-120,165,0,247,120" />
</Scene>
<Scene>
<INIT seed="3,1,0,4,3,78" ten="393,75,165,367" oya="3" hai0="52,32,17,63,113,69,92,35,131,0,112,39,94" hai1="58,59,74,28,30,49,8,43,122,125,64,11,9" hai2="55,85,75,53,110,77,103,117,1,61,102,36,81" hai3="29,87,15,24,98,38,123,56,105,80,90,109,93"/><W70/><G123/><T66/><D39/><U51/><E122/><V67/><F117/><W130/><G70/><T62/><D0/><U42/><E74/><V133/><F36/><W91/><G130/><T18/><D131/><U6/><E6/><V27/><F1/><W10/><G109/><T86/><D86/><U45/><E125/><V106/><F110/><W47/><G105/><T121/><D121/><U127/><E127/><V128/><F128/><W100/><G56/><N who="1" m="21546" /><E64/><V124/><F124/><W14/><G47/><T108/><D108/><U34/><E34/><V37/><F37/><W119/><G38/><T25/><D25/><U16/><E16/><V115/><F115/><W44/><G44/><T120/><D120/><U41/><E45/><V95/><F75/><W111/><G111/><T101/><D66/><U7/><E7/><V76/><F106/><W50/><G50/><AGARI ba="1,0" hai="8,9,11,28,30,41,42,43,49,50,51" m="21546" machi="50" ten="40,5200,0" yaku="28,2,8,1" doraHai="78" who="1" fromWho="3" sc="393,0,75,55,165,0,367,-55" />
</Scene>
<Scene>
<INIT seed="4,0,0,4,5,131" ten="393,130,165,312" oya="0" hai0="98,135,82,70,122,45,117,37,2,25,76,64,55" hai1="105,44,114,87,36,26,41,14,118,8,123,11,18" hai2="33,38,30,100,51,16,67,79,103,4,116,10,96" hai3="104,58,31,3,134,77,94,57,74,99,91,52,63"/><T80/><D122/><U54/><E123/><V35/><F38/><W43/><G3/><T83/><D117/><U93/><E118/><V115/><F116/><W75/><G104/><T20/><D2/><U7/><E105/><V50/><F115/><W1/><G1/><T29/><D98/><U86/><E114/><V39/><F39/><W32/><G43/><T19/><D70/><U66/><E66/><V129/><F129/><W127/><G127/><T125/><D64/><U12/><E93/><V42/><F67/><W13/><G77/><T24/><D125/><U60/><E60/><V68/><F68/><W62/><G134/><T97/><D97/><U133/><E133/><V21/><F79/><W109/><G109/><T81/><D135/><U49/><REACH who="1" step="1"/><E26/><REACH who="1" ten="393,120,165,312" step="2"/><N who="2" m="18647" /><F100/><W6/><G63/><T56/><D25/><U88/><E88/><V22/><F103/><W9/><G62/><N who="0" m="36127" /><D83/><U65/><E65/><V124/><F124/><W53/><G91/><T120/><D120/><U28/><E28/><V128/><F128/><W132/><G31/><T106/><D106/><U0/><E0/><V34/><F96/><W15/><G99/><T130/><D130/><U89/><E89/><V46/><F35/><W126/><G32/><T78/><D29/><U121/><E121/><V59/><F34/><W95/><G126/><T102/><D102/><U113/><E113/><V92/><F92/><W47/><G132/><T48/><D78/><U71/><E71/><V69/><F69/><W110/><G95/><T108/><D76/><U5/><E5/><V72/><F4/><W17/><G6/><RYUUKYOKU ba="0,1" sc="393,-10,120,30,165,-10,312,-10" hai1="7,8,11,12,14,18,36,41,44,49,54,86,87" />
</Scene>
<Scene>
<INIT seed="5,1,1,4,4,85" ten="383,150,155,302" oya="1" hai0="123,55,51,28,117,89,54,3,50,0,94,110,122" hai1="35,41,1,64,66,128,131,34,48,43,92,63,91" hai2="22,36,61,120,90,27,15,52,135,6,25,7,33" hai3="95,20,56,102,100,103,65,84,24,17,76,71,86"/><U40/><E1/><N who="0" m="585" /><D110/><U8/><E8/><V26/><F120/><N who="0" m="46122" /><D28/><U37/><E37/><V78/><F36/><W62/><G71/><T73/><D73/><U133/><E133/><V104/><F104/><W107/><G107/><T115/><D117/><U116/><E116/><V81/><F135/><W16/><G76/><T98/><D115/><U60/><E48/><AGARI ba="1,1" hai="48,50,51,54,55,89,94,98" m="46122,585" machi="48" ten="30,2000,0" yaku="13,1,52,1" doraHai="85" who="0" fromWho="1" sc="383,33,150,-23,155,0,302,0" />
</Scene>
<Scene>
<INIT seed="6,0,0,4,3,117" ten="416,127,155,302" oya="2" hai0="11,73,17,75,85,99,53,72,6,51,102,125,108" hai1="68,40,49,95,101,79,127,18,74,30,89,82,57" hai2="131,67,2,71,33,50,23,63,133,64,135,129,70" hai3="88,61,38,69,103,54,15,97,42,55,4,122,0"/><V118/><F33/><W84/><G0/><T52/><D108/><U13/><E127/><V20/><F2/><W105/><G122/><T98/><D125/><U47/><E68/><V9/><F9/><W22/><G38/><T60/><D17/><U80/><E80/><V128/><F118/><W90/><G42/><T10/><D85/><U121/><E121/><V5/><F5/><W78/><G78/><T62/><D51/><U116/><E116/><V111/><F111/><W93/><G4/><T87/><D87/><U132/><E132/><N who="2" m="50763" /><F50/><W48/><G90/><T1/><D11/><U77/><E77/><V19/><F19/><W16/><REACH who="3" step="1"/><G48/><REACH who="3" ten="416,127,155,292" step="2"/><T109/><D109/><U92/><E101/><V107/><F107/><W94/><G94/><T124/><D124/><U119/><E119/><V115/><F115/><W28/><G28/><T59/><D102/><U83/><E30/><V76/><F76/><W58/><G58/><AGARI ba="0,1" hai="1,6,10,52,53,58,59,60,62,72,73,75,98,99" machi="58" ten="40,2600,0" yaku="9,1,54,1" doraHai="117" who="0" fromWho="3" sc="416,36,127,0,155,0,292,-26" />
</Scene>
<Scene>
<INIT seed="7,0,0,3,0,46" ten="452,127,155,266" oya="3" hai0="68,107,106,132,49,77,44,52,25,18,34,104,89" hai1="16,27,109,26,20,3,36,1,94,29,75,76,103" hai2="122,22,40,120,39,135,92,112,48,47,100,69,23" hai3="45,96,67,121,21,54,60,14,8,118,2,87,130"/><W95/><G118/><T113/><D68/><U70/><E36/><V30/><F112/><W88/><G2/><T84/><D132/><U9/><E70/><V10/><F135/><W57/><G130/><T116/><D116/><U66/><E66/><V31/><F10/><W6/><G121/><N who="2" m="46697" /><F69/><W53/><G21/><N who="2" m="7689" /><F39/><W35/><G35/><T97/><D18/><U55/><E109/><V61/><F61/><W28/><G28/><T51/><D25/><U0/><E55/><V78/><F78/><W38/><G38/><T11/><D84/><U24/><E76/><V50/><F50/><N who="3" m="28879" /><G67/><T86/><D106/><U7/><E75/><V117/><F117/><W91/><G87/><T126/><D86/><U80/><E80/><V42/><F42/><W110/><G110/><T93/><D34/><N who="1" m="20775" /><E94/><V131/><F131/><W125/><G125/><T32/><D32/><U37/><E37/><V43/><F43/><W124/><G124/><T5/><D126/><U98/><E98/><AGARI ba="0,0" hai="30,31,40,47,48,92,98,100" m="7689,46697" machi="98" ten="30,2000,0" yaku="13,1,52,1" doraHai="46" who="2" fromWho="1" sc="452,0,127,-20,155,20,266,0" owari="452,54.0,107,-39.0,175,-22.0,266,7.0" />
</Scene>
</mjloggm>