<mjloggm ver="2.3"><GO type="97"/><UN n0="%74%65%72%61%34%34%32%33" n1="%E3%81%8A%E3%81%93%E3%82%93%E5%A7%89%E3%81%95%E3%82%93" n2="%E5%A4%AA%E3%81%8F%E3%81%AA%E3%81%84%E3%81%8A" n3="%E3%83%8E%E3%82%AD%E3%83%8E%E3%82%AD%E3%83%AD%E3%82%A2" dan="15,14,13,13" rate="1998,1911,1962,1885" sx="M,F,M,M"/><TAIKYOKU oya="0"/>

<Scene>
<INIT seed="0,0,0,3,2,53" ten="250,250,250,250" oya="0" hai0="79,64,89,77,57,65,121,30,49,103,11,36,26" hai1="125,20,5,135,93,18,8,27,84,2,44,116,67" hai2="97,52,35,55,117,73,100,28,19,60,122,1,119" hai3="41,86,13,45,98,99,113,90,120,59,104,80,111"/><T48/><D121/><U29/><E116/><N who="2" m="44619" /><F122/><W70/><G113/><T21/><D36/><U102/><E125/><V101/><F73/><W38/><G70/><T118/><D118/><U76/><E135/><V12/><F1/><W69/><G69/><T14/><D103/><N who="2" m="39498" /><F97/><W74/><G120/><T10/><D89/><U87/><E76/><N who="0" m="29257" /><D11/><U40/><E102/><V109/><F109/><W127/><G111/><T126/><D126/><U46/><E46/><V82/><F82/><W47/><G127/><T108/><D108/><U23/><E93/><V15/><F60/><W4/><G74/><T68/><D68/><U0/><E0/><V72/><F72/><W39/><G104/><T34/><D34/><U71/><E71/><V62/><F62/><W88/><G90/><T50/><D57/><U83/><E83/><V42/><F42/><W24/><G24/><T128/><D128/><U22/><E67/><V134/><F134/><W85/><G85/><T6/><AGARI ba="0,0" hai="6,10,14,21,26,30,48,49,50,64,65" m="29257" machi="6" ten="30,1500,0" yaku="8,1" doraHai="53" who="0" fromWho="0" sc="250,15,250,-5,250,-5,250,-5" />
</Scene>
<Scene>
<INIT seed="0,1,0,3,1,30" ten="265,245,245,245" oya="0" hai0="42,22,64,56,36,33,1,92,12,2,43,19,122" hai1="130,83,18,67,99,123,120,124,0,6,23,134,78" hai2="49,21,73,47,15,10,57,74,90,17,111,3,38" hai3="61,4,46,85,84,14,51,129,86,133,95,62,102"/><T16/><D122/><U28/><E130/><V101/><F111/><W45/><G129/><T116/><D116/><U5/><E124/><V77/><F101/><W103/><G133/><T58/><D33/><U115/><E134/><V114/><F114/><W121/><G121/><T48/><D36/><U106/><E115/><V69/><F69/><W9/><G46/><T125/><D125/><U135/><E135/><V32/><F32/><W70/><G70/><T89/><D64/><U37/><E28/><V27/><F3/><W39/><G39/><T60/><D60/><U40/><E67/><V94/><F57/><N who="0" m="22122" /><D1/><U8/><E6/><V118/><F38/><W20/><G20/><N who="0" m="11271" /><D48/><U26/><E99/><V87/><F77/><W66/><G66/><T55/><D55/><U107/><E120/><V80/><F118/><W81/><G81/><T128/><D128/><U112/><E112/><V54/><REACH who="2" step="1"/><F94/><REACH who="2" ten="265,245,235,245" step="2"/><W68/><G68/><T25/><D2/><U72/><E123/><V119/><F119/><W7/><G95/><T65/><D65/><U29/><E29/><AGARI ba="1,1" hai="10,15,17,21,27,29,47,49,54,73,74,80,87,90" machi="29" ten="30,7700,0" yaku="1,1,7,1,25,2,53,0" doraHai="30" doraHaiUra="52" who="2" fromWho="1" sc="265,0,245,-80,235,90,245,0" />
</Scene>
<Scene>
<INIT seed="1,0,0,1,4,26" ten="265,165,325,245" oya="1" hai0="3,104,61,0,82,120,88,22,52,63,106,29,112" hai1="108,99,1,49,113,48,70,68,67,98,111,56,25" hai2="5,31,40,76,79,32,33,109,59,130,37,103,128" hai3="57,86,35,27,65,97,20,69,12,121,19,129,93"/><U75/><E113/><V62/><F109/><N who="1" m="42057" /><E1/><V102/><F5/><W43/><G121/><T131/><D112/><U124/><E75/><V127/><F127/><W15/><G69/><N who="1" m="26730" /><E124/><V116/><F116/><W41/><G35/><T125/><D120/><U39/><E39/><V9/><F9/><W10/><G15/><T74/><D74/><U2/><E2/><V45/><F79/><W94/><G129/><N who="2" m="49769" /><F76/><W84/><G65/><T132/><D131/><U7/><E7/><V55/><F33/><W42/><G57/><T30/><D125/><U21/><E67/><V16/><F16/><N who="3" m="12679" /><G94/><T100/><D82/><U8/><E8/><V17/><F17/><W38/><G38/><T78/><D78/><U66/><E66/><V107/><F107/><W23/><G10/><T92/><D92/><U83/><E83/><V6/><F6/><W46/><G46/><T90/><D22/><U85/><E85/><V114/><F114/><W87/><G87/><T18/><D18/><N who="1" m="12471" /><E56/><V53/><F32/><W133/><G133/><T44/><D132/><U47/><E47/><V105/><F105/><W135/><G135/><T11/><D44/><U134/><E134/><V91/><F45/><W119/><G119/><T126/><D11/><U73/><E73/><V89/><F37/><W72/><G72/><T58/><D126/><U24/><E24/><V51/><F59/><W14/><G14/><T50/><D58/><U28/><E28/><V60/><F31/><W34/><G34/><T77/><D3/><U118/><E118/><V123/><F123/><W95/><G95/><T81/><D0/><RYUUKYOKU ba="0,0" sc="265,-15,165,15,325,-15,245,15" hai1="48,49,98,99" hai3="12,19,23,41,42,43,84,86,93,97" />
</Scene>
<Scene>
<INIT seed="1,1,0,1,4,12" ten="250,180,310,260" oya="1" hai0="21,135,41,5,38,37,112,62,84,123,63,125,131" hai1="24,43,110,117,17,114,103,60,58,83,44,74,42" hai2="96,30,54,91,57,81,51,7,116,20,10,67,31" hai3="82,19,16,106,4,130,79,46,1,89,40,128,95"/><U108/><E117/><V32/><F32/><W118/><G106/><T22/><D5/><U47/><E114/><V87/><F116/><W45/><G118/><T68/><D68/><U120/><E120/><V66/><F96/><W6/><G1/><T121/><D41/><N who="1" m="15371" /><E103/><V85/><F85/><W101/><G101/><T76/><D84/><U3/><E3/><V39/><F39/><W14/><G14/><T134/><D76/><U15/><E24/><N who="2" m="16647" /><F31/><W86/><G6/><T127/><REACH who="0" step="1"/><D131/><REACH who="0" ten="240,180,310,260" step="2"/><N who="3" m="50217" /><G4/><T80/><D80/><U8/><E83/><V65/><F7/><W94/><G94/><T75/><D75/><U90/><E74/><V92/><F81/><W34/><G34/><T50/><D50/><U56/><E90/><V77/><F77/><W93/><G93/><T113/><AGARI ba="1,1" hai="21,22,37,38,62,63,112,113,121,123,125,127,134,135" machi="113" ten="25,12000,2" yaku="1,1,0,1,22,2,53,2" doraHai="12" doraHaiUra="69" who="0" fromWho="0" sc="240,133,180,-61,310,-31,260,-31" />
</Scene>
<Scene>
<INIT seed="2,0,0,2,5,111" ten="373,119,279,229" oya="2" hai0="95,134,19,129,83,23,114,135,34,30,87,110,22" hai1="37,71,0,128,18,4,130,76,69,20,51,105,59" hai2="97,68,66,57,54,14,116,9,70,13,92,6,32" hai3="16,25,109,62,101,46,75,11,45,5,60,102,27"/><V132/><F116/><W50/><G75/><T33/><D95/><U35/><E105/><V90/><F32/><W42/><G109/><T127/><D110/><U98/><E35/><V93/><F132/><N who="0" m="50730" /><D127/><U10/><E37/><V112/><F66/><W85/><G85/><T104/><D104/><U73/><E98/><V39/><F39/><W77/><G77/><T61/><D129/><U123/><E123/><V125/><F125/><W108/><G108/><T89/><D114/><U81/><E59/><V40/><F40/><W79/><G79/><T84/><D87/><U36/><E51/><V8/><F93/><W49/><G5/><T7/><D7/><U58/><E58/><V24/><F24/><W44/><G11/><T99/><D99/><U72/><E72/><V26/><F26/><W52/><G45/><T21/><D61/><N who="3" m="23657" /><G27/><N who="0" m="18655" /><D34/><U47/><E18/><AGARI ba="0,0" hai="18,19,21,22,23,83,84,89" m="18655,50730" machi="18" ten="30,1000,0" yaku="20,1" doraHai="111" who="0" fromWho="1" sc="373,10,119,-10,279,0,229,0" />
</Scene>
<Scene>
<INIT seed="3,0,0,2,4,83" ten="383,109,279,229" oya="3" hai0="114,51,34,64,15,60,119,29,67,55,8,45,109" hai1="97,35,14,36,121,112,128,9,58,53,24,33,75" hai2="65,108,127,71,3,107,13,74,135,50,134,132,102" hai3="106,59,115,31,104,1,78,124,117,93,130,86,0"/><W30/><G117/><T2/><D119/><U90/><E121/><V20/><F108/><W116/><G116/><T62/><D109/><U89/><E112/><V28/><F127/><W100/><G115/><T12/><D114/><U54/><E36/><V118/><F118/><W98/><G124/><T79/><D2/><U133/><E128/><V73/><F3/><W92/><G130/><T57/><D34/><U37/><E37/><V77/><F77/><W22/><G59/><N who="0" m="36895" /><D79/><U99/><E75/><V66/><F50/><W82/><G22/><T47/><D29/><U103/><E133/><V76/><F76/><W126/><G126/><T21/><D21/><U88/><E24/><N who="2" m="16391" /><F13/><N who="0" m="5194" /><D8/><U105/><E97/><N who="2" m="61903" /><F71/><W123/><G123/><T85/><D85/><U42/><E42/><V41/><F41/><W16/><G16/><T110/><D110/><U72/><E72/><AGARI ba="0,0" hai="65,66,72,73,74,132,134,135" m="61903,16391" machi="72" ten="40,1300,0" yaku="20,1" doraHai="83" who="2" fromWho="1" sc="383,0,109,-13,279,13,229,0" owari="383,48.0,96,-40.0,292,9.0,229,-17.0" />
</Scene>
</mjloggm>