<mjloggm ver="2.3"><GO type="41"/><UN n0="%43%6F%75%34%31" n1="%E9%A2%A8%E9%9B%B2" n2="%6E%6F%72%69%73%69%6F" n3="%E5%A4%AA%E3%81%8F%E3%81%AA%E3%81%84%E3%81%8A" dan="13,14,15,15" rate="1816,1931,2018,2047" sx="M,M,M,M"/><TAIKYOKU oya="0"/><BYE who="1" />

<Scene>
<INIT seed="0,0,0,1,1,48" ten="250,250,250,250" oya="0" hai0="70,107,35,79,99,109,7,126,53,72,116,52,11" hai1="39,49,81,106,51,50,46,64,24,124,132,62,16" hai2="18,83,3,113,78,89,71,4,20,85,115,10,117" hai3="100,98,121,131,112,127,28,88,15,42,59,47,75"/><T102/><BYE who="3" /><D116/><UN n1="%E9%A2%A8%E9%9B%B2" /><U41/><E41/><V111/><BYE who="1" /><F117/><UN n1="%E9%A2%A8%E9%9B%B2" /><W33/><G33/><T25/><D70/><U8/><E106/><V0/><F111/><W17/><G17/><T57/><D109/><U27/><E132/><V14/><F71/><W21/><G21/><T19/><D126/><U12/><E124/><V122/><F122/><W36/><G36/><T119/><D119/><U31/><E39/><V40/><F0/><UN n3="%E5%A4%AA%E3%81%8F%E3%81%AA%E3%81%84%E3%81%8A" /><W135/><G75/><T114/><D114/><U90/><E31/><V130/><F130/><W77/><G77/><T87/><D72/><U120/><E120/><V134/><F134/><W103/><G127/><T67/><D67/><U123/><E123/><V74/><REACH who="2" step="1"/><F40/><REACH who="2" ten="250,250,240,250" step="2"/><W92/><G42/><T6/><D107/><U26/><E46/><V43/><F43/><W58/><G47/><T13/><D35/><U45/><E45/><V82/><AGARI ba="0,1" hai="3,4,10,14,18,20,74,78,82,83,85,89,113,115" machi="82" ten="20,2700,0" yaku="1,1,0,1,7,1,53,0" doraHai="48" doraHaiUra="23" who="2" fromWho="2" sc="250,-13,250,-7,240,37,250,-7" />
</Scene>
<Scene>
<INIT seed="1,0,0,4,0,64" ten="237,243,277,243" oya="1" hai0="38,83,114,93,115,79,60,65,129,84,24,121,117" hai1="108,122,2,78,13,52,70,69,77,29,116,19,67" hai2="103,51,9,130,105,61,53,14,81,109,86,96,35" hai3="7,43,55,102,107,125,23,128,82,126,36,71,45"/><U85/><E2/><V28/><F109/><W54/><G7/><T56/><D38/><U1/><E1/><V3/><F3/><W135/><G82/><T16/><D117/><U49/><E116/><V50/><F130/><W91/><G91/><T40/><D129/><U6/><E6/><V98/><F98/><N who="3" m="61911" /><G128/><T106/><D40/><U104/><E104/><V34/><F50/><W57/><G135/><T97/><D106/><U90/><E122/><V73/><F28/><W30/><G57/><T47/><D47/><U63/><E29/><V33/><F61/><W110/><G110/><T72/><D121/><U101/><E101/><V111/><F73/><W76/><G76/><T88/><D72/><U46/><E70/><V134/><F134/><W94/><G94/><T31/><REACH who="0" step="1"/><D16/><REACH who="0" ten="227,243,277,243" step="2"/><U18/><E18/><V15/><F111/><W58/><G45/><T87/><D87/><U32/><E108/><V12/><F86/><W133/><G43/><T89/><D89/><U92/><REACH who="1" step="1"/><E32/><AGARI ba="0,1" hai="24,31,32,56,60,65,79,83,84,88,93,97,114,115" machi="32" ten="30,3900,0" yaku="1,1,7,1,54,1,53,0" doraHai="64" doraHaiUra="17" who="0" fromWho="1" sc="227,49,243,-39,277,0,243,0" />
</Scene>
<Scene>
<INIT seed="2,0,0,1,0,36" ten="276,204,277,243" oya="2" hai0="118,16,126,73,69,134,125,65,115,7,85,0,88" hai1="5,109,35,64,18,47,76,130,53,27,119,86,45" hai2="108,75,33,31,63,112,51,8,52,49,91,50,104" hai3="29,61,17,55,81,135,34,14,105,66,54,37,38"/><V83/><F112/><W79/><G105/><T26/><D115/><U24/><E119/><V58/><F104/><W32/><G135/><T103/><D118/><U107/><E107/><V9/><F108/><W6/><G6/><T96/><D134/><U59/><E109/><V127/><F127/><N who="0" m="48650" /><D73/><U129/><E64/><V102/><F102/><W98/><G98/><T56/><D69/><U21/><E5/><V123/><F123/><W71/><G38/><T116/><D116/><U67/><E67/><V20/><F33/><W110/><G37/><T100/><D0/><U94/><E35/><V128/><F128/><W57/><G110/><T12/><D7/><U39/><E27/><N who="2" m="16871" /><F75/><W42/><G29/><T80/><D26/><U15/><E24/><V131/><F131/><N who="1" m="50185" /><E39/><V133/><F133/><W90/><G34/><T68/><D68/><U60/><E76/><V48/><N who="2" m="12288" /><DORA hai="113" /><V87/><AGARI ba="0,0" hai="8,9,52,58,63,83,87,91" m="12288,16871" machi="87" ten="40,7800,0" yaku="4,1,8,1,54,1" doraHai="36,113" who="2" fromWho="2" sc="276,-26,204,-26,277,78,243,-26" />
</Scene>
<Scene>
<INIT seed="2,1,0,4,5,132" ten="250,178,355,217" oya="2" hai0="49,47,124,45,67,72,12,75,37,128,59,100,28" hai1="8,99,17,83,10,31,116,127,46,117,61,51,34" hai2="60,105,91,95,38,48,65,74,19,43,58,104,44" hai3="16,55,7,76,32,4,80,53,41,130,94,135,87"/><V106/><F74/><W73/><G32/><T29/><D100/><U129/><E129/><V112/><F112/><W126/><G135/><T90/><D128/><U21/><E34/><V93/><F19/><W11/><G130/><T134/><D134/><U52/><E31/><V114/><F114/><W133/><G133/><T26/><D37/><U3/><E83/><V81/><F81/><W18/><G41/><T77/><D124/><U86/><E86/><V131/><F131/><W54/><G126/><T23/><D75/><U39/><E127/><V33/><F33/><W22/><G22/><T25/><D72/><U102/><E39/><V79/><F79/><W101/><G73/><T121/><D121/><U84/><E84/><V115/><F115/><W50/><G50/><T56/><D77/><U78/><E78/><V66/><F38/><W88/><G76/><T120/><D120/><U62/><E117/><V14/><F14/><N who="3" m="5503" /><G4/><T110/><D110/><U103/><E116/><V2/><F2/><W13/><G13/><T96/><D12/><U68/><E103/><V113/><F113/><W9/><G9/><N who="1" m="3690" /><E3/><V5/><F5/><W92/><G80/><T1/><D1/><U40/><E68/><V63/><REACH who="2" step="1"/><F91/><REACH who="2" ten="250,178,345,217" step="2"/><N who="3" m="53375" /><G101/><T89/><D90/><U24/><E102/><V97/><F97/><AGARI ba="1,1" hai="16,18,53,54,55,88,94,97" m="53375,5503" machi="97" ten="30,3900,0" yaku="8,1,54,2" doraHai="132" who="3" fromWho="2" sc="250,0,178,0,345,-42,217,52" />
</Scene>
<Scene>
<INIT seed="3,0,0,2,5,11" ten="250,178,303,269" oya="3" hai0="49,89,85,42,105,116,134,73,133,38,12,59,57" hai1="68,130,110,135,118,52,55,27,121,10,2,8,104" hai2="131,6,60,82,44,56,123,32,41,58,67,119,51" hai3="13,72,61,115,29,122,107,30,108,91,33,103,120"/><W100/><G115/><T106/><D116/><U92/><E104/><V112/><F119/><W48/><G72/><T111/><D111/><U71/><E118/><V24/><F123/><W54/><G61/><T113/><D73/><U77/><E121/><V7/><F112/><W126/><G107/><T65/><D113/><U124/><E110/><V3/><F131/><W129/><G108/><T1/><D1/><U5/><E130/><V53/><F3/><W14/><G129/><T63/><D38/><U43/><E43/><V99/><F99/><W76/><G76/><T86/><D86/><U95/><E77/><V96/><F96/><W94/><G33/><T98/><D98/><U37/><E37/><V17/><F82/><W79/><G79/><T102/><D102/><N who="3" m="38953" /><G122/><T40/><D12/><N who="3" m="4713" /><G120/><T0/><D0/><U90/><E2/><V117/><F117/><W70/><G70/><T46/><D42/><U34/><E34/><V78/><F78/><W47/><G126/><T16/><D106/><U50/><E124/><V36/><F32/><W21/><G21/><T26/><D105/><U132/><E68/><V19/><F36/><W15/><N who="3" m="4721" /><W109/><DORA hai="9" /><G109/><T87/><D63/><U62/><E62/><V127/><F60/><W74/><G74/><T31/><D65/><U20/><E71/><V83/><F67/><W64/><G64/><T81/><D81/><U18/><E20/><V84/><F83/><W23/><G23/><T93/><D31/><U66/><E66/><V128/><F127/><W4/><G4/><T80/><D80/><U75/><E75/><RYUUKYOKU ba="0,0" sc="250,-10,178,-10,303,-10,269,30" hai3="29,30,47,48,54,91,94" />
</Scene>
<Scene>
<INIT seed="3,1,0,3,3,125" ten="240,168,293,299" oya="3" hai0="11,44,89,73,58,132,76,110,46,120,51,105,39" hai1="48,9,34,20,85,77,40,7,86,116,21,98,38" hai2="63,133,54,22,81,118,67,8,31,6,87,129,121" hai3="93,0,66,109,75,59,71,126,64,127,55,114,90"/><W42/><G0/><T4/><D120/><U74/><E34/><V50/><F118/><W97/><G75/><T135/><D105/><U134/><E116/><V91/><F121/><W52/><G114/><T100/><D100/><U32/><E32/><V103/><F103/><W72/><G72/><T56/><D39/><U117/><E117/><V128/><F133/><N who="0" m="51274" /><D110/><U57/><E134/><V14/><F31/><W19/><G109/><T25/><D25/><U112/><E112/><V49/><F22/><W124/><G42/><T3/><D89/><U5/><E38/><V123/><F123/><W92/><G71/><T60/><D73/><U131/><E74/><V95/><F81/><W2/><G2/><T27/><D76/><U37/><E37/><V29/><F29/><W61/><G19/><T18/><D27/><U82/><E5/><V62/><F62/><W94/><REACH who="3" step="1"/><G55/><REACH who="3" ten="240,168,293,289" step="2"/><N who="0" m="31871" /><D18/><U130/><E40/><V96/><F54/><AGARI ba="1,1" hai="3,4,11,44,46,54,58,60" m="31871,51274" machi="54" ten="30,1000,0" yaku="20,1" doraHai="125" who="0" fromWho="2" sc="240,23,168,0,293,-13,289,0" />
</Scene>
<Scene>
<INIT seed="4,0,0,0,5,132" ten="263,168,280,289" oya="0" hai0="90,91,105,37,42,114,122,65,112,53,104,87,92" hai1="32,124,70,62,83,41,113,43,44,131,97,17,2" hai2="111,68,118,121,130,96,19,13,94,100,26,39,1" hai3="49,29,23,80,59,50,20,51,7,128,56,86,134"/><T63/><D122/><U22/><E32/><V84/><F121/><W76/><G134/><T116/><D116/><U103/><E131/><V74/><F130/><W75/><G128/><T3/><D3/><U38/><E2/><V73/><F1/><W107/><G107/><T5/><D5/><U93/><E43/><V78/><F68/><W82/><G7/><T119/><D119/><U99/><E113/><N who="0" m="43625" /><D37/><U25/><E83/><V21/><F39/><W126/><G126/><T24/><D42/><U47/><E47/><V11/><F111/><W55/><G29/><T48/><D24/><U110/><E110/><V0/><F0/><W28/><G28/><T54/><D91/><U106/><E70/><V16/><REACH who="2" step="1"/><F118/><REACH who="2" ten="263,168,270,289" step="2"/><W69/><G69/><T135/><D135/><U79/><E79/><V58/><F58/><W109/><G109/><T45/><D54/><U85/><E62/><V57/><F57/><AGARI ba="0,1" hai="45,48,53,57,63,65,87,90,92,104,105" m="43625" machi="57" ten="30,1500,0" yaku="15,1" doraHai="132" who="0" fromWho="2" sc="263,25,168,0,270,-15,289,0" />
</Scene>
<Scene>
<INIT seed="4,1,0,1,0,79" ten="288,168,255,289" oya="0" hai0="39,121,130,58,65,49,34,83,27,95,56,64,42" hai1="84,87,113,25,112,73,98,14,71,96,52,31,120" hai2="60,106,35,3,97,132,47,68,94,75,7,123,45" hai3="134,37,78,51,114,38,69,4,77,18,43,105,110"/><T13/><D121/><U1/><E1/><V93/><F123/><W80/><G110/><T20/><D130/><U116/><E71/><V59/><F35/><W21/><G69/><T128/><D128/><U12/><E73/><V10/><F68/><W6/><G105/><T41/><D34/><U91/><E116/><V2/><F2/><W111/><G111/><T88/><D83/><N who="1" m="49567" /><E120/><V24/><F132/><W118/><G118/><T63/><D13/><U23/><E87/><V89/><F24/><W30/><G30/><N who="0" m="17767" /><D39/><U17/><E12/><V57/><F75/><W67/><G134/><T50/><D58/><U101/><E101/><V115/><F57/><W129/><G129/><T90/><D90/><U81/><E81/><V61/><F106/><W0/><G0/><T117/><D117/><U82/><E82/><V72/><F72/><W62/><G80/><T119/><D119/><U104/><E104/><V107/><F107/><W55/><G37/><T22/><D65/><U70/><E70/><V108/><F108/><W100/><G67/><T126/><D126/><U5/><E5/><V29/><F29/><W131/><G4/><T54/><D22/><N who="1" m="15799" /><E52/><V26/><F7/><W127/><G6/><T133/><D133/><U28/><E28/><V92/><F3/><W124/><G124/><T85/><D64/><U36/><E36/><V19/><F59/><W135/><G127/><T8/><D8/><U46/><E46/><V40/><F10/><W103/><G131/><T11/><D11/><U16/><E17/><V53/><F19/><W122/><G135/><T33/><D33/><RYUUKYOKU ba="1,0" sc="288,15,168,15,255,-15,289,-15" hai0="41,42,49,50,54,56,63,85,88,95" hai1="14,16,23,96,98,112,113" />
</Scene>
<Scene>
<INIT seed="4,2,0,0,0,48" ten="303,183,240,274" oya="0" hai0="134,46,87,73,16,27,120,117,130,103,49,115,45" hai1="114,51,25,5,50,41,42,83,32,97,28,21,123" hai2="133,24,96,118,126,29,39,98,15,92,43,113,34" hai3="20,33,122,54,56,112,9,102,59,76,80,106,91"/><T119/><D120/><U58/><E123/><V55/><F118/><W14/><G122/><T35/><D115/><U67/><E114/><V104/><F113/><W37/><G33/><T77/><D73/><U95/><E32/><V65/><F65/><W121/><G121/><T132/><D103/><U47/><E5/><V1/><F1/><W108/><G112/><T93/><D130/><U75/><E75/><V30/><F30/><W26/><G37/><T129/><D129/><U17/><E83/><V53/><F104/><W13/><G108/><T12/><D27/><U86/><E86/><V40/><F133/><N who="0" m="51306" /><D35/><U82/><E82/><V18/><F126/><W36/><G36/><T72/><D72/><U62/><E28/><V100/><F98/><W124/><G124/><T107/><D107/><U57/><E57/><V64/><F64/><W81/><G102/><T90/><D77/><U105/><E105/><V7/><F7/><W0/><G0/><T66/><D66/><U69/><E69/><V110/><F110/><W22/><G106/><T3/><D3/><U2/><E2/><V89/><F100/><W101/><G101/><T109/><D109/><U71/><E71/><V8/><REACH who="2" step="1"/><F39/><REACH who="2" ten="303,183,230,274" step="2"/><W61/><G76/><T11/><D119/><U74/><E74/><V116/><F116/><W88/><G91/><T19/><D117/><U79/><E79/><V99/><F99/><W85/><G88/><T60/><D90/><N who="1" m="55543" /><E42/><AGARI ba="2,1" hai="8,15,18,24,29,34,40,42,43,53,55,89,92,96" machi="42" ten="40,5200,0" yaku="1,1,52,2,53,0" doraHai="48" doraHaiUra="131" who="2" fromWho="1" sc="303,0,183,-58,230,68,274,0" />
</Scene>
<Scene>
<INIT seed="5,0,0,4,0,28" ten="303,125,298,274" oya="1" hai0="10,127,11,44,12,105,100,39,24,3,23,41,134" hai1="71,90,34,84,112,5,82,119,15,64,61,91,98" hai2="121,31,67,88,59,38,116,45,29,33,124,46,37" hai3="8,107,52,113,89,62,63,85,81,19,130,106,20"/><U60/><E34/><V68/><F116/><W72/><G72/><T109/><D109/><U49/><E119/><V14/><F121/><W65/><G113/><T56/><D134/><U66/><E112/><V58/><F68/><W94/><G130/><T96/><D127/><U48/><E5/><V35/><F14/><W86/><G8/><T74/><D74/><U50/><E15/><V42/><F88/><W22/><G63/><T4/><D56/><U135/><E135/><V55/><F55/><W53/><G107/><T132/><D132/><U0/><E0/><V129/><F67/><W25/><G106/><T75/><D75/><U118/><E118/><V108/><F108/><W77/><REACH who="3" step="1"/><G22/><REACH who="3" ten="303,125,298,264" step="2"/><T76/><D10/><U17/><E17/><V128/><F124/><W83/><G83/><T110/><D110/><U13/><E13/><V122/><F122/><W80/><G80/><T21/><D12/><U93/><E71/><AGARI ba="0,1" hai="19,20,25,52,53,62,65,71,77,81,85,86,89,94" machi="71" ten="30,7700,0" yaku="1,1,7,1,54,1,53,1" doraHai="28" doraHaiUra="18" who="3" fromWho="1" sc="303,0,125,-77,298,0,264,87" />
</Scene>
<Scene>
<INIT seed="6,0,0,1,4,95" ten="303,48,298,351" oya="2" hai0="53,19,83,38,91,71,94,128,101,77,80,105,14" hai1="47,10,11,30,32,44,76,51,75,113,29,125,43" hai2="87,124,52,98,0,122,92,84,15,20,48,117,31" hai3="37,133,33,63,13,23,42,4,74,104,58,123,86"/><V8/><F122/><W106/><G74/><T69/><D38/><U79/><E79/><V120/><BYE who="1" /><F117/><W27/><G123/><T39/><D39/><U102/><E102/><N who="2" m="60743" /><F0/><W73/><G73/><T66/><D128/><U97/><E97/><V2/><F2/><W115/><G115/><T50/><D80/><U54/><E54/><V72/><F72/><W99/><G33/><T89/><D89/><U9/><E9/><V119/><F119/><W121/><G121/><T57/><D66/><U62/><E62/><V6/><F120/><W16/><G133/><T41/><D41/><U56/><E56/><N who="2" m="32775" /><F124/><W24/><G37/><T12/><D71/><U111/><E111/><V114/><F114/><W67/><G42/><T112/><D112/><U109/><E109/><V93/><F93/><W135/><G135/><T7/><D69/><U65/><E65/><V46/><F46/><W82/><G99/><T81/><D105/><U134/><E134/><V34/><F34/><W18/><G4/><T127/><D127/><U129/><E129/><V126/><F126/><W100/><G100/><T132/><D132/><U40/><E40/><V60/><F60/><W35/><G35/><T85/><D7/><U3/><E3/><V5/><F5/><W22/><REACH who="3" step="1"/><G13/><REACH who="3" ten="303,48,298,341" step="2"/><T59/><D101/><U1/><E1/><V90/><F90/><AGARI ba="0,1" hai="16,18,22,23,24,27,58,63,67,82,86,90,104,106" machi="90" ten="30,8000,1" yaku="1,1,2,1,7,1,9,1,54,1,53,0" doraHai="95" doraHaiUra="107" who="3" fromWho="2" sc="303,0,48,0,298,-80,341,90" />
</Scene>
<Scene>
<INIT seed="7,0,0,4,0,55" ten="303,48,218,431" oya="3" hai0="107,43,13,70,124,132,56,1,91,76,109,48,65" hai1="27,95,62,78,99,46,112,94,25,17,92,0,64" hai2="121,23,9,3,118,2,135,105,72,36,58,129,108" hai3="6,5,97,63,110,93,86,34,68,74,103,26,123"/><W134/><G123/><T60/><D109/><U119/><E119/><V49/><F58/><W19/><G74/><T35/><D35/><U75/><E75/><V30/><F49/><W7/><G110/><T66/><D107/><U98/><E98/><V52/><F52/><W120/><G120/><T53/><D1/><U130/><E130/><V127/><F30/><W116/><G116/><T81/><D91/><U84/><E84/><V106/><F23/><W38/><G38/><T54/><D132/><U33/><E33/><V96/><F9/><W42/><G134/><T89/><D89/><U113/><E113/><V67/><F96/><W47/><G86/><T22/><D22/><U31/><E31/><V111/><F67/><W21/><G34/><T79/><D13/><U12/><E12/><V8/><F8/><W20/><G20/><T41/><D81/><U28/><E28/><V73/><F73/><W69/><G63/><N who="0" m="40255" /><D79/><U102/><E102/><V45/><F45/><W59/><G103/><T32/><D76/><U39/><E39/><V131/><F131/><W18/><G6/><T11/><D124/><U29/><E29/><V85/><F106/><W101/><G7/><T15/><D11/><U125/><E125/><V16/><F85/><W88/><G21/><T57/><D15/><U51/><E51/><V128/><F128/><W82/><G5/><T37/><D32/><U87/><E87/><V44/><F127/><W71/><G88/><T117/><D117/><U122/><E122/><V80/><F129/><W50/><G82/><T4/><D37/><U24/><E24/><RYUUKYOKU ba="0,0" sc="303,0,48,0,218,0,431,0" owari="303,10.0,48,-45.0,218,-18.0,431,53.0" />
</Scene>
</mjloggm>