<mjloggm ver="2.3"><GO type="97"/><UN n0="%28%2F%D0%B4%EF%BC%BC%2A%29" n1="%E3%82%A4%E3%82%BA%E3%83%9F%E3%83%B3" n2="%E5%A4%AA%E3%81%8F%E3%81%AA%E3%81%84%E3%81%8A" n3="%E7%99%BE%E8%89%B2%E7%9C%BC%E9%8F%A1" dan="15,15,13,13" rate="1984,1951,1970,1823" sx="F,M,M,M"/><TAIKYOKU oya="0"/>

<Scene>
<INIT seed="0,0,0,0,5,27" ten="250,250,250,250" oya="0" hai0="102,46,4,91,7,104,55,57,73,35,90,83,28" hai1="16,103,129,23,121,81,69,54,24,74,50,8,53" hai2="64,77,68,120,11,63,14,31,78,37,86,125,41" hai3="93,26,34,45,59,100,131,124,0,134,52,76,94"/><T97/><BYE who="1" /><D35/><U98/><E98/><V49/><F120/><W75/><G0/><T2/><D28/><U61/><E61/><V20/><F125/><W118/><G124/><T113/><D113/><U71/><E71/><V42/><F37/><W19/><G118/><T60/><D2/><U89/><E89/><V51/><F51/><W116/><G75/><T92/><D46/><U62/><E62/><V32/><F32/><W38/><G116/><T30/><D30/><U99/><E99/><V36/><F36/><W117/><G76/><N who="0" m="44431" /><D91/><U115/><E115/><V96/><F96/><W95/><G117/><T65/><D65/><U84/><E84/><AGARI ba="0,0" hai="4,7,55,57,60,84,90,92,97,102,104" m="44431" machi="84" ten="30,1500,0" yaku="24,1" doraHai="27" who="0" fromWho="1" sc="250,15,250,-15,250,0,250,0" />
</Scene>
<Scene>
<INIT seed="0,1,0,4,0,104" ten="265,235,250,250" oya="0" hai0="55,97,27,14,95,50,89,40,133,66,110,34,86" hai1="19,2,106,120,42,123,12,39,70,84,91,29,77" hai2="83,52,72,135,56,69,116,33,101,99,26,25,100" hai3="88,43,31,58,44,59,82,107,74,61,64,16,15"/><T10/><D133/><U41/><E41/><V92/><F69/><W36/><G107/><T38/><D38/><U8/><E8/><V132/><F116/><W54/><G31/><T108/><D66/><U125/><E125/><V121/><F121/><W5/><G5/><T81/><D40/><U37/><E37/><V7/><F7/><W1/><G1/><T109/><D27/><U115/><E115/><V48/><F101/><UN n1="%E3%82%A4%E3%82%BA%E3%83%9F%E3%83%B3" /><W122/><G122/><T79/><D34/><U128/><E128/><V105/><F105/><W23/><G54/><T28/><D28/><U126/><E19/><V96/><F96/><W111/><G111/><T60/><D60/><U65/><E12/><V24/><REACH who="2" step="1"/><F33/><REACH who="2" ten="265,235,240,250" step="2"/><W11/><G11/><T6/><D55/><U71/><E70/><V35/><F35/><W32/><G32/><T118/><D118/><U30/><E71/><V73/><F73/><W51/><G74/><N who="0" m="43255" /><D50/><U62/><E106/><V76/><AGARI ba="1,1" hai="24,25,26,48,52,56,72,76,83,92,99,100,132,135" machi="76" ten="30,8000,1" yaku="1,1,0,1,52,1,54,1,53,1" doraHai="104" doraHaiUra="47" who="2" fromWho="2" sc="265,-41,235,-21,240,93,250,-21" />
</Scene>
<Scene>
<INIT seed="1,0,0,2,4,73" ten="224,214,333,229" oya="1" hai0="68,46,54,1,132,117,35,104,77,93,105,75,65" hai1="98,61,3,99,106,64,60,114,7,45,115,8,91" hai2="70,51,18,78,134,122,119,113,92,81,129,36,50" hai3="15,85,118,24,127,131,116,125,42,88,135,121,87"/><U23/><E106/><V29/><F122/><W109/><G42/><T112/><D112/><U6/><E6/><V9/><F119/><N who="3" m="45611" /><G15/><T39/><D93/><U27/><E60/><V89/><F36/><W120/><G24/><T83/><D54/><U20/><E20/><V4/><F70/><W80/><G135/><T47/><D47/><U58/><E45/><V126/><F134/><W2/><G2/><T107/><D132/><U130/><E130/><V76/><F29/><W43/><G43/><N who="0" m="22911" /><D117/><U30/><REACH who="1" step="1"/><E91/><REACH who="1" ten="224,204,333,229" step="2"/><V57/><F89/><N who="3" m="51367" /><G131/><T67/><D67/><U71/><E71/><V26/><F4/><W28/><G28/><T74/><D35/><U53/><E53/><V84/><F129/><W62/><G62/><N who="0" m="39991" /><D1/><U16/><E16/><V59/><F18/><W94/><G109/><T102/><D74/><U33/><E33/><V34/><F34/><W69/><G69/><T97/><AGARI ba="0,1" hai="75,77,83,97,102,104,105,107" m="39991,22911" machi="97" ten="30,4000,0" yaku="33,2,52,1" doraHai="73" who="0" fromWho="0" sc="224,50,204,-20,333,-10,229,-10" />
</Scene>
<Scene>
<INIT seed="2,0,0,1,5,96" ten="274,184,323,219" oya="2" hai0="130,72,16,55,93,25,103,9,133,54,95,106,61" hai1="70,128,67,23,119,100,3,125,46,107,26,59,12" hai2="120,82,134,31,135,97,101,65,85,39,129,91,110" hai3="115,11,64,132,57,18,109,69,84,53,8,30,1"/><V99/><F39/><W122/><G84/><T42/><D72/><U78/><E3/><V124/><F31/><W0/><G122/><T15/><D130/><U7/><E128/><V98/><F129/><W131/><G69/><T104/><D42/><U86/><E70/><V47/><F65/><W81/><G131/><T127/><D127/><U63/><E125/><V52/><F124/><W44/><G81/><T22/><D106/><U105/><E119/><V58/><F120/><W28/><G64/><T36/><D36/><U33/><E33/><V116/><F116/><W21/><G44/><T108/><D108/><U92/><E46/><V45/><F110/><W73/><G109/><T14/><D133/><N who="2" m="50698" /><F101/><W2/><G132/><T66/><D104/><U49/><E49/><AGARI ba="0,0" hai="45,47,49,52,58,82,85,91,97,98,99" m="50698" machi="49" ten="30,2900,0" yaku="20,1,54,1" doraHai="96" who="2" fromWho="1" sc="274,0,184,-29,323,29,219,0" />
</Scene>
<Scene>
<INIT seed="2,1,0,3,4,29" ten="274,155,352,219" oya="2" hai0="132,108,58,20,74,41,130,42,125,103,62,99,30" hai1="2,101,45,26,91,36,96,34,68,67,88,25,32" hai2="134,87,53,12,44,38,48,4,124,83,43,126,106" hai3="115,54,113,131,69,39,33,93,15,28,85,114,116"/><V121/><F121/><W3/><G69/><T6/><D74/><U123/><E123/><V112/><F106/><W55/><G39/><T16/><D6/><U21/><E2/><V77/><F112/><N who="3" m="28675" /><W135/><DORA hai="57" /><G116/><T9/><D9/><U31/><E36/><V111/><F134/><W7/><G3/><T105/><D30/><U71/><E45/><V120/><F120/><W63/><G135/><T22/><D132/><U79/><E79/><V72/><F72/><W61/><G131/><T109/><D130/><U8/><E8/><N who="2" m="4103" /><F111/><N who="0" m="42570" /><D22/><U81/><E34/><V82/><F82/><W80/><G93/><T27/><D125/><N who="2" m="48234" /><F38/><W92/><G92/><T52/><AGARI ba="1,0" hai="16,20,27,41,42,52,58,62,99,103,105" m="42570" machi="52" ten="30,7900,0" yaku="14,1,52,1,54,2" doraHai="29,57" who="0" fromWho="0" sc="274,82,155,-21,352,-40,219,-21" />
</Scene>
<Scene>
<INIT seed="3,0,0,1,5,70" ten="356,134,312,198" oya="3" hai0="111,79,42,11,68,53,12,64,84,104,82,75,61" hai1="49,108,127,66,2,86,128,91,123,107,110,60,48" hai2="58,45,18,3,116,81,37,21,1,129,73,15,33" hai3="77,131,27,36,32,80,114,119,52,40,94,97,100"/><W122/><G119/><T103/><D42/><U10/><E107/><V71/><F71/><W19/><G122/><T25/><D53/><U96/><E123/><V50/><F116/><W87/><G114/><T29/><D75/><U95/><E127/><V76/><F33/><W5/><G131/><T118/><D118/><U105/><E128/><V24/><F129/><W83/><G5/><T13/><D111/><U16/><E110/><V6/><F58/><W89/><G19/><T106/><D103/><U30/><E30/><V132/><F132/><W23/><G32/><T56/><D56/><U135/><E135/><V120/><F120/><W134/><G134/><T117/><D117/><U92/><E105/><V78/><F78/><W124/><G124/><T69/><D69/><U121/><E121/><V0/><F37/><W113/><G113/><T72/><D72/><U4/><E108/><V51/><REACH who="2" step="1"/><F45/><REACH who="2" ten="356,134,302,198" step="2"/><W8/><G36/><T93/><D93/><U34/><E34/><V88/><F88/><W20/><G94/><T101/><D101/><U126/><E126/><V28/><F28/><W57/><G100/><T22/><D13/><U59/><E95/><V26/><F26/><W125/><G89/><T99/><D99/><U39/><E39/><V55/><F55/><W43/><G97/><T63/><D63/><U74/><E96/><V7/><F7/><AGARI ba="0,1" hai="7,11,12,22,25,29,61,64,68,79,82,84,104,106" machi="7" ten="30,1000,0" yaku="7,1" doraHai="70" who="0" fromWho="2" sc="356,20,134,0,302,-10,198,0" owari="376,48.0,134,-37.0,292,9.0,198,-20.0" />
</Scene>
</mjloggm>