<mjloggm ver="2.3"><GO type="169" lobby="0"/><UN n0="%E5%A4%AA%E3%81%8F%E3%81%AA%E3%81%84%E3%81%8A" n1="%E5%A4%A9%E5%9F%8E%E5%B0%8F%E6%AC%A1%E9%83%8E" n2="%E3%83%A4%E3%82%AD%E3%83%B3" n3="%E3%81%BE%E3%82%86%E3%81%BE%E3%82%86%37%37" dan="18,16,16,18" rate="2236.74,2087.01,2135.34,2127.75" sx="F,M,M,F"/><TAIKYOKU oya="0"/>

<Scene>
<INIT seed="0,0,0,5,1,41" ten="250,250,250,250" oya="0" hai0="17,83,114,37,125,103,32,91,134,6,133,48,87" hai1="36,92,124,100,14,30,63,38,116,59,26,67,73" hai2="119,79,104,101,24,15,128,120,21,127,62,115,118" hai3="58,55,45,86,19,132,64,76,22,72,52,121,77"/><T33/><D37/><U131/><E116/><V65/><F120/><W12/><G72/><T66/><D114/><U44/><E73/><V40/><F115/><W1/><G1/><T84/><D125/><U2/><E2/><V110/><F79/><W111/><G132/><N who="0" m="50795" /><D6/><U90/><E124/><V11/><F127/><W27/><G111/><T53/><D66/><U129/><E14/><V71/><F110/><W9/><G64/><T107/><D17/><U60/><E60/><V85/><F128/><N who="1" m="49225" /><E100/><V49/><F85/><W82/><G121/><T75/><D75/><U13/><E13/><V29/><F101/><W68/><G76/><N who="0" m="46183" /><D103/><U88/><E36/><V34/><F104/><W122/><G122/><T78/><D78/><U80/><E92/><V117/><F118/><W96/><G68/><T0/><D0/><U20/><E80/><V126/><F126/><W112/><G112/><T99/><D107/><U46/><E38/><V7/><F117/><W94/><G58/><N who="0" m="33063" /><D99/><U130/><E130/><V123/><F123/><W93/><G55/><T102/><D102/><U98/><E98/><V8/><F65/><W54/><G54/><T3/><D3/><U81/><E81/><AGARI ba="0,0" hai="32,33,81,87,91" m="33063,46183,50795" machi="81" ten="30,1500,0" yaku="20,1" doraHai="41" who="0" fromWho="1" sc="250,15,250,-15,250,0,250,0" />
</Scene>
<Scene>
<INIT seed="0,1,0,1,2,126" ten="265,235,250,250" oya="0" hai0="77,52,18,59,20,67,75,35,94,115,58,98,60" hai1="8,53,90,129,68,6,24,4,27,25,121,123,85" hai2="2,79,57,113,76,114,43,109,38,88,116,118,101" hai3="73,135,23,65,117,125,110,34,1,74,86,69,100"/><T119/><D119/><N who="2" m="45610" /><F2/><W40/><G23/><T104/><D115/><N who="2" m="44042" /><F101/><W71/><G65/><T91/><D35/><U97/><E68/><V7/><F7/><W11/><G11/><T15/><D104/><U51/><E97/><V72/><F109/><W102/><G40/><T30/><D30/><U39/><E39/><V62/><F72/><W3/><G117/><T81/><REACH who="0" step="1"/><D59/><REACH who="0" ten="255,235,250,250" step="2"/><U29/><E29/><V45/><F88/><W13/><G34/><T56/><D56/><U10/><E90/><V95/><F95/><W131/><G71/><T64/><AGARI ba="1,1" hai="15,18,20,52,58,60,64,67,75,77,81,91,94,98" machi="64" ten="30,6000,0" yaku="1,1,0,1,54,1,53,0" doraHai="126" doraHaiUra="26" who="0" fromWho="0" sc="255,73,235,-21,250,-21,250,-21" />
</Scene>
<Scene>
<INIT seed="0,2,0,4,4,16" ten="328,214,229,229" oya="0" hai0="45,99,57,72,35,93,102,3,38,103,120,105,65" hai1="133,41,4,2,132,18,9,112,107,61,80,116,97" hai2="5,39,98,50,128,100,48,79,92,7,59,106,49" hai3="75,23,104,91,126,25,84,44,73,68,63,67,109"/><T0/><D120/><U78/><E116/><V27/><F39/><W31/><G126/><T51/><D35/><U96/><E112/><V101/><F128/><W43/><G104/><T76/><D38/><U64/><E41/><V40/><F79/><W22/><G109/><T129/><D129/><U15/><E61/><V42/><F106/><W82/><REACH who="3" step="1"/><G23/><REACH who="3" ten="328,214,229,219" step="2"/><T37/><D105/><U30/><E107/><V29/><F42/><W17/><G17/><T83/><D37/><AGARI ba="2,1" hai="22,25,31,37,43,44,63,67,68,73,75,82,84,91" machi="37" ten="30,7700,0" yaku="1,1,7,1,52,1,53,1" doraHai="16" doraHaiUra="24" who="3" fromWho="0" sc="328,-83,214,0,229,0,219,93" />
</Scene>
<Scene>
<INIT seed="1,0,0,5,5,103" ten="245,214,229,312" oya="1" hai0="116,81,80,48,23,86,9,95,58,130,41,119,107" hai1="92,26,21,72,16,102,78,73,65,59,98,94,109" hai2="31,77,83,97,127,88,46,114,99,132,54,15,135" hai3="18,39,42,7,124,111,10,91,57,121,106,61,19"/><U50/><E109/><V8/><F127/><W105/><G121/><T38/><D38/><U27/><E78/><V25/><F114/><W12/><G111/><T113/><D113/><U1/><E1/><V13/><F46/><W53/><G124/><T55/><D130/><U35/><E94/><N who="2" m="56519" /><F54/><W69/><G69/><T51/><D107/><U126/><E126/><V133/><F99/><W60/><G60/><T29/><D119/><U37/><E37/><V96/><F8/><W66/><G66/><T82/><D9/><U134/><E134/><V122/><F122/><W104/><REACH who="3" step="1"/><G91/><REACH who="3" ten="245,214,229,302" step="2"/><N who="0" m="53751" /><D116/><U28/><REACH who="1" step="1"/><E50/><REACH who="1" ten="245,204,229,302" step="2"/><V89/><F135/><W129/><G129/><T128/><D128/><U74/><E74/><V85/><F133/><W45/><AGARI ba="0,2" hai="7,10,12,18,19,39,42,45,53,57,61,104,105,106" machi="45" ten="40,8000,1" yaku="1,1,0,1,52,3,53,0" doraHai="103" doraHaiUra="34" who="3" fromWho="3" sc="245,-20,204,-40,229,-20,302,100" />
</Scene>
<Scene>
<INIT seed="2,0,0,2,2,21" ten="225,164,209,402" oya="2" hai0="102,15,80,108,29,132,109,67,58,134,87,62,121" hai1="131,6,46,86,97,35,84,39,52,83,34,82,119" hai2="88,45,23,127,125,107,122,101,75,60,41,57,70" hai3="55,113,93,14,85,28,106,111,44,33,49,99,69"/><V4/><F122/><W30/><G69/><T11/><D102/><U72/><E119/><V64/><F75/><W22/><G33/><T92/><D92/><U42/><E72/><V78/><F78/><W96/><G106/><T7/><D121/><U90/><E131/><V116/><F116/><W8/><G113/><T27/><D87/><U105/><E6/><V48/><F4/><W73/><G73/><T12/><D12/><U129/><E129/><V47/><F101/><W126/><G126/><N who="2" m="48137" /><F107/><W40/><G111/><N who="0" m="42571" /><D80/><U26/><E105/><V123/><F123/><W18/><G40/><T56/><D56/><U135/><E97/><N who="3" m="37450" /><G22/><AGARI ba="0,0" hai="7,11,15,22,27,29,58,62,67,132,134" m="42571" machi="22" ten="30,2000,0" yaku="14,1,52,1" doraHai="21" who="0" fromWho="3" sc="225,20,164,0,209,0,402,-20" />
</Scene>
<Scene>
<INIT seed="3,0,0,1,3,48" ten="245,164,209,382" oya="3" hai0="11,130,73,104,62,54,70,29,37,81,106,115,53" hai1="45,41,68,109,7,13,84,2,79,24,4,58,39" hai2="135,59,117,5,14,80,57,94,51,124,22,103,112" hai3="66,95,125,69,52,8,111,60,123,120,129,101,10"/><W92/><G123/><T34/><D37/><U116/><E68/><V86/><F112/><W28/><G120/><T74/><D11/><U65/><E109/><V78/><F117/><W63/><G10/><T85/><D115/><U38/><E116/><V64/><F124/><W35/><G101/><T76/><D130/><U98/><E2/><V56/><F135/><W1/><G125/><T49/><D34/><U46/><E13/><V25/><F14/><W30/><G129/><T119/><D29/><U89/><E79/><V77/><F77/><W67/><G67/><T122/><D122/><U40/><E98/><N who="2" m="59863" /><F5/><W44/><G30/><T17/><D17/><U90/><E24/><V82/><F82/><W19/><G111/><T31/><D31/><U127/><E127/><V3/><F3/><W32/><G32/><T9/><D9/><U12/><E12/><V132/><F132/><W128/><G128/><T96/><D119/><U43/><E43/><V88/><F78/><W71/><G71/><T108/><D108/><U50/><E90/><V118/><F118/><W121/><G121/><T131/><D131/><U105/><E105/><V0/><F0/><W114/><G114/><T126/><D126/><U6/><E65/><V134/><F134/><W61/><G66/><T33/><D33/><U15/><E15/><V16/><F64/><W87/><G69/><T97/><D70/><U93/><E6/><V113/><F113/><W18/><G35/><T21/><D106/><U75/><E75/><N who="0" m="28681" /><D104/><U36/><E39/><V23/><F23/><W102/><G102/><T55/><D21/><RYUUKYOKU ba="0,0" sc="245,-15,164,15,209,15,382,-15" hai1="4,7,36,38,40,41,45,46,50,58,84,89,93" hai2="16,22,25,51,56,57,59,80,86,88" />
</Scene>
<Scene>
<INIT seed="4,1,0,5,0,97" ten="230,179,224,367" oya="0" hai0="94,69,24,75,62,38,93,112,91,85,55,32,113" hai1="107,3,108,135,19,105,99,56,1,122,28,87,47" hai2="121,31,35,133,16,83,79,40,118,114,15,134,131" hai3="74,125,14,60,58,88,42,54,76,37,6,92,33"/><T46/><D75/><U30/><E122/><V78/><F121/><W64/><G33/><T95/><D38/><U103/><E108/><V73/><F40/><W36/><G125/><T67/><D46/><U2/><E135/><N who="2" m="51723" /><F114/><N who="0" m="44138" /><D55/><U7/><E7/><V25/><F131/><W98/><G74/><T115/><N who="0" m="44146" /><T34/><DORA hai="96" /><D24/><U59/><E47/><V20/><F79/><W111/><G76/><T21/><D21/><U128/><E128/><V124/><F118/><W109/><G42/><T13/><D13/><U10/><E107/><V120/><F120/><W104/><G37/><T9/><D9/><U44/><E44/><V126/><AGARI ba="1,0" hai="15,16,20,25,31,35,73,78,83,124,126" m="51723" machi="126" ten="30,2000,0" yaku="20,1,54,1" doraHai="97,96" who="2" fromWho="2" sc="230,-11,179,-6,224,23,367,-6" />
</Scene>
<Scene>
<INIT seed="5,0,0,5,3,45" ten="219,173,247,361" oya="1" hai0="54,55,52,67,14,60,50,76,105,126,132,64,98" hai1="59,11,12,88,62,87,135,102,121,63,10,78,5" hai2="36,0,84,133,134,20,24,23,43,9,18,73,103" hai3="93,26,25,1,106,96,107,80,122,68,49,131,15"/><U125/><E135/><N who="2" m="51723" /><F73/><W61/><G1/><T35/><D132/><U81/><E125/><V4/><F103/><W6/><G122/><T83/><D35/><U95/><E121/><V33/><F84/><W114/><G107/><T16/><D126/><U57/><E102/><V13/><F43/><W100/><G106/><T130/><D130/><U118/><E118/><V51/><F36/><W117/><G68/><T119/><D119/><U116/><E116/><V28/><F51/><W85/><G117/><T77/><D105/><U37/><E37/><V48/><F48/><W17/><G6/><T47/><D98/><U42/><E42/><V34/><AGARI ba="0,0" hai="0,4,9,13,18,20,23,24,28,33,34" m="51723" machi="34" ten="30,4000,0" yaku="20,1,34,2" doraHai="45" who="2" fromWho="2" sc="219,-10,173,-20,247,40,361,-10" />
</Scene>
<Scene>
<INIT seed="6,0,0,5,5,127" ten="209,153,287,351" oya="2" hai0="39,28,115,60,50,42,126,118,97,132,106,49,129" hai1="56,79,36,117,119,134,99,61,10,45,111,26,55" hai2="29,58,71,38,11,85,34,8,116,80,94,75,110" hai3="9,16,92,53,63,5,102,68,101,7,122,20,62"/><V78/><F71/><W88/><G122/><T64/><D28/><U109/><E79/><V89/><F116/><N who="1" m="44617" /><E99/><V113/><F38/><W105/><G105/><T19/><D118/><U95/><E95/><V52/><F113/><W32/><G32/><T130/><D115/><U66/><E26/><V67/><F110/><N who="1" m="41993" /><E10/><V65/><F34/><W54/><G68/><N who="0" m="41991" /><D19/><U2/><E2/><V13/><F29/><W51/><G54/><T82/><D82/><U131/><E134/><V3/><F3/><W84/><G63/><T123/><D132/><U125/><E125/><V72/><F72/><W25/><G62/><T83/><D83/><U128/><E36/><V57/><F57/><N who="3" m="32959" /><G9/><T77/><D77/><U24/><E24/><V1/><F1/><W30/><G30/><T46/><D126/><U4/><E4/><AGARI ba="0,0" hai="4,5,7,16,20,25,84,88,92,101,102" m="32959" machi="4" ten="30,3900,0" yaku="8,1,54,2" doraHai="127" who="3" fromWho="1" sc="209,0,153,-39,287,0,351,39" />
</Scene>
<Scene>
<INIT seed="7,0,0,5,2,116" ten="209,114,287,390" oya="3" hai0="87,10,42,131,102,124,97,27,84,109,80,122,132" hai1="68,51,17,63,129,4,16,114,53,72,30,81,57" hai2="110,73,19,23,103,61,126,31,123,56,25,75,108" hai3="7,64,134,44,40,24,32,101,100,21,18,2,28"/><W9/><G64/><T43/><D109/><U93/><E114/><V62/><F126/><W11/><G11/><T41/><D124/><U135/><E129/><V82/><F19/><W6/><G6/><T71/><D71/><U1/><E135/><V104/><F62/><W50/><G134/><T94/><D132/><U3/><E30/><V66/><F104/><W65/><G65/><T112/><D131/><U8/><E1/><V86/><F75/><W74/><G74/><T96/><D112/><U91/><E68/><V79/><F73/><W12/><AGARI ba="0,0" hai="2,7,9,12,18,21,24,28,32,40,44,50,100,101" machi="12" ten="20,7800,0" yaku="0,1,7,1,24,2" doraHai="116" who="3" fromWho="3" sc="209,-26,114,-26,287,-26,390,78" owari="183,-22.0,88,-41.0,261,6.0,468,57.0" />
</Scene>
</mjloggm>