<mjloggm ver="2.3"><GO type="41"/><UN n0="%E5%A4%AA%E3%81%8F%E3%81%AA%E3%81%84%E3%81%8A" n1="%39%39%39" n2="%E3%82%88%E3%81%A3%E3%81%A1%E3%82%83%E3%82%93%EF%BC%92" n3="%6F%63%65%6C%6F%74" dan="14,13,14,15" rate="2009,1879,1907,1907" sx="M,F,M,M"/><TAIKYOKU oya="0"/>

<Scene>
<INIT seed="0,0,0,0,4,28" ten="250,250,250,250" oya="0" hai0="6,78,100,42,39,113,34,16,1,115,45,102,20" hai1="109,114,108,8,68,27,97,76,118,5,38,121,0" hai2="36,52,134,65,41,124,50,47,63,10,92,75,133" hai3="79,94,103,40,18,122,116,69,98,111,101,91,131"/><T48/><D78/><U66/><E38/><V99/><F75/><W57/><G116/><T21/><D21/><U59/><E118/><V104/><F104/><W33/><G69/><T80/><D34/><U11/><E11/><V37/><F124/><W132/><G111/><N who="1" m="42570" /><E121/><V110/><F110/><W90/><G131/><T82/><D115/><U22/><E114/><V89/><F10/><W105/><G40/><T127/><D113/><U54/><E76/><V55/><F55/><W46/><G46/><T43/><D127/><U83/><E83/><N who="0" m="31785" /><D1/><U117/><E97/><V64/><F36/><W107/><G132/><N who="2" m="50793" /><F63/><W58/><G122/><T3/><D3/><U12/><E117/><V23/><F23/><W15/><G79/><T112/><D39/><U7/><E68/><V62/><F62/><W26/><G91/><T106/><D112/><U126/><E66/><V81/><F81/><W71/><G71/><T73/><D73/><U60/><E126/><V129/><F129/><W67/><G67/><T120/><D120/><U2/><E5/><V123/><F123/><W51/><G107/><T14/><D106/><U96/><E96/><V84/><F99/><W87/><G98/><T74/><D74/><U29/><AGARI ba="0,0" hai="0,2,7,8,12,22,27,29,54,59,60" m="42570" machi="29" ten="30,1100,0" yaku="14,1" doraHai="28" who="1" fromWho="1" sc="250,-5,250,11,250,-3,250,-3" />
</Scene>
<Scene>
<INIT seed="1,0,0,5,3,39" ten="245,261,247,247" oya="1" hai0="15,14,37,135,53,89,7,76,79,18,125,41,45" hai1="62,130,129,133,95,36,5,83,105,113,112,47,30" hai2="32,114,61,84,13,29,23,85,28,102,24,103,116" hai3="94,77,38,11,126,117,3,57,132,80,35,21,106"/><U86/><E105/><V119/><F114/><W104/><G35/><T98/><D125/><U20/><E95/><V75/><F75/><W59/><G126/><T99/><D135/><U6/><E62/><V123/><F123/><W120/><G120/><T122/><D122/><U10/><E133/><V2/><F2/><W26/><G132/><T51/><D7/><U72/><E72/><V22/><F32/><W25/><G117/><T121/><D15/><U111/><E20/><V70/><F70/><W118/><G118/><T81/><D121/><U88/><E30/><V131/><F131/><N who="1" m="50185" /><E111/><V100/><F116/><W34/><G34/><T91/><D99/><U43/><E5/><V124/><F119/><W69/><G69/><T52/><D98/><U127/><E127/><V42/><F124/><W87/><G38/><T71/><D71/><U128/><N who="1" m="50193" /><U16/><DORA hai="31" /><E16/><N who="2" m="10511" /><F61/><W115/><G115/><T68/><D68/><U40/><E40/><V92/><F29/><W48/><G106/><T134/><D134/><U44/><E44/><V67/><F67/><W46/><G104/><T1/><D37/><U54/><E54/><V27/><F27/><W82/><G26/><T74/><D53/><U96/><E96/><N who="2" m="59399" /><F42/><W78/><G3/><AGARI ba="0,0" hai="3,6,10,36,43,47,83,86,88,112,113" m="50193" machi="3" ten="40,7700,0" yaku="19,1,52,1,54,1" doraHai="39,31" who="1" fromWho="3" sc="245,0,261,77,247,0,247,-77" />
</Scene>
<Scene>
<INIT seed="1,1,0,1,2,75" ten="245,338,247,170" oya="1" hai0="90,9,122,56,4,79,73,25,54,95,8,132,87" hai1="50,93,33,82,57,37,116,77,0,91,18,104,16" hai2="71,72,34,113,52,36,22,105,130,13,121,135,29" hai3="42,96,66,64,86,32,28,51,123,3,101,80,24"/><U5/><E104/><V40/><RYUUKYOKU type="yao9" ba="1,0" sc="245,0,338,0,247,0,170,0" hai2="13,22,29,34,36,40,52,71,72,105,113,121,130,135" />
</Scene>
<Scene>
<INIT seed="1,2,0,0,3,61" ten="245,338,247,170" oya="1" hai0="122,20,33,9,77,6,47,34,54,56,4,134,39" hai1="79,32,121,52,71,91,51,67,101,53,14,102,44" hai2="99,126,114,35,83,28,18,87,80,118,7,103,112" hai3="127,125,92,1,8,95,22,36,2,49,96,98,43"/><U29/><E121/><V69/><F118/><W82/><G36/><T84/><D122/><U25/><E79/><V93/><F7/><W86/><G49/><T26/><D134/><U23/><E91/><V0/><F0/><W3/><G43/><T120/><D120/><U31/><E53/><V60/><F18/><W115/><G115/><N who="2" m="44073" /><F126/><N who="3" m="48139" /><G8/><T123/><D9/><U90/><E90/><N who="2" m="51559" /><F28/><W89/><G22/><T130/><D20/><U37/><E37/><V73/><F35/><W111/><G111/><T72/><D34/><U133/><E133/><V116/><F116/><W45/><G45/><T42/><D123/><U46/><E46/><V13/><F13/><W85/><G95/><T12/><D33/><U124/><E124/><V74/><F60/><W48/><G48/><T108/><D12/><U11/><E29/><V128/><F69/><W24/><G24/><T41/><D26/><U58/><E23/><V76/><F128/><W81/><G81/><T78/><D130/><U57/><E71/><V68/><F68/><W17/><G17/><T38/><D38/><U5/><REACH who="1" step="1"/><E57/><REACH who="1" ten="245,328,247,170" step="2"/><V30/><F30/><W88/><AGARI ba="2,1" hai="1,2,3,82,85,86,88,89,92,96,98" m="48139" machi="88" ten="40,2700,0" yaku="18,1,54,1" doraHai="61" who="3" fromWho="3" sc="245,-9,328,-15,247,-9,170,43" />
</Scene>
<Scene>
<INIT seed="2,0,0,0,0,20" ten="236,313,238,213" oya="2" hai0="90,69,99,46,80,115,48,110,131,36,75,120,105" hai1="91,30,15,121,59,35,70,47,51,62,55,41,32" hai2="39,101,45,97,76,52,23,102,27,40,98,28,89" hai3="85,100,50,87,58,65,43,22,106,3,113,1,26"/><V66/><F76/><W81/><G113/><T8/><D115/><U44/><E121/><V107/><F89/><W60/><G106/><T61/><D120/><U21/><E91/><V96/><F66/><W82/><G100/><T4/><D110/><U71/><E71/><V135/><F135/><W109/><G109/><T133/><D131/><U116/><E116/><V123/><F123/><W25/><G25/><T24/><D133/><U108/><E108/><V34/><F34/><W5/><G5/><T0/><D105/><U134/><E134/><V117/><F117/><W129/><G129/><T38/><D24/><U11/><E30/><V84/><F84/><N who="3" m="32331" /><G1/><T118/><D118/><U111/><E21/><V77/><F77/><W37/><G37/><T103/><D103/><U83/><E111/><V53/><F96/><W10/><G3/><T114/><D114/><U9/><E83/><V74/><F74/><W6/><G6/><T14/><D0/><U68/><E68/><V64/><F64/><W2/><G2/><T72/><D72/><U42/><E42/><V18/><REACH who="2" step="1"/><F28/><REACH who="2" ten="236,313,228,213" step="2"/><N who="3" m="17495" /><G10/><T95/><D75/><U73/><E9/><V16/><F16/><W86/><G86/><T104/><D8/><U88/><E73/><V94/><AGARI ba="0,1" hai="18,23,27,39,40,45,52,53,94,97,98,101,102,107" machi="94" ten="20,12000,1" yaku="1,1,0,1,7,1,52,1,54,1,53,0" doraHai="20" doraHaiUra="126" who="2" fromWho="2" sc="236,-40,313,-40,228,130,213,-40" />
</Scene>
<Scene>
<INIT seed="2,1,0,4,5,30" ten="196,273,358,173" oya="2" hai0="130,56,51,75,42,40,87,23,131,129,117,107,102" hai1="28,115,53,104,96,66,74,106,105,64,22,35,121" hai2="39,113,100,134,27,132,126,71,98,67,10,70,5" hai3="59,8,85,4,6,15,84,44,116,29,58,34,128"/><V19/><F39/><W108/><G116/><T14/><D75/><U114/><E74/><V69/><F113/><W11/><G108/><T82/><D117/><U90/><E121/><V65/><F126/><W48/><G128/><T79/><D102/><U50/><E22/><V1/><F19/><W0/><G29/><T135/><D107/><U20/><E20/><V46/><F46/><W92/><G34/><T45/><D135/><N who="2" m="51754" /><F27/><W9/><G9/><T80/><D80/><U103/><E90/><V31/><F31/><W16/><G6/><T32/><D56/><U26/><E114/><V95/><AGARI ba="1,0" hai="1,5,10,65,67,69,70,71,95,98,100" m="51754" machi="95" ten="40,2100,0" yaku="20,1" doraHai="30" who="2" fromWho="2" sc="196,-8,273,-8,358,24,173,-8" />
</Scene>
<Scene>
<INIT seed="2,2,0,2,0,46" ten="188,265,382,165" oya="2" hai0="54,110,10,88,9,119,47,28,133,132,15,50,100" hai1="92,59,115,127,101,41,81,76,6,44,69,73,30" hai2="124,82,131,84,8,71,12,45,61,25,31,16,98" hai3="56,29,53,113,14,26,18,105,111,64,65,39,104"/><V17/><F131/><W68/><G111/><T83/><D110/><U40/><E30/><V36/><F124/><W109/><G109/><T122/><D122/><U23/><E69/><V112/><F112/><W108/><G108/><T33/><D100/><U94/><E115/><V42/><F98/><W38/><G113/><T3/><D119/><U63/><E23/><V91/><F71/><W121/><G121/><T102/><D102/><U19/><E40/><V75/><F61/><W0/><G0/><T118/><D118/><U123/><E123/><V134/><F134/><W20/><G105/><T4/><D28/><U11/><E127/><V106/><F106/><W96/><G104/><T79/><D33/><U126/><E19/><V86/><F86/><W24/><G96/><T74/><REACH who="0" step="1"/><D88/><REACH who="0" ten="178,265,382,165" step="2"/><U52/><E101/><V90/><F90/><W34/><G29/><T116/><D116/><U85/><E126/><V129/><F129/><W103/><G34/><T135/><D135/><U1/><REACH who="1" step="1"/><E85/><REACH who="1" ten="178,255,382,165" step="2"/><V62/><F75/><W93/><G103/><T72/><D72/><U117/><E117/><V55/><F17/><AGARI ba="2,2" hai="3,4,9,10,15,17,47,50,54,74,79,83,132,133" machi="17" ten="40,2600,0" yaku="1,1,52,1,53,0" doraHai="46" doraHaiUra="95" who="0" fromWho="2" sc="178,52,255,0,382,-32,165,0" />
</Scene>
<Scene>
<INIT seed="3,0,0,4,3,20" ten="230,255,350,165" oya="3" hai0="17,49,90,98,132,24,40,108,12,131,10,23,116" hai1="81,15,59,61,48,80,1,135,65,4,93,134,16" hai2="60,9,3,70,79,103,28,42,22,101,43,127,133" hai3="57,97,105,106,120,86,52,125,110,13,56,122,18"/><W129/><G129/><T64/><D116/><U94/><E1/><V32/><F133/><N who="1" m="50697" /><E4/><V38/><F127/><W73/><G73/><T37/><D132/><U75/><E75/><V29/><F79/><W27/><G125/><T88/><D131/><U11/><E48/><V54/><F32/><W102/><G110/><T104/><D37/><U66/><E66/><V62/><F3/><W124/><G124/><T58/><D108/><U69/><E69/><V114/><F114/><W41/><G41/><N who="2" m="15369" /><F38/><W72/><G72/><T95/><D104/><U89/><E94/><V85/><F70/><W53/><G106/><T83/><D64/><U74/><E74/><V126/><F9/><W19/><G86/><AGARI ba="0,0" hai="11,15,16,59,61,65,80,81,86,89,93" m="50697" machi="86" ten="30,2000,0" yaku="20,1,54,1" doraHai="20" who="1" fromWho="3" sc="230,0,255,20,350,0,165,-20" />
</Scene>
<Scene>
<INIT seed="4,0,0,1,2,68" ten="230,275,350,145" oya="0" hai0="81,73,32,35,57,13,105,83,4,26,92,10,60" hai1="130,42,84,59,133,112,119,126,37,51,65,91,131" hai2="24,66,106,113,46,90,30,117,121,39,62,87,89" hai3="1,47,107,135,128,31,86,95,36,61,43,16,99"/><T111/><D105/><U93/><E119/><V127/><F113/><W28/><G1/><T79/><D111/><U49/><E126/><V108/><F108/><W14/><G128/><N who="1" m="49194" /><E112/><V103/><F127/><W33/><G135/><T34/><D92/><U5/><E5/><V8/><F121/><W70/><G33/><T78/><D26/><U9/><E9/><V25/><F8/><W58/><G70/><T38/><D38/><U45/><E133/><V44/><F117/><W94/><G107/><T71/><D71/><U69/><E69/><N who="2" m="42199" /><F46/><W75/><G86/><T12/><D12/><U3/><E3/><V104/><F24/><W22/><G75/><T2/><D2/><U55/><E65/><V19/><F19/><W110/><G110/><T97/><D97/><U134/><E134/><V20/><F87/><W40/><G40/><T85/><REACH who="0" step="1"/><D34/><REACH who="0" ten="220,275,350,145" step="2"/><U72/><E72/><V53/><F106/><W120/><G95/><T118/><D118/><U21/><E21/><V74/><F20/><W129/><G129/><T132/><D132/><U48/><AGARI ba="0,1" hai="37,42,45,48,49,51,55,59,84,91,93" m="49194" machi="48" ten="30,2000,0" yaku="19,1,52,1" doraHai="68" who="1" fromWho="1" sc="220,-10,275,30,350,-5,145,-5" />
</Scene>
<Scene>
<INIT seed="5,0,0,1,3,92" ten="210,305,345,140" oya="1" hai0="19,79,30,89,50,135,49,67,90,133,2,110,134" hai1="53,95,103,72,48,12,59,27,127,99,16,101,131" hai2="91,28,10,13,121,37,120,63,17,7,3,65,61" hai3="132,125,74,123,51,14,105,55,82,83,5,118,126"/><U70/><E27/><V43/><F28/><W0/><G0/><T100/><D110/><U130/><E72/><V18/><F91/><N who="0" m="34826" /><D2/><U102/><E70/><V97/><F37/><W64/><G105/><T81/><D30/><U69/><E69/><V44/><F43/><W66/><G123/><T113/><D113/><U104/><E104/><V54/><F44/><W21/><G132/><T46/><D67/><U107/><E107/><V93/><F54/><W116/><G5/><T73/><D100/><U39/><E39/><V20/><F18/><N who="3" m="10455" /><G74/><T86/><D19/><U87/><E87/><V58/><F61/><W114/><G114/><T106/><D106/><U35/><E35/><V57/><F57/><N who="3" m="33023" /><G82/><N who="0" m="45423" /><D46/><U108/><E108/><V117/><F117/><N who="3" m="45163" /><G83/><T47/><D47/><U33/><E33/><V88/><AGARI ba="0,0" hai="3,7,10,13,17,20,58,63,65,88,93,97,120,121" machi="88" ten="20,5200,0" yaku="0,1,7,1,52,1,54,1" doraHai="92" who="2" fromWho="2" sc="210,-13,305,-26,345,52,140,-13" />
</Scene>
<Scene>
<INIT seed="6,0,0,5,3,54" ten="197,279,397,127" oya="2" hai0="8,39,64,87,21,45,132,70,133,80,53,115,1" hai1="25,9,117,81,34,38,33,126,36,135,60,46,5" hai2="11,88,134,119,16,10,71,122,29,51,13,15,57" hai3="48,65,103,28,110,24,43,4,52,18,113,121,77"/><V93/><F71/><W89/><G121/><T27/><D115/><U2/><E117/><V62/><F119/><W74/><G110/><T23/><D70/><U67/><E126/><V14/><F134/><N who="0" m="51818" /><D64/><U94/><E94/><V131/><F131/><W3/><G103/><T112/><D112/><U47/><E135/><V114/><F114/><W124/><G124/><T129/><D129/><U83/><E46/><V106/><F106/><W35/><G43/><N who="0" m="22783" /><D53/><U50/><E81/><V84/><F122/><W91/><G113/><T123/><D123/><U104/><E104/><V75/><F75/><W98/><G65/><T102/><D102/><U109/><E109/><V40/><F29/><W37/><G28/><T32/><D32/><U128/><E128/><V55/><F10/><W82/><G52/><T107/><D107/><U17/><E17/><V118/><F118/><W125/><G18/><T69/><D69/><U63/><E63/><V90/><F40/><W100/><G125/><T56/><D56/><U73/><E25/><V105/><F105/><W68/><G24/><T41/><D41/><N who="1" m="22951" /><E50/><V6/><F6/><W44/><G4/><N who="0" m="1039" /><D27/><U72/><E38/><V22/><F51/><W97/><G48/><T59/><D59/><N who="1" m="37279" /><E72/><V7/><F90/><AGARI ba="0,0" hai="21,23,80,87,90" m="1039,22783,51818" machi="90" ten="30,1000,0" yaku="20,1" doraHai="54" who="0" fromWho="2" sc="197,10,279,0,397,-10,127,0" />
</Scene>
<Scene>
<INIT seed="7,0,0,3,2,106" ten="207,279,387,127" oya="3" hai0="118,122,92,100,15,41,128,38,5,7,31,119,134" hai1="58,32,109,132,28,29,96,107,121,98,67,81,49" hai2="110,60,64,113,46,30,103,101,66,88,12,44,69" hai3="10,59,80,62,95,75,11,8,94,0,43,93,33"/><W124/><G33/><T112/><D122/><U126/><E109/><V84/><F110/><W79/><G124/><T24/><D38/><U47/><E121/><V97/><F113/><W63/><G43/><T50/><D112/><U2/><E2/><V55/><F66/><W77/><G77/><T16/><D128/><U25/><E126/><V35/><F12/><W127/><G127/><T105/><D105/><U23/><E29/><V65/><F65/><W91/><G0/><T3/><D3/><U102/><E132/><V133/><F133/><W78/><G78/><T108/><D108/><U53/><E81/><N who="2" m="49167" /><F103/><W54/><REACH who="3" step="1"/><G63/><REACH who="3" ten="207,279,387,117" step="2"/><T39/><D134/><U90/><E90/><BYE who="1" /><AGARI ba="0,1" hai="8,10,11,54,59,62,75,79,80,90,91,93,94,95" machi="90" ten="40,7700,0" yaku="1,1,2,1,52,1,53,0" doraHai="106" doraHaiUra="61" who="3" fromWho="1" sc="207,0,279,-77,387,0,117,87" />
</Scene>
<Scene>
<INIT seed="7,1,0,4,1,133" ten="207,202,387,204" oya="3" hai0="96,6,125,43,12,87,86,19,56,72,36,55,130" hai1="31,41,97,77,126,90,30,124,18,131,0,78,34" hai2="83,40,91,116,39,66,14,49,15,11,119,3,67" hai3="111,60,110,101,33,28,54,112,63,105,17,48,35"/><W51/><G112/><T118/><D72/><U122/><E122/><V76/><F91/><UN n1="%39%39%39" /><W117/><G117/><T94/><D118/><U68/><E68/><V81/><F49/><N who="3" m="19019" /><G17/><T74/><D74/><U47/><E0/><V2/><F76/><N who="1" m="29289" /><E34/><N who="3" m="12810" /><G28/><T79/><D19/><U109/><E109/><N who="3" m="41482" /><G54/><T13/><D55/><U108/><E108/><V107/><F107/><W58/><G58/><T104/><D56/><U64/><E131/><V7/><F119/><W5/><G5/><T42/><D6/><U4/><E64/><V27/><F116/><W120/><G120/><T24/><D130/><U21/><E4/><V95/><F27/><W102/><G105/><T92/><D24/><U114/><E114/><V22/><F2/><W32/><N who="3" m="12818" /><W59/><DORA hai="132" /><G59/><T44/><D104/><U23/><E90/><V57/><F57/><W16/><G16/><T103/><D79/><U89/><E89/><V37/><F3/><W38/><G38/><T50/><D36/><U26/><E97/><V98/><F37/><W29/><G29/><T62/><D96/><U71/><E71/><V93/><F98/><W123/><G123/><T53/><D53/><U65/><E65/><V1/><F39/><W10/><G10/><T85/><D12/><U69/><E69/><V70/><F70/><W52/><G52/><T9/><D13/><U25/><E41/><V84/><F40/><W20/><G20/><T135/><D43/><U99/><E47/><V61/><F7/><W73/><G73/><T128/><D44/><U75/><E99/><V8/><F8/><W129/><G129/><RYUUKYOKU ba="1,0" sc="207,-10,202,-10,387,-10,204,30" hai3="60,63,101,102" />
</Scene>
<Scene>
<INIT seed="7,2,0,0,4,31" ten="197,192,377,234" oya="3" hai0="52,18,95,48,82,45,58,51,24,127,66,13,35" hai1="62,2,128,78,119,124,102,96,25,70,99,118,132" hai2="54,6,80,43,59,87,14,50,104,133,1,10,26" hai3="12,105,30,21,117,69,116,93,47,106,55,23,16"/><W110/><G69/><T120/><D120/><U46/><E78/><V131/><F131/><W20/><G110/><T83/><D127/><U126/><E128/><V108/><F108/><W15/><G116/><N who="1" m="44586" /><E2/><V77/><F133/><W4/><G117/><T57/><D35/><U122/><E122/><V135/><F135/><W44/><G105/><T88/><D24/><U84/><E84/><V112/><F112/><W32/><G106/><T3/><D3/><U90/><E46/><N who="3" m="17450" /><G32/><T101/><D101/><U111/><E111/><V134/><F134/><W98/><G30/><T38/><D38/><U67/><E132/><V103/><F43/><W11/><G55/><N who="0" m="31999" /><D66/><U37/><E37/><V129/><F129/><W130/><G130/><T60/><D45/><U76/><E76/><V36/><F36/><W114/><G114/><T41/><D41/><U49/><E49/><V75/><F1/><W8/><G8/><N who="0" m="6439" /><D48/><U29/><E90/><AGARI ba="2,0" hai="4,11,12,15,16,20,21,23,90,93,98" m="17450" machi="90" ten="30,2900,0" yaku="8,1,54,1" doraHai="31" who="3" fromWho="1" sc="197,0,192,-35,377,0,234,35" />
</Scene>
<Scene>
<INIT seed="7,3,0,2,2,52" ten="197,157,377,269" oya="3" hai0="101,46,77,29,90,76,133,91,118,12,14,119,110" hai1="73,49,125,115,45,62,38,0,107,21,72,83,54" hai2="56,22,95,130,15,124,135,6,88,96,48,114,32" hai3="36,27,23,70,13,41,55,120,78,128,26,17,134"/><W42/><G120/><T44/><D101/><U30/><E115/><V80/><F32/><W63/><G128/><T82/><D29/><U7/><E125/><V108/><F114/><W123/><G123/><T59/><D110/><U109/><E109/><V18/><F108/><W8/><G36/><T37/><D37/><U39/><E107/><V129/><F135/><W102/><G134/><T68/><D133/><U40/><E38/><V105/><F124/><W47/><G70/><T106/><D106/><U92/><E92/><V5/><F105/><W98/><G78/><T66/><D68/><U50/><E50/><V67/><F80/><W127/><G127/><T121/><D121/><U43/><E43/><N who="3" m="16394" /><G8/><T84/><D119/><U94/><E94/><V34/><F34/><W65/><G65/><T71/><D71/><U89/><E30/><V97/><F97/><W132/><G132/><T79/><D118/><U19/><E89/><V57/><F130/><W86/><G86/><T100/><D91/><U51/><E51/><V60/><F129/><W85/><G85/><T53/><D66/><U69/><E83/><V20/><F20/><W31/><G31/><T122/><D122/><U93/><E93/><V75/><F75/><W61/><G47/><N who="0" m="17963" /><D100/><U112/><E112/><V28/><F28/><W35/><G35/><T126/><D126/><U16/><E0/><V9/><F9/><W24/><G55/><AGARI ba="3,0" hai="5,6,15,18,22,48,55,56,57,60,67,88,95,96" machi="55" ten="40,8000,1" yaku="8,1,52,2,54,1" doraHai="52" who="2" fromWho="3" sc="197,0,157,0,377,89,269,-89" owari="197,0.0,157,-34.0,466,56.0,180,-22.0" />
</Scene>
</mjloggm>