<mjloggm ver="2.3"><GO type="225"/><UN n0="%E5%A4%AA%E3%81%8F%E3%81%AA%E3%81%84%E3%81%8A" n1="%E3%82%AF%E3%83%83%E3%83%91%E8%A3%8F" n2="%23%37%34%E5%A4%A7%E6%B2%BB%E9%83%8E" n3="%E6%AD%A6%E5%A3%AB%E6%B2%A2%E7%A7%80%E8%A1%8C" dan="16,16,16,16" rate="2071,2081,2088,2103" sx="M,F,M,M"/><TAIKYOKU oya="0"/>

<Scene>
<INIT seed="0,0,0,2,4,12" ten="250,250,250,250" oya="0" hai0="127,69,61,131,74,54,94,7,48,80,97,78,91" hai1="77,95,27,112,65,47,123,50,20,133,120,85,46" hai2="89,44,43,119,116,126,58,56,10,134,93,124,33" hai3="109,96,103,98,132,72,106,55,40,14,3,5,73"/><T0/><D131/><U25/><E133/><V62/><F33/><W76/><G132/><T102/><D127/><N who="2" m="48682" /><F134/><W17/><G5/><T28/><D28/><U41/><E112/><V92/><F10/><W121/><G3/><T110/><D110/><U42/><E65/><N who="2" m="39111" /><F58/><W118/><G121/><T79/><D79/><U84/><E120/><V111/><F111/><W129/><G109/><T64/><D7/><U18/><E123/><V71/><F71/><W60/><G76/><T23/><D0/><U67/><E67/><V13/><F13/><W117/><G129/><T9/><D9/><U24/><E84/><N who="2" m="52263" /><F93/><W122/><G122/><T70/><D70/><U39/><REACH who="1" step="1"/><E95/><REACH who="1" ten="250,240,250,250" step="2"/><V81/><F81/><AGARI ba="0,1" hai="18,20,24,25,27,39,41,42,46,47,50,77,81,85" machi="81" ten="40,8000,1" yaku="1,1,2,1,52,1,53,1" doraHai="12" doraHaiUra="15" who="1" fromWho="2" sc="250,0,240,90,250,-80,250,0" />
</Scene>
<Scene>
<INIT seed="1,0,0,1,4,128" ten="250,330,170,250" oya="1" hai0="31,129,134,120,32,10,115,112,13,20,132,24,73" hai1="106,114,49,34,15,37,100,67,93,42,104,39,97" hai2="79,46,126,25,85,7,55,117,51,40,71,105,109" hai3="98,130,84,88,94,131,133,38,107,86,77,135,62"/><U23/><E34/><V6/><F105/><W83/><G38/><T54/><D73/><U80/><E114/><N who="0" m="43561" /><D54/><U92/><E67/><V66/><F117/><W53/><G53/><T65/><D65/><U45/><E104/><V18/><F109/><W96/><G62/><T108/><D108/><U122/><E122/><V119/><F119/><W14/><G14/><T81/><D81/><U1/><E1/><V28/><F126/><W58/><G58/><T19/><D129/><N who="3" m="49161" /><G98/><T87/><D87/><N who="3" m="33321" /><G107/><T9/><D120/><U17/><E80/><V74/><F74/><AGARI ba="0,0" hai="74,77,83,88,94,96,133,135" m="33321,49161" machi="74" ten="30,12000,2" yaku="19,1,34,2,52,2,54,1" doraHai="128" who="3" fromWho="2" sc="250,0,330,0,170,-120,250,120" />
</Scene>
<Scene>
<INIT seed="2,0,0,1,0,117" ten="250,330,50,370" oya="2" hai0="29,12,127,109,43,60,7,86,91,118,105,19,116" hai1="49,9,14,66,69,96,113,82,114,134,53,65,15" hai2="92,83,10,13,25,112,17,61,41,40,21,90,76" hai3="23,72,104,119,87,48,129,108,98,6,89,58,39"/><V24/><F112/><W95/><G39/><T99/><D109/><U47/><E134/><V94/><F25/><W35/><G108/><T26/><D127/><U130/><E130/><V18/><F61/><W0/><G129/><T135/><D135/><U78/><E15/><V131/><F131/><W110/><G35/><T115/><D115/><U30/><E30/><V45/><F45/><W71/><G71/><T85/><D43/><U32/><E32/><V77/><F94/><W46/><G110/><T125/><D7/><U31/><E31/><V93/><F93/><W97/><G72/><T107/><D60/><U28/><E28/><V133/><F133/><W2/><G119/><N who="0" m="45611" /><D125/><U67/><E96/><V5/><F5/><W51/><G6/><T88/><D86/><U50/><E50/><V59/><F59/><W70/><G70/><T27/><D99/><U16/><REACH who="1" step="1"/><E69/><REACH who="1" ten="250,320,50,370" step="2"/><V128/><F128/><W3/><G3/><T79/><D29/><U120/><E120/><V38/><F38/><W123/><G0/><T4/><D27/><U132/><E132/><V124/><F124/><W81/><G123/><T73/><D26/><U68/><E68/><V44/><F44/><W22/><G2/><T56/><D12/><U54/><E54/><V122/><F122/><W62/><G98/><T103/><D107/><U11/><E11/><V33/><F33/><W100/><G104/><T20/><D105/><U102/><E102/><V57/><F57/><W52/><G51/><T63/><D103/><U1/><E1/><V75/><F76/><W55/><AGARI ba="0,1" hai="22,23,46,48,52,55,58,62,81,87,89,95,97,100" machi="55" ten="20,5200,0" yaku="0,1,7,1,8,1,54,1" doraHai="117" who="3" fromWho="3" sc="250,-13,320,-13,50,-26,370,62" />
</Scene>
<Scene>
<INIT seed="3,0,0,3,3,59" ten="237,307,24,432" oya="3" hai0="97,4,90,13,0,74,91,124,38,118,21,116,70" hai1="28,87,54,89,18,1,53,73,93,75,108,9,94" hai2="96,20,31,11,46,100,2,5,61,17,65,58,43" hai3="105,103,6,85,82,27,109,72,34,117,7,128,25"/><W113/><G117/><T121/><D38/><U86/><E108/><V8/><F17/><W24/><G34/><T23/><D74/><U112/><E112/><V35/><F35/><W57/><G72/><T12/><D70/><U22/><E28/><V41/><F8/><W64/><G113/><T76/><D76/><U40/><E40/><V47/><F43/><W37/><G37/><T126/><D97/><U77/><E73/><V15/><F41/><W66/><G109/><T63/><D121/><U102/><E75/><V39/><F39/><W33/><G33/><T49/><D49/><U26/><E1/><V50/><F50/><W80/><G128/><T14/><D0/><U44/><E9/><V132/><F132/><W79/><G80/><T119/><D4/><U120/><E44/><V60/><F2/><W123/><G123/><T122/><D122/><U62/><E120/><V42/><F42/><W55/><G103/><T83/><D63/><U51/><E62/><V92/><REACH who="2" step="1"/><F61/><REACH who="2" ten="237,307,14,432" step="2"/><N who="3" m="36031" /><G105/><T19/><D19/><U67/><E51/><V107/><F107/><W130/><G130/><T78/><D21/><U134/><E18/><V84/><F84/><W104/><G104/><T127/><D23/><U10/><E86/><V32/><F32/><W56/><G85/><T68/><D126/><U52/><E22/><V98/><F98/><W30/><G30/><T114/><D124/><U125/><E125/><V88/><F88/><W106/><G106/><T81/><D127/><U71/><E89/><V29/><F29/><W99/><G99/><T115/><D91/><U48/><E87/><RYUUKYOKU ba="0,1" sc="237,-10,307,-10,14,30,432,-10" hai2="5,11,15,20,31,46,47,58,60,65,92,96,100" owari="227,-17.0,297,10.0,44,-46.0,432,53.0" />
</Scene>
</mjloggm>