<mjloggm ver="2.3"><GO type="169"/><UN n0="%EF%BC%BC%28%EF%BC%BE%6F%EF%BC%BE%29%EF%BC%8F%E2%98%85" n1="%E5%A4%AA%E3%81%8F%E3%81%AA%E3%81%84%E3%81%8A" n2="%73%68%69%73%73%6F%75" n3="%E3%83%97%E3%83%AD%E3%82%B8%E3%83%A3%E3%83%B3%E6%B0%8F" dan="18,17,16,17" rate="2221,2183,2019,2155" sx="M,M,M,M"/><TAIKYOKU oya="0"/>

<Scene>
<INIT seed="0,0,0,0,4,83" ten="250,250,250,250" oya="0" hai0="51,22,17,86,37,74,100,58,112,91,128,94,2" hai1="42,43,66,15,127,78,125,119,76,109,31,129,18" hai2="4,105,6,110,90,98,52,29,107,55,45,13,71" hai3="102,72,36,130,87,117,16,30,12,50,32,133,54"/><T92/><D37/><U27/><E119/><V53/><F71/><W99/><G72/><T97/><D112/><U9/><E66/><V95/><F110/><W34/><G36/><T38/><D38/><U48/><E109/><V20/><F45/><W104/><G117/><T73/><D2/><U116/><E116/><V113/><F113/><W11/><G130/><T69/><D69/><U108/><E108/><V19/><REACH who="2" step="1"/><F29/><REACH who="2" ten="250,250,240,250" step="2"/><W24/><G133/><T101/><D128/><U25/><E31/><V81/><F81/><W75/><G75/><T8/><D74/><U23/><E129/><V84/><F84/><W56/><REACH who="3" step="1"/><G87/><REACH who="3" ten="250,250,240,240" step="2"/><T85/><D73/><U77/><E125/><V80/><F80/><W44/><G44/><T124/><D124/><U132/><E127/><V5/><AGARI ba="0,2" hai="4,5,6,13,19,20,52,53,55,90,95,98,105,107" machi="5" ten="30,4000,0" yaku="1,1,0,1,54,1,53,0" doraHai="83" doraHaiUra="40" who="2" fromWho="2" sc="250,-20,250,-10,240,60,240,-10" />
</Scene>
<Scene>
<INIT seed="1,0,0,4,0,94" ten="230,240,300,230" oya="1" hai0="77,27,109,61,41,134,115,121,49,33,90,103,43" hai1="116,89,111,51,53,96,73,128,47,84,13,29,133" hai2="125,55,74,5,98,40,64,24,54,46,19,78,101" hai3="68,57,3,71,56,36,88,45,99,35,67,119,75"/><U66/><E116/><V79/><F5/><W118/><G75/><T6/><D77/><U16/><E73/><V76/><F74/><W85/><G3/><T48/><D6/><U114/><E114/><V52/><F125/><W102/><G35/><T30/><D115/><U31/><E128/><V92/><F64/><W135/><G135/><T105/><D134/><U60/><E133/><V42/><F46/><W65/><G65/><T123/><D61/><U122/><E122/><N who="0" m="46601" /><D90/><U120/><E120/><V39/><F39/><W131/><G131/><T95/><D105/><U2/><E2/><V83/><F83/><N who="3" m="49215" /><G36/><T11/><D11/><N who="1" m="6207" /><E111/><V62/><F62/><N who="3" m="38351" /><G56/><T110/><D110/><U81/><E96/><V124/><F124/><W86/><G86/><T15/><D109/><U50/><E50/><V12/><REACH who="2" step="1"/><F24/><REACH who="2" ten="230,240,290,230" step="2"/><W69/><G45/><T44/><D27/><U126/><E126/><V1/><F1/><W8/><G119/><T108/><D44/><U34/><E34/><V9/><AGARI ba="0,1" hai="9,12,19,40,42,52,54,55,76,78,79,92,98,101" machi="9" ten="30,8000,1" yaku="1,1,0,1,8,1,52,1,54,1,53,0" doraHai="94" doraHaiUra="70" who="2" fromWho="2" sc="230,-20,240,-40,290,90,230,-20" />
</Scene>
<Scene>
<INIT seed="2,0,0,1,3,119" ten="210,200,380,210" oya="2" hai0="105,81,94,78,88,8,56,49,135,129,25,59,2" hai1="76,16,6,102,34,107,86,58,101,32,97,38,133" hai2="19,22,85,123,110,18,91,118,69,17,14,45,46" hai3="73,36,72,26,30,117,71,116,42,95,132,93,67"/><V65/><F118/><W40/><G132/><T130/><D105/><U75/><E38/><V84/><F123/><W104/><G104/><T70/><D70/><U31/><E133/><V64/><F110/><W77/><G117/><T27/><D135/><U92/><E6/><V99/><F99/><W60/><G116/><T33/><D2/><U44/><E44/><N who="2" m="17003" /><F69/><W87/><G36/><T98/><D8/><U96/><E31/><V131/><F131/><N who="0" m="50186" /><D33/><U48/><E75/><V122/><F122/><W128/><G128/><T51/><D59/><U55/><E76/><V83/><F85/><W41/><G77/><T126/><D126/><U10/><REACH who="1" step="1"/><E86/><REACH who="1" ten="210,190,380,210" step="2"/><V103/><F18/><W39/><G39/><T47/><D47/><U62/><E62/><V82/><F17/><W108/><G108/><T80/><D51/><U79/><E79/><V43/><F84/><W89/><REACH who="3" step="1"/><G93/><REACH who="3" ten="210,190,380,200" step="2"/><T5/><D78/><U28/><E28/><V74/><F83/><W63/><G63/><T134/><D81/><U52/><E52/><V4/><F82/><W15/><G15/><AGARI ba="0,2" hai="10,15,16,32,34,48,55,58,92,96,97,101,102,107" machi="15" ten="40,2600,0" yaku="1,1,54,1,53,0" doraHai="119" doraHaiUra="112" who="1" fromWho="3" sc="210,0,190,46,380,0,200,-26" />
</Scene>
<Scene>
<INIT seed="3,0,0,2,1,20" ten="210,236,380,174" oya="3" hai0="35,34,29,104,39,33,135,110,73,114,82,22,95" hai1="68,44,132,78,126,62,63,10,92,108,16,129,12" hai2="28,3,102,53,54,121,5,37,50,46,107,81,18" hai3="7,133,134,21,116,96,106,80,43,25,42,86,111"/><W76/><G116/><T72/><D104/><U32/><E32/><V70/><F70/><W65/><G65/><T124/><D39/><U52/><E108/><V79/><F121/><W119/><G119/><T51/><D110/><U115/><E115/><V57/><F28/><N who="3" m="17455" /><G111/><T120/><D120/><U89/><E126/><V47/><F37/><W88/><G7/><T23/><D124/><U27/><E129/><V128/><F128/><W94/><G106/><T6/><D6/><U98/><E132/><AGARI ba="0,0" hai="42,43,76,80,86,88,94,96,132,133,134" m="17455" machi="132" ten="30,5800,0" yaku="20,1,52,1,54,1" doraHai="20" who="3" fromWho="1" sc="210,0,236,-58,380,0,174,58" />
</Scene>
<Scene>
<INIT seed="3,1,0,1,3,127" ten="210,178,380,232" oya="3" hai0="114,81,111,35,108,102,86,3,14,38,79,115,80" hai1="68,106,88,121,98,1,53,103,54,94,52,4,58" hai2="129,27,7,64,19,46,40,134,57,6,67,48,47" hai3="120,125,105,9,99,21,63,107,85,37,100,42,60"/><W62/><G120/><T12/><D3/><U30/><E121/><V76/><F134/><W78/><G125/><T128/><D35/><U61/><E68/><V0/><F129/><W118/><G118/><T8/><D38/><U77/><E30/><V56/><F76/><W135/><G135/><T17/><D102/><U87/><REACH who="1" step="1"/><E77/><REACH who="1" ten="210,168,380,232" step="2"/><V2/><F2/><W43/><G78/><T41/><D79/><U66/><E66/><V10/><F0/><W92/><G107/><T122/><D122/><U28/><E28/><V33/><F67/><W20/><G105/><T44/><D115/><U116/><E116/><V65/><F65/><W34/><G34/><T84/><D114/><U89/><E89/><V55/><F64/><W22/><G37/><T132/><D132/><U24/><E24/><V91/><F27/><W133/><G133/><T32/><D32/><U71/><E71/><V113/><F91/><W26/><G26/><T123/><D123/><U109/><E109/><V18/><F33/><W72/><G72/><T13/><D108/><U5/><E5/><V39/><F6/><W70/><G70/><T95/><D111/><U83/><E83/><V16/><F113/><W96/><G96/><T31/><D81/><U117/><E117/><V112/><F112/><W36/><G36/><T75/><D80/><U50/><E50/><V101/><F39/><W130/><G85/><T49/><D75/><U45/><E45/><V82/><F47/><W110/><G110/><T25/><D86/><U93/><E93/><V23/><F46/><W126/><G92/><T74/><D95/><RYUUKYOKU ba="1,1" sc="210,-10,168,30,380,-10,232,-10" hai1="1,4,52,53,54,58,61,87,88,94,98,103,106" />
</Scene>
<Scene>
<INIT seed="4,2,1,3,4,59" ten="200,198,370,222" oya="0" hai0="107,42,109,29,64,69,51,127,134,106,95,81,74" hai1="124,7,80,117,52,83,79,58,33,22,123,103,48" hai2="11,102,9,100,0,85,41,77,88,70,30,96,34" hai3="97,63,60,108,130,21,87,54,73,15,71,61,68"/><T66/><D134/><U111/><E111/><V36/><F70/><W132/><G108/><T56/><D109/><U67/><E123/><V47/><F77/><W1/><G1/><T40/><D69/><U27/><E117/><V126/><F126/><W129/><G73/><T92/><D127/><U90/><E124/><V75/><F75/><W35/><G35/><T94/><D29/><U26/><E103/><V115/><F115/><W6/><G132/><T119/><D119/><U93/><E7/><V104/><F0/><W78/><G54/><T4/><D4/><U105/><E105/><V5/><F5/><W116/><G116/><T14/><D14/><U120/><E120/><V82/><F102/><W57/><G57/><T114/><D114/><U3/><E3/><V118/><F118/><W31/><G97/><T25/><D25/><U50/><E67/><V45/><F45/><W13/><G13/><T19/><D66/><U49/><E33/><V2/><F2/><W125/><G125/><T20/><D107/><U17/><E27/><V18/><F18/><N who="3" m="10463" /><G31/><T131/><D106/><U8/><E8/><V53/><F53/><W39/><G39/><T76/><D64/><U110/><E110/><V23/><F23/><W135/><G135/><T24/><D131/><N who="3" m="50185" /><G6/><T101/><D101/><U10/><E10/><V128/><F128/><W133/><G133/><T84/><D74/><U28/><E28/><V12/><F12/><W98/><G98/><T32/><D32/><U46/><E26/><V38/><F38/><W16/><G16/><T44/><D56/><U37/><E58/><RYUUKYOKU ba="2,1" sc="200,10,198,-30,370,10,222,10" hai0="19,20,24,40,42,44,51,76,81,84,92,94,95" hai2="9,11,30,34,36,41,47,82,85,88,96,100,104" hai3="60,61,63,68,71,78,87" />
</Scene>
<Scene>
<INIT seed="4,3,1,3,3,32" ten="210,168,380,232" oya="0" hai0="22,9,75,35,20,69,10,41,56,24,37,89,71" hai1="101,123,8,6,83,43,120,127,135,96,0,55,62" hai2="94,98,29,54,92,60,104,16,87,13,109,48,118" hai3="17,76,1,42,11,128,126,68,70,49,99,132,117"/><T39/><D75/><U12/><E127/><V72/><F72/><W18/><G126/><T80/><D35/><U36/><E135/><V84/><F109/><W90/><G117/><T3/><D56/><U119/><E119/><V57/><F118/><W110/><G110/><T81/><D89/><U23/><E83/><V79/><F29/><W58/><G132/><T74/><D74/><U77/><E77/><V46/><F104/><W125/><G125/><T100/><D24/><U134/><E134/><V129/><F129/><W28/><G128/><T52/><D41/><U64/><E55/><V7/><F7/><W95/><G76/><T21/><D21/><U106/><E23/><N who="2" m="11663" /><F79/><W34/><G34/><T108/><D108/><U91/><E91/><N who="2" m="55647" /><F92/><W86/><G28/><T88/><D88/><U47/><REACH who="1" step="1"/><E12/><REACH who="1" ten="210,158,380,232" step="2"/><V27/><F27/><W31/><G90/><T82/><D82/><U131/><E131/><V124/><F124/><W51/><G99/><T65/><D81/><U66/><E66/><AGARI ba="3,2" hai="46,48,54,57,60,66,84,87" m="55647,11663" machi="66" ten="30,2000,0" yaku="8,1,54,1" doraHai="32" who="2" fromWho="1" sc="210,0,158,-29,380,49,232,0" />
</Scene>
<Scene>
<INIT seed="5,0,0,0,3,61" ten="210,129,429,232" oya="1" hai0="47,109,75,86,115,4,71,25,51,48,22,63,133" hai1="62,76,24,112,23,29,21,105,119,97,84,91,6" hai2="43,5,129,130,132,42,81,17,100,95,52,44,102" hai3="49,11,58,73,135,107,67,20,27,103,114,90,65"/><U72/><E119/><V2/><F132/><W78/><G135/><T126/><D75/><U39/><E39/><V41/><F81/><W118/><G118/><T98/><D133/><U45/><E112/><V104/><F104/><W70/><G70/><T18/><D115/><U94/><E6/><V122/><F122/><W1/><G114/><T116/><D116/><U131/><E131/><N who="2" m="50187" /><F95/><W10/><G10/><T110/><D4/><U89/><E45/><V40/><F52/><N who="3" m="32015" /><G107/><T16/><D98/><U60/><E23/><V79/><F79/><W74/><G74/><T35/><D35/><U57/><E57/><V33/><F33/><W0/><G0/><T34/><D34/><U28/><E28/><V36/><F17/><W134/><G134/><T123/><D18/><U8/><E8/><AGARI ba="0,0" hai="2,5,8,36,40,41,42,43,44,100,102" m="50187" machi="8" ten="30,1000,0" yaku="19,1" doraHai="61" who="2" fromWho="1" sc="210,0,129,-10,429,10,232,0" />
</Scene>
<Scene>
<INIT seed="6,0,0,5,4,127" ten="210,119,439,232" oya="2" hai0="82,1,101,5,86,52,93,46,98,12,33,94,84" hai1="38,51,99,105,123,13,44,131,124,133,32,58,129" hai2="45,81,69,104,20,134,78,106,41,87,116,6,120" hai3="9,57,31,117,68,128,17,65,111,14,97,37,83"/><V24/><F116/><W95/><G68/><T59/><D33/><U7/><E32/><V102/><F120/><W115/><G111/><T132/><D1/><U18/><E124/><V19/><F69/><W126/><G117/><T75/><D132/><U119/><E119/><V114/><F114/><W91/><G126/><T108/><D108/><U48/><E7/><V70/><F70/><W96/><G128/><N who="1" m="49226" /><E133/><V135/><F6/><W47/><G115/><T66/><D75/><U35/><E35/><V29/><F102/><W25/><G83/><T64/><D86/><U56/><E123/><V89/><F78/><W39/><G97/><T113/><D113/><U63/><E38/><N who="2" m="21687" /><F29/><W21/><G47/><T73/><D73/><U55/><E58/><V103/><F134/><W118/><G118/><T11/><D46/><U90/><E44/><V43/><F43/><W27/><G39/><T10/><D5/><U107/><E90/><V30/><F89/><W26/><G37/><T110/><D59/><U0/><E0/><V15/><F135/><W60/><AGARI ba="0,0" hai="9,14,17,21,25,26,27,31,57,60,65,91,95,96" machi="60" ten="30,2000,0" yaku="0,1,8,1" doraHai="127" who="3" fromWho="3" sc="210,-5,119,-5,439,-10,232,20" />
</Scene>
<Scene>
<INIT seed="7,0,0,5,5,30" ten="205,114,429,252" oya="3" hai0="16,29,43,11,10,0,124,135,105,113,117,40,99" hai1="92,46,118,98,82,80,76,121,24,134,120,17,107" hai2="74,51,104,67,37,128,97,132,106,114,23,2,4" hai3="64,26,60,25,8,87,130,14,102,38,39,50,9"/><W68/><G130/><T90/><D117/><U36/><E118/><V133/><F114/><W95/><G8/><T77/><D113/><U32/><E134/><N who="2" m="51819" /><F37/><W41/><G50/><T122/><D122/><U101/><E82/><V70/><F74/><W125/><G125/><T69/><D69/><U126/><E126/><V45/><F128/><W5/><G41/><T85/><D29/><U1/><E1/><V7/><F23/><W44/><G44/><T52/><D124/><U83/><E83/><V94/><F67/><W35/><G35/><T79/><D135/><U54/><E92/><V93/><F70/><W127/><G68/><T42/><D10/><U57/><E57/><V27/><F27/><W86/><G26/><T119/><D119/><U47/><E47/><V65/><F65/><W73/><G64/><T75/><D75/><U66/><E66/><V109/><F109/><W55/><G73/><T49/><D105/><N who="2" m="40554" /><F2/><W33/><G25/><T34/><D34/><U71/><E71/><V100/><F94/><W22/><G95/><T31/><D31/><U84/><E36/><V58/><F58/><W48/><G39/><T72/><D72/><U3/><E3/><V28/><F28/><W111/><G38/><T78/><D0/><U13/><E24/><V12/><F12/><W20/><G14/><N who="0" m="7263" /><D99/><U96/><E96/><V88/><F100/><W108/><G102/><T81/><D79/><U56/><E32/><V123/><F123/><N who="1" m="47177" /><E46/><AGARI ba="0,0" hai="40,42,43,46,49,52,77,78,81,85,90" m="7263" machi="46" ten="30,7700,0" yaku="25,1,8,1,54,2" doraHai="30" who="0" fromWho="1" sc="205,77,114,-77,429,0,252,0" owari="282,8.0,37,-46.0,429,53.0,252,-15.0" />
</Scene>
</mjloggm>