<mjloggm ver="2.3"><GO type="169"/><UN n0="%E5%A4%AA%E3%81%8F%E3%81%AA%E3%81%84%E3%81%8A" n1="%E3%81%94%E3%81%98%E3%82%83%E3%82%8B" n2="%E2%99%AA%E3%83%A2%E3%83%8E%E3%82%AF%E3%83%AD" n3="%2D%72%6F%6E%2D" dan="18,17,18,17" rate="2160,2187,2180,2184" sx="M,M,F,M"/><TAIKYOKU oya="0"/>

<Scene>
<INIT seed="0,0,0,5,5,64" ten="250,250,250,250" oya="0" hai0="117,74,23,72,12,83,43,38,9,28,7,29,105" hai1="30,20,52,63,58,84,131,37,77,107,121,14,66" hai2="45,102,89,59,46,25,67,47,127,79,65,71,101" hai3="119,123,10,80,111,104,56,21,98,134,16,53,62"/><T51/><D117/><U94/><E107/><V128/><F79/><W33/><G119/><T129/><D105/><U11/><E37/><V87/><F127/><W125/><G111/><T24/><D129/><U75/><E75/><V42/><F128/><W8/><G33/><T61/><D38/><U6/><E131/><V73/><F73/><W86/><G125/><T88/><D29/><U113/><E121/><V3/><F3/><W32/><G32/><T0/><D0/><U19/><E30/><V60/><F42/><W103/><G134/><T114/><D114/><U78/><E113/><V85/><F85/><W91/><REACH who="3" step="1"/><G123/><REACH who="3" ten="250,250,250,240" step="2"/><T118/><D118/><U13/><E66/><V57/><F67/><W100/><G100/><T76/><D61/><U106/><E106/><V68/><F71/><W112/><G112/><T93/><D74/><U122/><E122/><V35/><F101/><W44/><G44/><T48/><REACH who="0" step="1"/><D43/><REACH who="0" ten="240,250,250,240" step="2"/><U133/><E133/><V15/><F60/><W81/><G81/><T26/><D26/><AGARI ba="0,2" hai="8,10,16,21,26,53,56,62,80,86,91,98,103,104" machi="26" ten="30,7700,0" yaku="1,1,7,1,54,1,53,1" doraHai="64" doraHaiUra="92" who="3" fromWho="0" sc="240,-77,250,0,250,0,240,97" />
</Scene>
<Scene>
<INIT seed="1,0,0,4,4,43" ten="163,250,250,337" oya="1" hai0="98,56,50,32,119,66,64,83,86,47,18,19,10" hai1="25,104,37,82,114,57,125,53,49,132,102,72,110" hai2="88,16,113,3,115,84,24,15,59,52,100,120,0" hai3="123,90,96,128,46,12,22,107,38,77,87,27,20"/><U63/><E114/><N who="2" m="43531" /><F24/><W2/><G2/><T126/><D119/><U9/><E37/><V134/><F100/><W61/><G77/><T60/><D32/><U39/><E39/><V130/><F130/><W74/><G74/><T94/><D126/><U89/><E125/><V68/><F68/><W101/><G123/><T73/><D73/><U41/><E132/><V23/><F134/><W85/><G128/><T65/><D10/><U6/><E110/><V81/><F120/><W99/><G22/><T30/><D30/><U105/><E102/><V131/><F131/><W127/><G12/><T44/><D18/><U48/><E105/><V75/><F75/><W121/><G121/><T124/><D19/><U103/><E103/><V109/><F109/><W31/><G127/><T70/><D124/><U1/><E104/><V71/><F71/><W116/><G116/><T76/><D70/><U26/><E72/><V11/><F11/><W91/><G61/><AGARI ba="0,0" hai="0,3,15,16,23,52,59,61,81,84,88" m="43531" machi="61" ten="30,7700,0" yaku="11,1,54,3" doraHai="43" who="2" fromWho="3" sc="163,0,250,0,250,77,337,-77" />
</Scene>
<Scene>
<INIT seed="2,0,0,4,1,57" ten="163,250,327,260" oya="2" hai0="56,19,1,45,98,129,9,8,62,83,128,85,4" hai1="88,76,34,0,13,71,126,3,86,125,42,58,16" hai2="33,102,51,124,29,31,46,84,122,127,134,89,106" hai3="59,91,72,12,81,21,38,7,104,74,96,44,22"/><V36/><F36/><W78/><G74/><T23/><D45/><U75/><E71/><V50/><F122/><W17/><G7/><T14/><D98/><U70/><E70/><V11/><F134/><W131/><G131/><T79/><REACH who="0" step="1"/><D9/><REACH who="0" ten="153,250,327,260" step="2"/><U114/><E114/><V2/><F11/><W113/><G44/><T94/><D94/><U49/><E126/><V82/><F46/><W99/><G99/><T60/><D60/><U130/><E125/><V47/><F47/><W107/><G38/><T68/><D68/><U30/><E130/><V5/><F127/><W108/><G113/><T97/><D97/><U20/><E42/><V112/><F124/><W15/><G108/><T92/><D92/><U95/><E49/><V65/><F51/><W101/><G107/><T41/><D41/><U6/><E58/><V110/><F50/><W26/><G59/><T100/><D100/><U135/><E135/><V54/><F102/><W133/><G133/><T43/><D43/><U80/><REACH who="1" step="1"/><E6/><REACH who="1" ten="153,240,327,260" step="2"/><V32/><F5/><W63/><G63/><T120/><D120/><U132/><E132/><V64/><F112/><W123/><G123/><T121/><D121/><U67/><E67/><AGARI ba="0,2" hai="1,4,8,14,19,23,56,62,67,79,83,85,128,129" machi="67" ten="40,2600,0" yaku="1,1,52,1,53,0" doraHai="57" doraHaiUra="115" who="0" fromWho="1" sc="153,46,240,-26,327,0,260,0" />
</Scene>
<Scene>
<INIT seed="3,0,0,5,0,12" ten="199,214,327,260" oya="3" hai0="25,33,21,90,71,44,22,97,47,13,69,107,76" hai1="58,46,10,93,65,57,86,4,105,122,112,39,73" hai2="68,43,89,41,108,32,2,109,75,37,66,34,11" hai3="20,5,52,81,104,98,77,91,92,134,24,95,106"/><W36/><G36/><T55/><D76/><U59/><E105/><V51/><F51/><W87/><G5/><T80/><D33/><N who="2" m="12906" /><F89/><W130/><G130/><T29/><D107/><U9/><E73/><V56/><F56/><W8/><G8/><T114/><D114/><U116/><E112/><V60/><F75/><W118/><G118/><T28/><D55/><U0/><E116/><V61/><F61/><W133/><G92/><T48/><D97/><U17/><E65/><V120/><F120/><W14/><G14/><T72/><D72/><U54/><E122/><V53/><F53/><W63/><G134/><T26/><D13/><U64/><E64/><V101/><F101/><W7/><G7/><T103/><D103/><U125/><E39/><V126/><F126/><W100/><G133/><T132/><D132/><U102/><E125/><V119/><F119/><W74/><G106/><T50/><D80/><U30/><E46/><N who="2" m="23855" /><F43/><W96/><G96/><T135/><D135/><U128/><E128/><V70/><F70/><W110/><G52/><T1/><REACH who="0" step="1"/><D90/><REACH who="0" ten="189,214,327,260" step="2"/><N who="1" m="53463" /><E102/><V84/><F84/><W99/><G99/><T124/><D124/><U78/><E78/><V94/><F94/><W6/><G63/><T38/><D38/><U67/><E54/><V131/><F131/><W123/><G123/><T3/><AGARI ba="0,1" hai="1,3,21,22,25,26,28,29,44,47,48,50,69,71" machi="3" ten="25,6400,0" yaku="1,1,0,1,22,2,53,0" doraHai="12" doraHaiUra="82" who="0" fromWho="0" sc="189,74,214,-16,327,-16,260,-32" />
</Scene>
<Scene>
<INIT seed="4,0,0,0,4,53" ten="263,198,311,228" oya="0" hai0="69,19,116,48,87,86,3,8,81,42,6,102,52" hai1="11,44,49,111,129,5,61,84,130,88,29,126,107" hai2="23,40,54,112,45,13,33,82,122,71,91,30,74" hai3="100,51,27,43,24,124,31,62,70,14,133,125,134"/><T113/><D116/><U28/><E107/><V121/><F71/><W56/><G100/><T98/><D69/><U119/><E111/><V79/><F112/><W18/><G70/><T37/><D113/><U93/><E119/><V132/><F132/><N who="3" m="50795" /><G43/><T63/><D63/><U34/><E126/><N who="3" m="48746" /><G51/><T50/><D37/><U135/><E135/><V46/><F45/><W22/><G31/><T7/><D7/><U9/><E9/><V17/><F40/><W114/><G114/><T67/><D67/><AGARI ba="0,0" hai="14,18,22,24,27,56,62,67" m="48746,50795" machi="67" ten="30,3900,0" yaku="20,1,18,1,52,1" doraHai="53" who="3" fromWho="0" sc="263,-39,198,0,311,0,228,39" />
</Scene>
<Scene>
<INIT seed="5,0,0,5,5,35" ten="224,198,311,267" oya="1" hai0="109,19,44,116,65,52,40,18,106,73,0,90,75" hai1="92,2,113,24,123,131,99,80,4,69,12,67,5" hai2="97,135,71,37,117,32,125,81,33,6,20,122,57" hai3="134,30,119,78,56,13,72,61,94,66,48,26,120"/><U64/><E123/><V85/><F71/><W10/><G120/><T107/><D109/><U21/><E113/><V45/><F117/><W87/><G134/><T62/><D116/><U3/><E80/><V76/><F122/><W50/><G119/><T39/><D90/><U127/><E12/><V108/><F108/><W63/><G72/><N who="0" m="27723" /><D52/><U100/><E131/><V27/><F125/><W53/><G78/><T128/><D18/><U54/><E127/><V60/><F135/><W114/><G114/><T126/><D19/><U129/><E129/><V74/><F74/><W70/><G87/><T15/><D15/><U121/><E121/><V7/><F97/><W22/><REACH who="3" step="1"/><G94/><REACH who="3" ten="224,198,311,257" step="2"/><T102/><D128/><U98/><E92/><V101/><F85/><W42/><G42/><T29/><D126/><U133/><E133/><V16/><F76/><W38/><G38/><T51/><D39/><U93/><E93/><V82/><F37/><W105/><G105/><T11/><D107/><U41/><E41/><V14/><F82/><W96/><G96/><T86/><D86/><U23/><E100/><V88/><F101/><W43/><G43/><T118/><D118/><U89/><E89/><V34/><F88/><W91/><G91/><T1/><D102/><U46/><E99/><V9/><F81/><W25/><G25/><T79/><D79/><U31/><E98/><V104/><F104/><W124/><G124/><T17/><D106/><U49/><E31/><V132/><F132/><W55/><G55/><N who="0" m="30183" /><D29/><U111/><E111/><V36/><F36/><W115/><G115/><T110/><D110/><RYUUKYOKU ba="0,1" sc="224,-10,198,-10,311,-10,257,30" hai3="10,13,22,26,30,48,50,53,56,61,63,66,70" />
</Scene>
<Scene>
<INIT seed="6,1,1,1,2,38" ten="214,188,301,287" oya="2" hai0="12,120,122,83,102,61,93,68,109,73,7,88,62" hai1="71,20,112,96,29,108,85,26,10,95,1,92,81" hai2="101,128,134,59,91,119,90,114,79,30,18,127,39" hai3="22,56,3,115,76,110,116,130,52,84,106,103,16"/><V41/><F119/><W46/><G110/><T70/><D109/><U14/><E108/><V65/><F30/><W42/><G116/><T43/><D102/><U124/><E71/><V113/><F127/><W51/><G130/><T77/><D43/><U82/><E124/><V19/><F134/><W75/><G3/><T111/><D111/><U15/><E112/><N who="2" m="43115" /><F79/><W32/><G32/><T54/><D68/><U64/><E1/><V107/><F128/><W72/><G115/><T44/><D62/><U47/><E64/><V49/><F39/><W36/><G106/><T24/><D24/><U133/><E133/><V121/><F121/><W37/><G103/><T97/><D70/><U55/><E82/><V87/><F65/><W98/><G98/><T50/><REACH who="0" step="1"/><D61/><REACH who="0" ten="204,188,301,287" step="2"/><U13/><E10/><AGARI ba="1,2" hai="7,10,12,44,50,54,73,77,83,88,93,97,120,122" machi="10" ten="40,8000,1" yaku="1,1,2,1,54,1,53,1" doraHai="38" doraHaiUra="48" who="0" fromWho="1" sc="204,103,188,-83,301,0,287,0" />
</Scene>
<Scene>
<INIT seed="7,0,0,4,5,10" ten="307,105,301,287" oya="3" hai0="34,14,53,134,68,24,33,91,9,51,132,71,19" hai1="94,48,37,42,54,12,89,7,32,57,90,15,28" hai2="96,45,87,35,52,88,0,76,25,18,60,124,2" hai3="63,133,102,4,121,84,107,109,17,78,73,50,120"/><W23/><G133/><N who="0" m="51307" /><D91/><U114/><E114/><V61/><F124/><W127/><G127/><T56/><D24/><U62/><E37/><V117/><F117/><W119/><G119/><T122/><D122/><U41/><E32/><AGARI ba="0,0" hai="9,14,19,32,33,34,51,53,56,68,71" m="51307" machi="32" ten="30,2000,0" yaku="20,1,52,1" doraHai="10" who="0" fromWho="1" sc="307,20,105,-20,301,0,287,0" owari="327,42.0,85,-41.0,301,10.0,287,-11.0" />
</Scene>
</mjloggm>