<mjloggm ver="2.3"><GO type="169"/><UN n0="%E5%AF%BE%E5%AD%90%E3%81%AE%E7%8E%8B%E6%A7%98" n1="%E5%A4%AA%E3%81%8F%E3%81%AA%E3%81%84%E3%81%8A" n2="%E9%81%8A%E8%B5%B0" n3="%E4%BF%BA%E3%81%A4%E3%81%88%E3%81%88%E3%81%88%EF%BD%9E" dan="17,16,17,16" rate="2123,2109,2141,2118" sx="M,M,F,F"/><TAIKYOKU oya="0"/>

<Scene>
<INIT seed="0,0,0,5,2,21" ten="250,250,250,250" oya="0" hai0="41,129,132,83,52,60,70,47,94,135,81,54,44" hai1="49,84,18,27,17,3,8,6,91,118,4,64,126" hai2="72,37,122,127,97,50,57,98,85,43,76,92,7" hai3="39,86,23,116,62,82,5,35,33,78,133,102,124"/><T28/><D94/><U114/><E118/><V53/><F122/><W115/><G116/><T100/><D100/><U31/><E126/><V58/><F72/><W110/><G115/><T95/><D95/><U19/><E114/><V38/><F127/><W15/><G39/><T12/><D12/><U65/><E6/><V29/><F7/><W24/><G124/><T113/><D113/><U120/><E49/><V16/><F29/><W74/><G102/><T1/><D1/><U48/><E48/><V105/><F105/><W104/><G104/><T68/><D28/><U67/><E120/><V22/><F58/><W119/><G119/><T130/><D60/><U10/><E10/><V66/><F66/><W25/><G133/><T112/><D112/><U109/><E109/><V93/><F43/><AGARI ba="0,0" hai="41,43,44,47,52,54,68,70,81,83,129,130,132,135" machi="43" ten="25,4800,0" yaku="22,2,54,1" doraHai="21" who="0" fromWho="2" sc="250,48,250,0,250,-48,250,0" />
</Scene>
<Scene>
<INIT seed="0,1,0,0,0,74" ten="298,250,202,250" oya="0" hai0="14,108,92,107,61,131,23,49,8,93,10,9,63" hai1="5,13,119,114,51,103,106,110,47,118,130,31,43" hai2="67,104,105,80,64,89,65,72,85,32,96,71,6" hai3="77,33,56,83,29,60,40,66,127,1,55,88,54"/><T129/><D107/><U81/><E110/><V37/><F71/><W79/><G1/><T128/><D49/><U68/><E68/><V26/><F37/><W44/><G127/><T124/><D124/><U18/><E130/><V28/><F72/><W94/><G29/><T27/><D14/><U42/><E114/><V82/><F6/><W84/><G33/><T41/><D41/><U25/><E5/><V69/><F69/><W111/><G111/><T48/><D48/><U59/><E43/><V112/><F112/><W0/><G0/><T132/><D108/><U20/><E59/><V30/><F30/><W91/><G40/><T19/><REACH who="0" step="1"/><D132/><REACH who="0" ten="288,250,202,250" step="2"/><U73/><E106/><V109/><F109/><W99/><REACH who="3" step="1"/><G44/><REACH who="3" ten="288,250,202,240" step="2"/><T90/><D90/><U50/><E47/><V2/><F2/><W95/><G95/><AGARI ba="1,2" hai="8,9,10,19,23,27,61,63,92,93,95,128,129,131" machi="95" ten="50,4800,0" yaku="1,1,19,1,53,0" doraHai="74" doraHaiUra="116" who="0" fromWho="3" sc="288,71,250,0,202,0,240,-51" />
</Scene>
<Scene>
<INIT seed="0,2,0,3,0,101" ten="359,250,202,189" oya="0" hai0="120,0,28,122,3,37,65,44,43,40,77,46,99" hai1="6,133,29,69,5,47,116,91,61,90,55,82,73" hai2="48,103,79,86,11,18,51,72,102,119,71,14,36" hai3="106,78,58,24,105,98,50,62,130,21,60,111,41"/><T68/><D28/><U74/><E116/><V22/><F72/><W81/><G111/><T63/><D77/><U20/><E133/><V93/><F36/><W27/><G130/><T39/><REACH who="0" step="1"/><D99/><REACH who="0" ten="349,250,202,189" step="2"/><U76/><E29/><V30/><F119/><W19/><G98/><T95/><D95/><U33/><E76/><V35/><F79/><W1/><G1/><AGARI ba="2,1" hai="0,1,3,37,39,40,43,44,46,63,65,68,120,122" machi="1" ten="40,12000,1" yaku="1,1,9,1,23,2,53,0" doraHai="101" doraHaiUra="132" who="0" fromWho="3" sc="349,136,250,0,202,0,189,-126" />
</Scene>
<Scene>
<INIT seed="0,3,0,5,3,25" ten="485,250,202,63" oya="0" hai0="0,58,80,96,44,79,102,81,124,135,37,106,72" hai1="104,47,76,48,3,110,34,50,5,109,111,38,82" hai2="107,90,127,92,132,70,18,103,53,97,113,33,9" hai3="13,29,32,30,71,4,7,21,116,62,114,117,119"/><T126/><D135/><U2/><E104/><V134/><F113/><W26/><G71/><T73/><D58/><U45/><E34/><V88/><F33/><W46/><G62/><T22/><D22/><U131/><E131/><V69/><F127/><W87/><G46/><N who="1" m="17418" /><E38/><V40/><F40/><W66/><G66/><T61/><D61/><U60/><E60/><V11/><F53/><W17/><G87/><T133/><D0/><N who="1" m="43" /><E5/><N who="3" m="2122" /><G114/><T121/><D121/><U65/><E65/><V105/><F18/><N who="3" m="12599" /><G32/><T54/><D133/><U120/><E120/><V28/><F97/><W59/><G59/><T24/><D37/><U85/><AGARI ba="3,0" hai="48,50,76,82,85,109,110,111" m="43,17418" machi="85" ten="40,1500,0" yaku="14,1" doraHai="25" who="1" fromWho="1" sc="485,-10,250,24,202,-7,63,-7" />
</Scene>
<Scene>
<INIT seed="1,0,0,2,5,109" ten="475,274,195,56" oya="1" hai0="114,45,50,80,16,37,85,47,25,63,131,1,111" hai1="60,110,86,72,55,113,51,31,24,44,104,7,98" hai2="53,22,93,130,28,0,126,84,67,5,11,42,133" hai3="65,38,14,2,32,57,10,46,123,117,70,4,102"/><U43/><E72/><V71/><F130/><W92/><G123/><T20/><D1/><U64/><E110/><V118/><F118/><W26/><G117/><T115/><D111/><U15/><E86/><V74/><F74/><W89/><G102/><T101/><D131/><U88/><E7/><V17/><F126/><W49/><G38/><T91/><D101/><U35/><E15/><V13/><F133/><W107/><G107/><T128/><D128/><U29/><E29/><V66/><F42/><W83/><G83/><T62/><D37/><U129/><E129/><V75/><F75/><W135/><G135/><T100/><D100/><N who="1" m="62487" /><E88/><V122/><F122/><W21/><G70/><T82/><D82/><U76/><E76/><V41/><F41/><W3/><G32/><T106/><D106/><U77/><E77/><V127/><F127/><W105/><G105/><T125/><D125/><U69/><E55/><V40/><F40/><W73/><G73/><T59/><D63/><U18/><E18/><V97/><F84/><W8/><G8/><T95/><D80/><U108/><E108/><V90/><F71/><W119/><G119/><T34/><D34/><U78/><E78/><V27/><REACH who="2" step="1"/><F53/><REACH who="2" ten="475,274,185,56" step="2"/><W116/><G116/><T79/><D79/><U81/><E43/><V12/><F12/><W132/><G132/><T68/><D68/><U112/><E69/><V58/><F58/><W33/><G57/><T99/><D85/><U103/><E44/><V6/><F6/><W87/><G3/><T134/><D134/><U94/><E64/><V36/><F36/><W23/><G65/><RYUUKYOKU ba="0,1" sc="475,-10,274,-10,185,30,56,-10" hai2="0,5,11,13,17,22,27,28,66,67,90,93,97" />
</Scene>
<Scene>
<INIT seed="2,1,1,3,4,48" ten="465,264,215,46" oya="2" hai0="110,0,98,26,115,91,2,46,88,128,23,18,8" hai1="119,118,87,13,37,79,73,123,10,55,59,85,82" hai2="101,124,133,76,68,86,6,16,14,117,125,75,47" hai3="4,72,65,100,113,63,102,5,71,60,20,24,112"/><V32/><F117/><W104/><G72/><T129/><D115/><U50/><E123/><V81/><F68/><W70/><G24/><T49/><D110/><U90/><E37/><V114/><F114/><N who="3" m="44139" /><G20/><T44/><D44/><U28/><E28/><V39/><F32/><W36/><G104/><T52/><D98/><U51/><E51/><V21/><F133/><W94/><G94/><T116/><D116/><U80/><REACH who="1" step="1"/><E73/><REACH who="1" ten="465,254,215,46" step="2"/><V57/><F75/><W61/><G36/><T105/><D105/><U43/><E43/><V54/><F39/><W22/><G22/><T42/><D42/><U17/><AGARI ba="1,2" hai="10,13,17,50,55,59,79,80,82,85,87,90,118,119" machi="17" ten="20,12000,2" yaku="1,1,0,1,7,1,52,1,53,2" doraHai="48" doraHaiUra="83" who="1" fromWho="1" sc="465,-31,254,143,215,-61,46,-31" />
</Scene>
<Scene>
<INIT seed="3,0,0,5,3,15" ten="434,397,154,15" oya="3" hai0="112,82,16,67,32,38,55,100,1,131,99,50,96" hai1="43,9,12,37,71,124,106,5,54,89,72,0,84" hai2="97,39,77,24,76,3,135,91,68,87,52,63,48" hai3="46,11,20,107,132,134,14,41,128,60,116,93,75"/><W83/><G107/><T25/><D38/><U62/><E106/><V29/><F39/><W110/><G116/><T53/><D1/><U66/><E72/><V42/><F3/><W86/><G20/><N who="0" m="13447" /><D32/><U19/><E124/><V81/><F135/><W122/><G122/><T28/><D28/><U18/><E54/><V127/><F127/><W117/><G117/><T64/><D131/><U31/><E31/><V17/><F42/><W34/><G34/><T79/><D112/><U108/><E108/><V101/><F17/><N who="3" m="8415" /><G128/><T103/><D82/><U78/><E78/><V21/><F68/><W133/><G110/><T121/><D79/><U70/><E70/><V88/><F77/><N who="3" m="44479" /><G60/><T95/><D121/><U26/><E26/><V114/><F63/><W30/><G30/><T2/><D2/><U65/><E65/><N who="0" m="25161" /><D50/><U40/><E37/><V102/><F114/><W6/><G6/><T111/><D111/><U125/><E125/><V118/><F118/><W113/><G113/><T27/><D27/><U57/><E71/><V105/><F102/><N who="0" m="38954" /><D95/><N who="1" m="54695" /><E0/><V126/><F126/><W56/><G56/><AGARI ba="0,0" hai="21,24,29,48,52,56,76,81,87,88,91,97,101,105" machi="56" ten="30,3900,0" yaku="7,1,54,2" doraHai="15" who="2" fromWho="3" sc="434,0,397,0,154,39,15,-39" owari="434,53.0,397,20.0,193,-21.0,-24,-52.0" />
</Scene>
</mjloggm>