<mjloggm ver="2.3"><GO type="97"/><UN n0="%E5%A4%AA%E3%81%8F%E3%81%AA%E3%81%84%E3%81%8A" n1="%E3%83%9E%E3%83%88%E3%83%AA%E3%83%83%E3%82%AF%E3%82%B9" n2="%E3%82%A4%E3%82%BA%E3%83%9F%E3%83%B3" n3="%EF%BC%96%EF%BC%96" dan="14,15,14,15" rate="1998,2022,1915,1951" sx="M,M,M,M"/><TAIKYOKU oya="0"/>

<Scene>
<INIT seed="0,0,0,1,0,33" ten="250,250,250,250" oya="0" hai0="31,133,122,80,96,109,27,58,20,11,125,17,30" hai1="117,84,61,25,134,67,41,70,48,7,78,89,119" hai2="9,28,19,111,98,24,55,71,76,3,53,38,5" hai3="14,90,23,101,46,29,116,43,81,127,115,0,12"/><T21/><D122/><U93/><E134/><V39/><F71/><W113/><G116/><T118/><D118/><U95/><E7/><V130/><F130/><W57/><G101/><T100/><D133/><U74/><E25/><V77/><F19/><W40/><G57/><T54/><D125/><U87/><E74/><V4/><F111/><W36/><G127/><T124/><D124/><U6/><E6/><V105/><F105/><W32/><G32/><T79/><D109/><U85/><E85/><V37/><F98/><W126/><G126/><T8/><D80/><U94/><E94/><V103/><F103/><W99/><G81/><T106/><D79/><U10/><E10/><V44/><F5/><W60/><G99/><T112/><D112/><U34/><E34/><V132/><F132/><W120/><G120/><T121/><D121/><U75/><E75/><V13/><F13/><W107/><G107/><T68/><D68/><U86/><E86/><V51/><REACH who="2" step="1"/><F55/><REACH who="2" ten="250,250,240,250" step="2"/><W88/><G14/><T82/><D17/><U52/><E78/><V16/><F16/><W15/><G12/><T129/><D129/><U50/><E41/><V128/><F128/><W65/><G43/><T108/><D108/><U42/><E42/><V2/><F2/><W47/><G0/><T97/><D97/><U66/><E66/><V62/><F62/><W123/><G65/><T63/><D106/><U69/><E69/><V114/><F114/><W73/><G113/><T49/><D96/><U92/><E52/><V56/><F56/><W45/><G115/><T59/><D59/><U110/><E110/><RYUUKYOKU ba="0,1" sc="250,-10,250,-10,240,30,250,-10" hai2="3,4,9,24,28,37,38,39,44,51,53,76,77" />
</Scene>
<Scene>
<INIT seed="1,1,1,3,0,98" ten="240,240,270,240" oya="1" hai0="121,57,99,96,72,124,36,50,1,56,73,28,130" hai1="133,16,100,131,134,125,0,53,114,110,29,22,135" hai2="30,38,59,102,7,21,79,54,116,97,32,80,5" hai3="8,55,109,108,86,128,111,35,45,44,24,11,63"/><U52/><E114/><V18/><F38/><W34/><G24/><T51/><D36/><U123/><E123/><V12/><F116/><W117/><G117/><T94/><D1/><U25/><E0/><V26/><F54/><N who="1" m="21097" /><E110/><V42/><F42/><W126/><G126/><T105/><D124/><U15/><E125/><V84/><REACH who="2" step="1"/><F59/><REACH who="2" ten="240,240,260,240" step="2"/><W113/><G55/><T89/><D57/><U20/><E131/><V65/><F65/><W122/><G128/><T93/><D56/><U3/><E3/><V9/><F9/><W40/><G40/><T60/><D130/><U68/><E68/><V17/><F17/><W62/><G111/><T120/><D120/><U33/><E33/><V101/><F101/><AGARI ba="1,2" hai="15,16,20,22,25,29,100,101,133,134,135" m="21097" machi="101" ten="40,12000,1" yaku="20,1,52,2,54,2" doraHai="98" who="1" fromWho="2" sc="240,0,240,143,260,-123,240,0" />
</Scene>
<Scene>
<INIT seed="1,2,0,3,5,10" ten="240,383,137,240" oya="1" hai0="29,124,83,40,104,90,0,129,43,19,30,110,123" hai1="8,66,51,76,77,95,67,28,4,125,101,37,21" hai2="27,85,9,56,31,133,63,60,24,105,134,108,100" hai3="112,93,50,75,2,117,12,132,99,103,15,26,42"/><U52/><E37/><V91/><F100/><W25/><G75/><T45/><D104/><U49/><E125/><V62/><F105/><W74/><G74/><T87/><D0/><U102/><E28/><N who="0" m="10857" /><D124/><U98/><E21/><V16/><F108/><W53/><G112/><T89/><D110/><U115/><E115/><V68/><F68/><W73/><G73/><T113/><D113/><U86/><E102/><V107/><F107/><W48/><G2/><T111/><D111/><U47/><E51/><V70/><F56/><N who="3" m="32807" /><G117/><T72/><D72/><U81/><REACH who="1" step="1"/><E76/><REACH who="1" ten="240,373,137,240" step="2"/><V114/><F114/><W22/><G132/><N who="2" m="50793" /><F70/><W55/><G42/><T44/><D43/><U79/><E79/><V131/><F31/><N who="3" m="17847" /><G26/><T64/><D40/><U58/><E58/><AGARI ba="2,1" hai="12,15,50,55,58,93,99,103" m="17847,32807" machi="58" ten="30,3900,0" yaku="8,1,52,2" doraHai="10" who="3" fromWho="1" sc="240,0,373,-45,137,0,240,55" />
</Scene>
<Scene>
<INIT seed="2,0,0,0,0,101" ten="240,328,137,295" oya="2" hai0="124,14,69,94,57,3,18,13,75,123,125,61,92" hai1="112,54,60,127,78,44,12,15,47,89,83,63,118" hai2="133,4,52,58,117,5,34,116,128,72,103,126,10" hai3="115,84,81,45,91,114,73,97,26,106,86,37,85"/><V122/><F34/><W65/><G65/><T6/><D123/><U102/><E112/><V131/><F72/><W50/><G37/><T19/><D75/><U32/><E32/><V9/><F122/><W82/><G26/><T109/><D69/><U35/><E35/><V62/><F126/><N who="0" m="48746" /><D109/><U76/><E127/><V28/><F28/><W27/><G45/><N who="1" m="17482" /><E118/><V77/><F77/><N who="1" m="29801" /><E102/><V33/><F33/><W95/><G50/><T119/><D119/><U38/><E38/><V108/><F103/><N who="3" m="62831" /><G27/><T1/><D57/><N who="1" m="34871" /><E63/><V110/><F117/><W105/><G73/><T121/><D61/><U17/><E17/><N who="0" m="6153" /><D121/><U70/><E70/><V90/><F116/><W120/><G120/><T24/><D24/><U80/><E83/><N who="3" m="31754" /><G105/><T98/><D6/><N who="2" m="2666" /><F90/><W31/><G31/><T132/><D3/><U96/><E80/><V100/><F100/><W113/><AGARI ba="0,0" hai="84,85,86,91,95,113,114,115" m="31754,62831" machi="113" ten="40,8000,1" yaku="11,1,34,2,52,1" doraHai="101" who="3" fromWho="3" sc="240,-20,328,-20,137,-40,295,80" />
</Scene>
<Scene>
<INIT seed="3,0,0,0,5,82" ten="220,308,97,375" oya="3" hai0="28,3,92,103,101,64,90,21,78,19,47,41,125" hai1="34,129,107,109,1,65,6,5,108,31,135,22,49" hai2="30,68,67,40,127,128,99,133,96,59,42,48,91" hai3="32,27,20,93,87,77,86,9,134,89,80,81,56"/><W126/><G126/><T52/><D3/><U83/><E107/><V124/><F30/><W57/><G134/><T7/><D125/><N who="2" m="48202" /><F91/><N who="3" m="51655" /><G32/><T76/><D7/><U37/><E37/><V4/><F4/><W60/><G9/><T8/><D64/><U26/><E65/><V119/><F96/><N who="3" m="57391" /><G60/><T11/><D28/><AGARI ba="0,0" hai="20,27,28,56,57,77,81,87" m="57391,51655" machi="28" ten="30,5800,0" yaku="8,1,52,2" doraHai="82" who="3" fromWho="0" sc="220,-58,308,0,97,0,375,58" owari="162,-24.0,308,11.0,97,-40.0,433,53.0" />
</Scene>
</mjloggm>