<mjloggm ver="2.3"><GO type="169"/><UN n0="%E5%94%90%E6%8F%9A%E5%A4%A7%E5%A5%BD%E3%81%8D" n1="%E5%A4%AA%E3%81%8F%E3%81%AA%E3%81%84%E3%81%8A" n2="%4D%61%72%6C%69%6E" n3="%E3%81%B3%E3%82%8A%E3%81%B3%E3%82%8A%E2%98%86%E3%83%93%E3%83%AA%E3%83%BC" dan="17,18,17,17" rate="2211,2195,2135,2091" sx="M,M,M,M"/><TAIKYOKU oya="0"/>

<Scene>
<INIT seed="0,0,0,0,3,8" ten="250,250,250,250" oya="0" hai0="56,32,44,115,99,5,35,39,16,72,114,117,93" hai1="112,69,125,28,128,12,90,129,82,2,121,116,60" hai2="61,71,119,48,110,81,95,23,130,46,45,102,103" hai3="124,11,106,73,13,100,118,30,107,122,79,89,59"/><T132/><D72/><U38/><E2/><V64/><F110/><W21/><G118/><T53/><D117/><U63/><E116/><V87/><F119/><W109/><G109/><T105/><D105/><U0/><E0/><V83/><F130/><W14/><G89/><T94/><D5/><U57/><E38/><V10/><F23/><W52/><G124/><T55/><D132/><U41/><E41/><V80/><F46/><W62/><G122/><T85/><D39/><U37/><E37/><V29/><F29/><W6/><G100/><T131/><D44/><U91/><E121/><V108/><F108/><W126/><G126/><T92/><D131/><U66/><E125/><V58/><F71/><W4/><G4/><T68/><D68/><U54/><E28/><V123/><F123/><W36/><G36/><T78/><D99/><U25/><E25/><V51/><F10/><W74/><G74/><T17/><D93/><U49/><E112/><V20/><F20/><W120/><G120/><T88/><D85/><U96/><E96/><V84/><F51/><W40/><G40/><T101/><D101/><N who="2" m="38410" /><F95/><W33/><G33/><T50/><D50/><U98/><E49/><V42/><AGARI ba="0,0" hai="42,45,48,58,61,64,80,81,83,84,87" m="38410" machi="42" ten="30,1100,0" yaku="8,1" doraHai="8" who="2" fromWho="2" sc="250,-5,250,-3,250,11,250,-3" />
</Scene>
<Scene>
<INIT seed="1,0,0,2,0,120" ten="245,247,261,247" oya="1" hai0="97,86,35,112,69,73,64,9,74,51,113,23,88" hai1="16,106,110,109,118,79,131,85,40,10,126,133,53" hai2="98,99,108,14,92,43,61,70,58,87,11,123,89" hai3="67,119,48,72,95,5,135,132,15,65,37,42,93"/><U101/><E118/><V80/><F123/><W82/><G37/><T41/><D35/><U8/><E40/><V94/><F108/><N who="1" m="41577" /><E133/><V115/><F70/><W102/><G119/><T3/><D41/><U114/><E114/><V34/><F34/><W36/><G36/><T20/><D112/><U45/><E126/><V2/><F2/><W13/><G42/><T54/><D113/><U17/><E131/><V31/><F43/><W90/><G72/><T32/><D73/><U91/><E79/><V96/><F115/><W134/><G134/><T130/><D74/><U18/><E101/><V46/><F31/><W107/><G102/><T1/><D130/><U103/><E103/><V4/><REACH who="2" step="1"/><F46/><REACH who="2" ten="245,247,251,247" step="2"/><W71/><G135/><T24/><D32/><U60/><E106/><V127/><F127/><W59/><G107/><T7/><D1/><U38/><E38/><V22/><F22/><W55/><G132/><T116/><D20/><U81/><E45/><V52/><AGARI ba="0,1" hai="4,11,14,52,58,61,80,87,89,92,94,96,98,99" machi="52" ten="30,7900,0" yaku="1,1,0,1,8,1,54,1,53,0" doraHai="120" doraHaiUra="47" who="2" fromWho="2" sc="245,-20,247,-39,251,89,247,-20" />
</Scene>
<Scene>
<INIT seed="2,0,0,2,5,28" ten="225,208,340,227" oya="2" hai0="116,69,61,56,30,34,106,21,7,44,17,71,35" hai1="26,80,55,68,12,76,59,48,123,119,37,95,25" hai2="14,79,64,81,125,74,27,63,33,108,51,0,40" hai3="41,126,53,118,46,82,100,67,127,47,105,66,131"/><V90/><F0/><W128/><G82/><T93/><D7/><U6/><E119/><V91/><F125/><N who="3" m="47627" /><G100/><T120/><D120/><U65/><E123/><V32/><F108/><W57/><G105/><T115/><D115/><U8/><E37/><V130/><F130/><N who="3" m="49707" /><G118/><T39/><D106/><U29/><E68/><V101/><F101/><W109/><G109/><T117/><D116/><U121/><E121/><V103/><F103/><W49/><G47/><T52/><D117/><U10/><E65/><V20/><F14/><W62/><AGARI ba="0,0" hai="41,46,49,53,57,62,66,67" m="49707,47627" machi="62" ten="30,7900,0" yaku="18,1,19,1,34,2" doraHai="28" who="3" fromWho="3" sc="225,-20,208,-20,340,-39,227,79" />
</Scene>
<Scene>
<INIT seed="3,0,0,3,5,29" ten="205,188,301,306" oya="3" hai0="70,115,42,96,49,101,14,22,54,83,107,134,65" hai1="77,118,58,86,74,90,32,39,34,33,75,56,82" hai2="38,27,13,79,111,30,129,93,11,84,67,128,88" hai3="126,130,64,100,61,8,43,109,35,116,41,105,114"/><W24/><G114/><T87/><D134/><U121/><E121/><V89/><F38/><W7/><G116/><T133/><D133/><U21/><E39/><V125/><F111/><W37/><G37/><T25/><D115/><U12/><E118/><V92/><F125/><W5/><G5/><T15/><D42/><U62/><E77/><V52/><F79/><W80/><G80/><T119/><D119/><U135/><E135/><V102/><F102/><W16/><G126/><T99/><D99/><U85/><E85/><V40/><F40/><W26/><G26/><T131/><D131/><N who="2" m="50250" /><F67/><W28/><G130/><T103/><D103/><U113/><E113/><V94/><F84/><W4/><G109/><T55/><D65/><U19/><REACH who="1" step="1"/><E62/><REACH who="1" ten="205,178,301,306" step="2"/><V81/><F81/><W122/><G122/><T98/><D83/><U123/><E123/><V48/><F11/><W117/><G117/><T36/><D87/><U9/><E9/><V51/><F51/><W47/><G61/><T2/><D49/><U127/><E127/><V45/><F13/><W59/><G8/><T108/><D14/><U18/><E18/><V23/><AGARI ba="0,1" hai="23,27,30,45,48,52,88,89,92,93,94" m="50250" machi="23" ten="30,4000,0" yaku="19,1,54,2" doraHai="29" who="2" fromWho="2" sc="205,-10,178,-10,301,50,306,-20" />
</Scene>
<Scene>
<INIT seed="4,0,0,2,0,51" ten="195,168,351,286" oya="0" hai0="121,42,118,5,77,39,102,16,93,100,113,7,107" hai1="15,114,4,9,23,1,84,6,55,48,117,128,67" hai2="34,57,130,19,123,94,27,132,0,12,103,120,88" hai3="96,80,82,8,17,75,127,21,104,99,86,30,133"/><T135/><D121/><U98/><E117/><V91/><F0/><W45/><G127/><T40/><D118/><U109/><E109/><V81/><F132/><W52/><G75/><T73/><D135/><U11/><E128/><V58/><F130/><W87/><G104/><T69/><D69/><U60/><E114/><V79/><F103/><W2/><G30/><T70/><D70/><U116/><E116/><V53/><F34/><W41/><G2/><T129/><D129/><U125/><E125/><V71/><F71/><W10/><G41/><T32/><D32/><U61/><E67/><V20/><F58/><W106/><G106/><T111/><D113/><U49/><E49/><N who="2" m="30895" /><F123/><W124/><G124/><T38/><D111/><U44/><E98/><N who="3" m="37418" /><G87/><T43/><D107/><U28/><REACH who="1" step="1"/><E84/><REACH who="1" ten="195,158,351,286" step="2"/><N who="2" m="48191" /><F120/><W83/><G133/><T105/><D105/><U54/><E54/><V119/><F119/><W74/><G74/><T78/><D73/><U47/><E47/><V112/><F112/><W85/><G85/><T97/><D97/><U59/><E59/><V36/><F36/><W64/><G86/><T22/><D39/><U46/><E46/><V108/><F108/><W134/><G134/><T25/><D38/><U115/><E115/><V72/><F72/><W68/><G64/><T90/><D100/><U18/><E18/><N who="2" m="12695" /><F94/><W95/><G95/><T126/><D102/><U76/><E76/><N who="0" m="29289" /><D126/><U62/><E62/><V26/><F26/><AGARI ba="0,1" hai="1,4,6,9,11,15,23,26,28,44,48,55,60,61" machi="26" ten="40,2600,0" yaku="1,1,52,1,53,0" doraHai="51" doraHaiUra="122" who="1" fromWho="2" sc="195,0,158,36,351,-26,286,0" />
</Scene>
<Scene>
<INIT seed="5,0,0,3,5,23" ten="195,194,325,286" oya="1" hai0="7,2,12,68,3,27,103,101,44,64,60,6,87" hai1="5,17,117,0,115,39,59,4,100,133,84,42,10" hai2="58,116,74,97,99,111,71,34,104,40,125,52,8" hai3="22,29,14,49,124,24,55,120,112,9,38,79,1"/><U131/><E117/><V134/><F111/><W132/><G120/><T102/><D44/><U114/><E133/><V119/><F71/><W127/><G38/><T70/><D87/><U85/><E131/><V95/><F74/><W61/><G132/><T62/><D102/><U26/><E100/><V113/><F134/><W135/><G135/><T82/><D82/><U48/><E5/><V20/><F34/><W13/><G79/><T11/><D12/><N who="3" m="4713" /><G61/><T50/><D50/><U107/><E107/><V126/><F113/><N who="1" m="43017" /><E39/><V66/><F104/><W94/><G94/><T81/><D81/><U92/><E92/><V57/><F95/><W43/><G43/><T41/><D41/><U91/><E91/><V89/><F40/><W46/><G112/><T25/><REACH who="0" step="1"/><D64/><REACH who="0" ten="185,194,325,286" step="2"/><U83/><E83/><V105/><F66/><W90/><G49/><T65/><D65/><U118/><E42/><V18/><F116/><W96/><G46/><T77/><D77/><U31/><E118/><V106/><F119/><W123/><G96/><T21/><D21/><N who="1" m="15823" /><E85/><V128/><F97/><W129/><G123/><T36/><D36/><U75/><E84/><V72/><F99/><W130/><G130/><T56/><D56/><U37/><E37/><V53/><F128/><W109/><G129/><T28/><D28/><U93/><E59/><V80/><F58/><W73/><G29/><T51/><D51/><U88/><E48/><V108/><F57/><W110/><G110/><T69/><D69/><U19/><E75/><V63/><F72/><W54/><G73/><T98/><D98/><U76/><E76/><RYUUKYOKU ba="0,1" sc="185,15,194,15,325,-15,286,-15" hai0="2,3,6,7,11,25,27,60,62,68,70,101,103" hai1="0,4,10,17,19,88,93" />
</Scene>
<Scene>
<INIT seed="5,1,1,1,3,122" ten="200,209,310,271" oya="1" hai0="40,34,88,96,94,23,47,63,129,119,35,134,31" hai1="64,68,70,130,89,100,7,50,19,37,84,74,2" hai2="87,5,27,1,78,115,57,107,98,26,113,39,48" hai3="125,4,82,15,131,51,76,18,41,20,55,66,24"/><U123/><E123/><V46/><F39/><W118/><G131/><T86/><D119/><U44/><E74/><V73/><F73/><W16/><G125/><T120/><D129/><U114/><E130/><V133/><F133/><W6/><G118/><T103/><D120/><U17/><E37/><V93/><F107/><W38/><G66/><T42/><D134/><U28/><E100/><N who="2" m="60495" /><F57/><N who="3" m="33023" /><G41/><T59/><D35/><U14/><E28/><V90/><F78/><W60/><G60/><T9/><D34/><U110/><E114/><N who="2" m="43531" /><F5/><N who="3" m="2155" /><G38/><T109/><D47/><U25/><E2/><V97/><F97/><W3/><G3/><T92/><D9/><U61/><E68/><V65/><F65/><W106/><G106/><T95/><D95/><U72/><E72/><V56/><F56/><W116/><G116/><T21/><D59/><U104/><E104/><V135/><F135/><W83/><G76/><T10/><D63/><U85/><E85/><V54/><F1/><W132/><G132/><T22/><D10/><AGARI ba="1,1" hai="10,15,16,18,20,24,82,83" m="2155,33023" machi="10" ten="30,2000,0" yaku="8,1,54,1" doraHai="122" who="3" fromWho="0" sc="200,-23,209,0,310,0,271,33" />
</Scene>
<Scene>
<INIT seed="6,0,0,4,5,127" ten="177,209,310,304" oya="2" hai0="16,114,39,91,102,133,100,66,83,112,130,95,17" hai1="52,24,113,134,107,23,106,72,104,116,98,70,129" hai2="81,26,41,14,64,110,123,9,56,118,84,2,115" hai3="43,111,13,57,97,15,78,85,103,124,3,120,58"/><V99/><F118/><W34/><G111/><T62/><D39/><U69/><E116/><V45/><F123/><W12/><G3/><T31/><D31/><U51/><E72/><V77/><F2/><W80/><G120/><T44/><D44/><U126/><E126/><V29/><F110/><W105/><G124/><T19/><D133/><U48/><E134/><V5/><F115/><N who="0" m="44074" /><D83/><U11/><E113/><V93/><F64/><W55/><G34/><T37/><D37/><U1/><E98/><V121/><F121/><W40/><REACH who="3" step="1"/><G58/><REACH who="3" ten="177,209,310,294" step="2"/><N who="0" m="37207" /><D130/><U122/><E122/><V132/><F132/><W0/><G0/><T75/><D75/><U73/><E73/><V108/><F108/><W63/><AGARI ba="0,1" hai="12,13,15,40,43,55,57,63,78,80,85,97,103,105" machi="63" ten="30,2000,0" yaku="1,1,0,1,53,0" doraHai="127" doraHaiUra="35" who="3" fromWho="3" sc="177,-5,209,-5,310,-10,294,30" />
</Scene>
<Scene>
<INIT seed="7,0,0,0,5,74" ten="172,204,300,324" oya="3" hai0="54,24,67,116,14,46,45,130,112,13,60,107,15" hai1="85,110,119,90,103,100,19,86,0,83,111,63,99" hai2="64,124,43,7,65,122,2,34,125,41,56,68,102" hai3="11,96,93,20,9,76,70,31,126,30,69,23,113"/><W22/><G113/><T131/><D107/><U26/><E0/><V108/><F34/><W73/><G126/><N who="2" m="48745" /><F102/><W114/><G114/><T10/><D116/><U5/><E5/><V44/><F7/><W101/><G76/><T32/><D112/><U81/><E119/><V97/><F2/><W27/><G73/><T78/><D78/><U35/><E63/><N who="2" m="39999" /><F97/><W49/><G49/><T17/><D32/><U115/><E115/><V79/><F79/><W89/><G101/><T71/><D54/><U62/><E62/><N who="2" m="37959" /><F108/><W48/><G70/><T29/><D29/><N who="3" m="10761" /><G69/><T82/><D82/><U132/><E35/><V117/><F117/><W55/><G27/><T57/><D71/><U133/><E26/><V42/><F122/><W6/><G6/><T120/><D120/><U40/><E110/><V94/><F94/><W25/><G25/><T128/><REACH who="0" step="1"/><D10/><REACH who="0" ten="162,204,300,324" step="2"/><U33/><E33/><V109/><F109/><W52/><G55/><T118/><D118/><U8/><E111/><V104/><F104/><W18/><G18/><T21/><AGARI ba="0,1" hai="13,14,15,17,21,24,45,46,57,60,67,128,130,131" machi="21" ten="40,5200,0" yaku="1,1,0,1,19,1,53,0" doraHai="74" doraHaiUra="121" who="0" fromWho="0" sc="162,62,204,-13,300,-13,324,-26" />
</Scene>
<Scene>
<INIT seed="8,0,0,3,0,17" ten="224,191,287,298" oya="0" hai0="72,108,49,4,9,122,31,117,38,39,109,48,6" hai1="36,80,13,115,85,19,78,30,51,114,15,16,131" hai2="111,106,130,95,41,126,82,94,133,10,121,59,33" hai3="56,134,67,22,70,32,102,25,79,104,88,27,23"/><T24/><D72/><U87/><E36/><N who="0" m="13865" /><D122/><U61/><E131/><V76/><F111/><N who="0" m="42570" /><D117/><U35/><E61/><V43/><F33/><W113/><G113/><N who="1" m="43018" /><E51/><N who="0" m="19529" /><D9/><N who="1" m="6191" /><E35/><AGARI ba="0,0" hai="4,6,24,31,35" m="19529,42570,13865" machi="35" ten="30,1500,0" yaku="10,1" doraHai="17" who="0" fromWho="1" sc="224,15,191,-15,287,0,298,0" />
</Scene>
<Scene>
<INIT seed="8,1,0,2,5,50" ten="239,176,287,298" oya="0" hai0="22,77,49,21,34,1,17,38,90,42,7,104,119" hai1="114,102,132,111,52,93,33,115,36,67,3,103,127" hai2="18,122,113,135,75,97,78,116,24,108,35,5,101" hai3="84,125,123,28,76,80,54,41,55,92,51,74,0"/><T14/><D104/><U60/><E111/><V39/><F18/><W126/><G0/><T46/><D119/><U68/><E36/><V105/><F108/><W70/><G70/><T25/><D77/><U118/><E118/><V16/><F113/><N who="1" m="43017" /><E3/><V109/><F109/><W88/><G123/><T130/><D130/><U20/><E33/><V26/><F122/><W15/><G28/><N who="0" m="19727" /><D22/><U131/><E131/><V133/><F116/><W79/><G79/><T91/><D38/><U82/><E127/><N who="3" m="48650" /><G15/><T83/><D83/><U32/><E32/><V81/><F39/><W120/><G120/><T66/><D66/><U8/><E8/><AGARI ba="1,0" hai="1,7,8,14,17,21,42,46,49,90,91" m="19727" machi="8" ten="30,1500,0" yaku="24,1" doraHai="50" who="0" fromWho="1" sc="239,18,176,-18,287,0,298,0" />
</Scene>
<Scene>
<INIT seed="8,2,0,3,3,65" ten="257,158,287,298" oya="0" hai0="20,104,84,12,34,102,54,134,63,29,111,74,24" hai1="119,118,124,75,30,88,25,70,99,16,106,11,121" hai2="0,116,87,100,38,125,68,21,26,120,42,109,5" hai3="72,133,47,46,48,97,60,83,105,135,86,9,4"/><T122/><D74/><U112/><E121/><V107/><F109/><W35/><G35/><T17/><D122/><U82/><E124/><V50/><F120/><W73/><G60/><T13/><D111/><U66/><E112/><V127/><F116/><N who="1" m="44585" /><E75/><V32/><F38/><W95/><G105/><T53/><D134/><N who="3" m="51209" /><G95/><T93/><D12/><N who="1" m="7199" /><E106/><V23/><F68/><W79/><G97/><T131/><D131/><U96/><E66/><V18/><F32/><W114/><G114/><T69/><D104/><U15/><E15/><N who="2" m="9439" /><F87/><W10/><G10/><T33/><D33/><N who="1" m="20687" /><E70/><V64/><F64/><W113/><G113/><T130/><D130/><U45/><E45/><N who="3" m="16906" /><G48/><T78/><D102/><U52/><E52/><V2/><F50/><W126/><G126/><N who="2" m="48137" /><F107/><W128/><G128/><T37/><D37/><U8/><E8/><N who="2" m="2087" /><F100/><W57/><G57/><T1/><D69/><U71/><E71/><V55/><F42/><W110/><G110/><T19/><D54/><U89/><E82/><V132/><F55/><W98/><G73/><T44/><D53/><U117/><N who="1" m="44593" /><U62/><DORA hai="91" /><E62/><V43/><F43/><W123/><G123/><T14/><D63/><U115/><E115/><V92/><F92/><W22/><G72/><T27/><D93/><U6/><E6/><V85/><F85/><W80/><G80/><T3/><D84/><U81/><E81/><V31/><F2/><N who="3" m="151" /><G98/><AGARI ba="2,0" hai="88,89,96,98,99" m="20687,7199,44593" machi="98" ten="40,5200,0" yaku="16,1,54,2" doraHai="65,91" who="1" fromWho="3" sc="257,0,158,58,287,0,298,-58" />
</Scene>
<Scene>
<INIT seed="9,0,0,3,2,74" ten="257,216,287,240" oya="1" hai0="103,14,61,76,92,96,88,25,73,53,100,4,94" hai1="133,93,116,91,109,62,54,18,26,64,124,97,104" hai2="111,24,108,0,5,32,129,1,120,123,19,83,131" hai3="9,42,107,126,71,21,117,7,106,33,67,72,22"/><U11/><E116/><V50/><F83/><W60/><G33/><T110/><D110/><N who="2" m="42026" /><F50/><W66/><G117/><T45/><D25/><U127/><E109/><V132/><F132/><W51/><G72/><T135/><D135/><U130/><E133/><V46/><F46/><W95/><G126/><N who="1" m="48170" /><E130/><N who="2" m="49675" /><F5/><W47/><G95/><T35/><D35/><U125/><N who="1" m="48178" /><U43/><DORA hai="12" /><E104/><V37/><F37/><W78/><G107/><T34/><D34/><U85/><E43/><V52/><F52/><W13/><G106/><T99/><D73/><U8/><E54/><V3/><F19/><W15/><G67/><T77/><D103/><U28/><E85/><V38/><F38/><W121/><G66/><T115/><D115/><U55/><E55/><V134/><F134/><W81/><G42/><T30/><D30/><AGARI ba="0,0" hai="0,1,3,24,30,32,120,123" m="49675,42026" machi="30" ten="40,8000,1" yaku="19,1,23,1,34,2" doraHai="74,12" who="2" fromWho="0" sc="257,-80,216,0,287,80,240,0" owari="177,-32.0,216,-18.0,367,46.0,240,4.0" />
</Scene>
</mjloggm>