<mjloggm ver="2.3"><GO type="169"/><UN n0="%E3%83%AA%E3%83%84%E3%83%9F%E3%82%B5%E3%83%B3" n1="%E3%81%B5%E3%81%8B%E3%81%BF" n2="%E3%81%98%E3%81%9A%E3%83%BC" n3="%E5%A4%AA%E3%81%8F%E3%81%AA%E3%81%84%E3%81%8A" dan="18,17,16,18" rate="2162,2133,2144,2164" sx="M,F,M,M"/><TAIKYOKU oya="0"/>

<Scene>
<INIT seed="0,0,0,1,4,8" ten="250,250,250,250" oya="0" hai0="1,70,108,107,89,96,109,116,76,91,123,120,43" hai1="27,132,84,103,95,15,58,39,79,125,54,92,62" hai2="102,16,13,94,133,37,65,31,105,4,21,64,50" hai3="44,72,124,67,11,19,34,63,93,59,38,29,32"/><T61/><D1/><U25/><E39/><V127/><F37/><W130/><G72/><T22/><D43/><U10/><E132/><V87/><F133/><W117/><G117/><T80/><D116/><U41/><E41/><V134/><F134/><W106/><G106/><T98/><D70/><U6/><E125/><V60/><F105/><W42/><G124/><T71/><D61/><U24/><REACH who="1" step="1"/><E103/><REACH who="1" ten="250,240,250,250" step="2"/><V26/><F127/><W104/><G42/><T53/><D71/><U14/><E14/><V90/><F102/><W51/><G38/><T2/><D2/><U69/><E69/><V126/><F126/><W45/><G130/><T99/><D107/><U83/><AGARI ba="0,1" hai="6,10,15,24,25,27,54,58,62,79,83,84,92,95" machi="83" ten="30,7900,0" yaku="1,1,0,1,8,1,52,1,53,0" doraHai="8" doraHaiUra="131" who="1" fromWho="1" sc="250,-39,240,89,250,-20,250,-20" />
</Scene>
<Scene>
<INIT seed="1,0,0,4,3,68" ten="211,329,230,230" oya="1" hai0="72,9,93,28,12,76,56,108,7,73,63,27,106" hai1="34,38,41,29,89,81,120,80,55,102,122,87,22" hai2="52,20,132,26,71,103,60,59,118,24,116,78,96" hai3="90,83,107,42,115,39,111,104,64,101,48,32,2"/><U46/><E34/><V57/><F71/><W109/><G115/><T5/><D108/><U31/><E102/><V35/><F132/><W23/><G32/><T95/><D106/><U6/><E6/><V58/><F78/><W25/><G2/><T67/><D5/><U117/><E117/><V88/><F35/><W119/><G64/><T113/><D113/><U100/><E100/><V14/><F14/><W40/><G48/><T105/><D105/><U16/><E55/><V129/><F129/><W110/><G119/><T91/><D76/><U54/><E54/><V62/><F103/><W97/><G104/><T77/><D77/><U53/><E53/><N who="2" m="33839" /><F59/><W8/><G8/><T51/><D51/><U69/><E80/><V4/><F4/><W66/><G66/><T82/><D82/><U133/><E69/><V30/><F26/><W131/><G131/><T127/><D95/><U98/><E133/><V124/><F30/><N who="3" m="17727" /><G39/><T19/><D7/><U11/><E11/><V74/><F74/><W44/><G44/><T21/><D127/><U36/><E36/><V43/><F124/><W13/><G13/><T3/><REACH who="0" step="1"/><D3/><REACH who="0" ten="201,329,230,230" step="2"/><U86/><E81/><V134/><F118/><W114/><G114/><T45/><D45/><U135/><E135/><V47/><F116/><W17/><G83/><T128/><D128/><U130/><E130/><V70/><F47/><W1/><G1/><T61/><D61/><U121/><E121/><V126/><F126/><W15/><G107/><T50/><D50/><U79/><E122/><V75/><F134/><W112/><G112/><T0/><D0/><RYUUKYOKU ba="0,1" sc="201,30,329,-10,230,-10,230,-10" hai0="9,12,19,21,27,28,56,63,67,72,73,91,93" />
</Scene>
<Scene>
<INIT seed="2,1,1,0,3,126" ten="231,319,220,220" oya="2" hai0="53,39,16,128,63,87,92,18,114,108,22,109,75" hai1="67,30,24,125,44,68,0,4,36,130,29,54,56" hai2="123,62,80,52,33,95,15,90,47,31,112,133,46" hai3="20,110,55,74,48,98,49,94,83,101,17,58,2"/><V88/><F112/><W25/><G110/><T57/><D75/><U59/><E125/><V19/><F123/><W73/><G2/><T119/><D39/><U100/><E100/><V42/><F133/><W97/><G83/><T135/><D114/><U21/><E30/><V86/><F31/><W50/><REACH who="3" step="1"/><G98/><REACH who="3" ten="231,319,220,210" step="2"/><T85/><D135/><U34/><E0/><V37/><F33/><W71/><G71/><T9/><D119/><U96/><E68/><V117/><F117/><W1/><G1/><T41/><D109/><U91/><E34/><V103/><F37/><W107/><G107/><T6/><D108/><U61/><E36/><V106/><F106/><W121/><G121/><T13/><D41/><U35/><E35/><V116/><F116/><W111/><G111/><T93/><D6/><U12/><E96/><N who="2" m="59807" /><F42/><W38/><G38/><T7/><D7/><U113/><E113/><V14/><F90/><W66/><G66/><T60/><D87/><U40/><E91/><V10/><F14/><W43/><G43/><T76/><D85/><U131/><E12/><V32/><F32/><W64/><G64/><T81/><D76/><U122/><E4/><V115/><F115/><W124/><G124/><T102/><D102/><U65/><E122/><V84/><F84/><W27/><G27/><T5/><D81/><U127/><E127/><V28/><F28/><W120/><G120/><T11/><D13/><U45/><E67/><V3/><F3/><W132/><G132/><T77/><D77/><U134/><E134/><V104/><F104/><W8/><G8/><T78/><D11/><RYUUKYOKU ba="1,2" sc="231,-15,319,-15,220,15,210,15" hai2="10,15,19,46,47,52,62,80,86,88" hai3="17,20,25,48,49,50,55,58,73,74,94,97,101" />
</Scene>
<Scene>
<INIT seed="2,2,2,4,3,13" ten="216,304,235,225" oya="2" hai0="49,97,76,119,52,94,72,124,115,47,55,3,33" hai1="81,127,6,70,4,88,109,46,24,41,65,2,64" hai2="106,133,44,100,122,113,18,48,73,0,87,104,110" hai3="29,98,23,111,92,40,112,89,5,125,60,31,84"/><V26/><F113/><W22/><G112/><T95/><D33/><U17/><E109/><V39/><F73/><W85/><G111/><T25/><D3/><U27/><E127/><V35/><F110/><W96/><G125/><T90/><D124/><U103/><E103/><V14/><F0/><W134/><G134/><T62/><D115/><U128/><E128/><V107/><F122/><W61/><G40/><T105/><D105/><U135/><E135/><V58/><F39/><W67/><G5/><N who="1" m="2154" /><E70/><V79/><F58/><W129/><G129/><T37/><D37/><U63/><E63/><V130/><F130/><W99/><G67/><T45/><D119/><U126/><E27/><V80/><F133/><W74/><G74/><T66/><D76/><U75/><E75/><V57/><F57/><W71/><G71/><T19/><D72/><U8/><E2/><V1/><F1/><W34/><G34/><T118/><D118/><U32/><E32/><V114/><F114/><W51/><G51/><T20/><D95/><U11/><E11/><V131/><F131/><W56/><G56/><N who="0" m="35079" /><D47/><U93/><E81/><V30/><F48/><W91/><G61/><T42/><D42/><U83/><E83/><V82/><F82/><N who="3" m="49303" /><G60/><T28/><D28/><AGARI ba="2,2" hai="22,23,28,29,31,85,91,92,96,98,99" m="49303" machi="28" ten="30,1000,0" yaku="8,1" doraHai="13" who="3" fromWho="0" sc="216,-16,304,0,235,0,225,36" />
</Scene>
<Scene>
<INIT seed="3,0,0,1,1,25" ten="200,304,235,261" oya="3" hai0="121,11,32,41,132,63,116,106,70,30,94,0,96" hai1="72,127,53,29,82,73,95,27,26,71,8,78,66" hai2="134,23,45,10,33,51,133,97,47,77,52,13,105" hai3="79,126,103,3,58,110,128,91,101,118,120,60,34"/><W15/><G3/><T99/><D121/><U113/><E113/><V83/><F33/><W130/><G120/><T123/><D116/><U88/><E127/><V100/><F23/><W6/><G118/><T24/><D41/><U122/><E122/><V43/><F43/><W76/><G34/><T56/><D123/><U87/><E26/><V129/><F129/><N who="3" m="49771" /><G126/><T31/><D132/><N who="2" m="50794" /><F13/><W68/><G68/><T16/><D70/><U85/><E53/><V20/><F10/><N who="3" m="4567" /><G110/><T98/><D106/><U5/><E66/><V39/><F39/><W37/><G91/><T124/><D124/><U22/><REACH who="1" step="1"/><E71/><REACH who="1" ten="200,294,235,261" step="2"/><V75/><F20/><W18/><G37/><T17/><D32/><U57/><E57/><AGARI ba="0,1" hai="45,47,51,52,57,75,77,83,97,100,105" m="50794" machi="57" ten="30,2000,0" yaku="20,1,54,1" doraHai="25" who="2" fromWho="1" sc="200,0,294,-20,235,30,261,0" />
</Scene>
<Scene>
<INIT seed="4,0,0,5,3,6" ten="200,274,265,261" oya="0" hai0="23,61,36,128,75,88,130,42,10,120,22,40,17" hai1="102,7,123,109,133,0,67,18,113,59,101,38,131" hai2="20,28,80,76,79,29,12,89,14,87,115,58,51" hai3="98,69,48,57,90,135,41,81,2,112,125,19,44"/><T31/><D75/><U45/><E109/><V83/><F115/><W9/><G69/><T25/><D120/><U47/><E123/><V121/><F121/><W26/><G112/><T60/><D36/><U63/><E113/><V21/><F89/><W126/><G135/><T62/><D88/><U93/><E131/><V49/><F58/><W65/><G2/><T46/><D46/><N who="1" m="17419" /><E0/><V70/><REACH who="2" step="1"/><F87/><REACH who="2" ten="200,274,255,261" step="2"/><W37/><G57/><T3/><D130/><U95/><E59/><V127/><F127/><W86/><G126/><T15/><D128/><U118/><E102/><V30/><F30/><W55/><G125/><T52/><D3/><U92/><E101/><V39/><F39/><W100/><G37/><T56/><REACH who="0" step="1"/><D23/><REACH who="0" ten="190,274,255,261" step="2"/><U11/><E38/><V35/><F35/><W132/><G90/><T107/><D107/><U54/><E133/><V50/><F50/><AGARI ba="0,2" hai="10,15,17,22,25,31,40,42,50,52,56,60,61,62" machi="50" ten="40,12000,1" yaku="1,1,8,1,52,1,54,1,53,0" doraHai="6" doraHaiUra="43" who="0" fromWho="2" sc="190,140,274,0,255,-120,261,0" />
</Scene>
<Scene>
<INIT seed="4,1,0,5,5,116" ten="330,274,135,261" oya="0" hai0="126,89,16,47,125,63,65,112,45,12,108,44,41" hai1="53,8,135,93,131,40,31,14,104,66,11,72,15" hai2="55,94,39,91,95,3,114,101,79,32,2,85,96" hai3="19,90,20,99,127,37,64,24,69,118,48,123,49"/><T18/><D112/><U29/><E104/><V23/><F114/><W50/><G118/><T13/><D108/><U59/><E72/><V28/><F32/><W56/><G37/><T62/><D41/><U105/><E105/><V22/><F39/><W78/><G127/><N who="0" m="48651" /><D89/><U61/><E135/><V5/><F79/><W52/><G78/><T77/><D77/><U120/><E120/><V71/><F71/><W102/><G123/><T74/><D74/><U119/><E40/><V73/><F73/><W4/><G90/><T27/><D27/><U30/><E119/><V75/><F75/><W124/><G124/><T82/><D82/><U9/><E131/><V38/><F38/><W132/><G132/><T109/><D65/><U88/><REACH who="1" step="1"/><E66/><REACH who="1" ten="330,264,135,261" step="2"/><V113/><F113/><W67/><G67/><T87/><D109/><U110/><E110/><V43/><F43/><W35/><G64/><T122/><D122/><U117/><E117/><V54/><F54/><W33/><G69/><T107/><D107/><U10/><N who="1" m="2048" /><DORA hai="121" /><U60/><E60/><N who="0" m="23081" /><D87/><AGARI ba="1,1" hai="14,15,29,30,31,53,59,61,87,88,93" m="2048" machi="87" ten="50,12000,2" yaku="1,1,8,1,54,1,53,4" doraHai="116,121" doraHaiUra="84,25" who="1" fromWho="0" sc="330,-123,264,133,135,0,261,0" />
</Scene>
<Scene>
<INIT seed="5,0,0,2,4,69" ten="207,397,135,261" oya="1" hai0="129,77,103,89,54,112,29,84,122,42,21,101,72" hai1="0,30,9,114,22,116,67,131,34,132,43,23,12" hai2="108,18,33,95,128,3,5,123,66,110,37,125,79" hai3="56,50,92,62,135,130,28,88,86,124,16,102,60"/><U126/><E67/><V68/><F123/><W52/><G135/><T109/><D29/><U48/><E48/><V107/><F107/><W46/><G130/><T120/><D21/><N who="1" m="7691" /><E43/><V36/><F33/><W117/><G28/><T19/><D54/><U4/><E116/><V78/><F128/><W133/><G133/><T6/><D42/><U7/><E131/><V11/><F125/><W24/><G124/><T13/><D129/><U49/><E49/><V51/><F51/><N who="3" m="30751" /><G117/><T115/><D19/><N who="1" m="8591" /><E132/><V118/><F118/><W44/><G102/><T104/><D104/><U10/><E126/><V2/><F18/><W76/><G76/><T20/><D77/><U35/><E114/><V87/><F2/><W83/><G83/><T75/><D72/><U27/><E7/><V1/><F1/><W64/><G64/><T82/><D6/><U81/><E81/><V17/><F66/><W15/><G24/><T32/><D75/><U55/><E55/><V63/><F79/><W71/><G71/><T38/><D115/><U106/><E106/><V119/><F68/><W73/><G73/><T121/><D82/><U127/><E127/><V53/><F53/><N who="3" m="29895" /><G46/><T61/><D112/><U93/><E93/><V94/><F94/><W39/><G39/><T74/><D121/><U25/><E25/><V31/><F95/><W98/><G86/><T113/><D113/><U90/><E90/><V80/><F87/><W99/><G98/><T26/><D122/><U105/><E105/><V40/><F80/><W14/><G14/><T58/><D120/><U91/><E91/><V57/><F119/><RYUUKYOKU ba="0,0" sc="207,-15,397,15,135,-15,261,15" hai1="0,4,10,27,30,34,35" hai3="15,16,60,62,88,92,99" />
</Scene>
<Scene>
<INIT seed="5,1,0,5,4,86" ten="192,412,120,276" oya="1" hai0="44,28,26,21,76,49,64,20,75,112,51,11,23" hai1="91,118,117,4,17,37,56,79,115,113,60,135,74" hai2="10,39,89,83,121,134,99,92,47,119,22,2,131" hai3="116,69,19,27,34,93,84,124,54,18,126,59,33"/><U97/><E37/><V24/><F119/><W82/><G69/><T95/><D112/><N who="1" m="43083" /><E4/><V107/><F121/><W120/><G93/><T45/><D64/><U72/><E135/><V25/><F134/><W108/><G120/><T53/><D75/><N who="1" m="28715" /><E79/><V80/><F131/><W62/><G108/><T81/><D76/><U48/><E48/><V65/><F107/><W30/><G34/><T90/><D81/><U50/><E50/><V87/><F65/><W127/><REACH who="3" step="1"/><G116/><REACH who="3" ten="192,412,120,266" step="2"/><T14/><D45/><U111/><E111/><V68/><F68/><W8/><G8/><T61/><D61/><U130/><E118/><V103/><F80/><W101/><G101/><T71/><D71/><U77/><E117/><V132/><F132/><W13/><G13/><T31/><D31/><U38/><E60/><V43/><REACH who="2" step="1"/><F22/><REACH who="2" ten="192,412,110,266" step="2"/><W12/><G12/><T16/><D44/><U85/><E130/><V129/><F129/><W57/><G57/><T105/><D105/><U7/><E56/><V96/><F96/><W15/><G15/><T0/><D23/><U5/><E97/><V58/><F58/><W42/><G42/><T67/><D20/><U125/><E7/><AGARI ba="1,2" hai="2,7,10,24,25,39,43,47,83,87,89,92,99,103" machi="7" ten="40,2600,0" yaku="1,1,52,1,53,0" doraHai="86" doraHaiUra="110" who="2" fromWho="1" sc="192,0,412,-29,110,49,266,0" />
</Scene>
<Scene>
<INIT seed="6,0,0,5,2,3" ten="192,383,159,266" oya="2" hai0="114,12,128,67,36,93,13,61,100,88,69,71,57" hai1="77,95,26,98,81,9,5,21,119,92,64,66,130" hai2="106,111,122,11,27,125,35,99,134,16,135,15,89" hai3="48,82,44,108,8,96,32,78,127,91,34,83,118"/><V121/><F125/><W40/><G108/><T62/><D36/><U65/><E119/><V39/><F39/><W132/><G118/><T103/><D114/><U76/><E130/><V51/><F111/><W115/><G127/><T84/><D128/><U28/><E81/><V4/><F51/><W41/><G115/><T46/><D46/><U107/><E107/><V72/><F72/><W38/><G132/><N who="2" m="50729" /><F89/><W112/><G112/><T75/><D75/><U47/><E47/><V10/><F99/><W90/><G38/><T126/><D126/><U25/><E25/><V14/><F106/><W7/><G41/><T124/><D124/><U31/><E31/><AGARI ba="0,0" hai="4,10,11,14,15,16,27,31,35,121,122" m="50729" machi="31" ten="30,12000,1" yaku="20,1,34,2,52,1,54,1" doraHai="3" who="2" fromWho="1" sc="192,0,383,-120,159,120,266,0" />
</Scene>
<Scene>
<INIT seed="6,1,0,3,3,107" ten="192,263,279,266" oya="2" hai0="36,95,103,31,110,74,16,62,1,98,105,97,44" hai1="59,69,55,50,106,96,129,121,75,3,79,99,18" hai2="71,76,119,40,117,114,6,37,120,118,127,126,58" hai3="2,123,13,10,5,78,89,86,26,116,94,8,101"/><V112/><F71/><W64/><G123/><T0/><D110/><U57/><E69/><V19/><F76/><W14/><G116/><T15/><D31/><U29/><E3/><V63/><F6/><W109/><G109/><T100/><D74/><U67/><E121/><V77/><F77/><W35/><G64/><T4/><D4/><U49/><E106/><V102/><F102/><W53/><G101/><T115/><D115/><N who="2" m="44074" /><F120/><W28/><G78/><T30/><D30/><U27/><E129/><V85/><F85/><W23/><G10/><T46/><D62/><U113/><E113/><V22/><F22/><W61/><G23/><T133/><D133/><U65/><E99/><V73/><F73/><W132/><G132/><T32/><D32/><U124/><E96/><V93/><F93/><W111/><G111/><T88/><D103/><U84/><E75/><V125/><F19/><W122/><G122/><T91/><D91/><U45/><E18/><V43/><F37/><W68/><G68/><T128/><D128/><U80/><E124/><V66/><AGARI ba="1,0" hai="40,43,58,63,66,117,118,119,125,126,127" m="44074" machi="66" ten="50,12000,1" yaku="18,1,15,1,34,2" doraHai="107" who="2" fromWho="2" sc="192,-41,263,-41,279,123,266,-41" />
</Scene>
<Scene>
<INIT seed="6,2,0,2,0,18" ten="151,222,402,225" oya="2" hai0="105,107,122,23,82,124,81,114,108,118,50,3,69" hai1="57,48,28,100,73,126,121,66,40,56,16,36,103" hai2="46,44,35,55,113,117,12,91,102,72,8,135,101" hai3="32,92,78,79,9,22,65,14,74,0,115,19,89"/><V4/><F72/><W26/><G115/><T116/><D3/><U37/><E73/><V58/><F117/><W76/><G65/><T80/><D69/><U7/><E7/><V70/><F70/><W20/><G74/><T84/><D50/><U125/><E28/><V42/><F35/><W68/><G68/><T75/><D75/><U53/><E121/><V71/><F71/><W59/><G59/><T127/><D122/><U99/><E40/><V133/><F113/><W93/><G0/><T33/><D33/><U25/><E66/><V45/><F91/><W109/><G109/><T17/><D84/><U119/><E57/><V95/><F42/><W30/><REACH who="3" step="1"/><G93/><REACH who="3" ten="151,222,402,215" step="2"/><T63/><D114/><U131/><E56/><V51/><F95/><W2/><G2/><T27/><D108/><U130/><E119/><N who="0" m="45609" /><D63/><U128/><E128/><V11/><F135/><W10/><G10/><T106/><AGARI ba="2,1" hai="17,23,27,80,81,82,105,106,107,124,127" m="45609" machi="106" ten="40,2700,0" yaku="12,1,52,1" doraHai="18" who="0" fromWho="0" sc="151,43,222,-9,402,-15,215,-9" />
</Scene>
<Scene>
<INIT seed="7,0,0,3,4,56" ten="194,213,387,206" oya="3" hai0="129,33,3,34,6,83,96,23,93,19,131,50,54" hai1="118,38,53,43,104,62,52,71,91,89,123,57,94" hai2="132,1,70,44,48,40,5,22,90,41,102,116,82" hai3="0,115,106,13,87,86,133,81,59,20,4,8,72"/><W79/><G106/><T105/><D105/><U39/><E104/><V32/><F32/><W15/><G115/><T119/><D119/><U26/><E123/><V14/><F70/><W85/><G133/><T27/><D83/><U65/><E118/><V101/><F132/><W55/><REACH who="3" step="1"/><G20/><REACH who="3" ten="194,213,387,196" step="2"/><T122/><D122/><U58/><E38/><V25/><F22/><W73/><G73/><T100/><D3/><U124/><E39/><V109/><F1/><W24/><G24/><T92/><D6/><U78/><E26/><V80/><F25/><W98/><G98/><T130/><D93/><U45/><E94/><V108/><F5/><W21/><G21/><T11/><D11/><U121/><E121/><V113/><F113/><W110/><G110/><T128/><D128/><U37/><E37/><V18/><F109/><W35/><G35/><T10/><D10/><U75/><E75/><V97/><F97/><W99/><G99/><T120/><D120/><U127/><E127/><V16/><F108/><W112/><G112/><T76/><D76/><U61/><E78/><V28/><F116/><W2/><G2/><T30/><D19/><U135/><E124/><V66/><F16/><W42/><G42/><T31/><D31/><U107/><E107/><V64/><F40/><W29/><G29/><T7/><D7/><U69/><E135/><V134/><F28/><W17/><G17/><T77/><D77/><U95/><E95/><V126/><F134/><W68/><G68/><N who="1" m="26186" /><E43/><V88/><F126/><W67/><G67/><T114/><D114/><U84/><E84/><V51/><F41/><RYUUKYOKU ba="0,1" sc="194,10,213,10,387,-30,196,10" hai0="23,27,30,33,34,50,54,92,96,100,129,130,131" hai1="45,52,53,57,58,61,62,65,89,91" hai3="0,4,8,13,15,55,59,72,79,81,85,86,87" />
</Scene>
<Scene>
<INIT seed="7,1,1,3,2,27" ten="204,223,357,206" oya="3" hai0="104,10,37,106,28,98,97,90,57,25,44,113,4" hai1="7,12,83,23,109,15,41,38,77,126,128,16,133" hai2="45,84,110,59,107,49,69,52,87,35,75,56,30" hai3="1,46,115,92,71,34,96,51,78,67,81,50,103"/><W80/><G1/><T17/><D113/><U123/><E109/><V58/><F69/><W14/><G34/><T134/><D134/><U129/><E123/><V73/><F107/><W95/><G115/><T117/><D117/><U70/><E70/><V124/><F110/><W121/><G121/><T86/><D17/><U55/><E126/><V112/><F112/><W63/><G95/><T20/><D57/><U99/><E133/><V120/><F120/><W6/><G46/><T22/><D22/><U100/><E55/><V33/><F33/><W47/><G47/><T43/><D106/><U118/><E118/><V132/><F75/><W36/><G36/><T89/><D104/><U119/><E119/><V26/><F73/><W66/><G66/><T94/><D90/><U91/><E91/><V65/><F124/><W93/><G93/><T40/><D43/><U88/><E88/><V135/><F65/><W127/><G127/><T29/><D29/><U9/><E41/><V64/><F64/><W54/><G54/><T48/><D37/><U82/><E38/><V85/><AGARI ba="1,1" hai="26,30,35,45,49,52,56,58,59,84,85,87,132,135" machi="85" ten="40,5200,0" yaku="0,1,52,1,54,1" doraHai="27" who="2" fromWho="2" sc="204,-14,223,-14,357,65,206,-27" owari="190,-21.0,209,1.0,422,52.0,179,-32.0" />
</Scene>
</mjloggm>