<mjloggm ver="2.3"><GO type="169" lobby="0"/><UN n0="%E3%82%B9%E3%82%B1%E3%83%AB%E3%83%88%E3%83%B3%54" n1="%E5%A4%AA%E3%81%8F%E3%81%AA%E3%81%84%E3%81%8A" n2="%EF%BC%A0%E6%A3%AE" n3="%E3%81%B4%E3%81%AE" dan="16,18,16,16" rate="2100.06,2229.97,2080.13,2126.10" sx="F,F,F,M"/><TAIKYOKU oya="0"/>

<Scene>
<INIT seed="0,0,0,0,4,94" ten="250,250,250,250" oya="0" hai0="21,55,22,89,20,87,41,107,33,2,32,90,58" hai1="47,26,46,29,52,44,10,49,125,96,91,36,70" hai2="16,110,6,25,117,74,23,104,28,61,51,71,17" hai3="13,127,42,132,62,50,135,86,106,4,126,66,97"/><T80/><D2/><U7/><E70/><V30/><F117/><W3/><G3/><T9/><D9/><U59/><E125/><N who="3" m="47626" /><G86/><T72/><D72/><U99/><E91/><V53/><F74/><W57/><G42/><T5/><D5/><U34/><REACH who="1" step="1"/><E36/><REACH who="1" ten="250,240,250,250" step="2"/><V133/><F71/><W77/><G135/><T35/><D41/><U108/><E108/><V84/><F110/><W131/><G132/><T45/><D45/><U43/><E43/><V130/><F133/><W12/><G131/><T78/><REACH who="0" step="1"/><D107/><REACH who="0" ten="240,240,250,250" step="2"/><U65/><E65/><V129/><F104/><W73/><G106/><T68/><D68/><U115/><E115/><V56/><F129/><W39/><G66/><T1/><D1/><AGARI ba="0,2" hai="1,7,10,26,29,34,44,46,47,49,52,59,96,99" machi="1" ten="40,8000,1" yaku="1,1,52,2,54,1,53,0" doraHai="94" doraHaiUra="109" who="1" fromWho="0" sc="240,-80,240,100,250,0,250,0" />
</Scene>
<Scene>
<INIT seed="1,0,0,5,3,9" ten="160,340,250,250" oya="1" hai0="127,93,95,70,84,16,40,44,25,115,60,36,20" hai1="15,129,65,117,83,113,69,68,87,51,132,110,43" hai2="77,38,131,91,76,12,125,122,56,105,5,78,18" hai3="103,19,80,45,108,130,32,124,28,50,81,73,59"/><U133/><E117/><V24/><F38/><W3/><G73/><T53/><D115/><U86/><E113/><V96/><F122/><W120/><G3/><T23/><D127/><U89/><E129/><V71/><F71/><W128/><G120/><T21/><D70/><U106/><E106/><V7/><F131/><N who="3" m="50219" /><G103/><T102/><D102/><U30/><E30/><V66/><F125/><W112/><G28/><T85/><D60/><U94/><E110/><V55/><F24/><W2/><G32/><T1/><D1/><U64/><E69/><V75/><F66/><W46/><G2/><T97/><D53/><U135/><E68/><V92/><F105/><W118/><G108/><T109/><D109/><U31/><E31/><V79/><N who="2" m="19456" /><DORA hai="34" /><V29/><F29/><W17/><G59/><T72/><D72/><U47/><REACH who="1" step="1"/><E15/><REACH who="1" ten="160,330,250,250" step="2"/><V67/><F75/><W37/><G112/><T35/><D35/><U10/><E10/><N who="2" m="6423" /><F67/><W116/><G118/><T57/><D21/><U101/><E101/><V22/><F22/><W41/><G116/><T111/><D23/><U58/><E58/><V126/><F126/><W62/><G124/><T33/><D33/><U6/><E6/><V100/><F100/><W4/><G4/><T0/><D0/><U82/><E82/><V27/><F27/><W13/><G81/><T119/><D119/><U8/><E8/><V54/><F56/><W121/><G80/><T52/><D111/><U123/><E123/><V61/><F5/><W11/><G121/><T14/><D25/><U49/><E49/><V99/><F7/><N who="3" m="3327" /><G62/><N who="0" m="36135" /><D93/><U134/><E134/><RYUUKYOKU ba="0,1" sc="160,10,330,10,250,-30,250,10" hai0="14,16,20,36,40,44,84,85,95,97" hai1="43,47,51,64,65,83,86,87,89,94,132,133,135" hai3="17,19,37,41,45,46,50" />
</Scene>
<Scene>
<INIT seed="1,1,1,5,2,56" ten="170,340,220,260" oya="1" hai0="39,72,99,37,114,70,57,134,2,101,81,19,65" hai1="76,102,44,21,61,93,17,50,6,86,80,125,67" hai2="131,97,126,59,95,118,105,49,53,87,122,82,128" hai3="31,127,60,64,30,15,55,18,120,23,108,132,4"/><U117/><E125/><V63/><F122/><W14/><G108/><T62/><D114/><U48/><E117/><V89/><F118/><W29/><G132/><T40/><D134/><U111/><E6/><V110/><F105/><W1/><G127/><T34/><D2/><U8/><E8/><V45/><F126/><W11/><G55/><T51/><D34/><U22/><E111/><V68/><F68/><W5/><G120/><T96/><D96/><N who="1" m="59663" /><E17/><V107/><F107/><W100/><G100/><T54/><D19/><U130/><E130/><V13/><F13/><W104/><G104/><T124/><D124/><U91/><E91/><V35/><F35/><W92/><G92/><T74/><D81/><U121/><E121/><V41/><REACH who="2" step="1"/><F110/><REACH who="2" ten="170,340,210,260" step="2"/><W24/><REACH who="3" step="1"/><G5/><REACH who="3" ten="170,340,210,250" step="2"/><T103/><D103/><AGARI ba="1,3" hai="41,45,49,53,59,63,82,87,89,95,97,103,128,131" machi="103" ten="40,8000,1" yaku="1,1,2,1,52,1,53,1" doraHai="56" doraHaiUra="83" who="2" fromWho="0" sc="170,-83,340,0,210,113,250,0" />
</Scene>
<Scene>
<INIT seed="2,0,0,5,2,43" ten="87,340,323,250" oya="2" hai0="11,39,25,10,79,31,61,55,50,130,56,123,125" hai1="59,46,74,47,86,100,1,45,73,70,116,33,88" hai2="34,114,24,112,16,84,30,54,95,57,52,102,63" hai3="2,42,15,6,28,78,98,128,85,48,29,14,111"/><V0/><F0/><W109/><G98/><T12/><D123/><U108/><E116/><V94/><F54/><W118/><G118/><T65/><D130/><U36/><E70/><V8/><F94/><W119/><G119/><T4/><D125/><U121/><E36/><V7/><F16/><W41/><G2/><T72/><D39/><U105/><E33/><V113/><F8/><N who="3" m="4375" /><G15/><T110/><D110/><N who="3" m="41993" /><G128/><T131/><D131/><U90/><E108/><V103/><REACH who="2" step="1"/><F7/><REACH who="2" ten="87,340,313,250" step="2"/><W117/><G117/><T71/><D11/><U87/><E1/><V77/><F77/><W26/><G26/><T19/><D4/><U37/><E121/><V69/><F69/><W115/><G115/><T38/><D79/><U91/><E105/><V97/><F97/><W104/><G104/><T20/><REACH who="0" step="1"/><D38/><REACH who="0" ten="77,340,313,250" step="2"/><U27/><E37/><V44/><F44/><N who="3" m="25615" /><G42/><T122/><D122/><U81/><E46/><V35/><F35/><W96/><G96/><T22/><D22/><U133/><E47/><V66/><F66/><W132/><G132/><T129/><D129/><U101/><E45/><V107/><F107/><W82/><AGARI ba="0,2" hai="28,29,78,82,85" m="25615,41993,4375" machi="82" ten="30,4000,0" yaku="25,1,14,1,52,1" doraHai="43" who="3" fromWho="3" sc="77,-10,340,-10,313,-20,250,60" />
</Scene>
<Scene>
<INIT seed="3,0,0,5,1,120" ten="67,330,293,310" oya="3" hai0="98,92,111,62,36,70,123,19,122,83,60,61,125" hai1="124,133,97,28,110,30,94,115,6,42,130,117,34" hai2="129,93,128,134,95,102,18,24,17,116,108,21,38" hai3="99,50,46,3,113,100,37,121,91,45,51,49,86"/><W118/><G118/><T103/><D70/><U52/><E115/><V0/><F116/><W27/><G3/><T29/><D36/><U84/><E42/><V64/><F38/><W39/><G121/><T32/><D125/><U8/><E117/><V43/><F43/><W59/><G113/><T75/><D32/><U41/><E41/><V127/><F134/><W101/><G39/><T78/><D29/><U109/><E133/><V89/><F127/><W9/><G37/><T69/><D69/><U65/><E65/><V66/><F0/><W44/><G99/><T105/><D19/><U56/><E84/><V40/><F40/><W85/><G59/><T106/><D106/><U63/><E130/><V77/><F77/><W132/><G132/><T135/><D135/><U1/><E124/><V31/><F102/><N who="3" m="39531" /><G91/><T12/><D12/><U35/><E35/><V47/><F89/><W22/><G9/><T53/><D53/><U13/><E1/><V58/><F58/><W104/><G104/><T48/><D48/><U20/><E34/><V87/><F87/><W23/><G23/><T11/><D11/><U131/><E131/><V14/><F21/><W79/><G79/><T10/><D10/><U107/><E107/><V119/><F119/><W76/><G76/><T90/><REACH who="0" step="1"/><D111/><REACH who="0" ten="57,330,293,310" step="2"/><N who="1" m="42507" /><E20/><V96/><F108/><W68/><G68/><T2/><D2/><U71/><E71/><V80/><F128/><W5/><G5/><T72/><D72/><U82/><E6/><V114/><F129/><W54/><G54/><T55/><D55/><U112/><E52/><V74/><F114/><RYUUKYOKU ba="0,1" sc="57,15,330,-15,293,-15,310,15" hai0="60,61,62,75,78,83,90,92,98,103,105,122,123" hai3="22,27,44,45,46,49,50,51,85,86" />
</Scene>
<Scene>
<INIT seed="3,1,1,4,4,69" ten="72,315,278,325" oya="3" hai0="132,15,19,121,114,4,112,79,75,5,49,41,20" hai1="85,47,90,71,9,116,84,128,93,60,131,134,6" hai2="2,122,89,50,120,65,37,64,46,115,1,72,103" hai3="81,0,68,13,66,107,48,73,44,43,3,63,57"/><W8/><G107/><T10/><D121/><N who="2" m="46698" /><F72/><W127/><G127/><T25/><D75/><U51/><E134/><V32/><F32/><W27/><G27/><T18/><D79/><U126/><E126/><V34/><F34/><W22/><G22/><N who="0" m="13527" /><D41/><N who="1" m="25071" /><E116/><V101/><F115/><N who="0" m="44074" /><D49/><U29/><E29/><V100/><F89/><W119/><G119/><T62/><D62/><U86/><E60/><V70/><F70/><W52/><G81/><T21/><D132/><U129/><E71/><V109/><F109/><W12/><G73/><T98/><D98/><U33/><E33/><V105/><F105/><W7/><REACH who="3" step="1"/><G0/><AGARI ba="1,1" hai="0,6,9,84,85,86,90,93,128,129,131" m="25071" machi="0" ten="30,1000,0" yaku="19,1" doraHai="69" who="1" fromWho="3" sc="72,0,315,23,278,0,325,-13" />
</Scene>
<Scene>
<INIT seed="4,0,0,1,2,32" ten="72,338,278,312" oya="0" hai0="8,93,3,123,56,75,30,76,131,49,44,102,59" hai1="58,48,45,71,36,14,74,78,64,12,79,66,67" hai2="88,22,73,128,7,86,96,98,24,95,116,29,35" hai3="61,46,114,87,53,52,104,34,9,4,6,72,91"/><T126/><D123/><U42/><E74/><V111/><F111/><W130/><G114/><T119/><D119/><U5/><E71/><V21/><F116/><W110/><G130/><T124/><D131/><U65/><E36/><V33/><F73/><W107/><G110/><T63/><D30/><U28/><E28/><V89/><F128/><W2/><G72/><T68/><D68/><U82/><E82/><V80/><F7/><W50/><G34/><T10/><D76/><N who="1" m="29227" /><E5/><V120/><F120/><W41/><G6/><N who="0" m="1119" /><D75/><U112/><E112/><V62/><F35/><W13/><G13/><N who="1" m="5226" /><E67/><V57/><REACH who="2" step="1"/><F96/><REACH who="2" ten="72,338,268,312" step="2"/><W100/><G4/><T20/><D10/><U16/><E16/><V121/><F121/><W23/><G9/><T51/><D20/><U70/><E70/><V133/><F133/><W43/><G23/><T55/><D63/><AGARI ba="0,1" hai="42,45,48,58,63,64,65,66" m="5226,29227" machi="63" ten="30,1000,0" yaku="8,1" doraHai="32" who="1" fromWho="0" sc="72,-10,338,20,268,0,312,0" />
</Scene>
<Scene>
<INIT seed="5,0,0,1,4,110" ten="62,358,268,312" oya="1" hai0="16,39,130,116,88,133,134,34,10,15,40,47,62" hai1="27,2,55,65,100,32,113,57,58,120,11,17,108" hai2="68,109,1,114,29,95,69,118,125,77,7,31,92" hai3="37,74,90,121,127,104,126,3,22,14,87,24,26"/><U59/><E120/><V52/><F118/><W99/><G3/><T86/><D116/><U91/><E108/><V12/><F109/><W64/><G74/><T103/><D34/><U38/><E38/><V53/><F1/><W19/><G37/><T73/><D73/><U83/><E100/><V119/><F119/><W81/><G121/><T112/><D103/><U75/><E65/><V117/><F117/><W124/><G64/><T44/><D44/><U78/><E91/><V8/><F77/><W70/><G70/><T132/><D62/><U79/><E79/><V56/><F125/><W128/><G128/><T71/><D71/><U41/><E41/><V23/><F68/><W0/><G0/><T4/><D130/><U94/><E94/><N who="2" m="35883" /><F114/><W135/><G135/><T45/><D45/><U49/><E113/><V106/><F106/><W35/><G35/><T66/><D66/><U129/><E129/><V6/><F69/><W42/><G42/><T84/><D112/><U63/><E63/><N who="2" m="36231" /><F6/><W18/><G104/><T107/><D107/><U33/><E2/><V96/><F96/><W82/><G99/><T98/><D4/><U50/><E32/><V5/><F5/><W76/><G76/><T115/><D115/><U48/><E33/><V111/><F111/><W36/><G36/><T30/><D30/><N who="2" m="11274" /><F53/><W54/><G54/><T101/><D101/><U97/><E97/><V123/><F123/><W21/><G81/><T46/><REACH who="0" step="1"/><D47/><REACH who="0" ten="52,358,268,312" step="2"/><U20/><E75/><V89/><F7/><W105/><G105/><T102/><D102/><U122/><E122/><V72/><F72/><RYUUKYOKU ba="0,1" sc="52,15,358,-15,268,-15,312,15" hai0="10,15,16,39,40,46,84,86,88,98,132,133,134" hai3="14,18,19,21,22,24,26,82,87,90,124,126,127" />
</Scene>
<Scene>
<INIT seed="6,1,1,0,2,80" ten="67,343,253,327" oya="2" hai0="58,112,11,102,64,21,61,31,105,15,118,47,122" hai1="129,83,91,135,37,48,128,82,40,56,94,130,68" hai2="5,98,116,26,79,28,20,101,71,42,59,23,25" hai3="24,120,106,30,76,2,14,43,32,9,35,10,115"/><V81/><F116/><W34/><G106/><T92/><D122/><U67/><E135/><V51/><F71/><W46/><G120/><T1/><D118/><U73/><E37/><V133/><F5/><W50/><G115/><T109/><D112/><U123/><E123/><V19/><F133/><W16/><G2/><T52/><D109/><U54/><E40/><V7/><F7/><W65/><G65/><T97/><D1/><U53/><E73/><V6/><F6/><W77/><REACH who="3" step="1"/><G9/><REACH who="3" ten="67,343,253,317" step="2"/><T13/><D105/><U87/><E53/><V4/><F4/><W90/><G90/><T74/><D74/><U134/><E134/><V18/><F42/><W104/><G104/><T124/><D124/><U3/><E3/><V110/><F110/><W99/><G99/><T86/><D11/><U93/><E67/><V131/><F98/><W100/><G100/><T29/><D86/><N who="1" m="50655" /><E68/><V70/><F101/><W114/><G114/><T36/><D36/><U57/><E129/><V107/><F107/><W63/><G63/><T117/><D117/><U45/><E128/><V55/><F70/><W12/><G12/><T96/><D96/><U132/><E130/><V62/><F131/><W75/><G75/><T66/><D66/><U127/><E127/><V121/><F121/><W95/><G95/><N who="1" m="36362" /><E132/><V125/><F125/><W41/><G41/><T39/><D39/><U0/><E0/><V119/><F119/><W108/><G108/><T17/><REACH who="0" step="1"/><D13/><REACH who="0" ten="57,343,253,317" step="2"/><U22/><E87/><N who="2" m="48575" /><F62/><W126/><G126/><T89/><D89/><U111/><E111/><V78/><F78/><AGARI ba="1,3" hai="10,14,16,24,30,32,34,35,43,46,50,76,77,78" machi="78" ten="40,2600,0" yaku="1,1,54,1,53,0" doraHai="80" doraHaiUra="113" who="3" fromWho="2" sc="57,0,343,0,253,-29,317,59" />
</Scene>
<Scene>
<INIT seed="7,0,0,4,5,111" ten="57,343,224,376" oya="3" hai0="85,40,88,70,61,30,94,7,17,116,107,65,5" hai1="98,24,57,44,46,79,131,47,35,99,115,14,132" hai2="22,37,105,81,134,77,23,63,26,106,55,64,60" hai3="34,16,68,113,100,53,121,73,43,84,42,36,12"/><W135/><G34/><T2/><D107/><U21/><E132/><V13/><F37/><W80/><G68/><T41/><D116/><U102/><E131/><V124/><F124/><W74/><G36/><T117/><D117/><U56/><E35/><V133/><F55/><W1/><G1/><T49/><D30/><U103/><E79/><V58/><F60/><W4/><G4/><T97/><D2/><U31/><E115/><V54/><F54/><W32/><G113/><T50/><D17/><U76/><E76/><V126/><F126/><W104/><G32/><T62/><D70/><U69/><E69/><V128/><F128/><W19/><G74/><T39/><D39/><U0/><E0/><V83/><F13/><W130/><G73/><T25/><D25/><U15/><E15/><V120/><F120/><W72/><G72/><T82/><D65/><U66/><E14/><V109/><F26/><W78/><G121/><T110/><D110/><U119/><E119/><V3/><F109/><W18/><G130/><T86/><D94/><U28/><E28/><V101/><F3/><W118/><G118/><T11/><D11/><U29/><E29/><V92/><F92/><W48/><G12/><T87/><D87/><U123/><E123/><V96/><F105/><W71/><G135/><T91/><REACH who="0" step="1"/><D97/><REACH who="0" ten="47,343,224,376" step="2"/><N who="1" m="36875" /><E66/><V10/><F64/><W90/><G71/><T89/><D89/><U75/><E75/><V95/><F133/><W125/><G90/><T127/><D127/><U114/><E114/><V6/><F134/><W8/><G125/><T38/><D38/><U112/><E112/><RYUUKYOKU ba="0,1" sc="47,15,343,15,224,-15,376,-15" hai0="5,7,40,41,49,50,61,62,82,85,86,88,91" hai1="21,24,31,44,46,47,56,57,102,103" owari="62,-44.0,358,16.0,209,-19.0,371,47.0" />
</Scene>
</mjloggm>