<mjloggm ver="2.3"><GO type="169"/><UN n0="%E3%81%94%E3%81%98%E3%82%83%E3%82%8B" n1="%E5%A4%AA%E3%81%8F%E3%81%AA%E3%81%84%E3%81%8A" n2="%79%69%6E%6E%65%72%30%36" n3="%E3%83%9A%E3%83%81%E3%83%A7%E3%83%BC%E3%83%AA%E3%83%B3" dan="17,18,16,18" rate="2202,2161,2085,2229" sx="M,M,M,M"/><TAIKYOKU oya="0"/>

<Scene>
<INIT seed="0,0,0,5,2,109" ten="250,250,250,250" oya="0" hai0="10,5,3,99,61,78,46,66,122,12,2,130,30" hai1="33,115,97,58,113,57,31,21,101,80,22,96,128" hai2="83,4,95,91,24,17,74,39,77,47,100,52,129" hai3="89,42,110,11,79,125,121,105,85,124,82,71,55"/><T51/><D122/><U93/><E128/><V132/><F132/><W54/><G71/><T18/><D130/><U64/><E33/><V73/><F129/><W63/><G110/><T35/><D78/><U117/><E117/><V38/><F4/><W56/><G105/><T8/><D99/><U103/><E80/><V107/><F74/><W15/><G42/><T48/><D2/><U53/><E64/><V9/><F100/><W76/><G121/><T25/><REACH who="0" step="1"/><D46/><REACH who="0" ten="240,250,250,250" step="2"/><U134/><E134/><V98/><F47/><W88/><G79/><T44/><D44/><U86/><E86/><V1/><F98/><W135/><G135/><T65/><D65/><U81/><E97/><V20/><F77/><W84/><G55/><T28/><D28/><U34/><E31/><V23/><F52/><W7/><G85/><T60/><D60/><U37/><E53/><V123/><F1/><W133/><G133/><T50/><D50/><U90/><E96/><V43/><F123/><W111/><G111/><T69/><AGARI ba="0,1" hai="3,5,8,10,12,18,25,30,35,48,51,61,66,69" machi="69" ten="20,3900,0" yaku="1,1,0,1,7,1,53,0" doraHai="109" doraHaiUra="87" who="0" fromWho="0" sc="240,49,250,-13,250,-13,250,-13" />
</Scene>
<Scene>
<INIT seed="0,1,0,4,1,71" ten="289,237,237,237" oya="0" hai0="59,62,41,37,72,16,28,51,12,135,73,3,122" hai1="113,52,87,125,81,118,90,27,4,49,75,8,56" hai2="128,77,7,11,14,22,92,117,6,38,79,98,132" hai3="30,45,17,65,123,109,103,53,5,96,111,46,26"/><T33/><D3/><U78/><E118/><V112/><F112/><W66/><G123/><T36/><D122/><U70/><E70/><V89/><F132/><W121/><G121/><T115/><D115/><U20/><E113/><V15/><F128/><W93/><G5/><T60/><D135/><U114/><E114/><V110/><F110/><N who="3" m="41995" /><G17/><T1/><D1/><U18/><E125/><V61/><F117/><W39/><G53/><T24/><D51/><U63/><E63/><V48/><F38/><W130/><G130/><T58/><D62/><U105/><E105/><V127/><F127/><W47/><G39/><T91/><D91/><U97/><E97/><V40/><F61/><W106/><G106/><T57/><D60/><U104/><E104/><V95/><F95/><W129/><G129/><T2/><D2/><U99/><E99/><V32/><F32/><AGARI ba="1,0" hai="26,30,32,45,46,47,65,66,93,96,103" m="41995" machi="32" ten="30,1000,0" yaku="14,1" doraHai="71" who="3" fromWho="2" sc="289,0,237,0,237,-13,237,13" />
</Scene>
<Scene>
<INIT seed="1,0,0,0,5,55" ten="289,237,224,250" oya="1" hai0="12,27,78,26,18,28,115,102,64,32,106,15,69" hai1="8,54,96,30,134,70,130,120,135,35,52,68,108" hai2="67,86,41,47,57,131,24,51,4,103,87,99,20" hai3="75,77,128,14,61,113,104,126,13,107,81,11,58"/><U5/><E120/><V6/><F131/><W101/><G113/><T1/><D115/><U118/><E118/><V38/><F4/><W10/><G126/><T9/><D78/><U74/><E74/><V29/><F6/><W110/><G110/><T132/><D132/><N who="1" m="50731" /><E130/><V73/><F73/><W91/><G128/><T42/><D42/><U114/><E114/><V82/><F82/><W48/><G48/><T21/><D1/><N who="1" m="47" /><E108/><V50/><F38/><W66/><G91/><T53/><D9/><U95/><E30/><V62/><REACH who="2" step="1"/><F50/><REACH who="2" ten="289,237,214,250" step="2"/><W46/><G75/><T63/><REACH who="0" step="1"/><D53/><REACH who="0" ten="279,237,214,250" step="2"/><N who="1" m="20587" /><E35/><V112/><F112/><W44/><G66/><T116/><D116/><U90/><AGARI ba="0,2" hai="68,70,90,95,96" m="20587,47,50731" machi="90" ten="30,3000,0" yaku="20,1,54,1" doraHai="55" who="1" fromWho="1" sc="279,-10,237,50,214,-10,250,-10" />
</Scene>
<Scene>
<INIT seed="1,1,0,0,5,91" ten="269,287,204,240" oya="1" hai0="126,64,54,82,61,125,97,45,25,127,132,52,69" hai1="131,43,93,134,78,83,67,34,89,11,94,70,33" hai2="72,133,135,17,122,108,90,47,3,9,63,107,39" hai3="50,31,55,1,36,51,76,22,0,88,101,105,48"/><U15/><E134/><V113/><F122/><W46/><G76/><T42/><D132/><U86/><E131/><V21/><F107/><W29/><G101/><T35/><D82/><U44/><E70/><V20/><F72/><W26/><G105/><T60/><D97/><U106/><E106/><V85/><F108/><W102/><G102/><T123/><D123/><U98/><E67/><V41/><F113/><W80/><G31/><T58/><D25/><U37/><REACH who="1" step="1"/><E94/><REACH who="1" ten="269,277,204,240" step="2"/><V75/><F135/><W120/><G120/><T65/><REACH who="0" step="1"/><D35/><REACH who="0" ten="259,277,204,240" step="2"/><U124/><E124/><V62/><F133/><W111/><G111/><T7/><D7/><AGARI ba="1,2" hai="7,11,15,33,34,37,43,44,78,83,86,89,93,98" machi="7" ten="30,11600,0" yaku="1,1,7,1,52,1,53,1" doraHai="91" doraHaiUra="6" who="1" fromWho="0" sc="259,-119,277,139,204,0,240,0" />
</Scene>
<Scene>
<INIT seed="1,2,0,1,2,88" ten="140,416,204,240" oya="1" hai0="7,90,47,112,61,19,120,81,42,83,118,72,84" hai1="80,23,54,9,116,74,11,65,85,0,32,44,24" hai2="107,29,108,36,15,40,77,119,25,117,121,132,129" hai3="79,6,53,26,34,50,46,10,122,13,124,18,94"/><U95/><E116/><V37/><F121/><W21/><G122/><T33/><D120/><U57/><E32/><V93/><F107/><W71/><G71/><T101/><D112/><U35/><E35/><V67/><F67/><W16/><G124/><T55/><D118/><U31/><E74/><V51/><F15/><W27/><G79/><T56/><D101/><U68/><E68/><V64/><F64/><W135/><G135/><T125/><D125/><U102/><E44/><V20/><F132/><W97/><G34/><T63/><D33/><U87/><E0/><V111/><F77/><W52/><G27/><T123/><D123/><U48/><E65/><V76/><F76/><W43/><G6/><T39/><D72/><U96/><E87/><V109/><F129/><W69/><G69/><T45/><D7/><U131/><E131/><V58/><F58/><W49/><G50/><T106/><D106/><U92/><E92/><V99/><F51/><W127/><G127/><T28/><D28/><U70/><E70/><V3/><F3/><W5/><G5/><T1/><D1/><U4/><E4/><V126/><F126/><W30/><G30/><T66/><D63/><U115/><E115/><V134/><F134/><W41/><G41/><T14/><D66/><U86/><E86/><V130/><F130/><W103/><AGARI ba="2,0" hai="10,13,16,18,21,26,43,46,49,52,53,94,97,103" machi="103" ten="20,12000,2" yaku="0,1,7,1,8,1,52,1,54,2" doraHai="88" who="3" fromWho="3" sc="140,-32,416,-62,204,-32,240,126" />
</Scene>
<Scene>
<INIT seed="2,0,0,2,5,110" ten="108,354,172,366" oya="2" hai0="56,49,11,132,90,74,50,95,10,82,111,58,59" hai1="53,94,48,31,4,83,131,51,80,63,96,72,9" hai2="122,15,20,88,117,86,98,47,124,100,92,33,5" hai3="0,54,8,42,57,29,107,99,25,44,75,34,93"/><V108/><F122/><W38/><G75/><T71/><D71/><U62/><E131/><V24/><F117/><W104/><G8/><T2/><D111/><U78/><E31/><V103/><F108/><W109/><G0/><T118/><D118/><U77/><E48/><V123/><F123/><W130/><G130/><T23/><D132/><U134/><E134/><V79/><F124/><W87/><G87/><T16/><D74/><U97/><E78/><V18/><F47/><W13/><G13/><N who="0" m="9615" /><D82/><U22/><E22/><V133/><F133/><W126/><G126/><T102/><D102/><U30/><E30/><V6/><F33/><W106/><G109/><T85/><D2/><U84/><E83/><N who="2" m="47487" /><F5/><W64/><G64/><T40/><D40/><U73/><E73/><V26/><F6/><W115/><G115/><T68/><D68/><U32/><E32/><V37/><F37/><W7/><G7/><T81/><D81/><U70/><E72/><V27/><AGARI ba="0,0" hai="15,18,20,24,26,27,88,92,98,100,103" m="47487" machi="27" ten="30,3000,0" yaku="8,1,54,1" doraHai="110" who="2" fromWho="2" sc="108,-10,354,-10,172,30,366,-10" />
</Scene>
<Scene>
<INIT seed="2,1,0,2,2,60" ten="98,344,202,356" oya="2" hai0="31,107,113,27,79,2,130,87,51,3,61,56,83" hai1="0,88,111,108,127,22,116,95,70,64,42,89,23" hai2="101,86,43,66,1,35,75,135,85,13,44,131,14" hai3="11,58,80,73,47,36,62,21,132,19,26,90,114"/><V17/><F1/><W102/><G132/><T118/><D113/><U74/><E116/><V29/><F135/><W18/><G114/><T104/><D118/><U6/><E74/><V134/><F134/><W49/><G102/><T50/><D130/><U128/><E128/><V81/><F131/><W54/><G36/><T72/><D2/><U33/><E33/><V20/><F101/><W97/><G73/><T122/><D3/><U5/><E127/><V12/><F75/><W100/><G80/><T84/><D122/><U46/><E22/><V68/><F29/><W59/><G90/><T98/><D72/><U25/><E0/><V63/><F35/><W126/><G126/><T39/><D39/><N who="1" m="21855" /><E70/><V45/><F45/><W71/><G71/><T9/><D9/><U120/><E120/><V125/><F125/><W37/><G37/><T106/><D87/><N who="1" m="52639" /><E89/><V92/><F92/><N who="3" m="58407" /><G62/><T93/><D93/><U7/><E23/><V38/><REACH who="2" step="1"/><F85/><REACH who="2" ten="98,344,192,356" step="2"/><W91/><G91/><AGARI ba="1,1" hai="12,13,14,17,20,38,43,44,63,66,68,81,86,91" machi="91" ten="30,12000,1" yaku="1,1,2,1,7,1,52,1,53,1" doraHai="60" doraHaiUra="40" who="2" fromWho="3" sc="98,0,344,0,192,133,356,-123" />
</Scene>
<Scene>
<INIT seed="2,2,0,3,2,84" ten="98,344,325,233" oya="2" hai0="132,31,75,57,93,17,35,68,15,43,104,53,74" hai1="13,90,98,94,44,87,130,20,81,77,85,79,33" hai2="126,49,129,78,9,58,55,112,37,103,127,12,36" hai3="125,47,121,40,67,91,66,24,102,123,7,128,72"/><V60/><F112/><W69/><G72/><T18/><D104/><U73/><E33/><V107/><F78/><W3/><G102/><T23/><D68/><U28/><E130/><V100/><F129/><W32/><G7/><T34/><D132/><U89/><E44/><V99/><F103/><W111/><G3/><T39/><D39/><U88/><E28/><V63/><F63/><W11/><G11/><T106/><D106/><U120/><E120/><V61/><F61/><W96/><G69/><T124/><D43/><U86/><E20/><V10/><F49/><W45/><G40/><T50/><D124/><N who="2" m="47658" /><F9/><W116/><G66/><T29/><D35/><U8/><REACH who="1" step="1"/><E79/><REACH who="1" ten="98,334,325,233" step="2"/><V131/><F131/><W0/><G128/><T118/><D34/><U83/><E83/><V54/><F54/><W27/><G32/><T109/><D31/><U117/><E117/><V59/><F59/><W71/><G116/><T16/><D118/><U115/><E115/><V26/><F55/><W110/><G123/><T113/><D113/><U5/><AGARI ba="2,1" hai="5,8,13,73,77,81,85,86,87,88,89,90,94,98" machi="5" ten="30,12000,2" yaku="1,1,0,1,52,3,54,1,53,0" doraHai="84" doraHaiUra="133" who="1" fromWho="1" sc="98,-32,334,136,325,-62,233,-32" />
</Scene>
<Scene>
<INIT seed="3,0,0,0,0,72" ten="66,470,263,201" oya="3" hai0="45,23,1,5,91,4,78,19,127,65,94,10,73" hai1="107,124,90,31,87,126,54,66,47,38,42,93,133" hai2="86,89,61,102,84,85,128,71,97,88,57,49,32" hai3="63,95,20,67,51,46,14,17,70,37,83,110,132"/><W15/><G132/><T115/><D127/><N who="1" m="48683" /><E107/><V98/><F32/><W9/><G37/><T26/><D115/><U13/><E133/><V48/><F71/><W135/><G135/><T74/><D5/><U39/><E66/><V34/><F34/><W27/><G110/><T62/><D45/><U134/><E134/><V112/><F128/><W129/><G129/><T109/><D109/><U18/><E31/><V82/><F112/><W7/><G95/><T116/><D116/><U28/><E28/><V59/><F84/><W58/><G83/><T21/><D21/><N who="1" m="11471" /><E54/><V81/><F61/><W80/><G80/><T30/><D30/><U79/><E79/><V103/><AGARI ba="0,0" hai="48,49,57,59,81,82,85,86,88,89,97,98,102,103" machi="103" ten="25,8000,1" yaku="0,1,22,2,8,1,54,1" doraHai="72" who="2" fromWho="2" sc="66,-20,470,-20,263,80,201,-40" />
</Scene>
<Scene>
<INIT seed="4,0,0,2,0,63" ten="46,450,343,161" oya="0" hai0="25,121,32,75,80,11,96,111,92,78,109,53,84" hai1="4,39,20,22,90,88,119,31,36,74,113,34,91" hai2="60,49,64,129,52,100,128,14,112,12,81,35,19" hai3="17,101,21,62,41,116,27,46,105,13,55,93,102"/><T77/><D11/><U73/><E119/><V66/><F35/><W87/><G105/><T126/><D53/><U59/><E4/><V118/><F118/><W125/><G125/><T122/><D25/><U107/><E107/><V44/><F112/><W38/><G116/><T127/><D32/><U110/><E110/><N who="0" m="41993" /><D84/><U86/><E34/><V104/><F104/><W28/><G55/><T3/><D78/><U15/><E113/><V61/><F100/><W10/><G62/><N who="2" m="24169" /><F81/><W98/><G87/><T83/><D83/><U54/><E86/><V89/><F89/><AGARI ba="0,0" hai="10,13,17,21,27,28,38,41,46,89,93,98,101,102" machi="89" ten="30,1000,0" yaku="7,1" doraHai="63" who="3" fromWho="2" sc="46,0,450,0,343,-10,161,10" />
</Scene>
<Scene>
<INIT seed="5,0,0,2,3,129" ten="46,450,333,171" oya="1" hai0="21,4,57,60,72,7,46,106,79,11,43,101,38" hai1="67,22,20,39,61,121,135,81,40,104,45,113,133" hai2="99,56,3,59,95,26,74,0,30,87,77,88,44" hai3="2,70,96,5,119,82,123,28,75,65,63,108,10"/><U105/><E121/><V8/><F74/><W93/><G123/><T31/><D106/><U25/><E81/><V97/><F99/><W48/><G108/><T112/><D101/><U50/><E39/><V17/><F44/><W92/><G119/><T24/><D112/><U126/><E113/><V68/><F68/><W89/><G28/><T36/><D36/><U53/><E40/><V16/><F77/><W41/><G92/><T117/><D117/><U116/><E116/><V107/><F107/><W120/><G120/><T18/><D79/><U32/><E32/><V19/><F97/><W14/><G75/><T100/><D100/><U122/><E122/><V51/><F51/><W29/><G29/><T124/><D72/><U114/><E114/><V49/><F49/><W62/><G82/><T64/><D124/><U15/><E15/><V27/><F27/><W111/><G63/><T83/><D83/><U54/><E54/><V90/><F90/><W6/><G111/><T102/><D102/><U9/><E9/><V66/><F66/><W1/><G6/><T37/><D37/><U109/><E109/><V85/><F85/><W42/><G42/><T35/><REACH who="0" step="1"/><D11/><REACH who="0" ten="36,450,333,171" step="2"/><U52/><E126/><V132/><F8/><W86/><G10/><T80/><D80/><U118/><E118/><V33/><F0/><W13/><G2/><T134/><D134/><U58/><E105/><V98/><F3/><W76/><G1/><T91/><D91/><U71/><E104/><V94/><F132/><N who="1" m="50761" /><E25/><AGARI ba="0,1" hai="4,7,18,21,24,25,31,35,38,43,46,57,60,64" machi="25" ten="30,2000,0" yaku="1,1,7,1,53,0" doraHai="129" doraHaiUra="73" who="0" fromWho="1" sc="36,30,450,-20,333,0,171,0" />
</Scene>
<Scene>
<INIT seed="6,0,0,0,2,99" ten="66,430,333,171" oya="2" hai0="103,5,38,131,47,130,83,15,93,111,113,79,63" hai1="9,116,17,86,58,100,77,115,35,61,133,52,22" hai2="20,26,101,68,7,40,128,19,78,6,27,74,73" hai3="122,91,10,94,98,121,87,1,85,43,25,37,60"/><V46/><F68/><W124/><G124/><T107/><D111/><U135/><E116/><V42/><F42/><W48/><G37/><T55/><D107/><U125/><E35/><V69/><F69/><W106/><G60/><T2/><D113/><U117/><E117/><V75/><F128/><W89/><G25/><T4/><D2/><U67/><E125/><V36/><F78/><W114/><G114/><T0/><D0/><U29/><E29/><V45/><F45/><W112/><G112/><T105/><D105/><U80/><E115/><V70/><F70/><W76/><G76/><T66/><D38/><U134/><E100/><V8/><F27/><W119/><G119/><T118/><D118/><U92/><E92/><V30/><REACH who="2" step="1"/><F101/><REACH who="2" ten="66,430,323,171" step="2"/><W13/><G43/><T71/><D131/><U65/><E9/><V49/><F49/><W59/><G48/><T57/><D130/><U14/><AGARI ba="0,1" hai="14,17,22,52,58,61,65,67,77,80,86,133,134,135" machi="14" ten="30,4000,0" yaku="0,1,20,1,54,1" doraHai="99" who="1" fromWho="1" sc="66,-10,430,50,323,-20,171,-10" />
</Scene>
<Scene>
<INIT seed="7,0,0,2,1,51" ten="56,480,303,161" oya="3" hai0="131,35,27,96,38,45,133,53,95,16,44,1,108" hai1="62,114,33,110,17,13,50,117,7,98,18,54,5" hai2="115,0,94,56,80,116,14,66,124,75,74,85,113" hai3="100,126,10,39,57,82,93,68,8,9,36,101,87"/><W22/><G68/><T11/><D108/><U55/><E33/><V109/><F0/><W47/><G126/><T64/><D133/><U77/><E110/><V15/><F109/><W6/><G39/><T83/><D131/><U128/><E128/><V19/><F124/><W123/><G123/><T23/><D35/><U32/><E32/><V43/><F43/><W81/><G36/><T118/><D118/><U61/><E77/><N who="2" m="46223" /><F94/><W103/><G47/><T102/><D64/><U125/><E17/><V97/><F97/><W86/><G6/><T99/><D38/><U21/><E61/><N who="2" m="38183" /><F15/><W41/><G41/><T4/><D83/><N who="3" m="31753" /><G93/><T30/><D30/><U29/><E29/><V48/><F48/><W71/><G71/><T3/><D3/><U46/><E125/><V106/><F106/><W60/><G22/><T25/><D25/><U20/><E20/><N who="2" m="11383" /><F116/><W12/><G12/><T78/><D78/><U69/><E117/><V119/><F119/><W132/><G132/><T107/><REACH who="0" step="1"/><D53/><AGARI ba="0,0" hai="8,9,10,53,57,60,86,87,100,101,103" m="31753" machi="53" ten="30,2900,0" yaku="8,1,52,1" doraHai="51" who="3" fromWho="0" sc="56,-29,480,0,303,0,161,29" />
</Scene>
<Scene>
<INIT seed="7,1,0,3,4,63" ten="27,480,303,190" oya="3" hai0="33,89,11,126,101,78,90,95,26,46,104,40,134" hai1="73,62,70,125,60,34,122,64,117,9,87,124,66" hai2="69,31,48,86,111,27,20,100,13,114,59,36,113" hai3="56,30,10,14,97,105,75,88,51,79,1,130,42"/><W91/><G1/><T23/><D33/><U53/><E73/><V45/><F111/><W7/><G130/><T107/><D11/><U112/><E122/><V96/><F69/><W83/><G30/><T25/><D78/><U18/><E34/><V65/><F36/><W68/><G68/><T28/><D126/><N who="1" m="48747" /><E112/><N who="2" m="43115" /><F86/><W98/><G42/><T131/><D131/><U38/><E38/><V58/><F65/><W12/><G12/><T67/><D134/><U4/><E117/><V24/><F24/><W54/><G105/><T74/><D74/><U35/><E35/><V77/><F77/><W32/><G32/><T103/><D40/><U80/><E53/><N who="2" m="29839" /><F13/><W93/><G97/><T43/><D43/><U72/><E18/><V82/><F82/><W109/><G109/><T118/><D118/><U99/><E9/><V133/><F133/><W0/><G0/><T92/><D46/><U8/><E99/><V85/><F85/><W81/><G81/><T3/><D3/><N who="1" m="31" /><E72/><V2/><F2/><W41/><G41/><T132/><D132/><U5/><E5/><V106/><AGARI ba="1,0" hai="20,27,31,58,59,96,100,106" m="29839,43115" machi="106" ten="30,1100,0" yaku="15,1" doraHai="63" who="2" fromWho="2" sc="27,-4,480,-4,303,14,190,-6" owari="23,-48.0,476,58.0,317,12.0,184,-22.0" />
</Scene>
</mjloggm>