<mjloggm ver="2.3"><GO type="169"/><UN n0="%6E%65%6B%6F%33%31" n1="%E5%A4%AA%E3%81%8F%E3%81%AA%E3%81%84%E3%81%8A" n2="%61%62%61%6E%74%65%73" n3="%31%E6%9C%88%31%31%E6%97%A5" dan="16,16,16,17" rate="2064,2088,2068,2162" sx="F,M,M,M"/><TAIKYOKU oya="0"/>

<Scene>
<INIT seed="0,0,0,1,2,105" ten="250,250,250,250" oya="0" hai0="88,49,73,16,82,1,33,27,87,3,117,95,37" hai1="38,2,94,41,68,78,47,107,126,67,46,48,25" hai2="19,124,29,133,66,118,21,111,12,77,122,106,80" hai3="115,89,51,24,20,7,135,5,43,8,60,85,45"/><T91/><D117/><U84/><E107/><V30/><F122/><W18/><G135/><T22/><D33/><U39/><E2/><V55/><F106/><W121/><G121/><T120/><D37/><U81/><E126/><V65/><F124/><W72/><G115/><T32/><D32/><U113/><E113/><V112/><F112/><W71/><G72/><T123/><D49/><U54/><E68/><V83/><F133/><W74/><G74/><T79/><D123/><U75/><E67/><N who="2" m="25611" /><F118/><W101/><G71/><T125/><D125/><U96/><E25/><V100/><F100/><W61/><G101/><T34/><D34/><U114/><E114/><V53/><F111/><W103/><G103/><T92/><D120/><U14/><E14/><V13/><F12/><W28/><G28/><N who="2" m="10857" /><F77/><W23/><G23/><T76/><REACH who="0" step="1"/><D79/><REACH who="0" ten="240,250,250,250" step="2"/><U44/><E38/><V86/><F86/><AGARI ba="0,1" hai="1,3,16,22,27,73,76,82,86,87,88,91,92,95" machi="86" ten="30,18000,2" yaku="1,1,2,1,7,1,9,1,52,1,54,2,53,0" doraHai="105" doraHaiUra="116" who="0" fromWho="2" sc="240,190,250,0,250,-180,250,0" />
</Scene>
<Scene>
<INIT seed="0,1,0,5,4,46" ten="430,250,70,250" oya="0" hai0="63,96,35,25,43,18,56,86,73,97,70,125,27" hai1="61,31,135,17,47,11,41,39,102,1,32,53,69" hai2="65,72,122,130,129,90,133,59,50,66,115,83,38" hai3="34,48,117,8,12,103,15,37,123,52,0,6,30"/><T71/><D73/><U75/><E135/><V74/><F90/><W55/><G117/><T93/><D43/><U107/><E75/><V89/><F74/><W127/><G37/><T112/><D112/><U22/><E107/><V36/><F72/><W29/><G127/><T85/><D125/><U67/><E102/><V5/><F83/><W92/><G123/><T44/><D44/><U98/><E98/><V40/><F89/><W80/><G0/><T49/><D35/><U126/><E126/><V16/><F5/><W87/><G55/><T28/><D28/><U2/><E11/><V24/><F115/><W78/><G15/><T13/><D70/><U79/><E79/><V26/><F122/><W110/><G34/><T7/><D7/><U54/><E31/><V108/><F108/><W57/><G110/><T91/><D71/><U104/><E104/><V21/><F133/><W88/><G103/><T58/><D97/><AGARI ba="1,0" hai="6,8,12,29,30,48,52,57,78,80,87,88,92,97" machi="97" ten="30,8000,1" yaku="7,1,8,1,52,1,54,2" doraHai="46" who="3" fromWho="0" sc="430,-83,250,0,70,0,250,83" />
</Scene>
<Scene>
<INIT seed="1,0,0,1,5,107" ten="347,250,70,333" oya="1" hai0="67,27,22,92,43,6,57,25,49,66,12,114,88" hai1="133,1,28,36,82,20,87,131,54,89,115,51,41" hai2="102,112,121,46,97,77,31,2,103,30,119,60,117" hai3="14,42,33,53,55,78,84,76,50,17,111,24,128"/><U116/><E116/><V16/><F121/><W18/><G111/><T38/><D38/><U65/><E115/><V134/><F112/><W9/><G128/><T86/><D114/><U26/><E1/><V61/><F2/><W109/><G109/><T73/><D73/><U99/><E131/><V47/><F97/><W8/><G42/><T48/><D48/><U19/><E133/><V81/><F81/><W11/><G33/><T129/><D129/><U64/><E36/><V127/><F77/><W110/><G110/><T7/><D22/><U62/><E41/><V123/><F123/><W3/><G24/><N who="0" m="9291" /><D12/><U39/><E39/><V98/><F98/><W72/><G72/><T118/><D118/><U105/><E28/><V69/><F69/><W113/><G113/><T5/><D43/><U101/><REACH who="1" step="1"/><E62/><REACH who="1" ten="347,240,70,333" step="2"/><V91/><F134/><W124/><G3/><T34/><D49/><U74/><E74/><V93/><F127/><W132/><G124/><T10/><D5/><U63/><E63/><V52/><F119/><W100/><G50/><T0/><D6/><U29/><E29/><V75/><F75/><W37/><G37/><T125/><D125/><U79/><E79/><V40/><F40/><W70/><G78/><T15/><D0/><U35/><E35/><V32/><F117/><W71/><G132/><T106/><D34/><U85/><E85/><N who="2" m="52463" /><F31/><W130/><G130/><T108/><D108/><U135/><E135/><V95/><F61/><W90/><G76/><T120/><D120/><U68/><E68/><V104/><F60/><W83/><G71/><T4/><D66/><RYUUKYOKU ba="0,1" sc="347,-10,240,30,70,-10,333,-10" hai1="19,20,26,51,54,64,65,82,87,89,99,101,105" />
</Scene>
<Scene>
<INIT seed="1,1,1,1,1,129" ten="337,270,60,323" oya="1" hai0="86,135,39,17,14,31,3,134,20,99,10,112,1" hai1="2,118,123,11,68,7,71,29,60,63,73,97,70" hai2="117,30,80,105,132,78,6,131,58,85,24,76,133" hai3="55,116,13,110,130,49,121,89,9,109,35,120,51"/><U102/><E123/><V83/><F105/><W114/><G35/><T94/><D39/><U93/><E118/><V79/><F117/><W33/><G116/><T22/><D112/><U113/><E113/><V124/><F6/><W92/><G114/><T127/><D86/><U36/><E36/><V61/><F131/><W108/><G33/><T67/><D67/><U44/><E73/><V125/><F24/><W91/><G130/><T90/><D127/><N who="2" m="48714" /><F30/><W81/><G81/><N who="2" m="31305" /><F85/><W88/><G92/><T57/><D57/><U98/><E44/><V82/><N who="2" m="31313" /><V38/><DORA hai="19" /><F38/><W96/><G96/><T72/><D72/><U45/><E45/><V32/><F32/><W15/><G9/><T18/><D31/><U4/><E29/><V53/><AGARI ba="1,1" hai="53,58,61,76,78,79,132,133" m="31313,48714" machi="53" ten="40,5200,0" yaku="18,1,52,2" doraHai="129,19" who="2" fromWho="2" sc="337,-14,270,-27,60,65,323,-14" />
</Scene>
<Scene>
<INIT seed="2,0,0,4,5,13" ten="323,243,125,309" oya="2" hai0="118,63,108,0,40,87,71,23,75,51,116,49,120" hai1="65,85,24,129,16,15,95,45,97,58,80,110,22" hai2="81,4,100,72,38,88,53,29,44,66,122,101,32" hai3="99,124,7,69,93,125,14,10,115,8,48,107,34"/><V56/><F122/><W46/><G69/><T105/><D75/><U21/><E110/><V11/><F32/><W28/><G107/><T117/><D0/><U98/><E129/><V90/><F29/><W109/><G109/><T26/><D120/><U132/><E132/><V47/><F66/><W27/><G115/><T50/><D108/><U123/><E123/><V61/><F72/><W104/><G104/><T84/><D105/><U96/><E45/><N who="2" m="17483" /><F38/><W128/><G128/><T3/><D3/><U112/><E112/><V113/><F113/><W35/><G10/><T111/><D111/><U52/><E65/><V18/><F4/><W59/><G59/><T68/><D40/><U131/><E131/><V43/><F43/><W9/><G9/><T60/><D23/><N who="1" m="11679" /><E24/><V126/><F126/><W62/><G62/><N who="0" m="23595" /><D26/><U67/><E67/><V106/><F106/><W36/><G36/><T1/><D1/><U133/><E133/><V17/><F11/><W76/><G34/><T55/><D55/><U121/><E121/><V42/><F42/><W78/><G125/><T83/><D83/><U114/><E114/><V103/><F81/><W74/><G74/><T82/><D82/><U37/><E37/><V31/><F31/><W19/><G7/><T92/><D92/><U135/><E95/><V64/><F64/><W134/><G124/><T130/><D130/><U5/><E5/><V6/><F6/><W127/><G127/><T20/><D20/><U12/><E135/><V33/><F33/><W30/><G134/><T94/><D94/><U86/><E21/><V70/><F70/><AGARI ba="0,0" hai="49,50,51,68,70,71,84,87,116,117,118" m="23595" machi="70" ten="40,8000,1" yaku="6,1,28,2,12,1" doraHai="13" who="0" fromWho="2" sc="323,80,243,0,125,-80,309,0" />
</Scene>
<Scene>
<INIT seed="3,0,0,0,3,104" ten="403,243,45,309" oya="3" hai0="6,40,44,123,49,134,3,9,88,113,79,106,80" hai1="32,52,109,124,81,110,64,12,14,25,112,122,0" hai2="68,16,38,100,105,130,93,133,47,24,84,126,13" hai3="74,103,78,50,117,83,54,118,102,92,21,4,1"/><W120/><G120/><T132/><D123/><U135/><E122/><V119/><F105/><W55/><G21/><T41/><D106/><U39/><E39/><V99/><F68/><W28/><G28/><T58/><D113/><U90/><E0/><V67/><F67/><W87/><G102/><T11/><D11/><U63/><E112/><V65/><F65/><W82/><G55/><T19/><D19/><U85/><E135/><N who="0" m="51753" /><D58/><U97/><E124/><V35/><F133/><W56/><G92/><T111/><D111/><U94/><E110/><V66/><F66/><W59/><G59/><T116/><D116/><U17/><E109/><V77/><F119/><W51/><G51/><T115/><D115/><U107/><E107/><V53/><F126/><W33/><G103/><T128/><D128/><U15/><E52/><V91/><F130/><W86/><G33/><T129/><D129/><U29/><E17/><V72/><F38/><W75/><G118/><T114/><D114/><U36/><E36/><V42/><F53/><W20/><G20/><T127/><D127/><U48/><E48/><V22/><F47/><W30/><G30/><T5/><D5/><U43/><E43/><V61/><F42/><W108/><G117/><T69/><D69/><U45/><E45/><V131/><F131/><W46/><G46/><T7/><D40/><U89/><REACH who="1" step="1"/><E15/><REACH who="1" ten="403,233,45,309" step="2"/><V37/><F13/><W60/><G50/><T57/><D49/><U70/><AGARI ba="0,1" hai="12,14,25,29,32,63,64,70,81,85,89,90,94,97" machi="70" ten="20,8000,1" yaku="1,1,2,1,0,1,7,1,53,1" doraHai="104" doraHaiUra="26" who="1" fromWho="1" sc="403,-20,233,90,45,-20,309,-40" />
</Scene>
<Scene>
<INIT seed="4,0,0,5,1,7" ten="383,323,25,269" oya="0" hai0="15,95,29,12,88,127,102,61,5,135,74,9,38" hai1="73,27,84,56,67,65,52,79,23,132,20,118,30" hai2="64,80,98,47,128,100,37,114,103,2,40,99,39" hai3="122,16,62,92,101,112,129,49,45,77,134,133,6"/><T57/><D38/><U32/><E118/><V4/><F39/><W124/><G62/><T85/><D74/><U91/><E132/><V94/><F114/><W50/><G112/><T105/><D135/><U59/><E73/><V131/><F64/><W43/><G124/><T113/><D113/><U26/><E79/><V0/><F80/><W104/><G104/><T107/><D127/><U42/><E42/><V97/><F2/><W93/><G129/><T76/><D76/><U125/><E125/><V10/><REACH who="2" step="1"/><F99/><REACH who="2" ten="383,323,15,269" step="2"/><W117/><G133/><T19/><D29/><N who="1" m="17631" /><E32/><V120/><F120/><W41/><G122/><T110/><D110/><U70/><E70/><V89/><F89/><W116/><G134/><T71/><D71/><U3/><E3/><V28/><F28/><W111/><G111/><T21/><D102/><U78/><E78/><V14/><F14/><W123/><G77/><T31/><D31/><U25/><E25/><V86/><F86/><W108/><G108/><T119/><D119/><U1/><E1/><V106/><AGARI ba="0,1" hai="0,4,10,37,40,47,94,97,98,100,103,106,128,131" machi="106" ten="30,4000,0" yaku="1,1,0,1,52,1,53,0" doraHai="7" doraHaiUra="48" who="2" fromWho="2" sc="383,-20,323,-10,15,50,269,-10" />
</Scene>
<Scene>
<INIT seed="5,0,0,5,1,73" ten="363,313,65,259" oya="1" hai0="115,45,38,11,114,22,105,108,123,37,26,121,8" hai1="74,35,21,64,50,29,55,119,44,128,39,129,125" hai2="24,15,127,32,126,1,107,131,130,16,30,111,104" hai3="135,51,69,17,19,132,113,63,47,122,118,90,13"/><U71/><E119/><V23/><F107/><W68/><G122/><N who="0" m="46603" /><D105/><U9/><E74/><V81/><F104/><W112/><G118/><T65/><D65/><U46/><E35/><V10/><F81/><W62/><G90/><T67/><D67/><U36/><E9/><N who="0" m="3657" /><D108/><U49/><E21/><V86/><F86/><W76/><G13/><T116/><D116/><U20/><E20/><V56/><F56/><W103/><G103/><T84/><D84/><U31/><E125/><N who="2" m="47627" /><F111/><W89/><G89/><T18/><D45/><U79/><E79/><V110/><F110/><W60/><G76/><T117/><D117/><U27/><E64/><V75/><F75/><W100/><G100/><T92/><D92/><U59/><E59/><V124/><N who="2" m="47635" /><V101/><DORA hai="33" /><F101/><W134/><G17/><T0/><D0/><U28/><E71/><N who="3" m="27210" /><G19/><T54/><D54/><AGARI ba="0,0" hai="47,51,54,60,62,63,112,113,132,134,135" m="27210" machi="54" ten="40,5200,0" yaku="20,1,34,2" doraHai="73,33" who="3" fromWho="0" sc="363,-52,313,0,65,0,259,52" />
</Scene>
<Scene>
<INIT seed="6,0,0,2,2,87" ten="311,313,65,311" oya="2" hai0="75,86,98,15,101,104,96,34,114,112,4,82,3" hai1="109,47,102,25,39,8,41,31,83,35,81,76,62" hai2="95,74,59,119,49,129,63,58,64,107,50,1,78" hai3="18,19,65,117,32,29,14,5,113,30,93,105,84"/><V52/><F107/><W118/><G105/><T9/><D34/><U26/><E109/><V53/><F1/><W55/><G32/><T43/><D75/><U80/><E102/><V79/><F74/><W17/><G113/><N who="0" m="43627" /><D96/><U13/><E26/><V7/><F7/><W44/><G118/><T12/><D43/><U121/><E121/><V51/><F119/><W131/><G117/><T126/><D126/><U99/><E99/><V130/><F95/><W28/><G65/><T2/><D2/><U42/><E42/><V46/><F79/><AGARI ba="0,0" hai="3,4,9,12,15,79,82,86,98,101,104" m="43627" machi="79" ten="30,1000,0" yaku="15,1" doraHai="87" who="0" fromWho="2" sc="311,10,313,0,65,-10,311,0" />
</Scene>
<Scene>
<INIT seed="7,0,0,2,1,88" ten="321,313,55,311" oya="3" hai0="32,87,81,12,8,29,116,42,69,76,39,3,82" hai1="122,40,77,125,51,90,35,134,9,127,11,108,83" hai2="48,78,98,0,21,91,56,49,133,85,38,75,7" hai3="123,95,60,41,16,54,114,120,113,73,105,47,4"/><W67/><G105/><T55/><D116/><U65/><E108/><V17/><F7/><W19/><G73/><N who="0" m="43151" /><D12/><U131/><E122/><N who="3" m="46634" /><G4/><N who="0" m="1055" /><D69/><U58/><E35/><V132/><F48/><N who="3" m="26735" /><G54/><T111/><D111/><U96/><E131/><V45/><F133/><W68/><G95/><T46/><D55/><N who="1" m="32127" /><E134/><V70/><F132/><W43/><G43/><T128/><D128/><U22/><E40/><V124/><F38/><W119/><G119/><T59/><D59/><U126/><E65/><V115/><F56/><W63/><G60/><T23/><D32/><U130/><E130/><V92/><F70/><W99/><G99/><T53/><D53/><U31/><E96/><V24/><F98/><W27/><G27/><N who="0" m="16639" /><D87/><N who="1" m="50559" /><E77/><V14/><F24/><AGARI ba="0,0" hai="9,11,22,24,31,125,126,127" m="50559,32127" machi="24" ten="30,1000,0" yaku="18,1" doraHai="88" who="1" fromWho="2" sc="321,0,313,10,55,-10,311,0" owari="321,12.0,323,42.0,45,-45.0,311,-9.0" />
</Scene>
</mjloggm>