<mjloggm ver="2.3"><GO type="97"/><UN n0="%53%45%53%54%41" n1="%E5%A4%AA%E3%81%8F%E3%81%AA%E3%81%84%E3%81%8A" n2="%E2%99%AA%E3%83%89%E3%83%B3%E3%82%B8%E3%83%A3%E3%83%A9%E2%99%AA" n3="%54%65%61%54%79%70%65" dan="13,13,14,15" rate="1934,1971,1924,2031" sx="M,M,M,M"/><TAIKYOKU oya="0"/>

<Scene>
<INIT seed="0,0,0,5,0,66" ten="250,250,250,250" oya="0" hai0="133,104,82,35,90,125,33,30,11,86,55,49,81" hai1="12,97,131,72,36,107,103,26,6,126,68,3,75" hai2="48,101,31,116,88,102,99,25,19,17,92,21,114" hai3="59,120,121,42,8,96,106,109,53,41,67,94,60"/><T98/><D125/><U58/><E58/><V85/><F114/><W112/><G112/><T118/><D118/><U119/><E12/><V134/><F134/><W69/><G106/><T22/><D133/><U14/><E14/><V44/><F116/><W91/><G8/><T110/><D82/><U50/><E50/><V93/><REACH who="2" step="1"/><F102/><REACH who="2" ten="250,250,240,250" step="2"/><W70/><G109/><T37/><D110/><U64/><E103/><V135/><F135/><W95/><G120/><T129/><D129/><U123/><E131/><V18/><F18/><W80/><G121/><T71/><D30/><U2/><E119/><V79/><F79/><W130/><G130/><T1/><D35/><U0/><E123/><V54/><AGARI ba="0,1" hai="17,19,21,25,31,44,48,54,85,88,92,93,99,101" machi="54" ten="20,12000,2" yaku="1,1,0,1,7,1,8,1,54,1,53,1" doraHai="66" doraHaiUra="43" who="2" fromWho="2" sc="250,-60,250,-30,240,130,250,-30" />
</Scene>
<Scene>
<INIT seed="1,0,0,1,1,2" ten="190,220,370,220" oya="1" hai0="86,20,94,37,114,88,111,93,127,112,87,131,24" hai1="6,132,54,74,35,16,39,38,81,28,120,123,64" hai2="29,44,63,45,52,118,50,126,58,85,125,12,75" hai3="46,36,0,8,5,116,53,15,57,100,14,89,122"/><U43/><E64/><V33/><F75/><W26/><G122/><T47/><D111/><U79/><E54/><V59/><F118/><W7/><G116/><T31/><D131/><U66/><E66/><N who="2" m="39287" /><F29/><W40/><G100/><T90/><REACH who="0" step="1"/><D127/><REACH who="0" ten="180,220,370,220" step="2"/><N who="2" m="48650" /><F33/><W128/><G128/><T65/><D65/><U69/><E35/><V113/><F113/><W110/><G110/><T3/><D3/><U10/><E120/><V107/><F107/><W51/><G0/><T72/><D72/><U99/><E123/><V106/><F106/><W129/><G129/><T124/><D124/><U32/><E32/><V84/><F12/><W9/><G26/><T61/><D61/><U104/><E104/><V70/><F70/><W62/><REACH who="3" step="1"/><G89/><REACH who="3" ten="180,220,370,210" step="2"/><T17/><D17/><U121/><E16/><V21/><F21/><W96/><G96/><T83/><D83/><U97/><E99/><V103/><F103/><W41/><G41/><AGARI ba="0,2" hai="20,24,31,37,41,47,86,87,88,90,93,94,112,114" machi="41" ten="40,5200,0" yaku="1,1,9,1,54,1,53,0" doraHai="2" doraHaiUra="135" who="0" fromWho="3" sc="180,72,220,0,370,0,210,-52" />
</Scene>
<Scene>
<INIT seed="2,0,0,4,4,24" ten="252,220,370,158" oya="2" hai0="48,38,39,59,22,78,72,62,47,35,71,88,94" hai1="80,7,60,40,82,29,79,124,127,133,2,0,16" hai2="32,118,95,1,134,30,43,52,104,73,111,117,58" hai3="90,89,100,75,123,84,70,81,105,96,63,33,125"/><V61/><F73/><W109/><G33/><T132/><D35/><U26/><E133/><V91/><F104/><W21/><G123/><T110/><D110/><U15/><E40/><V116/><F1/><W120/><G120/><T37/><D71/><U76/><E60/><V99/><F134/><W93/><G109/><T114/><D114/><U77/><E7/><V44/><F111/><W18/><G125/><N who="1" m="48202" /><E82/><V6/><F6/><W108/><G108/><T121/><D121/><U129/><E80/><V128/><F128/><W83/><G75/><T57/><D72/><U115/><E115/><V74/><F74/><W126/><G126/><T119/><D119/><U31/><E129/><V36/><F118/><W98/><G70/><T41/><D78/><U23/><E31/><V34/><REACH who="2" step="1"/><F34/><AGARI ba="0,0" hai="0,2,15,16,23,26,29,34,76,77,79" m="48202" machi="34" ten="30,3900,0" yaku="18,1,52,1,54,1" doraHai="24" who="1" fromWho="2" sc="252,0,220,39,370,-39,158,0" />
</Scene>
<Scene>
<INIT seed="3,0,0,3,0,121" ten="252,259,331,158" oya="3" hai0="73,29,113,64,110,26,47,5,81,87,21,15,4" hai1="28,133,102,91,80,32,43,31,8,114,10,89,131" hai2="126,19,117,79,18,27,39,70,124,36,90,116,0" hai3="74,109,66,75,115,106,33,12,2,42,60,132,57"/><W55/><G2/><T35/><D73/><U120/><E120/><V94/><F79/><W46/><G33/><T62/><D110/><U83/><E114/><V44/><F70/><W78/><G106/><T96/><D113/><U86/><E131/><V125/><F0/><W23/><G115/><T53/><D96/><U112/><E112/><V135/><F135/><W123/><G123/><T38/><D38/><N who="2" m="14378" /><F44/><W99/><G109/><T76/><D35/><U40/><E133/><V49/><F49/><W103/><G132/><T14/><D14/><U127/><E127/><V71/><F71/><W119/><G119/><N who="2" m="45641" /><F27/><W93/><G78/><T16/><D29/><U30/><E32/><V77/><F77/><W107/><G107/><T54/><D26/><U51/><E102/><V108/><F108/><W20/><G55/><N who="0" m="21003" /><D47/><N who="1" m="26087" /><E43/><V68/><F68/><W61/><G61/><T95/><D95/><U25/><E25/><V22/><F22/><W24/><G12/><T11/><D11/><U1/><E1/><V69/><F69/><W3/><G3/><T118/><D118/><U82/><E89/><V67/><F67/><W6/><G6/><T65/><D65/><U130/><E130/><V37/><F37/><N who="3" m="21839" /><G23/><T85/><D85/><AGARI ba="0,0" hai="18,19,85,90,94,124,125,126" m="45641,14378" machi="85" ten="40,1300,0" yaku="18,1" doraHai="121" who="2" fromWho="0" sc="252,-13,259,0,331,13,158,0" owari="239,-16.0,259,6.0,344,44.0,158,-34.0" />
</Scene>
</mjloggm>