<mjloggm ver="2.3"><GO type="169"/><UN n0="%E3%83%99%E3%82%BF%E3%82%AA%E3%83%AA%E3%82%B9%E3%82%AF" n1="%E3%81%82%E3%81%A4%E3%81%82%E3%81%A4%E6%B9%AF%E8%B1%86%E8%85%90" n2="%E4%B9%9D%E5%B0%BE%E7%99%BD%E7%8B%90" n3="%E5%A4%AA%E3%81%8F%E3%81%AA%E3%81%84%E3%81%8A" dan="16,17,16,18" rate="2125,2176,2140,2156" sx="M,F,M,M"/><TAIKYOKU oya="0"/>

<Scene>
<INIT seed="0,0,0,3,4,15" ten="250,250,250,250" oya="0" hai0="42,110,128,26,119,0,52,95,48,61,99,96,87" hai1="38,6,59,62,131,93,41,112,32,124,28,63,97" hai2="46,67,55,1,24,29,70,51,39,108,111,90,91" hai3="53,132,64,22,45,80,133,36,117,76,104,2,11"/><T121/><D119/><U81/><E124/><V9/><F39/><W122/><G117/><T5/><D121/><U127/><E127/><V13/><F1/><W109/><G104/><T94/><D128/><U23/><E131/><V72/><F72/><N who="3" m="43015" /><G64/><T83/><D110/><N who="2" m="42026" /><F70/><W43/><G109/><T20/><D5/><U134/><E32/><N who="2" m="20519" /><F67/><W73/><G73/><T49/><D0/><U58/><E81/><V14/><F14/><W118/><G118/><T35/><D35/><U16/><E6/><AGARI ba="0,0" hai="6,9,13,46,51,55,90,91" m="20519,42026" machi="6" ten="30,1000,0" yaku="14,1" doraHai="15" who="2" fromWho="1" sc="250,0,250,-10,250,10,250,0" />
</Scene>
<Scene>
<INIT seed="1,0,0,2,5,61" ten="250,240,260,250" oya="1" hai0="66,69,112,71,68,77,87,76,14,131,36,91,44" hai1="133,64,107,74,40,42,54,27,1,30,58,50,132" hai2="116,12,80,118,119,128,111,114,59,47,45,22,98" hai3="97,78,51,117,115,46,55,17,95,86,4,63,73"/><U103/><E1/><V129/><F111/><W2/><G115/><T6/><D112/><U123/><E74/><V3/><F114/><W53/><G117/><T90/><D131/><N who="2" m="50250" /><F3/><W126/><G126/><T33/><D33/><N who="1" m="20703" /><E123/><V37/><F37/><W43/><G73/><T31/><D31/><U120/><E120/><V100/><F80/><N who="3" m="47383" /><G2/><T62/><D6/><U99/><E64/><V35/><F35/><W106/><G106/><T104/><D104/><U101/><E101/><V18/><F59/><N who="3" m="35327" /><G4/><T39/><D39/><U25/><E25/><V21/><F21/><W49/><G17/><T82/><D36/><U85/><E85/><V108/><F108/><W9/><G9/><T124/><D124/><U5/><E5/><V28/><F28/><W93/><G97/><T48/><D77/><U105/><E105/><AGARI ba="0,0" hai="12,18,22,45,47,98,100,105,116,118,119" m="50250" machi="105" ten="40,1300,0" yaku="19,1" doraHai="61" who="2" fromWho="1" sc="250,0,240,-13,260,13,250,0" />
</Scene>
<Scene>
<INIT seed="2,0,0,2,4,6" ten="250,227,273,250" oya="2" hai0="99,135,26,25,40,10,37,105,7,33,132,114,49" hai1="15,57,134,34,16,66,85,43,115,93,87,119,98" hai2="131,117,50,86,52,97,81,75,109,12,61,51,59" hai3="82,110,21,94,13,71,79,42,47,20,58,96,55"/><V103/><F117/><W23/><G71/><T46/><D114/><U95/><E119/><V74/><F131/><W22/><G110/><T18/><D33/><U88/><E34/><V28/><F28/><W8/><G23/><T121/><D121/><U17/><E115/><V36/><F36/><W91/><G42/><T32/><D32/><U63/><E134/><N who="0" m="51241" /><D18/><U0/><E0/><V11/><F75/><W27/><G47/><N who="0" m="23951" /><D99/><U130/><E130/><V19/><F74/><W72/><G27/><T77/><D77/><U129/><E129/><V31/><F31/><W92/><G92/><T64/><D64/><U102/><E43/><V45/><F45/><W104/><G104/><T101/><D101/><U14/><E87/><V1/><F1/><W30/><G30/><T122/><D105/><U133/><E133/><V5/><F5/><W48/><REACH who="3" step="1"/><G21/><REACH who="3" ten="250,227,273,240" step="2"/><T29/><D29/><U120/><E120/><V106/><REACH who="2" step="1"/><F109/><REACH who="2" ten="250,227,263,240" step="2"/><W54/><G54/><N who="0" m="30007" /><D122/><U67/><E66/><V128/><F128/><W76/><G76/><AGARI ba="0,2" hai="11,12,19,50,51,52,59,61,76,81,86,97,103,106" machi="76" ten="30,11600,0" yaku="1,1,7,1,52,1,54,1,53,0" doraHai="6" doraHaiUra="126" who="2" fromWho="3" sc="250,0,227,0,263,136,240,-116" />
</Scene>
<Scene>
<INIT seed="2,1,0,1,4,40" ten="250,227,399,124" oya="2" hai0="6,7,110,77,24,67,45,131,58,98,96,2,81" hai1="85,66,127,13,25,115,69,132,70,116,76,50,135" hai2="42,100,22,86,1,105,92,8,84,37,54,128,26" hai3="91,124,19,16,39,71,30,59,43,78,119,123,34"/><V133/><F128/><W12/><G123/><T108/><D131/><U68/><E116/><V122/><F133/><N who="1" m="51273" /><E115/><V82/><F122/><W106/><G71/><T109/><D24/><U65/><E127/><V117/><F117/><W114/><G119/><T64/><D45/><U35/><E13/><V90/><F54/><W48/><G106/><T46/><D46/><U32/><E50/><V18/><F42/><W4/><G48/><T63/><D67/><N who="1" m="25611" /><E25/><V126/><F37/><W73/><G12/><T101/><D2/><U99/><E99/><N who="0" m="37929" /><D101/><U11/><E11/><V38/><F38/><W125/><G39/><T31/><D31/><U3/><E3/><V87/><F126/><W23/><G30/><T5/><D5/><U0/><E0/><V88/><F105/><W20/><G4/><T62/><D62/><U134/><E134/><V9/><F1/><W95/><G124/><T83/><D83/><AGARI ba="1,0" hai="32,35,68,69,70,76,83,85" m="25611,51273" machi="83" ten="40,1300,0" yaku="20,1" doraHai="40" who="1" fromWho="0" sc="250,-16,227,16,399,0,124,0" />
</Scene>
<Scene>
<INIT seed="3,0,0,0,0,65" ten="234,243,399,124" oya="3" hai0="89,49,111,9,116,126,66,88,125,119,134,2,58" hai1="96,15,129,109,20,10,117,90,132,32,40,18,130" hai2="73,27,110,101,3,63,80,131,30,29,41,107,11" hai3="59,82,42,43,92,38,83,133,62,91,95,81,1"/><W57/><G1/><T123/><D123/><U74/><E32/><V60/><F131/><W39/><G133/><T76/><D76/><U37/><E74/><V48/><F110/><W114/><G114/><T21/><D111/><U122/><E109/><V26/><F101/><W52/><G59/><T31/><D134/><U47/><E122/><V7/><F107/><W22/><G95/><T64/><D31/><U69/><E132/><V75/><F80/><W12/><G39/><T120/><D120/><U25/><E117/><N who="0" m="45129" /><D21/><U124/><E124/><N who="0" m="47721" /><D49/><U94/><REACH who="1" step="1"/><E69/><REACH who="1" ten="234,233,399,124" step="2"/><V115/><F73/><W127/><G127/><T55/><D2/><U54/><E54/><V97/><F75/><W112/><G112/><T23/><D55/><U13/><E13/><V53/><F115/><W70/><G70/><T8/><D64/><U103/><E103/><V93/><F53/><W105/><G105/><T35/><D66/><U4/><AGARI ba="0,1" hai="4,10,15,18,20,25,37,40,47,90,94,96,129,130" machi="4" ten="30,2000,0" yaku="1,1,0,1,53,0" doraHai="65" doraHaiUra="50" who="1" fromWho="1" sc="234,-5,233,30,399,-5,124,-10" />
</Scene>
<Scene>
<INIT seed="4,0,0,4,3,127" ten="229,263,394,114" oya="0" hai0="119,132,97,35,82,30,58,124,10,22,47,9,89" hai1="114,59,121,26,8,76,107,67,126,81,110,44,104" hai2="90,94,123,99,80,52,61,2,23,106,79,6,133" hai3="27,46,60,20,40,105,4,50,96,62,128,86,135"/><T71/><D71/><U103/><E110/><V45/><F123/><W21/><G135/><T122/><D122/><U77/><E121/><V120/><F120/><W65/><G4/><T43/><D119/><U116/><E116/><V75/><F133/><W131/><G86/><T78/><D35/><U19/><E77/><V87/><F23/><W115/><G115/><T39/><D132/><U31/><E44/><V91/><F6/><W108/><G108/><T68/><D68/><U111/><E111/><V83/><F2/><W42/><G42/><T72/><D124/><U24/><E126/><V51/><F61/><W118/><G118/><T63/><D30/><U92/><E92/><V100/><REACH who="2" step="1"/><F91/><REACH who="2" ten="229,263,384,114" step="2"/><W95/><G62/><T16/><D89/><U36/><E8/><V14/><F14/><W73/><G21/><T101/><D101/><U129/><E103/><V41/><F41/><W34/><G34/><T134/><D134/><U49/><E26/><V7/><F7/><W32/><G32/><T117/><D117/><U12/><E24/><V3/><F3/><W17/><G27/><T15/><REACH who="0" step="1"/><D97/><REACH who="0" ten="219,263,384,114" step="2"/><U55/><E31/><V84/><F84/><W88/><G96/><T56/><D56/><U11/><E59/><V69/><F69/><W38/><G88/><T113/><D113/><U37/><E114/><V29/><F29/><W54/><G73/><T1/><D1/><U66/><E76/><V64/><F64/><AGARI ba="0,2" hai="9,10,15,16,22,39,43,47,58,63,64,72,78,82" machi="64" ten="30,5800,0" yaku="1,1,7,1,54,1,53,0" doraHai="127" doraHaiUra="102" who="0" fromWho="2" sc="219,78,263,0,384,-58,114,0" />
</Scene>
<Scene>
<INIT seed="4,1,0,3,4,3" ten="297,263,326,114" oya="0" hai0="131,60,11,82,75,72,19,26,63,92,104,127,90" hai1="57,62,84,32,38,118,18,51,59,74,25,20,109" hai2="2,102,120,31,112,10,15,29,135,79,132,69,9" hai3="119,7,115,67,101,17,95,125,76,133,36,134,80"/><T33/><D104/><U37/><E109/><V41/><F69/><W27/><G36/><T64/><D127/><U28/><E74/><V116/><F120/><W4/><G119/><T121/><D121/><U1/><E118/><V111/><F111/><W21/><G67/><T105/><D105/><U78/><E1/><V56/><F41/><W97/><G125/><T99/><D131/><U42/><E78/><V114/><F79/><W89/><G101/><T81/><D75/><U45/><E84/><V8/><F56/><W87/><REACH who="3" step="1"/><G115/><REACH who="3" ten="297,263,326,104" step="2"/><N who="2" m="44073" /><F102/><W23/><G23/><T86/><D33/><U43/><E38/><V85/><F116/><W22/><G22/><T91/><D64/><U44/><E62/><V113/><F113/><W130/><G130/><T47/><D63/><U93/><E32/><V55/><F2/><W107/><G107/><T48/><D60/><U53/><E37/><V61/><F135/><AGARI ba="1,1" hai="4,7,17,21,27,76,80,87,89,95,97,133,134,135" machi="135" ten="40,8000,1" yaku="1,1,20,1,52,2,53,0" doraHai="3" doraHaiUra="124" who="3" fromWho="2" sc="297,0,263,0,326,-83,104,93" />
</Scene>
<Scene>
<INIT seed="5,0,0,4,4,33" ten="297,263,243,197" oya="1" hai0="123,104,11,25,65,13,87,23,51,61,57,24,29" hai1="26,117,52,79,59,109,66,44,5,50,113,88,68" hai2="28,129,36,99,94,34,92,6,84,85,86,37,27" hai3="111,97,115,16,67,55,106,82,112,96,41,74,102"/><U38/><E117/><V118/><F118/><W42/><G111/><T122/><D104/><U107/><E107/><V127/><F127/><W89/><G67/><T47/><D25/><U71/><E79/><V132/><F132/><W56/><G96/><T2/><D2/><U7/><E109/><V12/><F129/><W18/><G42/><T91/><D123/><U62/><E113/><N who="3" m="43594" /><G41/><T15/><D11/><U30/><E88/><V32/><F32/><W20/><G20/><T9/><D9/><U63/><E68/><V75/><F75/><W19/><G89/><T53/><REACH who="0" step="1"/><D122/><REACH who="0" ten="287,263,243,197" step="2"/><U8/><E8/><V73/><F6/><W70/><G19/><T134/><D134/><U77/><E77/><V121/><F121/><W105/><G106/><T72/><D72/><U17/><E17/><V124/><F73/><W3/><G3/><T128/><D128/><U58/><E38/><V108/><F108/><W40/><G18/><T135/><D135/><U110/><E110/><V116/><F116/><W131/><G131/><T69/><D69/><U14/><E14/><V49/><F12/><W22/><G70/><T133/><D133/><U45/><E71/><V95/><F27/><W1/><G1/><T130/><D130/><U46/><E7/><V4/><F4/><W119/><G119/><T48/><D48/><U43/><REACH who="1" step="1"/><E5/><REACH who="1" ten="287,253,243,197" step="2"/><V54/><F36/><W35/><G16/><T10/><D10/><U78/><E78/><V60/><F37/><W90/><G105/><T125/><D125/><U64/><E64/><V80/><F124/><W100/><G74/><T114/><D114/><RYUUKYOKU ba="0,2" sc="287,15,253,15,243,-15,197,-15" hai0="13,15,23,24,29,47,51,53,57,61,65,87,91" hai1="26,30,43,44,45,46,50,52,58,59,62,63,66" />
</Scene>
<Scene>
<INIT seed="5,1,2,5,0,107" ten="302,268,228,182" oya="1" hai0="100,67,102,126,109,21,90,121,72,57,20,25,6" hai1="0,114,131,129,105,92,119,84,128,28,50,115,12" hai2="47,35,62,54,43,89,42,16,73,78,45,132,22" hai3="40,81,106,111,110,23,61,32,122,82,68,120,95"/><U88/><E0/><V17/><F35/><W53/><G106/><T118/><D118/><U4/><E119/><V36/><F132/><W1/><G32/><T44/><D109/><U116/><E116/><V75/><F89/><W125/><G1/><T18/><D126/><U97/><E28/><V117/><F117/><W130/><G40/><T101/><D121/><U13/><E50/><V11/><F78/><W86/><G125/><T66/><D6/><U127/><E127/><V19/><F11/><W91/><G23/><T41/><D72/><U96/><E4/><V76/><F76/><W10/><G10/><T135/><D135/><U98/><E105/><V133/><F22/><W134/><G134/><T27/><D90/><U38/><E38/><V79/><F79/><W33/><G33/><T58/><D44/><U5/><E5/><V9/><F9/><W80/><G130/><T56/><D41/><U31/><E31/><AGARI ba="1,2" hai="18,20,21,25,27,31,56,57,58,66,67,100,101,102" machi="31" ten="40,1300,0" yaku="8,1" doraHai="107" who="0" fromWho="1" sc="302,36,268,-16,228,0,182,0" />
</Scene>
<Scene>
<INIT seed="6,0,0,3,5,9" ten="338,252,228,182" oya="2" hai0="69,28,64,134,104,42,36,52,30,6,131,126,31" hai1="96,112,84,94,47,130,39,95,93,70,82,45,8" hai2="55,14,58,27,83,15,61,24,115,111,4,107,81" hai3="68,56,3,73,44,12,20,110,119,16,35,10,129"/><V13/><F107/><W97/><G110/><T123/><D123/><U91/><E70/><V57/><F111/><W92/><G119/><T102/><D126/><U125/><E125/><V77/><F4/><W75/><G68/><T26/><D134/><U114/><E130/><V21/><F115/><N who="1" m="44073" /><E39/><V34/><F34/><W76/><G129/><T109/><D109/><U132/><E132/><V63/><F77/><W0/><G35/><N who="0" m="20887" /><D6/><U133/><E133/><V51/><F51/><W59/><G44/><N who="1" m="16970" /><E8/><V66/><F24/><W11/><G11/><T121/><D121/><U62/><E62/><V18/><AGARI ba="0,0" hai="13,14,15,18,21,27,55,57,58,61,63,66,81,83" machi="18" ten="30,12000,1" yaku="0,1,8,1,52,3" doraHai="9" who="2" fromWho="2" sc="338,-40,252,-40,228,120,182,-40" />
</Scene>
<Scene>
<INIT seed="6,1,0,5,0,101" ten="298,212,348,142" oya="2" hai0="125,79,85,8,33,97,22,37,76,122,64,59,123" hai1="104,31,15,54,96,50,120,18,134,56,86,87,46" hai2="32,5,36,99,57,7,81,68,2,80,65,77,51" hai3="9,55,107,128,73,108,1,82,105,124,12,30,119"/><V135/><F135/><W6/><G108/><T66/><D33/><U26/><E134/><V61/><F32/><W121/><G121/><T34/><D34/><U88/><E120/><V67/><F2/><W75/><G119/><T130/><D37/><U116/><E116/><V74/><F99/><W24/><G124/><T110/><D110/><U94/><E104/><V11/><F36/><W29/><G128/><T93/><D125/><U20/><REACH who="1" step="1"/><E46/><REACH who="1" ten="298,202,348,142" step="2"/><V114/><F114/><W132/><G132/><T106/><D106/><U0/><E0/><V92/><F68/><W53/><G1/><T39/><D123/><U60/><E60/><V13/><F61/><W98/><G105/><T45/><D45/><U35/><AGARI ba="1,1" hai="15,18,20,26,31,35,50,54,56,86,87,88,94,96" machi="35" ten="20,8000,1" yaku="1,1,0,1,7,1,54,1,53,1" doraHai="101" doraHaiUra="28" who="1" fromWho="1" sc="298,-21,202,93,348,-41,142,-21" />
</Scene>
<Scene>
<INIT seed="7,0,0,1,0,61" ten="277,295,307,121" oya="3" hai0="114,122,78,14,45,18,55,12,68,94,63,42,115" hai1="109,110,85,3,58,106,131,70,48,101,49,105,40" hai2="128,104,119,26,118,88,9,30,130,59,37,121,99" hai3="20,108,79,36,65,4,103,69,82,34,117,129,72"/><W53/><G117/><T100/><D122/><U24/><E70/><V47/><F121/><W54/><G34/><T11/><D78/><U67/><E3/><V2/><F59/><W46/><G129/><N who="2" m="49769" /><F47/><W15/><G108/><T89/><D100/><U0/><E131/><V87/><F37/><W93/><G69/><T116/><D116/><U57/><E0/><V81/><F99/><W22/><G65/><N who="0" m="41023" /><D55/><U17/><E85/><V74/><F74/><W25/><G36/><N who="0" m="21703" /><D18/><U75/><E67/><V135/><F104/><W97/><G46/><T44/><D11/><U51/><E75/><V76/><F76/><W38/><G38/><T29/><D29/><U19/><E40/><V32/><F135/><W92/><G92/><T86/><D44/><U112/><E48/><V134/><F134/><W5/><G22/><T7/><D7/><AGARI ba="0,0" hai="2,7,9,26,30,32,81,87,88,118,119" m="49769" machi="7" ten="30,2000,0" yaku="19,1,54,1" doraHai="61" who="2" fromWho="0" sc="277,-20,295,0,307,20,121,0" owari="257,-14.0,295,10.0,327,42.0,121,-38.0" />
</Scene>
</mjloggm>