<mjloggm ver="2.3"><GO type="169"/><UN n0="%E5%8F%8D%E9%99%BD%E5%AD%90%E3%81%95%E3%82%93" n1="%E3%83%97%E3%83%AD%E3%82%B8%E3%83%A3%E3%83%B3%E6%B0%8F" n2="%E5%A4%AA%E3%81%8F%E3%81%AA%E3%81%84%E3%81%8A" n3="%E2%98%85%E3%81%AA%E3%82%8A%E3%81%BD%E3%81%9F%E2%98%85" dan="16,17,18,16" rate="2101,2169,2199,2116" sx="M,M,M,F"/><TAIKYOKU oya="0"/>

<Scene>
<INIT seed="0,0,0,5,1,106" ten="250,250,250,250" oya="0" hai0="127,25,99,74,19,22,50,88,20,72,105,52,26" hai1="84,53,90,118,65,126,14,77,7,51,103,1,62" hai2="116,29,33,120,36,110,44,17,38,134,59,27,16" hai3="30,131,35,11,68,96,21,55,79,89,132,66,0"/><T94/><D105/><U113/><E126/><V9/><F120/><W75/><G55/><T60/><D127/><U93/><E118/><V125/><F125/><W56/><G56/><T123/><D123/><U122/><E122/><V18/><F116/><W100/><G89/><T6/><D6/><U57/><E113/><V47/><F110/><W91/><G91/><T61/><D61/><U45/><E1/><V133/><F59/><W98/><G21/><T40/><D40/><U58/><E103/><V119/><F119/><W3/><G98/><T82/><D82/><U10/><REACH who="1" step="1"/><E77/><REACH who="1" ten="250,240,250,250" step="2"/><V43/><F9/><W4/><G79/><T80/><D80/><U24/><E24/><V117/><F117/><W85/><G100/><T124/><D124/><U64/><E64/><V102/><F102/><W87/><G11/><T95/><D95/><U23/><E23/><V130/><F130/><W114/><G114/><T34/><D34/><U39/><E39/><V128/><F128/><W107/><G35/><T108/><D108/><U13/><E13/><V48/><REACH who="2" step="1"/><F36/><REACH who="2" ten="250,240,240,250" step="2"/><W111/><G131/><T101/><D101/><U109/><E109/><V135/><F135/><W97/><G132/><T83/><D83/><U76/><E76/><V92/><F92/><W63/><G111/><T28/><D60/><U73/><E73/><V37/><F37/><W78/><G75/><T121/><REACH who="0" step="1"/><D121/><REACH who="0" ten="240,240,240,250" step="2"/><U15/><E15/><V31/><F31/><W86/><G30/><T70/><D70/><AGARI ba="0,3" hai="7,10,14,45,51,53,57,58,62,65,70,84,90,93" machi="70" ten="30,3900,0" yaku="1,1,7,1,53,1" doraHai="106" doraHaiUra="5" who="1" fromWho="0" sc="240,-39,240,69,240,0,250,0" />
</Scene>
<Scene>
<INIT seed="1,0,0,4,4,4" ten="201,309,240,250" oya="1" hai0="109,104,30,77,120,121,2,19,124,39,57,26,62" hai1="21,61,80,79,76,36,78,59,47,73,13,25,52" hai2="16,71,40,69,110,105,133,103,123,99,53,65,115" hai3="38,27,8,118,98,130,33,10,107,119,131,112,72"/><U101/><E101/><V35/><F123/><N who="0" m="47178" /><D39/><U86/><E73/><V114/><F35/><W90/><G38/><T83/><D104/><U31/><REACH who="1" step="1"/><E13/><REACH who="1" ten="201,299,240,250" step="2"/><V58/><F103/><N who="3" m="62967" /><G72/><T24/><D2/><U111/><E111/><V108/><F110/><W81/><G112/><T45/><D109/><U50/><E50/><V82/><F108/><W17/><G119/><T41/><D124/><U91/><E91/><V55/><F115/><W89/><G118/><T64/><D19/><U84/><E84/><V6/><F16/><W34/><G90/><T22/><D26/><U18/><E18/><V87/><F114/><W129/><G17/><T32/><D77/><U46/><E46/><V126/><F126/><W42/><G27/><T5/><D5/><U122/><E122/><V125/><F6/><W92/><G89/><T14/><D14/><U66/><E66/><V134/><F65/><W70/><G131/><T135/><D45/><U23/><E23/><V74/><F125/><W88/><G130/><T128/><D128/><U68/><E68/><V3/><F69/><W1/><G70/><T51/><D22/><U0/><E0/><V132/><F3/><W43/><G1/><T113/><D113/><U12/><E12/><V20/><F71/><W127/><G127/><T100/><D100/><U117/><E117/><V56/><F20/><W94/><G129/><T37/><D51/><U48/><E48/><N who="2" m="30759" /><F74/><W106/><G34/><T85/><D64/><U49/><E49/><V102/><F102/><W96/><G33/><T54/><D32/><U9/><E9/><V60/><F87/><RYUUKYOKU ba="0,1" sc="201,-10,299,30,240,-10,250,-10" hai1="21,25,31,36,47,52,59,61,76,78,79,80,86" />
</Scene>
<Scene>
<INIT seed="1,1,1,2,4,65" ten="191,329,230,240" oya="1" hai0="83,41,28,77,101,49,114,15,62,132,71,97,34" hai1="56,118,31,126,39,104,60,20,45,120,133,93,115" hai2="36,53,130,119,17,11,87,73,1,37,99,82,44" hai3="32,102,30,128,46,4,48,3,22,66,35,7,61"/><U108/><E104/><V12/><F119/><W131/><G102/><T124/><D114/><U18/><E115/><V51/><F130/><N who="3" m="49707" /><G22/><T72/><D132/><U14/><E118/><V79/><F1/><W122/><G30/><T0/><D15/><U29/><E120/><V74/><REACH who="2" step="1"/><F99/><REACH who="2" ten="191,329,220,240" step="2"/><W96/><G96/><T63/><D0/><U33/><E133/><V125/><F125/><W111/><G122/><T127/><D49/><U84/><E126/><V107/><F107/><W10/><G111/><T90/><D63/><U113/><E108/><V13/><F13/><W89/><G3/><T92/><D124/><U69/><E113/><V47/><F47/><W19/><G46/><T64/><D127/><U94/><E14/><V75/><AGARI ba="1,2" hai="11,12,17,36,37,44,51,53,73,74,75,79,82,87" machi="75" ten="30,4000,0" yaku="1,1,0,1,53,1" doraHai="65" doraHaiUra="5" who="2" fromWho="2" sc="191,-11,329,-21,220,63,240,-11" />
</Scene>
<Scene>
<INIT seed="2,0,0,0,5,63" ten="180,308,283,229" oya="2" hai0="56,68,42,8,43,96,69,1,9,12,90,10,85" hai1="134,47,19,11,76,87,2,37,15,93,91,49,52" hai2="60,20,128,132,25,108,36,125,70,34,95,16,7" hai3="81,107,59,119,98,44,101,124,83,51,102,14,86"/><V78/><F36/><W106/><G119/><T126/><D1/><U13/><E134/><V113/><F113/><W22/><G59/><T120/><D120/><U109/><E109/><V77/><F132/><W53/><G124/><T33/><D33/><U62/><E37/><V29/><F125/><W39/><G39/><T112/><D112/><U99/><E2/><V40/><F40/><W45/><G45/><T94/><D126/><U82/><E62/><V117/><F117/><W127/><G127/><T57/><D12/><AGARI ba="0,0" hai="11,12,13,15,19,47,49,52,76,82,87,91,93,99" machi="12" ten="40,2600,0" yaku="8,1,54,1" doraHai="63" who="1" fromWho="0" sc="180,-26,308,26,283,0,229,0" />
</Scene>
<Scene>
<INIT seed="3,0,0,3,1,101" ten="154,334,283,229" oya="3" hai0="131,99,97,53,98,118,0,134,122,109,32,133,61" hai1="2,63,115,88,28,73,55,128,121,67,24,65,50" hai2="43,13,17,76,83,114,56,135,78,107,77,57,96" hai3="42,23,93,69,49,89,40,12,75,47,87,31,15"/><W10/><G69/><T26/><D122/><U123/><E2/><V90/><F114/><W113/><G113/><T100/><D118/><U59/><E73/><V70/><F70/><W16/><G75/><T92/><D0/><U52/><E115/><V103/><F135/><W25/><REACH who="3" step="1"/><G12/><REACH who="3" ten="154,334,283,219" step="2"/><T104/><D131/><U130/><E123/><V29/><F29/><W127/><G127/><T14/><D109/><U102/><E121/><V54/><F43/><AGARI ba="0,1" hai="10,15,16,23,25,31,40,42,43,47,49,87,89,93" machi="43" ten="30,11600,0" yaku="1,1,7,1,8,1,54,1,53,0" doraHai="101" doraHaiUra="35" who="3" fromWho="2" sc="154,0,334,0,283,-116,219,126" />
</Scene>
<Scene>
<INIT seed="3,1,0,2,0,130" ten="154,334,167,345" oya="3" hai0="22,88,98,123,14,76,26,80,119,65,47,92,90" hai1="79,63,31,34,100,48,55,36,23,111,126,1,28" hai2="7,106,13,37,35,101,41,82,103,3,12,40,39" hai3="30,56,131,128,9,109,84,114,2,50,49,38,17"/><W110/><G38/><T51/><D123/><U102/><E111/><N who="3" m="42506" /><G30/><T117/><D65/><U67/><E126/><V125/><F35/><W122/><G122/><T61/><D61/><U132/><E132/><V25/><F125/><W93/><G56/><T75/><D14/><U127/><E127/><V62/><F3/><W89/><G114/><T107/><D90/><U116/><E116/><V78/><F62/><W18/><G18/><T5/><D5/><U11/><E36/><V71/><F71/><W86/><G84/><T6/><D6/><U99/><E34/><V69/><F69/><W134/><G17/><T108/><D108/><U133/><E133/><V121/><F121/><W105/><G105/><T96/><D96/><U124/><E124/><V21/><F106/><W68/><G68/><T42/><D107/><U94/><E31/><AGARI ba="1,0" hai="22,26,31,42,47,51,75,76,80,88,92,98,117,119" machi="31" ten="30,2000,0" yaku="7,1,54,1" doraHai="130" who="0" fromWho="1" sc="154,23,334,-23,167,0,345,0" />
</Scene>
<Scene>
<INIT seed="4,0,0,4,5,97" ten="177,311,167,345" oya="0" hai0="39,81,67,103,54,16,89,49,23,110,93,132,92" hai1="48,2,33,63,34,53,12,74,14,44,65,129,6" hai2="15,109,31,116,119,113,0,5,131,62,130,59,102" hai3="57,27,100,104,36,28,101,21,43,58,47,20,24"/><T120/><D120/><U4/><E74/><V46/><F109/><W41/><G104/><T40/><D110/><U71/><E129/><N who="2" m="49163" /><F113/><W35/><G35/><T17/><D132/><U99/><E2/><V61/><F0/><W64/><G64/><T98/><D67/><U122/><E122/><V91/><F31/><W32/><G32/><T80/><D40/><U90/><E34/><V87/><F46/><W105/><G43/><T70/><D70/><U68/><E71/><V13/><F102/><W118/><G118/><N who="2" m="45097" /><F5/><W127/><G127/><T52/><D39/><U106/><E33/><V96/><F96/><W3/><G3/><T78/><D78/><U83/><E83/><N who="0" m="31817" /><D17/><U73/><E73/><V72/><F72/><W60/><G105/><T77/><D77/><U94/><E12/><N who="2" m="4683" /><F59/><W69/><G69/><T135/><D135/><U66/><E66/><V42/><F42/><W9/><G58/><N who="0" m="33039" /><D54/><U121/><E121/><V76/><F76/><W18/><G57/><T75/><D75/><U123/><E123/><V95/><AGARI ba="0,0" hai="61,62,87,91,95" m="4683,45097,49163" machi="95" ten="40,2700,0" yaku="19,1,12,1" doraHai="97" who="2" fromWho="2" sc="177,-13,311,-7,167,27,345,-7" />
</Scene>
<Scene>
<INIT seed="5,0,0,4,3,79" ten="164,304,194,338" oya="1" hai0="47,31,106,80,62,105,19,128,25,48,135,17,14" hai1="95,86,84,113,89,85,98,5,36,43,42,7,8" hai2="134,10,96,21,71,107,87,101,75,77,124,108,63" hai3="102,18,129,32,9,15,45,76,121,73,91,109,44"/><U94/><E113/><V41/><F108/><W61/><G109/><T26/><D135/><U54/><E36/><V66/><F134/><W2/><G121/><T22/><D128/><U65/><E65/><V114/><F114/><W116/><G32/><T88/><D62/><U125/><E125/><V4/><F124/><W30/><G30/><T122/><D122/><U118/><E118/><V12/><F41/><N who="1" m="15369" /><E54/><V130/><F130/><W132/><G2/><T97/><D48/><U83/><E95/><V100/><F100/><W35/><G102/><T92/><D47/><U33/><E33/><V51/><F51/><W82/><G35/><T28/><D80/><U67/><E67/><V104/><F75/><W72/><G61/><T78/><D78/><N who="1" m="46199" /><E8/><V56/><F107/><W112/><G9/><T37/><D37/><U6/><AGARI ba="0,0" hai="5,6,7,85,86,89,94,98" m="46199,15369" machi="6" ten="30,3000,0" yaku="8,1,52,1" doraHai="79" who="1" fromWho="1" sc="164,-10,304,30,194,-10,338,-10" />
</Scene>
<Scene>
<INIT seed="5,1,0,1,1,122" ten="154,334,184,328" oya="1" hai0="46,6,114,23,8,107,13,40,48,10,103,116,16" hai1="17,92,53,66,32,11,63,86,39,82,2,119,93" hai2="125,3,115,124,91,111,133,49,80,43,15,134,7" hai3="50,102,9,90,87,36,123,26,71,85,45,99,101"/><U28/><E119/><V14/><F43/><W1/><G36/><T20/><D116/><U57/><E39/><V33/><F49/><W27/><G71/><T30/><D114/><U96/><E32/><V113/><F33/><W41/><G123/><T19/><D30/><U104/><E28/><V70/><F70/><W25/><G1/><T78/><D107/><U109/><E109/><V84/><F3/><W37/><G37/><T74/><D103/><N who="3" m="39433" /><G9/><T135/><D135/><N who="2" m="51722" /><F7/><W88/><G99/><T5/><D74/><U59/><E104/><V105/><F105/><W64/><G64/><T47/><D78/><N who="1" m="46423" /><E96/><V81/><F111/><W55/><G41/><T89/><D89/><AGARI ba="1,0" hai="25,26,27,45,50,55,85,87,88,89,90" m="39433" machi="89" ten="30,2000,0" yaku="8,1,54,1" doraHai="122" who="3" fromWho="0" sc="154,-23,334,0,184,0,328,23" />
</Scene>
<Scene>
<INIT seed="6,0,0,3,5,92" ten="131,334,184,351" oya="2" hai0="17,6,108,27,39,127,86,89,35,102,129,97,57" hai1="70,79,113,24,125,80,87,71,15,13,25,10,103" hai2="54,88,51,22,5,45,26,73,85,84,76,61,47" hai3="14,63,9,106,124,111,3,1,52,42,123,4,21"/><V116/><F116/><W65/><G111/><T66/><D108/><U128/><E113/><V23/><F73/><W81/><G123/><T115/><D39/><U107/><E128/><V38/><F5/><W122/><G122/><T109/><D129/><U46/><E125/><V105/><F105/><W114/><G42/><T28/><D109/><U99/><E15/><V0/><F0/><W74/><G52/><T134/><D127/><U77/><E77/><V101/><F101/><W75/><G124/><T40/><D115/><U32/><E46/><V37/><F76/><W132/><G106/><T43/><D134/><U48/><E48/><V83/><F61/><W31/><G114/><T67/><D6/><U121/><E121/><V12/><F47/><W29/><G75/><T41/><D17/><U72/><E72/><V98/><F84/><W95/><G63/><T44/><D44/><U135/><E135/><V34/><F34/><W112/><G74/><T59/><D67/><U55/><E55/><V62/><F62/><W91/><G65/><T18/><D18/><U56/><E56/><V53/><F53/><W20/><G4/><T16/><D16/><N who="1" m="8247" /><E32/><V94/><F12/><W33/><G14/><T96/><D66/><U36/><E36/><V133/><F133/><W64/><G64/><T90/><D90/><U130/><E130/><V120/><F120/><W8/><G132/><T2/><D2/><U118/><E118/><V131/><F131/><W78/><G3/><T126/><D126/><U19/><E19/><N who="2" m="12639" /><F23/><N who="3" m="8779" /><G112/><T119/><D119/><U100/><E100/><N who="2" m="60503" /><F38/><W60/><G1/><RYUUKYOKU ba="0,0" sc="131,-15,334,15,184,15,351,-15" hai1="24,25,70,71,79,80,87,99,103,107" hai2="37,45,51,54,83,85,88" />
</Scene>
<Scene>
<INIT seed="6,1,0,1,5,51" ten="116,349,199,336" oya="2" hai0="102,28,121,32,40,55,15,29,112,106,54,41,90" hai1="13,24,14,11,46,21,50,58,57,26,89,5,132" hai2="104,45,71,74,8,16,119,107,33,62,123,18,78" hai3="92,130,111,81,42,56,27,86,31,80,84,69,99"/><V19/><F123/><W17/><G69/><T127/><D121/><U103/><E132/><V67/><F119/><W37/><G111/><T129/><D129/><U38/><E38/><V25/><F8/><W0/><G0/><T108/><D108/><U79/><E79/><V122/><F122/><W1/><G1/><T83/><D127/><U124/><E124/><V9/><F9/><W49/><G17/><T110/><D110/><U101/><E89/><V34/><F45/><W114/><G37/><T77/><D112/><U10/><E101/><V53/><F53/><N who="0" m="19978" /><D32/><U96/><E103/><V115/><F115/><W63/><G31/><N who="0" m="11851" /><D106/><U125/><E125/><V43/><F43/><N who="0" m="16458" /><D102/><U113/><E113/><V66/><F66/><W100/><G130/><T2/><D2/><U61/><E61/><V23/><F34/><W36/><G36/><T75/><D75/><U73/><E73/><V109/><F33/><W12/><G63/><T35/><D35/><U134/><E134/><V65/><F65/><W126/><G100/><T72/><D72/><U48/><E48/><V135/><F109/><W20/><G49/><T117/><D117/><U52/><E50/><V97/><F135/><W22/><G126/><T120/><D120/><U70/><E70/><V44/><F107/><W87/><G114/><T95/><D15/><U116/><E14/><V118/><F118/><W59/><G12/><T4/><D4/><U93/><E13/><V82/><F44/><W47/><G47/><T6/><D6/><U3/><E5/><V76/><F104/><W133/><G133/><T105/><D105/><RYUUKYOKU ba="1,0" sc="116,0,349,0,199,0,336,0" />
</Scene>
<Scene>
<INIT seed="7,2,0,4,5,126" ten="116,349,199,336" oya="3" hai0="20,44,21,118,58,10,134,72,52,47,114,99,43" hai1="61,101,68,111,80,122,33,8,55,83,41,76,22" hai2="14,3,113,128,49,63,100,108,7,51,40,59,92" hai3="6,96,38,54,77,56,37,124,105,79,46,131,85"/><W102/><G6/><T69/><D118/><U27/><E33/><V112/><F108/><W81/><G124/><T65/><D72/><U98/><E122/><V29/><F3/><W53/><G79/><T25/><D134/><U109/><E41/><V50/><F29/><W9/><G9/><T95/><D114/><N who="2" m="44138" /><F128/><W84/><G85/><T24/><D10/><U121/><E98/><N who="2" m="59463" /><F7/><W116/><G116/><T86/><D86/><U17/><E111/><V74/><F74/><W45/><G131/><T31/><D65/><U39/><E109/><V70/><F14/><W106/><G105/><T132/><D69/><U71/><E68/><V12/><F12/><W66/><G66/><T120/><D43/><U16/><E71/><V123/><F70/><W67/><G67/><T60/><D132/><U87/><E121/><V35/><F35/><W104/><G104/><T36/><D36/><U129/><E39/><V11/><F11/><W30/><G30/><T117/><D117/><U1/><E129/><V0/><F0/><W90/><G77/><T64/><D120/><U28/><E76/><V125/><F123/><W18/><G18/><T103/><REACH who="0" step="1"/><D64/><REACH who="0" ten="106,349,199,336" step="2"/><U19/><E8/><V57/><F125/><W82/><G81/><T78/><D78/><U34/><E80/><V97/><F40/><N who="3" m="22671" /><G56/><T115/><D115/><U88/><E1/><V32/><F59/><W135/><G135/><T91/><D91/><U73/><E73/><V42/><F42/><W4/><G4/><T62/><D62/><U75/><E75/><V93/><F57/><W133/><G133/><T48/><D48/><RYUUKYOKU ba="2,1" sc="106,15,349,-15,199,-15,336,15" hai0="20,21,24,25,31,44,47,52,58,60,95,99,103" hai3="38,46,53,54,82,84,90,96,102,106" owari="121,-38.0,334,13.0,184,-22.0,361,47.0" />
</Scene>
</mjloggm>