<mjloggm ver="2.3"><GO type="169" lobby="0"/><UN n0="%E3%82%AF%E3%83%AC%E3%82%A2" n1="%E3%81%93%E3%81%BE%E3%81%A3%E3%81%95%E3%82%93" n2="%E5%A4%AA%E3%81%8F%E3%81%AA%E3%81%84%E3%81%8A" n3="%E3%83%81%E3%83%AD%E3%83%AD%E8%BB%8D%E6%9B%B9" dan="16,16,18,16" rate="2120.53,2087.95,2164.34,2065.27" sx="M,M,F,F"/><TAIKYOKU oya="0"/>

<Scene>
<INIT seed="0,0,0,4,4,12" ten="250,250,250,250" oya="0" hai0="107,3,120,51,117,54,134,61,57,88,76,30,135" hai1="83,85,105,19,74,124,114,18,112,5,32,122,9" hai2="15,79,108,89,123,43,113,55,48,22,87,39,94" hai3="13,56,16,40,11,7,121,36,104,106,133,72,69"/><T53/><D120/><U33/><E74/><V99/><F123/><W27/><G121/><T0/><D117/><U101/><E122/><V70/><F113/><N who="1" m="43625" /><E124/><V44/><F70/><W65/><G72/><T58/><D107/><U10/><E10/><V97/><F108/><W38/><G69/><T37/><D37/><U17/><E101/><V115/><F115/><W95/><G133/><N who="0" m="50699" /><D76/><N who="1" m="46311" /><E105/><V20/><F79/><W25/><G95/><T127/><D127/><U52/><E52/><V86/><F86/><W23/><G27/><T62/><D51/><U28/><E28/><V71/><F71/><W98/><G98/><T60/><D30/><U14/><AGARI ba="0,0" hai="5,9,14,17,18,19,32,33" m="46311,43625" machi="14" ten="30,7900,0" yaku="11,1,52,3" doraHai="12" who="1" fromWho="1" sc="250,-39,250,79,250,-20,250,-20" />
</Scene>
<Scene>
<INIT seed="1,0,0,3,3,110" ten="211,329,230,230" oya="1" hai0="90,95,80,53,6,59,92,82,134,76,77,81,34" hai1="89,62,14,24,106,91,116,79,109,9,12,86,125" hai2="22,99,120,36,54,13,88,122,68,60,25,121,98" hai3="107,69,103,73,105,40,29,33,46,23,18,49,1"/><U71/><E106/><V128/><F36/><W44/><G73/><T67/><D34/><U78/><E116/><V8/><F128/><W16/><G69/><T119/><D119/><U64/><E125/><V56/><F68/><W39/><G1/><T65/><D6/><U102/><E102/><V50/><F50/><W58/><G58/><T100/><D100/><U28/><E109/><V42/><F42/><W11/><G11/><T37/><D37/><U38/><E38/><V4/><REACH who="2" step="1"/><F88/><REACH who="2" ten="211,329,220,230" step="2"/><W10/><G103/><T101/><D101/><U30/><E91/><V113/><F113/><W123/><G49/><T75/><D75/><U132/><E89/><V131/><F131/><W35/><G40/><T51/><D134/><U48/><E132/><V0/><F0/><W96/><G39/><T93/><REACH who="0" step="1"/><D90/><REACH who="0" ten="201,329,220,230" step="2"/><U111/><E111/><V41/><F41/><W15/><G96/><T45/><D45/><U66/><E86/><V114/><F114/><W85/><G85/><T26/><D26/><U21/><E24/><V83/><F83/><W84/><G84/><T70/><D70/><U130/><E71/><V129/><F129/><W126/><G44/><T52/><D52/><U55/><E55/><V117/><F117/><W5/><G46/><T19/><D19/><AGARI ba="0,2" hai="4,8,13,19,22,25,54,56,60,98,99,120,121,122" machi="19" ten="40,1300,0" yaku="1,1,53,0" doraHai="110" doraHaiUra="63" who="2" fromWho="0" sc="201,-13,329,0,220,33,230,0" />
</Scene>
<Scene>
<INIT seed="2,0,0,4,0,18" ten="188,329,253,230" oya="2" hai0="97,70,109,72,124,29,58,135,61,56,74,1,47" hai1="125,79,96,73,59,32,7,2,46,91,95,6,49" hai2="93,27,53,85,87,131,31,110,80,55,118,41,84" hai3="89,102,83,3,26,48,120,115,86,45,42,133,11"/><V30/><F118/><W75/><G120/><T98/><D1/><U69/><E69/><V37/><F131/><W25/><G133/><T4/><D135/><U20/><E32/><V67/><F67/><W103/><G115/><T39/><D4/><U10/><E7/><V77/><F110/><W38/><G75/><T51/><D109/><U17/><E125/><V126/><F126/><W127/><G127/><T8/><D124/><U123/><E123/><V105/><F105/><W94/><G3/><T82/><D8/><U71/><E71/><V78/><F93/><W22/><G11/><T116/><D116/><U92/><E59/><V130/><F130/><W111/><G111/><T40/><D29/><U66/><E66/><V100/><F100/><N who="3" m="38443" /><G38/><T21/><D72/><U122/><E122/><V104/><F104/><W63/><G63/><T76/><D58/><U19/><E95/><V62/><F62/><W119/><G119/><T34/><D34/><U134/><E134/><V23/><F31/><N who="3" m="17847" /><G26/><T114/><D114/><U36/><E36/><V50/><F37/><W64/><G64/><N who="0" m="41231" /><D21/><U9/><E9/><V43/><F55/><AGARI ba="0,0" hai="39,40,47,51,55,56,74,76,82,97,98" m="41231" machi="55" ten="30,1000,0" yaku="24,1" doraHai="18" who="0" fromWho="2" sc="188,10,329,0,253,-10,230,0" />
</Scene>
<Scene>
<INIT seed="3,0,0,4,3,26" ten="198,329,243,230" oya="3" hai0="95,133,68,135,132,130,67,55,109,118,84,76,16" hai1="13,104,78,19,42,74,34,62,124,94,61,59,39" hai2="125,29,134,82,44,88,85,83,108,45,71,47,117" hai3="123,6,31,1,22,37,51,24,113,9,54,116,127"/><W87/><G113/><T4/><D118/><U20/><E104/><V0/><F117/><W27/><G116/><T10/><D68/><U35/><E62/><V128/><F71/><W65/><G123/><T58/><D67/><U18/><E124/><V79/><F0/><W8/><G37/><T7/><D109/><U63/><E63/><V110/><F125/><W5/><G127/><T92/><D130/><U103/><E78/><V50/><F128/><W28/><G65/><T99/><D76/><U11/><E74/><V114/><F114/><W72/><G87/><T122/><D122/><U25/><E42/><V17/><F134/><W32/><G72/><T126/><D126/><U89/><E103/><V64/><F64/><W102/><G102/><N who="0" m="60775" /><D95/><U111/><E39/><V91/><F17/><W81/><G81/><T36/><D84/><U2/><E2/><V52/><F29/><W53/><G51/><N who="0" m="31103" /><D36/><U131/><E131/><V38/><F38/><W57/><G57/><T30/><D30/><U46/><E111/><N who="2" m="42539" /><F91/><W97/><G97/><T98/><D98/><U107/><E107/><V15/><F15/><AGARI ba="0,0" hai="1,5,6,8,9,15,22,24,27,28,31,32,53,54" machi="15" ten="30,5800,0" yaku="7,1,52,2" doraHai="26" who="3" fromWho="2" sc="198,0,329,0,243,-58,230,58" /><AGARI ba="0,0" hai="4,7,10,15,16,132,133,135" m="31103,60775" machi="15" ten="30,2000,0" yaku="20,1,54,1" doraHai="26" who="0" fromWho="2" sc="198,20,329,0,185,-20,288,0" />
</Scene>
<Scene>
<INIT seed="3,1,0,4,3,30" ten="218,329,165,288" oya="3" hai0="51,94,97,58,96,65,119,14,107,127,2,37,29" hai1="55,76,80,63,86,24,40,92,5,0,83,134,103" hai2="126,88,13,46,100,27,118,56,133,135,101,9,47" hai3="31,113,22,104,50,62,87,108,26,132,49,85,32"/><W72/><G113/><T116/><D37/><U15/><E0/><V98/><F118/><W8/><G72/><T48/><D2/><U66/><E55/><V105/><F126/><W70/><G104/><T34/><D127/><U18/><E134/><N who="2" m="51211" /><F101/><W43/><G132/><T28/><D14/><U81/><E5/><N who="2" m="3247" /><F56/><W60/><G108/><T38/><D38/><U25/><E40/><V123/><F123/><W75/><G75/><T91/><D65/><U3/><E3/><V67/><F67/><W45/><G49/><T12/><D12/><U52/><E66/><V106/><F106/><W6/><G22/><T117/><D29/><U57/><E76/><V110/><F110/><W112/><G112/><T19/><D19/><U73/><E73/><V89/><F27/><W23/><G70/><T95/><D107/><U99/><REACH who="1" step="1"/><E86/><REACH who="1" ten="218,319,165,288" step="2"/><V44/><AGARI ba="1,1" hai="44,46,47,88,89,98,100,105" m="3247,51211" machi="44" ten="30,2000,0" yaku="20,1,54,1" doraHai="30" who="2" fromWho="2" sc="218,-6,319,-6,165,33,288,-11" />
</Scene>
<Scene>
<INIT seed="4,0,0,1,5,61" ten="212,313,198,277" oya="0" hai0="127,82,50,134,122,54,83,43,21,42,104,118,86" hai1="57,113,34,81,25,36,93,132,6,17,0,119,76" hai2="35,9,98,89,58,33,3,19,128,99,110,101,124" hai3="103,94,130,32,131,39,126,78,29,1,105,115,135"/><T90/><D122/><U133/><E36/><V120/><F120/><W23/><G1/><T47/><D118/><U4/><E119/><V92/><F110/><W85/><G39/><T15/><D104/><U28/><E113/><V70/><F70/><W87/><G32/><T13/><D127/><U84/><E0/><V129/><F124/><W56/><G126/><T116/><D116/><U68/><E68/><V27/><F58/><W71/><G71/><T77/><D134/><U66/><E17/><V64/><F64/><W75/><G115/><T95/><D83/><U31/><E31/><V117/><F117/><W108/><G108/><T38/><D21/><U30/><E30/><V53/><F53/><W96/><G135/><N who="1" m="51786" /><E93/><N who="2" m="56623" /><F27/><W121/><G121/><T80/><D80/><U10/><E10/><V65/><F65/><W37/><G37/><T8/><D38/><U24/><E24/><V88/><F101/><W69/><G69/><T49/><D49/><U55/><E66/><V107/><F107/><W45/><G45/><T7/><D15/><U106/><E106/><V97/><F97/><AGARI ba="0,0" hai="7,8,13,42,43,47,50,54,77,82,86,90,95,97" machi="97" ten="30,2900,0" yaku="7,1,8,1" doraHai="61" who="0" fromWho="2" sc="212,29,313,0,198,-29,277,0" />
</Scene>
<Scene>
<INIT seed="4,1,0,5,4,129" ten="241,313,169,277" oya="0" hai0="36,54,10,76,75,106,39,14,130,114,116,37,97" hai1="33,51,70,128,4,72,113,119,18,80,31,5,83" hai2="87,85,69,49,27,103,86,108,47,23,133,68,20" hai3="0,24,115,64,19,59,134,12,101,50,78,29,52"/><T40/><D116/><U8/><E70/><V42/><F108/><W57/><G0/><T131/><D114/><U26/><E119/><V56/><F103/><W104/><G115/><T84/><D75/><U105/><E105/><V30/><F133/><W92/><G104/><T7/><D54/><U65/><E65/><V2/><F2/><W16/><G134/><T66/><D66/><U99/><E113/><V61/><REACH who="2" step="1"/><F23/><REACH who="2" ten="241,313,159,277" step="2"/><W96/><G101/><T6/><D130/><U123/><E128/><V43/><F43/><W102/><G78/><T62/><D131/><U67/><E123/><V63/><F63/><N who="3" m="38015" /><G12/><T94/><D62/><U13/><E13/><V81/><F81/><W35/><G35/><T55/><D14/><U89/><E83/><V9/><F9/><W118/><G118/><T98/><D10/><U25/><E80/><V93/><F93/><W122/><G122/><T53/><D106/><U132/><E8/><V117/><F117/><W82/><G82/><T60/><D40/><U79/><E132/><V109/><F109/><W135/><G135/><T34/><D34/><U17/><E33/><V120/><F120/><W90/><G90/><T22/><D22/><U125/><E89/><V124/><F124/><W58/><G102/><T127/><D127/><U1/><E125/><V71/><F71/><W48/><G92/><T21/><D94/><U3/><E3/><V121/><F121/><W41/><G41/><T107/><D107/><U45/><E1/><V74/><F74/><W77/><G77/><T88/><D76/><U112/><E79/><V11/><F11/><RYUUKYOKU ba="1,1" sc="241,-10,313,-10,159,30,277,-10" hai2="20,27,30,42,47,49,56,61,68,69,85,86,87" />
</Scene>
<Scene>
<INIT seed="5,2,1,1,1,118" ten="231,303,189,267" oya="1" hai0="57,62,127,23,80,106,42,22,132,124,82,121,30" hai1="4,48,100,130,45,99,110,0,95,50,31,135,94" hai2="111,43,131,49,64,91,61,96,71,112,36,77,60" hai3="56,108,13,26,115,89,34,15,114,40,51,8,7"/><U88/><E110/><V19/><F111/><W68/><G108/><T46/><D106/><U69/><E69/><V38/><F131/><W16/><G68/><T109/><D109/><U72/><E72/><V76/><F112/><N who="3" m="43051" /><G89/><T39/><D132/><U103/><E31/><V17/><F49/><W98/><G98/><T81/><D121/><U18/><E135/><V5/><F5/><W54/><G40/><T24/><REACH who="0" step="1"/><D22/><REACH who="0" ten="221,303,189,267" step="2"/><U83/><E130/><V128/><F128/><W65/><G34/><T59/><D59/><U9/><E45/><V74/><F71/><W3/><G65/><AGARI ba="2,2" hai="23,24,30,39,42,46,57,62,65,80,81,82,124,127" machi="65" ten="40,2600,0" yaku="1,1,53,1" doraHai="118" doraHaiUra="52" who="0" fromWho="3" sc="221,52,303,0,189,0,267,-32" />
</Scene>
<Scene>
<INIT seed="6,0,0,1,2,5" ten="273,303,189,235" oya="2" hai0="0,111,55,1,34,135,25,45,74,13,23,115,64" hai1="8,106,16,62,50,6,56,76,134,127,92,103,28" hai2="22,119,93,2,30,78,65,48,98,68,29,89,20" hai3="11,118,128,24,100,73,52,113,15,129,101,116,75"/><V58/><F119/><W4/><G24/><T19/><D111/><U122/><E106/><V95/><F2/><W81/><G113/><T126/><D115/><U43/><E28/><N who="2" m="10859" /><F68/><W44/><G116/><T26/><D74/><U84/><E122/><V121/><F121/><W33/><G33/><T46/><D34/><U96/><E6/><V39/><F39/><W17/><G118/><T94/><D126/><U125/><E134/><V67/><F78/><W47/><G4/><T114/><D114/><U110/><E110/><V117/><F117/><W41/><G52/><T63/><D135/><U49/><E76/><V54/><F93/><W112/><G112/><T70/><D94/><U88/><E43/><V109/><F109/><W79/><G73/><T3/><D55/><N who="1" m="34079" /><E103/><V86/><F98/><W131/><REACH who="3" step="1"/><G47/><REACH who="3" ten="273,303,189,225" step="2"/><T66/><D66/><AGARI ba="0,1" hai="20,22,48,54,58,65,66,67,86,89,95" m="10859" machi="66" ten="30,1500,0" yaku="8,1" doraHai="5" who="2" fromWho="0" sc="273,-15,303,0,189,25,225,0" />
</Scene>
<Scene>
<INIT seed="6,1,0,4,0,60" ten="258,303,214,225" oya="2" hai0="27,65,6,43,112,81,33,101,106,109,35,70,0" hai1="117,86,126,61,113,56,131,71,134,119,123,37,50" hai2="32,87,110,94,29,88,73,59,91,105,15,42,40" hai3="16,23,5,34,95,102,127,38,58,45,103,121,48"/><V68/><F68/><W57/><G121/><T62/><D109/><U13/><E37/><V46/><F73/><W104/><G34/><T135/><D112/><U66/><E86/><V51/><F105/><W21/><G104/><T97/><D43/><U4/><E4/><V76/><F110/><W69/><G69/><T129/><D81/><U79/><E79/><V67/><F32/><W53/><G127/><T125/><D35/><U9/><E9/><V118/><F118/><W122/><G122/><T132/><D125/><U18/><E123/><V54/><F76/><W133/><G133/><N who="0" m="51275" /><D6/><U100/><E126/><V89/><F29/><W1/><G38/><T52/><D52/><U11/><E113/><V10/><F67/><W49/><G23/><T84/><D84/><U120/><E120/><V85/><F85/><W90/><G5/><T24/><D24/><U75/><E134/><V124/><F124/><W78/><G1/><T115/><D115/><U130/><E75/><V114/><F114/><W83/><G83/><T30/><D129/><U26/><E119/><V93/><F87/><W72/><G78/><T111/><D111/><U44/><E117/><V12/><F12/><N who="3" m="9351" /><G72/><T31/><D31/><U77/><E77/><V20/><F20/><W108/><G108/><T63/><D63/><U64/><E26/><V82/><F82/><W116/><G116/><T25/><D27/><U107/><E131/><V128/><F128/><W28/><G28/><T36/><D36/><U14/><E130/><V74/><F74/><W2/><G2/><AGARI ba="1,0" hai="0,2,25,30,33,62,65,70,97,101,106" m="51275" machi="2" ten="30,7700,0" yaku="25,1,20,1,23,1,52,1" doraHai="60" who="0" fromWho="3" sc="258,80,303,0,214,0,225,-80" />
</Scene>
<Scene>
<INIT seed="7,0,0,0,0,79" ten="338,303,214,145" oya="3" hai0="45,50,118,31,81,111,77,43,94,82,60,70,96" hai1="86,129,16,64,32,122,19,80,88,135,104,29,93" hai2="98,6,72,73,119,84,26,103,116,54,41,55,37" hai3="8,2,65,102,11,123,78,114,131,92,56,21,51"/><W83/><G123/><T53/><D111/><U127/><E122/><V40/><F6/><W33/><G33/><T62/><D118/><U89/><E104/><V46/><F84/><W85/><G114/><T108/><D108/><U9/><E64/><V44/><F26/><W120/><G120/><T112/><D112/><U24/><E135/><V87/><F87/><W17/><G131/><T69/><D31/><U67/><E129/><V22/><F22/><W28/><G2/><T18/><D18/><U61/><E127/><V130/><F130/><W95/><G28/><T49/><D70/><U35/><E35/><V109/><F109/><W99/><G92/><T10/><D10/><U66/><E66/><V14/><F14/><N who="3" m="9399" /><G65/><T106/><D106/><U13/><E89/><V34/><F34/><W47/><G56/><N who="0" m="32823" /><D77/><U1/><E1/><V124/><F124/><W27/><G27/><T42/><D42/><AGARI ba="0,0" hai="8,11,42,47,51,78,83,85,95,99,102" m="9399" machi="42" ten="30,2900,0" yaku="8,1,52,1" doraHai="79" who="3" fromWho="0" sc="338,-29,303,0,214,0,145,29" />
</Scene>
<Scene>
<INIT seed="7,1,0,4,2,89" ten="309,303,214,174" oya="3" hai0="92,43,16,75,96,24,85,126,112,52,102,10,45" hai1="127,40,83,91,60,76,68,124,6,115,27,99,108" hai2="66,2,28,51,128,26,12,42,133,80,117,38,110" hai3="36,63,116,73,82,123,135,14,119,19,57,122,30"/><W58/><G36/><T23/><D75/><U105/><E108/><V56/><F110/><W84/><G73/><T88/><D126/><N who="1" m="48171" /><E115/><V67/><F2/><W125/><G125/><T101/><D112/><U1/><E40/><V113/><F113/><W77/><G135/><T44/><D10/><N who="1" m="2383" /><E27/><V74/><F117/><W120/><G30/><T47/><D43/><U33/><E33/><V97/><F133/><W49/><G49/><N who="0" m="28735" /><D102/><N who="1" m="62687" /><E91/><V78/><F42/><W81/><G81/><AGARI ba="1,0" hai="16,23,24,44,45,81,85,88,92,96,101" m="28735" machi="81" ten="30,8000,1" yaku="8,1,52,1,54,3" doraHai="89" who="0" fromWho="3" sc="309,83,303,0,214,0,174,-83" owari="392,50.0,303,10.0,214,-19.0,91,-41.0" />
</Scene>
</mjloggm>