<mjloggm ver="2.3"><GO type="169"/><UN n0="%E5%A4%AA%E3%81%8F%E3%81%AA%E3%81%84%E3%81%8A" n1="%73%69%67%65%6E%6F%72%69" n2="%E5%A0%80%E3%82%B9%E3%82%B9%E3%83%A0" n3="%E3%83%A4%E3%82%AD%E3%83%B3" dan="18,16,16,17" rate="2167,2062,2038,2113" sx="M,M,F,M"/><TAIKYOKU oya="0"/>

<Scene>
<INIT seed="0,0,0,3,3,24" ten="250,250,250,250" oya="0" hai0="15,46,113,79,25,16,54,19,78,0,34,32,29" hai1="109,58,72,125,104,96,117,77,118,1,33,70,51" hai2="14,43,52,31,101,38,84,100,86,64,122,37,103" hai3="13,102,35,2,42,71,17,18,63,131,126,94,8"/><T48/><D113/><U119/><E70/><V89/><F122/><W134/><G35/><T74/><D0/><U83/><E109/><V135/><F135/><W20/><G134/><T120/><D120/><U5/><E125/><V82/><F64/><W121/><G121/><T56/><D34/><U21/><E21/><V67/><F67/><W28/><G126/><T128/><D128/><U39/><E39/><V105/><F105/><W93/><G131/><T36/><D74/><U10/><E33/><V73/><F73/><W85/><G42/><T112/><D112/><U44/><E58/><V90/><F43/><W9/><G71/><T87/><D87/><U40/><REACH who="1" step="1"/><E119/><REACH who="1" ten="250,240,250,250" step="2"/><V127/><F127/><W115/><G20/><T130/><D130/><U133/><E133/><V110/><F110/><W50/><G115/><T80/><D36/><U111/><E111/><V65/><F38/><W55/><G9/><T132/><D132/><U92/><E92/><V95/><F37/><W23/><G93/><T76/><D56/><U61/><E61/><V66/><F95/><W30/><G63/><T57/><D57/><U22/><E22/><V7/><F82/><W106/><G106/><T124/><D124/><U11/><E11/><V116/><F116/><W69/><G69/><T6/><REACH who="0" step="1"/><D80/><REACH who="0" ten="240,240,250,250" step="2"/><U3/><E3/><V53/><F84/><W123/><G2/><T129/><D129/><U114/><E114/><V99/><F86/><W81/><G85/><T62/><D62/><U26/><E26/><V27/><F27/><N who="3" m="14831" /><G81/><T45/><D45/><U108/><E108/><V12/><F99/><RYUUKYOKU ba="0,2" sc="240,15,240,15,250,-15,250,-15" hai0="6,15,16,19,25,29,32,46,48,54,76,78,79" hai1="1,5,10,40,44,51,72,77,83,96,104,117,118" />
</Scene>
<Scene>
<INIT seed="0,1,2,0,4,46" ten="255,255,235,235" oya="0" hai0="83,66,96,94,87,93,38,34,62,73,129,72,74" hai1="103,90,124,104,112,71,15,134,85,36,14,6,44" hai2="132,42,116,50,52,80,78,76,32,51,65,19,11" hai3="24,31,61,26,68,48,117,28,21,128,95,82,47"/><T64/><D38/><U75/><E71/><V79/><F32/><W135/><G117/><T18/><D34/><U13/><E75/><V91/><F65/><W101/><G135/><T109/><D129/><U118/><E118/><V43/><F132/><W107/><G128/><T127/><D127/><U84/><E134/><V77/><F116/><W88/><G107/><T5/><D5/><U33/><E33/><V113/><F113/><W123/><G123/><T105/><D109/><U29/><E29/><V58/><F91/><W45/><G45/><T49/><D18/><U108/><E108/><V120/><F120/><W39/><G39/><T40/><D105/><U41/><E124/><V8/><F80/><W7/><G7/><T59/><D66/><U98/><E112/><V114/><F114/><W1/><G1/><T92/><D40/><N who="2" m="15402" /><F76/><W22/><G61/><T97/><REACH who="0" step="1"/><D49/><REACH who="0" ten="245,255,235,235" step="2"/><N who="2" m="18442" /><F19/><W35/><G35/><T23/><D23/><U0/><E36/><V133/><F133/><W17/><G47/><T81/><D81/><U89/><E44/><V25/><F25/><W119/><G82/><T126/><D126/><U54/><E41/><V37/><F37/><W99/><G119/><T70/><D70/><U55/><E104/><V9/><F79/><AGARI ba="1,3" hai="59,62,64,72,73,74,79,83,87,92,93,94,96,97" machi="79" ten="50,4800,0" yaku="1,1,53,1" doraHai="46" doraHaiUra="60" who="0" fromWho="2" sc="245,81,255,0,235,-51,235,0" />
</Scene>
<Scene>
<INIT seed="0,2,0,0,2,88" ten="326,255,184,235" oya="0" hai0="16,42,36,46,59,97,33,122,41,26,28,40,98" hai1="3,115,79,133,76,108,61,96,86,54,66,100,34" hai2="89,50,112,29,23,19,75,103,129,14,7,13,94" hai3="53,107,51,21,27,119,32,12,135,130,52,134,105"/><T84/><D122/><U31/><E3/><V83/><F112/><W110/><G119/><T118/><D118/><U35/><E115/><V127/><F103/><W62/><G110/><T11/><D59/><U64/><E108/><V125/><F129/><W30/><G130/><T0/><D84/><U70/><E133/><N who="3" m="50698" /><G62/><T68/><D68/><U101/><E66/><V111/><F29/><W132/><N who="3" m="50706" /><W95/><DORA hai="85" /><G53/><T18/><D41/><U63/><E35/><V77/><F111/><W120/><G120/><T44/><D0/><U104/><E101/><V109/><F109/><W25/><G12/><T10/><D10/><U48/><E63/><V45/><F13/><W57/><G95/><T37/><REACH who="0" step="1"/><D11/><REACH who="0" ten="316,255,184,235" step="2"/><U87/><E79/><V78/><F77/><W82/><G82/><T49/><D49/><U6/><E76/><V116/><F116/><W22/><G51/><T99/><AGARI ba="2,1" hai="16,18,26,28,33,36,37,40,42,44,46,97,98,99" machi="99" ten="30,11700,0" yaku="1,1,0,1,9,1,54,1,53,0" doraHai="88,85" doraHaiUra="17,117" who="0" fromWho="0" sc="316,133,255,-41,184,-41,235,-41" />
</Scene>
<Scene>
<INIT seed="0,3,0,1,1,53" ten="449,214,143,194" oya="0" hai0="20,112,58,32,26,87,79,116,62,115,114,101,70" hai1="119,89,84,80,63,67,38,111,65,82,37,10,40" hai2="108,128,96,121,51,5,45,55,28,30,0,8,123" hai3="83,98,85,57,7,92,134,27,97,72,33,127,94"/><T110/><D116/><U47/><E119/><V133/><F108/><W31/><G72/><T36/><D36/><U125/><E111/><V106/><F128/><W122/><G127/><T103/><D32/><U113/><E125/><V19/><F133/><W9/><G134/><T76/><D70/><U71/><E113/><V68/><F68/><W105/><G122/><T13/><D13/><U34/><E34/><V124/><F124/><W18/><G18/><T77/><D110/><U66/><E37/><V15/><F121/><W29/><G29/><T126/><D87/><U22/><E22/><V6/><F6/><W17/><G17/><T25/><D126/><U69/><E10/><V75/><F75/><W104/><G98/><T78/><N who="0" m="19456" /><DORA hai="43" /><T1/><D1/><U91/><REACH who="1" step="1"/><E63/><REACH who="1" ten="449,204,143,194" step="2"/><V21/><REACH who="2" step="1"/><F123/><REACH who="2" ten="449,204,133,194" step="2"/><W49/><G7/><T129/><D129/><U54/><E54/><V24/><F24/><W41/><G27/><T109/><D109/><U35/><E35/><V64/><F64/><W48/><G33/><T135/><D135/><U12/><E12/><V23/><F23/><W60/><G9/><T56/><D25/><U14/><E14/><V61/><F61/><W118/><G60/><T90/><D62/><U46/><E46/><V107/><F107/><W102/><G104/><T4/><D26/><U50/><E50/><V44/><F44/><N who="3" m="25615" /><G118/><T59/><D20/><U11/><E11/><V52/><F52/><N who="3" m="31887" /><G31/><T132/><D132/><U99/><E99/><V42/><F42/><W117/><G117/><T86/><D4/><U100/><E100/><AGARI ba="3,2" hai="0,5,8,15,19,21,28,30,45,51,55,96,100,106" machi="100" ten="40,5200,0" yaku="1,1,52,1,53,1" doraHai="53,43" doraHaiUra="3,88" who="2" fromWho="1" sc="449,0,204,-61,133,81,194,0" />
</Scene>
<Scene>
<INIT seed="1,0,0,3,1,54" ten="449,143,214,194" oya="1" hai0="52,34,126,109,59,98,121,110,80,104,112,29,87" hai1="40,72,11,68,99,118,115,79,60,95,113,3,90" hai2="67,91,28,63,6,24,116,25,61,92,76,35,83" hai3="62,9,47,127,2,64,37,119,55,73,57,8,33"/><U82/><E118/><V102/><F102/><W75/><G33/><T84/><D112/><U107/><E40/><V7/><F25/><W46/><G119/><T88/><D126/><U30/><E30/><V42/><F42/><W86/><G127/><T19/><D121/><U97/><E3/><V39/><F39/><W48/><G37/><T135/><D135/><U123/><E123/><V129/><F129/><W131/><G131/><T58/><D19/><U81/><E11/><V16/><F16/><W53/><G86/><T130/><D130/><U78/><E60/><V5/><F116/><W43/><G43/><T27/><D87/><N who="1" m="48567" /><E68/><V31/><F31/><W108/><G2/><T132/><D132/><U22/><E22/><V77/><F67/><W94/><G8/><T120/><D120/><U103/><AGARI ba="0,0" hai="72,79,82,90,95,97,99,103,107,113,115" m="48567" machi="103" ten="30,3000,0" yaku="34,2" doraHai="54" who="1" fromWho="1" sc="449,-10,143,30,214,-10,194,-10" />
</Scene>
<Scene>
<INIT seed="1,1,0,1,2,118" ten="439,173,204,184" oya="1" hai0="98,54,61,15,113,99,2,63,56,36,116,27,60" hai1="70,44,26,123,38,7,87,69,3,6,73,25,14" hai2="110,57,93,101,29,37,82,122,67,64,31,46,133" hai3="135,24,50,19,115,21,103,43,17,94,51,16,81"/><U59/><E73/><V33/><F33/><W112/><G135/><T84/><D2/><U95/><E3/><V83/><F122/><W72/><G115/><T132/><D113/><U35/><E123/><V40/><F133/><W131/><G112/><T77/><D132/><U13/><E38/><V32/><F110/><W68/><G68/><T91/><D36/><U49/><E59/><V97/><F32/><W0/><G0/><T96/><D116/><U55/><E35/><V8/><F8/><W53/><G131/><T124/><D124/><U119/><E119/><V22/><F31/><W102/><G72/><T107/><D107/><U11/><E69/><V104/><F104/><W1/><G1/><T71/><D71/><U128/><E70/><V125/><F67/><W129/><G129/><T5/><D77/><U86/><E128/><V120/><F125/><W41/><G81/><N who="0" m="49551" /><D27/><N who="1" m="10251" /><E95/><V9/><F120/><W48/><G53/><T89/><D89/><U18/><E6/><V109/><F109/><W90/><G102/><T130/><D130/><U23/><AGARI ba="1,0" hai="7,11,13,14,18,23,44,49,55,86,87" m="10251" machi="23" ten="30,1500,0" yaku="8,1" doraHai="118" who="1" fromWho="1" sc="439,-6,173,18,204,-6,184,-6" />
</Scene>
<Scene>
<INIT seed="1,2,0,0,0,1" ten="433,191,198,178" oya="1" hai0="100,77,103,8,39,69,34,12,72,124,61,86,121" hai1="16,110,132,114,71,17,125,81,74,73,128,96,28" hai2="55,6,18,29,105,47,90,26,19,133,33,52,5" hai3="38,64,31,118,88,67,30,102,37,48,10,70,40"/><U113/><E128/><V54/><F105/><W115/><G115/><T11/><D34/><U13/><E71/><V23/><F133/><W85/><G102/><T51/><D39/><U62/><E132/><V82/><F47/><W104/><G104/><T79/><D72/><U106/><E28/><V80/><F33/><W42/><G118/><T101/><D124/><U107/><E62/><V99/><F99/><W56/><G38/><T53/><D121/><U94/><E125/><V43/><F43/><W84/><G10/><T76/><D86/><U91/><E110/><V83/><F90/><W92/><G42/><T59/><D69/><U131/><E131/><V98/><F98/><W44/><G84/><T57/><REACH who="0" step="1"/><D12/><REACH who="0" ten="423,191,198,178" step="2"/><U95/><E13/><V126/><F126/><W75/><G75/><T4/><D4/><AGARI ba="2,1" hai="4,5,6,18,19,23,26,29,52,54,55,80,82,83" machi="4" ten="40,8000,1" yaku="8,1,52,3,54,1" doraHai="1" who="2" fromWho="0" sc="423,-86,191,0,198,96,178,0" />
</Scene>
<Scene>
<INIT seed="2,0,0,1,5,11" ten="337,191,294,178" oya="2" hai0="29,122,109,134,69,112,120,37,80,64,81,66,123" hai1="83,127,12,17,27,93,49,44,63,118,115,105,58" hai2="84,129,87,7,59,21,117,38,77,14,1,73,70" hai3="4,85,18,39,32,9,78,47,133,35,97,111,96"/><V113/><F1/><W126/><G111/><T30/><D112/><U108/><E105/><V98/><F70/><W128/><G126/><T116/><D37/><U114/><E118/><V23/><F38/><W22/><G133/><T48/><D109/><U61/><E108/><V2/><F2/><W0/><G128/><T119/><D48/><U33/><E127/><V99/><F129/><W74/><G85/><N who="2" m="32841" /><F73/><W31/><G97/><N who="2" m="36873" /><F77/><W45/><G96/><T103/><D103/><U62/><E83/><N who="0" m="31817" /><D134/><U75/><E75/><V52/><F117/><N who="0" m="45130" /><D69/><U26/><E93/><V24/><F24/><N who="3" m="18535" /><G35/><T6/><D6/><U67/><E115/><V34/><F34/><W65/><G74/><T124/><D124/><U102/><E114/><V106/><F106/><W89/><G78/><T43/><D43/><N who="1" m="24735" /><E102/><V94/><F94/><W13/><G39/><T25/><D25/><N who="1" m="9227" /><E33/><V101/><F101/><W50/><G89/><T46/><D46/><U15/><E15/><V57/><F113/><W16/><G47/><T82/><N who="0" m="31825" /><T135/><DORA hai="100" /><D135/><U110/><E110/><V54/><F14/><N who="3" m="9495" /><G45/><T10/><D29/><U5/><E5/><V104/><F7/><W3/><G4/><T131/><D131/><U40/><E40/><V42/><F42/><W92/><G92/><T76/><D30/><U107/><E107/><V71/><F104/><W121/><G3/><T28/><D28/><U125/><E125/><V8/><F71/><W41/><G0/><T79/><D79/><U86/><E86/><V53/><F8/><AGARI ba="0,0" hai="8,12,17,58,61,62,63,67" m="9227,24735" machi="8" ten="30,2000,0" yaku="8,1,52,1" doraHai="11,100" who="1" fromWho="2" sc="337,0,191,20,294,-20,178,0" />
</Scene>
<Scene>
<INIT seed="3,0,0,5,2,122" ten="337,211,274,178" oya="3" hai0="51,75,96,100,86,0,36,46,62,83,115,112,125" hai1="106,55,131,16,89,11,54,85,4,132,25,35,104" hai2="124,71,97,7,79,63,6,10,134,3,107,84,87" hai3="120,94,22,82,103,8,117,76,43,53,32,47,59"/><W57/><G32/><T1/><D36/><U98/><E132/><V21/><F7/><W52/><G120/><T41/><D75/><U92/><E131/><V15/><F134/><W23/><G117/><T19/><D62/><U42/><E42/><V126/><F79/><W113/><G113/><N who="0" m="43595" /><D19/><U67/><E67/><N who="2" m="41471" /><F3/><W13/><G43/><T56/><D56/><N who="3" m="21577" /><G76/><N who="0" m="46439" /><D125/><N who="2" m="48234" /><F21/><N who="3" m="7691" /><G82/><T119/><D119/><U50/><E35/><V33/><F33/><W135/><G47/><T123/><D123/><U14/><E4/><V114/><F114/><W108/><G135/><T48/><D48/><U12/><E50/><V99/><F99/><N who="3" m="59895" /><G108/><T2/><D0/><U38/><E38/><V129/><F129/><W65/><G65/><T28/><D28/><U60/><E98/><V77/><F77/><W27/><G27/><T66/><D66/><U78/><E25/><V17/><F6/><AGARI ba="0,0" hai="6,8,13,52,53" m="59895,7691,21577" machi="6" ten="30,2900,0" yaku="8,1,54,1" doraHai="122" who="3" fromWho="2" sc="337,0,211,0,274,-29,178,29" />
</Scene>
<Scene>
<INIT seed="3,1,0,3,0,125" ten="337,211,245,207" oya="3" hai0="15,52,100,126,92,59,122,26,8,42,115,53,14" hai1="84,20,80,104,78,130,72,109,37,79,124,43,60" hai2="132,3,83,4,121,99,32,69,49,85,22,77,97" hai3="9,55,70,62,34,46,2,24,127,65,5,114,107"/><W54/><G114/><T30/><D122/><U23/><E104/><V40/><F32/><W33/><G127/><T73/><D73/><U81/><E124/><V18/><F69/><W36/><G34/><T56/><D126/><U112/><E112/><V113/><F113/><W106/><G54/><N who="0" m="21099" /><D42/><U93/><E109/><V123/><F132/><W63/><G55/><T87/><D115/><U110/><E110/><V131/><F131/><W29/><REACH who="3" step="1"/><G63/><REACH who="3" ten="337,211,245,197" step="2"/><T47/><D47/><U27/><E60/><V120/><F120/><W19/><G19/><T1/><D30/><U111/><E111/><V74/><F121/><W91/><G91/><T134/><D134/><U38/><E43/><AGARI ba="1,1" hai="2,5,9,24,29,33,36,43,46,62,65,70,106,107" machi="43" ten="40,12000,1" yaku="1,1,33,3,53,0" doraHai="125" doraHaiUra="118" who="3" fromWho="1" sc="337,0,211,-123,245,0,197,133" />
</Scene>
<Scene>
<INIT seed="3,2,0,4,0,62" ten="337,88,245,330" oya="3" hai0="116,125,81,126,42,32,84,9,53,19,109,50,106" hai1="36,49,104,88,44,98,0,40,112,63,135,114,127" hai2="69,25,31,85,110,73,39,107,33,108,61,82,120" hai3="131,2,1,78,66,55,58,12,18,45,4,83,54"/><W96/><G131/><T102/><D116/><U90/><E127/><N who="0" m="48649" /><D32/><U75/><E135/><V77/><F120/><W35/><G35/><T65/><D109/><N who="2" m="42090" /><F85/><W38/><G96/><N who="0" m="61767" /><D42/><U111/><E75/><V72/><F72/><W128/><G128/><T20/><D9/><U57/><E111/><V46/><F107/><W95/><G4/><T70/><D70/><U74/><E0/><V97/><F97/><W129/><G129/><T115/><D115/><U93/><E74/><V123/><F123/><W60/><G95/><T15/><D65/><U86/><E36/><V28/><F28/><W48/><G38/><T67/><D67/><U10/><E10/><V79/><F79/><W101/><G101/><T105/><D105/><U80/><REACH who="1" step="1"/><E104/><REACH who="1" ten="337,78,245,330" step="2"/><V64/><F39/><W100/><G2/><T43/><D43/><U30/><E30/><V16/><F73/><W134/><G1/><T68/><D68/><U27/><E27/><V103/><F69/><W71/><G71/><T22/><D15/><U117/><E117/><V41/><F25/><W99/><G134/><T17/><D17/><U23/><E23/><V94/><F31/><W56/><G18/><T3/><D3/><U133/><E133/><V8/><F16/><W113/><G12/><T121/><D19/><U29/><E29/><V34/><F8/><W6/><G6/><T21/><D121/><U92/><E92/><V130/><F94/><N who="3" m="58487" /><G113/><T124/><D124/><U51/><E51/><V13/><F13/><W118/><G118/><T91/><D21/><U26/><E26/><V47/><F130/><W87/><G45/><AGARI ba="2,1" hai="20,22,45,50,53,81,84,91" m="61767,48649" machi="45" ten="30,2000,0" yaku="6,1,18,1" doraHai="62" who="0" fromWho="3" sc="337,36,78,0,245,0,330,-26" />
</Scene>
<Scene>
<INIT seed="4,0,0,1,5,43" ten="373,78,245,304" oya="0" hai0="110,2,120,127,46,71,14,3,0,104,30,56,91" hai1="51,32,79,94,118,63,62,93,59,124,119,25,109" hai2="33,47,10,60,20,11,44,22,102,64,106,107,117" hai3="65,29,99,21,75,87,49,135,57,5,34,58,96"/><T116/><D120/><U121/><E121/><V130/><F33/><W133/><G75/><T9/><D116/><U36/><E36/><V26/><F117/><W70/><G34/><T97/><D71/><U39/><E39/><V113/><F113/><W67/><G5/><T126/><D110/><U37/><E37/><V48/><F130/><W42/><G87/><T77/><D77/><U129/><E109/><V66/><F102/><W41/><G21/><N who="2" m="8297" /><F26/><W1/><G29/><T15/><D30/><U114/><E129/><V52/><F106/><W128/><G128/><T103/><D56/><U38/><E38/><V101/><F101/><W112/><G112/><T61/><D61/><U125/><E32/><V73/><F107/><W7/><G7/><N who="0" m="3391" /><D15/><U108/><E108/><V115/><F73/><W23/><G23/><T80/><D80/><U27/><E114/><V81/><F81/><W132/><G132/><T86/><D86/><U24/><E79/><V83/><F83/><W131/><G131/><T19/><D91/><U82/><E82/><V40/><F115/><W95/><G95/><N who="1" m="36362" /><E118/><V76/><F76/><W17/><G70/><T13/><D13/><U16/><E119/><V134/><F134/><W69/><G69/><T28/><D28/><U122/><E122/><V90/><F90/><W111/><G111/><T4/><D4/><U12/><E12/><V74/><F74/><W45/><G1/><T8/><D8/><N who="2" m="3114" /><F60/><N who="1" m="23081" /><E27/><V85/><F85/><W92/><G135/><T98/><D2/><U78/><E78/><V18/><F18/><W88/><G17/><T89/><D19/><RYUUKYOKU ba="0,0" sc="373,-10,78,-10,245,30,304,-10" hai2="40,44,47,48,52,64,66" />
</Scene>
<Scene>
<INIT seed="5,1,0,4,4,46" ten="363,68,275,294" oya="1" hai0="48,29,108,118,57,85,88,71,17,73,63,44,79" hai1="133,5,107,60,30,27,61,105,18,40,124,39,24" hai2="93,129,96,35,58,101,23,113,134,106,6,84,109" hai3="7,2,132,126,72,95,87,62,25,0,80,117,22"/><U78/><E5/><V1/><F35/><W41/><G72/><T104/><D108/><U121/><E121/><V83/><F109/><W131/><G41/><T42/><D118/><U74/><E133/><V102/><F134/><W89/><G132/><T13/><D104/><U99/><E124/><V81/><F58/><W122/><G122/><T8/><D71/><U51/><E39/><V68/><F68/><W130/><G126/><T82/><D29/><U94/><E107/><V100/><F23/><W120/><G120/><T47/><D47/><N who="1" m="26087" /><E74/><V33/><F33/><W14/><G117/><T103/><D103/><N who="2" m="39498" /><F6/><W119/><G119/><T69/><D69/><U56/><E105/><V86/><F1/><W19/><G62/><N who="1" m="24170" /><E30/><V111/><F111/><W12/><G7/><T37/><D37/><U15/><E78/><N who="2" m="46135" /><F113/><W91/><G2/><T128/><D128/><N who="3" m="49193" /><G0/><T31/><D31/><U45/><E56/><V98/><F129/><W11/><G11/><T75/><REACH who="0" step="1"/><D79/><REACH who="0" ten="353,68,275,294" step="2"/><U50/><E45/><V115/><F115/><W32/><G32/><T67/><AGARI ba="1,1" hai="8,13,17,42,44,48,57,63,67,73,75,82,85,88" machi="67" ten="20,12000,2" yaku="1,1,2,1,0,1,7,1,52,1,54,1,53,1" doraHai="46" doraHaiUra="77" who="0" fromWho="0" sc="353,133,68,-61,275,-31,294,-31" />
</Scene>
<Scene>
<INIT seed="6,0,0,3,4,40" ten="486,7,244,263" oya="2" hai0="92,135,84,133,48,27,68,38,117,80,87,98,112" hai1="10,86,3,100,42,72,59,13,36,19,79,115,26" hai2="111,34,78,131,76,57,8,82,106,30,70,23,132" hai3="33,102,94,83,77,90,88,0,119,67,134,114,89"/><V4/><F70/><W101/><G0/><T16/><D38/><U66/><E100/><V109/><F34/><W122/><G33/><T97/><D68/><U44/><E115/><V46/><F106/><W113/><G122/><T12/><D112/><N who="3" m="43113" /><G67/><T99/><D117/><U53/><E66/><V18/><F131/><W120/><G120/><T50/><D27/><U126/><E126/><V85/><F132/><N who="0" m="50762" /><D92/><U37/><E72/><V71/><F30/><W24/><G24/><T9/><D87/><U43/><E3/><N who="2" m="31" /><F57/><W1/><G134/><T21/><D9/><U2/><E2/><V39/><F71/><W116/><G1/><T125/><D125/><U60/><E26/><N who="2" m="14711" /><F78/><AGARI ba="0,0" hai="12,16,21,48,50,78,80,84,97,98,99" m="50762" machi="78" ten="30,2000,0" yaku="20,1,54,1" doraHai="40" who="0" fromWho="2" sc="486,20,7,0,244,-20,263,0" />
</Scene>
<Scene>
<INIT seed="7,0,0,5,3,121" ten="506,7,224,263" oya="3" hai0="20,104,52,91,59,29,50,134,125,27,23,17,130" hai1="10,98,124,106,96,37,36,117,118,85,135,14,123" hai2="122,93,92,4,24,87,49,57,113,35,38,64,116" hai3="127,60,44,68,61,99,56,84,21,114,120,115,19"/><W73/><G73/><T9/><D104/><U83/><E14/><V78/><F116/><W131/><G120/><T28/><D134/><U94/><E10/><V34/><F38/><W31/><G127/><T77/><D125/><U67/><E67/><V46/><F122/><W22/><G131/><T101/><D101/><U47/><E47/><V95/><F113/><N who="3" m="43019" /><G99/><T128/><D77/><U79/><E123/><V88/><F78/><W2/><G2/><T75/><D75/><U102/><E124/><V132/><F4/><W1/><G1/><T112/><D112/><U42/><E135/><V8/><F8/><W129/><G129/><N who="0" m="49771" /><D91/><U97/><E37/><V45/><F45/><W41/><G84/><T126/><D126/><U100/><E42/><V108/><F108/><W90/><G90/><T82/><D82/><U72/><E36/><V80/><F132/><W7/><G7/><T0/><D0/><U81/><E118/><V18/><F35/><W12/><G68/><T105/><D105/><U51/><E51/><V89/><F89/><W54/><G61/><T71/><D71/><U65/><E65/><V39/><F39/><N who="3" m="21567" /><G31/><N who="0" m="17895" /><D9/><AGARI ba="0,0" hai="9,12,19,21,22,54,56,60" m="21567,43019" machi="9" ten="30,1500,0" yaku="15,1" doraHai="121" who="3" fromWho="0" sc="506,-15,7,0,224,0,263,15" />
</Scene>
<Scene>
<INIT seed="7,1,0,5,1,132" ten="491,7,224,278" oya="3" hai0="92,109,106,134,86,95,48,103,72,66,30,114,41" hai1="0,61,11,55,58,68,81,82,124,120,129,131,23" hai2="33,123,67,119,88,14,104,54,90,49,115,100,64" hai3="83,10,6,57,1,60,126,69,13,4,52,91,19"/><W17/><G69/><T47/><D109/><U87/><E23/><V15/><F119/><W43/><G43/><T22/><D72/><U45/><E11/><V78/><F33/><W8/><G126/><T125/><D134/><U36/><E87/><V32/><F32/><W117/><G117/><T97/><D125/><U96/><E96/><V71/><F71/><W28/><G28/><T121/><D121/><U135/><E82/><V53/><F104/><W77/><G91/><N who="2" m="34857" /><F115/><W38/><G38/><T5/><D5/><U37/><E81/><V51/><F123/><W107/><REACH who="3" step="1"/><G107/><REACH who="3" ten="491,7,224,268" step="2"/><N who="0" m="63983" /><D41/><U16/><E124/><V105/><F105/><W76/><G76/><T56/><D106/><U80/><E135/><V63/><F78/><W93/><G93/><T73/><D92/><U20/><E37/><V35/><F35/><W98/><G98/><T44/><D95/><U50/><E36/><V85/><F100/><W34/><G34/><T12/><D30/><U130/><E68/><V24/><F85/><AGARI ba="1,1" hai="1,4,6,8,10,13,17,19,52,57,60,77,83,85" machi="85" ten="30,5800,0" yaku="1,1,7,1,54,1,53,0" doraHai="132" doraHaiUra="27" who="3" fromWho="2" sc="491,0,7,0,224,-61,268,71" />
</Scene>
<Scene>
<INIT seed="7,2,0,2,5,41" ten="491,7,163,339" oya="3" hai0="44,48,76,9,49,95,4,126,71,39,73,1,120" hai1="17,27,106,69,31,108,7,103,59,80,32,85,56" hai2="92,123,42,100,29,118,112,65,135,116,117,2,105" hai3="81,8,97,93,62,52,55,34,115,129,83,90,15"/><W25/><G115/><T57/><D120/><U30/><E108/><V77/><F105/><W131/><G34/><T104/><D104/><U50/><E7/><V132/><F77/><W66/><G25/><T46/><D71/><U110/><E110/><V98/><F2/><W37/><G37/><T18/><D126/><U28/><E56/><V58/><F112/><W124/><G124/><T74/><D95/><U33/><E59/><V128/><F128/><W82/><G131/><T102/><D102/><U12/><E85/><V101/><F42/><W111/><G111/><T54/><D76/><U67/><E80/><V72/><F72/><W21/><G129/><T99/><D99/><U36/><E36/><V68/><F68/><W133/><G133/><N who="2" m="51273" /><F29/><W3/><G3/><T47/><D39/><U23/><E33/><V19/><F19/><W94/><G94/><T26/><REACH who="0" step="1"/><D49/><REACH who="0" ten="481,7,163,339" step="2"/><U134/><E134/><V38/><F38/><W64/><G21/><AGARI ba="2,1" hai="1,4,9,18,21,26,44,46,47,48,54,57,73,74" machi="21" ten="40,16000,3" yaku="1,1,2,1,52,3,53,3" doraHai="41" doraHaiUra="43" who="0" fromWho="3" sc="481,176,7,0,163,0,339,-166" owari="657,76.0,7,-49.0,163,-24.0,173,-3.0" />
</Scene>
</mjloggm>