<mjloggm ver="2.3"><GO type="41"/><UN n0="%74%65%6E%6B%75%35" n1="%E5%A4%AA%E3%81%8F%E3%81%AA%E3%81%84%E3%81%8A" n2="%E3%81%9B%E3%82%93%E3%81%9F%E3%82%93" n3="%43%53%42%4F%59" dan="15,13,14,13" rate="1985,1932,1930,1937" sx="M,M,F,M"/><TAIKYOKU oya="0"/>

<Scene>
<INIT seed="0,0,0,1,4,2" ten="250,250,250,250" oya="0" hai0="3,93,105,101,63,116,28,113,96,59,26,110,81" hai1="122,34,95,131,54,29,107,85,100,115,51,32,43" hai2="39,119,128,89,6,47,56,55,72,78,16,65,60" hai3="24,121,52,86,129,48,57,9,20,117,87,14,42"/><T114/><D116/><U46/><E122/><V17/><F72/><W41/><G117/><T104/><D3/><U94/><E131/><V83/><F119/><W15/><G129/><T53/><D110/><U84/><E115/><V92/><F128/><W91/><G121/><T5/><D81/><U1/><E1/><V127/><F127/><W10/><G86/><T103/><D103/><U77/><E107/><V69/><F6/><W118/><G118/><T18/><D18/><U8/><E8/><V80/><F83/><W4/><G24/><T19/><D19/><U123/><E123/><V30/><F30/><W31/><G31/><T88/><D104/><U0/><E0/><V67/><F65/><W132/><G20/><T102/><D105/><U106/><E106/><V82/><F78/><W25/><G25/><T7/><D102/><U27/><E34/><V58/><F56/><W75/><G75/><T125/><D101/><U66/><E66/><V13/><F39/><W79/><G79/><T133/><D133/><U33/><E33/><V50/><F47/><W21/><G21/><T37/><D37/><U74/><E74/><V111/><F111/><W12/><G132/><T22/><REACH who="0" step="1"/><D125/><REACH who="0" ten="240,250,250,250" step="2"/><U108/><E108/><V64/><F17/><N who="3" m="8335" /><G15/><T135/><D135/><U134/><E134/><V49/><F80/><AGARI ba="0,1" hai="4,10,14,41,42,48,52,57,80,87,91" m="8335" machi="80" ten="30,3900,0" yaku="8,1,52,1,54,1" doraHai="2" who="3" fromWho="2" sc="240,0,250,0,250,-39,250,49" />
</Scene>
<Scene>
<INIT seed="1,0,0,3,5,134" ten="240,250,211,299" oya="1" hai0="46,117,32,57,67,90,135,26,112,0,34,120,52" hai1="93,61,28,50,44,103,70,29,122,15,12,111,113" hai2="47,107,131,106,81,9,105,53,39,76,2,109,65" hai3="115,89,20,58,59,126,56,77,24,33,88,100,4"/><U128/><E122/><V79/><F65/><W41/><G115/><T1/><D112/><U91/><E113/><V116/><F116/><W51/><G33/><T68/><D117/><U99/><E128/><V13/><F109/><W133/><G133/><T85/><D135/><U102/><E111/><V118/><F118/><W35/><G35/><T25/><D46/><U94/><E70/><V66/><F66/><W54/><G100/><N who="1" m="38442" /><E61/><V31/><F31/><N who="1" m="11849" /><E94/><V64/><F64/><W43/><G4/><T108/><D67/><U121/><E121/><V74/><F79/><W97/><G77/><T6/><D68/><U7/><E7/><N who="2" m="1271" /><F53/><AGARI ba="0,0" hai="12,15,44,50,53,91,93,99" m="11849,38442" machi="53" ten="30,1500,0" yaku="8,1" doraHai="134" who="1" fromWho="2" sc="240,0,250,15,211,-15,299,0" />
</Scene>
<Scene>
<INIT seed="1,1,0,2,5,31" ten="240,265,196,299" oya="1" hai0="55,126,26,88,90,27,70,34,113,105,78,92,110" hai1="94,68,93,102,122,84,101,23,127,67,65,115,112" hai2="39,73,57,64,120,51,129,81,97,89,66,107,75" hai3="108,43,10,79,50,100,82,128,47,42,96,111,91"/><U18/><E122/><V95/><F120/><W99/><G128/><T25/><D105/><U44/><E127/><V46/><F129/><W87/><G10/><T3/><D3/><U85/><E44/><V86/><F39/><W119/><G119/><T125/><D113/><U56/><E68/><V35/><F35/><W5/><G5/><T71/><D78/><U123/><E123/><V130/><F130/><W53/><G91/><T98/><D110/><N who="3" m="42025" /><G96/><T58/><D90/><U33/><E56/><V83/><F81/><W61/><G61/><T103/><D103/><U49/><E49/><V117/><F117/><W9/><G9/><T134/><D134/><U106/><E23/><V48/><F75/><W12/><G12/><T1/><D1/><U16/><E106/><AGARI ba="1,0" hai="42,43,47,50,53,79,82,87,99,100,106" m="42025" machi="106" ten="30,1000,0" yaku="14,1" doraHai="31" who="3" fromWho="1" sc="240,0,265,-13,196,0,299,13" />
</Scene>
<Scene>
<INIT seed="2,0,0,1,3,42" ten="240,252,196,312" oya="2" hai0="62,17,10,87,70,132,112,114,103,108,48,75,63" hai1="54,68,131,25,74,78,111,101,116,71,113,30,28" hai2="40,23,14,43,61,95,80,12,96,53,118,125,46" hai3="123,37,109,51,18,20,59,32,36,19,29,50,27"/><V93/><F118/><W98/><G123/><T135/><D75/><U89/><E116/><V99/><F125/><W2/><G2/><T129/><D103/><U64/><E113/><N who="0" m="43625" /><D87/><U41/><E101/><N who="2" m="60559" /><F80/><W127/><G127/><T77/><D77/><U16/><E41/><N who="2" m="15947" /><F23/><W65/><G19/><T44/><D17/><U3/><E3/><V82/><F82/><W33/><G33/><T126/><D10/><U22/><E74/><V47/><F61/><W0/><G0/><T67/><D126/><U91/><E78/><V83/><F83/><W76/><G76/><T66/><D108/><U8/><E111/><V45/><F53/><W100/><G109/><T1/><D1/><U86/><E54/><V9/><F9/><W119/><G37/><T60/><D129/><U104/><E131/><V73/><F73/><W56/><G36/><T122/><D122/><U121/><E121/><V55/><F55/><W52/><G119/><T107/><D107/><U130/><E104/><V110/><F110/><W31/><G32/><T21/><D21/><U35/><E35/><V5/><F5/><W128/><G128/><T15/><D15/><U124/><E130/><V38/><F38/><W24/><G31/><T6/><D6/><U13/><E124/><V133/><F133/><N who="0" m="51274" /><D70/><U49/><E68/><V7/><F7/><W26/><G20/><T84/><D84/><U85/><E30/><V34/><F34/><W117/><G117/><T102/><D102/><AGARI ba="0,0" hai="12,14,45,46,47,95,99,102" m="15947,60559" machi="102" ten="30,11600,0" yaku="8,1,52,3" doraHai="42" who="2" fromWho="0" sc="240,-116,252,0,196,116,312,0" />
</Scene>
<Scene>
<INIT seed="2,1,0,4,5,93" ten="124,252,312,312" oya="2" hai0="5,72,80,35,19,94,59,73,85,124,41,40,119" hai1="101,77,104,63,106,114,7,55,56,92,14,45,79" hai2="1,13,38,3,60,23,81,32,128,121,84,44,100" hai3="98,99,25,33,71,15,24,120,53,10,134,126,54"/><V105/><F121/><W2/><G2/><T6/><D35/><U108/><E114/><V28/><F32/><W52/><G120/><T110/><D110/><U36/><E108/><V111/><F105/><W43/><G71/><T20/><D119/><U27/><E27/><N who="3" m="10314" /><G33/><T122/><D122/><U34/><E34/><V66/><F100/><W42/><G134/><T103/><D124/><U125/><E125/><V107/><F107/><W96/><G126/><T26/><D72/><U16/><E7/><AGARI ba="1,0" hai="7,10,15,42,43,52,53,54,96,98,99" m="10314" machi="7" ten="30,8000,1" yaku="8,1,52,3,54,1" doraHai="93" who="3" fromWho="1" sc="124,0,252,-83,312,0,312,83" />
</Scene>
<Scene>
<INIT seed="3,0,0,0,5,68" ten="124,169,312,395" oya="3" hai0="76,79,51,52,66,26,117,84,80,73,0,6,130" hai1="32,96,85,1,67,115,120,64,44,35,69,111,49" hai2="88,107,134,34,38,116,72,12,133,15,42,83,101" hai3="121,87,30,125,29,108,23,99,53,74,92,123,18"/><W82/><G74/><T39/><D117/><U100/><E115/><V62/><F116/><W43/><G123/><T131/><D66/><U25/><E120/><V37/><F34/><W7/><G121/><T97/><D26/><U56/><E1/><V45/><F101/><W60/><G7/><T112/><D97/><U78/><E69/><V4/><F107/><W81/><G43/><T21/><D21/><U54/><E111/><V128/><F62/><W135/><G108/><T28/><D28/><U58/><E25/><V14/><F4/><W41/><G41/><T17/><D17/><U33/><E67/><V119/><F119/><W27/><G135/><N who="2" m="51721" /><F128/><W75/><G75/><T103/><D103/><U13/><E13/><V127/><F127/><W126/><G82/><T19/><D0/><U110/><E110/><V46/><F45/><W113/><G113/><T91/><D6/><U95/><REACH who="1" step="1"/><E64/><REACH who="1" ten="124,159,312,395" step="2"/><V93/><F14/><W109/><G109/><T2/><D2/><U124/><E124/><V36/><F12/><W47/><G126/><T70/><D70/><U65/><E65/><V3/><F15/><W5/><G125/><T77/><D112/><U50/><E50/><V98/><F3/><W40/><G27/><T57/><D130/><U22/><E22/><V132/><F132/><W10/><G23/><T118/><D131/><U129/><E129/><V63/><F63/><W90/><G60/><T20/><D118/><U48/><E48/><V31/><F31/><W114/><G30/><T59/><D39/><U105/><E105/><V55/><F55/><W102/><G53/><RYUUKYOKU ba="0,1" sc="124,-15,159,15,312,15,395,-15" hai1="32,33,35,44,49,54,56,58,78,85,95,96,100" hai2="36,37,38,42,46,72,83,88,93,98" />
</Scene>
<Scene>
<INIT seed="4,1,1,3,5,96" ten="109,174,327,380" oya="0" hai0="59,123,30,4,39,80,134,15,64,1,10,89,116" hai1="81,92,119,55,135,48,37,102,97,115,45,85,133" hai2="76,43,111,120,132,108,47,117,26,5,86,9,114" hai3="107,78,84,82,56,77,24,60,32,13,34,99,90"/><T33/><D123/><U122/><E122/><V105/><F105/><W6/><G107/><T27/><D116/><U112/><E119/><V41/><F117/><W118/><G118/><T65/><D39/><U17/><E37/><V88/><F120/><W29/><G32/><T127/><D134/><N who="1" m="51211" /><E17/><V23/><F132/><W3/><G3/><T103/><D127/><U125/><E125/><V71/><F71/><W49/><G49/><T50/><D1/><U42/><E42/><V70/><F70/><W93/><G13/><T22/><D33/><U25/><E25/><V73/><F76/><AGARI ba="1,1" hai="45,48,55,76,81,85,92,97,102,112,115" m="51211" machi="76" ten="30,2000,0" yaku="20,1,52,1" doraHai="96" who="1" fromWho="2" sc="109,0,174,33,327,-23,380,0" />
</Scene>
<Scene>
<INIT seed="5,0,0,5,0,124" ten="109,207,304,380" oya="1" hai0="22,95,97,93,49,133,40,3,132,19,11,57,43" hai1="112,69,77,87,64,9,28,2,89,47,88,116,23" hai2="33,14,108,109,13,56,135,45,31,82,44,105,51" hai3="75,122,129,63,99,20,60,113,84,37,5,52,123"/><U7/><E116/><V16/><F105/><W0/><G37/><T104/><D104/><U26/><E112/><V119/><F119/><W90/><G113/><T39/><D39/><U27/><E47/><V117/><F117/><W86/><G75/><T36/><D36/><U100/><E100/><V83/><F33/><W15/><G0/><T103/><D132/><U114/><E114/><V71/><F31/><W81/><G86/><T34/><D34/><U92/><E27/><V91/><F71/><W85/><G85/><T24/><D133/><U79/><REACH who="1" step="1"/><E89/><REACH who="1" ten="109,197,304,380" step="2"/><V6/><F91/><W25/><G90/><T70/><D70/><U78/><E78/><V98/><F135/><W67/><G25/><T1/><D43/><U106/><E106/><V61/><F108/><W96/><G122/><T115/><D115/><U73/><E73/><V21/><F109/><W80/><G123/><T55/><D40/><U72/><E72/><V50/><F82/><W131/><G80/><T17/><D3/><U53/><E53/><V134/><F83/><W68/><G52/><T29/><D1/><U126/><E126/><V59/><F134/><W18/><G81/><T101/><REACH who="0" step="1"/><D11/><REACH who="0" ten="99,197,304,380" step="2"/><U32/><E32/><V110/><F110/><W46/><G129/><T58/><D58/><U66/><E66/><V94/><F59/><W54/><G131/><T10/><D10/><U30/><E30/><V41/><F56/><W76/><G67/><T74/><D74/><U38/><E38/><V121/><F41/><W128/><G128/><T35/><D35/><U48/><E48/><V65/><F51/><RYUUKYOKU ba="0,2" sc="99,15,197,15,304,-15,380,-15" hai0="17,19,22,24,29,49,55,57,93,95,97,101,103" hai1="2,7,9,23,26,28,64,69,77,79,87,88,92" />
</Scene>
<Scene>
<INIT seed="5,1,2,5,4,58" ten="114,212,289,365" oya="1" hai0="100,98,48,9,75,82,24,109,103,8,42,5,113" hai1="31,72,30,62,81,104,123,130,135,84,131,52,69" hai2="95,28,127,120,80,43,23,118,33,122,124,66,77" hai3="73,13,16,15,51,10,89,22,110,7,114,57,128"/><U99/><E123/><V21/><F118/><W79/><G110/><T101/><D109/><U27/><E72/><V45/><F66/><W11/><G114/><T126/><D113/><U4/><E4/><V59/><F59/><W55/><G128/><N who="1" m="49194" /><E135/><V32/><F95/><W70/><G70/><T96/><D24/><U76/><E27/><N who="2" m="18463" /><F33/><W25/><G79/><T3/><D126/><N who="2" m="48170" /><F21/><W49/><G73/><T38/><D9/><U54/><E69/><V40/><F23/><W60/><G89/><T17/><D17/><AGARI ba="1,2" hai="7,10,11,13,15,16,17,22,25,49,51,55,57,60" machi="17" ten="30,7700,0" yaku="7,1,8,1,52,1,54,1" doraHai="58" who="3" fromWho="0" sc="114,-80,212,0,289,0,365,100" />
</Scene>
<Scene>
<INIT seed="6,0,0,2,2,73" ten="34,212,289,465" oya="2" hai0="15,121,54,109,71,33,83,18,90,91,79,124,51" hai1="104,53,64,93,28,111,25,82,94,32,85,23,97" hai2="34,131,38,35,14,108,70,132,24,62,122,129,133" hai3="11,117,13,66,69,45,106,9,123,7,127,41,89"/><V107/><F122/><W59/><G117/><T4/><D121/><U125/><E111/><V55/><F107/><W8/><G123/><T118/><D71/><U17/><E125/><V20/><F108/><W16/><G106/><T39/><D109/><U0/><E0/><V126/><F38/><W63/><G69/><T19/><D118/><U116/><E116/><V27/><F14/><N who="3" m="5407" /><G127/><T100/><D39/><U1/><E1/><V48/><F62/><W81/><G41/><T92/><D124/><U105/><E64/><V3/><F70/><W78/><G45/><T95/><D33/><N who="2" m="12298" /><F3/><W65/><G65/><T57/><D100/><U87/><E53/><V40/><F40/><W58/><G78/><T128/><D128/><N who="2" m="49226" /><F126/><W46/><G58/><T98/><D4/><U103/><E104/><V77/><F77/><W26/><G46/><T101/><D15/><U75/><E75/><V115/><F115/><W61/><G63/><T102/><D102/><U60/><E60/><V37/><F37/><W52/><G66/><T135/><D135/><N who="2" m="51786" /><F20/><W99/><G61/><T50/><D50/><U44/><E105/><V120/><F120/><W67/><G67/><T6/><D6/><U21/><E21/><V84/><F84/><W56/><G56/><AGARI ba="0,0" hai="24,27,48,55,56" m="51786,49226,12298" machi="56" ten="40,3900,0" yaku="19,1,20,1" doraHai="73" who="2" fromWho="3" sc="34,0,212,0,289,39,465,-39" />
</Scene>
<Scene>
<INIT seed="6,1,0,2,2,82" ten="34,212,328,426" oya="2" hai0="134,6,128,127,16,61,8,123,90,35,50,85,43" hai1="58,76,39,20,125,63,105,133,22,27,110,135,19" hai2="132,116,130,101,96,109,24,108,107,45,103,92,71" hai3="14,62,117,25,28,44,9,70,81,11,69,65,131"/><V57/><F130/><W112/><G117/><T111/><D128/><U119/><E119/><V34/><F132/><N who="1" m="50761" /><E110/><N who="2" m="42603" /><F116/><W15/><G131/><T0/><D134/><U83/><E39/><V3/><F71/><W48/><G112/><T29/><D123/><U106/><E125/><V53/><F45/><W21/><G81/><T13/><D127/><U91/><E91/><N who="2" m="55327" /><F3/><W51/><G70/><T93/><D61/><U95/><E22/><V47/><F47/><W32/><G32/><T78/><D111/><U87/><E95/><V68/><F68/><W12/><G48/><T2/><D78/><U37/><E37/><V42/><F42/><W1/><REACH who="3" step="1"/><G1/><REACH who="3" ten="34,212,328,416" step="2"/><T74/><D74/><U79/><E79/><V99/><F34/><W115/><G115/><T33/><D2/><U56/><E76/><V75/><F75/><W104/><G104/><T121/><D121/><U102/><E105/><V118/><F118/><W59/><G59/><T41/><D50/><U80/><E58/><V17/><F107/><W38/><G38/><T100/><D100/><U54/><E102/><V26/><F99/><W36/><G36/><T72/><D72/><U23/><E106/><V49/><F24/><W89/><G89/><T64/><D64/><U129/><E129/><V94/><F94/><W126/><G126/><T120/><D120/><U40/><E56/><V18/><F26/><W124/><G124/><T67/><D67/><U30/><E27/><V113/><F113/><W84/><G84/><T5/><D35/><U60/><E87/><V98/><F98/><W55/><AGARI ba="1,1" hai="9,11,12,14,15,21,25,28,44,51,55,62,65,69" machi="55" ten="30,2000,0" yaku="1,1,0,1,53,0" doraHai="82" doraHaiUra="77" who="3" fromWho="3" sc="34,-6,212,-6,328,-11,416,33" />
</Scene>
<Scene>
<INIT seed="7,0,0,5,1,109" ten="28,206,317,449" oya="3" hai0="122,88,2,73,75,120,86,36,12,3,50,85,126" hai1="96,54,81,47,93,26,38,52,129,1,34,5,97" hai2="113,79,11,22,60,14,66,59,99,101,53,82,71" hai3="43,72,63,115,77,84,7,67,46,69,15,51,55"/><W62/><G72/><T29/><D50/><U74/><E129/><V13/><F22/><W10/><G115/><T64/><D64/><U68/><E68/><V90/><F90/><W58/><G77/><T37/><D29/><U131/><E131/><V121/><F11/><W6/><G84/><T133/><D12/><U135/><E135/><V123/><F121/><W117/><G117/><T48/><D48/><U45/><E34/><V41/><F41/><W78/><G78/><T98/><D133/><U30/><E74/><V35/><F35/><W130/><G130/><T25/><D25/><U20/><E81/><V23/><F23/><W0/><G0/><T32/><D32/><U132/><E132/><V83/><F82/><W87/><G87/><T8/><D98/><U110/><E110/><V39/><F39/><W56/><G69/><T49/><D49/><U134/><E134/><V119/><F119/><W112/><G112/><T18/><D18/><AGARI ba="0,0" hai="6,7,10,15,18,43,46,51,55,56,58,62,63,67" machi="18" ten="30,2900,0" yaku="7,1,8,1" doraHai="109" who="3" fromWho="0" sc="28,-29,206,0,317,0,449,29" owari="-1,-50.0,206,-19.0,317,12.0,478,57.0" />
</Scene>
</mjloggm>