<mjloggm ver="2.3"><GO type="169"/><UN n0="%78%72%63%35%32%34%32%38" n1="%E2%98%85%E3%82%86%E3%83%BC%E2%98%86" n2="%E5%A4%AA%E3%81%8F%E3%81%AA%E3%81%84%E3%81%8A" n3="%E3%82%AB%E3%83%BC%E3%83%AB%EF%BC%93%E4%B8%96" dan="16,17,16,16" rate="2138,2170,2095,2068" sx="M,M,M,M"/><TAIKYOKU oya="0"/>

<Scene>
<INIT seed="0,0,0,0,1,8" ten="250,250,250,250" oya="0" hai0="82,6,2,48,19,88,14,124,16,1,94,79,123" hai1="73,116,100,32,63,71,49,52,91,130,85,22,117" hai2="110,92,121,18,7,135,9,112,47,77,99,74,43" hai3="72,27,80,11,118,20,122,15,61,40,115,46,33"/><T24/><D123/><U89/><E32/><V54/><F121/><W53/><G122/><T70/><D70/><U62/><E73/><V35/><F112/><W97/><G115/><T105/><D105/><U101/><E130/><V84/><F35/><W64/><G118/><T26/><D124/><U23/><E71/><V66/><F110/><W12/><G33/><T114/><D114/><U56/><E117/><V55/><F135/><W10/><G53/><T113/><D113/><U109/><E109/><V21/><F66/><W69/><G97/><N who="0" m="57543" /><D1/><U44/><E63/><V3/><F84/><W78/><G11/><N who="0" m="4471" /><D2/><U37/><E37/><V17/><F77/><W104/><G10/><T39/><D39/><U81/><E91/><V58/><F74/><W68/><G104/><T31/><D48/><U41/><E116/><V133/><F133/><W127/><G68/><T95/><D95/><U131/><E131/><V75/><F75/><W50/><REACH who="3" step="1"/><G127/><REACH who="3" ten="250,250,250,240" step="2"/><T93/><D93/><U126/><E126/><V51/><F92/><W90/><G90/><T29/><D79/><U25/><REACH who="1" step="1"/><E23/><REACH who="1" ten="250,240,250,240" step="2"/><V42/><F21/><W129/><G129/><T119/><D119/><U60/><E60/><V86/><F99/><W28/><AGARI ba="0,2" hai="12,15,20,27,28,40,46,50,61,64,69,72,78,80" machi="28" ten="20,12000,2" yaku="1,1,0,1,7,1,52,2,53,1" doraHai="8" doraHaiUra="36" who="3" fromWho="3" sc="250,-60,240,-30,250,-30,240,140" />
</Scene>
<Scene>
<INIT seed="1,0,0,2,3,60" ten="190,210,220,380" oya="1" hai0="118,115,120,6,84,12,97,82,29,14,41,20,105" hai1="109,110,78,8,74,50,134,24,30,17,87,89,32" hai2="129,43,93,22,65,5,13,44,92,72,90,119,133" hai3="85,35,0,67,4,63,25,114,91,68,55,11,59"/><U45/><E78/><V76/><F119/><W130/><G130/><T36/><D115/><U23/><E74/><V132/><F129/><W26/><G114/><T77/><D118/><U2/><E134/><N who="2" m="51819" /><F72/><W51/><REACH who="3" step="1"/><G35/><REACH who="3" ten="190,210,220,370" step="2"/><T106/><D120/><U42/><E32/><V104/><F104/><W58/><G58/><T33/><D33/><U70/><E70/><V88/><F44/><W131/><G131/><T135/><D106/><U56/><E56/><V52/><F76/><W100/><G100/><T38/><D105/><U21/><E2/><V27/><F90/><W125/><G125/><T75/><D77/><U57/><E57/><V3/><F88/><W113/><G113/><T117/><D135/><U48/><E8/><V98/><F3/><W40/><G40/><T62/><D41/><U69/><E69/><V107/><F43/><W128/><G128/><T83/><D117/><U108/><E42/><V80/><F107/><W16/><G16/><T99/><D75/><U95/><REACH who="1" step="1"/><E45/><REACH who="1" ten="190,200,220,370" step="2"/><V96/><F22/><W19/><G19/><T1/><D20/><U47/><E47/><V101/><F5/><W79/><G79/><T18/><D6/><U39/><E39/><V34/><F34/><W127/><G127/><T102/><D18/><U53/><E53/><V116/><F52/><W71/><G71/><T123/><D38/><U81/><E81/><AGARI ba="0,2" hai="0,4,11,25,26,51,55,59,63,67,68,81,85,91" machi="81" ten="30,3900,0" yaku="1,1,7,1,52,1,53,0" doraHai="60" doraHaiUra="126" who="3" fromWho="1" sc="190,0,200,-39,220,0,370,59" />
</Scene>
<Scene>
<INIT seed="2,0,0,3,1,116" ten="190,161,220,429" oya="2" hai0="46,101,132,17,71,2,11,64,68,44,52,54,47" hai1="121,1,38,126,109,34,111,58,93,80,37,102,30" hai2="133,50,3,105,85,29,31,40,0,134,120,135,112" hai3="19,119,20,90,74,42,84,82,5,25,83,15,51"/><V125/><F112/><W100/><G119/><T6/><D132/><U39/><E1/><N who="2" m="587" /><F105/><W131/><G131/><T81/><D101/><U87/><E58/><V114/><F114/><W89/><G100/><T14/><D64/><U10/><E10/><V65/><F65/><W77/><G74/><T4/><D81/><U23/><E34/><V35/><F35/><W60/><G82/><T63/><D63/><U128/><E128/><V76/><F125/><W8/><G60/><T7/><REACH who="0" step="1"/><D2/><REACH who="0" ten="180,161,220,429" step="2"/><U70/><E80/><N who="2" m="47239" /><F120/><W110/><G110/><T33/><D33/><U72/><E121/><V107/><F107/><W69/><G69/><AGARI ba="0,1" hai="4,6,7,11,14,17,44,46,47,52,54,68,69,71" machi="69" ten="50,3200,0" yaku="1,1,54,1,53,0" doraHai="116" doraHaiUra="62" who="0" fromWho="3" sc="180,42,161,0,220,0,429,-32" />
</Scene>
<Scene>
<INIT seed="3,0,0,4,1,45" ten="222,161,220,397" oya="3" hai0="125,60,54,114,99,33,51,123,96,82,32,80,18" hai1="21,98,70,97,95,86,77,112,102,128,43,23,3" hai2="131,16,107,10,126,104,29,63,103,38,20,17,88" hai3="27,52,127,66,49,53,105,109,113,13,4,101,119"/><W31/><G119/><T26/><D123/><U79/><E70/><V75/><F75/><W132/><G113/><T106/><D125/><U7/><E112/><V100/><F38/><W5/><G127/><T6/><D6/><U62/><E128/><V30/><F126/><W59/><G105/><T71/><D33/><U58/><E43/><V61/><F131/><W8/><G101/><T15/><D114/><U78/><E3/><V55/><F10/><W84/><G132/><T134/><D134/><U42/><E7/><V41/><F41/><W9/><G66/><T93/><D60/><U44/><E97/><V57/><F57/><W35/><G109/><T94/><D71/><U129/><E86/><V89/><F20/><W111/><G111/><T122/><D26/><U87/><E87/><V36/><F36/><W14/><G84/><T133/><D32/><U46/><E129/><V24/><F24/><W56/><G53/><AGARI ba="0,0" hai="16,17,29,30,53,55,61,63,88,89,100,103,104,107" machi="53" ten="25,6400,0" yaku="22,2,54,2" doraHai="45" who="2" fromWho="3" sc="222,0,161,0,220,64,397,-64" />
</Scene>
<Scene>
<INIT seed="4,0,0,4,4,133" ten="222,161,284,333" oya="0" hai0="12,0,49,131,116,60,23,8,9,120,113,80,107" hai1="63,122,39,96,46,32,6,47,16,68,45,42,92" hai2="83,14,2,64,54,71,102,67,132,48,81,94,101" hai3="69,20,93,104,119,86,76,72,87,10,99,85,97"/><T11/><D116/><U27/><E122/><V105/><F2/><W34/><G34/><T43/><D120/><U66/><E6/><V41/><F105/><W123/><G69/><T25/><D107/><U17/><E32/><V73/><F41/><W18/><G123/><T19/><D131/><U36/><E27/><V103/><F132/><W56/><G119/><T65/><D113/><U51/><E45/><V53/><F71/><W112/><G112/><T88/><D0/><U74/><E74/><V114/><F114/><W37/><G37/><T28/><D49/><U95/><E95/><V108/><F108/><W75/><G56/><N who="0" m="36999" /><D43/><U26/><E26/><V7/><F94/><W30/><G30/><T91/><D80/><N who="2" m="30794" /><F73/><N who="3" m="28235" /><G10/><AGARI ba="0,0" hai="8,9,10,11,12,19,23,25,28,88,91" m="36999" machi="10" ten="30,2900,0" yaku="8,1,54,1" doraHai="133" who="0" fromWho="3" sc="222,29,161,0,284,0,333,-29" />
</Scene>
<Scene>
<INIT seed="4,1,0,0,5,120" ten="251,161,284,304" oya="0" hai0="110,62,108,96,15,21,32,50,125,128,44,129,53" hai1="51,30,115,124,58,42,24,78,89,0,121,55,60" hai2="73,68,17,85,67,14,113,65,112,23,11,27,33" hai3="29,49,84,83,93,10,61,131,26,116,19,36,109"/><T69/><D32/><U18/><E121/><V117/><F73/><W127/><G36/><T56/><D69/><U54/><E0/><V134/><F33/><W133/><G116/><T66/><D96/><U13/><E124/><V103/><F117/><W6/><G127/><T40/><D125/><U86/><E115/><N who="2" m="44107" /><F134/><W52/><G133/><T47/><D21/><U71/><E42/><V77/><F103/><W80/><G131/><N who="0" m="50251" /><D15/><U37/><E37/><AGARI ba="1,0" hai="37,40,44,47,50,53,56,62,66,108,110" m="50251" machi="37" ten="30,12000,1" yaku="19,1,34,2,52,2" doraHai="120" who="0" fromWho="1" sc="251,123,161,-123,284,0,304,0" />
</Scene>
<Scene>
<INIT seed="4,2,0,0,2,81" ten="374,38,284,304" oya="0" hai0="35,27,112,31,53,96,22,48,78,91,101,0,64" hai1="56,106,67,61,95,90,87,50,39,80,108,11,74" hai2="46,44,23,24,115,102,52,77,69,2,43,127,59" hai3="71,93,34,92,9,49,38,57,65,10,7,51,62"/><T94/><D0/><U66/><E108/><V5/><F69/><W134/><G38/><T122/><D122/><U30/><E39/><V1/><F102/><W88/><G34/><T47/><D112/><U130/><E130/><V40/><F77/><W37/><G37/><T79/><D64/><U82/><E106/><V121/><F121/><W104/><G104/><T73/><D73/><U18/><E30/><V109/><F109/><W103/><G134/><T76/><REACH who="0" step="1"/><D35/><REACH who="0" ten="364,38,284,304" step="2"/><U16/><E67/><V68/><F2/><W111/><G111/><T129/><D129/><U85/><E74/><V41/><F115/><W13/><G65/><T12/><D12/><N who="1" m="7199" /><E18/><V132/><F1/><W42/><G13/><T32/><D32/><U107/><E107/><V75/><F75/><W125/><G7/><T123/><D123/><U89/><E50/><V63/><F5/><W26/><G51/><T29/><D29/><U54/><E66/><V19/><F68/><W110/><G49/><T126/><D126/><U60/><E60/><V133/><REACH who="2" step="1"/><F127/><REACH who="2" ten="364,38,274,304" step="2"/><W3/><G125/><T20/><D20/><U99/><E99/><V131/><F131/><W105/><G3/><T98/><D98/><U21/><E21/><V118/><F118/><W45/><G71/><T117/><D117/><U36/><E36/><V100/><F100/><AGARI ba="2,2" hai="22,27,31,47,48,53,76,78,79,91,94,96,100,101" machi="100" ten="40,3900,0" yaku="1,1,8,1,53,0" doraHai="81" doraHaiUra="4" who="0" fromWho="2" sc="364,65,38,0,274,-45,304,0" />
</Scene>
<Scene>
<INIT seed="4,3,0,3,4,132" ten="429,38,229,304" oya="0" hai0="85,78,41,15,13,61,27,22,47,63,29,121,34" hai1="17,76,10,129,57,4,3,98,31,53,94,89,66" hai2="58,120,59,8,48,26,127,44,62,114,45,107,7" hai3="97,133,110,25,12,56,2,128,42,95,96,0,119"/><T93/><D121/><U28/><E129/><V125/><F120/><W83/><G119/><T21/><D34/><U64/><E76/><V46/><F107/><W117/><G117/><T32/><D32/><U20/><E66/><V23/><F114/><W55/><G110/><T70/><D70/><U115/><E64/><V80/><F80/><W1/><G133/><T91/><D78/><U68/><E68/><V130/><F130/><W135/><G135/><T5/><D13/><U131/><E115/><V111/><F48/><W69/><G69/><T122/><D122/><U36/><E36/><V33/><F33/><W101/><G42/><T72/><D72/><U90/><E90/><V77/><F77/><W75/><G128/><T35/><D35/><U108/><E108/><V99/><F99/><W86/><G75/><T19/><REACH who="0" step="1"/><D5/><REACH who="0" ten="419,38,229,304" step="2"/><U124/><E131/><V43/><F111/><W6/><G12/><T71/><D71/><U79/><E79/><V50/><F7/><W51/><G6/><T60/><D60/><U11/><E11/><V30/><F8/><W106/><G25/><T74/><D74/><U87/><E124/><N who="2" m="47691" /><F62/><W103/><G0/><T37/><AGARI ba="3,1" hai="15,19,21,22,27,29,37,41,47,61,63,85,91,93" machi="37" ten="20,7800,0" yaku="1,1,0,1,7,1,53,1" doraHai="132" doraHaiUra="38" who="0" fromWho="0" sc="419,97,38,-29,229,-29,304,-29" />
</Scene>
<Scene>
<INIT seed="4,4,0,5,2,64" ten="516,9,200,275" oya="0" hai0="34,36,40,39,109,97,33,134,121,57,38,8,60" hai1="129,41,85,118,102,99,133,32,29,27,106,84,126" hai2="16,18,128,100,63,120,47,50,0,71,1,90,93" hai3="19,42,117,10,23,125,132,24,107,115,3,111,70"/><T110/><D121/><U2/><E118/><V95/><F120/><W46/><G117/><T26/><D8/><U62/><E2/><V37/><F37/><W82/><G111/><N who="0" m="42507" /><D134/><U58/><E133/><V6/><F128/><W78/><G132/><T35/><D97/><U88/><E129/><V72/><F72/><N who="3" m="43335" /><G107/><T94/><D94/><U9/><E126/><V4/><F100/><W77/><G77/><T15/><D15/><U44/><E9/><V12/><F63/><W105/><G105/><T55/><D40/><U7/><E7/><V11/><F95/><W5/><G125/><T66/><D66/><U14/><E14/><V59/><F12/><W30/><G115/><T80/><D80/><U31/><E31/><AGARI ba="4,0" hai="26,31,33,34,35,36,38,39,55,57,60" m="42507" machi="31" ten="40,2000,0" yaku="10,1" doraHai="64" who="0" fromWho="1" sc="516,32,9,-32,200,0,275,0" owari="548,64.0,-23,-52.0,200,-20.0,275,8.0" />
</Scene>
</mjloggm>