<mjloggm ver="2.3"><GO type="169"/><UN n0="%E3%81%9A%E3%81%86" n1="%E4%B8%B8%E5%8A%A9" n2="%6E%69%6A%69" n3="%E5%A4%AA%E3%81%8F%E3%81%AA%E3%81%84%E3%81%8A" dan="17,16,16,16" rate="2102,2098,2048,2085" sx="F,M,F,M"/><TAIKYOKU oya="0"/>

<Scene>
<INIT seed="0,0,0,4,4,33" ten="250,250,250,250" oya="0" hai0="112,105,70,3,93,71,11,119,106,30,87,45,133" hai1="40,97,99,46,84,25,66,1,130,44,81,42,75" hai2="134,102,63,29,21,9,15,2,107,101,0,135,110" hai3="69,77,86,68,73,78,12,91,31,121,108,89,24"/><T65/><D119/><U62/><E75/><V57/><F110/><W94/><G108/><T116/><D112/><U59/><E1/><V92/><F107/><W100/><G121/><T115/><D116/><U117/><E117/><V19/><F29/><W118/><G118/><T13/><D115/><U96/><E25/><V18/><F92/><W76/><G73/><T41/><D133/><N who="2" m="50698" /><F102/><W52/><G100/><T54/><D54/><U20/><E20/><V128/><F101/><W22/><G12/><T14/><D30/><U98/><E130/><V131/><F57/><W67/><G67/><T103/><D65/><U39/><E99/><V74/><F63/><W5/><G5/><T113/><D103/><U109/><E109/><V104/><F104/><W34/><G34/><T120/><D120/><U23/><E23/><V127/><F74/><W53/><REACH who="3" step="1"/><G91/><REACH who="3" ten="250,250,250,240" step="2"/><N who="0" m="53503" /><D113/><U82/><REACH who="1" step="1"/><E84/><REACH who="1" ten="250,240,250,240" step="2"/><V49/><F128/><W8/><G8/><T122/><D122/><U26/><E26/><V4/><F131/><W111/><G111/><T27/><D27/><U80/><E80/><V132/><F132/><W7/><G7/><N who="0" m="1535" /><D105/><U126/><E126/><V124/><F4/><W56/><G56/><T129/><D106/><U6/><E6/><V72/><F72/><W47/><G47/><T90/><D129/><U17/><E17/><V10/><F19/><W37/><G37/><AGARI ba="0,2" hai="37,39,40,42,44,46,59,62,66,81,82,96,97,98" machi="37" ten="40,8000,1" yaku="1,1,9,1,53,2" doraHai="33" doraHaiUra="43" who="1" fromWho="3" sc="250,0,240,100,250,0,240,-80" />
</Scene>
<Scene>
<INIT seed="1,0,0,5,1,38" ten="250,340,250,160" oya="1" hai0="37,82,85,118,16,113,104,7,127,119,62,41,78" hai1="129,0,117,135,105,131,103,21,81,67,130,95,6" hai2="32,33,26,123,93,107,57,132,91,125,40,110,28" hai3="83,45,29,43,97,77,56,126,65,101,115,70,24"/><U133/><E117/><V74/><F107/><W22/><G115/><T114/><D104/><U116/><E116/><V79/><F123/><W66/><G126/><T2/><D127/><U50/><E67/><V84/><F125/><W89/><G89/><T18/><D118/><U94/><E81/><V44/><F132/><N who="1" m="50761" /><E21/><V25/><F110/><W54/><G70/><T42/><D119/><U122/><E122/><V108/><F108/><W39/><G97/><T100/><D100/><U3/><E50/><V36/><F79/><W112/><G101/><T51/><D37/><U31/><E31/><V72/><F32/><W47/><G47/><T87/><D51/><U30/><E30/><V86/><F86/><W111/><G112/><T92/><D62/><U80/><E80/><V60/><REACH who="2" step="1"/><F26/><REACH who="2" ten="250,340,240,160" step="2"/><W71/><G111/><T63/><D114/><U121/><E121/><V88/><F88/><W73/><REACH who="3" step="1"/><G71/><REACH who="3" ten="250,340,240,150" step="2"/><T1/><D113/><U124/><E124/><V98/><F98/><W58/><G58/><T134/><D134/><U96/><E131/><V120/><F120/><W128/><G128/><T75/><D78/><U46/><E130/><V61/><F61/><AGARI ba="0,2" hai="22,24,29,39,43,45,54,56,61,65,66,73,77,83" machi="61" ten="30,7700,0" yaku="1,1,7,1,52,1,53,1" doraHai="38" doraHaiUra="59" who="3" fromWho="2" sc="250,0,340,0,240,-77,150,97" />
</Scene>
<Scene>
<INIT seed="2,0,0,1,5,44" ten="250,340,163,247" oya="2" hai0="114,130,57,50,94,3,51,46,86,81,97,122,66" hai1="113,95,62,107,90,22,115,78,133,9,35,111,59" hai2="29,58,67,76,54,10,98,48,125,106,6,88,69" hai3="47,96,34,40,65,92,104,5,116,23,87,103,99"/><V117/><F117/><W53/><G116/><T129/><D3/><U24/><E35/><V84/><F125/><W68/><G5/><T12/><D122/><U36/><E107/><V52/><F29/><W109/><G34/><T15/><D114/><U124/><E124/><V70/><F67/><W79/><G109/><T0/><D0/><U25/><E111/><V18/><F76/><W101/><G23/><T21/><D129/><U8/><E36/><V7/><F106/><W72/><G72/><T123/><D123/><U121/><E121/><V100/><F100/><W80/><G53/><N who="0" m="31935" /><D66/><U120/><E133/><V108/><F98/><W105/><G92/><T127/><D21/><U134/><E134/><V11/><F108/><W45/><REACH who="3" step="1"/><G40/><REACH who="3" ten="250,340,163,237" step="2"/><N who="0" m="24903" /><D130/><U56/><E120/><V26/><F6/><W63/><AGARI ba="0,1" hai="45,47,63,65,68,79,80,87,96,99,101,103,104,105" machi="63" ten="30,4000,0" yaku="1,1,0,1,9,1,53,0" doraHai="44" doraHaiUra="16" who="3" fromWho="3" sc="250,-10,340,-10,163,-20,237,50" />
</Scene>
<Scene>
<INIT seed="3,0,0,3,4,55" ten="240,330,143,287" oya="3" hai0="11,69,53,75,22,74,14,27,83,51,114,7,8" hai1="80,86,0,23,73,10,104,90,34,118,57,117,31" hai2="41,48,52,105,39,97,103,59,36,17,45,64,30" hai3="32,46,128,43,87,12,37,91,9,126,6,135,1"/><W94/><G32/><T38/><D38/><U99/><E34/><V76/><F30/><W71/><G71/><T24/><D69/><U127/><E127/><V54/><F64/><W72/><G126/><T68/><D68/><U98/><E73/><V110/><F110/><W78/><G128/><T29/><D114/><U111/><E111/><V93/><F76/><W5/><G135/><T13/><D27/><N who="1" m="16895" /><E104/><V4/><F4/><W28/><G28/><T100/><D100/><U92/><E0/><V106/><F36/><W113/><G113/><T56/><REACH who="0" step="1"/><D83/><REACH who="0" ten="230,330,143,287" step="2"/><U20/><E80/><V102/><F102/><W79/><REACH who="3" step="1"/><G72/><REACH who="3" ten="230,330,143,277" step="2"/><T18/><AGARI ba="0,2" hai="7,8,11,13,14,18,22,24,29,51,53,56,74,75" machi="18" ten="20,8000,1" yaku="1,1,2,1,0,1,7,1,52,1,53,0" doraHai="55" doraHaiUra="40" who="0" fromWho="0" sc="230,100,330,-20,143,-20,277,-40" />
</Scene>
<Scene>
<INIT seed="4,0,0,2,1,83" ten="330,310,123,237" oya="0" hai0="81,59,102,119,63,33,11,62,121,95,69,64,128" hai1="65,55,106,88,134,24,35,127,93,67,52,77,5" hai2="115,38,135,39,87,101,15,17,66,60,41,129,16" hai3="19,124,107,116,122,45,104,23,28,84,68,56,8"/><T29/><D121/><U89/><E106/><V32/><F32/><W43/><G68/><T111/><D119/><U9/><E127/><V58/><F115/><W1/><G116/><T18/><D128/><U133/><E77/><V125/><F129/><W44/><G124/><T22/><D111/><U103/><E103/><V112/><F112/><W131/><G131/><T2/><D33/><U13/><E24/><V76/><F125/><W36/><G122/><T130/><D130/><U14/><E35/><V71/><F135/><N who="1" m="51721" /><E14/><V92/><F41/><W79/><G45/><T126/><D29/><U108/><E108/><V113/><F113/><W99/><G56/><T48/><D48/><U97/><E89/><V20/><F71/><W123/><G123/><T12/><D2/><U132/><N who="1" m="51729" /><U26/><DORA hai="51" /><E26/><V50/><F50/><W86/><G28/><T120/><D120/><U27/><E27/><V114/><F114/><W30/><G30/><T0/><D0/><U98/><E98/><V21/><F101/><W4/><G79/><T54/><D126/><U31/><E31/><V110/><F110/><W10/><G99/><T53/><D102/><U118/><E118/><V80/><REACH who="2" step="1"/><F92/><REACH who="2" ten="330,310,113,237" step="2"/><W117/><G117/><T105/><D95/><U37/><E37/><V74/><F74/><W91/><G107/><T7/><D105/><U94/><E94/><V70/><F70/><W40/><G104/><T78/><D69/><U100/><E100/><V75/><F75/><W46/><G36/><T96/><D96/><U61/><E61/><V6/><F6/><W85/><G4/><RYUUKYOKU ba="0,1" sc="330,-15,310,15,113,15,237,-15" hai1="5,9,13,52,55,65,67,88,93,97" hai2="15,16,17,20,21,38,39,58,60,66,76,80,87" />
</Scene>
<Scene>
<INIT seed="5,1,1,5,4,22" ten="315,325,128,222" oya="1" hai0="86,114,81,35,43,3,103,8,123,51,116,25,0" hai1="21,89,127,78,71,115,131,92,33,132,19,48,129" hai2="96,59,111,12,90,65,57,26,16,27,79,98,135" hai3="30,68,20,36,40,95,17,42,74,41,94,9,108"/><U88/><E33/><V112/><F111/><W53/><G108/><T113/><D116/><U85/><E71/><V47/><F135/><W125/><G74/><T58/><D103/><U29/><E29/><V63/><F112/><N who="0" m="43114" /><D123/><U14/><E115/><V128/><F128/><N who="1" m="49225" /><E127/><V80/><F47/><W120/><G120/><T119/><D8/><U117/><E117/><V31/><F31/><W32/><G68/><T60/><D119/><U107/><E107/><V23/><F59/><W2/><G125/><T84/><D51/><U121/><E121/><V83/><F90/><W134/><G134/><T49/><D84/><N who="1" m="52231" /><E132/><V66/><F66/><W133/><G36/><T10/><D86/><U124/><E124/><V75/><REACH who="2" step="1"/><F80/><REACH who="2" ten="315,325,118,222" step="2"/><W15/><G133/><T118/><D81/><N who="1" m="47287" /><E89/><V7/><F7/><W18/><G30/><T44/><D118/><U72/><E19/><V64/><F64/><W52/><G18/><T73/><D58/><U45/><E45/><V69/><F69/><W110/><G110/><T91/><D44/><U34/><E34/><V100/><F100/><W24/><G32/><T106/><D91/><U105/><E105/><V109/><F109/><W50/><G17/><T82/><D106/><U101/><E101/><V5/><F5/><W70/><G70/><T97/><D35/><U67/><E67/><V93/><F93/><W61/><G95/><T56/><D82/><U130/><E130/><V62/><F62/><W122/><G61/><T1/><D60/><U4/><E4/><V13/><F13/><W6/><G94/><T76/><D56/><U77/><E14/><RYUUKYOKU ba="1,2" sc="315,-10,325,-10,118,30,222,-10" hai2="12,16,23,26,27,57,63,65,75,79,83,96,98" />
</Scene>
<Scene>
<INIT seed="6,2,2,1,1,70" ten="305,315,148,212" oya="2" hai0="58,17,71,12,134,15,55,20,77,44,14,102,5" hai1="56,51,96,92,53,79,34,72,132,26,75,31,22" hai2="39,33,98,47,8,120,115,123,64,38,124,99,10" hai3="103,91,104,65,73,21,130,7,2,62,105,117,78"/><V95/><F33/><W69/><G21/><T89/><D71/><U85/><E132/><V42/><F64/><W19/><G19/><T1/><D134/><U107/><E107/><N who="3" m="41034" /><G91/><T101/><D1/><U52/><E85/><V111/><F111/><W114/><G103/><N who="0" m="39435" /><D77/><U126/><E126/><V13/><F124/><W133/><G133/><T41/><D89/><U48/><E79/><V16/><F115/><W93/><G93/><T100/><D100/><U116/><E34/><V6/><F39/><W119/><G130/><T57/><D41/><U84/><E84/><V63/><F63/><W30/><G30/><T86/><D86/><U131/><E116/><V81/><F81/><N who="3" m="45263" /><G114/><T90/><D90/><U97/><E131/><V68/><F68/><W67/><G67/><T94/><D94/><U24/><E92/><V54/><F54/><W35/><G35/><T110/><D110/><U129/><E129/><V87/><F87/><W60/><G60/><T118/><D118/><U113/><E113/><V40/><F40/><W125/><G125/><T66/><D15/><U50/><E75/><V0/><REACH who="2" step="1"/><F95/><REACH who="2" ten="305,315,138,212" step="2"/><W29/><G119/><T76/><D66/><U88/><E72/><V28/><F28/><W37/><G29/><T27/><D55/><U135/><E135/><V127/><F127/><W112/><G117/><T121/><D76/><U106/><E106/><V3/><F3/><W59/><G112/><T32/><D32/><N who="1" m="20583" /><E53/><V80/><F80/><W49/><G37/><T9/><D121/><AGARI ba="2,3" hai="0,6,8,10,13,16,38,42,47,98,99,120,121,123" machi="121" ten="40,7700,0" yaku="1,1,52,1,54,1,53,0" doraHai="70" doraHaiUra="25" who="2" fromWho="0" sc="305,-83,315,0,138,113,212,0" />
</Scene>
<Scene>
<INIT seed="6,3,0,1,2,39" ten="222,315,251,212" oya="2" hai0="8,24,18,119,49,105,99,84,89,78,122,134,38" hai1="59,124,19,57,117,33,6,131,64,10,37,50,91" hai2="44,67,46,123,73,95,98,109,29,16,20,86,121" hai3="87,62,81,85,52,60,92,76,115,42,120,132,77"/><V88/><F73/><W74/><G120/><T68/><D38/><U66/><E37/><V90/><F109/><W21/><G132/><T48/><D122/><U101/><E117/><V72/><F72/><W30/><G115/><T32/><D68/><U127/><E33/><V0/><F0/><W80/><G42/><T61/><D134/><U9/><E19/><V75/><F75/><W83/><G92/><T3/><D61/><U11/><E6/><V79/><F79/><W103/><G103/><T129/><D78/><U53/><E131/><V12/><F67/><N who="1" m="25641" /><E101/><V111/><F111/><W43/><G43/><T7/><D129/><U130/><E91/><V14/><F29/><W116/><G116/><T17/><D105/><U5/><E5/><V69/><F69/><W41/><G41/><T96/><D32/><U55/><E130/><V107/><F107/><W27/><G81/><N who="0" m="49295" /><D119/><U106/><E106/><V93/><F121/><W23/><G74/><T51/><D18/><U56/><E50/><V65/><F123/><W58/><REACH who="3" step="1"/><G21/><REACH who="3" ten="222,315,251,202" step="2"/><N who="0" m="13359" /><D99/><U104/><E104/><V108/><F108/><W34/><G34/><T26/><D96/><U135/><E135/><V70/><REACH who="2" step="1"/><F12/><REACH who="2" ten="222,315,241,202" step="2"/><W118/><G118/><T133/><D133/><U128/><E128/><V35/><F35/><W47/><G47/><T112/><D112/><U125/><AGARI ba="3,2" hai="9,10,11,53,55,56,57,59,124,125,127" m="25641" machi="125" ten="40,8000,1" yaku="29,2,28,2,18,1" doraHai="39" who="1" fromWho="1" sc="222,-23,315,109,241,-43,202,-23" />
</Scene>
<Scene>
<INIT seed="7,0,0,2,3,9" ten="199,424,198,179" oya="3" hai0="56,119,112,64,115,37,48,22,83,47,88,97,74" hai1="107,135,113,104,53,103,24,105,94,90,54,42,68" hai2="92,98,93,63,99,28,44,25,71,126,13,60,100" hai3="27,121,52,10,58,75,15,117,18,76,2,23,91"/><W101/><G121/><T134/><D37/><U120/><E120/><V35/><F126/><W62/><G117/><T80/><D119/><U40/><E68/><V29/><F29/><W12/><G101/><T26/><D134/><U133/><E103/><V123/><F123/><W14/><G2/><T50/><D74/><U111/><E24/><V65/><F60/><W96/><G75/><T95/><D64/><U116/><E111/><V8/><F44/><W124/><G124/><T30/><D56/><U41/><E116/><V125/><F125/><W127/><G127/><T108/><D50/><U55/><E113/><N who="0" m="43593" /><D108/><U11/><E11/><V86/><F86/><AGARI ba="0,0" hai="40,41,42,53,54,55,86,90,94,104,105,107,133,135" machi="86" ten="50,3200,0" yaku="29,2" doraHai="9" who="1" fromWho="2" sc="199,0,424,32,198,-32,179,0" owari="199,0.0,456,55.0,166,-33.0,179,-22.0" />
</Scene>
</mjloggm>