<mjloggm ver="2.3"><GO type="41"/><UN n0="%47%6F%74%61%6D%61" n1="%E5%A4%AA%E3%81%8F%E3%81%AA%E3%81%84%E3%81%8A" n2="%E9%87%8E%E4%B8%8A%E3%81%B6%E3%82%8A%E3%81%B6%E3%82%8A" n3="%E5%A5%BD%E5%A5%87%E3%82%BF%E3%83%B3%E3%83%A4%E3%82%AA" dan="13,13,15,14" rate="1838,1977,1956,1835" sx="F,M,M,M"/><TAIKYOKU oya="0"/>

<Scene>
<INIT seed="0,0,0,4,4,3" ten="250,250,250,250" oya="0" hai0="121,12,57,105,92,15,113,47,65,72,112,45,41" hai1="8,128,11,13,32,115,67,35,96,104,6,87,10" hai2="24,99,127,50,102,79,124,49,85,101,103,62,63" hai3="82,100,20,34,84,132,78,56,81,39,76,106,29"/><T22/><D105/><U52/><E128/><V107/><F24/><W114/><G114/><T7/><D72/><U80/><E115/><V30/><F30/><W4/><G34/><T126/><D121/><U27/><E67/><V16/><F16/><W48/><G39/><T0/><D0/><U21/><E35/><V88/><F79/><W19/><G29/><T135/><D135/><U55/><E32/><V44/><F99/><W38/><G38/><T77/><D126/><N who="2" m="48170" /><F107/><W5/><G132/><T119/><D119/><U131/><E131/><V28/><F28/><W90/><G100/><T118/><D118/><U93/><E104/><V66/><F66/><W37/><G106/><T9/><D77/><N who="1" m="46479" /><E10/><V46/><F49/><W68/><G76/><T123/><D123/><U129/><E11/><V133/><F133/><W17/><G37/><T71/><D71/><U125/><E129/><V83/><F46/><W134/><G134/><T94/><D94/><U130/><E130/><V109/><F109/><W97/><G68/><T59/><D92/><U86/><E86/><V53/><AGARI ba="0,0" hai="44,50,53,62,63,83,85,88,101,102,103" m="48170" machi="53" ten="30,2000,0" yaku="18,1,54,1" doraHai="3" who="2" fromWho="2" sc="250,-10,250,-5,250,20,250,-5" />
</Scene>
<Scene>
<INIT seed="1,0,0,0,0,88" ten="240,245,270,245" oya="1" hai0="112,78,96,70,75,24,43,20,30,130,47,61,56" hai1="125,58,126,42,121,5,2,85,95,27,23,48,32" hai2="119,105,0,67,72,107,33,93,28,54,7,110,99" hai3="127,77,133,63,109,115,16,69,4,53,66,100,55"/><U6/><E32/><V71/><F72/><W122/><G115/><T113/><D70/><U36/><E36/><V111/><F119/><W3/><G122/><T52/><D130/><U123/><E42/><V18/><F54/><W97/><G109/><N who="2" m="41481" /><F18/><W22/><G127/><N who="1" m="48650" /><E48/><V120/><F120/><N who="1" m="46153" /><E58/><V10/><F28/><W39/><G39/><T114/><D78/><U84/><E2/><V117/><F33/><W17/><G133/><T89/><D75/><U128/><E128/><V21/><F21/><W134/><G134/><T81/><D81/><U37/><E37/><V11/><F11/><W59/><G77/><T124/><D124/><U25/><E25/><V68/><F117/><W76/><G76/><T15/><D15/><U90/><E85/><V87/><F87/><W91/><G3/><T29/><D29/><AGARI ba="0,0" hai="5,6,23,27,29,84,90,95" m="46153,48650" machi="29" ten="30,2900,0" yaku="18,1,52,1" doraHai="88" who="1" fromWho="0" sc="240,-29,245,29,270,0,245,0" />
</Scene>
<Scene>
<INIT seed="1,1,0,5,0,64" ten="211,274,270,245" oya="1" hai0="22,38,33,55,5,83,16,56,67,13,94,76,27" hai1="10,114,68,3,2,26,90,133,125,121,32,50,91" hai2="127,81,135,34,112,43,8,61,131,6,57,82,65" hai3="36,7,72,74,123,126,42,20,100,0,84,37,103"/><U130/><E121/><V134/><F34/><W73/><G123/><T93/><D38/><N who="3" m="14953" /><G20/><T116/><D116/><U99/><E114/><V101/><F43/><W28/><G84/><T119/><D119/><U46/><E10/><V78/><F112/><W128/><G42/><T107/><D107/><U48/><E26/><V120/><F120/><W18/><G18/><T95/><D33/><U60/><E99/><V110/><F110/><W9/><G9/><T24/><D5/><U17/><E17/><V89/><F101/><N who="3" m="38987" /><G28/><T59/><D59/><U35/><E46/><V108/><F108/><W15/><G15/><T29/><D67/><U51/><E51/><V87/><F131/><W105/><G7/><T77/><D29/><U71/><E60/><V31/><F127/><W47/><G47/><T54/><D54/><U39/><E39/><V80/><F31/><W44/><G44/><T53/><D53/><U79/><E79/><N who="0" m="30281" /><D83/><U19/><E19/><V124/><F124/><W70/><G126/><T117/><D117/><U115/><E125/><V11/><F11/><W69/><G105/><T85/><D85/><U14/><E14/><N who="2" m="5399" /><F78/><W30/><G30/><T132/><D24/><U102/><E102/><V1/><F1/><W63/><G0/><T86/><D86/><U45/><E45/><V113/><F113/><W106/><G106/><T96/><D27/><U4/><E115/><V66/><F66/><W25/><G25/><T111/><D111/><U109/><E109/><V23/><F23/><W40/><G74/><T75/><D75/><U122/><E122/><V92/><AGARI ba="1,0" hai="57,61,65,80,81,82,87,89,92,134,135" m="5399" machi="92" ten="30,1100,0" yaku="5,1" doraHai="64" who="2" fromWho="2" sc="211,-4,274,-6,270,14,245,-4" />
</Scene>
<Scene>
<INIT seed="2,0,0,2,5,70" ten="207,268,284,241" oya="2" hai0="46,79,122,7,39,49,41,28,113,88,54,72,11" hai1="5,125,38,47,107,35,20,91,60,34,123,134,117" hai2="76,102,126,97,32,67,8,66,130,57,58,93,101" hai3="69,3,43,71,103,61,29,119,17,22,65,110,104"/><V12/><F32/><W64/><G119/><T30/><D113/><U118/><E91/><V95/><F126/><W105/><G3/><T128/><D122/><U53/><E20/><V2/><F2/><W24/><G110/><T26/><D128/><U120/><E125/><V40/><F40/><W132/><G132/><T131/><D131/><U74/><E74/><V82/><F130/><W99/><G43/><T44/><D26/><U36/><E107/><V112/><F112/><W9/><G9/><T6/><D6/><U84/><E84/><N who="2" m="48199" /><F95/><W51/><G29/><T109/><D109/><U23/><E5/><N who="2" m="3087" /><F101/><W42/><G104/><T94/><D79/><U116/><E134/><V45/><F45/><W86/><G42/><T73/><D28/><U13/><E35/><V63/><F58/><W85/><G51/><T19/><D19/><N who="1" m="10735" /><E34/><V56/><F56/><W0/><G0/><T50/><D50/><N who="1" m="28895" /><E60/><AGARI ba="0,0" hai="17,22,24,60,61,64,65,69,71,85,86,99,103,105" machi="60" ten="40,1300,0" yaku="9,1" doraHai="70" who="3" fromWho="1" sc="207,0,268,-13,284,0,241,13" />
</Scene>
<Scene>
<INIT seed="3,0,0,4,4,12" ten="207,255,284,254" oya="3" hai0="48,130,72,132,37,13,89,118,64,46,24,11,50" hai1="1,40,56,109,20,60,125,70,42,62,10,68,69" hai2="117,45,111,128,97,19,127,58,71,99,121,113,92" hai3="52,66,110,119,25,3,6,80,75,123,4,15,107"/><W9/><G123/><T104/><D118/><U57/><E20/><V49/><F71/><W35/><G119/><T134/><D72/><U54/><E10/><V124/><F117/><W120/><G120/><T96/><D130/><U98/><E1/><V59/><F121/><W2/><G107/><T21/><D64/><N who="1" m="40967" /><E98/><N who="2" m="37387" /><F113/><W81/><G66/><T8/><D37/><U14/><E14/><V44/><F92/><W77/><G110/><T84/><D11/><U116/><E116/><V41/><F111/><W43/><G43/><N who="1" m="16426" /><E109/><V108/><F108/><W22/><G35/><T18/><D46/><U85/><E85/><V28/><F45/><W105/><G105/><T83/><D96/><U112/><E112/><V63/><F128/><W55/><G2/><T53/><D104/><U115/><E115/><V95/><F95/><W47/><G80/><T0/><D0/><U31/><E31/><V86/><F86/><W32/><G3/><T82/><D53/><N who="1" m="34063" /><E125/><V91/><F91/><W29/><G32/><T76/><D82/><U61/><AGARI ba="0,0" hai="54,57,61,69,70" m="34063,16426,40967" machi="61" ten="30,8000,1" yaku="35,5" doraHai="12" who="1" fromWho="1" sc="207,-20,255,80,284,-20,254,-40" />
</Scene>
<Scene>
<INIT seed="4,0,0,4,0,68" ten="187,335,264,214" oya="0" hai0="67,93,99,50,74,27,96,100,90,116,22,125,92" hai1="41,81,131,35,31,51,44,69,104,128,29,107,95" hai2="84,64,40,11,54,132,13,30,103,17,26,135,127" hai3="66,4,21,48,2,37,130,14,19,5,112,89,8"/><T97/><D116/><U80/><E69/><V1/><F64/><W25/><G130/><N who="1" m="49706" /><E95/><V15/><F103/><W75/><G112/><T119/><D119/><U94/><E94/><V106/><F106/><N who="1" m="40489" /><E35/><V46/><F1/><W78/><G5/><T101/><D67/><U111/><E111/><V0/><F0/><W45/><G66/><T79/><D50/><U133/><E133/><N who="2" m="51275" /><F127/><W86/><G37/><T23/><D125/><U16/><E16/><V52/><F84/><W34/><G75/><T38/><D38/><U91/><E91/><V109/><F13/><W126/><G78/><T73/><D27/><U24/><E24/><V122/><F122/><W28/><G126/><T58/><D58/><U6/><E6/><V124/><F109/><W123/><G123/><T65/><D65/><U72/><E72/><N who="0" m="27753" /><D23/><U113/><E113/><V39/><F124/><W49/><G45/><T62/><D62/><U87/><E87/><V3/><F3/><W76/><REACH who="3" step="1"/><G76/><REACH who="3" ten="187,335,264,204" step="2"/><T105/><D79/><U56/><E56/><V55/><F55/><W82/><AGARI ba="0,1" hai="2,4,8,14,19,21,25,28,34,48,49,82,86,89" machi="82" ten="20,12000,2" yaku="1,1,2,1,0,1,7,1,24,2,53,0" doraHai="68" doraHaiUra="115" who="3" fromWho="3" sc="187,-60,335,-30,264,-30,204,130" />
</Scene>
<Scene>
<INIT seed="5,0,0,2,0,49" ten="127,305,234,334" oya="1" hai0="20,73,94,40,7,132,32,86,36,15,68,129,56" hai1="60,84,113,69,80,79,6,70,53,91,26,14,16" hai2="78,48,128,55,135,28,82,1,35,43,85,47,39" hai3="96,97,65,102,77,119,92,57,61,66,21,25,87"/><U27/><E113/><V34/><F1/><W108/><G108/><T100/><D32/><U124/><E124/><V107/><F107/><W3/><G119/><T134/><D68/><U75/><E6/><V41/><F135/><W24/><G3/><T63/><D73/><U110/><E110/><V106/><F106/><W5/><G5/><T42/><D36/><U111/><E111/><V18/><F128/><W98/><G65/><T103/><D129/><U11/><E70/><V121/><F121/><W17/><G25/><T125/><D125/><U31/><E31/><V19/><F43/><W58/><G57/><T130/><D130/><U51/><E60/><V123/><F123/><W116/><G116/><T74/><D74/><U10/><E10/><V115/><F115/><W81/><AGARI ba="0,0" hai="17,21,24,58,61,66,77,81,87,92,96,97,98,102" machi="81" ten="30,2000,0" yaku="0,1,8,1" doraHai="49" who="3" fromWho="3" sc="127,-5,305,-10,234,-5,334,20" />
</Scene>
<Scene>
<INIT seed="6,0,0,1,5,21" ten="122,295,229,354" oya="2" hai0="25,39,83,30,90,113,88,29,66,26,75,84,3" hai1="119,85,8,112,53,123,105,19,91,98,128,73,127" hai2="55,27,34,70,96,101,71,1,124,7,114,65,5" hai3="50,13,48,24,118,97,103,76,56,95,64,115,41"/><V37/><F37/><W78/><G118/><T44/><D3/><U38/><E38/><V11/><F114/><W35/><G115/><T125/><D113/><U9/><E119/><V122/><F122/><W107/><G48/><T59/><D75/><U80/><E112/><V46/><F124/><W28/><G13/><T16/><D39/><U134/><E127/><V131/><F7/><W10/><G10/><T0/><D0/><U15/><E123/><V17/><F131/><W67/><G67/><T121/><D125/><U126/><E126/><V18/><F18/><W82/><G82/><T2/><D2/><U57/><E128/><V63/><F70/><W31/><G31/><N who="0" m="11787" /><D44/><U135/><E73/><V69/><F71/><W116/><G116/><T133/><D133/><N who="1" m="50699" /><E105/><V87/><F87/><W6/><G6/><T99/><D121/><U102/><E102/><V117/><F117/><W106/><G50/><T132/><D132/><U92/><E8/><V58/><F46/><W93/><G95/><N who="0" m="56807" /><D16/><U20/><E9/><V12/><F34/><W130/><G130/><T45/><D45/><U40/><E40/><V60/><F1/><W61/><G41/><T62/><AGARI ba="0,0" hai="25,26,59,62,66,83,84,90" m="56807,11787" machi="62" ten="30,7900,0" yaku="8,1,52,2,54,1" doraHai="21" who="0" fromWho="0" sc="122,79,295,-20,229,-39,354,-20" />
</Scene>
<Scene>
<INIT seed="7,0,0,5,3,118" ten="201,275,190,334" oya="3" hai0="73,63,117,19,101,108,128,13,20,86,70,116,34" hai1="122,16,102,133,42,77,120,29,113,36,60,66,91" hai2="46,82,121,7,99,110,28,59,126,124,104,6,92" hai3="39,58,107,93,88,67,18,83,64,106,100,8,12"/><W94/><G39/><T125/><D34/><U23/><E29/><V45/><F104/><W3/><G3/><T96/><D73/><U31/><E31/><V41/><F110/><W112/><G112/><T38/><D38/><U132/><E113/><V75/><F28/><W84/><G67/><T30/><D108/><U111/><E111/><V0/><F121/><W69/><G69/><T51/><D86/><U97/><E91/><N who="2" m="55711" /><F59/><W80/><G100/><T33/><D125/><N who="2" m="48234" /><F0/><W17/><G17/><T130/><D33/><U47/><E77/><N who="2" m="44351" /><F45/><W56/><G106/><N who="0" m="63783" /><D30/><U53/><E53/><V87/><F87/><W98/><G107/><T61/><D51/><AGARI ba="0,0" hai="6,7,41,46,51" m="44351,48234,55711" machi="51" ten="30,1000,0" yaku="18,1" doraHai="118" who="2" fromWho="0" sc="201,-10,275,0,190,10,334,0" owari="191,-31.0,275,8.0,200,-20.0,334,43.0" />
</Scene>
</mjloggm>