<mjloggm ver="2.3"><GO type="169"/><UN n0="%E3%81%B3%E3%82%8A%E3%81%B3%E3%82%8A%E2%98%86%E3%83%93%E3%83%AA%E3%83%BC" n1="%E5%94%90%E6%8F%9A%E5%A4%A7%E5%A5%BD%E3%81%8D" n2="%43%52%E3%83%80%E3%83%B3%E3%83%81" n3="%E5%A4%AA%E3%81%8F%E3%81%AA%E3%81%84%E3%81%8A" dan="17,17,16,18" rate="2119,2177,2008,2161" sx="M,M,M,M"/><TAIKYOKU oya="0"/>

<Scene>
<INIT seed="0,0,0,0,1,102" ten="250,250,250,250" oya="0" hai0="15,121,63,16,105,42,110,135,120,47,25,30,88" hai1="46,44,80,49,81,66,48,128,118,52,2,41,13" hai2="56,34,133,92,79,71,69,89,96,32,82,62,51" hai3="107,11,95,123,1,93,39,77,101,45,98,76,38"/><T114/><D114/><U94/><E2/><V37/><F37/><W115/><G115/><T55/><D135/><U129/><E118/><V111/><F111/><W83/><G123/><T70/><D105/><U126/><E126/><V130/><F130/><N who="1" m="50281" /><E66/><V72/><F133/><W10/><G76/><T91/><D110/><U109/><E109/><V124/><F124/><W103/><G103/><T67/><D55/><U100/><E13/><V23/><F23/><W53/><G53/><T17/><D120/><U43/><E43/><V28/><F51/><W12/><G10/><T108/><D121/><U85/><E85/><V106/><F106/><W64/><G64/><T21/><D108/><U78/><E78/><V127/><F127/><W3/><G3/><T58/><D70/><U61/><E61/><V116/><F116/><W65/><G65/><T74/><D74/><U73/><E73/><V14/><F69/><W57/><G1/><T5/><D5/><U131/><N who="1" m="50289" /><U113/><DORA hai="36" /><E113/><V8/><F71/><W9/><G12/><T86/><D86/><U26/><E26/><V87/><F72/><W117/><G77/><T112/><D112/><U29/><E29/><V104/><F28/><W22/><G117/><T7/><D7/><U31/><E31/><V40/><F40/><W19/><G19/><N who="0" m="7243" /><D15/><U54/><E54/><V132/><F14/><W122/><G122/><T125/><D125/><U4/><E4/><V50/><F132/><W119/><G119/><T6/><D6/><U60/><E60/><V35/><F62/><W0/><G0/><T24/><D24/><RYUUKYOKU ba="0,0" sc="250,15,250,15,250,-15,250,-15" hai0="21,25,30,42,47,58,63,67,88,91" hai1="41,44,46,48,49,52,80,81,94,100" />
</Scene>
<Scene>
<INIT seed="0,1,0,3,0,59" ten="265,265,235,235" oya="0" hai0="130,97,0,12,7,24,13,1,21,122,30,84,128" hai1="47,70,101,38,34,87,81,20,19,41,83,135,76" hai2="112,37,67,98,118,57,52,53,3,49,58,32,11" hai3="46,111,124,15,123,69,14,4,80,91,75,114,18"/><T43/><D43/><U90/><E34/><V35/><F37/><W134/><G114/><T74/><D74/><U121/><E70/><V2/><F112/><W85/><G69/><T86/><D122/><U39/><E121/><V16/><F118/><W62/><G123/><T120/><D120/><U110/><E110/><V95/><F67/><W33/><G33/><T10/><D13/><U129/><E135/><V66/><F66/><W78/><G111/><T64/><D97/><U28/><E28/><V42/><F42/><W94/><G134/><T116/><D116/><U8/><E129/><N who="0" m="49769" /><D64/><U103/><E8/><V109/><F109/><W133/><G133/><T36/><D36/><U125/><E39/><V72/><F72/><W54/><G124/><T27/><D27/><U100/><E125/><V6/><F3/><AGARI ba="1,0" hai="0,1,3,7,10,12,21,24,30,84,86" m="49769" machi="3" ten="30,1500,0" yaku="19,1" doraHai="59" who="0" fromWho="2" sc="265,18,265,0,235,-18,235,0" />
</Scene>
<Scene>
<INIT seed="0,2,0,1,1,46" ten="283,265,217,235" oya="0" hai0="49,36,15,85,130,37,63,101,100,61,107,121,125" hai1="19,76,116,120,42,119,71,54,75,43,40,9,68" hai2="131,48,98,28,113,70,129,112,8,59,3,66,126" hai3="7,78,88,115,60,83,33,55,80,92,64,57,56"/><T94/><D121/><U128/><E120/><V5/><F126/><W69/><G115/><T13/><D125/><U89/><E128/><N who="2" m="49227" /><F70/><W35/><G7/><T81/><D130/><U22/><E9/><V123/><F123/><W24/><G69/><T108/><D107/><U79/><E89/><V117/><F117/><W11/><G11/><T135/><D135/><U47/><E75/><V122/><F122/><W14/><G14/><N who="0" m="5131" /><D37/><U41/><E119/><V21/><F98/><W86/><G24/><T109/><D36/><U51/><E116/><V62/><F28/><W95/><G95/><T84/><D94/><U77/><N who="1" m="10240" /><DORA hai="134" /><U10/><REACH who="1" step="1"/><E10/><REACH who="1" ten="283,255,217,235" step="2"/><V97/><F8/><W99/><REACH who="3" step="1"/><G83/><REACH who="3" ten="283,255,217,225" step="2"/><T34/><D81/><U73/><E73/><V23/><F113/><W110/><G110/><T105/><D109/><U118/><E118/><V106/><F112/><W132/><G132/><T6/><D108/><U127/><E127/><V90/><F5/><W16/><G16/><T12/><D6/><U2/><E2/><V44/><F3/><W58/><G58/><T45/><D45/><U91/><E91/><V102/><F90/><W4/><G4/><T26/><D101/><U104/><E104/><V93/><F106/><W17/><G17/><T114/><D105/><U96/><E96/><V50/><F44/><W31/><G31/><T74/><D100/><U1/><E1/><V25/><F25/><AGARI ba="2,2" hai="19,22,25,47,51,54,68,71,76,77,79" m="10240" machi="25" ten="50,3200,0" yaku="1,1,52,1,53,0" doraHai="46,134" doraHaiUra="103,30" who="1" fromWho="2" sc="283,0,255,58,217,-38,225,0" />
</Scene>
<Scene>
<INIT seed="1,0,0,2,1,61" ten="283,313,179,225" oya="1" hai0="29,107,59,11,79,135,43,133,32,90,87,86,22" hai1="76,16,101,103,51,39,112,132,28,66,65,31,96" hai2="0,84,72,34,55,80,82,15,27,130,74,50,93" hai3="124,19,77,99,2,85,12,23,4,89,41,75,8"/><U69/><E112/><V106/><F0/><W56/><G124/><T45/><D107/><U118/><E39/><V110/><F106/><W95/><G41/><T63/><D32/><U49/><E118/><V105/><F105/><W119/><G119/><T71/><D71/><U47/><E69/><V17/><F110/><W57/><G75/><T91/><D11/><U58/><E132/><N who="0" m="50761" /><D29/><N who="1" m="11339" /><E76/><V20/><F130/><W116/><G116/><T21/><D79/><U111/><E111/><V109/><F93/><W53/><G53/><N who="0" m="34287" /><D91/><U1/><E1/><V25/><F109/><W83/><AGARI ba="0,0" hai="2,4,8,12,19,23,56,57,77,83,85,89,95,99" machi="83" ten="30,1100,0" yaku="0,1" doraHai="61" who="3" fromWho="3" sc="283,-3,313,-5,179,-3,225,11" />
</Scene>
<Scene>
<INIT seed="2,0,0,2,3,118" ten="280,308,176,236" oya="2" hai0="52,109,71,82,14,36,130,61,51,107,110,83,2" hai1="16,25,133,48,63,102,89,32,66,86,49,128,112" hai2="117,43,58,111,18,75,6,0,94,21,92,11,24" hai3="91,62,77,108,105,41,134,70,116,7,81,29,100"/><V115/><F117/><W46/><G116/><T79/><D2/><U106/><E112/><V96/><F115/><W131/><G108/><N who="0" m="41579" /><D36/><U129/><E133/><V124/><F111/><W68/><G131/><N who="1" m="50250" /><E32/><V119/><F119/><W40/><G40/><T45/><D130/><U23/><E102/><V132/><F75/><W85/><G134/><T97/><D14/><U26/><E26/><V42/><F132/><W67/><G29/><T53/><D79/><U104/><E104/><V30/><F124/><W125/><G125/><T76/><D76/><U120/><E106/><V122/><F122/><W22/><G7/><T74/><D74/><U88/><E120/><V9/><F92/><W121/><G22/><T8/><D8/><U80/><E89/><V34/><F11/><W87/><G121/><T72/><D72/><U127/><E127/><V59/><F43/><W60/><G100/><N who="0" m="62863" /><D71/><AGARI ba="0,0" hai="16,23,25,48,49,63,66,71,80,86,88" m="50250" machi="71" ten="30,3900,0" yaku="19,1,54,2" doraHai="118" who="1" fromWho="0" sc="280,-39,308,39,176,0,236,0" />
</Scene>
<Scene>
<INIT seed="3,0,0,3,3,8" ten="241,347,176,236" oya="3" hai0="87,81,85,3,129,108,30,75,124,50,76,16,6" hai1="131,86,53,58,65,119,62,1,103,97,102,104,45" hai2="41,11,123,56,24,64,96,37,125,116,15,100,88" hai3="29,107,39,89,28,14,26,34,38,112,128,78,35"/><W70/><G112/><T130/><D108/><U19/><E1/><V67/><F116/><W134/><G70/><T73/><D124/><U12/><E119/><V57/><F125/><W60/><G107/><T111/><D111/><U99/><E131/><N who="0" m="50185" /><D30/><U74/><E74/><N who="0" m="28169" /><D50/><U126/><E126/><V95/><F123/><W61/><G128/><T118/><D118/><U59/><E86/><V117/><F117/><W10/><G134/><T132/><D132/><U91/><E91/><V93/><F37/><W52/><G78/><T49/><D49/><N who="1" m="31023" /><E45/><V25/><F41/><W66/><G89/><T54/><D54/><U32/><E32/><V72/><F72/><W98/><G98/><N who="1" m="37386" /><E104/><V120/><F120/><W21/><G52/><T82/><D3/><U36/><E36/><V109/><F109/><W121/><G121/><T23/><D6/><U122/><E122/><V114/><F114/><W135/><G135/><T115/><D115/><U2/><E2/><V71/><F71/><W9/><G39/><T106/><D106/><U79/><E79/><V31/><F100/><W51/><G38/><T47/><D47/><U55/><E55/><V18/><F95/><W27/><G51/><T110/><D110/><U17/><E17/><V4/><F18/><N who="3" m="10455" /><G61/><T113/><D113/><U13/><E19/><V101/><F101/><AGARI ba="0,0" hai="12,13,59,62,65,101,102,103" m="37386,31023" machi="101" ten="30,3900,0" yaku="8,1,52,2" doraHai="8" who="1" fromWho="2" sc="241,0,347,39,176,-39,236,0" />
</Scene>
<Scene>
<INIT seed="4,0,0,4,1,5" ten="241,386,137,236" oya="0" hai0="114,75,35,16,121,12,89,117,53,71,28,110,135" hai1="54,91,18,42,99,32,112,72,34,57,69,47,115" hai2="102,95,24,52,10,2,33,11,84,26,98,88,67" hai3="85,62,128,61,92,87,19,14,20,120,86,64,134"/><T125/><RYUUKYOKU type="yao9" ba="0,0" sc="241,0,386,0,137,0,236,0" hai0="12,16,28,35,53,71,75,89,110,114,117,121,125,135" />
</Scene>
<Scene>
<INIT seed="4,1,0,1,4,1" ten="241,386,137,236" oya="0" hai0="115,34,114,109,63,37,86,77,43,65,6,27,76" hai1="0,117,75,58,31,93,23,132,38,129,100,14,103" hai2="120,84,33,101,126,97,32,5,78,82,20,60,80" hai3="26,72,30,57,42,21,128,107,88,52,11,4,64"/><T98/><D109/><U56/><E75/><V28/><F126/><W133/><G72/><T81/><D98/><U116/><E38/><V51/><F120/><W36/><G107/><T3/><D77/><U102/><E0/><V50/><F50/><W19/><G128/><T92/><D92/><U59/><E129/><V119/><F119/><W70/><G133/><T16/><D43/><U123/><E132/><V53/><F60/><W35/><G70/><T55/><D37/><U131/><E131/><V91/><F20/><W8/><G64/><T96/><D96/><U135/><E135/><V74/><F28/><W108/><G108/><T39/><D39/><U68/><E68/><V25/><F25/><W49/><G88/><N who="0" m="51279" /><D55/><U61/><E123/><V130/><F130/><W66/><G66/><T95/><D95/><U113/><E117/><V94/><REACH who="2" step="1"/><F5/><REACH who="2" ten="241,386,127,236" step="2"/><W121/><G121/><T87/><D63/><U40/><E61/><V45/><AGARI ba="1,1" hai="32,33,45,51,53,74,78,80,82,84,91,94,97,101" machi="45" ten="20,5200,0" yaku="1,1,2,1,0,1,7,1,53,0" doraHai="1" doraHaiUra="71" who="2" fromWho="2" sc="241,-27,386,-14,127,65,236,-14" />
</Scene>
<Scene>
<INIT seed="5,0,0,3,5,21" ten="214,372,192,222" oya="1" hai0="102,7,131,60,75,40,41,127,20,110,30,5,81" hai1="28,8,85,10,18,84,123,101,92,37,42,124,106" hai2="70,120,23,76,51,43,112,13,128,91,49,74,29" hai3="121,109,39,56,36,125,126,50,62,14,32,16,2"/><U45/><E123/><V72/><F120/><W11/><G109/><T1/><D110/><U90/><E124/><N who="3" m="47722" /><G121/><T111/><D111/><U103/><E28/><V135/><F70/><W15/><G32/><T73/><D127/><U63/><E63/><V94/><F128/><W113/><G113/><T55/><D131/><U116/><E116/><V33/><F33/><W31/><G31/><T108/><D108/><U80/><E106/><V57/><F112/><W44/><G14/><T35/><D35/><U100/><REACH who="1" step="1"/><E18/><REACH who="1" ten="214,362,192,222" step="2"/><V71/><F71/><W58/><G62/><T53/><D60/><U93/><E93/><V99/><F94/><W38/><G2/><T12/><D1/><U118/><E118/><V4/><F135/><W19/><G19/><T47/><D30/><U119/><E119/><V27/><F29/><W130/><G130/><T105/><D105/><U86/><E86/><V82/><F74/><W26/><G16/><N who="0" m="10247" /><D75/><U9/><E9/><V95/><F72/><W17/><G11/><T24/><D73/><U59/><E59/><V67/><F57/><W97/><G58/><T0/><D0/><U3/><E3/><V68/><F68/><W46/><G56/><T133/><D133/><U6/><E6/><V114/><F4/><W129/><G129/><T88/><D7/><U107/><E107/><V89/><F114/><W34/><G17/><T66/><D5/><U104/><E104/><V78/><F95/><W54/><G34/><T98/><D98/><U96/><E96/><V52/><F99/><W77/><G97/><T115/><D115/><U83/><E83/><RYUUKYOKU ba="0,1" sc="214,-10,362,30,192,-10,222,-10" hai1="8,10,37,42,45,80,84,85,90,92,100,101,103" />
</Scene>
<Scene>
<INIT seed="5,1,1,4,0,109" ten="204,392,182,212" oya="1" hai0="56,15,130,11,50,17,79,123,95,101,67,76,124" hai1="8,117,93,100,1,115,80,16,111,21,131,77,68" hai2="27,73,44,41,36,112,42,135,75,126,129,14,35" hai3="33,32,72,26,57,99,116,34,92,69,108,88,5"/><U48/><E68/><V97/><F126/><W24/><G108/><T19/><D124/><U47/><E117/><V37/><F129/><W118/><G69/><T52/><D130/><U3/><E131/><V133/><F14/><W9/><G72/><T63/><D123/><U12/><E111/><V104/><F97/><W89/><G57/><T90/><D101/><U78/><E115/><V64/><F64/><W51/><G51/><T7/><D79/><U86/><E77/><V65/><F65/><W54/><G54/><T2/><D76/><U74/><E8/><V31/><F104/><W39/><G39/><T134/><D2/><U60/><E60/><V55/><F55/><W0/><REACH who="3" step="1"/><G89/><REACH who="3" ten="204,392,182,202" step="2"/><T43/><D43/><U40/><E74/><N who="2" m="28171" /><F42/><W107/><G107/><T114/><D114/><U22/><E48/><N who="2" m="26639" /><F112/><W122/><G122/><T4/><D50/><U127/><E40/><V45/><F45/><W81/><G81/><T128/><D128/><U94/><E47/><V119/><F119/><AGARI ba="1,2" hai="0,5,9,24,26,32,33,34,88,92,99,116,118,119" machi="119" ten="50,6400,0" yaku="1,1,12,1,54,1,53,0" doraHai="109" doraHaiUra="105" who="3" fromWho="2" sc="204,0,392,0,182,-67,202,87" />
</Scene>
<Scene>
<INIT seed="6,0,0,2,4,3" ten="204,392,115,289" oya="2" hai0="101,89,82,38,84,106,28,87,34,99,58,7,122" hai1="53,90,21,35,73,131,61,85,111,19,64,135,9" hai2="30,94,75,15,71,124,36,56,121,17,114,119,81" hai3="74,113,45,77,25,117,134,132,109,62,54,118,20"/><V12/><F71/><W50/><G109/><T42/><D122/><U127/><E111/><V67/><F121/><W105/><G105/><T129/><D129/><U130/><E73/><V125/><F119/><W79/><G113/><T48/><D38/><U95/><E35/><V93/><F36/><W78/><G62/><T97/><D34/><U4/><E53/><V23/><F30/><N who="3" m="17703" /><G74/><T76/><D28/><U120/><E120/><V133/><F133/><AGARI ba="0,0" hai="45,50,54,77,78,79,117,118,132,133,134" m="17703" machi="133" ten="30,1000,0" yaku="20,1" doraHai="3" who="3" fromWho="2" sc="204,0,392,0,115,-10,289,10" />
</Scene>
<Scene>
<INIT seed="7,0,0,1,3,51" ten="204,392,105,299" oya="3" hai0="77,83,86,118,87,110,9,34,96,107,4,32,67" hai1="97,116,135,16,37,131,127,13,84,15,1,119,23" hai2="18,126,56,100,91,134,72,44,39,70,36,47,40" hai3="112,85,82,101,68,5,45,102,66,19,73,122,54"/><W104/><G122/><T132/><D110/><U120/><E37/><V92/><F70/><W123/><G123/><T124/><D118/><N who="1" m="45099" /><E1/><V79/><F126/><W48/><G73/><T52/><D87/><U90/><E120/><V81/><F134/><W99/><G112/><T125/><D67/><U98/><E135/><V3/><F3/><W6/><G101/><N who="0" m="62887" /><D132/><U28/><E127/><N who="0" m="48713" /><D52/><U80/><E131/><V58/><F58/><W30/><G30/><T65/><D65/><U109/><E109/><V49/><F18/><W46/><G46/><T121/><D121/><U12/><E28/><V10/><F10/><W113/><G113/><T75/><D86/><U0/><E0/><AGARI ba="0,0" hai="0,4,9,32,34,75,77,83" m="48713,62887" machi="0" ten="30,2000,0" yaku="18,1,23,1" doraHai="51" who="0" fromWho="1" sc="204,20,392,-20,105,0,299,0" owari="224,-18.0,372,47.0,105,-39.0,299,10.0" />
</Scene>
</mjloggm>