<mjloggm ver="2.3"><GO type="169" lobby="0"/><UN n0="%E5%A4%AA%E3%81%8F%E3%81%AA%E3%81%84%E3%81%8A" n1="%E3%81%9D%E3%81%AE%EF%BC%91%EF%BD%90%E5%BD%93%E3%81%9F%E3%82%8A%E3%81%A0" n2="%4B%E3%80%82" n3="%E3%81%84%E3%81%A1%E3%81%8B%E3%82%8F%E2%99%AA" dan="18,16,17,17" rate="2230.01,2080.14,2188.04,2245.99" sx="F,M,M,M"/><TAIKYOKU oya="0"/>

<Scene>
<INIT seed="0,0,0,2,2,63" ten="250,250,250,250" oya="0" hai0="74,60,64,22,58,112,21,45,0,114,33,1,15" hai1="90,39,54,118,95,109,11,89,20,13,82,111,65" hai2="40,71,6,76,120,124,131,70,127,30,84,69,29" hai3="31,121,80,98,57,34,106,92,56,23,105,61,12"/><T99/><D33/><U100/><E118/><V104/><F120/><W66/><G34/><T4/><D74/><U79/><E39/><V101/><F6/><W75/><G121/><T129/><D129/><U19/><E54/><V53/><F131/><W128/><G57/><T117/><D117/><U59/><E100/><V52/><F40/><W35/><G35/><T8/><D45/><U62/><E11/><V85/><F101/><W91/><G128/><T2/><REACH who="0" step="1"/><D99/><REACH who="0" ten="240,250,250,250" step="2"/><U7/><E109/><V108/><F108/><W113/><G113/><AGARI ba="0,1" hai="0,1,2,4,8,15,21,22,58,60,64,112,113,114" machi="113" ten="50,9600,0" yaku="1,1,2,1,52,1,53,0" doraHai="63" doraHaiUra="133" who="0" fromWho="3" sc="240,106,250,0,250,0,250,-96" />
</Scene>
<Scene>
<INIT seed="0,1,0,1,1,130" ten="346,250,250,154" oya="0" hai0="124,78,113,31,81,100,122,127,28,58,5,57,110" hai1="91,30,105,109,131,133,74,99,135,132,0,93,2" hai2="21,27,85,7,72,75,43,51,38,9,73,77,98" hai3="17,60,52,29,107,10,13,80,97,103,59,125,66"/><T36/><D122/><U41/><E109/><V67/><F67/><W86/><G125/><N who="0" m="48203" /><D113/><U18/><E131/><V54/><F98/><W104/><G29/><N who="0" m="11339" /><D36/><U121/><E121/><V37/><F43/><W117/><G117/><T35/><D35/><U23/><E74/><V46/><F85/><W83/><G107/><T49/><D5/><U61/><E30/><V44/><F77/><W4/><G4/><T69/><D69/><U88/><E41/><V40/><F38/><W50/><REACH who="3" step="1"/><G86/><REACH who="3" ten="346,250,250,144" step="2"/><T101/><D110/><U42/><E105/><V12/><F73/><W106/><G106/><T79/><D78/><U119/><E119/><V34/><F34/><W8/><G8/><T65/><D79/><U24/><E42/><V47/><F72/><W115/><G115/><T48/><D81/><U87/><E61/><V6/><F75/><W126/><G126/><T112/><D112/><U33/><E33/><V116/><F116/><W84/><G84/><T76/><D76/><U26/><E26/><V20/><F7/><W56/><AGARI ba="1,1" hai="10,13,17,50,52,56,59,60,66,80,83,97,103,104" machi="56" ten="20,8000,1" yaku="1,1,0,1,7,1,54,1,53,1" doraHai="130" doraHaiUra="15" who="3" fromWho="3" sc="346,-41,250,-21,250,-21,144,93" />
</Scene>
<Scene>
<INIT seed="1,0,0,1,3,43" ten="305,229,229,237" oya="1" hai0="28,94,34,55,57,123,8,85,127,93,30,44,104" hai1="77,1,20,135,120,21,95,3,121,105,124,16,89" hai2="50,102,32,64,130,73,6,117,51,71,132,2,83" hai3="110,49,29,99,42,35,97,114,72,38,108,75,52"/><U115/><E115/><V119/><F32/><W18/><G18/><T80/><D104/><U81/><E105/><V56/><F71/><W125/><G29/><N who="0" m="11371" /><D34/><U66/><E66/><V58/><F102/><W70/><G35/><T54/><D127/><U133/><E124/><V45/><F130/><W118/><G70/><T101/><D101/><U106/><E106/><V82/><F132/><N who="1" m="50761" /><E3/><V112/><F112/><W23/><G23/><T47/><D8/><U0/><E0/><V40/><F2/><W98/><G125/><T92/><D123/><N who="1" m="47179" /><E1/><V91/><F6/><W78/><G78/><N who="0" m="46231" /><D55/><U96/><E16/><V48/><F73/><AGARI ba="0,0" hai="20,21,73,77,81,89,95,96" m="47179,50761" machi="73" ten="30,1500,0" yaku="20,1" doraHai="43" who="1" fromWho="2" sc="305,0,229,15,229,-15,237,0" />
</Scene>
<Scene>
<INIT seed="1,1,0,0,3,92" ten="305,244,214,237" oya="1" hai0="61,106,116,89,118,4,101,66,121,126,94,15,74" hai1="107,99,59,18,113,69,129,58,70,100,110,0,109" hai2="91,36,83,68,67,134,122,29,57,108,65,79,52" hai3="93,30,55,133,72,50,48,33,123,16,97,87,6"/><U75/><E113/><V114/><F122/><W64/><G72/><T20/><D74/><U39/><E39/><V85/><F36/><W131/><G6/><T132/><D121/><U112/><E112/><V47/><F114/><W53/><G64/><T124/><D132/><U46/><E75/><V21/><F134/><W130/><G123/><T77/><D77/><U8/><E46/><V38/><F108/><N who="1" m="41577" /><E129/><N who="3" m="49162" /><G87/><T27/><D106/><U45/><E45/><V103/><F103/><N who="3" m="60847" /><G30/><T82/><D4/><N who="1" m="1031" /><E18/><V98/><F38/><W84/><G84/><T76/><D116/><U71/><AGARI ba="1,0" hai="58,59,69,70,71,99,100,107" m="1031,41577" machi="71" ten="40,7800,0" yaku="14,1,10,1,52,1" doraHai="92" who="1" fromWho="1" sc="305,-27,244,81,214,-27,237,-27" />
</Scene>
<Scene>
<INIT seed="1,2,0,2,4,86" ten="278,325,187,210" oya="1" hai0="132,48,26,67,20,104,66,133,83,76,9,124,1" hai1="122,4,101,85,45,34,14,71,16,95,111,73,109" hai2="18,2,90,91,125,23,13,102,8,93,77,79,123" hai3="11,105,60,68,131,0,44,116,74,113,114,7,15"/><U75/><E122/><V110/><F123/><W106/><G15/><T59/><D104/><U65/><E34/><V33/><F33/><W6/><G44/><T29/><D124/><U35/><E35/><V37/><F37/><W24/><G24/><T119/><D119/><U129/><E4/><V62/><F125/><W22/><G22/><T89/><D1/><U80/><E45/><V107/><F107/><W17/><G17/><T70/><D9/><N who="1" m="6223" /><E65/><V64/><F110/><N who="1" m="41993" /><E71/><V99/><F2/><W12/><G11/><T78/><D70/><U58/><E58/><N who="2" m="36951" /><F8/><W19/><G0/><T3/><D3/><U46/><E46/><V42/><F42/><W87/><G68/><T63/><D67/><U43/><E43/><V100/><F100/><W53/><G6/><T120/><D120/><U5/><E5/><V84/><F102/><W21/><G7/><T126/><D126/><U52/><E129/><V30/><F30/><W41/><G131/><T61/><D61/><U56/><E95/><AGARI ba="2,0" hai="13,18,23,77,79,84,90,91,93,95,99" m="36951" machi="95" ten="30,3900,0" yaku="8,1,52,2" doraHai="86" who="2" fromWho="1" sc="278,0,325,-45,187,45,210,0" />
</Scene>
<Scene>
<INIT seed="2,0,0,2,3,99" ten="278,280,232,210" oya="2" hai0="104,60,108,41,78,118,7,119,63,0,32,72,12" hai1="38,50,109,127,36,31,80,89,27,14,62,95,54" hai2="74,8,87,100,40,49,55,93,39,81,83,23,45" hai3="43,116,132,134,75,76,105,122,29,129,98,96,46"/><V5/><F23/><W26/><G122/><T65/><D32/><U84/><E109/><V58/><F74/><W52/><G129/><T126/><D0/><U121/><E121/><V85/><F85/><W130/><G43/><T117/><D41/><U57/><E127/><V2/><REACH who="2" step="1"/><F87/><REACH who="2" ten="278,280,222,210" step="2"/><W35/><G75/><T115/><D72/><U34/><E14/><V4/><F4/><W112/><G116/><T79/><D7/><U86/><REACH who="1" step="1"/><E62/><REACH who="1" ten="278,270,222,210" step="2"/><V15/><F15/><W51/><G134/><T25/><D12/><U9/><E9/><V90/><F90/><AGARI ba="0,2" hai="27,31,34,36,38,50,54,57,80,84,86,89,90,95" machi="90" ten="30,3900,0" yaku="1,1,7,1,53,1" doraHai="99" doraHaiUra="24" who="1" fromWho="2" sc="278,0,270,59,222,-39,210,0" />
</Scene>
<Scene>
<INIT seed="3,0,0,4,3,131" ten="278,329,183,210" oya="3" hai0="41,75,104,43,49,85,47,87,119,1,103,2,42" hai1="12,8,113,80,51,34,27,100,63,122,77,101,118" hai2="11,115,116,92,65,72,96,25,86,44,99,84,124" hai3="120,68,66,21,13,83,26,0,4,132,57,81,129"/><W89/><G68/><T53/><D75/><U133/><E113/><V134/><F115/><W69/><G0/><T79/><D119/><U59/><E122/><V64/><F116/><W121/><G69/><T128/><D128/><U39/><E39/><V112/><F72/><W73/><G129/><T48/><D79/><U106/><E118/><V130/><F130/><W55/><G66/><T3/><D104/><U14/><E51/><V127/><F112/><W126/><G126/><N who="2" m="48169" /><F44/><W110/><G110/><T61/><D103/><U45/><E45/><V71/><F11/><W94/><G73/><T19/><D61/><U111/><E111/><V74/><F74/><W30/><G121/><T37/><D37/><U76/><E106/><V36/><F36/><W123/><G120/><T105/><D105/><U22/><E8/><V93/><F25/><W60/><G123/><T16/><REACH who="0" step="1"/><D49/><REACH who="0" ten="268,329,183,210" step="2"/><U35/><E76/><V67/><F71/><W54/><G60/><T5/><D5/><U62/><E63/><V78/><F78/><W70/><G4/><T6/><D6/><U31/><E62/><V38/><F38/><W109/><G109/><T125/><D125/><U24/><E77/><V117/><F117/><W102/><G102/><T108/><D108/><U29/><E100/><V9/><F67/><W52/><G89/><T7/><D7/><U88/><E101/><N who="2" m="60551" /><F65/><W23/><G70/><T15/><D15/><U135/><E12/><V95/><F64/><W46/><G13/><T82/><D82/><U56/><E80/><V18/><F95/><W17/><G94/><T58/><D58/><RYUUKYOKU ba="0,1" sc="268,30,329,-10,183,-10,210,-10" hai0="1,2,3,16,19,41,42,43,47,48,53,85,87" />
</Scene>
<Scene>
<INIT seed="4,1,1,5,1,78" ten="298,319,173,200" oya="0" hai0="115,63,125,96,86,35,97,127,65,47,41,15,100" hai1="8,107,42,70,60,28,6,46,73,10,71,75,57" hai2="31,40,12,52,7,22,90,20,32,25,1,84,134" hai3="77,130,122,121,117,68,110,79,33,112,129,88,21"/><T133/><D35/><U81/><E28/><V94/><F40/><W135/><G33/><T91/><D115/><U24/><E24/><V56/><F134/><W2/><G68/><N who="0" m="42047" /><D15/><U11/><E107/><V69/><F69/><W34/><G2/><T4/><D4/><U120/><E120/><N who="3" m="46186" /><G34/><T124/><D100/><U36/><E6/><V50/><REACH who="2" step="1"/><F1/><REACH who="2" ten="298,319,163,200" step="2"/><W61/><G135/><T76/><D133/><U106/><E71/><V49/><F49/><W119/><G61/><T23/><D41/><U17/><E70/><V67/><F67/><W58/><G112/><T85/><D125/><U111/><E42/><V114/><F114/><W109/><G58/><T14/><D127/><U89/><E57/><V126/><F126/><W101/><G119/><T16/><D124/><U38/><E38/><V105/><F105/><W5/><G117/><T3/><D3/><U37/><E106/><V30/><F30/><W128/><G130/><T64/><D64/><U54/><E36/><V92/><F92/><W95/><G129/><T123/><D123/><U118/><E37/><V19/><F19/><W83/><G128/><T66/><D66/><U74/><E118/><V82/><F82/><W59/><G83/><N who="0" m="47335" /><D47/><U113/><E46/><V0/><F0/><W39/><G95/><T80/><D80/><U48/><E113/><V53/><F53/><W18/><G39/><T132/><D132/><U93/><E81/><V104/><F104/><W62/><G18/><T13/><D13/><U29/><E17/><V9/><AGARI ba="1,2" hai="7,9,12,20,22,25,31,32,50,52,56,84,90,94" machi="9" ten="30,7900,0" yaku="1,1,0,1,54,1,53,1" doraHai="78" doraHaiUra="55" who="2" fromWho="2" sc="298,-40,319,-21,163,102,200,-21" />
</Scene>
<Scene>
<INIT seed="5,0,0,5,3,24" ten="258,298,265,179" oya="1" hai0="83,47,101,111,130,33,4,122,58,94,110,98,44" hai1="5,91,6,37,88,15,20,80,105,103,49,123,117" hai2="96,109,26,86,35,76,48,68,28,2,133,92,85" hai3="45,131,78,13,55,95,134,64,1,25,84,53,100"/><U34/><E117/><V19/><F109/><W18/><G1/><T65/><D33/><U60/><E34/><V74/><F68/><W106/><G106/><T102/><D130/><U7/><E37/><V107/><F133/><W31/><G64/><T40/><D122/><U113/><E123/><V82/><F2/><W43/><G131/><T0/><D0/><U72/><E113/><V57/><F107/><W50/><G134/><T71/><D71/><U75/><E60/><V135/><F135/><W41/><G55/><T11/><D102/><U39/><E39/><V9/><F9/><W87/><G87/><T38/><D47/><U61/><E61/><V104/><F19/><W27/><G27/><T126/><D126/><U69/><E69/><V128/><F128/><W67/><G67/><T121/><D121/><U59/><E103/><V81/><F104/><W99/><G84/><T21/><D65/><U52/><E105/><V77/><F74/><W51/><G51/><T129/><D129/><U46/><E46/><V125/><F125/><W97/><G97/><T14/><D58/><U118/><E118/><V114/><F114/><W124/><G78/><T29/><D83/><U32/><E32/><V8/><F8/><W115/><G115/><T66/><D66/><U89/><REACH who="1" step="1"/><E80/><REACH who="1" ten="258,288,265,179" step="2"/><V56/><F48/><W108/><G124/><T120/><D120/><U132/><E132/><V12/><F57/><W79/><G108/><T54/><D111/><U63/><E63/><V42/><F56/><W23/><G79/><T93/><D110/><U127/><E127/><V62/><F62/><RYUUKYOKU ba="0,1" sc="258,-15,288,15,265,-15,179,15" hai1="5,6,7,15,20,49,52,59,72,75,88,89,91" hai3="13,18,23,25,31,41,43,45,50,53,95,99,100" />
</Scene>
<Scene>
<INIT seed="5,1,1,2,0,100" ten="243,303,250,194" oya="1" hai0="127,114,75,39,1,59,76,58,40,3,65,48,110" hai1="71,106,119,14,18,15,56,44,133,25,64,101,28" hai2="109,5,108,80,69,132,123,125,27,41,42,107,130" hai3="79,72,45,16,2,13,67,21,128,121,35,134,20"/><U19/><E119/><V74/><F123/><W124/><G35/><T66/><D110/><U29/><E71/><V46/><F69/><W116/><G121/><T12/><D39/><U57/><E44/><V31/><F41/><W26/><G2/><T36/><D36/><U86/><E86/><V120/><F120/><W93/><G116/><T83/><D12/><U10/><E133/><V22/><F132/><W17/><G134/><T11/><D114/><U103/><E64/><V32/><F22/><W115/><G128/><T60/><D127/><U94/><E94/><V81/><F125/><W131/><G131/><T111/><D111/><U68/><E68/><V33/><F33/><W8/><G124/><T38/><D11/><U98/><E103/><V0/><F80/><W84/><G72/><T62/><REACH who="0" step="1"/><D48/><REACH who="0" ten="233,303,250,194" step="2"/><U122/><E122/><V87/><F130/><W89/><G115/><T78/><D78/><U23/><E29/><V104/><F108/><W53/><G79/><T50/><D50/><U91/><REACH who="1" step="1"/><E91/><REACH who="1" ten="233,293,250,194" step="2"/><V88/><F109/><W105/><G89/><T7/><D7/><U6/><E6/><V54/><F5/><W30/><G30/><T4/><D4/><U51/><E51/><V70/><F88/><W117/><G117/><T96/><D96/><U85/><E85/><V129/><F87/><W135/><G84/><T63/><D63/><U9/><AGARI ba="1,3" hai="9,10,14,15,18,19,23,25,28,56,57,98,101,106" machi="9" ten="20,18000,2" yaku="1,1,0,1,7,1,9,1,52,1,53,2" doraHai="100" doraHaiUra="52" who="1" fromWho="1" sc="233,-61,293,213,250,-61,194,-61" />
</Scene>
<Scene>
<INIT seed="5,2,0,4,2,4" ten="172,506,189,133" oya="1" hai0="15,87,130,35,74,12,26,67,83,6,59,33,16" hai1="43,17,95,112,102,127,109,37,110,100,123,108,125" hai2="57,24,93,45,69,32,129,30,46,132,90,1,77" hai3="27,119,133,63,79,9,128,52,101,25,84,92,89"/><U71/><E71/><V113/><F69/><W38/><G38/><T20/><D74/><U31/><E31/><V50/><F1/><W135/><G119/><T48/><D130/><U40/><E123/><V62/><F129/><W0/><G128/><T104/><D104/><U118/><E118/><V85/><F113/><W116/><G79/><N who="0" m="46591" /><D35/><U68/><E68/><V107/><F107/><W64/><G116/><T120/><D33/><U19/><E112/><V124/><F124/><N who="1" m="47689" /><E95/><V61/><F132/><N who="3" m="50763" /><G64/><T117/><D120/><U2/><E2/><V96/><F50/><W23/><G101/><N who="1" m="39018" /><E37/><V14/><F62/><W51/><G23/><T44/><D117/><U49/><E49/><V97/><F61/><W60/><G63/><N who="0" m="38399" /><D6/><U13/><E13/><V99/><F14/><W29/><G60/><T55/><AGARI ba="2,0" hai="12,15,16,20,26,44,48,55" m="38399,46591" machi="55" ten="30,2000,0" yaku="8,1,54,1" doraHai="4" who="0" fromWho="0" sc="172,26,506,-12,189,-7,133,-7" />
</Scene>
<Scene>
<INIT seed="6,0,0,3,3,53" ten="198,494,182,126" oya="2" hai0="48,95,5,115,45,86,100,7,2,60,35,85,113" hai1="9,20,87,28,26,84,33,64,125,99,63,66,29" hai2="41,80,90,61,129,114,126,42,54,102,101,24,11" hai3="91,13,27,97,50,15,39,30,121,131,19,109,82"/><V116/><F116/><W89/><G39/><T130/><D35/><U14/><E125/><V52/><F126/><W122/><G109/><T111/><D111/><U6/><E29/><V49/><F114/><N who="0" m="43530" /><D130/><U103/><E33/><V88/><F129/><W93/><G131/><T128/><D128/><U98/><E66/><V58/><F11/><W12/><G50/><T76/><D60/><U92/><E99/><V55/><F24/><W17/><G121/><T31/><D31/><U72/><E72/><V119/><F119/><W59/><G122/><T37/><D37/><U69/><AGARI ba="0,0" hai="6,9,14,20,26,28,63,64,69,84,87,92,98,103" machi="69" ten="20,1500,0" yaku="0,1,7,1" doraHai="53" who="1" fromWho="1" sc="198,-4,494,15,182,-7,126,-4" />
</Scene>
<Scene>
<INIT seed="7,0,0,4,2,79" ten="194,509,175,122" oya="3" hai0="35,66,51,90,109,72,65,86,16,88,110,70,39" hai1="32,20,91,21,3,42,75,113,14,63,68,53,100" hai2="6,41,38,77,37,130,59,115,4,5,120,61,67" hai3="93,11,111,92,26,31,114,133,49,62,1,18,82"/><W132/><G111/><T127/><D39/><U105/><E91/><V135/><F115/><W69/><G49/><T13/><D72/><U2/><E53/><V101/><F130/><W121/><G121/><T0/><D0/><U122/><E14/><V28/><F120/><W54/><G114/><T30/><D127/><U128/><E63/><V15/><F135/><N who="3" m="51787" /><G82/><T50/><D35/><U10/><E10/><V19/><F28/><W97/><G97/><T43/><D30/><U131/><E100/><V29/><F29/><W9/><G9/><T46/><D51/><U58/><E58/><V27/><F27/><W8/><G8/><N who="0" m="6183" /><D110/><U103/><E122/><V12/><F38/><W24/><G24/><T57/><D70/><U71/><E113/><V22/><F41/><W116/><G116/><T124/><D109/><U112/><E42/><V64/><F37/><W34/><G18/><T80/><D124/><U36/><E112/><V17/><F77/><W55/><G55/><T87/><D57/><U47/><E36/><V126/><F126/><W99/><G99/><T7/><D7/><U98/><E98/><V40/><F40/><W73/><G73/><T78/><D78/><U104/><E75/><V76/><F76/><W89/><G89/><T74/><D74/><U96/><E96/><V102/><F67/><N who="3" m="41207" /><G54/><T33/><D66/><U134/><E134/><V45/><F45/><W44/><G44/><T118/><D65/><U129/><E47/><V117/><F117/><W123/><G123/><T81/><D118/><U85/><E129/><V84/><F84/><W95/><G1/><RYUUKYOKU ba="0,0" sc="194,10,509,-30,175,10,122,10" hai0="33,43,46,50,80,81,86,87,88,90" hai2="4,5,6,12,15,17,19,22,59,61,64,101,102" hai3="11,26,31,34,92,93,95" />
</Scene>
<Scene>
<INIT seed="7,1,0,4,2,5" ten="204,479,185,132" oya="3" hai0="91,92,119,118,56,47,107,113,108,43,112,22,51" hai1="81,9,23,39,25,41,54,12,77,36,10,99,48" hai2="101,20,114,28,14,58,6,124,66,16,1,75,104" hai3="13,111,127,63,2,64,98,33,126,76,93,86,26"/><W46/><G2/><T78/><D108/><U32/><E10/><N who="2" m="2383" /><F75/><W52/><G111/><T40/><D107/><U59/><E32/><V116/><F116/><N who="0" m="44586" /><D78/><U53/><E41/><V88/><F88/><N who="3" m="55591" /><G26/><T11/><D11/><U37/><E99/><V15/><F124/><N who="3" m="47659" /><G33/><T97/><D22/><U103/><E103/><V90/><F15/><W30/><G13/><T70/><D70/><U129/><E129/><V34/><F114/><N who="0" m="44138" /><D56/><U115/><E54/><AGARI ba="1,0" hai="40,43,47,51,54,91,92,97" m="44138,44586" machi="54" ten="30,2000,0" yaku="15,1,11,1" doraHai="5" who="0" fromWho="1" sc="204,23,479,-23,185,0,132,0" owari="227,3.0,456,55.0,185,-21.0,132,-37.0" />
</Scene>
</mjloggm>