<mjloggm ver="2.3"><GO type="169"/><UN n0="%E3%83%9A%E3%83%81%E3%83%A7%E3%83%BC%E3%83%AA%E3%83%B3" n1="%E3%81%94%E3%81%98%E3%82%83%E3%82%8B" n2="%E5%A4%AA%E3%81%8F%E3%81%AA%E3%81%84%E3%81%8A" n3="%E3%83%80%E3%83%A1%E9%9B%80%E5%A3%AB" dan="17,18,17,17" rate="2106,2243,2183,2077" sx="M,M,M,M"/><TAIKYOKU oya="0"/>

<Scene>
<INIT seed="0,0,0,2,4,126" ten="250,250,250,250" oya="0" hai0="87,39,55,108,65,14,132,58,120,4,69,25,18" hai1="125,34,6,32,102,12,22,20,117,135,53,0,122" hai2="40,97,44,59,9,101,30,104,57,96,54,72,36" hai3="60,118,16,63,94,52,3,21,123,51,24,74,112"/><T107/><D120/><U71/><E71/><V41/><F72/><W99/><G112/><T11/><D107/><U2/><E102/><V62/><F30/><W79/><G118/><T103/><D39/><U13/><E53/><V78/><F78/><W133/><G3/><N who="1" m="1066" /><E117/><V130/><F9/><W17/><G133/><T75/><D75/><U76/><E76/><V84/><F84/><W33/><G123/><T115/><D103/><U70/><E70/><V8/><F8/><W128/><G33/><N who="1" m="12906" /><E122/><V92/><F40/><W119/><G79/><T43/><D87/><U19/><E135/><V68/><F68/><W127/><G74/><T90/><D90/><U91/><E91/><V106/><F59/><W105/><G105/><T98/><D55/><U131/><E125/><V82/><F82/><W110/><G127/><T23/><D58/><U93/><E93/><V49/><F36/><W114/><G119/><T61/><D61/><U67/><E67/><V46/><F46/><W121/><G121/><T28/><D98/><U86/><E86/><V47/><F47/><W80/><G63/><T73/><D43/><U31/><E131/><V56/><F130/><W113/><G80/><T10/><D65/><U27/><E6/><V95/><F57/><N who="3" m="34855" /><G128/><T37/><D69/><U45/><E45/><V109/><F104/><W116/><G116/><T50/><D73/><U100/><E100/><N who="2" m="60447" /><F106/><W129/><G129/><T15/><D37/><U64/><E64/><V111/><F62/><W42/><G114/><T7/><D115/><U83/><E83/><V29/><F101/><W134/><G113/><RYUUKYOKU ba="0,0" sc="250,-10,250,30,250,-10,250,-10" hai1="12,13,19,20,22,27,31" />
</Scene>
<Scene>
<INIT seed="1,1,0,0,5,36" ten="240,280,240,240" oya="1" hai0="47,85,29,111,133,105,135,95,31,10,134,23,3" hai1="89,115,73,33,86,76,30,25,84,60,75,43,80" hai2="109,124,52,68,6,107,22,127,2,104,45,90,61" hai3="126,129,101,46,98,83,113,69,9,99,40,58,49"/><U41/><E115/><V53/><F109/><W87/><G69/><T13/><D105/><U1/><E1/><V15/><F2/><W27/><G113/><T0/><D47/><U131/><E131/><V112/><F112/><W19/><G129/><T102/><D111/><U57/><E86/><V32/><F32/><W55/><G126/><N who="2" m="48169" /><F90/><W88/><G101/><T28/><D23/><U114/><E114/><V71/><F53/><W74/><G74/><T103/><D103/><U108/><E108/><V67/><F71/><W26/><G26/><T94/><D94/><U93/><REACH who="1" step="1"/><E73/><REACH who="1" ten="240,270,240,240" step="2"/><V63/><F107/><W7/><G99/><N who="0" m="59775" /><D85/><U82/><E82/><V38/><F104/><W132/><G98/><T122/><D122/><U130/><E130/><V37/><F38/><W100/><G132/><T77/><D77/><U81/><E81/><V17/><F37/><W92/><G83/><T78/><D78/><U120/><E120/><V72/><F72/><W123/><G123/><T65/><D0/><U70/><E70/><V56/><F68/><W14/><G100/><T116/><D3/><U79/><E79/><V117/><F117/><W11/><G27/><T121/><D121/><U21/><E21/><V34/><F22/><W50/><G11/><T64/><D116/><U18/><E18/><AGARI ba="1,1" hai="7,9,14,18,19,40,46,49,50,55,58,87,88,92" machi="18" ten="40,5200,0" yaku="8,1,52,1,54,1" doraHai="36" who="3" fromWho="1" sc="240,0,270,-55,240,0,240,65" /><AGARI ba="1,0" hai="10,13,18,28,29,31,64,65,133,134,135" m="59775" machi="18" ten="40,1300,0" yaku="20,1" doraHai="36" who="0" fromWho="1" sc="240,13,215,-13,240,0,305,0" />
</Scene>
<Scene>
<INIT seed="2,0,0,4,2,130" ten="253,202,240,305" oya="2" hai0="78,124,77,135,128,106,125,19,22,49,29,105,43" hai1="23,9,14,24,107,5,37,35,4,95,71,114,0" hai2="81,36,12,85,120,121,72,96,109,53,112,10,133" hai3="58,28,99,50,41,52,20,119,63,131,104,113,134"/><V90/><F112/><W92/><G113/><T75/><D29/><U118/><E107/><N who="0" m="40969" /><D128/><U60/><E37/><V67/><F36/><W34/><G119/><T108/><D108/><U61/><E114/><V46/><F67/><W16/><G104/><T27/><D75/><U1/><E118/><V66/><F66/><W17/><G131/><T42/><D49/><U117/><E117/><V101/><F72/><W126/><G126/><N who="0" m="48747" /><D135/><U127/><E127/><V94/><F109/><W44/><G134/><T83/><D83/><U31/><E71/><V26/><F26/><N who="3" m="16455" /><G34/><T123/><D123/><U48/><E48/><N who="2" m="28823" /><F133/><W3/><G3/><N who="1" m="1098" /><E95/><V18/><AGARI ba="0,0" hai="10,12,18,81,85,90,94,96,101,120,121" m="28823" machi="18" ten="30,1500,0" yaku="25,1" doraHai="130" who="2" fromWho="2" sc="253,-5,202,-5,240,15,305,-5" />
</Scene>
<Scene>
<INIT seed="2,1,0,1,3,17" ten="248,197,255,300" oya="2" hai0="124,99,100,63,6,121,64,80,128,15,119,84,70" hai1="126,103,49,131,133,94,41,40,88,107,0,38,55" hai2="22,12,79,75,68,129,58,134,60,23,47,19,13" hai3="39,14,56,78,87,98,43,61,97,71,54,35,10"/><V50/><F68/><W20/><G35/><T118/><D121/><U110/><E0/><V81/><F129/><W26/><G71/><T111/><D111/><U27/><E110/><V28/><F134/><W16/><G43/><T42/><D42/><U95/><E38/><V21/><F28/><W18/><G39/><T123/><D123/><U86/><E107/><V90/><F90/><W4/><G4/><T11/><D124/><U92/><E126/><V135/><F135/><W9/><G9/><T122/><D122/><U67/><E131/><V108/><F12/><W130/><G130/><T106/><REACH who="0" step="1"/><D128/><REACH who="0" ten="238,197,255,300" step="2"/><U31/><E133/><V72/><F108/><W115/><G115/><T132/><D132/><U66/><E40/><V65/><F72/><W102/><G102/><T59/><D59/><N who="1" m="33263" /><E41/><AGARI ba="1,1" hai="13,19,21,22,23,41,47,50,58,60,65,75,79,81" machi="41" ten="30,11600,0" yaku="7,1,52,3" doraHai="17" who="2" fromWho="1" sc="238,0,197,-119,255,129,300,0" />
</Scene>
<Scene>
<INIT seed="2,2,0,5,2,47" ten="238,78,384,300" oya="2" hai0="31,36,39,94,13,112,129,84,14,73,51,107,69" hai1="68,64,134,91,15,96,46,99,60,113,3,70,58" hai2="35,28,16,37,87,77,9,118,53,93,114,56,115" hai3="22,109,50,40,126,30,63,130,29,89,79,122,75"/><V65/><F118/><W120/><G130/><T44/><D107/><U135/><E3/><V81/><F37/><W62/><G109/><T33/><D73/><U17/><E113/><V131/><F131/><W25/><G126/><T71/><D129/><U86/><E99/><V49/><F65/><W111/><G111/><T21/><D112/><U55/><E96/><V2/><F93/><W76/><G30/><T34/><D71/><U23/><E46/><V42/><F42/><W83/><G79/><T105/><D69/><U102/><E102/><V123/><F123/><W101/><G101/><T121/><D105/><U12/><E12/><V117/><F117/><W128/><G89/><T90/><D121/><U20/><E20/><V0/><F0/><W45/><G128/><T32/><D31/><U6/><E6/><V104/><F104/><W108/><G108/><T18/><REACH who="0" step="1"/><D14/><REACH who="0" ten="228,78,384,300" step="2"/><U38/><E70/><V125/><F2/><W88/><G122/><T110/><D110/><U132/><E132/><V95/><F115/><W10/><G120/><T48/><D48/><U24/><E38/><V43/><F49/><W4/><G63/><T119/><D119/><U127/><E15/><V27/><F28/><W54/><G62/><T116/><D116/><U124/><E135/><V41/><F114/><W52/><G75/><T78/><D78/><U19/><E134/><V7/><F77/><W66/><G76/><T85/><D85/><U103/><E68/><V97/><F87/><W59/><G50/><T106/><D106/><U26/><E86/><V80/><F125/><W5/><G29/><RYUUKYOKU ba="2,1" sc="228,30,78,-10,384,-10,300,-10" hai0="13,18,21,32,33,34,36,39,44,51,84,90,94" />
</Scene>
<Scene>
<INIT seed="3,3,1,0,2,26" ten="258,68,374,290" oya="3" hai0="130,122,119,48,129,66,102,15,65,52,114,60,134" hai1="10,75,27,71,128,112,9,117,101,77,113,43,2" hai2="85,24,11,5,33,105,83,39,100,99,29,111,104" hai3="30,124,3,8,45,38,1,16,55,62,135,97,6"/><W51/><G135/><T121/><D102/><U106/><E128/><N who="0" m="49257" /><D15/><U123/><E123/><N who="0" m="47113" /><D119/><U20/><E117/><V95/><F39/><W28/><G124/><T31/><D31/><U36/><E71/><V115/><F111/><W107/><G1/><T108/><D108/><U46/><E101/><V53/><F53/><W90/><G107/><T96/><D96/><U84/><E106/><V76/><REACH who="2" step="1"/><F115/><REACH who="2" ten="258,68,364,290" step="2"/><W88/><G38/><T78/><D114/><U44/><E113/><V32/><F32/><W19/><G62/><T132/><D78/><U98/><E112/><V57/><F57/><W13/><G19/><T0/><D0/><AGARI ba="3,2" hai="0,5,11,24,29,33,76,83,85,95,99,100,104,105" machi="0" ten="30,3900,0" yaku="1,1,7,1,52,1,53,0" doraHai="26" doraHaiUra="41" who="2" fromWho="0" sc="258,-48,68,0,364,68,290,0" />
</Scene>
<Scene>
<INIT seed="4,0,0,5,2,69" ten="210,68,432,290" oya="0" hai0="102,125,120,4,76,92,107,119,58,118,17,6,41" hai1="113,91,13,37,122,72,129,47,83,46,42,111,98" hai2="96,71,18,74,126,112,99,55,103,77,44,116,86" hai3="3,88,73,32,127,67,84,121,78,64,101,30,68"/><T100/><D120/><U104/><E122/><V134/><F71/><W10/><G121/><T20/><D107/><U15/><E111/><V12/><F74/><W60/><G101/><T31/><D31/><U29/><E129/><V53/><F112/><W21/><G67/><T23/><D76/><U85/><E113/><V34/><F34/><W110/><G110/><T49/><D125/><U89/><E72/><V1/><F1/><W105/><G105/><T45/><D119/><U16/><E29/><V22/><F126/><W82/><G127/><T8/><D118/><U80/><E47/><V132/><F116/><W135/><G32/><T39/><D39/><U40/><E40/><V81/><F96/><W79/><G135/><N who="2" m="51753" /><F44/><W93/><G78/><T70/><D70/><U24/><E104/><AGARI ba="0,0" hai="12,18,22,53,55,77,81,86,99,103,104" m="51753" machi="104" ten="30,1000,0" yaku="20,1" doraHai="69" who="2" fromWho="1" sc="210,0,68,-10,432,10,290,0" />
</Scene>
<Scene>
<INIT seed="5,0,0,5,5,44" ten="210,58,442,290" oya="1" hai0="19,22,115,90,128,63,134,45,13,50,82,102,3" hai1="113,123,120,4,10,80,20,65,21,126,56,68,47" hai2="46,2,15,107,78,93,97,49,33,79,117,89,110" hai3="98,6,109,133,30,108,111,55,5,54,11,76,72"/><U124/><E68/><V64/><F2/><W51/><G133/><T61/><D3/><U42/><E80/><V41/><F110/><W67/><G67/><T58/><D115/><U112/><E56/><V18/><F117/><W116/><G116/><T70/><D134/><U62/><E62/><V12/><F33/><W29/><G98/><T94/><D70/><U25/><E65/><V96/><F64/><W106/><G106/><T84/><D58/><U81/><E81/><V99/><F12/><W48/><G76/><N who="2" m="29225" /><F107/><W88/><G72/><T132/><D128/><U9/><E47/><V127/><F127/><N who="1" m="48681" /><E42/><V7/><F7/><W73/><G109/><T100/><D132/><U66/><E66/><V101/><F89/><W39/><G39/><T69/><D69/><U122/><E21/><AGARI ba="0,0" hai="15,18,21,41,46,49,93,96,97,99,101" m="29225" machi="21" ten="30,2000,0" yaku="8,1,52,1" doraHai="44" who="2" fromWho="1" sc="210,0,58,-20,442,20,290,0" />
</Scene>
<Scene>
<INIT seed="6,0,0,5,5,68" ten="210,38,462,290" oya="2" hai0="111,135,70,104,21,66,103,130,80,27,15,26,25" hai1="33,85,30,16,39,41,119,125,108,126,55,83,29" hai2="50,98,60,18,40,76,109,53,43,0,79,78,102" hai3="81,99,6,9,132,52,133,10,13,131,28,54,47"/><V84/><F0/><W62/><G62/><T75/><D111/><U46/><E108/><V31/><F31/><W100/><G131/><T92/><D130/><U106/><E106/><V64/><F109/><W5/><G28/><T77/><D135/><N who="3" m="51785" /><G81/><T58/><D70/><U97/><E119/><V116/><F84/><W23/><G23/><T110/><D104/><U123/><E123/><V86/><F86/><W128/><G47/><T22/><D110/><U112/><E112/><V3/><F3/><N who="3" m="191" /><G128/><T24/><D15/><U87/><E97/><V1/><F1/><W8/><G8/><T61/><N who="0" m="6144" /><DORA hai="56" /><T44/><REACH who="0" step="1"/><D44/><REACH who="0" ten="200,38,462,290" step="2"/><U11/><E33/><V59/><F116/><W63/><G63/><T72/><D72/><U34/><E34/><V120/><F120/><W49/><G49/><T91/><D91/><N who="1" m="51647" /><E87/><V73/><F73/><W122/><G122/><T14/><D14/><N who="1" m="7263" /><E55/><V88/><F53/><W67/><G67/><T118/><D118/><U38/><E38/><V19/><F64/><W42/><G42/><T20/><D20/><U37/><E37/><V129/><F43/><W114/><G114/><T35/><D35/><U89/><E89/><V93/><F88/><W32/><G32/><T71/><D71/><U107/><E107/><AGARI ba="0,1" hai="6,10,13,52,54,99,100,107" m="191,51785" machi="107" ten="30,2000,0" yaku="20,1,54,1" doraHai="68,56" who="3" fromWho="1" sc="200,0,38,-20,462,0,290,30" />
</Scene>
<Scene>
<INIT seed="7,0,0,5,4,117" ten="200,18,462,320" oya="3" hai0="134,8,120,115,39,91,26,103,131,128,83,28,79" hai1="110,92,60,113,109,68,7,31,24,10,75,37,50" hai2="119,66,52,89,74,102,135,35,20,125,30,36,127" hai3="100,62,55,11,47,2,57,80,61,105,116,97,65"/><W23/><G116/><T18/><D39/><U40/><E113/><V45/><F119/><W9/><G80/><T121/><D103/><U87/><E50/><N who="2" m="28751" /><F36/><W98/><G2/><T16/><D115/><U44/><E87/><V82/><F102/><W67/><G98/><T3/><D91/><U25/><E92/><V19/><F66/><W71/><G47/><T33/><D134/><U0/><E25/><V99/><F35/><W106/><G106/><T85/><D3/><U130/><E130/><N who="0" m="49705" /><D18/><U14/><E14/><AGARI ba="0,0" hai="8,14,16,26,28,33,79,83,85,120,121" m="49705" machi="14" ten="30,7700,0" yaku="19,1,52,2,54,1" doraHai="117" who="0" fromWho="1" sc="200,77,18,-77,462,0,320,0" owari="277,-12.0,-59,-56.0,462,56.0,320,12.0" />
</Scene>
</mjloggm>