<mjloggm ver="2.3"><GO type="97"/><UN n0="%E3%83%95%E3%82%A7%E3%83%AB%E3%83%8A%E3%83%B3%E3%83%89" n1="%E7%97%B4%E5%A5%B3%E3%81%AE%E5%AE%85%E6%80%A5%E4%BE%BF" n2="%E5%A4%AA%E3%81%8F%E3%81%AA%E3%81%84%E3%81%8A" n3="%E3%83%9C%E3%82%B9%E3%82%B8%E3%83%A0" dan="14,14,14,17" rate="1928,1893,2030,2080" sx="M,M,M,M"/><TAIKYOKU oya="0"/>

<Scene>
<INIT seed="0,0,0,4,0,25" ten="250,250,250,250" oya="0" hai0="64,70,53,76,118,82,18,16,107,67,59,12,39" hai1="31,14,127,50,51,57,20,106,38,35,47,15,112" hai2="21,10,49,55,94,46,56,88,105,122,120,23,41" hai3="123,58,116,29,92,8,40,65,84,22,60,5,102"/><T77/><D118/><U81/><E112/><V74/><F105/><W119/><G116/><T19/><D70/><U66/><E106/><V85/><F74/><W26/><G119/><T86/><D39/><U37/><E127/><V115/><F115/><W52/><G40/><T24/><D107/><U9/><E35/><V125/><F125/><W17/><G123/><T117/><D117/><U103/><E103/><V62/><REACH who="2" step="1"/><F10/><REACH who="2" ten="250,250,240,250" step="2"/><W80/><G8/><T132/><D132/><U1/><E9/><V54/><F54/><W32/><G5/><T63/><D77/><U124/><E124/><V111/><F111/><W133/><G133/><T68/><D12/><U129/><E15/><V45/><F45/><W7/><G7/><T34/><REACH who="0" step="1"/><D68/><REACH who="0" ten="240,250,240,250" step="2"/><U87/><E14/><V72/><F72/><W42/><G42/><T48/><D48/><U108/><E51/><V101/><F101/><W131/><G102/><T43/><D43/><U130/><E50/><V36/><F36/><W75/><G60/><T4/><D4/><U6/><E38/><V104/><F104/><W11/><G75/><T97/><D97/><U93/><E37/><V128/><F128/><W110/><G131/><T99/><D99/><U134/><E6/><V89/><F89/><W3/><G110/><T114/><D114/><U69/><E108/><V90/><F90/><W30/><G3/><T98/><D98/><U78/><E1/><V96/><F96/><W135/><G135/><T100/><D100/><U126/><E130/><V121/><AGARI ba="0,2" hai="21,23,41,46,49,55,56,62,85,88,94,120,121,122" machi="121" ten="30,4000,0" yaku="1,1,0,1,54,1,53,0" doraHai="25" doraHaiUra="2" who="2" fromWho="2" sc="240,-20,250,-10,240,60,250,-10" />
</Scene>
<Scene>
<INIT seed="1,0,0,0,1,91" ten="220,240,300,240" oya="1" hai0="80,41,8,19,12,120,106,15,131,36,75,13,117" hai1="20,56,62,98,111,60,54,28,96,107,127,116,129" hai2="50,24,93,2,44,130,1,102,100,66,32,104,57" hai3="37,109,118,52,14,121,58,51,87,45,67,89,86"/><U23/><E116/><V81/><F104/><W68/><G121/><T46/><D117/><U5/><E127/><V85/><F130/><W55/><G118/><T92/><D106/><U53/><E129/><V3/><F66/><W30/><G109/><T25/><D131/><U103/><E5/><V135/><F57/><W17/><G30/><T72/><D120/><U124/><E124/><V84/><F135/><W33/><G33/><T11/><D15/><U22/><E111/><V61/><F61/><W119/><G119/><T128/><D128/><U123/><E98/><V95/><F32/><W108/><G108/><T82/><D25/><U42/><E42/><V76/><F24/><W34/><G34/><T115/><D115/><U18/><E28/><V99/><F85/><W134/><G134/><T78/><D92/><U7/><E7/><V73/><F73/><W49/><G37/><T64/><D64/><U94/><E107/><V97/><F2/><W65/><G68/><T6/><REACH who="0" step="1"/><D82/><REACH who="0" ten="210,240,300,240" step="2"/><U31/><E123/><V9/><F9/><N who="3" m="6351" /><G65/><T77/><D77/><U4/><E4/><V70/><F70/><W88/><G67/><T79/><D79/><U38/><E31/><V83/><F83/><W90/><AGARI ba="0,1" hai="45,49,51,52,55,58,86,87,88,89,90" m="6351" machi="90" ten="30,4000,0" yaku="8,1,54,2" doraHai="91" who="3" fromWho="3" sc="210,-10,240,-20,300,-10,240,50" />
</Scene>
<Scene>
<INIT seed="2,0,0,1,0,128" ten="200,220,290,290" oya="2" hai0="29,73,100,84,82,62,74,83,52,8,20,119,111" hai1="32,25,117,54,99,118,63,122,4,125,133,92,53" hai2="107,34,35,14,88,95,13,45,126,12,0,28,37" hai3="76,81,64,59,106,103,30,91,47,36,101,109,90"/><V98/><F0/><W51/><G109/><T72/><D111/><U135/><E122/><V79/><F126/><W24/><G36/><T93/><D119/><U49/><E125/><V46/><F79/><W65/><G106/><T27/><D8/><U18/><E4/><V104/><F28/><W44/><G44/><T15/><D15/><U42/><E42/><V56/><F56/><W75/><G91/><T40/><D40/><U112/><E112/><V124/><F124/><W96/><G90/><T22/><D22/><N who="1" m="13527" /><E32/><V10/><F10/><W19/><G19/><T134/><D134/><N who="1" m="51211" /><E63/><V33/><F37/><W5/><G5/><T48/><D62/><U97/><E54/><V26/><F26/><W121/><G24/><T105/><D52/><U55/><E55/><V80/><F80/><W68/><G81/><T17/><D83/><U60/><E60/><V21/><F21/><W129/><G121/><T102/><D27/><U66/><E66/><V39/><F39/><W16/><G65/><T78/><D20/><U6/><E6/><V127/><F127/><W120/><G64/><T41/><D41/><U3/><E3/><V9/><F9/><W23/><G120/><T61/><D61/><U108/><E108/><V7/><F7/><W131/><G131/><T89/><D48/><U43/><E43/><V38/><F38/><W1/><G51/><T67/><D67/><U132/><N who="1" m="51219" /><U11/><DORA hai="71" /><E11/><V57/><F34/><W113/><G129/><T69/><D69/><U58/><E92/><V31/><F35/><W70/><G1/><T110/><D93/><RYUUKYOKU ba="0,0" sc="200,-10,220,30,290,-10,290,-10" hai1="49,53,58,97,99,117,118" />
</Scene>
<Scene>
<INIT seed="3,1,0,3,4,65" ten="190,250,280,280" oya="3" hai0="7,101,75,81,18,52,28,129,32,6,86,94,23" hai1="91,123,97,98,88,105,79,55,25,111,122,119,21" hai2="95,114,134,120,44,3,43,38,82,93,124,133,89" hai3="80,29,72,115,54,112,87,110,9,135,85,42,71"/><W128/><G72/><T92/><D75/><U73/><E111/><V37/><F114/><W132/><G110/><T126/><D32/><U130/><E130/><V19/><F3/><W47/><G128/><T64/><D129/><U46/><E119/><V99/><F124/><W67/><G29/><T5/><D126/><U10/><E10/><V50/><F120/><W131/><G131/><T84/><D28/><U35/><E35/><V68/><F82/><W61/><G9/><T62/><D101/><U90/><E79/><V117/><F117/><W53/><G87/><N who="0" m="33323" /><D81/><U78/><E78/><V14/><F93/><W69/><G69/><T59/><D64/><U66/><E66/><V77/><F77/><N who="3" m="46223" /><G112/><T41/><D41/><U74/><E74/><V13/><F68/><W15/><G15/><AGARI ba="1,0" hai="5,6,7,15,18,23,52,59,62,92,94" m="33323" machi="15" ten="30,2000,0" yaku="8,1,54,1" doraHai="65" who="0" fromWho="3" sc="190,23,250,0,280,0,280,-23" />
</Scene>
<Scene>
<INIT seed="4,0,0,3,4,111" ten="213,250,280,257" oya="0" hai0="31,28,45,26,21,91,7,29,47,131,20,90,81" hai1="40,97,35,44,8,133,109,18,86,2,114,22,64" hai2="30,42,74,99,57,55,116,32,92,48,68,1,38" hai3="96,6,110,43,85,95,124,36,107,106,135,11,50"/><T0/><D131/><U27/><E109/><V17/><F74/><W46/><G110/><T100/><D100/><U66/><E133/><V128/><F1/><W108/><G108/><T53/><D0/><U19/><E97/><V94/><F68/><W125/><G135/><T79/><D7/><U70/><E35/><V12/><F128/><W127/><G85/><N who="0" m="48319" /><D53/><U93/><E70/><V33/><F116/><W77/><G77/><T73/><D73/><U15/><E2/><V112/><F112/><W5/><G36/><T130/><D130/><U75/><E75/><V25/><F33/><W60/><G60/><T84/><D21/><U65/><E114/><V115/><F115/><W41/><G41/><T120/><D120/><U119/><E119/><V132/><F132/><W37/><G37/><T103/><D103/><U76/><E93/><V3/><F3/><N who="3" m="447" /><G6/><T67/><D67/><U69/><E69/><V105/><F105/><W23/><G23/><T87/><D87/><U13/><E86/><V89/><F92/><W51/><G51/><T52/><D91/><AGARI ba="0,0" hai="43,46,50,91,95,96,106,107,124,125,127" m="447" machi="91" ten="30,1000,0" yaku="18,1" doraHai="111" who="3" fromWho="0" sc="213,-10,250,0,280,0,257,10" />
</Scene>
<Scene>
<INIT seed="5,0,0,2,5,26" ten="203,250,280,267" oya="1" hai0="19,43,103,109,61,56,88,13,7,66,77,20,46" hai1="11,96,35,24,59,69,102,90,119,67,60,18,65" hai2="10,8,54,116,75,106,87,79,38,70,14,135,51" hai3="42,72,127,22,107,29,128,63,41,9,126,115,15"/><U122/><E119/><V21/><F116/><W112/><G107/><T110/><D103/><U30/><E122/><V50/><F38/><W84/><G72/><T12/><D77/><U100/><E90/><V93/><F106/><W52/><G84/><T32/><D32/><U6/><E18/><N who="2" m="10455" /><F70/><W129/><G42/><T25/><D88/><U83/><E83/><N who="2" m="47615" /><F135/><W36/><G41/><T28/><D7/><U57/><E69/><V125/><F125/><N who="3" m="47627" /><G36/><T82/><D82/><U133/><E133/><V3/><F3/><W94/><G94/><T105/><D105/><U124/><E124/><V85/><F75/><W53/><G22/><T104/><D104/><U92/><E102/><V0/><F0/><W17/><G29/><T114/><D114/><N who="3" m="43561" /><G63/><T86/><D86/><U40/><E40/><V23/><F23/><W58/><G58/><T123/><D123/><U27/><E57/><N who="2" m="32983" /><F51/><W95/><G95/><T101/><D101/><U81/><E81/><V68/><F68/><W98/><G98/><T5/><D5/><U99/><E99/><V113/><F113/><W131/><AGARI ba="0,0" hai="9,15,17,52,53,128,129,131" m="43561,47627" machi="131" ten="40,8000,1" yaku="19,1,18,1,15,1,54,1" doraHai="26" who="3" fromWho="3" sc="203,-20,250,-40,280,-20,267,80" owari="183,-32.0,210,-19.0,260,6.0,347,45.0" />
</Scene>
</mjloggm>