<mjloggm ver="2.3"><GO type="97"/><UN n0="%E3%81%BE%E3%81%84%E3%81%99%E3%82%8A%EF%BD%9E" n1="%E5%A4%AA%E3%81%8F%E3%81%AA%E3%81%84%E3%81%8A" n2="%E3%82%A2%E3%83%8A%E3%83%AB%E5%85%84%E5%BC%9F" n3="%6E%79%31%30%32%39" dan="15,13,14,14" rate="1956,1984,1993,1963" sx="F,M,M,M"/><TAIKYOKU oya="0"/>

<Scene>
<INIT seed="0,0,0,1,2,94" ten="250,250,250,250" oya="0" hai0="1,44,69,65,51,25,57,20,9,130,26,40,3" hai1="118,21,132,72,127,30,110,128,70,104,87,115,18" hai2="95,86,11,131,64,133,49,42,37,135,28,0,38" hai3="32,100,17,23,126,98,90,93,68,36,27,85,112"/><T10/><D69/><U54/><RYUUKYOKU type="yao9" ba="0,0" sc="250,0,250,0,250,0,250,0" hai1="18,21,30,54,70,72,87,104,110,115,118,127,128,132" />
</Scene>
<Scene>
<INIT seed="0,1,0,0,5,116" ten="250,250,250,250" oya="0" hai0="106,132,74,126,33,118,77,22,97,100,46,54,59" hai1="7,79,135,99,119,89,11,39,62,115,102,12,68" hai2="66,124,107,64,26,85,92,14,16,108,61,87,44" hai3="37,53,65,117,38,8,125,129,80,127,9,83,15"/><T121/><D118/><U1/><E119/><V56/><F107/><W101/><G101/><T10/><D33/><U103/><E39/><N who="3" m="14858" /><G53/><T4/><D132/><U51/><E135/><V41/><F124/><N who="3" m="47691" /><G65/><T55/><D126/><U112/><E79/><V90/><F108/><W111/><G117/><T42/><D121/><U82/><E1/><V75/><F26/><W123/><G15/><T93/><D106/><U122/><E51/><N who="2" m="27023" /><F75/><W31/><G31/><T60/><D22/><U114/><E122/><V86/><F66/><W81/><G123/><T28/><D28/><U133/><E133/><V20/><AGARI ba="1,0" hai="14,16,20,56,61,64,85,86,87,90,92" m="27023" machi="20" ten="30,2000,0" yaku="8,1,54,1" doraHai="116" who="2" fromWho="2" sc="250,-11,250,-6,250,23,250,-6" />
</Scene>
<Scene>
<INIT seed="1,0,0,0,5,77" ten="239,244,273,244" oya="1" hai0="108,38,69,28,130,74,9,95,32,89,29,14,73" hai1="134,66,132,101,26,0,123,107,54,72,133,71,82" hai2="98,127,117,119,97,34,131,114,11,79,15,22,60" hai3="10,18,51,16,20,62,92,1,106,111,78,44,12"/><U59/><E123/><V25/><F34/><W48/><G111/><T86/><D108/><U96/><E0/><V100/><F131/><W4/><G106/><T126/><D130/><U41/><E41/><V45/><F127/><W103/><G62/><T43/><D126/><U110/><E110/><V27/><F98/><W125/><G125/><T129/><D69/><U8/><E8/><V52/><F27/><W91/><G103/><T55/><D129/><U85/><E26/><V37/><F37/><W80/><G18/><T3/><D3/><U64/><E72/><V49/><F60/><W121/><G121/><T113/><D113/><U88/><E71/><V67/><F67/><W109/><G109/><T70/><D70/><U30/><E30/><V124/><F114/><W58/><G58/><T6/><D32/><U35/><E35/><V56/><F56/><W19/><G19/><T33/><D33/><U84/><E84/><V5/><F79/><W23/><G23/><T65/><D38/><U115/><E115/><V50/><F49/><AGARI ba="0,0" hai="49,54,59,64,66,82,85,88,96,101,107,132,133,134" machi="49" ten="40,7700,0" yaku="20,1,52,1,54,1" doraHai="77" who="1" fromWho="2" sc="239,0,244,77,273,-77,244,0" />
</Scene>
<Scene>
<INIT seed="1,1,0,1,2,14" ten="239,321,196,244" oya="1" hai0="104,62,0,110,9,114,42,18,76,41,113,50,91" hai1="58,48,25,106,107,33,55,7,19,117,99,78,34" hai2="122,45,12,74,92,94,22,121,20,5,86,16,90" hai3="57,51,28,130,132,38,6,66,133,1,101,4,71"/><U118/><E7/><N who="3" m="2602" /><G1/><T80/><D104/><U35/><E78/><V135/><F74/><W15/><G38/><T21/><D110/><U111/><E111/><V70/><F70/><W73/><G73/><T54/><D9/><U13/><E25/><V64/><F135/><N who="3" m="51787" /><G101/><T93/><D0/><U98/><E106/><V95/><F64/><W102/><G102/><T82/><D62/><U68/><E68/><V24/><F45/><W47/><G71/><T115/><D76/><U88/><E107/><V11/><REACH who="2" step="1"/><F22/><REACH who="2" ten="239,321,186,244" step="2"/><W39/><G66/><T75/><D75/><U84/><E118/><V134/><F134/><W69/><G47/><T31/><D21/><N who="1" m="11503" /><E117/><V8/><F8/><W40/><G69/><T72/><D72/><U79/><E79/><V65/><F65/><W112/><G57/><N who="0" m="32983" /><D115/><U105/><E105/><V116/><F116/><W87/><G112/><T49/><D114/><U59/><E59/><V126/><F126/><W119/><G119/><T103/><D113/><U89/><E33/><V108/><F108/><W83/><G39/><T60/><D80/><AGARI ba="1,1" hai="5,11,12,16,20,24,80,86,90,92,94,95,121,122" machi="80" ten="40,5200,0" yaku="1,1,52,1,54,1,53,0" doraHai="14" doraHaiUra="27" who="2" fromWho="0" sc="239,-55,321,0,186,65,244,0" />
</Scene>
<Scene>
<INIT seed="2,0,0,4,2,107" ten="184,321,251,244" oya="2" hai0="76,11,102,30,34,10,94,63,32,127,17,96,2" hai1="67,83,128,98,37,38,46,15,120,20,75,109,117" hai2="53,21,52,64,42,66,36,49,81,12,62,5,8" hai3="47,4,1,133,48,13,86,78,101,7,18,57,39"/><V92/><F36/><W126/><G133/><T43/><D127/><U130/><E117/><V29/><F42/><W118/><G126/><T105/><D43/><U70/><E109/><V56/><F81/><W123/><G123/><T28/><D63/><N who="1" m="40319" /><E46/><N who="2" m="27703" /><F92/><W68/><G68/><T131/><D131/><N who="1" m="50219" /><E120/><V3/><F3/><W103/><G118/><T116/><D116/><U99/><E37/><V135/><F135/><W25/><G39/><T14/><D76/><N who="1" m="44447" /><E38/><V40/><F40/><W31/><G57/><T104/><D30/><U93/><E93/><V44/><F44/><W129/><G47/><T0/><D28/><U84/><E84/><V35/><F35/><W125/><G86/><T50/><D50/><U100/><E100/><V113/><F113/><W71/><G48/><T60/><D60/><U61/><E61/><V121/><F121/><W134/><G101/><T58/><D58/><U59/><E59/><V6/><F6/><W110/><G103/><T77/><D77/><U65/><E65/><V69/><F69/><W54/><G71/><T111/><D111/><U122/><E122/><V74/><F74/><W95/><G134/><T80/><D80/><U119/><E119/><V55/><F66/><W73/><G95/><T115/><D115/><U87/><E87/><V90/><F90/><W91/><G91/><T89/><D89/><U112/><E112/><V22/><F21/><W132/><G132/><T114/><D114/><U9/><E20/><V108/><F108/><W24/><G110/><T41/><D41/><U26/><E99/><V45/><F45/><W79/><G79/><RYUUKYOKU ba="0,0" sc="184,-10,321,-10,251,30,244,-10" hai2="5,8,12,22,29,53,55,56,62,64" />
</Scene>
<Scene>
<INIT seed="2,1,0,4,3,11" ten="174,311,281,234" oya="2" hai0="72,21,55,68,40,75,77,74,47,50,57,13,127" hai1="31,128,86,108,85,118,62,52,93,120,10,90,60" hai2="80,16,113,81,26,130,132,32,64,59,83,65,119" hai3="2,134,37,71,116,95,135,69,8,102,131,106,79"/><V44/><F32/><W41/><G106/><T124/><D68/><N who="3" m="26185" /><G79/><T22/><D22/><U70/><E118/><V39/><F119/><W56/><G116/><T100/><D100/><U101/><E70/><V61/><F113/><W3/><G56/><T6/><D77/><U9/><E108/><V15/><F26/><W114/><G102/><T91/><D91/><N who="1" m="53487" /><E101/><V76/><F132/><N who="3" m="50731" /><G95/><T25/><D25/><U49/><E31/><V98/><F98/><W129/><G114/><T122/><D122/><U115/><E128/><N who="3" m="49226" /><G8/><N who="1" m="3178" /><E120/><V107/><F130/><W88/><G88/><T51/><REACH who="0" step="1"/><D6/><REACH who="0" ten="164,311,281,234" step="2"/><U117/><E117/><V48/><F76/><W125/><G125/><T112/><D112/><U110/><E115/><V0/><F107/><W20/><G20/><T34/><D34/><U23/><E23/><N who="2" m="11679" /><F0/><N who="3" m="43" /><G41/><T43/><D43/><U73/><E90/><V97/><F97/><W78/><G78/><T30/><D30/><U42/><E42/><V7/><F7/><W54/><G54/><T1/><D1/><U53/><E52/><N who="2" m="29703" /><F65/><W4/><G4/><T45/><D45/><U94/><E53/><V123/><F123/><W33/><G33/><T109/><D109/><U103/><E110/><V35/><F35/><W12/><G12/><T66/><D66/><U28/><E103/><V133/><F133/><W46/><G46/><T63/><D63/><U14/><E60/><V67/><F67/><W84/><G84/><T121/><D121/><U17/><E62/><V19/><F19/><AGARI ba="1,1" hai="13,19,21,40,47,50,51,55,57,72,74,75,124,127" machi="19" ten="50,6400,0" yaku="1,1,52,1,53,1" doraHai="11" doraHaiUra="36" who="0" fromWho="2" sc="164,77,311,0,281,-67,234,0" />
</Scene>
<Scene>
<INIT seed="3,0,0,0,5,67" ten="241,311,214,234" oya="3" hai0="83,106,71,121,14,81,24,94,35,51,131,37,134" hai1="108,61,126,117,102,110,127,112,72,0,133,135,118" hai2="82,41,87,31,9,34,93,8,79,92,84,111,19" hai3="2,63,21,39,77,107,49,90,11,129,98,40,100"/><W7/><G129/><T103/><D106/><U85/><E0/><V43/><F34/><W104/><G77/><T132/><D37/><U123/><E72/><V6/><F31/><W45/><G90/><T13/><D131/><U124/><E102/><V17/><F111/><N who="1" m="42537" /><E85/><V46/><F46/><W66/><G21/><T48/><D71/><U60/><E112/><V95/><F87/><W38/><REACH who="3" step="1"/><G107/><REACH who="3" ten="241,311,214,224" step="2"/><T89/><D89/><U91/><E91/><V28/><F9/><W105/><G105/><T27/><D134/><N who="1" m="51211" /><E123/><V68/><F28/><W18/><G18/><N who="2" m="6665" /><F68/><AGARI ba="0,1" hai="2,7,11,38,39,40,45,49,63,66,68,98,100,104" machi="68" ten="30,11600,0" yaku="1,1,7,1,52,1,53,1" doraHai="67" doraHaiUra="58" who="3" fromWho="2" sc="241,0,311,0,214,-116,224,126" owari="241,-16.0,311,11.0,98,-40.0,350,45.0" />
</Scene>
</mjloggm>