<mjloggm ver="2.3"><GO type="41"/><UN n0="%63%61%7A%61%69%6E" n1="%70%65%61%73%6B%65" n2="%E3%82%AD%E3%83%AA%E3%82%A3" n3="%E5%A4%AA%E3%81%8F%E3%81%AA%E3%81%84%E3%81%8A" dan="14,13,14,13" rate="1881,1912,1963,1963" sx="M,F,M,M"/><TAIKYOKU oya="0"/>

<Scene>
<INIT seed="0,0,0,0,0,108" ten="250,250,250,250" oya="0" hai0="49,30,20,18,84,75,17,34,63,48,132,53,60" hai1="54,19,55,77,31,95,83,3,99,15,59,125,67" hai2="65,94,0,43,116,10,32,35,110,5,47,44,26" hai3="109,86,106,92,16,121,90,66,64,71,114,61,135"/><T46/><D75/><U23/><E3/><V50/><F116/><W103/><G109/><T133/><D49/><U120/><E125/><V7/><F110/><W122/><G135/><N who="0" m="51787" /><D84/><U21/><E120/><N who="3" m="46186" /><G66/><T70/><D70/><U36/><E36/><V82/><F65/><W100/><G106/><T38/><D38/><U102/><E83/><V41/><F26/><W56/><G71/><T28/><D18/><U111/><E111/><V117/><F94/><W131/><G131/><T13/><D34/><U39/><E77/><V45/><F117/><W123/><G123/><T1/><D1/><U57/><E57/><V93/><F93/><W105/><G105/><T127/><D127/><U128/><E39/><V22/><F22/><W37/><G37/><T81/><D81/><U24/><REACH who="1" step="1"/><E128/><REACH who="1" ten="250,240,250,250" step="2"/><V129/><F129/><W76/><G76/><T52/><D46/><U130/><E130/><V115/><F47/><W134/><G134/><T9/><D48/><U33/><E33/><V85/><F82/><W14/><G56/><T78/><D78/><U12/><E12/><V73/><F50/><W74/><G14/><T87/><D63/><AGARI ba="0,1" hai="15,19,21,23,24,31,54,55,59,63,67,95,99,102" machi="63" ten="40,8000,1" yaku="1,1,25,2,8,1,53,0" doraHai="108" doraHaiUra="104" who="1" fromWho="0" sc="250,-80,240,90,250,0,250,0" />
</Scene>
<Scene>
<INIT seed="1,0,0,1,5,4" ten="170,330,250,250" oya="1" hai0="116,57,115,88,131,32,109,81,105,39,94,108,80" hai1="17,107,129,66,103,76,1,83,19,82,84,54,62" hai2="40,30,69,22,96,56,27,128,75,106,10,121,101" hai3="63,113,77,119,14,38,35,28,110,64,74,0,55"/><U92/><E1/><V23/><F75/><W104/><G113/><T117/><D32/><U6/><E6/><V65/><F121/><W11/><G110/><N who="0" m="42603" /><D39/><U7/><E7/><V3/><F40/><W126/><G104/><T70/><D70/><U124/><E129/><V41/><F41/><W123/><G123/><T114/><D105/><U24/><E124/><V87/><F128/><W53/><G38/><T99/><D57/><U91/><E54/><V112/><F112/><N who="0" m="43050" /><D131/><U9/><E107/><V79/><F56/><W51/><G0/><T127/><D127/><U98/><E9/><V68/><F10/><W2/><G2/><T20/><D20/><U93/><E24/><V71/><F3/><W120/><G126/><T37/><D37/><U118/><E83/><AGARI ba="0,0" hai="80,81,83,88,94,99,116,117" m="43050,42603" machi="83" ten="30,7700,0" yaku="14,1,34,2,54,1" doraHai="4" who="0" fromWho="1" sc="170,77,330,-77,250,0,250,0" />
</Scene>
<Scene>
<INIT seed="2,0,0,2,5,109" ten="247,253,250,250" oya="2" hai0="28,125,12,34,36,120,121,35,10,73,49,106,32" hai1="98,71,111,126,21,37,55,87,105,16,65,8,93" hai2="13,114,25,100,122,81,19,110,66,0,90,117,75" hai3="85,58,88,69,127,64,38,3,99,113,50,80,43"/><V116/><F0/><W95/><G3/><T118/><D36/><U41/><E111/><V133/><F110/><W77/><G127/><T56/><D73/><U102/><E126/><V7/><F122/><N who="0" m="47210" /><D106/><U42/><E8/><V51/><F133/><W33/><G33/><N who="0" m="12907" /><D56/><U68/><E37/><V89/><F7/><W92/><G38/><T6/><D49/><U24/><E68/><V47/><F25/><W124/><G124/><T48/><D48/><U94/><E105/><V108/><F108/><W134/><G134/><T53/><D53/><U52/><E65/><V129/><F100/><W119/><G69/><T45/><D45/><U17/><E17/><V14/><F66/><W22/><G43/><N who="1" m="16394" /><E71/><V15/><F51/><W104/><G104/><T39/><D39/><U130/><E130/><V82/><F15/><W70/><G70/><T74/><D74/><U86/><E86/><V84/><F75/><W107/><G107/><T97/><D97/><U46/><E46/><V5/><F129/><W132/><G99/><T103/><D103/><U83/><E93/><V123/><F123/><W54/><G92/><T60/><D60/><U67/><E67/><V131/><F131/><W128/><G128/><T4/><D125/><U57/><E57/><V101/><F101/><W63/><G95/><T2/><D118/><U79/><AGARI ba="0,0" hai="16,21,24,52,55,79,83,87,94,98,102" m="16394" machi="79" ten="30,4000,0" yaku="8,1,54,2" doraHai="109" who="1" fromWho="1" sc="247,-10,253,40,250,-20,250,-10" />
</Scene>
<Scene>
<INIT seed="3,0,0,0,5,127" ten="237,293,230,240" oya="3" hai0="99,93,10,6,16,102,131,79,96,22,110,30,71" hai1="82,50,51,106,24,120,73,32,63,53,119,40,101" hai2="116,3,44,17,27,15,72,126,36,74,35,31,61" hai3="118,122,113,13,4,0,14,60,117,37,52,1,18"/><W129/><G122/><T98/><D71/><U89/><E120/><V29/><F126/><W104/><G37/><T59/><D110/><U83/><E119/><V114/><F116/><W124/><G104/><T121/><D121/><U57/><E73/><V81/><F114/><W19/><G124/><T100/><D79/><U62/><E106/><V38/><F31/><W123/><G123/><T92/><D30/><U48/><E32/><V41/><F61/><N who="1" m="23049" /><E101/><V88/><F38/><W46/><G113/><T135/><D135/><U75/><E75/><V12/><F12/><W55/><G60/><T7/><D59/><U90/><E24/><V69/><F3/><W66/><G46/><T9/><D131/><U45/><E50/><V130/><F69/><W85/><G85/><T23/><D99/><U54/><E40/><V39/><F39/><W80/><G80/><AGARI ba="0,0" hai="45,48,51,53,54,57,80,82,83,89,90" m="23049" machi="80" ten="30,1000,0" yaku="8,1" doraHai="127" who="1" fromWho="3" sc="237,0,293,10,230,0,240,-10" />
</Scene>
<Scene>
<INIT seed="4,0,0,0,0,111" ten="237,303,230,230" oya="0" hai0="3,53,91,44,121,94,95,32,66,104,18,112,19" hai1="99,41,58,31,98,130,79,107,102,113,12,9,122" hai2="108,126,48,36,87,103,67,59,119,13,63,77,85" hai3="97,16,0,45,34,101,8,109,35,39,81,25,50"/><T23/><D121/><U72/><E122/><V134/><F36/><W133/><G109/><T80/><D104/><U74/><E31/><V131/><F108/><W29/><G133/><T24/><D32/><U6/><E58/><V120/><F120/><W116/><G116/><T61/><D3/><U4/><E41/><V106/><F134/><W54/><G39/><T37/><D19/><U51/><E6/><V33/><F119/><W30/><G81/><T22/><D22/><U56/><E98/><V78/><F33/><W42/><G42/><T21/><D21/><U57/><E130/><V75/><F131/><W62/><G62/><T96/><D37/><U70/><E70/><V47/><F75/><W118/><G118/><T82/><D95/><U43/><E74/><V2/><F2/><W65/><G65/><T124/><D124/><U38/><E51/><V52/><F103/><W73/><G73/><T114/><D53/><U117/><E117/><V128/><F106/><W132/><G132/><T105/><D44/><U26/><E26/><V135/><F126/><W69/><G69/><N who="0" m="42191" /><D105/><U84/><E84/><N who="2" m="32331" /><F128/><W93/><G0/><T28/><D28/><N who="3" m="10857" /><G25/><T15/><D24/><U88/><E43/><V11/><F135/><W86/><G86/><T55/><D55/><U110/><E110/><V49/><F49/><W89/><G101/><T27/><D27/><U115/><E38/><V123/><F123/><W46/><G46/><T127/><D127/><U17/><E4/><AGARI ba="0,0" hai="4,11,13,47,48,52,59,63,67,77,78" m="32331" machi="4" ten="30,2000,0" yaku="8,1,54,1" doraHai="111" who="2" fromWho="1" sc="237,0,303,-20,230,20,230,0" />
</Scene>
<Scene>
<INIT seed="5,0,0,5,3,108" ten="237,283,250,230" oya="1" hai0="31,118,34,89,3,7,42,43,111,104,8,51,23" hai1="97,78,103,93,124,27,95,44,60,135,24,40,69" hai2="58,36,75,59,12,9,77,65,53,68,123,112,5" hai3="38,21,49,86,16,4,28,47,125,120,50,33,114"/><U134/><E78/><V100/><F36/><W127/><G120/><T79/><D104/><U96/><E124/><N who="3" m="47690" /><G4/><T1/><D111/><U92/><E60/><V109/><F123/><W15/><G86/><T54/><D118/><U116/><E69/><V132/><F109/><W126/><N who="3" m="47698" /><W71/><DORA hai="0" /><G71/><T131/><D131/><U26/><E116/><V19/><F68/><W121/><G121/><T11/><D34/><U35/><E35/><V45/><F132/><N who="1" m="50729" /><E103/><V41/><F100/><W113/><G38/><AGARI ba="0,0" hai="24,26,27,38,40,44,92,93,95,96,97" m="50729" machi="38" ten="40,2000,0" yaku="20,1" doraHai="108,0" who="1" fromWho="3" sc="237,0,283,20,250,0,230,-20" />
</Scene>
<Scene>
<INIT seed="5,1,0,4,2,26" ten="237,303,250,210" oya="1" hai0="60,79,7,127,132,71,68,111,55,75,67,126,54" hai1="50,20,72,33,15,46,125,115,27,106,10,131,89" hai2="129,70,49,63,81,114,44,118,57,133,18,5,76" hai3="135,105,29,120,90,109,9,101,12,107,86,23,58"/><U13/><E72/><V97/><F118/><W92/><G109/><T21/><D75/><U28/><E106/><V82/><F70/><N who="0" m="26666" /><D79/><U73/><E73/><V45/><F5/><W78/><G120/><T17/><D7/><U121/><E89/><V128/><F97/><W53/><G135/><T35/><D35/><U99/><E99/><V61/><F133/><W62/><G78/><T39/><D132/><U24/><E50/><V87/><F82/><W1/><G101/><T32/><D32/><U77/><E46/><V84/><F114/><W64/><G1/><T122/><D111/><U36/><E36/><V25/><F87/><W16/><REACH who="3" step="1"/><G64/><REACH who="3" ten="237,303,250,200" step="2"/><T3/><D3/><U102/><E102/><V40/><F128/><W117/><G117/><T14/><D122/><U96/><E77/><V80/><F129/><W93/><G93/><T69/><D39/><U0/><E131/><V98/><F80/><W6/><G6/><T52/><D67/><U124/><E96/><V51/><F98/><W38/><G38/><T11/><D69/><U47/><E121/><V95/><F95/><W110/><G110/><T56/><D11/><U100/><E100/><V2/><F2/><W37/><G37/><T48/><D48/><U134/><E134/><V104/><F104/><W112/><G112/><T59/><D60/><U30/><E115/><V42/><F63/><W123/><G123/><T66/><D66/><U34/><E0/><V91/><F76/><W85/><G85/><T4/><D4/><N who="1" m="3271" /><E47/><V74/><F61/><W83/><G83/><T130/><D130/><U94/><E94/><RYUUKYOKU ba="1,1" sc="237,10,303,10,250,-30,200,10" hai0="14,17,21,52,54,55,56,59,126,127" hai1="15,20,24,27,28,30,33,34,124,125" hai3="9,12,16,23,29,53,58,62,86,90,92,105,107" />
</Scene>
<Scene>
<INIT seed="5,2,1,1,1,23" ten="247,313,220,210" oya="1" hai0="72,112,104,105,18,13,134,99,127,121,32,129,103" hai1="95,33,10,64,81,62,133,92,1,27,7,38,5" hai2="26,4,73,123,122,21,114,80,49,63,28,135,119" hai3="90,132,108,22,8,115,37,116,50,30,101,102,24"/><U11/><E38/><V58/><F119/><W85/><G108/><T86/><D32/><U83/><E133/><V125/><F135/><W2/><G37/><T88/><D134/><U130/><E130/><V128/><F128/><W124/><G132/><T107/><D129/><U77/><E83/><V84/><F73/><W0/><G116/><T117/><D117/><U126/><E126/><V51/><F125/><W40/><G124/><T44/><D127/><U29/><E10/><V106/><F106/><W54/><G40/><T65/><D112/><U67/><E64/><V74/><F74/><W82/><G115/><T76/><D65/><U109/><E7/><V118/><F118/><W87/><G87/><T70/><D44/><U17/><E17/><V91/><F4/><W45/><REACH who="3" step="1"/><G8/><REACH who="3" ten="247,313,220,200" step="2"/><T55/><D121/><U131/><E109/><V79/><F114/><W42/><G42/><T66/><D66/><U53/><E53/><V31/><F122/><W16/><G16/><T25/><D55/><U43/><E43/><V61/><F123/><W94/><G94/><N who="0" m="54551" /><D70/><U97/><E97/><V20/><F79/><W96/><G96/><T36/><D36/><U59/><REACH who="1" step="1"/><E131/><REACH who="1" ten="247,303,220,200" step="2"/><V39/><F39/><W78/><G78/><T14/><D107/><U34/><E34/><V71/><F71/><W47/><G47/><T75/><D105/><U19/><E19/><V12/><F58/><W98/><G98/><T60/><D104/><U48/><E48/><V6/><F51/><W41/><G41/><T46/><D99/><U56/><E56/><V9/><F49/><W35/><G35/><RYUUKYOKU ba="2,3" sc="247,-30,303,10,220,10,200,10" hai1="1,5,11,27,29,33,59,62,67,77,81,92,95" hai2="6,9,12,20,21,26,28,31,61,63,80,84,91" hai3="0,2,22,24,30,45,50,54,82,85,90,101,102" />
</Scene>
<Scene>
<INIT seed="5,3,3,4,4,14" ten="217,313,230,210" oya="1" hai0="41,22,73,119,30,115,112,10,91,90,99,68,82" hai1="53,67,128,44,104,43,127,103,15,123,84,120,3" hai2="100,134,7,81,13,37,92,118,28,116,111,12,56" hai3="83,47,70,51,29,110,61,69,121,114,34,122,16"/><U101/><E3/><V50/><F37/><W87/><G110/><T8/><D119/><U31/><E127/><V46/><F111/><W42/><G114/><N who="0" m="43563" /><D68/><U58/><E128/><V1/><F1/><W62/><G69/><T35/><D35/><U26/><E67/><V45/><F134/><W19/><G121/><T64/><D64/><U27/><E103/><V77/><F28/><W130/><G122/><T59/><D41/><U23/><E27/><V131/><F131/><W94/><G130/><T126/><D126/><U125/><E125/><V33/><F33/><W4/><G4/><T88/><D59/><U24/><E24/><V9/><F46/><W2/><G2/><T71/><D71/><U25/><E25/><V109/><F56/><W113/><G113/><T18/><D30/><U32/><E84/><N who="2" m="48175" /><F109/><W135/><G135/><T124/><D124/><U52/><E53/><V20/><F92/><W97/><G29/><T133/><D133/><U80/><E80/><V66/><F66/><W132/><G34/><T78/><D99/><U36/><E123/><V74/><F74/><W129/><G129/><T48/><D48/><U107/><E101/><V98/><F98/><W95/><G132/><T40/><D40/><U102/><E102/><V79/><F79/><N who="3" m="46591" /><G70/><T49/><D49/><U60/><REACH who="1" step="1"/><E120/><REACH who="1" ten="217,303,230,210" step="2"/><V96/><F100/><N who="3" m="60471" /><G95/><T54/><D54/><U117/><E117/><V93/><F118/><W63/><AGARI ba="3,4" hai="16,19,42,47,51,61,62,63" m="60471,46591" machi="63" ten="30,7900,0" yaku="8,1,52,2,54,1" doraHai="14" who="3" fromWho="3" sc="217,-23,303,-42,230,-23,210,128" />
</Scene>
<Scene>
<INIT seed="6,0,0,1,3,2" ten="194,261,207,338" oya="2" hai0="7,65,75,6,40,108,34,41,38,95,71,128,85" hai1="58,42,54,39,61,76,125,91,21,79,78,29,53" hai2="120,17,11,55,114,135,64,107,83,81,126,10,66" hai3="15,9,72,48,57,26,52,51,133,90,102,31,121"/><V14/><F120/><W94/><G121/><T98/><D75/><U104/><E104/><V118/><F118/><W87/><G72/><T25/><D108/><U130/><E125/><V22/><F107/><W99/><G133/><T127/><D127/><U46/><E130/><V13/><F126/><W116/><G116/><T80/><D128/><U109/><E109/><V92/><F135/><W132/><G132/><T44/><D41/><U106/><E106/><V56/><F114/><W103/><G51/><T77/><D71/><U68/><E54/><V70/><F70/><W84/><G84/><T93/><D65/><N who="2" m="25194" /><F92/><W19/><REACH who="3" step="1"/><G87/><REACH who="3" ten="194,261,207,328" step="2"/><T18/><D95/><U131/><E131/><V37/><F37/><W100/><G100/><T86/><D85/><U8/><E68/><V5/><F22/><AGARI ba="0,1" hai="9,15,19,22,26,31,48,52,57,90,94,99,102,103" machi="22" ten="30,7700,0" yaku="1,1,7,1,8,1,54,1,53,0" doraHai="2" doraHaiUra="110" who="3" fromWho="2" sc="194,0,261,0,207,-77,328,87" />
</Scene>
<Scene>
<INIT seed="7,0,0,1,1,39" ten="194,261,130,415" oya="3" hai0="101,2,79,71,23,34,66,45,100,126,107,0,85" hai1="130,96,33,75,65,41,118,123,35,98,68,135,28" hai2="134,15,20,114,50,57,48,74,69,133,5,117,7" hai3="67,11,77,89,14,121,80,91,49,73,59,72,103"/><W12/><G121/><T104/><D126/><U122/><E75/><V3/><F74/><W27/><G73/><T70/><D23/><U55/><E68/><V4/><F69/><W120/><G120/><T42/><D85/><U119/><E65/><V86/><F117/><N who="1" m="44553" /><E55/><V63/><F114/><W95/><G27/><T1/><D79/><U13/><E28/><V108/><F108/><W99/><G14/><T90/><D90/><U116/><N who="1" m="44561" /><U54/><DORA hai="83" /><E54/><V97/><F97/><N who="1" m="37481" /><E13/><V16/><F3/><W109/><G109/><T40/><D66/><U93/><E93/><V112/><F112/><W44/><G67/><T58/><D58/><U61/><E61/><V10/><F134/><W94/><G59/><T105/><D34/><N who="1" m="12811" /><E130/><V8/><F133/><W84/><G94/><T19/><D19/><U52/><E52/><N who="2" m="34215" /><F10/><W92/><G92/><T62/><D62/><U32/><N who="1" m="12819" /><U102/><DORA hai="87" /><E135/><V51/><F8/><W36/><G72/><T24/><D24/><U17/><E17/><V110/><F110/><W111/><G111/><T53/><D53/><U129/><E129/><V124/><F124/><W6/><G95/><T22/><D71/><U115/><E102/><N who="0" m="39529" /><D70/><U31/><E31/><V127/><F127/><W64/><G103/><T78/><D22/><U26/><E26/><V38/><F38/><W25/><G36/><T132/><D132/><U29/><E29/><V56/><F56/><W128/><G128/><T125/><D125/><U46/><E115/><V47/><F47/><W82/><G44/><T43/><D78/><U37/><AGARI ba="0,0" hai="37,41,46,122,123" m="12819,37481,44561" machi="37" ten="60,7900,0" yaku="5,1,12,1,52,1" doraHai="39,83,87" who="1" fromWho="1" sc="194,-20,261,79,130,-20,415,-39" owari="174,-23.0,340,14.0,110,-39.0,376,48.0" />
</Scene>
</mjloggm>