<mjloggm ver="2.3"><GO type="169"/><UN n0="%E3%82%B3%E3%83%8F%E3%83%AB%E3%82%B9%E3%82%BF%E3%83%BC" n1="%67%69%6A%79%75%74%75" n2="%E3%83%97%E3%83%AD%E3%82%B8%E3%83%A3%E3%83%B3%E6%B0%8F" n3="%E5%A4%AA%E3%81%8F%E3%81%AA%E3%81%84%E3%81%8A" dan="16,16,17,17" rate="2102,2118,2156,2178" sx="F,M,M,M"/><TAIKYOKU oya="0"/>

<Scene>
<INIT seed="0,0,0,2,2,0" ten="250,250,250,250" oya="0" hai0="69,92,126,90,25,119,101,55,66,102,19,16,60" hai1="41,111,121,18,98,77,75,132,7,23,46,50,93" hai2="73,63,56,59,9,10,38,51,131,61,104,114,52" hai3="133,100,89,123,34,97,128,8,72,116,129,120,74"/><T91/><D119/><U82/><E121/><N who="3" m="46666" /><G34/><T85/><D126/><U81/><E111/><V95/><F104/><N who="3" m="63503" /><G8/><T71/><D71/><U2/><E132/><V79/><F131/><N who="3" m="50251" /><G116/><T37/><D37/><U14/><E82/><V49/><F114/><W108/><G108/><T122/><D122/><U130/><E130/><V86/><F73/><N who="3" m="28267" /><G89/><T112/><D112/><U31/><E31/><V83/><F95/><W45/><G45/><T5/><D55/><U30/><E30/><V67/><F38/><W3/><G3/><T53/><D53/><U36/><E36/><V78/><F78/><W118/><G118/><T26/><D5/><U68/><E68/><V11/><AGARI ba="0,0" hai="9,10,11,49,51,52,56,59,61,63,67,79,83,86" machi="11" ten="30,4000,0" yaku="0,1,8,1,54,1" doraHai="0" who="2" fromWho="2" sc="250,-20,250,-10,250,40,250,-10" />
</Scene>
<Scene>
<INIT seed="1,0,0,1,5,85" ten="230,240,290,240" oya="1" hai0="22,0,49,105,48,82,24,121,20,75,112,95,55" hai1="63,6,74,71,28,69,50,133,2,125,84,94,17" hai2="1,64,119,23,53,68,123,120,54,92,110,9,44" hai3="128,114,109,83,102,13,65,43,78,135,59,124,132"/><U12/><E74/><V73/><F73/><W38/><G114/><T58/><D105/><U39/><E39/><V16/><F110/><W51/><G109/><T67/><D0/><U27/><E133/><N who="3" m="51274" /><G128/><T40/><D112/><U19/><E125/><V129/><F119/><W131/><G131/><T45/><D121/><U26/><E50/><V10/><F129/><W88/><G102/><T80/><D75/><U130/><E130/><V3/><F68/><W122/><G122/><T36/><D20/><U134/><E134/><V96/><F64/><W11/><G124/><T81/><D67/><U98/><E84/><V93/><F23/><W86/><G38/><T89/><D36/><U111/><E111/><V15/><F15/><W57/><G65/><T66/><D66/><U37/><E37/><V118/><F118/><W41/><G78/><T29/><REACH who="0" step="1"/><D80/><REACH who="0" ten="220,240,290,240" step="2"/><U100/><E71/><V72/><F72/><W77/><G77/><T107/><D107/><U60/><E69/><V35/><F123/><W14/><G11/><T115/><D115/><U30/><E2/><V76/><F1/><W32/><G32/><T61/><D61/><U70/><E70/><V90/><F3/><W47/><G43/><T56/><D56/><AGARI ba="0,1" hai="13,14,41,47,51,56,57,59,83,86,88" m="51274" machi="56" ten="30,3900,0" yaku="20,1,52,1,54,1" doraHai="85" who="3" fromWho="0" sc="220,-39,240,0,290,0,240,49" />
</Scene>
<Scene>
<INIT seed="2,0,0,3,1,40" ten="181,240,290,289" oya="2" hai0="111,0,120,59,73,98,62,133,70,21,126,32,87" hai1="19,55,106,20,116,88,48,50,86,131,6,57,80" hai2="43,122,11,4,84,53,77,23,129,56,13,37,68" hai3="24,74,72,76,33,97,36,45,83,134,54,118,105"/><V49/><F68/><W18/><G118/><T25/><D70/><U114/><E116/><V34/><F34/><W26/><G134/><T125/><D73/><U123/><E114/><V113/><F129/><W3/><G3/><T108/><D32/><U1/><E131/><V29/><F113/><W60/><G74/><T91/><D0/><U10/><E123/><V128/><F128/><W115/><G115/><T69/><D69/><U96/><E96/><V17/><F122/><W9/><G33/><T61/><D120/><U94/><E106/><V28/><F37/><W30/><G30/><T95/><D87/><U130/><E130/><V31/><F43/><W78/><G78/><T65/><D133/><U81/><REACH who="1" step="1"/><E50/><REACH who="1" ten="181,230,290,289" step="2"/><V110/><F110/><W41/><G97/><T51/><D51/><U64/><E64/><V135/><F135/><W47/><G105/><T22/><D62/><U38/><E38/><V15/><F77/><W103/><G76/><T90/><D111/><U71/><E71/><V127/><F127/><W112/><G36/><T92/><D108/><U12/><AGARI ba="0,1" hai="1,6,10,12,19,20,48,55,57,80,81,86,88,94" machi="12" ten="20,12000,2" yaku="1,1,0,1,7,1,25,2,54,1,53,0" doraHai="40" doraHaiUra="39" who="1" fromWho="1" sc="181,-30,230,130,290,-60,289,-30" />
</Scene>
<Scene>
<INIT seed="3,0,0,1,3,79" ten="151,360,230,259" oya="3" hai0="108,97,12,17,77,111,14,53,9,39,86,129,55" hai1="56,28,70,57,109,62,98,135,37,81,20,130,58" hai2="44,131,8,52,59,113,121,26,116,100,60,66,34" hai3="132,47,22,54,68,15,89,103,122,27,105,29,72"/><W40/><G122/><T75/><D75/><U102/><E37/><V124/><F113/><W7/><G68/><T119/><D119/><U67/><E109/><V82/><F116/><W93/><G72/><T33/><D39/><U6/><E6/><V117/><F117/><W3/><G132/><T120/><D120/><U42/><E42/><V64/><F121/><W110/><G110/><T0/><D0/><U88/><E135/><V24/><F131/><W91/><G3/><T99/><D129/><U128/><E28/><V35/><F124/><W107/><G54/><T16/><D33/><U101/><E20/><V11/><F35/><W65/><G65/><N who="2" m="25193" /><F34/><W21/><G103/><T73/><D73/><U38/><E38/><V123/><F123/><W80/><G80/><N who="0" m="47375" /><D108/><U32/><E32/><V41/><F100/><W115/><G115/><T23/><D111/><U127/><E127/><V96/><F96/><AGARI ba="0,0" hai="9,12,14,16,17,23,53,55,96,97,99" m="47375" machi="96" ten="30,3900,0" yaku="8,1,52,1,54,1" doraHai="79" who="0" fromWho="2" sc="151,39,360,0,230,-39,259,0" />
</Scene>
<Scene>
<INIT seed="4,0,0,5,5,19" ten="190,360,191,259" oya="0" hai0="84,66,3,114,22,62,88,91,121,32,75,45,60" hai1="46,2,1,12,96,42,129,117,79,10,58,21,11" hai2="52,76,77,110,87,133,38,41,37,47,43,34,67" hai3="18,95,20,31,55,5,106,100,40,125,68,132,109"/><T122/><D32/><U97/><E117/><V0/><F0/><W92/><G109/><T119/><D75/><U49/><E129/><V56/><F34/><W85/><G68/><T71/><D119/><U102/><E79/><V72/><F72/><W63/><G40/><T112/><D3/><U104/><E96/><V44/><F110/><W30/><G5/><T23/><D60/><U65/><E11/><V83/><F133/><W89/><G106/><T86/><D45/><U90/><E90/><V7/><F7/><W36/><G36/><T15/><D15/><U39/><E65/><V130/><F67/><W93/><G132/><T48/><D48/><U9/><E9/><V107/><F107/><W81/><G100/><T123/><D91/><U126/><E126/><V57/><F57/><N who="3" m="35263" /><G125/><T70/><D70/><U113/><E1/><V54/><F130/><W69/><G69/><T74/><D74/><U94/><E2/><V25/><F25/><AGARI ba="0,0" hai="18,20,25,30,31,81,85,89,92,93,95" m="35263" machi="25" ten="30,2000,0" yaku="8,1,52,1" doraHai="19" who="3" fromWho="2" sc="190,0,360,0,191,-20,259,20" />
</Scene>
<Scene>
<INIT seed="5,0,0,4,5,12" ten="190,360,171,279" oya="1" hai0="129,29,46,18,40,19,122,23,32,102,132,113,71" hai1="118,58,38,84,17,120,0,6,55,134,103,111,42" hai2="75,117,57,33,39,91,41,60,59,131,4,94,5" hai3="50,77,1,35,126,11,79,80,26,123,56,98,89"/><U74/><E120/><V14/><F75/><W13/><G1/><T106/><D71/><U112/><E74/><V36/><F33/><W68/><G68/><T51/><D122/><U116/><E103/><V62/><F131/><W78/><G123/><T31/><D129/><U27/><E111/><V16/><F117/><W72/><G126/><T127/><D127/><U85/><E42/><V20/><F41/><W52/><G35/><T21/><D32/><U65/><E38/><V133/><F133/><W73/><G26/><T104/><D132/><U107/><E65/><N who="2" m="39055" /><F39/><W114/><G114/><T99/><D106/><U125/><E112/><V22/><F22/><W88/><G98/><T9/><D9/><U124/><E107/><V101/><F101/><W8/><G8/><T93/><D104/><U43/><E134/><V69/><F69/><W15/><G15/><N who="0" m="9439" /><D113/><U96/><E0/><V100/><F100/><W45/><G73/><T2/><D2/><U70/><E70/><V105/><F36/><W63/><G72/><T119/><D119/><U30/><E118/><V64/><F105/><W115/><G115/><T66/><D66/><U86/><E116/><V108/><F108/><W97/><G97/><AGARI ba="0,0" hai="4,5,14,16,20,59,62,64,91,94,97" m="39055" machi="97" ten="30,3900,0" yaku="8,1,52,1,54,1" doraHai="12" who="2" fromWho="3" sc="190,0,360,0,171,39,279,-39" />
</Scene>
<Scene>
<INIT seed="6,0,0,1,5,57" ten="190,360,210,240" oya="2" hai0="63,16,23,21,119,108,97,35,87,134,47,41,90" hai1="72,133,28,88,126,70,102,13,103,12,58,127,9" hai2="81,62,132,26,110,101,74,46,125,30,49,11,112" hai3="59,19,33,39,29,1,17,43,14,93,94,135,40"/><V98/><F112/><W65/><G1/><T10/><D35/><U107/><E70/><V115/><F115/><W95/><G135/><T53/><D134/><U92/><E133/><V64/><F132/><W45/><G40/><T128/><D108/><U109/><E109/><V50/><F110/><W60/><REACH who="3" step="1"/><G14/><REACH who="3" ten="190,360,210,230" step="2"/><T118/><D128/><U8/><E13/><V67/><F125/><W69/><G69/><T122/><D122/><U129/><E12/><V123/><F123/><W89/><G89/><T75/><D97/><U121/><E88/><V4/><F98/><W78/><G78/><T73/><D10/><U3/><E8/><V37/><F11/><W105/><G105/><T91/><D90/><U116/><E107/><V85/><F101/><W77/><G77/><T15/><D23/><U7/><E103/><V104/><F104/><W34/><G34/><T99/><D99/><U68/><E102/><V0/><F0/><W20/><G20/><T6/><D6/><U51/><E68/><V82/><F4/><W79/><G79/><T55/><D73/><U52/><E72/><V38/><F74/><W114/><G114/><T56/><D75/><U86/><E7/><V31/><F37/><W100/><G100/><T25/><D15/><U124/><E3/><V66/><F38/><W44/><G44/><T18/><D41/><U42/><E126/><V71/><F46/><W130/><G130/><T5/><D5/><U24/><E127/><V131/><F131/><W48/><G48/><N who="0" m="28831" /><D119/><U84/><E124/><V27/><F71/><W22/><G22/><T106/><D118/><RYUUKYOKU ba="0,1" sc="190,-10,360,-10,210,-10,230,30" hai3="17,19,29,33,39,43,45,59,60,65,93,94,95" />
</Scene>
<Scene>
<INIT seed="7,1,1,4,0,26" ten="180,350,200,260" oya="3" hai0="71,18,102,85,113,8,130,115,13,106,17,16,120" hai1="114,28,91,3,82,122,46,103,97,33,119,128,39" hai2="93,5,96,48,81,53,14,108,83,68,134,109,51" hai3="21,99,127,73,12,22,47,15,2,112,94,19,98"/><W20/><G2/><T27/><D120/><U55/><E122/><V56/><F68/><W90/><G73/><T111/><D111/><U101/><E3/><V133/><F48/><W77/><G112/><N who="0" m="43083" /><D71/><U89/><E114/><V92/><F5/><W57/><G127/><T0/><D0/><U35/><E55/><V66/><F66/><W24/><G77/><T36/><D36/><U125/><E46/><V105/><F105/><W29/><G47/><T131/><D85/><U38/><E97/><V10/><F10/><W42/><G42/><T45/><D45/><U37/><E37/><V25/><F14/><W107/><G57/><T117/><D117/><U78/><E78/><V87/><F25/><N who="3" m="16567" /><G107/><T65/><D65/><U95/><E125/><V129/><F129/><N who="0" m="49162" /><D27/><U9/><E128/><V124/><F124/><W62/><G24/><T50/><D50/><U135/><E119/><V60/><F51/><W69/><G69/><T44/><D44/><U74/><E74/><V34/><F108/><W59/><G62/><T1/><D1/><U61/><E61/><V31/><F109/><W58/><G99/><AGARI ba="1,1" hai="8,13,16,17,18,99,102,106" m="49162,43083" machi="99" ten="30,7700,0" yaku="15,1,11,1,19,1,54,1" doraHai="26" who="0" fromWho="3" sc="180,90,350,0,200,0,260,-80" owari="270,7.0,350,45.0,200,-20.0,180,-32.0" />
</Scene>
</mjloggm>