<mjloggm ver="2.3"><GO type="41"/><UN n0="%53%74%65%70%68%61%6E%65" n1="%E5%A4%AA%E3%81%8F%E3%81%AA%E3%81%84%E3%81%8A" n2="%28%3B%E3%82%9C%D0%B4%E3%82%9C%29" n3="%E3%81%93%E3%81%93%E3%81%AA%E3%81%A4%E3%81%93%E3%81%93%E3%81%82" dan="13,14,14,13" rate="1814,1971,1914,1837" sx="M,M,M,F"/><TAIKYOKU oya="0"/>

<Scene>
<INIT seed="0,0,0,4,1,0" ten="250,250,250,250" oya="0" hai0="16,133,73,95,49,120,45,28,20,93,37,46,19" hai1="31,4,33,2,64,85,59,96,100,9,63,56,61" hai2="110,122,114,79,42,115,55,44,92,90,52,47,121" hai3="34,8,107,118,128,66,25,50,89,3,12,14,10"/><T11/><D120/><U7/><E85/><V135/><F79/><W82/><G107/><T83/><D83/><U134/><E134/><V36/><F92/><W126/><G118/><T130/><D133/><U5/><E31/><V109/><F135/><W69/><G126/><T97/><D130/><U77/><E33/><V15/><F15/><W94/><G128/><T35/><D73/><U105/><E77/><V75/><F90/><W72/><G69/><T132/><D132/><U102/><E102/><V17/><F17/><W57/><G3/><T80/><D80/><U76/><E76/><V40/><F75/><W6/><G34/><T13/><D28/><U101/><E101/><V62/><F62/><W112/><G25/><T51/><D37/><AGARI ba="0,0" hai="36,37,40,42,44,47,52,55,109,110,114,115,121,122" machi="37" ten="25,12000,2" yaku="22,2,34,3,54,1" doraHai="0" who="2" fromWho="0" sc="250,-120,250,0,250,120,250,0" />
</Scene>
<Scene>
<INIT seed="1,0,0,5,5,26" ten="130,250,370,250" oya="1" hai0="107,118,0,55,93,121,35,41,95,126,33,64,50" hai1="122,108,112,5,131,67,68,82,81,99,114,102,10" hai2="36,11,92,15,46,16,53,42,39,135,75,60,97" hai3="117,48,80,116,40,85,133,106,45,101,89,31,12"/><U69/><E122/><V4/><F75/><W1/><G1/><T96/><D118/><N who="3" m="45673" /><G133/><T8/><D121/><U83/><E131/><V2/><F135/><W58/><G58/><T18/><D95/><U109/><E114/><V17/><F36/><W94/><G12/><T56/><D107/><N who="1" m="63967" /><E67/><V57/><F2/><W34/><G106/><T43/><D126/><U49/><E49/><V74/><F74/><W84/><G101/><AGARI ba="0,0" hai="4,11,15,16,17,39,42,46,53,57,60,92,97,101" machi="101" ten="30,2000,0" yaku="7,1,54,1" doraHai="26" who="2" fromWho="3" sc="130,0,250,0,370,20,250,-20" />
</Scene>
<Scene>
<INIT seed="2,0,0,3,0,93" ten="130,250,390,230" oya="2" hai0="124,97,90,118,81,3,13,128,56,44,116,10,95" hai1="30,80,109,111,102,7,57,25,65,121,127,79,18" hai2="17,23,120,32,29,26,99,112,16,0,89,82,8" hai3="88,107,86,92,64,33,11,1,96,72,51,69,49"/><V46/><F120/><W37/><G33/><T132/><D3/><U101/><E7/><V131/><F112/><W63/><G37/><T4/><D132/><U114/><E18/><V35/><F131/><W6/><G72/><T42/><D128/><U66/><E114/><V115/><F115/><W43/><G43/><T134/><D134/><U75/><E121/><V21/><F46/><W38/><G38/><T68/><D68/><U39/><E39/><V70/><F70/><W62/><G62/><T2/><D2/><U130/><E130/><V5/><F82/><W100/><AGARI ba="0,0" hai="1,6,11,49,51,63,64,69,86,88,92,96,100,107" machi="100" ten="30,4000,0" yaku="0,1,52,1,54,1" doraHai="93" who="3" fromWho="3" sc="130,-10,250,-10,390,-20,230,40" />
</Scene>
<Scene>
<INIT seed="3,0,0,0,0,25" ten="120,240,370,270" oya="3" hai0="99,79,101,82,15,24,107,119,78,35,71,50,76" hai1="110,68,126,70,85,60,96,26,22,16,54,81,49" hai2="132,42,74,2,10,57,63,98,64,56,95,130,115" hai3="6,135,89,52,28,48,103,7,65,3,124,121,30"/><W0/><G121/><T21/><D35/><U37/><E37/><V120/><F74/><W127/><G135/><T91/><D71/><U58/><E110/><V73/><F73/><W134/><G134/><T27/><D27/><U36/><E36/><V41/><F132/><W23/><G103/><T34/><D34/><U90/><E126/><N who="3" m="48170" /><G65/><T80/><D119/><U46/><REACH who="1" step="1"/><E96/><REACH who="1" ten="120,230,370,270" step="2"/><V108/><F108/><W14/><G89/><T88/><D91/><U12/><E12/><V112/><F98/><W11/><G23/><T133/><D133/><U94/><E94/><V123/><F95/><W38/><G38/><T53/><D99/><U87/><E87/><V33/><F120/><W122/><G122/><T111/><D111/><U5/><E5/><V114/><F123/><W105/><G105/><T43/><D107/><U118/><E118/><V20/><F115/><W97/><G97/><T72/><D101/><U131/><E131/><V83/><F130/><W29/><G6/><T13/><D72/><U9/><E9/><V75/><F10/><W1/><G0/><T125/><D125/><U77/><E77/><V104/><F75/><W129/><G129/><T69/><D78/><U116/><E116/><V39/><F104/><W66/><G66/><AGARI ba="0,1" hai="16,22,26,46,49,54,58,60,66,68,70,81,85,90" machi="66" ten="30,7700,0" yaku="1,1,7,1,54,1,53,1" doraHai="25" doraHaiUra="84" who="1" fromWho="3" sc="120,0,230,87,370,0,270,-77" />
</Scene>
<Scene>
<INIT seed="4,0,0,0,1,108" ten="120,317,370,193" oya="0" hai0="8,125,90,110,9,24,60,51,40,70,69,65,23" hai1="135,54,43,2,26,74,87,119,106,14,126,1,71" hai2="114,57,53,91,127,50,27,39,134,77,128,30,33" hai3="25,73,72,21,132,82,81,98,107,111,103,12,100"/><T34/><D34/><U58/><E119/><V44/><F39/><W75/><G12/><T55/><D110/><U86/><E74/><V131/><F134/><W84/><G21/><T93/><D125/><U4/><E106/><V101/><F127/><W20/><G20/><T13/><D13/><U76/><E126/><V16/><F101/><N who="3" m="62903" /><G25/><T124/><D40/><U48/><E71/><V133/><F133/><W85/><G132/><T80/><D80/><N who="3" m="30825" /><G111/><T32/><D32/><U11/><E135/><V46/><F77/><W41/><G41/><T97/><D69/><U113/><E76/><V42/><F91/><W47/><G47/><T17/><REACH who="0" step="1"/><D124/><REACH who="0" ten="110,317,370,193" step="2"/><U28/><E43/><V78/><F42/><W56/><G56/><AGARI ba="0,1" hai="8,9,17,23,24,51,55,56,60,65,70,90,93,97" machi="56" ten="30,5800,0" yaku="1,1,2,1,7,1,53,0" doraHai="108" doraHaiUra="37" who="0" fromWho="3" sc="110,68,317,0,370,0,193,-58" />
</Scene>
<Scene>
<INIT seed="4,1,0,3,0,104" ten="178,317,370,135" oya="0" hai0="37,124,60,39,70,107,102,38,79,18,17,128,47" hai1="97,21,26,56,120,36,109,44,126,22,84,69,122" hai2="24,62,125,130,105,14,65,51,117,94,43,1,27" hai3="48,11,63,77,12,119,4,103,86,45,3,110,90"/><T95/><D107/><U106/><E69/><V111/><F105/><W46/><G110/><T83/><D124/><U80/><E109/><V57/><F117/><W113/><G119/><T52/><D128/><U81/><E126/><V85/><F111/><W8/><G113/><T73/><D70/><U53/><E106/><V55/><F125/><W134/><G134/><T100/><D100/><U96/><E120/><V82/><F1/><W42/><G103/><T35/><D35/><U118/><E122/><V59/><F43/><W108/><G108/><T132/><D132/><U68/><E68/><V28/><F94/><W61/><G45/><T15/><D15/><U75/><E118/><V5/><F130/><W64/><G64/><T88/><D102/><U25/><E36/><V98/><F98/><N who="1" m="37993" /><E75/><V0/><F0/><W16/><REACH who="3" step="1"/><G77/><REACH who="3" ten="178,317,370,125" step="2"/><T49/><REACH who="0" step="1"/><D60/><REACH who="0" ten="168,317,370,125" step="2"/><N who="1" m="35855" /><E44/><V31/><F62/><W116/><G116/><T92/><D92/><AGARI ba="1,2" hai="3,4,8,11,12,16,42,46,48,61,63,86,90,92" machi="92" ten="30,7700,0" yaku="1,1,7,1,54,1,53,1" doraHai="104" doraHaiUra="9" who="3" fromWho="0" sc="168,-80,317,0,370,0,125,100" />
</Scene>
<Scene>
<INIT seed="5,0,0,1,0,91" ten="88,317,370,225" oya="1" hai0="23,60,4,55,102,46,67,73,65,3,0,104,103" hai1="113,31,59,57,56,74,48,51,43,2,29,18,47" hai2="133,123,52,80,120,126,99,54,38,58,70,76,25" hai3="129,81,24,34,14,94,92,117,85,27,10,64,21"/><U130/><E74/><V98/><F70/><W50/><G117/><T90/><D73/><U79/><E2/><V36/><F76/><W9/><G64/><T22/><D90/><U61/><E113/><V1/><F1/><W68/><G68/><T95/><D46/><N who="1" m="25695" /><E130/><V114/><F25/><N who="3" m="9803" /><G34/><T71/><D71/><U44/><E79/><V124/><F80/><W33/><G33/><T40/><D40/><N who="1" m="24967" /><E47/><V122/><F133/><W97/><G97/><N who="2" m="36873" /><F114/><W78/><G129/><T26/><D26/><U66/><E18/><V118/><F118/><W7/><G21/><T131/><D131/><U83/><E83/><V82/><F82/><W75/><G75/><T72/><D72/><U63/><E66/><V53/><F58/><W6/><G50/><T100/><D100/><U11/><E11/><N who="3" m="4106" /><G14/><T111/><D111/><U110/><E110/><V49/><F49/><W121/><G121/><T105/><D60/><AGARI ba="0,0" hai="29,31,56,57,59,60,61,63" m="24967,25695" machi="60" ten="30,1500,0" yaku="8,1" doraHai="91" who="1" fromWho="0" sc="88,-15,317,15,370,0,225,0" />
</Scene>
<Scene>
<INIT seed="5,1,0,0,3,6" ten="73,332,370,225" oya="1" hai0="125,29,85,34,77,32,26,42,14,18,129,68,123" hai1="133,20,124,54,67,112,98,15,56,9,108,102,73" hai2="63,134,132,66,127,30,64,82,121,65,16,40,61" hai3="57,119,3,74,130,103,84,104,107,12,46,53,126"/><U93/><E73/><V47/><F121/><W60/><G3/><T99/><D123/><U28/><E112/><V114/><F30/><W100/><G74/><T83/><D68/><U38/><E38/><V90/><F114/><W51/><G119/><T91/><D125/><U86/><E124/><V117/><F127/><W72/><G72/><T59/><D129/><U0/><E0/><V70/><F117/><W76/><G126/><T50/><D99/><U122/><E122/><V49/><F82/><W58/><G58/><T52/><D42/><U35/><E35/><V109/><F90/><W128/><G76/><T94/><D26/><N who="1" m="16455" /><E133/><N who="2" m="51307" /><F16/><W17/><G84/><T75/><REACH who="0" step="1"/><D29/><REACH who="0" ten="63,332,370,225" step="2"/><U55/><E108/><V10/><F109/><W5/><G128/><T62/><D62/><N who="2" m="23562" /><F10/><AGARI ba="1,1" hai="10,14,18,32,34,50,52,59,75,77,83,85,91,94" machi="10" ten="30,8000,1" yaku="1,1,7,1,52,1,54,1,53,1" doraHai="6" doraHaiUra="89" who="0" fromWho="2" sc="63,93,332,0,370,-83,225,0" />
</Scene>
<Scene>
<INIT seed="6,0,0,1,4,53" ten="156,332,287,225" oya="2" hai0="32,107,95,16,8,132,13,71,25,122,1,37,129" hai1="56,82,19,55,64,69,4,98,74,125,124,111,26" hai2="86,75,100,109,43,76,80,10,127,114,42,49,131" hai3="90,102,51,88,44,91,84,60,97,15,105,89,2"/><V40/><F75/><W36/><G2/><T45/><D107/><U33/><E111/><V116/><F116/><W0/><G0/><T110/><D110/><U35/><E4/><V41/><F109/><W12/><G36/><T77/><D71/><U58/><E98/><V115/><F131/><W50/><G60/><T28/><D122/><U29/><E19/><V23/><F127/><N who="1" m="48713" /><E33/><V104/><F10/><W7/><G7/><T47/><D129/><U85/><E74/><V20/><F104/><W108/><G108/><T6/><D132/><U93/><E93/><V11/><F11/><W118/><G118/><T123/><D123/><U130/><E130/><V121/><F121/><W14/><REACH who="3" step="1"/><G44/><REACH who="3" ten="156,332,287,215" step="2"/><T52/><D37/><U21/><E69/><V63/><F63/><W46/><G46/><T113/><D45/><U65/><E35/><V62/><F62/><W34/><G34/><T24/><D24/><U3/><E3/><V83/><F100/><W106/><G106/><T126/><D126/><U27/><E26/><V101/><F101/><W135/><G135/><T112/><D95/><AGARI ba="0,1" hai="12,14,15,50,51,84,88,89,90,91,95,97,102,105" machi="95" ten="40,2600,0" yaku="1,1,54,1,53,0" doraHai="53" doraHaiUra="119" who="3" fromWho="0" sc="156,-26,332,0,287,0,215,36" />
</Scene>
<Scene>
<INIT seed="7,0,0,3,1,120" ten="130,332,287,251" oya="3" hai0="104,11,48,63,134,108,26,57,84,118,30,69,122" hai1="9,13,65,74,87,92,36,56,101,105,7,60,64" hai2="129,39,43,38,10,5,6,68,103,111,70,44,119" hai3="55,81,22,50,54,18,27,31,33,40,80,126,71"/><W8/><G71/><T123/><D118/><U107/><E74/><V96/><F119/><W3/><G126/><T127/><D127/><U78/><E36/><V110/><F6/><W100/><G100/><T0/><D104/><U1/><E1/><N who="2" m="303" /><F129/><W37/><G37/><T114/><D134/><U121/><E121/><V117/><F117/><W17/><G40/><T76/><D69/><U113/><E113/><V32/><F32/><W34/><G34/><T46/><D114/><U23/><E23/><V61/><F39/><W4/><G18/><T99/><D99/><N who="1" m="59623" /><E107/><N who="2" m="63975" /><F61/><W82/><REACH who="3" step="1"/><G50/><REACH who="3" ten="130,332,287,241" step="2"/><T14/><D123/><U79/><E105/><V47/><F47/><W90/><G90/><T131/><D122/><U85/><E65/><V77/><F77/><AGARI ba="0,1" hai="7,9,13,56,60,64,77,78,79,85,87" m="59623" machi="77" ten="30,1000,0" yaku="8,1" doraHai="120" who="1" fromWho="2" sc="130,0,332,20,287,-10,241,0" owari="130,-37.0,352,45.0,277,8.0,241,-16.0" />
</Scene>
</mjloggm>