<mjloggm ver="2.3"><GO type="169"/><UN n0="%75%73%6B%31%31%31%35" n1="%E6%9C%88%E9%95%B7%E7%9F%B3" n2="%E3%83%88%E3%83%90%E3%82%BE" n3="%E5%A4%AA%E3%81%8F%E3%81%AA%E3%81%84%E3%81%8A" dan="16,16,17,17" rate="2120,2137,2181,2146" sx="M,M,M,M"/><TAIKYOKU oya="0"/>

<Scene>
<INIT seed="0,0,0,4,3,18" ten="250,250,250,250" oya="0" hai0="41,51,87,56,69,20,110,31,67,102,39,70,74" hai1="107,37,104,135,64,79,60,91,114,22,57,112,10" hai2="123,36,19,47,59,117,101,129,111,77,5,34,6" hai3="28,122,42,92,1,94,127,4,45,63,61,58,109"/><T93/><D74/><U2/><E37/><V29/><F123/><W71/><G122/><T13/><D39/><U100/><E135/><V46/><F101/><W119/><G119/><T54/><D41/><U52/><E79/><V97/><F97/><W98/><G109/><T14/><D110/><U65/><E91/><V53/><F77/><W66/><G127/><T124/><D124/><U8/><E100/><V118/><F111/><W75/><G75/><T43/><D43/><U7/><E8/><V126/><F126/><W131/><G131/><T121/><D121/><U86/><E86/><V26/><F129/><W81/><G81/><T9/><D67/><U40/><E40/><N who="2" m="22791" /><F19/><W90/><G28/><T21/><D70/><U16/><E65/><V12/><F12/><N who="0" m="4714" /><D69/><U95/><E95/><V106/><F47/><W120/><G120/><T48/><D9/><U105/><REACH who="1" step="1"/><E64/><REACH who="1" ten="250,240,250,250" step="2"/><V82/><F117/><W128/><G128/><T103/><D31/><U23/><E23/><N who="0" m="8777" /><D48/><U130/><E130/><V133/><F29/><W55/><G66/><T85/><D85/><U108/><E108/><V96/><F118/><W62/><G71/><T17/><D17/><U72/><E72/><V99/><F133/><W11/><G42/><T125/><D125/><U0/><E0/><V68/><F68/><W35/><G1/><T32/><D32/><U44/><E44/><V76/><F34/><W132/><G35/><T27/><D27/><AGARI ba="0,1" hai="2,7,10,16,22,27,52,57,60,104,105,107,112,114" machi="27" ten="40,8000,1" yaku="1,1,52,1,54,2,53,0" doraHai="18" doraHaiUra="88" who="1" fromWho="0" sc="250,-80,240,90,250,0,250,0" />
</Scene>
<Scene>
<INIT seed="1,0,0,3,1,4" ten="170,330,250,250" oya="1" hai0="20,125,126,108,95,38,124,47,29,79,90,2,24" hai1="19,48,104,37,94,12,45,54,60,14,80,76,116" hai2="65,82,70,46,106,55,93,67,22,134,50,17,135" hai3="71,123,26,84,72,9,118,96,62,102,66,39,119"/><U64/><E104/><V109/><F106/><W91/><G123/><T11/><D79/><U16/><E116/><N who="3" m="44586" /><G72/><T78/><D78/><U73/><E94/><V21/><F109/><W115/><G39/><T77/><D77/><U68/><E37/><V25/><F82/><N who="3" m="49559" /><G26/><T128/><D128/><U110/><REACH who="1" step="1"/><E110/><REACH who="1" ten="170,320,250,250" step="2"/><V112/><F93/><N who="3" m="58639" /><G115/><T42/><D108/><U132/><E132/><V122/><F112/><W5/><G5/><N who="0" m="1463" /><D95/><U28/><E28/><V85/><F134/><W8/><AGARI ba="0,1" hai="8,9,62,66,71" m="58639,49559,44586" machi="8" ten="30,4000,0" yaku="12,1,52,2" doraHai="4" who="3" fromWho="3" sc="170,-10,320,-20,250,-10,250,50" />
</Scene>
<Scene>
<INIT seed="2,0,0,4,0,77" ten="160,300,240,300" oya="2" hai0="116,111,21,53,120,29,107,17,6,41,110,56,130" hai1="108,73,28,61,91,85,105,45,100,83,36,92,30" hai2="117,109,124,48,37,35,82,97,14,27,66,70,57" hai3="49,60,95,134,43,50,1,44,86,104,103,58,76"/><V23/><F117/><W16/><G1/><T2/><D120/><U78/><E108/><N who="0" m="41513" /><D107/><U123/><E123/><V25/><F109/><W94/><G134/><T98/><D116/><U32/><E32/><V129/><F37/><W34/><G34/><T122/><D122/><U121/><E61/><N who="2" m="38191" /><F70/><W119/><G119/><T64/><D64/><U68/><E68/><V72/><F35/><W24/><G50/><N who="0" m="30775" /><D41/><N who="1" m="22695" /><E121/><V112/><F72/><W51/><G49/><T96/><D29/><U22/><E22/><V52/><F112/><W8/><G104/><T127/><D127/><U87/><E87/><V75/><F75/><W63/><G63/><T31/><D31/><U126/><E126/><V19/><F124/><W15/><G24/><N who="0" m="14383" /><D130/><U71/><E71/><V69/><F69/><W33/><G33/><T4/><D2/><U113/><E113/><V81/><F129/><W114/><G114/><T99/><AGARI ba="0,0" hai="4,6,96,98,99" m="14383,30775,41513" machi="99" ten="30,1100,0" yaku="14,1" doraHai="77" who="0" fromWho="0" sc="160,11,300,-3,240,-5,300,-3" />
</Scene>
<Scene>
<INIT seed="3,0,0,4,2,55" ten="171,297,235,297" oya="3" hai0="53,105,124,54,33,3,43,80,88,87,60,17,22" hai1="49,83,59,24,5,91,42,38,125,15,45,63,113" hai2="112,34,85,122,98,27,8,90,1,128,0,57,69" hai3="36,20,68,25,26,7,32,81,135,109,86,84,16"/><W94/><G68/><T117/><D117/><U134/><E125/><V46/><F112/><W47/><G135/><T99/><D33/><U29/><E134/><V75/><F69/><W79/><G7/><T96/><D3/><U115/><E38/><V121/><F75/><W21/><G32/><T131/><D124/><U62/><E62/><V23/><F34/><W103/><G109/><T95/><D131/><U89/><E89/><V133/><F133/><W13/><G21/><T104/><D43/><U56/><E5/><V77/><F128/><W40/><REACH who="3" step="1"/><G84/><REACH who="3" ten="171,297,235,287" step="2"/><T9/><D9/><U50/><E115/><V101/><F8/><W52/><G52/><T58/><D53/><U100/><E113/><V11/><F11/><W76/><G76/><T107/><REACH who="0" step="1"/><D80/><REACH who="0" ten="161,297,235,287" step="2"/><U120/><E83/><V74/><F0/><W4/><G4/><T35/><D35/><U78/><E120/><V108/><F1/><W48/><G48/><T111/><D111/><U37/><E50/><V73/><F108/><W18/><G18/><T51/><D51/><U14/><E49/><V65/><F122/><W67/><G67/><T12/><AGARI ba="0,2" hai="12,17,22,54,58,60,87,88,95,96,99,104,105,107" machi="12" ten="30,7900,0" yaku="1,1,0,1,52,1,54,1,53,0" doraHai="55" doraHaiUra="41" who="0" fromWho="0" sc="161,99,297,-20,235,-20,287,-39" />
</Scene>
<Scene>
<INIT seed="4,0,0,4,1,35" ten="260,277,215,248" oya="0" hai0="54,79,124,28,66,63,133,68,108,98,73,30,23" hai1="92,0,53,78,22,130,51,13,11,95,43,116,55" hai2="84,96,97,74,24,71,121,90,115,132,134,103,52" hai3="38,80,17,128,75,7,118,29,81,120,34,50,125"/><T57/><D133/><N who="2" m="51306" /><F71/><W20/><G118/><T70/><D124/><U64/><E116/><V111/><F111/><W126/><G38/><T104/><D108/><U110/><E130/><V117/><F117/><W85/><G128/><T19/><D73/><U82/><E64/><V91/><F74/><W4/><G120/><T83/><D70/><U44/><E0/><V61/><F121/><W119/><G119/><T65/><D104/><U25/><E110/><V127/><F127/><N who="3" m="48651" /><G75/><T88/><D79/><U10/><E10/><V131/><F131/><W47/><G29/><N who="0" m="11371" /><D68/><U59/><E55/><V1/><F115/><W16/><G34/><T69/><D69/><U72/><E25/><V42/><F42/><N who="3" m="24951" /><G17/><T123/><D123/><U12/><E22/><V41/><F41/><W67/><G67/><T8/><D8/><U122/><E122/><V39/><F39/><W93/><G93/><N who="0" m="56615" /><D83/><N who="3" m="31817" /><G85/><T45/><D45/><U62/><E12/><AGARI ba="0,0" hai="4,7,12,16,20" m="31817,24951,48651" machi="12" ten="30,2000,0" yaku="18,1,54,1" doraHai="35" who="3" fromWho="1" sc="260,0,277,-20,215,0,248,20" /><AGARI ba="0,0" hai="12,19,23,54,57,63,65,66" m="56615,11371" machi="12" ten="30,2900,0" yaku="8,1,54,1" doraHai="35" who="0" fromWho="1" sc="260,29,257,-29,215,0,268,0" />
</Scene>
<Scene>
<INIT seed="4,1,0,4,5,19" ten="289,228,215,268" oya="0" hai0="88,111,32,12,27,37,105,50,13,70,76,29,118" hai1="96,15,84,41,1,92,106,39,8,93,24,67,126" hai2="11,23,22,125,54,51,26,63,127,108,104,64,68" hai3="60,121,6,66,16,117,49,91,30,5,40,89,87"/><T14/><D118/><U129/><E126/><N who="2" m="48139" /><F104/><W58/><G117/><T31/><D37/><U103/><E129/><V113/><F108/><W65/><G30/><T110/><D70/><U2/><E67/><V119/><F119/><W122/><G66/><T72/><D105/><U130/><E130/><V42/><F113/><W112/><G112/><T62/><D62/><U28/><E106/><V35/><F42/><W17/><G122/><T18/><D31/><U133/><E133/><V53/><F35/><W107/><G107/><T47/><D76/><U90/><E41/><V61/><F11/><W132/><G132/><T80/><D72/><U4/><REACH who="1" step="1"/><E39/><REACH who="1" ten="289,218,215,268" step="2"/><V78/><F64/><W86/><G121/><T3/><D111/><U134/><E134/><V46/><F68/><W75/><G40/><T59/><D110/><U69/><E69/><V25/><F54/><W79/><G65/><T52/><D3/><U83/><E83/><V109/><F109/><W36/><G36/><T120/><D120/><U114/><E114/><V123/><F123/><W77/><G75/><T71/><D71/><U128/><E128/><V74/><F74/><W116/><G116/><T82/><D82/><U45/><E45/><V21/><F78/><W43/><G43/><T101/><D47/><U81/><E81/><V56/><F46/><W95/><G79/><T135/><D135/><U94/><E94/><V34/><F26/><W20/><G95/><T44/><D27/><U98/><E98/><V102/><F102/><W0/><G77/><T7/><D101/><U124/><E124/><V85/><F85/><RYUUKYOKU ba="1,1" sc="289,-15,218,15,215,15,268,-15" hai1="1,2,4,8,15,24,28,84,90,92,93,96,103" hai2="21,22,23,25,34,51,53,56,61,63" />
</Scene>
<Scene>
<INIT seed="5,2,1,2,5,123" ten="274,233,230,253" oya="1" hai0="54,93,98,27,114,107,49,38,51,135,67,87,23" hai1="45,16,73,24,58,128,115,30,124,19,64,110,57" hai2="60,20,56,39,0,90,74,52,132,133,42,122,29" hai3="127,72,78,63,11,61,97,50,65,36,21,37,105"/><U126/><E73/><V79/><F122/><W80/><G127/><N who="1" m="48682" /><E128/><V129/><F0/><W33/><G33/><T22/><D38/><U125/><E115/><V32/><F32/><W17/><G11/><T76/><D107/><U100/><E100/><V75/><F129/><W48/><G105/><T5/><D5/><U118/><E118/><V35/><F35/><W119/><G97/><T103/><D135/><N who="2" m="51786" /><F79/><W66/><G119/><T101/><D101/><U47/><E110/><V71/><F71/><W68/><G37/><T83/><D114/><U77/><E77/><V121/><F121/><W116/><G36/><T1/><D1/><U120/><E120/><V85/><F42/><W15/><REACH who="3" step="1"/><G116/><REACH who="3" ten="274,233,230,243" step="2"/><T108/><D98/><U28/><E125/><V94/><F39/><W102/><G102/><T31/><D103/><U89/><E89/><V106/><F106/><W131/><G131/><T14/><D76/><U59/><E64/><V91/><F90/><W113/><G113/><T117/><D67/><U13/><E30/><V111/><F111/><W43/><G43/><T86/><D31/><U95/><E95/><V2/><F2/><W4/><G4/><T10/><D108/><U92/><E92/><V41/><F41/><W88/><G88/><T12/><D93/><U70/><E70/><AGARI ba="2,2" hai="15,17,21,48,50,61,63,65,66,68,70,72,78,80" machi="70" ten="30,3900,0" yaku="1,1,7,1,9,1,53,0" doraHai="123" doraHaiUra="3" who="3" fromWho="1" sc="274,0,233,-45,230,0,243,65" />
</Scene>
<Scene>
<INIT seed="6,0,0,2,4,60" ten="274,188,230,308" oya="2" hai0="52,73,81,57,63,103,18,118,66,133,135,131,55" hai1="56,74,94,101,106,84,35,30,7,76,9,121,33" hai2="2,100,111,87,109,47,44,93,54,25,22,114,71" hai3="72,62,45,46,95,49,75,64,105,127,53,92,116"/><V99/><F2/><W119/><G105/><T65/><D118/><U10/><E121/><V37/><F71/><W129/><G129/><T15/><D103/><U108/><E108/><N who="2" m="41547" /><F114/><W123/><G123/><T132/><D131/><U91/><E30/><N who="2" m="17719" /><F37/><W85/><G127/><T58/><D81/><U43/><E43/><V0/><F0/><W107/><G107/><T88/><D88/><U112/><E112/><V50/><F87/><W86/><G62/><N who="0" m="36159" /><D73/><U20/><E20/><AGARI ba="0,0" hai="15,18,20,52,58,63,65,66,132,133,135" m="36159" machi="20" ten="30,7700,0" yaku="20,1,52,2,54,1" doraHai="60" who="0" fromWho="1" sc="274,77,188,-77,230,0,308,0" />
</Scene>
<Scene>
<INIT seed="7,0,0,4,4,30" ten="351,111,230,308" oya="3" hai0="27,87,104,126,60,35,64,42,3,93,119,124,71" hai1="10,43,79,95,111,15,134,129,127,46,9,38,135" hai2="94,91,74,110,81,5,128,47,84,63,108,32,55" hai3="112,70,33,133,130,98,96,40,62,19,20,6,57"/><W85/><G33/><T58/><D104/><U117/><E111/><V36/><F128/><W66/><G130/><T34/><D119/><U0/><E117/><V75/><F5/><W123/><G123/><T65/><D3/><U67/><E129/><V122/><F122/><W131/><G131/><T45/><D27/><U132/><E127/><N who="0" m="48681" /><D65/><U18/><E79/><V50/><F36/><W69/><G112/><T82/><D93/><U78/><E78/><V14/><F32/><W72/><G72/><T97/><D97/><U17/><E67/><V83/><F75/><W89/><G133/><T80/><D71/><U86/><E0/><V53/><F74/><W4/><G40/><T54/><D54/><U103/><E103/><V25/><F25/><N who="3" m="14495" /><G70/><T56/><D56/><U107/><E107/><V39/><F39/><W52/><G69/><T88/><D82/><U11/><E86/><V51/><F63/><W113/><G113/><T116/><D116/><U12/><E95/><V115/><F115/><W77/><G66/><T37/><AGARI ba="0,0" hai="34,35,37,42,45,58,60,64,80,87,88" m="48681" machi="37" ten="30,7900,0" yaku="18,1,52,2,54,1" doraHai="30" who="0" fromWho="0" sc="351,79,111,-20,230,-20,308,-39" owari="430,53.0,91,-41.0,210,-19.0,269,7.0" />
</Scene>
</mjloggm>