<mjloggm ver="2.3"><GO type="169"/><UN n0="%E4%BD%90%E5%80%89%E7%B4%97%E7%B9%94" n1="%E5%A4%AA%E3%81%8F%E3%81%AA%E3%81%84%E3%81%8A" n2="%E3%81%82%E3%81%A4%E3%81%82%E3%81%A4%E6%B9%AF%E8%B1%86%E8%85%90" n3="%E3%81%94%E3%81%BF%E3%81%8F%E3%81%9A%E3%81%AE%E5%BC%9F%E5%AD%90" dan="16,18,17,16" rate="2081,2159,2174,2031" sx="F,M,F,F"/><TAIKYOKU oya="0"/>

<Scene>
<INIT seed="0,0,0,5,3,96" ten="250,250,250,250" oya="0" hai0="49,14,3,6,99,46,26,105,2,33,28,40,135" hai1="90,29,63,50,44,31,93,129,104,106,19,51,38" hai2="58,123,53,113,120,130,101,87,45,83,122,94,88" hai3="92,79,109,30,108,124,128,13,75,25,112,47,37"/><T60/><D135/><U42/><E129/><V73/><F113/><W81/><G112/><T57/><D14/><U32/><E63/><V9/><F130/><W34/><G128/><T111/><D6/><U23/><E106/><V74/><F45/><W126/><G13/><T21/><D111/><N who="3" m="42569" /><G92/><T78/><D78/><U131/><E104/><V72/><F9/><W17/><G17/><T54/><REACH who="0" step="1"/><D21/><REACH who="0" ten="240,250,250,250" step="2"/><U102/><E23/><V71/><F71/><W95/><G126/><T100/><AGARI ba="0,1" hai="2,3,26,28,33,40,46,49,54,57,60,99,100,105" machi="100" ten="30,11700,0" yaku="1,1,2,1,0,1,52,1,53,0" doraHai="96" doraHaiUra="65" who="0" fromWho="0" sc="240,127,250,-39,250,-39,250,-39" />
</Scene>
<Scene>
<INIT seed="0,1,0,0,0,99" ten="367,211,211,211" oya="0" hai0="72,49,73,135,105,31,94,108,77,81,103,40,42" hai1="114,71,11,50,123,64,129,91,60,74,127,83,13" hai2="3,68,104,70,53,18,51,106,96,44,39,15,117" hai3="78,19,46,130,65,5,63,8,86,29,126,38,82"/><T14/><D31/><U100/><E123/><V47/><F3/><W12/><G130/><T2/><D2/><U20/><E129/><V80/><F117/><W120/><G126/><T88/><D73/><U85/><E127/><V102/><F104/><W37/><G120/><T128/><D128/><U28/><E114/><V54/><F80/><W27/><G46/><T93/><D93/><U58/><E74/><V101/><F102/><W59/><REACH who="3" step="1"/><G5/><REACH who="3" ten="367,211,211,201" step="2"/><T41/><D135/><U61/><E71/><V90/><F39/><W48/><G48/><T121/><D121/><U76/><E50/><V116/><F116/><W113/><G113/><T122/><D122/><U62/><E62/><V1/><F47/><W22/><AGARI ba="1,1" hai="8,12,19,22,27,29,37,38,59,63,65,78,82,86" machi="22" ten="20,5200,0" yaku="1,1,0,1,7,1,53,1" doraHai="99" doraHaiUra="26" who="3" fromWho="3" sc="367,-27,211,-14,211,-14,201,65" />
</Scene>
<Scene>
<INIT seed="1,0,0,3,0,54" ten="340,197,197,266" oya="1" hai0="100,6,107,42,68,116,90,9,66,86,70,101,47" hai1="13,30,102,40,34,81,51,124,128,73,121,94,0" hai2="10,26,132,118,21,39,91,119,37,61,58,17,131" hai3="98,49,75,111,122,106,27,93,82,83,60,74,2"/><U105/><E121/><V80/><F132/><W87/><G2/><T104/><D66/><U69/><E0/><V11/><F39/><W115/><G122/><T23/><D23/><U109/><E69/><V67/><F37/><W64/><G115/><T29/><D29/><U55/><E105/><V28/><F131/><W134/><G106/><T32/><D32/><U99/><E128/><V4/><F28/><W56/><G134/><T25/><D25/><U31/><E40/><V1/><REACH who="2" step="1"/><F11/><REACH who="2" ten="340,197,187,266" step="2"/><W89/><G111/><T7/><D9/><U12/><E109/><V71/><F71/><W96/><G75/><T72/><D70/><U59/><E124/><V95/><F95/><W65/><G74/><T3/><D72/><U14/><REACH who="1" step="1"/><E34/><REACH who="1" ten="340,187,187,266" step="2"/><V77/><F77/><AGARI ba="0,2" hai="12,13,14,30,31,51,55,59,73,77,81,94,99,102" machi="77" ten="40,7700,0" yaku="1,1,2,1,52,1,53,0" doraHai="54" doraHaiUra="33" who="1" fromWho="2" sc="340,0,187,97,187,-77,266,0" />
</Scene>
<Scene>
<INIT seed="1,1,0,5,5,21" ten="340,284,110,266" oya="1" hai0="106,80,71,72,87,95,115,3,119,6,41,59,105" hai1="63,130,42,112,47,51,120,49,128,113,16,7,22" hai2="33,18,77,70,60,129,75,132,37,30,85,133,17" hai3="38,61,99,111,125,40,62,65,10,88,31,32,50"/><U25/><E120/><V48/><F37/><W79/><G38/><T134/><D71/><U0/><E63/><V135/><F75/><W29/><G111/><T13/><D3/><U1/><E51/><V26/><F129/><N who="1" m="49769" /><E7/><V101/><F48/><W20/><G32/><T67/><D6/><U123/><E123/><V124/><F124/><W11/><G79/><T54/><D59/><U117/><E117/><V12/><F12/><W44/><G125/><T69/><D13/><U19/><E19/><V34/><F33/><W74/><G74/><T107/><D67/><U73/><E73/><V103/><F85/><W98/><G62/><T56/><D56/><U84/><E84/><V110/><F77/><W102/><G102/><N who="2" m="38921" /><F110/><W93/><G99/><T131/><D87/><U90/><E90/><V116/><F116/><W57/><REACH who="3" step="1"/><G20/><REACH who="3" ten="340,284,110,256" step="2"/><T76/><D72/><U118/><E118/><V46/><F60/><W104/><G104/><T89/><D106/><U97/><E97/><V36/><F70/><W82/><G82/><T8/><D107/><U39/><E39/><V53/><F36/><W68/><G68/><T45/><D105/><U83/><E83/><V109/><F109/><W86/><G86/><T92/><D69/><U114/><AGARI ba="1,1" hai="0,1,16,22,25,42,47,49,112,113,114" m="49769" machi="114" ten="40,7800,0" yaku="19,1,52,1,54,1" doraHai="21" who="1" fromWho="1" sc="340,-27,284,91,110,-27,256,-27" />
</Scene>
<Scene>
<INIT seed="1,2,0,2,0,109" ten="313,375,83,229" oya="1" hai0="105,39,40,58,113,31,68,48,78,115,84,10,134" hai1="124,122,135,77,97,52,49,108,47,133,72,89,81" hai2="14,63,12,132,83,110,127,131,87,106,35,0,41" hai3="94,57,60,95,25,45,53,13,79,44,107,19,65"/><U55/><E122/><V86/><F0/><W88/><G107/><T82/><D105/><U2/><E2/><V117/><F117/><W32/><G79/><T62/><D39/><U11/><E124/><V102/><F35/><W91/><G32/><T99/><D99/><U96/><E108/><V120/><F120/><W73/><G25/><T121/><D68/><U74/><E74/><V36/><F110/><W46/><G73/><T56/><D31/><U54/><E11/><V93/><F106/><W43/><G43/><T118/><D118/><U67/><E67/><V34/><F34/><W71/><G94/><T26/><D26/><U85/><E96/><V38/><F127/><W101/><G95/><T114/><D121/><U66/><E66/><V30/><F30/><W69/><G101/><T24/><D24/><U42/><REACH who="1" step="1"/><E97/><REACH who="1" ten="313,365,83,229" step="2"/><V100/><F102/><W128/><G128/><T90/><D10/><U18/><E18/><V37/><F100/><W5/><G5/><T23/><D115/><U70/><E70/><V104/><F131/><W20/><REACH who="3" step="1"/><G71/><REACH who="3" ten="313,365,83,219" step="2"/><T17/><D114/><U123/><E123/><V98/><F98/><W112/><G112/><T6/><D113/><U8/><E8/><V33/><F104/><W130/><G130/><T111/><D111/><U1/><E1/><V59/><F33/><W92/><G92/><AGARI ba="2,2" hai="42,47,49,52,54,55,72,77,81,85,89,92,133,135" machi="92" ten="40,3900,0" yaku="1,1,54,1,53,0" doraHai="109" doraHaiUra="22" who="1" fromWho="3" sc="313,0,365,65,83,0,219,-45" />
</Scene>
<Scene>
<INIT seed="1,3,0,5,0,44" ten="313,430,83,174" oya="1" hai0="134,100,11,38,85,79,111,78,87,127,80,129,22" hai1="112,29,89,13,116,70,71,128,2,58,16,73,118" hai2="35,42,103,26,39,4,59,6,5,126,25,0,51" hai3="82,106,115,67,97,90,12,40,123,108,92,109,52"/><U66/><E112/><V3/><F126/><W72/><G115/><T117/><D22/><U104/><E2/><V132/><F132/><W24/><G123/><T124/><D11/><U133/><E73/><V105/><F39/><W62/><G40/><T69/><D38/><U121/><E121/><V48/><F42/><W65/><G24/><T96/><D69/><U76/><E104/><V47/><F47/><W53/><G12/><T21/><D21/><U37/><E76/><V23/><F35/><W20/><G20/><T93/><D134/><U88/><E37/><V15/><F105/><W18/><G18/><T102/><D117/><U107/><E107/><V95/><F3/><W119/><G119/><T56/><D56/><U31/><E133/><V32/><F32/><W57/><G53/><T43/><D43/><U28/><E71/><V27/><F0/><W61/><G106/><T130/><D111/><N who="3" m="42569" /><G62/><T17/><D17/><U30/><E29/><V91/><F103/><W94/><G94/><T36/><D36/><U135/><E28/><V64/><F23/><W33/><G33/><T54/><D54/><U99/><E135/><V110/><F15/><W114/><G114/><T131/><D102/><U49/><E116/><V55/><F64/><W68/><G68/><T75/><D75/><U9/><E66/><V86/><F110/><W77/><AGARI ba="3,0" hai="52,57,61,65,67,72,77,82,90,92,97" m="42569" machi="77" ten="30,2000,0" yaku="14,1,54,1" doraHai="44" who="3" fromWho="3" sc="313,-8,430,-13,83,-8,174,29" />
</Scene>
<Scene>
<INIT seed="2,0,0,3,3,56" ten="305,417,75,203" oya="2" hai0="30,67,14,118,8,68,31,130,104,115,106,82,62" hai1="109,29,121,94,93,41,122,107,97,22,54,102,80" hai2="21,83,58,128,59,57,43,18,98,1,19,86,2" hai3="120,114,75,87,119,52,9,129,32,124,50,37,44"/><V91/><F128/><W53/><G32/><T26/><D130/><U132/><E109/><V72/><F72/><W81/><G129/><T88/><D31/><U116/><E116/><V103/><F43/><W76/><G119/><T79/><D115/><U101/><E132/><V85/><F85/><W92/><G120/><N who="1" m="46186" /><E41/><V127/><F127/><W39/><G124/><T108/><D79/><U25/><E102/><V42/><F42/><W51/><G114/><T70/><D70/><U34/><E80/><V123/><F123/><W66/><G66/><T17/><D108/><U117/><E117/><V95/><REACH who="2" step="1"/><F19/><REACH who="2" ten="305,417,65,203" step="2"/><W0/><G75/><T15/><D118/><U77/><E77/><V105/><F105/><W125/><G125/><T65/><D106/><U46/><E107/><V33/><F33/><W7/><REACH who="3" step="1"/><G92/><REACH who="3" ten="305,417,65,193" step="2"/><T78/><D104/><N who="1" m="63535" /><E34/><V100/><F100/><W134/><G134/><T61/><D78/><U49/><AGARI ba="0,2" hai="22,25,29,46,49,54,93,94" m="63535,46186" machi="49" ten="30,1100,0" yaku="13,1" doraHai="56" who="1" fromWho="1" sc="305,-3,417,31,65,-5,193,-3" />
</Scene>
<Scene>
<INIT seed="3,0,0,3,3,128" ten="302,448,60,190" oya="3" hai0="15,93,132,76,48,49,47,41,110,50,31,9,87" hai1="19,30,117,94,99,40,77,58,18,34,23,82,3" hai2="68,107,11,29,71,118,83,52,91,5,116,45,134" hai3="27,122,120,114,79,69,8,36,74,127,123,61,135"/><W26/><G114/><T129/><D132/><U126/><E3/><V25/><F107/><W90/><G36/><T6/><D129/><U75/><E126/><V73/><F71/><W104/><G104/><T33/><D110/><U95/><E117/><V54/><F68/><W7/><G127/><T17/><D93/><U22/><E40/><V97/><F97/><W100/><G100/><T112/><D112/><U39/><E39/><V85/><F73/><W10/><G135/><T88/><D33/><U53/><E34/><V108/><F108/><W28/><G90/><T109/><D76/><U80/><E30/><V92/><F134/><W103/><G103/><T101/><D31/><U86/><E80/><V13/><F83/><W102/><G102/><T32/><D32/><U119/><E119/><V63/><F54/><W130/><G130/><T55/><D101/><U42/><E42/><V78/><F78/><W81/><G28/><T59/><D109/><U12/><E99/><V106/><F106/><W72/><G72/><T111/><D111/><U1/><E1/><V89/><F91/><W56/><G69/><T84/><D84/><U14/><REACH who="1" step="1"/><E75/><REACH who="1" ten="302,438,60,190" step="2"/><V21/><REACH who="2" step="1"/><F45/><REACH who="2" ten="302,438,50,190" step="2"/><W64/><G123/><T43/><D47/><U125/><E125/><V37/><F37/><W57/><G122/><T113/><D113/><U115/><E115/><V70/><F70/><N who="3" m="42255" /><G120/><T131/><D131/><U35/><E35/><V96/><F96/><W133/><G133/><T98/><D98/><U105/><E105/><V46/><F46/><W67/><G74/><T16/><D43/><U4/><E4/><RYUUKYOKU ba="0,2" sc="302,-15,438,15,50,15,190,-15" hai1="12,14,18,19,22,23,53,58,77,82,86,94,95" hai2="5,11,13,21,25,29,52,63,85,89,92,116,118" />
</Scene>
<Scene>
<INIT seed="4,1,2,1,2,123" ten="287,453,65,175" oya="0" hai0="53,122,124,88,43,102,8,86,23,131,59,129,18" hai1="105,36,26,14,106,21,41,47,37,40,115,127,128" hai2="13,72,118,78,87,84,93,38,61,70,116,46,48" hai3="9,6,22,79,34,110,42,56,119,99,108,58,50"/><T67/><D122/><U20/><E128/><N who="0" m="49225" /><D124/><U27/><E127/><V33/><F33/><W71/><G34/><T63/><D43/><U62/><E115/><V82/><F38/><W75/><G71/><T121/><D121/><U7/><E62/><V65/><F13/><W12/><G119/><N who="2" m="45609" /><F93/><W135/><G135/><T45/><D45/><U2/><E2/><V3/><F3/><W89/><G22/><T60/><D102/><U101/><E7/><V133/><F133/><W52/><G42/><AGARI ba="1,2" hai="42,46,48,61,65,70,72,78,82,84,87" m="45609" machi="42" ten="30,1000,0" yaku="12,1" doraHai="123" who="2" fromWho="3" sc="287,0,453,0,65,33,175,-13" />
</Scene>
<Scene>
<INIT seed="5,0,0,3,2,87" ten="287,453,98,162" oya="1" hai0="102,88,131,15,23,24,45,19,54,128,75,111,120" hai1="26,48,69,25,98,22,78,104,8,127,117,36,7" hai2="57,133,76,11,9,66,132,124,91,130,4,61,49" hai3="97,106,30,28,51,31,116,135,115,64,1,110,95"/><U68/><E36/><V90/><F124/><W13/><G110/><T39/><D111/><U77/><E117/><V73/><F130/><N who="0" m="49706" /><D102/><U65/><E26/><V113/><F113/><W20/><G1/><T81/><D75/><U17/><E127/><V47/><F76/><W94/><G115/><T62/><D120/><U107/><E48/><V112/><F73/><W83/><G135/><N who="2" m="51785" /><F112/><W29/><G116/><T109/><D109/><U82/><E77/><V38/><F38/><W44/><G64/><T55/><D62/><U67/><E67/><V14/><F11/><W10/><G83/><T50/><D39/><U123/><E123/><V33/><F33/><W18/><G106/><T53/><D24/><U70/><E65/><V96/><F96/><W16/><G31/><T93/><D81/><U42/><E82/><V52/><AGARI ba="0,0" hai="4,9,14,47,49,52,57,61,66,90,91" m="51785" machi="52" ten="30,7900,0" yaku="20,1,52,2,54,1" doraHai="87" who="2" fromWho="2" sc="287,-20,453,-39,98,79,162,-20" />
</Scene>
<Scene>
<INIT seed="6,0,0,1,4,59" ten="267,414,177,142" oya="2" hai0="84,112,100,73,101,69,81,135,63,16,121,119,108" hai1="90,64,67,55,22,70,8,114,91,118,104,47,34" hai2="39,92,11,117,127,71,98,33,27,9,5,52,51" hai3="74,46,94,61,113,116,7,48,29,38,10,57,54"/><V32/><F39/><W110/><G116/><T21/><D73/><U15/><E34/><V36/><F36/><W95/><G110/><T42/><D108/><U125/><E118/><V76/><F117/><W4/><G74/><T89/><D119/><U26/><E104/><V128/><F71/><W49/><G113/><T72/><D72/><U115/><E125/><V31/><F127/><W109/><G109/><T43/><D121/><U60/><E67/><V102/><F76/><W68/><G29/><T124/><D124/><U77/><E77/><V41/><F128/><W19/><G68/><T25/><D135/><U129/><E129/><V85/><F85/><W87/><G38/><T40/><REACH who="0" step="1"/><D112/><REACH who="0" ten="257,414,177,142" step="2"/><U83/><E114/><V53/><F33/><W14/><G49/><T133/><D133/><U75/><E115/><V20/><F32/><W2/><G87/><T126/><D126/><U78/><E47/><N who="2" m="26095" /><F5/><N who="3" m="2123" /><G2/><T130/><D130/><U134/><E134/><V30/><F30/><W106/><G106/><T111/><D111/><U23/><E75/><V123/><F123/><W122/><G122/><T97/><D97/><U24/><E70/><V12/><F31/><W103/><G103/><T6/><D6/><U66/><E78/><V86/><F102/><W0/><G0/><T93/><D93/><U99/><E99/><V82/><F98/><W56/><G56/><T107/><D107/><U62/><E90/><V58/><F58/><W44/><G44/><T13/><D13/><U50/><E15/><V17/><F92/><N who="3" m="35371" /><G46/><T79/><D79/><U88/><E91/><N who="2" m="51671" /><F12/><W96/><G96/><RYUUKYOKU ba="0,1" sc="257,10,414,-30,177,10,142,10" hai0="16,21,25,40,42,43,63,69,81,84,89,100,101" hai2="9,11,17,20,27,52,53" hai3="10,14,19,48,54,57,61" />
</Scene>
<Scene>
<INIT seed="6,1,1,0,4,74" ten="267,384,187,152" oya="2" hai0="40,3,45,53,105,126,129,44,87,99,13,55,35" hai1="67,108,125,26,36,25,117,86,39,97,79,48,22" hai2="94,110,65,84,6,46,92,72,118,14,58,49,15" hai3="59,91,4,38,10,51,70,12,111,81,83,68,124"/><V76/><F118/><W128/><G111/><T102/><D35/><U114/><E108/><V88/><F110/><W50/><G38/><T131/><D3/><U56/><E117/><V31/><F31/><W64/><G128/><N who="0" m="49227" /><D126/><U112/><E97/><V130/><F130/><W16/><G124/><T120/><D120/><U7/><E7/><V104/><F104/><W2/><G70/><T20/><D87/><U75/><E75/><V121/><F121/><W90/><G68/><T0/><D0/><U116/><E86/><V11/><F72/><W62/><G91/><T71/><D71/><U8/><E114/><V96/><F15/><W19/><G19/><N who="0" m="10351" /><D45/><U54/><E112/><V132/><F132/><W18/><G18/><T123/><D123/><U23/><E26/><V93/><F76/><W103/><G103/><T47/><D47/><U17/><E79/><V27/><F27/><W32/><G32/><T29/><D29/><U78/><E78/><V28/><F28/><W95/><G83/><T109/><D109/><U33/><E25/><V135/><F135/><W60/><G81/><T80/><D80/><U57/><E33/><V133/><F133/><W77/><G77/><T9/><D9/><U134/><E134/><V24/><F24/><W63/><G63/><T5/><D5/><U115/><E116/><V107/><F84/><N who="3" m="52679" /><G62/><T113/><D113/><U98/><E115/><V52/><F107/><W30/><G30/><T89/><D89/><U119/><E119/><V34/><F34/><W43/><G43/><T41/><D41/><U100/><E125/><V106/><F106/><RYUUKYOKU ba="1,1" sc="267,10,384,-30,187,10,152,10" hai0="40,44,53,55,99,102,105" hai2="6,11,14,46,49,52,58,65,88,92,93,94,96" hai3="2,4,10,12,16,50,51,59,60,64" />
</Scene>
<Scene>
<INIT seed="6,2,1,4,4,109" ten="277,354,197,162" oya="2" hai0="15,66,76,98,94,70,123,34,113,3,126,47,44" hai1="59,56,95,83,135,89,64,58,2,45,30,13,71" hai2="112,102,22,82,57,120,103,104,11,32,29,124,17" hai3="114,4,42,134,110,116,52,91,99,10,31,90,79"/><V125/><F120/><W118/><G110/><T33/><D3/><U77/><E2/><V122/><F122/><W7/><G134/><T72/><D123/><U21/><E135/><V88/><F11/><W117/><G114/><T67/><D113/><U62/><E45/><V26/><F112/><W111/><G111/><T35/><D72/><U36/><E36/><V96/><F102/><W9/><G42/><T129/><D76/><U51/><E51/><V92/><F57/><W50/><G79/><T132/><D15/><U49/><E49/><V73/><F82/><W37/><G37/><T38/><D38/><U119/><E119/><V101/><F73/><W121/><G31/><T115/><D115/><U78/><E83/><V81/><F81/><W20/><G20/><T128/><D132/><U40/><E40/><V75/><F75/><W48/><G121/><T131/><D126/><N who="2" m="48746" /><F104/><W130/><G130/><T93/><D93/><U85/><E77/><V46/><F46/><N who="0" m="17450" /><D70/><U0/><E78/><V133/><F133/><W107/><G107/><T127/><D127/><U23/><E71/><V87/><F87/><W106/><G106/><T41/><D41/><U53/><E85/><V61/><F61/><W105/><G105/><T5/><D5/><U80/><E62/><V60/><F60/><W108/><G108/><T6/><D6/><U12/><E80/><V16/><F32/><W68/><G68/><T8/><D8/><U55/><E0/><V18/><AGARI ba="2,1" hai="16,17,18,22,26,29,88,92,96,101,103" m="48746" machi="18" ten="30,6000,0" yaku="18,1,54,2" doraHai="109" who="2" fromWho="2" sc="277,-22,354,-22,197,76,162,-22" />
</Scene>
<Scene>
<INIT seed="6,3,0,2,0,8" ten="255,332,273,140" oya="2" hai0="130,27,112,14,113,49,124,34,69,54,65,41,46" hai1="33,63,106,17,81,92,44,22,118,78,77,127,11" hai2="108,83,119,31,10,12,107,91,80,68,61,62,4" hai3="89,15,24,126,70,57,38,13,85,79,6,16,93"/><V37/><F119/><W52/><G38/><N who="0" m="21815" /><D124/><U50/><E106/><V129/><F37/><W64/><G126/><T105/><D105/><U97/><E33/><V122/><F122/><W131/><G131/><T135/><D130/><U128/><E128/><V101/><F129/><W98/><G70/><T21/><D34/><U75/><E78/><V28/><F108/><W117/><G64/><T95/><D95/><U29/><E63/><V7/><F68/><W115/><G117/><T1/><D1/><U102/><E127/><V48/><F107/><W51/><G115/><N who="0" m="44107" /><D14/><N who="3" m="5129" /><G6/><T23/><D27/><U20/><E29/><V123/><F123/><W132/><G132/><T111/><D135/><U134/><E134/><V35/><F35/><W45/><G45/><N who="0" m="27951" /><D111/><U47/><E118/><V58/><F4/><W96/><G79/><T36/><D36/><U59/><E77/><V76/><F76/><W43/><G43/><T39/><D39/><U86/><E75/><V32/><F32/><W84/><G98/><T104/><D104/><U100/><E97/><V26/><F7/><W30/><G30/><T18/><D18/><U125/><E17/><V72/><F31/><W60/><G51/><T40/><D40/><U114/><E50/><V3/><F48/><W90/><G90/><T9/><D65/><U120/><E125/><V133/><F28/><W116/><G116/><T87/><D69/><U42/><E114/><V19/><F133/><W94/><G94/><T56/><D56/><U53/><E59/><V55/><F91/><W74/><G74/><T0/><D0/><U110/><E110/><RYUUKYOKU ba="3,0" sc="255,-10,332,-10,273,-10,140,30" hai3="16,24,52,57,60,84,85,89,93,96" />
</Scene>
<Scene>
<INIT seed="7,4,0,2,4,64" ten="245,322,263,170" oya="3" hai0="129,23,128,14,58,18,59,100,98,4,48,115,47" hai1="99,34,13,29,78,9,108,94,72,26,106,110,123" hai2="65,51,114,12,27,55,118,33,38,24,53,127,116" hai3="125,111,113,122,74,32,80,21,119,40,104,2,60"/><W134/><RYUUKYOKU type="yao9" ba="4,0" sc="245,0,322,0,263,0,170,0" hai3="2,21,32,40,60,74,80,104,111,113,119,122,125,134" />
</Scene>
<Scene>
<INIT seed="7,5,0,0,1,46" ten="245,322,263,170" oya="3" hai0="132,123,114,80,116,113,89,1,126,124,48,75,56" hai1="67,88,24,29,39,87,68,17,131,128,51,3,74" hai2="19,16,62,49,34,84,78,30,129,10,97,108,21" hai3="6,23,32,60,135,72,98,5,13,41,65,115,31"/><W61/><G72/><T112/><D1/><U66/><E39/><V117/><F108/><W25/><G135/><T15/><D123/><U4/><E74/><V83/><F117/><W7/><G115/><T111/><D116/><U76/><E76/><V58/><F129/><W63/><G41/><T43/><D111/><U105/><E105/><V100/><F34/><W77/><G77/><N who="0" m="44095" /><D89/><U95/><E17/><V50/><F10/><W85/><G65/><T69/><D15/><U9/><E51/><N who="2" m="19467" /><F97/><W119/><G119/><T26/><D26/><U120/><E120/><V27/><F100/><W110/><G110/><T91/><D91/><U28/><E28/><V134/><F134/><W37/><G37/><T109/><D109/><U90/><E90/><V122/><F122/><W54/><G85/><T18/><D18/><U8/><E9/><V94/><F94/><W38/><G38/><T44/><D132/><U35/><E68/><V79/><F78/><W106/><G54/><AGARI ba="5,0" hai="16,19,21,27,30,54,58,62,79,83,84" m="19467" machi="54" ten="30,8000,1" yaku="8,1,52,3,54,1" doraHai="46" who="2" fromWho="3" sc="245,0,322,0,263,95,170,-95" owari="245,-15.0,322,12.0,358,45.0,75,-42.0" />
</Scene>
</mjloggm>