<mjloggm ver="2.3"><GO type="169" lobby="0"/><UN n0="%E5%B8%B8%E5%8B%9D%E7%87%95%E8%BB%8D%E5%9B%A3" n1="%E5%B1%B1%E4%B8%8B%E3%83%80%E3%82%A4%E3%82%B9%E3%82%B1" n2="%E3%82%B9%E3%83%86%E3%83%AB%E3%82%B9%6B%69%6E%6F" n3="%E5%A4%AA%E3%81%8F%E3%81%AA%E3%81%84%E3%81%8A" dan="17,16,16,18" rate="2151.61,2033.28,2092.05,2230.03" sx="M,M,F,F"/><TAIKYOKU oya="0"/>

<Scene>
<INIT seed="0,0,0,2,3,27" ten="250,250,250,250" oya="0" hai0="83,44,17,41,85,69,6,67,4,71,40,61,107" hai1="134,70,53,45,80,87,78,119,60,92,93,123,39" hai2="47,128,113,24,130,73,121,72,66,97,135,56,76" hai3="50,106,46,102,34,132,58,111,81,3,94,86,25"/><T11/><D107/><U0/><E123/><V116/><F121/><W38/><G3/><T51/><D17/><U22/><E134/><V14/><F113/><W91/><G132/><T77/><D6/><U133/><E133/><V21/><F135/><W55/><G111/><T103/><D103/><U90/><E0/><V115/><F115/><W99/><G38/><T26/><D26/><U74/><E119/><V29/><F116/><W112/><G112/><T23/><D23/><U88/><E39/><V120/><F120/><W37/><G37/><T64/><D41/><U108/><E108/><V48/><F14/><W59/><REACH who="3" step="1"/><G106/><REACH who="3" ten="250,250,250,240" step="2"/><T33/><D33/><U110/><E110/><V65/><F128/><W30/><AGARI ba="0,1" hai="25,30,34,46,50,55,58,59,81,86,91,94,99,102" machi="30" ten="30,7900,0" yaku="1,1,2,1,0,1,52,1,53,0" doraHai="27" doraHaiUra="9" who="3" fromWho="3" sc="250,-39,250,-20,250,-20,240,89" />
</Scene>
<Scene>
<INIT seed="1,0,0,1,4,105" ten="211,230,230,329" oya="1" hai0="25,46,90,53,70,125,3,24,32,11,59,128,115" hai1="27,39,106,41,49,99,84,2,20,132,54,12,76" hai2="71,50,77,67,17,104,107,88,23,9,79,43,62" hai3="97,111,37,13,52,101,31,121,47,119,110,64,81"/><U55/><E2/><V133/><F133/><W30/><G121/><T89/><D70/><U48/><E132/><V100/><F9/><W93/><G119/><T14/><D115/><U4/><E39/><V56/><F104/><W35/><G35/><T28/><D128/><U122/><E122/><V95/><F100/><W127/><G127/><T1/><D125/><U83/><E99/><V131/><F107/><W135/><G135/><T96/><D46/><N who="1" m="25679" /><E49/><V129/><F129/><W108/><G64/><T78/><D25/><U38/><E38/><V26/><F131/><W22/><G81/><T134/><D134/><U117/><E106/><V66/><F66/><W0/><G0/><T112/><D112/><U123/><E117/><V113/><F113/><W29/><G52/><T65/><D65/><U60/><E60/><V109/><F109/><W40/><REACH who="3" step="1"/><G13/><REACH who="3" ten="211,230,230,319" step="2"/><T36/><D3/><U63/><E123/><V33/><F33/><W34/><G34/><T6/><D1/><U114/><E114/><V73/><F43/><W87/><G87/><T92/><D32/><U10/><E63/><V15/><F26/><AGARI ba="0,1" hai="22,26,29,30,31,37,40,47,93,97,101,108,110,111" machi="26" ten="40,5200,0" yaku="1,1,14,1,53,1" doraHai="105" doraHaiUra="94" who="3" fromWho="2" sc="211,0,230,0,230,-52,319,62" />
</Scene>
<Scene>
<INIT seed="2,0,0,5,2,89" ten="211,230,178,381" oya="2" hai0="23,66,6,70,131,3,91,88,85,58,62,17,45" hai1="90,0,16,126,19,21,123,69,32,122,97,14,59" hai2="31,133,29,79,82,55,71,34,112,124,106,13,64" hai3="102,37,56,51,107,5,4,8,87,111,11,105,73"/><V98/><F112/><W57/><G73/><T130/><D45/><U86/><E69/><V50/><F124/><W121/><G37/><T134/><D134/><U103/><E32/><V117/><F117/><W120/><G87/><T49/><D3/><U53/><E0/><V36/><F36/><W118/><G51/><T9/><D9/><U46/><E46/><V67/><F133/><W101/><REACH who="3" step="1"/><G111/><REACH who="3" ten="211,230,178,371" step="2"/><T72/><D72/><U115/><E126/><V1/><F50/><W30/><G30/><T27/><D6/><U104/><E115/><V26/><F31/><W80/><G80/><T135/><D135/><U113/><E113/><V28/><F28/><W54/><G54/><N who="0" m="32079" /><D85/><U108/><E108/><V12/><F55/><W25/><G25/><T33/><D33/><U92/><REACH who="1" step="1"/><E19/><REACH who="1" ten="211,220,178,371" step="2"/><V24/><F29/><W127/><G127/><T132/><D132/><U18/><E18/><V44/><F34/><W42/><G42/><T61/><D17/><U60/><AGARI ba="0,2" hai="14,16,21,53,59,60,86,90,92,97,103,104,122,123" machi="60" ten="30,8000,1" yaku="1,1,0,1,52,1,54,1,53,1" doraHai="89" doraHaiUra="93" who="1" fromWho="1" sc="211,-20,220,100,178,-40,371,-20" />
</Scene>
<Scene>
<INIT seed="3,0,0,0,4,111" ten="191,320,138,351" oya="3" hai0="0,55,34,21,90,94,38,36,54,133,68,92,64" hai1="88,14,30,9,58,20,118,61,80,32,75,56,46" hai2="12,109,41,105,4,28,134,26,70,31,125,112,22" hai3="76,6,49,48,73,84,69,128,107,13,40,44,106"/><W126/><G69/><T110/><D34/><U122/><E32/><V33/><F105/><W2/><G128/><T53/><D0/><U127/><E122/><V119/><F70/><W116/><G116/><T47/><D110/><U18/><E127/><V99/><F99/><W72/><G2/><T91/><D133/><U108/><E118/><V71/><F71/><W15/><G126/><T11/><D11/><U114/><E114/><V120/><F41/><W87/><G76/><T129/><D129/><U10/><E108/><V39/><F39/><W89/><G40/><T8/><D8/><U17/><E75/><V98/><F98/><W19/><G44/><T83/><D83/><U115/><E115/><V77/><F77/><W5/><G19/><T1/><D1/><U50/><E30/><N who="2" m="17751" /><F12/><W27/><G27/><T24/><D64/><U121/><E121/><V60/><F60/><W59/><G89/><N who="0" m="33803" /><D68/><U29/><E29/><N who="2" m="11339" /><F33/><W23/><REACH who="3" step="1"/><G23/><REACH who="3" ten="191,320,138,341" step="2"/><T95/><D47/><U79/><E79/><V113/><F125/><W63/><G63/><T101/><D21/><U97/><E20/><V102/><F119/><W117/><G117/><T85/><D24/><U52/><E61/><V103/><F113/><W123/><G123/><T67/><D101/><U130/><E130/><V124/><F103/><W93/><G93/><T37/><D85/><N who="1" m="50215" /><E97/><V16/><F102/><W135/><G135/><T86/><D86/><U131/><E131/><V7/><F134/><W62/><G62/><T74/><D74/><U78/><E78/><V51/><F112/><W82/><G82/><T132/><D132/><RYUUKYOKU ba="0,1" sc="191,10,320,10,138,-30,341,10" hai0="36,37,38,53,54,55,67,92,94,95" hai1="9,10,14,17,18,46,50,52,56,58" hai3="5,6,13,15,48,49,59,72,73,84,87,106,107" />
</Scene>
<Scene>
<INIT seed="3,1,1,5,1,1" ten="201,330,108,351" oya="3" hai0="59,23,69,54,83,66,86,110,128,127,131,125,34" hai1="103,78,105,118,97,64,95,55,63,132,44,106,84" hai2="61,25,45,5,9,107,82,32,13,72,57,71,47" hai3="120,124,17,12,49,81,96,113,129,29,56,3,21"/><W33/><G120/><T19/><D34/><U85/><E132/><V41/><F71/><W18/><G113/><T68/><D110/><U52/><E118/><V4/><F107/><W89/><G3/><T6/><D6/><U67/><E44/><V62/><F62/><W75/><G75/><T0/><D0/><U27/><E27/><V130/><F130/><N who="0" m="49706" /><D66/><U92/><E78/><V2/><F47/><W30/><G33/><T10/><D10/><U48/><E48/><V31/><F2/><W90/><G129/><T111/><D111/><U58/><E58/><V8/><F8/><W101/><G124/><N who="0" m="47691" /><D54/><U98/><E63/><V109/><F109/><W60/><G49/><T73/><D73/><U26/><E26/><V123/><F123/><W88/><G81/><T134/><D59/><U74/><E74/><V100/><F100/><AGARI ba="1,1" hai="52,55,64,67,84,85,92,95,97,98,100,103,105,106" machi="100" ten="25,3200,0" yaku="22,2,54,1" doraHai="1" who="1" fromWho="2" sc="201,0,330,45,108,-35,351,0" />
</Scene>
<Scene>
<INIT seed="4,0,0,1,3,102" ten="201,375,73,351" oya="0" hai0="29,42,95,133,53,112,92,77,115,21,47,58,44" hai1="72,135,6,57,63,61,118,48,117,91,11,51,130" hai2="33,119,89,106,4,78,8,50,100,105,103,46,25" hai3="40,17,123,116,18,85,20,16,109,41,75,81,74"/><T5/><D77/><U52/><E72/><V54/><F78/><W0/><G109/><T59/><D5/><U64/><E135/><V73/><F73/><W96/><G116/><T124/><D133/><U19/><E130/><V120/><F120/><W12/><G0/><T79/><D79/><U23/><E117/><V43/><F119/><W87/><G123/><T13/><D124/><U49/><E118/><V15/><F89/><W9/><G96/><T128/><D128/><U111/><E111/><V31/><REACH who="2" step="1"/><F43/><REACH who="2" ten="201,375,63,351" step="2"/><W99/><G74/><T38/><D42/><U37/><E91/><V69/><F69/><W88/><G75/><T39/><D115/><U104/><E37/><V94/><F94/><N who="3" m="56775" /><G41/><T113/><D39/><U114/><E114/><V22/><F22/><W76/><G40/><T110/><D110/><U32/><E32/><V3/><F3/><W83/><G20/><T65/><D38/><U82/><E82/><N who="3" m="31242" /><G76/><T127/><D112/><U28/><E23/><V24/><F24/><W60/><G60/><N who="0" m="38039" /><D113/><U121/><E63/><V70/><F70/><W84/><AGARI ba="0,1" hai="9,12,16,17,18,84,85,87" m="31242,56775" machi="84" ten="30,4000,0" yaku="8,1,54,2" doraHai="102" who="3" fromWho="3" sc="201,-20,375,-10,63,-10,351,50" />
</Scene>
<Scene>
<INIT seed="5,0,0,3,2,72" ten="181,365,53,401" oya="1" hai0="101,132,10,45,75,25,134,4,109,119,51,65,127" hai1="83,23,97,125,106,31,66,129,56,90,33,52,71" hai2="48,98,59,92,30,107,17,79,76,61,87,40,121" hai3="27,73,55,24,22,1,95,110,13,102,86,131,112"/><U80/><E129/><V47/><F121/><W19/><G110/><T88/><D109/><U43/><E43/><V12/><F30/><W7/><G73/><T42/><D119/><U68/><E125/><V78/><F107/><W67/><G67/><T26/><D127/><U89/><E23/><N who="2" m="11687" /><F87/><W14/><G1/><T6/><D101/><N who="1" m="62767" /><E71/><V94/><F98/><N who="3" m="59743" /><G112/><T62/><D75/><U53/><E83/><V128/><F128/><W85/><G131/><T99/><D134/><U84/><E90/><V118/><F118/><W122/><G122/><T20/><D132/><U120/><E56/><V91/><F91/><W50/><G14/><T114/><D20/><U11/><E11/><V3/><F3/><W69/><G69/><T58/><D6/><U63/><E120/><V49/><F49/><W44/><G7/><T103/><D103/><U115/><E115/><V108/><F108/><W82/><G86/><T113/><D113/><U16/><E16/><V32/><F32/><W21/><G21/><T105/><D105/><U130/><E130/><V34/><F34/><W111/><G111/><T126/><D126/><U116/><E116/><V77/><N who="2" m="19456" /><DORA hai="37" /><V117/><F117/><W81/><G85/><T135/><D114/><U74/><E74/><V123/><F123/><W38/><G38/><T46/><D135/><U35/><E35/><V2/><F2/><W28/><G28/><T5/><D99/><U41/><E33/><V36/><F36/><W0/><G0/><T8/><D88/><U70/><E31/><V54/><AGARI ba="0,0" hai="40,47,48,54,59,61,92,94" m="19456,11687" machi="54" ten="40,12000,2" yaku="8,1,52,5" doraHai="72,37" who="2" fromWho="2" sc="181,-30,365,-60,53,120,401,-30" />
</Scene>
<Scene>
<INIT seed="6,0,0,4,1,97" ten="151,305,173,371" oya="2" hai0="44,66,81,123,40,39,48,38,96,109,126,33,25" hai1="108,64,69,133,118,83,9,10,131,128,90,17,105" hai2="61,53,104,45,77,59,65,55,13,114,116,132,8" hai3="52,89,7,121,129,120,107,125,3,56,71,92,1"/><V70/><F116/><W103/><G71/><T24/><D109/><U98/><E118/><V68/><F104/><W23/><G125/><T35/><D123/><U16/><E108/><V76/><F114/><W117/><G117/><T30/><D126/><U11/><E133/><V124/><F132/><W41/><G41/><T0/><D0/><U26/><E26/><V79/><F124/><W115/><G115/><T42/><D66/><U29/><E29/><V130/><F130/><N who="1" m="49705" /><E64/><V58/><F45/><W14/><G129/><T94/><D81/><U73/><E69/><V15/><F65/><W87/><G107/><T102/><D42/><U34/><E34/><V31/><F31/><AGARI ba="0,0" hai="24,25,30,31,33,35,38,39,40,44,48,94,96,102" machi="31" ten="40,2600,0" yaku="9,1,52,1" doraHai="97" who="0" fromWho="2" sc="151,26,305,0,173,-26,371,0" />
</Scene>
<Scene>
<INIT seed="7,0,0,0,1,75" ten="177,305,147,371" oya="3" hai0="41,20,102,87,21,128,121,47,34,16,33,60,106" hai1="30,26,103,22,91,9,66,56,18,62,13,110,51" hai2="119,53,6,77,32,73,70,39,35,25,55,38,133" hai3="64,134,72,112,122,114,93,95,86,23,79,54,76"/><W61/><G122/><T100/><D121/><U7/><E110/><V107/><F119/><W42/><G72/><T97/><D128/><U65/><E65/><V74/><F133/><W84/><G42/><T36/><D100/><U12/><E51/><V49/><F107/><W37/><G37/><T113/><D113/><N who="3" m="43625" /><G54/><T115/><D115/><U132/><E132/><V80/><F70/><N who="3" m="42255" /><G134/><T11/><D11/><U8/><E91/><V96/><F96/><W4/><G4/><T44/><D44/><U88/><E88/><V89/><F89/><W14/><G86/><T50/><D36/><U118/><REACH who="1" step="1"/><E103/><REACH who="1" ten="177,295,147,371" step="2"/><V52/><F49/><W59/><G79/><T85/><D102/><U130/><E130/><V105/><F105/><W28/><G76/><T83/><D106/><U116/><AGARI ba="0,1" hai="7,8,9,12,13,18,22,26,30,56,62,66,116,118" machi="116" ten="30,2000,0" yaku="1,1,0,1,53,0" doraHai="75" doraHaiUra="92" who="1" fromWho="1" sc="177,-5,295,30,147,-5,371,-10" owari="172,-23.0,325,13.0,142,-36.0,361,46.0" />
</Scene>
</mjloggm>