<mjloggm ver="2.3"><GO type="169" lobby="0"/><UN n0="%E8%B6%85%E3%83%92%E3%83%A2%E3%83%AA%E3%83%AD" n1="%E5%A5%88%E8%90%BD%E3%81%AE%E7%8E%8B" n2="%E5%A4%AA%E3%81%8F%E3%81%AA%E3%81%84%E3%81%8A" n3="%E3%81%97%E3%82%85%E3%81%86%E3%83%BC%E3%80%82" dan="17,17,18,17" rate="2171.03,2113.74,2184.59,2059.74" sx="F,M,M,M"/><TAIKYOKU oya="0"/>

<Scene>
<INIT seed="0,0,0,5,2,35" ten="250,250,250,250" oya="0" hai0="53,31,124,90,88,46,109,97,41,25,62,49,76" hai1="127,91,70,81,38,54,29,42,68,52,19,117,83" hai2="8,40,106,92,111,27,112,102,45,80,39,20,7" hai3="130,37,133,36,99,56,30,121,9,21,23,64,74"/><T2/><D124/><U113/><E117/><V98/><F111/><W48/><G121/><T4/><D109/><U105/><E105/><V17/><F112/><W15/><G74/><T57/><D76/><U24/><E127/><V100/><F80/><W108/><G108/><T78/><D78/><U86/><E83/><V32/><F32/><W118/><G118/><T12/><D12/><U93/><E113/><V115/><F115/><W95/><G133/><T120/><D120/><U44/><E19/><V101/><REACH who="2" step="1"/><F106/><REACH who="2" ten="250,250,240,250" step="2"/><W14/><G130/><T71/><D71/><U73/><E70/><V128/><F128/><W89/><G37/><T26/><D97/><U104/><E68/><V47/><F47/><W5/><G36/><T119/><D119/><U43/><E104/><V1/><AGARI ba="0,1" hai="1,7,8,17,20,27,39,40,45,92,98,100,101,102" machi="1" ten="20,5200,0" yaku="1,1,0,1,7,1,52,1,53,0" doraHai="35" doraHaiUra="125" who="2" fromWho="2" sc="250,-26,250,-13,240,62,250,-13" />
</Scene>
<Scene>
<INIT seed="1,0,0,4,2,54" ten="224,237,302,237" oya="1" hai0="124,98,116,125,65,55,7,73,66,92,33,5,97" hai1="118,14,85,61,23,26,77,103,104,96,17,100,51" hai2="101,132,112,63,68,82,109,81,50,30,58,38,27" hai3="32,6,18,88,111,110,87,47,75,80,106,59,126"/><U129/><E118/><V21/><F38/><W37/><G106/><T29/><D73/><U130/><E103/><V10/><F109/><W131/><G126/><T78/><D78/><U53/><E61/><V16/><F132/><W121/><G121/><T120/><D116/><U122/><E122/><V25/><F112/><W99/><G131/><N who="1" m="50186" /><E77/><V57/><F101/><W67/><G32/><T20/><D33/><U89/><E26/><V71/><F71/><W8/><G18/><T76/><D76/><U36/><E36/><V135/><F135/><W45/><G99/><T72/><D72/><U83/><E53/><N who="2" m="31927" /><F68/><W117/><G75/><T28/><D120/><U123/><E51/><V64/><F27/><W115/><G115/><T90/><D90/><U84/><E123/><V43/><F43/><W91/><G91/><T9/><D55/><U102/><E102/><V49/><F49/><W134/><G134/><T3/><D124/><U1/><E85/><V133/><F133/><W70/><G70/><T74/><D74/><U79/><E89/><V0/><F0/><AGARI ba="0,0" hai="0,1,14,17,23,79,83,84,96,100,104" m="50186" machi="0" ten="30,1500,0" yaku="19,1" doraHai="54" who="1" fromWho="2" sc="224,0,237,15,302,-15,237,0" />
</Scene>
<Scene>
<INIT seed="1,1,0,2,0,119" ten="224,252,287,237" oya="1" hai0="66,13,127,10,56,123,64,108,91,26,34,50,115" hai1="3,41,47,128,96,80,98,82,42,40,16,107,49" hai2="116,21,85,118,67,58,59,72,129,28,0,29,103" hai3="22,2,27,17,25,94,14,39,83,1,9,69,57"/><U110/><E3/><V18/><F72/><W131/><G69/><T112/><D108/><U65/><E110/><V109/><F109/><W132/><G39/><T31/><D127/><U62/><E128/><V23/><F0/><W12/><G131/><T63/><D66/><U19/><E82/><V122/><F129/><W7/><G132/><T99/><D50/><U5/><E5/><V97/><F85/><W114/><G114/><T74/><D74/><U45/><E80/><V71/><F71/><W11/><G94/><T111/><D111/><U106/><E42/><V24/><F122/><W48/><G83/><T90/><D123/><U43/><E43/><V130/><F130/><W92/><G92/><T51/><D51/><U37/><E107/><V76/><F76/><W52/><REACH who="3" step="1"/><G27/><REACH who="3" ten="224,252,287,227" step="2"/><T20/><D112/><U6/><E106/><V134/><F134/><W73/><G73/><T133/><D133/><U38/><E38/><V60/><F59/><W68/><G68/><T77/><D115/><U32/><E37/><V15/><REACH who="2" step="1"/><F29/><AGARI ba="1,1" hai="1,2,7,9,11,12,14,17,22,25,29,48,52,57" machi="29" ten="30,3900,0" yaku="1,1,7,1,54,1,53,0" doraHai="119" doraHaiUra="124" who="3" fromWho="2" sc="224,0,252,0,287,-42,227,52" />
</Scene>
<Scene>
<INIT seed="2,0,0,0,4,126" ten="224,252,245,279" oya="2" hai0="124,112,103,33,134,118,122,58,15,43,57,60,12" hai1="128,70,104,135,0,131,73,97,113,11,53,19,98" hai2="91,115,75,87,27,116,55,36,64,95,99,8,47" hai3="66,105,20,80,100,65,4,23,26,71,35,3,114"/><V41/><F116/><W110/><G114/><T108/><D112/><U5/><E113/><V101/><F115/><W93/><G110/><T25/><D122/><U59/><E70/><V77/><F64/><W48/><G105/><T72/><D72/><U24/><E73/><V21/><F8/><W74/><G35/><T133/><D108/><U82/><E82/><V34/><F34/><W46/><G4/><T89/><D103/><U31/><E19/><V39/><F55/><W16/><G3/><T121/><D121/><U54/><E54/><V18/><F75/><W1/><G1/><T9/><D124/><U38/><E38/><V83/><REACH who="2" step="1"/><F39/><REACH who="2" ten="224,252,235,279" step="2"/><W7/><G66/><T106/><D118/><U61/><E135/><V132/><F132/><W102/><G65/><T84/><D9/><U96/><REACH who="1" step="1"/><E104/><REACH who="1" ten="224,242,235,279" step="2"/><V120/><F120/><W94/><G74/><T129/><D106/><U69/><E69/><V52/><F52/><W68/><G68/><T76/><D134/><U117/><E117/><V62/><F62/><W90/><G71/><T85/><D60/><U10/><E10/><V32/><F32/><AGARI ba="0,2" hai="0,5,11,24,31,32,53,59,61,96,97,98,128,131" machi="32" ten="40,5200,0" yaku="1,1,52,2,53,0" doraHai="126" doraHaiUra="107" who="1" fromWho="2" sc="224,0,242,72,235,-52,279,0" />
</Scene>
<Scene>
<INIT seed="3,0,0,2,1,61" ten="224,314,183,279" oya="3" hai0="120,70,52,54,71,119,103,32,111,105,31,88,28" hai1="68,60,76,87,66,27,100,56,55,106,93,85,115" hai2="86,131,19,90,33,21,4,110,107,6,117,41,95" hai3="118,8,74,62,89,75,102,77,16,47,135,24,20"/><W57/><G118/><T18/><D119/><U15/><E115/><V42/><F117/><W38/><G135/><T5/><D120/><U92/><E106/><V81/><F107/><W82/><G102/><T121/><D121/><U0/><E0/><V116/><F116/><W13/><G89/><T128/><D5/><U29/><E15/><V63/><F33/><W134/><G134/><T112/><D105/><U133/><E133/><V96/><F110/><W37/><G47/><T23/><D103/><U53/><E93/><V48/><F131/><W14/><G75/><T114/><D111/><U49/><E76/><V35/><F35/><W26/><G14/><T65/><D128/><U1/><E1/><V22/><F63/><W83/><G83/><T40/><D40/><N who="2" m="15466" /><F48/><W97/><G97/><T130/><D130/><U9/><E9/><V80/><F80/><W113/><G113/><N who="0" m="43627" /><D71/><U125/><E68/><V91/><F21/><W7/><REACH who="3" step="1"/><G26/><AGARI ba="0,0" hai="4,6,19,22,26,81,86,90,91,95,96" m="15466" machi="26" ten="30,1000,0" yaku="8,1" doraHai="61" who="2" fromWho="3" sc="224,0,314,0,183,10,279,-10" />
</Scene>
<Scene>
<INIT seed="4,0,0,2,3,90" ten="224,314,193,269" oya="0" hai0="21,20,93,39,87,108,44,94,49,89,103,119,58" hai1="127,125,122,15,82,129,3,31,75,86,70,13,132" hai2="71,9,47,104,43,100,38,133,102,17,69,113,18" hai3="68,81,12,46,53,33,84,97,72,80,10,30,11"/><T134/><D119/><U105/><E122/><V57/><F113/><W91/><G68/><T101/><D134/><U96/><E132/><V107/><F133/><W23/><G33/><T110/><D39/><U99/><E3/><V112/><F112/><W76/><G97/><N who="1" m="37450" /><E105/><V0/><F57/><W109/><G109/><N who="0" m="42091" /><D58/><U95/><E70/><V85/><F85/><W131/><G131/><T8/><D8/><U114/><E129/><V115/><F115/><W118/><G118/><T83/><D21/><U77/><E31/><V66/><F9/><W73/><G73/><T16/><D101/><U24/><E24/><V120/><F38/><W56/><G46/><T52/><D103/><U7/><E7/><V74/><F47/><W14/><G14/><AGARI ba="0,0" hai="14,16,20,44,49,52,83,87,89,93,94" m="42091" machi="14" ten="30,12000,1" yaku="10,1,52,2,54,2" doraHai="90" who="0" fromWho="3" sc="224,120,314,0,193,0,269,-120" />
</Scene>
<Scene>
<INIT seed="4,1,0,3,4,77" ten="344,314,193,149" oya="0" hai0="65,75,105,68,6,62,124,85,60,128,46,3,56" hai1="8,122,112,35,19,50,25,30,130,22,58,47,61" hai2="131,126,9,43,48,100,92,91,40,1,93,17,32" hai3="127,119,123,111,0,57,71,129,59,34,63,41,4"/><T135/><D75/><U31/><E122/><V72/><F32/><W86/><G34/><T117/><D117/><U115/><E130/><V28/><F72/><W79/><G119/><T18/><D128/><U114/><E8/><V81/><F131/><W82/><G129/><T97/><D135/><U29/><E35/><V14/><F126/><W51/><G127/><T118/><D118/><U44/><REACH who="1" step="1"/><E50/><REACH who="1" ten="344,304,193,149" step="2"/><V20/><F48/><W45/><G123/><T64/><D124/><U121/><E121/><V108/><F9/><W5/><G111/><T134/><D134/><U42/><E42/><V24/><F43/><W11/><REACH who="3" step="1"/><G5/><REACH who="3" ten="344,304,193,139" step="2"/><T15/><D6/><U66/><AGARI ba="1,2" hai="19,22,25,29,30,31,44,47,58,61,66,112,114,115" machi="66" ten="40,12000,2" yaku="1,1,0,1,15,1,11,1,53,3" doraHai="77" doraHaiUra="110" who="1" fromWho="1" sc="344,-61,304,143,193,-31,139,-31" />
</Scene>
<Scene>
<INIT seed="5,0,0,3,5,125" ten="283,447,162,108" oya="1" hai0="54,56,26,124,86,1,52,134,79,31,123,105,117" hai1="3,93,63,25,82,112,17,0,67,9,24,4,33" hai2="23,131,74,68,133,81,37,73,8,39,2,115,97" hai3="59,83,11,90,43,42,135,41,95,122,58,6,96"/><U120/><E120/><V49/><F49/><W18/><G122/><T27/><D1/><U92/><E3/><V72/><F23/><W5/><G135/><T50/><D105/><U48/><E112/><V128/><F68/><W71/><G71/><T64/><D117/><U16/><E48/><V80/><F133/><W44/><G44/><T110/><D110/><U108/><E108/><V38/><F115/><W60/><G83/><N who="2" m="31817" /><F97/><W100/><G100/><T87/><D124/><U94/><E33/><V101/><F2/><W75/><G75/><T69/><D123/><U61/><E82/><V62/><F101/><W46/><G46/><T29/><D79/><U15/><E0/><V132/><F132/><W20/><G11/><T34/><D134/><U70/><E63/><V127/><F127/><W78/><G78/><T102/><D102/><U130/><E61/><V109/><F62/><W14/><REACH who="3" step="1"/><G59/><REACH who="3" ten="283,447,162,98" step="2"/><T12/><D69/><U13/><E9/><V51/><F8/><W36/><G36/><T91/><D56/><U66/><E70/><V10/><F10/><W85/><G85/><T104/><D86/><U116/><E116/><V47/><F109/><W55/><AGARI ba="0,1" hai="5,6,14,18,20,41,42,43,55,58,60,90,95,96" machi="55" ten="30,7900,0" yaku="1,1,0,1,8,1,53,1" doraHai="125" doraHaiUra="57" who="3" fromWho="3" sc="283,-20,447,-39,162,-20,98,89" />
</Scene>
<Scene>
<INIT seed="6,0,0,1,2,64" ten="263,408,142,187" oya="2" hai0="107,108,42,90,47,125,14,85,18,105,2,131,70" hai1="37,66,114,89,65,52,75,1,118,95,113,93,13" hai2="51,124,30,104,130,48,39,5,119,69,7,41,135" hai3="10,72,74,61,62,21,20,109,87,55,103,67,29"/><V15/><F119/><W3/><G109/><T78/><D108/><U79/><E1/><V11/><F104/><W101/><G55/><T8/><D70/><U58/><E37/><V99/><F69/><W9/><G87/><T100/><D78/><U117/><E13/><V92/><F135/><W28/><REACH who="3" step="1"/><G3/><REACH who="3" ten="263,408,142,177" step="2"/><T59/><D2/><U31/><E118/><V86/><F86/><W129/><G129/><T123/><D85/><U57/><E117/><V60/><F130/><W91/><G91/><T76/><D90/><U116/><E89/><V132/><F132/><W40/><G40/><T98/><D42/><U73/><E116/><V25/><F41/><W68/><G68/><T134/><D134/><U111/><E111/><V56/><F124/><W120/><G120/><T96/><D125/><U133/><E133/><V97/><F97/><W115/><G115/><T127/><D127/><U80/><E113/><V81/><F81/><W34/><G34/><T33/><D33/><U77/><E114/><V36/><F99/><W121/><G121/><T106/><D123/><U110/><E110/><V102/><F92/><W12/><G12/><T26/><D131/><U88/><E88/><V23/><F102/><W45/><G45/><T32/><D96/><U16/><E80/><V83/><F83/><W17/><G17/><T46/><D98/><U112/><E112/><V22/><F7/><W24/><G24/><T122/><D122/><U0/><E79/><V38/><REACH who="2" step="1"/><F23/><REACH who="2" ten="263,408,132,177" step="2"/><W53/><G53/><AGARI ba="0,2" hai="5,11,15,22,25,30,36,38,39,48,51,53,56,60" machi="53" ten="40,7700,0" yaku="1,1,2,1,53,1" doraHai="64" doraHaiUra="6" who="2" fromWho="3" sc="263,0,408,0,132,97,177,-77" />
</Scene>
<Scene>
<INIT seed="6,1,0,5,5,29" ten="263,408,229,100" oya="2" hai0="113,122,95,104,49,18,133,71,30,31,128,4,112" hai1="59,78,94,41,46,72,135,27,84,127,107,14,40" hai2="66,57,99,37,43,17,26,115,63,52,126,124,109" hai3="32,87,55,116,51,91,48,120,8,2,125,119,25"/><V80/><F115/><N who="0" m="44106" /><D104/><U38/><E107/><V3/><F3/><W97/><G120/><T118/><D4/><U89/><E41/><V130/><F130/><W92/><G125/><N who="2" m="48233" /><F109/><W20/><G51/><T73/><D73/><U86/><E127/><V83/><F99/><W134/><G134/><T88/><D71/><U7/><E135/><V90/><F90/><W117/><G8/><T82/><D82/><N who="2" m="31274" /><F43/><W74/><G74/><T44/><D118/><U35/><E89/><V22/><F37/><W93/><G2/><T23/><D122/><U6/><E40/><V102/><F102/><W132/><G132/><T12/><D128/><U76/><E38/><V131/><F131/><W42/><G42/><N who="0" m="24727" /><D133/><U9/><E72/><V68/><F68/><W33/><G93/><T15/><D15/><U98/><E94/><V11/><F11/><W19/><REACH who="3" step="1"/><G97/><AGARI ba="1,0" hai="12,18,23,30,31,88,95,97" m="24727,44106" machi="97" ten="30,2000,0" yaku="15,1,54,1" doraHai="29" who="0" fromWho="3" sc="263,23,408,0,229,0,100,-23" />
</Scene>
<Scene>
<INIT seed="7,0,0,1,2,64" ten="286,408,229,77" oya="3" hai0="37,128,109,6,101,7,77,8,27,41,95,87,107" hai1="103,123,48,59,67,40,55,127,57,115,19,30,50" hai2="45,60,72,129,93,73,88,111,133,44,117,102,46" hai3="104,132,113,69,21,131,82,16,89,112,63,65,119"/><W91/><G119/><T121/><D7/><U22/><E123/><V96/><F117/><W17/><G131/><T31/><D107/><U108/><E108/><V83/><F111/><W24/><G132/><T94/><D101/><U5/><E115/><N who="3" m="44106" /><G104/><T81/><D121/><U10/><E103/><V116/><F116/><W86/><G17/><T25/><D25/><U79/><E79/><AGARI ba="0,0" hai="16,21,24,63,65,69,79,82,86,89,91" m="44106" machi="79" ten="30,5800,0" yaku="15,1,52,1,54,1" doraHai="64" who="3" fromWho="1" sc="286,0,408,-58,229,0,77,58" />
</Scene>
<Scene>
<INIT seed="7,1,0,4,2,4" ten="286,350,229,135" oya="3" hai0="39,60,12,56,105,61,119,104,92,7,30,45,46" hai1="132,93,52,23,64,108,103,1,101,40,41,5,114" hai2="32,65,135,91,27,118,86,58,121,63,11,17,115" hai3="37,28,76,123,25,90,95,94,81,102,77,53,49"/><W87/><G37/><T80/><D104/><U72/><E72/><V116/><F115/><W66/><G123/><T50/><D105/><U100/><E108/><V47/><F121/><W82/><G66/><T74/><D30/><U124/><E114/><V55/><F135/><W9/><G102/><T31/><D31/><U67/><E1/><V48/><F32/><W98/><G94/><T21/><D92/><U129/><E124/><V22/><F11/><W128/><G128/><T62/><D56/><U78/><E132/><V13/><F27/><W59/><G9/><T36/><D46/><U88/><E78/><V131/><F131/><W20/><REACH who="3" step="1"/><G87/><REACH who="3" ten="286,350,229,125" step="2"/><T51/><D39/><U75/><E67/><V85/><F86/><W2/><G2/><T26/><D36/><U107/><E64/><V3/><F3/><W99/><G99/><T54/><D74/><U6/><E75/><V96/><F96/><W24/><G24/><T84/><D26/><U14/><E107/><V35/><F35/><W127/><G127/><T134/><D84/><N who="1" m="52359" /><E129/><V133/><F133/><W113/><G113/><T117/><D134/><U120/><E120/><V110/><F110/><W71/><G71/><T69/><D69/><U33/><E33/><V97/><F97/><W79/><AGARI ba="1,1" hai="20,25,28,49,53,59,76,77,79,81,82,90,95,98" machi="79" ten="30,11700,0" yaku="1,1,0,1,8,1,53,1" doraHai="4" doraHaiUra="89" who="3" fromWho="3" sc="286,-40,350,-40,229,-40,125,130" />
</Scene>
<Scene>
<INIT seed="7,2,0,4,3,19" ten="246,310,189,255" oya="3" hai0="6,113,0,114,116,60,115,125,65,75,54,59,82" hai1="25,100,103,97,43,71,133,92,130,37,84,24,45" hai2="73,11,38,50,57,90,68,51,41,30,12,123,14" hai3="33,111,22,16,21,102,72,98,40,101,34,117,13"/><W63/><G117/><T119/><D125/><U79/><E71/><V56/><F68/><W128/><G72/><T80/><D6/><U107/><E130/><V121/><F73/><W58/><G128/><T105/><D105/><U15/><E133/><V55/><F30/><W4/><G4/><T95/><D0/><U120/><E120/><V17/><F90/><W106/><G102/><T110/><D110/><U127/><E127/><V64/><F64/><W112/><G112/><T47/><D95/><U87/><E103/><V85/><F85/><W2/><G2/><T39/><D82/><U18/><E87/><V32/><F32/><W109/><G22/><T27/><D27/><U29/><E29/><V35/><F35/><W10/><G10/><T1/><D1/><U122/><E122/><V49/><F38/><W70/><G40/><N who="0" m="22943" /><D65/><U108/><E108/><N who="3" m="41546" /><G70/><T89/><D89/><U78/><E107/><V3/><F3/><W93/><G106/><T99/><D99/><U81/><E79/><AGARI ba="2,0" hai="54,59,60,75,79,80,113,114,115,116,119" m="22943" machi="79" ten="30,2000,0" yaku="15,1,11,1" doraHai="19" who="0" fromWho="1" sc="246,26,310,-26,189,0,255,0" />
</Scene>
<Scene>
<INIT seed="8,0,0,4,5,84" ten="272,284,189,255" oya="0" hai0="133,87,38,65,123,95,37,98,44,17,72,100,92" hai1="0,75,94,78,49,107,34,1,3,2,64,81,29" hai2="114,11,115,56,118,120,135,76,61,40,88,117,89" hai3="4,58,19,5,25,71,51,67,28,12,90,132,48"/><T130/><D72/><U128/><E107/><V97/><F120/><W23/><G132/><T6/><D123/><U73/><E73/><V85/><F135/><W21/><G71/><T26/><D6/><N who="3" m="2665" /><G90/><N who="2" m="34921" /><F11/><W112/><G112/><N who="2" m="43049" /><F40/><W54/><G67/><T55/><D133/><U83/><E2/><V77/><F85/><W124/><G124/><T99/><D87/><U129/><E75/><V10/><F10/><W116/><G116/><N who="2" m="44649" /><F97/><W47/><G47/><T102/><D130/><U7/><E129/><V8/><F8/><W91/><G91/><T13/><D38/><U105/><E128/><V57/><F57/><W79/><G79/><T59/><D37/><U131/><E78/><V96/><F96/><W125/><G125/><T110/><D110/><U70/><E131/><V121/><F121/><W22/><G22/><N who="0" m="11567" /><D44/><U108/><E108/><V122/><F122/><W24/><G24/><T30/><D99/><U15/><E1/><V31/><F31/><W66/><G23/><N who="0" m="15711" /><D98/><U50/><E3/><V46/><F46/><W134/><G134/><T60/><D100/><U74/><E0/><V68/><F68/><W32/><G28/><T119/><D102/><U127/><E74/><V101/><F101/><W62/><G25/><T63/><D119/><U126/><E70/><V106/><F106/><W36/><G58/><N who="0" m="37111" /><D95/><U86/><E94/><V14/><F14/><W42/><G42/><T9/><D92/><U82/><E105/><V103/><F103/><W53/><G12/><T93/><D93/><U109/><E15/><V41/><F41/><W33/><G21/><T69/><D69/><RYUUKYOKU ba="0,0" sc="272,15,284,-15,189,15,255,-15" hai0="9,55,59,60" hai2="56,61,76,77" />
</Scene>
<Scene>
<INIT seed="8,1,0,0,1,38" ten="287,269,204,240" oya="0" hai0="131,26,11,125,105,56,12,132,18,120,127,21,34" hai1="44,95,1,27,119,3,61,102,17,97,39,82,36" hai2="135,13,16,29,70,55,128,19,106,71,28,121,90" hai3="47,51,109,118,88,86,10,57,123,96,4,73,114"/><T37/><D105/><U113/><E119/><V72/><F121/><W52/><G73/><T83/><D120/><U99/><E113/><V112/><F112/><W24/><G114/><T25/><D37/><U54/><E39/><V46/><F72/><W42/><G109/><T58/><D132/><U133/><E82/><V50/><F106/><W64/><G123/><T45/><D45/><U67/><E99/><V8/><F135/><W40/><G96/><T87/><D26/><U69/><E133/><V81/><F128/><W35/><G35/><T53/><D34/><U66/><E66/><V85/><REACH who="2" step="1"/><F19/><REACH who="2" ten="287,269,194,240" step="2"/><W74/><G74/><T84/><D131/><U107/><E107/><V126/><F126/><W101/><G118/><T0/><D125/><U104/><E104/><V92/><F92/><N who="3" m="54295" /><G101/><T20/><D127/><U130/><E130/><V31/><AGARI ba="1,1" hai="8,13,16,28,29,31,46,50,55,70,71,81,85,90" machi="31" ten="30,12000,2" yaku="1,1,0,1,25,2,54,1,53,1" doraHai="38" doraHaiUra="76" who="2" fromWho="2" sc="287,-61,269,-31,194,133,240,-31" owari="226,-17.0,238,4.0,327,42.0,209,-29.0" />
</Scene>
</mjloggm>