<mjloggm ver="2.3"><GO type="169"/><UN n0="%E3%81%93%E3%82%93%E3%81%A1%E3%82%8F" n1="%E3%83%9A%E3%83%81%E3%83%A7%E3%83%BC%E3%83%AA%E3%83%B3" n2="%31%E6%9C%88%31%31%E6%97%A5" n3="%E5%A4%AA%E3%81%8F%E3%81%AA%E3%81%84%E3%81%8A" dan="16,17,17,18" rate="2061,2195,2159,2193" sx="M,M,M,M"/><TAIKYOKU oya="0"/>

<Scene>
<INIT seed="0,0,0,0,0,96" ten="250,250,250,250" oya="0" hai0="62,30,132,107,72,135,87,44,25,24,22,4,57" hai1="32,73,63,122,65,64,120,3,115,67,37,20,131" hai2="100,99,70,91,103,40,33,14,94,88,76,127,105" hai3="124,45,113,17,47,2,34,52,58,8,16,86,36"/><T46/><D72/><U0/><E32/><V55/><F70/><W7/><G113/><T101/><D4/><U126/><E37/><V28/><F127/><W134/><G34/><T31/><D87/><U77/><E63/><V29/><F40/><W118/><G118/><T23/><D107/><U80/><E126/><V123/><F123/><W106/><G124/><T104/><D104/><U10/><E131/><V18/><F76/><W79/><G106/><T49/><D101/><U68/><E68/><V121/><F121/><W111/><G111/><T69/><D69/><U119/><E119/><V43/><F43/><W133/><G79/><T19/><D19/><N who="3" m="7241" /><G86/><T129/><D129/><U15/><E3/><V110/><F110/><W1/><G36/><T5/><D5/><U74/><E74/><V97/><F55/><W53/><G2/><T11/><D11/><U84/><E73/><V92/><F105/><W109/><G109/><T125/><D125/><U112/><E20/><N who="2" m="11351" /><F33/><W26/><G26/><T108/><D108/><U98/><E0/><V116/><F116/><W102/><G53/><T66/><REACH who="0" step="1"/><D46/><REACH who="0" ten="240,250,250,250" step="2"/><U51/><E10/><V82/><F82/><W48/><G47/><T130/><D130/><U90/><E80/><V27/><F27/><W56/><G45/><T71/><D71/><U85/><E120/><V83/><F103/><W21/><G102/><T61/><D61/><U78/><E122/><V54/><F54/><AGARI ba="0,1" hai="22,23,24,25,30,31,44,49,54,57,62,66,132,135" machi="54" ten="40,3900,0" yaku="1,1,9,1,53,0" doraHai="96" doraHaiUra="81" who="0" fromWho="2" sc="240,49,250,0,250,-39,250,0" />
</Scene>
<Scene>
<INIT seed="0,1,0,3,5,106" ten="289,250,211,250" oya="0" hai0="84,103,97,115,57,79,114,8,53,2,30,85,117" hai1="86,34,113,40,80,134,45,76,116,112,15,135,51" hai2="38,6,95,127,37,26,47,17,89,36,107,19,122" hai3="99,62,61,110,43,60,55,111,126,54,77,11,23"/><T88/><D117/><U64/><E116/><V94/><F122/><W9/><G126/><T70/><D70/><U128/><E34/><V75/><F107/><W66/><G66/><T20/><D79/><U74/><E128/><V121/><F121/><W14/><G43/><T124/><D124/><U102/><E64/><V123/><F123/><W78/><G99/><T28/><D85/><U21/><E102/><V39/><F127/><W96/><G96/><T22/><D115/><N who="1" m="44107" /><E86/><V27/><F6/><W72/><G23/><T32/><D32/><U46/><E46/><V29/><F47/><W87/><G87/><T119/><D119/><U10/><E21/><N who="0" m="8297" /><D8/><U133/><E15/><V7/><F39/><W68/><G68/><T63/><D2/><U91/><E91/><V118/><F118/><W129/><G14/><T90/><D114/><U13/><E13/><V92/><F7/><W12/><G12/><T131/><D131/><U0/><E10/><N who="3" m="3594" /><G129/><T56/><D57/><U50/><E50/><V108/><F89/><N who="0" m="34410" /><D84/><U100/><E100/><V18/><F29/><N who="0" m="11370" /><D97/><U71/><E71/><V109/><REACH who="2" step="1"/><F75/><REACH who="2" ten="289,250,201,250" step="2"/><W105/><G72/><T65/><D103/><U104/><E104/><V67/><F67/><AGARI ba="1,1" hai="53,56,63,65,67" m="11370,34410,8297" machi="67" ten="30,2900,0" yaku="8,1,54,1" doraHai="106" who="0" fromWho="2" sc="289,42,250,0,201,-32,250,0" />
</Scene>
<Scene>
<INIT seed="0,2,0,4,2,129" ten="331,250,169,250" oya="0" hai0="115,125,114,46,111,99,72,4,67,6,19,116,21" hai1="58,31,101,33,12,37,84,38,80,42,130,25,87" hai2="132,10,77,63,94,5,48,102,98,73,64,123,93" hai3="118,65,15,105,95,0,112,107,82,119,27,36,134"/><T28/><D116/><U110/><E130/><V55/><F123/><W57/><G0/><T76/><D67/><U128/><E110/><V92/><F73/><W97/><G36/><T83/><D28/><U120/><E128/><V91/><F77/><W29/><G112/><T45/><D111/><U13/><E120/><V90/><F132/><W96/><G15/><T68/><D68/><U124/><E124/><V88/><F48/><W1/><G1/><T100/><D125/><U26/><E101/><V3/><REACH who="2" step="1"/><F55/><REACH who="2" ten="331,250,159,250" step="2"/><W49/><G49/><T35/><D115/><U70/><E38/><V122/><F122/><W60/><G134/><T127/><D127/><U109/><E37/><V54/><F54/><W131/><G131/><T108/><D108/><U51/><E51/><V61/><F61/><W14/><G119/><T69/><D114/><U47/><E109/><V22/><F22/><W39/><G39/><T106/><D35/><U62/><E33/><V71/><AGARI ba="2,1" hai="3,5,10,63,64,71,88,90,91,92,93,94,98,102" machi="71" ten="30,4000,0" yaku="1,1,0,1,54,1,53,0" doraHai="129" doraHaiUra="117" who="2" fromWho="2" sc="331,-22,250,-12,159,56,250,-12" />
</Scene>
<Scene>
<INIT seed="1,0,0,4,4,105" ten="309,238,215,238" oya="1" hai0="108,85,45,74,87,7,0,78,96,44,69,1,119" hai1="27,81,16,104,94,107,124,80,31,95,57,135,51" hai2="132,86,112,25,125,19,40,126,2,54,130,71,114" hai3="100,6,92,41,3,110,116,73,14,24,68,46,10"/><U98/><E135/><V72/><F71/><W4/><G68/><T52/><D119/><U103/><E124/><N who="2" m="47723" /><F40/><W37/><G116/><T89/><D69/><U35/><E107/><V26/><F86/><W34/><G110/><T113/><D113/><N who="2" m="43626" /><F54/><W84/><G3/><T128/><D7/><U131/><E131/><V39/><F39/><W123/><G6/><T134/><D134/><U30/><E30/><V127/><F132/><W11/><G41/><T17/><D128/><U129/><E129/><V23/><F130/><W76/><G84/><T15/><D96/><U75/><E81/><V53/><N who="2" m="47731" /><V42/><DORA hai="122" /><F53/><W65/><G37/><T133/><D87/><U58/><E51/><V8/><F42/><W79/><G65/><T64/><D45/><U83/><E80/><V77/><F77/><W36/><G46/><T9/><D64/><U117/><E117/><V111/><F72/><W59/><G76/><T49/><D133/><U21/><E58/><V90/><F90/><W88/><G59/><T50/><D50/><U120/><E57/><V12/><F111/><W55/><G79/><T109/><D74/><U99/><E120/><V13/><F2/><W5/><G73/><T91/><D78/><N who="1" m="44511" /><E99/><V70/><F70/><W22/><G123/><T97/><D97/><U60/><E60/><V61/><F61/><W115/><G115/><T63/><D63/><U18/><E104/><V47/><F47/><W67/><G36/><T82/><D91/><U28/><E95/><V106/><F106/><W43/><G67/><T102/><D102/><U118/><E118/><RYUUKYOKU ba="0,0" sc="309,10,238,10,215,10,238,-30" hai0="0,1,9,15,17,44,49,52,82,85,89,108,109" hai1="16,18,21,27,28,31,35,94,98,103" hai2="8,12,13,19,23,25,26" />
</Scene>
<Scene>
<INIT seed="1,1,0,4,0,15" ten="319,248,225,208" oya="1" hai0="56,134,21,35,3,24,82,55,64,52,72,4,41" hai1="130,2,77,133,7,40,16,34,33,11,10,31,66" hai2="107,45,5,108,30,0,129,132,127,78,115,81,98" hai3="23,42,58,123,51,63,20,8,112,27,62,67,9"/><U88/><E77/><V131/><F30/><W12/><G112/><T1/><D134/><U59/><E40/><V102/><F45/><N who="3" m="26039" /><G123/><T116/><D116/><U124/><E133/><V128/><F132/><W126/><G63/><T90/><D35/><U53/><E124/><V99/><F127/><W105/><G105/><T47/><D64/><U97/><E66/><V91/><F108/><W18/><G126/><T32/><D32/><U19/><E130/><V54/><F54/><W68/><G68/><T86/><D72/><U106/><E11/><V110/><F110/><W93/><G93/><T120/><D120/><U101/><E88/><V39/><F39/><W73/><G73/><T121/><D121/><U29/><E34/><V95/><F5/><W85/><G85/><T74/><D74/><U14/><E14/><V119/><F0/><W61/><G62/><T57/><D4/><U44/><E44/><V100/><F119/><W94/><G94/><T92/><D92/><U83/><E83/><V22/><F22/><W122/><G122/><T96/><D96/><U50/><REACH who="1" step="1"/><E31/><AGARI ba="1,0" hai="8,9,12,18,20,23,27,31,58,61,67" m="26039" machi="31" ten="30,2000,0" yaku="8,1,52,1" doraHai="15" who="3" fromWho="1" sc="319,0,248,-23,225,0,208,23" />
</Scene>
<Scene>
<INIT seed="2,0,0,4,0,7" ten="319,225,225,231" oya="2" hai0="119,106,131,114,46,54,109,59,38,129,91,115,11" hai1="27,84,123,6,65,127,97,28,93,55,25,128,99" hai2="73,80,40,17,63,35,51,132,10,22,135,113,118" hai3="62,23,133,98,96,110,71,85,92,42,56,100,78"/><V3/><F118/><W14/><G110/><T43/><D106/><U36/><E36/><V12/><F113/><N who="0" m="43018" /><D91/><U116/><E116/><V83/><F63/><W67/><G133/><N who="2" m="51273" /><F73/><W47/><G71/><T81/><D81/><U30/><E65/><V58/><F35/><W87/><G78/><T88/><D88/><U2/><E123/><V76/><F76/><W77/><G77/><T112/><D11/><U33/><E84/><V41/><F58/><W45/><G96/><T19/><D19/><U52/><E93/><V24/><F3/><W90/><G42/><N who="2" m="16489" /><F51/><W101/><G87/><T44/><D119/><U130/><E2/><V18/><AGARI ba="0,0" hai="10,12,17,18,22,24,80,83" m="16489,51273" machi="18" ten="30,3000,0" yaku="20,1,52,1" doraHai="7" who="2" fromWho="2" sc="319,-10,225,-10,225,30,231,-10" />
</Scene>
<Scene>
<INIT seed="2,1,0,5,0,110" ten="309,215,255,221" oya="2" hai0="70,46,49,116,31,119,114,111,132,108,133,134,94" hai1="36,82,91,109,37,39,38,59,47,135,61,54,84" hai2="12,77,73,15,101,106,48,45,72,41,124,85,32" hai3="121,120,13,60,87,21,16,0,69,66,42,97,34"/><V104/><F32/><W96/><G0/><T103/><D31/><U118/><E109/><N who="0" m="42057" /><D70/><U11/><E135/><V53/><F124/><W68/><G68/><T17/><D103/><U63/><E118/><N who="0" m="45097" /><D17/><U20/><E20/><V56/><F85/><W19/><G34/><T3/><D94/><U100/><E100/><V89/><F89/><W30/><G30/><T9/><D9/><U7/><N who="1" m="9216" /><DORA hai="10" /><U107/><E107/><V81/><F73/><W64/><G19/><T6/><D6/><U130/><E47/><V93/><F93/><W65/><G69/><T75/><D3/><U78/><E130/><V40/><F40/><W43/><G43/><N who="0" m="24799" /><D75/><U4/><E4/><V25/><F25/><W127/><G96/><T115/><AGARI ba="1,0" hai="114,115,132,133,134" m="24799,45097,42057" machi="115" ten="40,12000,2" yaku="20,1,14,1,12,1,34,2,52,2" doraHai="110,10" who="0" fromWho="0" sc="309,123,215,-31,255,-61,221,-31" />
</Scene>
<Scene>
<INIT seed="3,0,0,3,3,84" ten="432,184,194,190" oya="3" hai0="22,58,19,65,6,108,63,42,67,96,25,101,125" hai1="70,45,49,102,66,88,71,27,93,79,55,128,44" hai2="86,33,132,114,126,120,131,89,77,73,124,87,83" hai3="99,110,91,26,32,94,21,28,74,30,43,75,104"/><W78/><G43/><T15/><D108/><U61/><E128/><V112/><F33/><W122/><G122/><T11/><D125/><N who="2" m="48234" /><F132/><W95/><G104/><T41/><REACH who="0" step="1"/><D67/><REACH who="0" ten="422,184,194,190" step="2"/><U35/><E79/><V100/><F120/><W7/><G110/><T39/><D39/><U109/><E109/><V18/><F131/><W98/><G78/><T72/><D72/><U105/><E105/><AGARI ba="0,1" hai="6,11,15,19,22,25,41,42,58,63,65,96,101,105" machi="105" ten="30,2000,0" yaku="1,1,7,1,53,0" doraHai="84" doraHaiUra="51" who="0" fromWho="1" sc="422,30,184,-20,194,0,190,0" />
</Scene>
<Scene>
<INIT seed="4,0,0,5,5,16" ten="452,164,194,190" oya="0" hai0="65,9,81,34,62,58,66,111,131,106,1,17,14" hai1="99,7,117,108,41,61,0,3,77,56,87,125,43" hai2="129,94,68,71,48,51,100,80,47,115,103,67,101" hai3="89,63,132,12,110,84,50,57,126,32,104,13,4"/><T31/><D106/><U122/><E108/><V97/><F115/><W26/><G110/><T116/><D116/><U60/><E117/><V123/><F123/><W19/><G104/><T113/><D111/><U40/><E122/><V118/><F118/><W55/><G126/><T49/><D113/><U27/><E125/><V93/><F129/><W109/><G109/><T45/><D131/><U98/><E27/><V76/><F51/><W53/><G132/><T85/><D1/><U95/><E60/><V128/><F128/><W59/><G4/><T88/><D34/><U6/><E3/><V82/><F82/><W35/><G26/><T21/><D31/><U30/><E30/><V52/><F67/><W24/><G24/><T79/><D79/><U83/><E0/><V86/><REACH who="2" step="1"/><F93/><REACH who="2" ten="452,164,184,190" step="2"/><W130/><G130/><T8/><D66/><N who="1" m="39207" /><E99/><V134/><F134/><W36/><G36/><T78/><D78/><U39/><E39/><V74/><F74/><W112/><G112/><T90/><D90/><AGARI ba="0,1" hai="6,7,40,41,43,77,83,87,90,95,98" m="39207" machi="90" ten="30,1000,0" yaku="8,1" doraHai="16" who="1" fromWho="0" sc="452,-10,164,20,184,0,190,0" /><AGARI ba="0,0" hai="47,48,52,68,71,76,80,86,90,94,97,100,101,103" machi="90" ten="40,2600,0" yaku="1,1,54,1,53,0" doraHai="16" doraHaiUra="10" who="2" fromWho="0" sc="442,-26,184,0,184,26,190,0" />
</Scene>
<Scene>
<INIT seed="5,0,0,2,5,30" ten="416,184,210,190" oya="1" hai0="68,34,96,1,121,87,3,108,71,100,8,94,39" hai1="123,112,59,37,20,32,24,40,110,25,44,38,80" hai2="134,69,17,58,6,111,46,36,48,66,74,43,86" hai3="85,77,83,53,9,89,28,115,97,52,26,11,106"/><U130/><E123/><V91/><F111/><W10/><G115/><T12/><D108/><U125/><E110/><V51/><F74/><W128/><G128/><T90/><D39/><U31/><E112/><V5/><F134/><W117/><G117/><T78/><D121/><U42/><E130/><V81/><F17/><W64/><G64/><T41/><D41/><U50/><E125/><V33/><F51/><W102/><REACH who="3" step="1"/><G77/><REACH who="3" ten="416,184,210,180" step="2"/><T98/><D78/><U35/><E80/><V47/><F81/><W65/><G65/><T60/><D68/><U15/><E59/><V104/><F58/><W63/><G63/><T7/><D60/><U14/><E50/><V73/><F66/><W16/><G16/><T116/><D71/><U55/><E55/><V4/><F69/><W21/><AGARI ba="0,1" hai="9,10,11,21,26,28,52,53,83,85,89,97,102,106" machi="21" ten="30,7900,0" yaku="1,1,0,1,54,1,53,1" doraHai="30" doraHaiUra="101" who="3" fromWho="3" sc="416,-20,184,-39,210,-20,180,89" />
</Scene>
<Scene>
<INIT seed="6,0,0,0,0,81" ten="396,145,190,269" oya="2" hai0="60,80,132,26,36,86,47,120,32,42,85,70,93" hai1="10,130,108,71,124,84,18,48,97,104,112,54,73" hai2="19,96,29,109,11,121,99,134,103,62,119,118,135" hai3="115,122,24,117,40,39,98,78,113,125,128,68,76"/><V91/><F121/><W63/><G122/><T53/><D120/><U46/><E108/><V17/><F109/><W12/><G117/><T66/><D132/><N who="2" m="50730" /><F29/><W90/><G125/><T38/><D38/><U67/><E73/><V59/><F91/><W51/><G39/><T6/><D6/><U43/><E124/><V69/><F69/><W74/><G74/><T22/><D32/><U127/><E127/><V83/><F83/><W114/><G78/><T33/><D33/><U41/><E130/><V52/><F96/><W25/><G76/><T23/><D53/><U65/><E112/><V105/><F11/><W56/><G68/><T4/><D4/><U133/><E133/><V82/><F82/><W20/><G128/><T88/><D26/><U79/><E104/><V35/><F35/><W75/><G75/><T61/><D60/><U30/><E30/><V129/><F129/><W50/><G90/><AGARI ba="0,0" hai="22,23,36,42,47,61,66,70,80,85,86,88,90,93" machi="90" ten="30,7700,0" yaku="7,1,52,2,54,1" doraHai="81" who="0" fromWho="3" sc="396,77,145,0,190,0,269,-77" />
</Scene>
<Scene>
<INIT seed="7,0,0,5,4,102" ten="473,145,190,192" oya="3" hai0="10,20,83,50,79,57,66,107,98,112,92,119,126" hai1="34,19,118,72,127,100,30,3,116,12,59,24,60" hai2="26,63,85,109,16,90,70,61,9,78,54,6,22" hai3="77,35,108,32,46,84,120,28,122,123,36,4,106"/><W76/><G4/><T55/><D119/><U133/><E72/><V93/><F109/><W135/><G108/><T71/><D126/><U104/><E3/><V124/><F124/><W53/><G106/><T86/><D107/><U25/><E127/><V134/><F134/><W40/><G135/><T80/><D112/><U27/><E133/><V47/><F70/><W39/><G39/><T121/><D80/><U73/><E73/><V44/><F78/><W64/><G64/><T103/><D71/><U81/><E81/><V105/><F105/><W95/><G53/><T91/><D121/><U5/><E5/><V18/><F18/><W56/><G56/><T67/><D10/><U113/><E113/><V43/><F54/><W74/><G74/><T58/><D20/><U13/><E13/><N who="2" m="5303" /><F43/><W99/><G84/><T1/><D1/><U7/><E7/><V115/><F115/><W130/><G130/><T111/><D111/><U62/><E62/><AGARI ba="0,0" hai="16,22,26,44,47,61,62,63,85,90,93" m="5303" machi="62" ten="30,2000,0" yaku="8,1,54,1" doraHai="102" who="2" fromWho="1" sc="473,0,145,-20,190,20,192,0" owari="473,57.0,125,-37.0,210,1.0,192,-21.0" />
</Scene>
</mjloggm>