<mjloggm ver="2.3"><GO type="169"/><UN n0="%68%61%67%69%31%30%32%39" n1="%E5%A4%AA%E3%81%8F%E3%81%AA%E3%81%84%E3%81%8A" n2="%E3%83%91%E3%83%A9%E3%83%80%E3%82%A4%E3%82%B9%E3%83%BB%E3%82%AC%E3%83%A0" n3="%E8%99%8E%E7%8D%85%E3%81%8F%E3%82%93" dan="16,17,16,16" rate="2075,2168,2083,2014" sx="M,M,M,M"/><TAIKYOKU oya="0"/>

<Scene>
<INIT seed="0,0,0,5,4,112" ten="250,250,250,250" oya="0" hai0="132,69,81,25,30,103,123,52,91,84,88,23,107" hai1="16,48,18,93,92,113,118,119,120,42,5,10,73" hai2="75,43,124,37,41,98,133,35,49,2,28,4,3" hai3="130,116,17,135,13,102,6,29,110,82,51,117,79"/><T100/><D123/><U21/><E120/><V106/><F75/><W77/><G110/><T57/><D69/><U114/><E73/><V45/><F124/><W56/><G130/><T15/><D132/><U94/><E42/><V122/><F122/><W108/><G108/><T99/><D103/><U125/><E48/><V22/><F22/><W39/><G39/><T55/><D15/><N who="1" m="9375" /><E18/><V9/><F49/><W14/><G135/><T59/><REACH who="0" step="1"/><D91/><REACH who="0" ten="240,250,250,250" step="2"/><U1/><E125/><V83/><F133/><W65/><G102/><T44/><D44/><U12/><E12/><V129/><F45/><W76/><G14/><T104/><D104/><U62/><E62/><V34/><F106/><W109/><G109/><T20/><D20/><U96/><E96/><V72/><F98/><W66/><G13/><T90/><D90/><U50/><E50/><V71/><F71/><W97/><G51/><T53/><AGARI ba="0,1" hai="23,25,30,52,53,55,57,59,81,84,88,99,100,107" machi="53" ten="30,11700,0" yaku="1,1,0,1,54,2,53,0" doraHai="112" doraHaiUra="68" who="0" fromWho="0" sc="240,127,250,-39,250,-39,250,-39" />
</Scene>
<Scene>
<INIT seed="0,1,0,3,3,126" ten="367,211,211,211" oya="0" hai0="83,76,62,80,116,35,90,2,63,17,78,114,113" hai1="4,112,8,82,36,19,93,71,24,107,20,106,66" hai2="37,88,72,59,135,109,110,44,58,100,130,45,52" hai3="124,14,31,50,38,134,0,123,6,79,92,16,98"/><T68/><D116/><U69/><E36/><V103/><F72/><W48/><G38/><T122/><D122/><U15/><E112/><V10/><F135/><W9/><G123/><T28/><D2/><U21/><E82/><V61/><F10/><W43/><G124/><T13/><D28/><U46/><E46/><N who="2" m="18027" /><F37/><W26/><G43/><T51/><D35/><U81/><E81/><V22/><F22/><W75/><G134/><T49/><D90/><U74/><E74/><V94/><F59/><W118/><G118/><T115/><D63/><U96/><E21/><V128/><F103/><W84/><G75/><T1/><D1/><U57/><E57/><V70/><F100/><W27/><G84/><T55/><D80/><U133/><E133/><V102/><F102/><N who="3" m="60743" /><G79/><T3/><D3/><U97/><E69/><V32/><F70/><W29/><G0/><T34/><D34/><U67/><E71/><V5/><F5/><W105/><G105/><T54/><D68/><U85/><E107/><V99/><F32/><W73/><G73/><T121/><D121/><U127/><E127/><V64/><F64/><N who="1" m="24617" /><E106/><V12/><F12/><W53/><G53/><T65/><D55/><U125/><E125/><V39/><F39/><W56/><G56/><N who="0" m="37063" /><D54/><U23/><E23/><V91/><F91/><AGARI ba="1,0" hai="4,8,15,19,20,24,85,91,93,96,97" m="24617" machi="91" ten="30,1000,0" yaku="8,1" doraHai="126" who="1" fromWho="2" sc="367,0,211,13,211,-13,211,0" />
</Scene>
<Scene>
<INIT seed="1,0,0,5,1,45" ten="367,224,198,211" oya="1" hai0="47,79,126,7,15,54,123,64,108,76,58,111,89" hai1="10,114,100,49,44,21,86,119,117,65,131,30,93" hai2="81,135,122,18,125,14,52,102,85,88,56,4,20" hai3="83,5,133,50,113,112,59,60,31,92,3,69,63"/><U68/><E114/><V53/><F122/><W25/><G133/><T72/><D123/><U19/><E131/><V35/><F35/><W91/><G83/><T98/><D126/><U67/><E30/><V39/><F39/><W103/><G103/><T13/><D72/><U84/><E10/><V6/><F135/><W16/><G5/><T130/><D130/><U128/><E128/><V33/><F33/><W116/><G3/><T26/><D26/><N who="1" m="14655" /><E68/><V40/><F40/><W9/><G116/><T97/><D64/><N who="1" m="24651" /><E119/><V82/><F125/><W87/><G69/><T51/><D7/><N who="2" m="2602" /><F102/><W106/><G106/><T29/><D29/><U24/><E24/><V109/><F109/><W12/><G113/><T96/><D15/><U110/><E110/><V46/><F46/><W94/><G112/><T70/><D13/><U127/><E127/><V115/><F115/><W1/><G1/><T124/><D47/><U132/><E132/><V107/><F107/><W99/><G25/><T118/><D70/><U36/><E36/><V62/><F53/><N who="3" m="32183" /><G31/><T38/><D38/><U17/><E17/><V2/><F2/><W28/><G28/><T71/><D71/><U55/><E117/><V48/><F62/><W134/><G134/><T80/><D118/><U75/><E75/><V22/><F22/><W43/><G43/><T34/><D34/><U73/><E73/><V74/><F74/><W105/><G105/><T90/><D124/><U0/><E0/><V11/><F11/><W101/><AGARI ba="0,0" hai="9,12,16,60,63,87,91,92,94,99,101" m="32183" machi="101" ten="30,4000,0" yaku="8,1,52,1,54,1" doraHai="45" who="3" fromWho="3" sc="367,-10,224,-20,198,-10,211,40" />
</Scene>
<Scene>
<INIT seed="2,0,0,2,0,95" ten="357,204,188,251" oya="2" hai0="74,9,91,102,135,37,3,32,44,67,84,8,92" hai1="75,77,133,19,134,56,93,71,51,81,47,39,128" hai2="17,53,99,68,129,131,40,57,126,73,2,7,96" hai3="78,87,116,120,101,127,46,112,117,64,132,113,70"/><V100/><F68/><W54/><G120/><T59/><D32/><U6/><E71/><V122/><F122/><W76/><G101/><T82/><D9/><U4/><E128/><N who="2" m="49227" /><F73/><W26/><G26/><T18/><D18/><U111/><E111/><V63/><F126/><W15/><G15/><T107/><D135/><N who="1" m="51723" /><E39/><V90/><F100/><W97/><G132/><T130/><D59/><U106/><E106/><V103/><F103/><W86/><G127/><T14/><D14/><U125/><E125/><V65/><F40/><W104/><G64/><T72/><D72/><U36/><E19/><V58/><F90/><W61/><G70/><T16/><D16/><U38/><E93/><V34/><F34/><W52/><G46/><T13/><D13/><U118/><E118/><V83/><F83/><W109/><G61/><T45/><D45/><U43/><E36/><V66/><F17/><W89/><G89/><T94/><D67/><N who="2" m="25610" /><F57/><W41/><G41/><N who="0" m="22575" /><D102/><U21/><E21/><V105/><F105/><W50/><G104/><T35/><D107/><U108/><E108/><V121/><F121/><W30/><G30/><T31/><D31/><U5/><E38/><V62/><F62/><W115/><G109/><T33/><D74/><U10/><E56/><V110/><F110/><W114/><G114/><T124/><D124/><U11/><AGARI ba="0,0" hai="4,5,6,10,11,43,47,51,75,77,81" m="51723" machi="11" ten="40,1500,0" yaku="20,1" doraHai="95" who="1" fromWho="1" sc="357,-4,204,15,188,-7,251,-4" />
</Scene>
<Scene>
<INIT seed="3,0,0,3,3,62" ten="353,219,181,247" oya="3" hai0="12,26,104,6,122,72,46,20,14,83,13,36,19" hai1="3,114,87,84,119,71,35,50,129,123,110,53,120" hai2="44,97,125,100,47,130,24,54,18,95,11,55,105" hai3="128,42,60,109,74,34,70,59,56,106,134,93,81"/><W32/><G106/><T91/><D122/><U107/><RYUUKYOKU type="yao9" ba="0,0" sc="353,0,219,0,181,0,247,0" hai1="3,35,50,53,71,84,87,107,110,114,119,120,123,129" />
</Scene>
<Scene>
<INIT seed="3,1,0,3,4,36" ten="353,219,181,247" oya="3" hai0="130,28,126,14,42,100,84,128,113,71,22,73,46" hai1="81,40,91,102,75,54,70,38,31,68,3,12,51" hai2="105,17,20,93,111,107,82,34,133,19,134,47,69" hai3="97,1,108,7,135,121,15,119,27,23,65,11,127"/><W129/><G119/><T43/><D71/><U76/><E102/><V0/><F34/><W63/><G121/><T90/><D73/><U33/><E3/><V122/><F0/><W35/><G129/><N who="0" m="49771" /><D100/><U61/><E91/><V80/><F122/><W13/><G127/><T104/><D104/><N who="2" m="40010" /><F69/><W29/><G135/><N who="2" m="51721" /><F93/><W79/><G79/><T45/><D126/><U60/><E68/><V112/><F112/><W37/><G108/><T117/><D117/><U41/><E12/><V5/><F5/><W4/><G4/><T24/><D14/><U16/><E70/><V32/><F32/><W131/><G131/><T94/><D113/><U25/><E16/><N who="2" m="6219" /><F111/><W62/><G97/><T116/><D116/><U101/><E101/><V125/><F125/><W52/><G65/><T99/><D99/><U72/><E72/><V87/><F87/><W39/><G13/><T106/><D106/><U67/><E67/><V92/><F92/><W64/><G1/><T59/><D59/><U49/><E75/><V88/><F88/><W66/><G35/><T48/><D48/><U56/><E51/><V74/><F74/><W55/><G37/><T96/><D96/><U89/><E38/><V98/><F98/><W103/><G39/><T53/><D94/><U85/><REACH who="1" step="1"/><E89/><REACH who="1" ten="353,209,181,247" step="2"/><V78/><F78/><W30/><G103/><T26/><D90/><U18/><E18/><V6/><F6/><W118/><G118/><T109/><D109/><U132/><E132/><V21/><F82/><W95/><G30/><T110/><D28/><U115/><E115/><V86/><F80/><W57/><G95/><RYUUKYOKU ba="1,1" sc="353,-15,209,15,181,-15,247,15" hai1="25,31,33,40,41,49,54,56,60,61,76,81,85" hai3="7,11,15,23,27,29,52,55,57,62,63,64,66" />
</Scene>
<Scene>
<INIT seed="3,2,1,3,3,86" ten="338,224,166,262" oya="3" hai0="104,108,82,63,133,127,68,118,115,132,106,95,48" hai1="92,83,79,1,10,98,84,87,130,18,60,101,61" hai2="97,126,73,54,35,88,29,45,121,5,94,122,90" hai3="27,20,13,131,33,43,117,0,2,129,59,76,128"/><W16/><G117/><T30/><D118/><U6/><E130/><V116/><F116/><W52/><G43/><T91/><D108/><U119/><E119/><V85/><F73/><W3/><G76/><T7/><D127/><U26/><E18/><V89/><F126/><W100/><G100/><T53/><D7/><U62/><REACH who="1" step="1"/><E26/><REACH who="1" ten="338,214,166,262" step="2"/><N who="2" m="18871" /><F5/><W8/><G33/><T37/><D133/><U12/><E12/><V41/><F97/><W81/><G81/><T4/><D82/><U109/><E109/><V32/><F32/><W77/><G77/><T120/><D132/><U75/><AGARI ba="2,2" hai="1,6,10,60,61,62,75,79,83,84,87,92,98,101" machi="75" ten="30,2000,0" yaku="1,1,0,1,53,0" doraHai="86" doraHaiUra="47" who="1" fromWho="1" sc="338,-7,214,46,166,-7,262,-12" />
</Scene>
<Scene>
<INIT seed="4,0,0,4,0,76" ten="331,260,159,250" oya="0" hai0="127,3,130,14,133,83,45,75,33,73,18,89,50" hai1="115,88,36,108,82,98,103,67,57,61,87,11,0" hai2="44,126,22,7,65,40,64,114,9,84,134,43,100" hai3="128,6,70,19,95,109,113,37,99,16,97,121,48"/><T78/><D3/><U77/><E108/><V69/><F114/><W132/><G109/><T124/><D33/><U17/><E36/><V135/><F126/><N who="0" m="48170" /><D130/><U93/><E115/><V42/><F100/><W105/><G37/><T54/><D133/><U68/><E68/><V119/><F119/><W106/><G113/><T46/><D89/><U10/><E0/><V59/><F69/><W34/><G70/><T66/><D66/><U20/><REACH who="1" step="1"/><E103/><REACH who="1" ten="331,250,159,250" step="2"/><V28/><F134/><W129/><G132/><T81/><D45/><U120/><E120/><V5/><F135/><W122/><G121/><T107/><D107/><U91/><E91/><V25/><F44/><W58/><G122/><T51/><D78/><U47/><E47/><V52/><F42/><W38/><G38/><T131/><D131/><U29/><E29/><V49/><F40/><W27/><G106/><T102/><D102/><U30/><E30/><V15/><F43/><W4/><G105/><T90/><D90/><U104/><E104/><V110/><F110/><W112/><G112/><T2/><D2/><U31/><E31/><V8/><REACH who="2" step="1"/><F84/><REACH who="2" ten="331,250,149,250" step="2"/><W60/><G129/><T1/><D46/><U12/><AGARI ba="0,2" hai="10,11,12,17,20,57,61,67,77,82,87,88,93,98" machi="12" ten="20,12000,2" yaku="1,1,0,1,7,1,8,1,52,1,54,1,53,0" doraHai="76" doraHaiUra="116" who="1" fromWho="1" sc="331,-60,250,140,149,-30,250,-30" />
</Scene>
<Scene>
<INIT seed="5,0,0,1,3,131" ten="271,390,119,220" oya="1" hai0="86,119,67,7,63,50,100,106,94,76,115,55,33" hai1="81,90,68,49,54,103,39,82,78,42,58,5,26" hai2="61,120,60,29,57,133,46,96,113,71,121,51,104" hai3="122,62,107,89,69,127,93,52,19,87,112,125,30"/><U17/><E68/><V110/><F110/><W75/><G122/><T28/><D119/><U80/><E103/><V85/><F113/><W66/><G107/><T24/><D115/><U8/><E90/><V92/><F29/><W118/><G118/><T45/><D7/><U129/><E129/><V111/><F111/><W43/><G75/><T15/><D15/><N who="1" m="5519" /><E39/><V102/><F71/><W2/><G2/><T20/><D106/><U114/><E42/><V65/><F61/><W130/><G112/><T11/><D11/><U0/><E0/><V31/><F31/><W6/><G6/><T72/><D72/><U97/><E97/><V18/><F18/><W10/><G30/><T23/><D76/><U101/><E101/><V91/><REACH who="2" step="1"/><F133/><REACH who="2" ten="271,390,109,220" step="2"/><W4/><G19/><N who="0" m="12319" /><D63/><U73/><E114/><V22/><F22/><W3/><G130/><T36/><D23/><U135/><E135/><V88/><F88/><W40/><G125/><T13/><D28/><U117/><E117/><V53/><AGARI ba="0,1" hai="46,51,53,57,60,65,85,91,92,96,102,104,120,121" machi="53" ten="20,2700,0" yaku="1,1,0,1,7,1,53,0" doraHai="131" doraHaiUra="70" who="2" fromWho="2" sc="271,-7,390,-13,109,37,220,-7" />
</Scene>
<Scene>
<INIT seed="6,0,0,1,3,116" ten="264,377,146,213" oya="2" hai0="60,124,74,37,1,96,100,126,93,103,72,17,21" hai1="64,87,110,12,125,0,108,104,105,40,92,132,24" hai2="49,106,26,19,10,38,82,15,53,23,35,94,91" hai3="20,27,133,97,118,30,107,5,52,62,41,88,109"/><V71/><F106/><W13/><G118/><T3/><D37/><U18/><E0/><V68/><F38/><W127/><G109/><T134/><D100/><U63/><E40/><V95/><F35/><W45/><G127/><N who="0" m="48683" /><D134/><U79/><E132/><V66/><F82/><W22/><G133/><T59/><D1/><U128/><E92/><V114/><F114/><W67/><G107/><T48/><D48/><U75/><E75/><V46/><F66/><W83/><G22/><T98/><D98/><U55/><E105/><V85/><REACH who="2" step="1"/><F95/><REACH who="2" ten="264,377,136,213" step="2"/><N who="3" m="56551" /><G83/><T101/><D93/><U56/><E104/><V43/><F43/><W84/><G67/><T25/><D74/><U99/><E125/><V58/><F58/><W117/><G117/><T65/><D72/><U39/><E39/><V50/><F50/><W130/><G130/><T112/><D59/><U70/><E128/><V89/><F89/><W44/><G41/><T120/><D112/><U16/><E64/><V33/><F33/><W2/><G62/><T69/><D60/><U34/><E34/><V78/><F78/><W51/><G45/><T14/><D65/><U113/><E113/><V90/><F90/><W57/><G57/><T131/><D131/><U9/><E79/><V81/><F81/><W32/><G32/><T47/><D69/><U122/><E70/><V54/><F54/><W28/><G44/><T11/><D47/><U102/><E56/><V76/><F76/><W80/><G51/><T4/><D101/><U115/><E115/><V86/><F86/><W135/><G84/><T42/><D103/><U7/><E102/><RYUUKYOKU ba="0,1" sc="264,-10,377,-10,136,30,213,-10" hai2="10,15,19,23,26,46,49,53,68,71,85,91,94" />
</Scene>
<Scene>
<INIT seed="6,1,1,3,3,74" ten="254,367,166,203" oya="2" hai0="58,38,48,118,54,133,131,40,114,69,53,83,36" hai1="67,89,27,57,82,1,93,71,70,62,11,132,7" hai2="98,43,18,78,20,91,95,61,125,4,75,73,23" hai3="45,84,60,122,41,37,92,13,31,22,42,8,134"/><V5/><F125/><W19/><G122/><T105/><D105/><U32/><E132/><V97/><F43/><W10/><G134/><T17/><D133/><U64/><E82/><V112/><F112/><W6/><G42/><T110/><D110/><U124/><E124/><V21/><F18/><W119/><G119/><T107/><D107/><U120/><E120/><V117/><F117/><W76/><G31/><T65/><D118/><U121/><E121/><V50/><F50/><W24/><G60/><N who="0" m="40103" /><D17/><U111/><E111/><V51/><F51/><W26/><G10/><T49/><D83/><U72/><E72/><V106/><F61/><W44/><G44/><N who="0" m="25607" /><D114/><U127/><E127/><V123/><F123/><W68/><G68/><T25/><D25/><U81/><E81/><V90/><F78/><W115/><G115/><T35/><D35/><U30/><E67/><V99/><F99/><AGARI ba="1,1" hai="1,7,11,27,30,32,57,62,64,70,71,89,93,99" machi="99" ten="30,1000,0" yaku="7,1" doraHai="74" who="1" fromWho="2" sc="254,0,367,23,166,-13,203,0" />
</Scene>
<Scene>
<INIT seed="7,0,0,0,4,75" ten="254,390,153,203" oya="3" hai0="34,87,39,36,15,49,11,94,85,50,23,0,92" hai1="63,33,66,71,78,24,133,53,104,132,13,81,55" hai2="93,19,128,122,14,127,65,6,60,4,97,46,56" hai3="40,119,44,8,77,131,2,28,35,18,100,96,61"/><W48/><G119/><T70/><D70/><U121/><E121/><V86/><F122/><W99/><G131/><T42/><D34/><U22/><E104/><V37/><F128/><W111/><G111/><T25/><D0/><U54/><E13/><V125/><F86/><N who="0" m="32778" /><D39/><U102/><E102/><V69/><F69/><W95/><G28/><N who="0" m="17471" /><D36/><U129/><E33/><V41/><F125/><W124/><G35/><T12/><D12/><U98/><E98/><V73/><F73/><W103/><G124/><T114/><D114/><U118/><E118/><V89/><REACH who="2" step="1"/><F127/><REACH who="2" ten="254,390,143,203" step="2"/><W45/><G2/><T108/><D108/><U101/><E129/><V62/><F62/><W10/><G61/><T3/><D3/><U112/><E63/><V126/><F126/><W106/><G77/><T105/><D49/><U116/><E71/><V72/><F72/><W26/><G44/><N who="0" m="25879" /><D105/><U88/><E116/><V58/><F58/><W51/><REACH who="3" step="1"/><G48/><REACH who="3" ten="254,390,143,193" step="2"/><T47/><D47/><U57/><E78/><V64/><F64/><W74/><G74/><T84/><D84/><U21/><E66/><V130/><F130/><W134/><G134/><T80/><D80/><U67/><E67/><V120/><F120/><W76/><G76/><T1/><D1/><U7/><E132/><V83/><F83/><W90/><G90/><T109/><D109/><U82/><E82/><V27/><F27/><W17/><G17/><AGARI ba="0,2" hai="11,15,17,92,94" m="25879,17471,32778" machi="17" ten="30,1000,0" yaku="8,1" doraHai="75" who="0" fromWho="3" sc="254,30,390,0,143,0,193,-10" owari="284,8.0,390,50.0,143,-36.0,183,-22.0" />
</Scene>
</mjloggm>