<mjloggm ver="2.3"><GO type="41"/><UN n0="%E6%B8%85%E6%BE%84%E8%8A%B9%E5%A4%8F" n1="%E5%A4%AA%E3%81%8F%E3%81%AA%E3%81%84%E3%81%8A" n2="%E6%9D%B1%E9%9B%B2%E7%9A%90%E6%9C%88" n3="%E5%A4%A9%E5%9F%8E%E5%B0%8F%E6%AC%A1%E9%83%8E" dan="13,15,15,15" rate="1978,2038,2075,1946" sx="F,M,F,M"/><TAIKYOKU oya="0"/>

<Scene>
<INIT seed="0,0,0,3,0,70" ten="250,250,250,250" oya="0" hai0="68,102,92,32,78,125,62,17,122,109,19,100,47" hai1="80,76,52,90,83,0,4,106,71,1,112,91,38" hai2="111,133,116,101,73,6,8,99,45,121,65,24,69" hai3="39,82,103,123,41,10,110,117,77,108,30,107,33"/><T113/><D122/><U44/><E71/><V97/><F121/><W115/><G123/><T104/><D32/><U49/><E106/><V13/><F111/><N who="3" m="42539" /><G115/><T120/><D113/><U31/><E112/><V16/><F133/><W25/><G117/><T81/><D104/><U127/><E127/><V51/><F73/><N who="3" m="43311" /><G10/><T55/><D125/><U86/><E31/><V5/><F65/><W18/><G18/><T29/><D29/><U135/><E135/><V54/><F69/><W26/><G26/><T7/><D7/><U12/><E38/><V28/><F116/><W63/><G63/><T56/><D120/><U40/><E91/><V85/><F85/><W36/><G41/><T84/><D109/><U20/><E40/><V15/><F15/><W132/><G132/><T14/><D68/><U79/><E90/><V74/><F74/><W46/><G46/><T50/><D92/><U9/><REACH who="1" step="1"/><E20/><REACH who="1" ten="250,240,250,250" step="2"/><V129/><F28/><W58/><G58/><T96/><D102/><U72/><AGARI ba="0,1" hai="0,1,4,9,12,44,49,52,72,76,79,80,83,86" machi="72" ten="20,8000,1" yaku="1,1,2,1,0,1,7,1,54,1,53,0" doraHai="70" doraHaiUra="59" who="1" fromWho="1" sc="250,-40,240,90,250,-20,250,-20" />
</Scene>
<Scene>
<INIT seed="1,0,0,2,2,113" ten="210,330,230,230" oya="1" hai0="93,114,12,122,112,120,108,6,31,100,83,57,86" hai1="36,10,52,116,29,28,111,50,117,88,33,39,21" hai2="91,89,127,105,59,129,15,103,131,26,130,135,79" hai3="38,124,55,56,102,110,35,76,72,25,68,16,84"/><U94/><E33/><V46/><F26/><W98/><G68/><T81/><D31/><U119/><E10/><V48/><F59/><W20/><G38/><T1/><D1/><U132/><E132/><V87/><F15/><W11/><G72/><T42/><D42/><U78/><E78/><V19/><F19/><W95/><G110/><T30/><D30/><U121/><E121/><N who="0" m="46697" /><D57/><U22/><E29/><V2/><F2/><W8/><G35/><T64/><D64/><U65/><E65/><V115/><F115/><W123/><G124/><T109/><D12/><U34/><E34/><V125/><F46/><W66/><G66/><T69/><D6/><U90/><E111/><N who="0" m="42569" /><D69/><U96/><E90/><N who="2" m="34315" /><F48/><N who="3" m="30823" /><G123/><T7/><D7/><U134/><E134/><V40/><F40/><W75/><G75/><T41/><D41/><U97/><E97/><N who="2" m="61679" /><F135/><W45/><G45/><T62/><D62/><U23/><REACH who="1" step="1"/><E28/><REACH who="1" ten="210,320,230,230" step="2"/><V24/><F125/><W104/><G104/><T92/><D100/><U4/><E4/><V58/><F127/><W54/><G76/><N who="0" m="46375" /><D83/><U3/><E3/><V17/><F129/><W53/><G102/><T32/><D32/><U118/><N who="1" m="29696" /><DORA hai="44" /><U71/><E71/><V51/><F130/><W80/><G8/><T70/><D70/><U14/><E14/><V43/><F131/><W27/><G11/><T101/><D101/><U126/><E126/><V99/><F79/><N who="3" m="46111" /><G27/><T60/><D60/><U18/><E18/><V5/><F17/><W77/><G77/><T13/><D13/><U85/><E85/><V0/><F87/><W128/><G128/><T47/><D114/><RYUUKYOKU ba="0,1" sc="210,-15,320,15,230,-15,230,15" hai1="21,22,23,36,39,50,52,88,94,96" hai3="16,20,25,53,54,95,98" />
</Scene>
<Scene>
<INIT seed="1,1,1,0,2,77" ten="195,335,215,245" oya="1" hai0="92,98,7,106,74,129,53,39,57,128,60,0,86" hai1="110,122,23,49,27,20,105,89,62,94,121,75,28" hai2="54,55,84,64,80,29,87,85,51,126,2,1,130" hai3="40,50,76,22,119,14,15,127,37,19,5,43,67"/><U112/><E112/><V32/><F130/><W36/><G67/><T113/><D74/><U109/><E105/><V120/><F120/><W72/><G72/><T18/><D39/><U116/><E116/><V103/><F103/><W70/><G70/><T93/><D113/><U59/><E49/><V88/><F126/><W78/><G50/><T81/><D106/><U124/><E20/><V34/><F64/><W35/><G35/><T91/><D18/><U24/><E24/><V9/><F55/><W63/><G63/><T115/><D115/><U42/><E42/><V99/><F99/><W83/><G127/><T133/><D133/><U71/><E71/><V66/><F66/><W41/><G119/><T17/><D17/><U16/><E28/><V45/><F9/><W69/><G69/><T65/><D7/><U10/><E10/><V56/><F45/><W12/><G5/><T107/><D0/><U58/><E75/><V47/><F47/><W30/><G30/><T123/><D123/><N who="1" m="47115" /><E124/><V8/><F8/><W96/><G96/><T125/><D125/><U4/><E4/><V68/><F68/><W118/><G118/><T134/><D134/><U90/><E59/><V48/><F51/><W135/><G135/><T13/><D13/><N who="3" m="5225" /><G76/><T44/><D107/><U33/><E33/><N who="2" m="12907" /><F29/><W3/><G3/><T73/><D73/><U114/><E114/><V31/><F31/><W131/><G36/><T102/><REACH who="0" step="1"/><D92/><REACH who="0" ten="185,335,215,245" step="2"/><U11/><E94/><N who="2" m="54535" /><F2/><W104/><G37/><T46/><D46/><U25/><E16/><V52/><F1/><W6/><G104/><T97/><D97/><RYUUKYOKU ba="1,2" sc="185,30,335,-10,215,-10,245,-10" hai0="44,53,57,60,65,81,86,91,93,98,102,128,129" />
</Scene>
<Scene>
<INIT seed="2,2,2,4,4,8" ten="215,325,205,235" oya="2" hai0="33,37,51,16,6,127,92,102,85,125,89,107,61" hai1="112,59,73,62,19,48,83,10,20,25,38,106,29" hai2="65,119,129,122,81,21,74,47,67,86,60,4,116" hai3="72,87,123,46,75,97,66,39,120,7,9,24,105"/><V80/><F122/><N who="3" m="46635" /><G87/><T128/><D33/><U84/><E38/><V77/><F4/><W52/><G24/><T104/><D6/><U17/><E106/><V22/><F129/><W69/><G52/><T131/><D128/><U70/><E73/><V30/><F47/><W121/><G121/><T50/><D37/><U95/><E70/><V55/><F55/><W58/><G58/><T18/><D61/><U96/><E48/><V45/><F45/><W14/><G14/><T42/><D131/><U110/><E10/><V44/><F44/><W15/><G15/><T12/><D18/><U11/><E11/><V3/><F3/><N who="3" m="255" /><G66/><T57/><D102/><N who="1" m="60703" /><E110/><V43/><F67/><W82/><G82/><T35/><D35/><U34/><E112/><V111/><F21/><W114/><G69/><T23/><D50/><U2/><E2/><V132/><F43/><N who="3" m="22911" /><G114/><T28/><D28/><U53/><E34/><V26/><F80/><W94/><G94/><T78/><D78/><AGARI ba="2,2" hai="17,19,20,25,29,53,59,62,78,83,84" m="60703" machi="78" ten="30,1000,0" yaku="8,1" doraHai="8" who="1" fromWho="0" sc="215,-16,325,36,205,0,235,0" />
</Scene>
<Scene>
<INIT seed="3,0,0,3,4,131" ten="199,361,205,235" oya="3" hai0="45,30,75,36,33,114,16,13,62,48,70,124,85" hai1="29,91,47,95,117,120,26,109,4,9,10,128,82" hai2="43,125,12,72,41,116,25,11,106,102,98,28,53" hai3="52,101,79,6,86,15,81,34,14,49,77,80,87"/><W35/><G101/><T132/><D75/><U110/><E120/><V31/><F116/><W38/><G38/><T27/><D114/><U126/><E128/><V123/><F123/><W32/><REACH who="3" step="1"/><G6/><REACH who="3" ten="199,361,205,225" step="2"/><T129/><D36/><U74/><E4/><V23/><F102/><W122/><G122/><T134/><D129/><U22/><E117/><V104/><F106/><W7/><G7/><T56/><D124/><U78/><E126/><V90/><F104/><W92/><G92/><T55/><D70/><U40/><E110/><V58/><F125/><W111/><G111/><T76/><D76/><U94/><E94/><N who="2" m="56663" /><F72/><W44/><AGARI ba="0,1" hai="14,15,32,34,35,44,49,52,77,79,80,81,86,87" machi="44" ten="30,11700,0" yaku="1,1,0,1,9,1,54,1,53,0" doraHai="131" doraHaiUra="96" who="3" fromWho="3" sc="199,-39,361,-39,205,-39,225,127" />
</Scene>
<Scene>
<INIT seed="3,1,0,5,4,1" ten="160,322,166,352" oya="3" hai0="111,95,103,112,55,10,110,88,4,89,127,76,126" hai1="101,60,116,41,20,63,121,32,54,82,50,133,17" hai2="118,14,6,34,70,18,69,75,62,79,9,109,47" hai3="91,35,67,13,72,96,46,107,57,100,64,73,105"/><W102/><G35/><T86/><D76/><U51/><E32/><V77/><F118/><W99/><G46/><T49/><D103/><U52/><E121/><V135/><F109/><W40/><G40/><T130/><D112/><U74/><E133/><V131/><F135/><W28/><G28/><T124/><D130/><U83/><E101/><V21/><F34/><W33/><G33/><T114/><D114/><U113/><E116/><V25/><F131/><W71/><G71/><T93/><D55/><U108/><E108/><N who="0" m="41513" /><D49/><U80/><E74/><V87/><F75/><W97/><G13/><N who="0" m="5319" /><D89/><U134/><E134/><V42/><F62/><N who="1" m="23593" /><E113/><V90/><F69/><W29/><G29/><T15/><D15/><N who="1" m="9279" /><E51/><N who="2" m="27127" /><F70/><W36/><G36/><T31/><D31/><U128/><E128/><V85/><F85/><W78/><G57/><T125/><N who="0" m="32256" /><DORA hai="43" /><T132/><D132/><U39/><E39/><V68/><F68/><W27/><G91/><T30/><D30/><U120/><E120/><V119/><F119/><W58/><G58/><T84/><D84/><U7/><E41/><V122/><F122/><W22/><G78/><T129/><D129/><U48/><E48/><V65/><F65/><W45/><G64/><T8/><D8/><U117/><E117/><V98/><F98/><W2/><G96/><T104/><D104/><U23/><E50/><V81/><AGARI ba="1,0" hai="6,9,14,18,21,25,77,79,81,87,90" m="27127" machi="81" ten="30,4000,0" yaku="8,1,52,2" doraHai="1,43" who="2" fromWho="2" sc="160,-11,322,-11,166,43,352,-21" />
</Scene>
<Scene>
<INIT seed="4,0,0,5,1,111" ten="149,311,209,331" oya="0" hai0="32,87,9,33,30,66,2,49,95,0,85,27,6" hai1="12,121,18,109,123,112,48,58,43,59,16,1,114" hai2="36,125,31,69,107,90,56,64,46,94,21,67,61" hai3="17,132,15,89,50,70,120,134,110,57,101,88,131"/><T52/><D66/><U11/><E109/><V99/><F125/><W60/><G110/><T24/><D0/><U126/><E126/><V20/><F69/><W122/><G131/><T47/><REACH who="0" step="1"/><D95/><REACH who="0" ten="139,311,209,331" step="2"/><U98/><E1/><V92/><F94/><W103/><G120/><T26/><D26/><U113/><E98/><V84/><F67/><W14/><G122/><N who="1" m="46602" /><E18/><V83/><F107/><W5/><G17/><T55/><D55/><U41/><E58/><V80/><F31/><AGARI ba="0,1" hai="2,6,9,24,27,30,31,32,33,47,49,52,85,87" machi="31" ten="40,7700,0" yaku="1,1,9,1,54,1,53,0" doraHai="111" doraHaiUra="39" who="0" fromWho="2" sc="139,87,311,0,209,-77,331,0" />
</Scene>
<Scene>
<INIT seed="4,1,0,0,3,77" ten="226,311,132,331" oya="0" hai0="118,109,126,42,78,41,87,60,95,57,80,68,32" hai1="35,55,9,7,61,56,85,64,4,23,125,71,108" hai2="6,75,91,34,97,48,133,86,27,30,46,67,45" hai3="5,111,92,88,90,52,14,124,114,116,120,96,106"/><T94/><D32/><U2/><E35/><V100/><F75/><W26/><G111/><T119/><D68/><U29/><E108/><V121/><F121/><W79/><G116/><T127/><D109/><U13/><E125/><N who="0" m="47625" /><D119/><U112/><E112/><V93/><F133/><W43/><G124/><T73/><D118/><U39/><E39/><V24/><F6/><W102/><G114/><T117/><D117/><U16/><E7/><V40/><F67/><W82/><G43/><N who="0" m="16395" /><D73/><U22/><E85/><V123/><F123/><W104/><G120/><T54/><AGARI ba="1,0" hai="54,57,60,78,80,87,94,95" m="16395,47625" machi="54" ten="30,3000,0" yaku="18,1,52,1" doraHai="77" who="0" fromWho="0" sc="226,33,311,-11,132,-11,331,-11" />
</Scene>
<Scene>
<INIT seed="4,2,0,3,5,27" ten="259,300,121,320" oya="0" hai0="111,22,19,80,24,62,8,129,44,90,9,59,34" hai1="85,73,33,94,126,2,93,118,15,26,104,18,46" hai2="37,71,121,123,45,91,50,61,67,70,76,16,106" hai3="47,132,119,35,40,64,43,30,63,17,66,10,41"/><T23/><D34/><U52/><E104/><V110/><F106/><W77/><G119/><T113/><D129/><U55/><E73/><V88/><F110/><W12/><G132/><T3/><D113/><U68/><E68/><V116/><F116/><W125/><G125/><T92/><D80/><U25/><E2/><V28/><F28/><W89/><G77/><T54/><D44/><U97/><E118/><V74/><F37/><W36/><G89/><T48/><D111/><U103/><E126/><V100/><F100/><W51/><G36/><T79/><D3/><U124/><E124/><V38/><F38/><W107/><G107/><T102/><D79/><U60/><E33/><V96/><F71/><W112/><G112/><T114/><D114/><U81/><E93/><V135/><F135/><W6/><G6/><T87/><D102/><U78/><E55/><V21/><F76/><W120/><G120/><T13/><REACH who="0" step="1"/><D62/><REACH who="0" ten="249,300,121,320" step="2"/><U75/><E75/><V95/><F74/><W130/><G130/><T0/><D0/><U49/><REACH who="1" step="1"/><E60/><REACH who="1" ten="249,290,121,320" step="2"/><V5/><F121/><W14/><G63/><T86/><D86/><U134/><E134/><V7/><F123/><W53/><G35/><T115/><D115/><U127/><E127/><V84/><F84/><W108/><G108/><T82/><D82/><U117/><E117/><V98/><F70/><W11/><G47/><T56/><D56/><U32/><E32/><V31/><F61/><W69/><G69/><T4/><D4/><U57/><E57/><V42/><F7/><W109/><G109/><T133/><D133/><U83/><E83/><RYUUKYOKU ba="2,2" sc="249,15,290,15,121,-15,320,-15" hai0="8,9,13,19,22,23,24,48,54,59,87,90,92" hai1="15,18,25,26,46,49,52,78,81,85,94,97,103" />
</Scene>
<Scene>
<INIT seed="4,3,2,3,1,95" ten="264,305,106,305" oya="0" hai0="73,134,70,76,113,108,53,68,12,83,30,77,111" hai1="129,74,48,131,36,17,26,107,47,126,61,51,20" hai2="67,133,41,115,33,81,66,13,62,114,9,102,116" hai3="118,122,23,34,10,38,106,128,22,75,42,132,78"/><T58/><D76/><U28/><E74/><V64/><F133/><W45/><G118/><T25/><D134/><U99/><E126/><V130/><F116/><W55/><G132/><T105/><D105/><U125/><E125/><V19/><F33/><W43/><G42/><T63/><D12/><U4/><E4/><V14/><F41/><W98/><G128/><N who="1" m="49226" /><E61/><V119/><F119/><W5/><G122/><T2/><D2/><U60/><E60/><V52/><F81/><N who="3" m="45279" /><G55/><T88/><D113/><N who="2" m="43018" /><F102/><N who="3" m="62807" /><G34/><T72/><D70/><U39/><E28/><V123/><F123/><W121/><G121/><T89/><D68/><U56/><E56/><N who="2" m="35079" /><F130/><W80/><G80/><T104/><D73/><U35/><E35/><V91/><F91/><W84/><G84/><T117/><D104/><U7/><E7/><N who="2" m="3263" /><F67/><W49/><G49/><N who="1" m="19018" /><E47/><V6/><F6/><W96/><G38/><T54/><D117/><U110/><E110/><N who="0" m="42025" /><D54/><U31/><E31/><V44/><F44/><W46/><G45/><T16/><D30/><U94/><E107/><V82/><F82/><W112/><G46/><T8/><D8/><AGARI ba="3,2" hai="8,14,19,64,66" m="3263,35079,43018" machi="8" ten="30,2000,0" yaku="15,1,54,1" doraHai="95" who="2" fromWho="0" sc="264,-29,305,0,106,49,305,0" />
</Scene>
<Scene>
<INIT seed="5,0,0,2,1,59" ten="235,305,155,305" oya="1" hai0="13,77,17,98,91,129,15,74,24,6,39,26,62" hai1="68,12,71,80,79,124,78,50,120,100,11,28,107" hai2="121,75,35,55,40,45,23,110,7,38,88,64,29" hai3="48,126,90,53,113,61,31,9,54,46,109,84,47"/><U81/><E120/><V33/><F121/><W70/><G109/><T25/><D39/><U111/><E111/><V67/><F75/><W30/><G113/><T52/><D129/><U116/><E116/><V86/><F7/><W58/><G126/><T101/><D74/><U1/><E1/><V65/><F110/><W37/><G70/><T135/><D77/><U130/><E28/><V49/><F23/><W112/><G112/><T83/><D135/><U99/><E124/><V117/><F117/><W102/><G102/><T66/><D6/><U95/><E130/><V44/><REACH who="2" step="1"/><F29/><REACH who="2" ten="235,305,145,305" step="2"/><W94/><G30/><T69/><D17/><U3/><E3/><V131/><F131/><W14/><G31/><T0/><D0/><U128/><E128/><V134/><F134/><W22/><G22/><T127/><D127/><U89/><E11/><V72/><F72/><W132/><G132/><T42/><D42/><U34/><E107/><V57/><F57/><W85/><G58/><N who="0" m="37207" /><D101/><U41/><E100/><V87/><F87/><W115/><G84/><N who="0" m="50591" /><D69/><U114/><E68/><V8/><F8/><W92/><G9/><T20/><D20/><U73/><E71/><V43/><F43/><W18/><G18/><T56/><D98/><U51/><E41/><V125/><F125/><W82/><G85/><T76/><D76/><U108/><E78/><V105/><F105/><W21/><G21/><T123/><D123/><U60/><E79/><V118/><F118/><W96/><G46/><T106/><D106/><U133/><E73/><V19/><F19/><W5/><G47/><T97/><D97/><RYUUKYOKU ba="0,1" sc="235,15,305,-15,145,15,305,-15" hai0="13,15,24,25,26,52,56" hai2="33,35,38,40,44,45,49,55,64,65,67,86,88" />
</Scene>
<Scene>
<INIT seed="6,1,1,2,5,127" ten="250,290,160,290" oya="2" hai0="58,44,10,132,95,71,110,73,26,113,53,124,56" hai1="98,12,31,15,89,82,30,87,81,25,116,80,23" hai2="45,84,91,117,123,35,24,22,50,28,9,104,100" hai3="93,7,103,36,119,4,40,128,46,57,17,101,121"/><V133/><F117/><W92/><G119/><T39/><D73/><U60/><E116/><V75/><F123/><W55/><G121/><T118/><D118/><U49/><E31/><V107/><F75/><W131/><G17/><T5/><D110/><U21/><E98/><V38/><F38/><W54/><G92/><T37/><D124/><U2/><E2/><V109/><F109/><W115/><G115/><T11/><D113/><U77/><E60/><V97/><F107/><W59/><G59/><T105/><D105/><U112/><E112/><V0/><F133/><W33/><G33/><T68/><D132/><U108/><E108/><V51/><F35/><W126/><G126/><T66/><D95/><N who="1" m="54719" /><E77/><V102/><F102/><N who="3" m="38923" /><G93/><T90/><D90/><U125/><E125/><V63/><F63/><N who="3" m="36279" /><G55/><T86/><D86/><U1/><E1/><V64/><F64/><W69/><G69/><T6/><D26/><N who="1" m="16719" /><E49/><V76/><F76/><W42/><G42/><T14/><D66/><U41/><E41/><V62/><F62/><W96/><G96/><T78/><D78/><U129/><E25/><V122/><F122/><W130/><AGARI ba="1,1" hai="4,7,36,40,46,128,130,131" m="36279,38923" machi="130" ten="40,8000,1" yaku="19,1,52,3" doraHai="127" who="3" fromWho="3" sc="250,-21,290,-21,160,-41,290,93" />
</Scene>
<Scene>
<INIT seed="7,0,0,1,4,70" ten="229,269,119,383" oya="3" hai0="34,45,4,96,68,59,67,89,133,79,105,100,94" hai1="102,98,82,132,127,123,54,92,64,124,84,106,3" hai2="88,104,19,15,46,16,130,81,31,93,5,125,114" hai3="60,87,61,62,112,129,118,134,28,36,44,126,25"/><W108/><G118/><T40/><D34/><U76/><E3/><V38/><F114/><W65/><G112/><T115/><D115/><U0/><E0/><V2/><F31/><W80/><G126/><N who="1" m="48170" /><E64/><V109/><F125/><W71/><G129/><T26/><D68/><U21/><E21/><V58/><F109/><W48/><G134/><T32/><D79/><U8/><E8/><V119/><F119/><W110/><G36/><T11/><D133/><U35/><E35/><V86/><F104/><W41/><G25/><T116/><D116/><U121/><E54/><V117/><F117/><W20/><G20/><T52/><D67/><U85/><E132/><V23/><F130/><W7/><G7/><T74/><D74/><U47/><E47/><V1/><F58/><W57/><G28/><T63/><D26/><U18/><E18/><V91/><F19/><W24/><G24/><T14/><D32/><U22/><E22/><V39/><F46/><W90/><G71/><T131/><D131/><U128/><E128/><V78/><F1/><W135/><G135/><T43/><REACH who="0" step="1"/><D45/><REACH who="0" ten="219,269,119,383" step="2"/><U113/><E113/><V37/><REACH who="2" step="1"/><F93/><REACH who="2" ten="219,269,109,383" step="2"/><W10/><G44/><T13/><D13/><U49/><E92/><V42/><F42/><W17/><G41/><T30/><D30/><U33/><E106/><V66/><F66/><W122/><G65/><T12/><D12/><U72/><E33/><V51/><F51/><W73/><G48/><T101/><D101/><U56/><E49/><V120/><F120/><W50/><G122/><T27/><D27/><U99/><E121/><V55/><F55/><RYUUKYOKU ba="0,2" sc="219,15,269,-15,109,15,383,-15" hai0="4,11,14,40,43,52,59,63,89,94,96,100,105" hai2="2,5,15,16,23,37,38,39,78,81,86,88,91" owari="234,-17.0,254,5.0,124,-38.0,388,50.0" />
</Scene>
</mjloggm>