<mjloggm ver="2.3"><GO type="169"/><UN n0="%E9%B7%B9%E3%82%88%E3%82%8A%EF%BC%A0%EF%BC%B3%EF%BC%A2" n1="%E5%A4%AA%E3%81%8F%E3%81%AA%E3%81%84%E3%81%8A" n2="%E6%9A%97%E3%81%84%E7%AC%A6" n3="%E3%81%99%E3%81%9F%E3%83%BC%E3%82%89%E3%81%84%E3%81%A8%E3%81%B3%E3%83%BC" dan="16,18,16,16" rate="2120,2162,2053,2124" sx="M,M,M,F"/><TAIKYOKU oya="0"/>

<Scene>
<INIT seed="0,0,0,2,3,66" ten="250,250,250,250" oya="0" hai0="97,120,103,61,44,133,129,105,79,6,95,53,67" hai1="13,39,4,73,21,80,119,1,2,0,132,78,114" hai2="32,72,93,34,56,118,135,89,101,29,81,46,33" hai3="27,12,104,75,10,126,77,54,35,60,49,26,22"/><T131/><D120/><U7/><E119/><V102/><F46/><W14/><G104/><T88/><D79/><U3/><E39/><V55/><F118/><W8/><G77/><T96/><D6/><U41/><E132/><V83/><F29/><N who="3" m="19895" /><G60/><T124/><D133/><U23/><E114/><V74/><F135/><W113/><G54/><T111/><D124/><U117/><E117/><V87/><F56/><W52/><G49/><T47/><D111/><U50/><N who="1" m="0" /><DORA hai="108" /><U64/><E64/><V110/><F55/><W43/><G52/><T59/><REACH who="0" step="1"/><D67/><REACH who="0" ten="240,250,250,250" step="2"/><U51/><E7/><V31/><F110/><W91/><G126/><T134/><D134/><U48/><REACH who="1" step="1"/><E41/><REACH who="1" ten="240,240,250,250" step="2"/><V94/><F74/><W92/><G75/><T71/><D71/><U99/><E99/><V30/><F72/><W112/><G43/><T15/><D15/><U98/><E98/><V85/><F34/><W63/><G14/><T121/><D121/><U127/><E127/><V37/><REACH who="2" step="1"/><F37/><REACH who="2" ten="240,240,240,250" step="2"/><W84/><G112/><T45/><AGARI ba="0,3" hai="44,45,47,53,59,61,88,95,96,97,103,105,129,131" machi="45" ten="30,6000,0" yaku="1,1,0,1,54,1,53,0" doraHai="66,108" doraHaiUra="62,65" who="0" fromWho="0" sc="240,90,240,-20,240,-20,250,-20" />
</Scene>
<Scene>
<INIT seed="0,1,0,0,4,69" ten="330,220,220,230" oya="0" hai0="105,82,109,119,97,106,43,126,2,21,79,25,98" hai1="64,77,110,78,50,118,76,74,117,131,85,28,55" hai2="132,8,87,41,123,17,19,24,70,130,39,49,37" hai3="51,101,95,48,94,26,102,72,80,35,61,90,53"/><T116/><D2/><U59/><E110/><V111/><F70/><W9/><G35/><T62/><D43/><U66/><E74/><V7/><F123/><W29/><G29/><T86/><D62/><U10/><E131/><V113/><F113/><W124/><G26/><T15/><D15/><U54/><E28/><V68/><F68/><W112/><G112/><T12/><D12/><U67/><E10/><V104/><F104/><N who="0" m="40042" /><D21/><U129/><E129/><V93/><F130/><W89/><G124/><T81/><D25/><U100/><E100/><V33/><F93/><W47/><G61/><T34/><D34/><U1/><E1/><V75/><F87/><W122/><G122/><T44/><D44/><U114/><E114/><V108/><F75/><W4/><G72/><N who="0" m="43239" /><D126/><U6/><E6/><V60/><F60/><W16/><G4/><T36/><D36/><N who="2" m="13898" /><F33/><W91/><G80/><T107/><D109/><N who="2" m="42058" /><F24/><W120/><G120/><T52/><D107/><U115/><E115/><V57/><F41/><W135/><G95/><T133/><D98/><U32/><E32/><V3/><F132/><W88/><G135/><T22/><D97/><U18/><E85/><V99/><F99/><N who="3" m="57799" /><G51/><T46/><D133/><U56/><E66/><V14/><F3/><W127/><G127/><T45/><D82/><U13/><E64/><V5/><F7/><W0/><G0/><T27/><D86/><U65/><E67/><V42/><F57/><W84/><G84/><T83/><D83/><U134/><E134/><V63/><F63/><W38/><G38/><T121/><D121/><U11/><E65/><RYUUKYOKU ba="1,0" sc="330,-30,220,10,220,10,230,10" hai1="11,13,18,50,54,55,56,59,76,77,78,117,118" hai2="5,8,14,17,19,42,49" hai3="9,16,47,48,53,89,90,91,101,102" />
</Scene>
<Scene>
<INIT seed="1,2,0,4,2,96" ten="300,230,230,240" oya="1" hai0="103,128,84,104,27,54,46,32,99,68,6,2,88" hai1="1,51,23,119,135,50,75,101,74,134,132,105,48" hai2="21,22,41,49,0,118,30,18,36,4,20,44,57" hai3="106,129,100,92,120,11,26,65,69,98,107,39,19"/><U90/><E119/><V110/><F118/><W59/><G120/><T52/><D68/><U67/><E1/><V14/><F110/><W13/><G39/><T73/><D73/><N who="1" m="27659" /><E67/><V29/><F36/><W72/><G72/><T70/><D70/><U42/><E90/><V34/><F57/><W63/><G129/><T10/><D128/><U117/><E117/><V24/><REACH who="2" step="1"/><F30/><REACH who="2" ten="300,230,220,240" step="2"/><W79/><G69/><T66/><D66/><U7/><E134/><V40/><F40/><W131/><G131/><T61/><D61/><U43/><E43/><V122/><F122/><W9/><G79/><T77/><D77/><U53/><E42/><V108/><F108/><W3/><G3/><T56/><D46/><U16/><E132/><V89/><F89/><W35/><G35/><T86/><D88/><U127/><E135/><V113/><F113/><W97/><G98/><T38/><D38/><U15/><E127/><V124/><F124/><W109/><G109/><T60/><REACH who="0" step="1"/><D54/><REACH who="0" ten="290,230,220,240" step="2"/><U62/><E53/><V45/><F45/><W37/><G37/><T31/><AGARI ba="2,2" hai="2,6,10,27,31,32,52,56,60,84,86,99,103,104" machi="31" ten="30,12000,2" yaku="1,1,2,1,0,1,52,1,54,1,53,2" doraHai="96" doraHaiUra="82" who="0" fromWho="0" sc="290,146,230,-62,220,-32,240,-32" />
</Scene>
<Scene>
<INIT seed="2,0,0,3,5,111" ten="436,168,188,208" oya="2" hai0="71,115,41,36,90,50,59,134,16,26,87,79,37" hai1="104,31,8,130,51,15,116,66,94,0,32,30,103" hai2="24,44,112,55,114,35,123,3,105,5,72,81,14" hai3="92,47,118,13,117,107,113,61,45,97,101,4,76"/><V29/><F14/><W84/><G117/><T122/><D71/><U18/><E116/><V48/><F105/><W73/><G118/><T21/><D122/><U99/><E130/><V78/><REACH who="2" step="1"/><F123/><REACH who="2" ten="436,168,178,208" step="2"/><W20/><G107/><T52/><D134/><U135/><E135/><V7/><F7/><W128/><G13/><T83/><D115/><U109/><E104/><V129/><F129/><W133/><G4/><T126/><D126/><U39/><E15/><V65/><F65/><W56/><G133/><T49/><D36/><U74/><E66/><V88/><F88/><W40/><G113/><T127/><D37/><U95/><E39/><V91/><F91/><W86/><G128/><T58/><D127/><U11/><E109/><V53/><F53/><W54/><G54/><N who="0" m="32215" /><D90/><U102/><E102/><V43/><F43/><AGARI ba="0,1" hai="16,21,26,41,43,49,52,58,79,83,87" m="32215" machi="43" ten="30,3900,0" yaku="8,1,54,2" doraHai="111" who="0" fromWho="2" sc="436,49,168,0,178,-39,208,0" />
</Scene>
<Scene>
<INIT seed="3,0,0,2,0,27" ten="485,168,139,208" oya="3" hai0="113,81,45,134,124,47,99,24,127,5,22,10,50" hai1="119,109,15,21,58,112,92,103,7,79,8,3,36" hai2="9,17,121,88,73,85,106,97,96,48,135,62,131" hai3="26,102,114,129,89,74,39,94,80,72,82,28,90"/><W23/><G39/><T111/><D111/><U57/><E112/><V59/><F73/><W68/><G114/><T12/><D113/><U55/><E36/><V52/><F106/><W2/><G2/><T132/><D99/><U25/><E109/><V70/><F121/><W130/><G68/><T60/><D60/><U116/><E79/><V77/><F77/><W126/><G102/><T20/><D81/><N who="3" m="31337" /><G126/><N who="0" m="48171" /><D22/><U33/><E33/><V30/><F70/><W35/><G35/><T44/><D50/><U0/><E119/><V51/><F131/><N who="3" m="50187" /><G90/><T118/><D118/><U42/><E116/><V66/><F135/><W6/><G6/><T64/><D64/><U91/><E103/><V16/><F48/><W83/><N who="3" m="31345" /><W31/><DORA hai="1" /><G31/><AGARI ba="0,0" hai="5,10,12,20,24,31,44,45,47,132,134" m="48171" machi="31" ten="30,3900,0" yaku="18,1,52,2" doraHai="27,1" who="0" fromWho="3" sc="485,39,168,0,139,0,208,-39" />
</Scene>
<Scene>
<INIT seed="4,0,0,5,2,87" ten="524,168,139,169" oya="0" hai0="44,78,82,30,0,27,28,76,53,91,84,118,66" hai1="127,102,83,1,94,115,81,96,25,100,43,105,77" hai2="32,61,71,19,17,31,60,9,113,35,79,29,120" hai3="57,109,36,16,14,13,73,132,63,114,40,21,104"/><T49/><D0/><U12/><E1/><V131/><F79/><W133/><G104/><T86/><D118/><U92/><E43/><V6/><F71/><W89/><G73/><T8/><D66/><U52/><E127/><V50/><F50/><W117/><G109/><T64/><D64/><U121/><E121/><V124/><F61/><W75/><G75/><T70/><D70/><U107/><E115/><V97/><F60/><W67/><G114/><T58/><D58/><U56/><E25/><V126/><F97/><W4/><G117/><T38/><D38/><U11/><E107/><V2/><F113/><W85/><G4/><T5/><D84/><U10/><E10/><V26/><F120/><W119/><G119/><T7/><D30/><U20/><E20/><V46/><F46/><W69/><G13/><N who="0" m="5279" /><D5/><U80/><E77/><V23/><F131/><W34/><G34/><T135/><D135/><N who="3" m="51785" /><G69/><T99/><D99/><U88/><E105/><V62/><F62/><W101/><G101/><T54/><D54/><U129/><E129/><V110/><F110/><W39/><G40/><T65/><D65/><U108/><E108/><V22/><F126/><W90/><G85/><T47/><D78/><U93/><E102/><V15/><F124/><W128/><G128/><T45/><D76/><U122/><E100/><V24/><F19/><W41/><G41/><T33/><D33/><AGARI ba="0,0" hai="2,6,9,15,17,22,23,24,26,29,31,32,33,35" machi="33" ten="30,16000,3" yaku="7,1,24,2,35,6" doraHai="87" who="2" fromWho="0" sc="524,-160,168,0,139,160,169,0" />
</Scene>
<Scene>
<INIT seed="5,0,0,2,0,101" ten="364,168,299,169" oya="1" hai0="68,58,36,3,8,19,31,42,72,61,123,115,15" hai1="120,63,84,60,109,117,49,13,27,124,87,37,5" hai2="92,45,105,46,107,4,122,132,98,82,119,78,74" hai3="62,51,99,133,26,14,73,28,131,100,24,38,21"/><U39/><E120/><V71/><F71/><W2/><G2/><T33/><D68/><U110/><E117/><V35/><F35/><W88/><G38/><N who="1" m="14346" /><E49/><V59/><F119/><W29/><G73/><T67/><D72/><U41/><E41/><V79/><F122/><W64/><G133/><T66/><D123/><U94/><E27/><V1/><F78/><W9/><G131/><T22/><D67/><U23/><E124/><V20/><F4/><W106/><G51/><T50/><D36/><U112/><E112/><V75/><F1/><W114/><G114/><T111/><D115/><U76/><E94/><V0/><F0/><W10/><G14/><T32/><D32/><U85/><E76/><V7/><F7/><W54/><G54/><T57/><D42/><U12/><E23/><V86/><F132/><W125/><G88/><T96/><D96/><U16/><E5/><V80/><F59/><W25/><G25/><N who="0" m="18671" /><D57/><U127/><E127/><V93/><F20/><W69/><G125/><T30/><D30/><U97/><E97/><V34/><F34/><AGARI ba="0,0" hai="9,10,21,24,26,28,29,34,62,64,69,99,100,106" machi="34" ten="30,7700,0" yaku="7,1,25,2,52,1" doraHai="101" who="3" fromWho="2" sc="364,0,168,0,299,-77,169,77" />
</Scene>
<Scene>
<INIT seed="6,0,0,1,4,107" ten="364,168,222,246" oya="2" hai0="44,64,35,76,7,121,80,123,135,17,82,98,65" hai1="120,119,4,0,71,68,42,46,12,112,117,51,83" hai2="127,30,10,47,74,49,110,97,122,124,62,114,38" hai3="81,69,111,28,87,25,86,13,89,33,8,93,90"/><V116/><F38/><W115/><G115/><T66/><D35/><U26/><E0/><V48/><F116/><W78/><G69/><T53/><D7/><U77/><E112/><V14/><F122/><W37/><G37/><T34/><D34/><U95/><E120/><V73/><F114/><W19/><REACH who="3" step="1"/><G78/><REACH who="3" ten="364,168,222,236" step="2"/><T91/><D76/><U133/><E71/><V45/><F110/><AGARI ba="0,1" hai="8,13,19,25,28,33,81,86,87,89,90,93,110,111" machi="110" ten="40,2600,0" yaku="1,1,2,1,53,0" doraHai="107" doraHaiUra="106" who="3" fromWho="2" sc="364,0,168,0,222,-26,236,36" />
</Scene>
<Scene>
<INIT seed="7,0,0,5,0,47" ten="364,168,196,272" oya="3" hai0="5,60,58,91,131,25,52,124,55,135,63,107,33" hai1="4,71,132,42,99,120,38,106,73,7,17,56,117" hai2="105,64,102,29,2,8,16,57,15,92,59,11,22" hai3="122,89,1,44,90,104,103,51,78,76,111,46,41"/><W101/><G1/><T116/><D116/><U112/><E120/><V69/><F105/><W13/><G122/><T93/><D107/><U121/><E121/><V130/><F69/><W30/><G30/><T77/><D77/><N who="3" m="29801" /><G104/><T113/><D5/><U81/><E71/><V86/><F130/><W134/><G134/><T79/><D79/><U87/><E73/><V35/><F64/><W0/><G0/><T95/><D131/><U65/><E132/><V109/><F109/><W83/><G46/><T67/><D95/><U94/><E106/><V70/><F70/><W133/><G133/><T26/><D55/><U12/><E117/><V6/><F8/><W37/><G37/><T34/><D135/><U27/><E38/><V18/><F18/><W125/><G83/><T19/><D33/><U100/><E42/><V61/><F61/><W32/><G32/><T110/><D110/><U53/><E65/><V62/><F62/><W119/><G125/><T97/><D124/><U20/><E27/><N who="2" m="18879" /><F86/><W39/><G39/><T126/><D113/><U31/><E112/><V128/><F128/><W108/><G13/><T72/><D72/><U14/><E31/><V43/><F43/><W48/><G119/><T129/><D129/><U9/><E14/><V3/><F3/><W24/><G41/><T40/><D40/><U23/><E9/><V50/><F50/><W88/><G48/><T82/><D82/><U115/><E115/><V54/><F54/><N who="3" m="30055" /><G108/><T75/><D75/><U21/><E12/><V74/><F74/><W49/><G111/><T28/><D126/><U66/><E66/><RYUUKYOKU ba="0,0" sc="364,-10,168,-10,196,30,272,-10" hai2="2,6,11,15,16,22,57,59,92,102" owari="354,45.0,158,-34.0,226,-17.0,262,6.0" />
</Scene>
</mjloggm>