<mjloggm ver="2.3"><GO type="97"/><UN n0="%E3%82%A2%E3%83%8A%E3%83%AD%E3%82%B0%E4%BB%99%E4%BA%BA" n1="%41%6E%6E%69%6E%2A" n2="%E7%A6%BF%E3%81%92%E3%81%A1%E3%82%83%E3%82%93%E5%A4%AA%E9%83%8E" n3="%E5%A4%AA%E3%81%8F%E3%81%AA%E3%81%84%E3%81%8A" dan="14,13,14,14" rate="1826,1901,1938,2008" sx="M,F,M,M"/><TAIKYOKU oya="0"/>

<Scene>
<INIT seed="0,0,0,5,0,19" ten="250,250,250,250" oya="0" hai0="74,84,108,49,38,109,20,71,121,115,90,70,64" hai1="7,53,101,51,41,127,44,43,81,40,116,104,106" hai2="24,34,22,1,82,105,128,95,112,69,59,119,6" hai3="2,94,100,65,85,87,126,0,134,93,12,67,21"/><T14/><D121/><U36/><E116/><V113/><F119/><W37/><G37/><T54/><D74/><U103/><E127/><V66/><F105/><W45/><G126/><T89/><D115/><U86/><E7/><V129/><F69/><N who="0" m="26122" /><D38/><U15/><E15/><V16/><F66/><N who="3" m="25099" /><G2/><T63/><D84/><N who="3" m="32329" /><G0/><T79/><D79/><U73/><E73/><V30/><F59/><W62/><G134/><T78/><D78/><U11/><E11/><N who="2" m="2511" /><F95/><N who="3" m="36363" /><G100/><T83/><D83/><U107/><REACH who="1" step="1"/><E36/><REACH who="1" ten="250,240,250,250" step="2"/><V57/><F82/><W111/><G111/><N who="0" m="42571" /><D63/><U76/><AGARI ba="0,1" hai="40,41,43,44,51,53,76,81,86,101,103,104,106,107" machi="76" ten="40,2700,0" yaku="1,1,0,1,53,0" doraHai="19" doraHaiUra="4" who="1" fromWho="1" sc="250,-13,240,37,250,-7,250,-7" />
</Scene>
<Scene>
<INIT seed="1,0,0,4,1,101" ten="237,277,243,243" oya="1" hai0="29,128,15,48,133,2,24,36,23,54,51,40,13" hai1="17,61,69,33,86,70,98,126,78,50,18,71,122" hai2="49,74,130,91,75,41,4,117,89,12,11,127,64" hai3="46,57,94,6,106,92,30,109,96,10,8,3,107"/><U114/><E122/><V65/><F117/><W77/><G109/><T72/><D2/><U123/><E114/><V7/><F130/><W116/><G116/><T105/><D72/><N who="2" m="27690" /><F127/><W112/><G112/><T32/><D128/><U9/><E123/><V131/><F131/><W111/><G111/><T82/><D82/><U87/><E33/><V62/><F62/><W27/><G77/><T115/><D115/><U42/><E98/><V44/><F12/><W20/><G46/><T0/><D0/><U55/><E126/><V19/><F19/><W5/><G57/><T37/><D37/><U81/><E86/><V83/><F83/><W135/><G135/><T120/><D133/><U68/><N who="1" m="17408" /><DORA hai="108" /><U97/><E97/><V73/><F11/><W25/><G25/><T22/><D120/><U14/><E61/><V132/><N who="2" m="27698" /><V79/><DORA hai="63" /><F79/><W26/><G26/><T118/><D118/><U134/><E134/><V38/><F38/><W84/><G84/><T113/><D36/><U110/><E110/><V45/><F132/><W88/><REACH who="3" step="1"/><G94/><REACH who="3" ten="237,277,243,233" step="2"/><T90/><D113/><U129/><E129/><V1/><F41/><W93/><G93/><T34/><D40/><U47/><REACH who="1" step="1"/><E42/><REACH who="1" ten="237,267,243,233" step="2"/><V102/><F1/><AGARI ba="0,2" hai="1,3,5,6,8,10,20,27,30,88,92,96,106,107" machi="1" ten="30,12000,2" yaku="1,1,7,1,9,1,52,2,54,1,53,0" doraHai="101,108,63" doraHaiUra="28,99,119" who="3" fromWho="2" sc="237,0,267,0,243,-120,233,140" />
</Scene>
<Scene>
<INIT seed="2,0,0,5,5,71" ten="237,267,123,373" oya="2" hai0="70,32,66,79,109,80,120,127,2,75,119,31,117" hai1="104,88,1,26,133,118,135,129,47,93,57,30,63" hai2="69,105,128,33,10,116,97,36,54,4,3,101,72" hai3="35,28,82,124,59,132,110,53,107,108,62,126,78"/><V29/><F54/><W11/><G107/><T121/><D109/><N who="3" m="42089" /><G132/><N who="1" m="50762" /><E118/><N who="0" m="45065" /><D2/><U98/><E1/><V46/><F116/><W42/><G42/><T7/><D7/><U76/><E129/><V123/><F123/><N who="0" m="47178" /><D127/><N who="3" m="48681" /><G11/><T73/><D73/><U106/><E76/><V86/><F86/><N who="3" m="48471" /><G28/><T18/><D18/><U89/><E47/><V56/><F56/><W90/><G90/><T103/><D103/><U94/><E89/><V44/><F128/><W55/><G35/><T17/><D17/><U87/><E30/><V6/><F6/><W8/><G8/><T125/><D125/><U114/><E26/><N who="2" m="18615" /><F46/><W50/><G55/><T67/><D70/><U48/><E48/><AGARI ba="0,0" hai="48,50,53,59,62" m="48471,48681,42089" machi="48" ten="30,2000,0" yaku="14,1,18,1" doraHai="71" who="3" fromWho="1" sc="237,0,267,-20,123,0,373,20" />
</Scene>
<Scene>
<INIT seed="3,0,0,1,1,18" ten="237,247,123,393" oya="3" hai0="106,89,17,46,103,0,115,52,88,50,95,76,121" hai1="133,74,110,19,3,107,21,16,117,80,25,55,101" hai2="100,98,15,51,61,8,27,66,111,59,134,75,63" hai3="96,84,69,119,34,41,123,122,38,126,94,77,54"/><W7/><G119/><T5/><D121/><U102/><E117/><V9/><F75/><W62/><G34/><T120/><D120/><U91/><E3/><V112/><F134/><W73/><G73/><T79/><D0/><U108/><E107/><V10/><F112/><W43/><G54/><T72/><D5/><U67/><E133/><V56/><F111/><N who="1" m="42537" /><E67/><V2/><F2/><W29/><G84/><T109/><D109/><U129/><E129/><V24/><F51/><W85/><G94/><T70/><D70/><U132/><E19/><V22/><F24/><W81/><G7/><T82/><D79/><N who="1" m="44151" /><E91/><V31/><F15/><W83/><G77/><T99/><D115/><U13/><E13/><V11/><F11/><W124/><G69/><T116/><D116/><U49/><E132/><V42/><F42/><W57/><G43/><T58/><D17/><U97/><E97/><V37/><F8/><W65/><G96/><T128/><D128/><U35/><E35/><V26/><F26/><W40/><G41/><T131/><D131/><U33/><E33/><V4/><F4/><W64/><G40/><T23/><D23/><U14/><E14/><V12/><F12/><W39/><G122/><T113/><D113/><U20/><E20/><V6/><F6/><W47/><G123/><T127/><D127/><U1/><E1/><V104/><F37/><W45/><G39/><T36/><D36/><U135/><E135/><V86/><F86/><W78/><G85/><N who="0" m="52623" /><D89/><U44/><AGARI ba="0,0" hai="16,21,25,44,49,55,101,102" m="44151,42537" machi="44" ten="30,4000,0" yaku="14,1,52,1,54,1" doraHai="18" who="1" fromWho="1" sc="237,-10,247,40,123,-10,393,-20" owari="227,-17.0,287,9.0,113,-39.0,373,47.0" />
</Scene>
</mjloggm>