<mjloggm ver="2.3"><GO type="169"/><UN n0="%E3%83%9A%E3%83%81%E3%83%A7%E3%83%BC%E3%83%AA%E3%83%B3" n1="%E5%A4%AA%E3%81%8F%E3%81%AA%E3%81%84%E3%81%8A" n2="%E5%86%97%E8%AB%87%E7%AC%91%E6%AD%A2%EF%BC%81" n3="%E2%98%85%E3%82%86%E3%83%BC%E2%98%86" dan="17,17,16,17" rate="2141,2150,2079,2189" sx="M,M,M,M"/><TAIKYOKU oya="0"/>

<Scene>
<INIT seed="0,0,0,2,5,110" ten="250,250,250,250" oya="0" hai0="43,108,75,131,24,81,65,94,74,106,57,15,12" hai1="54,123,27,26,122,69,8,109,116,129,121,97,1" hai2="47,66,3,9,72,2,130,63,13,62,20,125,42" hai3="44,117,64,36,95,52,90,23,85,91,78,103,38"/><T30/><D106/><U124/><E69/><V59/><F72/><W132/><G117/><T99/><D108/><U51/><E109/><V18/><F130/><W115/><G103/><T14/><D131/><U19/><E129/><V107/><F107/><W77/><G64/><T80/><D43/><U34/><E116/><V104/><F104/><W25/><G132/><T89/><D75/><U7/><E124/><V98/><F125/><W55/><G115/><T4/><D4/><U35/><E97/><V68/><F98/><W67/><G67/><T21/><REACH who="0" step="1"/><D74/><REACH who="0" ten="240,250,250,250" step="2"/><U29/><E122/><V134/><F134/><W87/><G38/><T61/><AGARI ba="0,1" hai="12,14,15,21,24,30,57,61,65,80,81,89,94,99" machi="61" ten="30,12000,1" yaku="1,1,2,1,0,1,8,1,53,1" doraHai="110" doraHaiUra="16" who="0" fromWho="0" sc="240,130,250,-40,250,-40,250,-40" />
</Scene>
<Scene>
<INIT seed="0,1,0,0,5,104" ten="370,210,210,210" oya="0" hai0="129,79,28,14,105,44,61,120,46,49,86,76,110" hai1="134,24,47,41,101,38,2,59,20,99,71,30,48" hai2="51,69,84,93,31,125,7,22,63,4,118,83,11" hai3="10,135,85,8,98,117,107,113,17,73,33,90,74"/><T112/><D112/><U106/><E134/><V81/><F125/><W25/><G113/><T96/><D120/><U78/><E71/><V127/><F127/><W80/><G117/><T68/><D28/><U56/><E2/><V131/><F131/><W126/><G126/><T66/><D129/><U1/><E1/><V57/><F118/><W123/><G135/><T19/><D110/><U6/><E6/><V21/><F69/><W26/><G123/><T3/><D3/><U5/><E5/><N who="2" m="2123" /><F51/><W132/><G132/><T128/><D128/><U133/><E133/><V82/><F11/><W124/><G124/><T43/><D46/><U100/><E100/><V29/><F93/><W18/><G107/><T23/><REACH who="0" step="1"/><D86/><REACH who="0" ten="360,210,210,210" step="2"/><U15/><E47/><V122/><F84/><W103/><G85/><T130/><D130/><U36/><E30/><N who="2" m="11275" /><F122/><W0/><G0/><T92/><D92/><U45/><E106/><V27/><F27/><W91/><G25/><T54/><D54/><AGARI ba="1,1" hai="21,22,54,57,63,81,82,83" m="11275,2123" machi="54" ten="30,1000,0" yaku="8,1" doraHai="104" who="2" fromWho="0" sc="360,-13,210,0,210,23,210,0" />
</Scene>
<Scene>
<INIT seed="1,0,0,3,4,83" ten="347,210,233,210" oya="1" hai0="20,103,110,14,40,84,48,121,115,22,44,60,41" hai1="76,128,57,30,131,33,21,61,64,42,68,54,8" hai2="91,6,87,98,56,10,113,18,52,74,38,9,11" hai3="17,89,127,133,94,2,13,85,43,100,99,90,116"/><U49/><E33/><V31/><F74/><W35/><G116/><T0/><D0/><U95/><E76/><V53/><F38/><W132/><G2/><T79/><D115/><U36/><E8/><V130/><F130/><N who="1" m="49705" /><E95/><N who="2" m="54783" /><F113/><W125/><G35/><T24/><D103/><U39/><E30/><V82/><F31/><W81/><G43/><T45/><D79/><U101/><E101/><V34/><F34/><W5/><G5/><T111/><D14/><U46/><E21/><V19/><F98/><N who="3" m="57679" /><G17/><N who="2" m="6153" /><F82/><W106/><G13/><T58/><D22/><U120/><E120/><V12/><F53/><W119/><G119/><T59/><D20/><U26/><E26/><V135/><F135/><AGARI ba="0,0" hai="81,85,90,99,100,106,125,127,132,133,135" m="57679" machi="135" ten="30,7700,0" yaku="20,1,34,2,52,1" doraHai="83" who="3" fromWho="2" sc="347,0,210,0,233,-77,210,77" />
</Scene>
<Scene>
<INIT seed="2,0,0,3,5,10" ten="347,210,156,287" oya="2" hai0="85,117,65,60,87,101,114,97,3,11,98,16,34" hai1="68,74,30,80,77,51,82,61,24,111,31,112,47" hai2="48,23,25,5,6,33,55,18,67,84,53,50,21" hai3="66,41,120,88,70,127,20,4,44,12,119,49,115"/><V133/><F133/><W107/><G107/><T132/><D114/><U58/><E112/><V123/><F123/><W40/><G115/><T43/><D34/><U91/><E111/><V95/><F33/><W124/><G120/><T71/><D132/><U104/><E104/><V17/><F67/><W73/><G73/><T125/><D125/><N who="3" m="48201" /><G119/><T81/><D117/><U106/><E106/><V131/><F131/><W9/><G70/><T32/><D32/><U8/><E68/><V128/><F128/><W90/><G66/><T102/><D43/><N who="3" m="16457" /><G20/><T2/><D71/><U100/><E100/><V83/><F95/><W27/><G27/><T110/><D65/><U130/><E130/><V7/><F48/><W1/><G1/><T15/><D110/><U59/><E61/><V13/><REACH who="2" step="1"/><F50/><REACH who="2" ten="347,210,146,287" step="2"/><W75/><G75/><T99/><D102/><U29/><E51/><V14/><F14/><W109/><G109/><T36/><D15/><U52/><E74/><V118/><F118/><W28/><G49/><T22/><D2/><U126/><E126/><V39/><F39/><W94/><G94/><T69/><D3/><U92/><E92/><V63/><F63/><W57/><G44/><T79/><D60/><U76/><E47/><V96/><F96/><W129/><G129/><T19/><D98/><U121/><E121/><V72/><F72/><W89/><G57/><T56/><D97/><U0/><E59/><V113/><F113/><W37/><G37/><T62/><D36/><U116/><E116/><V64/><F64/><W26/><G26/><T134/><D56/><U42/><E58/><RYUUKYOKU ba="0,1" sc="347,-15,210,-15,146,15,287,15" hai2="5,6,7,13,17,18,21,23,25,53,55,83,84" hai3="4,9,12,28,88,89,90" />
</Scene>
<Scene>
<INIT seed="2,1,1,4,0,114" ten="332,195,161,302" oya="2" hai0="8,94,1,125,60,16,121,63,68,105,92,23,51" hai1="47,113,97,107,123,39,32,21,48,70,129,135,18" hai2="43,71,86,25,26,79,128,12,34,61,22,7,132" hai3="53,45,77,73,41,81,74,20,10,24,42,104,84"/><V9/><F132/><W124/><G104/><T100/><D121/><U56/><E113/><V5/><F43/><W65/><G74/><T103/><D125/><U109/><E70/><V31/><F128/><W46/><G124/><T83/><D105/><U4/><E32/><V130/><F130/><W62/><G73/><T99/><D68/><U64/><E129/><V19/><F79/><W30/><G10/><T127/><D127/><U78/><E135/><V57/><F71/><W2/><G2/><T75/><D75/><U67/><E123/><V0/><F86/><W118/><G118/><T89/><D83/><U40/><E109/><V54/><REACH who="2" step="1"/><F5/><REACH who="2" ten="332,195,151,302" step="2"/><W37/><G42/><T29/><D99/><U55/><E4/><V98/><F98/><W91/><G77/><T120/><D120/><U95/><E78/><V126/><F126/><W134/><G134/><T87/><D87/><U59/><E97/><V119/><F119/><W35/><G41/><T115/><D115/><U111/><E40/><V27/><AGARI ba="1,2" hai="0,7,9,12,19,22,25,26,27,31,34,54,57,61" machi="27" ten="30,11700,0" yaku="1,1,0,1,24,2,53,0" doraHai="114" doraHaiUra="36" who="2" fromWho="2" sc="332,-40,195,-40,151,140,302,-40" />
</Scene>
<Scene>
<INIT seed="2,2,0,3,4,8" ten="292,155,291,262" oya="2" hai0="104,12,74,84,110,39,106,5,27,30,75,125,63" hai1="3,64,4,37,103,128,51,66,73,43,120,7,109" hai2="89,2,14,15,54,22,111,133,18,38,50,47,48" hai3="77,102,105,31,118,101,61,35,56,85,80,72,132"/><V59/><F2/><W113/><G118/><T23/><D39/><U112/><E112/><V108/><F38/><W10/><G105/><T83/><D110/><N who="2" m="42026" /><F133/><W34/><G72/><T131/><D125/><U124/><E109/><V135/><F135/><W36/><G36/><T70/><D131/><U121/><E73/><V127/><F127/><W13/><G113/><T134/><D134/><U88/><E124/><V71/><F71/><W26/><G35/><T68/><D75/><U20/><E128/><V107/><F107/><W42/><G42/><T98/><D74/><U19/><E103/><V53/><F89/><W117/><G117/><T65/><D70/><U126/><E37/><V52/><F54/><W97/><G97/><T79/><REACH who="0" step="1"/><D98/><REACH who="0" ten="282,155,291,262" step="2"/><U93/><E126/><V0/><F0/><W86/><G132/><T116/><D116/><U25/><E3/><V28/><F28/><W78/><G31/><T76/><D76/><U99/><E121/><V55/><F55/><W11/><G78/><T17/><D17/><U100/><E120/><V45/><F45/><W9/><G77/><T87/><D87/><U41/><E41/><V115/><F115/><W96/><G86/><T95/><D95/><U60/><E43/><V33/><F33/><W1/><G34/><T94/><D94/><U129/><E129/><V21/><F18/><W32/><G32/><T62/><D62/><U29/><E60/><V57/><F47/><W46/><G46/><T90/><D90/><U6/><E88/><V69/><F69/><W58/><G1/><T24/><D24/><N who="1" m="14367" /><E51/><V44/><F44/><RYUUKYOKU ba="2,1" sc="282,10,155,10,291,10,262,-30" hai0="5,12,23,27,30,63,65,68,79,83,84,104,106" hai1="4,6,7,25,29,64,66,93,99,100" hai2="14,15,21,22,48,50,52,53,57,59" />
</Scene>
<Scene>
<INIT seed="2,3,1,1,2,105" ten="292,165,301,232" oya="2" hai0="9,122,80,94,123,114,103,71,106,81,60,20,19" hai1="102,98,33,108,5,64,29,124,44,87,11,36,104" hai2="74,133,0,65,8,16,135,1,46,121,126,35,24" hai3="15,3,90,47,51,134,59,38,28,41,13,43,70"/><V63/><F121/><W32/><G3/><T25/><D114/><U115/><E115/><V76/><F46/><W56/><G70/><T39/><D39/><U129/><E108/><V52/><F126/><W48/><G38/><T109/><D106/><U34/><E124/><V66/><F35/><W86/><G134/><N who="2" m="51209" /><F52/><W120/><G120/><T30/><D109/><U53/><E129/><V23/><F8/><W72/><G72/><T55/><D71/><U54/><E64/><N who="2" m="24683" /><F63/><W97/><G43/><T84/><D123/><U26/><E34/><V113/><F113/><W130/><G51/><T50/><D60/><U127/><E127/><V131/><F131/><W125/><G130/><T88/><D103/><U83/><E44/><V119/><F119/><W4/><G125/><T82/><D122/><U118/><E118/><V45/><F45/><W77/><G47/><N who="0" m="28127" /><D9/><U132/><E36/><V75/><F76/><W73/><G77/><T27/><D30/><U89/><REACH who="1" step="1"/><E132/><REACH who="1" ten="292,155,301,232" step="2"/><V40/><F40/><W6/><G41/><T42/><D42/><U101/><E101/><V93/><F93/><W58/><G32/><T92/><D94/><U31/><E31/><V68/><F68/><W57/><G28/><T67/><D67/><U91/><E91/><V107/><F107/><W10/><G90/><T69/><D69/><U95/><E95/><V96/><F96/><W78/><G97/><T99/><D99/><U117/><E117/><V79/><F79/><W110/><G78/><T61/><D92/><U62/><E62/><V85/><F85/><W100/><N who="3" m="14848" /><DORA hai="21" /><W128/><G86/><RYUUKYOKU ba="3,2" sc="292,-15,155,15,301,15,232,-15" hai1="5,11,26,29,33,53,54,83,87,89,98,102,104" hai2="0,1,16,23,24,74,75" />
</Scene>
<Scene>
<INIT seed="2,4,2,1,4,36" ten="277,170,316,217" oya="2" hai0="25,126,117,124,125,90,129,68,98,94,127,24,107" hai1="69,57,122,123,18,35,82,32,55,23,43,84,75" hai2="10,3,88,33,76,108,70,87,19,21,109,50,89" hai3="103,27,106,28,20,77,11,134,119,13,56,99,67"/><V81/><F70/><W105/><G77/><T42/><D129/><U59/><E69/><V61/><F33/><W100/><G134/><T66/><N who="0" m="31744" /><DORA hai="80" /><T0/><D0/><U102/><E75/><V133/><F133/><W15/><G119/><T71/><D117/><U26/><E102/><V41/><F61/><N who="3" m="38311" /><G100/><N who="0" m="62871" /><D42/><U115/><E115/><V78/><F76/><W12/><G11/><T101/><D101/><U39/><E39/><V97/><F97/><W116/><G116/><T112/><D112/><U64/><E43/><V40/><F10/><W53/><G53/><T2/><D2/><U38/><E38/><V114/><F3/><W8/><G8/><T91/><D91/><N who="2" m="34890" /><F50/><W48/><G48/><T6/><D6/><U95/><E123/><V22/><F114/><W60/><G60/><N who="0" m="40007" /><D71/><U132/><E122/><V46/><F46/><W29/><G29/><T74/><D74/><U47/><E132/><V52/><F52/><W30/><G30/><T104/><D104/><U128/><E47/><V34/><F34/><W79/><G79/><T63/><D63/><N who="1" m="38015" /><E35/><V110/><F21/><W58/><G58/><T96/><AGARI ba="4,2" hai="24,25,90,94,96" m="40007,62871,31744" machi="96" ten="60,2000,0" yaku="18,1" doraHai="36,80" who="0" fromWho="0" sc="277,52,170,-9,316,-14,217,-9" />
</Scene>
<Scene>
<INIT seed="3,0,0,5,1,36" ten="329,161,302,208" oya="3" hai0="117,42,40,41,9,6,54,118,91,38,43,1,83" hai1="127,130,16,123,44,134,31,81,13,76,89,100,15" hai2="86,35,92,33,55,23,27,132,60,80,45,108,98" hai3="4,97,85,5,105,2,37,94,120,46,110,10,90"/><W93/><G120/><T7/><D7/><U29/><E123/><V84/><F132/><W48/><G37/><T69/><D69/><U88/><E134/><V87/><F80/><W122/><G122/><T109/><D109/><U25/><E130/><V102/><F108/><W3/><G110/><T68/><D68/><U101/><E127/><V73/><F73/><W115/><G115/><T79/><D91/><N who="1" m="34891" /><E44/><V39/><F60/><W77/><G105/><T58/><N who="0" m="10240" /><DORA hai="99" /><T11/><D11/><N who="1" m="6207" /><E15/><V129/><F39/><W65/><G65/><T74/><REACH who="0" step="1"/><D38/><REACH who="0" ten="319,161,302,208" step="2"/><U14/><E76/><V28/><F129/><W113/><G77/><T107/><D107/><U133/><E133/><V21/><F86/><W52/><G113/><T114/><D114/><U56/><E81/><V119/><F87/><W104/><G104/><T22/><D22/><U67/><E100/><V57/><F84/><W70/><G70/><T47/><D47/><U61/><E101/><V20/><F45/><W82/><G97/><T121/><D121/><U75/><E75/><V53/><F35/><W128/><G128/><T30/><D30/><U49/><E31/><V62/><F33/><W78/><G78/><T24/><D24/><U34/><E14/><V51/><F28/><W72/><G72/><T131/><D131/><U17/><E17/><V106/><F106/><W26/><G26/><T96/><D96/><U126/><E126/><V18/><F27/><W50/><G5/><T71/><D71/><U116/><E116/><V103/><F119/><W32/><G32/><T111/><D111/><U0/><E0/><RYUUKYOKU ba="0,1" sc="319,15,161,15,302,-15,208,-15" hai0="1,6,9,54,58,74,79,83,117,118" hai1="25,29,34,49,56,61,67" />
</Scene>
<Scene>
<INIT seed="4,1,1,3,5,14" ten="334,176,287,193" oya="0" hai0="10,46,84,108,82,20,104,125,128,6,40,11,69" hai1="70,100,130,95,86,57,76,38,80,19,5,119,66" hai2="106,96,30,83,51,105,74,4,124,43,42,97,110" hai3="64,58,0,109,67,75,114,93,44,112,55,59,116"/><T68/><D104/><U24/><E119/><V117/><F110/><W12/><G0/><T89/><D128/><U32/><E38/><V28/><F4/><W2/><G2/><T131/><D131/><U26/><E130/><V98/><F117/><W37/><G75/><T123/><D123/><U94/><E70/><V34/><F34/><W77/><G77/><T111/><D125/><U35/><E5/><V16/><F124/><W27/><G116/><T47/><D20/><U13/><E35/><V129/><F129/><W36/><G27/><N who="1" m="10282" /><E32/><V87/><F74/><W7/><G93/><N who="1" m="35338" /><E100/><V120/><F120/><W45/><G12/><N who="0" m="5207" /><D11/><N who="1" m="6591" /><E57/><V135/><F105/><W1/><G1/><T99/><D99/><U50/><E50/><V48/><F106/><W9/><G9/><T73/><D73/><U126/><E126/><V127/><F48/><W88/><G7/><T23/><D23/><U132/><E132/><V71/><F71/><N who="0" m="27210" /><D40/><N who="2" m="15402" /><F135/><W15/><G15/><T133/><D133/><U85/><E85/><V29/><F51/><W49/><G49/><T56/><D56/><U113/><E66/><V31/><F127/><W134/><G134/><T33/><D33/><U17/><E17/><V92/><N who="2" m="7168" /><DORA hai="18" /><V101/><F16/><W65/><G65/><T121/><D121/><U61/><E61/><V122/><F122/><W25/><G67/><T103/><D103/><U52/><E52/><V39/><F39/><W54/><G64/><T79/><D111/><U115/><E86/><V8/><F8/><W102/><G109/><T21/><D108/><U91/><E76/><AGARI ba="1,1" hai="76,83,87,92,96,97,98,101" m="7168,15402" machi="76" ten="40,1300,0" yaku="8,1" doraHai="14,18" who="2" fromWho="1" sc="334,0,176,-16,287,26,193,0" />
</Scene>
<Scene>
<INIT seed="5,0,0,5,2,4" ten="334,160,313,193" oya="1" hai0="84,55,26,8,73,37,127,70,112,102,53,121,36" hai1="95,91,101,62,124,9,25,123,82,38,67,64,57" hai2="76,18,19,119,86,77,60,129,128,27,89,35,56" hai3="107,108,42,16,2,106,69,31,105,117,81,116,41"/><U15/><E123/><V5/><F119/><N who="3" m="45643" /><G108/><T132/><D73/><U34/><E38/><V1/><F35/><W100/><G69/><T120/><D70/><U30/><E124/><V45/><F45/><W28/><G100/><T40/><D102/><U14/><E101/><V48/><F48/><W46/><G2/><T125/><D112/><U51/><E82/><V83/><F5/><W131/><G131/><N who="2" m="50249" /><F1/><W61/><G61/><T32/><D84/><U92/><E64/><N who="2" m="38919" /><F27/><W44/><G81/><T103/><D26/><U97/><E95/><V63/><F63/><W133/><G133/><T17/><D32/><U13/><REACH who="1" step="1"/><E51/><REACH who="1" ten="334,150,313,193" step="2"/><V118/><F118/><W109/><G109/><T135/><D37/><U87/><E87/><V68/><F68/><W94/><G94/><T21/><D36/><U78/><E78/><AGARI ba="0,1" hai="18,19,76,77,78,83,86,89" m="38919,50249" machi="78" ten="30,1000,0" yaku="19,1" doraHai="4" who="2" fromWho="1" sc="334,0,150,-10,313,20,193,0" />
</Scene>
<Scene>
<INIT seed="6,0,0,4,5,19" ten="334,140,333,193" oya="2" hai0="47,84,0,110,76,48,11,64,122,27,30,40,77" hai1="103,2,70,23,106,121,73,63,57,85,53,58,32" hai2="129,52,4,127,69,125,98,18,114,50,29,8,25" hai3="92,74,75,15,7,3,46,87,20,67,79,124,99"/><V120/><F120/><W108/><G108/><T54/><D110/><U71/><E32/><V34/><F69/><W14/><G3/><T39/><D122/><U42/><E73/><V117/><F117/><W1/><G1/><T12/><D0/><U83/><E121/><V112/><F98/><W101/><G124/><N who="2" m="47689" /><F18/><W132/><G132/><T131/><D64/><U51/><E2/><N who="2" m="23" /><F129/><W45/><G99/><T89/><D131/><U43/><E106/><V95/><F95/><W93/><G92/><N who="0" m="54311" /><D40/><U109/><E109/><V22/><F34/><W90/><G7/><N who="0" m="3199" /><D39/><U107/><E107/><V10/><F10/><W111/><G93/><T80/><D80/><U35/><E35/><V133/><F133/><W100/><G111/><T9/><D9/><U128/><E128/><V28/><F28/><W65/><G101/><T119/><D119/><U135/><E135/><V91/><F91/><W49/><G90/><T55/><D55/><N who="1" m="34271" /><E103/><V62/><F62/><W16/><G100/><T104/><D104/><U118/><E118/><V96/><F96/><W13/><G67/><T105/><D105/><U56/><E71/><V116/><F116/><W115/><G65/><T60/><D60/><U123/><E70/><V37/><F37/><W59/><G79/><T82/><D82/><U94/><E123/><V17/><F29/><W36/><G36/><T68/><D68/><U66/><E94/><V113/><F113/><W21/><G115/><T26/><D30/><U41/><E66/><V97/><F97/><W6/><G6/><T33/><D33/><U38/><E38/><V31/><F31/><RYUUKYOKU ba="0,0" sc="334,15,140,-15,333,15,193,-15" hai0="26,27,47,48,54,76,77" hai2="17,22,25,50,52,112,114" />
</Scene>
<Scene>
<INIT seed="6,1,0,2,5,131" ten="349,125,348,178" oya="2" hai0="33,71,36,72,122,79,29,121,98,93,107,129,4" hai1="20,112,97,124,128,94,115,70,119,109,89,40,42" hai2="50,27,88,48,80,7,87,1,117,17,90,43,76" hai3="111,54,15,66,127,81,113,11,91,103,41,75,58"/><V62/><F117/><W61/><G111/><T52/><D71/><U30/><E109/><V108/><F108/><W95/><G127/><T118/><D36/><U67/><E119/><V120/><F120/><W32/><G32/><T55/><D4/><U24/><E128/><V101/><F101/><W0/><G0/><T45/><D107/><U53/><E124/><V56/><F7/><W25/><G113/><T73/><D118/><U85/><E115/><V106/><F106/><W126/><G126/><T35/><D129/><U18/><E112/><V47/><F48/><W96/><G41/><T26/><D35/><U78/><E70/><V83/><F1/><W68/><G25/><T28/><D29/><U116/><E116/><V110/><F80/><W19/><G75/><T92/><D92/><U31/><E67/><N who="2" m="39367" /><F110/><W64/><G68/><T114/><D114/><U21/><E53/><V57/><F57/><W105/><G81/><N who="0" m="45287" /><D73/><U123/><E123/><V100/><F100/><W2/><G2/><T65/><D65/><U14/><E78/><V8/><F27/><W84/><AGARI ba="1,0" hai="11,15,19,54,58,61,64,66,84,91,95,96,103,105" machi="84" ten="20,1500,0" yaku="0,1,7,1" doraHai="131" who="3" fromWho="3" sc="349,-5,125,-5,348,-8,178,18" />
</Scene>
<Scene>
<INIT seed="7,0,0,2,3,106" ten="344,120,340,196" oya="3" hai0="93,59,120,90,37,94,40,45,71,8,117,62,88" hai1="41,38,50,44,80,39,31,116,96,114,115,73,105" hai2="23,49,84,108,129,133,54,61,118,109,47,13,53" hai3="135,74,0,46,110,10,19,9,89,48,22,72,28"/><W91/><G28/><T113/><D117/><U104/><E116/><V65/><F118/><W12/><G135/><T69/><D120/><U131/><E131/><V2/><F2/><W100/><G100/><T56/><D8/><U5/><E31/><V6/><F129/><W83/><G110/><T57/><D113/><U17/><E17/><V30/><F133/><W55/><G89/><T42/><D42/><U36/><E5/><V68/><F54/><W134/><G134/><T24/><D24/><U127/><E127/><V77/><F30/><W1/><G22/><T35/><D35/><U58/><E58/><V16/><F6/><N who="3" m="1223" /><G1/><T82/><D82/><U63/><E63/><V27/><F27/><W21/><G21/><T20/><D20/><U75/><E80/><V81/><AGARI ba="0,0" hai="13,16,23,47,49,53,61,65,68,77,81,84,108,109" machi="81" ten="30,2000,0" yaku="0,1,54,1" doraHai="106" who="2" fromWho="2" sc="344,-5,120,-5,340,20,196,-10" owari="339,14.0,115,-38.0,360,45.0,186,-21.0" />
</Scene>
</mjloggm>