<mjloggm ver="2.3"><GO type="169" lobby="0"/><UN n0="%E6%9C%88%E5%8D%83%E4%B8%80%E5%A4%9C" n1="%E6%B4%BE%E9%81%A3%E3%81%AE%E3%82%B8%E3%83%A3%E3%83%83%E3%82%AF" n2="%E6%9C%80%E9%80%9F%E3%82%AF%E3%83%B3%E2%99%AA" n3="%E5%A4%AA%E3%81%8F%E3%81%AA%E3%81%84%E3%81%8A" dan="16,16,18,17" rate="2074.04,2023.77,2102.04,2182.77" sx="F,M,F,M"/><TAIKYOKU oya="0"/>

<Scene>
<INIT seed="0,0,0,3,5,61" ten="250,250,250,250" oya="0" hai0="98,106,135,128,32,13,44,125,14,100,102,97,134" hai1="6,50,19,65,99,82,130,123,29,95,11,21,23" hai2="115,78,113,63,55,17,18,111,35,67,132,90,105" hai3="26,76,127,25,120,36,33,109,133,107,103,54,119"/><T68/><D32/><U45/><E123/><V70/><F78/><W22/><G119/><T73/><D73/><U117/><E117/><V16/><F111/><W46/><G109/><T12/><D125/><U1/><E130/><V59/><F132/><N who="0" m="50730" /><D128/><U34/><E34/><V56/><F35/><W27/><G133/><T7/><D68/><U131/><E131/><V39/><F105/><W3/><G3/><T57/><D44/><U89/><E82/><V38/><F90/><W124/><G33/><T116/><D116/><U71/><E29/><V101/><F101/><W75/><G120/><T15/><D57/><U43/><REACH who="1" step="1"/><E19/><REACH who="1" ten="250,240,250,250" step="2"/><V47/><F113/><W126/><G126/><T121/><D121/><U5/><E5/><V88/><F115/><W94/><G127/><T118/><D118/><U110/><E110/><V62/><F18/><W91/><G124/><T93/><N who="0" m="3072" /><DORA hai="108" /><T2/><D7/><U77/><E77/><V37/><F17/><W112/><G76/><T58/><D2/><U4/><E4/><V53/><F16/><W114/><G114/><T84/><D58/><U87/><E87/><AGARI ba="0,1" hai="84,87,93,97,98,100,102,106" m="3072,50730" machi="87" ten="50,2400,0" yaku="20,1" doraHai="61,108" who="0" fromWho="1" sc="250,34,240,-24,250,0,250,0" />
</Scene>
<Scene>
<INIT seed="0,1,0,3,0,67" ten="284,216,250,250" oya="0" hai0="109,46,56,64,8,68,20,99,70,25,126,81,90" hai1="6,52,62,31,34,36,15,9,123,89,129,97,11" hai2="95,117,14,113,82,58,17,116,7,30,61,125,111" hai3="93,51,74,72,83,28,44,102,98,54,66,24,80"/><T38/><D126/><U91/><E36/><V63/><F113/><W75/><REACH who="3" step="1"/><G66/><REACH who="3" ten="284,216,250,240" step="2"/><T55/><D64/><U16/><E34/><AGARI ba="1,1" hai="24,28,34,44,51,54,72,74,75,80,83,93,98,102" machi="34" ten="40,5200,0" yaku="21,2,2,1,53,0" doraHai="67" doraHaiUra="131" who="3" fromWho="1" sc="284,0,216,-55,250,0,240,65" />
</Scene>
<Scene>
<INIT seed="1,0,0,0,0,47" ten="284,161,250,305" oya="1" hai0="76,99,134,101,97,3,11,128,39,36,31,51,37" hai1="4,124,77,30,75,69,40,44,123,135,72,113,132" hai2="10,52,110,1,41,80,133,87,127,120,59,114,126" hai3="55,82,43,79,53,57,46,96,91,63,49,93,107"/><U25/><E123/><V7/><F120/><W66/><REACH who="3" step="1"/><G107/><REACH who="3" ten="284,161,250,295" step="2"/><T106/><D106/><U14/><E113/><V19/><F114/><W34/><G34/><T90/><D128/><U122/><E122/><V15/><F110/><W103/><G103/><T33/><D33/><U100/><E100/><V29/><F133/><W12/><G12/><T119/><D101/><U111/><E111/><V104/><F104/><W85/><AGARI ba="0,1" hai="43,46,49,53,55,57,63,66,79,82,85,91,93,96" machi="85" ten="20,12000,2" yaku="21,2,0,1,7,1,8,1,52,1,53,1" doraHai="47" doraHaiUra="54" who="3" fromWho="3" sc="284,-30,161,-60,250,-30,295,130" />
</Scene>
<Scene>
<INIT seed="2,0,0,3,0,92" ten="254,101,220,425" oya="2" hai0="35,112,20,53,7,103,25,120,128,18,83,134,116" hai1="43,66,30,72,79,31,121,10,135,77,91,78,33" hai2="49,85,117,23,69,80,42,67,55,32,86,46,96" hai3="13,115,60,8,109,68,58,95,16,127,93,99,100"/><V28/><F117/><W51/><G109/><T75/><D120/><U45/><E121/><V24/><F32/><W29/><G127/><T125/><D112/><U62/><E135/><V36/><F80/><W81/><G115/><T14/><D53/><U65/><E72/><V0/><F0/><W59/><G29/><T44/><D44/><U9/><E91/><V84/><F96/><N who="3" m="59407" /><G68/><T88/><D103/><U118/><E118/><V52/><REACH who="2" step="1"/><F36/><REACH who="2" ten="254,101,210,425" step="2"/><W39/><G39/><T87/><D35/><U2/><E2/><V15/><F15/><W38/><G38/><T41/><D116/><U34/><E34/><V64/><F64/><N who="3" m="38935" /><G81/><T105/><D83/><U61/><E33/><V131/><F131/><W22/><G99/><T47/><D128/><U21/><E65/><V11/><F11/><W94/><G8/><T40/><D14/><U104/><E66/><V17/><F17/><W98/><G98/><T113/><D18/><U19/><E10/><V108/><F108/><W107/><G107/><T73/><D105/><U63/><E104/><V106/><F106/><W48/><G95/><T111/><D111/><U132/><E9/><V12/><F12/><W90/><G94/><T26/><D113/><U37/><REACH who="1" step="1"/><E132/><REACH who="1" ten="254,91,210,425" step="2"/><V74/><F74/><W6/><G90/><T5/><D88/><U101/><E101/><V122/><F122/><W124/><G22/><T119/><D20/><U4/><E4/><V70/><F70/><W1/><G6/><T50/><D5/><U110/><E110/><V133/><F133/><W89/><G89/><T3/><D7/><U54/><E54/><RYUUKYOKU ba="0,2" sc="254,-15,91,15,210,15,425,-15" hai1="19,21,30,31,37,43,45,61,62,63,77,78,79" hai2="23,24,28,42,46,49,52,55,67,69,84,85,86" />
</Scene>
<Scene>
<INIT seed="2,1,2,0,2,75" ten="239,106,225,410" oya="2" hai0="31,5,95,113,104,39,50,78,59,13,134,32,57" hai1="4,101,63,45,109,96,99,126,29,85,67,17,24" hai2="66,119,18,77,102,7,115,107,20,3,79,100,132" hai3="106,43,56,74,120,33,97,52,35,58,30,72,27"/><V46/><F115/><W14/><G120/><T87/><D104/><U65/><E126/><V91/><F119/><W10/><G43/><T123/><D39/><U112/><E112/><V86/><F132/><W127/><G127/><T62/><D123/><U19/><E109/><V2/><F107/><W68/><G68/><T60/><D113/><U69/><E4/><V1/><F7/><W53/><G35/><T128/><D128/><U130/><E130/><V121/><F121/><W111/><G111/><T124/><D32/><U105/><E67/><V37/><F66/><W22/><G33/><T12/><D31/><U42/><E85/><V40/><F102/><W41/><G41/><T122/><D134/><U51/><REACH who="1" step="1"/><E99/><REACH who="1" ten="239,96,225,410" step="2"/><V93/><REACH who="2" step="1"/><F100/><REACH who="2" ten="239,96,215,410" step="2"/><W6/><G6/><T47/><D5/><U0/><E0/><V64/><F64/><W94/><G106/><T70/><D122/><U118/><E118/><V76/><F76/><W108/><G108/><T131/><D78/><U129/><E129/><V44/><F44/><W80/><G56/><T81/><D47/><U55/><E55/><V117/><F117/><W54/><G58/><T23/><D57/><U103/><E103/><V90/><F90/><W73/><G52/><T49/><D59/><U98/><E98/><V88/><F88/><W71/><G53/><T26/><D131/><U48/><E48/><V25/><AGARI ba="1,4" hai="1,2,3,18,20,25,37,40,46,77,79,86,91,93" machi="25" ten="30,18000,2" yaku="1,1,0,1,52,2,53,3" doraHai="75" doraHaiUra="34" who="2" fromWho="2" sc="239,-61,96,-61,215,223,410,-61" />
</Scene>
<Scene>
<INIT seed="2,2,0,2,0,126" ten="178,35,438,349" oya="2" hai0="30,106,86,15,92,130,59,7,76,79,35,75,131" hai1="8,14,91,94,68,90,103,116,37,56,18,80,110" hai2="36,10,83,58,45,88,39,13,97,64,53,12,32" hai3="108,99,21,61,54,112,23,74,19,120,122,17,101"/><V128/><F32/><W71/><G74/><T89/><D106/><U114/><E68/><V117/><F117/><W119/><G119/><T26/><D75/><U115/><E116/><V72/><F64/><W124/><G124/><T109/><D109/><U133/><E110/><V22/><F45/><W29/><G108/><T132/><D132/><U67/><E133/><V98/><F72/><W48/><G112/><T82/><D59/><U0/><E37/><V102/><F102/><W104/><G71/><T33/><D35/><U134/><E134/><V1/><F1/><W31/><G61/><T81/><D82/><U85/><E103/><V93/><F83/><W2/><G2/><T100/><D100/><U9/><E0/><V135/><F98/><W105/><G101/><T25/><D26/><U11/><E114/><V27/><F135/><W50/><G54/><T34/><D34/><U107/><E107/><V95/><F95/><W51/><G51/><T113/><D113/><U24/><E24/><V6/><F13/><W121/><G121/><T28/><D28/><U62/><REACH who="1" step="1"/><E115/><REACH who="1" ten="178,25,438,349" step="2"/><V96/><F36/><W47/><G105/><T44/><D25/><U123/><E123/><V66/><F39/><W84/><G104/><T16/><D33/><U118/><E118/><V111/><F111/><W77/><G122/><T55/><D30/><U87/><AGARI ba="2,1" hai="8,9,11,14,18,56,62,67,80,85,87,90,91,94" machi="87" ten="20,8000,1" yaku="1,1,0,1,7,1,8,1,53,1" doraHai="126" doraHaiUra="78" who="1" fromWho="1" sc="178,-22,25,96,438,-42,349,-22" />
</Scene>
<Scene>
<INIT seed="3,0,0,4,1,90" ten="156,121,396,327" oya="3" hai0="46,34,52,53,38,71,67,11,124,26,17,117,89" hai1="126,75,107,63,51,16,3,123,40,57,133,99,129" hai2="125,111,15,113,128,54,36,62,121,81,18,80,68" hai3="23,37,77,98,93,115,69,120,84,102,82,70,87"/><W97/><G120/><T32/><D117/><U79/><E123/><V135/><F121/><W45/><G115/><T13/><D124/><U14/><E126/><V4/><F125/><W100/><G23/><T103/><D103/><U95/><E107/><V108/><F113/><W27/><G27/><T106/><D106/><U88/><E129/><V109/><F128/><W127/><G127/><T94/><D71/><U78/><E75/><V12/><F36/><W9/><G9/><T76/><D67/><N who="1" m="39407" /><E133/><V134/><F4/><W5/><G5/><T48/><D76/><U44/><E3/><V55/><F68/><W31/><G31/><T56/><D26/><U96/><E96/><V66/><F66/><W59/><G59/><T33/><D38/><U19/><E19/><V85/><F18/><W25/><G25/><T42/><REACH who="0" step="1"/><D56/><REACH who="0" ten="146,121,396,327" step="2"/><U47/><E47/><V21/><F111/><W8/><G37/><T101/><D101/><U112/><E112/><V43/><F109/><W50/><G70/><T6/><D6/><U60/><E60/><V1/><F62/><W105/><G69/><T130/><D130/><U119/><E119/><V49/><F108/><W2/><G45/><T73/><D73/><U131/><E131/><V110/><F110/><W61/><G61/><T7/><D7/><U22/><AGARI ba="0,1" hai="14,16,22,40,44,51,78,79,88,95,99" m="39407" machi="22" ten="30,7900,0" yaku="8,1,52,1,54,2" doraHai="90" who="1" fromWho="1" sc="146,-20,121,89,396,-20,327,-39" />
</Scene>
<Scene>
<INIT seed="4,0,0,4,2,62" ten="126,210,376,288" oya="0" hai0="128,82,104,107,7,112,95,43,6,12,47,5,68" hai1="44,75,17,22,119,124,109,80,40,100,126,103,55" hai2="45,96,110,31,132,83,56,71,70,101,60,34,76" hai3="57,9,14,35,116,88,0,59,127,63,26,25,52"/><T3/><D112/><U77/><E109/><V94/><F110/><W10/><G116/><T37/><D3/><U129/><E129/><V117/><F117/><W61/><G127/><T123/><D123/><U24/><E119/><V29/><F132/><W48/><G35/><T131/><D82/><U33/><E33/><V74/><F45/><W105/><G105/><T121/><D121/><U97/><E55/><V79/><F79/><W93/><G0/><T11/><D68/><U120/><E120/><V15/><F15/><W30/><G48/><T114/><D114/><U85/><E75/><V99/><F99/><N who="3" m="57767" /><G30/><T87/><D104/><U108/><E108/><V78/><F78/><W106/><G106/><T42/><D107/><U111/><E111/><V115/><F115/><W21/><G21/><T122/><D122/><U73/><E73/><V92/><F31/><W39/><G39/><T50/><D42/><U19/><E19/><V91/><F29/><W98/><G98/><T65/><D37/><N who="1" m="21519" /><E97/><V102/><F34/><W28/><G28/><T41/><D41/><U89/><E77/><V8/><F76/><W72/><G72/><T13/><D128/><U81/><E81/><V113/><F83/><W18/><G9/><N who="0" m="4143" /><D131/><U46/><E46/><V69/><F113/><W66/><AGARI ba="0,0" hai="10,14,18,25,26,52,57,59,61,63,66" m="57767" machi="66" ten="30,7900,0" yaku="8,1,52,1,54,2" doraHai="62" who="3" fromWho="3" sc="126,-39,210,-20,376,-20,288,79" />
</Scene>
<Scene>
<INIT seed="5,0,0,2,1,132" ten="87,190,356,367" oya="1" hai0="117,2,10,83,96,60,89,121,22,9,26,101,93" hai1="134,69,72,18,14,61,25,11,129,88,84,82,115" hai2="48,133,16,76,52,30,39,74,95,59,58,77,66" hai3="102,44,105,123,118,55,97,104,86,128,63,91,7"/><U5/><E115/><V131/><F39/><W122/><G128/><T43/><D117/><U4/><E134/><V53/><F133/><W19/><G118/><T37/><D121/><U35/><E129/><V47/><F131/><W21/><G105/><T65/><D2/><U12/><E72/><V71/><F74/><W110/><G110/><T41/><D37/><U49/><E49/><N who="2" m="28735" /><F71/><W120/><G7/><T23/><D43/><U34/><E25/><V28/><F95/><W113/><G113/><T135/><D41/><U17/><E61/><N who="2" m="38199" /><F16/><W116/><G116/><T27/><D135/><U85/><E69/><V6/><F6/><W8/><G122/><T56/><D23/><N who="1" m="11687" /><E35/><V62/><F62/><W103/><G63/><T130/><D130/><U107/><E107/><V92/><F92/><W119/><G119/><T64/><D65/><U1/><E1/><V20/><F20/><W24/><G120/><T80/><D26/><U70/><E70/><V73/><F73/><W38/><G123/><T29/><D80/><N who="1" m="49159" /><E34/><V68/><F68/><W32/><G32/><T98/><REACH who="0" step="1"/><D83/><REACH who="0" ten="77,190,356,367" step="2"/><U108/><E108/><V67/><F67/><W0/><G38/><T51/><D51/><U106/><E106/><AGARI ba="0,1" hai="9,10,22,27,29,56,60,64,89,93,96,98,101,106" machi="106" ten="30,2000,0" yaku="1,1,7,1,53,0" doraHai="132" doraHaiUra="81" who="0" fromWho="1" sc="77,30,190,-20,356,0,367,0" />
</Scene>
<Scene>
<INIT seed="6,0,0,0,1,70" ten="107,170,356,367" oya="2" hai0="132,57,97,112,65,40,115,124,73,80,69,88,45" hai1="85,43,36,20,47,37,62,58,59,131,78,99,32" hai2="4,107,74,93,96,104,101,127,128,84,86,21,113" hai3="41,24,105,0,76,129,87,103,134,19,26,53,125"/><V114/><F4/><W94/><G0/><T135/><D73/><U108/><E32/><V22/><F22/><W31/><G41/><T90/><D69/><U100/><E108/><V23/><F23/><W64/><G64/><T5/><D5/><U61/><E131/><V46/><F128/><W71/><G71/><T27/><D124/><U63/><E20/><V42/><F74/><W7/><G7/><T77/><D27/><U10/><E10/><V102/><F21/><W29/><G129/><T83/><D65/><U95/><E78/><V50/><F127/><W30/><G125/><T38/><D57/><U66/><E85/><N who="2" m="32875" /><F101/><W17/><G105/><T118/><D118/><U126/><E126/><V79/><F79/><W119/><G119/><T48/><D77/><U3/><E3/><V67/><F67/><W1/><G1/><T16/><D48/><U6/><E6/><V18/><F18/><N who="3" m="6667" /><G134/><N who="0" m="51243" /><D16/><U51/><E63/><V72/><F72/><W68/><G68/><T35/><D35/><U9/><E9/><V8/><F8/><W75/><G75/><T15/><D15/><U120/><E120/><V34/><F34/><W89/><G76/><T25/><D25/><U55/><AGARI ba="0,0" hai="36,37,43,47,51,55,58,59,61,62,66,95,99,100" machi="55" ten="20,5200,0" yaku="0,1,7,1,52,2" doraHai="70" who="1" fromWho="1" sc="107,-13,170,52,356,-26,367,-13" />
</Scene>
<Scene>
<INIT seed="7,0,0,1,3,109" ten="94,222,330,354" oya="3" hai0="127,63,118,22,67,65,13,84,120,77,100,29,99" hai1="23,135,79,31,21,124,74,122,27,47,86,32,37" hai2="112,24,7,38,87,53,43,105,130,90,8,66,108" hai3="61,15,64,76,85,0,3,102,19,62,39,48,128"/><W35/><G39/><T78/><D118/><U2/><E122/><V18/><F108/><W91/><G35/><T92/><D120/><U104/><E124/><V46/><F105/><W123/><G123/><T133/><D127/><U119/><E119/><V115/><F130/><W126/><G126/><T56/><D133/><U129/><E129/><V83/><F66/><W20/><G128/><T116/><D116/><U58/><E135/><V75/><F75/><W98/><G76/><T73/><D73/><U134/><E134/><V59/><F18/><W50/><G0/><T40/><D40/><U71/><E71/><V16/><F16/><W28/><G3/><T88/><D65/><U101/><E2/><V125/><F24/><W9/><G28/><T26/><REACH who="0" step="1"/><D13/><REACH who="0" ten="84,222,330,354" step="2"/><U107/><E74/><V34/><F125/><W57/><G9/><T45/><D45/><U36/><E47/><V69/><F69/><W68/><G68/><T70/><D70/><U52/><E58/><V121/><F121/><W17/><G62/><T95/><AGARI ba="0,1" hai="22,26,29,56,63,67,77,78,84,88,92,95,99,100" machi="95" ten="20,16000,3" yaku="1,1,0,1,7,1,25,2,8,1,54,1,53,1" doraHai="109" doraHaiUra="93" who="0" fromWho="0" sc="84,170,222,-40,330,-40,354,-80" />
</Scene>
<Scene>
<INIT seed="8,0,0,5,4,133" ten="254,182,290,274" oya="0" hai0="129,43,117,84,30,45,115,107,60,109,34,63,93" hai1="37,130,26,102,62,27,66,8,100,29,82,32,61" hai2="18,105,20,71,47,76,68,24,114,10,12,118,9" hai3="110,58,42,11,106,126,39,6,53,122,44,25,81"/><T77/><D115/><U67/><E37/><V17/><F114/><W0/><G110/><T92/><D117/><U65/><E130/><V54/><F105/><W79/><G122/><T38/><D107/><U91/><E8/><V116/><F76/><W119/><G119/><N who="2" m="45609" /><F10/><W40/><G40/><T97/><D129/><U69/><E27/><V57/><F47/><W112/><G112/><T104/><D109/><U134/><E134/><V28/><F18/><W78/><G106/><T88/><D104/><U125/><E125/><V56/><F56/><W70/><G70/><T4/><D4/><U35/><E35/><V59/><F57/><W95/><G25/><T75/><D30/><U48/><E48/><AGARI ba="0,0" hai="9,12,17,20,24,28,48,54,59,68,71" m="45609" machi="48" ten="30,2000,0" yaku="16,1,12,1" doraHai="133" who="2" fromWho="1" sc="254,0,182,-20,290,20,274,0" owari="254,-15.0,162,-34.0,310,42.0,274,7.0" />
</Scene>
</mjloggm>