<mjloggm ver="2.3"><GO type="193"/><UN n0="%E3%83%8B%E3%82%BB%E3%82%A2%E3%83%A0%E3%83%AD" n1="%E5%A4%AA%E3%81%8F%E3%81%AA%E3%81%84%E3%81%8A" n2="%41%53%49%4E%41%4F" n3="%E3%82%AE%E3%83%A3%E3%83%A9%E3%83%AA%E3%83%BC%E7%95%8C" dan="12,11,9,10" rate="1749,1807,1730,1635" sx="M,M,F,M"/><TAIKYOKU oya="0"/>

<Scene>
<INIT seed="0,0,0,4,3,128" ten="250,250,250,250" oya="0" hai0="62,96,106,72,6,60,16,9,7,101,21,28,129" hai1="126,114,122,35,88,79,105,26,36,56,67,92,71" hai2="83,54,40,32,24,116,46,77,109,14,52,121,118" hai3="99,75,19,43,103,34,0,131,87,12,132,68,76"/><T125/><D72/><U8/><E122/><V69/><F121/><W64/><G34/><T133/><D129/><U37/><E105/><V81/><F69/><W23/><G75/><T15/><D125/><U47/><E79/><V41/><F109/><W53/><G0/><T123/><D123/><U102/><E71/><V38/><F14/><W73/><G73/><T93/><D6/><U30/><E126/><V4/><F4/><W100/><G43/><T27/><D106/><U31/><E31/><N who="2" m="19559" /><F41/><W90/><G76/><T110/><D110/><U82/><E114/><V55/><F77/><W58/><G68/><T25/><REACH who="0" step="1"/><D133/><REACH who="0" ten="240,250,250,250" step="2"/><U1/><E1/><V29/><F29/><W84/><G132/><T134/><D134/><U97/><E30/><V50/><F118/><W57/><G131/><T124/><D124/><U135/><E135/><V111/><F111/><W13/><G103/><T120/><D120/><U44/><E102/><V89/><F116/><W59/><G100/><T2/><D2/><U70/><E70/><V10/><F38/><W115/><G115/><T112/><D112/><U11/><E37/><V39/><F39/><W22/><G64/><T20/><AGARI ba="0,1" hai="7,9,15,16,20,21,25,27,28,60,62,93,96,101" machi="20" ten="20,12000,1" yaku="1,1,0,1,7,1,8,1,54,1,53,0" doraHai="128" doraHaiUra="78" who="0" fromWho="0" sc="240,130,250,-40,250,-40,250,-40" />
</Scene>
<Scene>
<INIT seed="0,1,0,0,3,60" ten="370,210,210,210" oya="0" hai0="69,41,30,104,70,49,43,35,27,95,42,133,4" hai1="75,13,55,113,17,109,99,11,72,132,87,127,131" hai2="89,128,68,31,85,16,108,45,2,48,23,102,125" hai3="94,1,50,19,135,57,5,18,62,134,103,24,129"/><T63/><D104/><U88/><E109/><V71/><F108/><W116/><G116/><T126/><D4/><U82/><E132/><V80/><F2/><W46/><G129/><T101/><D133/><N who="3" m="50697" /><G5/><T111/><D126/><U51/><E131/><V110/><F125/><W130/><G1/><T124/><D124/><U84/><E127/><V36/><F128/><W28/><G130/><T7/><D111/><U12/><E113/><V37/><F102/><W9/><G103/><T106/><D7/><U10/><E99/><V76/><F31/><W59/><G94/><T78/><D78/><U117/><E84/><V40/><F110/><W0/><G0/><T90/><D101/><U97/><E97/><V73/><F37/><W34/><G57/><T83/><D83/><U115/><E115/><V114/><F36/><W3/><G3/><T65/><D106/><U8/><E117/><V105/><F105/><W58/><G9/><T44/><REACH who="0" step="1"/><D70/><REACH who="0" ten="360,210,210,210" step="2"/><U91/><E91/><V6/><F6/><W92/><G92/><T118/><D118/><U22/><REACH who="1" step="1"/><E13/><REACH who="1" ten="360,200,210,210" step="2"/><V32/><F114/><W107/><G107/><T52/><D52/><U61/><E61/><V93/><F76/><W119/><G119/><T15/><D15/><U81/><E81/><V74/><F89/><W86/><G86/><AGARI ba="1,2" hai="27,30,35,41,42,43,44,49,63,65,69,86,90,95" machi="86" ten="30,11600,0" yaku="1,1,7,1,52,1,53,1" doraHai="60" doraHaiUra="67" who="0" fromWho="3" sc="360,139,200,0,210,0,210,-119" />
</Scene>
<Scene>
<INIT seed="0,2,0,2,2,92" ten="499,200,210,91" oya="0" hai0="113,87,122,25,43,133,8,107,6,22,119,47,128" hai1="0,78,28,127,16,114,31,101,98,91,1,45,50" hai2="116,30,117,9,131,15,29,34,70,53,130,110,115" hai3="124,96,60,109,99,77,75,61,23,21,62,18,58"/><T52/><D122/><U79/><E127/><V89/><F115/><W37/><G37/><T84/><D107/><U20/><E114/><V42/><F42/><W111/><G124/><T108/><D113/><U106/><E1/><V126/><F70/><W67/><G77/><T57/><D119/><N who="2" m="45642" /><F126/><W95/><G75/><T55/><D133/><U17/><E0/><V93/><F53/><W46/><G46/><T59/><D128/><N who="2" m="49194" /><F34/><W80/><G80/><T19/><D108/><N who="3" m="41545" /><G95/><T41/><D55/><U48/><E91/><V73/><F73/><W74/><G74/><T51/><D59/><U81/><E17/><N who="2" m="8431" /><F110/><W135/><G135/><T112/><D43/><U134/><E134/><V76/><F76/><W2/><G2/><T36/><REACH who="0" step="1"/><D112/><REACH who="0" ten="489,200,210,91" step="2"/><U3/><E106/><V118/><F118/><W54/><G67/><T90/><D90/><U68/><E3/><AGARI ba="2,1" hai="3,6,8,19,22,25,36,41,47,51,52,57,84,87" machi="3" ten="30,5800,0" yaku="1,1,7,1,54,1,53,0" doraHai="92" doraHaiUra="26" who="0" fromWho="1" sc="489,74,200,-64,210,0,91,0" />
</Scene>
<Scene>
<INIT seed="0,3,0,0,3,7" ten="563,136,210,91" oya="0" hai0="82,78,24,22,68,108,31,129,88,61,132,98,86" hai1="96,100,112,124,85,52,79,89,6,39,126,114,8" hai2="123,106,130,120,87,122,95,18,80,49,91,73,50" hai3="51,37,118,135,42,15,4,17,3,115,14,105,34"/><T62/><D132/><U133/><E39/><V128/><F106/><W26/><G105/><T58/><D129/><N who="2" m="49770" /><F18/><W66/><G37/><T64/><D108/><U77/><E133/><V76/><AGARI ba="3,0" hai="49,50,73,76,80,87,91,95,120,122,123" m="49770" machi="76" ten="40,1500,0" yaku="19,1" doraHai="7" who="2" fromWho="2" sc="563,-10,136,-7,210,24,91,-7" />
</Scene>
<Scene>
<INIT seed="1,0,0,0,1,65" ten="553,129,234,84" oya="1" hai0="43,33,91,6,125,22,42,0,105,83,84,31,5" hai1="20,122,2,79,100,9,101,36,47,107,73,113,30" hai2="53,68,85,28,118,109,56,18,108,55,17,89,61" hai3="96,57,131,102,80,63,62,60,99,119,132,116,75"/><U74/><E20/><V97/><F118/><W7/><G7/><T127/><D105/><U93/><E93/><V3/><F3/><W112/><G112/><T129/><D33/><U134/><E100/><V110/><F97/><W104/><G132/><T77/><D0/><U15/><E15/><V123/><F123/><W49/><G131/><T103/><D103/><U87/><E87/><V23/><F68/><W50/><G80/><T25/><D129/><U64/><E64/><V27/><REACH who="2" step="1"/><F55/><REACH who="2" ten="553,129,224,84" step="2"/><W130/><G130/><T58/><D127/><U45/><E122/><V48/><F48/><W95/><G75/><T98/><D125/><U135/><E74/><V29/><F29/><W21/><G99/><T16/><D31/><U126/><E30/><V32/><F32/><W115/><G104/><T19/><D98/><N who="1" m="61879" /><E126/><V39/><F39/><W52/><G115/><T70/><D70/><U40/><E113/><V120/><F120/><W35/><G35/><T14/><D43/><U82/><E47/><V13/><F13/><W121/><G121/><T124/><D42/><U54/><E54/><V128/><F128/><W114/><G114/><T37/><D124/><U12/><E12/><V69/><F69/><W41/><G41/><T76/><D37/><U38/><E38/><V26/><F26/><W86/><G50/><T59/><D6/><AGARI ba="0,1" hai="2,6,9,36,40,45,73,79,82,134,135" m="61879" machi="6" ten="30,2900,0" yaku="25,1,23,1" doraHai="65" who="1" fromWho="0" sc="553,-29,129,39,224,0,84,0" />
</Scene>
<Scene>
<INIT seed="1,1,0,0,3,81" ten="524,168,224,84" oya="1" hai0="102,99,6,7,73,23,53,65,36,89,78,29,49" hai1="97,37,71,72,101,66,33,135,20,92,15,123,64" hai2="21,4,75,42,132,9,32,13,118,95,129,117,1" hai3="18,134,31,110,84,62,108,120,0,77,67,133,14"/><U3/><E123/><V44/><F75/><W30/><G0/><T107/><D36/><U105/><E3/><V45/><F32/><W27/><G120/><T90/><D65/><U87/><E37/><V80/><F80/><W46/><G46/><T11/><D78/><U128/><E33/><V38/><F44/><W41/><G41/><T5/><D73/><U82/><E71/><V85/><F132/><N who="3" m="50795" /><G62/><T122/><D122/><U25/><E135/><V17/><REACH who="2" step="1"/><F129/><REACH who="2" ten="524,168,214,84" step="2"/><W127/><G67/><T116/><D116/><U106/><E128/><V113/><F113/><W59/><G59/><T43/><D43/><U12/><E66/><V98/><F98/><W104/><G127/><T57/><REACH who="0" step="1"/><D11/><REACH who="0" ten="514,168,214,84" step="2"/><U26/><E64/><V35/><F35/><W94/><G104/><T8/><D8/><U125/><E105/><V76/><F76/><W16/><G77/><T40/><D40/><U86/><E125/><V56/><F56/><W131/><G131/><T10/><D10/><U54/><E72/><V51/><F51/><W34/><G31/><T79/><D79/><N who="1" m="46431" /><E106/><V69/><F69/><W19/><G14/><T96/><D96/><U109/><E15/><V100/><F100/><W93/><G93/><T58/><D58/><U61/><E12/><V68/><F68/><W88/><AGARI ba="1,2" hai="16,18,19,27,30,34,84,88,94,108,110" m="50795" machi="88" ten="40,8000,1" yaku="20,1,52,1,54,2" doraHai="81" who="3" fromWho="3" sc="514,-21,168,-41,214,-21,84,103" />
</Scene>
<Scene>
<INIT seed="2,0,0,3,0,106" ten="493,127,193,187" oya="2" hai0="12,129,94,117,112,85,81,63,76,18,74,2,46" hai1="52,127,32,111,53,90,22,31,20,128,6,83,67" hai2="47,89,71,132,25,13,77,55,3,10,34,51,54" hai3="133,124,41,79,96,114,39,57,59,61,122,78,87"/><V121/><F121/><W93/><G122/><T23/><D2/><U42/><E42/><V119/><F119/><W66/><G114/><T131/><D117/><U36/><E36/><V125/><F71/><W104/><G104/><T30/><D112/><U17/><E67/><V86/><F3/><W1/><G1/><T29/><D46/><U134/><E6/><V64/><F64/><W38/><G133/><T14/><D63/><U113/><E113/><V49/><F132/><W58/><G124/><T24/><D12/><N who="1" m="9255" /><E32/><V103/><F125/><W135/><G135/><T91/><REACH who="0" step="1"/><D30/><REACH who="0" ten="483,127,193,187" step="2"/><U5/><E127/><V100/><F77/><W126/><G126/><T75/><D75/><U69/><E134/><V109/><F109/><W102/><G41/><T56/><D56/><U72/><E111/><V98/><F98/><W4/><G78/><T62/><D62/><U0/><E69/><V37/><F37/><W8/><G39/><T115/><D115/><U15/><E72/><V95/><F34/><AGARI ba="0,1" hai="14,18,23,24,29,34,74,76,81,85,91,94,129,131" machi="34" ten="40,2600,0" yaku="1,1,52,1,53,0" doraHai="106" doraHaiUra="40" who="0" fromWho="2" sc="483,36,127,0,193,-26,187,0" />
</Scene>
<Scene>
<INIT seed="3,0,0,3,2,131" ten="519,127,167,187" oya="3" hai0="23,100,52,48,115,73,3,32,84,78,104,113,39" hai1="14,121,36,124,130,59,96,6,47,35,75,28,91" hai2="38,37,56,55,83,2,74,0,109,85,89,34,65" hai3="24,42,93,67,79,71,97,95,53,44,9,68,123"/><W88/><G123/><T25/><D73/><U77/><E121/><V46/><F34/><W114/><G114/><N who="0" m="43531" /><D3/><U103/><E130/><V15/><F109/><W26/><G79/><T30/><D32/><U63/><E124/><V64/><F74/><W117/><G117/><T66/><D66/><U102/><E75/><V51/><F15/><W116/><G116/><T29/><D39/><U81/><E77/><V120/><F120/><W82/><G82/><N who="0" m="47191" /><D100/><U125/><E125/><V129/><F129/><W19/><G67/><T31/><D104/><U110/><E110/><V128/><F128/><W50/><G68/><T107/><D107/><U17/><E6/><V92/><F65/><W133/><G71/><T1/><D1/><U7/><E7/><V4/><F2/><W10/><G26/><T105/><D105/><U80/><E28/><V27/><F0/><W62/><G95/><T33/><D33/><U18/><E35/><V70/><F70/><W61/><G10/><T8/><D8/><U122/><E122/><V134/><F4/><W40/><G9/><T72/><D72/><U86/><E80/><V41/><F64/><W76/><G76/><T94/><D94/><U12/><E36/><V99/><F92/><W111/><G111/><T16/><D16/><N who="1" m="6251" /><E47/><AGARI ba="0,0" hai="23,25,29,30,31,47,48,52" m="47191,43531" machi="47" ten="30,2000,0" yaku="11,1,54,1" doraHai="131" who="0" fromWho="1" sc="519,20,127,-20,167,0,187,0" owari="539,63.0,107,-39.0,167,-23.0,187,-1.0" />
</Scene>
</mjloggm>