<mjloggm ver="2.3"><GO type="169" lobby="0"/><UN n0="%E5%B8%B8%E7%A3%90%E7%B7%9A%E7%89%B9%E5%88%A5%E5%BF%AB%E9%80%9F" n1="%E3%82%B2%E3%82%AA%E3%83%AB%E3%82%B2%E3%83%8F%E3%82%B8%39%34" n2="%E2%98%86%E3%82%82%E3%81%B5%E3%82%82%E3%81%B5%E2%98%86" n3="%E5%A4%AA%E3%81%8F%E3%81%AA%E3%81%84%E3%81%8A" dan="17,16,16,18" rate="2125.53,2045.53,2068.81,2187.95" sx="F,M,M,M"/><TAIKYOKU oya="0"/>

<Scene>
<INIT seed="0,0,0,1,4,45" ten="250,250,250,250" oya="0" hai0="8,2,26,125,87,58,122,132,75,101,59,127,118" hai1="67,92,81,126,4,19,60,84,103,66,133,94,38" hai2="41,5,69,62,74,119,40,121,96,54,1,76,78" hai3="27,98,77,15,11,35,48,93,39,129,7,61,9"/><T63/><D75/><U110/><E38/><V23/><F121/><W53/><G39/><T130/><D122/><U70/><E110/><V21/><F74/><W55/><G129/><T88/><D118/><U89/><E126/><N who="0" m="48137" /><D101/><U134/><E4/><V30/><F119/><W107/><G107/><T114/><D114/><U56/><E19/><V86/><F69/><W106/><G106/><T99/><D99/><N who="1" m="59879" /><E70/><V37/><F37/><W112/><G112/><T51/><D130/><U13/><E13/><V95/><F1/><W111/><G111/><T100/><D100/><U12/><E12/><V6/><F30/><W46/><G77/><N who="2" m="29801" /><F86/><W116/><G116/><T22/><D132/><N who="1" m="50795" /><E81/><V31/><F31/><W85/><G7/><N who="2" m="2569" /><F95/><W128/><G93/><N who="0" m="54431" /><D2/><U57/><E94/><V91/><F96/><W25/><G98/><T104/><D104/><U29/><E84/><V115/><F115/><W109/><G85/><T24/><D8/><U123/><E123/><V16/><F91/><W36/><G128/><T50/><D26/><U90/><E89/><V135/><F135/><W33/><G27/><T32/><D32/><U124/><E90/><V42/><F16/><W44/><G35/><T14/><D14/><U65/><E124/><V108/><F108/><W83/><G109/><T20/><D20/><U64/><E29/><V10/><F10/><W102/><G102/><T3/><D3/><U47/><E60/><V97/><F97/><W17/><G9/><T0/><D0/><U28/><E28/><V120/><F120/><W71/><G33/><T82/><D63/><U105/><E105/><RYUUKYOKU ba="0,0" sc="250,-10,250,-10,250,30,250,-10" hai2="21,23,40,41,42,54,62" />
</Scene>
<Scene>
<INIT seed="1,1,0,5,1,80" ten="240,240,280,240" oya="1" hai0="105,104,4,18,25,58,74,64,96,112,59,110,31" hai1="73,56,124,65,71,5,132,118,54,37,38,15,84" hai2="44,93,57,126,68,61,129,100,14,2,125,128,62" hai3="72,50,114,8,85,101,45,40,135,67,120,11,47"/><U1/><E73/><V39/><F2/><W35/><G72/><T12/><D112/><U122/><E122/><V75/><F75/><W29/><G114/><T16/><D74/><U115/><E115/><V36/><F14/><W30/><G120/><T109/><D4/><U60/><E118/><V108/><F100/><W66/><G135/><T91/><D18/><U113/><E113/><V20/><F20/><W24/><G101/><N who="0" m="62503" /><D64/><U117/><E117/><V21/><F21/><W34/><G50/><T106/><D91/><U92/><E1/><V0/><F93/><W119/><G119/><T121/><D121/><U55/><E132/><V33/><F33/><W95/><G95/><T88/><D88/><U22/><E55/><V116/><F0/><W46/><G46/><T27/><D105/><U76/><E22/><V10/><F10/><W17/><G40/><T127/><D106/><U87/><E15/><V7/><F7/><W9/><G9/><N who="0" m="6159" /><D127/><N who="2" m="48650" /><F116/><W103/><G17/><T6/><D6/><U41/><E124/><V23/><F23/><W77/><G103/><T81/><D27/><U94/><E5/><V97/><F97/><W79/><G24/><T70/><D25/><U53/><E92/><V13/><F13/><W83/><G83/><T49/><D81/><U111/><E94/><V86/><F86/><AGARI ba="1,0" hai="8,11,29,30,34,35,45,47,66,67,77,79,85,86" machi="86" ten="25,6400,0" yaku="22,2,52,2" doraHai="80" who="3" fromWho="2" sc="240,0,240,0,280,-67,240,67" />
</Scene>
<Scene>
<INIT seed="2,0,0,3,5,0" ten="240,240,213,307" oya="2" hai0="41,109,88,61,37,69,99,25,66,11,107,118,36" hai1="110,3,10,64,84,31,50,59,77,28,48,79,8" hai2="17,47,131,12,93,132,114,62,74,127,120,73,101" hai3="128,112,96,91,44,22,4,51,102,7,108,46,70"/><V52/><F120/><W100/><G70/><T83/><D109/><U133/><E110/><V123/><F114/><W29/><G108/><T33/><D118/><U43/><E133/><V126/><F123/><W58/><G112/><T135/><D135/><U95/><E3/><V106/><F132/><W89/><G128/><T63/><D63/><N who="1" m="38015" /><E95/><V119/><F119/><W55/><G91/><T124/><D124/><N who="2" m="47658" /><F131/><W86/><G29/><N who="1" m="11338" /><E84/><V38/><F38/><W14/><G22/><T82/><D33/><U57/><E57/><N who="2" m="35111" /><F106/><W35/><G35/><T94/><D107/><U81/><E81/><V20/><F47/><N who="3" m="17963" /><G96/><AGARI ba="0,0" hai="12,17,20,73,74,93,96,101" m="35111,47658" machi="96" ten="30,2900,0" yaku="18,1,54,1" doraHai="0" who="2" fromWho="3" sc="240,0,240,0,213,29,307,-29" />
</Scene>
<Scene>
<INIT seed="2,1,0,0,2,38" ten="240,240,242,278" oya="2" hai0="0,84,80,59,78,31,2,28,134,87,122,128,36" hai1="103,37,118,40,10,33,73,121,135,45,53,75,15" hai2="13,120,62,77,131,5,119,58,132,32,47,124,20" hai3="126,19,116,39,51,42,113,50,111,89,60,24,41"/><V35/><F120/><W79/><G116/><T61/><D122/><U26/><E121/><V12/><F119/><W123/><G123/><T95/><D36/><U94/><E118/><V93/><F132/><W69/><G79/><T46/><D134/><U67/><E135/><V3/><F131/><W21/><G39/><T110/><D128/><U90/><E103/><V83/><F124/><W107/><G107/><T133/><D133/><U106/><E106/><V16/><F3/><W63/><G126/><T114/><D114/><U130/><E130/><V11/><F47/><W25/><G113/><T98/><D87/><U30/><E67/><V56/><F93/><W49/><G111/><T105/><D105/><U4/><REACH who="1" step="1"/><E53/><REACH who="1" ten="240,230,242,278" step="2"/><V1/><F1/><W14/><G69/><T27/><D110/><U57/><E57/><V66/><REACH who="2" step="1"/><F58/><REACH who="2" ten="240,230,232,278" step="2"/><W18/><G89/><T6/><D0/><U96/><AGARI ba="1,2" hai="4,10,15,26,30,33,37,40,45,73,75,90,94,96" machi="96" ten="20,5200,0" yaku="1,1,0,1,7,1,52,1,53,0" doraHai="38" doraHaiUra="129" who="1" fromWho="1" sc="240,-14,230,75,232,-27,278,-14" />
</Scene>
<Scene>
<INIT seed="3,0,0,3,3,5" ten="226,305,205,264" oya="3" hai0="60,129,17,84,41,86,134,91,28,24,110,135,133" hai1="30,105,58,71,12,98,65,47,54,128,42,127,0" hai2="11,131,108,119,92,102,55,49,117,118,93,107,38" hai3="3,59,22,103,82,106,14,64,123,66,45,20,31"/><W29/><G123/><T48/><D110/><U89/><E0/><V113/><F113/><W77/><G3/><T116/><D116/><U70/><E30/><V10/><F38/><W85/><G45/><N who="0" m="25647" /><D129/><U97/><E128/><V44/><F108/><W114/><G114/><T33/><D91/><U126/><E65/><N who="3" m="25194" /><G106/><T61/><D17/><U35/><E35/><V8/><REACH who="2" step="1"/><F131/><REACH who="2" ten="226,305,195,264" step="2"/><W2/><G2/><T56/><D133/><U75/><E126/><V51/><F51/><W25/><G103/><T81/><D134/><U120/><E127/><V76/><F76/><W112/><G112/><T40/><D135/><U122/><E120/><V6/><F6/><W96/><G77/><T50/><D50/><U68/><E122/><V101/><F101/><W63/><G63/><T80/><D60/><U4/><E4/><V23/><F23/><W83/><G22/><T46/><D61/><U19/><E70/><V1/><F1/><W57/><G20/><T79/><D79/><U109/><E68/><V27/><F27/><W115/><G25/><T32/><D24/><U18/><E71/><V94/><F94/><W16/><G115/><T78/><D78/><U95/><E95/><V130/><F130/><W21/><G83/><T99/><D80/><U13/><E109/><V36/><F36/><W111/><G111/><T67/><D81/><U26/><E26/><V100/><F100/><W52/><G82/><T7/><D7/><U39/><E39/><V37/><F37/><W9/><G21/><T121/><D121/><U15/><E105/><V43/><F43/><W132/><G132/><RYUUKYOKU ba="0,1" sc="226,-10,305,-10,195,30,264,-10" hai2="8,10,11,44,49,55,92,93,102,107,117,118,119" />
</Scene>
<Scene>
<INIT seed="4,1,1,5,1,11" ten="216,295,225,254" oya="0" hai0="27,89,87,119,17,14,130,101,5,78,88,55,100" hai1="121,10,134,4,25,109,124,85,97,44,104,33,127" hai2="108,62,28,15,64,70,45,54,30,99,34,123,120" hai3="103,118,61,74,72,112,110,31,9,116,59,82,37"/><T32/><D119/><U77/><E121/><V50/><F108/><W6/><G110/><T21/><D130/><U23/><E109/><V24/><F30/><W111/><G111/><T106/><D78/><U83/><E33/><V95/><REACH who="2" step="1"/><F15/><REACH who="2" ten="216,295,215,254" step="2"/><W57/><G116/><T79/><D32/><U53/><E127/><V7/><F7/><W67/><G31/><T56/><D5/><U18/><E124/><V129/><F129/><W41/><G118/><T71/><D27/><U26/><E25/><V115/><F115/><W90/><G112/><T125/><D125/><U135/><E135/><V46/><F46/><W43/><G6/><T65/><D106/><U58/><E134/><V68/><F68/><W29/><G29/><T52/><D71/><U12/><E44/><V75/><F75/><W8/><G74/><T66/><D14/><U81/><E104/><V51/><F51/><W63/><G72/><T39/><D39/><U76/><E4/><V49/><F49/><W132/><G132/><T80/><D17/><U105/><E105/><V113/><F113/><W102/><G37/><T117/><D117/><U42/><E26/><V133/><F133/><W60/><G59/><T16/><D56/><U13/><E58/><V47/><F47/><W128/><G128/><T0/><D16/><U48/><E18/><V35/><F35/><W96/><G57/><T2/><D2/><U73/><E73/><V3/><F3/><W38/><G38/><T131/><D0/><U22/><E12/><V107/><F107/><W36/><G36/><T94/><D131/><U91/><E13/><RYUUKYOKU ba="1,2" sc="216,-10,295,-10,215,30,254,-10" hai2="24,28,34,45,50,54,62,64,70,95,99,120,123" />
</Scene>
<Scene>
<INIT seed="5,2,2,4,3,124" ten="206,285,245,244" oya="1" hai0="118,110,69,130,33,105,67,131,108,77,31,95,25" hai1="5,49,19,11,12,112,82,86,102,125,45,64,87" hai2="34,0,89,81,106,129,83,7,15,121,54,26,29" hai3="27,72,78,40,58,44,55,103,51,10,104,113,60"/><U76/><E125/><V79/><F121/><W73/><G113/><T38/><D118/><U101/><E112/><V119/><F119/><W109/><G109/><T90/><D38/><U132/><E132/><V122/><F122/><W126/><G126/><T46/><D105/><U28/><E28/><V66/><F106/><W35/><G78/><T120/><D120/><U96/><E64/><V57/><F66/><W99/><REACH who="3" step="1"/><G10/><REACH who="3" ten="206,285,245,234" step="2"/><T98/><D77/><U93/><E87/><V114/><F79/><W30/><AGARI ba="2,3" hai="27,30,35,40,44,51,55,58,60,72,73,99,103,104" machi="30" ten="30,4000,0" yaku="1,1,2,1,0,1,53,0" doraHai="124" doraHaiUra="9" who="3" fromWho="3" sc="206,-12,285,-22,245,-12,234,76" />
</Scene>
<Scene>
<INIT seed="6,0,0,3,3,64" ten="194,263,233,310" oya="2" hai0="84,22,41,57,19,116,75,46,63,122,74,13,39" hai1="132,76,77,107,55,8,31,25,131,114,94,16,85" hai2="92,2,91,33,35,11,36,72,60,102,65,52,112" hai3="109,47,10,108,73,100,88,17,98,9,134,117,71"/><V67/><F112/><W130/><G117/><T40/><D122/><U83/><E107/><V20/><F36/><W26/><G73/><T79/><D116/><U95/><E114/><V82/><F33/><W42/><G71/><T113/><D113/><U32/><E131/><V51/><F35/><W30/><G130/><T89/><D79/><U110/><E110/><V66/><F102/><W70/><G70/><T5/><D41/><U12/><E132/><V106/><F106/><W21/><G134/><T54/><REACH who="0" step="1"/><D5/><REACH who="0" ten="184,263,233,310" step="2"/><U44/><E77/><V3/><F72/><W97/><G109/><T86/><D86/><U43/><REACH who="1" step="1"/><E55/><REACH who="1" ten="184,253,233,310" step="2"/><V68/><F52/><W133/><G108/><T58/><D58/><U18/><E18/><V104/><F68/><W37/><G17/><T15/><D15/><U121/><E121/><V27/><F2/><W101/><G133/><T81/><AGARI ba="0,2" hai="13,19,22,39,40,46,54,57,63,74,75,81,84,89" machi="81" ten="20,2700,0" yaku="1,1,0,1,7,1,53,0" doraHai="64" doraHaiUra="127" who="0" fromWho="0" sc="184,47,253,-7,233,-13,310,-7" />
</Scene>
<Scene>
<INIT seed="7,0,0,0,4,0" ten="231,246,220,303" oya="3" hai0="3,26,68,64,71,81,132,115,21,70,97,128,14" hai1="72,94,16,23,77,75,12,101,56,62,73,30,52" hai2="131,120,43,123,74,93,36,39,129,117,106,113,126" hai3="102,86,27,92,45,17,49,58,44,65,5,91,1"/><W69/><G69/><T111/><D111/><U121/><E121/><N who="2" m="46667" /><F106/><W47/><G1/><T109/><D109/><U51/><E30/><V20/><F74/><W116/><G116/><T19/><D3/><U37/><E37/><N who="2" m="14411" /><F43/><N who="3" m="24735" /><G5/><T96/><D132/><U100/><E77/><V11/><F117/><W114/><G102/><T24/><D128/><N who="2" m="49226" /><F126/><W53/><G65/><T29/><D115/><U8/><E94/><V88/><F113/><W50/><G114/><T25/><D81/><U13/><REACH who="1" step="1"/><E62/><REACH who="1" ten="231,236,220,303" step="2"/><V9/><F20/><AGARI ba="0,1" hai="17,20,27,45,47,50,53,58,86,91,92" m="24735" machi="20" ten="30,1500,0" yaku="8,1" doraHai="0" who="3" fromWho="2" sc="231,0,236,0,220,-15,303,25" owari="231,-17.0,236,4.0,205,-29.0,328,42.0" />
</Scene>
</mjloggm>