<mjloggm ver="2.3"><GO type="169" lobby="0"/><UN n0="%E4%BB%8A%E6%97%A5%E4%B8%80" n1="%E3%83%8A%E3%82%AC%E3%83%A4%E3%83%9E" n2="%E3%83%9F%E3%83%B3%E3%83%A6%E3%82%A4" n3="%E5%A4%AA%E3%81%8F%E3%81%AA%E3%81%84%E3%81%8A" dan="16,16,16,18" rate="2065.06,2128.02,2022.87,2242.64" sx="M,M,M,F"/><TAIKYOKU oya="0"/>

<Scene>
<INIT seed="0,0,0,2,1,126" ten="250,250,250,250" oya="0" hai0="69,117,121,131,74,67,8,23,45,31,4,25,53" hai1="78,95,134,10,114,29,59,116,123,47,12,56,101" hai2="36,75,68,37,77,127,15,42,40,82,3,52,119" hai3="90,60,43,49,57,122,85,26,33,130,48,84,28"/><T18/><D121/><U9/><E123/><V110/><F68/><W34/><G122/><T129/><D117/><U65/><E116/><V44/><F119/><W61/><G43/><T104/><D104/><U125/><E125/><V132/><F127/><W13/><G13/><T113/><D74/><U24/><E134/><V91/><F3/><W72/><G72/><T32/><D113/><U50/><E78/><V66/><F66/><W1/><G1/><N who="0" m="15" /><D67/><U55/><E114/><V38/><F132/><W94/><G57/><T20/><D69/><U76/><E76/><V112/><F112/><W120/><G120/><T86/><D86/><U27/><E27/><V62/><F110/><W80/><G34/><T96/><D96/><U106/><E106/><V19/><F91/><W14/><G84/><T6/><D6/><U71/><E71/><V35/><F35/><W97/><G97/><T124/><D124/><U107/><E107/><V17/><F17/><W109/><G109/><T93/><D93/><U58/><E65/><V63/><F40/><W5/><G94/><T115/><D115/><U2/><E2/><V89/><F89/><W133/><G133/><T41/><D53/><U21/><E12/><V118/><F118/><W99/><G99/><AGARI ba="0,0" hai="9,10,21,24,29,47,50,55,56,58,59,95,99,101" machi="99" ten="40,1300,0" yaku="8,1" doraHai="126" who="1" fromWho="3" sc="250,0,250,13,250,0,250,-13" />
</Scene>
<Scene>
<INIT seed="1,0,0,5,5,81" ten="250,263,250,237" oya="1" hai0="55,30,46,91,106,48,133,60,29,71,53,59,14" hai1="43,120,42,73,32,20,95,122,113,115,96,97,7" hai2="126,100,128,21,112,34,87,58,119,64,88,33,76" hai3="37,10,93,54,23,98,0,130,116,78,86,134,84"/><U132/><E32/><V103/><F119/><W18/><G37/><T124/><D106/><U121/><E7/><V129/><F76/><W24/><G116/><T6/><D71/><U92/><E20/><V117/><F117/><W50/><G78/><T36/><D36/><U109/><E132/><V16/><F126/><W72/><G72/><T26/><D124/><U61/><E61/><N who="2" m="37943" /><F34/><W17/><G130/><N who="2" m="50281" /><F33/><W111/><G111/><T118/><D133/><U65/><E65/><V9/><F9/><W107/><G107/><T68/><D68/><U52/><E73/><V67/><F67/><W110/><G110/><T44/><D44/><U57/><E109/><V83/><F112/><N who="1" m="43081" /><E57/><V101/><F101/><N who="3" m="60623" /><G0/><T31/><D118/><U5/><E5/><V47/><F47/><N who="3" m="27999" /><G134/><T45/><D45/><U39/><E39/><V70/><F70/><W75/><G75/><T12/><D6/><U13/><E52/><V108/><F108/><W82/><G82/><T104/><D55/><U56/><E56/><V79/><F79/><W3/><G3/><T85/><D59/><U80/><E80/><V127/><F127/><W25/><G10/><T125/><D125/><U40/><E13/><AGARI ba="0,0" hai="13,16,21,83,87,88,100,103" m="50281,37943" machi="13" ten="30,7700,0" yaku="19,1,52,1,54,2" doraHai="81" who="2" fromWho="1" sc="250,0,263,-77,250,77,237,0" />
</Scene>
<Scene>
<INIT seed="2,0,0,5,1,77" ten="250,186,327,237" oya="2" hai0="23,54,21,73,27,63,25,89,3,92,87,85,8" hai1="112,44,134,104,6,101,106,69,105,32,61,24,46" hai2="53,94,42,135,96,107,117,70,127,113,49,111,78" hai3="12,93,30,50,124,131,86,114,60,109,68,62,82"/><V41/><F70/><W121/><G121/><T36/><D36/><U98/><E112/><V45/><F107/><W0/><G0/><T9/><D73/><U120/><E120/><V13/><F113/><W2/><G2/><T51/><D63/><U1/><E134/><V99/><F117/><W15/><G114/><T116/><D116/><U11/><E44/><V34/><F34/><W19/><G109/><T81/><D25/><U91/><E91/><V67/><F67/><W35/><G68/><T66/><D66/><N who="1" m="41167" /><E46/><V18/><F135/><W59/><G93/><T90/><D3/><U95/><E95/><V119/><F119/><W126/><G30/><AGARI ba="0,0" hai="1,6,11,24,30,32,98,101,104,105,106" m="41167" machi="30" ten="30,3900,0" yaku="25,1,33,2" doraHai="77" who="1" fromWho="3" sc="250,0,186,39,327,0,237,-39" />
</Scene>
<Scene>
<INIT seed="3,0,0,1,5,124" ten="250,225,327,198" oya="3" hai0="49,133,114,69,72,23,117,1,12,11,40,103,132" hai1="65,73,127,29,54,74,52,78,18,3,90,89,84" hai2="121,111,21,20,44,98,51,6,75,61,37,22,4" hai3="129,14,88,93,17,2,8,134,66,38,32,97,25"/><W125/><G38/><T64/><D117/><U82/><E127/><V110/><F37/><W131/><G125/><T0/><D72/><U24/><E3/><V53/><F75/><W60/><G134/><T115/><D103/><U112/><E112/><V122/><F98/><W47/><G2/><T71/><D64/><U85/><E73/><V46/><F61/><W48/><G25/><T96/><D96/><U123/><E123/><N who="2" m="47115" /><F46/><W99/><G32/><T62/><D49/><U135/><E135/><V31/><F31/><W81/><G81/><T86/><D62/><U119/><E74/><V35/><F35/><W28/><G28/><T33/><D33/><U128/><E29/><V87/><F87/><W109/><G99/><T30/><D86/><U55/><E78/><V45/><F45/><W16/><G17/><T108/><D30/><U120/><E120/><V76/><F76/><W79/><G79/><T36/><D36/><U42/><E18/><V101/><F101/><W58/><REACH who="3" step="1"/><G109/><AGARI ba="0,0" hai="4,6,20,21,22,44,51,53,109,110,111" m="47115" machi="109" ten="40,2600,0" yaku="14,1,13,1" doraHai="124" who="2" fromWho="3" sc="250,0,225,0,327,26,198,-26" />
</Scene>
<Scene>
<INIT seed="4,0,0,1,0,89" ten="250,225,353,172" oya="0" hai0="1,37,9,32,83,85,86,90,30,31,78,40,0" hai1="66,123,53,15,58,114,2,125,46,99,107,81,48" hai2="98,130,13,68,77,126,21,134,4,60,65,117,29" hai3="74,121,103,93,76,3,116,88,8,64,91,41,14"/><T35/><D31/><U72/><E123/><V47/><F126/><W42/><G116/><T84/><D84/><U7/><E125/><V131/><F117/><W95/><G3/><T5/><D1/><U118/><E118/><V70/><F77/><W127/><G127/><T6/><D6/><U19/><E2/><V17/><F134/><W22/><G121/><T97/><D97/><U44/><E7/><V43/><F29/><W119/><G119/><T129/><D129/><N who="2" m="49162" /><F4/><N who="3" m="3335" /><G74/><T111/><D111/><U106/><E114/><V23/><F98/><N who="3" m="59871" /><G76/><T34/><D30/><U55/><E72/><V112/><F112/><W51/><G64/><T25/><D25/><U59/><E66/><V57/><F23/><W26/><G51/><AGARI ba="0,0" hai="13,17,21,43,47,51,57,60,65,68,70" m="49162" machi="51" ten="30,1000,0" yaku="19,1" doraHai="89" who="2" fromWho="3" sc="250,0,225,0,353,10,172,-10" />
</Scene>
<Scene>
<INIT seed="5,0,0,3,0,91" ten="250,225,363,162" oya="1" hai0="54,129,115,50,43,84,29,101,74,103,109,122,0" hai1="26,69,8,72,62,61,81,49,12,94,95,34,60" hai2="59,131,64,127,41,38,46,7,135,132,70,13,105" hai3="111,23,48,18,88,125,20,51,68,15,21,92,27"/><U86/><E72/><V107/><F70/><W55/><G111/><T45/><D74/><U120/><E120/><V6/><F127/><W134/><G68/><T85/><D109/><U77/><E69/><V71/><F71/><W90/><G125/><T110/><D110/><U56/><E26/><V1/><F1/><W17/><G134/><N who="2" m="51241" /><F131/><W25/><G23/><T112/><D0/><U76/><E76/><V47/><F47/><W133/><G133/><T93/><D29/><U11/><E34/><V58/><F58/><W40/><G15/><T117/><D45/><U98/><E98/><V31/><F31/><W66/><G66/><T30/><D30/><U116/><E116/><V39/><F39/><W10/><G10/><N who="1" m="3626" /><E12/><V16/><F59/><W121/><G121/><T3/><D3/><U114/><E114/><V52/><F64/><W4/><G4/><N who="2" m="1577" /><F52/><AGARI ba="0,0" hai="49,52,56,60,61,62,77,81,86,94,95" m="3626" machi="52" ten="30,11600,0" yaku="8,1,52,2,54,1" doraHai="91" who="1" fromWho="2" sc="250,0,225,116,363,-116,162,0" />
</Scene>
<Scene>
<INIT seed="5,1,0,1,0,122" ten="250,341,247,162" oya="1" hai0="4,50,128,18,59,120,39,94,84,98,119,40,95" hai1="54,6,88,75,100,91,14,38,121,64,86,97,107" hai2="102,30,65,125,57,127,83,29,28,85,43,47,132" hai3="79,21,82,108,106,5,90,105,3,89,87,35,0"/><U20/><E121/><V116/><F116/><W33/><G21/><T13/><D119/><U55/><E38/><V66/><F102/><W42/><G42/><T62/><D128/><U77/><E64/><V101/><F101/><W133/><G133/><T71/><D71/><U126/><E126/><N who="2" m="48139" /><F57/><W51/><G51/><T37/><D4/><U69/><E69/><V104/><F104/><W10/><G3/><T70/><D70/><U12/><E91/><N who="2" m="51647" /><F132/><W112/><G105/><T16/><D95/><N who="1" m="54679" /><E6/><V27/><F27/><W72/><G106/><T45/><D120/><U124/><E124/><V135/><F135/><W92/><G89/><T123/><D123/><U9/><E9/><V115/><F115/><W52/><G112/><T2/><D39/><AGARI ba="1,0" hai="28,29,30,39,43,47,65,66" m="51647,48139" machi="39" ten="30,1000,0" yaku="18,1" doraHai="122" who="2" fromWho="0" sc="250,-13,341,0,247,13,162,0" />
</Scene>
<Scene>
<INIT seed="6,0,0,4,0,75" ten="237,341,260,162" oya="2" hai0="130,62,124,102,77,35,20,98,59,39,58,114,10" hai1="57,15,29,67,127,106,91,21,70,74,60,46,26" hai2="118,93,82,72,47,90,0,97,48,100,53,92,5" hai3="31,2,43,12,115,64,40,55,51,50,41,23,25"/><V14/><F0/><W103/><G2/><T104/><D35/><U131/><E131/><V52/><F118/><W132/><G132/><T99/><D39/><U85/><E74/><V36/><F36/><W133/><G133/><T81/><D114/><U11/><E106/><V128/><F128/><W24/><G115/><T1/><D124/><U95/><E127/><V116/><F116/><W135/><G135/><T6/><D130/><U134/><E134/><V7/><F14/><W86/><G64/><T63/><D99/><U37/><E70/><V17/><F17/><W120/><G120/><T107/><D107/><U27/><E27/><V16/><F16/><W18/><G103/><T122/><D20/><U79/><E37/><V125/><F125/><W112/><G112/><T13/><D1/><U42/><E46/><V101/><F53/><W129/><G129/><T117/><D117/><U89/><E42/><V111/><F111/><W19/><G86/><T69/><D122/><U8/><E8/><V87/><F72/><W32/><REACH who="3" step="1"/><G55/><REACH who="3" ten="237,341,260,152" step="2"/><T22/><D102/><U44/><E67/><V119/><F119/><W38/><G38/><T54/><D54/><U123/><E85/><V83/><REACH who="2" step="1"/><F101/><REACH who="2" ten="237,341,250,152" step="2"/><W33/><G33/><T9/><D9/><AGARI ba="0,2" hai="9,12,18,19,23,24,25,31,32,40,41,43,50,51" machi="9" ten="40,1300,0" yaku="1,1,53,0" doraHai="75" doraHaiUra="96" who="3" fromWho="0" sc="237,-13,341,0,250,0,152,33" />
</Scene>
<Scene>
<INIT seed="7,0,0,1,2,23" ten="224,341,250,185" oya="3" hai0="94,47,54,68,135,74,120,67,9,116,17,29,105" hai1="80,40,36,19,76,124,0,110,32,102,3,60,90" hai2="126,111,125,38,96,59,39,58,79,2,107,89,132" hai3="78,98,1,33,55,21,7,14,70,6,106,31,115"/><W66/><G115/><T130/><D105/><U88/><E110/><V5/><F111/><W16/><G78/><T15/><D120/><U18/><E32/><V42/><F79/><W30/><G55/><T113/><D116/><U82/><E102/><N who="2" m="62919" /><F89/><W84/><G84/><T123/><D123/><U87/><E124/><N who="2" m="47723" /><F132/><W97/><G31/><T86/><D74/><U52/><E40/><V108/><F108/><W43/><G43/><T37/><D29/><U53/><E36/><N who="2" m="13867" /><F42/><W129/><G129/><T50/><D37/><U77/><E60/><V91/><F91/><W35/><G35/><T13/><D113/><U65/><E65/><V99/><F99/><W122/><G122/><T12/><D67/><U41/><E41/><V95/><F95/><W10/><G106/><T57/><D94/><U100/><E100/><V121/><F121/><W114/><G114/><T20/><D86/><AGARI ba="0,0" hai="0,3,18,19,52,53,76,77,80,82,86,87,88,90" machi="86" ten="25,6400,0" yaku="22,2,54,2" doraHai="23" who="1" fromWho="0" sc="224,-64,341,64,250,0,185,0" owari="160,-34.0,405,50.0,250,5.0,185,-21.0" />
</Scene>
</mjloggm>