<mjloggm ver="2.3"><GO type="33"/><UN n0="%E2%86%91%E3%81%93%E3%81%AE%E4%BA%BA%E7%A2%BA%E5%A4%89" n1="%56%45%53%54%41" n2="%E5%A4%AA%E3%81%8F%E3%81%AA%E3%81%84%E3%81%8A" n3="%28%E3%81%A4%C2%B4%CF%89%EF%BD%80%29%E3%81%A4" dan="13,14,13,13" rate="1991,1942,1919,1988" sx="M,M,M,M"/><TAIKYOKU oya="0"/>

<Scene>
<INIT seed="0,0,0,0,5,105" ten="250,250,250,250" oya="0" hai0="94,64,66,115,79,123,35,56,84,38,132,58,26" hai1="8,88,89,1,71,125,102,45,95,128,47,7,17" hai2="14,77,78,99,81,119,134,111,36,2,0,126,113" hai3="30,19,18,21,11,67,13,83,97,103,82,42,63"/><T44/><D123/><U54/><E128/><V5/><F113/><W29/><G42/><T31/><D115/><U91/><E125/><V74/><F36/><W60/><G30/><T114/><D114/><U59/><E71/><V70/><F70/><W75/><G29/><T86/><D132/><U32/><E32/><V120/><F120/><W48/><G48/><T92/><D38/><U118/><E17/><V116/><F126/><W6/><G60/><T53/><D44/><U12/><E1/><V52/><F134/><W109/><G109/><T108/><D108/><U43/><E43/><V55/><F111/><W104/><G75/><T133/><D133/><U34/><E34/><V10/><F99/><W51/><G51/><T112/><D112/><U28/><E28/><V37/><F37/><W73/><G73/><T61/><D66/><U20/><E20/><V3/><REACH who="2" step="1"/><F78/><REACH who="2" ten="250,250,240,250" step="2"/><W98/><G98/><T80/><REACH who="0" step="1"/><D84/><REACH who="0" ten="240,250,240,250" step="2"/><U110/><E110/><V9/><F9/><W16/><G11/><T57/><D57/><U117/><E47/><V93/><F93/><W87/><G104/><T40/><D40/><U124/><E45/><V101/><F101/><W107/><G87/><T130/><D130/><U62/><REACH who="1" step="1"/><E124/><REACH who="1" ten="240,240,240,250" step="2"/><V41/><F41/><W33/><G103/><T100/><D100/><U68/><E68/><V24/><F24/><W4/><G33/><T46/><D46/><U25/><E25/><V135/><F135/><W23/><G67/><T122/><D122/><U76/><E76/><V50/><F50/><AGARI ba="0,3" hai="26,31,35,50,53,56,58,61,64,79,80,86,92,94" machi="50" ten="30,2900,0" yaku="1,1,7,1,53,0" doraHai="105" doraHaiUra="96" who="0" fromWho="2" sc="240,59,240,0,240,-29,250,0" />
</Scene>
<Scene>
<INIT seed="0,1,0,1,5,45" ten="299,240,211,250" oya="0" hai0="73,121,60,53,72,76,0,68,22,38,100,16,114" hai1="134,103,18,132,91,26,77,117,33,34,127,135,92" hai2="13,47,52,104,130,25,81,62,10,61,6,70,28" hai3="106,84,40,54,59,17,39,27,131,86,44,31,111"/><T56/><D121/><U112/><E117/><V66/><F130/><W89/><G131/><T109/><D114/><U5/><E112/><V80/><F104/><W48/><G106/><T83/><D0/><U30/><E103/><V49/><REACH who="2" step="1"/><F62/><REACH who="2" ten="299,240,201,250" step="2"/><W101/><G101/><T110/><D100/><U50/><E132/><V21/><AGARI ba="1,1" hai="6,10,13,21,25,28,47,49,52,61,66,70,80,81" machi="21" ten="20,12000,2" yaku="1,1,2,1,0,1,7,1,52,1,54,1,53,1" doraHai="45" doraHaiUra="24" who="2" fromWho="2" sc="299,-61,240,-31,201,133,250,-31" />
</Scene>
<Scene>
<INIT seed="1,0,0,3,4,0" ten="238,209,334,219" oya="1" hai0="110,70,45,39,11,91,69,86,64,108,52,67,46" hai1="61,59,10,41,95,121,2,34,28,63,125,22,3" hai2="90,80,26,120,118,74,31,76,112,75,66,135,68" hai3="87,49,14,98,101,132,53,51,129,21,77,131,29"/><U27/><E121/><V126/><F120/><W105/><G132/><T116/><D116/><U93/><E125/><V24/><F118/><W36/><G36/><T16/><D39/><U100/><E41/><V124/><F135/><W99/><G98/><T4/><D70/><U115/><E115/><V7/><F112/><W60/><G60/><T32/><D32/><U119/><E119/><V84/><F7/><W78/><G51/><N who="0" m="28783" /><D46/><U40/><E40/><V128/><F128/><N who="3" m="49227" /><G87/><T130/><D69/><U30/><E63/><N who="2" m="40031" /><F76/><W44/><G14/><N who="0" m="5479" /><D16/><U133/><E133/><V17/><F17/><W8/><G8/><T65/><D130/><U103/><E3/><V102/><F102/><W35/><G35/><T113/><D113/><U5/><E100/><V123/><F123/><W12/><G12/><T58/><D110/><U73/><E73/><N who="2" m="27659" /><F31/><W79/><G29/><T71/><D108/><U38/><E38/><V48/><F48/><W33/><G33/><T18/><D71/><U6/><E6/><V43/><F43/><W62/><G62/><N who="0" m="37975" /><D18/><U134/><E103/><V106/><F106/><W1/><G1/><T55/><D55/><U107/><E107/><V50/><F50/><W97/><G105/><T15/><D15/><U82/><E134/><V109/><F109/><W114/><G114/><T94/><AGARI ba="0,0" hai="65,67,86,91,94" m="37975,5479,28783" machi="94" ten="30,4000,0" yaku="8,1,52,1,54,1" doraHai="0" who="0" fromWho="0" sc="238,40,209,-20,334,-10,219,-10" />
</Scene>
<Scene>
<INIT seed="2,0,0,2,5,80" ten="278,189,324,209" oya="2" hai0="13,119,81,75,67,127,26,25,66,0,71,23,117" hai1="73,31,37,48,116,57,8,83,84,122,2,16,124" hai2="41,32,78,104,35,90,24,47,135,65,121,82,38" hai3="68,51,96,125,103,39,53,27,79,110,114,111,76"/><V107/><F121/><W94/><G39/><T18/><D0/><U70/><E37/><V106/><F135/><W87/><G68/><T74/><D127/><U22/><E70/><V109/><F65/><N who="0" m="24586" /><D71/><U7/><E73/><N who="0" m="27657" /><D81/><U5/><E116/><AGARI ba="0,0" hai="13,18,23,25,26,116,117,119" m="27657,24586" machi="116" ten="30,1000,0" yaku="12,1" doraHai="80" who="0" fromWho="1" sc="278,10,189,-10,324,0,209,0" />
</Scene>
<Scene>
<INIT seed="3,0,0,5,5,31" ten="288,179,324,209" oya="3" hai0="70,90,87,36,93,3,61,55,69,73,101,84,47" hai1="22,72,25,130,53,30,88,2,21,86,26,19,34" hai2="52,10,95,6,38,129,80,114,37,23,51,9,29" hai3="7,76,133,27,35,33,122,60,127,82,13,45,92"/><W108/><G122/><T57/><D3/><U94/><E2/><V42/><F114/><W125/><G133/><T124/><D73/><U97/><E72/><V132/><F132/><W83/><G27/><T116/><D116/><U89/><E130/><V41/><F129/><W20/><G92/><T117/><D117/><U106/><E106/><V134/><F134/><W115/><G115/><T100/><D124/><N who="3" m="47689" /><G108/><T110/><D110/><U121/><E121/><V109/><F109/><W48/><G60/><T67/><D87/><U91/><E86/><V44/><F80/><N who="3" m="30763" /><G76/><T39/><D70/><U40/><E40/><N who="2" m="15467" /><F38/><W1/><G1/><T58/><D69/><U62/><E34/><V59/><F37/><W77/><G77/><T49/><D36/><U24/><E24/><N who="2" m="16543" /><F95/><W102/><G102/><T126/><D39/><U98/><E97/><V65/><F6/><W50/><G50/><T16/><D126/><U46/><E46/><V15/><F15/><W135/><G135/><T5/><D47/><U56/><AGARI ba="0,0" hai="19,21,22,25,26,30,53,56,62,88,89,91,94,98" machi="56" ten="30,8000,1" yaku="0,1,25,2,8,1,54,1" doraHai="31" who="1" fromWho="1" sc="288,-20,179,80,324,-20,209,-40" owari="268,7.0,259,-14.0,304,40.0,169,-33.0" />
</Scene>
</mjloggm>