<mjloggm ver="2.3"><GO type="1"/><UN n0="%E5%A4%AA%E3%81%8F%E3%81%AA%E3%81%84%E3%81%8A" n1="%E9%BB%92%E7%99%BD%E9%BB%92" n2="%50%6F%4B%65%65%6C" n3="%40%74%65%73%75" dan="3,10,12,11" rate="1579,1602,1778,1556" sx="M,F,M,M"/><TAIKYOKU oya="0"/>

<Scene>
<INIT seed="0,0,0,4,3,57" ten="250,250,250,250" oya="0" hai0="51,17,28,119,54,48,3,61,55,63,49,73,5" hai1="7,114,127,89,102,30,50,64,94,27,35,97,80" hai2="52,45,92,130,90,34,112,78,116,84,103,108,36" hai3="110,123,74,40,125,101,39,31,19,38,56,42,113"/><T135/><D73/><U104/><E127/><V121/><F112/><W32/><G113/><T98/><D119/><U122/><E7/><V91/><F121/><W79/><G123/><T71/><D71/><U99/><E122/><V69/><F108/><W47/><G125/><T12/><D135/><U111/><E50/><V26/><F130/><W107/><G110/><T77/><D77/><U83/><BYE who="0" /><E111/><V85/><F69/><W37/><G56/><T75/><D75/><U23/><E23/><V109/><F109/><W100/><G19/><T128/><D128/><U62/><REACH who="1" step="1"/><E114/><REACH who="1" ten="250,240,250,250" step="2"/><V82/><F116/><W22/><G22/><T9/><D9/><U134/><E134/><V44/><F36/><W81/><G42/><T67/><D67/><U126/><E126/><V86/><F34/><W131/><G131/><T93/><D93/><U53/><E53/><V133/><F133/><W46/><G46/><T0/><D0/><U20/><E20/><V13/><F26/><N who="3" m="18551" /><G100/><UN n0="%E5%A4%AA%E3%81%8F%E3%81%AA%E3%81%84%E3%81%8A" /><T24/><D3/><U33/><E33/><V59/><F13/><W21/><G21/><N who="0" m="15375" /><D5/><U118/><E118/><V18/><F103/><W105/><G105/><T10/><D98/><AGARI ba="0,1" hai="37,38,39,40,47,74,79,81,98,101,107" m="18551" machi="98" ten="30,2000,0" yaku="33,2" doraHai="57" who="3" fromWho="0" sc="250,-20,240,0,250,0,250,30" />
</Scene>
<Scene>
<INIT seed="1,0,0,0,2,46" ten="230,240,250,280" oya="1" hai0="27,98,10,80,31,67,97,68,95,52,93,33,24" hai1="101,32,114,44,106,119,116,70,77,0,18,12,23" hai2="55,90,99,34,37,83,94,47,13,41,129,4,50" hai3="8,11,81,91,134,7,58,100,1,69,92,61,85"/><U45/><E0/><V54/><F34/><W71/><G134/><T109/><D109/><U102/><E77/><V9/><F129/><W89/><G11/><T30/><D10/><U53/><E32/><V25/><F37/><W135/><G135/><T73/><D67/><U35/><E35/><V66/><F66/><W40/><G40/><T107/><D68/><U56/><E114/><V118/><F118/><W133/><G133/><T127/><D127/><U17/><E70/><V120/><F120/><W124/><G124/><T76/><D107/><U49/><E102/><V5/><F4/><W121/><G121/><T28/><D52/><U63/><E101/><V117/><F117/><W103/><G103/><T105/><D105/><U15/><E106/><V82/><F25/><W2/><G2/><T38/><D38/><U108/><E45/><V60/><F60/><W43/><G43/><T75/><D33/><U84/><E84/><V88/><F90/><W21/><G21/><T96/><REACH who="0" step="1"/><D73/><REACH who="0" ten="220,240,250,280" step="2"/><U26/><E108/><V3/><F3/><W39/><G39/><T87/><D87/><U19/><E26/><AGARI ba="0,1" hai="24,26,27,28,30,31,75,76,80,93,95,96,97,98" machi="26" ten="40,1300,0" yaku="1,1,53,0" doraHai="46" doraHaiUra="36" who="0" fromWho="1" sc="220,23,240,-13,250,0,280,0" />
</Scene>
<Scene>
<INIT seed="2,0,0,1,5,24" ten="243,227,250,280" oya="2" hai0="28,21,122,94,78,77,35,65,97,6,100,86,27" hai1="4,82,19,79,133,104,80,46,114,105,0,106,3" hai2="88,69,42,47,44,113,13,121,72,17,11,130,127" hai3="102,71,110,33,54,34,63,81,22,38,126,15,107"/><V115/><F121/><W1/><G1/><N who="1" m="586" /><E46/><V85/><F72/><W41/><G110/><T112/><D122/><U73/><E73/><V59/><F69/><W25/><G126/><T23/><D112/><U39/><E114/><V116/><F116/><W132/><G132/><T37/><D37/><U31/><E133/><V14/><F115/><W91/><G15/><T49/><D6/><U90/><E39/><V53/><F113/><W119/><G119/><T123/><D123/><U62/><E62/><V68/><F68/><W117/><G117/><T66/><D49/><U56/><E56/><V57/><F127/><W48/><G38/><T61/><D66/><U12/><E4/><V50/><F130/><W7/><G7/><T16/><D86/><U10/><E90/><V26/><F26/><W70/><G41/><T55/><D55/><U108/><E79/><V30/><F14/><W83/><G91/><T109/><D109/><U87/><E12/><V93/><REACH who="2" step="1"/><F30/><REACH who="2" ten="243,227,240,280" step="2"/><N who="3" m="19663" /><G34/><T8/><D35/><U99/><E31/><V5/><F5/><W135/><G135/><T84/><D28/><U60/><E108/><V134/><F134/><W101/><G101/><T75/><D27/><U95/><E60/><V96/><F96/><N who="3" m="61895" /><G71/><T125/><D125/><U20/><E99/><V111/><F111/><W43/><G43/><T89/><D100/><U118/><E118/><V92/><F92/><W128/><G128/><T131/><D131/><U2/><E95/><V51/><AGARI ba="0,1" hai="11,13,17,42,44,47,50,51,53,57,59,85,88,93" machi="51" ten="20,12000,1" yaku="1,1,0,1,7,1,8,1,54,1,53,0" doraHai="24" doraHaiUra="74" who="2" fromWho="2" sc="243,-40,227,-40,240,130,280,-40" />
</Scene>
<Scene>
<INIT seed="2,1,0,2,3,38" ten="203,187,370,240" oya="2" hai0="11,122,72,50,58,90,104,30,127,43,41,121,60" hai1="68,23,29,65,106,22,80,73,97,96,39,52,8" hai2="112,79,48,78,70,21,26,126,83,7,91,57,88" hai3="1,117,108,46,10,15,24,82,17,44,69,66,111"/><V27/><F112/><W98/><G98/><T18/><D72/><U42/><E8/><V124/><F70/><W6/><G82/><T132/><D104/><U62/><E23/><V51/><F7/><N who="3" m="1391" /><G117/><T101/><D101/><U131/><E131/><V45/><F57/><W105/><G105/><T14/><D132/><U93/><E22/><V47/><F21/><N who="3" m="13359" /><G6/><T77/><D77/><U16/><E16/><V76/><F76/><W64/><G15/><T63/><D30/><U36/><E36/><V99/><F99/><W107/><G107/><T100/><D100/><U103/><E97/><V33/><F33/><W34/><G34/><T128/><D128/><U4/><E93/><V116/><F83/><W53/><G53/><N who="0" m="32055" /><D121/><U61/><E4/><V49/><F49/><W95/><G95/><T84/><D122/><U129/><E80/><V118/><AGARI ba="1,0" hai="26,27,45,47,48,51,78,79,88,91,116,118,124,126" machi="118" ten="25,9600,0" yaku="0,1,22,2,54,1" doraHai="38" who="2" fromWho="2" sc="203,-33,187,-33,370,99,240,-33" />
</Scene>
<Scene>
<INIT seed="2,2,0,1,4,43" ten="170,154,469,207" oya="2" hai0="112,95,27,11,132,84,17,99,128,97,58,4,37" hai1="65,35,15,66,63,47,72,6,110,45,21,22,133" hai2="92,1,18,120,117,79,70,124,101,105,36,68,77" hai3="16,100,75,14,123,55,52,50,56,51,19,74,125"/><V126/><F120/><W32/><G123/><T46/><D112/><U127/><E72/><V33/><F1/><W49/><G32/><T130/><D132/><U103/><E133/><V87/><F117/><W96/><G100/><T10/><D58/><U108/><E35/><V121/><F36/><W8/><G96/><T48/><D37/><U134/><E103/><V118/><F105/><W29/><G125/><T42/><D84/><U25/><E134/><V122/><F33/><W131/><G131/><N who="0" m="50219" /><D95/><U113/><E127/><N who="2" m="48683" /><F118/><W54/><G29/><T86/><D86/><U2/><E2/><V111/><F122/><W83/><G83/><T41/><D41/><U62/><E15/><V129/><F121/><W71/><G71/><N who="2" m="27177" /><F129/><W34/><G34/><T57/><D57/><U31/><E6/><V30/><F30/><W61/><REACH who="3" step="1"/><G19/><REACH who="3" ten="170,154,469,197" step="2"/><T93/><D93/><U67/><E31/><V24/><F18/><W107/><G107/><T91/><D91/><U115/><REACH who="1" step="1"/><E67/><AGARI ba="2,1" hai="8,14,16,49,50,51,52,54,55,56,61,67,74,75" machi="67" ten="40,8000,1" yaku="1,1,54,2,53,1" doraHai="43" doraHaiUra="13" who="3" fromWho="1" sc="170,0,154,-86,469,0,197,96" />
</Scene>
<Scene>
<INIT seed="3,0,0,5,0,130" ten="170,68,469,293" oya="3" hai0="79,127,102,50,33,109,73,81,11,131,84,40,124" hai1="25,132,107,16,112,10,93,29,46,44,43,120,94" hai2="20,116,39,101,23,128,114,35,122,22,9,76,110" hai3="92,123,62,45,68,77,72,12,85,36,42,32,119"/><W31/><G119/><T3/><D33/><U61/><E107/><V55/><F116/><W48/><G123/><T71/><D71/><U24/><E120/><V41/><F35/><W21/><G48/><T108/><D131/><U87/><E112/><V65/><F114/><W126/><G126/><N who="0" m="48171" /><D102/><U64/><E132/><V14/><F110/><N who="0" m="42602" /><D40/><U83/><E43/><V19/><F122/><W133/><G133/><T4/><D50/><U121/><E121/><V6/><F128/><W113/><G113/><T60/><D60/><U69/><E94/><V82/><F65/><W90/><G68/><T97/><D97/><U63/><E93/><V91/><F101/><W70/><G70/><T134/><D134/><U80/><E63/><V105/><F105/><W54/><G62/><T103/><D103/><U104/><E83/><V59/><F41/><W26/><G42/><T27/><D27/><U30/><E104/><V47/><F39/><W0/><G0/><T125/><N who="0" m="48179" /><T99/><DORA hai="74" /><D99/><U56/><E29/><V89/><F47/><W2/><G2/><T96/><D96/><U118/><E69/><V135/><F135/><W111/><G111/><T13/><D3/><U51/><E118/><V98/><F98/><W18/><G36/><T49/><D49/><U38/><E51/><N who="2" m="31231" /><F6/><W100/><G100/><T57/><D57/><U58/><E38/><V34/><F34/><W86/><G32/><T66/><D66/><U5/><E58/><V7/><F7/><W53/><G72/><AGARI ba="0,0" hai="4,11,13,72,73,79,81,84" m="42602,48179" machi="72" ten="50,6400,0" yaku="18,1,14,1,52,1" doraHai="130,74" who="0" fromWho="3" sc="170,64,68,0,469,0,293,-64" owari="234,3.0,68,-43.0,469,57.0,229,-17.0" />
</Scene>
</mjloggm>