<mjloggm ver="2.3"><GO type="97"/><UN n0="%48%6F%73%75" n1="%E5%A4%AA%E3%81%8F%E3%81%AA%E3%81%84%E3%81%8A" n2="%E3%83%AD%E3%83%9E%E3%83%8D%E3%82%B9%E3%82%AF%CF%89" n3="%E3%83%AD%E3%83%B3%E7%90%86%E5%93%B2%E5%AD%A6%E3%83%AD%E3%83%B3%E8%80%83" dan="13,15,13,13" rate="1835,2068,1911,1935" sx="M,M,M,M"/><TAIKYOKU oya="0"/>

<Scene>
<INIT seed="0,0,0,2,1,111" ten="250,250,250,250" oya="0" hai0="25,15,77,0,71,20,119,97,23,83,90,12,24" hai1="41,109,110,113,69,105,122,102,14,70,53,28,89" hai2="4,27,95,88,78,133,67,101,19,30,18,128,125" hai3="116,98,6,60,66,135,26,9,107,115,126,17,16"/><T63/><D119/><U100/><E122/><V94/><F125/><W44/><G116/><T61/><D0/><U43/><E28/><V75/><F128/><W84/><G126/><T114/><D71/><N who="1" m="27147" /><E14/><V106/><F133/><W39/><G135/><T62/><D97/><U132/><E132/><V5/><F106/><W81/><G60/><T32/><D32/><U74/><E74/><V8/><F67/><W47/><G66/><T3/><D3/><U7/><E7/><V79/><F75/><W108/><G108/><N who="1" m="41578" /><E105/><V2/><F2/><W1/><G26/><T50/><D90/><U37/><E37/><V117/><F117/><W82/><G39/><T31/><D50/><U56/><E89/><V46/><F101/><N who="1" m="39017" /><E113/><V45/><F30/><W123/><G123/><T92/><D114/><U134/><E134/><V54/><F88/><W34/><G115/><T51/><D51/><AGARI ba="0,0" hai="41,43,51,53,56" m="39017,41578,27147" machi="51" ten="30,1000,0" yaku="14,1" doraHai="111" who="1" fromWho="0" sc="250,-10,250,10,250,0,250,0" />
</Scene>
<Scene>
<INIT seed="1,0,0,0,0,93" ten="240,260,250,250" oya="1" hai0="37,7,128,34,73,66,70,28,13,29,27,53,108" hai1="123,119,127,94,122,99,1,71,21,14,58,60,49" hai2="25,51,48,62,133,61,8,131,44,113,40,134,126" hai3="90,24,107,31,85,109,47,114,43,26,135,69,50"/><U91/><E119/><V79/><F79/><W63/><G109/><T46/><D108/><U101/><E1/><V75/><F75/><W6/><G114/><T11/><D73/><U2/><E2/><V9/><F25/><W86/><G107/><T67/><D128/><U20/><E71/><V98/><F131/><W39/><G135/><N who="2" m="51721" /><F113/><W36/><G6/><T42/><D70/><U118/><E118/><V80/><F80/><W38/><G86/><T15/><D53/><N who="1" m="33871" /><E122/><V97/><F126/><W100/><G100/><T120/><D120/><U59/><E123/><V41/><F48/><W68/><G63/><N who="2" m="24073" /><F40/><W132/><G132/><T5/><D29/><U76/><E76/><V18/><F18/><W0/><G0/><T105/><D105/><U110/><E127/><V56/><F56/><W82/><G26/><T96/><D96/><AGARI ba="0,0" hai="8,9,41,44,51,96,97,98" m="24073,51721" machi="96" ten="30,7700,0" yaku="20,1,52,3" doraHai="93" who="2" fromWho="0" sc="240,-77,260,0,250,77,250,0" />
</Scene>
<Scene>
<INIT seed="2,0,0,4,3,62" ten="163,260,327,250" oya="2" hai0="87,113,31,11,70,123,134,19,86,107,81,45,90" hai1="83,32,101,108,17,39,28,109,126,21,112,84,43" hai2="50,114,104,16,121,58,5,24,53,10,94,64,131" hai3="27,57,103,25,116,92,91,37,55,14,22,93,4"/><V47/><F114/><W2/><G116/><T74/><D113/><U119/><E112/><V9/><F121/><W51/><G37/><T60/><D123/><U41/><E119/><V117/><F117/><W29/><G2/><T129/><D107/><U13/><E126/><V69/><F69/><W99/><G27/><T125/><D134/><U72/><E72/><V23/><F104/><W111/><G111/><N who="1" m="42570" /><E101/><V102/><F131/><W6/><REACH who="3" step="1"/><G14/><REACH who="3" ten="163,260,327,240" step="2"/><T71/><D129/><U96/><E39/><V38/><F38/><W61/><G61/><T127/><D125/><U18/><E13/><V15/><F24/><W65/><G65/><T54/><D127/><U26/><E26/><V130/><F130/><W3/><G3/><T30/><D71/><U42/><E32/><V1/><F1/><W36/><G36/><T12/><D70/><U128/><E128/><V40/><F64/><W8/><G8/><T68/><D68/><U118/><E118/><V122/><F122/><W56/><G56/><T34/><D34/><U124/><E124/><V79/><F5/><W105/><G105/><T82/><D74/><U78/><E21/><V20/><F9/><W133/><G133/><T44/><D60/><U35/><E35/><V33/><F10/><W110/><G110/><T135/><D135/><U46/><E46/><V98/><F58/><W85/><AGARI ba="0,1" hai="4,6,22,25,29,51,55,57,85,91,92,93,99,103" machi="85" ten="20,5200,0" yaku="1,1,0,1,7,1,8,1,53,0" doraHai="62" doraHaiUra="100" who="3" fromWho="3" sc="163,-13,260,-13,327,-26,240,62" />
</Scene>
<Scene>
<INIT seed="3,0,0,5,4,65" ten="150,247,301,302" oya="3" hai0="74,85,131,9,19,28,98,112,12,135,106,4,123" hai1="2,23,10,60,3,90,41,75,103,83,133,118,13" hai2="57,94,67,110,111,44,96,125,7,56,95,64,80" hai3="63,126,6,24,117,59,16,79,53,114,62,84,104"/><W78/><G104/><T102/><D123/><U49/><E103/><N who="2" m="60823" /><F95/><W55/><G117/><T0/><D112/><U77/><E118/><V108/><F7/><W27/><G126/><T120/><D131/><U30/><E133/><V14/><F14/><W91/><G114/><T99/><D120/><U86/><E60/><N who="3" m="23082" /><G6/><T122/><D122/><U36/><E36/><V32/><F125/><W33/><G33/><T21/><D135/><U113/><E113/><V132/><F132/><W127/><G127/><T76/><D74/><U69/><E69/><V22/><F32/><W43/><G43/><T107/><D76/><N who="3" m="29225" /><G59/><N who="2" m="22601" /><F22/><N who="3" m="13383" /><G27/><T130/><D130/><U134/><E134/><V18/><F18/><W47/><G47/><T119/><D119/><U68/><E68/><V40/><F80/><AGARI ba="0,0" hai="53,55,80,84,91" m="13383,29225,23082" machi="80" ten="30,2900,0" yaku="8,1,54,1" doraHai="65" who="3" fromWho="2" sc="150,0,247,0,301,-29,302,29" owari="150,-35.0,247,-15.0,272,7.0,331,43.0" />
</Scene>
</mjloggm>