<mjloggm ver="2.3"><GO type="169"/><UN n0="%E3%81%99%E3%81%9F%E3%83%BC%E3%82%89%E3%81%84%E3%81%A8%E3%81%B3%E3%83%BC" n1="%E7%8B%AC%E6%AD%A9" n2="%E5%A4%AA%E3%81%8F%E3%81%AA%E3%81%84%E3%81%8A" n3="%E5%94%90%E6%8F%9A%E5%A4%A7%E5%A5%BD%E3%81%8D" dan="16,17,17,17" rate="2076,2184,2138,2193" sx="F,M,M,M"/><TAIKYOKU oya="0"/>

<Scene>
<INIT seed="0,0,0,3,5,4" ten="250,250,250,250" oya="0" hai0="67,1,35,11,120,58,126,112,0,117,26,101,15" hai1="37,34,30,64,25,66,51,119,121,10,28,16,110" hai2="27,2,57,108,107,76,48,29,97,40,70,12,18" hai3="95,6,127,42,131,104,56,65,123,77,89,14,93"/><T33/><D120/><U99/><E37/><V43/><F70/><W54/><G104/><T5/><D117/><U46/><E119/><V132/><F2/><W72/><G123/><T55/><D112/><U75/><E75/><V8/><F108/><W81/><G131/><T32/><D67/><U31/><E110/><V103/><F132/><W78/><G127/><T124/><D101/><U45/><E121/><V102/><F76/><W47/><G65/><T135/><D135/><U111/><E111/><V98/><F57/><W88/><G77/><T61/><REACH who="0" step="1"/><D26/><REACH who="0" ten="240,250,250,250" step="2"/><U7/><E64/><V115/><F115/><W90/><G72/><T20/><D20/><N who="1" m="13447" /><E34/><V73/><F73/><W109/><G109/><T134/><D134/><U59/><E66/><V100/><F100/><W41/><G78/><T50/><D50/><U87/><E51/><V129/><F48/><W92/><G81/><T106/><D106/><U86/><E59/><V105/><F129/><W84/><G84/><T52/><D52/><U96/><E46/><V19/><REACH who="2" step="1"/><F18/><REACH who="2" ten="240,250,240,250" step="2"/><W130/><G130/><T13/><D13/><N who="1" m="5343" /><E45/><V71/><F71/><W21/><G47/><T79/><D79/><U128/><E128/><V133/><F133/><W114/><G114/><T80/><D80/><U85/><AGARI ba="0,2" hai="28,30,31,85,86,87,96,99" m="5343,13447" machi="85" ten="30,4000,0" yaku="8,1,52,1,54,1" doraHai="4" who="1" fromWho="1" sc="240,-20,250,60,240,-10,250,-10" />
</Scene>
<Scene>
<INIT seed="1,0,0,4,3,108" ten="220,310,230,240" oya="1" hai0="58,38,83,43,59,13,92,62,115,111,61,50,66" hai1="81,56,107,104,24,20,77,89,63,119,98,127,45" hai2="70,80,125,101,120,26,34,11,39,31,35,53,22" hai3="8,10,122,27,105,113,135,103,74,36,33,18,17"/><U76/><E119/><V57/><F120/><W37/><G74/><T1/><D1/><U79/><E127/><V116/><F116/><W14/><G122/><T133/><D111/><U5/><E5/><V60/><F39/><W88/><G135/><T6/><D133/><U52/><E45/><V131/><F125/><W48/><G113/><T42/><D115/><U91/><E81/><V75/><F131/><W7/><G48/><T21/><D38/><U2/><E2/><V55/><F70/><W121/><G121/><T78/><D92/><U71/><E71/><V15/><F101/><W44/><G36/><T47/><D43/><U94/><REACH who="1" step="1"/><E91/><REACH who="1" ten="220,300,230,240" step="2"/><V32/><F80/><W64/><G44/><T132/><D132/><U29/><AGARI ba="0,1" hai="20,24,29,52,56,63,76,77,79,89,94,98,104,107" machi="29" ten="30,11700,0" yaku="1,1,2,1,0,1,54,1,53,0" doraHai="108" doraHaiUra="123" who="1" fromWho="1" sc="220,-39,300,127,230,-39,240,-39" />
</Scene>
<Scene>
<INIT seed="1,1,0,5,5,39" ten="181,427,191,201" oya="1" hai0="100,8,112,106,76,50,89,65,2,134,84,80,23" hai1="104,46,52,0,19,131,114,129,64,63,72,107,120" hai2="69,59,85,82,125,88,9,108,17,41,6,14,54" hai3="61,113,94,31,116,117,92,38,44,27,73,5,32"/><U28/><E0/><V118/><F118/><N who="3" m="45675" /><G113/><T115/><D65/><U102/><E72/><V91/><F69/><W96/><G73/><T123/><D23/><U20/><E28/><V4/><F108/><W135/><G135/><T79/><D50/><N who="1" m="28759" /><E102/><V42/><F125/><W45/><G5/><N who="2" m="2153" /><F91/><N who="3" m="55327" /><G38/><T26/><D2/><U74/><E74/><V16/><F17/><W56/><G94/><T101/><D134/><U105/><E120/><V7/><N who="2" m="2161" /><V97/><DORA hai="81" /><F97/><W22/><G32/><T53/><D123/><U87/><E114/><V98/><F98/><W47/><G47/><T43/><D115/><U13/><E87/><V133/><F133/><W3/><G3/><T40/><D84/><U122/><E122/><V35/><F35/><W48/><G48/><AGARI ba="1,0" hai="9,14,16,41,42,48,54,59,82,85,88" m="2161" machi="48" ten="30,12000,2" yaku="8,1,52,3,54,2" doraHai="39,81" who="2" fromWho="3" sc="181,0,427,0,191,123,201,-123" />
</Scene>
<Scene>
<INIT seed="2,0,0,2,5,115" ten="181,427,314,78" oya="2" hai0="119,30,85,19,127,69,109,44,57,7,59,87,124" hai1="33,4,103,47,93,100,107,80,35,83,108,53,29" hai2="36,106,95,12,65,130,118,63,110,17,45,117,26" hai3="9,68,86,84,42,76,27,32,52,40,102,131,129"/><V49/><F106/><W23/><G68/><T13/><D69/><U114/><E114/><V60/><F36/><W90/><G32/><T97/><D30/><U112/><E112/><V91/><F26/><W1/><G102/><T132/><D7/><U25/><E108/><V126/><F126/><W64/><G64/><T133/><D44/><U67/><E67/><V51/><F130/><N who="3" m="49675" /><G76/><T113/><D97/><U3/><E107/><V101/><F101/><W41/><G1/><T77/><D113/><U16/><E4/><V134/><F134/><N who="0" m="51818" /><D109/><U31/><E3/><V104/><F104/><W22/><G9/><T21/><D77/><U11/><E35/><V18/><F110/><W71/><G71/><T135/><D135/><U38/><E31/><V122/><F122/><W98/><G98/><T89/><D85/><N who="3" m="32873" /><G90/><T105/><D105/><U62/><E100/><V128/><F128/><W34/><G34/><T39/><D39/><U96/><E38/><V14/><F65/><W66/><G66/><T56/><D89/><U20/><E11/><V48/><F45/><W50/><G27/><T116/><D87/><U78/><E78/><V15/><F91/><W10/><G10/><T81/><D81/><U70/><E70/><V55/><F95/><W24/><G24/><T79/><D79/><U6/><E6/><V58/><REACH who="2" step="1"/><F63/><REACH who="2" ten="181,427,304,78" step="2"/><W5/><G5/><T46/><D46/><AGARI ba="0,1" hai="22,23,40,41,42,46,50,52" m="32873,49675" machi="46" ten="30,2000,0" yaku="19,1,54,1" doraHai="115" who="3" fromWho="0" sc="181,-20,427,0,304,0,78,30" />
</Scene>
<Scene>
<INIT seed="3,0,0,2,1,28" ten="161,427,304,108" oya="3" hai0="122,20,46,124,78,57,56,134,125,71,89,133,80" hai1="18,49,87,15,108,84,14,35,44,8,32,16,69" hai2="75,88,135,65,42,31,92,103,132,60,67,126,50" hai3="34,111,116,106,121,25,24,77,129,4,5,0,110"/><W17/><G106/><T29/><D71/><U52/><E69/><V115/><F115/><W62/><G77/><T97/><D122/><U113/><E108/><N who="3" m="41514" /><G62/><T114/><D46/><U83/><E113/><V43/><F75/><W40/><G40/><N who="2" m="15401" /><F103/><W93/><G93/><N who="0" m="56495" /><D114/><U76/><E87/><N who="2" m="52255" /><F126/><N who="0" m="48746" /><D20/><AGARI ba="0,0" hai="8,14,15,16,18,20,32,35,44,49,52,76,83,84" machi="20" ten="30,8000,1" yaku="7,1,52,2,54,2" doraHai="28" who="1" fromWho="0" sc="161,-80,427,80,304,0,108,0" />
</Scene>
<Scene>
<INIT seed="4,0,0,0,0,28" ten="81,507,304,108" oya="0" hai0="111,58,122,86,41,70,100,33,118,71,67,128,18" hai1="27,43,2,38,4,25,114,0,53,32,54,113,37" hai2="56,13,52,19,106,23,64,9,112,82,116,115,80" hai3="133,79,20,60,26,94,12,35,88,117,121,85,91"/><T3/><D118/><U119/><E43/><V17/><F106/><W131/><G117/><T16/><D122/><U77/><E77/><V49/><F116/><W61/><G121/><T95/><D3/><U36/><E119/><V62/><F115/><N who="1" m="44041" /><E4/><V21/><F112/><W30/><G133/><T134/><D41/><U109/><E109/><V124/><F124/><W59/><G131/><T14/><D128/><U123/><E123/><V45/><REACH who="2" step="1"/><F9/><REACH who="2" ten="81,507,294,108" step="2"/><W98/><G79/><T93/><D134/><U55/><E32/><V73/><F73/><W75/><G75/><T83/><D33/><U107/><E107/><V130/><F130/><W101/><G35/><T135/><D135/><U34/><E34/><V127/><F127/><W40/><G40/><T105/><D111/><U63/><E63/><V66/><F66/><N who="3" m="39199" /><G61/><N who="0" m="38327" /><D105/><U48/><E48/><V46/><F46/><W81/><G101/><T24/><D100/><U99/><E99/><V72/><F72/><W89/><G89/><N who="0" m="51423" /><D70/><U29/><E29/><V65/><F65/><W68/><G68/><T57/><D71/><U97/><E97/><V78/><F78/><W50/><G50/><T84/><D84/><U7/><E7/><V69/><F69/><W39/><G39/><T22/><D57/><U8/><E8/><AGARI ba="0,1" hai="8,14,16,18,22,24,93,95" m="51423,38327" machi="8" ten="30,2900,0" yaku="8,1,54,1" doraHai="28" who="0" fromWho="1" sc="81,39,507,-29,294,0,108,0" />
</Scene>
<Scene>
<INIT seed="4,1,0,4,3,118" ten="120,478,294,108" oya="0" hai0="13,98,104,12,1,9,120,96,57,0,78,47,112" hai1="73,79,31,20,97,93,80,91,33,21,14,121,40" hai2="67,25,24,36,39,28,114,125,127,49,8,77,108" hai3="95,103,71,65,53,81,89,119,17,19,48,113,37"/><T131/><D78/><U2/><E2/><V86/><F108/><W117/><G37/><T116/><D116/><U84/><E121/><V59/><F114/><W85/><G113/><T52/><D112/><U34/><E40/><V107/><F107/><W88/><G103/><T58/><D120/><U35/><E31/><V26/><F28/><W43/><G43/><T100/><D131/><U45/><E45/><V130/><F130/><W75/><G119/><T68/><D68/><U72/><E14/><V101/><F101/><W18/><G117/><T4/><D13/><U50/><E50/><V74/><F74/><W41/><G41/><T7/><D98/><U11/><E11/><V63/><F8/><W29/><G29/><T62/><D7/><U66/><E66/><V87/><F49/><W76/><G89/><T111/><D111/><U102/><REACH who="1" step="1"/><E73/><REACH who="1" ten="120,468,294,108" step="2"/><V90/><F36/><W134/><G65/><T55/><D47/><U30/><E30/><V27/><F39/><W5/><G75/><T122/><D122/><U10/><E10/><V32/><F26/><W94/><G48/><AGARI ba="1,1" hai="0,1,4,9,12,48,52,55,57,58,62,96,100,104" machi="48" ten="30,2900,0" yaku="7,1,54,1" doraHai="118" who="0" fromWho="3" sc="120,42,468,0,294,0,108,-32" />
</Scene>
<Scene>
<INIT seed="4,2,0,4,0,33" ten="162,468,294,76" oya="0" hai0="85,71,88,127,35,116,29,4,121,83,95,115,111" hai1="67,125,112,64,73,117,23,11,114,76,7,13,43" hai2="28,9,12,100,50,17,42,19,3,54,37,131,74" hai3="103,102,39,124,47,5,87,119,18,8,38,91,62"/><T48/><D121/><U55/><E117/><V21/><F74/><W27/><G119/><T122/><D122/><U90/><E125/><V2/><F131/><W77/><G124/><T129/><D116/><U133/><E133/><V110/><F110/><W32/><G77/><T65/><D127/><U126/><E126/><V25/><F100/><W52/><G32/><T86/><D129/><U53/><E43/><V75/><F75/><W108/><G108/><T51/><D111/><U106/><E106/><V24/><F37/><W80/><G38/><T72/><D72/><U40/><E40/><V104/><F42/><W92/><G39/><T69/><D4/><U105/><E90/><V60/><F60/><W98/><G103/><T46/><D115/><N who="1" m="44075" /><E105/><V68/><F68/><W84/><G84/><T22/><D35/><U81/><E23/><V113/><F104/><W0/><G27/><T49/><D46/><U109/><E109/><V135/><F113/><W134/><G134/><T78/><REACH who="0" step="1"/><D65/><AGARI ba="2,0" hai="7,11,13,53,55,64,65,67,73,76,81" m="44075" machi="65" ten="30,2000,0" yaku="15,1,11,1" doraHai="33" who="1" fromWho="0" sc="162,-26,468,26,294,0,76,0" />
</Scene>
<Scene>
<INIT seed="5,0,0,2,4,74" ten="136,494,294,76" oya="1" hai0="10,75,72,77,3,33,81,116,27,65,66,114,104" hai1="117,11,34,124,132,70,131,130,73,35,21,20,67" hai2="30,129,103,25,105,5,89,95,24,15,119,29,52" hai3="4,102,54,26,50,16,121,101,1,90,40,0,64"/><U63/><E117/><V135/><F119/><W17/><G121/><T128/><D116/><U86/><E73/><V88/><F129/><N who="1" m="49161" /><E124/><V7/><F135/><W91/><G64/><T28/><D128/><U122/><E122/><V49/><F105/><W106/><G40/><T39/><D104/><U55/><E132/><V60/><F60/><W109/><G106/><T100/><D100/><U12/><E55/><V92/><F103/><W18/><G109/><T61/><D114/><U112/><E112/><V84/><F15/><W45/><G26/><N who="2" m="10345" /><F5/><W85/><G90/><T69/><D66/><U31/><E86/><N who="2" m="52247" /><F7/><W126/><G126/><T46/><D75/><U120/><E120/><V98/><F84/><W107/><G107/><T13/><D13/><U127/><E127/><V23/><F23/><N who="1" m="8777" /><E31/><V22/><F22/><W110/><G110/><T19/><D19/><AGARI ba="0,0" hai="11,12,19,34,35,63,67,70" m="8777,49161" machi="19" ten="30,1500,0" yaku="19,1" doraHai="74" who="1" fromWho="0" sc="136,-15,494,15,294,0,76,0" />
</Scene>
<Scene>
<INIT seed="5,1,0,1,3,8" ten="121,509,294,76" oya="1" hai0="78,110,82,37,46,50,123,119,23,45,24,54,1" hai1="125,95,73,43,3,28,59,0,107,113,65,77,5" hai2="101,89,103,55,34,96,40,53,122,92,27,4,68" hai3="76,33,93,94,58,81,124,35,80,61,118,26,85"/><U7/><E107/><V134/><F122/><W84/><G124/><T109/><D123/><U47/><E28/><V91/><F68/><W48/><G118/><T66/><D119/><U132/><E125/><V75/><F75/><W36/><G36/><T98/><D1/><U121/><E121/><V69/><F69/><W74/><G74/><T90/><D66/><U60/><E132/><V129/><F134/><W99/><G48/><T25/><D25/><U106/><E106/><V64/><F129/><W130/><G130/><T117/><D117/><U21/><E21/><V57/><F40/><W16/><G35/><T127/><D127/><U87/><E113/><V29/><F4/><W62/><G33/><T100/><D90/><U72/><E7/><V20/><F34/><W111/><G111/><T39/><D45/><U88/><E5/><V49/><F64/><W12/><G26/><T115/><D115/><U97/><E72/><V105/><F105/><W44/><G44/><T19/><D109/><U120/><E73/><V9/><F9/><N who="3" m="6159" /><G58/><T112/><D110/><U51/><E120/><V114/><F114/><W131/><G131/><T11/><D112/><U71/><E71/><V15/><F57/><W67/><G67/><T31/><D39/><U18/><E18/><V128/><F128/><W86/><G76/><T83/><D78/><U133/><E133/><V126/><F126/><W52/><G52/><T41/><D54/><U38/><E38/><V13/><F55/><W17/><G17/><T14/><D37/><U116/><E116/><V2/><F53/><W30/><G30/><RYUUKYOKU ba="1,0" sc="121,15,509,15,294,-15,76,-15" hai0="11,14,19,23,24,31,41,46,50,82,83,98,100" hai1="0,3,43,47,51,59,60,65,77,87,88,95,97" />
</Scene>
<Scene>
<INIT seed="5,2,0,3,1,2" ten="136,524,279,61" oya="1" hai0="96,35,75,44,8,28,7,109,82,66,24,98,105" hai1="125,55,21,16,53,11,134,102,124,81,58,87,94" hai2="47,97,51,48,110,23,83,107,126,54,12,13,128" hai3="103,19,74,104,22,76,3,114,79,29,101,111,14"/><U85/><E134/><V27/><F110/><W113/><G111/><T95/><D109/><U106/><E106/><V127/><F128/><W73/><G3/><T49/><D66/><U38/><E38/><V116/><F116/><W61/><G29/><T60/><D60/><U26/><E55/><V5/><F83/><W91/><G61/><T123/><D123/><U108/><E108/><V131/><F131/><W80/><G91/><T30/><D30/><U9/><E87/><V59/><F107/><W56/><G56/><T40/><D105/><U92/><E124/><N who="2" m="47659" /><F97/><W93/><G93/><N who="1" m="35946" /><E102/><V68/><F68/><W18/><G104/><T50/><D96/><U77/><E125/><V122/><F122/><W129/><G129/><T100/><D82/><U71/><E71/><V25/><F5/><W63/><G63/><AGARI ba="2,0" hai="9,11,16,21,26,53,58,63,77,81,85" m="35946" machi="63" ten="30,2900,0" yaku="8,1,54,1" doraHai="2" who="1" fromWho="3" sc="136,0,524,35,279,0,61,-35" />
</Scene>
<Scene>
<INIT seed="5,3,0,5,3,67" ten="136,559,279,26" oya="1" hai0="96,51,26,31,109,50,42,43,63,13,132,122,84" hai1="11,16,2,129,135,59,102,32,92,117,101,93,72" hai2="68,110,90,98,125,44,0,97,61,134,24,14,94" hai3="75,73,91,3,48,8,128,104,126,47,27,120,49"/><U107/><E32/><V9/><F110/><W76/><G104/><T21/><D109/><U114/><E72/><V85/><F0/><W29/><G120/><T15/><D132/><U34/><E34/><V124/><F134/><W100/><G100/><T56/><D122/><U66/><E135/><V86/><F24/><W95/><G126/><N who="2" m="48745" /><F44/><W119/><G119/><T111/><D111/><U79/><E117/><V35/><F35/><W54/><G128/><T57/><D96/><U46/><E46/><V23/><F23/><W130/><G130/><T41/><D84/><N who="2" m="32362" /><F98/><W20/><G48/><N who="0" m="18475" /><D57/><U30/><E129/><V82/><F82/><W1/><G76/><T17/><D31/><U4/><E79/><V74/><F74/><W99/><G1/><T6/><D6/><U71/><E30/><V116/><F116/><W133/><G133/><T55/><AGARI ba="3,0" hai="13,15,17,21,26,41,42,43,55,56,63" m="18475" machi="55" ten="30,1100,0" yaku="8,1" doraHai="67" who="0" fromWho="0" sc="136,20,559,-8,279,-6,26,-6" />
</Scene>
<Scene>
<INIT seed="6,0,0,2,3,19" ten="156,551,273,20" oya="2" hai0="115,74,9,90,40,36,119,55,97,58,17,16,118" hai1="93,11,65,45,56,54,92,117,129,102,35,80,75" hai2="63,96,13,28,83,12,37,108,128,52,25,59,48" hai3="72,85,99,70,134,79,43,7,39,132,84,125,26"/><V71/><F128/><W32/><G70/><T29/><D74/><U27/><E129/><V57/><F71/><W8/><G99/><T20/><D36/><U94/><E65/><V67/><F37/><W5/><G125/><T100/><D40/><U126/><E45/><V2/><F2/><N who="3" m="55" /><G7/><T33/><D90/><U135/><E135/><N who="3" m="51754" /><G26/><T103/><D115/><U105/><E27/><V107/><F108/><W64/><G64/><T46/><D46/><U109/><E105/><V88/><F107/><W14/><G14/><T61/><D33/><U24/><E35/><V133/><F133/><W42/><G32/><T18/><D9/><U122/><E11/><V81/><F12/><W111/><G111/><T123/><D123/><U47/><E122/><V62/><F13/><W69/><G69/><T113/><D113/><U4/><E24/><V112/><F112/><W131/><G131/><T86/><D86/><N who="3" m="33385" /><G39/><T82/><D82/><AGARI ba="0,0" hai="42,43,72,79,82" m="33385,51754,55" machi="82" ten="30,1000,0" yaku="20,1" doraHai="19" who="3" fromWho="0" sc="156,-10,551,0,273,0,20,10" />
</Scene>
<Scene>
<INIT seed="7,0,0,2,0,18" ten="146,551,273,30" oya="3" hai0="66,17,90,122,86,48,96,52,43,73,88,91,11" hai1="46,38,125,98,123,105,131,124,44,64,22,132,67" hai2="5,15,103,99,110,112,78,42,130,14,28,58,47" hai3="74,81,56,118,63,36,27,79,39,93,102,20,87"/><W71/><G71/><T23/><D73/><U97/><E105/><V26/><F112/><W92/><G118/><T133/><D133/><U13/><E38/><V50/><F130/><W72/><G39/><T32/><D32/><U2/><E2/><V95/><F110/><W37/><G37/><T80/><D122/><U120/><E13/><V40/><F78/><W29/><G36/><T82/><D66/><U85/><E85/><V19/><F5/><W16/><G92/><N who="0" m="56351" /><D43/><U51/><E51/><V76/><F76/><W135/><G135/><T101/><D11/><U21/><E132/><V59/><F42/><W128/><G128/><AGARI ba="0,0" hai="21,22,44,46,64,67,97,98,120,123,124,125,128,131" machi="128" ten="25,6400,0" yaku="22,2,52,2" doraHai="18" who="1" fromWho="3" sc="146,0,551,64,273,0,30,-64" owari="146,-25.0,615,71.0,273,7.0,-34,-53.0" />
</Scene>
</mjloggm>