<mjloggm ver="2.3"><GO type="41"/><UN n0="%E3%82%A8%E3%83%AA%E3%82%AB" n1="%71%77%65%71%77%65%33" n2="%E5%A4%AA%E3%81%8F%E3%81%AA%E3%81%84%E3%81%8A" n3="%E5%8C%97%E8%A6%8B%E6%99%82%E9%9B%A8" dan="15,14,14,13" rate="2032,1887,2013,1859" sx="F,M,M,M"/><TAIKYOKU oya="0"/>

<Scene>
<INIT seed="0,0,0,4,5,15" ten="250,250,250,250" oya="0" hai0="58,65,67,22,52,8,3,126,1,47,60,74,46" hai1="112,105,68,80,134,86,32,14,77,135,24,42,6" hai2="100,64,70,35,40,96,132,72,9,122,79,124,10" hai3="110,95,91,94,51,63,16,57,48,55,118,125,87"/><T29/><D74/><U19/><E105/><V93/><F122/><W39/><G39/><T27/><D126/><U117/><E68/><V84/><F124/><W99/><G110/><T73/><D73/><U115/><E117/><V82/><F132/><N who="1" m="50729" /><E42/><V106/><F35/><W13/><G118/><T43/><D8/><N who="1" m="6599" /><E6/><V76/><F40/><W120/><G120/><T78/><D78/><U89/><E24/><V66/><F76/><W59/><G59/><T90/><D1/><U133/><N who="1" m="50737" /><U75/><DORA hai="28" /><E32/><V116/><F116/><W71/><G125/><T114/><D3/><U131/><E131/><V104/><F104/><W101/><G71/><T121/><D121/><U127/><E127/><V88/><F70/><W23/><AGARI ba="0,0" hai="13,16,23,48,51,55,57,63,87,91,94,95,99,101" machi="23" ten="20,8000,1" yaku="0,1,7,1,8,1,52,1,54,1" doraHai="15,28" who="3" fromWho="3" sc="250,-40,250,-20,250,-20,250,80" />
</Scene>
<Scene>
<INIT seed="1,0,0,2,3,120" ten="210,230,230,330" oya="1" hai0="97,66,46,43,45,85,29,11,14,51,27,42,99" hai1="10,93,4,84,37,132,72,105,15,101,135,56,44" hai2="40,94,73,69,48,12,103,125,83,68,31,130,39" hai3="89,13,26,129,17,34,65,121,0,7,57,24,127"/><U33/><E33/><V80/><F39/><W49/><G121/><T98/><D66/><U70/><E72/><V35/><F35/><W47/><G127/><T90/><D27/><U20/><E70/><V74/><F31/><W112/><G129/><T19/><D29/><U64/><E105/><V53/><F40/><N who="0" m="15402" /><D51/><U116/><E116/><V119/><F119/><W41/><G34/><T100/><D100/><U96/><E37/><V32/><F32/><W86/><G7/><T111/><D111/><U3/><E44/><V38/><F38/><W117/><G0/><T62/><D62/><U30/><E84/><V75/><F125/><W87/><G87/><T81/><AGARI ba="0,0" hai="11,14,19,45,46,81,85,90,97,98,99" m="15402" machi="81" ten="30,1100,0" yaku="8,1" doraHai="120" who="0" fromWho="0" sc="210,11,230,-5,230,-3,330,-3" />
</Scene>
<Scene>
<INIT seed="2,0,0,2,4,59" ten="221,225,227,327" oya="2" hai0="124,67,28,5,57,33,34,45,100,46,107,20,115" hai1="80,2,27,88,96,81,77,29,41,54,82,130,94" hai2="17,112,116,32,61,103,10,95,8,14,121,84,38" hai3="51,87,132,89,135,66,18,26,4,91,42,93,21"/><V1/><F121/><W125/><G4/><T6/><D115/><U92/><E2/><V52/><F112/><W58/><G125/><T131/><D107/><U31/><E130/><V30/><F116/><W63/><G42/><T70/><D70/><U106/><E41/><V98/><F38/><W39/><G39/><T68/><D68/><U73/><E54/><V15/><F1/><W12/><G51/><T75/><D75/><U110/><E110/><V35/><F84/><W119/><G119/><T16/><D100/><U3/><E3/><V108/><F30/><W97/><REACH who="3" step="1"/><G26/><REACH who="3" ten="221,225,227,317" step="2"/><N who="0" m="14599" /><D5/><U109/><E109/><V118/><F118/><W79/><G79/><T24/><D6/><U47/><E47/><V65/><F108/><W117/><G117/><T19/><D45/><U113/><E113/><V86/><F15/><W120/><G120/><T126/><D24/><U72/><E27/><V7/><F14/><W62/><G62/><T43/><D46/><U78/><E29/><V36/><F7/><W123/><G123/><T11/><D28/><U85/><E31/><V40/><F36/><W71/><G71/><T23/><D43/><U129/><E129/><V133/><F40/><W101/><G101/><AGARI ba="0,1" hai="72,73,77,78,80,81,82,85,88,92,94,96,101,106" machi="101" ten="40,16000,3" yaku="9,1,35,6,54,1" doraHai="59" who="1" fromWho="3" sc="221,0,225,170,227,0,317,-160" />
</Scene>
<Scene>
<INIT seed="3,0,0,4,3,113" ten="221,395,227,157" oya="3" hai0="26,34,11,94,129,6,115,30,124,10,50,76,87" hai1="83,112,133,57,60,78,114,111,131,61,97,70,5" hai2="67,7,73,117,107,79,25,47,110,54,81,63,23" hai3="132,68,46,99,119,126,49,72,44,51,27,35,125"/><W77/><G68/><T42/><D115/><U74/><E111/><V55/><F110/><W91/><G77/><T62/><D124/><N who="3" m="47721" /><G72/><T8/><D129/><U95/><E131/><V101/><F7/><W128/><G128/><T89/><D76/><U122/><E122/><V48/><F117/><W16/><G119/><T106/><D106/><U31/><E133/><V103/><F55/><W123/><G123/><T13/><REACH who="0" step="1"/><D62/><REACH who="0" ten="211,395,227,157" step="2"/><U100/><E114/><V58/><REACH who="2" step="1"/><F107/><REACH who="2" ten="211,395,217,157" step="2"/><W120/><G120/><T15/><D15/><U109/><E112/><V41/><F41/><W36/><G132/><T82/><D82/><U12/><E109/><V32/><F32/><W28/><G36/><T9/><D9/><U71/><E71/><V19/><AGARI ba="0,2" hai="19,23,25,47,48,54,58,63,67,73,79,81,101,103" machi="19" ten="20,2700,0" yaku="1,1,0,1,7,1,53,0" doraHai="113" doraHaiUra="37" who="2" fromWho="2" sc="211,-7,395,-7,217,47,157,-13" />
</Scene>
<Scene>
<INIT seed="4,0,0,1,3,46" ten="204,388,264,144" oya="0" hai0="131,82,62,96,54,80,121,67,89,48,68,20,110" hai1="105,95,59,130,35,129,51,76,40,57,78,115,56" hai2="114,119,85,72,128,60,13,0,6,106,79,71,55" hai3="70,34,45,104,49,29,99,61,81,26,63,100,84"/><T113/><D121/><U47/><E105/><V42/><F106/><W86/><G63/><T36/><D36/><U98/><E35/><V31/><F114/><W112/><G112/><T4/><D113/><U101/><REACH who="1" step="1"/><E115/><REACH who="1" ten="204,378,264,144" step="2"/><V44/><F119/><W120/><G120/><T65/><D110/><U33/><E33/><V2/><F128/><AGARI ba="0,1" hai="40,47,51,56,57,59,76,78,95,98,101,128,129,130" machi="128" ten="40,12000,2" yaku="1,1,19,1,52,1,53,3" doraHai="46" doraHaiUra="53" who="1" fromWho="2" sc="204,0,378,130,264,-120,144,0" />
</Scene>
<Scene>
<INIT seed="5,0,0,3,3,102" ten="204,508,144,144" oya="1" hai0="70,82,74,2,49,35,116,109,73,71,30,39,117" hai1="44,119,106,80,45,85,58,1,120,89,65,46,61" hai2="133,135,12,33,57,75,32,81,59,28,41,18,100" hai3="25,62,19,67,11,26,114,47,122,121,14,24,118"/><U94/><E119/><V55/><F41/><W90/><G118/><T31/><D49/><U7/><E120/><V98/><F75/><W4/><G114/><T77/><D39/><U10/><E94/><N who="2" m="58455" /><F81/><W54/><G67/><T78/><D2/><U131/><E131/><V76/><F76/><W108/><G108/><T48/><D82/><U8/><REACH who="1" step="1"/><E10/><REACH who="1" ten="204,498,144,144" step="2"/><V69/><F135/><W34/><G122/><T15/><D117/><U127/><E127/><V17/><F133/><W112/><G121/><T111/><D116/><U23/><E23/><V84/><F33/><W68/><G112/><T50/><D35/><U132/><E132/><V22/><F22/><W99/><G34/><T128/><D128/><U125/><E125/><V21/><F21/><N who="3" m="13375" /><G68/><T83/><D111/><U92/><E92/><V103/><F69/><W13/><G13/><T134/><D109/><U52/><E52/><V107/><F55/><W72/><G72/><T124/><D134/><U110/><E110/><V29/><F12/><W105/><G105/><AGARI ba="0,1" hai="1,7,8,44,45,46,58,61,65,80,85,89,105,106" machi="105" ten="40,12000,1" yaku="1,1,52,2,53,1" doraHai="102" doraHaiUra="0" who="1" fromWho="3" sc="204,0,498,130,144,0,144,-120" />
</Scene>
<Scene>
<INIT seed="5,1,0,3,0,69" ten="204,628,144,24" oya="1" hai0="9,106,84,6,47,16,100,121,127,94,10,68,57" hai1="44,0,7,125,82,128,58,113,132,4,118,83,49" hai2="27,28,92,85,26,40,1,117,12,110,76,74,5" hai3="90,111,104,81,112,101,78,61,116,87,79,80,23"/><U77/><E118/><V109/><F117/><W65/><G23/><T45/><D68/><U91/><E113/><V105/><F105/><W62/><G116/><T34/><D106/><U88/><E125/><V55/><F1/><W72/><G112/><T123/><D34/><U107/><E107/><V48/><F40/><W20/><G20/><T131/><D127/><U15/><E132/><V70/><F70/><W120/><G120/><N who="0" m="46155" /><D131/><U73/><E128/><V130/><F130/><W29/><G29/><T63/><D16/><U19/><E0/><V119/><F119/><W46/><G46/><N who="0" m="17419" /><D6/><U41/><E58/><V2/><F5/><W51/><G51/><T22/><D22/><U122/><E122/><V54/><F48/><W39/><G39/><T133/><D133/><U35/><E35/><V36/><F36/><W75/><G111/><T50/><D50/><U14/><E14/><V71/><F12/><W42/><G65/><N who="0" m="39151" /><D84/><U53/><E41/><V126/><F85/><W115/><G42/><T37/><D37/><U93/><E83/><V33/><F33/><W102/><G115/><T17/><D17/><U135/><E135/><V8/><F126/><W25/><G25/><T13/><D13/><U103/><E103/><V96/><F26/><W56/><G56/><T32/><D32/><U108/><E108/><V59/><F27/><W64/><G64/><T95/><D100/><U30/><E30/><V124/><F124/><W98/><G101/><T134/><D134/><U99/><E91/><N who="2" m="55327" /><F110/><W43/><G43/><T67/><D67/><U31/><E31/><V129/><F109/><RYUUKYOKU ba="1,0" sc="204,10,628,10,144,-30,24,10" hai0="9,10,94,95" hai1="4,7,15,19,44,49,53,73,77,82,88,93,99" hai3="61,62,72,75,78,79,80,81,87,90,98,102,104" />
</Scene>
<Scene>
<INIT seed="5,2,0,4,2,78" ten="214,638,114,34" oya="1" hai0="52,86,24,43,106,10,29,118,87,115,15,14,65" hai1="20,95,131,58,28,32,63,97,94,125,12,27,7" hai2="34,41,11,51,40,5,57,71,60,100,30,72,76" hai3="85,98,109,53,128,122,6,99,84,13,93,75,89"/><U23/><E131/><V35/><F100/><W61/><G75/><T102/><D118/><U39/><E39/><V92/><F71/><W62/><G122/><T117/><D117/><U49/><E125/><V113/><F113/><W70/><G109/><T83/><D65/><U42/><E7/><V45/><F41/><W135/><G128/><T22/><D43/><U48/><E42/><V130/><F130/><W36/><G36/><T73/><D115/><U8/><E32/><V90/><F30/><W2/><G2/><T21/><D73/><U44/><E44/><V133/><F133/><W33/><G33/><T25/><D106/><U134/><E134/><V56/><F56/><W82/><G135/><T1/><D102/><N who="1" m="60727" /><E95/><V66/><F76/><N who="3" m="46151" /><G70/><T88/><D1/><U123/><E123/><V116/><F72/><W104/><G104/><T26/><D87/><U112/><E112/><V74/><F74/><W124/><G124/><T108/><D108/><U4/><E20/><V107/><F116/><W67/><G67/><AGARI ba="2,0" hai="4,8,12,23,27,28,48,49,58,63,67" m="60727" machi="67" ten="30,2900,0" yaku="25,1,8,1" doraHai="78" who="1" fromWho="3" sc="214,0,638,35,114,0,34,-35" owari="214,1.0,673,78.0,114,-29.0,-1,-50.0" />
</Scene>
</mjloggm>