<mjloggm ver="2.3"><GO type="97"/><UN n0="%E3%82%B5%E3%82%A4%E3%82%BF%E3%83%9E%EF%BD%9E%E3%83%B3" n1="%E5%A4%AA%E3%81%8F%E3%81%AA%E3%81%84%E3%81%8A" n2="%E9%8A%80%E3%81%AE%E5%BE%AE%E7%B3%96" n3="%E6%9F%8F%E6%9C%A8%E3%82%A7%E3%82%A7" dan="14,15,15,14" rate="1928,2066,1984,1951" sx="M,M,M,M"/><TAIKYOKU oya="0"/>

<Scene>
<INIT seed="0,0,0,5,3,94" ten="250,250,250,250" oya="0" hai0="98,46,115,41,73,67,111,40,23,34,133,71,8" hai1="32,82,33,99,56,132,117,21,103,0,62,2,120" hai2="15,64,104,119,76,83,77,69,79,14,129,116,130" hai3="47,72,37,124,105,68,74,114,92,44,59,22,9"/><T134/><D34/><U63/><E120/><V118/><F104/><W6/><G68/><T121/><D73/><U108/><E117/><V39/><F39/><W96/><G105/><T43/><D121/><U66/><E108/><V52/><F83/><W113/><G124/><T38/><D98/><U49/><E132/><N who="0" m="50793" /><D8/><U18/><E33/><V109/><F109/><W7/><G22/><T12/><D111/><U29/><E32/><V10/><F10/><W93/><G59/><T85/><D85/><U125/><E125/><V84/><F84/><W36/><G9/><T128/><D115/><U122/><E122/><V20/><F20/><W3/><G3/><T27/><D12/><N who="2" m="4650" /><F52/><W78/><G78/><T102/><D102/><U19/><E103/><V4/><F4/><W65/><G65/><T11/><D11/><U57/><E66/><V110/><F110/><W75/><G75/><T30/><D128/><N who="2" m="49258" /><F64/><W131/><G131/><T42/><D67/><U107/><E21/><V31/><F31/><W51/><G51/><T28/><D28/><U48/><E29/><V81/><F81/><W123/><G123/><T58/><D58/><U91/><E82/><V25/><F25/><W54/><G114/><T87/><D87/><U60/><E48/><V35/><F35/><W135/><G113/><T100/><D100/><N who="1" m="62879" /><E49/><V101/><F101/><W95/><G135/><T50/><D38/><U24/><E63/><V112/><F112/><W89/><G37/><T126/><D126/><U17/><E62/><V86/><F86/><W88/><G36/><T1/><D1/><U97/><E0/><RYUUKYOKU ba="0,0" sc="250,15,250,-15,250,15,250,-15" hai0="23,27,30,40,41,42,43,46,50,71" hai2="69,76,77,79,116,118,119" />
</Scene>
<Scene>
<INIT seed="0,1,0,5,2,128" ten="265,235,265,235" oya="0" hai0="118,77,112,0,37,8,31,1,10,30,54,57,33" hai1="117,127,2,123,71,35,104,43,72,67,115,119,38" hai2="32,110,86,49,64,129,4,133,17,79,16,48,55" hai3="89,6,113,91,78,27,14,90,45,100,70,106,50"/><T76/><D118/><U42/><E42/><V46/><F32/><W108/><G70/><T85/><D37/><U75/><E67/><V15/><F129/><W124/><G108/><T80/><D112/><U51/><E51/><V13/><F110/><W11/><G113/><T68/><D68/><U96/><E96/><V24/><F64/><W105/><G124/><T87/><D33/><U39/><E43/><V134/><F49/><W131/><G131/><T65/><D65/><U99/><E99/><V95/><F4/><W116/><G116/><T44/><D44/><U12/><E12/><V101/><F101/><W28/><G100/><T56/><D80/><U97/><E97/><V41/><F41/><W88/><G78/><T125/><REACH who="0" step="1"/><D54/><REACH who="0" ten="255,235,265,235" step="2"/><U130/><E38/><V7/><F7/><W114/><G114/><T94/><D94/><U98/><E119/><V52/><F95/><W61/><G106/><T120/><D120/><U135/><E98/><V132/><F55/><W122/><G105/><T19/><D19/><N who="2" m="7242" /><F24/><W73/><G122/><T34/><D34/><U26/><E26/><V3/><F3/><W59/><G27/><T66/><D66/><U36/><E36/><V40/><F52/><W18/><G18/><T102/><D102/><U63/><E63/><V126/><F126/><AGARI ba="1,1" hai="0,1,8,10,30,31,56,57,76,77,85,87,125,126" machi="126" ten="25,12000,1" yaku="1,1,22,2,53,2" doraHai="128" doraHaiUra="83" who="0" fromWho="2" sc="255,133,235,0,265,-123,235,0" />
</Scene>
<Scene>
<INIT seed="0,2,0,5,1,100" ten="388,235,142,235" oya="0" hai0="54,72,15,119,28,59,26,6,84,101,18,13,69" hai1="77,131,134,111,65,74,38,79,40,5,39,50,1" hai2="124,11,49,129,88,0,75,34,25,35,27,33,122" hai3="46,73,128,81,23,32,31,68,37,93,7,58,116"/><T51/><D119/><U104/><E65/><V83/><F75/><W76/><G68/><T57/><D72/><U22/><E22/><V85/><F122/><W97/><G128/><T61/><D69/><U41/><E131/><V44/><F129/><W95/><G116/><T67/><D101/><U71/><E71/><V86/><F124/><W19/><G32/><T118/><D118/><U133/><E74/><V14/><F0/><W98/><G31/><T66/><D66/><U94/><E94/><V130/><F85/><W125/><G125/><T45/><D45/><U109/><E50/><V12/><F12/><W120/><G58/><T64/><D64/><U16/><E16/><V126/><F126/><W3/><G120/><T30/><D84/><U106/><E5/><V123/><F123/><W63/><G63/><T8/><D26/><U2/><AGARI ba="2,0" hai="1,2,38,39,40,41,77,79,104,106,109,111,133,134" machi="2" ten="25,8000,1" yaku="0,1,22,2,52,2" doraHai="100" who="1" fromWho="1" sc="388,-42,235,86,142,-22,235,-22" />
</Scene>
<Scene>
<INIT seed="1,0,0,0,5,76" ten="346,321,120,213" oya="1" hai0="17,110,35,92,102,26,93,27,127,118,12,70,72" hai1="41,111,119,47,22,4,57,90,46,88,52,79,67" hai2="103,108,126,85,100,68,2,6,21,104,62,34,60" hai3="98,91,71,42,25,44,99,96,134,61,83,84,31"/><U0/><E119/><V130/><F108/><W23/><G134/><T73/><D118/><U117/><E117/><V1/><F34/><W43/><G71/><T112/><D112/><U51/><E111/><V116/><F116/><W39/><G39/><T125/><D70/><U69/><E79/><V95/><F68/><W38/><G38/><T115/><D115/><U9/><E22/><V48/><F104/><W89/><G61/><T82/><D110/><U11/><E11/><V132/><F132/><W106/><G106/><T28/><D27/><U133/><E133/><V75/><F75/><W74/><G74/><T53/><D73/><U45/><REACH who="1" step="1"/><E41/><REACH who="1" ten="346,311,120,213" step="2"/><V20/><F130/><W18/><G43/><T32/><D32/><U49/><E49/><V122/><F48/><N who="3" m="26647" /><G31/><T14/><D28/><U121/><E121/><V36/><F122/><W80/><G91/><T81/><D35/><U15/><E15/><V59/><F36/><W7/><G7/><T129/><D129/><U55/><E55/><V124/><F6/><W19/><G19/><T8/><D12/><U109/><E109/><V16/><F16/><W37/><G37/><T131/><D53/><U128/><E128/><V56/><REACH who="2" step="1"/><F85/><REACH who="2" ten="346,311,110,213" step="2"/><W66/><G66/><T54/><D131/><U94/><E94/><AGARI ba="0,2" hai="1,2,20,21,56,59,60,62,94,95,100,103,124,126" machi="94" ten="25,6400,0" yaku="1,1,2,1,22,2,53,0" doraHai="76" doraHaiUra="78" who="2" fromWho="1" sc="346,0,311,-64,110,84,213,0" /><AGARI ba="0,0" hai="18,23,25,80,83,84,89,94,96,98,99" m="26647" machi="94" ten="30,3900,0" yaku="8,1,52,2" doraHai="76" who="3" fromWho="1" sc="346,0,247,-39,194,0,213,39" />
</Scene>
<Scene>
<INIT seed="2,0,0,0,3,33" ten="346,208,194,252" oya="2" hai0="5,79,64,91,119,92,129,67,107,122,99,65,128" hai1="57,125,40,11,109,8,17,97,27,60,34,42,30" hai2="93,13,49,12,82,126,87,121,103,134,50,7,96" hai3="73,112,52,62,20,120,90,110,88,21,22,95,114"/><V74/><F74/><W54/><G120/><T44/><D122/><U123/><E123/><V127/><F121/><W104/><G104/><T81/><D119/><U66/><E109/><V89/><F134/><W32/><G32/><T106/><D5/><U14/><E125/><N who="2" m="47627" /><F7/><W45/><G73/><T1/><D44/><U83/><E83/><V70/><F70/><W23/><G110/><T6/><D6/><U94/><REACH who="1" step="1"/><E11/><REACH who="1" ten="346,198,194,252" step="2"/><V116/><F116/><W0/><G114/><T115/><D115/><U108/><E108/><V131/><F131/><N who="0" m="50250" /><D1/><U19/><E19/><V43/><F43/><W132/><G0/><T9/><D9/><U105/><E105/><V86/><F86/><AGARI ba="0,1" hai="64,65,67,79,81,86,91,92,99,106,107" m="50250" machi="86" ten="30,1000,0" yaku="19,1" doraHai="33" who="0" fromWho="2" sc="346,20,198,0,194,-10,252,0" />
</Scene>
<Scene>
<INIT seed="3,0,0,2,2,52" ten="366,198,184,252" oya="3" hai0="69,16,48,11,93,75,45,99,77,31,123,85,4" hai1="84,124,80,68,65,112,74,100,44,118,20,121,18" hai2="51,90,104,113,7,101,111,39,70,92,50,55,34" hai3="134,127,9,8,26,73,128,67,3,40,109,41,62"/><W21/><G73/><T97/><D123/><U95/><E121/><V102/><F111/><W107/><G107/><T119/><D69/><U76/><E112/><V86/><F113/><W6/><G127/><T28/><D75/><U133/><E124/><V71/><F34/><W114/><G114/><T91/><D119/><U89/><E118/><V115/><F39/><W96/><G128/><T120/><D120/><U63/><E133/><V72/><F115/><W14/><G134/><T30/><D77/><U132/><E132/><V135/><F135/><W131/><G131/><T49/><D4/><U29/><E44/><V83/><F7/><W53/><G109/><T2/><D2/><U5/><E5/><V108/><F108/><W10/><G53/><N who="0" m="29839" /><D49/><U105/><E29/><V59/><F51/><W0/><G96/><T36/><D36/><U103/><E105/><V24/><F24/><AGARI ba="0,0" hai="18,20,24,63,65,68,74,76,80,84,89,95,100,103" machi="24" ten="30,1000,0" yaku="7,1" doraHai="52" who="1" fromWho="2" sc="366,0,198,10,184,-10,252,0" owari="366,47.0,208,-19.0,174,-33.0,252,5.0" />
</Scene>
</mjloggm>