<mjloggm ver="2.3"><GO type="97"/><UN n0="%E6%9D%BE%E9%BB%92%E5%AF%8C" n1="%E5%B0%8B%E5%B8%B8%E3%81%98%E3%82%83%E3%81%AA%E3%81%84%EF%BC%81" n2="%E5%A4%AA%E3%81%8F%E3%81%AA%E3%81%84%E3%81%8A" n3="%E6%98%A5%E6%97%A5%E3%81%8B%E3%82%8C%E3%82%93" dan="14,15,15,13" rate="1857,1953,2054,1893" sx="M,M,M,M"/><TAIKYOKU oya="0"/>

<Scene>
<INIT seed="0,0,0,0,4,46" ten="250,250,250,250" oya="0" hai0="71,134,90,23,70,132,91,105,78,111,113,133,50" hai1="0,29,14,28,53,2,107,55,127,5,45,80,118" hai2="51,115,35,123,112,72,89,83,94,27,4,24,69" hai3="39,98,11,68,37,8,25,18,30,96,17,103,67"/><T19/><D113/><U47/><E107/><V41/><F69/><N who="0" m="26122" /><D105/><U104/><E104/><V61/><F123/><W87/><G39/><T124/><D124/><U97/><E127/><V84/><F4/><W130/><G37/><T33/><D78/><U1/><E118/><V108/><F108/><W121/><G67/><T77/><D77/><U38/><E97/><V86/><F72/><W114/><G68/><T120/><D120/><U126/><E126/><V12/><F61/><W36/><G121/><T131/><D33/><U44/><E38/><V3/><F3/><W62/><G36/><T95/><D131/><U48/><E80/><V65/><F65/><W128/><G103/><T79/><D79/><U22/><E5/><V64/><F64/><W43/><G114/><T58/><D111/><U7/><E7/><V60/><F60/><W106/><G106/><T63/><D63/><U119/><E119/><V92/><F35/><W101/><G62/><T93/><D19/><U10/><E10/><V42/><F12/><W20/><G18/><T88/><D23/><U129/><E129/><V54/><F83/><W75/><G20/><T15/><D15/><U56/><E55/><AGARI ba="0,0" hai="50,55,58,88,90,91,93,95,132,133,134" m="26122" machi="55" ten="40,7700,0" yaku="20,1,52,1,54,1" doraHai="46" who="0" fromWho="1" sc="250,77,250,-77,250,0,250,0" />
</Scene>
<Scene>
<INIT seed="0,1,0,3,2,132" ten="327,173,250,250" oya="0" hai0="78,125,12,119,131,2,50,21,37,62,67,108,5" hai1="111,71,32,10,104,43,89,1,135,9,110,118,6" hai2="115,38,92,25,124,83,45,36,23,31,7,123,113" hai3="58,127,20,87,42,24,49,53,26,117,80,98,28"/><T52/><D119/><U8/><E104/><V34/><F123/><W33/><G117/><T107/><D131/><U109/><E71/><V39/><F7/><W112/><G112/><T70/><D107/><U122/><E43/><V99/><F83/><W116/><G116/><T17/><D37/><U65/><E65/><V30/><F45/><W69/><G69/><T4/><D108/><U86/><E118/><V59/><F59/><W29/><G42/><T81/><D2/><U134/><E32/><V57/><F57/><W133/><G133/><N who="1" m="50698" /><E122/><V126/><F31/><W48/><G98/><T75/><D125/><N who="2" m="48234" /><F34/><W101/><G101/><AGARI ba="1,0" hai="23,25,30,36,38,39,92,99,101,113,115" m="48234" machi="101" ten="40,8000,1" yaku="18,1,52,3" doraHai="132" who="2" fromWho="3" sc="327,0,173,0,250,83,250,-83" />
</Scene>
<Scene>
<INIT seed="1,0,0,3,3,86" ten="327,173,333,167" oya="1" hai0="98,77,107,83,92,62,113,3,111,71,82,36,14" hai1="69,21,26,95,10,103,32,9,88,97,81,40,96" hai2="47,12,38,15,101,89,118,85,72,28,117,125,23" hai3="123,133,130,65,37,132,39,134,30,112,4,94,7"/><U129/><E69/><V8/><F72/><W67/><G123/><T48/><D113/><U46/><E32/><V63/><F125/><W55/><G112/><T114/><D111/><U1/><E1/><V42/><F101/><W68/><G130/><T54/><D114/><U18/><E129/><V124/><F124/><W102/><G30/><T115/><D107/><U73/><E73/><V27/><F63/><N who="3" m="39999" /><G67/><T2/><D36/><N who="3" m="13897" /><G55/><T78/><D71/><U11/><E81/><V80/><REACH who="2" step="1"/><F15/><REACH who="2" ten="327,173,323,167" step="2"/><W128/><G128/><T75/><D115/><U79/><E79/><V52/><F52/><W20/><G102/><T104/><D2/><U34/><E34/><V59/><F59/><W16/><G94/><T13/><D3/><U100/><REACH who="1" step="1"/><E97/><REACH who="1" ten="327,163,323,167" step="2"/><V105/><F105/><W31/><G31/><T120/><D104/><U6/><E6/><AGARI ba="0,2" hai="6,8,12,23,27,28,38,42,47,80,85,89,117,118" machi="6" ten="30,3900,0" yaku="1,1,7,1,52,1,53,0" doraHai="86" doraHaiUra="121" who="2" fromWho="1" sc="327,0,163,-39,323,59,167,0" />
</Scene>
<Scene>
<INIT seed="2,0,0,5,3,11" ten="327,124,382,167" oya="2" hai0="132,51,59,0,78,83,99,14,18,86,62,103,3" hai1="84,39,88,45,26,113,134,81,102,49,44,41,94" hai2="35,95,125,29,53,57,89,109,15,43,65,98,56" hai3="46,135,116,96,66,104,79,123,120,63,28,22,12"/><V31/><F125/><W32/><G116/><T50/><D132/><U24/><E113/><V61/><F109/><W5/><G135/><T92/><D3/><U23/><E134/><V38/><F35/><W105/><G79/><T64/><D0/><U97/><E97/><BYE who="1" /><V54/><F65/><W58/><G104/><T34/><REACH who="0" step="1"/><D34/><REACH who="0" ten="317,124,382,167" step="2"/><U126/><E126/><V9/><F38/><W7/><G32/><T67/><D67/><U121/><E121/><V17/><REACH who="2" step="1"/><F43/><REACH who="2" ten="317,124,372,167" step="2"/><W114/><G66/><T118/><D118/><U90/><E90/><V112/><F112/><UN n1="%E5%B0%8B%E5%B8%B8%E3%81%98%E3%82%83%E3%81%AA%E3%81%84%EF%BC%81" /><W16/><G120/><T133/><D133/><U42/><E102/><V10/><F10/><AGARI ba="0,2" hai="10,14,18,50,51,59,62,64,78,83,86,92,99,103" machi="10" ten="30,7700,0" yaku="1,1,7,1,8,1,52,1,53,0" doraHai="11" doraHaiUra="111" who="0" fromWho="2" sc="317,97,124,0,372,-77,167,0" />
</Scene>
<Scene>
<INIT seed="3,0,0,2,5,85" ten="414,124,295,167" oya="3" hai0="70,31,108,111,0,46,30,88,38,14,90,3,58" hai1="76,49,35,28,54,39,83,115,55,94,121,100,103" hai2="102,42,109,36,59,120,67,123,12,9,65,135,73" hai3="92,128,33,129,20,17,132,25,127,110,57,93,134"/><W107/><G107/><T60/><D70/><U84/><E39/><V22/><F73/><W43/><G43/><T87/><D87/><U69/><E69/><V48/><F109/><N who="0" m="42058" /><D14/><U5/><E121/><N who="2" m="46667" /><F135/><N who="3" m="51755" /><G110/><T98/><D98/><U64/><E115/><V77/><F77/><W21/><G33/><T8/><D46/><U56/><E64/><V51/><F102/><W50/><G21/><T86/><D86/><U15/><E35/><V32/><F32/><W71/><G71/><T41/><D41/><U118/><E28/><N who="0" m="10793" /><D38/><U7/><E118/><V78/><F22/><W82/><G82/><T114/><D114/><U44/><E15/><V68/><F51/><W131/><G127/><T104/><D104/><U37/><E37/><V19/><F67/><W61/><G50/><T75/><D75/><U119/><E119/><V2/><F2/><N who="0" m="554" /><D8/><U1/><E1/><V106/><F65/><AGARI ba="0,0" hai="17,20,25,57,61,65,92,93,128,129,131" m="51755" machi="65" ten="40,3900,0" yaku="19,1,20,1" doraHai="85" who="3" fromWho="2" sc="414,0,124,0,295,-39,167,39" /><AGARI ba="0,0" hai="58,60,65,88,90" m="554,10793,42058" machi="65" ten="30,7700,0" yaku="14,1,52,2,54,1" doraHai="85" who="0" fromWho="2" sc="414,77,124,0,256,-77,206,0" />
</Scene>
<Scene>
<INIT seed="3,1,0,2,5,117" ten="491,124,179,206" oya="3" hai0="113,107,88,100,34,108,43,125,135,106,62,46,15" hai1="59,123,72,37,22,84,18,86,5,76,7,64,14" hai2="0,127,61,10,109,67,60,105,65,69,33,96,39" hai3="128,94,11,133,49,68,56,91,77,70,124,103,9"/><W80/><G128/><T29/><D113/><U44/><E72/><V99/><F39/><W45/><G133/><T111/><D135/><U51/><E37/><V17/><F33/><W47/><G124/><T71/><D125/><U6/><E76/><V23/><F127/><W83/><G103/><T82/><D100/><U38/><E38/><V116/><F116/><W130/><G130/><T122/><D15/><U89/><E89/><V93/><F109/><N who="0" m="42058" /><D122/><U32/><E32/><V115/><F115/><W54/><G68/><T112/><D112/><U87/><E123/><V97/><F105/><W41/><G70/><T53/><D53/><U8/><E64/><V129/><F129/><W98/><G47/><T66/><D29/><U12/><REACH who="1" step="1"/><E59/><REACH who="1" ten="491,114,179,206" step="2"/><V75/><F75/><W20/><G77/><T52/><D34/><U119/><E119/><V114/><F114/><W50/><G91/><T36/><D52/><AGARI ba="1,1" hai="5,6,7,8,12,14,18,22,44,51,52,84,86,87" machi="52" ten="40,12000,2" yaku="1,1,8,1,54,1,53,3" doraHai="117" doraHaiUra="1" who="1" fromWho="0" sc="491,-123,114,133,179,0,206,0" owari="368,46.0,247,5.0,179,-32.0,206,-19.0" />
</Scene>
</mjloggm>