<mjloggm ver="2.3"><GO type="169"/><UN n0="%E5%B7%9D%E4%BA%95" n1="%E5%A4%AA%E3%81%8F%E3%81%AA%E3%81%84%E3%81%8A" n2="%E8%8A%8B%EF%BC%A0%EF%BC%90%EF%BC%98%E2%80%99" n3="%E6%B5%81%E5%A4%AA" dan="16,17,16,16" rate="2033,2155,2066,2012" sx="M,M,M,M"/><TAIKYOKU oya="0"/>

<Scene>
<INIT seed="0,0,0,3,0,42" ten="250,250,250,250" oya="0" hai0="59,94,25,80,71,57,44,75,89,1,76,26,3" hai1="36,55,91,38,23,24,64,128,127,21,30,132,12" hai2="87,85,95,5,69,66,14,41,65,72,101,51,2" hai3="37,7,114,40,31,100,70,73,109,19,117,18,120"/><T17/><D71/><U110/><E110/><V34/><F72/><W116/><G70/><T13/><D1/><U79/><E127/><V99/><F34/><W88/><G73/><T115/><D3/><U53/><E64/><N who="2" m="24683" /><F2/><W60/><G100/><T133/><D115/><U113/><E113/><V62/><F62/><W135/><G114/><T29/><D133/><U9/><E132/><V81/><F69/><W97/><G135/><T54/><D26/><U108/><E108/><V15/><F5/><W103/><G109/><T104/><D104/><U39/><E128/><V63/><F63/><W78/><G78/><T111/><D111/><U45/><E79/><N who="2" m="46271" /><F87/><W49/><G37/><T47/><D59/><U93/><E21/><V67/><F67/><W52/><G120/><T92/><D92/><U56/><E56/><V4/><F4/><W122/><G122/><T134/><D134/><U68/><E68/><V33/><F33/><W11/><G60/><T16/><D17/><U58/><E58/><V32/><F32/><W106/><G31/><T123/><D123/><U8/><E8/><V10/><F10/><W6/><G6/><T27/><D27/><U90/><E24/><V119/><F119/><W28/><G28/><T131/><D131/><U96/><E30/><V125/><F125/><W82/><G117/><T74/><D74/><U118/><E118/><V35/><F35/><W20/><G116/><T86/><D29/><U22/><E9/><V130/><F130/><W129/><G129/><T121/><D121/><U83/><E22/><V43/><F51/><W61/><G20/><RYUUKYOKU ba="0,0" sc="250,-10,250,-10,250,30,250,-10" hai2="14,15,41,43,95,99,101" />
</Scene>
<Scene>
<INIT seed="1,1,0,1,2,32" ten="240,240,280,240" oya="1" hai0="34,85,21,122,77,42,37,28,55,59,119,26,60" hai1="87,111,78,93,79,96,90,69,120,109,99,133,53" hai2="118,5,112,17,36,13,101,48,52,51,27,91,95" hai3="71,114,70,125,135,6,132,24,97,50,14,102,19"/><U124/><E69/><V64/><F36/><W83/><G114/><T86/><D119/><U72/><E53/><V16/><F118/><W45/><G125/><T54/><D122/><U57/><E57/><V2/><F112/><W11/><G24/><T98/><D34/><U81/><E120/><V121/><F121/><W30/><G30/><T67/><D37/><U89/><E124/><V113/><F113/><W73/><G73/><T108/><D42/><U33/><E33/><V38/><F38/><W94/><G83/><T92/><D108/><N who="1" m="41547" /><E133/><N who="3" m="51274" /><G19/><T74/><D74/><U7/><E7/><V4/><F64/><W84/><G84/><T1/><D1/><U9/><E9/><N who="2" m="6191" /><F48/><W129/><G129/><T41/><D41/><AGARI ba="1,0" hai="6,11,14,41,45,50,70,71,94,97,102" m="51274" machi="41" ten="30,1000,0" yaku="20,1" doraHai="32" who="3" fromWho="0" sc="240,-13,240,0,280,0,240,13" />
</Scene>
<Scene>
<INIT seed="2,0,0,4,0,124" ten="227,240,280,253" oya="2" hai0="54,104,57,101,61,87,69,23,76,27,44,77,62" hai1="38,29,19,126,81,96,56,102,22,0,114,82,134" hai2="113,12,71,103,79,32,86,33,4,72,98,14,25" hai3="94,53,26,135,68,34,131,110,60,52,120,63,20"/><V123/><F113/><W42/><G34/><T48/><D62/><U107/><E114/><V85/><F123/><W106/><G106/><T73/><D73/><U90/><E38/><V15/><F71/><W58/><G120/><T30/><D69/><U100/><E0/><V37/><F37/><W121/><G121/><T84/><D104/><U11/><E126/><V97/><F4/><W99/><G110/><T31/><D31/><U111/><E111/><V35/><F72/><W8/><G42/><T67/><D101/><U128/><E134/><V17/><F79/><AGARI ba="0,0" hai="23,27,30,44,48,54,57,61,67,76,77,79,84,87" machi="79" ten="40,1300,0" yaku="8,1" doraHai="124" who="0" fromWho="2" sc="227,13,240,0,280,-13,253,0" />
</Scene>
<Scene>
<INIT seed="3,0,0,3,2,102" ten="240,240,267,253" oya="3" hai0="101,61,5,6,55,131,125,67,44,116,132,56,81" hai1="90,83,119,92,104,14,107,72,1,97,29,45,51" hai2="21,49,135,123,106,133,114,18,17,113,62,57,105" hai3="80,3,121,8,103,115,35,70,65,33,42,2,30"/><W108/><G121/><T52/><D116/><U16/><E1/><V10/><F49/><W93/><G115/><N who="2" m="44041" /><F10/><W128/><G42/><T25/><D101/><U60/><E119/><V39/><F39/><W36/><G36/><T124/><D81/><U47/><E29/><V34/><F34/><W129/><G93/><T109/><D25/><U4/><E4/><V84/><F84/><W82/><G30/><T13/><D5/><U94/><E60/><V31/><F31/><W100/><G100/><T15/><D13/><U87/><E72/><V117/><F117/><W75/><G75/><T0/><D15/><U88/><E94/><V23/><F123/><W69/><G103/><T111/><D6/><U48/><E48/><V53/><F21/><W122/><G122/><T38/><D0/><U7/><E7/><V12/><F17/><W134/><G8/><T40/><D132/><AGARI ba="0,0" hai="12,18,23,53,57,62,105,106,132,133,135" m="44041" machi="132" ten="30,3900,0" yaku="20,1,52,2" doraHai="102" who="2" fromWho="0" sc="240,-39,240,0,267,39,253,0" />
</Scene>
<Scene>
<INIT seed="4,0,0,2,5,19" ten="201,240,306,253" oya="0" hai0="96,64,58,76,24,11,2,94,6,18,26,79,85" hai1="86,0,16,132,42,121,87,55,118,107,108,44,114" hai2="73,68,65,60,100,72,126,17,116,14,89,69,15" hai3="78,95,117,133,41,21,20,97,7,134,112,9,46"/><T52/><D64/><U120/><E108/><V22/><F69/><W113/><G117/><T10/><D85/><U75/><E75/><V98/><F116/><W83/><G97/><T127/><D26/><U8/><E118/><V57/><F126/><W43/><G95/><T101/><D127/><U111/><E111/><V35/><F35/><W135/><G83/><T104/><D104/><U51/><E107/><V61/><F89/><W4/><G78/><T13/><REACH who="0" step="1"/><D24/><REACH who="0" ten="191,240,306,253" step="2"/><U38/><E87/><V82/><F82/><W99/><G99/><T3/><D3/><U106/><E106/><V109/><F109/><W5/><G9/><T25/><D25/><U30/><E86/><V71/><F14/><W125/><G125/><T49/><AGARI ba="0,1" hai="2,6,10,11,13,18,49,52,58,76,79,94,96,101" machi="49" ten="20,12000,1" yaku="1,1,0,1,7,1,54,1,53,1" doraHai="19" doraHaiUra="47" who="0" fromWho="0" sc="191,130,240,-40,306,-40,253,-40" />
</Scene>
<Scene>
<INIT seed="4,1,0,3,0,79" ten="321,200,266,213" oya="0" hai0="49,95,92,123,4,110,120,78,58,43,91,41,97" hai1="100,47,39,111,122,34,68,2,99,46,62,50,15" hai2="102,98,107,44,135,134,66,10,81,116,21,24,133" hai3="0,36,77,105,94,125,5,80,9,19,30,40,35"/><T64/><D4/><U60/><E122/><V90/><F116/><W51/><G125/><T84/><D110/><U8/><E111/><V27/><F66/><W88/><G105/><T76/><D123/><U121/><E121/><V86/><F21/><W119/><G119/><T17/><D120/><U93/><E34/><V118/><F118/><W67/><G67/><T18/><D64/><U42/><E2/><V112/><F112/><W6/><G6/><T23/><D17/><U114/><E68/><V31/><F31/><W14/><G51/><T82/><D92/><U73/><E73/><V70/><F70/><W127/><G127/><T104/><D104/><U13/><E114/><V103/><F103/><W48/><G48/><T132/><D78/><U20/><E20/><V3/><F44/><N who="3" m="23559" /><G30/><T74/><D74/><U25/><E25/><V130/><F130/><W65/><G65/><T55/><REACH who="0" step="1"/><D132/><REACH who="0" ten="311,200,266,213" step="2"/><U124/><E124/><V37/><F37/><W115/><G115/><T131/><D131/><U28/><E28/><V117/><F117/><W75/><G35/><T59/><D59/><U96/><E96/><V56/><F56/><W11/><G94/><T16/><D16/><U33/><E93/><V12/><F3/><W126/><G126/><T52/><D52/><U109/><E109/><V69/><F69/><W54/><G54/><T87/><D87/><U29/><E33/><V101/><F101/><W57/><G57/><T113/><D113/><U63/><E29/><V129/><F129/><W45/><G45/><T32/><D32/><U83/><E46/><V128/><F128/><RYUUKYOKU ba="1,1" sc="311,10,200,-30,266,10,213,10" hai0="18,23,41,43,49,55,58,76,82,84,91,95,97" hai2="10,12,24,27,81,86,90,98,102,107,133,134,135" hai3="0,5,9,11,14,19,75,77,80,88" />
</Scene>
<Scene>
<INIT seed="4,2,1,4,0,85" ten="321,170,276,223" oya="0" hai0="4,102,48,89,31,9,58,30,87,132,63,120,6" hai1="19,80,98,29,118,114,11,76,12,41,107,125,54" hai2="128,45,72,71,57,20,75,65,104,70,110,43,49" hai3="53,127,0,93,113,133,3,84,81,111,86,68,115"/><T64/><D120/><U79/><E118/><V82/><F104/><W88/><G68/><T26/><D102/><U39/><E125/><V21/><F110/><W46/><G111/><T95/><D132/><U73/><E79/><V16/><F20/><W56/><G46/><T117/><D117/><U27/><E114/><N who="3" m="43530" /><G133/><T134/><D134/><U37/><E41/><V17/><F17/><W129/><G129/><T59/><D31/><U38/><E54/><V131/><F57/><W50/><G127/><T78/><D78/><AGARI ba="2,1" hai="0,3,50,53,56,78,81,84,86,88,93" m="43530" machi="78" ten="30,3900,0" yaku="15,1,52,1,54,1" doraHai="85" who="3" fromWho="0" sc="321,-45,170,0,276,0,223,55" />
</Scene>
<Scene>
<INIT seed="5,0,0,2,0,6" ten="276,170,276,278" oya="1" hai0="70,83,16,112,128,75,126,121,132,96,24,42,109" hai1="111,118,41,99,0,123,129,91,113,79,107,26,101" hai2="20,93,31,87,22,127,39,17,14,130,25,15,90" hai3="124,12,50,44,88,85,28,47,134,52,4,108,74"/><U32/><E123/><V119/><F119/><W81/><G74/><T33/><RYUUKYOKU type="yao9" ba="0,0" sc="276,0,170,0,276,0,278,0" hai0="16,24,33,42,70,75,83,96,109,112,121,126,128,132" />
</Scene>
<Scene>
<INIT seed="5,1,0,1,2,68" ten="276,170,276,278" oya="1" hai0="126,50,94,60,8,73,67,74,33,103,121,9,63" hai1="119,58,105,91,51,10,0,131,5,69,3,81,114" hai2="22,85,7,128,40,115,109,111,116,100,99,102,13" hai3="76,120,55,71,18,87,25,47,4,89,70,129,72"/><U26/><E119/><V39/><F116/><W34/><G120/><T90/><D121/><U21/><E69/><V110/><F128/><W32/><G72/><T125/><D33/><U46/><E105/><V104/><F102/><W23/><G76/><T66/><D103/><U36/><E131/><V98/><F98/><W107/><G107/><T92/><D50/><U64/><E114/><V133/><F115/><W113/><G113/><T27/><D27/><U52/><E3/><V37/><F40/><W29/><G129/><T112/><D112/><U30/><E64/><V49/><F49/><W83/><G4/><T101/><D101/><U61/><E36/><V28/><F133/><W44/><G34/><T2/><D90/><U6/><E6/><V106/><F106/><W88/><G47/><T65/><D65/><U96/><E96/><V17/><F28/><W82/><G44/><T127/><D125/><U86/><REACH who="1" step="1"/><E46/><REACH who="1" ten="276,160,276,278" step="2"/><V132/><F132/><W122/><G122/><T108/><D2/><U56/><E56/><V117/><F117/><W48/><G71/><T124/><D126/><U80/><E80/><V12/><REACH who="2" step="1"/><F85/><REACH who="2" ten="276,160,266,278" step="2"/><W19/><G87/><T118/><D118/><U14/><E14/><V1/><F1/><W42/><G25/><T77/><D124/><U62/><AGARI ba="1,2" hai="0,5,10,21,26,30,51,52,58,61,62,81,86,91" machi="62" ten="30,11700,0" yaku="1,1,0,1,54,1,53,1" doraHai="68" doraHaiUra="20" who="1" fromWho="1" sc="276,-40,160,140,266,-40,278,-40" />
</Scene>
<Scene>
<INIT seed="5,2,0,1,1,105" ten="236,300,226,238" oya="1" hai0="117,5,114,113,86,35,37,87,93,91,64,27,18" hai1="133,98,8,72,53,49,84,77,22,135,17,85,104" hai2="107,123,16,125,2,71,26,108,36,100,63,56,78" hai3="97,81,89,57,24,120,32,61,42,15,29,69,51"/><U132/><E8/><V46/><F108/><W103/><G120/><T122/><D117/><U115/><E115/><V124/><F123/><W58/><G58/><T40/><D122/><U88/><E77/><V30/><F2/><W127/><G127/><T25/><D64/><U82/><E84/><V52/><F71/><W79/><G89/><T74/><D5/><U126/><E126/><V14/><F78/><W6/><G42/><T70/><D70/><U13/><E104/><V48/><F36/><W34/><G51/><T41/><D87/><U3/><E3/><V76/><F76/><W44/><G44/><T50/><D37/><U43/><E98/><V33/><F100/><W99/><G99/><T116/><D116/><U112/><E112/><V0/><F0/><W121/><G34/><T39/><D39/><U80/><E43/><V109/><F107/><W106/><G57/><T10/><D40/><U62/><E62/><V59/><F59/><W134/><G134/><T28/><D41/><U12/><E12/><V9/><REACH who="2" step="1"/><F109/><REACH who="2" ten="236,300,216,238" step="2"/><W1/><G121/><T20/><D114/><U101/><E101/><V54/><AGARI ba="2,1" hai="9,14,16,26,30,33,46,48,52,54,56,63,124,125" machi="54" ten="30,12000,2" yaku="1,1,2,1,0,1,54,2,53,1" doraHai="105" doraHaiUra="4" who="2" fromWho="2" sc="236,-32,300,-62,216,136,238,-32" />
</Scene>
<Scene>
<INIT seed="6,0,0,3,5,11" ten="204,238,352,206" oya="2" hai0="0,121,108,34,38,104,122,73,106,85,15,111,67" hai1="58,53,98,70,54,7,69,90,129,56,48,39,27" hai2="13,1,96,6,10,63,78,125,9,80,62,118,109" hai3="37,81,116,105,50,120,35,17,45,72,44,29,79"/><V134/><F118/><W71/><G116/><T124/><D67/><U64/><E39/><V83/><F134/><W33/><G120/><T65/><D65/><U84/><E129/><V113/><F113/><W30/><G45/><T100/><D0/><U91/><E7/><V22/><F125/><W5/><G17/><T59/><D59/><U102/><E27/><V55/><F109/><W61/><G50/><T115/><D38/><U18/><E18/><V28/><F96/><W8/><G30/><T41/><D41/><U12/><E12/><V94/><F94/><W51/><G51/><T47/><D47/><U19/><E19/><V31/><F83/><W123/><G29/><T16/><D34/><U21/><E21/><V99/><F99/><W57/><G57/><T95/><D73/><U20/><E20/><V60/><F55/><W74/><G74/><T32/><D32/><U110/><E110/><V25/><F31/><W88/><G88/><T117/><D117/><U92/><E64/><V93/><F93/><W52/><G105/><T86/><D111/><U40/><E40/><V66/><F9/><W131/><G131/><T87/><D108/><U36/><E36/><V89/><F89/><W101/><G101/><T126/><D106/><U23/><E23/><V133/><F133/><W76/><G123/><T97/><D104/><U43/><E43/><V42/><F42/><N who="3" m="22607" /><G79/><T49/><D121/><U127/><E90/><V2/><F66/><N who="3" m="41423" /><G52/><T4/><D122/><U112/><E54/><V46/><F62/><W135/><G135/><T26/><D126/><U132/><E127/><RYUUKYOKU ba="0,0" sc="204,-10,238,-10,352,-10,206,30" hai3="5,8,33,35,72,76,81" />
</Scene>
<Scene>
<INIT seed="7,1,0,2,5,97" ten="194,228,342,236" oya="3" hai0="44,9,117,74,36,96,102,45,125,12,79,29,114" hai1="53,103,91,15,120,54,88,77,126,115,133,87,80" hai2="2,92,83,89,63,108,18,56,19,33,47,118,93" hai3="105,59,52,100,51,61,65,35,37,109,31,104,30"/><W49/><G37/><T10/><D117/><U66/><E120/><V90/><F33/><W123/><G123/><T57/><D29/><U124/><E115/><V22/><F2/><W41/><G41/><T28/><D28/><U25/><E133/><V1/><F1/><W48/><G109/><T129/><D9/><U40/><E40/><V73/><F108/><W111/><G111/><T62/><D36/><U3/><E3/><V69/><F69/><W95/><G31/><T75/><D75/><U11/><E25/><V60/><F47/><W86/><G35/><T23/><D23/><U39/><E39/><V70/><F73/><W72/><G72/><T24/><D24/><U135/><E66/><V46/><F46/><W14/><G30/><T94/><D114/><U121/><E135/><V106/><F106/><W71/><G14/><T67/><D129/><U131/><E131/><V112/><F112/><W27/><G27/><T78/><D125/><N who="1" m="48235" /><E103/><V127/><F118/><W5/><G5/><T42/><D74/><N who="1" m="43063" /><E121/><V98/><F19/><W116/><G116/><T16/><D42/><U82/><E91/><V17/><F17/><AGARI ba="1,0" hai="11,15,17,53,54,82,87,88" m="43063,48235" machi="17" ten="30,2000,0" yaku="18,1,54,1" doraHai="97" who="1" fromWho="2" sc="194,0,228,23,342,-23,236,0" owari="194,-31.0,251,5.0,319,42.0,236,-16.0" />
</Scene>
</mjloggm>