<mjloggm ver="2.3"><GO type="137"/><UN n0="%62%61%6E%62%79" n1="%E5%A4%AA%E3%81%8F%E3%81%AA%E3%81%84%E3%81%8A" n2="%43%68%65%61%74%65%72" n3="%6B%7A%2E%69%74" dan="12,10,10,12" rate="1801,1743,1387,1800" sx="M,M,M,M"/><TAIKYOKU oya="0"/>

<Scene>
<INIT seed="0,0,0,3,2,1" ten="250,250,250,250" oya="0" hai0="99,5,106,56,16,21,9,12,50,61,85,39,15" hai1="58,71,116,97,112,102,101,10,82,78,6,45,48" hai2="4,113,104,20,94,68,122,42,117,44,53,96,63" hai3="88,62,131,111,83,91,107,135,64,51,123,60,35"/><T18/><D39/><U14/><E71/><V40/><F122/><W81/><G135/><T0/><D106/><U43/><E116/><V32/><F113/><W54/><G123/><T128/><D128/><U59/><E112/><V30/><F117/><W103/><G131/><T129/><D129/><U57/><REACH who="1" step="1"/><E97/><REACH who="1" ten="250,240,250,250" step="2"/><V69/><F104/><W89/><G111/><T19/><D99/><U26/><E26/><N who="2" m="16711" /><F69/><W72/><G107/><T29/><D85/><AGARI ba="0,1" hai="6,10,14,43,45,48,57,58,59,78,82,85,101,102" machi="85" ten="40,8000,1" yaku="1,1,25,2,8,1,52,1,53,0" doraHai="1" doraHaiUra="86" who="1" fromWho="0" sc="250,-80,240,90,250,0,250,0" />
</Scene>
<Scene>
<INIT seed="1,0,0,5,4,22" ten="170,330,250,250" oya="1" hai0="8,89,18,82,103,71,75,52,124,113,131,25,58" hai1="61,83,39,28,36,105,21,54,109,86,96,114,107" hai2="35,49,13,57,34,76,94,38,119,64,92,59,106" hai3="5,73,11,10,101,45,12,81,48,47,9,4,98"/><U67/><E114/><V20/><F119/><W112/><G112/><T44/><D71/><U50/><E109/><V132/><F106/><W31/><G73/><T2/><D113/><U126/><E126/><V68/><F132/><W135/><G135/><T14/><D124/><U97/><E107/><V37/><F76/><W84/><G31/><T116/><D131/><U24/><E39/><N who="2" m="14859" /><F20/><W134/><G134/><T88/><D116/><U15/><E36/><V55/><F13/><W115/><G115/><T133/><D133/><U104/><E104/><V29/><F68/><W32/><G32/><N who="2" m="12329" /><F29/><W41/><G47/><T66/><D66/><U78/><E105/><V129/><F129/><W122/><G122/><T74/><D44/><U90/><E78/><V53/><F64/><W65/><G65/><T1/><D103/><U17/><E61/><V30/><F49/><W91/><G101/><T80/><D75/><U125/><E67/><V7/><F30/><W93/><REACH who="3" step="1"/><G5/><REACH who="3" ten="170,330,250,240" step="2"/><N who="0" m="3343" /><D74/><U72/><E72/><V121/><F121/><W70/><G70/><T3/><D2/><U63/><E125/><V102/><F102/><W69/><G69/><T100/><D3/><U51/><E63/><V56/><F7/><W26/><G26/><T0/><D1/><U120/><E120/><V87/><F87/><W127/><G127/><T118/><D0/><U23/><REACH who="1" step="1"/><E51/><REACH who="1" ten="170,320,250,240" step="2"/><V19/><F19/><W95/><G95/><AGARI ba="0,2" hai="53,55,56,57,59,92,94,95" m="12329,14859" machi="95" ten="40,2600,0" yaku="28,2" doraHai="22" who="2" fromWho="3" sc="170,0,320,0,250,46,240,-26" />
</Scene>
<Scene>
<INIT seed="2,0,0,1,5,24" ten="170,320,296,214" oya="2" hai0="131,13,121,83,35,4,68,58,102,44,95,124,7" hai1="30,92,62,65,133,91,9,75,67,81,3,17,10" hai2="94,77,76,122,129,43,101,21,79,88,34,99,69" hai3="66,135,134,6,25,32,56,55,80,114,37,26,117"/><V52/><F122/><W111/><G37/><T54/><D68/><U96/><E133/><V0/><F129/><W39/><G117/><T106/><D121/><U85/><E75/><V115/><F115/><W112/><G39/><T120/><D120/><U64/><E3/><V12/><F69/><W118/><G118/><T123/><D106/><U70/><E30/><V41/><F34/><W28/><G80/><T113/><D131/><U90/><E10/><V104/><F0/><W126/><G66/><T60/><D124/><U128/><E128/><V130/><F130/><W16/><G55/><T57/><D113/><N who="3" m="43625" /><G56/><T89/><D35/><U38/><E38/><V27/><F12/><W87/><G87/><T45/><D123/><U127/><E127/><V73/><F52/><W108/><G126/><T20/><D102/><U110/><E110/><N who="3" m="42026" /><G6/><N who="0" m="2091" /><D83/><U42/><E42/><V33/><F33/><W125/><G125/><T82/><D82/><U5/><E5/><V40/><F73/><W78/><G78/><N who="2" m="19969" /><V119/><DORA hai="8" /><F119/><W48/><G48/><T1/><D1/><U36/><E36/><V18/><F104/><W132/><G132/><T53/><D53/><U61/><E70/><V11/><F11/><W71/><G71/><T109/><D109/><U19/><E9/><V59/><F59/><W116/><G116/><T72/><D58/><U31/><E62/><V50/><F50/><W51/><G51/><T2/><D2/><U47/><E61/><V93/><F93/><W103/><G103/><AGARI ba="0,0" hai="18,21,27,40,41,43,88,94,99,101,103" m="19969" machi="103" ten="40,3900,0" yaku="8,1,54,1" doraHai="24,8" who="2" fromWho="3" sc="170,0,320,0,296,39,214,-39" />
</Scene>
<Scene>
<INIT seed="2,1,0,0,1,36" ten="170,320,335,175" oya="2" hai0="37,24,118,70,60,57,53,115,40,67,59,15,112" hai1="32,35,79,50,128,1,104,8,5,92,21,63,93" hai2="18,27,76,23,10,125,90,30,132,42,19,6,121" hai3="107,52,97,127,124,17,56,39,109,72,2,103,111"/><V4/><F121/><W80/><G39/><T87/><D24/><U65/><E104/><V94/><F76/><W69/><G2/><T74/><D74/><U116/><E116/><V84/><F125/><W113/><G69/><T133/><D87/><U71/><E128/><V33/><F132/><W114/><G17/><T0/><D0/><U105/><E105/><V58/><F58/><W46/><G46/><N who="0" m="23823" /><D15/><U135/><E135/><V7/><F42/><W38/><G38/><T13/><D13/><U11/><E79/><V130/><F130/><W28/><G28/><T81/><D81/><U95/><E11/><V110/><F110/><N who="3" m="41995" /><G80/><T77/><D77/><U9/><E9/><V99/><F84/><W14/><G14/><T49/><D133/><U126/><E126/><N who="3" m="48170" /><G72/><T98/><D98/><U85/><E21/><V101/><F90/><W82/><G82/><T129/><D129/><U83/><E83/><V66/><F66/><W29/><G29/><T55/><D118/><U47/><REACH who="1" step="1"/><E85/><REACH who="1" ten="170,310,335,175" step="2"/><V48/><F48/><AGARI ba="1,1" hai="48,52,56,97,103,107,113,114" m="48170,41995" machi="48" ten="30,3900,0" yaku="14,1,18,1,54,1" doraHai="36" who="3" fromWho="2" sc="170,0,310,0,335,-42,175,52" /><AGARI ba="1,0" hai="48,49,53,55,57,59,60,67,70,112,115" m="23823" machi="48" ten="30,7700,0" yaku="24,1,34,2,52,1" doraHai="36" who="0" fromWho="2" sc="170,77,310,0,293,-77,227,0" />
</Scene>
<Scene>
<INIT seed="3,0,0,5,2,36" ten="247,310,216,227" oya="3" hai0="58,40,34,117,1,135,52,20,93,14,90,63,102" hai1="11,18,85,88,114,79,5,122,65,91,68,31,111" hai2="47,107,124,51,118,61,83,29,43,42,16,50,71" hai3="130,82,128,53,45,4,59,84,125,129,66,57,101"/><W39/><G101/><T77/><D1/><U86/><E114/><V72/><F107/><W110/><G4/><T17/><D34/><U6/><E122/><V133/><F118/><W116/><G116/><T119/><D117/><U74/><E74/><V48/><F72/><W78/><G125/><T126/><D119/><U112/><E112/><V96/><F124/><W44/><G110/><T132/><D126/><U15/><E111/><V103/><F83/><W105/><G105/><T25/><D102/><U70/><E31/><V10/><F133/><N who="0" m="51274" /><D77/><U108/><E79/><V127/><F127/><W28/><G28/><T95/><D40/><N who="2" m="15402" /><F71/><W131/><G39/><T33/><D33/><U3/><E108/><V55/><F29/><W94/><G94/><N who="0" m="35851" /><D90/><U75/><E75/><V81/><F103/><W106/><G106/><T109/><D109/><U0/><E0/><V73/><F96/><W99/><G99/><T104/><D104/><U60/><E68/><V27/><F73/><W30/><G30/><T24/><AGARI ba="0,0" hai="14,17,20,24,25,52,58,63" m="35851,51274" machi="24" ten="30,2000,0" yaku="20,1,54,1" doraHai="36" who="0" fromWho="0" sc="247,20,310,-5,216,-5,227,-10" />
</Scene>
<Scene>
<INIT seed="4,0,0,1,3,114" ten="267,305,211,217" oya="0" hai0="78,28,71,87,9,60,42,127,125,93,81,109,85" hai1="40,76,23,38,32,98,33,113,120,61,26,67,53" hai2="41,112,5,96,0,46,133,62,16,70,80,86,74" hai3="22,115,4,134,95,65,126,131,128,8,35,29,122"/><T88/><D109/><U75/><E120/><V73/><F112/><W106/><G106/><T82/><D42/><U110/><E110/><V25/><F133/><W99/><G115/><T91/><D28/><U55/><E113/><V123/><F123/><W44/><G122/><T10/><D60/><U15/><E15/><V108/><F108/><W119/><G35/><T1/><D71/><U18/><E98/><V49/><F96/><W63/><G44/><T59/><D59/><U19/><E19/><V52/><F70/><W39/><G39/><T101/><D1/><U83/><E40/><V24/><F0/><W89/><G119/><T21/><D21/><U130/><E38/><V92/><F5/><W51/><G51/><T84/><D10/><U107/><E107/><V27/><F92/><W69/><G134/><T94/><D9/><U30/><E130/><V13/><F62/><W102/><G126/><N who="0" m="48139" /><D101/><U6/><E6/><V77/><REACH who="2" step="1"/><F41/><REACH who="2" ten="267,305,201,217" step="2"/><W58/><G69/><T14/><D14/><U132/><E132/><V2/><F2/><W129/><G29/><T117/><D117/><U43/><E43/><V118/><F118/><W103/><REACH who="3" step="1"/><G22/><AGARI ba="0,1" hai="13,16,22,24,25,27,46,49,52,73,74,77,80,86" machi="22" ten="40,5200,0" yaku="1,1,54,2,53,0" doraHai="114" doraHaiUra="66" who="2" fromWho="3" sc="267,0,305,0,201,62,217,-52" />
</Scene>
<Scene>
<INIT seed="5,0,0,1,3,38" ten="267,305,263,165" oya="1" hai0="129,82,68,122,5,47,58,114,98,70,62,123,22" hai1="80,81,131,29,66,71,17,124,34,55,30,69,45" hai2="41,73,35,90,57,4,24,74,2,14,91,115,104" hai3="117,13,113,109,16,50,102,128,121,133,18,7,33"/><U85/><E34/><V39/><F104/><W118/><G102/><T92/><D5/><U25/><E124/><V76/><F115/><W3/><G50/><T126/><D126/><U65/><E71/><V100/><F100/><W88/><G88/><N who="0" m="55559" /><D114/><U99/><E69/><V32/><F24/><W86/><G86/><T112/><D112/><U77/><E99/><V9/><F91/><W111/><G113/><T28/><D129/><U64/><E81/><N who="2" m="45199" /><F90/><W134/><G121/><N who="0" m="46091" /><D82/><U63/><E131/><V94/><F94/><W10/><G128/><T101/><D101/><U53/><E53/><V106/><F57/><W119/><G33/><N who="2" m="12873" /><F14/><W135/><REACH who="3" step="1"/><G18/><REACH who="3" ten="267,305,263,155" step="2"/><T26/><D47/><U60/><E45/><N who="2" m="23743" /><F106/><W20/><AGARI ba="0,1" hai="3,7,10,13,16,20,109,111,117,118,119,133,134,135" machi="20" ten="40,16000,3" yaku="1,1,0,1,12,1,20,1,34,3,54,1,53,0" doraHai="38" doraHaiUra="27" who="3" fromWho="3" sc="267,-40,305,-80,263,-40,155,170" />
</Scene>
<Scene>
<INIT seed="6,0,0,0,0,31" ten="227,225,223,325" oya="2" hai0="124,116,133,79,0,48,20,56,54,130,24,67,115" hai1="88,53,46,127,38,117,62,33,70,60,106,86,36" hai2="112,108,12,4,3,39,15,107,97,78,82,28,99" hai3="30,58,103,95,109,111,125,63,9,49,13,32,50"/><V120/><F120/><W96/><G125/><T44/><D0/><U40/><E117/><V52/><F39/><W19/><G111/><T75/><D124/><U98/><E127/><V26/><F108/><W134/><G109/><T104/><D104/><U41/><E33/><V76/><F112/><W35/><G134/><T21/><D115/><U131/><E131/><V89/><F3/><W128/><G128/><T84/><D133/><U55/><E106/><V113/><F4/><W18/><G18/><T122/><D130/><U66/><E98/><V27/><F113/><W16/><G19/><T57/><D122/><U110/><E110/><V7/><F107/><W135/><G135/><T105/><D116/><U59/><E88/><V8/><F15/><W100/><G30/><T102/><D75/><U69/><E86/><V17/><F89/><W11/><G11/><T64/><D102/><U10/><E10/><V90/><F52/><N who="1" m="20041" /><E62/><V118/><F118/><W45/><G103/><T80/><D105/><U92/><E92/><V129/><F129/><W68/><G68/><N who="1" m="26218" /><E41/><V114/><F114/><W51/><REACH who="3" step="1"/><G45/><REACH who="3" ten="227,225,223,315" step="2"/><T77/><D77/><N who="2" m="29802" /><F17/><W42/><G42/><T22/><REACH who="0" step="1"/><D24/><REACH who="0" ten="217,225,223,315" step="2"/><N who="2" m="9258" /><F28/><W34/><G34/><T123/><D123/><U29/><E29/><V87/><AGARI ba="0,2" hai="7,8,12,82,87,90,97,99" m="9258,29802" machi="87" ten="30,1500,0" yaku="8,1" doraHai="31" who="2" fromWho="2" sc="217,-5,225,-5,223,35,315,-5" />
</Scene>
<Scene>
<INIT seed="6,1,0,3,3,83" ten="212,220,258,310" oya="2" hai0="46,100,31,45,61,90,69,50,34,38,89,19,134" hai1="132,74,122,126,26,68,51,20,11,94,96,133,64" hai2="14,16,76,84,52,99,27,78,57,71,106,40,37" hai3="119,86,7,105,102,43,39,128,56,6,36,18,4"/><V93/><F106/><W109/><G119/><T87/><D134/><N who="1" m="51819" /><E74/><V107/><F71/><W49/><G109/><T58/><D100/><N who="1" m="60439" /><E126/><V112/><F107/><W24/><G105/><T104/><D104/><U25/><E122/><V2/><F112/><W108/><G108/><T113/><D69/><U125/><E125/><V130/><F130/><W79/><G128/><T22/><D113/><U60/><E20/><N who="2" m="13703" /><F37/><W131/><G131/><T80/><D31/><U110/><E110/><V70/><F70/><W29/><G102/><T53/><D34/><U59/><E11/><V111/><F2/><W65/><G18/><T117/><D117/><U8/><E8/><V32/><F40/><W95/><G39/><T91/><D38/><U12/><E12/><V81/><F32/><W48/><G36/><T21/><D21/><U44/><E68/><V77/><F14/><W63/><G43/><AGARI ba="1,0" hai="25,26,43,44,51,59,60,64" m="60439,51819" machi="43" ten="30,1000,0" yaku="20,1" doraHai="83" who="1" fromWho="3" sc="212,0,220,13,258,0,310,-13" />
</Scene>
<Scene>
<INIT seed="7,0,0,4,0,61" ten="212,233,258,297" oya="3" hai0="58,95,36,102,135,37,27,123,89,30,126,94,14" hai1="40,74,105,24,124,85,130,99,60,131,1,68,41" hai2="92,13,9,50,91,67,3,7,82,75,53,76,112" hai3="35,109,104,2,12,32,28,63,16,87,128,127,45"/><W116/><G104/><T93/><D123/><U125/><E74/><V57/><F112/><W133/><G116/><T5/><D126/><N who="1" m="48747" /><E1/><V71/><F71/><W70/><G127/><T18/><D135/><U77/><E24/><V84/><REACH who="2" step="1"/><F3/><REACH who="2" ten="212,233,248,297" step="2"/><W0/><G133/><T79/><D102/><N who="1" m="62687" /><E131/><V15/><F15/><W81/><G128/><T134/><D134/><U49/><E130/><V86/><F86/><W25/><G109/><T96/><D5/><U39/><E85/><V59/><F59/><W29/><G45/><T56/><D79/><U62/><E77/><V97/><F97/><W6/><G70/><T19/><D14/><U72/><E68/><V4/><F4/><W65/><G2/><T48/><D95/><U132/><E72/><V114/><F114/><W26/><G0/><T69/><D69/><U119/><E132/><V21/><F21/><W107/><G6/><T64/><D96/><U34/><E119/><V120/><F120/><W121/><G121/><T31/><D27/><U66/><E34/><V115/><F115/><W113/><G113/><T23/><D23/><U20/><E20/><V108/><F108/><W46/><G46/><T80/><D89/><U90/><E90/><V38/><F38/><W22/><G107/><T129/><D129/><U17/><E39/><V43/><F43/><W54/><G87/><T98/><D98/><U73/><E73/><V88/><F88/><W110/><G110/><T83/><REACH who="0" step="1"/><D48/><REACH who="0" ten="202,233,248,297" step="2"/><U8/><E49/><V103/><F103/><W106/><G106/><T52/><D52/><U33/><E33/><V11/><F11/><RYUUKYOKU ba="0,2" sc="202,15,233,-15,248,15,297,-15" hai0="18,19,30,31,36,37,56,58,64,80,83,93,94" hai2="7,9,13,50,53,57,67,75,76,82,84,91,92" />
</Scene>
<Scene>
<INIT seed="8,1,2,1,1,80" ten="217,218,263,282" oya="0" hai0="107,8,47,122,96,132,113,3,51,7,32,123,79" hai1="133,99,71,18,135,34,46,118,75,38,43,106,127" hai2="9,83,37,92,40,4,57,44,16,31,35,82,114" hai3="103,28,81,0,88,94,41,65,102,130,112,54,97"/><T30/><D113/><U67/><E118/><V76/><F114/><W2/><G41/><T109/><D132/><N who="1" m="50763" /><E75/><V66/><F35/><W87/><G112/><T19/><D79/><U49/><E34/><V74/><F31/><W61/><G54/><T52/><D109/><U89/><E127/><V5/><F92/><W26/><G130/><T108/><D108/><U100/><E18/><V15/><REACH who="2" step="1"/><F82/><REACH who="2" ten="217,218,253,282" step="2"/><W125/><G125/><T70/><D30/><U25/><E106/><V20/><F20/><W120/><G120/><T117/><D32/><U23/><E23/><V13/><F13/><W69/><REACH who="3" step="1"/><G103/><REACH who="3" ten="217,218,253,272" step="2"/><T55/><D123/><U90/><E100/><V72/><F72/><W11/><G11/><T39/><D122/><U86/><E25/><V129/><F129/><W27/><G27/><T48/><D117/><U24/><E24/><V93/><F93/><W22/><AGARI ba="1,4" hai="0,2,22,26,28,61,65,69,81,87,88,94,97,102" machi="22" ten="20,12000,2" yaku="1,1,0,1,7,1,52,1,54,1,53,2" doraHai="80" doraHaiUra="33" who="3" fromWho="3" sc="217,-61,218,-31,253,-31,272,163" owari="156,-34.0,187,-21.0,222,2.0,435,53.0" />
</Scene>
</mjloggm>