<mjloggm ver="2.3"><GO type="169"/><UN n0="%74%6A%2D%6D%69%63%72%6F" n1="%6E%69%6A%69" n2="%E7%8B%AC%E6%AD%A9" n3="%E5%A4%AA%E3%81%8F%E3%81%AA%E3%81%84%E3%81%8A" dan="16,16,17,16" rate="2089,2063,2151,2107" sx="M,F,M,M"/><TAIKYOKU oya="0"/>

<Scene>
<INIT seed="0,0,0,3,0,77" ten="250,250,250,250" oya="0" hai0="46,106,19,130,5,12,75,1,82,100,110,107,88" hai1="4,119,72,0,135,55,116,60,16,124,59,91,48" hai2="15,28,32,121,66,45,78,35,90,93,50,125,41" hai3="127,14,95,94,57,63,129,104,101,22,44,17,123"/><T85/><D130/><U31/><E31/><V98/><F121/><W49/><G129/><T3/><D110/><U67/><E72/><V23/><F125/><W71/><G71/><T131/><D131/><U117/><E124/><V86/><F66/><W70/><G70/><T10/><D1/><U42/><E135/><V89/><F78/><W21/><G127/><T34/><D34/><U81/><E42/><V84/><F98/><W120/><G104/><T56/><D75/><U54/><E4/><V6/><F6/><W83/><G120/><T33/><D33/><U109/><E0/><V18/><REACH who="2" step="1"/><F28/><REACH who="2" ten="250,250,240,250" step="2"/><W65/><G123/><T114/><D114/><U79/><E79/><V134/><F134/><W39/><G65/><T96/><D46/><U62/><E67/><V126/><F126/><W105/><G44/><T111/><D111/><U8/><E109/><V29/><F29/><W9/><G17/><T64/><D64/><U133/><E133/><V27/><F27/><W118/><G118/><T11/><REACH who="0" step="1"/><D56/><REACH who="0" ten="240,250,240,250" step="2"/><U76/><E117/><V36/><F36/><W52/><G57/><T97/><D97/><U74/><E116/><V113/><F113/><W87/><G39/><T30/><D30/><U25/><E119/><V99/><F99/><W128/><G128/><T58/><D58/><U80/><E59/><V132/><F132/><W2/><G63/><T112/><D112/><U43/><E62/><V108/><F108/><W115/><G115/><T13/><D13/><U103/><E60/><V37/><F37/><W69/><G14/><T26/><D26/><U122/><E25/><RYUUKYOKU ba="0,2" sc="240,15,250,-15,240,15,250,-15" hai0="3,5,10,11,12,19,82,85,88,96,100,106,107" hai2="15,18,23,32,35,41,45,50,84,86,89,90,93" />
</Scene>
<Scene>
<INIT seed="0,1,2,5,1,69" ten="255,235,255,235" oya="0" hai0="29,122,11,1,4,31,30,56,32,19,92,34,37" hai1="108,20,9,96,91,134,111,25,126,123,0,66,17" hai2="2,53,3,10,83,67,100,121,84,80,23,98,60" hai3="109,115,94,78,93,125,128,46,38,26,71,41,124"/><T64/><D122/><U68/><E123/><V42/><F121/><W55/><G115/><T73/><D73/><U44/><E126/><N who="3" m="48746" /><G71/><T61/><D37/><U112/><E112/><V5/><F53/><W76/><G109/><T62/><D19/><U117/><E117/><V88/><F42/><W127/><N who="3" m="48754" /><W12/><DORA hai="107" /><G128/><T131/><D131/><U28/><E134/><V101/><F3/><W116/><G116/><T72/><D72/><U85/><E96/><V114/><F114/><W119/><G119/><T43/><D43/><U105/><E105/><V110/><F110/><W51/><G26/><T113/><D113/><U102/><E102/><V47/><F47/><N who="3" m="28159" /><G12/><T52/><REACH who="0" step="1"/><D92/><AGARI ba="1,2" hai="38,41,46,76,78,92,93,94" m="28159,48754" machi="92" ten="40,2600,0" yaku="18,1,52,1" doraHai="69,107" who="3" fromWho="0" sc="255,-29,235,0,255,0,235,49" />
</Scene>
<Scene>
<INIT seed="1,0,0,0,5,4" ten="226,235,255,284" oya="1" hai0="61,63,20,62,126,39,112,29,48,109,95,18,92" hai1="70,124,72,105,15,64,111,33,82,24,36,25,69" hai2="115,94,27,80,101,13,31,41,123,57,81,129,91" hai3="134,97,110,11,0,16,38,119,118,10,78,50,77"/><U128/><E36/><V46/><F123/><W9/><G38/><T56/><D39/><U49/><E105/><V79/><F101/><W2/><G110/><T32/><D112/><U84/><E72/><V71/><F71/><W44/><G134/><T26/><D109/><U93/><E111/><V42/><F129/><W108/><G108/><T6/><D126/><U65/><E124/><V19/><F115/><W135/><G135/><T130/><D130/><U89/><E128/><V7/><F7/><W17/><G97/><T75/><D75/><U107/><E107/><V74/><F80/><W28/><G28/><T114/><D114/><U8/><E49/><V1/><F1/><N who="3" m="619" /><G50/><T121/><D121/><U52/><E33/><V106/><F57/><W104/><G44/><T40/><D6/><U96/><E52/><V98/><F46/><W125/><G104/><T47/><REACH who="0" step="1"/><D56/><REACH who="0" ten="216,235,255,284" step="2"/><U23/><E70/><V3/><F106/><W86/><G125/><T113/><D113/><U103/><E69/><V132/><F132/><W102/><G102/><T60/><N who="0" m="15360" /><DORA hai="116" /><T54/><D54/><U133/><E133/><V21/><REACH who="2" step="1"/><F3/><REACH who="2" ten="216,235,245,284" step="2"/><W34/><G118/><T67/><D67/><U76/><E64/><V88/><F88/><W120/><G119/><T55/><D55/><U122/><E65/><V99/><F99/><W59/><G59/><T58/><D58/><U83/><E122/><V100/><F100/><W131/><G120/><T45/><D45/><U87/><E103/><V22/><AGARI ba="0,2" hai="13,19,21,22,27,31,41,42,74,79,81,91,94,98" machi="22" ten="20,2700,0" yaku="1,1,0,1,7,1,53,0" doraHai="4,116" doraHaiUra="66,53" who="2" fromWho="2" sc="216,-7,235,-13,245,47,284,-7" />
</Scene>
<Scene>
<INIT seed="2,0,0,1,3,69" ten="209,222,292,277" oya="2" hai0="127,96,1,53,108,83,54,102,95,7,112,86,116" hai1="44,132,117,3,94,91,84,120,4,58,70,75,24" hai2="10,47,19,134,74,72,113,27,12,98,63,2,71" hai3="90,0,51,76,88,46,111,130,31,55,5,87,30"/><V41/><F113/><W121/><G121/><T21/><D112/><U22/><E70/><V118/><F118/><W16/><G111/><T123/><D123/><U37/><E75/><V13/><F2/><W92/><G130/><T45/><D108/><U39/><E117/><V60/><F134/><W93/><G76/><T57/><D116/><U67/><E120/><V126/><F126/><W77/><G77/><T107/><D107/><U97/><E132/><V104/><F27/><W11/><REACH who="3" step="1"/><G16/><REACH who="3" ten="209,222,292,267" step="2"/><T124/><D127/><U28/><E4/><V65/><F63/><W49/><G49/><T66/><D7/><U35/><E3/><V36/><REACH who="2" step="1"/><F12/><REACH who="2" ten="209,222,282,267" step="2"/><W110/><G110/><T100/><D1/><U52/><E35/><V9/><F9/><W79/><G79/><T73/><D124/><U56/><E22/><V8/><F8/><W105/><G105/><T125/><D21/><U82/><E24/><V119/><F119/><W48/><G48/><T6/><D125/><U101/><E37/><V62/><F62/><W115/><G115/><T23/><D23/><U81/><E39/><V20/><F20/><W43/><G43/><T33/><D33/><U109/><E109/><V26/><F26/><W103/><G103/><AGARI ba="0,2" hai="10,13,19,36,41,47,60,65,71,72,74,98,103,104" machi="103" ten="40,3900,0" yaku="1,1,52,1,53,0" doraHai="69" doraHaiUra="89" who="2" fromWho="3" sc="209,0,222,0,282,59,267,-39" />
</Scene>
<Scene>
<INIT seed="2,1,0,3,1,125" ten="209,222,341,228" oya="2" hai0="75,97,19,87,104,124,65,30,115,91,107,49,113" hai1="108,62,39,8,7,14,37,23,51,24,116,134,40" hai2="5,64,33,11,94,119,25,12,42,73,69,110,128" hai3="67,10,28,46,86,55,2,130,101,102,4,38,35"/><V112/><F73/><W27/><G67/><T13/><D75/><U133/><E116/><V126/><F119/><W84/><G130/><T121/><D121/><U43/><E108/><V95/><F112/><W82/><G84/><T17/><D30/><U96/><E96/><V6/><F126/><W15/><G2/><T61/><D124/><U22/><E62/><V129/><F42/><W106/><G106/><T79/><D79/><U47/><E40/><V36/><F36/><W80/><G80/><T103/><D49/><U131/><E131/><N who="2" m="50251" /><F110/><W105/><G105/><T3/><D3/><U41/><E41/><V135/><F135/><N who="1" m="51721" /><E24/><V111/><F111/><W85/><G85/><T63/><D107/><U99/><E99/><V71/><F5/><W45/><G38/><AGARI ba="1,0" hai="7,8,14,22,23,37,38,39,43,47,51" m="51721" machi="38" ten="30,1000,0" yaku="20,1" doraHai="125" who="1" fromWho="3" sc="209,0,222,13,341,0,228,-13" />
</Scene>
<Scene>
<INIT seed="3,0,0,2,5,86" ten="209,235,341,215" oya="3" hai0="3,46,132,43,20,120,56,76,17,30,118,105,100" hai1="90,71,1,109,34,48,126,124,51,66,125,94,61" hai2="93,134,59,65,52,45,13,23,116,115,133,2,68" hai3="49,32,37,121,89,9,111,117,55,129,113,75,84"/><W102/><G121/><T21/><D120/><U103/><E34/><V127/><F2/><W5/><G117/><T58/><D3/><U22/><E1/><V6/><F116/><W123/><G123/><T107/><D118/><U72/><E72/><V44/><F115/><W41/><G113/><T18/><D30/><U47/><E109/><V92/><F127/><W95/><G32/><T83/><D132/><N who="2" m="50794" /><F65/><W69/><G69/><T50/><D107/><U122/><E122/><V78/><F68/><W81/><G129/><T42/><D100/><U135/><E135/><V106/><F78/><W54/><G111/><T130/><D105/><U26/><E103/><V25/><F106/><W4/><G37/><T87/><D43/><U19/><REACH who="1" step="1"/><E47/><REACH who="1" ten="209,225,341,215" step="2"/><V77/><F45/><N who="3" m="25775" /><G75/><T79/><D130/><U53/><E53/><N who="3" m="19978" /><G9/><T96/><D46/><U12/><E12/><V0/><F44/><W62/><G62/><T91/><D42/><U114/><E114/><V10/><F0/><W57/><G57/><T8/><D56/><U85/><AGARI ba="0,1" hai="19,22,26,48,51,61,66,71,85,90,94,124,125,126" machi="85" ten="30,7900,0" yaku="1,1,0,1,18,1,52,1,53,0" doraHai="86" doraHaiUra="101" who="1" fromWho="1" sc="209,-20,225,89,341,-20,215,-39" />
</Scene>
<Scene>
<INIT seed="4,0,0,5,3,96" ten="189,314,321,176" oya="0" hai0="117,106,28,127,35,134,121,34,97,23,113,56,31" hai1="1,3,50,109,131,124,112,27,65,49,90,100,52" hai2="129,53,101,38,120,59,8,13,118,79,46,25,67" hai3="115,74,80,99,93,76,63,103,116,78,6,61,70"/><T91/><D121/><U30/><E109/><V130/><F120/><W32/><G116/><T87/><D117/><U94/><E124/><V132/><F118/><W77/><G32/><T10/><D127/><U108/><E108/><V40/><F79/><W60/><G115/><T92/><D113/><U11/><E112/><V14/><F132/><W36/><G70/><T135/><D10/><U72/><E72/><V95/><F67/><W54/><G36/><T0/><D0/><U41/><E41/><V71/><F25/><W37/><G37/><T125/><D125/><U57/><E131/><N who="2" m="50187" /><F71/><W73/><G6/><T105/><D56/><U84/><E11/><V62/><F8/><W64/><G64/><T88/><D23/><U24/><E65/><V33/><F33/><W110/><G110/><T123/><D123/><U89/><E24/><V9/><F9/><W44/><REACH who="3" step="1"/><G80/><REACH who="3" ten="189,314,321,166" step="2"/><N who="0" m="49255" /><D34/><U133/><E133/><N who="0" m="50697" /><D35/><U83/><E83/><V51/><F38/><W82/><G82/><T75/><D75/><U104/><E1/><V47/><F47/><W126/><G126/><T102/><D106/><U69/><E3/><V4/><F4/><W29/><G29/><T114/><D114/><U66/><E69/><V2/><F2/><W81/><G81/><T42/><D42/><U18/><E104/><V5/><F5/><W122/><G122/><T86/><AGARI ba="0,1" hai="28,31,86,91,92,97,102,105" m="50697,49255" machi="86" ten="30,6000,0" yaku="20,1,52,1,54,1" doraHai="96" who="0" fromWho="0" sc="189,70,314,-20,321,-20,166,-20" />
</Scene>
<Scene>
<INIT seed="4,1,0,0,5,62" ten="259,294,301,146" oya="0" hai0="22,134,23,135,6,78,49,2,9,27,36,77,30" hai1="124,102,109,126,101,83,104,7,41,38,4,40,71" hai2="114,43,28,131,74,69,10,132,76,122,87,63,93" hai3="113,54,21,66,45,94,73,90,32,58,110,95,15"/><T56/><D36/><U11/><E109/><V89/><F122/><W117/><G110/><T84/><D23/><U48/><E38/><V55/><F131/><W3/><G117/><T75/><D75/><U81/><E48/><V46/><F132/><N who="0" m="50730" /><D84/><U125/><E71/><V133/><F133/><W20/><G3/><T108/><D108/><U26/><E26/><V80/><F10/><W13/><G32/><T115/><D115/><U99/><E101/><V67/><F28/><W35/><G35/><T0/><D0/><U34/><E34/><V64/><F114/><W51/><G73/><T29/><D29/><U106/><E106/><V25/><F25/><W14/><G113/><T123/><D123/><U79/><E83/><V12/><F12/><W1/><G1/><T16/><D30/><U50/><E50/><V65/><F55/><AGARI ba="1,0" hai="2,6,9,16,22,27,49,55,56,77,78" m="50730" machi="55" ten="30,2900,0" yaku="20,1,54,1" doraHai="62" who="0" fromWho="2" sc="259,32,294,0,301,-32,146,0" />
</Scene>
<Scene>
<INIT seed="4,2,0,5,3,17" ten="291,294,269,146" oya="0" hai0="44,92,117,97,80,95,119,41,135,84,133,125,10" hai1="56,20,6,105,38,29,36,23,122,57,32,89,121" hai2="64,2,65,52,123,108,77,28,107,94,3,98,50" hai3="134,9,115,76,15,79,69,116,60,27,129,13,93"/><T96/><D10/><U1/><E105/><V49/><F123/><W132/><G116/><T90/><D44/><U87/><E29/><V54/><F107/><W75/><G115/><T59/><D41/><U101/><E32/><V128/><F77/><N who="3" m="29771" /><G75/><T30/><D59/><U12/><E101/><V120/><F120/><W124/><G124/><T67/><D30/><U81/><E1/><V33/><F108/><W109/><G109/><T113/><D67/><U19/><E6/><V66/><F128/><W63/><G129/><T26/><D26/><U68/><E68/><V86/><F86/><W58/><G93/><N who="0" m="35915" /><D113/><U42/><E121/><V114/><F114/><W74/><G74/><T104/><D125/><U71/><E71/><V127/><F127/><W78/><N who="3" m="29779" /><W37/><DORA hai="73" /><G37/><T18/><D104/><U100/><E122/><V46/><F33/><W5/><G69/><T11/><D117/><U131/><E131/><V51/><F28/><W118/><G118/><T24/><D119/><U0/><E0/><V70/><F70/><W83/><G83/><T55/><D80/><U88/><E38/><V106/><F106/><W82/><G82/><T62/><D97/><U103/><E89/><V35/><F35/><W8/><G27/><T61/><D24/><U22/><E36/><V85/><F98/><W43/><G43/><T112/><D96/><U39/><E42/><V21/><F2/><W72/><G72/><T45/><D112/><U110/><E39/><V31/><F3/><W111/><G111/><T102/><D90/><U25/><E25/><N who="2" m="16815" /><F46/><W126/><G126/><RYUUKYOKU ba="2,0" sc="291,-10,294,-10,269,30,146,-10" hai2="49,50,51,52,54,64,65,66,85,94" />
</Scene>
<Scene>
<INIT seed="5,3,0,5,2,27" ten="281,284,299,136" oya="1" hai0="130,40,122,113,31,72,16,101,55,54,19,132,58" hai1="82,71,11,21,20,124,77,99,97,51,86,84,34" hai2="109,42,117,111,23,41,88,48,38,0,78,80,56" hai3="70,6,8,74,104,63,121,126,92,131,91,12,60"/><U22/><E71/><V29/><F0/><W17/><G121/><T103/><D72/><U33/><E124/><V105/><F105/><W52/><G74/><T53/><D122/><U119/><E119/><V45/><F117/><W112/><G104/><T128/><D113/><U90/><E11/><V98/><F42/><W14/><G112/><T44/><D58/><U120/><E120/><V115/><F115/><W18/><G126/><T15/><D132/><U43/><E33/><V49/><F38/><W3/><G131/><N who="0" m="50219" /><D31/><U4/><E4/><V118/><F118/><W67/><G3/><T1/><D1/><U93/><REACH who="1" step="1"/><E34/><REACH who="1" ten="281,274,299,136" step="2"/><V26/><F111/><W123/><G123/><T62/><D62/><U37/><E37/><V65/><F109/><W10/><G6/><T81/><D19/><U106/><E106/><V68/><F68/><W36/><G36/><N who="0" m="21511" /><D81/><U76/><E76/><V30/><F78/><W2/><G2/><T127/><D127/><U79/><E79/><V135/><F135/><W61/><REACH who="3" step="1"/><G52/><REACH who="3" ten="281,274,299,126" step="2"/><T32/><D54/><U89/><E89/><V114/><F114/><W5/><G5/><T47/><D53/><U108/><E108/><V25/><F88/><W13/><G13/><T125/><D55/><U110/><E110/><V129/><F129/><W95/><G95/><T87/><D125/><U83/><E83/><V107/><F80/><W73/><G73/><T59/><D15/><U102/><E102/><V85/><F107/><W69/><G69/><T28/><D101/><U35/><E35/><V57/><F45/><AGARI ba="3,2" hai="20,21,22,43,45,51,77,82,84,86,90,93,97,99" machi="45" ten="40,7700,0" yaku="1,1,8,1,53,1" doraHai="27" doraHaiUra="46" who="1" fromWho="2" sc="281,0,274,106,299,-86,126,0" />
</Scene>
<Scene>
<INIT seed="5,4,0,1,2,102" ten="281,380,213,126" oya="1" hai0="76,81,6,55,50,66,93,46,125,52,85,25,89" hai1="56,29,12,40,132,22,36,23,117,10,33,72,115" hai2="82,39,68,47,71,19,103,94,45,78,51,7,101" hai3="90,63,123,67,84,80,99,8,38,4,114,2,48"/><U116/><E72/><V65/><F39/><W105/><G123/><T118/><D125/><U57/><E33/><V1/><F7/><W0/><G38/><T42/><D118/><U108/><E108/><V120/><F1/><W88/><G114/><T54/><D66/><U62/><E115/><V70/><F120/><W60/><G48/><T59/><D25/><U18/><E132/><V43/><F47/><W77/><G0/><T5/><REACH who="0" step="1"/><D59/><REACH who="0" ten="271,380,213,126" step="2"/><U97/><E56/><V41/><F65/><W26/><G26/><T92/><D92/><U96/><E57/><V64/><F64/><W109/><G109/><T37/><D37/><U75/><E36/><V3/><F94/><W129/><G129/><T49/><D49/><U107/><E116/><V15/><F71/><W61/><REACH who="3" step="1"/><G67/><REACH who="3" ten="271,380,213,116" step="2"/><T16/><D16/><U128/><E117/><V112/><F70/><W27/><G27/><T135/><D135/><U13/><E128/><V73/><F68/><W95/><G95/><T126/><D126/><U17/><E18/><V86/><F112/><W87/><G87/><AGARI ba="4,2" hai="5,6,42,46,50,52,54,55,76,81,85,87,89,93" machi="87" ten="40,5200,0" yaku="1,1,8,1,54,1,53,0" doraHai="102" doraHaiUra="104" who="0" fromWho="3" sc="271,84,380,0,213,0,116,-64" />
</Scene>
<Scene>
<INIT seed="6,0,0,1,2,108" ten="355,380,213,52" oya="2" hai0="101,48,80,33,64,3,19,94,46,126,86,47,40" hai1="90,60,103,87,41,9,73,116,36,53,45,58,99" hai2="10,106,88,97,77,27,113,130,93,89,31,63,133" hai3="39,82,17,66,26,79,134,132,81,96,57,1,14"/><V4/><F130/><W59/><G1/><T62/><D3/><U129/><E73/><V38/><F38/><W125/><G39/><T8/><D33/><U83/><E129/><V15/><F133/><N who="3" m="51307" /><G125/><T75/><D75/><U69/><E69/><V13/><F113/><W35/><G96/><T23/><D8/><U74/><E74/><V29/><F77/><W128/><G128/><T72/><D72/><U44/><E116/><V16/><F106/><W121/><G121/><T104/><D46/><U84/><E44/><V30/><F63/><N who="3" m="38255" /><G59/><T42/><D42/><U25/><E25/><V107/><F107/><W68/><G68/><T115/><D115/><U2/><E84/><V105/><F105/><W18/><G79/><T135/><D126/><U0/><E9/><N who="2" m="6255" /><F27/><W92/><G92/><AGARI ba="0,0" hai="0,2,36,41,45,53,58,60,83,87,90,92,99,103" machi="92" ten="30,1000,0" yaku="7,1" doraHai="108" who="1" fromWho="3" sc="355,0,380,10,213,0,52,-10" />
</Scene>
<Scene>
<INIT seed="7,0,0,0,2,67" ten="355,390,213,42" oya="3" hai0="89,113,118,100,129,97,3,28,0,46,91,106,120" hai1="109,104,53,57,135,79,122,68,35,70,15,14,26" hai2="107,17,9,42,41,61,108,59,32,29,71,124,18" hai3="102,86,44,116,36,88,43,23,40,77,58,83,4"/><W128/><G116/><T34/><D118/><U31/><E104/><V94/><F107/><W37/><G128/><T96/><D120/><U49/><E122/><V92/><F108/><W63/><G102/><T131/><D46/><U13/><E109/><V33/><F124/><W24/><G4/><T74/><D74/><U62/><E135/><V51/><F71/><W125/><G125/><T121/><D121/><U7/><E79/><V127/><F29/><W21/><G77/><T22/><D34/><U16/><E7/><V72/><F72/><W27/><G43/><T103/><D106/><U90/><E90/><V54/><F33/><W123/><G123/><T95/><D95/><N who="2" m="36394" /><F32/><W56/><G37/><T87/><D87/><U52/><E16/><N who="2" m="6251" /><F9/><W85/><G85/><T80/><D80/><U45/><AGARI ba="0,0" hai="13,14,15,26,31,35,45,49,52,53,57,62,68,70" machi="45" ten="30,7900,0" yaku="0,1,52,2,54,1" doraHai="67" who="1" fromWho="1" sc="355,-20,390,79,213,-20,42,-39" owari="335,14.0,469,57.0,193,-21.0,3,-50.0" />
</Scene>
</mjloggm>