<mjloggm ver="2.3"><GO type="169"/><UN n0="%E3%81%B2%E3%81%AE%E3%81%A8%E3%82%8A%E3%81%AE%E3%81%B2%E3%81%A8%E3%82%8A" n1="%E3%83%97%E3%83%AD%E3%82%B8%E3%83%A3%E3%83%B3%E6%B0%8F" n2="%EF%BC%88%EF%BC%8A%EF%BC%9E%EF%BC%9C%EF%BC%89" n3="%E5%A4%AA%E3%81%8F%E3%81%AA%E3%81%84%E3%81%8A" dan="16,18,18,17" rate="2023,2152,2173,2166" sx="M,M,F,M"/><TAIKYOKU oya="0"/>

<Scene>
<INIT seed="0,0,0,3,5,115" ten="250,250,250,250" oya="0" hai0="101,56,123,77,117,106,22,7,119,11,111,132,72" hai1="6,35,54,109,103,96,127,19,81,25,69,17,125" hai2="133,80,51,104,86,87,68,30,73,5,44,26,47" hai3="113,110,32,129,57,82,122,62,20,15,90,49,76"/><T1/><D123/><U4/><E109/><V34/><F104/><W105/><G113/><T23/><D111/><U43/><E69/><V40/><F68/><W37/><G110/><T27/><D132/><U24/><E43/><V12/><F133/><W53/><G37/><T121/><D121/><U58/><E81/><V3/><F3/><W28/><G122/><T78/><D56/><U108/><E108/><V97/><F97/><W75/><G105/><T93/><D106/><U60/><E96/><V61/><F61/><W67/><G129/><T92/><D23/><U48/><E103/><V116/><F116/><W85/><G32/><T41/><D41/><U65/><E6/><V38/><F73/><W120/><G120/><T2/><D2/><U66/><E4/><V102/><F102/><W99/><G99/><T135/><D135/><U79/><E79/><V118/><F118/><N who="0" m="45066" /><D101/><U46/><E65/><V39/><F80/><W71/><G28/><N who="0" m="17527" /><D72/><U89/><E89/><V130/><F38/><W13/><G20/><T45/><D45/><U18/><REACH who="1" step="1"/><E35/><REACH who="1" ten="250,240,250,250" step="2"/><V42/><F34/><W95/><AGARI ba="0,1" hai="13,15,49,53,57,62,67,71,75,76,82,85,90,95" machi="95" ten="20,1500,0" yaku="0,1,7,1" doraHai="115" who="3" fromWho="3" sc="250,-7,240,-4,250,-4,250,25" />
</Scene>
<Scene>
<INIT seed="1,0,0,4,0,129" ten="243,236,246,275" oya="1" hai0="77,93,98,67,25,2,114,92,123,43,26,32,104" hai1="30,60,19,86,7,106,9,126,27,41,85,84,125" hai2="87,99,108,89,110,47,20,90,3,132,121,112,117" hai3="130,18,15,46,14,50,40,82,56,72,12,70,127"/><U66/><E106/><V34/><F3/><W107/><G70/><T44/><D114/><U0/><E41/><V36/><F34/><W4/><G107/><T62/><D2/><U122/><E122/><V21/><F117/><W76/><G127/><N who="1" m="48650" /><E19/><V113/><F121/><W48/><G130/><T134/><D123/><U88/><E60/><V101/><F47/><W80/><G80/><T109/><D109/><N who="2" m="42090" /><F36/><W39/><G4/><T128/><D128/><U8/><E8/><V35/><F35/><W37/><G18/><T96/><D104/><U58/><E58/><V53/><F53/><W23/><G23/><N who="2" m="8777" /><F132/><W94/><G56/><N who="0" m="37319" /><D134/><U79/><E79/><V131/><F131/><W49/><G39/><T103/><D77/><U74/><E66/><V68/><F68/><W124/><G124/><T115/><D32/><N who="1" m="20575" /><E74/><V65/><F65/><W120/><G120/><T51/><D115/><N who="2" m="44106" /><F87/><W81/><G72/><T102/><AGARI ba="0,0" hai="25,26,43,44,51,92,93,96,98,102,103" m="37319" machi="102" ten="30,1100,0" yaku="8,1" doraHai="129" who="0" fromWho="0" sc="243,11,236,-5,246,-3,275,-3" />
</Scene>
<Scene>
<INIT seed="2,0,0,5,1,99" ten="254,231,243,272" oya="2" hai0="29,25,88,85,1,5,38,0,40,89,19,119,8" hai1="109,22,78,58,11,112,94,13,120,108,35,75,55" hai2="100,53,54,17,87,84,73,32,127,104,14,2,10" hai3="117,83,65,24,18,128,115,37,118,123,91,134,67"/><V90/><F73/><W132/><G37/><T133/><D133/><N who="3" m="51305" /><G123/><T86/><D0/><U97/><E120/><V27/><F127/><W50/><G128/><T80/><D119/><N who="3" m="45577" /><G115/><T116/><D116/><U130/><E112/><V77/><F2/><W69/><G69/><T98/><D19/><U105/><E130/><V49/><F77/><W96/><G50/><T111/><D111/><N who="1" m="42571" /><E105/><V20/><F32/><W113/><G113/><T56/><D56/><U79/><E22/><V74/><F74/><W102/><G24/><T43/><D38/><U76/><E35/><V131/><F131/><W34/><G34/><T16/><D98/><U92/><E75/><V48/><F48/><W57/><G18/><T3/><D16/><N who="1" m="8255" /><E97/><V45/><F54/><W51/><G51/><AGARI ba="0,0" hai="51,55,58,76,78,79,92,94" m="8255,42571" machi="51" ten="30,2000,0" yaku="14,1,54,1" doraHai="99" who="1" fromWho="3" sc="254,0,231,20,243,0,272,-20" />
</Scene>
<Scene>
<INIT seed="3,0,0,3,2,54" ten="254,251,243,252" oya="3" hai0="43,8,26,32,132,116,99,33,80,0,25,17,45" hai1="30,69,106,117,109,2,77,105,62,64,86,85,88" hai2="113,87,56,65,3,89,29,90,128,27,4,134,92" hai3="7,76,31,5,103,12,10,83,19,95,13,82,58"/><W112/><G112/><T57/><D116/><U36/><E109/><V44/><F113/><W81/><G31/><T70/><D70/><U71/><E117/><V39/><F134/><W48/><G76/><T49/><D132/><U34/><E36/><V133/><F133/><W35/><G35/><T79/><D99/><U114/><E114/><V42/><F128/><W96/><REACH who="3" step="1"/><G13/><REACH who="3" ten="254,251,243,242" step="2"/><T52/><D33/><U61/><E30/><V100/><F29/><W40/><G40/><T122/><D32/><U84/><E34/><V11/><F27/><W28/><G28/><T20/><D26/><U23/><E77/><V16/><F100/><W75/><G75/><T22/><D25/><U24/><E24/><V60/><F89/><W124/><G124/><T53/><D43/><U126/><E126/><V67/><F16/><W66/><G66/><AGARI ba="0,1" hai="3,4,11,39,42,44,56,60,65,66,67,87,90,92" machi="66" ten="30,2000,0" yaku="7,1,52,1" doraHai="54" who="2" fromWho="3" sc="254,0,251,0,243,30,242,-20" />
</Scene>
<Scene>
<INIT seed="4,0,0,3,5,86" ten="254,251,273,222" oya="0" hai0="107,52,25,91,105,81,129,126,36,18,88,4,69" hai1="53,14,39,5,115,31,16,33,99,6,122,44,1" hai2="72,71,23,15,50,106,108,38,128,111,0,73,60" hai3="117,77,110,46,61,11,54,100,74,121,92,119,49"/><T57/><D69/><U127/><E39/><V76/><F38/><W87/><G110/><T114/><D36/><U42/><E42/><V48/><F0/><W109/><G109/><T116/><D116/><U29/><E99/><V34/><F34/><W56/><G121/><T125/><D114/><U68/><E68/><V102/><F128/><W62/><G62/><N who="0" m="36135" /><D129/><U133/><E53/><V32/><F32/><W64/><G74/><T8/><D81/><U51/><E51/><V135/><F135/><W75/><G75/><T67/><D67/><U7/><E44/><V30/><F106/><N who="0" m="40458" /><D18/><U41/><E41/><V65/><F102/><W21/><G11/><T63/><D25/><N who="1" m="18607" /><E122/><V58/><F72/><W123/><G123/><T120/><D120/><U104/><E104/><V3/><F71/><W94/><G21/><T132/><D63/><U47/><E115/><V124/><F73/><W82/><REACH who="3" step="1"/><G100/><REACH who="3" ten="254,251,273,212" step="2"/><T20/><D20/><U43/><E133/><V17/><F108/><W12/><G12/><N who="0" m="5127" /><D132/><U40/><E14/><V24/><F111/><W2/><G2/><T27/><D27/><U103/><E1/><V113/><F3/><W66/><G66/><T80/><D126/><U95/><E127/><V96/><F124/><W134/><G134/><T19/><D125/><U35/><E103/><V93/><F113/><W90/><G90/><T37/><D91/><U22/><E22/><N who="2" m="15639" /><F76/><W55/><G55/><T85/><D88/><U97/><E35/><V131/><F131/><W98/><G98/><T59/><D85/><U26/><E97/><V130/><F130/><W45/><G45/><RYUUKYOKU ba="0,1" sc="254,-15,251,-15,273,15,212,15" hai2="15,17,23,48,50,58,60,65,93,96" hai3="46,49,54,56,61,64,77,82,87,92,94,117,119" />
</Scene>
<Scene>
<INIT seed="5,1,1,2,4,20" ten="239,236,288,227" oya="1" hai0="53,34,118,111,10,120,59,98,3,77,2,32,38" hai1="125,69,100,91,28,74,31,17,128,119,107,52,58" hai2="115,24,5,88,105,124,81,51,6,8,106,110,15" hai3="67,27,35,93,43,132,57,39,64,90,9,134,30"/><U11/><E74/><V113/><F110/><W102/><G102/><T108/><D118/><U122/><E122/><V89/><F124/><W71/><G71/><T29/><D120/><U131/><E119/><V94/><F51/><W23/><G9/><T109/><D38/><U19/><E69/><V45/><F45/><N who="3" m="23807" /><G57/><T65/><D65/><U54/><E125/><V22/><F5/><W135/><G35/><T92/><D77/><U75/><E75/><V84/><F94/><W73/><G73/><T21/><D21/><U112/><E112/><N who="2" m="43083" /><F89/><W116/><G116/><T41/><D41/><U68/><E68/><V78/><F78/><W123/><G123/><T103/><D10/><U7/><E91/><V63/><F63/><W130/><G130/><N who="1" m="49706" /><E100/><V96/><F96/><AGARI ba="1,1" hai="23,27,30,64,67,90,93,96,132,134,135" m="23807" machi="96" ten="30,2000,0" yaku="20,1,52,1" doraHai="20" who="3" fromWho="2" sc="239,0,236,0,288,-23,227,33" />
</Scene>
<Scene>
<INIT seed="6,0,0,1,5,112" ten="239,236,265,260" oya="2" hai0="96,28,101,24,25,35,70,10,123,122,54,43,104" hai1="39,21,73,89,60,117,81,130,94,110,115,18,42" hai2="17,27,111,128,83,75,86,45,41,31,95,72,46" hai3="5,97,57,88,12,78,44,50,22,6,2,19,76"/><V30/><F111/><W102/><G57/><T11/><D70/><U119/><E110/><V15/><F95/><N who="3" m="56551" /><G2/><T79/><D43/><U133/><E42/><V82/><F128/><W34/><G34/><T120/><D79/><N who="3" m="30249" /><G102/><T49/><REACH who="0" step="1"/><D25/><REACH who="0" ten="229,236,265,260" step="2"/><U105/><E130/><V47/><F41/><AGARI ba="0,1" hai="5,6,12,19,22,41,44,50" m="30249,56551" machi="41" ten="30,2000,0" yaku="8,1,54,1" doraHai="112" who="3" fromWho="2" sc="229,0,236,0,265,-20,260,30" />
</Scene>
<Scene>
<INIT seed="7,0,0,2,5,24" ten="229,236,245,290" oya="3" hai0="17,127,16,7,40,57,0,72,35,14,97,118,99" hai1="36,122,130,2,85,125,29,1,81,75,88,8,131" hai2="78,123,3,44,82,30,32,102,79,103,107,101,108" hai3="89,22,106,39,115,15,26,120,54,126,65,117,61"/><W128/><G120/><T52/><D118/><U94/><E122/><V68/><F123/><W96/><G117/><T63/><D0/><U119/><E119/><V90/><F107/><W91/><G39/><T124/><D72/><U58/><E125/><N who="0" m="48201" /><D40/><U25/><E36/><V80/><F68/><W98/><G126/><T71/><D71/><U49/><E49/><V84/><F3/><W12/><G115/><T34/><D7/><U113/><E113/><V109/><F44/><W114/><G114/><T116/><D116/><U10/><E58/><V132/><F132/><W87/><G128/><N who="1" m="49194" /><E2/><V67/><F67/><W5/><G54/><T121/><D121/><U76/><E1/><V111/><F32/><AGARI ba="0,0" hai="8,10,25,29,32,75,76,81,85,88,94" m="49194" machi="32" ten="30,3900,0" yaku="19,1,52,1,54,1" doraHai="24" who="1" fromWho="2" sc="229,0,236,39,245,-39,290,0" />
</Scene>
<Scene>
<INIT seed="8,0,0,5,2,15" ten="229,275,206,290" oya="0" hai0="119,125,42,7,40,30,67,57,17,86,33,92,9" hai1="46,110,77,55,24,107,93,8,14,41,115,124,29" hai2="52,27,95,19,37,74,66,51,2,60,35,63,64" hai3="79,82,99,1,23,71,32,122,31,114,103,88,96"/><T62/><D119/><U44/><E107/><V39/><F2/><W58/><G114/><T11/><D125/><U21/><E110/><V43/><F74/><W70/><G1/><T89/><D7/><U76/><E124/><V105/><F105/><W78/><G32/><T111/><D111/><U3/><E3/><V4/><F4/><W91/><G122/><T6/><D6/><U72/><E115/><V128/><F128/><W38/><G38/><T75/><D75/><U22/><E22/><N who="2" m="13791" /><F35/><W87/><G58/><T101/><D101/><U108/><E108/><V5/><F5/><W83/><G31/><T12/><REACH who="0" step="1"/><D9/><REACH who="0" ten="219,275,206,290" step="2"/><U121/><E72/><V120/><F120/><W131/><G103/><T133/><D133/><U94/><E121/><V97/><F37/><W54/><G131/><T56/><D56/><U81/><E8/><V113/><F39/><W106/><G71/><T135/><D135/><U84/><E44/><N who="2" m="27751" /><F113/><W134/><G70/><T0/><D0/><U98/><E46/><V132/><F132/><W127/><G127/><T20/><D20/><U73/><E21/><V65/><F43/><W116/><G134/><T68/><D68/><U61/><E41/><V59/><F59/><W130/><G130/><T13/><D13/><U109/><E14/><V102/><AGARI ba="0,1" hai="60,63,64,65,66,95,97,102" m="27751,13791" machi="102" ten="30,4000,0" yaku="8,1,52,1,54,1" doraHai="15" who="2" fromWho="2" sc="219,-20,275,-10,206,50,290,-10" />
</Scene>
<Scene>
<INIT seed="9,0,0,5,2,10" ten="199,265,256,280" oya="1" hai0="54,91,116,31,90,73,66,1,42,46,100,67,68" hai1="19,65,56,111,48,121,119,15,5,103,69,79,120" hai2="70,13,0,81,62,126,47,86,93,74,133,128,39" hai3="84,35,75,61,132,92,21,129,41,82,51,44,59"/><U6/><E69/><V123/><F0/><W55/><G35/><T135/><D116/><U3/><E3/><V77/><F123/><W118/><G132/><T33/><D135/><U37/><E37/><V76/><F133/><W109/><G109/><T72/><D1/><U2/><E2/><V16/><F128/><W127/><G129/><T97/><D54/><U96/><E119/><V130/><F130/><W94/><G118/><T29/><D46/><U124/><E124/><V134/><F134/><W83/><G127/><T80/><D42/><U122/><E111/><V110/><F110/><W101/><G75/><T27/><D31/><U53/><E79/><V9/><F126/><W34/><G34/><T108/><D108/><U115/><E65/><V64/><F93/><W14/><G101/><T78/><D72/><U71/><E71/><V113/><F113/><W88/><G94/><T25/><D25/><U114/><E115/><V102/><F102/><W107/><G107/><T117/><D117/><U40/><E40/><V112/><F112/><W60/><G60/><T50/><D50/><U45/><E45/><V17/><F47/><W26/><G14/><T85/><D73/><U57/><E57/><N who="2" m="36943" /><F39/><W18/><AGARI ba="0,0" hai="18,21,26,41,44,51,55,59,61,82,83,84,88,92" machi="18" ten="20,5200,0" yaku="0,1,7,1,8,1,54,1" doraHai="10" who="3" fromWho="3" sc="199,-13,265,-26,256,-13,280,52" owari="186,-31.0,239,-16.0,243,4.0,332,43.0" />
</Scene>
</mjloggm>