<mjloggm ver="2.3"><GO type="97"/><UN n0="%E5%A4%AA%E3%81%8F%E3%81%AA%E3%81%84%E3%81%8A" n1="%72%79%6F%74%61%53%53%53" n2="%42%65%61%72%75%73%68" n3="%E3%83%88%E3%83%AD%E3%83%88%E3%83%AD%32%30%31%30" dan="13,14,13,13" rate="1988,1902,1827,1818" sx="M,M,M,M"/><TAIKYOKU oya="0"/>

<Scene>
<INIT seed="0,0,0,5,3,83" ten="250,250,250,250" oya="0" hai0="32,100,84,70,109,7,106,63,125,18,134,131,23" hai1="21,30,120,8,115,93,31,37,11,88,94,92,119" hai2="129,111,86,29,81,26,77,116,78,91,0,118,17" hai3="95,123,47,25,52,42,50,85,108,135,46,53,82"/><T51/><D32/><U104/><E104/><V124/><F0/><W43/><G108/><T87/><D7/><U48/><E119/><N who="2" m="45611" /><F111/><W102/><G135/><T20/><D109/><U61/><E37/><V66/><F129/><W114/><G114/><T34/><D34/><U39/><E39/><V67/><F124/><W64/><G64/><N who="2" m="24617" /><F17/><W3/><G3/><T41/><D70/><U80/><E120/><V110/><F110/><W79/><G25/><T113/><D63/><U74/><E115/><V128/><F128/><W4/><G4/><T97/><D131/><U38/><E38/><V1/><F1/><W35/><G35/><AGARI ba="0,0" hai="26,29,35,77,78,81,86,91" m="24617,45611" machi="35" ten="30,2000,0" yaku="12,1,52,1" doraHai="83" who="2" fromWho="3" sc="250,0,250,0,250,20,250,-20" />
</Scene>
<Scene>
<INIT seed="1,0,0,4,0,75" ten="250,250,270,230" oya="1" hai0="130,54,4,110,62,43,99,9,74,36,132,25,128" hai1="122,30,20,31,107,26,111,95,17,68,63,64,81" hai2="124,115,77,24,16,119,108,12,34,100,91,65,73" hai3="66,46,102,71,40,129,56,19,112,0,49,14,58"/><U7/><E107/><V15/><F119/><W51/><G129/><N who="0" m="49771" /><D110/><U97/><E122/><V96/><F108/><W50/><G0/><T13/><D132/><U59/><E111/><V93/><F124/><W22/><G71/><T67/><D74/><U131/><E131/><V32/><F115/><W76/><G112/><T127/><D127/><U2/><E68/><V133/><F133/><W72/><G58/><T109/><D109/><U125/><E125/><V23/><F65/><W69/><G69/><N who="0" m="42231" /><D99/><U60/><E63/><V1/><F1/><W45/><G102/><T88/><D54/><U35/><E35/><V106/><F15/><W5/><G5/><T47/><D25/><U27/><E26/><V98/><REACH who="2" step="1"/><F24/><REACH who="2" ten="250,250,260,230" step="2"/><W90/><G14/><T53/><D53/><U78/><E2/><V80/><AGARI ba="0,1" hai="12,16,23,32,34,73,77,80,91,93,96,98,100,106" machi="80" ten="30,8000,1" yaku="1,1,2,1,0,1,52,1,54,1,53,0" doraHai="75" doraHaiUra="41" who="2" fromWho="2" sc="250,-20,250,-40,260,90,230,-20" />
</Scene>
<Scene>
<INIT seed="2,0,0,5,0,16" ten="230,210,350,210" oya="2" hai0="7,98,133,97,128,66,63,40,46,10,65,125,81" hai1="74,5,127,6,112,102,2,70,87,3,86,34,9" hai2="67,30,75,49,18,84,24,95,77,41,50,69,76" hai3="103,113,45,37,22,32,44,91,0,28,79,89,33"/><V53/><F75/><W36/><G0/><T29/><D125/><U109/><E74/><V14/><F69/><W39/><G79/><T118/><D128/><U124/><E109/><V116/><F116/><W130/><G130/><T57/><D118/><U119/><E119/><V106/><F106/><W126/><G103/><T85/><D29/><U55/><E112/><V80/><F67/><W114/><G126/><N who="1" m="48170" /><E34/><V52/><F41/><W72/><G28/><T61/><D133/><U111/><E111/><V121/><F121/><W110/><G72/><T123/><D123/><U60/><E102/><V68/><F68/><W99/><G99/><T90/><D63/><U43/><E43/><V64/><F64/><W4/><G4/><N who="1" m="1642" /><E9/><N who="2" m="6479" /><F95/><W82/><G82/><T21/><D66/><N who="1" m="41287" /><E55/><N who="2" m="21067" /><F77/><W108/><G39/><T93/><D40/><U117/><E117/><V17/><F30/><W73/><G73/><T62/><D7/><U129/><E129/><V88/><F76/><W38/><G38/><T48/><D65/><U94/><E94/><V105/><F105/><W26/><G26/><T71/><D93/><U13/><E3/><V59/><F59/><W19/><G19/><T15/><D57/><U96/><E2/><V1/><F1/><W132/><G132/><T58/><D58/><U31/><E31/><V107/><F107/><W12/><G12/><T101/><D15/><U54/><E13/><V104/><F104/><W100/><G100/><T134/><D101/><U42/><E42/><V23/><AGARI ba="0,0" hai="17,23,24,49,50,80,84,88" m="21067,6479" machi="23" ten="30,11700,0" yaku="8,1,52,1,54,2" doraHai="16" who="2" fromWho="2" sc="230,-39,210,-39,350,117,210,-39" />
</Scene>
<Scene>
<INIT seed="2,1,0,1,5,1" ten="191,171,467,171" oya="2" hai0="123,9,14,36,43,109,83,107,134,71,112,78,101" hai1="52,126,103,35,120,61,122,110,84,5,128,39,34" hai2="99,56,38,62,125,11,95,2,119,68,41,54,24" hai3="87,94,28,27,70,20,77,86,17,81,100,49,50"/><V7/><F119/><W98/><G70/><T88/><D112/><U10/><E110/><V118/><F125/><W51/><G50/><T130/><D123/><N who="1" m="47147" /><E39/><V92/><F118/><W18/><G18/><T37/><D71/><U47/><E126/><V131/><F131/><W93/><G87/><T40/><D109/><U111/><E111/><V117/><F117/><W64/><G64/><T105/><D130/><U12/><E128/><V30/><F68/><W73/><G73/><T104/><D101/><U3/><E103/><V115/><F115/><W21/><REACH who="3" step="1"/><G94/><REACH who="3" ten="191,171,467,161" step="2"/><T121/><D121/><U42/><E84/><V16/><F92/><W133/><G133/><T53/><D134/><U127/><E127/><V67/><F67/><W6/><G6/><T74/><D36/><N who="1" m="21959" /><E3/><V75/><F38/><W135/><G135/><T116/><D116/><U113/><E113/><V29/><F2/><W32/><G32/><T85/><D37/><U19/><E19/><V15/><F16/><W72/><G72/><T102/><D74/><U55/><E61/><V91/><F62/><W97/><G97/><T33/><D33/><AGARI ba="1,1" hai="5,10,12,33,34,35,52,55" m="21959,47147" machi="33" ten="30,3900,0" yaku="13,1,52,1,54,1" doraHai="1" who="1" fromWho="0" sc="191,-42,171,52,467,0,161,0" />
</Scene>
<Scene>
<INIT seed="3,0,0,2,1,75" ten="149,223,467,161" oya="3" hai0="3,4,20,102,118,41,67,47,2,33,76,129,58" hai1="112,79,89,81,62,51,21,108,100,24,119,18,28" hai2="85,63,68,50,45,121,109,49,86,120,115,38,14" hai3="56,114,124,44,27,8,91,36,60,128,73,30,16"/><W105/><G114/><T37/><D33/><U127/><E108/><V10/><F115/><W13/><G124/><T84/><D118/><U80/><E112/><V71/><F109/><W64/><G128/><T0/><D129/><U9/><E127/><V23/><F38/><W65/><G105/><T110/><D110/><U42/><E100/><V74/><F74/><W98/><G73/><T123/><D123/><N who="2" m="47178" /><F23/><W11/><G8/><T66/><D102/><U15/><E80/><V53/><F63/><W31/><G64/><T111/><D111/><U43/><E89/><V125/><F125/><W61/><G60/><T7/><D20/><U94/><E94/><V88/><F86/><W96/><G31/><T92/><D58/><U135/><E135/><V35/><F49/><W19/><G19/><T83/><REACH who="0" step="1"/><D92/><REACH who="0" ten="139,223,467,161" step="2"/><U1/><E119/><V78/><F35/><W122/><G122/><T106/><D106/><U72/><E21/><V69/><F69/><W22/><REACH who="3" step="1"/><G91/><REACH who="3" ten="139,223,467,151" step="2"/><T34/><D34/><U101/><E101/><V48/><F88/><W77/><G77/><T103/><D103/><U131/><E79/><V99/><F78/><W113/><G113/><T5/><AGARI ba="0,2" hai="0,2,3,4,5,7,37,41,47,66,67,76,83,84" machi="5" ten="40,5200,0" yaku="1,1,0,1,52,1,53,0" doraHai="75" doraHaiUra="55" who="0" fromWho="0" sc="139,72,223,-13,467,-13,151,-26" owari="211,1.0,210,-19.0,454,55.0,125,-37.0" />
</Scene>
</mjloggm>