<mjloggm ver="2.3"><GO type="169" lobby="0"/><UN n0="%E3%81%94%E3%81%98%E3%82%83%E3%82%8B" n1="%E5%A4%AA%E3%81%8F%E3%81%AA%E3%81%84%E3%81%8A" n2="%7A%65%72%6F%52%58" n3="%E3%81%AD%E3%82%8A%E3%82%B4%E3%83%9E" dan="19,18,16,16" rate="2263.59,2246.34,2067.35,2114.43" sx="M,F,M,M"/><TAIKYOKU oya="0"/>

<Scene>
<INIT seed="0,0,0,0,5,68" ten="250,250,250,250" oya="0" hai0="127,13,115,102,6,67,99,62,2,134,103,8,91" hai1="42,87,65,81,15,18,110,71,21,78,45,69,132" hai2="41,26,25,77,109,9,7,24,28,122,44,49,16" hai3="116,123,47,20,130,73,118,23,107,121,57,100,80"/><T3/><D115/><U46/><E110/><V36/><F122/><W30/><G130/><T119/><D119/><U93/><E132/><V104/><F104/><W4/><G4/><T63/><D134/><U117/><E117/><N who="3" m="45162" /><G57/><T50/><D127/><U40/><E65/><V101/><F109/><W126/><G23/><T129/><D129/><U59/><E59/><V86/><F101/><W19/><G19/><T94/><D50/><U90/><E46/><V56/><F28/><W22/><G126/><T124/><D124/><U52/><E42/><V11/><F7/><W108/><G108/><T64/><D64/><U88/><E90/><V32/><F32/><W51/><G30/><T135/><D135/><U113/><E113/><V111/><F111/><W5/><G5/><T114/><D114/><U0/><E0/><V76/><F86/><W61/><G61/><T120/><D62/><U133/><E133/><V106/><F106/><W48/><G48/><T98/><D103/><U12/><E12/><V33/><F33/><W43/><G100/><T53/><D53/><U27/><E15/><V72/><F72/><W83/><G107/><T89/><D89/><U10/><E10/><V92/><F9/><W112/><G112/><T75/><D75/><U79/><E52/><N who="2" m="31759" /><F92/><W38/><G73/><T128/><D128/><U54/><E54/><V85/><F85/><W58/><G121/><T97/><D120/><U31/><E31/><V70/><F70/><N who="1" m="26633" /><E93/><V95/><F95/><W34/><G123/><T35/><D35/><U1/><E1/><N who="0" m="9" /><D102/><U37/><E87/><V74/><F74/><RYUUKYOKU ba="0,0" sc="250,10,250,10,250,10,250,-30" hai0="6,8,13,63,67,91,94,97,98,99" hai1="18,21,27,37,40,45,78,79,81,88" hai2="11,16,24,25,26,36,41,44,76,77" />
</Scene>
<Scene>
<INIT seed="0,1,0,1,2,23" ten="260,260,260,220" oya="0" hai0="86,53,99,33,118,21,59,123,134,49,106,87,126" hai1="130,15,95,61,94,117,5,55,24,17,128,72,83" hai2="12,46,20,27,36,114,58,32,113,112,116,103,42" hai3="84,96,67,35,79,135,69,44,4,121,107,29,39"/><T8/><D33/><U6/><E117/><V2/><F2/><W43/><G121/><T122/><D118/><U37/><E37/><V88/><F116/><W115/><G115/><T11/><D126/><U54/><E72/><V16/><F103/><N who="3" m="62951" /><G84/><T57/><D134/><U91/><E83/><V47/><F47/><W81/><G4/><T71/><D71/><U13/><E61/><V70/><F70/><W22/><G22/><T34/><D34/><U19/><REACH who="1" step="1"/><E91/><REACH who="1" ten="260,250,260,220" step="2"/><V129/><F88/><W110/><G81/><T85/><D123/><U10/><E10/><V3/><F112/><W60/><G135/><T90/><D122/><U63/><E63/><V66/><F114/><W51/><G79/><T119/><D119/><U64/><E64/><V1/><F113/><W68/><G51/><T9/><D90/><U101/><E101/><V102/><F102/><W132/><G132/><T31/><D106/><U76/><E76/><V41/><F66/><W26/><G68/><T28/><D99/><U98/><E98/><V74/><F74/><W73/><G73/><T40/><D40/><U105/><E105/><V62/><F42/><W111/><AGARI ba="1,1" hai="26,29,35,39,43,44,60,67,69,110,111" m="62951" machi="111" ten="30,4000,0" yaku="25,1,23,1,52,1" doraHai="23" who="3" fromWho="3" sc="260,-21,250,-11,260,-11,220,53" />
</Scene>
<Scene>
<INIT seed="1,0,0,4,2,67" ten="239,239,249,273" oya="1" hai0="75,10,134,2,132,4,94,34,100,46,12,120,24" hai1="104,19,76,59,64,15,73,14,37,52,45,22,28" hai2="123,5,111,129,68,128,106,83,97,117,62,87,103" hai3="85,112,50,63,110,79,114,91,101,65,98,81,40"/><U88/><E104/><V116/><F5/><W58/><G110/><T53/><D75/><U43/><E28/><V86/><F123/><W6/><G6/><T89/><D100/><U7/><E64/><N who="2" m="40983" /><F111/><W127/><G127/><T90/><D120/><U95/><E76/><N who="2" m="46439" /><F87/><W72/><G50/><N who="0" m="28887" /><D2/><U41/><E73/><V61/><F61/><W33/><G40/><T20/><D34/><U57/><E43/><V8/><F8/><W48/><G48/><T31/><D94/><U115/><E115/><V56/><F56/><W16/><G33/><T84/><D84/><U26/><E7/><V66/><F66/><W118/><G118/><T29/><D29/><U39/><E39/><V82/><F82/><W35/><G16/><T23/><D23/><U47/><E47/><V49/><F49/><W0/><G0/><T1/><D1/><U21/><E21/><V119/><F119/><W130/><G35/><T124/><D124/><U71/><E57/><V54/><F54/><W125/><G125/><T11/><D11/><U51/><REACH who="1" step="1"/><E71/><REACH who="1" ten="239,229,249,273" step="2"/><V27/><F117/><W69/><G69/><T133/><AGARI ba="0,1" hai="4,10,12,20,24,31,89,90,132,133,134" m="28887" machi="133" ten="30,1100,0" yaku="20,1" doraHai="67" who="0" fromWho="0" sc="239,21,229,-5,249,-3,273,-3" />
</Scene>
<Scene>
<INIT seed="2,0,0,4,1,45" ten="260,224,246,270" oya="2" hai0="85,109,99,101,54,14,88,52,26,38,111,6,40" hai1="51,32,29,58,108,131,1,76,105,68,96,106,28" hai2="61,18,24,102,112,30,33,39,119,80,69,133,73" hai3="56,16,42,83,124,134,41,94,104,60,57,53,74"/><V10/><F119/><W0/><G0/><T121/><D121/><U22/><E68/><V107/><F112/><W72/><G104/><T47/><D26/><U43/><E1/><V50/><F133/><W132/><G124/><T25/><D25/><U117/><E32/><V49/><F39/><W62/><G94/><N who="0" m="58615" /><D14/><U20/><E76/><N who="2" m="44047" /><F18/><W19/><G83/><T71/><D6/><U64/><E117/><V27/><F10/><W128/><G128/><T75/><D71/><U66/><E131/><V91/><F91/><W127/><G127/><T36/><D36/><U55/><E29/><V9/><F9/><W92/><G92/><T63/><D63/><U100/><E105/><V70/><F24/><W120/><REACH who="3" step="1"/><G53/><REACH who="3" ten="260,224,246,260" step="2"/><T12/><D54/><U37/><E55/><V113/><F113/><W125/><G125/><T89/><D52/><U13/><E106/><V79/><F79/><W59/><G59/><T4/><D75/><U129/><E58/><V84/><F70/><W7/><G7/><T114/><D114/><U122/><E129/><V48/><F69/><W86/><G86/><T23/><D85/><U35/><E122/><AGARI ba="0,1" hai="16,19,41,42,56,57,60,62,72,74,120,122,132,134" machi="122" ten="25,6400,0" yaku="1,1,22,2,54,1,53,0" doraHai="45" doraHaiUra="90" who="3" fromWho="1" sc="260,0,224,-64,246,0,260,74" />
</Scene>
<Scene>
<INIT seed="3,0,0,3,2,40" ten="260,160,246,334" oya="3" hai0="110,80,6,117,61,62,93,38,17,70,42,109,111" hai1="10,84,2,132,43,20,28,50,22,32,8,124,75" hai2="116,121,66,101,131,54,18,86,52,64,94,79,103" hai3="134,57,16,127,35,82,112,13,133,33,77,128,47"/><W25/><G112/><T29/><D117/><U53/><E75/><V26/><F116/><W100/><G100/><N who="2" m="38473" /><F131/><W99/><G99/><T41/><D29/><U113/><E113/><V76/><F121/><W85/><G128/><T106/><D106/><U108/><E43/><N who="0" m="16393" /><D38/><U23/><E108/><V44/><F54/><W51/><G127/><T98/><D70/><U135/><E124/><V3/><F3/><W31/><G57/><T65/><D65/><N who="2" m="25194" /><F94/><W4/><G4/><T5/><D80/><U48/><E2/><V34/><F86/><W95/><G95/><T78/><D78/><U118/><E84/><V73/><F34/><W88/><G77/><T123/><D123/><U46/><E118/><V83/><F83/><W36/><G36/><T1/><D1/><U89/><E89/><V126/><F73/><W81/><G81/><T105/><D105/><U59/><E32/><V12/><F26/><W37/><G37/><T7/><D17/><U91/><E28/><V69/><F69/><W104/><G104/><T14/><D14/><U19/><E19/><V92/><F92/><W129/><G129/><T87/><D87/><U56/><E91/><AGARI ba="0,0" hai="5,6,7,61,62,91,93,98,109,110,111" m="16393" machi="91" ten="40,1300,0" yaku="14,1" doraHai="40" who="0" fromWho="1" sc="260,13,160,-13,246,0,334,0" />
</Scene>
<Scene>
<INIT seed="4,0,0,3,2,82" ten="273,147,246,334" oya="0" hai0="94,9,80,135,123,6,69,12,111,17,79,11,30" hai1="90,61,73,35,81,91,7,129,10,130,4,78,3" hai2="24,86,75,49,39,66,71,20,33,97,45,18,50" hai3="25,112,134,103,118,51,116,65,114,120,132,19,125"/><T42/><D123/><U122/><E122/><V93/><F75/><W124/><G103/><T67/><D135/><N who="3" m="51753" /><G65/><T99/><D30/><U23/><E35/><V2/><F2/><W44/><G120/><T133/><D133/><U53/><E7/><V131/><F131/><N who="1" m="50185" /><E23/><V100/><F33/><W38/><G25/><T102/><D111/><U37/><E37/><V27/><F71/><W15/><G38/><T117/><D117/><N who="3" m="45161" /><G44/><T113/><D113/><N who="3" m="43625" /><G51/><T109/><D109/><U88/><E61/><V32/><F66/><W22/><AGARI ba="0,0" hai="15,19,22,124,125" m="43625,45161,51753" machi="22" ten="40,8000,1" yaku="20,1,15,1,34,2" doraHai="82" who="3" fromWho="3" sc="273,-40,147,-20,246,-20,334,80" />
</Scene>
<Scene>
<INIT seed="5,0,0,2,5,106" ten="233,127,226,414" oya="1" hai0="73,50,19,58,78,117,75,10,62,56,109,99,57" hai1="13,79,131,70,91,71,51,55,17,112,42,105,124" hai2="2,76,5,22,116,87,59,18,30,34,9,88,86" hai3="36,134,29,66,103,52,97,4,72,45,39,53,1"/><U46/><E105/><V119/><F76/><W35/><G72/><T113/><D109/><U6/><E112/><V40/><F40/><W121/><G121/><T74/><D117/><U28/><E124/><V107/><F107/><W49/><G66/><T118/><D118/><U125/><E125/><V8/><F87/><W89/><G89/><T12/><D113/><U21/><E131/><V63/><F9/><W61/><G134/><T33/><D33/><U111/><E111/><V130/><F130/><W48/><G61/><T3/><D3/><U84/><E28/><V82/><F30/><W126/><G126/><T83/><D99/><U133/><E133/><V20/><F20/><W100/><G100/><T85/><REACH who="0" step="1"/><D50/><REACH who="0" ten="223,127,226,414" step="2"/><U64/><E51/><V101/><F34/><W129/><G35/><T31/><D31/><U65/><E71/><V11/><F119/><W98/><G29/><T16/><D16/><U41/><E70/><V108/><F116/><W32/><G32/><T23/><D23/><U60/><E21/><V77/><F2/><W102/><G129/><T0/><D0/><U95/><E17/><V67/><F108/><W69/><G69/><T24/><D24/><U128/><E128/><V92/><F5/><W123/><G4/><T132/><D132/><U43/><E6/><V25/><F77/><W27/><G1/><T26/><D26/><U37/><E79/><V96/><AGARI ba="0,1" hai="8,11,18,22,25,59,63,67,82,86,88,92,96,101" machi="96" ten="30,4000,0" yaku="0,1,8,1,54,1" doraHai="106" who="2" fromWho="2" sc="223,-10,127,-20,226,50,414,-10" />
</Scene>
<Scene>
<INIT seed="6,0,0,1,2,109" ten="213,107,276,404" oya="2" hai0="78,5,30,97,108,135,3,46,128,105,58,131,25" hai1="80,133,107,19,75,41,15,55,130,74,38,117,20" hai2="9,42,112,0,124,40,1,98,24,12,65,45,39" hai3="86,63,91,71,110,70,13,118,10,44,69,47,87"/><V26/><F124/><W72/><G72/><T89/><D108/><U32/><E117/><V111/><F111/><W129/><G118/><T96/><D135/><U60/><E32/><V53/><F42/><W84/><G110/><T85/><D78/><U106/><E133/><V126/><F126/><W22/><G129/><N who="0" m="49739" /><D105/><U7/><E130/><V35/><F65/><W125/><G125/><T127/><D127/><U115/><E7/><V66/><F66/><W102/><G102/><T121/><D121/><U8/><E38/><V36/><F36/><W123/><G22/><N who="0" m="15671" /><D46/><U21/><E41/><V88/><F45/><W93/><G63/><T76/><D76/><U14/><E80/><V28/><F40/><W18/><G123/><T83/><D58/><U132/><E132/><V95/><F39/><W57/><G57/><T31/><D31/><U23/><E60/><V54/><F28/><W92/><G84/><T4/><D4/><U73/><E55/><V64/><F54/><W61/><G61/><T79/><D79/><U120/><E120/><V16/><F53/><W81/><G81/><T17/><D17/><U82/><E82/><V122/><F16/><W77/><G77/><T99/><D5/><N who="1" m="3343" /><E107/><V2/><F122/><W43/><G43/><T104/><D104/><U11/><E106/><V134/><F134/><W94/><G47/><T50/><D3/><U52/><E52/><V100/><F0/><W48/><G44/><T116/><D116/><U49/><E49/><AGARI ba="0,0" hai="49,50,83,85,89,96,97,99" m="15671,49739" machi="49" ten="30,1000,0" yaku="19,1" doraHai="109" who="0" fromWho="1" sc="213,10,107,-10,276,0,404,0" />
</Scene>
<Scene>
<INIT seed="7,0,0,4,2,69" ten="223,97,276,404" oya="3" hai0="113,119,22,33,123,96,111,91,15,6,46,78,72" hai1="90,56,12,48,9,120,99,117,41,32,31,108,97" hai2="86,101,35,93,71,132,2,84,30,7,85,92,100" hai3="38,34,53,102,122,40,76,13,110,25,5,135,103"/><W105/><G122/><T61/><D33/><U121/><E108/><V39/><F71/><W23/><G34/><T4/><D111/><U66/><E117/><V62/><F39/><W70/><G76/><T64/><D119/><U43/><E32/><V124/><F2/><W106/><G53/><T65/><D65/><U77/><E77/><V81/><F7/><W114/><G135/><T115/><D123/><U49/><E31/><V20/><F35/><W19/><G114/><T116/><D116/><U10/><E12/><V129/><F129/><W67/><G67/><T57/><D78/><U95/><E66/><V59/><F124/><W68/><G68/><T50/><D72/><U118/><E118/><V21/><F81/><W94/><G70/><T27/><D15/><U26/><E56/><V104/><F104/><W45/><G5/><T112/><D91/><U16/><E95/><N who="2" m="36427" /><F132/><W131/><G131/><T134/><D96/><U88/><REACH who="1" step="1"/><E26/><REACH who="1" ten="223,87,276,404" step="2"/><V109/><F30/><W55/><G105/><T125/><D134/><U127/><E127/><V28/><F28/><W133/><G106/><T8/><D125/><U63/><E63/><V42/><F59/><W74/><G110/><T83/><D27/><U80/><E80/><V24/><F62/><W44/><G25/><T60/><D60/><U98/><E98/><V107/><F24/><W14/><G14/><T73/><D61/><U0/><E0/><V58/><F109/><W126/><G126/><T89/><D64/><U54/><E54/><V1/><F107/><W36/><G13/><N who="0" m="5255" /><D115/><U52/><E52/><V128/><F1/><RYUUKYOKU ba="0,1" sc="223,-10,87,30,276,-10,404,-10" hai1="9,10,16,41,43,48,49,88,90,97,99,120,121" owari="213,-19.0,117,-38.0,266,7.0,404,50.0" />
</Scene>
</mjloggm>