<mjloggm ver="2.3"><GO type="169"/><UN n0="%E3%82%AF%E3%83%A9" n1="%E5%A4%AA%E3%81%8F%E3%81%AA%E3%81%84%E3%81%8A" n2="%45%6B%69%62%65%6E" n3="%E3%83%87%E3%82%B8%E3%82%BF%E3%83%AB%E4%BB%99%E4%BA%BA" dan="16,16,16,17" rate="2138,2083,2068,2158" sx="M,M,M,F"/><TAIKYOKU oya="0"/>

<Scene>
<INIT seed="0,0,0,2,5,121" ten="250,250,250,250" oya="0" hai0="126,89,28,78,82,18,104,90,7,16,73,62,57" hai1="106,63,77,17,13,2,41,123,48,68,110,36,127" hai2="42,11,131,10,81,45,125,35,19,50,37,88,115" hai3="116,54,9,112,1,107,60,6,61,5,72,117,8"/><T14/><D126/><U65/><E123/><V71/><F71/><W67/><G72/><T0/><D104/><U74/><E106/><V64/><F64/><W94/><G107/><T134/><D134/><U22/><E2/><V84/><F115/><W25/><G112/><T70/><D70/><U133/><E127/><V30/><F125/><W130/><G130/><T103/><D103/><U101/><E101/><V12/><F131/><W85/><G25/><T39/><D39/><U95/><E133/><V119/><F119/><W129/><G129/><T24/><D0/><U29/><E95/><V55/><F30/><W20/><G20/><T44/><D44/><U69/><E29/><V40/><F35/><W21/><G21/><T83/><D7/><U31/><E31/><V58/><F37/><W59/><G85/><T32/><D83/><N who="1" m="45495" /><E36/><V100/><F100/><W128/><G94/><T27/><D27/><U79/><E79/><V26/><F26/><W97/><G97/><T135/><D135/><U102/><E102/><V113/><F113/><W98/><G98/><T96/><D96/><U132/><E132/><V23/><F58/><W66/><G128/><T80/><D80/><U46/><E69/><V114/><F114/><W91/><G91/><N who="0" m="34827" /><D14/><U118/><E118/><V53/><F53/><W105/><G105/><T109/><D57/><U92/><E92/><V86/><REACH who="2" step="1"/><F84/><REACH who="2" ten="250,250,240,250" step="2"/><W33/><G33/><T4/><D32/><U15/><E68/><V111/><F111/><W49/><G117/><T75/><D109/><U51/><E110/><V87/><F87/><W43/><G116/><RYUUKYOKU ba="0,1" sc="250,-10,250,-10,240,30,250,-10" hai2="10,11,12,19,23,40,42,45,50,55,81,86,88" />
</Scene>
<Scene>
<INIT seed="1,1,1,1,1,32" ten="240,240,270,240" oya="1" hai0="111,10,44,118,65,89,36,88,125,23,51,28,38" hai1="37,21,122,94,50,27,41,9,115,73,17,84,43" hai2="15,63,26,113,85,129,116,3,48,93,5,56,54" hai3="110,80,120,39,134,96,75,74,19,126,135,6,61"/><U57/><E122/><V90/><F116/><W97/><G39/><T77/><D118/><U130/><E115/><V98/><F129/><W69/><G19/><T64/><D111/><U87/><E73/><N who="3" m="27658" /><G61/><T35/><D35/><U82/><E130/><V24/><F113/><W47/><G6/><T95/><D77/><N who="1" m="46159" /><E37/><V53/><F3/><W68/><G47/><T124/><D38/><U60/><E50/><V18/><F5/><W112/><G112/><T14/><D36/><U52/><E9/><V133/><F98/><N who="3" m="37995" /><G80/><T132/><D23/><U22/><E21/><N who="2" m="11487" /><F133/><N who="3" m="50699" /><G120/><T92/><D28/><U103/><E43/><V127/><F127/><W67/><G67/><N who="0" m="25675" /><D132/><U100/><E41/><V45/><AGARI ba="1,1" hai="24,26,45,48,53,54,56,63,85,90,93" m="11487" machi="45" ten="30,1100,0" yaku="8,1" doraHai="32" who="2" fromWho="2" sc="240,-4,240,-6,270,24,240,-4" />
</Scene>
<Scene>
<INIT seed="2,0,0,1,0,8" ten="236,234,294,236" oya="2" hai0="28,26,53,63,12,27,55,0,75,99,112,54,34" hai1="41,44,115,133,81,59,116,65,71,93,56,38,84" hai2="14,1,66,25,113,100,47,17,122,31,80,110,39" hai3="87,20,22,101,45,35,103,96,79,82,30,58,125"/><V102/><F113/><W4/><G125/><T3/><D112/><U89/><E115/><V108/><F1/><W127/><G127/><T117/><D75/><U72/><E116/><V134/><F66/><W61/><G45/><T126/><D126/><U131/><E133/><V50/><F39/><W18/><G4/><T132/><D132/><U119/><E119/><V76/><F122/><W64/><G35/><T105/><D117/><U90/><E131/><V7/><F7/><W10/><G30/><T121/><D27/><U15/><E72/><V83/><F134/><W2/><G2/><T114/><D114/><U124/><E124/><V111/><F25/><W33/><G33/><T67/><D121/><U95/><E81/><N who="2" m="31307" /><F31/><W98/><G10/><T29/><D29/><U51/><E38/><V21/><F76/><W46/><G46/><T24/><D24/><U94/><E71/><V104/><F104/><W135/><G135/><T62/><D62/><U19/><E65/><V37/><F37/><W49/><G49/><T43/><D43/><AGARI ba="0,0" hai="14,17,21,43,47,50,100,102,108,110,111" m="31307" machi="43" ten="30,5800,0" yaku="14,1,10,1,52,1" doraHai="8" who="2" fromWho="0" sc="236,-58,234,0,294,58,236,0" />
</Scene>
<Scene>
<INIT seed="2,1,0,1,1,51" ten="178,234,352,236" oya="2" hai0="30,62,99,125,20,106,127,86,94,15,59,19,35" hai1="118,74,31,14,71,48,61,26,32,97,108,12,73" hai2="17,114,121,135,88,1,81,68,3,65,28,53,0" hai3="130,5,100,78,93,112,80,23,70,37,107,115,129"/><V92/><F121/><W34/><G34/><T90/><D106/><U33/><E118/><V76/><F114/><N who="3" m="43563" /><G37/><T22/><D35/><U131/><E33/><V117/><F117/><W63/><G5/><T96/><D30/><U103/><E108/><V134/><F28/><W98/><G23/><T116/><D22/><U45/><E131/><N who="3" m="50186" /><G63/><T2/><D2/><U89/><E89/><V133/><F17/><W49/><G49/><T123/><D123/><U79/><E79/><V54/><F65/><W105/><G70/><T111/><D111/><U58/><E14/><V69/><F68/><W25/><G25/><T39/><D39/><U4/><E12/><V124/><F124/><N who="0" m="47690" /><D116/><U66/><E58/><V82/><F69/><W102/><G102/><T113/><D113/><U40/><REACH who="1" step="1"/><E4/><REACH who="1" ten="178,224,352,236" step="2"/><V122/><F122/><W55/><G55/><AGARI ba="1,1" hai="15,19,20,55,59,62,86,90,94,96,99" m="47690" machi="55" ten="30,2000,0" yaku="18,1,52,1" doraHai="51" who="0" fromWho="3" sc="178,33,224,0,352,0,236,-23" />
</Scene>
<Scene>
<INIT seed="3,0,0,4,0,129" ten="211,224,352,213" oya="3" hai0="54,93,40,47,25,83,118,7,5,119,71,116,10" hai1="106,16,70,13,120,38,21,77,117,135,32,42,133" hai2="78,132,2,95,6,17,64,19,15,75,58,105,59" hai3="24,92,62,52,103,102,69,127,76,107,53,61,113"/><W22/><G113/><T134/><D71/><U125/><E120/><V84/><F105/><W56/><G107/><T0/><D7/><U50/><E106/><V124/><F75/><W34/><G34/><T63/><D25/><U20/><E32/><V51/><F2/><W29/><G127/><T123/><D123/><U101/><E70/><V79/><F124/><W126/><G126/><T3/><D3/><U100/><E125/><V112/><F112/><W99/><G76/><T87/><D93/><U122/><E122/><V91/><F6/><W23/><G23/><T60/><D54/><U9/><E38/><V8/><F19/><W39/><G39/><T45/><D45/><N who="1" m="25911" /><E77/><V26/><F26/><W1/><G1/><T44/><D44/><U33/><E33/><V12/><F12/><W18/><G29/><T82/><D82/><U35/><E35/><V114/><F132/><N who="1" m="50761" /><E117/><V67/><F114/><W94/><G69/><T90/><REACH who="0" step="1"/><D134/><REACH who="0" ten="201,224,352,213" step="2"/><U121/><E121/><V104/><F104/><W80/><G80/><T46/><D46/><U28/><E28/><V110/><F58/><N who="3" m="35015" /><G94/><T108/><D108/><U48/><E48/><AGARI ba="0,1" hai="0,5,10,40,47,48,60,63,83,87,90,116,118,119" machi="48" ten="40,1300,0" yaku="1,1,53,0" doraHai="129" doraHaiUra="27" who="0" fromWho="1" sc="201,23,224,-13,352,0,213,0" />
</Scene>
<Scene>
<INIT seed="4,0,0,2,3,34" ten="224,211,352,213" oya="0" hai0="39,80,79,69,90,46,121,37,58,66,70,43,74" hai1="106,53,117,128,134,95,12,5,2,73,16,113,119" hai2="110,76,6,38,99,28,57,93,133,26,125,97,84" hai3="42,11,89,23,72,82,86,10,49,33,59,116,92"/><T118/><D118/><N who="1" m="45067" /><E95/><V54/><F38/><W19/><G33/><T9/><D121/><U78/><E53/><V24/><F110/><W108/><G116/><T63/><D39/><U1/><E106/><V87/><F125/><W120/><G108/><T65/><D65/><U20/><E78/><V122/><F6/><W8/><G120/><T51/><D51/><U4/><E73/><V96/><F133/><W83/><G72/><T7/><REACH who="0" step="1"/><D90/><REACH who="0" ten="214,211,352,213" step="2"/><U15/><E134/><V52/><F122/><W101/><G101/><T77/><D77/><U44/><E44/><V115/><F76/><W31/><G59/><T21/><D21/><N who="1" m="11399" /><E128/><V13/><F57/><W98/><G49/><T111/><D111/><U131/><E131/><V22/><F22/><W36/><G36/><T14/><AGARI ba="0,1" hai="7,9,14,37,43,46,58,63,66,69,70,74,79,80" machi="14" ten="20,3900,0" yaku="1,1,0,1,7,1,53,0" doraHai="34" doraHaiUra="109" who="0" fromWho="0" sc="214,49,211,-13,352,-13,213,-13" />
</Scene>
<Scene>
<INIT seed="4,1,0,1,5,110" ten="263,198,339,200" oya="0" hai0="103,2,65,80,68,95,79,47,67,93,89,23,134" hai1="12,43,41,49,36,125,88,30,81,111,27,38,33" hai2="131,63,128,96,21,26,105,119,115,55,34,58,40" hai3="109,86,0,45,121,61,48,62,94,25,69,122,14"/><T1/><D134/><U127/><E111/><V64/><F40/><N who="1" m="15433" /><E49/><V84/><F84/><W44/><G0/><T35/><D35/><U8/><E81/><V117/><F34/><W108/><G25/><T71/><D47/><N who="3" m="17993" /><G14/><T85/><D2/><U76/><E76/><V92/><F105/><W118/><G94/><T51/><D1/><U53/><E53/><V132/><F132/><W97/><G97/><N who="0" m="59839" /><D71/><U20/><E88/><N who="2" m="55303" /><F64/><N who="3" m="41103" /><G86/><N who="0" m="48415" /><D68/><U113/><E36/><V9/><F115/><W104/><G109/><T83/><D51/><U120/><E38/><V135/><F9/><W13/><G48/><T124/><D124/><U46/><E33/><V112/><F112/><W39/><G39/><T60/><D60/><U10/><E113/><V24/><F24/><W102/><G62/><T3/><D3/><U114/><E114/><V116/><F135/><W73/><G108/><T82/><D82/><U29/><E27/><V101/><F101/><W126/><G102/><T56/><D83/><U78/><E125/><V11/><F11/><W66/><G126/><T100/><D100/><U7/><E10/><V54/><F54/><W18/><G66/><N who="0" m="25099" /><D56/><U19/><E127/><V99/><F99/><W31/><G104/><T106/><D106/><U52/><E78/><V22/><F22/><AGARI ba="1,0" hai="22,23,85,89,93" m="25099,48415,59839" machi="22" ten="30,1500,0" yaku="8,1" doraHai="110" who="0" fromWho="2" sc="263,18,198,0,339,-18,200,0" />
</Scene>
<Scene>
<INIT seed="4,2,0,2,5,119" ten="281,198,321,200" oya="0" hai0="5,38,21,33,114,74,46,85,50,47,118,28,73" hai1="110,22,64,12,26,45,13,43,31,134,81,42,128" hai2="4,125,89,107,39,60,121,116,126,68,104,86,93" hai3="27,105,61,92,8,20,113,99,115,25,65,2,18"/><T62/><D33/><U57/><E110/><V54/><F39/><W58/><G105/><T40/><D118/><U75/><E128/><V109/><F116/><W102/><G2/><T108/><D114/><U78/><E134/><V59/><F109/><W123/><G123/><T3/><D108/><U101/><E101/><V30/><F4/><W111/><G111/><T16/><D28/><U70/><E70/><V135/><F135/><W94/><G94/><T35/><D35/><U14/><REACH who="1" step="1"/><E45/><REACH who="1" ten="281,188,321,200" step="2"/><V19/><F68/><W49/><G113/><T53/><D47/><U17/><E17/><V6/><F19/><W130/><G115/><T79/><D16/><U84/><E84/><V71/><F6/><W41/><G130/><T98/><D5/><U9/><E9/><V48/><F30/><W122/><G8/><T67/><D46/><U15/><N who="1" m="3072" /><DORA hai="66" /><U0/><E0/><V63/><F71/><W82/><G27/><T10/><D10/><U96/><E96/><V112/><F112/><W124/><G18/><T1/><D98/><U117/><E117/><V37/><F104/><W55/><G25/><T11/><D11/><U32/><E32/><V95/><F107/><W36/><G99/><T131/><D131/><U87/><E87/><V7/><F7/><W132/><G132/><T80/><D3/><U127/><E127/><V120/><F86/><W72/><G124/><T133/><D133/><U56/><E56/><V97/><F59/><W51/><G58/><N who="0" m="33079" /><D1/><U90/><E90/><V69/><F126/><W83/><G102/><T106/><D106/><U34/><E34/><RYUUKYOKU ba="2,1" sc="281,-10,188,30,321,-10,200,-10" hai1="22,26,31,42,43,57,64,75,78,81" />
</Scene>
<Scene>
<INIT seed="5,3,1,1,3,14" ten="271,218,311,190" oya="1" hai0="7,52,2,121,60,57,123,37,74,75,132,1,50" hai1="53,58,85,56,108,10,63,73,124,111,78,110,61" hai2="106,54,100,126,39,101,91,13,89,90,122,43,62" hai3="82,3,23,83,41,33,35,40,68,44,99,102,88"/><U5/><E124/><V36/><F122/><N who="0" m="46602" /><D37/><U114/><E114/><V129/><F126/><W70/><G3/><N who="0" m="1035" /><D132/><U103/><E103/><V30/><F30/><W21/><G44/><N who="0" m="27719" /><D7/><U69/><E69/><V117/><F39/><W119/><G102/><T93/><D93/><U9/><E73/><V18/><F36/><W86/><G99/><T48/><D48/><U15/><E10/><V98/><F43/><W55/><G55/><AGARI ba="3,1" hai="55,57,60,74,75" m="27719,1035,46602" machi="55" ten="30,2000,0" yaku="13,1,54,1" doraHai="14" who="0" fromWho="3" sc="271,39,218,0,311,0,190,-29" />
</Scene>
<Scene>
<INIT seed="6,0,0,2,0,119" ten="310,218,311,161" oya="2" hai0="117,94,110,75,123,36,0,79,46,122,28,34,105" hai1="127,35,99,30,65,114,23,8,47,26,91,5,42" hai2="43,22,10,62,90,27,130,116,64,3,58,96,72" hai3="106,45,19,32,63,37,104,21,120,108,87,25,48"/><V89/><F116/><W85/><G108/><T38/><D94/><U1/><E114/><V15/><F72/><W9/><G37/><N who="0" m="14443" /><D46/><U39/><E127/><V66/><F3/><W73/><G73/><T135/><D110/><U14/><E65/><V61/><F43/><W12/><G32/><T16/><D16/><N who="1" m="10647" /><E99/><V53/><F130/><W92/><G63/><T24/><D135/><U134/><E91/><N who="2" m="34827" /><F96/><W20/><G120/><N who="0" m="46123" /><D0/><U86/><E86/><V98/><F98/><W100/><G104/><T49/><D49/><U128/><E128/><V50/><F62/><W76/><G106/><T69/><D117/><U44/><E44/><V112/><F112/><W57/><G92/><T133/><D105/><U40/><E40/><V68/><F68/><W67/><G100/><T83/><D133/><AGARI ba="0,0" hai="1,5,8,26,30,35,39,42,47,133,134" m="10647" machi="133" ten="30,2000,0" yaku="24,1,54,1" doraHai="119" who="1" fromWho="0" sc="310,-20,218,20,311,0,161,0" />
</Scene>
<Scene>
<INIT seed="7,0,0,1,3,57" ten="290,238,311,161" oya="3" hai0="54,92,66,14,84,53,35,73,77,12,36,6,4" hai1="107,47,94,19,105,114,33,96,37,20,131,72,17" hai2="106,75,87,82,21,22,3,129,126,91,0,55,32" hai3="69,104,127,67,42,52,48,50,34,124,103,130,29"/><W112/><G112/><T28/><D36/><U38/><E33/><V121/><F32/><W31/><G130/><T123/><D123/><U108/><E108/><V90/><F106/><W95/><G104/><T99/><D73/><U56/><E72/><V15/><F75/><W46/><G34/><T93/><D28/><U13/><E114/><V16/><F121/><W68/><G95/><N who="0" m="36427" /><D99/><U135/><E135/><V24/><F126/><N who="3" m="48171" /><G103/><T27/><D27/><U40/><E131/><V18/><F129/><W125/><N who="3" m="48179" /><W11/><DORA hai="1" /><G11/><T128/><D66/><U70/><E70/><N who="3" m="27242" /><G67/><T120/><D128/><U88/><E38/><V109/><F109/><W111/><G111/><T102/><D102/><U115/><E115/><V79/><F0/><W26/><G26/><T81/><D120/><U83/><E83/><V45/><F3/><W59/><AGARI ba="0,0" hai="29,31,42,46,48,50,52,59" m="27242,48179" machi="59" ten="50,4800,0" yaku="18,1,54,1" doraHai="57,1" who="3" fromWho="3" sc="290,-16,238,-16,311,-16,161,48" />
</Scene>
<Scene>
<INIT seed="7,1,0,0,4,116" ten="274,222,295,209" oya="3" hai0="71,114,37,135,126,120,22,66,81,124,68,60,70" hai1="80,93,8,132,39,21,1,61,10,111,65,99,102" hai2="51,97,91,49,53,26,95,69,64,16,117,77,88" hai3="92,43,32,33,131,112,19,133,44,79,100,57,15"/><W54/><G112/><T25/><D114/><U17/><E111/><V104/><F117/><W128/><G79/><T11/><D11/><U35/><E39/><V41/><F104/><W110/><G110/><T2/><D2/><U4/><E35/><V96/><F77/><W73/><G73/><T101/><D101/><U14/><E132/><V107/><F64/><W6/><G6/><T40/><D81/><U0/><E80/><V31/><F69/><N who="0" m="26730" /><D22/><U122/><E122/><V89/><F107/><W125/><G133/><T76/><D25/><U58/><REACH who="1" step="1"/><E10/><REACH who="1" ten="274,212,295,209" step="2"/><V47/><F96/><N who="3" m="59399" /><G125/><T50/><D135/><U42/><E42/><V18/><F97/><W72/><G72/><T23/><D126/><U63/><E63/><V85/><F49/><N who="3" m="26783" /><G32/><T62/><D37/><U27/><AGARI ba="1,1" hai="0,1,4,8,14,17,21,27,58,61,65,93,99,102" machi="27" ten="20,5200,0" yaku="1,1,0,1,7,1,53,1" doraHai="116" doraHaiUra="90" who="1" fromWho="1" sc="274,-14,212,65,295,-14,209,-27" />
</Scene>
<Scene>
<INIT seed="8,0,0,3,2,2" ten="260,277,281,182" oya="0" hai0="15,56,5,84,70,94,7,121,59,68,26,105,124" hai1="125,73,99,18,61,52,16,53,19,45,17,82,132" hai2="91,42,126,75,38,29,129,44,14,60,6,28,67" hai3="77,81,76,50,4,69,123,46,65,110,27,115,23"/><T54/><D105/><U0/><E0/><V128/><F75/><W64/><G110/><T119/><D121/><U127/><E132/><V104/><F104/><W24/><G123/><T98/><D70/><U40/><E99/><V80/><F91/><W116/><G115/><T107/><D68/><U111/><E111/><V86/><F80/><W37/><G116/><T88/><D119/><U102/><E102/><V62/><F86/><W21/><G37/><T96/><D124/><N who="1" m="47691" /><E19/><V36/><F36/><W13/><G69/><T108/><D107/><U3/><E3/><V72/><F72/><W87/><G77/><T48/><D26/><N who="3" m="9769" /><G23/><T63/><D108/><U83/><E61/><N who="2" m="23659" /><F67/><W35/><G35/><T33/><D33/><U9/><E9/><N who="2" m="4407" /><F126/><W22/><G22/><T113/><D113/><U103/><E103/><V66/><F66/><W11/><G21/><T101/><D15/><U135/><E135/><V117/><F117/><W74/><G74/><T90/><D101/><U118/><E118/><V49/><F38/><W10/><G10/><T133/><D133/><U31/><E73/><V25/><F25/><W89/><G89/><T130/><D130/><AGARI ba="0,0" hai="28,29,42,44,49,128,129,130" m="4407,23659" machi="130" ten="30,2000,0" yaku="19,1,52,1" doraHai="2" who="2" fromWho="0" sc="260,-20,277,0,281,20,182,0" owari="240,-16.0,277,8.0,301,40.0,182,-32.0" />
</Scene>
</mjloggm>