<mjloggm ver="2.3"><GO type="97"/><UN n0="%E3%83%8F%E3%83%AA%E3%83%9E" n1="%CF%83%E3%81%AE%E3%83%AE%E3%81%AE" n2="%E5%A4%AA%E3%81%8F%E3%81%AA%E3%81%84%E3%81%8A" n3="%EF%BC%93%EF%BD%90%E3%81%8C%E3%83%84%E3%83%A2%E3%82%8C%E3%81%AA%E3%81%84" dan="14,13,15,14" rate="1960,1833,2062,1899" sx="M,F,M,M"/><TAIKYOKU oya="0"/>

<Scene>
<INIT seed="0,0,0,1,4,88" ten="250,250,250,250" oya="0" hai0="133,84,40,75,24,19,47,18,117,115,53,7,22" hai1="38,72,91,109,99,11,5,25,66,78,82,10,129" hai2="94,29,59,43,80,16,70,49,107,76,101,92,31" hai3="97,64,28,100,63,110,130,3,27,57,119,0,98"/><T118/><D75/><U74/><E38/><V106/><F70/><W12/><G119/><T45/><D115/><U108/><E129/><V89/><F106/><W111/><G130/><T9/><D133/><U60/><E25/><V17/><F107/><N who="3" m="63887" /><G12/><T93/><D18/><N who="2" m="7274" /><F101/><W67/><G98/><T1/><D47/><U68/><E74/><V132/><F132/><W69/><G64/><T105/><D105/><U113/><E113/><V90/><F76/><W6/><G6/><T13/><D53/><U55/><E55/><N who="2" m="32239" /><F43/><W87/><G87/><T48/><REACH who="0" step="1"/><D1/><REACH who="0" ten="240,250,250,250" step="2"/><U121/><E121/><V102/><F31/><W21/><G0/><T8/><D8/><U20/><E10/><V71/><F29/><W61/><G3/><T62/><D62/><U26/><E11/><V42/><F42/><W73/><G73/><T126/><D126/><U58/><E60/><V124/><F124/><W112/><G61/><T79/><D79/><U35/><E78/><V39/><F71/><W51/><G112/><T30/><D30/><U77/><E68/><V37/><F37/><W81/><G69/><T52/><D52/><U86/><E72/><V15/><F39/><W120/><G120/><T135/><D135/><U103/><E77/><V95/><F15/><W134/><G134/><T116/><D116/><U56/><E66/><V44/><F44/><W50/><G67/><T41/><D41/><U32/><E109/><V122/><F122/><W23/><G63/><T65/><D65/><U131/><E108/><V85/><F102/><W33/><G110/><T36/><D36/><U2/><E103/><RYUUKYOKU ba="0,1" sc="240,15,250,-15,250,15,250,-15" hai0="7,9,13,19,22,24,40,45,48,84,93,117,118" hai2="80,85,89,90,92,94,95" />
</Scene>
<Scene>
<INIT seed="0,1,1,5,4,123" ten="255,235,265,235" oya="0" hai0="46,31,17,106,95,87,0,21,114,33,32,122,104" hai1="20,5,73,1,81,99,118,85,111,72,51,35,12" hai2="43,71,8,29,66,120,125,74,98,36,19,56,77" hai3="23,89,97,127,58,61,10,25,113,67,126,131,94"/><T38/><D0/><U82/><E118/><V84/><F120/><W62/><G113/><T124/><D122/><U96/><E35/><V63/><F125/><N who="3" m="47627" /><G131/><T9/><D124/><U83/><E1/><V30/><F74/><W34/><G10/><T49/><D114/><U53/><E111/><V65/><F71/><W13/><G61/><T24/><D38/><U22/><E73/><V27/><F36/><W88/><G13/><T6/><D33/><U60/><E60/><V69/><F43/><W130/><G34/><T90/><D6/><U45/><E72/><V59/><F69/><W54/><G130/><T133/><D9/><N who="1" m="4143" /><E85/><V44/><F84/><W91/><G67/><T86/><D86/><U39/><E39/><V117/><F65/><W15/><G15/><T11/><D11/><U55/><E55/><V28/><F8/><W48/><G48/><T100/><D100/><U52/><E53/><V50/><F66/><W4/><G4/><T7/><D7/><U70/><E70/><V76/><F63/><W40/><G40/><T64/><D64/><U119/><E119/><V103/><F117/><W110/><G110/><T102/><D102/><U57/><E45/><V3/><F3/><W134/><G134/><T129/><D133/><U75/><E75/><V121/><F121/><W47/><G47/><T108/><D108/><U14/><E14/><V92/><F44/><W93/><G97/><AGARI ba="1,1" hai="20,22,51,52,57,81,82,83,96,97,99" m="4143" machi="97" ten="30,2000,0" yaku="8,1,54,1" doraHai="123" who="1" fromWho="3" sc="255,0,235,33,265,0,235,-23" />
</Scene>
<Scene>
<INIT seed="1,0,0,5,5,50" ten="255,268,265,212" oya="1" hai0="15,68,33,79,38,103,7,100,131,32,102,91,109" hai1="86,101,11,1,89,106,69,129,2,29,134,84,6" hai2="39,49,59,128,118,14,44,9,37,12,97,28,121" hai3="8,93,55,116,61,26,13,35,112,31,135,75,82"/><U71/><E29/><V62/><F121/><W3/><G112/><T43/><D68/><U92/><E134/><V104/><F118/><W58/><G135/><T98/><D79/><U96/><E129/><V63/><F128/><W4/><G116/><T73/><D73/><U115/><E115/><V77/><F77/><W125/><G125/><T117/><D131/><U0/><REACH who="1" step="1"/><E84/><REACH who="1" ten="255,258,265,212" step="2"/><V45/><F28/><W107/><G31/><T110/><D117/><U90/><E90/><V66/><F97/><W56/><G75/><T67/><D98/><U5/><E5/><V36/><F36/><W19/><G4/><T53/><D91/><U42/><E42/><V41/><F37/><W132/><G132/><T27/><D43/><U87/><E87/><V48/><F39/><W51/><G35/><T22/><D38/><U21/><E21/><V130/><F130/><W18/><G8/><T99/><D7/><U57/><E57/><V113/><F113/><W46/><G56/><T126/><D99/><U72/><E72/><V24/><F59/><W47/><G58/><T20/><D20/><U105/><E105/><V74/><F104/><W17/><G107/><T83/><D22/><U120/><E120/><V108/><F41/><W10/><G10/><T123/><D123/><U65/><E65/><V78/><F66/><W16/><G46/><T85/><D67/><U95/><E95/><V88/><F45/><W25/><G93/><T119/><D85/><U114/><E114/><V23/><F44/><W64/><G47/><T133/><D119/><U34/><E34/><V124/><F74/><RYUUKYOKU ba="0,1" sc="255,-10,258,30,265,-10,212,-10" hai1="0,1,2,6,11,69,71,86,89,92,96,101,106" />
</Scene>
<Scene>
<INIT seed="1,1,1,0,4,69" ten="245,288,255,202" oya="1" hai0="123,4,108,14,44,72,20,126,112,61,128,63,48" hai1="80,50,81,67,43,28,73,91,17,7,101,51,40" hai2="135,110,89,59,122,47,6,21,64,105,127,132,49" hai3="23,78,25,119,24,76,41,134,19,113,100,10,95"/><U42/><E101/><V96/><F122/><W71/><G113/><T124/><D72/><U85/><E7/><V92/><F105/><W36/><G71/><T99/><D112/><U38/><E38/><V1/><F110/><W75/><G134/><N who="2" m="51241" /><F127/><W74/><G119/><T57/><D123/><U125/><E125/><N who="0" m="48233" /><D108/><U93/><E67/><V9/><F21/><W35/><G35/><T33/><D33/><U130/><E130/><V45/><F49/><N who="1" m="18441" /><E73/><V94/><F94/><W2/><G95/><T84/><D128/><U53/><E28/><V114/><F114/><W62/><G75/><T129/><D129/><U116/><E116/><V97/><F97/><W83/><G74/><T102/><D84/><U31/><E31/><V65/><F65/><W107/><G107/><N who="0" m="63967" /><D57/><U115/><E115/><V5/><F5/><W133/><G100/><T22/><D20/><U104/><E104/><V37/><F37/><W16/><G36/><T86/><D86/><U111/><E111/><V60/><AGARI ba="1,1" hai="1,6,9,45,47,59,60,64,89,92,96" m="51241" machi="60" ten="30,1100,0" yaku="20,1" doraHai="69" who="2" fromWho="2" sc="245,-4,288,-6,255,24,202,-4" />
</Scene>
<Scene>
<INIT seed="2,0,0,1,5,8" ten="241,282,279,198" oya="2" hai0="25,124,98,103,23,106,66,116,111,43,57,4,50" hai1="130,60,113,81,74,14,44,100,91,49,123,118,20" hai2="34,133,45,5,65,42,119,21,72,84,88,11,32" hai3="18,90,29,77,117,105,58,27,0,85,86,7,1"/><V33/><F119/><W112/><G117/><T82/><D4/><U73/><E118/><V46/><F72/><W80/><G105/><T128/><D124/><U17/><E113/><V53/><F133/><W52/><G112/><T79/><D128/><U47/><E130/><V102/><F102/><W10/><G18/><T76/><D111/><U61/><E123/><V48/><F65/><W63/><G0/><T28/><D116/><U15/><E100/><V12/><F21/><W67/><G67/><T41/><D76/><U95/><E73/><V97/><F97/><W13/><G1/><T83/><D83/><U3/><E3/><V99/><F99/><W94/><REACH who="3" step="1"/><G27/><REACH who="3" ten="241,282,279,188" step="2"/><T127/><D127/><U109/><E109/><V36/><REACH who="2" step="1"/><F33/><REACH who="2" ten="241,282,269,188" step="2"/><W87/><G87/><T108/><D108/><U104/><E74/><V129/><F129/><W132/><G132/><T69/><D69/><U120/><E120/><V110/><F110/><W134/><G134/><T131/><D131/><U26/><E104/><V35/><F35/><W96/><G96/><T135/><D135/><U75/><E75/><V114/><F114/><W121/><G121/><T101/><D101/><U40/><E61/><V92/><AGARI ba="0,2" hai="5,11,12,32,34,36,42,45,46,48,53,84,88,92" machi="92" ten="20,18000,2" yaku="1,1,0,1,7,1,52,1,54,1,53,1" doraHai="8" doraHaiUra="70" who="2" fromWho="2" sc="241,-60,282,-60,269,200,188,-60" />
</Scene>
<Scene>
<INIT seed="2,1,0,3,1,77" ten="181,222,469,128" oya="2" hai0="88,114,49,110,0,108,133,41,37,7,71,112,28" hai1="62,58,64,130,113,76,93,48,127,55,46,109,115" hai2="39,36,47,34,72,51,24,101,20,103,40,92,5" hai3="44,61,97,111,2,84,32,129,60,85,15,132,50"/><V124/><F72/><W78/><G2/><T30/><D37/><U52/><E93/><V95/><F34/><W13/><G32/><T59/><D71/><N who="1" m="42391" /><E76/><V80/><F5/><W23/><G111/><T125/><D7/><U31/><E31/><V33/><F33/><W126/><G129/><T122/><D0/><U121/><E109/><N who="0" m="42089" /><D122/><U120/><E130/><V128/><F128/><W3/><G126/><T45/><D125/><U1/><E1/><V91/><F124/><W74/><G3/><T9/><D9/><U107/><E107/><V4/><F4/><W25/><G132/><T134/><D59/><U118/><E118/><V75/><F36/><W56/><G74/><T42/><D88/><U29/><E29/><N who="0" m="11369" /><D41/><U10/><E10/><V66/><F40/><N who="3" m="24839" /><G97/><T35/><D35/><U116/><E116/><V63/><F39/><W87/><G78/><T73/><D73/><U90/><E90/><V38/><F91/><W18/><G60/><T54/><D42/><U96/><E96/><V81/><F63/><W16/><G18/><T70/><D70/><U57/><E127/><V89/><F38/><W8/><G8/><T11/><D11/><U17/><E17/><V98/><F75/><W65/><AGARI ba="1,0" hai="13,15,16,23,25,56,61,65,84,85,87" m="24839" machi="65" ten="30,2000,0" yaku="8,1,54,1" doraHai="77" who="3" fromWho="3" sc="181,-6,222,-6,469,-11,128,23" />
</Scene>
<Scene>
<INIT seed="3,0,0,5,5,31" ten="175,216,458,151" oya="3" hai0="92,130,111,112,81,91,90,73,30,19,20,82,62" hai1="45,58,51,109,122,4,8,116,114,103,77,94,28" hai2="1,89,97,22,71,121,64,127,104,42,69,75,78" hai3="39,87,123,63,107,88,48,128,35,13,79,118,57"/><W72/><G118/><T96/><D73/><U32/><E114/><V0/><F22/><W5/><G123/><T60/><D112/><U108/><E122/><V33/><F89/><W26/><G39/><T9/><D130/><U83/><E116/><V56/><F56/><W135/><G107/><T52/><D111/><N who="1" m="42571" /><E58/><V85/><F85/><W84/><G128/><T41/><D41/><U7/><E8/><V24/><F42/><W29/><G135/><T80/><D9/><U65/><E65/><V47/><F47/><W110/><G110/><T120/><D30/><U95/><E28/><N who="2" m="19591" /><F127/><W37/><G37/><T59/><D120/><U101/><E32/><V18/><F18/><W131/><G131/><T129/><D129/><U38/><E38/><V100/><F121/><W3/><G3/><N who="2" m="1097" /><F64/><W134/><G134/><T49/><D91/><U21/><E21/><V53/><F53/><W27/><G27/><AGARI ba="0,0" hai="19,20,27,49,52,59,60,62,80,81,82,90,92,96" machi="27" ten="40,2600,0" yaku="8,1,54,1" doraHai="31" who="0" fromWho="3" sc="175,26,216,0,458,0,151,-26" owari="201,-20.0,216,2.0,458,55.0,125,-37.0" />
</Scene>
</mjloggm>