<mjloggm ver="2.3"><GO type="97"/><UN n0="%E3%83%AD%E3%82%8A%E8%82%89%E3%81%AE%E5%BC%9F%E5%AD%90" n1="%E5%A4%AA%E3%81%8F%E3%81%AA%E3%81%84%E3%81%8A" n2="%79%69%6E%6E%65%72%30%36" n3="%E3%82%82%E3%81%B5%E3%81%85%E3%81%A3%21%21%21%31" dan="15,15,15,14" rate="1984,2038,1973,1913" sx="F,M,M,M"/><TAIKYOKU oya="0"/>

<Scene>
<INIT seed="0,0,0,0,0,47" ten="250,250,250,250" oya="0" hai0="39,10,55,125,17,89,36,102,126,54,106,63,52" hai1="73,130,15,59,45,44,112,5,116,101,71,61,68" hai2="53,66,30,1,18,77,13,0,95,58,20,99,62" hai3="135,96,60,19,119,48,14,118,72,80,49,70,103"/><T51/><D106/><U117/><E73/><V79/><F1/><W74/><G135/><T41/><D102/><U40/><E101/><V128/><F0/><W4/><G4/><T76/><D76/><U127/><E15/><V94/><F128/><W78/><G74/><T120/><D89/><U82/><E82/><V64/><F30/><W81/><G81/><T46/><D10/><U88/><E88/><N who="2" m="55751" /><F95/><W11/><G70/><N who="1" m="26666" /><E5/><V26/><F26/><W115/><G115/><T24/><D24/><U90/><E90/><V109/><F109/><W35/><G35/><T6/><D6/><U121/><E121/><V42/><F42/><W28/><G28/><T25/><D25/><U104/><E104/><V2/><F2/><W9/><G9/><T124/><D17/><U134/><E130/><V100/><F100/><W91/><G91/><T16/><D16/><U37/><E134/><V12/><F12/><W133/><G133/><T27/><D27/><U43/><E112/><V3/><F3/><W57/><G119/><N who="1" m="45642" /><E127/><V108/><F108/><W87/><G72/><T21/><D21/><U38/><E61/><V34/><F34/><W75/><G75/><T93/><D93/><U123/><E123/><V132/><F132/><W67/><REACH who="3" step="1"/><G118/><REACH who="3" ten="250,250,250,240" step="2"/><T7/><D120/><U33/><E33/><V105/><F105/><AGARI ba="0,1" hai="11,14,19,48,49,57,60,67,78,80,87,96,103,105" machi="105" ten="30,12000,2" yaku="1,1,2,1,7,1,52,2,53,1" doraHai="47" doraHaiUra="56" who="3" fromWho="2" sc="250,0,250,0,250,-120,240,130" />
</Scene>
<Scene>
<INIT seed="1,0,0,4,3,18" ten="250,250,130,370" oya="1" hai0="34,78,125,4,131,7,59,74,72,108,45,10,40" hai1="19,62,86,85,37,71,44,51,12,17,98,41,60" hai2="91,69,87,54,75,9,110,120,134,106,27,117,95" hai3="73,67,115,119,36,2,53,81,83,24,105,28,70"/><U15/><E37/><V61/><F120/><W35/><G53/><T135/><D4/><U128/><E128/><V29/><F117/><W46/><G81/><T77/><D131/><U47/><E98/><V126/><F126/><W13/><G13/><T0/><D125/><U32/><E32/><V96/><F134/><W118/><G115/><T84/><D77/><U55/><E71/><V58/><F110/><W103/><G2/><T49/><D34/><U88/><E62/><V94/><F75/><W26/><G26/><T11/><D11/><U63/><E63/><V33/><F69/><W82/><G82/><T76/><D76/><U50/><E60/><V23/><F9/><W104/><G103/><T116/><D108/><U89/><REACH who="1" step="1"/><E55/><REACH who="1" ten="250,240,130,370" step="2"/><V101/><REACH who="2" step="1"/><F33/><REACH who="2" ten="250,240,120,370" step="2"/><N who="3" m="20615" /><G70/><T114/><D116/><U39/><E39/><V97/><F97/><W42/><G35/><T68/><D68/><U109/><E109/><V25/><F25/><W22/><G119/><T8/><D0/><U113/><E113/><V14/><F14/><W123/><G36/><T43/><D114/><U66/><E66/><V129/><F129/><W112/><G67/><T124/><D124/><U127/><E127/><V31/><F31/><W92/><G112/><T48/><D74/><U130/><E130/><V65/><F65/><W38/><G38/><T5/><D72/><U102/><E102/><V80/><AGARI ba="0,2" hai="23,27,29,54,58,61,80,87,91,94,95,96,101,106" machi="80" ten="20,8000,1" yaku="1,1,0,1,7,1,52,1,53,1" doraHai="18" doraHaiUra="79" who="2" fromWho="2" sc="250,-20,240,-40,120,100,370,-20" />
</Scene>
<Scene>
<INIT seed="2,0,0,3,5,128" ten="230,200,220,350" oya="2" hai0="124,49,87,126,85,118,106,12,65,29,81,80,4" hai1="96,24,76,53,110,3,132,17,11,43,84,14,82" hai2="64,8,36,72,37,95,56,6,92,1,68,74,38" hai3="99,88,101,103,69,54,121,119,52,57,2,104,67"/><V61/><REACH who="2" step="1"/><F68/><REACH who="2" ten="230,200,210,350" step="2"/><W125/><G69/><T46/><D126/><U129/><E129/><V102/><F102/><W60/><G125/><T28/><D124/><U59/><E110/><V34/><F34/><W21/><G121/><T48/><D118/><U15/><E132/><V20/><F20/><W113/><G119/><T42/><D65/><U75/><E75/><AGARI ba="0,1" hai="1,6,8,36,37,38,56,61,64,72,74,75,92,95" machi="75" ten="50,4800,0" yaku="21,2,53,0" doraHai="128" doraHaiUra="27" who="2" fromWho="1" sc="230,0,200,-48,210,58,350,0" />
</Scene>
<Scene>
<INIT seed="2,1,0,2,4,53" ten="230,152,268,350" oya="2" hai0="113,9,69,13,55,43,81,26,79,76,89,17,131" hai1="4,72,107,86,8,74,16,105,63,29,58,42,123" hai2="62,61,46,125,14,21,103,11,117,71,73,33,48" hai3="93,45,87,31,10,94,56,135,66,3,40,109,134"/><V114/><F117/><W91/><G109/><T20/><D113/><U111/><E111/><V92/><F73/><W83/><G31/><T2/><D69/><U44/><E123/><V54/><F114/><W128/><G128/><T127/><D127/><U12/><E29/><V80/><F33/><W70/><G70/><T119/><D119/><U57/><E74/><V49/><F125/><W41/><G10/><T15/><D43/><N who="3" m="16457" /><G3/><T19/><D2/><U77/><E72/><V24/><F80/><W88/><G45/><T5/><D131/><U52/><E57/><N who="2" m="32967" /><F71/><W0/><G0/><T118/><D55/><U96/><E96/><N who="2" m="59783" /><F49/><W112/><G112/><T23/><D118/><U25/><E77/><V75/><F46/><W65/><G65/><T39/><D39/><U27/><E86/><AGARI ba="1,0" hai="5,9,13,15,17,19,20,23,26,76,79,81,86,89" machi="86" ten="40,1300,0" yaku="8,1" doraHai="53" who="0" fromWho="1" sc="230,16,152,-16,268,0,350,0" />
</Scene>
<Scene>
<INIT seed="3,0,0,3,3,59" ten="246,136,268,350" oya="3" hai0="30,83,21,108,100,114,64,73,28,38,61,92,37" hai1="116,19,26,39,46,36,22,115,119,53,86,72,35" hai2="49,58,55,65,124,25,133,123,50,81,104,67,0" hai3="107,84,120,71,103,17,102,66,11,112,16,126,40"/><W68/><G112/><T14/><D114/><U6/><E115/><V60/><F104/><W106/><G120/><T62/><D73/><U134/><E72/><V47/><F123/><W97/><G40/><T10/><D83/><U82/><E134/><V5/><F133/><W78/><G126/><T105/><D105/><U44/><E35/><V89/><F124/><W48/><G48/><T56/><D37/><U94/><E6/><V85/><F0/><W77/><G84/><T131/><D108/><U33/><E33/><V32/><F5/><W7/><G7/><T18/><D38/><U1/><E1/><V51/><F32/><W90/><G90/><T111/><D111/><U79/><E39/><V34/><F34/><W8/><REACH who="3" step="1"/><G66/><REACH who="3" ten="246,136,268,340" step="2"/><T129/><D64/><U24/><E36/><V135/><F135/><W125/><G125/><T98/><D131/><U121/><E121/><V88/><F67/><W113/><G113/><T93/><D129/><U132/><E132/><V63/><F89/><W45/><G45/><T4/><D56/><U110/><E110/><V109/><F109/><W20/><G20/><T42/><D42/><U3/><E3/><V52/><F25/><W118/><G118/><T15/><D93/><U95/><E24/><V2/><F2/><W99/><AGARI ba="0,1" hai="8,11,16,17,68,71,77,78,97,99,102,103,106,107" machi="99" ten="25,12000,1" yaku="1,1,0,1,22,2,54,1,53,0" doraHai="59" doraHaiUra="57" who="3" fromWho="3" sc="246,-40,136,-40,268,-40,340,130" owari="206,-19.0,96,-40.0,228,3.0,470,56.0" />
</Scene>
</mjloggm>