<mjloggm ver="2.3"><GO type="97"/><UN n0="%E8%B5%A4%E5%B1%B1" n1="%4C%63%64" n2="%E5%A4%AA%E3%81%8F%E3%81%AA%E3%81%84%E3%81%8A" n3="%E3%82%84%EF%BD%9E%E3%81%B9" dan="14,16,14,15" rate="1938,2053,2053,1969" sx="M,M,M,M"/><TAIKYOKU oya="0"/>

<Scene>
<INIT seed="0,0,0,0,5,40" ten="250,250,250,250" oya="0" hai0="52,107,53,87,81,66,124,43,15,84,100,16,46" hai1="99,5,83,24,72,22,94,2,121,57,27,36,47" hai2="44,6,85,20,118,58,110,86,129,23,19,108,7" hai3="75,98,9,128,76,74,48,41,120,135,102,104,117"/><T45/><D107/><U92/><E121/><V29/><F129/><W79/><G117/><T63/><D124/><U61/><E94/><V97/><F118/><W11/><G128/><T103/><D66/><U59/><E59/><V91/><F58/><W62/><G120/><T35/><D35/><U106/><E106/><V67/><F67/><W13/><G135/><T10/><D43/><U31/><E27/><N who="2" m="16639" /><F97/><W56/><G75/><T30/><D30/><U130/><E130/><V64/><F64/><W49/><G11/><T78/><D87/><N who="2" m="33290" /><F91/><W70/><G70/><T18/><D18/><U60/><E5/><V115/><F115/><W26/><G74/><T114/><D114/><U0/><E60/><V73/><F73/><W42/><G26/><T127/><D127/><U125/><E72/><V89/><F89/><W51/><G76/><T28/><D28/><U37/><E83/><V116/><F116/><W77/><G79/><T113/><D113/><U12/><E125/><V25/><F44/><N who="0" m="17002" /><D63/><U54/><E36/><V131/><F131/><W39/><G39/><T109/><D109/><AGARI ba="0,0" hai="6,7,19,20,25,108,109,110" m="33290,16639" machi="109" ten="30,1000,0" yaku="14,1" doraHai="40" who="2" fromWho="0" sc="250,-10,250,0,250,10,250,0" />
</Scene>
<Scene>
<INIT seed="1,0,0,4,5,124" ten="240,250,260,250" oya="1" hai0="6,80,74,84,29,81,113,66,99,43,86,1,100" hai1="79,54,47,90,19,59,31,5,38,60,95,16,21" hai2="76,26,35,117,55,101,27,130,116,30,78,41,131" hai3="69,63,128,28,132,114,72,88,133,123,39,83,125"/><U67/><E79/><N who="2" m="30251" /><F41/><W75/><G123/><T112/><D29/><U96/><E5/><V13/><F101/><W110/><G114/><N who="0" m="44139" /><D66/><U102/><E38/><V94/><F94/><W118/><G39/><T109/><D6/><U85/><E47/><V33/><F13/><W103/><G103/><T17/><D17/><U134/><E134/><N who="3" m="51818" /><G125/><T93/><D43/><U18/><E54/><V62/><F62/><W121/><G121/><T48/><D48/><U20/><E31/><N who="2" m="19703" /><F55/><W4/><G63/><T24/><D24/><U15/><REACH who="1" step="1"/><E21/><REACH who="1" ten="240,240,260,250" step="2"/><V52/><F52/><W8/><G118/><T122/><D122/><U51/><E51/><V87/><F117/><W65/><G4/><T44/><D44/><U42/><E42/><V49/><F49/><W37/><G37/><T91/><D1/><U126/><E126/><V92/><F116/><W105/><G65/><T12/><D74/><U115/><E115/><V56/><F56/><W107/><G72/><T97/><D12/><U23/><E23/><V46/><F46/><W82/><G75/><T2/><D2/><U36/><E36/><V25/><F25/><W57/><G57/><T120/><D120/><U14/><E14/><V58/><F58/><W119/><G119/><T3/><D3/><U111/><E111/><V127/><F127/><W53/><G110/><T22/><D109/><U104/><AGARI ba="0,1" hai="15,16,18,19,20,59,60,67,85,90,95,96,102,104" machi="104" ten="20,7800,0" yaku="1,1,0,1,7,1,54,1,53,0" doraHai="124" doraHaiUra="0" who="1" fromWho="1" sc="240,-26,240,88,260,-26,250,-26" />
</Scene>
<Scene>
<INIT seed="1,1,0,3,4,0" ten="214,328,234,224" oya="1" hai0="95,78,52,14,108,123,66,96,15,26,110,117,130" hai1="45,65,124,58,125,77,107,17,81,9,27,22,111" hai2="84,105,119,70,64,104,134,40,135,21,12,53,54" hai3="5,4,133,2,91,30,73,102,131,120,3,132,114"/><U55/><E107/><V72/><F72/><W113/><G120/><T94/><D117/><U25/><E45/><V97/><F119/><W18/><G73/><T46/><D66/><U19/><E65/><V48/><F84/><W49/><G102/><T34/><D78/><U59/><E111/><N who="0" m="42537" /><D123/><U121/><E121/><V99/><F40/><W76/><G76/><T13/><D130/><U29/><E9/><V88/><F64/><W74/><G74/><T85/><D85/><N who="1" m="48303" /><E27/><V20/><F70/><W69/><G69/><T71/><D71/><U115/><E115/><N who="3" m="44042" /><G91/><T87/><D87/><U86/><E86/><V39/><F39/><W10/><G49/><N who="0" m="28727" /><D96/><U90/><E90/><V7/><F88/><W116/><G116/><T50/><D50/><N who="1" m="31095" /><E59/><V109/><F109/><W16/><G30/><AGARI ba="1,0" hai="13,14,15,26,30,34,94,95" m="28727,42537" machi="30" ten="30,2000,0" yaku="14,1,54,1" doraHai="0" who="0" fromWho="3" sc="214,23,328,0,234,0,224,-23" />
</Scene>
<Scene>
<INIT seed="2,0,0,5,5,114" ten="237,328,234,201" oya="2" hai0="39,119,66,62,99,47,16,31,107,3,56,102,15" hai1="52,53,27,8,42,49,111,94,116,87,70,26,88" hai2="124,84,45,128,89,14,22,5,90,19,125,117,10" hai3="126,51,57,33,81,35,115,30,4,112,121,37,12"/><V79/><F128/><W34/><G121/><T74/><D3/><U0/><E116/><V36/><F79/><W95/><G37/><T67/><D74/><U6/><E70/><V91/><F84/><W46/><G126/><N who="2" m="48745" /><F36/><W93/><G30/><T29/><D67/><U73/><E111/><V1/><F45/><W68/><G68/><T44/><D119/><AGARI ba="0,0" hai="1,5,10,14,19,22,89,90,91,117,119" m="48745" machi="119" ten="30,5800,0" yaku="18,1,52,2" doraHai="114" who="2" fromWho="0" sc="237,-58,328,0,234,58,201,0" />
</Scene>
<Scene>
<INIT seed="2,1,0,0,5,39" ten="179,328,292,201" oya="2" hai0="103,13,124,25,107,125,75,112,109,87,20,37,81" hai1="119,38,102,1,42,58,27,32,43,132,133,4,120" hai2="94,55,47,23,96,83,98,114,19,21,36,41,31" hai3="97,49,44,69,18,90,60,80,30,53,113,106,61"/><V108/><F114/><W135/><G30/><T121/><D13/><U72/><E38/><V50/><F108/><W14/><G113/><T29/><D112/><U24/><E119/><V105/><F105/><W91/><G135/><N who="1" m="51786" /><E120/><V2/><F2/><W128/><G128/><T51/><D37/><U6/><E72/><V95/><F83/><W35/><G35/><T17/><D75/><U45/><E45/><V22/><F31/><W130/><G130/><T73/><D73/><U12/><E32/><V84/><F19/><W3/><G3/><T118/><D121/><U62/><E102/><V88/><REACH who="2" step="1"/><F95/><REACH who="2" ten="179,328,282,201" step="2"/><W93/><G106/><T116/><D109/><U5/><E1/><V8/><F8/><N who="3" m="6471" /><G69/><T123/><D123/><U11/><E4/><V131/><F131/><W74/><G74/><T89/><D29/><U64/><E6/><V57/><AGARI ba="1,1" hai="21,22,23,36,41,47,50,55,57,84,88,94,96,98" machi="57" ten="30,11700,0" yaku="1,1,0,1,52,1,54,1,53,0" doraHai="39" doraHaiUra="76" who="2" fromWho="2" sc="179,-40,328,-40,282,130,201,-40" />
</Scene>
<Scene>
<INIT seed="2,2,0,4,4,12" ten="139,288,412,161" oya="2" hai0="51,114,38,83,108,21,36,79,81,28,103,2,19" hai1="116,76,67,23,69,8,119,121,15,101,55,41,104" hai2="109,117,111,60,48,6,27,50,14,95,80,47,46" hai3="11,135,88,59,17,82,94,10,9,31,127,131,1"/><V13/><F117/><W66/><G127/><T49/><D2/><U71/><E121/><V65/><F80/><W54/><G131/><T91/><D114/><U92/><E104/><V29/><F95/><W39/><G39/><T62/><D108/><N who="2" m="41546" /><F6/><W129/><G129/><T84/><D103/><U37/><E76/><V128/><F128/><W105/><G105/><T52/><D62/><U68/><E92/><V57/><F48/><W120/><G120/><T90/><D49/><U20/><E37/><V98/><F98/><W112/><G112/><T22/><D28/><U123/><E101/><V118/><F118/><W3/><G135/><T33/><D33/><U115/><E123/><V126/><F126/><W63/><G31/><T130/><D130/><U86/><E86/><V56/><F56/><W16/><G82/><T18/><D79/><U45/><E68/><V26/><F26/><W24/><G66/><T70/><D70/><U0/><E69/><V64/><F64/><W97/><G17/><N who="0" m="6155" /><D38/><U132/><E67/><V113/><F113/><W25/><G25/><T110/><D36/><U124/><E71/><V85/><F50/><W5/><G1/><T35/><D35/><U93/><E115/><V102/><F102/><W42/><G42/><T34/><D34/><U122/><E116/><V40/><F60/><W43/><G43/><T133/><D110/><U87/><E119/><V30/><F40/><W125/><G125/><T53/><D133/><U107/><E122/><V77/><F30/><W4/><G3/><T75/><D75/><U32/><E124/><V134/><F134/><RYUUKYOKU ba="2,0" sc="139,-10,288,-10,412,-10,161,30" hai3="4,5,9,10,11,16,24,54,59,63,88,94,97" />
</Scene>
<Scene>
<INIT seed="3,3,0,0,2,91" ten="129,278,402,191" oya="3" hai0="2,41,50,69,112,100,132,109,23,30,60,47,55" hai1="4,87,8,93,86,25,27,39,63,85,1,3,11" hai2="14,57,46,119,80,135,133,83,67,19,97,52,70" hai3="130,18,40,76,21,78,42,31,88,13,59,101,45"/><W110/><G130/><T6/><D100/><U98/><E39/><V33/><F33/><W92/><G101/><T62/><D6/><U95/><E63/><N who="2" m="40319" /><F46/><W66/><G110/><T108/><D23/><U71/><E71/><V118/><F97/><N who="3" m="57479" /><G31/><T38/><D30/><U127/><E127/><V114/><F114/><W43/><G45/><T65/><D2/><U10/><E4/><V105/><F105/><W90/><G90/><T44/><D112/><U36/><E36/><V49/><F118/><W28/><G28/><T20/><D20/><U73/><E73/><V102/><F102/><W22/><G22/><T58/><D132/><N who="2" m="50762" /><F119/><W0/><G0/><N who="1" m="74" /><E98/><V99/><F99/><W94/><G94/><AGARI ba="3,0" hai="8,10,11,25,27,85,86,87,93,94,95" m="74" machi="94" ten="40,8000,1" yaku="28,2,52,3" doraHai="91" who="1" fromWho="3" sc="129,0,278,89,402,0,191,-89" owari="129,-27.0,367,17.0,402,50.0,102,-40.0" />
</Scene>
</mjloggm>