<mjloggm ver="2.3"><GO type="193"/><UN n0="%E5%A4%AA%E3%81%8F%E3%81%AA%E3%81%84%E3%81%8A" n1="%E3%82%B4%E3%83%83%E3%82%BA%E3%83%8F%E3%83%B3%E3%83%89" n2="%6A%6F%65%33%32%31" n3="%E3%83%8B%E3%83%83%E3%82%AF%E3%83%8B%E3%82%AF" dan="9,11,11,10" rate="1671,1680,1848,1460" sx="M,M,M,M"/><TAIKYOKU oya="0"/>

<Scene>
<INIT seed="0,0,0,2,5,20" ten="250,250,250,250" oya="0" hai0="49,124,71,1,82,88,64,79,62,45,80,26,67" hai1="106,109,120,105,47,17,87,73,107,128,78,9,97" hai2="36,2,40,16,60,126,22,115,37,104,100,61,134" hai3="121,31,21,68,42,15,103,18,4,92,56,55,39"/><T14/><D1/><U129/><E47/><V90/><F115/><W41/><G121/><T13/><D124/><U85/><E9/><V54/><F2/><W130/><G68/><T133/><D133/><U53/><E17/><V46/><F126/><W30/><G39/><T122/><D122/><U38/><E38/><V127/><F127/><W84/><G130/><N who="1" m="50282" /><E53/><V70/><F134/><W34/><G34/><T33/><D64/><U89/><E120/><V69/><F90/><W66/><G4/><T8/><D8/><U65/><E65/><V112/><F112/><W131/><G66/><T43/><D33/><U6/><E6/><V0/><F0/><W44/><G44/><T19/><D26/><U132/><E109/><V52/><F104/><N who="1" m="40041" /><E132/><V7/><F100/><W5/><G5/><T113/><D113/><U35/><E35/><V101/><F101/><W50/><G131/><T77/><D19/><U48/><E48/><V74/><F74/><W59/><G59/><T118/><D118/><U76/><N who="1" m="40049" /><U94/><DORA hai="83" /><E73/><V117/><F117/><W32/><G32/><T72/><REACH who="0" step="1"/><D88/><REACH who="0" ten="240,250,250,250" step="2"/><N who="1" m="53519" /><E97/><V75/><F75/><AGARI ba="0,1" hai="13,14,43,45,49,62,67,71,72,75,77,79,80,82" machi="75" ten="30,5800,0" yaku="1,1,7,1,9,1,53,0" doraHai="20,83" doraHaiUra="3,28" who="0" fromWho="2" sc="240,68,250,0,250,-58,250,0" />
</Scene>
<Scene>
<INIT seed="0,1,0,0,4,54" ten="308,250,192,250" oya="0" hai0="110,13,85,2,103,56,102,27,30,113,24,26,12" hai1="25,135,60,114,66,95,53,7,89,134,104,20,98" hai2="21,115,16,17,124,49,71,93,118,105,4,14,129" hai3="9,132,107,119,45,3,120,47,125,73,64,39,50"/><T76/><D2/><U80/><E114/><V82/><F115/><W72/><G3/><T19/><D113/><U52/><E7/><V48/><F124/><W36/><G107/><T42/><D42/><U123/><E123/><V88/><F105/><W116/><G9/><T96/><D30/><U44/><E104/><V15/><F71/><W23/><G23/><T67/><D110/><U38/><E80/><V37/><F37/><N who="3" m="14411" /><G72/><T106/><D102/><U58/><E38/><V99/><F129/><W57/><G73/><T83/><REACH who="0" step="1"/><D19/><REACH who="0" ten="298,250,192,250" step="2"/><N who="1" m="12447" /><E44/><V87/><F118/><W97/><G116/><T65/><D65/><U127/><E127/><V35/><F35/><W11/><G119/><T70/><D70/><U18/><E18/><V101/><REACH who="2" step="1"/><F4/><REACH who="2" ten="298,250,182,250" step="2"/><W78/><G125/><T62/><AGARI ba="1,2" hai="12,13,24,26,27,56,62,67,76,83,85,96,103,106" machi="62" ten="30,6000,0" yaku="1,1,0,1,52,1,53,0" doraHai="54" doraHaiUra="111" who="0" fromWho="0" sc="298,83,250,-21,182,-21,250,-21" />
</Scene>
<Scene>
<INIT seed="0,2,0,1,2,28" ten="381,229,161,229" oya="0" hai0="86,89,66,7,98,79,109,69,0,35,85,120,6" hai1="72,14,94,107,129,1,15,116,78,61,25,49,90" hai2="100,73,10,4,17,76,71,29,113,124,70,59,60" hai3="43,77,92,131,19,102,97,103,46,75,132,13,65"/><T95/><D120/><U3/><E1/><V118/><F113/><W81/><G132/><T62/><D35/><U105/><E3/><V41/><F100/><W126/><G126/><T32/><D32/><U82/><E116/><V133/><F124/><W33/><G131/><T101/><D0/><U80/><E61/><V64/><F133/><W93/><G65/><T119/><D119/><U56/><E49/><V91/><F118/><W39/><G33/><T12/><D109/><U30/><E56/><V23/><F41/><W48/><G39/><T111/><D111/><U123/><E123/><V38/><F38/><W88/><REACH who="3" step="1"/><G93/><REACH who="3" ten="381,229,161,219" step="2"/><T117/><D95/><U27/><E129/><V74/><F29/><W11/><AGARI ba="2,1" hai="11,13,19,43,46,48,75,77,81,88,92,97,102,103" machi="11" ten="20,12000,2" yaku="1,1,2,1,0,1,7,1,54,1,53,1" doraHai="28" doraHaiUra="9" who="3" fromWho="3" sc="381,-62,229,-32,161,-32,219,136" />
</Scene>
<Scene>
<INIT seed="1,0,0,5,1,102" ten="319,197,129,355" oya="1" hai0="134,101,117,20,52,3,77,0,120,115,50,87,83" hai1="116,91,80,110,54,49,88,79,19,92,105,5,36" hai2="70,90,97,2,27,1,39,113,81,122,24,84,26" hai3="103,69,42,18,62,63,68,45,64,44,108,131,95"/><U74/><E36/><V65/><F122/><W25/><G131/><T40/><D117/><U72/><E5/><V75/><F39/><W47/><G108/><T99/><D115/><U14/><E116/><V119/><F119/><W32/><G42/><T41/><D120/><U61/><E61/><V4/><F113/><W51/><G51/><T96/><D134/><U73/><E105/><V130/><F130/><W107/><G107/><T10/><D96/><U23/><E110/><V33/><F33/><W48/><G48/><T67/><D67/><U100/><E100/><V126/><F126/><W125/><G125/><T55/><D55/><U11/><E91/><V89/><F75/><W34/><G25/><T7/><D20/><U78/><E78/><V22/><F70/><W112/><G18/><T28/><D28/><U9/><E72/><V106/><F65/><W15/><G15/><T12/><D0/><U133/><E133/><V8/><F2/><W124/><G124/><T127/><D3/><U109/><E109/><V129/><F129/><W46/><G112/><T57/><D127/><U29/><E29/><V38/><F38/><W128/><N who="3" m="11776" /><DORA hai="132" /><W17/><G17/><T58/><D58/><N who="1" m="33103" /><E73/><V93/><REACH who="2" step="1"/><F106/><AGARI ba="0,0" hai="7,10,12,40,41,50,52,57,77,83,87,99,101,106" machi="106" ten="30,3900,0" yaku="7,1,52,1,54,1" doraHai="102,132" who="0" fromWho="2" sc="319,39,197,0,129,-39,355,0" />
</Scene>
<Scene>
<INIT seed="2,0,0,5,2,16" ten="358,197,90,355" oya="2" hai0="91,3,58,126,75,7,42,34,114,1,72,64,116" hai1="56,28,78,132,129,123,26,71,106,107,118,112,53" hai2="50,49,130,11,10,85,45,93,94,65,84,131,95" hai3="134,119,97,61,32,102,117,36,47,79,82,8,57"/><V66/><REACH who="2" step="1"/><F95/><REACH who="2" ten="358,197,80,355" step="2"/><W135/><G32/><T128/><D34/><U62/><E123/><V41/><F41/><W70/><G70/><T88/><D42/><U110/><E118/><V39/><F39/><W113/><G113/><T74/><D116/><U30/><E112/><V68/><F68/><W46/><G119/><T29/><D114/><U17/><E71/><V111/><F111/><W73/><G117/><T77/><D126/><U96/><E110/><V69/><F69/><W51/><G36/><T0/><D128/><U105/><E129/><V15/><F15/><W18/><G135/><T2/><D1/><U81/><E132/><V80/><F80/><W48/><G134/><T83/><D83/><U87/><E107/><V23/><F23/><W60/><G82/><T25/><D2/><U13/><E106/><V89/><F89/><W59/><G79/><T90/><D3/><U122/><E122/><V67/><F67/><W35/><G35/><N who="0" m="20911" /><D77/><U63/><E105/><V127/><F127/><W115/><G115/><T125/><D125/><U124/><E124/><V92/><F92/><W55/><G73/><T22/><D22/><N who="1" m="13647" /><E13/><V19/><F19/><W27/><G8/><N who="0" m="2151" /><D64/><N who="1" m="38983" /><E96/><V31/><F31/><W43/><G18/><T104/><D104/><U103/><E103/><V37/><F37/><W5/><G27/><T109/><D109/><U98/><E98/><V33/><F33/><W52/><G5/><T54/><D74/><U120/><E120/><V20/><F20/><W40/><REACH who="3" step="1"/><G97/><REACH who="3" ten="358,197,80,345" step="2"/><T133/><D133/><U12/><E12/><V14/><F14/><W9/><G9/><RYUUKYOKU ba="0,2" sc="358,0,197,0,80,0,345,0" hai0="54,58,72,75,88,90,91" hai1="28,30,53,63,78,81,87" hai2="10,11,45,49,50,65,66,84,85,93,94,130,131" hai3="40,43,46,47,48,51,52,55,57,59,60,61,102" />
</Scene>
<Scene>
<INIT seed="2,1,2,0,0,39" ten="358,197,80,345" oya="2" hai0="19,134,111,116,57,84,131,48,81,68,106,29,7" hai1="40,17,86,3,88,73,5,135,53,92,94,54,18" hai2="101,46,34,133,128,121,107,59,98,105,72,62,49" hai3="100,95,2,28,80,91,71,64,115,110,31,127,89"/><V124/><F121/><W50/><G115/><T132/><D68/><U60/><E73/><V15/><F124/><W58/><G110/><T82/><D106/><U42/><E135/><N who="0" m="51753" /><D111/><U0/><E5/><V108/><F133/><W83/><G71/><T30/><D131/><U75/><E75/><V36/><F108/><W66/><G2/><T85/><D7/><U78/><E60/><V119/><F128/><W61/><G127/><T130/><D130/><U122/><E122/><V104/><F119/><W79/><G100/><T24/><D116/><U103/><E78/><V23/><F72/><W90/><G95/><T33/><D30/><N who="3" m="11305" /><G66/><T25/><D25/><U65/><E65/><V35/><F36/><W63/><G79/><T22/><D19/><N who="1" m="7179" /><E3/><V123/><F123/><W27/><G63/><T14/><D14/><U21/><E21/><V41/><F15/><W45/><G27/><T16/><D33/><U93/><E103/><V112/><F23/><W96/><G96/><T55/><D29/><U44/><E0/><V32/><REACH who="2" step="1"/><F112/><REACH who="2" ten="358,197,70,345" step="2"/><W120/><G120/><T56/><D22/><U20/><E20/><V67/><AGARI ba="1,3" hai="32,34,35,41,46,49,59,62,67,98,101,104,105,107" machi="67" ten="30,12000,1" yaku="1,1,2,1,0,1,52,1,53,1" doraHai="39" doraHaiUra="37" who="2" fromWho="2" sc="358,-41,197,-41,70,153,345,-41" />
</Scene>
<Scene>
<INIT seed="2,2,0,0,2,108" ten="317,156,223,304" oya="2" hai0="127,8,41,114,14,61,115,135,58,113,84,22,46" hai1="85,78,17,128,42,40,26,111,24,49,94,30,70" hai2="110,97,131,31,134,74,44,73,65,106,75,45,15" hai3="132,133,27,72,54,34,117,43,2,92,3,82,103"/><V36/><F131/><W11/><G117/><T51/><D127/><U119/><E70/><V55/><F110/><W1/><G11/><T76/><D135/><U33/><E111/><V120/><F134/><N who="3" m="51819" /><G43/><T47/><D22/><U81/><E128/><V39/><F120/><W126/><G126/><T112/><D47/><U130/><E130/><V129/><F129/><W4/><G54/><T116/><D116/><U87/><E119/><V104/><F31/><N who="3" m="19839" /><G92/><T93/><D113/><U125/><E125/><V105/><F65/><W66/><G66/><T50/><D50/><U71/><E71/><V91/><F15/><W0/><G103/><T37/><D37/><N who="2" m="14410" /><F55/><W56/><G56/><T10/><D14/><U123/><E123/><V23/><F23/><W107/><G4/><T60/><D60/><U52/><E17/><V109/><F109/><W79/><N who="3" m="512" /><DORA hai="102" /><W13/><G13/><T25/><D25/><U90/><REACH who="1" step="1"/><E24/><REACH who="1" ten="317,146,223,304" step="2"/><V98/><F91/><W48/><G48/><T69/><D69/><U95/><E95/><V67/><F67/><W35/><G35/><T101/><D93/><U86/><E86/><V89/><F89/><W28/><G28/><T122/><D122/><U5/><E5/><V99/><AGARI ba="2,1" hai="44,45,73,74,75,97,98,99,104,105,106" m="14410" machi="99" ten="50,18000,2" yaku="29,2,28,2,52,3" doraHai="108,102" who="2" fromWho="2" sc="317,-62,146,-62,223,196,304,-62" />
</Scene>
<Scene>
<INIT seed="2,3,0,1,4,33" ten="255,84,419,242" oya="2" hai0="24,100,84,15,70,85,20,13,73,59,126,102,80" hai1="54,74,104,114,101,30,116,27,26,113,41,42,25" hai2="18,55,106,7,94,110,129,23,98,79,44,45,117" hai3="88,31,109,16,91,130,19,135,78,108,63,64,32"/><V115/><F117/><W56/><G135/><T103/><D70/><U35/><E74/><V127/><F115/><W60/><G130/><T28/><D126/><U58/><E116/><V46/><F129/><W8/><G78/><N who="0" m="46103" /><D73/><U105/><E101/><V34/><F127/><W133/><G133/><T36/><D36/><U6/><E30/><V3/><F106/><W29/><G32/><T22/><D22/><U52/><E35/><V82/><F34/><W77/><G77/><T128/><D128/><U119/><E119/><V97/><F110/><W132/><G132/><T90/><D59/><U11/><E58/><V37/><F37/><W75/><G75/><T123/><D123/><U68/><E68/><V69/><F69/><W134/><G134/><T67/><D67/><U10/><E25/><N who="2" m="14583" /><F3/><W92/><G8/><T124/><D124/><U112/><E112/><V66/><F7/><AGARI ba="3,0" hai="6,7,10,11,26,27,41,42,52,54,104,105,113,114" machi="7" ten="25,3200,0" yaku="22,2,54,1" doraHai="33" who="1" fromWho="2" sc="255,0,84,41,419,-41,242,0" />
</Scene>
<Scene>
<INIT seed="3,0,0,2,5,102" ten="255,125,378,242" oya="3" hai0="112,126,18,44,85,24,45,25,127,64,79,98,123" hai1="129,38,48,75,95,131,32,7,70,82,43,62,77" hai2="73,122,19,83,125,27,41,14,50,84,103,116,118" hai3="61,47,80,72,56,93,28,26,13,88,71,35,33"/><W51/><G35/><T65/><D123/><U90/><E32/><V2/><F122/><W130/><G71/><T11/><D112/><U111/><E38/><V124/><F73/><W22/><G130/><T49/><D98/><U63/><E7/><V4/><F103/><W135/><G135/><T23/><D11/><U94/><E70/><V10/><F41/><W133/><G133/><T108/><D108/><U89/><E111/><V39/><F39/><W69/><G69/><T34/><D34/><U120/><E120/><V30/><F50/><W113/><G113/><T115/><D115/><U16/><E43/><V29/><F83/><W121/><G121/><T128/><D128/><U8/><E48/><V97/><F84/><W92/><G33/><T110/><D110/><U9/><E75/><V87/><F87/><N who="3" m="50279" /><G13/><T86/><D79/><U15/><E77/><V105/><F105/><W40/><G72/><T74/><D74/><U37/><E82/><V12/><F97/><W109/><G109/><T101/><D101/><U81/><E81/><V117/><F30/><W119/><G119/><T1/><D1/><U54/><E37/><V104/><F104/><W76/><G76/><T57/><D85/><U36/><E36/><V53/><F53/><AGARI ba="0,0" hai="22,26,28,40,47,51,53,56,61,92,93" m="50279" machi="53" ten="30,2900,0" yaku="8,1,54,1" doraHai="102" who="3" fromWho="2" sc="255,0,125,0,378,-29,242,29" />
</Scene>
<Scene>
<INIT seed="3,1,0,5,4,11" ten="255,125,349,271" oya="3" hai0="115,16,109,7,113,107,41,78,81,35,37,96,101" hai1="82,51,72,87,131,46,92,25,123,84,6,23,126" hai2="67,44,85,50,108,48,130,24,54,77,128,53,39" hai3="59,62,76,83,36,63,112,110,127,121,13,26,64"/><W22/><G121/><T42/><D35/><U47/><E123/><V99/><F108/><W29/><G112/><N who="0" m="43083" /><D7/><U120/><E120/><V88/><F39/><W15/><G36/><T68/><D68/><U31/><E131/><N who="2" m="50219" /><F67/><W86/><G110/><T9/><D109/><U60/><E126/><V28/><F77/><W73/><G73/><N who="0" m="43215" /><D37/><U21/><E72/><V98/><F50/><W114/><G114/><T70/><D70/><U122/><E122/><V56/><F54/><W95/><G127/><T45/><D45/><U65/><E46/><V30/><F44/><W57/><REACH who="3" step="1"/><G95/><REACH who="3" ten="255,125,349,261" step="2"/><T32/><D32/><U58/><E92/><N who="2" m="54287" /><F30/><W20/><G20/><AGARI ba="1,1" hai="20,24,28,48,53,56,98,99" m="54287,50219" machi="20" ten="30,2000,0" yaku="19,1,54,1" doraHai="11" who="2" fromWho="3" sc="255,0,125,0,349,33,261,-23" owari="255,6.0,125,-37.0,382,47.0,238,-16.0" />
</Scene>
</mjloggm>