<mjloggm ver="2.3"><GO type="97"/><UN n0="%73%73%74%72%37" n1="%E5%A4%AA%E3%81%8F%E3%81%AA%E3%81%84%E3%81%8A" n2="%63%68%69%6E%67%40%6A%61" n3="%72%61%6C%66" dan="13,14,13,14" rate="1867,2003,1907,1927" sx="M,M,M,M"/><TAIKYOKU oya="0"/>

<Scene>
<INIT seed="0,0,0,4,5,83" ten="250,250,250,250" oya="0" hai0="25,14,13,69,5,30,24,125,103,53,15,81,100" hai1="132,118,121,73,122,11,106,131,54,45,86,88,87" hai2="60,85,105,26,46,47,62,2,117,127,6,80,112" hai3="19,91,41,64,7,111,36,71,75,33,107,135,51"/><T113/><D69/><U20/><E118/><V32/><F105/><W82/><G33/><T28/><D113/><U31/><E73/><V108/><F108/><W17/><G107/><T84/><D125/><U59/><E106/><V76/><F112/><W66/><G36/><T67/><D5/><U1/><E45/><V74/><F127/><W10/><G75/><T134/><D134/><U79/><E132/><V116/><F74/><W101/><G101/><N who="0" m="38987" /><D67/><U35/><E35/><V115/><F115/><W40/><G111/><T52/><D25/><N who="1" m="16807" /><E1/><V21/><F32/><W50/><G71/><T56/><D24/><U94/><E122/><V95/><F95/><W38/><G38/><T90/><D53/><U57/><E121/><V34/><F34/><W23/><G23/><T128/><D128/><U93/><E131/><V8/><F46/><W124/><G124/><T110/><D110/><U98/><E11/><V12/><F2/><W96/><G10/><T126/><D126/><U120/><E120/><V72/><F72/><W68/><G68/><T123/><D123/><U114/><E114/><V104/><F104/><W16/><G135/><T44/><D44/><U55/><E55/><V18/><F47/><W4/><G41/><T89/><D89/><N who="1" m="53439" /><E54/><V37/><REACH who="2" step="1"/><F37/><REACH who="2" ten="250,250,240,250" step="2"/><W49/><G40/><T58/><D58/><U109/><E109/><V92/><F92/><N who="3" m="56351" /><G82/><AGARI ba="0,1" hai="57,59,79,82,86,88,94,98" m="53439,16807" machi="82" ten="30,7700,0" yaku="8,1,52,2,54,1" doraHai="83" who="1" fromWho="3" sc="250,0,250,87,240,0,250,-77" />
</Scene>
<Scene>
<INIT seed="1,0,0,4,5,87" ten="250,337,240,173" oya="1" hai0="53,98,61,64,118,42,123,115,17,60,108,54,62" hai1="97,25,69,34,16,67,40,4,12,135,52,96,44" hai2="37,51,85,104,33,50,122,121,130,45,1,5,86" hai3="120,89,112,116,88,7,84,93,28,20,90,8,134"/><U15/><E135/><V6/><F104/><W128/><G120/><T105/><D115/><U30/><E4/><V99/><F37/><W125/><G112/><T26/><D118/><U29/><E29/><V74/><F33/><W0/><G134/><T78/><D123/><U127/><E127/><V117/><F74/><W81/><G125/><T106/><D42/><U14/><E67/><V39/><F39/><W19/><G116/><T114/><D78/><U133/><E69/><V18/><F117/><W59/><G28/><T57/><D114/><U79/><E79/><V41/><F130/><W76/><G128/><T9/><D108/><U35/><E35/><V56/><F122/><W95/><REACH who="3" step="1"/><G59/><REACH who="3" ten="250,337,240,163" step="2"/><T68/><D57/><U66/><E133/><V132/><F121/><W46/><G46/><T129/><D129/><U65/><E30/><V113/><F132/><W131/><G131/><T21/><D68/><U110/><E110/><V73/><F113/><W75/><G75/><T100/><D64/><U80/><E65/><V70/><F73/><W13/><AGARI ba="0,1" hai="0,7,8,13,19,20,76,81,84,88,89,90,93,95" machi="13" ten="30,12000,2" yaku="1,1,0,1,52,3,54,1,53,1" doraHai="87" doraHaiUra="32" who="3" fromWho="3" sc="250,-30,337,-60,240,-30,163,130" />
</Scene>
<Scene>
<INIT seed="2,0,0,0,2,38" ten="220,277,210,293" oya="2" hai0="56,73,76,43,23,36,88,46,132,133,72,19,110" hai1="129,82,62,125,28,17,107,84,80,79,20,30,77" hai2="29,64,21,69,35,99,1,124,120,102,5,106,41" hai3="68,97,119,108,103,114,33,81,104,111,34,50,49"/><V39/><F120/><W59/><G68/><T85/><D110/><N who="3" m="42025" /><G119/><T95/><D56/><U121/><E107/><V134/><F21/><W112/><G59/><T131/><D131/><U94/><E129/><V32/><F134/><N who="0" m="51818" /><D76/><U52/><E121/><V78/><F124/><W87/><G87/><T90/><D90/><U40/><E125/><V75/><F29/><W15/><G15/><AGARI ba="0,0" hai="15,19,23,36,43,46,72,73,85,88,95" m="51818" machi="15" ten="30,3900,0" yaku="20,1,52,1,54,1" doraHai="38" who="0" fromWho="3" sc="220,39,277,0,210,0,293,-39" />
</Scene>
<Scene>
<INIT seed="3,0,0,0,1,84" ten="259,277,210,254" oya="3" hai0="128,44,32,116,99,106,130,57,8,69,92,63,1" hai1="2,4,7,93,117,3,34,33,96,120,50,45,115" hai2="83,66,97,53,95,18,25,98,102,127,15,124,94" hai3="74,65,28,88,109,52,85,54,30,129,43,13,86"/><W58/><G74/><T71/><D116/><U48/><E115/><V49/><F66/><W29/><G43/><T107/><D32/><U103/><E120/><V37/><F37/><W23/><G129/><N who="0" m="49771" /><D44/><U24/><E117/><V125/><F25/><N who="3" m="16447" /><G109/><T87/><D8/><U70/><E70/><N who="0" m="26633" /><D1/><U46/><E2/><V67/><F67/><W105/><G105/><T78/><D78/><U60/><E3/><V6/><F6/><W19/><G85/><T36/><D87/><U20/><E34/><V90/><F83/><N who="3" m="49247" /><G65/><N who="0" m="39151" /><D36/><U26/><E33/><V35/><F35/><W42/><G42/><T47/><D47/><U91/><E45/><V101/><F53/><N who="3" m="20587" /><G58/><T134/><D134/><U10/><E7/><V51/><F102/><AGARI ba="0,0" hai="92,99,102,106,107" m="39151,26633,49771" machi="102" ten="30,1000,0" yaku="19,1" doraHai="84" who="0" fromWho="2" sc="259,10,277,0,210,-10,254,0" />
</Scene>
<Scene>
<INIT seed="4,0,0,0,5,29" ten="269,277,200,254" oya="0" hai0="7,14,24,4,98,132,99,122,25,100,21,47,104" hai1="135,23,133,65,134,131,70,94,19,15,9,32,118" hai2="57,44,78,66,52,121,40,74,120,83,79,87,58" hai3="60,51,90,62,46,77,114,105,13,116,117,59,128"/><T33/><D122/><U63/><E118/><V49/><F78/><W39/><G105/><T6/><D132/><U81/><E131/><V92/><F74/><W127/><G77/><T48/><D99/><U3/><E81/><V34/><F34/><W113/><G39/><T76/><D76/><U56/><E94/><V35/><F35/><W11/><G128/><T67/><D67/><U101/><E101/><V84/><F84/><W102/><G102/><T31/><D14/><U1/><E32/><V115/><F115/><N who="3" m="44043" /><G127/><T130/><D130/><U16/><E70/><V82/><F82/><W109/><G109/><T28/><REACH who="0" step="1"/><D6/><REACH who="0" ten="259,277,200,254" step="2"/><U123/><E123/><V38/><F121/><W20/><G117/><T43/><AGARI ba="0,1" hai="4,7,21,24,25,28,31,33,43,47,48,98,100,104" machi="43" ten="20,18000,2" yaku="1,1,2,1,0,1,7,1,52,1,53,1" doraHai="29" doraHaiUra="17" who="0" fromWho="0" sc="259,190,277,-60,200,-60,254,-60" owari="449,55.0,217,2.0,140,-36.0,194,-21.0" />
</Scene>
</mjloggm>