<mjloggm ver="2.3"><GO type="193"/><UN n0="%E5%8A%A0%E8%B3%80%E8%A6%8B%E6%9C%88" n1="%E5%A4%AA%E3%81%8F%E3%81%AA%E3%81%84%E3%81%8A" n2="%E2%98%86%E3%81%8A%E3%82%84%E3%82%86%E3%81%B3%E2%98%86" n3="%E6%96%B0%E5%AE%BF%E9%AE%92" dan="11,3,12,11" rate="1774,1586,1685,1624" sx="F,M,M,M"/><TAIKYOKU oya="0"/>

<Scene>
<INIT seed="0,0,0,5,4,100" ten="250,250,250,250" oya="0" hai0="43,4,89,25,50,103,33,28,92,14,67,63,54" hai1="60,39,21,35,84,53,29,62,116,77,120,65,8" hai2="123,69,88,41,94,19,7,5,105,59,57,132,58" hai3="135,9,127,125,16,90,52,48,131,13,47,95,124"/><T108/><D108/><U11/><E120/><V78/><F123/><W134/><REACH who="3" step="1"/><G131/><REACH who="3" ten="250,250,250,240" step="2"/><T87/><D103/><U74/><E116/><V101/><F132/><W86/><AGARI ba="0,1" hai="9,13,16,47,48,52,86,90,95,124,125,127,134,135" machi="86" ten="40,12000,2" yaku="21,2,2,1,0,1,18,1,54,2,53,0" doraHai="100" doraHaiUra="55" who="3" fromWho="3" sc="250,-60,250,-30,250,-30,240,130" />
</Scene>
<Scene>
<INIT seed="1,0,0,1,4,119" ten="190,220,220,370" oya="1" hai0="106,15,53,12,130,71,105,56,113,123,101,0,63" hai1="81,8,86,132,133,103,88,44,72,16,33,11,87" hai2="10,69,78,116,2,73,110,34,21,99,127,124,122" hai3="125,95,28,67,18,65,58,76,27,109,80,135,61"/><U79/><E33/><V20/><F10/><W91/><G109/><T19/><D113/><U129/><E129/><V117/><F99/><W41/><G135/><N who="1" m="51786" /><E103/><V51/><F51/><W38/><G125/><N who="2" m="48201" /><F69/><W102/><G102/><T25/><D0/><U29/><E29/><V14/><F78/><W115/><G115/><T35/><D130/><U32/><E32/><V131/><F73/><W47/><G18/><T46/><D105/><U52/><E16/><N who="2" m="10263" /><F34/><W94/><G67/><T23/><D35/><U104/><E104/><V45/><F45/><W49/><G91/><T43/><D71/><U83/><E72/><V114/><F2/><W50/><G50/><AGARI ba="0,0" hai="8,11,44,50,52,79,81,83,86,87,88" m="51786" machi="50" ten="30,5800,0" yaku="20,1,54,2" doraHai="119" who="1" fromWho="3" sc="190,0,220,58,220,0,370,-58" />
</Scene>
<Scene>
<INIT seed="1,1,0,3,1,103" ten="190,278,220,312" oya="1" hai0="127,41,50,44,14,123,69,95,13,46,90,22,28" hai1="56,51,48,66,33,89,71,42,115,122,25,77,114" hai2="104,40,70,84,4,53,109,88,49,34,135,5,112" hai3="106,64,43,82,96,81,92,130,72,32,102,110,6"/><U131/><E122/><V38/><F70/><W76/><G110/><T97/><D123/><U73/><E131/><V120/><F120/><W91/><G130/><T75/><D75/><U1/><E1/><V35/><F112/><W101/><G32/><T93/><D69/><U3/><E3/><V94/><F40/><W52/><G43/><T12/><D127/><U105/><E105/><V62/><F38/><W133/><G6/><T107/><D107/><U39/><E89/><V116/><F62/><W129/><G129/><T24/><D95/><U60/><E51/><V31/><F109/><W30/><G30/><T86/><REACH who="0" step="1"/><D46/><REACH who="0" ten="180,278,220,312" step="2"/><N who="1" m="23903" /><E73/><V11/><F104/><W9/><G133/><T54/><D54/><N who="1" m="31815" /><E77/><V45/><F135/><W98/><G64/><T57/><D57/><U132/><E132/><V20/><F116/><W36/><G52/><T18/><D18/><U21/><E33/><V61/><F4/><W59/><G59/><T79/><D79/><U55/><E55/><V63/><F35/><W17/><G17/><AGARI ba="1,1" hai="17,21,25,60,66,71,114,115" m="31815,23903" machi="17" ten="30,1500,0" yaku="24,1" doraHai="103" who="1" fromWho="3" sc="180,0,278,28,220,0,312,-18" />
</Scene>
<Scene>
<INIT seed="1,2,0,3,0,57" ten="180,306,220,294" oya="1" hai0="13,23,58,101,48,128,71,100,16,72,111,43,32" hai1="56,87,83,70,94,29,22,75,74,15,76,69,77" hai2="99,10,55,37,40,105,89,18,85,108,78,5,65" hai3="59,102,80,62,117,96,63,106,25,73,134,93,127"/><U39/><E39/><V1/><F108/><W126/><G134/><T113/><D113/><U84/><E56/><V34/><F34/><W36/><G36/><T3/><D71/><U107/><E107/><V86/><F18/><W52/><G117/><T124/><D124/><N who="3" m="47657" /><G106/><T67/><D111/><U98/><E29/><V66/><F55/><W88/><G25/><T45/><D32/><U125/><E125/><V81/><F89/><W41/><G41/><T119/><D3/><U90/><E70/><V123/><F123/><W47/><G47/><T24/><D119/><U4/><E69/><V61/><F105/><W110/><G110/><T21/><D72/><N who="1" m="27691" /><E22/><V14/><F99/><W122/><G73/><T49/><D128/><U7/><E15/><V26/><F26/><W133/><G133/><T46/><D58/><U8/><E8/><V53/><F1/><W120/><G120/><T33/><D67/><U51/><E51/><V132/><F132/><W114/><G114/><T109/><D109/><U60/><E7/><V64/><F40/><W135/><G135/><T92/><D33/><U2/><E4/><V11/><F37/><W97/><G80/><T31/><REACH who="0" step="1"/><D92/><REACH who="0" ten="170,306,220,294" step="2"/><N who="1" m="54367" /><E2/><V116/><F116/><W19/><G122/><T95/><D95/><U112/><E112/><V54/><F66/><W0/><G0/><T42/><AGARI ba="2,1" hai="13,16,21,23,24,31,42,43,45,46,48,49,100,101" machi="42" ten="20,12000,2" yaku="1,1,0,1,7,1,9,1,8,1,54,1,53,1" doraHai="57" doraHaiUra="27" who="0" fromWho="0" sc="170,136,306,-62,220,-32,294,-32" />
</Scene>
<Scene>
<INIT seed="2,0,0,0,0,85" ten="306,244,188,262" oya="2" hai0="8,33,18,86,49,98,104,135,133,30,121,132,127" hai1="87,39,128,68,25,41,63,126,47,31,46,71,60" hai2="0,62,28,43,119,131,61,84,6,108,73,34,27" hai3="21,110,78,50,36,89,55,26,100,101,67,129,40"/><V116/><F73/><W118/><G118/><T29/><D121/><U11/><E126/><V17/><F131/><W19/><G110/><T56/><D127/><U112/><E112/><V12/><F43/><W54/><G129/><T117/><D117/><U3/><E128/><V64/><F108/><W52/><G78/><T4/><D18/><U97/><E97/><V91/><F62/><W90/><G36/><T20/><D33/><U82/><E47/><V70/><F6/><W24/><G67/><T53/><D20/><U32/><E60/><V45/><F45/><N who="3" m="25895" /><G26/><T75/><D75/><U81/><E63/><V111/><F111/><W80/><G80/><T9/><D86/><U109/><E109/><V13/><F13/><W122/><G122/><T16/><D16/><U58/><E58/><V83/><REACH who="2" step="1"/><F0/><REACH who="2" ten="306,244,178,262" step="2"/><W114/><G114/><T106/><D4/><U10/><E3/><V96/><F96/><W79/><G79/><T130/><D98/><U23/><E41/><V94/><F94/><W123/><G123/><T107/><D130/><U14/><E46/><V66/><F66/><W77/><G77/><T57/><D8/><AGARI ba="0,1" hai="8,12,17,27,28,34,61,64,70,83,84,91,116,119" machi="8" ten="30,11600,0" yaku="1,1,7,1,52,1,53,1" doraHai="85" doraHaiUra="22" who="2" fromWho="0" sc="306,-116,244,0,178,126,262,0" />
</Scene>
<Scene>
<INIT seed="2,1,0,3,1,98" ten="190,244,304,262" oya="2" hai0="62,36,84,17,13,29,3,74,16,130,50,43,33" hai1="99,117,92,123,125,91,38,72,21,6,48,134,114" hai2="61,46,81,23,2,122,35,69,79,119,45,124,32" hai3="5,40,115,116,41,64,87,24,88,73,86,49,90"/><V77/><F119/><W113/><G116/><T25/><D74/><U30/><E38/><V89/><F2/><W18/><G73/><T75/><D75/><U80/><E117/><V66/><F124/><W34/><G5/><T121/><D121/><U135/><E114/><N who="3" m="43530" /><G64/><T111/><D111/><U108/><E108/><V105/><F23/><N who="3" m="13431" /><G34/><T1/><D130/><U120/><E6/><V94/><F79/><W131/><G131/><T53/><D36/><U104/><E125/><V27/><F122/><N who="1" m="46633" /><E104/><V133/><F133/><N who="1" m="50697" /><E48/><V39/><F39/><W76/><G76/><T56/><D43/><N who="3" m="16457" /><G49/><T7/><D7/><U47/><E47/><V20/><F46/><W14/><G14/><T15/><D15/><U109/><E109/><V82/><F82/><W100/><G100/><T11/><D50/><U8/><E8/><V12/><F45/><W0/><G0/><T110/><D110/><U128/><E128/><V52/><F12/><W42/><G42/><T63/><D63/><U55/><E55/><V26/><F52/><W97/><G97/><T60/><D60/><U96/><E96/><V85/><F105/><W58/><G58/><T112/><D112/><U102/><E72/><V107/><F107/><W37/><G37/><T78/><REACH who="0" step="1"/><D17/><REACH who="0" ten="180,244,304,262" step="2"/><U106/><E106/><V132/><F132/><W126/><G126/><T28/><D28/><U95/><E30/><V31/><F27/><W101/><G101/><T67/><D67/><U93/><E21/><V68/><F68/><W65/><G65/><T71/><D71/><U54/><E54/><V103/><F103/><W57/><G57/><RYUUKYOKU ba="1,1" sc="180,0,244,0,304,0,262,0" hai0="1,3,11,13,16,25,29,33,53,56,62,78,84" hai1="80,91,92,93,95,99,102" hai2="20,26,31,32,35,61,66,69,77,81,85,89,94" hai3="86,87,88,90" />
</Scene>
<Scene>
<INIT seed="2,2,1,3,2,41" ten="180,244,304,262" oya="2" hai0="109,7,91,103,59,100,23,135,127,121,66,86,95" hai1="75,65,116,131,108,98,62,28,36,53,97,22,26" hai2="81,46,43,17,3,25,133,16,73,21,47,20,107" hai3="19,13,48,113,31,122,89,54,112,114,72,57,27"/><V111/><F107/><W14/><G122/><T99/><D109/><U128/><E75/><V124/><F3/><W42/><G72/><T51/><D135/><U63/><E116/><V126/><F133/><W129/><G129/><N who="1" m="49738" /><E36/><V115/><F115/><W56/><G89/><T37/><D37/><U118/><E118/><V29/><F43/><W4/><G4/><T32/><D32/><U39/><E39/><V70/><F70/><W55/><G42/><T69/><D69/><N who="1" m="42167" /><E108/><V33/><F111/><W84/><G84/><T0/><D121/><U61/><E61/><V82/><F73/><W80/><G19/><N who="2" m="7241" /><F33/><W123/><G80/><N who="2" m="30825" /><F29/><W110/><G110/><T120/><D120/><U68/><E68/><V117/><F117/><W52/><G55/><T83/><D66/><U106/><E106/><V78/><F78/><W74/><G74/><T92/><D23/><N who="2" m="8778" /><F25/><W101/><G101/><T90/><D100/><U130/><N who="1" m="49746" /><U93/><DORA hai="5" /><E93/><V44/><AGARI ba="2,1" hai="44,46,47,124,126" m="8778,30825,7241" machi="44" ten="40,18000,2" yaku="28,2,52,3,54,1" doraHai="41,5" who="2" fromWho="2" sc="180,-62,244,-62,304,196,262,-62" />
</Scene>
<Scene>
<INIT seed="2,3,0,1,3,123" ten="118,182,500,200" oya="2" hai0="18,16,72,108,101,77,48,96,115,97,90,63,82" hai1="39,122,26,58,110,59,5,20,46,87,38,103,29" hai2="118,76,6,80,49,27,83,135,69,55,4,84,104" hai3="21,0,125,99,9,51,12,68,40,50,102,134,1"/><V112/><F104/><W67/><G125/><T100/><D115/><U47/><E122/><V92/><F118/><W44/><G134/><T133/><D133/><U15/><E103/><V10/><F69/><W45/><G68/><T56/><D48/><U78/><E39/><V117/><F117/><W109/><G21/><T121/><D121/><U33/><E38/><V89/><F135/><W119/><G119/><T66/><D90/><U19/><E5/><V81/><F76/><W13/><G67/><T128/><D128/><U94/><E110/><V7/><F27/><W28/><G28/><T11/><D11/><N who="1" m="6655" /><E33/><V24/><F24/><W3/><G109/><T17/><REACH who="0" step="1"/><D108/><REACH who="0" ten="108,182,500,200" step="2"/><U53/><E78/><V85/><F112/><W14/><G102/><AGARI ba="3,1" hai="16,17,18,56,63,66,72,77,82,96,97,100,101,102" machi="102" ten="40,5200,0" yaku="1,1,2,1,54,1,53,0" doraHai="123" doraHaiUra="129" who="0" fromWho="3" sc="108,71,182,0,500,0,200,-61" />
</Scene>
<Scene>
<INIT seed="3,0,0,3,3,79" ten="179,182,500,139" oya="3" hai0="122,86,125,101,32,20,108,130,54,118,14,70,0" hai1="17,106,116,49,27,38,16,105,40,52,45,47,126" hai2="85,84,53,69,98,127,63,4,129,15,75,76,1" hai3="97,115,128,60,55,93,42,132,119,41,25,124,96"/><W33/><G115/><T31/><D70/><U123/><E123/><V13/><F1/><W43/><G119/><T19/><D118/><U72/><E72/><V112/><F127/><W22/><G124/><T83/><D122/><U62/><E126/><V3/><F129/><W29/><G132/><T2/><D125/><U67/><E116/><V28/><F53/><W91/><G128/><T111/><D130/><U6/><E6/><V80/><F85/><W12/><G12/><T114/><D101/><U88/><E88/><V134/><F28/><W7/><G7/><T36/><D36/><U9/><E17/><V73/><F134/><W39/><G33/><T95/><D95/><U104/><E104/><V59/><F98/><W74/><G74/><T94/><D94/><U11/><E11/><V110/><F69/><W34/><G34/><T68/><D68/><U109/><E109/><N who="0" m="42057" /><D54/><U65/><E65/><V56/><F110/><W66/><G55/><T35/><D114/><U30/><E9/><V23/><F15/><W113/><G113/><T117/><D117/><U5/><E5/><V58/><F23/><W71/><REACH who="3" step="1"/><G39/><REACH who="3" ten="179,182,500,129" step="2"/><T61/><D32/><U18/><E52/><V89/><F4/><W82/><G82/><T26/><D61/><U87/><E62/><V37/><F13/><W57/><G57/><T121/><D121/><U107/><E38/><V21/><F58/><W8/><G8/><T120/><D120/><U77/><E67/><V81/><F59/><W44/><G44/><T64/><D64/><U78/><E45/><V92/><F56/><W48/><G48/><RYUUKYOKU ba="0,1" sc="179,15,182,-15,500,-15,129,15" hai0="0,2,14,19,20,26,31,35,83,86" hai3="22,25,29,41,42,43,60,66,71,91,93,96,97" />
</Scene>
<Scene>
<INIT seed="3,1,1,0,2,130" ten="194,167,485,144" oya="3" hai0="43,124,71,86,66,96,47,85,25,10,6,106,81" hai1="92,53,102,69,17,1,2,104,80,36,58,56,78" hai2="111,12,31,59,101,28,129,105,123,18,116,127,42" hai3="107,52,109,38,82,132,65,84,7,23,98,91,73"/><W117/><G117/><T46/><D124/><U35/><E69/><V72/><F59/><W135/><G38/><T13/><D25/><U51/><E36/><V90/><F42/><W110/><G65/><T125/><D125/><U122/><E122/><V54/><F54/><W95/><G7/><T41/><D66/><U57/><E35/><V100/><F90/><W61/><G107/><T48/><D71/><U15/><E104/><V9/><F100/><W67/><G73/><T16/><D85/><N who="1" m="48279" /><E2/><V14/><F101/><N who="3" m="60639" /><G52/><T70/><D70/><U32/><E32/><V3/><F3/><W131/><G23/><T4/><D96/><N who="1" m="59655" /><E1/><V62/><F62/><W97/><G97/><T83/><D106/><U50/><E53/><V77/><F77/><W37/><G37/><T30/><D30/><U133/><E133/><N who="3" m="51274" /><G131/><T8/><D6/><U103/><E103/><V76/><F129/><W40/><G40/><T19/><D10/><AGARI ba="1,1" hai="10,15,17,50,51,56,57,58" m="59655,48279" machi="10" ten="30,1000,0" yaku="8,1" doraHai="130" who="1" fromWho="0" sc="194,-13,167,23,485,0,144,0" owari="181,-22.0,190,-1.0,485,59.0,144,-36.0" />
</Scene>
</mjloggm>