<mjloggm ver="2.3"><GO type="169"/><UN n0="%E5%A4%AA%E3%81%8F%E3%81%AA%E3%81%84%E3%81%8A" n1="%68%69%67%68%31%35%31%35" n2="%74%6F%6D%6F%79%75" n3="%E7%A5%AD%E4%BA%BA" dan="17,16,16,16" rate="2194,2036,2037,2044" sx="M,M,M,M"/><TAIKYOKU oya="0"/>

<Scene>
<INIT seed="0,0,0,3,5,6" ten="250,250,250,250" oya="0" hai0="84,75,129,21,110,35,16,58,88,91,26,97,135" hai1="31,63,119,17,13,78,42,22,20,51,112,30,95" hai2="61,64,123,124,100,96,50,120,105,68,39,55,98" hai3="66,77,71,132,44,83,38,121,34,19,27,15,60"/><T117/><D117/><U41/><E119/><V118/><F124/><W23/><G132/><T54/><D75/><U130/><E130/><V103/><F39/><W76/><G121/><T53/><D135/><U43/><E112/><V133/><F133/><W47/><G38/><T49/><D129/><U70/><E78/><V52/><F118/><W36/><G36/><T93/><D110/><U37/><E37/><V1/><F1/><W59/><G71/><T81/><D35/><U11/><E70/><V14/><F14/><W131/><G131/><T67/><D54/><U90/><E63/><V32/><F55/><W24/><G77/><T57/><D67/><U114/><E114/><V7/><F7/><W48/><G34/><T4/><D4/><N who="1" m="3303" /><E51/><V128/><F32/><W107/><G107/><T109/><D109/><U69/><E69/><V102/><F102/><W0/><G0/><T125/><D125/><U5/><E5/><V80/><F128/><W79/><G79/><T33/><D33/><U62/><E62/><V106/><REACH who="2" step="1"/><F80/><REACH who="2" ten="250,250,240,250" step="2"/><W89/><G83/><T10/><REACH who="0" step="1"/><D10/><REACH who="0" ten="240,250,240,250" step="2"/><U122/><E122/><V73/><F73/><W29/><G66/><T111/><D111/><U108/><E108/><V9/><F9/><W87/><G60/><T127/><D127/><U126/><E126/><V56/><AGARI ba="0,2" hai="50,52,56,61,64,68,96,98,100,103,105,106,120,123" machi="56" ten="20,8000,1" yaku="1,1,0,1,7,1,9,1,54,1,53,0" doraHai="6" doraHaiUra="113" who="2" fromWho="2" sc="240,-40,250,-20,240,100,250,-20" />
</Scene>
<Scene>
<INIT seed="1,0,0,3,3,32" ten="200,230,340,230" oya="1" hai0="79,130,80,22,115,45,50,5,35,126,36,7,86" hai1="18,72,128,13,0,116,94,61,60,1,8,48,121" hai2="40,110,66,102,11,73,85,105,100,63,24,98,90" hai3="12,47,77,118,15,10,64,112,122,120,23,28,132"/><U129/><E116/><V42/><F110/><W26/><G112/><T81/><D115/><U3/><E121/><N who="3" m="46698" /><G47/><T4/><D35/><U27/><E72/><V29/><F102/><W16/><G64/><T41/><D130/><N who="1" m="50283" /><E48/><V91/><F73/><W87/><G87/><T58/><D126/><U135/><E135/><V88/><F11/><N who="3" m="6175" /><G77/><T89/><D22/><N who="1" m="13783" /><E94/><V25/><F85/><W76/><G76/><T83/><D79/><U55/><E55/><V69/><REACH who="2" step="1"/><F24/><REACH who="2" ten="200,230,330,230" step="2"/><W123/><G123/><T106/><D106/><U9/><E8/><V44/><F44/><W104/><G104/><T92/><REACH who="0" step="1"/><D58/><REACH who="0" ten="190,230,330,230" step="2"/><U82/><E82/><V108/><F108/><W30/><G132/><T113/><D113/><U103/><E103/><V49/><F49/><AGARI ba="0,2" hai="4,5,7,36,41,45,49,50,80,81,83,86,89,92" machi="49" ten="40,1300,0" yaku="1,1,53,0" doraHai="32" doraHaiUra="54" who="0" fromWho="2" sc="190,33,230,0,330,-13,230,0" />
</Scene>
<Scene>
<INIT seed="2,0,0,4,0,134" ten="223,230,317,230" oya="2" hai0="111,4,58,69,68,61,42,3,105,118,35,123,50" hai1="114,23,12,70,129,30,73,80,84,22,125,1,116" hai2="59,82,79,78,81,103,112,132,6,109,16,10,126" hai3="62,94,106,52,28,37,24,89,102,64,46,95,13"/><V108/><F112/><W44/><G106/><T11/><D123/><U2/><E114/><V41/><F132/><W96/><G37/><T101/><D35/><U97/><E116/><V67/><F41/><W15/><G46/><T92/><D118/><U51/><E73/><V25/><F103/><W39/><G39/><T88/><D111/><N who="2" m="42570" /><F67/><W43/><G43/><T72/><D72/><U107/><E70/><V0/><F59/><N who="3" m="36959" /><G24/><T117/><D117/><U49/><E107/><V127/><F82/><W21/><G28/><T19/><D101/><U110/><E110/><V124/><F81/><W98/><G21/><AGARI ba="0,0" hai="0,6,10,16,21,25,78,79,124,126,127" m="42570" machi="21" ten="40,18000,2" yaku="18,1,14,1,10,1,52,3,54,1" doraHai="134" who="2" fromWho="3" sc="223,0,230,0,317,180,230,-180" />
</Scene>
<Scene>
<INIT seed="2,1,0,2,2,129" ten="223,230,497,50" oya="2" hai0="75,109,85,52,96,54,88,82,30,133,31,130,81" hai1="62,113,28,56,105,29,131,114,111,72,134,49,92" hai2="99,58,12,60,73,33,16,64,97,121,27,63,115" hai3="14,70,126,86,78,83,32,48,47,3,91,25,15"/><V102/><F121/><W55/><G3/><T41/><D130/><U93/><E105/><V61/><F73/><W135/><G70/><T100/><D109/><U57/><E131/><V101/><F115/><W38/><G126/><T34/><D41/><U2/><E2/><V112/><F112/><W74/><G38/><T132/><D75/><U9/><E72/><V45/><F45/><W125/><G125/><T107/><D82/><U4/><E49/><V98/><F27/><W1/><G1/><T84/><D84/><U71/><E71/><V90/><F90/><W24/><G24/><T120/><D120/><U104/><E104/><V22/><F33/><W18/><G135/><N who="0" m="51787" /><D34/><U66/><E134/><V23/><F23/><W20/><G32/><T77/><D77/><U106/><E111/><V39/><F39/><W67/><G67/><T44/><D44/><U40/><E66/><V110/><F110/><W51/><G51/><T95/><D107/><U108/><E40/><V89/><F64/><W8/><G8/><T103/><D103/><U36/><E106/><V117/><F102/><W17/><G74/><T50/><D50/><U53/><E9/><V19/><F101/><W87/><REACH who="3" step="1"/><G18/><REACH who="3" ten="223,230,497,40" step="2"/><T94/><D81/><AGARI ba="1,1" hai="14,15,17,20,25,47,48,55,78,81,83,86,87,91" machi="81" ten="30,8000,1" yaku="1,1,2,1,7,1,8,1,53,1" doraHai="129" doraHaiUra="43" who="3" fromWho="0" sc="223,-83,230,0,497,0,40,93" />
</Scene>
<Scene>
<INIT seed="3,0,0,5,3,101" ten="140,230,497,133" oya="3" hai0="94,104,127,99,121,73,134,120,96,74,1,103,25" hai1="122,90,58,69,19,62,126,107,128,45,7,27,135" hai2="110,130,116,80,48,93,10,102,57,33,87,37,49" hai3="81,63,123,125,78,68,24,86,54,28,114,23,16"/><W5/><G114/><T52/><D1/><U26/><E122/><V53/><F116/><W119/><G119/><T64/><D64/><U88/><E69/><V76/><F37/><W13/><G123/><T44/><D134/><U91/><E135/><V8/><F33/><W79/><G125/><T12/><D127/><U83/><E126/><V82/><F130/><W113/><G113/><T40/><D73/><U67/><E128/><V132/><F110/><W2/><G68/><T75/><D75/><U4/><E83/><V77/><F49/><W84/><G2/><T43/><D74/><U111/><E111/><V47/><F47/><W34/><G5/><N who="1" m="2122" /><E107/><V105/><F105/><W56/><REACH who="3" step="1"/><G84/><REACH who="3" ten="140,230,497,123" step="2"/><T60/><D121/><U131/><E131/><V97/><F132/><W0/><G0/><T70/><D120/><U115/><E115/><V38/><F87/><W100/><G100/><T95/><D70/><U117/><E117/><V106/><F102/><W29/><G29/><T20/><D103/><U133/><E133/><V31/><F31/><W14/><G14/><T15/><D12/><U92/><E19/><V124/><F124/><W61/><G61/><T98/><D15/><U65/><E62/><V36/><F106/><W3/><G3/><T17/><D104/><U9/><E27/><V89/><F97/><W39/><G39/><T72/><D72/><U59/><E26/><V6/><F38/><W66/><G66/><T35/><D60/><U46/><E67/><V41/><F6/><W71/><G71/><T32/><D25/><U118/><E65/><V42/><F36/><RYUUKYOKU ba="0,1" sc="140,-10,230,-10,497,-10,123,30" hai3="13,16,23,24,28,34,54,56,63,78,79,81,86" />
</Scene>
<Scene>
<INIT seed="3,1,1,4,0,105" ten="130,220,487,153" oya="3" hai0="132,12,22,40,36,39,3,15,102,0,119,49,54" hai1="125,25,98,59,115,68,55,51,107,69,91,94,8" hai2="42,124,33,112,113,88,109,35,66,58,95,67,31" hai3="30,106,34,114,37,133,70,122,41,46,26,27,89"/><W92/><G114/><T101/><D119/><U71/><E115/><V7/><F42/><W82/><G122/><T99/><D132/><U127/><E107/><V38/><F38/><W65/><G133/><T120/><D120/><U10/><REACH who="1" step="1"/><E25/><REACH who="1" ten="130,210,487,153" step="2"/><V135/><F113/><W118/><G106/><T24/><D24/><U17/><E17/><V56/><F112/><W73/><G27/><T78/><D3/><U110/><E110/><V90/><F109/><W97/><G118/><T16/><D0/><U50/><E50/><V4/><F135/><W93/><G26/><T130/><D36/><U79/><E79/><V111/><F111/><W121/><G121/><T62/><D78/><U61/><E61/><V75/><F31/><W45/><G37/><T52/><D62/><U76/><E76/><V83/><F35/><W86/><G30/><T43/><D39/><U131/><E131/><V19/><F19/><W48/><G34/><T53/><D130/><U117/><E117/><V1/><F1/><W6/><G48/><T28/><D28/><U60/><E60/><V20/><F33/><W63/><G63/><T18/><D49/><U21/><E21/><V13/><F20/><W29/><G29/><T72/><D22/><U103/><E103/><V84/><F66/><W47/><G65/><T44/><D101/><U128/><E128/><V32/><F67/><W87/><G70/><T81/><D102/><U57/><E57/><V96/><F32/><W129/><G129/><T123/><D123/><U2/><E2/><V9/><F56/><W80/><G46/><T100/><D44/><RYUUKYOKU ba="1,2" sc="130,-10,210,30,487,-10,153,-10" hai1="8,10,51,55,59,68,69,71,91,94,98,125,127" />
</Scene>
<Scene>
<INIT seed="4,2,2,0,0,116" ten="120,240,477,143" oya="0" hai0="121,10,58,68,24,28,7,112,45,110,130,134,106" hai1="97,77,42,80,135,47,107,104,1,113,3,76,31" hai2="78,17,117,119,55,39,20,32,100,94,50,70,21" hai3="120,111,71,73,82,92,57,84,35,62,102,25,26"/><T122/><D68/><U14/><E135/><V30/><F39/><W103/><G71/><T64/><D106/><U52/><E31/><V114/><F70/><W38/><G38/><T125/><D45/><U85/><E76/><V63/><F63/><W37/><G37/><T48/><D64/><U95/><E113/><V65/><F65/><W115/><G115/><T11/><D112/><U89/><E14/><V29/><F78/><W79/><G111/><T34/><D134/><U66/><E66/><V61/><F61/><W128/><G128/><T44/><D130/><U40/><E107/><V36/><F36/><W123/><G73/><T2/><D110/><U86/><E85/><V118/><F21/><W91/><G102/><T8/><D58/><U99/><E97/><N who="2" m="59447" /><F32/><W75/><G103/><T41/><REACH who="0" step="1"/><D125/><REACH who="0" ten="110,240,477,143" step="2"/><U12/><E47/><N who="2" m="28127" /><F114/><W90/><G57/><T59/><D59/><U16/><E104/><V129/><F129/><W72/><G62/><T18/><D18/><U49/><E16/><V0/><F17/><W43/><G43/><T108/><D108/><U19/><E42/><V127/><F127/><W15/><G72/><T6/><D6/><U132/><E40/><V83/><F119/><W88/><G75/><T53/><D53/><U131/><E131/><V81/><F118/><W87/><G35/><T60/><D60/><U22/><E132/><V93/><F117/><W105/><G105/><T101/><D101/><U126/><E126/><V33/><F33/><W4/><G4/><T56/><D56/><U67/><E67/><V27/><F30/><W13/><G82/><RYUUKYOKU ba="2,3" sc="110,15,240,15,477,-15,143,-15" hai0="2,7,8,10,11,24,28,34,41,44,48,121,122" hai1="1,3,12,19,22,49,52,77,80,86,89,95,99" />
</Scene>
<Scene>
<INIT seed="4,3,3,0,0,111" ten="125,255,462,128" oya="0" hai0="83,12,105,115,22,122,101,3,87,5,91,18,114" hai1="123,90,9,130,35,14,44,133,40,26,38,103,127" hai2="42,34,68,41,55,33,15,99,97,16,0,10,69" hai3="84,65,89,119,88,21,37,106,80,71,76,48,24"/><T96/><REACH who="0" step="1"/><D122/><REACH who="0" ten="115,255,462,128" step="2"/><U110/><E123/><V77/><F0/><W23/><G119/><T100/><D100/><U78/><E103/><V116/><F116/><W59/><G106/><T32/><D32/><U31/><E35/><V20/><F34/><W117/><G117/><T6/><D6/><U19/><E110/><V30/><F33/><W108/><G108/><T73/><D73/><U7/><E7/><V50/><F68/><W17/><G71/><T124/><D124/><U74/><E74/><V49/><F69/><W45/><G37/><T28/><D28/><U135/><E31/><V129/><F30/><W86/><G21/><T120/><D120/><U113/><E38/><V107/><F20/><W57/><G65/><T13/><D13/><U72/><E14/><V2/><F2/><W63/><G63/><T39/><D39/><U52/><E72/><V94/><F107/><W128/><G128/><T132/><D132/><U27/><E133/><V29/><F29/><W93/><REACH who="3" step="1"/><G89/><REACH who="3" ten="115,255,462,118" step="2"/><T8/><AGARI ba="3,5" hai="3,5,8,12,18,22,83,87,91,96,101,105,114,115" machi="8" ten="30,12000,1" yaku="21,2,0,1,52,2,53,0" doraHai="111" doraHaiUra="75" who="0" fromWho="0" sc="115,179,255,-43,462,-43,118,-43" />
</Scene>
<Scene>
<INIT seed="4,4,0,0,1,133" ten="294,212,419,75" oya="0" hai0="122,60,83,79,71,28,1,67,54,98,113,120,35" hai1="25,9,124,80,39,21,61,14,22,7,69,130,126" hai2="89,26,66,62,75,57,8,68,24,31,82,97,106" hai3="116,77,36,117,58,16,74,42,114,96,18,45,44"/><T111/><D1/><U73/><E39/><V20/><F8/><W135/><G114/><T109/><D113/><U30/><E130/><V134/><F134/><W87/><G135/><T23/><D23/><N who="1" m="15679" /><E69/><V76/><F26/><W17/><G74/><N who="0" m="43511" /><D54/><U90/><E61/><V15/><F15/><W5/><G5/><T29/><D98/><U0/><E0/><V3/><F3/><W72/><G72/><T125/><D125/><N who="1" m="48235" /><E90/><V107/><F68/><W56/><G96/><T6/><D6/><U41/><E41/><V50/><F50/><W51/><G87/><T103/><D35/><U59/><E59/><V32/><F32/><W49/><G77/><AGARI ba="4,0" hai="7,9,14,21,22,73,77,80" m="48235,15679" machi="77" ten="30,7700,0" yaku="18,1,52,3" doraHai="133" who="1" fromWho="3" sc="294,0,212,89,419,0,75,-89" owari="294,-11.0,301,10.0,419,52.0,-14,-51.0" />
</Scene>
</mjloggm>