<mjloggm ver="2.3"><GO type="97"/><UN n0="%E5%A4%AA%E3%81%8F%E3%81%AA%E3%81%84%E3%81%8A" n1="%63%72%75%6E%6B%79" n2="%E5%8D%83%E8%91%89%E3%81%AE%E7%95%B0%E7%AB%AF%E5%85%90" n3="%52%65%76%65" dan="15,13,14,14" rate="2047,1864,1974,1931" sx="M,M,M,M"/><TAIKYOKU oya="0"/>

<Scene>
<INIT seed="0,0,0,2,2,83" ten="250,250,250,250" oya="0" hai0="53,129,73,67,86,37,97,94,113,105,8,80,121" hai1="22,112,56,96,69,131,51,130,18,72,58,122,41" hai2="10,28,61,27,99,0,88,108,59,26,24,128,21" hai3="70,38,66,84,103,14,35,125,89,17,104,32,102"/><T20/><D121/><U50/><E69/><V100/><F108/><W132/><G38/><T45/><D113/><U82/><E122/><V5/><F128/><N who="1" m="49193" /><E96/><V76/><F76/><W3/><G3/><T52/><D129/><U71/><E71/><V33/><F33/><W107/><G132/><T47/><D67/><U42/><E112/><V120/><F120/><W48/><G125/><T87/><D105/><U115/><E115/><V29/><F29/><W134/><G134/><T65/><D65/><U19/><E72/><V6/><F6/><W55/><G107/><T74/><D37/><U11/><E11/><V109/><F109/><W2/><G2/><T34/><D34/><U98/><E98/><V124/><F124/><W81/><G104/><T13/><D74/><U64/><E64/><V44/><F44/><N who="0" m="16970" /><D73/><U62/><E82/><V91/><F26/><W101/><G70/><T49/><D20/><U85/><E85/><N who="0" m="32265" /><D80/><U12/><E19/><V90/><F27/><W135/><G66/><T7/><D49/><N who="1" m="18443" /><E62/><V92/><REACH who="2" step="1"/><F100/><AGARI ba="0,0" hai="7,8,13,52,53,94,97,100" m="32265,16970" machi="100" ten="30,12000,1" yaku="8,1,52,3,54,1" doraHai="83" who="0" fromWho="2" sc="250,120,250,0,250,-120,250,0" />
</Scene>
<Scene>
<INIT seed="0,1,0,2,1,3" ten="370,250,130,250" oya="0" hai0="50,18,54,123,58,82,51,89,83,34,81,42,93" hai1="46,87,1,35,79,39,112,133,56,0,38,44,27" hai2="71,40,11,107,91,117,20,86,31,66,45,92,9" hai3="73,29,65,47,69,122,102,30,98,63,84,19,10"/><T103/><D123/><U16/><E112/><V67/><F107/><W110/><G73/><T12/><D34/><U48/><E133/><V8/><F117/><W15/><G122/><T14/><D103/><U120/><E120/><V33/><F33/><W97/><G110/><T100/><D100/><U135/><E135/><V52/><F71/><W25/><G84/><N who="0" m="52391" /><D18/><U62/><E0/><V28/><F40/><W70/><G47/><AGARI ba="1,0" hai="12,14,42,47,50,51,54,58,81,82,83" m="52391" machi="47" ten="30,1500,0" yaku="8,1" doraHai="3" who="0" fromWho="3" sc="370,18,250,0,130,0,250,-18" />
</Scene>
<Scene>
<INIT seed="0,2,0,0,4,22" ten="388,250,130,232" oya="0" hai0="38,27,114,57,103,129,39,32,14,68,61,106,5" hai1="72,25,124,31,34,41,35,13,102,7,101,85,16" hai2="116,94,43,133,36,81,29,82,47,28,108,66,76" hai3="8,131,95,64,20,3,109,15,98,60,10,21,87"/><T37/><D114/><U113/><E72/><V117/><F108/><W120/><G131/><T4/><D68/><U70/><E70/><V104/><F104/><W115/><G120/><T58/><D129/><U0/><E113/><V97/><F133/><W92/><G109/><T49/><D106/><U119/><E119/><N who="2" m="45643" /><F66/><W30/><G115/><T54/><D103/><U89/><E124/><V111/><F111/><W122/><G122/><T77/><D77/><U69/><E69/><V19/><F19/><W83/><G3/><T40/><D14/><U56/><E35/><V125/><F125/><W96/><G30/><N who="2" m="11881" /><F76/><W26/><G26/><T17/><D32/><U79/><E79/><V42/><F42/><W74/><G74/><T18/><D40/><U53/><E41/><V51/><F51/><W9/><G64/><T23/><REACH who="0" step="1"/><D18/><REACH who="0" ten="378,250,130,232" step="2"/><U24/><E0/><V59/><F43/><W127/><G15/><T78/><D78/><U105/><E105/><V112/><F112/><W107/><G127/><T130/><D130/><U132/><E132/><V88/><F36/><W55/><G107/><T62/><D62/><U52/><E7/><V80/><F47/><W110/><G110/><T134/><D134/><U90/><E90/><V99/><F59/><N who="3" m="34943" /><G98/><AGARI ba="2,1" hai="80,81,82,88,94,97,98,99" m="11881,45643" machi="98" ten="40,2600,0" yaku="12,1,54,1" doraHai="22" who="2" fromWho="3" sc="378,0,250,0,130,42,232,-32" />
</Scene>
<Scene>
<INIT seed="1,0,0,5,5,11" ten="378,250,172,200" oya="1" hai0="58,104,33,83,15,103,30,29,21,64,121,65,70" hai1="126,8,79,86,101,113,47,129,37,45,49,118,95" hai2="125,110,27,42,109,24,117,88,98,94,18,66,96" hai3="39,19,14,92,74,105,36,13,120,75,25,80,20"/><U135/><E118/><V40/><F117/><W78/><G120/><T87/><D70/><U122/><E122/><V50/><F66/><W134/><G105/><T32/><D121/><U133/><E113/><V68/><F68/><W53/><G134/><N who="1" m="51210" /><E126/><V51/><F125/><W128/><G128/><T124/><D124/><U48/><E129/><V57/><F98/><W127/><G127/><T61/><D32/><U31/><E37/><V17/><F57/><W2/><G2/><T44/><D33/><U16/><E31/><V67/><F67/><W84/><G75/><T41/><D65/><U1/><E79/><V132/><F132/><W54/><G74/><T0/><D0/><U91/><E101/><V52/><F50/><N who="1" m="19561" /><E1/><V111/><F27/><W23/><G92/><T115/><D115/><U71/><E71/><V69/><F69/><W35/><G35/><T38/><D103/><U7/><E7/><V85/><F96/><W4/><G4/><T5/><D104/><U62/><E62/><V76/><F76/><W114/><G114/><T3/><D3/><U60/><E60/><V99/><F99/><W123/><G123/><T119/><D119/><U90/><E91/><V89/><F89/><W116/><G116/><T22/><D29/><U82/><E95/><V81/><F94/><W46/><G39/><T108/><D30/><U34/><E34/><V12/><F24/><N who="3" m="14367" /><G36/><T9/><D108/><U43/><E43/><V73/><F73/><W28/><G53/><T59/><D59/><U130/><E130/><V72/><F72/><W56/><G56/><T10/><D58/><RYUUKYOKU ba="0,0" sc="378,-15,250,15,172,-15,200,15" hai1="8,16,45,47,82,86,90" hai3="13,14,23,25,28,46,54,78,80,84" />
</Scene>
<Scene>
<INIT seed="1,1,0,2,2,110" ten="363,265,157,215" oya="1" hai0="51,88,39,54,44,37,106,33,36,58,97,12,6" hai1="46,4,17,81,74,56,10,124,79,7,114,93,126" hai2="82,120,117,41,64,100,73,135,66,101,47,19,23" hai3="92,118,83,49,130,3,76,105,11,38,27,78,65"/><U133/><E114/><V69/><F117/><W28/><G118/><T109/><D33/><U85/><E133/><V115/><F120/><W113/><G130/><T53/><D109/><U61/><E46/><V35/><F35/><W84/><G105/><T16/><D6/><U131/><E131/><V9/><F135/><W50/><G38/><T112/><D112/><U103/><E10/><V13/><F69/><W116/><G116/><T98/><D106/><U132/><E17/><V5/><F73/><W91/><G113/><T30/><D30/><U20/><E20/><V55/><F55/><W15/><G3/><T60/><REACH who="0" step="1"/><D88/><REACH who="0" ten="353,265,157,215" step="2"/><N who="1" m="53391" /><E103/><V125/><F101/><W121/><G121/><T107/><D107/><U96/><E132/><V26/><F100/><W71/><G78/><T8/><AGARI ba="1,1" hai="8,12,16,36,37,39,44,51,53,54,58,60,97,98" machi="8" ten="30,4000,0" yaku="1,1,0,1,54,1,53,0" doraHai="110" doraHaiUra="90" who="0" fromWho="0" sc="353,53,265,-21,157,-11,215,-11" />
</Scene>
<Scene>
<INIT seed="2,0,0,0,2,50" ten="406,244,146,204" oya="2" hai0="32,97,15,127,108,38,65,84,126,83,76,24,79" hai1="80,75,53,106,8,10,90,82,64,60,91,77,33" hai2="39,74,116,71,135,70,59,7,98,115,47,49,26" hai3="45,55,11,128,117,19,95,61,42,88,105,102,101"/><V129/><F74/><W112/><G117/><T41/><D108/><U118/><E106/><V87/><F116/><W12/><G128/><T93/><D65/><U5/><E118/><V25/><F115/><W96/><G112/><T23/><D32/><U35/><E35/><V109/><F98/><W2/><G2/><T125/><D15/><U27/><E27/><V1/><F129/><W58/><REACH who="3" step="1"/><G105/><REACH who="3" ten="406,244,146,194" step="2"/><T54/><D126/><U107/><E107/><V34/><F1/><W111/><G111/><T0/><D0/><U121/><E121/><V22/><F109/><W52/><G52/><T44/><D54/><U110/><E110/><V30/><F135/><W20/><G20/><T85/><D23/><U92/><E33/><V66/><F34/><W69/><G69/><T21/><D21/><U114/><E114/><V131/><F131/><W67/><G67/><T63/><D127/><U14/><E10/><V86/><F66/><W40/><G40/><T133/><D41/><U73/><E53/><N who="2" m="32175" /><F26/><W62/><G62/><T3/><D63/><U130/><E130/><V104/><F104/><W124/><G124/><T13/><D24/><U28/><E28/><V37/><F71/><W81/><G81/><T56/><D83/><U134/><E134/><V132/><F132/><W94/><G94/><T31/><D93/><U18/><E92/><V89/><F70/><W57/><G57/><T16/><D133/><U120/><E120/><V119/><F119/><W78/><G78/><T9/><D125/><U103/><E60/><V29/><F30/><W36/><AGARI ba="0,1" hai="11,12,19,36,42,45,55,58,61,88,95,96,101,102" machi="36" ten="20,8000,1" yaku="1,1,0,1,7,1,52,1,54,1,53,0" doraHai="50" doraHaiUra="123" who="3" fromWho="3" sc="406,-20,244,-20,146,-40,194,90" />
</Scene>
<Scene>
<INIT seed="3,0,0,0,1,90" ten="386,224,106,284" oya="3" hai0="30,131,89,54,5,12,135,121,96,98,120,101,73" hai1="27,76,32,103,68,48,133,125,126,18,111,94,29" hai2="69,60,82,14,0,4,128,110,46,77,2,105,28" hai3="93,37,107,40,100,106,43,31,50,13,21,55,112"/><W79/><G112/><T1/><D73/><U3/><E3/><V57/><F105/><W10/><G79/><T132/><D1/><U41/><E68/><V61/><F128/><W85/><G37/><T45/><D131/><U52/><E41/><V33/><F110/><W44/><G107/><T63/><D30/><U119/><E119/><V47/><F69/><W38/><G106/><T122/><D101/><U59/><E76/><V95/><F2/><W58/><G40/><T26/><D26/><U8/><E111/><V39/><F0/><W71/><G31/><T16/><D5/><U117/><E117/><V22/><F33/><W104/><G104/><T56/><D45/><U53/><E53/><V74/><F61/><W130/><G130/><T15/><D15/><N who="1" m="7527" /><E133/><N who="0" m="51273" /><D89/><U11/><E11/><AGARI ba="0,0" hai="11,12,16,54,56,63,96,98,120,121,122" m="51273" machi="11" ten="40,2600,0" yaku="20,1,54,1" doraHai="90" who="0" fromWho="1" sc="386,26,224,-26,106,0,284,0" owari="412,51.0,198,-20.0,106,-39.0,284,8.0" />
</Scene>
</mjloggm>