<mjloggm ver="2.3"><GO type="41"/><UN n0="%E3%82%88%E3%81%B4%E3%81%8D" n1="%E5%A4%AA%E3%81%8F%E3%81%AA%E3%81%84%E3%81%8A" n2="%E6%9D%8F%E4%BB%81%E3%81%A9%E3%81%86%E3%81%B5%E3%83%BC" n3="%E7%A8%AE%E5%B3%B6%E3%81%BD%E3%81%B7%E3%82%89" dan="14,15,15,13" rate="1895,2024,1926,1945" sx="M,M,M,F"/><TAIKYOKU oya="0"/>

<Scene>
<INIT seed="0,0,0,5,4,2" ten="250,250,250,250" oya="0" hai0="105,85,93,0,131,73,75,76,101,87,88,42,94" hai1="129,20,61,59,58,41,128,11,72,116,10,89,95" hai2="99,52,119,21,74,16,62,27,126,111,53,102,125" hai3="34,65,67,43,123,120,56,127,23,90,39,134,124"/><T25/><D25/><U37/><E116/><V91/><F74/><N who="0" m="28170" /><D42/><U30/><E72/><V66/><F119/><W8/><G34/><T50/><D50/><U112/><E112/><V7/><F91/><W13/><G23/><T70/><D70/><U28/><E37/><V29/><F29/><N who="1" m="11369" /><E41/><V135/><F7/><N who="3" m="3231" /><G90/><N who="0" m="53471" /><D0/><U117/><E20/><V79/><F79/><W46/><G134/><T3/><D3/><U35/><E35/><V9/><F9/><N who="1" m="3081" /><E61/><V106/><F135/><W92/><G43/><T83/><D131/><N who="1" m="50251" /><E117/><V81/><F81/><W118/><G118/><T97/><D105/><U32/><E32/><V64/><F64/><W80/><G67/><T48/><D48/><U133/><E133/><V71/><REACH who="2" step="1"/><F111/><REACH who="2" ten="250,250,240,250" step="2"/><W82/><G65/><T100/><AGARI ba="0,1" hai="76,83,85,88,94,97,100,101" m="53471,28170" machi="100" ten="30,18000,2" yaku="35,5,54,1" doraHai="2" who="0" fromWho="0" sc="250,190,250,-60,240,-60,250,-60" />
</Scene>
<Scene>
<INIT seed="0,1,0,4,2,0" ten="440,190,180,190" oya="0" hai0="52,30,4,116,122,121,114,105,43,59,44,131,49" hai1="119,28,55,48,88,13,77,96,64,68,110,46,54" hai2="92,40,39,115,94,16,80,69,1,58,74,27,38" hai3="50,127,63,73,36,106,22,99,98,72,79,51,5"/><T107/><D30/><U45/><E119/><V21/><F69/><W19/><G36/><T108/><D116/><U101/><E110/><V123/><F123/><W17/><G127/><T83/><D114/><U2/><E2/><V62/><F115/><W41/><G79/><T118/><D108/><U26/><E77/><V78/><F1/><W34/><G34/><T20/><D118/><U60/><E13/><V95/><REACH who="2" step="1"/><F40/><REACH who="2" ten="440,190,170,190" step="2"/><W14/><G41/><T109/><D109/><U82/><E68/><V23/><F23/><W89/><G22/><T3/><D122/><U31/><E31/><V104/><F104/><W37/><G106/><T29/><D121/><U8/><E28/><V120/><F120/><W111/><G111/><T97/><D29/><U32/><E32/><V87/><F87/><W12/><G72/><T113/><D20/><U135/><E135/><V103/><F103/><W134/><G73/><T130/><D113/><U128/><E101/><V117/><F117/><W91/><G134/><T86/><D107/><U61/><E128/><V71/><F71/><W85/><G85/><T53/><D105/><U10/><E96/><V93/><N who="2" m="23552" /><DORA hai="126" /><V18/><F18/><W57/><G98/><T24/><D97/><U35/><E35/><V75/><F75/><W102/><G99/><T25/><D43/><U125/><E125/><V81/><F81/><W67/><G102/><T66/><D3/><U133/><E82/><V132/><F132/><W70/><G70/><T9/><D130/><U84/><E133/><V112/><F112/><W33/><G33/><T42/><D131/><RYUUKYOKU ba="1,1" sc="440,-10,190,-10,170,30,190,-10" hai2="16,21,27,38,39,58,62,74,78,80" />
</Scene>
<Scene>
<INIT seed="1,2,1,0,3,59" ten="430,180,200,180" oya="1" hai0="135,44,118,93,122,117,76,133,52,0,42,83,13" hai1="33,56,110,7,57,75,68,100,134,48,79,11,31" hai2="64,116,124,43,28,99,85,126,49,62,35,98,115" hai3="90,25,130,50,72,67,60,53,36,46,78,63,38"/><U6/><E68/><N who="2" m="42007" /><F116/><W61/><G67/><T125/><D0/><U4/><E100/><V45/><F85/><W16/><G130/><T127/><D122/><U92/><E33/><V86/><F86/><W54/><G54/><T32/><D32/><U9/><E75/><V108/><F108/><W5/><G5/><T8/><D93/><U105/><E105/><V114/><F28/><W87/><G78/><T30/><D30/><U104/><E104/><V29/><F29/><W22/><REACH who="3" step="1"/><G72/><REACH who="3" ten="430,180,200,170" step="2"/><T15/><D118/><U14/><E79/><V111/><F111/><W96/><G96/><N who="2" m="36905" /><F35/><W37/><G37/><T12/><D117/><U94/><E110/><V74/><F74/><W95/><AGARI ba="2,2" hai="16,22,25,36,38,46,50,53,60,61,63,87,90,95" machi="95" ten="30,12000,2" yaku="1,1,0,1,52,3,54,1,53,0" doraHai="59" doraHaiUra="34" who="3" fromWho="3" sc="430,-32,180,-62,200,-32,170,146" />
</Scene>
<Scene>
<INIT seed="2,0,0,4,3,61" ten="398,118,168,316" oya="2" hai0="132,24,26,126,16,98,60,46,17,111,70,37,2" hai1="49,78,53,50,108,4,77,133,94,115,103,127,88" hai2="40,97,121,93,43,95,112,76,135,84,100,124,119" hai3="13,83,62,22,7,38,66,129,91,101,86,79,3"/><V35/><F112/><W58/><G38/><T8/><D2/><U25/><E115/><V116/><F121/><W128/><G101/><T9/><D111/><U21/><E108/><V5/><F35/><W19/><G79/><T28/><D98/><U39/><E39/><V44/><F135/><W55/><G55/><T87/><D87/><U34/><E34/><V51/><F124/><W81/><G81/><T118/><D118/><U56/><E127/><V109/><F109/><W29/><G29/><T105/><D105/><U23/><E133/><V47/><F5/><W14/><G14/><T72/><D126/><U30/><E103/><V18/><F18/><W41/><G41/><T92/><D132/><U54/><E4/><V85/><F76/><W110/><G110/><T106/><D106/><U15/><E15/><V6/><F6/><W10/><AGARI ba="0,0" hai="3,7,10,13,19,22,58,62,66,83,86,91,128,129" machi="10" ten="30,2000,0" yaku="0,1,52,1" doraHai="61" who="3" fromWho="3" sc="398,-5,118,-5,168,-10,316,20" />
</Scene>
<Scene>
<INIT seed="3,0,0,0,0,83" ten="393,113,158,336" oya="3" hai0="68,26,8,69,17,41,70,117,89,116,44,61,115" hai1="19,72,106,29,73,67,92,45,1,104,35,62,24" hai2="79,85,21,47,127,43,6,28,9,23,3,60,37" hai3="36,86,30,131,16,48,0,13,54,111,97,119,25"/><W75/><G75/><T88/><D115/><U77/><E19/><V22/><F127/><W94/><G36/><T102/><D102/><U91/><E1/><V42/><F42/><W121/><G0/><T39/><D61/><U49/><E73/><V125/><F125/><W78/><G121/><T50/><D117/><U123/><E123/><V124/><F124/><W40/><G119/><T15/><D116/><U58/><E77/><V108/><F108/><W113/><G113/><T101/><D101/><U126/><E72/><V31/><F79/><W81/><G131/><T98/><D98/><U96/><REACH who="1" step="1"/><E126/><REACH who="1" ten="393,103,158,336" step="2"/><V109/><F109/><W64/><G111/><T59/><D26/><U51/><E51/><V53/><F60/><W5/><G25/><T103/><D103/><U93/><E93/><V10/><F31/><W18/><G30/><T133/><D133/><U135/><E135/><V128/><F128/><W71/><G18/><T95/><D50/><U57/><E57/><V46/><F28/><W32/><G48/><T55/><D95/><U114/><E114/><V130/><F130/><W122/><G94/><T2/><D2/><U14/><E14/><V100/><F3/><W99/><G13/><T80/><D59/><U33/><E33/><V118/><F118/><W12/><G32/><T110/><D15/><U84/><E84/><V11/><F85/><W129/><G12/><T132/><D17/><U74/><E74/><V112/><F112/><W52/><G16/><T27/><D110/><U105/><E105/><V38/><F38/><W107/><G122/><T66/><D39/><RYUUKYOKU ba="0,1" sc="393,-10,103,30,158,-10,336,-10" hai1="24,29,35,45,49,58,62,67,91,92,96,104,106" />
</Scene>
<Scene>
<INIT seed="4,1,1,2,5,71" ten="383,133,148,326" oya="0" hai0="24,110,124,116,75,104,38,117,14,10,72,73,55" hai1="108,5,57,128,100,41,121,68,82,111,98,34,30" hai2="92,89,58,86,102,49,18,39,127,113,132,105,76" hai3="12,35,126,80,66,42,114,96,91,84,52,63,99"/><T27/><D104/><N who="1" m="63511" /><E57/><V7/><F7/><W94/><G35/><T87/><D124/><U47/><E82/><V101/><F18/><W25/><G126/><T118/><D110/><U48/><E48/><V23/><F23/><W28/><G42/><T77/><D55/><U129/><E121/><V22/><F22/><W61/><G12/><T32/><D77/><U40/><E5/><V46/><F58/><W20/><G114/><T16/><D87/><U31/><E68/><V13/><F13/><W85/><G63/><T65/><D65/><U115/><E115/><V74/><F49/><W97/><G52/><T112/><D112/><U43/><E47/><V135/><F127/><W125/><G125/><T6/><D32/><U36/><E36/><V93/><F113/><W8/><G8/><T0/><REACH who="0" step="1"/><D38/><REACH who="0" ten="373,133,148,326" step="2"/><U79/><E79/><V56/><F76/><N who="3" m="46087" /><G61/><T2/><D2/><U44/><E34/><V21/><F39/><W54/><G54/><T106/><D106/><U119/><E111/><V70/><F105/><W133/><G66/><T9/><AGARI ba="1,2" hai="0,6,9,10,14,16,24,27,72,73,75,116,117,118" machi="9" ten="40,12000,1" yaku="1,1,0,1,54,1,53,1" doraHai="71" doraHaiUra="33" who="0" fromWho="0" sc="373,143,133,-41,148,-41,326,-41" />
</Scene>
<Scene>
<INIT seed="4,2,0,1,2,96" ten="516,92,107,285" oya="0" hai0="16,85,36,76,119,21,124,118,60,22,30,57,24" hai1="0,70,35,112,59,10,133,135,111,5,78,130,114" hai2="90,20,87,94,109,28,104,1,55,40,102,77,97" hai3="14,91,83,11,84,12,42,75,39,128,108,93,44"/><T67/><D36/><U100/><E70/><V120/><F1/><W110/><G128/><T117/><D124/><U25/><E78/><V18/><F120/><W125/><G125/><T92/><D76/><U105/><E59/><V81/><F40/><W49/><G49/><T73/><D73/><U50/><E50/><V52/><F28/><W15/><G75/><T71/><D71/><U19/><E111/><N who="3" m="42538" /><G83/><T6/><D6/><U63/><E63/><V62/><F62/><W106/><G106/><T32/><D85/><U46/><E46/><V86/><REACH who="2" step="1"/><F109/><REACH who="2" ten="516,92,97,285" step="2"/><W54/><G42/><T132/><D132/><N who="1" m="50763" /><E130/><V38/><F38/><W79/><G39/><T107/><D117/><U122/><E122/><V80/><F80/><W4/><G44/><T9/><D119/><U47/><E47/><V17/><F17/><W68/><G68/><T115/><D118/><U116/><E116/><V58/><F58/><W72/><G72/><T126/><D126/><U101/><E19/><V2/><F2/><W64/><G64/><T29/><D67/><U48/><E48/><V53/><F53/><W37/><G54/><T127/><D127/><U3/><E0/><V27/><AGARI ba="2,1" hai="18,20,27,52,55,77,81,86,87,90,94,97,102,104" machi="27" ten="20,12000,2" yaku="1,1,0,1,7,1,52,1,54,1,53,1" doraHai="96" doraHaiUra="98" who="2" fromWho="2" sc="516,-62,92,-32,97,136,285,-32" />
</Scene>
<Scene>
<INIT seed="5,0,0,4,2,91" ten="454,60,233,253" oya="1" hai0="97,21,13,84,59,29,7,135,68,30,69,25,56" hai1="36,58,63,70,121,6,43,130,95,16,101,47,45" hai2="83,107,74,34,40,90,133,42,81,122,71,104,77" hai3="55,132,23,117,92,32,116,57,0,1,67,46,61"/><U38/><E121/><V28/><F122/><W52/><G32/><T35/><D135/><U60/><E130/><V124/><F71/><W93/><G132/><T127/><D127/><U88/><E6/><V5/><F133/><W27/><G46/><T125/><D125/><U33/><E33/><V8/><F124/><W109/><G109/><T20/><D69/><U65/><E101/><V106/><F28/><N who="3" m="17535" /><G55/><T18/><D68/><U98/><E16/><V17/><F17/><W22/><G22/><T14/><D30/><U50/><REACH who="1" step="1"/><E47/><REACH who="1" ten="454,50,233,253" step="2"/><V96/><F34/><W72/><G116/><T105/><D7/><U75/><E75/><V11/><F5/><W44/><G72/><T111/><D35/><U85/><E85/><V129/><F129/><W53/><G117/><T39/><D84/><U134/><E134/><V86/><F96/><W114/><G44/><T94/><D18/><U73/><E73/><V51/><F74/><W82/><G1/><T62/><D97/><U110/><E110/><V48/><F86/><W49/><G0/><T115/><D111/><U78/><E78/><V41/><F77/><W4/><G4/><T2/><D2/><U79/><E79/><V102/><F102/><W89/><G89/><T15/><D29/><U118/><E118/><V112/><F90/><W54/><G82/><N who="2" m="31241" /><F112/><W87/><G114/><T31/><D115/><U19/><E19/><V37/><F37/><W66/><G87/><T100/><D39/><U126/><E126/><V3/><F3/><W108/><G108/><T26/><D100/><U80/><E80/><V131/><F131/><RYUUKYOKU ba="0,1" sc="454,-15,50,15,233,15,253,-15" hai1="36,38,43,45,50,58,60,63,65,70,88,95,98" hai2="8,11,40,41,42,48,51,104,106,107" />
</Scene>
<Scene>
<INIT seed="5,1,1,5,3,112" ten="439,65,248,238" oya="1" hai0="34,36,96,42,99,5,26,90,131,116,82,11,57" hai1="31,17,126,65,48,127,119,61,89,10,54,3,33" hai2="70,81,30,50,114,4,92,107,45,130,100,23,9" hai3="49,1,41,134,111,95,133,21,69,87,16,68,22"/><U27/><E89/><V77/><F70/><W18/><G1/><T88/><D131/><U60/><E119/><V128/><F107/><W124/><G87/><T75/><D34/><U74/><E74/><N who="2" m="43191" /><F30/><W132/><G95/><T15/><D26/><U6/><E17/><N who="3" m="6762" /><G111/><T67/><D90/><U13/><E3/><N who="2" m="159" /><F23/><N who="3" m="8715" /><G124/><N who="1" m="47658" /><E65/><V12/><F12/><W105/><G105/><T28/><D67/><U24/><E24/><V55/><F92/><W106/><G106/><T84/><D75/><U37/><E37/><V62/><F62/><W14/><G14/><T7/><D36/><U135/><E135/><V91/><F91/><W47/><AGARI ba="1,1" hai="41,47,49,68,69,132,133,134" m="8715,6762" machi="47" ten="40,2700,0" yaku="20,1,54,1" doraHai="112" who="3" fromWho="3" sc="439,-8,65,-14,248,-8,238,40" />
</Scene>
<Scene>
<INIT seed="6,0,0,2,2,15" ten="431,51,240,278" oya="2" hai0="88,102,23,131,132,83,8,97,76,69,33,121,45" hai1="82,130,129,100,48,135,49,40,124,1,125,52,80" hai2="86,38,110,46,25,64,122,30,101,91,2,37,87" hai3="50,118,9,105,55,103,14,28,75,18,81,53,22"/><V92/><F122/><W109/><G109/><T34/><D121/><U89/><E1/><V116/><F116/><W42/><G118/><T106/><D69/><U96/><E40/><V112/><F2/><W54/><G105/><T68/><D132/><U98/><E89/><V123/><F123/><W67/><G67/><T74/><D68/><U111/><E100/><V56/><F112/><W26/><G103/><T59/><D131/><N who="1" m="50187" /><E111/><V93/><F46/><N who="3" m="25943" /><G75/><T5/><D59/><N who="1" m="33159" /><E49/><V126/><F110/><W134/><G134/><T29/><D45/><U4/><E4/><V3/><F3/><W44/><G81/><N who="1" m="31338" /><E135/><V71/><F101/><W63/><G44/><T36/><D36/><U32/><E32/><V90/><F71/><W19/><G63/><T73/><D73/><U65/><E65/><V66/><F66/><W99/><G99/><T114/><D114/><U60/><E60/><V43/><F43/><W16/><AGARI ba="0,0" hai="9,14,16,18,19,22,26,28,53,54,55" m="25943" machi="16" ten="30,8000,1" yaku="8,1,52,3,54,1" doraHai="15" who="3" fromWho="3" sc="431,-20,51,-20,240,-40,278,80" />
</Scene>
<Scene>
<INIT seed="7,0,0,1,0,124" ten="411,31,200,358" oya="3" hai0="36,76,9,89,49,60,50,115,128,84,8,16,34" hai1="51,107,103,4,23,63,87,127,2,96,48,22,54" hai2="27,109,90,21,66,57,30,119,92,104,65,132,80" hai3="31,95,53,58,91,13,117,114,73,28,108,52,102"/><W77/><G117/><T3/><D34/><U47/><E127/><V45/><F104/><W67/><G114/><T7/><D36/><U133/><E133/><V121/><F132/><W62/><G108/><T110/><D76/><U116/><E116/><V64/><F121/><W72/><G102/><T55/><D110/><U105/><E105/><V120/><F120/><W122/><G122/><T118/><D115/><U10/><E63/><N who="2" m="37999" /><F109/><W98/><G13/><T111/><D111/><U61/><E61/><V68/><F68/><W32/><G32/><T20/><D118/><U135/><E135/><V41/><F80/><W69/><G53/><T39/><D9/><U14/><E2/><V123/><F123/><W18/><G18/><T17/><D39/><U134/><E134/><V106/><F106/><W70/><G70/><T33/><D33/><U97/><E97/><V40/><F45/><W99/><G99/><T59/><D17/><U131/><E51/><V37/><F37/><W35/><G35/><T125/><D128/><U1/><E1/><V83/><F83/><W129/><G129/><T11/><D11/><U29/><E131/><V130/><F130/><W42/><G42/><T93/><D125/><U94/><E29/><N who="3" m="11338" /><G77/><T5/><D5/><U74/><E74/><V88/><F30/><W26/><G73/><T15/><AGARI ba="0,0" hai="3,7,8,15,16,20,49,50,55,59,60,84,89,93" machi="15" ten="20,2700,0" yaku="0,1,7,1,54,1" doraHai="124" who="0" fromWho="0" sc="411,27,31,-7,200,-7,358,-13" owari="438,54.0,24,-48.0,193,-21.0,345,15.0" />
</Scene>
</mjloggm>