<mjloggm ver="2.3"><GO type="41"/><UN n0="%71%77%65%71%77%65%33" n1="%41%4D%41%4E%45%45" n2="%E3%82%B6%E3%83%BC%E3%83%89%EF%BC%88%E3%82%B5%E3%83%96%EF%BC%89" n3="%E5%A4%AA%E3%81%8F%E3%81%AA%E3%81%84%E3%81%8A" dan="14,14,13,14" rate="1895,1863,2157,2013" sx="M,F,M,M"/><TAIKYOKU oya="0"/>

<Scene>
<INIT seed="0,0,0,1,4,46" ten="250,250,250,250" oya="0" hai0="23,55,66,56,19,132,15,18,16,1,95,90,17" hai1="109,133,64,31,128,111,47,34,22,113,48,37,89" hai2="98,96,10,116,33,25,61,87,4,40,14,52,11" hai3="94,30,104,68,32,6,115,92,62,24,73,9,50"/><T112/><D132/><U97/><E37/><V130/><F116/><W121/><G115/><T75/><D75/><U108/><E34/><V100/><F130/><W123/><G73/><T41/><D112/><U78/><E113/><V119/><F119/><W76/><G76/><T107/><D107/><U39/><E39/><V51/><F87/><W5/><G104/><T65/><D1/><U86/><E64/><V43/><F11/><W85/><G85/><N who="0" m="52687" /><D41/><U28/><E133/><V74/><F74/><W105/><G105/><T120/><D120/><N who="3" m="46153" /><G5/><T71/><D71/><U29/><E128/><V82/><F82/><W91/><G91/><T129/><D129/><U102/><E78/><V3/><F3/><N who="3" m="223" /><G50/><AGARI ba="0,0" hai="15,16,17,18,19,23,50,55,56,65,66" m="52687" machi="50" ten="30,11600,0" yaku="25,1,8,1,52,1,54,1" doraHai="46" who="0" fromWho="3" sc="250,116,250,0,250,0,250,-116" />
</Scene>
<Scene>
<INIT seed="0,1,0,1,5,92" ten="366,250,250,134" oya="0" hai0="100,118,23,114,123,70,81,133,87,82,71,21,51" hai1="35,65,119,107,66,9,29,101,11,1,40,76,96" hai2="59,19,78,26,30,62,3,108,5,105,68,41,42" hai3="94,109,86,20,61,32,111,57,134,55,130,37,36"/><T106/><D118/><U127/><E119/><V116/><F116/><W0/><G32/><T73/><D123/><U43/><E127/><V85/><F108/><N who="3" m="41547" /><G0/><T18/><D114/><U13/><E76/><V113/><F105/><W99/><G130/><T44/><D106/><U33/><E1/><V93/><F68/><W115/><G115/><T129/><D100/><U91/><E35/><V25/><F113/><W120/><G120/><T98/><D129/><U14/><E91/><V47/><F5/><W10/><G134/><T46/><D133/><U17/><E33/><V84/><F3/><W7/><G86/><T31/><D73/><U121/><E29/><V39/><F42/><W49/><G20/><T15/><D71/><U6/><E121/><V126/><F126/><W67/><G10/><T28/><D70/><U4/><E17/><V102/><F19/><W48/><G7/><T88/><D81/><U53/><E53/><V69/><F25/><W83/><G83/><T58/><D58/><U97/><E107/><V80/><F102/><AGARI ba="1,0" hai="4,6,9,11,13,14,40,43,65,66,96,97,101,102" machi="102" ten="25,8000,1" yaku="22,2,8,1,52,2" doraHai="92" who="1" fromWho="2" sc="366,0,250,83,250,-83,134,0" />
</Scene>
<Scene>
<INIT seed="1,0,0,3,2,47" ten="366,333,167,134" oya="1" hai0="57,67,69,61,44,95,99,12,4,109,50,107,129" hai1="62,43,103,60,122,100,79,72,25,11,119,135,116" hai2="111,42,40,17,127,98,83,24,16,112,73,85,49" hai3="92,58,106,77,9,32,6,2,51,10,45,132,13"/><U124/><E122/><V118/><F118/><W55/><G106/><T133/><D107/><U21/><E72/><V59/><F112/><W41/><G132/><T97/><D133/><U20/><E79/><V93/><F127/><W15/><G32/><T94/><D109/><U110/><E135/><V82/><F111/><W102/><G77/><T121/><D121/><U89/><E110/><V46/><F73/><W64/><G64/><T105/><D105/><U38/><E124/><V22/><F17/><W114/><G114/><T53/><D129/><U7/><E38/><V68/><F68/><W108/><G108/><T48/><D4/><U27/><E43/><V113/><F113/><W86/><G10/><T115/><D115/><U56/><E89/><V123/><F123/><W88/><REACH who="3" step="1"/><G102/><REACH who="3" ten="366,333,167,124" step="2"/><T65/><D67/><U128/><E11/><V117/><F117/><W70/><G70/><T130/><D130/><U134/><E134/><V39/><F39/><AGARI ba="0,1" hai="2,6,9,13,15,39,41,45,51,55,58,86,88,92" machi="39" ten="30,8000,1" yaku="1,1,7,1,52,1,54,1,53,1" doraHai="47" doraHaiUra="80" who="3" fromWho="2" sc="366,0,333,0,167,-80,124,90" />
</Scene>
<Scene>
<INIT seed="2,0,0,3,3,93" ten="366,333,87,214" oya="2" hai0="49,113,75,29,44,102,72,24,111,108,66,54,129" hai1="123,11,23,13,17,87,94,36,34,92,82,116,42" hai2="119,118,78,120,90,106,56,88,7,99,126,55,47" hai3="53,51,131,98,0,52,35,115,46,89,95,101,19"/><V110/><F120/><W128/><G0/><T73/><D113/><U27/><E123/><V30/><F30/><W96/><G35/><T84/><D66/><U97/><E116/><V12/><F126/><W68/><G68/><T21/><D129/><N who="3" m="49737" /><G115/><T16/><D84/><U15/><E36/><V64/><F110/><N who="0" m="42026" /><D102/><U14/><E42/><V38/><F38/><W122/><G122/><T109/><N who="0" m="42034" /><T117/><DORA hai="59" /><D117/><U74/><E74/><N who="0" m="18945" /><T9/><DORA hai="112" /><D9/><U76/><E34/><V43/><F64/><W63/><G19/><AGARI ba="0,0" hai="16,19,21,24,29,44,49,54" m="18945,42034" machi="19" ten="60,3900,0" yaku="14,1,54,1" doraHai="93,59,112" who="0" fromWho="3" sc="366,39,333,0,87,0,214,-39" />
</Scene>
<Scene>
<INIT seed="3,0,0,2,2,123" ten="405,333,87,175" oya="3" hai0="83,23,18,124,131,48,45,70,97,61,84,43,134" hai1="17,51,40,25,57,36,56,88,94,19,35,128,16" hai2="115,68,89,20,63,91,24,28,130,133,135,114,65" hai3="106,110,6,38,72,69,44,67,105,73,118,117,3"/><W31/><G31/><T93/><D124/><U81/><E36/><V90/><REACH who="2" step="1"/><F130/><REACH who="2" ten="405,333,77,175" step="2"/><W101/><G117/><T108/><D131/><U100/><E128/><V116/><F116/><W46/><G118/><T29/><D134/><AGARI ba="0,1" hai="20,24,28,63,65,68,89,90,91,114,115,133,134,135" machi="134" ten="40,12000,2" yaku="21,2,20,1,53,3" doraHai="123" doraHaiUra="87" who="2" fromWho="0" sc="405,-120,333,0,77,130,175,0" />
</Scene>
<Scene>
<INIT seed="4,0,0,5,3,58" ten="285,333,207,175" oya="0" hai0="125,108,34,77,65,121,46,50,116,35,64,107,122" hai1="4,120,75,90,25,18,32,36,2,39,10,49,92" hai2="133,48,42,24,129,7,115,16,20,29,3,66,73" hai3="98,91,41,76,109,0,51,79,21,93,12,54,57"/><T22/><D116/><U128/><E120/><V80/><F73/><W52/><G109/><T55/><D107/><U28/><E75/><V81/><F115/><W112/><G112/><T33/><D77/><U60/><E128/><V62/><F129/><W71/><G0/><T17/><D125/><U31/><E49/><V100/><F133/><W19/><G71/><T84/><D108/><U63/><E31/><V134/><F134/><W14/><G41/><T114/><D84/><U26/><E26/><V11/><F100/><W72/><G72/><T131/><D131/><U132/><E132/><V99/><F99/><W69/><G69/><T59/><D114/><U89/><E89/><V27/><F48/><W37/><G37/><T124/><D124/><U30/><E30/><V23/><REACH who="2" step="1"/><F42/><REACH who="2" ten="285,333,197,175" step="2"/><W119/><G119/><T8/><D8/><U53/><E39/><V104/><F104/><W106/><G106/><T67/><REACH who="0" step="1"/><D46/><REACH who="0" ten="275,333,197,175" step="2"/><U96/><E36/><V82/><F82/><W130/><G130/><T127/><D127/><U123/><E123/><V78/><F78/><W45/><G79/><T86/><D86/><U1/><E1/><V87/><F87/><W38/><G76/><T117/><D117/><U135/><E135/><V94/><F94/><W5/><G38/><T105/><D105/><U83/><E83/><V13/><F13/><AGARI ba="0,2" hai="13,17,22,33,34,35,50,55,59,64,65,67,121,122" machi="13" ten="50,2400,0" yaku="1,1,53,0" doraHai="58" doraHaiUra="70" who="0" fromWho="2" sc="275,44,333,0,197,-24,175,0" />
</Scene>
<Scene>
<INIT seed="4,1,0,3,5,64" ten="319,333,173,175" oya="0" hai0="105,39,20,106,74,88,134,135,110,44,95,97,14" hai1="32,100,0,65,107,80,101,114,99,53,34,11,58" hai2="5,62,63,29,46,83,40,128,35,43,59,113,67" hai3="28,103,15,73,25,17,27,130,70,13,89,93,1"/><T92/><D110/><U24/><E101/><V76/><F5/><W123/><G1/><T48/><D39/><U126/><E126/><V75/><F128/><W6/><G73/><T68/><D74/><U81/><E34/><V96/><F113/><W132/><G130/><T125/><D125/><U57/><E57/><V56/><F96/><W119/><G119/><T4/><D95/><U16/><E114/><V117/><F117/><W129/><G129/><T120/><D120/><U19/><E81/><V69/><F62/><W8/><G123/><T112/><D68/><U23/><E80/><V33/><F43/><W122/><G122/><T50/><D112/><U49/><E65/><V116/><F116/><W51/><G132/><N who="0" m="50731" /><D44/><U26/><E0/><V90/><F90/><W2/><G103/><T38/><D38/><U102/><E102/><V82/><F82/><W9/><G70/><T127/><D127/><U109/><E109/><V72/><F72/><W10/><G28/><T84/><D4/><U30/><E11/><V61/><F29/><AGARI ba="1,0" hai="16,19,23,24,26,29,30,32,49,53,58,99,100,107" machi="29" ten="30,2000,0" yaku="7,1,54,1" doraHai="64" who="1" fromWho="2" sc="319,0,333,23,173,-23,175,0" />
</Scene>
<Scene>
<INIT seed="5,0,0,0,1,34" ten="319,356,150,175" oya="1" hai0="68,84,17,20,71,77,106,40,48,116,80,109,19" hai1="135,93,127,11,100,99,16,113,18,122,107,4,12" hai2="7,25,58,53,76,88,102,134,89,87,126,45,123" hai3="112,111,21,129,51,57,74,14,103,47,1,83,101"/><U37/><E122/><V130/><F130/><W62/><G111/><T42/><D106/><U44/><E113/><V82/><F123/><W54/><G112/><T91/><D116/><U92/><E135/><V22/><F134/><W73/><G129/><T32/><D109/><U104/><E127/><V64/><F126/><W31/><G1/><T118/><D32/><U94/><E107/><V105/><F105/><W38/><G38/><T60/><D118/><U59/><E59/><V6/><F102/><W46/><G46/><T114/><D114/><U72/><E72/><V23/><F22/><W55/><G73/><T63/><D71/><U29/><E29/><V5/><F64/><W30/><G74/><T81/><D68/><U119/><E119/><V132/><F45/><W35/><G83/><T128/><D128/><U61/><E61/><N who="0" m="23625" /><D48/><U125/><E125/><V33/><F33/><W120/><G120/><T70/><D70/><U0/><REACH who="1" step="1"/><E12/><REACH who="1" ten="319,346,150,175" step="2"/><V133/><F132/><W66/><G31/><T115/><D115/><U117/><E117/><V95/><F133/><W65/><G30/><T108/><D108/><U43/><AGARI ba="0,1" hai="0,4,11,16,18,37,43,44,92,93,94,99,100,104" machi="43" ten="30,11700,0" yaku="1,1,0,1,52,1,54,1,53,0" doraHai="34" doraHaiUra="10" who="1" fromWho="1" sc="319,-39,346,127,150,-39,175,-39" />
</Scene>
<Scene>
<INIT seed="5,1,0,5,3,105" ten="280,473,111,136" oya="1" hai0="4,39,48,104,32,106,19,69,13,23,9,34,93" hai1="29,100,124,67,101,18,89,30,28,121,97,91,111" hai2="36,6,88,11,114,81,126,128,71,83,35,17,113" hai3="52,79,44,115,15,21,16,24,56,116,62,68,133"/><U54/><E121/><V112/><F71/><W2/><G2/><T58/><D39/><U57/><E124/><V132/><F36/><W31/><G115/><T98/><D69/><U66/><E111/><V130/><F126/><W59/><G133/><T110/><D110/><U119/><E18/><V27/><F132/><W102/><G116/><T3/><D48/><U26/><E26/><V84/><F81/><W55/><G102/><N who="1" m="39530" /><E97/><V135/><F135/><W109/><G109/><T107/><REACH who="0" step="1"/><D58/><REACH who="0" ten="270,473,111,136" step="2"/><U60/><E119/><V22/><REACH who="2" step="1"/><F35/><REACH who="2" ten="270,473,101,136" step="2"/><W65/><G68/><T10/><D10/><U74/><E74/><V5/><F5/><W131/><G131/><T72/><D72/><U1/><E1/><AGARI ba="1,2" hai="1,6,11,17,22,27,83,84,88,112,113,114,128,130" machi="1" ten="40,8000,1" yaku="1,1,15,1,11,1,54,1,53,1" doraHai="105" doraHaiUra="82" who="2" fromWho="1" sc="270,0,473,-83,101,103,136,0" />
</Scene>
<Scene>
<INIT seed="6,0,0,2,4,75" ten="270,390,204,136" oya="2" hai0="113,109,59,0,125,62,51,57,90,104,28,73,15" hai1="88,79,135,131,103,24,43,25,126,46,100,54,105" hai2="76,19,70,26,132,55,86,96,11,6,5,80,91" hai3="82,44,33,63,130,133,83,16,101,34,52,60,127"/><V68/><F132/><W30/><G133/><T77/><D109/><U71/><E71/><V13/><F6/><W116/><G116/><T35/><D104/><U40/><E105/><V129/><F129/><W114/><G130/><T94/><D113/><U18/><E131/><V36/><F36/><W32/><G30/><T122/><D122/><U7/><E126/><V1/><F26/><W22/><G101/><T97/><D0/><U21/><E7/><V95/><REACH who="2" step="1"/><F55/><REACH who="2" ten="270,390,194,136" step="2"/><W29/><G127/><T118/><D125/><U39/><E135/><V9/><AGARI ba="0,1" hai="1,5,9,11,13,19,68,70,76,80,86,91,95,96" machi="9" ten="20,18000,2" yaku="1,1,2,1,0,1,7,1,52,1,53,1" doraHai="75" doraHaiUra="92" who="2" fromWho="2" sc="270,-60,390,-60,194,190,136,-60" />
</Scene>
<Scene>
<INIT seed="6,1,0,3,5,132" ten="210,330,384,76" oya="2" hai0="107,125,66,15,106,28,101,61,68,133,87,99,48" hai1="14,104,73,109,89,79,59,108,60,27,119,34,58" hai2="67,114,50,85,115,11,90,102,12,124,19,83,13" hai3="54,120,134,0,32,76,77,95,129,74,17,5,23"/><V20/><F102/><W135/><G120/><T80/><D133/><N who="3" m="50697" /><G32/><T69/><D48/><U78/><E119/><V25/><F67/><W26/><G129/><T103/><D15/><U82/><E104/><V75/><F75/><W96/><G74/><T52/><D125/><U36/><E36/><V72/><F124/><W51/><G5/><T43/><D43/><U100/><E100/><V33/><F33/><W42/><G42/><T98/><D28/><U116/><E116/><V41/><F72/><W56/><G0/><T45/><D45/><U9/><E79/><V71/><F71/><W97/><G97/><T121/><D121/><U123/><E89/><AGARI ba="1,0" hai="17,23,26,51,54,56,76,77,89,95,96" m="50697" machi="89" ten="30,1000,0" yaku="20,1" doraHai="132" who="3" fromWho="1" sc="210,0,330,-13,384,0,76,13" />
</Scene>
<Scene>
<INIT seed="7,0,0,0,5,48" ten="210,317,384,89" oya="3" hai0="13,32,26,115,59,11,121,8,41,77,55,127,24" hai1="117,99,134,105,97,111,58,21,126,109,89,51,34" hai2="25,64,52,83,114,44,120,53,6,80,81,92,74" hai3="66,67,1,75,16,125,104,69,22,113,79,39,36"/><W128/><G104/><T7/><D121/><U96/><E34/><V103/><F120/><W116/><G116/><T130/><D41/><U108/><E105/><V82/><F114/><W119/><G119/><T62/><D115/><U102/><E117/><V37/><F64/><W54/><G113/><T2/><D127/><U112/><E112/><V28/><F6/><W129/><G1/><T95/><D130/><N who="3" m="50281" /><G125/><T9/><D32/><U38/><E38/><N who="3" m="14378" /><G69/><T3/><D77/><U85/><E102/><V118/><F118/><W10/><G10/><T70/><D70/><U17/><E126/><V131/><F131/><W84/><G75/><T33/><D95/><U30/><E30/><V18/><F74/><W31/><G31/><T0/><D33/><U98/><E134/><V42/><F28/><W135/><G135/><T93/><D13/><U87/><E89/><V86/><F25/><N who="3" m="14535" /><G54/><T132/><D132/><U4/><E4/><V78/><F18/><W110/><G110/><T76/><D76/><U100/><E100/><V49/><F37/><W60/><G60/><T88/><REACH who="0" step="1"/><D7/><REACH who="0" ten="200,317,384,89" step="2"/><U101/><E101/><V65/><F78/><W23/><G23/><T35/><D35/><U122/><E122/><V90/><F42/><W50/><G50/><T56/><D56/><U15/><N who="1" m="25088" /><DORA hai="47" /><U94/><REACH who="1" step="1"/><E94/><REACH who="1" ten="200,307,384,89" step="2"/><V123/><F92/><W14/><G14/><T5/><D5/><U40/><E40/><V27/><F82/><AGARI ba="0,2" hai="66,67,79,82,84" m="14535,14378,50281" machi="82" ten="30,2900,0" yaku="19,1,54,1" doraHai="48,47" who="3" fromWho="2" sc="200,0,307,0,384,-29,89,49" />
</Scene>
<Scene>
<INIT seed="7,1,0,2,1,20" ten="200,307,355,138" oya="3" hai0="48,17,34,102,129,1,39,86,41,67,61,8,30" hai1="62,14,130,110,3,117,43,70,71,75,125,128,45" hai2="54,77,127,100,91,112,16,85,109,37,31,19,87" hai3="133,29,73,84,11,28,81,92,58,101,46,103,57"/><W36/><G73/><T95/><D129/><N who="1" m="49771" /><E3/><V59/><F109/><W79/><G133/><T74/><D74/><U66/><E75/><V108/><F112/><W122/><G122/><T90/><D39/><N who="1" m="21759" /><E14/><V134/><F108/><W50/><G36/><T56/><D102/><N who="3" m="38921" /><G92/><T6/><D17/><U135/><E110/><V13/><F134/><W44/><G44/><T32/><REACH who="0" step="1"/><D30/><REACH who="0" ten="190,307,355,138" step="2"/><N who="3" m="11881" /><G11/><T132/><D132/><U49/><E135/><V38/><F31/><W27/><G27/><T116/><D116/><U115/><E117/><V4/><F19/><W5/><G5/><T25/><D25/><U82/><E125/><V107/><F127/><W35/><G35/><T121/><D121/><U64/><E115/><V21/><F16/><W63/><G63/><T106/><D106/><U78/><E49/><V113/><F4/><W22/><G22/><T42/><D42/><AGARI ba="1,1" hai="42,46,50,57,58,79,81,84" m="11881,38921" machi="42" ten="30,1500,0" yaku="8,1" doraHai="20" who="3" fromWho="0" sc="190,-18,307,0,355,0,138,28" />
</Scene>
<Scene>
<INIT seed="7,2,0,0,1,75" ten="172,307,355,166" oya="3" hai0="59,95,45,104,83,9,64,61,11,26,27,108,29" hai1="121,56,55,36,73,4,60,76,122,3,30,54,109" hai2="111,20,39,127,58,86,10,135,92,70,80,52,7" hai3="87,94,49,126,24,79,35,120,44,129,34,41,101"/><W63/><G120/><T66/><D104/><U2/><E109/><V16/><F111/><W118/><G118/><T69/><D108/><U33/><E36/><V90/><F135/><W102/><G126/><T100/><D69/><U89/><E33/><V5/><F127/><W12/><G129/><T84/><D66/><U6/><E30/><V17/><F70/><W14/><G35/><T128/><D128/><U72/><E89/><V47/><F39/><W1/><G1/><T71/><D71/><U96/><E96/><V119/><F47/><W40/><G40/><T133/><D133/><U67/><E67/><V88/><F119/><W46/><G63/><T0/><D0/><U116/><E116/><V106/><F106/><W134/><G134/><T15/><D45/><U53/><E56/><V28/><F28/><W114/><G114/><T91/><D27/><U105/><E60/><N who="2" m="35911" /><F10/><W85/><G34/><T123/><D123/><U125/><E105/><V50/><F50/><N who="3" m="26895" /><G24/><T82/><D15/><N who="3" m="5673" /><G79/><T77/><D83/><U37/><E37/><V42/><F42/><N who="3" m="24791" /><G94/><T74/><REACH who="0" step="1"/><D100/><AGARI ba="2,0" hai="85,87,100,101,102" m="24791,5673,26895" machi="100" ten="30,1500,0" yaku="8,1" doraHai="75" who="3" fromWho="0" sc="172,-21,307,0,355,0,166,21" />
</Scene>
<Scene>
<INIT seed="7,3,0,2,2,31" ten="151,307,355,187" oya="3" hai0="99,111,92,130,107,12,105,15,4,93,118,14,33" hai1="34,51,37,84,23,135,27,20,126,123,77,73,32" hai2="49,75,56,106,28,55,41,13,102,3,69,43,101" hai3="83,103,47,89,110,38,72,112,48,7,5,42,79"/><W122/><G122/><T104/><D118/><U25/><E37/><V67/><F3/><W0/><G112/><T100/><D130/><U30/><E73/><V63/><F75/><W85/><G110/><T127/><D111/><U45/><E123/><V62/><F13/><W82/><G103/><T46/><D127/><U86/><E126/><V96/><F102/><W53/><REACH who="3" step="1"/><G0/><REACH who="3" ten="151,307,355,177" step="2"/><T76/><D46/><AGARI ba="3,1" hai="5,7,38,42,46,47,48,53,72,79,82,83,85,89" machi="46" ten="30,5800,0" yaku="1,1,2,1,7,1,53,0" doraHai="31" doraHaiUra="54" who="3" fromWho="0" sc="151,-67,307,0,355,0,177,77" />
</Scene>
<Scene>
<INIT seed="7,4,0,2,4,43" ten="84,307,355,254" oya="3" hai0="69,36,3,12,7,106,57,129,16,83,91,79,103" hai1="29,34,134,96,92,85,123,32,20,89,112,37,124" hai2="66,25,53,0,38,122,125,61,18,50,40,133,84" hai3="21,107,13,75,46,110,120,135,19,119,105,27,132"/><W78/><G120/><T121/><D69/><U127/><E123/><V72/><F122/><W64/><G119/><T100/><D36/><U35/><E37/><V51/><F72/><W31/><BYE who="0" /><G64/><T115/><D115/><U116/><E116/><V45/><F0/><W1/><G1/><T63/><D63/><U118/><E118/><V44/><F125/><N who="1" m="48201" /><E112/><V101/><F133/><N who="3" m="51275" /><G110/><T86/><D86/><U71/><E71/><N who="2" m="42447" /><F101/><W22/><G46/><T62/><D62/><U114/><E114/><V15/><F25/><W111/><G111/><T11/><D11/><U109/><E109/><V9/><F84/><W52/><G52/><T98/><D98/><U113/><E113/><V128/><F128/><W54/><G54/><T99/><D99/><U68/><E68/><V2/><F2/><W108/><G108/><T102/><D102/><U82/><E134/><V14/><F15/><W59/><G59/><T104/><D104/><N who="3" m="40009" /><G78/><UN n0="%71%77%65%71%77%65%33" /><T8/><D129/><U56/><E56/><N who="2" m="32823" /><F51/><W95/><G95/><T77/><D121/><U24/><E35/><V5/><F44/><W81/><G81/><T17/><D83/><U23/><E34/><V94/><F94/><W65/><G65/><T88/><D106/><U49/><E49/><V4/><AGARI ba="4,0" hai="4,5,9,14,18,38,40,45" m="32823,42447" machi="4" ten="30,2000,0" yaku="24,1,52,1" doraHai="43" who="2" fromWho="2" sc="84,-9,307,-9,355,32,254,-14" owari="75,-42.0,298,10.0,387,48.0,240,-16.0" />
</Scene>
</mjloggm>