<mjloggm ver="2.3"><GO type="169" lobby="0"/><UN n0="%E3%83%95%E3%83%AA%E3%83%86%E3%83%B3" n1="%E8%B7%AF%E5%9C%B0%E8%A3%8F%E3%81%AE%E3%81%B2%E3%81%BE%E3%82%8F%E3%82%8A" n2="%E3%81%B4%E3%81%AE" n3="%E5%A4%AA%E3%81%8F%E3%81%AA%E3%81%84%E3%81%8A" dan="16,17,16,18" rate="2061.06,2189.69,2107.24,2165.90" sx="M,M,M,F"/><TAIKYOKU oya="0"/>

<Scene>
<INIT seed="0,0,0,5,0,126" ten="250,250,250,250" oya="0" hai0="51,57,23,10,117,118,79,46,90,84,89,2,32" hai1="109,0,75,59,58,28,50,48,95,134,54,116,30" hai2="111,87,1,72,97,130,76,35,122,100,129,56,107" hai3="80,44,93,133,49,34,40,37,119,114,17,25,127"/><T68/><D68/><U5/><E116/><V81/><F1/><W63/><G119/><T113/><D32/><U19/><E75/><V12/><F35/><W128/><G114/><T70/><D90/><U91/><E134/><V103/><F122/><W106/><G106/><T71/><D71/><U123/><E123/><V88/><F111/><W73/><G127/><T108/><D70/><U67/><E109/><V6/><F56/><W45/><G133/><T120/><D79/><U115/><E115/><V99/><F6/><W135/><G135/><T7/><D120/><U131/><E131/><N who="2" m="50187" /><F12/><W74/><G34/><T65/><D108/><U92/><E5/><V62/><F62/><W43/><G63/><T98/><D113/><U11/><E0/><V21/><F21/><W83/><G128/><T77/><D23/><U41/><E67/><V29/><F29/><W22/><G22/><T125/><D125/><U85/><E30/><V112/><F112/><W53/><G17/><T18/><D18/><U86/><E28/><V52/><F52/><W104/><G53/><T69/><D69/><U64/><E64/><V66/><F66/><W15/><G15/><T36/><D57/><U132/><E132/><V47/><F47/><W96/><G45/><T14/><D65/><U16/><E59/><V38/><F38/><W8/><G37/><T39/><D118/><U26/><E19/><V105/><F88/><W31/><G44/><T4/><D117/><U20/><E91/><V124/><F124/><W42/><G31/><T27/><D89/><U121/><E121/><V102/><F102/><RYUUKYOKU ba="0,0" sc="250,-10,250,-10,250,30,250,-10" hai2="72,76,81,87,97,99,100,103,105,107" />
</Scene>
<Scene>
<INIT seed="1,1,0,5,5,36" ten="240,240,280,240" oya="1" hai0="40,71,20,117,22,3,113,56,31,115,84,95,13" hai1="58,26,39,25,121,12,85,27,104,116,75,126,86" hai2="134,97,23,32,49,127,106,83,118,42,51,18,110" hai3="37,0,98,128,33,8,114,60,59,34,10,125,111"/><U70/><E70/><V135/><F110/><W88/><G114/><T7/><D71/><U112/><E75/><V99/><F127/><W108/><G37/><T28/><D56/><U14/><E112/><N who="0" m="43081" /><D95/><U100/><E116/><V50/><F118/><W24/><G125/><T67/><D84/><U38/><E126/><V19/><F32/><W119/><G119/><T43/><D67/><U79/><E58/><V9/><F83/><W102/><G128/><T132/><D117/><U54/><E27/><V120/><F120/><W5/><G24/><T53/><D53/><U17/><E121/><V78/><F78/><W48/><G48/><T57/><D57/><U16/><E54/><V66/><F66/><W122/><G122/><T124/><D3/><U89/><E79/><V69/><F69/><W94/><G102/><T101/><D101/><U41/><E100/><V45/><F106/><W77/><G77/><T123/><D123/><U68/><E68/><V131/><F131/><W87/><G87/><T21/><D124/><U61/><E104/><V4/><F99/><W63/><G63/><T82/><D82/><U30/><E61/><V90/><F97/><W29/><G60/><T92/><D92/><U15/><E89/><V74/><F90/><W76/><G76/><T103/><D103/><U133/><E86/><V55/><F74/><W6/><G59/><T80/><D80/><U91/><E85/><V65/><F65/><W2/><G98/><T81/><D81/><U46/><E91/><V44/><F55/><W105/><G105/><T11/><D132/><U47/><E133/><RYUUKYOKU ba="1,0" sc="240,30,240,-10,280,-10,240,-10" hai0="7,11,13,20,21,22,28,31,40,43" />
</Scene>
<Scene>
<INIT seed="2,2,0,3,5,19" ten="270,230,270,230" oya="2" hai0="83,114,66,85,28,80,101,108,31,0,37,46,34" hai1="105,115,121,112,55,92,9,12,127,52,22,43,69" hai2="100,118,119,89,123,106,129,102,14,117,120,82,116" hai3="78,10,128,13,21,68,40,64,133,103,95,24,125"/><V59/><F129/><W107/><G107/><T20/><D34/><U18/><E105/><V67/><F14/><W60/><G128/><T84/><D0/><U134/><E127/><V25/><F25/><W57/><G125/><T48/><D37/><U39/><E69/><V1/><F1/><W110/><G110/><T98/><D108/><U7/><E134/><V130/><F130/><W81/><G133/><T27/><D66/><U61/><E121/><N who="2" m="46667" /><F59/><W51/><G103/><N who="2" m="39465" /><F67/><W56/><G95/><N who="0" m="58591" /><D114/><U58/><E92/><V36/><F36/><W4/><G40/><N who="0" m="24647" /><D28/><U30/><E30/><V113/><F113/><W53/><G68/><T126/><D126/><U79/><E79/><V75/><F119/><W88/><G78/><T104/><D104/><U109/><E109/><V76/><F106/><W54/><G64/><T2/><D2/><U15/><REACH who="1" step="1"/><E55/><REACH who="1" ten="270,220,270,230" step="2"/><V63/><F118/><W26/><G54/><T97/><D83/><U65/><E65/><V45/><F117/><W131/><G131/><T86/><D80/><U77/><E77/><V72/><F116/><W17/><G81/><T93/><D93/><U8/><E8/><V38/><F82/><W5/><G10/><T33/><D33/><U99/><E99/><AGARI ba="2,1" hai="20,27,31,84,85,86,97,99" m="24647,58591" machi="99" ten="30,2000,0" yaku="8,1,52,1" doraHai="19" who="0" fromWho="1" sc="270,36,220,-26,270,0,230,0" />
</Scene>
<Scene>
<INIT seed="3,0,0,5,4,56" ten="306,194,270,230" oya="3" hai0="45,87,22,59,77,61,42,53,41,8,33,19,127" hai1="83,65,36,14,26,11,1,82,114,30,24,35,102" hai2="72,96,97,90,105,101,124,107,76,120,131,88,79" hai3="34,17,84,66,63,43,58,52,81,89,106,135,51"/><W133/><G106/><T117/><D33/><U118/><E114/><V4/><F4/><W18/><G34/><T39/><D117/><U25/><E118/><V74/><F131/><W37/><G37/><T44/><D127/><U119/><E119/><V99/><F124/><W57/><REACH who="3" step="1"/><G43/><REACH who="3" ten="306,194,270,220" step="2"/><T110/><D110/><U46/><E36/><V50/><F120/><W62/><G62/><T104/><D104/><N who="2" m="40010" /><F50/><W13/><G13/><T112/><D112/><U3/><E35/><V12/><F12/><W80/><G80/><T48/><D39/><U125/><E83/><N who="2" m="45447" /><F101/><W20/><G20/><T16/><D41/><U116/><E102/><V69/><F69/><W55/><G55/><T92/><D22/><U115/><E125/><V47/><F47/><W70/><G70/><T60/><D45/><U67/><E46/><V103/><F103/><W21/><G21/><T122/><D122/><U128/><E14/><V23/><F23/><W95/><G95/><T9/><D42/><U5/><E116/><V93/><F93/><W123/><G123/><T111/><D92/><U7/><E128/><V75/><F75/><W129/><G129/><T6/><D53/><U132/><E1/><V32/><F32/><W68/><G68/><T15/><D9/><U113/><E3/><V49/><F49/><W130/><G130/><T109/><D19/><AGARI ba="0,1" hai="17,18,19,51,52,57,58,63,66,81,84,89,133,135" machi="19" ten="40,12000,1" yaku="1,1,52,1,54,1,53,1" doraHai="56" doraHaiUra="86" who="3" fromWho="0" sc="306,-120,194,0,270,0,220,130" />
</Scene>
<Scene>
<INIT seed="3,1,0,3,4,36" ten="186,194,270,350" oya="3" hai0="2,129,130,107,77,109,42,116,133,89,92,113,9" hai1="38,128,23,63,57,66,75,15,65,30,24,60,112" hai2="14,43,132,103,73,53,4,71,16,105,121,70,79" hai3="50,115,51,5,134,3,19,135,54,93,62,1,17"/><W0/><G115/><T31/><D107/><U119/><E112/><V80/><F121/><W97/><G5/><N who="0" m="1207" /><D113/><U131/><E75/><V59/><F132/><N who="3" m="50731" /><G62/><T7/><D116/><U111/><E119/><V10/><F105/><W32/><G32/><T45/><D133/><U21/><E111/><V56/><F103/><N who="3" m="60847" /><G51/><N who="0" m="27063" /><D77/><U46/><E21/><V55/><F4/><W39/><G39/><T68/><D68/><U101/><E15/><V37/><F37/><W41/><G41/><T98/><D31/><U85/><E101/><V52/><REACH who="2" step="1"/><F43/><REACH who="2" ten="186,194,260,350" step="2"/><W90/><G90/><T20/><D7/><U126/><E38/><V58/><AGARI ba="1,1" hai="10,14,16,52,53,55,56,58,59,70,71,73,79,80" machi="58" ten="30,8000,1" yaku="1,1,2,1,0,1,54,2,53,0" doraHai="36" doraHaiUra="88" who="2" fromWho="2" sc="186,-21,194,-21,260,93,350,-41" />
</Scene>
<Scene>
<INIT seed="4,0,0,2,0,104" ten="165,173,353,309" oya="0" hai0="127,98,64,21,31,8,101,112,24,134,47,96,68" hai1="93,42,108,129,0,80,2,84,133,46,33,116,110" hai2="12,76,118,10,62,115,30,1,56,128,97,49,78" hai3="67,106,5,123,14,57,13,72,85,95,36,69,74"/><T58/><D112/><U86/><E116/><V43/><F115/><W122/><G106/><T71/><D127/><U92/><E33/><V63/><F118/><W132/><G69/><T124/><D124/><U54/><E129/><V27/><F128/><W17/><G36/><T34/><D134/><U125/><E125/><V40/><F1/><W105/><G105/><T39/><D8/><U113/><E133/><V16/><F97/><W18/><G132/><T38/><D98/><U65/><E113/><V22/><F63/><N who="3" m="38383" /><G5/><T4/><D4/><U114/><E114/><V70/><F70/><W91/><G14/><T29/><D39/><U3/><E54/><V9/><F9/><N who="3" m="6319" /><G18/><T89/><D89/><U20/><E65/><V109/><F109/><W44/><G44/><T25/><D47/><U90/><E20/><V121/><F121/><AGARI ba="0,0" hai="72,74,85,91,95,121,122,123" m="6319,38383" machi="121" ten="30,3900,0" yaku="13,1,52,2" doraHai="104" who="3" fromWho="2" sc="165,0,173,0,353,-39,309,39" />
</Scene>
<Scene>
<INIT seed="5,0,0,2,3,44" ten="165,173,314,348" oya="1" hai0="0,101,111,88,52,115,113,10,125,54,28,74,79" hai1="98,37,109,90,93,77,103,57,85,119,8,17,31" hai2="22,71,92,112,72,14,20,2,23,11,42,55,67" hai3="78,133,64,123,56,16,100,134,80,21,69,102,128"/><U121/><E119/><V110/><F110/><W108/><G69/><T15/><D111/><U43/><E109/><V68/><F2/><W97/><G123/><T26/><D0/><U25/><E121/><V117/><F72/><W65/><G108/><T12/><D101/><N who="3" m="39017" /><G97/><T99/><D125/><U116/><E116/><V89/><F117/><W124/><G124/><T91/><D79/><U61/><E77/><V13/><F112/><N who="0" m="43082" /><D74/><U48/><E37/><V60/><F71/><W58/><G128/><T50/><D54/><N who="1" m="33975" /><E31/><V46/><F55/><W53/><G80/><T135/><D135/><N who="3" m="51721" /><G78/><T87/><D99/><U6/><E6/><V33/><F33/><W38/><G38/><T9/><D91/><U4/><E4/><V76/><F76/><W105/><G105/><T63/><D63/><U59/><E98/><V30/><F30/><W36/><G36/><T66/><D66/><N who="3" m="25705" /><G53/><T5/><D5/><U130/><E130/><V40/><F11/><W35/><G35/><N who="0" m="20887" /><D9/><U114/><E114/><V41/><REACH who="2" step="1"/><F46/><REACH who="2" ten="165,173,304,348" step="2"/><W62/><G62/><T129/><D10/><U120/><E120/><V45/><F45/><W106/><G106/><T3/><D3/><U34/><E8/><V49/><F49/><W94/><G58/><N who="0" m="33047" /><D129/><U18/><E34/><V81/><F81/><AGARI ba="0,1" hai="12,15,81,87,88" m="33047,20887,43082" machi="81" ten="30,7700,0" yaku="15,1,52,1,54,2" doraHai="44" who="0" fromWho="2" sc="165,87,173,0,304,-77,348,0" />
</Scene>
<Scene>
<INIT seed="6,0,0,0,0,54" ten="252,173,227,348" oya="2" hai0="47,99,98,105,102,64,135,20,134,6,52,41,29" hai1="118,92,7,83,21,109,19,125,0,95,34,100,86" hai2="13,49,22,131,66,23,122,96,82,91,81,2,51" hai3="76,56,28,58,71,63,35,121,9,27,115,126,50"/><V77/><F131/><W55/><G121/><T94/><D64/><U32/><E118/><V103/><F122/><W74/><G126/><T12/><D6/><U120/><E120/><V37/><F2/><W38/><G38/><T70/><D70/><U78/><E125/><V40/><F66/><W17/><G71/><T73/><D73/><U57/><E109/><V128/><F128/><W119/><G119/><T14/><D29/><U97/><E95/><V62/><F62/><W33/><G115/><T72/><D72/><U111/><E111/><V90/><F37/><W106/><G106/><T127/><D127/><U123/><E123/><V48/><F40/><W133/><G133/><T45/><D52/><U79/><E79/><V80/><F77/><W113/><G113/><T104/><D20/><U129/><E129/><V61/><F61/><W68/><G68/><T1/><D1/><U114/><E114/><V84/><F13/><W11/><G35/><T107/><D99/><U43/><E43/><V93/><REACH who="2" step="1"/><F91/><REACH who="2" ten="252,173,217,348" step="2"/><W89/><G89/><T31/><D41/><U101/><E0/><V10/><F10/><W5/><G11/><T46/><REACH who="0" step="1"/><D31/><REACH who="0" ten="242,173,217,348" step="2"/><U69/><E69/><V8/><F8/><W67/><G9/><T116/><D116/><U39/><E7/><V130/><F130/><W87/><G5/><T110/><D110/><U44/><E39/><V25/><F25/><W59/><G27/><T85/><D85/><U3/><E86/><V15/><F15/><AGARI ba="0,2" hai="12,14,15,45,46,47,94,98,102,104,105,107,134,135" machi="15" ten="50,1600,0" yaku="1,1,53,0" doraHai="54" doraHaiUra="18" who="0" fromWho="2" sc="242,36,173,0,217,-16,348,0" />
</Scene>
<Scene>
<INIT seed="7,0,0,0,1,6" ten="278,173,201,348" oya="3" hai0="4,34,116,14,44,7,31,21,1,78,47,101,72" hai1="80,135,62,38,57,3,76,36,128,16,41,50,126" hai2="27,59,134,107,68,99,23,88,24,104,113,89,123" hai3="70,53,45,95,120,81,49,127,35,61,56,77,67"/><W19/><G120/><T63/><D116/><U11/><E126/><V118/><F68/><W112/><G35/><T52/><D101/><U28/><E3/><V93/><F118/><W12/><G127/><T37/><D78/><U85/><E128/><V22/><F123/><W103/><G112/><T66/><D72/><U55/><E135/><V133/><F113/><W96/><G70/><T69/><D37/><U48/><E36/><V83/><F59/><W13/><G19/><T32/><D4/><U82/><E28/><N who="2" m="17431" /><F89/><W17/><G17/><T129/><D129/><U79/><E38/><V87/><F83/><N who="1" m="31785" /><E85/><AGARI ba="0,0" hai="12,13,45,49,53,56,61,67,77,81,85,95,96,103" machi="85" ten="30,2900,0" yaku="7,1,8,1" doraHai="6" who="3" fromWho="1" sc="278,0,173,-29,201,0,348,29" owari="278,8.0,144,-36.0,201,-20.0,377,48.0" />
</Scene>
</mjloggm>