<mjloggm ver="2.3"><GO type="169"/><UN n0="%E3%83%92%E3%82%B2%E3%83%AD%E3%83%B3%E3%82%B0" n1="%E5%A4%AA%E3%81%8F%E3%81%AA%E3%81%84%E3%81%8A" n2="%E3%81%BE%E3%81%AA%E3%81%84%E3%81%9F%E3%82%88%E3%81%86%E3%81%98%E3%82%87" n3="%E3%82%AF%E3%83%A9" dan="18,18,16,17" rate="2201,2164,2133,2101" sx="M,M,M,M"/><TAIKYOKU oya="0"/>

<Scene>
<INIT seed="0,0,0,3,5,73" ten="250,250,250,250" oya="0" hai0="88,97,52,76,42,27,23,67,110,106,95,120,104" hai1="1,132,33,54,63,82,123,28,72,38,107,12,74" hai2="32,64,118,111,80,90,130,71,122,93,114,124,50" hai3="9,62,44,133,29,57,39,103,85,70,112,16,10"/><T20/><D120/><U13/><E1/><V3/><RYUUKYOKU type="yao9" ba="0,0" sc="250,0,250,0,250,0,250,0" hai2="3,32,50,64,71,80,90,93,111,114,118,122,124,130" />
</Scene>
<Scene>
<INIT seed="0,1,0,3,3,101" ten="250,250,250,250" oya="0" hai0="130,120,37,123,34,19,91,30,29,14,66,47,61" hai1="53,45,36,95,81,2,16,9,18,31,3,57,90" hai2="58,63,105,74,69,52,42,46,125,8,86,56,119" hai3="127,43,26,99,24,134,67,0,128,33,100,116,27"/><T6/><D6/><U7/><E31/><V38/><F74/><W106/><G116/><T117/><D117/><U108/><E108/><V73/><F73/><W21/><G134/><T39/><D130/><U76/><E3/><V132/><F119/><W135/><G135/><T82/><D120/><U15/><E2/><V28/><F132/><W5/><G128/><T48/><D123/><U40/><E81/><V94/><F28/><W22/><G127/><T124/><D39/><U80/><E80/><V17/><F125/><W87/><G43/><T107/><D37/><U20/><E76/><V113/><F56/><W131/><G131/><T49/><D107/><U25/><E25/><V13/><F113/><W65/><G87/><N who="0" m="50679" /><D34/><U50/><REACH who="1" step="1"/><E20/><REACH who="1" ten="250,240,250,250" step="2"/><V79/><F79/><W114/><G22/><N who="0" m="11639" /><D124/><U102/><E102/><V115/><F115/><W32/><G114/><T84/><D30/><U109/><E109/><V60/><F8/><W98/><G21/><T103/><D29/><U118/><E118/><V122/><F122/><W59/><G33/><T55/><D103/><U97/><AGARI ba="1,1" hai="7,9,15,16,18,36,40,45,50,53,57,90,95,97" machi="97" ten="20,5200,0" yaku="1,1,0,1,7,1,54,1,53,0" doraHai="101" doraHaiUra="35" who="1" fromWho="1" sc="250,-27,240,65,250,-14,250,-14" />
</Scene>
<Scene>
<INIT seed="1,0,0,5,5,44" ten="223,305,236,236" oya="1" hai0="66,14,46,121,62,55,26,20,132,117,92,120,10" hai1="84,126,69,88,127,58,18,76,4,42,0,24,94" hai2="104,65,118,3,72,68,97,135,115,71,77,12,102" hai3="39,35,38,80,54,30,70,107,108,7,59,73,56"/><U86/><E69/><V106/><F118/><W61/><G107/><T82/><D117/><U52/><E42/><V105/><F12/><W22/><G108/><T2/><D2/><U83/><E0/><V113/><F3/><W8/><G35/><T85/><D92/><U75/><E4/><V57/><F57/><W19/><G30/><T67/><D132/><U98/><E24/><V1/><F1/><W50/><G70/><N who="2" m="26665" /><F65/><W23/><G80/><T37/><D37/><U74/><E18/><V13/><F13/><W109/><G73/><T91/><D120/><U114/><E114/><N who="2" m="43531" /><F135/><W49/><G109/><T45/><D121/><U48/><REACH who="1" step="1"/><E86/><REACH who="1" ten="223,295,236,236" step="2"/><V40/><F40/><W123/><G123/><T6/><D26/><U119/><E119/><V116/><F116/><W41/><G41/><T25/><D25/><U16/><E16/><V134/><F134/><W87/><G87/><T32/><D32/><U9/><E9/><V11/><F11/><W96/><G19/><T78/><D20/><U53/><E53/><V89/><F89/><W133/><G133/><T103/><D91/><U130/><E130/><V101/><F101/><W15/><G8/><T63/><D103/><U29/><E29/><V95/><F72/><AGARI ba="0,1" hai="48,52,58,72,74,75,76,83,84,88,94,98,126,127" machi="72" ten="40,12000,1" yaku="1,1,52,1,54,2,53,0" doraHai="44" doraHaiUra="125" who="1" fromWho="2" sc="223,0,295,130,236,-120,236,0" />
</Scene>
<Scene>
<INIT seed="1,1,0,4,5,17" ten="223,425,116,236" oya="1" hai0="10,3,98,44,18,43,121,100,45,28,20,123,106" hai1="108,40,120,13,35,47,24,70,33,76,71,8,79" hai2="103,27,61,105,54,128,19,65,109,37,92,84,15" hai3="42,57,131,132,102,107,23,1,48,12,72,118,11"/><U111/><E120/><N who="0" m="46153" /><D43/><U62/><E79/><V51/><F37/><W93/><G107/><T134/><D134/><U97/><E76/><V78/><F105/><W56/><G72/><T63/><D63/><U36/><E97/><V2/><F2/><W68/><G68/><N who="1" m="26154" /><E62/><V73/><F73/><W117/><G132/><T32/><D32/><U91/><E91/><V90/><F103/><W82/><G82/><T58/><D58/><U77/><E77/><V124/><F78/><W87/><G1/><T7/><D28/><U46/><E24/><AGARI ba="1,0" hai="3,7,10,18,20,24,44,45,98,100,106" m="46153" machi="24" ten="30,2000,0" yaku="13,1,52,1" doraHai="17" who="0" fromWho="1" sc="223,23,425,-23,116,0,236,0" />
</Scene>
<Scene>
<INIT seed="2,0,0,4,5,17" ten="246,402,116,236" oya="2" hai0="80,34,89,21,86,69,10,42,88,41,107,16,122" hai1="25,129,81,111,74,95,3,15,59,92,71,134,0" hai2="93,61,27,65,40,126,87,53,120,68,51,35,77" hai3="106,96,116,78,47,50,127,82,97,133,55,5,83"/><V66/><F120/><W44/><G116/><T39/><D122/><U46/><E71/><V8/><F40/><N who="0" m="15466" /><D34/><U24/><E46/><V58/><F126/><W114/><G127/><T123/><D107/><U75/><E59/><V13/><F35/><W118/><G118/><T125/><D69/><U90/><E15/><V100/><F27/><W102/><G133/><T85/><D39/><U64/><E64/><V31/><F31/><W19/><G44/><T91/><D125/><U131/><E81/><N who="2" m="47535" /><F68/><W108/><G5/><T1/><D1/><U33/><E33/><V94/><F100/><W43/><G43/><T132/><D132/><U22/><E134/><V119/><F119/><W130/><G96/><T32/><D32/><U109/><REACH who="1" step="1"/><E90/><REACH who="1" ten="246,392,116,236" step="2"/><N who="0" m="34921" /><D123/><U101/><E101/><V14/><F14/><W26/><G102/><T62/><D62/><U84/><E84/><V45/><F65/><W12/><G12/><N who="0" m="9351" /><D85/><U112/><E112/><V23/><F8/><AGARI ba="0,1" hai="8,10,80,86,91" m="9351,34921,15466" machi="8" ten="30,7700,0" yaku="8,1,52,1,54,2" doraHai="17" who="0" fromWho="2" sc="246,87,392,0,116,-77,236,0" />
</Scene>
<Scene>
<INIT seed="3,0,0,1,1,105" ten="333,392,39,236" oya="3" hai0="4,25,122,76,78,29,125,9,124,75,12,20,120" hai1="38,54,5,85,118,96,123,23,11,47,43,91,86" hai2="73,19,21,15,65,71,49,66,69,127,2,10,131" hai3="16,64,42,103,134,97,89,44,41,1,51,133,117"/><W63/><G117/><T102/><D102/><U35/><E123/><V98/><F131/><W52/><G1/><T68/><D68/><U132/><E35/><V121/><F121/><N who="0" m="46698" /><D75/><U8/><E118/><V130/><F127/><AGARI ba="0,0" hai="4,9,12,20,25,29,76,78,124,125,127" m="46698" machi="127" ten="30,1000,0" yaku="18,1" doraHai="105" who="0" fromWho="2" sc="333,10,392,0,39,-10,236,0" />
</Scene>
<Scene>
<INIT seed="4,0,0,3,2,64" ten="343,392,29,236" oya="0" hai0="50,107,94,119,34,126,67,49,27,55,9,66,73" hai1="25,53,30,19,51,15,89,78,61,17,112,92,43" hai2="57,130,81,127,122,82,116,102,24,124,114,54,41" hai3="65,93,8,85,69,3,20,26,90,52,29,37,5"/><T99/><D119/><U133/><E133/><V104/><F116/><W45/><G37/><T75/><D107/><U12/><E78/><V31/><F122/><W132/><G132/><T125/><D9/><U118/><E118/><V63/><F41/><W115/><G115/><T100/><D34/><U108/><E108/><V10/><F10/><W109/><G109/><T60/><D27/><U101/><E101/><V91/><F114/><W88/><G90/><T7/><D7/><U134/><E134/><V97/><F130/><W76/><G76/><T135/><D67/><U38/><E38/><V96/><F96/><W111/><G111/><T4/><D4/><U103/><E103/><V98/><F98/><W39/><G39/><T46/><D49/><U79/><E79/><V86/><REACH who="2" step="1"/><F82/><REACH who="2" ten="343,392,19,236" step="2"/><W95/><G95/><T47/><D135/><U74/><E43/><V44/><F44/><W16/><G45/><T48/><D47/><U131/><E131/><V0/><F0/><W71/><G65/><T68/><REACH who="0" step="1"/><D50/><REACH who="0" ten="333,392,19,236" step="2"/><U121/><E51/><V33/><AGARI ba="0,2" hai="24,31,33,54,57,63,81,86,91,97,102,104,124,127" machi="33" ten="30,2000,0" yaku="1,1,0,1,53,0" doraHai="64" doraHaiUra="1" who="2" fromWho="2" sc="333,-10,392,-5,19,40,236,-5" />
</Scene>
<Scene>
<INIT seed="5,0,0,0,0,93" ten="323,387,59,231" oya="1" hai0="62,61,4,105,69,48,128,22,59,124,66,135,89" hai1="45,86,24,82,122,102,52,121,2,129,120,54,64" hai2="55,53,20,32,19,90,21,103,79,76,92,34,1" hai3="83,60,78,106,13,29,133,27,127,108,26,71,116"/><U58/><E2/><V110/><F1/><W35/><G108/><T68/><D4/><U47/><E129/><V7/><F7/><W113/><G113/><T37/><D105/><U28/><E102/><V70/><F103/><W57/><G133/><T8/><D8/><U12/><E12/><V117/><F110/><W118/><G127/><T112/><D22/><U125/><E125/><V0/><F0/><W101/><G13/><T72/><D72/><U73/><E64/><V123/><F70/><W114/><G26/><T74/><D74/><U31/><E73/><V126/><F126/><W109/><G114/><T119/><D119/><U15/><E15/><V75/><F75/><W30/><G30/><T115/><D89/><U16/><E16/><V131/><F123/><W49/><G109/><T87/><D87/><U44/><E58/><V84/><F117/><W18/><G18/><T33/><D124/><U80/><E31/><V91/><F131/><W40/><G71/><T77/><D128/><U46/><E46/><V63/><F63/><W42/><G116/><T98/><D66/><U5/><E5/><V38/><F38/><W99/><G118/><T111/><D37/><U104/><E104/><V43/><F43/><W97/><G42/><T10/><D69/><U25/><E25/><V51/><F51/><W67/><G49/><T50/><D68/><U9/><E9/><V130/><F130/><W17/><G40/><T107/><D10/><U88/><REACH who="1" step="1"/><E82/><REACH who="1" ten="323,377,59,231" step="2"/><V81/><F81/><W14/><G83/><T23/><D115/><U132/><E132/><V85/><F19/><RYUUKYOKU ba="0,1" sc="323,-15,377,15,59,15,231,-15" hai1="24,28,44,45,47,52,54,80,86,88,120,121,122" hai2="20,21,32,34,53,55,76,79,84,85,90,91,92" />
</Scene>
<Scene>
<INIT seed="5,1,1,2,3,123" ten="308,392,74,216" oya="1" hai0="75,1,92,17,129,61,49,134,119,114,38,104,80" hai1="13,15,32,57,7,69,10,47,73,94,20,133,99" hai2="67,64,66,88,83,81,24,30,43,42,115,31,77" hai3="56,37,101,107,108,113,78,110,125,60,74,106,27"/><U40/><E69/><V71/><F71/><W121/><G121/><T70/><RYUUKYOKU type="yao9" ba="1,1" sc="308,0,392,0,74,0,216,0" hai0="1,17,38,49,61,70,75,80,92,104,114,119,129,134" />
</Scene>
<Scene>
<INIT seed="5,2,1,4,0,127" ten="308,392,74,216" oya="1" hai0="60,36,132,20,24,76,85,134,79,82,19,89,81" hai1="80,3,130,7,124,72,113,122,120,107,116,84,39" hai2="121,14,59,64,98,9,53,100,73,128,47,21,4" hai3="104,61,86,63,5,117,131,87,6,69,65,43,31"/><U109/><RYUUKYOKU type="yao9" ba="2,1" sc="308,0,392,0,74,0,216,0" hai1="3,7,39,72,80,84,107,109,113,116,120,122,124,130" />
</Scene>
<Scene>
<INIT seed="5,3,1,1,4,107" ten="308,392,74,216" oya="1" hai0="55,45,37,79,83,113,103,92,74,48,119,102,117" hai1="12,8,28,80,128,34,121,75,132,115,125,104,24" hai2="54,90,85,36,16,110,67,126,50,17,97,58,20" hai3="1,87,86,7,56,6,82,89,122,52,4,59,68"/><U62/><E104/><V95/><F110/><W10/><G122/><T91/><D113/><U84/><E121/><V127/><F36/><W133/><G68/><T15/><D37/><U109/><E115/><V108/><F108/><W19/><G133/><T120/><D120/><U131/><E109/><V43/><F43/><W32/><G32/><T100/><REACH who="0" step="1"/><D15/><REACH who="0" ten="298,392,74,216" step="2"/><U129/><E132/><V31/><F67/><W65/><G65/><T94/><D94/><U101/><E125/><V78/><F127/><W11/><G1/><T47/><D47/><U27/><E129/><V134/><F134/><W124/><G124/><T105/><D105/><U72/><E128/><V41/><F126/><W51/><G59/><T14/><D14/><U44/><E131/><V106/><F106/><W0/><G0/><T123/><D123/><U114/><E114/><V13/><F41/><W2/><G2/><T71/><D71/><U81/><E44/><V69/><F69/><W96/><G96/><AGARI ba="3,2" hai="45,48,55,74,79,83,91,92,96,100,102,103,117,119" machi="96" ten="40,2600,0" yaku="1,1,52,1,53,0" doraHai="107" doraHaiUra="116" who="0" fromWho="3" sc="298,55,392,0,74,0,216,-35" />
</Scene>
<Scene>
<INIT seed="6,0,0,2,3,118" ten="353,392,74,181" oya="2" hai0="124,13,19,131,86,35,65,90,4,58,75,7,122" hai1="100,125,81,67,126,78,24,47,102,95,92,101,63" hai2="46,20,38,17,134,106,14,18,107,21,130,48,16" hai3="36,71,1,114,111,104,110,69,41,61,94,77,9"/><V79/><F38/><W15/><G104/><T135/><D75/><N who="1" m="43231" /><E47/><V66/><F66/><W133/><G1/><T55/><D35/><U43/><E43/><V26/><F130/><W32/><G32/><T89/><D131/><U0/><E24/><V52/><F134/><W23/><G23/><T109/><D135/><U119/><E0/><V56/><F79/><W73/><G133/><T70/><D109/><U31/><E31/><V72/><F72/><W34/><G34/><T33/><D33/><U82/><E119/><V97/><F97/><W96/><G77/><T62/><D124/><N who="1" m="47723" /><E82/><V6/><F6/><W80/><G80/><T128/><D128/><U83/><E83/><V22/><REACH who="2" step="1"/><F46/><REACH who="2" ten="353,392,64,181" step="2"/><W99/><G73/><T64/><D64/><U123/><E123/><V115/><F115/><W127/><G114/><T53/><D122/><U11/><E11/><V8/><F8/><W88/><G9/><T93/><D65/><U87/><E87/><V42/><F42/><W113/><G41/><T76/><D7/><U49/><E67/><V85/><F85/><W91/><G36/><T116/><D4/><U121/><E121/><V25/><AGARI ba="0,1" hai="14,16,17,18,20,21,22,25,26,48,52,56,106,107" machi="25" ten="20,18000,2" yaku="1,1,0,1,7,1,9,1,54,2,53,0" doraHai="118" doraHaiUra="68" who="2" fromWho="2" sc="353,-60,392,-60,64,190,181,-60" />
</Scene>
<Scene>
<INIT seed="6,1,0,1,0,28" ten="293,332,254,121" oya="2" hai0="42,57,45,53,109,113,39,130,5,124,67,14,73" hai1="132,52,10,9,112,125,35,43,98,114,99,128,93" hai2="126,65,59,85,116,107,47,21,127,11,102,51,66" hai3="8,68,84,81,70,106,33,41,1,24,88,83,32"/><V78/><F116/><W20/><G106/><T71/><D73/><U117/><E117/><V115/><F107/><W34/><G41/><T0/><D0/><U76/><E132/><V90/><F78/><W2/><G83/><T96/><D109/><U16/><E128/><V129/><F102/><W62/><G8/><T135/><D135/><U50/><E125/><N who="2" m="47627" /><F115/><N who="1" m="44073" /><E35/><V131/><F11/><W26/><G26/><T103/><D124/><U72/><E43/><N who="2" m="25087" /><F21/><W123/><G123/><T13/><D113/><U46/><E9/><V92/><F59/><W38/><G38/><T27/><D130/><AGARI ba="1,0" hai="65,66,85,90,92,129,130,131" m="25087,47627" machi="130" ten="30,2900,0" yaku="19,1,18,1" doraHai="28" who="2" fromWho="0" sc="293,-32,332,0,254,32,121,0" />
</Scene>
<Scene>
<INIT seed="6,2,0,5,5,32" ten="261,332,286,121" oya="2" hai0="94,98,83,81,82,50,59,26,78,90,7,40,88" hai1="109,33,126,115,120,64,91,24,103,42,44,74,84" hai2="95,49,38,79,71,107,134,54,27,47,111,25,67" hai3="99,9,77,85,23,92,66,56,73,129,105,123,96"/><V127/><F107/><W55/><G123/><T70/><D70/><U37/><E109/><V12/><F79/><W53/><G129/><T133/><D133/><U21/><E74/><V86/><F134/><W4/><G73/><T2/><D26/><U122/><E115/><V102/><F127/><W104/><G66/><T31/><D31/><U116/><E116/><V76/><F38/><W100/><G23/><T121/><D121/><N who="1" m="46699" /><E126/><V61/><F111/><W89/><G77/><T48/><D78/><U131/><E131/><V51/><F12/><W43/><G43/><T75/><D75/><U112/><E112/><V60/><F60/><W108/><G108/><T22/><D22/><U14/><E64/><V58/><F102/><W6/><G6/><T15/><D2/><U114/><E103/><V34/><F34/><W130/><G130/><T35/><D35/><U16/><E114/><V101/><F101/><W117/><G117/><T110/><D110/><U72/><E72/><V65/><F65/><W68/><G68/><T10/><D40/><U63/><E63/><V87/><F76/><W106/><G99/><T30/><D30/><N who="1" m="19655" /><E84/><V69/><F86/><W52/><REACH who="3" step="1"/><G56/><REACH who="3" ten="261,332,286,111" step="2"/><T97/><D59/><U20/><E21/><V11/><F71/><W3/><AGARI ba="2,1" hai="3,4,9,52,53,55,85,89,92,96,100,104,105,106" machi="3" ten="30,8000,1" yaku="1,1,2,1,0,1,52,1,54,1,53,0" doraHai="32" doraHaiUra="19" who="3" fromWho="3" sc="261,-22,332,-22,286,-42,111,96" />
</Scene>
<Scene>
<INIT seed="7,0,0,1,0,46" ten="239,310,244,207" oya="3" hai0="103,57,8,67,4,68,19,96,32,64,118,113,14" hai1="62,52,1,65,50,41,87,107,76,82,37,9,44" hai2="78,126,124,92,39,33,81,129,6,102,59,88,111" hai3="77,11,66,0,122,115,54,48,20,28,55,133,110"/><W63/><G122/><T73/><D118/><U120/><E107/><V97/><F33/><W121/><G121/><T34/><D68/><N who="1" m="42039" /><E120/><V74/><F39/><W18/><G110/><T56/><D73/><U69/><E69/><V131/><F6/><W17/><G133/><T95/><D113/><U42/><E42/><V130/><F59/><N who="0" m="22602" /><D34/><U7/><E52/><N who="3" m="20010" /><G115/><T12/><D32/><U47/><E47/><V116/><F116/><W30/><G0/><T27/><D27/><U98/><E98/><N who="2" m="57607" /><F111/><W49/><G77/><T112/><D112/><U119/><E119/><V84/><F74/><W45/><G63/><T79/><D79/><U93/><E93/><AGARI ba="0,0" hai="78,81,84,93,97,102,124,126,129,130,131" m="57607" machi="93" ten="30,7700,0" yaku="19,1,34,2,54,1" doraHai="46" who="2" fromWho="1" sc="239,0,310,-77,244,77,207,0" owari="239,4.0,233,-17.0,321,42.0,207,-29.0" />
</Scene>
</mjloggm>