<mjloggm ver="2.3"><GO type="41"/><UN n0="%E8%B6%85%E3%83%87%E3%82%B8%E3%82%BF%E3%83%AB%E6%B4%BE" n1="%4E%61%6B%61%64%61" n2="%46%61%72%61%68" n3="%E5%A4%AA%E3%81%8F%E3%81%AA%E3%81%84%E3%81%8A" dan="16,14,15,15" rate="2116,1866,1958,2031" sx="M,M,M,M"/><TAIKYOKU oya="0"/>

<Scene>
<INIT seed="0,0,0,0,2,29" ten="250,250,250,250" oya="0" hai0="45,83,25,121,124,0,117,23,101,66,42,111,95" hai1="86,134,129,54,20,62,44,9,63,123,85,1,59" hai2="102,58,133,50,79,16,49,67,4,61,65,28,56" hai3="104,57,130,8,97,22,94,78,81,114,43,118,122"/><T100/><D121/><U60/><E123/><V98/><F133/><W36/><G122/><T13/><D117/><U88/><E134/><V75/><F4/><W106/><G118/><T109/><D0/><U90/><E129/><V99/><F75/><W48/><G114/><T135/><D135/><U19/><E44/><V80/><F28/><W91/><G130/><T126/><D66/><U96/><E96/><V33/><F33/><W7/><G22/><T17/><D83/><U105/><E9/><V74/><F102/><N who="0" m="39530" /><D95/><N who="1" m="54671" /><E1/><V24/><F99/><W21/><G21/><T6/><D6/><U110/><E110/><N who="0" m="41993" /><D13/><N who="1" m="9327" /><E105/><V18/><F98/><W107/><G107/><T38/><AGARI ba="0,0" hai="17,23,25,38,42,45,124,126" m="41993,39530" machi="38" ten="30,3000,0" yaku="14,1,10,1" doraHai="29" who="0" fromWho="0" sc="250,30,250,-10,250,-10,250,-10" />
</Scene>
<Scene>
<INIT seed="0,1,0,1,0,133" ten="280,240,240,240" oya="0" hai0="58,96,51,9,48,56,24,27,71,107,129,2,21" hai1="92,0,74,116,98,66,28,57,108,62,8,103,134" hai2="36,75,44,64,93,61,15,10,90,72,77,42,123" hai3="53,83,132,31,111,80,14,19,121,94,18,76,130"/><T68/><D129/><U87/><E108/><V115/><F123/><W70/><G70/><T118/><D118/><U69/><E134/><V52/><F115/><W99/><G132/><T78/><D78/><U25/><E116/><V3/><F3/><W65/><G111/><T82/><D82/><U46/><E74/><V126/><F77/><W5/><G130/><T43/><D2/><U85/><E46/><V88/><F90/><W29/><G65/><T16/><D107/><U73/><E73/><V67/><F126/><W37/><G37/><T20/><D96/><U50/><E8/><V106/><F106/><W55/><G5/><T45/><D9/><U95/><E0/><V12/><F75/><W17/><G14/><T23/><D23/><U84/><E50/><V101/><F101/><N who="3" m="60663" /><G121/><T60/><D60/><U39/><E39/><V11/><F72/><W109/><G109/><T104/><D104/><U125/><E95/><V119/><F119/><W6/><G6/><T54/><REACH who="0" step="1"/><D58/><REACH who="0" ten="270,240,240,240" step="2"/><U120/><E69/><V47/><F10/><W30/><G83/><T122/><D122/><U1/><E1/><V113/><F11/><W117/><G117/><T105/><D105/><U110/><E120/><V32/><F32/><W22/><G22/><T114/><D114/><U35/><REACH who="1" step="1"/><E110/><REACH who="1" ten="270,230,240,240" step="2"/><V13/><F113/><W26/><G80/><T127/><D127/><AGARI ba="1,2" hai="25,28,35,57,62,66,84,85,87,92,98,103,125,127" machi="127" ten="40,8000,1" yaku="1,1,2,1,52,2,53,0" doraHai="133" doraHaiUra="38" who="1" fromWho="0" sc="270,-83,230,103,240,0,240,0" />
</Scene>
<Scene>
<INIT seed="1,0,0,4,5,67" ten="187,333,240,240" oya="1" hai0="65,9,89,131,55,28,127,93,7,12,53,78,73" hai1="62,0,69,51,79,106,54,60,72,118,39,82,29" hai2="88,3,37,5,6,1,14,44,95,133,112,43,80" hai3="66,59,61,115,87,130,98,103,129,135,108,128,21"/><U114/><E114/><V50/><F112/><W113/><G108/><T99/><D127/><U71/><E118/><V19/><F133/><W109/><G109/><T134/><D131/><U32/><E0/><V76/><F37/><W119/><G135/><T20/><D134/><U24/><E39/><V85/><F3/><W111/><G111/><T104/><D104/><U30/><E30/><V124/><F124/><W16/><G87/><T96/><D73/><U49/><E49/><V116/><F1/><W11/><G11/><T31/><D78/><U18/><E18/><V63/><F63/><W75/><G75/><T123/><D123/><U81/><E81/><V122/><F122/><W48/><G48/><T46/><D65/><U70/><REACH who="1" step="1"/><E106/><REACH who="1" ten="187,323,240,240" step="2"/><V56/><F116/><W68/><G119/><T52/><D46/><AGARI ba="0,1" hai="24,29,32,46,51,54,60,62,69,70,71,72,79,82" machi="46" ten="40,12000,1" yaku="1,1,2,1,52,3,53,0" doraHai="67" doraHaiUra="15" who="1" fromWho="0" sc="187,-120,323,130,240,0,240,0" />
</Scene>
<Scene>
<INIT seed="1,1,0,1,3,17" ten="67,453,240,240" oya="1" hai0="27,103,91,129,118,60,52,12,89,58,54,125,98" hai1="24,9,57,109,16,40,119,75,83,68,85,25,111" hai2="86,26,23,106,33,10,50,0,135,39,18,69,92" hai3="2,124,22,128,8,29,46,132,117,115,31,34,62"/><U32/><E68/><V35/><F39/><W7/><G62/><T14/><D118/><U11/><E75/><V84/><F69/><W76/><G76/><T51/><D125/><U80/><E119/><V104/><F50/><W122/><G46/><T108/><D108/><N who="1" m="41547" /><E40/><V20/><F135/><W63/><G63/><T53/><D129/><U47/><E47/><V120/><F120/><W13/><G117/><T126/><D126/><U77/><E83/><V21/><F92/><W45/><G45/><T55/><D12/><N who="1" m="7183" /><E32/><V4/><F86/><W113/><G124/><T127/><D127/><U37/><E37/><V65/><F65/><W88/><G122/><T48/><D89/><U42/><E42/><V78/><F35/><W96/><G132/><T112/><D91/><U121/><E121/><V102/><F33/><W95/><G128/><T116/><D116/><U130/><E130/><V100/><F104/><W131/><G131/><T99/><D103/><U15/><E57/><V107/><F102/><W90/><G90/><T3/><D58/><U30/><E30/><V93/><F100/><W133/><G133/><T67/><D54/><U36/><E36/><V123/><F123/><W64/><G64/><T94/><D67/><U43/><E43/><V70/><F70/><W87/><G34/><T105/><D55/><U59/><E59/><V82/><F93/><W73/><G73/><T71/><D53/><U6/><AGARI ba="1,0" hai="6,11,15,24,25,77,80,85" m="7183,41547" machi="6" ten="30,6000,0" yaku="14,1,10,1,54,1" doraHai="17" who="1" fromWho="1" sc="67,-21,453,63,240,-21,240,-21" />
</Scene>
<Scene>
<INIT seed="1,2,0,4,5,129" ten="46,516,219,219" oya="1" hai0="39,19,133,96,22,12,90,41,123,13,115,68,71" hai1="60,23,109,44,28,107,21,43,74,75,131,87,81" hai2="17,118,4,91,134,51,122,65,127,50,72,110,64" hai3="18,48,128,76,59,45,108,2,100,27,63,82,26"/><U73/><E107/><V84/><F72/><W38/><G2/><T77/><D115/><U93/><E131/><V9/><F118/><W61/><G128/><T83/><D123/><U15/><E93/><V37/><F122/><W34/><G38/><T20/><D41/><U24/><E109/><V54/><F37/><W101/><G108/><T125/><D39/><U32/><E60/><V55/><F110/><W117/><G117/><T52/><D125/><U0/><E0/><V95/><F127/><W92/><G34/><T36/><D36/><U25/><E15/><V106/><F106/><W62/><G59/><T104/><D133/><U70/><E70/><V56/><F134/><W31/><G18/><T8/><D22/><U5/><E5/><V114/><F114/><W58/><G58/><T102/><D90/><U14/><E14/><V98/><F98/><N who="3" m="59463" /><G101/><T33/><D33/><U97/><E97/><V119/><F119/><W80/><G31/><T66/><D66/><U11/><E11/><V130/><F130/><W29/><G29/><T135/><D135/><U16/><E32/><V69/><F69/><W35/><G35/><T124/><D124/><U53/><E43/><V112/><F112/><W78/><G82/><T132/><D132/><U111/><E111/><V3/><F17/><W105/><G105/><T126/><D126/><U1/><E1/><V42/><F42/><N who="3" m="24631" /><G80/><T116/><D116/><U67/><E67/><V49/><F56/><W113/><G113/><T103/><D68/><U88/><E74/><V86/><F84/><W79/><AGARI ba="2,0" hai="26,27,61,62,63,76,78,79" m="24631,59463" machi="79" ten="30,1100,0" yaku="8,1" doraHai="129" who="3" fromWho="3" sc="46,-5,516,-7,219,-5,219,17" />
</Scene>
<Scene>
<INIT seed="2,0,0,1,1,124" ten="41,509,214,236" oya="2" hai0="6,63,71,12,45,22,111,9,26,2,132,107,122" hai1="42,37,89,4,84,106,109,133,110,48,11,51,102" hai2="60,131,61,82,46,16,93,41,25,72,13,95,17" hai3="32,134,50,99,58,27,85,121,114,10,94,90,73"/><V35/><F72/><W68/><G121/><T87/><D107/><U36/><E133/><V78/><F35/><W8/><G68/><T44/><D122/><U29/><E29/><V0/><F0/><W52/><G73/><T97/><D132/><U116/><E116/><V19/><F25/><W62/><G134/><T43/><D111/><N who="1" m="42507" /><E102/><V15/><F131/><W129/><G114/><T39/><D71/><U65/><E65/><V76/><F82/><W64/><G129/><T135/><D135/><U108/><N who="1" m="42515" /><U96/><DORA hai="30" /><E96/><V56/><F56/><W7/><G32/><T24/><D63/><N who="2" m="24138" /><F46/><W54/><G27/><T101/><D26/><U80/><E106/><V115/><F41/><W117/><G117/><T100/><D45/><N who="1" m="25655" /><E51/><V77/><F115/><W98/><G54/><T18/><D97/><N who="3" m="36873" /><G7/><T104/><D104/><U14/><AGARI ba="0,0" hai="4,11,14,36,37,80,84,89" m="25655,42515" machi="14" ten="40,1500,0" yaku="14,1" doraHai="124,30" who="1" fromWho="1" sc="41,-4,509,15,214,-7,236,-4" />
</Scene>
<Scene>
<INIT seed="3,0,0,5,2,61" ten="37,524,207,232" oya="3" hai0="0,116,71,70,56,69,127,36,82,111,119,64,22" hai1="128,62,67,79,110,86,85,117,115,72,88,2,33" hai2="94,68,107,7,66,25,18,32,120,27,19,113,98" hai3="106,78,39,134,13,60,15,76,99,84,23,87,131"/><W114/><G114/><T118/><D0/><U10/><E110/><V59/><F120/><W109/><G39/><T17/><D36/><U124/><E124/><V49/><F113/><W28/><G131/><T92/><D111/><U112/><E128/><V41/><F7/><W42/><G42/><T5/><D5/><U30/><E117/><V43/><F107/><W20/><G109/><T54/><D127/><U93/><E72/><V100/><F68/><W126/><G126/><T52/><D92/><U129/><E129/><V104/><F104/><W4/><G134/><T50/><D82/><U58/><E30/><V24/><F32/><W1/><G1/><T75/><D75/><U12/><E2/><V108/><F108/><W47/><G47/><T35/><D35/><U123/><E33/><V73/><F73/><W3/><G3/><T16/><D17/><U26/><E26/><V130/><F130/><W44/><G44/><T53/><REACH who="0" step="1"/><D64/><REACH who="0" ten="27,524,207,232" step="2"/><U31/><E123/><V102/><F94/><W121/><G121/><T132/><D132/><U101/><E31/><V29/><F29/><W103/><G28/><T6/><D6/><U9/><E115/><V11/><F19/><W80/><G4/><T122/><D122/><U40/><E112/><V14/><F66/><W63/><G106/><T34/><D34/><U89/><E67/><V37/><F37/><W90/><G80/><T55/><D55/><U81/><E93/><V105/><F105/><W48/><G84/><T65/><D65/><U21/><E86/><V45/><F98/><W38/><G99/><T133/><D133/><RYUUKYOKU ba="0,1" sc="27,30,524,-10,207,-10,232,-10" hai0="16,22,50,52,53,54,56,69,70,71,116,118,119" />
</Scene>
<Scene>
<INIT seed="4,1,1,2,1,31" ten="57,514,197,222" oya="0" hai0="95,131,105,51,39,5,59,104,135,132,22,25,100" hai1="128,68,74,2,26,79,92,12,47,106,18,23,107" hai2="65,11,94,52,113,27,16,24,42,109,117,70,122" hai3="130,84,91,126,56,57,112,98,15,38,0,124,37"/><T129/><D39/><N who="3" m="14857" /><G0/><T78/><D5/><U36/><E128/><N who="0" m="49225" /><D59/><U50/><E68/><V63/><F117/><W90/><G130/><T77/><D51/><U125/><E125/><N who="3" m="48234" /><G112/><T66/><D66/><U67/><E36/><V86/><F113/><W32/><G32/><T28/><D95/><U41/><E67/><V45/><F122/><W87/><G98/><N who="0" m="61463" /><D105/><U88/><E2/><V49/><F109/><W81/><G15/><T4/><D4/><U54/><E41/><V83/><F94/><AGARI ba="1,1" hai="56,57,81,84,87,90,91,94" m="48234,14857" machi="94" ten="30,1000,0" yaku="18,1" doraHai="31" who="3" fromWho="2" sc="57,0,514,0,197,-13,222,23" />
</Scene>
<Scene>
<INIT seed="5,0,0,1,1,87" ten="57,514,184,245" oya="1" hai0="9,43,21,42,4,58,132,124,27,99,92,94,116" hai1="121,64,22,54,15,30,33,5,107,135,91,16,59" hai2="123,32,83,48,128,79,19,23,49,97,34,65,113" hai3="39,110,13,106,108,60,85,72,86,18,71,7,47"/><U26/><E121/><V78/><F123/><W127/><G72/><T70/><D70/><U84/><E135/><V104/><F65/><W129/><G106/><T102/><D116/><U100/><E64/><V10/><F128/><W14/><G129/><T55/><D132/><U28/><E28/><V51/><F10/><W40/><G127/><T112/><D124/><U133/><E133/><V76/><F113/><W12/><G7/><T44/><D112/><U115/><E115/><V80/><F104/><W69/><G18/><T46/><D92/><U6/><E100/><V63/><F63/><W67/><REACH who="3" step="1"/><G71/><REACH who="3" ten="57,514,184,235" step="2"/><T74/><D74/><U95/><REACH who="1" step="1"/><E107/><REACH who="1" ten="57,504,184,235" step="2"/><V31/><F31/><W2/><G2/><T45/><D43/><U8/><E8/><V25/><REACH who="2" step="1"/><F97/><REACH who="2" ten="57,504,174,235" step="2"/><W20/><G20/><T61/><D21/><U29/><E29/><V134/><F134/><W118/><G118/><T126/><D126/><U131/><E131/><V130/><F130/><W105/><G105/><T89/><D42/><U93/><E93/><V82/><AGARI ba="0,3" hai="19,23,25,32,34,48,49,51,76,78,79,80,82,83" machi="82" ten="40,8000,1" yaku="1,1,0,1,29,2,53,0" doraHai="87" doraHaiUra="98" who="2" fromWho="2" sc="57,-20,504,-40,174,110,235,-20" />
</Scene>
<Scene>
<INIT seed="6,0,0,4,2,108" ten="37,464,284,215" oya="2" hai0="93,122,90,41,98,63,16,25,128,50,60,15,125" hai1="117,71,8,64,31,40,23,75,110,109,79,13,83" hai2="87,49,129,72,65,77,113,66,119,6,134,22,54" hai3="96,7,85,114,82,97,10,61,107,62,76,52,20"/><V21/><F119/><W35/><G35/><T121/><D125/><U48/><E117/><V84/><F134/><W95/><G107/><T55/><D128/><U102/><E102/><V106/><F106/><W91/><G20/><T18/><D122/><U56/><E71/><V27/><F129/><W105/><G114/><T67/><D121/><U43/><E43/><V92/><F113/><W100/><REACH who="3" step="1"/><G52/><REACH who="3" ten="37,464,284,205" step="2"/><T36/><D36/><U34/><E34/><V68/><F21/><W70/><G70/><T74/><D74/><U127/><E127/><V51/><F68/><W73/><G73/><T42/><D25/><U99/><E23/><V12/><F72/><W9/><G9/><T111/><D111/><U81/><E75/><V5/><F54/><W126/><G126/><T104/><D104/><U133/><E8/><V101/><F66/><W37/><G37/><T14/><D67/><U132/><E64/><V103/><F65/><W29/><G29/><T88/><D55/><U11/><E31/><V80/><F22/><W130/><G130/><T115/><D115/><U86/><E11/><V33/><F33/><W3/><AGARI ba="0,1" hai="3,7,10,61,62,76,82,85,91,95,96,97,100,105" machi="3" ten="20,2700,0" yaku="1,1,0,1,7,1,53,0" doraHai="108" doraHaiUra="28" who="3" fromWho="3" sc="37,-7,464,-7,284,-13,205,37" />
</Scene>
<Scene>
<INIT seed="7,0,0,4,0,76" ten="30,457,271,242" oya="3" hai0="68,40,38,58,13,1,35,67,54,47,134,116,9" hai1="104,131,106,102,78,57,28,74,64,17,70,6,8" hai2="32,59,62,130,25,110,122,101,63,21,4,71,16" hai3="72,118,83,128,120,31,85,3,109,0,43,96,90"/><W41/><G120/><T51/><D13/><U126/><E126/><V77/><F110/><W91/><G118/><T44/><D9/><U135/><E17/><V125/><F122/><W113/><G72/><T79/><D79/><U127/><E57/><V105/><F125/><W37/><G31/><T111/><D35/><U56/><E56/><V123/><F123/><W129/><G109/><T18/><D18/><U132/><E131/><N who="3" m="50250" /><G113/><T24/><D24/><U48/><E48/><V95/><F130/><W66/><G66/><T52/><D1/><N who="3" m="585" /><G37/><T97/><D97/><U19/><E19/><V5/><F71/><W61/><G61/><N who="0" m="40047" /><D111/><U112/><E112/><V80/><F32/><W87/><G96/><T46/><D116/><U69/><E28/><V114/><F114/><W55/><G55/><N who="0" m="21035" /><D134/><U29/><E29/><V49/><F105/><W82/><AGARI ba="0,0" hai="41,43,82,83,85,87,90,91" m="585,50250" machi="82" ten="30,6000,0" yaku="19,1,52,2" doraHai="76" who="3" fromWho="3" sc="30,-20,457,-20,271,-20,242,60" />
</Scene>
<Scene>
<INIT seed="7,1,0,4,1,53" ten="10,437,251,302" oya="3" hai0="120,73,6,95,23,56,64,36,114,38,34,45,118" hai1="112,99,9,5,55,19,128,41,67,20,70,69,79" hai2="39,80,106,83,110,12,129,10,76,121,91,17,126" hai3="28,92,18,35,111,119,62,40,96,84,93,58,72"/><W134/><G119/><T81/><D34/><U94/><E112/><V1/><F110/><W33/><G72/><T77/><D118/><U27/><E128/><V66/><F39/><W89/><G111/><T109/><D109/><U11/><E41/><V2/><F129/><W52/><G134/><T71/><D120/><U59/><E67/><V103/><F121/><W48/><G28/><T49/><D95/><U61/><E79/><V127/><F66/><W108/><G108/><T43/><D23/><U87/><E87/><V25/><F25/><W104/><G104/><T131/><D131/><U51/><E51/><V65/><F65/><W74/><G74/><T135/><D6/><U63/><E63/><V32/><F32/><W113/><G113/><T123/><D123/><U26/><E26/><V75/><F83/><W54/><G40/><T85/><D85/><U4/><E11/><V117/><F91/><W24/><G24/><T115/><D81/><U30/><E30/><V46/><F46/><W130/><G130/><T31/><D77/><U3/><E5/><V50/><F50/><W68/><G18/><T116/><D31/><U124/><E124/><N who="2" m="47659" /><F117/><W98/><G68/><T125/><D73/><U97/><E97/><V60/><F60/><W78/><G78/><T42/><D116/><U37/><E37/><V100/><F106/><W133/><G133/><T122/><D122/><U21/><E21/><V132/><F132/><W86/><G33/><T107/><D135/><U90/><AGARI ba="1,0" hai="3,4,9,19,20,27,55,59,61,69,70,90,94,99" machi="90" ten="20,8000,1" yaku="0,1,7,1,25,2,52,1" doraHai="53" who="1" fromWho="1" sc="10,-21,437,83,251,-21,302,-41" owari="-11,-51.0,520,62.0,230,-17.0,261,6.0" />
</Scene>
</mjloggm>