<mjloggm ver="2.3"><GO type="169"/><UN n0="%E5%A4%AA%E3%81%8F%E3%81%AA%E3%81%84%E3%81%8A" n1="%E3%81%B6%E3%81%A1%E3%82%83%E3%82%89%E3%81%A6%E3%81%83" n2="%E3%83%AA%E3%83%84%E3%83%9F%E3%82%B5%E3%83%B3" n3="%E3%81%BF%E3%81%BF%E3%81%9A" dan="18,16,18,17" rate="2153,2090,2202,2135" sx="M,F,M,M"/><TAIKYOKU oya="0"/>

<Scene>
<INIT seed="0,0,0,1,3,100" ten="250,250,250,250" oya="0" hai0="54,82,127,98,4,50,106,29,101,18,69,7,3" hai1="36,121,118,30,134,22,113,84,19,112,125,122,75" hai2="64,111,41,12,10,74,34,83,45,114,72,116,39" hai3="26,28,115,95,107,23,5,59,32,126,33,80,129"/><T49/><D69/><U35/><E36/><V46/><F34/><W97/><G115/><N who="1" m="44106" /><E75/><V77/><F116/><W60/><G126/><T6/><D127/><U103/><E84/><V87/><F114/><W2/><G129/><T17/><D3/><U124/><E103/><V81/><F64/><W51/><G51/><T108/><D29/><U56/><E56/><V90/><F111/><W63/><G80/><T117/><D117/><U53/><E53/><V131/><F131/><W31/><G107/><T94/><D108/><U8/><E118/><V61/><F61/><W96/><G60/><T76/><D94/><U132/><E8/><V67/><F67/><W14/><G96/><T57/><REACH who="0" step="1"/><D50/><REACH who="0" ten="240,250,250,250" step="2"/><U93/><E93/><V37/><F37/><W0/><G95/><T88/><D88/><U52/><E125/><V15/><F39/><W11/><G97/><T102/><D102/><U133/><E124/><V105/><F77/><W128/><G128/><T85/><AGARI ba="0,1" hai="4,6,7,17,18,49,54,57,76,82,85,98,101,106" machi="85" ten="30,6000,0" yaku="1,1,0,1,52,1,53,0" doraHai="100" doraHaiUra="65" who="0" fromWho="0" sc="240,70,250,-20,250,-20,250,-20" />
</Scene>
<Scene>
<INIT seed="0,1,0,0,5,112" ten="310,230,230,230" oya="0" hai0="48,23,65,72,133,123,5,75,126,38,50,42,80" hai1="120,55,40,115,44,46,11,4,74,14,79,26,116" hai2="52,114,31,103,34,96,0,58,117,122,17,121,32" hai3="35,7,19,113,134,53,104,93,15,61,59,51,70"/><T89/><D123/><U108/><E120/><V67/><F114/><W95/><G113/><T36/><D65/><U101/><E115/><V68/><F0/><W94/><G134/><T60/><D5/><U41/><E108/><V129/><F129/><W131/><G131/><T106/><D106/><U49/><E101/><V56/><F68/><W109/><G35/><T118/><D60/><U3/><E3/><V86/><F86/><W127/><G104/><T87/><D133/><U62/><E26/><V124/><F124/><W10/><G109/><T90/><D126/><U73/><E62/><V33/><F31/><W12/><G127/><T71/><D71/><U1/><E116/><V110/><F110/><W20/><G70/><T28/><D28/><U69/><E69/><V66/><F17/><W76/><G76/><T6/><D6/><U132/><E132/><V47/><F47/><W29/><G29/><T78/><D23/><U85/><E1/><V98/><F32/><W9/><G61/><T25/><D25/><U30/><E55/><V91/><F52/><W18/><REACH who="3" step="1"/><G94/><REACH who="3" ten="310,230,230,220" step="2"/><T128/><D128/><U63/><E63/><V54/><F33/><W21/><G21/><T111/><D111/><U97/><E30/><V39/><F34/><W125/><G125/><T57/><D78/><U100/><E79/><V88/><F122/><W84/><G84/><T64/><D87/><U135/><E85/><V16/><F67/><W105/><G105/><T8/><D64/><U83/><E135/><V77/><F66/><W2/><AGARI ba="1,1" hai="2,7,9,10,12,15,18,19,20,51,53,59,93,95" machi="2" ten="20,2700,0" yaku="1,1,0,1,7,1,53,0" doraHai="112" doraHaiUra="92" who="3" fromWho="3" sc="310,-14,230,-8,230,-8,220,40" />
</Scene>
<Scene>
<INIT seed="1,0,0,4,4,12" ten="296,222,222,260" oya="1" hai0="18,74,29,14,56,58,102,111,129,81,22,41,95" hai1="124,92,110,109,91,113,63,118,93,5,90,52,13" hai2="35,83,105,51,73,84,72,77,33,4,122,116,7" hai3="19,34,121,98,71,69,130,9,40,65,134,86,132"/><U55/><E118/><V50/><F105/><W11/><G121/><T119/><D119/><U36/><E113/><V53/><F116/><W20/><G34/><T26/><D111/><N who="1" m="42507" /><E36/><V38/><F38/><W0/><G130/><T44/><D129/><U96/><E124/><V131/><F131/><W101/><G40/><T135/><D135/><N who="3" m="51753" /><G86/><T82/><D102/><U17/><E5/><V128/><F128/><W89/><G89/><T45/><D95/><U62/><E62/><V39/><F39/><W100/><G65/><T8/><D45/><U104/><E104/><V61/><F33/><W108/><G108/><T114/><D114/><U78/><E78/><V85/><F35/><W117/><G117/><T57/><REACH who="0" step="1"/><D74/><REACH who="0" ten="286,222,222,260" step="2"/><U31/><E31/><V103/><F72/><W88/><G100/><T133/><D133/><U42/><E42/><V120/><F103/><W67/><G101/><T43/><D43/><U10/><E63/><V3/><F61/><W16/><G98/><AGARI ba="0,1" hai="10,13,17,52,55,90,91,92,93,96,98" m="42507" machi="98" ten="30,11600,0" yaku="14,1,10,1,52,1,54,1" doraHai="12" who="1" fromWho="3" sc="286,0,222,126,222,0,260,-116" />
</Scene>
<Scene>
<INIT seed="1,1,0,5,2,119" ten="286,348,222,144" oya="1" hai0="97,67,71,47,109,60,100,10,52,39,106,63,83" hai1="125,117,66,12,18,4,23,86,14,40,85,103,27" hai2="79,3,91,89,41,0,98,58,50,96,51,124,1" hai3="54,111,105,78,25,19,64,5,99,16,81,31,61"/><U130/><E117/><V73/><F124/><W46/><G111/><T88/><D109/><U108/><E125/><V20/><F41/><W13/><G5/><T7/><D39/><U116/><E108/><V59/><F79/><W35/><G46/><T121/><D121/><U29/><E116/><V74/><F20/><W57/><G54/><T123/><D123/><U131/><E40/><V122/><REACH who="2" step="1"/><F3/><REACH who="2" ten="286,348,212,144" step="2"/><W115/><G115/><T135/><D135/><U82/><E23/><V77/><F77/><W53/><G13/><T24/><D24/><U114/><E14/><V37/><F37/><W93/><G105/><T43/><D43/><U48/><E114/><V110/><F110/><W55/><G55/><T120/><D120/><AGARI ba="1,1" hai="0,1,50,51,58,59,73,74,89,91,96,98,120,122" machi="120" ten="25,8000,1" yaku="1,1,22,2,52,2,53,0" doraHai="119" doraHaiUra="134" who="2" fromWho="0" sc="286,-83,348,0,212,93,144,0" />
</Scene>
<Scene>
<INIT seed="2,0,0,1,1,9" ten="203,348,305,144" oya="2" hai0="88,102,125,43,37,40,95,110,118,20,3,42,19" hai1="116,79,115,36,15,18,11,129,127,91,25,75,63" hai2="35,73,66,103,28,5,58,86,94,113,51,53,131" hai3="69,33,105,7,54,2,32,31,117,83,89,101,132"/><V90/><F73/><W8/><G117/><T30/><D3/><U50/><E116/><V120/><F113/><W34/><G132/><T61/><D118/><U92/><E36/><V124/><F120/><W81/><G54/><T12/><D110/><U121/><E115/><V22/><F35/><W0/><G31/><T82/><D125/><U59/><E121/><V29/><F124/><W130/><G130/><T100/><D37/><U72/><E127/><V135/><F131/><W134/><G134/><T39/><D39/><U119/><E119/><V106/><F5/><W133/><G133/><T111/><D111/><U71/><E71/><V65/><F135/><W99/><G0/><T87/><D30/><U96/><E79/><V41/><F41/><W60/><REACH who="3" step="1"/><G89/><REACH who="3" ten="203,348,305,134" step="2"/><N who="0" m="51447" /><D61/><U24/><E129/><V114/><F114/><W84/><G84/><AGARI ba="0,1" hai="12,19,20,40,42,43,84,88,95,100,102" m="51447" machi="84" ten="30,3900,0" yaku="8,1,52,1,54,1" doraHai="9" who="0" fromWho="3" sc="203,49,348,0,305,0,134,-39" />
</Scene>
<Scene>
<INIT seed="3,0,0,4,2,114" ten="252,348,305,95" oya="3" hai0="0,84,98,110,61,117,2,134,135,10,47,22,29" hai1="113,96,85,43,13,21,4,79,95,100,75,122,128" hai2="57,94,125,81,18,82,55,93,120,70,11,78,62" hai3="45,56,30,112,32,109,6,106,97,51,17,19,35"/><W130/><G112/><T123/><D123/><U31/><E113/><V39/><F39/><W87/><G6/><T46/><D110/><U83/><E122/><V25/><F70/><W89/><G109/><T104/><D61/><U3/><E3/><V126/><F120/><W20/><G130/><T111/><D84/><U58/><E128/><V68/><F68/><W38/><G56/><T40/><D111/><U67/><E43/><V42/><F42/><W77/><G38/><T105/><D10/><N who="1" m="4295" /><E75/><V14/><F81/><W129/><G129/><T121/><D121/><U8/><E8/><V101/><F101/><W33/><G77/><T76/><D76/><U5/><E5/><V16/><F18/><W54/><G30/><T131/><D131/><U127/><E127/><N who="2" m="48651" /><F25/><W15/><G19/><T48/><D29/><U52/><E67/><V12/><F12/><W9/><G9/><T88/><D2/><U34/><E34/><V132/><F132/><W24/><G24/><T133/><D0/><U71/><E71/><V60/><F60/><W124/><G124/><T28/><D28/><U86/><E31/><V64/><F64/><W23/><G23/><T73/><D22/><U80/><E21/><V26/><F26/><W91/><REACH who="3" step="1"/><G87/><AGARI ba="0,0" hai="11,14,16,55,57,62,78,82,87,93,94" m="48651" machi="87" ten="30,2000,0" yaku="18,1,54,1" doraHai="114" who="2" fromWho="3" sc="252,0,348,0,305,20,95,-20" />
</Scene>
<Scene>
<INIT seed="4,0,0,1,5,16" ten="252,348,325,75" oya="0" hai0="39,108,96,82,24,114,75,115,100,90,77,6,129" hai1="110,56,36,103,55,54,71,64,15,65,0,111,32" hai2="20,81,88,133,67,22,23,105,95,80,123,34,5" hai3="63,92,40,26,101,91,125,107,89,47,8,30,31"/><T27/><D39/><U86/><E32/><V84/><F123/><W76/><G125/><T7/><D129/><U35/><E35/><V18/><F34/><W66/><G76/><T118/><D118/><U124/><E0/><V94/><F105/><W53/><G107/><N who="0" m="63879" /><D108/><N who="1" m="41515" /><E103/><V25/><F5/><N who="0" m="1546" /><D90/><U28/><E86/><N who="2" m="50247" /><F67/><W113/><G101/><T61/><D61/><N who="1" m="40367" /><E28/><V2/><F2/><W48/><G31/><T85/><D75/><U127/><E15/><V19/><F133/><W128/><G128/><T122/><D122/><U93/><E93/><N who="2" m="35339" /><F25/><W29/><G26/><T50/><D50/><U78/><E78/><AGARI ba="0,0" hai="18,19,20,22,23,78,81,84" m="35339,50247" machi="78" ten="30,8000,1" yaku="8,1,52,3,54,1" doraHai="16" who="2" fromWho="1" sc="252,0,348,-80,325,80,75,0" />
</Scene>
<Scene>
<INIT seed="5,0,0,2,5,37" ten="252,268,405,75" oya="1" hai0="64,53,119,99,69,23,40,101,110,28,17,54,123" hai1="35,57,100,128,32,44,6,18,113,27,68,2,81" hai2="112,67,62,125,107,117,1,135,134,43,90,127,36" hai3="96,60,82,126,31,85,20,131,115,122,77,130,92"/><U86/><E113/><V76/><F107/><W38/><G38/><T47/><D110/><U15/><E68/><V39/><F76/><W71/><G122/><T16/><D119/><U0/><E128/><V121/><F1/><W55/><G115/><T95/><D123/><U34/><E100/><V87/><F112/><W65/><G126/><N who="2" m="48137" /><F121/><W4/><G4/><T118/><D118/><U94/><E94/><V116/><F36/><W97/><G55/><N who="0" m="21003" /><D69/><U22/><E57/><V89/><F89/><W30/><G96/><T120/><D64/><U109/><E44/><V5/><F5/><W24/><REACH who="3" step="1"/><G31/><REACH who="3" ten="252,268,405,65" step="2"/><T13/><D120/><U41/><E109/><V66/><F117/><W46/><G46/><T7/><D7/><U52/><E6/><V26/><F116/><W93/><G93/><T59/><D28/><U70/><E2/><V9/><F67/><W78/><G78/><T12/><D47/><U132/><E0/><V74/><F39/><W63/><G63/><T51/><D51/><U10/><E81/><V19/><F62/><W105/><G105/><T103/><D95/><U29/><E52/><V79/><F66/><W14/><G14/><T75/><D99/><U21/><E15/><V72/><F79/><W98/><G98/><T11/><D12/><U108/><E108/><V25/><F135/><W73/><G73/><T104/><D75/><U91/><E132/><V48/><F134/><W124/><G124/><T129/><D104/><U111/><E111/><V58/><F74/><W8/><G8/><T106/><D106/><U114/><E10/><V42/><F72/><RYUUKYOKU ba="0,1" sc="252,-10,268,-10,405,-10,65,30" hai3="20,24,30,60,65,71,77,82,85,92,97,130,131" />
</Scene>
<Scene>
<INIT seed="6,1,1,0,2,50" ten="242,258,395,95" oya="2" hai0="40,132,21,128,69,111,63,55,92,127,26,89,93" hai1="48,65,84,14,27,115,37,75,87,25,81,126,79" hai2="134,96,39,114,18,73,70,74,20,100,105,72,133" hai3="47,103,129,86,135,8,131,76,90,6,125,1,57"/><V35/><F39/><W2/><G103/><T16/><D111/><U106/><E37/><V109/><F70/><W62/><G76/><T28/><D127/><U80/><E106/><V9/><F35/><W124/><G47/><T34/><D128/><N who="3" m="49225" /><G2/><T117/><D117/><U71/><E126/><N who="3" m="48746" /><G90/><T4/><D89/><U45/><E75/><V49/><F9/><W52/><G86/><T23/><D40/><U0/><E0/><V59/><F109/><W66/><G66/><T17/><D34/><U98/><E87/><V64/><F64/><W77/><G77/><T38/><D38/><U22/><E65/><V12/><F100/><W7/><G7/><T61/><D4/><U85/><E85/><V36/><F96/><W33/><G33/><T31/><D69/><U67/><E67/><V10/><F105/><W95/><G95/><T53/><D26/><U113/><E71/><V46/><F73/><W88/><G88/><T19/><D19/><U119/><E81/><V108/><F18/><W122/><G122/><T60/><D93/><U118/><E98/><V24/><F74/><W5/><G5/><T101/><D92/><U15/><E27/><V29/><F72/><W51/><G62/><T97/><D61/><U107/><E107/><V44/><F46/><W130/><N who="3" m="49233" /><W123/><DORA hai="94" /><G123/><T43/><D101/><U42/><E119/><V110/><F44/><W56/><G56/><T11/><D97/><U99/><E118/><V116/><F108/><W112/><G112/><N who="1" m="43082" /><E99/><V91/><F114/><W68/><G68/><T30/><D60/><U58/><E58/><RYUUKYOKU ba="1,1" sc="242,-15,258,15,395,-15,95,15" hai1="14,15,22,25,42,45,48,79,80,84" hai3="1,6,8,51,52,57,135" />
</Scene>
<Scene>
<INIT seed="7,2,1,5,5,38" ten="227,273,380,110" oya="3" hai0="99,36,95,108,33,70,37,24,2,78,6,5,97" hai1="124,119,28,115,57,54,44,27,87,46,121,7,62" hai2="118,84,76,47,132,102,103,16,128,52,130,96,107" hai3="8,123,23,55,72,32,29,60,114,71,34,80,100"/><W91/><G123/><T88/><D108/><U85/><E121/><V30/><F118/><W131/><G100/><T112/><D70/><U31/><E119/><V93/><F30/><W10/><G34/><T127/><D127/><U59/><E124/><V15/><F132/><W51/><G32/><T92/><D78/><U12/><E115/><V0/><F0/><W83/><G114/><T117/><D117/><U133/><E133/><V82/><F102/><W9/><G131/><N who="2" m="50217" /><F52/><W135/><G135/><T125/><D125/><U35/><E59/><V42/><F93/><W4/><G4/><T39/><D112/><U61/><E61/><V26/><F26/><N who="3" m="16607" /><G72/><T50/><D2/><U134/><E12/><V58/><F58/><N who="3" m="34911" /><G71/><T65/><D65/><U14/><E134/><V109/><F109/><W19/><G19/><T1/><D39/><U56/><E56/><V69/><F69/><W48/><G91/><T110/><D110/><U13/><E7/><V129/><F129/><W49/><AGARI ba="2,1" hai="8,9,10,48,49,51,80,83" m="34911,16607" machi="49" ten="30,1500,0" yaku="8,1" doraHai="38" who="3" fromWho="3" sc="227,-7,273,-7,380,-7,110,31" />
</Scene>
<Scene>
<INIT seed="7,3,0,0,3,38" ten="220,266,373,141" oya="3" hai0="56,117,91,74,69,124,52,92,64,103,31,50,59" hai1="9,61,106,118,77,14,10,51,123,114,48,81,78" hai2="112,95,35,49,73,11,41,90,32,89,6,39,108" hai3="45,109,2,3,135,8,75,125,122,132,130,97,127"/><W23/><G75/><T46/><D117/><U4/><E123/><V68/><F68/><W126/><G122/><T22/><D74/><U128/><E118/><V67/><F108/><W99/><G109/><T120/><D120/><U66/><E106/><V42/><F39/><W25/><G45/><T19/><D124/><U129/><E114/><V134/><F67/><W80/><G80/><T16/><D103/><U71/><E10/><V94/><F73/><W24/><G8/><T60/><D31/><U26/><E26/><N who="3" m="10346" /><G23/><T34/><D34/><U43/><E43/><V101/><F112/><W12/><G12/><T27/><REACH who="0" step="1"/><D19/><REACH who="0" ten="210,266,373,141" step="2"/><U96/><E129/><V88/><F32/><W58/><G58/><T86/><AGARI ba="3,1" hai="16,22,27,46,50,52,56,59,60,64,69,86,91,92" machi="86" ten="20,12000,2" yaku="1,1,2,1,0,1,7,1,54,2,53,0" doraHai="38" doraHaiUra="105" who="0" fromWho="0" sc="210,139,266,-33,373,-33,141,-63" owari="349,45.0,233,-17.0,340,14.0,78,-42.0" />
</Scene>
</mjloggm>