<mjloggm ver="2.3"><GO type="169" lobby="0"/><UN n0="%E3%81%8A%E5%8F%A3%E3%83%81%E3%83%A3%E3%83%83%E3%82%AF%E6%BA%80%E8%B2%AB" n1="%E5%A4%AA%E3%81%8F%E3%81%AA%E3%81%84%E3%81%8A" n2="%50%6F%6E%74%61" n3="%6F%6E%65%73%74%61%72" dan="16,18,16,16" rate="2068.83,2179.71,2105.11,2019.21" sx="F,F,M,M"/><TAIKYOKU oya="0"/>

<Scene>
<INIT seed="0,0,0,2,1,72" ten="250,250,250,250" oya="0" hai0="65,7,47,71,75,40,39,29,123,78,18,56,135" hai1="62,112,102,33,81,109,97,24,51,58,27,11,34" hai2="86,68,69,103,15,134,90,125,20,19,105,82,35" hai3="2,3,53,85,128,44,57,124,84,23,66,16,10"/><T91/><D29/><U14/><E109/><V43/><F134/><W114/><G114/><T70/><D123/><U37/><E37/><V67/><F125/><W113/><G113/><T133/><D91/><U49/><E112/><V45/><F35/><W88/><G124/><T104/><D104/><U48/><E81/><V46/><F46/><W52/><G2/><T32/><D32/><U63/><E33/><V6/><F67/><W100/><G100/><T119/><D18/><N who="1" m="8543" /><E34/><V98/><REACH who="2" step="1"/><F6/><REACH who="2" ten="250,250,240,250" step="2"/><W9/><G3/><T0/><D7/><U116/><E116/><V38/><AGARI ba="0,1" hai="15,19,20,38,43,45,68,69,82,86,90,98,103,105" machi="38" ten="20,8000,1" yaku="1,1,2,1,0,1,7,1,53,1" doraHai="72" doraHaiUra="13" who="2" fromWho="2" sc="250,-40,250,-20,240,90,250,-20" />
</Scene>
<Scene>
<INIT seed="1,0,0,4,5,101" ten="210,230,330,230" oya="1" hai0="44,62,115,88,9,90,21,22,60,80,86,58,113" hai1="125,89,132,55,39,13,46,49,85,122,18,0,135" hai2="120,3,67,35,75,95,97,78,92,23,102,11,41" hai3="96,131,16,129,104,8,48,127,130,12,84,64,134"/><U52/><E122/><V56/><F35/><W30/><G64/><T93/><D62/><U76/><E0/><V70/><F70/><W72/><G72/><T47/><D113/><U57/><E76/><V66/><F120/><W5/><G84/><T6/><D115/><U54/><E125/><V98/><F41/><W83/><G83/><T68/><D68/><U29/><E29/><V81/><F56/><W65/><G65/><T33/><D33/><U2/><E2/><V87/><F75/><W111/><G111/><T109/><D109/><U123/><E123/><V19/><F11/><N who="3" m="6175" /><G127/><T100/><D100/><U74/><E74/><V26/><REACH who="2" step="1"/><F3/><REACH who="2" ten="210,230,320,230" step="2"/><N who="3" m="63" /><G134/><N who="1" m="51242" /><E57/><V121/><F121/><W34/><G48/><T31/><D58/><U42/><E49/><V91/><AGARI ba="0,1" hai="19,23,26,66,67,78,81,87,91,92,95,97,98,102" machi="91" ten="20,5200,0" yaku="1,1,0,1,7,1,8,1,53,0" doraHai="101" doraHaiUra="10" who="2" fromWho="2" sc="210,-13,230,-26,320,62,230,-13" />
</Scene>
<Scene>
<INIT seed="2,0,0,0,4,135" ten="197,204,382,217" oya="2" hai0="134,59,0,70,132,128,22,117,83,123,3,114,25" hai1="49,112,126,101,24,81,57,130,29,13,90,133,84" hai2="76,127,11,26,28,103,41,110,69,118,67,17,86" hai3="56,105,16,6,27,64,2,47,54,108,115,43,113"/><V80/><F118/><W8/><G105/><T32/><D70/><U37/><E112/><V48/><F110/><W89/><G108/><T102/><D114/><N who="3" m="43529" /><G64/><T106/><D117/><U94/><E37/><V50/><F103/><W129/><G89/><T122/><D83/><U65/><E133/><N who="0" m="51305" /><D59/><U71/><E130/><V12/><F41/><W34/><G129/><T60/><D60/><U88/><E101/><V30/><F67/><W62/><G34/><T9/><D102/><U44/><E71/><V74/><F69/><W4/><G2/><N who="0" m="555" /><D106/><U120/><E65/><V10/><F76/><W116/><G116/><T63/><D63/><U55/><E90/><V33/><F33/><W99/><G99/><T92/><D92/><U51/><E94/><V91/><F91/><W87/><G87/><T66/><D66/><U19/><E84/><V82/><F86/><W31/><G47/><T7/><D32/><U42/><E44/><V93/><F93/><W95/><G95/><T111/><D111/><U121/><E88/><V21/><F82/><W36/><G36/><T104/><D104/><U75/><E81/><V100/><F80/><W52/><G54/><T39/><D39/><U61/><E55/><V53/><F53/><W18/><G43/><T96/><D96/><U23/><E42/><V1/><F100/><W40/><G40/><T73/><D128/><U20/><E57/><V131/><F131/><W35/><G8/><T45/><D45/><U15/><E75/><V97/><F11/><W38/><G38/><T98/><D73/><U85/><E85/><V79/><F74/><RYUUKYOKU ba="0,0" sc="197,-10,204,-10,382,-10,217,30" hai3="4,6,16,18,27,31,35,52,56,62" />
</Scene>
<Scene>
<INIT seed="3,1,0,2,2,108" ten="187,194,372,247" oya="3" hai0="74,90,37,6,70,105,109,76,85,16,101,125,29" hai1="38,5,40,39,36,2,52,102,47,19,132,65,80" hai2="77,0,81,98,134,35,106,42,62,120,63,64,17" hai3="124,3,83,130,21,78,44,23,96,107,30,28,103"/><W32/><G130/><T7/><D70/><U104/><E132/><V20/><F134/><W59/><G3/><T111/><D37/><U33/><E33/><V9/><F35/><W11/><G124/><T110/><D29/><U45/><E65/><V25/><F120/><W58/><G32/><T34/><D34/><U99/><E19/><V41/><F63/><W8/><G44/><T56/><D56/><U57/><E47/><V87/><F106/><W49/><G49/><T55/><D55/><U53/><E80/><V31/><F98/><W114/><G114/><T112/><D125/><U115/><E115/><V14/><REACH who="2" step="1"/><F0/><REACH who="2" ten="187,194,362,247" step="2"/><W46/><G96/><N who="0" m="61607" /><D112/><U79/><E2/><V71/><AGARI ba="1,1" hai="9,14,17,20,25,31,41,42,62,64,71,77,81,87" machi="71" ten="20,2700,0" yaku="1,1,0,1,7,1,53,0" doraHai="108" doraHaiUra="126" who="2" fromWho="2" sc="187,-8,194,-8,362,40,247,-14" />
</Scene>
<Scene>
<INIT seed="4,0,0,5,5,35" ten="179,186,402,233" oya="0" hai0="28,8,41,50,92,127,85,89,109,63,121,99,5" hai1="56,103,31,83,30,106,21,12,54,95,67,98,24" hai2="66,79,58,60,100,14,64,22,29,44,62,120,130" hai3="13,69,43,68,23,107,119,38,108,97,72,101,37"/><T87/><D121/><U74/><E12/><V77/><F120/><W115/><G119/><T113/><D28/><U75/><E67/><V36/><F130/><W26/><G13/><T91/><D127/><U129/><E129/><V94/><F36/><W116/><G116/><T1/><D113/><U45/><E45/><V32/><F32/><W96/><G108/><T70/><D109/><U55/><E55/><V88/><F44/><W78/><G78/><T52/><D41/><U80/><E31/><V71/><F100/><W76/><G96/><T131/><D131/><U111/><E111/><V2/><F2/><W6/><G6/><T49/><D99/><U134/><E134/><V0/><F0/><W20/><G43/><T86/><D86/><U135/><E135/><V114/><F114/><W126/><G126/><T133/><D133/><U122/><E122/><V4/><F4/><W48/><G48/><T40/><D40/><U34/><E34/><V42/><F42/><W118/><G115/><T3/><D3/><U110/><E110/><V19/><F29/><N who="3" m="17607" /><G23/><T25/><D25/><U51/><E106/><V46/><F46/><W59/><G59/><T47/><D50/><U17/><E30/><V39/><F39/><N who="3" m="14859" /><G118/><T93/><D63/><U81/><AGARI ba="0,0" hai="17,21,24,51,54,56,74,75,80,81,83,95,98,103" machi="81" ten="30,1100,0" yaku="0,1" doraHai="35" who="1" fromWho="1" sc="179,-5,186,11,402,-3,233,-3" />
</Scene>
<Scene>
<INIT seed="5,0,0,1,5,96" ten="174,197,399,230" oya="1" hai0="0,37,3,49,18,45,86,43,85,64,95,119,111" hai1="21,59,2,72,114,124,81,127,112,109,10,80,66" hai2="134,83,68,35,103,126,19,5,131,74,31,90,78" hai3="97,11,73,102,36,71,62,20,70,33,6,1,12"/><U100/><E109/><V52/><F131/><W69/><G36/><T79/><D111/><U60/><E21/><V38/><F134/><W135/><G73/><T88/><D119/><U14/><E2/><V116/><F126/><N who="1" m="48169" /><E72/><V54/><F68/><W92/><G33/><T25/><D64/><U128/><E128/><V28/><F38/><W84/><G135/><T48/><D3/><U132/><E132/><V24/><F31/><W108/><G108/><T50/><D0/><U56/><E56/><V122/><F5/><W65/><REACH who="3" step="1"/><G84/><REACH who="3" ten="174,197,399,220" step="2"/><T87/><REACH who="0" step="1"/><D79/><REACH who="0" ten="164,197,399,220" step="2"/><U42/><E114/><V129/><F78/><W98/><G98/><T16/><D16/><AGARI ba="0,2" hai="1,6,11,12,16,20,62,65,69,70,71,92,97,102" machi="16" ten="40,8000,1" yaku="1,1,52,1,54,1,53,1" doraHai="96" doraHaiUra="9" who="3" fromWho="0" sc="164,-80,197,0,399,0,220,100" />
</Scene>
<Scene>
<INIT seed="6,0,0,3,5,82" ten="84,197,399,320" oya="2" hai0="105,22,79,133,70,9,78,1,84,65,126,88,62" hai1="113,83,112,4,90,86,117,63,51,48,68,46,130" hai2="49,110,131,114,98,5,121,99,93,122,59,116,36" hai3="11,8,15,118,106,25,21,47,67,73,102,18,17"/><V24/><F116/><W124/><G73/><T58/><D105/><U44/><E117/><V91/><F36/><W89/><G67/><T60/><D133/><U123/><E130/><V85/><F131/><W33/><G118/><T27/><D126/><U55/><E4/><V75/><F114/><N who="1" m="44137" /><E123/><V128/><F128/><W129/><G129/><T2/><D79/><U7/><E7/><V35/><F75/><W54/><G124/><T53/><D9/><U0/><E0/><V12/><F110/><W30/><G102/><T119/><D78/><U37/><E37/><V108/><F108/><W69/><G106/><T40/><D40/><N who="1" m="24583" /><E63/><V100/><F5/><W104/><G69/><AGARI ba="0,0" hai="46,51,55,68,69,83,86,90" m="24583,44137" machi="69" ten="30,2000,0" yaku="15,1,52,1" doraHai="82" who="1" fromWho="3" sc="84,0,197,20,399,0,320,-20" />
</Scene>
<Scene>
<INIT seed="7,0,0,2,1,133" ten="84,217,399,300" oya="3" hai0="111,120,51,16,8,112,57,29,42,46,44,89,34" hai1="116,1,26,110,72,70,63,39,7,76,11,0,108" hai2="13,14,80,105,114,68,81,132,117,73,28,15,84" hai3="109,121,55,5,71,24,79,93,83,102,107,101,96"/><W52/><G121/><T47/><D34/><U9/><E26/><V27/><F117/><W32/><G71/><T100/><D29/><U124/><E116/><V62/><F132/><W50/><G109/><T126/><D111/><U4/><E124/><V38/><F73/><W97/><G5/><T56/><D100/><U61/><E39/><V118/><F118/><W125/><G125/><T30/><D30/><U41/><E41/><V122/><F122/><W104/><G93/><T58/><D120/><U21/><E21/><V17/><F114/><W103/><G103/><T88/><D112/><U6/><E6/><V119/><F119/><W54/><G24/><T45/><D126/><U129/><E129/><V115/><F105/><W43/><G43/><T134/><D134/><U82/><E63/><V99/><F38/><W113/><G113/><T35/><D35/><U74/><E74/><V49/><F115/><W67/><G67/><AGARI ba="0,0" hai="0,1,4,7,9,11,61,67,70,72,76,82,108,110" machi="67" ten="40,5200,0" yaku="9,1,23,2" doraHai="133" who="1" fromWho="3" sc="84,0,217,52,399,0,300,-52" owari="84,-42.0,269,7.0,399,50.0,248,-15.0" />
</Scene>
</mjloggm>