<mjloggm ver="2.3"><GO type="169"/><UN n0="%E8%91%89%E6%9B%B8%E5%90%8D%E7%84%A1%E3%81%97" n1="%E5%A4%AA%E3%81%8F%E3%81%AA%E3%81%84%E3%81%8A" n2="%E6%9C%88%E9%95%B7%E7%9F%B3" n3="%E3%81%B5%E3%81%83%E3%81%82" dan="16,17,17,16" rate="2040,2190,2126,2060" sx="M,M,M,M"/><TAIKYOKU oya="0"/>

<Scene>
<INIT seed="0,0,0,4,4,19" ten="250,250,250,250" oya="0" hai0="22,9,43,121,51,71,42,130,127,36,46,115,110" hai1="83,68,17,2,13,97,0,101,112,69,41,61,3" hai2="90,63,88,98,39,113,72,70,129,91,56,60,120" hai3="38,133,126,94,106,48,74,80,28,54,132,6,24"/><T18/><D121/><U122/><E122/><V1/><F39/><W16/><G106/><T103/><D115/><U32/><E32/><V116/><F72/><W75/><G38/><T67/><D127/><U15/><E112/><V118/><F120/><W55/><G126/><T108/><D130/><U45/><E83/><V66/><F1/><W59/><G6/><T30/><D103/><U49/><E61/><V12/><F129/><W47/><G94/><T23/><D30/><U105/><REACH who="1" step="1"/><E13/><REACH who="1" ten="250,240,250,250" step="2"/><V64/><F113/><W10/><G80/><T40/><D71/><U62/><E62/><V33/><F33/><W78/><G133/><T14/><D67/><U107/><E107/><V26/><F12/><W76/><G132/><T123/><D123/><U89/><E89/><V104/><REACH who="2" step="1"/><F26/><REACH who="2" ten="250,240,240,250" step="2"/><W73/><G24/><T87/><D36/><U96/><E96/><V58/><F58/><W84/><G59/><T86/><D110/><U31/><E31/><V81/><F81/><W7/><G28/><T29/><D108/><U114/><E114/><V4/><F4/><W85/><G7/><T124/><D124/><U5/><E5/><V8/><F8/><AGARI ba="0,2" hai="0,2,3,8,15,17,41,45,49,68,69,97,101,105" machi="8" ten="40,1300,0" yaku="1,1,53,0" doraHai="19" doraHaiUra="131" who="1" fromWho="2" sc="250,0,240,33,240,-13,250,0" />
</Scene>
<Scene>
<INIT seed="1,0,0,5,4,97" ten="250,273,227,250" oya="1" hai0="132,49,43,91,84,36,19,45,34,121,101,56,100" hai1="109,99,81,31,1,15,80,135,95,11,50,41,37" hai2="22,53,26,48,6,76,40,115,71,129,44,98,127" hai3="119,64,120,73,78,47,18,27,107,75,122,2,13"/><U58/><E1/><V42/><F71/><W5/><G119/><T114/><D114/><U83/><E135/><V112/><F127/><W93/><G107/><T14/><D132/><U89/><E109/><V117/><F117/><W126/><G126/><T125/><D34/><U30/><E37/><V65/><F129/><W51/><G64/><T66/><D125/><U23/><E23/><V61/><F76/><W131/><G131/><T123/><D66/><U29/><E58/><V46/><F6/><W110/><G110/><T116/><D116/><U113/><E113/><V63/><F98/><W67/><G67/><T103/><D56/><U0/><E0/><V10/><F10/><W82/><G75/><T124/><D36/><U86/><E50/><N who="2" m="28887" /><F22/><W60/><G60/><N who="2" m="23113" /><F26/><W33/><G5/><T3/><D3/><U16/><REACH who="1" step="1"/><E41/><REACH who="1" ten="250,263,227,250" step="2"/><N who="2" m="15979" /><F65/><W62/><G2/><T20/><REACH who="0" step="1"/><D124/><REACH who="0" ten="240,263,227,250" step="2"/><U17/><E17/><V85/><F115/><W52/><G18/><T68/><D68/><U4/><E4/><V35/><F112/><W72/><G33/><T94/><AGARI ba="0,2" hai="14,19,20,43,45,49,84,91,94,100,101,103,121,123" machi="94" ten="30,12000,2" yaku="1,1,0,1,52,3,53,1" doraHai="97" doraHaiUra="87" who="0" fromWho="0" sc="240,140,263,-60,227,-30,250,-30" />
</Scene>
<Scene>
<INIT seed="2,0,0,2,3,117" ten="380,203,197,220" oya="2" hai0="1,46,84,37,92,6,124,21,54,130,20,30,129" hai1="76,25,73,38,60,67,72,108,43,9,26,127,13" hai2="134,106,71,44,122,27,28,99,113,126,39,47,33" hai3="118,68,133,17,16,77,32,3,2,40,7,131,78"/><V8/><F122/><W75/><G118/><T100/><D124/><U42/><E127/><V49/><F126/><W96/><G68/><T66/><D66/><U34/><E108/><V50/><F71/><W104/><G133/><T119/><D6/><U79/><E38/><V41/><F134/><W102/><G131/><T121/><D1/><U45/><E34/><V58/><F113/><W56/><G32/><T94/><D119/><U15/><E67/><V111/><F111/><W69/><G69/><T14/><D54/><U63/><E9/><V85/><F85/><W112/><G112/><T18/><D46/><AGARI ba="0,0" hai="13,15,25,26,42,43,45,46,60,63,72,73,76,79" machi="46" ten="25,1600,0" yaku="22,2" doraHai="117" who="1" fromWho="0" sc="380,-16,203,16,197,0,220,0" />
</Scene>
<Scene>
<INIT seed="3,0,0,5,3,112" ten="364,219,197,220" oya="3" hai0="14,40,2,134,65,72,48,45,52,123,11,25,110" hai1="56,108,115,3,131,94,15,105,129,86,128,91,78" hai2="50,132,53,109,27,60,76,87,93,34,116,58,21" hai3="80,88,39,8,69,37,100,41,44,1,103,18,75"/><W36/><G69/><T17/><D72/><U107/><E3/><V54/><F132/><W89/><G103/><T133/><D110/><U31/><E31/><V9/><F34/><W73/><G100/><T127/><D123/><U104/><E108/><V26/><F109/><W57/><G57/><T82/><D127/><U119/><E115/><V118/><F9/><W130/><G130/><T6/><D65/><U28/><E28/><V113/><F113/><W81/><G81/><T117/><D117/><U10/><E56/><V96/><F26/><W13/><G1/><T97/><D97/><U77/><REACH who="1" step="1"/><E119/><REACH who="1" ten="364,209,197,220" step="2"/><V23/><F118/><W124/><G124/><T74/><D2/><U98/><E98/><V101/><F116/><W30/><G30/><T49/><D134/><U102/><E102/><V35/><F35/><W84/><REACH who="3" step="1"/><G89/><REACH who="3" ten="364,209,197,210" step="2"/><T122/><D133/><U114/><E114/><V0/><F0/><W106/><G106/><T64/><D122/><U7/><AGARI ba="0,2" hai="7,10,15,77,78,86,91,94,104,105,107,128,129,131" machi="7" ten="40,12000,2" yaku="1,1,0,1,19,1,53,3" doraHai="112" doraHaiUra="126" who="1" fromWho="1" sc="364,-30,209,140,197,-30,210,-60" />
</Scene>
<Scene>
<INIT seed="4,0,0,0,0,43" ten="334,349,167,150" oya="0" hai0="2,39,108,125,25,130,4,88,52,65,82,121,21" hai1="32,5,131,49,10,96,124,24,16,30,35,58,90" hai2="127,77,129,113,109,8,117,78,56,17,51,13,50" hai3="71,55,45,84,1,126,19,133,53,66,122,54,62"/><T57/><D121/><U44/><E131/><V89/><F109/><W79/><G1/><T28/><D39/><U60/><E124/><V11/><F127/><W33/><G33/><T135/><D130/><U128/><E128/><V114/><F129/><W63/><G126/><T119/><D135/><U98/><E35/><V100/><F100/><W92/><G133/><T72/><D125/><U41/><E90/><V120/><F120/><W47/><G122/><T9/><D108/><U26/><E26/><V12/><F117/><W3/><G3/><T116/><D65/><U67/><REACH who="1" step="1"/><E16/><REACH who="1" ten="334,339,167,150" step="2"/><V36/><F89/><W59/><G19/><T107/><D119/><U105/><E105/><V81/><F17/><W14/><G14/><AGARI ba="0,1" hai="5,10,14,24,30,32,41,44,49,58,60,67,96,98" machi="14" ten="30,3900,0" yaku="1,1,7,1,52,1,53,0" doraHai="43" doraHaiUra="91" who="1" fromWho="3" sc="334,0,339,49,167,0,150,-39" />
</Scene>
<Scene>
<INIT seed="5,0,0,2,5,126" ten="334,388,167,111" oya="1" hai0="114,48,54,37,83,16,120,105,111,129,63,109,117" hai1="127,110,113,15,92,59,123,47,81,74,99,94,40" hai2="2,122,33,66,1,9,77,84,22,98,13,12,38" hai3="88,52,26,7,119,115,76,0,46,68,96,5,124"/><U3/><E123/><V128/><F38/><W73/><G68/><T28/><D105/><U97/><E3/><V107/><F107/><W102/><G124/><T14/><D117/><U70/><E70/><V82/><F66/><W86/><G119/><T121/><D37/><U95/><E127/><V27/><F33/><W80/><G115/><T55/><D28/><U10/><E113/><V25/><F122/><W108/><G108/><T64/><D83/><U51/><E110/><V90/><F128/><W23/><G0/><T130/><D129/><U61/><E81/><V35/><F35/><W133/><G133/><T71/><D114/><U103/><E74/><V67/><F67/><W93/><G46/><T41/><D130/><U78/><E78/><V112/><F112/><W134/><G134/><T24/><D24/><U42/><E42/><V104/><F27/><W21/><G52/><T131/><D131/><U39/><E39/><V135/><F13/><W100/><G100/><T106/><D111/><U50/><E50/><V57/><F135/><W91/><G91/><T34/><D109/><U32/><E32/><V69/><F69/><W45/><G45/><T8/><D120/><U85/><E85/><V79/><F1/><W19/><REACH who="3" step="1"/><G23/><REACH who="3" ten="334,388,167,101" step="2"/><T118/><D121/><U44/><E44/><V89/><F2/><W65/><G65/><T101/><D118/><U18/><E103/><V75/><F22/><W20/><G20/><T125/><D101/><U60/><E60/><V49/><F89/><W116/><G116/><T132/><D125/><U4/><E61/><V87/><F90/><RYUUKYOKU ba="0,1" sc="334,-10,388,-10,167,-10,101,30" hai3="5,7,19,21,26,73,76,80,86,88,93,96,102" />
</Scene>
<Scene>
<INIT seed="6,1,1,0,0,67" ten="324,378,157,131" oya="2" hai0="47,24,88,19,77,8,51,92,48,16,1,122,70" hai1="82,32,35,44,64,106,41,22,125,104,134,115,21" hai2="42,15,3,86,118,109,30,133,114,58,123,63,80" hai3="52,11,126,79,14,38,20,29,83,5,111,95,55"/><V57/><F118/><W9/><G111/><T101/><D70/><U105/><E64/><V113/><F3/><W89/><G38/><T110/><D110/><U124/><E115/><N who="2" m="44043" /><F109/><W6/><G126/><N who="1" m="48746" /><E134/><V50/><F123/><W71/><G71/><T17/><D101/><U61/><E61/><V66/><F133/><W59/><G29/><T135/><D77/><U60/><E60/><N who="2" m="38159" /><F30/><W46/><G20/><N who="1" m="7786" /><E82/><V27/><F27/><W34/><G34/><T74/><D24/><U56/><E56/><V18/><F42/><W127/><G127/><T37/><D122/><U40/><E40/><V121/><F121/><W81/><G46/><T84/><D135/><U78/><E78/><N who="2" m="46359" /><F50/><AGARI ba="1,1" hai="32,35,41,44,50,104,105,106" m="7786,48746" machi="50" ten="40,1300,0" yaku="18,1" doraHai="67" who="1" fromWho="2" sc="324,0,378,26,157,-16,131,0" />
</Scene>
<Scene>
<INIT seed="7,0,0,0,5,101" ten="324,404,141,131" oya="3" hai0="107,113,43,127,97,48,109,2,56,22,74,38,51" hai1="34,61,42,76,81,11,58,108,59,91,65,18,49" hai2="1,9,100,30,111,29,75,99,119,122,63,53,20" hai3="117,19,33,39,16,90,105,23,121,52,94,120,7"/><W36/><G33/><T103/><D74/><U92/><E108/><V72/><F75/><W98/><G117/><T130/><D109/><U96/><E34/><V27/><F72/><W25/><G7/><T28/><D2/><U70/><E42/><V57/><F122/><W106/><G121/><T125/><D130/><U112/><E112/><V89/><F111/><W26/><G120/><T31/><D113/><U14/><E49/><V40/><F40/><W110/><G110/><T45/><D22/><U93/><E93/><V67/><F119/><W60/><G19/><T78/><D78/><U35/><E35/><V15/><F1/><W85/><G26/><T88/><D88/><U37/><E37/><N who="3" m="14410" /><G85/><AGARI ba="0,0" hai="11,14,18,58,59,61,65,70,76,81,85,91,92,96" machi="85" ten="30,1000,0" yaku="7,1" doraHai="101" who="1" fromWho="3" sc="324,0,404,10,141,0,131,-10" owari="324,12.0,414,52.0,141,-26.0,121,-38.0" />
</Scene>
</mjloggm>