<mjloggm ver="2.3"><GO type="169"/><UN n0="%E5%A4%AA%E3%81%8F%E3%81%AA%E3%81%84%E3%81%8A" n1="%E6%AD%A6%E5%A3%AB%E6%B2%A2%E7%A7%80%E8%A1%8C" n2="%E7%8B%AC%E6%AD%A9" n3="%E6%A1%82%E3%83%92%E3%83%8A%E3%82%AE%E3%82%AF" dan="17,17,17,16" rate="2180,2116,2156,2116" sx="M,M,M,F"/><TAIKYOKU oya="0"/>

<Scene>
<INIT seed="0,0,0,2,2,2" ten="250,250,250,250" oya="0" hai0="15,69,112,58,76,1,55,71,74,54,11,3,118" hai1="13,92,75,73,66,26,135,67,102,111,48,9,38" hai2="43,14,97,52,21,82,45,89,131,130,79,115,133" hai3="110,86,12,101,42,22,98,88,60,106,6,27,80"/><T30/><D118/><U77/><E38/><V127/><F115/><W8/><G110/><T119/><D119/><U87/><E111/><V5/><F127/><W121/><G121/><T91/><D112/><U103/><E135/><V83/><F133/><W123/><G123/><T128/><D30/><U56/><E75/><V19/><F5/><W100/><G100/><T41/><D41/><U90/><E26/><V53/><F83/><W57/><G42/><T64/><D128/><N who="2" m="49194" /><F89/><W28/><G57/><T95/><D76/><U134/><E134/><V35/><F97/><W132/><G132/><T126/><D74/><U65/><E77/><V16/><F19/><W51/><G51/><T116/><D116/><U68/><E73/><N who="2" m="43375" /><F35/><W117/><G117/><T49/><D126/><U47/><E56/><V40/><F40/><W72/><G72/><T61/><D69/><U62/><E103/><V107/><F107/><W50/><G50/><AGARI ba="0,0" hai="14,16,21,43,45,50,52,53" m="43375,49194" machi="50" ten="30,3900,0" yaku="19,1,54,2" doraHai="2" who="2" fromWho="3" sc="250,0,250,0,250,39,250,-39" />
</Scene>
<Scene>
<INIT seed="1,0,0,2,5,25" ten="250,250,289,211" oya="1" hai0="9,78,124,54,127,71,130,75,102,50,97,24,108" hai1="77,56,5,100,120,112,92,6,26,20,82,7,70" hai2="117,80,81,105,48,8,125,55,29,23,135,115,35" hai3="79,57,51,53,40,91,13,131,88,47,30,38,111"/><U3/><E70/><V52/><F35/><W83/><G111/><T99/><D71/><U126/><E120/><V36/><F36/><W132/><G132/><T49/><D108/><U114/><E126/><N who="0" m="48169" /><D130/><U106/><E106/><V128/><F105/><W122/><G122/><T133/><D133/><U33/><E33/><V66/><F66/><W119/><G119/><T107/><D97/><U27/><E3/><V123/><F123/><W31/><G131/><T95/><D9/><U101/><E112/><V11/><F115/><W90/><REACH who="3" step="1"/><G13/><REACH who="3" ten="250,250,289,201" step="2"/><T129/><D129/><U74/><E114/><V21/><F117/><W2/><G2/><T118/><D118/><U116/><E116/><V84/><F125/><W89/><N who="3" m="22528" /><DORA hai="72" /><W32/><G32/><T1/><D1/><U73/><E101/><V94/><F128/><W60/><G60/><T76/><D102/><U4/><E100/><V0/><F0/><W15/><G15/><T103/><D103/><U45/><E4/><V14/><F14/><W43/><G43/><T69/><D107/><U34/><E7/><V10/><F135/><W134/><G134/><T109/><D109/><U59/><E6/><V12/><F12/><W65/><G65/><T41/><D41/><U64/><E5/><V87/><F11/><W37/><G37/><T96/><D96/><U93/><E64/><V110/><F110/><W22/><G22/><T58/><D99/><U62/><E20/><V46/><F10/><W39/><G39/><T67/><D67/><U113/><E34/><V63/><F8/><W19/><G19/><T86/><D69/><RYUUKYOKU ba="0,1" sc="250,-10,250,-10,289,-10,201,30" hai3="30,31,38,40,47,51,53,57,79,83" />
</Scene>
<Scene>
<INIT seed="2,1,1,3,0,105" ten="240,240,279,231" oya="2" hai0="93,38,61,11,51,33,109,52,76,114,96,101,106" hai1="113,65,77,43,37,103,50,91,24,59,116,9,58" hai2="127,55,40,27,115,32,90,23,57,13,29,75,125" hai3="5,0,15,102,132,3,78,4,17,2,8,97,100"/><V83/><F40/><W35/><G35/><T18/><D114/><U10/><E113/><V49/><F115/><W110/><G132/><T82/><D38/><U62/><E116/><V107/><F107/><W118/><G118/><T99/><D33/><U54/><E103/><V89/><F13/><W128/><G128/><T44/><D109/><U60/><E77/><N who="2" m="44479" /><F32/><W14/><G110/><T21/><D11/><U25/><E37/><V16/><F29/><W45/><G102/><T42/><D61/><U63/><E91/><V79/><F79/><W120/><G120/><T86/><D42/><U123/><E123/><V31/><F31/><W39/><G78/><T130/><D130/><U70/><E62/><V124/><AGARI ba="1,1" hai="16,23,27,49,55,57,89,90,124,125,127" m="44479" machi="124" ten="30,6000,0" yaku="18,1,52,1,54,1" doraHai="105" who="2" fromWho="2" sc="240,-21,240,-21,279,73,231,-21" />
</Scene>
<Scene>
<INIT seed="2,2,0,2,5,110" ten="219,219,352,210" oya="2" hai0="44,122,67,125,76,13,108,22,133,126,101,135,116" hai1="19,119,64,56,16,109,71,100,54,15,42,94,80" hai2="51,52,18,123,6,92,23,20,0,26,5,21,38" hai3="66,98,41,10,11,35,62,70,111,96,128,107,37"/><V55/><F38/><W102/><G111/><T120/><D108/><U89/><E109/><V31/><F123/><N who="0" m="47146" /><D76/><U81/><E119/><V28/><F0/><W34/><G128/><T14/><D101/><U33/><E33/><V75/><F75/><W114/><G96/><T4/><D67/><U95/><E71/><V40/><F92/><W106/><G106/><T79/><D79/><U74/><E64/><V88/><F88/><W1/><G10/><N who="0" m="4295" /><D44/><U99/><E42/><V49/><F40/><W9/><G9/><T87/><D87/><U48/><E74/><V86/><F86/><W3/><G114/><T32/><D32/><N who="3" m="12329" /><G11/><T24/><D14/><U121/><E121/><V69/><F69/><W77/><G77/><T85/><D85/><U59/><E59/><N who="2" m="33167" /><F5/><W132/><G132/><N who="0" m="50763" /><D116/><U47/><E47/><AGARI ba="2,0" hai="1,3,37,41,47,62,66,70,98,102,107" m="12329" machi="47" ten="30,2000,0" yaku="33,2" doraHai="110" who="3" fromWho="1" sc="219,0,219,-26,352,0,210,26" />
</Scene>
<Scene>
<INIT seed="3,0,0,2,3,88" ten="219,193,352,236" oya="3" hai0="109,100,116,93,124,65,53,90,133,102,4,72,97" hai1="110,104,25,94,24,84,111,118,106,23,73,8,70" hai2="1,123,9,69,66,57,86,112,29,68,63,56,125" hai3="58,87,62,108,45,126,101,61,67,130,17,27,132"/><W11/><G108/><N who="1" m="41514" /><E70/><V14/><F112/><W92/><G132/><T34/><D109/><U121/><E73/><V13/><F125/><W37/><G126/><T42/><D124/><U128/><E121/><V78/><F29/><W95/><G130/><T28/><D116/><U113/><E128/><V99/><F123/><W3/><G3/><T52/><D72/><U135/><E135/><V103/><F69/><W32/><G32/><T134/><D65/><U83/><E113/><V71/><F68/><W26/><G37/><T117/><D117/><U19/><E118/><V35/><F35/><W0/><G0/><T36/><D4/><U51/><E8/><V47/><F47/><W131/><G131/><T129/><D129/><U20/><E51/><V39/><F39/><W122/><G122/><T41/><D134/><U76/><E94/><N who="3" m="35882" /><G101/><T119/><D133/><U127/><E127/><V30/><F1/><W105/><G105/><T18/><D119/><U114/><E114/><V22/><F103/><W12/><G62/><T80/><D36/><U33/><E33/><V38/><F63/><W96/><G96/><T48/><D102/><U46/><E106/><V91/><F99/><W44/><G87/><T15/><D34/><U85/><E104/><V5/><F86/><W82/><G82/><T10/><D80/><U74/><E85/><V7/><F38/><W55/><G67/><T64/><D64/><U6/><E84/><V81/><F66/><W50/><G50/><T107/><D48/><U60/><E60/><V2/><F81/><W49/><G49/><T75/><D107/><RYUUKYOKU ba="0,0" sc="219,-10,193,-10,352,-10,236,30" hai3="11,12,17,26,27,44,45,55,58,61" />
</Scene>
<Scene>
<INIT seed="3,1,0,5,2,83" ten="209,183,342,266" oya="3" hai0="98,54,115,79,39,47,107,14,125,70,132,102,59" hai1="105,90,123,121,120,104,94,127,66,134,71,131,112" hai2="97,1,99,32,124,86,41,16,91,46,3,108,24" hai3="75,51,53,11,74,38,20,6,35,56,18,62,96"/><W57/><G38/><T106/><D70/><U60/><E112/><V2/><F124/><W49/><G35/><T135/><D125/><U87/><E127/><V82/><F108/><W37/><G37/><T117/><D117/><U13/><E134/><N who="0" m="51241" /><D115/><U65/><E131/><V9/><F32/><W89/><G49/><N who="0" m="31183" /><D79/><U92/><E65/><V25/><F25/><W26/><G6/><T100/><D14/><U116/><E116/><V27/><F27/><W36/><G36/><T103/><D98/><U5/><REACH who="1" step="1"/><E94/><REACH who="1" ten="209,173,342,266" step="2"/><V7/><F2/><W78/><G78/><T42/><AGARI ba="1,1" hai="39,42,47,100,102,103,106,107" m="31183,51241" machi="42" ten="40,1500,0" yaku="20,1" doraHai="83" who="0" fromWho="0" sc="209,28,173,-5,342,-5,266,-8" />
</Scene>
<Scene>
<INIT seed="4,0,0,4,5,43" ten="237,168,337,258" oya="0" hai0="39,21,67,77,35,13,86,40,52,95,46,110,32" hai1="124,106,56,80,66,127,128,11,51,19,111,4,98" hai2="130,27,15,47,87,134,45,18,118,119,0,30,6" hai3="14,114,44,5,71,29,112,133,16,22,113,89,60"/><T135/><D67/><U88/><E111/><V26/><F130/><W8/><G133/><T38/><D135/><U120/><E128/><V121/><F121/><W81/><G29/><T68/><D68/><U70/><E120/><V9/><F87/><N who="3" m="50415" /><G71/><T116/><D116/><N who="2" m="44586" /><F134/><W59/><G60/><T131/><D131/><U3/><E70/><V90/><F90/><W36/><G59/><T61/><D110/><U31/><E31/><V58/><F58/><W12/><G36/><T74/><D39/><U108/><E108/><V96/><F96/><W101/><G101/><T37/><D38/><U125/><E19/><V34/><F27/><W48/><G48/><T91/><D77/><U73/><E73/><V20/><AGARI ba="0,0" hai="0,6,9,15,18,20,26,30,34,45,47" m="44586" machi="20" ten="30,7900,0" yaku="24,1,12,1,52,2" doraHai="43" who="2" fromWho="2" sc="237,-39,168,-20,337,79,258,-20" />
</Scene>
<Scene>
<INIT seed="5,0,0,4,5,24" ten="198,148,416,238" oya="1" hai0="16,45,3,14,55,96,5,95,9,130,70,34,131" hai1="58,71,78,36,101,62,4,128,117,109,38,26,91" hai2="19,39,46,126,27,76,97,115,123,40,102,13,93" hai3="108,2,79,32,61,64,65,98,84,114,67,20,73"/><U0/><E117/><V90/><F123/><W12/><G2/><T112/><D70/><U59/><E78/><V74/><F126/><W63/><G32/><T54/><D34/><U41/><E101/><V25/><F115/><W30/><G73/><T87/><D87/><U120/><E4/><V132/><F132/><W31/><G98/><T119/><D119/><U22/><E0/><V60/><F60/><N who="3" m="23115" /><G108/><T50/><D55/><N who="1" m="34143" /><E120/><V81/><F102/><W29/><G114/><T104/><D104/><U92/><E71/><V18/><F18/><N who="3" m="10311" /><G84/><T103/><REACH who="0" step="1"/><D112/><REACH who="0" ten="188,148,416,238" step="2"/><U44/><E109/><V134/><F134/><W21/><G79/><T88/><D88/><U57/><E38/><V107/><F107/><W89/><G89/><T105/><D105/><U28/><E36/><V66/><F66/><W23/><AGARI ba="0,1" hai="21,23,29,30,31,64,65,67" m="10311,23115" machi="23" ten="40,8000,1" yaku="8,1,52,3" doraHai="24" who="3" fromWho="3" sc="188,-20,148,-40,416,-20,238,90" />
</Scene>
<Scene>
<INIT seed="6,0,0,1,3,115" ten="168,108,396,328" oya="2" hai0="85,92,135,32,125,106,110,25,99,107,100,111,82" hai1="124,9,113,65,80,114,52,67,60,128,93,102,35" hai2="109,64,118,20,2,121,72,59,15,84,46,119,95" hai3="66,103,36,3,31,96,44,127,4,101,43,19,54"/><V70/><F72/><W87/><G127/><T134/><D25/><U1/><E35/><V24/><F2/><W53/><G31/><T21/><D21/><U6/><E124/><V40/><F121/><W108/><G108/><N who="0" m="41515" /><D32/><U74/><E113/><V42/><F70/><W30/><G30/><T129/><D125/><U22/><E114/><V79/><F109/><W73/><G73/><T17/><D17/><U38/><E38/><V26/><F15/><W120/><G120/><T133/><D129/><U23/><E128/><V105/><F105/><W77/><G19/><T12/><D12/><U48/><E67/><V11/><F11/><W39/><G39/><T116/><D116/><U5/><E5/><V75/><F75/><W104/><G101/><T88/><AGARI ba="0,0" hai="82,85,88,92,99,100,106,107,133,134,135" m="41515" machi="88" ten="40,8000,1" yaku="20,1,34,2,54,1" doraHai="115" who="0" fromWho="0" sc="168,80,108,-20,396,-40,328,-20" />
</Scene>
<Scene>
<INIT seed="7,0,0,2,2,21" ten="248,88,356,308" oya="3" hai0="4,48,112,20,107,55,49,6,12,86,132,120,83" hai1="57,22,23,135,121,95,129,99,8,24,3,115,36" hai2="123,66,60,53,72,94,29,62,98,118,82,45,122" hai3="70,73,134,109,114,43,93,119,59,127,79,31,64"/><W128/><G70/><T58/><D120/><N who="2" m="46122" /><F118/><W131/><G119/><T46/><D107/><U47/><E121/><V2/><F2/><W14/><G109/><T113/><D132/><U106/><E106/><V33/><F29/><W103/><G134/><T116/><D116/><U30/><E135/><V19/><F33/><W92/><G114/><T69/><D69/><U51/><E115/><V39/><F19/><W15/><G127/><T71/><D71/><U17/><E129/><N who="3" m="49738" /><G43/><T75/><D75/><U67/><E36/><V77/><F66/><W87/><G31/><T42/><D4/><U65/><E3/><V84/><F72/><W124/><G124/><T1/><D1/><U63/><E8/><V40/><F53/><W76/><G73/><T44/><D58/><U130/><E130/><V111/><F111/><W68/><G68/><T9/><REACH who="0" step="1"/><D20/><REACH who="0" ten="238,88,356,308" step="2"/><U18/><E67/><V88/><AGARI ba="0,1" hai="39,40,45,60,62,77,82,84,88,94,98" m="46122" machi="88" ten="30,2000,0" yaku="13,1,54,1" doraHai="21" who="2" fromWho="2" sc="238,-5,88,-5,356,30,308,-10" owari="233,-17.0,83,-42.0,386,49.0,298,10.0" />
</Scene>
</mjloggm>