<mjloggm ver="2.3"><GO type="169" lobby="0"/><UN n0="%E3%81%82%E3%81%A4%E3%81%82%E3%81%A4%E6%B9%AF%E8%B1%86%E8%85%90" n1="%E5%A4%AA%E3%81%8F%E3%81%AA%E3%81%84%E3%81%8A" n2="%E9%8A%80%E9%81%8A%E7%A7%81%E4%BA%BA" n3="%E3%82%AA%E3%82%BA%E3%82%B0%E3%83%AB%E3%83%BC%E3%83%97" dan="17,18,16,16" rate="2096.39,2247.05,2106.40,2079.36" sx="F,F,M,M"/><TAIKYOKU oya="0"/>

<Scene>
<INIT seed="0,0,0,0,3,89" ten="250,250,250,250" oya="0" hai0="73,72,82,17,31,109,35,87,19,9,47,24,41" hai1="104,121,45,107,8,23,84,14,119,29,60,63,34" hai2="93,103,95,71,133,85,49,100,67,75,28,1,57" hai3="81,22,131,46,92,36,99,76,37,48,78,80,130"/><T6/><D109/><U83/><E121/><V21/><F75/><W134/><G134/><T43/><D43/><U70/><E34/><V118/><F133/><W120/><G120/><T79/><D72/><U42/><E119/><V55/><F118/><W105/><G22/><T88/><D6/><U125/><E125/><V20/><F1/><W110/><G110/><T108/><D9/><U135/><E135/><V58/><F71/><W30/><G30/><T127/><D127/><U91/><E29/><V101/><F85/><W16/><G105/><T15/><D15/><U94/><E23/><N who="2" m="8779" /><F28/><W50/><G99/><T96/><D96/><U126/><E126/><V40/><F40/><W106/><G106/><T38/><REACH who="0" step="1"/><D108/><REACH who="0" ten="240,250,250,250" step="2"/><U112/><E42/><V66/><F66/><W69/><G46/><T51/><D51/><U86/><E45/><V12/><F12/><W117/><G117/><T62/><D62/><AGARI ba="0,1" hai="49,55,57,58,62,67,93,95,100,101,103" m="8779" machi="62" ten="30,3900,0" yaku="8,1,52,2" doraHai="89" who="2" fromWho="0" sc="240,-39,250,0,250,49,250,0" />
</Scene>
<Scene>
<INIT seed="1,0,0,1,2,21" ten="201,250,299,250" oya="1" hai0="17,45,87,130,4,116,91,1,135,106,31,75,98" hai1="92,30,83,13,88,128,134,56,18,132,73,60,79" hai2="12,114,25,71,126,102,7,70,11,115,61,53,49" hai3="55,52,8,29,38,46,22,121,23,76,44,37,68"/><U93/><E128/><V111/><F102/><W58/><G76/><T84/><D75/><U0/><E0/><V36/><F36/><W26/><G68/><T43/><D116/><U119/><E119/><V123/><F123/><W6/><G121/><T78/><D78/><U19/><E30/><V5/><F5/><W85/><G85/><T3/><D130/><U110/><E110/><V109/><F126/><W51/><G23/><T54/><D135/><N who="1" m="51755" /><E13/><V82/><F71/><W124/><G46/><T2/><D31/><U72/><E72/><V97/><F97/><W86/><G86/><T77/><D17/><N who="1" m="6155" /><E88/><V80/><F111/><W48/><REACH who="3" step="1"/><G124/><REACH who="3" ten="201,250,299,240" step="2"/><T57/><D87/><U69/><E69/><V20/><F109/><W105/><G105/><T42/><D77/><U24/><E24/><V131/><F131/><W34/><G34/><T59/><D84/><U41/><E41/><V96/><F70/><W122/><G122/><T16/><D43/><U33/><E33/><V47/><F25/><W101/><G101/><N who="0" m="62775" /><D42/><U103/><E103/><V127/><F127/><W99/><G99/><T10/><D91/><U133/><E133/><V50/><F96/><W107/><G107/><T39/><D39/><U40/><E40/><V74/><F74/><W15/><AGARI ba="0,1" hai="6,8,15,22,26,29,37,38,44,48,51,52,55,58" machi="15" ten="20,8000,1" yaku="1,1,0,1,7,1,52,1,54,1,53,0" doraHai="21" doraHaiUra="108" who="3" fromWho="3" sc="201,-20,250,-40,299,-20,240,90" />
</Scene>
<Scene>
<INIT seed="2,0,0,2,2,47" ten="181,210,279,330" oya="2" hai0="18,8,121,17,76,35,15,52,43,99,98,12,114" hai1="89,48,62,68,88,77,63,25,95,1,93,122,109" hai2="30,119,22,21,81,64,111,75,7,65,130,54,28" hai3="105,56,20,31,60,70,2,61,100,92,42,133,90"/><V118/><F7/><W82/><G2/><T73/><D121/><U66/><E1/><V13/><F81/><W46/><G70/><T129/><D114/><U5/><E122/><V41/><F41/><W9/><G105/><T104/><D35/><U3/><E109/><V135/><F13/><W86/><G61/><T127/><D127/><U112/><E112/><V113/><F113/><W57/><G56/><T128/><D43/><U53/><E77/><V6/><F6/><W51/><G9/><T101/><D98/><U38/><E63/><V110/><F75/><W120/><G120/><T87/><D73/><U33/><E38/><V24/><F54/><W16/><G31/><N who="2" m="11817" /><F130/><W115/><G115/><T26/><D26/><U39/><E39/><V58/><F24/><N who="3" m="14343" /><G133/><T49/><D76/><U102/><E33/><V84/><F58/><W50/><G46/><T0/><D0/><U79/><E3/><V125/><F125/><W96/><G42/><T74/><D74/><U83/><E5/><V131/><F131/><N who="0" m="50250" /><D15/><U44/><E25/><V85/><F135/><W36/><G36/><T106/><D106/><U59/><E44/><V116/><F21/><W55/><AGARI ba="0,0" hai="50,51,55,57,60,82,86,90,92,96,100" m="14343" machi="55" ten="30,7900,0" yaku="8,1,52,2,54,1" doraHai="47" who="3" fromWho="3" sc="181,-20,210,-20,279,-39,330,79" />
</Scene>
<Scene>
<INIT seed="3,0,0,3,1,38" ten="161,190,240,409" oya="3" hai0="6,66,86,120,8,0,71,61,92,57,26,20,45" hai1="93,50,69,36,16,126,134,91,85,3,28,83,13" hai2="97,72,102,47,94,39,12,2,124,87,19,58,116" hai3="131,80,79,43,17,54,70,95,78,96,15,25,11"/><W110/><G70/><T119/><D119/><U65/><E36/><V51/><F72/><W40/><G131/><T88/><D120/><U60/><E126/><V63/><F39/><W21/><G110/><T121/><D121/><U29/><E3/><V23/><F124/><W89/><G54/><T127/><D127/><U98/><E50/><V1/><F87/><W123/><G123/><T75/><D75/><U62/><E62/><V41/><REACH who="2" step="1"/><F116/><REACH who="2" ten="161,190,230,409" step="2"/><W30/><G79/><T73/><D73/><AGARI ba="0,1" hai="11,15,17,21,25,30,40,43,73,78,80,89,95,96" machi="73" ten="30,5800,0" yaku="7,1,52,2" doraHai="38" who="3" fromWho="0" sc="161,-58,190,0,230,0,409,68" />
</Scene>
<Scene>
<INIT seed="3,1,0,3,4,71" ten="103,190,230,477" oya="3" hai0="28,38,57,62,105,86,34,1,81,88,2,64,79" hai1="116,11,27,8,56,9,37,52,111,3,106,96,15" hai2="120,94,134,69,24,100,5,19,26,114,107,41,48" hai3="21,97,126,75,124,89,119,46,18,92,16,59,122"/><W112/><G122/><T63/><D105/><U61/><E111/><V49/><F114/><W10/><G119/><T13/><D38/><U113/><E113/><V133/><F107/><W40/><G112/><T50/><D50/><U17/><E116/><V58/><F69/><W68/><G68/><T39/><D39/><U99/><E106/><V84/><F120/><W53/><G75/><T109/><D109/><U72/><E72/><V60/><F5/><W115/><G10/><T101/><D101/><U132/><E132/><N who="2" m="50795" /><F41/><W117/><G117/><T93/><D13/><U22/><E3/><V4/><F4/><W91/><G91/><T30/><D63/><U33/><REACH who="1" step="1"/><E37/><REACH who="1" ten="103,180,230,477" step="2"/><V47/><F19/><W35/><G18/><T135/><D135/><U83/><E83/><V25/><F47/><W29/><G115/><T76/><D76/><U108/><E108/><V80/><F94/><W103/><G92/><T70/><D70/><U6/><E6/><V66/><F100/><W67/><G103/><T78/><D78/><AGARI ba="1,1" hai="24,25,26,48,49,58,60,66,78,80,84" m="50795" machi="78" ten="30,1000,0" yaku="20,1" doraHai="71" who="2" fromWho="0" sc="103,-13,180,0,230,23,477,0" />
</Scene>
<Scene>
<INIT seed="4,0,0,0,5,82" ten="90,180,253,477" oya="0" hai0="51,67,17,89,42,101,95,39,96,7,92,10,44" hai1="3,65,84,32,126,71,16,13,49,47,109,83,133" hai2="57,100,60,5,15,19,2,94,112,21,12,87,50" hai3="23,128,26,114,4,129,127,107,99,31,46,14,80"/><T61/><D17/><U103/><E109/><V85/><F2/><W55/><G127/><T72/><D72/><U77/><E32/><V76/><F112/><W111/><G111/><T33/><D33/><U118/><E118/><V93/><F76/><W11/><G114/><T134/><D134/><U56/><E3/><V119/><F119/><W81/><G46/><T75/><D75/><U102/><E71/><V36/><F36/><W53/><G81/><T29/><D29/><U132/><E126/><V20/><F50/><W66/><G66/><T120/><D120/><U124/><E124/><V64/><F20/><W117/><G117/><T79/><D79/><U78/><E78/><V106/><F106/><W131/><G80/><T54/><D39/><U69/><E69/><V43/><F43/><W59/><G59/><T104/><D42/><N who="1" m="24823" /><E133/><V0/><F0/><W6/><G6/><T108/><D108/><U121/><E121/><V40/><F40/><W35/><G35/><T41/><D41/><U27/><E27/><V52/><F64/><W130/><G130/><T37/><D37/><U63/><E132/><V8/><F94/><W123/><G123/><T86/><D104/><U24/><E24/><V113/><F113/><W1/><G1/><T70/><REACH who="0" step="1"/><D7/><REACH who="0" ten="80,180,253,477" step="2"/><U58/><E58/><V68/><F68/><W90/><G107/><T97/><D97/><AGARI ba="0,1" hai="5,8,12,15,19,21,52,57,60,85,87,93,97,100" machi="97" ten="40,8000,1" yaku="8,1,52,2,54,1" doraHai="82" who="2" fromWho="0" sc="80,-80,180,0,253,90,477,0" />
</Scene>
<Scene>
<INIT seed="5,0,0,1,0,18" ten="0,180,343,477" oya="1" hai0="104,28,115,94,91,125,17,106,134,21,47,10,83" hai1="31,88,67,85,75,7,90,81,38,35,5,44,59" hai2="65,105,19,1,8,130,0,128,98,80,112,93,13" hai3="33,68,86,34,70,62,6,60,32,23,71,76,58"/><U16/><E75/><V97/><F65/><W84/><G6/><T56/><D115/><U114/><E114/><V24/><F112/><W121/><G76/><T30/><D125/><U82/><E35/><V54/><F105/><W100/><G100/><T57/><D83/><U52/><E31/><V123/><F123/><W2/><G2/><T113/><D113/><U78/><E67/><V87/><F54/><W53/><G121/><T25/><D134/><U69/><E69/><V89/><F24/><W108/><G108/><T127/><D127/><U122/><E122/><V63/><F63/><W107/><G107/><T40/><D104/><U92/><E38/><V22/><F98/><W27/><REACH who="3" step="1"/><G62/><REACH who="3" ten="0,180,343,467" step="2"/><T73/><D73/><U101/><E101/><V119/><F0/><W120/><G120/><T95/><D106/><U4/><E78/><V11/><F1/><W42/><G42/><T36/><D94/><U102/><E102/><N who="2" m="60719" /><F119/><W61/><G61/><T132/><D132/><U20/><E90/><V55/><F55/><W133/><G133/><T49/><D36/><U99/><E52/><V79/><F79/><W103/><G103/><T29/><D10/><U39/><E39/><V45/><F8/><W96/><G96/><AGARI ba="0,1" hai="17,21,25,28,29,30,40,47,49,56,57,91,95,96" machi="96" ten="40,2600,0" yaku="8,1,52,1" doraHai="18" who="0" fromWho="3" sc="0,36,180,0,343,0,467,-26" />
</Scene>
<Scene>
<INIT seed="6,0,0,5,0,39" ten="36,180,343,441" oya="2" hai0="75,55,31,80,10,2,86,94,33,16,25,14,42" hai1="58,66,114,64,20,93,8,126,124,122,102,59,48" hai2="53,23,0,98,13,18,96,15,128,127,5,43,60" hai3="83,62,35,71,100,3,51,54,74,1,34,89,6"/><V36/><F0/><W129/><G129/><T120/><D120/><U63/><E122/><V30/><F128/><W130/><G130/><T105/><D105/><U70/><E114/><V131/><F131/><W67/><G100/><T46/><D94/><U78/><E78/><V72/><F72/><W87/><G74/><T73/><D55/><U116/><E116/><V97/><F127/><N who="1" m="48681" /><E66/><V26/><F5/><W50/><G50/><T106/><D106/><U9/><E20/><V123/><F123/><W134/><G134/><T41/><D2/><U111/><E111/><V125/><F125/><W24/><G6/><T108/><D108/><U113/><E113/><V121/><F121/><W85/><G35/><T84/><D84/><U112/><E112/><V7/><F7/><W69/><G87/><T99/><D99/><N who="1" m="59759" /><E48/><V118/><F118/><W92/><G71/><T19/><D19/><U109/><E109/><V61/><F18/><W101/><G34/><T65/><D65/><U45/><E45/><V38/><F23/><W40/><G3/><T95/><D95/><U81/><E81/><V90/><F61/><W104/><G83/><T91/><REACH who="0" step="1"/><D41/><REACH who="0" ten="26,180,343,441" step="2"/><U21/><E64/><V49/><F43/><W17/><G40/><T132/><D132/><U29/><E29/><V119/><F30/><W4/><G67/><T12/><D12/><U135/><E135/><V56/><F13/><W37/><G1/><T57/><D57/><U68/><E58/><V32/><F56/><W47/><G104/><T22/><D22/><U76/><E21/><V133/><F133/><W28/><G28/><RYUUKYOKU ba="0,1" sc="26,30,180,-10,343,-10,441,-10" hai0="10,14,16,25,31,33,42,46,73,75,80,86,91" />
</Scene>
<Scene>
<INIT seed="7,1,1,2,0,9" ten="56,170,333,431" oya="3" hai0="103,24,83,63,85,93,108,32,54,131,132,87,117" hai1="13,101,79,129,124,96,107,8,65,68,48,90,73" hai2="22,128,69,99,105,41,44,126,3,37,122,18,40" hai3="119,4,50,11,133,88,60,12,49,0,21,92,43"/><W26/><G119/><T125/><D117/><U82/><E129/><V6/><F128/><W71/><G133/><T29/><D108/><U91/><E124/><V38/><F126/><W17/><G43/><T55/><D125/><U46/><E65/><V47/><F69/><W72/><G72/><T115/><D131/><U23/><E23/><V56/><F122/><W42/><G42/><T84/><D132/><U106/><E106/><V51/><F51/><W1/><G1/><T34/><D115/><U81/><E81/><V25/><F56/><W36/><G36/><T80/><D34/><U86/><E68/><V74/><F6/><W109/><G109/><T111/><D111/><U95/><E107/><V35/><F3/><W100/><G100/><T45/><D55/><N who="1" m="30103" /><E73/><V123/><F74/><W31/><G60/><T112/><D112/><U75/><E75/><V57/><F123/><W27/><G71/><T110/><D110/><U77/><E91/><V52/><F35/><N who="3" m="20983" /><G27/><T10/><D10/><U62/><E62/><V5/><F5/><AGARI ba="1,1" hai="5,8,13,77,79,82,86,90,95,96,101" m="30103" machi="5" ten="30,2000,0" yaku="8,1,52,1" doraHai="9" who="1" fromWho="2" sc="56,0,170,33,333,-23,431,0" owari="56,-44.0,203,-20.0,310,11.0,431,53.0" />
</Scene>
</mjloggm>