<mjloggm ver="2.3"><GO type="41"/><UN n0="%62%6F%62%6F%62%6F" n1="%E3%83%AB%E3%83%B3%E3%83%A1%E3%83%8B%E3%82%B2" n2="%E5%A4%AA%E3%81%8F%E3%81%AA%E3%81%84%E3%81%8A" n3="%E6%9D%B1%E9%9B%B2%E7%9A%90%E6%9C%88" dan="15,14,15,15" rate="1878,1905,2055,1987" sx="M,M,M,F"/><TAIKYOKU oya="0"/>

<Scene>
<INIT seed="0,0,0,3,5,57" ten="250,250,250,250" oya="0" hai0="88,58,28,39,5,11,46,101,108,48,129,13,122" hai1="102,73,9,112,53,38,78,37,89,70,60,17,77" hai2="84,91,45,116,68,113,64,8,119,63,0,56,90" hai3="95,132,27,35,24,1,42,50,32,15,83,115,111"/><T92/><D122/><U82/><E102/><V125/><F113/><W135/><G1/><T2/><D129/><U67/><E112/><V106/><F106/><W74/><G115/><T98/><D28/><U96/><E96/><V59/><F125/><W69/><G69/><T75/><D75/><U19/><E19/><V23/><F45/><N who="3" m="25911" /><G95/><T55/><D108/><U86/><E37/><V130/><F130/><W72/><G15/><T26/><D26/><N who="3" m="9769" /><G111/><T81/><D39/><U31/><E73/><V100/><F100/><W76/><G72/><T7/><D2/><U6/><E38/><V43/><F23/><W127/><G127/><T118/><D118/><U103/><E103/><V80/><F43/><W87/><G74/><T97/><D81/><U79/><E31/><V117/><REACH who="2" step="1"/><F91/><REACH who="2" ten="250,250,240,250" step="2"/><W10/><G10/><T65/><D65/><U33/><E67/><V134/><F134/><AGARI ba="0,1" hai="32,35,76,83,87,132,134,135" m="9769,25911" machi="134" ten="30,1000,0" yaku="20,1" doraHai="57" who="3" fromWho="2" sc="250,0,250,0,240,-10,250,20" />
</Scene>
<Scene>
<INIT seed="1,0,0,4,1,116" ten="250,250,230,270" oya="1" hai0="23,81,72,133,34,18,92,135,104,35,37,102,13" hai1="112,95,52,32,101,7,97,51,125,130,47,65,50" hai2="12,96,114,84,27,69,128,46,57,123,110,5,63" hai3="74,4,126,134,48,124,66,45,56,105,80,82,41"/><U90/><E32/><V30/><F110/><W91/><G105/><T3/><D37/><U78/><E112/><V99/><F128/><W44/><G4/><T67/><D3/><U49/><E130/><V8/><F69/><W107/><G107/><T11/><D104/><U73/><E125/><N who="3" m="48234" /><G74/><T89/><D102/><U68/><E7/><V64/><F114/><W40/><G91/><T43/><D43/><U83/><REACH who="1" step="1"/><E101/><REACH who="1" ten="250,240,230,270" step="2"/><V0/><F5/><W54/><G134/><T6/><D35/><U14/><E14/><V19/><F0/><W127/><G127/><T94/><D34/><U61/><AGARI ba="0,1" hai="47,49,50,51,52,61,65,68,73,78,83,90,95,97" machi="61" ten="30,6000,0" yaku="1,1,0,1,54,1,53,0" doraHai="116" doraHaiUra="9" who="1" fromWho="1" sc="250,-20,240,70,230,-20,270,-20" />
</Scene>
<Scene>
<INIT seed="1,1,0,0,0,54" ten="230,310,210,250" oya="1" hai0="127,120,64,113,111,7,33,90,44,50,26,10,85" hai1="49,114,119,81,30,52,116,103,11,121,2,48,58" hai2="1,62,74,93,45,99,123,42,89,5,36,59,134" hai3="109,83,47,38,73,27,39,118,129,78,14,57,21"/><U28/><E114/><V107/><F123/><W72/><G109/><T91/><D113/><U13/><E121/><V63/><F134/><W31/><G129/><T115/><D111/><U43/><E2/><V56/><F107/><W105/><G105/><T37/><D120/><U79/><E103/><V124/><F124/><W35/><G118/><T60/><D37/><U100/><E100/><V22/><F74/><W15/><G72/><T95/><D91/><U88/><E119/><V6/><F22/><W94/><G94/><T17/><D127/><U130/><E130/><V125/><F125/><W12/><G35/><T117/><D117/><U70/><E70/><V46/><F46/><W25/><G25/><T131/><D131/><U24/><E24/><V19/><F19/><W16/><G31/><N who="1" m="11818" /><E79/><V102/><F102/><W8/><G8/><T126/><D126/><U92/><E81/><V32/><F32/><W108/><G108/><T133/><D133/><U101/><E101/><V51/><F36/><W9/><G9/><T104/><D104/><U18/><E43/><V77/><F77/><W110/><G110/><T86/><D33/><U40/><E40/><V41/><F42/><W82/><G82/><T80/><D26/><U98/><E116/><V34/><F34/><W76/><G76/><T61/><D64/><U67/><E67/><N who="2" m="39367" /><F1/><W66/><REACH who="3" step="1"/><G47/><REACH who="3" ten="230,310,210,240" step="2"/><T106/><D106/><U69/><E69/><V71/><F71/><W55/><G55/><AGARI ba="1,1" hai="5,6,41,45,51,55,59,63,89,93,99" m="39367" machi="55" ten="30,3900,0" yaku="8,1,52,2" doraHai="54" who="2" fromWho="3" sc="230,0,310,0,210,52,240,-42" />
</Scene>
<Scene>
<INIT seed="2,0,0,2,4,115" ten="230,310,262,198" oya="2" hai0="28,70,127,104,68,18,56,126,27,135,85,57,134" hai1="82,83,52,105,64,62,31,15,16,74,86,79,101" hai2="123,22,107,5,109,8,103,10,63,132,72,106,53" hai3="55,36,11,21,38,102,60,80,61,50,98,130,20"/><V19/><F123/><W26/><G130/><T87/><D104/><U14/><E31/><V117/><F72/><W91/><G36/><T65/><D18/><U111/><E14/><V112/><F112/><W39/><G38/><T47/><D47/><U119/><E105/><V3/><F8/><W25/><G11/><T7/><D7/><U131/><E101/><V66/><F132/><N who="0" m="50730" /><D27/><U88/><E131/><V9/><F9/><W89/><G39/><T113/><D28/><U95/><E52/><V2/><F2/><W13/><G13/><T90/><D65/><U92/><E119/><V44/><F117/><W116/><G116/><T43/><D90/><U94/><E111/><V121/><F121/><W41/><G41/><T77/><D43/><U45/><E45/><V29/><F29/><W35/><G35/><T24/><D24/><U59/><REACH who="1" step="1"/><E82/><REACH who="1" ten="230,300,262,198" step="2"/><V84/><F109/><W58/><G80/><T71/><D77/><U128/><E128/><V81/><F103/><W51/><G102/><T114/><D113/><U1/><E1/><V75/><F44/><W125/><G55/><T110/><D114/><U6/><E6/><V42/><F53/><W67/><G67/><T34/><D110/><U23/><AGARI ba="0,1" hai="15,16,23,59,62,64,74,79,83,86,88,92,94,95" machi="23" ten="20,8000,1" yaku="1,1,0,1,7,1,54,2,53,0" doraHai="115" doraHaiUra="120" who="1" fromWho="1" sc="230,-20,300,90,262,-40,198,-20" />
</Scene>
<Scene>
<INIT seed="3,0,0,1,5,130" ten="210,390,222,178" oya="3" hai0="0,102,67,111,76,97,9,57,44,16,129,124,85" hai1="49,69,87,93,83,19,99,46,25,27,125,81,104" hai2="110,14,18,61,122,84,42,77,45,134,135,12,103" hai3="1,40,112,15,79,10,121,80,33,109,89,24,58"/><W113/><G121/><T65/><D111/><U72/><E69/><V56/><F110/><W68/><G109/><T7/><D129/><U105/><E125/><V20/><F103/><W119/><G68/><T101/><D44/><U66/><E66/><V37/><F122/><W115/><G119/><T26/><D124/><U51/><E72/><V123/><F123/><W22/><G40/><T88/><D76/><U34/><E34/><V91/><F77/><W39/><G39/><T117/><D57/><U132/><E132/><N who="2" m="50731" /><F20/><W32/><G89/><T75/><D75/><U92/><E105/><V13/><F18/><W131/><G131/><T54/><D54/><U95/><E104/><V55/><F13/><W35/><G58/><T62/><D62/><U6/><E6/><V86/><F86/><W82/><G79/><T60/><D60/><U114/><E99/><V28/><F28/><W38/><G38/><T50/><D50/><N who="1" m="18955" /><E87/><V11/><F11/><W126/><G126/><T70/><D70/><U63/><E19/><V41/><F41/><W53/><G53/><T128/><D128/><U48/><E27/><V31/><F31/><W133/><G133/><T36/><D36/><U120/><E25/><V8/><F8/><W74/><G74/><T47/><D47/><U78/><E120/><V30/><F30/><N who="3" m="17687" /><G1/><T52/><D52/><N who="1" m="29719" /><E78/><V98/><F98/><W5/><G10/><T100/><D97/><U94/><N who="1" m="24064" /><DORA hai="73" /><U90/><E90/><V3/><F3/><W17/><G5/><T59/><D117/><U127/><E127/><V23/><F23/><W4/><G4/><RYUUKYOKU ba="0,0" sc="210,-15,390,-15,222,15,178,15" hai2="12,14,37,42,45,55,56,61,84,91" hai3="15,17,32,33,35,80,82,112,113,115" />
</Scene>
<Scene>
<INIT seed="3,1,0,4,1,48" ten="195,375,237,193" oya="3" hai0="25,3,27,119,123,65,30,16,97,112,117,111,78" hai1="126,70,115,8,35,54,82,9,100,95,12,50,108" hai2="75,128,23,42,107,29,90,33,36,56,24,130,129" hai3="57,15,125,66,120,38,22,40,87,99,43,133,132"/><W124/><G120/><T127/><D78/><U20/><E70/><V86/><F107/><W92/><G87/><T11/><D65/><U88/><E35/><V106/><F106/><W59/><G22/><T1/><D97/><N who="1" m="59455" /><E115/><V110/><F75/><W19/><G19/><T94/><D94/><U103/><E103/><V74/><F74/><W37/><G15/><N who="0" m="7295" /><D111/><U17/><E108/><V77/><F110/><W105/><G105/><T32/><D123/><U34/><E34/><V49/><F77/><W118/><G92/><T67/><D67/><U76/><E76/><V46/><F33/><W13/><G13/><T2/><D127/><N who="3" m="48713" /><G99/><T109/><D109/><U61/><E61/><V51/><REACH who="2" step="1"/><F56/><REACH who="2" ten="195,375,227,193" step="2"/><N who="3" m="21579" /><G118/><N who="0" m="45067" /><D112/><U69/><E126/><V135/><F135/><N who="3" m="51787" /><G66/><T122/><D122/><U60/><E82/><AGARI ba="1,1" hai="23,24,29,36,42,46,49,51,82,86,90,128,129,130" machi="82" ten="40,2600,0" yaku="1,1,19,1,53,0" doraHai="48" doraHaiUra="64" who="2" fromWho="1" sc="195,0,375,-29,227,39,193,0" />
</Scene>
<Scene>
<INIT seed="4,0,0,0,5,49" ten="195,346,266,193" oya="0" hai0="41,60,119,48,43,67,131,10,5,129,109,114,123" hai1="1,23,0,25,96,36,135,14,31,72,13,85,2" hai2="110,84,46,70,115,108,47,9,113,116,35,128,27" hai3="22,66,80,58,98,16,32,68,24,8,134,71,53"/><T39/><D5/><U18/><E36/><V93/><F70/><W89/><G134/><T45/><D10/><U81/><E72/><V64/><F64/><W94/><G66/><T103/><D103/><U102/><E135/><V59/><F128/><N who="0" m="49226" /><D123/><U111/><E111/><N who="2" m="42539" /><F9/><W76/><G32/><T7/><D119/><U79/><REACH who="1" step="1"/><E31/><REACH who="1" ten="195,336,266,193" step="2"/><V40/><F116/><W122/><G122/><T91/><D109/><U51/><E51/><V50/><F50/><W17/><G17/><T92/><D39/><U126/><E126/><V90/><F115/><W38/><G38/><T133/><D133/><U86/><E86/><V127/><F84/><N who="3" m="48135" /><G8/><T21/><D7/><U125/><E125/><V26/><F113/><W74/><G74/><T100/><D114/><U117/><E117/><V104/><F127/><W112/><G112/><T88/><D41/><U106/><AGARI ba="0,1" hai="0,1,2,13,14,18,23,25,79,81,85,96,102,106" machi="106" ten="30,2000,0" yaku="1,1,0,1,53,0" doraHai="49" doraHaiUra="132" who="1" fromWho="1" sc="195,-10,336,30,266,-5,193,-5" />
</Scene>
<Scene>
<INIT seed="5,0,0,1,5,111" ten="185,366,261,188" oya="1" hai0="75,46,79,39,20,49,118,83,112,93,85,36,59" hai1="51,15,11,19,2,44,50,119,63,106,135,110,128" hai2="48,100,94,82,107,131,116,70,66,67,42,12,27" hai3="31,115,87,16,34,76,72,10,91,97,25,41,40"/><U26/><E106/><V33/><F116/><W53/><G97/><T99/><D118/><U8/><E119/><V3/><F3/><W114/><G76/><T102/><D112/><N who="3" m="43049" /><G72/><T56/><D39/><U80/><E110/><V120/><F100/><W86/><G53/><T123/><D36/><U23/><E2/><V17/><F120/><W68/><G68/><T105/><D123/><U28/><E11/><V109/><F66/><W117/><G117/><T130/><D130/><U32/><E128/><V43/><F67/><W65/><G65/><T95/><D20/><U29/><E63/><V45/><F107/><W55/><G55/><T38/><D38/><U5/><E51/><V57/><F48/><W133/><G133/><T24/><D24/><U127/><E135/><V122/><F122/><W74/><G74/><T108/><D108/><U113/><E113/><V103/><F109/><W126/><G126/><T125/><D125/><U129/><E127/><V37/><F131/><W81/><G86/><T47/><D47/><U52/><E129/><V77/><F45/><W89/><G91/><N who="0" m="53487" /><D95/><U30/><E80/><V98/><F70/><W132/><G132/><T60/><D60/><U78/><E78/><V88/><F77/><W4/><G16/><T54/><AGARI ba="0,0" hai="46,49,54,56,59,75,79,83,99,102,105" m="53487" machi="54" ten="30,1100,0" yaku="24,1" doraHai="111" who="0" fromWho="0" sc="185,11,366,-5,261,-3,188,-3" />
</Scene>
<Scene>
<INIT seed="6,0,0,2,1,22" ten="196,361,258,185" oya="2" hai0="38,62,117,54,70,65,19,51,3,91,61,40,25" hai1="56,29,68,113,58,78,79,81,18,120,45,129,132" hai2="33,23,46,97,35,50,28,42,21,52,88,47,126" hai3="41,90,76,99,118,125,131,27,108,98,64,12,59"/><V96/><F126/><W6/><G108/><T77/><D3/><U17/><E68/><V94/><F33/><W127/><G118/><T73/><D91/><U2/><E29/><V134/><F134/><W11/><G76/><T135/><D135/><U130/><E2/><V100/><F35/><W128/><G41/><T89/><D89/><U80/><E132/><V67/><F67/><W43/><G43/><T102/><D102/><U84/><E45/><V82/><F28/><W107/><G107/><T121/><D62/><U20/><E20/><V119/><F119/><W8/><G8/><T92/><D92/><U16/><E18/><V32/><F32/><W109/><G109/><T44/><D121/><U30/><E30/><V72/><F72/><W74/><G74/><T86/><D73/><U114/><E84/><N who="2" m="50199" /><F96/><N who="3" m="36907" /><G90/><T9/><D86/><U122/><AGARI ba="0,0" hai="16,17,56,58,78,79,80,81,113,114,120,122,129,130" machi="122" ten="25,6400,0" yaku="0,1,22,2,54,1" doraHai="22" who="1" fromWho="1" sc="196,-16,361,64,258,-32,185,-16" />
</Scene>
<Scene>
<INIT seed="7,0,0,2,3,70" ten="180,425,226,169" oya="3" hai0="92,99,36,129,125,87,80,119,1,124,75,111,19" hai1="49,96,62,78,109,17,123,117,95,90,58,54,29" hai2="121,93,15,118,56,38,108,94,14,0,11,115,31" hai3="51,25,66,120,34,9,81,12,28,131,55,105,45"/><W68/><G120/><T135/><D36/><U23/><E29/><V32/><F38/><W91/><G105/><T7/><D1/><U97/><E123/><V42/><F121/><W5/><G131/><T57/><D7/><U13/><E78/><V133/><F108/><W85/><G66/><T106/><D119/><U82/><E82/><V41/><F118/><W100/><G100/><T18/><D135/><U30/><E30/><V2/><F32/><W59/><REACH who="3" step="1"/><G68/><REACH who="3" ten="180,425,226,159" step="2"/><T84/><D129/><U126/><E117/><V89/><F133/><W46/><AGARI ba="0,1" hai="5,9,12,25,28,34,45,46,51,55,59,81,85,91" machi="46" ten="30,11700,0" yaku="1,1,2,1,0,1,53,1" doraHai="70" doraHaiUra="22" who="3" fromWho="3" sc="180,-39,425,-39,226,-39,159,127" />
</Scene>
<Scene>
<INIT seed="7,1,0,2,2,103" ten="141,386,187,286" oya="3" hai0="33,19,119,64,89,9,32,30,44,42,98,45,122" hai1="50,80,60,100,113,14,126,61,102,59,53,90,24" hai2="134,109,56,111,16,88,108,7,52,87,73,12,125" hai3="54,51,83,49,6,39,62,21,77,78,105,132,128"/><W1/><G132/><T37/><D122/><U117/><E113/><V79/><F134/><W57/><G128/><T3/><D119/><U70/><E126/><V81/><F7/><W0/><G39/><T101/><D89/><U5/><E117/><V2/><F2/><W34/><G34/><T95/><D64/><U131/><E131/><V96/><F96/><W25/><G77/><T110/><D45/><N who="1" m="27855" /><E24/><V124/><F73/><W133/><G133/><T93/><D110/><U97/><E70/><V22/><REACH who="2" step="1"/><F79/><REACH who="2" ten="141,386,177,286" step="2"/><W55/><G6/><T41/><D30/><U36/><E5/><V106/><F106/><W92/><G105/><T114/><D114/><U58/><E97/><V4/><F4/><W82/><G78/><T121/><D121/><U28/><E102/><V31/><F31/><W130/><G0/><T85/><D42/><U15/><E100/><V116/><F116/><W104/><G104/><T67/><D3/><U11/><E28/><V123/><F123/><W26/><G1/><T86/><D19/><U76/><E76/><V65/><F65/><W35/><G130/><T8/><D67/><U23/><E90/><V47/><F47/><W91/><G91/><T84/><REACH who="0" step="1"/><D95/><REACH who="0" ten="131,386,177,286" step="2"/><U112/><E112/><V68/><F68/><W69/><G92/><T129/><D129/><U99/><E80/><V20/><F20/><W94/><G94/><T118/><D118/><U63/><E23/><V29/><F29/><W74/><G21/><T46/><D46/><U43/><E11/><AGARI ba="1,2" hai="8,9,11,32,33,37,41,44,84,85,86,93,98,101" machi="11" ten="40,1300,0" yaku="1,1,53,0" doraHai="103" doraHaiUra="127" who="0" fromWho="1" sc="131,36,386,-16,177,0,286,0" owari="167,-33.0,370,46.0,177,-22.0,286,9.0" />
</Scene>
</mjloggm>