<mjloggm ver="2.3"><GO type="169"/><UN n0="%E5%94%90%E6%8F%9A%E5%A4%A7%E5%A5%BD%E3%81%8D" n1="%E3%81%B3%E3%82%8A%E3%81%B3%E3%82%8A%E2%98%86%E3%83%93%E3%83%AA%E3%83%BC" n2="%E5%A4%AA%E3%81%8F%E3%81%AA%E3%81%84%E3%81%8A" n3="%E3%81%93%E3%81%98%E3%82%8D" dan="17,17,18,17" rate="2186,2113,2166,2166" sx="M,M,M,M"/><TAIKYOKU oya="0"/>

<Scene>
<INIT seed="0,0,0,0,3,70" ten="250,250,250,250" oya="0" hai0="129,83,93,75,65,90,95,80,99,62,104,24,25" hai1="59,21,40,88,39,131,96,125,56,71,31,110,27" hai2="91,29,115,26,57,108,82,68,128,54,10,12,55" hai3="120,98,101,15,37,100,4,86,97,106,77,51,8"/><T64/><D129/><U87/><E71/><V126/><F115/><W135/><G120/><T117/><D117/><U89/><E131/><V7/><F128/><W102/><G135/><T11/><D104/><U28/><E110/><V9/><F68/><W73/><G73/><T32/><D11/><U63/><E125/><V17/><F108/><W79/><G37/><T45/><D45/><U0/><E0/><V46/><F126/><W22/><G101/><T61/><D75/><U69/><E39/><V44/><F29/><W116/><G116/><T19/><D32/><U42/><E69/><V3/><F26/><W119/><G119/><T92/><D92/><N who="1" m="56327" /><E31/><V60/><F54/><W84/><G22/><T2/><D2/><U109/><E109/><V48/><F60/><W47/><G79/><T53/><D90/><U33/><E33/><V111/><F111/><W50/><G50/><T105/><D105/><U6/><E6/><V94/><REACH who="2" step="1"/><F82/><REACH who="2" ten="250,250,240,250" step="2"/><W78/><G78/><T43/><D53/><N who="1" m="34191" /><E59/><V122/><F122/><W34/><G77/><T30/><D30/><U81/><AGARI ba="0,1" hai="21,27,28,40,42,81,87,89" m="34191,56327" machi="81" ten="30,2000,0" yaku="8,1,54,1" doraHai="70" who="1" fromWho="1" sc="250,-10,250,30,240,-5,250,-5" />
</Scene>
<Scene>
<INIT seed="1,0,0,3,4,10" ten="240,280,235,245" oya="1" hai0="118,95,125,26,121,20,54,72,85,94,109,116,86" hai1="83,18,102,99,19,39,84,2,124,105,0,34,80" hai2="120,92,5,104,133,129,32,130,45,60,114,76,91" hai3="28,7,81,50,74,113,112,36,8,44,108,16,30"/><U38/><E34/><V135/><F32/><W59/><G36/><T48/><D72/><U78/><E124/><V47/><F104/><W56/><G108/><T110/><D125/><U98/><E98/><N who="2" m="57631" /><F120/><W126/><G126/><T134/><D121/><U53/><E53/><V117/><F117/><N who="0" m="45162" /><D134/><N who="2" m="51210" /><F114/><W57/><G74/><T21/><D26/><U58/><E83/><V31/><F31/><W101/><G81/><T75/><D75/><U15/><E58/><V22/><F76/><W73/><G73/><T66/><D66/><U97/><E97/><V55/><F5/><W61/><G101/><T128/><D128/><N who="2" m="49258" /><F22/><N who="0" m="8810" /><D110/><U13/><E2/><V3/><F3/><W106/><G106/><T6/><D109/><U4/><E0/><V103/><F103/><W93/><G7/><T42/><D6/><U67/><E4/><V88/><F88/><W29/><G93/><N who="0" m="35339" /><D54/><U79/><E67/><V49/><F60/><W69/><G112/><T119/><D119/><U9/><E79/><V71/><F47/><W11/><G113/><T14/><D14/><U77/><E78/><V65/><F65/><W35/><G35/><T62/><D62/><U70/><E70/><AGARI ba="0,0" hai="45,49,55,70,71" m="49258,51210,57631" machi="70" ten="30,2000,0" yaku="20,1,19,1" doraHai="10" who="2" fromWho="1" sc="240,0,280,-20,235,20,245,0" />
</Scene>
<Scene>
<INIT seed="2,0,0,2,1,17" ten="240,260,255,245" oya="2" hai0="28,82,89,100,50,101,104,26,105,75,111,72,122" hai1="16,39,10,92,135,5,59,96,53,108,71,37,69" hai2="67,11,2,87,36,15,131,70,1,0,25,83,60" hai3="132,84,123,106,9,4,65,74,20,24,30,47,18"/><V109/><F36/><W76/><G106/><N who="0" m="41067" /><D50/><U38/><E108/><V103/><F103/><N who="0" m="39498" /><D26/><U54/><E135/><V120/><F120/><W91/><G74/><N who="0" m="28203" /><D28/><U12/><E54/><V119/><F119/><W64/><G132/><T61/><D61/><U55/><E55/><V56/><F109/><W81/><G123/><T19/><D19/><U117/><E117/><V52/><F131/><W13/><G91/><T90/><D111/><U48/><E92/><V49/><F25/><W68/><G68/><T130/><D122/><U44/><E96/><V23/><F23/><W33/><REACH who="3" step="1"/><G47/><REACH who="3" ten="240,260,255,235" step="2"/><T116/><D116/><U125/><E44/><V115/><F115/><W41/><G41/><T110/><D110/><U80/><E71/><V22/><F22/><W127/><G127/><T88/><D130/><U134/><E69/><V85/><REACH who="2" step="1"/><F83/><AGARI ba="0,1" hai="82,83,88,89,90" m="28203,39498,41067" machi="83" ten="40,16000,3" yaku="28,2,35,5,54,1" doraHai="17" who="0" fromWho="2" sc="240,170,260,0,255,-160,235,0" />
</Scene>
<Scene>
<INIT seed="3,0,0,2,5,105" ten="410,260,95,235" oya="3" hai0="90,44,131,112,35,79,61,63,32,92,114,37,66" hai1="135,15,39,50,78,96,51,107,133,110,111,89,10" hai2="117,1,60,77,34,106,65,127,129,45,128,109,56" hai3="33,116,59,100,13,26,0,62,113,68,19,53,88"/><W82/><G0/><T99/><D131/><N who="2" m="50250" /><F117/><W104/><G116/><T75/><D37/><U86/><E39/><V72/><F106/><W6/><G113/><N who="0" m="43627" /><D44/><U85/><E107/><V87/><F1/><W25/><G6/><T8/><D8/><U23/><E23/><V103/><F34/><N who="0" m="12842" /><D66/><U98/><E78/><V21/><F103/><W20/><G68/><T121/><D121/><U24/><E24/><V76/><F109/><N who="1" m="41481" /><E51/><V38/><F127/><W58/><G33/><T74/><D79/><N who="2" m="30282" /><F21/><W124/><G124/><T81/><D81/><N who="1" m="49327" /><E50/><V2/><F2/><W12/><G100/><T5/><D5/><N who="1" m="3535" /><E86/><V122/><F87/><W55/><G104/><T57/><D57/><U93/><E98/><V71/><F122/><W3/><G3/><T91/><D91/><AGARI ba="0,0" hai="91,93,96,133,135" m="3535,49327,41481" machi="91" ten="30,1000,0" yaku="14,1" doraHai="105" who="1" fromWho="0" sc="410,-10,260,10,95,0,235,0" />
</Scene>
<Scene>
<INIT seed="4,0,0,1,0,120" ten="400,270,95,235" oya="0" hai0="131,130,57,88,101,133,38,86,29,3,110,72,36" hai1="78,51,104,53,79,56,135,31,10,114,105,123,95" hai2="14,82,65,13,12,49,67,73,32,106,99,134,85" hai3="42,87,81,25,18,60,127,124,77,89,80,112,37"/><T108/><D72/><U103/><E123/><V109/><F32/><W55/><G37/><N who="0" m="14443" /><D3/><U35/><E135/><V84/><F134/><W30/><G42/><T116/><D133/><U2/><E114/><V23/><F73/><W21/><G112/><T93/><D116/><U50/><E105/><V129/><F129/><N who="0" m="49162" /><D29/><U15/><E2/><V70/><F70/><W48/><G60/><T74/><D74/><U98/><E104/><V83/><F23/><W113/><G113/><T16/><D101/><U4/><E31/><V34/><F34/><W118/><G118/><T58/><D16/><N who="1" m="8311" /><E35/><V46/><F106/><W33/><G77/><N who="1" m="29194" /><E4/><V66/><F99/><W47/><REACH who="3" step="1"/><G80/><REACH who="3" ten="400,270,95,225" step="2"/><T71/><D71/><U96/><E96/><V125/><F82/><W61/><G61/><AGARI ba="0,1" hai="50,51,53,56,61,95,98,103" m="29194,8311" machi="61" ten="30,2000,0" yaku="8,1,54,1" doraHai="120" who="1" fromWho="3" sc="400,0,270,30,95,0,225,-20" />
</Scene>
<Scene>
<INIT seed="5,0,0,0,3,55" ten="400,300,95,205" oya="1" hai0="103,14,115,88,97,107,57,74,95,113,31,98,27" hai1="16,15,36,25,45,82,22,18,43,8,29,116,11" hai2="49,3,17,85,77,63,108,110,12,78,68,133,80" hai3="48,105,41,59,32,69,92,101,70,23,127,106,132"/><U39/><E116/><V122/><F122/><W72/><G32/><T54/><D74/><U26/><E82/><V87/><F3/><W73/><G132/><T46/><D46/><U35/><REACH who="1" step="1"/><E11/><REACH who="1" ten="400,290,95,205" step="2"/><V84/><F133/><W112/><G73/><T81/><D81/><U79/><E79/><V124/><F78/><W5/><G72/><T66/><D115/><U119/><E119/><V13/><F77/><W118/><G112/><T4/><D113/><U33/><E33/><V131/><F80/><W1/><G118/><T129/><D129/><U134/><E134/><V128/><F128/><W117/><G117/><T10/><D10/><U61/><E61/><V19/><F131/><W38/><G106/><T89/><D107/><U75/><E75/><V44/><F63/><W93/><G105/><T96/><D103/><U0/><E0/><V58/><F110/><W94/><G101/><T9/><D9/><U114/><E114/><V126/><F108/><W51/><G1/><T125/><D89/><U71/><E71/><V50/><F68/><W56/><G70/><T120/><D88/><U62/><E62/><V40/><F126/><W64/><G69/><T2/><D125/><U135/><E135/><V34/><F34/><W130/><G127/><T6/><D2/><U123/><E123/><V60/><F124/><W30/><G130/><T42/><D120/><U37/><AGARI ba="0,1" hai="8,15,16,18,22,25,26,29,35,36,37,39,43,45" machi="37" ten="20,12000,1" yaku="1,1,0,1,7,1,54,1,53,1" doraHai="55" doraHaiUra="28" who="1" fromWho="1" sc="400,-40,290,130,95,-40,205,-40" />
</Scene>
<Scene>
<INIT seed="5,1,0,2,0,35" ten="360,420,55,165" oya="1" hai0="52,17,111,26,12,63,49,53,120,78,101,73,104" hai1="16,92,18,130,105,99,25,11,51,44,107,45,29" hai2="68,20,123,102,96,41,88,32,100,81,110,89,69" hai3="84,2,3,58,122,80,125,15,94,72,129,38,7"/><U97/><E130/><V108/><F32/><W31/><G38/><T22/><D111/><U36/><E36/><V13/><F123/><W82/><G122/><T86/><D120/><U47/><E51/><V91/><F41/><W39/><G39/><T109/><D109/><U60/><E60/><V85/><F110/><W28/><G72/><T134/><D73/><U65/><E65/><V59/><F108/><W124/><G94/><T8/><D134/><U10/><E29/><N who="3" m="11338" /><G58/><N who="0" m="35279" /><D104/><N who="1" m="40011" /><E92/><N who="2" m="56327" /><F69/><W71/><G71/><T5/><D101/><N who="2" m="39018" /><F68/><W118/><G118/><T48/><D52/><U57/><E57/><V33/><F33/><W24/><G24/><T46/><D46/><U98/><E25/><V133/><F133/><W90/><G129/><T40/><D40/><U75/><E75/><V4/><F59/><W56/><G56/><T132/><D132/><U54/><E54/><V67/><F67/><W83/><G82/><AGARI ba="1,0" hai="5,8,12,17,22,26,48,49,78,82,86" m="35279" machi="82" ten="30,1000,0" yaku="8,1" doraHai="35" who="0" fromWho="3" sc="360,13,420,0,55,0,165,-13" />
</Scene>
<Scene>
<INIT seed="6,0,0,4,3,97" ten="373,420,55,152" oya="2" hai0="25,82,101,38,65,108,62,104,134,114,15,81,98" hai1="88,64,92,34,117,36,122,126,48,35,124,1,60" hai2="95,112,5,7,99,106,49,11,51,120,16,32,116" hai3="43,75,19,26,39,130,109,9,33,69,111,12,72"/><V37/><F120/><W128/><G69/><T50/><D38/><U113/><E117/><V123/><F116/><W90/><G43/><T118/><D118/><U3/><E36/><V87/><F123/><W68/><G39/><T77/><D108/><N who="3" m="41545" /><G68/><T84/><D134/><U110/><E113/><V86/><F37/><W22/><G90/><T57/><D114/><U135/><E135/><V107/><F32/><N who="1" m="12329" /><E48/><N who="2" m="18507" /><F106/><W21/><G75/><T10/><D25/><U30/><E122/><V105/><F105/><W24/><G72/><T61/><D82/><U91/><E110/><V96/><F107/><W73/><G73/><T74/><D74/><U121/><E121/><V94/><F112/><W2/><G2/><T133/><D133/><U44/><E3/><V45/><F45/><W58/><G58/><T20/><D20/><N who="3" m="7785" /><G33/><T46/><D62/><U4/><E1/><V132/><F132/><W56/><G56/><T28/><D50/><U67/><E44/><V17/><F96/><W23/><N who="3" m="7793" /><W8/><DORA hai="41" /><G8/><T54/><D46/><U55/><E60/><V115/><F115/><W18/><G18/><N who="2" m="7273" /><F11/><W63/><G63/><T66/><D10/><U129/><E67/><V52/><F52/><W85/><G85/><N who="2" m="32265" /><F95/><W78/><G78/><T42/><D77/><U79/><E79/><V93/><F93/><W70/><G70/><T31/><D104/><U102/><E92/><V13/><F13/><W0/><G0/><T14/><D15/><U89/><E55/><V125/><F125/><W103/><G103/><AGARI ba="0,0" hai="5,7,94,99,103" m="32265,7273,18507" machi="103" ten="30,5800,0" yaku="8,1,52,1,54,1" doraHai="97,41" who="2" fromWho="3" sc="373,0,420,0,55,58,152,-58" />
</Scene>
<Scene>
<INIT seed="6,1,0,5,5,38" ten="373,420,113,94" oya="2" hai0="25,89,33,126,120,60,49,24,65,17,56,9,81" hai1="7,29,96,32,78,131,125,91,21,55,124,6,72" hai2="69,102,123,70,2,28,101,106,84,18,10,20,111" hai3="26,27,47,63,109,118,88,79,46,107,39,1,103"/><V94/><F123/><W53/><G1/><T31/><D120/><U8/><E32/><V108/><F28/><W64/><G109/><N who="2" m="42057" /><F106/><W30/><G118/><T117/><D117/><U50/><E131/><V92/><F10/><W98/><G79/><T37/><D37/><U113/><E113/><V74/><F74/><W43/><G47/><T34/><D126/><N who="1" m="48747" /><E8/><V68/><F2/><W66/><G26/><T132/><D132/><U54/><E21/><V40/><F40/><W19/><G19/><T95/><D81/><N who="1" m="45255" /><E29/><V58/><F58/><W114/><G114/><T119/><D119/><U35/><E35/><V52/><F52/><N who="1" m="20009" /><E50/><V128/><F128/><W129/><G129/><T61/><D49/><U83/><E83/><V75/><F75/><W110/><G110/><T97/><D34/><U99/><E91/><N who="2" m="53351" /><F94/><W80/><G53/><N who="0" m="33807" /><D9/><U45/><E45/><V100/><F20/><W116/><G116/><T16/><D33/><U67/><E67/><V105/><F105/><W86/><REACH who="3" step="1"/><G63/><REACH who="3" ten="373,420,113,84" step="2"/><T87/><D61/><U44/><E44/><V23/><F23/><AGARI ba="1,1" hai="23,27,30,39,43,46,64,66,80,86,88,98,103,107" machi="23" ten="30,8000,1" yaku="1,1,2,1,7,1,52,1,54,1,53,0" doraHai="38" doraHaiUra="130" who="3" fromWho="2" sc="373,0,420,0,113,-83,84,93" />
</Scene>
<Scene>
<INIT seed="7,0,0,0,4,67" ten="373,420,30,177" oya="3" hai0="19,105,46,79,0,23,22,24,28,9,33,40,20" hai1="57,85,88,30,45,18,64,25,93,86,90,114,10" hai2="41,61,131,62,123,43,47,32,68,39,98,6,102" hai3="82,120,37,134,104,92,66,1,132,95,109,34,110"/><W80/><G34/><T73/><D105/><U128/><E114/><V7/><F32/><W50/><G1/><T75/><D79/><U17/><E128/><V53/><F131/><W84/><G37/><T76/><D76/><U112/><E112/><V94/><F123/><W13/><G66/><T11/><D73/><U56/><E45/><V115/><F115/><W54/><G13/><N who="0" m="7615" /><D46/><U35/><E10/><V87/><F53/><W21/><G21/><N who="0" m="8299" /><D40/><U116/><E116/><V2/><F2/><W135/><G120/><T99/><D99/><U83/><E57/><V38/><F47/><W3/><G3/><T113/><D75/><U55/><E64/><V121/><F121/><W58/><G104/><T89/><D89/><U36/><E36/><V31/><F31/><W60/><G50/><AGARI ba="0,0" hai="17,18,25,30,35,50,55,56,83,85,86,88,90,93" machi="50" ten="30,2000,0" yaku="7,1,54,1" doraHai="67" who="1" fromWho="3" sc="373,0,420,20,30,0,177,-20" owari="373,17.0,440,54.0,30,-47.0,157,-24.0" />
</Scene>
</mjloggm>