<mjloggm ver="2.3"><GO type="137"/><UN n0="%E3%81%97%E3%81%87%E3%82%93" n1="%E3%83%90%E3%83%96%E3%83%AB%E3%82%B9%E3%83%A9%E3%82%A4%E3%83%A0" n2="%E5%A4%AA%E3%81%8F%E3%81%AA%E3%81%84%E3%81%8A" n3="%E5%AE%A4%E8%98%AD%E5%B8%82%E6%B0%B4%E5%85%83%E7%94%BA" dan="10,9,11,11" rate="1533,1732,1691,1714" sx="M,M,M,M"/><TAIKYOKU oya="0"/>

<Scene>
<INIT seed="0,0,0,5,0,76" ten="250,250,250,250" oya="0" hai0="15,81,130,28,23,126,31,45,97,41,55,132,112" hai1="69,47,39,30,105,89,36,82,2,108,12,100,120" hai2="80,85,124,101,9,93,27,79,119,3,127,73,44" hai3="98,50,116,77,29,92,114,57,122,71,49,125,91"/><T32/><D112/><U103/><E120/><V94/><F119/><W22/><G116/><T7/><D126/><N who="2" m="48170" /><F27/><W56/><G125/><T17/><D132/><U20/><E2/><V83/><F44/><W109/><G122/><T121/><D121/><U53/><E69/><V129/><F129/><W118/><G118/><T62/><D32/><U75/><E108/><V18/><F101/><W1/><G114/><T6/><D7/><U90/><E105/><V25/><F3/><W96/><G1/><T123/><D6/><U26/><E103/><V16/><F9/><W54/><G109/><T40/><D123/><U95/><E100/><V113/><F113/><W84/><G71/><T87/><D41/><U11/><E53/><V8/><F8/><W42/><G77/><T52/><D55/><U106/><E106/><V74/><F74/><W65/><G42/><T38/><D130/><U104/><E104/><V70/><F70/><W134/><G65/><T135/><D97/><U58/><E58/><V99/><F99/><W88/><G29/><T128/><D128/><U133/><E47/><V21/><F18/><W68/><G68/><T102/><D102/><U111/><E133/><V5/><F5/><W67/><G67/><T72/><D72/><U59/><E111/><V43/><F43/><W35/><G134/><T14/><D14/><U24/><E24/><V63/><F63/><W86/><G35/><T46/><D135/><U13/><E59/><V19/><F19/><W60/><G60/><T131/><D131/><U110/><E110/><V0/><F0/><W107/><G57/><RYUUKYOKU ba="0,0" sc="250,-10,250,-10,250,30,250,-10" hai2="16,21,25,73,79,80,83,85,93,94" />
</Scene>
<Scene>
<INIT seed="1,1,0,1,4,100" ten="240,240,280,240" oya="1" hai0="30,122,121,76,8,9,102,61,16,64,101,6,126" hai1="5,74,89,94,79,133,96,24,92,105,17,25,129" hai2="93,69,41,44,86,127,7,26,99,71,60,45,78" hai3="77,132,131,109,53,135,116,43,62,90,35,106,97"/><U72/><E5/><V67/><F127/><W22/><G35/><T0/><D76/><U113/><E17/><V125/><F125/><W46/><G116/><T118/><D30/><U88/><E25/><V55/><F7/><W107/><G77/><T4/><D118/><U1/><E24/><V114/><F114/><W57/><G109/><T95/><D0/><U48/><E1/><V124/><F124/><W68/><G131/><T38/><D126/><U66/><E66/><V130/><F130/><W11/><G68/><T120/><D38/><U23/><E23/><V108/><F108/><W81/><G11/><T31/><D31/><U80/><E129/><V2/><F2/><W47/><G22/><T112/><D112/><U59/><E113/><V75/><F75/><N who="1" m="28713" /><E48/><V65/><F26/><W119/><G46/><T83/><D83/><U15/><E15/><V134/><F55/><W128/><G128/><T37/><D37/><U27/><E27/><V115/><F115/><W82/><G119/><T42/><D42/><U13/><E13/><V70/><F67/><W104/><G82/><T32/><D32/><U29/><E29/><V20/><F20/><W21/><G21/><T18/><D122/><U12/><E12/><V36/><F45/><W50/><G81/><T63/><D64/><U117/><E59/><V123/><F123/><W84/><G97/><T85/><D85/><N who="1" m="48287" /><E117/><V14/><F14/><W91/><G84/><T3/><D3/><U52/><E52/><V111/><F86/><W54/><G43/><T110/><D110/><U19/><E19/><V39/><F39/><RYUUKYOKU ba="1,0" sc="240,15,240,-15,280,-15,240,15" hai0="4,6,8,9,16,18,61,63,95,101,102,120,121" hai3="47,50,53,54,57,62,90,91,104,106,107,132,135" />
</Scene>
<Scene>
<INIT seed="2,2,0,2,4,8" ten="255,225,265,255" oya="2" hai0="53,117,135,97,14,58,81,10,76,99,29,79,66" hai1="124,36,51,63,2,85,123,83,96,107,118,122,128" hai2="129,7,45,92,84,59,60,4,9,16,88,5,52" hai3="73,95,109,74,114,25,43,46,98,115,1,130,0"/><V64/><F129/><W24/><G130/><T20/><D117/><U6/><E128/><V21/><F45/><W67/><G67/><T15/><D135/><U54/><E118/><V77/><F77/><W116/><G116/><T133/><D66/><U27/><E36/><V101/><F101/><W91/><G109/><T26/><D133/><U23/><E124/><V119/><F119/><W100/><G24/><T80/><D97/><U42/><E42/><V41/><F41/><W28/><G0/><T47/><D47/><U33/><E33/><V71/><F9/><W121/><G121/><N who="1" m="46090" /><E6/><V113/><F113/><N who="3" m="43019" /><G1/><T110/><D99/><U65/><E2/><V131/><F131/><W22/><G100/><T56/><D110/><U104/><E96/><V103/><F103/><W72/><G72/><T82/><D56/><N who="1" m="37095" /><E54/><V39/><F39/><AGARI ba="2,0" hai="22,25,28,39,43,46,73,74,91,95,98" m="43019" machi="39" ten="30,1000,0" yaku="11,1" doraHai="8" who="3" fromWho="2" sc="255,0,225,0,265,-16,255,16" />
</Scene>
<Scene>
<INIT seed="3,0,0,2,4,46" ten="255,225,249,271" oya="3" hai0="4,131,128,107,86,16,13,45,83,30,77,108,122" hai1="15,67,48,117,95,106,127,100,74,29,6,120,76" hai2="124,60,43,28,18,85,82,32,84,88,26,61,129" hai3="96,104,19,63,89,50,70,78,59,103,24,109,98"/><W55/><G109/><T111/><D107/><U110/><E120/><V121/><F121/><W119/><G78/><T118/><D45/><U123/><E123/><V2/><F2/><W0/><G0/><T56/><D56/><U41/><E67/><V62/><F124/><W44/><G119/><T130/><D86/><U87/><E106/><V25/><F129/><N who="0" m="33026" /><T21/><DORA hai="113" /><D77/><U93/><E74/><V64/><F43/><W53/><G70/><T8/><D83/><U94/><E29/><V99/><F99/><W58/><G58/><T12/><D122/><U115/><E115/><V102/><F102/><W112/><G112/><T134/><D134/><U57/><E110/><N who="0" m="42025" /><D30/><U10/><E127/><V81/><F18/><W52/><G55/><T75/><D75/><U90/><E76/><V114/><F26/><W125/><G125/><T3/><D3/><U23/><E23/><V20/><F32/><W5/><G89/><T38/><D38/><U42/><E100/><V66/><REACH who="2" step="1"/><F114/><REACH who="2" ten="255,225,239,271" step="2"/><W35/><G35/><T72/><D72/><U1/><E1/><V80/><F80/><W126/><G126/><T17/><D17/><U97/><E97/><V116/><F116/><AGARI ba="0,1" hai="4,8,12,13,16,21,116,118" m="42025,33026" machi="116" ten="50,12000,2" yaku="19,1,14,1,34,2,52,2,54,1" doraHai="46,113" who="0" fromWho="2" sc="255,130,225,0,239,-120,271,0" />
</Scene>
<Scene>
<INIT seed="4,0,0,4,2,41" ten="385,225,119,271" oya="0" hai0="31,21,122,50,69,105,77,40,91,87,30,108,106" hai1="111,13,38,46,96,109,81,51,103,84,44,93,128" hai2="23,17,121,113,43,119,129,78,37,14,67,130,76" hai3="5,54,92,27,85,33,63,97,74,118,42,53,2"/><T10/><D122/><U4/><E38/><V28/><F121/><W73/><G118/><T114/><D69/><U131/><E4/><V8/><F113/><W49/><G42/><T101/><D114/><U19/><E109/><V65/><F119/><W135/><G135/><T24/><D31/><U110/><E111/><V86/><F37/><W66/><G85/><T12/><D101/><U132/><E132/><V60/><F43/><W55/><G5/><T59/><D108/><U125/><E110/><V32/><F32/><W6/><G6/><T107/><D77/><U75/><E75/><V95/><F95/><W62/><G2/><T48/><D107/><U82/><E125/><V127/><F127/><W15/><G15/><T72/><D50/><U56/><E56/><V61/><F86/><W104/><G63/><N who="2" m="24137" /><F130/><N who="1" m="49705" /><E51/><V35/><F35/><W47/><G104/><T36/><D72/><U34/><E34/><V11/><F129/><W134/><G134/><T22/><D36/><U83/><E84/><V26/><F8/><AGARI ba="0,0" hai="8,13,19,44,46,81,82,83,93,96,103" m="49705" machi="8" ten="30,3900,0" yaku="19,1,52,2" doraHai="41" who="1" fromWho="2" sc="385,0,225,39,119,-39,271,0" />
</Scene>
<Scene>
<INIT seed="5,0,0,4,4,54" ten="385,264,80,271" oya="1" hai0="87,69,39,74,5,105,95,83,110,60,127,26,58" hai1="34,102,86,94,12,63,78,62,27,49,82,46,121" hai2="6,7,9,11,0,114,117,129,35,64,84,21,118" hai3="91,33,13,67,81,133,22,111,125,100,38,98,1"/><U80/><E121/><V20/><F64/><W101/><G33/><T106/><D39/><U44/><E82/><V61/><F61/><W56/><G111/><T66/><D74/><U107/><E107/><V119/><F84/><W79/><G1/><T89/><D110/><U88/><E102/><V109/><F109/><W130/><G38/><T108/><D127/><U23/><E34/><V37/><F37/><W68/><G68/><T115/><D115/><U128/><E12/><V75/><F75/><W123/><G125/><T10/><D26/><U126/><E126/><V85/><F85/><W103/><G123/><T55/><D108/><U104/><E128/><V52/><F52/><W48/><G133/><T57/><D83/><U17/><E104/><V99/><F99/><W93/><G130/><T65/><D69/><U3/><E3/><N who="2" m="223" /><F129/><W120/><G120/><T124/><D65/><U112/><E112/><V42/><F42/><W70/><G70/><T43/><D43/><N who="1" m="24735" /><E46/><V30/><F114/><W2/><G2/><T134/><D124/><U14/><E27/><AGARI ba="0,0" hai="0,7,11,20,21,27,30,35,117,118,119" m="223" machi="27" ten="30,2000,0" yaku="34,2" doraHai="54" who="2" fromWho="1" sc="385,0,264,-20,80,20,271,0" />
</Scene>
<Scene>
<INIT seed="6,0,0,1,1,19" ten="385,244,100,271" oya="2" hai0="135,77,65,48,2,84,122,89,40,64,45,131,111" hai1="87,33,105,4,38,70,126,41,28,82,1,92,0" hai2="79,22,54,134,110,18,99,61,72,67,10,85,49" hai3="20,116,128,30,42,93,133,29,100,95,58,25,98"/><V46/><F134/><W114/><G116/><T101/><D2/><U118/><E118/><V21/><F110/><W76/><G76/><T5/><D122/><U78/><E70/><V36/><F36/><W6/><G133/><T13/><D5/><U112/><E105/><V59/><F72/><W132/><G132/><T32/><D111/><U88/><E126/><V17/><F99/><W26/><G128/><T50/><D135/><U81/><E112/><V115/><F115/><W11/><G114/><T74/><D32/><U71/><E71/><V53/><F67/><W80/><G42/><T63/><D101/><U60/><E60/><V108/><F108/><W123/><G58/><T97/><D131/><U56/><E56/><V117/><F117/><W31/><G80/><T66/><D74/><U57/><E57/><V15/><REACH who="2" step="1"/><F18/><REACH who="2" ten="385,244,90,271" step="2"/><W109/><G109/><T130/><D97/><U14/><E38/><V107/><F107/><W119/><G123/><T104/><D130/><U68/><E68/><V35/><F35/><W12/><G119/><T7/><D104/><U62/><E33/><V9/><F9/><W37/><G37/><T52/><D77/><U23/><E78/><V24/><F24/><W83/><G31/><T113/><D13/><U94/><E28/><V86/><F86/><W124/><G124/><T51/><D113/><U69/><E14/><V73/><F73/><W90/><G30/><T125/><D125/><U47/><E69/><V39/><F39/><W8/><G26/><T16/><D50/><U3/><E3/><V27/><F27/><W34/><G25/><RYUUKYOKU ba="0,1" sc="385,-10,244,-10,90,30,271,-10" hai2="10,15,17,21,22,46,49,53,54,59,61,79,85" />
</Scene>
<Scene>
<INIT seed="6,1,1,2,2,91" ten="375,234,120,261" oya="2" hai0="133,49,87,118,126,47,64,41,62,1,39,25,57" hai1="18,116,98,83,122,94,109,13,101,53,105,35,89" hai2="76,78,42,61,92,11,111,48,106,46,26,58,10" hai3="110,132,73,52,30,107,108,67,123,32,63,113,6"/><V5/><F106/><W128/><G73/><T102/><D1/><U103/><E116/><V82/><F111/><W79/><G123/><T65/><D25/><U88/><E109/><V86/><F26/><W134/><G107/><T37/><D102/><U96/><E35/><V28/><F28/><W4/><G79/><T135/><D87/><N who="1" m="50303" /><E53/><V33/><F33/><W120/><G120/><T20/><D20/><U74/><E13/><V81/><F92/><W2/><G2/><T71/><D65/><U99/><E18/><V97/><F97/><N who="1" m="37481" /><E122/><V50/><F50/><W0/><G0/><T56/><D57/><U84/><E103/><V21/><F21/><W55/><G32/><T93/><D93/><U69/><E69/><V72/><REACH who="2" step="1"/><F5/><REACH who="2" ten="375,234,110,261" step="2"/><W68/><G30/><T34/><D37/><U75/><AGARI ba="1,2" hai="74,75,84,89,94,99,101,105" m="37481,50303" machi="75" ten="30,12000,2" yaku="35,5,52,1,54,1" doraHai="91" who="1" fromWho="1" sc="375,-31,234,143,110,-61,261,-31" />
</Scene>
<Scene>
<INIT seed="7,0,0,2,1,23" ten="344,377,49,230" oya="3" hai0="82,86,22,16,84,127,50,103,35,40,121,66,2" hai1="81,58,56,108,48,116,37,112,95,51,64,107,126" hai2="90,94,33,62,28,91,31,8,13,36,55,57,3" hai3="41,115,24,19,130,1,49,78,54,118,119,26,38"/><W70/><G70/><T129/><D35/><U106/><E108/><V73/><F36/><W79/><G1/><T17/><D2/><U134/><E37/><V29/><F73/><W77/><G38/><T32/><D121/><U30/><E30/><V128/><F128/><W42/><G130/><T34/><D66/><U12/><E112/><V68/><F3/><W11/><G115/><T72/><D72/><U87/><E126/><V74/><F74/><W20/><G119/><T10/><D103/><U80/><E134/><V7/><F68/><W99/><G118/><T100/><D127/><U4/><E116/><V60/><F33/><W89/><G11/><T97/><D129/><U0/><E0/><V5/><F5/><W124/><G124/><T114/><D114/><U133/><E133/><V63/><F91/><W88/><G99/><T113/><D113/><U110/><E110/><V111/><F111/><W27/><G42/><T44/><D86/><U105/><E4/><V135/><F135/><W123/><G41/><T69/><D69/><U71/><E12/><V6/><F6/><W93/><G123/><T98/><D34/><U92/><E71/><V75/><F75/><W21/><G21/><T125/><D32/><U67/><E105/><V53/><F57/><N who="3" m="32975" /><G93/><N who="0" m="58415" /><D125/><U18/><E18/><V131/><F131/><W132/><G132/><T15/><D98/><U65/><E65/><V102/><F102/><W117/><G117/><T61/><D61/><U46/><E46/><V39/><F39/><W109/><G109/><T59/><D59/><U25/><E25/><AGARI ba="0,0" hai="19,20,24,25,26,27,77,78,79,88,89" m="32975" machi="25" ten="30,18000,2" yaku="8,1,52,4,54,1" doraHai="23" who="3" fromWho="1" sc="344,0,377,-180,49,0,230,180" owari="344,14.0,197,-20.0,49,-45.0,410,51.0" />
</Scene>
</mjloggm>