<mjloggm ver="2.3"><GO type="225"/><UN n0="%E3%81%95%E3%81%8F%E3%82%89%E3%81%93" n1="%E5%85%88%E2%99%80%E7%94%9F" n2="%E5%A4%AA%E3%81%8F%E3%81%AA%E3%81%84%E3%81%8A" n3="%4B%69%53%68%69%6D%40" dan="18,17,16,16" rate="2162,2121,2074,2097" sx="M,F,M,M"/><TAIKYOKU oya="0"/>

<Scene>
<INIT seed="0,0,0,5,1,69" ten="250,250,250,250" oya="0" hai0="126,88,33,5,78,66,20,39,119,60,89,96,43" hai1="48,132,75,32,9,131,62,98,97,107,130,92,77" hai2="3,76,47,15,86,23,8,99,25,65,80,68,133" hai3="12,94,73,50,114,0,13,42,127,38,18,134,58"/><T17/><D119/><U121/><E121/><V108/><F108/><W90/><G114/><T95/><D33/><U49/><E32/><V93/><F133/><W109/><G0/><T63/><D78/><U56/><E132/><V64/><F3/><W115/><G134/><T16/><D5/><U118/><E118/><V52/><F68/><W19/><G115/><T27/><D126/><U29/><E29/><N who="2" m="17599" /><F47/><N who="3" m="25975" /><G73/><T53/><D63/><U82/><E9/><V128/><F128/><N who="1" m="49193" /><E107/><V85/><F85/><N who="3" m="52559" /><G38/><T120/><D120/><U71/><E71/><V10/><F52/><W55/><G109/><T7/><D53/><N who="1" m="34063" /><E98/><V30/><F30/><W81/><G127/><T87/><D7/><U31/><E31/><V79/><F79/><W117/><G117/><T70/><D17/><N who="3" m="6153" /><G81/><T45/><D87/><U122/><E122/><V40/><F40/><W83/><G83/><T106/><D106/><U59/><E59/><V84/><F84/><W135/><G135/><T111/><D111/><U54/><E54/><V6/><F10/><W26/><G26/><T61/><D61/><AGARI ba="0,0" hai="12,13,55,58,61" m="6153,52559,25975" machi="61" ten="30,1000,0" yaku="8,1" doraHai="69" who="3" fromWho="0" sc="250,-10,250,0,250,0,250,10" />
</Scene>
<Scene>
<INIT seed="1,0,0,1,4,83" ten="240,250,250,260" oya="1" hai0="20,5,68,66,10,55,45,21,46,128,41,103,51" hai1="28,129,114,32,38,131,91,25,18,73,27,107,67" hai2="132,94,109,127,58,48,115,19,44,121,42,43,35" hai3="37,2,4,12,98,75,89,52,72,92,16,11,60"/><U57/><E114/><V23/><F121/><W80/><G37/><T86/><D128/><N who="1" m="49227" /><E38/><V102/><F35/><W76/><G60/><T111/><D111/><U79/><E107/><V124/><F109/><W123/><G123/><T90/><D103/><U50/><E91/><V81/><F115/><W133/><G133/><T8/><D66/><U77/><E73/><V99/><F132/><W61/><G61/><T33/><D33/><U78/><E67/><V125/><F58/><W29/><G29/><T54/><D68/><U49/><E57/><V39/><F81/><W119/><G119/><T101/><D101/><U74/><E74/><V116/><F116/><W71/><G71/><T13/><D10/><U84/><E84/><V87/><F87/><W104/><G104/><T108/><D108/><U95/><E95/><V17/><F23/><AGARI ba="0,0" hai="18,23,25,27,28,32,49,50,77,78,79" m="49227" machi="23" ten="30,1500,0" yaku="19,1" doraHai="83" who="1" fromWho="2" sc="240,0,250,15,250,-15,260,0" />
</Scene>
<Scene>
<INIT seed="1,1,0,4,3,88" ten="240,265,235,260" oya="1" hai0="126,78,40,87,131,44,110,8,42,5,19,113,102" hai1="11,83,109,123,3,130,47,53,70,41,54,73,122" hai2="33,9,55,68,18,129,111,61,103,86,62,25,119" hai3="125,60,106,2,10,56,50,104,127,48,7,46,49"/><U4/><E70/><V80/><F119/><W93/><G46/><T36/><D113/><U84/><E73/><V85/><F111/><W38/><G38/><T23/><D110/><U98/><E109/><V91/><F129/><W21/><G21/><T65/><D131/><U75/><E130/><V34/><F103/><W32/><G32/><T63/><D102/><U82/><E122/><V112/><F112/><W35/><G35/><T132/><D132/><U79/><E98/><V6/><F68/><W95/><G106/><T22/><D42/><U59/><E59/><V67/><F55/><N who="3" m="33823" /><G104/><T74/><D87/><U101/><E101/><V58/><F62/><W43/><G43/><T64/><D126/><AGARI ba="1,0" hai="2,7,10,48,49,50,93,95,125,126,127" m="33823" machi="126" ten="30,3900,0" yaku="18,1,52,2" doraHai="88" who="3" fromWho="0" sc="240,-42,265,0,235,0,260,42" />
</Scene>
<Scene>
<INIT seed="2,0,0,4,3,126" ten="198,265,235,302" oya="2" hai0="79,133,130,123,16,119,104,13,96,111,91,66,35" hai1="112,107,86,106,84,125,95,28,60,77,90,135,105" hai2="67,92,10,99,61,23,110,117,72,87,14,1,31" hai3="113,20,33,124,118,54,40,44,42,37,32,58,68"/><V50/><F117/><W75/><G118/><T120/><D119/><U56/><E112/><V0/><F72/><W4/><G75/><T2/><D2/><U108/><E125/><V97/><F110/><W73/><G124/><T103/><D35/><U131/><E108/><V98/><F50/><W43/><G73/><T36/><D36/><U29/><E135/><V132/><F132/><W127/><G127/><T46/><D79/><U27/><E131/><V100/><F87/><W48/><G113/><T17/><D66/><U24/><E77/><V62/><F0/><W55/><G4/><T59/><D59/><U83/><E86/><V34/><F34/><W51/><G37/><T30/><D30/><U80/><E27/><N who="2" m="16895" /><F1/><W76/><G68/><T49/><D111/><U78/><E29/><V74/><F74/><W93/><G76/><T116/><D133/><U5/><E5/><N who="2" m="3407" /><F61/><W102/><REACH who="3" step="1"/><G20/><REACH who="3" ten="198,265,235,292" step="2"/><T94/><D116/><U57/><E78/><V38/><F38/><W85/><G85/><T128/><D120/><U6/><E84/><V65/><F65/><W15/><G15/><T115/><D13/><U101/><E60/><V18/><F62/><W8/><G8/><T70/><D123/><U134/><E134/><V26/><F67/><W89/><G89/><T41/><D70/><U52/><E90/><V64/><F64/><W88/><G88/><T7/><D7/><U69/><E69/><V9/><F9/><W12/><G12/><T47/><D115/><U82/><E6/><V11/><F11/><W114/><G114/><T109/><D109/><U63/><E83/><RYUUKYOKU ba="0,1" sc="198,-15,265,-15,235,15,292,15" hai2="18,26,92,97,98,99,100" hai3="32,33,40,42,43,44,48,51,54,55,58,93,102" />
</Scene>
<Scene>
<INIT seed="2,1,1,5,0,67" ten="183,250,250,307" oya="2" hai0="34,92,79,13,87,22,48,37,28,74,26,125,96" hai1="127,36,122,5,116,6,14,15,124,129,95,97,77" hai2="105,121,9,130,16,59,42,88,3,53,126,30,115" hai3="35,61,47,25,107,90,57,100,66,17,54,68,71"/><V43/><F121/><W78/><G78/><T7/><D37/><U49/><E36/><V81/><F115/><W20/><G35/><T21/><D125/><N who="1" m="48203" /><E116/><V82/><F126/><W58/><G47/><T51/><D74/><U85/><E122/><V104/><F30/><W112/><G112/><T8/><D79/><U18/><E129/><V75/><F75/><W123/><G123/><T10/><D87/><U106/><E106/><V31/><F31/><W55/><G90/><T24/><D8/><U119/><E119/><V86/><F130/><W62/><G66/><T80/><D80/><N who="1" m="47247" /><E49/><N who="2" m="31151" /><F3/><W64/><G64/><T38/><D38/><U113/><E113/><V101/><F104/><W109/><G109/><T131/><D131/><U29/><E29/><V118/><F105/><W111/><G111/><T4/><D34/><U39/><E39/><V114/><F118/><W40/><G40/><N who="2" m="15401" /><F114/><W1/><G1/><T83/><D83/><U2/><E2/><V27/><F101/><W135/><G135/><T50/><D4/><N who="1" m="1643" /><E18/><V134/><F134/><W56/><G107/><T84/><D84/><U93/><E93/><N who="2" m="54423" /><F27/><W99/><G25/><N who="0" m="9835" /><D28/><U102/><AGARI ba="1,1" hai="14,15,95,97,102" m="1643,47247,48203" machi="102" ten="30,1100,0" yaku="18,1" doraHai="67" who="1" fromWho="1" sc="183,-4,250,24,250,-6,307,-4" />
</Scene>
<Scene>
<INIT seed="3,0,0,5,1,25" ten="179,274,244,303" oya="3" hai0="101,124,5,96,22,105,117,102,84,97,61,82,12" hai1="63,99,4,26,133,128,35,19,125,34,28,62,16" hai2="8,33,6,36,83,52,72,118,130,21,120,107,42" hai3="20,18,77,71,17,66,2,94,48,81,134,112,40"/><W3/><G112/><T131/><D131/><U46/><E128/><V45/><F130/><W14/><G134/><T76/><D124/><U27/><E133/><V68/><F118/><W38/><G38/><T0/><D117/><U50/><E125/><V106/><F33/><W43/><G94/><T73/><D0/><U78/><E4/><V37/><F37/><W30/><G30/><T126/><D126/><U88/><E78/><N who="2" m="44487" /><F68/><W29/><G29/><T121/><D121/><U23/><E35/><V135/><F135/><W109/><G109/><T75/><D61/><U13/><E99/><V98/><F120/><W60/><G18/><T114/><D114/><U67/><E88/><V89/><F21/><W31/><G31/><T87/><D22/><U70/><E63/><V108/><F108/><W49/><G49/><T59/><D59/><U53/><E13/><V129/><F129/><W127/><G127/><T132/><D132/><U9/><E9/><V93/><F52/><W64/><G64/><T113/><D113/><U79/><E79/><V100/><F89/><W103/><G103/><T44/><D44/><U56/><REACH who="1" step="1"/><E19/><REACH who="1" ten="179,264,244,303" step="2"/><V110/><F110/><W122/><G122/><T11/><REACH who="0" step="1"/><D73/><REACH who="0" ten="169,264,244,303" step="2"/><U51/><E51/><V116/><F116/><W111/><G111/><T104/><AGARI ba="0,2" hai="5,11,12,75,76,82,84,87,96,97,101,102,104,105" machi="104" ten="20,8000,1" yaku="1,1,2,1,0,1,7,1,9,1,53,0" doraHai="25" doraHaiUra="123" who="0" fromWho="0" sc="169,100,264,-20,244,-20,303,-40" />
</Scene>
<Scene>
<INIT seed="4,0,0,1,2,130" ten="269,244,224,263" oya="0" hai0="1,110,26,92,57,107,23,61,114,117,63,85,122" hai1="69,10,73,56,14,32,93,134,67,11,99,120,106" hai2="84,50,89,124,22,2,8,123,37,4,127,45,62" hai3="115,31,94,88,128,96,131,21,90,135,68,126,20"/><T86/><D117/><U12/><E120/><V42/><F123/><W82/><G68/><T102/><D1/><U18/><E106/><V109/><F109/><W78/><G115/><T52/><D114/><U34/><E73/><V47/><F62/><W58/><G126/><N who="2" m="48169" /><F22/><N who="3" m="8811" /><G31/><N who="0" m="17887" /><D107/><U15/><E69/><V119/><F119/><W118/><G118/><T95/><D110/><U116/><E116/><V5/><F5/><W66/><G66/><T133/><D133/><U29/><E134/><V0/><F0/><W100/><G58/><N who="0" m="35015" /><D122/><U49/><E29/><V104/><F104/><W9/><G9/><T55/><D95/><U27/><E67/><V71/><F71/><W46/><G135/><T98/><AGARI ba="0,0" hai="55,57,63,85,86,92,98,102" m="35015,17887" machi="98" ten="30,3000,0" yaku="8,1,54,1" doraHai="130" who="0" fromWho="0" sc="269,30,244,-10,224,-10,263,-10" />
</Scene>
<Scene>
<INIT seed="4,1,0,4,2,98" ten="299,234,214,253" oya="0" hai0="51,15,72,25,101,122,130,60,0,83,41,127,120" hai1="123,91,45,9,100,63,66,128,48,30,107,11,78" hai2="40,97,67,102,57,38,116,10,65,129,85,29,131" hai3="118,62,103,92,56,115,124,33,28,21,53,50,70"/><T125/><D0/><U121/><E128/><N who="2" m="49227" /><F116/><W16/><G118/><T113/><D101/><U54/><E78/><V19/><F29/><W108/><G108/><T44/><D113/><U22/><E91/><V99/><F85/><W79/><G115/><T74/><D130/><U110/><E110/><V18/><F97/><N who="3" m="59815" /><G33/><T20/><D15/><U71/><E123/><N who="0" m="47145" /><D60/><U3/><E121/><V26/><F10/><W111/><G111/><T84/><D84/><U68/><E68/><V2/><F2/><W105/><G62/><T32/><D32/><U58/><E3/><V37/><F57/><W24/><G70/><T59/><D59/><U109/><E109/><V36/><F40/><W47/><G56/><T132/><D83/><U119/><E119/><V31/><F67/><W52/><G47/><T80/><D80/><U89/><E89/><V49/><F49/><W27/><G50/><T135/><D74/><U4/><E4/><V6/><F6/><W76/><G76/><T104/><D104/><U96/><REACH who="1" step="1"/><E58/><REACH who="1" ten="299,224,214,253" step="2"/><V34/><F65/><W86/><G79/><T134/><D72/><U42/><E42/><V13/><F13/><W106/><G24/><AGARI ba="1,1" hai="9,11,22,24,30,45,48,54,63,66,71,96,100,107" machi="24" ten="40,2600,0" yaku="1,1,52,1,53,0" doraHai="98" doraHaiUra="8" who="1" fromWho="3" sc="299,0,224,39,214,0,253,-29" />
</Scene>
<Scene>
<INIT seed="5,0,0,1,0,95" ten="299,263,214,224" oya="1" hai0="41,135,99,80,24,44,49,69,85,36,123,5,74" hai1="91,1,86,109,103,38,16,114,12,22,63,27,21" hai2="39,104,72,133,102,130,20,32,14,13,0,76,40" hai3="70,37,61,52,126,25,43,129,83,28,48,30,18"/><U117/><E117/><V19/><F32/><W58/><G126/><T9/><D69/><U46/><E1/><V67/><F0/><W75/><G129/><T51/><D135/><U34/><E34/><V65/><F72/><W64/><G18/><T23/><D99/><U84/><E114/><V118/><F118/><W93/><G93/><T101/><D101/><U115/><E115/><V33/><F33/><W10/><G10/><T45/><D123/><U3/><E3/><V73/><F73/><W78/><G25/><T96/><D96/><U66/><E103/><V82/><F133/><W119/><REACH who="3" step="1"/><G119/><REACH who="3" ten="299,263,214,214" step="2"/><T79/><D24/><U17/><E109/><V2/><F130/><W131/><G131/><T127/><D127/><U71/><E17/><V89/><F19/><W53/><G53/><T81/><D9/><U111/><E111/><V108/><F108/><W8/><G8/><T54/><D5/><U98/><E27/><V62/><F104/><W31/><G31/><T90/><D23/><U97/><E22/><V120/><F20/><W122/><G122/><T92/><D92/><U107/><E107/><V77/><F120/><W87/><G87/><T59/><D74/><U57/><E86/><V134/><F134/><W26/><G26/><T55/><D85/><U105/><E105/><V112/><F112/><W6/><G6/><T47/><D55/><U15/><E84/><V68/><F77/><W7/><G7/><T113/><D79/><U125/><E125/><V121/><F76/><W94/><G94/><T88/><D113/><U29/><E21/><V124/><F121/><RYUUKYOKU ba="0,1" sc="299,-10,263,-10,214,-10,214,30" hai3="28,30,37,43,48,52,58,61,64,70,75,78,83" />
</Scene>
<Scene>
<INIT seed="6,1,1,1,2,64" ten="289,253,204,244" oya="2" hai0="78,21,55,74,82,17,56,43,38,85,99,110,135" hai1="123,70,18,111,109,12,10,6,90,36,102,127,95" hai2="98,104,19,93,96,0,52,129,103,48,80,44,40" hai3="3,89,76,45,122,83,134,125,72,62,116,41,131"/><V113/><F0/><W91/><G116/><T117/><D110/><U124/><E36/><V2/><F2/><W50/><G122/><T23/><D117/><U88/><E123/><V28/><F113/><W26/><G3/><T66/><D66/><U16/><E70/><V35/><F129/><W14/><G131/><T118/><D135/><U9/><E102/><V112/><F112/><W47/><G134/><T27/><D74/><U42/><E42/><V7/><F7/><W5/><G125/><N who="1" m="48202" /><E90/><V46/><F80/><W32/><G62/><N who="0" m="36127" /><D38/><U92/><E92/><V120/><F120/><W53/><G5/><T1/><D1/><N who="1" m="207" /><E18/><V126/><F126/><W58/><G91/><T105/><D105/><U97/><AGARI ba="1,1" hai="10,12,16,88,95,97,109,111" m="207,48202" machi="97" ten="30,4000,0" yaku="18,1,54,2" doraHai="64" who="1" fromWho="1" sc="289,-11,253,53,204,-21,244,-11" owari="278,8.0,306,41.0,183,-32.0,233,-17.0" />
</Scene>
</mjloggm>