<mjloggm ver="2.3"><GO type="97"/><UN n0="%E3%81%A1%E3%81%B3%E3%82%8A%E3%82%B8%E3%82%B4%E3%83%AD" n1="%53%69%6F" n2="%E5%A4%AA%E3%81%8F%E3%81%AA%E3%81%84%E3%81%8A" n3="%E3%81%B4%E3%81%A0%E3%82%80" dan="14,14,14,13" rate="1904,1934,2027,1908" sx="M,M,M,M"/><TAIKYOKU oya="0"/>

<Scene>
<INIT seed="0,0,0,0,2,60" ten="250,250,250,250" oya="0" hai0="53,86,101,20,16,88,18,111,118,81,70,120,74" hai1="0,42,129,78,27,23,56,98,15,39,3,133,89" hai2="102,69,31,93,115,114,55,33,113,135,123,7,37" hai3="49,12,45,117,32,19,108,13,95,22,5,61,119"/><T112/><D120/><U62/><E133/><V66/><F123/><W84/><G32/><T128/><D118/><U11/><E78/><V83/><F37/><W26/><G108/><T67/><D112/><U121/><E121/><V79/><F135/><W21/><G119/><T96/><D74/><U100/><E129/><V14/><F55/><W4/><G117/><T2/><D2/><U51/><E89/><V126/><F126/><W43/><G61/><T10/><D128/><U107/><E39/><V82/><F69/><W97/><G84/><T36/><D36/><U1/><E51/><V125/><F125/><W134/><G134/><T46/><D70/><U116/><E42/><V38/><F38/><W99/><G99/><T72/><D72/><U109/><E116/><V57/><F33/><W68/><G68/><T131/><D131/><U50/><E50/><V124/><F124/><W106/><G106/><T91/><D10/><U73/><E73/><V132/><F132/><W40/><G43/><T8/><D8/><U59/><E62/><V87/><F114/><W90/><REACH who="3" step="1"/><G12/><REACH who="3" ten="250,250,250,240" step="2"/><T6/><D111/><U122/><E109/><V77/><F14/><W58/><G58/><T63/><D63/><U76/><E122/><V64/><F57/><W94/><G94/><T47/><D96/><U44/><E76/><V17/><F77/><W75/><G75/><T105/><D105/><U71/><E71/><V110/><F79/><W85/><G85/><T25/><D86/><U29/><REACH who="1" step="1"/><E44/><REACH who="1" ten="250,240,250,240" step="2"/><V24/><F110/><W35/><G35/><T28/><D47/><U41/><E41/><RYUUKYOKU ba="0,2" sc="250,-15,240,15,250,-15,240,15" hai1="0,1,3,11,15,23,27,29,56,59,98,100,107" hai3="4,5,13,19,21,22,26,40,45,49,90,95,97" />
</Scene>
<Scene>
<INIT seed="1,1,2,1,0,22" ten="235,255,235,255" oya="1" hai0="116,107,42,104,126,36,13,61,34,132,81,64,59" hai1="108,6,83,111,125,71,98,24,45,92,63,134,128" hai2="84,1,75,39,23,37,49,7,3,135,74,96,68" hai3="46,101,88,26,94,21,89,62,58,124,14,86,118"/><U31/><E125/><V20/><F68/><W121/><G121/><T51/><D116/><U79/><E6/><V119/><F119/><W73/><G73/><T60/><D126/><U38/><E134/><V87/><F96/><W17/><G124/><T99/><D36/><N who="2" m="13898" /><F7/><W90/><G46/><T54/><D132/><U67/><E128/><V82/><F49/><W0/><G0/><N who="2" m="73" /><F135/><W69/><G69/><T16/><D34/><U110/><E92/><V109/><F109/><W19/><G101/><T56/><D99/><U130/><E98/><V133/><F133/><W100/><G100/><T27/><D81/><U40/><E130/><V43/><F43/><W105/><G105/><T52/><D104/><U35/><REACH who="1" step="1"/><E111/><REACH who="1" ten="235,245,235,255" step="2"/><V12/><F82/><W29/><G118/><T44/><D107/><U57/><E57/><V2/><F2/><W102/><G102/><T55/><REACH who="0" step="1"/><D27/><REACH who="0" ten="225,245,235,255" step="2"/><U120/><E120/><V65/><F12/><W11/><REACH who="3" step="1"/><G29/><REACH who="3" ten="225,245,235,245" step="2"/><T115/><D115/><U97/><E97/><V114/><F114/><W77/><G77/><T25/><D25/><U18/><E18/><V30/><F30/><W8/><G8/><AGARI ba="1,5" hai="8,13,16,42,44,51,52,54,55,56,59,60,61,64" machi="8" ten="30,12000,2" yaku="1,1,7,1,8,1,54,2,53,1" doraHai="22" doraHaiUra="47" who="0" fromWho="3" sc="225,173,245,0,235,0,245,-123" />
</Scene>
<Scene>
<INIT seed="2,0,0,4,4,125" ten="398,245,235,122" oya="2" hai0="62,51,67,123,14,50,133,23,34,97,2,115,128" hai1="0,52,108,41,22,76,112,78,84,114,59,134,124" hai2="90,19,121,95,35,73,27,36,68,46,107,102,113" hai3="4,109,88,40,16,131,43,45,63,99,92,101,74"/><V122/><F113/><W21/><G74/><T96/><D2/><U103/><E103/><V100/><F73/><W11/><G109/><T33/><D115/><U119/><E0/><V79/><F79/><W80/><G63/><T30/><D123/><U42/><E119/><V38/><F68/><W39/><G43/><T98/><D133/><U1/><E1/><V118/><F118/><W105/><G131/><T75/><D75/><U15/><E124/><V5/><F5/><W82/><G11/><T20/><D128/><U81/><E134/><V86/><F100/><W89/><G4/><T10/><D30/><U12/><E108/><V60/><F60/><W66/><G66/><T18/><D62/><U85/><E114/><V8/><F35/><W127/><G127/><T17/><D67/><U110/><E110/><V65/><F65/><W56/><G56/><T32/><D10/><U132/><E132/><V3/><F3/><W54/><G54/><T61/><D61/><U111/><E111/><V13/><F27/><W116/><G116/><T117/><D117/><U83/><E112/><V71/><F71/><W129/><G129/><T70/><D70/><U29/><E29/><V25/><F25/><W58/><G58/><T77/><D77/><U135/><E135/><V57/><F57/><W6/><G6/><T47/><D47/><U104/><E104/><V87/><F46/><W130/><G130/><T24/><AGARI ba="0,0" hai="14,17,18,20,23,24,32,33,34,50,51,96,97,98" machi="24" ten="40,1500,0" yaku="0,1" doraHai="125" who="0" fromWho="0" sc="398,15,245,-4,235,-7,122,-4" />
</Scene>
<Scene>
<INIT seed="3,0,0,4,3,94" ten="413,241,228,118" oya="3" hai0="77,69,90,117,107,59,111,50,64,43,82,25,98" hai1="19,53,125,116,87,132,92,63,15,97,70,74,0" hai2="29,52,96,85,103,40,39,51,20,130,38,133,108" hai3="126,122,42,75,8,5,114,89,11,16,7,31,55"/><W71/><G75/><T27/><D69/><U3/><E74/><V30/><F108/><W58/><G71/><T88/><D111/><U62/><E132/><V118/><F118/><W37/><G114/><T121/><D121/><U124/><E87/><V14/><F133/><W84/><G122/><T21/><D117/><U79/><E79/><V99/><F130/><W4/><G126/><N who="1" m="48746" /><E116/><V134/><F134/><W12/><G37/><T72/><D27/><U91/><E53/><V66/><F66/><W46/><G46/><T33/><D33/><U22/><E70/><V101/><F85/><W10/><G31/><N who="2" m="11785" /><F39/><W32/><G42/><T115/><D115/><U17/><E17/><N who="2" m="10295" /><F40/><W119/><G32/><T48/><D43/><U57/><E57/><N who="2" m="32927" /><F38/><W68/><G68/><T131/><D131/><U67/><E67/><V45/><F45/><W120/><G120/><T54/><D64/><U26/><E26/><V123/><F123/><W24/><G24/><T113/><D113/><U13/><E13/><V76/><F76/><W80/><REACH who="3" step="1"/><G119/><REACH who="3" ten="413,241,228,108" step="2"/><T100/><D50/><AGARI ba="0,1" hai="4,5,7,8,10,11,12,16,50,55,58,80,84,89" machi="50" ten="40,12000,1" yaku="1,1,2,1,8,1,54,1,53,1" doraHai="94" doraHaiUra="47" who="3" fromWho="0" sc="413,-120,241,0,228,0,108,130" />
</Scene>
<Scene>
<INIT seed="3,1,0,0,5,75" ten="293,241,228,238" oya="3" hai0="58,115,50,84,22,122,93,107,1,69,106,121,62" hai1="3,65,11,31,41,71,27,10,32,119,91,98,100" hai2="99,64,77,96,109,112,44,123,48,130,46,16,34" hai3="43,28,125,113,133,63,72,126,15,83,90,35,108"/><W79/><G113/><T110/><D1/><U18/><E119/><V92/><F112/><W29/><G133/><T59/><D115/><U51/><E91/><V25/><F109/><W134/><G134/><T53/><D69/><U56/><E18/><V86/><F130/><W19/><G108/><T5/><D110/><U117/><E117/><V105/><F105/><W67/><G43/><T55/><D5/><U104/><E3/><V13/><F123/><W38/><G90/><T6/><D6/><U68/><E68/><V80/><F64/><W127/><G38/><T30/><D107/><U82/><E82/><V36/><F36/><W2/><G35/><T33/><D106/><U26/><E27/><V45/><F34/><W73/><G72/><T88/><D33/><U66/><E66/><V89/><F25/><W124/><G2/><T95/><D30/><U135/><E135/><V102/><F99/><W114/><G114/><T9/><D9/><U57/><E57/><V76/><F48/><W0/><G0/><T116/><D116/><U24/><E24/><V40/><F40/><W61/><N who="3" m="32256" /><DORA hai="118" /><W7/><G7/><T49/><D22/><AGARI ba="1,0" hai="13,16,22,44,45,46,76,77,80,86,89,92,96,102" machi="22" ten="40,8000,1" yaku="8,1,52,2,54,1" doraHai="75,118" who="2" fromWho="0" sc="293,-83,241,0,228,83,238,0" owari="210,-29.0,241,4.0,311,41.0,238,-16.0" />
</Scene>
</mjloggm>