<mjloggm ver="2.3"><GO type="97"/><UN n0="%E5%85%AB%E5%8D%98%E4%BD%8D" n1="%E5%A4%AA%E3%81%8F%E3%81%AA%E3%81%84%E3%81%8A" n2="%73%6F%75%73%6F%75" n3="%52%65%76%65" dan="13,14,14,14" rate="1860,2012,1896,1931" sx="M,M,M,M"/><TAIKYOKU oya="0"/>

<Scene>
<INIT seed="0,0,0,5,1,95" ten="250,250,250,250" oya="0" hai0="83,130,5,127,50,129,86,57,113,93,10,90,107" hai1="46,98,82,94,120,131,97,4,114,75,15,135,87" hai2="25,105,100,60,126,52,70,74,43,51,102,115,31" hai3="8,92,16,6,104,77,66,33,111,13,116,128,85"/><T81/><D107/><U7/><E120/><V72/><F115/><W108/><G104/><T47/><D113/><U44/><E114/><V42/><F126/><W61/><G116/><T2/><D57/><U28/><E75/><V41/><F72/><W109/><G33/><T18/><D18/><U78/><E131/><N who="0" m="50185" /><D127/><U88/><E135/><V68/><F74/><W14/><G128/><T62/><D62/><U23/><E98/><V117/><F117/><W133/><G133/><T1/><D1/><U64/><E64/><V35/><F102/><W30/><G30/><T55/><AGARI ba="0,0" hai="2,5,10,47,50,55,81,83,86,90,93" m="50185" machi="55" ten="30,1500,0" yaku="19,1" doraHai="95" who="0" fromWho="0" sc="250,15,250,-5,250,-5,250,-5" />
</Scene>
<Scene>
<INIT seed="0,1,0,5,4,40" ten="265,245,245,245" oya="0" hai0="93,56,49,50,97,80,41,21,3,23,48,37,24" hai1="100,79,73,22,101,13,34,61,0,95,18,2,109" hai2="124,87,107,58,122,64,5,99,71,72,103,133,54" hai3="65,17,88,57,132,92,47,28,4,9,115,7,42"/><T30/><D3/><U96/><E34/><V110/><F72/><W35/><G115/><T113/><D113/><U69/><E109/><V127/><F5/><W90/><G132/><T104/><D104/><U45/><E100/><V86/><F110/><W55/><G35/><T117/><D117/><U121/><E121/><V6/><F122/><W26/><G65/><T27/><D37/><U46/><E73/><V33/><F33/><W111/><G111/><T43/><D80/><U39/><E79/><V98/><F133/><W77/><G77/><T63/><D63/><U11/><E39/><V12/><F64/><W125/><G125/><T83/><D83/><U53/><E69/><V19/><F71/><W106/><G106/><T130/><D56/><N who="1" m="34959" /><E2/><V123/><F6/><W29/><G42/><T78/><D78/><U32/><E32/><V52/><F123/><W118/><G118/><T76/><D76/><U112/><E0/><V67/><F99/><N who="3" m="57735" /><G90/><N who="0" m="55479" /><D130/><U94/><E112/><V31/><F31/><AGARI ba="1,0" hai="21,23,24,27,30,31,41,43,48,49,50" m="55479" machi="31" ten="30,1500,0" yaku="8,1" doraHai="40" who="0" fromWho="2" sc="265,18,245,0,245,-18,245,0" />
</Scene>
<Scene>
<INIT seed="0,2,0,3,5,82" ten="283,245,227,245" oya="0" hai0="126,7,128,83,50,70,34,119,17,55,122,35,124" hai1="40,16,77,116,121,89,66,81,80,60,97,105,33" hai2="0,64,26,45,27,114,10,36,14,93,72,71,42" hai3="4,53,94,76,75,127,133,108,58,104,31,111,54"/><T30/><D70/><U51/><E121/><V1/><F114/><W44/><G104/><T103/><D122/><U47/><E116/><V115/><F115/><W24/><G4/><T131/><D119/><U68/><E33/><V85/><F72/><W73/><G133/><T48/><D103/><U95/><E105/><V29/><F27/><W120/><G120/><T22/><D7/><U98/><E98/><V79/><F64/><W63/><G127/><N who="0" m="48683" /><D83/><U39/><E16/><V6/><F71/><W84/><G44/><N who="0" m="28039" /><D50/><U129/><E129/><N who="0" m="49737" /><D30/><U91/><E91/><V92/><F92/><W74/><G54/><T49/><D49/><U130/><E130/><V59/><F59/><W52/><G53/><T32/><D32/><U13/><E51/><V109/><F79/><W90/><REACH who="3" step="1"/><G76/><REACH who="3" ten="283,245,227,235" step="2"/><T67/><D67/><U78/><E77/><V65/><F65/><W8/><G8/><T11/><D11/><U106/><E78/><V61/><F0/><W118/><G118/><T123/><D123/><U19/><E106/><V86/><F1/><W25/><G25/><AGARI ba="2,1" hai="17,22,25,34,35" m="49737,28039,48683" machi="25" ten="30,2900,0" yaku="18,1,19,1" doraHai="82" who="0" fromWho="3" sc="283,45,245,0,227,0,235,-35" />
</Scene>
<Scene>
<INIT seed="0,3,0,1,0,59" ten="328,245,227,200" oya="0" hai0="57,96,70,31,72,101,108,56,117,83,69,35,58" hai1="105,6,51,3,25,45,80,44,37,99,104,77,14" hai2="74,121,61,15,54,62,46,84,55,33,30,114,20" hai3="109,63,79,87,53,131,50,88,86,128,40,18,66"/><T127/><D117/><U16/><E25/><V118/><F74/><W5/><G109/><T13/><D127/><U81/><E3/><V24/><F114/><W12/><G5/><T98/><D108/><U29/><E29/><V130/><F121/><W60/><G40/><T135/><D135/><U11/><E6/><V8/><F130/><N who="3" m="49707" /><G66/><T92/><D13/><U134/><E134/><V112/><F112/><W1/><G1/><T76/><D31/><U2/><E2/><V102/><F102/><W90/><G79/><T39/><D35/><U125/><E125/><V107/><F107/><W34/><G34/><T65/><D39/><U22/><E11/><V23/><F118/><W7/><G7/><T119/><D119/><U64/><E64/><V91/><F33/><W17/><G87/><T115/><D115/><U52/><E99/><V26/><F26/><W32/><G32/><T19/><D19/><N who="3" m="7177" /><G12/><T41/><D41/><U49/><E37/><V97/><F23/><W126/><G126/><T48/><D48/><U106/><REACH who="1" step="1"/><E77/><REACH who="1" ten="328,235,227,200" step="2"/><V133/><F97/><W36/><G36/><T103/><REACH who="0" step="1"/><D65/><REACH who="0" ten="318,235,227,200" step="2"/><U129/><E129/><V120/><F133/><W43/><G43/><AGARI ba="3,2" hai="14,16,22,43,44,45,49,51,52,80,81,104,105,106" machi="43" ten="40,5200,0" yaku="1,1,54,2,53,0" doraHai="59" doraHaiUra="113" who="1" fromWho="3" sc="318,0,235,81,227,0,200,-61" />
</Scene>
<Scene>
<INIT seed="1,0,0,4,5,33" ten="318,316,227,139" oya="1" hai0="109,50,40,5,102,61,2,100,68,121,42,84,9" hai1="25,118,77,106,20,63,3,52,127,71,103,101,126" hai2="85,116,70,36,107,119,11,128,34,64,48,31,88" hai3="10,124,96,129,112,86,13,45,46,73,18,89,82"/><U56/><E118/><V122/><F122/><W113/><G124/><N who="1" m="47658" /><E77/><V19/><F36/><W59/><G129/><T16/><D121/><U22/><E71/><V39/><F39/><W125/><G125/><T98/><D109/><U132/><E132/><V79/><F79/><W111/><G111/><T41/><D84/><U15/><E106/><V44/><F107/><W14/><G73/><T114/><D114/><U104/><E104/><V130/><F64/><W99/><G113/><T24/><D102/><U67/><E67/><V105/><F70/><W90/><G112/><T76/><D76/><U65/><E65/><V43/><F105/><W47/><G59/><T69/><D61/><U115/><E115/><V55/><F31/><W32/><G32/><T30/><D50/><U131/><E131/><N who="2" m="50219" /><F43/><W92/><G14/><T91/><D100/><U72/><E72/><V49/><F49/><W93/><G82/><T35/><D98/><AGARI ba="0,0" hai="10,13,18,45,46,47,86,89,90,92,93,96,98,99" machi="98" ten="40,1300,0" yaku="8,1" doraHai="33" who="3" fromWho="0" sc="318,-13,316,0,227,0,139,13" />
</Scene>
<Scene>
<INIT seed="2,0,0,3,2,47" ten="305,316,227,152" oya="2" hai0="35,45,77,117,126,70,48,122,92,100,2,63,41" hai1="46,57,111,32,102,83,103,107,93,130,15,43,6" hai2="125,115,53,110,3,78,99,4,18,131,23,22,133" hai3="64,37,118,69,50,58,132,28,85,55,84,49,33"/><V114/><F78/><W95/><G118/><T96/><D122/><U89/><E32/><V29/><F99/><W52/><G33/><T75/><D117/><U106/><E111/><V104/><F104/><W121/><G121/><T39/><D126/><U34/><E34/><V68/><F68/><W8/><G37/><T25/><D2/><U123/><E123/><V26/><F53/><W0/><G132/><T127/><D127/><U60/><E130/><V120/><F120/><W38/><G38/><T112/><D112/><N who="2" m="43050" /><F125/><W11/><G28/><T81/><D39/><U12/><E83/><V54/><F54/><W82/><G0/><T76/><D76/><U113/><E113/><V21/><F133/><W24/><G24/><T116/><D116/><U61/><E106/><V101/><F101/><N who="1" m="38409" /><E6/><V42/><F42/><W73/><G73/><T105/><D105/><U72/><E72/><V71/><F71/><W40/><G40/><T66/><D35/><U16/><E107/><V109/><F131/><W9/><G69/><T5/><D5/><U13/><E57/><V90/><F90/><N who="3" m="53703" /><G64/><T119/><D119/><U135/><E135/><V79/><F79/><N who="3" m="46303" /><G8/><T86/><D75/><U36/><E36/><V17/><F29/><W108/><G108/><N who="2" m="41577" /><F26/><W56/><AGARI ba="0,0" hai="9,11,49,50,52,55,56,58" m="46303,53703" machi="56" ten="30,7900,0" yaku="8,1,52,2,54,1" doraHai="47" who="3" fromWho="3" sc="305,-20,316,-20,227,-39,152,79" />
</Scene>
<Scene>
<INIT seed="3,0,0,0,1,101" ten="285,296,188,231" oya="3" hai0="66,110,12,55,131,79,13,18,64,2,129,134,102" hai1="114,17,88,112,75,69,132,50,37,72,89,5,6" hai2="47,58,24,20,97,7,54,21,117,99,48,133,52" hai3="34,36,3,57,105,95,124,82,126,67,28,29,70"/><W68/><G3/><T77/><D2/><U93/><E37/><V91/><F117/><W120/><G120/><T63/><D110/><U83/><E69/><N who="3" m="26730" /><G36/><T43/><D43/><U26/><E50/><V98/><F133/><W121/><G121/><T119/><D119/><U96/><E132/><V115/><F7/><W15/><G34/><T42/><D42/><U104/><E6/><V135/><F135/><W107/><G95/><T46/><D134/><U1/><E5/><V116/><F116/><W106/><G82/><T76/><D102/><N who="1" m="62535" /><E17/><V122/><F122/><W14/><G57/><N who="0" m="35263" /><D46/><U94/><E26/><V125/><F125/><N who="3" m="48235" /><G67/><T60/><D60/><U61/><E61/><V84/><F115/><N who="1" m="44073" /><E1/><V130/><F130/><N who="0" m="49674" /><D13/><AGARI ba="0,0" hai="13,14,15,28,29,105,106,107" m="48235,26730" machi="13" ten="40,18000,2" yaku="28,2,18,1,52,3" doraHai="101" who="3" fromWho="0" sc="285,-180,296,0,188,0,231,180" owari="105,-39.0,296,10.0,188,-21.0,411,50.0" />
</Scene>
</mjloggm>