<mjloggm ver="2.3"><GO type="193"/><UN n0="%E5%A4%AA%E3%81%8F%E3%81%AA%E3%81%84%E3%81%8A" n1="%68%6F%6F%62%61" n2="%6B%61%68%6D" n3="%E3%81%8A%E3%81%A3%E3%81%8D%E3%82%87%E3%81%84%E3%83%BC%E3%81%B7" dan="11,12,13,11" rate="1820,1666,1780,1651" sx="M,M,M,M"/><TAIKYOKU oya="0"/>

<Scene>
<INIT seed="0,0,0,4,4,10" ten="250,250,250,250" oya="0" hai0="18,65,114,61,53,107,82,40,4,67,81,32,117" hai1="52,37,5,71,22,89,55,83,48,21,69,31,45" hai2="127,125,103,54,42,43,28,98,93,74,106,112,126" hai3="121,47,135,95,75,46,12,134,6,79,88,49,113"/><T109/><D117/><U92/><E37/><V87/><F28/><W105/><G105/><T38/><D114/><U13/><E83/><V20/><F112/><W102/><G102/><T90/><D107/><U29/><E71/><V122/><F122/><W111/><G113/><T97/><D32/><U130/><E130/><V30/><F74/><W66/><G121/><T0/><D4/><U34/><E34/><V131/><F131/><W94/><G111/><T85/><D0/><U129/><E69/><V108/><F108/><W86/><G95/><T76/><D109/><U63/><E129/><V64/><F64/><W100/><G100/><T91/><D97/><U35/><E35/><V78/><F54/><W8/><G66/><T118/><D118/><U62/><E55/><V77/><F20/><N who="1" m="7785" /><E62/><V41/><F30/><N who="1" m="11273" /><E63/><V80/><REACH who="2" step="1"/><F106/><REACH who="2" ten="250,250,240,250" step="2"/><W16/><G135/><T110/><D110/><U44/><E52/><V19/><F19/><W23/><G134/><T133/><D133/><U24/><E24/><V15/><F15/><W132/><G132/><T120/><D120/><U116/><E13/><V123/><F123/><W33/><G33/><T25/><D67/><U26/><E26/><V39/><F39/><W57/><G6/><T14/><D53/><U73/><E73/><V17/><F17/><W3/><G3/><T36/><D25/><U59/><E5/><V50/><F50/><W96/><G75/><N who="0" m="43167" /><D38/><U56/><E116/><V2/><F2/><W72/><G72/><T68/><D36/><U70/><E48/><V27/><F27/><W115/><G49/><T104/><D65/><RYUUKYOKU ba="0,1" sc="250,-10,250,-10,240,30,250,-10" hai2="41,42,43,77,78,80,87,93,98,103,125,126,127" />
</Scene>
<Scene>
<INIT seed="1,1,1,4,2,58" ten="240,240,270,240" oya="1" hai0="18,73,77,14,23,30,48,67,112,20,106,28,113" hai1="104,122,95,65,50,80,2,64,52,97,12,78,96" hai2="63,84,114,56,27,70,105,71,44,17,123,81,126" hai3="43,75,103,0,134,7,51,4,62,16,10,19,116"/><U59/><E122/><V66/><F123/><W55/><G75/><T102/><D106/><U89/><E2/><V8/><F105/><W130/><G116/><T124/><D102/><U6/><E104/><V29/><F126/><W57/><G134/><T68/><D124/><U11/><E97/><V39/><F114/><W118/><G118/><T32/><D32/><U76/><REACH who="1" step="1"/><E78/><REACH who="1" ten="240,230,270,240" step="2"/><V35/><F39/><W26/><G0/><T86/><D77/><U109/><E109/><V38/><F38/><W82/><G130/><T36/><D36/><U83/><E83/><V98/><F98/><W108/><G108/><T93/><D112/><U115/><E115/><V99/><F99/><W85/><G82/><T13/><D113/><U119/><E119/><V69/><F81/><W47/><G85/><AGARI ba="1,2" hai="6,11,12,50,52,59,64,65,76,80,85,89,95,96" machi="85" ten="30,11600,0" yaku="1,1,7,1,8,1,54,1,53,0" doraHai="58" doraHaiUra="131" who="1" fromWho="3" sc="240,0,230,139,270,0,240,-119" />
</Scene>
<Scene>
<INIT seed="1,2,0,0,5,69" ten="240,369,270,121" oya="1" hai0="68,0,116,45,49,32,111,6,26,28,59,82,61" hai1="107,35,109,20,98,127,73,99,24,78,56,131,12" hai2="10,55,100,52,50,9,97,19,37,91,94,41,42" hai3="54,36,83,129,121,126,33,92,75,101,58,31,1"/><U11/><E127/><V95/><F37/><W2/><G121/><T134/><D116/><U8/><E131/><V110/><F110/><W103/><G129/><T18/><D111/><U3/><E109/><V114/><F114/><W29/><G126/><T53/><D134/><U43/><E11/><V66/><F66/><W39/><G33/><T113/><D113/><U57/><E57/><V30/><F30/><W106/><G58/><T60/><D68/><U84/><E107/><V23/><F55/><W122/><G83/><T64/><D60/><U86/><E73/><V72/><F72/><W79/><G75/><T85/><D18/><U71/><E71/><V135/><F135/><W80/><G80/><T118/><D118/><U7/><E43/><V112/><F112/><W77/><G92/><T16/><D16/><N who="1" m="10247" /><E56/><N who="2" m="32791" /><F42/><W120/><REACH who="3" step="1"/><G54/><REACH who="3" ten="240,369,270,111" step="2"/><T132/><D132/><U48/><E78/><V14/><F41/><W25/><G25/><T27/><D27/><U130/><E130/><V21/><F21/><W70/><G70/><T124/><D124/><U93/><E93/><V15/><F15/><W81/><G81/><T51/><D82/><U117/><E117/><V115/><F115/><W63/><G63/><T74/><D61/><U105/><E48/><V13/><F13/><W22/><G22/><T47/><D51/><U76/><E76/><V104/><F104/><AGARI ba="2,1" hai="1,2,29,31,36,39,77,79,101,103,104,106,120,122" machi="104" ten="25,8000,1" yaku="1,1,22,2,52,2,53,0" doraHai="69" doraHaiUra="62" who="3" fromWho="2" sc="240,0,369,0,270,-86,111,96" />
</Scene>
<Scene>
<INIT seed="2,0,0,2,0,72" ten="240,369,184,207" oya="2" hai0="33,13,110,1,67,106,76,131,130,82,86,45,121" hai1="134,112,124,50,87,95,46,128,36,91,123,25,17" hai2="132,79,56,115,70,49,84,61,38,133,99,107,129" hai3="118,2,65,48,108,15,37,23,19,30,62,39,32"/><V102/><F115/><W58/><G118/><T68/><D121/><U5/><E112/><V116/><F116/><W113/><G113/><T59/><D1/><U41/><E123/><V103/><F38/><W92/><G108/><T100/><D33/><U9/><E128/><N who="0" m="49193" /><D110/><U135/><E124/><V64/><F129/><W114/><G114/><T98/><D45/><U85/><E25/><V40/><F102/><W117/><G117/><T89/><D13/><U55/><E17/><V27/><F27/><W57/><G2/><T18/><D18/><U127/><E127/><V119/><F119/><W12/><G12/><T28/><D28/><U120/><E120/><V6/><F6/><W31/><G32/><T126/><D126/><U97/><E9/><V81/><REACH who="2" step="1"/><F56/><REACH who="2" ten="240,369,174,207" step="2"/><N who="3" m="37063" /><G39/><T34/><D59/><N who="1" m="33271" /><E5/><V21/><F21/><W4/><G4/><T22/><D22/><U66/><E36/><V26/><F26/><W122/><G37/><T29/><D34/><U24/><E24/><V88/><F88/><W83/><G122/><T54/><D89/><U0/><E0/><V73/><F73/><W75/><G58/><T16/><D100/><U71/><E71/><V7/><F7/><W69/><G69/><T43/><D68/><U63/><E91/><V52/><F52/><N who="3" m="31879" /><G31/><T10/><D29/><U90/><E90/><V93/><F93/><W47/><G30/><T42/><D54/><U111/><E95/><V101/><F101/><W77/><G92/><T78/><D43/><U80/><E41/><V125/><F125/><W14/><G14/><T96/><D42/><U20/><E20/><RYUUKYOKU ba="0,1" sc="240,-15,369,-15,174,15,207,15" hai2="40,49,61,64,70,79,81,84,99,103,107,132,133" hai3="15,19,23,47,75,77,83" />
</Scene>
<Scene>
<INIT seed="2,1,1,0,3,11" ten="225,354,189,222" oya="2" hai0="111,25,28,79,12,87,39,135,47,121,67,134,132" hai1="66,70,103,0,128,112,63,82,30,10,91,126,8" hai2="115,23,35,68,69,60,18,1,3,38,53,59,78" hai3="81,75,118,44,108,64,58,129,29,131,26,84,4"/><V56/><F115/><W89/><G118/><T107/><D121/><U19/><E112/><V97/><F35/><W102/><G108/><T57/><D111/><U114/><E128/><N who="3" m="49226" /><G4/><T90/><D107/><U65/><E126/><V46/><F78/><W13/><G13/><T124/><D124/><U31/><E114/><V96/><F68/><W120/><G120/><T21/><D79/><U99/><E66/><V55/><F1/><W88/><G75/><T105/><D105/><U104/><E31/><V117/><F3/><W76/><G102/><T133/><D133/><U40/><E40/><V34/><F34/><N who="3" m="20791" /><G44/><T94/><D12/><U7/><E19/><V130/><F130/><W20/><G20/><T86/><D47/><U83/><E10/><V80/><F80/><W41/><G41/><T43/><D43/><U113/><E113/><V16/><F117/><W125/><G125/><T72/><D72/><U27/><E91/><V36/><F69/><W33/><G33/><AGARI ba="1,1" hai="0,7,8,27,30,33,63,65,70,82,83,99,103,104" machi="33" ten="30,3900,0" yaku="7,1,25,2" doraHai="11" who="1" fromWho="3" sc="225,0,354,52,189,0,222,-42" />
</Scene>
<Scene>
<INIT seed="3,0,0,0,4,117" ten="225,406,189,180" oya="3" hai0="69,11,115,21,75,37,68,71,5,121,93,48,89" hai1="119,50,134,74,33,47,98,63,49,96,81,124,127" hai2="24,128,46,66,114,53,40,70,118,73,44,59,42" hai3="87,65,77,79,111,129,19,106,51,125,43,83,99"/><W54/><G129/><T12/><D37/><U95/><E119/><V30/><F118/><W123/><G123/><T105/><D105/><U103/><E134/><V14/><F114/><W64/><G125/><N who="1" m="48202" /><E96/><V18/><F128/><W120/><G120/><T52/><D121/><U31/><E47/><V62/><F73/><W67/><G111/><T36/><D36/><U108/><E63/><N who="2" m="36335" /><F14/><W58/><G43/><N who="2" m="16425" /><F18/><W22/><G106/><T104/><D104/><U28/><E108/><V16/><F16/><W29/><G99/><T84/><D75/><U0/><E0/><V61/><F24/><W113/><G113/><T15/><D115/><U107/><E107/><V78/><F78/><N who="3" m="46583" /><G29/><N who="1" m="11338" /><E33/><V57/><F30/><W27/><AGARI ba="0,0" hai="19,22,27,51,54,58,64,65,67,77,79" m="46583" machi="27" ten="30,1500,0" yaku="8,1" doraHai="117" who="3" fromWho="3" sc="225,-5,406,-5,189,-5,180,15" />
</Scene>
<Scene>
<INIT seed="3,1,0,4,3,4" ten="220,401,184,195" oya="3" hai0="35,86,133,17,56,25,81,115,103,0,125,96,49" hai1="52,61,69,58,122,120,27,59,42,134,118,97,92" hai2="32,101,88,131,36,48,87,8,71,80,91,93,3" hai3="107,62,53,117,29,100,34,111,41,39,13,50,121"/><W132/><G121/><T21/><D0/><U44/><E134/><V126/><F36/><W123/><G123/><T98/><D133/><U54/><E118/><V112/><F112/><W68/><G132/><T102/><D115/><U119/><E119/><V94/><F71/><W12/><G117/><T124/><D35/><U28/><E69/><V82/><F32/><W128/><G128/><T57/><D124/><U60/><E27/><V23/><F131/><W66/><G111/><T46/><D125/><U89/><E28/><V73/><F126/><W45/><G29/><T37/><D37/><AGARI ba="1,0" hai="37,42,44,52,54,58,59,60,61,89,92,97,120,122" machi="37" ten="30,3900,0" yaku="7,1,9,1,54,1" doraHai="4" who="1" fromWho="0" sc="220,-42,401,42,184,0,195,0" owari="178,-32.0,443,54.0,184,-22.0,195,0.0" />
</Scene>
</mjloggm>