<mjloggm ver="2.3"><GO type="97"/><UN n0="%E5%A4%AA%E3%81%8F%E3%81%AA%E3%81%84%E3%81%8A" n1="%42%42%51" n2="%6A%72" n3="%E9%BB%92%E5%AD%94%E9%9B%80" dan="13,14,13,15" rate="2000,1937,1881,1941" sx="M,M,F,M"/><TAIKYOKU oya="0"/>

<Scene>
<INIT seed="0,0,0,2,2,75" ten="250,250,250,250" oya="0" hai0="40,129,112,61,68,71,53,27,50,102,134,80,12" hai1="15,57,5,7,120,96,11,88,36,106,127,23,131" hai2="25,42,37,90,113,52,21,14,78,56,117,16,35" hai3="20,124,100,92,93,89,51,121,118,83,9,81,125"/><T122/><D122/><U54/><E120/><V10/><F78/><W135/><G121/><T94/><D112/><U55/><E131/><V38/><F117/><W17/><G118/><T110/><D129/><U47/><E127/><V86/><F113/><W62/><G9/><T74/><D40/><U19/><E106/><V24/><F35/><W49/><G62/><T18/><D27/><U111/><E111/><V126/><F126/><W130/><G130/><T3/><D3/><U99/><E7/><V26/><F42/><W31/><G20/><T77/><D134/><U103/><E36/><V39/><F86/><W28/><G17/><T95/><D110/><U43/><E43/><V70/><F70/><W128/><G128/><T30/><D30/><U101/><E47/><V97/><F97/><W115/><G115/><T4/><D4/><U63/><E55/><V105/><F105/><W32/><G89/><T60/><D60/><U46/><E99/><V22/><REACH who="2" step="1"/><F90/><REACH who="2" ten="250,250,240,250" step="2"/><W85/><G85/><T98/><D71/><U2/><E88/><V123/><F123/><W107/><G107/><T133/><D68/><U108/><E108/><V33/><F33/><W13/><G32/><T64/><D98/><U41/><E96/><V76/><F76/><W44/><G100/><T48/><D102/><U132/><E132/><V119/><F119/><W45/><G135/><T66/><D133/><U91/><E91/><V114/><F114/><W82/><G82/><T1/><D80/><U67/><E41/><V59/><F59/><W65/><G65/><T58/><D66/><U0/><E67/><RYUUKYOKU ba="0,1" sc="250,-15,250,-15,240,15,250,15" hai2="10,14,16,21,22,24,25,26,37,38,39,52,56" hai3="13,28,31,44,45,49,51,81,83,92,93,124,125" />
</Scene>
<Scene>
<INIT seed="1,1,1,5,3,30" ten="235,235,255,265" oya="1" hai0="15,1,68,85,100,94,47,75,77,32,78,19,36" hai1="123,122,70,12,119,131,4,103,117,37,84,63,0" hai2="56,8,113,29,88,82,59,17,24,10,18,7,95" hai3="48,27,98,54,90,42,127,129,91,135,80,49,104"/><U3/><E37/><V125/><F82/><W44/><G129/><T115/><D1/><U134/><E131/><V6/><F113/><W66/><G66/><T96/><D68/><U58/><E70/><V64/><F125/><W126/><G135/><T73/><D115/><U60/><E103/><V40/><F40/><W41/><G104/><T55/><D32/><U23/><E84/><V120/><F120/><W34/><G34/><T102/><D102/><U33/><E134/><V93/><F64/><W46/><G27/><T65/><D65/><U71/><E58/><V106/><F106/><W52/><G80/><T57/><D47/><U14/><E71/><V124/><F124/><W38/><G98/><T121/><D36/><AGARI ba="1,1" hai="36,38,41,42,44,46,48,49,52,54,90,91,126,127" machi="36" ten="25,3200,0" yaku="22,2,54,1" doraHai="30" who="3" fromWho="0" sc="235,-35,235,0,255,0,265,45" />
</Scene>
<Scene>
<INIT seed="2,0,0,1,2,127" ten="200,235,255,310" oya="2" hai0="37,58,98,63,36,80,34,53,125,22,89,126,7" hai1="69,68,50,105,131,26,102,54,132,2,128,118,29" hai2="46,82,64,114,75,41,39,76,85,35,78,4,106" hai3="67,25,62,33,11,51,10,38,45,61,60,3,20"/><V133/><F35/><W47/><G33/><T27/><D34/><U43/><E118/><V28/><F114/><W1/><G38/><T117/><D7/><U40/><E2/><V13/><F133/><W19/><G3/><T52/><D117/><U90/><E90/><V96/><F28/><W23/><G1/><T9/><D9/><N who="3" m="3081" /><G67/><T17/><D53/><U72/><E72/><V121/><F121/><W8/><G8/><T81/><D81/><U109/><E109/><V91/><F4/><W95/><G95/><N who="0" m="56687" /><D80/><U5/><E5/><V30/><F30/><N who="3" m="17703" /><G51/><T42/><D42/><N who="1" m="15915" /><E102/><V44/><F13/><AGARI ba="0,0" hai="13,19,23,45,47,60,61,62" m="17703,3081" machi="13" ten="30,1000,0" yaku="8,1" doraHai="127" who="3" fromWho="2" sc="200,0,235,0,255,-10,310,10" />
</Scene>
<Scene>
<INIT seed="3,0,0,3,4,100" ten="200,235,245,320" oya="3" hai0="87,8,109,11,95,90,20,24,15,124,121,88,128" hai1="35,84,69,79,13,0,129,134,55,54,25,30,7" hai2="52,77,21,68,70,23,123,118,67,119,6,86,61" hai3="66,127,93,133,51,63,74,3,29,112,60,102,75"/><W19/><G3/><T27/><D121/><U1/><E69/><V45/><F70/><W64/><G29/><T80/><D109/><U36/><E36/><V2/><F123/><W72/><G112/><T48/><D124/><U62/><E129/><V89/><F77/><W14/><G127/><T31/><D128/><U113/><E113/><V111/><F111/><W97/><G133/><T104/><D104/><U53/><E134/><V44/><F6/><W57/><G51/><T73/><D73/><U58/><E13/><V82/><F2/><W47/><G47/><T116/><D116/><U28/><E28/><V105/><F44/><W42/><G42/><T37/><D37/><U125/><E125/><V17/><F23/><W135/><G135/><T76/><D90/><U4/><E1/><V12/><F105/><W99/><G99/><T40/><D27/><U78/><E0/><V18/><REACH who="2" step="1"/><F18/><REACH who="2" ten="200,235,235,320" step="2"/><W92/><G19/><T132/><D132/><U117/><E117/><V56/><F56/><W91/><G57/><T9/><D40/><U83/><E79/><V126/><F126/><W94/><G66/><T10/><D48/><AGARI ba="0,1" hai="12,17,21,45,48,52,61,67,68,82,86,89,118,119" machi="48" ten="40,2600,0" yaku="1,1,54,1,53,0" doraHai="100" doraHaiUra="120" who="2" fromWho="0" sc="200,-26,235,0,235,36,320,0" owari="174,-33.0,235,-16.0,271,7.0,320,42.0" />
</Scene>
</mjloggm>