<mjloggm ver="2.3"><GO type="97"/><UN n0="%6C%6C%6B%61%74%6F%6C%6C" n1="%E5%A4%AA%E3%81%8F%E3%81%AA%E3%81%84%E3%81%8A" n2="%E8%A1%80%E5%A1%97%E3%82%89%E3%82%8C%E3%81%9F%E8%81%96%E5%A4%A9%E4%BD%BF" n3="%31%24" dan="15,13,14,13" rate="1945,1988,2001,1916" sx="M,M,M,M"/><TAIKYOKU oya="0"/>

<Scene>
<INIT seed="0,0,0,3,1,11" ten="250,250,250,250" oya="0" hai0="67,111,23,79,133,125,74,16,61,0,77,122,39" hai1="103,114,21,123,60,107,35,116,81,4,98,76,127" hai2="101,130,129,97,84,51,44,48,78,124,132,88,18" hai3="117,40,95,5,34,112,43,8,65,87,32,42,89"/><T68/><D0/><U90/><E123/><V54/><F78/><W25/><G117/><T70/><D122/><U110/><E116/><V71/><F71/><W62/><G112/><T82/><D39/><U59/><E35/><V17/><F51/><W119/><G119/><T99/><D125/><U102/><E114/><V113/><F113/><W49/><G49/><T56/><D133/><U19/><E127/><V28/><F28/><W41/><N who="3" m="10240" /><DORA hai="83" /><W66/><G25/><T26/><D111/><U53/><E4/><V47/><F47/><W2/><REACH who="3" step="1"/><G66/><REACH who="3" ten="250,250,250,240" step="2"/><T104/><D104/><U7/><E107/><N who="2" m="63919" /><F124/><W50/><G50/><T15/><D99/><U86/><E98/><V80/><F132/><W72/><G72/><T27/><D77/><U96/><E96/><V91/><F91/><W10/><G10/><T24/><AGARI ba="0,1" hai="15,16,23,24,26,27,56,61,67,68,70,74,79,82" machi="24" ten="30,6000,0" yaku="0,1,52,1,54,1" doraHai="11,83" who="0" fromWho="0" sc="250,70,250,-20,250,-20,240,-20" />
</Scene>
<Scene>
<INIT seed="0,1,0,3,0,116" ten="320,230,230,220" oya="0" hai0="64,4,114,120,102,6,115,10,1,66,41,71,26" hai1="56,9,2,13,25,78,48,122,108,63,59,125,60" hai2="54,35,16,0,38,15,61,75,22,45,51,52,85" hai3="30,119,87,73,83,70,76,44,127,90,128,82,34"/><T113/><D41/><U43/><E2/><V103/><F75/><W110/><G70/><T97/><D26/><U3/><E3/><V100/><F0/><W99/><G119/><T94/><D6/><U28/><E108/><V93/><F35/><W132/><G44/><T36/><D36/><U130/><E78/><V95/><F38/><W84/><G110/><T92/><D94/><N who="2" m="35850" /><F85/><W98/><G30/><T11/><D10/><U20/><E28/><V117/><F117/><W131/><G34/><T40/><D40/><U134/><E43/><V109/><F109/><W86/><G127/><T18/><D18/><U89/><E9/><V37/><F37/><W23/><G23/><T29/><D29/><U17/><E20/><V7/><F7/><W32/><G32/><T67/><REACH who="0" step="1"/><D71/><REACH who="0" ten="310,230,230,220" step="2"/><U96/><E17/><V33/><F33/><W129/><G132/><T47/><D47/><U77/><E134/><V68/><F68/><W105/><G105/><T111/><D111/><U118/><E118/><V24/><F24/><W104/><G104/><T8/><D8/><U112/><E25/><V69/><F69/><W50/><G50/><T62/><D62/><U49/><E49/><N who="2" m="28719" /><F61/><W91/><G73/><T31/><D31/><U80/><E60/><V135/><F135/><W107/><REACH who="3" step="1"/><G107/><REACH who="3" ten="310,230,230,210" step="2"/><T39/><D39/><U121/><E48/><V5/><F5/><W58/><G58/><AGARI ba="1,2" hai="15,16,22,51,54,58,100,103" m="28719,35850" machi="58" ten="30,3900,0" yaku="8,1,54,2" doraHai="116" who="2" fromWho="3" sc="310,0,230,0,230,62,210,-42" />
</Scene>
<Scene>
<INIT seed="1,0,0,3,5,57" ten="310,230,292,168" oya="1" hai0="126,0,21,131,34,44,45,117,28,17,63,83,64" hai1="50,18,77,105,43,25,107,82,135,116,16,53,38" hai2="15,132,3,109,48,76,129,118,130,36,56,74,37" hai3="123,120,94,12,86,13,27,93,88,41,95,98,99"/><U89/><E116/><V127/><F3/><W59/><G41/><T47/><D117/><U110/><E110/><V66/><F118/><W78/><G27/><T92/><D0/><U33/><E135/><V7/><F74/><W114/><G114/><T20/><D131/><N who="2" m="50186" /><F76/><W111/><G111/><T52/><D126/><U100/><E89/><V113/><F109/><W62/><G78/><T8/><D34/><U108/><E108/><V128/><F128/><W46/><G46/><T122/><D122/><U19/><E43/><V96/><F96/><W26/><G26/><N who="0" m="16455" /><D83/><U75/><E38/><N who="2" m="14955" /><F15/><N who="3" m="5707" /><G123/><T125/><D8/><U133/><E133/><V6/><F127/><W55/><G120/><T14/><D125/><U73/><E73/><V90/><F132/><W1/><G1/><T119/><D92/><AGARI ba="0,0" hai="55,59,62,86,88,92,93,94,95,98,99" m="5707" machi="92" ten="30,3900,0" yaku="8,1,52,1,54,1" doraHai="57" who="3" fromWho="0" sc="310,-39,230,0,292,0,168,39" />
</Scene>
<Scene>
<INIT seed="2,0,0,1,4,10" ten="271,230,292,207" oya="2" hai0="27,106,80,11,111,66,90,97,22,32,46,59,86" hai1="92,35,72,17,8,6,55,135,84,91,18,52,54" hai2="24,3,107,129,103,25,57,120,108,85,127,44,41" hai3="9,14,2,123,36,113,95,70,23,83,62,5,48"/><V33/><F120/><W99/><G36/><T16/><D111/><U4/><E135/><V38/><F3/><W39/><G39/><T79/><D46/><U12/><E72/><V102/><F108/><W60/><G123/><T98/><D32/><U40/><E35/><V28/><F129/><W131/><G131/><T21/><D106/><U96/><E40/><V76/><F127/><W101/><G113/><T53/><D66/><U88/><E4/><V124/><F124/><W74/><G70/><T125/><D11/><U63/><E63/><V37/><F37/><W51/><G74/><T58/><D125/><U73/><E73/><V105/><F105/><W122/><G122/><T67/><D79/><U116/><E116/><V45/><F107/><W133/><G133/><T121/><D121/><U128/><E128/><V1/><F1/><W94/><G83/><AGARI ba="0,0" hai="6,8,12,17,18,52,54,55,83,84,88,91,92,96" machi="83" ten="40,8000,1" yaku="8,1,52,1,54,2" doraHai="10" who="1" fromWho="3" sc="271,0,230,80,292,0,207,-80" />
</Scene>
<Scene>
<INIT seed="3,0,0,1,5,125" ten="271,310,292,127" oya="3" hai0="92,73,1,65,114,21,40,71,4,67,90,10,101" hai1="122,13,89,81,25,18,52,17,35,72,9,3,5" hai2="116,94,32,11,79,96,100,93,111,78,99,117,49" hai3="41,36,88,124,85,56,103,30,115,33,57,119,102"/><W126/><G119/><N who="2" m="45641" /><F32/><W84/><G115/><T23/><D73/><U38/><E122/><V14/><F49/><W31/><G36/><T20/><D40/><U107/><E107/><V97/><F14/><W113/><G41/><T123/><D101/><N who="3" m="38409" /><G33/><T42/><D42/><U47/><E38/><V53/><F53/><W24/><G113/><T83/><D83/><U128/><E3/><V105/><F11/><W12/><G12/><T0/><D114/><U59/><E47/><V15/><F15/><W46/><G46/><T109/><D123/><U135/><E35/><V82/><F111/><W76/><G76/><N who="2" m="29225" /><F82/><W62/><G24/><T66/><D109/><U80/><E80/><V121/><F121/><W55/><G88/><T6/><D71/><U129/><E25/><V118/><F118/><W19/><G19/><T34/><D34/><U63/><E18/><V37/><F37/><W127/><G62/><T108/><D108/><U110/><E110/><V2/><F2/><W28/><G55/><T51/><D1/><U70/><E17/><V131/><F131/><N who="1" m="50249" /><E70/><V98/><AGARI ba="0,0" hai="93,94,96,97,98,99,100,105" m="29225,45641" machi="98" ten="40,2700,0" yaku="34,2" doraHai="125" who="2" fromWho="2" sc="271,-7,310,-7,292,27,127,-13" owari="264,-14.0,303,10.0,319,43.0,114,-39.0" />
</Scene>
</mjloggm>