<mjloggm ver="2.3"><GO type="169" lobby="0"/><UN n0="%E3%81%98%E3%81%9A%E3%83%BC" n1="%4E%41%4B%37" n2="%E5%A4%AA%E3%81%8F%E3%81%AA%E3%81%84%E3%81%8A" n3="%E3%82%B9%E3%83%BC%E3%83%8B" dan="16,16,18,16" rate="2105.73,2080.77,2173.77,2100.33" sx="M,M,F,M"/><TAIKYOKU oya="0"/>

<Scene>
<INIT seed="0,0,0,0,0,36" ten="250,250,250,250" oya="0" hai0="9,33,29,34,66,25,30,43,75,85,68,101,27" hai1="32,126,38,80,124,128,103,131,53,4,125,130,121" hai2="135,113,57,20,133,45,96,28,37,12,98,115,22" hai3="65,69,3,67,102,0,15,90,108,10,13,56,17"/><T42/><D75/><U89/><E32/><V23/><F28/><W58/><G102/><T47/><D47/><U97/><E38/><V31/><F31/><W1/><G108/><T118/><D118/><U76/><E4/><V84/><F12/><W79/><G79/><T39/><D39/><U19/><E19/><V55/><F84/><W134/><G134/><N who="2" m="51209" /><F45/><W21/><G90/><T107/><D9/><U26/><E26/><V116/><F37/><W40/><G40/><T117/><D85/><U93/><E53/><V52/><F116/><W120/><G120/><T5/><D5/><U127/><N who="1" m="31744" /><DORA hai="73" /><U49/><E49/><N who="2" m="30863" /><F55/><W86/><G86/><T59/><D117/><U129/><N who="1" m="32768" /><DORA hai="61" /><U88/><E121/><V81/><F81/><W8/><G69/><T99/><D59/><U82/><E82/><V111/><F111/><W91/><G0/><T11/><D11/><U46/><E46/><V7/><F7/><W95/><G10/><T100/><REACH who="0" step="1"/><D101/><REACH who="0" ten="240,250,250,250" step="2"/><U110/><E110/><V6/><F6/><N who="3" m="3223" /><G3/><T48/><D48/><U35/><E35/><V106/><F115/><W114/><G1/><T41/><D41/><U122/><E122/><V72/><F72/><AGARI ba="0,1" hai="72,76,80,88,89,93,97,103" m="32768,31744" machi="72" ten="100,12000,2" yaku="18,1,19,1,34,3,52,1,54,1" doraHai="36,73,61" who="1" fromWho="2" sc="240,0,250,130,250,-120,250,0" />
</Scene>
<Scene>
<INIT seed="1,0,0,5,3,128" ten="240,380,130,250" oya="1" hai0="27,29,50,56,104,77,7,47,132,114,100,127,97" hai1="71,3,112,28,133,116,82,46,72,63,35,102,92" hai2="66,34,122,25,85,49,118,108,87,64,44,40,76" hai3="134,2,119,42,57,32,61,125,78,18,43,93,19"/><U53/><E116/><V26/><F118/><W101/><G32/><T105/><D114/><U4/><E112/><V48/><F122/><W59/><G2/><T89/><D127/><U113/><E113/><V130/><F130/><W73/><G119/><T98/><D77/><U81/><E3/><V12/><F108/><W23/><G125/><T11/><D56/><U83/><E4/><V106/><F106/><W24/><G134/><T123/><D123/><U75/><E133/><V22/><F34/><W41/><G73/><T36/><D36/><U51/><E35/><V115/><F115/><W74/><G74/><T135/><D89/><U90/><E102/><V84/><F76/><W79/><G19/><T107/><D98/><U95/><E28/><V45/><F12/><W117/><G59/><T69/><D69/><U20/><E20/><V96/><F96/><N who="3" m="59535" /><G117/><T62/><D62/><U110/><E110/><V58/><F58/><W5/><G5/><T9/><D107/><U13/><E13/><V67/><REACH who="2" step="1"/><F22/><REACH who="2" ten="240,380,120,250" step="2"/><W0/><G0/><T124/><D105/><U80/><E71/><V126/><F126/><W16/><G18/><T103/><D124/><U8/><E75/><V6/><F6/><W1/><G1/><T33/><D11/><U38/><E72/><V21/><F21/><W94/><G94/><T15/><REACH who="0" step="1"/><D103/><REACH who="0" ten="230,380,120,250" step="2"/><U121/><E8/><V14/><F14/><W17/><G17/><T86/><D86/><U31/><E121/><V39/><F39/><W68/><G68/><T111/><D111/><U60/><E38/><V129/><F129/><W65/><AGARI ba="0,2" hai="16,23,24,41,42,43,57,61,65,78,79" m="59535" machi="65" ten="30,4000,0" yaku="5,1,8,1,54,1" doraHai="128" who="3" fromWho="3" sc="230,-10,380,-20,120,-10,250,60" />
</Scene>
<Scene>
<INIT seed="2,0,0,0,0,49" ten="220,360,110,310" oya="2" hai0="91,38,27,77,108,26,126,78,131,111,12,6,98" hai1="68,22,42,47,44,102,112,5,88,104,89,129,109" hai2="79,16,73,124,7,3,25,10,132,80,0,62,110" hai3="20,35,85,99,97,133,43,71,55,75,9,121,58"/><V117/><F117/><W135/><G35/><T115/><D38/><U72/><E112/><V34/><F124/><W116/><G75/><T48/><D115/><U120/><E72/><V50/><F132/><N who="3" m="50763" /><G71/><T130/><D126/><U94/><E104/><V127/><F127/><W29/><G43/><T69/><D69/><U19/><E68/><V32/><F3/><W74/><G74/><T60/><D60/><U45/><E5/><V31/><F110/><N who="0" m="42026" /><D48/><U33/><E33/><V61/><F34/><W70/><G70/><T125/><D125/><U13/><E109/><V41/><REACH who="2" step="1"/><F16/><REACH who="2" ten="220,360,100,310" step="2"/><W23/><G116/><T63/><D131/><U52/><E129/><V14/><F14/><W54/><G121/><T93/><D12/><U8/><E120/><V128/><F128/><W64/><G9/><T37/><D130/><U1/><E1/><V65/><F65/><W103/><G23/><T81/><D27/><U11/><E11/><V84/><F84/><W101/><G85/><T82/><D26/><U51/><E8/><V24/><F24/><N who="3" m="16519" /><G99/><T106/><D98/><U86/><E86/><V113/><F113/><W59/><G64/><T28/><D28/><U90/><E42/><V18/><F18/><W95/><G103/><T2/><D2/><U87/><E102/><V96/><F96/><W66/><G66/><T30/><D30/><U67/><E67/><V122/><F122/><W105/><G105/><T107/><D106/><U36/><E36/><V40/><F40/><W83/><G83/><N who="0" m="31755" /><D107/><U92/><E87/><V57/><F57/><AGARI ba="0,1" hai="54,55,57,58,59,95,97,101" m="16519,50763" machi="57" ten="30,3900,0" yaku="20,1,52,2" doraHai="49" who="3" fromWho="2" sc="220,0,360,0,100,-39,310,49" /><AGARI ba="0,0" hai="13,19,22,44,45,47,51,52,57,88,89,90,92,94" machi="57" ten="40,8000,1" yaku="8,1,52,1,54,2" doraHai="49" who="1" fromWho="2" sc="220,0,360,80,61,-80,359,0" owari="220,-18.0,440,54.0,-19,-52.0,359,16.0" />
</Scene>
</mjloggm>