<mjloggm ver="2.3"><GO type="169" lobby="0"/><UN n0="%E3%82%89%E3%81%84%E3%81%A1%E3%82%87%E3%81%86" n1="%E6%B0%91%E8%8A%B8" n2="%E5%A4%AA%E3%81%8F%E3%81%AA%E3%81%84%E3%81%8A" n3="%E6%B0%97%E6%A5%BD%E3%81%AB%E6%89%93%E3%81%A4" dan="16,17,17,16" rate="2033.57,2140.03,2177.18,2129.67" sx="M,M,M,M"/><TAIKYOKU oya="0"/>

<Scene>
<INIT seed="0,0,0,4,2,98" ten="250,250,250,250" oya="0" hai0="29,125,77,75,7,44,26,35,43,16,90,50,73" hai1="61,135,88,4,40,85,34,91,103,106,102,93,2" hai2="10,3,126,57,104,109,14,79,5,133,32,25,87" hai3="8,62,0,131,30,80,124,115,12,95,27,108,76"/><T58/><D125/><U114/><E106/><V17/><F104/><W96/><G115/><T45/><D7/><U97/><E34/><V47/><F126/><W127/><G108/><T71/><D71/><U60/><E114/><V67/><F109/><W119/><G119/><T46/><D58/><U59/><E135/><V9/><F133/><W122/><G131/><T39/><D77/><U94/><E40/><V130/><F130/><W24/><G0/><T120/><D120/><U72/><E72/><V41/><F67/><W82/><G122/><T49/><D39/><U117/><E117/><V112/><F57/><W54/><G127/><T28/><D28/><U56/><E2/><V1/><F112/><W134/><G134/><T37/><D37/><U13/><E4/><V55/><F55/><W23/><G27/><T116/><D116/><U84/><E97/><V68/><F68/><W65/><G76/><T63/><D63/><U128/><E128/><V89/><F79/><W121/><G121/><T21/><D90/><U52/><E13/><V74/><F74/><W70/><G124/><T83/><D83/><U123/><E123/><V18/><F3/><W99/><G99/><T20/><D46/><U78/><E78/><V92/><F32/><W11/><G54/><AGARI ba="0,0" hai="52,54,56,59,60,61,84,85,88,91,93,94,102,103" machi="54" ten="30,16000,3" yaku="7,1,32,3,8,1,52,2,54,2" doraHai="98" who="1" fromWho="3" sc="250,0,250,160,250,0,250,-160" />
</Scene>
<Scene>
<INIT seed="1,0,0,3,0,21" ten="250,410,250,90" oya="1" hai0="50,81,87,128,125,23,80,29,85,60,70,45,88" hai1="90,97,30,40,132,22,72,64,14,16,18,32,11" hai2="42,96,61,69,133,111,107,43,47,75,3,56,4" hai3="113,41,49,59,67,119,19,79,89,7,74,91,131"/><U93/><E72/><V106/><F69/><W84/><G113/><T114/><D114/><U39/><E132/><V51/><F75/><W121/><G131/><T6/><D128/><U104/><E64/><V27/><F133/><W108/><G121/><T52/><D125/><U10/><E104/><V48/><F111/><W20/><G108/><T83/><D6/><U38/><E40/><V31/><F4/><W25/><G119/><T57/><D70/><U1/><E1/><V58/><F3/><W68/><G68/><T105/><D105/><U77/><E77/><V0/><F0/><W95/><G7/><T44/><D44/><U37/><REACH who="1" step="1"/><E18/><REACH who="1" ten="250,400,250,90" step="2"/><V73/><F73/><W13/><G74/><T122/><D122/><U33/><E33/><V118/><F43/><W8/><G41/><N who="0" m="24879" /><D85/><U117/><E117/><V109/><F118/><W134/><G134/><T129/><D129/><U36/><N who="1" m="9216" /><DORA hai="135" /><U124/><E124/><V94/><F109/><W26/><G84/><T35/><D35/><U110/><E110/><V82/><F107/><W54/><G67/><T78/><D78/><U76/><E76/><V24/><F106/><W65/><G79/><T116/><D116/><U5/><E5/><V17/><F42/><W120/><G65/><T126/><D126/><U55/><E55/><V63/><F17/><N who="3" m="8359" /><G120/><T62/><D87/><U46/><E46/><V34/><F47/><W99/><G54/><T100/><D52/><U53/><E53/><V101/><F34/><W9/><G49/><T103/><D57/><U66/><E66/><V12/><F51/><W130/><G130/><RYUUKYOKU ba="0,1" sc="250,-10,400,30,250,-10,90,-10" hai1="10,11,14,16,22,30,32,90,93,97" />
</Scene>
<Scene>
<INIT seed="1,1,1,2,5,69" ten="240,430,240,80" oya="1" hai0="60,77,135,100,114,51,113,76,110,116,34,97,123" hai1="85,104,121,124,101,53,134,93,74,64,16,21,102" hai2="108,8,49,7,96,88,58,37,129,107,28,22,46" hai3="50,31,63,82,67,36,56,39,131,52,83,42,128"/><U75/><E121/><V80/><F108/><W66/><G31/><T78/><D34/><U55/><E64/><N who="3" m="24618" /><G82/><T48/><D116/><U45/><E134/><V117/><F117/><W73/><G73/><T15/><D123/><U115/><E115/><V87/><F129/><N who="3" m="49739" /><G83/><T44/><D110/><U65/><E65/><V0/><F28/><W119/><G119/><T43/><D135/><U72/><E124/><V38/><F22/><W47/><AGARI ba="1,1" hai="36,39,42,47,50,52,56,63" m="49739,24618" machi="47" ten="30,12000,2" yaku="19,1,34,2,52,2,54,1" doraHai="69" who="3" fromWho="3" sc="240,-31,430,-61,240,-31,80,133" />
</Scene>
<Scene>
<INIT seed="2,0,0,1,3,9" ten="209,369,209,213" oya="2" hai0="135,111,91,61,94,45,122,23,134,123,24,130,62" hai1="84,108,40,127,42,51,46,20,27,115,12,58,10" hai2="99,66,36,121,106,124,109,126,110,95,25,129,30" hai3="70,49,120,77,52,73,22,43,79,1,125,86,113"/><V96/><F36/><W3/><G120/><T21/><D111/><N who="2" m="42506" /><F121/><N who="0" m="46090" /><D45/><U48/><E108/><V4/><F129/><W2/><G113/><T83/><D83/><U44/><E115/><V107/><F66/><W5/><G125/><N who="2" m="48233" /><F4/><W56/><G70/><T72/><D130/><U14/><E127/><V63/><F63/><W55/><G5/><T34/><D34/><U67/><E10/><V15/><F15/><N who="1" m="5673" /><E84/><V118/><F118/><W101/><G86/><N who="0" m="52599" /><D72/><U119/><E119/><V54/><F54/><W117/><G55/><T28/><D23/><U78/><E67/><V87/><F87/><W7/><G22/><T82/><D82/><U59/><E78/><V53/><F53/><W131/><G79/><T41/><D41/><U18/><AGARI ba="0,0" hai="18,20,27,40,42,44,46,48,51,58,59" m="5673" machi="18" ten="30,7900,0" yaku="8,1,52,3" doraHai="9" who="1" fromWho="1" sc="209,-20,369,79,209,-39,213,-20" />
</Scene>
<Scene>
<INIT seed="3,0,0,5,3,134" ten="189,448,170,193" oya="3" hai0="131,88,68,7,122,66,113,65,84,117,35,0,43" hai1="104,76,79,56,1,50,107,4,101,53,51,55,69" hai2="129,40,10,41,52,25,106,42,49,29,86,135,124" hai3="23,18,11,19,14,116,85,37,33,2,63,95,80"/><W74/><G116/><T89/><D122/><U20/><E69/><V39/><F39/><W94/><G33/><T91/><D117/><U67/><E67/><V46/><F106/><W105/><G105/><T125/><D35/><U30/><E1/><V115/><F115/><W123/><G123/><T5/><D113/><U73/><E4/><N who="0" m="1609" /><D68/><U109/><E109/><V128/><F135/><W12/><G37/><T102/><D0/><U6/><E6/><V34/><F10/><W26/><G74/><T3/><D3/><U111/><E111/><V108/><F108/><W78/><G2/><T44/><D102/><U72/><E101/><V81/><REACH who="2" step="1"/><F124/><REACH who="2" ten="189,448,160,193" step="2"/><W127/><G127/><T15/><D125/><U103/><E107/><V114/><F114/><W58/><REACH who="3" step="1"/><G26/><REACH who="3" ten="189,448,160,183" step="2"/><T47/><D15/><U97/><E104/><V22/><F22/><W92/><G92/><T27/><D27/><U60/><E20/><V126/><F126/><W45/><G45/><T48/><D44/><U133/><E133/><V132/><F132/><W71/><G71/><T8/><D8/><U87/><E56/><V83/><F83/><W120/><G120/><T62/><D131/><U36/><E36/><V21/><F21/><W119/><G119/><T112/><D112/><U9/><E9/><V54/><F54/><AGARI ba="0,2" hai="11,12,14,18,19,23,54,58,63,78,80,85,94,95" machi="54" ten="30,5800,0" yaku="1,1,7,1,8,1,53,0" doraHai="134" doraHaiUra="31" who="3" fromWho="2" sc="189,0,448,0,160,-58,183,78" />
</Scene>
<Scene>
<INIT seed="3,1,0,0,0,130" ten="189,448,102,261" oya="3" hai0="91,49,30,4,71,101,29,94,13,77,10,80,68" hai1="79,39,97,40,8,41,51,112,46,17,105,0,69" hai2="102,72,28,16,26,56,53,27,9,36,47,119,93" hai3="135,120,6,110,75,48,129,63,32,3,2,44,76"/><W1/><G120/><T118/><D118/><U126/><E112/><V70/><F119/><W38/><G129/><T20/><D101/><U12/><E69/><V35/><F70/><W7/><G110/><T132/><D71/><U103/><E126/><V66/><F72/><W64/><G32/><T84/><D68/><U15/><E0/><V50/><F66/><W42/><G48/><T57/><D132/><U114/><E114/><V82/><F82/><W128/><G128/><T43/><D20/><U107/><E107/><V113/><F113/><W19/><G19/><T134/><D134/><U34/><E34/><V99/><F36/><W125/><G125/><T90/><D90/><U59/><E79/><V74/><F74/><W123/><G123/><T131/><D131/><U100/><E100/><V60/><F27/><W52/><G64/><T87/><REACH who="0" step="1"/><D57/><REACH who="0" ten="179,448,102,261" step="2"/><U108/><E59/><V45/><F35/><W24/><G135/><T83/><D83/><U96/><E103/><V62/><F56/><N who="3" m="35207" /><G24/><T31/><D31/><U22/><E108/><V54/><F28/><W21/><G21/><T33/><D33/><U81/><E22/><N who="2" m="13639" /><F9/><N who="3" m="2255" /><G7/><T122/><D122/><U89/><E8/><V55/><F45/><AGARI ba="1,1" hai="4,10,13,29,30,43,45,49,77,80,84,87,91,94" machi="45" ten="40,8000,1" yaku="1,1,25,2,8,1,53,1" doraHai="130" doraHaiUra="88" who="0" fromWho="2" sc="179,93,448,0,102,-83,261,0" />
</Scene>
<Scene>
<INIT seed="4,0,0,2,1,7" ten="272,448,19,261" oya="0" hai0="121,32,97,16,76,112,124,11,128,119,34,94,115" hai1="87,62,129,106,133,2,57,19,130,77,20,47,100" hai2="30,107,104,56,9,90,89,61,80,33,110,91,53" hai3="26,79,41,88,103,21,27,69,108,111,52,49,18"/><T45/><D119/><U64/><E2/><V114/><F110/><W55/><G69/><T40/><D121/><U17/><E133/><V86/><F114/><N who="0" m="43562" /><D76/><U105/><E47/><V71/><F71/><W98/><G111/><T70/><D70/><U38/><E38/><V8/><F33/><W35/><G108/><T10/><D128/><N who="1" m="49259" /><E100/><V66/><F30/><W48/><G79/><T83/><D83/><N who="1" m="47599" /><E17/><V5/><F66/><W135/><G135/><T78/><D78/><U118/><E118/><V123/><F123/><W22/><G35/><N who="0" m="13355" /><D16/><U65/><E65/><V93/><F89/><W37/><G103/><N who="0" m="60855" /><D124/><U68/><E68/><V54/><F5/><W31/><G37/><AGARI ba="0,0" hai="10,11,37,40,45" m="60855,13355,43562" machi="37" ten="30,5800,0" yaku="15,1,52,2" doraHai="7" who="0" fromWho="3" sc="272,58,448,0,19,0,261,-58" />
</Scene>
<Scene>
<INIT seed="4,1,0,2,1,53" ten="330,448,19,203" oya="0" hai0="40,24,125,55,107,94,35,3,85,115,71,46,86" hai1="97,89,20,109,106,36,81,63,111,52,69,6,104" hai2="38,48,15,64,112,98,50,76,95,103,61,72,34" hai3="8,21,100,116,133,129,93,1,39,96,130,108,79"/><T32/><D107/><U47/><E6/><V105/><F38/><W17/><G108/><T43/><D3/><U67/><E20/><V62/><F34/><W26/><G116/><T42/><D71/><U16/><E16/><V31/><F112/><W60/><G39/><T120/><D120/><U45/><E45/><V121/><F121/><W4/><G79/><T118/><D118/><U49/><E36/><V134/><F134/><W22/><G133/><T132/><D132/><U29/><E29/><V59/><F31/><W2/><G22/><T28/><D125/><U65/><E65/><V30/><F30/><W18/><G18/><T87/><D115/><U74/><E106/><V12/><F105/><W99/><G99/><T14/><D14/><U90/><E104/><V102/><F102/><W113/><G113/><T123/><D123/><U83/><E83/><V56/><F76/><W37/><G37/><T117/><D117/><U119/><E119/><V92/><F72/><W23/><G23/><T80/><D35/><U128/><E128/><V51/><REACH who="2" step="1"/><F95/><REACH who="2" ten="330,448,9,203" step="2"/><W58/><REACH who="3" step="1"/><G1/><REACH who="3" ten="330,448,9,193" step="2"/><T110/><D32/><U78/><E109/><V127/><F127/><W27/><G27/><T54/><D24/><U101/><E111/><V82/><F82/><W124/><G124/><T68/><D80/><U131/><E131/><V126/><F126/><W13/><G13/><T114/><D114/><U88/><E81/><V135/><F135/><W70/><G70/><T19/><D68/><U10/><E78/><V41/><F41/><W77/><G77/><T25/><D40/><U5/><E69/><RYUUKYOKU ba="1,2" sc="330,-15,448,-15,9,15,193,15" hai2="12,15,48,50,51,56,59,61,62,64,92,98,103" hai3="2,4,8,17,21,26,58,60,93,96,100,129,130" />
</Scene>
<Scene>
<INIT seed="5,2,2,2,2,38" ten="315,433,24,208" oya="1" hai0="15,126,24,101,62,40,124,102,122,75,117,14,92" hai1="120,16,5,29,112,3,130,100,128,55,56,20,28" hai2="79,30,105,123,63,80,25,70,1,106,78,11,21" hai3="85,18,34,96,74,129,23,69,22,52,59,49,17"/><U19/><E120/><V77/><F123/><W61/><G74/><T114/><D117/><U67/><E67/><V94/><F80/><W135/><G135/><T111/><D111/><U99/><E3/><V82/><F82/><W103/><G129/><N who="1" m="49770" /><E5/><V108/><F108/><W42/><G34/><T134/><D114/><U115/><E28/><V71/><F94/><N who="3" m="58775" /><G69/><T125/><D134/><U119/><E29/><V43/><F71/><W26/><G85/><T57/><D75/><U54/><E119/><V109/><F109/><W127/><G127/><T104/><D104/><N who="1" m="63519" /><E19/><N who="3" m="7178" /><G26/><T2/><D2/><U50/><E55/><V86/><F86/><W58/><G42/><T47/><D122/><U8/><E8/><V89/><F43/><W95/><G95/><T72/><D24/><AGARI ba="2,2" hai="16,20,24,50,54,56,112,115" m="63519,49770" machi="24" ten="30,2900,0" yaku="19,1,54,1" doraHai="38" who="1" fromWho="0" sc="315,-35,433,55,24,0,208,0" />
</Scene>
<Scene>
<INIT seed="5,3,0,2,4,97" ten="280,488,24,208" oya="1" hai0="5,72,134,50,84,17,59,64,128,78,39,6,81" hai1="3,102,22,100,87,13,105,33,48,104,45,129,135" hai2="4,95,18,106,115,71,94,88,47,28,125,111,70" hai3="116,54,91,44,121,9,62,19,16,92,36,132,30"/><U15/><E33/><V20/><F111/><W41/><G121/><T93/><D39/><U35/><E35/><V90/><F106/><W114/><G114/><T101/><D134/><U127/><E3/><V42/><F28/><W51/><G132/><T25/><D128/><U53/><E135/><V119/><F119/><W131/><G116/><T10/><D72/><U80/><E129/><V38/><F4/><W122/><G131/><T11/><D25/><U66/><E127/><V123/><F123/><W75/><G75/><T98/><D17/><N who="1" m="10543" /><E105/><V82/><F125/><W24/><G122/><T52/><D64/><U74/><E104/><V118/><F118/><W32/><G62/><T117/><D117/><U29/><E74/><V112/><F82/><W107/><G107/><T77/><D77/><N who="1" m="46479" /><E29/><V79/><F79/><W26/><G26/><T108/><D108/><U14/><E66/><V31/><F31/><W130/><G9/><AGARI ba="3,0" hai="5,6,9,10,11,50,52,59,78,81,84,93,98,101" machi="9" ten="40,5200,0" yaku="8,1,52,1,54,1" doraHai="97" who="0" fromWho="3" sc="280,61,488,0,24,0,208,-61" />
</Scene>
<Scene>
<INIT seed="6,0,0,3,0,105" ten="341,488,24,147" oya="2" hai0="102,33,115,31,107,59,15,132,37,5,117,23,89" hai1="74,19,38,16,119,63,68,20,11,127,133,36,70" hai2="8,111,14,34,135,120,51,42,12,121,116,66,57" hai3="7,131,25,90,53,56,87,18,112,96,62,93,48"/><V79/><F116/><W64/><G131/><T58/><D37/><U71/><E119/><V123/><F34/><W29/><G112/><T46/><D115/><U130/><E74/><V13/><F135/><W24/><G7/><T49/><D33/><U114/><E114/><V78/><F111/><W65/><G87/><T35/><D35/><U72/><E72/><V118/><F118/><W28/><G25/><T73/><D73/><U10/><E130/><V30/><F30/><N who="3" m="11883" /><G48/><T108/><D108/><U17/><E133/><V39/><F39/><N who="1" m="14889" /><E63/><V40/><F8/><N who="1" m="3113" /><E20/><AGARI ba="0,0" hai="18,20,24,53,56,62,64,65,90,93,96" m="11883" machi="20" ten="30,2000,0" yaku="25,1,8,1" doraHai="105" who="3" fromWho="1" sc="341,0,488,-20,24,0,147,20" />
</Scene>
<Scene>
<INIT seed="7,0,0,5,5,63" ten="341,468,24,167" oya="3" hai0="21,24,86,129,135,50,40,65,20,30,104,132,84" hai1="120,57,111,26,59,107,45,130,58,33,55,42,127" hai2="114,126,52,117,4,37,6,66,10,60,95,89,16" hai3="77,31,131,67,90,14,118,53,72,0,39,38,56"/><W96/><G118/><T34/><D104/><U78/><E111/><V68/><F117/><W46/><G0/><T5/><D129/><U124/><E120/><V51/><F114/><W1/><G1/><T32/><D5/><U106/><E130/><V25/><F126/><N who="1" m="48169" /><E55/><V18/><F37/><W70/><G131/><T101/><D101/><U22/><E78/><V115/><F115/><W71/><G31/><T134/><D65/><U2/><E2/><V41/><F41/><W116/><G116/><T48/><D20/><U125/><E33/><N who="0" m="12905" /><D40/><U102/><E125/><V62/><F62/><W109/><G109/><T44/><D44/><U76/><E76/><V91/><F4/><W9/><G77/><T12/><D12/><U7/><E7/><V79/><F79/><W23/><G23/><T80/><D80/><U85/><E85/><AGARI ba="0,0" hai="21,24,30,48,50,84,85,86,132,134,135" m="12905" machi="85" ten="40,1300,0" yaku="20,1" doraHai="63" who="0" fromWho="1" sc="341,13,468,-13,24,0,167,0" owari="354,15.0,455,56.0,24,-48.0,167,-23.0" />
</Scene>
</mjloggm>