<mjloggm ver="2.3"><GO type="169"/><UN n0="%E3%81%8F%E3%82%89%E3%81%8F%E3%82%89" n1="%6A%6F%72%67%65%62%65%6E" n2="%E5%A4%AA%E3%81%8F%E3%81%AA%E3%81%84%E3%81%8A" n3="%E3%83%8F%E3%83%94%E3%83%8A%E5%90%8D%E6%8E%9B%E4%B8%81" dan="16,18,17,16" rate="2077,2187,2188,2089" sx="M,M,M,M"/><TAIKYOKU oya="0"/>

<Scene>
<INIT seed="0,0,0,5,2,73" ten="250,250,250,250" oya="0" hai0="38,125,20,36,102,46,78,11,115,6,131,32,79" hai1="5,118,66,48,109,22,62,75,58,61,84,70,33" hai2="44,132,93,10,97,65,117,128,134,96,94,87,51" hai3="8,13,114,24,106,27,47,31,91,55,123,35,105"/><T135/><D32/><U28/><E75/><V90/><F128/><W9/><G114/><T23/><D115/><U68/><E118/><V89/><F117/><W42/><G123/><T107/><D107/><U76/><E109/><V16/><F65/><W82/><G55/><T112/><D102/><U119/><E119/><V34/><F34/><W54/><G54/><T88/><D112/><U29/><E33/><V59/><F59/><W3/><G27/><T17/><D131/><U129/><E129/><V69/><F69/><W64/><G64/><T133/><D125/><U122/><E122/><V50/><F87/><W37/><G3/><T39/><D46/><U1/><E48/><V71/><F71/><W92/><G82/><T41/><D41/><U113/><E113/><V121/><F121/><W127/><G9/><T77/><D88/><U63/><E68/><V4/><F16/><W111/><G127/><T67/><D67/><U95/><E70/><V43/><REACH who="2" step="1"/><F51/><REACH who="2" ten="250,250,240,250" step="2"/><W26/><G26/><T12/><REACH who="0" step="1"/><D23/><REACH who="0" ten="240,250,240,250" step="2"/><U56/><E22/><V40/><F40/><W18/><REACH who="3" step="1"/><G111/><REACH who="3" ten="240,250,240,240" step="2"/><T14/><AGARI ba="0,3" hai="6,11,12,14,17,20,36,38,39,77,78,79,133,135" machi="14" ten="40,18000,2" yaku="1,1,2,1,0,1,52,3,53,0" doraHai="73" doraHaiUra="49" who="0" fromWho="0" sc="240,210,250,-60,240,-60,240,-60" />
</Scene>
<Scene>
<INIT seed="0,1,0,3,3,51" ten="450,190,180,180" oya="0" hai0="73,46,9,24,101,12,89,76,59,103,49,65,4" hai1="29,45,31,120,80,13,25,20,41,44,61,91,38" hai2="93,123,124,17,3,56,109,1,87,104,128,72,16" hai3="14,36,133,78,114,75,64,50,30,77,88,92,84"/><T7/><D73/><U106/><E120/><V126/><F123/><W83/><G114/><T134/><D76/><U53/><E106/><V10/><F104/><W57/><G36/><T42/><D134/><U79/><E91/><N who="2" m="53503" /><F72/><W48/><G133/><T105/><D105/><U115/><E115/><V102/><F102/><N who="0" m="38922" /><D24/><U69/><E13/><N who="2" m="7223" /><F109/><W11/><G30/><T94/><D65/><U85/><E69/><V67/><F128/><W8/><G8/><T111/><D59/><U116/><E116/><V130/><F17/><W107/><G107/><T0/><D0/><U37/><E37/><V135/><F130/><W63/><REACH who="3" step="1"/><G77/><REACH who="3" ten="450,190,180,170" step="2"/><T129/><D129/><U127/><E31/><V131/><F131/><W113/><G113/><T70/><D111/><U81/><E38/><V39/><F39/><W112/><G112/><T68/><D68/><U110/><E110/><V90/><F135/><W82/><G82/><T54/><D70/><U32/><E81/><V108/><F108/><W62/><G62/><T21/><D21/><U98/><E20/><V71/><F71/><W28/><G28/><T18/><D42/><U58/><E41/><V6/><F126/><W23/><G23/><T40/><D40/><U117/><E127/><V55/><F124/><W33/><G33/><T19/><D7/><AGARI ba="1,1" hai="7,11,14,48,50,57,63,64,75,78,83,84,88,92" machi="7" ten="30,3900,0" yaku="1,1,7,1,54,1,53,0" doraHai="51" doraHaiUra="26" who="3" fromWho="0" sc="450,-42,190,0,180,0,170,52" />
</Scene>
<Scene>
<INIT seed="1,0,0,3,0,18" ten="408,190,180,222" oya="1" hai0="23,5,71,84,77,70,25,35,26,105,114,43,68" hai1="96,28,32,69,17,30,93,122,118,128,125,99,1" hai2="48,116,47,78,15,97,37,42,56,134,111,82,27" hai3="107,16,3,19,112,41,58,10,75,65,45,95,12"/><U46/><E122/><V83/><F116/><W38/><G107/><T91/><D105/><U74/><E118/><V79/><F111/><W90/><G112/><T133/><D43/><U113/><E74/><V39/><F134/><W63/><G75/><T40/><D40/><U24/><E69/><V120/><F120/><W124/><G124/><T76/><D5/><U57/><E113/><V121/><F121/><W66/><G3/><T6/><D6/><U100/><E125/><V106/><F15/><W13/><G66/><T123/><D123/><U0/><E128/><V81/><F27/><W11/><G95/><T55/><D55/><U7/><E30/><V131/><F131/><W132/><REACH who="3" step="1"/><G90/><REACH who="3" ten="408,190,180,212" step="2"/><T73/><D133/><AGARI ba="0,1" hai="10,11,12,13,16,19,38,41,45,58,63,65,132,133" machi="133" ten="40,12000,2" yaku="1,1,2,1,9,1,54,1,53,2" doraHai="18" doraHaiUra="14" who="3" fromWho="0" sc="408,-120,190,0,180,0,212,130" />
</Scene>
<Scene>
<INIT seed="2,0,0,4,4,78" ten="288,190,180,342" oya="2" hai0="107,86,20,42,52,69,123,35,70,2,25,100,58" hai1="116,128,47,23,1,92,7,113,79,94,38,66,131" hai2="87,81,89,127,6,74,129,54,109,41,101,102,24" hai3="27,53,112,12,51,39,90,11,64,97,68,33,34"/><V14/><F129/><N who="1" m="49737" /><E116/><V119/><F119/><W37/><G112/><T61/><D2/><U105/><E113/><V10/><F127/><W106/><G90/><T28/><D123/><U124/><E105/><V72/><F41/><W132/><G132/><T46/><D86/><U56/><E124/><V50/><F109/><W126/><G126/><T88/><D88/><U40/><E79/><V117/><F117/><W118/><G118/><T57/><D35/><U22/><E7/><V82/><F24/><W65/><G65/><T133/><D133/><U21/><E1/><V115/><F115/><W73/><G73/><T17/><D28/><U16/><E16/><V31/><F31/><W80/><G34/><T5/><D5/><U125/><E125/><V71/><F71/><W75/><G64/><T48/><D100/><N who="2" m="38506" /><F74/><W19/><G68/><T62/><REACH who="0" step="1"/><D107/><REACH who="0" ten="278,190,180,342" step="2"/><U4/><E4/><V3/><F3/><W85/><G106/><T104/><D104/><U121/><E121/><V111/><F72/><W114/><G75/><T98/><D98/><U26/><E26/><V59/><F111/><W18/><G114/><T44/><D44/><U0/><E0/><V77/><F77/><N who="3" m="46223" /><G97/><T93/><D93/><AGARI ba="0,1" hai="6,10,14,50,54,59,81,82,87,89,93" m="38506" machi="93" ten="30,5800,0" yaku="8,1,52,2" doraHai="78" who="2" fromWho="0" sc="278,-58,190,0,180,68,342,0" />
</Scene>
<Scene>
<INIT seed="2,1,0,0,0,0" ten="220,190,248,342" oya="2" hai0="96,5,52,66,11,105,45,8,20,28,10,97,48" hai1="4,49,132,83,98,2,67,17,104,34,76,62,77" hai2="3,99,21,55,94,128,56,58,68,129,116,92,78" hai3="53,35,70,18,100,37,85,130,86,46,82,64,90"/><V125/><F68/><W121/><G121/><T36/><D36/><U122/><E132/><V135/><F116/><W40/><G35/><T71/><D105/><U109/><E109/><V117/><F117/><W123/><G123/><T29/><D66/><U44/><E122/><V106/><F3/><W79/><G130/><N who="2" m="50281" /><F135/><W9/><G100/><T42/><D71/><U22/><E34/><V102/><F125/><W89/><G70/><T39/><D39/><U120/><E120/><V13/><F78/><W65/><G53/><T80/><D80/><U32/><E32/><V93/><F55/><W84/><G18/><AGARI ba="1,0" hai="13,18,21,56,58,92,93,94,99,102,106" m="50281" machi="18" ten="30,1500,0" yaku="19,1" doraHai="0" who="2" fromWho="3" sc="220,0,190,0,248,18,342,-18" />
</Scene>
<Scene>
<INIT seed="2,2,0,0,4,78" ten="220,190,266,324" oya="2" hai0="89,17,24,11,84,133,104,107,96,69,51,16,19" hai1="15,35,91,120,90,103,83,117,57,39,52,20,26" hai2="82,13,68,10,126,116,7,62,134,98,34,131,101" hai3="111,31,48,93,3,45,2,60,87,4,94,28,100"/><V18/><F116/><W42/><G111/><T123/><D69/><U55/><E39/><V99/><F34/><W49/><G2/><T114/><D123/><U46/><E117/><V21/><F134/><W110/><G110/><T125/><D114/><U25/><E120/><V56/><F68/><W12/><G3/><T1/><D125/><U95/><E35/><V23/><F126/><W72/><G72/><T124/><D133/><U58/><E46/><V76/><F131/><W106/><G106/><T5/><D124/><U118/><E118/><V128/><F128/><W44/><G60/><T37/><D37/><U121/><E121/><V65/><F101/><W105/><G105/><T97/><D51/><U38/><E38/><V30/><F30/><N who="3" m="11307" /><G100/><T112/><D112/><U66/><E66/><V33/><F33/><W122/><G122/><T74/><D24/><U40/><E40/><V50/><F50/><W64/><G64/><T41/><D41/><U130/><E130/><V14/><REACH who="2" step="1"/><F23/><REACH who="2" ten="220,190,256,324" step="2"/><W47/><G48/><T54/><D107/><U67/><E103/><V86/><AGARI ba="2,1" hai="7,10,13,14,18,21,56,62,65,76,82,86,98,99" machi="86" ten="20,18000,2" yaku="1,1,2,1,0,1,7,1,8,1,52,1,53,1" doraHai="78" doraHaiUra="75" who="2" fromWho="2" sc="220,-62,190,-62,256,196,324,-62" />
</Scene>
<Scene>
<INIT seed="2,3,0,0,1,82" ten="158,128,452,262" oya="2" hai0="113,21,68,56,132,88,67,93,39,52,131,14,7" hai1="34,109,84,45,91,102,99,13,49,86,20,118,58" hai2="29,38,25,135,101,105,108,26,92,60,2,77,80" hai3="27,120,76,78,11,64,107,97,98,128,42,6,117"/><V69/><F38/><W70/><G120/><T83/><D39/><U73/><E34/><V15/><F2/><W16/><G117/><T87/><D113/><U126/><E73/><V121/><F121/><W62/><G128/><T8/><D131/><U96/><E118/><V81/><F105/><W3/><G42/><T110/><D132/><U17/><E109/><V123/><F123/><W10/><G98/><T5/><D110/><U32/><E32/><V55/><F108/><W114/><G114/><T22/><D7/><U61/><E126/><V115/><F115/><W1/><G27/><T122/><D122/><U33/><E33/><V41/><F41/><W28/><G28/><T0/><D0/><U100/><E91/><V57/><F69/><W71/><G71/><T31/><D31/><U95/><E49/><V65/><F135/><W35/><G35/><T18/><D67/><U53/><REACH who="1" step="1"/><E45/><REACH who="1" ten="158,118,452,262" step="2"/><V94/><F77/><W103/><G78/><N who="0" m="46583" /><D68/><U129/><E129/><V24/><F101/><W79/><G79/><T59/><D59/><U125/><E125/><V37/><F37/><W127/><G76/><T23/><D5/><U111/><E111/><V63/><F57/><W47/><G47/><T48/><D8/><U66/><E66/><V12/><F12/><BYE who="2" /><N who="3" m="7199" /><G127/><T9/><D9/><U106/><AGARI ba="3,1" hai="13,17,20,53,58,61,84,86,95,96,99,100,102,106" machi="106" ten="20,8000,1" yaku="1,1,0,1,7,1,52,2,53,0" doraHai="82" doraHaiUra="72" who="1" fromWho="1" sc="158,-23,118,99,452,-43,262,-23" />
</Scene>
<Scene>
<INIT seed="3,0,0,0,1,89" ten="135,217,409,239" oya="3" hai0="119,95,24,133,15,131,29,91,5,23,57,30,21" hai1="4,69,36,77,125,53,17,58,39,52,87,37,51" hai2="32,118,120,88,104,19,65,114,56,99,0,132,38" hai3="93,27,115,55,34,2,111,13,9,66,45,129,113"/><W3/><G129/><T130/><D119/><U80/><E69/><V97/><F97/><W135/><G66/><T54/><D133/><U47/><E125/><V26/><F26/><W122/><G45/><T64/><D64/><U112/><E112/><N who="3" m="43082" /><G55/><T100/><D100/><U90/><E4/><V1/><F1/><N who="3" m="11" /><G93/><T79/><D79/><UN n2="%E5%A4%AA%E3%81%8F%E3%81%AA%E3%81%84%E3%81%8A" /><U68/><E68/><V101/><F114/><W128/><G122/><T73/><D73/><U96/><E17/><V46/><F120/><W84/><G84/><N who="0" m="52711" /><D54/><U94/><REACH who="1" step="1"/><E37/><REACH who="1" ten="135,207,409,239" step="2"/><V102/><F19/><W8/><G128/><N who="0" m="49195" /><D5/><U60/><AGARI ba="0,1" hai="36,39,47,51,52,53,58,60,77,80,87,90,94,96" machi="60" ten="20,8000,1" yaku="1,1,0,1,7,1,52,1,54,1,53,0" doraHai="89" doraHaiUra="18" who="1" fromWho="1" sc="135,-20,207,90,409,-20,239,-40" />
</Scene>
<Scene>
<INIT seed="4,0,0,5,2,119" ten="115,297,389,199" oya="0" hai0="129,36,102,42,28,85,126,2,27,134,58,83,123" hai1="130,3,45,70,50,44,99,40,67,14,62,82,116" hai2="43,22,19,95,101,6,48,73,52,1,15,103,106" hai3="100,59,69,53,41,131,37,77,0,105,89,57,12"/><T71/><D2/><U20/><E3/><V125/><F73/><W60/><G0/><T65/><D71/><U132/><E116/><V86/><F106/><W4/><G131/><T34/><D129/><U122/><E122/><V84/><F125/><W109/><G109/><T63/><D134/><U87/><E132/><V64/><F43/><W114/><G77/><T108/><D126/><U133/><E133/><V104/><F104/><W76/><G76/><T13/><D108/><U29/><E130/><V80/><F64/><W88/><G69/><T92/><D123/><U118/><E118/><V112/><F112/><W113/><G41/><T10/><D36/><U49/><E99/><V124/><F124/><W111/><G37/><T79/><D42/><U33/><E33/><V8/><F95/><W120/><G111/><T90/><D102/><U98/><E98/><V11/><F22/><W68/><G68/><T81/><REACH who="0" step="1"/><D79/><REACH who="0" ten="105,297,389,199" step="2"/><U96/><E40/><V23/><F101/><W32/><G32/><T5/><BYE who="3" /><AGARI ba="0,1" hai="5,10,13,27,28,34,58,63,65,81,83,85,90,92" machi="5" ten="20,7800,0" yaku="1,1,2,1,0,1,7,1,53,0" doraHai="119" doraHaiUra="107" who="0" fromWho="0" sc="105,88,297,-26,389,-26,199,-26" />
</Scene>
<Scene>
<INIT seed="4,1,0,2,0,44" ten="193,271,363,173" oya="0" hai0="99,81,129,127,89,45,72,59,104,24,78,134,121" hai1="94,135,4,27,42,93,53,7,65,84,16,102,101" hai2="111,116,12,57,39,35,49,25,103,96,37,71,11" hai3="98,36,79,58,115,41,47,13,31,23,67,92,95"/><T15/><D121/><UN n3="%E3%83%8F%E3%83%94%E3%83%8A%E5%90%8D%E6%8E%9B%E4%B8%81" /><U61/><E135/><V86/><F111/><W62/><G115/><T1/><D1/><U118/><E118/><V83/><F71/><W26/><G79/><T2/><D2/><U114/><E42/><V112/><F112/><W19/><REACH who="3" step="1"/><G98/><REACH who="3" ten="193,271,363,163" step="2"/><T60/><D134/><U40/><E114/><V106/><F96/><W80/><G80/><T91/><D129/><U85/><E85/><V75/><F83/><W29/><G29/><T6/><D127/><U125/><E84/><V130/><F86/><W20/><AGARI ba="1,1" hai="13,19,20,23,26,31,36,41,47,58,62,67,92,95" machi="20" ten="20,2700,0" yaku="1,1,0,1,7,1,53,0" doraHai="44" doraHaiUra="77" who="3" fromWho="3" sc="193,-14,271,-8,363,-8,163,40" />
</Scene>
<Scene>
<INIT seed="5,0,0,5,0,122" ten="179,263,355,203" oya="1" hai0="91,92,102,5,23,103,59,26,72,20,90,15,4" hai1="78,114,64,16,27,65,69,60,120,86,87,128,45" hai2="127,93,41,134,73,10,25,3,77,62,70,50,6" hai3="85,76,95,110,13,53,12,19,52,43,82,34,108"/><U123/><E114/><V46/><F127/><W33/><G43/><T94/><D72/><U96/><E128/><V132/><F93/><W113/><G95/><T2/><D2/><U21/><E64/><N who="2" m="41239" /><F25/><W131/><G131/><T39/><D39/><U129/><E129/><V51/><F51/><W66/><G66/><T36/><D36/><U37/><E96/><V100/><F100/><W121/><G121/><T49/><D15/><U61/><E61/><V11/><F11/><W106/><G106/><T118/><D118/><U79/><E87/><V57/><F57/><W54/><G113/><T17/><D59/><U126/><E126/><V0/><F77/><W112/><G112/><T24/><D17/><U14/><E27/><V88/><F88/><W80/><G80/><T74/><D74/><U9/><E9/><V7/><F73/><W117/><G117/><T104/><D104/><U18/><E18/><V119/><F119/><W124/><G124/><T55/><REACH who="0" step="1"/><D49/><REACH who="0" ten="169,263,355,203" step="2"/><U1/><E1/><N who="2" m="335" /><F7/><W83/><G19/><T98/><D98/><U84/><E123/><V22/><F3/><W29/><G29/><T8/><D8/><U107/><E120/><V38/><F0/><W125/><G125/><T68/><D68/><U111/><E107/><V32/><F50/><W67/><G13/><T99/><D99/><U89/><E69/><V30/><F30/><W47/><G12/><T75/><D75/><U115/><E115/><V35/><F38/><W101/><G101/><T56/><D56/><U28/><E37/><V40/><F134/><W97/><G97/><T71/><D71/><RYUUKYOKU ba="0,1" sc="169,30,263,-10,355,-10,203,-10" hai0="4,5,20,23,24,26,55,90,91,92,94,102,103" />
</Scene>
<Scene>
<INIT seed="6,1,1,1,3,95" ten="199,253,345,193" oya="2" hai0="38,89,69,112,21,57,3,32,120,27,92,25,54" hai1="118,43,26,44,68,48,128,11,10,53,42,52,125" hai2="86,66,1,114,119,31,103,28,49,102,59,84,115" hai3="124,87,29,113,30,81,101,60,20,67,12,17,61"/><V85/><F1/><W133/><G133/><T126/><D69/><U135/><E68/><V122/><F122/><W34/><G124/><T88/><D38/><U100/><E118/><V39/><F39/><W94/><G113/><N who="2" m="43017" /><F119/><W5/><G34/><T8/><D112/><U78/><E125/><V121/><F121/><W131/><G5/><T2/><D126/><U7/><E135/><V35/><F35/><W76/><G131/><T33/><D120/><U16/><E128/><V19/><F19/><W123/><G123/><T77/><D77/><U58/><E78/><V104/><F66/><W37/><G37/><T71/><D71/><U109/><E109/><V36/><F36/><W111/><G111/><T70/><D70/><U15/><E100/><N who="2" m="38443" /><F104/><W47/><G47/><T79/><D3/><U99/><E99/><V56/><F49/><W91/><G101/><T45/><D33/><U117/><E117/><V127/><F127/><W73/><REACH who="3" step="1"/><G67/><REACH who="3" ten="199,253,345,183" step="2"/><T110/><D32/><U83/><E7/><V75/><F75/><W98/><G98/><T55/><D110/><U0/><E0/><V22/><F85/><W18/><G18/><T63/><D45/><U96/><E96/><V106/><F86/><W105/><G105/><T74/><D74/><U80/><E44/><V134/><F84/><W24/><G24/><T65/><D27/><U97/><E97/><V72/><F106/><W14/><G14/><T51/><D65/><U40/><E26/><N who="2" m="16471" /><F72/><W62/><AGARI ba="1,2" hai="12,17,20,29,30,60,61,62,73,76,81,87,91,94" machi="62" ten="30,2000,0" yaku="1,1,0,1,53,0" doraHai="95" doraHaiUra="129" who="3" fromWho="3" sc="199,-6,253,-6,345,-11,183,43" />
</Scene>
<Scene>
<INIT seed="7,0,0,0,3,118" ten="193,247,334,226" oya="3" hai0="18,81,84,93,79,133,90,30,123,77,3,46,76" hai1="103,12,108,26,67,125,82,120,115,51,117,24,20" hai2="66,9,89,63,126,92,72,62,39,86,65,5,16" hai3="52,7,74,58,101,6,32,129,68,71,42,44,35"/><W48/><G74/><T113/><D3/><U128/><E120/><V114/><F72/><W75/><G75/><T134/><D30/><U36/><E36/><V96/><F39/><W49/><G101/><T70/><D70/><U1/><E1/><V17/><F114/><W60/><G129/><T57/><D57/><U61/><E108/><V130/><F126/><W110/><G110/><T64/><D64/><N who="2" m="24682" /><F130/><W40/><G60/><N who="2" m="23081" /><F86/><W38/><G38/><T116/><D46/><U135/><E115/><V59/><F59/><W41/><G41/><T100/><D113/><U131/><E117/><V102/><F89/><W15/><G58/><T85/><D18/><U87/><E125/><V45/><F45/><W11/><G44/><T124/><D116/><U94/><E67/><V33/><F33/><W54/><G15/><AGARI ba="0,0" hai="5,9,15,16,17,92,96,102" m="23081,24682" machi="15" ten="30,2000,0" yaku="8,1,54,1" doraHai="118" who="2" fromWho="3" sc="193,0,247,0,334,20,226,-20" owari="193,-31.0,247,5.0,354,45.0,206,-19.0" />
</Scene>
</mjloggm>