<mjloggm ver="2.3"><GO type="169" lobby="0"/><UN n0="%6F%6E%65%73%74%61%72" n1="%E9%BA%A6%E5%AD%90%74%7A" n2="%E3%81%B4%E3%81%AE" n3="%E5%A4%AA%E3%81%8F%E3%81%AA%E3%81%84%E3%81%8A" dan="16,16,16,18" rate="2009.82,2132.64,2127.51,2180.46" sx="M,M,M,F"/><TAIKYOKU oya="0"/>

<Scene>
<INIT seed="0,0,0,0,3,111" ten="250,250,250,250" oya="0" hai0="112,3,110,76,10,12,20,9,81,92,14,28,11" hai1="55,118,37,41,54,122,59,5,116,117,135,121,60" hai2="133,91,109,86,71,63,66,125,44,70,113,2,18" hai3="128,26,131,7,119,48,101,120,32,31,64,19,102"/><T124/><D124/><U46/><E5/><V50/><F2/><W21/><G119/><T29/><D110/><U130/><E130/><N who="3" m="49706" /><G120/><T51/><D92/><U89/><E89/><V95/><F109/><W103/><G7/><T34/><D34/><U40/><E135/><V62/><F125/><W49/><G64/><T68/><D68/><U88/><E88/><V73/><F133/><W90/><G90/><T99/><D99/><U79/><E79/><V35/><F73/><W77/><G77/><T17/><D3/><U61/><E41/><V82/><F35/><W53/><G53/><T100/><D100/><U85/><E85/><V58/><F63/><W127/><G127/><T134/><D134/><U65/><REACH who="1" step="1"/><E54/><REACH who="1" ten="250,240,250,250" step="2"/><V78/><F91/><W57/><G102/><T39/><D76/><U6/><E6/><V27/><F78/><W123/><G101/><T114/><D81/><U4/><E4/><V98/><F82/><W13/><G103/><T33/><D33/><U97/><E97/><V23/><F86/><W105/><G32/><T25/><D39/><U75/><E75/><V67/><F98/><W108/><G108/><T87/><D87/><U38/><E38/><V1/><F1/><W22/><G123/><T8/><D51/><U126/><E126/><V106/><F50/><W104/><G49/><T16/><REACH who="0" step="1"/><D29/><REACH who="0" ten="240,240,250,250" step="2"/><U132/><E132/><V52/><F95/><W83/><G83/><T43/><D43/><U129/><E129/><V74/><F74/><W15/><G48/><T94/><D94/><U93/><E93/><V107/><F18/><W42/><G42/><RYUUKYOKU ba="0,2" sc="240,15,240,15,250,-15,250,-15" hai0="8,9,10,11,12,14,16,17,20,25,28,112,114" hai1="37,40,46,55,59,60,61,65,116,117,118,121,122" />
</Scene>
<Scene>
<INIT seed="0,1,2,5,2,65" ten="255,255,235,235" oya="0" hai0="43,119,92,76,10,83,109,38,51,75,115,66,32" hai1="80,63,29,5,61,2,118,68,46,134,16,54,28" hai2="102,25,20,1,78,110,40,37,55,24,69,47,35" hai3="21,0,93,133,97,56,135,128,120,79,104,3,19"/><T106/><D106/><U6/><E118/><V57/><F110/><W23/><G104/><T11/><D119/><U91/><E134/><N who="3" m="51210" /><G128/><T122/><D122/><U36/><E29/><V116/><F69/><W111/><G111/><T70/><D32/><U26/><E36/><V126/><F126/><W14/><G120/><T64/><D64/><U15/><E61/><V123/><F123/><W121/><G121/><T77/><D109/><U72/><E46/><V30/><F116/><W112/><G112/><T131/><D131/><U85/><E72/><V90/><F1/><N who="3" m="587" /><G79/><T33/><D33/><U124/><E124/><V12/><F78/><W13/><G56/><T42/><D42/><U82/><E82/><V73/><F73/><W84/><G84/><T34/><D34/><U127/><E127/><V86/><F102/><N who="3" m="60719" /><G13/><T88/><D115/><U89/><E2/><V44/><F12/><W107/><G107/><T105/><D105/><U53/><E89/><V101/><F90/><W7/><G7/><T31/><D31/><U41/><E6/><V95/><F86/><W58/><G58/><T108/><D76/><U71/><E5/><V52/><F57/><W98/><G98/><N who="0" m="57607" /><D108/><U130/><E130/><V117/><F117/><W100/><G100/><T22/><D77/><U74/><E85/><V132/><F132/><W114/><G114/><T18/><D75/><U81/><E81/><V113/><F113/><W129/><G129/><T94/><D83/><U50/><E80/><V49/><F101/><W17/><G17/><T45/><D18/><U67/><E74/><V60/><F95/><RYUUKYOKU ba="1,2" sc="255,-10,255,-10,235,-10,235,30" hai3="14,19,21,23" />
</Scene>
<Scene>
<INIT seed="1,2,2,5,5,92" ten="245,245,225,265" oya="1" hai0="25,86,29,117,54,105,36,97,27,15,42,130,78" hai1="118,4,115,10,134,65,35,79,113,64,24,32,109" hai2="1,56,84,82,95,68,49,131,5,26,71,133,13" hai3="103,104,122,41,114,106,11,87,94,76,14,69,3"/><U124/><E79/><V33/><F133/><W123/><G69/><T37/><D117/><U67/><E118/><V34/><F131/><W62/><G3/><T0/><D0/><U58/><E134/><V88/><F1/><W108/><G41/><T98/><D130/><U102/><E124/><V19/><F5/><W31/><G31/><T85/><D105/><N who="3" m="40553" /><G14/><T8/><D42/><U59/><E109/><V121/><F71/><W21/><G21/><N who="0" m="15535" /><D37/><U111/><E111/><V101/><F68/><W43/><G62/><T70/><D36/><U125/><E125/><V16/><F34/><W52/><G11/><T127/><D70/><U17/><E102/><V28/><F121/><W132/><G43/><T128/><D127/><U63/><E17/><V89/><F13/><W12/><G12/><T23/><D54/><U129/><E129/><V47/><F56/><W93/><G132/><T48/><D48/><U135/><E135/><V39/><F39/><W60/><G108/><T51/><D51/><U116/><E116/><V100/><F19/><W55/><G114/><T72/><D128/><U66/><E58/><V110/><F16/><W7/><G7/><N who="0" m="3487" /><D27/><U112/><REACH who="1" step="1"/><E24/><REACH who="1" ten="245,235,225,265" step="2"/><V99/><F110/><W90/><G123/><T38/><D78/><U9/><E9/><V96/><F26/><W50/><G122/><T81/><D72/><U20/><E20/><V6/><F33/><W61/><G76/><N who="0" m="46247" /><D23/><U91/><E91/><V107/><F89/><W120/><G120/><T74/><D74/><U22/><E22/><V46/><F88/><W119/><G119/><T83/><D38/><RYUUKYOKU ba="2,3" sc="245,15,235,15,225,-15,265,-15" hai0="83,86,97,98" hai1="4,10,32,35,59,63,64,65,66,67,112,113,115" />
</Scene>
<Scene>
<INIT seed="1,3,3,3,1,37" ten="260,250,210,250" oya="1" hai0="27,125,87,28,100,97,18,10,130,102,12,124,118" hai1="0,59,85,14,99,31,109,90,44,52,105,68,38" hai2="33,70,17,133,26,80,92,65,126,61,121,96,71" hai3="123,114,67,127,40,69,89,13,104,115,75,48,119"/><U49/><E0/><V3/><F121/><W107/><G75/><T53/><D118/><U132/><E132/><V47/><F133/><W16/><G123/><T91/><D130/><U84/><E68/><V9/><F126/><N who="0" m="48746" /><D53/><U7/><E31/><V135/><F135/><W134/><G134/><T113/><D97/><U11/><E109/><V58/><F80/><W77/><G77/><T54/><D54/><U36/><E85/><V24/><F24/><W43/><G127/><T20/><D113/><U83/><REACH who="1" step="1"/><E59/><REACH who="1" ten="260,240,210,250" step="2"/><V122/><F58/><W129/><G69/><T110/><D110/><U98/><E98/><V95/><F96/><W108/><G108/><T56/><D56/><U73/><E73/><V46/><F70/><W82/><G115/><T66/><D66/><U21/><E21/><V29/><F65/><W19/><G114/><T42/><D28/><U131/><E131/><V111/><F29/><W128/><G129/><T116/><D116/><U32/><E32/><V50/><F33/><W120/><G128/><T103/><D20/><U23/><E23/><V79/><F71/><W45/><G67/><T62/><D27/><U78/><E78/><V117/><F26/><W101/><G119/><T39/><D62/><U60/><E60/><V106/><F117/><W112/><G112/><T88/><D87/><U63/><E63/><V94/><F111/><W35/><G35/><T64/><D64/><U1/><E1/><V74/><F79/><W30/><G30/><T86/><D86/><U34/><E34/><V25/><F61/><W15/><G120/><T93/><D93/><RYUUKYOKU ba="3,4" sc="260,15,240,15,210,-15,250,-15" hai0="10,12,18,39,42,88,91,100,102,103" hai1="7,11,14,36,38,44,49,52,83,84,90,99,105" />
</Scene>
<Scene>
<INIT seed="1,4,4,0,2,76" ten="275,255,195,235" oya="1" hai0="80,55,14,62,12,69,133,126,113,85,13,100,49" hai1="93,57,73,111,83,48,38,0,101,33,129,107,9" hai2="42,79,43,110,2,44,106,28,29,40,115,68,108" hai3="25,81,75,65,52,132,122,60,4,120,117,82,11"/><U20/><E33/><V105/><F115/><W90/><G132/><T84/><D113/><U89/><E38/><V36/><F68/><W71/><G117/><T23/><D133/><U99/><E129/><V10/><F79/><W118/><G118/><T26/><D126/><U103/><E0/><V98/><F36/><W131/><G131/><T109/><D109/><N who="2" m="42090" /><F44/><W21/><G75/><T95/><D69/><U135/><E111/><V30/><F98/><W37/><G37/><T22/><D62/><U17/><E9/><V51/><F51/><W5/><G52/><T114/><D114/><U87/><E135/><V64/><F64/><W41/><G41/><T97/><D26/><U3/><E3/><V70/><F70/><W74/><G74/><T119/><D119/><U72/><E101/><V91/><F91/><W47/><G47/><N who="0" m="28095" /><D85/><U8/><E8/><V35/><F35/><W94/><G122/><T18/><D18/><U116/><E116/><V16/><F16/><W92/><G120/><T24/><D24/><U102/><E102/><V96/><F96/><W128/><G128/><T88/><AGARI ba="4,4" hai="12,13,14,22,23,80,84,88,95,97,100" m="28095" machi="88" ten="30,4000,0" yaku="8,1,52,1,54,1" doraHai="76" who="0" fromWho="0" sc="275,92,255,-24,195,-14,235,-14" />
</Scene>
<Scene>
<INIT seed="2,0,0,1,1,78" ten="367,231,181,221" oya="2" hai0="8,121,113,19,48,64,0,118,131,32,90,114,42" hai1="122,5,119,17,130,46,7,16,45,28,95,41,93" hai2="110,61,89,22,67,99,50,39,25,79,115,18,57" hai3="21,23,104,33,84,82,81,60,77,96,76,129,40"/><V49/><F115/><W6/><G33/><T101/><D101/><U65/><E119/><V63/><F39/><W10/><G129/><T127/><D64/><U12/><E65/><V43/><F43/><W108/><G108/><T9/><D90/><U133/><E130/><V44/><F44/><N who="1" m="17001" /><E41/><V27/><F110/><W91/><G40/><T112/><D48/><U132/><E28/><V66/><F79/><W52/><G104/><T75/><D42/><U35/><E35/><V83/><F27/><W47/><G96/><T24/><D75/><U109/><E109/><V128/><F128/><W116/><G116/><T30/><D131/><U58/><E58/><V62/><F62/><W72/><G91/><T135/><D118/><U74/><E74/><V97/><F97/><W98/><G98/><T3/><D135/><N who="1" m="51787" /><E12/><V34/><F34/><W73/><G84/><T105/><D3/><U14/><E14/><V102/><F89/><W71/><G71/><T103/><D113/><U87/><E87/><V4/><F4/><N who="1" m="1609" /><E122/><V69/><REACH who="2" step="1"/><F83/><REACH who="2" ten="367,231,171,221" step="2"/><W120/><G120/><T80/><D121/><U20/><E20/><V37/><F37/><W126/><G60/><T111/><D80/><U38/><E38/><V1/><F1/><W13/><G23/><T106/><D0/><U53/><E53/><V134/><F134/><W36/><G21/><T59/><D114/><U15/><E15/><V68/><F68/><W85/><G36/><T92/><D112/><U124/><E124/><V31/><F31/><W54/><G126/><T29/><D127/><U125/><E125/><V11/><F11/><RYUUKYOKU ba="0,1" sc="367,-15,231,15,171,15,221,-15" hai1="16,17,93,95" hai2="18,22,25,49,50,57,61,63,66,67,69,99,102" />
</Scene>
<Scene>
<INIT seed="2,1,1,3,2,78" ten="352,246,186,206" oya="2" hai0="18,29,111,89,126,9,116,84,21,16,69,114,85" hai1="90,117,104,94,88,112,73,98,40,102,68,38,4" hai2="25,28,133,77,27,123,41,55,64,120,65,24,62" hai3="113,96,53,30,81,26,135,129,50,1,108,74,54"/><V83/><F133/><W13/><G1/><T22/><D114/><U59/><E68/><V52/><F28/><W42/><G135/><T80/><D111/><U58/><E112/><V75/><F41/><W47/><G113/><T82/><D69/><U60/><E117/><V70/><REACH who="2" step="1"/><F65/><REACH who="2" ten="352,246,176,206" step="2"/><W8/><G42/><T56/><D116/><U33/><E40/><V91/><F91/><W125/><G30/><T20/><D29/><U95/><E33/><V49/><F49/><W10/><G50/><T3/><D126/><U2/><E38/><V67/><F67/><W101/><G125/><T45/><D45/><U131/><E90/><V100/><F100/><W72/><G101/><T32/><D32/><U87/><E104/><V97/><F97/><W76/><G96/><T7/><REACH who="0" step="1"/><D56/><REACH who="0" ten="342,246,176,206" step="2"/><U115/><E59/><V48/><F48/><W0/><G47/><T46/><D46/><U122/><E58/><V79/><F79/><AGARI ba="1,3" hai="3,7,9,16,18,20,21,22,79,80,82,84,85,89" machi="79" ten="40,8000,1" yaku="1,1,52,2,54,1,53,0" doraHai="78" doraHaiUra="93" who="0" fromWho="2" sc="342,113,246,0,176,-83,206,0" />
</Scene>
<Scene>
<INIT seed="3,0,0,4,1,122" ten="455,246,93,206" oya="3" hai0="121,74,27,125,91,54,6,103,55,109,96,135,124" hai1="76,89,13,8,66,47,80,0,100,69,45,57,22" hai2="129,77,116,93,41,94,62,92,7,28,87,133,23" hai3="56,85,88,99,61,83,16,64,134,9,107,29,25"/><W59/><G134/><T79/><D121/><U32/><E69/><V44/><F133/><W90/><G59/><T60/><D6/><U15/><E32/><V19/><F129/><W82/><G107/><T73/><D27/><U97/><E0/><V5/><F116/><W10/><G16/><T95/><D60/><U52/><E66/><V36/><F28/><W17/><G17/><T3/><D3/><U11/><E22/><V21/><F62/><W78/><G99/><N who="0" m="57855" /><D54/><U127/><E127/><N who="0" m="48713" /><D55/><U14/><E89/><V81/><REACH who="2" step="1"/><F23/><REACH who="2" ten="455,246,83,206" step="2"/><W111/><G29/><T120/><D135/><U46/><E11/><V20/><F20/><W117/><G117/><T118/><D120/><U51/><E8/><V2/><F2/><W53/><G10/><T75/><D118/><U119/><E119/><V132/><F132/><W49/><G9/><T39/><D39/><U110/><E15/><AGARI ba="0,1" hai="5,7,15,19,21,36,41,44,77,81,87,92,93,94" machi="15" ten="40,1300,0" yaku="1,1,53,0" doraHai="122" doraHaiUra="84" who="2" fromWho="1" sc="455,0,246,-13,83,23,206,0" />
</Scene>
<Scene>
<INIT seed="4,0,0,3,2,13" ten="455,233,106,206" oya="0" hai0="37,88,118,22,123,43,82,62,102,51,91,70,30" hai1="86,125,53,57,25,133,84,120,99,98,80,48,95" hai2="107,100,26,20,63,109,44,87,42,81,29,52,59" hai3="131,35,27,21,17,56,108,115,34,74,67,50,6"/><T110/><D123/><U73/><E120/><V3/><F109/><W66/><G108/><T58/><D118/><U113/><E133/><V75/><F3/><W69/><G74/><T94/><D37/><U104/><E125/><V47/><F75/><W117/><G117/><T60/><D110/><U68/><E68/><V101/><F107/><W97/><G115/><T124/><D124/><U111/><E111/><V135/><F135/><W121/><G121/><T64/><D102/><U92/><E104/><V8/><F8/><W33/><G131/><T127/><D82/><U45/><E73/><V93/><F93/><N who="1" m="35913" /><E84/><V2/><F2/><W32/><G97/><T65/><D94/><U71/><E71/><V72/><F72/><W0/><G69/><T38/><D38/><U5/><E5/><V12/><F12/><W11/><N who="3" m="8192" /><DORA hai="112" /><W128/><REACH who="3" step="1"/><G128/><REACH who="3" ten="455,233,106,196" step="2"/><T39/><D70/><U134/><E113/><V130/><F130/><W83/><G83/><T41/><D127/><U106/><E106/><V105/><F105/><W61/><G61/><T9/><D62/><N who="1" m="36143" /><E134/><V23/><F23/><W24/><G24/><T54/><D22/><U28/><E80/><V132/><F132/><W90/><G90/><T19/><D88/><U49/><E86/><V77/><REACH who="2" step="1"/><F47/><REACH who="2" ten="455,233,96,196" step="2"/><W96/><G96/><T4/><D9/><U55/><E98/><V119/><F119/><W7/><G7/><T46/><D4/><U40/><E99/><V78/><F78/><W10/><G10/><T14/><D14/><U76/><E76/><V103/><F103/><W129/><G129/><T31/><D91/><RYUUKYOKU ba="0,2" sc="455,-15,233,-15,96,15,196,15" hai2="20,26,29,42,44,52,59,63,77,81,87,100,101" hai3="0,6,11,17,21,27,50,56,66,67" />
</Scene>
<Scene>
<INIT seed="5,1,2,1,3,99" ten="440,218,111,211" oya="1" hai0="112,110,92,100,129,42,51,26,56,125,111,76,48" hai1="34,41,78,68,93,133,49,29,32,8,59,28,61" hai2="60,21,73,127,94,113,131,80,128,134,50,114,38" hai3="53,88,83,71,82,36,108,37,31,120,98,15,62"/><U75/><E68/><V24/><F38/><W91/><G108/><T40/><D76/><U44/><E133/><V77/><F134/><W46/><G120/><T109/><D26/><U122/><E122/><V97/><F60/><W72/><G31/><T65/><D100/><U1/><E29/><V132/><F132/><W39/><G15/><T14/><D14/><U6/><E28/><V64/><F64/><W79/><G82/><T20/><D92/><U57/><E93/><V90/><F50/><N who="0" m="18986" /><D20/><U124/><E124/><V135/><F135/><W86/><G46/><T67/><D129/><N who="2" m="49738" /><F21/><W47/><G47/><T27/><D27/><U107/><E107/><V87/><F24/><W126/><G126/><T7/><D7/><U85/><E75/><V0/><F0/><W12/><G12/><T5/><D112/><N who="2" m="43114" /><F127/><W74/><G71/><T95/><D5/><U55/><REACH who="1" step="1"/><E59/><REACH who="1" ten="440,208,111,211" step="2"/><V16/><F16/><W25/><G74/><AGARI ba="1,3" hai="73,74,77,80,87,90,94,97" m="43114,49738" machi="74" ten="30,8000,1" yaku="19,1,15,1,11,1,34,2" doraHai="99" who="2" fromWho="3" sc="440,0,208,0,111,113,211,-83" />
</Scene>
<Scene>
<INIT seed="6,0,0,3,3,68" ten="440,208,224,128" oya="2" hai0="111,31,81,122,130,38,91,20,67,104,72,36,132" hai1="4,82,133,113,93,120,14,102,12,100,79,37,112" hai2="49,58,115,23,24,28,40,121,124,135,6,54,129" hai3="65,126,89,42,59,77,98,44,30,33,125,76,43"/><V106/><F121/><W117/><G117/><T86/><D104/><U10/><E120/><V7/><F106/><W3/><G3/><T92/><D122/><U107/><E107/><V134/><F115/><N who="1" m="44105" /><E133/><N who="2" m="50699" /><F129/><W19/><G19/><T41/><D41/><U17/><E93/><V55/><F124/><W87/><G98/><T99/><D72/><N who="1" m="43367" /><E37/><V73/><F73/><W109/><G109/><T39/><D111/><U128/><E128/><V64/><F64/><W110/><G110/><T62/><D130/><U101/><E17/><V18/><F40/><W60/><G30/><T96/><D132/><U105/><E105/><V53/><F18/><W88/><G33/><T46/><D46/><U78/><E78/><V118/><F118/><W69/><G43/><T45/><D45/><U70/><E70/><V85/><F85/><W83/><G69/><T57/><REACH who="0" step="1"/><D81/><REACH who="0" ten="430,208,224,128" step="2"/><U5/><E5/><AGARI ba="0,1" hai="5,6,7,23,24,28,49,53,54,55,58" m="50699" machi="5" ten="30,1500,0" yaku="20,1" doraHai="68" who="2" fromWho="1" sc="430,0,208,-15,224,25,128,0" />
</Scene>
<Scene>
<INIT seed="6,1,0,5,0,70" ten="430,193,249,128" oya="2" hai0="51,45,71,133,99,96,130,6,65,38,13,43,56" hai1="88,117,35,1,101,14,122,42,126,47,111,69,21" hai2="29,7,17,134,20,36,105,77,92,132,82,79,39" hai3="0,44,110,11,19,107,124,58,100,113,23,30,84"/><V90/><F105/><W78/><G110/><T116/><D116/><U106/><E117/><V85/><F29/><W121/><G121/><T108/><D108/><U2/><E111/><V63/><F7/><W33/><G107/><T87/><D87/><U91/><E122/><V109/><F109/><W22/><G100/><T26/><D26/><U4/><E69/><V66/><F77/><W127/><G58/><T18/><D6/><U27/><E35/><V57/><F134/><W81/><G44/><T48/><D48/><U37/><E126/><N who="3" m="48170" /><G84/><T41/><D41/><U10/><E2/><V31/><F31/><W3/><G81/><T24/><D24/><U59/><E59/><V28/><F28/><W125/><G78/><T54/><D130/><U115/><E1/><N who="3" m="586" /><G125/><T8/><D133/><U119/><E119/><V53/><F132/><W83/><G83/><T129/><D129/><U62/><E62/><AGARI ba="1,0" hai="8,13,18,38,43,45,51,54,56,62,65,71,96,99" machi="62" ten="40,5200,0" yaku="24,2,52,1" doraHai="70" who="0" fromWho="1" sc="430,55,193,-55,249,0,128,0" />
</Scene>
<Scene>
<INIT seed="7,0,0,3,4,53" ten="485,138,249,128" oya="3" hai0="56,23,69,12,59,2,112,65,79,99,80,122,105" hai1="36,7,30,26,104,135,132,6,41,87,67,21,15" hai2="10,71,106,62,48,28,118,61,52,131,54,50,113" hai3="121,18,115,110,101,100,25,96,0,107,78,116,97"/><W81/><G0/><T58/><D2/><U77/><E104/><V109/><F106/><W13/><G121/><T125/><D122/><U38/><E67/><V114/><F118/><W124/><G116/><T86/><D125/><U70/><E70/><V5/><F109/><W94/><G124/><T89/><D112/><N who="2" m="43114" /><F131/><W43/><G115/><T68/><D65/><U126/><E126/><V1/><F28/><W83/><G110/><T63/><D63/><N who="2" m="24074" /><F71/><W60/><G43/><T91/><D91/><U14/><E41/><V17/><F17/><W39/><G39/><T134/><D134/><U73/><E73/><V24/><F24/><W92/><G25/><T27/><D12/><U108/><E36/><V120/><F120/><W93/><G60/><T88/><D89/><U74/><E15/><V42/><F50/><W33/><G33/><T130/><D130/><U44/><E74/><V102/><F102/><W76/><G18/><T16/><REACH who="0" step="1"/><D79/><REACH who="0" ten="475,138,249,128" step="2"/><N who="3" m="30249" /><G13/><T90/><D90/><U45/><E14/><V111/><F111/><W40/><G40/><T51/><D51/><U123/><E108/><V29/><F29/><W103/><G107/><T119/><D119/><U57/><E38/><V55/><F42/><W4/><G4/><T3/><D3/><U117/><E7/><V82/><F82/><AGARI ba="0,1" hai="81,82,83,92,93,94,96,97,100,101,103" m="30249" machi="82" ten="40,24000,3" yaku="28,2,8,1,35,5" doraHai="53" who="3" fromWho="2" sc="475,0,138,0,249,-240,128,250" />
</Scene>
<Scene>
<INIT seed="7,1,0,3,4,132" ten="475,138,9,378" oya="3" hai0="126,107,0,106,9,88,52,121,16,20,93,8,22" hai1="11,116,44,131,85,1,4,82,26,102,54,100,123" hai2="90,64,21,12,81,40,115,78,72,124,41,111,104" hai3="17,43,109,83,50,63,2,130,70,122,23,55,118"/><W59/><G122/><T128/><D121/><U125/><E123/><V108/><F64/><W75/><G118/><T79/><D79/><U62/><E116/><V47/><F12/><W29/><G2/><T57/><D126/><U74/><E100/><V68/><F21/><W65/><G130/><T33/><D33/><U30/><E102/><V49/><F68/><W67/><G109/><T61/><D128/><U27/><E74/><V31/><F31/><W76/><G29/><T28/><D28/><U66/><E125/><V51/><F104/><W92/><G92/><T71/><D71/><U86/><E86/><V101/><F101/><W19/><G67/><T87/><D22/><U35/><E27/><V60/><F60/><W103/><G103/><T32/><D32/><U98/><E98/><V3/><F3/><W120/><G120/><T134/><D134/><U97/><E97/><V38/><F115/><W13/><G23/><T99/><D87/><U129/><E54/><V56/><F90/><W58/><G58/><T18/><D18/><U114/><E44/><N who="2" m="25735" /><F124/><W112/><G112/><T14/><REACH who="0" step="1"/><D0/><REACH who="0" ten="465,138,9,378" step="2"/><U113/><E129/><V15/><F15/><W46/><REACH who="3" step="1"/><G13/><REACH who="3" ten="465,138,9,368" step="2"/><T84/><D84/><U77/><E131/><V127/><F127/><W105/><G105/><AGARI ba="1,2" hai="8,9,14,16,20,52,57,61,88,93,99,105,106,107" machi="105" ten="40,8000,1" yaku="1,1,54,3,53,0" doraHai="132" doraHaiUra="73" who="0" fromWho="3" sc="465,103,138,0,9,0,368,-83" owari="568,66.0,138,-26.0,9,-49.0,285,9.0" />
</Scene>
</mjloggm>