<mjloggm ver="2.3"><GO type="169"/><UN n0="%E6%98%8E%E5%AE%98" n1="%E3%81%93%E3%81%BE%E3%81%A3%E3%81%95%E3%82%93" n2="%E3%81%8A%EF%BC%81%E3%81%AA%E3%81%AB%EF%BD%9E%EF%BC%9F" n3="%E5%A4%AA%E3%81%8F%E3%81%AA%E3%81%84%E3%81%8A" dan="16,16,16,18" rate="2008,2127,2113,2142" sx="M,M,M,M"/><TAIKYOKU oya="0"/>

<Scene>
<INIT seed="0,0,0,4,1,14" ten="250,250,250,250" oya="0" hai0="62,124,6,21,19,46,110,56,1,92,53,94,40" hai1="57,58,5,93,90,84,122,44,121,68,26,50,74" hai2="106,27,11,75,80,71,22,132,88,118,133,64,63" hai3="100,52,7,59,55,129,10,8,76,102,115,131,65"/><T61/><D124/><U51/><E68/><V60/><F106/><W128/><G115/><T77/><D1/><U13/><E74/><V37/><F37/><W103/><G76/><T25/><D77/><U2/><E2/><V73/><F60/><N who="3" m="38047" /><G10/><T117/><D6/><U113/><E113/><V32/><F32/><W70/><G70/><T54/><D117/><U72/><E72/><V18/><F118/><W112/><G112/><T36/><D110/><U99/><E51/><V35/><F35/><W66/><G66/><T105/><D105/><U127/><E127/><V101/><F11/><W82/><G82/><T78/><D78/><U104/><E122/><V79/><F101/><N who="3" m="25859" /><W33/><DORA hai="111" /><G33/><T108/><D108/><U86/><E121/><V67/><F67/><W116/><G116/><T24/><D62/><U38/><E104/><V29/><F75/><W15/><AGARI ba="0,0" hai="7,8,15,52,55,128,129,131" m="25859,38047" machi="15" ten="40,2700,0" yaku="19,1,54,1" doraHai="14,111" who="3" fromWho="3" sc="250,-13,250,-7,250,-7,250,27" />
</Scene>
<Scene>
<INIT seed="1,0,0,1,2,14" ten="237,243,243,277" oya="1" hai0="100,36,125,120,57,54,61,82,99,123,109,102,116" hai1="80,101,85,7,10,43,77,122,11,93,128,63,92" hai2="133,84,118,1,107,70,17,75,19,53,5,23,21" hai3="47,44,96,111,106,55,88,132,58,8,12,68,62"/><U39/><E122/><V108/><F75/><W60/><G111/><T48/><D36/><U40/><E128/><V87/><F107/><W37/><G132/><T73/><D116/><U38/><E10/><V64/><F118/><W121/><G121/><N who="0" m="46667" /><D102/><U89/><E93/><V42/><F42/><W94/><G106/><N who="0" m="63775" /><D125/><U112/><E101/><V35/><F35/><W13/><G37/><T115/><D115/><U59/><E112/><V46/><F108/><W110/><G110/><T32/><D109/><U30/><E39/><V29/><F29/><W9/><G68/><T76/><D32/><U71/><E30/><V26/><F133/><W50/><G47/><T27/><D27/><U114/><E71/><V52/><F46/><W81/><G81/><T113/><D113/><U130/><E114/><V56/><F70/><W65/><G60/><AGARI ba="0,0" hai="48,54,57,60,61,73,76,82" m="63775,46667" machi="60" ten="30,1000,0" yaku="13,1" doraHai="14" who="0" fromWho="3" sc="237,10,243,0,243,0,277,-10" />
</Scene>
<Scene>
<INIT seed="2,0,0,0,2,118" ten="247,243,243,267" oya="2" hai0="90,78,55,6,84,28,5,105,42,4,112,22,93" hai1="117,133,54,35,111,130,16,120,70,13,20,31,49" hai2="61,48,46,98,86,59,121,81,27,114,41,12,75" hai3="83,2,88,94,104,47,37,76,122,24,64,109,15"/><V91/><F114/><W39/><G2/><T3/><D112/><U131/><E70/><V101/><F75/><W0/><G0/><T66/><D105/><U21/><E117/><V36/><F27/><W129/><G104/><T18/><D66/><U67/><E67/><V73/><F73/><W57/><G109/><T126/><D42/><U113/><E113/><V110/><F110/><W68/><G68/><T99/><D3/><U87/><E35/><V100/><F12/><W102/><G102/><T8/><D126/><U25/><E111/><V89/><F36/><W17/><G129/><N who="1" m="49162" /><E87/><V92/><REACH who="2" step="1"/><F121/><REACH who="2" ten="247,243,233,267" step="2"/><W63/><G24/><T14/><D28/><U19/><E120/><V80/><F80/><W26/><G26/><T123/><D123/><U107/><E25/><V82/><F82/><W125/><G122/><T65/><D65/><AGARI ba="0,1" hai="41,46,48,59,61,65,81,86,89,91,92,98,100,101" machi="65" ten="30,5800,0" yaku="1,1,7,1,8,1,53,0" doraHai="118" doraHaiUra="34" who="2" fromWho="0" sc="247,-58,243,0,233,68,267,0" />
</Scene>
<Scene>
<INIT seed="2,1,0,5,3,128" ten="189,243,301,267" oya="2" hai0="38,52,91,119,135,85,11,13,81,16,10,50,30" hai1="15,18,36,45,99,114,117,124,17,87,113,112,73" hai2="69,97,21,122,93,72,49,59,89,62,102,100,95" hai3="3,74,78,42,132,130,6,115,60,127,133,23,27"/><V56/><F122/><W5/><G130/><T43/><D119/><U67/><E73/><V61/><F72/><W22/><G42/><T80/><D38/><U86/><E117/><V54/><F69/><W88/><G127/><T55/><D30/><U98/><E124/><V65/><F49/><W41/><G41/><T92/><D135/><N who="3" m="51785" /><G115/><T40/><D55/><U71/><E45/><V25/><F93/><W2/><G74/><T109/><D109/><U126/><E126/><V66/><REACH who="2" step="1"/><F54/><REACH who="2" ten="189,243,291,267" step="2"/><W104/><G104/><T121/><D121/><U77/><E114/><V70/><F70/><W96/><G60/><T123/><D123/><U51/><E113/><V131/><F131/><W1/><G78/><T53/><D53/><U31/><E77/><V57/><F57/><W20/><G27/><T79/><D40/><U116/><E71/><V14/><F14/><W75/><G75/><T26/><D26/><U48/><E15/><V29/><AGARI ba="1,1" hai="21,25,29,56,59,61,62,65,66,89,95,97,100,102" machi="29" ten="20,12000,1" yaku="1,1,0,1,7,1,9,1,8,1,53,0" doraHai="128" doraHaiUra="37" who="2" fromWho="2" sc="189,-41,243,-41,291,133,267,-41" />
</Scene>
<Scene>
<INIT seed="2,2,0,1,4,132" ten="148,202,424,226" oya="2" hai0="107,91,38,58,21,17,7,96,87,97,118,121,115" hai1="68,5,125,20,3,35,103,15,59,11,9,8,108" hai2="94,128,63,130,62,44,113,126,82,61,6,77,79" hai3="104,73,14,57,48,30,43,0,1,52,131,119,75"/><V110/><F126/><W31/><G119/><T124/><D38/><U45/><E68/><V13/><F113/><W10/><G104/><T112/><D121/><U2/><E103/><V37/><F110/><W98/><G131/><N who="2" m="50217" /><F94/><W135/><G135/><T129/><D7/><U56/><E45/><V54/><F37/><W46/><G98/><T47/><D47/><U39/><E39/><V22/><F82/><W41/><G0/><T76/><D118/><U50/><E108/><V26/><F44/><W29/><G1/><T19/><D107/><U27/><E56/><V65/><F54/><W12/><G12/><T101/><D58/><U114/><E59/><V83/><F65/><W66/><G66/><T78/><D101/><U117/><E50/><V86/><F13/><W120/><G120/><T49/><D49/><U40/><E117/><V72/><F6/><W28/><N who="3" m="7168" /><DORA hai="88" /><W23/><G23/><T42/><D21/><U36/><E20/><V69/><F69/><W74/><REACH who="3" step="1"/><G46/><REACH who="3" ten="148,202,424,216" step="2"/><T111/><D129/><U99/><E2/><V95/><F22/><W32/><G32/><T100/><D111/><U133/><E35/><V93/><F26/><W127/><G127/><T34/><D124/><U116/><E27/><V134/><F134/><W92/><G92/><T33/><D34/><U109/><E133/><V102/><F93/><W67/><G67/><T71/><D33/><U106/><E125/><V89/><F102/><W90/><G90/><T4/><D91/><U80/><E116/><V81/><F95/><W70/><G70/><T53/><D100/><U85/><E106/><RYUUKYOKU ba="2,1" sc="148,-15,202,-15,424,15,216,15" hai2="61,62,63,72,77,79,81,83,86,89" hai3="10,14,41,43,48,52,57,73,74,75" />
</Scene>
<Scene>
<INIT seed="2,3,1,0,5,126" ten="133,187,439,231" oya="2" hai0="77,127,58,83,51,48,54,75,82,32,16,9,56" hai1="119,10,26,8,134,25,17,94,18,38,47,69,112" hai2="29,130,113,99,92,100,70,14,76,114,22,7,67" hai3="103,84,118,24,3,45,80,87,39,53,33,98,104"/><V123/><F130/><W97/><G118/><T36/><D127/><U121/><E69/><V6/><F123/><W107/><G3/><T60/><D32/><U34/><E94/><V62/><F76/><W1/><G1/><T129/><D36/><U102/><E102/><V28/><F7/><W105/><G97/><T41/><D41/><U96/><E96/><V2/><F2/><W133/><G133/><T85/><D129/><U74/><E74/><V120/><F120/><W42/><G53/><T95/><D95/><U15/><E47/><V61/><F61/><W11/><G11/><T71/><D71/><U116/><E38/><V78/><F78/><W101/><G101/><T31/><D31/><U35/><E121/><V27/><F29/><W64/><G64/><T86/><D82/><U50/><E50/><V108/><F108/><W37/><G37/><T12/><REACH who="0" step="1"/><D51/><REACH who="0" ten="123,187,439,231" step="2"/><U55/><E55/><AGARI ba="3,2" hai="9,12,16,48,54,55,56,58,60,75,77,83,85,86" machi="55" ten="30,8000,1" yaku="1,1,2,1,7,1,54,1,53,1" doraHai="126" doraHaiUra="72" who="0" fromWho="1" sc="123,109,187,-89,439,0,231,0" />
</Scene>
<Scene>
<INIT seed="3,0,0,2,0,61" ten="232,98,439,231" oya="3" hai0="41,124,89,80,99,123,119,58,135,22,101,91,118" hai1="30,107,114,100,49,82,59,1,57,24,128,25,129" hai2="43,50,17,34,29,5,33,95,85,3,79,12,0" hai3="108,11,44,116,110,106,52,40,21,46,113,109,48"/><W15/><G106/><T134/><D41/><U36/><E36/><V47/><F34/><W31/><G116/><T63/><D123/><U45/><E1/><V19/><F33/><W4/><G113/><T72/><D22/><U60/><E114/><V98/><F29/><W64/><G64/><T73/><D63/><U94/><E107/><V77/><F3/><W122/><G122/><T10/><D10/><U53/><E59/><V8/><F0/><W76/><G76/><N who="2" m="29257" /><F85/><W102/><G102/><AGARI ba="0,0" hai="5,8,12,17,19,43,47,50,95,98,102" m="29257" machi="102" ten="30,1000,0" yaku="8,1" doraHai="61" who="2" fromWho="3" sc="232,0,98,0,439,10,231,-10" />
</Scene>
<Scene>
<INIT seed="4,0,0,1,4,33" ten="232,98,449,221" oya="0" hai0="4,16,119,113,94,72,121,132,28,110,63,126,26" hai1="108,25,14,15,111,27,73,122,10,11,46,5,62" hai2="125,68,128,100,9,82,99,54,71,47,52,77,57" hai3="56,114,85,120,98,107,65,6,102,66,104,44,51"/><T131/><D72/><U124/><E73/><V32/><F32/><W0/><G114/><T2/><D121/><U22/><E46/><V96/><F125/><W31/><G120/><T106/><D106/><U40/><E40/><V78/><F128/><W67/><G31/><T12/><D94/><U75/><E75/><V88/><F47/><W13/><G85/><T39/><D39/><U89/><E62/><V36/><F36/><W101/><G13/><T64/><D113/><U20/><E89/><V123/><F123/><W115/><G115/><T103/><D103/><U90/><E90/><V105/><F54/><W59/><G6/><T127/><D110/><U79/><E79/><V8/><F71/><W60/><G56/><T69/><D131/><U35/><E122/><V21/><F68/><W43/><REACH who="3" step="1"/><G0/><REACH who="3" ten="232,98,449,211" step="2"/><T23/><D132/><U55/><E5/><V97/><F57/><W134/><G134/><T129/><D129/><U116/><E35/><V117/><F117/><W91/><G91/><T81/><D119/><U135/><E116/><V61/><F88/><W45/><G45/><T29/><D81/><U92/><E135/><V24/><F82/><W87/><G87/><T7/><D29/><U133/><E133/><V3/><F3/><W84/><G84/><T19/><D28/><U58/><E58/><N who="2" m="35015" /><F77/><W48/><G48/><T80/><D80/><U41/><E111/><V86/><F86/><W18/><G18/><T37/><D37/><U70/><E108/><V83/><F83/><W95/><G95/><T76/><D76/><U42/><E92/><V109/><F78/><RYUUKYOKU ba="0,1" sc="232,-10,98,-10,449,-10,211,30" hai3="43,44,51,59,60,65,66,67,98,101,102,104,107" />
</Scene>
<Scene>
<INIT seed="5,1,1,5,0,86" ten="222,88,439,241" oya="1" hai0="43,1,24,114,132,60,117,108,128,107,32,72,124" hai1="116,48,40,105,3,13,58,23,37,28,79,62,87" hai2="88,26,14,0,130,61,42,4,81,84,52,100,19" hai3="22,102,57,135,38,15,47,56,109,31,29,49,133"/><U123/><E3/><V78/><F130/><W129/><G109/><T36/><D43/><U10/><E105/><V20/><F42/><N who="3" m="24823" /><G38/><T73/><D24/><U54/><E116/><V53/><F100/><W96/><G129/><T82/><D60/><U16/><E123/><V9/><F61/><W80/><G80/><T103/><D103/><U25/><E37/><V65/><F65/><W64/><G15/><T113/><D82/><U104/><E104/><V74/><F0/><W8/><G8/><T12/><D12/><U11/><E79/><V67/><F67/><W27/><G31/><T97/><D97/><U83/><E40/><V18/><F4/><W85/><G85/><T106/><D72/><U121/><E121/><V119/><F119/><W70/><G70/><T7/><D7/><U77/><REACH who="1" step="1"/><E62/><REACH who="1" ten="222,78,439,241" step="2"/><V76/><F78/><W45/><G135/><T75/><D106/><U50/><E50/><V112/><F112/><W98/><G133/><T134/><D113/><U90/><E90/><V30/><F76/><W59/><G102/><T2/><D134/><U131/><E131/><V21/><F74/><W125/><G64/><T69/><D1/><U33/><AGARI ba="1,2" hai="10,11,13,16,23,25,28,33,48,54,58,77,83,87" machi="33" ten="20,7800,0" yaku="1,1,0,1,7,1,54,1,53,0" doraHai="86" doraHaiUra="35" who="1" fromWho="1" sc="222,-27,78,101,439,-27,241,-27" />
</Scene>
<Scene>
<INIT seed="5,2,0,3,1,13" ten="195,179,412,214" oya="1" hai0="7,89,85,9,14,122,99,96,17,129,25,101,109" hai1="98,69,75,128,111,118,28,87,126,102,62,26,51" hai2="61,70,53,134,1,45,127,43,121,4,33,54,56" hai3="42,115,100,107,16,52,123,50,112,81,34,71,3"/><U73/><E118/><V86/><F121/><W60/><G123/><T27/><D109/><U32/><E111/><V24/><F70/><W65/><G3/><T95/><D129/><U133/><E128/><V2/><F127/><W12/><G34/><T108/><D108/><U91/><E51/><V92/><F54/><W36/><G81/><T116/><D116/><U125/><E133/><V103/><F4/><W0/><G0/><T35/><D122/><U23/><E32/><V47/><F47/><N who="3" m="24007" /><G100/><T63/><D35/><U114/><E114/><V113/><F113/><W30/><G30/><T39/><D39/><U74/><E69/><V46/><F46/><W80/><G80/><T77/><D63/><U37/><E62/><V22/><F33/><W8/><G107/><T72/><D99/><U41/><E37/><V31/><F134/><W55/><G55/><T131/><D131/><U120/><E120/><V130/><F130/><W5/><G5/><T88/><D7/><U11/><E41/><V78/><F103/><W105/><G105/><N who="0" m="63655" /><D89/><U83/><REACH who="1" step="1"/><E11/><REACH who="1" ten="195,169,412,214" step="2"/><V49/><F43/><W93/><G93/><AGARI ba="2,1" hai="23,26,28,73,74,75,83,87,91,93,98,102,125,126" machi="93" ten="40,7700,0" yaku="1,1,2,1,53,1" doraHai="13" doraHaiUra="18" who="1" fromWho="3" sc="195,0,169,93,412,0,214,-83" />
</Scene>
<Scene>
<INIT seed="5,3,0,3,3,56" ten="195,262,412,131" oya="1" hai0="6,53,39,44,9,115,110,132,89,113,61,80,107" hai1="65,26,78,104,23,130,70,92,12,3,125,22,73" hai2="32,21,11,85,38,88,25,68,100,37,127,51,66" hai3="131,82,114,128,103,116,133,122,46,28,84,111,105"/><U62/><E3/><V27/><F127/><W106/><G28/><T60/><D107/><U1/><E1/><V81/><F100/><W18/><G46/><T90/><D110/><U35/><E125/><V98/><F98/><W71/><G71/><T16/><D132/><U99/><E130/><N who="3" m="49706" /><G18/><T118/><D118/><U48/><E48/><V83/><F11/><W19/><G19/><T33/><D33/><U117/><E117/><V58/><F68/><W47/><G47/><T67/><D67/><U34/><E12/><V95/><F32/><W29/><G29/><T13/><D6/><U5/><E5/><V8/><F8/><W0/><G0/><T94/><D39/><U108/><E108/><V4/><F4/><W64/><G64/><T96/><D115/><U50/><E35/><V20/><F38/><W54/><G54/><T121/><D113/><U91/><E104/><N who="3" m="40042" /><G114/><T119/><D119/><U52/><E34/><V57/><F37/><W43/><G43/><T134/><D134/><U93/><E70/><V10/><F10/><W40/><G40/><T63/><D121/><U69/><E69/><V59/><F66/><W112/><G112/><T86/><D44/><U97/><E65/><V45/><F21/><W124/><G116/><T72/><D72/><U17/><E22/><V76/><F20/><W126/><G133/><T41/><D41/><U101/><E23/><V42/><F76/><N who="3" m="46151" /><G111/><T123/><D123/><U75/><E26/><AGARI ba="3,0" hai="25,26,27,42,45,51,57,58,59,81,83,85,88,95" machi="26" ten="40,2600,0" yaku="8,1,54,1" doraHai="56" who="2" fromWho="1" sc="195,0,262,-35,412,35,131,0" />
</Scene>
<Scene>
<INIT seed="6,0,0,3,2,130" ten="195,227,447,131" oya="2" hai0="74,79,89,36,55,114,44,42,17,72,41,7,15" hai1="18,128,29,111,116,16,43,23,73,96,12,105,91" hai2="59,53,81,9,11,104,126,100,14,49,51,25,121" hai3="86,113,13,123,83,40,75,108,35,2,19,46,6"/><V92/><F121/><W0/><G123/><T30/><D30/><U60/><E111/><V102/><F104/><W71/><G108/><T117/><D117/><U129/><E73/><V87/><F126/><W21/><G71/><T64/><D64/><U125/><E116/><V3/><F3/><W39/><G35/><T133/><D114/><U48/><E29/><V84/><F25/><W32/><G32/><T54/><D42/><U24/><E60/><V112/><F112/><W27/><G113/><T31/><D31/><U34/><E34/><V120/><F120/><W20/><G75/><T52/><D7/><U122/><E122/><V78/><F51/><W5/><G5/><T61/><D74/><U90/><E125/><V58/><F58/><W26/><G6/><T95/><D79/><U85/><E48/><V70/><F70/><W80/><G13/><T109/><D72/><U115/><E43/><V131/><F131/><N who="1" m="50249" /><E115/><V124/><F124/><W118/><G118/><T77/><D77/><U1/><E1/><V45/><F59/><W103/><G103/><N who="2" m="39465" /><F14/><W4/><G4/><T28/><D109/><U65/><E105/><V132/><F11/><W88/><REACH who="3" step="1"/><G83/><REACH who="3" ten="195,227,447,121" step="2"/><T98/><D61/><U8/><E12/><V10/><F81/><W50/><G50/><T57/><D15/><U97/><E24/><V69/><F49/><W110/><G110/><T33/><D33/><U67/><E8/><V38/><F10/><W119/><G119/><T37/><D57/><U134/><E23/><V106/><F9/><W82/><G82/><T22/><D22/><U62/><E62/><RYUUKYOKU ba="0,1" sc="195,-10,227,-10,447,-10,121,30" hai3="0,2,19,20,21,26,27,39,40,46,80,86,88" />
</Scene>
<Scene>
<INIT seed="7,1,1,5,0,89" ten="185,217,437,151" oya="3" hai0="35,121,1,134,98,107,116,15,43,76,69,41,93" hai1="50,122,12,32,67,2,25,22,28,9,40,46,5" hai2="49,92,14,56,125,34,110,31,54,74,118,78,68" hai3="20,58,126,27,19,18,129,109,7,65,33,24,11"/><W66/><G129/><T44/><D1/><U132/><E122/><V29/><F110/><W100/><G109/><T91/><D69/><U97/><E132/><V119/><F68/><W85/><G126/><T63/><D35/><U23/><E67/><V113/><F125/><W128/><G128/><T82/><D121/><U81/><E97/><V127/><F127/><W51/><G100/><T64/><D116/><U87/><E2/><V45/><F113/><W105/><G105/><T102/><D44/><U70/><E70/><V21/><F74/><W0/><G85/><T55/><D63/><U106/><E106/><V115/><F115/><W72/><G72/><T79/><D64/><U80/><E80/><V94/><F78/><AGARI ba="1,1" hai="5,9,12,22,23,25,28,32,40,46,50,78,81,87" machi="78" ten="30,3900,0" yaku="7,1,25,2" doraHai="89" who="1" fromWho="2" sc="185,0,217,52,437,-42,151,0" owari="185,-21.0,269,7.0,395,49.0,151,-35.0" />
</Scene>
</mjloggm>