<mjloggm ver="2.3"><GO type="97"/><UN n0="%E6%9F%B4%E2%98%85%E7%8A%AC" n1="%E3%81%8B%E3%81%BC%E3%81%A1%E3%82%83%E3%81%A1%E3%82%83%E3%82%93" n2="%E5%A4%AA%E3%81%8F%E3%81%AA%E3%81%84%E3%81%8A" n3="%E6%9D%BE%E5%B2%A1%E7%BE%8E%E7%BE%BD" dan="16,14,13,13" rate="2074,1933,1952,1906" sx="M,M,M,F"/><TAIKYOKU oya="0"/>

<Scene>
<INIT seed="0,0,0,0,5,12" ten="250,250,250,250" oya="0" hai0="131,61,84,13,100,31,63,33,67,40,107,26,64" hai1="17,93,96,45,73,29,87,135,27,9,118,62,106" hai2="2,81,117,94,3,92,133,25,18,39,38,14,46" hai3="124,71,24,75,108,34,77,47,44,22,129,5,65"/><T0/><D0/><U66/><E118/><V50/><F25/><W82/><G34/><T90/><D131/><U76/><E106/><V79/><F3/><W86/><G129/><T1/><D1/><U110/><E110/><V53/><F2/><W78/><G108/><T119/><D119/><U88/><E135/><V35/><F35/><W114/><G114/><T6/><D40/><U112/><E112/><V105/><F105/><W123/><G5/><T30/><D30/><U68/><E73/><V32/><F32/><W55/><G124/><T58/><D100/><U11/><E45/><V103/><F133/><W37/><G37/><T57/><D107/><U102/><E17/><V121/><F121/><W15/><G15/><T111/><D111/><U4/><E4/><V89/><F103/><W132/><G132/><T59/><D6/><U116/><E116/><V91/><F117/><W134/><G134/><T41/><D41/><U52/><E52/><V126/><F126/><W80/><G55/><T43/><D43/><U60/><E60/><V69/><F69/><W48/><G123/><T130/><D130/><U113/><E113/><V7/><F7/><W74/><G74/><T42/><D42/><U23/><REACH who="1" step="1"/><E76/><REACH who="1" ten="250,240,250,250" step="2"/><V16/><F79/><W56/><G48/><T97/><D13/><U28/><E28/><V20/><F14/><W19/><G71/><T70/><D97/><U49/><E49/><V98/><F50/><W120/><G120/><T99/><D99/><U85/><E85/><V101/><F98/><W21/><G19/><N who="2" m="7209" /><F53/><W104/><G75/><T122/><D122/><RYUUKYOKU ba="0,1" sc="250,15,240,15,250,-15,250,-15" hai0="26,31,33,57,58,59,61,63,64,67,70,84,90" hai1="9,11,23,27,29,62,66,68,87,88,93,96,102" />
</Scene>
<Scene>
<INIT seed="0,1,1,0,2,130" ten="265,255,235,235" oya="0" hai0="117,70,63,127,13,39,77,58,46,1,41,108,29" hai1="17,132,105,26,93,72,24,100,60,131,123,53,27" hai2="81,118,125,89,23,0,92,79,57,65,111,20,43" hai3="109,36,124,55,49,74,40,85,87,96,133,106,8"/><T122/><D122/><U32/><E123/><V25/><F0/><W7/><G74/><T88/><D117/><U47/><E105/><V101/><F118/><W95/><G106/><T59/><D1/><U33/><E132/><V112/><F112/><W71/><G71/><T128/><D77/><U45/><E131/><V9/><F111/><W129/><G129/><T12/><D128/><U102/><E72/><V11/><F101/><W84/><G109/><T80/><D108/><U75/><E75/><V42/><F125/><W115/><G115/><T126/><D29/><U86/><E33/><V62/><F81/><W78/><G124/><N who="0" m="47659" /><D70/><U76/><E32/><V104/><F104/><W54/><G78/><T19/><D63/><U16/><E47/><V44/><F79/><W14/><G36/><T90/><D13/><U51/><E60/><V83/><F83/><W18/><G133/><T21/><D90/><N who="1" m="53463" /><E76/><V121/><F121/><W64/><G64/><T31/><D31/><U82/><E82/><V69/><F69/><W4/><G4/><T34/><D34/><U5/><E5/><V52/><F65/><W94/><G7/><T15/><D15/><U2/><E2/><V73/><F73/><W38/><G14/><T10/><D10/><U3/><E3/><V50/><F9/><W37/><G8/><T66/><D66/><U110/><E110/><V67/><F11/><W56/><G18/><AGARI ba="1,1" hai="16,17,18,24,26,27,45,51,53,100,102" m="53463" machi="18" ten="30,2000,0" yaku="8,1,54,1" doraHai="130" who="1" fromWho="3" sc="265,0,255,33,235,0,235,-23" />
</Scene>
<Scene>
<INIT seed="1,0,0,4,1,45" ten="265,288,235,212" oya="1" hai0="130,124,106,33,22,46,8,65,53,83,56,128,104" hai1="118,34,94,24,25,66,62,111,37,39,86,115,75" hai2="52,126,9,59,101,7,40,99,43,76,70,88,93" hai3="41,77,28,123,23,13,117,5,38,103,84,92,6"/><U112/><E118/><V35/><F35/><W3/><G123/><T74/><D33/><U85/><E75/><V26/><F70/><W132/><G3/><T129/><D8/><U30/><E25/><V96/><F126/><W51/><G38/><T67/><D124/><U89/><E86/><V12/><F76/><W20/><G117/><T73/><D46/><U114/><REACH who="1" step="1"/><E111/><REACH who="1" ten="265,278,235,212" step="2"/><V11/><F26/><N who="3" m="16455" /><G132/><T90/><D74/><U131/><E131/><V87/><F11/><W134/><G134/><T105/><D22/><U42/><E42/><N who="2" m="15915" /><F101/><W116/><G116/><T78/><REACH who="0" step="1"/><D90/><REACH who="0" ten="255,278,235,212" step="2"/><U49/><E49/><AGARI ba="0,2" hai="7,9,12,49,52,59,87,88,93,96,99" m="15915" machi="49" ten="30,7700,0" yaku="8,1,52,1,54,2" doraHai="45" who="2" fromWho="1" sc="255,0,278,-77,235,97,212,0" /><AGARI ba="0,0" hai="49,53,56,65,67,73,78,83,104,105,106,128,129,130" machi="49" ten="50,8000,1" yaku="1,1,2,1,19,1,52,1,53,0" doraHai="45" doraHaiUra="1" who="0" fromWho="1" sc="255,80,201,-80,332,0,212,0" />
</Scene>
<Scene>
<INIT seed="2,0,0,3,0,28" ten="335,121,332,212" oya="2" hai0="103,116,39,93,87,69,90,5,38,94,132,31,64" hai1="27,101,1,43,24,79,25,99,14,133,70,75,54" hai2="56,46,40,49,22,82,109,11,3,97,33,66,37" hai3="89,124,45,98,106,67,4,118,44,15,29,96,76"/><V129/><F33/><W62/><G118/><T127/><D116/><U80/><E1/><V12/><F129/><W10/><G124/><T84/><D127/><U95/><E133/><V119/><F119/><W36/><G36/><T78/><D132/><U83/><E70/><V102/><F109/><W8/><G76/><T42/><D78/><U121/><E121/><V135/><F135/><W30/><G8/><T77/><D77/><U17/><E83/><V6/><F82/><W32/><G98/><T59/><D69/><U60/><E43/><V71/><F71/><W21/><G32/><T120/><D31/><N who="3" m="11785" /><G21/><T125/><D42/><U88/><E101/><V113/><F113/><W35/><G106/><T63/><D120/><U48/><E60/><V104/><F66/><W23/><G23/><T2/><D125/><U52/><REACH who="1" step="1"/><E48/><REACH who="1" ten="335,111,332,212" step="2"/><V0/><F0/><W100/><G100/><T92/><D103/><U86/><E86/><V128/><F3/><W57/><G35/><T51/><D87/><U58/><E58/><V123/><F123/><W131/><G131/><T13/><D51/><U126/><E126/><V55/><F128/><W111/><G111/><T112/><D2/><U19/><E19/><V47/><F56/><W122/><G122/><T41/><D39/><U130/><E130/><V117/><F117/><W85/><G96/><T114/><D38/><U20/><AGARI ba="0,1" hai="14,17,20,24,25,27,52,54,75,79,80,88,95,99" machi="20" ten="30,7900,0" yaku="1,1,0,1,54,2,53,0" doraHai="28" doraHaiUra="7" who="1" fromWho="1" sc="335,-20,111,89,332,-39,212,-20" />
</Scene>
<Scene>
<INIT seed="3,0,0,5,4,0" ten="315,200,293,192" oya="3" hai0="34,33,61,47,66,41,44,49,102,32,104,42,9" hai1="67,53,48,85,3,115,8,17,128,106,65,13,62" hai2="70,76,121,60,54,69,24,5,23,96,46,27,20" hai3="108,1,29,50,35,120,92,135,126,130,71,25,36"/><W87/><RYUUKYOKU type="yao9" ba="0,0" sc="315,0,200,0,293,0,192,0" hai3="1,25,29,35,36,50,71,87,92,108,120,126,130,135" />
</Scene>
<Scene>
<INIT seed="3,1,0,4,1,97" ten="315,200,293,192" oya="3" hai0="43,134,59,127,88,15,45,60,65,118,11,44,95" hai1="6,130,126,8,36,55,110,91,64,10,122,26,22" hai2="72,29,3,84,40,54,69,35,58,56,76,128,19" hai3="1,112,113,106,92,124,63,86,103,5,131,101,81"/><W87/><G1/><T125/><D118/><U2/><E122/><V115/><F115/><N who="3" m="44107" /><G5/><N who="0" m="3567" /><D43/><U57/><E110/><V74/><F69/><W70/><G70/><T51/><D51/><U123/><E130/><V25/><F3/><W27/><G27/><T13/><D13/><U32/><E123/><V108/><F108/><W17/><G17/><T39/><D39/><U98/><E32/><V78/><F128/><W104/><G63/><T119/><D119/><U135/><E126/><N who="0" m="48137" /><D134/><U111/><E135/><V109/><F109/><W33/><G33/><T49/><D49/><U117/><E111/><V129/><F129/><W34/><G34/><T12/><D12/><U121/><E117/><V20/><F40/><W94/><G124/><T105/><D105/><N who="3" m="40553" /><G131/><T99/><AGARI ba="1,0" hai="44,45,59,60,65,88,95,99" m="48137,3567" machi="99" ten="30,2000,0" yaku="18,1,54,1" doraHai="97" who="0" fromWho="0" sc="315,23,200,-6,293,-6,192,-11" owari="338,44.0,194,-21.0,287,9.0,181,-32.0" />
</Scene>
</mjloggm>