<mjloggm ver="2.3"><GO type="97"/><UN n0="%E4%B8%8A%E5%8D%93%E3%82%B9%E3%83%AC%E5%A5%B3%E5%AD%90%E5%A4%A7%E7%94%9F" n1="%53%69%6F" n2="%67%74%34%30%30" n3="%E5%A4%AA%E3%81%8F%E3%81%AA%E3%81%84%E3%81%8A" dan="13,14,14,14" rate="1924,1932,1897,2013" sx="F,M,M,M"/><TAIKYOKU oya="0"/>

<Scene>
<INIT seed="0,0,0,0,2,122" ten="250,250,250,250" oya="0" hai0="94,83,6,60,114,108,123,9,105,13,68,115,0" hai1="90,41,80,133,36,1,49,92,46,14,95,113,109" hai2="61,62,132,48,75,101,93,11,81,33,119,8,27" hai3="40,50,25,59,5,121,37,51,28,32,128,86,87"/><T63/><D123/><U99/><E113/><V44/><F119/><W30/><G121/><T88/><D105/><U42/><E1/><V116/><F116/><W82/><G128/><T17/><D83/><U20/><E133/><V111/><F132/><W127/><G127/><T57/><D68/><U45/><E80/><V23/><F33/><W31/><G5/><T100/><D100/><U35/><E35/><V55/><F101/><W124/><G124/><T89/><D108/><U72/><E72/><V2/><F111/><W16/><G37/><T134/><D134/><U103/><E109/><V22/><F93/><W97/><G97/><T110/><D110/><U106/><E14/><V84/><F75/><W26/><G32/><T47/><D47/><U98/><E20/><V12/><F2/><W4/><G4/><T78/><D78/><U58/><E58/><V54/><F22/><N who="3" m="13511" /><G26/><T24/><D24/><U64/><E64/><V21/><F21/><W126/><G126/><T3/><D3/><U69/><E69/><V34/><F34/><W77/><G40/><T65/><D60/><U107/><AGARI ba="0,0" hai="36,41,42,45,46,49,90,92,95,98,99,103,106,107" machi="107" ten="30,1100,0" yaku="0,1" doraHai="122" who="1" fromWho="1" sc="250,-5,250,11,250,-3,250,-3" />
</Scene>
<Scene>
<INIT seed="1,0,0,2,3,25" ten="245,261,247,247" oya="1" hai0="1,31,110,76,58,27,64,93,106,57,101,0,54" hai1="80,11,122,51,119,37,68,133,12,48,104,43,131" hai2="40,134,39,84,127,42,53,9,34,83,88,82,23" hai3="36,19,90,65,109,59,125,14,44,33,60,6,45"/><U108/><E104/><V22/><F34/><W123/><G123/><T98/><D110/><U111/><E122/><V89/><F127/><W132/><G33/><T41/><D41/><U124/><E68/><V67/><F67/><W105/><G105/><T79/><D64/><U99/><E119/><V87/><F53/><W74/><G74/><T71/><D71/><U35/><E35/><V92/><F92/><W16/><G109/><T78/><D106/><U50/><E124/><V107/><F107/><W8/><G125/><T61/><REACH who="0" step="1"/><D58/><REACH who="0" ten="235,261,247,247" step="2"/><U28/><E111/><V70/><F70/><W114/><G114/><T13/><D13/><U130/><E108/><V66/><F66/><W94/><G132/><T77/><N who="0" m="19968" /><DORA hai="49" /><T86/><D86/><U21/><E133/><V56/><F56/><W97/><G36/><T113/><D113/><U26/><E99/><V95/><F39/><W2/><G2/><T128/><D128/><U103/><E130/><V121/><F134/><W24/><G24/><T32/><AGARI ba="0,1" hai="0,1,27,31,32,54,57,61,93,98,101" m="19968" machi="32" ten="40,8000,1" yaku="1,1,0,1,52,2,53,0" doraHai="25,49" doraHaiUra="112,4" who="0" fromWho="0" sc="235,90,261,-40,247,-20,247,-20" />
</Scene>
<Scene>
<INIT seed="2,0,0,2,4,91" ten="325,221,227,227" oya="2" hai0="110,68,47,118,54,127,115,117,96,6,133,98,99" hai1="62,27,66,82,83,120,18,11,124,4,104,119,30" hai2="38,16,77,41,10,46,97,25,48,55,100,57,121" hai3="103,105,88,135,24,75,94,113,84,72,129,42,26"/><V63/><F121/><W70/><G70/><T130/><D115/><U122/><E119/><N who="0" m="45577" /><D110/><U33/><E104/><V69/><F77/><W34/><G42/><T87/><D68/><U22/><E124/><V1/><F1/><W109/><G34/><T76/><D127/><U13/><E83/><V125/><F125/><W64/><G64/><T114/><D114/><U14/><E82/><V59/><F59/><W107/><G26/><T101/><D130/><U44/><E44/><V37/><F69/><W102/><G24/><T31/><D133/><U7/><E62/><V35/><F35/><W12/><G12/><T111/><D111/><U50/><E50/><V79/><F79/><W45/><G45/><T53/><D31/><U49/><E49/><V80/><F80/><W8/><G8/><T39/><D76/><U51/><E51/><V5/><F5/><N who="1" m="2121" /><E66/><V0/><F0/><W15/><G15/><N who="1" m="5642" /><E11/><V36/><F10/><W17/><G113/><T60/><D6/><U108/><E108/><V132/><F132/><W58/><G135/><T134/><D134/><U67/><E67/><V3/><F3/><W43/><G109/><T52/><D60/><U131/><E131/><V90/><F90/><W20/><G129/><T112/><D112/><U74/><E74/><V40/><F40/><W78/><G43/><N who="0" m="23039" /><D87/><U116/><E116/><V86/><F86/><W29/><G84/><T28/><D28/><U56/><E33/><V61/><F61/><W9/><G75/><T73/><D73/><U126/><E126/><V106/><F63/><W65/><G72/><T81/><D81/><RYUUKYOKU ba="0,0" sc="325,15,221,-15,227,15,227,-15" hai0="52,53,54,96,98,99,101" hai2="16,25,36,37,38,41,46,48,55,57,97,100,106" />
</Scene>
<Scene>
<INIT seed="2,1,0,4,3,53" ten="340,206,242,212" oya="2" hai0="4,111,52,105,42,75,20,114,7,88,66,76,44" hai1="112,17,8,37,91,127,77,133,47,115,34,2,132" hai2="21,23,121,59,126,19,103,9,85,101,120,86,125" hai3="116,26,87,104,135,54,109,49,51,80,45,1,31"/><V33/><F33/><W10/><G116/><T55/><D114/><N who="1" m="43563" /><E91/><V5/><F19/><W128/><G104/><T28/><D105/><U65/><E65/><V50/><F50/><W3/><G109/><T100/><D111/><U69/><E69/><V106/><F106/><W74/><G74/><T40/><D66/><U14/><E77/><V94/><F94/><W97/><G128/><T29/><D100/><N who="2" m="38474" /><F59/><W32/><G135/><N who="1" m="51786" /><E34/><V84/><F9/><W107/><G10/><T79/><D75/><U92/><E92/><V39/><F5/><W56/><G107/><T81/><D88/><U12/><E47/><V93/><F93/><W48/><G97/><T99/><D99/><U71/><E71/><V6/><F6/><W16/><G16/><T82/><D44/><U129/><E37/><V24/><F24/><W13/><G13/><N who="1" m="5226" /><E129/><V95/><F95/><W122/><G122/><N who="2" m="47209" /><F39/><W67/><G67/><T61/><D61/><U64/><E64/><V68/><F68/><W36/><G36/><T113/><D113/><U83/><E83/><V96/><F96/><W73/><G73/><T118/><D118/><U27/><E8/><V134/><F134/><W63/><REACH who="3" step="1"/><G45/><REACH who="3" ten="340,206,242,202" step="2"/><T119/><D119/><U62/><E17/><V57/><F57/><W72/><G72/><T102/><D102/><U90/><E62/><V43/><F43/><W58/><G58/><T117/><D117/><U11/><E11/><V89/><F89/><AGARI ba="1,1" hai="1,3,26,31,32,48,49,51,54,56,63,80,87,89" machi="89" ten="40,8000,1" yaku="1,1,52,1,53,2" doraHai="53" doraHaiUra="35" who="3" fromWho="2" sc="340,0,206,0,242,-83,202,93" />
</Scene>
<Scene>
<INIT seed="3,0,0,4,0,30" ten="340,206,159,295" oya="3" hai0="105,77,82,39,128,21,123,88,55,0,67,47,50" hai1="49,99,60,96,20,92,12,117,109,122,42,87,86" hai2="120,7,65,32,89,131,94,133,83,53,28,80,76" hai3="10,125,72,73,43,23,118,44,6,1,56,95,124"/><W66/><G118/><T129/><D123/><U14/><E122/><V79/><F120/><W4/><G4/><T36/><D0/><U104/><E117/><V112/><F112/><W35/><G23/><T33/><D105/><U74/><E74/><V59/><F65/><W81/><G95/><T103/><D33/><U29/><E109/><V18/><F7/><W100/><G100/><T5/><D103/><U52/><E104/><V68/><F68/><W58/><G35/><T93/><D5/><U113/><E113/><V9/><F9/><W116/><G116/><T71/><D21/><U22/><E60/><V45/><F45/><W25/><G25/><T107/><D107/><U97/><E42/><V16/><F131/><N who="0" m="50250" /><D67/><U37/><E37/><V115/><F115/><W130/><G130/><T62/><D62/><U101/><E101/><V108/><F133/><W41/><G41/><T11/><D11/><U78/><E78/><V84/><F108/><W132/><G132/><T102/><D102/><U19/><E92/><V48/><F80/><W8/><G8/><T34/><D34/><U61/><E61/><V64/><F64/><W126/><G66/><T121/><D71/><U51/><E51/><V114/><F114/><W119/><G119/><T91/><D121/><U17/><REACH who="1" step="1"/><E29/><REACH who="1" ten="340,196,159,295" step="2"/><V106/><F106/><W13/><G73/><N who="0" m="43311" /><D93/><U110/><E110/><V40/><F40/><W54/><G43/><T31/><D31/><U111/><E111/><V57/><F79/><N who="3" m="44263" /><G1/><T134/><D134/><U26/><E26/><V135/><F135/><W24/><G24/><T85/><D36/><RYUUKYOKU ba="0,1" sc="340,-15,196,15,159,-15,295,15" hai1="12,14,17,19,20,22,49,52,86,87,96,97,99" hai3="6,10,13,44,54,56,58,124,125,126" />
</Scene>
<Scene>
<INIT seed="3,1,1,4,5,99" ten="325,211,144,310" oya="3" hai0="134,127,59,69,63,56,105,100,98,37,28,6,23" hai1="1,58,27,38,106,118,50,125,65,61,5,83,19" hai2="2,73,75,41,4,44,20,62,17,119,93,30,96" hai3="109,116,117,3,35,101,45,26,123,76,130,47,22"/><W71/><G123/><T133/><D37/><U102/><E38/><V57/><F2/><W49/><G3/><T90/><D127/><U53/><E125/><V48/><F4/><W111/><G71/><T78/><D6/><U8/><E118/><N who="3" m="45674" /><G35/><T12/><D78/><U74/><E19/><V25/><F119/><W121/><G121/><T77/><D77/><U9/><E9/><V40/><F75/><W115/><G115/><T51/><D90/><U70/><E27/><V15/><F73/><W10/><G76/><T113/><D113/><U68/><E83/><V79/><F79/><W89/><G10/><T36/><D36/><U132/><E74/><V18/><F40/><W64/><G64/><N who="0" m="41119" /><D51/><U43/><E43/><V120/><F120/><W24/><G130/><T86/><D86/><U32/><E32/><V31/><F15/><W39/><G101/><T107/><D105/><U126/><E126/><V114/><F114/><W52/><G89/><T82/><D82/><U67/><E67/><V46/><F46/><N who="3" m="27703" /><G39/><T13/><D13/><U72/><E72/><V131/><F131/><W128/><G128/><T88/><D88/><U122/><E122/><V92/><F92/><W80/><G80/><T135/><D12/><U91/><E91/><V42/><F42/><W21/><G21/><T124/><D124/><U110/><E70/><V108/><F31/><N who="3" m="17815" /><G26/><AGARI ba="1,1" hai="23,26,28,56,59,98,100,107,133,134,135" m="41119" machi="26" ten="30,2000,0" yaku="20,1,52,1" doraHai="99" who="0" fromWho="3" sc="325,33,211,0,144,0,310,-23" owari="358,46.0,211,-19.0,144,-36.0,287,9.0" />
</Scene>
</mjloggm>