<mjloggm ver="2.3"><GO type="169"/><UN n0="%E5%A4%AA%E3%81%8F%E3%81%AA%E3%81%84%E3%81%8A" n1="%E8%99%8E%E7%8D%85%E3%81%8F%E3%82%93" n2="%E6%9C%AC%E6%97%A5%E5%AE%9A%E4%BC%91%E6%97%A5" n3="%E5%B1%B1%E4%B8%8B%E3%83%80%E3%82%A4%E3%82%B9%E3%82%B1" dan="17,16,18,17" rate="2132,2096,2212,2114" sx="M,M,M,M"/><TAIKYOKU oya="0"/>

<Scene>
<INIT seed="0,0,0,1,4,112" ten="250,250,250,250" oya="0" hai0="126,9,86,125,84,19,120,8,132,98,57,79,82" hai1="34,102,107,43,7,31,99,36,135,116,115,61,6" hai2="38,91,105,100,134,117,44,113,52,51,75,32,131" hai3="56,127,111,72,92,24,22,89,95,129,14,106,49"/><T3/><D120/><U10/><E115/><V121/><RYUUKYOKU type="yao9" ba="0,0" sc="250,0,250,0,250,0,250,0" hai2="32,38,44,51,52,75,91,100,105,113,117,121,131,134" />
</Scene>
<Scene>
<INIT seed="0,1,0,0,2,49" ten="250,250,250,250" oya="0" hai0="28,126,125,71,41,104,89,86,25,105,113,64,7" hai1="94,81,0,121,39,123,20,53,59,132,18,106,55" hai2="51,38,31,61,119,101,99,62,2,85,116,5,129" hai3="102,22,77,56,36,88,130,50,26,37,67,90,79"/><T124/><D113/><U11/><E106/><V42/><F38/><W131/><G102/><T72/><D72/><U133/><E39/><V120/><F120/><W48/><G67/><T97/><D41/><U46/><E81/><V9/><F129/><W66/><G66/><T30/><D7/><U110/><E110/><V93/><F31/><N who="0" m="11818" /><D25/><N who="1" m="14487" /><E94/><V10/><F10/><W45/><G56/><T115/><D115/><U114/><E114/><V14/><F2/><W34/><G22/><T112/><D112/><U54/><E46/><N who="2" m="26071" /><F85/><W82/><G26/><T109/><D109/><U52/><E11/><V83/><F83/><W8/><G82/><N who="0" m="49367" /><D97/><U12/><E12/><V95/><F119/><W63/><G45/><T33/><D33/><U70/><E70/><V29/><F116/><W43/><G43/><T44/><D44/><U91/><E91/><V15/><F5/><W87/><G87/><T76/><D76/><U47/><E47/><V6/><F29/><W3/><G3/><T92/><D92/><U117/><E0/><V17/><F95/><W118/><G118/><T58/><D71/><U21/><E117/><V65/><F93/><W100/><G34/><T23/><D23/><U134/><E21/><N who="2" m="11455" /><F99/><W127/><G8/><T111/><D111/><U135/><E132/><V108/><F108/><W40/><G130/><T16/><D16/><U98/><E98/><V24/><F101/><W19/><G100/><T103/><D103/><U69/><E69/><N who="2" m="42159" /><F24/><W73/><G131/><T1/><D1/><U80/><E80/><V75/><F75/><W68/><G73/><T32/><D32/><RYUUKYOKU ba="1,0" sc="250,10,250,10,250,10,250,-30" hai0="58,64,104,105,124,125,126" hai1="52,53,54,55,59,121,123,133,134,135" hai2="6,9,14,62" />
</Scene>
<Scene>
<INIT seed="0,2,0,4,5,94" ten="260,260,260,220" oya="0" hai0="50,19,0,9,66,6,57,47,8,80,54,106,91" hai1="53,46,63,119,42,101,105,113,134,71,72,52,11" hai2="60,110,83,29,55,43,129,62,93,49,65,104,58" hai3="75,40,109,127,70,15,44,126,36,87,122,51,34"/><T39/><D106/><U108/><E119/><V86/><F104/><W98/><G34/><T1/><D66/><U68/><E72/><V32/><F110/><W97/><G75/><T22/><D39/><U128/><E108/><V123/><F123/><W61/><G109/><T4/><D47/><U30/><E30/><V89/><F129/><W10/><G87/><T131/><D131/><U125/><E128/><V76/><F43/><W120/><G61/><T23/><REACH who="0" step="1"/><D19/><REACH who="0" ten="250,260,260,220" step="2"/><U111/><E46/><V33/><F65/><W31/><G36/><T74/><D74/><U24/><E111/><V64/><F64/><W21/><G70/><T45/><D45/><U90/><E71/><V99/><F29/><W85/><G31/><T41/><D41/><U27/><E42/><V130/><F130/><W5/><G120/><T81/><D81/><U13/><E68/><V59/><F59/><W92/><G122/><T116/><D116/><U107/><E105/><V20/><F83/><W112/><G40/><T18/><D18/><U124/><E107/><V114/><F58/><W28/><G44/><T12/><D12/><U73/><E13/><V48/><F114/><W77/><G112/><T35/><D35/><U115/><E73/><V3/><F33/><W17/><G28/><T56/><D56/><U25/><E113/><V133/><F32/><W16/><G17/><T117/><D117/><U121/><E115/><V79/><F3/><W2/><G16/><T118/><D118/><U7/><E121/><V95/><F55/><W132/><G2/><T82/><D82/><U67/><E67/><RYUUKYOKU ba="2,1" sc="250,30,260,-10,260,-10,220,-10" hai0="0,1,4,6,8,9,22,23,50,54,57,80,91" />
</Scene>
<Scene>
<INIT seed="0,3,1,3,1,113" ten="280,250,250,210" oya="0" hai0="88,41,3,2,124,57,6,34,39,107,8,66,131" hai1="76,98,24,133,55,114,126,117,52,51,5,134,33" hai2="44,4,69,47,54,35,84,128,46,31,53,97,62" hai3="121,91,102,83,14,30,85,104,93,111,90,109,129"/><T67/><D34/><U43/><E114/><V65/><F4/><W60/><G30/><T89/><D107/><U79/><E126/><V49/><F84/><W40/><G40/><T70/><D70/><U59/><E43/><V116/><F128/><W18/><G60/><T94/><D131/><U118/><E5/><V108/><F108/><N who="3" m="41547" /><G129/><T17/><D124/><U120/><E120/><V28/><F28/><W80/><G121/><T23/><D3/><U103/><E33/><V27/><F54/><W9/><G91/><T112/><D112/><U26/><E24/><V105/><REACH who="2" step="1"/><F116/><REACH who="2" ten="280,250,240,210" step="2"/><W64/><G64/><T74/><D67/><U58/><E26/><V15/><F15/><W48/><G14/><T71/><D66/><U20/><E79/><V115/><F115/><W50/><G85/><T22/><D6/><U37/><E76/><V38/><F38/><W81/><G18/><T92/><D17/><U0/><E37/><V127/><F127/><W130/><G130/><T13/><D13/><U96/><E0/><V99/><F99/><N who="3" m="57783" /><G9/><T36/><D8/><U100/><E51/><V135/><F135/><W1/><G1/><T42/><D2/><U73/><E73/><V82/><F82/><W32/><G32/><T86/><D74/><U16/><E16/><V21/><F21/><AGARI ba="3,2" hai="20,21,52,55,58,59,96,98,100,103,117,118,133,134" machi="21" ten="25,8000,1" yaku="22,2,52,2,54,1" doraHai="113" who="1" fromWho="2" sc="280,0,250,109,240,-89,210,0" />
</Scene>
<Scene>
<INIT seed="1,0,0,0,0,123" ten="280,359,151,210" oya="1" hai0="26,72,23,116,68,15,9,95,92,40,91,127,37" hai1="85,32,106,80,110,42,102,109,61,51,22,5,56" hai2="13,21,59,77,19,60,18,58,98,35,119,3,41" hai3="62,71,38,53,128,44,67,108,52,104,17,47,89"/><U88/><E32/><V63/><F3/><W2/><G2/><T45/><D127/><U83/><E5/><V90/><F35/><W115/><G104/><T54/><D116/><U46/><E83/><V118/><F77/><W33/><G33/><T135/><D135/><U11/><E11/><V114/><F114/><W132/><G89/><T64/><D72/><U96/><REACH who="1" step="1"/><E22/><REACH who="1" ten="280,349,151,210" step="2"/><V100/><F21/><W12/><G115/><T112/><D112/><U131/><E131/><V65/><F119/><W4/><G128/><T75/><D23/><U43/><E43/><V0/><F41/><W93/><G4/><T20/><D20/><U57/><E57/><V31/><F118/><W94/><G71/><T126/><D9/><U86/><E86/><V76/><F0/><W124/><G47/><T30/><D45/><U74/><E74/><V73/><F73/><W81/><G44/><T1/><D75/><U99/><E99/><V105/><F59/><W120/><G81/><T8/><D8/><U84/><E84/><V103/><F58/><W111/><G120/><T78/><D1/><U70/><E70/><V87/><F98/><W34/><G34/><T133/><D68/><U36/><E36/><V122/><F87/><W16/><G132/><T29/><D133/><U24/><E24/><V101/><F122/><W117/><G117/><T79/><D26/><U28/><E28/><V7/><F31/><W48/><G38/><T6/><D37/><U121/><E121/><V125/><F7/><W25/><G25/><T39/><D6/><U49/><E49/><V97/><F97/><RYUUKYOKU ba="0,1" sc="280,-10,349,30,151,-10,210,-10" hai1="42,46,51,56,61,80,85,88,96,102,106,109,110" />
</Scene>
<Scene>
<INIT seed="1,1,1,5,0,125" ten="270,379,141,200" oya="1" hai0="4,103,120,66,43,68,6,135,11,59,12,56,58" hai1="48,115,131,23,53,116,57,0,45,89,86,109,28" hai2="26,94,121,50,98,64,108,99,47,88,77,9,111" hai3="104,24,101,2,14,15,20,133,91,123,27,31,52"/><U79/><E115/><V25/><F121/><W113/><G123/><T72/><D120/><U85/><E116/><V118/><F118/><W134/><G113/><T106/><D72/><U112/><E0/><V87/><F64/><W92/><G2/><T30/><D135/><N who="3" m="51721" /><G104/><T67/><D30/><U74/><E112/><V44/><F9/><W127/><G101/><T21/><D43/><U49/><E109/><N who="2" m="42059" /><F47/><W42/><G42/><T65/><D21/><U55/><E131/><V54/><F77/><W13/><G127/><T19/><D68/><U36/><E36/><V29/><F26/><N who="3" m="16839" /><G52/><T114/><D114/><U130/><E130/><V40/><F54/><W119/><G119/><T124/><D124/><U80/><REACH who="1" step="1"/><E89/><REACH who="1" ten="270,369,141,200" step="2"/><V17/><F17/><W63/><G91/><T16/><REACH who="0" step="1"/><D19/><REACH who="0" ten="260,369,141,200" step="2"/><U132/><E132/><V102/><F102/><W34/><G34/><AGARI ba="1,3" hai="25,29,34,40,44,50,87,88,94,98,99" m="42059" machi="34" ten="30,2000,0" yaku="14,1,54,1" doraHai="125" who="2" fromWho="3" sc="260,0,369,0,141,53,200,-23" />
</Scene>
<Scene>
<INIT seed="2,0,0,2,2,9" ten="260,369,194,177" oya="2" hai0="113,2,82,96,91,66,95,108,131,69,84,51,64" hai1="86,103,60,23,57,121,89,80,31,75,102,67,44" hai2="53,39,83,112,129,63,77,37,5,125,81,68,90" hai3="122,76,38,43,79,87,59,40,17,78,28,85,8"/><V20/><F112/><W97/><G122/><T72/><D113/><U88/><E121/><V130/><F125/><W27/><G38/><T101/><D2/><U94/><E75/><V36/><F5/><W118/><G118/><T132/><D108/><U124/><E44/><V25/><F90/><W58/><G97/><T34/><D34/><U107/><E107/><V133/><F133/><W22/><G8/><T26/><D132/><U114/><E114/><V120/><F120/><W126/><G126/><T19/><D131/><N who="2" m="50186" /><F77/><W116/><G28/><T29/><D69/><U50/><E50/><V115/><F115/><W100/><G100/><T65/><D72/><U35/><E35/><V128/><N who="2" m="50194" /><V41/><DORA hai="70" /><F41/><N who="3" m="15947" /><G116/><T24/><D29/><U33/><E33/><V4/><F4/><W127/><G127/><T71/><D71/><U45/><E45/><V56/><F68/><W54/><G59/><T55/><REACH who="0" step="1"/><D19/><AGARI ba="0,0" hai="19,20,25,36,37,39,53,56,63,81,83" m="50194" machi="19" ten="50,12000,1" yaku="19,1,52,3" doraHai="9,70" who="2" fromWho="0" sc="260,-120,369,0,194,120,177,0" />
</Scene>
<Scene>
<INIT seed="2,1,0,2,1,113" ten="140,369,314,177" oya="2" hai0="112,29,39,118,99,62,30,63,107,48,91,46,106" hai1="31,129,81,124,116,120,127,123,75,89,51,50,13" hai2="73,132,11,49,40,27,94,60,57,126,88,3,43" hai3="9,35,38,77,16,65,90,4,2,104,108,47,10"/><V83/><F132/><W69/><G108/><T7/><D112/><U33/><E129/><V26/><F126/><N who="1" m="48169" /><E13/><V14/><F3/><W36/><G104/><T105/><D39/><U67/><E67/><V109/><F109/><W84/><G35/><T20/><D7/><U56/><E56/><V8/><F83/><W100/><G100/><T22/><D118/><U68/><E68/><V21/><F73/><W1/><G77/><T17/><D91/><U86/><E75/><V79/><F79/><W64/><G47/><T115/><D115/><U18/><E18/><V37/><F37/><W125/><G125/><T41/><D99/><U130/><E130/><V24/><F21/><W19/><G90/><T70/><D20/><U119/><E31/><V80/><F80/><W76/><G84/><T72/><D72/><U117/><E33/><V87/><F49/><AGARI ba="1,0" hai="49,50,51,81,86,89,116,117,119,120,123" m="48169" machi="49" ten="40,8000,1" yaku="18,1,52,3" doraHai="113" who="1" fromWho="2" sc="140,0,369,83,314,-83,177,0" />
</Scene>
<Scene>
<INIT seed="3,0,0,0,2,20" ten="140,452,231,177" oya="3" hai0="6,10,120,89,34,43,17,100,135,123,113,75,54" hai1="84,45,15,68,29,58,50,64,67,5,90,101,24" hai2="56,118,41,53,33,59,31,107,38,7,11,66,36" hai3="81,39,103,42,62,77,25,134,40,37,78,122,82"/><W16/><G122/><T83/><D34/><U44/><E68/><V133/><F107/><W110/><G134/><T48/><D100/><U92/><E101/><V3/><F118/><W104/><G104/><T28/><D28/><U70/><E70/><V22/><F41/><N who="3" m="15979" /><G103/><T102/><D43/><U71/><E71/><V74/><F74/><W26/><G110/><T8/><D102/><U32/><E58/><V112/><F112/><W72/><G16/><T126/><D135/><U130/><E130/><V27/><F133/><W97/><G97/><T0/><D113/><U125/><E125/><V114/><F114/><W47/><G47/><N who="0" m="27935" /><D75/><U94/><E94/><V93/><F93/><W35/><G62/><T14/><D126/><U106/><E106/><V111/><F111/><W55/><G55/><T12/><D0/><U79/><E79/><N who="3" m="30218" /><G35/><T21/><D21/><U52/><E44/><V57/><F66/><W1/><G1/><T80/><D120/><U13/><E15/><V9/><F9/><W19/><G19/><T121/><D121/><U18/><E5/><V65/><F65/><W49/><G49/><T127/><D123/><U63/><E63/><V116/><F53/><W30/><G30/><T109/><D109/><U60/><E60/><V87/><F33/><W117/><G117/><T91/><D127/><U98/><E98/><V124/><F116/><W99/><G99/><T51/><D51/><U73/><E73/><V61/><F124/><W119/><G72/><T96/><D96/><U76/><E76/><V4/><F61/><W95/><G119/><T131/><D131/><RYUUKYOKU ba="0,0" sc="140,15,452,15,231,-15,177,-15" hai0="6,8,10,12,14,17,80,83,89,91" hai1="13,18,24,29,32,45,50,52,64,67,84,90,92" />
</Scene>
<Scene>
<INIT seed="4,1,0,0,2,97" ten="155,467,216,162" oya="0" hai0="0,56,59,50,69,80,46,12,16,125,23,116,131" hai1="55,94,134,39,11,135,26,111,37,92,33,118,108" hai2="89,1,21,15,133,75,70,49,64,51,86,96,74" hai3="48,126,7,14,81,30,104,5,32,42,36,22,129"/><T24/><D116/><U113/><E118/><V10/><F1/><W101/><G36/><N who="1" m="13898" /><E11/><V107/><F21/><W3/><G129/><T79/><D69/><U57/><E26/><V60/><F133/><N who="1" m="50697" /><E33/><V38/><F38/><W115/><G115/><T98/><D0/><U45/><E45/><V65/><F65/><W47/><G126/><T68/><D68/><U99/><E113/><V40/><F75/><W130/><G130/><T34/><D131/><U106/><E106/><V112/><F74/><W58/><G81/><T91/><D125/><U31/><E31/><V119/><F40/><W132/><G132/><T44/><D34/><U82/><E82/><V63/><F119/><W54/><G3/><T93/><D12/><U41/><E41/><V100/><F63/><W78/><G32/><T110/><D110/><U9/><E9/><V103/><F112/><W53/><G42/><N who="0" m="24855" /><D46/><U105/><E105/><V127/><F127/><W84/><G104/><T29/><D29/><U123/><E123/><V13/><F13/><W77/><G30/><T121/><D121/><U117/><E117/><V19/><REACH who="2" step="1"/><F103/><REACH who="2" ten="155,467,206,162" step="2"/><W27/><G101/><T88/><D79/><U67/><E67/><V90/><F90/><W8/><G77/><T122/><D122/><U2/><E2/><V66/><F66/><W43/><G78/><T124/><D124/><U4/><E111/><V114/><F114/><W17/><G14/><T128/><D128/><U6/><E108/><V28/><F28/><W72/><G72/><T20/><D23/><U61/><E61/><V85/><F85/><AGARI ba="1,1" hai="16,20,24,56,59,80,85,88,91,93,98" m="24855" machi="85" ten="30,5800,0" yaku="8,1,54,2" doraHai="97" who="0" fromWho="2" sc="155,71,467,0,206,-61,162,0" />
</Scene>
<Scene>
<INIT seed="4,2,0,1,1,118" ten="226,467,145,162" oya="0" hai0="27,110,1,130,59,56,54,60,44,103,30,5,14" hai1="121,84,31,42,76,28,124,39,19,12,120,109,104" hai2="66,13,10,45,108,22,9,61,33,75,32,106,63" hai3="107,132,122,82,29,57,98,24,79,101,91,127,35"/><T23/><D130/><U72/><E72/><V50/><F75/><W6/><G132/><T114/><D114/><U88/><E104/><V117/><F106/><W52/><G127/><T128/><D128/><U62/><E76/><V89/><F108/><W25/><G6/><T96/><D110/><U73/><E73/><V41/><F117/><W125/><G125/><T53/><D1/><U80/><E109/><V113/><F113/><W7/><G7/><T68/><D68/><U71/><E124/><V70/><F22/><W99/><G99/><T67/><D44/><U135/><E135/><V43/><F43/><W51/><G91/><T37/><D37/><U69/><E42/><V129/><F129/><W116/><G116/><T92/><D59/><U87/><E39/><V111/><F111/><W100/><G100/><T40/><D40/><U93/><E69/><V81/><F61/><W74/><REACH who="3" step="1"/><G25/><REACH who="3" ten="226,467,145,152" step="2"/><T112/><D112/><U15/><E88/><V64/><F89/><W20/><G20/><T48/><D48/><U58/><E62/><V78/><F33/><W77/><G77/><T49/><D49/><U119/><E119/><V85/><F32/><W95/><G95/><T83/><D83/><U102/><E93/><V105/><F105/><W123/><AGARI ba="2,1" hai="24,29,35,51,52,57,74,79,82,98,101,107,122,123" machi="123" ten="30,8000,1" yaku="1,1,0,1,52,2,54,1,53,0" doraHai="118" doraHaiUra="86" who="3" fromWho="3" sc="226,-42,467,-22,145,-22,152,96" />
</Scene>
<Scene>
<INIT seed="5,0,0,2,2,64" ten="184,445,123,248" oya="1" hai0="65,32,102,134,60,15,67,90,84,21,115,9,80" hai1="113,56,12,116,118,11,103,30,92,61,107,110,120" hai2="44,50,79,28,133,104,68,97,77,3,71,72,5" hai3="0,4,20,89,109,129,93,46,127,24,111,78,124"/><U132/><E107/><V26/><F133/><W17/><G129/><T29/><D134/><U42/><E132/><V73/><F79/><W117/><G117/><T101/><D32/><U27/><E42/><V52/><F5/><W99/><G78/><T1/><D1/><U25/><E120/><V2/><F2/><W19/><G46/><T6/><D115/><U105/><E105/><V94/><F104/><W70/><G70/><T119/><D119/><U95/><E113/><V130/><F3/><W112/><G112/><T76/><D90/><U108/><E103/><N who="0" m="39433" /><D60/><U57/><E61/><V91/><F130/><W98/><G98/><T106/><D106/><U10/><E12/><V63/><F63/><W49/><G49/><T58/><D58/><U43/><E43/><V54/><F54/><W47/><G47/><T82/><D82/><U53/><E53/><V45/><F45/><W88/><G89/><T75/><D75/><U74/><E30/><V38/><F38/><W16/><G4/><T121/><D121/><U37/><REACH who="1" step="1"/><E74/><REACH who="1" ten="184,435,123,248" step="2"/><V59/><F73/><W100/><G0/><T87/><D29/><U81/><E81/><V96/><F44/><W126/><G100/><T55/><D55/><U41/><E41/><V83/><REACH who="2" step="1"/><F96/><REACH who="2" ten="184,435,113,248" step="2"/><W36/><G36/><AGARI ba="0,2" hai="10,11,25,27,36,37,56,57,92,95,108,110,116,118" machi="36" ten="25,4800,0" yaku="1,1,22,2,53,0" doraHai="64" doraHaiUra="66" who="1" fromWho="3" sc="184,0,435,68,113,0,248,-48" />
</Scene>
<Scene>
<INIT seed="5,1,0,1,0,50" ten="184,503,113,200" oya="1" hai0="59,6,57,92,48,9,29,76,7,12,16,109,123" hai1="97,96,133,30,43,89,62,78,132,24,129,127,77" hai2="8,117,91,118,114,128,26,105,107,53,52,54,35" hai3="126,82,14,51,56,39,70,47,88,58,11,130,55"/><U15/><E127/><V83/><F128/><W121/><G121/><T46/><D109/><U38/><E62/><V104/><F8/><W32/><G32/><T33/><D123/><U84/><E15/><V68/><F68/><W5/><G70/><T0/><D76/><U111/><E129/><V63/><F63/><W135/><G130/><T122/><D122/><U34/><E111/><V25/><F114/><W17/><G126/><T120/><D120/><U115/><E115/><V125/><F125/><W22/><G39/><T67/><D67/><U81/><E43/><V66/><F66/><W103/><G103/><T23/><D7/><U45/><E45/><V19/><F19/><W4/><G135/><N who="1" m="51786" /><E38/><V42/><F42/><W37/><G37/><T1/><D1/><U75/><E77/><V36/><F36/><W80/><G80/><AGARI ba="1,0" hai="24,30,34,75,78,80,81,84,89,96,97" m="51786" machi="80" ten="30,1500,0" yaku="20,1" doraHai="50" who="1" fromWho="3" sc="184,0,503,18,113,0,200,-18" />
</Scene>
<Scene>
<INIT seed="5,2,0,2,0,133" ten="184,521,113,182" oya="1" hai0="82,107,74,76,2,1,10,93,108,22,89,117,38" hai1="57,90,64,0,33,3,24,52,67,40,125,115,31" hai2="54,128,49,12,68,80,116,134,86,135,9,44,96" hai3="20,88,34,25,99,118,131,120,110,73,91,21,29"/><U109/><E115/><V18/><F116/><W8/><G110/><T13/><D117/><U41/><E109/><V130/><F68/><W37/><G37/><T51/><D38/><U104/><E104/><V106/><F96/><W59/><G73/><T124/><D108/><U39/><E125/><V46/><F46/><W50/><G120/><T35/><D35/><U72/><E72/><V97/><F97/><W113/><G113/><T45/><D22/><U122/><E122/><V83/><F106/><W127/><G127/><T28/><D28/><U103/><E103/><V26/><F26/><W69/><G69/><T7/><D107/><U62/><E90/><V16/><F18/><W42/><G131/><N who="2" m="50217" /><F83/><W17/><G34/><T87/><REACH who="0" step="1"/><D124/><REACH who="0" ten="174,521,113,182" step="2"/><U81/><E33/><V105/><F105/><W14/><G118/><T30/><D30/><U43/><E31/><V102/><F102/><W98/><G21/><T23/><D23/><U114/><E39/><V95/><F95/><W78/><G20/><T85/><D85/><U65/><E114/><V123/><F123/><W19/><G29/><T6/><D6/><U71/><E24/><V126/><F126/><W121/><G25/><T79/><D79/><AGARI ba="2,1" hai="9,12,16,44,49,54,79,80,86,134,135" m="50217" machi="79" ten="30,2000,0" yaku="19,1,54,1" doraHai="133" who="2" fromWho="0" sc="174,-26,521,0,113,36,182,0" />
</Scene>
<Scene>
<INIT seed="6,0,0,1,0,58" ten="148,521,149,182" oya="2" hai0="97,44,132,65,88,1,2,19,38,94,135,91,69" hai1="129,0,98,39,128,107,20,16,120,76,95,134,96" hai2="117,110,112,63,70,85,126,106,80,18,103,52,79" hai3="77,83,41,64,71,105,82,87,3,74,17,53,125"/><V33/><F117/><W12/><G3/><T35/><D35/><U100/><E39/><V28/><F112/><W34/><G34/><T131/><D131/><N who="1" m="50251" /><E0/><V73/><F126/><W5/><G5/><T24/><D91/><N who="1" m="55423" /><E76/><V133/><F133/><N who="0" m="51274" /><D38/><U9/><E134/><V8/><F110/><W51/><G41/><T61/><D44/><U121/><E9/><V6/><F18/><W21/><G105/><T56/><D69/><U30/><E30/><V86/><F103/><W55/><G125/><T31/><D31/><U75/><E75/><V36/><F106/><W113/><G113/><T123/><D123/><U48/><E48/><V62/><F36/><W59/><G71/><T43/><D43/><U130/><E130/><V25/><F70/><W57/><G64/><T14/><D24/><AGARI ba="0,0" hai="16,20,24,98,100,107,120,121" m="55423,50251" machi="24" ten="30,2000,0" yaku="19,1,54,1" doraHai="58" who="1" fromWho="0" sc="148,-20,521,20,149,0,182,0" />
</Scene>
<Scene>
<INIT seed="7,0,0,2,4,128" ten="128,541,149,182" oya="3" hai0="79,9,18,45,110,8,103,96,114,37,91,54,11" hai1="27,80,125,134,12,84,64,44,106,13,41,40,107" hai2="135,65,47,115,94,7,22,105,10,57,127,126,70" hai3="14,93,92,3,123,133,102,111,81,55,77,52,43"/><W51/><G123/><T62/><D110/><U71/><E134/><V99/><F135/><W48/><G3/><T83/><D114/><U86/><E27/><V122/><F115/><W104/><G104/><T4/><D18/><U16/><E80/><V0/><F122/><W35/><G35/><T90/><D4/><U87/><E125/><N who="2" m="47627" /><F47/><N who="3" m="25727" /><G111/><T67/><D37/><U116/><E44/><V42/><F42/><W88/><G133/><T121/><D121/><U76/><E76/><V82/><F82/><W78/><G81/><T49/><D103/><U68/><E86/><V119/><F119/><W33/><G33/><T56/><REACH who="0" step="1"/><D96/><REACH who="0" ten="118,541,149,182" step="2"/><U25/><E16/><V97/><F105/><W95/><G102/><T72/><AGARI ba="0,1" hai="8,9,11,45,49,54,56,62,67,72,79,83,90,91" machi="72" ten="30,4000,0" yaku="1,1,2,1,0,1,53,0" doraHai="128" doraHaiUra="117" who="0" fromWho="0" sc="118,50,541,-10,149,-10,182,-20" owari="168,-3.0,531,63.0,139,-36.0,162,-24.0" />
</Scene>
</mjloggm>