<mjloggm ver="2.3"><GO type="41"/><UN n0="%E5%A4%AA%E3%81%8F%E3%81%AA%E3%81%84%E3%81%8A" n1="%51%57%45" n2="%73%74%61%72%63%72%79" n3="%6B%6B%62%6E%61%72%74" dan="15,13,13,14" rate="2068,1834,1891,1800" sx="M,M,M,M"/><TAIKYOKU oya="0"/>

<Scene>
<INIT seed="0,0,0,0,4,63" ten="250,250,250,250" oya="0" hai0="85,23,87,115,36,8,112,39,126,86,64,107,110" hai1="74,65,127,68,3,32,4,131,14,121,38,46,114" hai2="30,48,119,98,102,111,52,132,60,35,5,124,75" hai3="77,92,71,42,47,41,106,96,125,17,58,72,89"/><T84/><D107/><U57/><RYUUKYOKU type="yao9" ba="0,0" sc="250,0,250,0,250,0,250,0" hai1="3,4,14,32,38,46,57,65,68,74,114,121,127,131" />
</Scene>
<Scene>
<INIT seed="0,1,0,4,0,71" ten="250,250,250,250" oya="0" hai0="11,94,126,47,113,25,102,123,43,50,1,87,84" hai1="42,61,86,129,2,34,121,80,17,10,33,127,88" hai2="53,3,14,114,92,6,118,82,67,66,15,119,98" hai3="76,117,78,79,69,21,24,96,35,128,30,89,56"/><T27/><D123/><U124/><E121/><V125/><F114/><W110/><G117/><T36/><D113/><U105/><E105/><V19/><F82/><W9/><G69/><T107/><D126/><N who="1" m="48171" /><E129/><V41/><F41/><W57/><G110/><T13/><D1/><U20/><E61/><V109/><F125/><W99/><G128/><T72/><D72/><U103/><E103/><V116/><F109/><W45/><G45/><T44/><D107/><U68/><E68/><V4/><F3/><W83/><G9/><T28/><D102/><U23/><E42/><V77/><F77/><W133/><G133/><T131/><D131/><U132/><E132/><V111/><F111/><W40/><G35/><N who="1" m="13322" /><E17/><V93/><F98/><W104/><G104/><T5/><D94/><U115/><E115/><V8/><F53/><W22/><G40/><T74/><D74/><U18/><E18/><V38/><F38/><W95/><G99/><T101/><D101/><U75/><E75/><V100/><F100/><W134/><G134/><T106/><D106/><U60/><E60/><V37/><F37/><W85/><G79/><T51/><D36/><U29/><E29/><V32/><F32/><W48/><G76/><T135/><D135/><U49/><E49/><V108/><F108/><W65/><G48/><T58/><D58/><N who="3" m="22633" /><G65/><N who="2" m="24585" /><F19/><W0/><G0/><T55/><REACH who="0" step="1"/><D28/><REACH who="0" ten="240,250,250,250" step="2"/><U73/><E73/><V112/><F112/><W90/><G78/><T62/><D62/><U31/><E31/><V54/><F93/><W52/><G30/><T64/><D64/><U12/><E2/><V7/><F92/><RYUUKYOKU ba="1,1" sc="240,15,250,15,250,-15,250,-15" hai0="5,11,13,25,27,43,44,47,50,51,55,84,87" hai1="10,12,20,23,80,86,88" />
</Scene>
<Scene>
<INIT seed="0,2,1,4,1,86" ten="255,265,235,235" oya="0" hai0="118,7,18,81,16,57,124,37,76,100,53,112,114" hai1="50,42,43,33,106,36,14,72,58,47,88,121,98" hai2="60,82,68,77,130,104,49,127,90,31,115,35,92" hai3="97,26,117,11,0,54,10,5,30,46,1,20,73"/><T110/><D118/><U74/><E33/><V59/><F115/><W75/><G117/><T107/><D37/><U17/><E121/><V128/><F104/><W39/><G97/><T125/><D7/><U62/><E42/><V34/><F68/><W87/><G87/><N who="0" m="48551" /><D100/><U131/><E131/><N who="2" m="50219" /><F49/><W135/><G135/><T108/><D107/><U40/><E40/><V56/><F31/><W69/><G69/><T70/><D70/><U134/><E36/><V44/><F44/><W2/><G2/><T9/><D114/><U23/><E134/><V120/><F120/><W12/><G12/><N who="0" m="7183" /><D18/><U91/><E106/><V129/><N who="2" m="50227" /><V38/><DORA hai="96" /><F127/><N who="0" m="48714" /><D112/><U51/><E51/><AGARI ba="2,1" hai="51,53,57,108,110" m="48714,7183,48551" machi="51" ten="30,2900,0" yaku="18,1,54,1" doraHai="86,96" who="0" fromWho="1" sc="255,45,265,-35,235,0,235,0" />
</Scene>
<Scene>
<INIT seed="0,3,0,3,2,52" ten="300,230,235,235" oya="0" hai0="72,75,119,33,53,128,54,132,10,37,129,43,50" hai1="101,93,103,20,133,23,61,15,35,92,27,83,113" hai2="94,109,107,57,115,135,88,114,70,123,51,127,66" hai3="44,3,81,108,85,130,38,77,86,110,12,82,60"/><T47/><D119/><U106/><E106/><V32/><F70/><W5/><G3/><T98/><D33/><U117/><E117/><V105/><F32/><W4/><G130/><N who="0" m="50283" /><D132/><U22/><E133/><V90/><F123/><W111/><G60/><T11/><D98/><U104/><E104/><V56/><F135/><W7/><G12/><T41/><D54/><U55/><E35/><V78/><F78/><W102/><G102/><T134/><D134/><U79/><E27/><V59/><F51/><W126/><G126/><T30/><D30/><U2/><E2/><V28/><F28/><W76/><G44/><N who="0" m="23599" /><D43/><U1/><E1/><V42/><F42/><W31/><G31/><T95/><D95/><U131/><E92/><V96/><F66/><W16/><G38/><T64/><D64/><U58/><E93/><V39/><F39/><W6/><G6/><T67/><D67/><U121/><E131/><V80/><F127/><W14/><REACH who="3" step="1"/><G14/><REACH who="3" ten="300,230,235,225" step="2"/><T25/><D25/><U34/><E15/><V19/><F19/><AGARI ba="3,1" hai="4,5,7,16,19,76,77,81,82,85,86,108,110,111" machi="19" ten="50,8000,1" yaku="1,1,2,1,9,1,14,1,54,1,53,0" doraHai="52" doraHaiUra="84" who="3" fromWho="2" sc="300,0,230,0,235,-89,225,99" />
</Scene>
<Scene>
<INIT seed="1,0,0,4,4,81" ten="300,230,146,324" oya="1" hai0="111,2,25,59,55,48,125,116,106,30,44,95,86" hai1="14,63,10,39,51,11,91,107,41,131,77,28,46" hai2="16,50,98,52,26,129,32,9,103,3,89,61,102" hai3="0,1,120,21,69,82,83,78,60,108,38,57,92"/><U85/><E131/><V67/><F3/><W49/><G49/><BYE who="3" /><T8/><D116/><U97/><E28/><V122/><F122/><W6/><G6/><T35/><D106/><U15/><E63/><V12/><F129/><W4/><G4/><T68/><D68/><U99/><E77/><V54/><F32/><W53/><G53/><T5/><D111/><U76/><E76/><V13/><F26/><W88/><G88/><T94/><D125/><U112/><E112/><V135/><F135/><W37/><G37/><T126/><D126/><U7/><E39/><V93/><F54/><W64/><G64/><T18/><D86/><U119/><E119/><V127/><F13/><W80/><G80/><T118/><D118/><U47/><E47/><V45/><F127/><W24/><G24/><T22/><REACH who="0" step="1"/><D44/><REACH who="0" ten="290,230,146,324" step="2"/><U34/><E107/><V117/><REACH who="2" step="1"/><F117/><REACH who="2" ten="290,230,136,324" step="2"/><W23/><G23/><T133/><D133/><U84/><E34/><V100/><F100/><W105/><G105/><T66/><D66/><U124/><E124/><V71/><AGARI ba="0,2" hai="9,12,16,45,50,52,61,67,71,89,93,98,102,103" machi="71" ten="20,8000,1" yaku="1,1,0,1,7,1,54,2,53,0" doraHai="81" doraHaiUra="27" who="2" fromWho="2" sc="290,-20,230,-40,136,100,324,-20" />
</Scene>
<Scene>
<INIT seed="2,0,0,4,5,119" ten="270,190,236,304" oya="2" hai0="74,43,85,97,14,130,19,13,37,135,92,6,116" hai1="128,84,123,9,83,56,35,72,0,23,63,57,71" hai2="5,112,100,45,44,55,65,69,49,28,80,48,106" hai3="117,11,73,110,24,90,46,29,94,81,30,21,113"/><V121/><F112/><W70/><G70/><T12/><D74/><U15/><E35/><V39/><F5/><W115/><G115/><T89/><D116/><U109/><E109/><V3/><F3/><W40/><G40/><T108/><D108/><U17/><E128/><V111/><F111/><W41/><G41/><T59/><D130/><U104/><E104/><V68/><F80/><W132/><G132/><T82/><D135/><U42/><E42/><N who="2" m="22623" /><F28/><W118/><G118/><T50/><D37/><U25/><E72/><V2/><F2/><W127/><G127/><T54/><D43/><U88/><E0/><V47/><F100/><W103/><G103/><T67/><D67/><U86/><E123/><V27/><F27/><W75/><G75/><T107/><D107/><U10/><E10/><V101/><F101/><W8/><G8/><T33/><D33/><U52/><E71/><N who="2" m="27211" /><F106/><W36/><G36/><T114/><D114/><U105/><E105/><V134/><F134/><W76/><G76/><T64/><D64/><U93/><E57/><V102/><F102/><W126/><G126/><T99/><D6/><N who="1" m="3511" /><E83/><V31/><F31/><W62/><G62/><T122/><D122/><U16/><E17/><V77/><F77/><W91/><G91/><N who="0" m="55455" /><D99/><AGARI ba="0,0" hai="16,23,25,52,56,63,84,86,88,93,99" m="3511" machi="99" ten="30,8000,1" yaku="25,1,8,1,54,3" doraHai="119" who="1" fromWho="0" sc="270,-80,190,80,236,0,304,0" />
</Scene>
<Scene>
<INIT seed="3,0,0,2,4,89" ten="190,270,236,304" oya="3" hai0="76,7,62,85,48,73,132,92,58,67,37,100,82" hai1="43,75,83,65,116,77,31,59,19,124,14,134,55" hai2="46,24,9,6,50,0,26,35,49,130,64,45,13" hai3="52,32,2,91,54,44,47,112,15,131,86,107,23"/><W122/><G122/><T36/><D132/><U53/><E134/><V4/><F130/><W127/><G127/><T118/><D118/><U88/><E124/><V34/><F64/><W70/><G70/><T3/><D3/><U128/><E128/><V42/><F0/><W11/><G11/><T74/><D7/><U40/><E31/><V21/><F4/><UN n3="%6B%6B%62%6E%61%72%74" /><W95/><G112/><T60/><D48/><U51/><E65/><V1/><F1/><W94/><G2/><T110/><D110/><U38/><E38/><V109/><F109/><W68/><G32/><T8/><D8/><U120/><E120/><V99/><F99/><W18/><G68/><T101/><D62/><U96/><E116/><V97/><F97/><W90/><G107/><T80/><D74/><U93/><REACH who="1" step="1"/><E55/><REACH who="1" ten="190,260,236,304" step="2"/><N who="3" m="21034" /><G131/><T57/><D37/><U123/><E123/><V63/><F63/><W17/><G17/><T121/><D36/><U126/><E126/><V115/><F115/><W87/><AGARI ba="0,1" hai="15,18,23,44,47,86,87,90,91,94,95" m="21034" machi="87" ten="30,11700,0" yaku="8,1,52,2,54,1" doraHai="89" who="3" fromWho="3" sc="190,-39,260,-39,236,-39,304,127" />
</Scene>
<Scene>
<INIT seed="3,1,0,5,2,28" ten="151,221,197,431" oya="3" hai0="27,22,51,65,116,72,9,88,90,25,91,45,132" hai1="11,50,120,85,62,12,117,112,118,57,94,24,108" hai2="131,76,10,119,33,125,123,44,3,115,101,81,73" hai3="92,109,113,79,135,8,37,58,103,74,107,99,52"/><W15/><G113/><T31/><D116/><U26/><E112/><V122/><F115/><W66/><G37/><T110/><D72/><U89/><E120/><V35/><F119/><N who="1" m="45577" /><E50/><V5/><F131/><W7/><G109/><T59/><D110/><U0/><E0/><V121/><F125/><W77/><G135/><T53/><D132/><U48/><E48/><V80/><F80/><W55/><G74/><T124/><D124/><U6/><E108/><V96/><REACH who="2" step="1"/><F44/><REACH who="2" ten="151,221,187,431" step="2"/><W82/><G82/><T17/><D9/><U18/><E6/><V111/><F111/><W2/><G2/><T83/><D83/><U29/><E29/><V134/><F134/><W63/><G107/><AGARI ba="1,1" hai="3,5,10,33,35,73,76,81,96,101,107,121,122,123" machi="107" ten="40,12000,2" yaku="1,1,13,1,23,2,52,2,53,0" doraHai="28" doraHaiUra="114" who="2" fromWho="3" sc="151,0,221,0,187,133,431,-123" />
</Scene>
<Scene>
<INIT seed="4,0,0,1,4,93" ten="151,221,320,308" oya="0" hai0="130,95,128,52,10,11,59,28,77,8,46,12,14" hai1="96,121,17,102,70,84,69,9,3,20,129,74,125" hai2="120,63,22,73,81,60,124,117,91,47,127,87,113" hai3="13,103,7,57,0,34,33,56,99,108,6,44,123"/><T68/><D68/><U16/><E74/><V58/><F120/><W19/><G123/><T51/><D28/><U76/><E121/><V86/><F73/><W98/><G0/><T4/><D77/><U78/><E125/><V132/><F113/><W111/><G103/><T27/><D27/><U71/><E129/><V134/><F47/><W80/><G80/><T48/><D95/><U110/><E110/><V83/><F22/><W43/><G44/><T64/><D64/><U131/><E131/><N who="0" m="50217" /><D4/><U35/><E35/><V72/><F72/><W21/><G21/><T116/><D116/><U114/><E114/><V82/><F117/><W18/><G13/><T5/><D5/><U97/><E3/><V92/><F58/><W40/><AGARI ba="0,0" hai="6,7,18,19,33,34,40,43,56,57,98,99,108,111" machi="40" ten="25,8000,1" yaku="0,1,22,2,52,2" doraHai="93" who="3" fromWho="3" sc="151,-40,221,-20,320,-20,308,80" />
</Scene>
<Scene>
<INIT seed="5,0,0,5,0,1" ten="111,201,300,388" oya="1" hai0="101,23,20,5,128,37,85,60,52,58,73,53,107" hai1="77,38,72,6,91,10,36,44,65,89,46,30,16" hai2="94,103,121,124,57,59,87,43,71,134,55,69,39" hai3="63,7,76,110,135,80,29,118,123,79,66,32,11"/><U8/><E30/><V122/><F124/><W98/><G123/><T104/><D73/><U15/><E65/><V31/><F134/><W49/><G110/><T54/><D37/><U14/><E38/><V12/><F31/><W125/><G125/><T109/><D109/><U48/><E36/><V84/><F43/><W40/><G135/><T2/><D128/><U0/><E0/><V117/><F39/><W47/><G118/><T93/><D85/><U120/><E120/><V133/><F117/><W61/><G98/><T4/><D107/><U56/><E56/><V3/><F133/><W13/><G66/><N who="0" m="39191" /><D104/><U51/><E72/><V127/><F3/><W88/><G76/><T28/><D2/><U9/><E77/><V96/><F127/><W112/><G112/><T34/><D34/><U45/><E9/><V90/><F84/><N who="3" m="48159" /><G88/><AGARI ba="0,0" hai="6,8,10,14,15,16,44,45,46,48,51,88,89,91" machi="88" ten="40,12000,1" yaku="8,1,52,1,54,2" doraHai="1" who="1" fromWho="3" sc="111,0,201,120,300,0,388,-120" />
</Scene>
<Scene>
<INIT seed="5,1,0,2,3,53" ten="111,321,300,268" oya="1" hai0="17,62,41,101,109,116,38,78,19,26,22,45,55" hai1="59,88,82,51,13,1,29,58,92,96,125,11,117" hai2="64,135,25,69,85,129,83,126,77,46,119,14,124" hai3="89,16,87,48,110,6,94,123,20,134,65,60,133"/><U2/><E117/><V73/><F119/><W4/><G123/><T47/><D109/><U90/><E125/><V10/><F25/><N who="3" m="14471" /><G110/><T34/><D116/><U91/><E29/><V127/><F73/><W97/><G48/><T80/><D101/><N who="1" m="60551" /><E2/><V74/><F74/><W122/><G122/><T37/><D34/><U130/><E1/><V39/><F39/><W121/><G121/><T76/><D19/><N who="1" m="8639" /><E130/><V104/><F104/><W100/><G100/><T63/><D76/><U115/><E115/><V9/><F129/><W86/><G86/><T33/><D33/><U111/><E111/><V50/><F135/><N who="3" m="51723" /><G87/><T131/><D131/><U132/><E132/><V36/><F36/><W72/><G72/><T28/><D28/><U57/><E51/><V108/><F108/><W44/><G44/><T93/><D37/><U112/><E112/><V52/><REACH who="2" step="1"/><F14/><REACH who="2" ten="111,321,290,268" step="2"/><W0/><G0/><T118/><D118/><U120/><E120/><V31/><F31/><W7/><G7/><T24/><D38/><U8/><E8/><V102/><F102/><W98/><G98/><T114/><D114/><U43/><E43/><V61/><AGARI ba="1,1" hai="9,10,46,50,52,61,64,69,77,83,85,124,126,127" machi="61" ten="40,8000,1" yaku="1,1,0,1,18,1,54,1,53,0" doraHai="53" doraHaiUra="35" who="2" fromWho="2" sc="111,-21,321,-41,290,93,268,-21" />
</Scene>
<Scene>
<INIT seed="6,0,0,0,2,57" ten="90,280,383,247" oya="2" hai0="4,78,80,23,86,22,7,110,113,121,108,102,3" hai1="119,72,129,95,88,20,109,68,103,14,13,66,82" hai2="116,32,43,8,61,105,97,89,132,25,0,65,135" hai3="62,64,40,77,28,51,33,104,63,11,34,53,83"/><V85/><F116/><W41/><G104/><T90/><D121/><U124/><E109/><V117/><F43/><N who="3" m="16459" /><G34/><T134/><D113/><U24/><E119/><V9/><F117/><W115/><G115/><T100/><D134/><N who="2" m="51242" /><F0/><W10/><G33/><T79/><D3/><U49/><E103/><N who="2" m="62703" /><F89/><W106/><G106/><T81/><D86/><U76/><E88/><AGARI ba="0,0" hai="4,7,22,23,78,79,80,81,88,90,100,102,108,110" machi="88" ten="25,3200,0" yaku="22,2,54,1" doraHai="57" who="0" fromWho="1" sc="90,32,280,-32,383,0,247,0" />
</Scene>
<Scene>
<INIT seed="7,0,0,4,0,29" ten="122,248,383,247" oya="3" hai0="12,64,117,23,116,114,16,124,32,70,8,45,49" hai1="41,5,102,53,55,20,4,10,11,80,28,103,123" hai2="88,107,77,79,86,72,73,3,34,51,36,40,13" hai3="52,113,87,7,122,106,54,93,42,43,46,1,63"/><W105/><G122/><T119/><D124/><U130/><E123/><V92/><F3/><W58/><G113/><T118/><N who="0" m="29696" /><DORA hai="61" /><T24/><D114/><U31/><E41/><V131/><F36/><W98/><G1/><T127/><D127/><U39/><E39/><V95/><F13/><W94/><G7/><T50/><D45/><U62/><E62/><V101/><F34/><W67/><G106/><T111/><D111/><U133/><E20/><V104/><F51/><W59/><G105/><N who="2" m="40521" /><F40/><N who="3" m="15403" /><G98/><T135/><D135/><U30/><E80/><V69/><F69/><W128/><G87/><T48/><D70/><U2/><E130/><V81/><F131/><W91/><G91/><T56/><D32/><U90/><E90/><V110/><F110/><W121/><G121/><T65/><REACH who="0" step="1"/><D56/><REACH who="0" ten="112,248,383,247" step="2"/><U84/><E133/><V76/><F101/><W125/><G125/><T60/><D60/><U22/><E103/><V100/><F100/><W15/><G128/><T47/><D47/><U26/><E102/><V18/><F18/><AGARI ba="0,1" hai="8,12,16,18,23,24,48,49,50,64,65" m="29696" machi="18" ten="70,8000,1" yaku="1,1,52,2,54,1,53,0" doraHai="29,61" doraHaiUra="82,71" who="0" fromWho="2" sc="112,90,248,0,383,-80,247,0" owari="202,-30.0,248,5.0,303,40.0,247,-15.0" />
</Scene>
</mjloggm>