<mjloggm ver="2.3"><GO type="97"/><UN n0="%61%6E%69%6B%69" n1="%E3%81%BB%E3%81%B7%E3%82%8A%E3%81%9F%E3%81%84" n2="%E5%A4%AA%E3%81%8F%E3%81%AA%E3%81%84%E3%81%8A" n3="%E8%87%AA%E7%A7%B0%E6%9C%80%E5%BC%B7%E9%9B%80%E5%A3%AB%EF%BC%92" dan="15,13,14,15" rate="1992,1886,2052,1997" sx="M,M,M,M"/><TAIKYOKU oya="0"/>

<Scene>
<INIT seed="0,0,0,3,0,67" ten="250,250,250,250" oya="0" hai0="17,11,34,92,56,35,65,8,15,112,0,2,53" hai1="96,122,62,19,118,75,18,72,123,101,78,70,6" hai2="82,59,68,28,13,114,16,26,55,25,21,80,121" hai3="111,104,85,103,108,63,116,47,88,125,79,4,14"/><T81/><D112/><U57/><E118/><V95/><F114/><W130/><G116/><T97/><D65/><U134/><E6/><V30/><F121/><W127/><G130/><T93/><D81/><U52/><E70/><V38/><F68/><W102/><G63/><T29/><D92/><U69/><E69/><V86/><F38/><W94/><G47/><T89/><D8/><U76/><E76/><V49/><F95/><W44/><G44/><T77/><D77/><U83/><E72/><V31/><REACH who="2" step="1"/><F80/><REACH who="2" ten="250,250,240,250" step="2"/><N who="3" m="47263" /><G104/><T40/><D93/><U113/><E113/><V133/><F133/><W84/><G103/><T106/><D106/><U91/><E134/><V61/><F61/><W71/><G102/><T39/><D39/><U87/><E101/><V32/><F32/><W50/><G71/><T129/><D35/><U98/><E122/><V73/><F73/><W120/><G50/><T46/><D34/><U99/><REACH who="1" step="1"/><E123/><REACH who="1" ten="250,240,240,250" step="2"/><V126/><F126/><W119/><G120/><T22/><D129/><U128/><E128/><V124/><F124/><W43/><G119/><T135/><D135/><U33/><E33/><V132/><F132/><W60/><G125/><T37/><D37/><U12/><E12/><V100/><F100/><W27/><G127/><T66/><D15/><U58/><E58/><V23/><F23/><W51/><G14/><T41/><D56/><U110/><E110/><V1/><F1/><W117/><G111/><T9/><D0/><U90/><E90/><AGARI ba="0,2" hai="13,16,21,25,26,28,30,31,49,55,59,82,86,90" machi="90" ten="40,5200,0" yaku="1,1,8,1,54,1,53,0" doraHai="67" doraHaiUra="105" who="2" fromWho="1" sc="250,0,240,-52,240,72,250,0" />
</Scene>
<Scene>
<INIT seed="1,0,0,2,4,92" ten="250,188,312,250" oya="1" hai0="74,41,38,120,116,107,37,105,60,12,51,61,31" hai1="52,132,53,84,42,98,121,128,131,78,126,100,25" hai2="34,119,66,81,67,82,26,130,104,10,112,134,17" hai3="24,18,43,20,118,97,33,58,59,75,0,83,109"/><U8/><E121/><V125/><F119/><W23/><G33/><T77/><D116/><U35/><E132/><V123/><F123/><W86/><G118/><T47/><D120/><U133/><E133/><V2/><F134/><W90/><G75/><T55/><D31/><U65/><E126/><V15/><F104/><W73/><G0/><T111/><D111/><U21/><E42/><V76/><F125/><W40/><G109/><T13/><D77/><U36/><E35/><V44/><F130/><N who="1" m="49705" /><E65/><V54/><F112/><W57/><G73/><T5/><D74/><U56/><E36/><V46/><F2/><W50/><G50/><T94/><D5/><U117/><E56/><V28/><F82/><W113/><G113/><T6/><D6/><U95/><E8/><V22/><F34/><W115/><G115/><T64/><D64/><N who="2" m="24618" /><F54/><N who="1" m="21097" /><E117/><V62/><F62/><W19/><G43/><T110/><D61/><U7/><E7/><V122/><F122/><W16/><G40/><T39/><D60/><U71/><E71/><V32/><F32/><W114/><G114/><T72/><D55/><U14/><E14/><V29/><F29/><N who="3" m="17543" /><G23/><T9/><D110/><U108/><E108/><V70/><F70/><W103/><G103/><T30/><D38/><U106/><E106/><V1/><F1/><W11/><G11/><T101/><D39/><U93/><E21/><V91/><F46/><W63/><G63/><T96/><D37/><U68/><E68/><V99/><F44/><W85/><G83/><T102/><D107/><N who="1" m="63895" /><E25/><V124/><F124/><W87/><G90/><T88/><D88/><RYUUKYOKU ba="0,0" sc="250,-15,188,15,312,-15,250,15" hai1="78,84,93,95" hai3="16,18,19,57,58,59,85,86,87,97" />
</Scene>
<Scene>
<INIT seed="1,1,0,1,0,40" ten="235,203,297,265" oya="1" hai0="33,37,92,73,93,100,130,39,42,90,63,102,94" hai1="12,8,91,43,108,0,25,32,117,118,46,89,1" hai2="23,47,99,11,131,69,6,21,95,3,67,83,87" hai3="101,30,4,70,125,135,96,65,111,84,97,35,15"/><U77/><E77/><V75/><F75/><W129/><G129/><T78/><D33/><U116/><E108/><V113/><F131/><W68/><G111/><T22/><D130/><U76/><E76/><V51/><F113/><W26/><G135/><T5/><D5/><U71/><E71/><V112/><F112/><W20/><G125/><T31/><D37/><U45/><E32/><V126/><F126/><W79/><G96/><T57/><D90/><U104/><E25/><V109/><F109/><W2/><G2/><T121/><D121/><U107/><E43/><V80/><F67/><W49/><G49/><T72/><D72/><U62/><E62/><V123/><F69/><W56/><G56/><T52/><D78/><U61/><E61/><V88/><F123/><W16/><G4/><T132/><D73/><U34/><E34/><V64/><F64/><W19/><G19/><T103/><D132/><U119/><E118/><V122/><F122/><W55/><G55/><T66/><D39/><U10/><E119/><V7/><F7/><W98/><G98/><T53/><D42/><U127/><E12/><V14/><F3/><W106/><REACH who="3" step="1"/><G65/><REACH who="3" ten="235,203,297,255" step="2"/><T74/><D74/><U115/><REACH who="1" step="1"/><E127/><REACH who="1" ten="235,193,297,255" step="2"/><V59/><F51/><W124/><G124/><T58/><REACH who="0" step="1"/><D58/><REACH who="0" ten="225,193,297,255" step="2"/><U134/><E134/><V41/><F59/><W54/><G54/><T85/><D85/><U82/><E82/><AGARI ba="1,3" hai="15,16,20,26,30,35,68,70,79,82,84,97,101,106" machi="82" ten="40,2600,0" yaku="1,1,54,1,53,0" doraHai="40" doraHaiUra="120" who="3" fromWho="1" sc="225,0,193,-29,297,0,255,59" />
</Scene>
<Scene>
<INIT seed="2,0,0,3,3,74" ten="225,164,297,314" oya="2" hai0="67,3,33,37,117,83,4,24,38,103,79,125,11" hai1="40,59,115,56,76,48,19,20,78,85,46,98,28" hai2="134,114,132,39,133,116,18,91,95,112,23,13,52" hai3="119,63,73,14,51,57,60,129,2,106,102,70,90"/><V104/><F116/><W96/><G2/><T121/><D121/><U135/><E115/><N who="2" m="44075" /><F104/><W27/><G119/><T105/><D117/><U36/><E135/><V62/><F39/><W101/><G101/><T29/><D67/><U45/><E28/><V65/><F52/><W87/><G70/><T97/><D125/><U47/><E36/><V75/><F75/><AGARI ba="0,0" hai="3,4,11,24,29,33,37,38,75,79,83,97,103,105" machi="75" ten="30,8000,1" yaku="7,1,33,3,52,1" doraHai="74" who="0" fromWho="2" sc="225,80,164,0,297,-80,314,0" />
</Scene>
<Scene>
<INIT seed="3,0,0,5,2,132" ten="305,164,217,314" oya="3" hai0="120,6,18,88,10,19,61,71,21,36,13,67,87" hai1="29,15,39,2,27,72,107,130,25,92,122,3,90" hai2="48,89,106,69,76,91,7,119,99,104,37,95,30" hai3="74,44,111,55,102,62,47,5,126,33,73,65,58"/><W108/><G33/><T83/><D120/><U116/><E39/><V133/><F119/><W64/><G126/><T43/><REACH who="0" step="1"/><D21/><REACH who="0" ten="295,164,217,314" step="2"/><U112/><E122/><V124/><F133/><W54/><G5/><T81/><D81/><U63/><E116/><V40/><F7/><W38/><G38/><T35/><D35/><U20/><E130/><V24/><F37/><W46/><G102/><T51/><D51/><U11/><E112/><V16/><F48/><W118/><G118/><T93/><D93/><U70/><E107/><V125/><F95/><W56/><G46/><AGARI ba="0,1" hai="6,10,13,18,19,36,43,46,61,67,71,83,87,88" machi="46" ten="40,2600,0" yaku="1,1,54,1,53,0" doraHai="132" doraHaiUra="117" who="0" fromWho="3" sc="295,36,164,0,217,0,314,-26" owari="331,43.0,164,-34.0,217,-18.0,288,9.0" />
</Scene>
</mjloggm>