<mjloggm ver="2.3"><GO type="97"/><UN n0="%E3%82%A8%E3%83%AB%E2%98%86" n1="%41%6E%6E%69%6E%2A" n2="%E5%A4%AA%E3%81%8F%E3%81%AA%E3%81%84%E3%81%8A" n3="%E3%81%BF%E3%82%84%E3%81%96%E3%81%8D" dan="14,13,15,14" rate="1940,1928,2048,1867" sx="M,F,M,M"/><TAIKYOKU oya="0"/>

<Scene>
<INIT seed="0,0,0,4,2,4" ten="250,250,250,250" oya="0" hai0="27,116,119,6,28,132,51,110,59,130,66,7,63" hai1="105,46,91,96,43,42,52,111,127,44,18,64,11" hai2="36,49,9,60,120,114,109,22,89,131,122,65,21" hai3="31,13,75,10,125,112,133,81,77,70,74,78,123"/><T68/><D130/><U20/><E64/><V95/><F36/><W72/><G112/><T57/><D132/><U48/><E105/><V79/><F114/><W118/><G118/><T84/><D68/><U117/><E111/><V29/><F79/><W33/><G133/><T56/><D110/><U54/><E127/><V8/><F109/><W16/><G125/><T83/><D51/><N who="1" m="28791" /><E117/><V124/><F124/><W32/><G70/><T47/><D47/><U19/><E20/><V15/><F131/><W92/><G92/><T104/><D104/><U58/><E58/><N who="2" m="37015" /><F122/><W0/><G0/><T41/><D41/><U80/><E96/><N who="2" m="57455" /><F120/><W97/><G123/><T38/><D38/><U35/><E35/><V23/><F29/><W88/><G33/><T134/><D57/><U3/><E3/><V25/><F25/><W93/><REACH who="3" step="1"/><G81/><REACH who="3" ten="250,250,250,240" step="2"/><T39/><D134/><U30/><E80/><V17/><F49/><W69/><G69/><T99/><D119/><U26/><E48/><V129/><F129/><W34/><G34/><T67/><D116/><U24/><E24/><AGARI ba="0,1" hai="10,13,16,24,31,32,72,74,75,77,78,88,93,97" machi="24" ten="40,8000,1" yaku="1,1,52,1,54,2,53,0" doraHai="4" doraHaiUra="45" who="3" fromWho="1" sc="250,0,250,-80,250,0,240,90" />
</Scene>
<Scene>
<INIT seed="1,0,0,5,2,108" ten="250,170,250,330" oya="1" hai0="67,90,57,89,11,22,65,38,112,15,72,110,71" hai1="56,82,14,26,16,17,58,19,117,54,30,116,43" hai2="118,91,128,68,132,125,73,20,44,59,5,78,85" hai3="23,21,80,127,104,50,62,3,47,126,12,79,124"/><U51/><E82/><V115/><F118/><W107/><G3/><T101/><D110/><U97/><E97/><V31/><F68/><W49/><G62/><T53/><D38/><U42/><E56/><V83/><F132/><W48/><G47/><T130/><D72/><U102/><E102/><V77/><F128/><W100/><G100/><T33/><D130/><U46/><E43/><V25/><F125/><W119/><G119/><T106/><D33/><U1/><E14/><V36/><F5/><W60/><G60/><T7/><D71/><U55/><E1/><V27/><F115/><W111/><G111/><T135/><D112/><U61/><REACH who="1" step="1"/><E54/><REACH who="1" ten="250,160,250,330" step="2"/><V70/><F59/><W24/><G12/><N who="0" m="5247" /><D57/><U37/><E37/><V45/><F36/><W2/><G2/><T103/><D53/><U34/><AGARI ba="0,1" hai="16,17,19,26,30,34,42,46,51,55,58,61,116,117" machi="34" ten="30,6000,0" yaku="1,1,0,1,54,1,53,0" doraHai="108" doraHaiUra="9" who="1" fromWho="1" sc="250,-20,160,70,250,-20,330,-20" />
</Scene>
<Scene>
<INIT seed="1,1,0,2,2,115" ten="230,230,230,310" oya="1" hai0="124,20,8,13,69,7,41,48,26,83,103,91,30" hai1="99,61,39,125,104,58,28,29,23,35,113,54,130" hai2="40,94,126,81,98,5,36,44,16,27,62,102,1" hai3="119,71,96,118,134,0,75,25,108,88,53,68,56"/><U77/><E113/><V66/><F126/><W101/><G75/><T117/><D124/><U86/><E35/><V9/><F81/><W46/><G0/><T24/><D69/><U109/><E125/><V6/><F1/><W132/><G46/><T55/><D103/><U97/><E39/><V21/><REACH who="2" step="1"/><F9/><REACH who="2" ten="230,230,220,310" step="2"/><W107/><G132/><T18/><D83/><N who="1" m="47471" /><E109/><V14/><F14/><W42/><G134/><T106/><D13/><U114/><E104/><V111/><F111/><W79/><G108/><T67/><D106/><U93/><E114/><V33/><F33/><W123/><G107/><T121/><D8/><U2/><E2/><V82/><F82/><W43/><G25/><T11/><D24/><U105/><E105/><V133/><F133/><W92/><G79/><T59/><D26/><U80/><E80/><V63/><F63/><W50/><G123/><T19/><D11/><U15/><E15/><V89/><F89/><W60/><G71/><AGARI ba="1,1" hai="5,6,16,21,27,36,40,44,62,66,71,94,98,102" machi="71" ten="30,3900,0" yaku="1,1,7,1,54,1,53,0" doraHai="115" doraHaiUra="120" who="2" fromWho="3" sc="230,0,230,0,220,52,310,-42" />
</Scene>
<Scene>
<INIT seed="2,0,0,5,1,18" ten="230,230,272,268" oya="2" hai0="64,29,36,114,96,115,25,100,75,66,40,126,103" hai1="81,74,94,62,109,13,23,49,123,131,47,128,53" hai2="21,16,34,5,119,55,68,17,32,58,104,59,1" hai3="132,110,12,134,97,121,99,130,24,10,91,42,79"/><V118/><F68/><W6/><G121/><T76/><D126/><U120/><E109/><V92/><F104/><W8/><G110/><T31/><D76/><N who="1" m="44183" /><E62/><V108/><F108/><W95/><G79/><T22/><D75/><U84/><E84/><V135/><F135/><N who="3" m="51755" /><G42/><T14/><D14/><U39/><E39/><V7/><F92/><W122/><G122/><N who="1" m="46634" /><E94/><V33/><F1/><W57/><G57/><T51/><D36/><U102/><E102/><V133/><F133/><W125/><G125/><T38/><D38/><U117/><E117/><V107/><F107/><W50/><G50/><T73/><D73/><U52/><E53/><V11/><F55/><W116/><G116/><T89/><D89/><U111/><E111/><V90/><F90/><W37/><G37/><T129/><D96/><U27/><E13/><V124/><F124/><W83/><G83/><T67/><D40/><U26/><E27/><V54/><F54/><W63/><G63/><T46/><D51/><U48/><E49/><V45/><F119/><W113/><G24/><T72/><D72/><U61/><E61/><V71/><F118/><W15/><G99/><T19/><D46/><U3/><E3/><V60/><F45/><W85/><G97/><T2/><D2/><U98/><E98/><V4/><F60/><W80/><G80/><T0/><D0/><U86/><E86/><V69/><F69/><W77/><G77/><T78/><D78/><U70/><E70/><V87/><F71/><W43/><G43/><T28/><D100/><U127/><E127/><V105/><F105/><W56/><G85/><RYUUKYOKU ba="0,0" sc="230,-10,230,30,272,-10,268,-10" hai1="23,26,47,48,52,128,131" />
</Scene>
<Scene>
<INIT seed="3,1,0,2,2,45" ten="220,260,262,258" oya="3" hai0="76,36,87,115,43,91,15,31,5,109,110,89,80" hai1="69,73,126,100,77,11,67,32,58,105,95,60,106" hai2="120,123,29,2,93,96,66,6,54,117,25,8,63" hai3="48,20,59,65,118,111,102,33,71,108,7,92,70"/><W130/><G118/><T40/><D36/><U101/><E11/><V57/><F117/><W112/><G33/><T74/><D115/><U122/><E122/><V124/><F124/><W84/><G112/><T53/><D31/><U107/><E126/><V13/><F2/><W12/><G130/><T42/><D74/><U16/><E95/><V30/><F54/><N who="3" m="32199" /><G65/><T37/><D53/><U83/><E32/><V17/><F6/><W64/><G64/><T18/><D5/><U116/><E116/><V50/><F50/><W27/><G7/><T55/><D55/><U97/><E101/><N who="2" m="60559" /><F30/><W128/><G128/><T24/><D24/><U3/><E3/><V28/><F29/><W68/><G68/><T23/><REACH who="0" step="1"/><D37/><REACH who="0" ten="210,260,262,258" step="2"/><U22/><REACH who="1" step="1"/><E69/><REACH who="1" ten="210,250,262,258" step="2"/><V82/><F123/><W121/><G121/><T46/><D46/><U134/><E134/><V34/><F120/><W94/><G71/><T19/><D19/><U127/><E127/><V86/><F17/><W41/><G70/><T114/><D114/><U4/><E4/><V52/><F34/><W10/><G108/><AGARI ba="1,2" hai="15,18,23,40,42,43,76,80,87,89,91,108,109,110" machi="108" ten="40,5200,0" yaku="1,1,14,1,53,1" doraHai="45" doraHaiUra="14" who="0" fromWho="3" sc="210,75,250,0,262,0,258,-55" />
</Scene>
<Scene>
<INIT seed="4,0,0,1,2,72" ten="285,250,262,203" oya="0" hai0="73,42,11,91,99,77,30,51,93,92,37,115,58" hai1="44,111,32,28,122,13,1,119,84,101,113,26,74" hai2="38,109,10,55,40,18,88,23,46,102,60,29,90" hai3="127,67,97,125,43,129,96,36,63,34,108,107,100"/><T45/><D115/><U106/><E113/><V53/><F109/><W21/><G108/><T25/><D11/><U20/><E74/><V3/><F102/><N who="3" m="62919" /><G21/><T79/><D73/><U110/><E119/><V75/><F75/><W114/><G114/><T116/><D116/><U0/><E84/><V135/><F135/><W17/><G17/><T70/><D70/><U68/><E44/><V71/><F29/><W123/><G123/><T4/><D4/><U120/><E68/><V2/><F71/><N who="3" m="42495" /><G129/><T24/><D24/><N who="1" m="18439" /><E101/><V57/><F53/><W131/><G131/><T66/><D92/><U76/><E76/><V35/><F35/><W33/><G43/><T82/><D82/><U126/><E106/><V89/><REACH who="2" step="1"/><F10/><REACH who="2" ten="285,250,252,203" step="2"/><W56/><G36/><T5/><D37/><U98/><E110/><V16/><F16/><W22/><G22/><N who="0" m="15671" /><D5/><U85/><E20/><V128/><F128/><W112/><G112/><T8/><D8/><U78/><E111/><V15/><AGARI ba="0,1" hai="2,3,15,18,23,38,40,46,55,57,60,88,89,90" machi="15" ten="30,7900,0" yaku="1,1,0,1,54,1,53,1" doraHai="72" doraHaiUra="52" who="2" fromWho="2" sc="285,-39,250,-20,252,89,203,-20" owari="246,5.0,230,-17.0,341,44.0,183,-32.0" />
</Scene>
</mjloggm>