<mjloggm ver="2.3"><GO type="97"/><UN n0="%E5%A4%AA%E3%81%8F%E3%81%AA%E3%81%84%E3%81%8A" n1="%E3%81%A1%E3%82%8D%E3%81%BE%E3%81%A3%E3%81%8F" n2="%E3%83%86%E3%82%A3%E3%82%A8%E3%83%AA" n3="%E3%83%87%E3%82%B8%E3%82%BF%E3%83%AB%E6%89%93%E3%81%A1" dan="14,14,13,13" rate="2066,1944,1846,1895" sx="M,M,M,M"/><TAIKYOKU oya="0"/>

<Scene>
<INIT seed="0,0,0,0,3,49" ten="250,250,250,250" oya="0" hai0="83,126,115,76,31,56,111,75,48,128,120,99,105" hai1="87,28,130,3,26,0,103,84,4,91,45,110,85" hai2="112,134,107,18,25,104,108,7,42,129,66,71,11" hai3="34,60,70,82,21,10,5,127,133,118,35,64,39"/><T81/><BYE who="1" /><D120/><U80/><E80/><V121/><F121/><W63/><G118/><T102/><D115/><U46/><E46/><V119/><F112/><W135/><G39/><T23/><D126/><U12/><E12/><V92/><F108/><W2/><G127/><T67/><D128/><U131/><E131/><V29/><F129/><W50/><G60/><T44/><D111/><U79/><E79/><V32/><F134/><N who="3" m="51211" /><G82/><T89/><D67/><U116/><E116/><V6/><F119/><W124/><G124/><T61/><D83/><U9/><E9/><V72/><F72/><W125/><G125/><T96/><D96/><U122/><E122/><V88/><F42/><UN n1="%E3%81%A1%E3%82%8D%E3%81%BE%E3%81%A3%E3%81%8F" /><W14/><G50/><T58/><D89/><U78/><E130/><V22/><F6/><W132/><G132/><T59/><D61/><U114/><E114/><V109/><F71/><W24/><G14/><T40/><REACH who="0" step="1"/><D59/><REACH who="0" ten="240,250,250,250" step="2"/><U43/><E110/><V19/><F66/><W15/><G2/><N who="1" m="554" /><E78/><V57/><F109/><W90/><G90/><T53/><D53/><U38/><E91/><V41/><F57/><W73/><G73/><T27/><AGARI ba="0,1" hai="23,27,31,40,44,48,56,58,75,76,81,99,102,105" machi="27" ten="30,3000,0" yaku="1,1,0,1,53,0" doraHai="49" doraHaiUra="33" who="0" fromWho="0" sc="240,40,250,-10,250,-10,250,-10" />
</Scene>
<Scene>
<INIT seed="0,1,0,4,2,5" ten="280,240,240,240" oya="0" hai0="46,7,66,52,16,13,117,10,114,6,33,42,85" hai1="51,36,103,76,94,69,67,20,26,29,44,48,30" hai2="110,87,132,133,53,8,89,54,50,111,65,125,98" hai3="102,95,45,90,12,68,18,47,23,123,58,35,82"/><T81/><D117/><U1/><E1/><V88/><F125/><W56/><G123/><T100/><D114/><U121/><E121/><V62/><F98/><W61/><G68/><T86/><D33/><U32/><E76/><V93/><F8/><W71/><G35/><T0/><D66/><U112/><E112/><V14/><F14/><W118/><G118/><T72/><D100/><U70/><E36/><V43/><F43/><W115/><G71/><T3/><D3/><U127/><E127/><V97/><F50/><W31/><G31/><T19/><D7/><U116/><E116/><V126/><F126/><W28/><G28/><T64/><D64/><U25/><E51/><V9/><F9/><W15/><G102/><T4/><D4/><U131/><E67/><V96/><F96/><N who="3" m="57463" /><G82/><T107/><D107/><U21/><E32/><V37/><F37/><W135/><G135/><N who="2" m="51785" /><F65/><N who="3" m="39079" /><G58/><T49/><D42/><U39/><E39/><V27/><F62/><W104/><G104/><T79/><D19/><U106/><E106/><V57/><F27/><W105/><G105/><T17/><D17/><U99/><REACH who="1" step="1"/><E131/><REACH who="1" ten="280,230,240,240" step="2"/><V122/><F122/><W11/><G115/><T92/><D92/><U101/><E101/><V59/><F54/><AGARI ba="1,1" hai="20,21,25,26,29,30,44,48,54,69,70,94,99,103" machi="54" ten="30,7700,0" yaku="1,1,7,1,9,1,53,1" doraHai="5" doraHaiUra="41" who="1" fromWho="2" sc="280,0,230,90,240,-80,240,0" />
</Scene>
<Scene>
<INIT seed="1,0,0,5,5,10" ten="280,320,160,240" oya="1" hai0="54,119,0,42,64,20,18,104,6,117,68,83,37" hai1="8,111,16,25,74,71,70,115,130,86,95,41,84" hai2="9,69,13,106,59,30,132,2,46,24,27,101,60" hai3="78,50,112,52,53,100,7,93,98,75,43,55,134"/><U133/><E74/><V66/><F2/><W15/><G112/><T92/><D104/><U5/><E115/><V23/><F132/><W128/><G134/><T120/><D120/><U125/><E133/><V87/><F46/><W122/><G122/><T63/><D0/><U124/><E130/><V33/><F106/><W116/><G116/><T80/><D6/><U17/><E111/><V91/><F101/><W28/><G28/><T113/><D113/><U76/><E41/><V31/><F69/><W49/><G128/><T38/><D92/><U32/><E71/><V26/><F26/><W107/><G107/><T77/><D54/><U127/><E70/><V81/><F9/><N who="3" m="4543" /><G75/><T34/><D34/><U19/><E95/><V48/><REACH who="2" step="1"/><F48/><REACH who="2" ten="280,320,150,240" step="2"/><N who="3" m="18539" /><G78/><T12/><D77/><U14/><E76/><V123/><F123/><W62/><G43/><T88/><D42/><U79/><E79/><V105/><F105/><W108/><G108/><T51/><D51/><U40/><E40/><V121/><F121/><W29/><G62/><T90/><D119/><U82/><E82/><V61/><F61/><W21/><G55/><T58/><D117/><U36/><E36/><V135/><F135/><W118/><G118/><T22/><D68/><U96/><E96/><V3/><F3/><W110/><G110/><T102/><D38/><U1/><E1/><V73/><F73/><W39/><G39/><T4/><D37/><U114/><E114/><V103/><F103/><W126/><G100/><T57/><D102/><U44/><E44/><V67/><F67/><W129/><G129/><T85/><D64/><RYUUKYOKU ba="0,1" sc="280,-15,320,15,150,15,240,-15" hai1="5,8,14,16,17,19,25,32,84,86,124,125,127" hai2="13,23,24,27,30,31,33,59,60,66,81,87,91" />
</Scene>
<Scene>
<INIT seed="1,1,1,2,4,78" ten="265,335,165,225" oya="1" hai0="86,126,20,100,94,33,16,28,91,68,4,17,60" hai1="72,9,74,43,116,114,7,117,108,48,46,112,103" hai2="110,77,5,36,118,39,85,70,128,58,0,10,61" hai3="123,50,23,96,3,104,81,42,109,115,69,83,134"/><U71/><E71/><V75/><F118/><N who="1" m="45673" /><E103/><V54/><F128/><W90/><G123/><T93/><D126/><U24/><E24/><V65/><F110/><W92/><G115/><N who="1" m="44074" /><E48/><V130/><F130/><W32/><G32/><T129/><D33/><U14/><E14/><V66/><F75/><W15/><G69/><T120/><D129/><U119/><N who="1" m="45681" /><U55/><DORA hai="8" /><E55/><V22/><F22/><W135/><G3/><T25/><D120/><U133/><E133/><N who="3" m="50698" /><G109/><T97/><REACH who="0" step="1"/><D4/><REACH who="0" ten="255,335,165,225" step="2"/><U52/><E108/><V2/><F2/><W29/><G104/><T1/><D1/><U89/><E7/><V87/><F66/><AGARI ba="1,2" hai="16,17,20,25,28,60,66,68,86,91,93,94,97,100" machi="66" ten="40,5200,0" yaku="1,1,54,1,53,1" doraHai="78,8" doraHaiUra="19,6" who="0" fromWho="2" sc="255,75,335,0,165,-55,225,0" />
</Scene>
<Scene>
<INIT seed="2,0,0,2,4,96" ten="330,335,110,225" oya="2" hai0="35,0,16,18,56,36,12,50,102,28,52,79,15" hai1="87,127,112,10,43,85,66,106,81,20,26,76,128" hai2="25,115,117,71,42,107,47,44,30,92,19,129,21" hai3="27,6,39,83,105,120,11,88,86,5,103,125,58"/><V22/><F117/><W23/><G120/><T48/><D36/><U82/><E112/><V2/><F115/><W126/><G39/><T122/><D0/><U49/><E127/><V8/><F107/><W69/><G69/><T64/><D122/><U34/><E128/><V94/><F71/><W33/><G33/><T113/><D113/><U9/><E106/><V100/><F129/><W135/><G135/><T24/><D79/><U130/><E66/><V75/><F75/><W68/><G68/><T32/><D32/><U29/><E34/><V37/><F44/><W3/><G6/><T13/><D64/><U91/><E130/><V38/><F38/><W89/><G89/><T60/><REACH who="0" step="1"/><D102/><REACH who="0" ten="320,335,110,225" step="2"/><U41/><E49/><AGARI ba="0,1" hai="12,13,15,16,18,24,28,35,48,49,50,52,56,60" machi="49" ten="40,8000,1" yaku="1,1,2,1,54,2,53,0" doraHai="96" doraHaiUra="93" who="0" fromWho="1" sc="320,90,335,-80,110,0,225,0" />
</Scene>
<Scene>
<INIT seed="3,0,0,5,0,84" ten="410,255,110,225" oya="3" hai0="92,117,114,104,110,8,62,64,100,6,39,101,134" hai1="135,79,22,77,133,127,93,87,54,19,14,53,70" hai2="69,128,50,55,95,41,60,9,58,125,33,90,47" hai3="56,5,66,89,48,59,97,123,68,23,51,63,78"/><W72/><G123/><T98/><D117/><U115/><E115/><V46/><F125/><W2/><G68/><T17/><D39/><U85/><E70/><V111/><F128/><W99/><G23/><T112/><D110/><U16/><E127/><V124/><F124/><W118/><G118/><T57/><D134/><N who="1" m="51211" /><E19/><V119/><F111/><W26/><G26/><T0/><D17/><U3/><E3/><V52/><F119/><W65/><G72/><T86/><D101/><U15/><E15/><V37/><F33/><W126/><G126/><T96/><D86/><N who="1" m="32779" /><E93/><V132/><F132/><W42/><G78/><AGARI ba="0,0" hai="14,16,22,53,54,77,78,79" m="32779,51211" machi="78" ten="30,2000,0" yaku="20,1,54,1" doraHai="84" who="1" fromWho="3" sc="410,0,255,20,110,0,225,-20" owari="410,50.0,275,8.0,110,-39.0,205,-19.0" />
</Scene>
</mjloggm>