<mjloggm ver="2.3"><GO type="193"/><UN n0="%E3%83%81%E3%83%A3%E3%82%A4%E3%82%B8" n1="%E5%A4%AA%E3%81%8F%E3%81%AA%E3%81%84%E3%81%8A" n2="%E3%81%AA%E3%81%8D%E3%81%AD%E3%81%93" n3="%E3%81%8F%E3%81%84%E3%81%A3%E3%81%8F" dan="11,11,11,12" rate="1752,1682,1799,1641" sx="M,M,M,M"/><TAIKYOKU oya="0"/>

<Scene>
<INIT seed="0,0,0,1,3,96" ten="250,250,250,250" oya="0" hai0="57,78,119,80,53,113,118,54,5,68,125,63,22" hai1="129,26,39,127,83,56,49,48,115,79,33,45,3" hai2="66,81,38,126,102,0,64,35,92,18,21,130,60" hai3="131,2,124,133,11,108,76,1,16,98,87,97,14"/><T62/><D113/><U67/><E115/><V51/><F38/><W46/><G133/><T121/><D125/><U58/><E127/><V42/><F35/><W61/><G131/><T8/><D121/><U94/><E129/><V123/><F0/><W85/><G124/><T112/><D112/><U132/><E132/><V25/><F123/><W74/><G108/><T93/><D22/><U89/><E3/><V47/><F126/><W99/><G74/><T135/><D135/><U50/><E67/><V70/><F130/><W120/><G120/><T72/><D93/><U36/><E36/><V52/><F81/><N who="3" m="47271" /><G2/><T29/><D29/><U84/><E33/><V114/><F114/><W24/><G1/><T9/><D9/><U17/><E39/><V10/><F10/><W71/><G71/><T32/><D32/><U122/><E122/><V55/><REACH who="2" step="1"/><F64/><REACH who="2" ten="250,250,240,250" step="2"/><W110/><G110/><T103/><D119/><U91/><E83/><V31/><F31/><W59/><G87/><T117/><D8/><U7/><E84/><V86/><F86/><W15/><G11/><T65/><D117/><U20/><E79/><V27/><F27/><W134/><G134/><T82/><D118/><U30/><E30/><V40/><F40/><W90/><G46/><T12/><D82/><U28/><E45/><V128/><F128/><W43/><G43/><T44/><D44/><U69/><E28/><V23/><F23/><N who="3" m="13415" /><G90/><T75/><D53/><AGARI ba="0,1" hai="14,15,53,59,61,97,98,99" m="13415,47271" machi="53" ten="30,2000,0" yaku="8,1,54,1" doraHai="96" who="3" fromWho="0" sc="250,-20,250,0,240,0,250,30" />
</Scene>
<Scene>
<INIT seed="1,0,0,3,1,18" ten="230,250,240,280" oya="1" hai0="15,11,82,93,52,40,42,91,50,92,81,116,5" hai1="41,95,122,12,64,78,111,62,16,38,117,110,51" hai2="14,88,43,123,69,118,27,28,29,65,3,94,114" hai3="104,10,99,86,132,130,13,59,127,9,87,37,121"/><U109/><E122/><V53/><F118/><W47/><G121/><T80/><D116/><U31/><E117/><V115/><F123/><W7/><G132/><T4/><D4/><U39/><E31/><V67/><F3/><W63/><G130/><T120/><D120/><U79/><E95/><V108/><F43/><W84/><G127/><T20/><D93/><U76/><E51/><V61/><F65/><W23/><G104/><T49/><D49/><U1/><E1/><V72/><F72/><W134/><G134/><T2/><D2/><U36/><E41/><V77/><F77/><W89/><G37/><T125/><D125/><U98/><E98/><N who="2" m="57671" /><F14/><N who="3" m="5439" /><G47/><T126/><D126/><U34/><E34/><V85/><F85/><N who="3" m="21763" /><W24/><DORA hai="103" /><G99/><N who="0" m="57759" /><D20/><N who="1" m="11271" /><E78/><V8/><F8/><W0/><G0/><T66/><D66/><U112/><E112/><N who="2" m="43051" /><F108/><W70/><G70/><AGARI ba="0,0" hai="36,38,39,62,64,70,76,79,109,110,111" m="11271" machi="70" ten="40,12000,1" yaku="14,1,10,1,52,1,54,1" doraHai="18,103" who="1" fromWho="3" sc="230,0,250,120,240,0,280,-120" />
</Scene>
<Scene>
<INIT seed="1,1,0,1,0,28" ten="230,370,240,160" oya="1" hai0="108,18,15,54,39,62,93,80,4,117,82,66,105" hai1="46,67,64,48,21,71,98,24,99,3,73,47,96" hai2="34,11,124,13,61,72,51,37,17,118,52,77,58" hai3="89,121,107,84,109,50,86,119,55,94,5,95,132"/><U79/><E3/><V103/><F37/><W115/><G5/><T32/><D105/><U75/><E71/><V44/><F118/><W12/><G121/><T111/><D39/><U38/><E38/><V23/><F124/><W130/><G115/><T22/><D117/><U90/><E90/><V78/><F72/><W20/><G107/><T19/><D54/><U74/><E79/><V112/><F112/><W128/><G119/><T91/><D4/><U59/><E59/><V114/><F114/><W76/><G132/><T70/><D19/><U45/><E48/><V101/><F34/><W7/><G109/><N who="0" m="42059" /><D32/><U35/><E35/><V92/><F11/><W25/><G76/><T135/><D135/><U40/><E40/><V100/><REACH who="2" step="1"/><F92/><REACH who="2" ten="230,370,230,160" step="2"/><W133/><G133/><T88/><D91/><U33/><E33/><V26/><F26/><W41/><G130/><T125/><D125/><U68/><E68/><V122/><F122/><W2/><G128/><T65/><D65/><AGARI ba="1,1" hai="13,17,23,44,51,52,58,61,65,77,78,100,101,103" machi="65" ten="40,8000,1" yaku="1,1,8,1,54,1,53,1" doraHai="28" doraHaiUra="56" who="2" fromWho="0" sc="230,-83,370,0,230,93,160,0" />
</Scene>
<Scene>
<INIT seed="2,0,0,0,4,96" ten="147,370,323,160" oya="2" hai0="24,5,99,26,51,120,84,132,12,42,122,134,80" hai1="129,65,1,63,100,81,109,102,94,86,79,130,55" hai2="44,8,50,88,54,112,45,47,17,95,43,68,40" hai3="70,46,6,73,18,92,52,35,77,31,28,123,111"/><V89/><F112/><W83/><G123/><T61/><D42/><N who="2" m="15914" /><F68/><W53/><G70/><T66/><D51/><U85/><E1/><V41/><N who="2" m="15922" /><V135/><DORA hai="21" /><F135/><N who="0" m="51754" /><D99/><U107/><E107/><V3/><F3/><W19/><G111/><T33/><D33/><U37/><E37/><V7/><F7/><W90/><G35/><T106/><D106/><U14/><E109/><V48/><F48/><W32/><G32/><T76/><D12/><U29/><E14/><N who="2" m="7367" /><F89/><W71/><G71/><N who="0" m="42447" /><D5/><U25/><E129/><V38/><F38/><W23/><G6/><T27/><AGARI ba="0,0" hai="24,26,27,76,80,84,120,122" m="42447,51754" machi="27" ten="30,7900,0" yaku="20,1,52,3" doraHai="96,21" who="0" fromWho="0" sc="147,79,370,-20,323,-39,160,-20" />
</Scene>
<Scene>
<INIT seed="3,0,0,0,0,93" ten="226,350,284,140" oya="3" hai0="115,40,48,44,49,38,73,2,0,28,6,77,83" hai1="42,118,105,122,126,131,26,33,19,51,88,76,5" hai2="107,114,108,98,35,67,87,95,31,71,47,124,58" hai3="14,91,15,109,69,84,24,75,62,116,9,85,104"/><W81/><G116/><T132/><D132/><U82/><E122/><V99/><F108/><W89/><G104/><T130/><D130/><U103/><E5/><V43/><F114/><W57/><G69/><T63/><D115/><U41/><E131/><V25/><F124/><W53/><G75/><T11/><D2/><U59/><E126/><V68/><F87/><W120/><G109/><T79/><D79/><U125/><E125/><V50/><F58/><W10/><G120/><T23/><D63/><U12/><E118/><V123/><F123/><W101/><G24/><T117/><D117/><U121/><E121/><V32/><F32/><W52/><G101/><T45/><D28/><U72/><E88/><V20/><F20/><W90/><G81/><T112/><D112/><U94/><E105/><V128/><F128/><W100/><G100/><T21/><REACH who="0" step="1"/><D49/><REACH who="0" ten="216,350,284,140" step="2"/><U70/><E51/><V39/><F50/><W127/><G127/><T13/><D13/><N who="3" m="4617" /><G53/><AGARI ba="0,1" hai="0,6,11,21,23,38,40,44,45,48,53,73,77,83" machi="53" ten="30,7700,0" yaku="1,1,7,1,25,2,53,0" doraHai="93" doraHaiUra="129" who="0" fromWho="3" sc="216,87,350,0,284,0,140,-77" owari="303,10.0,350,46.0,284,-12.0,63,-44.0" />
</Scene>
</mjloggm>