<mjloggm ver="2.3"><GO type="97"/><UN n0="%79%6F%7A%65%66%75" n1="%32%2E%32%2E%33" n2="%E5%A4%AA%E3%81%8F%E3%81%AA%E3%81%84%E3%81%8A" n3="%E3%83%8F%E3%82%B2%E5%9D%8A%E4%B8%BB" dan="13,14,14,14" rate="1883,1917,2065,1881" sx="M,M,M,M"/><TAIKYOKU oya="0"/>

<Scene>
<INIT seed="0,0,0,3,2,14" ten="250,250,250,250" oya="0" hai0="31,32,93,63,114,55,105,25,36,5,20,92,131" hai1="33,24,1,127,87,103,35,62,94,61,113,9,118" hai2="109,23,80,121,84,69,67,110,123,18,50,134,108" hai3="97,26,74,29,79,76,133,54,90,38,78,73,59"/><T83/><D131/><U12/><E118/><V41/><F134/><W86/><G38/><T57/><D114/><U39/><E127/><V125/><F125/><W17/><G97/><T15/><D105/><U22/><E39/><V116/><F116/><W82/><G133/><T132/><D132/><U112/><E103/><V119/><F119/><W21/><REACH who="3" step="1"/><G29/><REACH who="3" ten="250,250,250,240" step="2"/><T45/><D36/><U19/><E113/><V77/><F123/><W2/><G2/><T34/><D45/><U52/><E112/><V40/><F121/><W44/><G44/><T64/><D83/><U30/><E35/><V100/><F100/><W68/><G68/><T6/><D34/><U16/><E1/><V65/><F69/><W37/><G37/><T107/><D107/><U101/><E33/><V3/><F3/><W43/><G43/><T102/><D32/><U122/><E122/><V4/><F41/><W60/><AGARI ba="0,1" hai="17,21,26,54,59,60,73,74,76,78,79,82,86,90" machi="60" ten="30,12000,2" yaku="1,1,0,1,52,1,53,3" doraHai="14" doraHaiUra="72" who="3" fromWho="3" sc="250,-60,250,-30,250,-30,240,130" />
</Scene>
<Scene>
<INIT seed="1,0,0,5,4,32" ten="190,220,220,370" oya="1" hai0="11,4,26,70,30,74,53,63,76,73,43,78,95" hai1="25,89,133,91,100,40,5,16,64,120,125,19,12" hai2="29,116,122,44,36,108,6,15,102,113,117,98,97" hai3="22,61,52,93,9,81,20,8,18,67,69,38,119"/><U82/><E120/><V88/><F122/><W96/><G38/><T83/><D43/><U72/><E133/><V130/><F29/><W28/><G119/><T94/><D70/><U23/><E125/><V35/><F35/><W7/><G81/><T14/><D78/><U127/><E127/><V59/><F108/><W33/><G33/><T47/><D74/><U75/><E100/><V58/><F36/><W124/><G124/><T87/><D73/><U57/><E40/><V105/><F44/><W104/><G104/><T39/><D39/><U48/><E5/><V121/><F121/><W45/><G28/><T118/><D118/><U99/><E99/><V128/><F113/><W55/><G45/><T13/><D13/><U21/><E21/><V103/><F88/><W1/><G9/><T24/><D24/><U0/><E0/><V68/><F68/><W86/><G86/><T77/><D77/><U135/><E135/><V71/><F71/><W60/><G61/><T27/><D27/><U132/><E132/><V50/><F15/><W79/><G22/><T37/><D37/><U54/><E64/><V41/><F6/><W49/><G49/><T129/><D129/><N who="2" m="49770" /><F41/><W106/><G106/><T110/><D110/><U42/><E42/><V62/><F50/><W17/><G18/><T56/><D47/><U101/><E101/><V109/><F109/><W107/><G107/><T31/><D31/><U85/><E91/><V51/><F51/><W126/><G126/><T90/><D76/><U114/><E114/><V134/><F134/><W92/><G79/><T131/><D131/><RYUUKYOKU ba="0,0" sc="190,15,220,15,220,-15,370,-15" hai0="4,11,14,26,30,53,56,63,83,87,90,94,95" hai1="12,16,19,23,25,48,54,57,72,75,82,85,89" />
</Scene>
<Scene>
<INIT seed="1,1,0,4,1,64" ten="205,235,205,355" oya="1" hai0="109,126,36,37,90,117,71,60,51,33,39,77,43" hai1="15,100,102,108,132,134,20,85,38,93,12,0,89" hai2="16,52,13,120,82,122,101,3,46,133,112,116,131" hai3="34,40,18,28,84,5,1,121,66,96,129,67,2"/><U80/><E0/><V45/><F116/><W4/><G121/><T113/><D33/><U125/><E38/><V92/><F3/><W123/><G123/><T95/><D77/><U69/><E125/><V31/><F31/><W79/><G129/><T68/><D117/><U106/><E69/><N who="0" m="26697" /><D95/><U42/><E42/><V48/><F131/><W9/><G40/><T50/><D90/><U130/><E130/><V58/><F112/><W70/><G70/><T86/><D86/><U76/><E20/><N who="2" m="11279" /><F122/><W83/><G18/><T111/><D113/><U19/><E19/><V23/><F120/><W25/><REACH who="3" step="1"/><G96/><REACH who="3" ten="205,235,205,345" step="2"/><T59/><D126/><U57/><E108/><N who="0" m="41545" /><D43/><U127/><E127/><V105/><F105/><W32/><G32/><T110/><N who="0" m="41553" /><T88/><DORA hai="87" /><D88/><U8/><E102/><V61/><F101/><W53/><G53/><AGARI ba="1,1" hai="36,37,39,50,51,53,59,60" m="41553,26697" machi="53" ten="50,12000,2" yaku="14,1,34,2,52,3" doraHai="64,87" who="0" fromWho="3" sc="205,133,235,0,205,0,345,-123" />
</Scene>
<Scene>
<INIT seed="2,0,0,0,5,112" ten="338,235,205,222" oya="2" hai0="1,55,124,36,53,45,69,39,90,19,86,24,105" hai1="27,109,128,133,98,29,62,131,80,3,20,107,12" hai2="30,17,6,91,50,88,18,63,9,10,101,61,72" hai3="134,82,64,23,15,84,46,51,94,26,74,35,99"/><V77/><F101/><W122/><G122/><T111/><D111/><U31/><E3/><V93/><F30/><W42/><G74/><T79/><D124/><U34/><E109/><V132/><F132/><W43/><G35/><T67/><D105/><U81/><E133/><V126/><F126/><W129/><G134/><T13/><D1/><U125/><E125/><V4/><F72/><W104/><G104/><T16/><D79/><U22/><E34/><V33/><F33/><W103/><G64/><T40/><D69/><U92/><E107/><V85/><F77/><W66/><G66/><T28/><D67/><U60/><E131/><V57/><F50/><W114/><G114/><T0/><D0/><U113/><E113/><V127/><F127/><W121/><G129/><T96/><D96/><U48/><E128/><V117/><F117/><W41/><G15/><T32/><D39/><U116/><E116/><V54/><F63/><N who="1" m="24105" /><E48/><V130/><F130/><W108/><G108/><T102/><D102/><N who="1" m="60743" /><E31/><V95/><F4/><W97/><G97/><T70/><D70/><U44/><E44/><V58/><F58/><W47/><G47/><T78/><D78/><U11/><E22/><V110/><F110/><W118/><G118/><T37/><D37/><U73/><E73/><V25/><F25/><W7/><G7/><AGARI ba="0,0" hai="7,11,12,20,27,29,80,81" m="60743,24105" machi="7" ten="30,1000,0" yaku="8,1" doraHai="112" who="1" fromWho="3" sc="338,0,235,10,205,0,222,-10" />
</Scene>
<Scene>
<INIT seed="3,0,0,4,1,90" ten="338,245,205,212" oya="3" hai0="49,111,68,7,71,98,30,88,9,69,46,38,123" hai1="133,81,85,23,82,59,12,77,37,83,102,36,127" hai2="73,101,26,22,47,42,15,130,131,61,135,58,75" hai3="110,39,72,55,122,8,95,35,134,125,32,1,118"/><W14/><G55/><T70/><D123/><U51/><E133/><V33/><F33/><W66/><G8/><T16/><D111/><U76/><E127/><V96/><F15/><W0/><G66/><T13/><D38/><U67/><E102/><V112/><F112/><W120/><G14/><T97/><N who="0" m="17920" /><DORA hai="57" /><T5/><D30/><U6/><E37/><N who="2" m="21967" /><F135/><W21/><G21/><T27/><D27/><U10/><E36/><V34/><F34/><N who="3" m="12843" /><G95/><T24/><D24/><U106/><E106/><N who="2" m="63783" /><F22/><W103/><G134/><T104/><D104/><U84/><E23/><V41/><F41/><W40/><G125/><T109/><D109/><U56/><E83/><V20/><F20/><W80/><G110/><T45/><D45/><U17/><E67/><N who="2" m="39351" /><F26/><W92/><G92/><T79/><D79/><U87/><E87/><V63/><F63/><W31/><G103/><T93/><REACH who="0" step="1"/><D98/><REACH who="0" ten="328,245,205,212" step="2"/><U44/><REACH who="1" step="1"/><E17/><REACH who="1" ten="328,235,205,212" step="2"/><V3/><F131/><W114/><G31/><T60/><D60/><U107/><E107/><V86/><F130/><W11/><G114/><T62/><D62/><U4/><E4/><V43/><F75/><W105/><G105/><T116/><D116/><U2/><E2/><V28/><F3/><N who="3" m="1099" /><G118/><T99/><D99/><U91/><E91/><V74/><F74/><W50/><G39/><T128/><D128/><U129/><E129/><V100/><F73/><W29/><G29/><T53/><AGARI ba="0,2" hai="5,7,9,13,16,46,49,53,88,93,97" m="17920" machi="53" ten="60,12000,2" yaku="1,1,0,1,52,1,54,2,53,1" doraHai="90,57" doraHaiUra="113,94" who="0" fromWho="0" sc="328,140,235,-30,205,-30,212,-60" owari="468,56.0,205,1.0,175,-22.0,152,-35.0" />
</Scene>
</mjloggm>