<mjloggm ver="2.3"><GO type="169" lobby="0"/><UN n0="%E2%84%83%2D%75%74%65" n1="%E3%82%AF%E3%83%AC%E3%82%A2" n2="%E5%A4%AA%E3%81%8F%E3%81%AA%E3%81%84%E3%81%8A" n3="%E3%82%82%E3%81%A3%E3%81%97%E3%83%BC" dan="16,16,17,17" rate="2058,2079,2161,2114" sx="M,M,M,M"/><TAIKYOKU oya="0"/>

<Scene>
<INIT seed="0,0,0,0,0,2" ten="250,250,250,250" oya="0" hai0="82,21,133,13,71,131,31,101,132,5,59,46,125" hai1="83,114,41,74,119,68,123,87,48,24,18,6,42" hai2="61,130,107,89,20,10,116,108,67,113,54,122,53" hai3="100,7,121,105,3,115,111,92,38,106,77,34,14"/><T128/><D71/><U95/><E119/><V0/><F113/><W109/><G115/><T45/><D101/><U64/><E68/><V58/><F122/><W70/><G70/><T11/><D59/><U65/><E74/><V96/><F116/><W79/><G38/><T55/><D82/><U120/><E95/><V49/><F108/><N who="3" m="41547" /><G34/><T90/><D90/><U22/><E114/><V1/><F130/><N who="0" m="49706" /><D55/><U98/><E98/><V85/><F20/><W30/><G30/><T75/><D75/><U44/><E42/><V135/><F54/><W84/><G3/><T110/><D110/><U27/><E27/><V72/><F72/><W81/><G121/><T39/><D39/><U134/><E134/><N who="0" m="51817" /><D125/><U50/><E50/><V91/><F135/><W19/><G77/><T16/><D31/><U76/><E120/><V62/><F49/><W117/><G106/><T86/><D86/><U124/><E124/><V43/><F85/><W17/><G105/><T60/><D60/><U47/><E47/><V32/><F62/><W35/><G84/><T69/><D69/><U40/><E40/><V57/><F43/><W97/><G100/><T9/><D9/><U88/><E123/><V37/><F37/><W103/><G103/><T93/><D93/><U29/><E29/><V99/><F107/><W4/><G92/><T25/><AGARI ba="0,0" hai="5,11,13,16,21,25,45,46" m="51817,49706" machi="25" ten="30,11700,0" yaku="19,1,20,1,52,1,54,1" doraHai="2" who="0" fromWho="0" sc="250,117,250,-39,250,-39,250,-39" />
</Scene>
<Scene>
<INIT seed="0,1,0,2,5,76" ten="367,211,211,211" oya="0" hai0="126,8,118,60,75,89,94,88,51,49,129,52,91" hai1="110,46,119,92,64,74,112,120,47,61,134,6,66" hai2="23,29,50,33,98,17,25,10,0,100,132,40,27" hai3="130,81,90,77,31,115,107,82,125,12,93,43,73"/><T103/><D118/><U128/><E74/><V67/><F132/><W62/><G115/><T2/><D75/><U68/><E6/><V11/><F67/><W48/><G107/><T16/><D129/><U70/><E92/><V18/><F0/><W116/><G116/><T78/><D78/><U127/><E119/><V45/><REACH who="2" step="1"/><F18/><REACH who="2" ten="367,211,201,211" step="2"/><W20/><G130/><T55/><D2/><U34/><E128/><V28/><F28/><W14/><G31/><T111/><D111/><U7/><E134/><V72/><F72/><W95/><G73/><T114/><D114/><U35/><E112/><V42/><F42/><W26/><G43/><T101/><D16/><U124/><E110/><V97/><F97/><W106/><G125/><T131/><D126/><U36/><E7/><V104/><AGARI ba="1,1" hai="10,11,17,23,25,27,29,33,40,45,50,98,100,104" machi="104" ten="20,2700,0" yaku="1,1,0,1,7,1,53,0" doraHai="76" doraHaiUra="3" who="2" fromWho="2" sc="367,-14,211,-8,201,40,211,-8" />
</Scene>
<Scene>
<INIT seed="1,0,0,2,0,5" ten="353,203,241,203" oya="1" hai0="2,42,89,130,10,36,35,55,65,115,14,135,132" hai1="131,113,4,8,86,20,31,85,54,80,39,34,37" hai2="107,125,58,111,7,122,109,97,123,104,43,95,71" hai3="62,18,44,64,50,13,124,32,68,63,126,21,9"/><U56/><E34/><V1/><F71/><W88/><G32/><T90/><D115/><U84/><E113/><V70/><F70/><W41/><G63/><T74/><D35/><U128/><E80/><V93/><F43/><W60/><G60/><T45/><D74/><U49/><E31/><V119/><F58/><W91/><REACH who="3" step="1"/><G21/><REACH who="3" ten="353,203,241,193" step="2"/><T81/><D135/><U83/><E20/><V114/><F114/><W117/><G117/><T69/><D132/><U102/><E83/><V77/><F119/><W47/><G47/><T133/><D81/><U103/><E39/><V51/><F122/><W46/><G46/><T6/><D133/><U30/><E37/><V0/><F123/><W79/><G79/><T105/><D45/><U94/><E30/><V59/><F77/><W27/><G27/><T48/><D36/><U3/><REACH who="1" step="1"/><E94/><REACH who="1" ten="353,193,241,193" step="2"/><V17/><F93/><W120/><G120/><T127/><D105/><U96/><E96/><V110/><F104/><W11/><G11/><T116/><D10/><U25/><E25/><V26/><F107/><W75/><G75/><T134/><D134/><U22/><E22/><V29/><F29/><W92/><G92/><T53/><D116/><U61/><E61/><V108/><F108/><W57/><G57/><T100/><D69/><U67/><E67/><V40/><F110/><W106/><G106/><T87/><D65/><U19/><E19/><V101/><F17/><W76/><G76/><T121/><D121/><U78/><E78/><V73/><F109/><W23/><G23/><T112/><D112/><U99/><E99/><V33/><F111/><RYUUKYOKU ba="0,2" sc="353,-15,193,15,241,-15,193,15" hai1="3,4,8,49,54,56,84,85,86,102,103,128,131" hai3="9,13,18,41,44,50,62,64,68,88,91,124,126" />
</Scene>
<Scene>
<INIT seed="1,1,2,2,0,10" ten="338,208,226,208" oya="1" hai0="37,47,82,69,56,39,93,38,6,61,75,122,57" hai1="104,31,26,88,30,54,7,79,0,25,14,90,129" hai2="52,116,126,49,111,113,23,123,11,45,99,132,62" hai3="72,115,32,20,4,114,96,1,83,68,81,50,133"/><U74/><E104/><V35/><F123/><W13/><G68/><T12/><D122/><U17/><E74/><V5/><F116/><W86/><G32/><T3/><D3/><U71/><E71/><V127/><F35/><W36/><G36/><T28/><D28/><N who="1" m="10795" /><E0/><V85/><F111/><W112/><G1/><T77/><D47/><U107/><E107/><V106/><F132/><W103/><G133/><T19/><D6/><U134/><E134/><V18/><F113/><W91/><G50/><T92/><D69/><U97/><E7/><V51/><F85/><W98/><G98/><T58/><REACH who="0" step="1"/><D61/><REACH who="0" ten="328,208,226,208" step="2"/><U130/><E130/><V55/><F62/><W8/><G72/><T108/><D108/><U89/><E129/><V15/><F106/><W33/><G33/><T120/><D120/><U135/><E135/><V46/><REACH who="2" step="1"/><F99/><REACH who="2" ten="328,208,216,208" step="2"/><W118/><G118/><T73/><D73/><U60/><E97/><V40/><F40/><W21/><REACH who="3" step="1"/><G83/><REACH who="3" ten="328,208,216,198" step="2"/><T101/><D101/><U9/><E60/><V128/><F128/><W29/><G29/><T59/><N who="0" m="14336" /><DORA hai="87" /><T53/><D53/><U121/><E121/><V102/><F102/><W64/><G64/><T34/><D34/><U63/><E63/><V80/><F80/><W84/><G84/><T24/><D24/><AGARI ba="1,5" hai="5,11,15,18,23,24,45,46,49,51,52,55,126,127" machi="24" ten="40,12000,2" yaku="1,1,9,1,52,1,54,1,53,2" doraHai="10,87" doraHaiUra="48,67" who="2" fromWho="0" sc="328,-123,208,0,216,173,198,0" />
</Scene>
<Scene>
<INIT seed="2,0,0,2,4,129" ten="205,208,389,198" oya="2" hai0="56,13,49,126,85,103,33,120,0,101,70,14,11" hai1="32,31,36,3,90,30,106,112,127,119,26,21,53" hai2="61,37,118,114,132,133,93,80,5,18,54,76,105" hai3="72,27,89,50,28,7,83,96,134,58,63,39,60"/><V84/><F118/><W45/><G39/><T20/><D33/><U24/><E36/><V115/><F105/><W107/><G7/><T124/><D70/><U97/><E119/><V35/><F37/><W135/><G72/><T34/><D34/><U57/><E3/><V109/><F35/><W25/><G83/><T131/><D120/><U55/><E127/><N who="0" m="48681" /><D0/><U73/><E73/><V52/><F5/><W121/><G121/><T47/><D56/><U23/><E112/><N who="2" m="43051" /><F109/><W17/><G17/><N who="0" m="10295" /><D131/><U29/><E32/><V88/><F18/><W9/><G9/><T68/><D85/><U16/><E55/><V48/><F61/><N who="3" m="23627" /><G58/><T81/><D81/><U6/><E6/><V67/><F67/><W123/><G123/><T87/><D87/><U44/><E44/><V1/><F1/><W86/><G28/><T71/><D71/><U74/><E74/><N who="2" m="43031" /><F48/><W122/><G122/><T117/><D68/><U128/><E128/><V102/><F102/><N who="3" m="62919" /><G86/><T59/><D117/><U8/><E8/><V130/><F130/><W40/><G89/><T91/><D91/><U4/><E4/><V46/><F46/><W65/><G65/><T98/><D47/><U113/><E113/><V92/><F92/><W94/><G94/><T116/><D116/><U100/><E90/><V77/><F77/><W38/><G38/><T125/><D125/><U82/><E82/><V78/><F78/><W99/><G99/><T66/><D98/><U108/><E108/><V79/><F79/><W12/><G12/><T43/><D66/><U41/><E41/><V69/><F69/><W19/><G19/><RYUUKYOKU ba="0,0" sc="205,-30,208,10,389,10,198,10" hai1="16,21,23,24,26,29,30,31,53,57,97,100,106" hai2="52,54,84,88,93,132,133" hai3="25,27,40,45,50,134,135" />
</Scene>
<Scene>
<INIT seed="2,1,0,4,0,56" ten="175,218,399,208" oya="2" hai0="3,5,121,65,21,4,42,111,46,113,7,14,84" hai1="33,67,102,85,2,74,36,125,108,122,103,70,55" hai2="40,19,31,116,75,78,128,73,123,22,23,82,15" hai3="66,81,51,8,95,30,20,25,127,92,26,29,24"/><V48/><F123/><W71/><G127/><T59/><D121/><U101/><E2/><V132/><F116/><W120/><G120/><T41/><D113/><U86/><E33/><V80/><F128/><W6/><G81/><T79/><D3/><U37/><E122/><V11/><F132/><W53/><G71/><T107/><D107/><U104/><E55/><V16/><F31/><W126/><G66/><T18/><D111/><U117/><E117/><V96/><F96/><W35/><G26/><T91/><D79/><U119/><E119/><V77/><REACH who="2" step="1"/><F19/><REACH who="2" ten="175,218,389,208" step="2"/><W28/><G28/><T109/><D109/><U38/><E108/><V32/><F32/><W97/><G97/><T52/><D65/><U100/><E67/><V94/><F94/><W64/><G64/><T62/><REACH who="0" step="1"/><D46/><AGARI ba="1,1" hai="11,15,16,22,23,40,46,48,73,75,77,78,80,82" machi="46" ten="40,12000,1" yaku="1,1,9,1,54,1,53,1" doraHai="56" doraHaiUra="43" who="2" fromWho="0" sc="175,-123,218,0,389,133,208,0" />
</Scene>
<Scene>
<INIT seed="2,2,0,3,2,4" ten="52,218,522,208" oya="2" hai0="7,56,46,106,135,125,134,96,29,34,54,117,122" hai1="33,82,31,30,6,71,22,50,123,119,121,91,118" hai2="76,133,28,114,1,43,85,90,89,12,52,20,105" hai3="78,8,93,36,17,81,64,109,111,107,74,37,126"/><V58/><F1/><W110/><G107/><T84/><D122/><U66/><E71/><V49/><F105/><W57/><G126/><T77/><D46/><U42/><E66/><V5/><F114/><W95/><G64/><T102/><D125/><U26/><E42/><V112/><F112/><W132/><G132/><T73/><D73/><U104/><E104/><V72/><F72/><W47/><G57/><T24/><D117/><U32/><E50/><V60/><F133/><W130/><G130/><T67/><D67/><U45/><E45/><N who="2" m="25791" /><F28/><W75/><G74/><T80/><REACH who="0" step="1"/><D7/><REACH who="0" ten="42,218,522,208" step="2"/><U39/><E6/><V127/><F127/><W99/><G47/><T62/><AGARI ba="2,1" hai="24,29,34,54,56,62,77,80,84,96,102,106,134,135" machi="62" ten="30,4000,0" yaku="1,1,2,1,0,1,53,0" doraHai="4" doraHaiUra="113" who="0" fromWho="0" sc="42,56,218,-12,522,-22,208,-12" />
</Scene>
<Scene>
<INIT seed="3,0,0,2,4,109" ten="98,206,500,196" oya="3" hai0="37,78,35,92,47,94,21,55,33,104,102,17,57" hai1="135,87,118,105,48,70,89,8,43,100,45,99,38" hai2="25,39,46,34,74,128,98,111,69,64,16,130,123" hai3="13,133,6,5,61,93,76,10,54,28,52,24,81"/><W106/><G106/><T58/><D104/><U59/><E135/><V20/><F74/><W66/><G133/><T122/><D122/><U129/><E129/><N who="2" m="49771" /><F111/><W125/><G5/><T134/><D134/><U44/><E118/><V50/><F123/><W53/><G125/><T36/><D78/><U62/><E70/><V83/><F39/><W126/><G93/><T15/><D58/><U41/><E8/><V124/><F83/><W107/><G107/><T23/><D94/><U40/><E40/><N who="2" m="24903" /><F98/><W72/><G126/><T31/><D35/><U121/><E121/><V120/><F120/><W119/><G119/><T79/><D79/><U3/><E3/><V4/><F4/><W116/><G116/><T75/><D75/><U56/><E62/><N who="2" m="40087" /><F34/><W117/><G117/><T0/><D33/><U84/><E84/><V26/><F124/><W77/><G77/><T88/><D0/><U32/><E32/><V65/><F65/><W9/><G9/><T63/><D102/><U73/><E73/><V85/><F85/><W18/><G6/><T7/><D7/><U82/><AGARI ba="0,0" hai="38,41,43,44,45,48,56,59,82,87,89,99,100,105" machi="82" ten="20,1500,0" yaku="0,1,7,1" doraHai="109" who="1" fromWho="1" sc="98,-4,206,15,500,-4,196,-7" />
</Scene>
<Scene>
<INIT seed="4,0,0,4,3,52" ten="94,221,496,189" oya="0" hai0="124,24,55,83,48,4,73,117,19,121,36,82,127" hai1="122,120,115,133,44,70,39,23,119,15,9,33,69" hai2="21,11,131,37,3,32,22,97,34,31,98,84,100" hai3="80,45,81,110,46,135,12,93,13,86,30,64,62"/><T16/><D36/><U38/><E23/><V47/><F131/><W29/><G110/><T104/><D121/><U65/><E33/><V89/><F3/><W87/><G135/><T111/><D117/><U88/><E119/><V60/><F11/><W114/><G114/><T49/><D104/><U10/><E133/><V53/><F37/><W14/><G93/><T99/><D4/><U5/><E115/><V134/><F97/><W28/><G62/><T96/><D111/><U109/><E109/><V105/><F22/><W75/><G75/><T107/><D107/><U42/><E39/><V61/><F61/><W74/><G74/><T0/><D0/><U35/><E35/><V26/><F134/><W41/><G64/><T94/><D73/><U40/><E40/><V7/><F7/><W51/><REACH who="3" step="1"/><G46/><REACH who="3" ten="94,221,496,179" step="2"/><T77/><D94/><U2/><E65/><V25/><F47/><W50/><G50/><T8/><D55/><U85/><E120/><V116/><F116/><W58/><G58/><T118/><D118/><U78/><E122/><V125/><F53/><W90/><G90/><T63/><D63/><U20/><E78/><V67/><F89/><W71/><G71/><T79/><REACH who="0" step="1"/><D8/><REACH who="0" ten="84,221,496,179" step="2"/><U112/><E112/><V56/><F105/><W68/><G68/><T123/><D123/><U130/><E10/><V113/><F60/><W103/><G103/><T129/><D129/><U27/><E130/><V1/><F100/><W72/><G72/><T66/><D66/><U6/><E2/><V102/><F67/><W132/><G132/><T54/><D54/><U92/><E5/><RYUUKYOKU ba="0,2" sc="84,10,221,10,496,-30,179,10" hai0="16,19,24,48,49,77,79,82,83,96,99,124,127" hai1="6,9,15,20,27,38,42,44,69,70,85,88,92" hai3="12,13,14,28,29,30,41,45,51,80,81,86,87" />
</Scene>
<Scene>
<INIT seed="4,1,2,3,2,69" ten="94,231,466,189" oya="0" hai0="54,22,11,121,36,112,40,53,126,19,51,26,76" hai1="114,86,27,0,37,83,80,118,97,78,48,65,100" hai2="5,13,44,50,130,56,79,67,35,75,133,9,59" hai3="47,128,107,104,32,24,91,49,92,135,38,103,52"/><T42/><D121/><U94/><E0/><V46/><F35/><W122/><G122/><T6/><D112/><U119/><E114/><V34/><F34/><W2/><G2/><T58/><D126/><U16/><E65/><V61/><F133/><W85/><G135/><T1/><D76/><U7/><E7/><V124/><F124/><W106/><G128/><T115/><D115/><U82/><E48/><V25/><F130/><W127/><G127/><T111/><D111/><U23/><E37/><V132/><F132/><W70/><G70/><T20/><D36/><U77/><REACH who="1" step="1"/><E83/><REACH who="1" ten="94,221,466,189" step="2"/><V87/><F50/><W8/><G38/><T93/><D93/><U123/><E123/><V95/><F67/><W116/><G116/><T71/><D71/><U134/><E134/><V84/><F5/><W43/><G43/><T4/><D4/><U89/><E89/><V81/><F81/><W12/><G103/><T31/><REACH who="0" step="1"/><D54/><REACH who="0" ten="84,221,466,189" step="2"/><U41/><E41/><V60/><F95/><W21/><G107/><T57/><D57/><U90/><E90/><V102/><F56/><W74/><G106/><T55/><D55/><U113/><E113/><V14/><F59/><W29/><G104/><T33/><D33/><U15/><E15/><AGARI ba="1,4" hai="1,6,11,15,19,20,22,26,31,40,42,51,53,58" machi="15" ten="30,2900,0" yaku="1,1,7,1,53,0" doraHai="69" doraHaiUra="64" who="0" fromWho="1" sc="84,72,221,-32,466,0,189,0" />
</Scene>
<Scene>
<INIT seed="4,2,0,5,0,100" ten="156,189,466,189" oya="0" hai0="54,1,33,23,37,4,28,34,30,96,124,99,66" hai1="50,13,43,12,53,40,88,44,128,111,10,58,121" hai2="51,103,25,16,101,86,24,62,126,110,108,52,81" hai3="21,7,69,61,47,22,39,89,130,98,127,76,112"/><T65/><D37/><U87/><E111/><V11/><F126/><W77/><G112/><T67/><D1/><U46/><E128/><V18/><F62/><W104/><G7/><T27/><D4/><U42/><E121/><V15/><F110/><W117/><G117/><T82/><D124/><U106/><E106/><V0/><F0/><W48/><G127/><T97/><D30/><U95/><REACH who="1" step="1"/><E12/><REACH who="1" ten="156,179,466,189" step="2"/><V80/><F108/><W114/><G104/><T83/><REACH who="0" step="1"/><D54/><REACH who="0" ten="146,179,466,189" step="2"/><U38/><E38/><V85/><F52/><W63/><G39/><T119/><D119/><U79/><E79/><V107/><F107/><W6/><G77/><T125/><D125/><U84/><E84/><V123/><F85/><W131/><G76/><T72/><D72/><U2/><E2/><V102/><F86/><W19/><G131/><T57/><D57/><U55/><E55/><V115/><F123/><W68/><G130/><T74/><D74/><U3/><E3/><V94/><F115/><W70/><G114/><T56/><D56/><U41/><N who="1" m="10240" /><DORA hai="64" /><U32/><E32/><AGARI ba="2,2" hai="23,27,28,32,33,34,65,66,67,82,83,96,97,99" machi="32" ten="50,2400,0" yaku="1,1,53,0" doraHai="100,64" doraHaiUra="36,8" who="0" fromWho="1" sc="146,50,179,-30,466,0,189,0" />
</Scene>
<Scene>
<INIT seed="4,3,0,4,0,101" ten="196,149,466,189" oya="0" hai0="53,112,78,23,56,90,28,41,44,119,58,109,65" hai1="127,117,111,37,47,2,39,52,129,7,30,99,122" hai2="131,125,94,9,92,79,130,88,42,62,103,0,12" hai3="27,106,16,66,1,114,87,107,55,91,67,26,61"/><T49/><D119/><U121/><E117/><V36/><F0/><W17/><G1/><T128/><D112/><U133/><E30/><V105/><F79/><W34/><G114/><T21/><D78/><U70/><E7/><V54/><F125/><W100/><G55/><T59/><D128/><N who="2" m="49194" /><F42/><W80/><G67/><T32/><D32/><U4/><E4/><N who="2" m="3111" /><F36/><W102/><G102/><T123/><D123/><U25/><E25/><V72/><F72/><W108/><G108/><T76/><D76/><U38/><E2/><V115/><F88/><N who="3" m="51303" /><G107/><T5/><D5/><U69/><E99/><N who="2" m="61695" /><F115/><W60/><G60/><N who="0" m="38047" /><D109/><U18/><E111/><V118/><F118/><W124/><G91/><T126/><D126/><U135/><E18/><V22/><F22/><N who="0" m="8202" /><D28/><U71/><E127/><V46/><F62/><W110/><G26/><T82/><D41/><U73/><E73/><V89/><F89/><W84/><G84/><AGARI ba="3,0" hai="44,49,53,56,58,82,84,90" m="8202,38047" machi="84" ten="30,1500,0" yaku="8,1" doraHai="101" who="0" fromWho="3" sc="196,24,149,0,466,0,189,-24" />
</Scene>
<Scene>
<INIT seed="4,4,0,2,2,12" ten="220,149,466,165" oya="0" hai0="0,51,90,41,115,127,34,131,61,97,66,19,46" hai1="5,52,6,118,93,104,84,128,10,65,95,70,37" hai2="88,55,109,87,50,106,76,82,28,103,60,31,134" hai3="43,81,42,120,124,126,77,86,64,117,133,79,121"/><T45/><D34/><U68/><E118/><V25/><F109/><W4/><G117/><T47/><D0/><U119/><E119/><V110/><F110/><W102/><G4/><T59/><D115/><U32/><E32/><V89/><F134/><W7/><G7/><T56/><D131/><U74/><E128/><V8/><F60/><W30/><G30/><T2/><D2/><U14/><E74/><V105/><F8/><W18/><G133/><T71/><D127/><N who="3" m="48681" /><G64/><T129/><D129/><U75/><E75/><V11/><F11/><W35/><G35/><T125/><D125/><U73/><E73/><V27/><F31/><W58/><G79/><T57/><D19/><U36/><E104/><V33/><F27/><W83/><G83/><T21/><D21/><U9/><E65/><V98/><F106/><W123/><G102/><T26/><D26/><U63/><E63/><V54/><F54/><W44/><G58/><AGARI ba="4,0" hai="25,28,33,50,55,58,76,82,87,88,89,98,103,105" machi="58" ten="30,2000,0" yaku="7,1,54,1" doraHai="12" who="2" fromWho="3" sc="220,0,149,0,466,32,165,-32" />
</Scene>
<Scene>
<INIT seed="5,0,0,2,2,117" ten="220,149,498,133" oya="1" hai0="46,97,128,47,75,65,21,85,81,9,13,107,74" hai1="92,77,108,50,22,89,83,19,23,12,67,125,24" hai2="68,122,90,127,42,123,114,59,33,48,60,111,112" hai3="113,126,121,30,14,131,53,109,7,2,104,130,27"/><U73/><E125/><V15/><F33/><W31/><G104/><T106/><D65/><U29/><E108/><V28/><F111/><W32/><G109/><T91/><D21/><U57/><E67/><N who="2" m="41063" /><F28/><N who="3" m="19487" /><G53/><T56/><D56/><U93/><E93/><V80/><F15/><W49/><G49/><T54/><D128/><N who="3" m="49193" /><G126/><T88/><D54/><U76/><E76/><V95/><F80/><W135/><G113/><N who="2" m="43625" /><F127/><W120/><G2/><T41/><D107/><U0/><E0/><V63/><F48/><W133/><G31/><T94/><D106/><U61/><E50/><V39/><F42/><W110/><G110/><T52/><D41/><U45/><E45/><V40/><F40/><W102/><G102/><T119/><D47/><U51/><E51/><V129/><F39/><W8/><G30/><T79/><D46/><U132/><E61/><V36/><F36/><W64/><G64/><T17/><D52/><U66/><E66/><N who="2" m="39295" /><F129/><W98/><G98/><AGARI ba="0,0" hai="90,95,98,122,123" m="39295,43625,41063" machi="98" ten="30,7700,0" yaku="15,1,11,1,52,2" doraHai="117" who="2" fromWho="3" sc="220,0,149,0,498,77,133,-77" />
</Scene>
<Scene>
<INIT seed="6,0,0,2,3,86" ten="220,149,575,56" oya="2" hai0="76,62,39,4,74,81,129,68,119,95,37,11,5" hai1="92,58,16,121,127,48,60,9,1,33,132,14,42" hai2="77,117,135,102,15,79,12,113,18,7,49,43,120" hai3="72,99,125,46,52,116,17,47,50,20,35,108,59"/><V70/><F18/><W3/><G108/><T23/><D129/><U13/><E33/><V56/><F15/><W128/><G116/><T115/><D4/><U29/><E29/><V87/><F87/><W124/><G35/><T134/><D115/><U126/><E1/><V105/><F56/><W40/><G3/><T32/><D119/><U91/><E121/><V80/><F80/><W133/><G72/><T64/><D23/><U24/><E24/><V109/><F49/><W103/><G128/><T51/><D51/><U55/><E14/><V85/><F85/><W67/><G67/><T101/><D134/><U100/><E100/><V130/><F102/><W131/><G133/><T96/><D32/><U66/><E42/><V98/><F43/><W8/><G8/><T22/><D22/><U36/><E36/><V82/><F130/><W34/><G34/><T111/><D111/><U45/><REACH who="1" step="1"/><E132/><REACH who="1" ten="220,139,575,56" step="2"/><V2/><F2/><AGARI ba="0,1" hai="2,5,11,37,39,62,64,68,74,76,81,95,96,101" machi="2" ten="30,1000,0" yaku="7,1" doraHai="86" who="0" fromWho="2" sc="220,20,139,0,575,-10,56,0" />
</Scene>
<Scene>
<INIT seed="7,0,0,3,2,133" ten="240,139,565,56" oya="3" hai0="109,27,119,76,7,78,31,0,129,74,45,107,57" hai1="110,101,115,48,51,34,59,83,68,86,55,121,85" hai2="28,12,70,111,1,11,134,91,46,104,50,20,122" hai3="41,15,49,113,52,100,4,92,75,106,77,90,23"/><W128/><G41/><T84/><D107/><U6/><E34/><V79/><F70/><W44/><G113/><T88/><D74/><U89/><E68/><V114/><F104/><W13/><G128/><T93/><D119/><U60/><E121/><V30/><F1/><W39/><G39/><T105/><D105/><U123/><E115/><V8/><F79/><W21/><G106/><T66/><D109/><U18/><E110/><V10/><F114/><W135/><G135/><T40/><D129/><U103/><E123/><V127/><F111/><W117/><G117/><T32/><D7/><U36/><E36/><V95/><F122/><W73/><G100/><N who="1" m="38474" /><E6/><V80/><F80/><W118/><G118/><T19/><D19/><U124/><E124/><V120/><F127/><W24/><G75/><T16/><D16/><U54/><E18/><N who="2" m="10311" /><F120/><W33/><G33/><T69/><D0/><U26/><E26/><V63/><F63/><W102/><G102/><T82/><D69/><U25/><E25/><V96/><F134/><W9/><G24/><T125/><D125/><U87/><E60/><V3/><F3/><W131/><G131/><T42/><D57/><AGARI ba="0,0" hai="48,51,54,55,57,59,83,85,86,87,89" m="38474" machi="57" ten="30,1000,0" yaku="8,1" doraHai="133" who="1" fromWho="0" sc="240,-10,139,10,565,0,56,0" owari="230,3.0,149,-25.0,565,66.0,56,-44.0" />
</Scene>
</mjloggm>