<mjloggm ver="2.3"><GO type="169"/><UN n0="%70%61%77%61%66%75%32" n1="%E3%81%BE%E3%81%8A%E3%82%89%E3%82%93" n2="%49%47%41" n3="%E5%A4%AA%E3%81%8F%E3%81%AA%E3%81%84%E3%81%8A" dan="16,16,16,18" rate="2089,2070,2134,2198" sx="F,F,M,M"/><TAIKYOKU oya="0"/>

<Scene>
<INIT seed="0,0,0,0,1,49" ten="250,250,250,250" oya="0" hai0="10,70,39,69,7,85,110,41,65,91,71,38,57" hai1="104,58,54,23,101,87,80,34,3,75,42,99,46" hai2="114,2,15,131,125,21,17,55,134,66,116,59,100" hai3="105,25,60,12,121,82,76,56,119,95,83,63,30"/><T118/><D118/><U47/><E34/><V43/><F2/><W113/><G105/><T124/><D124/><U4/><E75/><V127/><F114/><W48/><G119/><T62/><D110/><U135/><E135/><V129/><F116/><W35/><G113/><T98/><D98/><U93/><E104/><V36/><F100/><W32/><G121/><T102/><D102/><U132/><E132/><V78/><F66/><W128/><G128/><N who="2" m="49225" /><F78/><W13/><G35/><T122/><D122/><U37/><E47/><N who="2" m="24039" /><F134/><W8/><G95/><T44/><D38/><U84/><E23/><V26/><F26/><W111/><G111/><T120/><D120/><U79/><E4/><V19/><F19/><W86/><G82/><T22/><D22/><U27/><E27/><V108/><F108/><W20/><G32/><T28/><D28/><U133/><E133/><V67/><F67/><W96/><G96/><T52/><D91/><U103/><E103/><V81/><F81/><W50/><G13/><N who="0" m="5343" /><D85/><U126/><E3/><V0/><F0/><W1/><G1/><T53/><D65/><U89/><E126/><N who="2" m="48139" /><F59/><W9/><G56/><N who="0" m="35079" /><D71/><U40/><E37/><V33/><F33/><W90/><G76/><T74/><D74/><U73/><E46/><V16/><F17/><W88/><G90/><T51/><D69/><U45/><E45/><V107/><F107/><W130/><G130/><T97/><D70/><U14/><E14/><V112/><F112/><W11/><G12/><T5/><D5/><U24/><E24/><V117/><F117/><W29/><G29/><T92/><D92/><RYUUKYOKU ba="0,0" sc="250,10,250,-30,250,10,250,10" hai0="39,41,44,51,53,57,97" hai2="15,16,21,55" hai3="8,9,11,20,25,30,48,50,60,63,83,86,88" />
</Scene>
<Scene>
<INIT seed="0,1,0,2,3,17" ten="260,220,260,260" oya="0" hai0="27,52,122,46,50,32,57,135,120,0,112,119,64" hai1="95,115,130,133,37,121,33,44,55,71,129,36,74" hai2="113,56,49,59,106,14,48,10,12,53,86,28,66" hai3="79,3,25,21,26,124,83,97,6,20,88,108,126"/><T125/><D119/><U85/><E74/><V1/><F106/><W67/><G108/><T123/><D0/><U58/><E33/><V89/><F113/><W101/><G67/><T100/><D112/><U90/><E115/><V111/><F111/><W76/><G3/><T47/><D100/><U84/><E71/><V103/><F103/><W69/><G69/><T70/><D135/><U99/><E133/><V54/><F28/><N who="3" m="17447" /><G6/><T96/><D96/><U42/><E37/><V38/><F38/><W75/><G75/><T98/><D98/><U23/><E121/><V13/><F66/><W78/><G101/><T72/><D72/><U93/><E93/><V127/><F127/><N who="3" m="48683" /><G97/><T94/><D125/><U81/><E81/><V109/><F109/><W40/><G40/><T34/><D94/><U117/><E117/><V22/><F1/><W116/><G116/><T29/><REACH who="0" step="1"/><D32/><REACH who="0" ten="250,220,260,260" step="2"/><U114/><E114/><V104/><F104/><W77/><G83/><T51/><D51/><N who="1" m="31103" /><E99/><V80/><REACH who="2" step="1"/><F10/><REACH who="2" ten="250,220,250,260" step="2"/><W87/><G87/><T61/><AGARI ba="1,2" hai="27,29,34,46,47,50,52,57,61,64,70,120,122,123" machi="61" ten="40,12000,1" yaku="1,1,0,1,54,1,53,2" doraHai="17" doraHaiUra="41" who="0" fromWho="0" sc="250,143,220,-41,250,-41,260,-41" />
</Scene>
<Scene>
<INIT seed="0,2,0,5,1,117" ten="393,179,209,219" oya="0" hai0="24,111,71,91,94,93,72,132,98,67,9,103,86" hai1="36,60,76,16,6,30,78,74,43,80,49,112,35" hai2="126,119,87,28,128,125,46,81,73,37,53,109,18" hai3="58,102,69,7,96,92,90,50,127,3,101,88,54"/><T131/><D131/><U32/><E49/><N who="2" m="28855" /><F128/><W15/><G69/><T23/><D132/><U21/><E30/><V122/><F37/><W2/><G127/><N who="2" m="48649" /><F119/><W39/><G39/><T100/><D72/><U85/><E112/><V63/><F109/><W45/><G2/><T121/><D111/><U68/><E6/><V70/><F28/><W31/><G3/><T14/><D121/><U129/><E129/><V42/><F42/><W83/><G31/><T114/><D114/><U61/><E43/><V123/><F73/><W38/><G38/><T1/><D1/><U11/><E11/><V10/><F70/><W77/><G102/><N who="0" m="60751" /><D67/><U0/><E0/><V116/><F63/><W48/><G15/><T27/><D71/><U12/><E36/><V41/><F41/><W134/><G7/><N who="0" m="3391" /><D27/><U95/><E61/><V106/><F106/><W25/><G25/><T19/><AGARI ba="2,0" hai="19,23,24,86,91,94,100,103" m="3391,60751" machi="19" ten="30,1500,0" yaku="8,1" doraHai="117" who="0" fromWho="0" sc="393,21,179,-7,209,-7,219,-7" />
</Scene>
<Scene>
<INIT seed="0,3,0,4,0,90" ten="414,172,202,212" oya="0" hai0="15,113,61,69,91,86,64,35,50,115,87,19,124" hai1="99,118,119,77,51,133,67,94,17,0,10,89,59" hai2="131,23,128,68,82,96,43,49,125,8,3,2,107" hai3="65,21,101,78,42,6,126,57,27,95,32,111,74"/><T117/><D117/><U18/><E133/><V121/><F68/><W28/><G111/><T130/><D130/><U16/><E77/><V7/><F121/><W11/><G126/><T100/><D124/><U105/><E105/><V9/><F125/><W62/><G42/><T48/><D35/><U38/><E38/><V55/><F43/><W79/><G74/><T88/><D100/><U84/><E99/><V20/><F82/><W4/><G32/><T37/><D37/><U123/><E123/><V110/><F110/><W80/><G80/><T102/><D102/><U109/><E109/><V41/><F41/><W29/><G29/><T53/><D91/><U70/><E70/><V56/><F107/><W44/><G44/><T75/><D75/><U85/><E85/><V12/><F96/><N who="3" m="59551" /><G6/><T1/><D1/><AGARI ba="3,0" hai="1,4,11,21,27,28,57,62,65,78,79" m="59551" machi="1" ten="30,2000,0" yaku="25,1,52,1" doraHai="90" who="3" fromWho="0" sc="414,-29,172,0,202,0,212,29" />
</Scene>
<Scene>
<INIT seed="1,0,0,0,2,69" ten="385,172,202,241" oya="1" hai0="100,70,106,91,132,30,4,38,135,93,48,22,1" hai1="71,35,78,103,63,72,123,0,2,27,80,120,121" hai2="67,110,79,102,55,86,54,5,118,128,88,11,127" hai3="115,24,52,37,28,104,133,114,134,73,75,77,31"/><U20/><E103/><V53/><F118/><W25/><G104/><T82/><D70/><U40/><E20/><V105/><F110/><W49/><G77/><T46/><D82/><U47/><E71/><V68/><F79/><W101/><G101/><T18/><D30/><U125/><E63/><V9/><F127/><W92/><G92/><T112/><D112/><U84/><E84/><V50/><F128/><W129/><G49/><T85/><D38/><N who="1" m="21911" /><E125/><V87/><F87/><W3/><G3/><T119/><D119/><U111/><E111/><V130/><F130/><W6/><G6/><T36/><D36/><U107/><E107/><V108/><F108/><W89/><G129/><T64/><D64/><U96/><E96/><V97/><F67/><W61/><G61/><T94/><D106/><U13/><E13/><V83/><F68/><W109/><G109/><T124/><D124/><U122/><N who="1" m="30720" /><DORA hai="62" /><U15/><E15/><V90/><F90/><W65/><G89/><T42/><D100/><U99/><E99/><V98/><F98/><W32/><G37/><T116/><D116/><U126/><E126/><V12/><REACH who="2" step="1"/><F11/><REACH who="2" ten="385,172,192,241" step="2"/><W76/><G76/><T59/><D93/><U74/><E74/><V45/><AGARI ba="0,1" hai="5,9,12,45,50,53,54,55,83,86,88,97,102,105" machi="45" ten="20,16000,3" yaku="1,1,2,1,0,1,7,1,54,1,53,4" doraHai="69,62" doraHaiUra="51,44" who="2" fromWho="2" sc="385,-40,172,-80,192,170,241,-40" />
</Scene>
<Scene>
<INIT seed="2,0,0,4,1,110" ten="345,92,362,201" oya="2" hai0="94,37,34,2,36,108,7,130,119,106,127,12,41" hai1="20,42,3,76,15,129,31,125,128,95,40,109,111" hai2="25,69,99,85,89,114,101,63,52,115,21,38,83" hai3="47,33,100,32,78,59,66,30,46,121,24,117,22"/><V50/><F38/><W79/><G121/><T58/><D108/><N who="1" m="41547" /><E3/><V75/><F75/><W44/><G117/><T68/><D68/><U18/><E31/><V23/><F63/><N who="3" m="38271" /><G33/><T19/><D106/><U29/><E29/><V74/><F74/><W8/><G32/><T91/><D130/><N who="1" m="50283" /><E76/><N who="3" m="29226" /><G100/><T61/><D119/><U57/><E125/><V102/><F69/><W86/><G86/><T48/><D34/><U14/><E95/><V77/><F77/><W0/><G0/><T107/><D107/><U11/><E57/><V1/><F1/><W17/><G8/><T134/><D2/><U92/><E92/><V49/><F102/><W105/><G105/><T45/><D127/><U123/><E42/><V13/><F101/><W4/><G4/><T35/><D7/><N who="1" m="3455" /><E40/><V122/><F99/><W54/><G30/><T51/><D35/><U80/><E80/><V9/><F49/><AGARI ba="0,0" hai="17,22,24,44,46,47,49,54" m="29226,38271" machi="49" ten="30,1000,0" yaku="8,1" doraHai="110" who="3" fromWho="2" sc="345,0,92,0,362,-10,201,10" />
</Scene>
<Scene>
<INIT seed="3,0,0,0,1,14" ten="345,92,352,211" oya="3" hai0="106,79,121,84,59,44,118,119,99,66,36,43,51" hai1="62,21,53,42,24,26,16,58,45,40,68,20,10" hai2="4,83,69,48,127,95,61,85,117,3,29,32,107" hai3="5,47,23,132,82,25,110,22,96,124,94,97,1"/><W9/><G132/><T120/><D79/><U93/><E68/><V104/><F117/><N who="0" m="44554" /><D84/><U12/><E93/><V55/><F127/><W60/><G124/><T73/><D73/><U54/><E54/><V75/><F75/><W131/><G131/><T108/><D99/><U0/><E0/><V78/><F95/><W13/><G110/><T102/><D102/><U112/><E112/><V46/><F4/><W67/><G82/><T123/><D106/><U52/><E53/><V50/><F3/><W19/><G47/><T11/><D11/><U88/><E88/><V115/><F115/><W70/><REACH who="3" step="1"/><G94/><REACH who="3" ten="345,92,352,201" step="2"/><T64/><D108/><U15/><E45/><N who="2" m="28047" /><F107/><W77/><G77/><T8/><D44/><U31/><REACH who="1" step="1"/><E15/><REACH who="1" ten="345,82,352,201" step="2"/><V72/><F104/><W81/><G81/><T113/><D121/><U98/><E98/><V74/><F46/><W89/><G89/><T6/><D120/><U129/><E129/><V41/><F83/><W100/><G100/><T33/><D123/><U103/><E103/><V130/><F130/><W114/><G114/><T86/><D113/><U2/><E2/><V101/><F101/><W71/><G71/><T87/><D36/><U126/><E126/><V35/><F69/><W18/><AGARI ba="0,2" hai="1,5,9,13,18,19,22,23,25,60,67,70,96,97" machi="18" ten="20,12000,1" yaku="1,1,0,1,7,1,52,2,53,0" doraHai="14" doraHaiUra="109" who="3" fromWho="3" sc="345,-40,82,-40,352,-40,201,140" />
</Scene>
<Scene>
<INIT seed="3,1,0,5,4,110" ten="305,42,312,341" oya="3" hai0="29,133,71,52,55,37,85,16,67,23,13,0,103" hai1="56,46,66,132,101,40,116,84,38,62,134,74,119" hai2="90,59,70,26,43,19,17,72,4,89,120,124,50" hai3="24,122,32,10,93,94,126,21,107,100,3,87,98"/><W49/><G122/><T86/><D0/><U82/><E101/><V88/><F70/><W108/><G126/><T6/><D37/><U92/><E92/><V79/><F124/><W34/><G108/><T78/><D133/><U109/><E109/><V68/><F68/><W47/><G3/><T65/><D103/><U53/><E84/><N who="0" m="32361" /><D78/><U30/><E30/><V115/><F4/><W106/><G10/><N who="0" m="4311" /><D29/><U15/><E15/><V77/><F120/><W76/><G106/><T129/><D71/><N who="1" m="42455" /><E74/><V123/><F123/><W75/><G75/><T114/><D129/><U131/><E131/><V127/><F127/><W39/><G39/><T73/><D73/><U9/><E9/><V44/><F59/><W95/><G76/><T58/><D114/><U112/><E82/><V105/><F105/><W36/><G36/><T45/><D45/><U57/><E57/><V41/><F115/><W27/><G87/><T117/><D117/><N who="1" m="45131" /><E112/><V28/><F79/><W5/><G5/><T42/><D58/><U99/><E99/><V60/><F77/><W31/><REACH who="3" step="1"/><G27/><REACH who="3" ten="305,42,312,331" step="2"/><N who="0" m="14823" /><D42/><AGARI ba="1,1" hai="21,24,31,32,34,42,47,49,93,94,95,98,100,107" machi="42" ten="40,2000,0" yaku="1,1,53,0" doraHai="110" doraHaiUra="111" who="3" fromWho="0" sc="305,-23,42,0,312,0,331,33" />
</Scene>
<Scene>
<INIT seed="3,2,0,0,3,81" ten="282,42,312,364" oya="3" hai0="60,30,135,102,62,90,107,131,12,44,16,127,124" hai1="37,41,0,52,91,92,50,80,57,116,48,84,74" hai2="11,94,65,108,75,54,36,109,3,42,114,1,70" hai3="119,113,40,110,125,133,18,64,59,128,82,38,100"/><W83/><G119/><T63/><D135/><U23/><E116/><V20/><F75/><W67/><G100/><T118/><D118/><U31/><E37/><V73/><F73/><W2/><G2/><T5/><D131/><U68/><E68/><V129/><F114/><W21/><G113/><T55/><D30/><U86/><E74/><V101/><F129/><W26/><G128/><T46/><D5/><U98/><E0/><V15/><F20/><W120/><G120/><T13/><D107/><U25/><E80/><N who="3" m="30762" /><G38/><T72/><D102/><U132/><E132/><V35/><F35/><W47/><G133/><T126/><D72/><U130/><E130/><V96/><F54/><W17/><G125/><T19/><D90/><U104/><E104/><V79/><F79/><W43/><G110/><N who="2" m="42601" /><F42/><N who="3" m="15915" /><G47/><AGARI ba="2,0" hai="23,25,31,41,47,48,50,52,57,84,86,91,92,98" machi="47" ten="40,8000,1" yaku="8,1,52,2,54,1" doraHai="81" who="1" fromWho="3" sc="282,0,42,86,312,0,364,-86" />
</Scene>
<Scene>
<INIT seed="4,0,0,0,3,76" ten="282,128,312,278" oya="0" hai0="29,62,45,75,120,109,116,106,57,5,123,33,27" hai1="4,93,31,78,92,101,56,88,46,53,58,54,64" hai2="124,80,42,65,40,6,19,82,99,70,66,105,51" hai3="84,87,77,50,36,60,112,2,39,25,32,23,68"/><T49/><D116/><U55/><E4/><V17/><F124/><W67/><G2/><T96/><D75/><U108/><E108/><V41/><F6/><W102/><G112/><T132/><D132/><U9/><E9/><V133/><F133/><W130/><G130/><T14/><D109/><U20/><E78/><V48/><F105/><W30/><G84/><T74/><D74/><U119/><E119/><V118/><F118/><W63/><G63/><T12/><D106/><U104/><E104/><V128/><F128/><W15/><G50/><N who="2" m="18985" /><F70/><W122/><G122/><T121/><D96/><N who="1" m="59535" /><E46/><V113/><F99/><W26/><G15/><T3/><D3/><U79/><E79/><V115/><F113/><W110/><G110/><T37/><D37/><U103/><E103/><V28/><F28/><W8/><G8/><T7/><D7/><U86/><E64/><N who="2" m="24683" /><F115/><W24/><G102/><T98/><D98/><U69/><E69/><V126/><F126/><W131/><G131/><T85/><D5/><U89/><E89/><V83/><AGARI ba="0,0" hai="17,19,40,41,42,80,82,83" m="24683,18985" machi="83" ten="40,12000,2" yaku="28,2,8,1,52,3" doraHai="76" who="2" fromWho="2" sc="282,-60,128,-30,312,120,278,-30" />
</Scene>
<Scene>
<INIT seed="5,0,0,4,4,80" ten="222,98,432,248" oya="1" hai0="135,69,88,42,22,54,8,104,77,62,2,71,118" hai1="28,101,51,14,9,124,74,126,100,112,45,26,123" hai2="1,64,5,27,41,23,16,117,31,132,95,82,65" hai3="78,98,102,44,115,4,15,56,47,7,37,38,19"/><U86/><E74/><V55/><F117/><W11/><G115/><T93/><D118/><U36/><E36/><V73/><F41/><W43/><G78/><T32/><D104/><U46/><E123/><V110/><F110/><W134/><G134/><T96/><D32/><U52/><E112/><V49/><F132/><W107/><G56/><T111/><D111/><U18/><E46/><V84/><F73/><W130/><G130/><T21/><D135/><U59/><E124/><V108/><F108/><W109/><G109/><T34/><D34/><U50/><E126/><V120/><F120/><W67/><G67/><N who="2" m="25673" /><F1/><W114/><G114/><T125/><D77/><U60/><E51/><V61/><F5/><W30/><G30/><T90/><D42/><AGARI ba="0,0" hai="4,7,11,15,19,37,38,42,43,44,47,98,102,107" machi="42" ten="40,1300,0" yaku="9,1" doraHai="80" who="3" fromWho="0" sc="222,-13,98,0,432,0,248,13" />
</Scene>
<Scene>
<INIT seed="6,0,0,5,0,24" ten="209,98,432,261" oya="2" hai0="86,114,42,14,100,53,67,74,5,32,80,15,115" hai1="124,78,130,63,82,2,12,17,6,18,88,46,56" hai2="108,47,40,75,66,25,92,21,79,16,112,90,23" hai3="57,22,120,48,121,13,99,30,97,26,3,35,81"/><V51/><F112/><N who="0" m="43050" /><D74/><U38/><E130/><V102/><F66/><W105/><G3/><T76/><D100/><U93/><E124/><V89/><F108/><W28/><G81/><T127/><D127/><U101/><E101/><V116/><F116/><W118/><G118/><T111/><D111/><U29/><E29/><N who="2" m="17583" /><F79/><W84/><G84/><T54/><D42/><U123/><E123/><V126/><F75/><W65/><G105/><T41/><D41/><U94/><E2/><V7/><F7/><W9/><G35/><T52/><D67/><U96/><E38/><V70/><F70/><W106/><G106/><T0/><D32/><U109/><E109/><V45/><F45/><W122/><G30/><T50/><D50/><U33/><E33/><V98/><F126/><W11/><G11/><AGARI ba="0,0" hai="0,5,11,14,15,52,53,54,76,80,86" m="43050" machi="11" ten="30,2000,0" yaku="15,1,54,1" doraHai="24" who="0" fromWho="3" sc="209,20,98,0,432,0,261,-20" />
</Scene>
<Scene>
<INIT seed="7,0,0,1,5,17" ten="229,98,432,241" oya="3" hai0="135,107,41,24,1,28,125,91,69,97,10,20,2" hai1="12,127,27,110,6,31,46,39,66,23,92,54,131" hai2="9,5,104,86,30,119,3,90,19,117,71,82,43" hai3="128,36,122,35,50,120,73,99,53,124,61,58,55"/><W59/><G73/><T33/><D41/><U11/><E131/><V34/><F71/><W106/><G35/><T87/><D69/><U0/><E127/><V118/><F104/><W116/><G116/><T56/><D135/><U26/><E66/><V40/><REACH who="2" step="1"/><F19/><REACH who="2" ten="229,98,422,241" step="2"/><W62/><G128/><T32/><D125/><U134/><E134/><V121/><F121/><W42/><G124/><T112/><D112/><U100/><E100/><V16/><F16/><W21/><G120/><T25/><D33/><U70/><E70/><V76/><F76/><W15/><G122/><T75/><D75/><U114/><E114/><V14/><F14/><W105/><G105/><T65/><D107/><U22/><E110/><V95/><F95/><W51/><G106/><T101/><D101/><U68/><E68/><V108/><F108/><W79/><G79/><T98/><D2/><U72/><E72/><V85/><F85/><W80/><G99/><T44/><D98/><U78/><E78/><V74/><F74/><W96/><G96/><T77/><D97/><U8/><E92/><V130/><F130/><W64/><G80/><N who="0" m="49639" /><D77/><U45/><E39/><V88/><F88/><W89/><G89/><T126/><D126/><U94/><E94/><V67/><F67/><W81/><G81/><T129/><D129/><U57/><E0/><V47/><F47/><N who="3" m="24007" /><G64/><T102/><D44/><U18/><REACH who="1" step="1"/><E11/><REACH who="1" ten="229,88,422,241" step="2"/><V52/><F52/><W83/><G83/><T111/><D111/><U7/><E7/><V123/><F123/><W132/><G132/><T60/><D102/><U63/><AGARI ba="0,2" hai="6,8,12,18,22,23,26,27,31,45,46,54,57,63" machi="63" ten="20,12000,2" yaku="1,1,0,1,7,1,8,1,52,2,53,0" doraHai="17" doraHaiUra="133" who="1" fromWho="1" sc="229,-30,88,140,422,-30,241,-60" owari="199,-20.0,228,3.0,392,49.0,181,-32.0" />
</Scene>
</mjloggm>