<mjloggm ver="2.3"><GO type="169" lobby="0"/><UN n0="%E3%81%82%E3%82%93%E3%81%96%E3%82%93" n1="%E3%83%A1%E3%83%81%E3%83%AB%E3%82%B0%E3%83%AA%E3%83%BC%E3%83%B3" n2="%E5%A4%AA%E3%81%8F%E3%81%AA%E3%81%84%E3%81%8A" n3="%E3%83%81%E3%83%AD%E3%83%AD%E8%BB%8D%E6%9B%B9" dan="17,16,18,16" rate="2161.83,2090.15,2155.72,2070.48" sx="M,M,F,F"/><TAIKYOKU oya="0"/>

<Scene>
<INIT seed="0,0,0,3,1,96" ten="250,250,250,250" oya="0" hai0="51,119,69,32,24,85,135,133,123,60,84,53,22" hai1="7,17,63,9,117,102,38,49,115,31,30,18,92" hai2="116,43,16,27,66,88,28,58,124,50,121,14,80" hai3="107,48,105,90,40,87,25,106,3,108,2,11,39"/><T36/><D119/><U15/><E38/><V83/><F121/><W93/><G39/><T34/><D123/><U6/><E117/><V70/><F116/><W126/><G108/><T47/><D36/><U75/><E75/><V104/><F104/><W42/><G126/><T79/><D69/><U71/><E6/><V35/><F124/><W37/><G37/><T122/><D60/><U130/><E130/><V23/><F70/><W29/><G11/><T114/><D114/><U111/><E111/><V57/><F66/><W68/><G68/><T65/><D65/><U110/><E110/><V4/><F4/><W19/><G19/><N who="1" m="7178" /><E71/><V82/><REACH who="2" step="1"/><F88/><REACH who="2" ten="250,250,240,250" step="2"/><W132/><G105/><T55/><D122/><U45/><E115/><V1/><F1/><W26/><G106/><T125/><D125/><U44/><E7/><V8/><F8/><W56/><G107/><T101/><D133/><U118/><E9/><V89/><F89/><W129/><G3/><T64/><D135/><U74/><E118/><V62/><F62/><W13/><G2/><T12/><D64/><U131/><E63/><V103/><F103/><W127/><G127/><T94/><D101/><U59/><E102/><V46/><AGARI ba="0,1" hai="14,16,23,27,28,35,43,46,50,57,58,80,82,83" machi="46" ten="30,4000,0" yaku="1,1,0,1,54,1,53,0" doraHai="96" doraHaiUra="81" who="2" fromWho="2" sc="250,-20,250,-10,240,50,250,-10" />
</Scene>
<Scene>
<INIT seed="1,0,0,4,3,36" ten="230,240,290,240" oya="1" hai0="126,132,26,81,123,92,10,115,67,84,6,68,114" hai1="66,80,117,23,112,14,17,90,125,79,130,0,25" hai2="111,69,131,109,100,39,1,38,47,120,54,2,135" hai3="133,95,53,91,19,22,27,88,113,98,118,7,55"/><U46/><E117/><V103/><F120/><W108/><G113/><T51/><D123/><U97/><E112/><V71/><F47/><W21/><G108/><T128/><D132/><U94/><E0/><V11/><F11/><W122/><G122/><T44/><D126/><U61/><E125/><V102/><F54/><W16/><G133/><T33/><D128/><U31/><E130/><V64/><F135/><W59/><G7/><T15/><D92/><U13/><E46/><V4/><F4/><W82/><G118/><T57/><D57/><U99/><E99/><V116/><F131/><W134/><G134/><T3/><D3/><N who="2" m="1034" /><F116/><W85/><G59/><T74/><D74/><U48/><E48/><V101/><F101/><W9/><G9/><T110/><D67/><U106/><E106/><V28/><F28/><W89/><G91/><T87/><D68/><N who="2" m="26186" /><F64/><W50/><G50/><T42/><D87/><N who="1" m="48543" /><E31/><V24/><F24/><AGARI ba="0,0" hai="16,19,21,22,24,27,53,55,82,85,88,89,95,98" machi="24" ten="30,8000,1" yaku="7,1,9,1,8,1,54,2" doraHai="36" who="3" fromWho="2" sc="230,0,240,0,290,-80,240,80" />
</Scene>
<Scene>
<INIT seed="2,0,0,2,2,100" ten="230,240,210,320" oya="2" hai0="50,57,79,36,66,49,38,93,84,109,108,61,127" hai1="17,40,55,45,29,72,7,135,77,71,122,119,112" hai2="86,20,74,3,103,58,80,6,114,41,76,94,39" hai3="48,43,42,14,25,1,62,99,56,75,8,90,51"/><V2/><F114/><W102/><G75/><T124/><D79/><U37/><E71/><V22/><F58/><W73/><G73/><T92/><D84/><U125/><E29/><V106/><F3/><W26/><G1/><T60/><REACH who="0" step="1"/><D57/><REACH who="0" ten="220,240,210,320" step="2"/><U78/><E77/><V10/><F86/><W12/><G56/><T47/><D47/><U21/><E78/><V87/><F87/><W91/><G99/><T111/><D111/><U98/><E45/><N who="2" m="23743" /><F94/><W0/><G0/><T83/><D83/><U96/><E98/><AGARI ba="0,1" hai="2,6,10,20,22,74,76,80,98,103,106" m="23743" machi="98" ten="30,2900,0" yaku="25,1,52,1" doraHai="100" who="2" fromWho="1" sc="220,0,240,-29,210,39,320,0" />
</Scene>
<Scene>
<INIT seed="2,1,0,3,3,110" ten="220,211,249,320" oya="2" hai0="58,39,118,29,120,49,26,27,31,126,21,54,78" hai1="11,69,74,128,57,81,44,12,0,119,7,45,84" hai2="117,112,61,53,2,97,135,42,30,99,47,28,22" hai3="17,105,43,92,107,60,121,129,89,9,10,132,115"/><V123/><F123/><W94/><G121/><T62/><D126/><U56/><E69/><V4/><F117/><W15/><G129/><T36/><D120/><U91/><E119/><V68/><F2/><W33/><G33/><T3/><D118/><U95/><E128/><V98/><F135/><W55/><G132/><T93/><D3/><U48/><E0/><V34/><F34/><W25/><G115/><T24/><D78/><U71/><E71/><V40/><F4/><W37/><G25/><T111/><D111/><U38/><E38/><V85/><F112/><W50/><G9/><T113/><D113/><U32/><E32/><V6/><F6/><W16/><G17/><T14/><D14/><U59/><E74/><V102/><F102/><W125/><G125/><T82/><D82/><U72/><E72/><V35/><F35/><W8/><G8/><T76/><D76/><N who="1" m="46119" /><E48/><N who="2" m="28831" /><F68/><W51/><G60/><T70/><D70/><U79/><E79/><V5/><F5/><W73/><G73/><T101/><D62/><U19/><E7/><V104/><F104/><W114/><G114/><T124/><D124/><U87/><AGARI ba="1,0" hai="11,12,19,44,45,56,57,59,87,91,95" m="46119" machi="87" ten="30,1100,0" yaku="8,1" doraHai="110" who="1" fromWho="1" sc="220,-4,211,14,249,-6,320,-4" />
</Scene>
<Scene>
<INIT seed="3,0,0,2,2,81" ten="216,225,243,316" oya="3" hai0="6,115,107,78,84,105,26,89,35,50,122,68,41" hai1="32,51,28,54,123,112,60,131,108,25,53,3,47" hai2="40,113,118,73,100,83,80,104,125,124,114,66,46" hai3="17,106,96,5,94,42,98,10,126,56,8,24,82"/><W59/><G126/><N who="2" m="48745" /><F66/><W109/><G109/><T55/><D122/><U2/><E123/><V22/><F22/><W74/><G42/><T43/><D115/><N who="2" m="44042" /><F46/><W71/><G71/><T121/><D78/><U62/><E112/><V135/><F40/><W93/><G106/><T12/><D121/><U20/><E108/><V130/><F118/><W19/><G74/><T116/><D68/><U45/><E131/><V128/><F135/><W52/><G82/><N who="2" m="31273" /><F73/><W0/><G24/><T30/><D116/><U120/><E120/><V69/><F69/><W117/><G117/><T103/><D43/><U95/><E20/><V14/><F14/><W23/><G23/><T44/><D41/><U27/><E27/><V9/><F9/><W48/><G56/><T1/><D1/><U11/><E11/><V91/><F91/><W72/><G8/><T77/><D12/><U90/><E2/><V34/><F34/><W70/><G72/><T21/><D6/><U33/><E3/><V36/><F36/><W110/><G70/><T99/><D35/><U97/><E33/><V129/><F100/><W18/><G110/><T119/><D119/><U79/><E79/><V37/><F37/><W92/><AGARI ba="0,0" hai="0,5,10,17,18,19,48,52,59,92,93,94,96,98" machi="92" ten="30,3000,0" yaku="0,1,54,1" doraHai="81" who="3" fromWho="3" sc="216,-10,225,-10,243,-10,316,30" />
</Scene>
<Scene>
<INIT seed="3,1,0,0,1,98" ten="206,215,233,346" oya="3" hai0="40,93,88,6,129,57,12,60,133,64,84,43,113" hai1="115,116,3,87,131,86,100,126,94,78,81,91,32" hai2="109,22,7,5,19,101,118,13,23,10,119,9,52" hai3="55,106,50,42,15,122,37,39,76,27,25,62,67"/><W11/><G122/><T89/><D133/><U92/><E32/><V70/><F70/><W95/><G106/><T79/><D129/><U65/><E3/><V69/><F69/><W82/><G95/><T107/><D113/><U33/><E33/><V102/><F109/><W41/><G39/><T120/><D120/><U61/><E115/><V4/><F119/><W36/><G36/><T0/><D0/><U97/><E131/><V128/><F118/><W75/><G25/><T28/><D28/><U1/><E1/><V111/><F128/><W72/><G27/><T8/><D107/><U114/><E114/><V105/><F111/><W24/><G24/><T127/><D79/><U51/><E116/><V123/><F123/><W108/><G108/><T53/><D127/><U26/><E26/><V21/><F105/><W14/><G72/><T56/><REACH who="0" step="1"/><D89/><REACH who="0" ten="196,215,233,346" step="2"/><U66/><E126/><V99/><F99/><W80/><G76/><T135/><D135/><U117/><E117/><V16/><F52/><W74/><G55/><T46/><D46/><U124/><E124/><V18/><F13/><W20/><G14/><T2/><D2/><U130/><E130/><V17/><N who="2" m="4096" /><DORA hai="104" /><V71/><F71/><W38/><G15/><T54/><D54/><U31/><E31/><V45/><F45/><W35/><G35/><T103/><D103/><AGARI ba="1,1" hai="4,5,7,9,10,21,22,23,101,102,103" m="4096" machi="103" ten="60,16000,3" yaku="29,2,28,2,8,1,52,3,54,1" doraHai="98,104" who="2" fromWho="0" sc="196,-163,215,0,233,173,346,0" />
</Scene>
<Scene>
<INIT seed="4,0,0,2,0,72" ten="33,215,406,346" oya="0" hai0="124,11,28,2,82,76,96,93,26,46,110,31,92" hai1="97,73,135,55,75,61,115,22,70,130,116,40,4" hai2="90,98,19,52,18,89,32,132,79,81,41,111,3" hai3="14,0,56,44,48,88,121,113,13,29,108,24,45"/><T77/><D124/><U12/><E116/><V114/><F111/><W15/><G108/><T63/><D110/><U51/><E130/><V112/><F3/><W9/><G113/><N who="2" m="43625" /><F32/><W85/><G121/><T36/><D36/><U68/><E115/><V129/><F41/><W106/><G106/><T107/><D107/><U105/><E40/><V91/><F129/><W80/><G0/><T66/><D2/><U20/><E135/><V118/><F132/><W38/><G9/><T7/><D46/><U102/><E22/><V42/><F42/><W5/><G5/><T64/><D82/><U74/><E61/><V23/><F118/><W27/><G38/><T94/><D96/><U47/><REACH who="1" step="1"/><E4/><REACH who="1" ten="33,205,406,346" step="2"/><V104/><F23/><W95/><G29/><N who="0" m="11339" /><D26/><U65/><E65/><N who="0" m="25193" /><D63/><U78/><E78/><N who="0" m="30313" /><D11/><U39/><E39/><V10/><F10/><W117/><G117/><T69/><D69/><U62/><E62/><V17/><F79/><N who="3" m="46239" /><G24/><T1/><D1/><U6/><E6/><AGARI ba="0,1" hai="6,7,92,93,94" m="30313,25193,11339" machi="6" ten="40,18000,2" yaku="28,2,8,1,52,3" doraHai="72" who="0" fromWho="1" sc="33,190,205,-180,406,0,346,0" />
</Scene>
<Scene>
<INIT seed="4,1,0,3,0,51" ten="223,25,406,346" oya="0" hai0="111,74,131,81,73,121,8,128,90,101,1,38,130" hai1="47,46,10,83,96,41,125,95,40,60,120,108,114" hai2="27,98,106,99,123,50,67,26,113,88,109,103,76" hai3="23,59,110,20,80,100,107,93,53,36,94,31,115"/><T89/><D121/><U28/><E108/><V29/><F109/><W87/><G110/><T17/><D111/><U61/><E120/><V118/><F123/><W0/><G0/><T39/><D101/><U72/><E125/><V15/><F76/><W54/><G36/><N who="0" m="13867" /><D81/><U4/><E28/><V56/><F113/><W25/><G115/><T32/><D32/><U77/><E114/><V34/><F118/><W105/><G23/><T43/><D17/><U92/><E92/><V45/><F27/><W64/><G105/><T78/><D43/><U37/><E41/><V102/><F102/><W9/><G9/><T116/><D78/><U35/><E35/><V85/><F103/><W86/><G107/><T22/><D22/><U70/><E70/><V117/><F106/><W97/><G93/><T75/><D116/><U129/><E95/><V135/><F117/><W12/><G12/><T71/><D71/><U134/><E77/><V13/><F13/><W18/><G18/><T21/><D21/><U58/><E10/><V3/><F15/><W65/><G86/><T55/><D8/><U82/><E83/><V57/><F85/><W52/><G59/><T44/><D1/><U127/><E82/><V48/><F3/><W63/><G63/><T133/><D133/><U33/><E61/><V42/><F135/><W132/><G132/><T79/><D79/><AGARI ba="1,0" hai="20,25,31,52,53,54,64,65,79,80,87,94,97,100" machi="79" ten="40,8000,1" yaku="8,1,52,3,54,1" doraHai="51" who="3" fromWho="0" sc="223,-83,25,0,406,0,346,83" />
</Scene>
<Scene>
<INIT seed="5,0,0,4,2,31" ten="140,25,406,429" oya="1" hai0="27,10,33,61,24,129,128,87,76,16,13,8,40" hai1="115,104,41,65,103,134,5,119,29,113,130,60,112" hai2="72,9,122,2,12,4,48,52,1,117,26,110,116" hai3="23,57,92,102,123,59,135,82,106,118,93,94,11"/><U54/><E119/><V120/><F72/><W98/><G123/><N who="2" m="47145" /><F52/><W67/><G135/><T66/><D40/><U71/><E134/><V45/><F48/><W3/><G118/><N who="2" m="45673" /><F45/><W37/><G37/><T56/><D8/><U32/><E130/><N who="0" m="50281" /><D33/><U30/><E41/><V95/><F95/><W0/><G82/><AGARI ba="0,0" hai="10,13,16,24,27,56,61,66,76,82,87" m="50281" machi="82" ten="30,2000,0" yaku="19,1,54,1" doraHai="31" who="0" fromWho="3" sc="140,20,25,0,406,0,429,-20" />
</Scene>
<Scene>
<INIT seed="6,0,0,0,0,34" ten="160,25,406,409" oya="2" hai0="32,37,39,106,9,131,96,11,124,56,67,75,111" hai1="81,47,46,38,66,42,55,29,48,27,50,121,33" hai2="99,129,21,103,35,118,64,4,51,72,116,109,104" hai3="61,2,110,80,87,49,19,54,95,102,3,69,68"/><V112/><F35/><W83/><G110/><T12/><D32/><U108/><E108/><V44/><F109/><W60/><G19/><T100/><D75/><U43/><E121/><V8/><F72/><W97/><G69/><T88/><D111/><U132/><E132/><V128/><F64/><W6/><G6/><T90/><D9/><U92/><E66/><V62/><F62/><W114/><G114/><T70/><D70/><U18/><E18/><V130/><F21/><W85/><G68/><T23/><D23/><U59/><E92/><V117/><F112/><W20/><G20/><T31/><D31/><U58/><REACH who="1" step="1"/><E81/><REACH who="1" ten="160,15,406,409" step="2"/><V15/><REACH who="2" step="1"/><F117/><REACH who="2" ten="160,15,396,409" step="2"/><W36/><G80/><T16/><D67/><U115/><E115/><V77/><F77/><W14/><G83/><T125/><D125/><U25/><E25/><V10/><F10/><W84/><G60/><T113/><D124/><U57/><AGARI ba="0,2" hai="27,29,33,38,42,43,46,47,48,50,55,57,58,59" machi="57" ten="20,8000,1" yaku="1,1,0,1,7,1,53,2" doraHai="34" doraHaiUra="45" who="1" fromWho="1" sc="160,-20,15,100,396,-40,409,-20" />
</Scene>
<Scene>
<INIT seed="7,0,0,5,0,39" ten="140,115,356,389" oya="3" hai0="58,36,20,6,95,27,42,14,90,23,94,82,37" hai1="86,126,22,133,121,119,31,3,129,91,11,127,45" hai2="25,8,71,135,44,113,111,124,55,134,43,106,80" hai3="99,47,130,61,16,104,96,68,93,62,34,117,60"/><W107/><G117/><T128/><D37/><U108/><E108/><V59/><F106/><W51/><G68/><T30/><D36/><U123/><E119/><V92/><F111/><W9/><G34/><T84/><D42/><U5/><E45/><V98/><F71/><W105/><G130/><T33/><D128/><U52/><E129/><V72/><F25/><W70/><G70/><T10/><D58/><U115/><E115/><V24/><F24/><W132/><G132/><N who="2" m="50729" /><F8/><W100/><G16/><T48/><D48/><U131/><E131/><V125/><F113/><W77/><G77/><T89/><D82/><U15/><E133/><V54/><F80/><W81/><G9/><T53/><D53/><N who="2" m="19978" /><F59/><W67/><G67/><T50/><D50/><U56/><E31/><V63/><F63/><W74/><G81/><T79/><D79/><U17/><E126/><N who="2" m="48747" /><F72/><W101/><REACH who="3" step="1"/><G74/><REACH who="3" ten="140,115,356,379" step="2"/><T32/><D32/><U87/><E127/><V110/><F110/><W35/><G35/><T40/><D33/><U78/><E78/><V112/><F112/><W75/><G75/><T1/><D30/><U103/><E103/><N who="2" m="60871" /><F44/><W85/><G85/><T64/><D84/><U97/><E97/><V41/><AGARI ba="0,1" hai="41,43" m="60871,48747,19978,50729" machi="41" ten="40,8000,1" yaku="20,1,18,1,52,2" doraHai="39" who="2" fromWho="2" sc="140,-20,115,-20,356,90,379,-40" owari="120,-28.0,95,-40.0,446,54.0,339,14.0" />
</Scene>
</mjloggm>