<mjloggm ver="2.3"><GO type="169"/><UN n0="%E3%82%A4%E3%82%BA%E3%83%9F%E3%83%B3" n1="%E5%A4%AA%E3%81%8F%E3%81%AA%E3%81%84%E3%81%8A" n2="%E3%81%A1%E3%81%8F%E3%81%8D" n3="%E3%82%B7%E3%83%AD%E3%83%83%E3%82%B3%E2%99%AA" dan="16,18,18,16" rate="2001,2160,2151,2063" sx="M,M,M,M"/><TAIKYOKU oya="0"/>

<Scene>
<INIT seed="0,0,0,4,1,44" ten="250,250,250,250" oya="0" hai0="133,15,63,85,67,91,16,126,78,93,10,132,114" hai1="52,5,37,32,70,92,103,125,116,134,119,128,82" hai2="74,109,135,98,53,81,124,58,86,13,50,14,6" hai3="34,117,73,130,30,101,59,24,61,89,20,36,1"/><T102/><D114/><U45/><E70/><V43/><F109/><W71/><G117/><T60/><D126/><U17/><E32/><V106/><F124/><W0/><G130/><T121/><D121/><U90/><E125/><V47/><F74/><W95/><G71/><T80/><D102/><U111/><E5/><V83/><F135/><W27/><G36/><T122/><D122/><U54/><E111/><V12/><F6/><W77/><G101/><T19/><D19/><U57/><E134/><N who="0" m="51817" /><D67/><U87/><E128/><V120/><F120/><W39/><G39/><T22/><D22/><U25/><E37/><V56/><F106/><W31/><G73/><AGARI ba="0,0" hai="10,15,16,60,63,73,78,80,85,91,93" m="51817" machi="73" ten="30,2900,0" yaku="20,1,54,1" doraHai="44" who="0" fromWho="3" sc="250,29,250,0,250,0,250,-29" />
</Scene>
<Scene>
<INIT seed="0,1,0,2,0,39" ten="279,250,250,221" oya="0" hai0="102,117,58,132,114,133,83,54,49,98,2,0,43" hai1="72,4,128,52,123,135,59,122,11,82,116,120,86" hai2="13,65,25,108,38,99,60,118,104,73,85,88,62" hai3="67,131,63,101,96,92,7,14,124,97,27,50,35"/><T115/><D117/><U61/><E116/><V12/><F73/><W41/><G124/><T111/><D83/><U90/><E128/><V113/><F118/><W94/><G131/><T40/><D0/><U56/><E135/><N who="0" m="51785" /><D2/><U22/><E72/><V18/><F113/><N who="0" m="43018" /><D111/><U10/><E4/><V106/><F108/><W76/><G76/><T6/><D6/><U5/><E5/><V66/><F38/><W93/><G35/><T46/><D46/><U3/><E3/><V112/><F112/><W91/><G27/><T42/><D102/><U126/><E126/><V24/><F24/><W84/><G7/><T81/><D81/><U45/><E45/><V51/><F25/><W15/><G94/><T71/><D98/><U70/><E120/><V105/><F99/><W16/><G96/><T87/><D87/><U130/><E130/><V31/><F85/><W109/><G109/><T95/><D95/><U68/><E86/><V29/><F105/><W21/><G50/><T32/><D32/><U89/><E82/><V23/><F51/><W36/><G36/><T9/><D9/><U55/><E22/><V119/><F119/><W26/><G41/><T30/><D30/><U19/><E19/><V8/><F23/><W107/><G107/><T129/><D129/><U74/><E74/><V44/><F18/><W57/><AGARI ba="1,0" hai="14,15,16,21,26,57,63,67,84,91,92,93,97,101" machi="57" ten="20,5200,0" yaku="0,1,7,1,8,1,54,1" doraHai="39" who="3" fromWho="3" sc="279,-27,250,-14,250,-14,221,55" />
</Scene>
<Scene>
<INIT seed="1,0,0,2,2,87" ten="252,236,236,276" oya="1" hai0="133,33,11,48,29,124,42,109,108,40,92,123,93" hai1="45,71,128,23,46,1,117,70,62,69,57,2,107" hai2="54,113,85,53,15,134,4,63,52,78,16,102,68" hai3="95,115,36,105,56,104,5,110,64,129,111,122,19"/><U66/><E117/><V30/><F134/><W96/><G36/><T83/><D123/><U20/><E107/><V99/><F113/><W101/><G122/><T14/><D133/><U6/><E128/><V59/><F30/><W112/><G5/><T119/><D119/><U88/><E6/><V35/><F35/><W17/><G64/><T50/><D83/><U75/><E75/><V82/><F4/><W55/><G129/><T72/><D72/><U80/><E20/><V131/><F68/><W130/><G130/><T67/><D67/><U12/><E12/><V132/><F132/><W22/><G17/><T31/><D14/><U121/><E23/><V58/><F131/><W8/><G8/><T34/><D11/><U77/><E121/><V39/><F39/><W51/><G112/><T94/><D93/><U44/><REACH who="1" step="1"/><E77/><REACH who="1" ten="252,226,236,276" step="2"/><V43/><F15/><W79/><G79/><T10/><D10/><U0/><E0/><V41/><F78/><W90/><G115/><T32/><D32/><U25/><E25/><V37/><F16/><W18/><G18/><T61/><D124/><U126/><E126/><V127/><F127/><W106/><G19/><T91/><D33/><U60/><E60/><V9/><F63/><W89/><REACH who="3" step="1"/><G22/><REACH who="3" ten="252,226,236,266" step="2"/><T28/><D34/><U38/><E38/><V84/><F37/><W97/><G97/><T125/><D125/><U74/><E74/><V98/><F99/><W21/><G21/><T81/><D29/><U114/><E114/><V116/><F9/><W24/><G24/><T65/><D28/><U120/><E120/><V26/><F26/><RYUUKYOKU ba="0,2" sc="252,-15,226,15,236,-15,266,15" hai1="1,2,44,45,46,57,62,66,69,70,71,80,88" hai3="51,55,56,89,90,95,96,101,104,105,106,110,111" />
</Scene>
<Scene>
<INIT seed="1,1,2,2,4,74" ten="237,241,221,281" oya="1" hai0="12,79,86,48,35,20,52,15,41,89,7,53,16" hai1="117,118,9,61,111,54,1,27,36,77,135,83,78" hai2="55,123,6,120,76,75,103,49,29,62,44,71,110" hai3="26,109,40,33,22,108,82,126,115,57,97,42,51"/><U112/><E112/><V24/><F110/><N who="3" m="42603" /><G33/><T106/><D35/><U98/><E111/><V17/><F6/><W43/><G126/><T56/><D106/><U131/><E36/><V18/><F123/><W23/><G115/><T96/><D41/><U127/><E27/><V133/><F120/><W129/><G129/><T45/><D96/><U31/><E31/><V50/><F133/><W125/><G125/><T0/><D0/><U114/><E114/><V3/><F3/><W69/><G69/><T37/><D37/><U101/><E127/><V47/><F103/><W113/><G113/><T60/><D79/><U10/><E131/><V2/><F2/><W25/><G97/><T68/><D68/><U122/><E122/><V100/><F100/><W21/><G82/><N who="0" m="49367" /><D7/><U63/><E1/><V132/><F132/><W90/><G90/><T5/><D5/><U87/><E135/><V128/><F128/><W81/><G81/><T134/><D134/><U14/><E118/><V59/><F71/><W46/><G57/><T39/><D39/><U28/><E117/><V80/><F44/><W34/><G34/><T4/><D4/><U64/><E83/><V19/><REACH who="2" step="1"/><F47/><REACH who="2" ten="237,241,211,281" step="2"/><N who="3" m="26087" /><G42/><T67/><D67/><U84/><E64/><V11/><F11/><W32/><G32/><AGARI ba="1,3" hai="17,18,19,24,29,32,49,50,55,59,62,75,76,80" machi="32" ten="40,2600,0" yaku="1,1,52,1,53,0" doraHai="74" doraHaiUra="102" who="2" fromWho="3" sc="237,0,241,0,211,59,281,-29" />
</Scene>
<Scene>
<INIT seed="2,0,0,2,2,46" ten="237,241,270,252" oya="2" hai0="14,120,59,18,70,103,115,60,71,126,134,101,45" hai1="132,63,20,53,5,25,89,58,78,109,112,12,8" hai2="62,83,2,80,106,77,66,42,4,99,129,79,10" hai3="93,76,9,86,11,127,82,56,75,72,91,48,116"/><V97/><F129/><W65/><G116/><T69/><D120/><U43/><E112/><V100/><F42/><W90/><G127/><T123/><D123/><U124/><E124/><V1/><F1/><W16/><G75/><T135/><D126/><U98/><E109/><V94/><F79/><W118/><G118/><T110/><D110/><U19/><E132/><N who="0" m="50729" /><D45/><U81/><E43/><V95/><F77/><W41/><G90/><T108/><D108/><U13/><E78/><V117/><F117/><W55/><G65/><N who="0" m="39071" /><D115/><U23/><E81/><V27/><F27/><W122/><G122/><T102/><D102/><U38/><E38/><V28/><F28/><W84/><G72/><T96/><D96/><U35/><E35/><V51/><F106/><W22/><REACH who="3" step="1"/><G41/><REACH who="3" ten="237,241,270,242" step="2"/><T26/><D26/><AGARI ba="0,1" hai="9,11,16,22,26,48,55,56,76,82,84,86,91,93" machi="26" ten="30,12000,2" yaku="1,1,2,1,7,1,8,1,52,1,54,1,53,0" doraHai="46" doraHaiUra="68" who="3" fromWho="0" sc="237,-120,241,0,270,0,242,130" />
</Scene>
<Scene>
<INIT seed="3,0,0,1,0,37" ten="117,241,270,372" oya="3" hai0="38,112,85,51,70,56,79,95,135,117,126,13,1" hai1="21,47,66,129,99,36,92,35,120,18,29,89,69" hai2="109,7,60,118,20,77,3,71,28,75,62,104,11" hai3="43,22,23,80,98,128,72,76,132,33,106,46,52"/><W65/><G33/><T81/><D1/><U24/><E120/><V50/><F118/><W19/><G65/><T41/><D70/><U102/><E129/><V54/><F104/><W73/><G128/><T27/><D117/><U57/><E69/><V68/><F109/><W127/><G127/><T121/><D126/><U86/><E66/><V14/><F71/><W103/><G132/><T78/><D135/><U30/><E57/><V114/><F114/><W40/><G23/><T82/><D121/><U26/><E18/><V97/><F97/><W115/><G115/><T87/><D112/><U93/><E47/><V113/><F113/><W63/><G73/><T101/><D27/><U131/><E36/><V42/><F68/><W4/><G4/><T9/><D38/><U5/><E5/><V124/><F124/><W49/><G63/><T44/><D56/><U123/><E131/><V91/><F62/><W55/><G55/><T12/><D9/><U130/><E130/><V88/><F60/><W61/><G61/><T10/><REACH who="0" step="1"/><D10/><REACH who="0" ten="107,241,270,372" step="2"/><U90/><E123/><V0/><F11/><W116/><G116/><T34/><D34/><U2/><E2/><V6/><F3/><W100/><G103/><T83/><D83/><U64/><E64/><V59/><F0/><W134/><G134/><T96/><AGARI ba="0,1" hai="12,13,41,44,51,78,79,81,82,85,87,95,96,101" machi="96" ten="30,8000,1" yaku="1,1,0,1,9,1,8,1,52,1,53,0" doraHai="37" doraHaiUra="31" who="0" fromWho="0" sc="107,90,241,-20,270,-20,372,-40" />
</Scene>
<Scene>
<INIT seed="4,0,0,1,1,59" ten="197,221,250,332" oya="0" hai0="115,57,72,64,110,5,60,112,106,20,26,18,109" hai1="25,116,43,67,47,37,97,134,2,111,87,125,22" hai2="7,35,42,44,17,81,50,49,27,121,129,73,61" hai3="105,39,75,30,63,92,91,77,56,62,135,86,55"/><T113/><D72/><U12/><E111/><N who="0" m="42505" /><D5/><U13/><E116/><V84/><F121/><W23/><G39/><T89/><D89/><U66/><E2/><V33/><F129/><W4/><G4/><T118/><D106/><U96/><E125/><V74/><F7/><W32/><G32/><T119/><AGARI ba="0,0" hai="18,20,26,57,60,64,112,113,115,118,119" m="42505" machi="119" ten="40,7800,0" yaku="15,1,10,1,52,1" doraHai="59" who="0" fromWho="0" sc="197,78,221,-26,250,-26,332,-26" />
</Scene>
<Scene>
<INIT seed="4,1,0,2,0,110" ten="275,195,224,306" oya="0" hai0="102,88,42,22,8,0,67,1,64,95,48,25,79" hai1="36,76,20,77,114,61,70,122,31,62,56,15,90" hai2="121,69,98,126,72,104,63,123,75,17,85,10,55" hai3="46,124,6,11,33,125,129,23,94,16,106,81,131"/><T57/><D102/><U14/><E122/><V128/><F128/><N who="3" m="49227" /><G106/><T86/><D79/><U35/><E36/><V34/><F34/><W12/><G81/><T93/><D93/><U111/><E111/><V39/><F39/><W99/><G46/><T113/><D113/><U82/><E35/><V133/><F72/><W18/><G33/><T53/><D42/><U92/><E70/><V49/><F75/><W78/><G78/><T40/><D40/><U91/><E31/><V130/><F104/><W51/><G51/><T66/><REACH who="0" step="1"/><D8/><REACH who="0" ten="265,195,224,306" step="2"/><U73/><E73/><V24/><F10/><W65/><G65/><T29/><AGARI ba="1,1" hai="0,1,22,25,29,48,53,57,64,66,67,86,88,95" machi="29" ten="30,18000,2" yaku="1,1,2,1,0,1,54,1,53,2" doraHai="110" doraHaiUra="32" who="0" fromWho="0" sc="265,193,195,-61,224,-61,306,-61" />
</Scene>
<Scene>
<INIT seed="4,2,0,3,0,39" ten="458,134,163,245" oya="0" hai0="30,61,111,22,11,21,8,106,27,62,46,84,49" hai1="12,63,36,54,86,16,125,82,132,0,124,10,72" hai2="96,37,134,13,110,104,45,24,19,48,90,35,103" hai3="94,28,115,113,87,20,128,74,32,91,55,2,51"/><T97/><D111/><U83/><E132/><V31/><F134/><W93/><G74/><T118/><D118/><U23/><E36/><V85/><F37/><W59/><G2/><T26/><D84/><U108/><E108/><V68/><F68/><W70/><G70/><T73/><D73/><U33/><E33/><V109/><F13/><W18/><G32/><T80/><D80/><U47/><E72/><V4/><F4/><W88/><G28/><T131/><D131/><U56/><E47/><V100/><F100/><W133/><G133/><T102/><D8/><U69/><E69/><V1/><F19/><W112/><G128/><T15/><D15/><U52/><E54/><V78/><F78/><W89/><REACH who="3" step="1"/><G94/><REACH who="3" ten="458,134,163,235" step="2"/><T44/><D11/><U129/><E129/><V66/><F1/><W127/><G127/><N who="1" m="48714" /><E86/><V50/><F85/><W42/><G42/><T135/><D135/><U5/><AGARI ba="2,1" hai="0,5,10,12,16,23,52,56,63,82,83" m="48714" machi="5" ten="30,4000,0" yaku="18,1,54,2" doraHai="39" who="1" fromWho="1" sc="458,-22,134,56,163,-12,235,-12" />
</Scene>
<Scene>
<INIT seed="5,0,0,3,3,131" ten="436,190,151,223" oya="1" hai0="42,84,55,102,111,118,130,35,34,47,46,69,112" hai1="103,51,93,85,114,12,13,20,79,73,72,127,113" hai2="15,19,100,70,41,88,1,101,21,107,119,52,110" hai3="94,64,45,59,83,32,36,7,38,49,67,26,115"/><U44/><E127/><V123/><F110/><W86/><G7/><T95/><D111/><U33/><E33/><V78/><F123/><W82/><G115/><N who="1" m="44042" /><E103/><V77/><F119/><W71/><G71/><T75/><D102/><N who="2" m="39530" /><F70/><W121/><G121/><T6/><D118/><U58/><E58/><V56/><F1/><W27/><G32/><T97/><D34/><U43/><E93/><V96/><F41/><W29/><G38/><T76/><D95/><U74/><E20/><V108/><F107/><W37/><G36/><T50/><D35/><U8/><E8/><V48/><F108/><W62/><G37/><T126/><D69/><U17/><E17/><V22/><F22/><N who="3" m="15575" /><G67/><T57/><D126/><U16/><E16/><V116/><F116/><W60/><G60/><T3/><D112/><U14/><E85/><V98/><F98/><W31/><G31/><T10/><D97/><U9/><E9/><V18/><F18/><W104/><G104/><T80/><D84/><U125/><E125/><V129/><F129/><W11/><G11/><T40/><D130/><U5/><E5/><V109/><F109/><W117/><G27/><T53/><D57/><U4/><E4/><V90/><F96/><W66/><G66/><T135/><D6/><U30/><E30/><V92/><F92/><W0/><G117/><T89/><D10/><U61/><E61/><V124/><F124/><W122/><G122/><T91/><D3/><U120/><E120/><V99/><F99/><W87/><G0/><T106/><D106/><U28/><E28/><V68/><F68/><W39/><G94/><RYUUKYOKU ba="0,0" sc="436,-15,190,15,151,15,223,-15" hai1="12,13,14,43,44,51,72,73,74,79" hai2="15,19,21,48,52,56,77,78,88,90" />
</Scene>
<Scene>
<INIT seed="5,1,0,5,1,119" ten="421,205,166,208" oya="1" hai0="121,31,25,0,9,1,60,58,122,94,51,70,46" hai1="117,37,99,33,43,96,82,18,32,62,27,113,61" hai2="11,90,42,128,34,88,83,30,10,111,23,93,78" hai3="22,41,114,15,12,89,123,47,28,110,118,134,71"/><U108/><E117/><V73/><F111/><W133/><G110/><T105/><D105/><U125/><E108/><V104/><F104/><W20/><G71/><T102/><D70/><U76/><E37/><V44/><F34/><W55/><G55/><N who="0" m="30199" /><D9/><U120/><E43/><V26/><F128/><W77/><G77/><T56/><D102/><U39/><E39/><V17/><F30/><W36/><G118/><T75/><D75/><U80/><E27/><V48/><REACH who="2" step="1"/><F90/><REACH who="2" ten="421,205,156,208" step="2"/><W127/><G89/><T126/><D126/><U66/><E125/><V132/><F132/><N who="3" m="50795" /><G127/><T103/><D103/><U74/><E32/><V65/><F65/><W8/><G28/><T112/><D112/><U92/><E33/><V16/><F16/><N who="3" m="10271" /><G114/><T72/><D31/><U97/><E113/><V24/><F24/><W52/><G52/><T3/><D25/><U40/><E66/><V57/><F57/><W101/><G101/><T63/><D58/><U130/><E130/><V91/><F91/><W54/><G54/><T67/><D56/><U13/><E40/><V135/><F135/><W29/><G29/><T7/><D67/><U45/><E45/><V69/><F69/><W86/><G47/><T131/><D131/><U21/><E18/><V85/><AGARI ba="1,1" hai="10,11,17,23,26,42,44,48,73,78,83,85,88,93" machi="85" ten="20,8000,1" yaku="1,1,0,1,7,1,54,1,53,1" doraHai="119" doraHaiUra="84" who="2" fromWho="2" sc="421,-21,205,-41,156,93,208,-21" />
</Scene>
<Scene>
<INIT seed="6,0,0,5,3,96" ten="400,164,249,187" oya="2" hai0="123,21,62,7,101,99,38,54,65,8,28,102,9" hai1="109,116,117,115,82,10,130,16,105,97,18,68,128" hai2="12,125,59,83,11,17,30,27,133,124,95,49,31" hai3="103,22,63,91,2,44,13,55,127,25,131,92,37"/><V66/><F133/><W53/><G2/><T107/><D38/><U80/><E68/><V35/><F31/><W89/><G131/><N who="1" m="50218" /><E109/><V33/><F33/><W6/><G37/><T94/><D54/><N who="3" m="20489" /><G127/><T3/><D8/><U60/><E60/><V41/><F83/><N who="1" m="31785" /><E115/><V67/><F95/><W5/><G63/><T135/><D135/><U51/><E51/><V20/><F35/><W122/><G122/><T48/><D48/><U120/><E120/><V87/><F87/><W111/><G111/><T36/><D36/><U88/><E10/><V70/><F70/><W0/><G44/><T90/><D107/><U114/><E114/><V23/><F11/><N who="3" m="4343" /><G0/><T26/><D123/><U118/><E105/><V46/><F59/><AGARI ba="0,0" hai="3,7,9,21,26,28,59,62,65,90,94,99,101,102" machi="59" ten="30,3900,0" yaku="7,1,52,2" doraHai="96" who="0" fromWho="2" sc="400,39,164,0,249,-39,187,0" />
</Scene>
<Scene>
<INIT seed="7,0,0,2,2,114" ten="439,164,210,187" oya="3" hai0="22,107,28,87,134,132,95,69,115,94,26,40,100" hai1="38,10,47,72,70,48,21,4,128,112,73,85,51" hai2="31,16,9,60,130,11,91,8,34,79,12,92,81" hai3="59,135,39,29,84,36,105,52,127,67,129,97,65"/><W78/><G29/><T13/><D69/><U108/><E108/><V109/><F109/><W49/><G105/><T7/><D40/><U93/><E70/><V54/><F130/><W23/><G97/><N who="0" m="61839" /><D87/><U55/><E128/><V117/><F117/><W15/><G129/><T77/><D77/><U18/><E38/><N who="3" m="14378" /><G84/><T71/><D71/><U88/><E112/><V96/><F34/><W118/><G78/><T50/><D50/><U53/><E4/><V20/><F31/><W66/><G23/><T75/><D75/><U35/><E35/><V63/><F54/><N who="3" m="32207" /><G15/><T24/><D115/><U58/><REACH who="1" step="1"/><E10/><REACH who="1" ten="439,154,210,187" step="2"/><V45/><F9/><W120/><G120/><T30/><D26/><AGARI ba="0,1" hai="18,21,26,47,48,51,53,55,58,72,73,85,88,93" machi="26" ten="30,8000,1" yaku="1,1,2,1,7,1,54,1,53,1" doraHai="114" doraHaiUra="42" who="1" fromWho="0" sc="439,-80,154,90,210,0,187,0" owari="359,46.0,244,4.0,210,-19.0,187,-31.0" />
</Scene>
</mjloggm>