<mjloggm ver="2.3"><GO type="97"/><UN n0="%E5%A4%AA%E3%81%8F%E3%81%AA%E3%81%84%E3%81%8A" n1="%E5%86%AC%E5%8C%96%E7%B2%A7" n2="%E7%87%A6%E7%84%B6%E5%85%AD%E5%8D%83" n3="%E3%82%B9%E3%82%AB%E3%82%A4%E3%82%A6%E3%82%A9%E3%83%BC%E3%82%AB%E3%83%BC" dan="14,14,13,15" rate="2058,1964,1807,1993" sx="M,M,M,M"/><TAIKYOKU oya="0"/>

<Scene>
<INIT seed="0,0,0,3,2,76" ten="250,250,250,250" oya="0" hai0="0,52,64,11,109,16,1,60,65,81,98,122,27" hai1="7,36,41,112,6,44,102,26,87,120,130,131,116" hai2="63,5,92,33,10,96,107,104,135,40,73,77,54" hai3="94,62,29,28,118,22,85,75,15,67,13,61,43"/><T58/><D122/><U51/><E120/><V79/><F33/><W59/><G75/><T82/><D0/><U126/><E116/><V3/><F40/><W123/><G43/><T88/><D109/><U83/><E102/><V117/><F79/><W78/><G118/><T31/><D1/><U35/><E126/><V69/><F135/><W134/><G134/><T14/><D65/><U12/><E112/><V127/><F127/><W37/><G37/><T95/><D64/><U57/><E57/><V19/><F117/><W74/><G74/><T91/><D91/><N who="1" m="51711" /><E36/><V42/><F42/><W86/><G123/><T132/><D132/><U47/><E47/><V99/><F19/><W46/><G46/><T106/><D106/><U93/><E93/><V18/><F18/><W30/><G22/><AGARI ba="0,0" hai="11,14,16,22,27,31,52,58,60,81,82,88,95,98" machi="22" ten="30,18000,2" yaku="7,1,8,1,52,2,54,3" doraHai="76" who="0" fromWho="3" sc="250,180,250,0,250,0,250,-180" />
</Scene>
<Scene>
<INIT seed="0,1,0,2,5,74" ten="430,250,250,70" oya="0" hai0="55,43,96,100,32,22,111,2,135,119,64,103,45" hai1="133,17,112,121,46,7,56,114,106,93,66,47,3" hai2="51,118,117,122,92,82,59,68,18,104,57,129,37" hai3="73,60,128,52,26,21,12,69,8,84,99,78,41"/><T9/><D119/><N who="2" m="45578" /><F104/><W13/><G73/><T24/><D32/><U1/><E106/><V40/><F92/><W79/><G41/><T53/><D64/><U48/><E121/><V28/><F82/><W95/><G69/><T123/><D123/><U94/><E133/><V29/><F122/><W132/><G84/><T33/><D33/><U76/><E17/><V113/><F113/><N who="1" m="43625" /><E76/><N who="3" m="29226" /><G8/><T65/><D9/><N who="1" m="2287" /><E3/><V11/><F57/><N who="3" m="34855" /><G128/><T5/><D43/><N who="1" m="24671" /><E47/><V125/><F40/><W115/><G115/><T85/><D45/><U97/><E97/><V49/><F129/><W10/><G10/><T131/><D96/><U35/><E35/><V14/><F11/><W27/><G132/><T39/><D135/><U83/><E83/><V124/><F125/><W50/><G50/><T89/><D39/><U63/><AGARI ba="1,0" hai="56,63,66,93,94" m="24671,2287,43625" machi="63" ten="30,1100,0" yaku="11,1" doraHai="74" who="1" fromWho="1" sc="430,-6,250,14,250,-4,70,-4" />
</Scene>
<Scene>
<INIT seed="1,0,0,2,4,107" ten="424,264,246,66" oya="1" hai0="44,14,111,33,53,22,77,131,61,59,57,86,28" hai1="62,99,72,89,78,65,75,101,38,16,30,19,125" hai2="128,29,48,129,32,116,80,132,117,71,69,70,120" hai3="40,13,21,26,68,110,67,133,95,12,90,100,10"/><U91/><E38/><V98/><F32/><W2/><G110/><T34/><D111/><U54/><E30/><V106/><F29/><W82/><G133/><T121/><D131/><N who="2" m="50250" /><F80/><W126/><G126/><T115/><D115/><U134/><E54/><V0/><F98/><W119/><G40/><T114/><D114/><U109/><E134/><V66/><F106/><W11/><G2/><T24/><D121/><U52/><E52/><V36/><F0/><W76/><G100/><T37/><D57/><U118/><E118/><N who="2" m="45675" /><F120/><W63/><G11/><T17/><D86/><U93/><E109/><V6/><F6/><W39/><G39/><T92/><D92/><U20/><E78/><V27/><F27/><W51/><G51/><T5/><D77/><U60/><E19/><V84/><F84/><W83/><G119/><T108/><D108/><U42/><E125/><V85/><F85/><W130/><G130/><T4/><D34/><U15/><E42/><V88/><F88/><W81/><G76/><T25/><D25/><U31/><E31/><V18/><F18/><W94/><G10/><T35/><D35/><U124/><E124/><V8/><F8/><W7/><G7/><T50/><D37/><U55/><E91/><V105/><F105/><W56/><G90/><T96/><D96/><U102/><E102/><V97/><F97/><W41/><G41/><AGARI ba="0,0" hai="4,5,14,17,22,24,28,33,41,44,50,53,59,61" machi="41" ten="30,1000,0" yaku="7,1" doraHai="107" who="0" fromWho="3" sc="424,10,264,0,246,0,66,-10" />
</Scene>
<Scene>
<INIT seed="2,0,0,4,4,73" ten="434,264,246,56" oya="2" hai0="60,30,29,35,71,76,42,87,80,18,69,66,112" hai1="22,130,99,88,116,10,102,32,110,28,114,120,17" hai2="6,50,98,78,65,43,109,52,55,21,82,104,128" hai3="7,8,15,38,119,40,89,34,57,16,97,91,79"/><V62/><F128/><W5/><G34/><T59/><D112/><U68/><E110/><V53/><F6/><W133/><G133/><T95/><D42/><U129/><E68/><V37/><F109/><W100/><G119/><T134/><D134/><U75/><E114/><V123/><F123/><W124/><G124/><T26/><D30/><U45/><E75/><V111/><F37/><W63/><G79/><T131/><D131/><N who="1" m="50187" /><E116/><V39/><F39/><W49/><G38/><T67/><D67/><U9/><E45/><V33/><F21/><W84/><G40/><T14/><D95/><N who="1" m="56807" /><E102/><V77/><F33/><W1/><G49/><T20/><AGARI ba="0,0" hai="14,18,20,26,29,35,59,60,66,69,71,76,80,87" machi="20" ten="20,2700,0" yaku="0,1,7,1,52,1" doraHai="73" who="0" fromWho="0" sc="434,27,264,-7,246,-13,56,-7" />
</Scene>
<Scene>
<INIT seed="3,0,0,4,2,88" ten="461,257,233,49" oya="3" hai0="30,28,46,92,90,116,19,129,43,17,14,41,3" hai1="11,23,132,127,72,12,0,2,9,126,113,65,53" hai2="74,56,79,7,64,49,125,18,110,121,27,16,100" hai3="103,124,115,89,36,61,118,117,34,131,133,119,109"/><W45/><G115/><T29/><D3/><U37/><E72/><V13/><F74/><W1/><G34/><T91/><D116/><U102/><E37/><V67/><F125/><N who="1" m="47625" /><E113/><V58/><F110/><W106/><G1/><T78/><D17/><N who="2" m="6762" /><F121/><W15/><G124/><T42/><D19/><N who="1" m="10727" /><E132/><V25/><F100/><W135/><G15/><T20/><D90/><U76/><E76/><V105/><F79/><W112/><G112/><T68/><D46/><U21/><E102/><V44/><F105/><W73/><G73/><T83/><D92/><U104/><E104/><V6/><F13/><W60/><G131/><T39/><D42/><U107/><E107/><V84/><F84/><W81/><G109/><T75/><D68/><U111/><E111/><V71/><F44/><W40/><G103/><T95/><D29/><U33/><E65/><N who="2" m="25163" /><F49/><W85/><REACH who="3" step="1"/><G106/><REACH who="3" ten="461,257,233,39" step="2"/><T86/><D14/><U80/><E33/><V123/><F123/><W48/><G48/><T38/><D129/><U35/><E35/><V66/><F71/><W63/><AGARI ba="0,1" hai="36,40,45,60,61,63,81,85,89,117,118,119,133,135" machi="63" ten="40,3900,0" yaku="1,1,0,1,53,0" doraHai="88" doraHaiUra="4" who="3" fromWho="3" sc="461,-13,257,-13,233,-13,39,49" />
</Scene>
<Scene>
<INIT seed="3,1,0,0,4,105" ten="448,244,220,88" oya="3" hai0="49,80,2,67,115,88,34,79,123,82,69,53,132" hai1="1,134,72,44,125,113,89,3,33,110,29,48,100" hai2="108,91,93,56,111,0,71,65,60,64,51,46,90" hai3="109,126,62,77,119,95,75,106,7,76,107,19,15"/><W74/><G119/><T68/><D123/><U4/><E113/><V31/><F0/><W130/><G7/><T35/><D2/><U17/><E72/><V5/><F5/><W23/><G130/><T10/><D115/><U30/><E100/><V114/><F114/><W57/><G126/><T24/><D132/><U70/><E125/><V63/><F31/><W21/><G95/><T81/><D10/><U12/><E70/><V103/><F103/><W117/><G117/><T129/><D129/><U39/><E39/><V92/><F51/><W87/><G87/><T14/><D14/><U124/><E124/><V8/><F46/><W98/><G109/><T133/><D133/><U26/><E110/><V122/><F8/><W94/><G23/><T27/><D79/><U135/><E29/><V9/><F9/><W32/><G32/><T59/><D88/><U127/><E127/><V38/><F38/><W41/><G41/><T16/><D27/><U102/><E102/><V104/><F104/><W83/><G77/><T97/><D97/><U121/><E121/><V28/><F28/><W11/><G74/><T61/><D69/><U99/><E134/><V54/><F54/><W25/><G25/><T112/><D112/><U42/><E135/><V47/><F47/><W18/><G11/><T45/><D68/><U6/><E6/><V52/><F65/><N who="3" m="39119" /><G19/><T36/><D36/><U50/><E4/><V13/><F13/><W40/><G40/><T84/><D84/><U128/><E128/><V96/><F122/><W73/><G73/><T66/><D66/><U85/><E85/><AGARI ba="1,0" hai="52,56,60,63,64,71,85,90,91,92,93,96,108,111" machi="85" ten="40,2600,0" yaku="6,1,54,1" doraHai="105" who="2" fromWho="1" sc="448,0,244,-29,220,29,88,0" owari="448,54.0,215,-18.0,249,5.0,88,-41.0" />
</Scene>
</mjloggm>