<mjloggm ver="2.3"><GO type="41"/><UN n0="%E3%83%AB%E3%83%81%E3%83%AB" n1="%63%68%6F%6E%6A%69" n2="%E3%81%8B%E3%81%86%E3%81%8B%E3%81%86%E3%81%8B%E3%82%82%EF%BC%9F" n3="%E5%A4%AA%E3%81%8F%E3%81%AA%E3%81%84%E3%81%8A" dan="13,14,14,15" rate="1951,1839,1993,2018" sx="M,M,M,M"/><TAIKYOKU oya="0"/>

<Scene>
<INIT seed="0,0,0,3,3,99" ten="250,250,250,250" oya="0" hai0="60,58,50,4,134,52,70,20,42,47,29,72,122" hai1="39,82,68,31,81,135,15,80,93,35,121,75,69" hai2="67,11,90,112,13,63,119,98,97,14,56,115,41" hai3="44,124,113,5,116,33,89,38,10,109,51,105,76"/><T91/><D122/><U111/><E121/><V108/><F108/><W73/><G89/><T110/><D72/><U43/><E111/><V49/><F119/><W27/><G109/><T130/><D110/><U55/><E135/><V85/><F14/><W66/><G66/><T18/><D134/><U28/><E28/><V71/><F115/><W23/><G113/><T0/><D130/><U114/><E114/><V65/><F112/><W22/><G116/><T8/><D29/><U123/><E123/><V84/><F84/><W9/><G105/><T127/><D127/><U54/><E75/><V133/><F133/><W61/><G124/><T74/><D74/><U125/><E125/><V21/><F21/><W64/><G38/><T57/><D57/><U129/><E129/><V95/><F67/><W12/><G33/><T24/><REACH who="0" step="1"/><D91/><REACH who="0" ten="240,250,250,250" step="2"/><U30/><E30/><V132/><F132/><W59/><G73/><T128/><D128/><U118/><E118/><V88/><F71/><AGARI ba="0,1" hai="0,4,8,18,20,24,42,47,50,52,58,60,70,71" machi="71" ten="40,3900,0" yaku="1,1,54,1,53,0" doraHai="99" doraHaiUra="96" who="0" fromWho="2" sc="240,49,250,0,250,-39,250,0" />
</Scene>
<Scene>
<INIT seed="0,1,0,4,5,131" ten="289,250,211,250" oya="0" hai0="79,109,16,22,110,102,15,46,124,17,6,104,118" hai1="14,41,133,11,130,97,73,96,10,92,127,40,5" hai2="86,67,58,107,126,134,36,47,28,30,34,25,120" hai3="70,12,103,112,116,59,49,52,78,100,37,64,38"/><T101/><D118/><U19/><E130/><V91/><F120/><W57/><G78/><T63/><D79/><U26/><E127/><V43/><F126/><W18/><G116/><T51/><D124/><U75/><E26/><V72/><F72/><W62/><G112/><T93/><D104/><U42/><E92/><V114/><F107/><W105/><G59/><T117/><D117/><U7/><E19/><V106/><F106/><W54/><G54/><T108/><D6/><U122/><E122/><V132/><F30/><W24/><G24/><N who="0" m="14407" /><D93/><U35/><E35/><V88/><F114/><W48/><G48/><T95/><D63/><U8/><E14/><V2/><F2/><W13/><G13/><T111/><D95/><U89/><E89/><V50/><F91/><W82/><G82/><T119/><D119/><U53/><E53/><V125/><F125/><W32/><G32/><T60/><D60/><U128/><E128/><V115/><F115/><W80/><G80/><T20/><D111/><U77/><E133/><N who="2" m="51307" /><F67/><W81/><G105/><T99/><D99/><N who="1" m="37963" /><E77/><V56/><F36/><W31/><G38/><T33/><D33/><U98/><N who="1" m="37971" /><U83/><DORA hai="3" /><E83/><AGARI ba="1,0" hai="25,28,34,43,47,50,56,58,83,86,88" m="51307" machi="83" ten="30,8000,1" yaku="20,1,52,3,54,1" doraHai="131,3" who="2" fromWho="1" sc="289,0,250,-83,211,83,250,0" />
</Scene>
<Scene>
<INIT seed="1,0,0,3,3,111" ten="289,167,294,250" oya="1" hai0="70,67,85,115,25,28,116,8,37,122,119,121,33" hai1="92,55,101,103,52,108,12,15,0,36,73,75,35" hai2="95,49,128,64,4,16,82,31,80,5,39,87,113" hai3="63,77,50,9,6,59,83,69,117,45,93,47,129"/><U66/><E0/><V44/><F39/><W18/><G129/><T17/><D85/><U61/><E36/><V84/><F128/><W53/><G117/><N who="0" m="45131" /><D37/><U26/><E108/><V105/><F105/><W126/><G126/><T102/><D102/><U127/><E127/><V118/><F118/><W110/><G110/><T3/><D67/><U109/><E109/><V79/><F113/><W10/><G69/><T97/><D97/><U13/><E35/><V133/><F133/><W22/><G93/><T58/><D58/><U46/><E26/><V71/><F31/><W30/><G30/><T74/><D74/><U114/><E114/><V19/><F95/><W68/><G68/><T11/><D70/><U81/><E46/><V120/><F64/><W112/><G112/><T130/><D115/><U42/><E42/><N who="2" m="24727" /><F71/><W41/><G45/><T86/><D86/><U100/><E92/><V123/><F123/><N who="0" m="47114" /><D130/><U27/><E27/><V40/><F40/><W78/><G83/><T104/><D104/><U54/><E81/><V106/><F106/><W29/><G41/><T34/><D34/><U88/><E88/><N who="2" m="51207" /><F120/><W2/><G47/><T125/><D125/><U23/><E23/><V91/><F91/><W94/><G94/><T76/><D76/><U51/><E51/><V21/><F19/><W56/><G78/><T43/><D43/><U62/><E66/><V24/><AGARI ba="0,0" hai="4,5,16,21,24,79,82,87" m="51207,24727" machi="24" ten="30,4000,0" yaku="8,1,54,2" doraHai="111" who="2" fromWho="2" sc="289,-10,167,-20,294,40,250,-10" />
</Scene>
<Scene>
<INIT seed="2,0,0,2,0,8" ten="279,147,334,240" oya="2" hai0="7,107,67,26,28,124,57,79,101,13,46,116,98" hai1="3,35,64,132,76,93,66,134,61,12,130,109,88" hai2="18,45,29,33,34,16,122,52,103,92,59,19,100" hai3="54,48,47,125,55,21,58,6,71,126,30,43,10"/><V1/><F122/><W80/><G71/><T74/><D124/><N who="3" m="47721" /><G80/><T104/><D104/><U123/><E3/><V83/><F1/><N who="3" m="335" /><G58/><T118/><D46/><U44/><E123/><V108/><F108/><W53/><G21/><N who="0" m="15439" /><D79/><U51/><E109/><V102/><F45/><N who="3" m="27791" /><G30/><T85/><D74/><U112/><E112/><V22/><F83/><W27/><G27/><T2/><D57/><U115/><E115/><V96/><F33/><W31/><G31/><T114/><D118/><U14/><E76/><V49/><F34/><W99/><G99/><T95/><D98/><N who="1" m="57639" /><E35/><V20/><F29/><W9/><G9/><T4/><D114/><U60/><E130/><V62/><F62/><N who="1" m="24169" /><E134/><V113/><F113/><W15/><G15/><N who="1" m="5674" /><E132/><V24/><F24/><W5/><G5/><T41/><D116/><U119/><E119/><V36/><F36/><AGARI ba="0,0" hai="36,43,47,54,55" m="27791,335,47721" machi="36" ten="30,1000,0" yaku="18,1" doraHai="8" who="3" fromWho="2" sc="279,0,147,0,334,-10,240,10" />
</Scene>
<Scene>
<INIT seed="3,0,0,0,5,121" ten="279,147,324,250" oya="3" hai0="120,37,51,127,113,11,73,57,91,3,98,69,35" hai1="134,80,128,60,17,109,86,21,32,4,88,61,126" hai2="13,1,38,6,49,77,135,102,76,59,79,30,66" hai3="15,82,115,94,124,5,14,48,63,10,36,92,52"/><W68/><G115/><T96/><D73/><U81/><E134/><V58/><F38/><W114/><G114/><T108/><D35/><U45/><E32/><V25/><F135/><W55/><G36/><T20/><D69/><U22/><E128/><V83/><F1/><W123/><G123/><T112/><D37/><U130/><E130/><V78/><F102/><W89/><G124/><T56/><D120/><U104/><E126/><V72/><F66/><W103/><G68/><T131/><D127/><U12/><E104/><V54/><F59/><N who="3" m="35303" /><G103/><T111/><D131/><U97/><E4/><V105/><F105/><W26/><G26/><T23/><D3/><U74/><E97/><V132/><F132/><W2/><G2/><T34/><D34/><U110/><E45/><V7/><REACH who="2" step="1"/><F13/><REACH who="2" ten="279,147,314,250" step="2"/><W106/><G15/><T84/><D113/><U0/><E0/><V75/><F75/><W62/><G106/><T93/><D112/><U50/><E50/><V90/><F90/><W85/><G62/><T46/><D51/><U64/><E64/><V87/><F87/><W44/><AGARI ba="0,1" hai="5,10,14,44,48,55,82,85,89,92,94" m="35303" machi="44" ten="30,3000,0" yaku="8,1,54,1" doraHai="121" who="3" fromWho="3" sc="279,-10,147,-10,314,-10,250,40" />
</Scene>
<Scene>
<INIT seed="3,1,0,3,1,117" ten="269,137,304,290" oya="3" hai0="83,133,25,51,47,71,15,70,12,95,120,135,55" hai1="107,110,11,109,105,77,53,22,60,27,45,80,122" hai2="2,127,16,78,42,6,17,114,5,129,10,69,66" hai3="79,64,46,13,98,76,99,84,49,34,63,19,81"/><W75/><G34/><T101/><D83/><U65/><E11/><V58/><F114/><W88/><G76/><T128/><D25/><U121/><E53/><V115/><F115/><W68/><G75/><T36/><D36/><U29/><E45/><V73/><F69/><N who="0" m="26122" /><D128/><U102/><E102/><V21/><F42/><W0/><G0/><T116/><D116/><U119/><E119/><V130/><F6/><W44/><G79/><T37/><D37/><U124/><E124/><V20/><F127/><W97/><REACH who="3" step="1"/><G49/><REACH who="3" ten="269,137,304,280" step="2"/><T103/><D51/><U111/><E60/><N who="2" m="38167" /><F78/><W18/><G18/><N who="2" m="7273" /><F73/><W48/><G48/><T33/><D33/><U106/><REACH who="1" step="1"/><E65/><REACH who="1" ten="269,127,304,280" step="2"/><V26/><F26/><W118/><G118/><T38/><D38/><U92/><E92/><V23/><F130/><W31/><G31/><T62/><D95/><U113/><E113/><V50/><F129/><W72/><G72/><AGARI ba="1,2" hai="22,27,29,72,77,80,105,106,107,109,110,111,121,122" machi="72" ten="50,8000,1" yaku="1,1,14,1,52,2,53,0" doraHai="117" doraHaiUra="131" who="1" fromWho="3" sc="269,0,127,103,304,0,280,-83" />
</Scene>
<Scene>
<INIT seed="4,0,0,1,2,30" ten="269,230,304,197" oya="0" hai0="101,118,116,69,12,16,99,98,52,37,51,74,128" hai1="58,9,26,123,31,55,5,134,94,67,126,66,41" hai2="95,93,4,15,39,91,85,6,79,43,34,88,135" hai3="115,106,21,19,73,83,59,120,102,38,107,103,92"/><T24/><D74/><U49/><E123/><V23/><F135/><W50/><G38/><T112/><D37/><U122/><E122/><V20/><F34/><W57/><G120/><T119/><D69/><U81/><E134/><V127/><F127/><W70/><G70/><T89/><D112/><U105/><E105/><V2/><F2/><W111/><G111/><T90/><D128/><U45/><E126/><V7/><F79/><W29/><G29/><T3/><D3/><U117/><E117/><V78/><F78/><W84/><G73/><T47/><D24/><U133/><E133/><V71/><F71/><W32/><G32/><T11/><REACH who="0" step="1"/><D98/><REACH who="0" ten="259,230,304,197" step="2"/><U124/><E124/><V10/><F39/><W131/><G115/><T56/><D56/><U53/><E53/><V46/><F46/><W100/><G57/><T87/><D87/><U113/><E113/><V65/><F43/><W129/><G59/><T68/><D68/><U48/><E81/><V96/><F65/><W97/><G129/><T27/><D27/><U114/><E114/><V62/><F62/><W77/><G131/><T18/><D18/><AGARI ba="0,1" hai="4,6,7,10,15,18,20,23,85,88,91,93,95,96" machi="18" ten="40,2600,0" yaku="8,1,54,1" doraHai="30" who="2" fromWho="0" sc="259,-26,230,0,304,36,197,0" />
</Scene>
<Scene>
<INIT seed="5,0,0,4,0,17" ten="233,230,340,197" oya="1" hai0="22,65,72,76,13,75,31,7,12,111,28,37,132" hai1="82,50,26,101,43,1,106,54,71,122,118,14,80" hai2="68,34,91,125,84,86,123,83,57,51,41,52,11" hai3="93,45,114,69,104,131,63,29,48,38,66,49,77"/><U56/><E122/><V4/><F123/><W25/><G104/><T39/><D111/><U94/><E118/><V134/><F68/><W89/><G114/><T95/><D95/><U8/><E106/><V129/><F34/><W81/><G131/><T79/><D65/><U90/><E71/><V135/><F129/><W62/><G62/><T97/><D97/><U44/><E1/><V110/><F110/><W70/><G70/><T60/><D60/><U124/><E101/><V3/><F125/><W33/><G38/><T24/><D7/><U103/><E103/><V121/><F121/><W117/><G117/><T47/><D24/><U126/><E26/><V130/><F130/><W85/><REACH who="3" step="1"/><G45/><REACH who="3" ten="233,230,340,187" step="2"/><T5/><D47/><U133/><E126/><V113/><F113/><W35/><G35/><T120/><D120/><U64/><E124/><V109/><F109/><W92/><G92/><T10/><D39/><U102/><E133/><V87/><F135/><W21/><G21/><T127/><D37/><U9/><E9/><V0/><F134/><W105/><G105/><T42/><D132/><U61/><E64/><V88/><F11/><W100/><G100/><T23/><D127/><U15/><E102/><V46/><F83/><N who="1" m="31785" /><E8/><V55/><F46/><W30/><G30/><T58/><D10/><U6/><E6/><V115/><F4/><W116/><G116/><T16/><D5/><U74/><E74/><AGARI ba="0,1" hai="25,29,33,48,49,63,66,69,74,77,81,85,89,93" machi="74" ten="30,2000,0" yaku="1,1,7,1,53,0" doraHai="17" doraHaiUra="2" who="3" fromWho="1" sc="233,0,230,-20,340,0,187,30" />
</Scene>
<Scene>
<INIT seed="6,0,0,1,0,107" ten="233,210,340,217" oya="2" hai0="84,21,5,124,69,97,2,96,83,32,109,121,51" hai1="75,12,68,57,61,108,133,102,98,110,14,66,31" hai2="60,81,52,99,4,87,74,122,44,126,1,9,56" hai3="72,11,78,20,93,30,114,39,36,82,3,17,38"/><V29/><F126/><W42/><G114/><T119/><D69/><U123/><E133/><V59/><F122/><W106/><G106/><T23/><D32/><U88/><E123/><V131/><F131/><W25/><G93/><T33/><D33/><U47/><E110/><V54/><F99/><W6/><REACH who="3" step="1"/><G30/><REACH who="3" ten="233,210,340,207" step="2"/><T118/><D119/><U95/><E108/><V24/><F29/><W45/><AGARI ba="0,1" hai="3,6,11,17,20,25,36,38,39,42,45,72,78,82" machi="45" ten="30,12000,2" yaku="1,1,2,1,0,1,25,2,52,1,53,0" doraHai="107" doraHaiUra="91" who="3" fromWho="3" sc="233,-30,210,-30,340,-60,207,130" />
</Scene>
<Scene>
<INIT seed="7,0,0,0,3,19" ten="203,180,280,337" oya="3" hai0="87,68,79,49,56,81,99,54,32,91,98,64,65" hai1="107,11,63,76,9,113,17,92,116,53,67,89,125" hai2="124,25,86,35,108,31,1,51,111,103,16,105,131" hai3="34,43,62,28,18,119,121,84,3,12,110,13,88"/><W14/><G121/><T117/><D117/><U97/><E113/><V33/><F124/><W47/><G119/><T36/><D32/><U77/><E116/><V46/><F131/><W38/><G3/><T130/><D130/><U50/><E125/><V114/><F114/><W102/><G110/><T55/><D36/><U20/><E107/><V71/><F35/><W7/><G102/><T41/><D41/><U61/><E11/><V122/><F122/><W4/><G62/><N who="1" m="23562" /><E67/><N who="0" m="25673" /><D68/><U15/><E9/><V104/><F1/><W6/><G34/><T126/><D126/><U128/><E128/><V132/><F132/><W70/><G28/><T109/><D109/><U37/><E37/><V135/><F135/><W75/><G75/><T60/><D79/><U39/><E39/><V127/><F33/><W80/><REACH who="3" step="1"/><G70/><REACH who="3" ten="203,180,280,327" step="2"/><T74/><D74/><U42/><E42/><V8/><F71/><W85/><G85/><T22/><D87/><U44/><AGARI ba="0,1" hai="15,17,20,44,50,53,76,77,89,92,97" m="23562" machi="44" ten="30,2000,0" yaku="8,1,52,1" doraHai="19" who="1" fromWho="1" sc="203,-5,180,30,280,-5,327,-10" owari="198,-30.0,210,-19.0,275,8.0,317,41.0" />
</Scene>
</mjloggm>