<mjloggm ver="2.3"><GO type="97"/><UN n0="%E7%86%8A%E4%BA%95%E3%81%A1%E3%82%83%E3%82%93" n1="%E5%B0%8F%E5%8A%9B%E4%B8%B8" n2="%E9%80%9F%E6%88%90%E9%BA%BB%E9%9B%80" n3="%E5%A4%AA%E3%81%8F%E3%81%AA%E3%81%84%E3%81%8A" dan="13,13,13,15" rate="1838,1821,1952,2070" sx="F,M,F,M"/><TAIKYOKU oya="0"/>

<Scene>
<INIT seed="0,0,0,3,3,1" ten="250,250,250,250" oya="0" hai0="98,74,76,4,71,50,11,37,55,114,97,34,2" hai1="33,125,107,78,29,110,48,94,83,17,90,10,121" hai2="61,104,130,108,38,36,79,20,43,85,72,53,118" hai3="41,112,124,132,68,24,64,63,31,116,105,128,109"/><T58/><D71/><U0/><E121/><V19/><F72/><W51/><G116/><T111/><D34/><U3/><E125/><V73/><F73/><W14/><G112/><T18/><D114/><U56/><E110/><V126/><F108/><W87/><G109/><T13/><D37/><U123/><E107/><V122/><F118/><W89/><G105/><T52/><D55/><U102/><E123/><V106/><F122/><W9/><G124/><T44/><D44/><U7/><E102/><V80/><F130/><W60/><G128/><T117/><D117/><U23/><E0/><V91/><F126/><W45/><G132/><T86/><D74/><U77/><E56/><V101/><F79/><W25/><G63/><T40/><D40/><U134/><E134/><V93/><F106/><W113/><G31/><T47/><D47/><U88/><E48/><V16/><F104/><W65/><G65/><T99/><D111/><U39/><E39/><V95/><F36/><W120/><G113/><T59/><D59/><U96/><E33/><V75/><F75/><W35/><G35/><T67/><D67/><U26/><E29/><V49/><F38/><W133/><G133/><T131/><D131/><U84/><AGARI ba="0,0" hai="3,7,10,17,23,26,77,78,83,84,88,90,94,96" machi="84" ten="30,4000,0" yaku="0,1,52,1,54,1" doraHai="1" who="1" fromWho="1" sc="250,-20,250,40,250,-10,250,-10" />
</Scene>
<Scene>
<INIT seed="1,0,0,2,2,60" ten="230,290,240,240" oya="1" hai0="32,135,80,11,98,5,105,69,51,74,109,41,18" hai1="134,108,46,48,15,82,37,101,31,71,131,132,126" hai2="29,79,59,84,107,39,25,133,99,54,19,3,56" hai3="130,53,128,122,9,88,83,110,89,35,72,75,52"/><U21/><E101/><V12/><F39/><W117/><G122/><T111/><D32/><U85/><E71/><V65/><F3/><W90/><G35/><T81/><D69/><U61/><E37/><V70/><F133/><N who="1" m="51305" /><E108/><V7/><F7/><W123/><G123/><T50/><D18/><N who="1" m="10463" /><E31/><V30/><F70/><W57/><G110/><T40/><D98/><U34/><E34/><V6/><F6/><W92/><G117/><T78/><D105/><U36/><E36/><V2/><F2/><W14/><G92/><T113/><D5/><U95/><E131/><N who="3" m="50218" /><G83/><T63/><D63/><U73/><E73/><N who="3" m="28234" /><G57/><T13/><D135/><U45/><E126/><V20/><F30/><W97/><G97/><T114/><D74/><U125/><E95/><V24/><F29/><W16/><AGARI ba="0,0" hai="9,14,16,52,53,88,89,90" m="28234,50218" machi="16" ten="40,8000,1" yaku="19,1,54,3" doraHai="60" who="3" fromWho="3" sc="230,-20,290,-40,240,-20,240,80" />
</Scene>
<Scene>
<INIT seed="2,0,0,2,4,40" ten="210,250,220,320" oya="2" hai0="47,11,28,94,3,43,62,116,98,15,95,81,7" hai1="117,133,39,77,19,27,119,85,69,51,104,5,44" hai2="26,126,106,59,52,96,74,32,6,99,22,41,89" hai3="45,87,18,109,76,48,68,125,82,50,53,112,80"/><V127/><F74/><W65/><G109/><T60/><D116/><U25/><E104/><V124/><F32/><W14/><G125/><T75/><D28/><U100/><E69/><V17/><F6/><W8/><G112/><T29/><D29/><U91/><E133/><V20/><F106/><W67/><G68/><T1/><D1/><U58/><E100/><V4/><F4/><W118/><G118/><T37/><D94/><U54/><E5/><V123/><F123/><W61/><G61/><T70/><D15/><U93/><E77/><V72/><F72/><W31/><G31/><T10/><D11/><U97/><E39/><V34/><F34/><W24/><G24/><T101/><D70/><U135/><E135/><V129/><F129/><W103/><G103/><T78/><AGARI ba="0,0" hai="3,7,10,37,43,47,60,62,75,78,81,95,98,101" machi="78" ten="30,7900,0" yaku="0,1,25,2,52,1" doraHai="40" who="0" fromWho="0" sc="210,79,250,-20,220,-39,320,-20" />
</Scene>
<Scene>
<INIT seed="3,0,0,2,0,73" ten="289,230,181,300" oya="3" hai0="52,3,7,11,122,63,104,0,24,79,107,78,82" hai1="117,56,17,114,61,110,121,106,109,4,123,19,124" hai2="40,58,100,70,76,128,92,8,59,39,45,77,6" hai3="28,96,80,35,85,33,90,38,10,51,93,53,86"/><W62/><G38/><T64/><D122/><U108/><E106/><V134/><F70/><W83/><G62/><T18/><D24/><U94/><E94/><V99/><F134/><W14/><G28/><T75/><D18/><U22/><E114/><V81/><F128/><W113/><G113/><T115/><D0/><U105/><E105/><V127/><F127/><W29/><G29/><T42/><D42/><U57/><E117/><V46/><F46/><N who="3" m="27895" /><G35/><T65/><D115/><U135/><E124/><V48/><F39/><W55/><G33/><T69/><D64/><U26/><E4/><V72/><REACH who="2" step="1"/><F77/><REACH who="2" ten="289,230,171,300" step="2"/><N who="3" m="46223" /><G55/><T43/><D79/><U54/><E135/><V133/><F133/><W120/><G120/><T71/><D71/><U118/><E118/><V88/><F88/><W98/><G83/><T103/><D52/><U20/><REACH who="1" step="1"/><E57/><REACH who="1" ten="289,220,171,300" step="2"/><V31/><F31/><W95/><G95/><T97/><D43/><U130/><E130/><V50/><F50/><W111/><G111/><T67/><D67/><U12/><AGARI ba="0,2" hai="12,17,19,20,22,26,54,56,61,108,109,110,121,123" machi="12" ten="30,4000,0" yaku="1,1,0,1,14,1,53,0" doraHai="73" doraHaiUra="25" who="1" fromWho="1" sc="289,-10,220,60,171,-10,300,-20" />
</Scene>
<Scene>
<INIT seed="4,0,0,4,3,53" ten="279,280,161,280" oya="0" hai0="39,132,4,112,41,29,90,55,83,49,36,101,123" hai1="121,117,58,87,13,106,88,12,66,0,74,114,10" hai2="129,35,23,122,131,14,56,28,32,8,103,20,3" hai3="102,135,119,99,7,44,27,73,18,79,127,40,6"/><T125/><D123/><U22/><E117/><V21/><F103/><W30/><G119/><T31/><D4/><U124/><E121/><V59/><F122/><W93/><G135/><T42/><D101/><U48/><E106/><V1/><F28/><W25/><G127/><T71/><D71/><U61/><E74/><V26/><F26/><W17/><G79/><T57/><D132/><U5/><E114/><V47/><F47/><W43/><G73/><T77/><D112/><U34/><E34/><N who="2" m="12843" /><F14/><W107/><G107/><T89/><D125/><U64/><E124/><V52/><F8/><W72/><G72/><T67/><D67/><N who="1" m="39351" /><E0/><N who="2" m="75" /><F52/><W70/><G70/><T50/><D77/><U91/><E48/><V33/><N who="2" m="12851" /><V95/><DORA hai="82" /><F95/><W116/><G116/><T133/><D133/><U86/><E64/><V120/><F120/><W96/><G44/><T9/><D83/><U104/><E104/><V11/><F11/><W63/><G93/><T45/><D9/><U46/><E46/><V118/><F118/><W65/><G65/><T60/><D36/><U100/><E100/><V54/><F54/><W75/><G102/><T94/><D39/><U111/><E66/><V69/><F69/><W62/><G75/><T134/><D134/><U38/><E38/><V24/><F24/><W51/><G51/><T85/><D90/><N who="1" m="34347" /><E111/><V97/><F97/><W98/><G96/><T15/><D15/><U109/><E109/><V78/><F78/><W115/><G115/><T2/><D2/><U126/><E126/><V128/><AGARI ba="0,0" hai="20,21,23,56,59,128,129,131" m="75,12851" machi="128" ten="60,8000,1" yaku="28,2,19,1,52,2" doraHai="53,82" who="2" fromWho="2" sc="279,-40,280,-20,161,80,280,-20" />
</Scene>
<Scene>
<INIT seed="5,0,0,2,2,125" ten="239,260,241,260" oya="1" hai0="21,58,65,17,90,129,118,111,70,48,41,3,5" hai1="67,103,116,42,105,126,45,130,9,38,88,31,40" hai2="79,54,32,51,102,117,15,101,47,46,33,20,24" hai3="135,92,1,98,55,107,0,115,122,89,61,112,81"/><U56/><E116/><V66/><F117/><W77/><G122/><T14/><D70/><U7/><E126/><V18/><F66/><W83/><G107/><T127/><D118/><U94/><E130/><V97/><F102/><W108/><G108/><T113/><D129/><U73/><E73/><V30/><F79/><W110/><G110/><T109/><D127/><U124/><E124/><V68/><F68/><W104/><G104/><T74/><D74/><U75/><E75/><V131/><F131/><W87/><G135/><T22/><D113/><N who="3" m="43593" /><G81/><T16/><D90/><U8/><E31/><V26/><F47/><W25/><G25/><T128/><D128/><U13/><E42/><V134/><F134/><W19/><G19/><T95/><D95/><U84/><E9/><V99/><F101/><W49/><G61/><T80/><D80/><U119/><E119/><V35/><REACH who="2" step="1"/><F24/><REACH who="2" ten="239,260,231,260" step="2"/><W11/><G77/><T63/><D111/><U29/><E103/><V28/><F28/><W34/><G89/><T133/><D133/><U59/><E105/><V91/><F91/><W6/><G98/><AGARI ba="0,1" hai="15,18,20,26,30,32,33,35,46,51,54,97,98,99" machi="98" ten="40,2600,0" yaku="1,1,53,1" doraHai="125" doraHaiUra="10" who="2" fromWho="3" sc="239,0,260,0,231,36,260,-26" />
</Scene>
<Scene>
<INIT seed="6,0,0,4,1,127" ten="239,260,267,234" oya="2" hai0="96,120,25,48,0,40,28,20,21,14,122,38,73" hai1="5,99,84,93,45,111,65,51,37,72,70,36,63" hai2="11,113,88,43,3,6,1,69,130,50,49,117,132" hai3="13,76,60,108,58,39,118,125,2,68,104,4,131"/><V41/><F130/><W83/><G118/><T44/><D73/><U85/><E111/><V86/><F117/><W95/><G108/><T92/><D0/><U94/><E72/><V114/><F69/><W66/><G104/><T12/><D38/><U30/><E5/><V115/><F132/><W100/><G39/><T128/><D128/><U129/><E129/><V34/><F34/><W57/><G131/><T53/><D122/><U135/><E135/><V47/><F1/><W61/><G125/><T121/><D120/><U59/><E30/><V126/><F126/><W82/><G2/><T8/><D40/><N who="2" m="15434" /><F47/><W105/><G105/><T97/><D121/><U24/><E24/><V79/><F79/><W77/><G68/><T31/><D96/><U10/><E10/><V119/><F119/><W109/><G109/><T46/><D46/><U123/><E123/><V15/><F3/><W19/><G4/><T80/><D80/><AGARI ba="0,0" hai="6,11,15,49,50,80,86,88,113,114,115" m="15434" machi="80" ten="30,2900,0" yaku="15,1,54,1" doraHai="127" who="2" fromWho="0" sc="239,-29,260,0,267,29,234,0" />
</Scene>
<Scene>
<INIT seed="6,1,0,4,4,22" ten="210,260,296,234" oya="2" hai0="97,74,83,43,52,70,128,8,19,35,9,12,13" hai1="114,38,119,60,92,122,82,113,133,89,59,115,47" hai2="124,1,126,98,31,45,57,109,10,39,20,86,24" hai3="14,5,80,85,101,123,93,65,42,56,23,69,130"/><V102/><F109/><W75/><G123/><T41/><D70/><U78/><E122/><V4/><F86/><W66/><G69/><T103/><D35/><U34/><E34/><V48/><F39/><W11/><G75/><T46/><D128/><U17/><E119/><V104/><F104/><W72/><G72/><T36/><D74/><U16/><E133/><V2/><F57/><W131/><G42/><T50/><D83/><U108/><E108/><V51/><F1/><W127/><G127/><N who="2" m="48681" /><F45/><W112/><G112/><T40/><D36/><U77/><E38/><V58/><F58/><W44/><G44/><T61/><D61/><U64/><E47/><V110/><F110/><W68/><G68/><T100/><REACH who="0" step="1"/><D97/><REACH who="0" ten="200,260,296,234" step="2"/><U55/><E64/><V73/><F73/><W96/><G131/><T111/><D111/><U7/><E7/><AGARI ba="1,1" hai="7,8,9,12,13,19,40,41,43,46,50,52,100,103" machi="7" ten="40,8000,1" yaku="1,1,8,1,54,1,53,2" doraHai="22" doraHaiUra="6" who="0" fromWho="1" sc="200,93,260,-83,296,0,234,0" />
</Scene>
<Scene>
<INIT seed="7,0,0,3,2,114" ten="293,177,296,234" oya="3" hai0="37,129,81,45,21,67,90,44,122,89,25,84,77" hai1="87,19,76,106,95,47,53,69,43,35,4,50,121" hai2="32,120,55,123,65,63,20,58,66,11,29,14,10" hai3="1,96,128,59,131,12,54,78,74,51,57,36,75"/><W100/><G1/><T33/><D33/><U115/><E115/><V28/><F32/><W13/><G36/><T97/><D37/><U110/><E106/><V41/><F41/><W133/><G133/><T48/><D129/><N who="3" m="49737" /><G57/><T94/><D67/><N who="2" m="25610" /><F20/><W93/><G78/><T26/><D122/><N who="2" m="46634" /><F10/><W27/><G27/><N who="0" m="10251" /><D21/><U16/><E121/><V86/><F86/><W61/><G61/><T125/><D125/><U70/><E110/><V6/><AGARI ba="0,0" hai="6,11,14,28,29,55,58,63" m="46634,25610" machi="6" ten="30,1100,0" yaku="13,1" doraHai="114" who="2" fromWho="2" sc="293,-3,177,-3,296,11,234,-5" owari="290,9.0,174,-33.0,307,41.0,229,-17.0" />
</Scene>
</mjloggm>