<mjloggm ver="2.3"><GO type="169" lobby="0"/><UN n0="%73%69%67%65%6E%6F%72%69" n1="%E6%B0%97%E6%A5%BD%E3%81%AB%E6%89%93%E3%81%A4" n2="%E5%A4%AA%E3%81%8F%E3%81%AA%E3%81%84%E3%81%8A" n3="%48%65%72%6D%61%6E%6E" dan="16,16,18,17" rate="2092.90,2159.39,2188.99,2114.08" sx="M,M,M,M"/><TAIKYOKU oya="0"/>

<Scene>
<INIT seed="0,0,0,4,0,93" ten="250,250,250,250" oya="0" hai0="92,79,31,67,86,95,46,88,58,50,70,94,135" hai1="18,107,128,119,75,78,9,84,103,114,29,48,15" hai2="77,117,82,17,32,68,60,64,49,97,130,39,19" hai3="85,5,74,8,116,37,124,102,101,112,25,51,28"/><T73/><D135/><U123/><E123/><V41/><F32/><W11/><G116/><T87/><D70/><U80/><E119/><V42/><F117/><W52/><G74/><T131/><D131/><U99/><E128/><V118/><F130/><W47/><G112/><T43/><D31/><U132/><E132/><V55/><F118/><W12/><G124/><T30/><D30/><U61/><E114/><V121/><F121/><W109/><G109/><T40/><D73/><U56/><E29/><V27/><F27/><W45/><G85/><T22/><D22/><U62/><REACH who="1" step="1"/><E75/><REACH who="1" ten="250,240,250,250" step="2"/><V53/><F39/><W38/><G37/><T104/><D40/><U33/><E33/><V1/><F42/><W23/><G38/><T120/><D120/><U100/><E100/><V110/><F41/><W44/><G11/><T133/><D133/><U113/><E113/><V89/><F110/><W71/><REACH who="3" step="1"/><G71/><REACH who="3" ten="250,240,250,240" step="2"/><T134/><D134/><U98/><E98/><V10/><F97/><W69/><G69/><T2/><D86/><U20/><E20/><V21/><F21/><W83/><G83/><T111/><D87/><U105/><E105/><V14/><F82/><W35/><G35/><T63/><D104/><U108/><E108/><V115/><F115/><W7/><G7/><T54/><D111/><U66/><E66/><V0/><F10/><W125/><G125/><T57/><D67/><U90/><E90/><V91/><F91/><W129/><G129/><T24/><D88/><U3/><E3/><N who="2" m="1099" /><F89/><W76/><G76/><T96/><D94/><U13/><E13/><V72/><F14/><RYUUKYOKU ba="0,2" sc="250,-15,240,15,250,-15,240,15" hai1="9,15,18,48,56,61,62,78,80,84,99,103,107" hai3="5,8,12,23,25,28,44,45,47,51,52,101,102" />
</Scene>
<Scene>
<INIT seed="1,1,2,1,5,85" ten="235,255,235,255" oya="1" hai0="108,22,125,31,21,26,114,33,97,55,133,101,130" hai1="87,127,84,121,2,47,6,109,69,117,76,79,24" hai2="86,124,111,126,59,93,64,60,92,9,4,95,81" hai3="8,103,3,68,75,132,98,45,23,135,105,67,129"/><U53/><E121/><V107/><F107/><W38/><G75/><T73/><D114/><U56/><E117/><V80/><F111/><W50/><G38/><T78/><D108/><U74/><E109/><V16/><F16/><W94/><G23/><T128/><D133/><N who="3" m="51273" /><G129/><N who="0" m="49771" /><D125/><N who="2" m="48234" /><F86/><W82/><G82/><N who="0" m="45391" /><D55/><U11/><E127/><V120/><F120/><W34/><G34/><T62/><D62/><U118/><E118/><V42/><F42/><N who="3" m="24887" /><G67/><T12/><D12/><AGARI ba="1,2" hai="4,9,12,59,60,64,80,81,92,93,95" m="48234" machi="12" ten="30,1000,0" yaku="18,1" doraHai="85" who="2" fromWho="0" sc="235,-13,255,0,235,33,255,0" />
</Scene>
<Scene>
<INIT seed="2,0,0,0,5,72" ten="222,255,268,255" oya="2" hai0="50,100,73,24,129,101,125,14,106,54,60,99,87" hai1="30,68,98,8,29,115,27,91,3,37,110,16,36" hai2="7,103,130,51,15,78,48,21,32,104,12,90,70" hai3="89,112,4,41,122,119,20,65,77,47,31,108,132"/><V63/><F32/><W80/><G122/><T114/><D73/><U53/><E115/><V26/><F130/><W62/><G119/><T22/><D114/><U66/><E110/><V9/><F15/><W118/><G118/><T85/><D129/><U58/><E68/><V75/><F90/><W45/><G112/><T35/><D125/><U76/><E66/><V43/><F43/><W1/><G108/><T84/><D60/><N who="1" m="35919" /><E36/><V34/><F34/><W46/><G132/><T52/><D101/><U59/><E37/><V6/><F6/><W5/><G1/><T105/><D105/><U97/><E59/><V42/><F42/><W94/><G20/><T33/><D14/><N who="1" m="7239" /><E3/><V131/><F131/><W96/><G31/><N who="1" m="11786" /><E27/><V116/><F116/><W61/><G41/><T19/><REACH who="0" step="1"/><D54/><REACH who="0" ten="212,255,268,255" step="2"/><U69/><E69/><V82/><F104/><W107/><G107/><T88/><D88/><U86/><E76/><V39/><F103/><W11/><G62/><T123/><D123/><U56/><E56/><AGARI ba="0,1" hai="19,22,24,33,35,50,52,56,84,85,87,99,100,106" machi="56" ten="40,2600,0" yaku="1,1,54,1,53,0" doraHai="72" doraHaiUra="71" who="0" fromWho="1" sc="212,36,255,-26,268,0,255,0" />
</Scene>
<Scene>
<INIT seed="3,0,0,2,3,39" ten="248,229,268,255" oya="3" hai0="85,71,27,54,112,120,117,82,53,86,88,81,52" hai1="73,26,59,98,31,69,17,0,92,130,79,115,44" hai2="89,20,11,19,13,8,131,41,113,114,100,83,105" hai3="25,96,21,29,24,104,116,101,36,60,12,15,127"/><W111/><G116/><T37/><D117/><U4/><E69/><V91/><F131/><W102/><G36/><T38/><D120/><U66/><E130/><V30/><F105/><W40/><G127/><T10/><D112/><U99/><E115/><V42/><F100/><W128/><G128/><T126/><D126/><U121/><E121/><V125/><F125/><W72/><G72/><T134/><D134/><U45/><E17/><V48/><F114/><W57/><G111/><T95/><D71/><U84/><E73/><V132/><F113/><W55/><G102/><T87/><D27/><U61/><E0/><V129/><F129/><W135/><G135/><T6/><D82/><N who="1" m="47199" /><E4/><V43/><F132/><W103/><G103/><T7/><D7/><U64/><E66/><V56/><F83/><W47/><REACH who="3" step="1"/><G25/><REACH who="3" ten="248,229,268,245" step="2"/><T93/><D93/><U58/><E92/><V74/><F74/><W49/><AGARI ba="0,1" hai="12,15,21,24,29,40,47,49,55,57,60,96,101,104" machi="49" ten="20,18000,2" yaku="1,1,2,1,0,1,7,1,52,1,53,1" doraHai="39" doraHaiUra="18" who="3" fromWho="3" sc="248,-60,229,-60,268,-60,245,190" />
</Scene>
<Scene>
<INIT seed="3,1,0,0,0,90" ten="188,169,208,435" oya="3" hai0="77,129,47,51,73,94,131,38,133,74,60,30,15" hai1="110,61,66,126,62,69,41,79,32,125,14,40,48" hai2="127,42,112,117,5,115,28,95,17,106,39,9,102" hai3="130,86,75,26,1,82,103,8,98,78,70,65,64"/><W89/><G130/><N who="0" m="49675" /><D38/><U81/><E110/><V122/><F17/><W2/><G26/><T116/><D116/><U67/><E32/><V33/><F95/><W45/><G45/><T23/><D133/><U72/><E14/><V43/><F43/><W56/><G70/><T121/><D121/><U97/><E97/><N who="2" m="61775" /><F117/><W37/><G37/><T83/><D60/><U120/><E120/><V21/><F21/><W31/><G31/><T12/><D73/><U13/><E13/><V53/><F53/><W59/><G56/><T119/><D119/><U92/><E92/><V29/><F29/><W6/><G2/><T134/><D134/><U34/><E34/><V87/><F87/><W111/><G111/><T123/><D123/><U55/><E40/><V84/><F84/><W3/><G59/><T124/><D124/><N who="1" m="47723" /><E41/><V91/><F122/><W44/><G44/><T101/><D94/><U7/><E62/><V132/><F132/><W22/><G1/><T57/><D101/><U10/><E55/><V118/><F118/><W20/><G3/><T35/><D35/><U76/><E72/><V88/><F127/><W93/><G75/><T18/><D12/><U100/><E61/><V27/><F39/><W4/><G103/><T113/><D57/><U85/><E100/><V24/><F33/><W109/><G109/><T96/><D96/><U114/><E85/><V46/><F46/><W80/><G98/><T99/><D99/><U52/><E79/><V128/><F128/><W11/><G78/><T58/><D58/><N who="1" m="33031" /><E76/><V63/><F63/><W68/><G93/><T54/><D30/><RYUUKYOKU ba="1,0" sc="188,30,169,-10,208,-10,435,-10" hai0="15,18,23,47,51,54,74,77,83,113" />
</Scene>
<Scene>
<INIT seed="4,2,0,4,0,77" ten="218,159,198,425" oya="0" hai0="127,26,54,58,81,65,29,133,85,104,57,20,68" hai1="87,72,63,98,119,134,108,122,102,92,44,114,71" hai2="126,106,132,34,88,16,15,10,43,116,64,112,74" hai3="86,11,129,110,13,89,70,55,62,75,120,8,42"/><T83/><D127/><U82/><E108/><V47/><F106/><W125/><G75/><T101/><D133/><U78/><E122/><V37/><F34/><W1/><G110/><T69/><D65/><U27/><E134/><V28/><F132/><W131/><G125/><T103/><D58/><U60/><E119/><V45/><F126/><W90/><G42/><T49/><D83/><U53/><E114/><V118/><F74/><W41/><G41/><T18/><D29/><U9/><E27/><V21/><F112/><W117/><G117/><N who="2" m="45161" /><F64/><W59/><G70/><T61/><D104/><U24/><E24/><N who="2" m="16399" /><F47/><W40/><G40/><T2/><D2/><U95/><E71/><V73/><F73/><W31/><G31/><T76/><REACH who="0" step="1"/><D49/><REACH who="0" ten="208,159,198,425" step="2"/><N who="1" m="28839" /><E72/><V14/><F14/><W96/><G13/><T51/><D51/><U39/><E39/><V128/><F128/><W99/><G1/><T109/><D109/><U79/><E63/><V105/><F105/><W33/><G59/><T130/><D130/><U5/><E60/><V30/><F30/><W48/><G48/><T3/><D3/><U113/><E113/><V50/><F37/><W56/><G56/><T111/><D111/><U107/><E107/><V80/><F80/><W6/><G62/><T19/><D19/><U7/><E82/><V12/><F15/><W100/><G129/><T36/><D36/><U123/><E123/><V46/><F46/><W66/><G120/><T135/><D135/><U97/><E92/><V22/><F10/><W115/><G11/><T124/><D124/><U67/><E95/><V4/><F4/><RYUUKYOKU ba="2,1" sc="208,15,159,-15,198,15,425,-15" hai0="18,20,26,54,57,61,68,69,76,81,85,101,103" hai2="12,16,22,43,45,50,88" />
</Scene>
<Scene>
<INIT seed="4,3,1,0,4,14" ten="223,144,213,410" oya="0" hai0="62,43,126,47,1,28,127,57,15,65,82,70,132" hai1="39,116,117,63,18,121,75,125,69,13,89,41,108" hai2="83,84,71,36,118,107,45,100,17,74,33,55,22" hai3="9,106,73,115,80,103,4,25,81,99,32,131,59"/><T7/><D132/><U114/><E108/><V96/><F118/><W30/><G81/><T68/><D1/><U12/><E121/><V91/><F33/><W94/><G115/><T95/><D28/><U5/><E114/><V42/><F71/><W2/><G59/><T87/><D95/><U90/><E125/><N who="0" m="47625" /><D7/><U61/><E75/><V24/><F55/><W10/><G10/><T8/><D15/><U49/><E39/><V48/><REACH who="2" step="1"/><F74/><REACH who="2" ten="223,144,203,410" step="2"/><W66/><G66/><T37/><D8/><N who="1" m="4111" /><E117/><V31/><F31/><W51/><G73/><T26/><D26/><U105/><E69/><V119/><F119/><W92/><G30/><T52/><D52/><U111/><E116/><V98/><F98/><W124/><G99/><T123/><D123/><U38/><E111/><V109/><F109/><W88/><G124/><T64/><D64/><U23/><E61/><V44/><F44/><W34/><G34/><T27/><D27/><U97/><E63/><V58/><F58/><W50/><G25/><T11/><D11/><U0/><E97/><V3/><F3/><W77/><G32/><T6/><D70/><U16/><E0/><V40/><F40/><W129/><G9/><T104/><D68/><U134/><E41/><V46/><F46/><W133/><G2/><T130/><D6/><U67/><E67/><V128/><F128/><W35/><G4/><T56/><D130/><U78/><E134/><V113/><F113/><W120/><G133/><T112/><D112/><U20/><E20/><V54/><F54/><W135/><G135/><T79/><D57/><U85/><E23/><RYUUKYOKU ba="3,2" sc="223,15,144,-15,203,15,410,-15" hai0="37,43,47,56,62,65,79,82,87,104" hai2="17,22,24,36,42,45,48,83,84,91,96,100,107" />
</Scene>
<Scene>
<INIT seed="4,4,2,3,1,119" ten="238,129,218,395" oya="0" hai0="1,26,38,126,48,77,102,111,11,128,113,10,6" hai1="65,42,16,44,15,104,55,81,122,107,40,134,91" hai2="22,82,117,96,0,28,129,8,98,108,7,69,21" hai3="135,99,58,67,36,120,79,24,103,74,105,116,2"/><T64/><D38/><U121/><E65/><V89/><F108/><W51/><G116/><T76/><D111/><U19/><E134/><V87/><F69/><W83/><G36/><T123/><D123/><N who="1" m="47115" /><E19/><V31/><F117/><W25/><G2/><T73/><D73/><U5/><E5/><V52/><F129/><W3/><G3/><T132/><D64/><U84/><E42/><V133/><F133/><W53/><G120/><T57/><D132/><U33/><E40/><V131/><F131/><W68/><REACH who="3" step="1"/><G135/><REACH who="3" ten="238,129,218,385" step="2"/><T92/><D128/><U86/><E33/><V17/><F31/><W49/><G49/><T75/><D48/><N who="1" m="29063" /><E86/><V124/><F28/><W66/><G66/><T72/><D1/><U59/><E59/><V39/><F39/><W118/><G118/><T85/><D57/><U46/><E46/><V61/><F87/><W32/><G32/><T127/><D85/><U70/><E70/><V115/><F0/><W101/><G101/><T35/><D102/><U23/><E23/><V62/><F22/><W37/><G37/><T41/><D35/><U27/><E27/><V50/><F21/><W80/><G80/><T95/><D26/><U100/><E100/><V78/><F82/><W13/><G13/><T12/><D12/><U20/><E20/><V88/><F50/><W47/><G47/><T97/><D72/><U54/><E54/><V130/><F52/><W71/><G71/><T125/><D75/><U114/><E114/><V43/><F115/><W60/><AGARI ba="4,3" hai="24,25,51,53,58,60,67,68,74,79,83,99,103,105" machi="60" ten="30,2000,0" yaku="1,1,0,1,53,0" doraHai="119" doraHaiUra="110" who="3" fromWho="3" sc="238,-14,129,-9,218,-9,385,62" />
</Scene>
<Scene>
<INIT seed="5,0,0,1,2,135" ten="224,120,209,447" oya="1" hai0="129,12,57,11,107,128,16,86,5,24,7,125,27" hai1="68,34,92,31,67,4,111,91,82,46,114,39,113" hai2="74,63,73,2,75,103,58,66,69,110,32,96,6" hai3="99,81,126,71,77,65,0,112,21,38,121,106,3"/><U76/><E111/><V90/><F90/><W87/><G121/><T36/><D107/><U62/><E4/><N who="0" m="1609" /><D36/><U79/><E31/><V45/><F58/><W64/><G64/><T54/><D86/><U132/><E34/><V95/><F110/><W25/><G38/><T56/><D56/><U41/><E132/><V108/><F108/><W133/><G133/><T55/><D55/><U134/><E134/><V102/><F102/><W20/><G20/><T33/><D33/><U115/><REACH who="1" step="1"/><E82/><REACH who="1" ten="224,110,209,447" step="2"/><V94/><F32/><W10/><G81/><T109/><D109/><U43/><E43/><V28/><F28/><W124/><G112/><T104/><D129/><U61/><E61/><V119/><F6/><W29/><G29/><T51/><D128/><U84/><AGARI ba="0,1" hai="39,41,46,62,67,68,76,79,84,91,92,113,114,115" machi="84" ten="30,6000,0" yaku="1,1,0,1,15,1,53,0" doraHai="135" doraHaiUra="19" who="1" fromWho="1" sc="224,-20,110,70,209,-20,447,-20" />
</Scene>
<Scene>
<INIT seed="5,1,0,3,0,39" ten="204,180,189,427" oya="1" hai0="124,30,77,71,60,88,106,68,1,6,56,67,43" hai1="48,69,97,91,84,121,66,2,80,81,18,33,21" hai2="4,93,100,55,126,58,79,101,61,134,28,24,20" hai3="110,133,59,17,34,44,64,107,13,78,98,74,104"/><U23/><E121/><V36/><F134/><W99/><G110/><T45/><D106/><U116/><E33/><V15/><F126/><W27/><G44/><T122/><D124/><U108/><E116/><V62/><F36/><W19/><G78/><T42/><D77/><U51/><E108/><V3/><F3/><W95/><G74/><T22/><D122/><U129/><E129/><V92/><F79/><W111/><G111/><T120/><D120/><U52/><E2/><V50/><F93/><W31/><G17/><T75/><D75/><U96/><E80/><V49/><F49/><W83/><G83/><T76/><D76/><U38/><E38/><V5/><F100/><W112/><G112/><T16/><D30/><U0/><E0/><V40/><F15/><W72/><G98/><T87/><D1/><U53/><E69/><V115/><F115/><W57/><G72/><T123/><D6/><N who="2" m="2666" /><F40/><W118/><G57/><T113/><D113/><U128/><E128/><V105/><F105/><W117/><G133/><T10/><D123/><U73/><E73/><V125/><F125/><W135/><G135/><T32/><D32/><U29/><E51/><V37/><F37/><W85/><G85/><T102/><D102/><U65/><E48/><V86/><F86/><W132/><G132/><T109/><D109/><U127/><E127/><V7/><N who="2" m="2674" /><V11/><DORA hai="70" /><F11/><N who="3" m="6591" /><G117/><T89/><D10/><U26/><E97/><AGARI ba="1,0" hai="20,24,28,50,55,58,61,62,92,97,101" m="2674" machi="97" ten="30,1000,0" yaku="8,1" doraHai="39,70" who="2" fromWho="1" sc="204,0,180,-13,189,13,427,0" />
</Scene>
<Scene>
<INIT seed="6,0,0,2,5,5" ten="204,167,202,427" oya="2" hai0="47,49,126,33,110,37,78,122,97,0,32,109,52" hai1="92,74,130,22,120,16,94,18,113,95,73,64,70" hai2="35,2,98,128,115,101,79,25,87,83,26,124,1" hai3="68,90,41,23,27,100,13,96,30,59,81,12,125"/><V72/><F115/><W48/><G68/><T116/><D122/><U76/><E113/><V103/><F124/><W112/><G112/><T86/><D126/><U63/><E120/><V88/><F128/><W75/><G125/><T60/><D0/><U82/><E130/><V119/><F119/><W43/><G75/><T28/><D116/><U20/><REACH who="1" step="1"/><E73/><REACH who="1" ten="204,157,202,427" step="2"/><V46/><F46/><W123/><G123/><T11/><D47/><U3/><E3/><V34/><F2/><W129/><G129/><T24/><D110/><U54/><E54/><V108/><F1/><W56/><G41/><T93/><D52/><U84/><E84/><V10/><F108/><W107/><G43/><T133/><D86/><U17/><AGARI ba="0,1" hai="16,17,18,20,22,63,64,70,74,76,82,92,94,95" machi="17" ten="30,4000,0" yaku="1,1,0,1,54,1,53,0" doraHai="5" doraHaiUra="36" who="1" fromWho="1" sc="204,-10,157,50,202,-20,427,-10" />
</Scene>
<Scene>
<INIT seed="7,0,0,2,1,27" ten="194,207,182,417" oya="3" hai0="49,106,74,65,13,1,126,52,70,2,87,24,103" hai1="5,7,79,104,90,69,109,44,30,62,55,58,41" hai2="85,6,114,32,80,133,110,4,56,3,105,134,18" hai3="43,92,40,57,61,115,22,14,21,91,71,112,77"/><W11/><G71/><T121/><D74/><U35/><E109/><V127/><F110/><W67/><G77/><T23/><D121/><U10/><E104/><V132/><F105/><W29/><G21/><T135/><D13/><U47/><E79/><N who="2" m="46239" /><F32/><W26/><G40/><T131/><D87/><U75/><E75/><V51/><F114/><W9/><G43/><T98/><D135/><N who="2" m="34562" /><V128/><DORA hai="48" /><F128/><W0/><G0/><T95/><D106/><U86/><E69/><V99/><F127/><W28/><G9/><T54/><D131/><U12/><E5/><N who="2" m="2155" /><F3/><W120/><G120/><T78/><D126/><U122/><E122/><V125/><F125/><W38/><G115/><T46/><D78/><U111/><E111/><V50/><F99/><W96/><G38/><T113/><D113/><U36/><E47/><V60/><F18/><W25/><G92/><T68/><D68/><U119/><E119/><V129/><F129/><W84/><G91/><T82/><D82/><U72/><E72/><V116/><F116/><W15/><G96/><T117/><D117/><U81/><REACH who="1" step="1"/><E35/><REACH who="1" ten="194,197,182,417" step="2"/><V118/><F118/><W17/><G112/><T59/><D70/><U97/><E97/><V19/><F19/><W93/><G17/><N who="0" m="12399" /><D2/><U31/><AGARI ba="0,1" hai="7,10,12,30,31,36,41,44,55,58,62,81,86,90" machi="31" ten="30,8000,1" yaku="1,1,0,1,52,3,53,0" doraHai="27,48" doraHaiUra="102,73" who="1" fromWho="1" sc="194,-20,197,90,182,-20,417,-40" owari="174,-23.0,287,9.0,162,-34.0,377,48.0" />
</Scene>
</mjloggm>