<mjloggm ver="2.3"><GO type="169"/><UN n0="%6D%61%63%6A%72" n1="%E5%A4%AA%E3%81%8F%E3%81%AA%E3%81%84%E3%81%8A" n2="%E3%82%AE%E3%83%BC%E3%82%B9" n3="%E5%94%90%E6%8F%9A%E5%A4%A7%E5%A5%BD%E3%81%8D" dan="17,18,16,17" rate="2064,2170,2015,2174" sx="M,M,M,M"/><TAIKYOKU oya="0"/>

<Scene>
<INIT seed="0,0,0,1,4,85" ten="250,250,250,250" oya="0" hai0="110,81,82,68,3,11,31,105,2,38,90,52,72" hai1="19,80,101,119,99,107,35,103,77,115,127,76,9" hai2="129,54,74,87,24,125,123,39,113,133,33,92,75" hai3="18,45,116,56,62,78,4,67,29,13,37,91,106"/><T124/><D105/><U61/><E119/><V114/><F123/><W55/><G106/><T128/><D68/><U121/><E121/><V49/><F39/><W46/><G116/><T58/><D38/><U53/><E35/><V64/><F125/><W97/><G78/><T27/><D124/><U51/><E127/><V23/><F33/><W94/><G29/><T26/><D128/><U69/><E115/><V96/><F129/><W111/><G111/><T60/><D110/><U131/><E131/><V102/><F133/><W0/><G37/><T63/><D72/><U15/><E103/><V117/><F117/><W20/><G0/><T100/><D100/><U41/><E41/><V71/><F87/><W21/><G4/><T122/><D122/><U42/><E42/><V1/><F1/><W6/><G6/><T93/><D3/><U5/><E5/><V108/><F108/><W28/><G67/><T7/><D60/><U88/><E61/><V84/><F84/><W73/><G73/><T66/><D66/><U8/><E69/><V98/><F98/><W32/><REACH who="3" step="1"/><G32/><REACH who="3" ten="250,250,250,240" step="2"/><T17/><D17/><U95/><E107/><V118/><F118/><W44/><G44/><T89/><D31/><U112/><E76/><V12/><F74/><W135/><G135/><T70/><D7/><U48/><E77/><V59/><F75/><W40/><G40/><T86/><D2/><U14/><E19/><V65/><F114/><W130/><G130/><T126/><D126/><U79/><E112/><V83/><F113/><W50/><G50/><T22/><D86/><U134/><E79/><RYUUKYOKU ba="0,1" sc="250,-10,250,-10,250,-10,240,30" hai3="13,18,20,21,28,45,46,55,56,62,91,94,97" />
</Scene>
<Scene>
<INIT seed="1,1,1,2,4,97" ten="240,240,240,270" oya="1" hai0="118,18,130,26,61,57,135,58,2,24,33,21,15" hai1="96,86,30,32,127,13,50,68,74,37,102,122,46" hai2="10,104,78,41,29,36,53,65,103,63,84,98,119" hai3="81,55,48,123,59,101,6,39,124,106,87,23,120"/><U17/><E122/><V90/><F119/><W70/><G39/><T116/><D2/><U82/><E68/><V99/><F36/><W111/><G70/><T38/><D38/><U9/><E37/><V66/><F41/><W109/><G6/><T3/><D3/><U75/><E127/><V131/><F131/><W88/><G124/><T93/><D130/><U76/><E32/><V28/><F78/><W92/><G106/><T121/><D121/><U35/><E35/><V22/><F10/><W7/><G7/><T72/><D72/><U52/><REACH who="1" step="1"/><E30/><REACH who="1" ten="240,230,240,270" step="2"/><V54/><F29/><W31/><G123/><T27/><D33/><U19/><E19/><V112/><F112/><W4/><G120/><T5/><D18/><U94/><AGARI ba="1,2" hai="9,13,17,46,50,52,74,75,76,82,86,94,96,102" machi="94" ten="20,12000,1" yaku="1,1,0,1,7,1,52,1,54,1,53,0" doraHai="97" doraHaiUra="64" who="1" fromWho="1" sc="240,-41,230,143,240,-41,270,-41" />
</Scene>
<Scene>
<INIT seed="1,2,0,5,4,118" ten="199,373,199,229" oya="1" hai0="9,32,123,95,24,60,55,134,99,131,17,50,78" hai1="133,98,36,113,33,46,6,121,43,96,26,31,0" hai2="1,16,114,7,128,110,74,112,4,126,109,64,73" hai3="105,66,97,107,135,59,102,62,93,5,76,132,8"/><U122/><E113/><N who="2" m="43627" /><F1/><W25/><G25/><T37/><D37/><U63/><E133/><N who="3" m="51274" /><G76/><T75/><D134/><U2/><E63/><V115/><F126/><W14/><AGARI ba="2,0" hai="5,8,14,59,62,66,93,97,102,105,107" m="51274" machi="14" ten="30,1100,0" yaku="20,1" doraHai="118" who="3" fromWho="3" sc="199,-5,373,-7,199,-5,229,17" />
</Scene>
<Scene>
<INIT seed="2,0,0,5,0,31" ten="194,366,194,246" oya="2" hai0="2,54,67,57,30,36,46,92,111,63,42,80,130" hai1="128,55,85,27,129,110,11,104,101,9,43,132,102" hai2="51,81,98,58,7,133,44,4,18,75,52,0,62" hai3="69,56,83,61,29,20,59,78,47,3,125,96,38"/><V79/><F133/><W109/><G3/><T6/><D111/><U70/><E70/><V64/><F0/><W1/><G1/><T74/><D130/><N who="1" m="50283" /><E110/><V86/><F75/><W34/><G34/><T93/><D30/><U71/><E71/><V40/><F98/><W99/><G109/><T122/><D122/><U10/><E132/><V35/><F35/><W131/><G69/><T21/><D21/><U117/><E117/><V53/><F18/><W115/><G131/><T127/><D127/><U134/><E134/><V45/><F53/><W68/><G68/><T119/><D54/><U123/><E123/><V48/><AGARI ba="0,0" hai="4,7,40,44,45,48,51,52,58,62,64,79,81,86" machi="48" ten="20,7800,0" yaku="0,1,7,1,8,1,54,1" doraHai="31" who="2" fromWho="2" sc="194,-26,366,-26,194,78,246,-26" />
</Scene>
<Scene>
<INIT seed="2,1,0,2,1,20" ten="168,340,272,220" oya="2" hai0="0,21,29,128,89,107,10,109,66,25,16,61,70" hai1="90,43,67,32,38,64,115,13,44,134,28,71,56" hai2="130,55,9,58,12,50,54,6,103,3,100,2,129" hai3="41,59,118,76,73,5,31,135,95,125,46,48,111"/><V92/><F55/><W117/><G125/><T116/><D109/><U63/><E115/><V114/><F114/><W14/><G111/><T102/><D128/><N who="2" m="49258" /><F92/><W51/><G135/><T60/><D116/><U91/><E134/><V122/><F122/><W98/><G31/><T78/><D78/><U77/><E77/><V88/><F88/><W1/><G1/><AGARI ba="1,0" hai="1,2,3,6,9,12,50,54,58,100,103" m="49258" machi="1" ten="30,1500,0" yaku="19,1" doraHai="20" who="2" fromWho="3" sc="168,0,340,0,272,18,220,-18" />
</Scene>
<Scene>
<INIT seed="2,2,0,1,3,94" ten="168,340,290,202" oya="2" hai0="10,29,117,132,121,24,22,20,102,25,73,76,99" hai1="130,1,21,127,100,74,6,115,13,80,27,43,129" hai2="47,64,30,71,93,5,82,69,105,50,72,79,70" hai3="81,95,32,114,97,46,91,58,119,39,124,12,19"/><V14/><F30/><W40/><G32/><T16/><D132/><U133/><E115/><V26/><F105/><W128/><G119/><T98/><D121/><U78/><E133/><V41/><F26/><W103/><G114/><T9/><D117/><U83/><E127/><V96/><F64/><W65/><G124/><T108/><D108/><U55/><E1/><V104/><F104/><W106/><G128/><N who="1" m="49258" /><E43/><V3/><F3/><W35/><G35/><T101/><D76/><U53/><E83/><V135/><F135/><W8/><G81/><T44/><D73/><U107/><E107/><V84/><F72/><W86/><G65/><T126/><D126/><U56/><E100/><N who="0" m="38505" /><D44/><U36/><E36/><V131/><F131/><W63/><G58/><T51/><D51/><U68/><E68/><V11/><F70/><W88/><G91/><AGARI ba="2,0" hai="5,11,14,41,47,50,69,71,79,82,84,91,93,96" machi="91" ten="30,11600,0" yaku="7,1,25,2,52,1" doraHai="94" who="2" fromWho="3" sc="168,0,340,0,290,122,202,-122" />
</Scene>
<Scene>
<INIT seed="2,3,0,3,5,115" ten="168,340,412,80" oya="2" hai0="93,120,27,88,12,31,127,69,18,65,79,102,63" hai1="43,110,34,29,101,94,112,128,36,72,45,129,113" hai2="67,84,71,78,17,60,51,26,48,28,90,6,135" hai3="134,22,82,133,30,57,131,62,3,76,118,111,38"/><V103/><F135/><N who="3" m="51723" /><G38/><T109/><D109/><U122/><E72/><V125/><F125/><W33/><G33/><T24/><D120/><U53/><E110/><V105/><F78/><W117/><G3/><T35/><D127/><U70/><E70/><V116/><F17/><W59/><G111/><T42/><D79/><U44/><E122/><V121/><F6/><W50/><G131/><N who="1" m="50250" /><E29/><V124/><F124/><W91/><G91/><T97/><D24/><U41/><E34/><N who="2" m="20759" /><F116/><N who="3" m="44651" /><G50/><T98/><D42/><U32/><E32/><V96/><F121/><W4/><G4/><T23/><REACH who="0" step="1"/><D102/><REACH who="0" ten="158,340,412,80" step="2"/><U21/><E43/><V55/><F55/><W119/><G119/><T64/><D64/><U87/><E53/><V92/><AGARI ba="3,1" hai="48,51,60,67,71,84,90,92,96,103,105" m="20759" machi="92" ten="30,1500,0" yaku="25,1" doraHai="115" who="2" fromWho="2" sc="158,-8,340,-8,412,34,80,-8" />
</Scene>
<Scene>
<INIT seed="2,4,0,5,3,17" ten="150,332,446,72" oya="2" hai0="15,74,106,95,49,47,41,91,21,84,117,122,90" hai1="32,1,4,54,69,115,66,132,9,46,38,110,59" hai2="128,73,13,18,39,75,50,131,109,124,129,97,3" hai3="16,104,126,24,58,6,102,92,48,23,42,0,135"/><V25/><F3/><W112/><G104/><T35/><D35/><U121/><E115/><V85/><F39/><W27/><G112/><T130/><D130/><U68/><E32/><V11/><F124/><W87/><G126/><T45/><D117/><U71/><E110/><V100/><F109/><W107/><G107/><T108/><D106/><U93/><E132/><V10/><F10/><W28/><G135/><T123/><D74/><U65/><E121/><V113/><F113/><W67/><G0/><T37/><D108/><U43/><REACH who="1" step="1"/><E93/><REACH who="1" ten="150,322,446,72" step="2"/><N who="2" m="58415" /><F85/><W77/><G87/><T61/><D122/><U57/><E57/><V2/><F2/><W53/><G92/><T80/><D123/><U116/><E116/><V86/><F86/><W125/><G125/><T82/><D95/><U62/><AGARI ba="4,1" hai="1,4,9,38,43,46,54,59,62,65,66,68,69,71" machi="62" ten="30,2000,0" yaku="1,1,0,1,53,0" doraHai="17" doraHaiUra="76" who="1" fromWho="1" sc="150,-9,322,42,446,-14,72,-9" />
</Scene>
<Scene>
<INIT seed="3,0,0,5,3,17" ten="141,364,432,63" oya="3" hai0="98,58,62,77,34,122,13,5,73,44,64,28,7" hai1="124,133,123,12,111,118,14,90,113,40,82,56,16" hai2="105,80,66,106,49,61,91,102,75,107,99,39,117" hai3="116,119,24,89,134,27,29,18,88,63,8,92,25"/><W3/><G134/><T67/><D122/><U19/><E123/><V51/><F39/><W9/><G63/><T130/><D130/><U71/><E71/><V35/><F35/><W109/><G109/><T70/><D64/><U37/><E113/><V128/><F128/><W131/><G131/><T94/><D70/><U84/><E133/><V86/><F117/><W135/><G135/><T15/><D73/><U78/><E111/><V83/><F83/><W100/><G29/><T125/><D77/><U32/><E32/><V42/><F75/><W74/><G74/><T68/><D125/><U22/><E124/><V112/><F112/><W114/><G114/><T126/><D126/><U110/><E110/><V59/><REACH who="2" step="1"/><F42/><REACH who="2" ten="141,364,422,63" step="2"/><W20/><G119/><T96/><D34/><U45/><E118/><V52/><F52/><W115/><G116/><T129/><D129/><U103/><E78/><V76/><F76/><W4/><G115/><T26/><D67/><U6/><E82/><V31/><F31/><W2/><G2/><T69/><D28/><U1/><E40/><V65/><F65/><W55/><G55/><T121/><D121/><U47/><E37/><V53/><F53/><W72/><G72/><T48/><D68/><U41/><E41/><V85/><F85/><W60/><G3/><T132/><D69/><U101/><E84/><V30/><F30/><W33/><G33/><T57/><D132/><U23/><E1/><V79/><F79/><W11/><G4/><T43/><D7/><U36/><E6/><V120/><F120/><W46/><G18/><T87/><D5/><RYUUKYOKU ba="0,1" sc="141,-10,364,-10,422,30,63,-10" hai2="49,51,59,61,66,80,86,91,99,102,105,106,107" />
</Scene>
<Scene>
<INIT seed="4,1,1,2,0,30" ten="131,354,452,53" oya="0" hai0="43,88,13,78,8,74,90,82,23,22,16,123,121" hai1="83,17,41,96,120,57,35,58,119,79,135,54,115" hai2="32,85,100,50,38,125,14,93,63,4,129,21,24" hai3="56,26,53,72,39,110,92,55,3,98,114,62,89"/><T59/><D43/><U130/><E120/><V10/><F38/><W28/><G39/><T76/><D76/><U67/><E119/><V1/><F125/><W12/><G3/><T101/><D101/><U124/><E124/><V109/><F109/><W71/><G71/><T51/><D23/><U40/><E35/><V91/><F129/><W15/><G110/><T69/><D69/><U73/><E130/><V29/><F63/><W87/><G72/><T77/><D77/><U11/><E135/><V47/><F100/><W102/><G53/><T33/><D33/><U134/><E134/><V45/><F50/><W126/><G126/><T0/><D51/><U6/><E115/><V48/><F48/><W49/><G49/><T19/><D59/><U103/><E17/><AGARI ba="1,1" hai="1,4,10,14,17,21,24,29,32,45,47,85,91,93" machi="17" ten="40,5200,0" yaku="24,2,52,1" doraHai="30" who="2" fromWho="1" sc="131,0,354,-55,452,65,53,0" />
</Scene>
<Scene>
<INIT seed="5,0,0,5,4,53" ten="131,299,517,53" oya="1" hai0="9,45,48,103,52,89,26,32,8,10,91,73,6" hai1="22,90,4,76,66,18,28,70,122,59,68,35,99" hai2="104,101,85,75,77,1,87,74,37,107,47,21,50" hai3="11,7,17,57,24,79,82,94,69,67,38,29,27"/><U130/><E122/><V109/><F1/><W46/><G69/><T49/><D73/><U106/><E130/><V12/><F37/><W93/><G17/><T133/><D133/><U2/><E76/><V124/><F109/><W3/><G24/><T84/><D103/><U132/><E132/><V36/><F36/><W62/><G46/><T51/><D6/><U30/><E2/><V116/><F116/><W72/><REACH who="3" step="1"/><G38/><REACH who="3" ten="131,299,517,43" step="2"/><T20/><D32/><AGARI ba="0,1" hai="3,7,11,27,29,32,57,62,67,72,79,82,93,94" machi="32" ten="30,7700,0" yaku="1,1,2,1,7,1,52,1,53,0" doraHai="53" doraHaiUra="64" who="3" fromWho="0" sc="131,-77,299,0,517,0,43,87" />
</Scene>
<Scene>
<INIT seed="6,0,0,3,0,59" ten="54,299,517,130" oya="2" hai0="77,130,0,125,95,63,92,128,43,24,49,21,6" hai1="50,37,28,82,32,96,27,18,52,15,41,123,93" hai2="38,71,61,53,14,81,70,109,11,98,29,110,108" hai3="80,72,45,89,135,67,60,118,106,47,74,113,51"/><V56/><F38/><W122/><G106/><T58/><D125/><U117/><E123/><V33/><F81/><W17/><G122/><T73/><D77/><U133/><E133/><V119/><F119/><W9/><G118/><T83/><D83/><U19/><E117/><V121/><F121/><W120/><G120/><T131/><D73/><U2/><E2/><V16/><F98/><W26/><G135/><T54/><D6/><U107/><E107/><V39/><F39/><W100/><G100/><T103/><D0/><U10/><E82/><V69/><F29/><W30/><G113/><T88/><D103/><U112/><E112/><V57/><F56/><W5/><G17/><T20/><D92/><U134/><E134/><V91/><F91/><W44/><G74/><T99/><REACH who="0" step="1"/><D24/><REACH who="0" ten="44,299,517,130" step="2"/><U68/><E93/><V101/><F101/><W7/><G72/><T126/><D126/><U114/><E27/><V23/><F33/><W13/><G5/><T102/><D102/><U84/><E32/><V87/><F87/><W75/><G75/><T65/><D65/><U22/><E84/><V42/><F42/><N who="3" m="24983" /><G80/><T90/><D90/><U86/><E41/><V111/><F111/><W34/><G89/><T76/><D76/><U64/><E86/><V8/><AGARI ba="0,1" hai="8,11,14,16,23,53,57,61,69,70,71,108,109,110" machi="8" ten="40,12000,1" yaku="0,1,10,1,52,1,54,1" doraHai="59" who="2" fromWho="2" sc="44,-40,299,-40,517,130,130,-40" />
</Scene>
<Scene>
<INIT seed="6,1,0,1,4,118" ten="4,259,647,90" oya="2" hai0="98,26,124,106,45,133,11,93,58,6,70,34,27" hai1="80,33,14,125,129,113,85,16,39,89,17,105,127" hai2="111,36,9,128,107,4,61,38,97,7,117,121,132" hai3="115,52,56,41,130,32,53,37,64,31,73,15,22"/><V10/><F117/><W104/><G73/><T82/><D70/><U47/><E33/><V83/><F121/><W24/><G104/><T69/><D69/><U25/><E105/><V12/><F12/><W81/><G130/><T65/><D106/><U28/><E129/><V43/><F43/><W101/><G101/><T74/><D133/><U120/><E113/><V96/><F128/><W57/><G115/><T18/><D124/><N who="1" m="47691" /><E120/><V46/><F107/><W114/><G114/><T87/><D74/><U86/><E86/><V29/><F29/><W19/><G81/><T44/><D34/><N who="1" m="20751" /><E14/><V119/><F83/><W116/><G116/><T99/><D87/><U2/><E2/><V95/><F119/><W23/><G32/><T8/><D82/><U59/><E59/><V94/><F132/><W42/><G37/><T135/><D135/><U126/><E126/><V90/><F46/><W40/><G57/><T75/><D75/><U112/><E112/><V66/><F90/><W109/><G109/><T108/><D108/><U71/><E71/><V13/><F111/><W100/><G100/><T68/><D68/><U51/><E39/><V60/><F13/><W84/><G84/><T131/><D131/><U103/><E103/><V134/><F134/><W48/><G48/><T0/><D58/><U30/><E30/><V50/><F50/><W92/><G92/><T21/><D93/><U63/><E63/><AGARI ba="1,0" hai="15,19,22,23,24,31,40,41,42,52,53,56,63,64" machi="63" ten="40,2600,0" yaku="8,1,54,1" doraHai="118" who="3" fromWho="1" sc="4,0,259,-29,647,0,90,29" />
</Scene>
<Scene>
<INIT seed="7,0,0,4,1,37" ten="4,230,647,119" oya="3" hai0="52,99,113,68,41,131,115,128,48,18,111,87,109" hai1="8,78,27,17,110,57,1,25,16,49,100,43,11" hai2="30,0,21,83,64,93,91,134,63,33,98,129,114" hai3="123,120,15,54,94,51,107,119,75,45,9,82,112"/><W132/><G107/><T69/><D87/><U95/><E110/><N who="0" m="41993" /><D99/><N who="1" m="59519" /><E1/><V20/><F0/><W89/><G119/><T126/><D126/><U135/><E135/><V62/><F114/><N who="0" m="43530" /><D18/><N who="1" m="7275" /><E78/><V58/><F134/><W50/><G112/><T35/><D41/><U74/><E74/><V108/><F129/><N who="0" m="49738" /><D35/><U36/><E36/><V12/><F33/><W44/><G132/><T122/><D122/><U66/><E43/><V104/><F108/><W7/><G82/><T39/><D39/><U4/><E4/><V53/><F104/><W65/><G75/><T124/><D124/><U81/><E81/><V117/><F117/><W106/><G106/><T130/><N who="0" m="49746" /><T96/><DORA hai="26" /><D96/><U133/><E133/><V13/><F83/><W60/><G94/><T125/><D125/><U73/><E73/><V14/><F30/><W55/><REACH who="3" step="1"/><G89/><REACH who="3" ten="4,230,647,109" step="2"/><T19/><D19/><U22/><E8/><V23/><F91/><W102/><G102/><T101/><D101/><U116/><E11/><V77/><F93/><W121/><G121/><T29/><D29/><U118/><E118/><V34/><F77/><W67/><G67/><T90/><D90/><U105/><E66/><V97/><F64/><W31/><G31/><T24/><D24/><U5/><E116/><V72/><F72/><W86/><G86/><T40/><D40/><U42/><E42/><V70/><F98/><W56/><AGARI ba="0,1" hai="7,9,15,44,45,50,51,54,55,56,60,65,120,123" machi="56" ten="20,12000,1" yaku="1,1,0,1,7,1,9,1,53,1" doraHai="37,26" doraHaiUra="32,61" who="3" fromWho="3" sc="4,-40,230,-40,647,-40,109,130" owari="-36,-54.0,190,-21.0,607,71.0,239,4.0" />
</Scene>
</mjloggm>