<mjloggm ver="2.3"><GO type="169"/><UN n0="%E7%8B%AC%E6%AD%A9" n1="%E3%81%8F%E3%82%89%E3%81%8F%E3%82%89" n2="%E5%A4%AA%E3%81%8F%E3%81%AA%E3%81%84%E3%81%8A" n3="%74%6F%6D%6F%79%75" dan="17,16,17,16" rate="2196,2130,2138,2045" sx="M,M,M,M"/><TAIKYOKU oya="0"/>

<Scene>
<INIT seed="0,0,0,3,0,0" ten="250,250,250,250" oya="0" hai0="121,8,11,25,72,23,68,79,88,35,49,12,94" hai1="109,24,50,17,120,115,37,42,65,99,129,126,36" hai2="18,84,111,57,118,74,123,71,128,105,116,114,31" hai3="1,66,45,80,27,112,77,93,48,26,47,102,28"/><T127/><D68/><U101/><E120/><V134/><RYUUKYOKU type="yao9" ba="0,0" sc="250,0,250,0,250,0,250,0" hai2="18,31,57,71,74,84,105,111,114,116,118,123,128,134" />
</Scene>
<Scene>
<INIT seed="0,1,0,1,0,29" ten="250,250,250,250" oya="0" hai0="126,83,130,20,2,113,114,62,33,99,135,129,35" hai1="116,120,100,48,122,25,9,119,54,95,101,109,105" hai2="68,72,27,86,51,34,47,60,78,81,110,61,8" hai3="93,133,102,94,28,112,56,24,79,115,41,36,98"/><T88/><D2/><U91/><E9/><V97/><F110/><W103/><G133/><T30/><D135/><U7/><E109/><V134/><F134/><W0/><G0/><T45/><D126/><U19/><E7/><V70/><F8/><W43/><G79/><T13/><D62/><U125/><E105/><V15/><F15/><W22/><G56/><T106/><D45/><U50/><E25/><V85/><F97/><W131/><G131/><N who="0" m="50187" /><D13/><U32/><E19/><V38/><F38/><W16/><G36/><T77/><D20/><U58/><E125/><V46/><F61/><W104/><G28/><T17/><D17/><U124/><E124/><V118/><F118/><W76/><G76/><T31/><D31/><U39/><E39/><V74/><F74/><W71/><G71/><T42/><D30/><U3/><E3/><V52/><F46/><W63/><G63/><T37/><D42/><U6/><E6/><V55/><F27/><W127/><G127/><T12/><D12/><U69/><E69/><V128/><F128/><W5/><G5/><T44/><D44/><U107/><E119/><V108/><F108/><W11/><G11/><T84/><D37/><U10/><E116/><V121/><F70/><W26/><G22/><T57/><D57/><U1/><E1/><V92/><F68/><W40/><G16/><T53/><D53/><U87/><E10/><V75/><F55/><W132/><G132/><T111/><D111/><U18/><E54/><V123/><F60/><W73/><G40/><T23/><D23/><U117/><E58/><V80/><F47/><RYUUKYOKU ba="1,0" sc="250,0,250,0,250,0,250,0" />
</Scene>
<Scene>
<INIT seed="1,2,0,2,0,133" ten="250,250,250,250" oya="1" hai0="16,83,108,35,57,79,117,123,101,125,115,20,104" hai1="36,107,4,90,131,81,110,7,32,103,21,73,70" hai2="89,17,99,84,59,91,30,119,82,58,106,130,28" hai3="47,0,74,95,38,97,24,25,87,64,132,11,134"/><U109/><E36/><V31/><F119/><W78/><G64/><T39/><D35/><U56/><E70/><V121/><F121/><W45/><G74/><T1/><D1/><U120/><E32/><V62/><F130/><W100/><G24/><T67/><D39/><U92/><E120/><V13/><F106/><W63/><G63/><T124/><D117/><U65/><E131/><V77/><F99/><W60/><G60/><N who="0" m="38287" /><D123/><U26/><E56/><V50/><F50/><W75/><G75/><T129/><D129/><U37/><E65/><N who="2" m="39127" /><F59/><W61/><G25/><N who="0" m="14471" /><D115/><U113/><E37/><V54/><F54/><W34/><G61/><T9/><D9/><AGARI ba="2,0" hai="9,13,17,28,30,31,77,82,84,89,91" m="39127" machi="9" ten="30,1000,0" yaku="8,1" doraHai="133" who="2" fromWho="0" sc="250,-16,250,0,250,16,250,0" />
</Scene>
<Scene>
<INIT seed="2,0,0,1,5,28" ten="234,250,266,250" oya="2" hai0="36,134,25,110,9,81,37,83,19,54,0,101,105" hai1="73,15,12,113,59,90,78,70,80,95,123,96,125" hai2="109,17,130,55,64,79,22,18,121,66,106,40,41" hai3="7,58,16,11,72,115,119,84,118,124,52,104,62"/><V30/><F121/><W116/><G72/><T67/><D67/><N who="2" m="25642" /><F106/><W128/><G104/><T43/><D43/><N who="2" m="16458" /><F130/><W48/><G128/><T132/><D54/><U61/><E123/><V82/><F109/><W108/><G108/><T85/><D110/><U2/><E113/><V86/><F55/><W133/><G115/><T29/><D101/><U51/><E125/><V103/><F103/><W38/><G38/><T74/><D105/><U49/><E2/><V112/><F112/><W31/><G31/><T75/><D75/><U26/><E70/><V129/><F129/><W89/><G124/><T23/><D74/><U120/><E120/><V131/><F131/><W42/><G133/><N who="0" m="51307" /><D83/><U114/><E114/><V69/><F69/><W5/><G42/><T135/><D135/><U91/><E61/><V8/><F8/><W99/><G62/><T100/><D100/><U71/><E71/><V88/><F79/><W76/><G76/><N who="0" m="46247" /><D0/><U34/><E51/><V60/><F60/><W98/><G119/><T97/><D97/><N who="3" m="36873" /><G118/><T65/><D65/><U92/><E49/><V14/><F30/><W1/><G1/><T45/><D45/><U50/><E50/><V102/><F102/><W56/><G56/><T35/><D9/><U122/><E59/><V53/><F53/><W4/><G116/><T87/><D87/><N who="1" m="52351" /><E122/><V111/><F111/><W39/><G39/><T27/><AGARI ba="0,0" hai="19,23,25,27,29,35,36,37" m="46247,51307" machi="27" ten="30,2000,0" yaku="20,1,52,1" doraHai="28" who="0" fromWho="0" sc="234,20,250,-5,266,-10,250,-5" />
</Scene>
<Scene>
<INIT seed="3,0,0,0,4,83" ten="254,245,256,245" oya="3" hai0="16,62,125,33,104,111,0,97,112,9,41,95,84" hai1="40,102,22,82,35,19,10,134,124,61,119,107,96" hai2="109,115,56,43,110,106,132,86,36,94,1,71,63" hai3="68,50,69,46,34,27,120,76,89,48,65,12,64"/><W131/><G120/><T37/><D33/><U39/><E35/><V7/><F115/><W55/><G76/><T129/><D112/><U53/><E134/><V70/><F106/><W17/><G131/><T121/><D121/><U18/><E124/><V118/><F118/><W3/><G3/><T11/><D129/><U72/><E119/><V4/><F132/><W31/><G50/><T21/><D125/><U123/><E10/><V59/><F36/><W90/><G68/><T38/><D104/><U26/><E39/><V6/><F1/><W66/><REACH who="3" step="1"/><G69/><REACH who="3" ten="254,245,256,235" step="2"/><T57/><D0/><U28/><E123/><V78/><F71/><W32/><G32/><T87/><D38/><U101/><E40/><V85/><F43/><W8/><AGARI ba="0,1" hai="8,12,17,27,31,34,46,48,55,64,65,66,89,90" machi="8" ten="30,6000,0" yaku="1,1,0,1,53,1" doraHai="83" doraHaiUra="45" who="3" fromWho="3" sc="254,-20,245,-20,256,-20,235,70" />
</Scene>
<Scene>
<INIT seed="3,1,0,0,0,66" ten="234,225,236,305" oya="3" hai0="92,13,33,80,86,27,63,21,16,15,18,42,127" hai1="90,61,104,28,31,89,29,51,94,105,50,65,30" hai2="45,129,5,2,79,41,4,53,128,134,75,109,67" hai3="69,35,7,119,123,124,12,96,120,40,43,39,10"/><W73/><G119/><T84/><D127/><U0/><E0/><V72/><F109/><W100/><G73/><T114/><D114/><U24/><E90/><V26/><F134/><W111/><G124/><T20/><D42/><U8/><E8/><V55/><F67/><W48/><G39/><T87/><D92/><U101/><E101/><V121/><F121/><W107/><G111/><T59/><D33/><U81/><E81/><V88/><F26/><W116/><G116/><T135/><D135/><U23/><E105/><V47/><F79/><W19/><G35/><T46/><D46/><U74/><E74/><V131/><F88/><W125/><G125/><T76/><D27/><U122/><E104/><V56/><F129/><W14/><G69/><T1/><D1/><U78/><E78/><V71/><F56/><W3/><G3/><T64/><AGARI ba="1,0" hai="13,15,16,18,20,21,59,63,64,76,80,84,86,87" machi="64" ten="20,8000,1" yaku="0,1,7,1,9,1,8,1,54,1" doraHai="66" who="0" fromWho="0" sc="234,83,225,-21,236,-21,305,-41" />
</Scene>
<Scene>
<INIT seed="4,0,0,0,0,128" ten="317,204,215,264" oya="0" hai0="102,47,62,30,35,8,122,96,68,50,84,99,66" hai1="121,52,57,118,31,100,72,46,133,9,78,26,73" hai2="37,32,92,101,15,80,41,114,5,28,106,88,76" hai3="23,13,43,39,3,79,27,40,6,63,125,11,120"/><T94/><D122/><U42/><E118/><V108/><F108/><W97/><G120/><T60/><D60/><U113/><E113/><V36/><F114/><W77/><G125/><T110/><D110/><U49/><E121/><V69/><F69/><W56/><G97/><T135/><D8/><U48/><E100/><V116/><F116/><W2/><G2/><T93/><D84/><U24/><E9/><V59/><F32/><W54/><G3/><T132/><D30/><U38/><E73/><V119/><F28/><N who="3" m="17535" /><G39/><T90/><REACH who="0" step="1"/><D35/><REACH who="0" ten="307,204,215,264" step="2"/><U130/><E130/><V1/><F119/><W123/><G123/><T117/><D117/><U14/><E31/><V71/><F1/><W82/><G63/><T10/><D10/><U127/><E127/><V65/><F5/><W12/><G11/><T107/><D107/><U91/><E14/><V81/><F106/><W67/><G13/><T103/><D103/><U21/><E21/><V104/><F101/><W95/><G12/><T134/><D134/><U98/><E24/><V86/><F104/><W112/><G6/><T129/><D129/><U131/><E26/><V109/><F15/><W25/><G25/><T74/><D74/><U18/><E131/><V22/><F109/><W17/><G112/><T4/><D4/><U85/><E85/><V53/><F86/><W44/><G17/><T75/><D75/><U20/><E18/><V0/><F0/><W58/><G67/><T51/><D51/><U105/><E49/><V115/><F65/><W64/><G64/><T16/><D16/><U45/><E105/><V7/><F115/><RYUUKYOKU ba="0,1" sc="307,30,204,-10,215,-10,264,-10" hai0="47,50,62,66,68,90,93,94,96,99,102,132,135" />
</Scene>
<Scene>
<INIT seed="4,1,1,0,4,130" ten="337,194,205,254" oya="0" hai0="52,123,84,134,100,99,38,9,119,97,114,118,127" hai1="48,101,21,70,66,108,61,53,93,117,95,15,7" hai2="17,62,54,74,102,105,50,25,43,88,27,49,72" hai3="55,69,30,14,12,22,3,44,90,122,8,125,132"/><T33/><D33/><U2/><E117/><V85/><F62/><W5/><G69/><T94/><D123/><U73/><E73/><V78/><F78/><W20/><G122/><T36/><D127/><U81/><E108/><V6/><F6/><W0/><G90/><T64/><D64/><U65/><E65/><V92/><F43/><W111/><G111/><T46/><D114/><U87/><E101/><V16/><F74/><W40/><G55/><T135/><D9/><U76/><E2/><V104/><F72/><W59/><G59/><T82/><D97/><U89/><E76/><V116/><F116/><N who="0" m="44586" /><D52/><U110/><E110/><V109/><F109/><W71/><G0/><T35/><D35/><U91/><E91/><V133/><F102/><W23/><G125/><T13/><D13/><U77/><E77/><V124/><F54/><W31/><G71/><T121/><D46/><U75/><E7/><V63/><F124/><W79/><G44/><T39/><D121/><U32/><E32/><V126/><F126/><W68/><G68/><T60/><D60/><U58/><E75/><V47/><F47/><W98/><G98/><T41/><D41/><U11/><E21/><V18/><F63/><W120/><G40/><T37/><N who="0" m="9216" /><DORA hai="29" /><T10/><D10/><U128/><E128/><V106/><F27/><W112/><G112/><T96/><D96/><U67/><E67/><V131/><F25/><W129/><G129/><T51/><D51/><N who="2" m="19466" /><F131/><W115/><G115/><T4/><D4/><U28/><E28/><N who="3" m="10794" /><G120/><T103/><D103/><U107/><E107/><V83/><F105/><RYUUKYOKU ba="1,1" sc="337,15,194,15,205,-15,254,-15" hai0="82,84,94,99,100,134,135" hai1="11,15,48,53,58,61,66,70,81,87,89,93,95" />
</Scene>
<Scene>
<INIT seed="4,2,1,4,1,113" ten="352,209,190,239" oya="0" hai0="16,104,85,102,89,30,79,109,81,18,5,21,7" hai1="29,35,41,128,54,37,73,77,46,130,10,56,32" hai2="76,27,42,110,135,19,63,123,57,17,51,48,121" hai3="28,108,92,106,65,111,59,80,133,8,116,99,132"/><T91/><D109/><U14/><E29/><V122/><F110/><W131/><G106/><T87/><D102/><U100/><E100/><V45/><F135/><N who="3" m="51787" /><G28/><T68/><D68/><U0/><E14/><V69/><F76/><W20/><G20/><T98/><D98/><U34/><E54/><V67/><F27/><W119/><G80/><T62/><D62/><U53/><E56/><V11/><F11/><W93/><G131/><T72/><D104/><U75/><E53/><N who="2" m="31935" /><F19/><N who="0" m="7210" /><D72/><N who="1" m="27723" /><E77/><V60/><F17/><W103/><G92/><N who="0" m="54319" /><D79/><U134/><E134/><V107/><F107/><W43/><G8/><T112/><D112/><U127/><E127/><V52/><F63/><N who="3" m="38143" /><G43/><AGARI ba="2,1" hai="42,43,45,48,52,60,67,69,121,122,123" m="31935" machi="43" ten="30,3900,0" yaku="34,2,54,1" doraHai="113" who="2" fromWho="3" sc="352,0,209,0,190,55,239,-45" />
</Scene>
<Scene>
<INIT seed="5,0,0,0,3,115" ten="352,209,245,194" oya="1" hai0="116,75,39,33,97,77,54,72,81,130,132,52,58" hai1="120,6,14,123,96,31,93,24,49,74,89,104,83" hai2="46,56,61,41,108,7,133,84,27,11,36,47,98" hai3="85,28,95,124,55,117,32,9,63,59,80,125,90"/><U109/><E109/><V62/><F108/><W42/><G42/><T43/><D33/><U70/><E70/><V99/><F133/><W112/><G112/><T35/><D35/><U16/><E6/><V113/><F113/><W78/><G32/><T50/><D132/><U13/><E31/><V37/><F27/><W21/><G28/><T87/><D116/><U30/><E49/><V1/><F84/><W26/><G9/><T8/><D130/><U94/><E30/><V86/><F86/><W126/><G21/><T17/><D97/><U53/><E53/><V100/><F56/><W10/><G10/><T2/><D43/><U15/><E104/><V128/><F128/><W29/><G26/><T119/><D39/><U127/><E127/><V45/><F98/><N who="3" m="57719" /><G29/><T92/><D119/><AGARI ba="0,0" hai="55,59,63,78,80,85,117,119,124,125,126" m="57719" machi="119" ten="40,5200,0" yaku="18,1,52,2" doraHai="115" who="3" fromWho="0" sc="352,-52,209,0,245,0,194,52" />
</Scene>
<Scene>
<INIT seed="6,0,0,2,0,51" ten="300,209,245,246" oya="2" hai0="63,60,119,44,128,58,40,41,97,110,88,8,84" hai1="20,35,68,105,112,71,31,92,126,131,69,66,64" hai2="123,56,30,120,7,70,130,122,24,72,9,73,55" hai3="61,62,100,76,32,39,82,114,3,118,91,47,33"/><V94/><F70/><W80/><G118/><T19/><D119/><U125/><E105/><V111/><F130/><W127/><G3/><T124/><D110/><U0/><E0/><V21/><F94/><W17/><G127/><T59/><D97/><U134/><E35/><V133/><F133/><W36/><G100/><T86/><D44/><U129/><E92/><V52/><F111/><W25/><G114/><T116/><D116/><U13/><E31/><V106/><F106/><W81/><G91/><T107/><D107/><U87/><E87/><V18/><F30/><W45/><G17/><T37/><D37/><N who="3" m="14409" /><G25/><T38/><D38/><U93/><E93/><V101/><F101/><W74/><G76/><T42/><D124/><N who="1" m="47723" /><E112/><V98/><F98/><W117/><G117/><T102/><D102/><U28/><E28/><V75/><REACH who="2" step="1"/><F56/><REACH who="2" ten="300,209,235,246" step="2"/><W27/><G74/><T5/><D59/><U115/><E115/><V95/><F95/><W85/><G33/><T12/><D58/><U103/><E103/><V16/><F16/><W34/><G32/><T57/><D128/><N who="1" m="49227" /><E134/><V10/><F10/><W53/><G34/><T14/><D84/><U104/><E104/><V65/><F65/><W46/><G85/><T108/><D108/><U50/><E66/><V23/><F23/><W109/><G109/><T15/><D19/><N who="1" m="10351" /><E64/><V2/><AGARI ba="0,1" hai="2,7,9,18,21,24,52,55,72,73,75,120,122,123" machi="2" ten="40,12000,1" yaku="1,1,0,1,52,2,54,1,53,0" doraHai="51" doraHaiUra="89" who="2" fromWho="2" sc="300,-40,209,-40,235,130,246,-40" />
</Scene>
<Scene>
<INIT seed="6,1,0,1,2,79" ten="260,169,365,206" oya="2" hai0="110,108,10,125,27,103,104,94,42,119,17,84,19" hai1="26,16,66,14,67,22,34,99,39,11,102,8,45" hai2="123,21,15,50,59,118,113,30,57,24,71,78,44" hai3="127,64,83,120,75,114,72,52,93,80,91,41,106"/><V121/><F118/><W32/><G120/><T0/><D119/><U111/><E111/><V18/><F71/><W117/><G32/><T46/><D125/><U48/><E39/><V65/><F113/><W88/><G117/><T109/><D104/><U134/><E11/><V49/><F78/><W82/><G64/><T33/><D33/><U86/><E134/><V112/><F112/><W36/><G114/><T55/><D55/><U132/><E132/><V12/><F12/><W1/><G1/><T51/><D27/><U129/><E129/><V77/><F77/><W130/><G106/><T69/><D69/><U37/><E37/><V9/><F50/><W128/><G52/><T56/><D56/><U28/><E34/><V70/><F70/><W62/><G62/><T95/><D103/><U122/><E122/><V97/><F57/><W13/><G13/><T4/><D95/><N who="1" m="58751" /><E86/><V131/><F131/><N who="3" m="50219" /><G127/><T43/><D43/><AGARI ba="1,0" hai="8,14,16,22,26,28,43,45,48,66,67" m="58751" machi="43" ten="30,2000,0" yaku="8,1,54,1" doraHai="79" who="1" fromWho="0" sc="260,-23,169,23,365,0,206,0" />
</Scene>
<Scene>
<INIT seed="7,0,0,4,5,17" ten="237,192,365,206" oya="3" hai0="89,108,71,26,50,92,121,44,27,95,101,77,83" hai1="56,5,96,135,14,42,1,0,128,3,130,113,85" hai2="25,22,120,21,70,35,20,98,15,59,87,109,104" hai3="118,34,78,115,19,124,66,88,6,84,103,119,38"/><W82/><G34/><T129/><D71/><U81/><E42/><V54/><F109/><W46/><G124/><T64/><D64/><U123/><E123/><V9/><F70/><W76/><G115/><T126/><D121/><U33/><E33/><V8/><F120/><W58/><G103/><T36/><D36/><U53/><E113/><V100/><F87/><W7/><G119/><T69/><D69/><U102/><E135/><V52/><F59/><W132/><G132/><T28/><D108/><U99/><E102/><V10/><F15/><W79/><G118/><T127/><D101/><U65/><E65/><V40/><F40/><W122/><G122/><T61/><D61/><N who="1" m="35983" /><E14/><V107/><F107/><W91/><G91/><T106/><D106/><U47/><E47/><V75/><F75/><W133/><G133/><T134/><D134/><U73/><E5/><N who="3" m="1546" /><G46/><T31/><D126/><U4/><E4/><V11/><N who="2" m="2048" /><DORA hai="62" /><V125/><F125/><W24/><G38/><T68/><D68/><U2/><N who="1" m="0" /><DORA hai="49" /><U57/><E73/><V45/><F45/><W43/><G43/><T60/><D44/><U23/><E23/><V90/><F90/><W97/><G66/><T94/><D89/><N who="1" m="51375" /><E57/><V80/><F80/><W74/><G58/><T86/><D127/><U41/><E41/><V114/><F114/><W93/><G74/><T63/><D83/><U131/><AGARI ba="0,0" hai="96,99,128,130,131" m="51375,0,35983" machi="131" ten="70,4700,0" yaku="19,1,52,1" doraHai="17,62,49" who="1" fromWho="1" sc="237,-12,192,47,365,-12,206,-23" owari="225,-17.0,239,4.0,353,45.0,183,-32.0" />
</Scene>
</mjloggm>