<mjloggm ver="2.3"><GO type="97"/><UN n0="%E3%81%BF%E3%81%A8%E3%81%BE" n1="%41%44%4E%4F%48" n2="%E5%A4%AA%E3%81%8F%E3%81%AA%E3%81%84%E3%81%8A" n3="%E9%AB%98%E5%B3%B6%E3%82%8C%E3%82%93" dan="14,14,15,13" rate="1995,1892,2061,1843" sx="M,M,M,M"/><TAIKYOKU oya="0"/>

<Scene>
<INIT seed="0,0,0,5,5,102" ten="250,250,250,250" oya="0" hai0="15,63,25,101,12,40,105,104,78,38,13,107,30" hai1="50,23,86,5,31,85,110,62,54,115,51,108,77" hai2="79,2,34,76,106,114,4,22,58,103,91,71,24" hai3="100,7,125,29,81,92,36,10,17,95,52,116,3"/><T72/><D101/><U53/><E115/><V98/><F114/><W66/><G36/><T126/><D126/><U55/><E5/><V45/><F71/><W83/><G125/><T39/><D40/><U133/><E62/><V132/><F34/><W112/><G29/><T21/><REACH who="0" step="1"/><D63/><REACH who="0" ten="240,250,250,250" step="2"/><U119/><E119/><V1/><F103/><W96/><G112/><T75/><D75/><U80/><E133/><V14/><F132/><W47/><G116/><T27/><D27/><U57/><E110/><V129/><F24/><W121/><G121/><T99/><D99/><U128/><E108/><V64/><F98/><W67/><G100/><T120/><D120/><U8/><E128/><V124/><F129/><W68/><G96/><T84/><D84/><U74/><E86/><V37/><F124/><W6/><G3/><T61/><D61/><U33/><E74/><V18/><F2/><W60/><G60/><T19/><D19/><U16/><E51/><V49/><F49/><W46/><G68/><T0/><D0/><U127/><E127/><V135/><F18/><W28/><G17/><T134/><D134/><U41/><E41/><V56/><F1/><W65/><G65/><T9/><D9/><U117/><E8/><V70/><F64/><W35/><G10/><T82/><AGARI ba="0,1" hai="12,13,15,21,25,30,38,39,72,78,82,104,105,107" machi="82" ten="40,12000,1" yaku="1,1,0,1,52,3,53,0" doraHai="102" doraHaiUra="109" who="0" fromWho="0" sc="240,130,250,-40,250,-40,250,-40" />
</Scene>
<Scene>
<INIT seed="0,1,0,4,5,100" ten="370,210,210,210" oya="0" hai0="93,76,14,11,47,51,91,132,101,86,38,118,79" hai1="61,27,107,73,127,125,115,36,10,7,16,124,30" hai2="19,59,9,108,69,88,48,29,121,50,3,72,130" hai3="37,75,97,74,13,5,90,104,103,105,112,55,63"/><T96/><D38/><U68/><E73/><V120/><F69/><W0/><G37/><T25/><D132/><U23/><E36/><V133/><F72/><W94/><G0/><T43/><D25/><U46/><E46/><V109/><F133/><W52/><G112/><T85/><D118/><U1/><E115/><V4/><F29/><W35/><G35/><T71/><D71/><U117/><E117/><V62/><F130/><W102/><G5/><T31/><D31/><U67/><E30/><V15/><F50/><W49/><G13/><T28/><D28/><U20/><E20/><N who="2" m="11391" /><F48/><W33/><G33/><T122/><D122/><U24/><E24/><V84/><F59/><W80/><G63/><T54/><D43/><U111/><E111/><N who="2" m="42571" /><F62/><W18/><G49/><T21/><D21/><U131/><E131/><V83/><AGARI ba="1,0" hai="3,4,9,83,84,88,120,121" m="42571,11391" machi="83" ten="30,2000,0" yaku="14,1,54,1" doraHai="100" who="2" fromWho="2" sc="370,-11,210,-6,210,23,210,-6" />
</Scene>
<Scene>
<INIT seed="1,0,0,0,3,51" ten="359,204,233,204" oya="1" hai0="25,97,114,108,55,18,57,54,35,113,107,74,36" hai1="50,120,84,95,125,70,26,90,116,47,131,43,88" hai2="32,132,122,12,92,81,93,128,61,23,101,30,94" hai3="42,9,82,129,68,16,77,60,78,109,64,44,27"/><U69/><E120/><V100/><F122/><W115/><G109/><T56/><D36/><U103/><E116/><V52/><F32/><W40/><G40/><T0/><D108/><U83/><E103/><N who="2" m="39499" /><F132/><W73/><G129/><T89/><D107/><U39/><E131/><V45/><F128/><W49/><G115/><T76/><D0/><U21/><E125/><V133/><F133/><W66/><G9/><T63/><D74/><U123/><E39/><V111/><F111/><W86/><G77/><T13/><D76/><U31/><REACH who="1" step="1"/><E123/><REACH who="1" ten="359,194,233,204" step="2"/><V121/><F121/><W79/><G79/><T130/><D130/><U8/><E8/><V2/><F2/><W127/><G127/><T118/><D118/><U11/><E11/><V33/><F33/><W7/><G7/><T110/><D110/><U119/><E119/><V20/><F20/><W135/><G135/><T62/><D35/><U53/><E53/><V48/><F52/><W5/><G5/><T17/><D114/><U96/><AGARI ba="0,1" hai="21,26,31,43,47,50,69,70,83,84,88,90,95,96" machi="96" ten="20,7800,0" yaku="1,1,0,1,7,1,54,1,53,0" doraHai="51" doraHaiUra="15" who="1" fromWho="1" sc="359,-26,194,88,233,-26,204,-26" />
</Scene>
<Scene>
<INIT seed="1,1,0,2,4,53" ten="333,282,207,178" oya="1" hai0="46,135,112,69,57,42,62,16,129,32,94,58,8" hai1="23,108,59,106,50,37,120,104,13,65,100,55,21" hai2="10,76,4,122,9,133,102,47,105,36,90,31,97" hai3="134,119,20,117,130,98,118,99,124,77,126,131,92"/><U6/><E120/><V78/><F122/><W38/><G38/><T5/><D112/><U109/><E37/><V52/><F133/><W127/><G77/><T74/><D135/><U88/><E65/><V29/><F90/><N who="3" m="55575" /><G20/><T79/><D32/><U113/><E113/><V49/><F36/><W3/><G3/><T110/><D110/><N who="1" m="42603" /><E23/><V73/><F10/><W0/><G0/><N who="0" m="39" /><D16/><N who="1" m="10383" /><E6/><V80/><REACH who="2" step="1"/><F78/><REACH who="2" ten="333,282,197,178" step="2"/><W114/><G134/><T18/><D79/><U84/><E100/><V39/><F39/><W44/><G114/><T81/><D129/><N who="3" m="49161" /><G44/><T116/><D46/><U33/><E33/><V17/><F17/><W40/><G40/><T14/><D18/><U28/><E28/><V107/><F107/><W93/><G93/><AGARI ba="1,1" hai="50,55,59,84,88,93,104,106" m="10383,42603" machi="93" ten="30,18000,2" yaku="25,1,14,1,10,1,52,1,54,2" doraHai="53" who="1" fromWho="3" sc="333,0,282,193,197,0,178,-183" owari="333,13.0,475,58.0,197,-20.0,-5,-51.0" />
</Scene>
</mjloggm>