<mjloggm ver="2.3"><GO type="169" lobby="0"/><UN n0="%E3%81%B4%E3%81%AE" n1="%E5%A4%AA%E3%81%8F%E3%81%AA%E3%81%84%E3%81%8A" n2="%74%6A%2D%6D%69%63%72%6F" n3="%E5%BC%B1%E8%99%AB" dan="16,18,16,16" rate="2125.86,2228.40,2102.15,2107.46" sx="M,F,M,M"/><TAIKYOKU oya="0"/>

<Scene>
<INIT seed="0,0,0,5,1,103" ten="250,250,250,250" oya="0" hai0="130,24,120,40,58,113,88,20,69,117,49,115,36" hai1="121,37,2,16,70,128,80,127,38,47,14,29,8" hai2="134,60,32,111,83,35,94,53,90,68,42,62,86" hai3="9,100,57,82,61,109,5,18,28,23,116,96,15"/><T99/><D69/><U13/><E121/><V52/><F111/><W107/><G109/><T33/><D36/><U79/><E70/><V67/><F134/><W55/><G116/><T84/><D33/><U66/><E2/><V30/><F42/><W72/><G28/><T98/><D120/><U81/><E127/><V131/><F131/><W101/><G101/><T17/><D117/><U50/><E128/><V125/><F125/><W56/><G56/><T76/><D130/><U27/><E66/><V105/><F62/><W1/><REACH who="3" step="1"/><G82/><REACH who="3" ten="250,250,250,240" step="2"/><N who="0" m="47175" /><D58/><U122/><E122/><V118/><F118/><W22/><G22/><T92/><D115/><U102/><E102/><V10/><F35/><W12/><G12/><T112/><D113/><U45/><E14/><V85/><F10/><W65/><G65/><T132/><D112/><U51/><E80/><V59/><F68/><W110/><G110/><T133/><D132/><U71/><E71/><V91/><F30/><W129/><G129/><T19/><D133/><U89/><E81/><V75/><F32/><W6/><G6/><T93/><D17/><U26/><E29/><V126/><F126/><W124/><G124/><T0/><D0/><U77/><E13/><V34/><F34/><W74/><AGARI ba="0,1" hai="1,5,9,15,18,23,55,57,61,72,74,96,100,107" machi="74" ten="30,4000,0" yaku="1,1,0,1,52,1,53,0" doraHai="103" doraHaiUra="64" who="3" fromWho="3" sc="250,-20,250,-10,250,-10,240,50" />
</Scene>
<Scene>
<INIT seed="1,0,0,1,2,72" ten="230,240,240,290" oya="1" hai0="63,67,76,20,84,55,91,109,122,87,118,78,16" hai1="90,101,108,114,5,81,33,73,129,41,103,42,29" hai2="106,83,97,59,0,38,31,115,121,35,51,66,23" hai3="2,131,110,39,21,46,4,3,62,11,85,74,25"/><U47/><E114/><V13/><F0/><W18/><G74/><T126/><D118/><U100/><E129/><V99/><F38/><W88/><G131/><T7/><D109/><U57/><E5/><V53/><F115/><W98/><G110/><T82/><D126/><U79/><E108/><V22/><F121/><W120/><G120/><T32/><D122/><U24/><E47/><V96/><F106/><W56/><G98/><T34/><D7/><U117/><E117/><V135/><F135/><W44/><G2/><T133/><D55/><U60/><REACH who="1" step="1"/><E90/><REACH who="1" ten="230,230,240,290" step="2"/><V26/><F13/><W50/><G39/><T125/><D125/><U127/><E127/><V111/><F111/><W128/><G128/><T58/><D133/><U113/><E113/><V70/><F26/><W37/><G37/><T30/><D30/><U49/><E49/><V28/><F51/><W80/><REACH who="3" step="1"/><G50/><REACH who="3" ten="230,230,240,280" step="2"/><T68/><D63/><U17/><E17/><V107/><F28/><W71/><G71/><T36/><D16/><U119/><E119/><V130/><F31/><W48/><G48/><T92/><D68/><U1/><E1/><V112/><F130/><W64/><AGARI ba="0,2" hai="3,4,11,18,21,25,44,46,56,62,64,80,85,88" machi="64" ten="20,12000,2" yaku="1,1,0,1,7,1,54,1,53,2" doraHai="72" doraHaiUra="40" who="3" fromWho="3" sc="230,-30,230,-60,240,-30,280,140" />
</Scene>
<Scene>
<INIT seed="2,0,0,3,1,106" ten="200,170,210,420" oya="2" hai0="98,24,134,64,108,62,5,133,60,126,3,45,125" hai1="95,36,77,49,14,122,42,123,129,33,97,84,43" hai2="99,74,81,72,26,53,38,66,65,20,56,46,19" hai3="13,91,78,23,111,114,10,12,18,105,50,135,32"/><V92/><F81/><W15/><G105/><T69/><D24/><U86/><E33/><V25/><F25/><W68/><G68/><T88/><D3/><U61/><E36/><V85/><F85/><N who="1" m="32873" /><E77/><V57/><F57/><W121/><G121/><N who="1" m="46090" /><E129/><V113/><F113/><W73/><G32/><T102/><D5/><U124/><E124/><N who="0" m="47721" /><D108/><U63/><E14/><V115/><F115/><W7/><G114/><T4/><D4/><U79/><E79/><V67/><F46/><W90/><G111/><T76/><D76/><U29/><E29/><V17/><F17/><W48/><G78/><T16/><D16/><U130/><E130/><V0/><F38/><W89/><G15/><T34/><D34/><U54/><E43/><V118/><F0/><W27/><G13/><T70/><D45/><N who="1" m="27951" /><E42/><V101/><REACH who="2" step="1"/><F118/><REACH who="2" ten="200,170,200,420" step="2"/><W83/><G83/><T131/><D131/><U119/><E119/><V1/><F1/><W87/><G27/><T71/><D71/><U44/><E44/><V21/><F21/><W82/><G23/><T94/><D70/><U47/><E47/><V103/><F103/><AGARI ba="0,1" hai="61,63,95,97,103" m="27951,46090,32873" machi="103" ten="30,1000,0" yaku="13,1" doraHai="106" who="1" fromWho="2" sc="200,0,170,20,200,-10,420,0" />
</Scene>
<Scene>
<INIT seed="3,0,0,3,5,124" ten="200,190,190,420" oya="3" hai0="4,86,128,111,116,100,92,91,60,84,126,117,55" hai1="51,27,125,21,16,101,115,34,14,17,19,26,77" hai2="22,109,47,94,20,59,102,41,106,67,123,23,69" hai3="31,96,38,76,43,135,46,87,127,80,79,105,8"/><W98/><G127/><T120/><D120/><U93/><E125/><V53/><F123/><W7/><G135/><T29/><D126/><U6/><E115/><V108/><F106/><W97/><G31/><T71/><D100/><U15/><E77/><V99/><F67/><W5/><G105/><T112/><D112/><U11/><E51/><V45/><F69/><W118/><G118/><T28/><D4/><U10/><E93/><V25/><F41/><W81/><REACH who="3" step="1"/><G8/><REACH who="3" ten="200,190,190,410" step="2"/><T61/><D28/><N who="1" m="19743" /><E101/><V40/><F108/><W75/><AGARI ba="0,1" hai="5,7,38,43,46,75,76,79,80,81,87,96,97,98" machi="75" ten="30,3000,0" yaku="1,1,0,1,53,0" doraHai="124" doraHaiUra="113" who="3" fromWho="3" sc="200,-10,190,-10,190,-10,410,40" />
</Scene>
<Scene>
<INIT seed="3,1,0,3,1,130" ten="190,180,180,450" oya="3" hai0="121,64,32,126,1,42,122,113,93,97,40,98,6" hai1="76,55,26,58,12,77,119,28,82,133,51,115,49" hai2="74,67,0,13,79,106,41,60,123,96,61,89,48" hai3="135,73,35,132,124,52,47,120,44,109,43,69,111"/><W45/><G73/><T15/><D32/><U102/><E115/><V53/><F0/><W31/><G120/><T34/><D34/><U99/><E119/><V95/><F106/><W87/><G69/><T24/><D113/><U5/><E51/><V107/><F107/><W20/><G35/><T38/><D38/><U110/><E110/><N who="3" m="41994" /><G124/><T71/><D126/><U92/><E82/><V37/><F79/><W33/><G33/><T16/><D24/><U65/><E65/><V85/><F74/><W27/><G87/><T127/><D127/><U90/><E102/><V50/><F85/><W78/><G78/><T63/><D71/><U88/><E90/><V128/><F128/><W57/><G43/><T75/><D42/><U19/><E5/><V104/><F41/><W72/><G72/><T2/><D40/><U112/><E112/><V131/><F131/><W18/><G31/><T29/><D75/><U8/><REACH who="1" step="1"/><E133/><REACH who="1" ten="190,170,180,450" step="2"/><N who="3" m="51274" /><G44/><T11/><D122/><U103/><E103/><V66/><F123/><W108/><G108/><T4/><D121/><U129/><E129/><V56/><F37/><W68/><G68/><T30/><D30/><U101/><E101/><V114/><F114/><W7/><G7/><T46/><D29/><U22/><AGARI ba="1,1" hai="8,12,19,22,26,28,49,55,58,76,77,88,92,99" machi="22" ten="20,12000,2" yaku="1,1,0,1,7,1,8,1,54,1,53,1" doraHai="130" doraHaiUra="94" who="1" fromWho="1" sc="190,-31,170,133,180,-31,450,-61" />
</Scene>
<Scene>
<INIT seed="4,0,0,0,0,51" ten="159,303,149,389" oya="0" hai0="43,131,87,2,72,74,134,109,97,80,133,100,44" hai1="50,30,11,14,121,45,36,35,42,135,53,10,27" hai2="19,83,47,48,63,58,55,92,5,126,60,82,110" hai3="90,108,62,78,16,103,15,71,31,26,22,46,105"/><T86/><D2/><U40/><E121/><V73/><F110/><W112/><G108/><T98/><D109/><U18/><E135/><N who="0" m="51721" /><D131/><U32/><E32/><V41/><F126/><W130/><G78/><N who="0" m="46359" /><D87/><U122/><E122/><V127/><F127/><W118/><G118/><T64/><D64/><U75/><E75/><N who="0" m="28713" /><D100/><U88/><E36/><AGARI ba="0,0" hai="36,43,44,97,98" m="28713,46359,51721" machi="36" ten="30,1500,0" yaku="20,1" doraHai="51" who="0" fromWho="1" sc="159,15,303,-15,149,0,389,0" />
</Scene>
<Scene>
<INIT seed="4,1,0,2,2,89" ten="174,288,149,389" oya="0" hai0="22,59,130,93,1,44,19,3,32,27,4,73,26" hai1="65,113,74,34,30,12,17,31,68,9,51,2,61" hai2="41,96,120,98,91,126,92,76,11,28,39,54,62" hai3="102,24,135,134,29,15,128,129,79,53,36,127,118"/><T40/><D73/><U94/><E74/><V55/><F120/><W25/><G118/><T67/><D130/><N who="3" m="50281" /><G36/><T88/><D4/><U46/><E113/><V119/><F119/><W52/><G79/><T100/><D100/><U108/><E108/><V35/><F76/><W33/><G25/><T60/><D32/><U107/><E107/><V111/><F111/><W21/><G102/><T125/><D125/><U56/><E34/><V20/><F35/><W106/><G106/><T116/><D116/><U99/><E68/><V84/><F126/><W75/><G75/><T42/><D27/><U121/><E2/><V122/><F122/><W5/><G127/><T58/><D58/><U14/><E14/><V124/><F39/><W85/><G85/><T13/><D13/><U23/><E9/><V50/><F11/><N who="3" m="4591" /><G21/><T133/><D133/><AGARI ba="1,0" hai="24,29,33,52,53,133,134,135" m="4591,50281" machi="133" ten="30,3900,0" yaku="20,1,19,1,54,1" doraHai="89" who="3" fromWho="0" sc="174,-42,288,0,149,0,389,42" />
</Scene>
<Scene>
<INIT seed="5,0,0,5,0,64" ten="132,288,149,431" oya="1" hai0="42,13,91,108,72,56,46,87,76,80,114,3,82" hai1="96,74,97,50,24,123,132,118,55,101,47,65,133" hai2="61,32,98,5,53,119,106,116,31,28,111,0,29" hai3="102,62,54,12,81,30,68,45,17,34,103,19,63"/><U7/><E123/><V73/><F73/><W90/><G34/><T126/><D114/><U129/><E118/><V20/><F111/><W35/><G35/><T18/><D126/><U84/><E74/><V2/><F32/><W95/><G30/><T120/><D120/><U130/><E7/><V48/><F61/><W77/><G68/><T44/><D3/><U135/><E24/><V15/><F98/><N who="1" m="37993" /><E101/><V127/><F106/><W113/><G113/><T43/><D108/><U52/><E65/><V121/><F121/><W66/><G66/><T115/><D115/><U37/><E37/><V51/><F127/><W25/><G25/><T104/><D56/><U89/><E55/><V75/><F75/><W16/><G54/><T69/><D104/><U39/><E39/><V4/><F53/><W58/><G103/><T10/><REACH who="0" step="1"/><D69/><REACH who="0" ten="122,288,149,431" step="2"/><U112/><E112/><V105/><F105/><W26/><G58/><T33/><D33/><U70/><E70/><V1/><F116/><W8/><G26/><T131/><D131/><U59/><E59/><V41/><F119/><W79/><G12/><T11/><D11/><U110/><E110/><V23/><F15/><W67/><G67/><T9/><D9/><U99/><E130/><V38/><F1/><W21/><G8/><T94/><D94/><N who="1" m="56783" /><E129/><V109/><F2/><W134/><G95/><T57/><D57/><U100/><E100/><V36/><F109/><W88/><G102/><T93/><D93/><U14/><E14/><V71/><F0/><W86/><G21/><T49/><D49/><U83/><E133/><V78/><F71/><RYUUKYOKU ba="0,1" sc="122,15,288,15,149,-15,431,-15" hai0="10,13,18,42,43,44,46,72,76,80,82,87,91" hai1="47,50,52,83,84,132,135" />
</Scene>
<Scene>
<INIT seed="5,1,1,3,1,115" ten="137,303,134,416" oya="1" hai0="54,102,40,42,1,76,116,97,84,15,53,131,65" hai1="77,35,134,92,17,107,2,64,133,18,110,82,71" hai2="4,44,127,24,51,55,94,38,33,73,9,19,46" hai3="106,49,29,96,124,95,112,117,7,78,63,26,36"/><U8/><E107/><V70/><F70/><W14/><G36/><T122/><D131/><U59/><E71/><V3/><F127/><W20/><G124/><T32/><D122/><U126/><E35/><V119/><F119/><W48/><G106/><T86/><D32/><U57/><E126/><V12/><F73/><W98/><G78/><T130/><D1/><U85/><E110/><V129/><F129/><W23/><G117/><T37/><D37/><U109/><E109/><V11/><F38/><W120/><G112/><T108/><D65/><U91/><E2/><V50/><F33/><W28/><G63/><T113/><D15/><N who="1" m="7399" /><E18/><V30/><F30/><W60/><G60/><T125/><D125/><U88/><E64/><V22/><F94/><W111/><G111/><T79/><D108/><U27/><E27/><V121/><F121/><W66/><G66/><T114/><D130/><U104/><E104/><V93/><F93/><W10/><G120/><T41/><D41/><U61/><E61/><V105/><F105/><W87/><G29/><T52/><D54/><U45/><E45/><V25/><REACH who="2" step="1"/><F9/><REACH who="2" ten="137,303,124,416" step="2"/><W81/><G95/><T58/><D116/><U132/><E92/><V13/><F13/><W72/><G14/><T90/><D114/><U62/><E133/><V128/><F128/><W21/><G10/><T68/><D113/><U74/><E74/><V34/><F34/><W89/><G72/><T0/><D68/><U103/><E134/><V16/><F16/><W43/><G28/><T69/><D69/><U83/><E132/><V101/><F101/><W75/><G75/><RYUUKYOKU ba="1,2" sc="137,-10,303,-10,124,30,416,-10" hai2="3,4,11,12,19,22,24,25,44,46,50,51,55" />
</Scene>
<Scene>
<INIT seed="6,2,2,2,2,4" ten="127,293,154,406" oya="2" hai0="9,8,90,124,93,18,130,33,80,91,100,60,20" hai1="81,76,66,89,70,87,98,108,29,12,123,85,61" hai2="84,32,106,46,96,121,6,82,35,31,72,34,1" hai3="13,48,105,36,10,59,122,131,3,63,15,88,7"/><V129/><F121/><W0/><G36/><T83/><D33/><U73/><E108/><V113/><F113/><W41/><G105/><T16/><D130/><U45/><E123/><V38/><F129/><W56/><G122/><T74/><D124/><U44/><E29/><V109/><F109/><W101/><G101/><T133/><D74/><U2/><E2/><V62/><F62/><W99/><G131/><T30/><D133/><U114/><E114/><V78/><F84/><W50/><G0/><T86/><D100/><U94/><E12/><V27/><F96/><W77/><G77/><T67/><D30/><U104/><E85/><V14/><F14/><W128/><G128/><T11/><D20/><U39/><E39/><V126/><F106/><W103/><G103/><AGARI ba="2,2" hai="44,45,61,66,70,73,76,81,87,89,94,98,103,104" machi="103" ten="40,2600,0" yaku="24,2" doraHai="4" who="1" fromWho="3" sc="127,0,293,52,154,0,406,-32" />
</Scene>
<Scene>
<INIT seed="7,0,0,4,0,10" ten="127,345,154,374" oya="3" hai0="78,88,29,135,79,38,116,30,80,39,56,110,76" hai1="16,89,24,17,75,4,72,48,0,69,100,21,86" hai2="109,82,53,52,18,103,92,55,102,23,117,1,85" hai3="14,74,105,87,50,123,113,31,91,68,49,127,133"/><W70/><G74/><T27/><D110/><U96/><E69/><V45/><F1/><W120/><G105/><T121/><D116/><U7/><E0/><V60/><F109/><W104/><G104/><T2/><D121/><U83/><E17/><V98/><F117/><W90/><G31/><N who="0" m="11787" /><D2/><U132/><E132/><V101/><F60/><W11/><G11/><T128/><D39/><U114/><E114/><V46/><F45/><W12/><G87/><N who="0" m="50279" /><D38/><U112/><E112/><V36/><F46/><W93/><G113/><T42/><D135/><U37/><E37/><V41/><F41/><W54/><G133/><T84/><D128/><U43/><E43/><V77/><F36/><W40/><G40/><T129/><D129/><U58/><E75/><V13/><AGARI ba="0,0" hai="13,18,23,52,53,55,77,82,85,92,98,101,102,103" machi="13" ten="30,7900,0" yaku="0,1,8,1,52,1,54,1" doraHai="10" who="2" fromWho="2" sc="127,-20,345,-20,154,79,374,-39" owari="107,-39.0,325,13.0,233,-17.0,335,43.0" />
</Scene>
</mjloggm>