<mjloggm ver="2.3"><GO type="193"/><UN n0="%E3%82%84%E3%81%AA%E3%81%8E%EF%BD%9E" n1="%E3%81%AA%E3%83%BC%E3%81%93%3D%5E%5E%3D" n2="%E5%A4%AA%E3%81%8F%E3%81%AA%E3%81%84%E3%81%8A" n3="%4E%6F%4E%61%6D%65%6D%6D" dan="11,13,7,13" rate="1626,1704,1721,1811" sx="M,F,M,M"/><TAIKYOKU oya="0"/>

<Scene>
<INIT seed="0,0,0,5,4,75" ten="250,250,250,250" oya="0" hai0="104,15,36,6,124,35,50,90,97,48,94,8,106" hai1="69,38,18,10,44,96,25,128,16,33,82,29,135" hai2="20,28,108,122,86,71,11,12,19,77,55,32,105" hai3="4,64,62,89,112,58,134,57,5,73,103,21,60"/><T93/><D36/><U56/><E69/><V102/><F122/><W1/><G112/><T118/><D118/><U49/><E38/><V2/><F71/><W23/><G134/><T133/><D133/><U76/><E135/><V65/><F65/><N who="3" m="39055" /><G73/><T83/><D35/><U123/><E123/><V24/><F108/><W26/><G1/><T68/><D68/><U52/><E128/><V85/><F77/><W14/><G103/><T42/><D124/><U107/><E107/><V91/><F91/><W109/><G109/><T79/><D50/><U84/><E96/><N who="2" m="61639" /><F55/><W67/><G67/><T9/><D9/><U101/><E101/><V70/><F70/><W132/><G132/><T61/><D61/><U127/><E127/><V40/><F40/><W39/><G39/><T113/><D113/><U74/><E74/><V30/><F30/><N who="3" m="17743" /><G89/><T80/><D83/><U121/><E121/><V46/><F46/><W78/><G78/><T54/><D42/><U100/><E100/><V41/><F41/><W98/><G98/><T27/><D27/><U116/><E116/><V47/><F47/><W31/><G31/><T115/><D115/><U95/><E95/><V117/><F117/><W129/><G129/><T34/><D94/><U114/><E114/><V13/><F13/><W125/><G125/><T130/><D34/><U87/><E44/><V120/><F120/><W110/><G110/><T126/><D126/><U63/><E87/><V72/><F72/><W131/><G131/><T37/><D130/><U45/><E10/><N who="2" m="6551" /><F32/><W119/><G119/><T88/><D37/><U22/><E33/><RYUUKYOKU ba="0,0" sc="250,-30,250,10,250,10,250,10" hai1="16,18,22,25,29,45,49,52,56,63,76,82,84" hai2="2,11,20,24,28,85,86" hai3="4,5,14,23,58,62,64" />
</Scene>
<Scene>
<INIT seed="1,1,0,0,5,121" ten="220,260,260,260" oya="1" hai0="17,101,70,34,90,108,57,40,100,35,19,20,103" hai1="66,6,3,129,45,134,28,119,27,95,89,135,64" hai2="16,130,58,86,102,117,125,38,71,104,31,112,4" hai3="21,94,54,88,114,23,47,126,77,1,91,43,127"/><U92/><E119/><V0/><F71/><W79/><G114/><T29/><D70/><U44/><E129/><V52/><F38/><W39/><G1/><T97/><D40/><U120/><E120/><V98/><F117/><W128/><G128/><T9/><D29/><U59/><E3/><V11/><F130/><W63/><G91/><T32/><D57/><U74/><E74/><V51/><F112/><W105/><G105/><T80/><D80/><U61/><E6/><V25/><F125/><N who="3" m="47627" /><G23/><T132/><D132/><N who="1" m="50731" /><E66/><V69/><F69/><W110/><G21/><T115/><D115/><U113/><E113/><V78/><F78/><W68/><G110/><T49/><D108/><U13/><E13/><V123/><F123/><W56/><G68/><T33/><D49/><U83/><E83/><V73/><F73/><W8/><G8/><T42/><D42/><U106/><E106/><V65/><F65/><W22/><G22/><T50/><D50/><U48/><E48/><V124/><F124/><W82/><G82/><T18/><D9/><U36/><E36/><V87/><REACH who="2" step="1"/><F16/><REACH who="2" ten="220,260,250,260" step="2"/><W5/><G5/><T37/><D37/><U96/><E95/><V107/><F107/><W75/><G75/><T60/><D19/><U26/><E28/><V72/><F72/><W15/><G15/><N who="0" m="9279" /><D18/><U7/><E7/><V109/><F109/><W93/><G79/><T53/><D60/><U85/><E96/><V24/><F24/><AGARI ba="1,1" hai="24,26,27,44,45,59,61,64,85,89,92" m="50731" machi="24" ten="30,1500,0" yaku="20,1" doraHai="121" who="1" fromWho="2" sc="220,0,260,28,250,-18,260,0" />
</Scene>
<Scene>
<INIT seed="1,2,0,2,5,38" ten="220,288,232,260" oya="1" hai0="15,55,126,43,59,93,105,98,104,128,16,3,129" hai1="54,29,51,115,50,135,35,44,66,46,12,96,33" hai2="67,101,112,57,72,10,47,21,28,85,26,108,40" hai3="65,113,20,1,6,106,109,119,30,7,121,34,69"/><U13/><E115/><V102/><F72/><W84/><G84/><T80/><D3/><U41/><E135/><V73/><F73/><W77/><G77/><T87/><D126/><U25/><E96/><V97/><F112/><W95/><G95/><T91/><D55/><U36/><E66/><V4/><F108/><W118/><G65/><T63/><D59/><U31/><REACH who="1" step="1"/><E36/><REACH who="1" ten="220,278,232,260" step="2"/><V88/><F97/><W58/><G113/><T48/><D98/><U9/><E9/><V39/><F67/><W107/><G119/><T90/><D63/><U131/><E131/><V116/><F116/><W76/><G118/><T78/><D129/><U124/><E124/><V103/><F57/><W18/><G58/><T19/><D128/><U14/><E14/><V117/><F117/><W127/><G127/><T17/><D15/><U52/><E52/><V114/><F114/><W11/><G11/><T110/><D110/><U122/><E122/><V22/><F22/><W53/><G109/><T134/><D134/><U42/><E42/><V70/><F70/><W0/><G20/><T83/><D48/><U45/><E45/><V75/><F75/><W133/><G121/><T99/><D43/><U71/><E71/><V111/><F111/><W123/><G133/><T82/><D78/><U32/><E32/><V86/><F86/><W68/><BYE who="2" /><G34/><T60/><D60/><U120/><E120/><V125/><F125/><W130/><G69/><T74/><D74/><U56/><E56/><V132/><F132/><W94/><G123/><T24/><D24/><AGARI ba="2,1" hai="12,13,24,25,29,31,33,35,41,44,46,50,51,54" machi="24" ten="40,12000,1" yaku="1,1,9,1,52,1,53,2" doraHai="38" doraHaiUra="27" who="1" fromWho="0" sc="220,-126,278,136,232,0,260,0" />
</Scene>
<Scene>
<INIT seed="1,3,0,3,1,99" ten="94,414,232,260" oya="1" hai0="41,107,88,114,91,69,66,26,1,68,35,102,131" hai1="132,110,57,78,94,14,125,38,53,111,93,134,20" hai2="37,113,105,72,84,31,32,45,129,97,25,42,120" hai3="117,135,92,56,9,100,24,126,39,96,2,115,98"/><U124/><E38/><UN n2="%E5%A4%AA%E3%81%8F%E3%81%AA%E3%81%84%E3%81%8A" /><V51/><F120/><W90/><G115/><T67/><D114/><U71/><E71/><V106/><F113/><W70/><G70/><T121/><D121/><U12/><E78/><V0/><F129/><W64/><G135/><N who="1" m="51754" /><E20/><V87/><F72/><W86/><G126/><N who="1" m="48746" /><E57/><V16/><F0/><W27/><G117/><T3/><D131/><U119/><E119/><V108/><F108/><N who="1" m="41513" /><E53/><V59/><F59/><W36/><G56/><T83/><D41/><U44/><E44/><V103/><F37/><W19/><G39/><T61/><D67/><U63/><E63/><V55/><F55/><W58/><G64/><T79/><D69/><U49/><E49/><V6/><F51/><W65/><G58/><T13/><D13/><AGARI ba="3,0" hai="12,13,14,93,94" m="41513,48746,51754" machi="13" ten="40,18000,2" yaku="28,2,20,1,18,1,14,1,10,1" doraHai="99" who="1" fromWho="0" sc="94,-189,414,189,232,0,260,0" owari="-95,-60.0,603,71.0,232,-17.0,260,6.0" />
</Scene>
</mjloggm>