<mjloggm ver="2.3"><GO type="169"/><UN n0="%E5%A4%AA%E3%81%8F%E3%81%AA%E3%81%84%E3%81%8A" n1="%E5%AF%BE%E5%AD%90%E3%81%AE%E7%8E%8B%E6%A7%98" n2="%E3%81%8A%EF%BC%81%E3%81%AA%E3%81%AB%EF%BD%9E%EF%BC%9F" n3="%43%4F%52%41%4C" dan="18,17,16,16" rate="2148,2158,2107,2064" sx="M,M,M,M"/><TAIKYOKU oya="0"/>

<Scene>
<INIT seed="0,0,0,0,1,24" ten="250,250,250,250" oya="0" hai0="14,17,104,47,123,87,74,10,73,90,23,113,122" hai1="36,97,18,94,129,49,51,132,130,71,66,5,28" hai2="78,26,19,133,117,108,103,105,11,112,30,120,79" hai3="64,7,80,52,22,48,54,27,63,40,89,62,134"/><T126/><D113/><U85/><E36/><V99/><F112/><W3/><G134/><T96/><D126/><U67/><E85/><V32/><F120/><W55/><G3/><T9/><D123/><U0/><E18/><V2/><F133/><W68/><G7/><T128/><D122/><U53/><E132/><V77/><F117/><W33/><G33/><T45/><D128/><N who="1" m="49259" /><E5/><V102/><F102/><W86/><G63/><T46/><D104/><U125/><E0/><V116/><F116/><W72/><G72/><T38/><D38/><U91/><E125/><V107/><F107/><W31/><REACH who="3" step="1"/><G40/><REACH who="3" ten="250,250,250,240" step="2"/><T29/><D74/><U127/><E127/><V88/><F2/><W118/><G118/><T61/><D73/><U16/><E71/><V93/><F108/><W25/><G25/><T60/><D60/><U135/><E135/><V42/><F42/><W43/><G43/><T75/><D75/><U15/><E15/><V65/><F26/><W124/><G124/><T13/><D61/><U76/><E67/><V100/><F65/><W58/><AGARI ba="0,1" hai="22,27,31,48,52,54,55,58,62,64,68,80,86,89" machi="58" ten="20,12000,2" yaku="1,1,0,1,7,1,52,1,54,1,53,1" doraHai="24" doraHaiUra="81" who="3" fromWho="3" sc="250,-60,250,-30,250,-30,240,130" />
</Scene>
<Scene>
<INIT seed="1,0,0,4,3,34" ten="190,220,220,370" oya="1" hai0="11,96,52,10,67,124,134,103,76,130,119,58,75" hai1="16,64,42,115,22,4,93,100,26,61,109,104,106" hai2="114,57,28,78,92,36,87,50,23,49,62,43,65" hai3="8,94,35,66,29,110,86,9,73,97,1,7,117"/><U82/><E115/><V120/><F114/><W81/><G73/><T39/><D119/><U56/><E109/><V125/><F120/><W27/><G110/><T54/><D39/><U32/><E42/><V51/><F125/><W2/><G117/><T95/><D124/><U127/><E127/><V131/><F131/><W37/><G37/><T38/><D38/><U6/><E32/><V19/><F28/><W31/><G31/><T60/><D130/><U122/><E122/><V15/><F36/><W17/><G66/><T116/><D116/><U118/><E118/><V112/><F112/><W84/><G81/><T5/><D134/><U68/><E68/><V128/><F128/><W0/><G17/><T74/><D11/><U3/><E3/><V83/><REACH who="2" step="1"/><F92/><REACH who="2" ten="190,220,210,370" step="2"/><W24/><G29/><T71/><D76/><U135/><E135/><V40/><AGARI ba="0,1" hai="15,19,23,40,43,49,50,51,57,62,65,78,83,87" machi="40" ten="30,7900,0" yaku="1,1,2,1,0,1,8,1,53,0" doraHai="34" doraHaiUra="90" who="2" fromWho="2" sc="190,-20,220,-39,210,89,370,-20" />
</Scene>
<Scene>
<INIT seed="2,0,0,3,2,103" ten="170,181,299,350" oya="2" hai0="23,129,37,19,91,24,131,28,43,70,15,107,38" hai1="18,123,93,1,89,13,69,33,122,21,20,112,125" hai2="111,101,99,68,115,7,120,128,55,63,34,79,76" hai3="58,64,53,81,62,6,39,87,45,16,50,74,67"/><V127/><F115/><W29/><G74/><T49/><D70/><U134/><E69/><V48/><F120/><N who="1" m="46121" /><E112/><V5/><F127/><W102/><G102/><T116/><D116/><U14/><E33/><V95/><F34/><W44/><G29/><T52/><D91/><U60/><E60/><V109/><F128/><N who="0" m="49226" /><D43/><U75/><E75/><V59/><F76/><W92/><G92/><T97/><D97/><N who="1" m="57519" /><E1/><V96/><F79/><W80/><G67/><T25/><D107/><U83/><E83/><V66/><REACH who="2" step="1"/><F99/><REACH who="2" ten="170,181,289,350" step="2"/><W2/><G87/><T117/><D117/><U46/><E125/><V31/><F31/><W85/><G85/><T119/><D119/><U8/><E134/><V61/><F61/><W27/><G62/><T12/><D38/><U71/><E71/><V106/><F106/><W56/><G39/><T104/><D104/><U130/><E130/><V110/><AGARI ba="0,1" hai="5,7,48,55,59,63,66,68,95,96,101,109,110,111" machi="110" ten="30,11700,0" yaku="1,1,0,1,14,1,10,1,53,0" doraHai="103" doraHaiUra="133" who="2" fromWho="2" sc="170,-39,181,-39,289,127,350,-39" />
</Scene>
<Scene>
<INIT seed="2,1,0,1,4,30" ten="131,142,416,311" oya="2" hai0="68,132,126,95,52,108,82,2,129,100,4,19,54" hai1="109,12,5,135,83,117,80,36,37,111,43,128,89" hai2="40,131,47,16,67,90,76,13,41,97,115,26,70" hai3="86,59,34,51,39,32,133,69,22,29,106,84,63"/><V33/><F115/><W116/><G106/><T27/><D68/><U44/><E117/><V17/><F76/><W60/><G39/><T58/><D108/><U105/><E105/><V130/><F67/><W9/><G9/><T78/><D132/><U103/><E135/><V31/><F70/><W65/><G133/><T50/><D129/><N who="2" m="49162" /><F13/><W20/><G116/><T42/><D126/><U98/><E12/><V8/><F8/><W38/><G38/><T79/><D2/><U102/><E37/><N who="2" m="21903" /><F41/><W18/><G51/><T119/><D119/><U125/><E43/><V74/><F74/><W56/><G69/><T113/><D113/><U45/><E36/><V114/><F114/><W48/><G48/><T101/><D4/><U120/><E5/><V14/><F14/><W75/><G75/><T124/><D124/><U99/><E128/><V3/><F3/><W134/><G134/><T91/><D42/><U87/><E125/><V15/><F15/><W6/><G6/><T93/><D78/><U62/><E111/><V112/><F112/><W0/><G0/><T10/><D10/><U1/><E1/><V57/><F57/><W127/><G127/><T35/><D58/><U28/><E45/><V81/><F97/><W123/><G65/><T121/><D79/><U24/><E44/><V85/><AGARI ba="1,0" hai="16,17,26,31,33,81,85,90" m="21903,49162" machi="85" ten="30,6000,0" yaku="19,1,52,1,54,1" doraHai="30" who="2" fromWho="2" sc="131,-21,142,-21,416,63,311,-21" />
</Scene>
<Scene>
<INIT seed="2,2,0,3,4,9" ten="110,121,479,290" oya="2" hai0="26,107,110,91,104,126,15,80,123,55,33,122,29" hai1="61,78,19,99,71,40,69,127,85,64,23,36,58" hai2="47,63,88,81,92,41,53,38,52,131,102,8,3" hai3="121,101,86,5,68,84,13,79,94,89,132,95,116"/><V10/><F131/><W108/><G68/><T37/><D37/><U96/><E127/><V22/><F102/><W114/><G121/><T82/><D126/><U76/><E36/><V120/><F120/><W59/><G116/><T93/><D110/><U1/><E1/><V18/><F81/><W62/><G108/><T128/><D123/><U97/><E40/><V12/><F3/><W17/><G114/><T54/><D122/><U7/><E7/><V66/><F10/><W113/><G132/><T42/><D42/><U125/><E125/><V115/><F8/><W75/><G5/><T44/><D128/><U118/><E118/><V98/><F115/><W117/><G113/><T30/><D44/><U130/><E130/><V77/><F77/><W109/><G109/><T32/><D93/><U105/><E105/><V27/><F27/><W43/><G43/><T4/><D4/><U134/><E134/><V31/><F31/><W90/><G117/><T73/><D26/><U49/><E85/><V24/><F24/><W129/><G129/><T57/><D57/><AGARI ba="2,0" hai="12,18,22,38,41,47,52,53,57,63,66,88,92,98" machi="57" ten="30,11600,0" yaku="7,1,52,1,54,2" doraHai="9" who="2" fromWho="0" sc="110,-122,121,0,479,122,290,0" owari="-12,-51.0,121,-28.0,601,70.0,290,9.0" />
</Scene>
</mjloggm>