<mjloggm ver="2.3"><GO type="97"/><UN n0="%CE%B2%CE%B1%CE%B3" n1="%E5%A4%AA%E3%81%8F%E3%81%AA%E3%81%84%E3%81%8A" n2="%6C%69%62%72%61%72%79" n3="%54%4F%45" dan="15,14,15,14" rate="1915,2026,1965,1862" sx="M,M,M,M"/><TAIKYOKU oya="0"/>

<Scene>
<INIT seed="0,0,0,1,3,20" ten="250,250,250,250" oya="0" hai0="88,127,106,91,103,51,56,99,124,54,26,19,90" hai1="60,24,38,59,129,22,113,120,40,89,58,71,34" hai2="131,72,94,104,73,31,5,46,108,115,17,130,37" hai3="25,13,64,74,62,23,69,12,1,114,48,111,102"/><T96/><REACH who="0" step="1"/><D96/><REACH who="0" ten="240,250,250,250" step="2"/><U32/><E120/><V18/><F115/><W47/><G114/><T44/><D44/><U6/><E113/><V118/><F46/><W43/><G111/><T134/><D134/><U45/><E45/><V78/><F108/><W121/><G121/><T61/><D61/><U82/><E60/><V35/><F118/><W63/><G63/><T50/><D50/><U21/><E38/><V70/><F37/><W97/><G74/><T75/><D75/><U125/><E125/><V93/><F72/><W9/><G97/><T33/><D33/><U77/><E32/><V133/><F73/><W128/><G102/><T81/><D81/><U92/><E82/><V2/><F35/><W95/><G48/><T98/><D98/><U52/><E34/><V0/><F133/><W4/><G47/><T117/><D117/><U76/><E40/><V15/><F130/><W28/><G43/><T79/><D79/><U8/><E76/><V101/><F78/><W123/><G128/><T10/><D10/><U41/><E8/><V68/><F131/><W85/><G123/><T3/><D3/><U119/><E77/><V132/><F0/><W80/><G95/><T11/><D11/><U116/><E129/><V86/><F2/><W65/><G65/><T66/><D66/><U110/><E119/><V105/><F132/><W49/><G49/><T30/><D30/><U122/><E116/><V84/><F93/><W57/><G69/><T67/><D67/><U39/><E122/><V109/><F94/><W83/><G83/><T16/><D16/><U7/><E110/><RYUUKYOKU ba="0,1" sc="240,15,250,-15,250,-15,250,15" hai0="19,26,51,54,56,88,90,91,99,103,106,124,127" hai3="1,4,9,12,13,23,25,28,57,62,64,80,85" />
</Scene>
<Scene>
<INIT seed="0,1,1,5,1,22" ten="255,235,235,265" oya="0" hai0="65,31,109,60,66,23,90,91,63,101,45,62,21" hai1="69,103,34,87,80,6,53,102,18,61,84,122,94" hai2="27,117,115,67,86,81,97,26,5,75,9,37,72" hai3="64,10,73,12,128,77,49,96,100,132,104,129,17"/><T95/><D109/><U52/><E122/><V41/><F115/><W38/><G38/><T134/><D134/><U74/><E34/><V42/><F117/><W126/><G132/><T50/><D101/><N who="1" m="38411" /><E69/><V78/><F67/><N who="0" m="25610" /><D31/><U130/><E74/><V116/><F116/><W3/><G64/><T16/><D95/><U108/><E108/><V8/><F97/><W57/><G3/><T28/><D28/><U30/><E30/><V111/><F111/><W11/><G11/><T24/><D23/><U56/><E130/><N who="3" m="50282" /><G126/><T54/><AGARI ba="1,1" hai="16,21,24,45,50,54,60,62,63,90,91" m="25610" machi="54" ten="30,6000,0" yaku="8,1,52,1,54,1" doraHai="22" who="0" fromWho="0" sc="255,73,235,-21,235,-21,265,-21" />
</Scene>
<Scene>
<INIT seed="0,2,0,1,0,81" ten="328,214,214,244" oya="0" hai0="52,44,18,107,54,105,77,45,67,0,1,13,76" hai1="112,69,8,15,104,21,57,59,99,62,90,128,91" hai2="16,135,126,40,108,4,113,84,53,24,17,79,89" hai3="106,25,134,92,86,129,120,5,63,66,43,93,123"/><T100/><D67/><U94/><E128/><V60/><F113/><W111/><G129/><T98/><D105/><U95/><E112/><V116/><F116/><W14/><G106/><T10/><D45/><U119/><E119/><V20/><F108/><W37/><G111/><T19/><D19/><U130/><E104/><V127/><F135/><W11/><G134/><T117/><D117/><U71/><E130/><V122/><F122/><N who="3" m="46635" /><G25/><T82/><D76/><U83/><E83/><V109/><F109/><W33/><G33/><T115/><D115/><U78/><E78/><V30/><F40/><W12/><G86/><T133/><D133/><U46/><E46/><V65/><F79/><W68/><G14/><T56/><D44/><AGARI ba="2,0" hai="5,11,12,37,43,44,63,66,68,92,93" m="46635" machi="44" ten="30,1000,0" yaku="13,1" doraHai="81" who="3" fromWho="0" sc="328,-16,214,0,214,0,244,16" />
</Scene>
<Scene>
<INIT seed="1,0,0,1,1,30" ten="312,214,214,260" oya="1" hai0="25,110,64,6,111,50,5,12,14,37,100,74,70" hai1="46,112,39,121,105,52,51,57,9,10,103,67,0" hai2="82,116,62,59,80,27,124,113,23,49,127,22,72" hai3="19,97,129,85,120,60,21,36,102,48,16,11,54"/><U17/><E121/><V92/><F116/><W20/><G120/><T63/><D37/><U133/><E112/><V43/><F113/><W122/><G122/><T79/><D100/><U126/><E126/><V108/><F108/><N who="0" m="41514" /><D25/><U134/><E105/><V89/><F23/><W31/><G31/><T45/><D79/><U73/><E73/><V13/><F13/><N who="0" m="5226" /><D74/><U114/><E114/><V88/><F49/><W83/><G11/><T41/><AGARI ba="0,0" hai="5,6,41,45,50,63,64,70" m="5226,41514" machi="41" ten="30,1100,0" yaku="14,1" doraHai="30" who="0" fromWho="0" sc="312,11,214,-5,214,-3,260,-3" />
</Scene>
<Scene>
<INIT seed="2,0,0,1,3,35" ten="323,209,211,257" oya="2" hai0="100,78,23,19,24,13,34,56,25,128,62,54,6" hai1="85,14,83,92,4,84,112,44,70,69,66,125,89" hai2="103,40,76,31,49,53,28,50,113,106,74,102,81" hai3="111,135,48,95,59,117,61,97,1,9,29,122,37"/><V33/><F113/><W52/><G122/><T87/><D128/><U79/><E112/><V104/><F40/><W7/><G117/><T2/><D100/><U131/><E131/><V68/><F68/><W3/><G111/><T39/><D39/><U93/><E125/><V134/><F134/><W133/><G37/><T21/><D34/><U51/><E66/><V26/><F31/><W86/><G86/><T88/><D78/><U71/><E93/><V73/><F73/><W22/><G48/><T101/><D101/><U94/><E94/><V0/><F0/><N who="3" m="231" /><G29/><N who="0" m="17551" /><D2/><U46/><REACH who="1" step="1"/><E51/><REACH who="1" ten="323,199,211,257" step="2"/><V114/><F114/><W82/><G82/><N who="0" m="49271" /><D6/><U20/><E20/><V75/><F50/><W127/><G22/><T63/><D63/><U18/><E18/><V5/><F5/><W110/><G127/><T130/><D130/><U108/><E108/><V105/><REACH who="2" step="1"/><F75/><REACH who="2" ten="323,199,201,257" step="2"/><W45/><G110/><T96/><D62/><U17/><E17/><V65/><F65/><W10/><G135/><T55/><D19/><U47/><E47/><AGARI ba="0,2" hai="26,28,33,47,49,53,74,76,81,102,103,104,105,106" machi="47" ten="40,2000,0" yaku="1,1,53,0" doraHai="35" doraHaiUra="109" who="2" fromWho="1" sc="323,0,199,-20,201,40,257,0" />
</Scene>
<Scene>
<INIT seed="2,1,0,5,0,93" ten="323,179,241,257" oya="2" hai0="6,50,122,8,66,131,75,100,25,11,36,116,72" hai1="97,104,23,126,113,52,87,3,47,44,17,63,61" hai2="82,0,119,127,124,37,86,130,111,53,35,85,29" hai3="70,60,51,42,101,77,110,74,58,133,32,13,10"/><V49/><F119/><W83/><G70/><T96/><D122/><U24/><E113/><V90/><F37/><W7/><G110/><T64/><D36/><U99/><E3/><V15/><F0/><W41/><G133/><T135/><D135/><U34/><E34/><V43/><F43/><W33/><G101/><T14/><D116/><U132/><E132/><V71/><F71/><W67/><REACH who="3" step="1"/><G42/><REACH who="3" ten="323,179,241,247" step="2"/><T103/><D100/><U105/><E126/><V57/><F111/><W88/><G88/><T1/><D103/><U4/><E105/><V46/><F124/><W102/><G102/><T112/><D112/><U134/><E104/><V84/><F127/><W78/><G78/><T54/><D131/><U109/><E109/><V106/><F130/><W62/><G62/><N who="1" m="23562" /><E134/><V118/><F118/><W68/><G68/><T31/><D66/><U21/><E4/><V27/><F106/><W48/><G48/><T39/><D64/><U28/><E87/><V94/><F84/><W76/><G76/><T121/><D39/><U18/><E28/><V5/><F5/><W69/><G69/><T56/><D6/><U19/><E19/><V125/><F125/><W81/><G81/><T92/><D31/><U59/><E17/><V12/><F85/><W80/><G80/><T16/><D16/><U45/><E23/><V20/><F82/><W79/><G79/><T2/><D72/><U9/><E9/><V128/><F128/><W115/><G115/><T114/><D75/><U98/><E98/><V123/><F20/><W108/><G108/><T129/><D114/><U120/><E120/><RYUUKYOKU ba="1,1" sc="323,-15,179,15,241,-15,247,15" hai1="18,21,24,44,45,47,52,59,97,99" hai3="7,10,13,32,33,41,51,58,60,67,74,77,83" />
</Scene>
<Scene>
<INIT seed="3,2,1,1,1,34" ten="308,194,226,262" oya="3" hai0="126,105,82,135,113,64,25,9,61,47,3,33,22" hai1="36,124,111,57,125,66,100,80,115,63,31,56,109" hai2="41,95,39,123,76,97,37,131,50,91,69,101,85" hai3="118,133,119,104,86,130,83,10,94,1,44,70,49"/><W19/><G19/><T42/><D33/><U120/><E120/><V30/><F69/><W14/><G14/><T28/><D135/><U5/><E115/><V87/><F123/><W121/><G121/><T77/><D113/><U99/><E36/><V92/><F131/><W13/><G13/><T93/><D105/><N who="1" m="63647" /><E31/><V134/><F134/><W79/><G79/><T15/><D3/><U16/><E80/><V112/><F112/><W114/><G114/><T103/><D126/><N who="1" m="48747" /><E5/><V2/><F2/><W55/><G55/><T59/><D103/><U73/><E73/><V128/><F128/><W107/><G107/><T81/><D93/><U38/><E38/><V117/><F117/><W24/><G24/><T108/><D108/><N who="1" m="41547" /><E16/><V78/><F30/><W132/><G132/><T98/><D98/><U51/><E51/><V58/><F39/><W116/><G116/><T40/><D47/><U110/><N who="1" m="41555" /><U75/><DORA hai="67" /><E75/><V62/><F37/><W27/><G27/><T23/><D23/><U35/><E35/><V60/><F50/><W71/><G71/><AGARI ba="2,1" hai="56,57,63,66,71" m="41555,48747,63647" machi="71" ten="40,5200,0" yaku="18,1,14,1,52,1" doraHai="34,67" who="1" fromWho="3" sc="308,0,194,68,226,0,262,-58" owari="308,41.0,262,6.0,226,-17.0,204,-30.0" />
</Scene>
</mjloggm>