<mjloggm ver="2.3"><GO type="169"/><UN n0="%4E%49%53%48%49" n1="%E6%B3%B0%E6%B0%8F" n2="%E9%81%8A%E8%B5%B0" n3="%E5%A4%AA%E3%81%8F%E3%81%AA%E3%81%84%E3%81%8A" dan="16,16,17,18" rate="2052,2098,2120,2154" sx="M,M,F,M"/><TAIKYOKU oya="0"/>

<Scene>
<INIT seed="0,0,0,1,5,23" ten="250,250,250,250" oya="0" hai0="67,15,11,1,28,116,105,85,70,41,72,43,4" hai1="62,17,114,134,48,2,98,107,34,103,18,47,80" hai2="50,66,89,55,104,128,113,79,122,101,78,91,117" hai3="24,95,120,12,40,126,26,121,58,13,7,93,9"/><T129/><D72/><U57/><E134/><V84/><F122/><N who="3" m="47211" /><G126/><T119/><D105/><U88/><E2/><V8/><F113/><W111/><G111/><T94/><D129/><U63/><E34/><V56/><F117/><W42/><G58/><T10/><D119/><U54/><E63/><V106/><F128/><W92/><G12/><T21/><D116/><U115/><E115/><V0/><F66/><W130/><G130/><T27/><D67/><U99/><E114/><V124/><F124/><W73/><G73/><T110/><D70/><U38/><E38/><V125/><F125/><W77/><G77/><T32/><D110/><U108/><E108/><V97/><F104/><W45/><G42/><T16/><D11/><U25/><E25/><N who="3" m="9834" /><G95/><T68/><D68/><U35/><E35/><V100/><F100/><W82/><G82/><T65/><D65/><U3/><E3/><V133/><F133/><W52/><G52/><T81/><D94/><U60/><E80/><V64/><F64/><W109/><G109/><T71/><D71/><U118/><E118/><V31/><F78/><AGARI ba="0,0" hai="1,4,10,15,16,21,27,28,32,41,43,78,81,85" machi="78" ten="30,12000,1" yaku="7,1,24,2,52,1,54,1" doraHai="23" who="0" fromWho="2" sc="250,120,250,0,250,-120,250,0" />
</Scene>
<Scene>
<INIT seed="0,1,0,4,3,61" ten="370,250,130,250" oya="0" hai0="19,28,93,40,66,18,49,74,29,84,20,31,69" hai1="39,21,24,47,16,5,41,3,65,72,129,116,4" hai2="103,122,80,46,38,108,48,100,60,11,125,17,51" hai3="86,22,0,53,56,117,52,35,36,109,88,87,50"/><T101/><D74/><U105/><E116/><V8/><F122/><W96/><G117/><T32/><D32/><U55/><E129/><V62/><F125/><W104/><G35/><T26/><D69/><U59/><E105/><V71/><F108/><W64/><G0/><T77/><D101/><U89/><E72/><V115/><F115/><W99/><G36/><T124/><D124/><U34/><E34/><V73/><F38/><W120/><G109/><T123/><D123/><U76/><E76/><V130/><F130/><W132/><G120/><T79/><D18/><U102/><E102/><V1/><F1/><W81/><G132/><T70/><D70/><U112/><E3/><V98/><F71/><W23/><G104/><T68/><D68/><U42/><E42/><V45/><F73/><W110/><G110/><T58/><D40/><U44/><E112/><V27/><F27/><W107/><G107/><T128/><D49/><U10/><E10/><V85/><F17/><W97/><G64/><T126/><D128/><U118/><E118/><V25/><F25/><W135/><G135/><T7/><D126/><U111/><E111/><V90/><F98/><W121/><G121/><T113/><D113/><U119/><E119/><V43/><F103/><W15/><G15/><T75/><D75/><U134/><E134/><V14/><F100/><W91/><G53/><T95/><D7/><U78/><E41/><N who="2" m="24623" /><F11/><W57/><G57/><T63/><D84/><U127/><E127/><V106/><F106/><W114/><G114/><T131/><D131/><U54/><E39/><V2/><F2/><RYUUKYOKU ba="1,0" sc="370,10,250,-30,130,10,250,10" hai0="19,20,26,28,29,31,58,63,66,77,79,93,95" hai2="8,14,43,46,51,60,62,80,85,90" hai3="22,23,50,52,56,81,86,87,88,91,96,97,99" />
</Scene>
<Scene>
<INIT seed="0,2,0,1,5,120" ten="380,220,140,260" oya="0" hai0="116,70,31,54,38,61,10,134,98,48,86,133,41" hai1="56,43,68,95,119,36,78,4,91,23,109,103,22" hai2="28,128,106,60,11,17,94,9,74,59,51,115,6" hai3="13,135,42,75,35,124,114,5,40,118,84,37,64"/><T85/><D116/><U73/><E119/><V108/><F106/><W14/><G118/><T57/><D31/><U97/><E68/><V77/><F115/><W2/><G75/><T105/><D10/><U81/><E4/><V44/><F128/><W26/><G114/><T27/><D27/><U93/><E56/><V90/><F28/><W50/><G37/><T110/><D105/><U111/><E43/><V122/><F122/><W99/><G2/><T21/><D98/><N who="1" m="57663" /><E36/><V46/><F108/><AGARI ba="2,0" hai="22,23,73,78,81,95,97,103,108,109,111" m="57663" machi="108" ten="30,7700,0" yaku="14,1,52,3" doraHai="120" who="1" fromWho="2" sc="380,0,220,83,140,-83,260,0" />
</Scene>
<Scene>
<INIT seed="1,0,0,3,5,95" ten="380,303,57,260" oya="1" hai0="131,63,123,115,40,53,134,9,11,59,49,70,48" hai1="50,41,117,12,91,103,7,119,100,80,14,132,68" hai2="31,37,61,45,15,92,105,82,24,108,43,33,36" hai3="35,10,55,133,118,18,52,0,66,19,26,112,74"/><U60/><E132/><V110/><F105/><W56/><G112/><T30/><D30/><U29/><E29/><V87/><F92/><W109/><G74/><T85/><D9/><U79/><E91/><V22/><F61/><W5/><G133/><T57/><D85/><U99/><E68/><V54/><F54/><W13/><G109/><N who="2" m="42089" /><F37/><W88/><G118/><T20/><D11/><U32/><E60/><V77/><F15/><W124/><G66/><T96/><D134/><U28/><E14/><V127/><F127/><W122/><G124/><T42/><D20/><AGARI ba="0,0" hai="20,22,24,31,33,36,43,45,77,82,87" m="42089" machi="20" ten="30,1000,0" yaku="14,1" doraHai="95" who="2" fromWho="0" sc="380,-10,303,0,57,10,260,0" />
</Scene>
<Scene>
<INIT seed="2,0,0,0,4,116" ten="370,303,67,260" oya="2" hai0="90,119,75,25,24,57,78,83,8,45,129,108,77" hai1="14,103,13,81,3,67,30,52,26,65,38,122,89" hai2="100,117,40,125,133,28,15,95,60,42,50,18,121" hai3="11,2,59,128,29,71,41,91,66,74,104,93,79"/><V9/><F117/><W39/><G104/><T97/><D119/><U92/><E3/><V111/><F125/><W68/><G29/><T73/><D108/><U132/><E38/><V62/><F133/><W84/><G128/><T19/><D129/><U99/><E132/><V107/><F107/><W131/><G131/><T48/><D57/><U124/><E124/><V10/><F111/><W12/><G2/><T127/><D97/><U51/><E122/><V76/><F76/><N who="0" m="29290" /><D75/><U102/><E14/><N who="2" m="7503" /><F28/><W118/><G118/><T64/><D64/><U123/><E13/><V134/><F134/><W85/><G74/><T54/><D73/><U34/><E123/><V33/><F33/><W43/><G71/><T88/><D90/><U96/><E81/><V113/><F113/><W109/><G68/><T21/><D21/><U16/><E89/><V37/><F37/><W36/><G36/><T55/><D55/><U130/><E130/><V87/><F121/><W80/><G109/><T6/><D6/><U114/><E114/><V44/><F40/><W35/><G35/><T31/><D31/><U23/><E30/><V82/><F100/><W110/><G39/><T63/><D127/><U4/><E34/><V115/><F95/><W7/><REACH who="3" step="1"/><G110/><REACH who="3" ten="370,303,67,250" step="2"/><T49/><D19/><U94/><E4/><N who="2" m="3527" /><F115/><W20/><G20/><T58/><D8/><U105/><E105/><V72/><F72/><W69/><G69/><T17/><D17/><U61/><E61/><AGARI ba="0,1" hai="7,11,12,41,43,59,61,66,79,80,84,85,91,93" machi="61" ten="40,2600,0" yaku="1,1,8,1,53,0" doraHai="116" doraHaiUra="126" who="3" fromWho="1" sc="370,0,303,-26,67,0,250,36" />
</Scene>
<Scene>
<INIT seed="3,0,0,4,5,88" ten="370,277,67,286" oya="3" hai0="72,18,91,63,135,104,134,26,40,39,81,90,15" hai1="51,27,116,133,74,121,87,103,73,66,131,24,107" hai2="7,124,29,111,5,97,52,58,67,120,31,65,129" hai3="83,8,37,64,118,30,60,71,42,34,115,25,127"/><W99/><G118/><T128/><D104/><U56/><E121/><V98/><F120/><W69/><G115/><T132/><D39/><U50/><E116/><V93/><F111/><W16/><G127/><T20/><D40/><U92/><E107/><V46/><F124/><W89/><G37/><T49/><D49/><U123/><E123/><V122/><F122/><W14/><G42/><T53/><D128/><U84/><E133/><V45/><F129/><W55/><G55/><T12/><D72/><U32/><E131/><V44/><F97/><W95/><REACH who="3" step="1"/><G83/><REACH who="3" ten="370,277,67,276" step="2"/><T82/><D81/><U10/><E66/><N who="2" m="25099" /><F31/><W125/><G125/><T36/><D82/><U35/><E56/><AGARI ba="0,1" hai="8,14,16,25,30,34,56,60,64,69,71,89,95,99" machi="56" ten="30,12000,1" yaku="1,1,7,1,52,1,54,1,53,1" doraHai="88" doraHaiUra="86" who="3" fromWho="1" sc="370,0,277,-120,67,0,276,130" />
</Scene>
<Scene>
<INIT seed="3,1,0,3,5,114" ten="370,157,67,406" oya="3" hai0="67,28,5,100,6,15,24,73,11,81,121,41,123" hai1="65,101,19,35,106,134,43,55,97,119,50,38,128" hai2="133,61,76,130,132,102,88,63,90,3,122,51,120" hai3="52,4,62,79,129,48,25,60,23,77,46,44,18"/><W125/><G125/><T116/><D116/><U13/><E128/><V72/><F3/><W98/><G129/><T131/><D131/><U96/><E134/><N who="2" m="51819" /><F130/><W42/><G4/><T1/><D41/><U47/><E35/><V82/><F51/><N who="3" m="28791" /><G98/><T118/><D118/><U20/><E65/><V94/><F61/><AGARI ba="1,0" hai="18,23,25,42,44,48,60,61,62,77,79" m="28791" machi="61" ten="30,2900,0" yaku="8,1,54,1" doraHai="114" who="3" fromWho="2" sc="370,0,157,0,67,-32,406,32" />
</Scene>
<Scene>
<INIT seed="3,2,0,2,0,14" ten="370,157,35,438" oya="3" hai0="112,80,127,73,57,111,71,10,95,128,16,114,37" hai1="85,50,108,122,35,52,88,121,118,24,22,21,7" hai2="41,86,5,26,19,11,115,97,130,94,12,40,23" hai3="132,79,102,101,48,54,100,70,62,34,67,113,0"/><W45/><G113/><N who="0" m="43627" /><D71/><U51/><E35/><V56/><F115/><W106/><G0/><T89/><D37/><U72/><E72/><V68/><F130/><W43/><G34/><T25/><D128/><U17/><E7/><V61/><F68/><W131/><G131/><T42/><D127/><U110/><E118/><V109/><F86/><W93/><G132/><T28/><D42/><U134/><E22/><V15/><F15/><W29/><G106/><T60/><D73/><U63/><E63/><V64/><REACH who="2" step="1"/><F109/><REACH who="2" ten="370,157,25,438" step="2"/><N who="1" m="42089" /><E134/><V116/><F116/><W92/><G79/><T117/><D111/><U9/><E121/><V2/><F2/><W74/><G74/><T96/><D117/><U55/><E122/><V32/><F32/><W104/><G104/><T44/><D80/><N who="1" m="49191" /><E9/><V135/><F135/><W46/><REACH who="3" step="1"/><G29/><REACH who="3" ten="370,157,25,428" step="2"/><T76/><D28/><U13/><E13/><V3/><F3/><W69/><G69/><T90/><D76/><U105/><E105/><V6/><F6/><W66/><G66/><T30/><D30/><U82/><E82/><V129/><F129/><W47/><G47/><T8/><D44/><U107/><E107/><V38/><F38/><AGARI ba="2,2" hai="38,43,45,46,48,54,62,67,70,92,93,100,101,102" machi="38" ten="40,2000,0" yaku="1,1,53,0" doraHai="14" doraHaiUra="83" who="3" fromWho="2" sc="370,0,157,0,25,-26,428,46" owari="370,17.0,157,-24.0,-1,-50.0,474,57.0" />
</Scene>
</mjloggm>