<mjloggm ver="2.3"><GO type="169" lobby="0"/><UN n0="%E5%A4%AA%E3%81%8F%E3%81%AA%E3%81%84%E3%81%8A" n1="%E3%81%A8%E3%83%BC%E3%82%84%E3%82%93" n2="%E5%8D%83%E4%BB%A3%E3%81%AE%E5%AF%8C%E5%A3%AB" n3="%E3%83%9F%E3%83%A9%E3%82%AF%E3%83%AB%E3%81%8A%E3%81%98%E3%81%95%E3%82%93" dan="18,16,16,17" rate="2254.53,2061.82,2094.43,2113.01" sx="F,M,M,M"/><TAIKYOKU oya="0"/>

<Scene>
<INIT seed="0,0,0,4,2,58" ten="250,250,250,250" oya="0" hai0="113,56,14,37,8,18,59,51,86,34,43,132,46" hai1="84,1,100,22,55,27,83,5,102,89,33,135,17" hai2="130,104,98,42,68,20,87,41,91,24,32,29,88" hai3="31,70,76,11,23,12,128,49,50,121,16,2,45"/><T92/><D113/><U7/><E135/><V78/><F130/><W39/><G70/><T79/><D34/><U107/><E107/><V66/><F78/><W64/><G64/><T53/><D132/><U103/><E1/><V48/><F48/><W99/><G128/><T72/><D72/><U36/><E36/><V9/><F9/><W21/><G121/><T19/><D59/><U38/><E38/><V122/><F122/><W3/><G39/><T67/><D67/><U26/><E55/><V90/><F20/><W133/><G23/><T95/><REACH who="0" step="1"/><D19/><REACH who="0" ten="240,250,250,250" step="2"/><U111/><REACH who="1" step="1"/><E111/><REACH who="1" ten="240,240,250,250" step="2"/><V118/><F118/><W106/><G133/><T30/><D30/><AGARI ba="0,2" hai="5,7,17,22,26,27,30,33,83,84,89,100,102,103" machi="30" ten="40,5200,0" yaku="1,1,2,1,53,1" doraHai="58" doraHaiUra="25" who="1" fromWho="0" sc="240,-52,240,72,250,0,250,0" />
</Scene>
<Scene>
<INIT seed="1,0,0,1,2,118" ten="188,312,250,250" oya="1" hai0="114,86,63,112,85,134,15,75,115,121,91,131,135" hai1="94,113,23,18,130,71,17,76,117,87,124,99,35" hai2="33,37,7,31,74,28,58,40,96,25,29,92,116" hai3="1,128,73,83,49,79,133,0,120,101,6,46,41"/><U110/><E117/><V10/><F74/><W109/><G109/><T106/><D63/><U102/><E35/><V13/><F116/><W125/><G128/><T43/><D43/><U48/><E113/><V50/><F37/><W129/><G129/><T36/><D36/><U66/><E130/><V2/><F2/><W55/><G133/><N who="0" m="50699" /><D131/><U105/><E124/><V100/><F58/><W70/><G70/><T57/><D57/><U54/><E110/><V132/><F132/><W119/><G119/><T81/><D15/><U60/><E23/><V126/><F126/><W111/><G111/><T9/><D9/><U32/><E32/><V38/><F38/><W53/><G125/><T22/><D22/><U122/><E122/><V80/><F80/><W93/><G120/><T59/><D59/><U64/><E64/><V108/><REACH who="2" step="1"/><F108/><REACH who="2" ten="188,312,240,250" step="2"/><W89/><G1/><T21/><D75/><U27/><E94/><V12/><F12/><W104/><G93/><T78/><D121/><U51/><E27/><V5/><F5/><W42/><G6/><T34/><D114/><U95/><E95/><V52/><F52/><W20/><G53/><T39/><D115/><U11/><E54/><V45/><AGARI ba="0,1" hai="7,10,13,25,28,29,31,33,40,45,50,92,96,100" machi="45" ten="30,4000,0" yaku="1,1,0,1,53,1" doraHai="118" doraHaiUra="47" who="2" fromWho="2" sc="188,-10,312,-20,240,50,250,-10" />
</Scene>
<Scene>
<INIT seed="2,0,0,0,5,39" ten="178,292,290,240" oya="2" hai0="30,74,29,34,77,131,54,55,82,85,26,95,108" hai1="124,100,102,60,63,89,71,14,129,107,36,64,86" hai2="42,7,11,43,111,110,17,38,134,16,113,18,68" hai3="135,94,133,56,103,12,118,92,88,27,101,0,15"/><V22/><F68/><W25/><G0/><T3/><D3/><U121/><E121/><V109/><F113/><W8/><G56/><T32/><D108/><U115/><E115/><V24/><F134/><N who="3" m="51211" /><G118/><T112/><D112/><U5/><E124/><V9/><F9/><W2/><G2/><T37/><D37/><U78/><E78/><V61/><F61/><W130/><G130/><T81/><D131/><U23/><E129/><V72/><F72/><W80/><G80/><T20/><D95/><N who="3" m="36393" /><G88/><T6/><D82/><U126/><E36/><V122/><F122/><W1/><G1/><T79/><D81/><U128/><E126/><V44/><F42/><W49/><G49/><T93/><D74/><U19/><E5/><V35/><F35/><W99/><G99/><T120/><D6/><U104/><E63/><V4/><F11/><W53/><G53/><T76/><D120/><U90/><E128/><V58/><F58/><W125/><G125/><T65/><D34/><U96/><E86/><V51/><F51/><W57/><G57/><T97/><D85/><U62/><REACH who="1" step="1"/><E60/><REACH who="1" ten="178,282,290,240" step="2"/><V87/><F87/><W21/><G103/><T46/><D77/><U70/><E70/><V105/><F105/><W75/><G101/><T31/><D79/><U52/><E52/><V45/><F45/><W84/><G84/><T47/><D76/><U114/><E114/><V73/><F73/><W67/><G75/><T123/><D123/><U106/><E106/><V83/><F83/><W48/><G67/><T91/><D65/><U13/><E13/><V50/><F38/><W116/><G15/><RYUUKYOKU ba="0,1" sc="178,-15,282,15,290,15,240,-15" hai1="14,19,23,62,64,71,89,90,96,100,102,104,107" hai2="4,7,16,17,18,22,24,43,44,50,109,110,111" />
</Scene>
<Scene>
<INIT seed="2,1,1,2,0,92" ten="163,297,305,225" oya="2" hai0="90,106,131,124,52,79,10,29,3,49,98,118,105" hai1="73,7,35,111,12,50,112,71,45,46,82,87,67" hai2="93,26,101,61,56,117,0,119,17,68,40,44,135" hai3="120,31,60,14,42,28,53,19,1,75,6,8,4"/><V94/><F68/><W47/><G120/><T57/><D131/><U59/><E35/><V97/><F0/><W102/><G75/><T64/><D124/><U70/><E73/><V18/><F135/><W122/><G122/><T113/><D113/><U123/><E123/><V129/><F129/><W100/><G6/><T89/><D118/><U114/><E111/><V25/><F93/><W77/><G77/><T103/><D106/><U16/><E7/><V107/><F107/><W27/><G60/><T84/><D29/><U95/><E70/><V76/><F76/><W13/><G53/><T55/><D64/><U34/><E71/><V83/><F83/><W127/><G127/><T133/><D133/><U134/><E34/><V9/><F119/><W5/><G4/><T2/><D10/><U65/><E134/><V69/><F69/><W91/><G8/><T38/><D38/><U32/><E32/><V20/><F117/><W104/><G5/><T78/><D78/><U58/><E82/><V21/><F9/><W96/><G1/><T116/><D116/><U23/><E112/><V43/><F44/><W22/><G47/><T80/><D90/><N who="1" m="53727" /><E46/><V36/><F36/><W24/><G91/><T74/><REACH who="0" step="1"/><D55/><AGARI ba="1,1" hai="17,18,20,21,25,26,40,43,55,56,61,94,97,101" machi="55" ten="30,11600,0" yaku="7,1,9,1,8,1,52,1" doraHai="92" who="2" fromWho="0" sc="163,-119,297,0,305,129,225,0" />
</Scene>
<Scene>
<INIT seed="2,2,0,1,3,1" ten="44,297,434,225" oya="2" hai0="122,101,24,115,94,47,28,48,117,79,99,76,93" hai1="98,64,134,36,40,85,27,9,0,96,34,54,10" hai2="60,65,67,38,111,131,6,81,130,121,68,89,12" hai3="106,105,109,116,95,72,86,114,113,110,20,125,16"/><V124/><F38/><W7/><G72/><T8/><D115/><N who="3" m="44041" /><G116/><T88/><D122/><U75/><E75/><V50/><F121/><W43/><G43/><T92/><D117/><U74/><E74/><V52/><F124/><W33/><G33/><T26/><D8/><U70/><E10/><N who="2" m="4183" /><F111/><N who="3" m="42507" /><G125/><T133/><D133/><U118/><E40/><V129/><F67/><W14/><G7/><T18/><D18/><U61/><E36/><V32/><F32/><W13/><G14/><T112/><D112/><U37/><E37/><V63/><F63/><W2/><G2/><T41/><D93/><U102/><E134/><V39/><F39/><W77/><G95/><T5/><D5/><U11/><E11/><V107/><F107/><W19/><G19/><T15/><D15/><U66/><E9/><V123/><F123/><W53/><G53/><T104/><D104/><U87/><E0/><V80/><F89/><W49/><G49/><T126/><D126/><U25/><E34/><V108/><F108/><W3/><G3/><T59/><D26/><U17/><E27/><V69/><F69/><W21/><G21/><T35/><REACH who="0" step="1"/><D59/><AGARI ba="2,0" hai="50,52,59,60,65,68,80,81,129,130,131" m="4183" machi="59" ten="30,5800,0" yaku="19,1,52,1,54,1" doraHai="1" who="2" fromWho="0" sc="44,-64,297,0,434,64,225,0" owari="-20,-52.0,297,10.0,498,59.0,225,-17.0" />
</Scene>
</mjloggm>