<mjloggm ver="2.3"><GO type="225"/><UN n0="%E5%A4%AA%E3%81%8F%E3%81%AA%E3%81%84%E3%81%8A" n1="%E8%B6%85%E3%83%87%E3%82%B8%E3%82%BF%E3%83%AB%E6%B4%BE" n2="%E5%85%88%E2%99%80%E7%94%9F" n3="%E6%98%BC%E9%A3%AF%EF%BC%A0%E4%BD%95%E9%A3%9F%E3%81%86" dan="17,16,17,16" rate="2142,2090,2157,2076" sx="M,M,F,F"/><TAIKYOKU oya="0"/>

<Scene>
<INIT seed="0,0,0,4,4,62" ten="250,250,250,250" oya="0" hai0="55,17,129,15,54,6,18,71,44,73,115,116,106" hai1="13,14,89,133,91,2,32,65,29,50,60,100,97" hai2="21,105,35,127,8,98,99,56,46,31,93,122,25" hai3="77,76,10,7,79,30,123,61,40,37,118,48,82"/><T120/><D120/><U41/><E2/><V19/><F122/><W90/><G123/><T27/><D116/><U126/><E126/><V92/><F127/><W94/><G118/><T66/><D115/><U111/><E111/><V88/><F105/><W51/><G30/><T3/><D106/><U119/><E119/><V81/><F46/><W83/><G61/><T68/><D73/><U84/><E133/><V47/><F47/><W110/><G37/><T113/><D113/><U104/><E91/><V125/><F125/><W26/><G26/><T117/><D117/><U130/><E130/><V70/><F70/><W58/><G110/><T1/><D129/><U131/><E131/><V87/><F8/><W124/><G40/><T38/><D38/><U74/><E74/><V34/><F31/><W28/><G28/><T20/><D6/><U11/><E11/><V45/><F45/><W4/><G124/><T9/><D55/><U67/><E50/><N who="3" m="18986" /><G58/><T121/><D121/><U49/><E49/><V107/><F107/><W12/><G4/><T109/><D109/><U134/><E41/><V33/><F56/><W85/><AGARI ba="0,0" hai="7,10,12,76,77,79,82,83,85,90,94" m="18986" machi="85" ten="30,1100,0" yaku="8,1" doraHai="62" who="3" fromWho="3" sc="250,-5,250,-3,250,-3,250,11" />
</Scene>
<Scene>
<INIT seed="1,0,0,0,3,27" ten="245,247,247,261" oya="1" hai0="8,5,50,14,45,132,79,49,40,53,0,42,122" hai1="34,59,20,29,58,125,51,78,68,70,48,24,44" hai2="37,23,81,17,52,74,108,13,99,113,130,91,110" hai3="4,80,134,31,92,3,38,135,43,128,15,71,90"/><U111/><E125/><V1/><F37/><W33/><G71/><T7/><D132/><N who="3" m="50729" /><G80/><T127/><D127/><U62/><E111/><N who="2" m="42539" /><F1/><W117/><G3/><T55/><D122/><U102/><E78/><N who="2" m="44247" /><F130/><W65/><G65/><T112/><D112/><U95/><E34/><V119/><F119/><W41/><G38/><T83/><D5/><U104/><E104/><V32/><F32/><W26/><G128/><T61/><D61/><U60/><E95/><N who="2" m="56831" /><F113/><W114/><G114/><T69/><D69/><U54/><E102/><V107/><F107/><W46/><G46/><T47/><REACH who="0" step="1"/><D0/><REACH who="0" ten="235,247,247,261" step="2"/><U124/><E124/><V2/><F2/><W77/><G117/><T18/><D18/><U105/><E105/><V36/><F36/><W73/><G4/><T72/><AGARI ba="0,1" hai="7,8,14,40,42,45,47,49,50,53,55,72,79,83" machi="72" ten="20,5200,0" yaku="1,1,0,1,7,1,9,1,53,0" doraHai="27" doraHaiUra="89" who="0" fromWho="0" sc="235,62,247,-26,247,-13,261,-13" />
</Scene>
<Scene>
<INIT seed="2,0,0,3,1,132" ten="297,221,234,248" oya="2" hai0="51,4,9,16,56,86,127,100,52,95,106,73,20" hai1="26,0,12,64,43,114,108,39,48,11,5,75,32" hai2="19,110,23,54,78,99,50,81,31,74,42,92,27" hai3="122,24,53,22,116,62,98,120,82,25,59,63,28"/><V109/><F42/><W66/><G116/><T38/><D73/><U113/><E48/><V7/><F7/><W70/><G82/><T18/><D38/><U91/><E64/><V76/><F31/><W134/><G134/><T37/><D37/><U84/><E108/><N who="2" m="41579" /><F81/><W29/><REACH who="3" step="1"/><G98/><REACH who="3" ten="297,221,234,238" step="2"/><N who="0" m="59487" /><D127/><U128/><E114/><V126/><F126/><W89/><G89/><T77/><D106/><U35/><E91/><N who="2" m="55711" /><F74/><W3/><G3/><T17/><D77/><U130/><E0/><V33/><F33/><AGARI ba="0,1" hai="22,24,25,28,29,33,53,59,62,63,66,70,120,122" machi="33" ten="30,2000,0" yaku="1,1,7,1,53,0" doraHai="132" doraHaiUra="123" who="3" fromWho="2" sc="297,0,221,0,234,-20,238,30" />
</Scene>
<Scene>
<INIT seed="3,0,0,0,0,127" ten="297,221,214,268" oya="3" hai0="49,116,27,96,61,40,87,46,100,101,51,102,83" hai1="88,117,31,135,128,122,120,9,45,13,71,118,56" hai2="2,98,115,84,6,106,92,82,89,75,11,103,1" hai3="44,124,33,50,123,65,42,126,7,90,29,16,111"/><W55/><G123/><T34/><D116/><N who="1" m="44651" /><E71/><V32/><F32/><W5/><G65/><T113/><D113/><U80/><E135/><V69/><F69/><W26/><G111/><T112/><D112/><U114/><E114/><V85/><F115/><W17/><G90/><N who="0" m="51583" /><D34/><U14/><E31/><V35/><F35/><W52/><G7/><T60/><D27/><U19/><E56/><V125/><F125/><N who="3" m="48235" /><G5/><T38/><D38/><U70/><E70/><V15/><REACH who="2" step="1"/><F75/><REACH who="2" ten="297,221,204,268" step="2"/><W68/><G68/><T3/><D3/><U20/><E128/><V132/><F132/><W21/><G17/><T86/><D96/><U107/><E120/><V24/><F24/><AGARI ba="0,1" hai="16,21,24,26,29,33,42,44,50,52,55" m="48235" machi="24" ten="30,5800,0" yaku="18,1,54,2" doraHai="127" who="3" fromWho="2" sc="297,0,221,0,204,-58,268,68" owari="297,10.0,221,-18.0,146,-35.0,336,43.0" />
</Scene>
</mjloggm>