<mjloggm ver="2.3"><GO type="169"/><UN n0="%E6%9C%A7%E5%A4%8F%E6%9C%88" n1="%E5%A4%AA%E3%81%8F%E3%81%AA%E3%81%84%E3%81%8A" n2="%E5%88%BB%E5%AD%90%E5%B8%82%E6%B0%91" n3="%E3%82%8A%E3%81%86%E3%82%8A%E3%81%86" dan="18,17,16,16" rate="2182,2183,2132,2021" sx="M,M,M,M"/><TAIKYOKU oya="0"/>

<Scene>
<INIT seed="0,0,0,2,0,31" ten="250,250,250,250" oya="0" hai0="48,57,4,120,118,77,53,49,45,101,71,30,72" hai1="10,102,47,43,83,55,86,13,0,105,99,109,6" hai2="34,54,103,78,63,7,104,38,82,97,42,95,33" hai3="61,96,26,129,98,68,87,69,70,91,9,62,79"/><T76/><D118/><U133/><E109/><V5/><F95/><W112/><G112/><T107/><D71/><U126/><E133/><V135/><F135/><W8/><G79/><T39/><D39/><U14/><E55/><V50/><F50/><W92/><G26/><T85/><D72/><U111/><E111/><V36/><F54/><W132/><G132/><T115/><D120/><U94/><E105/><V84/><F63/><W113/><G113/><T134/><D115/><U80/><E126/><V59/><F59/><W114/><G114/><T25/><D134/><U32/><E32/><V108/><F108/><W67/><G129/><T128/><D4/><U24/><E24/><V2/><F7/><W106/><G106/><T127/><D128/><U121/><E121/><V19/><F19/><W74/><G74/><T124/><D101/><U90/><REACH who="1" step="1"/><E83/><REACH who="1" ten="250,240,250,250" step="2"/><V89/><F82/><W51/><G67/><T18/><D107/><U88/><E88/><V75/><F89/><W44/><G91/><T3/><D127/><U20/><E20/><V29/><F34/><W93/><G8/><T117/><D124/><U52/><E52/><V130/><F130/><W116/><G9/><T56/><D53/><U11/><E11/><V73/><F104/><W46/><G62/><T27/><D27/><U35/><E35/><V131/><F33/><W17/><G61/><T40/><D25/><U58/><E58/><V15/><F131/><W110/><G110/><T123/><D56/><U60/><E60/><V100/><F29/><W119/><G70/><T41/><D30/><U12/><E12/><RYUUKYOKU ba="0,1" sc="250,-10,240,30,250,-10,250,-10" hai1="0,6,10,13,14,43,47,80,86,90,94,99,102" />
</Scene>
<Scene>
<INIT seed="1,1,1,0,3,133" ten="240,270,240,240" oya="1" hai0="135,4,101,21,8,87,132,121,27,49,111,104,124" hai1="7,110,59,5,63,80,81,44,20,131,94,112,114" hai2="103,118,46,58,36,65,78,11,31,48,134,14,55" hai3="83,64,122,26,53,68,79,116,97,9,120,0,15"/><U60/><E131/><V62/><F118/><W117/><G0/><T28/><D111/><U72/><E110/><V57/><F134/><N who="0" m="51242" /><D87/><U71/><E71/><V115/><F115/><W52/><G97/><N who="0" m="61487" /><D121/><U61/><E59/><V93/><F78/><W42/><G42/><T69/><D69/><U119/><E119/><N who="3" m="45642" /><G26/><T39/><D39/><U84/><E72/><V127/><F36/><W82/><G64/><T90/><D90/><N who="1" m="53575" /><E114/><V106/><F106/><W74/><G83/><N who="1" m="31818" /><E112/><V123/><F123/><N who="3" m="47147" /><G68/><T37/><D37/><U125/><E44/><V19/><F46/><W99/><G99/><T130/><D49/><U89/><E89/><V95/><F48/><W100/><G100/><T50/><D50/><U98/><E98/><V22/><F103/><W3/><G3/><N who="0" m="31" /><D130/><U2/><E2/><V45/><F45/><W77/><G77/><T12/><D12/><U105/><E105/><V6/><F95/><W13/><G13/><T10/><D10/><U107/><E107/><V129/><F93/><W75/><G75/><T92/><D92/><U108/><E108/><V67/><F129/><W73/><G73/><T54/><D54/><U126/><E20/><V70/><F70/><W85/><G74/><T16/><D28/><U33/><E33/><V128/><F31/><W56/><G56/><T47/><D47/><U24/><E24/><N who="2" m="14431" /><F128/><W76/><G76/><T17/><D27/><U29/><E29/><V41/><F41/><W102/><G102/><T23/><D23/><U40/><E40/><V35/><F35/><W30/><G30/><T18/><D21/><U25/><E25/><RYUUKYOKU ba="1,1" sc="240,10,270,10,240,-30,240,10" hai0="16,17,18,124" hai1="5,7,60,61,63,125,126" hai3="9,15,52,53,79,82,85" />
</Scene>
<Scene>
<INIT seed="1,2,1,3,5,118" ten="250,280,210,250" oya="1" hai0="21,44,125,115,90,92,37,9,110,88,22,101,50" hai1="23,85,64,106,104,17,4,117,39,124,113,112,18" hai2="123,84,67,6,29,62,5,134,81,33,94,131,45" hai3="119,31,11,38,57,49,48,83,0,74,116,114,34"/><U63/><E117/><N who="3" m="45130" /><G38/><T24/><D115/><U129/><E39/><V14/><F131/><W52/><G114/><T87/><D110/><U30/><E4/><V59/><F134/><W71/><G71/><T100/><D37/><U105/><E129/><V61/><F123/><W41/><G31/><T28/><D125/><U13/><E124/><V135/><F135/><W65/><G65/><T99/><D9/><U43/><E43/><V58/><F33/><W120/><G34/><T103/><D22/><U98/><E30/><V122/><F122/><W86/><G74/><T127/><D127/><U95/><E85/><V8/><F29/><W79/><G120/><T102/><REACH who="0" step="1"/><D87/><REACH who="0" ten="240,280,210,250" step="2"/><U132/><E132/><V46/><F6/><N who="3" m="1479" /><G41/><AGARI ba="2,2" hai="21,24,28,41,44,50,88,90,92,99,100,101,102,103" machi="41" ten="40,5200,0" yaku="1,1,8,1,54,1,53,0" doraHai="118" doraHaiUra="69" who="0" fromWho="3" sc="240,78,280,0,210,0,250,-58" />
</Scene>
<Scene>
<INIT seed="2,0,0,3,1,34" ten="318,280,210,192" oya="2" hai0="75,115,123,46,119,45,102,22,122,113,50,127,73" hai1="131,93,42,24,99,39,118,31,37,65,3,57,128" hai2="80,103,40,4,13,106,29,81,16,68,84,135,134" hai3="2,126,60,23,17,87,19,5,59,72,133,78,77"/><V66/><F40/><W28/><G72/><T33/><D33/><N who="1" m="20711" /><E118/><V54/><F29/><W18/><G133/><N who="2" m="50697" /><F4/><W91/><G126/><T96/><D127/><U0/><E65/><V38/><F38/><N who="1" m="14345" /><E57/><V8/><F54/><W58/><G28/><T14/><D14/><U100/><E42/><V10/><F10/><W32/><G32/><T64/><D64/><U112/><E112/><V85/><F103/><W120/><G23/><T55/><D22/><U90/><E90/><V124/><F106/><W101/><G101/><T129/><D119/><U7/><E7/><V21/><F124/><W56/><G60/><T111/><D55/><U52/><E52/><V44/><F44/><W107/><G107/><T69/><D46/><U86/><E86/><N who="2" m="33387" /><F21/><W79/><G120/><T109/><D45/><U1/><E1/><V36/><F36/><W43/><G43/><T53/><D53/><U48/><E48/><V104/><F104/><W12/><G2/><T116/><D50/><U95/><E95/><V125/><F125/><W67/><G67/><T117/><D102/><U6/><E6/><V9/><F9/><W92/><G5/><T105/><D105/><U108/><E3/><V51/><F51/><W70/><REACH who="3" step="1"/><G12/><REACH who="3" ten="318,280,210,182" step="2"/><T20/><D20/><U30/><E30/><V89/><F89/><W61/><G61/><AGARI ba="0,1" hai="8,13,16,61,66,68,80,81" m="33387,50697" machi="61" ten="30,2900,0" yaku="20,1,54,1" doraHai="34" who="2" fromWho="3" sc="318,0,280,0,210,39,182,-29" />
</Scene>
<Scene>
<INIT seed="2,1,0,0,5,129" ten="318,280,249,153" oya="2" hai0="46,128,96,24,133,101,22,11,110,82,92,76,88" hai1="28,48,109,102,81,47,72,61,107,40,77,70,34" hai2="21,51,69,17,115,90,50,14,45,66,0,38,18" hai3="106,126,113,116,134,1,123,49,36,33,35,13,58"/><V74/><F115/><W32/><G49/><T5/><D128/><U132/><E109/><V23/><F0/><W54/><G58/><T112/><D110/><U8/><E8/><V127/><F74/><W83/><G54/><T25/><D112/><U100/><E107/><V62/><F127/><W105/><G13/><T53/><D133/><U56/><E70/><V99/><F38/><W119/><G35/><T130/><D130/><U71/><E71/><V4/><F4/><W19/><G19/><T79/><D46/><U86/><E132/><V125/><F125/><W59/><G59/><T27/><D53/><U84/><E72/><V117/><F117/><W121/><G83/><T31/><D101/><U95/><E34/><V7/><F7/><W65/><G65/><T20/><D82/><U15/><E28/><V120/><F120/><W29/><G29/><N who="0" m="17543" /><D27/><U64/><REACH who="1" step="1"/><E15/><AGARI ba="1,0" hai="5,11,15,22,25,31,76,79,88,92,96" m="17543" machi="15" ten="30,2000,0" yaku="8,1,54,1" doraHai="129" who="0" fromWho="1" sc="318,23,280,-23,249,0,153,0" />
</Scene>
<Scene>
<INIT seed="3,0,0,5,2,40" ten="341,257,249,153" oya="3" hai0="63,24,121,67,20,21,16,89,52,37,125,41,135" hai1="87,14,128,33,130,30,77,54,102,1,66,53,98" hai2="100,17,71,44,57,120,115,106,43,94,3,93,12" hai3="105,134,68,75,74,34,51,59,90,108,116,92,119"/><W22/><G68/><T86/><D121/><U97/><E1/><V133/><F3/><W31/><G34/><T123/><D123/><U35/><E66/><V103/><F71/><W113/><G105/><T79/><D79/><U13/><E77/><V26/><F120/><W4/><G4/><T46/><D125/><U82/><E82/><V111/><F111/><W19/><G31/><T29/><D135/><U6/><E87/><V45/><F115/><W27/><G113/><T109/><D109/><U25/><E6/><V127/><F106/><W36/><G36/><T8/><D8/><U96/><E102/><N who="2" m="38955" /><F43/><W118/><G134/><T95/><D52/><N who="1" m="20075" /><E35/><V7/><F57/><W10/><G10/><T91/><D91/><U70/><E70/><V18/><F127/><W73/><G108/><T5/><D5/><U15/><E33/><V50/><F50/><W55/><REACH who="3" step="1"/><G118/><REACH who="3" ten="341,257,249,143" step="2"/><T107/><D107/><U48/><E30/><V65/><F133/><W58/><G58/><T129/><D29/><U11/><E11/><N who="2" m="6303" /><F7/><W124/><G124/><T2/><D37/><U81/><E128/><V42/><F18/><W78/><G78/><T61/><D129/><U101/><E130/><V126/><F126/><W131/><G131/><T28/><D16/><U110/><E110/><V72/><F72/><W99/><AGARI ba="0,1" hai="19,22,27,51,55,59,73,74,75,90,92,99,116,119" machi="99" ten="30,3000,0" yaku="1,1,0,1,53,0" doraHai="40" doraHaiUra="38" who="3" fromWho="3" sc="341,-10,257,-10,249,-10,143,40" />
</Scene>
<Scene>
<INIT seed="3,1,0,2,4,115" ten="331,247,239,183" oya="3" hai0="86,41,58,0,113,44,18,7,17,25,26,24,111" hai1="85,84,42,82,129,30,75,103,72,43,56,49,121" hai2="128,46,134,71,107,3,55,88,34,47,28,104,101" hai3="116,125,102,15,93,76,110,122,20,9,127,130,87"/><W63/><G122/><T81/><D111/><U131/><E121/><V31/><F3/><W21/><G110/><T112/><D58/><U99/><E30/><V37/><F71/><W96/><G130/><N who="1" m="49674" /><E56/><V95/><F128/><W50/><G63/><T38/><D7/><U22/><E22/><V32/><F101/><W13/><G50/><T60/><D0/><U78/><E84/><V8/><F8/><W70/><G70/><T27/><D60/><U4/><E4/><V35/><F134/><W74/><G74/><N who="1" m="28202" /><E49/><V40/><F31/><W135/><G135/><T118/><D17/><U45/><E45/><V117/><F28/><W83/><G15/><T36/><D18/><U66/><E66/><V48/><REACH who="2" step="1"/><F117/><REACH who="2" ten="331,247,229,183" step="2"/><W11/><G116/><T65/><D118/><U89/><E78/><V54/><F54/><W126/><REACH who="3" step="1"/><G9/><REACH who="3" ten="331,247,229,173" step="2"/><T16/><D113/><U114/><E114/><V64/><F64/><W51/><G51/><T12/><D65/><U79/><E79/><V2/><F2/><W1/><G1/><T62/><D112/><U53/><E53/><V92/><F92/><AGARI ba="1,2" hai="42,43,82,85,89,92,99,103" m="28202,49674" machi="92" ten="30,1000,0" yaku="19,1" doraHai="115" who="1" fromWho="2" sc="331,0,247,33,229,-13,173,0" />
</Scene>
<Scene>
<INIT seed="4,0,0,2,4,74" ten="331,280,216,173" oya="0" hai0="105,102,118,28,2,34,107,122,5,123,126,60,17" hai1="37,6,84,8,53,127,120,7,25,135,44,55,51" hai2="78,50,43,42,114,1,95,109,49,67,115,89,71" hai3="15,4,45,117,64,0,98,119,92,32,31,11,54"/><T27/><D118/><U35/><E120/><N who="0" m="46121" /><D102/><U88/><E135/><V38/><F1/><W129/><G129/><T121/><D121/><U20/><E35/><V72/><F109/><W124/><G124/><T97/><D97/><U65/><E127/><V101/><F101/><W73/><G73/><T52/><D52/><N who="1" m="29799" /><E65/><V13/><F13/><W96/><G96/><T46/><D60/><U63/><E37/><V93/><F38/><W106/><G106/><T104/><D46/><U90/><E90/><V39/><F39/><W99/><G99/><T111/><D17/><N who="1" m="12431" /><E8/><V10/><F67/><W133/><G133/><T18/><D126/><U79/><E79/><V75/><F10/><W58/><G64/><T132/><D132/><U134/><E134/><V59/><F78/><W69/><G45/><T125/><D125/><U14/><E14/><V76/><F76/><W91/><G15/><T80/><D111/><U100/><E100/><V116/><F89/><W23/><G119/><T85/><D107/><U47/><E47/><V29/><F116/><W70/><G117/><T86/><D105/><U12/><E12/><V22/><F71/><W16/><G58/><T48/><D104/><U82/><E63/><V83/><F43/><W19/><G54/><AGARI ba="0,0" hai="6,7,53,54,55,82,84,88" m="12431,29799" machi="54" ten="30,3900,0" yaku="8,1,54,2" doraHai="74" who="1" fromWho="3" sc="331,0,280,39,216,0,173,-39" />
</Scene>
<Scene>
<INIT seed="5,0,0,5,2,48" ten="331,319,216,134" oya="1" hai0="80,92,20,119,13,58,66,29,28,121,16,76,68" hai1="70,78,8,34,0,112,40,134,67,10,21,101,3" hai2="46,79,42,73,44,27,127,59,103,1,2,89,37" hai3="43,84,128,23,91,60,86,81,96,62,117,100,56"/><U57/><E34/><V71/><F71/><W110/><G128/><T113/><D119/><U132/><E112/><V106/><F89/><W52/><G110/><T12/><D113/><U69/><E101/><V97/><F127/><W114/><G114/><T72/><D68/><N who="1" m="26219" /><E40/><V75/><F59/><W74/><G74/><T53/><D66/><U104/><E104/><V135/><F135/><N who="1" m="51753" /><E78/><V64/><F64/><W115/><G117/><T9/><D121/><U99/><E99/><V24/><F79/><W65/><G115/><T87/><D92/><U15/><E21/><V102/><F97/><W93/><G43/><T122/><D72/><U18/><E10/><V123/><F42/><W41/><G41/><T129/><D129/><U124/><E124/><V108/><F106/><W83/><G23/><T5/><D122/><U25/><E25/><V130/><F123/><W4/><G4/><T31/><D31/><U6/><E6/><V109/><F130/><W94/><G86/><T133/><D133/><U45/><E45/><V126/><F126/><W54/><G65/><T51/><AGARI ba="0,0" hai="5,9,12,13,16,20,28,29,51,53,58,76,80,87" machi="51" ten="20,8000,1" yaku="0,1,7,1,8,1,52,1,54,1" doraHai="48" who="0" fromWho="0" sc="331,80,319,-40,216,-20,134,-20" />
</Scene>
<Scene>
<INIT seed="6,0,0,4,2,1" ten="411,279,196,114" oya="2" hai0="124,35,73,104,103,23,131,80,13,69,125,4,77" hai1="53,86,45,96,98,88,14,102,30,24,106,18,123" hai2="36,111,15,120,75,95,63,91,90,85,82,43,52" hai3="92,121,78,117,0,39,29,94,3,81,2,40,100"/><V62/><F120/><W64/><G121/><T19/><D69/><U87/><E123/><V25/><F111/><W33/><G64/><T71/><D71/><U5/><E5/><V126/><F126/><N who="0" m="48746" /><D35/><U65/><E65/><V59/><F75/><W132/><G132/><T79/><D79/><U6/><E6/><V107/><F107/><W27/><G100/><T20/><D4/><U84/><E45/><V12/><F36/><W46/><G94/><T93/><D131/><U70/><E70/><V68/><F43/><W61/><G92/><T89/><D104/><U108/><E53/><V32/><F68/><W11/><G61/><T116/><D116/><U119/><E119/><V101/><F101/><W129/><G117/><T127/><D127/><U134/><E108/><V133/><F133/><W135/><G135/><T118/><D118/><U37/><E37/><V54/><F25/><W47/><G47/><T122/><D122/><U51/><E51/><V83/><F32/><W10/><G129/><T60/><D60/><U58/><E58/><N who="2" m="35143" /><F83/><W49/><G49/><T67/><D67/><U97/><E134/><V55/><F54/><W128/><G128/><T76/><D103/><U22/><REACH who="1" step="1"/><E88/><REACH who="1" ten="411,269,196,114" step="2"/><V109/><F109/><W42/><REACH who="3" step="1"/><G42/><REACH who="3" ten="411,269,196,104" step="2"/><T130/><D130/><U57/><E57/><V110/><F110/><W31/><G31/><T38/><D38/><U50/><E50/><V48/><F48/><W21/><G21/><AGARI ba="0,2" hai="14,18,21,22,24,30,84,86,87,96,97,98,102,106" machi="21" ten="40,1300,0" yaku="1,1,53,0" doraHai="1" doraHaiUra="114" who="1" fromWho="3" sc="411,0,269,33,196,0,104,-13" />
</Scene>
<Scene>
<INIT seed="7,0,0,4,1,6" ten="411,302,196,91" oya="3" hai0="111,109,72,27,70,96,100,19,71,38,47,95,0" hai1="7,66,57,124,28,73,25,98,116,129,119,82,44" hai2="120,61,123,23,67,99,63,41,60,52,101,40,126" hai3="108,86,79,122,134,90,22,78,117,58,77,105,31"/><W21/><G122/><N who="2" m="46633" /><F126/><W107/><G117/><T64/><D72/><U106/><E57/><N who="2" m="34855" /><F23/><W87/><G134/><T93/><D0/><U54/><E82/><V49/><F49/><W92/><G108/><T55/><D95/><U48/><E98/><V88/><F88/><W80/><G58/><T36/><D19/><U43/><E124/><V125/><F125/><W97/><G22/><T15/><D15/><U76/><E48/><V26/><F26/><W104/><G21/><T74/><D74/><U91/><E73/><V39/><F39/><W12/><G12/><T1/><D93/><U37/><E25/><V68/><F63/><W9/><G9/><T45/><D70/><U30/><E37/><V132/><F132/><W103/><REACH who="3" step="1"/><G31/><REACH who="3" ten="411,302,196,81" step="2"/><T11/><D11/><U51/><E30/><V110/><F110/><W14/><G14/><T24/><D111/><U35/><E28/><V112/><F112/><W75/><G75/><T50/><D109/><U32/><E119/><V33/><F33/><W130/><G130/><T5/><D27/><U115/><E129/><V20/><F20/><W128/><G128/><T94/><D24/><U81/><E115/><V2/><F2/><W62/><G62/><T127/><D127/><U17/><E116/><V131/><F131/><W89/><AGARI ba="0,1" hai="77,78,79,80,86,87,89,90,92,97,103,104,105,107" machi="89" ten="30,24000,3" yaku="1,1,0,1,35,6,53,0" doraHai="6" doraHaiUra="34" who="3" fromWho="3" sc="411,-80,302,-80,196,-80,81,250" />
</Scene>
<Scene>
<INIT seed="7,1,0,3,0,32" ten="331,222,116,331" oya="3" hai0="75,12,58,43,9,107,66,82,106,117,15,35,38" hai1="44,13,103,81,56,108,123,124,101,4,94,105,17" hai2="55,68,98,128,110,133,26,47,30,69,83,22,52" hai3="25,27,65,42,21,45,73,41,121,29,48,59,116"/><W135/><G121/><T24/><D117/><U46/><E123/><V85/><F110/><W77/><G116/><T91/><D38/><U89/><E108/><V90/><F128/><W40/><G73/><T84/><D43/><U16/><E124/><V126/><F126/><W10/><G135/><T131/><D75/><U74/><E105/><V100/><F133/><W51/><G77/><T111/><D111/><U3/><E56/><V112/><F112/><W79/><G79/><T76/><D91/><U33/><E33/><V36/><F36/><W122/><G122/><T53/><D66/><U57/><E57/><V11/><F69/><W31/><G10/><T129/><D24/><U70/><E70/><V6/><F68/><W132/><G132/><T130/><D35/><U8/><E74/><V39/><F39/><W134/><G134/><T71/><D71/><U86/><E101/><V7/><F47/><N who="1" m="17961" /><E3/><V87/><F87/><W96/><G96/><AGARI ba="1,0" hai="4,8,13,16,17,81,86,89,94,96,103" m="17961" machi="96" ten="30,2000,0" yaku="8,1,54,1" doraHai="32" who="1" fromWho="3" sc="331,0,222,23,116,0,331,-23" owari="331,42.0,245,-15.0,116,-38.0,308,11.0" />
</Scene>
</mjloggm>