<mjloggm ver="2.3"><GO type="169"/><UN n0="%54%4B%54%4D" n1="%E3%81%8D%E3%81%BE%E3%81%99" n2="%E5%A4%AA%E3%81%8F%E3%81%AA%E3%81%84%E3%81%8A" n3="%E3%81%B2%E3%81%AE%E3%81%A8%E3%82%8A%E3%81%AE%E3%81%B2%E3%81%A8%E3%82%8A" dan="16,16,16,16" rate="2022,2061,2103,2041" sx="M,M,M,M"/><TAIKYOKU oya="0"/>

<Scene>
<INIT seed="0,0,0,3,3,69" ten="250,250,250,250" oya="0" hai0="64,103,92,66,12,101,93,31,6,58,48,4,110" hai1="120,80,122,125,102,1,76,100,33,10,72,32,75" hai2="96,14,85,86,107,30,60,79,71,43,123,84,13" hai3="99,7,127,82,56,53,5,91,132,51,16,21,116"/><T83/><D31/><U89/><E125/><V35/><F123/><W41/><G127/><T46/><D110/><U36/><E75/><V17/><F43/><W39/><G116/><T128/><D128/><U0/><E89/><V118/><F118/><W111/><G111/><T65/><D83/><U15/><E120/><V135/><F135/><W29/><G29/><T54/><D58/><U106/><E122/><V129/><F129/><W57/><G132/><T95/><REACH who="0" step="1"/><D12/><REACH who="0" ten="240,250,250,250" step="2"/><U67/><E15/><V18/><F13/><W47/><G57/><T94/><N who="0" m="23552" /><DORA hai="11" /><T90/><D90/><U34/><E80/><V2/><F14/><W114/><G82/><T68/><D68/><U119/><E119/><V25/><F79/><W115/><G91/><T109/><D109/><U20/><E76/><V28/><F30/><W42/><G56/><T38/><D38/><U113/><E36/><V27/><F27/><W50/><G39/><T134/><D134/><U117/><E117/><V62/><F71/><W61/><G114/><T105/><D105/><U3/><E106/><V37/><F37/><W8/><G115/><T26/><D26/><U9/><E0/><V24/><F2/><W130/><G130/><T23/><D23/><U108/><E20/><N who="2" m="13335" /><F17/><W124/><G16/><T73/><D73/><U131/><E3/><V63/><F107/><W133/><G124/><T98/><D98/><U45/><E1/><V49/><F96/><W44/><G99/><T81/><D81/><U22/><E108/><V126/><F126/><W112/><G133/><T55/><D55/><U59/><E131/><RYUUKYOKU ba="0,1" sc="240,15,250,-15,250,15,250,-15" hai0="4,6,46,48,54,64,65,66,101,103" hai2="25,28,35,49,60,62,63,84,85,86" />
</Scene>
<Scene>
<INIT seed="0,1,1,3,3,81" ten="255,235,265,235" oya="0" hai0="85,41,1,20,115,91,72,112,9,64,5,124,122" hai1="52,90,11,76,24,110,39,134,73,70,4,25,103" hai2="128,26,120,84,94,45,131,69,111,28,92,43,31" hai3="119,130,60,66,19,34,82,59,37,27,10,133,107"/><T47/><D72/><U114/><E39/><N who="2" m="21759" /><F120/><W44/><G119/><T54/><D122/><U29/><E134/><V15/><F69/><W46/><G133/><T65/><D124/><U135/><E135/><V33/><F31/><W22/><G107/><T57/><D20/><U77/><E70/><V38/><F38/><W61/><G130/><N who="2" m="49705" /><F111/><W75/><G37/><T121/><D121/><U129/><E110/><V35/><F15/><N who="3" m="7671" /><G34/><N who="2" m="12809" /><F84/><W102/><G75/><T88/><D115/><U42/><E129/><V18/><F18/><N who="3" m="12759" /><G102/><T13/><D1/><U127/><E73/><V17/><F17/><W126/><G126/><T100/><D112/><U93/><E127/><V8/><F8/><W99/><G99/><T95/><D100/><U78/><E103/><V7/><F7/><W56/><G82/><T55/><D91/><U98/><E114/><V74/><F74/><W125/><G125/><T53/><REACH who="0" step="1"/><D57/><REACH who="0" ten="245,235,265,235" step="2"/><U83/><E29/><V32/><AGARI ba="1,2" hai="26,28,32,92,94" m="12809,49705,21759" machi="32" ten="30,1100,0" yaku="19,1" doraHai="81" who="2" fromWho="2" sc="245,-6,235,-4,265,34,235,-4" />
</Scene>
<Scene>
<INIT seed="1,0,0,3,0,133" ten="239,231,299,231" oya="1" hai0="74,33,85,82,12,57,30,9,21,76,113,88,118" hai1="117,1,63,44,131,60,51,134,22,89,32,25,75" hai2="58,0,45,111,125,40,90,7,108,19,86,119,17" hai3="26,129,81,14,79,16,59,69,112,68,66,98,67"/><U34/><E117/><V28/><F119/><W62/><G112/><T54/><D33/><U18/><E1/><V78/><F28/><W8/><G129/><T29/><D118/><U50/><E75/><V6/><F78/><W132/><G132/><T5/><D21/><U4/><E134/><V13/><F58/><W97/><G26/><T2/><D2/><U53/><E4/><V121/><F121/><W49/><G49/><T84/><D74/><U47/><E131/><V87/><F0/><W72/><REACH who="3" step="1"/><G59/><REACH who="3" ten="239,231,299,221" step="2"/><T15/><D113/><U107/><E34/><V77/><F111/><W23/><G23/><T36/><D36/><U93/><E32/><V120/><F108/><W106/><G106/><T103/><D103/><U102/><E107/><V37/><F37/><W52/><G52/><T80/><D15/><U61/><E61/><AGARI ba="0,1" hai="8,14,16,61,62,66,67,68,69,72,79,81,97,98" machi="61" ten="40,5200,0" yaku="1,1,9,1,54,1,53,0" doraHai="133" doraHaiUra="99" who="3" fromWho="1" sc="239,0,231,-52,299,0,221,62" /><AGARI ba="0,0" hai="5,9,12,29,30,54,57,61,76,80,82,84,85,88" machi="61" ten="30,3900,0" yaku="7,1,8,1,54,1" doraHai="133" who="0" fromWho="1" sc="239,39,179,-39,299,0,283,0" />
</Scene>
<Scene>
<INIT seed="2,0,0,3,5,89" ten="278,140,299,283" oya="2" hai0="27,53,118,104,131,45,112,100,128,38,24,110,98" hai1="75,46,78,111,49,92,87,113,94,129,9,29,50" hai2="2,59,41,57,32,19,135,70,40,58,1,117,48" hai3="103,26,97,39,116,63,82,54,90,109,73,64,69"/><V102/><F117/><W0/><G116/><T11/><D118/><U74/><E129/><N who="0" m="49737" /><D112/><U119/><E113/><V85/><F70/><W30/><G0/><T96/><D110/><U122/><E111/><V81/><F32/><N who="3" m="20567" /><G109/><T33/><D11/><U35/><E122/><V99/><F135/><W16/><G39/><T23/><D96/><U76/><E119/><V51/><F19/><W31/><G31/><T56/><D45/><U134/><E29/><V80/><F85/><N who="3" m="50487" /><G73/><T12/><D38/><U37/><E35/><V60/><F60/><W105/><G54/><T101/><D100/><U123/><E37/><V14/><F14/><W67/><G67/><T88/><D33/><U3/><E134/><V86/><F86/><W13/><G13/><T18/><D88/><U61/><E123/><V10/><F10/><W77/><G77/><T62/><AGARI ba="0,0" hai="12,18,23,24,27,53,56,62,98,101,104" m="49737" machi="62" ten="30,1100,0" yaku="19,1" doraHai="89" who="0" fromWho="0" sc="278,11,140,-3,299,-5,283,-3" />
</Scene>
<Scene>
<INIT seed="3,0,0,4,4,111" ten="289,137,294,280" oya="3" hai0="131,89,7,64,95,106,127,129,133,125,99,0,113" hai1="39,33,42,32,49,121,29,62,80,4,132,126,90" hai2="15,8,75,9,19,74,63,115,85,45,13,98,56" hai3="18,109,12,122,87,96,70,117,101,124,102,59,10"/><W77/><G117/><T53/><D64/><U66/><E121/><V11/><F115/><W35/><G122/><T21/><D0/><U67/><E126/><N who="0" m="48137" /><D7/><U76/><E132/><V104/><F45/><W14/><G124/><T68/><D68/><U34/><E90/><V51/><F51/><W40/><G70/><T58/><D133/><U118/><E29/><V79/><F85/><W44/><G109/><T41/><D41/><U108/><E108/><V92/><F104/><W20/><G35/><T71/><D71/><U81/><E118/><V88/><F79/><W72/><G72/><T17/><D106/><U37/><E4/><V83/><F83/><N who="3" m="47599" /><G59/><T128/><D113/><U16/><E80/><V43/><F43/><W52/><G96/><T30/><D30/><U116/><E116/><V26/><F26/><N who="3" m="14615" /><G40/><T110/><D110/><U47/><E67/><V114/><F114/><W28/><G28/><T103/><D103/><N who="3" m="39433" /><G10/><T94/><D95/><U48/><E39/><V2/><F2/><W31/><G31/><T78/><D78/><U69/><REACH who="1" step="1"/><E16/><REACH who="1" ten="289,127,294,280" step="2"/><V112/><F112/><W120/><G120/><T22/><D17/><U86/><AGARI ba="0,1" hai="32,33,34,37,42,47,48,49,62,66,69,76,81,86" machi="86" ten="30,7900,0" yaku="1,1,2,1,0,1,53,1" doraHai="111" doraHaiUra="73" who="1" fromWho="1" sc="289,-20,127,89,294,-20,280,-39" />
</Scene>
<Scene>
<INIT seed="4,0,0,5,0,88" ten="269,216,274,241" oya="0" hai0="97,135,48,29,75,4,132,49,101,112,58,22,36" hai1="6,7,116,43,98,0,92,23,96,15,24,10,25" hai2="89,83,31,94,125,99,84,16,55,74,65,8,11" hai3="33,85,104,122,9,12,13,53,44,45,127,128,72"/><T111/><D36/><U66/><E116/><V121/><F121/><W39/><G122/><T115/><D75/><U118/><E118/><V78/><F125/><W60/><G127/><T100/><D4/><U119/><E119/><V107/><F31/><W71/><G72/><T19/><D29/><U41/><E66/><V80/><F65/><W32/><G104/><T18/><D111/><U133/><E133/><N who="0" m="51273" /><D101/><U64/><E64/><V37/><F37/><W106/><G106/><T50/><D58/><U40/><E98/><V103/><F55/><W131/><G85/><T91/><D91/><U63/><E63/><V3/><F3/><W57/><G71/><T46/><D46/><N who="3" m="18025" /><G39/><T110/><D110/><U95/><E96/><V69/><F69/><W86/><G86/><T120/><D120/><U73/><E73/><V1/><F1/><W56/><G56/><T82/><D82/><U59/><E59/><V27/><F83/><W21/><G21/><AGARI ba="0,0" hai="8,11,16,21,27,74,78,80,84,89,94,99,103,107" machi="21" ten="40,8000,1" yaku="24,2,52,1,54,1" doraHai="88" who="2" fromWho="3" sc="269,0,216,0,274,80,241,-80" />
</Scene>
<Scene>
<INIT seed="5,0,0,3,1,18" ten="269,216,354,161" oya="1" hai0="69,34,79,22,5,26,131,51,82,29,81,15,133" hai1="52,28,76,53,80,114,10,12,99,63,135,4,0" hai2="127,106,27,124,108,88,92,120,41,125,61,19,45" hai3="71,6,90,21,49,7,59,8,93,33,24,100,91"/><U84/><E114/><V111/><F120/><W74/><G71/><T57/><D69/><U35/><E135/><V47/><F106/><W78/><G33/><T50/><D133/><U101/><E0/><V105/><F105/><W3/><G7/><T98/><D131/><U112/><E112/><V60/><F27/><W25/><G100/><T46/><D34/><U115/><E115/><V65/><F19/><W68/><G68/><T122/><D122/><U77/><E77/><V30/><F30/><W72/><G25/><T94/><D79/><U95/><E28/><V130/><F130/><W132/><G132/><T70/><D70/><U36/><E35/><V116/><F116/><W31/><G78/><T97/><D97/><U104/><E36/><N who="2" m="21671" /><F47/><W37/><G37/><T43/><D51/><U9/><E9/><V32/><F32/><W16/><G31/><T14/><D57/><U96/><REACH who="1" step="1"/><E63/><REACH who="1" ten="269,206,354,161" step="2"/><N who="2" m="24139" /><F65/><W1/><G1/><T110/><D110/><U126/><E126/><V62/><F62/><W55/><REACH who="3" step="1"/><G90/><AGARI ba="0,1" hai="4,10,12,52,53,76,80,84,90,95,96,99,101,104" machi="90" ten="30,11600,0" yaku="1,1,7,1,54,1,53,1" doraHai="18" doraHaiUra="2" who="1" fromWho="3" sc="269,0,206,126,354,0,161,-116" />
</Scene>
<Scene>
<INIT seed="5,1,0,1,4,45" ten="269,332,354,45" oya="1" hai0="44,58,119,31,62,20,72,23,83,41,98,25,6" hai1="110,67,111,88,40,42,125,90,51,1,36,131,124" hai2="117,60,130,32,96,127,103,75,5,126,11,33,106" hai3="70,133,74,29,135,77,128,129,100,65,43,53,46"/><U108/><E67/><V134/><F117/><W0/><G0/><T89/><D119/><U48/><E1/><N who="2" m="431" /><F75/><W13/><G29/><T7/><D20/><U24/><E24/><V132/><F60/><N who="3" m="40231" /><G100/><T17/><D31/><U102/><E102/><V116/><F116/><W34/><G13/><T57/><D72/><U76/><E76/><V10/><F10/><W118/><G34/><N who="2" m="13417" /><F130/><N who="3" m="50283" /><G77/><T59/><D62/><U8/><E8/><V78/><F78/><W123/><G74/><T122/><D122/><U2/><E2/><V73/><F73/><W86/><G86/><T101/><D89/><N who="1" m="34411" /><E131/><V3/><F3/><W38/><G118/><T69/><D83/><U54/><E54/><V109/><F109/><W9/><G9/><T14/><D69/><U28/><E28/><V105/><F106/><W52/><G123/><T39/><D25/><U82/><E36/><V19/><F19/><W120/><G120/><T63/><D63/><U114/><E82/><V55/><F55/><AGARI ba="1,0" hai="38,43,46,52,53,55,133,135" m="50283,40231" machi="55" ten="30,7700,0" yaku="19,1,34,2,54,1" doraHai="45" who="3" fromWho="2" sc="269,0,332,0,354,-80,45,80" />
</Scene>
<Scene>
<INIT seed="6,0,0,5,2,108" ten="269,332,274,125" oya="2" hai0="20,118,111,58,97,2,110,36,104,103,66,126,120" hai1="37,96,52,116,48,38,125,123,82,32,65,131,91" hai2="12,113,63,117,61,81,109,127,133,130,134,29,13" hai3="85,83,124,17,54,70,9,60,114,128,41,3,98"/><V122/><F122/><W47/><G128/><T64/><D2/><U16/><E123/><V14/><F117/><W26/><G124/><T15/><D36/><U76/><E131/><V57/><F130/><W99/><G3/><T84/><D118/><U31/><E65/><V11/><F127/><W72/><G72/><T5/><D126/><U35/><E35/><V10/><F109/><W73/><G73/><T95/><D120/><U115/><E37/><V7/><F29/><W0/><G0/><T25/><D104/><U90/><E38/><V22/><F81/><W1/><G1/><T30/><D84/><U101/><E31/><V100/><F100/><W19/><G19/><T69/><D69/><U49/><E16/><N who="2" m="10519" /><F57/><N who="3" m="34871" /><G70/><T71/><D71/><U40/><E32/><V53/><F53/><W102/><G102/><T33/><D33/><U62/><E52/><V67/><F67/><W112/><G9/><N who="0" m="4527" /><D66/><U28/><E101/><V77/><F77/><N who="3" m="46319" /><G26/><T44/><D44/><U121/><E76/><V21/><F63/><AGARI ba="0,0" hai="20,25,30,58,63,64,95,97,103,110,111" m="4527" machi="63" ten="30,1000,0" yaku="25,1" doraHai="108" who="0" fromWho="2" sc="269,10,332,0,274,-10,125,0" />
</Scene>
<Scene>
<INIT seed="7,0,0,3,3,119" ten="279,332,264,125" oya="3" hai0="45,55,110,63,101,41,39,81,80,54,3,104,123" hai1="125,31,74,7,20,8,71,5,135,102,61,38,85" hai2="100,35,76,34,108,4,77,37,121,91,18,83,58" hai3="6,15,87,27,70,113,132,127,69,95,120,12,36"/><W29/><G36/><T114/><D110/><U90/><E74/><V24/><F108/><W133/><G113/><T56/><D3/><U1/><E7/><V60/><F37/><W23/><G127/><T89/><D114/><U67/><E125/><V118/><F118/><W46/><G46/><T22/><D123/><U75/><E102/><V16/><F100/><W0/><G0/><T115/><D115/><U40/><E135/><N who="3" m="51786" /><G6/><T9/><D9/><U65/><E65/><V25/><F4/><W72/><G72/><T2/><D2/><U32/><E32/><V17/><F35/><W10/><G10/><T107/><D80/><U126/><E40/><V44/><F44/><W109/><G109/><T128/><D128/><U52/><E8/><V53/><F121/><W129/><G129/><T117/><D117/><U33/><E33/><V78/><REACH who="2" step="1"/><F34/><REACH who="2" ten="279,332,254,125" step="2"/><W116/><G116/><T122/><D101/><U131/><E5/><V47/><F47/><W19/><G120/><T111/><D111/><U68/><E131/><V14/><F14/><N who="3" m="5163" /><G29/><T43/><D122/><U48/><E31/><V97/><F97/><W62/><G62/><T42/><D107/><U86/><E126/><V94/><F94/><W64/><G64/><T103/><D104/><U124/><E61/><V99/><F99/><W112/><G112/><T11/><D103/><U21/><E67/><V49/><F49/><W59/><G59/><T84/><D45/><U13/><E48/><V134/><F134/><W96/><G96/><T79/><D39/><U50/><E124/><V73/><F73/><W105/><G105/><RYUUKYOKU ba="0,1" sc="279,-15,332,-15,254,15,125,15" hai2="16,17,18,24,25,53,58,60,76,77,78,83,91" hai3="19,23,27,69,70,87,95" />
</Scene>
<Scene>
<INIT seed="7,1,1,2,4,8" ten="264,317,269,140" oya="3" hai0="25,61,39,86,100,74,1,101,54,26,20,48,6" hai1="27,67,62,133,120,114,127,36,7,97,132,73,115" hai2="88,22,89,104,87,134,0,11,51,52,118,123,16" hai3="29,41,31,58,69,15,23,17,2,28,107,130,108"/><W98/><G69/><T126/><D74/><U124/><E73/><V43/><F118/><W49/><G2/><T131/><D39/><U13/><E97/><V53/><F104/><W128/><G108/><T112/><D131/><N who="3" m="50217" /><G41/><T85/><D126/><N who="1" m="48171" /><E36/><V125/><F125/><W12/><G107/><T109/><D109/><U106/><E27/><N who="2" m="14791" /><F0/><W93/><G58/><T96/><D112/><N who="1" m="43051" /><E106/><V68/><F68/><W50/><G12/><T92/><D101/><AGARI ba="1,1" hai="15,17,23,28,29,31,49,50,93,98,101" m="50217" machi="101" ten="30,2900,0" yaku="19,1,52,1" doraHai="8" who="3" fromWho="0" sc="264,-32,317,0,269,0,140,42" />
</Scene>
<Scene>
<INIT seed="7,2,0,2,0,123" ten="232,317,269,182" oya="3" hai0="132,103,15,131,117,95,81,70,100,9,120,55,87" hai1="23,112,44,28,99,51,130,105,33,4,96,118,20" hai2="40,102,7,107,76,58,21,16,8,128,98,97,110" hai3="47,41,86,122,17,72,6,127,27,101,22,12,79"/><W43/><G122/><T63/><D120/><U126/><E118/><V49/><F128/><W48/><G72/><T68/><D117/><U53/><E126/><V115/><F115/><W125/><G43/><T116/><D116/><U45/><E130/><V34/><F34/><W71/><G71/><T66/><D131/><U114/><E33/><V60/><F76/><W65/><G65/><T18/><D132/><U90/><E4/><V111/><F97/><W26/><G101/><T133/><D133/><U124/><E90/><V113/><F113/><N who="1" m="43625" /><E124/><V62/><F40/><W93/><G27/><T84/><D70/><U11/><E11/><V89/><F89/><W67/><G67/><T32/><D32/><U0/><E0/><V50/><F50/><W88/><REACH who="3" step="1"/><G79/><REACH who="3" ten="232,317,269,172" step="2"/><T109/><D55/><U57/><E105/><V69/><F69/><W29/><G29/><T31/><D31/><U82/><E28/><V74/><F74/><W1/><G1/><T54/><D54/><U134/><E134/><V75/><F75/><W3/><G3/><T85/><D81/><U36/><E82/><V64/><F64/><W92/><G92/><T56/><D68/><U2/><E2/><V61/><F107/><W78/><G78/><T135/><D135/><U121/><E121/><V80/><F80/><W24/><G24/><T59/><D95/><U52/><E53/><V30/><F30/><W10/><AGARI ba="2,1" hai="6,10,12,17,22,26,41,47,48,86,88,93,125,127" machi="10" ten="30,11700,0" yaku="1,1,0,1,54,1,53,1" doraHai="123" doraHaiUra="42" who="3" fromWho="3" sc="232,-41,317,-41,269,-41,172,133" owari="191,-31.0,276,8.0,228,-17.0,305,40.0" />
</Scene>
</mjloggm>