<mjloggm ver="2.3"><GO type="169" lobby="0"/><UN n0="%E3%83%80%E3%83%9E%E3%83%86%E3%83%B3" n1="%E5%A4%AA%E3%81%8F%E3%81%AA%E3%81%84%E3%81%8A" n2="%68%69%67%68%31%35%31%35" n3="%E8%B6%85%E3%83%87%E3%82%B8%E3%82%BF%E3%83%AB%E6%B4%BE" dan="16,17,16,17" rate="2108.81,2176.92,2105.81,2115.14" sx="M,M,M,M"/><TAIKYOKU oya="0"/>

<Scene>
<INIT seed="0,0,0,4,2,10" ten="250,250,250,250" oya="0" hai0="34,59,111,43,81,62,98,11,30,113,127,74,45" hai1="7,68,50,107,49,73,38,126,46,121,76,21,14" hai2="24,106,110,48,75,8,99,132,54,118,1,117,18" hai3="4,60,61,19,72,63,78,31,129,93,108,39,71"/><T100/><D113/><U56/><E121/><V58/><F75/><W109/><G71/><T25/><D11/><U33/><E33/><V77/><F110/><W0/><G39/><T134/><D134/><U122/><E68/><V64/><F132/><W83/><G129/><T27/><D127/><U16/><E122/><V55/><F77/><W15/><G31/><T36/><D25/><U128/><E107/><V87/><F87/><W13/><G0/><T70/><D70/><U133/><E133/><V51/><F64/><W131/><G131/><T135/><D135/><U3/><E128/><V94/><F106/><W69/><G69/><T80/><D74/><U44/><E126/><V29/><F1/><W114/><G114/><T97/><D97/><U17/><E3/><V96/><F18/><W86/><G4/><T91/><D91/><U67/><E38/><V53/><F8/><W90/><G19/><T26/><D26/><U9/><E76/><V5/><F5/><W120/><G120/><T125/><D125/><U57/><E73/><V28/><F54/><W119/><G119/><N who="2" m="45577" /><F24/><W32/><G32/><T41/><D43/><N who="1" m="24735" /><E67/><V92/><F96/><W95/><G93/><N who="2" m="35945" /><F99/><W115/><G115/><T104/><REACH who="0" step="1"/><D111/><AGARI ba="0,0" hai="13,15,60,61,63,72,78,83,86,90,95,108,109,111" machi="111" ten="40,5200,0" yaku="14,1,52,2" doraHai="10" who="3" fromWho="0" sc="250,-52,250,0,250,0,250,52" />
</Scene>
<Scene>
<INIT seed="1,0,0,2,3,45" ten="198,250,250,302" oya="1" hai0="13,86,59,24,73,132,93,26,40,88,113,69,105" hai1="82,130,22,3,6,18,30,85,31,67,62,5,129" hai2="7,4,41,112,97,109,2,96,83,80,27,89,16" hai3="135,47,23,133,43,101,99,72,17,61,102,84,56"/><U90/><E30/><V127/><F109/><W34/><G72/><T110/><D113/><U11/><E31/><V76/><F112/><W100/><G34/><T92/><D69/><U103/><E103/><V74/><F127/><W123/><G99/><T63/><D105/><U46/><E6/><V104/><F41/><W35/><G35/><T95/><D73/><U33/><E33/><V78/><F2/><W117/><G84/><T60/><D110/><U8/><E8/><V77/><F89/><W91/><G91/><T70/><D132/><N who="3" m="50761" /><G123/><T122/><D122/><U57/><REACH who="1" step="1"/><E46/><REACH who="1" ten="198,240,250,302" step="2"/><V0/><F7/><W118/><G23/><T71/><D13/><AGARI ba="0,1" hai="3,5,11,13,18,22,57,62,67,82,85,90,129,130" machi="13" ten="40,3900,0" yaku="1,1,2,1,53,0" doraHai="45" doraHaiUra="51" who="1" fromWho="0" sc="198,-39,240,49,250,0,302,0" />
</Scene>
<Scene>
<INIT seed="1,1,0,1,3,85" ten="159,289,250,302" oya="1" hai0="4,52,76,115,28,101,99,37,78,47,94,124,119" hai1="40,46,9,75,69,39,73,16,26,36,59,11,20" hai2="108,131,95,25,29,53,44,82,58,116,48,23,49" hai3="32,83,118,74,86,71,132,111,126,45,89,100,114"/><U96/><E69/><V21/><F116/><W63/><G114/><T105/><D119/><U22/><E39/><V79/><F108/><W92/><G118/><T128/><D115/><U35/><E35/><V31/><F131/><W112/><G112/><T3/><D128/><U110/><E110/><V102/><F102/><W134/><G32/><T88/><D124/><U127/><E127/><V87/><F95/><W13/><G126/><T61/><D37/><U103/><E59/><V68/><F68/><W121/><G111/><T97/><D28/><U123/><E123/><V117/><F117/><W14/><G121/><T15/><D3/><U67/><E67/><V72/><F72/><W122/><G122/><T51/><REACH who="0" step="1"/><D61/><REACH who="0" ten="149,289,250,302" step="2"/><U130/><E130/><V65/><F31/><W6/><G63/><T106/><D106/><U113/><E113/><V120/><F120/><W64/><G134/><T93/><D93/><U84/><E36/><V133/><F133/><W7/><G92/><T10/><AGARI ba="1,1" hai="4,10,15,47,51,52,76,78,88,94,97,99,101,105" machi="10" ten="30,8000,1" yaku="1,1,0,1,52,1,54,2,53,0" doraHai="85" doraHaiUra="30" who="0" fromWho="0" sc="149,93,289,-41,250,-21,302,-21" />
</Scene>
<Scene>
<INIT seed="2,0,0,3,5,98" ten="242,248,229,281" oya="2" hai0="100,76,63,34,23,74,36,62,25,18,60,95,116" hai1="123,17,120,57,32,81,69,26,125,22,31,46,86" hai2="101,16,90,2,52,89,53,43,111,113,45,29,135" hai3="68,28,114,5,117,129,96,93,78,115,35,54,24"/><V127/><F113/><W73/><G117/><T124/><D36/><U108/><E69/><V85/><F2/><W42/><G68/><T15/><D116/><U58/><E108/><V12/><F111/><W104/><G104/><T92/><D124/><U19/><E125/><V82/><F127/><W66/><G66/><T11/><D34/><U9/><E46/><V30/><F135/><W83/><G129/><T67/><D74/><U107/><E107/><V103/><F90/><W131/><G131/><T112/><D76/><N who="1" m="46375" /><E9/><N who="2" m="6159" /><F43/><W48/><G5/><T59/><D112/><U61/><E32/><V7/><F7/><W56/><REACH who="3" step="1"/><G42/><REACH who="3" ten="242,248,229,271" step="2"/><T105/><D105/><U134/><E134/><V49/><F53/><W55/><G55/><T109/><D109/><U87/><E123/><V128/><F128/><W88/><AGARI ba="0,1" hai="24,28,35,48,54,56,73,78,83,88,93,96,114,115" machi="88" ten="30,4000,0" yaku="1,1,0,1,54,1,53,0" doraHai="98" doraHaiUra="0" who="3" fromWho="3" sc="242,-10,248,-10,229,-20,271,50" />
</Scene>
<Scene>
<INIT seed="3,0,0,3,4,69" ten="232,238,209,321" oya="3" hai0="57,127,94,14,23,56,97,13,51,34,25,116,48" hai1="65,95,7,27,86,12,2,110,33,58,88,63,122" hai2="93,108,67,37,98,4,99,117,17,26,100,125,61" hai3="79,119,132,84,118,52,44,43,85,128,92,10,90"/><W64/><G128/><T40/><D116/><U102/><E122/><V54/><F117/><W76/><G132/><T107/><D34/><U80/><E110/><V46/><F108/><W75/><G119/><T101/><D107/><U74/><E2/><V0/><F125/><W96/><G118/><T70/><D70/><U5/><E12/><N who="0" m="4713" /><D127/><U87/><E74/><V124/><F124/><W121/><G121/><T120/><D120/><U18/><E33/><V55/><F0/><W113/><G113/><T3/><D3/><U50/><E50/><N who="0" m="18985" /><D40/><U109/><E109/><V91/><F4/><W129/><G129/><T45/><D45/><U30/><E30/><AGARI ba="0,0" hai="23,25,30,56,57,94,97,101" m="18985,4713" machi="30" ten="30,1000,0" yaku="8,1" doraHai="69" who="0" fromWho="1" sc="232,10,238,-10,209,0,321,0" />
</Scene>
<Scene>
<INIT seed="4,0,0,1,2,53" ten="242,228,209,321" oya="0" hai0="87,118,75,84,106,109,50,85,68,19,72,120,13" hai1="47,125,29,52,83,18,117,37,61,113,115,64,65" hai2="96,77,63,60,76,103,5,126,2,33,44,1,88" hai3="7,130,45,107,8,67,6,132,14,114,49,98,31"/><T95/><D118/><U122/><E117/><V58/><F33/><W12/><G114/><N who="1" m="43530" /><E122/><V35/><F35/><W135/><G67/><T82/><D120/><U11/><E29/><V128/><F128/><W73/><G73/><T70/><D106/><U15/><E125/><V90/><F126/><W28/><G98/><T129/><D129/><U36/><E83/><V133/><F133/><W23/><G107/><T102/><D109/><U116/><E116/><V24/><F24/><W59/><G130/><T20/><D82/><U43/><E37/><V40/><F63/><W131/><G131/><T134/><D134/><U105/><E105/><V99/><F76/><W55/><G135/><T71/><REACH who="0" step="1"/><D50/><REACH who="0" ten="232,228,209,321" step="2"/><U3/><E3/><V89/><F2/><W46/><G132/><T9/><D9/><U101/><E101/><V91/><F1/><W79/><G8/><T17/><D17/><U51/><E61/><V34/><F60/><W86/><G49/><T4/><D4/><U16/><E18/><V42/><F5/><W94/><G6/><T108/><D108/><U104/><E104/><V57/><F103/><W81/><G7/><T30/><D30/><U56/><AGARI ba="0,1" hai="11,15,16,36,43,47,51,52,56,64,65" m="43530" machi="56" ten="30,8000,1" yaku="15,1,11,1,52,1,54,2" doraHai="53" who="1" fromWho="1" sc="232,-40,228,90,209,-20,321,-20" />
</Scene>
<Scene>
<INIT seed="5,0,0,5,3,96" ten="192,318,189,301" oya="1" hai0="127,132,49,58,25,98,82,41,123,84,135,39,108" hai1="50,18,87,134,133,45,66,111,106,13,24,62,99" hai2="20,33,68,59,70,73,119,37,6,71,51,30,97" hai3="8,54,47,92,86,44,23,105,15,7,90,125,67"/><U53/><E111/><V28/><F119/><W109/><G109/><T9/><D108/><U42/><E24/><V63/><F37/><W56/><G105/><T61/><D123/><U121/><E121/><V76/><F33/><W122/><G122/><T110/><D110/><U10/><E42/><V35/><F35/><W60/><G125/><T100/><D127/><U112/><E112/><V72/><F6/><W101/><G101/><T118/><D118/><U89/><E106/><V94/><F51/><W3/><G3/><T126/><D126/><U14/><E99/><V34/><F34/><W65/><G23/><T91/><D39/><U22/><E14/><V85/><F85/><W52/><G54/><T74/><D74/><U131/><E131/><V26/><F30/><W88/><G90/><T16/><D41/><U114/><E114/><V2/><F2/><W115/><G115/><T103/><D98/><U29/><E29/><V27/><F27/><W4/><G4/><T40/><D40/><U107/><E107/><V93/><F76/><W55/><G55/><N who="0" m="32111" /><D61/><U32/><E32/><V0/><F0/><W43/><G43/><T46/><D46/><AGARI ba="0,0" hai="7,8,15,44,46,47,52,56,60,65,67,86,88,92" machi="46" ten="40,5200,0" yaku="8,1,54,2" doraHai="96" who="3" fromWho="0" sc="192,-52,318,0,189,0,301,52" />
</Scene>
<Scene>
<INIT seed="6,0,0,1,2,76" ten="140,318,189,353" oya="2" hai0="12,70,118,75,106,35,26,73,13,23,6,24,0" hai1="120,56,41,127,8,74,22,85,82,3,44,5,55" hai2="81,89,11,47,39,79,16,129,104,34,50,108,83" hai3="54,117,107,37,91,29,84,119,123,101,96,100,59"/><V31/><F104/><W58/><G37/><T40/><D70/><U42/><E127/><V95/><F39/><W7/><G123/><T86/><D40/><U19/><E120/><V4/><F129/><W69/><G69/><T67/><D86/><U28/><E28/><V72/><F108/><W25/><G7/><T14/><D67/><U48/><E74/><V27/><F72/><W57/><G101/><T64/><D64/><U111/><E111/><V1/><F79/><W125/><G125/><T9/><D106/><U17/><E22/><V98/><REACH who="2" step="1"/><F16/><REACH who="2" ten="140,318,179,353" step="2"/><W49/><G119/><T30/><D73/><U33/><E17/><V128/><F128/><W15/><G117/><T94/><D75/><U65/><E19/><V68/><F68/><W36/><G36/><T62/><D118/><U130/><E130/><V133/><F133/><W124/><G124/><T78/><D78/><U103/><E5/><V109/><F109/><W53/><G107/><T88/><D62/><U126/><E126/><V46/><F46/><W87/><G59/><T43/><D43/><AGARI ba="0,1" hai="1,4,11,27,31,34,43,47,50,81,83,89,95,98" machi="43" ten="30,11600,0" yaku="1,1,7,1,52,2,53,0" doraHai="76" doraHaiUra="105" who="2" fromWho="0" sc="140,-116,318,0,179,126,353,0" />
</Scene>
<Scene>
<INIT seed="6,1,0,4,3,126" ten="24,318,305,353" oya="2" hai0="10,14,50,17,89,100,97,45,132,29,33,119,15" hai1="48,40,113,131,25,83,76,71,88,7,57,118,112" hai2="19,75,86,4,35,32,62,116,5,130,91,125,59" hai3="66,108,1,13,135,64,61,117,21,79,51,103,3"/><V129/><F116/><W87/><G117/><T96/><D119/><U8/><E118/><RYUUKYOKU type="kaze4" ba="1,0" sc="24,0,318,0,305,0,353,0" />
</Scene>
<Scene>
<INIT seed="6,2,0,1,5,131" ten="24,318,305,353" oya="2" hai0="125,114,74,84,118,55,72,86,117,38,29,67,46" hai1="107,5,36,32,127,95,108,128,105,76,56,90,21" hai2="83,87,102,19,40,100,26,14,126,39,17,129,64" hai3="57,9,79,25,82,41,96,45,18,48,112,73,60"/><V8/><F129/><W58/><G112/><T110/><D67/><U91/><E32/><V81/><F126/><W51/><G96/><T22/><D38/><U133/><E128/><V92/><F64/><W78/><G78/><T80/><D55/><U34/><E34/><V42/><F39/><W3/><G51/><T44/><D29/><U24/><E108/><V119/><F119/><N who="0" m="45578" /><D22/><U135/><E36/><V11/><F92/><W62/><G3/><T28/><D28/><N who="1" m="17423" /><E127/><V111/><F111/><W65/><G25/><T63/><D125/><U109/><E109/><V23/><F11/><W101/><G101/><N who="2" m="39017" /><F83/><W49/><G49/><T35/><D110/><U50/><E76/><AGARI ba="2,0" hai="8,14,17,19,23,26,40,42,76,81,87" m="39017" machi="76" ten="30,1500,0" yaku="8,1" doraHai="131" who="2" fromWho="1" sc="24,0,318,-21,305,21,353,0" />
</Scene>
<Scene>
<INIT seed="6,3,0,3,0,103" ten="24,297,326,353" oya="2" hai0="12,113,96,89,62,53,14,95,33,104,115,70,93" hai1="122,8,2,44,106,7,10,59,129,94,100,81,52" hai2="123,109,85,130,40,27,26,66,16,101,84,74,51" hai3="11,124,125,91,110,69,38,46,128,127,34,1,64"/><V135/><F123/><W118/><G34/><T75/><D75/><U98/><E122/><V132/><F74/><W112/><G1/><T50/><D33/><U71/><E71/><V73/><F73/><W29/><G29/><T78/><D78/><U92/><E129/><V0/><F0/><W67/><G11/><T60/><D95/><U90/><E44/><N who="2" m="25991" /><F130/><W97/><G128/><T18/><D104/><U42/><E42/><V133/><F109/><W86/><G97/><T41/><D41/><U5/><E81/><V6/><F6/><W20/><G20/><T9/><D12/><U19/><E19/><V25/><F101/><W114/><G118/><T88/><D89/><U17/><E17/><V65/><F16/><W68/><G110/><T105/><D105/><U31/><E31/><V102/><F102/><W131/><G131/><T54/><D70/><N who="3" m="27241" /><G46/><T24/><D24/><U57/><E90/><V32/><F32/><W120/><G38/><T87/><D96/><U72/><E72/><V3/><F3/><W49/><G120/><T4/><D4/><U83/><E83/><V111/><F111/><W79/><G79/><T121/><D121/><U23/><E23/><V35/><F35/><W61/><G91/><T80/><D80/><U117/><E117/><V47/><F47/><W36/><G36/><T48/><D113/><U126/><E2/><V108/><F108/><W43/><G114/><T21/><D115/><U37/><E7/><V39/><F39/><W13/><G112/><T58/><D9/><U45/><E5/><V76/><F76/><W28/><G28/><RYUUKYOKU ba="3,0" sc="24,15,297,-15,326,15,353,-15" hai0="14,18,21,48,50,53,54,58,60,62,87,88,93" hai2="25,26,27,65,66,84,85,132,133,135" />
</Scene>
<Scene>
<INIT seed="6,4,0,0,0,72" ten="39,282,341,338" oya="2" hai0="110,83,25,114,23,39,11,63,45,134,78,112,17" hai1="70,27,4,14,67,16,61,116,90,99,132,26,82" hai2="79,120,105,87,135,15,1,7,5,104,8,111,53" hai3="12,80,18,2,28,30,57,24,36,48,129,113,117"/><V85/><F120/><W125/><G36/><T101/><D110/><U58/><E116/><V32/><F32/><W52/><G2/><T38/><D134/><U106/><E132/><V122/><F122/><W68/><G117/><T59/><D101/><U107/><E4/><V55/><F135/><W46/><G68/><T40/><D11/><U20/><E70/><V13/><F8/><W130/><G125/><T29/><D38/><U41/><E41/><V81/><F81/><W77/><G113/><T0/><D0/><U121/><E121/><V43/><F43/><W54/><G24/><T89/><D89/><U108/><E108/><V22/><F1/><W95/><G95/><T115/><D29/><U56/><E56/><V91/><F111/><W75/><G18/><T127/><D127/><U50/><E50/><V6/><F6/><W33/><G12/><T103/><D103/><U98/><E107/><V128/><F91/><W119/><G119/><T51/><D39/><U9/><E106/><V88/><F88/><W131/><G33/><T42/><D42/><U76/><E90/><V44/><F22/><W71/><REACH who="3" step="1"/><G71/><REACH who="3" ten="39,282,341,328" step="2"/><T124/><D124/><U19/><REACH who="1" step="1"/><E27/><REACH who="1" ten="39,272,341,328" step="2"/><V96/><F104/><W62/><AGARI ba="4,2" hai="28,30,46,48,52,54,57,62,75,77,80,129,130,131" machi="62" ten="30,12000,2" yaku="1,1,2,1,0,1,19,1,52,1,54,1,53,0" doraHai="72" doraHaiUra="86" who="3" fromWho="3" sc="39,-34,272,-34,341,-64,328,152" />
</Scene>
<Scene>
<INIT seed="7,0,0,4,1,37" ten="5,238,277,480" oya="3" hai0="80,82,126,39,15,38,77,17,114,52,103,6,5" hai1="116,74,0,27,18,73,123,99,125,47,68,90,129" hai2="59,76,12,4,60,64,112,96,75,49,95,7,3" hai3="20,122,44,110,62,11,132,89,86,57,46,85,97"/><W2/><G122/><T105/><D126/><U121/><E0/><V94/><F3/><W16/><G132/><T72/><D114/><U104/><E68/><V67/><F112/><W117/><G117/><T43/><D105/><U107/><E27/><V40/><F75/><N who="1" m="28681" /><E47/><N who="2" m="25831" /><F76/><W61/><G110/><T118/><D118/><U45/><E45/><N who="3" m="17514" /><G2/><T128/><D128/><U98/><E116/><V33/><F33/><W53/><G11/><T79/><D72/><U127/><E18/><V71/><F71/><W42/><G42/><T26/><D26/><U41/><E41/><V22/><F67/><W100/><G100/><T48/><D43/><U83/><E129/><V56/><F56/><W30/><G30/><T8/><D103/><N who="1" m="62583" /><E107/><V134/><F134/><W101/><G62/><T87/><D38/><U35/><E35/><V10/><F22/><W109/><G109/><T81/><D39/><U88/><E90/><N who="2" m="55383" /><F95/><N who="3" m="58559" /><G89/><T63/><D63/><U133/><E133/><V66/><F66/><W14/><AGARI ba="0,0" hai="14,16,20,53,57,61,85,86" m="58559,17514" machi="14" ten="30,3000,0" yaku="8,1,54,1" doraHai="37" who="3" fromWho="3" sc="5,-10,238,-10,277,-10,480,30" owari="-5,-51.0,228,-17.0,267,7.0,510,61.0" />
</Scene>
</mjloggm>