<mjloggm ver="2.3"><GO type="169"/><UN n0="%E5%A4%AA%E3%81%8F%E3%81%AA%E3%81%84%E3%81%8A" n1="%E3%83%AD%E3%83%AA%E3%83%BC%E3%82%BF%E3%81%AA%E7%84%BC%E8%82%89" n2="%E3%82%82%E3%81%A3%E3%81%97%E3%83%BC" n3="%E3%81%B3%E3%82%8A%E3%81%B3%E3%82%8A%E2%98%86%E3%83%93%E3%83%AA%E3%83%BC" dan="17,16,16,17" rate="2165,2080,2087,2094" sx="M,F,M,M"/><TAIKYOKU oya="0"/>

<Scene>
<INIT seed="0,0,0,4,5,94" ten="250,250,250,250" oya="0" hai0="115,77,84,116,12,61,78,22,85,98,87,11,58" hai1="127,17,23,114,28,130,126,13,60,86,124,4,36" hai2="46,75,10,73,107,2,55,49,43,79,5,81,105" hai3="27,113,88,80,63,129,34,132,54,109,134,110,108"/><T53/><D116/><U133/><E36/><V51/><REACH who="2" step="1"/><F73/><REACH who="2" ten="250,250,240,250" step="2"/><W89/><G113/><T64/><D115/><U128/><E114/><V91/><F91/><N who="3" m="34891" /><G80/><T120/><D120/><U82/><E60/><V30/><F30/><N who="3" m="19807" /><G129/><N who="1" m="49770" /><E28/><V123/><F123/><W65/><G54/><T118/><D118/><U47/><E47/><AGARI ba="0,1" hai="2,5,10,43,46,47,49,51,55,75,79,81,105,107" machi="47" ten="30,3900,0" yaku="21,2,7,1,53,0" doraHai="94" doraHaiUra="59" who="2" fromWho="1" sc="250,0,250,-39,240,49,250,0" />
</Scene>
<Scene>
<INIT seed="1,0,0,1,1,72" ten="250,211,289,250" oya="1" hai0="84,33,82,50,28,87,66,71,116,133,4,51,95" hai1="126,7,92,76,53,29,119,30,46,68,22,14,91" hai2="60,83,109,85,107,42,21,10,37,70,130,13,5" hai3="57,59,24,77,40,61,67,55,74,100,115,106,69"/><U80/><E68/><V17/><F107/><W90/><G115/><T123/><D116/><U97/><E119/><V112/><F112/><W135/><G135/><T27/><D133/><U102/><E126/><V120/><F120/><W6/><G6/><T47/><D123/><U18/><E7/><V114/><F114/><W65/><G40/><T124/><D124/><U43/><E53/><V20/><F109/><W75/><G90/><T1/><D95/><U25/><E91/><V78/><F130/><W16/><G69/><T110/><D110/><U32/><E30/><V34/><F34/><W35/><G67/><T8/><D87/><U93/><E93/><V0/><F70/><W73/><G100/><T125/><D125/><U19/><E19/><V113/><F113/><W101/><G101/><T54/><D51/><U105/><E105/><V128/><F128/><W63/><G106/><T131/><D131/><U88/><E102/><V15/><F60/><W79/><REACH who="3" step="1"/><G16/><REACH who="3" ten="250,211,289,240" step="2"/><T127/><D127/><U94/><E94/><V41/><F37/><W58/><G58/><T49/><D71/><U23/><E43/><V9/><F0/><W36/><G36/><T56/><D66/><U117/><E46/><V86/><REACH who="2" step="1"/><F85/><REACH who="2" ten="250,211,279,240" step="2"/><W3/><G3/><T108/><D108/><U44/><E117/><V62/><F62/><W104/><G104/><T12/><D1/><U122/><E122/><V52/><F52/><W118/><G118/><T129/><D129/><U111/><E111/><V89/><F89/><W121/><G121/><T26/><D84/><N who="1" m="48135" /><E44/><V45/><F45/><W132/><G132/><RYUUKYOKU ba="0,2" sc="250,-30,211,10,279,10,240,10" hai1="14,18,22,23,25,29,32,88,92,97" hai2="5,9,10,13,15,17,20,21,41,42,78,83,86" hai3="24,35,55,57,59,61,63,65,73,74,75,77,79" />
</Scene>
<Scene>
<INIT seed="1,1,2,5,3,110" ten="220,221,289,250" oya="1" hai0="127,41,100,88,54,89,97,16,105,81,8,120,101" hai1="1,124,116,22,103,70,77,80,13,11,96,18,38" hai2="67,5,86,26,76,107,55,128,24,60,32,83,91" hai3="42,104,112,117,90,99,125,123,7,115,118,23,132"/><U39/><E116/><N who="3" m="44650" /><G123/><T113/><D127/><U0/><E124/><V114/><F107/><W85/><G125/><T48/><D120/><U49/><E70/><V59/><F128/><W134/><G23/><T133/><D133/><N who="3" m="51305" /><G42/><T87/><D41/><U95/><E49/><V31/><F5/><W28/><G28/><T29/><D29/><U3/><REACH who="1" step="1"/><E22/><REACH who="1" ten="220,211,289,250" step="2"/><V108/><F32/><W71/><G71/><T58/><D113/><U68/><E68/><V17/><F114/><W57/><G57/><T135/><D135/><U121/><E121/><V53/><F59/><W131/><G131/><T14/><REACH who="0" step="1"/><D101/><REACH who="0" ten="210,211,289,250" step="2"/><U98/><E98/><V61/><F108/><W64/><G115/><T37/><D37/><U75/><AGARI ba="1,4" hai="0,1,3,11,13,18,38,39,75,77,80,95,96,103" machi="75" ten="30,3000,0" yaku="1,1,0,1,53,0" doraHai="110" doraHaiUra="122" who="1" fromWho="1" sc="210,-11,211,73,289,-11,250,-11" />
</Scene>
<Scene>
<INIT seed="1,2,0,3,4,36" ten="199,284,278,239" oya="1" hai0="55,59,134,127,33,32,37,111,76,23,65,60,98" hai1="18,78,7,88,16,90,106,43,91,131,79,81,84" hai2="47,96,92,124,72,113,17,56,27,38,0,5,35" hai3="93,53,44,94,20,135,128,117,86,62,73,52,123"/><U31/><E131/><V105/><F72/><W83/><G73/><T95/><D111/><U122/><E122/><V99/><F105/><W130/><G123/><T41/><D127/><U61/><E106/><V49/><F124/><W129/><G135/><T68/><D134/><U14/><E31/><V70/><F70/><W133/><G133/><T6/><D76/><U34/><E34/><V67/><F38/><W1/><G1/><T100/><D6/><U126/><E126/><V120/><F120/><W80/><G117/><T54/><D23/><U30/><E30/><V12/><F113/><W114/><G114/><T109/><D109/><U87/><E61/><N who="2" m="38311" /><F0/><W42/><G20/><T24/><D24/><U64/><E64/><V40/><F35/><W121/><G83/><T4/><D4/><U39/><E39/><V19/><F27/><W3/><G3/><T118/><D118/><U29/><E29/><V10/><F99/><W116/><G116/><T11/><D11/><N who="1" m="4479" /><E43/><V50/><F50/><N who="3" m="26903" /><G121/><T25/><D25/><U63/><E63/><V97/><F97/><W45/><G62/><T51/><REACH who="0" step="1"/><D55/><REACH who="0" ten="189,284,278,239" step="2"/><N who="3" m="21065" /><G45/><AGARI ba="2,1" hai="32,33,37,41,45,51,54,59,60,65,68,95,98,100" machi="45" ten="40,8000,1" yaku="1,1,24,2,52,1,53,1" doraHai="36" doraHaiUra="57" who="0" fromWho="3" sc="189,96,284,0,278,0,239,-86" />
</Scene>
<Scene>
<INIT seed="2,0,0,4,0,33" ten="285,284,278,153" oya="2" hai0="12,67,51,18,73,54,46,84,26,115,91,23,95" hai1="71,29,4,75,53,64,135,83,104,131,107,99,70" hai2="66,103,2,52,74,13,124,42,50,9,39,133,19" hai3="109,20,55,24,90,110,11,82,0,57,121,69,92"/><V37/><F74/><W1/><G69/><T31/><D115/><U38/><E135/><V112/><F112/><W118/><G118/><T100/><D73/><U63/><E131/><V48/><F133/><W44/><G121/><T35/><D67/><U17/><E70/><V113/><F113/><W120/><G120/><T114/><D114/><U86/><E38/><V127/><F66/><W106/><G82/><T8/><REACH who="0" step="1"/><D100/><REACH who="0" ten="275,284,278,153" step="2"/><U126/><E75/><V77/><F103/><W81/><G110/><T128/><D128/><U78/><E64/><V60/><F127/><W68/><G109/><T3/><D3/><U7/><E126/><V132/><F132/><W105/><G68/><T97/><D97/><U16/><E99/><V72/><F124/><W130/><G130/><T43/><D43/><U15/><E71/><V129/><F129/><W27/><G1/><T101/><D101/><U87/><E107/><V119/><F2/><W76/><G105/><T21/><AGARI ba="0,1" hai="8,12,18,21,23,26,31,35,46,51,54,84,91,95" machi="21" ten="30,4000,0" yaku="1,1,0,1,53,1" doraHai="33" doraHaiUra="6" who="0" fromWho="0" sc="275,50,284,-10,278,-20,153,-10" />
</Scene>
<Scene>
<INIT seed="3,0,0,5,0,6" ten="325,274,258,143" oya="3" hai0="50,74,114,10,64,107,45,51,131,8,53,93,41" hai1="94,9,83,106,19,88,52,18,81,1,98,76,26" hai2="43,90,68,115,99,132,17,109,72,58,121,3,85" hai3="66,14,101,86,135,62,92,117,32,78,15,28,35"/><W75/><G117/><T71/><D107/><U105/><E19/><V39/><F115/><W124/><G124/><T128/><D74/><U47/><E81/><V108/><F68/><W23/><G135/><T55/><D114/><U91/><E91/><V40/><F72/><W82/><G35/><T67/><D93/><U130/><E130/><N who="0" m="49705" /><D41/><U118/><E118/><V36/><F132/><W125/><G32/><T2/><D2/><U46/><E46/><V21/><F121/><W80/><G125/><T49/><D71/><U65/><E65/><N who="0" m="25161" /><D45/><U0/><E0/><V129/><F129/><W103/><G80/><T134/><D134/><U48/><E26/><V5/><F99/><N who="3" m="59623" /><G103/><T111/><D111/><N who="2" m="42570" /><F58/><N who="3" m="37207" /><G75/><T123/><D123/><U54/><E54/><AGARI ba="0,0" hai="8,10,49,50,51,53,54,55" m="25161,49705" machi="54" ten="40,8000,1" yaku="28,2,19,1,52,2" doraHai="6" who="0" fromWho="1" sc="325,80,274,-80,258,0,143,0" />
</Scene>
<Scene>
<INIT seed="4,0,0,3,2,22" ten="405,194,258,143" oya="0" hai0="14,98,25,123,85,15,48,76,65,13,20,28,88" hai1="135,124,68,81,7,79,59,67,5,31,121,114,63" hai2="113,104,101,90,126,119,51,106,16,78,53,26,129" hai3="125,1,40,75,100,117,55,103,35,115,110,39,44"/><T19/><D123/><U8/><E121/><V37/><F37/><W134/><RYUUKYOKU type="yao9" ba="0,0" sc="405,0,194,0,258,0,143,0" hai3="1,35,39,40,44,55,75,100,103,110,115,117,125,134" />
</Scene>
<Scene>
<INIT seed="4,1,0,2,1,52" ten="405,194,258,143" oya="0" hai0="43,80,3,44,32,45,41,36,79,110,65,78,22" hai1="40,30,82,33,35,94,100,108,7,39,123,125,133" hai2="10,103,61,114,42,135,50,89,70,0,120,23,115" hai3="15,58,66,67,5,128,4,109,8,59,48,46,11"/><T118/><D118/><U126/><E123/><V9/><F120/><W1/><G128/><T134/><D32/><U106/><E108/><V63/><F103/><W25/><G109/><T62/><D110/><U95/><E133/><V64/><F135/><W111/><G111/><T12/><D134/><U27/><E33/><V104/><F104/><W93/><G25/><T96/><D3/><U127/><E7/><V84/><F63/><W101/><G101/><T90/><D22/><U13/><E13/><V21/><F42/><W131/><G131/><T99/><D12/><U87/><E40/><V117/><F50/><W124/><G124/><T83/><D90/><U69/><E39/><V57/><F70/><W113/><G113/><N who="2" m="43017" /><F117/><W112/><G112/><T6/><D6/><U29/><E69/><V77/><F77/><W85/><G93/><T28/><D28/><U72/><E30/><V92/><F0/><W107/><G85/><T121/><D121/><U102/><E72/><V55/><F64/><W60/><G107/><T76/><D99/><N who="1" m="61791" /><E100/><V122/><F122/><W129/><G129/><T53/><D53/><U19/><E19/><V91/><F91/><AGARI ba="1,0" hai="27,29,35,82,87,91,94,95,125,126,127" m="61791" machi="91" ten="30,1000,0" yaku="18,1" doraHai="52" who="1" fromWho="2" sc="405,0,194,13,258,-13,143,0" />
</Scene>
<Scene>
<INIT seed="5,0,0,0,3,107" ten="405,207,245,143" oya="1" hai0="12,7,86,58,13,32,115,87,48,2,62,55,0" hai1="135,116,109,97,124,16,61,81,106,71,93,43,96" hai2="18,95,25,49,100,23,73,45,104,42,126,70,125" hai3="67,66,103,24,118,94,35,92,131,41,101,83,14"/><U130/><E116/><V99/><F70/><W84/><G118/><T29/><D115/><U39/><E124/><N who="2" m="47723" /><F73/><W33/><G131/><T127/><D127/><U50/><E130/><V22/><F23/><W3/><G14/><T4/><D0/><U9/><E135/><V105/><AGARI ba="0,0" hai="18,22,25,42,45,49,95,99,100,104,105" m="47723" machi="105" ten="30,1100,0" yaku="18,1" doraHai="107" who="2" fromWho="2" sc="405,-3,207,-5,245,11,143,-3" />
</Scene>
<Scene>
<INIT seed="6,0,0,5,2,52" ten="402,202,256,140" oya="2" hai0="114,38,91,18,77,64,94,71,124,78,58,17,47" hai1="88,23,128,86,104,79,13,46,39,76,45,95,57" hai2="134,101,98,51,117,118,100,56,15,59,22,87,4" hai3="131,19,6,75,110,121,21,127,89,24,122,66,50"/><V11/><F134/><W65/><G110/><T60/><D114/><U20/><E104/><V120/><F120/><W14/><G75/><T34/><D34/><U81/><E128/><V35/><F35/><W70/><G127/><T25/><D124/><U106/><E106/><V5/><F5/><W105/><G105/><T54/><D38/><U32/><E32/><V40/><F118/><W113/><G131/><T126/><D126/><U28/><E39/><V135/><F135/><W85/><G113/><T123/><D123/><U53/><E79/><N who="0" m="30217" /><D71/><U109/><E109/><V116/><F116/><W55/><G70/><T119/><D119/><U73/><E28/><V102/><F117/><W8/><G121/><T43/><D43/><U44/><REACH who="1" step="1"/><E13/><REACH who="1" ten="402,192,256,140" step="2"/><V3/><F15/><W41/><G122/><T0/><D0/><U2/><E2/><V93/><F87/><W31/><G41/><T74/><D74/><U107/><E107/><V108/><F108/><W61/><G61/><AGARI ba="0,1" hai="20,23,44,45,46,53,57,61,73,76,81,86,88,95" machi="61" ten="40,8000,1" yaku="1,1,52,1,54,1,53,1" doraHai="52" doraHaiUra="82" who="1" fromWho="3" sc="402,0,192,90,256,0,140,-80" />
</Scene>
<Scene>
<INIT seed="7,0,0,5,3,71" ten="402,282,256,60" oya="3" hai0="14,113,29,32,7,122,97,41,99,11,91,45,18" hai1="80,35,15,81,28,19,0,17,33,119,111,48,65" hai2="31,120,63,72,116,68,75,58,117,134,79,47,40" hai3="110,107,129,109,6,2,95,37,54,34,59,43,131"/><W98/><G107/><T46/><D122/><U21/><E111/><N who="3" m="42506" /><G34/><T24/><D113/><U9/><E65/><V3/><F3/><W93/><G6/><T126/><D126/><U38/><E38/><V23/><F120/><W90/><G2/><T30/><D30/><U82/><E119/><V55/><F134/><W92/><G43/><T88/><D45/><U67/><E67/><V69/><F72/><W118/><G118/><N who="2" m="45673" /><F75/><W106/><G37/><T20/><D99/><U73/><E73/><V10/><F10/><W74/><G74/><T77/><D77/><U124/><E124/><V22/><F79/><W8/><G8/><T5/><D97/><U135/><E135/><V12/><F12/><W64/><G64/><T42/><D42/><U103/><E103/><V70/><F31/><W51/><G106/><T128/><D128/><AGARI ba="0,0" hai="51,54,59,90,92,93,95,98,128,129,131" m="42506" machi="128" ten="30,2900,0" yaku="19,1,10,1" doraHai="71" who="3" fromWho="0" sc="402,-29,282,0,256,0,60,29" />
</Scene>
<Scene>
<INIT seed="7,1,0,4,0,92" ten="373,282,256,89" oya="3" hai0="107,78,64,77,115,45,125,39,18,113,127,37,3" hai1="71,94,59,13,49,74,135,87,123,53,66,82,128" hai2="85,55,54,43,8,93,21,56,95,29,124,126,86" hai3="101,109,60,57,112,5,83,46,116,122,17,14,72"/><W47/><G116/><T42/><D107/><U104/><E104/><V0/><F43/><W48/><G122/><T69/><D3/><U44/><E123/><V120/><F120/><W67/><G112/><N who="0" m="43083" /><D39/><U6/><E135/><V62/><F0/><W1/><G109/><T129/><D129/><U65/><E71/><V79/><F8/><W9/><G101/><T50/><D18/><U26/><E74/><V35/><F35/><W63/><G63/><N who="0" m="40095" /><D37/><U91/><E128/><V34/><F34/><W10/><REACH who="3" step="1"/><G48/><REACH who="3" ten="373,282,256,79" step="2"/><T25/><D127/><U76/><E26/><V20/><F62/><W90/><G90/><T117/><D125/><U89/><E76/><AGARI ba="1,1" hai="1,5,9,10,14,17,46,47,57,60,67,72,76,83" machi="76" ten="40,2000,0" yaku="1,1,53,0" doraHai="92" doraHaiUra="99" who="3" fromWho="1" sc="373,0,282,-23,256,0,79,33" />
</Scene>
<Scene>
<INIT seed="7,2,0,3,4,112" ten="373,259,256,112" oya="3" hai0="105,14,37,99,106,9,128,115,45,44,75,81,27" hai1="97,134,109,85,42,82,48,41,30,67,135,116,113" hai2="90,76,65,79,73,122,63,5,26,24,39,83,72" hai3="33,130,80,64,78,86,36,104,49,56,69,100,16"/><W66/><G130/><T91/><D128/><U46/><E109/><V94/><F39/><W29/><G36/><T32/><D115/><U28/><E113/><V88/><F122/><W35/><G69/><T4/><D75/><U103/><E116/><V127/><F127/><W74/><G74/><T51/><D37/><U87/><E67/><V59/><F5/><W102/><G66/><T40/><D45/><U10/><E42/><V19/><F19/><W124/><G124/><T133/><D133/><N who="1" m="50699" /><E10/><V15/><F15/><W108/><G108/><T123/><D91/><N who="1" m="51639" /><E87/><V96/><F90/><W12/><G29/><T132/><D27/><U43/><E43/><V55/><F65/><W93/><G33/><T92/><D51/><U62/><E62/><V89/><F89/><W57/><G35/><T107/><D32/><U8/><E8/><V95/><F95/><AGARI ba="2,0" hai="28,30,41,46,48,95,97,103" m="51639,50699" machi="95" ten="30,1000,0" yaku="20,1" doraHai="112" who="1" fromWho="2" sc="373,0,259,16,256,-16,112,0" owari="373,47.0,275,8.0,240,-16.0,112,-39.0" />
</Scene>
</mjloggm>