<mjloggm ver="2.3"><GO type="169"/><UN n0="%E3%81%84%E3%81%AE%E3%81%91%E3%82%93" n1="%E9%8A%80%E9%81%8A%E7%A7%81%E4%BA%BA" n2="%E5%A4%AA%E3%81%8F%E3%81%AA%E3%81%84%E3%81%8A" n3="%E5%A4%A9%E7%A9%BA%E3%81%AE%E7%99%BD%E3%82%82%E3%82%93%E3%81%9F" dan="16,16,17,16" rate="2053,2092,2169,2084" sx="F,M,M,F"/><TAIKYOKU oya="0"/>

<Scene>
<INIT seed="0,0,0,3,0,126" ten="250,250,250,250" oya="0" hai0="84,98,114,20,106,71,127,102,47,99,131,103,107" hai1="112,8,72,52,15,78,122,46,29,118,41,129,90" hai2="75,104,0,13,96,67,40,32,60,51,35,14,68" hai3="66,80,132,83,6,19,74,95,92,65,36,100,130"/><T2/><D71/><U57/><E118/><V110/><F0/><W42/><G132/><T115/><D2/><U10/><E122/><V26/><F75/><W81/><G74/><T62/><D127/><U79/><E29/><N who="2" m="19511" /><F35/><W121/><G121/><T87/><D62/><U1/><E1/><V73/><F73/><W111/><G6/><T105/><D20/><U91/><E112/><N who="0" m="43049" /><D47/><U28/><E28/><V34/><F34/><W5/><G5/><T55/><D55/><U39/><E8/><V101/><F110/><W11/><G111/><T89/><D131/><U70/><E129/><V45/><AGARI ba="0,0" hai="13,14,40,45,51,60,67,68,96,101,104" m="19511" machi="45" ten="30,1100,0" yaku="25,1" doraHai="126" who="2" fromWho="2" sc="250,-5,250,-3,250,11,250,-3" />
</Scene>
<Scene>
<INIT seed="1,0,0,4,4,102" ten="245,247,261,247" oya="1" hai0="7,75,35,14,22,67,133,90,21,56,117,122,86" hai1="10,55,82,43,125,37,72,131,115,79,68,85,18" hai2="5,129,2,121,59,45,124,3,96,50,105,126,110" hai3="114,42,8,17,38,16,47,24,66,84,20,92,81"/><U111/><E115/><V0/><F121/><W15/><G114/><T4/><D122/><U11/><E68/><V69/><F69/><W51/><G66/><T65/><D117/><U108/><E131/><V93/><F129/><W70/><G70/><T62/><D35/><U31/><E125/><N who="2" m="48235" /><F110/><N who="1" m="42025" /><E31/><V77/><F77/><W34/><G34/><T132/><D75/><U94/><E55/><N who="2" m="32247" /><F45/><W52/><G92/><N who="0" m="54359" /><D67/><U83/><E94/><V48/><F48/><W54/><REACH who="3" step="1"/><G38/><REACH who="3" ten="245,247,261,237" step="2"/><T103/><D65/><U58/><E37/><V104/><F5/><W118/><G118/><T99/><D4/><U33/><E33/><V98/><F98/><W112/><G112/><T101/><D99/><U123/><E123/><V134/><F134/><W71/><G71/><T130/><D130/><U64/><E64/><V113/><F113/><W41/><G41/><T36/><D36/><U32/><E43/><V61/><F61/><W127/><G127/><T87/><D133/><U88/><E32/><V80/><F80/><W100/><G100/><AGARI ba="0,1" hai="0,2,3,93,96,100,104,105" m="32247,48235" machi="100" ten="40,5200,0" yaku="18,1,52,2" doraHai="102" who="2" fromWho="3" sc="245,0,247,0,261,62,237,-52" />
</Scene>
<Scene>
<INIT seed="2,0,0,3,4,77" ten="245,247,323,185" oya="2" hai0="69,115,135,4,8,3,31,88,81,80,9,110,7" hai1="108,6,20,112,70,120,38,93,22,17,95,58,66" hai2="90,60,68,124,49,15,134,78,64,128,87,24,29" hai3="118,41,16,89,132,54,127,23,107,2,91,10,114"/><V133/><F124/><W48/><G118/><T130/><D115/><U57/><E112/><V27/><F128/><W94/><G114/><T42/><D130/><U111/><E38/><V33/><F78/><W72/><G107/><T62/><D110/><N who="1" m="42027" /><E120/><V59/><F15/><W67/><G127/><T82/><D135/><N who="2" m="51722" /><F24/><W101/><G72/><T19/><D31/><U61/><E6/><V106/><F106/><W131/><G131/><T28/><D28/><U75/><E75/><V32/><F49/><W35/><G35/><T104/><D104/><U102/><E22/><N who="2" m="15607" /><F68/><W46/><G67/><T99/><D42/><U74/><E74/><V83/><AGARI ba="0,0" hai="32,33,59,60,64,83,87,90" m="15607,51722" machi="83" ten="30,3000,0" yaku="20,1,52,1" doraHai="77" who="2" fromWho="2" sc="245,-10,247,-10,323,30,185,-10" />
</Scene>
<Scene>
<INIT seed="2,1,0,4,2,28" ten="235,237,353,175" oya="2" hai0="16,64,109,13,80,111,6,55,87,35,4,104,85" hai1="70,127,63,61,65,17,132,110,97,1,106,112,56" hai2="108,51,103,93,26,54,62,30,134,130,52,68,78" hai3="102,7,39,32,57,120,2,76,60,129,98,123,27"/><V95/><F130/><W113/><G39/><T10/><D104/><U59/><E112/><V75/><F134/><W71/><G129/><T105/><D105/><U48/><E1/><V40/><F108/><N who="0" m="41546" /><D64/><U23/><E110/><V121/><F121/><W21/><G113/><T101/><D101/><U31/><E132/><V34/><F40/><W96/><G71/><T66/><D66/><U19/><E127/><V116/><F116/><W58/><G76/><N who="0" m="46215" /><D35/><U47/><E106/><V117/><F117/><W41/><G41/><T115/><D115/><U84/><E70/><V42/><F42/><W8/><G32/><T69/><D69/><U133/><E65/><V25/><F68/><W5/><G5/><T94/><D55/><U38/><E133/><V53/><F26/><W73/><G73/><T15/><D13/><U3/><E3/><V18/><F62/><W88/><G102/><T36/><D36/><U107/><E38/><V118/><F118/><W122/><G60/><T12/><D12/><U77/><E107/><V20/><F51/><W100/><G100/><T125/><D125/><U135/><E48/><V22/><F103/><W14/><G14/><T67/><D67/><U72/><E63/><V83/><REACH who="2" step="1"/><F18/><REACH who="2" ten="235,237,343,175" step="2"/><W11/><G123/><T37/><D37/><U43/><E17/><V89/><F89/><AGARI ba="1,1" hai="4,6,10,15,16,87,89,94" m="46215,41546" machi="89" ten="30,2000,0" yaku="14,1,54,1" doraHai="28" who="0" fromWho="2" sc="235,33,237,0,343,-23,175,0" />
</Scene>
<Scene>
<INIT seed="3,0,0,0,4,81" ten="268,237,320,175" oya="3" hai0="113,60,7,49,31,28,86,19,119,56,42,92,12" hai1="53,55,129,104,84,128,118,120,36,6,41,125,13" hai2="70,69,67,61,100,17,82,40,50,23,26,94,131" hai3="10,97,132,95,8,106,35,18,64,79,116,5,32"/><W9/><G116/><T14/><D119/><U37/><E118/><V102/><F131/><W80/><G106/><T15/><D113/><U52/><E120/><V101/><F82/><W133/><G64/><T99/><D7/><U112/><E112/><V51/><F40/><W115/><G18/><T135/><D135/><N who="3" m="51785" /><G5/><T76/><D19/><U48/><E104/><V38/><F38/><W30/><G30/><T45/><D76/><U57/><E6/><V87/><REACH who="2" step="1"/><F70/><REACH who="2" ten="268,237,310,175" step="2"/><W74/><G115/><T121/><D121/><U75/><E41/><V89/><AGARI ba="0,1" hai="17,23,26,50,51,61,67,69,87,89,94,100,101,102" machi="89" ten="30,8000,1" yaku="1,1,2,1,0,1,52,1,53,1" doraHai="81" doraHaiUra="66" who="2" fromWho="2" sc="268,-20,237,-20,310,90,175,-40" />
</Scene>
<Scene>
<INIT seed="4,0,0,1,2,133" ten="248,217,400,135" oya="0" hai0="59,72,109,63,106,9,31,20,1,52,26,69,98" hai1="75,4,6,86,89,3,65,110,34,10,41,104,13" hai2="71,96,107,60,32,87,103,54,74,123,118,67,102" hai3="92,132,35,5,135,119,55,114,70,127,83,58,125"/><T46/><D72/><U53/><E75/><V97/><F118/><W27/><G119/><T61/><D109/><U78/><E78/><V95/><F74/><W112/><G70/><T50/><D69/><U117/><E65/><V121/><F32/><W94/><G83/><T45/><D1/><U21/><E110/><V18/><F54/><W128/><G5/><T30/><D30/><U80/><E34/><V68/><F68/><W111/><G111/><T39/><D39/><U105/><E117/><V7/><F7/><W81/><G81/><T124/><D9/><U57/><E41/><V15/><REACH who="2" step="1"/><F87/><REACH who="2" ten="248,217,390,135" step="2"/><W126/><G128/><T84/><D84/><U8/><REACH who="1" step="1"/><E21/><AGARI ba="0,1" hai="15,18,21,60,67,71,95,96,97,102,103,107,121,123" machi="21" ten="30,3900,0" yaku="1,1,2,1,7,1,53,0" doraHai="133" doraHaiUra="48" who="2" fromWho="1" sc="248,0,217,-39,390,49,135,0" />
</Scene>
<Scene>
<INIT seed="5,0,0,4,0,7" ten="248,178,439,135" oya="1" hai0="105,23,130,94,116,65,76,57,29,71,79,34,25" hai1="86,27,125,110,121,30,55,75,68,3,122,67,59" hai2="69,53,42,70,84,104,92,48,32,28,56,96,39" hai3="115,74,14,73,5,36,134,45,37,114,88,87,106"/><U100/><E75/><V128/><F104/><W50/><G106/><T90/><D105/><U78/><E3/><V135/><F135/><W49/><G134/><T12/><D116/><U108/><E125/><V26/><F128/><W40/><G74/><T20/><D71/><U10/><E10/><V58/><F84/><W16/><G5/><T47/><D130/><U13/><E13/><V131/><F131/><W95/><G73/><T77/><D47/><U46/><E100/><V11/><F58/><W31/><G31/><T109/><D109/><N who="1" m="42091" /><E46/><V80/><F11/><N who="3" m="6239" /><G50/><T0/><D0/><U51/><E67/><V126/><F126/><W101/><G101/><T62/><REACH who="0" step="1"/><D12/><REACH who="0" ten="238,178,439,135" step="2"/><U83/><E68/><V81/><F69/><W133/><G133/><T102/><D102/><U99/><E99/><AGARI ba="0,1" hai="20,23,25,29,34,57,62,65,76,77,79,90,94,99" machi="99" ten="40,2600,0" yaku="1,1,53,1" doraHai="7" doraHaiUra="61" who="0" fromWho="1" sc="238,36,178,-26,439,0,135,0" />
</Scene>
<Scene>
<INIT seed="6,0,0,5,1,69" ten="274,152,439,135" oya="2" hai0="112,110,35,121,67,75,102,119,70,46,103,17,13" hai1="49,99,18,2,14,130,29,77,0,58,52,98,56" hai2="41,1,80,5,27,68,101,40,92,89,43,71,90" hai3="12,118,93,51,65,125,34,31,113,32,91,9,30"/><V54/><F54/><W42/><G118/><T26/><D110/><U33/><E130/><V133/><F133/><W39/><G39/><T134/><D121/><U38/><E77/><V129/><F129/><W59/><G125/><T50/><D134/><U123/><E123/><V45/><F45/><N who="3" m="26039" /><G113/><T81/><D112/><U96/><E38/><V11/><F27/><W57/><G34/><T28/><D119/><U84/><E84/><V120/><F120/><W64/><G32/><T100/><D70/><U109/><E109/><V115/><F115/><W132/><G132/><T105/><D67/><N who="3" m="25673" /><G59/><T66/><D66/><U117/><E58/><V94/><F101/><W104/><G104/><T8/><D105/><U62/><E62/><V24/><F24/><W122/><G122/><T53/><D75/><U20/><E117/><V127/><F127/><W15/><G57/><T22/><D35/><U128/><E128/><V88/><F80/><AGARI ba="0,0" hai="8,13,17,22,26,28,46,50,53,80,81,100,102,103" machi="80" ten="40,1300,0" yaku="8,1" doraHai="69" who="0" fromWho="2" sc="274,13,152,0,439,-13,135,0" />
</Scene>
<Scene>
<INIT seed="7,0,0,3,2,47" ten="287,152,426,135" oya="3" hai0="130,59,42,4,14,17,124,102,5,58,54,80,94" hai1="40,71,129,18,108,46,131,93,37,78,63,21,6" hai2="89,113,119,61,99,126,31,15,11,52,35,115,97" hai3="100,128,16,29,36,53,10,121,43,32,114,96,51"/><W22/><G121/><T105/><D105/><U8/><E108/><V3/><F3/><W64/><G128/><N who="1" m="49226" /><E78/><V67/><F119/><W27/><G114/><T83/><D124/><U62/><E93/><V82/><F126/><W133/><G133/><T9/><D42/><U0/><E71/><V118/><F118/><W23/><G64/><T132/><D132/><U107/><E107/><V79/><F31/><W81/><G81/><N who="0" m="31307" /><D130/><U25/><AGARI ba="0,0" hai="0,6,8,18,21,25,37,40,46,62,63" m="49226" machi="25" ten="30,1100,0" yaku="19,1" doraHai="47" who="1" fromWho="1" sc="287,-3,152,11,426,-3,135,-5" owari="284,8.0,163,-24.0,423,53.0,130,-37.0" />
</Scene>
</mjloggm>