<mjloggm ver="2.3"><GO type="41"/><UN n0="%E9%81%93%E6%88%90" n1="%E5%A4%AA%E3%81%8F%E3%81%AA%E3%81%84%E3%81%8A" n2="%70%69%79%6F%65%6D%6F%6E" n3="%6F%62%65%72%69%63" dan="13,15,13,14" rate="1902,2050,1834,1957" sx="M,M,M,M"/><TAIKYOKU oya="0"/>

<Scene>
<INIT seed="0,0,0,0,4,103" ten="250,250,250,250" oya="0" hai0="68,23,106,132,131,53,35,100,18,12,28,0,78" hai1="5,67,82,101,125,97,121,92,95,51,31,58,45" hai2="21,7,49,10,36,114,76,117,72,41,62,47,84" hai3="48,63,112,34,107,102,71,99,61,113,70,37,75"/><T87/><D68/><U93/><E121/><V3/><F114/><W127/><G75/><T124/><D124/><U133/><E125/><V42/><F42/><W32/><G127/><T128/><D132/><U56/><E133/><V111/><F62/><W90/><G48/><T129/><D0/><U135/><E135/><V98/><F21/><W122/><G90/><T9/><D53/><U79/><E31/><V88/><F98/><W60/><G122/><T52/><D35/><U91/><E5/><V57/><F117/><W94/><G94/><T14/><D28/><U118/><E118/><V130/><F130/><W69/><REACH who="3" step="1"/><G37/><REACH who="3" ten="250,250,250,240" step="2"/><T123/><D123/><U22/><E91/><V134/><F134/><W16/><G16/><T26/><D18/><U55/><E93/><V77/><F49/><W109/><G109/><T64/><D128/><U80/><E95/><V85/><F111/><W50/><G50/><T96/><D129/><U40/><E92/><V105/><F72/><W59/><G59/><T38/><D38/><U39/><E58/><V116/><F57/><W115/><AGARI ba="0,1" hai="32,34,60,61,63,69,70,71,99,102,107,112,113,115" machi="115" ten="50,12000,2" yaku="1,1,0,1,29,2,52,1,53,2" doraHai="103" doraHaiUra="30" who="3" fromWho="3" sc="250,-60,250,-30,250,-30,240,130" />
</Scene>
<Scene>
<INIT seed="1,0,0,0,3,19" ten="190,220,220,370" oya="1" hai0="82,65,113,45,15,30,41,39,29,16,3,24,1" hai1="21,56,58,12,0,32,48,115,86,51,10,83,98" hai2="11,124,134,77,120,107,44,126,59,49,91,73,23" hai3="25,89,90,94,103,22,106,112,118,104,122,121,81"/><U54/><E115/><V33/><F33/><W4/><G112/><T37/><D113/><U28/><E32/><V88/><F120/><W7/><G118/><T131/><D131/><U67/><E0/><V13/><F107/><W8/><G7/><T62/><D37/><U66/><E98/><V132/><F59/><W26/><G26/><T20/><D82/><U109/><E109/><V68/><F68/><W92/><G103/><T119/><D119/><U95/><E95/><V108/><F108/><W130/><G81/><T74/><D74/><U31/><E51/><V47/><F77/><W105/><G130/><T6/><D6/><N who="1" m="3159" /><E58/><V36/><F36/><W102/><G102/><T85/><D85/><U135/><E135/><N who="2" m="51755" /><F73/><W127/><G127/><N who="2" m="48681" /><F23/><W75/><G75/><T17/><D17/><U55/><E21/><V125/><F47/><W87/><G122/><T5/><D5/><U2/><E56/><V133/><N who="2" m="51763" /><V63/><DORA hai="14" /><F63/><W114/><G114/><T46/><D46/><U128/><E128/><V84/><F84/><W64/><G121/><T71/><REACH who="0" step="1"/><D30/><REACH who="0" ten="180,220,220,370" step="2"/><U79/><E28/><V100/><F125/><W43/><G4/><T78/><D78/><U80/><E31/><V57/><F44/><W35/><G87/><T111/><D111/><U42/><E83/><V53/><F100/><W61/><G106/><T69/><D69/><U60/><E80/><V18/><AGARI ba="0,1" hai="11,13,18,49,53,57,88,91" m="48681,51763" machi="18" ten="50,8000,1" yaku="20,1,18,1,52,1,54,1" doraHai="19,14" who="2" fromWho="2" sc="180,-20,220,-40,220,90,370,-20" />
</Scene>
<Scene>
<INIT seed="2,0,0,3,2,5" ten="160,180,310,350" oya="2" hai0="70,28,6,119,34,12,56,126,100,60,35,82,63" hai1="132,74,29,58,62,101,127,59,48,66,122,37,57" hai2="125,36,41,80,83,128,42,47,26,64,104,112,121" hai3="102,133,22,95,14,114,113,50,77,30,40,25,8"/><V52/><F112/><N who="3" m="43115" /><G77/><T33/><D119/><U118/><E74/><V110/><F121/><W120/><G120/><T117/><D117/><U123/><E101/><V17/><F64/><W0/><G0/><T103/><D126/><U4/><E29/><V109/><F125/><W73/><G73/><T68/><D82/><U76/><E76/><V65/><F65/><W116/><G116/><T38/><D38/><U106/><E106/><V19/><F104/><W43/><G133/><T31/><D6/><U85/><E4/><V61/><F42/><W23/><G50/><T71/><D12/><U88/><E37/><V99/><F99/><N who="3" m="59775" /><G23/><T115/><D56/><U21/><E118/><V67/><F67/><W93/><G93/><T13/><D13/><U81/><E127/><V130/><F26/><W107/><G107/><T87/><D87/><U20/><E132/><V27/><F27/><W135/><G135/><T16/><D16/><AGARI ba="0,0" hai="8,14,16,22,25,30,40,43" m="59775,43115" machi="16" ten="30,3900,0" yaku="11,1,52,1,54,1" doraHai="5" who="3" fromWho="0" sc="160,-39,180,0,310,0,350,39" />
</Scene>
<Scene>
<INIT seed="3,0,0,1,3,34" ten="121,180,310,389" oya="3" hai0="114,88,116,99,60,100,112,82,59,124,29,50,87" hai1="35,131,120,10,85,49,113,2,129,107,109,25,16" hai2="121,123,98,86,135,37,127,102,63,52,61,84,134" hai3="3,95,36,38,53,71,79,45,46,68,0,19,93"/><W8/><G79/><N who="0" m="46559" /><D29/><N who="1" m="19887" /><E107/><V115/><F115/><N who="0" m="44074" /><D50/><U21/><E85/><N who="2" m="32875" /><F37/><W44/><G8/><T40/><D40/><U47/><E49/><V51/><F127/><W97/><G53/><T42/><D42/><U130/><E47/><N who="2" m="27775" /><F61/><W66/><G46/><T56/><D124/><U119/><E113/><V33/><F63/><W128/><G128/><T69/><D116/><U57/><E57/><V101/><F33/><W28/><G19/><T67/><D100/><N who="2" m="38506" /><F98/><W48/><G97/><T111/><D111/><U20/><E109/><V76/><F76/><W6/><G48/><T91/><D99/><U90/><E90/><AGARI ba="0,0" hai="56,59,60,67,69,88,90,91" m="44074,46559" machi="90" ten="30,2000,0" yaku="11,1,54,1" doraHai="34" who="0" fromWho="1" sc="121,20,180,-20,310,0,389,0" />
</Scene>
<Scene>
<INIT seed="4,0,0,4,2,41" ten="141,160,310,389" oya="0" hai0="32,35,132,84,11,4,63,31,6,39,68,13,93" hai1="97,50,2,124,90,67,22,74,122,135,58,46,7" hai2="12,69,42,91,96,21,108,61,120,38,25,83,59" hai3="73,52,60,129,33,51,81,75,86,125,99,29,36"/><T10/><D39/><U77/><E122/><V113/><F108/><W0/><G36/><T118/><D118/><U89/><E74/><V114/><F69/><W34/><G0/><T54/><D132/><U117/><E117/><V130/><F120/><W85/><G129/><T72/><D72/><U110/><E110/><V104/><F130/><W1/><G1/><T20/><D20/><U27/><E77/><V123/><F123/><W79/><G75/><T71/><D71/><U87/><E135/><V19/><F83/><W134/><G134/><T18/><D18/><U92/><E124/><V3/><F3/><W80/><G125/><T88/><D31/><U40/><E2/><V128/><F128/><W14/><G60/><T95/><D95/><U49/><E7/><V131/><F131/><W8/><G99/><T109/><D109/><U119/><E119/><V94/><F104/><W30/><G34/><T17/><D17/><U62/><E50/><V26/><F114/><W82/><G33/><T102/><D102/><N who="1" m="60711" /><E87/><V76/><F76/><W105/><G105/><T37/><D37/><U5/><E5/><V66/><F113/><W111/><G111/><T101/><D101/><U70/><E70/><V78/><F78/><N who="3" m="46231" /><G82/><T28/><D28/><AGARI ba="0,0" hai="22,27,28,40,46,49,58,62,67,89,90" m="60711" machi="28" ten="30,3900,0" yaku="25,1,8,1,52,1" doraHai="41" who="1" fromWho="0" sc="141,-39,160,39,310,0,389,0" />
</Scene>
<Scene>
<INIT seed="5,0,0,5,3,122" ten="102,199,310,389" oya="1" hai0="29,48,80,14,23,90,54,76,84,39,37,28,127" hai1="124,50,74,67,75,91,131,47,22,42,16,106,6" hai2="10,61,121,32,15,109,57,108,79,92,95,87,7" hai3="17,99,4,70,110,9,38,41,98,31,134,66,117"/><U52/><E106/><V3/><F121/><W123/><G110/><T19/><D127/><U119/><E119/><V129/><F32/><W132/><G117/><T11/><D37/><U118/><E118/><V103/><F129/><W25/><G123/><T2/><D39/><U46/><E131/><V126/><F126/><W44/><G17/><T81/><D2/><U24/><E124/><V71/><F71/><W83/><G83/><T86/><REACH who="0" step="1"/><D23/><REACH who="0" ten="92,199,310,389" step="2"/><U60/><E6/><V68/><F3/><W30/><G4/><T77/><D77/><U12/><E12/><V26/><F79/><W115/><G115/><T56/><AGARI ba="0,1" hai="11,14,19,28,29,48,54,56,76,80,81,84,86,90" machi="56" ten="20,5200,0" yaku="1,1,0,1,7,1,8,1,53,0" doraHai="122" doraHaiUra="43" who="0" fromWho="0" sc="92,62,199,-26,310,-13,389,-13" />
</Scene>
<Scene>
<INIT seed="6,0,0,1,1,104" ten="154,173,297,376" oya="2" hai0="135,120,32,127,99,6,18,112,47,37,61,69,5" hai1="95,31,39,100,16,53,48,105,22,96,91,85,41" hai2="35,2,74,46,70,132,12,106,59,116,107,114,10" hai3="66,21,4,20,29,25,73,49,78,115,129,126,103"/><V15/><F116/><W51/><G66/><T57/><D120/><U130/><E130/><V83/><F35/><W71/><G129/><T134/><D32/><U111/><E111/><V92/><F70/><W62/><G71/><T77/><D69/><U28/><E41/><V128/><F128/><W118/><G118/><T17/><D77/><U8/><E8/><V89/><F59/><W36/><G36/><T102/><D112/><U45/><REACH who="1" step="1"/><E39/><REACH who="1" ten="154,163,297,376" step="2"/><V1/><F10/><W7/><G115/><T19/><D37/><U30/><E30/><V26/><F114/><W108/><G108/><T93/><D127/><U64/><E64/><V123/><F123/><W117/><G117/><T34/><D34/><U122/><E122/><V94/><F132/><N who="0" m="50730" /><D47/><U86/><E86/><V13/><F46/><W101/><G126/><T81/><D81/><U50/><E50/><V63/><F83/><W42/><G42/><T0/><D0/><U27/><AGARI ba="0,1" hai="16,22,27,28,31,45,48,53,85,91,95,96,100,105" machi="27" ten="20,5200,0" yaku="1,1,0,1,7,1,54,1,53,0" doraHai="104" doraHaiUra="110" who="1" fromWho="1" sc="154,-13,163,62,297,-26,376,-13" />
</Scene>
<Scene>
<INIT seed="7,0,0,4,3,96" ten="141,225,271,363" oya="3" hai0="111,44,81,43,76,35,24,11,86,34,69,45,73" hai1="18,101,25,56,2,39,67,28,90,117,122,63,91" hai2="87,79,16,3,126,29,130,46,95,94,27,85,40" hai3="7,32,26,128,105,5,75,1,55,92,10,6,0"/><W47/><G75/><T116/><D69/><U113/><E122/><V38/><F3/><W110/><G105/><T99/><D116/><U132/><E39/><V106/><F130/><W103/><G128/><T133/><D111/><U82/><E2/><V64/><F106/><W68/><G68/><T9/><D133/><U89/><E132/><V84/><F64/><W118/><G118/><T83/><D99/><U48/><E117/><V58/><F58/><W12/><G110/><T129/><D129/><U50/><E113/><V74/><F126/><W30/><G6/><T23/><D44/><U8/><E82/><V31/><F31/><W72/><G72/><T108/><D108/><U100/><E8/><V59/><F59/><W78/><G78/><T135/><D135/><U57/><E18/><V123/><F123/><W109/><G109/><T115/><D115/><U88/><E90/><V131/><F131/><W15/><G7/><T134/><D134/><U53/><REACH who="1" step="1"/><E50/><REACH who="1" ten="141,215,271,363" step="2"/><V98/><F16/><W21/><G0/><T107/><D107/><U70/><E70/><V80/><REACH who="2" step="1"/><F98/><REACH who="2" ten="141,215,261,363" step="2"/><W61/><G1/><T127/><D127/><U102/><E102/><V41/><F41/><W37/><G103/><T60/><D60/><U19/><E19/><V71/><F71/><W14/><G61/><T52/><D43/><U124/><E124/><V120/><F120/><W54/><G30/><T17/><D35/><AGARI ba="0,2" hai="25,28,35,48,53,56,57,63,67,88,89,91,100,101" machi="35" ten="40,8000,1" yaku="1,1,52,2,54,1,53,0" doraHai="96" doraHaiUra="104" who="1" fromWho="0" sc="141,-80,215,100,261,0,363,0" /><AGARI ba="0,0" hai="27,29,35,38,40,46,74,79,80,84,85,87,94,95" machi="35" ten="40,2600,0" yaku="1,1,53,1" doraHai="96" doraHaiUra="104" who="2" fromWho="0" sc="61,-26,315,0,261,26,363,0" owari="35,-46.0,315,12.0,287,-11.0,363,45.0" />
</Scene>
</mjloggm>