<mjloggm ver="2.3"><GO type="97"/><UN n0="%E3%82%B5%E3%83%88%5F%6B" n1="%E5%A4%AA%E3%81%8F%E3%81%AA%E3%81%84%E3%81%8A" n2="%E3%81%BB%E3%81%84%E3%81%A8%E3%81%93%E3%82%8D" n3="%28%C2%B4%3E%E2%88%80%3C%EF%BD%80%29" dan="14,13,14,13" rate="1969,1973,1862,2076" sx="M,M,M,F"/><TAIKYOKU oya="0"/>

<Scene>
<INIT seed="0,0,0,2,0,127" ten="250,250,250,250" oya="0" hai0="31,67,22,70,27,43,33,5,15,65,23,57,25" hai1="120,131,71,2,69,88,78,122,35,110,14,42,54" hai2="117,133,44,50,100,4,10,112,93,85,80,84,53" hai3="36,56,52,26,30,19,20,105,79,21,6,104,124"/><T24/><D70/><U28/><E2/><V9/><F112/><W95/><G36/><T107/><D107/><U62/><E78/><V94/><F133/><W48/><G124/><T66/><D43/><U135/><E14/><V114/><F114/><W123/><G123/><T121/><D121/><U38/><E28/><V126/><F126/><W46/><G79/><T68/><D68/><N who="1" m="26187" /><E88/><V3/><F117/><W0/><G46/><T49/><D49/><U109/><E35/><V74/><F74/><W103/><G103/><T82/><D82/><U41/><E135/><V45/><F45/><W111/><G111/><N who="1" m="42506" /><E42/><V92/><F10/><W61/><G0/><T34/><D33/><U125/><E125/><V113/><F113/><W81/><G6/><T91/><D91/><U60/><E60/><V64/><F85/><W55/><G81/><T7/><D34/><U129/><E41/><V13/><F3/><W76/><G76/><T29/><D15/><U106/><E106/><V12/><F12/><W116/><G95/><T101/><D101/><U115/><E38/><V87/><F100/><W108/><G108/><T134/><D134/><U75/><E75/><V90/><F87/><W97/><G104/><T83/><D83/><U17/><E17/><V47/><F80/><W40/><G19/><T37/><D37/><U119/><E119/><V102/><F102/><W128/><G116/><T32/><D32/><U130/><E115/><V11/><F11/><W89/><G89/><T63/><D25/><U132/><E132/><V77/><F77/><W59/><G105/><T86/><D86/><RYUUKYOKU ba="0,0" sc="250,15,250,15,250,-15,250,-15" hai0="5,7,22,23,24,27,29,31,57,63,65,66,67" hai1="54,62,120,122,129,130,131" />
</Scene>
<Scene>
<INIT seed="0,1,0,1,4,88" ten="265,265,235,235" oya="0" hai0="119,58,27,21,69,127,35,90,29,78,11,19,34" hai1="111,87,8,37,132,24,57,75,65,53,0,113,43" hai2="9,117,95,56,30,15,17,109,134,1,48,121,67" hai3="135,102,77,51,41,38,39,55,22,81,28,45,110"/><T120/><D69/><U82/><E111/><V74/><F74/><W129/><G110/><T83/><D120/><U20/><E132/><V89/><F121/><W54/><G135/><T104/><D104/><U59/><E113/><V100/><F134/><W112/><G112/><T52/><D119/><U79/><E37/><V71/><F109/><W91/><G102/><T85/><D127/><U44/><E65/><V32/><F1/><W49/><G129/><T61/><D78/><U25/><E87/><V33/><F71/><W63/><G63/><T124/><D124/><U68/><E68/><V116/><F100/><W94/><G22/><T73/><D73/><U108/><E108/><V18/><F18/><W98/><G28/><T96/><REACH who="0" step="1"/><D96/><REACH who="0" ten="255,265,235,235" step="2"/><U130/><E75/><V62/><F117/><W66/><G77/><T123/><D123/><U133/><E79/><V70/><F116/><W47/><G98/><T107/><D107/><U97/><E97/><V46/><F70/><W16/><G39/><T60/><D60/><U14/><E133/><V86/><REACH who="2" step="1"/><F30/><REACH who="2" ten="255,265,225,235" step="2"/><W80/><G38/><T126/><D126/><U10/><E130/><V128/><F128/><W50/><G51/><T101/><D101/><U72/><E72/><V23/><F23/><W131/><G50/><T26/><D26/><U42/><E20/><V12/><F12/><AGARI ba="1,2" hai="11,12,19,21,27,29,34,35,52,58,61,83,85,90" machi="12" ten="40,3900,0" yaku="1,1,54,1,53,0" doraHai="88" doraHaiUra="122" who="0" fromWho="2" sc="255,62,265,0,225,-42,235,0" />
</Scene>
<Scene>
<INIT seed="0,2,0,5,3,14" ten="317,265,183,235" oya="0" hai0="113,18,29,64,37,74,62,82,66,50,90,46,123" hai1="126,130,77,105,33,97,13,127,93,79,58,55,112" hai2="108,101,118,27,53,117,71,104,133,96,22,11,42" hai3="92,48,19,54,109,43,47,70,107,23,116,85,78"/><T35/><D123/><U26/><E105/><V7/><F108/><W30/><G107/><T128/><D113/><U28/><E112/><V88/><F133/><W17/><G116/><N who="2" m="44649" /><F71/><W114/><G114/><T12/><D37/><U5/><E130/><V75/><F75/><W67/><G109/><T84/><D74/><U8/><E127/><V9/><F42/><W38/><G30/><T99/><D128/><U52/><E126/><V135/><F135/><W95/><G78/><T1/><D1/><U119/><E119/><V24/><F53/><W20/><G20/><T102/><D29/><U115/><E115/><V16/><F27/><W122/><G122/><T89/><D89/><U129/><E129/><V68/><F68/><W106/><G106/><T111/><D111/><U45/><E45/><V44/><F44/><W63/><G85/><T61/><D35/><U83/><E83/><V69/><F69/><W57/><REACH who="3" step="1"/><G17/><REACH who="3" ten="317,265,183,225" step="2"/><T73/><D18/><U87/><E87/><V25/><F7/><W124/><G124/><T60/><D73/><U134/><E134/><V40/><F25/><AGARI ba="2,1" hai="19,23,25,38,43,47,48,54,57,63,67,70,92,95" machi="25" ten="30,8000,1" yaku="1,1,7,1,24,2,52,1,53,0" doraHai="14" doraHaiUra="110" who="3" fromWho="2" sc="317,0,265,0,183,-86,225,96" />
</Scene>
<Scene>
<INIT seed="1,0,0,1,1,8" ten="317,265,97,321" oya="1" hai0="10,9,112,121,51,92,81,83,6,65,0,36,1" hai1="60,95,14,57,118,24,25,28,71,78,20,133,35" hai2="101,38,30,41,48,108,44,120,127,134,69,122,100" hai3="40,113,62,2,63,86,94,4,106,124,47,43,32"/><U82/><E118/><V55/><F30/><W68/><G106/><T7/><D36/><U74/><E133/><V75/><F75/><W3/><G32/><T99/><D112/><U15/><E71/><V5/><F5/><W58/><G113/><T39/><D39/><U79/><E79/><V27/><F27/><W103/><G124/><T132/><D132/><U52/><E95/><V54/><F134/><W26/><G68/><T125/><D125/><U33/><E33/><V13/><F13/><W116/><G116/><T34/><D34/><U104/><E104/><V85/><F85/><W115/><G115/><T72/><D65/><U56/><E56/><V16/><F16/><AGARI ba="0,0" hai="14,15,16,20,24,25,28,35,52,57,60,74,78,82" machi="16" ten="30,12000,1" yaku="7,1,52,2,54,2" doraHai="8" who="1" fromWho="2" sc="317,0,265,120,97,-120,321,0" owari="317,-8.0,385,48.0,-23,-52.0,321,12.0" />
</Scene>
</mjloggm>