<mjloggm ver="2.3"><GO type="33"/><UN n0="%E3%83%AA%E3%82%B9%E3%83%83%E3%83%81" n1="%E4%B8%80%E8%88%AC%E5%8D%93%E3%81%AE%E9%80%86%E8%A5%B2%57%57" n2="%E5%A4%AA%E3%81%8F%E3%81%AA%E3%81%84%E3%81%8A" n3="%E3%81%A7%E3%81%93%E3%81%98" dan="15,13,13,16" rate="2022,2003,1937,2105" sx="F,M,M,M"/><TAIKYOKU oya="0"/>

<Scene>
<INIT seed="0,0,0,0,1,36" ten="250,250,250,250" oya="0" hai0="104,1,122,76,124,85,48,67,38,123,29,46,63" hai1="135,52,41,18,42,118,128,13,107,14,92,0,8" hai2="61,2,84,44,74,54,28,80,121,97,34,100,24" hai3="78,39,90,111,109,51,73,64,106,32,132,115,19"/><T131/><D104/><U110/><E118/><V129/><F121/><W25/><G106/><T68/><D1/><U96/><E107/><V17/><F129/><W35/><G39/><T134/><D131/><U133/><E0/><V120/><F120/><W77/><G115/><T79/><D134/><N who="1" m="51211" /><E128/><V59/><F2/><W81/><G132/><T27/><D124/><U58/><E14/><V125/><F125/><W70/><G77/><T5/><D5/><U16/><E18/><V71/><F71/><W7/><G7/><T72/><D38/><U88/><E110/><N who="3" m="41994" /><G90/><T126/><D72/><U60/><AGARI ba="0,0" hai="8,13,16,41,42,52,58,60,88,92,96" m="51211" machi="60" ten="30,12000,2" yaku="20,1,52,2,54,3" doraHai="36" who="1" fromWho="1" sc="250,-60,250,120,250,-30,250,-30" />
</Scene>
<Scene>
<INIT seed="1,0,0,4,2,92" ten="190,370,220,220" oya="1" hai0="4,71,14,64,20,119,108,34,67,115,110,36,90" hai1="72,10,33,58,13,132,113,7,21,22,1,16,82" hai2="6,26,88,43,18,93,129,126,66,114,55,116,24" hai3="25,84,50,101,111,28,125,109,77,122,78,99,118"/><U120/><E120/><V103/><F116/><W124/><G122/><T9/><D34/><U11/><E113/><V49/><F114/><W70/><G70/><T76/><D115/><U123/><E123/><V121/><F121/><W87/><G50/><T30/><D119/><U100/><E33/><V53/><F126/><N who="3" m="48747" /><G25/><N who="0" m="16679" /><D36/><U86/><E72/><V104/><F6/><W5/><G5/><T97/><D76/><N who="3" m="29289" /><G28/><T8/><D71/><U48/><E22/><V127/><F127/><W133/><G118/><T94/><D8/><U74/><E21/><V130/><F66/><W75/><G75/><T96/><D110/><N who="3" m="41993" /><G133/><T91/><D108/><U105/><E74/><V80/><F43/><W35/><G35/><T89/><D94/><AGARI ba="0,0" hai="84,87,94,99,101" m="41993,29289,48747" machi="94" ten="30,8000,1" yaku="18,1,14,1,34,2,52,1" doraHai="92" who="3" fromWho="0" sc="190,-80,370,0,220,0,220,80" />
</Scene>
<Scene>
<INIT seed="2,0,0,5,3,130" ten="110,370,220,300" oya="2" hai0="98,125,84,82,27,114,95,115,131,23,90,9,37" hai1="38,46,12,10,73,67,51,44,65,66,135,91,7" hai2="105,118,111,80,123,59,97,75,107,126,20,15,99" hai3="108,14,93,132,134,72,128,96,74,16,92,2,3"/><V36/><F123/><W5/><G108/><T64/><D37/><U52/><E73/><N who="3" m="28266" /><G128/><T68/><D131/><U110/><E110/><V61/><F118/><W129/><G129/><T62/><D125/><U18/><E38/><V35/><F35/><W25/><G25/><T11/><D115/><U8/><E91/><V76/><F36/><W119/><G119/><T0/><D0/><N who="3" m="41" /><G5/><T43/><D43/><U34/><E34/><V6/><F126/><W109/><G109/><T41/><D41/><U117/><E117/><V94/><F111/><W21/><G96/><T69/><D69/><U101/><E101/><V81/><F81/><W4/><G4/><T102/><D114/><U57/><E8/><V47/><F47/><W22/><G22/><T54/><D54/><U133/><E66/><V53/><F99/><W32/><G32/><T88/><REACH who="0" step="1"/><D102/><REACH who="0" ten="100,370,220,300" step="2"/><U31/><E52/><V39/><F39/><W17/><G17/><AGARI ba="0,1" hai="9,11,17,23,27,62,64,68,82,84,88,90,95,98" machi="17" ten="30,7700,0" yaku="1,1,2,1,7,1,54,1,53,0" doraHai="130" doraHaiUra="112" who="0" fromWho="3" sc="100,87,370,0,220,0,300,-77" />
</Scene>
<Scene>
<INIT seed="3,0,0,1,4,22" ten="187,370,220,223" oya="3" hai0="61,8,46,80,5,76,12,39,29,123,86,42,27" hai1="89,90,66,107,63,62,118,99,96,19,74,119,112" hai2="94,37,97,45,106,18,69,6,20,26,40,17,53" hai3="48,85,104,98,65,70,133,122,50,43,9,82,78"/><W84/><G122/><T35/><REACH who="0" step="1"/><D61/><REACH who="0" ten="177,370,220,223" step="2"/><U0/><E63/><V93/><F69/><W14/><G133/><T126/><D126/><U125/><E62/><V95/><F6/><W3/><G70/><T4/><D4/><U92/><E119/><V129/><F129/><W55/><G65/><T134/><D134/><U47/><E66/><V73/><F73/><W117/><G117/><T88/><D88/><U59/><E74/><V32/><F32/><W91/><G3/><T57/><D57/><U24/><E89/><V54/><F17/><N who="3" m="8399" /><G104/><T11/><D11/><U2/><E107/><V7/><F7/><W120/><G120/><AGARI ba="0,1" hai="5,8,12,27,29,35,39,42,46,76,80,86,120,123" machi="120" ten="40,5200,0" yaku="21,2,52,1,53,0" doraHai="22" doraHaiUra="121" who="0" fromWho="3" sc="177,62,370,0,220,0,223,-52" owari="239,4.0,370,47.0,220,-18.0,171,-33.0" />
</Scene>
</mjloggm>