<mjloggm ver="2.3"><GO type="169"/><UN n0="%E3%83%92%E3%82%B2%E3%83%AD%E3%83%B3%E3%82%B0" n1="%E5%8F%8D%E9%99%BD%E5%AD%90%E3%81%95%E3%82%93" n2="%E3%83%87%E3%82%B8%E3%82%BF%E3%83%AB%E4%BB%99%E4%BA%BA" n3="%E5%A4%AA%E3%81%8F%E3%81%AA%E3%81%84%E3%81%8A" dan="17,16,17,18" rate="2132,2111,2170,2217" sx="M,M,F,M"/><TAIKYOKU oya="0"/>

<Scene>
<INIT seed="0,0,0,5,4,34" ten="250,250,250,250" oya="0" hai0="128,85,7,115,100,21,14,66,79,50,1,48,0" hai1="130,90,67,12,28,78,107,70,104,113,22,49,40" hai2="9,124,45,10,86,89,121,57,117,133,73,135,3" hai3="76,35,83,125,127,20,106,39,116,58,30,87,36"/><T102/><D115/><U131/><E113/><V24/><F73/><W119/><G106/><T55/><D66/><U95/><E78/><V51/><F121/><W92/><G35/><T4/><D128/><N who="1" m="49195" /><E70/><V74/><F74/><W64/><G92/><T68/><D68/><U134/><E67/><V81/><F124/><N who="3" m="47691" /><G30/><T17/><D50/><U109/><E109/><V105/><F105/><W88/><G20/><T26/><D7/><U8/><E134/><N who="2" m="51211" /><F24/><W5/><G5/><T96/><D100/><U77/><E77/><V25/><F25/><W75/><G76/><T84/><D26/><N who="1" m="16471" /><E49/><V54/><F117/><N who="3" m="45131" /><G75/><T47/><D4/><N who="1" m="3079" /><E40/><V44/><F9/><W63/><AGARI ba="0,0" hai="36,39,58,63,64,83,87,88" m="45131,47691" machi="63" ten="40,2700,0" yaku="18,1,54,1" doraHai="34" who="3" fromWho="3" sc="250,-13,250,-7,250,-7,250,27" />
</Scene>
<Scene>
<INIT seed="1,0,0,1,5,43" ten="237,243,243,277" oya="1" hai0="69,18,52,71,91,11,116,133,92,132,118,103,104" hai1="81,38,126,107,87,94,109,19,30,80,14,98,86" hai2="37,75,77,9,128,50,58,7,73,32,44,17,21" hai3="90,2,123,62,83,42,29,28,66,120,34,40,63"/><U64/><E38/><V12/><F128/><W68/><G2/><T56/><D103/><U119/><E119/><V41/><F32/><W0/><G0/><T8/><D104/><U13/><E107/><V131/><F131/><W60/><G68/><T25/><D71/><U117/><E117/><N who="0" m="45161" /><D69/><U112/><E112/><V99/><F99/><W84/><G66/><T6/><D6/><U129/><E129/><V46/><F58/><W130/><G130/><T101/><D101/><U102/><E126/><V125/><F77/><W115/><G115/><T39/><D39/><U93/><E64/><V1/><REACH who="2" step="1"/><F125/><REACH who="2" ten="237,243,233,277" step="2"/><W33/><G33/><T106/><D56/><U57/><E57/><V55/><AGARI ba="0,1" hai="1,7,9,12,17,21,37,41,44,46,50,55,73,75" machi="55" ten="20,12000,2" yaku="1,1,2,1,0,1,7,1,52,2,53,1" doraHai="43" doraHaiUra="15" who="2" fromWho="2" sc="237,-30,243,-60,233,130,277,-30" />
</Scene>
<Scene>
<INIT seed="2,0,0,5,1,120" ten="207,183,363,247" oya="2" hai0="15,88,91,44,31,77,99,12,105,101,121,66,21" hai1="112,108,45,95,50,8,72,67,116,63,109,115,122" hai2="43,73,129,130,39,123,16,55,93,82,9,35,86" hai3="106,113,7,117,133,29,47,103,42,94,125,100,96"/><V11/><F123/><W51/><G117/><T40/><D121/><U124/><E122/><V74/><F35/><W38/><G133/><T48/><D77/><U110/><E116/><V107/><F107/><W111/><G125/><T64/><D15/><U3/><E72/><V61/><F93/><W127/><G127/><T84/><D91/><U54/><E124/><V98/><F98/><W90/><G113/><T28/><D28/><U32/><E32/><V69/><F43/><W97/><G29/><T75/><D75/><U131/><E131/><N who="2" m="50187" /><F39/><W114/><G114/><T68/><D68/><N who="1" m="42111" /><E95/><V135/><F9/><W17/><G38/><T76/><D76/><U24/><E24/><V89/><F135/><W41/><G7/><AGARI ba="0,0" hai="3,7,8,45,50,54,108,109,110,112,115" m="42111" machi="7" ten="30,7700,0" yaku="14,1,52,3" doraHai="120" who="1" fromWho="3" sc="207,0,183,77,363,0,247,-77" />
</Scene>
<Scene>
<INIT seed="3,0,0,5,1,36" ten="207,260,363,170" oya="3" hai0="134,105,57,29,75,18,19,27,52,31,6,44,34" hai1="131,25,130,12,10,20,63,51,13,30,68,92,48" hai2="128,4,117,71,103,33,88,108,126,76,72,62,60" hai3="58,42,119,0,66,94,38,17,65,90,54,96,15"/><W106/><G119/><T127/><D75/><U41/><E92/><V86/><F117/><W49/><G0/><T50/><D105/><U125/><E125/><V5/><F126/><W89/><G106/><T43/><D127/><U118/><E118/><V115/><F115/><W16/><G89/><T21/><D134/><U91/><E91/><V116/><F116/><W39/><G17/><T114/><D114/><U87/><E87/><V2/><F33/><W84/><G96/><T23/><D6/><U120/><E120/><V83/><F103/><W47/><REACH who="3" step="1"/><G39/><REACH who="3" ten="207,260,363,160" step="2"/><T14/><D34/><U133/><E133/><V113/><F2/><W123/><G123/><T110/><REACH who="0" step="1"/><D110/><REACH who="0" ten="197,260,363,160" step="2"/><U67/><E130/><V112/><F108/><W109/><G109/><T69/><D69/><U26/><E131/><V53/><F128/><W35/><G35/><T24/><D24/><U59/><E26/><V97/><F113/><W98/><G98/><T80/><D80/><U124/><E124/><V129/><F97/><W111/><G111/><T1/><D1/><U61/><E68/><V64/><F112/><W100/><G100/><T81/><D81/><U107/><E107/><V45/><F129/><W99/><G99/><T9/><D9/><AGARI ba="0,2" hai="9,15,16,38,42,47,49,54,58,65,66,84,90,94" machi="9" ten="30,12000,1" yaku="1,1,7,1,52,1,54,1,53,1" doraHai="36" doraHaiUra="8" who="3" fromWho="0" sc="197,-120,260,0,363,0,160,140" />
</Scene>
<Scene>
<INIT seed="3,1,0,3,1,76" ten="77,260,363,300" oya="3" hai0="12,77,48,87,99,106,116,13,90,86,38,84,66" hai1="134,83,36,15,50,21,108,9,17,73,64,4,47" hai2="58,126,118,103,65,94,67,85,82,62,88,133,51" hai3="29,113,35,42,104,96,22,16,2,20,120,122,98"/><W70/><G113/><T24/><D38/><U79/><E108/><V52/><F118/><W23/><G70/><T132/><D116/><U40/><E64/><V97/><F133/><W128/><G42/><T28/><D132/><U130/><E134/><V46/><F126/><W81/><G2/><T33/><D66/><AGARI ba="1,0" hai="46,51,52,58,62,65,66,67,82,85,88,94,97,103" machi="66" ten="30,8000,1" yaku="7,1,8,1,52,1,54,2" doraHai="76" who="2" fromWho="0" sc="77,-83,260,0,363,83,300,0" owari="-6,-51.0,260,-14.0,446,55.0,300,10.0" />
</Scene>
</mjloggm>