<mjloggm ver="2.3"><GO type="225"/><UN n0="%E3%83%81%E3%83%A3%E3%82%AA%E3%83%AA" n1="%E3%82%B7%E3%83%9F%E3%83%AA%E3%82%B9%EF%BC%94" n2="%E3%81%BF%E3%81%BF%E3%81%9A" n3="%E5%A4%AA%E3%81%8F%E3%81%AA%E3%81%84%E3%81%8A" dan="16,16,17,16" rate="2114,2034,2224,2077" sx="M,F,M,M"/><TAIKYOKU oya="0"/>

<Scene>
<INIT seed="0,0,0,0,3,116" ten="250,250,250,250" oya="0" hai0="23,75,8,18,86,91,45,36,12,51,68,28,117" hai1="132,64,74,4,11,16,109,127,95,59,88,26,41" hai2="128,60,9,66,122,79,121,108,106,73,37,124,22" hai3="110,40,135,15,3,111,98,72,89,99,13,67,129"/><T114/><D75/><U29/><E74/><V42/><F22/><W2/><G72/><T38/><D68/><U25/><E41/><V14/><F106/><W80/><G40/><T119/><D114/><U39/><E39/><V102/><F102/><W62/><G80/><T85/><D85/><U78/><E78/><V104/><F104/><W92/><G99/><T123/><D123/><U83/><E83/><N who="2" m="45551" /><F14/><N who="3" m="5131" /><G135/><T118/><D28/><U31/><E109/><N who="3" m="41482" /><G129/><T103/><D23/><N who="1" m="13543" /><E127/><V61/><F108/><W20/><G20/><T126/><D103/><U115/><E132/><V76/><F76/><W69/><AGARI ba="0,0" hai="2,3,62,67,69,89,92,98" m="41482,5131" machi="69" ten="30,1100,0" yaku="14,1" doraHai="116" who="3" fromWho="3" sc="250,-5,250,-3,250,-3,250,11" />
</Scene>
<Scene>
<INIT seed="1,0,0,0,1,109" ten="245,247,247,261" oya="1" hai0="118,24,46,110,32,55,60,119,87,71,90,116,104" hai1="16,133,23,58,132,76,121,15,67,85,73,102,54" hai2="79,135,65,114,69,56,62,61,125,75,94,92,91" hai3="0,134,47,77,72,35,18,128,21,14,26,5,53"/><U11/><E121/><V48/><F125/><W127/><G72/><T38/><D104/><U117/><E117/><V68/><F135/><N who="1" m="51785" /><E102/><V96/><F114/><W28/><G134/><T130/><D110/><U103/><E103/><V89/><F48/><N who="3" m="28831" /><G77/><T100/><D100/><U93/><E67/><V115/><F115/><W108/><G108/><T41/><D130/><U10/><E73/><V126/><F126/><W31/><G31/><T33/><D24/><U113/><E113/><V112/><F112/><W6/><G127/><T70/><D55/><U37/><E37/><V122/><F122/><W2/><G6/><T29/><D29/><U80/><E93/><V22/><F22/><W124/><G2/><T45/><D45/><U66/><E66/><V95/><F62/><AGARI ba="0,0" hai="10,11,15,16,23,54,58,62,76,80,85" m="51785" machi="62" ten="30,2900,0" yaku="20,1,54,1" doraHai="109" who="1" fromWho="2" sc="245,0,247,29,247,-29,261,0" />
</Scene>
<Scene>
<INIT seed="1,1,0,2,2,135" ten="245,276,218,261" oya="1" hai0="128,25,29,44,55,75,62,1,90,96,50,56,69" hai1="84,51,103,88,40,72,68,82,105,63,127,48,80" hai2="8,33,114,11,108,24,26,91,83,5,49,52,122" hai3="37,6,19,86,9,66,81,27,4,36,13,59,31"/><U129/><E129/><V74/><F122/><W131/><G131/><T32/><D1/><U95/><E127/><V76/><F108/><W34/><G66/><T15/><D75/><U3/><E3/><V110/><F110/><W17/><G59/><T79/><D79/><N who="1" m="44135" /><E40/><V2/><F114/><W35/><G35/><T18/><D69/><U87/><E68/><V23/><F11/><W99/><G99/><T94/><D128/><U85/><E63/><V118/><F118/><W61/><G61/><T97/><D97/><N who="1" m="61679" /><E51/><V73/><F33/><W121/><G121/><T21/><REACH who="0" step="1"/><D62/><REACH who="0" ten="235,276,218,261" step="2"/><U70/><E70/><V113/><F73/><W78/><G4/><T77/><D77/><N who="1" m="46159" /><E48/><V100/><F113/><W20/><REACH who="3" step="1"/><G19/><REACH who="3" ten="235,276,218,251" step="2"/><T22/><D22/><U71/><E71/><V60/><F23/><W112/><G112/><T41/><D41/><U16/><E16/><V117/><F5/><W125/><G125/><T111/><D111/><U116/><E116/><V53/><F60/><W54/><G54/><T45/><AGARI ba="1,2" hai="15,18,21,25,29,32,44,45,50,55,56,90,94,96" machi="45" ten="30,2000,0" yaku="1,1,0,1,53,0" doraHai="135" doraHaiUra="107" who="0" fromWho="0" sc="235,43,276,-11,218,-6,251,-6" />
</Scene>
<Scene>
<INIT seed="2,0,0,4,4,131" ten="278,265,212,245" oya="2" hai0="128,93,122,70,12,56,49,58,132,94,130,34,123" hai1="82,111,125,36,80,54,0,38,104,53,89,25,3" hai2="91,18,39,52,13,45,4,59,92,102,112,48,127" hai3="5,63,71,9,103,107,42,81,46,35,83,62,24"/><V75/><F112/><W29/><G107/><T61/><D34/><U85/><E104/><V108/><F127/><W8/><G103/><T11/><D70/><U51/><E125/><V26/><F75/><W134/><G9/><T21/><D21/><U2/><E111/><V60/><F108/><W76/><G71/><T6/><D49/><U109/><E109/><V101/><F4/><W66/><G66/><T50/><D50/><U110/><E110/><V88/><F26/><W44/><G81/><T16/><D6/><U74/><E25/><V78/><F78/><W15/><G134/><T97/><D132/><U106/><E106/><V19/><F39/><W14/><G14/><T84/><D84/><U113/><E113/><V133/><F133/><W90/><G90/><N who="2" m="34345" /><F92/><N who="0" m="35434" /><D97/><U57/><REACH who="1" step="1"/><E54/><REACH who="1" ten="278,255,212,245" step="2"/><N who="2" m="33911" /><F19/><W22/><G35/><T72/><D130/><U126/><E126/><V129/><F129/><W28/><G28/><T43/><D128/><U105/><E105/><V32/><F32/><W98/><G98/><T120/><D120/><U77/><AGARI ba="0,1" hai="0,2,3,36,38,51,53,57,74,77,80,82,85,89" machi="77" ten="40,8000,1" yaku="1,1,0,1,53,2" doraHai="131" doraHaiUra="68" who="1" fromWho="1" sc="278,-20,255,90,212,-40,245,-20" />
</Scene>
<Scene>
<INIT seed="3,0,0,0,4,128" ten="258,345,172,225" oya="3" hai0="41,39,101,76,63,117,75,59,99,64,93,108,112" hai1="31,48,115,61,20,3,132,15,106,52,126,26,47" hai2="110,33,60,44,69,12,72,29,28,119,45,92,36" hai3="10,81,125,73,89,65,98,67,91,66,129,85,5"/><W122/><G122/><T7/><D117/><U130/><E106/><V107/><F119/><W35/><G35/><T124/><D7/><U68/><E130/><V118/><F118/><W123/><G123/><T71/><D108/><U58/><E3/><V87/><F72/><W38/><G38/><T11/><D11/><U116/><E126/><V100/><F110/><W120/><G120/><T135/><D71/><U6/><E115/><V46/><F36/><W37/><G37/><T84/><D75/><U111/><E111/><V4/><F107/><W57/><G73/><T88/><D76/><U131/><E131/><V51/><F33/><W0/><G129/><T90/><D90/><U104/><E104/><V27/><F69/><W86/><G98/><T105/><D124/><U54/><E116/><V1/><F1/><W22/><G125/><T55/><D39/><U82/><E82/><V9/><F60/><W18/><G57/><T127/><D41/><U13/><E68/><V42/><F87/><W79/><REACH who="3" step="1"/><G86/><REACH who="3" ten="258,345,172,215" step="2"/><T103/><D84/><U43/><E58/><V56/><F56/><W14/><AGARI ba="0,1" hai="0,5,10,14,18,22,65,66,67,79,81,85,89,91" machi="14" ten="30,11700,0" yaku="1,1,2,1,0,1,53,1" doraHai="128" doraHaiUra="74" who="3" fromWho="3" sc="258,-39,345,-39,172,-39,215,127" owari="219,-18.0,306,11.0,133,-37.0,342,44.0" />
</Scene>
</mjloggm>