<mjloggm ver="2.3"><GO type="169"/><UN n0="%E5%A4%AA%E3%81%8F%E3%81%AA%E3%81%84%E3%81%8A" n1="%E7%A5%AD%E4%BA%BA" n2="%E4%BB%AE%E3%81%A7%E3%81%99" n3="%E3%81%B5%E3%81%83%E3%81%82" dan="17,17,17,16" rate="2138,2167,2103,2052" sx="M,M,M,M"/><TAIKYOKU oya="0"/>

<Scene>
<INIT seed="0,0,0,2,4,29" ten="250,250,250,250" oya="0" hai0="84,52,4,56,109,125,104,51,111,50,33,55,46" hai1="101,13,115,28,89,6,134,76,44,20,93,127,119" hai2="80,66,95,114,5,18,103,124,74,19,62,47,110" hai3="116,99,11,14,65,8,17,126,88,71,75,122,73"/><T130/><D104/><U60/><E119/><V21/><F114/><W87/><G116/><T64/><D125/><U72/><E127/><V25/><F124/><W120/><G126/><T36/><D130/><U90/><E134/><V61/><F110/><N who="0" m="41994" /><D4/><U48/><E115/><V113/><F5/><W131/><G131/><T128/><D128/><U9/><E72/><V40/><F113/><W91/><G99/><T133/><D133/><U97/><E76/><V81/><F74/><N who="3" m="28171" /><G87/><T132/><D132/><U135/><E135/><V107/><F107/><W83/><G83/><T112/><D112/><U123/><E123/><N who="3" m="47146" /><G8/><T31/><D84/><U54/><REACH who="1" step="1"/><E60/><AGARI ba="0,0" hai="11,14,17,60,65,71,88,91" m="47146,28171" machi="60" ten="30,2000,0" yaku="13,1,54,1" doraHai="29" who="3" fromWho="1" sc="250,0,250,-20,250,0,250,20" />
</Scene>
<Scene>
<INIT seed="1,0,0,2,0,94" ten="250,230,250,270" oya="1" hai0="29,103,21,8,4,42,113,16,77,85,91,127,78" hai1="66,58,69,51,128,32,96,93,110,25,75,48,23" hai2="89,13,52,73,41,26,126,86,14,79,132,95,123" hai3="34,63,31,105,116,64,97,6,17,10,65,47,84"/><U39/><E75/><V28/><F123/><W117/><G17/><T125/><D113/><U9/><E39/><V3/><F3/><N who="3" m="351" /><G84/><T122/><D29/><U2/><E32/><V12/><F41/><W92/><G47/><T111/><D42/><U131/><E69/><V38/><F38/><W80/><G80/><N who="0" m="49575" /><D103/><N who="1" m="60815" /><E110/><V101/><F132/><W27/><G105/><T49/><D49/><U46/><E2/><V115/><F126/><N who="0" m="48138" /><D111/><U35/><E35/><V109/><F109/><W56/><G56/><T135/><D135/><U81/><E81/><V129/><F115/><W54/><G63/><T44/><D44/><U5/><E46/><V43/><F43/><W71/><G71/><T106/><D106/><U7/><E51/><V20/><F101/><W82/><G82/><T102/><D102/><U134/><E134/><V1/><F73/><W45/><G45/><T67/><D122/><U59/><E48/><V53/><F79/><W62/><G34/><T60/><D60/><N who="1" m="38167" /><E59/><V11/><F95/><W107/><G92/><T83/><D83/><U61/><E61/><V118/><F118/><W50/><G62/><T130/><D67/><U37/><E37/><V133/><F133/><W57/><G65/><T33/><D33/><U120/><E120/><V100/><F53/><W30/><G64/><T88/><D77/><U15/><E7/><V112/><F112/><W104/><G104/><T121/><D121/><U76/><E76/><V124/><F124/><W22/><G22/><T74/><D78/><U108/><E108/><V90/><F20/><W99/><G107/><T114/><D114/><RYUUKYOKU ba="0,0" sc="250,-10,230,30,250,-10,270,-10" hai1="5,9,15,23,25,128,131" />
</Scene>
<Scene>
<INIT seed="1,1,0,2,1,85" ten="240,260,240,260" oya="1" hai0="0,128,30,7,44,131,14,3,57,54,133,123,83" hai1="87,35,38,12,67,10,127,49,66,24,5,107,101" hai2="61,2,25,19,111,132,62,125,50,4,79,82,130" hai3="11,80,105,103,65,75,78,53,31,6,108,91,71"/><U102/><E38/><V59/><F111/><W51/><G108/><T63/><D133/><U64/><E127/><V37/><F37/><W28/><G105/><T118/><D118/><U9/><E107/><V56/><F132/><W55/><G103/><T73/><D123/><U135/><E135/><V116/><F116/><W74/><G74/><T134/><D30/><U70/><E70/><V20/><F125/><W76/><G76/><N who="0" m="44431" /><D44/><U26/><E49/><V34/><F130/><N who="0" m="49706" /><D134/><U27/><E35/><V100/><F100/><W40/><G40/><T17/><D7/><U106/><E106/><V104/><F104/><W122/><G122/><T72/><D72/><U94/><E10/><AGARI ba="1,0" hai="0,3,10,14,17,54,57,63" m="49706,44431" machi="10" ten="30,1000,0" yaku="19,1" doraHai="85" who="0" fromWho="1" sc="240,13,260,-13,240,0,260,0" />
</Scene>
<Scene>
<INIT seed="2,0,0,0,3,134" ten="253,247,240,260" oya="2" hai0="4,100,56,97,105,116,104,79,109,95,113,120,76" hai1="102,77,62,39,96,29,75,26,86,85,34,59,127" hai2="129,81,135,84,108,73,5,110,78,71,94,99,38" hai3="80,115,91,30,92,106,54,65,60,19,23,7,83"/><V117/><F71/><W111/><G106/><N who="0" m="41067" /><D56/><U88/><E39/><V28/><F38/><W21/><G111/><N who="2" m="42537" /><F28/><W48/><G115/><T25/><D25/><U68/><E75/><V70/><F70/><W93/><G7/><T57/><D57/><U98/><E77/><N who="0" m="29769" /><D4/><U8/><E68/><V9/><F117/><W17/><G30/><T118/><D109/><U69/><E69/><V32/><F32/><W16/><G92/><N who="0" m="58407" /><D113/><U41/><E41/><V121/><F9/><W50/><G60/><T42/><D42/><U44/><E8/><V125/><F5/><W58/><G65/><T40/><D40/><U107/><E29/><V46/><F46/><W128/><G50/><T0/><D0/><U49/><E49/><V87/><F121/><W53/><G53/><T13/><D13/><U55/><E44/><V33/><F33/><W10/><G10/><T36/><D36/><U72/><E34/><V12/><F12/><W45/><G45/><T22/><D22/><U2/><E2/><V67/><F67/><W112/><G112/><T64/><D64/><U6/><E6/><V31/><F31/><W11/><G11/><T37/><D37/><U66/><E66/><V122/><F122/><W52/><G23/><T18/><D18/><U47/><E47/><V14/><F14/><W51/><G21/><T1/><D1/><U123/><E123/><V15/><F15/><W24/><G24/><T3/><D3/><U103/><E59/><V35/><F35/><W43/><G58/><T27/><D120/><U20/><E20/><V101/><F73/><W89/><G19/><RYUUKYOKU ba="0,0" sc="253,0,247,0,240,0,260,0" />
</Scene>
<Scene>
<INIT seed="3,1,0,0,3,17" ten="253,247,240,260" oya="3" hai0="130,92,62,9,132,99,87,119,11,105,19,121,113" hai1="34,129,91,116,95,128,16,0,64,124,45,26,14" hai2="107,79,18,63,93,94,111,59,23,37,5,39,10" hai3="84,47,8,75,44,61,15,41,76,118,28,22,69"/><W100/><G118/><T55/><D119/><U98/><E116/><V70/><F107/><W106/><G75/><T96/><D121/><U97/><E0/><V42/><F70/><W77/><G106/><T20/><D130/><N who="1" m="50283" /><E124/><V90/><F79/><W85/><G100/><T35/><D35/><U123/><E123/><V74/><F74/><W36/><G47/><T1/><D132/><U80/><E64/><V56/><F111/><W57/><G69/><T33/><D33/><U46/><E97/><N who="0" m="37449" /><D1/><U115/><E115/><V78/><F78/><W73/><G73/><T117/><D105/><U131/><N who="1" m="50291" /><U112/><DORA hai="32" /><E112/><V6/><F6/><W68/><G68/><T127/><D113/><U7/><E7/><V25/><F42/><W13/><G77/><T102/><D127/><U54/><E80/><V24/><F24/><W49/><G36/><T110/><D110/><U108/><E108/><V89/><F94/><W65/><G76/><T40/><D40/><U101/><E54/><V29/><F29/><W120/><G120/><T72/><D72/><U104/><E26/><V60/><F39/><W38/><G38/><T3/><D117/><U52/><E52/><N who="2" m="33799" /><F37/><W4/><G28/><T43/><D43/><U53/><E53/><N who="2" m="34287" /><F93/><W21/><G15/><AGARI ba="1,0" hai="5,10,15,18,23,25,89,90" m="34287,33799" machi="15" ten="30,3900,0" yaku="8,1,52,1,54,1" doraHai="17,32" who="2" fromWho="3" sc="253,0,247,0,240,42,260,-42" />
</Scene>
<Scene>
<INIT seed="4,0,0,3,3,85" ten="253,247,282,218" oya="0" hai0="27,81,77,50,102,53,22,110,99,60,92,82,26" hai1="119,54,134,0,126,98,65,116,11,5,19,15,57" hai2="40,107,9,103,70,3,123,111,17,43,88,115,51" hai3="78,64,105,4,42,25,84,10,46,6,75,66,14"/><T86/><D110/><U34/><E65/><V104/><F111/><W36/><G105/><T120/><D120/><U61/><E126/><V125/><F70/><W90/><G75/><T8/><D60/><U113/><E134/><V13/><F123/><W16/><G78/><T49/><D8/><U100/><E34/><V129/><F129/><W130/><G130/><T135/><D135/><U18/><E113/><V63/><F125/><W45/><G45/><T20/><D82/><U47/><E47/><V21/><F115/><W41/><G41/><T69/><D69/><U2/><E19/><V122/><F122/><W101/><G101/><T118/><D118/><U109/><E109/><V28/><F103/><W7/><REACH who="3" step="1"/><G25/><REACH who="3" ten="253,247,282,208" step="2"/><N who="0" m="9227" /><D50/><U39/><E39/><V33/><F107/><W112/><G112/><T30/><D30/><U56/><E116/><V68/><F104/><W67/><G67/><T133/><D133/><U44/><E119/><V83/><F28/><W127/><G127/><T96/><D49/><U38/><E38/><V91/><F51/><W124/><G124/><T62/><D102/><U32/><E100/><V95/><F43/><W35/><G35/><T71/><D77/><U74/><E32/><V131/><F40/><W128/><G128/><T108/><D108/><U73/><E73/><V80/><F33/><W24/><G24/><T106/><D106/><U31/><E74/><V55/><F131/><W117/><G117/><T12/><D53/><U1/><E54/><V37/><F55/><W87/><G87/><T97/><D86/><U121/><E121/><V59/><F37/><RYUUKYOKU ba="0,1" sc="253,-10,247,-10,282,-10,208,30" hai3="4,6,7,10,14,16,36,42,46,64,66,84,90" />
</Scene>
<Scene>
<INIT seed="5,1,1,4,1,22" ten="243,237,272,238" oya="1" hai0="111,62,67,27,88,21,35,87,77,107,123,90,44" hai1="7,32,106,28,81,9,95,12,72,92,25,57,84" hai2="101,105,119,73,100,49,37,23,130,94,8,104,75" hai3="114,127,18,74,71,64,14,132,30,3,120,1,38"/><U50/><E106/><V5/><F37/><W70/><G64/><T52/><D35/><U63/><E72/><V15/><F119/><W16/><G30/><N who="0" m="17775" /><D107/><U89/><REACH who="1" step="1"/><E50/><REACH who="1" ten="243,227,272,238" step="2"/><V109/><F105/><W11/><G38/><T36/><D36/><U17/><E17/><V117/><F104/><W34/><G18/><T13/><D123/><U113/><E113/><V79/><F73/><W78/><G16/><T31/><D111/><U68/><E68/><V45/><F75/><W115/><G74/><T83/><D31/><U118/><E118/><V61/><F109/><W96/><G120/><T54/><D13/><U80/><E80/><V59/><F117/><W29/><G14/><T122/><D122/><U24/><E24/><V76/><F15/><W131/><G71/><T48/><D67/><AGARI ba="1,2" hai="7,9,12,25,28,32,57,63,67,81,84,89,92,95" machi="67" ten="30,11600,0" yaku="1,1,7,1,52,1,53,1" doraHai="22" doraHaiUra="55" who="1" fromWho="0" sc="243,-119,227,139,272,0,238,0" />
</Scene>
<Scene>
<INIT seed="5,2,0,2,1,73" ten="124,366,272,238" oya="1" hai0="62,110,113,78,37,111,11,17,126,40,19,27,134" hai1="122,33,53,101,65,105,18,35,6,30,24,51,23" hai2="0,127,72,97,54,52,92,57,43,81,104,66,87" hai3="42,121,123,47,106,125,50,118,77,21,124,95,10"/><U85/><E122/><V39/><F0/><W22/><G106/><T89/><D37/><U96/><E6/><V90/><F127/><N who="3" m="48715" /><G118/><T48/><D126/><U25/><E65/><V58/><F66/><W98/><G10/><T49/><D62/><U70/><E70/><V108/><F108/><W117/><G117/><T13/><D113/><U79/><E33/><V44/><F104/><W114/><G114/><T5/><D134/><U94/><E105/><V132/><F72/><W34/><G34/><T80/><D89/><U74/><E74/><V103/><REACH who="2" step="1"/><F132/><REACH who="2" ten="124,366,262,238" step="2"/><W7/><G123/><T60/><D111/><U82/><E53/><AGARI ba="2,1" hai="39,43,44,52,53,54,57,58,81,87,90,92,97,103" machi="53" ten="40,5200,0" yaku="1,1,2,1,54,1,53,0" doraHai="73" doraHaiUra="2" who="2" fromWho="1" sc="124,0,366,-58,262,68,238,0" />
</Scene>
<Scene>
<INIT seed="6,0,0,5,2,78" ten="124,308,330,238" oya="2" hai0="76,45,132,5,102,16,22,14,55,72,113,41,58" hai1="91,24,53,69,107,94,17,121,89,135,130,7,59" hai2="127,28,4,131,85,88,105,54,67,90,119,21,71" hai3="114,44,37,87,83,82,123,63,108,118,6,79,116"/><V133/><F119/><W9/><G108/><T117/><D117/><U1/><E69/><V61/><F105/><W43/><G123/><T52/><D113/><U2/><E107/><V35/><F35/><W27/><G114/><T65/><D132/><U25/><E135/><V100/><F133/><W30/><G63/><T8/><D102/><U47/><E130/><V128/><F100/><W10/><G10/><T103/><D103/><U110/><E110/><V38/><F38/><W0/><REACH who="3" step="1"/><G83/><REACH who="3" ten="124,308,330,228" step="2"/><T12/><D65/><U122/><E122/><V74/><F128/><W104/><G104/><T49/><REACH who="0" step="1"/><D58/><REACH who="0" ten="114,308,330,228" step="2"/><U31/><E59/><V96/><F131/><W19/><G19/><T51/><D51/><U99/><E17/><V66/><F71/><W111/><G111/><T86/><D86/><U73/><E121/><V18/><F85/><W23/><AGARI ba="0,2" hai="0,6,9,23,27,30,37,43,44,79,82,87,116,118" machi="23" ten="20,8000,1" yaku="1,1,0,1,7,1,52,1,53,1" doraHai="78" doraHaiUra="32" who="3" fromWho="3" sc="114,-20,308,-20,330,-40,228,100" />
</Scene>
<Scene>
<INIT seed="7,0,0,0,4,66" ten="94,288,290,328" oya="3" hai0="120,104,92,23,43,47,36,121,59,77,110,63,89" hai1="15,60,56,52,107,94,98,57,18,95,109,74,16" hai2="128,67,84,35,4,12,27,21,85,78,91,112,133" hai3="24,49,28,106,7,93,45,123,65,108,111,41,96"/><W125/><G123/><T29/><D110/><N who="3" m="42025" /><G106/><T38/><D104/><U135/><E109/><V81/><F35/><N who="3" m="20871" /><G125/><T114/><D77/><U44/><E74/><V33/><F33/><W61/><G7/><T103/><D114/><U100/><E135/><V14/><F112/><W32/><G32/><T11/><D36/><U71/><E71/><V83/><F128/><W55/><G55/><T80/><D80/><U68/><E68/><V6/><F133/><W40/><G40/><T72/><D72/><U90/><E44/><V115/><F67/><W0/><G0/><T134/><D134/><U122/><E122/><V9/><F115/><W48/><G48/><T131/><D131/><U51/><E107/><V58/><F58/><N who="3" m="37047" /><G93/><T132/><D132/><U20/><E18/><V13/><REACH who="2" step="1"/><F4/><REACH who="2" ten="94,288,280,328" step="2"/><W113/><G113/><T1/><D1/><U30/><E30/><AGARI ba="0,1" hai="6,9,12,13,14,21,27,30,78,81,83,84,85,91" machi="30" ten="30,7700,0" yaku="1,1,2,1,7,1,8,1,53,0" doraHai="66" doraHaiUra="126" who="2" fromWho="1" sc="94,0,288,-77,280,87,328,0" owari="94,-41.0,211,-19.0,367,47.0,328,13.0" />
</Scene>
</mjloggm>