<mjloggm ver="2.3"><GO type="169" lobby="0"/><UN n0="%E3%83%88%E3%82%B7%E3%83%95%E3%83%BC%E3%83%8B" n1="%E5%A4%AA%E3%81%8F%E3%81%AA%E3%81%84%E3%81%8A" n2="%E3%81%AD%E3%81%98%E3%81%BE%E3%81%8D%E9%B3%A5%E2%88%AE" n3="%74%6F%6D%6F%79%75" dan="16,17,16,16" rate="2029.50,2156.33,2063.19,2085.95" sx="M,M,M,M"/><TAIKYOKU oya="0"/>

<Scene>
<INIT seed="0,0,0,4,1,11" ten="250,250,250,250" oya="0" hai0="39,44,15,77,94,102,98,47,18,110,45,75,25" hai1="28,80,31,55,1,52,70,87,121,32,6,117,7" hai2="92,2,12,40,30,20,54,33,43,93,37,16,49" hai3="78,101,118,112,104,34,13,10,68,111,0,53,67"/><T106/><D39/><U24/><E121/><V76/><F2/><W108/><G118/><T69/><D69/><U84/><E117/><V114/><F114/><W63/><G112/><T109/><D25/><U97/><E70/><V4/><F4/><W82/><G0/><T113/><D113/><U127/><E127/><V66/><F66/><W35/><G101/><T107/><D77/><U65/><E65/><V103/><F76/><W48/><G104/><T5/><D5/><U57/><E97/><V51/><F37/><W17/><G111/><N who="0" m="42507" /><D75/><U100/><E100/><V122/><F122/><W130/><G130/><T85/><D85/><U126/><E126/><V96/><F93/><W124/><G124/><T26/><D26/><U133/><E1/><V3/><F3/><W86/><REACH who="3" step="1"/><G108/><REACH who="3" ten="250,250,250,240" step="2"/><T71/><D71/><U74/><E133/><V22/><F33/><W42/><G42/><N who="2" m="15913" /><F54/><W56/><AGARI ba="0,1" hai="10,13,17,34,35,48,53,56,63,67,68,78,82,86" machi="56" ten="20,5200,0" yaku="1,1,0,1,7,1,52,1,53,0" doraHai="11" doraHaiUra="36" who="3" fromWho="3" sc="250,-26,250,-13,250,-13,240,62" />
</Scene>
<Scene>
<INIT seed="1,0,0,4,2,24" ten="224,237,237,302" oya="1" hai0="21,120,8,54,119,62,82,114,97,43,115,122,78" hai1="6,80,76,81,16,34,121,59,91,132,9,126,117" hai2="56,39,46,38,13,7,101,5,102,36,50,96,111" hai3="15,90,75,83,22,30,135,41,57,100,11,108,42"/><U94/><E121/><N who="0" m="46697" /><D119/><U29/><E117/><V67/><F111/><W60/><G108/><T45/><D97/><U107/><E107/><V32/><F32/><W104/><G135/><T129/><D8/><U49/><E132/><V65/><F101/><W77/><G90/><T106/><D106/><U79/><E126/><V95/><F13/><W98/><G22/><T73/><D21/><U4/><E34/><V19/><F19/><W47/><G47/><T85/><D73/><U87/><E29/><V10/><F10/><W0/><G0/><T40/><D129/><U103/><E103/><V109/><F109/><W89/><G89/><T52/><D43/><U130/><E130/><V55/><REACH who="2" step="1"/><F46/><REACH who="2" ten="224,237,227,302" step="2"/><W2/><G2/><T27/><D115/><U51/><E16/><V1/><F1/><W31/><G15/><T92/><D114/><U69/><E9/><V20/><F20/><W17/><G11/><T128/><D128/><U84/><E6/><AGARI ba="0,1" hai="5,6,7,36,38,39,50,55,56,65,67,95,96,102" machi="6" ten="40,2600,0" yaku="1,1,53,1" doraHai="24" doraHaiUra="99" who="2" fromWho="1" sc="224,0,237,-26,227,36,302,0" />
</Scene>
<Scene>
<INIT seed="2,0,0,3,5,11" ten="224,211,263,302" oya="2" hai0="128,15,31,120,42,21,117,107,1,12,108,27,23" hai1="116,8,58,49,114,104,33,82,118,80,9,134,110" hai2="135,94,20,67,30,109,38,99,101,72,93,127,10" hai3="78,88,113,119,16,86,25,66,41,60,47,34,103"/><V112/><F112/><W28/><G119/><T70/><D120/><U89/><E114/><V19/><F38/><W123/><G123/><T131/><D117/><U5/><E104/><V45/><F72/><W130/><G113/><T95/><D107/><U3/><E33/><V35/><F135/><W81/><G130/><N who="0" m="49707" /><D70/><U56/><E134/><V125/><F10/><W74/><G103/><T73/><D73/><U50/><E110/><V13/><F109/><W71/><G16/><N who="0" m="10399" /><D1/><U132/><E132/><V2/><F2/><W26/><G26/><T29/><D42/><U83/><E89/><V7/><F7/><W37/><G74/><T40/><D40/><U39/><E3/><V98/><F67/><W22/><G34/><N who="0" m="20799" /><D95/><U65/><E39/><V126/><F45/><W79/><AGARI ba="0,0" hai="22,25,28,37,41,47,60,66,71,78,79,81,86,88" machi="79" ten="30,2000,0" yaku="0,1,54,1" doraHai="11" who="3" fromWho="3" sc="224,-5,211,-5,263,-10,302,20" />
</Scene>
<Scene>
<INIT seed="3,0,0,1,1,89" ten="219,206,253,322" oya="3" hai0="88,56,75,38,104,9,54,32,49,95,36,86,42" hai1="87,40,92,76,70,121,97,26,30,83,117,7,81" hai2="50,96,131,61,53,44,13,100,1,2,27,51,37" hai3="82,115,20,21,59,126,52,99,107,79,15,5,101"/><W124/><G115/><T94/><D104/><U41/><E121/><V103/><F37/><W110/><G110/><T112/><D75/><U102/><E70/><V16/><F131/><W63/><G5/><T91/><D112/><U3/><E117/><V31/><F61/><W39/><G39/><T24/><D9/><U65/><E65/><V108/><F51/><W114/><G114/><T48/><D42/><U55/><E55/><V123/><F108/><W98/><G98/><T23/><D32/><U19/><E19/><V6/><F123/><W73/><REACH who="3" step="1"/><G15/><REACH who="3" ten="219,206,253,312" step="2"/><T62/><D38/><U120/><E120/><V109/><F109/><W8/><G8/><T128/><D36/><U125/><E7/><V78/><F6/><W64/><G64/><T67/><D67/><U47/><E3/><V58/><F2/><W118/><G118/><T46/><D128/><U77/><E125/><AGARI ba="0,1" hai="20,21,52,59,63,73,79,82,99,101,107,124,125,126" machi="125" ten="40,7700,0" yaku="1,1,18,1,54,1,53,0" doraHai="89" doraHaiUra="84" who="3" fromWho="1" sc="219,0,206,-77,253,0,312,87" />
</Scene>
<Scene>
<INIT seed="3,1,0,4,1,31" ten="219,129,253,399" oya="3" hai0="23,51,29,125,27,37,13,89,117,78,90,131,128" hai1="126,43,33,98,69,111,108,61,101,3,55,87,4" hai2="132,75,113,24,30,22,129,97,106,73,64,39,112" hai3="123,62,72,42,127,44,49,7,36,56,86,60,70"/><W9/><G123/><T5/><D37/><U115/><E115/><V53/><F39/><W114/><G114/><T47/><D117/><U119/><E119/><V118/><F118/><W71/><G127/><T124/><D78/><U45/><E126/><N who="0" m="48745" /><D13/><U130/><E130/><N who="0" m="49705" /><D5/><U25/><E4/><V135/><F113/><W14/><G72/><T76/><D76/><U104/><E3/><V77/><F75/><W107/><G107/><T81/><D81/><U48/><E87/><V120/><F73/><W83/><G36/><T94/><D94/><U54/><E111/><V109/><F109/><W95/><G95/><T96/><D96/><U52/><E108/><V110/><F106/><W80/><G80/><T133/><D47/><U91/><E91/><N who="0" m="34825" /><D51/><U50/><E50/><V105/><F110/><W15/><G15/><T17/><D17/><U6/><E6/><V40/><F97/><W122/><G83/><T34/><D23/><U93/><E93/><V65/><F22/><W92/><G92/><T20/><D20/><U26/><REACH who="1" step="1"/><E33/><REACH who="1" ten="219,119,253,399" step="2"/><V102/><F112/><W66/><G7/><T85/><D85/><U134/><E134/><AGARI ba="1,1" hai="27,29,34,133,134" m="34825,49705,48745" machi="134" ten="40,8000,1" yaku="30,2,18,1,19,1,52,1" doraHai="31" who="0" fromWho="1" sc="219,93,119,-83,253,0,399,0" />
</Scene>
<Scene>
<INIT seed="4,0,0,4,1,36" ten="312,36,253,399" oya="0" hai0="39,116,82,52,112,96,111,79,25,16,88,126,121" hai1="135,122,104,4,55,17,15,131,65,30,92,45,50" hai2="124,120,11,98,89,10,86,1,47,57,51,29,97" hai3="71,26,113,103,67,49,59,23,12,46,109,53,42"/><T64/><D121/><U125/><E122/><V0/><F120/><W100/><G109/><T27/><D116/><U32/><E104/><V6/><F29/><W94/><G113/><T5/><D112/><U20/><E125/><V3/><F124/><W21/><G71/><T44/><D126/><U70/><E131/><V28/><F28/><W40/><G12/><T73/><D5/><U133/><E4/><V84/><F57/><W81/><G81/><T106/><D111/><U31/><E92/><V68/><F68/><W102/><G94/><T129/><D129/><U91/><E91/><V87/><F89/><W14/><G14/><T130/><D130/><U99/><E99/><V85/><N who="2" m="22016" /><DORA hai="60" /><V117/><F117/><W48/><G67/><T33/><D64/><U119/><E119/><V78/><F78/><W83/><G83/><T101/><D88/><U41/><E41/><N who="3" m="15978" /><G26/><T37/><D27/><U66/><E31/><V2/><REACH who="2" step="1"/><F10/><REACH who="2" ten="312,36,243,399" step="2"/><W56/><G56/><T115/><D115/><U43/><E70/><V128/><F128/><W72/><G72/><T7/><D73/><U19/><E30/><V107/><F107/><W63/><G59/><T108/><D106/><U75/><E75/><V9/><F9/><W34/><G23/><T105/><D105/><U118/><E118/><V123/><F123/><W54/><G21/><T114/><D108/><U35/><E20/><V74/><F74/><W61/><G103/><T132/><D101/><U18/><E35/><V62/><F62/><N who="3" m="23563" /><G34/><T93/><D33/><U134/><E32/><V77/><F77/><W95/><G102/><RYUUKYOKU ba="0,1" sc="312,-10,36,-10,243,30,399,-10" hai2="0,1,2,3,6,11,47,51,97,98" />
</Scene>
<Scene>
<INIT seed="5,1,1,0,2,94" ten="302,26,273,389" oya="1" hai0="109,70,100,118,90,105,104,26,89,129,99,17,92" hai1="128,19,79,112,12,52,16,31,28,67,15,27,77" hai2="54,117,65,37,75,41,133,18,55,10,3,78,96" hai3="23,81,0,20,49,72,119,1,32,124,102,126,2"/><U86/><E112/><V56/><F117/><W82/><G119/><T4/><D118/><U87/><E67/><V125/><F125/><N who="3" m="48235" /><G32/><T134/><D70/><U93/><E128/><V122/><F133/><W74/><G102/><T80/><D4/><U36/><E36/><V30/><F30/><W44/><G82/><T25/><D109/><U114/><E114/><V59/><F122/><W13/><G13/><T22/><D134/><U127/><E127/><V91/><F65/><W120/><G120/><T71/><D71/><U8/><E52/><V14/><F3/><W6/><G6/><T98/><D129/><U7/><E7/><V68/><F68/><W33/><G33/><T106/><REACH who="0" step="1"/><D26/><REACH who="0" ten="292,26,273,389" step="2"/><U101/><E27/><V21/><F59/><W131/><G131/><T116/><D116/><U85/><E31/><V113/><F56/><W38/><G1/><T60/><D60/><U64/><E28/><V51/><F113/><W40/><G0/><T53/><D53/><U84/><E64/><V73/><F55/><W97/><G2/><T24/><D24/><U110/><E110/><V88/><F54/><W111/><G111/><T83/><D83/><U115/><E115/><V123/><F123/><W107/><G81/><T46/><D46/><U35/><E35/><V50/><F41/><W34/><G34/><T48/><D48/><U11/><N who="1" m="21504" /><DORA hai="135" /><U47/><REACH who="1" step="1"/><E47/><REACH who="1" ten="292,16,273,389" step="2"/><V66/><F37/><W103/><G38/><T45/><D45/><U121/><E121/><V58/><F66/><W76/><G44/><T43/><D43/><U57/><E57/><V9/><F58/><RYUUKYOKU ba="1,3" sc="292,15,16,15,273,-15,389,-15" hai0="17,22,25,80,89,90,92,98,99,100,104,105,106" hai1="8,11,12,15,16,19,77,79,93,101" />
</Scene>
<Scene>
<INIT seed="5,2,3,3,5,23" ten="307,31,258,374" oya="1" hai0="46,103,15,90,9,127,60,76,100,96,8,81,82" hai1="26,110,74,73,70,130,71,92,49,40,43,124,68" hai2="65,113,38,88,94,101,116,16,115,50,80,5,99" hai3="55,48,84,75,12,111,51,122,95,24,42,41,89"/><U45/><E130/><V79/><F116/><W0/><G0/><T133/><D133/><U121/><E121/><V126/><F38/><W27/><G122/><T34/><D34/><U11/><E124/><V7/><F126/><W20/><G75/><T44/><D127/><U64/><E110/><V131/><F131/><W67/><G67/><T2/><D2/><U93/><E11/><V106/><F65/><W117/><G117/><T22/><D60/><U104/><E104/><V132/><F132/><W54/><G111/><T120/><D120/><U35/><E64/><V29/><F50/><N who="3" m="18987" /><G12/><T31/><D90/><U97/><E43/><N who="3" m="16394" /><G27/><N who="0" m="16887" /><D9/><U57/><E57/><V69/><F69/><W91/><G89/><T83/><D76/><U39/><E39/><V37/><F37/><W123/><G123/><T86/><D86/><U30/><REACH who="1" step="1"/><E93/><REACH who="1" ten="307,21,258,374" step="2"/><V1/><F94/><W107/><G107/><T135/><D135/><U14/><E14/><V21/><F106/><W87/><G54/><T85/><D15/><U10/><E10/><V28/><F1/><W109/><G55/><T129/><D8/><U102/><AGARI ba="2,4" hai="26,30,35,40,45,49,68,70,71,73,74,92,97,102" machi="102" ten="30,6000,0" yaku="1,1,0,1,52,1,53,0" doraHai="23" doraHaiUra="52" who="1" fromWho="1" sc="307,-22,21,106,258,-22,374,-22" />
</Scene>
<Scene>
<INIT seed="5,3,0,1,4,6" ten="285,127,236,352" oya="1" hai0="66,86,110,124,82,97,67,96,91,21,41,62,39" hai1="23,31,100,71,128,44,1,15,120,121,78,8,52" hai2="19,125,20,36,69,90,12,129,106,50,26,107,17" hai3="54,77,134,85,115,7,33,99,113,42,46,60,56"/><U57/><E71/><V105/><F36/><W18/><G134/><T0/><D110/><U30/><E128/><V45/><F69/><W83/><G33/><T55/><D124/><U102/><E1/><V59/><F125/><W122/><G122/><T95/><D0/><U74/><E74/><V10/><F129/><W68/><G68/><T88/><D39/><U94/><E78/><V111/><F111/><W27/><G99/><T73/><D41/><U40/><E121/><V14/><F26/><W47/><G7/><T103/><D73/><U13/><E120/><V98/><F59/><W51/><G47/><T84/><D97/><N who="1" m="59447" /><E102/><V70/><F70/><W132/><G132/><T89/><D21/><U104/><E104/><V76/><F76/><W130/><G130/><T81/><D89/><U38/><E38/><V80/><F80/><W32/><G32/><T93/><D93/><U79/><E79/><V5/><F5/><W75/><G75/><T16/><D16/><N who="1" m="10655" /><E44/><V11/><F90/><W116/><G116/><T9/><D91/><U58/><E40/><V28/><F28/><N who="1" m="10793" /><E52/><V119/><F119/><W25/><G18/><AGARI ba="3,0" hai="8,13,18,57,58" m="10793,10655,59447" machi="18" ten="30,5800,0" yaku="8,1,52,1,54,1" doraHai="6" who="1" fromWho="3" sc="285,0,127,67,236,0,352,-67" />
</Scene>
<Scene>
<INIT seed="5,4,0,1,1,64" ten="285,194,236,285" oya="1" hai0="5,72,77,131,127,16,9,115,13,107,27,95,38" hai1="32,133,79,68,37,108,123,52,25,135,119,88,124" hai2="101,109,76,120,75,89,93,83,49,97,82,18,21" hai3="55,84,105,57,103,91,1,110,39,15,12,100,8"/><U66/><E123/><V44/><F109/><W134/><G110/><T106/><D38/><U63/><E108/><V70/><F120/><W104/><G39/><T71/><D71/><U129/><E119/><V41/><F83/><W121/><G121/><T56/><D115/><U61/><E37/><V36/><F36/><W113/><G113/><T35/><D131/><U96/><E79/><V20/><F70/><W30/><G30/><T19/><D127/><U94/><E129/><V46/><F46/><W90/><G1/><T67/><D77/><U43/><E43/><V33/><F33/><W50/><G91/><T92/><D72/><U2/><E2/><V31/><F31/><W74/><G74/><T98/><D92/><U126/><E25/><V53/><F41/><W102/><G15/><T114/><D114/><U118/><E32/><V48/><F48/><W42/><G42/><T111/><D111/><U40/><E40/><V11/><F11/><W73/><G73/><T17/><D35/><U58/><E118/><V130/><F130/><W28/><G28/><T22/><D106/><U125/><AGARI ba="4,0" hai="52,58,61,63,66,68,88,94,96,124,125,126,133,135" machi="125" ten="40,12000,1" yaku="0,1,18,1,52,1,54,2" doraHai="64" who="1" fromWho="1" sc="285,-44,194,132,236,-44,285,-44" />
</Scene>
<Scene>
<INIT seed="5,5,0,4,2,16" ten="241,326,192,241" oya="1" hai0="125,14,3,92,115,46,95,47,86,77,99,130,23" hai1="101,53,122,112,61,18,91,104,82,11,131,52,85" hai2="38,49,133,73,44,79,20,67,114,76,69,117,45" hai3="64,57,105,27,132,84,109,63,106,12,5,71,30"/><U100/><E122/><V41/><F117/><W102/><G109/><T13/><D3/><U17/><E112/><V113/><F133/><W74/><G74/><T32/><D32/><U134/><E134/><V135/><F135/><W121/><G121/><T96/><D115/><N who="2" m="44042" /><F73/><W123/><G123/><T120/><D120/><U39/><E39/><V36/><F36/><W1/><G1/><T6/><D130/><U62/><E131/><V54/><F20/><W66/><G66/><T7/><D125/><U127/><E127/><V116/><F116/><W98/><G71/><T51/><D77/><U78/><E104/><V26/><F26/><W59/><G106/><T42/><D86/><U60/><E78/><V35/><F35/><W33/><G84/><T15/><D23/><U75/><E75/><V4/><F4/><W19/><G5/><T108/><D108/><U111/><E111/><V43/><F43/><W93/><G132/><T55/><D7/><U94/><E18/><V119/><F119/><W9/><G105/><T124/><D6/><U126/><E126/><V8/><F8/><W97/><G97/><N who="0" m="37451" /><D124/><U87/><E11/><V24/><F24/><W90/><G102/><N who="1" m="39530" /><E17/><V107/><F107/><W22/><G33/><T21/><D21/><U10/><E10/><V37/><F37/><W65/><G9/><T110/><D110/><U80/><E87/><V31/><F31/><W29/><G29/><T68/><D68/><U25/><E25/><V34/><F34/><W28/><G27/><T118/><D118/><U40/><E40/><V0/><F0/><W129/><G129/><RYUUKYOKU ba="5,0" sc="241,0,326,0,192,0,241,0" hai0="13,14,15,42,46,47,51,55,92,95" hai1="52,53,60,61,62,80,82,85,91,94" hai2="38,41,44,45,49,54,67,69,76,79" hai3="12,19,22,28,30,57,59,63,64,65,90,93,98" />
</Scene>
<Scene>
<INIT seed="5,6,0,2,0,47" ten="241,326,192,241" oya="1" hai0="0,69,19,27,42,86,82,78,1,115,18,2,124" hai1="71,76,66,52,11,77,79,120,127,75,109,59,130" hai2="84,91,35,89,56,22,112,62,132,98,29,111,68" hai3="105,97,9,83,113,25,39,7,21,23,123,108,81"/><U32/><E120/><V104/><F111/><W95/><G123/><T10/><D69/><U135/><E32/><V92/><F104/><W67/><G108/><T15/><D115/><U94/><E109/><V107/><F68/><W36/><G105/><T3/><D124/><U126/><E75/><V12/><F112/><W55/><G113/><T61/><D42/><U99/><E130/><V74/><F74/><W51/><G67/><T122/><D122/><U30/><E30/><V46/><F35/><W28/><G23/><T5/><D61/><N who="1" m="40399" /><E11/><V128/><F128/><W93/><G39/><T121/><D121/><U45/><E45/><V102/><F132/><W17/><G95/><T87/><N who="0" m="0" /><DORA hai="16" /><T73/><REACH who="0" step="1"/><D5/><REACH who="0" ten="231,326,192,241" step="2"/><U116/><E135/><V118/><F62/><W103/><G7/><T85/><D85/><U4/><E4/><V6/><F84/><W31/><G36/><T119/><D119/><U14/><E116/><V60/><F60/><W70/><G70/><T100/><D100/><U8/><E127/><V90/><F102/><W65/><G103/><T131/><D131/><U129/><E126/><V50/><F6/><W114/><G114/><T53/><D53/><U40/><E40/><V13/><F118/><W57/><G55/><T20/><AGARI ba="6,1" hai="10,15,18,19,20,27,73,78,82,86,87" m="0" machi="20" ten="60,7900,0" yaku="1,1,0,1,52,1,53,0" doraHai="47,16" doraHaiUra="26,134" who="0" fromWho="0" sc="231,107,326,-45,192,-26,241,-26" />
</Scene>
<Scene>
<INIT seed="6,0,0,0,1,60" ten="338,281,166,215" oya="2" hai0="90,81,122,104,116,74,132,111,66,9,55,113,89" hai1="133,42,97,99,29,94,63,25,4,33,131,2,78" hai2="15,125,93,61,87,1,121,7,14,91,26,35,41" hai3="51,12,70,117,45,30,108,44,0,50,48,105,36"/><V5/><F121/><W57/><G0/><T59/><D122/><U28/><E133/><V96/><F125/><W53/><G30/><T38/><D111/><U95/><E131/><V68/><F41/><N who="3" m="22567" /><G12/><T129/><D38/><U47/><E78/><V54/><F1/><W75/><G75/><T135/><D113/><U56/><E29/><V16/><F15/><W62/><G105/><T128/><D104/><U22/><E33/><V19/><F35/><W76/><G76/><N who="0" m="44183" /><D9/><U119/><E119/><V107/><F107/><W86/><G86/><T58/><D66/><U118/><E118/><V31/><F31/><W110/><G117/><T24/><D24/><U20/><E20/><N who="2" m="13575" /><F68/><W124/><G124/><T134/><D58/><U106/><E2/><V114/><F114/><W72/><G72/><T65/><D65/><N who="1" m="39143" /><E106/><V79/><F79/><W11/><G70/><T112/><D112/><U115/><E115/><V21/><F87/><W92/><G108/><T120/><D120/><U34/><E34/><V73/><F73/><W37/><G110/><T127/><D127/><U100/><E4/><V85/><F85/><W102/><G37/><T109/><D109/><U6/><E6/><V27/><F27/><W80/><G11/><T77/><D77/><U88/><E42/><V10/><F10/><W130/><G130/><N who="0" m="50283" /><D116/><U17/><E28/><V123/><F123/><W8/><G8/><T32/><D32/><U83/><E25/><V43/><F43/><W64/><G80/><T40/><D40/><U69/><E69/><V82/><F82/><W46/><G46/><T23/><D23/><RYUUKYOKU ba="0,0" sc="338,10,281,-30,166,10,215,10" hai0="55,59,89,90,132,134,135" hai2="5,7,14,19,21,54,61,91,93,96" hai3="45,48,50,51,53,57,62,64,92,102" />
</Scene>
<Scene>
<INIT seed="6,1,0,4,4,71" ten="348,251,176,225" oya="2" hai0="97,9,10,87,85,94,105,61,125,101,108,75,111" hai1="59,13,86,58,123,16,126,36,78,17,44,3,113" hai2="5,95,31,20,53,40,66,98,134,83,116,7,88" hai3="133,96,122,77,119,25,110,30,47,23,89,92,129"/><V48/><F116/><W19/><G119/><T114/><D75/><U37/><E123/><V2/><F2/><W132/><G122/><T74/><D74/><U106/><E3/><V12/><F134/><N who="3" m="51819" /><G110/><T46/><D125/><U14/><E106/><V43/><F66/><W56/><G129/><T115/><D46/><U64/><E126/><V49/><F83/><W45/><G77/><T6/><D61/><U79/><E113/><N who="0" m="43017" /><D9/><U60/><E44/><N who="3" m="16970" /><G56/><T117/><D117/><U128/><E128/><V15/><F53/><W73/><G73/><T65/><D65/><U21/><E59/><V24/><F49/><W130/><G130/><T34/><D34/><U70/><E70/><V18/><F48/><W84/><G96/><N who="0" m="61607" /><D10/><U32/><E32/><V67/><F67/><W50/><G50/><T112/><D6/><N who="2" m="2058" /><F31/><AGARI ba="1,0" hai="19,23,25,30,31,84,89,92" m="16970,51819" machi="31" ten="30,1000,0" yaku="20,1" doraHai="71" who="3" fromWho="2" sc="348,0,251,0,176,-13,225,13" />
</Scene>
<Scene>
<INIT seed="7,0,0,1,1,130" ten="348,251,163,238" oya="3" hai0="55,66,62,46,108,134,85,89,20,123,81,47,64" hai1="39,86,72,117,50,30,102,63,43,127,71,79,104" hai2="49,88,73,70,110,116,124,21,45,115,61,105,10" hai3="78,28,31,93,2,122,106,95,56,131,92,121,0"/><W100/><G106/><T22/><D123/><N who="3" m="47113" /><G100/><T6/><D134/><U25/><E86/><V13/><F116/><W9/><G9/><T120/><D108/><U111/><E50/><V77/><F110/><W11/><G11/><T74/><D74/><U133/><E111/><V17/><F105/><W107/><G107/><T7/><D120/><U23/><E39/><V80/><F115/><W14/><G14/><T109/><D109/><U51/><E43/><V37/><F124/><W98/><G98/><T3/><D3/><N who="3" m="1065" /><G56/><N who="0" m="35103" /><D46/><U114/><E127/><V94/><F37/><W48/><G48/><T8/><D47/><U15/><E51/><V69/><F61/><W67/><G78/><T42/><D42/><U84/><E15/><V87/><REACH who="2" step="1"/><F10/><REACH who="2" ten="348,251,153,238" step="2"/><W40/><G40/><AGARI ba="0,1" hai="13,17,21,40,45,49,69,70,73,77,80,87,88,94" machi="40" ten="30,7700,0" yaku="1,1,2,1,7,1,54,1,53,0" doraHai="130" doraHaiUra="129" who="2" fromWho="3" sc="348,0,251,0,153,87,238,-77" owari="348,45.0,251,5.0,240,-16.0,161,-34.0" />
</Scene>
</mjloggm>