<mjloggm ver="2.3"><GO type="41" lobby="0"/><UN n0="%E8%B5%A4%E3%81%84%E7%82%8A%E9%A3%AF%E5%99%A8%E3%82%B8%E3%83%A3%E3%83%BC" n1="%EF%BC%A1%EF%BC%AB%EF%BC%B2%33%2E%37" n2="%CF%83%E9%8F%A1" n3="%E5%A4%AA%E3%81%8F%E3%81%AA%E3%81%84%E3%81%8A" dan="14,13,14,17" rate="1872,1896,1816,2167" sx="M,M,M,M"/><TAIKYOKU oya="0"/>

<Scene>
<INIT seed="0,0,0,1,2,23" ten="250,250,250,250" oya="0" hai0="24,127,29,84,103,20,131,52,16,70,1,74,97" hai1="41,9,21,4,73,128,95,110,72,3,76,87,67" hai2="102,65,46,100,38,135,35,116,75,44,108,92,7" hai3="120,124,82,11,37,134,15,83,55,79,63,114,57"/><T43/><D74/><U48/><E128/><V80/><F35/><W99/><G114/><T91/><D70/><U58/><E110/><V121/><F121/><W31/><G37/><T132/><D1/><U22/><E73/><V25/><F65/><W109/><G109/><T26/><D131/><U130/><E72/><V64/><F108/><W30/><G120/><T81/><D127/><U101/><E130/><V113/><F113/><W122/><G122/><T106/><D132/><U0/><E0/><V93/><F64/><W14/><G134/><T32/><D43/><U33/><E33/><V112/><F112/><W104/><G124/><T61/><D61/><U59/><E59/><V10/><F135/><W98/><G15/><T71/><D71/><U69/><E69/><V118/><F38/><W45/><G45/><T94/><REACH who="0" step="1"/><D52/><REACH who="0" ten="240,250,250,250" step="2"/><U18/><E41/><V133/><F133/><W36/><G55/><T85/><D85/><U54/><E67/><V13/><F75/><W77/><G63/><T68/><D68/><U125/><E125/><V107/><F46/><W27/><G57/><T39/><D39/><U86/><E86/><V105/><F44/><W12/><G36/><T50/><D50/><U19/><E87/><V126/><F126/><W129/><G129/><T66/><D66/><U88/><E58/><V40/><F40/><W96/><G96/><T119/><D119/><U34/><E54/><V6/><F118/><W28/><G98/><T117/><D117/><U60/><E48/><V17/><F116/><W78/><G99/><T62/><D62/><U123/><E60/><RYUUKYOKU ba="0,1" sc="240,30,250,-10,250,-10,250,-10" hai0="16,20,24,26,29,32,81,84,91,94,97,103,106" />
</Scene>
<Scene>
<INIT seed="0,1,1,0,2,127" ten="270,240,240,240" oya="0" hai0="12,89,105,87,23,99,132,124,47,35,48,135,101" hai1="84,16,76,71,46,122,117,38,108,75,24,56,53" hai2="96,129,100,77,40,57,37,134,29,17,11,67,128" hai3="78,6,55,7,50,73,68,94,65,123,4,131,107"/><T79/><D35/><U42/><E108/><V114/><F114/><W43/><G107/><T72/><D124/><U30/><E117/><V133/><F77/><W15/><G123/><T110/><D110/><U95/><E122/><V59/><F29/><W116/><G116/><T115/><D115/><U86/><E71/><V18/><F37/><W92/><G43/><T45/><D12/><U14/><E75/><V36/><F36/><W98/><G15/><T22/><D72/><U26/><E76/><V109/><F109/><W58/><G98/><T32/><D32/><U91/><E86/><V27/><F40/><W13/><G13/><T113/><D113/><U20/><REACH who="1" step="1"/><E30/><REACH who="1" ten="270,230,240,240" step="2"/><V121/><F121/><W44/><G68/><T106/><D79/><U130/><E130/><N who="2" m="50283" /><F67/><W69/><G131/><T5/><D106/><U93/><E93/><N who="2" m="58383" /><F18/><W39/><G78/><T2/><D5/><U125/><E125/><V119/><F119/><W88/><G73/><T9/><D105/><U0/><E0/><V21/><F11/><W83/><G65/><T19/><D2/><U103/><E103/><V90/><F90/><W118/><G118/><T70/><D9/><U49/><AGARI ba="1,2" hai="14,16,20,24,26,38,42,46,49,53,56,84,91,95" machi="49" ten="20,12000,2" yaku="1,1,0,1,7,1,25,2,54,1,53,0" doraHai="127" doraHaiUra="104" who="1" fromWho="1" sc="270,-61,230,143,240,-31,240,-31" />
</Scene>
<Scene>
<INIT seed="1,0,0,4,2,10" ten="209,373,209,209" oya="1" hai0="89,75,108,104,45,71,51,103,134,127,29,129,132" hai1="24,63,3,11,101,87,52,0,30,88,33,58,77" hai2="16,5,124,130,57,53,35,122,23,93,59,121,54" hai3="95,94,27,73,106,84,76,32,109,15,12,19,133"/><U118/><E118/><V61/><F35/><W49/><G106/><T14/><D75/><U90/><E77/><V105/><F105/><W82/><G109/><T119/><D71/><U34/><E34/><V112/><F112/><W47/><G133/><N who="0" m="51307" /><D119/><U44/><E101/><V28/><F28/><W83/><G32/><T128/><D108/><U22/><E90/><V79/><F5/><W102/><G27/><T55/><D29/><U38/><E11/><V65/><F124/><W1/><G1/><T26/><D26/><U20/><E20/><V36/><F36/><W99/><G94/><T125/><D89/><U98/><E98/><V8/><F8/><W50/><G19/><T131/><D14/><U66/><E33/><V42/><F42/><W9/><G9/><T115/><D115/><U72/><E72/><V86/><F130/><W68/><G68/><T2/><D2/><U92/><REACH who="1" step="1"/><E66/><REACH who="1" ten="209,363,209,209" step="2"/><V46/><F65/><W62/><G73/><T41/><D41/><AGARI ba="0,1" hai="0,3,22,24,30,38,41,44,52,58,63,87,88,92" machi="41" ten="40,12000,1" yaku="1,1,2,1,54,2,53,0" doraHai="10" doraHaiUra="7" who="1" fromWho="0" sc="209,-120,363,130,209,0,209,0" />
</Scene>
<Scene>
<INIT seed="1,1,0,3,3,132" ten="89,493,209,209" oya="1" hai0="2,50,127,51,94,90,19,95,46,83,123,92,104" hai1="87,130,98,107,23,76,7,108,103,99,112,32,11" hai2="10,133,106,18,13,134,122,66,58,119,93,59,75" hai3="62,125,61,27,21,111,126,35,29,121,31,78,69"/><U20/><E32/><V120/><F106/><W88/><G121/><T28/><D2/><U55/><E112/><V5/><F75/><W63/><G111/><T110/><D104/><U117/><E117/><V8/><F119/><W80/><G69/><T97/><D110/><U0/><E130/><V73/><F73/><W16/><G88/><T4/><D123/><U34/><E34/><V37/><F37/><W25/><REACH who="3" step="1"/><G31/><REACH who="3" ten="89,493,209,199" step="2"/><T114/><D114/><U129/><E108/><V128/><F122/><W82/><G82/><T100/><D28/><U30/><E30/><V72/><F120/><W36/><G36/><T26/><D4/><U79/><E129/><V116/><F128/><W3/><G3/><T91/><D19/><U12/><E0/><V101/><F116/><W53/><G53/><T85/><D26/><U33/><E55/><V70/><F70/><W38/><G38/><T6/><D6/><U135/><E135/><V131/><F134/><W113/><G113/><T17/><D17/><U45/><E7/><V68/><F133/><W47/><G47/><T67/><D67/><U56/><E45/><V24/><F68/><W115/><G115/><T77/><D46/><U96/><E76/><V84/><F131/><W118/><G118/><T57/><D57/><U44/><E56/><V71/><F71/><W54/><G54/><T48/><REACH who="0" step="1"/><D127/><REACH who="0" ten="79,493,209,199" step="2"/><U14/><E44/><V86/><F66/><W9/><G9/><T42/><D42/><U15/><E11/><N who="2" m="4139" /><F59/><W40/><G40/><T41/><D41/><U43/><E43/><V64/><F58/><W52/><G52/><RYUUKYOKU ba="1,2" sc="79,15,493,-15,209,-15,199,15" hai0="48,50,51,77,83,85,90,91,92,94,95,97,100" hai3="16,21,25,27,29,35,61,62,63,78,80,125,126" />
</Scene>
<Scene>
<INIT seed="2,2,2,0,3,70" ten="94,478,194,214" oya="2" hai0="9,42,131,14,83,74,13,38,37,22,84,11,125" hai1="108,65,121,25,106,111,31,29,18,94,81,102,85" hai2="30,7,50,97,44,75,76,36,20,4,0,99,23" hai3="120,53,78,117,41,45,129,48,6,47,24,40,134"/><V46/><F30/><W93/><G120/><T104/><D104/><U59/><E121/><V95/><F76/><W130/><G117/><T89/><D74/><U12/><E106/><V63/><F63/><W68/><G68/><T58/><D125/><U132/><E132/><V128/><F128/><N who="3" m="49259" /><G134/><T15/><D131/><U66/><E25/><V16/><F75/><W91/><G78/><T124/><D124/><U90/><E111/><V39/><F50/><N who="3" m="28879" /><G6/><T112/><D112/><U133/><E133/><V62/><F62/><W122/><G24/><T8/><D42/><U35/><E35/><V21/><F0/><W103/><G103/><T52/><REACH who="0" step="1"/><D22/><REACH who="0" ten="84,478,194,214" step="2"/><N who="1" m="11591" /><E108/><V73/><F73/><W82/><G122/><T115/><D115/><U119/><E119/><V3/><F3/><W118/><G118/><T87/><D87/><U33/><E85/><V126/><F126/><W28/><G41/><T32/><D32/><U26/><E33/><V107/><F107/><W55/><G40/><T79/><D79/><U109/><E109/><V27/><F27/><W116/><G116/><T64/><D64/><U69/><E26/><V127/><F127/><W67/><G67/><T80/><D80/><U17/><E66/><V98/><F95/><W92/><G82/><T34/><D34/><U135/><E69/><V96/><N who="2" m="25088" /><DORA hai="43" /><V113/><F113/><W71/><G71/><T100/><D100/><U51/><E135/><V49/><F16/><W54/><G93/><T101/><D101/><U86/><E17/><V10/><F10/><W88/><G92/><T123/><D123/><U61/><E65/><RYUUKYOKU ba="2,3" sc="84,30,478,-10,194,-10,214,-10" hai0="8,9,11,13,14,15,37,38,52,58,83,84,89" />
</Scene>
<Scene>
<INIT seed="3,3,3,0,3,42" ten="114,468,184,204" oya="3" hai0="56,131,47,25,68,83,120,111,126,44,24,31,118" hai1="43,52,123,8,12,71,45,113,100,108,34,129,87" hai2="36,61,23,89,38,16,1,105,19,5,93,28,134" hai3="4,17,58,10,66,95,27,81,65,46,130,84,48"/><W98/><G130/><T60/><D118/><U85/><E34/><V57/><F105/><W21/><G58/><T30/><D120/><U6/><E71/><V51/><F134/><W67/><G98/><T11/><D68/><U2/><E123/><V115/><F115/><W29/><G95/><T32/><D131/><U35/><E35/><V135/><F135/><W101/><G101/><T77/><D111/><U39/><E113/><V74/><F74/><W18/><G4/><T114/><D126/><U41/><E108/><V54/><F28/><W20/><G10/><T116/><D116/><U40/><E100/><V91/><F91/><N who="3" m="51599" /><G21/><T102/><D102/><U103/><E103/><V112/><F112/><W75/><G75/><T79/><D11/><U86/><E129/><V92/><F92/><W117/><G117/><T0/><D0/><U133/><E133/><V64/><F1/><W33/><G33/><T69/><D69/><U82/><E2/><V97/><F5/><W124/><G124/><T132/><D114/><U37/><E37/><V14/><F19/><W122/><G122/><T127/><D132/><U72/><E72/><V78/><F78/><N who="0" m="29706" /><D32/><U119/><E39/><V55/><F55/><AGARI ba="3,3" hai="17,18,20,27,29,46,48,55,65,66,67" m="51599" machi="55" ten="30,2900,0" yaku="8,1,52,1" doraHai="42" who="3" fromWho="2" sc="114,0,468,0,184,-38,204,68" />
</Scene>
<Scene>
<INIT seed="3,4,0,2,4,115" ten="114,468,146,272" oya="3" hai0="26,12,34,47,96,43,117,84,78,38,133,77,57" hai1="71,11,120,24,8,79,65,67,89,69,135,52,93" hai2="42,66,3,97,68,39,91,80,37,31,130,88,58" hai3="134,23,14,36,123,94,50,131,111,13,90,27,55"/><W126/><G123/><T132/><D12/><U30/><E120/><V102/><F68/><W60/><G36/><T1/><D1/><U99/><E135/><N who="0" m="51785" /><D96/><U110/><E110/><V59/><F3/><W113/><G134/><T121/><D121/><U100/><E79/><N who="0" m="30217" /><D84/><U114/><E114/><V33/><F130/><W105/><G105/><T74/><D74/><U21/><E100/><V0/><F0/><W16/><G113/><T46/><D46/><U2/><E2/><V28/><F80/><W106/><G106/><T75/><D75/><U20/><E20/><V103/><F97/><N who="3" m="57559" /><G131/><T95/><D95/><U49/><E71/><V85/><F85/><W64/><G111/><T22/><D34/><U9/><REACH who="1" step="1"/><E69/><REACH who="1" ten="114,458,146,272" step="2"/><V51/><F66/><W72/><G64/><T19/><D57/><AGARI ba="4,1" hai="8,9,11,21,24,30,49,52,57,65,67,89,93,99" machi="57" ten="40,12000,2" yaku="1,1,2,1,8,1,54,1,53,3" doraHai="115" doraHaiUra="7" who="1" fromWho="0" sc="114,-132,458,142,146,0,272,0" owari="-18,-52.0,600,70.0,146,-25.0,272,7.0" />
</Scene>
</mjloggm>