<mjloggm ver="2.3"><GO type="41"/><UN n0="%E3%81%AB%E3%81%82%E3%82%93%E3%81%93" n1="%E5%A4%AA%E3%81%8F%E3%81%AA%E3%81%84%E3%81%8A" n2="%73%68%69%62%61" n3="%E3%82%88%E3%81%8A%E3%81%96%E3%82%93" dan="15,14,14,15" rate="2030,1985,1833,1975" sx="M,M,M,M"/><TAIKYOKU oya="0"/>

<Scene>
<INIT seed="0,0,0,0,5,129" ten="250,250,250,250" oya="0" hai0="98,74,45,12,60,32,128,87,24,111,0,121,92" hai1="43,29,73,35,88,17,11,13,132,76,106,79,72" hai2="21,53,110,96,91,130,90,86,25,16,31,81,42" hai3="116,84,37,109,101,122,58,27,6,70,40,14,50"/><T67/><D0/><U5/><E106/><V7/><F130/><W99/><G70/><T8/><D128/><U64/><E64/><V75/><F75/><W9/><G37/><T59/><D74/><U65/><E65/><V78/><F42/><W68/><G68/><T115/><D121/><U66/><E66/><V77/><F7/><W100/><G122/><T133/><D115/><U118/><E118/><V41/><F41/><W102/><G116/><T135/><D111/><U48/><E73/><V38/><F110/><W61/><G109/><T34/><D45/><N who="1" m="25663" /><E35/><V113/><F38/><W26/><G99/><T83/><D24/><U39/><E39/><V134/><F113/><W71/><G71/><T46/><D46/><U125/><E72/><V2/><F2/><W94/><G50/><T23/><D23/><U82/><E29/><V1/><F1/><W22/><G40/><T89/><D32/><U55/><E125/><V36/><F36/><W15/><G15/><T18/><REACH who="0" step="1"/><D34/><REACH who="0" ten="240,250,250,250" step="2"/><U93/><E13/><V105/><F21/><W4/><G22/><T97/><D97/><U127/><E11/><V19/><F25/><W10/><G10/><T108/><D108/><U95/><E127/><V54/><F96/><W57/><G9/><T114/><D114/><U117/><E117/><V120/><F120/><W62/><G26/><T63/><D63/><U131/><E131/><V51/><F31/><W3/><G27/><T47/><D47/><U107/><E107/><V119/><F105/><W80/><G61/><T20/><D20/><U123/><E123/><V28/><F119/><RYUUKYOKU ba="0,1" sc="240,30,250,-10,250,-10,250,-10" hai0="8,12,18,59,60,67,83,87,89,92,98,133,135" />
</Scene>
<Scene>
<INIT seed="0,1,1,0,5,99" ten="270,240,240,240" oya="0" hai0="2,120,21,72,110,29,129,135,96,32,87,5,74" hai1="13,54,3,77,41,27,38,97,67,113,108,123,11" hai2="126,17,81,47,107,43,71,105,26,22,50,65,131" hai3="70,82,90,4,6,44,35,7,61,114,127,51,30"/><T53/><D120/><U68/><E123/><V19/><F126/><W100/><G127/><T34/><D34/><U86/><E3/><V117/><F117/><W37/><G37/><T76/><D32/><U42/><E108/><V80/><F131/><W46/><G35/><T84/><D129/><U109/><E109/><V52/><F71/><W83/><G30/><T57/><D110/><U118/><E118/><V31/><F65/><W95/><G114/><T111/><D111/><U33/><E38/><V116/><F116/><W78/><G44/><T128/><D128/><U12/><E113/><V69/><F69/><W64/><G78/><T103/><D135/><U102/><E54/><V88/><F105/><W14/><G14/><T94/><D74/><U125/><E125/><V8/><F107/><W1/><G1/><T9/><D72/><U132/><E132/><V24/><F43/><W93/><G93/><T60/><D76/><U39/><E39/><V15/><F88/><W45/><G45/><T40/><D40/><U98/><E77/><V121/><F121/><W66/><G66/><T112/><D112/><U25/><E86/><V55/><F55/><W92/><G92/><T75/><REACH who="0" step="1"/><D75/><REACH who="0" ten="260,240,240,240" step="2"/><U124/><E33/><AGARI ba="1,2" hai="8,15,17,19,22,24,26,31,33,47,50,52,80,81" machi="33" ten="30,2000,0" yaku="7,1,54,1" doraHai="99" who="2" fromWho="1" sc="260,0,240,-23,240,43,240,0" />
</Scene>
<Scene>
<INIT seed="1,0,0,0,5,93" ten="260,217,283,240" oya="1" hai0="30,88,91,132,56,40,128,34,57,127,38,131,135" hai1="12,78,7,5,65,122,29,45,35,72,124,130,102" hai2="110,77,106,46,86,60,18,13,41,43,84,76,21" hai3="52,19,129,79,73,117,23,33,101,11,118,64,69"/><U31/><E122/><V58/><F106/><W123/><G33/><T22/><D34/><U99/><E124/><V44/><F110/><W96/><G123/><T20/><D30/><U75/><E130/><N who="0" m="49705" /><D127/><U26/><E31/><V62/><F13/><W49/><G129/><T103/><D103/><U133/><E133/><N who="0" m="51273" /><D40/><U3/><E3/><V14/><F14/><W9/><G64/><T39/><D22/><U54/><E65/><V116/><F21/><W97/><G69/><T17/><D17/><U15/><E7/><V134/><F134/><W120/><G120/><T32/><D20/><U105/><E78/><V119/><F58/><N who="0" m="22634" /><D32/><U0/><E0/><V89/><F89/><AGARI ba="0,0" hai="38,39,88,89,91" m="22634,51273,49705" machi="89" ten="40,8000,1" yaku="28,2,19,1,20,1,54,1" doraHai="93" who="0" fromWho="2" sc="260,80,217,0,283,-80,240,0" />
</Scene>
<Scene>
<INIT seed="2,0,0,0,2,33" ten="340,217,203,240" oya="2" hai0="99,46,89,27,6,131,48,4,88,96,39,59,109" hai1="135,50,61,52,93,74,113,82,57,17,9,20,91" hai2="51,85,100,104,44,42,16,65,92,132,40,76,60" hai3="75,25,22,80,79,63,31,124,110,38,21,12,1"/><V98/><F132/><W55/><G38/><T64/><D39/><U7/><E113/><V70/><F76/><W87/><G124/><T119/><D119/><U10/><E135/><V103/><F100/><W37/><G37/><T129/><D109/><U116/><E116/><V23/><F85/><W117/><G117/><T114/><D114/><U24/><E74/><V62/><F60/><W102/><G110/><T34/><D34/><U133/><E133/><V53/><REACH who="2" step="1"/><F104/><REACH who="2" ten="340,217,193,240" step="2"/><W106/><G102/><T36/><D129/><U19/><E82/><V13/><AGARI ba="0,1" hai="13,16,23,40,42,44,51,53,62,65,70,92,98,103" machi="13" ten="20,12000,1" yaku="1,1,2,1,0,1,7,1,54,1,53,0" doraHai="33" doraHaiUra="128" who="2" fromWho="2" sc="340,-40,217,-40,193,130,240,-40" />
</Scene>
<Scene>
<INIT seed="2,1,0,0,0,25" ten="300,177,323,200" oya="2" hai0="47,115,55,18,16,19,70,124,24,90,105,10,33" hai1="71,43,85,57,83,42,29,75,101,111,109,129,44" hai2="93,81,49,92,95,128,121,32,60,94,59,98,112" hai3="27,88,35,58,64,41,54,114,13,51,38,134,133"/><V107/><F112/><W52/><G114/><T72/><D70/><U6/><E71/><V37/><F37/><W7/><G64/><T120/><D120/><U26/><E129/><V79/><F121/><W0/><G0/><T17/><D115/><U126/><E126/><V69/><F128/><W20/><G35/><T3/><D124/><U39/><E43/><V118/><F118/><W4/><G41/><T14/><D105/><U74/><E101/><V84/><F69/><W65/><G38/><T110/><D72/><U50/><E6/><V119/><F119/><W122/><G122/><T130/><D130/><U23/><E57/><V132/><F132/><N who="3" m="50795" /><G65/><T78/><D78/><N who="1" m="46327" /><E39/><V106/><F49/><W40/><G40/><T9/><D110/><AGARI ba="1,0" hai="23,26,29,42,44,50,74,75,109,110,111" m="46327" machi="110" ten="30,2000,0" yaku="14,1,52,1" doraHai="25" who="1" fromWho="0" sc="300,-23,177,23,323,0,200,0" />
</Scene>
<Scene>
<INIT seed="3,0,0,5,4,67" ten="277,200,323,200" oya="3" hai0="50,85,15,7,30,79,71,21,55,115,119,74,76" hai1="123,9,51,40,32,75,52,130,57,0,86,39,80" hai2="83,70,99,120,135,91,106,14,107,134,89,37,63" hai3="49,33,35,126,42,54,5,4,124,34,116,17,87"/><W108/><G116/><T109/><D119/><U24/><E123/><V72/><F37/><W46/><G108/><T2/><D109/><U98/><E130/><V128/><F128/><W84/><G17/><T103/><D2/><U36/><E75/><V45/><F45/><W102/><G102/><T69/><D115/><U104/><E32/><V31/><F14/><W44/><G84/><T92/><D74/><U3/><E24/><V11/><F11/><W66/><G66/><T19/><D7/><U59/><E59/><V28/><F120/><W81/><G5/><T20/><D20/><U62/><E104/><V18/><F18/><W6/><G6/><T25/><D25/><U41/><E98/><V93/><F72/><W101/><G101/><T1/><D30/><U94/><E94/><V118/><F118/><W125/><G4/><T16/><D19/><U65/><E9/><V129/><F129/><W26/><G26/><T56/><D1/><U12/><E12/><V117/><F117/><W58/><REACH who="3" step="1"/><G42/><REACH who="3" ten="277,200,323,190" step="2"/><T29/><D29/><U111/><E111/><V77/><F28/><W88/><AGARI ba="0,1" hai="33,34,35,44,46,49,54,58,81,87,88,124,125,126" machi="88" ten="40,12000,1" yaku="1,1,2,1,0,1,18,1,54,1,53,0" doraHai="67" doraHaiUra="23" who="3" fromWho="3" sc="277,-40,200,-40,323,-40,190,130" />
</Scene>
<Scene>
<INIT seed="3,1,0,3,0,37" ten="237,160,283,320" oya="3" hai0="33,12,3,39,24,28,59,61,44,71,41,129,119" hai1="16,0,72,122,46,35,18,116,2,86,126,102,109" hai2="70,98,79,51,94,13,107,118,54,69,80,58,121" hai3="77,112,56,78,125,53,9,29,60,30,113,123,43"/><W42/><G123/><T101/><D119/><U27/><E72/><V11/><F118/><W4/><G125/><T117/><D117/><U95/><E116/><V8/><F107/><W97/><G97/><T63/><D129/><U96/><E122/><V52/><F121/><W49/><G60/><T90/><D3/><U22/><E126/><V45/><F70/><W100/><G100/><T25/><D101/><U83/><E109/><V84/><F69/><W133/><G133/><T7/><D71/><U36/><E35/><V124/><F124/><W135/><G135/><T65/><D63/><U108/><E108/><V21/><F21/><W68/><G68/><T131/><D131/><U110/><E110/><V127/><F127/><W74/><G74/><T106/><D106/><U34/><E34/><V40/><F54/><W87/><G87/><T76/><D76/><U17/><E2/><V93/><F13/><W6/><G56/><T5/><D24/><U105/><E0/><V73/><F73/><W15/><G49/><T99/><D12/><U48/><E36/><V64/><F64/><W55/><G15/><T1/><D1/><U82/><E105/><V23/><F23/><W31/><G31/><T91/><REACH who="0" step="1"/><D99/><REACH who="0" ten="227,160,283,320" step="2"/><U67/><E67/><V88/><REACH who="2" step="1"/><F94/><REACH who="2" ten="227,160,273,320" step="2"/><W10/><AGARI ba="1,2" hai="4,6,9,10,29,30,42,43,53,55,77,78,112,113" machi="10" ten="25,12000,1" yaku="0,1,22,2,52,2" doraHai="37" who="3" fromWho="3" sc="227,-41,160,-41,273,-41,320,143" />
</Scene>
<Scene>
<INIT seed="3,2,0,0,4,58" ten="186,119,232,463" oya="3" hai0="64,96,46,134,22,44,109,91,86,118,59,125,123" hai1="49,27,2,51,55,128,21,135,126,133,117,116,80" hai2="84,65,28,30,111,82,40,119,60,42,67,19,124" hai3="107,129,95,45,47,62,16,14,4,52,29,78,8"/><W114/><G114/><T70/><D109/><U23/><E2/><V35/><F111/><W94/><G107/><T5/><D118/><N who="1" m="45675" /><E80/><V13/><F119/><W41/><G129/><T108/><D123/><U43/><E128/><V105/><F105/><W15/><G29/><T87/><D108/><U17/><E126/><V115/><F124/><W1/><G1/><T106/><D125/><U100/><E100/><V77/><F67/><W110/><G110/><T10/><D70/><U120/><E120/><V121/><F121/><W31/><G31/><T76/><D134/><N who="1" m="51211" /><E43/><V38/><F38/><W7/><G78/><T32/><D32/><U3/><E3/><V6/><F115/><W57/><G4/><T90/><D76/><U85/><E85/><V113/><F30/><W83/><G83/><T74/><D74/><U132/><N who="1" m="51219" /><U73/><DORA hai="50" /><E73/><V18/><F28/><W75/><G75/><T122/><D122/><U56/><E23/><V79/><F77/><W48/><G45/><T102/><D22/><AGARI ba="2,0" hai="7,8,14,15,16,22,41,47,48,52,57,62,94,95" machi="22" ten="30,18000,2" yaku="7,1,8,1,52,2,54,2" doraHai="58,50" who="3" fromWho="0" sc="186,-186,119,0,232,0,463,186" />
</Scene>
<Scene>
<INIT seed="3,3,0,5,5,15" ten="0,119,232,649" oya="3" hai0="26,80,48,30,27,43,133,45,54,69,90,75,47" hai1="34,101,53,91,66,68,95,7,0,117,79,22,65" hai2="20,123,35,67,49,125,77,51,83,107,118,72,1" hai3="103,62,21,8,59,88,46,63,28,18,12,111,23"/><W106/><G111/><T44/><D69/><U50/><E34/><V97/><F118/><W112/><G112/><T82/><D133/><U131/><E117/><V132/><F132/><W93/><G106/><T87/><D75/><U102/><E79/><V11/><F35/><W58/><G103/><N who="1" m="39434" /><E68/><V25/><F97/><W73/><G73/><T60/><D60/><U104/><E104/><V105/><F51/><W120/><G120/><T115/><D115/><U29/><E7/><V89/><F123/><W39/><G39/><T121/><D121/><U98/><E0/><V74/><F89/><W42/><G42/><T124/><D124/><U36/><E36/><V33/><F125/><W81/><G81/><T114/><D114/><U99/><E99/><V16/><F72/><W86/><G46/><N who="0" m="18027" /><D30/><U108/><E108/><V85/><F49/><W128/><G128/><T55/><D82/><U109/><E109/><V56/><F74/><W122/><G122/><T96/><D96/><U3/><E3/><V130/><F130/><W135/><G135/><T14/><D14/><U110/><E131/><V94/><F94/><W71/><G71/><T113/><D113/><U9/><E110/><V78/><F78/><W10/><G28/><T134/><D134/><U127/><E127/><V116/><F116/><W37/><G37/><T31/><D31/><U41/><E29/><V61/><F33/><W5/><G62/><T40/><D40/><U70/><E41/><V19/><F1/><W76/><G76/><T57/><D43/><U24/><E70/><V100/><F100/><W4/><G63/><RYUUKYOKU ba="3,0" sc="0,15,119,-15,232,15,649,-15" hai0="26,27,47,48,54,55,57,80,87,90" hai2="11,16,19,20,25,56,61,67,77,83,85,105,107" />
</Scene>
<Scene>
<INIT seed="4,4,0,3,5,129" ten="15,104,247,634" oya="0" hai0="125,119,96,70,10,72,62,35,41,25,131,5,66" hai1="122,94,133,32,102,8,99,53,7,113,51,3,87" hai2="64,100,88,69,19,128,55,1,21,68,74,37,44" hai3="134,40,24,108,16,90,50,80,49,86,75,30,135"/><T20/><D72/><U104/><E122/><V95/><F128/><W57/><G108/><T48/><D131/><U33/><E113/><V81/><F1/><W11/><G75/><T110/><D119/><U39/><E39/><V60/><F37/><W127/><G127/><T12/><D125/><U58/><REACH who="1" step="1"/><E133/><REACH who="1" ten="15,94,247,634" step="2"/><N who="3" m="50698" /><G40/><T13/><D110/><U117/><E117/><V28/><F44/><W38/><G38/><T121/><D121/><U26/><E26/><V89/><F28/><W27/><G57/><T107/><D25/><N who="3" m="9801" /><G30/><T114/><D114/><U31/><E31/><V52/><F69/><W54/><G54/><T77/><D70/><U124/><E124/><V98/><F100/><W105/><G105/><T130/><D107/><U9/><E9/><V79/><REACH who="2" step="1"/><F89/><AGARI ba="4,1" hai="3,7,8,32,33,51,53,58,87,89,94,99,102,104" machi="89" ten="40,2600,0" yaku="1,1,53,1" doraHai="129" doraHaiUra="97" who="1" fromWho="2" sc="15,0,94,48,247,-38,634,0" />
</Scene>
<Scene>
<INIT seed="5,0,0,0,1,70" ten="15,142,209,634" oya="1" hai0="32,10,12,53,6,111,88,21,74,118,93,43,100" hai1="79,57,66,72,67,134,133,120,94,117,27,31,102" hai2="80,81,49,51,92,107,47,124,60,61,112,41,37" hai3="11,48,58,63,33,19,76,16,122,59,108,42,2"/><U69/><E120/><V54/><F107/><W101/><G33/><T132/><D74/><U28/><E117/><V105/><F105/><W129/><G122/><T4/><D32/><U24/><E69/><V25/><F124/><W86/><G101/><T131/><D118/><U91/><E102/><V90/><F51/><W45/><G108/><T17/><D111/><U75/><E79/><V78/><F112/><W64/><G129/><T85/><D132/><U113/><E113/><V7/><F7/><W3/><G59/><T5/><D131/><U13/><E13/><V9/><F9/><W121/><G121/><T65/><D100/><U29/><E57/><V128/><F128/><W22/><G11/><T38/><D65/><N who="1" m="24587" /><E91/><V130/><F25/><N who="1" m="9801" /><E94/><V39/><F130/><W126/><G126/><T97/><D97/><U89/><E89/><V71/><F61/><W83/><G19/><T15/><REACH who="0" step="1"/><D53/><REACH who="0" ten="5,142,209,634" step="2"/><U20/><E20/><V87/><F54/><W98/><G98/><T123/><D123/><U44/><E44/><AGARI ba="0,1" hai="4,5,6,10,12,15,17,21,38,43,44,85,88,93" machi="44" ten="40,5200,0" yaku="1,1,52,1,54,1,53,0" doraHai="70" doraHaiUra="62" who="0" fromWho="1" sc="5,62,142,-52,209,0,634,0" />
</Scene>
<Scene>
<INIT seed="6,0,0,1,2,50" ten="67,90,209,634" oya="2" hai0="62,19,122,131,25,5,8,92,113,0,67,100,101" hai1="114,20,73,82,107,52,94,56,95,87,42,57,26" hai2="10,43,86,22,88,98,126,7,48,28,66,4,133" hai3="34,3,93,72,17,74,110,32,135,44,78,58,6"/><V27/><F126/><W71/><G71/><T61/><D122/><U68/><E68/><V51/><F133/><W81/><G72/><T108/><D108/><U128/><E107/><V99/><F66/><W35/><G110/><T105/><D105/><U75/><E42/><V11/><F10/><W70/><G70/><T69/><D113/><U112/><E128/><V120/><F120/><W2/><G135/><T31/><D131/><U109/><E109/><V37/><F37/><W134/><G134/><T46/><D62/><N who="1" m="36103" /><E57/><V91/><F91/><W64/><G6/><N who="2" m="2089" /><F51/><W12/><G44/><T119/><D119/><U111/><E111/><V96/><F11/><W14/><G93/><N who="1" m="35338" /><E82/><N who="2" m="49239" /><F48/><W45/><G45/><T117/><D46/><U132/><E132/><V15/><F15/><W59/><G14/><T125/><D117/><U24/><E75/><V127/><F127/><W13/><G13/><T16/><D125/><U84/><E73/><V30/><F30/><W39/><G39/><T102/><REACH who="0" step="1"/><D92/><REACH who="0" ten="57,90,209,634" step="2"/><U80/><E114/><V77/><F77/><W103/><G2/><T1/><D1/><U60/><E112/><V116/><F116/><W90/><G3/><T54/><D54/><U40/><E60/><V55/><F55/><W85/><G64/><T47/><D47/><U33/><E40/><AGARI ba="0,1" hai="22,27,28,40,43,96,98,99" m="49239,2089" machi="40" ten="30,2900,0" yaku="8,1,54,1" doraHai="50" who="2" fromWho="1" sc="57,0,90,-29,209,39,634,0" />
</Scene>
<Scene>
<INIT seed="6,1,0,1,2,91" ten="57,61,248,634" oya="2" hai0="3,50,38,5,119,126,17,64,103,75,1,26,4" hai1="15,9,118,105,114,110,43,21,104,23,22,16,78" hai2="94,70,108,29,101,57,85,74,82,33,56,133,79" hai3="62,65,59,90,8,31,113,42,25,7,128,124,121"/><V2/><F2/><W96/><G121/><T19/><D75/><U37/><E118/><V20/><F70/><W123/><G123/><T73/><D73/><U66/><E110/><V58/><F133/><W135/><G135/><T71/><D38/><U129/><E114/><V55/><F108/><W109/><G109/><T86/><D119/><U120/><E120/><V77/><F77/><W69/><G113/><T34/><D103/><U36/><E129/><V98/><F33/><W11/><G128/><T44/><D71/><U81/><E66/><V115/><F115/><W63/><G124/><T131/><D64/><U30/><E30/><V67/><F67/><W134/><G134/><T10/><D131/><U60/><E60/><V111/><F74/><W84/><G42/><T0/><D126/><U107/><REACH who="1" step="1"/><E43/><REACH who="1" ten="57,51,248,634" step="2"/><V80/><F111/><W41/><G41/><T53/><D34/><U35/><E35/><V99/><F80/><W52/><G69/><T125/><D125/><U48/><E48/><V88/><F29/><W116/><G116/><T61/><D61/><U97/><E97/><V54/><F20/><W49/><G96/><T132/><D132/><U92/><E92/><AGARI ba="1,1" hai="54,55,56,57,58,79,82,85,88,92,94,98,99,101" machi="92" ten="40,12000,1" yaku="8,1,52,2,54,1" doraHai="91" who="2" fromWho="1" sc="57,0,51,-123,248,133,634,0" owari="57,-34.0,-72,-57.0,381,18.0,634,73.0" />
</Scene>
</mjloggm>