<mjloggm ver="2.3"><GO type="169" lobby="0"/><UN n0="%56%65%6E%75%73%53%61%79" n1="%E5%A4%AA%E3%81%8F%E3%81%AA%E3%81%84%E3%81%8A" n2="%6E%69%6A%69" n3="%E3%81%AA%E3%81%AA%E2%98%86%E3%81%A0%E3%81%BE%EF%BC%A2" dan="17,18,16,16" rate="2109.72,2244.44,2032.58,2040.86" sx="M,F,M,M"/><TAIKYOKU oya="0"/>

<Scene>
<INIT seed="0,0,0,3,5,16" ten="250,250,250,250" oya="0" hai0="82,99,128,90,30,101,121,60,134,107,21,54,93" hai1="79,125,117,48,5,12,9,39,104,77,51,102,50" hai2="37,26,33,44,40,29,59,122,86,69,64,120,88" hai3="55,42,100,32,17,20,57,132,98,85,36,38,95"/><T76/><D121/><U112/><E117/><V75/><F75/><W110/><G32/><T135/><D128/><U126/><E39/><V35/><F69/><W11/><G110/><T6/><D6/><U78/><E112/><V63/><REACH who="2" step="1"/><F33/><REACH who="2" ten="250,250,240,250" step="2"/><W49/><G132/><T74/><D135/><U22/><E104/><V56/><F56/><W113/><G57/><T106/><D134/><U92/><E125/><V108/><F108/><W31/><G113/><T72/><D72/><U123/><E126/><V1/><F1/><W3/><G3/><T25/><D107/><U14/><E123/><V97/><F97/><W111/><G111/><T4/><D4/><U89/><E102/><V83/><AGARI ba="0,1" hai="26,29,35,37,40,44,59,63,64,83,86,88,120,122" machi="83" ten="20,5200,0" yaku="1,1,0,1,7,1,54,1,53,0" doraHai="16" doraHaiUra="34" who="2" fromWho="2" sc="250,-26,250,-13,240,62,250,-13" />
</Scene>
<Scene>
<INIT seed="1,0,0,4,2,12" ten="224,237,302,237" oya="1" hai0="102,126,48,31,67,78,21,61,114,18,5,29,69" hai1="88,13,99,121,0,44,70,34,24,64,1,6,113" hai2="63,58,7,65,49,86,37,47,28,130,75,59,101" hai3="76,131,71,103,116,115,119,129,57,54,74,3,62"/><U20/><E121/><V11/><F75/><W90/><G3/><T15/><D114/><U83/><E113/><V133/><F130/><N who="3" m="49675" /><G115/><T105/><D126/><U107/><E44/><V80/><F37/><W9/><G71/><T73/><D5/><U87/><E70/><V91/><F101/><W16/><G103/><T132/><D132/><U43/><E43/><V124/><F28/><W36/><G36/><T118/><D118/><U95/><E107/><V30/><F30/><W66/><G66/><T96/><REACH who="0" step="1"/><D48/><REACH who="0" ten="214,237,302,237" step="2"/><U42/><E6/><V84/><F133/><W85/><G119/><T111/><D111/><U60/><E1/><V117/><F124/><W27/><G116/><T82/><AGARI ba="0,1" hai="15,18,21,29,31,61,67,69,73,78,82,96,102,105" machi="82" ten="30,8000,1" yaku="1,1,0,1,52,1,53,2" doraHai="12" doraHaiUra="25" who="0" fromWho="0" sc="214,90,237,-40,302,-20,237,-20" />
</Scene>
<Scene>
<INIT seed="2,0,0,2,3,12" ten="304,197,282,217" oya="2" hai0="123,120,15,62,56,49,36,135,34,21,27,69,74" hai1="6,53,63,78,4,44,114,51,19,28,1,38,60" hai2="88,31,106,43,75,133,95,121,68,122,61,57,11" hai3="70,66,124,42,131,83,22,105,92,52,99,41,65"/><V101/><F75/><W23/><G105/><T17/><D36/><U127/><E114/><V72/><F72/><W112/><G112/><T67/><D74/><U104/><E104/><V46/><F68/><W85/><G131/><T14/><D135/><U97/><E127/><V18/><F133/><W87/><G124/><T84/><D84/><N who="3" m="32329" /><G70/><T129/><D129/><U47/><E78/><V118/><F118/><W93/><G83/><T3/><D3/><U113/><E28/><V94/><F31/><W108/><G108/><T55/><REACH who="0" step="1"/><D34/><REACH who="0" ten="294,197,282,217" step="2"/><U9/><E1/><V33/><F33/><W115/><G115/><T40/><D40/><U32/><E32/><V5/><F43/><W100/><G42/><T132/><D132/><U29/><E113/><V103/><F121/><AGARI ba="0,1" hai="14,15,17,21,27,49,55,56,62,67,69,120,121,123" machi="121" ten="40,5200,0" yaku="1,1,52,1,53,1" doraHai="12" doraHaiUra="13" who="0" fromWho="2" sc="294,62,197,0,282,-52,217,0" />
</Scene>
<Scene>
<INIT seed="3,0,0,0,2,86" ten="356,197,230,217" oya="3" hai0="25,88,125,19,118,21,70,83,67,101,133,71,104" hai1="120,100,14,92,115,127,89,84,66,134,29,54,27" hai2="49,37,44,75,22,123,34,91,57,82,103,3,6" hai3="47,60,76,9,105,110,108,74,56,80,62,18,116"/><W41/><G116/><T30/><D118/><U55/><E115/><V112/><F103/><W102/><G105/><T65/><D133/><U48/><E120/><V77/><F34/><W39/><G102/><T73/><D125/><U7/><E134/><V109/><F123/><W45/><G47/><T15/><D71/><U79/><E127/><V114/><F109/><N who="3" m="42091" /><G56/><T42/><D104/><U24/><E100/><V97/><F57/><W131/><G131/><T98/><D42/><U69/><E79/><V63/><F63/><W135/><G135/><T96/><D70/><U117/><E117/><V93/><F22/><W0/><G18/><T4/><D73/><U129/><E129/><V68/><F68/><W13/><G13/><T85/><D4/><AGARI ba="0,0" hai="0,4,9,39,41,45,60,62,74,76,80" m="42091" machi="4" ten="30,5800,0" yaku="25,1,14,1,10,1" doraHai="86" who="3" fromWho="0" sc="356,-58,197,0,230,0,217,58" />
</Scene>
<Scene>
<INIT seed="3,1,0,5,4,100" ten="298,197,230,275" oya="3" hai0="20,15,4,77,79,105,119,47,18,76,11,35,65" hai1="17,123,92,86,26,116,122,25,78,94,1,84,87" hai2="71,57,64,39,72,43,48,44,125,93,85,90,59" hai3="121,134,10,53,103,88,9,12,5,91,126,34,133"/><W46/><G121/><T66/><D119/><U70/><E70/><V102/><F72/><W95/><G34/><T40/><D35/><U96/><E1/><V67/><F125/><W62/><G126/><T27/><REACH who="0" step="1"/><D105/><REACH who="0" ten="288,197,230,275" step="2"/><U69/><E116/><V99/><F71/><W42/><G134/><T130/><D130/><U50/><E69/><V14/><F14/><W104/><G133/><T132/><D132/><U124/><E124/><V73/><F73/><W7/><G104/><T60/><D60/><U101/><E122/><V13/><F13/><W89/><G62/><T68/><D68/><U28/><E123/><V23/><F39/><AGARI ba="1,1" hai="4,11,15,18,20,27,39,40,47,65,66,76,77,79" machi="39" ten="40,2600,0" yaku="1,1,53,1" doraHai="100" doraHaiUra="22" who="0" fromWho="2" sc="288,39,197,0,230,-29,275,0" />
</Scene>
<Scene>
<INIT seed="4,0,0,3,4,48" ten="327,197,201,275" oya="0" hai0="73,122,42,87,135,51,20,121,61,130,43,53,44" hai1="14,101,75,77,134,57,93,81,0,104,58,123,88" hai2="32,6,2,102,91,67,64,90,127,23,9,99,106" hai3="41,7,46,70,78,107,71,5,36,21,108,119,92"/><T98/><D73/><U103/><E0/><V83/><F32/><W72/><G107/><T55/><D130/><U28/><E123/><V84/><F127/><W79/><G108/><T22/><D135/><U56/><E134/><V8/><F23/><N who="0" m="8746" /><D122/><U52/><E28/><V25/><F25/><W60/><G119/><T31/><D121/><U45/><E14/><V112/><F112/><W76/><G72/><T10/><D31/><U65/><E104/><V63/><F8/><W17/><G92/><T116/><D116/><U131/><E131/><V47/><F47/><W16/><G17/><T129/><D129/><U111/><E111/><V96/><F96/><W29/><G29/><T132/><D132/><U124/><E124/><V50/><F50/><W100/><G100/><T68/><D68/><U62/><E45/><V105/><F105/><W49/><G36/><T30/><D98/><U113/><E113/><V15/><F2/><W24/><REACH who="3" step="1"/><G60/><REACH who="3" ten="327,197,201,265" step="2"/><T118/><D118/><U115/><E115/><V26/><F63/><W37/><G37/><T89/><D30/><U1/><E103/><V33/><F33/><W13/><G13/><T38/><D38/><U85/><E1/><V82/><F26/><W128/><G128/><T120/><D120/><U3/><E3/><V80/><F82/><W18/><G18/><T19/><D19/><U133/><E133/><V66/><F83/><W54/><G54/><N who="0" m="20491" /><D61/><N who="1" m="35975" /><E101/><V35/><F35/><W94/><G94/><N who="0" m="54591" /><D43/><U59/><E62/><V69/><F69/><AGARI ba="0,1" hai="5,7,16,21,24,41,46,49,69,70,71,76,78,79" machi="69" ten="40,2600,0" yaku="1,1,54,1,53,0" doraHai="48" doraHaiUra="125" who="3" fromWho="2" sc="327,0,197,0,201,-26,265,36" />
</Scene>
<Scene>
<INIT seed="5,0,0,2,2,73" ten="327,197,175,301" oya="1" hai0="111,82,79,25,105,59,77,55,42,127,35,90,89" hai1="50,20,126,75,74,56,129,3,92,22,86,131,19" hai2="115,114,117,134,37,80,45,32,97,23,27,98,113" hai3="29,72,116,132,91,123,7,40,4,85,47,11,104"/><U1/><E126/><V33/><F117/><W100/><G123/><T39/><D105/><U52/><E75/><V21/><F134/><W14/><G72/><T36/><D111/><U87/><E74/><V70/><F70/><W28/><G132/><T103/><D103/><U94/><E94/><V109/><F109/><W95/><G116/><T118/><D118/><U61/><E61/><V125/><F125/><W101/><G7/><T81/><D127/><U76/><E22/><V43/><F80/><W71/><G71/><T65/><D65/><U53/><E53/><V24/><F21/><W83/><G104/><T121/><D121/><U63/><E63/><V69/><F69/><W60/><G60/><T124/><D124/><U64/><E64/><V120/><F120/><W135/><G135/><T107/><D107/><U51/><E51/><V46/><F46/><W57/><G57/><T48/><D42/><U26/><E87/><V30/><REACH who="2" step="1"/><F24/><REACH who="2" ten="327,197,165,301" step="2"/><W54/><G83/><T34/><D25/><U133/><E133/><V12/><F12/><W38/><G14/><T16/><D82/><N who="1" m="47431" /><E92/><V0/><F0/><W122/><G122/><T67/><D81/><U31/><E3/><V8/><F8/><W130/><G11/><T2/><D2/><U84/><E1/><V41/><F41/><W13/><G13/><T5/><D34/><AGARI ba="0,1" hai="23,27,30,32,33,34,37,43,45,97,98,113,114,115" machi="34" ten="50,6400,0" yaku="1,1,15,1,11,1,53,0" doraHai="73" doraHaiUra="88" who="2" fromWho="0" sc="327,-64,197,0,165,74,301,0" />
</Scene>
<Scene>
<INIT seed="6,0,0,2,0,28" ten="263,197,239,301" oya="2" hai0="76,9,129,116,59,121,63,53,107,22,16,33,57" hai1="18,99,135,125,26,1,68,30,86,11,8,5,45" hai2="31,87,100,12,32,62,110,79,134,42,13,56,21" hai3="6,41,2,19,83,34,89,66,55,132,24,105,35"/><V10/><F134/><W38/><G105/><T111/><D121/><U23/><E68/><V118/><F118/><W4/><G132/><T82/><D111/><U69/><E135/><V103/><F42/><W94/><G66/><T117/><D107/><U126/><E69/><V112/><F112/><W88/><G38/><T91/><D129/><U108/><E99/><V51/><F51/><W97/><G41/><T109/><D109/><U3/><E45/><V47/><F47/><W39/><G39/><T127/><D127/><N who="1" m="48651" /><E86/><V128/><F128/><W17/><G2/><N who="1" m="522" /><E108/><V113/><F113/><W40/><G40/><T49/><D91/><U96/><E96/><V74/><F74/><W104/><G104/><T80/><D117/><U95/><E95/><V120/><F120/><W123/><G123/><T130/><D130/><U106/><E106/><V27/><F110/><W92/><G55/><T78/><D116/><U46/><E46/><V71/><F71/><W114/><G83/><T54/><D82/><U14/><E5/><V0/><F79/><W43/><G43/><T85/><D78/><U7/><E7/><V93/><F93/><W58/><G97/><T61/><D49/><U122/><E122/><V75/><F75/><W15/><G58/><T25/><D76/><U60/><E60/><V73/><F73/><W119/><G119/><T77/><D77/><U37/><E37/><V115/><F62/><W67/><G67/><T81/><D81/><U64/><E64/><V72/><F72/><W29/><G6/><T133/><D80/><U65/><E65/><V70/><F115/><RYUUKYOKU ba="0,0" sc="263,-10,197,30,239,-10,301,-10" hai1="8,11,14,18,23,26,30" />
</Scene>
<Scene>
<INIT seed="7,1,0,2,1,6" ten="253,227,229,291" oya="3" hai0="64,36,126,34,102,103,88,19,106,100,89,132,95" hai1="107,113,31,27,117,131,115,122,50,90,45,77,3" hai2="109,59,134,130,60,17,8,104,54,63,39,71,42" hai3="97,13,75,72,61,4,91,84,133,129,12,24,85"/><W55/><G129/><T32/><D36/><U96/><E122/><V38/><F104/><W15/><G133/><T14/><D106/><U57/><E3/><V121/><F109/><W62/><G75/><T74/><D74/><U69/><E69/><V80/><F130/><W111/><G72/><T76/><D76/><U105/><E131/><V33/><F33/><W78/><G111/><T26/><D132/><U7/><E77/><V49/><F134/><W11/><G24/><T5/><D64/><U35/><E117/><V0/><F80/><N who="3" m="47127" /><G97/><T98/><D126/><U120/><E120/><V23/><F121/><W83/><G62/><T82/><D26/><U29/><E29/><V87/><F87/><W68/><G68/><T41/><D34/><U2/><E57/><AGARI ba="1,0" hai="4,11,12,13,15,55,57,61,83,85,91" m="47127" machi="57" ten="30,2900,0" yaku="8,1,52,1" doraHai="6" who="3" fromWho="1" sc="253,0,227,-32,229,0,291,32" owari="253,5.0,195,-30.0,229,-17.0,323,42.0" />
</Scene>
</mjloggm>