<mjloggm ver="2.3"><GO type="169"/><UN n0="%E5%A4%AA%E3%81%8F%E3%81%AA%E3%81%84%E3%81%8A" n1="%E3%82%B9%E3%82%BF%E3%83%BC%E3%83%93%E3%83%83%E3%83%81" n2="%E8%B5%A4%E6%9C%A8%E3%81%97%E3%81%92%E3%82%8B%61%73" n3="%E3%82%BC%E3%83%B3%E3%83%84%E3%83%83%E3%83%91" dan="18,17,16,18" rate="2193,2138,2082,2207" sx="M,M,F,M"/><TAIKYOKU oya="0"/>

<Scene>
<INIT seed="0,0,0,1,0,19" ten="250,250,250,250" oya="0" hai0="125,107,11,8,63,75,72,20,115,4,26,119,33" hai1="74,110,118,42,10,16,113,60,109,80,91,69,61" hai2="135,30,79,36,49,24,13,27,47,102,53,18,12" hai3="76,35,132,82,89,129,6,54,112,131,97,7,67"/><T126/><D119/><U108/><E118/><V66/><F135/><W100/><G35/><T40/><D115/><U116/><E116/><V38/><F66/><W88/><G67/><T55/><D107/><U34/><E113/><V39/><F79/><W84/><G112/><T77/><D40/><U17/><E69/><V103/><F12/><W62/><G62/><N who="1" m="24170" /><E34/><V105/><F105/><N who="3" m="63631" /><G54/><T96/><D33/><U9/><E42/><V128/><F128/><N who="3" m="49227" /><G132/><T43/><D43/><U2/><E91/><AGARI ba="0,0" hai="6,7,76,82,84,88,89,91" m="49227,63631" machi="91" ten="30,2000,0" yaku="19,1,54,1" doraHai="19" who="3" fromWho="1" sc="250,0,250,-20,250,0,250,20" />
</Scene>
<Scene>
<INIT seed="1,0,0,5,2,112" ten="250,230,250,270" oya="1" hai0="74,23,117,123,122,91,13,18,92,111,94,25,96" hai1="126,72,80,79,77,19,88,75,7,65,59,128,78" hai2="95,66,55,132,3,124,52,41,103,48,114,0,118" hai3="84,76,120,1,5,14,113,61,102,64,115,38,57"/><U82/><E128/><V58/><F114/><W100/><G120/><N who="0" m="46123" /><D74/><U10/><E126/><V33/><F124/><W16/><G38/><T53/><D111/><U54/><E65/><V68/><F33/><W6/><G1/><T46/><D117/><U110/><E110/><V26/><F132/><W69/><G69/><T83/><D83/><U42/><E77/><V70/><F26/><W37/><G37/><T134/><D134/><U17/><E42/><V97/><F118/><W86/><G115/><T85/><D46/><U135/><E135/><V43/><F0/><W130/><G130/><T131/><D53/><U47/><E47/><N who="2" m="27679" /><F3/><W127/><G127/><T44/><D44/><U11/><E88/><V40/><F95/><W105/><G105/><T93/><D131/><U21/><E7/><N who="3" m="2570" /><G113/><T36/><D36/><U60/><REACH who="1" step="1"/><E21/><REACH who="1" ten="250,220,250,270" step="2"/><V119/><F103/><N who="3" m="39467" /><G76/><T109/><D109/><U29/><E29/><V87/><F119/><W9/><AGARI ba="0,1" hai="9,14,16,57,61,64,84,86" m="39467,2570" machi="9" ten="30,2000,0" yaku="8,1,54,1" doraHai="112" who="3" fromWho="3" sc="250,-5,220,-10,250,-5,270,30" />
</Scene>
<Scene>
<INIT seed="2,0,0,5,1,32" ten="245,210,245,300" oya="2" hai0="78,67,28,19,17,118,120,69,93,45,95,41,79" hai1="113,22,46,102,20,92,94,27,49,80,43,38,65" hai2="104,88,40,82,21,25,70,14,90,84,52,59,131" hai3="116,74,15,7,1,123,31,29,72,105,100,111,81"/><V71/><F131/><W30/><G111/><T12/><D120/><U63/><E113/><V53/><F104/><W132/><G123/><T99/><D118/><U66/><E38/><V89/><F40/><W50/><G116/><T128/><D128/><U96/><E20/><V73/><F73/><W117/><G117/><T62/><D28/><U54/><E80/><V56/><F14/><W101/><G132/><T108/><D108/><U33/><E33/><V91/><F70/><W57/><G15/><T97/><D93/><U26/><E26/><V3/><F3/><W135/><G135/><T18/><D12/><U13/><E13/><V24/><F71/><W124/><G124/><T42/><D42/><U130/><E130/><V58/><F25/><W2/><G7/><T36/><REACH who="0" step="1"/><D99/><REACH who="0" ten="235,210,245,300" step="2"/><U9/><E92/><V119/><REACH who="2" step="1"/><F119/><REACH who="2" ten="235,210,235,300" step="2"/><W77/><G105/><T4/><D4/><U68/><E27/><V34/><F34/><W109/><G109/><T134/><D134/><U103/><E43/><V76/><F76/><W125/><G77/><T55/><D55/><U35/><E54/><V10/><F10/><W114/><G1/><T48/><D48/><U106/><E49/><V44/><F44/><W8/><G2/><T5/><D5/><U129/><E46/><V51/><F51/><W37/><G8/><T39/><D39/><U83/><E35/><V127/><F127/><W98/><G37/><T115/><D115/><U64/><E9/><V121/><F121/><W61/><G125/><T122/><D122/><U126/><E129/><V47/><F47/><W86/><G114/><RYUUKYOKU ba="0,2" sc="235,15,210,-15,235,15,300,-15" hai0="17,18,19,36,41,45,62,67,69,78,79,95,97" hai2="21,24,52,53,56,58,59,82,84,88,89,90,91" />
</Scene>
<Scene>
<INIT seed="2,1,2,2,4,36" ten="250,195,250,285" oya="2" hai0="73,20,52,89,47,93,11,61,3,78,84,65,102" hai1="30,131,10,134,133,79,56,95,71,70,29,99,80" hai2="105,49,94,92,9,110,39,24,35,116,44,57,51" hai3="32,63,33,62,87,135,45,111,14,48,43,112,53"/><V119/><F116/><W76/><G111/><T0/><D102/><N who="1" m="60799" /><E131/><V98/><F105/><W108/><G108/><T72/><D20/><U74/><E56/><V38/><F119/><W104/><G104/><T4/><D3/><U96/><E10/><V123/><F123/><W85/><G135/><N who="1" m="51722" /><E96/><V46/><F110/><W54/><G112/><T86/><D86/><N who="3" m="32777" /><G33/><T122/><D78/><U28/><AGARI ba="1,2" hai="28,29,30,70,71,74,79,80" m="51722,60799" machi="28" ten="30,1100,0" yaku="20,1" doraHai="36" who="1" fromWho="1" sc="250,-4,195,34,250,-6,285,-4" />
</Scene>
<Scene>
<INIT seed="3,0,0,3,1,63" ten="246,229,244,281" oya="3" hai0="35,68,60,71,98,113,48,37,45,124,54,92,22" hai1="66,20,23,116,17,87,74,82,107,108,70,46,103" hai2="134,3,127,120,128,38,132,27,114,33,5,115,21" hai3="121,131,117,24,51,130,93,99,96,65,25,26,6"/><W0/><G121/><T39/><D35/><U83/><E108/><V10/><F38/><W78/><G117/><T18/><D124/><U15/><E116/><V57/><F57/><W95/><G78/><T55/><D113/><N who="2" m="43018" /><F127/><W31/><G31/><T28/><D28/><U89/><E46/><V53/><F53/><W4/><G0/><T40/><D68/><U76/><E107/><V85/><F85/><W43/><G51/><T62/><D62/><U97/><E23/><V112/><N who="2" m="43026" /><V81/><DORA hai="34" /><F81/><W88/><G43/><T110/><D110/><U72/><E70/><V30/><F128/><N who="3" m="49195" /><G65/><T69/><D39/><U129/><E129/><V84/><F84/><W64/><G64/><T47/><D55/><U32/><E66/><V79/><F79/><W94/><G88/><T56/><D47/><U123/><E123/><V2/><F120/><W29/><G29/><T36/><D36/><U50/><E50/><V126/><F126/><W90/><G90/><N who="0" m="55575" /><D37/><U100/><E32/><V16/><F2/><W61/><G61/><T73/><D73/><U118/><E118/><V12/><AGARI ba="0,0" hai="3,5,10,12,16,21,27,30,33,132,134" m="43026" machi="12" ten="40,8000,1" yaku="24,1,34,2,52,1,54,1" doraHai="63,34" who="2" fromWho="2" sc="246,-20,229,-20,244,80,281,-40" />
</Scene>
<Scene>
<INIT seed="4,0,0,5,0,120" ten="226,209,324,241" oya="0" hai0="45,24,131,9,66,132,19,93,65,74,11,71,134" hai1="18,7,38,27,99,53,4,70,114,58,78,44,97" hai2="129,108,46,41,72,105,50,14,40,3,2,104,62" hai3="88,87,1,28,117,91,110,112,36,49,10,100,115"/><T85/><D74/><U125/><E70/><V102/><F72/><W25/><G36/><T13/><D131/><U107/><E125/><V121/><F121/><W60/><G117/><T59/><D71/><U63/><E114/><N who="3" m="43562" /><G100/><T42/><D24/><U61/><E78/><V20/><F129/><W76/><G76/><T116/><D116/><U54/><E107/><V119/><F119/><W47/><G60/><T37/><D11/><U96/><E38/><V113/><F113/><W68/><G68/><T83/><D93/><U16/><E27/><V135/><F102/><W98/><G98/><T111/><D111/><U5/><REACH who="1" step="1"/><E44/><REACH who="1" ten="226,199,324,241" step="2"/><V17/><F46/><W73/><G73/><T52/><D132/><U51/><E51/><V130/><F135/><W106/><G106/><T55/><D134/><U22/><E22/><V81/><F50/><W109/><G10/><T15/><D9/><U64/><E64/><V94/><F20/><N who="3" m="15399" /><G1/><T30/><D66/><U123/><E123/><V69/><F105/><W126/><G126/><T33/><D65/><U82/><E82/><V29/><F104/><W124/><G124/><T86/><D83/><U39/><E39/><V101/><F81/><N who="3" m="49263" /><G91/><T0/><D0/><U90/><E90/><V6/><F69/><W103/><G103/><T67/><D37/><U48/><E48/><V8/><F2/><W21/><G21/><T127/><D127/><U80/><E80/><V92/><F3/><W133/><G133/><T23/><D23/><U79/><E79/><V31/><F130/><W43/><AGARI ba="0,1" hai="43,47,49,109,110" m="49263,15399,43562" machi="43" ten="30,7900,0" yaku="15,1,52,2,54,1" doraHai="120" who="3" fromWho="3" sc="226,-39,199,-20,324,-20,241,89" />
</Scene>
<Scene>
<INIT seed="5,0,0,5,5,31" ten="187,179,304,330" oya="1" hai0="63,59,134,38,131,117,111,97,129,73,34,53,45" hai1="106,44,1,121,114,85,57,60,21,12,93,99,122" hai2="127,82,18,10,15,118,43,128,52,72,86,135,123" hai3="13,6,32,80,67,0,113,116,26,68,81,24,75"/><U110/><E1/><V120/><F118/><W22/><G80/><T94/><D73/><U4/><E110/><V69/><F127/><W50/><G50/><T101/><D117/><U36/><E114/><V61/><F128/><N who="0" m="49226" /><D111/><U77/><E106/><V11/><F135/><W104/><G104/><T25/><D134/><U2/><E2/><V112/><F72/><W79/><G67/><T29/><D45/><U19/><E4/><V39/><F112/><W74/><G68/><T64/><D38/><U58/><E36/><V9/><F123/><W102/><G102/><T96/><D96/><U35/><E44/><V20/><F120/><W8/><G113/><T48/><D48/><U16/><E35/><V95/><F95/><W109/><G109/><T62/><D62/><U89/><E58/><V40/><F39/><W132/><G132/><T90/><D90/><U124/><E124/><V70/><F70/><W23/><G75/><T65/><AGARI ba="0,0" hai="25,29,34,53,59,63,64,65,94,97,101" m="49226" machi="65" ten="30,2000,0" yaku="19,1,52,1" doraHai="31" who="0" fromWho="0" sc="187,20,179,-10,304,-5,330,-5" />
</Scene>
<Scene>
<INIT seed="6,0,0,2,4,44" ten="207,169,299,325" oya="2" hai0="12,29,69,132,63,100,31,118,64,10,91,114,41" hai1="0,42,38,3,7,133,43,26,13,72,120,17,108" hai2="110,116,131,9,92,112,58,128,53,40,51,76,4" hai3="101,34,96,15,25,124,57,90,49,81,77,16,129"/><V23/><F116/><W50/><G129/><N who="2" m="49737" /><F112/><W18/><G124/><T59/><D114/><U46/><E108/><V55/><F110/><W109/><G109/><T103/><D118/><U95/><E133/><V127/><F127/><W19/><G34/><T33/><D132/><U99/><E120/><V70/><F70/><W71/><G71/><T24/><D41/><U39/><E72/><V123/><F123/><W98/><G25/><T88/><D31/><U85/><E85/><V107/><F107/><W84/><G15/><T94/><D69/><U111/><E111/><V82/><F92/><N who="3" m="58567" /><G57/><T32/><D32/><U87/><E87/><N who="2" m="48583" /><F23/><W45/><G45/><T37/><D37/><U86/><E86/><V20/><F40/><W54/><G54/><T48/><D91/><U2/><E42/><V62/><F20/><W78/><G78/><T121/><D121/><U66/><E39/><V5/><F9/><W80/><G80/><T102/><D10/><U68/><E68/><V67/><F67/><W79/><G79/><T27/><D12/><U125/><E66/><V119/><F119/><W36/><G36/><T65/><D27/><U105/><E105/><V22/><F22/><W28/><G28/><T47/><D65/><U61/><E125/><V30/><F30/><W115/><G115/><T6/><D33/><U113/><E113/><V97/><F97/><W74/><G74/><T35/><D35/><U122/><E99/><V130/><N who="2" m="49745" /><V135/><DORA hai="1" /><F135/><W73/><G73/><T8/><D64/><U75/><E38/><V83/><F83/><W52/><G52/><RYUUKYOKU ba="0,0" sc="207,-15,169,-15,299,15,325,15" hai2="4,5,51,53,55,58,62" hai3="16,18,19,49,50,77,81,84,90,96" />
</Scene>
<Scene>
<INIT seed="6,1,0,1,1,17" ten="192,154,314,340" oya="2" hai0="53,78,134,8,18,91,66,79,83,36,46,127,96" hai1="22,104,64,44,93,15,88,129,69,80,49,13,132" hai2="19,29,38,90,105,25,99,86,116,73,56,101,119" hai3="52,37,33,32,11,26,123,4,74,130,28,10,133"/><V124/><F38/><W45/><G123/><T68/><D127/><U76/><E104/><V121/><F124/><W1/><G74/><T59/><D134/><U71/><E132/><V100/><F121/><W97/><G133/><T24/><D68/><U0/><E0/><V87/><F73/><W50/><G130/><T70/><D70/><U95/><E129/><V131/><F131/><W89/><G37/><T94/><D66/><U54/><E95/><V103/><F116/><W125/><G125/><T111/><D111/><U67/><E69/><V92/><F119/><W60/><G11/><T75/><D79/><U117/><E117/><V14/><F56/><W41/><G60/><T108/><D108/><U62/><E67/><V81/><F25/><W43/><G32/><T109/><D109/><U20/><E15/><V57/><F57/><W40/><G89/><T30/><D8/><U58/><E13/><V12/><F29/><W98/><AGARI ba="1,0" hai="1,4,10,26,28,33,40,41,43,45,50,52,97,98" machi="98" ten="30,2000,0" yaku="0,1,54,1" doraHai="17" who="3" fromWho="3" sc="192,-6,154,-6,314,-11,340,23" />
</Scene>
<Scene>
<INIT seed="7,0,0,2,1,39" ten="186,148,303,363" oya="3" hai0="117,46,47,70,36,10,25,122,12,29,40,38,56" hai1="93,31,90,125,65,6,9,120,91,45,59,7,134" hai2="55,24,116,111,57,23,79,66,27,21,28,32,26" hai3="5,119,135,98,97,131,2,107,106,67,87,76,118"/><W78/><G67/><T113/><D70/><U14/><E120/><V13/><F111/><W108/><G5/><T85/><D122/><U43/><E134/><V0/><F116/><W19/><G19/><T34/><D117/><U22/><E125/><V123/><F123/><W63/><G63/><T86/><D113/><U42/><E6/><V92/><F0/><W51/><G51/><T95/><D56/><U109/><E109/><V77/><F66/><W84/><G2/><T72/><D72/><U81/><E81/><V15/><F32/><W128/><G108/><T11/><D95/><U101/><E45/><V133/><F133/><AGARI ba="0,0" hai="76,78,84,87,97,98,106,107,118,119,128,131,133,135" machi="133" ten="25,12000,1" yaku="22,2,34,3" doraHai="39" who="3" fromWho="2" sc="186,0,148,0,303,-120,363,120" owari="186,-1.0,148,-35.0,183,-22.0,483,58.0" />
</Scene>
</mjloggm>