<mjloggm ver="2.3"><GO type="41"/><UN n0="%30%E6%99%82" n1="%E5%A4%AA%E9%99%BD%E5%80%B6%E6%A5%BD%E9%83%A8" n2="%E7%9F%B3%E5%8B%95%E4%B9%83%E7%B5%B5%E3%81%AE%E3%82%AE%E3%82%A2%E3%82%B9" n3="%E5%A4%AA%E3%81%8F%E3%81%AA%E3%81%84%E3%81%8A" dan="14,13,13,15" rate="1912,1881,1806,2060" sx="F,M,M,M"/><TAIKYOKU oya="0"/>

<Scene>
<INIT seed="0,0,0,5,2,124" ten="250,250,250,250" oya="0" hai0="103,74,26,33,77,6,127,98,25,131,89,92,91" hai1="133,4,87,116,1,34,80,82,104,90,60,36,65" hai2="28,76,10,29,120,14,55,39,44,43,105,115,100" hai3="101,71,59,119,72,20,45,67,130,41,83,126,46"/><T21/><D127/><U64/><E116/><V102/><F115/><W32/><G32/><T63/><D131/><U73/><E34/><V135/><F120/><W17/><G126/><T128/><D128/><U69/><E104/><V79/><F135/><W8/><G119/><T84/><D6/><U53/><E133/><V111/><F111/><W50/><G130/><T62/><D91/><U66/><E36/><V114/><F114/><W56/><G101/><T86/><D86/><U0/><E0/><V30/><F105/><W24/><G71/><T134/><D134/><U75/><E75/><V94/><F55/><W18/><G67/><T118/><D118/><U107/><E107/><V54/><F54/><W31/><G72/><T78/><D33/><U123/><E123/><V113/><F113/><W95/><G83/><N who="0" m="49311" /><D74/><U81/><E73/><V70/><F70/><W7/><G95/><T132/><D132/><U48/><E4/><V122/><F122/><W42/><G31/><N who="0" m="17839" /><D26/><U23/><E1/><V99/><F102/><W16/><G18/><T37/><D37/><U27/><E69/><V11/><F11/><W117/><G17/><T88/><D103/><U57/><E60/><AGARI ba="0,0" hai="60,62,63,77,78,88,92,98" m="17839,49311" machi="60" ten="30,2900,0" yaku="8,1,54,1" doraHai="124" who="0" fromWho="1" sc="250,29,250,-29,250,0,250,0" />
</Scene>
<Scene>
<INIT seed="0,1,0,5,0,24" ten="279,221,250,250" oya="0" hai0="23,76,88,37,12,111,97,90,46,82,60,117,132" hai1="81,2,44,92,125,123,5,96,102,74,77,118,48" hai2="80,33,61,11,49,113,116,93,115,25,39,1,22" hai3="114,41,100,91,36,42,70,18,67,53,65,122,99"/><T34/><D34/><U112/><E123/><V109/><F39/><W105/><G114/><T47/><D117/><U4/><E112/><V6/><F116/><W13/><G122/><T101/><D132/><U0/><E118/><V30/><F80/><W103/><G103/><T15/><D37/><U131/><E125/><V16/><F49/><W21/><G70/><T45/><D60/><U8/><E131/><V95/><F61/><W7/><G7/><T106/><D111/><U72/><E48/><V3/><F109/><W29/><G53/><T66/><D66/><U83/><E44/><V43/><F43/><W75/><G75/><T107/><D107/><U55/><E55/><V124/><F124/><W56/><G36/><T133/><D133/><U64/><E64/><V130/><F130/><W126/><G126/><T10/><D15/><U52/><E52/><V17/><F3/><W20/><G67/><T27/><D12/><U32/><E32/><V58/><F58/><W14/><G91/><T84/><REACH who="0" step="1"/><D10/><REACH who="0" ten="269,221,250,250" step="2"/><U59/><E59/><V127/><F127/><W54/><G65/><T129/><D129/><U78/><REACH who="1" step="1"/><E8/><REACH who="1" ten="269,211,250,250" step="2"/><V9/><F9/><N who="3" m="6447" /><G54/><T119/><D119/><U110/><E110/><V120/><F120/><W19/><G56/><T50/><D50/><U87/><E87/><V108/><F108/><W89/><G42/><T79/><D79/><U69/><E69/><V98/><F113/><W40/><G41/><T128/><D128/><U134/><E134/><V57/><F115/><W73/><G40/><T35/><D35/><U94/><E94/><V86/><F95/><RYUUKYOKU ba="1,2" sc="269,15,211,15,250,-15,250,-15" hai0="23,27,45,46,47,76,82,84,88,90,97,101,106" hai1="0,2,4,5,72,74,77,78,81,83,92,96,102" />
</Scene>
<Scene>
<INIT seed="0,2,2,2,3,6" ten="284,226,235,235" oya="0" hai0="99,45,1,60,129,4,17,61,29,13,8,96,117" hai1="98,105,55,50,23,16,124,33,92,67,34,20,62" hai2="56,42,81,30,69,24,77,12,48,37,39,75,46" hai3="107,123,41,49,51,103,71,122,126,3,28,63,86"/><T5/><D117/><U109/><E105/><V66/><F12/><W74/><G74/><T0/><D129/><U68/><E124/><V31/><F24/><W65/><G126/><T112/><D112/><U76/><E76/><V88/><F39/><W10/><G28/><T108/><D45/><U47/><E109/><V80/><F80/><W93/><G107/><T2/><D29/><U27/><REACH who="1" step="1"/><E23/><REACH who="1" ten="284,216,235,235" step="2"/><V43/><F77/><W132/><G122/><T22/><D108/><U11/><E11/><V7/><F75/><W14/><G10/><T97/><REACH who="0" step="1"/><D5/><REACH who="0" ten="274,216,235,235" step="2"/><U85/><E85/><V73/><F7/><W106/><G86/><T18/><D18/><U115/><E115/><V40/><F31/><W38/><G123/><T78/><D78/><U104/><E104/><V102/><F30/><W95/><G106/><T9/><D9/><U82/><E82/><V25/><F81/><W134/><G134/><T116/><D116/><U54/><E54/><V58/><F73/><W83/><G132/><T19/><D19/><U118/><E118/><V111/><F111/><W89/><G83/><T135/><D135/><U32/><E32/><V44/><F42/><W119/><G41/><T26/><AGARI ba="2,4" hai="0,1,2,4,8,13,17,22,26,60,61,96,97,99" machi="26" ten="40,7800,0" yaku="1,1,0,1,52,1,53,0" doraHai="6" doraHaiUra="101" who="0" fromWho="0" sc="274,124,216,-28,235,-28,235,-28" />
</Scene>
<Scene>
<INIT seed="0,3,0,1,2,37" ten="398,188,207,207" oya="0" hai0="104,4,115,60,77,47,15,133,23,6,93,58,8" hai1="134,96,5,130,11,17,112,12,135,82,21,33,52" hai2="55,81,29,44,76,61,63,75,0,88,24,128,121" hai3="13,119,64,34,65,32,68,95,67,114,122,28,10"/><T90/><D104/><U103/><E130/><V80/><F121/><W45/><G119/><T3/><D133/><N who="1" m="50699" /><E82/><V91/><F0/><W46/><G114/><T39/><D115/><U110/><E112/><V66/><F128/><W14/><G122/><T102/><D102/><U19/><E103/><V59/><F80/><W36/><G68/><T127/><D127/><U113/><E113/><V106/><F106/><W100/><G28/><T71/><D77/><U16/><E96/><V129/><F129/><W120/><G120/><T86/><D71/><U54/><E33/><V107/><F107/><W101/><G65/><T18/><D3/><N who="1" m="447" /><E110/><V125/><F125/><W74/><G36/><T48/><D39/><U78/><E78/><V85/><F75/><W2/><G10/><T22/><D22/><U111/><E111/><V20/><F44/><W87/><G2/><T79/><D79/><U132/><N who="1" m="50707" /><U73/><DORA hai="98" /><E73/><V72/><REACH who="2" step="1"/><F72/><REACH who="2" ten="398,188,197,207" step="2"/><W124/><G74/><T57/><D47/><U84/><E84/><V50/><F50/><W83/><G83/><T31/><D48/><U7/><E7/><V38/><F38/><W89/><G87/><T94/><D86/><U116/><E116/><V43/><F43/><W99/><G124/><T51/><D51/><U25/><E12/><V1/><F1/><W92/><G99/><T97/><D4/><U35/><E35/><V105/><F105/><W117/><G117/><T42/><D6/><U109/><E109/><V123/><F123/><W131/><G131/><T41/><D97/><U9/><E9/><V62/><F62/><RYUUKYOKU ba="3,1" sc="398,-30,188,10,197,10,207,10" hai1="16,17,19,21,25,52,54" hai2="20,24,29,55,59,61,63,66,76,81,85,88,91" hai3="13,14,32,34,45,46,64,67,89,92,95,100,101" />
</Scene>
<Scene>
<INIT seed="1,4,1,4,1,135" ten="368,198,207,217" oya="1" hai0="13,100,10,34,108,116,6,133,19,131,103,117,56" hai1="90,83,102,43,91,125,87,36,114,122,24,58,26" hai2="51,111,1,30,35,81,115,113,55,49,134,105,75" hai3="47,27,54,29,64,66,70,127,31,53,94,14,17"/><U33/><E122/><V72/><F105/><W57/><G70/><T121/><D34/><U119/><E119/><V0/><F30/><W28/><G127/><T63/><D121/><U41/><E114/><V22/><F22/><W86/><G27/><N who="1" m="10282" /><E36/><V61/><F61/><W3/><G3/><T107/><D133/><U124/><E102/><V85/><F134/><W93/><G47/><T21/><D131/><U95/><E33/><V98/><F98/><W50/><G53/><T7/><D107/><U69/><E69/><V89/><F35/><W104/><G104/><T77/><D116/><U39/><E39/><V96/><F96/><W112/><G112/><N who="2" m="43081" /><F55/><W73/><G73/><N who="2" m="28233" /><F111/><W16/><G17/><T45/><D108/><U109/><E58/><V11/><F11/><N who="3" m="6239" /><G86/><T20/><D117/><U120/><E120/><V44/><F44/><W9/><G9/><T84/><D45/><U82/><E82/><V97/><F97/><W76/><G76/><T79/><D79/><U128/><E128/><V52/><F51/><W4/><G4/><T12/><D7/><U71/><E71/><V101/><F101/><W40/><G40/><N who="1" m="15434" /><E109/><V130/><F130/><W18/><G18/><T123/><D123/><U38/><E38/><V110/><F110/><W88/><G66/><N who="0" m="39271" /><D21/><U129/><E129/><V5/><F5/><W92/><G64/><T37/><D37/><U62/><E62/><V48/><F48/><W65/><G65/><T99/><D99/><N who="1" m="57847" /><E125/><V67/><F67/><W32/><G32/><T74/><D74/><U106/><E106/><V46/><AGARI ba="4,1" hai="0,1,46,49,52,81,85,89" m="28233,43081" machi="46" ten="30,2000,0" yaku="11,1,54,1" doraHai="135" who="2" fromWho="2" sc="368,-9,198,-14,207,42,217,-9" />
</Scene>
<Scene>
<INIT seed="2,0,0,5,4,54" ten="359,184,249,208" oya="2" hai0="49,87,59,73,104,94,15,61,16,10,78,85,44" hai1="120,72,63,52,84,103,129,43,19,48,20,96,119" hai2="7,107,105,64,92,134,77,57,45,58,41,123,32" hai3="79,8,35,42,50,5,33,71,127,121,17,93,36"/><V80/><F123/><W131/><G121/><T11/><D104/><U26/><E120/><V101/><F32/><W14/><G71/><T98/><D73/><U25/><E119/><V118/><F118/><W24/><G36/><T90/><D78/><U12/><E72/><V111/><F7/><W128/><G79/><T62/><D62/><U99/><E84/><V75/><F64/><W132/><G93/><T34/><D10/><U117/><E117/><V18/><F134/><W130/><G42/><N who="0" m="24727" /><D34/><N who="3" m="12809" /><G50/><T0/><D0/><U114/><E114/><V88/><F107/><W47/><G47/><T102/><D102/><U66/><E43/><V67/><F67/><AGARI ba="0,0" hai="11,15,16,59,61,67,85,87,90,94,98" m="24727" machi="67" ten="30,3900,0" yaku="8,1,52,1,54,1" doraHai="54" who="0" fromWho="2" sc="359,39,184,0,249,-39,208,0" />
</Scene>
<Scene>
<INIT seed="3,0,0,2,0,46" ten="398,184,210,208" oya="3" hai0="90,27,50,101,43,60,109,16,130,112,76,97,5" hai1="63,22,28,110,21,114,104,41,79,98,89,25,32" hai2="111,36,135,62,51,87,95,133,2,54,105,45,102" hai3="83,48,14,64,56,132,116,126,26,115,113,121,88"/><W123/><G116/><T13/><D109/><U80/><E114/><V91/><F2/><W81/><G26/><T96/><D112/><N who="3" m="43081" /><G14/><T67/><D130/><U75/><E110/><V1/><F1/><W66/><G88/><T42/><D76/><U9/><E9/><V17/><F36/><W4/><G4/><T117/><D117/><U59/><E41/><V74/><F74/><W61/><G81/><T18/><D42/><U78/><E78/><V55/><F111/><W70/><G83/><T84/><D27/><U15/><E15/><V134/><F102/><W85/><G85/><T57/><D5/><U58/><E58/><V77/><F77/><W86/><G86/><T34/><D34/><U37/><E37/><V120/><F105/><W31/><G31/><T23/><D18/><U82/><E82/><V119/><F119/><W125/><G132/><T73/><D73/><U6/><E6/><V3/><F3/><W11/><G11/><T106/><D106/><U49/><E104/><V129/><F129/><W107/><G107/><T108/><D101/><U7/><E7/><V19/><F120/><N who="3" m="46155" /><G66/><T0/><D108/><U71/><E89/><V128/><F128/><W69/><G69/><T39/><D0/><U8/><E98/><V93/><REACH who="2" step="1"/><F93/><REACH who="2" ten="398,184,200,208" step="2"/><W29/><G29/><T103/><D103/><U33/><E79/><V72/><F72/><W47/><G70/><T24/><D39/><U35/><E75/><V124/><F124/><W122/><G122/><T65/><D97/><U118/><E118/><V40/><F40/><AGARI ba="0,1" hai="40,47,48,56,61,64,125,126" m="46155,43081" machi="40" ten="30,5800,0" yaku="34,2,52,1" doraHai="46" who="3" fromWho="2" sc="398,0,184,0,200,-58,208,68" />
</Scene>
<Scene>
<INIT seed="3,1,0,1,1,83" ten="398,184,142,276" oya="3" hai0="70,43,125,133,0,124,117,58,130,101,76,85,115" hai1="135,27,28,77,79,60,107,32,35,34,114,103,99" hai2="73,86,127,98,94,128,110,17,14,116,134,111,26" hai3="92,63,5,119,105,67,121,41,81,95,104,82,25"/><W64/><G121/><T108/><D43/><U46/><E114/><V112/><F73/><W78/><G119/><T21/><D21/><U90/><E135/><V29/><F116/><W126/><G41/><T10/><D58/><U89/><E46/><V20/><F112/><W38/><G38/><T132/><D10/><U3/><E3/><V123/><F123/><W4/><G25/><T72/><D85/><U9/><E9/><V16/><F134/><W100/><G100/><T44/><D44/><U42/><E42/><V22/><F128/><W71/><G126/><T80/><D80/><U2/><E60/><V113/><F113/><W39/><G39/><T66/><D76/><U87/><E90/><V12/><F127/><W45/><G45/><T23/><D23/><U88/><E2/><V37/><F37/><W7/><G67/><T36/><D66/><U24/><E89/><V96/><F111/><W59/><G71/><T122/><D101/><U69/><E69/><V1/><F1/><W49/><G49/><T84/><D84/><U31/><E35/><V19/><F110/><W55/><G82/><AGARI ba="1,0" hai="24,27,28,31,32,34,77,79,82,87,88,99,103,107" machi="82" ten="30,7700,0" yaku="7,1,9,1,52,1,54,1" doraHai="83" who="1" fromWho="3" sc="398,0,184,80,142,0,276,-80" />
</Scene>
<Scene>
<INIT seed="4,0,0,4,1,124" ten="398,264,142,196" oya="0" hai0="8,86,135,67,57,131,71,2,121,65,24,91,128" hai1="19,13,100,79,40,129,43,32,74,60,102,51,18" hai2="87,61,108,49,10,48,83,7,120,5,38,45,36" hai3="127,72,31,66,4,95,116,89,85,25,39,68,122"/><T59/><D121/><U104/><E32/><V82/><F120/><W111/><G122/><T0/><D135/><U123/><E123/><V110/><F61/><W9/><G111/><T101/><D101/><U80/><E104/><V44/><F87/><W15/><G116/><T34/><D8/><U54/><E19/><V26/><F10/><W78/><G39/><T27/><D34/><U84/><E74/><V93/><F93/><W114/><G114/><T46/><D46/><U105/><E105/><V1/><REACH who="2" step="1"/><F26/><REACH who="2" ten="398,264,132,196" step="2"/><W35/><G127/><T109/><D24/><U55/><E60/><V21/><F21/><W73/><G78/><T47/><D27/><U28/><E28/><V112/><F112/><W117/><G117/><T75/><D109/><U76/><E76/><V113/><F113/><W92/><G92/><T42/><D86/><U23/><E102/><V90/><F90/><W77/><G77/><T11/><D91/><U58/><E100/><V64/><F64/><N who="0" m="24650" /><D11/><U99/><E79/><V94/><F94/><W98/><G85/><T52/><D75/><U50/><E84/><V88/><F88/><W130/><G72/><T133/><D71/><U70/><E70/><V20/><F20/><W16/><G73/><T12/><D133/><U106/><E106/><V118/><F118/><W81/><G68/><T56/><D52/><U103/><E103/><V62/><F62/><W22/><G66/><T30/><D30/><U134/><E134/><V63/><F63/><W125/><G125/><T119/><D119/><U96/><E55/><V6/><F6/><W69/><G69/><RYUUKYOKU ba="0,1" sc="398,-10,264,-10,132,30,196,-10" hai2="1,5,7,36,38,44,45,48,49,82,83,108,110" />
</Scene>
<Scene>
<INIT seed="5,1,1,5,1,96" ten="388,254,162,186" oya="1" hai0="59,125,104,85,49,60,124,14,4,110,130,8,54" hai1="95,109,86,102,19,75,97,13,93,38,72,107,55" hai2="90,74,84,103,11,52,92,80,34,101,76,41,108" hai3="88,83,120,42,66,61,64,21,115,26,79,16,23"/><U87/><E38/><V68/><F68/><W65/><G120/><T127/><D110/><U128/><E128/><V112/><F108/><W119/><G115/><T98/><D130/><U46/><E109/><V12/><F34/><W51/><G119/><T43/><D85/><U32/><E32/><V17/><F41/><W100/><G100/><N who="0" m="62487" /><D43/><U18/><E55/><V135/><F112/><W3/><G3/><T126/><D126/><U9/><E46/><V25/><F135/><W105/><G105/><T50/><AGARI ba="1,1" hai="4,8,14,49,50,54,59,60,124,125,127" m="62487" machi="50" ten="40,2700,0" yaku="18,1,52,1" doraHai="96" who="0" fromWho="0" sc="388,40,254,-14,162,-8,186,-8" />
</Scene>
<Scene>
<INIT seed="6,0,0,4,2,22" ten="428,240,154,178" oya="2" hai0="113,41,114,96,5,116,134,65,108,55,4,124,119" hai1="80,3,102,13,1,18,36,110,73,129,24,112,51" hai2="82,10,46,70,128,8,130,7,61,42,49,84,83" hai3="125,31,29,76,94,135,105,2,56,79,78,60,19"/><V69/><F61/><W109/><G105/><T66/><D96/><U35/><E36/><V115/><F115/><N who="0" m="44042" /><D55/><U21/><E112/><V52/><F42/><W85/><G109/><T122/><D41/><U67/><E110/><V98/><F98/><W118/><G118/><N who="0" m="45099" /><D108/><U50/><E102/><V15/><F10/><W72/><G72/><T89/><D89/><U132/><E80/><V111/><F111/><W11/><G125/><T104/><D104/><U32/><E67/><N who="0" m="25609" /><D124/><U90/><E90/><N who="2" m="51479" /><F83/><W121/><G78/><T23/><D23/><U71/><E73/><V43/><F43/><W133/><G79/><T117/><D117/><U27/><E51/><V103/><F103/><W34/><G76/><T6/><D122/><U99/><E99/><V87/><F87/><W9/><G85/><T16/><D134/><U107/><E132/><V64/><F64/><W127/><G127/><T17/><AGARI ba="0,0" hai="4,5,6,16,17" m="25609,45099,44042" machi="17" ten="40,8000,1" yaku="28,2,15,1,12,1,54,1" doraHai="22" who="0" fromWho="0" sc="428,80,240,-20,154,-40,178,-20" />
</Scene>
<Scene>
<INIT seed="7,0,0,3,5,96" ten="508,220,114,158" oya="3" hai0="114,69,132,119,97,11,87,115,23,64,108,54,117" hai1="13,51,44,45,85,39,86,68,24,41,120,3,70" hai2="126,71,82,89,75,91,50,100,5,110,46,116,52" hai3="104,49,19,135,73,107,61,122,28,2,48,63,10"/><W1/><G122/><T109/><D11/><U113/><E120/><V25/><F116/><N who="0" m="44618" /><D23/><U59/><E3/><V6/><F110/><N who="0" m="42602" /><D54/><U65/><E13/><V26/><F71/><W121/><G73/><T77/><D64/><U34/><E85/><V79/><F126/><W112/><G135/><T14/><D14/><U94/><E94/><V27/><F6/><W66/><G112/><N who="0" m="43051" /><D69/><U74/><E86/><V29/><F5/><W129/><G66/><T58/><D58/><U55/><E74/><V134/><F134/><W81/><G10/><T33/><D33/><U8/><E8/><V103/><REACH who="2" step="1"/><F29/><REACH who="2" ten="508,220,104,158" step="2"/><W42/><G28/><T131/><D97/><U93/><E113/><V37/><F37/><W20/><G121/><T15/><D132/><U128/><E70/><V125/><F125/><W111/><G111/><T43/><D43/><U0/><E68/><V118/><F118/><W7/><G42/><T99/><D99/><U98/><E41/><V90/><AGARI ba="0,1" hai="25,26,27,46,50,52,75,79,82,89,90,91,100,103" machi="90" ten="30,8000,1" yaku="1,1,0,1,52,2,54,1,53,0" doraHai="96" doraHaiUra="38" who="2" fromWho="2" sc="508,-20,220,-20,104,90,158,-40" owari="488,59.0,200,0.0,194,-21.0,118,-38.0" />
</Scene>
</mjloggm>