<mjloggm ver="2.3"><GO type="97"/><UN n0="%59%40%53%50%4E" n1="%E5%A4%AA%E3%81%8F%E3%81%AA%E3%81%84%E3%81%8A" n2="%E6%9E%97%E7%9F%B3%E9%9A%86" n3="%CF%88%6A%6F%6B%65%72%CF%88" dan="13,14,14,13" rate="1876,2018,1938,1909" sx="M,M,M,M"/><TAIKYOKU oya="0"/>

<Scene>
<INIT seed="0,0,0,2,2,100" ten="250,250,250,250" oya="0" hai0="15,37,101,19,38,112,122,134,42,132,123,51,49" hai1="5,29,17,125,7,50,62,59,74,89,31,67,8" hai2="43,102,57,80,66,81,98,2,85,60,40,21,106" hai3="23,129,70,92,113,130,28,69,82,87,83,68,16"/><T95/><D112/><U121/><E121/><V104/><F2/><W34/><G113/><T75/><D75/><U91/><E74/><V84/><F21/><W0/><G0/><T30/><D30/><N who="1" m="11275" /><E125/><V53/><F66/><W135/><G135/><N who="0" m="51755" /><D95/><U79/><E79/><V107/><F98/><W96/><G34/><T114/><D114/><U46/><E17/><V1/><F102/><W88/><G28/><T41/><D19/><U13/><E5/><V36/><F1/><W47/><G47/><T61/><D101/><U33/><E33/><V128/><F128/><N who="3" m="49259" /><G96/><T118/><D15/><AGARI ba="0,0" hai="15,16,23,68,69,70,82,83,87,88,92" m="49259" machi="15" ten="40,5200,0" yaku="19,1,54,2" doraHai="100" who="3" fromWho="0" sc="250,-52,250,0,250,0,250,52" />
</Scene>
<Scene>
<INIT seed="1,0,0,3,3,39" ten="198,250,250,302" oya="1" hai0="31,24,100,15,79,129,64,40,101,84,77,99,22" hai1="37,35,63,72,8,128,42,118,36,57,54,58,106" hai2="94,87,105,85,10,52,43,83,102,76,47,130,9" hai3="7,20,2,97,98,126,107,111,41,51,123,44,30"/><U26/><E118/><V56/><F105/><W67/><G123/><T127/><D129/><U60/><E128/><V3/><F130/><W133/><G133/><T71/><D127/><U61/><E106/><V116/><F3/><W122/><G122/><T69/><D101/><U59/><E72/><V0/><F0/><W66/><G126/><T89/><D71/><U28/><E8/><V132/><F132/><W93/><G107/><T53/><D53/><U48/><REACH who="1" step="1"/><E42/><REACH who="1" ten="198,240,250,302" step="2"/><V80/><F116/><W32/><G41/><T25/><D40/><U1/><E1/><V119/><F119/><W96/><G2/><T65/><D69/><U46/><AGARI ba="0,1" hai="26,28,35,36,37,46,48,54,57,58,59,60,61,63" machi="46" ten="30,3000,0" yaku="1,1,0,1,53,0" doraHai="39" doraHaiUra="38" who="1" fromWho="1" sc="198,-10,240,40,250,-10,302,-10" />
</Scene>
<Scene>
<INIT seed="1,1,0,3,2,62" ten="188,280,240,292" oya="1" hai0="42,93,80,85,111,129,47,122,81,25,11,32,97" hai1="127,114,112,88,24,69,57,82,33,95,79,131,61" hai2="65,31,6,109,105,70,100,45,92,37,19,101,123" hai3="135,133,1,130,74,118,3,87,56,38,72,91,102"/><U12/><E69/><V78/><F123/><W55/><G130/><T17/><D111/><U98/><E131/><V13/><F109/><W68/><G102/><T4/><D129/><U7/><E127/><V71/><F78/><W23/><G68/><T58/><D122/><U8/><E33/><V134/><F105/><W9/><G23/><T30/><D17/><U43/><E43/><V110/><F31/><W67/><G9/><T126/><D126/><U16/><E24/><V49/><F6/><W104/><G104/><T21/><D58/><U120/><E7/><V0/><F37/><W36/><G118/><T76/><D81/><U124/><E124/><V54/><F71/><W51/><G67/><T40/><D32/><U41/><E41/><V128/><F0/><W75/><G91/><T26/><D26/><U64/><E120/><V2/><F2/><N who="3" m="523" /><G87/><AGARI ba="1,0" hai="8,12,16,57,61,64,79,82,87,88,95,98,112,114" machi="87" ten="30,11600,0" yaku="7,1,52,1,54,2" doraHai="62" who="1" fromWho="3" sc="188,0,280,119,240,0,292,-119" />
</Scene>
<Scene>
<INIT seed="1,2,0,1,5,91" ten="188,399,240,173" oya="1" hai0="25,61,11,57,22,130,131,66,29,70,28,41,108" hai1="94,19,122,77,59,15,37,80,125,79,8,36,69" hai2="39,21,49,101,84,98,33,110,18,116,92,128,83" hai3="87,45,60,54,65,100,113,43,117,64,127,16,40"/><U6/><E122/><V123/><F33/><W126/><G87/><T106/><D106/><U2/><E69/><V62/><F39/><W119/><G100/><T14/><D108/><U134/><E134/><V44/><F116/><N who="3" m="44619" /><G16/><T81/><D41/><N who="3" m="15945" /><G113/><T42/><D42/><U109/><E109/><V50/><F128/><W32/><G32/><T34/><D81/><U38/><E80/><V73/><F123/><W48/><G60/><T74/><D74/><U3/><E19/><V111/><F73/><W102/><G102/><T89/><D70/><U97/><E3/><V51/><F62/><W118/><N who="3" m="44627" /><W88/><DORA hai="90" /><G88/><T95/><D29/><U12/><E2/><V133/><F133/><W26/><G26/><T17/><REACH who="0" step="1"/><D34/><REACH who="0" ten="178,399,240,173" step="2"/><U107/><E107/><V47/><F111/><W82/><G82/><T24/><D24/><U13/><E37/><V4/><F110/><W9/><G9/><T103/><D103/><U20/><E8/><V75/><F75/><W115/><G115/><T114/><D114/><U68/><E38/><V132/><F132/><W105/><G105/><T78/><D78/><U53/><E77/><N who="2" m="46191" /><F4/><W58/><G58/><T35/><D35/><U71/><E59/><V52/><F47/><W120/><G120/><T96/><AGARI ba="2,1" hai="11,14,17,22,25,28,57,61,66,89,95,96,130,131" machi="96" ten="30,7900,0" yaku="1,1,0,1,52,2,53,0" doraHai="91,90" doraHaiUra="99,31" who="0" fromWho="0" sc="178,95,399,-41,240,-22,173,-22" />
</Scene>
<Scene>
<INIT seed="2,0,0,1,0,67" ten="273,358,218,151" oya="2" hai0="44,113,66,35,132,115,68,23,37,120,11,10,103" hai1="105,112,76,83,49,78,80,19,110,42,40,30,26" hai2="111,123,108,100,25,28,6,77,41,127,22,114,135" hai3="71,134,101,90,3,63,97,128,38,125,121,65,29"/><V122/><F77/><W102/><G121/><T91/><D120/><N who="2" m="46122" /><F100/><W96/><G125/><T14/><D35/><U87/><E105/><V54/><F41/><W47/><G134/><T118/><D118/><U84/><E112/><V7/><F54/><W36/><G47/><T81/><D132/><U31/><E110/><N who="2" m="42027" /><F135/><W133/><G128/><T64/><D103/><U92/><E92/><V13/><F127/><W117/><G117/><T57/><D23/><N who="1" m="13695" /><E42/><V24/><F114/><W73/><G133/><T130/><D10/><U124/><E124/><V16/><F24/><W104/><G90/><T109/><D130/><U8/><E40/><V9/><AGARI ba="0,0" hai="6,7,9,13,16,22,25,28" m="42027,46122" machi="9" ten="30,12000,1" yaku="14,1,10,1,34,2,54,1" doraHai="67" who="2" fromWho="2" sc="273,-40,358,-40,218,120,151,-40" />
</Scene>
<Scene>
<INIT seed="2,1,0,2,3,46" ten="233,318,338,111" oya="2" hai0="65,28,5,126,121,93,110,59,104,127,49,34,115" hai1="84,94,92,18,39,33,63,22,10,70,66,29,17" hai2="98,61,1,71,2,122,45,37,76,38,118,69,3" hai3="13,123,12,52,50,91,117,99,105,4,8,0,85"/><V120/><F76/><W133/><G117/><T112/><D104/><U130/><E39/><N who="2" m="14859" /><F45/><W83/><G123/><N who="2" m="47145" /><F98/><W90/><G133/><T51/><D121/><U132/><E132/><V78/><F78/><W47/><REACH who="3" step="1"/><G91/><REACH who="3" ten="233,318,338,101" step="2"/><T107/><D110/><U64/><E130/><V31/><F118/><W128/><G128/><T135/><D135/><U96/><E70/><N who="2" m="26635" /><F61/><W56/><G56/><T113/><D107/><U60/><E63/><V79/><F79/><W97/><G97/><T11/><D93/><U101/><E60/><V103/><F103/><AGARI ba="1,1" hai="0,4,8,12,13,47,50,52,83,85,90,99,103,105" machi="103" ten="40,5200,0" yaku="1,1,52,1,54,1,53,0" doraHai="46" doraHaiUra="109" who="3" fromWho="2" sc="233,0,318,0,338,-55,101,65" />
</Scene>
<Scene>
<INIT seed="3,0,0,2,2,115" ten="233,318,283,166" oya="3" hai0="132,59,76,57,95,47,80,68,6,98,77,35,0" hai1="34,129,7,16,125,93,130,83,50,56,55,87,104" hai2="20,32,41,119,46,27,26,101,64,33,73,82,38" hai3="90,112,74,51,65,11,133,31,126,131,110,14,61"/><W40/><G112/><T48/><D35/><U108/><E104/><V44/><F101/><W4/><G74/><T106/><D68/><U113/><E113/><V124/><F64/><W39/><G126/><T23/><D106/><U21/><E34/><V58/><F58/><W22/><G133/><T5/><D132/><U85/><E7/><V49/><F124/><W121/><G121/><T12/><D0/><U17/><E125/><V79/><F27/><W8/><G131/><N who="1" m="50186" /><E108/><V69/><F69/><W63/><G39/><T3/><D3/><U107/><E107/><V118/><F32/><W91/><G110/><T78/><D5/><U114/><E114/><V53/><F33/><W88/><G11/><T37/><D37/><U1/><E1/><V29/><AGARI ba="0,0" hai="20,26,29,38,41,44,46,49,53,73,79,82,118,119" machi="29" ten="20,5200,0" yaku="0,1,7,1,52,2" doraHai="115" who="2" fromWho="2" sc="233,-13,318,-13,283,52,166,-26" owari="220,-18.0,305,11.0,335,43.0,140,-36.0" />
</Scene>
</mjloggm>