<mjloggm ver="2.3"><GO type="41"/><UN n0="%E3%81%82%E3%81%8B%E3%81%B2%E3%82%8B" n1="%E5%A4%AA%E3%81%8F%E3%81%AA%E3%81%84%E3%81%8A" n2="%E4%BB%AE%E3%81%A7%E3%81%99" n3="%E3%81%84%E3%81%B5%E3%81%84%E3%82%80" dan="13,15,15,15" rate="1877,2056,2006,1949" sx="M,M,M,M"/><TAIKYOKU oya="0"/>

<Scene>
<INIT seed="0,0,0,5,3,122" ten="250,250,250,250" oya="0" hai0="108,81,69,95,87,38,127,36,128,80,91,65,16" hai1="105,54,28,7,134,49,115,22,42,39,123,17,135" hai2="85,56,120,64,126,79,40,26,125,10,97,29,45" hai3="61,118,98,50,1,9,113,102,34,94,53,37,131"/><T27/><D127/><U99/><E123/><V19/><F120/><W30/><G118/><T62/><D128/><U67/><E115/><V14/><F97/><W21/><G113/><T52/><D108/><U89/><E67/><V12/><F64/><W78/><G131/><T117/><D117/><U111/><E7/><V18/><F56/><W93/><G37/><T103/><D38/><U32/><E32/><V82/><F18/><W72/><G34/><T86/><D36/><U114/><E28/><V24/><F12/><W77/><G72/><T124/><D124/><N who="2" m="47722" /><F29/><W133/><G30/><T70/><D103/><U20/><E17/><V4/><F19/><W83/><G21/><T0/><D0/><U112/><E20/><V96/><F96/><W101/><G9/><T63/><D87/><U68/><E22/><V106/><F106/><W60/><G1/><T43/><D43/><U47/><E105/><V76/><F76/><W66/><G66/><T73/><D73/><U119/><E119/><V107/><F107/><W25/><G78/><T132/><D132/><U31/><E31/><V100/><F100/><W88/><G102/><T121/><D121/><U41/><E135/><V92/><F92/><W84/><G133/><T74/><D74/><U11/><E134/><V57/><F57/><N who="3" m="32951" /><G25/><T15/><D70/><U3/><E68/><V23/><F23/><W46/><G46/><T33/><D33/><U130/><E47/><V55/><F55/><W44/><G44/><T90/><D27/><U8/><E54/><V116/><F116/><W58/><G58/><N who="0" m="35143" /><D90/><U109/><E89/><RYUUKYOKU ba="0,0" sc="250,10,250,-30,250,10,250,10" hai0="15,16,63,65,69,80,81,86,91,95" hai2="4,10,14,24,26,40,45,79,82,85" hai3="60,61,77,83,84,88,93,94,98,101" />
</Scene>
<Scene>
<INIT seed="0,1,0,0,2,105" ten="260,220,260,260" oya="0" hai0="107,109,3,42,67,22,127,83,99,48,131,112,16" hai1="61,98,44,78,81,129,126,35,71,114,19,56,58" hai2="53,110,9,49,39,28,47,73,96,64,12,77,65" hai3="43,116,121,79,23,101,103,34,125,85,75,52,36"/><T14/><D112/><U21/><E35/><V108/><F28/><W72/><G34/><T100/><D109/><U32/><E32/><V0/><F0/><W84/><G43/><T2/><D127/><U68/><E44/><V66/><F96/><W41/><G41/><T51/><D131/><U130/><E126/><V18/><REACH who="2" step="1"/><F39/><REACH who="2" ten="260,220,250,260" step="2"/><W29/><G36/><T106/><D3/><U80/><E98/><V26/><F26/><W5/><G29/><T8/><D2/><U27/><E27/><V132/><F132/><W59/><G125/><T15/><D107/><U24/><E130/><V4/><F4/><W88/><G5/><T30/><D30/><U128/><E129/><V115/><F115/><W104/><G104/><T33/><D33/><U87/><E114/><V37/><F37/><W102/><G116/><T40/><D99/><U20/><E128/><V86/><F86/><W124/><G124/><T74/><D106/><U95/><E87/><V17/><F17/><W133/><G121/><T113/><D113/><U54/><E19/><V122/><F122/><W119/><G133/><T82/><D74/><U10/><E24/><V70/><F70/><W46/><G119/><T55/><D16/><U11/><E71/><V38/><F38/><W93/><G84/><T45/><D8/><U91/><E11/><V7/><F7/><W117/><G117/><T118/><D118/><U94/><E10/><V1/><F1/><W63/><G75/><T60/><D22/><U92/><E20/><V13/><F13/><W90/><G23/><T89/><D42/><U97/><E21/><RYUUKYOKU ba="1,1" sc="260,-10,220,-10,250,30,260,-10" hai2="9,12,18,47,49,53,64,65,66,73,77,108,110" />
</Scene>
<Scene>
<INIT seed="1,2,1,4,3,118" ten="250,210,280,250" oya="1" hai0="76,40,14,34,66,25,1,71,109,102,17,23,39" hai1="74,105,22,53,48,123,51,124,65,115,59,127,56" hai2="78,106,132,72,84,98,18,79,7,60,27,43,126" hai3="108,68,82,41,24,92,12,44,6,94,69,97,13"/><U62/><E74/><V87/><F132/><W89/><G108/><T80/><D109/><U101/><E101/><V90/><F126/><N who="1" m="48169" /><E105/><V42/><F7/><W119/><G119/><T36/><D102/><U67/><E22/><V112/><F112/><W83/><G24/><T88/><D40/><U46/><E115/><V117/><F117/><W26/><G26/><T63/><D1/><U15/><E15/><V38/><F72/><W93/><G6/><T73/><D34/><U45/><E123/><V31/><F18/><W54/><G13/><T125/><D125/><U28/><E28/><V9/><F9/><W32/><G12/><T37/><D37/><U103/><E103/><V95/><F60/><W19/><G32/><T122/><D122/><U121/><E121/><V120/><F120/><W11/><G11/><T85/><REACH who="0" step="1"/><D14/><REACH who="0" ten="240,210,280,250" step="2"/><U47/><E67/><V111/><F38/><W131/><G131/><T58/><D58/><U113/><E113/><V96/><F111/><W50/><G41/><AGARI ba="2,2" hai="41,45,46,47,48,51,53,56,59,62,65" m="48169" machi="41" ten="30,5800,0" yaku="18,1,34,2" doraHai="118" who="1" fromWho="3" sc="240,0,210,84,280,0,250,-64" />
</Scene>
<Scene>
<INIT seed="1,3,0,5,5,45" ten="240,294,280,186" oya="1" hai0="105,2,56,60,100,126,13,75,112,82,53,55,10" hai1="18,116,48,19,107,51,89,84,109,38,94,43,86" hai2="119,76,41,70,16,39,49,40,111,23,34,87,91" hai3="85,114,63,62,92,15,103,98,28,67,7,78,1"/><U66/><E116/><V135/><F119/><W104/><G114/><T47/><D112/><U115/><E115/><V106/><F111/><W64/><G1/><T50/><D126/><U0/><E0/><V36/><F135/><W69/><G28/><T26/><D2/><U124/><E107/><V21/><F106/><W3/><G3/><T97/><D75/><U113/><E113/><V59/><F34/><W74/><G7/><T61/><D82/><U79/><E124/><V132/><F70/><W22/><G15/><T130/><D130/><U20/><E66/><V83/><F132/><W96/><G22/><T121/><D121/><U33/><E33/><V123/><F123/><W73/><G85/><T54/><D26/><U133/><E133/><V5/><F5/><W11/><G78/><T31/><D31/><U44/><E109/><V4/><F4/><W30/><G11/><T128/><D128/><U120/><E120/><V122/><F23/><W95/><G30/><T17/><REACH who="0" step="1"/><D55/><REACH who="0" ten="230,294,280,186" step="2"/><U102/><E102/><V101/><F101/><W8/><G104/><T90/><D90/><U65/><E65/><V35/><F91/><W77/><G103/><T29/><D29/><U81/><E18/><V125/><F125/><W12/><G74/><T134/><D134/><U88/><E89/><V37/><F35/><W108/><G73/><T127/><D127/><U93/><E93/><V131/><F131/><W80/><G108/><T9/><D9/><U42/><E42/><V72/><F72/><W118/><G8/><T71/><D71/><U57/><E57/><V32/><F59/><RYUUKYOKU ba="3,1" sc="230,15,294,15,280,-15,186,-15" hai0="10,13,17,47,50,53,54,56,60,61,97,100,105" hai1="19,20,38,43,44,48,51,79,81,84,86,88,94" />
</Scene>
<Scene>
<INIT seed="1,4,1,4,1,17" ten="245,309,265,171" oya="1" hai0="6,61,26,97,58,129,128,107,16,46,133,117,87" hai1="77,120,63,72,114,123,75,135,102,40,28,38,27" hai2="90,12,44,76,13,64,83,101,71,39,49,36,42" hai3="5,67,29,94,30,3,53,65,95,73,7,69,70"/><U91/><E114/><V122/><F122/><W82/><G82/><T85/><D117/><U0/><E0/><V56/><F101/><W11/><G73/><T51/><D133/><U92/><E102/><V2/><F2/><W124/><G3/><T19/><D6/><U121/><E135/><V112/><F112/><W103/><G11/><T84/><D107/><U57/><E40/><V126/><F126/><W52/><REACH who="3" step="1"/><G103/><REACH who="3" ten="245,309,265,161" step="2"/><T109/><D109/><U80/><E75/><V115/><F115/><W105/><G105/><T34/><D34/><U23/><E38/><V18/><F36/><W1/><G1/><T9/><D9/><U131/><E131/><N who="0" m="50249" /><D97/><U14/><E14/><V81/><F39/><W79/><G79/><T33/><D33/><U43/><E43/><V111/><F111/><W132/><G132/><T100/><D100/><U4/><E4/><V66/><F12/><W127/><AGARI ba="4,2" hai="5,7,29,30,52,53,65,67,69,70,94,95,124,127" machi="127" ten="25,8000,1" yaku="1,1,0,1,22,2,54,1,53,0" doraHai="17" doraHaiUra="47" who="3" fromWho="3" sc="245,-24,309,-44,265,-24,161,112" />
</Scene>
<Scene>
<INIT seed="2,0,0,0,2,78" ten="221,265,241,273" oya="2" hai0="118,70,1,100,115,36,91,60,41,49,0,52,47" hai1="112,53,131,37,30,95,98,40,17,113,130,133,4" hai2="123,8,82,2,74,3,132,103,6,5,16,120,12" hai3="68,84,107,83,35,33,86,114,46,116,76,94,51"/><V23/><F132/><W101/><G68/><T79/><D118/><U57/><E133/><V67/><F67/><W42/><G116/><T73/><D115/><U71/><E71/><V58/><F58/><W61/><G61/><T106/><D106/><U25/><E4/><V54/><F54/><W45/><G114/><T85/><D100/><N who="1" m="60511" /><E17/><V31/><F103/><W44/><G107/><T117/><D117/><U34/><E40/><V93/><F93/><W50/><G45/><T26/><D26/><U21/><E34/><V126/><F126/><W81/><G94/><T14/><D14/><U108/><E37/><V64/><F64/><W32/><G101/><T88/><D73/><U9/><E9/><N who="2" m="2239" /><F82/><W124/><G124/><T38/><D70/><U55/><E55/><V15/><F74/><W128/><G128/><N who="1" m="49194" /><E108/><V125/><F125/><W7/><G7/><T69/><D69/><U20/><E20/><N who="2" m="11295" /><F31/><W72/><G72/><T22/><D22/><U121/><E113/><V48/><F48/><W39/><REACH who="3" step="1"/><G46/><REACH who="3" ten="221,265,241,263" step="2"/><T87/><D47/><U129/><E112/><V18/><AGARI ba="0,1" hai="2,6,8,12,18,23,120,123" m="11295,2239" machi="18" ten="30,6000,0" yaku="34,2,54,1" doraHai="78" who="2" fromWho="2" sc="221,-20,265,-20,241,70,263,-20" />
</Scene>
<Scene>
<INIT seed="2,1,0,2,0,33" ten="201,245,311,243" oya="2" hai0="129,70,72,73,117,124,61,113,67,108,132,26,5" hai1="125,103,50,111,49,1,13,56,86,37,41,25,18" hai2="78,46,82,30,135,88,35,7,121,130,116,14,92" hai3="11,62,59,63,27,10,19,127,58,21,94,43,98"/><V104/><F121/><W71/><G71/><T81/><D117/><U66/><E1/><V6/><F116/><W16/><G43/><T118/><D118/><U106/><E37/><V87/><F104/><W8/><G127/><T2/><D124/><U75/><E75/><N who="0" m="28745" /><D26/><U9/><E125/><V120/><F120/><W74/><G74/><T52/><D52/><U79/><E111/><V29/><F135/><W131/><G131/><T65/><D132/><U102/><E106/><V134/><F134/><W115/><G115/><T95/><D113/><U24/><E24/><V57/><F130/><W93/><G19/><T39/><D129/><U54/><E66/><V28/><F35/><W123/><G123/><T47/><D108/><U40/><E25/><V44/><F57/><W64/><REACH who="3" step="1"/><G98/><REACH who="3" ten="201,245,311,233" step="2"/><T20/><D70/><U97/><E97/><N who="2" m="57479" /><F6/><W107/><G107/><T69/><D5/><U12/><E41/><V99/><F99/><W15/><G15/><T119/><D2/><U85/><E13/><V0/><F0/><W84/><G84/><T23/><D69/><U101/><E79/><V42/><F42/><W105/><G105/><T36/><D119/><U96/><E96/><V53/><F14/><W109/><G109/><T100/><D95/><U45/><AGARI ba="1,1" hai="9,12,18,40,45,49,50,54,56,85,86,101,102,103" machi="45" ten="30,2000,0" yaku="0,1,8,1" doraHai="33" who="1" fromWho="1" sc="201,-6,245,33,311,-11,233,-6" />
</Scene>
<Scene>
<INIT seed="3,0,0,2,2,105" ten="195,278,300,227" oya="3" hai0="119,95,69,133,39,19,37,8,6,110,51,45,29" hai1="20,35,130,48,115,30,66,114,107,28,118,68,132" hai2="67,7,18,5,60,34,31,12,106,47,70,21,116" hai3="58,42,59,126,100,82,117,55,125,3,56,76,129"/><W22/><G3/><T120/><D119/><U10/><E107/><V43/><F116/><W89/><G117/><T96/><D120/><U1/><E48/><V11/><F106/><W71/><G100/><T49/><D69/><U36/><E36/><V63/><F63/><W131/><G71/><T9/><D110/><U73/><E66/><V24/><REACH who="2" step="1"/><F34/><REACH who="2" ten="195,278,290,227" step="2"/><W92/><G42/><T27/><D133/><U134/><E35/><V54/><F54/><W79/><G55/><T84/><D37/><AGARI ba="0,1" hai="5,7,11,12,18,21,24,31,37,43,47,60,67,70" machi="37" ten="30,2000,0" yaku="1,1,7,1,53,0" doraHai="105" doraHaiUra="135" who="2" fromWho="0" sc="195,-20,278,0,290,30,227,0" />
</Scene>
<Scene>
<INIT seed="4,0,0,5,3,112" ten="175,278,320,227" oya="0" hai0="97,118,62,13,0,113,130,44,117,66,127,40,17" hai1="18,51,10,72,25,126,19,23,32,34,65,128,2" hai2="103,133,63,83,3,101,37,47,29,76,57,71,92" hai3="7,16,135,1,122,67,102,74,125,33,111,9,45"/><T93/><D113/><U85/><E72/><V21/><F3/><W30/><G67/><T46/><D0/><U107/><E107/><V87/><F71/><W49/><G74/><T43/><D130/><U106/><E106/><V105/><F105/><W84/><G102/><T82/><D127/><U123/><E65/><V69/><F69/><W120/><G125/><T50/><D82/><U108/><E126/><V58/><F133/><W78/><G135/><T28/><D28/><N who="1" m="17471" /><E85/><V20/><F57/><W27/><G78/><T77/><D77/><U59/><E51/><V114/><F114/><W110/><G84/><T14/><D66/><U48/><E48/><V31/><F37/><W119/><G49/><T11/><D14/><N who="1" m="7511" /><E59/><V22/><F47/><W26/><G45/><T95/><D62/><U60/><E60/><V64/><REACH who="2" step="1"/><F101/><REACH who="2" ten="175,278,310,227" step="2"/><W56/><G56/><T52/><D46/><U12/><E2/><V55/><F55/><W90/><G1/><T81/><D95/><U100/><E100/><V42/><F42/><W109/><G109/><T8/><D81/><U115/><E108/><V91/><F91/><W41/><G111/><T79/><D79/><U88/><E88/><V132/><F132/><W86/><G41/><T124/><D124/><U73/><E115/><V131/><F131/><W54/><G110/><T5/><D43/><U80/><E128/><V70/><F70/><W96/><G54/><T94/><D40/><U99/><E80/><V121/><F121/><W4/><G122/><T39/><D39/><U24/><E123/><V53/><F53/><W129/><G120/><RYUUKYOKU ba="0,1" sc="175,-10,278,-10,310,30,227,-10" hai2="20,21,22,29,31,58,63,64,76,83,87,92,103" />
</Scene>
<Scene>
<INIT seed="5,1,1,1,2,50" ten="165,268,340,217" oya="1" hai0="13,54,15,105,21,0,83,106,58,90,130,29,92" hai1="51,125,57,53,4,47,94,49,84,114,10,60,115" hai2="30,127,101,35,73,109,79,124,122,86,119,98,9" hai3="37,43,103,18,44,88,31,61,8,81,112,59,110"/><U41/><E125/><V132/><F122/><W71/><G110/><T63/><D130/><U17/><E17/><V25/><F109/><W39/><G31/><T75/><D75/><U108/><E108/><V28/><F119/><W80/><G103/><T32/><D32/><U1/><E94/><V118/><F118/><W33/><G33/><T117/><D117/><U126/><E126/><V42/><F42/><W22/><G8/><T131/><D131/><U26/><E26/><V3/><F132/><W14/><G71/><T7/><D0/><U102/><E102/><V123/><F123/><W2/><G2/><T45/><D106/><U68/><E84/><V72/><F30/><W113/><G39/><T66/><D105/><U11/><E11/><V74/><F86/><W5/><G5/><T89/><D7/><U129/><E129/><V20/><F79/><W95/><G80/><T34/><D34/><U100/><E100/><V135/><F135/><W133/><G81/><T27/><D83/><U97/><E97/><V78/><F78/><W40/><G133/><T48/><D90/><U65/><AGARI ba="1,1" hai="1,4,10,41,47,49,51,53,57,60,65,68,114,115" machi="65" ten="30,3000,0" yaku="0,1,52,1" doraHai="50" who="1" fromWho="1" sc="165,-11,268,43,340,-11,217,-11" />
</Scene>
<Scene>
<INIT seed="5,2,0,3,3,77" ten="154,311,329,206" oya="1" hai0="62,80,99,1,23,11,68,94,129,110,93,43,125" hai1="87,37,131,78,55,27,81,86,63,59,102,88,105" hai2="120,17,72,54,74,49,58,31,71,112,127,18,83" hai3="95,16,46,64,101,14,113,92,24,25,115,51,119"/><U66/><E37/><V103/><F120/><W90/><G64/><T0/><D110/><U35/><E131/><V44/><F127/><W45/><G101/><T91/><D125/><U70/><E105/><V22/><F71/><W15/><G119/><T33/><D129/><U56/><E102/><V121/><F121/><W117/><G117/><T4/><D33/><U10/><E10/><V38/><F112/><W34/><G34/><T133/><D133/><U29/><REACH who="1" step="1"/><E55/><REACH who="1" ten="154,301,329,206" step="2"/><V123/><F103/><W28/><G115/><T48/><D43/><U39/><E39/><V30/><F38/><W109/><G113/><T8/><D48/><U82/><AGARI ba="2,1" hai="27,29,35,56,59,63,66,70,78,81,82,86,87,88" machi="82" ten="20,18000,2" yaku="1,1,0,1,7,1,52,2,54,1,53,1" doraHai="77" doraHaiUra="75" who="1" fromWho="1" sc="154,-62,301,196,329,-62,206,-62" />
</Scene>
<Scene>
<INIT seed="5,3,0,3,5,58" ten="92,497,267,144" oya="1" hai0="86,6,53,37,92,129,87,95,135,2,48,80,67" hai1="12,81,88,104,7,16,90,28,1,133,49,82,73" hai2="110,83,60,4,31,132,117,106,68,51,105,131,41" hai3="52,5,78,10,123,35,66,93,119,130,84,128,96"/><U89/><E104/><V9/><F117/><W69/><G35/><T102/><D129/><U79/><E133/><V21/><F131/><W116/><G123/><T97/><D135/><U126/><E126/><V98/><F132/><W34/><G34/><T30/><D37/><U71/><E71/><V54/><F110/><W0/><G130/><T56/><D2/><U57/><E28/><V120/><F120/><W13/><G0/><T72/><D72/><U39/><E39/><V14/><F41/><W11/><G11/><T103/><D30/><U108/><E108/><V27/><F83/><W101/><G128/><T26/><D26/><U75/><E1/><V15/><F15/><W107/><G119/><T99/><D6/><U22/><E7/><V74/><F74/><W61/><G116/><T70/><D70/><U62/><E49/><V3/><F3/><W85/><G78/><T100/><D67/><U114/><E114/><V127/><F127/><W121/><G107/><T124/><D124/><U109/><E109/><V18/><F4/><W55/><G121/><T45/><D103/><U59/><E62/><V38/><F38/><W23/><G23/><T42/><D42/><U44/><E44/><N who="2" m="28007" /><F98/><W112/><G112/><T36/><D36/><U47/><E47/><V63/><F68/><W91/><G85/><T32/><D32/><U43/><E43/><V19/><F31/><W118/><G118/><T8/><D8/><U113/><E113/><V50/><F50/><W115/><G115/><T33/><D33/><U122/><E122/><V20/><F9/><W40/><G40/><RYUUKYOKU ba="3,0" sc="92,-30,497,10,267,10,144,10" hai1="12,16,22,57,59,73,75,79,81,82,88,89,90" hai2="14,18,19,20,21,27,60,63,105,106" hai3="5,10,13,52,55,61,66,69,84,91,93,96,101" />
</Scene>
<Scene>
<INIT seed="5,4,0,0,3,55" ten="62,507,277,154" oya="1" hai0="95,116,126,29,90,128,77,105,87,4,9,6,2" hai1="0,41,66,3,89,34,5,58,32,38,98,127,45" hai2="19,46,99,109,117,73,135,52,104,11,54,79,17" hai3="68,37,92,114,53,125,50,48,18,27,94,62,60"/><U15/><E127/><V97/><F117/><W88/><G125/><T31/><D126/><U121/><E121/><V129/><F109/><W75/><G75/><T74/><D116/><U122/><E122/><V33/><F33/><W85/><G37/><T67/><D128/><U28/><E15/><V71/><F129/><W42/><G68/><T7/><D105/><U80/><E5/><V91/><F71/><W115/><G42/><T51/><D67/><U59/><E34/><V72/><F135/><W24/><G18/><T43/><D29/><U110/><E110/><V96/><F104/><W64/><G64/><T35/><D35/><U107/><E107/><V83/><F91/><W81/><G81/><T123/><D123/><U10/><E10/><V57/><F72/><W40/><G40/><T124/><D124/><U134/><E134/><V112/><F11/><W39/><G39/><T101/><D101/><U131/><E131/><V111/><F112/><W82/><G115/><T49/><D31/><U103/><E103/><V63/><REACH who="2" step="1"/><F111/><REACH who="2" ten="62,507,267,154" step="2"/><W65/><G114/><T119/><D119/><U47/><E32/><V100/><F100/><W16/><G88/><T61/><D74/><U106/><E89/><V102/><F102/><W118/><G118/><T22/><D77/><U93/><E106/><V14/><F14/><W56/><G24/><T108/><D108/><U21/><E3/><V86/><F86/><W84/><G85/><T8/><D22/><U20/><E21/><V25/><F25/><W26/><G84/><T113/><D113/><U1/><E20/><V44/><F44/><RYUUKYOKU ba="4,1" sc="62,-10,507,-10,267,30,154,-10" hai2="17,19,46,52,54,57,63,73,79,83,96,97,99" />
</Scene>
<Scene>
<INIT seed="6,5,1,1,5,46" ten="52,497,297,144" oya="2" hai0="76,68,88,13,21,56,98,29,123,128,10,107,72" hai1="106,50,91,132,5,35,4,42,120,33,77,125,81" hai2="11,127,117,111,36,57,94,55,44,63,80,90,99" hai3="126,115,52,28,47,110,49,124,41,31,133,134,73"/><V3/><F117/><W27/><G73/><T53/><D123/><U16/><E106/><V14/><F127/><N who="3" m="48683" /><G110/><T109/><D109/><U40/><E125/><V119/><F111/><W0/><G0/><T20/><D68/><U17/><E91/><V116/><F3/><W32/><G31/><T6/><D128/><U9/><E132/><N who="3" m="50794" /><G115/><T66/><D66/><U23/><E120/><V113/><F113/><W92/><G92/><T30/><D107/><U34/><E23/><N who="0" m="8777" /><D72/><U108/><E108/><V1/><F1/><W51/><G52/><T45/><D76/><U54/><E40/><V86/><F36/><AGARI ba="5,1" hai="27,28,32,36,41,47,49,51" m="50794,48683" machi="36" ten="30,7700,0" yaku="18,1,20,1,52,2" doraHai="46" who="3" fromWho="2" sc="52,0,497,0,297,-92,144,102" />
</Scene>
<Scene>
<INIT seed="7,0,0,4,5,24" ten="52,497,205,246" oya="3" hai0="109,46,36,2,101,83,125,31,22,48,20,60,49" hai1="73,68,110,132,32,113,23,124,53,107,79,130,105" hai2="41,65,1,75,84,127,99,50,63,93,66,10,69" hai3="12,37,122,70,45,135,29,13,27,103,7,102,0"/><W89/><G70/><T96/><D109/><U115/><RYUUKYOKU type="yao9" ba="0,0" sc="52,0,497,0,205,0,246,0" hai1="23,32,53,68,73,79,105,107,110,113,115,124,130,132" />
</Scene>
<Scene>
<INIT seed="7,1,0,0,5,116" ten="52,497,205,246" oya="3" hai0="20,122,56,67,70,18,40,6,15,69,103,78,53" hai1="65,12,135,82,58,127,41,68,64,55,100,28,29" hai2="74,113,128,104,114,4,76,94,108,51,10,97,59" hai3="106,0,43,13,118,27,42,26,119,107,11,120,66"/><W48/><G0/><T32/><D32/><U52/><E68/><V47/><F108/><W54/><G66/><N who="1" m="25706" /><E41/><V60/><F128/><W22/><G11/><T89/><D122/><U101/><E127/><V72/><F104/><W5/><G13/><T111/><D111/><U77/><E135/><V45/><F74/><W37/><G5/><T62/><D6/><U35/><E35/><V61/><F72/><W109/><G109/><T112/><D112/><U86/><E12/><V96/><F76/><W115/><G22/><T57/><D40/><U123/><E123/><V95/><F4/><W90/><G48/><T8/><D78/><U7/><E7/><V38/><F51/><W73/><G73/><T83/><D103/><N who="1" m="39499" /><E55/><V98/><F10/><W50/><G54/><T19/><D69/><U110/><E110/><V17/><F17/><W36/><G50/><AGARI ba="1,0" hai="28,29,50,52,58,77,82,86" m="39499,25706" machi="50" ten="30,2000,0" yaku="8,1,54,1" doraHai="116" who="1" fromWho="3" sc="52,0,497,23,205,0,246,-23" owari="52,-45.0,520,62.0,205,-19.0,223,2.0" />
</Scene>
</mjloggm>