<mjloggm ver="2.3"><GO type="97"/><UN n0="%59%40%53%50%4E" n1="%4D%72%69" n2="%E5%A4%AA%E3%81%8F%E3%81%AA%E3%81%84%E3%81%8A" n3="%E3%82%86%E3%81%86%E5%A0%95%E5%A4%A9%E4%BD%BF" dan="13,15,13,16" rate="1870,1948,1984,2060" sx="M,M,M,F"/><TAIKYOKU oya="0"/>

<Scene>
<INIT seed="0,0,0,0,5,91" ten="250,250,250,250" oya="0" hai0="13,27,123,132,66,93,104,34,109,25,79,75,99" hai1="5,133,35,92,14,98,94,52,6,90,97,36,8" hai2="17,60,127,88,67,84,29,1,18,126,59,48,53" hai3="28,81,71,47,111,72,114,42,9,110,0,115,131"/><T31/><D123/><U118/><E36/><V120/><F1/><W43/><G71/><T7/><D104/><U128/><E35/><V116/><F29/><W37/><G42/><T112/><D112/><N who="3" m="43049" /><G28/><T77/><D132/><U107/><E107/><V41/><F120/><W130/><G81/><T11/><D75/><U70/><E70/><V20/><F41/><W3/><G72/><T4/><D109/><N who="3" m="41481" /><G9/><T86/><D27/><U103/><E133/><V12/><F116/><W32/><G32/><T46/><D66/><U51/><E118/><V100/><F100/><W76/><G76/><T117/><D117/><U87/><E128/><AGARI ba="0,0" hai="0,3,37,43,47,128,130,131" m="41481,43049" machi="128" ten="40,5200,0" yaku="19,1,14,1,23,1" doraHai="91" who="3" fromWho="1" sc="250,0,250,-52,250,0,250,52" />
</Scene>
<Scene>
<INIT seed="1,0,0,4,2,44" ten="250,198,250,302" oya="1" hai0="121,95,69,116,126,122,33,7,30,22,20,124,109" hai1="84,129,77,98,65,28,56,111,114,90,79,15,26" hai2="85,19,87,10,78,80,36,21,74,46,103,6,76" hai3="29,99,35,60,12,3,17,50,39,82,104,14,16"/><U51/><E114/><V41/><F103/><W131/><G39/><T40/><D69/><U73/><E73/><V97/><F97/><W23/><G3/><T45/><D116/><U64/><E129/><V63/><F63/><W128/><G60/><T49/><D7/><U83/><E15/><V54/><F54/><W75/><G29/><T108/><D95/><U27/><E111/><N who="0" m="42569" /><D33/><U58/><E58/><V2/><REACH who="2" step="1"/><F78/><REACH who="2" ten="250,198,240,302" step="2"/><N who="3" m="44383" /><G99/><T100/><D100/><U48/><E79/><V13/><AGARI ba="0,1" hai="2,6,10,13,19,21,36,41,46,74,76,80,85,87" machi="13" ten="20,8000,1" yaku="1,1,0,1,7,1,25,2,53,0" doraHai="44" doraHaiUra="135" who="2" fromWho="2" sc="250,-20,198,-40,240,90,302,-20" />
</Scene>
<Scene>
<INIT seed="2,0,0,1,2,69" ten="230,158,330,282" oya="2" hai0="118,19,18,23,51,55,5,74,9,114,97,4,79" hai1="124,90,96,91,38,93,32,112,104,1,31,22,35" hai2="20,103,70,113,72,77,37,44,131,40,50,21,60" hai3="66,78,71,100,109,53,41,99,123,127,15,115,39"/><V108/><F113/><W64/><G123/><T101/><D114/><U17/><E112/><V87/><F72/><W49/><G115/><T80/><D118/><U116/><E116/><V6/><F103/><W7/><G78/><T24/><D18/><U121/><E121/><V30/><F131/><W89/><G89/><T82/><D80/><U47/><E104/><V117/><F117/><W28/><G28/><T106/><REACH who="0" step="1"/><D9/><REACH who="0" ten="220,158,330,282" step="2"/><U57/><E124/><V67/><F30/><W63/><G127/><T54/><D54/><U10/><E31/><V129/><F129/><W120/><G120/><T45/><AGARI ba="0,1" hai="4,5,19,23,24,45,51,55,74,79,82,97,101,106" machi="45" ten="20,2700,0" yaku="1,1,0,1,7,1,53,0" doraHai="69" doraHaiUra="61" who="0" fromWho="0" sc="220,37,158,-7,330,-13,282,-7" />
</Scene>
<Scene>
<INIT seed="3,0,0,2,4,50" ten="257,151,317,275" oya="3" hai0="57,120,33,35,79,114,0,6,13,90,59,12,99" hai1="70,74,45,40,116,110,97,119,96,105,54,87,27" hai2="63,107,113,94,55,86,115,80,127,47,52,34,104" hai3="28,82,135,123,129,18,132,31,41,46,8,133,131"/><W75/><G123/><T73/><D120/><U88/><E74/><V121/><F121/><W66/><G66/><T9/><D114/><U36/><E70/><V69/><F34/><W58/><G58/><T61/><D59/><U22/><E110/><V68/><F127/><W125/><G82/><T11/><D0/><U60/><E105/><V108/><F108/><W39/><G75/><T84/><D99/><U32/><E32/><V71/><F94/><W53/><G53/><T98/><D98/><U24/><E24/><V7/><F7/><W5/><G18/><T38/><D79/><U10/><E10/><V93/><F93/><W83/><G83/><T21/><D38/><U48/><E60/><V130/><F63/><W101/><G101/><T126/><D21/><U77/><E77/><V43/><F104/><W128/><G125/><T14/><D126/><U3/><E3/><AGARI ba="0,0" hai="3,5,8,28,31,39,41,46,128,129,131,132,133,135" machi="3" ten="50,4800,0" yaku="19,1,20,1" doraHai="50" who="3" fromWho="1" sc="257,0,151,-48,317,0,275,48" owari="257,-14.0,103,-40.0,317,12.0,323,42.0" />
</Scene>
</mjloggm>