<mjloggm ver="2.3"><GO type="97"/><UN n0="%73%79%6F%75%6A%69%30%34" n1="%E5%A4%AA%E3%81%8F%E3%81%AA%E3%81%84%E3%81%8A" n2="%47%72%65%65%6E%54%65%61" n3="%E3%83%99%E3%82%BF%E3%82%AA%E3%83%AA%E3%81%97%E3%82%88%E3%81%86%E2%98%86" dan="13,15,14,14" rate="1845,2048,2027,2007" sx="M,M,M,M"/><TAIKYOKU oya="0"/>

<Scene>
<INIT seed="0,0,0,5,5,132" ten="250,250,250,250" oya="0" hai0="95,123,77,97,94,59,122,119,28,6,20,67,43" hai1="121,14,37,125,22,99,100,131,63,82,96,11,34" hai2="31,53,83,88,40,69,66,25,118,74,87,29,61" hai3="114,54,9,89,98,112,32,70,49,106,78,52,13"/><T76/><D6/><U105/><E34/><V75/><F118/><W102/><G32/><T120/><D119/><U50/><E37/><V116/><F116/><W92/><G70/><T107/><D107/><U48/><E121/><V90/><F40/><W42/><G78/><T79/><D43/><U26/><E131/><V5/><F5/><W38/><G38/><T71/><D71/><U41/><E125/><V104/><F104/><W47/><G42/><T8/><D8/><U0/><E0/><V65/><F65/><W27/><G27/><T18/><D28/><U128/><E128/><V103/><F103/><W56/><G54/><T113/><D113/><U110/><E110/><V7/><F7/><W80/><G47/><T24/><REACH who="0" step="1"/><D97/><REACH who="0" ten="240,250,250,250" step="2"/><U84/><E96/><V39/><F31/><W4/><REACH who="3" step="1"/><G80/><REACH who="3" ten="240,250,250,240" step="2"/><T134/><D134/><U16/><E41/><V23/><F39/><W17/><G17/><T3/><D3/><U115/><E82/><V130/><F130/><W109/><G109/><T21/><D21/><U117/><E22/><V93/><F53/><W129/><G129/><T58/><D58/><U68/><E117/><V108/><F108/><W86/><AGARI ba="0,2" hai="4,9,13,49,52,56,86,89,92,98,102,106,112,114" machi="86" ten="20,8000,1" yaku="1,1,0,1,7,1,54,1,53,1" doraHai="132" doraHaiUra="1" who="3" fromWho="3" sc="240,-40,250,-20,250,-20,240,100" />
</Scene>
<Scene>
<INIT seed="1,0,0,2,4,16" ten="200,230,230,340" oya="1" hai0="58,113,46,121,24,104,25,118,68,111,82,119,135" hai1="67,30,59,13,88,64,52,56,31,100,34,44,73" hai2="23,2,35,101,7,97,54,124,81,125,120,5,6" hai3="92,90,116,79,129,47,95,123,72,126,8,19,45"/><U50/><E73/><V99/><F120/><W38/><G123/><T29/><D104/><U33/><E100/><V41/><F35/><W76/><G38/><T115/><D68/><U61/><E34/><V60/><F41/><W86/><G126/><N who="2" m="48745" /><F81/><W109/><G109/><T84/><D121/><U106/><E106/><V105/><F99/><W17/><G129/><T128/><D46/><N who="3" m="17417" /><G72/><T66/><D66/><U36/><E36/><V134/><F134/><W77/><G116/><N who="0" m="44587" /><D58/><U83/><E33/><V132/><F132/><W131/><G131/><T112/><D135/><U9/><E59/><N who="2" m="34935" /><F23/><W130/><G130/><T20/><D128/><U69/><E69/><V78/><F78/><W114/><G114/><T27/><D84/><N who="1" m="50207" /><E67/><V1/><AGARI ba="0,0" hai="1,2,5,6,7,97,101,105" m="34935,48745" machi="1" ten="40,1500,0" yaku="18,1" doraHai="16" who="2" fromWho="2" sc="200,-4,230,-7,230,15,340,-4" />
</Scene>
<Scene>
<INIT seed="2,0,0,1,5,120" ten="196,223,245,336" oya="2" hai0="116,131,108,132,91,47,37,41,12,71,51,9,127" hai1="28,102,96,125,106,88,124,15,115,100,14,97,133" hai2="8,10,33,65,93,73,101,38,11,5,42,99,130" hai3="18,87,4,122,19,77,39,118,68,57,104,123,80"/><V64/><F130/><W0/><G118/><T135/><D71/><U129/><E115/><V29/><F73/><W114/><G68/><T86/><D116/><U126/><E129/><V48/><F38/><W111/><G104/><T79/><D131/><U36/><E36/><V112/><F112/><W26/><G114/><T24/><D79/><U35/><E133/><N who="0" m="51273" /><D24/><N who="1" m="18823" /><E88/><V67/><F29/><W119/><G39/><T60/><D60/><U46/><E46/><N who="2" m="25687" /><F33/><W66/><G119/><T23/><D23/><U3/><E3/><V84/><F84/><W82/><G0/><T70/><D70/><U20/><E20/><V21/><F21/><W105/><G4/><AGARI ba="0,0" hai="4,5,8,10,11,64,65,67,93,99,101" m="25687" machi="4" ten="30,1500,0" yaku="8,1" doraHai="120" who="2" fromWho="3" sc="196,0,223,0,245,15,336,-15" />
</Scene>
<Scene>
<INIT seed="2,1,0,2,3,127" ten="196,223,260,321" oya="2" hai0="90,131,19,88,72,133,17,108,130,40,84,41,7" hai1="124,57,94,33,32,67,21,51,56,87,36,55,30" hai2="46,24,49,9,85,113,116,92,105,103,68,121,47" hai3="125,58,35,86,37,53,70,15,112,22,111,132,78"/><V27/><F116/><W61/><G37/><T100/><D72/><U6/><E36/><V34/><F121/><W29/><G35/><T134/><D7/><U0/><E124/><V79/><F68/><W76/><G125/><T120/><D100/><U89/><E0/><V43/><F34/><W99/><G70/><T109/><REACH who="0" step="1"/><D84/><REACH who="0" ten="186,223,260,321" step="2"/><U83/><E6/><V114/><F103/><W96/><G86/><T102/><D102/><U118/><E118/><V60/><F85/><W93/><G112/><T31/><D31/><U64/><E83/><V82/><F82/><W10/><G111/><T135/><D135/><U28/><E28/><V123/><F114/><W95/><G29/><T91/><D91/><U13/><E33/><V26/><F113/><W42/><G132/><T12/><D12/><U5/><E32/><V52/><F123/><AGARI ba="1,1" hai="17,19,40,41,88,90,108,109,120,123,130,131,133,134" machi="123" ten="25,12000,2" yaku="1,1,22,2,52,2,54,1,53,0" doraHai="127" doraHaiUra="59" who="0" fromWho="2" sc="186,133,223,0,260,-123,321,0" />
</Scene>
<Scene>
<INIT seed="3,0,0,5,2,36" ten="319,223,137,321" oya="3" hai0="126,133,14,116,99,33,97,0,123,25,26,93,128" hai1="63,86,103,21,40,105,69,41,24,7,38,78,84" hai2="121,27,122,118,77,58,64,23,57,108,106,90,1" hai3="76,65,43,104,11,87,37,68,120,66,109,34,131"/><W117/><G120/><N who="2" m="46185" /><F1/><W110/><G117/><T132/><D123/><U85/><E38/><V13/><F118/><W92/><G104/><T48/><D116/><U28/><E78/><V74/><F106/><W29/><G131/><T32/><D0/><U42/><E7/><V8/><F64/><N who="3" m="24683" /><G68/><T79/><D79/><U10/><E69/><V124/><F77/><W82/><G11/><T127/><D14/><U94/><E105/><V98/><F74/><W130/><G130/><T3/><D3/><U31/><E10/><V107/><F90/><W100/><G29/><T114/><D48/><U75/><E75/><V60/><F98/><N who="0" m="37386" /><D93/><U62/><E31/><N who="2" m="17919" /><F58/><W81/><G34/><N who="0" m="13419" /><D128/><U15/><E15/><V19/><F57/><W53/><G53/><T2/><D2/><U5/><E5/><N who="2" m="3215" /><F60/><N who="1" m="23081" /><E103/><V80/><F107/><W46/><G100/><T16/><D114/><U101/><E101/><V20/><F80/><N who="3" m="47495" /><G92/><AGARI ba="0,0" hai="21,24,28,40,41,42,84,85,86,92,94" m="23081" machi="92" ten="40,8000,1" yaku="8,1,52,3" doraHai="36" who="1" fromWho="3" sc="319,0,223,80,137,0,321,-80" owari="319,42.0,303,10.0,137,-36.0,241,-16.0" />
</Scene>
</mjloggm>