<mjloggm ver="2.3"><GO type="97"/><UN n0="%E7%89%8C%E7%8C%AB" n1="%52%EF%BC%8D%E3%81%A8%E3%81%86%E3%81%8B" n2="%E3%81%AA%E3%81%8B%E3%81%98%E3%82%82" n3="%E5%A4%AA%E3%81%8F%E3%81%AA%E3%81%84%E3%81%8A" dan="13,14,14,13" rate="2051,1931,1860,2011" sx="M,F,M,M"/><TAIKYOKU oya="0"/>

<Scene>
<INIT seed="0,0,0,4,0,74" ten="250,250,250,250" oya="0" hai0="76,117,20,41,45,101,69,130,11,56,86,98,88" hai1="60,122,5,120,21,65,26,123,121,32,105,135,87" hai2="2,59,62,42,94,133,108,100,134,68,17,28,66" hai3="30,53,43,36,44,83,47,54,46,78,93,49,25"/><T127/><D69/><U85/><E105/><V34/><F2/><W64/><G64/><T115/><D115/><U70/><E135/><V50/><F108/><W126/><G126/><T22/><D117/><U67/><E5/><V80/><F80/><W97/><G30/><T24/><D11/><U81/><E67/><V18/><F42/><W125/><G25/><T118/><D118/><U12/><E12/><V82/><F82/><W110/><G110/><T55/><D127/><U51/><E51/><V63/><F50/><W29/><G29/><T8/><D8/><U9/><E9/><V52/><F133/><W71/><G71/><T91/><D130/><U77/><E32/><V4/><F4/><W124/><G54/><T129/><D129/><U6/><E6/><V111/><F111/><W40/><G46/><T13/><D13/><U61/><E61/><V96/><REACH who="2" step="1"/><F134/><REACH who="2" ten="250,250,240,250" step="2"/><W131/><G43/><T106/><D41/><U3/><E3/><V33/><F33/><W19/><G131/><T35/><D35/><U112/><E112/><V73/><F73/><N who="3" m="43471" /><G125/><T132/><D132/><U119/><E120/><V39/><F39/><W23/><G124/><T102/><D45/><U107/><E123/><V104/><F104/><W79/><G47/><T15/><D106/><U99/><E107/><V114/><F114/><W0/><G0/><T72/><D72/><U113/><E122/><V57/><F57/><W7/><G36/><T37/><D37/><U10/><E121/><V1/><F1/><W84/><G40/><T27/><D56/><U89/><E113/><V38/><F38/><RYUUKYOKU ba="0,1" sc="250,-10,250,-10,240,30,250,-10" hai2="17,18,28,34,52,59,62,63,66,68,94,96,100" />
</Scene>
<Scene>
<INIT seed="1,1,1,0,5,5" ten="240,240,270,240" oya="1" hai0="17,13,55,113,43,125,66,99,75,87,4,12,7" hai1="70,81,109,34,69,127,64,82,132,27,2,35,16" hai2="76,52,30,119,31,105,133,36,56,104,26,118,135" hai3="50,91,45,74,53,100,28,111,77,21,8,128,88"/><U18/><E2/><V60/><F76/><W65/><G111/><T106/><D75/><U25/><E109/><V39/><F26/><N who="3" m="16463" /><G74/><T86/><D113/><U32/><E64/><V130/><F130/><W71/><G71/><N who="1" m="27146" /><E132/><V6/><F6/><W1/><G1/><T20/><D66/><U117/><E117/><V92/><F60/><W89/><G128/><T62/><D43/><U108/><E108/><V112/><F56/><W97/><G65/><T24/><D106/><U63/><E63/><V33/><F92/><N who="3" m="58407" /><G77/><T120/><D99/><U0/><E0/><V126/><F126/><W94/><G8/><N who="0" m="4127" /><D125/><U72/><E72/><V68/><F68/><W3/><G3/><T129/><D129/><U42/><E42/><V110/><F110/><W29/><G29/><N who="0" m="17543" /><D4/><U41/><E41/><V9/><F33/><W98/><AGARI ba="1,1" hai="45,50,53,88,89,91,94,98" m="58407,16463" machi="98" ten="30,2000,0" yaku="8,1,54,1" doraHai="5" who="3" fromWho="3" sc="240,-6,240,-11,270,-6,240,33" />
</Scene>
<Scene>
<INIT seed="2,0,0,2,4,102" ten="234,229,264,273" oya="2" hai0="84,135,43,11,70,12,45,46,129,23,63,3,4" hai1="47,92,36,26,86,126,33,114,44,56,133,41,78" hai2="62,125,95,130,21,9,77,83,18,27,51,20,22" hai3="108,87,10,81,85,66,112,119,40,17,98,91,106"/><V31/><F125/><W5/><G119/><T35/><D35/><U54/><E126/><V7/><F95/><W0/><G108/><T75/><D75/><U121/><E114/><V39/><F39/><W58/><G112/><T118/><D118/><U60/><E133/><V73/><F130/><W82/><G40/><T128/><D135/><U100/><E121/><V13/><F62/><W53/><G17/><T103/><D84/><U2/><E2/><V123/><F123/><W72/><G72/><T117/><D117/><U104/><E104/><V61/><F61/><W19/><G19/><T101/><D45/><U37/><E44/><V74/><F51/><W8/><G8/><T71/><D71/><U105/><E105/><V132/><F132/><W68/><G68/><T29/><D63/><U88/><E100/><V97/><F97/><W34/><G34/><T50/><D70/><U80/><E33/><V1/><F74/><W89/><G66/><T107/><D107/><U38/><REACH who="1" step="1"/><E26/><REACH who="1" ten="234,219,264,273" step="2"/><V32/><AGARI ba="0,1" hai="1,7,9,13,18,20,21,22,27,31,32,73,77,83" machi="32" ten="20,7800,0" yaku="0,1,7,1,24,2" doraHai="102" who="2" fromWho="2" sc="234,-26,219,-26,264,88,273,-26" />
</Scene>
<Scene>
<INIT seed="2,1,0,3,3,41" ten="208,193,352,247" oya="2" hai0="28,83,21,111,118,113,48,19,69,130,114,129,87" hai1="22,108,128,79,58,74,56,23,5,103,61,38,39" hai2="126,95,94,100,132,72,30,13,66,16,18,37,120" hai3="8,82,9,17,49,73,44,24,116,33,133,67,15"/><V25/><F120/><W71/><G116/><T59/><D69/><U131/><E108/><V86/><F72/><W76/><G133/><T96/><D96/><U119/><E119/><V75/><F75/><W106/><G106/><T110/><D118/><U70/><E70/><V34/><F37/><W115/><G115/><N who="0" m="44043" /><D48/><U40/><E103/><V45/><F132/><W3/><G71/><T92/><D92/><U101/><E101/><V99/><F126/><W26/><G67/><T85/><D59/><U122/><E122/><V121/><F66/><W53/><REACH who="3" step="1"/><G33/><REACH who="3" ten="208,193,352,237" step="2"/><T135/><D135/><U134/><E134/><V89/><F121/><W12/><G12/><T6/><D110/><U124/><E124/><V20/><F18/><W54/><G54/><T4/><D111/><U117/><E117/><V112/><F112/><W47/><G47/><T32/><D130/><U125/><E131/><V51/><F34/><W84/><G84/><T127/><D87/><U97/><E128/><V42/><F13/><W2/><G2/><T90/><D129/><U10/><E74/><V107/><F107/><W29/><G29/><T63/><D28/><U50/><E125/><V104/><F104/><W7/><AGARI ba="1,1" hai="3,7,8,9,15,17,24,26,44,49,53,73,76,82" machi="7" ten="30,4000,0" yaku="1,1,0,1,52,1,53,0" doraHai="41" doraHaiUra="57" who="3" fromWho="3" sc="208,-11,193,-11,352,-21,237,53" />
</Scene>
<Scene>
<INIT seed="3,0,0,1,1,6" ten="197,182,331,290" oya="3" hai0="75,85,101,18,98,102,54,5,51,55,35,90,37" hai1="40,58,127,53,84,65,34,68,62,63,17,2,14" hai2="111,113,77,94,74,125,29,115,81,69,112,130,22" hai3="133,47,99,70,1,9,92,21,16,32,96,87,60"/><W10/><G32/><T59/><D35/><U93/><E2/><V126/><F69/><W134/><G47/><T124/><D37/><U135/><E135/><N who="3" m="51722" /><G87/><T100/><D75/><U46/><E34/><V11/><F111/><W107/><G107/><T123/><D5/><U88/><E127/><N who="2" m="48651" /><F94/><W33/><G33/><T104/><D124/><U42/><REACH who="1" step="1"/><E46/><REACH who="1" ten="197,172,331,290" step="2"/><V24/><F130/><W71/><G1/><T129/><D129/><U41/><E41/><V131/><F131/><W116/><G116/><T72/><D123/><U80/><E80/><V120/><F120/><W30/><G71/><T44/><D72/><U38/><E38/><V15/><F115/><W82/><G82/><T78/><D78/><U49/><E49/><V26/><F26/><N who="3" m="14631" /><G30/><T83/><D18/><AGARI ba="0,1" hai="11,15,18,22,24,29,74,77,81,112,113" m="48651" machi="18" ten="30,2000,0" yaku="18,1,52,1" doraHai="6" who="2" fromWho="0" sc="197,-20,172,0,331,30,290,0" owari="177,-22.0,172,-33.0,361,46.0,290,9.0" />
</Scene>
</mjloggm>