<mjloggm ver="2.3"><GO type="169"/><UN n0="%E6%98%BC%E9%A3%AF%EF%BC%A0%E4%BD%95%E9%A3%9F%E3%81%86" n1="%64%61%6E" n2="%E5%A4%AA%E3%81%8F%E3%81%AA%E3%81%84%E3%81%8A" n3="%56%49%4E%43%45%4E%54" dan="16,16,16,16" rate="2090,2047,2081,2052" sx="F,M,M,M"/><TAIKYOKU oya="0"/>

<Scene>
<INIT seed="0,0,0,0,1,135" ten="250,250,250,250" oya="0" hai0="100,86,4,99,128,81,53,94,64,89,79,96,113" hai1="51,73,55,116,47,107,3,62,85,52,34,27,101" hai2="126,132,133,8,105,75,124,61,24,16,88,66,84" hai3="71,119,76,41,110,97,29,106,134,42,77,95,31"/><T7/><D113/><U30/><E73/><V15/><F105/><W74/><G119/><T122/><D122/><U87/><E116/><V114/><F75/><W83/><G110/><T20/><D128/><U102/><E3/><V28/><F114/><W68/><G134/><N who="2" m="51817" /><F61/><W80/><G106/><T92/><D64/><U115/><E115/><V93/><F66/><W90/><G31/><T127/><D127/><U6/><E6/><V22/><AGARI ba="0,0" hai="8,15,16,22,24,28,84,88,93,124,126" m="51817" machi="22" ten="30,8000,1" yaku="20,1,52,2,54,2" doraHai="135" who="2" fromWho="2" sc="250,-40,250,-20,250,80,250,-20" />
</Scene>
<Scene>
<INIT seed="1,0,0,3,3,32" ten="210,230,330,230" oya="1" hai0="120,3,2,84,116,92,24,88,67,124,90,111,78" hai1="71,112,80,65,48,94,51,62,35,34,10,17,125" hai2="86,27,91,4,29,18,11,82,109,21,132,70,44" hai3="45,118,31,66,105,129,107,55,85,69,7,60,117"/><U77/><E112/><V23/><F70/><W47/><G129/><T110/><D116/><N who="3" m="44649" /><G31/><T81/><D124/><U99/><E125/><V113/><F113/><W98/><G7/><T73/><D120/><U56/><E10/><V39/><F109/><N who="0" m="41482" /><D67/><U97/><E97/><V83/><F132/><W59/><G85/><N who="0" m="52303" /><D24/><U42/><E17/><V1/><F39/><W74/><G74/><T68/><D68/><U8/><E8/><V104/><F104/><N who="3" m="40011" /><G98/><T41/><D41/><U16/><E51/><AGARI ba="0,0" hai="45,47,51,55,59,60,66,69" m="40011,44649" machi="51" ten="30,1000,0" yaku="12,1" doraHai="32" who="3" fromWho="1" sc="210,0,230,-10,330,0,230,10" />
</Scene>
<Scene>
<INIT seed="2,0,0,2,4,118" ten="210,220,330,240" oya="2" hai0="87,21,89,7,40,113,99,4,106,72,111,0,41" hai1="127,1,56,11,79,17,108,35,126,6,70,93,42" hai2="13,63,122,75,81,117,121,10,20,125,61,12,134" hai3="76,48,29,69,84,59,37,44,38,58,3,43,82"/><V102/><F117/><W8/><G69/><T100/><D113/><U49/><E70/><V5/><F102/><W67/><G29/><T115/><D115/><U128/><E35/><V26/><F134/><W97/><G97/><T23/><D111/><U51/><E108/><V109/><F109/><W45/><G67/><T53/><D72/><U135/><E135/><V54/><F125/><W95/><G95/><T92/><D4/><U119/><E119/><V60/><F13/><W83/><G82/><T116/><D116/><U98/><E128/><V2/><F2/><W39/><G45/><T36/><D36/><U18/><E79/><V50/><F81/><W78/><G76/><T88/><D7/><U65/><E42/><V96/><F96/><W110/><G110/><T47/><D0/><U124/><E65/><V62/><N who="2" m="15360" /><DORA hai="133" /><V73/><F73/><W32/><G32/><T94/><D53/><N who="1" m="31791" /><E51/><V28/><REACH who="2" step="1"/><F75/><REACH who="2" ten="210,220,320,240" step="2"/><W105/><G105/><T71/><D71/><U55/><E55/><V19/><F19/><W33/><G3/><T22/><REACH who="0" step="1"/><D47/><AGARI ba="0,1" hai="5,10,12,20,26,28,47,50,54,121,122" m="15360" machi="47" ten="50,12000,1" yaku="1,1,52,2,53,1" doraHai="118,133" doraHaiUra="91,24" who="2" fromWho="0" sc="210,-120,220,0,320,130,240,0" />
</Scene>
<Scene>
<INIT seed="2,1,0,1,3,123" ten="90,220,450,240" oya="2" hai0="28,36,90,93,88,31,120,82,23,89,117,130,65" hai1="101,26,11,133,52,35,30,51,79,78,76,41,38" hai2="7,119,99,127,118,62,96,98,103,110,20,85,57" hai3="39,107,69,68,46,50,134,53,49,48,112,84,18"/><V1/><F127/><W125/><G107/><T124/><D120/><U97/><E133/><V111/><F103/><W106/><G106/><T22/><D36/><U67/><E38/><V21/><F85/><W25/><G134/><T54/><D124/><U34/><E41/><V73/><F73/><W9/><G125/><T135/><D135/><U43/><E43/><V8/><F21/><N who="0" m="7690" /><D130/><U5/><E34/><V4/><F4/><W3/><G112/><T104/><D104/><U131/><E131/><V66/><REACH who="2" step="1"/><F20/><REACH who="2" ten="90,220,440,240" step="2"/><W14/><G25/><T128/><D128/><U74/><E74/><V75/><F75/><W59/><G84/><T63/><D117/><AGARI ba="1,1" hai="1,7,8,57,62,66,96,98,99,110,111,117,118,119" machi="117" ten="50,9600,0" yaku="1,1,52,2,53,0" doraHai="123" doraHaiUra="86" who="2" fromWho="0" sc="90,-99,220,0,440,109,240,0" owari="-9,-51.0,220,-18.0,549,65.0,240,4.0" />
</Scene>
</mjloggm>