<mjloggm ver="2.3"><GO type="169" lobby="0"/><UN n0="%4D%61%72%6C%69%6E" n1="%E3%83%9A%E3%83%81%E3%83%A7%E3%83%BC%E3%83%AA%E3%83%B3" n2="%E3%83%AA%E3%82%B9%E3%83%83%E3%83%81" n3="%E5%A4%AA%E3%81%8F%E3%81%AA%E3%81%84%E3%81%8A" dan="16,17,16,18" rate="2102.95,2215.07,2013.89,2246.06" sx="M,M,F,F"/><TAIKYOKU oya="0"/>

<Scene>
<INIT seed="0,0,0,5,2,59" ten="250,250,250,250" oya="0" hai0="25,104,13,41,44,18,26,83,101,16,69,35,91" hai1="47,85,45,62,74,113,110,132,68,79,56,3,81" hai2="115,89,30,117,84,37,52,12,120,93,106,29,108" hai3="1,100,49,40,33,5,103,131,134,17,27,61,19"/><T43/><D69/><U2/><E68/><V57/><F106/><W36/><G36/><T48/><D43/><U73/><E110/><V23/><F37/><W21/><G33/><T105/><D18/><U114/><E132/><V88/><F115/><N who="1" m="44041" /><E47/><V65/><F65/><W58/><G134/><T82/><D35/><U128/><E45/><V96/><F120/><W127/><G127/><T55/><D41/><U119/><E119/><V34/><F34/><W50/><G131/><T76/><D104/><U7/><E128/><V38/><F38/><W8/><G40/><T125/><D125/><U80/><E7/><V87/><F108/><W135/><G135/><T10/><D105/><U24/><E24/><V130/><F130/><W124/><G124/><T11/><D101/><U32/><E32/><V53/><F117/><W126/><G126/><T63/><D10/><U121/><E121/><V70/><F70/><W95/><G100/><T51/><D51/><U54/><E74/><V42/><F42/><W64/><REACH who="3" step="1"/><G19/><REACH who="3" ten="250,250,250,240" step="2"/><T99/><D16/><U67/><E67/><V72/><F53/><W71/><G71/><T9/><D55/><U66/><E66/><V97/><F30/><W116/><G116/><T14/><D26/><U0/><E0/><V111/><F111/><W86/><G86/><T39/><D25/><U31/><E31/><V6/><F29/><W107/><G107/><T75/><D39/><U4/><E4/><V112/><F6/><W92/><G92/><T122/><D75/><U123/><E123/><V118/><F72/><W22/><G22/><T98/><D122/><RYUUKYOKU ba="0,1" sc="250,-15,250,15,250,-15,240,15" hai1="2,3,54,56,62,73,79,80,81,85" hai3="1,5,8,17,21,27,49,50,58,61,64,95,103" />
</Scene>
<Scene>
<INIT seed="1,1,1,1,0,68" ten="235,265,235,255" oya="1" hai0="32,102,103,15,78,63,67,70,92,116,30,81,52" hai1="123,18,65,133,115,51,128,62,80,129,124,50,105" hai2="108,46,8,132,58,1,118,104,21,135,130,14,11" hai3="47,114,77,54,17,34,107,9,119,106,12,112,4"/><U86/><E115/><V19/><F118/><W131/><G34/><T5/><D116/><U101/><E123/><V10/><F104/><W82/><G119/><T42/><D42/><U64/><E124/><V93/><F108/><W100/><G131/><N who="1" m="50250" /><E133/><N who="2" m="51275" /><F130/><W2/><G106/><T95/><D32/><U90/><E18/><V117/><F117/><W13/><G100/><T126/><D30/><U120/><E120/><V89/><F46/><W75/><G107/><T134/><D126/><U7/><E7/><N who="2" m="1135" /><F58/><W98/><G98/><AGARI ba="1,1" hai="10,11,14,19,21,89,93,98" m="1135,51275" machi="98" ten="30,1000,0" yaku="20,1" doraHai="68" who="2" fromWho="3" sc="235,0,265,0,235,23,255,-13" />
</Scene>
<Scene>
<INIT seed="2,0,0,1,0,102" ten="235,265,258,242" oya="2" hai0="76,56,28,87,83,33,34,82,95,80,0,103,108" hai1="133,3,120,65,2,21,44,51,58,122,1,55,27" hai2="22,17,48,114,121,63,59,111,75,45,105,129,88" hai3="90,35,68,47,31,71,123,92,36,104,119,113,118"/><V109/><F121/><W69/><G123/><T54/><D0/><U19/><REACH who="1" step="1"/><E133/><REACH who="1" ten="235,255,258,242" step="2"/><V110/><F114/><W94/><G113/><T18/><D108/><U12/><E12/><N who="2" m="9511" /><F75/><W8/><G119/><T38/><D34/><U57/><E57/><V10/><F129/><W14/><G118/><T52/><D33/><U11/><E11/><V81/><F10/><W29/><G35/><T116/><D56/><U101/><E101/><V4/><F4/><W125/><G14/><T53/><D103/><U41/><E41/><N who="2" m="24623" /><F105/><W84/><G104/><T72/><D72/><U5/><E5/><V97/><F81/><W112/><G8/><T6/><D82/><U42/><E42/><V130/><F130/><W13/><G112/><T40/><D83/><U85/><E85/><V67/><F97/><W20/><G84/><T70/><D80/><U46/><E46/><V9/><F9/><W100/><G47/><T32/><D87/><U16/><E16/><V24/><F24/><W26/><G26/><T107/><D18/><U91/><E91/><AGARI ba="0,1" hai="59,63,67,88,91,109,110,111" m="24623,9511" machi="91" ten="30,5800,0" yaku="14,1,10,1,54,1" doraHai="102" who="2" fromWho="1" sc="235,0,255,-58,258,68,242,0" />
</Scene>
<Scene>
<INIT seed="2,1,0,3,4,96" ten="235,197,326,242" oya="2" hai0="68,51,30,25,41,48,132,19,70,83,20,104,111" hai1="67,95,133,18,120,116,7,8,110,78,3,55,112" hai2="13,66,63,82,77,103,98,79,62,94,91,117,97" hai3="126,14,124,36,45,39,46,11,75,81,105,29,125"/><V86/><F117/><W32/><G105/><T17/><D111/><U9/><E116/><V65/><F13/><W102/><G32/><T6/><D132/><U56/><E112/><V89/><F63/><W64/><G29/><T42/><D104/><U128/><E110/><V35/><F35/><W134/><G64/><T73/><D6/><U69/><E78/><V10/><F10/><W115/><G134/><T76/><D17/><U100/><E69/><V80/><F66/><W37/><G115/><T34/><D51/><U71/><E67/><V127/><F127/><W113/><G113/><T24/><REACH who="0" step="1"/><D48/><REACH who="0" ten="225,197,326,242" step="2"/><U49/><E18/><V2/><F2/><W99/><G37/><T38/><D38/><U101/><E49/><V26/><F26/><W60/><G39/><T123/><D123/><U107/><E7/><V61/><F61/><W130/><G36/><T131/><D131/><U43/><E107/><N who="2" m="63991" /><F62/><W0/><G60/><T33/><D33/><U108/><E108/><V40/><F65/><W93/><G130/><T129/><D129/><U118/><E133/><V16/><F16/><N who="3" m="8287" /><G0/><T47/><D47/><U44/><E44/><V84/><F40/><AGARI ba="1,1" hai="19,20,24,25,30,34,40,41,42,68,70,73,76,83" machi="40" ten="40,1300,0" yaku="1,1,53,0" doraHai="96" doraHaiUra="119" who="0" fromWho="2" sc="225,26,197,0,326,-16,242,0" />
</Scene>
<Scene>
<INIT seed="3,0,0,3,5,57" ten="251,197,310,242" oya="3" hai0="68,92,3,44,65,32,134,29,95,64,25,10,81" hai1="39,9,4,22,24,27,89,61,18,20,42,94,97" hai2="16,107,87,132,133,113,56,60,26,58,106,74,90" hai3="129,34,82,59,99,38,126,102,19,86,1,50,131"/><W55/><G38/><T53/><D134/><N who="2" m="51818" /><F74/><W15/><G1/><T120/><D120/><U14/><E39/><V75/><F75/><W108/><G34/><T88/><D81/><U70/><E42/><V63/><F58/><W17/><G126/><T98/><D68/><U91/><E70/><V8/><F56/><W85/><G108/><T36/><D36/><U54/><E54/><V100/><F113/><W104/><G85/><T114/><D114/><U21/><E61/><N who="2" m="23627" /><F100/><W121/><G121/><T5/><D44/><U51/><E51/><V49/><F49/><W111/><G111/><T62/><D53/><U76/><E76/><V48/><F48/><W80/><G50/><T23/><D62/><U78/><E78/><V105/><F26/><N who="1" m="9769" /><E4/><V43/><F43/><W35/><G55/><T103/><D32/><U117/><E117/><V41/><F41/><W83/><G35/><T101/><D101/><AGARI ba="0,0" hai="9,14,18,20,21,22,89,91,94,97,101" m="9769" machi="101" ten="30,1000,0" yaku="8,1" doraHai="57" who="1" fromWho="0" sc="251,-10,197,10,310,0,242,0" />
</Scene>
<Scene>
<INIT seed="4,0,0,1,5,52" ten="241,207,310,242" oya="0" hai0="80,17,62,6,65,82,133,74,114,104,0,63,34" hai1="135,131,83,115,67,45,120,33,18,112,99,44,41" hai2="7,27,132,134,101,128,16,59,51,28,96,54,116" hai3="43,10,13,72,15,21,25,53,11,46,20,55,12"/><T110/><D104/><U1/><E120/><V130/><F7/><W106/><G72/><T91/><D34/><U58/><E33/><N who="2" m="20639" /><F16/><W103/><G106/><T125/><D114/><N who="1" m="43563" /><E1/><V81/><F81/><W90/><G103/><T49/><D49/><U73/><E135/><N who="2" m="51755" /><F116/><W50/><G90/><T19/><D6/><U113/><E131/><V85/><F85/><W100/><G100/><T61/><D0/><U31/><E31/><V48/><F48/><W127/><G127/><T37/><D125/><U88/><E113/><V87/><F87/><W24/><G10/><T47/><D133/><U29/><E29/><V122/><F122/><W93/><G11/><T76/><D65/><U95/><E18/><V32/><F32/><W35/><G35/><T39/><D110/><U38/><E45/><V42/><F42/><W117/><G117/><T86/><REACH who="0" step="1"/><D39/><REACH who="0" ten="231,207,310,242" step="2"/><U111/><E111/><V56/><F128/><W126/><G126/><T129/><D129/><U70/><E38/><V89/><F130/><W124/><G124/><T4/><D4/><U30/><E67/><V8/><F51/><W71/><G50/><T66/><D66/><U68/><E68/><V3/><F54/><W107/><G71/><T109/><D109/><U75/><E70/><V9/><F3/><W102/><G53/><T97/><D97/><U98/><E99/><V123/><F123/><W23/><G55/><T69/><D69/><U5/><E98/><V36/><F36/><N who="3" m="21863" /><G107/><T22/><D22/><U118/><E118/><V121/><F121/><W40/><G40/><AGARI ba="0,1" hai="17,19,37,40,47,61,62,63,74,76,80,82,86,91" machi="40" ten="40,7700,0" yaku="1,1,53,2" doraHai="52" doraHaiUra="78" who="0" fromWho="3" sc="231,87,207,0,310,0,242,-77" />
</Scene>
<Scene>
<INIT seed="4,1,0,1,0,132" ten="318,207,310,165" oya="0" hai0="135,93,95,105,57,96,100,119,52,29,26,80,90" hai1="33,91,23,122,28,63,74,66,9,108,18,5,21" hai2="98,61,64,36,83,104,115,62,39,111,124,45,25" hai3="40,10,43,37,42,79,99,103,13,113,69,8,101"/><T134/><D80/><U54/><E108/><V81/><F111/><W129/><G69/><T107/><D119/><U114/><E74/><V50/><F25/><W131/><G37/><T106/><D93/><U22/><E122/><V58/><F36/><W2/><G113/><T65/><D65/><U133/><E133/><N who="0" m="50697" /><D26/><U24/><E114/><V4/><F39/><W121/><G121/><T110/><D29/><U49/><E91/><V0/><F0/><W53/><G79/><T71/><D71/><U89/><E89/><V87/><F4/><W38/><G38/><T55/><D110/><U44/><E18/><V32/><F32/><W127/><G101/><T70/><D70/><U73/><E73/><V76/><F98/><W48/><G103/><T125/><D125/><U7/><REACH who="1" step="1"/><E9/><REACH who="1" ten="318,197,310,165" step="2"/><V88/><F88/><W20/><G8/><T47/><D90/><U35/><E35/><V118/><F76/><W60/><G10/><T84/><D84/><U41/><E41/><V123/><F87/><W86/><G42/><T16/><D16/><U31/><E31/><V34/><F34/><W67/><G43/><T59/><D47/><U97/><E97/><V102/><F45/><W11/><G99/><T75/><D75/><U120/><E120/><V12/><F123/><W109/><G109/><T78/><D78/><U82/><E82/><V116/><F83/><W128/><G86/><T126/><D96/><U72/><E72/><V117/><F115/><W112/><G112/><T19/><D19/><U68/><AGARI ba="1,1" hai="5,7,21,22,23,24,28,33,44,49,54,63,66,68" machi="68" ten="30,4000,0" yaku="1,1,0,1,53,1" doraHai="132" doraHaiUra="46" who="1" fromWho="1" sc="318,-21,197,53,310,-11,165,-11" />
</Scene>
<Scene>
<INIT seed="5,0,0,1,0,30" ten="297,250,299,154" oya="1" hai0="64,9,0,52,110,92,70,37,14,109,61,111,24" hai1="135,10,39,79,63,62,117,134,25,21,129,56,11" hai2="16,38,93,120,3,99,53,74,71,46,42,125,90" hai3="5,75,48,15,28,81,97,2,105,86,107,113,103"/><U114/><E39/><V88/><F120/><W132/><G2/><T123/><D123/><U72/><E117/><V49/><F74/><W32/><G75/><T121/><D121/><U100/><E100/><V124/><F71/><W115/><G132/><N who="1" m="50730" /><E114/><N who="3" m="43530" /><G48/><T78/><D37/><U20/><E129/><V43/><F3/><W73/><G73/><T69/><D0/><U18/><E63/><V82/><F82/><W83/><G107/><T19/><D78/><U51/><E51/><V104/><F104/><W126/><G126/><N who="2" m="48745" /><F90/><W6/><G15/><T87/><D24/><N who="1" m="14359" /><E79/><V65/><F65/><W40/><G40/><T44/><D70/><U68/><E68/><V22/><F38/><W96/><G96/><T31/><D109/><U128/><E128/><V34/><F34/><W94/><G105/><T131/><D131/><U17/><E72/><V76/><F76/><N who="3" m="46375" /><G83/><T27/><D110/><U13/><E13/><AGARI ba="0,0" hai="13,16,22,42,43,46,49,53,88,93,99" m="48745" machi="13" ten="30,3900,0" yaku="18,1,54,2" doraHai="30" who="2" fromWho="1" sc="297,0,250,-39,299,39,154,0" />
</Scene>
<Scene>
<INIT seed="6,0,0,1,2,46" ten="297,211,338,154" oya="2" hai0="49,99,35,56,131,76,89,118,71,103,24,9,16" hai1="132,120,72,30,113,67,115,41,8,128,100,63,10" hai2="52,31,121,61,13,70,40,21,88,29,75,28,20" hai3="109,133,111,81,4,22,83,92,96,119,125,129,84"/><V79/><F40/><W126/><G4/><T36/><D36/><U15/><E72/><V26/><F79/><N who="3" m="46143" /><G22/><T80/><D71/><U11/><E120/><V32/><F75/><W112/><G119/><T38/><D38/><U64/><E41/><V102/><F102/><N who="3" m="60679" /><G83/><T33/><D118/><U34/><E34/><V94/><F32/><W14/><G14/><T107/><D80/><U108/><E30/><N who="2" m="11883" /><F70/><W3/><G3/><T124/><D33/><U65/><E15/><V87/><F121/><W69/><G69/><T117/><D35/><U48/><E10/><V39/><F39/><W0/><G0/><T82/><D9/><U85/><E8/><V74/><F74/><W44/><G44/><T68/><D68/><U95/><E11/><V106/><F106/><W58/><G58/><T2/><D107/><U66/><E108/><N who="3" m="41546" /><G133/><T122/><D56/><U42/><E42/><V114/><F21/><W127/><G129/><T18/><D2/><U77/><E128/><V134/><F13/><W53/><G53/><T1/><D1/><U116/><E65/><V130/><F130/><W135/><G135/><T54/><D54/><U86/><E66/><V104/><F52/><W51/><G51/><T93/><D49/><U25/><E48/><V97/><F134/><W7/><G7/><T98/><D131/><U105/><E67/><V23/><F23/><W91/><G112/><T57/><D117/><U101/><E116/><V123/><F114/><W6/><G6/><T62/><D82/><U45/><E115/><V73/><F31/><W50/><G50/><T12/><D12/><RYUUKYOKU ba="0,0" sc="297,-10,211,-10,338,-10,154,30" hai3="91,125,126,127" />
</Scene>
<Scene>
<INIT seed="7,1,0,0,4,28" ten="287,201,328,184" oya="3" hai0="75,6,133,22,55,27,56,69,135,122,65,17,121" hai1="4,47,128,81,36,66,97,35,107,70,7,33,11" hai2="106,120,85,104,71,134,89,116,126,60,129,83,123" hai3="26,93,112,0,98,77,124,127,94,61,41,59,119"/><W5/><G119/><T110/><D110/><U86/><E4/><V108/><F108/><W92/><G112/><T14/><D75/><U54/><E128/><V99/><F129/><W63/><G77/><T132/><D65/><U125/><E125/><N who="3" m="48202" /><G41/><T50/><D69/><U76/><E66/><N who="2" m="41415" /><F116/><W84/><G84/><T46/><D46/><U118/><E70/><V21/><F21/><W115/><G115/><T68/><D68/><U100/><E118/><V20/><F20/><W67/><G61/><T64/><D64/><U113/><E113/><V30/><F30/><W51/><G51/><T58/><D58/><U80/><E80/><V8/><F8/><AGARI ba="1,0" hai="6,8,14,17,22,27,50,55,56,121,122,132,133,135" machi="8" ten="40,1300,0" yaku="20,1" doraHai="28" who="0" fromWho="2" sc="287,16,201,0,328,-16,184,0" owari="303,10.0,201,-20.0,312,42.0,184,-32.0" />
</Scene>
</mjloggm>