<mjloggm ver="2.3"><GO type="97"/><UN n0="%E5%B8%B8%E5%A4%8F%E3%83%91%E3%82%A4%E5%8A%A9" n1="%E5%A4%AA%E3%81%8F%E3%81%AA%E3%81%84%E3%81%8A" n2="%E3%81%94%E3%81%A3%E3%81%A4%EF%BC%A0%E3%82%AA%E3%83%AA" n3="%4D%69%6B%61" dan="14,14,14,14" rate="1956,2041,1865,1891" sx="M,M,M,F"/><TAIKYOKU oya="0"/>

<Scene>
<INIT seed="0,0,0,2,2,15" ten="250,250,250,250" oya="0" hai0="134,30,40,110,85,70,58,49,45,92,94,50,68" hai1="24,0,33,3,131,84,133,132,98,54,19,1,11" hai2="38,44,117,89,8,65,100,26,103,118,109,64,86" hai3="61,37,125,39,106,130,6,42,113,34,71,112,73"/><T4/><D134/><N who="1" m="51819" /><E98/><V102/><F109/><W36/><G106/><T25/><D110/><U14/><E84/><V2/><F26/><W9/><G73/><T47/><D4/><N who="1" m="1439" /><E54/><V16/><F2/><W32/><G130/><T120/><D120/><U57/><E57/><V75/><F75/><W5/><G5/><T22/><D58/><U129/><E1/><V115/><F115/><W56/><G125/><T59/><D59/><U121/><E0/><V7/><F7/><W12/><G71/><T83/><D70/><U69/><E69/><V66/><F38/><W46/><G113/><T10/><D68/><U17/><E121/><V116/><F44/><W76/><G112/><T107/><D107/><U105/><E105/><V124/><F124/><W88/><G76/><N who="0" m="46311" /><D10/><N who="1" m="6359" /><E19/><V77/><F77/><W93/><G37/><T104/><D104/><U53/><E53/><AGARI ba="0,0" hai="22,25,30,40,45,47,49,50,53,92,94" m="46311" machi="53" ten="30,1500,0" yaku="8,1" doraHai="15" who="0" fromWho="1" sc="250,15,250,-15,250,0,250,0" />
</Scene>
<Scene>
<INIT seed="0,1,0,1,2,116" ten="265,235,250,250" oya="0" hai0="73,85,28,99,98,18,77,106,107,48,75,79,15" hai1="49,102,87,25,14,135,59,95,61,60,92,43,17" hai2="119,72,13,81,3,88,62,31,89,70,93,7,105" hai3="50,55,91,80,94,41,29,35,63,19,45,42,127"/><T131/><D28/><U76/><E135/><V117/><F105/><N who="0" m="39946" /><D48/><U58/><E25/><V69/><F3/><W126/><G80/><N who="0" m="47247" /><D18/><U38/><E38/><V129/><F31/><W5/><G5/><T23/><D23/><U103/><E76/><V123/><F129/><W108/><G29/><T24/><D24/><U51/><E87/><N who="2" m="50287" /><F72/><N who="0" m="27722" /><D15/><U104/><E104/><V118/><F13/><W36/><G35/><T0/><D0/><U100/><E43/><V82/><F7/><W16/><G42/><T9/><D9/><U97/><E51/><V84/><F62/><N who="1" m="24169" /><E95/><V74/><F69/><W40/><G63/><T1/><D1/><U67/><E67/><V86/><F70/><W30/><G41/><T83/><D131/><U57/><E49/><V101/><F74/><AGARI ba="1,0" hai="74,79,83,98,99" m="27722,47247,39946" machi="74" ten="30,12000,1" yaku="35,5" doraHai="116" who="0" fromWho="2" sc="265,123,235,0,250,-123,250,0" />
</Scene>
<Scene>
<INIT seed="0,2,0,4,3,43" ten="388,235,127,250" oya="0" hai0="1,113,95,16,21,120,38,35,60,87,33,55,14" hai1="11,19,58,12,15,68,108,96,112,77,40,61,75" hai2="5,65,59,111,47,125,63,98,49,53,134,20,92" hai3="27,116,93,8,25,100,83,36,45,51,23,126,81"/><T0/><D120/><U124/><E108/><V133/><F111/><W103/><G116/><T29/><D113/><U114/><E124/><V78/><F78/><W102/><G36/><T118/><D118/><U6/><E68/><V109/><F109/><W105/><G126/><T37/><D1/><U66/><E40/><V86/><F5/><W22/><G105/><T127/><D0/><U50/><E50/><V123/><F123/><W7/><G93/><T119/><D127/><U97/><E77/><V10/><F10/><W129/><G129/><T130/><D130/><U107/><E75/><V18/><F86/><W34/><G34/><T52/><D119/><U62/><E62/><V128/><F125/><W70/><G70/><T67/><D38/><U69/><E69/><V88/><REACH who="2" step="1"/><F128/><REACH who="2" ten="388,235,117,250" step="2"/><W84/><G8/><T72/><D87/><U110/><E110/><V71/><F71/><W41/><G7/><T115/><D72/><U117/><E117/><V94/><F94/><W4/><G4/><T76/><D95/><U122/><E122/><V56/><F56/><W28/><REACH who="3" step="1"/><G84/><REACH who="3" ten="388,235,117,240" step="2"/><T3/><D3/><U131/><E131/><V121/><F121/><W79/><G79/><T64/><D76/><U13/><E107/><V89/><F89/><W135/><G135/><T30/><D115/><N who="1" m="44075" /><E6/><V26/><AGARI ba="2,2" hai="18,20,26,47,49,53,59,63,65,88,92,98,133,134" machi="26" ten="30,8000,1" yaku="1,1,0,1,52,1,54,1,53,1" doraHai="43" doraHaiUra="44" who="2" fromWho="2" sc="388,-42,235,-22,117,106,240,-22" />
</Scene>
<Scene>
<INIT seed="1,0,0,4,0,3" ten="346,213,223,218" oya="1" hai0="12,120,27,103,18,9,67,59,119,78,24,36,65" hai1="128,51,134,83,95,135,69,71,46,63,37,16,100" hai2="31,126,26,99,19,107,125,58,106,38,56,44,114" hai3="97,76,64,132,1,42,48,40,123,41,85,88,109"/><U17/><E37/><V93/><F114/><W121/><G1/><T11/><D119/><U52/><E128/><V90/><F19/><N who="1" m="7241" /><E83/><V73/><F73/><W34/><G109/><T50/><D36/><U79/><E79/><V15/><F15/><W80/><G34/><T60/><D120/><U49/><E63/><V21/><F38/><W127/><G132/><N who="1" m="50730" /><E51/><V84/><F44/><W86/><G127/><N who="2" m="48649" /><F99/><AGARI ba="0,0" hai="46,49,52,69,71,95,99,100" m="50730,7241" machi="99" ten="30,5800,0" yaku="20,1,54,2" doraHai="3" who="1" fromWho="2" sc="346,0,213,58,223,-58,218,0" />
</Scene>
<Scene>
<INIT seed="1,1,0,2,0,112" ten="346,271,165,218" oya="1" hai0="128,62,68,3,81,79,123,65,46,118,9,7,86" hai1="121,105,78,75,22,125,90,95,96,16,132,94,38" hai2="17,113,14,18,106,25,56,39,72,120,44,28,11" hai3="43,109,127,30,126,37,101,54,53,135,74,45,85"/><U57/><E121/><V93/><F106/><W130/><G74/><T36/><D123/><U131/><E38/><V61/><F72/><W19/><G101/><T84/><D128/><U33/><E33/><V47/><F120/><W50/><G130/><T82/><D118/><U116/><E131/><V73/><F73/><W70/><G30/><T76/><D36/><U77/><E116/><V87/><F113/><W64/><G85/><T89/><D46/><U8/><E125/><N who="3" m="47626" /><G19/><T12/><REACH who="0" step="1"/><D3/><REACH who="0" ten="336,271,165,218" step="2"/><U59/><E132/><V66/><F39/><W110/><G135/><T29/><D29/><U20/><E75/><V102/><F47/><W111/><G37/><T134/><D134/><U63/><E105/><V32/><F44/><W15/><G15/><T24/><D24/><U48/><E78/><AGARI ba="1,1" hai="7,9,12,62,65,68,76,78,79,81,82,84,86,89" machi="78" ten="30,2000,0" yaku="1,1,7,1,53,0" doraHai="112" doraHaiUra="99" who="0" fromWho="1" sc="336,33,271,-23,165,0,218,0" />
</Scene>
<Scene>
<INIT seed="2,0,0,5,0,101" ten="369,248,165,218" oya="2" hai0="9,107,121,12,30,130,52,70,91,51,123,102,7" hai1="10,86,90,110,5,113,81,76,38,53,19,17,59" hai2="41,79,135,129,37,64,33,3,112,85,60,93,111" hai3="6,65,23,35,133,20,131,54,68,14,58,71,34"/><V83/><F112/><W69/><G131/><T44/><D70/><U42/><E113/><V72/><F33/><W49/><G133/><T46/><D130/><U29/><E110/><V100/><F129/><W31/><G23/><T119/><D119/><U105/><E105/><V82/><F135/><W92/><G65/><T22/><D91/><U108/><E108/><V21/><F3/><W97/><G6/><T0/><D107/><U50/><E29/><V99/><F111/><W128/><G128/><T57/><D102/><U61/><E38/><V27/><F41/><W134/><G134/><T32/><D46/><N who="1" m="25943" /><E90/><V16/><F37/><W114/><G114/><T36/><D36/><U67/><E53/><V77/><F72/><W66/><G66/><T124/><D124/><U80/><E80/><V24/><F24/><W25/><REACH who="3" step="1"/><G14/><AGARI ba="0,0" hai="5,10,14,17,19,59,61,67,76,81,86" m="25943" machi="14" ten="30,2000,0" yaku="25,1,8,1" doraHai="101" who="1" fromWho="3" sc="369,0,248,20,165,0,218,-20" />
</Scene>
<Scene>
<INIT seed="3,0,0,4,1,112" ten="369,268,165,198" oya="3" hai0="88,124,43,49,30,87,116,3,120,102,131,61,42" hai1="98,78,121,26,6,103,58,133,91,100,107,80,19" hai2="55,125,68,22,11,70,56,1,21,23,115,45,101" hai3="29,37,99,34,135,90,25,18,117,134,81,33,7"/><W92/><G37/><T77/><D3/><U111/><E121/><V50/><F115/><W106/><G7/><T39/><D39/><U65/><E111/><V31/><F125/><W28/><G106/><T62/><D120/><U27/><E133/><N who="3" m="50698" /><G117/><T20/><D116/><U47/><E6/><V15/><F1/><W8/><G8/><T83/><D124/><U40/><E100/><V71/><F101/><W53/><G53/><T129/><D102/><U48/><E91/><V128/><F128/><N who="0" m="49226" /><D49/><U114/><E114/><V10/><F31/><N who="3" m="11851" /><G81/><T44/><D43/><U86/><E19/><V52/><REACH who="2" step="1"/><F15/><REACH who="2" ten="369,268,155,198" step="2"/><W66/><G66/><T127/><D127/><U64/><E65/><V126/><F126/><W63/><G63/><AGARI ba="0,1" hai="10,11,21,22,23,45,50,52,55,56,63,68,70,71" machi="63" ten="50,3200,0" yaku="1,1,54,1,53,0" doraHai="112" doraHaiUra="74" who="2" fromWho="3" sc="369,0,268,0,155,42,198,-32" owari="369,46.0,268,7.0,197,-20.0,166,-33.0" />
</Scene>
</mjloggm>