<mjloggm ver="2.3"><GO type="169"/><UN n0="%E3%81%92%E3%82%93%E3%81%9F%E3%82%8D" n1="%E3%81%84%E3%81%A1%E3%81%8B%E3%82%8F%E2%99%AA" n2="%E3%83%8C%E3%83%A1%E3%83%AA%E3%83%83%E3%82%AF" n3="%E5%A4%AA%E3%81%8F%E3%81%AA%E3%81%84%E3%81%8A" dan="16,17,16,18" rate="2137,2158,2034,2161" sx="M,M,M,M"/><TAIKYOKU oya="0"/>

<Scene>
<INIT seed="0,0,0,5,3,116" ten="250,250,250,250" oya="0" hai0="56,3,0,98,124,17,9,86,39,109,40,88,45" hai1="84,92,115,44,52,22,31,65,47,89,82,123,129" hai2="29,67,113,48,78,51,35,110,5,69,76,15,7" hai3="127,77,114,19,21,27,130,58,61,68,60,104,120"/><T100/><D124/><U59/><E123/><V135/><F113/><W62/><G104/><T18/><D109/><U37/><E129/><V53/><F110/><W33/><G114/><T97/><D56/><U125/><E115/><V85/><F135/><W24/><G130/><T11/><D11/><U75/><E125/><V81/><F78/><W73/><G127/><T57/><D57/><U30/><E65/><V103/><F103/><W112/><G112/><T14/><D18/><U79/><E37/><V13/><F29/><W55/><G68/><T49/><D39/><U106/><E106/><V133/><F35/><W43/><G43/><T6/><D6/><U94/><E92/><V34/><F34/><W132/><G132/><T121/><D121/><U64/><E64/><V71/><F133/><W54/><G120/><T117/><D117/><U91/><E91/><V72/><F72/><W66/><G33/><T2/><REACH who="0" step="1"/><D100/><REACH who="0" ten="240,250,250,250" step="2"/><U80/><E31/><V101/><F101/><W41/><G19/><T95/><AGARI ba="0,1" hai="0,2,3,9,14,17,40,45,49,86,88,95,97,98" machi="95" ten="30,11700,0" yaku="1,1,2,1,0,1,54,1,53,0" doraHai="116" doraHaiUra="111" who="0" fromWho="0" sc="240,127,250,-39,250,-39,250,-39" />
</Scene>
<Scene>
<INIT seed="0,1,0,5,3,59" ten="367,211,211,211" oya="0" hai0="115,116,127,124,31,58,81,85,17,108,101,133,21" hai1="123,23,64,109,44,88,126,57,134,9,76,82,61" hai2="54,67,34,24,63,13,30,16,120,56,118,41,46" hai3="75,114,8,98,15,0,18,65,10,60,38,90,89"/><T112/><D116/><U77/><E123/><V73/><F120/><W37/><G75/><T4/><D101/><U132/><E109/><V83/><F118/><W128/><G114/><T3/><D133/><N who="1" m="51307" /><E9/><V78/><F67/><W95/><G128/><T71/><D71/><U103/><E103/><V22/><F41/><W135/><G135/><T62/><D31/><U2/><E2/><V96/><F96/><W110/><G110/><T129/><D4/><U105/><E105/><V50/><REACH who="2" step="1"/><F46/><REACH who="2" ten="367,211,201,211" step="2"/><W93/><G0/><T43/><D3/><U14/><E44/><V55/><F55/><W125/><G125/><N who="0" m="48203" /><D43/><U39/><E126/><V102/><F102/><W79/><G98/><T36/><D108/><U130/><E130/><V45/><F45/><W107/><G65/><N who="0" m="39127" /><D129/><U27/><E39/><V52/><F52/><W53/><G53/><T11/><D36/><U20/><E64/><V5/><F5/><W122/><G122/><T68/><D68/><U106/><E57/><V74/><F74/><W113/><G38/><T69/><D69/><U66/><E66/><V84/><F84/><W47/><G37/><T70/><D70/><U33/><E61/><AGARI ba="1,1" hai="13,16,22,24,30,34,50,54,56,61,63,73,78,83" machi="61" ten="40,8000,1" yaku="1,1,52,2,54,1,53,1" doraHai="59" doraHaiUra="104" who="2" fromWho="1" sc="367,0,211,-83,201,93,211,0" />
</Scene>
<Scene>
<INIT seed="1,0,0,4,5,6" ten="367,128,294,211" oya="1" hai0="39,126,36,51,59,125,134,102,84,87,121,27,112" hai1="90,74,101,124,79,62,31,105,133,54,99,110,118" hai2="88,127,117,12,18,114,116,98,129,67,24,100,44" hai3="135,57,23,128,48,13,14,131,34,15,66,107,58"/><U35/><E118/><V3/><F3/><W43/><G34/><T77/><D112/><U4/><E133/><V32/><F114/><W55/><G107/><T130/><D102/><U108/><E124/><V10/><F127/><W26/><G135/><T42/><D121/><U7/><E90/><V78/><F129/><N who="3" m="49739" /><G43/><T89/><D130/><U64/><E54/><V37/><F78/><W1/><G1/><T65/><D77/><U47/><E47/><V109/><F67/><W97/><G97/><T33/><D65/><U122/><E122/><V30/><F109/><N who="1" m="42089" /><E79/><V119/><F37/><W120/><G120/><T28/><D39/><U29/><E74/><V8/><F44/><N who="3" m="28039" /><G66/><T50/><D36/><U17/><E17/><AGARI ba="0,0" hai="13,14,15,17,23,26,57,58" m="28039,49739" machi="17" ten="30,1000,0" yaku="19,1" doraHai="6" who="3" fromWho="1" sc="367,0,128,-10,294,0,211,10" />
</Scene>
<Scene>
<INIT seed="2,0,0,3,1,98" ten="367,118,294,221" oya="2" hai0="12,40,3,23,58,117,109,135,13,28,130,4,121" hai1="0,22,48,101,1,31,17,113,87,126,50,133,85" hai2="110,42,88,5,127,64,41,25,93,104,2,84,37" hai3="56,122,68,96,66,65,43,6,34,115,97,18,38"/><V70/><F127/><W82/><G122/><T32/><D121/><U47/><E126/><V63/><F104/><W132/><G34/><T119/><D40/><U74/><E74/><V57/><F110/><W15/><G68/><T111/><D58/><U77/><E133/><V19/><F37/><W8/><G132/><T114/><D135/><U92/><E113/><V54/><F5/><W90/><G115/><T11/><D114/><U100/><E31/><V123/><F2/><W21/><G38/><T62/><D62/><U16/><E92/><V59/><F123/><W9/><G43/><T72/><D72/><U26/><E77/><V44/><F44/><W55/><G97/><T108/><D130/><U105/><E22/><N who="2" m="13535" /><F70/><W33/><G33/><T120/><D120/><U29/><E26/><V49/><AGARI ba="0,0" hai="41,42,49,54,57,59,63,64,84,88,93" m="13535" machi="49" ten="30,3000,0" yaku="8,1,54,1" doraHai="98" who="2" fromWho="2" sc="367,-10,118,-10,294,30,221,-10" />
</Scene>
<Scene>
<INIT seed="2,1,0,2,3,86" ten="357,108,324,211" oya="2" hai0="31,89,128,80,87,99,88,74,18,110,40,109,56" hai1="25,54,8,47,108,68,35,72,34,30,53,69,98" hai2="26,76,78,60,71,5,44,82,83,94,63,125,100" hai3="32,130,59,131,7,12,16,50,1,81,22,17,70"/><V84/><F125/><W112/><G70/><T39/><D31/><U61/><E72/><V127/><F127/><W62/><G32/><T46/><D74/><U106/><E108/><N who="0" m="41577" /><D128/><N who="3" m="49193" /><G112/><T19/><D56/><U115/><E115/><V85/><F5/><W49/><G81/><T13/><D13/><U23/><E8/><V101/><F71/><W4/><G17/><T126/><D126/><U92/><E106/><V65/><F65/><N who="3" m="39135" /><G4/><T121/><D121/><U118/><E118/><V57/><F57/><W104/><G104/><T52/><D52/><U96/><E47/><V11/><F44/><W58/><G58/><T28/><D28/><U29/><E92/><AGARI ba="1,0" hai="18,19,39,40,46,80,87,88,89,92,99" m="41577" machi="92" ten="30,7700,0" yaku="14,1,52,2,54,1" doraHai="86" who="0" fromWho="1" sc="357,80,108,-80,324,0,211,0" />
</Scene>
<Scene>
<INIT seed="3,0,0,2,1,4" ten="437,28,324,211" oya="3" hai0="64,0,123,116,83,18,112,7,54,80,39,68,125" hai1="62,53,73,71,20,42,36,43,67,51,44,106,10" hai2="122,111,85,97,25,24,29,60,102,119,92,124,94" hai3="107,88,27,47,21,91,40,56,128,77,103,81,90"/><W117/><G117/><T105/><D105/><U113/><E73/><V22/><F119/><W48/><G128/><T57/><D39/><N who="1" m="21599" /><E10/><V38/><F38/><W32/><G32/><T50/><D68/><U41/><E20/><V45/><F122/><W99/><G56/><T76/><D64/><U35/><E113/><V65/><F45/><W14/><G14/><T98/><D123/><U120/><E35/><V13/><F124/><W115/><G115/><T121/><D121/><U74/><E74/><V104/><F111/><W75/><REACH who="3" step="1"/><G90/><REACH who="3" ten="437,28,324,201" step="2"/><T9/><D116/><U101/><E101/><V55/><F13/><W30/><AGARI ba="0,1" hai="21,27,30,40,47,48,75,77,81,88,91,99,103,107" machi="30" ten="20,12000,1" yaku="1,1,2,1,0,1,7,1,54,1,53,0" doraHai="4" doraHaiUra="63" who="3" fromWho="3" sc="437,-40,28,-40,324,-40,201,130" owari="397,50.0,-12,-51.0,284,-12.0,331,13.0" />
</Scene>
</mjloggm>