<mjloggm ver="2.3"><GO type="225"/><UN n0="%E5%A4%AA%E3%81%8F%E3%81%AA%E3%81%84%E3%81%8A" n1="%39%31%37" n2="%45%53%46%E9%BE%8D%E6%B5%B7" n3="%4B%69%53%68%69%6D%40" dan="16,16,16,16" rate="2079,2029,2077,2047" sx="M,M,F,M"/><TAIKYOKU oya="0"/>

<Scene>
<INIT seed="0,0,0,5,5,31" ten="250,250,250,250" oya="0" hai0="32,109,17,81,24,104,26,54,118,95,97,11,111" hai1="15,74,65,122,66,18,86,91,38,133,129,115,78" hai2="25,41,19,29,105,7,108,114,4,50,76,27,83" hai3="5,117,127,10,113,103,79,85,49,34,128,125,58"/><T40/><D118/><U42/><E122/><V93/><F105/><W73/><G117/><T55/><D104/><U51/><E129/><V72/><F114/><W77/><G113/><T110/><D40/><U23/><E115/><V59/><F108/><W46/><G73/><T89/><D81/><N who="1" m="47415" /><E38/><V9/><F93/><W33/><G128/><T87/><D87/><U99/><E74/><V60/><F50/><W53/><G103/><T56/><D32/><N who="3" m="12393" /><G46/><T20/><D11/><U90/><E133/><V119/><F41/><W107/><G85/><T92/><D92/><N who="1" m="56727" /><E91/><V12/><F119/><W47/><G107/><T120/><D120/><U135/><E135/><V44/><F44/><AGARI ba="0,0" hai="15,18,23,42,44,51,65,66" m="56727,47415" machi="44" ten="30,1000,0" yaku="8,1" doraHai="31" who="1" fromWho="2" sc="250,0,250,10,250,-10,250,0" />
</Scene>
<Scene>
<INIT seed="1,0,0,2,0,117" ten="250,260,240,250" oya="1" hai0="18,124,63,41,95,82,81,113,0,65,75,3,89" hai1="22,92,8,44,135,119,50,72,4,52,31,43,7" hai2="28,102,91,100,107,51,14,19,39,23,120,115,66" hai3="60,25,127,125,53,108,2,16,131,20,61,35,48"/><U38/><E119/><V85/><F39/><W17/><G2/><T118/><D118/><U130/><E72/><V40/><F115/><W87/><G35/><T73/><D113/><U93/><E130/><V121/><F66/><W110/><G131/><T57/><D41/><U105/><E105/><V46/><F28/><W59/><G87/><T98/><D124/><N who="3" m="47689" /><G17/><T21/><D75/><U42/><E135/><V129/><F129/><W122/><G122/><T69/><D69/><U132/><E132/><V37/><F37/><W109/><AGARI ba="0,0" hai="16,20,25,48,53,59,60,61,108,109,110" m="47689" machi="109" ten="40,5200,0" yaku="14,1,18,1,54,1" doraHai="117" who="3" fromWho="3" sc="250,-13,260,-26,240,-13,250,52" />
</Scene>
<Scene>
<INIT seed="2,0,0,5,4,2" ten="237,234,227,302" oya="2" hai0="135,78,61,48,121,24,27,5,130,94,72,39,73" hai1="105,116,133,92,12,44,126,52,32,128,102,8,6" hai2="43,60,83,124,58,4,103,117,22,66,75,127,56" hai3="118,17,81,98,62,50,36,42,90,69,119,33,68"/><V89/><F117/><W132/><G33/><T88/><D39/><U45/><E116/><N who="3" m="44586" /><G17/><T25/><D121/><U70/><E32/><V95/><F103/><W84/><G98/><T20/><D130/><U54/><E70/><N who="3" m="27242" /><G90/><T34/><D135/><U113/><E113/><V120/><F120/><W16/><G16/><T35/><D61/><U29/><E105/><V1/><F22/><W3/><G3/><T115/><D115/><U107/><E107/><V85/><F43/><W114/><G84/><T77/><D72/><U40/><E29/><V11/><REACH who="2" step="1"/><F58/><REACH who="2" ten="237,234,217,302" step="2"/><W59/><G114/><T19/><D35/><U64/><E40/><V125/><F125/><W111/><G42/><T82/><D34/><U14/><E126/><V57/><F57/><W49/><G59/><T55/><D20/><U31/><E102/><V37/><F37/><W71/><G36/><T74/><D27/><U100/><E100/><V99/><F99/><W30/><G71/><T96/><D25/><U65/><E128/><V93/><F93/><W0/><G132/><T51/><D24/><U26/><E133/><V67/><F67/><W79/><G81/><T134/><D134/><U110/><E92/><V21/><F21/><W91/><G30/><T104/><D104/><U41/><E41/><V87/><F87/><W9/><G9/><T15/><D82/><U28/><E26/><V13/><F13/><W18/><G0/><T63/><D96/><U53/><E8/><V46/><F46/><W129/><G129/><T109/><D94/><U123/><E44/><V86/><F86/><W101/><G101/><RYUUKYOKU ba="0,1" sc="237,-10,234,-10,217,30,302,-10" hai2="1,4,11,56,60,66,75,83,85,89,95,124,127" />
</Scene>
<Scene>
<INIT seed="2,1,1,3,1,116" ten="227,224,247,292" oya="2" hai0="107,126,45,9,33,34,135,30,80,46,115,130,85" hai1="96,56,27,57,76,4,63,70,12,69,1,127,16" hai2="28,93,8,52,129,78,64,26,111,43,81,73,134" hai3="20,84,95,23,66,88,75,19,58,94,41,89,6"/><V67/><F129/><W51/><G75/><T124/><D115/><U13/><E127/><N who="0" m="48681" /><D107/><U10/><E76/><V21/><F134/><W125/><G125/><T14/><D130/><U102/><E27/><V2/><F43/><W68/><G68/><T62/><D62/><U35/><E35/><N who="0" m="13321" /><D30/><U100/><E1/><V36/><F36/><W25/><G6/><N who="0" m="3383" /><D135/><U24/><E24/><V0/><F111/><W113/><G113/><T131/><D131/><U7/><E7/><V108/><F108/><W101/><G66/><T31/><D31/><U72/><E72/><V121/><F121/><W105/><G105/><T53/><D53/><U104/><E100/><V109/><F109/><W99/><G101/><T17/><D17/><U119/><E119/><V118/><F118/><W87/><G41/><T128/><D128/><U110/><E110/><V65/><F52/><N who="3" m="32031" /><G99/><T55/><D55/><U49/><E49/><V39/><F39/><W38/><G38/><T77/><AGARI ba="1,1" hai="45,46,77,80,85" m="3383,13321,48681" machi="77" ten="30,1100,0" yaku="18,1" doraHai="116" who="0" fromWho="0" sc="227,24,224,-4,247,-6,292,-4" />
</Scene>
<Scene>
<INIT seed="3,0,0,0,3,104" ten="251,220,241,288" oya="3" hai0="7,83,48,109,39,117,94,62,93,114,12,115,121" hai1="88,118,63,30,97,6,101,129,86,47,68,116,77" hai2="14,41,74,78,132,37,60,13,25,35,53,16,100" hai3="81,3,49,92,15,10,120,64,113,52,4,85,70"/><W58/><G113/><N who="0" m="43019" /><D39/><U71/><E129/><V28/><F100/><W87/><G120/><T33/><D33/><U91/><E30/><V127/><F127/><W21/><G92/><T124/><D121/><U107/><E6/><V1/><F1/><W24/><G3/><T36/><D36/><U55/><E77/><V0/><F0/><W29/><G70/><N who="1" m="26666" /><E86/><N who="3" m="32778" /><G64/><T50/><D117/><N who="1" m="45163" /><E63/><V18/><F132/><W56/><G81/><T128/><D83/><U134/><E134/><V125/><F125/><W59/><AGARI ba="0,0" hai="4,10,15,21,24,29,49,52,56,58,59" m="32778" machi="59" ten="30,3000,0" yaku="8,1,54,1" doraHai="104" who="3" fromWho="3" sc="251,-10,220,-10,241,-10,288,30" owari="241,4.0,210,-29.0,231,-17.0,318,42.0" />
</Scene>
</mjloggm>