<mjloggm ver="2.3"><GO type="169"/><UN n0="%E3%83%A4%E3%82%AD%E3%83%B3" n1="%E6%A3%92%E8%A7%92" n2="%E3%83%96%E3%83%BC%E3%83%BC%E3%83%BC%E3%83%B3" n3="%E5%A4%AA%E3%81%8F%E3%81%AA%E3%81%84%E3%81%8A" dan="17,16,16,18" rate="2117,2099,2075,2173" sx="M,M,M,M"/><TAIKYOKU oya="0"/>

<Scene>
<INIT seed="0,0,0,5,3,37" ten="250,250,250,250" oya="0" hai0="107,131,73,120,87,125,14,41,13,79,95,129,58" hai1="109,122,89,39,71,29,68,132,52,10,45,11,1" hai2="15,119,54,5,42,55,35,104,88,7,47,93,76" hai3="33,85,22,84,64,121,61,9,113,82,124,26,65"/><T4/><D120/><U50/><E122/><V102/><F35/><W110/><G121/><T106/><D125/><U25/><E132/><V19/><F119/><W127/><G113/><T46/><D58/><U81/><E39/><V44/><F76/><W43/><G33/><T100/><D73/><U21/><E109/><V32/><F32/><W115/><G115/><T51/><D95/><U97/><E1/><V111/><F111/><W118/><G110/><T48/><D48/><U80/><E71/><V34/><F34/><W123/><G123/><T117/><D117/><U75/><E68/><V67/><F67/><W3/><G118/><T12/><D4/><N who="2" m="1610" /><F102/><W63/><G3/><T38/><D38/><U66/><E66/><V130/><F104/><W57/><G9/><N who="1" m="3082" /><E75/><V28/><F28/><W103/><G103/><T90/><D100/><U108/><E108/><V0/><F0/><W99/><G124/><T53/><D107/><U23/><E23/><N who="2" m="11775" /><F130/><N who="0" m="49674" /><D106/><U96/><E96/><N who="2" m="57383" /><F47/><W74/><G127/><T17/><D79/><U101/><E101/><V134/><F134/><W128/><G128/><T36/><D17/><U8/><E8/><V2/><F2/><W77/><G99/><T27/><D27/><U30/><E30/><V40/><F44/><W70/><G74/><T94/><D36/><U114/><E114/><V135/><F135/><W116/><G116/><T16/><D16/><U105/><E105/><V92/><F92/><AGARI ba="0,0" hai="21,25,29,45,50,52,80,81,89,92,97" m="3082" machi="92" ten="30,2000,0" yaku="8,1,54,1" doraHai="37" who="1" fromWho="2" sc="250,0,250,20,250,-20,250,0" />
</Scene>
<Scene>
<INIT seed="1,0,0,0,1,51" ten="250,270,230,250" oya="1" hai0="4,36,34,131,70,8,53,133,102,126,54,63,64" hai1="26,23,28,38,21,15,90,95,84,124,132,77,18" hai2="12,83,74,69,87,37,76,85,88,43,56,112,104" hai3="7,135,48,97,99,55,57,80,42,134,111,14,89"/><U68/><E38/><V47/><F69/><W19/><G111/><T107/><D126/><U94/><E124/><V78/><F112/><W25/><G7/><T91/><D36/><U125/><E125/><V32/><F32/><W128/><G128/><T20/><D131/><U121/><E121/><V2/><F104/><W1/><G1/><T103/><D133/><N who="3" m="50697" /><G25/><T66/><D66/><U39/><E39/><V60/><F2/><W17/><G42/><T120/><D120/><U109/><E132/><V22/><F74/><W79/><G89/><T31/><D20/><U119/><E119/><V6/><F87/><N who="3" m="48543" /><G19/><T59/><D91/><U16/><E109/><V0/><F0/><W96/><G99/><N who="0" m="61919" /><D103/><U81/><E68/><V45/><F6/><W130/><G130/><T30/><D30/><U58/><E28/><V98/><F98/><W123/><G123/><T29/><D29/><U116/><E116/><V113/><F113/><W10/><AGARI ba="0,0" hai="10,14,17,48,55,57,96,97" m="48543,50697" machi="10" ten="30,2000,0" yaku="20,1,52,1" doraHai="51" who="3" fromWho="3" sc="250,-5,270,-10,230,-5,250,20" />
</Scene>
<Scene>
<INIT seed="2,0,0,0,1,69" ten="245,260,225,270" oya="2" hai0="42,78,92,96,135,41,6,8,115,5,98,125,18" hai1="131,40,122,86,29,127,133,87,51,95,117,4,15" hai2="27,38,134,80,9,19,30,84,77,130,39,118,48" hai3="70,91,126,21,121,72,120,114,113,34,81,74,2"/><V61/><F118/><W97/><G34/><T82/><D115/><N who="3" m="44041" /><G2/><T75/><D125/><U104/><E104/><V35/><F130/><W43/><G70/><T12/><D135/><U62/><E117/><V103/><F134/><W31/><G43/><T49/><D98/><U101/><E127/><V100/><F48/><W28/><G126/><T129/><D129/><U102/><E122/><N who="3" m="47210" /><G21/><T112/><D112/><U55/><E133/><V105/><F61/><W37/><G37/><T16/><D18/><U57/><E29/><N who="3" m="11338" /><G81/><T36/><D49/><U13/><E131/><V68/><F68/><W7/><G7/><T24/><D24/><U132/><E132/><V22/><F9/><W23/><G23/><T110/><D110/><U108/><E108/><V32/><F35/><W45/><G45/><T44/><REACH who="0" step="1"/><D42/><REACH who="0" ten="235,260,225,270" step="2"/><U1/><E40/><V83/><F19/><W58/><G58/><T64/><D64/><U56/><E56/><V25/><F27/><W124/><G124/><T60/><D60/><U93/><E51/><V71/><F71/><W59/><G59/><T11/><D11/><U67/><E67/><V89/><F32/><W46/><G46/><T47/><D47/><U111/><E111/><V109/><F109/><W76/><G76/><T10/><D10/><U73/><E57/><V66/><F66/><W119/><G119/><T3/><D3/><U106/><E1/><V123/><F77/><W88/><G97/><T0/><D0/><U54/><E62/><V53/><F25/><W65/><G65/><T90/><AGARI ba="0,1" hai="5,6,8,12,16,36,41,44,75,78,82,90,92,96" machi="90" ten="20,8000,1" yaku="1,1,0,1,7,1,52,1,54,1,53,0" doraHai="69" doraHaiUra="52" who="0" fromWho="0" sc="235,90,260,-20,225,-40,270,-20" />
</Scene>
<Scene>
<INIT seed="3,0,0,1,5,12" ten="325,240,185,250" oya="3" hai0="76,66,47,52,132,102,105,0,10,49,90,96,93" hai1="88,135,11,100,89,3,41,71,122,104,65,119,127" hai2="81,59,97,74,112,43,64,28,13,22,38,35,46" hai3="125,130,4,54,19,73,50,113,133,34,27,33,85"/><W60/><G113/><T101/><D132/><U15/><E122/><V107/><F112/><W99/><G73/><T61/><D76/><U106/><E3/><V16/><F35/><W1/><G133/><T84/><D102/><U37/><E135/><V114/><F28/><W56/><G130/><T62/><REACH who="0" step="1"/><D66/><REACH who="0" ten="315,240,185,250" step="2"/><U31/><E100/><V48/><F64/><W63/><G125/><T32/><D32/><U118/><E65/><V36/><F114/><W69/><G34/><T44/><D44/><U91/><E127/><V23/><F46/><W39/><G33/><T95/><D95/><U45/><E106/><V53/><F107/><W25/><G69/><T17/><D17/><U21/><E104/><V92/><F16/><W131/><G19/><T78/><D78/><U24/><E71/><V134/><F92/><W117/><G131/><T110/><D110/><U20/><E20/><V67/><F23/><W18/><G18/><T83/><D83/><U55/><E119/><V8/><F81/><W26/><G117/><T116/><D116/><U68/><E68/><V87/><F22/><W58/><G56/><T124/><D124/><U98/><E118/><V129/><F59/><W75/><G58/><T30/><D30/><U77/><E77/><V94/><F67/><W6/><G26/><T82/><D82/><U51/><E21/><V9/><F134/><W14/><G27/><T80/><D80/><U57/><E24/><V120/><F94/><W109/><G25/><T128/><D128/><U121/><E31/><V103/><F129/><W86/><G109/><T40/><D40/><RYUUKYOKU ba="0,1" sc="315,30,240,-10,185,-10,250,-10" hai0="0,10,47,49,52,61,62,84,90,93,96,101,105" />
</Scene>
<Scene>
<INIT seed="4,1,1,5,2,123" ten="345,230,175,240" oya="0" hai0="112,125,14,96,94,31,43,58,117,65,107,56,64" hai1="103,3,80,57,119,71,110,69,97,77,45,48,29" hai2="39,84,68,130,9,11,51,25,62,81,24,49,41" hai3="16,5,27,7,70,72,10,74,15,124,90,32,28"/><T128/><D117/><U131/><E119/><V89/><F39/><W1/><G70/><T23/><D107/><U99/><E3/><V60/><F130/><W38/><G38/><T78/><D128/><U19/><E131/><V12/><F68/><W106/><G106/><T13/><D78/><U53/><E97/><V54/><F41/><W101/><G101/><T86/><D86/><U88/><E29/><V4/><F11/><W113/><G113/><T122/><D122/><U127/><E127/><V79/><F79/><W92/><G124/><T109/><D125/><U115/><E115/><V0/><F0/><W134/><G134/><T33/><D33/><U133/><E133/><V59/><REACH who="2" step="1"/><F62/><REACH who="2" ten="345,230,165,240" step="2"/><W102/><G102/><N who="0" m="60695" /><D43/><U46/><E71/><V76/><F76/><W47/><G1/><T66/><D112/><U98/><E69/><V126/><F126/><W73/><REACH who="3" step="1"/><G47/><REACH who="3" ten="345,230,165,230" step="2"/><T52/><D58/><U2/><E2/><V118/><F118/><W63/><G63/><T129/><D56/><U50/><E57/><V120/><F120/><W6/><G6/><T18/><D129/><U85/><E103/><V36/><F36/><W82/><G82/><T26/><D66/><U21/><E46/><V40/><F40/><W61/><G61/><T108/><D65/><U104/><E104/><V44/><F44/><W67/><G67/><T37/><D64/><U132/><E132/><V35/><F35/><W116/><G116/><T42/><D42/><U87/><E45/><V83/><F83/><W93/><G93/><T111/><D37/><U20/><E80/><V34/><F34/><RYUUKYOKU ba="1,3" sc="345,-15,230,-15,165,15,230,15" hai2="4,9,12,24,25,49,51,54,59,60,81,84,89" hai3="5,7,10,15,16,27,28,32,72,73,74,90,92" />
</Scene>
<Scene>
<INIT seed="5,2,3,5,3,106" ten="330,215,180,245" oya="1" hai0="1,9,132,13,123,0,5,56,111,61,81,99,101" hai1="34,117,22,67,12,48,121,97,25,63,50,18,51" hai2="15,71,4,118,72,8,110,27,60,19,84,46,133" hai3="66,53,91,64,11,126,93,57,87,74,38,35,43"/><U79/><E117/><V100/><F118/><W59/><G35/><T68/><D111/><U112/><E121/><V109/><F133/><W7/><G126/><T17/><D68/><U119/><E119/><V89/><F100/><W75/><G38/><T116/><D116/><U6/><E112/><V102/><F102/><W2/><G43/><T44/><D132/><U96/><E79/><V122/><F122/><W105/><G105/><T98/><D123/><U127/><E127/><V54/><F72/><W42/><G42/><T76/><D44/><U128/><E128/><V16/><F71/><W131/><G131/><T69/><D69/><U39/><E39/><V52/><F110/><W83/><G59/><T10/><D1/><U80/><E80/><N who="2" m="49287" /><F109/><W70/><G70/><T36/><D36/><U95/><E95/><V108/><F108/><W107/><G107/><T134/><D101/><U135/><E135/><V20/><F46/><W31/><G31/><T92/><D92/><U94/><E94/><V37/><F37/><W65/><REACH who="3" step="1"/><G83/><REACH who="3" ten="330,215,180,235" step="2"/><T90/><D134/><U26/><E34/><V21/><F60/><AGARI ba="2,4" hai="2,7,11,53,57,60,64,65,66,74,75,87,91,93" machi="60" ten="40,12000,2" yaku="1,1,2,1,52,2,53,3" doraHai="106" doraHaiUra="62" who="3" fromWho="2" sc="330,0,215,0,180,-126,235,166" />
</Scene>
<Scene>
<INIT seed="6,0,0,5,2,36" ten="330,215,54,401" oya="2" hai0="17,73,80,132,82,10,32,6,46,135,7,16,103" hai1="20,134,35,40,53,93,89,96,88,69,21,26,87" hai2="119,95,22,3,107,125,116,15,111,130,66,131,5" hai3="37,98,33,70,72,133,91,122,74,34,100,54,55"/><V114/><F107/><W84/><G122/><T99/><D32/><U85/><E69/><V65/><F95/><W49/><G70/><T44/><D7/><U28/><E134/><N who="0" m="51241" /><D73/><U120/><E120/><V92/><F92/><W68/><G68/><T118/><D118/><N who="2" m="45098" /><F66/><W51/><G37/><T4/><D4/><U106/><E53/><V67/><F65/><W128/><G133/><T64/><D64/><U56/><E56/><V19/><F67/><W8/><G8/><T101/><D46/><U48/><E106/><V63/><F63/><W58/><G74/><T18/><D44/><U109/><E96/><V117/><N who="2" m="45106" /><V52/><DORA hai="30" /><F52/><W61/><G72/><T83/><D99/><U14/><E48/><V71/><F71/><W57/><G61/><T129/><D129/><N who="2" m="49162" /><F114/><W104/><G128/><T105/><D105/><U25/><E93/><AGARI ba="0,0" hai="33,34,49,51,54,55,57,58,84,91,93,98,100,104" machi="93" ten="30,7700,0" yaku="7,1,9,1,52,2" doraHai="36,30" who="3" fromWho="1" sc="330,0,215,-77,54,0,401,77" />
</Scene>
<Scene>
<INIT seed="7,0,0,0,2,30" ten="330,138,54,478" oya="3" hai0="55,42,49,43,105,61,29,32,12,124,121,114,59" hai1="18,77,71,110,3,92,17,111,4,133,67,31,97" hai2="14,90,45,123,13,106,93,33,5,126,102,22,1" hai3="60,89,50,51,40,19,66,70,128,24,75,47,69"/><W119/><G119/><T101/><D121/><U98/><E31/><V112/><F112/><W73/><G128/><T117/><D124/><U37/><E77/><V82/><F126/><W48/><G70/><T6/><D117/><U16/><E37/><V56/><F123/><W127/><G127/><T103/><D103/><U44/><E44/><V107/><F102/><W113/><G113/><T79/><D79/><U88/><E133/><V20/><F82/><W0/><G0/><T95/><D6/><U28/><E28/><V91/><F1/><W64/><G64/><T34/><D95/><U25/><E25/><V86/><F45/><W23/><REACH who="3" step="1"/><G89/><REACH who="3" ten="330,138,54,468" step="2"/><T87/><D87/><U21/><E67/><V11/><F56/><W15/><G15/><T58/><D12/><U26/><E71/><V38/><F38/><AGARI ba="0,1" hai="19,23,24,38,40,47,48,50,51,60,66,69,73,75" machi="38" ten="40,2000,0" yaku="1,1,53,0" doraHai="30" doraHaiUra="7" who="3" fromWho="2" sc="330,0,138,0,54,-20,468,30" owari="330,13.0,138,-26.0,34,-47.0,498,60.0" />
</Scene>
</mjloggm>