<mjloggm ver="2.3"><GO type="97"/><UN n0="%61%79%75%6D%69%78%E2%99%AA" n1="%77%61%64%61" n2="%E3%83%90%E3%83%83%E3%83%86%E3%83%B3" n3="%E5%A4%AA%E3%81%8F%E3%81%AA%E3%81%84%E3%81%8A" dan="13,14,14,13" rate="1888,1914,1921,2008" sx="M,M,M,M"/><TAIKYOKU oya="0"/>

<Scene>
<INIT seed="0,0,0,0,3,5" ten="250,250,250,250" oya="0" hai0="133,95,53,79,36,78,85,110,50,75,123,125,134" hai1="120,38,30,76,37,92,90,127,117,0,39,113,1" hai2="65,13,44,55,107,70,12,71,99,46,66,47,73" hai3="67,88,9,61,6,54,104,42,135,82,26,102,101"/><T100/><D123/><U126/><E120/><V72/><F99/><W118/><G118/><T14/><D36/><N who="1" m="9219" /><U58/><DORA hai="105" /><E117/><V91/><F91/><W69/><G135/><N who="0" m="51723" /><D125/><N who="1" m="47627" /><E30/><V40/><F40/><W87/><G42/><T21/><D110/><U114/><E58/><V124/><F55/><W130/><G130/><T63/><D63/><U109/><E76/><V80/><F80/><W48/><G26/><T68/><D68/><N who="2" m="26154" /><F107/><W98/><G98/><T59/><D79/><U3/><E109/><V18/><F18/><W97/><G97/><AGARI ba="0,0" hai="0,1,3,90,92,97,113,114" m="47627,9219" machi="97" ten="50,1600,0" yaku="18,1" doraHai="5,105" who="1" fromWho="3" sc="250,0,250,16,250,0,250,-16" />
</Scene>
<Scene>
<INIT seed="1,0,0,5,2,95" ten="250,266,250,234" oya="1" hai0="104,34,26,85,124,20,57,69,79,16,111,126,38" hai1="27,68,28,100,86,30,14,127,48,44,117,11,6" hai2="41,105,31,103,37,51,10,47,134,1,4,15,121" hai3="32,2,87,64,109,91,75,46,114,82,131,8,3"/><U76/><E117/><V90/><F121/><W99/><G114/><T29/><D38/><U74/><E127/><V39/><F134/><W77/><G32/><T12/><D104/><U115/><E68/><V130/><F130/><W53/><G131/><T13/><D69/><U120/><E120/><V0/><F31/><W18/><G109/><T65/><D111/><U113/><E74/><V33/><F33/><W84/><G64/><T97/><D97/><U5/><E5/><V9/><F105/><W60/><G75/><T78/><D85/><U107/><E30/><V128/><F103/><W72/><G72/><T93/><D93/><U67/><E67/><V119/><F119/><W66/><G99/><T94/><D94/><U49/><E49/><V118/><F118/><W98/><G98/><T89/><D89/><U110/><E110/><V83/><F128/><W17/><G53/><T24/><D57/><U106/><E106/><V96/><F96/><W52/><G66/><T102/><D102/><U25/><E25/><V59/><F59/><W132/><G132/><T36/><D36/><U43/><E100/><V22/><F22/><W81/><G60/><T122/><D65/><U7/><E7/><N who="2" m="3519" /><F1/><W62/><G62/><T123/><D122/><U42/><E42/><V88/><F83/><W40/><G40/><T23/><D123/><U58/><E58/><V61/><F61/><W19/><REACH who="3" step="1"/><G8/><REACH who="3" ten="250,266,250,224" step="2"/><T50/><D34/><N who="1" m="20767" /><E107/><V73/><F73/><W135/><G135/><T133/><D133/><U63/><E63/><V45/><F41/><W116/><G116/><T70/><D70/><RYUUKYOKU ba="0,1" sc="250,-15,266,15,250,-15,224,15" hai1="6,11,14,43,44,48,76,86,113,115" hai3="2,3,17,18,19,46,52,77,81,82,84,87,91" />
</Scene>
<Scene>
<INIT seed="1,1,1,1,5,121" ten="235,281,235,239" oya="1" hai0="76,134,75,74,72,50,112,80,55,79,30,109,5" hai1="6,39,34,92,65,33,86,110,104,135,99,89,46" hai2="83,68,23,122,41,100,73,17,16,85,105,133,69" hai3="66,84,60,57,61,47,88,94,113,126,116,35,102"/><U129/><E129/><V115/><F122/><W96/><G113/><T128/><D112/><U78/><E135/><V82/><F133/><W49/><G126/><T130/><D134/><U53/><E6/><V77/><F115/><W38/><G116/><T127/><D127/><U40/><E65/><V106/><F17/><W95/><G35/><T118/><D118/><U90/><E78/><V108/><F108/><W58/><G38/><T71/><D71/><U51/><E110/><V24/><F41/><W26/><G26/><T101/><D101/><U32/><E32/><V45/><F45/><W111/><G111/><T15/><D30/><U29/><E29/><V107/><REACH who="2" step="1"/><F100/><REACH who="2" ten="235,281,225,239" step="2"/><W0/><G0/><T117/><D109/><U123/><E123/><V36/><F36/><W132/><G132/><T81/><D117/><U25/><E25/><V103/><F103/><W13/><G13/><T12/><D5/><U4/><E4/><V67/><F67/><W48/><G47/><N who="0" m="28127" /><D15/><U131/><E131/><N who="0" m="50217" /><D12/><U11/><E11/><V52/><F52/><AGARI ba="1,2" hai="48,49,52,57,58,60,61,66,84,88,94,95,96,102" machi="52" ten="30,7700,0" yaku="7,1,8,1,54,2" doraHai="121" who="3" fromWho="2" sc="235,0,281,0,225,-80,239,100" />
</Scene>
<Scene>
<INIT seed="2,0,0,3,3,104" ten="235,281,145,339" oya="2" hai0="77,32,37,81,71,66,50,53,118,68,106,15,64" hai1="93,110,134,108,132,41,9,70,121,95,101,75,105" hai2="1,17,39,123,113,82,36,35,78,102,89,135,111" hai3="103,26,34,84,59,51,99,131,44,91,16,69,96"/><V127/><F113/><W33/><G69/><T58/><D32/><U49/><E70/><V80/><F123/><W45/><G131/><T65/><D106/><U28/><E28/><V88/><F35/><W87/><G34/><T86/><D37/><U67/><E67/><V73/><F1/><W115/><G115/><T31/><D31/><U107/><E9/><V130/><F130/><W30/><G59/><T61/><D118/><U92/><E49/><V5/><F5/><W116/><G116/><T114/><D114/><U18/><E18/><V55/><F135/><N who="1" m="51753" /><E41/><V100/><F127/><W48/><G16/><T38/><D38/><U85/><E121/><V6/><F6/><W2/><G2/><T22/><D68/><U72/><E85/><V74/><F111/><N who="1" m="42537" /><E101/><V63/><F78/><W119/><G119/><T42/><D42/><U76/><E76/><V23/><F17/><W46/><G87/><T62/><D71/><U117/><E117/><V13/><F55/><W90/><G103/><T126/><D126/><U112/><E112/><V97/><F97/><W40/><G44/><T8/><D22/><U11/><E11/><V43/><F43/><W12/><G40/><T133/><D133/><U47/><E47/><V120/><F120/><W125/><G46/><T7/><AGARI ba="0,0" hai="7,8,15,50,53,58,61,62,64,65,66,77,81,86" machi="7" ten="30,2000,0" yaku="0,1,8,1" doraHai="104" who="0" fromWho="0" sc="235,20,281,-5,145,-10,339,-5" />
</Scene>
<Scene>
<INIT seed="3,0,0,3,4,18" ten="255,276,135,334" oya="3" hai0="95,25,55,65,39,82,104,106,47,10,110,8,124" hai1="118,24,76,40,61,114,101,116,92,41,64,50,58" hai2="131,97,96,31,80,117,68,107,32,113,46,123,15" hai3="6,22,49,121,19,69,103,52,29,87,94,48,128"/><W62/><G121/><T112/><D65/><U30/><E114/><V85/><F117/><W60/><G128/><T89/><D82/><U98/><E76/><V38/><F113/><W36/><G36/><T54/><D112/><U79/><E79/><V133/><F131/><W53/><G6/><T90/><D39/><U28/><E28/><V126/><F15/><N who="3" m="9599" /><G69/><T72/><D72/><U77/><E77/><V23/><F23/><W37/><G29/><T75/><D75/><U21/><REACH who="1" step="1"/><E50/><REACH who="1" ten="255,266,135,334" step="2"/><N who="3" m="19562" /><G37/><T122/><D122/><U119/><AGARI ba="0,1" hai="21,24,30,40,41,58,61,64,92,98,101,116,118,119" machi="119" ten="30,12000,2" yaku="1,1,0,1,25,2,12,1,52,1,53,1" doraHai="18" doraHaiUra="57" who="1" fromWho="1" sc="255,-30,266,130,135,-30,334,-60" owari="225,-17.0,396,49.0,105,-39.0,274,7.0" />
</Scene>
</mjloggm>