<mjloggm ver="2.3"><GO type="97"/><UN n0="%E5%A4%AA%E3%81%8F%E3%81%AA%E3%81%84%E3%81%8A" n1="%E5%B8%B8%E5%A4%8F%E3%83%91%E3%82%A4%E5%8A%A9" n2="%E3%81%BD%E3%82%93%E3%81%8D%E3%81%A1%E2%98%85%E3%83%9F" n3="%59%75%67" dan="13,14,14,14" rate="2012,1914,1857,1880" sx="M,M,F,M"/><TAIKYOKU oya="0"/>

<Scene>
<INIT seed="0,0,0,3,3,49" ten="250,250,250,250" oya="0" hai0="55,79,126,19,35,18,109,82,66,134,60,32,38" hai1="20,74,27,132,4,64,101,13,40,94,129,97,124" hai2="88,58,112,106,31,56,85,80,117,135,127,133,16" hai3="36,53,26,100,70,9,7,23,91,75,6,63,43"/><T3/><D3/><U99/><BYE who="0" /><E132/><N who="2" m="50763" /><F112/><W0/><G75/><T17/><D17/><U57/><E129/><V84/><F117/><W37/><G100/><T33/><D33/><U45/><E124/><V90/><F127/><W113/><G113/><T46/><D46/><U47/><E74/><V116/><F116/><W12/><G7/><T93/><D93/><U87/><E87/><V65/><F106/><W107/><G107/><T73/><D73/><U61/><E99/><V54/><F31/><W111/><G111/><T121/><D121/><U95/><E95/><N who="2" m="54663" /><F65/><W2/><G91/><T78/><D78/><U39/><E47/><V69/><F69/><UN n0="%E5%A4%AA%E3%81%8F%E3%81%AA%E3%81%84%E3%81%8A" /><W34/><G34/><T10/><D32/><U67/><E67/><V119/><F119/><W52/><G70/><T14/><D35/><U51/><E4/><V21/><F54/><N who="3" m="21099" /><G36/><T50/><D38/><U98/><E39/><V59/><F59/><W76/><G37/><T15/><D109/><U29/><E98/><V72/><F72/><W71/><G71/><T123/><D126/><U120/><REACH who="1" step="1"/><E13/><AGARI ba="0,0" hai="13,16,21,56,58,80,85,90" m="54663,50763" machi="13" ten="30,3900,0" yaku="20,1,54,2" doraHai="49" who="2" fromWho="1" sc="250,0,250,-39,250,39,250,0" />
</Scene>
<Scene>
<INIT seed="1,0,0,1,0,18" ten="250,211,289,250" oya="1" hai0="117,2,60,116,90,37,91,73,0,130,19,75,5" hai1="79,84,11,3,87,63,110,94,128,80,55,47,85" hai2="95,120,57,78,26,58,27,92,17,8,46,126,24" hai3="72,111,31,56,124,109,119,114,22,65,6,15,54"/><U67/><E128/><V42/><F120/><W1/><G114/><T51/><D37/><U105/><E105/><V69/><F126/><W100/><G72/><T59/><D130/><U13/><E3/><V106/><F69/><W133/><G124/><T35/><D35/><U122/><E122/><V4/><F106/><W34/><G133/><T93/><D51/><U33/><E33/><V101/><F78/><W28/><G65/><T82/><D82/><U25/><E110/><N who="3" m="41994" /><G100/><T48/><D48/><N who="1" m="29087" /><E94/><V135/><F135/><W127/><G127/><T7/><D93/><N who="2" m="35914" /><F101/><W64/><G64/><T50/><D50/><U20/><E67/><V43/><F4/><W108/><G108/><T66/><D66/><U74/><E74/><V77/><F77/><W103/><G103/><T71/><D71/><U29/><E63/><V30/><F30/><W88/><G119/><T61/><D59/><N who="2" m="22538" /><F46/><W45/><G45/><T23/><D73/><U125/><E125/><V129/><F129/><W118/><G118/><T68/><D75/><U41/><E41/><N who="2" m="15371" /><F8/><N who="3" m="2127" /><G34/><T86/><D68/><U123/><E123/><V131/><F131/><W81/><G28/><T104/><D104/><U96/><E96/><V52/><F52/><W134/><G134/><T97/><D97/><U70/><E70/><V14/><F14/><W53/><G31/><T107/><D107/><U76/><E80/><V112/><F112/><W38/><G38/><T115/><D115/><U9/><E9/><V12/><F12/><W21/><G15/><T113/><D113/><U49/><E49/><V36/><F36/><W62/><G54/><RYUUKYOKU ba="0,0" sc="250,-30,211,10,289,10,250,10" hai1="11,13,20,25,29,76,79,84,85,87" hai2="17,24,26,27" hai3="21,22,53,56,62,81,88" />
</Scene>
<Scene>
<INIT seed="1,1,0,4,1,45" ten="220,221,299,260" oya="1" hai0="52,84,86,94,35,7,68,103,47,56,105,43,109" hai1="121,49,10,129,50,131,30,89,40,8,63,5,130" hai2="106,71,27,91,134,59,37,117,114,12,122,96,15" hai3="24,76,80,90,98,13,75,55,21,107,51,95,82"/><U87/><E121/><V2/><F117/><W119/><G119/><T77/><D68/><U113/><E113/><V22/><F122/><W29/><G107/><T4/><D35/><U118/><E118/><V36/><F71/><W64/><G64/><T14/><D105/><U17/><E30/><V16/><F2/><W48/><G80/><T102/><D109/><U19/><E40/><V54/><F114/><W1/><G1/><T46/><D77/><U74/><E74/><V133/><F36/><W83/><G83/><T39/><D46/><U73/><E73/><V11/><F37/><W126/><G126/><T93/><D93/><N who="1" m="54463" /><E63/><V31/><F15/><W18/><REACH who="3" step="1"/><G55/><REACH who="3" ten="220,221,299,250" step="2"/><T0/><D0/><N who="1" m="39" /><E10/><AGARI ba="1,1" hai="10,13,18,21,24,29,48,51,75,76,82,90,95,98" machi="10" ten="30,7700,0" yaku="1,1,7,1,52,2,53,0" doraHai="45" doraHaiUra="32" who="3" fromWho="1" sc="220,0,221,-80,299,0,250,90" />
</Scene>
<Scene>
<INIT seed="2,0,0,1,0,99" ten="220,141,299,340" oya="2" hai0="70,30,75,132,50,60,10,90,92,29,11,24,59" hai1="122,57,94,58,68,20,96,23,103,4,100,34,81" hai2="89,22,7,1,69,47,129,123,128,51,13,82,113" hai3="25,16,65,61,62,97,37,130,101,5,118,12,71"/><V112/><F69/><W125/><G118/><T105/><D105/><U135/><E68/><V27/><F123/><W8/><G37/><T39/><D75/><U109/><E34/><V21/><F1/><W102/><G130/><N who="2" m="50281" /><F82/><W6/><G125/><T127/><D39/><U32/><E32/><V72/><F89/><W43/><G43/><T42/><D127/><U31/><E122/><V3/><F72/><W108/><G108/><T76/><D76/><U66/><E109/><V114/><F3/><W48/><G62/><T0/><D70/><U83/><E135/><V41/><F27/><W56/><G71/><T14/><D0/><U77/><E4/><N who="3" m="1642" /><G97/><N who="0" m="57495" /><D24/><U40/><E40/><V133/><F133/><W91/><G91/><T33/><D33/><U126/><E126/><V85/><F85/><W38/><G38/><T87/><D87/><U121/><E121/><V117/><F117/><W106/><G106/><T53/><D132/><U120/><E120/><V17/><F7/><N who="3" m="3103" /><G48/><T119/><D119/><U9/><E77/><V111/><F111/><W2/><G2/><T49/><D49/><U74/><E74/><V124/><F124/><W63/><G63/><T26/><D26/><U15/><E83/><V95/><F95/><W116/><G116/><T19/><D42/><U107/><E107/><V46/><F46/><W88/><G88/><T134/><D134/><U64/><E81/><V67/><F67/><W78/><G78/><T36/><D36/><U28/><E66/><V35/><F35/><W131/><G131/><T54/><D60/><U98/><E64/><V79/><F79/><RYUUKYOKU ba="0,0" sc="220,-15,141,-15,299,15,340,15" hai2="13,17,21,22,41,47,51,112,113,114" hai3="16,25,56,61,65,101,102" />
</Scene>
<Scene>
<INIT seed="2,1,0,3,3,121" ten="205,126,314,355" oya="2" hai0="41,55,116,52,56,89,54,124,1,72,75,15,70" hai1="19,0,82,29,45,104,81,132,130,27,88,74,18" hai2="57,91,103,22,65,96,134,118,64,117,46,5,62" hai3="21,32,11,93,61,85,17,71,131,6,126,76,80"/><V123/><F123/><W120/><G120/><T40/><D1/><U48/><E132/><V84/><F134/><W97/><G32/><T128/><D70/><U25/><E130/><V14/><F46/><W36/><G36/><T20/><D128/><U37/><E37/><V108/><F108/><W3/><G131/><T90/><D124/><U9/><E104/><V47/><F47/><W107/><G107/><T43/><D116/><U98/><E27/><V7/><F65/><W115/><G115/><T106/><D106/><U122/><E122/><V2/><F2/><W112/><G112/><T16/><REACH who="0" step="1"/><D56/><REACH who="0" ten="195,126,314,355" step="2"/><U125/><E125/><V50/><F118/><W31/><G126/><T67/><D67/><U69/><E69/><V30/><F117/><W35/><G71/><T58/><D58/><U53/><E0/><V39/><F57/><W100/><G61/><T113/><D113/><U77/><E45/><V49/><F62/><W110/><G3/><T28/><D28/><U8/><E29/><V127/><F64/><W87/><G31/><T83/><D83/><U114/><E114/><V42/><F127/><W66/><G66/><T79/><D79/><U86/><E77/><V60/><F60/><W135/><G135/><T95/><D95/><U34/><E82/><V38/><F30/><W24/><G76/><T51/><D51/><U92/><E81/><V59/><F50/><W26/><G80/><T94/><D94/><U10/><E92/><V13/><F49/><W63/><G93/><T78/><D78/><U73/><E48/><V68/><F68/><W111/><G63/><RYUUKYOKU ba="1,1" sc="195,30,126,-10,314,-10,355,-10" hai0="15,16,20,40,41,43,52,54,55,72,75,89,90" />
</Scene>
<Scene>
<INIT seed="3,2,1,2,1,28" ten="225,116,304,345" oya="3" hai0="128,51,126,56,25,70,111,76,97,116,36,90,16" hai1="55,21,99,123,52,109,77,131,118,26,19,113,4" hai2="58,8,120,94,2,46,67,84,11,85,107,114,47" hai3="124,103,106,45,32,102,1,54,14,30,40,101,18"/><W117/><G117/><T75/><D116/><U81/><E123/><V43/><F114/><W49/><G1/><T110/><D70/><U71/><E118/><V133/><F107/><W91/><G106/><T5/><D36/><U132/><E113/><V17/><F120/><W50/><G124/><T13/><D126/><U48/><E109/><N who="0" m="41481" /><D128/><U31/><E132/><V74/><F133/><W93/><G30/><T105/><D5/><U3/><E131/><V88/><F74/><W135/><G32/><T80/><D25/><U33/><E71/><V83/><F2/><W7/><G7/><T72/><D72/><U37/><E37/><V35/><F35/><W98/><G135/><T63/><D51/><U22/><E22/><V73/><F73/><W29/><G29/><T39/><D39/><U65/><E65/><V6/><F6/><W127/><G127/><T79/><D79/><U44/><E55/><V66/><F58/><N who="3" m="33111" /><G102/><N who="0" m="62671" /><D90/><U130/><E130/><V134/><F134/><W89/><G103/><T64/><D13/><U24/><E99/><V95/><F47/><W100/><G101/><T96/><D96/><U38/><E38/><V41/><F95/><W129/><G129/><T61/><D61/><U0/><REACH who="1" step="1"/><E4/><REACH who="1" ten="225,106,304,345" step="2"/><V108/><F108/><W10/><AGARI ba="2,2" hai="10,14,18,40,45,49,89,91,93,98,100" m="33111" machi="10" ten="30,1500,0" yaku="8,1" doraHai="28" who="3" fromWho="3" sc="225,-7,106,-7,304,-7,345,41" owari="218,-18.0,99,-40.0,297,10.0,386,48.0" />
</Scene>
</mjloggm>