<mjloggm ver="2.3"><GO type="169" lobby="0"/><UN n0="%E3%81%BE%E3%81%8A%E3%82%89%E3%82%93" n1="%E9%9D%9E%E5%8A%B9%E7%8E%87%E6%89%93%E6%B3%95" n2="%E5%A4%AA%E3%81%8F%E3%81%AA%E3%81%84%E3%81%8A" n3="%E3%81%8A%E5%8F%A3%E3%83%81%E3%83%A3%E3%83%83%E3%82%AF%E6%BA%80%E8%B2%AB" dan="16,17,18,16" rate="2064.47,2172.32,2178.01,2056.24" sx="F,M,F,F"/><TAIKYOKU oya="0"/>

<Scene>
<INIT seed="0,0,0,4,0,111" ten="250,250,250,250" oya="0" hai0="49,9,0,121,32,23,43,48,132,130,122,20,77" hai1="59,107,65,35,91,6,135,69,24,90,93,42,63" hai2="127,108,88,128,15,76,87,38,51,58,8,126,40" hai3="36,89,22,82,94,75,74,83,96,73,103,27,113"/><T29/><D32/><U16/><E107/><V78/><F38/><W71/><G71/><T119/><D119/><U11/><E135/><V80/><F108/><W98/><G36/><T47/><D132/><U118/><E118/><V46/><F128/><W101/><G22/><T114/><D114/><U97/><E42/><V7/><REACH who="2" step="1"/><F58/><REACH who="2" ten="250,250,240,250" step="2"/><W28/><G28/><T60/><D130/><U117/><E117/><V120/><F120/><W109/><G109/><T115/><D122/><U95/><E69/><V124/><AGARI ba="0,1" hai="7,8,15,40,46,51,76,78,80,87,88,124,126,127" machi="124" ten="30,7900,0" yaku="1,1,0,1,18,1,54,1,53,0" doraHai="111" doraHaiUra="100" who="2" fromWho="2" sc="250,-39,250,-20,240,89,250,-20" />
</Scene>
<Scene>
<INIT seed="1,0,0,0,0,100" ten="211,230,329,230" oya="1" hai0="41,83,102,95,73,113,101,56,52,116,9,49,114" hai1="82,55,22,24,20,16,125,128,46,99,91,112,103" hai2="67,68,34,79,87,60,96,75,7,108,86,127,6" hai3="10,78,33,26,106,104,23,5,74,71,130,85,38"/><U90/><E112/><V134/><F34/><W94/><G130/><T47/><D116/><U131/><E128/><V27/><F108/><W105/><G94/><T119/><D119/><U97/><E131/><V32/><F75/><W42/><G85/><T25/><D102/><U31/><E125/><V43/><F43/><W118/><G118/><T45/><D45/><U30/><E30/><V89/><F127/><W111/><G111/><T2/><D25/><U8/><E8/><V117/><F117/><W110/><G110/><T98/><D2/><U63/><E82/><V51/><F51/><W37/><G71/><T18/><D9/><U44/><E44/><V11/><F134/><W129/><G129/><T12/><D12/><U61/><E61/><V19/><F79/><W64/><G64/><T21/><D21/><U59/><E46/><V126/><F126/><W50/><G50/><T69/><D18/><U62/><E62/><V13/><F96/><N who="1" m="36937" /><E103/><V70/><F70/><W123/><G123/><T81/><D69/><U115/><E115/><V4/><F89/><W54/><G54/><T17/><D17/><U29/><E31/><V84/><REACH who="2" step="1"/><F32/><REACH who="2" ten="211,230,319,230" step="2"/><W77/><G33/><T35/><D35/><U135/><E135/><V122/><F122/><W88/><G88/><T15/><D113/><U57/><E90/><V121/><F121/><W39/><G42/><T48/><D114/><U1/><E91/><V28/><F28/><N who="3" m="17503" /><G74/><T92/><D73/><U58/><E63/><V3/><F3/><N who="3" m="319" /><G77/><T14/><D92/><U40/><E40/><V120/><F120/><W76/><AGARI ba="0,1" hai="37,38,39,76,78,104,105,106" m="319,17503" machi="76" ten="40,8000,1" yaku="5,1,52,3" doraHai="100" who="3" fromWho="3" sc="211,-20,230,-40,319,-20,230,90" />
</Scene>
<Scene>
<INIT seed="2,0,0,0,0,127" ten="191,190,299,320" oya="2" hai0="35,111,44,15,9,53,110,31,76,126,46,71,12" hai1="120,100,114,103,32,57,91,92,42,6,131,63,135" hai2="89,38,81,69,29,109,4,36,86,104,28,125,8" hai3="54,11,98,128,78,55,62,123,94,79,23,130,102"/><V134/><F104/><W26/><G11/><T49/><D71/><U14/><E114/><V1/><F69/><W124/><G124/><T0/><D126/><U129/><E32/><V95/><F125/><W90/><G123/><T70/><D70/><U10/><E120/><V58/><F134/><W75/><G102/><T19/><D0/><U40/><E135/><V112/><F112/><W116/><G116/><T20/><D35/><U115/><E115/><V83/><F109/><N who="0" m="41482" /><D76/><U93/><E42/><V65/><F65/><W24/><G24/><N who="0" m="16775" /><D15/><U122/><E40/><V17/><F17/><N who="3" m="12655" /><G55/><T80/><D80/><U84/><E122/><V60/><F29/><W56/><G79/><T73/><D46/><U88/><E103/><V51/><F28/><W85/><G75/><AGARI ba="0,0" hai="9,12,19,44,49,53,73,75" m="16775,41482" machi="75" ten="30,1000,0" yaku="14,1" doraHai="127" who="0" fromWho="3" sc="191,10,190,0,299,0,320,-10" />
</Scene>
<Scene>
<INIT seed="3,0,0,3,1,85" ten="201,190,299,310" oya="3" hai0="0,119,32,53,46,31,45,87,5,25,51,60,29" hai1="6,24,14,41,118,71,132,83,77,62,11,133,117" hai2="63,3,76,103,70,91,115,17,42,69,33,50,44" hai3="73,16,84,131,72,110,22,26,82,92,116,88,54"/><W9/><G116/><N who="1" m="44650" /><E41/><V98/><F115/><W30/><G131/><T95/><D119/><U120/><E120/><V99/><F3/><W127/><G127/><T134/><D134/><N who="1" m="51819" /><E24/><V15/><F33/><W40/><G40/><T48/><D60/><U10/><E10/><V1/><F1/><W125/><G125/><T52/><D31/><U126/><E126/><V112/><F76/><W34/><G9/><T55/><D0/><U65/><E83/><V93/><F63/><W61/><G110/><T129/><D129/><U90/><E90/><V68/><F112/><W74/><G61/><T78/><D5/><U27/><E27/><V122/><F122/><W4/><G4/><T18/><D18/><U79/><AGARI ba="0,0" hai="6,11,14,62,65,71,77,79" m="51819,44650" machi="79" ten="40,2700,0" yaku="12,1,20,1" doraHai="85" who="1" fromWho="1" sc="201,-7,190,27,299,-7,310,-13" />
</Scene>
<Scene>
<INIT seed="4,0,0,5,2,63" ten="194,217,292,297" oya="0" hai0="66,122,87,119,121,54,31,42,88,111,19,83,20" hai1="30,14,72,81,131,127,114,93,82,96,116,100,6" hai2="92,61,40,89,1,73,17,52,133,0,50,29,53" hai3="95,37,22,70,79,26,110,126,44,41,5,68,75"/><T67/><D119/><U124/><E116/><V49/><F73/><W51/><G126/><N who="1" m="48170" /><E30/><V32/><F133/><W34/><G34/><T132/><D132/><U135/><E135/><V106/><F106/><W65/><G5/><T25/><D42/><U98/><E6/><V59/><F40/><W27/><G27/><T120/><D111/><U18/><E131/><V77/><F77/><W86/><G75/><T45/><D45/><U35/><E35/><V113/><F113/><W60/><G110/><T103/><D103/><N who="1" m="60815" /><E72/><V47/><F17/><W104/><G104/><T38/><D38/><U123/><E123/><V9/><F9/><W23/><G23/><T74/><D74/><U102/><E102/><V112/><F112/><W36/><G70/><T62/><REACH who="0" step="1"/><D31/><REACH who="0" ten="184,217,292,297" step="2"/><U117/><E117/><V108/><F108/><W91/><REACH who="3" step="1"/><G79/><REACH who="3" ten="184,217,292,287" step="2"/><T46/><D46/><U80/><E114/><V97/><F47/><W28/><AGARI ba="0,2" hai="22,26,28,36,37,41,44,51,60,65,68,86,91,95" machi="28" ten="20,8000,1" yaku="1,1,2,1,0,1,7,1,52,1,53,0" doraHai="63" doraHaiUra="15" who="3" fromWho="3" sc="184,-40,217,-20,292,-20,287,100" />
</Scene>
<Scene>
<INIT seed="5,0,0,2,1,37" ten="144,197,272,387" oya="1" hai0="79,110,85,52,31,130,88,39,76,2,49,90,82" hai1="30,127,19,13,72,62,129,60,17,116,84,99,135" hai2="80,108,109,105,28,47,8,0,121,59,44,53,100" hai3="93,68,56,134,117,102,124,50,91,103,26,58,42"/><U89/><E72/><V119/><F121/><W92/><G68/><T5/><D39/><U38/><E116/><V22/><F119/><W120/><G93/><T95/><D110/><U18/><E38/><V133/><F133/><W23/><G124/><T15/><D2/><U66/><E127/><V20/><F80/><W43/><G134/><T11/><D31/><U86/><E135/><V41/><F100/><N who="3" m="38443" /><G120/><T115/><D115/><U63/><E129/><V67/><F67/><W10/><G10/><T9/><D9/><U122/><E122/><V126/><F105/><W78/><G78/><T131/><D131/><U74/><E74/><V21/><F28/><N who="3" m="17503" /><G117/><T12/><D12/><U3/><E3/><V77/><F77/><W61/><G50/><T35/><D35/><U111/><E111/><V81/><F81/><W96/><G58/><N who="0" m="33039" /><D130/><U112/><E30/><V104/><F104/><W7/><G7/><T16/><D5/><U70/><E13/><V97/><F126/><W6/><G6/><T125/><D125/><U113/><E99/><AGARI ba="0,0" hai="11,15,16,76,79,82,85,88,90,95,99" m="33039" machi="99" ten="30,7700,0" yaku="8,1,54,3" doraHai="37" who="0" fromWho="1" sc="144,77,197,-77,272,0,387,0" />
</Scene>
<Scene>
<INIT seed="6,0,0,3,3,36" ten="221,120,272,387" oya="2" hai0="128,84,77,24,135,53,101,3,114,34,104,98,70" hai1="62,120,123,17,118,7,92,8,9,29,25,67,73" hai2="46,57,4,18,111,107,35,32,103,100,31,15,49" hai3="64,119,106,58,22,91,110,76,43,88,85,14,39"/><V129/><F4/><W130/><G106/><T56/><D3/><U60/><E73/><V42/><F129/><W68/><G68/><T11/><D128/><U50/><E118/><V54/><F111/><W109/><G91/><T55/><D70/><U26/><E92/><V96/><F100/><W121/><G76/><T113/><D135/><U20/><E50/><V45/><F31/><W81/><G121/><T72/><D72/><U112/><E112/><N who="0" m="43113" /><D11/><U33/><E62/><V28/><F28/><W102/><G14/><T47/><D47/><U94/><E94/><V97/><F97/><W127/><G22/><T82/><D56/><U93/><E93/><V89/><F89/><W5/><G88/><N who="0" m="51223" /><D34/><U122/><REACH who="1" step="1"/><E7/><REACH who="1" ten="221,110,272,387" step="2"/><V1/><F49/><W69/><G5/><T99/><D99/><U19/><E19/><V30/><F18/><W117/><G117/><T71/><D71/><AGARI ba="0,1" hai="8,9,17,20,25,26,29,33,60,67,71,120,122,123" machi="71" ten="40,2600,0" yaku="1,1,13,1,53,0" doraHai="36" doraHaiUra="75" who="1" fromWho="0" sc="221,-26,110,36,272,0,387,0" />
</Scene>
<Scene>
<INIT seed="7,0,0,2,5,71" ten="195,146,272,387" oya="3" hai0="64,114,42,102,111,44,21,113,48,13,106,100,82" hai1="49,68,133,129,30,98,79,20,35,8,9,127,94" hai2="38,109,93,74,40,55,92,62,70,101,10,130,14" hai3="45,24,91,119,120,69,96,1,57,99,26,124,84"/><W51/><G69/><T117/><D106/><U2/><E68/><V46/><F74/><W54/><G1/><T122/><D64/><U97/><E35/><V131/><F109/><W115/><G124/><T72/><D111/><U104/><E127/><V56/><F70/><W6/><G6/><T134/><D117/><U75/><E129/><N who="2" m="49163" /><F101/><W43/><G115/><N who="0" m="44043" /><D122/><U17/><E133/><V112/><F112/><W5/><G5/><AGARI ba="0,0" hai="5,10,14,38,40,46,55,56,62,92,93" m="49163" machi="5" ten="30,2000,0" yaku="19,1,52,1" doraHai="71" who="2" fromWho="3" sc="195,0,146,0,272,20,387,-20" owari="195,-20.0,146,-35.0,292,9.0,367,46.0" />
</Scene>
</mjloggm>