<mjloggm ver="2.3"><GO type="97"/><UN n0="%E5%A4%AA%E3%81%8F%E3%81%AA%E3%81%84%E3%81%8A" n1="%E8%99%8E%E4%B8%80%E6%97%8F%E2%98%85%E9%81%8A" n2="%E3%83%97%E3%83%A9%E3%83%81%E3%83%8A%E3%83%A0" n3="%E3%83%81%E3%83%AD%E3%83%AD%E8%BB%8D%E6%9B%B9" dan="13,13,15,14" rate="1953,1819,1938,1876" sx="M,M,M,M"/><TAIKYOKU oya="0"/>

<Scene>
<INIT seed="0,0,0,5,3,49" ten="250,250,250,250" oya="0" hai0="60,15,34,4,27,128,66,47,75,45,20,74,31" hai1="90,18,32,22,38,26,82,42,57,112,129,23,61" hai2="6,89,86,10,14,70,44,52,30,41,59,87,102" hai3="8,111,17,19,28,115,106,99,24,58,2,126,37"/><T133/><D133/><U83/><E112/><V68/><F102/><W33/><G115/><T121/><D121/><U54/><E32/><V46/><F30/><W84/><G37/><T118/><D118/><U25/><E129/><V119/><F119/><W97/><G111/><T94/><D128/><U92/><E42/><V77/><F77/><W131/><G131/><T35/><D94/><U101/><E38/><V123/><F123/><W73/><G73/><T0/><D75/><U93/><E101/><V81/><F87/><W124/><G84/><T85/><D85/><U11/><E11/><V1/><F1/><W65/><G97/><T50/><D74/><U3/><E3/><V127/><F127/><N who="3" m="48683" /><G65/><T63/><D45/><U113/><E113/><V7/><F7/><N who="3" m="1143" /><G58/><T21/><D0/><U116/><E116/><V95/><F95/><N who="1" m="36425" /><E90/><V135/><F135/><W64/><G64/><T40/><D35/><U79/><E79/><V100/><F100/><AGARI ba="0,0" hai="17,19,24,28,33,99,100,106" m="1143,48683" machi="100" ten="30,1000,0" yaku="18,1" doraHai="49" who="3" fromWho="2" sc="250,0,250,0,250,-10,250,10" />
</Scene>
<Scene>
<INIT seed="1,0,0,1,1,68" ten="250,250,240,260" oya="1" hai0="25,2,45,121,119,106,70,123,24,37,102,103,115" hai1="12,29,127,116,65,0,75,133,49,58,46,41,57" hai2="61,96,28,111,105,53,5,104,83,34,126,40,97" hai3="11,63,99,3,117,112,129,55,93,91,66,50,114"/><U48/><E75/><V79/><F126/><W86/><G129/><T15/><D119/><U76/><E0/><V14/><F111/><W47/><G117/><T118/><D2/><U95/><E76/><V132/><F132/><W122/><G122/><N who="0" m="46603" /><D118/><U94/><E133/><V62/><F40/><W16/><G99/><N who="0" m="61791" /><D103/><U110/><E110/><V36/><F28/><W84/><G84/><T20/><D70/><U67/><E116/><V4/><F34/><W21/><G11/><T124/><D115/><U23/><E127/><V134/><F134/><W22/><G3/><T1/><D1/><U43/><E12/><V130/><F14/><W109/><G109/><T87/><D87/><U8/><E8/><V90/><F130/><W30/><G30/><T78/><D78/><U88/><E29/><V38/><F90/><W60/><G22/><T56/><D56/><N who="1" m="21611" /><E23/><V35/><F35/><W52/><G55/><T13/><D124/><U77/><E77/><V54/><F79/><W82/><G82/><AGARI ba="0,0" hai="4,5,36,38,53,54,61,62,82,83,96,97,104,105" machi="82" ten="25,6400,0" yaku="22,2,52,2" doraHai="68" who="2" fromWho="3" sc="250,0,250,0,240,64,260,-64" />
</Scene>
<Scene>
<INIT seed="2,0,0,3,1,47" ten="250,250,304,196" oya="2" hai0="66,59,8,64,29,16,88,101,129,132,77,62,67" hai1="68,113,86,57,73,94,10,30,114,85,41,36,51" hai2="111,55,18,84,49,100,35,103,118,61,11,4,60" hai3="40,128,38,83,27,54,22,33,50,130,3,91,53"/><V96/><F118/><W81/><G3/><T28/><D129/><N who="3" m="49769" /><G33/><T98/><D132/><U93/><E73/><V108/><F35/><W133/><G133/><T45/><D77/><U0/><E68/><V127/><F18/><N who="3" m="12759" /><G91/><T7/><D45/><U121/><E30/><N who="0" m="11881" /><D101/><U97/><E121/><V102/><F84/><W24/><G24/><T58/><D7/><U71/><E36/><V106/><F96/><W120/><G120/><T123/><D62/><U72/><E71/><V134/><F106/><W115/><G115/><T109/><D109/><N who="2" m="42058" /><F127/><W124/><G124/><T32/><D32/><U43/><E72/><V13/><F134/><W116/><G116/><T14/><D123/><U135/><E135/><V2/><F2/><W80/><G38/><T117/><D117/><U110/><E110/><V112/><F112/><W56/><G54/><T92/><AGARI ba="0,0" hai="8,14,16,58,59,64,66,67,88,92,98" m="11881" machi="92" ten="30,4000,0" yaku="8,1,54,2" doraHai="47" who="0" fromWho="0" sc="250,40,250,-10,304,-20,196,-10" />
</Scene>
<Scene>
<INIT seed="3,0,0,4,5,54" ten="290,240,284,186" oya="3" hai0="47,83,116,130,67,49,58,11,35,90,104,99,65" hai1="33,79,71,23,0,74,92,89,85,84,6,72,22" hai2="10,80,25,115,119,9,34,12,120,76,113,125,64" hai3="2,5,70,98,16,46,3,105,68,108,44,8,30"/><W53/><G108/><T112/><D116/><U81/><E71/><V131/><F119/><W31/><G3/><T43/><D35/><U88/><E33/><V39/><F39/><W95/><G105/><T87/><D130/><U20/><REACH who="1" step="1"/><E79/><REACH who="1" ten="290,230,284,186" step="2"/><V93/><F131/><W111/><G111/><T114/><D11/><AGARI ba="0,1" hai="0,6,11,20,22,23,72,74,81,84,85,88,89,92" machi="11" ten="40,5200,0" yaku="1,1,2,1,54,1,53,0" doraHai="54" doraHaiUra="41" who="1" fromWho="0" sc="290,-52,230,62,284,0,186,0" />
</Scene>
<Scene>
<INIT seed="4,0,0,5,0,88" ten="238,292,284,186" oya="0" hai0="15,12,47,71,79,94,112,123,3,122,16,13,34" hai1="102,92,74,125,110,59,22,127,21,105,42,1,129" hai2="135,86,56,11,121,100,80,20,81,14,69,61,25" hai3="19,113,72,99,32,26,40,41,106,103,83,8,120"/><T36/><D112/><U0/><E74/><V44/><F121/><W52/><G120/><T119/><D119/><U97/><E129/><V91/><F135/><W118/><G118/><T2/><D71/><U116/><E110/><V124/><F124/><N who="1" m="47689" /><E116/><V109/><F109/><W58/><G113/><T53/><D34/><U66/><E42/><V45/><F100/><W67/><G67/><T64/><D64/><U65/><E105/><V17/><F69/><W84/><G72/><T96/><D79/><U104/><E66/><V27/><F81/><W107/><G107/><T132/><D132/><U90/><E65/><N who="2" m="39079" /><F25/><W60/><G32/><T54/><D123/><U5/><E59/><V101/><F101/><W131/><G131/><T18/><D122/><U38/><E38/><V115/><F115/><W75/><G75/><T77/><D77/><U23/><E5/><AGARI ba="0,0" hai="5,11,14,17,20,27,44,45,80,86,91" m="39079" machi="5" ten="30,1000,0" yaku="8,1" doraHai="88" who="2" fromWho="1" sc="238,0,292,-10,284,10,186,0" />
</Scene>
<Scene>
<INIT seed="5,0,0,3,1,42" ten="238,282,294,186" oya="1" hai0="17,59,16,32,98,10,36,91,44,88,53,130,6" hai1="93,122,49,43,134,69,113,77,62,31,41,68,15" hai2="107,96,5,100,127,33,102,121,74,125,13,56,117" hai3="114,37,84,60,61,45,50,128,3,57,78,34,64"/><U99/><E122/><V85/><F33/><W26/><G3/><T101/><D32/><U79/><E113/><V131/><F117/><W81/><G37/><T111/><D111/><U112/><E112/><V14/><F121/><W2/><G2/><T83/><D130/><U27/><E134/><V0/><F74/><W110/><G110/><T65/><D65/><U97/><E15/><V118/><F118/><W106/><G114/><T71/><D71/><U28/><E93/><V82/><F131/><W75/><G106/><T21/><D83/><U120/><E120/><V48/><F100/><W19/><G128/><T67/><D67/><U66/><E66/><V30/><F30/><W35/><G61/><T124/><D124/><N who="2" m="47690" /><F5/><W132/><G132/><T92/><D36/><U123/><E123/><V108/><F0/><W133/><G133/><T29/><D29/><U1/><E62/><V39/><F39/><W129/><G129/><T38/><D38/><U23/><E1/><V11/><F11/><W90/><G19/><N who="0" m="7243" /><D21/><U46/><E41/><V8/><F8/><W55/><REACH who="3" step="1"/><G26/><REACH who="3" ten="238,282,294,176" step="2"/><T40/><D6/><U80/><E31/><V103/><F108/><W63/><G63/><N who="0" m="36335" /><D10/><U119/><E119/><V109/><F109/><W104/><G104/><T7/><D7/><U22/><E22/><V76/><F103/><W89/><G89/><T25/><D25/><U47/><E79/><V73/><F107/><W105/><G105/><T95/><D101/><U18/><E27/><V24/><F24/><W20/><G20/><T9/><D91/><U51/><E23/><V70/><F102/><RYUUKYOKU ba="0,1" sc="238,-10,282,-10,294,-10,176,30" hai3="34,35,45,50,55,57,60,64,75,78,81,84,90" />
</Scene>
<Scene>
<INIT seed="6,1,1,1,0,47" ten="228,272,284,206" oya="2" hai0="116,81,96,20,78,45,18,114,17,66,110,93,88" hai1="6,48,3,84,34,19,25,94,91,123,113,109,105" hai2="22,0,92,75,33,129,58,53,26,132,80,68,130" hai3="31,112,126,21,100,11,62,29,9,133,102,71,127"/><V77/><F68/><W86/><G133/><T39/><D110/><U27/><E27/><V60/><F33/><W103/><G112/><T104/><D114/><U97/><E97/><V10/><F132/><W117/><G117/><T42/><D116/><U56/><E56/><V95/><F10/><N who="3" m="3595" /><G86/><T120/><D120/><U128/><E128/><N who="2" m="49259" /><F0/><W64/><G21/><T14/><D66/><U82/><E82/><V46/><F46/><W55/><G55/><T121/><D121/><U37/><E37/><V73/><F73/><W69/><G69/><T79/><D104/><U51/><E51/><V41/><F41/><W1/><G1/><T16/><REACH who="0" step="1"/><D78/><REACH who="0" ten="218,272,284,206" step="2"/><U40/><E40/><V98/><F98/><W7/><G7/><T87/><AGARI ba="1,2" hai="14,16,17,18,20,39,42,45,79,81,87,88,93,96" machi="87" ten="20,12000,2" yaku="1,1,2,1,0,1,7,1,54,2,53,1" doraHai="47" doraHaiUra="72" who="0" fromWho="0" sc="218,143,272,-31,284,-61,206,-31" owari="361,46.0,241,4.0,223,-18.0,175,-32.0" />
</Scene>
</mjloggm>