<mjloggm ver="2.3"><GO type="41"/><UN n0="%E8%8C%A8%E5%9F%8E%E5%8C%97" n1="%E5%BC%B7%E3%81%8F%E3%81%AA%E3%81%84%E3%81%8A" n2="%E5%A4%AA%E3%81%8F%E3%81%AA%E3%81%84%E3%81%8A" n3="%E3%82%B4%E3%83%B3%E3%82%B3" dan="15,17,14,14" rate="2041,2108,2039,1929" sx="M,M,M,M"/><TAIKYOKU oya="0"/>

<Scene>
<INIT seed="0,0,0,3,2,31" ten="250,250,250,250" oya="0" hai0="29,22,44,121,69,47,90,3,98,73,104,113,32" hai1="63,84,1,124,52,57,15,41,62,48,110,54,21" hai2="20,28,40,64,88,128,13,71,35,30,66,45,89" hai3="72,81,94,61,103,129,14,34,100,117,119,91,16"/><T131/><D121/><U70/><E1/><V74/><F74/><W116/><G129/><T18/><D3/><U68/><E110/><V83/><F128/><W26/><G61/><T42/><D131/><U115/><E124/><V9/><F35/><W79/><G26/><T122/><D122/><U123/><E123/><V59/><F71/><W93/><G93/><T25/><D69/><U24/><E115/><V10/><F10/><W108/><G108/><T111/><D113/><U17/><E41/><V53/><F45/><W78/><G78/><T37/><D111/><U135/><E135/><V132/><F40/><W23/><REACH who="3" step="1"/><G34/><REACH who="3" ten="250,250,250,240" step="2"/><T2/><D104/><U105/><E105/><V8/><F132/><W75/><G75/><T49/><D73/><U106/><E106/><V86/><F83/><W127/><G127/><T5/><D32/><U12/><E63/><V118/><F66/><W92/><G92/><T80/><D80/><U85/><E68/><V87/><F64/><W109/><G109/><T107/><D107/><U43/><E70/><V46/><F30/><W133/><G133/><T130/><D29/><U60/><E60/><V126/><F28/><W120/><G120/><T6/><D130/><U36/><E62/><V125/><F125/><W96/><AGARI ba="0,1" hai="14,16,23,72,79,81,91,94,96,100,103,116,117,119" machi="96" ten="30,4000,0" yaku="1,1,0,1,54,1,53,0" doraHai="31" doraHaiUra="38" who="3" fromWho="3" sc="250,-20,250,-10,250,-10,240,50" />
</Scene>
<Scene>
<INIT seed="1,0,0,4,5,18" ten="230,240,240,290" oya="1" hai0="29,85,52,77,90,48,16,23,34,109,61,102,58" hai1="7,96,28,65,101,73,11,113,55,118,72,25,135" hai2="54,66,6,15,21,56,95,121,62,12,89,128,84" hai3="74,13,2,75,93,131,43,59,132,70,50,24,119"/><U78/><E113/><V86/><F121/><W3/><G70/><T69/><D109/><U20/><E118/><V36/><F128/><W82/><G119/><T33/><D102/><U49/><E65/><V10/><F36/><W46/><G131/><T106/><D106/><U32/><E135/><V104/><F104/><W79/><G132/><T125/><D125/><U91/><E91/><V38/><F38/><W9/><G75/><T71/><D77/><U0/><E78/><V31/><F66/><W98/><G59/><T114/><D114/><U124/><E124/><V123/><F123/><W80/><G80/><T103/><D103/><U100/><E100/><V35/><F35/><W44/><G44/><T67/><D29/><U1/><E1/><V45/><F45/><W108/><G24/><T117/><D69/><U4/><E4/><V94/><F31/><W39/><G108/><T26/><REACH who="0" step="1"/><D117/><REACH who="0" ten="220,240,240,290" step="2"/><U63/><E32/><V88/><REACH who="2" step="1"/><F21/><REACH who="2" ten="220,240,230,290" step="2"/><W115/><G115/><T133/><D133/><U40/><E20/><V129/><F129/><W60/><G39/><T127/><D127/><U19/><E28/><V97/><F97/><W30/><G30/><T122/><D122/><U8/><E96/><V126/><F126/><W22/><G98/><T81/><AGARI ba="0,2" hai="16,23,26,33,34,48,52,58,61,67,71,81,85,90" machi="81" ten="20,12000,2" yaku="1,1,0,1,7,1,52,1,54,2,53,1" doraHai="18" doraHaiUra="14" who="0" fromWho="0" sc="220,140,240,-60,230,-30,290,-30" />
</Scene>
<Scene>
<INIT seed="2,0,0,0,5,50" ten="360,180,200,260" oya="2" hai0="7,112,37,73,45,24,107,133,62,54,68,71,60" hai1="126,95,74,5,75,57,90,25,49,42,44,72,76" hai2="79,94,51,2,84,6,63,39,70,115,48,15,99" hai3="34,19,31,26,33,77,52,129,93,80,35,89,17"/><V8/><F39/><W32/><G129/><T131/><D73/><U22/><E126/><V9/><F115/><W118/><G118/><T100/><D7/><U47/><E5/><V105/><F105/><W36/><G36/><T91/><D112/><U106/><E106/><V14/><F70/><W55/><G19/><T135/><D100/><U23/><E47/><V59/><F84/><W65/><G65/><T110/><D107/><U40/><E40/><V28/><F79/><W3/><G3/><T87/><D131/><U117/><E117/><V16/><F28/><W108/><G108/><T128/><D110/><U46/><E46/><V125/><F125/><W116/><G17/><T92/><D128/><U124/><E124/><V122/><F122/><W20/><N who="3" m="8704" /><DORA hai="96" /><W130/><G130/><T132/><D24/><U97/><E57/><V29/><F29/><W11/><G11/><T113/><D113/><U18/><REACH who="1" step="1"/><E23/><REACH who="1" ten="360,170,200,260" step="2"/><V53/><REACH who="2" step="1"/><F2/><REACH who="2" ten="360,170,190,260" step="2"/><W111/><G116/><T12/><D71/><U67/><E67/><V56/><F56/><W88/><G111/><T10/><D68/><U82/><AGARI ba="0,2" hai="18,22,25,42,44,49,72,74,75,76,82,90,95,97" machi="82" ten="30,4000,0" yaku="1,1,0,1,53,1" doraHai="50,96" doraHaiUra="1,43" who="1" fromWho="1" sc="360,-10,170,60,190,-20,260,-10" />
</Scene>
<Scene>
<INIT seed="3,0,0,2,2,13" ten="350,230,170,250" oya="3" hai0="87,99,125,52,38,54,102,100,18,115,22,114,89" hai1="10,124,69,134,30,127,6,123,44,103,12,63,64" hai2="4,117,133,60,97,29,36,121,98,50,107,105,26" hai3="24,42,91,8,120,95,53,20,126,40,106,5,79"/><W32/><G106/><T17/><D38/><U122/><E103/><N who="0" m="39465" /><D99/><U23/><E134/><V101/><F117/><W75/><G120/><T34/><D34/><U128/><E128/><V62/><F36/><W116/><G116/><T21/><D125/><N who="1" m="48203" /><E44/><V86/><F98/><W73/><G126/><T15/><D114/><U110/><E110/><V94/><F133/><W112/><G32/><T41/><D41/><U37/><E37/><V129/><F129/><W68/><G68/><T27/><D115/><U118/><E118/><V113/><F113/><W67/><G67/><T130/><D130/><U90/><E90/><V2/><F121/><W16/><G112/><T11/><D11/><U45/><E45/><V43/><F105/><W7/><G7/><T28/><D28/><U132/><E132/><V84/><F4/><W104/><G104/><T57/><D57/><U48/><E48/><V78/><F50/><W111/><G111/><T70/><D70/><U71/><E71/><V109/><F109/><W49/><G79/><T58/><D58/><U31/><E31/><V61/><F43/><W135/><G135/><T80/><AGARI ba="0,0" hai="15,17,18,21,22,27,52,54,80,87,89" m="39465" machi="80" ten="30,7900,0" yaku="8,1,52,2,54,1" doraHai="13" who="0" fromWho="0" sc="350,79,230,-20,170,-20,250,-39" />
</Scene>
<Scene>
<INIT seed="4,0,0,2,0,69" ten="429,210,150,211" oya="0" hai0="117,105,17,29,130,46,20,1,120,126,129,102,93" hai1="39,110,109,24,64,22,36,38,127,21,12,19,2" hai2="95,111,41,48,66,108,132,8,121,18,42,128,92" hai3="124,83,82,31,74,119,78,85,57,99,96,100,135"/><T116/><D120/><U50/><E2/><V44/><F121/><W101/><G119/><T60/><D105/><U9/><E127/><V106/><F106/><W56/><G124/><T114/><D1/><U5/><E64/><V104/><F104/><W113/><G113/><T107/><D107/><U91/><E22/><V13/><F128/><W65/><G135/><T54/><D29/><U134/><E134/><V67/><F132/><W32/><G32/><T84/><D126/><U47/><REACH who="1" step="1"/><E91/><REACH who="1" ten="429,200,150,211" step="2"/><V59/><F67/><W97/><G65/><T0/><D0/><U43/><AGARI ba="0,1" hai="5,9,12,19,21,24,36,38,39,43,47,50,109,110" machi="43" ten="30,12000,2" yaku="1,1,2,1,0,1,52,3,53,0" doraHai="69" doraHaiUra="77" who="1" fromWho="1" sc="429,-60,200,130,150,-30,211,-30" />
</Scene>
<Scene>
<INIT seed="5,0,0,1,0,91" ten="369,330,120,181" oya="1" hai0="72,43,34,29,69,100,107,74,49,133,75,104,115" hai1="116,20,135,66,94,130,45,60,77,110,36,128,92" hai2="83,125,24,4,22,10,16,28,48,85,111,112,13" hai3="33,23,78,38,50,64,19,86,30,90,41,35,65"/><U132/><E116/><V5/><F125/><W102/><G102/><T79/><D69/><N who="1" m="42183" /><E77/><V118/><F111/><W40/><G78/><T108/><D108/><U1/><E1/><V2/><F118/><W9/><G38/><T67/><D67/><U103/><E110/><V42/><F112/><W99/><G99/><T7/><D115/><U95/><E103/><V51/><F42/><W113/><G113/><T71/><D100/><U31/><E36/><V47/><F47/><W56/><G33/><T25/><D71/><U0/><E0/><V109/><F109/><W82/><G35/><T18/><D79/><U101/><E101/><V6/><REACH who="2" step="1"/><F2/><REACH who="2" ten="369,330,110,181" step="2"/><W97/><G40/><T119/><D119/><U96/><E45/><V62/><F62/><W73/><G41/><T131/><D43/><U117/><E117/><V14/><F14/><W81/><G50/><T27/><D49/><U68/><E68/><V12/><F12/><W126/><G126/><T11/><D27/><N who="1" m="16871" /><E96/><V17/><F17/><W124/><G97/><T105/><D18/><U89/><E89/><AGARI ba="0,1" hai="4,5,6,10,13,16,22,24,28,48,51,83,85,89" machi="89" ten="40,5200,0" yaku="1,1,8,1,54,1,53,0" doraHai="91" doraHaiUra="106" who="2" fromWho="1" sc="369,0,330,-52,110,62,181,0" />
</Scene>
<Scene>
<INIT seed="6,0,0,4,2,10" ten="369,278,172,181" oya="2" hai0="122,120,62,79,114,54,105,84,9,57,53,100,34" hai1="95,12,70,83,99,101,23,116,15,134,31,72,73" hai2="78,93,25,1,128,29,65,64,108,119,107,92,106" hai3="44,126,27,94,97,74,0,127,113,123,63,104,80"/><V88/><F119/><W82/><G0/><T87/><D34/><U8/><E70/><V66/><F1/><W103/><G63/><T90/><D100/><U118/><E134/><V81/><F128/><W121/><G27/><T85/><D105/><U71/><E71/><V11/><F108/><W22/><G44/><T131/><D114/><U24/><E15/><V5/><F78/><W6/><G22/><T135/><D79/><U76/><E73/><V32/><F81/><W56/><G56/><T77/><D77/><U52/><E52/><V19/><F93/><W112/><G6/><AGARI ba="0,0" hai="6,8,12,23,24,31,72,76,83,95,99,101,116,118" machi="6" ten="30,2000,0" yaku="7,1,52,1" doraHai="10" who="1" fromWho="3" sc="369,0,278,20,172,0,181,-20" />
</Scene>
<Scene>
<INIT seed="7,0,0,3,5,104" ten="369,298,172,161" oya="3" hai0="4,14,97,76,33,59,110,16,108,39,6,107,63" hai1="36,44,73,81,100,72,29,101,133,21,105,35,19" hai2="84,58,67,25,47,120,132,102,91,116,109,112,90" hai3="51,46,5,62,130,86,0,77,2,118,119,65,42"/><W122/><G122/><T26/><D39/><U75/><E35/><V117/><F109/><W20/><G130/><T50/><D76/><U115/><E29/><V30/><F120/><W48/><G48/><T99/><D50/><U23/><E81/><V121/><F121/><W85/><G20/><T40/><D40/><U34/><E34/><V11/><F112/><W93/><G86/><T32/><D107/><U45/><E36/><V7/><F102/><N who="1" m="39529" /><E105/><V127/><F127/><W43/><G43/><T61/><D26/><U17/><E115/><V31/><F132/><W37/><G37/><T57/><D14/><U106/><E106/><V128/><F128/><W56/><G93/><T41/><D41/><U113/><E113/><V69/><F69/><W114/><G114/><T103/><D103/><U15/><E133/><V92/><F31/><W123/><G123/><T131/><D131/><U53/><E53/><V66/><F117/><W13/><G13/><T94/><D94/><U83/><E83/><V55/><F116/><W95/><G2/><T125/><D125/><U12/><E12/><N who="2" m="5247" /><F30/><W96/><G85/><T74/><D16/><N who="1" m="6219" /><E15/><V124/><F124/><W38/><G77/><T70/><D70/><U87/><E87/><V88/><F84/><W27/><G27/><T89/><D89/><U98/><E98/><V52/><F25/><W71/><G71/><T68/><D68/><U64/><E64/><V24/><F24/><W78/><G78/><T126/><D126/><U1/><E1/><V80/><F80/><W3/><G3/><T10/><D10/><U18/><E23/><RYUUKYOKU ba="0,0" sc="369,15,298,15,172,-15,161,-15" hai0="4,6,32,33,57,59,61,63,74,97,99,108,110" hai1="18,21,44,45,72,73,75" owari="384,48.0,313,11.0,157,-24.0,146,-35.0" />
</Scene>
</mjloggm>