<mjloggm ver="2.3"><GO type="225"/><UN n0="%E5%8F%8D%E9%99%BD%E5%AD%90%E3%81%95%E3%82%93" n1="%E2%98%85%E9%9B%80%E5%A8%98%E3%82%AF%E3%83%AC%E3%82%A2%E2%98%85" n2="%E5%A4%AA%E3%81%8F%E3%81%AA%E3%81%84%E3%81%8A" n3="%E3%81%BF%E3%81%BF%E3%81%9A" dan="16,16,16,17" rate="2065,2047,2067,2214" sx="M,F,M,M"/><TAIKYOKU oya="0"/>

<Scene>
<INIT seed="0,0,0,1,4,63" ten="250,250,250,250" oya="0" hai0="26,8,75,25,35,64,121,123,36,40,132,56,72" hai1="4,120,91,83,92,80,133,29,52,87,57,69,96" hai2="107,125,127,114,101,12,94,10,102,58,3,32,53" hai3="126,50,6,38,134,103,41,55,86,2,17,42,5"/><T1/><D132/><U93/><E120/><V110/><F114/><W11/><G134/><T118/><D118/><U74/><E133/><V106/><F32/><W73/><G73/><T81/><D26/><U71/><E29/><V117/><F3/><W128/><G126/><N who="2" m="48137" /><F110/><W135/><G135/><T116/><D116/><U9/><E74/><V68/><F68/><W23/><G128/><T18/><D18/><U85/><E69/><V89/><F117/><W43/><G103/><N who="2" m="39433" /><F53/><W13/><G38/><T98/><D35/><U79/><E71/><V47/><F58/><W124/><G124/><T100/><D25/><U59/><E59/><V51/><F51/><W84/><REACH who="3" step="1"/><G6/><REACH who="3" ten="250,250,250,240" step="2"/><N who="0" m="1103" /><D75/><U76/><E4/><N who="2" m="3143" /><F47/><AGARI ba="0,1" hai="2,5,11,13,17,23,41,42,43,47,50,55,84,86" machi="47" ten="40,2600,0" yaku="1,1,53,1" doraHai="63" doraHaiUra="46" who="3" fromWho="2" sc="250,0,250,0,250,-26,240,36" />
</Scene>
<Scene>
<INIT seed="1,0,0,4,0,78" ten="250,250,224,276" oya="1" hai0="14,86,60,98,32,85,54,42,89,129,6,114,83" hai1="119,34,35,112,9,66,94,10,17,38,26,28,59" hai2="133,124,131,49,16,132,113,125,82,52,7,40,100" hai3="30,68,79,12,39,81,130,76,103,27,105,63,19"/><U70/><E112/><V62/><F113/><W104/><G39/><T74/><D114/><U5/><E119/><V126/><F7/><W108/><G108/><T4/><D32/><U109/><E38/><V18/><F100/><W43/><G43/><T88/><D74/><U55/><E109/><V69/><F40/><W77/><G130/><T92/><D129/><U75/><E75/><V128/><F82/><W102/><G105/><T127/><D127/><U64/><E35/><V23/><F62/><W106/><G106/><T36/><D36/><U111/><E111/><V115/><F69/><W134/><G134/><N who="2" m="51817" /><F115/><W65/><G104/><T87/><D42/><U123/><E70/><V20/><F20/><W72/><G102/><T11/><D6/><U3/><E94/><V95/><F95/><W45/><G103/><T120/><D120/><U1/><E5/><V91/><F91/><W97/><G97/><T121/><D121/><U22/><E123/><V110/><F110/><W31/><G45/><T80/><D89/><U58/><E3/><V33/><F33/><W122/><G122/><T107/><D107/><U2/><E2/><V135/><N who="2" m="51825" /><V25/><DORA hai="24" /><F18/><W56/><G68/><T101/><D101/><U44/><E1/><V117/><F117/><W8/><G31/><T99/><D99/><U48/><E34/><AGARI ba="0,0" hai="8,12,19,27,30,34,56,63,65,72,76,77,79,81" machi="34" ten="30,3900,0" yaku="7,1,52,2" doraHai="78,24" who="3" fromWho="1" sc="250,0,250,-39,224,0,276,39" />
</Scene>
<Scene>
<INIT seed="2,0,0,2,2,97" ten="250,211,224,315" oya="2" hai0="16,100,99,115,127,67,33,44,119,31,79,19,4" hai1="2,17,27,21,103,26,96,34,114,12,86,95,23" hai2="134,71,85,66,29,53,15,24,135,132,37,38,126" hai3="50,14,52,10,130,121,70,30,32,117,40,77,109"/><V122/><F122/><W9/><G117/><T133/><D115/><U6/><E114/><V64/><F126/><W108/><G121/><T69/><D127/><U65/><E34/><V54/><F15/><W125/><G70/><T112/><D112/><U0/><E65/><N who="2" m="25195" /><F85/><W41/><G125/><T13/><D133/><U129/><E129/><V124/><F124/><W89/><G77/><T45/><D79/><U116/><E116/><V90/><F90/><W3/><G3/><T76/><D76/><U63/><E63/><V80/><F80/><W61/><G130/><T93/><D119/><U25/><E86/><V75/><F75/><W72/><G72/><T98/><D99/><U47/><E47/><V81/><F81/><W7/><G9/><T42/><D4/><U92/><E92/><V5/><F5/><W43/><G89/><T22/><D19/><U82/><E82/><V68/><F24/><W39/><G61/><T101/><D67/><U118/><E118/><V106/><F106/><W102/><G39/><N who="2" m="14857" /><F29/><W87/><G87/><T123/><D69/><AGARI ba="0,0" hai="53,54,68,69,71,132,134,135" m="14857,25195" machi="69" ten="40,12000,1" yaku="28,2,20,1,34,2" doraHai="97" who="2" fromWho="0" sc="250,-120,211,0,224,120,315,0" />
</Scene>
<Scene>
<INIT seed="2,1,0,5,0,34" ten="130,211,344,315" oya="2" hai0="2,105,124,109,55,26,62,134,43,126,128,22,61" hai1="74,133,9,103,131,38,113,64,87,54,45,35,14" hai2="123,19,44,16,41,97,36,56,118,86,40,112,30" hai3="93,77,31,6,51,107,15,25,71,13,7,70,65"/><V32/><F123/><W20/><G107/><T5/><D105/><U48/><E113/><V81/><F112/><W106/><G106/><T46/><D109/><U68/><E103/><V18/><F118/><W37/><G37/><T17/><D134/><U95/><E74/><V111/><F111/><W119/><G119/><T114/><D114/><U0/><E35/><V23/><F41/><W78/><G51/><T92/><D128/><U121/><E121/><V127/><F127/><W89/><G70/><T73/><D92/><U52/><E131/><V108/><F108/><W85/><G65/><T72/><D72/><U75/><E75/><V69/><F69/><W100/><G100/><T102/><D102/><U125/><E125/><N who="0" m="48233" /><D55/><U116/><E54/><V80/><F80/><W21/><G71/><T39/><D73/><U42/><E133/><V115/><F97/><W53/><G53/><T33/><D33/><U99/><E116/><V3/><F32/><W120/><G120/><T76/><D76/><N who="3" m="29289" /><G21/><T94/><D94/><U10/><E87/><V91/><F115/><W88/><G89/><T11/><AGARI ba="1,0" hai="2,5,11,17,22,26,39,43,46,61,62" m="48233" machi="11" ten="30,2000,0" yaku="18,1,52,1" doraHai="34" who="0" fromWho="0" sc="130,23,211,-6,344,-11,315,-6" />
</Scene>
<Scene>
<INIT seed="3,0,0,3,1,15" ten="153,205,333,309" oya="3" hai0="120,93,47,74,33,119,83,70,28,132,38,106,56" hai1="49,35,123,128,52,46,134,41,7,29,17,1,31" hai2="62,78,4,10,24,50,87,90,34,40,100,96,18" hai3="129,75,20,36,30,73,102,37,121,84,32,39,130"/><W21/><G121/><T59/><D120/><U97/><E123/><V44/><F62/><W58/><G102/><T25/><D119/><U131/><E35/><V51/><F78/><W118/><G118/><T135/><D106/><U57/><E134/><V117/><F117/><W60/><G32/><T95/><D70/><U105/><E7/><V79/><F79/><W109/><G84/><T27/><D74/><N who="3" m="28169" /><G30/><T68/><D68/><U86/><E1/><V42/><F34/><W22/><G109/><T125/><D83/><U6/><E6/><V85/><F4/><W76/><G76/><T133/><D125/><U12/><E86/><V91/><F85/><W26/><G58/><T104/><D104/><U71/><E71/><V3/><F3/><W5/><G60/><T66/><D27/><U45/><E97/><V82/><F90/><W14/><G5/><T19/><D47/><N who="1" m="17931" /><E41/><N who="2" m="15979" /><F44/><W114/><G114/><T80/><D38/><U107/><E107/><V65/><F65/><W122/><G122/><T116/><D116/><U2/><E2/><V69/><F69/><W112/><G112/><T23/><D80/><U11/><E105/><V63/><F63/><W126/><G126/><T72/><D72/><U0/><E0/><V16/><F100/><W61/><G14/><T8/><D8/><U43/><E43/><V98/><F10/><W108/><G108/><T115/><D115/><U54/><E54/><V9/><F9/><W53/><G26/><N who="0" m="14719" /><D66/><U113/><E113/><V124/><F124/><W89/><G89/><T48/><D48/><N who="2" m="18474" /><F24/><W92/><G92/><T88/><D95/><RYUUKYOKU ba="0,0" sc="153,0,205,0,333,0,309,0" hai0="25,28,33,56,59,88,93,132,133,135" hai1="11,12,17,29,31,49,52,57,128,131" hai2="16,18,82,87,91,96,98" hai3="20,21,22,36,37,39,53,61,129,130" />
</Scene>
<Scene>
<INIT seed="3,1,0,3,1,106" ten="153,205,333,309" oya="3" hai0="16,55,33,49,51,28,125,105,14,62,107,119,81" hai1="76,102,46,93,100,6,40,123,74,99,42,82,134" hai2="35,48,11,130,9,127,122,103,114,34,97,73,45" hai3="129,135,133,37,59,132,43,60,63,83,20,13,53"/><W10/><G129/><T101/><D119/><U131/><E123/><V110/><F114/><W116/><G116/><T4/><D125/><U87/><E131/><V0/><F130/><W70/><G20/><T124/><D124/><U58/><E134/><V30/><F127/><W90/><G90/><T84/><D4/><U111/><E111/><V88/><F73/><W120/><G120/><T117/><D117/><U22/><E6/><V31/><F122/><W32/><G32/><T109/><D109/><U56/><E42/><N who="2" m="24631" /><F0/><W26/><G26/><T54/><D101/><U57/><E22/><V2/><F2/><W85/><G85/><T15/><D62/><U24/><E24/><V92/><F35/><W77/><G43/><T21/><D33/><U65/><E102/><V1/><F1/><W52/><G37/><T12/><D28/><N who="2" m="10794" /><F34/><W69/><G53/><T75/><D75/><U94/><E94/><N who="2" m="58807" /><F110/><W118/><G118/><T38/><D38/><U50/><E74/><V72/><F72/><N who="3" m="43431" /><G63/><AGARI ba="1,0" hai="40,46,50,56,57,58,63,65,76,82,87,93,99,100" machi="63" ten="40,1300,0" yaku="8,1" doraHai="106" who="1" fromWho="3" sc="153,0,205,16,333,0,309,-16" owari="153,-35.0,221,-18.0,333,44.0,293,9.0" />
</Scene>
</mjloggm>