<mjloggm ver="2.3"><GO type="169" lobby="0"/><UN n0="%E5%A4%AA%E3%81%8F%E3%81%AA%E3%81%84%E3%81%8A" n1="%E3%83%8C%E3%83%A1%E3%83%AA%E3%83%83%E3%82%AF" n2="%E5%A0%80%E3%82%B9%E3%82%B9%E3%83%A0" n3="%EF%BC%A0%E6%A3%AE" dan="17,16,16,16" rate="2187.49,2034.50,2060.28,2066.14" sx="M,M,M,F"/><TAIKYOKU oya="0"/>

<Scene>
<INIT seed="0,0,0,5,1,22" ten="250,250,250,250" oya="0" hai0="82,55,61,118,81,92,31,37,102,106,11,87,4" hai1="40,34,79,44,24,99,76,77,95,3,107,9,125" hai2="104,97,64,67,94,48,8,45,71,83,135,1,53" hai3="103,68,20,89,41,57,98,132,88,105,112,74,19"/><T21/><D37/><U72/><E107/><V56/><F104/><W58/><G68/><T12/><D118/><U25/><E125/><V120/><F120/><W36/><G112/><T23/><D106/><U42/><E72/><V28/><F135/><W131/><G131/><T39/><D39/><U63/><E63/><V133/><F133/><W129/><G129/><T93/><D82/><U52/><E34/><V27/><F83/><W59/><G74/><T62/><D102/><N who="1" m="60799" /><E9/><V128/><F71/><W14/><REACH who="3" step="1"/><G132/><REACH who="3" ten="250,250,250,240" step="2"/><T0/><D0/><U110/><E3/><V119/><F128/><W123/><G123/><T29/><D29/><U84/><E110/><V43/><F119/><W127/><G127/><T116/><D116/><U96/><E84/><V111/><F111/><W13/><G13/><T7/><D31/><U100/><E96/><V2/><F2/><W5/><G5/><T85/><D12/><U113/><E113/><V73/><F73/><W78/><G78/><T51/><D87/><U33/><E79/><V121/><F121/><W117/><G117/><T70/><D70/><U80/><E77/><V134/><F134/><W17/><G17/><T91/><D4/><U126/><E126/><V38/><F1/><W49/><G49/><T18/><D18/><U65/><E76/><V114/><F114/><W60/><G60/><T16/><D62/><U122/><E122/><V115/><F115/><W32/><G32/><T69/><D69/><U75/><E33/><V90/><F8/><W50/><G50/><T66/><D11/><U108/><E108/><V46/><F46/><AGARI ba="0,1" hai="14,19,20,36,41,46,57,58,59,88,89,98,103,105" machi="46" ten="40,8000,1" yaku="1,1,6,1,54,1,53,1" doraHai="22" doraHaiUra="15" who="3" fromWho="2" sc="250,0,250,0,250,-80,240,90" />
</Scene>
<Scene>
<INIT seed="1,0,0,1,5,130" ten="250,250,170,330" oya="1" hai0="134,2,44,133,48,35,116,84,17,31,13,7,87" hai1="36,47,63,108,18,21,83,40,126,8,1,70,30" hai2="119,11,68,73,113,120,5,34,39,69,20,135,4" hai3="94,53,24,86,91,100,104,90,3,129,64,82,103"/><U55/><E126/><V0/><RYUUKYOKU type="yao9" ba="0,0" sc="250,0,250,0,170,0,330,0" hai2="0,4,5,11,20,34,39,68,69,73,113,119,120,135" />
</Scene>
<Scene>
<INIT seed="1,1,0,2,1,10" ten="250,250,170,330" oya="1" hai0="69,83,133,129,88,14,17,60,44,65,108,84,87" hai1="25,101,51,132,12,50,75,91,117,18,21,49,74" hai2="118,68,20,109,2,42,35,123,38,81,52,3,36" hai3="59,31,24,72,4,110,63,76,122,121,120,130,13"/><U100/><E117/><V115/><F118/><W79/><G130/><T78/><D129/><U43/><E43/><V98/><F123/><W62/><G110/><T56/><D108/><U28/><E132/><V9/><F35/><W23/><G63/><T22/><D133/><U37/><E37/><V92/><F115/><W26/><G72/><T48/><D69/><U89/><E75/><V102/><F68/><W95/><G26/><T131/><D131/><U1/><E1/><V58/><F109/><W61/><G61/><T111/><D111/><U15/><E74/><V70/><F70/><W116/><G95/><T128/><D128/><U46/><E46/><V85/><F20/><W93/><G93/><T125/><D125/><U29/><E29/><V7/><F42/><W0/><G0/><T103/><D103/><N who="1" m="39499" /><E28/><V124/><F124/><W30/><G30/><T33/><D33/><U86/><E91/><V94/><F94/><AGARI ba="1,0" hai="12,15,18,21,25,49,50,51,86,89,94" m="39499" machi="94" ten="30,5800,0" yaku="8,1,52,2" doraHai="10" who="1" fromWho="2" sc="250,0,250,61,170,-61,330,0" />
</Scene>
<Scene>
<INIT seed="1,2,0,1,5,118" ten="250,311,109,330" oya="1" hai0="77,24,9,14,55,36,122,28,130,50,67,68,96" hai1="39,97,123,101,3,124,37,121,95,48,34,106,79" hai2="76,126,17,114,20,11,7,94,84,65,78,15,132" hai3="30,135,25,62,107,56,99,93,6,111,46,115,117"/><U102/><E3/><V57/><F126/><W113/><G117/><T110/><D36/><U104/><E34/><V100/><F132/><W58/><G107/><T127/><D127/><U103/><E124/><V18/><F114/><W5/><G111/><T92/><D110/><U47/><E79/><V52/><F65/><W112/><G46/><T27/><D130/><U108/><E108/><V74/><F74/><W133/><G58/><T43/><D43/><U53/><E39/><V45/><F45/><W32/><G133/><T69/><D77/><U64/><E64/><V83/><F78/><W35/><G35/><T75/><D75/><U22/><E37/><V60/><REACH who="2" step="1"/><F20/><REACH who="2" ten="250,311,99,330" step="2"/><W116/><G135/><T81/><D67/><U4/><E22/><V33/><F33/><W49/><G116/><T120/><D68/><U129/><E129/><V42/><F42/><W72/><G72/><T2/><D69/><U0/><E106/><V90/><F90/><W73/><G73/><T44/><D44/><U89/><E104/><V59/><F59/><W105/><G105/><T70/><D70/><U91/><REACH who="1" step="1"/><E89/><REACH who="1" ten="250,301,99,330" step="2"/><V86/><F86/><W23/><G32/><T119/><D119/><U54/><E54/><V98/><AGARI ba="2,2" hai="7,11,15,17,18,52,57,60,76,83,84,94,98,100" machi="98" ten="30,7900,0" yaku="1,1,0,1,8,1,54,1,53,0" doraHai="118" doraHaiUra="21" who="2" fromWho="2" sc="250,-22,301,-41,99,105,330,-22" />
</Scene>
<Scene>
<INIT seed="2,0,0,0,1,94" ten="228,260,204,308" oya="2" hai0="106,48,51,33,18,131,5,21,25,12,9,121,24" hai1="63,13,65,23,58,27,16,74,38,76,97,129,2" hai2="4,78,62,101,29,75,98,91,122,49,118,69,95" hai3="96,44,124,32,61,22,54,0,50,128,43,73,102"/><V70/><F118/><W45/><G0/><T116/><D121/><U85/><E74/><V15/><F122/><W46/><G124/><T99/><D116/><U82/><E2/><V17/><F29/><W52/><G73/><T127/><D127/><U72/><E38/><V87/><F4/><W93/><G32/><T104/><D131/><U135/><E129/><V88/><F78/><W113/><G128/><T66/><D66/><U67/><E135/><V35/><F35/><W111/><G111/><T3/><D25/><U30/><E72/><V40/><F75/><W89/><G113/><T107/><REACH who="0" step="1"/><D99/><REACH who="0" ten="218,260,204,308" step="2"/><U6/><E67/><V36/><F98/><N who="3" m="59727" /><G43/><T112/><D112/><U60/><E97/><V126/><F40/><W103/><G103/><T117/><D117/><U130/><E130/><V59/><F126/><W1/><G1/><T125/><D125/><U7/><REACH who="1" step="1"/><E63/><REACH who="1" ten="218,250,204,308" step="2"/><V53/><F62/><W108/><G61/><T31/><AGARI ba="0,2" hai="3,5,9,12,18,21,24,31,33,48,51,104,106,107" machi="31" ten="40,8000,1" yaku="1,1,0,1,24,2,53,0" doraHai="94" doraHaiUra="109" who="0" fromWho="0" sc="218,100,250,-20,204,-40,308,-20" />
</Scene>
<Scene>
<INIT seed="3,0,0,1,0,77" ten="318,230,164,288" oya="3" hai0="0,80,5,125,121,87,115,38,12,64,78,102,86" hai1="132,127,122,119,15,112,114,57,1,10,16,8,100" hai2="82,44,135,101,133,84,79,70,23,104,33,95,74" hai3="9,53,36,61,26,89,120,37,128,50,92,99,13"/><W123/><G128/><T59/><D121/><U65/><E122/><V28/><F33/><W130/><G130/><T2/><D38/><U109/><E100/><V47/><F70/><W117/><G117/><T55/><D125/><U7/><E127/><V11/><F11/><W103/><G61/><T107/><D115/><U131/><E131/><V75/><F75/><W69/><G69/><T24/><D64/><U49/><E119/><V62/><F62/><W94/><G26/><T30/><D107/><U88/><E109/><V29/><F29/><W67/><G67/><T96/><D12/><U35/><E35/><V32/><F32/><W73/><G73/><T31/><D87/><U126/><E126/><V68/><F68/><W56/><G120/><T72/><D72/><U45/><E132/><N who="2" m="50763" /><F23/><W22/><G22/><T27/><D27/><U105/><E105/><V83/><F28/><W93/><G123/><T124/><D124/><U43/><E57/><V20/><F20/><W6/><REACH who="3" step="1"/><G94/><REACH who="3" ten="318,230,164,278" step="2"/><T54/><D24/><U40/><E65/><V60/><F60/><W58/><G58/><T3/><D59/><U41/><E114/><V76/><F104/><W90/><G90/><T118/><D118/><U108/><E112/><V21/><F21/><W4/><G4/><T71/><D5/><U39/><E39/><V18/><F18/><W91/><G91/><T98/><D71/><U46/><E88/><V25/><F25/><W51/><G51/><T113/><D113/><U52/><E108/><V129/><F129/><W42/><G42/><T66/><D66/><U110/><E110/><RYUUKYOKU ba="0,1" sc="318,-30,230,10,164,10,278,10" hai1="1,7,8,10,15,16,40,41,43,45,46,49,52" hai2="44,47,74,76,79,82,83,84,95,101" hai3="6,9,13,36,37,50,53,56,89,92,93,99,103" />
</Scene>
<Scene>
<INIT seed="3,1,1,0,3,111" ten="288,240,174,288" oya="3" hai0="110,100,77,119,99,68,112,117,42,104,91,40,33" hai1="34,108,24,121,57,74,132,114,102,11,73,20,127" hai2="26,124,128,16,133,46,39,130,87,41,10,70,135" hai3="19,101,6,63,96,0,116,66,56,31,8,22,81"/><W113/><G116/><T1/><D1/><U23/><E121/><V38/><F70/><W48/><G81/><T125/><D68/><U123/><E123/><V54/><F54/><W49/><G31/><T17/><D33/><U106/><E34/><V51/><F87/><W62/><G62/><T58/><D110/><U65/><E108/><V53/><F124/><W30/><G113/><T35/><D35/><U36/><E36/><V92/><F92/><W5/><G5/><T78/><D125/><U27/><E127/><V118/><F118/><W131/><G131/><N who="2" m="50217" /><F39/><W85/><G85/><T14/><D119/><U120/><E106/><V32/><F32/><W89/><G89/><T76/><D117/><U115/><E102/><V25/><F10/><W134/><G134/><N who="2" m="51209" /><F16/><W84/><G84/><T4/><D4/><U12/><E132/><V43/><F43/><W107/><REACH who="3" step="1"/><G30/><REACH who="3" ten="288,240,174,278" step="2"/><T82/><D82/><U122/><E122/><V93/><F93/><W105/><G105/><T47/><D104/><U2/><E120/><V55/><F55/><W97/><G97/><T86/><D99/><U109/><E109/><V59/><AGARI ba="1,2" hai="25,26,38,41,46,51,53,59" m="51209,50217" machi="59" ten="30,2000,0" yaku="19,1,20,1" doraHai="111" who="2" fromWho="2" sc="288,-6,240,-6,174,43,278,-11" />
</Scene>
<Scene>
<INIT seed="4,0,0,0,5,84" ten="282,234,217,267" oya="0" hai0="99,10,134,37,100,54,61,14,22,15,79,16,48" hai1="104,69,107,95,119,6,39,47,7,105,101,124,41" hai2="93,91,36,118,33,56,83,28,78,123,66,126,46" hai3="125,32,103,63,98,13,112,115,96,40,133,60,8"/><T67/><D134/><U12/><E119/><V102/><F123/><W29/><G133/><T87/><D37/><U26/><E69/><V111/><F111/><W21/><G32/><T27/><D79/><U49/><E124/><V20/><F33/><W135/><G135/><T0/><D87/><U106/><N who="1" m="26624" /><DORA hai="94" /><U74/><E74/><V51/><F36/><W85/><G103/><T53/><D0/><U77/><E77/><V5/><F5/><N who="3" m="3215" /><G40/><T130/><D130/><U122/><E122/><V108/><F102/><W23/><G85/><T42/><D42/><U3/><E3/><V1/><F1/><W80/><G80/><T25/><D15/><U9/><E39/><V128/><F128/><W110/><G110/><T58/><D48/><U116/><E116/><V35/><F35/><W132/><G125/><T89/><D89/><U120/><E120/><V34/><F34/><W50/><G50/><T38/><D38/><U121/><E121/><V45/><F108/><W44/><G44/><T70/><D70/><U92/><E101/><V76/><F76/><W57/><G29/><N who="0" m="17591" /><D27/><U31/><REACH who="1" step="1"/><E7/><REACH who="1" ten="282,224,217,267" step="2"/><V59/><F118/><W19/><G132/><T68/><D68/><U75/><E75/><V17/><F126/><W88/><G115/><T30/><D30/><U73/><E73/><V52/><F28/><W4/><G4/><T117/><D117/><U86/><E86/><V131/><F78/><W18/><G112/><T65/><D100/><U2/><E2/><V129/><F129/><W55/><G19/><T82/><D16/><U127/><E127/><V64/><F131/><RYUUKYOKU ba="0,1" sc="282,-10,224,30,217,-10,267,-10" hai1="6,9,12,26,31,41,47,49,92,95" />
</Scene>
<Scene>
<INIT seed="5,1,1,5,2,87" ten="272,254,207,257" oya="1" hai0="94,7,12,124,36,128,105,35,33,117,112,8,75" hai1="40,119,34,114,32,58,82,29,59,56,98,52,27" hai2="23,70,129,43,45,47,28,80,6,17,90,19,76" hai3="84,16,5,25,60,110,11,64,125,81,130,10,101"/><U53/><E119/><V37/><F129/><W22/><G110/><T48/><D105/><U89/><E114/><V61/><F6/><W100/><G130/><T95/><D36/><U71/><E71/><V102/><F102/><W113/><G113/><T38/><D38/><U49/><E34/><V31/><F47/><W66/><G125/><T83/><D128/><U39/><E39/><V72/><F90/><N who="3" m="51471" /><G66/><T57/><D112/><U109/><E109/><V111/><F111/><W26/><G26/><T13/><D117/><U20/><E32/><V30/><F23/><W3/><G3/><T96/><D124/><U106/><E106/><V67/><AGARI ba="1,1" hai="17,19,28,30,31,37,43,45,61,67,70,72,76,80" machi="67" ten="30,1100,0" yaku="0,1" doraHai="87" who="2" fromWho="2" sc="272,-4,254,-6,207,24,257,-4" />
</Scene>
<Scene>
<INIT seed="6,0,0,2,0,6" ten="268,248,231,253" oya="2" hai0="37,78,17,21,135,51,108,101,74,89,127,121,117" hai1="48,134,50,82,4,2,103,92,131,22,124,129,118" hai2="81,133,39,94,67,14,93,107,105,72,45,128,23" hai3="113,114,122,62,111,56,10,63,79,44,11,69,41"/><V76/><F128/><N who="1" m="49225" /><E118/><V64/><F133/><W88/><G122/><T13/><D121/><U52/><E134/><V83/><F83/><W77/><G111/><T68/><D37/><U85/><E124/><V96/><F105/><W8/><G69/><T119/><D135/><U49/><E22/><V66/><F107/><W30/><G88/><T99/><D108/><U87/><E2/><V32/><F32/><W0/><G30/><T9/><D68/><U36/><E4/><V40/><REACH who="2" step="1"/><F96/><REACH who="2" ten="268,248,221,253" step="2"/><W109/><G109/><T102/><D99/><N who="1" m="59879" /><E36/><V18/><AGARI ba="0,1" hai="14,18,23,39,40,45,64,66,67,72,76,81,93,94" machi="18" ten="30,3000,0" yaku="1,1,0,1,53,0" doraHai="6" doraHaiUra="25" who="2" fromWho="2" sc="268,-10,248,-10,221,40,253,-10" />
</Scene>
<Scene>
<INIT seed="6,1,0,5,4,76" ten="258,238,261,243" oya="2" hai0="100,53,18,92,129,127,14,19,79,37,70,83,52" hai1="101,8,68,32,38,59,23,25,73,21,75,39,86" hai2="65,122,85,66,106,110,112,15,72,6,78,43,29" hai3="95,51,16,119,80,113,12,97,118,108,63,116,84"/><V0/><F0/><W10/><G108/><T135/><D37/><U48/><E68/><V120/><F72/><W93/><G63/><T44/><D70/><U33/><E101/><V89/><F106/><W13/><G113/><T82/><D135/><U20/><E8/><V58/><F78/><W114/><G114/><T99/><D129/><U54/><E86/><V111/><F112/><W69/><G69/><T133/><D133/><U60/><E60/><N who="2" m="38039" /><F43/><W9/><G51/><N who="0" m="28775" /><D127/><U91/><E91/><V35/><F66/><W27/><G27/><T131/><D131/><U11/><E11/><N who="2" m="4599" /><F29/><W87/><G87/><T94/><D79/><U7/><E7/><V71/><F35/><W117/><G97/><N who="0" m="59431" /><D53/><U130/><E33/><V31/><F31/><W28/><G28/><T96/><D96/><U42/><E130/><V128/><F128/><W41/><G41/><T124/><D124/><U46/><E39/><V30/><F30/><W132/><G132/><T26/><D26/><U34/><E34/><V103/><F103/><W64/><G64/><T109/><D109/><N who="2" m="41482" /><F71/><W2/><G2/><T55/><D55/><U134/><E134/><V90/><F90/><W3/><G3/><T123/><D123/><U77/><E77/><V81/><AGARI ba="1,0" hai="81,85,89,120,122" m="41482,4599,38039" machi="81" ten="30,3000,0" yaku="10,1,52,1" doraHai="76" who="2" fromWho="2" sc="258,-11,238,-11,261,33,243,-11" />
</Scene>
<Scene>
<INIT seed="6,2,0,4,5,99" ten="247,227,294,232" oya="2" hai0="70,35,17,36,96,82,79,68,47,58,123,133,128" hai1="67,31,42,12,98,118,57,45,65,119,92,105,25" hai2="134,9,81,75,80,90,52,112,19,5,50,13,34" hai3="18,129,22,78,60,84,102,23,64,11,44,29,94"/><V51/><F34/><W120/><G120/><T132/><D123/><U59/><E105/><V49/><F112/><W87/><G129/><T10/><D35/><U55/><E119/><V27/><F134/><N who="0" m="51818" /><D128/><U117/><E117/><V62/><F75/><W8/><G44/><T130/><D130/><U3/><E3/><V113/><F113/><W88/><G29/><T26/><D58/><U0/><E0/><V48/><F62/><W38/><G38/><T61/><D96/><U83/><E118/><V28/><F90/><W103/><G23/><N who="0" m="13679" /><D10/><U6/><E83/><V100/><F28/><W30/><G30/><T66/><D70/><U7/><E59/><V104/><F9/><W116/><G116/><T4/><D4/><U101/><E7/><V41/><F5/><W126/><G126/><T16/><D16/><U108/><E6/><V85/><F19/><W114/><G114/><T24/><D24/><U91/><E12/><V127/><F127/><W125/><G125/><T89/><D89/><U124/><E124/><V111/><F27/><N who="3" m="14807" /><G8/><T110/><D110/><U56/><E56/><V131/><F131/><W63/><G11/><T43/><D82/><U15/><E108/><V72/><F81/><N who="3" m="47159" /><G64/><N who="0" m="40975" /><D79/><U109/><E109/><V14/><F111/><W39/><G39/><T121/><D121/><U40/><E15/><V2/><F14/><W73/><G73/><T95/><D66/><U1/><E67/><V93/><F72/><W71/><G71/><T46/><D47/><U86/><E65/><V97/><F13/><W106/><G106/><T115/><D115/><U54/><E45/><RYUUKYOKU ba="2,0" sc="247,15,227,-15,294,-15,232,15" hai0="36,43,46,95" hai3="60,63,87,88,94,102,103" />
</Scene>
<Scene>
<INIT seed="7,3,0,0,5,48" ten="262,212,279,247" oya="3" hai0="8,0,32,42,66,111,98,17,41,15,115,123,90" hai1="107,73,72,124,13,18,118,78,57,1,77,52,62" hai2="16,29,91,131,65,84,37,116,25,12,96,27,104" hai3="122,2,3,10,56,101,36,86,81,80,20,82,93"/><W79/><G122/><T92/><D123/><U33/><E1/><V132/><F116/><W97/><G36/><T134/><D111/><U34/><E107/><V133/><F37/><W50/><G20/><T108/><D108/><U117/><E124/><V76/><F76/><N who="1" m="29289" /><E73/><V102/><F131/><W9/><G2/><T38/><D32/><U19/><E72/><V6/><F6/><W60/><G3/><T47/><D134/><N who="2" m="51818" /><F65/><N who="3" m="39047" /><G50/><T113/><D42/><U24/><E24/><V64/><F64/><W68/><G68/><T119/><D119/><N who="1" m="45579" /><E19/><V95/><F29/><W89/><G79/><T51/><D66/><U75/><E75/><V87/><F87/><W120/><G120/><T109/><D109/><U40/><E40/><V5/><F5/><W26/><G26/><T21/><D38/><U55/><E55/><V23/><AGARI ba="3,0" hai="12,16,23,25,27,84,91,95,96,102,104" m="51818" machi="23" ten="30,2000,0" yaku="20,1,54,1" doraHai="48" who="2" fromWho="2" sc="262,-8,212,-8,279,29,247,-13" owari="254,5.0,204,-30.0,308,42.0,234,-17.0" />
</Scene>
</mjloggm>