<mjloggm ver="2.3"><GO type="41"/><UN n0="%2E%EF%BC%88%E5%9D%8A%EF%BC%BE%CF%89%EF%BC%BE%EF%BC%89%E3%83%8E" n1="%68%65%61%72%74%73%40" n2="%44%69%72%74%79%41%54%4D" n3="%E5%A4%AA%E3%81%8F%E3%81%AA%E3%81%84%E3%81%8A" dan="14,15,14,14" rate="1986,1995,1873,2020" sx="M,M,M,M"/><TAIKYOKU oya="0"/>

<Scene>
<INIT seed="0,0,0,4,5,27" ten="250,250,250,250" oya="0" hai0="119,37,89,59,120,113,106,87,85,129,54,24,102" hai1="108,12,131,92,115,42,134,107,29,112,69,114,98" hai2="86,135,8,9,75,125,13,80,116,84,35,50,38" hai3="56,65,100,19,22,26,39,61,122,121,73,74,83"/><T109/><D120/><N who="3" m="46185" /><G39/><T3/><D119/><U53/><E134/><V63/><F38/><W90/><G100/><T51/><D113/><U128/><E42/><V36/><F36/><W124/><G124/><T81/><D37/><U105/><E29/><V123/><F125/><W126/><G126/><T104/><D3/><U48/><E69/><V30/><F123/><W34/><G34/><T2/><D2/><U40/><E12/><V11/><F75/><N who="3" m="28683" /><G83/><T77/><D129/><N who="1" m="49739" /><E40/><V71/><F135/><W28/><G90/><T33/><D102/><N who="1" m="60743" /><E108/><V72/><F71/><W66/><G66/><T0/><D0/><U41/><E41/><V10/><F63/><W55/><G55/><T88/><D77/><U25/><E25/><V82/><F50/><W17/><AGARI ba="0,0" hai="17,19,22,26,28,56,61,65" m="28683,46185" machi="17" ten="40,2700,0" yaku="13,1,52,1" doraHai="27" who="3" fromWho="3" sc="250,-13,250,-7,250,-7,250,27" />
</Scene>
<Scene>
<INIT seed="1,0,0,2,1,36" ten="237,243,243,277" oya="1" hai0="121,51,59,63,49,25,132,82,40,134,26,45,77" hai1="57,4,81,56,69,120,23,102,123,93,8,112,98" hai2="76,96,135,38,130,27,1,87,101,105,18,61,9" hai3="109,46,114,128,100,22,19,53,94,92,118,75,33"/><U110/><E112/><V107/><F38/><W7/><G114/><T60/><D121/><U13/><E69/><V32/><F135/><W83/><G33/><T37/><D63/><U66/><E110/><V88/><F130/><W116/><G7/><T44/><D134/><U72/><E23/><V17/><F1/><W85/><G75/><T35/><D35/><U55/><E66/><V106/><F61/><W133/><G133/><T97/><D97/><U70/><E70/><V103/><F32/><W31/><G31/><T14/><D14/><U73/><E56/><V5/><F18/><W104/><G109/><T62/><D62/><U89/><E73/><V28/><F17/><W113/><G113/><T119/><D119/><N who="3" m="45609" /><G128/><T111/><D111/><U34/><E34/><V50/><F28/><W80/><G104/><T131/><D131/><U129/><E129/><V127/><F27/><N who="3" m="14815" /><G100/><T91/><D37/><U125/><E125/><V39/><F127/><W16/><G16/><T67/><D77/><U47/><E72/><V24/><F39/><W0/><G0/><T52/><D132/><U58/><E120/><V90/><F5/><W21/><G21/><T2/><D2/><U15/><E15/><V54/><F9/><W74/><G74/><T99/><REACH who="0" step="1"/><D82/><REACH who="0" ten="227,243,243,277" step="2"/><U122/><E122/><V29/><F76/><W42/><G83/><T48/><D48/><N who="1" m="29087" /><E123/><V78/><F78/><W20/><G80/><T79/><D79/><U6/><E6/><V30/><F24/><W115/><G115/><T3/><D3/><U10/><E10/><V108/><F108/><W41/><G20/><RYUUKYOKU ba="0,1" sc="227,15,243,15,243,-15,277,-15" hai0="25,26,40,44,45,49,51,52,59,60,67,91,99" hai1="4,8,13,57,58,81,89,93,98,102" />
</Scene>
<Scene>
<INIT seed="1,1,1,2,4,24" ten="242,258,228,262" oya="1" hai0="108,52,92,12,57,56,74,103,116,110,36,63,13" hai1="37,59,90,50,71,26,31,88,81,70,38,23,112" hai2="127,43,66,7,15,34,55,82,101,94,53,45,78" hai3="18,111,77,131,20,54,113,60,42,121,87,67,35"/><U21/><E112/><V27/><F127/><W6/><G113/><T72/><D116/><U117/><E117/><V133/><F66/><W100/><G121/><T33/><D33/><U97/><E21/><V47/><F133/><W73/><G111/><N who="0" m="42539" /><D36/><U106/><E90/><V120/><F47/><W132/><G132/><T9/><D57/><U109/><E109/><V80/><F82/><W93/><G131/><T49/><D49/><U58/><E37/><V8/><F120/><W75/><G35/><T30/><D30/><U125/><E38/><V41/><F41/><W89/><G42/><T86/><D103/><U4/><E125/><V96/><F27/><W39/><G39/><T10/><D10/><U95/><E4/><V16/><F34/><W135/><G135/><T115/><D115/><U102/><E81/><V5/><F7/><W123/><G123/><T99/><D99/><U29/><E29/><V28/><F28/><W51/><G6/><N who="0" m="3127" /><D13/><U91/><E91/><AGARI ba="1,1" hai="52,56,63,72,74,86,91,92" m="3127,42539" machi="91" ten="30,2000,0" yaku="14,1,54,1" doraHai="24" who="0" fromWho="1" sc="242,33,258,-23,228,0,262,0" />
</Scene>
<Scene>
<INIT seed="2,0,0,3,0,122" ten="275,235,228,262" oya="2" hai0="128,48,72,43,117,55,68,41,19,29,127,71,5" hai1="62,124,126,10,16,17,118,8,115,32,104,56,102" hai2="82,57,94,133,74,130,85,116,106,113,66,60,45" hai3="96,76,40,135,34,49,100,38,123,4,14,42,105"/><V108/><F116/><W88/><G123/><T44/><D72/><U35/><E118/><V121/><F121/><W80/><G135/><T21/><D117/><U51/><E51/><V101/><F113/><W64/><G34/><T111/><D128/><U90/><E115/><V59/><F130/><W84/><G64/><T110/><D5/><U50/><E50/><V63/><F133/><W83/><G38/><N who="0" m="21559" /><D43/><U70/><E70/><V114/><F114/><W18/><G4/><T7/><D7/><U20/><E90/><V81/><F45/><W9/><REACH who="3" step="1"/><G49/><REACH who="3" ten="275,235,228,252" step="2"/><T47/><D127/><U22/><E62/><V131/><F131/><W54/><G54/><T86/><D55/><U125/><E125/><V75/><F66/><W58/><G58/><T2/><D48/><U33/><E56/><V120/><F120/><W93/><G93/><T109/><D47/><U98/><E124/><V52/><F94/><W1/><G1/><T37/><D2/><U53/><E53/><V26/><F52/><W0/><G0/><T30/><D37/><U91/><E126/><V23/><F106/><W24/><G24/><N who="0" m="14399" /><D68/><U31/><E35/><V73/><F26/><W112/><G112/><T77/><D71/><U36/><E33/><V99/><F63/><W97/><G97/><T46/><D46/><U3/><E36/><V107/><F59/><W78/><G78/><T129/><D129/><U15/><E3/><V11/><F60/><W27/><G27/><T79/><D79/><U6/><E32/><V89/><F57/><W65/><G65/><T69/><D69/><U61/><E61/><RYUUKYOKU ba="0,1" sc="275,15,235,-15,228,-15,252,15" hai0="29,30,77,86,109,110,111" hai3="9,14,18,40,42,76,80,83,84,88,96,100,105" />
</Scene>
<Scene>
<INIT seed="3,1,1,3,1,95" ten="290,220,213,267" oya="3" hai0="83,89,53,76,34,43,28,15,67,99,26,44,79" hai1="18,106,130,84,110,101,107,90,92,36,128,66,124" hai2="57,94,113,59,19,65,133,115,42,120,35,135,45" hai3="13,6,8,41,87,132,78,125,11,122,51,12,85"/><W91/><G122/><T102/><D67/><U108/><E36/><V10/><F35/><W111/><G125/><T40/><D53/><U77/><E66/><V134/><F120/><W93/><G132/><T49/><D40/><U56/><E56/><N who="2" m="21579" /><F65/><W22/><G111/><N who="1" m="42538" /><E18/><V3/><F3/><W27/><G41/><T96/><D15/><U17/><E17/><V119/><F119/><W73/><G73/><T80/><D80/><N who="1" m="47119" /><E124/><V109/><F109/><W52/><G78/><T86/><REACH who="0" step="1"/><D102/><REACH who="0" ten="280,220,213,267" step="2"/><U5/><E5/><V105/><F113/><W62/><G13/><T82/><D82/><U123/><E123/><V1/><F115/><W33/><G12/><T112/><D112/><U72/><E72/><V7/><F42/><W16/><G6/><T0/><D0/><U70/><E70/><V25/><F45/><N who="3" m="27759" /><G33/><T20/><D20/><U38/><E38/><V121/><F121/><W98/><G62/><T75/><D75/><U63/><E63/><V71/><F71/><W88/><G85/><T48/><D48/><U131/><E101/><V69/><F69/><W58/><G58/><T50/><D50/><U129/><E129/><V24/><F25/><W60/><G60/><T100/><D100/><U23/><E23/><V55/><F55/><W114/><G114/><T39/><D39/><U9/><E9/><V74/><F74/><W116/><G116/><T46/><D46/><U29/><E29/><V68/><F68/><W126/><G126/><T54/><D54/><U127/><E127/><V21/><F105/><W64/><G64/><T31/><D31/><U37/><E37/><RYUUKYOKU ba="1,2" sc="280,0,220,0,213,0,267,0" hai0="26,28,34,43,44,49,76,79,83,86,89,96,99" hai1="90,92,106,107,128,130,131" hai2="1,7,10,19,21,24,94,133,134,135" hai3="8,11,16,22,27,87,88,91,93,98" />
</Scene>
<Scene>
<INIT seed="3,2,2,3,4,123" ten="280,220,213,267" oya="3" hai0="99,46,19,53,28,4,120,132,91,92,5,87,6" hai1="56,122,124,66,57,58,115,41,13,24,135,89,38" hai2="42,52,73,117,71,107,21,50,90,60,111,128,119" hai3="64,78,75,45,10,36,35,44,23,1,22,34,31"/><W40/><G64/><T116/><D120/><U47/><E122/><V82/><F107/><W14/><G45/><T113/><D113/><U32/><E115/><V100/><F128/><W109/><G1/><T3/><D116/><U96/><E124/><V110/><F100/><W26/><G35/><T74/><D74/><U2/><E2/><V86/><F42/><W125/><G125/><T101/><D132/><U80/><E135/><V102/><F102/><W8/><G109/><N who="2" m="41481" /><F73/><W15/><G78/><T121/><D121/><U70/><E41/><V39/><F39/><W103/><G103/><T129/><D129/><U127/><E70/><V20/><F71/><W59/><G59/><T76/><D76/><U43/><E58/><N who="2" m="33047" /><F60/><W134/><G75/><T63/><D63/><U65/><E43/><V48/><F48/><W104/><G104/><T118/><D118/><AGARI ba="2,2" hai="20,21,82,86,90,117,118,119" m="33047,41481" machi="118" ten="30,8000,1" yaku="14,1,52,3,54,1" doraHai="123" who="2" fromWho="0" sc="280,-86,220,0,213,106,267,0" />
</Scene>
<Scene>
<INIT seed="4,0,0,0,3,54" ten="194,220,319,267" oya="0" hai0="132,42,48,20,105,12,80,111,78,30,109,79,83" hai1="104,101,88,68,128,31,69,28,2,106,8,63,70" hai2="17,0,61,87,36,118,89,94,22,40,26,93,56" hai3="53,112,100,82,99,134,21,108,37,45,127,76,60"/><T25/><D132/><U62/><E128/><V66/><F118/><W18/><G108/><N who="0" m="41547" /><D105/><U65/><E88/><N who="2" m="53407" /><F0/><W67/><G134/><T114/><D114/><U14/><E2/><V50/><F36/><W129/><G129/><T95/><D95/><U15/><E101/><V58/><F40/><W46/><G112/><T107/><D107/><U102/><E102/><V72/><F72/><W84/><G127/><T115/><D115/><U29/><E8/><V35/><F35/><W47/><G37/><T34/><D34/><U64/><E69/><V41/><F41/><W11/><G11/><T121/><D121/><U6/><E6/><V24/><F94/><N who="3" m="58487" /><G67/><T10/><D42/><U43/><E43/><V123/><F89/><W73/><G73/><T13/><D48/><U74/><E29/><V85/><F85/><W55/><G60/><T23/><D23/><U75/><AGARI ba="0,0" hai="14,15,28,31,62,63,64,65,68,70,74,75,104,106" machi="75" ten="25,3200,0" yaku="0,1,22,2" doraHai="54" who="1" fromWho="1" sc="194,-16,220,32,319,-8,267,-8" />
</Scene>
<Scene>
<INIT seed="5,0,0,5,1,69" ten="178,252,311,259" oya="1" hai0="119,85,93,103,16,8,11,104,44,115,101,73,6" hai1="20,82,86,118,38,60,96,48,35,54,46,110,28" hai2="14,126,17,7,13,72,123,19,99,1,95,66,83" hai3="21,121,61,114,127,45,122,100,55,84,135,128,33"/><U79/><E118/><V63/><F123/><W133/><G33/><T107/><D119/><U22/><E110/><V56/><F126/><W117/><G100/><T111/><D73/><U129/><E129/><V58/><F1/><W75/><G75/><T120/><D120/><N who="3" m="46185" /><G84/><T78/><D111/><U4/><E4/><V18/><F83/><W124/><G21/><T36/><D107/><U30/><E96/><V53/><F72/><W88/><G88/><T49/><D36/><U59/><E38/><V34/><F7/><W10/><G10/><T132/><D104/><U23/><REACH who="1" step="1"/><E35/><REACH who="1" ten="178,242,311,259" step="2"/><V89/><F34/><W32/><G32/><T125/><D125/><N who="3" m="48201" /><G117/><T0/><D6/><U57/><E57/><V106/><F106/><W65/><G128/><T70/><D70/><U67/><AGARI ba="0,1" hai="20,22,23,28,30,46,48,54,59,60,67,79,82,86" machi="67" ten="30,11700,0" yaku="1,1,0,1,8,1,53,1" doraHai="69" doraHaiUra="77" who="1" fromWho="1" sc="178,-39,242,127,311,-39,259,-39" />
</Scene>
<Scene>
<INIT seed="5,1,0,0,0,52" ten="139,369,272,220" oya="1" hai0="87,98,41,13,110,81,3,111,120,116,11,117,7" hai1="96,35,38,44,12,33,22,0,29,68,115,50,59" hai2="70,65,73,118,20,76,86,128,21,80,77,31,129" hai3="103,83,34,25,89,60,90,71,104,19,105,72,66"/><U93/><E68/><V57/><F118/><W100/><G100/><T122/><D41/><U27/><E0/><V42/><F42/><W101/><G101/><T91/><D98/><U24/><E115/><V61/><F73/><W88/><G103/><T49/><D49/><U37/><E12/><V107/><F107/><W58/><G71/><T121/><REACH who="0" step="1"/><D3/><REACH who="0" ten="129,369,272,220" step="2"/><U102/><E37/><V17/><F70/><W112/><G112/><T8/><D8/><U74/><E38/><V99/><F99/><W109/><G109/><AGARI ba="1,1" hai="7,11,13,81,87,91,109,110,111,116,117,120,121,122" machi="109" ten="50,8000,1" yaku="1,1,13,1,53,3" doraHai="52" doraHaiUra="119" who="0" fromWho="3" sc="129,93,369,0,272,0,220,-83" />
</Scene>
<Scene>
<INIT seed="6,0,0,0,3,76" ten="222,369,272,137" oya="2" hai0="113,26,123,56,10,46,9,135,35,38,63,67,54" hai1="126,61,15,68,117,133,13,82,96,24,3,101,47" hai2="29,99,131,58,64,109,116,74,80,44,18,73,7" hai3="111,59,19,21,125,4,25,94,23,53,14,105,100"/><V108/><F116/><W51/><G125/><T84/><D123/><U8/><E117/><V5/><F29/><W91/><G111/><N who="2" m="42569" /><F131/><W37/><G37/><T71/><D135/><U78/><E133/><V45/><F99/><W2/><G2/><T36/><D36/><U119/><E119/><V81/><F18/><W31/><G105/><T134/><D134/><U12/><E3/><V129/><F129/><W98/><REACH who="3" step="1"/><G4/><REACH who="3" ten="222,369,272,127" step="2"/><N who="2" m="1609" /><F44/><W112/><G112/><T92/><D46/><U49/><E47/><V22/><F45/><W69/><G69/><T75/><D38/><U33/><E68/><V121/><F121/><W50/><G50/><T132/><D113/><U85/><E49/><V128/><F128/><W34/><G34/><T124/><D124/><U88/><E33/><V43/><F43/><W127/><G127/><T6/><D132/><U118/><E118/><V66/><F22/><W16/><G16/><T115/><D35/><U102/><E126/><V103/><F58/><W104/><G104/><T110/><D71/><U93/><E8/><V0/><F0/><W1/><G1/><T39/><D39/><U55/><E61/><V28/><F28/><W48/><G48/><T20/><D10/><U41/><E41/><V17/><F17/><W60/><G60/><T57/><D9/><U114/><E114/><V86/><F66/><W130/><G130/><T79/><D6/><U72/><E55/><V42/><F64/><W27/><G27/><T70/><D115/><U87/><E24/><V107/><F42/><W90/><AGARI ba="0,1" hai="14,19,21,23,25,31,51,53,59,90,91,94,98,100" machi="90" ten="30,4000,0" yaku="1,1,0,1,8,1,53,0" doraHai="76" doraHaiUra="65" who="3" fromWho="3" sc="222,-10,369,-10,272,-20,127,50" />
</Scene>
<Scene>
<INIT seed="7,0,0,2,1,76" ten="212,359,252,177" oya="3" hai0="9,74,104,68,128,78,82,40,42,24,89,88,115" hai1="93,22,105,20,117,15,108,118,12,130,21,37,7" hai2="48,75,57,11,126,14,111,5,6,64,95,53,97" hai3="116,34,125,80,99,0,77,121,81,16,98,133,17"/><W129/><G121/><T66/><D104/><U38/><E105/><V60/><F126/><W63/><G116/><N who="1" m="44650" /><E108/><V3/><F111/><W26/><G0/><T35/><D9/><N who="1" m="4159" /><E130/><V19/><F75/><W134/><G125/><T41/><D128/><U31/><E31/><V32/><F3/><W83/><G129/><T120/><D120/><U85/><E15/><V132/><F132/><N who="3" m="50795" /><G77/><T44/><D44/><U25/><E25/><V90/><REACH who="2" step="1"/><F32/><REACH who="2" ten="212,359,242,177" step="2"/><W122/><G122/><T100/><D35/><U2/><E2/><V96/><F96/><N who="3" m="36907" /><G63/><T92/><D115/><U36/><E85/><V28/><F28/><AGARI ba="0,1" hai="16,17,26,28,34,80,81,83" m="36907,50795" machi="28" ten="40,12000,1" yaku="20,1,52,3,54,1" doraHai="76" who="3" fromWho="2" sc="212,0,359,0,242,-120,177,130" />
</Scene>
<Scene>
<INIT seed="7,1,0,2,4,84" ten="212,359,122,307" oya="3" hai0="121,66,120,1,119,12,79,73,129,44,65,126,10" hai1="86,68,135,87,85,13,16,133,29,32,94,19,45" hai2="38,82,90,15,35,25,127,110,14,48,55,64,54" hai3="124,3,74,60,122,128,63,43,81,78,125,46,27"/><W93/><G122/><T53/><D1/><U42/><E68/><V109/><F38/><N who="3" m="21879" /><G128/><T34/><D119/><U51/><E94/><V7/><F127/><N who="3" m="48715" /><G3/><T20/><D34/><U22/><REACH who="1" step="1"/><E19/><REACH who="1" ten="212,349,122,307" step="2"/><V103/><F110/><W72/><G72/><T26/><D126/><U134/><E134/><V41/><F109/><W56/><G27/><AGARI ba="1,1" hai="13,16,22,27,29,32,42,45,51,85,86,87,133,135" machi="27" ten="40,5200,0" yaku="1,1,54,1,53,1" doraHai="84" doraHaiUra="31" who="1" fromWho="3" sc="212,0,349,65,122,0,307,-55" owari="212,-19.0,414,52.0,122,-38.0,252,5.0" />
</Scene>
</mjloggm>