<mjloggm ver="2.3"><GO type="169" lobby="0"/><UN n0="%E3%81%99%E3%81%9F%E3%81%A1%E3%81%AA%2E" n1="%6D%65%24%6F" n2="%E3%83%A6%E3%83%8B%E3%82%B7%E3%83%AD" n3="%E5%A4%AA%E3%81%8F%E3%81%AA%E3%81%84%E3%81%8A" dan="16,16,16,18" rate="2068.25,2105.12,2046.71,2240.12" sx="M,M,M,F"/><TAIKYOKU oya="0"/>

<Scene>
<INIT seed="0,0,0,1,4,54" ten="250,250,250,250" oya="0" hai0="31,131,46,94,121,20,38,124,11,100,22,27,96" hai1="60,14,15,98,36,133,120,130,115,63,116,112,101" hai2="108,80,55,79,33,32,1,56,39,134,12,30,34" hai3="8,52,68,125,95,0,58,51,111,135,66,44,92"/><T118/><D118/><U123/><E116/><V53/><F1/><W17/><G111/><T122/><D131/><U109/><E36/><V126/><F108/><W97/><G125/><T105/><D124/><U28/><E109/><V40/><F126/><W62/><G135/><T114/><D114/><N who="1" m="43563" /><E28/><V72/><F134/><W73/><G73/><T74/><D74/><U99/><E133/><V103/><F103/><W71/><G92/><T9/><D105/><U119/><E119/><V6/><F30/><W70/><G17/><T23/><D121/><N who="1" m="46667" /><E130/><V3/><F12/><N who="1" m="4649" /><E101/><V87/><F87/><W75/><G75/><T89/><D122/><U37/><E37/><V19/><F19/><W59/><G44/><T25/><D100/><U104/><E104/><V18/><F18/><W84/><G84/><T26/><REACH who="0" step="1"/><D31/><REACH who="0" ten="240,250,250,250" step="2"/><U13/><E13/><V45/><REACH who="2" step="1"/><F56/><REACH who="2" ten="240,250,240,250" step="2"/><W129/><G129/><T24/><N who="0" m="6144" /><DORA hai="90" /><T7/><D7/><U29/><E29/><V43/><F43/><AGARI ba="0,2" hai="9,11,20,22,23,38,43,46,89,94,96" m="6144" machi="43" ten="60,5800,0" yaku="1,1,52,1,53,0" doraHai="54,90" doraHaiUra="65,106" who="0" fromWho="2" sc="240,78,250,0,240,-58,250,0" />
</Scene>
<Scene>
<INIT seed="0,1,0,2,3,129" ten="318,250,182,250" oya="0" hai0="61,13,127,58,5,122,105,134,69,52,60,14,71" hai1="33,70,79,0,50,35,53,31,67,107,130,120,121" hai2="6,32,9,20,27,86,30,89,55,66,62,85,114" hai3="103,104,96,8,118,51,97,22,110,88,63,39,23"/><T100/><D122/><U29/><E130/><V77/><F114/><W19/><G39/><T116/><D116/><U24/><E0/><V125/><F125/><W132/><G118/><T45/><D127/><U111/><E107/><V42/><F42/><W80/><G110/><T83/><D45/><U40/><E40/><V102/><F102/><W76/><G51/><T54/><D83/><U119/><E119/><V56/><F32/><W90/><G63/><T106/><D5/><U72/><E111/><V59/><F77/><W135/><G8/><T81/><D81/><U21/><E79/><V78/><F78/><W126/><G126/><T123/><D123/><U34/><E72/><V131/><F89/><N who="3" m="34411" /><G19/><T82/><D82/><U113/><E113/><V109/><F109/><W64/><G64/><T46/><D46/><U99/><E67/><V75/><F75/><N who="3" m="43039" /><G97/><T16/><D58/><U95/><E70/><V57/><F131/><W133/><AGARI ba="1,0" hai="22,23,96,103,104,132,133,135" m="43039,34411" machi="133" ten="40,8000,1" yaku="20,1,52,3,54,1" doraHai="129" who="3" fromWho="3" sc="318,-41,250,-21,182,-21,250,83" />
</Scene>
<Scene>
<INIT seed="1,0,0,0,0,33" ten="277,229,161,333" oya="1" hai0="88,27,111,134,109,126,72,107,16,53,5,133,43" hai1="114,28,20,81,38,84,41,40,65,44,59,8,35" hai2="17,7,110,86,90,24,89,30,12,101,119,50,108" hai3="6,29,52,13,9,120,87,135,42,4,79,94,68"/><U3/><E114/><V37/><F37/><W19/><G120/><T71/><D107/><U117/><E117/><V73/><F73/><W58/><G68/><T61/><D72/><U74/><E35/><V69/><F69/><W70/><G70/><T57/><D126/><U102/><E102/><V132/><F119/><W83/><G135/><N who="0" m="51723" /><D5/><U25/><E41/><V96/><F7/><W82/><G42/><T76/><D76/><U67/><E59/><V26/><F132/><W116/><G116/><T105/><D105/><U122/><E122/><V92/><F89/><W14/><G29/><T48/><D88/><U31/><E31/><V62/><F62/><N who="3" m="36167" /><G83/><T130/><D130/><U124/><E124/><V123/><F123/><W11/><G94/><T32/><D32/><U113/><E113/><V55/><F30/><W23/><G6/><T49/><D43/><U128/><E128/><V129/><F129/><W56/><G56/><T1/><D1/><U77/><E84/><V64/><F64/><W75/><G75/><T51/><D71/><U98/><E98/><V63/><F63/><W118/><G118/><T34/><D34/><U45/><E45/><N who="2" m="28111" /><F108/><N who="0" m="41546" /><D61/><U121/><E121/><V85/><F110/><W100/><G100/><T39/><D39/><U115/><E115/><V99/><F86/><W46/><G46/><T93/><D93/><U54/><E54/><V103/><F103/><W36/><G36/><T21/><AGARI ba="0,0" hai="16,21,27,48,49,51,53,57" m="41546,51723" machi="21" ten="40,5200,0" yaku="20,1,14,1,54,1" doraHai="33" who="0" fromWho="0" sc="277,52,229,-26,161,-13,333,-13" />
</Scene>
<Scene>
<INIT seed="2,0,0,5,1,91" ten="329,203,148,320" oya="2" hai0="114,121,9,81,94,117,48,35,102,131,29,20,10" hai1="51,93,116,104,25,84,111,115,125,27,110,109,36" hai2="7,15,76,17,134,1,19,33,58,28,59,53,74" hai3="54,119,89,40,108,0,67,99,2,44,100,49,88"/><V66/><F134/><W24/><G119/><T21/><D121/><U96/><E116/><V64/><F74/><W23/><G108/><T16/><D114/><U4/><E115/><V101/><F76/><W41/><G67/><T18/><D131/><U103/><E36/><V113/><F113/><W86/><G2/><T52/><D81/><U56/><E4/><V65/><F101/><W78/><G0/><T62/><D62/><U6/><E6/><V77/><F77/><W47/><G78/><T98/><D35/><U60/><E51/><V34/><F1/><W3/><G3/><T14/><D29/><U82/><E104/><V13/><F7/><W61/><G61/><T50/><D50/><U22/><E125/><V75/><F75/><W112/><G112/><T92/><D92/><U32/><E32/><V124/><F124/><W37/><G54/><T129/><D129/><U45/><E45/><V42/><F42/><W120/><G86/><T133/><D133/><U127/><E127/><V43/><F43/><W46/><G46/><N who="0" m="27671" /><D117/><U70/><E70/><V72/><F72/><W87/><G87/><T11/><D20/><U12/><E22/><V122/><F122/><W128/><G128/><T118/><D118/><U95/><E95/><V83/><F83/><W126/><G120/><T85/><D85/><U55/><E12/><AGARI ba="0,0" hai="9,10,11,12,14,16,18,21,94,98,102" m="27671" machi="12" ten="30,7700,0" yaku="8,1,52,1,54,2" doraHai="91" who="0" fromWho="1" sc="329,77,203,-77,148,0,320,0" />
</Scene>
<Scene>
<INIT seed="3,0,0,3,2,92" ten="406,126,148,320" oya="3" hai0="31,85,135,128,14,131,112,45,77,32,52,134,78" hai1="57,10,126,74,47,87,15,29,19,9,86,2,27" hai2="130,53,91,41,48,17,75,42,95,98,118,79,66" hai3="104,125,51,129,46,11,13,99,39,4,7,70,67"/><W24/><G39/><T105/><D105/><U3/><E74/><V114/><F114/><W65/><G129/><N who="0" m="49739" /><D112/><U108/><E126/><V21/><F130/><W16/><G125/><T18/><D31/><U73/><E73/><V83/><F66/><W8/><G70/><T133/><D32/><U102/><E108/><V43/><F118/><W111/><G111/><T121/><D85/><U72/><E72/><V54/><REACH who="2" step="1"/><F48/><REACH who="2" ten="406,126,138,320" step="2"/><W1/><G65/><T49/><D121/><U60/><E3/><V56/><F56/><W103/><G67/><T28/><D28/><U76/><E47/><V80/><F80/><W25/><REACH who="3" step="1"/><G7/><REACH who="3" ten="406,126,138,310" step="2"/><T30/><D134/><U37/><E37/><V34/><F34/><W62/><G62/><T93/><D135/><U101/><E60/><V63/><F63/><W5/><G5/><T94/><D133/><U120/><E120/><V90/><F90/><W122/><G122/><T96/><D49/><U35/><E76/><V69/><F69/><W88/><G88/><T55/><D77/><U59/><E35/><V89/><F89/><W97/><G97/><T84/><D96/><U6/><E6/><V38/><F38/><W132/><G132/><T106/><D78/><U58/><E101/><V68/><F68/><W26/><G26/><AGARI ba="0,2" hai="17,21,26,41,42,43,53,54,75,79,83,91,95,98" machi="26" ten="40,2600,0" yaku="1,1,52,1,53,0" doraHai="92" doraHaiUra="124" who="2" fromWho="3" sc="406,0,126,0,138,46,310,-26" />
</Scene>
<Scene>
<INIT seed="4,0,0,2,5,23" ten="406,126,184,284" oya="0" hai0="133,19,120,1,32,62,12,102,65,116,118,94,78" hai1="131,13,53,45,81,48,18,132,123,39,125,97,29" hai2="109,36,106,117,83,56,82,11,25,14,93,67,96" hai3="59,129,76,71,33,10,50,34,4,72,75,26,68"/><T128/><D120/><U90/><E123/><V66/><F36/><W89/><G89/><T107/><D107/><U20/><E131/><V61/><F109/><W119/><G119/><T28/><D1/><U8/><E132/><V38/><F38/><W57/><G129/><T41/><D133/><U49/><E125/><V113/><F106/><W35/><G26/><T7/><D7/><U27/><E39/><V6/><F113/><W135/><G135/><T46/><D78/><U84/><E49/><V105/><F105/><W124/><G124/><T126/><D126/><U104/><E104/><V55/><F117/><W99/><G99/><AGARI ba="0,0" hai="8,13,18,20,27,29,45,48,53,81,84,90,97,99" machi="99" ten="40,8000,1" yaku="25,2,8,1,52,1" doraHai="23" who="1" fromWho="3" sc="406,0,126,80,184,0,284,-80" />
</Scene>
<Scene>
<INIT seed="5,0,0,4,2,18" ten="406,206,184,204" oya="1" hai0="74,121,108,78,37,117,4,75,63,23,126,26,39" hai1="16,112,34,47,35,92,134,48,87,76,105,62,114" hai2="10,69,130,97,124,102,101,122,49,8,41,3,24" hai3="77,22,46,120,58,12,129,70,9,50,128,40,82"/><U118/><E105/><V80/><F69/><W106/><G120/><T66/><D108/><U93/><E118/><V0/><F122/><W11/><G70/><T135/><D117/><U1/><E1/><V89/><F124/><W107/><G58/><T31/><D121/><U81/><E134/><V60/><F130/><N who="3" m="50283" /><G22/><T127/><D135/><U99/><E62/><V6/><F60/><W83/><G83/><N who="0" m="45527" /><D4/><U45/><E45/><V56/><F24/><W125/><G125/><N who="0" m="47627" /><D75/><U57/><E57/><AGARI ba="0,0" hai="23,26,31,37,39,57,63,66" m="47627,45527" machi="57" ten="30,2000,0" yaku="18,1,52,1" doraHai="18" who="0" fromWho="1" sc="406,20,206,-20,184,0,204,0" />
</Scene>
<Scene>
<INIT seed="6,0,0,5,0,46" ten="426,186,184,204" oya="2" hai0="37,49,90,45,64,61,38,68,111,124,16,67,59" hai1="44,5,125,0,85,35,18,28,104,8,34,22,27" hai2="40,9,89,97,62,99,60,48,114,132,21,79,92" hai3="78,117,134,91,119,96,135,13,17,80,10,42,77"/><V126/><F114/><W112/><G42/><T127/><D16/><U2/><E104/><V128/><F128/><W84/><G112/><T95/><D90/><U105/><E105/><V70/><F132/><N who="3" m="50731" /><G96/><T102/><D95/><U73/><E73/><V82/><F126/><N who="0" m="48170" /><D102/><U93/><E44/><N who="2" m="25607" /><F70/><W110/><G110/><T11/><D11/><N who="1" m="2471" /><E93/><N who="2" m="56495" /><F9/><W20/><G10/><T87/><D87/><U109/><E85/><N who="2" m="48351" /><F21/><W32/><G32/><N who="1" m="12330" /><E125/><V120/><F120/><W88/><G91/><AGARI ba="0,0" hai="60,62,91,92,99" m="48351,56495,25607" machi="91" ten="30,2900,0" yaku="8,1,52,1" doraHai="46" who="2" fromWho="3" sc="426,0,186,0,184,29,204,-29" />
</Scene>
<Scene>
<INIT seed="6,1,0,5,1,90" ten="426,186,213,175" oya="2" hai0="101,112,21,38,115,25,75,67,46,93,82,36,47" hai1="129,86,88,120,65,117,17,85,53,60,49,110,29" hai2="78,37,94,44,19,76,55,135,119,6,89,40,106" hai3="23,52,63,111,54,66,95,92,107,81,126,32,102"/><V8/><F106/><W56/><G111/><T114/><D67/><U33/><E110/><V130/><F119/><W133/><G32/><T72/><D93/><N who="3" m="35913" /><G107/><T18/><D101/><U128/><E117/><V20/><F135/><W58/><G133/><T73/><D82/><N who="1" m="49207" /><E120/><V45/><F130/><N who="1" m="50281" /><E86/><V12/><F55/><N who="3" m="21035" /><G126/><T34/><D34/><U61/><E65/><V51/><F44/><AGARI ba="1,0" hai="18,21,25,36,38,44,46,47,72,73,75,112,114,115" machi="44" ten="50,1600,0" yaku="15,1" doraHai="90" who="0" fromWho="2" sc="426,19,186,0,213,-19,175,0" />
</Scene>
<Scene>
<INIT seed="7,0,0,2,2,94" ten="445,186,194,175" oya="3" hai0="49,96,116,6,0,61,88,129,125,97,32,117,16" hai1="102,59,26,89,52,11,19,72,82,9,42,25,105" hai2="114,83,3,121,12,132,106,80,29,33,34,40,41" hai3="54,66,21,90,5,36,24,108,115,10,14,38,18"/><W13/><G115/><T133/><D32/><U100/><E105/><V28/><F106/><W53/><G108/><T51/><D51/><N who="1" m="31135" /><E72/><V60/><F3/><W109/><G109/><T70/><D16/><U43/><E11/><V78/><F114/><W135/><G135/><T91/><D91/><U119/><E119/><V81/><F132/><W113/><G113/><T76/><D97/><U22/><E25/><V63/><F12/><W73/><G73/><T7/><D7/><U1/><E1/><V122/><F83/><W74/><G74/><T75/><D76/><AGARI ba="0,0" hai="28,29,33,34,40,41,60,63,76,78,80,81,121,122" machi="76" ten="25,1600,0" yaku="22,2" doraHai="94" who="2" fromWho="0" sc="445,-16,186,0,194,16,175,0" owari="429,52.0,186,-21.0,210,1.0,175,-32.0" />
</Scene>
</mjloggm>