<mjloggm ver="2.3"><GO type="169" lobby="0"/><UN n0="%E3%81%8C%E2%80%A6%E3%83%80%E3%83%A1%E3%83%83%E2%80%A6%EF%BC%81%EF%BC%81" n1="%E9%B7%B9%E6%AD%A3%E3%81%AE%E5%80%85%EF%BC%9D%E5%AF%8C%E7%8C%AB" n2="%E5%86%97%E8%AB%87%E7%AC%91%E6%AD%A2%EF%BC%81" n3="%E5%A4%AA%E3%81%8F%E3%81%AA%E3%81%84%E3%81%8A" dan="16,16,17,18" rate="2067.25,2036.32,2131.07,2231.07" sx="M,M,M,F"/><TAIKYOKU oya="0"/>

<Scene>
<INIT seed="0,0,0,0,5,8" ten="250,250,250,250" oya="0" hai0="15,130,65,21,111,125,23,74,20,94,79,89,115" hai1="0,12,34,56,77,16,39,64,121,25,108,71,2" hai2="13,131,57,27,116,18,127,11,129,119,47,45,102" hai3="105,99,17,62,9,37,28,109,61,78,72,83,3"/><T32/><D115/><U41/><E71/><V69/><F69/><W54/><G28/><T123/><D123/><U91/><E121/><V7/><F102/><W40/><G109/><T60/><D32/><U19/><E77/><V86/><F57/><W104/><G54/><T66/><D111/><U59/><E108/><V85/><F86/><W133/><G133/><T128/><D125/><U120/><E120/><V35/><F85/><W118/><G118/><N who="2" m="45097" /><F127/><W70/><G99/><T114/><D114/><U53/><E91/><V10/><F45/><W96/><G96/><N who="0" m="57423" /><D79/><U75/><E75/><V107/><F47/><N who="3" m="23951" /><G17/><N who="0" m="10303" /><D74/><U82/><E82/><V63/><F63/><N who="3" m="24075" /><G70/><N who="0" m="42279" /><D66/><U106/><E106/><V38/><F107/><W88/><G88/><T103/><D103/><U124/><E64/><V36/><F36/><W49/><G49/><T92/><D92/><U1/><E124/><V84/><F84/><W29/><G29/><T112/><D112/><U93/><E93/><V58/><F38/><W26/><G26/><T6/><D6/><AGARI ba="0,0" hai="3,6,9,72,78,83,104,105" m="24075,23951" machi="6" ten="30,1000,0" yaku="25,1" doraHai="8" who="3" fromWho="0" sc="250,-10,250,0,250,0,250,10" />
</Scene>
<Scene>
<INIT seed="1,0,0,0,2,113" ten="240,250,250,260" oya="1" hai0="22,103,25,38,120,89,9,94,42,123,131,112,117" hai1="114,121,66,46,91,118,101,29,134,73,65,129,84" hai2="39,68,107,130,24,40,87,60,35,61,16,57,127" hai3="23,37,75,126,1,17,111,76,69,74,8,21,47"/><U14/><E114/><V44/><F107/><W106/><G69/><T28/><D112/><U133/><E73/><V11/><F127/><W51/><G106/><T27/><D131/><U52/><E121/><N who="0" m="46665" /><D103/><U97/><E129/><V43/><F130/><W93/><G126/><T32/><D9/><U72/><E72/><V125/><F125/><W33/><G33/><T80/><D80/><U6/><E29/><V92/><F43/><W18/><G111/><T90/><D94/><U49/><E118/><V86/><F68/><W13/><G37/><T58/><D58/><U99/><E97/><V77/><F61/><W88/><G76/><T102/><D102/><U132/><E14/><V135/><F77/><W70/><G70/><T15/><D15/><U53/><E53/><V0/><F0/><W3/><G3/><T12/><D12/><U110/><E6/><V116/><F35/><W19/><G1/><T96/><D96/><U54/><E54/><V64/><F11/><W122/><G122/><T95/><D95/><N who="1" m="54759" /><E110/><V119/><F92/><AGARI ba="0,0" hai="46,49,52,65,66,92,99,101,132,133,134" m="54759" machi="92" ten="30,2900,0" yaku="20,1,54,1" doraHai="113" who="1" fromWho="2" sc="240,0,250,29,250,-29,260,0" />
</Scene>
<Scene>
<INIT seed="1,1,0,1,5,34" ten="240,279,221,260" oya="1" hai0="48,38,28,32,40,85,53,99,17,73,50,20,71" hai1="55,24,56,45,124,122,121,21,128,106,131,126,92" hai2="113,37,114,47,3,94,70,101,115,10,79,135,100" hai3="133,51,64,41,4,127,108,125,103,42,58,75,112"/><U119/><E106/><V97/><F70/><W29/><G75/><T78/><D71/><U120/><E92/><V1/><F135/><W96/><G112/><T111/><D111/><U36/><E119/><V95/><F79/><W117/><G108/><T110/><D110/><U93/><E93/><V118/><F118/><W14/><G29/><T105/><D73/><U57/><E21/><V86/><F10/><N who="3" m="4423" /><G117/><T49/><D28/><U67/><E24/><V81/><F81/><W109/><G109/><T7/><D7/><U39/><E67/><V88/><F100/><W84/><G84/><T31/><D31/><U107/><E107/><V66/><F66/><W15/><G15/><T33/><D53/><U104/><E104/><V35/><F35/><W74/><G74/><T61/><D61/><N who="1" m="35999" /><E57/><V69/><F69/><W132/><G64/><T68/><D68/><U0/><E0/><V23/><F23/><W77/><G58/><T54/><D54/><U72/><E72/><V63/><F63/><W134/><G134/><T30/><D30/><U46/><E45/><V22/><F22/><W52/><G132/><T2/><D2/><U43/><E39/><V98/><F98/><W80/><G96/><T59/><D59/><U123/><E122/><V6/><F6/><W26/><G133/><T12/><D99/><U60/><E60/><V18/><F18/><W90/><G103/><T87/><D105/><U91/><E91/><V9/><F9/><W11/><G11/><T130/><D33/><U27/><E27/><V76/><F76/><W82/><G26/><T89/><D32/><RYUUKYOKU ba="1,0" sc="240,-15,279,15,221,15,260,-15" hai1="36,43,46,120,121,123,124,126,128,131" hai2="1,3,37,47,86,88,94,95,97,101,113,114,115" />
</Scene>
<Scene>
<INIT seed="1,2,0,3,4,65" ten="225,294,236,245" oya="1" hai0="101,5,133,132,4,14,20,30,113,87,116,88,68" hai1="122,33,51,75,0,29,107,7,103,55,97,93,12" hai2="119,94,49,24,79,130,21,37,76,45,62,99,47" hai3="123,98,57,67,56,59,96,100,131,50,38,41,125"/><U134/><E122/><V106/><F106/><W3/><G123/><T74/><D116/><U39/><E75/><V86/><F119/><W28/><G3/><T117/><D117/><U32/><E39/><V89/><F37/><W70/><G28/><T95/><D113/><U61/><E0/><V82/><F130/><W31/><G31/><T27/><D74/><U120/><E120/><V135/><F135/><N who="0" m="51786" /><D101/><U22/><E107/><V13/><F13/><W84/><G131/><T128/><D128/><U124/><E134/><V46/><F62/><N who="3" m="40311" /><G84/><T25/><D14/><U53/><E29/><V52/><F79/><W129/><G98/><T18/><D68/><U43/><E43/><V19/><AGARI ba="2,0" hai="19,21,24,45,46,47,49,52,76,82,86,89,94,99" machi="19" ten="20,5200,0" yaku="0,1,7,1,8,1,54,1" doraHai="65" who="2" fromWho="2" sc="225,-15,294,-28,236,58,245,-15" />
</Scene>
<Scene>
<INIT seed="2,0,0,2,3,11" ten="210,266,294,230" oya="2" hai0="16,78,10,96,27,101,126,132,38,49,105,33,53" hai1="41,85,45,46,116,39,75,24,68,106,122,82,26" hai2="34,19,87,110,69,59,125,93,129,22,114,80,63" hai3="47,92,0,57,117,12,107,86,20,50,1,100,70"/><V9/><F114/><W103/><G70/><T43/><D132/><U17/><E116/><V51/><F34/><W13/><G117/><T42/><D126/><U131/><E75/><V109/><F129/><W91/><G107/><T127/><D127/><U40/><E106/><V133/><F125/><W25/><G1/><T21/><D38/><U23/><E68/><V32/><F32/><W97/><G0/><T98/><D78/><U15/><E131/><V121/><F121/><W123/><G57/><T61/><D61/><U60/><E60/><V8/><F93/><N who="3" m="54519" /><G100/><T54/><D54/><U55/><E55/><N who="2" m="32255" /><F63/><W83/><G83/><T84/><D84/><U111/><E111/><N who="2" m="42507" /><F69/><W104/><G104/><T112/><D112/><U62/><E62/><V88/><F133/><W4/><G4/><T66/><D66/><U73/><E73/><V102/><F102/><W14/><G123/><T64/><D64/><U7/><E122/><V29/><F29/><N who="3" m="17575" /><G50/><T77/><D33/><U108/><E7/><V128/><F128/><W35/><G35/><T28/><D101/><U76/><REACH who="1" step="1"/><E108/><REACH who="1" ten="210,256,294,230" step="2"/><V72/><F72/><W65/><G65/><T36/><D105/><U18/><E18/><V6/><F6/><W58/><G58/><T52/><D16/><U124/><E124/><V5/><F5/><W120/><G120/><T31/><D31/><U71/><E71/><V99/><F99/><W90/><G103/><T67/><D28/><U37/><AGARI ba="0,1" hai="15,17,23,24,26,37,39,40,41,45,46,76,82,85" machi="37" ten="20,8000,1" yaku="1,1,0,1,7,1,9,1,52,1,53,0" doraHai="11" doraHaiUra="130" who="1" fromWho="1" sc="210,-20,256,90,294,-40,230,-20" />
</Scene>
<Scene>
<INIT seed="3,0,0,1,4,109" ten="190,346,254,210" oya="3" hai0="76,35,72,4,108,92,7,49,12,55,62,30,125" hai1="112,29,82,33,135,43,26,128,63,48,67,98,131" hai2="45,15,56,66,119,23,60,100,130,101,58,37,44" hai3="95,103,3,47,123,105,36,73,111,86,52,124,32"/><W6/><G123/><T102/><D108/><U94/><E135/><V28/><F119/><W107/><G111/><T121/><D121/><U39/><E39/><V65/><F37/><W91/><G32/><T110/><D110/><U106/><E112/><V78/><F78/><W81/><G124/><T46/><D125/><U53/><E43/><V99/><F130/><W129/><G129/><T77/><D35/><U96/><E82/><V9/><F100/><W132/><G132/><T38/><D30/><U54/><E54/><V126/><F126/><W57/><G3/><T88/><D102/><U120/><E98/><V90/><F90/><W17/><G6/><N who="0" m="2091" /><D38/><U21/><E120/><V8/><F8/><W14/><G36/><T40/><D12/><U51/><E106/><V93/><F9/><W19/><G47/><T133/><D72/><U11/><E11/><V18/><F28/><W85/><G73/><T134/><D134/><U122/><E122/><V117/><F117/><W31/><G31/><T116/><D116/><U71/><E33/><V27/><F15/><W16/><G14/><T59/><D133/><U79/><E131/><V24/><F24/><W0/><G0/><T87/><AGARI ba="0,0" hai="40,46,49,55,59,62,76,77,87,88,92" m="2091" machi="87" ten="30,2000,0" yaku="8,1,54,1" doraHai="109" who="0" fromWho="0" sc="190,20,346,-5,254,-5,210,-10" />
</Scene>
<Scene>
<INIT seed="4,0,0,0,1,127" ten="210,341,249,200" oya="0" hai0="57,9,3,63,128,36,89,39,102,10,44,135,71" hai1="95,16,99,46,106,29,12,118,67,134,76,100,74" hai2="93,8,14,56,123,125,1,45,18,131,30,112,114" hai3="122,60,34,103,13,37,107,59,101,52,31,65,110"/><T24/><D135/><U4/><E134/><V104/><F104/><W19/><G110/><T83/><D71/><U82/><E118/><V113/><F45/><W27/><G122/><T42/><D102/><U73/><E29/><V72/><F72/><W121/><G121/><T5/><D128/><U98/><E4/><V84/><F123/><W132/><G132/><T133/><D133/><U0/><E0/><V48/><F30/><W62/><G37/><T15/><D24/><U64/><E46/><V78/><F1/><W68/><REACH who="3" step="1"/><G107/><REACH who="3" ten="210,341,249,190" step="2"/><T124/><D36/><U105/><E105/><V32/><F114/><W53/><G53/><T96/><D124/><U108/><E108/><V111/><F125/><W47/><G47/><T11/><D3/><U75/><E67/><V28/><F111/><W20/><AGARI ba="0,1" hai="13,19,20,27,31,34,52,59,60,62,65,68,101,103" machi="20" ten="20,5200,0" yaku="1,1,0,1,7,1,54,1,53,0" doraHai="127" doraHaiUra="80" who="3" fromWho="3" sc="210,-26,341,-13,249,-13,190,62" />
</Scene>
<Scene>
<INIT seed="5,0,0,5,5,123" ten="184,328,236,252" oya="1" hai0="108,86,27,34,25,133,106,61,125,100,51,60,24" hai1="30,28,23,59,73,89,37,85,98,80,114,10,18" hai2="17,74,92,118,1,15,97,32,128,83,7,120,72" hai3="117,124,130,63,6,112,69,96,107,45,88,0,109"/><U113/><E37/><V36/><F120/><W62/><G69/><T50/><D133/><U91/><E10/><V76/><F118/><W14/><G0/><T53/><D34/><U41/><E41/><V2/><F74/><W47/><G117/><T68/><D125/><U21/><E73/><V13/><F32/><W33/><G33/><T79/><D106/><U35/><E35/><V84/><F128/><W39/><G107/><T131/><D100/><U31/><E59/><V93/><F93/><W127/><G112/><N who="1" m="43114" /><E18/><V94/><F72/><W48/><G39/><T90/><D131/><U19/><E19/><V20/><F36/><W43/><G47/><T71/><D79/><U115/><N who="1" m="43122" /><U64/><DORA hai="81" /><E64/><V87/><F7/><W132/><G130/><T40/><D71/><U54/><E54/><V44/><F44/><W105/><G6/><T134/><D68/><U29/><N who="1" m="7168" /><DORA hai="4" /><U5/><E5/><V8/><F8/><W116/><G45/><N who="0" m="25895" /><D134/><U82/><E98/><V121/><F121/><W67/><G96/><T102/><D60/><U110/><E110/><V9/><F1/><W55/><G132/><T58/><D108/><U103/><E103/><N who="2" m="60839" /><F2/><W122/><G109/><T119/><D102/><U111/><E111/><V38/><F38/><W57/><G122/><T46/><D119/><U126/><E126/><V135/><F135/><W95/><G116/><T49/><D46/><U56/><E56/><V70/><F70/><W12/><G124/><T22/><D22/><U52/><E52/><V101/><F9/><W16/><G127/><T77/><D53/><RYUUKYOKU ba="0,0" sc="184,-10,328,30,236,-10,252,-10" hai1="21,23,80,82,85,89,91" />
</Scene>
<Scene>
<INIT seed="5,1,0,1,2,19" ten="174,358,226,242" oya="1" hai0="94,76,25,14,30,32,59,105,79,90,100,56,29" hai1="12,106,110,58,40,55,114,67,11,91,24,13,37" hai2="115,68,109,71,89,28,49,64,127,45,84,34,9" hai3="2,17,101,122,116,77,27,16,69,5,118,104,121"/><U93/><E106/><V50/><F109/><W134/><G69/><T70/><D70/><U65/><E110/><V107/><F107/><W47/><G77/><T119/><D119/><N who="3" m="45609" /><G47/><T15/><D30/><U130/><E130/><V44/><F127/><W123/><G101/><T135/><D135/><U4/><E114/><V131/><F131/><W87/><G87/><T60/><D105/><U26/><E13/><V132/><F132/><W72/><G72/><T86/><D100/><U63/><E40/><V20/><F115/><W52/><G104/><T46/><D59/><U22/><E26/><V18/><F64/><W112/><G134/><T111/><D111/><U97/><REACH who="1" step="1"/><E37/><REACH who="1" ten="174,348,226,242" step="2"/><V51/><F34/><W35/><G112/><T124/><D124/><U75/><E75/><V108/><F108/><W10/><G52/><T53/><D14/><U62/><E62/><V39/><F39/><W23/><G35/><T1/><D1/><U21/><E21/><V88/><F20/><N who="3" m="13703" /><G123/><T126/><D126/><U42/><E42/><V133/><F133/><W128/><G128/><T83/><D15/><AGARI ba="1,1" hai="2,5,10,15,17,23,121,122" m="13703,45609" machi="15" ten="30,12000,2" yaku="12,1,34,2,52,2,54,1" doraHai="19" who="3" fromWho="0" sc="174,-123,348,0,226,0,242,133" />
</Scene>
<Scene>
<INIT seed="6,0,0,1,2,54" ten="51,348,226,375" oya="2" hai0="88,72,111,63,8,94,121,101,104,95,33,118,46" hai1="3,48,59,100,10,17,135,87,116,114,98,92,16" hai2="83,43,2,30,37,34,65,45,0,91,73,70,112" hai3="64,13,6,77,60,41,11,106,61,55,117,27,109"/><V29/><F29/><W58/><G109/><T1/><D88/><U31/><E116/><V24/><F91/><W79/><G117/><T90/><D90/><U105/><E105/><V28/><F28/><W51/><G106/><T107/><D94/><U9/><E87/><V20/><F20/><W39/><G60/><T15/><D95/><U66/><E114/><V99/><F112/><W133/><G133/><T123/><D101/><U97/><E97/><V124/><F124/><W35/><G35/><T89/><D89/><U132/><E31/><V57/><F57/><W52/><G27/><T82/><D15/><U96/><E96/><V21/><F21/><W25/><G25/><T115/><D82/><U69/><E69/><V120/><F120/><W84/><G84/><T125/><D63/><N who="1" m="38271" /><E48/><V36/><F36/><W80/><G80/><T38/><D46/><U78/><E78/><N who="3" m="29706" /><G39/><T7/><D7/><U74/><E74/><V56/><F99/><W86/><G86/><T93/><D8/><N who="1" m="3179" /><E3/><V127/><F127/><W103/><G103/><T102/><D93/><U42/><E42/><V119/><F119/><W62/><G62/><T53/><D53/><U49/><E49/><V130/><F130/><W113/><G113/><T22/><D22/><U126/><E126/><V110/><F83/><W50/><G50/><T68/><D102/><U47/><E47/><AGARI ba="0,0" hai="6,11,13,41,47,51,52,55,58,61,64" m="29706" machi="47" ten="30,3900,0" yaku="8,1,52,1,54,1" doraHai="54" who="3" fromWho="1" sc="51,0,348,-39,226,0,375,39" />
</Scene>
<Scene>
<INIT seed="7,0,0,3,1,83" ten="51,309,226,414" oya="3" hai0="96,63,123,12,70,39,77,91,16,102,80,56,20" hai1="100,24,49,47,111,14,131,97,109,52,18,43,88" hai2="40,37,130,116,10,33,15,115,34,5,114,64,126" hai3="105,53,48,84,112,120,78,58,2,54,103,98,21"/><W62/><G120/><T99/><D123/><U132/><E131/><V110/><F64/><W67/><G2/><T113/><D113/><U74/><E74/><V119/><F40/><W95/><G112/><N who="2" m="43049" /><F37/><W60/><G105/><T90/><D39/><U11/><E24/><V9/><F110/><W101/><G21/><T124/><D70/><U117/><E132/><V76/><F76/><W28/><G28/><T26/><D124/><U127/><E127/><V23/><F126/><W13/><G13/><T121/><D121/><U29/><E29/><V89/><F89/><N who="3" m="55663" /><G67/><T42/><D42/><U133/><E133/><V107/><F107/><W6/><G6/><T61/><D12/><U66/><E66/><V128/><F23/><W46/><G62/><T108/><D108/><U17/><E17/><V93/><F93/><W36/><G36/><T65/><D63/><U104/><E43/><V41/><F9/><W31/><G31/><T92/><REACH who="0" step="1"/><D99/><REACH who="0" ten="41,309,226,414" step="2"/><U73/><E117/><N who="2" m="45131" /><F41/><W1/><G1/><T71/><D71/><U106/><E106/><V86/><F86/><AGARI ba="0,1" hai="16,20,26,56,61,65,77,80,86,90,91,92,96,102" machi="86" ten="30,12000,2" yaku="1,1,7,1,8,1,52,1,54,1,53,1" doraHai="83" doraHaiUra="82" who="0" fromWho="2" sc="41,130,309,0,226,-120,414,0" owari="171,-23.0,309,11.0,106,-39.0,414,51.0" />
</Scene>
</mjloggm>