<mjloggm ver="2.3"><GO type="169"/><UN n0="%E5%AF%BE%E5%AD%90%E3%81%AE%E7%8E%8B%E6%A7%98" n1="%E3%83%A4%E3%82%AD%E3%83%B3" n2="%E5%A4%AA%E3%81%8F%E3%81%AA%E3%81%84%E3%81%8A" n3="%E3%82%AB%E3%83%BC%E3%83%AB%EF%BC%93%E4%B8%96" dan="17,17,17,16" rate="2121,2184,2162,2064" sx="M,M,M,M"/><TAIKYOKU oya="0"/>

<Scene>
<INIT seed="0,0,0,0,3,73" ten="250,250,250,250" oya="0" hai0="60,130,121,80,88,63,31,56,2,76,1,27,16" hai1="50,41,84,95,42,104,131,58,21,116,133,92,12" hai2="119,111,5,32,48,34,65,94,15,114,109,89,78" hai3="82,45,98,68,44,43,122,23,127,28,75,108,8"/><T135/><D121/><U113/><E116/><V3/><F114/><W101/><G68/><T30/><D135/><U25/><E104/><V24/><F119/><W33/><G108/><N who="2" m="41545" /><F65/><W91/><G33/><T53/><D130/><U36/><E131/><V96/><F3/><W100/><G127/><T62/><D2/><U129/><E129/><V79/><F48/><W19/><G28/><T117/><D117/><U99/><E133/><V115/><F115/><W11/><G45/><T90/><D1/><U10/><E36/><V102/><F89/><W83/><G83/><T18/><D31/><U69/><E50/><V87/><F87/><N who="3" m="50679" /><G75/><T51/><D30/><U0/><E84/><V64/><F64/><W81/><G81/><T59/><D59/><U47/><E58/><V7/><F24/><N who="3" m="14463" /><G122/><T77/><D27/><U93/><E25/><V85/><F85/><W26/><G26/><T38/><D38/><U29/><E0/><V9/><F7/><W49/><G98/><T40/><D40/><U70/><E99/><V106/><F106/><W61/><G61/><T14/><D80/><U39/><E42/><V71/><F71/><W112/><G112/><T110/><D110/><U132/><E132/><V4/><F5/><W134/><G134/><T74/><D74/><U97/><E97/><V37/><F37/><W66/><G66/><T128/><D128/><U118/><E118/><V123/><F123/><W35/><G35/><AGARI ba="0,0" hai="4,9,15,32,34,35,78,79,94,96,102" m="41545" machi="35" ten="30,3900,0" yaku="14,1,52,2" doraHai="73" who="2" fromWho="3" sc="250,0,250,0,250,39,250,-39" />
</Scene>
<Scene>
<INIT seed="1,0,0,4,4,10" ten="250,250,289,211" oya="1" hai0="96,24,135,86,28,2,93,88,83,74,46,0,68" hai1="15,99,14,104,32,87,19,103,94,89,18,56,51" hai2="21,127,55,54,92,111,109,82,61,43,84,31,113" hai3="122,48,3,11,69,44,58,91,72,36,126,117,5"/><U106/><E32/><V101/><F127/><W65/><G126/><T73/><D68/><U85/><E106/><V98/><F113/><W79/><G122/><T64/><D64/><U76/><E76/><N who="2" m="46151" /><F43/><W26/><G117/><T116/><D116/><U129/><E129/><V37/><F37/><W22/><G69/><T57/><D135/><U124/><E124/><V62/><F111/><W17/><G91/><T33/><D46/><U67/><E87/><V119/><F109/><W45/><G45/><T100/><REACH who="0" step="1"/><D57/><REACH who="0" ten="240,250,289,211" step="2"/><U12/><REACH who="1" step="1"/><E51/><REACH who="1" ten="240,240,289,211" step="2"/><V23/><F119/><W53/><G36/><T6/><D6/><U112/><E112/><V132/><F132/><W80/><G48/><T29/><D29/><U71/><E71/><V4/><F4/><W133/><G133/><T35/><D35/><U40/><E40/><V8/><F31/><W78/><G5/><T52/><D52/><U20/><E20/><V27/><F23/><W41/><G22/><T130/><D130/><U131/><E131/><V1/><F55/><W38/><G53/><T128/><D128/><U125/><E125/><V47/><F54/><W16/><G38/><T81/><D81/><U77/><E77/><V105/><F47/><W9/><G79/><T97/><D97/><U108/><E108/><V50/><F50/><W70/><G80/><T95/><D95/><U63/><AGARI ba="0,2" hai="12,14,15,18,19,56,63,67,85,89,94,99,103,104" machi="63" ten="30,12000,1" yaku="1,1,0,1,52,3,53,0" doraHai="10" doraHaiUra="123" who="1" fromWho="1" sc="240,-40,240,140,289,-40,211,-40" />
</Scene>
<Scene>
<INIT seed="1,1,0,3,4,63" ten="200,380,249,171" oya="1" hai0="58,82,104,29,49,130,89,5,9,120,21,94,15" hai1="60,110,73,40,100,122,119,1,17,34,51,57,39" hai2="103,97,42,132,125,32,48,116,80,35,101,0,77" hai3="3,133,75,134,121,70,69,65,19,96,46,91,22"/><U33/><E119/><V87/><F116/><W45/><G3/><T115/><D115/><U71/><E122/><V107/><F0/><W20/><G75/><T53/><D104/><U106/><E73/><V62/><F132/><W41/><G121/><T111/><D120/><U6/><E39/><V26/><F125/><W79/><G79/><T131/><D111/><U109/><E106/><V127/><F127/><W4/><G4/><T74/><D74/><U129/><E100/><V24/><F101/><W2/><G2/><T28/><D82/><U113/><E113/><V108/><F108/><N who="1" m="41577" /><E129/><N who="0" m="49161" /><D21/><N who="3" m="8297" /><G19/><T37/><D37/><U52/><E17/><V59/><F35/><N who="1" m="13321" /><E40/><V83/><F32/><W81/><G41/><T76/><D76/><U95/><E95/><V50/><F83/><W112/><G112/><T36/><D36/><U13/><E13/><V123/><F123/><W12/><G12/><T18/><D18/><U126/><E126/><V118/><F118/><W102/><G81/><T38/><D38/><U61/><E71/><V105/><F105/><W117/><G70/><T88/><D89/><U8/><AGARI ba="1,0" hai="1,6,8,51,52,57,60,61" m="13321,41577" machi="8" ten="40,7800,0" yaku="14,1,10,1,54,1" doraHai="63" who="1" fromWho="1" sc="200,-27,380,81,249,-27,171,-27" />
</Scene>
<Scene>
<INIT seed="1,2,0,4,4,33" ten="173,461,222,144" oya="1" hai0="113,28,64,79,44,25,40,3,108,106,117,65,19" hai1="96,102,75,73,77,123,66,109,85,69,5,17,82" hai2="32,10,87,35,103,41,48,104,18,122,29,94,8" hai3="52,63,27,36,45,31,112,118,55,105,101,0,9"/><U24/><E123/><V68/><F122/><W30/><G112/><T90/><D113/><U26/><E109/><V125/><F68/><W97/><G31/><T70/><D117/><U71/><E5/><V110/><F110/><W116/><G36/><T67/><D108/><U84/><E84/><V83/><F104/><W2/><G9/><T115/><D115/><U50/><E50/><V38/><F38/><W99/><G45/><T132/><D132/><U98/><E98/><V22/><F125/><W4/><G4/><T61/><D106/><U133/><E133/><V39/><F39/><W107/><G63/><T74/><D19/><U53/><E53/><N who="3" m="20554" /><G99/><T121/><D90/><U128/><E128/><V49/><F29/><W37/><G107/><T127/><D127/><U13/><E66/><V58/><F35/><N who="3" m="20959" /><G37/><T60/><D121/><U57/><E57/><V16/><F32/><W72/><G72/><T6/><D61/><U80/><E71/><V76/><F58/><W131/><G131/><T120/><D120/><U88/><E69/><V51/><F41/><W95/><G105/><T54/><D40/><U42/><E42/><V1/><F18/><W43/><G43/><T92/><D44/><U46/><E46/><V126/><F126/><W78/><G78/><T114/><D114/><U130/><E75/><V34/><F34/><W111/><G111/><T81/><D54/><U62/><E62/><V15/><F1/><W47/><G47/><T21/><REACH who="0" step="1"/><D92/><REACH who="0" ten="163,461,222,144" step="2"/><N who="1" m="58631" /><E130/><V100/><F94/><W14/><G14/><T56/><D56/><U134/><E134/><V86/><F76/><RYUUKYOKU ba="2,1" sc="163,10,461,10,222,-30,144,10" hai0="3,6,21,25,28,60,64,65,67,70,74,79,81" hai1="13,17,24,26,73,77,80,82,85,88" hai3="0,2,95,97,101,116,118" />
</Scene>
<Scene>
<INIT seed="1,3,1,0,1,6" ten="173,471,192,154" oya="1" hai0="17,127,106,125,80,16,90,78,73,93,66,76,50" hai1="32,56,88,7,20,0,113,23,134,62,135,54,44" hai2="86,11,103,64,81,129,3,119,33,121,120,41,87" hai3="109,91,59,84,22,46,111,102,4,36,26,72,89"/><U42/><E113/><V92/><F119/><W98/><G72/><T8/><D106/><U53/><E32/><V116/><F116/><W79/><G79/><T101/><D101/><U110/><E54/><V19/><F33/><W105/><G4/><T85/><D78/><U40/><E40/><V28/><F129/><W130/><G130/><T67/><D50/><U35/><E35/><V118/><F118/><W63/><G46/><T65/><REACH who="0" step="1"/><D8/><REACH who="0" ten="163,471,192,154" step="2"/><N who="1" m="2151" /><E110/><N who="3" m="41994" /><G36/><T15/><D15/><U122/><E88/><V52/><F103/><W13/><G13/><T12/><D12/><U30/><E122/><V74/><F121/><W5/><G5/><T95/><D95/><U114/><E114/><V29/><F92/><W131/><G131/><T37/><D37/><U108/><E108/><V104/><F104/><W107/><G107/><T77/><D77/><U69/><E135/><V123/><F120/><W18/><G84/><T61/><D61/><U126/><E62/><V132/><F86/><W112/><G112/><T117/><D117/><U39/><E134/><V49/><F132/><W94/><G105/><T1/><D1/><U58/><E39/><V99/><F3/><W96/><G96/><T45/><D45/><U124/><E44/><V31/><F99/><W47/><G47/><T55/><D55/><AGARI ba="3,2" hai="18,22,26,55,59,63,89,91,94,98,102" m="41994" machi="55" ten="30,1000,0" yaku="14,1" doraHai="6" who="3" fromWho="0" sc="163,-19,471,0,192,0,154,39" />
</Scene>
<Scene>
<INIT seed="2,0,0,1,4,0" ten="144,471,192,193" oya="2" hai0="103,61,62,68,80,7,85,22,5,118,123,97,117" hai1="126,44,100,83,78,21,130,119,32,48,50,125,53" hai2="18,65,54,39,11,27,67,4,79,40,82,73,25" hai3="47,23,108,34,109,120,58,107,56,30,59,60,93"/><V135/><F135/><W70/><G107/><T45/><D123/><U134/><E32/><V24/><F54/><W43/><G34/><T20/><D45/><U114/><E114/><V111/><F111/><N who="3" m="42571" /><G30/><T37/><D37/><U46/><E119/><N who="0" m="45577" /><D68/><U116/><E116/><V76/><F76/><W49/><G23/><N who="0" m="8747" /><D62/><U66/><E66/><V16/><F67/><N who="3" m="41319" /><G93/><N who="0" m="58799" /><D61/><U13/><E134/><V36/><F65/><W124/><G124/><T112/><D112/><U52/><E130/><V132/><F132/><W105/><G105/><T57/><D57/><U2/><E46/><N who="2" m="23815" /><F39/><N who="3" m="22015" /><G120/><T81/><D81/><U87/><E44/><V75/><F75/><W86/><G86/><T38/><D38/><U122/><E87/><V127/><F127/><W9/><G9/><T12/><D12/><U72/><E13/><V84/><F84/><W131/><G131/><T28/><D28/><U99/><E122/><V102/><F102/><W3/><G3/><AGARI ba="0,0" hai="3,4,11,16,18,24,25,27,73,79,82" m="23815" machi="3" ten="30,5800,0" yaku="25,1,52,1,54,1" doraHai="0" who="2" fromWho="3" sc="144,0,471,0,192,58,193,-58" />
</Scene>
<Scene>
<INIT seed="2,1,0,4,5,104" ten="144,471,250,135" oya="2" hai0="124,32,30,132,64,33,4,80,84,56,17,59,9" hai1="117,88,53,73,98,126,120,96,74,134,112,131,12" hai2="40,34,19,71,39,125,28,81,114,86,101,50,99" hai3="97,91,85,38,13,47,118,119,95,18,27,44,78"/><V11/><F114/><W70/><G70/><T76/><D132/><U127/><E112/><V133/><F71/><W106/><G27/><T5/><D124/><N who="1" m="47659" /><E134/><V109/><F125/><W66/><G66/><T61/><D17/><U3/><E3/><V62/><F133/><W128/><G128/><T93/><D5/><U41/><E131/><V77/><F109/><W60/><G60/><T108/><D108/><U37/><E120/><V87/><F62/><W45/><G38/><T0/><D30/><U67/><E67/><V16/><F39/><W24/><G24/><T94/><D59/><U135/><E135/><V55/><F40/><W123/><G123/><T8/><D8/><U51/><E117/><V48/><F87/><W113/><G113/><T54/><D64/><U15/><E98/><V75/><F86/><W72/><G18/><T111/><D111/><U68/><E41/><V65/><F65/><W49/><G13/><N who="1" m="5194" /><E37/><V36/><F36/><W89/><G49/><T105/><D105/><U23/><E23/><V57/><F48/><W42/><G42/><T29/><D29/><U92/><E68/><V26/><REACH who="2" step="1"/><F11/><REACH who="2" ten="144,471,240,135" step="2"/><W31/><G118/><T14/><D84/><U43/><E43/><V83/><F83/><N who="3" m="45511" /><G119/><T2/><D80/><U1/><E51/><V129/><F129/><W116/><G116/><T103/><D61/><U110/><E110/><V63/><F63/><W122/><G122/><T46/><D54/><U35/><E53/><V115/><F115/><W6/><G85/><T130/><D130/><U7/><E35/><V107/><AGARI ba="1,1" hai="16,19,26,28,34,50,55,57,75,77,81,99,101,107" machi="107" ten="20,18000,2" yaku="1,1,0,1,7,1,52,1,54,1,53,1" doraHai="104" doraHaiUra="100" who="2" fromWho="2" sc="144,-61,471,-61,240,193,135,-61" />
</Scene>
<Scene>
<INIT seed="2,2,0,4,4,94" ten="83,410,433,74" oya="2" hai0="95,32,114,123,60,92,88,112,3,9,21,116,39" hai1="29,26,16,58,43,50,11,45,36,80,79,13,104" hai2="7,22,49,121,97,120,37,82,85,24,17,130,31" hai3="61,83,47,91,23,41,8,19,89,135,30,14,59"/><V28/><F37/><W35/><G35/><T48/><D123/><U68/><E68/><V118/><F118/><W126/><G126/><T63/><D39/><U93/><E104/><V100/><F130/><W106/><G135/><T6/><D32/><U133/><E133/><V5/><F121/><W18/><G106/><T52/><D116/><U65/><E93/><N who="2" m="58415" /><F120/><W55/><G83/><T103/><D21/><U53/><E65/><V134/><F134/><W40/><G30/><N who="2" m="11305" /><F49/><W73/><G73/><T71/><D103/><U76/><REACH who="1" step="1"/><E80/><REACH who="1" ten="83,400,433,74" step="2"/><V12/><F24/><W119/><G119/><T131/><D95/><U1/><E1/><V64/><F64/><W20/><G47/><T115/><D71/><U70/><E70/><V90/><AGARI ba="2,1" hai="5,7,12,17,22,82,85,90" m="11305,58415" machi="90" ten="30,3000,0" yaku="8,1,52,1" doraHai="94" who="2" fromWho="2" sc="83,-12,400,-12,433,46,74,-12" />
</Scene>
<Scene>
<INIT seed="2,3,0,5,4,110" ten="71,388,479,62" oya="2" hai0="51,9,74,39,100,116,112,19,119,52,56,134,102" hai1="66,122,4,133,94,11,78,104,45,107,17,76,59" hai2="120,5,44,71,10,81,88,62,8,43,30,105,113" hai3="128,135,75,49,83,60,34,41,54,77,92,114,6"/><V130/><F120/><W90/><G34/><T129/><D74/><U50/><E122/><V2/><F105/><W93/><G135/><T22/><D39/><U26/><E133/><V127/><F127/><W69/><G128/><T103/><D134/><U98/><E107/><V86/><F130/><W29/><G29/><T21/><D129/><U101/><E104/><V40/><F113/><W132/><G132/><T37/><D37/><U13/><E66/><V61/><F30/><W55/><G41/><T109/><D109/><U12/><E59/><V33/><F33/><W53/><G92/><T118/><D112/><U91/><E26/><V14/><F71/><W65/><G6/><T3/><D3/><U126/><E126/><V131/><F131/><W87/><REACH who="3" step="1"/><G114/><REACH who="3" ten="71,388,479,52" step="2"/><T15/><AGARI ba="3,1" hai="9,15,19,21,22,51,52,56,100,102,103,116,118,119" machi="15" ten="40,5200,0" yaku="0,1,12,1,54,1" doraHai="110" who="0" fromWho="0" sc="71,71,388,-16,479,-29,52,-16" />
</Scene>
<Scene>
<INIT seed="3,0,0,0,0,57" ten="142,372,450,36" oya="3" hai0="7,80,29,97,88,128,98,73,108,77,75,65,24" hai1="44,27,89,10,55,3,87,12,30,134,129,78,135" hai2="99,25,71,132,41,100,101,72,70,37,130,21,60" hai3="67,54,15,43,16,94,18,31,34,81,58,119,50"/><W91/><G119/><T106/><D108/><U125/><E3/><V46/><F72/><W35/><G81/><T85/><D128/><U104/><E104/><V123/><F130/><W23/><G31/><T42/><D42/><U90/><E129/><V111/><F111/><W52/><G43/><T103/><D7/><U47/><E78/><V112/><F112/><W84/><G67/><T68/><D97/><U96/><E125/><V113/><F113/><W28/><G28/><T95/><D75/><U63/><E96/><V9/><F132/><W17/><G54/><T59/><D68/><U20/><E135/><V127/><F127/><W13/><G18/><T131/><D131/><U33/><E33/><V19/><F123/><W40/><G40/><T11/><D11/><AGARI ba="0,0" hai="11,13,15,16,17,23,34,35,50,52,58,84,91,94" machi="11" ten="30,12000,1" yaku="7,1,25,2,54,2" doraHai="57" who="3" fromWho="0" sc="142,-120,372,0,450,0,36,120" />
</Scene>
<Scene>
<INIT seed="3,1,0,5,4,71" ten="22,372,450,156" oya="3" hai0="70,94,99,0,129,53,90,39,126,91,54,114,67" hai1="32,45,97,57,10,78,77,58,36,128,46,61,19" hai2="27,103,41,93,85,66,52,117,122,23,33,75,26" hai3="104,81,130,20,2,56,121,8,14,115,12,111,50"/><W109/><G104/><T124/><D0/><U69/><E32/><V16/><F117/><W74/><G2/><T22/><D129/><U108/><E128/><V102/><F75/><W107/><G107/><T105/><D105/><U119/><E119/><V87/><F122/><W73/><G130/><T80/><D114/><U123/><E123/><V35/><F66/><W38/><G38/><T64/><D39/><U89/><E69/><V28/><F41/><W34/><G34/><T110/><D22/><U37/><E108/><N who="3" m="41546" /><G115/><T68/><D110/><U24/><E78/><V31/><F52/><N who="3" m="31767" /><G121/><T92/><D80/><U5/><E77/><V60/><F60/><W44/><G44/><T25/><REACH who="0" step="1"/><D99/><REACH who="0" ten="12,372,450,156" step="2"/><U82/><E97/><V63/><F35/><W98/><G81/><T59/><D59/><U43/><E58/><V120/><F120/><W96/><G96/><T1/><D1/><U135/><E46/><V7/><F33/><W79/><G98/><T134/><D134/><U51/><E135/><V30/><F23/><W4/><G79/><T29/><D29/><U101/><E82/><V72/><F30/><W106/><G106/><T21/><D21/><U42/><E57/><V11/><F31/><W40/><G20/><T17/><D17/><U125/><E19/><V55/><F16/><W13/><G13/><T95/><D95/><U6/><E45/><V9/><F28/><W112/><G14/><T84/><D84/><U3/><E37/><V100/><F87/><W88/><G112/><T127/><D127/><U132/><E36/><V49/><F85/><W48/><G74/><RYUUKYOKU ba="1,1" sc="12,30,372,-10,450,-10,156,-10" hai0="25,53,54,64,67,68,70,90,91,92,94,124,126" />
</Scene>
<Scene>
<INIT seed="4,2,1,4,1,130" ten="42,362,440,146" oya="0" hai0="60,27,24,94,80,4,128,89,123,105,96,37,70" hai1="102,1,125,5,101,121,110,124,85,52,44,64,62" hai2="77,115,73,99,22,100,31,61,45,2,50,47,39" hai3="127,135,46,82,14,48,63,109,79,87,38,75,68"/><T71/><D123/><U76/><E121/><V59/><F2/><W69/><G109/><T104/><D37/><U6/><E110/><V92/><F115/><W122/><G122/><T23/><D4/><U16/><E76/><V120/><F120/><W83/><G135/><T57/><D128/><U18/><E85/><V84/><F73/><W56/><G38/><T49/><D49/><N who="1" m="28711" /><E1/><V9/><F9/><W118/><G118/><T98/><D80/><U3/><E3/><V107/><F39/><W17/><G127/><N who="1" m="48714" /><E6/><V26/><F50/><W34/><G34/><T12/><D12/><U103/><E5/><V72/><F72/><W28/><G28/><T8/><D8/><U58/><AGARI ba="2,1" hai="16,18,58,62,64,101,102,103" m="48714,28711" machi="58" ten="30,4000,0" yaku="18,1,54,2" doraHai="130" who="1" fromWho="1" sc="42,-22,362,56,440,-12,146,-12" />
</Scene>
<Scene>
<INIT seed="5,0,0,3,3,37" ten="20,418,428,134" oya="1" hai0="10,14,21,25,2,108,116,70,27,100,78,129,63" hai1="58,91,115,69,92,4,67,7,126,99,73,117,65" hai2="104,128,15,113,85,33,1,17,121,61,107,0,105" hai3="52,106,111,54,47,43,120,131,31,114,64,46,30"/><U18/><E117/><V133/><F121/><W80/><G106/><T68/><D116/><U5/><E73/><V9/><F33/><W79/><G120/><T35/><D108/><U119/><E119/><V51/><F128/><W76/><G111/><T134/><D129/><U57/><E115/><V72/><F72/><W83/><G64/><T66/><D134/><U44/><E126/><V3/><F133/><W45/><G131/><T130/><D130/><U93/><E69/><V20/><F113/><W24/><G114/><T32/><D70/><U101/><E18/><V82/><F61/><W48/><G24/><T118/><D118/><U125/><E125/><V13/><F51/><W94/><G94/><T59/><D68/><U19/><E19/><V135/><F135/><W71/><G71/><T96/><D78/><N who="3" m="29737" /><G48/><T42/><D2/><U41/><E67/><V22/><REACH who="2" step="1"/><F15/><REACH who="2" ten="20,418,418,134" step="2"/><W11/><G11/><T40/><D35/><U50/><REACH who="1" step="1"/><E65/><REACH who="1" ten="20,408,418,134" step="2"/><V124/><F124/><W74/><G74/><T102/><D32/><U132/><E132/><V88/><AGARI ba="0,2" hai="0,1,3,9,13,17,20,22,82,85,88,104,105,107" machi="88" ten="40,5200,0" yaku="1,1,0,1,54,1,53,0" doraHai="37" doraHaiUra="26" who="2" fromWho="2" sc="20,-13,408,-26,418,72,134,-13" />
</Scene>
<Scene>
<INIT seed="6,0,0,1,4,62" ten="7,382,490,121" oya="2" hai0="72,83,66,60,88,44,102,57,81,65,21,41,63" hai1="4,93,132,67,49,33,6,3,7,120,135,20,131" hai2="86,115,28,42,34,11,5,10,113,43,23,25,96" hai3="45,127,46,117,38,98,14,122,52,68,99,84,39"/><V30/><F96/><N who="3" m="36907" /><G84/><N who="0" m="50191" /><D72/><U50/><E33/><V107/><F107/><W0/><G0/><T35/><D35/><U100/><E3/><V110/><F110/><W1/><G1/><T123/><D123/><U64/><E120/><V90/><F30/><W54/><G14/><T18/><D102/><U51/><E20/><V59/><F59/><W26/><G26/><N who="0" m="14647" /><D83/><U40/><E131/><V108/><F108/><W17/><G122/><T24/><D24/><U103/><E93/><N who="2" m="54487" /><F34/><W22/><G22/><T19/><D19/><U36/><E36/><N who="3" m="13866" /><G17/><T134/><D134/><N who="1" m="51243" /><E40/><N who="2" m="15403" /><F5/><W119/><G68/><T13/><D13/><U27/><E27/><V53/><F25/><W16/><G16/><T89/><D89/><U112/><E112/><V69/><F69/><W56/><G127/><T101/><D101/><U79/><E79/><V12/><F115/><W87/><G56/><N who="0" m="36999" /><D41/><U76/><E103/><V91/><F113/><W128/><G128/><T95/><D95/><U125/><E100/><V9/><F91/><W94/><G94/><T126/><D126/><U92/><E92/><V74/><F12/><W105/><G105/><T47/><AGARI ba="0,0" hai="44,47,57,63,66" m="36999,14647,50191" machi="47" ten="30,7900,0" yaku="8,1,52,2,54,1" doraHai="62" who="0" fromWho="0" sc="7,79,382,-20,490,-39,121,-20" />
</Scene>
<Scene>
<INIT seed="7,0,0,4,1,93" ten="86,362,451,101" oya="3" hai0="103,123,2,19,8,63,15,125,124,41,9,82,66" hai1="60,100,37,65,131,10,38,39,21,75,98,32,85" hai2="64,128,101,97,91,114,25,73,90,13,40,16,35" hai3="62,113,70,78,72,134,106,69,20,84,87,68,119"/><W121/><G121/><T74/><D123/><U80/><E32/><V120/><F120/><W92/><G106/><T129/><D129/><U27/><E131/><V96/><F128/><W79/><G119/><T18/><D41/><U33/><E10/><V99/><F73/><W24/><G72/><T51/><D51/><U11/><E11/><V26/><F114/><W108/><G113/><T5/><D103/><U48/><E48/><V54/><F35/><W17/><G108/><T83/><D19/><U95/><E75/><V46/><F64/><W22/><G134/><T116/><D116/><U45/><E33/><V7/><F54/><W112/><G112/><T61/><D61/><U88/><E45/><V118/><F101/><W50/><G62/><T36/><D36/><U23/><REACH who="1" step="1"/><E27/><REACH who="1" ten="86,352,451,101" step="2"/><N who="2" m="10251" /><F118/><W47/><G22/><T86/><D74/><U126/><E126/><N who="0" m="48745" /><D86/><U14/><E14/><V135/><F135/><W104/><G84/><T132/><D132/><U42/><E42/><V31/><F40/><W89/><REACH who="3" step="1"/><G104/><REACH who="3" ten="86,352,451,91" step="2"/><T34/><D34/><U109/><E109/><V133/><F133/><W58/><G58/><AGARI ba="0,2" hai="2,5,8,9,15,18,58,63,66,82,83" m="48745" machi="58" ten="30,1000,0" yaku="18,1" doraHai="93" who="0" fromWho="3" sc="86,30,352,0,451,0,91,-10" /><AGARI ba="0,0" hai="21,23,37,38,39,58,60,65,80,85,88,95,98,100" machi="58" ten="40,5200,0" yaku="1,1,52,1,54,1,53,0" doraHai="93" doraHaiUra="30" who="1" fromWho="3" sc="116,0,352,52,451,0,81,-52" owari="116,-28.0,404,20.0,451,55.0,29,-47.0" />
</Scene>
</mjloggm>