<mjloggm ver="2.3"><GO type="97"/><UN n0="%E5%A4%AA%E3%81%8F%E3%81%AA%E3%81%84%E3%81%8A" n1="%E4%B8%83%E5%A4%89%E5%8C%96" n2="%75%72%6F%63%68%69%74%61" n3="%E3%83%97%E3%83%AD%E8%A6%B3%E6%88%A6%E5%A3%AB" dan="15,14,14,17" rate="2063,1919,1934,1978" sx="M,F,M,M"/><TAIKYOKU oya="0"/>

<Scene>
<INIT seed="0,0,0,0,4,40" ten="250,250,250,250" oya="0" hai0="127,90,111,132,54,33,83,71,118,74,87,120,13" hai1="104,7,66,35,49,24,76,116,82,115,93,38,32" hai2="37,62,86,29,45,105,57,81,20,55,101,121,28" hai3="60,78,67,30,12,17,94,48,53,56,89,112,4"/><T3/><RYUUKYOKU type="yao9" ba="0,0" sc="250,0,250,0,250,0,250,0" hai0="3,13,33,54,71,74,83,87,90,111,118,120,127,132" />
</Scene>
<Scene>
<INIT seed="0,1,0,2,0,50" ten="250,250,250,250" oya="0" hai0="2,67,38,21,117,123,16,53,57,88,61,110,54" hai1="134,49,32,113,78,72,17,68,43,98,44,94,36" hai2="28,13,135,120,39,73,31,87,93,65,63,62,0" hai3="129,74,85,96,118,34,4,48,11,18,102,83,64"/><T80/><D123/><U56/><E32/><V105/><F0/><W46/><G118/><T27/><D117/><U126/><E126/><V35/><F105/><W24/><G129/><T130/><D38/><U82/><E134/><V122/><F73/><W70/><G74/><T66/><D2/><U59/><E113/><V26/><F39/><W41/><G70/><T104/><D104/><U111/><E111/><V15/><F135/><W132/><G132/><T23/><D130/><U101/><E68/><V3/><F3/><W103/><G64/><N who="0" m="24619" /><D110/><U12/><REACH who="1" step="1"/><E36/><REACH who="1" ten="250,240,250,250" step="2"/><V97/><F122/><W99/><G34/><T30/><D61/><U119/><E119/><V25/><F63/><W76/><G103/><T20/><D57/><U58/><E58/><V33/><F120/><W37/><G102/><T127/><D127/><U42/><E42/><V71/><REACH who="2" step="1"/><F87/><REACH who="2" ten="250,240,240,250" step="2"/><W19/><G85/><N who="0" m="50215" /><D21/><AGARI ba="1,2" hai="12,17,21,43,44,49,56,59,72,78,82,94,98,101" machi="21" ten="30,2000,0" yaku="1,1,7,1,53,0" doraHai="50" doraHaiUra="128" who="1" fromWho="0" sc="250,-23,240,43,240,0,250,0" />
</Scene>
<Scene>
<INIT seed="1,0,0,0,2,73" ten="227,283,240,250" oya="1" hai0="47,115,18,130,105,120,22,106,124,114,60,41,132" hai1="6,85,14,77,96,28,91,107,25,123,74,8,126" hai2="33,76,117,20,40,68,69,81,121,38,54,65,113" hai3="86,72,9,63,66,101,4,15,79,83,32,52,49"/><U88/><E123/><V90/><F33/><W50/><G32/><T45/><D120/><U0/><E126/><V97/><F121/><W30/><G30/><T55/><D124/><U7/><E0/><V13/><F117/><W94/><G72/><T102/><D130/><U23/><E74/><V122/><F113/><W1/><G1/><T93/><D132/><U3/><E107/><V57/><F122/><W104/><G104/><T12/><D105/><U84/><E96/><V29/><F65/><W10/><G10/><T87/><D106/><U98/><E98/><V110/><F40/><W11/><G11/><T129/><D129/><U31/><E3/><V26/><F38/><W75/><G101/><T39/><D102/><U64/><E64/><V134/><F13/><W19/><G4/><T58/><REACH who="0" step="1"/><D47/><REACH who="0" ten="217,283,240,250" step="2"/><U127/><E127/><V36/><F134/><W111/><G111/><T108/><D108/><U59/><E59/><V70/><F110/><W2/><G2/><T119/><D119/><U118/><E118/><V71/><F69/><W89/><REACH who="3" step="1"/><G52/><REACH who="3" ten="217,283,240,240" step="2"/><T133/><D133/><U5/><E5/><V21/><F54/><W61/><G61/><T27/><D27/><U82/><E6/><V131/><F26/><W24/><G24/><T80/><D80/><U92/><E91/><AGARI ba="0,2" hai="12,18,22,39,41,45,55,58,60,87,91,93,114,115" machi="91" ten="40,1300,0" yaku="1,1,53,0" doraHai="73" doraHaiUra="125" who="0" fromWho="1" sc="217,33,283,-13,240,0,240,0" />
</Scene>
<Scene>
<INIT seed="2,0,0,0,4,56" ten="250,270,240,240" oya="2" hai0="104,53,41,10,74,113,14,31,87,17,58,99,26" hai1="120,108,129,114,94,80,95,64,97,62,35,6,85" hai2="115,79,45,34,36,57,47,5,51,48,29,93,3" hai3="18,55,86,43,22,133,40,111,20,124,8,91,49"/><V15/><F3/><W89/><G111/><T11/><D74/><U37/><E108/><V90/><F36/><W23/><G133/><T134/><D134/><U81/><E114/><V106/><F106/><W28/><G124/><T61/><D113/><U72/><E35/><V125/><F79/><W2/><G28/><T131/><D131/><U132/><E37/><V39/><F39/><W98/><G98/><T88/><D41/><U66/><E132/><V127/><F115/><W135/><G135/><T107/><D11/><U82/><E72/><V67/><F51/><W12/><G2/><T76/><D99/><U44/><E129/><V68/><F68/><W21/><N who="3" m="5632" /><DORA hai="9" /><W60/><G91/><T119/><D76/><U30/><E30/><V19/><F5/><W69/><G69/><T42/><D42/><U117/><E117/><V116/><F116/><W122/><G122/><T73/><D73/><U33/><E33/><V128/><F128/><W84/><G84/><T32/><D119/><U25/><E25/><N who="2" m="18735" /><F125/><W110/><G110/><T83/><AGARI ba="0,0" hai="10,14,17,26,31,32,53,58,61,83,87,88,104,107" machi="83" ten="20,8000,1" yaku="0,1,7,1,52,2,54,1" doraHai="56,9" who="0" fromWho="0" sc="250,80,270,-20,240,-40,240,-20" />
</Scene>
<Scene>
<INIT seed="3,0,0,3,2,57" ten="330,250,200,220" oya="3" hai0="15,78,0,46,111,122,121,120,6,13,65,76,29" hai1="60,84,131,135,41,91,127,40,100,80,87,134,106" hai2="34,25,108,24,58,114,62,27,20,81,3,112,86" hai3="133,31,101,55,73,39,59,51,125,98,35,43,129"/><W103/><G133/><N who="1" m="50698" /><E127/><V36/><F3/><W14/><G125/><T83/><D111/><U93/><E131/><V77/><F36/><W117/><G117/><T16/><D29/><U99/><E60/><V88/><F108/><W12/><G73/><T4/><D65/><U123/><E40/><V18/><F34/><W64/><G129/><T71/><D71/><U26/><E26/><V28/><F28/><W113/><G113/><T68/><D68/><U128/><E128/><V109/><F109/><W95/><G64/><T37/><D0/><U48/><E48/><V45/><F45/><W7/><G103/><T94/><D46/><U42/><E42/><V47/><F112/><W92/><G92/><T110/><D94/><U102/><E41/><V32/><F32/><W53/><G53/><T116/><D110/><U2/><E2/><V69/><F69/><W124/><G124/><T96/><D116/><U10/><E10/><V33/><F33/><W74/><G74/><T23/><D37/><U1/><E1/><V90/><F47/><N who="3" m="24063" /><G7/><T107/><D6/><U126/><E126/><V5/><F5/><W19/><G19/><T104/><D4/><U67/><E67/><N who="2" m="39383" /><F114/><W66/><G66/><T79/><D121/><U85/><E102/><V30/><F30/><W72/><G72/><T52/><D122/><U130/><E130/><V89/><AGARI ba="0,0" hai="18,20,24,25,27,77,81,86,88,89,90" m="39383" machi="89" ten="30,4000,0" yaku="8,1,52,1,54,1" doraHai="57" who="2" fromWho="2" sc="330,-10,250,-10,200,40,220,-20" owari="320,42.0,240,4.0,240,-16.0,200,-30.0" />
</Scene>
</mjloggm>