<mjloggm ver="2.3"><GO type="169" lobby="0"/><UN n0="%E3%81%93%E3%81%BE%E3%81%A3%E3%81%95%E3%82%93" n1="%E3%81%91%E3%82%93%31%39%37%30" n2="%EF%BC%BC%28%EF%BC%BE%6F%EF%BC%BE%29%EF%BC%8F%E2%98%85" n3="%E5%A4%AA%E3%81%8F%E3%81%AA%E3%81%84%E3%81%8A" dan="17,16,17,18" rate="2142.72,2139.80,2124.50,2179.45" sx="M,M,M,M"/><TAIKYOKU oya="0"/>

<Scene>
<INIT seed="0,0,0,1,4,56" ten="250,250,250,250" oya="0" hai0="75,23,133,130,26,59,49,25,83,99,35,92,21" hai1="31,76,74,7,124,52,64,9,131,91,27,10,135" hai2="84,69,115,87,112,45,8,13,113,3,100,0,60" hai3="128,44,47,107,50,36,72,118,38,97,102,123,96"/><T43/><D35/><U109/><E64/><V33/><F33/><W119/><G72/><T120/><D120/><U39/><E39/><V127/><F100/><W57/><G123/><T12/><D133/><U89/><E135/><V108/><F108/><W28/><G128/><T22/><D130/><U93/><E109/><V80/><F127/><W121/><G121/><T71/><D71/><U79/><E124/><V134/><F134/><W18/><G28/><T41/><D83/><U111/><E111/><V55/><F87/><W101/><G18/><T114/><D114/><U37/><E37/><V58/><F45/><W61/><G50/><T90/><D75/><U106/><E106/><V110/><F69/><W24/><G24/><N who="0" m="9323" /><D12/><U117/><E74/><V42/><F42/><W68/><G68/><T51/><D51/><U78/><E117/><V11/><F110/><W126/><G126/><T129/><D129/><U40/><E40/><V53/><F3/><W88/><G107/><T17/><D17/><U4/><E93/><V1/><F0/><W132/><G132/><T6/><D6/><U63/><E31/><V82/><F1/><W20/><G38/><T105/><D105/><U122/><E27/><V46/><F13/><W19/><G36/><T2/><D2/><U95/><E95/><V77/><F82/><W103/><G119/><T62/><D49/><U16/><E122/><V54/><F46/><W94/><G118/><T86/><D86/><U125/><E125/><V5/><F5/><W98/><G47/><T70/><D70/><U65/><E131/><V15/><F15/><RYUUKYOKU ba="0,0" sc="250,15,250,-15,250,15,250,-15" hai0="21,22,23,41,43,59,62,90,92,99" hai2="8,11,53,54,55,58,60,77,80,84,112,113,115" />
</Scene>
<Scene>
<INIT seed="0,1,0,1,4,4" ten="265,235,265,235" oya="0" hai0="7,94,8,37,21,50,49,83,10,15,118,87,45" hai1="100,110,61,132,13,81,69,71,126,62,112,103,96" hai2="17,67,72,56,77,75,24,30,98,6,26,120,19" hai3="84,117,125,9,36,54,128,44,70,78,124,91,101"/><T74/><D74/><U113/><E81/><V39/><F39/><W48/><G117/><T99/><D37/><U16/><E126/><N who="3" m="48746" /><G70/><T114/><D118/><U3/><E3/><V43/><F120/><W27/><G128/><T23/><D114/><U108/><E96/><V1/><F43/><W111/><G111/><N who="1" m="42538" /><E132/><V53/><F67/><W129/><G129/><T5/><D50/><U102/><E13/><V33/><F98/><W115/><G101/><T46/><D46/><U106/><E16/><V88/><F77/><W51/><G27/><T107/><D107/><U35/><E35/><V59/><F72/><W25/><G25/><T86/><D86/><U90/><E90/><V52/><F75/><W18/><G78/><T31/><D31/><U38/><E38/><V119/><F119/><W121/><G36/><T133/><D133/><U32/><E32/><V14/><F26/><W80/><G91/><T92/><D92/><U123/><E123/><V28/><F88/><W57/><G121/><T11/><D15/><U55/><E55/><N who="2" m="21067" /><F30/><W89/><G89/><N who="0" m="51455" /><D7/><U34/><E34/><V65/><F19/><W122/><G122/><T64/><D5/><U29/><E29/><V22/><F65/><W135/><G135/><T79/><D79/><U95/><E95/><V82/><F82/><W63/><G80/><T76/><D76/><U93/><E93/><V97/><F97/><W58/><G84/><T131/><D131/><U66/><E106/><V41/><F41/><N who="3" m="24591" /><G18/><T116/><D116/><U20/><E71/><V130/><F130/><W40/><G40/><N who="0" m="24743" /><D64/><U73/><E73/><RYUUKYOKU ba="1,0" sc="265,15,235,-15,265,15,235,-15" hai0="8,10,11,21,23,94,99" hai2="1,6,14,17,22,24,28,33,56,59" />
</Scene>
<Scene>
<INIT seed="0,2,0,0,5,52" ten="280,220,280,220" oya="0" hai0="46,22,8,111,126,42,54,127,16,71,76,6,94" hai1="69,114,17,45,106,82,78,91,34,118,84,14,110" hai2="101,32,11,53,48,123,12,87,73,92,24,3,75" hai3="135,100,29,99,30,74,27,96,108,0,44,109,95"/><T105/><D105/><U89/><E69/><V23/><F3/><W55/><G0/><T5/><D71/><U90/><E34/><V132/><F123/><W60/><G74/><T38/><D76/><U33/><E33/><V64/><F64/><W104/><G135/><T117/><D117/><U35/><E35/><V62/><F62/><W26/><G26/><T28/><D28/><U98/><E118/><V49/><F32/><W25/><G25/><T67/><D67/><U128/><E45/><V80/><F132/><W115/><G115/><T37/><D37/><U70/><E70/><V79/><F49/><N who="3" m="29095" /><G27/><N who="0" m="14791" /><D8/><U59/><E114/><V107/><F107/><W121/><G121/><T83/><D111/><N who="3" m="42569" /><G60/><T50/><D83/><U58/><E110/><V65/><F75/><W1/><G1/><T125/><D94/><U85/><E85/><V124/><F73/><W21/><G21/><T81/><D81/><U2/><E2/><V77/><F23/><W63/><G63/><T41/><D41/><U51/><E51/><V97/><F24/><W133/><G133/><T66/><D66/><U31/><E31/><V10/><F65/><W36/><G36/><T40/><D40/><U129/><E106/><V103/><F11/><W134/><G134/><T131/><D38/><U112/><E112/><V72/><F72/><W57/><G29/><T43/><D43/><U4/><E4/><N who="0" m="1641" /><D42/><U56/><REACH who="1" step="1"/><E98/><REACH who="1" ten="280,210,280,220" step="2"/><V18/><F48/><W102/><G30/><T120/><D120/><U13/><E13/><V15/><F15/><W116/><G116/><T39/><D39/><U61/><E61/><RYUUKYOKU ba="2,1" sc="280,10,210,10,280,-30,220,10" hai0="46,50,54,125,126,127,131" hai1="14,17,56,58,59,78,82,84,89,90,91,128,129" hai3="57,95,96,99,100,102,104" />
</Scene>
<Scene>
<INIT seed="0,3,1,0,5,27" ten="290,220,250,230" oya="0" hai0="16,2,102,134,43,124,121,24,58,65,59,48,113" hai1="128,39,33,1,44,37,105,63,91,129,32,104,49" hai2="40,114,6,101,78,28,53,90,73,11,22,18,20" hai3="100,35,60,109,133,8,80,55,123,21,76,108,9"/><T47/><D121/><U42/><E1/><V71/><F71/><W126/><G35/><N who="1" m="13386" /><E91/><V96/><F114/><W92/><G123/><T87/><D2/><U62/><E49/><V111/><F111/><N who="3" m="42571" /><G133/><T46/><D113/><U69/><E63/><V50/><F40/><W120/><G120/><T70/><D134/><U36/><E44/><V61/><F61/><W93/><G21/><N who="0" m="13351" /><D70/><U86/><E86/><V82/><F90/><W41/><G41/><T106/><D46/><U12/><E12/><V98/><F18/><W122/><G122/><T10/><D65/><N who="1" m="41143" /><E42/><V110/><F110/><W3/><G3/><T14/><D47/><U131/><AGARI ba="3,1" hai="36,37,39,104,105,128,129,131" m="41143,13386" machi="131" ten="50,3200,0" yaku="19,1,23,1" doraHai="27" who="1" fromWho="1" sc="290,-19,220,51,250,-11,230,-11" />
</Scene>
<Scene>
<INIT seed="1,0,0,2,1,23" ten="271,271,239,219" oya="1" hai0="33,41,44,73,101,95,2,66,46,94,81,29,14" hai1="15,65,104,91,100,9,8,87,71,53,16,110,17" hai2="126,60,135,43,45,51,27,77,132,125,113,24,128" hai3="48,11,98,112,59,64,131,50,20,103,62,121,5"/><U96/><E110/><V49/><F113/><W6/><G112/><T84/><D73/><U30/><E71/><V118/><F118/><W67/><G121/><T75/><D75/><U82/><E65/><V1/><F1/><W120/><G120/><T7/><D2/><U97/><E97/><V42/><F77/><W92/><G131/><T56/><D46/><U127/><E127/><N who="2" m="48651" /><F128/><W19/><G67/><T134/><D134/><N who="2" m="51242" /><F60/><W108/><G108/><T12/><D101/><U57/><E30/><V105/><F105/><W18/><G18/><T80/><D7/><U117/><E117/><V0/><F0/><W47/><G11/><T61/><D61/><U76/><E76/><V28/><F28/><W99/><G99/><T52/><D29/><U70/><E70/><V63/><F63/><W93/><G93/><T10/><D95/><U39/><E39/><V102/><F102/><W83/><G83/><T3/><D94/><U85/><E85/><V106/><F106/><W114/><G114/><T54/><D84/><U111/><E111/><V119/><F119/><W26/><REACH who="3" step="1"/><G50/><REACH who="3" ten="271,271,239,209" step="2"/><N who="2" m="18953" /><F43/><AGARI ba="0,1" hai="5,6,19,20,26,43,47,48,59,62,64,92,98,103" machi="43" ten="30,8000,1" yaku="1,1,7,1,8,1,52,1,53,1" doraHai="23" doraHaiUra="89" who="3" fromWho="2" sc="271,0,271,0,239,-80,209,90" />
</Scene>
<Scene>
<INIT seed="2,0,0,5,3,55" ten="271,271,159,299" oya="2" hai0="6,109,98,36,25,16,110,74,68,101,69,20,54" hai1="128,53,99,119,114,73,115,60,118,121,26,104,28" hai2="61,43,92,41,103,117,27,63,93,64,131,133,7" hai3="85,21,105,66,130,71,90,24,111,10,89,8,32"/><V35/><F117/><W107/><G32/><T87/><D74/><U96/><E73/><V132/><F7/><W86/><G111/><T123/><D123/><U113/><E121/><V0/><F0/><W13/><G130/><T15/><D36/><U77/><E128/><V97/><F131/><W1/><G1/><T84/><D87/><U78/><E104/><V102/><F35/><W112/><G112/><T124/><D124/><U134/><E26/><V122/><F122/><W17/><G71/><T42/><D42/><U11/><E11/><V50/><F27/><W37/><G37/><T82/><D6/><U80/><E53/><V4/><F4/><W65/><G107/><T44/><D25/><U3/><E3/><V120/><F120/><W62/><G105/><N who="0" m="63671" /><D44/><U94/><E60/><V91/><F50/><W29/><G10/><T70/><D54/><U2/><E2/><V76/><F76/><N who="1" m="29289" /><E80/><V127/><F127/><W39/><G39/><T83/><D84/><U34/><E34/><V106/><F106/><W9/><G9/><T135/><D135/><N who="2" m="51786" /><F63/><W57/><G66/><T129/><D129/><U38/><E38/><V100/><F93/><W46/><G46/><T40/><D40/><U47/><E47/><V51/><F51/><W23/><G8/><T5/><D5/><U126/><E126/><V45/><F45/><W49/><G49/><T67/><D67/><U88/><E134/><V33/><F33/><W48/><G48/><T72/><D72/><U59/><E115/><V79/><F79/><W52/><G65/><T14/><D15/><U31/><E114/><RYUUKYOKU ba="0,0" sc="271,10,271,-30,159,10,299,10" hai0="14,16,20,68,69,70,82,83,109,110" hai2="41,43,61,64,91,92,97,100,102,103" hai3="13,17,21,23,24,29,52,57,62,85,86,89,90" />
</Scene>
<Scene>
<INIT seed="2,1,0,0,2,3" ten="281,241,169,309" oya="2" hai0="8,79,31,45,7,97,112,91,84,99,19,81,59" hai1="109,76,52,65,120,28,128,46,21,108,70,135,26" hai2="5,12,118,38,105,94,48,131,23,67,117,85,122" hai3="43,49,124,98,95,16,129,78,53,103,96,132,83"/><V15/><F105/><W92/><G132/><T34/><D112/><U55/><E76/><V40/><F38/><W89/><G129/><T119/><D19/><U30/><E128/><V62/><F131/><W11/><G124/><T37/><D119/><U14/><E135/><V61/><F122/><W29/><G29/><T101/><D59/><U32/><E120/><V25/><F118/><W72/><G43/><T90/><D31/><U82/><E65/><V33/><F33/><W20/><G11/><T100/><D34/><U51/><E70/><V36/><F36/><W42/><G42/><T24/><D24/><U86/><E32/><V17/><F117/><W107/><G107/><T69/><D69/><U58/><E14/><N who="2" m="5163" /><F5/><W18/><REACH who="3" step="1"/><G20/><REACH who="3" ten="281,241,169,299" step="2"/><T57/><D8/><U113/><E113/><V127/><F127/><W6/><G6/><T9/><D9/><U73/><E30/><V64/><F64/><W116/><G116/><T88/><D7/><U60/><REACH who="1" step="1"/><E73/><REACH who="1" ten="281,231,169,299" step="2"/><V115/><F67/><W110/><G110/><T54/><D37/><U41/><E41/><V10/><F115/><W4/><G4/><T77/><D84/><U104/><E104/><V126/><F126/><W80/><G80/><T87/><D87/><U75/><E75/><V35/><F35/><W71/><G71/><T63/><D81/><U1/><E1/><V125/><F125/><W134/><G134/><T22/><D22/><U121/><E121/><V0/><F0/><W66/><G66/><T102/><D97/><U123/><E123/><V44/><F10/><W68/><G68/><T114/><D99/><RYUUKYOKU ba="1,2" sc="281,-30,231,10,169,10,299,10" hai1="21,26,28,46,51,52,55,58,60,82,86,108,109" hai2="17,23,25,40,44,48,61,62,85,94" hai3="16,18,49,53,72,78,83,89,92,95,96,98,103" />
</Scene>
<Scene>
<INIT seed="2,2,2,2,0,57" ten="251,241,179,309" oya="2" hai0="63,23,31,19,131,81,119,79,106,69,53,108,128" hai1="89,99,107,30,58,84,91,3,44,49,71,67,114" hai2="35,93,37,27,127,8,80,29,117,6,65,90,41" hai3="9,11,109,54,129,39,116,97,87,100,105,2,130"/><V83/><F117/><W48/><G116/><T32/><D119/><U73/><E3/><V135/><F135/><W134/><G39/><T38/><D38/><U15/><E73/><V113/><F113/><W120/><G120/><T13/><D106/><U7/><E71/><V34/><F34/><W101/><G134/><T25/><D108/><U26/><E114/><V51/><F37/><W36/><G36/><T112/><D112/><U0/><E0/><V103/><F103/><W14/><G109/><T18/><D19/><U62/><E107/><V22/><F35/><W60/><G101/><T47/><D47/><U74/><E74/><V24/><F24/><W70/><G87/><T45/><D45/><U5/><E99/><V10/><F127/><W64/><G2/><T133/><D133/><U12/><E12/><N who="2" m="5143" /><F65/><W72/><G72/><T85/><D53/><U55/><E15/><V88/><F10/><W56/><REACH who="3" step="1"/><G11/><REACH who="3" ten="251,241,179,299" step="2"/><T82/><D85/><U95/><REACH who="1" step="1"/><E91/><REACH who="1" ten="251,231,179,299" step="2"/><V66/><F90/><W50/><G50/><T92/><D79/><U21/><AGARI ba="2,4" hai="5,7,21,26,30,44,49,55,58,62,67,84,89,95" machi="21" ten="20,12000,2" yaku="1,1,2,1,0,1,7,1,8,1,52,1,53,0" doraHai="57" doraHaiUra="111" who="1" fromWho="1" sc="251,-32,231,166,179,-62,299,-32" />
</Scene>
<Scene>
<INIT seed="3,0,0,2,5,110" ten="219,397,117,267" oya="3" hai0="93,68,52,33,99,122,84,17,18,3,41,6,54" hai1="32,21,29,103,60,15,66,45,31,69,128,28,75" hai2="57,8,127,24,131,51,49,77,47,112,71,70,59" hai3="134,72,83,123,135,108,46,62,132,111,115,91,67"/><W65/><G123/><T74/><D74/><U82/><E128/><V76/><F131/><W37/><G91/><T16/><D122/><U43/><E103/><V27/><F8/><W97/><G97/><T88/><D33/><U94/><E32/><V80/><F47/><W56/><G83/><T107/><D68/><U23/><E94/><V124/><REACH who="2" step="1"/><F80/><REACH who="2" ten="219,397,107,267" step="2"/><W9/><G9/><T10/><D41/><U30/><E82/><V125/><F125/><W4/><G72/><T121/><REACH who="0" step="1"/><D121/><REACH who="0" ten="209,397,107,267" step="2"/><U119/><E75/><V113/><AGARI ba="0,2" hai="24,27,49,51,57,59,70,71,76,77,112,113,124,127" machi="113" ten="25,12000,2" yaku="1,1,0,1,22,2,52,2,53,0" doraHai="110" doraHaiUra="90" who="2" fromWho="2" sc="209,-30,397,-30,107,140,267,-60" />
</Scene>
<Scene>
<INIT seed="4,0,0,4,3,127" ten="179,367,247,207" oya="0" hai0="100,113,82,70,22,79,48,130,52,117,74,62,63" hai1="106,101,26,37,116,118,7,119,69,131,71,114,94" hai2="93,41,85,2,27,46,97,134,126,91,40,111,54" hai3="21,60,87,45,135,25,43,39,73,49,3,83,19"/><T29/><D117/><U122/><E7/><V129/><F126/><W17/><G135/><T57/><D113/><U33/><E94/><V5/><F134/><W123/><G123/><T20/><D130/><U32/><E122/><V81/><F111/><W30/><G3/><T75/><D75/><U110/><E110/><V28/><F5/><W12/><G73/><T15/><D70/><U98/><E37/><V92/><F2/><W125/><G125/><T120/><D120/><U23/><E23/><V109/><F109/><W55/><G12/><T104/><D104/><U11/><E11/><V112/><F112/><W66/><G39/><T36/><D36/><U88/><E88/><V86/><F54/><W64/><G43/><T65/><D100/><U128/><E114/><V76/><F46/><W84/><G84/><T51/><D22/><U132/><E132/><V44/><F44/><W96/><G96/><T34/><D34/><N who="1" m="13419" /><E26/><V9/><F9/><W4/><G4/><T0/><D0/><U31/><E31/><V90/><F27/><W102/><G102/><T133/><D133/><U80/><E80/><V105/><F28/><W115/><G115/><T42/><D42/><U72/><E72/><N who="2" m="43143" /><F41/><W68/><REACH who="3" step="1"/><G66/><REACH who="3" ten="179,367,247,197" step="2"/><T124/><D124/><U14/><E14/><V108/><F40/><W99/><G99/><T58/><REACH who="0" step="1"/><D15/><REACH who="0" ten="169,367,247,197" step="2"/><U35/><E35/><V6/><F108/><W13/><G13/><T38/><D38/><U16/><E119/><V121/><F121/><W107/><G107/><T10/><D10/><U59/><E118/><V24/><F105/><W103/><G103/><RYUUKYOKU ba="0,2" sc="169,15,367,-15,247,-15,197,15" hai0="20,29,48,51,52,57,58,62,63,65,74,79,82" hai3="17,19,21,25,30,45,49,55,60,64,68,83,87" />
</Scene>
<Scene>
<INIT seed="4,1,2,0,4,35" ten="184,352,232,212" oya="0" hai0="59,34,120,76,30,114,37,128,125,70,27,26,95" hai1="127,111,66,103,14,32,116,0,93,43,3,1,91" hai2="40,78,104,98,19,86,96,56,100,6,58,97,16" hai3="101,24,36,90,123,121,126,118,122,112,38,12,72"/><T44/><D70/><U102/><E111/><V94/><F40/><W89/><G118/><T17/><D120/><U134/><E116/><V83/><F6/><W84/><G72/><T87/><D128/><U85/><E32/><V10/><F98/><W60/><G112/><T48/><D37/><U129/><E43/><V99/><F99/><W21/><G126/><T131/><D131/><U82/><E129/><V67/><F67/><W105/><G105/><T51/><D59/><U124/><E66/><V77/><F77/><W88/><G101/><T28/><D17/><U52/><E14/><V92/><F104/><W7/><G60/><T74/><D74/><U8/><E8/><V73/><F73/><W113/><G113/><T119/><D119/><U132/><E52/><V79/><F79/><W61/><G61/><T68/><D114/><U80/><E80/><V39/><F39/><N who="3" m="14891" /><G7/><T9/><D9/><U2/><E2/><V41/><F41/><W54/><G54/><T63/><D125/><N who="1" m="48203" /><E82/><V53/><F10/><W106/><G12/><T11/><D11/><U47/><E47/><V20/><F20/><W42/><G42/><T31/><D34/><U81/><E81/><V135/><F58/><W29/><G21/><T65/><D76/><U18/><E18/><V115/><F115/><W108/><G108/><T46/><D46/><U33/><E33/><V69/><F69/><W133/><G122/><T57/><D68/><U22/><E22/><V50/><F135/><AGARI ba="1,2" hai="0,1,3,85,91,93,102,103,132,134,135" m="48203" machi="135" ten="40,8000,1" yaku="20,1,18,1,52,3" doraHai="35" who="1" fromWho="2" sc="184,0,352,103,232,-83,212,0" />
</Scene>
<Scene>
<INIT seed="5,0,0,1,5,54" ten="184,455,149,212" oya="1" hai0="23,84,67,104,119,27,7,16,30,134,120,71,108" hai1="63,91,85,20,59,77,60,65,42,78,35,41,39" hai2="24,106,113,0,56,115,124,2,99,48,38,36,93" hai3="33,110,21,131,37,69,89,57,55,83,28,73,49"/><U112/><E112/><N who="2" m="43083" /><F106/><W81/><G110/><T46/><D108/><U103/><E35/><V97/><F124/><W128/><G37/><N who="2" m="14441" /><F24/><N who="3" m="18567" /><G69/><T51/><D104/><U52/><E103/><N who="2" m="60847" /><F99/><W19/><G73/><T123/><D119/><U105/><E105/><V31/><F31/><W13/><G89/><T43/><D30/><U135/><E39/><V4/><F4/><W116/><G116/><T72/><D72/><U96/><E96/><V29/><F29/><W107/><G107/><T102/><D102/><U32/><E32/><V26/><F26/><W114/><G114/><T125/><D125/><U121/><E121/><N who="0" m="46665" /><D7/><U92/><E78/><V12/><F12/><W17/><G19/><T1/><D84/><U62/><E77/><V10/><F10/><W66/><G17/><T118/><D118/><U14/><E65/><V122/><F122/><W80/><G66/><T11/><D11/><U101/><E101/><V47/><F56/><W94/><G13/><T109/><D109/><U129/><E14/><V40/><AGARI ba="0,0" hai="0,2,40,47,48" m="60847,14441,43083" machi="40" ten="30,2000,0" yaku="15,1,11,1" doraHai="54" who="2" fromWho="2" sc="184,-5,455,-10,149,20,212,-5" />
</Scene>
<Scene>
<INIT seed="6,0,0,5,0,50" ten="179,445,169,207" oya="2" hai0="58,119,55,63,51,92,100,53,118,65,130,11,19" hai1="74,121,120,9,135,123,94,23,32,88,56,69,126" hai2="109,30,76,36,15,24,70,128,44,67,89,79,77" hai3="131,4,127,5,14,61,87,101,62,49,72,66,45"/><V82/><F128/><W22/><G72/><T20/><D11/><U17/><E69/><V43/><F109/><W59/><G131/><T39/><D39/><U6/><E32/><V8/><F89/><W0/><G0/><T134/><D130/><U84/><E74/><V102/><F102/><W103/><G127/><T98/><D134/><U40/><E135/><V75/><F67/><W42/><G62/><T21/><D21/><U104/><E104/><V7/><REACH who="2" step="1"/><F70/><REACH who="2" ten="179,445,159,207" step="2"/><W85/><G103/><T90/><D100/><U106/><E126/><V29/><F29/><W37/><G101/><T113/><D113/><U57/><E106/><V47/><F47/><W91/><G91/><T2/><D65/><U13/><E40/><V116/><F116/><W1/><G42/><T73/><D119/><U81/><E81/><V46/><F46/><W60/><G45/><T35/><D118/><U107/><E107/><V112/><F112/><W97/><G66/><T95/><D90/><U83/><E83/><V132/><F132/><W33/><G59/><T28/><D58/><U26/><AGARI ba="0,1" hai="6,9,13,17,23,26,56,57,84,88,94,120,121,123" machi="26" ten="30,4000,0" yaku="0,1,13,1,54,1" doraHai="50" who="1" fromWho="1" sc="179,-10,445,50,159,-20,207,-10" />
</Scene>
<Scene>
<INIT seed="7,0,0,1,3,113" ten="169,495,139,197" oya="3" hai0="96,53,39,100,31,109,78,14,112,133,130,27,97" hai1="55,65,87,116,73,70,80,38,20,128,34,131,91" hai2="132,76,59,105,86,77,54,124,126,62,94,81,61" hai3="72,85,101,28,37,75,44,118,108,52,25,49,19"/><W41/><G108/><T0/><D0/><U42/><E116/><V125/><F105/><W69/><G69/><T135/><D109/><U89/><E34/><V107/><F107/><W2/><G2/><T51/><D39/><U48/><E73/><V83/><F132/><W36/><G118/><T63/><D63/><N who="1" m="40255" /><E42/><V99/><F62/><W9/><G101/><T17/><D78/><N who="1" m="46487" /><E20/><V66/><F66/><W92/><G9/><T117/><D117/><U121/><E38/><V60/><F60/><W26/><G37/><T123/><D130/><N who="1" m="49707" /><E121/><V1/><F1/><W110/><G19/><T32/><D123/><U22/><E22/><V33/><F33/><W15/><G15/><T104/><D112/><U122/><E122/><V47/><F47/><AGARI ba="0,0" hai="47,48,55,89,91" m="49707,46487,40255" machi="47" ten="30,1000,0" yaku="19,1" doraHai="113" who="1" fromWho="2" sc="169,0,495,10,139,-10,197,0" owari="169,-23.0,505,60.0,129,-37.0,197,0.0" />
</Scene>
</mjloggm>