<mjloggm ver="2.3"><GO type="97"/><UN n0="%73%61%62%6F%31%30" n1="%E3%81%A1%E3%82%8D%E3%81%BE%E3%81%A3%E3%81%8F" n2="%53%69%6F" n3="%E5%A4%AA%E3%81%8F%E3%81%AA%E3%81%84%E3%81%8A" dan="13,14,14,13" rate="1816,1962,1836,1993" sx="F,M,M,M"/><TAIKYOKU oya="0"/>

<Scene>
<INIT seed="0,0,0,5,3,30" ten="250,250,250,250" oya="0" hai0="35,128,86,57,13,55,39,69,34,72,96,21,116" hai1="102,4,37,126,83,74,22,98,47,48,120,42,24" hai2="10,99,115,27,6,28,100,88,111,90,12,79,89" hai3="15,109,60,46,82,76,45,61,9,133,49,3,101"/><T63/><D72/><U58/><E120/><V73/><F115/><W122/><G122/><T65/><D116/><U81/><E126/><V127/><F111/><W11/><G109/><T7/><D39/><U80/><E4/><V131/><F131/><W125/><G125/><T38/><D38/><U77/><E58/><V70/><F70/><W66/><G101/><T56/><D128/><U106/><REACH who="1" step="1"/><E37/><REACH who="1" ten="250,240,250,250" step="2"/><V117/><F127/><W53/><G46/><T71/><D57/><U110/><E110/><V25/><F117/><W105/><G45/><T132/><D71/><U103/><E103/><V33/><F100/><W113/><G113/><T92/><D132/><U40/><E40/><V29/><F99/><W91/><G133/><T31/><D7/><U112/><E112/><V54/><F54/><W52/><G52/><T121/><D121/><U114/><E114/><V41/><F41/><W94/><G53/><T44/><D44/><U68/><E68/><V118/><F118/><W20/><G66/><T134/><D134/><U43/><E43/><V104/><F104/><W124/><G105/><T18/><D96/><U8/><E8/><V93/><F93/><W59/><G11/><T87/><D69/><U0/><E0/><V97/><F97/><W108/><G3/><T95/><D65/><U36/><E36/><V17/><F6/><W5/><G5/><T14/><D92/><U75/><E75/><V23/><REACH who="2" step="1"/><F73/><REACH who="2" ten="250,240,240,250" step="2"/><N who="3" m="43279" /><G94/><T129/><D95/><U123/><E123/><V135/><F135/><W84/><G124/><T50/><D129/><U51/><E51/><V62/><F62/><RYUUKYOKU ba="0,2" sc="250,-15,240,15,240,15,250,-15" hai1="22,24,42,47,48,74,77,80,81,83,98,102,106" hai2="10,12,17,23,25,27,28,29,33,79,88,89,90" />
</Scene>
<Scene>
<INIT seed="1,1,2,4,5,48" ten="235,255,255,235" oya="1" hai0="94,103,101,118,29,8,9,61,45,73,3,113,89" hai1="96,102,76,98,66,63,39,7,57,81,85,122,51" hai2="111,117,69,80,87,43,19,79,33,74,50,125,60" hai3="70,16,119,121,44,11,30,90,99,26,47,49,67"/><U35/><E122/><V55/><F117/><W134/><G121/><T86/><D113/><U100/><E39/><V37/><F33/><W64/><G119/><T71/><D118/><U27/><E7/><V15/><F125/><W42/><G134/><T75/><D29/><U131/><E131/><V6/><F111/><W53/><G70/><T5/><D9/><U21/><E35/><V92/><F6/><W84/><G99/><T130/><D130/><U18/><E96/><V34/><F34/><W4/><G30/><T25/><D25/><U13/><E98/><V124/><F124/><W106/><G106/><T22/><D22/><U0/><E0/><V56/><F92/><W31/><G31/><T58/><D45/><U114/><E114/><V123/><F123/><W104/><G104/><T135/><D71/><U77/><E76/><V95/><F95/><W107/><G107/><T65/><REACH who="0" step="1"/><D135/><REACH who="0" ten="225,255,255,235" step="2"/><U40/><E27/><V109/><F109/><W32/><G32/><T52/><D52/><U128/><E128/><V1/><F1/><W62/><G53/><T78/><D78/><U110/><E110/><V68/><F69/><W20/><G47/><AGARI ba="1,3" hai="13,18,21,40,47,51,57,63,66,77,81,85,100,102" machi="47" ten="40,2000,0" yaku="8,1" doraHai="48" who="1" fromWho="3" sc="225,0,255,53,255,0,235,-23" />
</Scene>
<Scene>
<INIT seed="1,2,0,2,0,61" ten="225,308,255,212" oya="1" hai0="97,95,113,73,98,36,43,68,86,75,102,35,124" hai1="101,34,111,69,47,5,125,70,21,90,126,18,57" hai2="0,9,39,129,84,27,122,100,65,44,103,23,112" hai3="50,91,28,60,87,99,72,83,77,109,41,6,130"/><U19/><E111/><V118/><F122/><W13/><G109/><T56/><D68/><U89/><E34/><V17/><F118/><W7/><G130/><T92/><D113/><U123/><E123/><V32/><F129/><W30/><G99/><T105/><D35/><U51/><E101/><V33/><F112/><W81/><G60/><T2/><D2/><U119/><E119/><V49/><F39/><W58/><G6/><T38/><D124/><N who="1" m="47723" /><E5/><V62/><F84/><W59/><G59/><T20/><D105/><U114/><E114/><V22/><F9/><W14/><G14/><T31/><D86/><U3/><E3/><V85/><F0/><W42/><G42/><T15/><D56/><U26/><E19/><V131/><F131/><W66/><G41/><T135/><D135/><U133/><E133/><V117/><F117/><W134/><G134/><T94/><D94/><U53/><E57/><V104/><F104/><W93/><G58/><T80/><D80/><U132/><E132/><V127/><F127/><W29/><G81/><T63/><D31/><U76/><E76/><V67/><F33/><W52/><G7/><T110/><D110/><U11/><E11/><V106/><F32/><W116/><G116/><T40/><D20/><U78/><E78/><V82/><F23/><W25/><G77/><T24/><D38/><U96/><E96/><V54/><F106/><W79/><G79/><T10/><D36/><U107/><E107/><V45/><F22/><W121/><G121/><T115/><D115/><U108/><E108/><V64/><F100/><W1/><G1/><RYUUKYOKU ba="2,0" sc="225,-10,308,30,255,-10,212,-10" hai1="18,21,26,47,51,53,69,70,89,90" />
</Scene>
<Scene>
<INIT seed="1,3,0,1,0,21" ten="215,338,245,202" oya="1" hai0="52,82,73,118,39,44,2,0,56,33,64,93,132" hai1="106,103,115,15,11,128,74,35,75,86,67,129,72" hai2="97,135,119,29,125,78,51,53,107,87,32,18,111" hai3="71,36,25,123,45,63,76,122,1,10,112,12,22"/><U8/><E115/><V89/><F119/><W70/><G1/><T117/><D33/><U43/><E35/><V134/><F111/><W49/><G36/><T114/><D114/><U20/><E67/><V16/><F125/><W98/><G76/><T30/><D30/><U116/><E116/><V6/><F6/><W113/><G98/><T69/><D132/><U5/><E43/><V34/><F97/><W95/><G95/><T104/><D104/><U47/><E47/><V105/><F78/><W66/><G71/><T108/><D64/><U50/><E50/><V40/><F40/><W19/><G112/><T28/><D69/><U126/><E126/><V38/><F38/><W91/><G91/><T109/><D28/><U94/><E106/><V46/><F34/><W42/><REACH who="3" step="1"/><G113/><REACH who="3" ten="215,338,245,192" step="2"/><T130/><D117/><U80/><E94/><N who="2" m="54591" /><F105/><W83/><G83/><T24/><D118/><U120/><E80/><V23/><F107/><W65/><G65/><T99/><D93/><U57/><E120/><V96/><F135/><W85/><G85/><T7/><D99/><U62/><E86/><V84/><F134/><W59/><G59/><T110/><D56/><U60/><E57/><V102/><F96/><W92/><G92/><T55/><D82/><U101/><E74/><V13/><F84/><W121/><G121/><T3/><D73/><U27/><E75/><V88/><F88/><W9/><G9/><T58/><D110/><U127/><E72/><V14/><F102/><W77/><G77/><T81/><D109/><U100/><E103/><V131/><F131/><N who="1" m="50249" /><E101/><V26/><F32/><RYUUKYOKU ba="3,1" sc="215,-15,338,-15,245,15,192,15" hai2="13,14,16,18,23,26,29,46,51,53" hai3="10,12,19,22,25,42,45,49,63,66,70,122,123" />
</Scene>
<Scene>
<INIT seed="2,4,1,2,0,116" ten="200,323,260,207" oya="2" hai0="42,89,91,122,46,71,31,50,97,22,112,124,19" hai1="99,108,106,40,123,41,1,132,125,51,69,58,44" hai2="93,4,130,100,74,67,7,62,134,86,84,78,45" hai3="47,119,94,32,56,35,109,70,12,68,73,87,104"/><V118/><F118/><W64/><G119/><T24/><D122/><U6/><E123/><V13/><F134/><W61/><G73/><T121/><D112/><U48/><E132/><V34/><F130/><W52/><G104/><T33/><D121/><U14/><E108/><V81/><F34/><W66/><G109/><T76/><D71/><U39/><E1/><V53/><F100/><W85/><G12/><T102/><D76/><U95/><E106/><V115/><F115/><W117/><G117/><T101/><D124/><U98/><E125/><V75/><F53/><W59/><G47/><T60/><D60/><U25/><E69/><V114/><F45/><W63/><G94/><T11/><D11/><U55/><E25/><V28/><F28/><W16/><REACH who="3" step="1"/><G52/><REACH who="3" ten="200,323,260,197" step="2"/><T131/><D131/><U38/><E95/><V36/><F93/><W37/><G37/><T21/><D33/><U0/><E38/><V27/><F36/><W29/><G29/><T72/><D72/><U17/><E39/><V127/><F75/><W23/><G23/><T129/><D129/><U96/><E14/><V26/><F74/><W105/><G105/><T103/><REACH who="0" step="1"/><D97/><REACH who="0" ten="190,323,260,197" step="2"/><U54/><E99/><V80/><F127/><W88/><G88/><T43/><D43/><U113/><E41/><V135/><F114/><W2/><G2/><T18/><D18/><AGARI ba="4,3" hai="16,18,32,35,56,59,61,63,64,66,68,70,85,87" machi="18" ten="25,6400,0" yaku="1,1,22,2,54,1,53,0" doraHai="116" doraHaiUra="128" who="3" fromWho="0" sc="190,-76,323,0,260,0,197,106" />
</Scene>
<Scene>
<INIT seed="3,0,0,3,3,75" ten="114,323,260,303" oya="3" hai0="109,131,96,83,5,29,6,38,55,119,81,80,72" hai1="69,97,117,82,37,50,35,22,10,3,59,57,115" hai2="68,60,54,73,79,120,116,62,31,84,48,126,11" hai3="127,90,28,46,66,40,128,20,14,36,107,47,61"/><W0/><G0/><T12/><D119/><U87/><E115/><V53/><F53/><W134/><G107/><T21/><D38/><U88/><E69/><V45/><F45/><W23/><G127/><T27/><D109/><U24/><E37/><V110/><F116/><W32/><G128/><T132/><D132/><U122/><E117/><V98/><F73/><W58/><G134/><T4/><D72/><U7/><E122/><V100/><F120/><W56/><G47/><T85/><D131/><U103/><E50/><V67/><F31/><W78/><G78/><T86/><D96/><U99/><E35/><V111/><F126/><W42/><G42/><T18/><REACH who="0" step="1"/><D55/><REACH who="0" ten="104,323,260,303" step="2"/><U8/><E99/><V44/><F111/><W118/><G118/><T15/><D15/><U112/><E112/><V26/><F110/><W130/><G130/><T9/><AGARI ba="0,1" hai="4,5,6,9,12,18,21,27,29,80,81,83,85,86" machi="9" ten="30,4000,0" yaku="1,1,0,1,8,1,53,0" doraHai="75" doraHaiUra="125" who="0" fromWho="0" sc="104,50,323,-10,260,-10,303,-20" owari="154,-35.0,313,42.0,250,-15.0,283,8.0" />
</Scene>
</mjloggm>