<mjloggm ver="2.3"><GO type="97"/><UN n0="%6D%61%67%61%6D%69" n1="%54%45%43" n2="%E5%A4%AA%E3%81%8F%E3%81%AA%E3%81%84%E3%81%8A" n3="%E6%8C%AF%E8%BE%BC%E3%83%9E%E3%82%B7%E3%83%BC%E3%83%B3" dan="14,14,14,14" rate="1920,1890,2031,1928" sx="M,M,M,M"/><TAIKYOKU oya="0"/>

<Scene>
<INIT seed="0,0,0,5,4,26" ten="250,250,250,250" oya="0" hai0="40,80,43,50,13,1,10,74,65,66,32,48,8" hai1="120,12,116,24,58,36,34,46,5,30,55,93,56" hai2="49,70,132,97,99,45,23,42,125,25,78,68,91" hai3="79,51,16,90,112,73,110,100,104,18,96,133,105"/><T118/><D118/><U28/><E116/><V108/><F108/><W111/><G112/><T72/><D32/><U11/><E120/><V98/><F125/><W9/><G133/><T6/><D80/><U57/><E28/><V53/><F132/><W31/><G31/><T123/><D123/><U69/><E69/><V29/><F78/><W39/><G39/><T61/><D61/><U89/><E36/><V35/><F35/><W84/><G105/><T135/><D135/><U3/><E46/><V15/><F15/><W27/><G51/><T113/><D113/><U101/><E101/><V102/><F102/><W22/><G9/><T4/><REACH who="0" step="1"/><D13/><REACH who="0" ten="240,250,250,250" step="2"/><U2/><REACH who="1" step="1"/><E55/><REACH who="1" ten="240,240,250,250" step="2"/><V117/><F117/><W86/><G111/><T14/><D14/><U134/><E134/><V121/><F121/><W76/><G110/><T106/><D106/><U7/><E7/><V114/><F114/><W130/><G73/><T21/><D21/><U85/><AGARI ba="0,2" hai="2,3,5,11,12,24,30,34,56,57,58,85,89,93" machi="85" ten="30,4000,0" yaku="1,1,0,1,52,1,53,0" doraHai="26" doraHaiUra="124" who="1" fromWho="1" sc="240,-20,240,60,250,-10,250,-10" />
</Scene>
<Scene>
<INIT seed="1,0,0,0,5,66" ten="220,300,240,240" oya="1" hai0="118,109,35,99,131,96,29,9,24,57,75,128,38" hai1="14,98,73,74,114,72,67,42,94,46,106,127,18" hai2="23,58,16,60,19,30,32,92,69,134,51,71,77" hai3="104,3,65,40,100,81,45,13,82,93,76,83,0"/><U85/><E114/><V113/><F77/><W97/><G65/><T21/><D75/><U130/><E106/><V101/><F113/><W59/><G104/><T70/><D38/><U4/><E130/><N who="0" m="49705" /><D118/><U36/><E4/><V1/><F1/><W107/><G59/><T52/><D109/><U11/><E127/><V135/><F51/><W63/><G63/><N who="0" m="36263" /><D9/><U41/><E67/><N who="2" m="39319" /><F32/><W64/><G64/><T119/><D119/><U27/><E41/><V117/><F117/><W87/><G13/><T55/><D55/><U50/><E36/><V126/><F126/><W62/><G62/><T129/><D129/><U48/><E48/><V122/><F122/><W105/><G105/><T49/><D49/><U133/><E133/><N who="2" m="50699" /><F30/><W33/><G33/><T68/><D35/><U88/><E27/><N who="2" m="14823" /><F19/><W7/><G107/><T28/><D28/><U12/><REACH who="1" step="1"/><E12/><REACH who="1" ten="220,290,240,240" step="2"/><V120/><F120/><W17/><G3/><T84/><D84/><AGARI ba="0,1" hai="11,14,18,42,46,50,72,73,74,84,85,88,94,98" machi="84" ten="40,7700,0" yaku="1,1,2,1,54,1,53,0" doraHai="66" doraHaiUra="132" who="1" fromWho="0" sc="220,-77,290,87,240,0,240,0" />
</Scene>
<Scene>
<INIT seed="1,1,0,2,3,37" ten="143,377,240,240" oya="1" hai0="82,43,46,8,60,127,25,30,16,119,47,20,11" hai1="81,86,126,80,61,22,65,89,91,83,112,113,133" hai2="40,59,114,42,73,26,79,75,10,49,96,125,53" hai3="12,1,24,135,31,111,107,34,58,55,3,41,35"/><U118/><E118/><V76/><F75/><W77/><G107/><T131/><D119/><U6/><E133/><V64/><F73/><W39/><G135/><T69/><D131/><U4/><E126/><V130/><F130/><W132/><G132/><T88/><D127/><U32/><E32/><V14/><F125/><W134/><G134/><T110/><D110/><U103/><E103/><V36/><F114/><W5/><G111/><T116/><D116/><U120/><E22/><V72/><F36/><W101/><G35/><T13/><D69/><U94/><E120/><V2/><F2/><W50/><G101/><T28/><D60/><U29/><E29/><V68/><F26/><W93/><G77/><N who="2" m="29769" /><F68/><W7/><G93/><T38/><D47/><U51/><E51/><V15/><F72/><W62/><G39/><T98/><D8/><U66/><E80/><V105/><F105/><W99/><G99/><T0/><D0/><U45/><E94/><V67/><F96/><W19/><G3/><T123/><D123/><U95/><E95/><V97/><F97/><W128/><G1/><T44/><D44/><U106/><E106/><V100/><F100/><W57/><G128/><T121/><D121/><U18/><E45/><V27/><F27/><W63/><G41/><N who="2" m="15977" /><F15/><W9/><G50/><N who="0" m="26975" /><D98/><U85/><E61/><V71/><F71/><W17/><REACH who="3" step="1"/><G5/><AGARI ba="1,0" hai="5,10,14,49,53,59,64,67" m="15977,29769" machi="5" ten="30,7700,0" yaku="8,1,52,3" doraHai="37" who="2" fromWho="3" sc="143,0,377,0,240,80,240,-80" />
</Scene>
<Scene>
<INIT seed="2,0,0,5,2,92" ten="143,377,320,160" oya="2" hai0="110,104,9,23,12,10,32,130,116,123,99,102,129" hai1="87,114,13,135,63,49,4,16,34,122,77,96,40" hai2="50,64,14,90,25,44,35,21,6,39,36,134,93" hai3="69,118,65,91,8,26,115,68,89,75,2,55,86"/><V3/><F64/><W61/><G75/><T76/><D32/><U52/><E34/><V5/><F134/><W60/><G118/><T72/><D116/><U20/><E135/><V105/><F105/><W19/><G115/><T111/><D123/><U28/><E122/><V73/><F73/><W101/><G101/><T124/><D124/><U42/><E114/><V94/><F35/><W121/><G121/><T70/><D70/><U45/><E63/><V54/><F3/><W51/><G2/><T33/><D33/><U132/><E132/><V67/><F67/><W84/><G60/><T30/><D76/><U117/><E117/><V48/><F93/><W81/><G69/><T41/><D41/><U103/><E28/><N who="2" m="17455" /><F39/><W66/><G66/><T43/><D43/><U113/><E4/><N who="2" m="1643" /><F36/><W57/><G26/><N who="0" m="16735" /><D72/><U83/><E113/><V80/><F50/><W11/><REACH who="3" step="1"/><G19/><REACH who="3" ten="143,377,320,150" step="2"/><N who="0" m="8591" /><D10/><U107/><AGARI ba="0,1" hai="13,16,20,40,42,45,49,52,77,83,87,96,103,107" machi="107" ten="20,8000,1" yaku="0,1,7,1,52,1,54,2" doraHai="92" who="1" fromWho="1" sc="143,-20,377,90,320,-40,150,-20" />
</Scene>
<Scene>
<INIT seed="3,0,0,4,4,79" ten="123,467,280,130" oya="3" hai0="41,45,6,94,47,97,98,24,4,55,46,64,86" hai1="115,13,117,134,108,15,95,93,2,38,82,9,5" hai2="116,77,56,87,107,63,62,110,122,81,135,0,35" hai3="51,128,26,71,18,113,109,72,70,106,22,78,28"/><W126/><G113/><T119/><D119/><U16/><E38/><V74/><F116/><W32/><G106/><T96/><D64/><U85/><E2/><V31/><F0/><W7/><G128/><T33/><D33/><U19/><E115/><V27/><F107/><W121/><G121/><T104/><D104/><U48/><E5/><N who="0" m="2153" /><D24/><U14/><E108/><V54/><F110/><W69/><G109/><T89/><D41/><U59/><E134/><V43/><F135/><W90/><G7/><T112/><D112/><U50/><E117/><V53/><F122/><W29/><G126/><T88/><D55/><N who="1" m="32231" /><E50/><V132/><F132/><W67/><G51/><T49/><D49/><U34/><E34/><V124/><F124/><W58/><G90/><AGARI ba="0,0" hai="45,46,47,86,88,89,90,94,96,97,98" m="2153" machi="90" ten="40,2600,0" yaku="8,1,54,1" doraHai="79" who="0" fromWho="3" sc="123,26,467,0,280,0,130,-26" owari="149,-25.0,467,57.0,280,8.0,104,-40.0" />
</Scene>
</mjloggm>