<mjloggm ver="2.3"><GO type="169" lobby="0"/><UN n0="%70%69%79%6F%65%6D%6F%6E" n1="%E5%AF%9B%E3%83%94%E3%82%A8%E3%83%AD" n2="%E5%A4%AA%E3%81%8F%E3%81%AA%E3%81%84%E3%81%8A" n3="%E9%8A%80%E9%81%8A%E7%A7%81%E4%BA%BA" dan="16,16,18,16" rate="2099.17,2146.87,2232.53,2082.67" sx="M,M,F,M"/><TAIKYOKU oya="0"/>

<Scene>
<INIT seed="0,0,0,3,3,101" ten="250,250,250,250" oya="0" hai0="13,50,34,49,97,24,132,4,30,90,26,82,56" hai1="128,5,71,104,62,88,46,124,100,105,44,9,92" hai2="115,117,95,31,48,18,80,20,29,10,61,54,73" hai3="94,39,121,21,38,55,43,84,120,23,52,58,66"/><T96/><D132/><U78/><E78/><V133/><F115/><W65/><G94/><T42/><D24/><U14/><E100/><V103/><F133/><W32/><G84/><T37/><D37/><N who="3" m="13833" /><G32/><T98/><D42/><U110/><E110/><V109/><F109/><W33/><G33/><T75/><D56/><U83/><E83/><V27/><F117/><W47/><G47/><T16/><D4/><U89/><E89/><V76/><F61/><W123/><G43/><T45/><D45/><U72/><E72/><V67/><F67/><N who="3" m="25611" /><G58/><T35/><D35/><U57/><E71/><V112/><F112/><W108/><G108/><T114/><D114/><U119/><E119/><V22/><F95/><W79/><G79/><T85/><REACH who="0" step="1"/><D75/><REACH who="0" ten="240,250,250,250" step="2"/><U74/><E74/><V36/><F36/><W25/><G25/><T64/><D64/><U11/><E46/><V99/><F27/><W125/><G125/><T122/><D122/><U63/><E44/><V8/><F73/><W81/><G81/><T70/><D70/><U91/><E57/><V17/><F80/><W130/><G130/><T60/><D60/><U135/><E135/><V127/><F127/><W126/><G126/><T15/><D15/><U12/><E124/><V2/><F48/><W113/><G113/><T41/><D41/><U102/><E128/><V86/><F54/><AGARI ba="0,1" hai="21,23,52,54,55,120,121,123" m="25611,13833" machi="54" ten="40,8000,1" yaku="28,2,13,1,54,1" doraHai="101" who="3" fromWho="2" sc="240,0,250,0,250,-80,250,90" />
</Scene>
<Scene>
<INIT seed="1,0,0,4,0,123" ten="240,250,170,340" oya="1" hai0="118,116,119,36,34,128,90,64,42,98,11,81,96" hai1="27,29,1,10,111,21,55,71,102,88,61,62,56" hai2="7,25,91,4,99,58,37,46,9,63,35,105,125" hai3="97,78,6,5,39,72,93,33,69,40,100,86,109"/><U51/><E102/><V53/><F125/><W57/><G69/><T59/><D34/><U84/><E111/><V121/><F121/><W26/><G72/><T31/><D31/><U95/><REACH who="1" step="1"/><E71/><REACH who="1" ten="240,240,170,340" step="2"/><V70/><F70/><W66/><G100/><T79/><D118/><U74/><E74/><V94/><F105/><W108/><G108/><T15/><D116/><U122/><E122/><V82/><F82/><W48/><G109/><T83/><D81/><U52/><E52/><V127/><F127/><W110/><G110/><T80/><D83/><U131/><E131/><V129/><F129/><W107/><G107/><T68/><D128/><U67/><E67/><V14/><F53/><W114/><G66/><T54/><D119/><U30/><E30/><V104/><F104/><W60/><G114/><T115/><D115/><U89/><E89/><V92/><F91/><W41/><G78/><T47/><D90/><U101/><E101/><V73/><F73/><W3/><G41/><T8/><D64/><U134/><E134/><V126/><F126/><W49/><G40/><T17/><D68/><U13/><E13/><V130/><F14/><W24/><G3/><T50/><D8/><U75/><E75/><AGARI ba="0,1" hai="11,15,17,36,42,47,50,54,59,75,79,80,96,98" machi="75" ten="30,1000,0" yaku="7,1" doraHai="123" who="0" fromWho="1" sc="240,20,240,-10,170,0,340,0" />
</Scene>
<Scene>
<INIT seed="2,0,0,0,1,8" ten="260,230,170,340" oya="2" hai0="53,62,133,114,111,117,7,134,22,79,89,1,11" hai1="104,93,113,94,64,88,42,70,123,127,71,121,43" hai2="118,56,54,67,124,28,30,61,58,19,37,4,0" hai3="40,131,51,82,92,72,73,85,33,69,18,101,24"/><V60/><F118/><W65/><G131/><T108/><D117/><U13/><E104/><V63/><F37/><W34/><G40/><N who="1" m="15402" /><E113/><V10/><F124/><W59/><G69/><N who="1" m="26122" /><E64/><V100/><F100/><W57/><G101/><T68/><D114/><U128/><E128/><V6/><F6/><W48/><G92/><T46/><D68/><U78/><E78/><V66/><REACH who="2" step="1"/><F19/><REACH who="2" ten="260,230,160,340" step="2"/><W21/><G18/><T50/><D7/><U95/><E127/><V32/><F32/><W116/><G33/><T5/><D5/><U23/><E121/><V98/><F98/><W39/><G34/><T74/><D1/><U14/><E123/><V99/><F99/><W84/><G39/><T122/><D122/><U77/><E77/><V109/><F109/><W91/><G116/><T112/><D79/><U120/><E120/><V105/><F105/><W90/><G72/><T55/><D74/><U29/><E88/><V52/><F52/><W87/><G73/><T45/><D89/><U36/><E36/><V12/><F12/><N who="1" m="4713" /><E29/><V25/><F25/><W132/><G24/><T27/><D112/><U81/><E81/><V135/><F135/><W2/><G82/><T86/><D134/><U126/><E126/><V119/><F119/><W26/><G91/><T80/><D133/><U115/><E115/><V3/><F3/><W16/><G2/><T107/><D107/><U44/><E44/><V35/><F35/><W110/><G90/><N who="0" m="51527" /><D108/><U96/><E96/><V103/><F103/><W102/><G110/><T97/><D111/><U83/><E83/><V129/><F129/><W17/><G132/><RYUUKYOKU ba="0,1" sc="260,-15,230,15,160,15,340,-15" hai1="23,93,94,95" hai2="0,4,10,28,30,54,56,58,60,61,63,66,67" />
</Scene>
<Scene>
<INIT seed="2,1,1,1,1,93" ten="245,245,175,325" oya="2" hai0="125,23,14,1,51,43,29,38,45,73,48,106,61" hai1="85,25,128,113,70,89,68,41,26,135,107,111,11" hai2="22,131,8,66,62,83,63,19,59,20,134,30,79" hai3="102,60,69,12,88,9,112,50,129,39,119,76,2"/><V18/><F131/><W13/><G39/><T24/><D73/><U123/><E107/><V75/><F134/><W6/><G119/><T108/><D106/><U64/><E135/><V33/><F8/><W44/><G129/><T52/><D108/><U7/><E128/><V21/><REACH who="2" step="1"/><F63/><REACH who="2" ten="245,245,165,325" step="2"/><W74/><G60/><T71/><D61/><N who="1" m="39951" /><E11/><V114/><F114/><W100/><G9/><T97/><D125/><U35/><E113/><V56/><F56/><W47/><G112/><T99/><D71/><U86/><E70/><V90/><F90/><W65/><G88/><T10/><D1/><U82/><E89/><V126/><F126/><W122/><G2/><T34/><D34/><U94/><E35/><V57/><F57/><W96/><G69/><T67/><D67/><U87/><E123/><V121/><F121/><W49/><G65/><T78/><D78/><U72/><E111/><V95/><F95/><W55/><G76/><T116/><D116/><U5/><E94/><V132/><F132/><W40/><G122/><T127/><D127/><U115/><E115/><V16/><F16/><W81/><G6/><N who="0" m="3415" /><D38/><U36/><E7/><V77/><F77/><W42/><G81/><T118/><D118/><U130/><E5/><V124/><F124/><W0/><G0/><T92/><D92/><U117/><E130/><V27/><AGARI ba="1,2" hai="18,19,20,21,22,27,30,33,59,62,66,75,79,83" machi="27" ten="30,6000,0" yaku="1,1,0,1,53,1" doraHai="93" doraHaiUra="105" who="2" fromWho="2" sc="245,-21,245,-21,165,83,325,-21" />
</Scene>
<Scene>
<INIT seed="2,2,0,2,4,83" ten="224,224,248,304" oya="2" hai0="108,55,5,17,135,109,97,34,93,29,123,40,68" hai1="106,86,94,126,78,102,24,0,59,66,72,73,45" hai2="64,90,56,105,1,7,71,104,132,57,101,125,32" hai3="41,35,79,52,85,130,65,23,26,62,134,115,21"/><V89/><F32/><W91/><G79/><T4/><D123/><U60/><E0/><V76/><F76/><W133/><G41/><T39/><D68/><U33/><E126/><V99/><F105/><W77/><G77/><T18/><D135/><N who="3" m="51721" /><G130/><T110/><D34/><U20/><E33/><V38/><F132/><W129/><G129/><T63/><D29/><U128/><E128/><V117/><F117/><W82/><G115/><T122/><D122/><U69/><E45/><V95/><F38/><W8/><G8/><T75/><D75/><U107/><E69/><V48/><F125/><W43/><G43/><T111/><D111/><U113/><E113/><V124/><F124/><W3/><G3/><T47/><D4/><U2/><E2/><V31/><F31/><N who="3" m="19959" /><G52/><T19/><D5/><U53/><E53/><V13/><F1/><W42/><G42/><T12/><D55/><U30/><E73/><V121/><F121/><W116/><G116/><T88/><REACH who="0" step="1"/><D63/><REACH who="0" ten="214,224,248,304" step="2"/><U87/><E72/><V112/><F112/><W9/><G9/><AGARI ba="2,1" hai="9,12,17,18,19,39,40,47,88,93,97,108,109,110" machi="9" ten="40,8000,1" yaku="1,1,2,1,14,1,54,1,53,1" doraHai="83" doraHaiUra="70" who="0" fromWho="3" sc="214,96,224,0,248,0,304,-86" />
</Scene>
<Scene>
<INIT seed="3,0,0,0,3,121" ten="310,224,248,218" oya="3" hai0="16,45,128,134,86,96,112,33,118,2,31,117,48" hai1="120,66,17,74,107,71,77,55,105,84,72,95,113" hai2="78,28,124,76,97,1,12,92,69,19,21,41,101" hai3="3,106,75,99,39,46,36,87,54,125,6,73,44"/><W14/><G3/><T30/><D2/><U129/><E120/><V9/><F69/><W98/><G125/><T108/><D112/><U4/><E113/><V85/><F124/><W79/><G87/><T102/><D128/><U83/><E4/><V80/><F41/><W49/><G6/><T131/><D131/><U10/><E129/><V57/><F1/><W43/><G14/><T51/><D86/><U127/><E127/><V56/><REACH who="2" step="1"/><F78/><REACH who="2" ten="310,224,238,218" step="2"/><W32/><G79/><T27/><D118/><U63/><E71/><V109/><F109/><W123/><G123/><T5/><D108/><U24/><E77/><V81/><F81/><W11/><G43/><T62/><D117/><U20/><E83/><V26/><AGARI ba="0,1" hai="9,12,19,21,26,28,56,57,76,80,85,92,97,101" machi="26" ten="30,4000,0" yaku="1,1,0,1,8,1,53,0" doraHai="121" doraHaiUra="100" who="2" fromWho="2" sc="310,-10,224,-10,238,50,218,-20" />
</Scene>
<Scene>
<INIT seed="4,0,0,3,0,12" ten="300,214,288,198" oya="0" hai0="121,78,61,109,58,82,100,84,62,101,114,60,35" hai1="47,70,125,91,3,2,99,32,15,65,73,69,34" hai2="17,0,30,76,118,96,128,132,14,8,24,77,94" hai3="104,23,83,117,63,68,88,134,57,105,87,59,123"/><T106/><D121/><U102/><E73/><V112/><F112/><W119/><G123/><T1/><D114/><U5/><E47/><V28/><F128/><W103/><G134/><T31/><D1/><U64/><E91/><V27/><F132/><W6/><G68/><T44/><D109/><U111/><E111/><V71/><F71/><W40/><G40/><T113/><D113/><U39/><E39/><V41/><F0/><W122/><G122/><T115/><D115/><U130/><E130/><V38/><F118/><W36/><G36/><T135/><D135/><U9/><E125/><V42/><F38/><W55/><G6/><T45/><D58/><U74/><E74/><V107/><F107/><W7/><G7/><T50/><D106/><U16/><E2/><V56/><F56/><W37/><G37/><T97/><D97/><U4/><E4/><V81/><F27/><W54/><G105/><T49/><D35/><U92/><E70/><V93/><F93/><W89/><G89/><T19/><D31/><N who="2" m="11818" /><F24/><W131/><G131/><T67/><D67/><U13/><E3/><V11/><F11/><W126/><G126/><T90/><D78/><N who="2" m="30314" /><F81/><W25/><G104/><T21/><D45/><U127/><E127/><V51/><F51/><N who="0" m="19466" /><D44/><U10/><REACH who="1" step="1"/><E69/><REACH who="1" ten="300,204,288,198" step="2"/><V120/><F120/><W66/><G119/><T20/><D90/><AGARI ba="0,1" hai="8,14,17,41,42,90,94,96" m="30314,11818" machi="90" ten="30,2000,0" yaku="8,1,52,1" doraHai="12" who="2" fromWho="0" sc="300,-20,204,0,288,30,198,0" />
</Scene>
<Scene>
<INIT seed="5,0,0,3,4,23" ten="280,204,318,198" oya="1" hai0="21,80,29,91,78,65,98,134,69,41,90,44,3" hai1="100,17,59,118,67,19,6,32,88,63,127,85,60" hai2="10,11,22,52,71,13,111,117,114,74,77,55,97" hai3="129,84,119,109,54,24,105,101,34,95,18,14,132"/><U120/><E120/><V50/><F111/><W93/><G109/><T75/><D3/><U104/><E118/><V82/><F117/><W123/><G119/><T99/><D134/><U87/><E127/><V76/><F71/><W64/><G123/><T30/><D69/><U131/><E131/><V4/><F77/><W72/><G72/><T86/><D65/><U133/><E133/><V47/><F114/><W130/><G132/><T108/><D108/><U27/><E85/><V92/><F11/><W16/><G64/><T103/><D99/><U79/><E79/><V62/><F22/><N who="3" m="13399" /><G34/><T31/><D90/><U48/><E48/><V49/><F62/><W116/><G116/><T43/><D43/><U128/><E6/><V2/><F2/><W112/><G112/><T68/><D68/><N who="1" m="42111" /><E60/><V107/><F107/><W38/><G38/><T113/><D75/><U36/><E59/><V28/><F28/><W37/><G37/><T124/><D78/><U89/><E36/><V8/><F8/><W20/><G84/><T45/><D124/><U125/><E125/><V53/><REACH who="2" step="1"/><F49/><REACH who="2" ten="280,204,308,198" step="2"/><W135/><G135/><T7/><D31/><N who="1" m="19583" /><E128/><V9/><F9/><W40/><G130/><T12/><D30/><U61/><E61/><V58/><F58/><W115/><G129/><T70/><D70/><U51/><E51/><V15/><F15/><W102/><G14/><T121/><D12/><U73/><E73/><V46/><F46/><W0/><G0/><T56/><D45/><U57/><E57/><V122/><F122/><W106/><G115/><T25/><D113/><U5/><E104/><RYUUKYOKU ba="0,1" sc="280,-10,204,-10,308,30,198,-10" hai2="4,10,13,47,50,52,53,55,74,76,82,92,97" />
</Scene>
<Scene>
<INIT seed="6,1,1,1,3,30" ten="270,194,338,188" oya="2" hai0="48,101,14,74,37,121,1,71,23,118,42,32,135" hai1="31,133,125,95,47,3,49,105,134,58,88,126,99" hai2="53,59,114,82,51,27,104,10,127,90,21,77,29" hai3="6,55,100,131,38,61,132,45,97,15,129,81,124"/><V116/><F116/><W24/><G124/><N who="1" m="47722" /><E3/><V107/><F127/><W120/><G120/><T63/><D121/><U57/><E31/><V12/><F90/><W79/><G132/><N who="1" m="50794" /><E105/><V108/><F114/><W73/><G15/><T75/><D135/><U98/><E98/><V64/><F64/><W36/><G6/><T7/><D7/><U67/><E67/><V106/><F108/><W13/><G13/><T93/><D14/><U22/><E22/><V5/><F106/><W113/><G113/><T8/><D23/><U19/><E19/><V33/><F21/><W102/><G102/><T119/><D101/><U0/><E0/><V92/><F92/><N who="3" m="58407" /><G24/><T94/><D93/><U78/><E78/><V117/><F117/><W70/><G70/><T123/><D71/><U111/><E111/><V41/><F41/><AGARI ba="1,1" hai="41,47,49,57,58,88,95,99" m="50794,47722" machi="41" ten="30,3900,0" yaku="18,1,20,1,54,1" doraHai="30" who="1" fromWho="2" sc="270,0,194,52,338,-42,188,0" />
</Scene>
<Scene>
<INIT seed="7,0,0,5,1,67" ten="270,246,296,188" oya="3" hai0="53,61,128,121,129,77,71,81,117,114,18,107,119" hai1="0,33,62,63,124,100,78,130,35,41,29,96,5" hai2="85,44,8,30,14,123,27,133,134,115,116,110,82" hai3="57,54,99,106,21,59,6,79,7,39,45,15,84"/><W86/><G39/><T125/><D107/><U50/><E124/><V64/><F110/><W3/><G3/><T42/><D125/><U9/><E130/><N who="0" m="50281" /><D121/><U112/><E112/><V2/><F116/><N who="0" m="44618" /><D114/><U73/><E73/><V19/><F115/><W10/><G6/><T31/><D42/><U80/><E80/><V32/><F123/><W58/><G106/><T66/><D31/><U46/><E78/><V51/><F64/><W111/><G111/><T23/><D53/><U97/><E97/><V98/><F98/><W126/><G126/><T92/><D92/><U90/><E90/><N who="2" m="51511" /><F2/><W52/><G99/><T22/><D18/><U75/><E75/><AGARI ba="0,0" hai="22,23,61,66,71,75,77,81" m="44618,50281" machi="75" ten="30,2000,0" yaku="19,1,52,1" doraHai="67" who="0" fromWho="1" sc="270,20,246,-20,296,0,188,0" />
</Scene>
<Scene>
<INIT seed="8,0,0,3,2,123" ten="290,226,296,188" oya="0" hai0="71,0,6,130,100,109,46,48,103,24,132,5,78" hai1="21,128,85,82,42,10,34,57,66,90,72,27,13" hai2="62,129,118,31,81,67,108,17,51,65,40,131,16" hai3="122,12,63,26,94,120,117,73,41,106,113,119,3"/><T84/><D71/><U89/><E128/><N who="2" m="49227" /><F108/><W79/><G106/><T15/><D130/><U93/><E34/><V115/><F118/><N who="3" m="45067" /><G3/><T18/><D109/><U50/><E42/><V107/><F115/><W47/><G113/><T116/><D116/><U28/><E72/><V80/><F107/><W134/><G134/><T14/><D132/><U101/><E101/><N who="0" m="38985" /><D0/><U135/><E135/><V55/><F31/><W92/><G26/><T38/><D38/><U7/><E66/><N who="2" m="25099" /><F62/><W29/><G63/><T76/><D24/><U32/><E32/><V56/><F40/><W23/><G79/><N who="0" m="30251" /><D84/><U60/><E60/><V110/><F110/><W4/><G73/><T86/><D86/><U39/><E39/><V125/><F125/><W8/><G23/><N who="0" m="11735" /><D15/><U105/><E105/><V75/><F75/><W53/><G29/><T20/><D20/><U70/><E70/><V74/><F74/><W114/><G114/><T49/><D49/><U52/><E89/><V9/><F9/><W59/><G59/><T111/><D111/><U30/><E30/><V35/><F35/><W68/><G68/><T77/><N who="0" m="30259" /><T37/><DORA hai="99" /><D37/><U97/><E97/><V22/><F22/><W121/><G53/><AGARI ba="0,0" hai="5,6,46,48,53" m="11735,30259,38985" machi="53" ten="30,11600,0" yaku="8,1,52,3" doraHai="123,99" who="0" fromWho="3" sc="290,116,226,0,296,0,188,-116" owari="406,50.0,226,-17.0,296,10.0,72,-43.0" />
</Scene>
</mjloggm>