<mjloggm ver="2.3"><GO type="169" lobby="0"/><UN n0="%48%49%45%49" n1="%E5%A4%A7%E6%AD%A3%E9%BA%BB%E9%9B%80%E5%A8%98%E3%80%82" n2="%73%69%67%65%6E%6F%72%69" n3="%E5%A4%AA%E3%81%8F%E3%81%AA%E3%81%84%E3%81%8A" dan="16,17,16,18" rate="2050.90,2170.46,2079.65,2189.04" sx="M,F,M,M"/><TAIKYOKU oya="0"/>

<Scene>
<INIT seed="0,0,0,2,2,62" ten="250,250,250,250" oya="0" hai0="41,73,119,90,76,89,129,26,6,77,98,23,130" hai1="43,4,96,121,134,17,87,114,22,36,72,64,94" hai2="47,29,11,132,112,66,60,2,101,110,122,115,14" hai3="56,70,100,99,28,102,20,135,128,57,116,124,92"/><T8/><D119/><U86/><E72/><V21/><F122/><W113/><G116/><T1/><D41/><U54/><E121/><V103/><F2/><W51/><G70/><T19/><D73/><U78/><E4/><V105/><F110/><W32/><G113/><T34/><D34/><U74/><E74/><V109/><F109/><W55/><G135/><T35/><D35/><U65/><E134/><V10/><F132/><W27/><G128/><N who="0" m="49259" /><D98/><U80/><E114/><V49/><F112/><W67/><G124/><T18/><D18/><U44/><E54/><V126/><F126/><W38/><G38/><T9/><D9/><U59/><E87/><V53/><F115/><W107/><G32/><T111/><D111/><U117/><E59/><N who="2" m="37151" /><F105/><W95/><G102/><N who="2" m="38921" /><F29/><W33/><G33/><T83/><D83/><U15/><REACH who="1" step="1"/><E117/><REACH who="1" ten="250,240,250,250" step="2"/><V104/><F104/><W58/><G107/><T127/><D127/><U30/><E30/><V39/><F39/><W61/><G100/><AGARI ba="0,1" hai="15,17,22,36,43,44,64,65,78,80,86,94,96,100" machi="100" ten="30,7700,0" yaku="1,1,7,1,52,2,53,0" doraHai="62" doraHaiUra="3" who="1" fromWho="3" sc="250,0,240,87,250,0,250,-77" />
</Scene>
<Scene>
<INIT seed="1,0,0,3,0,2" ten="250,327,250,173" oya="1" hai0="23,119,133,41,96,33,132,91,78,88,73,94,55" hai1="116,68,86,62,26,45,134,121,54,36,16,17,95" hai2="98,127,90,87,11,128,77,117,112,0,80,51,49" hai3="100,40,101,109,27,7,85,84,130,104,60,76,52"/><U114/><E121/><V124/><F117/><W79/><G109/><T13/><D33/><U113/><E116/><V34/><F34/><W83/><G130/><T72/><D119/><U106/><E106/><V50/><F128/><W42/><G27/><T29/><D41/><U47/><E134/><V9/><F112/><W69/><G69/><T37/><D37/><U131/><E131/><V10/><F0/><W135/><G135/><T97/><D55/><U18/><E36/><V126/><REACH who="2" step="1"/><F98/><REACH who="2" ten="250,327,240,173" step="2"/><W4/><G104/><T75/><D97/><U53/><E114/><V105/><F105/><W59/><G101/><T64/><D96/><U28/><E113/><V61/><F61/><W89/><G100/><T82/><D133/><U31/><E62/><V14/><F14/><W44/><G79/><AGARI ba="0,1" hai="9,10,11,49,50,51,77,79,80,87,90,124,126,127" machi="79" ten="50,8000,1" yaku="1,1,29,2,18,1,53,0" doraHai="2" doraHaiUra="120" who="2" fromWho="3" sc="250,0,327,0,240,90,173,-80" />
</Scene>
<Scene>
<INIT seed="2,0,0,3,0,118" ten="250,327,330,93" oya="2" hai0="14,59,111,110,56,85,68,19,32,113,69,78,128" hai1="30,16,104,41,117,2,33,82,27,76,12,98,3" hai2="84,92,71,108,64,52,107,37,75,36,43,54,60" hai3="95,35,99,79,63,114,130,106,132,61,25,105,46"/><V134/><F75/><W50/><G132/><T66/><D32/><U7/><E117/><V103/><F134/><W53/><G130/><T119/><D113/><U125/><E125/><V77/><F108/><W45/><G114/><T100/><D100/><U65/><E65/><V24/><F107/><W89/><G79/><T11/><D128/><U39/><E104/><V4/><F4/><W97/><G106/><T86/><D119/><U101/><E101/><V70/><F70/><W88/><G105/><T47/><D47/><U8/><E98/><V93/><F24/><W133/><G133/><T80/><D86/><U57/><E57/><V121/><F121/><W5/><G5/><T131/><D131/><U42/><E3/><V124/><F124/><W115/><G115/><T9/><D9/><U10/><E39/><V40/><F103/><W34/><G25/><T129/><D129/><U49/><REACH who="1" step="1"/><E49/><REACH who="1" ten="250,317,330,93" step="2"/><V23/><F36/><W73/><G46/><T44/><D44/><U58/><E58/><N who="0" m="22057" /><D66/><U31/><E31/><V72/><F64/><W22/><G99/><T55/><D69/><U94/><E94/><V6/><F92/><W90/><G97/><T81/><D68/><U18/><E18/><V120/><F71/><W102/><G102/><T1/><D1/><U38/><E38/><V62/><F37/><W116/><G116/><T48/><D81/><U26/><E26/><V96/><F96/><W91/><G95/><T21/><D111/><U122/><E122/><V0/><F120/><W83/><G83/><T87/><D110/><U74/><AGARI ba="0,1" hai="2,7,8,10,12,16,27,30,33,41,42,74,76,82" machi="74" ten="20,5200,0" yaku="1,1,0,1,7,1,54,1,53,0" doraHai="118" doraHaiUra="112" who="1" fromWho="1" sc="250,-13,317,62,330,-26,93,-13" />
</Scene>
<Scene>
<INIT seed="3,0,0,2,2,23" ten="237,379,304,80" oya="3" hai0="51,4,72,132,68,41,64,119,77,122,27,30,61" hai1="44,29,40,10,53,1,16,87,107,80,32,38,81" hai2="124,58,28,111,59,82,31,65,52,131,91,98,45" hai3="84,99,130,3,42,85,22,109,48,104,69,96,35"/><W121/><G121/><T83/><D119/><U97/><E53/><V115/><F115/><W102/><G35/><T94/><D132/><U67/><E67/><V90/><F111/><W110/><G69/><T88/><D122/><U70/><E70/><V127/><F131/><W118/><G118/><T36/><D36/><U34/><E81/><V93/><F45/><N who="3" m="25655" /><G3/><T74/><D4/><U25/><E34/><V5/><F5/><W8/><G8/><T129/><D129/><U105/><E97/><V15/><F15/><W63/><G63/><T125/><D125/><N who="2" m="48202" /><F65/><W43/><G43/><T33/><D41/><U71/><E71/><V89/><F59/><W114/><G130/><T86/><REACH who="0" step="1"/><D51/><REACH who="0" ten="227,379,304,80" step="2"/><U6/><E6/><V106/><F106/><W13/><G114/><T9/><D9/><U101/><E10/><V46/><F46/><W120/><G120/><T54/><D54/><U19/><E107/><V18/><F52/><W60/><G104/><T50/><D50/><U133/><E105/><V47/><F47/><W24/><G110/><T7/><D7/><U12/><E1/><V128/><F128/><W39/><G109/><T11/><D11/><U37/><E38/><V2/><F2/><W112/><G39/><T92/><D92/><U75/><E37/><V79/><F93/><W116/><G116/><T108/><D108/><U103/><E40/><V0/><F0/><W17/><G112/><T126/><D126/><U117/><E117/><V62/><F62/><W76/><G60/><T113/><D113/><U134/><E44/><V66/><F66/><W100/><G102/><RYUUKYOKU ba="0,1" sc="227,30,379,-10,304,-10,80,-10" hai0="27,30,33,61,64,68,72,74,77,83,86,88,94" />
</Scene>
<Scene>
<INIT seed="4,1,1,3,1,7" ten="257,369,294,70" oya="0" hai0="53,89,75,111,16,9,92,123,129,31,116,23,25" hai1="93,64,17,42,34,50,8,29,88,83,74,51,118" hai2="105,49,126,68,24,32,38,78,47,69,104,22,81" hai3="76,66,124,79,48,117,119,130,115,14,112,45,3"/><T109/><D116/><N who="3" m="44617" /><G3/><T56/><D123/><U60/><E118/><V106/><F126/><W21/><G66/><T12/><D75/><U4/><E17/><V99/><F99/><W19/><G124/><T44/><D44/><U77/><E42/><N who="2" m="22999" /><F49/><W5/><G5/><T72/><D72/><U103/><E103/><V108/><F22/><W133/><G133/><T26/><D129/><U59/><E29/><N who="2" m="19495" /><F108/><N who="0" m="41546" /><D23/><U95/><E34/><V63/><F63/><W100/><G100/><T27/><D31/><U0/><E95/><V6/><F6/><W80/><G80/><T37/><D37/><U90/><E90/><V43/><F43/><N who="3" m="24639" /><G130/><T52/><D56/><U114/><E114/><AGARI ba="1,1" hai="14,19,21,76,79,112,114,115" m="24639,44617" machi="114" ten="30,1000,0" yaku="15,1" doraHai="7" who="3" fromWho="1" sc="257,0,369,-13,294,0,70,23" />
</Scene>
<Scene>
<INIT seed="5,0,0,3,4,100" ten="257,356,294,93" oya="1" hai0="93,26,51,98,77,120,74,13,7,64,126,113,3" hai1="84,31,135,116,79,125,117,108,72,68,115,69,107" hai2="94,63,96,6,111,85,121,29,46,58,104,61,21" hai3="40,38,78,56,16,28,110,95,25,34,14,131,10"/><U2/><RYUUKYOKU type="yao9" ba="0,0" sc="257,0,356,0,294,0,93,0" hai1="2,31,68,69,72,79,84,107,108,115,116,117,125,135" />
</Scene>
<Scene>
<INIT seed="5,1,0,5,1,15" ten="257,356,294,93" oya="1" hai0="97,26,132,125,43,40,53,121,6,91,122,18,114" hai1="47,123,27,108,3,105,1,39,130,28,7,112,109" hai2="107,104,100,63,82,36,67,72,129,80,127,134,69" hai3="59,102,99,9,34,55,94,58,110,133,31,74,78"/><U98/><E123/><V57/><F36/><W120/><G120/><T21/><D114/><U48/><E130/><V19/><F129/><W73/><G110/><N who="1" m="42602" /><E39/><V113/><F113/><W95/><G133/><T25/><D132/><U83/><E7/><V14/><F134/><W87/><G34/><T101/><D125/><U117/><E117/><V111/><F111/><W79/><G31/><T17/><D6/><U5/><E5/><V71/><F127/><W54/><G9/><T44/><D91/><U37/><E37/><V29/><F29/><W0/><G0/><T116/><D116/><U12/><E12/><V96/><F107/><W126/><G126/><T103/><D53/><U93/><E83/><V8/><REACH who="2" step="1"/><F82/><REACH who="2" ten="257,356,284,93" step="2"/><W22/><G95/><T77/><D122/><U41/><E105/><V81/><F81/><W45/><G94/><T51/><D121/><U61/><E112/><V85/><F85/><W84/><G84/><T35/><D97/><U42/><E93/><V56/><F56/><W2/><G87/><T124/><D124/><U75/><E98/><V65/><F65/><W106/><G99/><T90/><D44/><U30/><E30/><V115/><F115/><W64/><G106/><T52/><D35/><U23/><E47/><V13/><F13/><W46/><G64/><T92/><D92/><U33/><E3/><V38/><F38/><W24/><G2/><T88/><D103/><U68/><E1/><V89/><F89/><W49/><G102/><T76/><D101/><U70/><E28/><V4/><F4/><W118/><G46/><T86/><D90/><RYUUKYOKU ba="1,1" sc="257,-10,356,-10,284,30,93,-10" hai2="8,14,19,57,63,67,69,71,72,80,96,100,104" />
</Scene>
<Scene>
<INIT seed="6,2,1,2,4,84" ten="247,346,314,83" oya="2" hai0="68,5,85,115,43,90,120,55,77,50,123,80,2" hai1="57,3,51,126,92,4,52,81,70,132,12,100,124" hai2="59,33,113,35,67,22,76,129,0,122,61,119,31" hai3="96,131,125,133,40,65,118,69,75,45,83,111,78"/><V117/><F122/><W64/><G111/><T48/><D68/><U28/><E70/><V62/><F0/><W46/><G118/><T103/><D115/><U39/><E39/><V93/><F113/><W106/><G125/><T128/><D128/><U63/><E3/><V27/><F129/><W127/><G127/><N who="1" m="48682" /><E132/><V13/><F76/><W73/><G131/><T135/><D135/><U34/><E81/><V17/><F35/><W26/><G133/><T56/><D103/><U109/><E109/><V94/><F94/><W87/><G26/><T7/><D2/><U121/><E121/><V41/><F41/><W116/><G116/><T36/><D36/><U47/><E28/><V108/><F108/><W25/><G25/><T18/><D123/><U79/><E79/><V14/><F14/><W30/><G30/><T86/><D120/><U19/><E34/><V20/><F33/><W21/><G21/><T54/><D43/><U66/><E92/><V95/><F95/><W98/><G69/><T11/><D18/><U42/><E4/><V99/><REACH who="2" step="1"/><F62/><REACH who="2" ten="247,346,304,83" step="2"/><W102/><G40/><T107/><D77/><U24/><E42/><V8/><F8/><W16/><G78/><T9/><D9/><N who="1" m="6543" /><E24/><V38/><F38/><W74/><G74/><T60/><D11/><U37/><E37/><V82/><F82/><W88/><G75/><T104/><D80/><U1/><E1/><V44/><F44/><N who="3" m="17003" /><G73/><T114/><D114/><U89/><E100/><AGARI ba="2,2" hai="13,17,20,22,27,31,59,61,67,93,99,100,117,119" machi="100" ten="30,12000,1" yaku="1,1,7,1,25,2,53,1" doraHai="84" doraHaiUra="10" who="2" fromWho="1" sc="247,0,346,-126,304,146,83,0" />
</Scene>
<Scene>
<INIT seed="6,3,0,0,1,47" ten="247,220,450,83" oya="2" hai0="105,7,126,71,12,92,117,118,115,78,41,130,134" hai1="53,72,50,13,48,25,103,120,116,0,22,58,133" hai2="90,63,21,34,113,42,68,81,54,94,44,19,93" hai3="124,61,132,77,18,96,27,35,89,114,123,109,65"/><V79/><F34/><W55/><G109/><T98/><D71/><U95/><E0/><V101/><F113/><W119/><G123/><T52/><D105/><U62/><E116/><V6/><F6/><W29/><G119/><T28/><D41/><U69/><E120/><V111/><F111/><W16/><G124/><T66/><D66/><U131/><E72/><V3/><F3/><W45/><G132/><T84/><D28/><U80/><E133/><V82/><F101/><W67/><G77/><T30/><D30/><N who="1" m="17719" /><E69/><V60/><F54/><W106/><G114/><T88/><D126/><U59/><E131/><V46/><F68/><N who="3" m="42031" /><G89/><T91/><D130/><U23/><E80/><V104/><F104/><W85/><G85/><T9/><D78/><U43/><E95/><V5/><F94/><W39/><G67/><T31/><D134/><U70/><E103/><V51/><F81/><W97/><G97/><T121/><D121/><U4/><E70/><V129/><F129/><W10/><G10/><T17/><D115/><U33/><E33/><V86/><F93/><W76/><G76/><T57/><D118/><U128/><E128/><V87/><F79/><W135/><G135/><T127/><D127/><U26/><E59/><V64/><F82/><W112/><G112/><T110/><D110/><U11/><E43/><V122/><F122/><W83/><G83/><N who="0" m="49183" /><D117/><U20/><E20/><V2/><F21/><W108/><G108/><T74/><D74/><U38/><E38/><V40/><F40/><N who="3" m="22687" /><G55/><T56/><D52/><U73/><E73/><V107/><F42/><W32/><G32/><RYUUKYOKU ba="3,0" sc="247,-15,220,15,450,-15,83,15" hai1="4,11,13,23,26,48,50,53,58,62" hai3="16,18,27,29,35,96,106" />
</Scene>
<Scene>
<INIT seed="7,4,0,0,2,125" ten="232,235,435,98" oya="3" hai0="133,73,25,17,10,114,93,63,108,122,120,77,1" hai1="88,97,54,41,68,37,48,13,6,135,103,24,49" hai2="35,104,11,65,79,3,132,72,28,105,96,70,52" hai3="92,61,107,78,44,57,95,56,36,33,12,75,58"/><W59/><G107/><T87/><D108/><U80/><E68/><V111/><F111/><W53/><G33/><T102/><D73/><U127/><E37/><V60/><F52/><W55/><G12/><T128/><D63/><U15/><E127/><V118/><F132/><W112/><G112/><T19/><D25/><U82/><E135/><V67/><F67/><W109/><G109/><T32/><D32/><U131/><E131/><V134/><F134/><W98/><G98/><T110/><D128/><U29/><E41/><V64/><F64/><W5/><G5/><T0/><D110/><U2/><E2/><V126/><F118/><W130/><G130/><T81/><D133/><U74/><E49/><V119/><F119/><W34/><G34/><T91/><D102/><U69/><E69/><V47/><F96/><W117/><G117/><T9/><D114/><U7/><E74/><V94/><F126/><W43/><REACH who="3" step="1"/><G55/><REACH who="3" ten="232,235,435,88" step="2"/><T18/><D1/><U66/><E15/><V22/><F35/><W85/><G85/><T115/><D115/><U20/><E13/><V42/><F105/><W39/><G39/><T21/><D0/><U50/><E7/><V76/><F104/><W16/><G16/><T121/><D21/><U30/><E6/><V86/><F72/><W83/><AGARI ba="4,1" hai="36,43,44,53,56,57,58,59,61,75,78,83,92,95" machi="83" ten="30,3000,0" yaku="1,1,0,1,53,0" doraHai="125" doraHaiUra="62" who="3" fromWho="3" sc="232,-14,235,-14,435,-14,88,52" />
</Scene>
<Scene>
<INIT seed="7,5,0,0,4,110" ten="218,221,421,140" oya="3" hai0="69,71,94,18,41,107,25,75,90,112,4,68,116" hai1="70,5,17,118,22,13,78,10,72,67,0,52,123" hai2="133,120,135,77,76,24,35,50,80,30,11,28,49" hai3="111,15,62,122,21,14,6,48,109,59,82,40,128"/><W125/><G122/><T124/><D116/><U134/><E123/><V99/><F120/><W58/><G128/><T42/><D107/><U126/><E70/><V66/><F66/><W55/><G125/><T34/><D75/><U63/><E126/><V105/><F11/><W85/><G21/><T38/><D38/><U9/><E118/><V96/><F105/><W131/><G131/><T60/><D124/><U29/><E134/><N who="2" m="51211" /><F28/><W117/><G117/><T84/><D4/><U103/><E103/><V16/><F16/><W19/><G6/><T33/><D60/><U98/><E29/><V79/><F80/><W3/><G3/><T114/><D18/><U83/><E67/><V92/><F96/><W121/><G121/><T115/><D25/><U27/><E98/><V93/><F92/><W127/><G127/><T23/><D23/><U113/><E27/><V12/><F12/><W104/><G104/><T7/><D7/><U101/><E101/><AGARI ba="5,0" hai="24,30,35,49,50,76,77,79,93,99,101" m="51211" machi="101" ten="30,1000,0" yaku="20,1" doraHai="110" who="2" fromWho="1" sc="218,0,221,-25,421,25,140,0" owari="218,2.0,196,-20.0,446,54.0,140,-36.0" />
</Scene>
</mjloggm>