<mjloggm ver="2.3"><GO type="97"/><UN n0="%E4%B8%80%E8%88%AC%E5%8D%93%E3%81%AE%E9%80%86%E8%A5%B2%57%57" n1="%63%61%72%70%65" n2="%E5%A4%AA%E3%81%8F%E3%81%AA%E3%81%84%E3%81%8A" n3="%E3%83%A2%E3%82%AC%E3%81%A1%E3%82%83%E3%82%93" dan="13,13,13,13" rate="2007,1874,2006,1892" sx="M,M,M,F"/><TAIKYOKU oya="0"/>

<Scene>
<INIT seed="0,0,0,1,1,118" ten="250,250,250,250" oya="0" hai0="85,14,100,87,28,116,84,49,31,20,93,79,17" hai1="67,24,36,58,37,90,16,120,94,105,74,55,62" hai2="13,112,134,45,123,29,96,44,92,114,4,117,7" hai3="78,70,125,65,52,54,119,113,6,104,72,95,57"/><T108/><D116/><U63/><E74/><V22/><F117/><W106/><G70/><T35/><D35/><U110/><E105/><V88/><F134/><W30/><G119/><T129/><D129/><U34/><E110/><V32/><F32/><W21/><G65/><T2/><D2/><U12/><E34/><V42/><F123/><W135/><G6/><T127/><D127/><U0/><E0/><V43/><F114/><W82/><G113/><T121/><D79/><U33/><E33/><V107/><F107/><W48/><G135/><T109/><D49/><U97/><E120/><V69/><F69/><W73/><G73/><T9/><D121/><U25/><E25/><N who="2" m="16567" /><F112/><W8/><G8/><T46/><D46/><N who="2" m="18026" /><F13/><W81/><G81/><T103/><D9/><U111/><E111/><N who="0" m="42569" /><D93/><U15/><E37/><V71/><F71/><W91/><G125/><T3/><D3/><U76/><E36/><V1/><F1/><W18/><G30/><AGARI ba="0,0" hai="14,17,20,28,30,31,84,85,87,100,103" m="42569" machi="30" ten="30,2900,0" yaku="14,1,10,1" doraHai="118" who="0" fromWho="3" sc="250,29,250,0,250,0,250,-29" />
</Scene>
<Scene>
<INIT seed="0,1,0,0,0,28" ten="279,250,250,221" oya="0" hai0="90,99,95,23,21,24,27,58,101,125,6,25,60" hai1="89,48,98,128,122,79,70,108,35,42,5,135,33" hai2="116,10,111,127,74,71,91,93,100,22,85,34,131" hai3="65,54,124,3,31,129,14,126,41,18,103,87,51"/><T11/><D125/><U38/><E122/><V75/><F71/><W47/><G3/><T115/><D115/><U61/><E38/><V64/><F64/><W94/><G31/><T16/><D23/><U69/><E79/><V113/><F113/><W19/><G65/><T110/><D110/><U76/><E76/><V13/><F111/><W1/><G1/><T62/><D62/><U78/><E108/><V73/><F127/><W9/><G124/><T120/><D120/><U7/><E78/><V39/><F39/><W53/><G126/><T84/><D11/><U66/><E70/><V44/><F44/><W49/><G129/><T56/><D6/><U86/><E98/><V4/><F131/><W88/><G103/><T36/><D36/><U92/><E128/><V72/><F72/><W77/><G77/><T82/><REACH who="0" step="1"/><D58/><REACH who="0" ten="269,250,250,221" step="2"/><U119/><E119/><V50/><F22/><W96/><G96/><T112/><D112/><U104/><E7/><V123/><F123/><W26/><G51/><T63/><D63/><U40/><E5/><V114/><F116/><W43/><G43/><T97/><D97/><U2/><E2/><V106/><F114/><W29/><REACH who="3" step="1"/><G18/><REACH who="3" ten="269,250,250,211" step="2"/><T105/><D105/><U57/><E42/><V81/><F50/><W45/><G45/><T80/><D80/><U30/><E40/><V67/><F106/><W118/><G118/><T55/><AGARI ba="1,2" hai="16,21,24,25,27,55,56,60,82,84,90,95,99,101" machi="55" ten="20,12000,1" yaku="1,1,0,1,7,1,8,1,54,1,53,0" doraHai="28" doraHaiUra="133" who="0" fromWho="0" sc="269,143,250,-41,250,-41,211,-41" />
</Scene>
<Scene>
<INIT seed="0,2,0,1,5,85" ten="412,209,209,170" oya="0" hai0="43,34,9,59,7,81,55,124,39,6,133,5,56" hai1="87,25,117,134,45,22,62,20,4,35,76,79,127" hai2="73,11,100,125,12,8,51,129,0,99,113,69,101" hai3="66,10,64,119,44,83,18,86,63,122,49,26,52"/><T60/><D34/><U24/><E117/><V31/><F113/><W38/><G119/><T102/><D102/><U30/><E134/><V13/><F73/><W46/><G122/><T14/><D133/><U121/><E121/><V3/><F69/><W68/><G26/><T77/><D43/><U88/><E127/><V128/><F31/><W61/><G18/><T118/><D39/><U115/><E115/><V78/><F78/><W67/><G10/><T132/><D132/><U53/><E4/><V57/><F57/><N who="3" m="32911" /><G86/><T50/><D118/><U74/><E74/><V114/><F114/><W19/><G19/><T92/><D124/><U29/><E35/><V42/><F125/><W27/><G27/><T72/><D92/><U71/><E71/><V131/><F0/><W110/><G83/><T126/><D126/><U123/><E123/><V96/><F3/><W54/><G110/><T135/><D135/><U28/><E28/><V91/><F8/><W90/><G90/><T82/><D82/><N who="1" m="49271" /><E62/><V21/><F128/><W1/><G1/><T111/><D111/><U106/><E106/><V107/><F107/><W98/><G98/><T65/><AGARI ba="2,0" hai="5,6,7,9,14,50,55,56,59,60,65,72,77,81" machi="65" ten="20,2100,0" yaku="0,1,7,1" doraHai="85" who="0" fromWho="0" sc="412,27,209,-9,209,-9,170,-9" />
</Scene>
<Scene>
<INIT seed="0,3,0,2,2,31" ten="439,200,200,161" oya="0" hai0="91,123,89,79,60,2,125,32,133,35,6,100,41" hai1="24,110,5,77,105,96,106,53,55,16,70,75,65" hai2="134,126,64,30,12,38,116,27,76,22,85,21,26" hai3="39,84,132,20,119,68,112,43,52,46,15,7,72"/><T29/><D29/><U17/><E5/><V129/><F38/><W10/><G72/><T111/><D123/><U4/><E4/><V93/><F126/><W113/><G119/><T0/><D79/><U1/><E1/><V103/><F116/><W135/><G68/><T8/><D2/><U99/><E75/><V62/><F134/><W61/><G84/><T48/><D100/><U120/><E77/><V127/><F127/><W40/><G40/><T59/><D125/><U117/><E117/><V81/><F129/><W50/><G61/><T92/><D91/><U87/><E87/><V94/><F12/><W14/><G14/><T23/><D23/><U33/><E65/><V63/><F103/><W83/><G83/><T102/><D102/><U78/><E78/><V122/><F122/><W37/><G37/><T18/><D0/><U98/><E120/><V108/><F108/><W67/><G67/><T101/><D101/><U34/><E98/><V86/><F86/><W124/><G124/><T109/><D6/><U3/><E3/><V47/><F47/><W90/><G90/><T54/><D133/><N who="3" m="51273" /><G20/><T56/><D41/><U69/><E24/><V73/><F73/><W51/><G39/><T58/><D111/><AGARI ba="3,0" hai="16,17,33,34,53,55,69,70,96,99,105,106,110,111" machi="111" ten="25,8000,1" yaku="22,2,52,2,54,1" doraHai="31" who="1" fromWho="0" sc="439,-89,200,89,200,0,161,0" />
</Scene>
<Scene>
<INIT seed="1,0,0,1,4,45" ten="350,289,200,161" oya="1" hai0="27,109,14,72,97,20,87,49,81,28,82,57,68" hai1="38,78,50,84,79,67,120,37,69,53,125,25,58" hai2="47,115,83,91,26,51,76,18,92,23,13,30,128" hai3="59,1,48,108,43,95,73,55,36,112,17,44,21"/><U60/><E120/><V123/><F123/><W131/><G112/><T126/><D68/><U24/><E125/><V85/><F128/><W99/><G131/><T106/><D126/><U93/><E38/><V102/><F115/><W65/><G108/><T7/><D72/><U66/><E37/><V32/><F102/><W46/><G1/><T62/><D109/><U8/><E67/><V122/><F122/><W88/><G73/><T90/><D82/><U74/><E74/><V130/><F130/><W77/><G77/><T103/><D49/><U75/><E75/><V56/><F56/><W86/><G65/><T89/><D7/><U71/><E71/><V100/><F100/><W133/><G133/><T22/><D14/><U19/><E25/><V105/><F105/><W134/><G134/><T61/><D61/><U129/><E129/><V80/><REACH who="2" step="1"/><F76/><REACH who="2" ten="350,289,190,161" step="2"/><W98/><REACH who="3" step="1"/><G44/><REACH who="3" ten="350,289,190,151" step="2"/><T135/><D135/><U11/><E79/><V94/><F94/><W4/><G4/><T29/><D106/><U110/><E110/><V10/><F10/><W16/><G16/><T42/><D103/><U101/><E101/><V116/><F116/><W35/><G35/><T119/><D119/><U132/><E132/><V96/><F96/><W70/><G70/><T54/><D97/><U52/><E78/><V124/><F124/><W2/><G2/><T111/><D111/><U40/><E11/><V104/><F104/><W41/><G41/><AGARI ba="0,2" hai="13,18,23,26,30,32,41,47,51,80,83,85,91,92" machi="41" ten="30,3900,0" yaku="1,1,7,1,52,1,53,0" doraHai="45" doraHaiUra="113" who="2" fromWho="3" sc="350,0,289,0,190,59,151,-39" />
</Scene>
<Scene>
<INIT seed="2,0,0,3,5,110" ten="350,289,249,112" oya="2" hai0="26,132,99,11,78,39,62,96,71,67,112,5,97" hai1="134,128,0,43,116,130,115,41,6,75,131,125,101" hai2="119,98,48,82,53,84,73,37,46,87,32,117,17" hai3="76,104,28,13,60,24,120,30,79,34,105,103,114"/><V58/><F32/><W33/><G60/><T16/><D112/><U124/><E75/><V64/><F73/><W92/><G13/><T9/><D39/><U108/><E101/><V68/><F98/><W4/><G103/><T57/><D132/><U10/><E108/><V31/><F31/><W12/><G12/><T29/><D78/><U102/><E102/><V27/><F27/><W42/><G24/><T38/><D38/><U63/><E63/><N who="2" m="39967" /><F17/><W20/><G20/><N who="0" m="15559" /><D71/><U74/><E74/><V69/><F69/><W123/><G42/><T83/><D5/><U36/><E36/><V40/><F84/><W21/><G4/><T89/><D16/><U72/><E72/><V45/><F45/><W59/><G21/><T23/><D23/><U14/><E116/><V70/><F70/><W80/><G59/><T86/><AGARI ba="0,0" hai="9,11,57,62,67,83,86,89,96,97,99" m="15559" machi="86" ten="30,1100,0" yaku="8,1" doraHai="110" who="0" fromWho="0" sc="350,11,289,-3,249,-5,112,-3" />
</Scene>
<Scene>
<INIT seed="3,0,0,0,2,89" ten="361,286,244,109" oya="3" hai0="0,131,122,64,117,42,21,125,19,82,129,66,65" hai1="51,102,126,73,97,1,58,110,116,63,79,101,85" hai2="18,52,87,127,3,53,81,56,94,32,118,33,95" hai3="35,107,124,10,121,74,59,78,69,114,98,86,12"/><W88/><G69/><T104/><D122/><U31/><E1/><V11/><F118/><W96/><G35/><T61/><D0/><U72/><E116/><V30/><F127/><W99/><G121/><T39/><D117/><U8/><E126/><V40/><F40/><W55/><G124/><T26/><D125/><U100/><E110/><V84/><F3/><W27/><G114/><T67/><D104/><U4/><E51/><V23/><F11/><W108/><G108/><T111/><D111/><U70/><E70/><V106/><F106/><W83/><G27/><T49/><D39/><U54/><E31/><V43/><F43/><W115/><G115/><T93/><D82/><U41/><E41/><V57/><F30/><W2/><G2/><T105/><D105/><U24/><E24/><V9/><F9/><W130/><G130/><T112/><D112/><U46/><E46/><V62/><F33/><W80/><G107/><T6/><D6/><U133/><E133/><V7/><F7/><W14/><REACH who="3" step="1"/><G10/><REACH who="3" ten="361,286,244,99" step="2"/><T28/><D131/><U75/><E8/><V132/><F32/><W25/><G25/><T29/><D129/><U92/><E4/><V16/><F132/><W135/><G135/><T20/><D26/><U22/><E22/><V134/><F134/><W128/><G128/><T113/><D21/><U50/><E63/><AGARI ba="0,1" hai="12,14,55,59,63,74,78,80,83,86,88,96,98,99" machi="63" ten="40,3900,0" yaku="1,1,54,1,53,0" doraHai="89" doraHaiUra="17" who="3" fromWho="1" sc="361,0,286,-39,244,0,99,49" />
</Scene>
<Scene>
<INIT seed="3,1,0,2,0,20" ten="361,247,244,148" oya="3" hai0="63,88,135,49,128,90,75,73,97,31,109,59,100" hai1="42,25,127,123,18,133,34,134,1,62,16,33,70" hai2="40,55,115,11,93,113,13,124,2,37,111,121,53" hai3="52,28,47,125,77,32,24,114,86,105,17,74,79"/><W29/><G74/><T22/><D128/><U67/><E42/><V99/><F2/><W106/><G114/><T72/><D49/><U126/><E70/><V98/><F40/><W68/><G68/><T9/><D9/><U65/><E62/><V19/><F37/><W132/><G29/><T39/><D39/><U10/><E67/><V104/><F104/><W81/><G132/><N who="1" m="50794" /><E65/><V78/><F78/><W110/><G77/><T87/><D90/><U107/><E107/><V35/><F35/><N who="1" m="13321" /><E123/><V84/><F121/><W103/><G125/><N who="1" m="47626" /><E1/><V58/><F124/><W131/><G131/><T82/><D135/><U15/><E18/><V54/><F58/><W108/><G17/><T46/><D73/><U0/><E0/><V66/><F66/><W23/><G32/><T60/><D75/><U130/><E130/><V117/><F113/><W7/><G7/><T119/><D63/><U92/><E92/><V36/><F36/><W129/><G129/><T6/><D60/><U41/><E41/><V83/><F115/><W50/><REACH who="3" step="1"/><G103/><REACH who="3" ten="361,247,244,138" step="2"/><T44/><D100/><U112/><E112/><V56/><F19/><W57/><G57/><T64/><D72/><U69/><E69/><V61/><F56/><W43/><G43/><T45/><D59/><U116/><E116/><V91/><F117/><W8/><G8/><T48/><D119/><U30/><E30/><V14/><F11/><W76/><G76/><T80/><D31/><U51/><E51/><V85/><F61/><W26/><G26/><AGARI ba="1,1" hai="10,15,16,25,26" m="47626,13321,50794" machi="26" ten="40,12000,2" yaku="20,1,18,1,34,2,52,2,54,1" doraHai="20" who="1" fromWho="3" sc="361,0,247,133,244,0,138,-123" owari="361,16.0,380,48.0,244,-16.0,15,-48.0" />
</Scene>
</mjloggm>