<mjloggm ver="2.3"><GO type="169" lobby="0"/><UN n0="%E5%A4%AA%E3%81%8F%E3%81%AA%E3%81%84%E3%81%8A" n1="%E9%B7%B9%EF%BC%93" n2="%E5%B0%91%E5%B9%B4%E7%AA%81%E6%92%83%E5%9B%A3" n3="%74%61%72%6F%6F" dan="17,16,16,18" rate="2179,2067,2047,2163" sx="M,M,M,M"/><TAIKYOKU oya="0"/>

<Scene>
<INIT seed="0,0,0,5,3,65" ten="250,250,250,250" oya="0" hai0="18,62,1,99,110,94,68,41,105,101,134,81,89" hai1="19,73,79,112,50,104,135,118,69,116,10,125,59" hai2="76,84,122,111,7,119,42,14,132,108,58,43,56" hai3="16,74,130,71,48,5,96,53,23,128,60,102,78"/><T61/><D1/><U98/><E112/><V86/><F122/><W64/><G5/><T124/><D124/><U29/><E135/><V100/><F132/><W3/><G3/><T27/><D134/><U66/><E125/><V9/><F100/><W47/><G78/><T12/><D41/><N who="2" m="15370" /><F119/><W123/><G74/><T8/><D110/><N who="2" m="42026" /><F76/><W90/><G90/><T107/><D27/><U72/><E29/><V49/><F49/><W95/><REACH who="3" step="1"/><G123/><REACH who="3" ten="250,250,250,240" step="2"/><T26/><D89/><U15/><E79/><V21/><F21/><W17/><G17/><T93/><D18/><U117/><E73/><V77/><F77/><W4/><G4/><T52/><D101/><U83/><E72/><V113/><F113/><W67/><G67/><T20/><D20/><U36/><E66/><V57/><AGARI ba="0,1" hai="7,9,14,56,57,58,84,86" m="42026,15370" machi="57" ten="40,1500,0" yaku="14,1" doraHai="65" who="2" fromWho="2" sc="250,-7,250,-4,250,25,240,-4" />
</Scene>
<Scene>
<INIT seed="1,0,0,5,3,87" ten="243,246,275,236" oya="1" hai0="110,82,46,78,61,80,27,20,53,97,132,50,109" hai1="93,127,117,72,33,107,23,119,66,15,88,10,89" hai2="58,26,108,81,6,104,12,74,98,28,76,45,14" hai3="59,40,124,42,55,34,79,63,51,7,85,114,113"/><U129/><E107/><V95/><F104/><W99/><G34/><T68/><D132/><U57/><E72/><V52/><F108/><N who="0" m="41578" /><D97/><U100/><E129/><V70/><F70/><W22/><G124/><T48/><D78/><U134/><E33/><V2/><F45/><W29/><G7/><T106/><D106/><U69/><E69/><V86/><F74/><W1/><G1/><T37/><D37/><U19/><E134/><V56/><F2/><W135/><G135/><T41/><D61/><N who="1" m="38191" /><E127/><V118/><F118/><W128/><G128/><T9/><D9/><U96/><E119/><V13/><F6/><W122/><G122/><T92/><D92/><U94/><E117/><V111/><F111/><W17/><G29/><N who="0" m="17639" /><D68/><U4/><E94/><V62/><F58/><AGARI ba="0,0" hai="41,46,48,50,53,58,80,82" m="17639,41578" machi="58" ten="30,1000,0" yaku="14,1" doraHai="87" who="0" fromWho="2" sc="243,10,246,0,275,-10,236,0" />
</Scene>
<Scene>
<INIT seed="2,0,0,5,4,29" ten="253,246,265,236" oya="2" hai0="0,75,64,46,128,58,48,77,24,13,56,119,57" hai1="81,99,73,22,80,85,112,43,26,67,129,88,103" hai2="53,21,118,63,111,37,116,54,18,41,94,23,125" hai3="7,114,135,49,122,12,105,102,14,42,96,84,107"/><V4/><F125/><W66/><G122/><T100/><D0/><U127/><E127/><V11/><F23/><W130/><G135/><T1/><D1/><U52/><E129/><V38/><F111/><W2/><G130/><T15/><D128/><U55/><E112/><V3/><F94/><W5/><G2/><T108/><D108/><U133/><E133/><V106/><F106/><W83/><G105/><T69/><D119/><U86/><E73/><V82/><F82/><W19/><G66/><T132/><D132/><U117/><E117/><V59/><F54/><W10/><G114/><T47/><D100/><U16/><E67/><V76/><F76/><W70/><G70/><T50/><D75/><U45/><E43/><V44/><REACH who="2" step="1"/><F38/><REACH who="2" ten="253,246,255,236" step="2"/><W28/><G107/><T33/><D77/><N who="1" m="46223" /><E45/><V9/><F9/><W35/><G10/><T74/><D47/><U36/><E36/><V110/><F110/><W97/><G83/><T87/><D46/><U34/><E34/><V71/><F71/><W95/><G35/><T8/><D8/><U39/><E39/><V40/><F40/><W27/><G42/><T109/><D109/><U121/><E121/><V92/><F92/><AGARI ba="0,1" hai="16,22,26,52,55,81,86,88,92,99,103" m="46223" machi="92" ten="30,7700,0" yaku="8,1,54,3" doraHai="29" who="1" fromWho="2" sc="253,0,246,87,255,-77,236,0" />
</Scene>
<Scene>
<INIT seed="3,0,0,3,3,89" ten="253,333,178,236" oya="3" hai0="94,74,77,125,55,78,134,9,31,43,82,25,68" hai1="46,131,27,80,69,98,50,44,112,8,33,61,14" hai2="135,124,12,79,84,123,92,39,24,35,76,62,30" hai3="0,34,21,6,60,28,133,38,129,117,119,29,5"/><W104/><G104/><T109/><D68/><U110/><E112/><V23/><F39/><W7/><G38/><T37/><D109/><U65/><E110/><V101/><F124/><W128/><G60/><T113/><D125/><U111/><E111/><V66/><F135/><W59/><G59/><T1/><D134/><U41/><E131/><N who="3" m="50250" /><G133/><T71/><D71/><U53/><E80/><V26/><F123/><W118/><G0/><T72/><D113/><U91/><E91/><V87/><F12/><W90/><G90/><T40/><D37/><U83/><E83/><V100/><F76/><W103/><G103/><T86/><D77/><U126/><E98/><V93/><F101/><W70/><G70/><T20/><D1/><U19/><E126/><V2/><F2/><W115/><G115/><T47/><D82/><U81/><E81/><V64/><F64/><W57/><G57/><T130/><D130/><U73/><E73/><V63/><F63/><W36/><G36/><T13/><D78/><U52/><E44/><V32/><F79/><W106/><G106/><T107/><D107/><U10/><REACH who="1" step="1"/><E8/><REACH who="1" ten="253,323,178,236" step="2"/><V4/><F100/><W56/><G56/><T67/><D74/><U22/><E22/><V127/><F87/><W42/><G34/><T3/><D72/><U88/><E88/><V114/><F114/><W99/><G99/><T85/><D85/><U102/><E102/><V48/><F84/><W122/><G122/><T121/><D121/><U18/><E18/><N who="2" m="12407" /><F35/><W75/><G75/><T49/><D86/><U11/><E11/><V58/><F127/><W16/><G16/><RYUUKYOKU ba="0,1" sc="253,-10,323,30,178,-10,236,-10" hai1="10,14,19,27,33,41,46,50,52,53,61,65,69" />
</Scene>
<Scene>
<INIT seed="4,1,1,5,5,34" ten="243,353,168,226" oya="0" hai0="103,27,6,0,63,134,21,130,77,75,131,35,65" hai1="119,50,89,96,98,102,11,74,55,58,133,92,70" hai2="128,41,72,5,69,99,88,53,111,8,49,113,32" hai3="112,132,45,100,2,23,107,44,83,24,9,20,47"/><T78/><D35/><U84/><E74/><V81/><F111/><W79/><G112/><T93/><D134/><U66/><E133/><V4/><F69/><W116/><G116/><T52/><D75/><U117/><E96/><V16/><F32/><W17/><G132/><T1/><D103/><U30/><E30/><V33/><F33/><W115/><G115/><T46/><D93/><U90/><E90/><V127/><F113/><W120/><G120/><T94/><D94/><U48/><E48/><V67/><F41/><W26/><G100/><T129/><D6/><U109/><E109/><V110/><F67/><W13/><G107/><T64/><D78/><U19/><E66/><N who="0" m="25705" /><D77/><U38/><E70/><V86/><F99/><W57/><G57/><N who="0" m="35239" /><D46/><U29/><E29/><AGARI ba="1,1" hai="0,1,21,27,29,129,130,131" m="35239,25705" machi="29" ten="30,11600,0" yaku="19,1,52,2,54,1" doraHai="34" who="0" fromWho="1" sc="243,129,353,-119,168,0,226,0" />
</Scene>
<Scene>
<INIT seed="4,2,0,2,3,39" ten="372,234,168,226" oya="0" hai0="0,123,10,103,15,73,89,71,9,24,116,61,135" hai1="52,29,121,5,57,53,92,60,38,32,45,34,26" hai2="77,6,20,58,63,72,119,122,66,112,21,79,25" hai3="107,65,110,82,56,22,111,69,46,42,11,104,102"/><T74/><D123/><U13/><E121/><V83/><F122/><W50/><G69/><T28/><D116/><U124/><E124/><V43/><F119/><W131/><G131/><T14/><D135/><U19/><E34/><V18/><F112/><W16/><G11/><T130/><D130/><U118/><E118/><V84/><F6/><W7/><G7/><T41/><D103/><U101/><E5/><V49/><F72/><W88/><G102/><T30/><D0/><U62/><E38/><V3/><F3/><W76/><G104/><T129/><D129/><U1/><E1/><V44/><REACH who="2" step="1"/><F20/><REACH who="2" ten="372,234,158,226" step="2"/><W33/><G33/><T4/><D73/><U12/><E32/><V128/><F128/><W75/><G110/><T99/><D74/><U87/><E62/><V23/><F23/><W109/><G109/><T106/><D10/><U126/><E60/><V54/><F54/><W105/><G111/><T67/><D9/><U94/><E53/><V115/><F115/><W70/><G65/><T78/><D4/><U93/><E52/><V134/><F134/><W85/><G70/><T64/><D64/><U47/><E126/><V68/><F68/><W35/><G35/><T40/><D67/><U37/><E101/><V31/><F31/><W108/><G108/><T113/><D30/><U91/><E29/><V98/><F98/><W59/><G59/><T125/><D28/><U127/><E57/><V51/><F51/><W133/><G56/><T80/><D71/><U86/><E127/><V55/><F55/><W97/><G133/><T17/><D125/><U132/><E132/><RYUUKYOKU ba="2,1" sc="372,-10,234,-10,158,30,226,-10" hai2="18,21,25,43,44,49,58,63,66,77,79,83,84" />
</Scene>
<Scene>
<INIT seed="5,3,1,2,3,25" ten="362,224,188,216" oya="1" hai0="37,130,112,128,134,64,57,49,79,42,121,43,38" hai1="45,98,4,1,113,68,102,65,23,106,12,96,34" hai2="129,51,33,26,85,6,16,50,77,71,63,40,61" hai3="46,118,119,35,90,107,47,10,81,125,56,30,135"/><U69/><E34/><V70/><F70/><W55/><G107/><T8/><D79/><U94/><E113/><V17/><F71/><W115/><G115/><T114/><D114/><U20/><E1/><V83/><F129/><N who="0" m="49770" /><D112/><U88/><E45/><N who="2" m="25895" /><F33/><W53/><G125/><T93/><D134/><U62/><REACH who="1" step="1"/><E69/><REACH who="1" ten="362,214,188,216" step="2"/><V86/><F6/><W87/><G47/><T0/><D0/><U59/><E59/><V2/><F2/><W120/><G46/><T66/><D57/><U48/><E48/><V109/><F51/><W127/><G56/><T31/><D49/><U104/><E104/><V131/><F131/><W95/><G35/><T105/><D105/><U52/><E52/><V41/><F61/><W32/><G32/><T3/><D3/><U92/><E92/><V84/><F63/><W122/><G95/><T11/><D93/><U15/><E15/><V97/><F41/><W22/><G55/><T28/><D43/><U14/><E14/><V72/><F109/><W99/><G53/><T116/><D42/><U39/><E39/><V58/><F58/><W133/><G133/><T74/><D37/><U82/><E82/><V124/><F83/><W60/><G81/><T78/><D38/><U9/><AGARI ba="3,2" hai="4,9,12,20,23,62,65,68,88,94,96,98,102,106" machi="9" ten="30,11700,0" yaku="1,1,0,1,54,1,53,1" doraHai="25" doraHaiUra="100" who="1" fromWho="1" sc="362,-42,214,146,188,-42,216,-42" />
</Scene>
<Scene>
<INIT seed="5,4,0,2,0,39" ten="320,360,146,174" oya="1" hai0="84,76,5,54,91,104,128,97,118,3,120,82,90" hai1="105,58,67,51,34,73,106,23,9,8,89,131,55" hai2="121,7,101,85,102,40,122,46,93,61,6,129,57" hai3="112,126,116,78,110,123,96,132,45,19,95,71,79"/><U80/><E131/><V94/><F129/><W119/><G71/><T1/><D128/><U111/><E34/><V69/><F69/><W113/><G19/><T52/><D118/><N who="3" m="45097" /><G45/><T53/><D120/><U30/><E111/><V42/><F46/><W37/><G37/><T134/><D134/><U0/><E67/><V48/><F48/><W127/><G132/><T44/><D44/><U125/><E125/><N who="3" m="47626" /><G110/><T47/><D47/><U21/><E73/><V99/><F121/><W124/><G123/><T66/><D66/><U18/><E106/><V75/><F75/><W20/><G20/><T38/><D38/><U130/><E105/><V13/><F122/><W135/><G135/><T74/><D5/><N who="2" m="1546" /><F13/><W36/><G36/><T107/><D90/><U22/><E0/><V32/><F32/><W27/><G27/><T115/><D104/><U25/><E130/><V109/><F109/><W114/><G124/><T41/><D3/><U92/><E22/><V4/><N who="2" m="1554" /><V33/><DORA hai="72" /><F33/><W11/><G11/><T63/><D1/><U100/><E9/><V17/><F17/><W56/><G56/><T88/><D63/><U28/><E8/><V70/><F70/><W14/><G14/><T87/><D54/><U12/><E28/><V103/><F85/><W15/><G15/><T68/><D87/><U29/><E29/><V98/><F102/><AGARI ba="4,0" hai="78,79,95,96,102,112,113,114" m="47626,45097" machi="102" ten="40,12000,2" yaku="15,1,12,1,18,1,34,2,52,2" doraHai="39,72" who="3" fromWho="2" sc="320,0,360,0,146,-132,174,132" />
</Scene>
<Scene>
<INIT seed="6,0,0,3,4,23" ten="320,360,14,306" oya="2" hai0="60,132,4,92,128,112,36,35,99,88,34,56,114" hai1="133,77,98,1,82,52,2,29,101,32,42,119,76" hai2="37,131,87,102,12,9,96,8,126,110,74,104,0" hai3="63,27,73,103,57,71,28,113,58,54,68,117,107"/><V11/><F74/><W39/><G73/><T65/><D36/><U97/><E119/><V89/><F37/><W20/><G117/><T122/><D122/><U31/><E42/><V44/><F131/><W26/><G39/><T129/><D4/><U55/><E82/><V127/><F0/><W121/><G121/><T41/><D41/><U48/><E48/><V100/><F100/><W94/><G107/><T91/><D132/><U40/><E40/><V67/><F44/><W86/><G113/><N who="0" m="43627" /><D91/><U116/><E116/><V135/><F67/><W14/><G14/><T13/><D13/><U21/><E21/><V111/><F12/><W108/><G108/><N who="2" m="41513" /><F135/><W30/><G58/><T93/><D93/><AGARI ba="0,0" hai="8,9,11,87,89,93,96,102,104,126,127" m="41513" machi="93" ten="30,1500,0" yaku="10,1" doraHai="23" who="2" fromWho="0" sc="320,-15,360,0,14,15,306,0" />
</Scene>
<Scene>
<INIT seed="6,1,0,5,5,26" ten="305,360,29,306" oya="2" hai0="91,14,101,106,129,131,93,5,122,125,27,109,94" hai1="30,24,57,77,60,38,15,1,23,67,13,98,107" hai2="113,59,92,39,32,4,134,88,124,121,68,116,69" hai3="19,72,95,123,132,89,61,48,51,90,12,29,50"/><V10/><F116/><W2/><G2/><T54/><D109/><U37/><E1/><V20/><F32/><W82/><G123/><T45/><D122/><U55/><E77/><V22/><F121/><W108/><G108/><T41/><D125/><U99/><E38/><V105/><F105/><W35/><G132/><T8/><D54/><U97/><E37/><V53/><F39/><W44/><G61/><T3/><D3/><U25/><E107/><V47/><F134/><W64/><G64/><T75/><D75/><U120/><E120/><V62/><F124/><W21/><G72/><T86/><D106/><U9/><E25/><V78/><F78/><W115/><G115/><T76/><D76/><U135/><E135/><V18/><F113/><W114/><G114/><T73/><D73/><U103/><E103/><V65/><F47/><W127/><G127/><T63/><D63/><U17/><E15/><N who="2" m="5575" /><F65/><AGARI ba="1,0" hai="9,13,17,23,24,30,55,57,60,65,67,97,98,99" machi="65" ten="40,2600,0" yaku="8,1,52,1" doraHai="26" who="1" fromWho="2" sc="305,0,360,29,29,-29,306,0" />
</Scene>
<Scene>
<INIT seed="7,0,0,4,4,69" ten="305,389,0,306" oya="3" hai0="0,114,26,118,41,77,45,103,70,32,55,58,18" hai1="82,134,54,50,110,104,86,93,24,17,79,52,135" hai2="106,31,3,87,130,74,44,78,76,7,30,83,98" hai3="123,40,21,2,53,91,113,96,51,99,128,62,47"/><W109/><G123/><T127/><D118/><U97/><E110/><V6/><F3/><W61/><G2/><T71/><D0/><U37/><E37/><V111/><F74/><W95/><G109/><T35/><D127/><U92/><E104/><V94/><F106/><W120/><G120/><T43/><D103/><U10/><E50/><V15/><F111/><W59/><G128/><T28/><D35/><U23/><E10/><V133/><F15/><W125/><G125/><T68/><D114/><U117/><E117/><V57/><F57/><W48/><G113/><T8/><D77/><U64/><E64/><V119/><F44/><W25/><REACH who="3" step="1"/><G96/><REACH who="3" ten="305,389,0,296" step="2"/><T81/><D81/><U5/><E97/><V80/><F119/><W73/><G73/><T105/><D105/><U90/><E82/><N who="2" m="31275" /><F98/><W84/><G84/><T88/><D88/><U12/><E90/><N who="2" m="53599" /><F133/><W1/><G1/><T102/><D102/><U85/><E86/><V124/><F124/><W19/><AGARI ba="0,1" hai="19,21,25,40,47,48,51,53,59,61,62,91,95,99" machi="19" ten="20,7800,0" yaku="1,1,0,1,7,1,8,1,53,0" doraHai="69" doraHaiUra="67" who="3" fromWho="3" sc="305,-26,389,-26,0,-26,296,88" owari="279,-12.0,363,16.0,-26,-53.0,384,49.0" />
</Scene>
</mjloggm>