<mjloggm ver="2.3"><GO type="169" lobby="0"/><UN n0="%E3%81%8F%E3%82%8B%E3%82%8B" n1="%E5%A4%AA%E3%81%8F%E3%81%AA%E3%81%84%E3%81%8A" n2="%5A%69%6C%61%6E%74" n3="%E6%A1%82%E3%83%92%E3%83%8A%E3%82%AE%E3%82%AF" dan="17,18,17,16" rate="2165.25,2196.18,2174.81,2029.65" sx="M,M,M,F"/><TAIKYOKU oya="0"/>

<Scene>
<INIT seed="0,0,0,0,1,76" ten="250,250,250,250" oya="0" hai0="104,45,7,129,115,24,71,127,67,113,38,23,13" hai1="107,29,134,48,64,106,77,86,26,89,42,102,37" hai2="103,96,47,57,109,73,3,112,27,5,62,118,125" hai3="35,50,34,91,94,1,55,132,95,79,85,124,121"/><T130/><D104/><U78/><E134/><V87/><F112/><W97/><G1/><T28/><D127/><U17/><E37/><V51/><F73/><W60/><G121/><T66/><D71/><U105/><E64/><N who="0" m="24617" /><D38/><U126/><E126/><V8/><F125/><W0/><G0/><T41/><D45/><U81/><E102/><V65/><F109/><W16/><G132/><T111/><D41/><U36/><E17/><V68/><F118/><W69/><G124/><T56/><D56/><U100/><E100/><V20/><F68/><W114/><G69/><T119/><D119/><U14/><E14/><V110/><F110/><W12/><G79/><T98/><D98/><U131/><E36/><V90/><F87/><W49/><G35/><T72/><D72/><U59/><E42/><V120/><F120/><W116/><G34/><T22/><D111/><U10/><E59/><V43/><F90/><N who="3" m="53583" /><G116/><T6/><D115/><U88/><E78/><V25/><REACH who="2" step="1"/><F20/><REACH who="2" ten="250,250,240,250" step="2"/><N who="3" m="11271" /><G114/><T53/><D113/><U123/><E123/><V83/><F83/><W117/><G117/><T99/><D23/><U52/><E86/><V21/><F21/><W92/><G92/><AGARI ba="0,1" hai="3,5,8,25,27,43,47,51,57,62,65,92,96,103" machi="92" ten="30,2000,0" yaku="1,1,7,1,53,0" doraHai="76" doraHaiUra="101" who="2" fromWho="3" sc="250,0,250,0,240,30,250,-20" />
</Scene>
<Scene>
<INIT seed="1,0,0,4,3,39" ten="250,250,270,230" oya="1" hai0="34,126,82,21,75,104,58,131,45,116,106,120,56" hai1="59,91,71,30,87,70,50,74,60,129,28,12,7" hai2="57,33,103,25,79,61,17,108,90,109,67,9,122" hai3="118,49,27,107,63,43,95,11,24,111,19,55,65"/><U85/><E74/><V80/><F122/><W68/><G107/><T86/><D34/><U78/><E129/><V89/><F103/><W4/><G118/><T26/><D75/><U38/><E38/><V6/><F33/><W64/><G111/><N who="2" m="42569" /><F25/><W31/><G65/><T3/><D3/><U81/><E50/><V98/><F98/><W54/><G19/><T115/><D120/><U97/><E97/><V0/><F17/><W32/><G27/><T119/><D131/><U46/><E46/><V44/><F44/><W93/><G55/><T99/><D115/><U72/><E28/><V110/><N who="2" m="42577" /><V40/><DORA hai="52" /><F40/><W121/><G121/><T62/><D116/><U135/><E30/><V77/><F77/><W18/><G43/><T48/><D119/><U134/><E134/><V66/><F66/><W5/><G18/><T127/><D99/><U1/><E135/><V88/><F90/><W92/><REACH who="3" step="1"/><G11/><REACH who="3" ten="250,250,270,220" step="2"/><T128/><D128/><U8/><E8/><V100/><F100/><W13/><G13/><T73/><D106/><U76/><E12/><V10/><F10/><W101/><G101/><T130/><D104/><U114/><E114/><V132/><F132/><W83/><G83/><T96/><D82/><U102/><E81/><V15/><F15/><W23/><G23/><T105/><D21/><U41/><E41/><V69/><F69/><W22/><G22/><T117/><D117/><U29/><E102/><V37/><F37/><W94/><N who="3" m="23552" /><DORA hai="47" /><W2/><G2/><T51/><D105/><U133/><E1/><V53/><F67/><W16/><G16/><RYUUKYOKU ba="0,1" sc="250,-15,250,-15,270,15,220,15" hai2="0,6,9,53,57,61,79,80,88,89" hai3="4,5,24,31,32,49,54,63,64,68" />
</Scene>
<Scene>
<INIT seed="2,1,1,2,1,131" ten="235,235,285,235" oya="2" hai0="31,36,20,100,8,10,11,98,80,25,58,71,107" hai1="28,14,119,42,102,129,33,74,117,72,128,134,82" hai2="51,3,73,47,55,53,21,19,86,6,35,103,4" hai3="15,39,90,27,106,34,113,76,91,23,0,38,22"/><V54/><F35/><W77/><G0/><T122/><D71/><U2/><E2/><V81/><F73/><W126/><G106/><T112/><D122/><U9/><E102/><V79/><F103/><W116/><G34/><T16/><D112/><U41/><E33/><V61/><F61/><W50/><G113/><T121/><D121/><U32/><E32/><V68/><F68/><W64/><G64/><T89/><D36/><U48/><E28/><V99/><F99/><W5/><G126/><T57/><REACH who="0" step="1"/><D31/><REACH who="0" ten="225,235,285,235" step="2"/><U60/><E128/><V49/><F3/><W85/><G116/><T12/><D12/><U24/><E14/><N who="2" m="9463" /><F54/><W108/><G15/><T43/><D43/><U105/><E42/><V45/><AGARI ba="1,2" hai="4,6,45,47,49,51,53,55,79,81,86" m="9463" machi="45" ten="30,1500,0" yaku="8,1" doraHai="131" who="2" fromWho="2" sc="225,-6,235,-6,285,38,235,-6" />
</Scene>
<Scene>
<INIT seed="2,2,0,3,4,76" ten="219,229,323,229" oya="2" hai0="25,42,73,50,0,18,57,106,4,35,5,94,88" hai1="103,72,70,19,52,6,66,55,48,109,69,117,24" hai2="20,100,43,40,101,104,90,118,36,46,79,15,108" hai3="3,32,105,60,13,23,37,102,130,41,34,30,114"/><V124/><F118/><W8/><G130/><T2/><D106/><U125/><E117/><V11/><F43/><W75/><G75/><T122/><D73/><U51/><E72/><V53/><F104/><W81/><G3/><T62/><D122/><U68/><E6/><V71/><F71/><W56/><G105/><T126/><D126/><U91/><E103/><V38/><F38/><W86/><G102/><T121/><D121/><U22/><E125/><V65/><F65/><W112/><G34/><T85/><D0/><U7/><E109/><V110/><F124/><W113/><G32/><T47/><D2/><U84/><E7/><V1/><F53/><W59/><G23/><N who="0" m="13559" /><D35/><U132/><E132/><V44/><F44/><W9/><G30/><T95/><D95/><U89/><E66/><AGARI ba="2,0" hai="4,5,42,47,50,57,62,66,85,88,94" m="13559" machi="66" ten="30,2000,0" yaku="8,1,54,1" doraHai="76" who="0" fromWho="1" sc="219,26,229,-26,323,0,229,0" />
</Scene>
<Scene>
<INIT seed="3,0,0,2,1,80" ten="245,203,323,229" oya="3" hai0="130,13,14,46,33,108,30,127,104,28,69,70,96" hai1="48,88,0,72,83,82,16,27,8,49,129,123,134" hai2="22,76,42,98,116,94,78,53,84,77,3,57,111" hai3="60,109,19,34,112,23,61,126,2,115,64,113,120"/><W132/><G120/><T11/><D108/><U10/><E123/><V43/><F3/><W1/><G109/><T39/><D13/><U15/><E129/><V56/><F116/><W86/><G132/><T24/><D130/><U25/><E134/><V9/><F9/><W32/><G126/><T106/><D127/><U128/><E128/><V122/><F122/><W31/><G31/><T55/><D30/><U99/><E72/><V93/><F111/><W121/><G121/><T18/><D55/><U26/><E0/><V89/><F22/><W7/><G7/><T73/><D73/><U29/><E29/><V117/><F117/><W37/><G37/><T20/><D20/><U131/><E131/><V133/><F133/><W66/><G23/><T92/><D70/><U41/><E10/><V67/><F67/><W87/><G113/><T45/><D69/><U35/><E35/><V4/><F4/><W81/><G81/><N who="1" m="30730" /><E41/><N who="2" m="15371" /><F53/><W101/><G101/><AGARI ba="0,0" hai="56,57,76,77,78,84,89,93,94,98,101" m="15371" machi="101" ten="30,2000,0" yaku="8,1,52,1" doraHai="80" who="2" fromWho="3" sc="245,0,203,0,323,20,229,-20" />
</Scene>
<Scene>
<INIT seed="4,0,0,1,2,32" ten="245,203,343,209" oya="0" hai0="44,110,126,105,83,112,127,133,51,37,118,104,56" hai1="84,86,92,81,15,73,130,85,71,49,98,132,7" hai2="96,111,122,125,28,21,70,117,123,40,128,18,17" hai3="69,78,50,52,61,24,20,129,47,48,5,77,3"/><T54/><D118/><U58/><E71/><V36/><F70/><W68/><G129/><T88/><D112/><U75/><E130/><V55/><F111/><W29/><G69/><T80/><D110/><U59/><E132/><V45/><F128/><W30/><G30/><T114/><D114/><U42/><E75/><V16/><F117/><W34/><G34/><T82/><D133/><U12/><E73/><V9/><F125/><N who="0" m="47626" /><D88/><N who="1" m="55559" /><E81/><V102/><F9/><W119/><G119/><T0/><D0/><U43/><E7/><V87/><F87/><W99/><G99/><T60/><D37/><U131/><E131/><V89/><F89/><W108/><G108/><T97/><D97/><U93/><E93/><V22/><F55/><AGARI ba="0,0" hai="44,51,54,55,56,60,80,82,83,104,105" m="47626" machi="55" ten="30,1500,0" yaku="18,1" doraHai="32" who="0" fromWho="2" sc="245,15,203,0,343,-15,209,0" />
</Scene>
<Scene>
<INIT seed="4,1,0,3,4,25" ten="260,203,328,209" oya="0" hai0="36,47,34,98,121,133,14,64,79,62,17,65,114" hai1="48,111,74,56,54,126,3,69,0,55,38,91,105" hai2="51,67,23,78,20,59,108,118,86,24,88,58,90" hai3="40,68,132,53,72,30,89,37,76,43,27,82,134"/><T26/><D121/><U93/><E111/><V112/><F108/><W15/><G68/><T85/><D114/><U120/><E120/><V77/><F112/><W11/><G53/><T107/><D133/><N who="3" m="51305" /><G89/><T28/><D65/><U57/><E69/><V6/><F118/><W124/><G37/><T131/><D131/><U115/><E115/><V97/><F6/><N who="3" m="3575" /><G124/><T50/><D36/><U61/><E38/><V66/><F97/><W73/><G73/><T13/><D17/><U4/><E74/><V70/><F70/><W106/><G106/><T5/><D5/><U31/><E105/><V45/><F86/><W100/><G100/><T95/><D107/><U135/><E135/><V130/><F130/><W12/><G12/><T109/><D109/><U10/><E126/><V119/><F119/><W92/><G92/><T116/><D116/><U128/><E128/><V1/><F45/><W110/><G110/><T60/><D64/><U63/><E48/><V96/><F51/><W125/><G125/><T129/><D129/><U9/><E91/><V103/><F96/><W122/><G122/><T102/><D13/><U19/><E93/><V29/><F103/><W22/><AGARI ba="1,0" hai="22,27,30,40,43,72,76,82" m="3575,51305" machi="22" ten="30,2000,0" yaku="20,1,52,1" doraHai="25" who="3" fromWho="3" sc="260,-11,203,-6,328,-6,209,23" />
</Scene>
<Scene>
<INIT seed="5,0,0,4,3,118" ten="249,197,322,232" oya="1" hai0="44,4,31,78,111,106,67,99,14,121,35,29,3" hai1="8,70,100,12,83,30,17,116,19,47,0,11,53" hai2="41,77,15,97,6,60,117,88,59,25,23,89,103" hai3="115,133,58,130,27,126,82,123,5,85,21,105,134"/><U26/><E116/><V131/><F117/><W122/><G105/><T90/><D3/><U119/><E119/><V56/><F131/><W54/><G115/><T24/><D111/><U120/><E70/><V107/><F77/><W28/><G5/><T87/><D29/><U45/><E100/><V113/><F41/><W36/><G36/><T66/><D78/><U71/><E71/><V128/><F128/><W16/><G130/><T86/><D87/><U68/><E68/><V108/><F108/><W42/><G42/><T20/><D44/><U39/><E39/><V129/><F129/><W73/><G73/><T62/><D62/><U1/><E83/><V112/><F15/><W69/><G69/><T2/><D2/><N who="1" m="1131" /><E53/><V127/><F6/><W125/><G28/><T96/><D66/><U92/><E92/><V132/><F59/><W49/><G85/><T75/><D67/><U18/><E45/><V64/><F127/><N who="3" m="48651" /><G82/><T51/><D86/><U76/><E47/><V81/><F81/><W37/><G37/><T104/><D106/><U61/><E76/><V109/><F109/><W124/><N who="3" m="48659" /><W7/><DORA hai="38" /><G7/><T101/><D104/><U46/><E46/><V40/><F40/><W34/><G34/><T57/><D75/><U50/><E30/><V91/><F113/><W63/><G63/><T43/><D31/><U114/><E61/><V74/><F74/><W65/><G65/><T22/><D57/><U80/><E80/><V135/><F112/><W95/><G95/><T102/><D43/><U9/><E114/><V48/><F48/><W55/><G55/><RYUUKYOKU ba="0,0" sc="249,-15,197,-15,322,15,232,15" hai2="23,25,56,60,64,88,89,91,97,103,107,132,135" hai3="16,21,27,49,54,58,122,123,133,134" />
</Scene>
<Scene>
<INIT seed="6,1,0,2,5,30" ten="234,182,337,247" oya="2" hai0="70,26,46,31,15,82,52,27,6,87,41,84,123" hai1="135,113,20,68,73,16,97,79,62,86,117,19,118" hai2="50,120,67,25,44,29,105,45,11,18,17,35,94" hai3="23,106,124,98,14,7,39,2,24,128,57,56,60"/><V28/><F120/><W74/><G74/><T9/><D70/><U51/><E73/><V81/><F105/><W61/><G39/><T37/><D123/><U72/><E72/><V64/><F81/><W69/><G2/><T78/><D31/><U75/><E75/><V49/><F25/><W100/><G69/><T134/><D134/><U103/><E135/><V110/><F11/><W104/><G104/><T32/><D32/><U95/><E113/><V59/><F59/><W107/><G107/><T102/><D102/><U92/><E51/><V55/><F94/><W42/><G42/><T131/><D131/><U40/><E40/><V63/><F63/><W127/><G128/><T22/><D22/><U93/><E93/><V116/><F55/><W38/><G38/><T80/><D52/><U1/><E1/><V12/><F12/><W125/><G57/><T119/><D119/><U33/><E118/><V109/><F116/><W48/><G56/><T112/><D112/><U66/><E117/><V96/><F96/><W90/><G48/><T8/><D9/><U76/><E33/><AGARI ba="1,0" hai="17,18,28,29,33,35,44,45,49,50,64,67,109,110" machi="33" ten="25,9600,0" yaku="22,2,52,2" doraHai="30" who="2" fromWho="1" sc="234,0,182,-99,337,99,247,0" />
</Scene>
<Scene>
<INIT seed="6,2,0,5,3,129" ten="234,83,436,247" oya="2" hai0="35,38,43,8,130,105,23,26,10,120,86,65,47" hai1="78,69,71,63,109,49,126,99,25,111,110,103,101" hai2="27,9,14,34,36,121,96,48,80,11,52,113,46" hai3="100,67,42,4,122,75,21,135,74,5,97,68,17"/><V76/><F121/><W55/><G122/><T33/><D120/><U1/><E126/><V87/><F113/><W58/><G42/><T83/><D105/><U39/><E39/><V15/><F36/><W37/><G37/><T132/><D130/><U30/><E1/><V106/><F106/><W115/><G115/><T61/><D132/><U60/><E78/><V90/><F34/><W84/><G84/><T134/><D134/><U116/><E116/><V112/><F112/><W102/><G67/><T91/><D33/><U22/><E49/><V88/><F27/><W92/><G68/><T73/><D35/><U104/><REACH who="1" step="1"/><E103/><REACH who="1" ten="234,73,436,247" step="2"/><V53/><F76/><W119/><G102/><T81/><D38/><U28/><E28/><V0/><F0/><W70/><G119/><T66/><D73/><U94/><E94/><N who="2" m="56407" /><F53/><W18/><G75/><T54/><D54/><U50/><E50/><V20/><F15/><W125/><G74/><T64/><D64/><U45/><E45/><V16/><AGARI ba="2,1" hai="9,11,14,16,20,46,48,52,80,87,88" m="56407" machi="16" ten="30,11700,0" yaku="8,1,54,3" doraHai="129" who="2" fromWho="2" sc="234,-41,73,-41,436,133,247,-41" />
</Scene>
<Scene>
<INIT seed="6,3,0,3,4,107" ten="193,32,569,206" oya="2" hai0="39,99,75,117,93,108,23,133,115,61,24,60,62" hai1="121,87,78,130,86,19,18,105,119,102,22,101,57" hai2="128,71,46,17,83,2,118,114,74,40,10,127,95" hai3="33,58,116,49,131,45,66,1,79,35,132,31,88"/><V122/><F95/><W30/><G1/><T47/><D108/><U103/><E119/><V109/><F17/><W73/><G132/><T0/><D117/><U15/><E130/><V90/><F90/><W129/><G116/><T27/><D0/><U120/><E105/><V97/><F97/><W67/><G58/><T29/><D133/><U69/><E69/><V76/><F118/><W5/><G5/><T94/><D75/><U41/><E41/><V12/><F12/><W4/><G4/><T112/><D93/><U16/><E78/><V51/><F122/><N who="1" m="47209" /><E15/><V52/><F109/><W38/><G38/><T48/><D39/><U111/><E111/><V135/><F135/><W20/><G79/><T100/><REACH who="0" step="1"/><D24/><REACH who="0" ten="183,32,569,206" step="2"/><U32/><E57/><N who="2" m="32927" /><F2/><W84/><G131/><T28/><D28/><U72/><E22/><V89/><F128/><W124/><G129/><T65/><D65/><U110/><E110/><V77/><F74/><W7/><G73/><T91/><D91/><U98/><E72/><V9/><F89/><W36/><G67/><T34/><D34/><U68/><E68/><V63/><F71/><W123/><G35/><T3/><D3/><U64/><E64/><V37/><F37/><W82/><G66/><T126/><D126/><U43/><E32/><V6/><F127/><W54/><G33/><T113/><D113/><U134/><E134/><V21/><F114/><W125/><G124/><T70/><D70/><U56/><E56/><V50/><F77/><W55/><G125/><T85/><D85/><N who="1" m="32267" /><E98/><V106/><F76/><W42/><G84/><T26/><D26/><RYUUKYOKU ba="3,1" sc="183,15,32,15,569,-15,206,-15" hai0="23,27,29,47,48,60,61,62,94,99,100,112,115" hai1="16,18,19,43,101,102,103" />
</Scene>
<Scene>
<INIT seed="7,4,1,4,4,122" ten="198,47,554,191" oya="3" hai0="73,4,132,14,78,114,12,115,131,60,33,55,135" hai1="56,64,21,67,94,28,128,63,116,13,26,27,75" hai2="6,2,30,10,41,90,59,1,40,57,35,130,32" hai3="96,70,15,36,43,83,77,25,9,7,47,48,103"/><W124/><G124/><T23/><D33/><U87/><E128/><V20/><F130/><W46/><G70/><T108/><D108/><U100/><E116/><V18/><F90/><W117/><G117/><T84/><D73/><U44/><E75/><V98/><F98/><W125/><G125/><T72/><D72/><U31/><E44/><V16/><F20/><W113/><G113/><N who="0" m="43019" /><D131/><U8/><E67/><V119/><F119/><W62/><G62/><T91/><D78/><U81/><E81/><V92/><F92/><W19/><G25/><T45/><D60/><U112/><E112/><V93/><F93/><W11/><G47/><T79/><D79/><U58/><E58/><V71/><F10/><W85/><G36/><T53/><D55/><U65/><E65/><V5/><F30/><W80/><G80/><T133/><D53/><U118/><E118/><V101/><F101/><W127/><G127/><T37/><D45/><U0/><E0/><V76/><F76/><W39/><G39/><T52/><D52/><U126/><E126/><V50/><F50/><W88/><G103/><T24/><D37/><U107/><E107/><V99/><F99/><W104/><G104/><T129/><D129/><U109/><E109/><V111/><F111/><W89/><G96/><T69/><D69/><AGARI ba="4,1" hai="1,2,5,6,16,18,32,35,40,41,57,59,69,71" machi="69" ten="25,3200,0" yaku="22,2,54,1" doraHai="122" who="2" fromWho="0" sc="198,-44,47,0,554,54,191,0" owari="154,-25.0,47,-45.0,608,71.0,191,-1.0" />
</Scene>
</mjloggm>