<mjloggm ver="2.3"><GO type="41"/><UN n0="%E2%96%A0%E2%96%A0%E2%96%A0" n1="%E5%A4%AA%E3%81%8F%E3%81%AA%E3%81%84%E3%81%8A" n2="%74%61%6B%65%6D%75%73%75" n3="%E9%AB%98%E6%A9%8B%E3%81%BF%E3%81%AA%E3%81%BF" dan="16,14,13,14" rate="1999,1979,1801,1887" sx="M,M,M,M"/><TAIKYOKU oya="0"/>

<Scene>
<INIT seed="0,0,0,0,4,100" ten="250,250,250,250" oya="0" hai0="98,69,49,22,76,16,79,115,93,57,101,2,117" hai1="110,112,90,25,21,19,114,48,111,3,17,46,60" hai2="97,104,32,52,113,108,47,18,53,40,132,27,89" hai3="78,33,42,62,13,86,133,124,118,81,106,120,15"/><T88/><D117/><U126/><E3/><V77/><F108/><N who="1" m="41513" /><E126/><V37/><F132/><W129/><G124/><T43/><D69/><U58/><E90/><V116/><F113/><N who="1" m="43625" /><E46/><V74/><F116/><W23/><G118/><T44/><D115/><U123/><E123/><V64/><F64/><W4/><G33/><T8/><D8/><U72/><E72/><V63/><F63/><W11/><G133/><T73/><D73/><U51/><E19/><V12/><F77/><W83/><G120/><T107/><D57/><U75/><E75/><V82/><F82/><W91/><G83/><T134/><D134/><U109/><N who="1" m="41521" /><U39/><DORA hai="68" /><E39/><V122/><F74/><W119/><G119/><T96/><REACH who="0" step="1"/><D2/><REACH who="0" ten="240,250,250,250" step="2"/><U70/><E70/><V1/><F122/><W87/><G78/><T41/><D41/><U61/><E61/><V130/><F1/><W24/><G42/><T127/><D127/><U66/><AGARI ba="0,1" hai="17,21,25,48,51,58,60,66" m="43625,41521" machi="66" ten="50,3200,0" yaku="14,1,11,1" doraHai="100,68" who="1" fromWho="1" sc="240,-16,250,42,250,-8,250,-8" />
</Scene>
<Scene>
<INIT seed="1,0,0,2,2,82" ten="224,292,242,242" oya="1" hai0="99,28,71,37,41,126,89,121,96,113,58,57,133" hai1="51,56,68,111,130,8,46,35,3,78,129,11,112" hai2="74,0,36,7,45,85,105,13,10,92,14,131,127" hai3="119,125,54,20,65,19,39,60,64,94,128,118,117"/><U42/><E112/><V50/><F105/><W53/><G94/><T123/><D71/><U22/><E35/><V12/><F74/><W27/><G39/><T9/><D113/><U124/><E68/><V4/><F127/><W73/><G125/><T40/><D37/><U61/><E124/><V88/><F131/><N who="1" m="50185" /><E78/><V108/><F108/><W52/><G73/><T63/><D126/><U16/><E3/><V86/><F4/><W6/><G128/><T55/><D9/><U95/><E95/><V26/><F36/><W103/><G103/><T84/><D28/><U102/><E102/><V15/><F0/><W69/><G6/><T76/><D76/><U120/><E120/><V90/><F26/><W5/><G5/><T101/><D133/><U44/><E44/><V100/><F100/><W29/><G65/><T97/><D101/><U33/><E33/><V132/><F132/><W24/><G27/><T32/><D58/><U79/><E79/><V104/><F104/><W21/><G21/><T34/><D34/><U81/><E81/><N who="2" m="49199" /><F15/><W67/><G67/><T134/><D134/><U17/><E111/><V109/><F109/><W1/><G1/><T25/><D25/><N who="1" m="14535" /><E17/><AGARI ba="0,0" hai="17,19,20,24,29,52,53,54,60,64,69,117,118,119" machi="17" ten="50,3200,0" yaku="12,1,54,1" doraHai="82" who="3" fromWho="1" sc="224,0,292,-32,242,0,242,32" />
</Scene>
<Scene>
<INIT seed="2,0,0,4,0,6" ten="224,260,242,274" oya="2" hai0="108,3,132,87,57,74,39,2,102,56,43,73,0" hai1="121,104,113,96,5,18,38,76,36,49,125,71,62" hai2="94,133,114,97,33,84,40,70,30,26,9,99,29" hai3="15,126,27,116,111,21,28,32,98,50,118,110,1"/><V124/><F114/><W19/><G50/><T122/><D43/><U53/><E113/><V81/><F70/><W46/><G98/><T45/><D45/><U90/><E125/><V95/><F124/><W66/><G46/><T78/><D108/><N who="3" m="41513" /><G66/><T68/><D122/><U55/><E121/><V65/><F65/><W80/><G80/><T134/><D68/><U63/><E5/><V112/><F112/><W75/><G75/><N who="0" m="28683" /><D102/><U107/><E76/><V85/><F133/><N who="0" m="51306" /><D87/><U100/><E71/><V51/><F30/><W101/><G101/><T64/><D64/><U92/><E107/><V129/><F129/><W25/><G126/><T14/><D14/><U54/><E49/><V59/><F95/><W13/><G1/><T86/><D86/><U106/><E106/><V47/><F97/><W130/><G130/><T109/><D78/><U120/><E120/><V41/><F59/><N who="0" m="22602" /><D109/><U123/><E123/><V8/><F41/><W44/><G44/><T88/><D39/><U60/><E104/><V58/><F58/><W10/><G15/><T67/><D67/><U37/><E100/><V83/><F83/><W17/><AGARI ba="0,0" hai="10,13,17,19,21,25,27,28,32,116,118" m="41513" machi="17" ten="30,7900,0" yaku="14,1,34,2,52,1" doraHai="6" who="3" fromWho="3" sc="224,-20,260,-20,242,-39,274,79" />
</Scene>
<Scene>
<INIT seed="3,0,0,3,0,123" ten="204,240,203,353" oya="3" hai0="99,86,106,23,76,22,50,79,66,38,28,116,117" hai1="27,74,46,119,16,81,102,39,43,69,77,129,1" hai2="48,58,128,83,20,49,133,85,41,0,114,4,132" hai3="107,45,61,121,24,13,59,120,52,67,105,19,9"/><W82/><G120/><T30/><D38/><U56/><E69/><V63/><F114/><W92/><G121/><T109/><D66/><U96/><E1/><V6/><F128/><W26/><G107/><T72/><D50/><U29/><E129/><V103/><F103/><W84/><G105/><T25/><D99/><U60/><E119/><V110/><F110/><W127/><G92/><T33/><D86/><U32/><E16/><V62/><F0/><W2/><G2/><T113/><D25/><U21/><E21/><V125/><F20/><W135/><G127/><T68/><D106/><U118/><E118/><V101/><F101/><W89/><G135/><N who="2" m="51785" /><F41/><W108/><G108/><T65/><D65/><U87/><E102/><V70/><F70/><W36/><G36/><T31/><D68/><U47/><E96/><V15/><F15/><W104/><G104/><T95/><D31/><U18/><E18/><V44/><F125/><W11/><G11/><T100/><D95/><U94/><E43/><N who="2" m="24607" /><F49/><AGARI ba="0,0" hai="9,13,19,24,26,45,49,52,59,61,67,82,84,89" machi="49" ten="40,12000,1" yaku="25,2,8,1,54,1" doraHai="123" who="3" fromWho="2" sc="204,0,240,0,203,-120,353,120" />
</Scene>
<Scene>
<INIT seed="3,1,0,0,5,122" ten="204,240,83,473" oya="3" hai0="73,48,70,5,54,95,90,63,118,87,46,115,109" hai1="2,55,1,47,59,123,52,132,26,27,114,58,128" hai2="88,28,76,23,130,13,78,65,53,100,16,60,133" hai3="86,50,44,45,7,110,131,74,97,84,56,92,61"/><W3/><G74/><T17/><D115/><U8/><E114/><V36/><F130/><W19/><G131/><T40/><D118/><U105/><E105/><V94/><F133/><W30/><G30/><T10/><D73/><U117/><E123/><V85/><F36/><W113/><G113/><T29/><D17/><U79/><E128/><V25/><F100/><W96/><G3/><T24/><D70/><U135/><E79/><V106/><F53/><N who="1" m="20553" /><E47/><V33/><REACH who="2" step="1"/><F106/><REACH who="2" ten="204,240,73,473" step="2"/><W6/><G92/><T32/><D95/><U91/><E132/><V98/><F98/><W69/><G97/><T81/><D54/><U121/><E135/><V22/><F22/><W49/><G96/><T120/><D120/><U20/><E20/><V35/><F35/><W127/><G61/><T80/><D63/><U18/><E121/><V72/><F72/><W12/><G50/><T64/><D64/><U77/><E117/><V134/><F134/><W51/><G45/><T104/><D104/><U14/><E8/><V89/><F89/><W21/><G44/><T4/><D10/><U108/><E91/><V57/><AGARI ba="1,1" hai="13,16,23,25,28,33,57,60,65,76,78,85,88,94" machi="57" ten="20,8000,1" yaku="1,1,0,1,7,1,54,2,53,0" doraHai="122" doraHaiUra="111" who="2" fromWho="2" sc="204,-21,240,-21,73,93,473,-41" />
</Scene>
<Scene>
<INIT seed="4,0,0,0,3,68" ten="183,219,166,432" oya="0" hai0="91,22,58,88,37,15,44,32,8,19,82,106,43" hai1="61,131,21,86,38,128,46,94,67,90,121,39,4" hai2="0,48,109,2,14,1,12,96,132,117,116,133,6" hai3="108,5,101,119,36,17,71,122,52,107,66,29,55"/><T127/><D32/><U18/><E4/><V113/><F96/><W25/><G119/><N who="2" m="45641" /><F48/><W76/><G108/><T28/><D106/><U41/><E121/><V120/><F120/><W80/><G122/><T47/><D127/><U77/><E77/><V85/><F85/><W81/><G5/><T40/><D58/><U16/><E39/><V124/><F109/><W69/><G17/><T78/><D22/><U134/><E134/><N who="2" m="51819" /><F124/><W135/><G135/><T11/><D8/><U57/><REACH who="1" step="1"/><E18/><REACH who="1" ten="183,209,166,432" step="2"/><V79/><F79/><W13/><G36/><T129/><D28/><U74/><E74/><V92/><F92/><W42/><G76/><T89/><D129/><U34/><E34/><V9/><F113/><W118/><G118/><T63/><D63/><U104/><E104/><V112/><F112/><W125/><G107/><T10/><D10/><U123/><E123/><V84/><F84/><W93/><G125/><T24/><D24/><AGARI ba="0,1" hai="16,21,24,38,41,46,57,61,67,86,90,94,128,131" machi="24" ten="40,5200,0" yaku="1,1,52,1,54,1,53,0" doraHai="68" doraHaiUra="31" who="1" fromWho="0" sc="183,-52,209,62,166,0,432,0" />
</Scene>
<Scene>
<INIT seed="5,0,0,0,0,57" ten="131,271,166,432" oya="1" hai0="9,120,26,60,37,108,6,110,16,132,94,42,115" hai1="34,74,99,124,25,2,112,93,44,109,27,123,81" hai2="15,66,8,12,76,69,82,13,7,118,68,102,100" hai3="54,38,46,131,126,55,52,75,96,89,73,105,78"/><U104/><E123/><V133/><F133/><W63/><G131/><T101/><D115/><U134/><E2/><V11/><F118/><W50/><G126/><T125/><D120/><U49/><E104/><V32/><F32/><W1/><G1/><T33/><D132/><U129/><E134/><V0/><F11/><W14/><G38/><T106/><D125/><U130/><E124/><V56/><F68/><W47/><G78/><T20/><D106/><U23/><E112/><V29/><F69/><W70/><G105/><T19/><D33/><U77/><E34/><V121/><F121/><W53/><G14/><T84/><D19/><U95/><E109/><V48/><F29/><W61/><G70/><T28/><D28/><N who="1" m="17471" /><E27/><V64/><F64/><W58/><G75/><T122/><D122/><U114/><E99/><V31/><F31/><W80/><G73/><T79/><D101/><U91/><E91/><V92/><F92/><N who="3" m="56335" /><G80/><T35/><D35/><U43/><E114/><V30/><F30/><W83/><G83/><T98/><D98/><U72/><E72/><V88/><F76/><W36/><G36/><T103/><D103/><N who="2" m="39466" /><F0/><W113/><G113/><T10/><D110/><U67/><E67/><V128/><F128/><AGARI ba="0,0" hai="43,44,49,74,77,81,93,95,128,129,130" m="17471" machi="128" ten="30,1500,0" yaku="19,1" doraHai="57" who="1" fromWho="2" sc="131,0,271,15,166,-15,432,0" />
</Scene>
<Scene>
<INIT seed="5,1,0,5,0,43" ten="131,286,151,432" oya="1" hai0="123,13,22,122,131,117,1,18,104,121,82,85,55" hai1="7,72,44,39,115,128,17,5,119,35,120,88,114" hai2="113,60,89,0,41,109,28,73,16,11,92,135,78" hai3="21,103,50,25,63,47,64,54,69,102,99,106,53"/><U84/><E120/><V108/><F135/><W40/><REACH who="3" step="1"/><G103/><REACH who="3" ten="131,286,151,422" step="2"/><T36/><D117/><U83/><E119/><V130/><F108/><W49/><G49/><T58/><D36/><U68/><E114/><V67/><F109/><W107/><G107/><T38/><D104/><U124/><E39/><V15/><F113/><W80/><G80/><T98/><D38/><U74/><E83/><V26/><F130/><W101/><G101/><T24/><D131/><U29/><E128/><V66/><F60/><W14/><G14/><T112/><D112/><U56/><E115/><V3/><F15/><W125/><G125/><T75/><D13/><U86/><E124/><V132/><F0/><W61/><G61/><T31/><D1/><U48/><E48/><V70/><F3/><W10/><G10/><T33/><D75/><U2/><E72/><V129/><F11/><W79/><G79/><T76/><D98/><U116/><E74/><V37/><F78/><W65/><G65/><T81/><D82/><U57/><E2/><V105/><F73/><W32/><G32/><T34/><REACH who="0" step="1"/><D31/><AGARI ba="1,1" hai="21,25,31,40,47,50,53,54,63,64,69,99,102,106" machi="31" ten="30,8000,1" yaku="21,2,7,1,52,1,53,1" doraHai="43" doraHaiUra="96" who="3" fromWho="0" sc="131,-83,286,0,151,0,422,93" />
</Scene>
<Scene>
<INIT seed="6,0,0,2,5,13" ten="48,286,151,515" oya="2" hai0="15,52,131,108,63,116,132,30,107,77,106,125,3" hai1="29,27,92,18,110,36,51,7,43,24,69,28,85" hai2="98,83,39,71,12,90,75,64,9,46,2,8,72" hai3="37,113,87,16,32,133,120,54,50,26,114,40,21"/><V111/><F2/><W4/><G120/><T65/><D106/><U47/><E110/><V56/><F111/><W0/><G32/><T101/><D108/><U128/><E69/><V58/><F71/><W11/><G37/><T31/><D116/><U23/><E128/><V73/><F39/><W135/><G87/><T49/><D131/><U14/><E36/><V95/><F46/><N who="3" m="27991" /><G40/><T121/><D3/><U103/><E103/><V96/><F64/><W105/><G105/><T118/><D121/><U100/><E100/><V99/><F83/><W112/><AGARI ba="0,0" hai="0,4,11,16,21,26,112,113,114,133,135" m="27991" machi="112" ten="40,8000,1" yaku="15,1,11,1,52,1,54,1" doraHai="13" who="3" fromWho="3" sc="48,-20,286,-20,151,-40,515,80" />
</Scene>
<Scene>
<INIT seed="7,0,0,4,1,121" ten="28,266,111,595" oya="3" hai0="31,39,130,57,106,34,115,69,72,40,78,32,20" hai1="98,100,71,91,46,1,11,36,43,29,14,135,65" hai2="54,112,119,59,90,80,37,96,132,129,61,66,105" hai3="22,6,12,109,7,84,113,3,42,33,18,49,116"/><W77/><G33/><T79/><D79/><U99/><E135/><V126/><F112/><W64/><G113/><T95/><D57/><U88/><E1/><V81/><F119/><W124/><G116/><T120/><D95/><U56/><E71/><V70/><F37/><W27/><G109/><T58/><D20/><U67/><E29/><V85/><F132/><W127/><G3/><T104/><D58/><U114/><E114/><V9/><F129/><W51/><G64/><T125/><D104/><U75/><E75/><V110/><F126/><N who="3" m="48171" /><G42/><T83/><D31/><U44/><E44/><V48/><F9/><N who="3" m="4151" /><G7/><T35/><D83/><AGARI ba="0,0" hai="18,22,27,49,51,77,83,84" m="4151,48171" machi="83" ten="30,1500,0" yaku="18,1" doraHai="121" who="3" fromWho="0" sc="28,-15,266,0,111,0,595,15" owari="13,-49.0,266,7.0,111,-29.0,610,71.0" />
</Scene>
</mjloggm>