<mjloggm ver="2.3"><GO type="169" lobby="0"/><UN n0="%E3%83%97%E3%83%92%E3%81%99%E3%81%91" n1="%E5%A4%AA%E3%81%8F%E3%81%AA%E3%81%84%E3%81%8A" n2="%E3%81%AF%E3%82%89%E3%81%BA%E3%81%93%E3%83%AA%E3%82%B0%E3%83%AB" n3="%E3%83%A4%E3%82%AD%E3%83%B3" dan="16,18,16,16" rate="2096.43,2198.52,2045.76,2091.76" sx="M,F,F,M"/><TAIKYOKU oya="0"/>

<Scene>
<INIT seed="0,0,0,1,4,34" ten="250,250,250,250" oya="0" hai0="85,87,130,81,90,106,7,100,15,108,112,71,12" hai1="119,117,57,69,11,97,31,9,55,125,103,65,30" hai2="24,72,109,124,32,2,0,84,19,92,62,20,50" hai3="28,60,102,113,37,13,58,47,63,27,86,75,77"/><T59/><D71/><U35/><E125/><V1/><F72/><W132/><G75/><T8/><D112/><U54/><E69/><V99/><F124/><W46/><G113/><T16/><D106/><U88/><E65/><V70/><F32/><W95/><G132/><T29/><D100/><U73/><E73/><V126/><F126/><W3/><G13/><T49/><D130/><U127/><E127/><V56/><F84/><W33/><G63/><T101/><D101/><U43/><E43/><V6/><F109/><W17/><G17/><T36/><D36/><U66/><E66/><V111/><F111/><W91/><G37/><T48/><D108/><U115/><E115/><V4/><F50/><W53/><G77/><T39/><D39/><U98/><E103/><V67/><REACH who="2" step="1"/><F70/><REACH who="2" ten="250,250,240,250" step="2"/><W38/><G38/><T118/><D118/><U26/><E35/><V120/><F120/><W61/><G33/><T133/><D133/><U104/><E117/><V51/><F51/><W18/><G86/><T83/><D59/><U10/><E57/><V78/><F78/><W122/><G58/><T134/><D134/><U121/><E121/><V93/><F93/><W135/><G95/><T68/><D68/><U79/><E79/><V96/><F96/><W129/><G122/><T22/><D29/><U74/><E31/><V64/><F64/><W5/><G28/><T45/><D45/><U40/><E30/><V131/><F131/><W107/><G129/><T21/><D21/><U76/><E119/><V42/><F42/><W44/><G135/><T41/><D41/><U23/><E40/><RYUUKYOKU ba="0,1" sc="250,15,250,-15,240,15,250,-15" hai0="7,8,12,15,16,22,48,49,81,83,85,87,90" hai2="0,1,2,4,6,19,20,24,56,62,67,92,99" />
</Scene>
<Scene>
<INIT seed="0,1,1,3,1,103" ten="265,235,255,235" oya="0" hai0="14,4,22,116,75,95,85,129,78,122,94,126,83" hai1="114,41,43,107,45,90,53,10,118,61,77,27,97" hai2="26,31,105,42,12,127,130,132,28,123,51,37,20" hai3="60,13,17,102,34,92,11,1,115,109,15,89,44"/><T23/><D116/><U131/><E118/><V111/><F123/><W30/><G115/><T64/><D122/><U16/><E77/><V117/><F117/><W87/><G109/><T25/><D64/><U18/><E114/><V84/><F111/><W0/><G34/><T101/><D129/><U2/><E131/><V73/><F130/><W55/><G30/><T21/><D126/><U69/><E69/><V46/><F73/><W125/><G125/><T80/><D25/><U110/><E110/><V54/><F127/><W133/><G133/><T66/><D66/><U32/><E32/><V68/><F68/><W108/><G108/><T39/><D39/><U119/><E2/><V48/><F132/><W91/><G102/><T52/><D101/><U86/><E10/><V63/><F31/><W5/><G91/><T19/><D4/><U112/><E27/><V104/><F84/><W59/><REACH who="3" step="1"/><G44/><REACH who="3" ten="265,235,255,225" step="2"/><T67/><D67/><U33/><E45/><V82/><F46/><W35/><G35/><T38/><D38/><U50/><E90/><V128/><F128/><W36/><G36/><T74/><D74/><U100/><E112/><V76/><F37/><W120/><G120/><T113/><D75/><U135/><E135/><V124/><F124/><W72/><G72/><T121/><D113/><U47/><E119/><V93/><F76/><W6/><G6/><T70/><D121/><U62/><E33/><V8/><F42/><W7/><G7/><T79/><D79/><U3/><E43/><V98/><F28/><W81/><G81/><T56/><D80/><U96/><E41/><RYUUKYOKU ba="1,2" sc="265,-10,235,-10,255,-10,225,30" hai3="0,1,5,11,13,15,17,55,59,60,87,89,92" />
</Scene>
<Scene>
<INIT seed="1,2,2,1,0,5" ten="255,225,245,255" oya="1" hai0="79,86,72,81,12,132,107,60,43,63,105,98,36" hai1="127,18,75,121,112,23,44,111,29,47,110,87,55" hai2="19,129,123,22,82,13,106,119,21,96,73,58,17" hai3="42,32,77,34,99,30,130,8,24,3,109,124,108"/><U50/><E121/><V100/><F119/><W88/><G77/><T135/><D36/><U133/><E75/><V115/><F123/><W28/><G42/><T125/><D43/><U66/><E112/><V134/><F134/><N who="0" m="51242" /><D125/><U91/><E133/><V51/><F129/><W64/><G64/><T27/><D27/><N who="1" m="16639" /><E66/><V65/><F115/><W46/><G46/><T76/><D12/><U31/><E31/><V48/><F65/><W14/><G3/><T61/><D98/><U4/><E127/><V120/><F120/><W15/><G124/><T78/><D72/><U37/><E37/><V89/><F58/><W90/><G130/><T1/><D1/><U122/><E122/><V53/><F53/><W0/><G0/><T26/><D26/><U59/><E59/><V41/><F41/><W74/><G74/><T116/><D116/><U71/><E55/><V97/><F73/><W54/><G54/><T45/><D45/><U118/><E47/><V9/><F51/><W95/><G30/><T128/><D128/><U126/><E50/><V7/><F48/><W6/><G32/><T56/><D56/><U113/><E44/><V20/><REACH who="2" step="1"/><F97/><REACH who="2" ten="255,225,235,255" step="2"/><W114/><G114/><T68/><D68/><U92/><E71/><V40/><F40/><W102/><G108/><T67/><D67/><U69/><E69/><V85/><AGARI ba="2,3" hai="7,9,13,17,19,20,21,22,82,85,89,96,100,106" machi="85" ten="30,4000,0" yaku="1,1,0,1,52,1,53,0" doraHai="5" doraHaiUra="38" who="2" fromWho="2" sc="255,-12,225,-22,235,76,255,-12" />
</Scene>
<Scene>
<INIT seed="2,0,0,3,1,131" ten="243,203,311,243" oya="2" hai0="116,5,94,59,79,91,0,117,54,16,124,45,133" hai1="113,80,44,126,50,84,102,135,40,129,26,115,130" hai2="2,69,88,86,63,93,18,81,9,38,119,36,75" hai3="22,101,65,4,53,60,89,106,43,32,57,70,97"/><V72/><F119/><W66/><G32/><T111/><D79/><U34/><E102/><V78/><F72/><W112/><G112/><T118/><D45/><U62/><E126/><V12/><REACH who="2" step="1"/><F2/><REACH who="2" ten="243,203,301,243" step="2"/><W29/><G70/><T125/><D124/><U56/><E113/><V103/><F103/><W61/><G101/><T92/><D125/><U68/><E115/><V6/><F6/><W114/><G4/><T128/><D5/><U58/><E130/><V10/><F10/><W100/><G114/><T99/><D0/><U71/><E129/><V64/><AGARI ba="0,1" hai="9,12,18,36,38,63,64,69,75,78,81,86,88,93" machi="64" ten="30,6000,0" yaku="1,1,0,1,54,1,53,0" doraHai="131" doraHaiUra="127" who="2" fromWho="2" sc="243,-20,203,-20,301,70,243,-20" />
</Scene>
<Scene>
<INIT seed="2,1,0,3,0,9" ten="223,183,371,223" oya="2" hai0="3,81,117,91,107,35,105,37,89,119,51,77,75" hai1="70,64,19,103,127,93,99,29,78,113,90,49,36" hai2="122,43,16,132,116,18,50,39,67,115,6,17,80" hai3="2,86,55,66,108,7,131,68,44,124,24,96,33"/><V94/><F116/><N who="0" m="44618" /><D37/><U130/><E113/><V25/><F122/><W30/><G86/><T120/><D35/><U4/><E36/><V40/><F39/><W10/><G124/><T0/><D51/><U1/><E127/><V111/><F115/><W135/><G108/><T101/><D120/><U74/><E29/><V20/><F111/><W46/><G135/><T71/><D71/><U62/><E130/><V88/><F67/><W12/><G131/><T97/><D107/><U41/><E1/><AGARI ba="1,0" hai="0,1,3,75,77,81,89,91,97,101,105" m="44618" machi="1" ten="30,1000,0" yaku="12,1" doraHai="9" who="0" fromWho="1" sc="223,13,183,-13,371,0,223,0" />
</Scene>
<Scene>
<INIT seed="3,0,0,1,0,111" ten="236,170,371,223" oya="3" hai0="104,11,84,5,22,87,107,88,92,43,85,99,51" hai1="45,112,89,50,128,15,124,63,36,1,13,2,46" hai2="31,110,62,53,24,21,90,41,35,101,17,121,105" hai3="32,29,135,93,56,95,7,67,34,38,52,113,28"/><W98/><G38/><T115/><D115/><U69/><E36/><V126/><F110/><W27/><G7/><T12/><REACH who="0" step="1"/><D22/><REACH who="0" ten="226,170,371,223" step="2"/><U109/><E112/><V75/><F21/><N who="3" m="15471" /><G113/><T61/><D61/><U42/><E63/><V71/><F62/><W70/><G34/><T16/><D16/><U97/><E109/><V86/><F17/><W8/><G32/><T116/><D116/><U78/><E128/><V133/><F35/><W3/><G29/><T100/><D100/><U60/><E60/><V81/><F31/><W108/><G108/><T79/><D79/><U58/><E78/><V106/><F101/><W72/><G70/><T68/><D68/><U120/><E69/><V118/><F71/><W64/><G135/><T96/><D96/><U59/><E97/><V6/><F133/><W134/><G134/><T80/><D80/><U30/><E30/><V103/><F81/><W127/><G67/><T123/><D123/><U125/><E120/><V102/><F103/><W18/><G64/><T33/><D33/><U54/><E124/><V40/><F102/><W37/><G127/><T20/><D20/><U114/><E125/><V4/><F126/><W73/><G18/><T14/><D14/><U130/><E114/><V132/><F132/><W74/><G98/><T119/><D119/><U129/><E129/><V25/><F118/><W48/><G95/><T83/><D83/><U76/><E130/><V49/><F106/><W0/><G93/><T39/><D39/><N who="1" m="21727" /><E76/><V77/><F77/><W82/><G37/><T57/><D57/><N who="1" m="21515" /><E89/><V9/><F90/><W65/><G82/><RYUUKYOKU ba="0,1" sc="226,15,170,15,371,-15,223,-15" hai0="5,11,12,43,51,84,85,87,88,92,99,104,107" hai1="1,2,13,15,46,50,54" />
</Scene>
<Scene>
<INIT seed="4,1,1,0,3,60" ten="241,185,356,208" oya="0" hai0="34,35,133,110,90,23,108,80,63,99,94,43,93" hai1="26,79,81,48,83,42,3,15,13,71,114,131,20" hai2="130,127,5,96,78,91,30,29,134,74,47,59,31" hai3="118,95,66,135,19,75,14,18,32,115,9,68,113"/><T70/><D43/><U0/><E71/><V37/><F130/><W86/><G75/><T117/><D117/><U2/><E131/><V109/><F109/><N who="0" m="42090" /><D133/><U49/><E114/><N who="3" m="43530" /><G118/><T22/><D80/><U107/><E107/><V98/><F127/><W116/><G116/><T52/><D94/><U8/><E42/><V89/><F134/><W103/><G135/><T84/><D84/><U61/><E81/><V53/><F5/><N who="3" m="3375" /><G32/><N who="0" m="12331" /><D70/><U120/><E83/><V72/><F78/><W62/><G86/><T12/><D12/><U88/><E15/><V28/><F74/><W54/><G54/><T128/><D128/><U36/><E13/><V122/><F53/><W6/><G6/><T44/><D63/><U65/><E61/><V27/><F72/><W45/><G95/><T40/><D52/><U73/><E73/><V126/><F96/><W10/><G45/><T87/><D87/><U21/><E2/><V4/><F47/><W64/><G62/><T57/><D57/><U51/><E3/><V58/><F59/><W24/><G68/><T97/><D97/><U124/><E0/><V105/><F58/><W132/><G132/><T123/><D123/><U125/><E120/><V67/><F98/><W76/><G76/><T129/><D129/><U46/><E79/><V33/><F33/><W38/><G38/><AGARI ba="1,1" hai="22,23,38,40,44,90,93,99" m="12331,42090" machi="38" ten="30,1500,0" yaku="10,1" doraHai="60" who="0" fromWho="3" sc="241,28,185,0,356,0,208,-18" />
</Scene>
<Scene>
<INIT seed="4,2,0,4,2,126" ten="269,185,356,190" oya="0" hai0="102,122,34,101,132,21,25,2,129,42,89,119,66" hai1="58,73,29,134,75,44,35,22,27,28,24,107,99" hai2="110,72,105,133,82,41,113,23,50,109,65,10,53" hai3="114,130,30,20,33,124,70,37,116,135,123,61,91"/><T56/><D2/><U55/><E134/><V111/><F133/><W74/><RYUUKYOKU type="yao9" ba="2,0" sc="269,0,185,0,356,0,190,0" hai3="20,30,33,37,61,70,74,91,114,116,123,124,130,135" />
</Scene>
<Scene>
<INIT seed="4,3,0,3,0,99" ten="269,185,356,190" oya="0" hai0="42,131,61,72,81,34,37,38,67,95,63,41,20" hai1="90,115,77,76,98,130,52,110,55,39,14,65,97" hai2="105,17,113,23,75,87,18,3,13,22,6,44,114" hai3="16,45,49,111,121,19,133,120,122,28,48,2,135"/><T12/><D34/><U62/><E110/><V27/><F75/><W32/><G111/><T50/><D131/><U116/><E116/><V25/><F105/><W119/><G119/><T88/><D72/><U103/><E39/><V15/><F87/><W56/><G2/><T70/><D81/><U123/><E123/><V128/><F44/><W24/><G56/><T8/><D20/><U91/><E130/><V124/><F128/><W64/><G64/><T1/><D1/><U4/><E115/><N who="2" m="44043" /><F124/><W104/><G104/><T126/><D63/><U69/><E77/><V134/><F134/><N who="3" m="51211" /><G49/><T94/><D94/><U84/><E76/><V58/><F58/><W101/><G101/><T40/><D50/><U132/><E132/><V21/><F21/><W85/><G85/><T117/><D126/><U5/><E84/><V60/><F60/><W9/><G9/><AGARI ba="3,0" hai="3,6,9,13,15,17,18,22,23,25,27" m="44043" machi="9" ten="30,3900,0" yaku="15,1,34,2" doraHai="99" who="2" fromWho="3" sc="269,0,185,0,356,48,190,-48" />
</Scene>
<Scene>
<INIT seed="5,0,0,3,5,42" ten="269,185,404,142" oya="1" hai0="40,67,39,1,125,61,59,134,118,2,45,10,48" hai1="51,110,103,76,123,87,12,38,133,124,11,94,104" hai2="68,70,62,34,89,9,90,102,60,4,25,77,111" hai3="84,117,15,112,80,88,16,23,27,131,99,83,120"/><U31/><E123/><V13/><F111/><W71/><G120/><T97/><D118/><U127/><E38/><V20/><F34/><W35/><G71/><T58/><D134/><U8/><E133/><V78/><F70/><W108/><G108/><T3/><D125/><N who="1" m="48203" /><E110/><V129/><F129/><W121/><G121/><T92/><D58/><U26/><E104/><V66/><F102/><W18/><G131/><T128/><D128/><U122/><E122/><V33/><F33/><W119/><G112/><T22/><D22/><N who="1" m="15831" /><E51/><V106/><F106/><W56/><G99/><T46/><D10/><U50/><E50/><V86/><F62/><W55/><G83/><T107/><D107/><U109/><E109/><V82/><F78/><W6/><G6/><T7/><D7/><U85/><E76/><V14/><F14/><W101/><G101/><T17/><D17/><AGARI ba="0,0" hai="4,9,13,17,20,25,60,66,68,77,82,86,89,90" machi="17" ten="30,1000,0" yaku="7,1" doraHai="42" who="2" fromWho="0" sc="269,-10,185,0,404,10,142,0" />
</Scene>
<Scene>
<INIT seed="6,0,0,5,1,3" ten="259,185,414,142" oya="2" hai0="135,39,66,11,89,125,13,51,65,107,59,54,117" hai1="85,71,7,68,113,87,23,5,43,70,61,99,112" hai2="129,53,131,116,109,127,100,8,9,69,115,50,40" hai3="74,14,124,37,93,133,24,21,114,27,98,92,120"/><V118/><F69/><W119/><G37/><T126/><D107/><U97/><E43/><V62/><F40/><W121/><G119/><T79/><D39/><U102/><E61/><V94/><F62/><W58/><G74/><T108/><D108/><U106/><E23/><V45/><F109/><W91/><G124/><T104/><D104/><U22/><E22/><V83/><F127/><N who="0" m="48650" /><D79/><U96/><E102/><V57/><F83/><W103/><G133/><T38/><D38/><U2/><E106/><V49/><F115/><N who="1" m="44105" /><E2/><V110/><F110/><W15/><G114/><T32/><D32/><U75/><E75/><V17/><F116/><W95/><G27/><T46/><D135/><U55/><E55/><V64/><F64/><N who="0" m="24682" /><D89/><U72/><E72/><V77/><F77/><W1/><G103/><T90/><D90/><U56/><E56/><V73/><F73/><W134/><G134/><T28/><D28/><U101/><E101/><V76/><F100/><W132/><G132/><T6/><D117/><U33/><E33/><V105/><F76/><W44/><G91/><T67/><D67/><U123/><E123/><V63/><F105/><W88/><G120/><T20/><D20/><U34/><E34/><V130/><F118/><W36/><G121/><T52/><D54/><U10/><E10/><V80/><F9/><W84/><G36/><T4/><D59/><U111/><E111/><V30/><F8/><W82/><G58/><T0/><D0/><U86/><AGARI ba="0,0" hai="5,7,68,70,71,85,86,87,96,97,99" m="44105" machi="86" ten="50,12000,2" yaku="29,2,28,2,15,1,52,2" doraHai="3" who="1" fromWho="1" sc="259,-30,185,120,414,-60,142,-30" />
</Scene>
<Scene>
<INIT seed="7,0,0,2,0,44" ten="229,305,354,112" oya="3" hai0="4,110,114,14,78,5,54,107,79,42,34,119,77" hai1="46,66,52,103,97,76,24,131,43,37,125,0,29" hai2="129,28,45,133,116,27,87,58,100,71,82,89,70" hai3="130,10,122,7,128,1,134,111,17,6,85,65,120"/><W12/><G85/><T69/><D69/><U86/><E0/><V48/><F116/><W51/><G65/><T41/><D107/><U60/><E125/><V20/><F133/><W83/><G83/><T49/><D34/><U8/><E131/><N who="3" m="50218" /><G134/><T40/><D110/><U53/><E8/><V112/><F112/><W3/><G111/><T47/><D119/><U80/><E24/><V13/><F129/><W121/><G51/><T91/><D114/><U92/><REACH who="1" step="1"/><E29/><REACH who="1" ten="229,295,354,112" step="2"/><V23/><F28/><W11/><G122/><T72/><D72/><U123/><E123/><V57/><F27/><W18/><G17/><T117/><D117/><U68/><AGARI ba="0,1" hai="37,43,46,52,53,60,66,68,76,80,86,92,97,103" machi="68" ten="20,5200,0" yaku="1,1,0,1,7,1,54,1,53,0" doraHai="44" doraHaiUra="102" who="1" fromWho="1" sc="229,-13,295,62,354,-13,112,-26" owari="216,-18.0,357,45.0,341,14.0,86,-41.0" />
</Scene>
</mjloggm>