<mjloggm ver="2.3"><GO type="169"/><UN n0="%E3%81%94%E3%81%98%E3%82%83%E3%82%8B" n1="%E3%81%B5%E3%81%8B%E3%81%BF" n2="%E3%82%82%E3%81%A3%E3%81%97%E3%83%BC" n3="%E5%A4%AA%E3%81%8F%E3%81%AA%E3%81%84%E3%81%8A" dan="17,17,17,18" rate="2165,2178,2128,2198" sx="M,F,M,M"/><TAIKYOKU oya="0"/>

<Scene>
<INIT seed="0,0,0,0,5,113" ten="250,250,250,250" oya="0" hai0="119,41,78,72,135,58,40,105,33,86,111,95,87" hai1="129,26,104,132,57,29,74,96,80,51,49,19,97" hai2="102,24,71,101,9,60,6,4,27,18,124,63,68" hai3="64,100,13,2,106,1,36,16,92,0,53,89,134"/><T10/><D105/><U31/><E132/><V43/><F9/><W118/><G36/><T28/><D135/><U69/><E69/><V50/><F50/><W110/><G134/><T56/><D72/><U103/><E129/><V17/><REACH who="2" step="1"/><F43/><REACH who="2" ten="250,250,240,250" step="2"/><W85/><G0/><T88/><D10/><U62/><E49/><V126/><AGARI ba="0,1" hai="4,6,17,18,24,27,60,63,68,71,101,102,124,126" machi="126" ten="25,8000,1" yaku="1,1,2,1,0,1,22,2,53,0" doraHai="113" doraHaiUra="82" who="2" fromWho="2" sc="250,-40,250,-20,240,90,250,-20" />
</Scene>
<Scene>
<INIT seed="1,0,0,3,2,65" ten="210,230,330,230" oya="1" hai0="110,64,8,104,93,71,57,115,68,48,107,132,81" hai1="96,34,15,92,99,86,21,67,50,130,61,2,31" hai2="118,88,94,77,1,72,20,78,90,91,97,70,0" hai3="51,7,108,76,63,14,9,95,42,12,58,100,60"/><U23/><E2/><V6/><F70/><W40/><G108/><T27/><D115/><U123/><E123/><V82/><F20/><W133/><G133/><T103/><D110/><U47/><E130/><V66/><F66/><W56/><G76/><T10/><D132/><U43/><E34/><V38/><F38/><W128/><G128/><T73/><D93/><U131/><E131/><V30/><F30/><W79/><G79/><T102/><D27/><N who="1" m="16879" /><E61/><N who="3" m="23626" /><G14/><T75/><D64/><U25/><E15/><V69/><F69/><W3/><G3/><T117/><D48/><U84/><E67/><V98/><F6/><W16/><G7/><T13/><D13/><U53/><E43/><N who="3" m="16426" /><G51/><T18/><D57/><U135/><E135/><V109/><F109/><W116/><G116/><T45/><D117/><U29/><E99/><AGARI ba="0,0" hai="9,12,16,56,58,95,99,100" m="16426,23626" machi="99" ten="30,2000,0" yaku="8,1,54,1" doraHai="65" who="3" fromWho="1" sc="210,0,230,-20,330,0,230,20" />
</Scene>
<Scene>
<INIT seed="2,0,0,4,3,115" ten="210,210,330,250" oya="2" hai0="61,88,105,95,90,18,52,33,14,79,22,132,97" hai1="31,117,103,99,4,66,112,101,78,73,16,130,40" hai2="43,74,134,28,3,124,51,131,8,11,24,25,102" hai3="1,29,92,122,98,54,36,83,49,0,126,75,12"/><V127/><F74/><W64/><G122/><T87/><D33/><U71/><E112/><V135/><F102/><W123/><G36/><T21/><D132/><N who="2" m="50730" /><F43/><W68/><G29/><T65/><D105/><U69/><E4/><N who="2" m="1055" /><F11/><W13/><G75/><T62/><D79/><U26/><E78/><V89/><F89/><W15/><G123/><T81/><D65/><U63/><E73/><V59/><F51/><W9/><G9/><T27/><REACH who="0" step="1"/><D52/><REACH who="0" ten="200,210,330,250" step="2"/><U39/><E66/><V70/><F70/><W20/><G64/><T47/><D47/><U34/><E71/><V2/><F59/><W128/><G68/><T55/><D55/><U37/><E69/><V108/><F108/><W109/><G109/><T93/><D93/><U110/><E110/><V119/><F131/><W23/><G128/><T5/><D5/><U85/><E130/><V91/><F2/><W30/><G0/><T58/><D58/><U121/><E63/><V82/><F127/><W129/><G1/><T38/><D38/><U41/><E39/><V72/><F124/><W106/><G126/><T120/><D120/><U42/><E121/><V7/><F7/><W46/><G129/><T111/><D111/><U104/><E37/><V44/><F44/><W56/><G106/><T6/><D6/><U53/><E53/><V94/><F94/><W19/><G46/><T45/><D45/><U116/><E104/><V114/><F114/><W67/><G67/><T57/><D57/><U80/><E34/><V35/><F35/><W32/><G32/><T48/><D48/><U118/><E41/><V50/><F50/><RYUUKYOKU ba="0,1" sc="200,30,210,-10,330,-10,250,-10" hai0="14,18,21,22,27,61,62,81,87,88,90,95,97" />
</Scene>
<Scene>
<INIT seed="3,1,1,3,0,2" ten="230,200,320,240" oya="3" hai0="130,96,73,117,83,25,60,47,64,89,11,123,69" hai1="120,95,37,41,135,102,85,71,14,100,98,8,59" hai2="48,0,17,116,22,38,56,49,134,12,105,42,114" hai3="115,3,20,88,45,72,129,46,43,21,9,63,75"/><W55/><G115/><T26/><D117/><U94/><E71/><V91/><F116/><W10/><G129/><T70/><D123/><U99/><E120/><V39/><F114/><W32/><G32/><T81/><D130/><U132/><E37/><V68/><F68/><W109/><G109/><T79/><D70/><U84/><E41/><V77/><F105/><W30/><G30/><T33/><D33/><U52/><E135/><V124/><F134/><W119/><G63/><T103/><D47/><U44/><E44/><V35/><F35/><W125/><G55/><T27/><D83/><U127/><E127/><V53/><F124/><W110/><G110/><T92/><D11/><U86/><E132/><V54/><F77/><W58/><G58/><T1/><D1/><U111/><E111/><V121/><F121/><W76/><G76/><T31/><D31/><U87/><E87/><V15/><F0/><W28/><G28/><T57/><REACH who="0" step="1"/><D69/><REACH who="0" ten="220,200,320,240" step="2"/><U78/><E78/><V90/><F56/><W74/><G3/><T108/><D108/><U80/><E80/><V112/><F112/><W106/><G119/><T61/><D61/><U51/><REACH who="1" step="1"/><E85/><REACH who="1" ten="220,190,320,240" step="2"/><V6/><F42/><W67/><G43/><T50/><D50/><U4/><AGARI ba="1,3" hai="4,8,14,51,52,59,84,86,94,95,98,99,100,102" machi="4" ten="20,16000,3" yaku="1,1,2,1,0,1,7,1,9,1,8,1,52,1,54,1,53,0" doraHai="2" doraHaiUra="62" who="1" fromWho="1" sc="220,-41,190,193,320,-41,240,-81" />
</Scene>
<Scene>
<INIT seed="4,0,0,1,3,116" ten="179,383,279,159" oya="0" hai0="125,15,42,3,85,134,60,52,32,49,47,13,54" hai1="124,94,71,90,91,68,26,72,120,45,4,133,107" hai2="55,131,106,126,73,56,39,62,43,16,102,59,34" hai3="41,25,127,88,75,14,104,20,30,96,63,27,103"/><T89/><D3/><U97/><E107/><V86/><F73/><W130/><G75/><T115/><D32/><U105/><E105/><V48/><F34/><W84/><G127/><T129/><D125/><U46/><E72/><V57/><F126/><W50/><G130/><T110/><D129/><U113/><E113/><V61/><F131/><W100/><G100/><T92/><D134/><U21/><E4/><V128/><F128/><W6/><G63/><T111/><D115/><U17/><E124/><V29/><F29/><W1/><G1/><T101/><D101/><U80/><E133/><V79/><F102/><W12/><G6/><T123/><D123/><U74/><E120/><V114/><F106/><W19/><G41/><T53/><REACH who="0" step="1"/><D60/><REACH who="0" ten="169,383,279,159" step="2"/><U37/><E71/><V95/><F62/><W65/><G65/><T81/><D81/><U132/><E68/><V99/><F61/><W70/><G70/><T18/><D18/><U2/><E2/><V118/><F16/><W112/><G112/><T0/><D0/><U78/><E132/><V135/><F135/><W122/><G122/><T121/><D121/><U9/><E17/><V36/><F114/><W93/><G50/><T22/><D22/><AGARI ba="0,1" hai="12,14,19,20,22,25,27,30,84,88,93,96,103,104" machi="22" ten="30,2000,0" yaku="7,1,54,1" doraHai="116" who="3" fromWho="0" sc="169,-20,383,0,279,0,159,30" />
</Scene>
<Scene>
<INIT seed="5,0,0,2,3,25" ten="149,383,279,189" oya="1" hai0="121,107,110,106,22,28,29,96,49,56,123,46,40" hai1="77,125,118,105,47,60,72,37,8,86,57,73,114" hai2="23,44,81,120,7,94,132,66,119,0,126,109,11" hai3="45,133,78,17,33,85,82,67,79,12,27,63,76"/><U135/><E105/><V65/><F109/><W115/><G115/><T68/><D68/><U16/><E118/><V50/><F119/><W43/><G133/><T39/><D110/><U116/><E116/><V93/><F120/><N who="0" m="46154" /><D22/><U104/><E104/><N who="0" m="39977" /><D96/><U30/><E135/><V69/><F132/><W15/><G15/><T129/><D129/><U4/><E72/><V2/><F2/><W124/><G124/><T19/><D19/><U90/><E73/><V103/><F126/><W71/><G27/><T48/><D56/><U131/><E125/><V95/><F103/><W5/><G5/><T113/><D113/><U31/><E114/><V6/><F6/><W26/><G26/><T99/><D99/><U112/><E131/><V92/><F69/><W100/><G100/><T9/><D9/><U87/><E16/><V102/><F102/><W14/><G33/><T54/><D54/><U108/><E112/><V38/><F66/><W58/><G71/><T127/><D127/><U64/><E108/><V83/><F11/><W75/><G75/><T134/><D134/><U53/><E64/><V20/><F65/><W80/><G85/><T84/><D84/><U34/><E34/><V18/><F7/><W13/><REACH who="3" step="1"/><G17/><REACH who="3" ten="149,383,279,179" step="2"/><T130/><D130/><U36/><E4/><V91/><F18/><W111/><G111/><T74/><D74/><U51/><E87/><V52/><N who="2" m="23552" /><DORA hai="41" /><V21/><F0/><W89/><G89/><T117/><D117/><U24/><E90/><V42/><F91/><W59/><G59/><T88/><D88/><U3/><E86/><V101/><F101/><RYUUKYOKU ba="0,1" sc="149,10,383,-30,279,10,179,10" hai0="28,29,39,40,46,48,49" hai2="20,21,23,38,42,44,50,52,81,83" hai3="12,13,14,43,45,58,63,67,76,78,79,80,82" />
</Scene>
<Scene>
<INIT seed="6,1,1,1,4,55" ten="159,353,289,189" oya="2" hai0="40,14,72,2,116,135,15,22,45,52,32,130,106" hai1="127,66,29,59,23,110,0,75,64,132,54,48,35" hai2="31,44,76,26,4,87,58,119,107,79,20,53,123" hai3="111,57,95,19,61,24,93,99,91,38,118,115,134"/><V82/><F119/><W128/><G118/><T77/><D116/><U117/><E110/><V13/><F123/><W101/><G111/><T27/><D2/><U131/><E117/><V86/><F107/><W109/><G109/><T41/><D32/><U70/><E0/><V69/><F69/><W92/><G38/><T11/><D106/><U9/><E75/><V120/><F120/><W108/><G108/><T37/><D135/><U17/><E35/><V25/><F44/><W125/><G134/><T63/><D130/><U122/><E131/><V1/><F1/><W96/><G128/><T124/><D124/><U50/><E70/><V83/><F26/><W68/><G68/><T51/><D40/><U105/><E105/><V6/><REACH who="2" step="1"/><F13/><REACH who="2" ten="159,353,279,189" step="2"/><W74/><G125/><T46/><D15/><N who="1" m="7407" /><E127/><V18/><F18/><W10/><G24/><T5/><D27/><N who="1" m="16639" /><E122/><V39/><F39/><W129/><G129/><T33/><D33/><U30/><E132/><V94/><F94/><W114/><G93/><T67/><D22/><U8/><E30/><V104/><F104/><W85/><G19/><T65/><REACH who="0" step="1"/><D63/><AGARI ba="1,2" hai="4,6,20,25,31,53,58,63,76,79,82,83,86,87" machi="63" ten="30,18000,2" yaku="1,1,7,1,9,1,8,1,52,1,53,2" doraHai="55" doraHaiUra="73" who="2" fromWho="0" sc="159,-183,353,0,279,203,189,0" owari="-24,-52.0,353,15.0,482,58.0,189,-21.0" />
</Scene>
</mjloggm>