<mjloggm ver="2.3"><GO type="169"/><UN n0="%E5%88%BB%E5%AD%90%E5%B8%82%E6%B0%91" n1="%E5%A4%AA%E3%81%8F%E3%81%AA%E3%81%84%E3%81%8A" n2="%E2%99%AA%E3%83%A2%E3%83%8E%E3%82%AF%E3%83%AD" n3="%63%68%61%72%68%69%6D%65" dan="16,17,17,16" rate="2102,2160,2174,2086" sx="M,M,F,F"/><TAIKYOKU oya="0"/>

<Scene>
<INIT seed="0,0,0,1,2,103" ten="250,250,250,250" oya="0" hai0="104,132,111,45,10,100,88,76,124,25,112,5,89" hai1="83,71,129,46,85,55,51,2,11,106,99,47,110" hai2="92,32,123,115,12,62,116,91,36,87,13,0,74" hai3="34,29,127,134,3,39,64,58,26,20,84,81,70"/><T113/><D76/><U21/><E71/><V119/><F123/><W133/><G3/><T90/><D124/><U61/><E110/><V41/><F115/><W63/><G39/><T125/><D125/><U8/><E129/><V4/><F32/><W57/><G127/><T131/><D131/><U30/><E61/><V52/><F74/><W38/><G38/><T53/><D111/><U6/><E11/><V93/><F0/><W117/><G117/><N who="2" m="45129" /><F4/><W120/><G120/><T96/><D25/><U50/><E30/><V44/><F93/><W40/><G40/><T28/><D28/><U80/><E21/><V9/><F9/><W7/><G7/><T49/><REACH who="0" step="1"/><D132/><REACH who="0" ten="240,250,250,250" step="2"/><N who="3" m="50793" /><G34/><T24/><D24/><U79/><E79/><AGARI ba="0,1" hai="20,26,29,57,58,63,64,70,79,81,84" m="50793" machi="79" ten="30,1000,0" yaku="20,1" doraHai="103" who="3" fromWho="1" sc="240,0,250,-10,250,0,250,20" />
</Scene>
<Scene>
<INIT seed="1,0,0,3,4,64" ten="240,240,250,270" oya="1" hai0="5,56,110,60,83,40,72,69,120,1,88,28,18" hai1="33,0,7,107,19,22,71,14,125,112,132,49,111" hai2="38,102,36,134,131,51,117,98,109,13,37,70,103" hai3="75,99,4,24,129,43,108,54,74,114,133,130,104"/><U97/><E112/><V59/><F117/><W58/><G114/><T62/><D110/><U6/><E33/><V127/><F109/><W80/><G43/><T46/><D120/><U84/><E111/><V41/><F127/><W32/><G108/><T67/><D28/><U73/><E73/><V35/><F35/><W66/><G66/><T105/><D105/><U81/><E125/><V48/><F131/><N who="3" m="50187" /><G4/><T29/><D29/><U101/><E132/><V34/><F34/><W55/><G80/><T113/><D113/><U65/><E49/><V21/><F134/><W20/><G32/><T52/><D18/><U77/><REACH who="1" step="1"/><E0/><REACH who="1" ten="240,230,250,270" step="2"/><V45/><F51/><N who="3" m="31071" /><G133/><T23/><D72/><U124/><E124/><V42/><F37/><W92/><G75/><T96/><D1/><U8/><E8/><V126/><F126/><W119/><G74/><T9/><D9/><U39/><E39/><V30/><F38/><W17/><G119/><T68/><D23/><U87/><E87/><V47/><F21/><W95/><G55/><T100/><D52/><U63/><AGARI ba="0,1" hai="6,7,14,19,22,63,65,71,77,81,84,97,101,107" machi="63" ten="30,6000,0" yaku="1,1,0,1,52,1,53,0" doraHai="64" doraHaiUra="115" who="1" fromWho="1" sc="240,-20,230,70,250,-20,270,-20" />
</Scene>
<Scene>
<INIT seed="1,1,0,5,3,5" ten="220,300,230,250" oya="1" hai0="111,66,59,79,0,25,72,12,81,31,42,9,48" hai1="43,118,117,90,3,32,132,13,18,95,123,103,61" hai2="108,26,62,93,89,85,63,67,130,49,45,74,30" hai3="40,128,94,34,78,92,28,76,106,114,29,107,39"/><U104/><E123/><V55/><F108/><W4/><G114/><T91/><D0/><U125/><E32/><V119/><F119/><W112/><G112/><T127/><D127/><U100/><E3/><V68/><F130/><W121/><G121/><T109/><D91/><U65/><E125/><V77/><F62/><W71/><G71/><T84/><D72/><U44/><E132/><V10/><F74/><W135/><G4/><N who="0" m="3111" /><D59/><U101/><E104/><V134/><F134/><W17/><G135/><T36/><D36/><U41/><E118/><V46/><F77/><W129/><G39/><T96/><D96/><N who="1" m="57463" /><E117/><V116/><F116/><W7/><G7/><T122/><D66/><U21/><E44/><V131/><F131/><W19/><G40/><N who="1" m="15434" /><E61/><V33/><REACH who="2" step="1"/><F10/><REACH who="2" ten="220,300,220,250" step="2"/><W8/><G8/><T110/><D122/><U64/><AGARI ba="1,1" hai="13,18,21,64,65,100,101,103" m="15434,57463" machi="64" ten="30,1500,0" yaku="8,1" doraHai="5" who="1" fromWho="1" sc="220,-6,300,28,220,-6,250,-6" />
</Scene>
<Scene>
<INIT seed="1,2,0,1,5,104" ten="214,328,214,244" oya="1" hai0="13,2,103,61,126,53,25,33,132,97,21,35,23" hai1="17,119,70,65,115,22,68,111,62,96,74,83,114" hai2="28,56,6,82,133,31,88,108,14,58,80,46,98" hai3="99,10,38,122,131,118,29,44,125,72,12,45,39"/><U32/><E119/><V105/><F108/><W37/><G122/><T130/><D53/><U93/><E32/><V26/><F133/><W42/><G118/><T51/><D51/><U95/><E70/><V87/><F46/><W16/><G29/><T134/><D61/><U123/><E123/><V54/><F80/><W112/><G112/><T43/><D43/><U24/><E111/><V69/><F69/><W75/><G99/><T57/><D57/><U3/><E3/><V67/><F67/><W100/><G100/><T129/><D97/><U52/><E52/><V120/><F120/><W19/><G125/><T47/><D103/><U78/><REACH who="1" step="1"/><E93/><REACH who="1" ten="214,318,214,244" step="2"/><N who="2" m="56615" /><F105/><W1/><G1/><T117/><D2/><U64/><E64/><V84/><F56/><W30/><G42/><T0/><D0/><U7/><E7/><V128/><F6/><W89/><G45/><T86/><D117/><U113/><E113/><V41/><F41/><W85/><G44/><T5/><D47/><U121/><E121/><V48/><F58/><W92/><G39/><T90/><D5/><U109/><E109/><V50/><F54/><W18/><G38/><T71/><D71/><U124/><E124/><V127/><F127/><W9/><G37/><T73/><D126/><U76/><E76/><V135/><F50/><W40/><G40/><T20/><D35/><U11/><E11/><V77/><F48/><W91/><G9/><T102/><D33/><U110/><E110/><V27/><F77/><W101/><G10/><T8/><D8/><U107/><E107/><V106/><F106/><W66/><G66/><RYUUKYOKU ba="2,1" sc="214,-10,318,30,214,-10,244,-10" hai1="17,22,24,62,65,68,74,78,83,95,96,114,115" />
</Scene>
<Scene>
<INIT seed="1,3,1,0,0,82" ten="204,348,204,234" oya="1" hai0="15,84,97,64,35,74,27,101,6,105,96,41,112" hai1="11,91,45,21,106,121,39,93,29,135,50,55,104" hai2="107,129,132,25,92,31,103,81,75,7,83,8,110" hai3="3,90,63,48,60,1,85,26,23,32,59,24,18"/><U57/><E121/><V69/><F69/><W72/><G72/><T100/><D74/><U53/><E135/><V87/><F110/><W131/><G131/><T49/><D112/><U99/><E11/><V33/><F129/><W115/><G115/><T77/><D64/><U102/><E102/><N who="0" m="39529" /><D27/><U116/><E116/><V120/><F120/><W62/><G32/><T114/><D35/><U17/><E29/><V70/><F70/><W76/><G76/><T119/><D105/><U89/><E89/><V38/><F38/><W44/><G26/><T51/><D114/><U34/><E34/><V95/><F132/><W79/><G79/><T67/><D67/><U9/><E9/><V46/><F75/><W2/><G59/><T28/><D28/><U54/><E39/><V118/><F118/><W47/><REACH who="3" step="1"/><G48/><REACH who="3" ten="204,348,204,224" step="2"/><T36/><D51/><U14/><REACH who="1" step="1"/><E57/><REACH who="1" ten="204,338,204,224" step="2"/><V94/><F33/><W86/><G86/><T30/><D84/><U80/><E80/><AGARI ba="3,3" hai="1,2,3,18,23,24,44,47,60,62,63,80,85,90" machi="80" ten="50,6400,0" yaku="1,1,52,1,53,1" doraHai="82" doraHaiUra="78" who="3" fromWho="1" sc="204,0,338,-73,204,0,224,103" />
</Scene>
<Scene>
<INIT seed="2,0,0,5,4,74" ten="204,265,204,327" oya="2" hai0="15,9,48,55,30,36,94,65,18,129,59,49,99" hai1="12,82,73,79,96,60,102,54,67,7,13,20,11" hai2="19,21,46,37,122,39,114,66,127,45,41,50,116" hai3="1,34,128,71,97,61,17,92,84,133,93,38,100"/><V101/><F114/><W35/><G38/><T14/><D36/><U16/><E54/><V23/><F116/><W111/><G1/><T130/><D30/><U33/><E33/><V56/><F122/><W6/><G6/><T108/><D108/><U77/><E73/><V47/><F127/><W135/><G111/><T88/><D65/><U69/><E82/><V78/><F101/><W29/><G17/><T32/><D32/><U25/><E25/><V62/><F37/><W119/><G119/><T58/><D15/><U103/><E103/><V109/><F109/><W70/><G35/><T98/><D99/><U0/><E0/><V27/><F78/><W40/><G40/><T124/><D124/><U75/><E75/><V112/><F112/><W118/><G118/><T28/><D28/><U105/><AGARI ba="0,0" hai="7,11,12,13,16,20,60,67,69,77,79,96,102,105" machi="105" ten="20,8000,1" yaku="0,1,7,1,52,2,54,1" doraHai="74" who="1" fromWho="1" sc="204,-20,265,80,204,-40,327,-20" />
</Scene>
<Scene>
<INIT seed="3,0,0,0,3,39" ten="184,345,164,307" oya="3" hai0="57,124,117,4,99,32,24,71,97,62,2,82,123" hai1="28,56,3,86,66,9,13,119,91,63,84,12,102" hai2="106,109,92,103,1,5,59,114,41,53,0,65,6" hai3="8,31,112,77,126,131,19,85,50,25,83,122,26"/><W17/><G122/><T16/><D123/><U14/><E119/><V45/><F114/><W134/><G112/><T108/><D71/><U94/><E28/><V120/><F120/><W98/><G134/><T34/><D117/><U90/><E102/><V116/><F116/><W121/><G121/><T44/><D4/><U78/><E78/><V130/><F106/><W52/><G126/><T132/><D2/><U118/><E118/><V133/><F109/><W22/><G131/><T54/><D34/><U125/><E125/><V7/><F65/><W60/><G60/><T67/><D32/><U10/><REACH who="1" step="1"/><E3/><REACH who="1" ten="184,335,164,307" step="2"/><V61/><F130/><W105/><G31/><T30/><D30/><U58/><E58/><V23/><F133/><W113/><G113/><T35/><D57/><U101/><E101/><V104/><F104/><W55/><G105/><T11/><D132/><U46/><E46/><V15/><F103/><W29/><G29/><T72/><D44/><U27/><E27/><V111/><F111/><W43/><G26/><T68/><D24/><U36/><E36/><V75/><F1/><W49/><G25/><T47/><D108/><U40/><E40/><V74/><F0/><W129/><G43/><T135/><D135/><U115/><E115/><V69/><F69/><W73/><G77/><N who="0" m="44327" /><D124/><U127/><E127/><V80/><F59/><W96/><G129/><T128/><D128/><U79/><E79/><V48/><F41/><W51/><G73/><T18/><D35/><U38/><E38/><V33/><F33/><W64/><G8/><T100/><D11/><U81/><AGARI ba="0,1" hai="9,10,12,13,14,56,63,66,81,84,86,90,91,94" machi="81" ten="30,7900,0" yaku="1,1,5,1,0,1,8,1,53,0" doraHai="39" doraHaiUra="70" who="1" fromWho="1" sc="184,-20,335,89,164,-20,307,-39" />
</Scene>
<Scene>
<INIT seed="4,0,0,3,0,51" ten="164,424,144,268" oya="0" hai0="130,90,109,36,104,2,65,91,55,100,92,95,47" hai1="45,72,112,88,53,60,9,133,48,68,76,131,105" hai2="3,10,44,102,17,14,40,30,119,43,69,1,84" hai3="103,6,113,70,25,118,80,87,22,15,86,64,134"/><T117/><D117/><U0/><E105/><V41/><F69/><W81/><G118/><T75/><D2/><U122/><E122/><V50/><F119/><W89/><G103/><T135/><D65/><U121/><E121/><V7/><F102/><W31/><G113/><T107/><D75/><U24/><E131/><V114/><F114/><W56/><G70/><T79/><D79/><U11/><E112/><V16/><F30/><W128/><G134/><T120/><D120/><U96/><E133/><V4/><F84/><W123/><G123/><T77/><D77/><U57/><E68/><V37/><F37/><W108/><G128/><T127/><D135/><U73/><E24/><V18/><REACH who="2" step="1"/><F7/><REACH who="2" ten="164,424,134,268" step="2"/><W27/><G6/><T29/><D29/><U62/><E73/><V116/><F116/><W38/><G38/><T13/><D100/><U34/><E72/><V110/><F110/><W66/><G108/><T83/><D36/><U32/><E96/><V71/><F71/><W20/><G31/><T21/><D109/><U97/><E97/><V61/><F61/><W28/><G28/><T78/><D130/><U115/><E60/><V26/><F26/><W106/><G27/><T99/><D99/><U8/><E62/><V126/><F126/><W125/><G25/><T74/><D127/><U129/><E115/><V111/><F111/><W98/><G98/><T82/><D74/><U54/><E129/><V52/><AGARI ba="0,1" hai="1,3,4,10,14,16,17,18,40,41,43,44,50,52" machi="52" ten="30,8000,1" yaku="1,1,0,1,52,1,54,2,53,0" doraHai="51" doraHaiUra="132" who="2" fromWho="2" sc="164,-40,424,-20,134,90,268,-20" />
</Scene>
<Scene>
<INIT seed="5,0,0,1,2,100" ten="124,404,224,248" oya="1" hai0="51,47,105,11,27,18,13,53,7,126,130,24,12" hai1="125,88,78,76,135,116,6,119,89,101,57,86,39" hai2="20,102,122,48,4,28,25,58,2,56,113,132,65" hai3="95,80,21,44,43,45,55,104,92,41,9,30,133"/><U120/><E39/><V34/><F122/><W62/><G133/><T36/><D130/><U46/><E6/><V5/><F132/><W114/><G9/><T115/><D126/><U66/><E46/><N who="3" m="18026" /><G80/><T67/><D115/><U124/><E57/><V1/><F113/><W94/><G104/><T98/><D36/><U128/><E66/><V16/><F102/><W97/><G97/><T69/><D69/><U74/><E135/><V109/><F109/><W70/><G70/><T68/><D67/><U60/><E60/><V10/><F65/><W59/><G114/><T81/><D68/><U111/><E120/><V23/><F48/><W82/><G82/><T73/><D73/><U19/><E111/><V91/><F91/><W106/><G106/><T15/><D81/><N who="1" m="45207" /><E101/><V37/><F37/><W121/><G121/><T29/><D7/><U49/><E49/><V71/><F71/><W32/><G32/><T99/><D105/><U38/><E38/><V90/><F90/><N who="1" m="34921" /><E128/><V3/><F23/><W129/><G129/><T96/><REACH who="0" step="1"/><D24/><AGARI ba="0,0" hai="21,24,30,41,43,55,59,62,92,94,95" m="18026" machi="24" ten="30,1000,0" yaku="8,1" doraHai="100" who="3" fromWho="0" sc="124,-10,404,0,224,0,248,10" />
</Scene>
<Scene>
<INIT seed="6,0,0,2,5,35" ten="114,404,224,258" oya="2" hai0="71,99,87,84,49,89,50,127,43,103,125,57,19" hai1="28,93,6,62,92,36,53,21,95,9,7,122,16" hai2="73,37,83,133,27,69,38,10,91,13,56,46,25" hai3="104,20,82,42,81,132,11,59,58,47,111,129,98"/><V97/><F69/><W63/><G111/><T76/><D71/><U90/><E36/><V72/><F133/><W80/><G129/><T44/><D76/><U67/><E122/><V51/><F56/><W15/><G132/><T131/><D131/><U33/><E33/><V123/><F123/><W4/><G104/><T1/><D19/><U32/><E32/><V85/><F38/><W100/><G20/><T79/><D79/><U75/><E75/><V61/><F61/><W107/><REACH who="3" step="1"/><G63/><REACH who="3" ten="114,404,224,248" step="2"/><T121/><D121/><U109/><E109/><V117/><F117/><W130/><G130/><T78/><D125/><U101/><E21/><V65/><F37/><AGARI ba="0,1" hai="4,11,15,37,42,47,58,59,80,81,82,98,100,107" machi="37" ten="40,2600,0" yaku="1,1,53,1" doraHai="35" doraHaiUra="0" who="3" fromWho="2" sc="114,0,404,0,224,-26,248,36" />
</Scene>
<Scene>
<INIT seed="7,0,0,0,1,129" ten="114,404,198,284" oya="3" hai0="53,7,23,89,21,110,19,71,115,47,128,46,111" hai1="69,6,81,124,108,35,27,85,72,45,114,14,15" hai2="113,119,49,102,57,44,135,103,125,63,26,34,64" hai3="24,97,127,106,86,120,60,122,30,56,16,20,59"/><W4/><G4/><T52/><D71/><U8/><E108/><V121/><F119/><W22/><G127/><T74/><D7/><U92/><E69/><V33/><F113/><W118/><G118/><T41/><D74/><U75/><E114/><V116/><F116/><W68/><G59/><T55/><D115/><U123/><E123/><V130/><F130/><W101/><G86/><T42/><D128/><U18/><E124/><V39/><F125/><W31/><G68/><T93/><D93/><U80/><E92/><V11/><F39/><W82/><G82/><T48/><D89/><U133/><E45/><V117/><F117/><W109/><G109/><T94/><D94/><U88/><E80/><V2/><F121/><W104/><G31/><T62/><D62/><U51/><E51/><V131/><F131/><W105/><G122/><T36/><REACH who="0" step="1"/><D23/><REACH who="0" ten="104,404,198,284" step="2"/><U66/><E72/><V58/><F63/><W28/><G120/><T40/><D40/><U100/><E75/><V12/><F33/><W9/><G106/><T79/><D79/><U54/><E35/><V13/><F34/><W98/><G105/><T10/><D10/><U25/><E8/><V83/><F11/><W76/><G76/><T37/><D37/><U77/><E77/><V90/><F90/><W99/><G9/><T61/><D61/><U87/><E88/><V0/><F103/><W29/><REACH who="3" step="1"/><G22/><REACH who="3" ten="104,404,198,274" step="2"/><T70/><D70/><U17/><E6/><V50/><F83/><W67/><AGARI ba="0,2" hai="16,20,24,28,29,30,56,60,67,97,98,99,101,104" machi="67" ten="30,11700,0" yaku="1,1,2,1,0,1,54,1,53,0" doraHai="129" doraHaiUra="91" who="3" fromWho="3" sc="104,-39,404,-39,198,-39,274,137" owari="65,-43.0,365,17.0,159,-24.0,411,50.0" />
</Scene>
</mjloggm>