<mjloggm ver="2.3"><GO type="41"/><UN n0="%E3%83%8C%E3%82%BF%E3%82%A6%E3%83%8A%E3%82%AE" n1="%6A%61%73%6D%69%6E%67" n2="%E5%A4%AA%E3%81%8F%E3%81%AA%E3%81%84%E3%81%8A" n3="%E3%82%B7%E3%82%B9%E3%83%86%E3%83%A0%E3%82%B7%E3%83%86%E3%83%9E%E3%82%B9" dan="13,15,15,13" rate="1875,2001,2065,1875" sx="M,M,M,M"/><TAIKYOKU oya="0"/>

<Scene>
<INIT seed="0,0,0,0,0,10" ten="250,250,250,250" oya="0" hai0="2,25,93,71,110,120,4,47,84,81,117,41,105" hai1="49,122,8,59,52,64,14,11,6,67,43,0,119" hai2="1,97,91,75,129,58,89,85,99,38,113,5,70" hai3="112,15,23,61,128,116,108,92,126,83,12,98,80"/><T118/><D120/><U42/><E122/><V26/><F70/><W7/><G116/><T94/><D105/><U78/><E119/><V131/><F75/><W40/><G112/><T27/><D71/><U127/><E127/><V133/><F38/><W104/><G104/><T111/><D118/><U56/><E78/><V57/><F113/><W9/><G126/><T103/><D117/><U134/><E134/><V130/><F133/><W50/><G61/><T101/><D2/><U60/><REACH who="1" step="1"/><E67/><REACH who="1" ten="250,240,250,250" step="2"/><V34/><F129/><W100/><G128/><T33/><D33/><U20/><E20/><V87/><F34/><W72/><G108/><N who="0" m="41515" /><D4/><AGARI ba="0,1" hai="0,4,6,8,11,14,42,43,49,52,56,59,60,64" machi="4" ten="30,7700,0" yaku="1,1,7,1,52,1,54,1,53,0" doraHai="10" doraHaiUra="77" who="1" fromWho="0" sc="250,-77,240,87,250,0,250,0" />
</Scene>
<Scene>
<INIT seed="1,0,0,2,3,69" ten="173,327,250,250" oya="1" hai0="10,112,9,72,94,3,63,131,26,75,77,79,55" hai1="67,104,64,15,11,36,13,134,27,113,105,85,116" hai2="125,45,2,19,14,68,98,119,126,50,58,73,1" hai3="70,41,129,78,117,43,38,115,12,111,46,87,22"/><U24/><E113/><V123/><F68/><W53/><G115/><T42/><D112/><U17/><E116/><V81/><F123/><W99/><G117/><T132/><D131/><U74/><E74/><V65/><F81/><W102/><G70/><T130/><D130/><U16/><E85/><V4/><F98/><W106/><G129/><T59/><D132/><U56/><E56/><V103/><F103/><W83/><G111/><T32/><D94/><U91/><E91/><V57/><F73/><W80/><G80/><T109/><D109/><U121/><E11/><N who="2" m="2455" /><F1/><W110/><G110/><T33/><D3/><U127/><E127/><N who="2" m="48651" /><F65/><W101/><G101/><T49/><D26/><U18/><E121/><V66/><F66/><W86/><G86/><T89/><D42/><U34/><E64/><V52/><F119/><W37/><G43/><T76/><D89/><U84/><E67/><V40/><F40/><W135/><G135/><T30/><D63/><U44/><E84/><V60/><F60/><W93/><G106/><T114/><D114/><U7/><E134/><V92/><F92/><W48/><G53/><T107/><D107/><U62/><E62/><V6/><F6/><W51/><G51/><T20/><D75/><U61/><E7/><V8/><AGARI ba="0,0" hai="8,14,19,45,50,52,57,58" m="48651,2455" machi="8" ten="30,2000,0" yaku="18,1,54,1" doraHai="69" who="2" fromWho="2" sc="173,-5,327,-10,250,20,250,-5" />
</Scene>
<Scene>
<INIT seed="2,0,0,2,0,110" ten="168,317,270,245" oya="2" hai0="14,109,99,34,107,51,84,112,122,62,113,50,36" hai1="127,117,59,72,20,66,76,17,5,55,126,86,53" hai2="21,65,74,8,75,22,93,68,28,98,48,57,91" hai3="129,30,40,44,11,111,118,7,0,135,121,61,119"/><V13/><F68/><W85/><G121/><T116/><D122/><U81/><E117/><V77/><F77/><W88/><G111/><T71/><D116/><U133/><E5/><V3/><F3/><W16/><G129/><T114/><D109/><U89/><E133/><V90/><F74/><W23/><G30/><T4/><D36/><U58/><E66/><V134/><F75/><W96/><G96/><T35/><D84/><U6/><E6/><N who="2" m="3223" /><F134/><W131/><G61/><T97/><D62/><U69/><E69/><V18/><F28/><W42/><G131/><T63/><D63/><U103/><E103/><N who="2" m="60879" /><F65/><W82/><G135/><T24/><D71/><U115/><E76/><V92/><F92/><W45/><G42/><T37/><D37/><U46/><E55/><N who="2" m="31975" /><F22/><W130/><G130/><T60/><D60/><U27/><E72/><V1/><F1/><W100/><G100/><T101/><D35/><U106/><E106/><V10/><F10/><W80/><G80/><T124/><D124/><N who="1" m="47659" /><E115/><V70/><F70/><W56/><G56/><T67/><D67/><U125/><E125/><V105/><F105/><W25/><REACH who="3" step="1"/><G45/><REACH who="3" ten="168,317,270,235" step="2"/><T73/><D99/><U108/><E108/><V38/><F38/><AGARI ba="0,1" hai="0,7,11,16,23,25,38,40,44,82,85,88,118,119" machi="38" ten="30,8000,1" yaku="1,1,2,1,7,1,54,2,53,0" doraHai="110" doraHaiUra="94" who="3" fromWho="2" sc="168,0,317,0,270,-80,235,90" />
</Scene>
<Scene>
<INIT seed="3,0,0,3,3,68" ten="168,317,190,325" oya="3" hai0="21,114,125,135,77,35,84,64,57,95,38,27,8" hai1="28,42,82,83,91,73,2,109,41,25,59,39,33" hai2="49,44,9,97,40,34,23,31,100,6,112,127,117" hai3="43,116,98,67,45,80,115,12,52,71,47,121,36"/><W122/><G116/><T124/><D35/><U72/><E2/><V46/><F117/><W29/><G115/><T62/><D114/><U119/><E119/><V90/><F112/><W50/><G29/><T79/><D135/><U107/><E107/><V133/><F133/><W7/><G98/><T123/><D123/><U58/><E28/><V108/><F108/><W22/><G80/><T55/><D8/><U60/><E33/><V110/><F110/><W132/><G132/><T14/><D14/><U61/><E109/><V105/><F127/><N who="0" m="48714" /><D77/><U37/><E91/><V102/><F34/><W93/><G93/><T20/><D21/><U11/><E11/><V4/><F102/><W96/><G96/><T134/><D134/><U51/><E51/><V81/><F44/><W66/><G22/><T0/><D0/><U16/><E25/><V89/><F81/><W24/><G24/><T113/><D113/><U76/><E76/><V26/><REACH who="2" step="1"/><F4/><REACH who="2" ten="168,317,180,325" step="2"/><W74/><G7/><T130/><D79/><U128/><E83/><V103/><F103/><W99/><G121/><T18/><D130/><U56/><E82/><V69/><F69/><W53/><G71/><T17/><D64/><U118/><E118/><V19/><F19/><W13/><G122/><T32/><D17/><U54/><E16/><V48/><F48/><W78/><G50/><T88/><D32/><U120/><E120/><V85/><F85/><W10/><G67/><T131/><D131/><U15/><E128/><V101/><F101/><W86/><G66/><T1/><D1/><AGARI ba="0,1" hai="1,6,9,23,26,31,40,46,49,89,90,97,100,105" machi="1" ten="30,7700,0" yaku="1,1,7,1,53,2" doraHai="68" doraHaiUra="87" who="2" fromWho="0" sc="168,-77,317,0,180,87,325,0" />
</Scene>
<Scene>
<INIT seed="4,0,0,4,2,63" ten="91,317,267,325" oya="0" hai0="93,35,72,9,116,78,8,76,52,111,109,99,33" hai1="83,55,70,106,24,68,128,87,43,104,20,107,125" hai2="65,45,3,85,98,46,131,114,23,2,117,41,57" hai3="119,84,123,66,91,120,11,21,94,44,4,61,101"/><T38/><D38/><U28/><E43/><V134/><F98/><W90/><G119/><T42/><D42/><U115/><E55/><V110/><F110/><N who="0" m="41994" /><D116/><U79/><E128/><V130/><F117/><W32/><G32/><N who="0" m="12363" /><D72/><U62/><E125/><V7/><F114/><W80/><G44/><T13/><D13/><U10/><E10/><N who="0" m="4201" /><D52/><U37/><E37/><V132/><F41/><W0/><G21/><T121/><D121/><U100/><E115/><V69/><F23/><W127/><G127/><T81/><D81/><U71/><REACH who="1" step="1"/><E100/><AGARI ba="0,0" hai="76,78,93,99,100" m="4201,12363,41994" machi="100" ten="30,1500,0" yaku="10,1" doraHai="63" who="0" fromWho="1" sc="91,15,317,-15,267,0,325,0" />
</Scene>
<Scene>
<INIT seed="4,1,0,3,5,75" ten="106,302,267,325" oya="0" hai0="79,57,109,83,31,126,78,104,73,106,76,99,72" hai1="21,53,7,33,41,118,65,124,133,131,24,11,37" hai2="93,116,14,63,46,51,12,103,10,58,121,122,61" hai3="43,30,8,127,115,91,55,40,69,80,105,64,27"/><T47/><D31/><U85/><E118/><V0/><F0/><W101/><G55/><T39/><D39/><U22/><E65/><V26/><F116/><W114/><G8/><T35/><D35/><U50/><E37/><V42/><F26/><W111/><G111/><T92/><D47/><U13/><E41/><V62/><F14/><W67/><G127/><T4/><D4/><U34/><E133/><V98/><REACH who="2" step="1"/><F58/><REACH who="2" ten="106,302,257,325" step="2"/><W29/><G27/><T89/><D57/><U97/><E13/><V120/><F120/><W125/><G125/><T74/><D126/><U132/><E24/><V68/><F68/><W130/><G69/><T86/><D109/><U6/><E124/><V128/><F128/><W100/><G130/><T96/><D96/><U90/><E97/><V36/><F36/><W16/><G29/><T28/><REACH who="0" step="1"/><D28/><REACH who="0" ten="96,302,257,325" step="2"/><U2/><E131/><V95/><F95/><W135/><G30/><T19/><D19/><AGARI ba="1,2" hai="10,12,19,42,46,51,61,62,63,93,98,103,121,122" machi="19" ten="40,2600,0" yaku="1,1,53,1" doraHai="75" doraHaiUra="94" who="2" fromWho="0" sc="96,-29,302,0,257,49,325,0" />
</Scene>
<Scene>
<INIT seed="5,0,0,0,0,58" ten="67,302,306,325" oya="1" hai0="25,1,54,44,135,110,50,21,106,60,30,115,80" hai1="61,11,131,62,19,55,27,9,65,69,85,90,99" hai2="23,112,24,133,119,88,113,3,104,97,49,107,15" hai3="117,70,40,26,66,63,94,128,89,100,22,17,120"/><U108/><E131/><V126/><F3/><W29/><G120/><T122/><D110/><U53/><E108/><V47/><F119/><W51/><G128/><T95/><D115/><N who="2" m="44106" /><F15/><W34/><G100/><T74/><D135/><U36/><E36/><V77/><F77/><W18/><G117/><T52/><D106/><U64/><E99/><V127/><F133/><W35/><G35/><T13/><D1/><U92/><E27/><V4/><F4/><W8/><G8/><T75/><D122/><U67/><E69/><V10/><F10/><N who="1" m="3593" /><E19/><N who="2" m="12415" /><F88/><W118/><G118/><T39/><D39/><U83/><E83/><V73/><F73/><W7/><G7/><T41/><D80/><U101/><E101/><N who="2" m="62511" /><F107/><W121/><G34/><T48/><D95/><U78/><E78/><V98/><F98/><W134/><G134/><T5/><D75/><U132/><E132/><V82/><F82/><W59/><G121/><T43/><D74/><U111/><E111/><V46/><F46/><N who="3" m="26055" /><G70/><T37/><D5/><U76/><E76/><V6/><F6/><W91/><G91/><T20/><D37/><U71/><E71/><V86/><F86/><AGARI ba="0,0" hai="17,18,22,26,29,59,63,66,86,89,94" m="26055" machi="86" ten="30,2000,0" yaku="8,1,52,1" doraHai="58" who="3" fromWho="2" sc="67,0,302,0,306,-20,325,20" />
</Scene>
<Scene>
<INIT seed="6,0,0,0,4,124" ten="67,302,286,345" oya="2" hai0="9,1,133,28,132,77,37,99,87,104,135,21,58" hai1="126,117,128,83,3,62,97,46,100,34,108,49,23" hai2="36,110,59,20,101,44,118,113,55,42,71,40,134" hai3="57,111,91,50,63,82,84,80,32,15,4,85,45"/><V103/><F118/><W68/><G68/><T17/><D37/><U67/><E108/><V7/><F71/><W90/><G111/><T54/><D104/><U120/><E117/><V16/><F110/><W64/><G32/><T96/><D77/><U35/><E120/><V60/><F113/><W2/><G2/><T33/><D87/><U105/><E3/><V30/><F134/><N who="0" m="34306" /><T5/><DORA hai="131" /><D54/><U78/><E126/><V0/><F30/><W25/><G25/><N who="0" m="18575" /><D58/><U74/><E23/><V86/><F42/><W76/><G76/><T116/><D96/><U47/><E47/><V18/><F86/><W41/><G4/><T70/><D99/><U38/><E128/><V73/><F73/><W12/><AGARI ba="0,0" hai="12,15,41,45,50,57,63,64,80,82,84,85,90,91" machi="12" ten="30,4000,0" yaku="0,1,9,1,8,1" doraHai="124,131" who="3" fromWho="3" sc="67,-10,302,-10,286,-20,345,40" />
</Scene>
<Scene>
<INIT seed="7,0,0,4,4,53" ten="57,292,266,385" oya="3" hai0="66,120,7,30,87,20,135,113,6,43,101,52,92" hai1="16,56,10,73,104,107,83,5,12,41,40,117,110" hai2="118,134,79,132,58,55,111,62,125,94,39,100,102" hai3="54,122,8,90,49,130,72,124,103,115,112,84,114"/><W4/><G122/><T27/><D120/><U3/><E110/><V44/><F111/><W133/><G72/><T129/><D135/><N who="2" m="51754" /><F118/><W25/><G25/><T81/><D129/><U32/><E117/><V34/><F34/><W11/><G124/><T9/><D113/><U17/><E32/><V82/><F125/><W29/><G29/><T78/><D43/><U15/><E3/><V42/><F94/><N who="3" m="54599" /><G133/><T109/><D109/><U93/><E5/><V64/><F64/><W26/><G26/><T37/><D37/><U116/><E116/><V48/><F39/><W71/><G71/><T75/><D66/><U2/><E2/><V50/><F62/><W80/><G80/><T97/><D75/><U38/><E93/><V86/><F102/><W89/><G103/><T68/><D68/><U77/><E56/><N who="2" m="32871" /><F100/><W121/><G121/><T88/><D101/><U46/><REACH who="1" step="1"/><E41/><REACH who="1" ten="57,282,266,385" step="2"/><V19/><F19/><W18/><G18/><T47/><REACH who="0" step="1"/><D9/><AGARI ba="0,1" hai="9,10,12,15,16,17,38,40,46,73,77,83,104,107" machi="9" ten="30,8000,1" yaku="1,1,2,1,7,1,9,1,54,1,53,0" doraHai="53" doraHaiUra="51" who="1" fromWho="0" sc="57,-80,282,90,266,0,385,0" owari="-23,-52.0,372,17.0,266,-13.0,385,48.0" />
</Scene>
</mjloggm>