<mjloggm ver="2.3"><GO type="193"/><UN n0="%E5%A4%AA%E3%81%8F%E3%81%AA%E3%81%84%E3%81%8A" n1="%E3%82%B5%E3%83%88%E3%82%B7%32" n2="%69%50%6F%64%69%50%6F%64" n3="%E6%A9%98%E3%82%B3%E3%83%8F%E3%83%AB" dan="11,11,13,12" rate="1782,1480,1795,1848" sx="M,M,M,F"/><TAIKYOKU oya="0"/>

<Scene>
<INIT seed="0,0,0,4,1,67" ten="250,250,250,250" oya="0" hai0="33,74,39,75,0,40,52,37,116,124,115,15,54" hai1="82,5,36,88,16,25,102,65,92,48,79,93,89" hai2="26,3,84,2,111,128,44,90,91,86,69,78,104" hai3="109,132,100,18,133,51,119,8,99,17,10,97,35"/><T107/><D0/><U135/><E36/><V85/><F104/><N who="3" m="63503" /><G119/><T11/><D116/><U83/><E135/><N who="3" m="51786" /><G35/><T62/><D115/><U1/><E1/><V121/><F121/><W4/><G109/><T49/><D107/><U14/><E65/><V24/><F78/><W68/><G68/><T22/><D33/><U9/><E79/><V64/><F111/><W130/><G130/><T94/><D22/><N who="1" m="13511" /><E102/><V28/><F128/><W70/><G70/><T96/><D39/><U118/><E118/><V105/><F105/><W43/><G10/><T114/><D37/><U42/><E42/><V122/><F122/><W13/><G99/><T129/><D129/><U76/><E76/><V98/><F44/><AGARI ba="0,0" hai="4,8,13,17,18,43,44,51" m="51786,63503" machi="44" ten="30,1000,0" yaku="20,1" doraHai="67" who="3" fromWho="2" sc="250,0,250,0,250,-10,250,10" />
</Scene>
<Scene>
<INIT seed="1,0,0,5,4,12" ten="250,250,240,260" oya="1" hai0="6,64,122,56,47,17,95,103,120,78,133,70,130" hai1="113,44,14,63,33,101,132,109,35,59,24,87,84" hai2="82,79,86,135,36,93,27,5,91,114,48,7,116" hai3="15,45,104,110,3,16,40,111,118,29,96,20,107"/><U112/><E132/><V0/><F36/><N who="3" m="21639" /><G3/><T105/><D133/><U21/><E112/><V22/><F135/><W50/><G29/><T119/><D119/><U77/><E113/><V34/><F116/><W23/><G23/><T31/><D6/><U117/><E117/><V42/><F34/><W11/><G118/><T28/><D70/><U61/><E109/><N who="3" m="41482" /><G96/><N who="0" m="59807" /><D105/><U129/><E35/><V9/><F114/><W85/><G85/><N who="1" m="32842" /><E33/><V2/><F7/><N who="3" m="3583" /><G50/><T81/><D130/><U32/><E129/><V72/><F2/><W124/><G124/><T125/><D125/><U71/><E32/><V108/><F108/><W126/><G126/><T10/><D120/><U51/><E71/><V57/><F42/><W94/><G94/><T68/><D68/><U66/><E77/><V115/><F115/><W13/><AGARI ba="0,0" hai="13,16,20,104,107" m="3583,41482,21639" machi="13" ten="30,4000,0" yaku="14,1,52,1,54,1" doraHai="12" who="3" fromWho="3" sc="250,-10,250,-20,240,-10,260,40" />
</Scene>
<Scene>
<INIT seed="2,0,0,3,1,81" ten="240,230,230,300" oya="2" hai0="88,73,134,129,58,70,91,85,27,46,109,44,102" hai1="38,10,101,25,98,24,116,4,132,61,94,111,130" hai2="63,128,45,76,124,110,83,15,39,35,2,87,56" hai3="19,22,41,120,9,6,30,47,92,26,99,65,103"/><V100/><F35/><W48/><G120/><T53/><D70/><U93/><E116/><V114/><F2/><W14/><REACH who="3" step="1"/><G65/><REACH who="3" ten="240,230,230,290" step="2"/><T13/><D109/><U80/><E111/><V79/><F110/><W122/><G122/><T78/><D129/><U66/><E130/><V57/><F128/><W33/><G33/><T12/><D134/><U54/><E132/><V21/><F114/><W135/><G135/><T133/><D133/><U71/><E38/><V49/><F124/><W32/><G32/><T52/><D73/><U40/><E40/><V74/><F39/><W5/><AGARI ba="0,1" hai="5,6,9,14,19,22,26,30,41,47,48,92,99,103" machi="5" ten="30,4000,0" yaku="1,1,0,1,8,1,53,0" doraHai="81" doraHaiUra="131" who="3" fromWho="3" sc="240,-10,230,-10,230,-20,290,50" />
</Scene>
<Scene>
<INIT seed="3,0,0,0,1,132" ten="230,220,210,340" oya="3" hai0="35,82,130,71,107,77,113,108,91,7,64,133,125" hai1="93,72,0,98,111,9,96,37,10,128,78,90,30" hai2="18,26,67,20,106,121,73,66,1,97,110,69,101" hai3="85,100,127,54,11,94,22,81,117,114,44,36,112"/><W49/><G117/><T28/><D107/><U8/><E37/><V5/><F73/><W56/><G100/><T41/><D41/><U43/><E111/><V104/><F110/><W115/><G94/><T75/><D108/><U126/><E128/><V79/><F121/><W38/><G127/><T34/><D133/><U3/><E126/><V80/><F106/><W57/><G57/><T4/><D125/><U99/><E0/><V70/><F1/><W51/><G36/><T120/><D120/><U129/><E3/><V23/><F5/><W58/><G38/><T63/><D130/><U134/><E129/><V61/><F79/><W6/><G22/><T65/><D65/><U59/><E134/><V86/><F23/><W33/><G33/><T16/><D113/><U21/><E72/><V102/><F101/><W53/><G44/><T40/><D40/><U123/><E123/><V84/><REACH who="2" step="1"/><F80/><REACH who="2" ten="230,220,200,340" step="2"/><W55/><G115/><T15/><D35/><U48/><E78/><V62/><AGARI ba="0,1" hai="18,20,26,61,62,66,67,69,70,84,86,97,102,104" machi="62" ten="30,7900,0" yaku="1,1,2,1,0,1,9,1,53,0" doraHai="132" doraHaiUra="50" who="2" fromWho="2" sc="230,-20,220,-20,200,89,340,-39" owari="210,-19.0,200,-30.0,289,9.0,301,40.0" />
</Scene>
</mjloggm>