<mjloggm ver="2.3"><GO type="169" lobby="0"/><UN n0="%E5%A4%AA%E3%81%8F%E3%81%AA%E3%81%84%E3%81%8A" n1="%E5%8C%97%E9%81%93%E5%B1%B1" n2="%E9%9D%92%E6%9C%A8%E8%8C%82" n3="%E5%88%BB%E5%AD%90%E5%B8%82%E6%B0%91" dan="18,16,16,17" rate="2228.82,2101.70,2055.88,2193.47" sx="F,M,M,M"/><TAIKYOKU oya="0"/>

<Scene>
<INIT seed="0,0,0,4,2,116" ten="250,250,250,250" oya="0" hai0="20,52,102,76,68,134,120,57,69,56,96,33,109" hai1="26,93,104,28,97,65,100,25,101,24,103,34,10" hai2="83,21,46,19,133,89,110,50,35,94,37,39,135" hai3="55,124,60,111,123,66,106,1,14,112,79,59,61"/><T80/><BYE who="2" /><D33/><U38/><E38/><V105/><F105/><W11/><G1/><T2/><D2/><U29/><E65/><V22/><F22/><W113/><G106/><T107/><D134/><U85/><E10/><V73/><F73/><W64/><G124/><T47/><D109/><U54/><E54/><UN n2="%E9%9D%92%E6%9C%A8%E8%8C%82" /><V95/><F110/><W115/><G111/><T98/><D120/><U44/><E44/><V92/><F35/><W90/><G79/><T5/><D5/><U77/><E26/><V31/><F31/><W30/><G30/><T13/><D98/><U87/><E87/><V117/><F117/><W15/><G123/><T45/><D45/><U9/><E9/><V126/><F126/><W74/><G74/><T17/><D47/><U23/><E77/><V51/><F51/><W8/><G90/><T129/><D129/><U81/><E81/><V131/><F89/><W49/><G11/><T16/><D17/><U108/><E108/><V91/><F131/><W75/><G75/><T62/><REACH who="0" step="1"/><D57/><REACH who="0" ten="240,250,250,250" step="2"/><U36/><E97/><V71/><F135/><W27/><G59/><T53/><D53/><U6/><E6/><V42/><F133/><W67/><G55/><T130/><D130/><U82/><E34/><V58/><F58/><W114/><G114/><T127/><D127/><U122/><E29/><V0/><F0/><W12/><G113/><T118/><D118/><U78/><E28/><V84/><F19/><W40/><G115/><T3/><D3/><U7/><E7/><V121/><F121/><W32/><G112/><T128/><D128/><U70/><E122/><RYUUKYOKU ba="0,1" sc="240,30,250,-10,250,-10,250,-10" hai0="13,16,20,52,56,62,68,69,76,80,96,102,107" />
</Scene>
<Scene>
<INIT seed="0,1,1,1,2,126" ten="270,240,240,240" oya="0" hai0="5,7,113,19,57,60,3,48,85,122,106,21,38" hai1="132,95,110,96,84,63,50,121,13,92,37,22,116" hai2="128,108,118,54,20,41,89,104,120,9,46,2,82" hai3="135,129,73,105,91,27,117,12,32,49,97,69,103"/><T134/><D122/><U90/><E37/><V74/><F120/><W36/><G36/><T55/><D38/><U131/><E121/><V67/><F67/><W34/><G73/><T51/><D113/><U75/><E75/><V81/><F104/><W68/><G117/><T53/><D106/><U66/><E116/><V6/><F118/><W24/><G135/><T133/><D85/><U109/><E132/><N who="0" m="50793" /><D3/><U47/><E13/><V59/><F20/><W14/><G105/><T40/><D40/><U79/><E22/><V111/><F74/><W123/><G123/><T44/><D51/><U0/><E0/><V100/><F2/><W72/><G72/><T124/><D124/><U65/><E79/><V30/><F41/><W77/><G49/><T99/><D99/><U26/><E26/><AGARI ba="1,1" hai="5,7,19,21,26,44,48,53,55,57,60" m="50793" machi="26" ten="30,1500,0" yaku="20,1" doraHai="126" who="0" fromWho="1" sc="270,28,240,-18,240,0,240,0" />
</Scene>
<Scene>
<INIT seed="0,2,0,5,1,101" ten="298,222,240,240" oya="0" hai0="72,26,30,92,16,59,135,33,8,70,9,53,73" hai1="128,134,44,43,60,45,42,123,76,40,80,27,132" hai2="31,81,2,3,34,103,91,54,75,39,61,126,93" hai3="24,109,69,48,78,22,107,122,125,62,58,114,17"/><T84/><D70/><U4/><E4/><V106/><F39/><W51/><G114/><T108/><D135/><N who="1" m="51755" /><E27/><V119/><F126/><W85/><G125/><T131/><D131/><U98/><E98/><V28/><F119/><W65/><G109/><T120/><D120/><U94/><E94/><V12/><F12/><W89/><G122/><T18/><D108/><U52/><E80/><V47/><F34/><W88/><G107/><T64/><D64/><U13/><E13/><V99/><F3/><W14/><G69/><T87/><D9/><U68/><E76/><N who="2" m="44191" /><F2/><W23/><G78/><T10/><D10/><U117/><E123/><V105/><F105/><W127/><G127/><T116/><D8/><U35/><E35/><V6/><F6/><W63/><G63/><T21/><D18/><U115/><E117/><V100/><F100/><W20/><G89/><N who="0" m="53287" /><D87/><U49/><E115/><V83/><F83/><W95/><REACH who="3" step="1"/><G23/><REACH who="3" ten="298,222,240,230" step="2"/><T7/><D116/><U19/><E128/><V41/><F61/><W1/><G1/><T74/><D33/><U112/><E112/><V104/><F104/><W133/><G133/><T96/><D21/><U37/><E19/><AGARI ba="2,1" hai="14,17,19,20,22,24,48,51,58,62,65,85,88,95" machi="19" ten="30,7700,0" yaku="1,1,7,1,8,1,54,1,53,0" doraHai="101" doraHaiUra="71" who="3" fromWho="1" sc="298,0,222,-83,240,0,230,93" />
</Scene>
<Scene>
<INIT seed="1,0,0,2,4,96" ten="298,139,240,323" oya="1" hai0="77,94,9,86,84,37,117,109,19,91,44,34,6" hai1="13,72,27,20,0,17,68,78,21,87,73,112,79" hai2="52,61,115,16,118,113,66,127,1,125,104,28,107" hai3="3,133,14,18,59,93,2,80,76,88,132,111,60"/><U7/><E68/><V45/><F1/><W31/><G31/><T124/><D117/><U90/><E112/><N who="2" m="43083" /><F28/><W47/><G111/><T36/><D34/><U54/><E0/><V11/><F118/><W30/><G30/><T56/><D109/><U97/><E7/><V92/><F92/><W130/><G47/><T95/><D124/><N who="2" m="47690" /><F45/><W83/><G3/><T110/><D110/><U120/><E120/><V48/><F48/><W116/><G2/><T82/><D44/><U24/><E54/><V99/><F99/><W102/><G93/><T39/><D6/><U114/><E114/><V126/><F126/><W65/><G116/><T58/><D95/><U122/><E122/><V74/><F74/><W71/><G18/><T103/><D19/><U108/><E108/><V131/><F131/><W75/><G75/><T128/><D128/><U12/><E97/><V121/><F121/><W32/><G130/><T67/><D37/><U49/><E17/><V4/><F4/><W10/><G32/><T35/><D35/><U53/><E53/><V106/><F52/><W38/><G38/><T89/><D39/><U25/><E25/><V63/><F66/><W55/><G65/><T51/><D36/><U129/><E129/><V134/><F134/><W42/><G55/><T135/><D135/><U43/><E49/><V123/><F123/><W8/><G132/><T81/><D51/><U23/><E23/><V33/><F33/><W41/><G133/><T22/><D22/><U69/><E69/><V29/><F29/><W26/><G71/><T70/><D70/><U5/><E20/><RYUUKYOKU ba="0,0" sc="298,-10,139,-10,240,30,323,-10" hai2="11,16,61,63,104,106,107" />
</Scene>
<Scene>
<INIT seed="2,1,0,3,4,97" ten="288,129,270,313" oya="2" hai0="15,7,72,55,63,82,54,135,70,130,45,71,119" hai1="115,122,121,25,106,0,75,38,47,22,27,69,44" hai2="80,53,108,29,132,20,68,73,84,59,91,2,23" hai3="24,41,118,30,109,131,39,26,21,36,77,40,19"/><V60/><F2/><W14/><G118/><T3/><D3/><U66/><E115/><V42/><F42/><W104/><G109/><T48/><D119/><U35/><E0/><V114/><F114/><W16/><G104/><T65/><D135/><U81/><E47/><V61/><F132/><W34/><G77/><T83/><D130/><U99/><E25/><V37/><F37/><W128/><G40/><T49/><D72/><U78/><E22/><V101/><F73/><W1/><G41/><T134/><D134/><U120/><E44/><V100/><F108/><W32/><G1/><T46/><REACH who="0" step="1"/><D71/><REACH who="0" ten="278,129,270,313" step="2"/><U105/><E69/><V62/><F68/><W56/><G128/><T12/><D12/><U57/><E120/><V96/><F96/><W102/><G14/><T17/><D17/><U28/><E99/><V9/><F9/><AGARI ba="1,1" hai="7,9,15,45,46,48,49,54,55,63,65,70,82,83" machi="9" ten="40,2600,0" yaku="1,1,9,1,53,0" doraHai="97" doraHaiUra="94" who="0" fromWho="2" sc="278,39,129,0,270,-29,313,0" />
</Scene>
<Scene>
<INIT seed="3,0,0,3,3,10" ten="317,129,241,313" oya="3" hai0="128,24,53,118,77,71,131,28,108,85,99,91,4" hai1="125,18,94,32,15,100,68,38,14,87,25,132,12" hai2="13,124,72,42,89,98,123,126,35,50,129,106,1" hai3="122,93,113,121,26,44,11,27,51,111,34,120,20"/><W49/><G113/><T104/><D118/><U46/><E68/><V58/><F1/><W97/><G34/><T117/><D117/><U114/><E114/><V30/><F72/><W61/><G111/><T127/><D71/><U133/><E125/><N who="2" m="48235" /><F129/><W31/><G27/><T88/><D127/><U57/><E57/><V103/><F123/><W59/><G44/><T102/><D108/><U60/><E60/><V0/><F0/><W54/><REACH who="3" step="1"/><G11/><REACH who="3" ten="317,129,241,303" step="2"/><T66/><D24/><U65/><E32/><V79/><F35/><W8/><G8/><T92/><D128/><U75/><E75/><V95/><F30/><W47/><G47/><T45/><D28/><U130/><E130/><V62/><F42/><W78/><G78/><T40/><D77/><U82/><E46/><V52/><F79/><W23/><G23/><T17/><D40/><U5/><E38/><V22/><F22/><W101/><AGARI ba="0,1" hai="20,26,31,49,51,54,59,61,93,97,101,120,121,122" machi="101" ten="30,6000,0" yaku="1,1,0,1,53,1" doraHai="10" doraHaiUra="96" who="3" fromWho="3" sc="317,-20,129,-20,241,-20,303,70" />
</Scene>
<Scene>
<INIT seed="3,1,0,3,5,78" ten="297,109,221,373" oya="3" hai0="79,51,114,81,59,45,65,15,134,66,97,24,41" hai1="7,132,67,44,85,14,116,126,82,69,83,35,72" hai2="125,101,10,29,21,129,75,89,33,26,9,32,48" hai3="111,112,1,102,87,127,91,119,25,4,76,8,113"/><W3/><G119/><T63/><D134/><U133/><E35/><V88/><F75/><W120/><G120/><T128/><D128/><U58/><E69/><V71/><F71/><W23/><G127/><T84/><D114/><U12/><E126/><V115/><F115/><W40/><G1/><T96/><D66/><U93/><E116/><V117/><F117/><W122/><G40/><T73/><D24/><U90/><E44/><V39/><F39/><W55/><G102/><T13/><D73/><U17/><E7/><V11/><F129/><W47/><G76/><T124/><D124/><U37/><E37/><V99/><F48/><W80/><G122/><T53/><D65/><U38/><E38/><V109/><F125/><W130/><G130/><T68/><D68/><U60/><E72/><V74/><F74/><W52/><G111/><T107/><D107/><U16/><E132/><V100/><F109/><W50/><REACH who="3" step="1"/><G55/><REACH who="3" ten="297,109,221,363" step="2"/><T43/><D43/><U61/><E133/><V46/><F101/><W42/><G42/><T49/><D41/><U36/><E36/><V5/><F100/><W19/><AGARI ba="1,1" hai="3,4,8,19,23,25,47,50,52,80,87,91,112,113" machi="19" ten="20,18000,2" yaku="1,1,0,1,7,1,52,1,54,1,53,1" doraHai="78" doraHaiUra="77" who="3" fromWho="3" sc="297,-61,109,-61,221,-61,363,193" />
</Scene>
<Scene>
<INIT seed="3,2,0,2,2,69" ten="236,48,160,556" oya="3" hai0="85,101,95,30,75,96,111,64,110,23,73,53,60" hai1="36,42,39,132,129,54,65,126,44,114,77,103,83" hai2="29,92,66,24,87,7,118,31,11,99,2,61,123" hai3="59,86,47,120,107,33,74,16,109,117,22,135,119"/><W108/><G74/><T122/><D122/><U20/><E114/><V70/><F118/><W37/><G120/><T45/><D85/><U21/><E129/><V93/><F123/><W71/><G71/><N who="0" m="42375" /><D30/><U12/><E65/><V113/><F113/><W102/><G33/><T97/><D23/><U133/><E103/><V78/><F78/><W3/><G3/><T10/><D10/><U80/><E126/><V62/><F62/><W19/><G86/><T55/><D97/><U121/><E121/><V46/><F46/><W35/><G35/><T98/><D96/><U9/><E54/><N who="0" m="20489" /><D45/><U106/><E106/><V56/><F87/><W6/><G107/><T90/><D90/><U52/><E20/><V131/><F24/><W127/><G22/><T49/><D49/><U124/><E21/><V40/><F93/><W128/><G47/><T32/><D32/><U13/><E13/><V94/><F94/><W63/><G102/><T89/><D89/><U1/><E1/><V18/><F18/><W100/><G16/><T41/><D41/><U43/><E43/><V67/><F40/><W84/><G19/><T76/><D76/><U72/><E83/><V82/><F82/><W68/><G100/><T116/><D116/><U104/><E104/><V57/><F31/><W81/><G81/><T88/><D88/><U50/><E42/><V79/><F79/><W125/><G117/><T38/><D38/><U48/><E48/><V17/><F29/><W134/><G119/><T8/><D8/><U5/><E124/><V25/><F11/><W34/><G127/><T105/><D105/><RYUUKYOKU ba="2,0" sc="236,15,48,15,160,-15,556,-15" hai0="73,75,95,98,101,110,111" hai1="5,9,12,36,39,44,50,52,72,77,80,132,133" />
</Scene>
<Scene>
<INIT seed="4,3,0,1,5,27" ten="251,63,145,541" oya="0" hai0="79,120,88,42,60,31,54,45,49,112,41,135,111" hai1="51,107,46,6,5,66,106,83,38,126,105,21,10" hai2="34,20,131,103,3,4,119,128,71,109,0,11,29" hai3="86,52,65,8,104,69,18,98,91,13,47,114,72"/><T39/><D120/><U24/><E38/><V93/><F71/><W32/><G72/><T44/><D79/><U96/><E66/><V132/><F103/><W61/><G32/><T40/><D112/><U73/><E126/><V7/><F93/><W90/><G114/><T89/><D135/><U125/><E125/><V63/><F63/><W130/><G130/><N who="2" m="49705" /><F109/><W37/><G104/><T115/><D115/><U23/><E96/><V67/><F67/><W35/><G35/><T78/><D78/><U84/><E73/><V117/><F132/><W36/><G98/><T2/><D2/><U12/><E6/><V133/><F133/><W124/><G91/><N who="0" m="34891" /><D39/><U14/><E14/><V1/><F34/><W70/><G70/><T48/><D111/><U116/><E116/><N who="2" m="44619" /><F11/><W58/><G124/><T121/><D60/><U108/><E108/><V129/><F129/><W87/><G87/><T74/><D74/><U113/><E113/><V59/><F59/><W56/><G69/><T30/><D121/><U118/><E118/><V85/><F85/><W28/><G61/><T95/><D95/><U102/><E102/><V81/><F81/><W94/><G94/><T92/><D92/><U16/><E84/><V134/><F134/><W77/><G86/><T68/><D68/><U19/><E83/><V22/><F22/><W80/><G77/><T55/><AGARI ba="3,0" hai="30,31,40,41,42,44,45,48,49,54,55" m="34891" machi="55" ten="30,11700,0" yaku="8,1,52,2,54,1" doraHai="27" who="0" fromWho="0" sc="251,126,63,-42,145,-42,541,-42" />
</Scene>
<Scene>
<INIT seed="4,4,0,5,2,66" ten="377,21,103,499" oya="0" hai0="89,115,112,32,2,18,114,38,54,37,61,70,131" hai1="20,105,42,24,80,110,87,10,29,97,8,79,129" hai2="135,64,25,57,127,103,52,53,58,6,108,90,117" hai3="81,118,133,123,41,121,98,124,50,130,106,48,73"/><T82/><D131/><U31/><E110/><V22/><F108/><W88/><G118/><T4/><D32/><U77/><E129/><V0/><F135/><W12/><G133/><T101/><D101/><U15/><E77/><V13/><F127/><W67/><G130/><T128/><D128/><U94/><E105/><V49/><F64/><W46/><G124/><T69/><D18/><U71/><E8/><V85/><F103/><W11/><G67/><T104/><D104/><U107/><E107/><V19/><F117/><W43/><G106/><T75/><D2/><U111/><E111/><V68/><F0/><W23/><G23/><T34/><D34/><U59/><E71/><N who="0" m="27145" /><D4/><U35/><E42/><V92/><F68/><W1/><G1/><T102/><D102/><U14/><E59/><V9/><F53/><W95/><G81/><T28/><D28/><U113/><E31/><V122/><F122/><W119/><G119/><T56/><D89/><U33/><E15/><V132/><F132/><W60/><G12/><T134/><D134/><U63/><E33/><V78/><F78/><AGARI ba="4,0" hai="37,38,54,56,61,75,78,82,112,114,115" m="27145" machi="78" ten="40,12000,1" yaku="15,1,52,3" doraHai="66" who="0" fromWho="2" sc="377,132,21,0,103,-132,499,0" owari="509,61.0,21,-38.0,-29,-53.0,499,30.0" />
</Scene>
</mjloggm>