<mjloggm ver="2.3"><GO type="137"/><UN n0="%6D%69%75" n1="%E5%A4%AA%E3%81%8F%E3%81%AA%E3%81%84%E3%81%8A" n2="%E3%83%9D%E3%82%BB%E3%82%A4%E3%83%89%E3%83%B3" n3="%E3%81%B2%E3%81%A4%E3%81%93%E3%81%84%E3%82%93%E3%81%A0" dan="11,12,11,13" rate="1534,1972,1490,1759" sx="F,M,M,M"/><TAIKYOKU oya="0"/>

<Scene>
<INIT seed="0,0,0,4,2,10" ten="250,250,250,250" oya="0" hai0="113,43,34,53,84,72,0,4,1,114,123,121,94" hai1="86,63,126,76,8,11,83,119,111,41,106,54,25" hai2="70,13,99,87,32,45,66,131,47,132,105,28,52" hai3="128,42,19,33,115,118,133,44,69,46,15,5,14"/><T22/><D72/><U21/><E119/><V49/><F132/><W29/><G69/><T62/><D43/><U120/><E120/><V103/><F131/><W130/><G115/><T110/><D84/><U67/><E106/><V101/><F101/><W24/><G118/><T102/><D94/><U35/><E35/><V95/><F45/><W80/><G80/><T23/><D102/><U98/><E111/><V97/><F87/><W68/><G68/><T92/><D62/><U89/><E126/><V56/><F97/><W91/><G91/><T125/><D92/><N who="1" m="56591" /><E41/><V100/><F100/><W124/><G124/><T38/><D53/><U88/><E67/><V77/><F77/><W64/><G64/><T93/><D38/><U108/><E108/><V57/><F95/><W85/><G85/><T12/><D93/><U73/><E73/><V96/><F96/><W2/><G133/><T71/><D71/><U79/><E79/><V27/><F13/><W60/><G60/><AGARI ba="0,0" hai="27,28,32,47,49,52,56,57,60,66,70,99,103,105" machi="60" ten="40,5200,0" yaku="25,2,54,1" doraHai="10" who="2" fromWho="3" sc="250,0,250,0,250,52,250,-52" />
</Scene>
<Scene>
<INIT seed="1,0,0,1,4,78" ten="250,250,302,198" oya="1" hai0="114,115,104,5,36,46,57,4,39,2,24,73,108" hai1="31,97,83,11,88,68,28,82,49,56,101,64,41" hai2="52,119,48,111,121,37,54,116,124,50,7,77,55" hai3="122,44,79,127,63,117,98,100,14,69,27,113,94"/><U8/><E68/><V128/><F7/><W17/><G122/><T23/><D57/><U103/><E64/><V135/><F77/><W132/><G113/><T126/><D23/><U18/><E41/><V76/><F76/><W32/><G132/><T91/><D91/><U86/><E82/><V112/><F135/><W61/><G79/><T106/><D24/><U125/><E125/><V87/><F87/><W3/><G3/><T133/><D46/><U120/><E120/><V62/><F121/><W107/><G107/><T43/><D43/><U96/><E96/><V109/><F124/><W131/><G127/><T89/><D89/><U19/><E11/><V12/><F12/><W75/><G75/><T33/><D126/><U53/><E101/><V51/><F112/><W9/><G44/><T20/><D20/><U58/><E58/><N who="2" m="35143" /><F128/><W130/><G117/><N who="2" m="45129" /><F37/><W26/><G32/><T45/><D45/><U129/><E129/><N who="3" m="49162" /><G63/><T84/><D133/><U6/><E31/><V74/><F74/><W134/><G134/><T16/><D73/><U95/><REACH who="1" step="1"/><E28/><REACH who="1" ten="250,240,302,198" step="2"/><V85/><F85/><W99/><G99/><T0/><D33/><U92/><E92/><V123/><F123/><W38/><G38/><T25/><D84/><U67/><E67/><AGARI ba="0,1" hai="9,14,17,26,27,61,67,69,94,98,100" m="49162" machi="67" ten="30,1000,0" yaku="19,1" doraHai="78" who="3" fromWho="1" sc="250,0,240,-10,302,0,198,20" />
</Scene>
<Scene>
<INIT seed="2,0,0,4,2,70" ten="250,230,302,218" oya="2" hai0="93,6,126,10,43,85,63,74,84,88,34,32,57" hai1="100,86,47,21,53,62,29,27,1,16,118,102,133" hai2="14,117,59,0,37,36,121,4,58,80,9,83,107" hai3="61,42,120,39,73,11,114,2,56,28,55,51,124"/><V92/><F117/><W30/><G73/><T46/><D126/><U13/><E118/><V67/><F121/><W12/><G120/><T17/><D74/><U45/><E133/><V94/><F107/><W49/><G124/><T66/><D85/><U48/><E1/><V69/><F69/><W112/><G2/><T68/><D17/><U3/><E3/><V77/><F67/><W106/><G106/><T132/><D132/><U98/><E86/><V129/><F129/><W96/><G96/><T41/><D68/><U95/><E62/><V19/><F59/><W31/><G12/><T33/><D43/><U18/><E18/><V91/><F58/><W8/><G8/><T7/><REACH who="0" step="1"/><D10/><REACH who="0" ten="240,230,302,218" step="2"/><U54/><E16/><V105/><F105/><W97/><G11/><T127/><D127/><U71/><E71/><V125/><F125/><W131/><G97/><T79/><D79/><U90/><E13/><V135/><F135/><W134/><G134/><T87/><D87/><U82/><E82/><V109/><F109/><W24/><G131/><T76/><D76/><U103/><E103/><V26/><F77/><W99/><G99/><T64/><D64/><U113/><E113/><V20/><F14/><W128/><G128/><T119/><D119/><U122/><E122/><V50/><F91/><W72/><G72/><T60/><D60/><U104/><E104/><V78/><F78/><W108/><G114/><T81/><D81/><N who="2" m="31306" /><F50/><AGARI ba="0,1" hai="6,7,32,33,34,41,46,50,57,63,66,84,88,93" machi="50" ten="40,2600,0" yaku="1,1,54,1,53,0" doraHai="70" doraHaiUra="65" who="0" fromWho="2" sc="240,36,230,0,302,-26,218,0" /><AGARI ba="0,0" hai="21,27,29,45,47,48,50,53,54,90,95,98,100,102" machi="50" ten="40,2600,0" yaku="9,1,8,1" doraHai="70" who="1" fromWho="2" sc="276,0,230,26,276,-26,218,0" />
</Scene>
<Scene>
<INIT seed="3,0,0,0,2,77" ten="276,256,250,218" oya="3" hai0="52,37,16,35,20,74,72,75,10,7,38,76,89" hai1="9,79,8,65,31,54,13,111,46,91,73,102,90" hai2="84,71,113,62,22,56,51,53,58,60,94,5,28" hai3="4,63,110,104,44,101,6,39,34,109,30,124,33"/><W41/><G124/><T36/><D35/><U32/><E111/><N who="3" m="42506" /><G63/><T3/><D89/><U85/><E102/><V21/><F113/><W23/><G34/><T50/><D76/><U80/><E65/><V92/><F5/><W88/><G33/><T86/><D86/><U126/><E126/><V96/><F84/><W122/><G122/><T115/><D115/><U107/><E107/><V83/><F71/><W81/><G104/><T82/><D75/><U112/><E112/><V55/><F28/><W68/><G68/><T19/><D19/><U106/><E106/><V98/><REACH who="2" step="1"/><F51/><REACH who="2" ten="276,256,240,218" step="2"/><W69/><G69/><T43/><D43/><U105/><E85/><V12/><F12/><W49/><G49/><T1/><D1/><U127/><E31/><V87/><F87/><N who="3" m="50287" /><G101/><T70/><D70/><U128/><E13/><V25/><F25/><AGARI ba="0,1" hai="4,6,23,25,30,39,41,44" m="50287,42506" machi="25" ten="30,11600,0" yaku="14,1,10,1,52,1,54,1" doraHai="77" who="3" fromWho="2" sc="276,0,256,0,240,-116,218,126" />
</Scene>
<Scene>
<INIT seed="3,1,0,0,5,47" ten="276,256,124,344" oya="3" hai0="35,5,14,21,26,15,83,70,23,72,126,101,7" hai1="25,103,134,53,52,66,61,2,1,29,73,18,45" hai2="4,34,119,27,108,54,48,0,117,135,86,38,115" hai3="88,122,63,90,59,81,56,3,114,120,43,6,125"/><W127/><G114/><T42/><D70/><U33/><E73/><V69/><F115/><W8/><G43/><T99/><D42/><U118/><E134/><V84/><F69/><W78/><G122/><T32/><D72/><U49/><E118/><V37/><F135/><W123/><G123/><T106/><D83/><U12/><E103/><V96/><F86/><W40/><G40/><T124/><D99/><U55/><E2/><V133/><F84/><N who="3" m="48183" /><G120/><T80/><D101/><U17/><E1/><V36/><F36/><W85/><G85/><T62/><D62/><U89/><E89/><N who="3" m="34410" /><G63/><T113/><D80/><U92/><E92/><V91/><F133/><W50/><G50/><T41/><D106/><U105/><E105/><V97/><F97/><W31/><G31/><T64/><D64/><U60/><E60/><V22/><F22/><BYE who="2" /><N who="0" m="8202" /><D41/><U58/><REACH who="1" step="1"/><E18/><REACH who="1" ten="276,246,124,344" step="2"/><V75/><F75/><W107/><G107/><T30/><D113/><U46/><E46/><V77/><F77/><W39/><G39/><T132/><D132/><U9/><AGARI ba="1,1" hai="9,12,17,25,29,33,45,49,52,53,55,58,61,66" machi="9" ten="20,12000,2" yaku="1,1,0,1,7,1,52,1,54,1,53,1" doraHai="47" doraHaiUra="10" who="1" fromWho="1" sc="276,-31,246,133,124,-31,344,-61" />
</Scene>
<Scene>
<INIT seed="4,0,0,1,4,39" ten="245,379,93,283" oya="0" hai0="27,16,109,38,29,113,71,11,95,22,110,52,59" hai1="86,43,68,18,63,107,49,41,89,91,10,84,72" hai2="30,34,76,54,128,17,62,4,82,115,88,117,131" hai3="67,46,20,85,103,6,14,48,21,66,127,24,129"/><T118/><D38/><U35/><E72/><V94/><F94/><W106/><G129/><T70/><D118/><U13/><E35/><V96/><F96/><W133/><G133/><T100/><D113/><U36/><E107/><V56/><F56/><W130/><G130/><T81/><D81/><N who="1" m="49295" /><E68/><V33/><F33/><W92/><G127/><T64/><D64/><U135/><E36/><V108/><F108/><N who="0" m="41578" /><D11/><U99/><E135/><V25/><F25/><W28/><G106/><T116/><D116/><U55/><E99/><V9/><F9/><N who="3" m="4407" /><G20/><T98/><D29/><U7/><E63/><AGARI ba="0,0" hai="16,22,27,52,59,63,70,71,95,98,100" m="41578" machi="63" ten="30,5800,0" yaku="10,1,54,2" doraHai="39" who="0" fromWho="1" sc="245,58,379,-58,93,0,283,0" />
</Scene>
<Scene>
<INIT seed="4,1,0,2,5,22" ten="303,321,93,283" oya="0" hai0="59,74,41,26,86,60,85,35,92,17,7,25,65" hai1="15,128,99,132,21,62,37,39,108,87,119,76,73" hai2="61,95,129,10,102,56,46,30,75,118,90,101,120" hai3="71,48,57,27,0,91,1,67,130,34,89,96,3"/><T110/><D74/><U122/><E108/><V69/><F69/><W31/><G71/><T19/><D35/><U23/><E122/><V18/><F18/><W28/><G130/><T94/><D41/><U8/><E119/><V63/><F63/><W43/><G31/><T105/><D105/><U16/><E73/><V51/><F51/><W127/><G127/><T98/><D110/><U70/><E128/><V45/><F45/><W20/><G34/><T83/><D7/><U52/><E132/><V4/><F4/><W104/><G104/><T54/><D65/><U68/><E68/><V116/><F116/><W135/><G135/><T50/><D50/><U131/><E131/><V84/><F84/><N who="0" m="32362" /><D83/><N who="1" m="47591" /><E37/><V100/><F100/><W106/><G106/><T126/><D126/><U109/><E39/><V53/><F53/><W134/><G134/><T125/><D125/><U79/><E79/><V103/><F103/><W38/><G38/><T42/><D42/><U133/><E133/><V9/><F9/><W81/><G81/><T14/><D14/><U114/><E109/><V58/><F58/><W66/><G66/><T47/><D47/><U117/><E117/><V36/><F36/><W2/><N who="3" m="0" /><DORA hai="32" /><W77/><G77/><T64/><D64/><U121/><E70/><V93/><F93/><N who="0" m="35946" /><D98/><U88/><E121/><V72/><F72/><W80/><G80/><T112/><D112/><U24/><E114/><V11/><F11/><W29/><G96/><T113/><D113/><U107/><E107/><V6/><F6/><W115/><G115/><T44/><D44/><U13/><E99/><RYUUKYOKU ba="1,0" sc="303,30,321,-10,93,-10,283,-10" hai0="17,19,25,26,54,59,60" />
</Scene>
<Scene>
<INIT seed="4,2,0,5,1,87" ten="333,311,83,273" oya="0" hai0="102,135,9,27,22,14,131,93,69,52,30,62,0" hai1="119,68,57,43,6,100,26,34,113,111,63,105,51" hai2="84,91,85,18,66,116,7,129,5,53,127,126,115" hai3="101,114,110,76,89,24,118,67,48,64,120,4,73"/><T42/><D131/><U103/><E111/><V107/><F107/><W72/><G4/><T35/><D135/><U96/><E119/><V19/><F19/><W130/><G101/><T134/><D134/><U56/><E103/><V2/><F2/><W83/><G24/><T21/><D69/><U20/><E6/><V79/><F79/><W80/><G110/><T92/><D42/><U59/><E113/><V99/><F99/><W31/><G31/><T29/><D0/><U41/><E51/><V15/><F15/><W108/><G108/><T133/><D35/><U1/><E1/><V88/><F88/><W38/><G38/><T78/><D133/><U17/><REACH who="1" step="1"/><E34/><REACH who="1" ten="333,301,83,273" step="2"/><V61/><F61/><W124/><G48/><T8/><D78/><U16/><E16/><V3/><F3/><W58/><G118/><T23/><D102/><U86/><E86/><V97/><F97/><W95/><G114/><T47/><D27/><U37/><E37/><V33/><F33/><W75/><G130/><T81/><D62/><U98/><E98/><V94/><F94/><W112/><G112/><T25/><D81/><U11/><E11/><N who="0" m="4169" /><D25/><U117/><E117/><V39/><F39/><W44/><G83/><T10/><D93/><U49/><E49/><V28/><F28/><W70/><G80/><T50/><D92/><U109/><E109/><V71/><F71/><W125/><G95/><T46/><D46/><U40/><E40/><V104/><F104/><W74/><G44/><T123/><D123/><U60/><E60/><V77/><F77/><W132/><G120/><T122/><D122/><RYUUKYOKU ba="2,1" sc="333,15,301,15,83,-15,273,-15" hai0="10,14,21,22,23,29,30,47,50,52" hai1="17,20,26,41,43,56,57,59,63,68,96,100,105" />
</Scene>
<Scene>
<INIT seed="4,3,1,5,0,94" ten="348,316,68,258" oya="0" hai0="96,135,124,128,101,126,103,18,0,30,58,17,65" hai1="95,100,5,10,52,32,72,29,11,51,14,108,107" hai2="85,49,13,79,118,25,116,54,119,50,104,91,129" hai3="9,19,39,89,55,75,106,82,12,22,132,43,122"/><T113/><D0/><U66/><E108/><V69/><F69/><W40/><G122/><T35/><D35/><U46/><E72/><V127/><F127/><W61/><G106/><T77/><D30/><U21/><E66/><V93/><F93/><W7/><G132/><T47/><D77/><U64/><E64/><V53/><F53/><W86/><G75/><T84/><D135/><U133/><E133/><V60/><F60/><W6/><G39/><T4/><D4/><U117/><E117/><V130/><F130/><W111/><G111/><T121/><D121/><U33/><E107/><V57/><F57/><W37/><G37/><T99/><D84/><U112/><E112/><V56/><F56/><W71/><G6/><T87/><D87/><U73/><E73/><V105/><F105/><W134/><G134/><T114/><D128/><U8/><E33/><V80/><F80/><W36/><G36/><T34/><D34/><U63/><E32/><V92/><F92/><W2/><G71/><T109/><D109/><U123/><E63/><V28/><F28/><W42/><G55/><T15/><D47/><U23/><E123/><V90/><F90/><W41/><N who="3" m="10240" /><DORA hai="26" /><W16/><G19/><N who="0" m="7179" /><D15/><U20/><REACH who="1" step="1"/><E29/><REACH who="1" ten="348,306,68,258" step="2"/><V78/><F78/><W131/><REACH who="3" step="1"/><G61/><REACH who="3" ten="348,306,68,248" step="2"/><T120/><D120/><U74/><E74/><V67/><F67/><W68/><G68/><T88/><D65/><U81/><E81/><V62/><F62/><W110/><G110/><T45/><D58/><U59/><E59/><V115/><F115/><N who="0" m="44042" /><D45/><U70/><E70/><V24/><F24/><W3/><G3/><RYUUKYOKU ba="3,3" sc="348,-15,306,15,68,-15,248,15" hai1="5,8,10,11,14,20,21,23,46,51,52,95,100" hai3="2,7,9,12,16,22,82,86,89,131" />
</Scene>
<Scene>
<INIT seed="5,4,3,1,2,81" ten="333,321,53,263" oya="1" hai0="128,116,59,107,101,55,57,118,123,8,112,71,28" hai1="17,20,27,92,29,15,99,110,85,50,83,130,113" hai2="82,119,9,22,124,111,87,26,32,53,25,19,109" hai3="11,3,135,70,41,10,91,67,72,31,78,90,66"/><U30/><E113/><V80/><F80/><W58/><G41/><T62/><D107/><U43/><E130/><V2/><F2/><W74/><G31/><T7/><D101/><N who="1" m="60647" /><E110/><V33/><F33/><W126/><G3/><T133/><D28/><U64/><E64/><V76/><F76/><W49/><G78/><T52/><D8/><U13/><E13/><V89/><F89/><W37/><G49/><T77/><D7/><U120/><E15/><V1/><F1/><W6/><G58/><T44/><D77/><N who="1" m="46319" /><E120/><V21/><F21/><W24/><G24/><T51/><D128/><U125/><E125/><V48/><F48/><W121/><G121/><T127/><D123/><U18/><E18/><V0/><F0/><W5/><G126/><T63/><D127/><U103/><E103/><V14/><F14/><W96/><G70/><T108/><D133/><U60/><E60/><V102/><F102/><W97/><REACH who="3" step="1"/><G37/><REACH who="3" ten="333,321,53,253" step="2"/><T38/><D112/><U122/><E122/><V23/><F23/><W34/><G34/><T86/><D38/><U94/><E94/><V84/><F84/><W54/><G54/><T40/><D86/><U69/><E69/><V104/><F104/><W68/><G68/><T16/><D108/><U4/><E4/><V98/><F98/><W45/><G45/><AGARI ba="4,4" hai="17,20,27,29,30,43,45,50" m="46319,60647" machi="45" ten="30,2900,0" yaku="8,1,52,1" doraHai="81" who="1" fromWho="3" sc="333,0,321,81,53,0,253,-41" />
</Scene>
<Scene>
<INIT seed="5,5,0,4,4,27" ten="333,402,53,212" oya="1" hai0="83,38,35,2,75,1,57,62,15,98,84,26,55" hai1="12,103,115,31,8,9,49,46,106,14,108,3,74" hai2="72,111,120,45,13,94,73,28,47,97,60,71,77" hai3="58,7,109,39,42,50,96,52,131,54,22,81,132"/><U110/><E74/><V30/><F30/><W104/><G109/><N who="1" m="42090" /><E115/><V134/><F134/><W85/><G7/><T135/><D75/><U102/><E3/><V44/><F44/><W89/><G132/><T117/><D38/><U127/><E127/><V56/><F56/><W24/><G131/><T101/><D117/><U76/><E76/><V65/><F65/><W63/><G39/><T86/><D135/><U133/><E133/><V119/><F119/><W29/><G104/><T18/><D86/><U128/><E128/><V67/><F67/><W33/><G42/><T70/><D70/><U100/><E106/><V121/><F121/><W105/><G105/><T25/><D35/><U126/><E31/><V79/><F79/><W34/><REACH who="3" step="1"/><G96/><REACH who="3" ten="333,402,53,202" step="2"/><T114/><D114/><U99/><E99/><V78/><F78/><W125/><G125/><T5/><D5/><U130/><E126/><V107/><F107/><W116/><G116/><T0/><D98/><U93/><E130/><V17/><F17/><W88/><G88/><T91/><REACH who="0" step="1"/><D101/><REACH who="0" ten="323,402,53,202" step="2"/><U64/><E102/><V112/><F112/><W95/><G95/><T87/><D87/><U90/><E93/><V11/><F11/><AGARI ba="5,2" hai="0,1,2,11,15,18,25,26,55,57,62,83,84,91" machi="11" ten="40,2600,0" yaku="1,1,53,1" doraHai="27" doraHaiUra="53" who="0" fromWho="2" sc="323,61,402,0,53,-41,202,0" />
</Scene>
<Scene>
<INIT seed="6,0,0,1,0,97" ten="384,402,12,202" oya="2" hai0="26,103,44,70,94,30,115,89,102,122,98,93,58" hai1="20,9,41,127,56,76,46,59,61,92,36,95,124" hai2="118,33,27,51,40,34,37,65,135,8,47,31,38" hai3="125,130,114,48,96,105,0,3,5,35,128,14,57"/><V16/><F16/><W134/><G35/><T23/><D122/><U108/><E108/><V110/><F110/><W63/><G114/><T68/><D115/><U39/><E76/><V24/><F24/><W90/><G48/><T42/><D58/><U109/><E109/><V22/><F22/><W73/><G73/><T82/><D82/><U101/><E9/><V6/><F6/><W117/><G117/><T116/><D116/><U80/><E80/><V85/><F85/><W64/><G125/><N who="1" m="48202" /><E39/><V74/><F74/><W113/><G113/><T71/><REACH who="0" step="1"/><D94/><REACH who="0" ten="374,402,12,202" step="2"/><N who="1" m="35883" /><E101/><V15/><F15/><W62/><G105/><T11/><D11/><U100/><E100/><V83/><F83/><W99/><G5/><T84/><D84/><U45/><E45/><V55/><F55/><W17/><G57/><N who="1" m="22090" /><E61/><V132/><F132/><W4/><G63/><T28/><D28/><U106/><E106/><V88/><F88/><W29/><G62/><T107/><D107/><U91/><E91/><V119/><F119/><W120/><G90/><T43/><D43/><U104/><E104/><V77/><F77/><W1/><G1/><T67/><D67/><U53/><E53/><V25/><F25/><W78/><G64/><T7/><D7/><U52/><E52/><V13/><F13/><W75/><G0/><T21/><D21/><AGARI ba="0,1" hai="20,21,36,41,46" m="22090,35883,48202" machi="21" ten="30,1000,0" yaku="18,1" doraHai="97" who="1" fromWho="0" sc="374,-10,402,20,12,0,202,0" />
</Scene>
<Scene>
<INIT seed="7,0,0,0,1,89" ten="364,422,12,202" oya="3" hai0="83,91,26,33,43,120,106,112,66,94,60,56,35" hai1="113,9,53,78,55,114,135,45,69,90,22,79,87" hai2="13,8,50,27,6,93,123,14,98,46,31,103,72" hai3="52,21,102,19,108,126,25,42,48,82,115,17,110"/><W76/><G102/><T64/><D120/><U54/><E69/><V104/><F104/><W127/><G42/><T71/><D106/><U23/><E135/><V39/><F39/><W7/><G7/><T32/><D43/><U30/><E45/><V18/><F18/><W1/><G1/><T12/><D112/><N who="1" m="43115" /><E9/><V74/><F74/><N who="3" m="43287" /><G115/><T4/><D26/><N who="1" m="16727" /><E23/><V99/><F99/><W36/><G36/><T119/><D119/><U40/><E40/><V92/><F92/><AGARI ba="0,0" hai="53,54,55,78,79,87,90,92" m="16727,43115" machi="92" ten="30,2000,0" yaku="15,1,52,1" doraHai="89" who="1" fromWho="2" sc="364,0,422,20,12,-20,202,0" owari="364,16.0,442,55.0,-8,-51.0,202,-20.0" />
</Scene>
</mjloggm>