<mjloggm ver="2.3"><GO type="169"/><UN n0="%E7%A5%9E%E7%AE%97%E9%AC%BC%E8%AC%80%E3%81%AE%E6%A5%B5%E3%81%BF" n1="%E3%83%96%E3%83%83%E3%83%91%E7%A5%9E" n2="%E6%9C%AC%E6%97%A5%E5%AE%9A%E4%BC%91%E6%97%A5" n3="%E5%A4%AA%E3%81%8F%E3%81%AA%E3%81%84%E3%81%8A" dan="16,17,16,18" rate="2090,2163,2108,2158" sx="M,M,M,M"/><TAIKYOKU oya="0"/>

<Scene>
<INIT seed="0,0,0,1,3,85" ten="250,250,250,250" oya="0" hai0="86,36,74,126,7,39,57,117,127,6,91,119,34" hai1="94,21,81,60,93,71,121,70,99,23,43,52,115" hai2="3,18,129,53,11,124,67,55,0,45,83,61,62" hai3="112,41,76,107,135,111,31,79,78,77,48,123,12"/><T40/><D74/><U4/><E121/><V118/><F129/><W64/><G112/><T95/><D34/><U109/><E115/><V122/><F122/><W97/><G123/><T114/><D114/><U47/><E109/><V2/><F124/><N who="0" m="47658" /><D57/><U88/><E4/><N who="0" m="1577" /><D40/><U28/><E81/><V96/><F118/><AGARI ba="0,0" hai="36,39,86,91,95,117,118,119" m="1577,47658" machi="118" ten="30,2900,0" yaku="18,1,52,1" doraHai="85" who="0" fromWho="2" sc="250,29,250,0,250,-29,250,0" />
</Scene>
<Scene>
<INIT seed="0,1,0,2,3,81" ten="279,250,221,250" oya="0" hai0="114,4,59,125,67,62,10,91,72,111,36,97,76" hai1="90,20,8,58,28,46,21,18,110,113,112,80,40" hai2="96,61,118,70,45,88,100,55,92,109,132,52,89" hai3="30,56,79,47,99,101,38,6,77,94,116,27,86"/><T16/><D114/><U78/><E110/><V127/><F109/><W69/><G69/><T129/><D36/><U22/><E28/><V17/><F132/><W102/><G116/><T48/><D111/><U13/><E58/><N who="2" m="35015" /><F70/><W23/><G6/><T54/><D76/><U122/><E90/><V120/><F120/><W98/><G56/><T123/><D72/><U37/><REACH who="1" step="1"/><E122/><REACH who="1" ten="279,240,221,250" step="2"/><V49/><F118/><W32/><G32/><T103/><D123/><U64/><E64/><V105/><F127/><W44/><G79/><T121/><D121/><U104/><E104/><V130/><F105/><W66/><G66/><T93/><D125/><U3/><E3/><V41/><F130/><W65/><G65/><T57/><D129/><U117/><E117/><V75/><F75/><AGARI ba="1,1" hai="8,13,18,20,21,22,37,40,46,75,78,80,112,113" machi="75" ten="40,5200,0" yaku="1,1,53,2" doraHai="81" doraHaiUra="108" who="1" fromWho="2" sc="279,0,240,65,221,-55,250,0" />
</Scene>
<Scene>
<INIT seed="1,0,0,4,0,96" ten="279,305,166,250" oya="1" hai0="20,74,9,85,112,124,52,107,134,46,18,26,31" hai1="120,106,33,62,37,48,32,49,10,24,58,122,40" hai2="42,128,114,113,109,61,57,17,79,125,104,59,27" hai3="90,30,123,14,53,83,16,54,56,131,92,21,22"/><U119/><E119/><V19/><F109/><W129/><G123/><T94/><D74/><U64/><E106/><V127/><F79/><W35/><G35/><T45/><D107/><U11/><E37/><V29/><F42/><W0/><G0/><T84/><D112/><N who="2" m="43114" /><F104/><W77/><G30/><T89/><D124/><N who="2" m="47690" /><F128/><N who="3" m="49227" /><G22/><T41/><D134/><U3/><E33/><N who="2" m="20671" /><F59/><W72/><G56/><T65/><D41/><U6/><E40/><V34/><F34/><W111/><G111/><T135/><D135/><U101/><E32/><V36/><F36/><W88/><G90/><T47/><D65/><AGARI ba="0,0" hai="17,19,57,61,65" m="20671,47690,43114" machi="65" ten="30,2000,0" yaku="11,1,18,1" doraHai="96" who="2" fromWho="0" sc="279,-20,305,0,166,20,250,0" />
</Scene>
<Scene>
<INIT seed="2,0,0,3,4,66" ten="259,305,186,250" oya="2" hai0="87,10,45,8,90,73,100,11,44,19,61,122,48" hai1="18,16,28,114,125,76,84,21,35,2,129,93,80" hai2="39,81,120,32,62,78,49,47,6,60,3,134,75" hai3="72,14,106,41,82,98,9,109,43,50,70,17,54"/><V131/><F120/><W128/><G109/><T36/><D73/><U97/><E114/><V58/><F32/><W123/><G123/><T53/><D36/><U42/><E2/><V108/><F134/><W79/><G128/><T126/><D122/><U67/><E129/><V119/><F119/><W59/><REACH who="3" step="1"/><G70/><REACH who="3" ten="259,305,186,240" step="2"/><T124/><D126/><U27/><E125/><V68/><F131/><W113/><G113/><T121/><D124/><U22/><E67/><V13/><F108/><W4/><G4/><T101/><D121/><U104/><E104/><V132/><F132/><W118/><G118/><T107/><D107/><U52/><E42/><N who="2" m="23007" /><F68/><W26/><G26/><T110/><D110/><U1/><E27/><V116/><F116/><W64/><G64/><T51/><D19/><U24/><E18/><V46/><F13/><W99/><G99/><T71/><D71/><U115/><E97/><V92/><F58/><W111/><G111/><T0/><D0/><U83/><E1/><V7/><F7/><W31/><G31/><T74/><D44/><U23/><E28/><V34/><F34/><W69/><G69/><T95/><D45/><U25/><E35/><V102/><F6/><W77/><G77/><T30/><D30/><U37/><E115/><V65/><F3/><W29/><G29/><T94/><D74/><U15/><E76/><V56/><F65/><W133/><G133/><T112/><D112/><U63/><E25/><V85/><F56/><W12/><G12/><T130/><D130/><U103/><E24/><V57/><F57/><W88/><G88/><T135/><D90/><RYUUKYOKU ba="0,1" sc="259,-10,305,-10,186,-10,240,30" hai3="9,14,17,41,43,50,54,59,72,79,82,98,106" />
</Scene>
<Scene>
<INIT seed="3,1,1,0,3,112" ten="249,295,176,270" oya="3" hai0="0,64,92,53,61,95,103,126,15,33,107,119,24" hai1="99,120,133,34,59,31,10,114,123,3,125,9,39" hai2="8,27,90,83,116,75,60,81,69,1,67,30,51" hai3="14,6,41,11,17,108,101,87,13,26,21,28,5"/><W46/><G108/><T71/><D0/><U19/><E114/><V76/><F1/><W54/><G101/><T134/><D134/><U62/><E39/><V35/><F8/><W52/><G87/><T4/><D126/><U66/><E125/><V110/><F110/><W44/><G5/><T2/><D2/><U74/><E74/><V121/><F121/><W84/><G84/><T115/><D115/><U73/><E133/><V18/><F18/><W109/><G109/><T22/><D119/><U111/><E111/><V23/><F35/><W91/><G91/><T47/><D4/><U37/><E73/><V122/><F122/><W36/><REACH who="3" step="1"/><G46/><REACH who="3" ten="249,295,176,260" step="2"/><T49/><D103/><U131/><E123/><V100/><F100/><W124/><G124/><T63/><D47/><U70/><E120/><V72/><F90/><W88/><G88/><T82/><D107/><U128/><E3/><V113/><F113/><W29/><G29/><T106/><D106/><U97/><E31/><V96/><F96/><W118/><G118/><T57/><D95/><U85/><E99/><V32/><F116/><W127/><G127/><T12/><D92/><U104/><E97/><V25/><F75/><W132/><G132/><T129/><D82/><U105/><E104/><V86/><F83/><W38/><G38/><T93/><D93/><U55/><E105/><V65/><F72/><W102/><G102/><T78/><D78/><U135/><E37/><V45/><F81/><W50/><G50/><T42/><D49/><U68/><E135/><V77/><F76/><W94/><G94/><T89/><D89/><RYUUKYOKU ba="1,2" sc="249,-10,295,-10,176,-10,260,30" hai3="6,11,13,14,17,21,26,28,36,41,44,52,54" />
</Scene>
<Scene>
<INIT seed="3,2,2,0,1,23" ten="239,285,166,290" oya="3" hai0="86,47,103,38,127,57,7,60,46,85,62,74,16" hai1="4,113,134,108,3,79,40,41,104,55,70,100,105" hai2="68,119,120,18,63,88,135,37,122,92,56,49,2" hai3="43,52,131,109,78,97,9,117,94,110,45,77,96"/><W129/><G117/><T53/><D74/><U66/><E113/><V22/><F37/><N who="3" m="21743" /><G9/><T81/><D127/><U14/><E3/><V90/><F2/><W123/><G123/><N who="2" m="47145" /><F119/><W112/><G112/><T11/><D103/><U115/><E115/><V65/><F135/><W91/><G97/><T59/><D38/><U48/><E134/><V106/><F106/><W28/><G28/><T25/><D86/><U8/><E108/><N who="3" m="41578" /><G52/><N who="0" m="33831" /><D11/><U42/><E8/><V6/><F6/><W82/><G77/><N who="0" m="46255" /><D7/><U54/><E4/><V116/><F116/><W29/><G29/><T19/><D19/><U125/><E79/><V10/><F10/><W1/><G1/><T69/><D69/><U114/><E70/><V132/><F132/><W99/><G99/><T84/><D84/><AGARI ba="2,2" hai="78,82,84,91,94,96,129,131" m="41578,21743" machi="84" ten="30,2900,0" yaku="14,1,10,1" doraHai="23" who="3" fromWho="0" sc="239,-35,285,0,166,0,290,55" />
</Scene>
<Scene>
<INIT seed="3,3,0,3,3,10" ten="204,285,166,345" oya="3" hai0="94,135,11,40,107,69,33,117,38,92,87,20,78" hai1="21,6,99,96,61,114,22,28,123,122,121,98,119" hai2="23,39,54,82,56,85,111,75,29,43,48,2,71" hai3="59,30,34,26,36,103,31,19,113,25,24,63,70"/><W46/><G113/><T47/><D33/><U134/><E114/><V86/><F2/><W32/><G103/><T106/><D69/><U131/><E134/><V77/><F111/><W58/><G70/><T62/><D117/><U102/><E119/><V9/><F9/><W105/><G105/><T73/><D73/><U4/><E102/><V109/><F109/><W13/><G25/><T124/><D135/><U108/><E108/><V128/><F128/><W15/><G19/><T132/><D132/><U42/><E131/><V90/><F29/><W7/><G7/><T115/><D124/><U57/><E42/><V74/><F23/><W80/><G80/><T112/><D20/><U52/><REACH who="1" step="1"/><E21/><REACH who="1" ten="204,275,166,345" step="2"/><V60/><F43/><W5/><G34/><T53/><D112/><U64/><E64/><V0/><F39/><W50/><G36/><T18/><D115/><U95/><E95/><V89/><F0/><W72/><G32/><T129/><D106/><U55/><E55/><V66/><REACH who="2" step="1"/><F77/><REACH who="2" ten="204,275,156,345" step="2"/><W125/><G31/><T79/><D78/><U127/><E127/><V83/><AGARI ba="3,2" hai="48,54,56,60,66,71,74,75,82,83,85,86,89,90" machi="83" ten="20,8000,1" yaku="1,1,2,1,0,1,7,1,9,1,53,0" doraHai="10" doraHaiUra="12" who="2" fromWho="2" sc="204,-23,275,-23,156,109,345,-43" />
</Scene>
<Scene>
<INIT seed="4,0,0,0,4,87" ten="181,252,265,302" oya="0" hai0="121,68,28,49,80,5,104,4,81,92,69,6,85" hai1="29,43,17,48,37,77,100,73,88,70,107,126,7" hai2="35,52,117,82,102,115,47,78,46,124,118,9,130" hai3="125,103,131,34,20,45,84,96,79,67,129,99,15"/><T65/><D104/><U119/><E119/><N who="2" m="45579" /><F35/><W60/><G34/><T98/><D121/><U111/><E111/><V13/><F115/><W41/><G125/><T71/><D28/><U21/><E70/><V55/><F124/><W24/><G15/><T23/><D23/><U105/><E126/><V135/><F102/><W112/><G112/><T64/><D49/><U89/><E37/><V54/><F135/><W94/><G96/><T44/><D44/><U72/><E29/><V38/><F38/><W106/><G79/><T8/><D8/><U110/><E110/><V128/><F47/><W33/><G84/><T62/><D62/><U3/><E3/><V42/><F42/><W51/><G33/><T22/><D22/><U56/><E7/><N who="2" m="3263" /><F46/><W36/><G36/><T63/><D63/><U114/><E114/><V2/><F2/><W90/><G106/><T120/><D120/><U50/><E43/><V31/><F31/><W19/><REACH who="3" step="1"/><G103/><REACH who="3" ten="181,252,265,292" step="2"/><T101/><REACH who="0" step="1"/><D80/><REACH who="0" ten="171,252,265,292" step="2"/><U122/><E105/><V25/><F25/><W133/><G133/><T27/><D27/><U132/><E107/><V58/><F82/><W134/><G134/><T123/><D123/><U74/><E122/><V97/><F130/><W16/><G16/><T113/><D113/><U40/><E132/><V109/><F128/><W0/><G0/><T26/><D26/><U75/><N who="1" m="18432" /><DORA hai="14" /><U93/><E93/><V12/><F109/><W127/><G127/><T10/><D10/><U39/><E21/><V86/><F12/><W95/><G95/><T76/><AGARI ba="0,2" hai="4,5,6,64,65,68,69,71,76,81,85,92,98,101" machi="76" ten="40,3900,0" yaku="1,1,0,1,53,0" doraHai="87,14" doraHaiUra="59,32" who="0" fromWho="0" sc="171,59,252,-13,265,-13,292,-13" />
</Scene>
<Scene>
<INIT seed="4,1,0,1,3,24" ten="230,239,252,279" oya="0" hai0="4,64,30,63,112,15,31,53,79,73,81,54,76" hai1="102,110,57,47,84,36,43,121,130,127,83,10,9" hai2="45,13,49,109,68,91,19,133,44,125,113,48,106" hai3="56,86,59,131,55,25,108,114,134,17,67,135,105"/><T132/><D79/><U126/><E110/><V123/><F109/><W89/><G108/><T93/><D132/><N who="3" m="50729" /><G105/><T103/><D112/><U90/><E121/><V22/><F68/><W1/><G1/><T40/><D40/><U111/><E111/><V88/><F133/><W92/><G114/><T51/><D51/><U2/><E130/><V96/><F123/><W66/><G131/><T12/><D103/><U99/><E57/><N who="3" m="22090" /><G55/><T62/><D93/><U35/><E35/><V128/><F128/><W98/><G98/><T100/><D100/><U120/><E120/><V101/><F125/><N who="1" m="47625" /><E2/><V72/><F72/><W20/><AGARI ba="1,0" hai="17,20,25,66,67,86,89,92" m="22090,50729" machi="20" ten="30,1100,0" yaku="20,1" doraHai="24" who="3" fromWho="3" sc="230,-6,239,-4,252,-4,279,14" />
</Scene>
<Scene>
<INIT seed="5,0,0,2,1,60" ten="224,235,248,293" oya="1" hai0="52,86,71,57,9,20,23,130,36,73,109,66,108" hai1="22,38,50,127,96,76,67,133,125,30,104,43,65" hai2="97,81,2,93,77,91,5,27,46,79,82,75,41" hai3="99,135,123,56,111,103,49,83,54,7,121,8,19"/><U119/><E119/><V45/><F27/><W87/><G111/><T113/><D73/><U47/><E133/><V10/><REACH who="2" step="1"/><F41/><REACH who="2" ten="224,235,238,293" step="2"/><W115/><G135/><T24/><D108/><U44/><E43/><V28/><F28/><W61/><G123/><T95/><D109/><U98/><E30/><V18/><F18/><W74/><G19/><T37/><D24/><U6/><E6/><V21/><F21/><W4/><G4/><T101/><D20/><U48/><E22/><V39/><F39/><W100/><G121/><T63/><D23/><U51/><E38/><V131/><F131/><W90/><G7/><T120/><D130/><U85/><E44/><V35/><F35/><W40/><G40/><T31/><D31/><U114/><E47/><V116/><F116/><W15/><G8/><T3/><D120/><U59/><E125/><V72/><AGARI ba="0,1" hai="2,5,10,45,46,72,75,77,79,81,82,91,93,97" machi="72" ten="20,8000,1" yaku="1,1,0,1,7,1,9,1,53,1" doraHai="60" doraHaiUra="89" who="2" fromWho="2" sc="224,-20,235,-40,238,90,293,-20" />
</Scene>
<Scene>
<INIT seed="6,0,0,0,1,68" ten="204,195,328,273" oya="2" hai0="26,15,66,103,58,131,89,49,85,73,33,93,40" hai1="61,67,119,32,80,44,123,28,126,69,24,70,64" hai2="45,76,129,51,118,57,16,60,7,31,82,78,52" hai3="14,59,132,35,102,111,95,75,47,108,54,122,8"/><V124/><F118/><W17/><G122/><T79/><D131/><U39/><E119/><V19/><F129/><W12/><G75/><T9/><D103/><U104/><E80/><V71/><F124/><W25/><G132/><T63/><D73/><U81/><E81/><V2/><F31/><W37/><G35/><T10/><D79/><U97/><E126/><V65/><F78/><W43/><G25/><T74/><D74/><U114/><E123/><V34/><F34/><W77/><G77/><T90/><D26/><U30/><E30/><V112/><F112/><W56/><G56/><T6/><D33/><U134/><E114/><V22/><F22/><W50/><G102/><T11/><D89/><U109/><E109/><V117/><F117/><W72/><G72/><T116/><D116/><U42/><E134/><V125/><F125/><W4/><G95/><T115/><D115/><U133/><E133/><V106/><F106/><W62/><G62/><T98/><D98/><U21/><E21/><AGARI ba="0,0" hai="4,8,12,14,17,21,37,43,47,50,54,59,108,111" machi="21" ten="30,2000,0" yaku="7,1,52,1" doraHai="68" who="3" fromWho="1" sc="204,0,195,-20,328,0,273,20" />
</Scene>
<Scene>
<INIT seed="7,0,0,1,0,34" ten="204,175,328,293" oya="3" hai0="73,14,106,61,89,79,32,104,111,127,94,124,37" hai1="3,23,28,71,103,2,4,52,22,105,90,25,47" hai2="65,39,69,82,80,120,116,84,44,100,38,50,16" hai3="74,15,107,41,119,30,59,108,115,114,55,125,128"/><W110/><G119/><T7/><D32/><U134/><E71/><V77/><F116/><W26/><G74/><T56/><D37/><U129/><E129/><V133/><F133/><W17/><G107/><T91/><D111/><N who="3" m="42537" /><G41/><T46/><D46/><U12/><E134/><V70/><F100/><W6/><G6/><T72/><D14/><U35/><E105/><N who="0" m="40553" /><D7/><U83/><E103/><V58/><F120/><W88/><G128/><T24/><D24/><U5/><E83/><V122/><F122/><W10/><G125/><N who="0" m="48203" /><D79/><U19/><E90/><N who="0" m="34313" /><D94/><U43/><E52/><AGARI ba="0,0" hai="52,56,61,72,73" m="34313,48203,40553" machi="52" ten="30,2000,0" yaku="18,1,54,1" doraHai="34" who="0" fromWho="1" sc="204,20,175,-20,328,0,293,0" owari="224,-18.0,155,-34.0,328,43.0,293,9.0" />
</Scene>
</mjloggm>