<mjloggm ver="2.3"><GO type="169"/><UN n0="%61%6B%69%6E%61%72%69%30" n1="%E5%A4%AA%E3%81%8F%E3%81%AA%E3%81%84%E3%81%8A" n2="%E3%81%91%E3%82%93%31%39%37%30" n3="%E6%9C%AC%E5%A0%82%E6%B2%99%E4%B9%9F%E5%8A%A0" dan="17,17,16,16" rate="2140,2172,2130,2069" sx="F,M,M,F"/><TAIKYOKU oya="0"/>

<Scene>
<INIT seed="0,0,0,1,4,30" ten="250,250,250,250" oya="0" hai0="94,88,109,89,44,46,76,122,102,18,81,42,133" hai1="129,0,135,98,93,84,83,19,82,15,24,106,52" hai2="126,90,12,63,85,7,101,4,132,107,36,17,11" hai3="67,66,61,124,53,121,130,86,96,105,112,6,113"/><T34/><D34/><U80/><E0/><V123/><F36/><W50/><G6/><T116/><D116/><U62/><E135/><V23/><F123/><W55/><G105/><T103/><D122/><U114/><E129/><V13/><F132/><W100/><G100/><T131/><D133/><U70/><E114/><V54/><F126/><W35/><G121/><T10/><D131/><U78/><E106/><V38/><F38/><W28/><G130/><T3/><D3/><U72/><E24/><V75/><F75/><W110/><G28/><T40/><D109/><U21/><E72/><V14/><F107/><W41/><G110/><T5/><D5/><U22/><E22/><V65/><F101/><N who="0" m="38410" /><D76/><U51/><E62/><V127/><F54/><W79/><G35/><T73/><D73/><U27/><E15/><V57/><F127/><W16/><G124/><T31/><D31/><U49/><E49/><V58/><F58/><W74/><G74/><T8/><D81/><U91/><REACH who="1" step="1"/><E70/><REACH who="1" ten="250,240,250,250" step="2"/><V117/><F117/><W99/><G113/><T32/><D32/><U128/><E128/><V47/><F7/><W120/><G112/><T125/><D125/><U108/><E108/><V26/><REACH who="2" step="1"/><F47/><AGARI ba="0,1" hai="19,21,27,47,51,52,78,80,82,83,84,91,93,98" machi="47" ten="30,7700,0" yaku="1,1,7,1,8,1,54,1,53,0" doraHai="30" doraHaiUra="115" who="1" fromWho="2" sc="250,0,240,87,250,-77,250,0" />
</Scene>
<Scene>
<INIT seed="1,0,0,1,4,97" ten="250,327,173,250" oya="1" hai0="102,94,81,3,33,92,39,124,84,14,85,129,130" hai1="96,99,37,133,106,67,131,41,20,42,40,58,57" hai2="119,80,75,35,15,66,116,1,56,128,34,72,59" hai3="2,9,60,7,77,26,135,101,62,91,71,113,108"/><U18/><E37/><V125/><F1/><W55/><G113/><T73/><D3/><U122/><E122/><V117/><F66/><W54/><G77/><N who="0" m="44207" /><D33/><U103/><E131/><N who="0" m="50185" /><D14/><U107/><E133/><V100/><F128/><W25/><G135/><T95/><D39/><U17/><E67/><V114/><F114/><W93/><G108/><T11/><D11/><U29/><E29/><V89/><F15/><W38/><G38/><T8/><D8/><U47/><E47/><V51/><F51/><W111/><G111/><T90/><D124/><U21/><REACH who="1" step="1"/><E42/><REACH who="1" ten="250,317,173,250" step="2"/><V123/><F125/><W4/><G2/><T121/><D121/><U87/><E87/><N who="0" m="33353" /><D90/><U43/><E43/><V49/><F89/><W63/><G91/><T98/><AGARI ba="0,1" hai="92,94,95,98,102" m="33353,50185,44207" machi="98" ten="30,7900,0" yaku="19,1,34,2,52,1" doraHai="97" who="0" fromWho="0" sc="250,89,317,-39,173,-20,250,-20" />
</Scene>
<Scene>
<INIT seed="2,0,0,2,3,129" ten="339,278,153,230" oya="2" hai0="83,39,14,66,61,114,125,127,44,105,64,53,21" hai1="121,5,13,50,45,109,104,24,42,118,46,0,87" hai2="134,113,16,11,3,94,49,99,120,57,122,115,111" hai3="117,92,6,17,29,78,51,88,135,2,62,7,32"/><V56/><F3/><W75/><G117/><T80/><D105/><U67/><E118/><V55/><F57/><W130/><G130/><T10/><D114/><U59/><E104/><V100/><F111/><W72/><G72/><T41/><D21/><U26/><E109/><V43/><F43/><W123/><G123/><T108/><D108/><U33/><E121/><V12/><REACH who="2" step="1"/><F134/><REACH who="2" ten="339,278,143,230" step="2"/><W73/><G2/><T86/><D125/><U96/><E0/><V8/><F8/><W34/><G135/><T31/><D10/><U27/><E42/><V52/><F52/><W60/><G51/><T47/><D53/><U25/><E50/><V98/><F98/><W128/><G128/><T93/><D41/><U48/><E96/><V28/><F28/><W22/><G29/><T97/><D31/><U131/><E131/><V18/><F18/><W85/><G17/><T101/><D97/><U91/><E48/><V81/><F81/><W63/><G63/><T124/><D83/><U112/><E59/><V23/><F23/><W9/><G22/><T20/><D80/><U58/><E58/><V103/><F103/><W69/><G62/><T77/><D61/><U40/><E40/><V133/><F133/><W102/><G60/><T79/><D101/><U84/><E112/><AGARI ba="0,1" hai="11,12,16,49,55,56,94,99,100,112,113,115,120,122" machi="112" ten="40,3900,0" yaku="1,1,54,1,53,0" doraHai="129" doraHaiUra="74" who="2" fromWho="1" sc="339,0,278,-39,143,49,230,0" />
</Scene>
<Scene>
<INIT seed="2,1,0,2,4,43" ten="339,239,192,230" oya="2" hai0="35,75,14,121,76,42,46,104,106,30,7,40,66" hai1="23,4,123,56,77,119,91,67,132,21,116,112,135" hai2="87,34,70,5,96,16,134,85,111,33,58,120,50" hai3="122,100,15,49,128,68,115,101,64,59,93,78,63"/><V83/><F70/><W88/><G122/><T126/><D121/><U82/><E123/><V92/><F120/><W27/><G128/><T99/><D66/><U29/><E112/><V103/><F5/><W81/><G115/><T107/><D126/><U39/><E39/><V113/><F113/><W117/><G117/><N who="1" m="45130" /><E4/><V89/><F134/><N who="1" m="51241" /><E91/><V131/><F131/><W2/><G2/><T0/><D14/><U44/><E29/><V36/><F36/><W61/><G15/><T8/><D42/><U95/><E95/><V48/><F111/><W79/><G79/><T69/><D69/><U97/><E97/><V125/><F125/><W20/><G49/><T6/><D6/><U90/><E90/><V62/><F33/><W65/><G78/><T18/><D18/><U1/><E1/><V9/><F34/><W11/><G11/><T57/><D99/><U127/><E44/><V53/><F87/><W32/><G32/><T26/><D57/><U98/><E98/><V73/><F73/><W25/><G81/><N who="0" m="45215" /><D107/><U109/><E127/><V13/><AGARI ba="1,0" hai="9,13,16,48,50,53,58,62,83,85,89,92,96,103" machi="13" ten="30,6000,0" yaku="0,1,8,1,54,1" doraHai="43" who="2" fromWho="2" sc="339,-21,239,-21,192,63,230,-21" />
</Scene>
<Scene>
<INIT seed="2,2,0,3,0,29" ten="318,218,255,209" oya="2" hai0="36,78,1,87,5,82,19,28,94,33,21,52,74" hai1="108,3,73,81,116,110,12,42,27,23,109,20,115" hai2="37,105,38,17,100,61,124,55,90,57,83,96,46" hai3="111,122,97,48,32,6,118,43,50,31,35,14,84"/><V130/><F130/><W117/><G122/><T77/><D36/><U60/><E116/><V16/><F124/><W127/><G127/><T91/><D1/><U10/><E115/><V67/><F38/><W68/><G31/><T135/><D5/><N who="1" m="1343" /><E42/><V69/><F83/><W8/><G68/><T41/><D41/><U9/><E60/><V120/><F120/><W112/><G112/><T133/><D78/><N who="1" m="44239" /><E27/><V64/><F64/><W39/><G39/><T76/><D76/><U15/><E15/><V53/><F90/><W72/><G72/><T88/><D91/><U99/><E99/><V113/><F113/><W89/><G97/><T101/><D101/><U125/><E125/><V11/><F11/><W65/><G65/><T30/><D52/><U56/><E56/><V2/><F2/><W47/><G50/><T66/><D66/><U86/><E86/><V49/><F55/><W80/><REACH who="3" step="1"/><G111/><REACH who="3" ten="318,218,255,199" step="2"/><T7/><D74/><U114/><E114/><V13/><F37/><W58/><G58/><T22/><D133/><U71/><E71/><V40/><F69/><W85/><G85/><T54/><D87/><U26/><E109/><V126/><F126/><W45/><G45/><T0/><D135/><U63/><E110/><V4/><F67/><W123/><G123/><T59/><D59/><U79/><E108/><V129/><F129/><W92/><G92/><T98/><D94/><U132/><E132/><V44/><F46/><W121/><G121/><T70/><D70/><U103/><E63/><V18/><F4/><W119/><AGARI ba="2,1" hai="6,8,14,32,35,43,47,48,80,84,89,117,118,119" machi="119" ten="30,7900,0" yaku="1,1,0,1,52,2,53,0" doraHai="29" doraHaiUra="134" who="3" fromWho="3" sc="318,-22,218,-22,255,-41,199,95" />
</Scene>
<Scene>
<INIT seed="3,0,0,2,1,87" ten="296,196,214,294" oya="3" hai0="91,65,83,79,60,16,68,103,78,39,59,125,96" hai1="64,0,128,37,90,108,121,133,50,6,63,97,92" hai2="24,131,106,124,47,86,21,120,23,55,33,25,67" hai3="5,8,57,62,12,20,93,7,31,123,13,15,110"/><W118/><G118/><T132/><D39/><U130/><E121/><V14/><F106/><W11/><G123/><T80/><D68/><U34/><E37/><V115/><F120/><W66/><G110/><T122/><D122/><U126/><E34/><V104/><F104/><W135/><G135/><T27/><D132/><U58/><E133/><V100/><F67/><W73/><G73/><T46/><D46/><U72/><E72/><V30/><F100/><W41/><G41/><T95/><D125/><U32/><E32/><V17/><F115/><W28/><G93/><T109/><D109/><U1/><E108/><V44/><F124/><W42/><REACH who="3" step="1"/><G42/><REACH who="3" ten="296,196,214,284" step="2"/><T76/><D103/><U74/><E74/><V51/><F131/><W38/><G38/><T3/><D3/><U36/><E36/><V111/><F111/><W107/><G107/><T26/><D26/><U35/><E126/><V98/><F25/><W69/><G69/><T4/><D4/><U56/><E6/><V29/><F24/><W127/><G127/><T19/><D27/><U49/><E35/><V84/><F33/><W77/><G77/><T94/><D95/><U102/><E1/><V75/><F75/><W99/><G99/><T18/><AGARI ba="0,1" hai="16,18,19,59,60,65,76,78,79,80,83,91,94,96" machi="18" ten="30,7900,0" yaku="0,1,8,1,52,1,54,1" doraHai="87" who="0" fromWho="0" sc="296,89,196,-20,214,-20,284,-39" />
</Scene>
<Scene>
<INIT seed="4,0,0,4,0,21" ten="385,176,194,245" oya="0" hai0="73,94,88,70,59,127,129,99,24,92,16,79,85" hai1="54,53,126,39,93,68,10,6,130,103,22,57,20" hai2="83,25,108,134,112,122,74,66,116,23,107,106,91" hai3="118,100,44,117,45,121,43,12,120,89,114,76,98"/><T62/><D70/><U36/><E68/><V3/><F3/><W26/><G76/><T58/><D73/><U104/><E104/><V29/><F122/><W17/><G26/><T113/><D113/><U56/><E126/><V48/><F112/><W31/><G31/><T133/><D129/><U32/><E32/><V132/><F108/><W34/><G34/><T60/><D133/><U84/><E130/><V82/><F116/><W63/><G63/><N who="0" m="24107" /><D127/><U42/><E42/><V40/><F66/><W55/><G114/><T28/><D28/><U18/><E103/><V67/><F67/><W80/><G100/><N who="0" m="60519" /><D79/><U7/><E93/><V8/><F107/><W109/><G120/><T86/><D85/><U46/><E84/><V90/><F106/><W14/><G121/><T4/><D4/><U72/><E72/><V135/><F8/><W119/><G119/><T64/><D64/><U69/><E69/><V105/><F105/><W41/><G117/><T19/><D19/><U51/><E10/><V78/><F83/><W52/><G17/><T30/><D30/><U81/><E81/><V97/><F97/><W15/><G80/><T102/><D102/><U128/><E18/><V11/><F11/><W123/><G123/><T1/><D1/><U101/><E101/><V2/><F2/><W111/><G118/><T61/><D61/><N who="1" m="35983" /><E128/><V77/><F77/><W33/><G109/><T131/><D131/><U47/><E39/><V35/><F35/><W95/><G111/><T9/><D9/><U71/><E71/><V5/><F5/><N who="1" m="1545" /><E36/><V27/><F135/><W110/><G110/><RYUUKYOKU ba="0,0" sc="385,15,176,15,194,-15,245,-15" hai0="16,24,58,59,86,88,94" hai1="20,22,46,47,51,54,57" />
</Scene>
<Scene>
<INIT seed="4,1,0,1,1,60" ten="400,191,179,230" oya="0" hai0="123,19,26,28,47,46,101,109,61,124,7,83,43" hai1="71,88,36,89,15,58,106,16,62,116,56,90,29" hai2="77,63,103,3,45,1,70,99,59,78,25,108,122" hai3="33,84,32,27,8,86,135,129,73,42,121,72,126"/><T120/><D124/><U30/><E116/><V111/><F122/><W2/><G126/><T119/><D119/><U68/><E106/><V93/><F70/><W34/><G121/><T52/><D101/><U31/><E36/><V21/><F3/><W9/><G42/><T10/><D109/><U85/><E85/><V102/><F1/><W95/><G95/><T74/><D19/><U40/><E40/><V98/><F45/><W51/><G2/><T113/><D113/><U100/><E100/><V13/><F13/><W66/><G34/><T39/><D47/><U20/><REACH who="1" step="1"/><E56/><REACH who="1" ten="400,181,179,230" step="2"/><V0/><F111/><W11/><G86/><T92/><D43/><U81/><E81/><V94/><F108/><W105/><G84/><T41/><D83/><U22/><E22/><V96/><F96/><W65/><G105/><T114/><D41/><U48/><E48/><V132/><F132/><W112/><G51/><T134/><D39/><U18/><E18/><V82/><F82/><W6/><G135/><T97/><D134/><U67/><AGARI ba="1,1" hai="15,16,20,29,30,31,58,62,67,68,71,88,89,90" machi="67" ten="30,12000,2" yaku="1,1,0,1,52,1,54,2,53,1" doraHai="60" doraHaiUra="17" who="1" fromWho="1" sc="400,-61,181,133,179,-31,230,-31" />
</Scene>
<Scene>
<INIT seed="5,0,0,0,4,15" ten="339,314,148,199" oya="1" hai0="22,84,121,0,85,9,113,56,55,53,96,115,88" hai1="108,2,37,71,117,12,82,86,131,79,89,65,104" hai2="38,3,50,19,24,91,63,124,13,78,99,97,5" hai3="23,42,116,80,127,44,34,73,69,33,47,51,128"/><U10/><E117/><V74/><F38/><W125/><G116/><T95/><D121/><U111/><E37/><V76/><F3/><W134/><G69/><T64/><D64/><U94/><E104/><V1/><F1/><W20/><G134/><T35/><D35/><U135/><E2/><V62/><F74/><W46/><G128/><T75/><D75/><U72/><E131/><V90/><F24/><W6/><G6/><T32/><D32/><N who="3" m="12393" /><G80/><T119/><D119/><U81/><E135/><V106/><F50/><W133/><G133/><T26/><D9/><U17/><REACH who="1" step="1"/><E82/><REACH who="1" ten="339,304,148,199" step="2"/><V54/><F106/><W57/><G127/><T4/><D0/><U41/><E41/><V14/><F124/><W110/><G125/><T130/><D130/><U48/><E48/><V60/><F60/><AGARI ba="0,1" hai="10,12,17,60,65,71,72,79,81,86,89,94,108,111" machi="60" ten="40,3900,0" yaku="1,1,52,1,53,0" doraHai="15" doraHaiUra="40" who="1" fromWho="2" sc="339,0,304,49,148,-39,199,0" />
</Scene>
<Scene>
<INIT seed="5,1,0,3,2,27" ten="339,353,109,199" oya="1" hai0="8,64,51,19,92,78,10,118,84,131,66,12,112" hai1="104,83,16,123,73,62,46,127,70,13,93,69,50" hai2="35,74,91,106,56,107,105,72,2,125,95,28,45" hai3="17,88,47,71,103,129,33,37,53,97,34,124,24"/><U11/><E104/><V48/><F2/><W87/><G124/><T6/><D118/><U36/><E123/><V54/><F125/><W52/><G71/><T81/><D112/><U63/><E36/><V109/><F109/><W65/><G65/><T113/><D113/><U100/><E127/><V67/><F67/><W55/><G129/><T42/><D131/><U102/><E69/><V116/><F116/><W14/><G37/><T30/><D92/><U68/><E68/><V121/><F121/><W86/><G47/><N who="0" m="26103" /><D30/><U80/><E70/><V25/><REACH who="2" step="1"/><F45/><REACH who="2" ten="339,353,99,199" step="2"/><W119/><G119/><T4/><D64/><U5/><E46/><V90/><F90/><W134/><G134/><T29/><D66/><U115/><E115/><V128/><F128/><W79/><G79/><T77/><D78/><U120/><E120/><V15/><F15/><W0/><G0/><T85/><D77/><U108/><E13/><V82/><F82/><W114/><G114/><T89/><D81/><U122/><E83/><V110/><F110/><W126/><G126/><T18/><D89/><U26/><E108/><V9/><F9/><W76/><G76/><T1/><D1/><U44/><E11/><V23/><F23/><W111/><G88/><T58/><D10/><U133/><E80/><V22/><F22/><N who="3" m="13391" /><G111/><T117/><D117/><U57/><E122/><V98/><AGARI ba="1,1" hai="25,28,35,48,54,56,72,74,91,95,98,105,106,107" machi="98" ten="30,7900,0" yaku="1,1,0,1,52,1,53,1" doraHai="27" doraHaiUra="21" who="2" fromWho="2" sc="339,-21,353,-40,99,92,199,-21" />
</Scene>
<Scene>
<INIT seed="6,0,0,0,3,107" ten="318,313,191,178" oya="2" hai0="78,5,103,63,38,52,50,65,111,110,14,41,46" hai1="58,59,86,34,88,128,62,13,98,81,71,116,75" hai2="100,115,89,9,84,132,25,121,95,101,39,40,55" hai3="54,35,51,112,108,74,44,79,129,82,91,73,17"/><V11/><F121/><W30/><G108/><T27/><D103/><U105/><E116/><V93/><F132/><W102/><G102/><T24/><D78/><U56/><E34/><V12/><F115/><W64/><G112/><T7/><D27/><U1/><E1/><V18/><F39/><W97/><G129/><T26/><D26/><U33/><E33/><V126/><F40/><W122/><G122/><T19/><D24/><U72/><E128/><V15/><F25/><W61/><G30/><T120/><D120/><U37/><E37/><V70/><F70/><W125/><G35/><T28/><D28/><U109/><E109/><V3/><F3/><W104/><G17/><T60/><D7/><U45/><E45/><V42/><F42/><W53/><G53/><T85/><D85/><U133/><E133/><V99/><F126/><W10/><G10/><T135/><D5/><U114/><E114/><V106/><F55/><W32/><G32/><T131/><D131/><U127/><E127/><V67/><F67/><W0/><G0/><T90/><D135/><U48/><E48/><V23/><REACH who="2" step="1"/><F15/><REACH who="2" ten="318,313,181,178" step="2"/><W117/><G125/><T130/><D130/><U123/><E123/><V49/><F49/><W6/><G51/><T66/><D66/><U94/><E13/><V134/><F134/><W8/><G64/><T4/><D65/><U43/><E43/><V47/><F47/><W22/><G44/><T36/><D38/><U77/><E71/><V2/><F2/><W16/><G54/><T57/><D36/><U21/><E62/><V113/><F113/><W31/><G61/><RYUUKYOKU ba="0,1" sc="318,-10,313,-10,181,30,178,-10" hai2="9,11,12,18,23,84,89,93,95,99,100,101,106" />
</Scene>
<Scene>
<INIT seed="6,1,1,3,2,122" ten="308,303,211,168" oya="2" hai0="12,79,97,50,71,31,25,54,8,11,123,23,43" hai1="92,82,129,0,135,59,26,87,33,127,105,57,101" hai2="34,6,70,81,109,117,91,89,65,67,88,45,124" hai3="51,24,128,84,93,15,61,86,7,116,64,37,110"/><V46/><F117/><W55/><G116/><T74/><D71/><U42/><E0/><V121/><F121/><W5/><G128/><T107/><D123/><U113/><E105/><V35/><F6/><W19/><G37/><T60/><D74/><U32/><E42/><V115/><F81/><W111/><G24/><T48/><D79/><U125/><E129/><V27/><F27/><W132/><G5/><T118/><D118/><U10/><E10/><V75/><F75/><W83/><G7/><T38/><D38/><U41/><E41/><V21/><F21/><W106/><G106/><T134/><D134/><U22/><E135/><V66/><F70/><W44/><G93/><T95/><D107/><U39/><E39/><V9/><F9/><N who="0" m="3658" /><D12/><U1/><E1/><V104/><F104/><W78/><G132/><T85/><D85/><U68/><E68/><V102/><F102/><W108/><G86/><T133/><D43/><U49/><E33/><N who="2" m="12299" /><F124/><W72/><G72/><T126/><D126/><U96/><E32/><V58/><F58/><W28/><G28/><T14/><D14/><U47/><E127/><V62/><F62/><W112/><G112/><T103/><D133/><U56/><E113/><V100/><F100/><W80/><G80/><T99/><D99/><U98/><E98/><V16/><F115/><W52/><G55/><T36/><D36/><U77/><E125/><V131/><F131/><W94/><G94/><T130/><D130/><U53/><E26/><V4/><F4/><W40/><G40/><T69/><D69/><U29/><E29/><V120/><F120/><RYUUKYOKU ba="1,1" sc="308,15,303,15,211,-15,168,-15" hai0="23,25,31,48,50,54,60,95,97,103" hai1="22,47,49,53,56,57,59,77,82,87,92,96,101" />
</Scene>
<Scene>
<INIT seed="7,2,1,1,5,25" ten="323,318,196,153" oya="3" hai0="130,87,26,56,105,78,128,83,108,7,37,61,53" hai1="82,58,119,14,54,93,102,88,24,49,3,96,31" hai2="59,44,104,67,36,114,32,47,13,21,118,48,135" hai3="121,86,109,92,112,19,63,71,60,120,95,116,70"/><W111/><G116/><T90/><D108/><N who="3" m="41545" /><G19/><T72/><D37/><U100/><E3/><V103/><F118/><W125/><G86/><T106/><D7/><U66/><E119/><V5/><F104/><W38/><G112/><T85/><D26/><U17/><E66/><V98/><F114/><W18/><G18/><T123/><D123/><N who="3" m="47177" /><G125/><T113/><D113/><U39/><E39/><V12/><F5/><W8/><G8/><T101/><D101/><U51/><E51/><V27/><F103/><W124/><G124/><T69/><D69/><N who="3" m="26121" /><G38/><T126/><D126/><U55/><E82/><V132/><F36/><W40/><G40/><T117/><D117/><U110/><E110/><V77/><F77/><W129/><G129/><N who="0" m="49771" /><D85/><U89/><E100/><V133/><F21/><W46/><G46/><T81/><AGARI ba="2,1" hai="53,56,61,72,78,81,83,87,90,105,106" m="49771" machi="81" ten="30,1100,0" yaku="19,1" doraHai="25" who="0" fromWho="0" sc="323,27,318,-5,196,-5,153,-7" owari="350,45.0,313,11.0,191,-21.0,146,-35.0" />
</Scene>
</mjloggm>