<mjloggm ver="2.3"><GO type="169"/><UN n0="%6E%65%6F%40%75%6E%69" n1="%E5%A4%AA%E3%81%8F%E3%81%AA%E3%81%84%E3%81%8A" n2="%E3%83%96%E3%83%83%E3%83%91%E7%A5%9E" n3="%E4%B8%8D%E8%A8%B1%E5%8F%AF" dan="17,18,17,16" rate="2197,2154,2147,2042" sx="M,M,M,M"/><TAIKYOKU oya="0"/>

<Scene>
<INIT seed="0,0,0,2,3,0" ten="250,250,250,250" oya="0" hai0="13,23,59,53,69,34,130,79,4,99,51,122,30" hai1="100,128,77,95,60,90,58,105,87,64,119,89,124" hai2="101,115,93,47,19,135,82,33,1,6,52,127,71" hai3="68,8,9,5,112,103,109,74,28,42,80,98,36"/><T25/><D130/><U70/><E119/><V10/><F115/><W44/><G112/><T106/><D122/><U12/><E128/><V35/><F71/><W17/><G68/><T61/><D79/><U21/><E124/><V91/><F127/><W56/><G109/><T14/><D23/><U24/><E77/><V123/><F123/><W67/><G28/><T94/><D4/><U113/><E113/><V45/><F135/><W55/><G67/><N who="0" m="41199" /><D94/><U76/><E76/><V18/><F101/><AGARI ba="0,0" hai="13,14,25,30,34,51,53,59,99,101,106" m="41199" machi="101" ten="30,1500,0" yaku="25,1" doraHai="0" who="0" fromWho="2" sc="250,15,250,0,250,-15,250,0" />
</Scene>
<Scene>
<INIT seed="0,1,0,5,0,95" ten="265,250,235,250" oya="0" hai0="24,58,44,96,66,84,107,35,135,61,102,31,85" hai1="45,4,39,36,81,120,71,79,65,132,88,75,93" hai2="101,7,22,106,111,97,6,70,33,112,20,72,12" hai3="131,37,78,74,121,18,53,125,83,15,105,110,52"/><T34/><D34/><U55/><E120/><V116/><F112/><W1/><G121/><T21/><D135/><U114/><E132/><V10/><F33/><W51/><G1/><T67/><D67/><U124/><E114/><V133/><F133/><W130/><G37/><T2/><D2/><U73/><E73/><V5/><F72/><W17/><G110/><T92/><D35/><U115/><E115/><V32/><F32/><W29/><G29/><T86/><REACH who="0" step="1"/><D44/><REACH who="0" ten="255,250,235,250" step="2"/><U119/><E65/><V48/><F116/><W77/><G131/><T103/><D103/><U109/><E119/><V64/><F64/><W43/><G130/><T117/><D117/><U122/><E122/><V47/><F111/><W41/><G125/><T42/><D42/><U60/><E109/><V11/><F70/><W134/><G43/><T100/><D100/><U62/><E71/><V0/><F6/><W25/><G41/><AGARI ba="1,1" hai="0,5,7,10,11,12,20,22,41,47,48,97,101,106" machi="41" ten="30,2000,0" yaku="7,1,52,1" doraHai="95" who="2" fromWho="3" sc="255,0,250,0,235,33,250,-23" />
</Scene>
<Scene>
<INIT seed="1,0,0,0,0,39" ten="255,250,268,227" oya="1" hai0="116,17,50,11,75,83,51,48,68,108,2,46,84" hai1="82,64,26,130,90,30,91,55,43,99,34,63,97" hai2="6,115,114,44,111,109,22,56,28,129,126,54,120" hai3="23,87,49,96,93,101,20,94,58,65,24,106,76"/><U10/><E130/><V19/><F120/><W110/><G110/><N who="2" m="41993" /><F44/><W113/><G113/><N who="2" m="43017" /><F56/><W27/><G23/><T81/><D108/><U103/><E55/><V45/><F54/><W66/><G27/><T73/><D68/><U107/><E10/><V105/><F45/><W98/><G49/><T79/><D116/><U18/><E18/><V72/><F105/><W70/><G70/><T32/><D32/><U59/><E99/><V119/><F72/><W134/><G134/><T9/><D75/><U41/><REACH who="1" step="1"/><E82/><REACH who="1" ten="255,240,268,227" step="2"/><V85/><F129/><W123/><G98/><T62/><D83/><U78/><E78/><V7/><F19/><W112/><G96/><T92/><D17/><U69/><E69/><V67/><F119/><W37/><G112/><T124/><D81/><U53/><E53/><V35/><F6/><W0/><G76/><T47/><D79/><U100/><E100/><V14/><F7/><W61/><G101/><T3/><D11/><U36/><E36/><V127/><F28/><W33/><G37/><T128/><D9/><U118/><E118/><V8/><F8/><W122/><G123/><T86/><D128/><U1/><E1/><V25/><F67/><W71/><G65/><T89/><D2/><U52/><E52/><V13/><F13/><W29/><G66/><T132/><D3/><U15/><E15/><V135/><F14/><W80/><G0/><T42/><D89/><AGARI ba="0,1" hai="26,30,34,41,43,59,63,64,89,90,91,97,103,107" machi="89" ten="40,7700,0" yaku="1,1,52,2,53,0" doraHai="39" doraHaiUra="125" who="1" fromWho="0" sc="255,-77,240,87,268,0,227,0" />
</Scene>
<Scene>
<INIT seed="1,1,0,2,5,36" ten="178,327,268,227" oya="1" hai0="120,116,69,104,39,38,106,110,124,48,133,25,13" hai1="74,0,52,123,64,20,77,57,125,96,7,88,41" hai2="24,17,93,85,3,1,21,132,30,68,9,63,86" hai3="111,47,107,18,129,122,83,135,105,117,5,65,121"/><U72/><E123/><V76/><F132/><W127/><G5/><T23/><D133/><U66/><E125/><V102/><F76/><W75/><G65/><T31/><D124/><U46/><E0/><V82/><F82/><W113/><G18/><T50/><D120/><U79/><E7/><V89/><F102/><W19/><G19/><T119/><D69/><U114/><E114/><V98/><F1/><W32/><G47/><T26/><D23/><U95/><E74/><V67/><F3/><W80/><G32/><T6/><D6/><U94/><E20/><V8/><F8/><W33/><G33/><T58/><D58/><U14/><E14/><V81/><F81/><W16/><G75/><T45/><D45/><U101/><E72/><V34/><REACH who="2" step="1"/><F9/><REACH who="2" ten="178,327,258,227" step="2"/><W10/><G10/><T62/><D13/><AGARI ba="1,1" hai="13,17,21,24,30,34,63,67,68,85,86,89,93,98" machi="13" ten="30,3900,0" yaku="1,1,2,1,7,1,53,0" doraHai="36" doraHaiUra="118" who="2" fromWho="0" sc="178,-42,327,0,258,52,227,0" />
</Scene>
<Scene>
<INIT seed="2,0,0,0,1,115" ten="136,327,310,227" oya="2" hai0="51,57,104,78,109,117,92,125,64,49,48,26,74" hai1="106,127,67,22,24,107,4,63,95,5,44,47,8" hai2="88,0,12,83,66,118,54,94,105,2,29,6,100" hai3="84,108,77,99,86,72,32,129,25,73,61,33,39"/><V121/><F121/><W70/><G39/><T123/><D104/><U75/><E75/><V116/><F66/><W53/><G108/><T65/><D123/><U76/><E127/><V111/><F111/><W96/><G129/><T103/><D109/><U56/><E76/><V134/><F134/><W23/><G70/><T36/><D36/><U17/><E4/><V34/><F34/><W27/><G23/><T82/><D125/><U21/><E21/><V126/><F126/><W3/><G61/><T15/><D26/><U71/><E71/><V38/><F38/><W131/><G77/><T69/><D69/><U19/><E19/><V130/><F130/><W58/><G58/><T81/><D81/><U14/><E95/><V110/><F110/><W98/><G98/><T90/><D103/><U52/><REACH who="1" step="1"/><E67/><REACH who="1" ten="136,317,310,227" step="2"/><V79/><F79/><W13/><G131/><T59/><D65/><U28/><E28/><V120/><F29/><W43/><G32/><T30/><D30/><U45/><AGARI ba="0,1" hai="5,8,14,17,22,24,44,45,47,52,56,63,106,107" machi="45" ten="30,7900,0" yaku="1,1,0,1,54,1,53,1" doraHai="115" doraHaiUra="18" who="1" fromWho="1" sc="136,-20,317,89,310,-39,227,-20" />
</Scene>
<Scene>
<INIT seed="3,0,0,1,2,16" ten="116,406,271,207" oya="3" hai0="90,12,32,99,103,53,98,87,127,55,82,59,64" hai1="22,60,67,50,84,129,69,112,41,42,37,34,58" hai2="49,0,101,62,126,95,132,28,108,130,68,1,38" hai3="128,4,106,124,134,11,86,10,120,125,6,91,52"/><W7/><G106/><T5/><D32/><U93/><E34/><V43/><F28/><W121/><G134/><T80/><D127/><N who="3" m="48713" /><G128/><T39/><D39/><U25/><E112/><V36/><F38/><W131/><G131/><T8/><D82/><U74/><E74/><V94/><F36/><W61/><G61/><T122/><D122/><N who="3" m="47209" /><G52/><T113/><D113/><U17/><E129/><V73/><F62/><W123/><N who="3" m="47217" /><W33/><DORA hai="70" /><G33/><T46/><D64/><U45/><E42/><V21/><F43/><W54/><G54/><T57/><D46/><U83/><E93/><AGARI ba="0,0" hai="4,6,7,10,11,86,91,93" m="47217,48713" machi="93" ten="50,2400,0" yaku="18,1" doraHai="16,70" who="3" fromWho="1" sc="116,0,406,-24,271,0,207,24" />
</Scene>
<Scene>
<INIT seed="3,1,0,5,1,32" ten="116,382,271,231" oya="3" hai0="95,28,107,63,2,133,31,119,29,79,30,54,101" hai1="66,121,127,44,16,71,43,116,37,108,70,132,120" hai2="113,111,106,34,59,72,105,49,6,56,22,3,11" hai3="38,69,52,68,62,14,117,97,25,27,77,85,65"/><W7/><G38/><T87/><D119/><U9/><E116/><V5/><F113/><W99/><G117/><T18/><D133/><U42/><E132/><V86/><F72/><W10/><G69/><T98/><N who="0" m="7168" /><DORA hai="92" /><T51/><D63/><U15/><E108/><V13/><F34/><W115/><G115/><T24/><D2/><U93/><E127/><V36/><F36/><W8/><G8/><T61/><D61/><U112/><E112/><V110/><F6/><W64/><G64/><T17/><D24/><N who="3" m="9289" /><G65/><T23/><D23/><U135/><E135/><V21/><F21/><W109/><G68/><T55/><D55/><U19/><E66/><V82/><F22/><W81/><G109/><T91/><REACH who="0" step="1"/><D79/><REACH who="0" ten="106,382,271,231" step="2"/><U104/><E120/><V96/><F110/><W40/><G40/><T89/><D89/><U134/><E121/><V100/><F111/><W80/><G80/><T126/><D126/><U90/><E43/><V73/><F82/><W123/><G123/><T0/><D0/><U83/><E134/><V4/><F3/><W53/><G53/><T26/><D26/><U78/><E83/><V94/><F11/><W88/><G77/><T129/><D129/><U46/><E78/><V35/><F35/><W41/><G41/><T118/><D118/><U131/><E131/><V102/><F13/><W50/><G62/><T20/><D20/><U47/><E42/><V12/><F12/><W122/><G122/><T57/><AGARI ba="1,1" hai="17,18,51,54,57,87,91,95,98,101,107" m="7168" machi="57" ten="40,5200,0" yaku="1,1,0,1,52,1,53,0" doraHai="32,92" doraHaiUra="74,76" who="0" fromWho="0" sc="106,65,382,-14,271,-14,231,-27" />
</Scene>
<Scene>
<INIT seed="4,0,0,5,4,48" ten="171,368,257,204" oya="0" hai0="27,99,80,11,47,72,18,65,67,54,131,10,29" hai1="41,108,23,93,56,119,76,94,20,106,19,122,34" hai2="78,75,14,25,116,68,33,81,59,133,32,115,130" hai3="101,87,91,15,89,69,64,127,126,117,9,55,135"/><T129/><D99/><U100/><E108/><V42/><F68/><W86/><G117/><T134/><D134/><U46/><E34/><V79/><F116/><W96/><G135/><T124/><D124/><N who="3" m="47657" /><G69/><T1/><D18/><U53/><E119/><V16/><F133/><W121/><G64/><N who="0" m="24651" /><D1/><U5/><E122/><V40/><F115/><W58/><G121/><T71/><D71/><U37/><E5/><V51/><F130/><N who="0" m="49674" /><D80/><U26/><E76/><V45/><F79/><W8/><G91/><T105/><D105/><U73/><E73/><V57/><F40/><W24/><G24/><T62/><D72/><U50/><E106/><V82/><F81/><N who="3" m="49359" /><G87/><T128/><N who="0" m="49682" /><T13/><DORA hai="43" /><D13/><U102/><E102/><V4/><F4/><W120/><G15/><T125/><D125/><U107/><E107/><V77/><F77/><W60/><G120/><T31/><D62/><U112/><E100/><V35/><REACH who="2" step="1"/><F25/><REACH who="2" ten="171,368,247,204" step="2"/><W83/><G83/><T21/><D31/><U12/><E112/><V38/><F38/><W28/><G28/><AGARI ba="0,1" hai="12,19,20,23,26,28,37,41,46,50,53,56,93,94" machi="28" ten="30,3900,0" yaku="7,1,52,2" doraHai="48,43" who="1" fromWho="3" sc="171,0,368,49,247,0,204,-39" />
</Scene>
<Scene>
<INIT seed="5,0,0,3,3,9" ten="171,417,247,165" oya="1" hai0="52,61,30,58,34,132,92,57,62,101,94,40,65" hai1="89,23,0,22,131,59,129,85,98,47,91,78,81" hai2="73,69,15,114,5,118,54,18,56,115,11,96,68" hai3="97,25,74,108,80,44,100,64,116,53,33,70,21"/><U26/><E0/><V128/><F118/><W63/><G116/><T14/><D132/><U48/><E59/><V66/><F73/><W125/><G108/><T93/><D40/><N who="1" m="24679" /><E98/><V104/><F128/><N who="1" m="49225" /><E22/><V75/><F75/><W99/><G125/><T95/><D30/><AGARI ba="0,0" hai="23,26,30,78,81,85,89,91" m="49225,24679" machi="30" ten="30,1500,0" yaku="19,1" doraHai="9" who="1" fromWho="0" sc="171,-15,417,15,247,0,165,0" />
</Scene>
<Scene>
<INIT seed="5,1,0,1,1,78" ten="156,432,247,165" oya="1" hai0="51,61,14,104,86,53,92,118,47,65,28,66,24" hai1="23,50,81,7,21,3,128,119,60,106,117,42,98" hai2="45,134,49,124,89,15,129,80,58,85,115,1,95" hai3="2,64,105,10,16,69,100,77,83,38,41,9,43"/><U30/><E3/><V13/><F1/><W35/><G35/><T44/><D104/><U17/><E7/><V113/><F134/><W0/><G69/><T27/><D118/><U36/><E36/><V57/><F129/><W37/><G64/><T70/><D66/><U25/><E128/><V20/><F124/><W68/><G68/><T120/><D120/><U11/><E11/><V71/><F71/><W72/><G38/><T130/><D130/><U18/><E60/><V33/><F33/><W8/><G16/><T90/><D28/><U111/><E111/><V112/><F95/><W121/><G121/><T93/><D47/><U19/><E23/><V101/><F101/><W135/><G135/><T127/><D127/><U102/><E81/><V133/><F133/><W88/><G37/><T116/><D116/><U99/><E98/><V91/><F91/><W12/><G2/><T79/><D79/><U39/><E39/><V76/><F76/><W87/><G0/><T40/><D40/><U22/><E22/><V4/><F4/><W110/><G110/><T48/><D48/><U54/><E42/><N who="2" m="24759" /><F20/><W122/><G122/><T26/><REACH who="0" step="1"/><D14/><AGARI ba="1,0" hai="13,14,15,57,58,80,85,89,112,113,115" m="24759" machi="14" ten="30,3900,0" yaku="15,1,11,1,52,1" doraHai="78" who="2" fromWho="0" sc="156,-42,432,0,247,42,165,0" />
</Scene>
<Scene>
<INIT seed="6,0,0,0,2,64" ten="114,432,289,165" oya="2" hai0="63,65,34,134,9,60,2,128,11,57,115,41,56" hai1="1,28,96,92,7,120,108,84,135,38,123,83,29" hai2="82,126,15,53,103,43,19,40,81,116,125,23,133" hai3="44,117,42,61,35,54,88,30,114,47,80,87,130"/><V51/><F116/><W102/><G117/><T32/><D115/><U112/><E108/><V58/><F133/><W39/><G114/><T91/><D134/><U22/><E38/><V62/><F103/><W31/><G130/><T113/><D113/><U127/><E112/><V71/><F71/><W21/><G35/><T75/><D128/><U104/><E104/><V111/><F111/><W110/><G110/><T4/><D75/><U78/><E135/><V68/><F68/><W109/><G109/><T12/><D91/><N who="1" m="55327" /><E127/><N who="2" m="48651" /><F62/><W89/><G102/><T0/><D41/><AGARI ba="0,0" hai="15,19,23,40,41,43,51,53,58,81,82" m="48651" machi="41" ten="30,1500,0" yaku="18,1" doraHai="64" who="2" fromWho="0" sc="114,-15,432,0,289,15,165,0" />
</Scene>
<Scene>
<INIT seed="6,1,0,4,4,64" ten="99,432,304,165" oya="2" hai0="48,59,70,124,69,95,17,126,24,84,99,14,36" hai1="72,58,61,97,94,53,131,100,22,29,127,108,117" hai2="89,79,96,57,37,55,3,26,90,27,125,112,21" hai3="92,30,93,12,40,4,32,19,130,88,113,101,41"/><V13/><F3/><W98/><G130/><T10/><D36/><U34/><E108/><V60/><F37/><W44/><G113/><T11/><D84/><U0/><E117/><V23/><F112/><W119/><G119/><T73/><D73/><U128/><E72/><V51/><F125/><N who="0" m="48234" /><D24/><N who="1" m="16535" /><E0/><V68/><F79/><W7/><G32/><T42/><D10/><U43/><E43/><V74/><F74/><W129/><G30/><T81/><D81/><U25/><E25/><V120/><F120/><W1/><G129/><N who="1" m="49738" /><E127/><V134/><F134/><W104/><G1/><T135/><D135/><U83/><E83/><V52/><F13/><W18/><G104/><T133/><D133/><U49/><E34/><V20/><F68/><N who="0" m="26218" /><D59/><U63/><AGARI ba="1,0" hai="49,53,58,61,63,94,97,100" m="49738,16535" machi="63" ten="30,1100,0" yaku="19,1" doraHai="64" who="1" fromWho="1" sc="99,-4,432,14,304,-6,165,-4" />
</Scene>
<Scene>
<INIT seed="7,0,0,5,3,52" ten="95,446,298,161" oya="3" hai0="42,53,92,13,121,41,116,31,133,27,45,65,131" hai1="44,25,23,120,132,70,21,3,77,32,35,46,127" hai2="111,105,58,36,9,110,93,130,22,74,89,26,64" hai3="56,1,96,50,71,108,30,123,12,57,128,49,75"/><W33/><G123/><T118/><D121/><U28/><E120/><V51/><F105/><W0/><G71/><T81/><D131/><U94/><E3/><V95/><F36/><W99/><G75/><T11/><D133/><U101/><E70/><V69/><F74/><W78/><G78/><T107/><D107/><U19/><E132/><V8/><F69/><W43/><G128/><T40/><D65/><U72/><E127/><V88/><F130/><W29/><G12/><T100/><D116/><U66/><E66/><V60/><F110/><W17/><G17/><T61/><D118/><U59/><E72/><V5/><F111/><W15/><G15/><T85/><D100/><U18/><E77/><V7/><F51/><W117/><G108/><T62/><D92/><U125/><E125/><V86/><F7/><W37/><G117/><T16/><D27/><U54/><E32/><V63/><F63/><W6/><G6/><T34/><D31/><U24/><E35/><V114/><F114/><W47/><G33/><T80/><D34/><U102/><E28/><V48/><F48/><W122/><G122/><T84/><D45/><N who="1" m="17515" /><E94/><V112/><F112/><W109/><G109/><T20/><D11/><U115/><E115/><V91/><F5/><W104/><G104/><T90/><REACH who="0" step="1"/><D53/><REACH who="0" ten="85,446,298,161" step="2"/><U83/><E83/><V73/><F73/><W119/><G119/><T97/><D97/><U10/><E10/><N who="2" m="4203" /><F95/><W2/><G99/><T55/><D55/><U103/><E54/><V67/><F67/><W124/><G96/><T135/><D135/><U4/><E4/><V79/><F93/><RYUUKYOKU ba="0,1" sc="85,15,446,15,298,-15,161,-15" hai0="13,16,20,40,41,42,61,62,80,81,84,85,90" hai1="18,19,21,23,24,25,59,101,102,103" owari="100,-40.0,471,57.0,283,8.0,146,-25.0" />
</Scene>
</mjloggm>