<mjloggm ver="2.3"><GO type="41"/><UN n0="%E3%81%A6%E3%82%93%E3%81%93%E3%81%A6%E3%82%93%E3%81%93" n1="%74%61%72%6F%75%30%30" n2="%E5%A4%AA%E3%81%8F%E3%81%AA%E3%81%84%E3%81%8A" n3="%E3%82%B9%E3%83%BC%E3%83%8B" dan="13,13,14,14" rate="1849,1950,2010,1942" sx="M,M,M,M"/><TAIKYOKU oya="0"/>

<Scene>
<INIT seed="0,0,0,5,3,12" ten="250,250,250,250" oya="0" hai0="94,122,125,37,115,64,14,134,130,78,96,50,27" hai1="135,44,42,100,127,92,108,6,86,91,89,106,16" hai2="59,40,70,21,133,51,131,9,121,34,112,3,126" hai3="10,61,56,25,99,22,46,75,65,2,77,19,73"/><T57/><D122/><U39/><E6/><V8/><F70/><W119/><G119/><T28/><D37/><U118/><E118/><V18/><F121/><W116/><G116/><T83/><D115/><U129/><E129/><V47/><F112/><W7/><G77/><T55/><D130/><U74/><E74/><V58/><F131/><W90/><G46/><T110/><D110/><U0/><E0/><V36/><F133/><W81/><G81/><T104/><D104/><U29/><E29/><V101/><F126/><W123/><G123/><T17/><D134/><U72/><E72/><V30/><F101/><W103/><REACH who="3" step="1"/><G90/><REACH who="3" ten="250,250,250,240" step="2"/><T15/><D125/><U11/><E127/><V13/><F36/><W54/><G54/><T31/><D78/><U5/><E135/><V87/><F47/><W88/><G88/><T62/><D83/><U66/><E91/><V97/><F40/><W67/><G67/><T117/><D117/><U35/><E66/><V1/><F97/><W132/><G132/><T52/><D64/><U43/><E108/><V69/><F87/><W38/><G38/><T114/><D55/><U105/><E39/><V111/><F111/><W102/><G102/><N who="0" m="60695" /><D114/><U82/><E100/><V79/><F79/><W80/><G80/><T98/><D98/><U24/><E82/><V107/><F107/><AGARI ba="0,1" hai="2,7,10,19,22,25,56,61,65,73,75,99,103,107" machi="107" ten="30,7700,0" yaku="1,1,7,1,52,1,53,1" doraHai="12" doraHaiUra="32" who="3" fromWho="2" sc="250,0,250,0,250,-77,240,87" />
</Scene>
<Scene>
<INIT seed="1,0,0,1,5,74" ten="250,250,173,327" oya="1" hai0="103,36,123,132,128,96,24,52,62,9,11,107,119" hai1="37,54,108,95,75,87,93,47,82,40,134,102,17" hai2="72,13,33,22,7,94,83,126,57,63,71,29,65" hai3="3,69,100,91,39,45,76,5,1,26,89,131,70"/><U66/><E75/><V2/><F126/><W58/><G100/><T68/><D36/><U98/><E134/><V127/><F127/><W49/><G39/><T50/><D132/><U111/><E66/><V81/><F2/><W80/><G131/><T133/><D119/><U42/><E42/><V104/><F104/><W101/><G101/><T0/><D0/><U110/><E17/><V25/><F71/><W28/><G58/><T105/><D105/><U73/><E73/><V122/><F122/><W43/><G3/><T21/><D128/><U124/><E124/><V86/><F72/><W34/><G91/><T109/><D133/><U48/><E98/><V121/><F121/><W6/><G89/><T117/><D117/><U78/><REACH who="1" step="1"/><E102/><REACH who="1" ten="250,240,173,327" step="2"/><V92/><F65/><W23/><G69/><T59/><D68/><U106/><E106/><V4/><F4/><W116/><G70/><T112/><D123/><U10/><E10/><V31/><F7/><N who="3" m="2571" /><G1/><T130/><D130/><U79/><E79/><V16/><F31/><W8/><G8/><T12/><D9/><U15/><E15/><V18/><F18/><W114/><G116/><T55/><D11/><U60/><E60/><V77/><REACH who="2" step="1"/><F83/><REACH who="2" ten="250,240,163,327" step="2"/><W118/><G118/><T115/><D12/><U99/><E99/><V88/><F88/><W27/><G80/><T85/><D96/><U84/><E84/><V67/><AGARI ba="0,2" hai="13,16,22,25,29,33,57,63,67,77,81,86,92,94" machi="67" ten="20,8000,1" yaku="1,1,0,1,7,1,52,1,54,1,53,0" doraHai="74" doraHaiUra="113" who="2" fromWho="2" sc="250,-20,240,-40,163,100,327,-20" />
</Scene>
<Scene>
<INIT seed="2,0,0,4,4,134" ten="230,200,263,307" oya="2" hai0="87,53,41,74,108,31,42,20,83,128,0,47,102" hai1="22,28,112,9,26,56,76,90,1,100,104,99,37" hai2="7,75,33,4,78,70,40,93,52,77,127,10,54" hai3="39,6,110,81,84,2,133,24,86,46,44,34,57"/><V62/><F33/><W135/><G110/><T35/><D108/><U19/><E37/><V118/><F118/><W114/><G114/><T89/><D0/><U27/><E112/><V60/><F40/><W12/><G2/><T29/><D35/><U130/><E130/><V125/><F93/><W115/><G115/><T32/><D32/><U119/><E119/><V45/><F45/><W25/><G57/><T50/><D74/><U106/><E104/><V64/><F75/><W65/><G65/><T11/><D11/><U132/><E132/><N who="3" m="50762" /><G84/><T120/><D120/><U72/><E72/><V101/><F101/><W121/><G121/><T8/><D8/><U61/><E76/><N who="2" m="29291" /><F62/><W79/><G34/><T16/><D102/><U5/><E90/><V17/><F17/><W95/><G95/><T88/><D89/><U107/><E107/><V73/><F73/><W122/><G122/><T103/><D103/><U71/><E71/><V23/><F23/><W96/><G96/><T131/><D128/><U51/><E51/><V48/><F48/><W30/><G30/><N who="0" m="11275" /><D131/><U91/><E91/><V13/><F7/><W49/><G39/><T129/><D129/><U14/><E28/><V98/><F98/><W111/><G111/><T15/><AGARI ba="0,0" hai="15,16,20,41,42,47,50,53,83,87,88" m="11275" machi="15" ten="30,4000,0" yaku="8,1,54,2" doraHai="134" who="0" fromWho="0" sc="230,40,200,-10,263,-20,307,-10" />
</Scene>
<Scene>
<INIT seed="3,0,0,2,5,81" ten="270,190,243,297" oya="3" hai0="108,57,95,128,46,37,15,106,94,90,68,113,97" hai1="100,3,76,13,70,98,107,9,129,99,26,44,64" hai2="79,119,21,105,62,124,123,43,85,25,102,91,30" hai3="32,60,59,51,34,88,38,12,1,53,120,40,134"/><W133/><G1/><T69/><D113/><U2/><E129/><V22/><F119/><W50/><G120/><T118/><D106/><U132/><E132/><N who="3" m="50794" /><G12/><T19/><D118/><U27/><E99/><V77/><F123/><W31/><G31/><T126/><D128/><U20/><E76/><V89/><F124/><W114/><G114/><T35/><D35/><N who="3" m="13353" /><G38/><T63/><D126/><U80/><E80/><V74/><F30/><W39/><G39/><T11/><D108/><U33/><E44/><V48/><F25/><W127/><G40/><T122/><D122/><U42/><E42/><V135/><F43/><W75/><G75/><T58/><D46/><U131/><E131/><V55/><F74/><W24/><G24/><T72/><D72/><U84/><E2/><V65/><F135/><W16/><G16/><T10/><D37/><U5/><E3/><V61/><F22/><W111/><G127/><T28/><D28/><U71/><E33/><V78/><F21/><W73/><G73/><T47/><D11/><U6/><E6/><V121/><F121/><W112/><G112/><T52/><D47/><U56/><E56/><V29/><F29/><W101/><G101/><T116/><D58/><U54/><E64/><V110/><F65/><W130/><G130/><T87/><D116/><U17/><E54/><V14/><F55/><W109/><G88/><AGARI ba="0,0" hai="10,15,19,52,57,63,68,69,87,88,90,94,95,97" machi="88" ten="30,7700,0" yaku="7,1,52,1,54,2" doraHai="81" who="0" fromWho="3" sc="270,77,190,0,243,0,297,-77" />
</Scene>
<Scene>
<INIT seed="4,0,0,3,3,46" ten="347,190,243,220" oya="0" hai0="116,29,22,78,13,48,45,85,94,53,113,68,0" hai1="118,108,27,121,70,120,82,7,20,8,130,52,132" hai2="127,58,24,112,57,129,43,117,80,84,25,14,26" hai3="93,5,114,44,49,33,3,66,19,98,106,55,126"/><T100/><D68/><U107/><E70/><V15/><F112/><W21/><G33/><T11/><D0/><U56/><E118/><V134/><F117/><W75/><G75/><T123/><D123/><U10/><E107/><V17/><F127/><W36/><G106/><T125/><D125/><U101/><E121/><V102/><F129/><W4/><G126/><T133/><D133/><U88/><E120/><V9/><F134/><W83/><G3/><T90/><D113/><U35/><E35/><V54/><F102/><W41/><G83/><T104/><D104/><U119/><E119/><V67/><F43/><W60/><G114/><T74/><D74/><U2/><E10/><V34/><F34/><W37/><G37/><T39/><D39/><U18/><E108/><V105/><F105/><W110/><G110/><T69/><D69/><U91/><E132/><V50/><F15/><W51/><G36/><T72/><D72/><U96/><E130/><V71/><F71/><W63/><G66/><T47/><D78/><U6/><E6/><V99/><F99/><W103/><G5/><T77/><D77/><U135/><E135/><V16/><F67/><W73/><G4/><N who="0" m="3303" /><D100/><U42/><E42/><V38/><F38/><W115/><G73/><T64/><D64/><U97/><E101/><V61/><F17/><W122/><G122/><T12/><D116/><U109/><E109/><V81/><F84/><W76/><G76/><T111/><D111/><U131/><E131/><V89/><F89/><N who="1" m="34377" /><E82/><V65/><AGARI ba="0,0" hai="9,14,16,24,25,26,50,54,57,58,61,65,80,81" machi="65" ten="30,7900,0" yaku="0,1,8,1,52,1,54,1" doraHai="46" who="2" fromWho="2" sc="347,-39,190,-20,243,79,220,-20" />
</Scene>
<Scene>
<INIT seed="5,0,0,1,3,94" ten="308,170,322,200" oya="1" hai0="26,18,23,41,82,132,40,76,95,104,124,109,70" hai1="53,37,56,27,107,12,44,128,88,19,50,92,25" hai2="115,36,98,73,46,63,101,120,3,9,125,21,35" hai3="83,112,118,45,42,129,114,111,6,100,29,68,126"/><U33/><E107/><V4/><F120/><W54/><G29/><T130/><D109/><U58/><E128/><V78/><F125/><W38/><G100/><T32/><D70/><U110/><E110/><V51/><F35/><W64/><G83/><T75/><D124/><U97/><E33/><V134/><F134/><W71/><G6/><T65/><D130/><U20/><E37/><V133/><F133/><W108/><G129/><T102/><D65/><U117/><E117/><V48/><F21/><W135/><G135/><T57/><D104/><U13/><E25/><V60/><F115/><N who="3" m="44075" /><G126/><T30/><D57/><AGARI ba="0,0" hai="12,13,19,20,27,44,50,53,56,57,58,88,92,97" machi="57" ten="40,7700,0" yaku="8,1,52,1,54,1" doraHai="94" who="1" fromWho="0" sc="308,-77,170,77,322,0,200,0" />
</Scene>
<Scene>
<INIT seed="5,1,0,4,5,65" ten="231,247,322,200" oya="1" hai0="127,36,15,14,114,52,17,22,16,9,26,7,2" hai1="123,32,18,110,28,40,75,53,88,117,119,112,61" hai2="38,57,126,29,135,0,97,100,107,133,91,67,113" hai3="86,82,98,90,62,5,39,89,34,71,104,79,19"/><U21/><E75/><V58/><F0/><W95/><G39/><T121/><D36/><U23/><E123/><V105/><F38/><W50/><G34/><T78/><D78/><U77/><E77/><V122/><F122/><W69/><G5/><T109/><D109/><U70/><E110/><V128/><F107/><W66/><G50/><T125/><D121/><U35/><E32/><V74/><F74/><W81/><G104/><T94/><D94/><U43/><E35/><V60/><F29/><W13/><G82/><T4/><D114/><U24/><E112/><V20/><F113/><W120/><G120/><T59/><D4/><U134/><E134/><N who="2" m="51211" /><F128/><W54/><G54/><T101/><D26/><U56/><E70/><N who="2" m="42343" /><F126/><W111/><G111/><T103/><D127/><U106/><E106/><V44/><F44/><W51/><G51/><T118/><D118/><U31/><E119/><V10/><F10/><W64/><G64/><T124/><D124/><U33/><E117/><V30/><F91/><W49/><G49/><T6/><D6/><U131/><E131/><V42/><F42/><W3/><G3/><T132/><D125/><U46/><E46/><V85/><F85/><W84/><G71/><T108/><D108/><U99/><E33/><V93/><F105/><W47/><G47/><T87/><D87/><U73/><E73/><V11/><F11/><W63/><G63/><T25/><D132/><U129/><E129/><V92/><F92/><W37/><G37/><T12/><REACH who="0" step="1"/><D17/><REACH who="0" ten="221,247,322,200" step="2"/><U116/><E116/><V115/><F115/><W45/><G86/><T41/><D41/><RYUUKYOKU ba="1,1" sc="221,15,247,-15,322,15,200,-15" hai0="2,7,9,12,14,15,16,22,25,52,59,101,103" hai2="20,30,57,58,93,97,100" />
</Scene>
<Scene>
<INIT seed="6,2,1,5,0,65" ten="236,232,337,185" oya="2" hai0="36,79,135,6,3,12,59,54,95,69,67,45,44" hai1="48,33,117,61,51,115,90,111,0,17,30,28,87" hai2="118,128,56,49,104,5,109,101,35,85,113,105,121" hai3="37,91,55,124,89,120,130,42,7,125,8,32,39"/><V66/><F121/><W132/><G32/><T15/><D135/><U75/><E117/><V80/><F118/><W131/><G8/><T94/><D79/><U114/><E75/><V100/><F35/><W93/><G7/><T41/><D45/><U11/><E111/><V122/><F122/><W27/><G27/><T133/><D133/><U58/><E33/><V78/><F109/><W110/><G110/><T13/><D6/><U77/><E77/><V92/><F113/><N who="1" m="43017" /><E0/><V52/><F128/><N who="3" m="49195" /><G132/><T74/><D74/><U2/><E2/><V82/><F5/><W18/><G120/><T25/><D25/><U112/><N who="1" m="43025" /><U108/><DORA hai="21" /><E108/><V129/><F129/><W26/><G55/><T81/><D81/><N who="1" m="49519" /><E11/><V47/><F82/><W62/><G62/><T16/><D3/><U84/><E84/><V123/><F123/><W38/><G42/><T99/><D12/><U68/><E68/><V23/><F85/><W4/><G4/><T96/><D13/><U70/><E70/><V88/><F78/><W71/><G71/><T106/><D106/><U46/><E17/><V22/><F105/><W29/><G29/><N who="1" m="11370" /><E46/><V72/><F104/><W60/><G60/><N who="0" m="35959" /><D67/><AGARI ba="2,1" hai="48,51,58,61,67" m="11370,49519,43025" machi="67" ten="40,1300,0" yaku="15,1" doraHai="65,21" who="1" fromWho="0" sc="236,-19,232,29,337,0,185,0" />
</Scene>
<Scene>
<INIT seed="7,0,0,5,0,17" ten="217,261,337,185" oya="3" hai0="62,131,39,53,10,74,15,8,60,100,6,78,68" hai1="4,96,90,34,80,44,76,52,61,25,121,130,101" hai2="132,118,124,18,64,43,37,82,28,41,58,89,85" hai3="135,93,106,114,30,1,77,127,129,122,134,29,0"/><W47/><G106/><T111/><D39/><U123/><E130/><V115/><F118/><W117/><G77/><T27/><D131/><U48/><E121/><V24/><F115/><W32/><G129/><T5/><D111/><U65/><E123/><V3/><F3/><N who="3" m="1099" /><G122/><T86/><D100/><U55/><E4/><V23/><F132/><N who="3" m="50731" /><G117/><T26/><D74/><U71/><E90/><V59/><F124/><W33/><G127/><T99/><D99/><U128/><E128/><V14/><F37/><W54/><G93/><T95/><D68/><U11/><E11/><N who="2" m="6495" /><F64/><W7/><G7/><T126/><D126/><U45/><E45/><V125/><F125/><W133/><N who="3" m="50739" /><W66/><DORA hai="46" /><G66/><T22/><D26/><U57/><E34/><N who="3" m="13418" /><G114/><T83/><D53/><U56/><E25/><V97/><F97/><W92/><G92/><T50/><D50/><AGARI ba="0,0" hai="29,30,47,50,54" m="13418,50739,1099" machi="50" ten="50,4800,0" yaku="20,1,52,1" doraHai="17,46" who="3" fromWho="0" sc="217,-48,261,0,337,0,185,48" />
</Scene>
<Scene>
<INIT seed="7,1,0,1,0,51" ten="169,261,337,233" oya="3" hai0="135,52,88,32,57,125,109,73,70,26,87,89,10" hai1="105,25,80,21,75,104,86,9,12,126,106,79,133" hai2="6,56,82,117,48,43,115,30,127,128,34,110,113" hai3="47,1,119,76,53,78,22,66,123,65,122,120,37"/><W35/><G1/><T36/><D109/><U17/><E133/><V13/><F110/><W40/><G35/><T63/><D70/><U100/><E126/><V0/><F117/><W8/><G8/><T18/><D73/><U14/><E14/><V11/><F127/><W24/><G119/><T28/><D36/><U46/><E75/><V72/><F128/><W67/><REACH who="3" step="1"/><G53/><REACH who="3" ten="169,261,337,223" step="2"/><T99/><D125/><U68/><E9/><V27/><F0/><W69/><G69/><T101/><D135/><U64/><E68/><V7/><F7/><W62/><G62/><T121/><D121/><U107/><E64/><V60/><F60/><W61/><G61/><T98/><D98/><U58/><E46/><V39/><F6/><W50/><G50/><T118/><D118/><U131/><E131/><V31/><F48/><W103/><G103/><T20/><D32/><U112/><E100/><V49/><F49/><W95/><G95/><N who="0" m="58623" /><D87/><U44/><E107/><V91/><F34/><W2/><G2/><T97/><D97/><U77/><E44/><V3/><F3/><W132/><G132/><T54/><D54/><U81/><E58/><V83/><F56/><W33/><G33/><T108/><D108/><U85/><E105/><V71/><F71/><W96/><G96/><T41/><D41/><U29/><E106/><V102/><F43/><W124/><G124/><T130/><D130/><U5/><E104/><V15/><F102/><W134/><G134/><T4/><D4/><U111/><E5/><V42/><F42/><W16/><AGARI ba="1,1" hai="16,22,24,37,40,47,65,66,67,76,78,120,122,123" machi="16" ten="40,12000,1" yaku="1,1,0,1,54,1,53,1" doraHai="51" doraHaiUra="19" who="3" fromWho="3" sc="169,-41,261,-41,337,-41,223,133" owari="128,-37.0,220,-18.0,296,10.0,356,45.0" />
</Scene>
</mjloggm>