<mjloggm ver="2.3"><GO type="169"/><UN n0="%49%47%41" n1="%E5%A4%AA%E3%81%8F%E3%81%AA%E3%81%84%E3%81%8A" n2="%E3%83%A1%E3%82%BF%E3%83%8A%E3%82%A4%E3%83%88" n3="%E7%A9%BA%E5%B1%85" dan="16,18,16,16" rate="2070,2167,2076,2026" sx="M,M,M,M"/><TAIKYOKU oya="0"/>

<Scene>
<INIT seed="0,0,0,2,4,65" ten="250,250,250,250" oya="0" hai0="24,103,116,105,100,59,49,90,12,3,17,71,20" hai1="111,28,92,68,80,101,72,97,29,46,85,113,11" hai2="117,8,35,112,44,51,66,69,62,122,58,55,41" hai3="125,75,9,94,96,64,18,110,45,93,21,118,130"/><T16/><D3/><U36/><E111/><V30/><F112/><W135/><G64/><T60/><D116/><U7/><E113/><V53/><F8/><W87/><G9/><N who="0" m="6159" /><D71/><U50/><E68/><V82/><F82/><W104/><G75/><T120/><D105/><U127/><E36/><V25/><F117/><W1/><G104/><T114/><D114/><U32/><E72/><V22/><F122/><W79/><G1/><T23/><D49/><U31/><E127/><V95/><F95/><W33/><G33/><T109/><D120/><U128/><E128/><V98/><F98/><W37/><G37/><T123/><D123/><U91/><E32/><V77/><F77/><W70/><G70/><T67/><D109/><U76/><E101/><N who="0" m="38985" /><D23/><U57/><E57/><V43/><REACH who="2" step="1"/><F35/><REACH who="2" ten="250,250,240,250" step="2"/><W102/><G118/><T133/><D133/><U15/><REACH who="1" step="1"/><E29/><REACH who="1" ten="250,240,240,250" step="2"/><V89/><F89/><AGARI ba="0,2" hai="17,20,24,59,60,67,89,90" m="38985,6159" machi="89" ten="30,2900,0" yaku="8,1,54,1" doraHai="65" who="0" fromWho="2" sc="250,49,240,0,240,-29,250,0" />
</Scene>
<Scene>
<INIT seed="0,1,0,3,1,73" ten="299,240,211,250" oya="0" hai0="116,126,33,102,27,8,56,3,17,119,79,86,132" hai1="16,85,105,44,4,122,80,77,9,59,71,125,68" hai2="127,74,39,43,52,45,14,76,103,112,23,111,25" hai3="0,97,134,72,40,50,22,78,20,90,7,135,108"/><T48/><D132/><N who="3" m="50729" /><G108/><T31/><D126/><U118/><E122/><V123/><F112/><W121/><G121/><T133/><D133/><U89/><E118/><V6/><F123/><W70/><G70/><T99/><D48/><U83/><E105/><V11/><F127/><W24/><G97/><T2/><D56/><U28/><E125/><V131/><F131/><W60/><G60/><T15/><D3/><U106/><E106/><V75/><F111/><W120/><G90/><T66/><D66/><U37/><E28/><V49/><F103/><W62/><G62/><T47/><D47/><U130/><E130/><V88/><F88/><W110/><G110/><T113/><D2/><N who="1" m="151" /><E16/><V96/><F96/><W81/><G24/><T64/><D64/><U84/><E84/><V129/><F129/><W29/><G29/><T95/><REACH who="0" step="1"/><D113/><REACH who="0" ten="289,240,211,250" step="2"/><U35/><E59/><V104/><F45/><N who="3" m="25895" /><G120/><T10/><D10/><AGARI ba="1,1" hai="0,7,10,20,22,72,78,81" m="25895,50729" machi="10" ten="30,2000,0" yaku="20,1,52,1" doraHai="73" who="3" fromWho="0" sc="289,-23,240,0,211,0,250,33" />
</Scene>
<Scene>
<INIT seed="1,0,0,0,2,110" ten="266,240,211,283" oya="1" hai0="38,129,95,107,100,28,121,91,58,5,43,13,126" hai1="88,86,117,133,109,130,57,104,97,77,45,70,131" hai2="59,16,79,66,84,69,40,34,47,120,30,36,12" hai3="116,83,125,98,31,52,115,96,127,49,14,112,62"/><U8/><E70/><V119/><F120/><W17/><G31/><T23/><D121/><U32/><E32/><V21/><F119/><W90/><G62/><T60/><D126/><N who="3" m="48137" /><G116/><T128/><D100/><N who="1" m="62479" /><E117/><V99/><F99/><N who="3" m="37931" /><G83/><T48/><D107/><U81/><E57/><V44/><F69/><W124/><G124/><T4/><D38/><U87/><E45/><V102/><F102/><W54/><G90/><T10/><D4/><U118/><E8/><V55/><F47/><N who="3" m="27711" /><G54/><N who="0" m="33879" /><D128/><N who="1" m="49195" /><E118/><V92/><F66/><W80/><G80/><T46/><D129/><U75/><E109/><V134/><F30/><W6/><G6/><T27/><D91/><U20/><E20/><AGARI ba="0,0" hai="14,17,20,112,115" m="27711,37931,48137" machi="20" ten="30,7700,0" yaku="18,1,52,2,54,1" doraHai="110" who="3" fromWho="1" sc="266,0,240,-77,211,0,283,77" />
</Scene>
<Scene>
<INIT seed="2,0,0,3,5,51" ten="266,163,211,360" oya="2" hai0="123,63,103,58,66,65,44,83,57,105,1,22,53" hai1="10,131,98,60,81,62,48,129,104,91,94,52,46" hai2="49,76,122,0,133,37,42,41,121,24,4,113,114" hai3="85,112,132,36,64,43,134,6,108,34,67,68,5"/><V25/><F76/><W93/><G34/><T55/><D123/><U125/><E125/><V30/><F37/><W23/><G112/><T2/><D44/><U29/><E29/><V70/><F70/><W127/><G127/><T118/><D118/><U15/><E104/><V26/><F30/><W126/><G126/><T12/><D83/><U31/><E31/><V71/><F71/><W109/><G23/><T74/><D74/><U107/><E107/><V102/><F102/><W95/><G85/><T18/><D103/><U124/><E124/><V33/><F49/><W28/><G28/><T13/><D105/><U117/><E117/><V106/><F106/><W110/><G68/><T111/><D111/><U101/><E101/><V73/><F73/><W119/><G119/><T116/><D116/><U75/><E75/><V17/><F133/><N who="3" m="51307" /><G43/><T90/><D90/><U38/><E38/><V80/><F33/><W72/><G36/><T32/><D32/><U8/><E81/><V78/><F17/><W86/><G72/><T69/><D69/><U56/><E62/><V3/><F4/><N who="3" m="1643" /><G86/><T84/><D84/><U35/><E35/><V96/><F96/><W27/><G27/><T20/><D63/><U120/><E120/><N who="2" m="46187" /><F80/><W45/><G45/><T97/><D97/><U19/><REACH who="1" step="1"/><E10/><REACH who="1" ten="266,153,211,360" step="2"/><V128/><F113/><W89/><G110/><T16/><AGARI ba="0,1" hai="1,2,12,13,16,18,20,22,53,55,57,58,65,66" machi="16" ten="25,12000,2" yaku="0,1,22,2,52,2,54,1" doraHai="51" who="0" fromWho="0" sc="266,130,153,-30,211,-60,360,-30" />
</Scene>
<Scene>
<INIT seed="3,0,0,1,0,13" ten="396,123,151,330" oya="3" hai0="65,84,40,67,36,21,44,4,70,37,120,27,115" hai1="66,61,112,23,55,54,96,117,29,28,99,31,2" hai2="74,51,126,97,8,133,69,90,1,12,86,75,89" hai3="107,131,6,105,94,47,64,22,38,15,41,88,113"/><W123/><G131/><T52/><D120/><U32/><E112/><V98/><F1/><W72/><G113/><T73/><D73/><U79/><E2/><V130/><F69/><W20/><G72/><T78/><D4/><U49/><E32/><V111/><F130/><W46/><G64/><T118/><D118/><U16/><E117/><V95/><F133/><W25/><G47/><T42/><D115/><U125/><E125/><V122/><F126/><W110/><G123/><T11/><D11/><U45/><E79/><V103/><F111/><W9/><G22/><T7/><D7/><U80/><E80/><V77/><F77/><W108/><G110/><T82/><D70/><U121/><E121/><V92/><F51/><W39/><G39/><T85/><D52/><N who="1" m="20011" /><E61/><V104/><REACH who="2" step="1"/><F122/><REACH who="2" ten="396,123,141,330" step="2"/><W76/><G76/><T14/><D37/><U129/><E129/><V128/><F128/><W106/><G108/><T26/><D36/><U19/><E66/><V58/><F58/><W91/><REACH who="3" step="1"/><G94/><REACH who="3" ten="396,123,141,320" step="2"/><T59/><D67/><U134/><E134/><V63/><F63/><W102/><G102/><T83/><D65/><U5/><E45/><V35/><F35/><W3/><G3/><T116/><D44/><U24/><E49/><V101/><F101/><W87/><G87/><T17/><D78/><U71/><E71/><V53/><F53/><W34/><G34/><T48/><D85/><U62/><E62/><V100/><F100/><W109/><G109/><T30/><D84/><U68/><E68/><V93/><F93/><W132/><G132/><T18/><D48/><U43/><E43/><RYUUKYOKU ba="0,2" sc="396,-15,123,-15,141,15,320,15" hai2="8,12,74,75,86,89,90,92,95,97,98,103,104" hai3="6,9,15,20,25,38,41,46,88,91,105,106,107" />
</Scene>
<Scene>
<INIT seed="3,1,2,1,4,50" ten="381,108,156,335" oya="3" hai0="90,73,102,118,82,57,63,41,125,38,71,134,45" hai1="75,28,52,20,67,43,121,11,86,135,64,8,59" hai2="4,65,91,27,32,31,35,104,66,78,13,6,48" hai3="113,114,10,119,74,44,12,103,133,62,130,128,115"/><W109/><G74/><T69/><D118/><U60/><E75/><V29/><F104/><W16/><G119/><T54/><D125/><U56/><E121/><V131/><F78/><W129/><G133/><T83/><D134/><U46/><E135/><V26/><F131/><W79/><G79/><T110/><D110/><U51/><E86/><V61/><F91/><W47/><G109/><T105/><D73/><U17/><E28/><V112/><F112/><W94/><G62/><T5/><D5/><U132/><E132/><V108/><F108/><W7/><G103/><T96/><REACH who="0" step="1"/><D90/><REACH who="0" ten="371,108,156,335" step="2"/><U107/><E107/><V2/><F2/><W1/><G94/><T40/><D40/><U120/><E120/><V30/><F6/><W23/><AGARI ba="1,3" hai="1,7,10,12,16,23,44,47,113,114,115,128,129,130" machi="23" ten="40,7800,0" yaku="0,1,19,1,54,1" doraHai="50" who="3" fromWho="3" sc="371,-27,108,-27,156,-27,335,111" />
</Scene>
<Scene>
<INIT seed="3,2,0,5,1,41" ten="344,81,129,446" oya="3" hai0="28,81,14,114,128,124,99,131,12,120,75,24,65" hai1="36,44,116,45,94,60,42,105,29,100,123,1,88" hai2="77,87,33,23,86,56,101,59,95,37,76,129,102" hai3="61,2,18,30,31,50,130,127,66,115,98,108,91"/><W8/><G115/><T110/><D120/><U85/><E123/><V132/><F33/><W48/><G127/><T26/><D110/><U53/><E1/><V9/><F37/><W96/><G108/><T70/><D124/><U13/><E116/><V80/><F132/><W97/><G2/><T83/><D114/><U46/><E29/><N who="3" m="10762" /><G91/><T71/><D28/><U39/><E39/><V68/><F68/><N who="0" m="26154" /><D99/><U16/><E105/><V93/><F129/><N who="0" m="49738" /><D65/><U6/><E6/><V107/><F107/><W34/><G34/><T106/><D106/><U40/><E100/><V126/><F126/><W17/><G130/><T103/><D103/><U5/><E5/><V19/><F9/><W113/><G113/><T111/><D75/><U38/><E38/><V134/><F134/><W0/><G0/><T119/><D119/><U55/><E36/><V21/><F80/><N who="0" m="30794" /><D111/><U79/><E79/><V104/><F104/><W64/><G8/><T7/><D7/><U92/><E92/><V58/><F58/><N who="3" m="36919" /><G66/><T11/><D11/><N who="1" m="6207" /><E60/><V133/><F133/><W15/><G98/><T82/><N who="0" m="30802" /><T20/><DORA hai="109" /><D20/><U35/><E35/><V51/><F19/><W43/><G18/><T117/><D117/><U84/><E84/><V47/><F51/><W63/><G50/><T57/><D57/><U73/><E73/><V32/><F32/><W67/><G48/><T74/><D74/><U118/><E118/><V27/><F27/><AGARI ba="2,0" hai="12,14,24,26,27" m="30802,49738,26154" machi="27" ten="40,5200,0" yaku="28,2,19,1" doraHai="41,109" who="0" fromWho="2" sc="344,58,81,0,129,-58,446,0" />
</Scene>
<Scene>
<INIT seed="4,0,0,1,4,126" ten="402,81,71,446" oya="0" hai0="95,79,89,7,81,12,74,16,125,3,6,36,112" hai1="85,109,10,49,52,77,24,56,116,103,119,80,69" hai2="90,92,128,91,66,21,33,64,43,104,50,110,87" hai3="4,131,46,130,13,70,44,115,76,134,107,63,108"/><T54/><D36/><U14/><E109/><V30/><F104/><W23/><G107/><T39/><D39/><U8/><E69/><V67/><F110/><W73/><G108/><T57/><D112/><U102/><E8/><V94/><F33/><W51/><G115/><T132/><D3/><U35/><E35/><V1/><F1/><W41/><G134/><T2/><D2/><U68/><E68/><V98/><F30/><W99/><G99/><T65/><D65/><U120/><E120/><V78/><F21/><W97/><G97/><T72/><D72/><U19/><REACH who="1" step="1"/><E24/><REACH who="1" ten="402,71,71,446" step="2"/><V59/><F128/><W122/><G131/><T32/><D32/><U45/><E45/><V101/><F78/><W96/><G130/><T20/><D132/><U27/><E27/><V124/><F124/><W75/><G46/><T28/><D125/><U18/><E18/><V135/><F135/><W60/><G44/><T47/><D47/><U40/><E40/><V38/><F38/><W55/><G41/><T106/><D28/><U37/><E37/><V129/><F129/><W42/><G42/><T29/><D29/><U31/><E31/><V9/><F9/><W123/><G70/><T25/><D25/><U26/><E26/><V84/><F43/><W48/><G122/><T53/><D106/><U127/><E127/><V111/><F111/><W100/><G123/><T22/><D22/><U61/><E61/><N who="2" m="37951" /><F50/><W11/><G48/><T133/><D133/><U117/><AGARI ba="0,1" hai="10,14,19,49,52,56,77,80,85,102,103,116,117,119" machi="117" ten="30,4000,0" yaku="1,1,0,1,54,1,53,0" doraHai="126" doraHaiUra="105" who="1" fromWho="1" sc="402,-20,71,50,71,-10,446,-10" />
</Scene>
<Scene>
<INIT seed="5,0,0,0,5,63" ten="382,121,61,436" oya="1" hai0="68,31,88,12,5,131,87,14,55,98,116,71,34" hai1="111,79,53,37,106,7,108,49,15,100,121,23,51" hai2="21,107,54,0,81,125,59,35,40,41,24,123,10" hai3="75,83,96,8,117,47,115,6,91,61,127,119,44"/><U80/><E121/><V135/><F123/><W99/><G115/><T84/><D116/><N who="3" m="44617" /><G127/><T16/><D131/><U62/><E37/><V105/><F35/><W17/><G17/><T95/><D31/><U9/><E23/><V13/><F125/><W72/><G61/><T77/><D34/><U110/><E100/><V60/><F135/><W109/><G109/><T126/><D126/><U48/><E106/><V4/><F105/><W74/><G83/><T73/><D73/><U101/><E101/><V29/><F107/><W102/><G91/><T30/><D30/><U32/><E32/><V124/><F124/><W82/><G82/><T86/><D77/><U50/><E62/><V56/><F0/><N who="3" m="71" /><G99/><T90/><D55/><U42/><E42/><V38/><F38/><W112/><G112/><T104/><D104/><AGARI ba="0,0" hai="44,47,72,74,75,96,102,104" m="71,44617" machi="104" ten="40,1300,0" yaku="12,1" doraHai="63" who="3" fromWho="0" sc="382,-13,121,0,61,0,436,13" />
</Scene>
<Scene>
<INIT seed="6,0,0,3,2,3" ten="369,121,61,449" oya="2" hai0="26,128,12,15,7,118,0,1,5,135,99,129,44" hai1="17,71,78,123,8,61,35,96,49,14,106,41,92" hai2="121,93,45,48,74,89,84,110,28,24,130,4,50" hai3="80,52,9,47,101,115,30,60,120,39,22,76,114"/><V31/><F121/><W21/><G120/><T131/><D44/><U69/><E123/><V66/><F110/><W68/><G101/><T23/><D99/><U108/><E108/><V105/><F105/><W67/><G9/><T77/><D77/><U116/><E116/><V56/><F130/><W25/><G22/><T103/><D103/><U43/><E106/><V57/><F74/><W36/><G52/><T72/><D72/><U83/><E35/><V97/><F4/><N who="0" m="1610" /><D135/><U11/><E43/><V29/><F24/><W27/><G25/><T119/><D15/><U104/><E104/><V113/><F113/><N who="3" m="43019" /><G47/><T64/><D12/><U65/><E14/><V10/><F10/><W40/><G40/><T37/><D64/><U100/><E100/><V132/><F132/><W79/><G79/><T75/><D37/><U2/><E11/><V87/><F50/><W34/><G21/><T109/><D75/><AGARI ba="0,0" hai="27,30,34,36,39,60,67,68,75,76,80" m="43019" machi="75" ten="30,3900,0" yaku="15,1,11,1,23,1" doraHai="3" who="3" fromWho="0" sc="369,-39,121,0,61,0,449,39" />
</Scene>
<Scene>
<INIT seed="7,0,0,4,4,27" ten="330,121,61,488" oya="3" hai0="111,80,103,19,37,93,112,13,92,129,76,28,55" hai1="128,24,134,125,7,78,102,65,62,12,109,22,97" hai2="18,8,36,107,101,131,29,115,30,118,46,94,91" hai3="17,73,54,44,63,14,120,57,69,64,23,42,52"/><W82/><G120/><T106/><D37/><U26/><E109/><V60/><F118/><W58/><G73/><T90/><D111/><U21/><E125/><V96/><F131/><W132/><G132/><T108/><D108/><U79/><E128/><V104/><F115/><W6/><G82/><T123/><D123/><U81/><E134/><V1/><F107/><W87/><G87/><T40/><D129/><U86/><E78/><V74/><F74/><W4/><G69/><T43/><D106/><U110/><E110/><V56/><F36/><W39/><G54/><T16/><D103/><U59/><E7/><V48/><F1/><W34/><G34/><T61/><D112/><U32/><E32/><V70/><F70/><W15/><G14/><T11/><D19/><N who="1" m="10471" /><E22/><V33/><F33/><W114/><G114/><T47/><D93/><AGARI ba="0,0" hai="24,26,59,62,65,79,81,86,93,97,102" m="10471" machi="93" ten="30,1000,0" yaku="8,1" doraHai="27" who="1" fromWho="0" sc="330,-10,121,10,61,0,488,0" owari="320,12.0,131,-27.0,61,-44.0,488,59.0" />
</Scene>
</mjloggm>