<mjloggm ver="2.3"><GO type="41"/><UN n0="%E2%98%85%E3%83%86%E3%82%AF%E3%83%8E%E3%83%8F%E3%82%A6%E3%82%B9%E2%98%85" n1="%E3%81%8A%E3%81%93%E3%82%81%E3%81%95%E3%82%93" n2="%E3%81%82%E3%82%8A%E3%81%9C%E3%81%8A" n3="%E5%A4%AA%E3%81%8F%E3%81%AA%E3%81%84%E3%81%8A" dan="15,13,15,15" rate="1989,1842,1876,2060" sx="M,M,M,M"/><TAIKYOKU oya="0"/>

<Scene>
<INIT seed="0,0,0,3,5,118" ten="250,250,250,250" oya="0" hai0="113,89,13,7,6,1,24,74,72,37,28,102,57" hai1="84,41,49,77,5,55,116,69,111,23,44,16,93" hai2="105,30,48,31,87,14,10,22,114,133,3,120,61" hai3="103,40,75,0,21,99,45,90,4,8,101,134,53"/><T12/><D113/><U132/><E116/><V27/><F105/><W126/><G75/><T124/><D37/><U112/><E111/><V135/><F120/><W56/><G126/><T96/><D89/><U91/><E69/><V20/><F61/><W62/><G134/><N who="2" m="51209" /><F87/><W66/><G66/><T97/><D1/><U129/><E132/><V35/><F48/><W11/><G11/><T38/><D38/><U39/><E129/><V78/><F78/><W100/><G21/><N who="2" m="8297" /><F114/><W94/><REACH who="3" step="1"/><G103/><REACH who="3" ten="250,250,250,240" step="2"/><T46/><D102/><U15/><E112/><V88/><F10/><W108/><G108/><T18/><D74/><U59/><E77/><V26/><F35/><W73/><G73/><T50/><D72/><U71/><E71/><V32/><F32/><W47/><G47/><T19/><D46/><U76/><E76/><V128/><F128/><W29/><G29/><T58/><D28/><U98/><E5/><V121/><F31/><W83/><G83/><T110/><D110/><U51/><E39/><AGARI ba="0,1" hai="0,4,8,39,40,45,53,56,62,90,94,99,100,101" machi="39" ten="30,2000,0" yaku="1,1,7,1,53,0" doraHai="118" doraHaiUra="60" who="3" fromWho="1" sc="250,0,250,-20,250,0,240,30" />
</Scene>
<Scene>
<INIT seed="1,0,0,5,3,85" ten="250,230,250,270" oya="1" hai0="34,23,109,74,130,19,1,73,55,80,69,31,87" hai1="89,90,134,115,104,94,99,86,12,108,119,46,96" hai2="6,125,54,3,64,57,9,7,14,82,65,45,117" hai3="111,72,97,114,56,50,98,39,75,59,2,68,53"/><U122/><E119/><V120/><F120/><W38/><G68/><T35/><D1/><U13/><E122/><V48/><F117/><W76/><G114/><T78/><D69/><U88/><E115/><V5/><F125/><W51/><G2/><T95/><D130/><U128/><E128/><V131/><F131/><W107/><BYE who="2" /><G111/><T127/><D109/><U18/><E108/><UN n2="%E3%81%82%E3%82%8A%E3%81%9C%E3%81%8A" /><V36/><F36/><W11/><G11/><T44/><D127/><U123/><E123/><V103/><F3/><W132/><G132/><T40/><D55/><U17/><E104/><V116/><F116/><W133/><G133/><T33/><D95/><U70/><E70/><V25/><F25/><W49/><G76/><T84/><D74/><N who="3" m="28201" /><G53/><T66/><D31/><U4/><E134/><V43/><F103/><W30/><G30/><T81/><D66/><N who="2" m="25706" /><F82/><W79/><G107/><T129/><D129/><U102/><E46/><V27/><F27/><W126/><G79/><T62/><D80/><N who="1" m="49223" /><E99/><N who="3" m="37898" /><G126/><T15/><REACH who="0" step="1"/><D62/><REACH who="0" ten="240,230,250,270" step="2"/><U32/><E32/><V121/><F121/><W124/><G124/><T92/><D92/><U24/><E24/><V60/><AGARI ba="0,1" hai="5,6,7,9,14,43,45,48,54,57,60" m="25706" machi="60" ten="30,1100,0" yaku="8,1" doraHai="85" who="2" fromWho="2" sc="240,-3,230,-5,250,21,270,-3" />
</Scene>
<Scene>
<INIT seed="2,0,0,3,2,103" ten="237,225,271,267" oya="2" hai0="64,84,85,121,89,77,129,26,17,119,1,98,5" hai1="133,56,52,22,118,27,18,76,82,79,72,81,30" hai2="69,13,71,37,73,47,90,97,111,114,50,0,122" hai3="109,66,16,24,132,8,105,135,123,96,113,54,36"/><V74/><F0/><W92/><G123/><T19/><D121/><U101/><E118/><V131/><F122/><W65/><G36/><T10/><D119/><U80/><E133/><N who="3" m="51274" /><G109/><T120/><D120/><U38/><E38/><V115/><F111/><W102/><G113/><T42/><D129/><U100/><E30/><V124/><F37/><W51/><G92/><T75/><D64/><U6/><E6/><V104/><F131/><W43/><G43/><T4/><D4/><U99/><E99/><V25/><F124/><W130/><G130/><T45/><D98/><U78/><REACH who="1" step="1"/><E72/><REACH who="1" ten="237,215,271,267" step="2"/><V108/><F97/><W126/><G126/><T41/><D75/><U12/><E12/><V14/><F14/><N who="3" m="7239" /><G24/><T55/><D26/><U128/><E128/><V70/><F25/><W29/><G29/><T94/><D1/><U93/><E93/><V62/><F115/><W31/><G31/><T60/><D94/><U11/><E11/><V116/><F114/><W33/><G33/><T21/><D10/><U49/><AGARI ba="0,1" hai="18,22,27,49,52,56,76,78,79,80,81,82,100,101" machi="49" ten="30,7900,0" yaku="1,1,0,1,8,1,54,1,53,0" doraHai="103" doraHaiUra="106" who="1" fromWho="1" sc="237,-20,215,89,271,-39,267,-20" />
</Scene>
<Scene>
<INIT seed="3,0,0,4,3,30" ten="217,304,232,247" oya="3" hai0="29,21,86,42,75,47,74,127,58,65,72,38,68" hai1="5,94,95,19,105,12,124,92,55,26,107,126,132" hai2="111,114,46,102,57,73,64,25,36,4,33,34,85" hai3="89,129,91,45,112,66,22,109,53,93,80,101,48"/><W103/><G112/><T84/><D127/><N who="1" m="48683" /><E132/><V106/><F73/><W31/><G129/><T23/><D23/><N who="1" m="13695" /><E55/><V133/><F111/><W128/><G128/><T35/><D21/><U6/><E12/><V0/><F133/><W118/><G118/><T131/><D58/><U11/><E11/><V110/><F25/><N who="3" m="16823" /><G109/><T88/><D131/><U81/><E81/><V41/><F110/><W28/><G28/><T119/><D119/><U100/><E100/><V90/><F114/><W49/><G66/><T123/><D123/><U27/><E27/><V113/><F113/><W40/><G80/><T78/><D65/><U52/><E107/><V98/><F64/><W13/><G13/><T50/><D68/><U69/><E105/><V130/><F57/><N who="3" m="32935" /><G91/><T62/><D78/><U116/><E69/><V17/><F130/><W15/><G15/><T51/><D86/><AGARI ba="0,0" hai="40,45,49,86,89,93,101,103" m="32935,16823" machi="86" ten="30,1500,0" yaku="8,1" doraHai="30" who="3" fromWho="0" sc="217,-15,304,0,232,0,247,15" />
</Scene>
<Scene>
<INIT seed="3,1,0,5,4,25" ten="202,304,232,262" oya="3" hai0="58,57,85,42,13,109,33,70,9,40,52,11,77" hai1="15,19,116,107,61,122,49,126,46,22,83,115,112" hai2="88,60,16,113,132,44,1,5,12,30,21,31,94" hai3="103,55,66,24,14,117,72,114,84,56,53,37,35"/><W71/><G72/><T101/><D70/><U79/><E122/><V97/><F113/><W95/><G114/><T130/><D33/><U89/><E126/><V129/><F1/><W78/><G117/><T120/><D120/><U131/><E107/><V75/><F75/><W4/><G37/><T45/><D109/><U2/><E2/><V102/><F129/><W65/><G71/><T73/><D73/><U51/><E131/><V128/><F128/><W69/><G69/><T36/><D130/><U68/><E116/><V29/><F132/><W106/><G106/><T119/><D119/><U124/><E124/><V133/><F133/><W38/><G38/><T123/><D42/><U96/><E51/><V28/><F28/><W32/><G32/><T121/><D121/><U135/><E135/><V93/><F44/><W82/><G35/><T10/><D101/><U23/><E23/><N who="2" m="11655" /><F5/><W50/><G24/><T34/><D34/><U67/><E96/><N who="2" m="57383" /><F60/><N who="3" m="35871" /><G103/><T86/><D123/><U91/><E115/><V98/><F97/><W134/><G134/><T74/><D74/><U18/><E112/><V118/><F118/><W63/><G63/><T64/><D36/><U7/><E7/><V8/><F8/><N who="3" m="4359" /><G95/><T54/><D9/><U92/><E92/><V62/><F62/><W110/><G110/><T80/><D10/><U105/><E105/><V108/><F108/><W3/><G3/><T76/><D11/><U111/><E111/><V100/><F102/><W48/><G48/><T20/><D80/><U127/><E127/><V26/><AGARI ba="1,0" hai="21,26,29,30,31,94,98,100" m="57383,11655" machi="26" ten="30,12000,2" yaku="8,1,52,3,54,2" doraHai="25" who="2" fromWho="2" sc="202,-31,304,-31,232,123,262,-61" />
</Scene>
<Scene>
<INIT seed="4,0,0,5,1,112" ten="171,273,355,201" oya="0" hai0="89,103,68,15,11,108,63,58,82,33,107,45,52" hai1="17,96,57,38,8,41,105,100,135,34,59,5,14" hai2="44,23,30,53,86,55,77,24,121,109,75,16,113" hai3="97,129,98,87,80,118,25,106,127,3,134,101,6"/><T36/><D33/><U0/><E135/><V126/><F75/><W73/><G25/><T61/><D108/><U110/><E110/><V60/><F113/><W122/><G6/><T37/><D103/><U124/><E124/><V2/><F2/><W26/><G26/><T114/><D107/><U94/><E105/><V64/><F121/><W130/><G3/><T22/><D22/><U76/><E76/><V81/><F109/><W102/><G134/><T111/><D111/><U4/><E4/><V1/><F1/><W123/><G73/><T62/><D114/><U71/><E71/><V128/><F128/><N who="3" m="49259" /><G127/><T132/><D132/><U70/><E70/><V20/><F126/><W72/><G72/><T104/><D104/><U95/><E95/><V131/><F131/><W84/><G118/><T39/><D68/><U21/><E34/><V119/><F119/><W32/><G32/><T56/><D45/><U83/><E83/><V12/><F44/><W9/><G9/><T47/><D58/><AGARI ba="0,0" hai="12,16,20,23,24,30,53,55,58,60,64,77,81,86" machi="58" ten="30,3900,0" yaku="7,1,8,1,54,1" doraHai="112" who="2" fromWho="0" sc="171,-39,273,0,355,39,201,0" />
</Scene>
<Scene>
<INIT seed="5,0,0,1,5,94" ten="132,273,394,201" oya="1" hai0="34,130,45,117,59,126,123,114,18,31,82,39,133" hai1="53,23,22,55,115,135,81,50,28,8,2,63,44" hai2="134,95,85,0,62,16,61,60,49,100,42,80,104" hai3="41,46,89,27,75,70,26,51,64,14,36,124,93"/><U111/><E115/><V21/><F0/><W98/><G75/><T58/><D117/><U84/><E135/><V87/><F134/><W29/><G124/><T107/><D133/><U20/><E111/><V91/><F104/><W110/><G110/><T69/><D107/><U112/><E112/><V96/><F42/><W125/><G125/><T7/><D69/><U113/><E113/><V79/><F49/><W32/><G27/><T37/><D34/><U67/><E55/><V17/><REACH who="2" step="1"/><F21/><REACH who="2" ten="132,273,384,201" step="2"/><W38/><REACH who="3" step="1"/><G14/><REACH who="3" ten="132,273,384,191" step="2"/><T101/><D126/><U13/><E2/><V33/><F33/><W108/><G108/><T9/><D114/><U68/><E28/><V90/><F90/><W92/><G92/><T4/><D31/><U102/><E102/><V65/><F65/><W132/><G132/><T73/><D101/><U25/><E25/><V105/><AGARI ba="0,2" hai="16,17,60,61,62,79,80,85,87,91,95,96,100,105" machi="105" ten="30,12000,2" yaku="1,1,0,1,52,1,54,1,53,3" doraHai="94" doraHaiUra="56" who="2" fromWho="2" sc="132,-30,273,-60,384,140,191,-30" />
</Scene>
<Scene>
<INIT seed="6,0,0,2,4,6" ten="102,213,524,161" oya="2" hai0="90,107,64,25,53,93,77,36,33,42,78,2,114" hai1="19,48,35,75,95,83,31,12,115,123,102,50,100" hai2="99,106,128,57,125,61,74,38,97,51,47,13,15" hai3="112,79,80,45,124,84,92,119,65,49,16,21,81"/><V71/><F128/><W121/><G121/><T131/><D107/><U40/><E123/><V122/><F74/><W105/><G105/><T10/><D64/><U1/><E1/><V111/><F122/><W8/><G119/><T55/><D131/><U26/><E115/><V120/><F125/><W11/><G124/><T5/><D114/><U32/><E32/><V24/><F71/><W130/><G130/><T67/><D67/><U72/><E72/><V86/><F86/><N who="3" m="48415" /><G92/><T87/><D42/><U134/><E134/><V7/><F15/><N who="3" m="9375" /><G65/><T34/><D36/><U0/><E0/><V76/><F57/><W60/><G60/><T54/><D33/><U68/><E68/><V101/><F120/><W17/><G17/><T22/><REACH who="0" step="1"/><D34/><REACH who="0" ten="92,213,524,161" step="2"/><U85/><E40/><N who="2" m="25063" /><F106/><W96/><G112/><T113/><D113/><U129/><E129/><V28/><F38/><W63/><G63/><T66/><D66/><U30/><E35/><V103/><F61/><W118/><G118/><T73/><D73/><U4/><E75/><V3/><F3/><W117/><G117/><T135/><D135/><U9/><E50/><V27/><F103/><W59/><G96/><T127/><D127/><U109/><E48/><V89/><F101/><W62/><G62/><T23/><D23/><U98/><E102/><V94/><F99/><W46/><G59/><T82/><D82/><U58/><E83/><V39/><F97/><W133/><G133/><T56/><D56/><U110/><E100/><V69/><F69/><W116/><G116/><T43/><D43/><U29/><E98/><V44/><F39/><RYUUKYOKU ba="0,1" sc="92,30,213,-10,524,-10,161,-10" hai0="2,5,10,22,25,53,54,55,77,78,87,90,93" />
</Scene>
<Scene>
<INIT seed="7,1,1,2,0,135" ten="122,203,514,151" oya="3" hai0="24,23,56,62,131,44,127,111,45,92,108,73,31" hai1="99,85,124,36,42,112,1,17,104,126,19,69,87" hai2="75,18,11,35,39,102,14,66,80,101,83,61,25" hai3="113,2,37,105,4,47,94,57,33,130,70,118,76"/><W59/><G118/><T28/><D73/><U90/><E69/><V123/><F123/><W43/><G105/><T15/><D131/><U82/><E1/><V125/><F125/><N who="1" m="48233" /><E112/><V88/><F39/><W55/><G33/><T60/><D127/><U117/><E117/><V129/><F129/><W79/><G70/><T50/><D111/><U119/><E119/><V10/><F75/><W38/><G38/><T93/><D108/><U72/><E72/><V30/><F11/><W3/><G130/><T120/><D120/><U12/><E12/><V0/><F0/><W110/><G110/><T63/><D15/><U41/><E99/><V122/><F122/><W71/><G71/><T49/><D56/><U27/><E104/><V132/><F132/><W58/><G113/><T26/><D62/><U6/><E6/><V21/><F35/><W20/><G2/><T86/><D23/><N who="1" m="13807" /><E19/><V22/><F22/><W48/><G20/><T64/><REACH who="0" step="1"/><D86/><REACH who="0" ten="112,203,514,151" step="2"/><N who="1" m="50519" /><E36/><V29/><F14/><W89/><G58/><T81/><D81/><U116/><E116/><V67/><F83/><W77/><G59/><T34/><D34/><U7/><E7/><V74/><F80/><W65/><G4/><T106/><D106/><U109/><E109/><V16/><F10/><W13/><G13/><T78/><D78/><U128/><E128/><V133/><F133/><W51/><G3/><T100/><D100/><U84/><AGARI ba="1,2" hai="41,42,84,85,87" m="50519,13807,48233" machi="84" ten="30,7900,0" yaku="18,1,52,3" doraHai="135" who="1" fromWho="1" sc="112,-21,203,102,514,-21,151,-40" owari="91,-41.0,305,11.0,493,59.0,111,-29.0" />
</Scene>
</mjloggm>