<mjloggm ver="2.3"><GO type="97"/><UN n0="%E5%A4%AA%E3%81%8F%E3%81%AA%E3%81%84%E3%81%8A" n1="%E3%82%8D%E3%81%A3%E3%81%A6%E3%81%83%E3%83%BC" n2="%40%62%65%61%6E%73" n3="%6B%61%6D%69%64%61%69%75" dan="15,13,14,14" rate="2056,1810,1948,1945" sx="M,M,M,F"/><TAIKYOKU oya="0"/>

<Scene>
<INIT seed="0,0,0,5,3,106" ten="250,250,250,250" oya="0" hai0="67,22,7,23,127,75,24,84,39,135,20,120,28" hai1="2,8,101,62,73,118,91,131,97,124,33,12,104" hai2="72,119,128,14,1,111,78,99,9,56,109,132,94" hai3="77,76,41,129,34,112,36,18,122,42,58,105,130"/><T83/><D120/><U10/><E118/><V43/><F119/><W11/><G105/><T47/><D67/><U44/><E33/><V37/><F132/><W107/><G107/><T59/><D135/><U134/><E2/><V121/><F56/><W46/><G34/><T133/><D133/><U49/><E134/><V89/><F121/><W90/><G112/><T53/><D7/><U17/><E131/><V108/><F128/><N who="3" m="49259" /><G42/><T79/><D127/><U115/><E115/><V27/><F27/><W93/><G58/><T60/><D39/><U98/><E124/><V61/><F61/><W65/><G65/><T113/><D113/><U21/><E73/><V85/><F1/><W40/><G41/><T126/><D126/><U63/><E63/><V0/><F0/><W80/><G122/><T92/><REACH who="0" step="1"/><D47/><REACH who="0" ten="240,250,250,250" step="2"/><U125/><E125/><V3/><F3/><W15/><G36/><T100/><D100/><U35/><E35/><V68/><F68/><W25/><G46/><T95/><D95/><U6/><E62/><V38/><F38/><W32/><G93/><T102/><D102/><U54/><REACH who="1" step="1"/><E6/><REACH who="1" ten="240,240,250,250" step="2"/><N who="2" m="3383" /><F37/><W116/><G116/><T50/><D50/><U55/><E55/><V103/><F43/><W88/><G40/><T29/><D29/><U86/><E86/><V26/><F85/><W13/><G18/><T74/><D74/><U64/><E64/><V19/><F72/><W52/><G52/><T69/><D69/><U4/><E4/><V16/><F111/><W123/><G123/><T66/><D66/><U51/><E51/><V5/><F109/><W87/><G87/><RYUUKYOKU ba="0,2" sc="240,15,240,15,250,-15,250,-15" hai0="20,22,23,24,28,53,59,60,75,79,83,84,92" hai1="8,10,12,17,21,44,49,54,91,97,98,101,104" />
</Scene>
<Scene>
<INIT seed="0,1,2,5,0,39" ten="255,255,235,235" oya="0" hai0="38,91,117,9,85,45,111,74,76,78,33,93,14" hai1="15,134,34,27,79,41,4,101,94,5,80,77,130" hai2="55,98,67,24,7,0,70,118,31,28,46,113,17" hai3="56,64,49,109,43,125,48,57,19,83,126,51,99"/><T89/><D117/><U108/><E108/><V69/><F113/><W115/><G115/><T123/><D123/><U88/><E134/><V116/><F7/><W23/><G109/><T87/><D33/><U35/><E130/><V36/><F0/><W106/><G83/><T21/><D111/><U65/><E35/><V3/><F17/><W102/><G64/><T124/><D124/><N who="3" m="47721" /><G43/><T122/><D122/><U47/><E65/><V58/><F3/><W32/><G32/><T8/><D74/><U1/><E1/><V81/><F81/><W54/><G54/><T52/><D21/><U71/><E71/><V40/><F98/><W61/><G61/><T63/><D38/><U104/><E104/><V42/><F31/><W37/><G37/><T68/><D68/><N who="2" m="26218" /><F24/><AGARI ba="1,2" hai="19,23,24,48,49,51,56,57,99,102,106" m="47721" machi="24" ten="30,1000,0" yaku="18,1" doraHai="39" who="3" fromWho="2" sc="255,0,255,0,235,-13,235,33" />
</Scene>
<Scene>
<INIT seed="1,0,0,1,3,35" ten="255,255,222,268" oya="1" hai0="62,16,43,78,124,108,61,30,5,133,122,79,81" hai1="31,18,64,121,131,11,71,38,115,58,13,34,111" hai2="52,125,109,0,117,82,130,92,70,113,36,135,93" hai3="103,73,3,97,89,110,104,19,7,44,101,83,88"/><U40/><E121/><V59/><F93/><W8/><G110/><T55/><D108/><U57/><E111/><V27/><F92/><W45/><G103/><T26/><D122/><U105/><E115/><V119/><F82/><W126/><G126/><T69/><D124/><U74/><E105/><V53/><F59/><W80/><G19/><T48/><D43/><U65/><E74/><V112/><F53/><W1/><G1/><T41/><D41/><U72/><E72/><V75/><F52/><W6/><G6/><T23/><D5/><U17/><E71/><V15/><F15/><W24/><G24/><T91/><D133/><U25/><E131/><V84/><F27/><W66/><G66/><T63/><D69/><U100/><E100/><V102/><F84/><W106/><G104/><T68/><D68/><U50/><E38/><V33/><F102/><W39/><G39/><T99/><D30/><U54/><E57/><V127/><F113/><W98/><G97/><T2/><D2/><U56/><E56/><V85/><F85/><W118/><G118/><T86/><REACH who="0" step="1"/><D99/><REACH who="0" ten="245,255,222,268" step="2"/><U37/><REACH who="1" step="1"/><E18/><REACH who="1" ten="245,245,222,268" step="2"/><V51/><F127/><W87/><G73/><T28/><D28/><U29/><E29/><V32/><F119/><W12/><G106/><T10/><D10/><U49/><E49/><V60/><F51/><W94/><G8/><T42/><D42/><U47/><AGARI ba="0,2" hai="11,13,17,25,31,34,37,40,47,50,54,58,64,65" machi="47" ten="30,3000,0" yaku="1,1,0,1,53,0" doraHai="35" doraHaiUra="120" who="1" fromWho="1" sc="245,-10,245,50,222,-10,268,-10" />
</Scene>
<Scene>
<INIT seed="1,1,0,0,2,125" ten="235,295,212,258" oya="1" hai0="51,13,22,1,7,76,78,24,43,70,71,130,108" hai1="16,117,109,52,23,131,37,100,106,36,57,120,128" hai2="87,112,19,66,8,110,20,89,101,61,127,26,94" hai3="105,85,83,33,47,10,56,93,88,58,6,74,91"/><U82/><E120/><V21/><F127/><W102/><G33/><T41/><D1/><U119/><E109/><V39/><F39/><W40/><G105/><T11/><D108/><U116/><E82/><V104/><F110/><W132/><G132/><T60/><D130/><N who="1" m="49707" /><E100/><V90/><F112/><W12/><G74/><T18/><D70/><U44/><E106/><V92/><F104/><W80/><G102/><T29/><D71/><U42/><E42/><N who="0" m="15881" /><D60/><N who="1" m="35879" /><E44/><V65/><F61/><W54/><G54/><T124/><D124/><U38/><E38/><V133/><F101/><W48/><G80/><T121/><D121/><U17/><E17/><V63/><F63/><W72/><REACH who="3" step="1"/><G72/><REACH who="3" ten="235,295,212,248" step="2"/><T68/><D68/><U95/><E95/><V62/><F133/><W107/><G107/><T3/><D51/><U115/><E115/><V25/><F62/><W118/><G118/><T2/><D78/><U129/><N who="1" m="49715" /><U96/><DORA hai="98" /><E96/><AGARI ba="1,1" hai="6,10,12,40,47,48,56,58,83,85,88,91,93,96" machi="96" ten="30,8000,1" yaku="1,1,7,1,8,1,54,1,53,1" doraHai="125,98" doraHaiUra="0,59" who="3" fromWho="1" sc="235,0,295,-83,212,0,248,93" />
</Scene>
<Scene>
<INIT seed="2,0,0,0,4,102" ten="235,212,212,341" oya="2" hai0="113,127,35,15,81,134,42,69,50,103,38,29,108" hai1="92,55,98,73,58,44,48,33,86,23,76,109,126" hai2="122,37,6,125,106,40,65,56,119,79,26,5,90" hai3="31,84,7,54,87,16,32,13,72,77,120,39,27"/><V100/><F122/><W18/><G39/><T111/><D113/><U131/><E73/><V104/><F119/><W82/><G120/><T91/><D69/><U59/><E33/><V97/><F125/><W130/><G130/><T14/><D38/><U20/><E126/><V80/><F90/><W11/><G54/><T46/><D127/><U68/><E109/><N who="0" m="42057" /><D134/><U8/><E68/><V4/><F26/><W89/><REACH who="3" step="1"/><G72/><REACH who="3" ten="235,212,212,331" step="2"/><T83/><D42/><U21/><E131/><V61/><F40/><W52/><G52/><T49/><D49/><U115/><E115/><V12/><F37/><W53/><G53/><T34/><D50/><U10/><E76/><V64/><F64/><W135/><G135/><T57/><D46/><U66/><E66/><V25/><F25/><W70/><G70/><T0/><D57/><U128/><E128/><V95/><REACH who="2" step="1"/><F12/><REACH who="2" ten="235,212,202,331" step="2"/><W94/><AGARI ba="0,2" hai="7,11,13,16,18,27,31,32,77,82,84,87,89,94" machi="94" ten="20,5200,0" yaku="1,1,0,1,7,1,54,1,53,0" doraHai="102" doraHaiUra="114" who="3" fromWho="3" sc="235,-13,212,-13,202,-26,331,72" />
</Scene>
<Scene>
<INIT seed="3,0,0,5,0,75" ten="222,199,176,403" oya="3" hai0="123,101,55,122,103,135,114,79,23,53,17,88,121" hai1="51,115,12,68,38,37,80,65,7,83,99,34,77" hai2="132,50,112,42,93,118,26,100,43,11,10,63,44" hai3="92,124,110,108,57,130,119,71,18,35,4,113,56"/><W19/><G113/><T40/><D79/><U82/><E115/><V98/><F112/><W81/><G71/><T133/><D114/><U32/><E99/><V102/><F132/><N who="0" m="50762" /><D40/><U78/><E51/><V25/><F118/><W64/><G119/><T111/><D111/><N who="3" m="42537" /><G35/><N who="1" m="13354" /><E68/><V129/><F129/><W60/><G130/><T29/><D29/><U16/><E65/><V14/><F42/><W116/><G116/><T9/><D9/><U87/><E87/><V5/><F102/><N who="0" m="38922" /><D88/><U104/><E104/><V2/><REACH who="2" step="1"/><F63/><REACH who="2" ten="222,199,166,403" step="2"/><N who="3" m="37991" /><G124/><T74/><D122/><U21/><E7/><AGARI ba="0,1" hai="2,5,7,10,11,14,25,26,43,44,50,93,98,100" machi="7" ten="30,3900,0" yaku="1,1,7,1,53,1" doraHai="75" doraHaiUra="45" who="2" fromWho="1" sc="222,0,199,-39,166,49,403,0" owari="222,2.0,160,-34.0,215,-18.0,403,50.0" />
</Scene>
</mjloggm>