<mjloggm ver="2.3"><GO type="225"/><UN n0="%E5%A4%AA%E3%81%8F%E3%81%AA%E3%81%84%E3%81%8A" n1="%E5%86%97%E8%AB%87%E7%AC%91%E6%AD%A2%EF%BC%81" n2="%E6%A1%9C%E8%8A%B1%E9%96%83%E3%80%85" n3="%45%53%46%E9%BE%8D%E6%B5%B7" dan="17,16,18,16" rate="2141,2081,2221,2060" sx="M,M,M,F"/><TAIKYOKU oya="0"/>

<Scene>
<INIT seed="0,0,0,1,4,24" ten="250,250,250,250" oya="0" hai0="99,8,33,103,13,89,17,90,117,74,77,68,58" hai1="51,14,18,73,112,105,66,59,79,3,78,5,91" hai2="67,80,38,81,43,133,41,11,16,83,34,125,85" hai3="44,93,42,96,7,29,37,109,86,115,108,1,56"/><T50/><D117/><U72/><E105/><V48/><F125/><W12/><G115/><T126/><D68/><U135/><E135/><V116/><F133/><W131/><G1/><T71/><D71/><U39/><E39/><V102/><F116/><W65/><G86/><T26/><D126/><U61/><E112/><V9/><F38/><W98/><G131/><T6/><D74/><U128/><E128/><V31/><F67/><W92/><G65/><T21/><D77/><U75/><E51/><V87/><F102/><W130/><G130/><T25/><D25/><U19/><E91/><V111/><F111/><W94/><G56/><T88/><D33/><U100/><E100/><V20/><F34/><W53/><G53/><N who="0" m="32055" /><D103/><U45/><E3/><V54/><F31/><W27/><G12/><T106/><D106/><U97/><E78/><V55/><F87/><W113/><G7/><T110/><D110/><N who="3" m="42601" /><G113/><T123/><D123/><U15/><E79/><V62/><F85/><W84/><G84/><T36/><D36/><U134/><E134/><V114/><F114/><W0/><G0/><T47/><D47/><U10/><E5/><V107/><F62/><W124/><G124/><T101/><D101/><U122/><E122/><V127/><F127/><W57/><G57/><T132/><D132/><U49/><E45/><N who="2" m="27919" /><F55/><W63/><G63/><T52/><D52/><U64/><E64/><V2/><F2/><W35/><AGARI ba="0,0" hai="27,29,35,37,42,44,92,93,94,96,98" m="42601" machi="35" ten="30,2000,0" yaku="14,1,52,1" doraHai="24" who="3" fromWho="3" sc="250,-10,250,-5,250,-5,250,20" />
</Scene>
<Scene>
<INIT seed="1,0,0,4,1,55" ten="240,245,245,270" oya="1" hai0="72,125,119,70,22,108,38,34,130,45,50,93,131" hai1="36,103,13,112,126,73,118,82,19,64,90,44,21" hai2="68,66,65,111,128,114,100,29,52,0,133,87,35" hai3="47,86,46,4,71,17,40,8,115,122,109,1,6"/><U94/><E118/><V132/><F0/><W60/><G122/><T43/><D119/><U9/><E112/><V78/><F114/><W77/><G115/><T101/><D34/><U84/><E126/><V63/><F111/><W54/><G109/><T134/><D108/><U39/><E64/><V41/><F41/><W97/><G97/><N who="0" m="59567" /><D72/><U120/><E120/><V59/><F100/><W2/><G71/><T18/><D70/><U67/><E67/><V105/><F105/><W53/><G17/><T88/><D88/><U57/><E73/><V116/><F116/><W129/><G129/><N who="0" m="49163" /><D125/><U20/><E39/><V11/><F128/><W121/><G121/><T79/><D79/><U10/><E36/><V12/><F78/><W7/><G2/><T49/><D134/><N who="2" m="51818" /><F87/><W69/><G86/><T5/><D5/><U30/><E44/><V42/><F42/><W80/><G47/><T89/><D89/><U135/><E135/><V96/><F96/><W24/><G6/><T31/><D31/><U15/><E30/><V106/><F106/><W51/><G7/><T32/><D32/><U48/><E103/><V56/><F68/><W76/><G76/><T85/><D85/><U91/><E91/><V117/><F117/><W113/><G113/><T16/><D18/><N who="1" m="8503" /><E94/><V104/><F104/><W92/><G92/><T58/><D38/><U61/><E84/><V74/><F74/><W123/><G123/><T26/><D43/><U23/><E90/><V95/><F95/><W102/><G102/><T25/><D45/><U27/><E19/><N who="2" m="8607" /><F59/><W81/><G77/><T110/><D110/><RYUUKYOKU ba="0,0" sc="240,-10,245,-10,245,30,270,-10" hai2="29,35,52,56,63,65,66" />
</Scene>
<Scene>
<INIT seed="2,1,0,1,1,106" ten="230,235,275,260" oya="2" hai0="44,117,63,118,34,126,38,132,18,50,64,9,45" hai1="27,37,48,13,3,101,97,6,99,82,76,17,109" hai2="20,26,113,103,130,96,122,28,42,54,116,29,87" hai3="80,84,2,58,49,10,5,32,86,7,25,16,46"/><V51/><F113/><W115/><G115/><T121/><D121/><U94/><E27/><V89/><F130/><W72/><G58/><N who="0" m="36983" /><D34/><U56/><E37/><V124/><F124/><W67/><G67/><T24/><D126/><U68/><E68/><V4/><F116/><N who="0" m="44650" /><D132/><U98/><E109/><V79/><F122/><W19/><G7/><T92/><D38/><U57/><E6/><V0/><F42/><W120/><G120/><T75/><D75/><U53/><E56/><V39/><F39/><W35/><G72/><T135/><D135/><U52/><E53/><V125/><F79/><W95/><G95/><T11/><D92/><U93/><E3/><V61/><F61/><W12/><G2/><T90/><D90/><U134/><E93/><N who="2" m="58767" /><F0/><W71/><G71/><T119/><N who="0" m="44658" /><T31/><DORA hai="105" /><D18/><U73/><E134/><V81/><F125/><W85/><G80/><T108/><D108/><U33/><E33/><V65/><F65/><W107/><G107/><T36/><D36/><U22/><AGARI ba="1,0" hai="13,17,22,48,52,57,73,76,82,94,97,98,99,101" machi="22" ten="20,8000,1" yaku="0,1,7,1,52,2,54,1" doraHai="106,105" who="1" fromWho="1" sc="230,-21,235,83,275,-41,260,-21" />
</Scene>
<Scene>
<INIT seed="3,0,0,1,4,69" ten="209,318,234,239" oya="3" hai0="57,104,31,5,52,109,122,13,41,66,49,53,91" hai1="8,105,36,119,33,28,82,102,85,110,54,107,12" hai2="15,18,116,123,128,113,68,0,88,72,79,2,55" hai3="100,58,26,111,77,90,27,9,103,115,75,62,129"/><W46/><G115/><T32/><D122/><U6/><E36/><V92/><F113/><W78/><G75/><T25/><D109/><U22/><E110/><V133/><F116/><W65/><G111/><T14/><D104/><U126/><E33/><V7/><F68/><W131/><G9/><T30/><D66/><U114/><E114/><V106/><F123/><W99/><G90/><T19/><D41/><U45/><E119/><V39/><F39/><W76/><G46/><N who="0" m="27703" /><D32/><U130/><E102/><V95/><F106/><W71/><G71/><T135/><D135/><U121/><E121/><V56/><F128/><N who="3" m="49227" /><G103/><T34/><D34/><U94/><E130/><V11/><F133/><W80/><G80/><T60/><D91/><U37/><E82/><V17/><F0/><W4/><G4/><T127/><D127/><U84/><E126/><V70/><F70/><W81/><G81/><T24/><D5/><U97/><E6/><V87/><F2/><W51/><G51/><T50/><D50/><U98/><E37/><V74/><F79/><N who="3" m="20227" /><W124/><DORA hai="64" /><G124/><T132/><D132/><U86/><E105/><AGARI ba="0,0" hai="26,27,58,62,65,99,100,105" m="20227,49227" machi="105" ten="40,2000,0" yaku="19,1" doraHai="69,64" who="3" fromWho="1" sc="209,0,318,-20,234,0,239,20" />
</Scene>
<Scene>
<INIT seed="3,1,0,2,2,133" ten="209,298,234,259" oya="3" hai0="51,41,74,6,125,28,106,14,77,120,54,1,11" hai1="67,48,58,108,45,89,114,69,15,103,81,42,123" hai2="118,60,25,76,99,104,119,78,38,61,82,73,98" hai3="121,59,85,18,43,84,19,34,107,2,130,128,21"/><W0/><G34/><T90/><D120/><U86/><E123/><V50/><F38/><W40/><G121/><T94/><D106/><U79/><E114/><V20/><F78/><W111/><G107/><T16/><D28/><U12/><E108/><V109/><F109/><W126/><G111/><T62/><D41/><U131/><E131/><V65/><F50/><W129/><G59/><T3/><D62/><N who="1" m="38359" /><E69/><V57/><F61/><W27/><G126/><T64/><D64/><U100/><E89/><V127/><F127/><W31/><G43/><T52/><D125/><U70/><E70/><V88/><F104/><W117/><G40/><T92/><D3/><N who="3" m="1065" /><G117/><T39/><D39/><U116/><E116/><V112/><F112/><W9/><G9/><T87/><D94/><U36/><E36/><V49/><F49/><W80/><G85/><T113/><D113/><U66/><E66/><V75/><F75/><W71/><G71/><T102/><D102/><AGARI ba="1,0" hai="12,15,42,45,48,79,81,86,100,102,103" m="38359" machi="102" ten="30,1000,0" yaku="8,1" doraHai="133" who="1" fromWho="0" sc="209,-13,298,13,234,0,259,0" owari="196,-30.0,311,41.0,234,-17.0,259,6.0" />
</Scene>
</mjloggm>