<mjloggm ver="2.3"><GO type="233"/><UN n0="%E6%9C%88%E9%95%B7%E7%9F%B3" n1="%E5%A4%AA%E3%81%8F%E3%81%AA%E3%81%84%E3%81%8A" n2="%56%65%6E%75%73%53%61%79" n3="%E3%81%B5%E3%81%8B%E3%81%BF" dan="16,18,18,17" rate="2109,2124,2166,2118" sx="M,M,M,F"/><TAIKYOKU oya="0"/>

<Scene>
<INIT seed="0,0,0,3,5,2" ten="250,250,250,250" oya="0" hai0="44,135,30,98,70,78,36,99,96,109,42,53,116" hai1="79,95,16,26,1,127,123,58,54,100,34,77,87" hai2="55,119,6,31,84,82,67,47,56,3,76,115,97" hai3="61,49,63,121,8,73,86,125,41,21,11,5,91"/><T102/><D109/><U114/><E123/><V52/><F115/><W111/><G73/><T27/><D135/><U17/><E1/><V35/><F119/><W23/><G121/><T65/><D116/><U122/><E122/><V43/><F97/><W64/><G111/><T0/><D0/><U134/><E134/><V94/><F94/><W108/><G108/><T117/><D117/><U51/><E114/><V133/><F133/><W60/><G64/><T71/><D78/><U22/><E127/><V46/><F46/><N who="3" m="25807" /><G125/><T29/><D29/><U83/><E34/><V69/><F69/><W66/><G66/><T107/><D53/><U28/><REACH who="1" step="1"/><E79/><REACH who="1" ten="250,240,250,250" step="2"/><V132/><F132/><W19/><G19/><T74/><D74/><U13/><E13/><V68/><F35/><W104/><G104/><T12/><D12/><U57/><E57/><V24/><F56/><W18/><G18/><T75/><D75/><U89/><E89/><V131/><F3/><W85/><G91/><T126/><D126/><U50/><E50/><V110/><F110/><W33/><G33/><N who="0" m="20703" /><D70/><U40/><E40/><V37/><F76/><W103/><G103/><T118/><D118/><U120/><E120/><V113/><F68/><W128/><G128/><T112/><D112/><U105/><E105/><V20/><F113/><W59/><G59/><T15/><D15/><U106/><E106/><V124/><F131/><W90/><G90/><T4/><D71/><U7/><E7/><V72/><F72/><W88/><G5/><T130/><D4/><U32/><E32/><N who="2" m="20583" /><F124/><W62/><G88/><T10/><D130/><RYUUKYOKU ba="0,1" sc="250,-10,240,30,250,-10,250,-10" hai1="16,17,22,26,28,51,54,58,77,83,87,95,100" />
</Scene>
<Scene>
<INIT seed="1,1,1,4,2,122" ten="240,270,240,240" oya="1" hai0="87,85,71,120,64,42,67,61,13,51,36,114,29" hai1="41,33,135,97,23,96,15,54,70,17,18,129,16" hai2="46,88,24,115,99,74,14,113,0,80,83,75,100" hai3="38,94,72,44,2,134,30,56,128,1,5,90,40"/><U11/><E33/><V12/><F0/><W69/><G69/><T3/><D120/><U132/><E70/><V39/><F24/><W98/><G134/><N who="1" m="51242" /><E129/><V25/><F25/><W131/><G72/><N who="2" m="27689" /><F46/><W126/><G126/><T107/><D114/><N who="2" m="43530" /><F39/><W32/><G32/><T60/><D107/><U110/><E41/><V7/><F7/><W81/><G30/><T63/><D3/><U50/><E110/><V101/><F14/><W22/><G22/><T65/><D29/><U58/><E23/><V34/><F12/><W127/><G127/><T79/><D79/><U133/><N who="1" m="51250" /><U93/><DORA hai="57" /><E93/><N who="2" m="56743" /><F34/><W92/><G5/><AGARI ba="1,1" hai="5,11,15,16,17,18,50,54,58,96,97" m="51250" machi="5" ten="40,3900,0" yaku="20,1,54,1" doraHai="122,57" who="1" fromWho="3" sc="240,0,270,52,240,0,240,-42" />
</Scene>
<Scene>
<INIT seed="1,2,0,2,5,0" ten="240,322,240,198" oya="1" hai0="127,50,49,96,74,21,128,135,89,48,123,26,25" hai1="66,16,80,13,2,71,114,31,15,8,27,87,20" hai2="93,63,108,56,3,65,124,57,94,44,51,90,14" hai3="97,33,131,92,28,47,62,6,99,4,133,18,34"/><U107/><E114/><V73/><F3/><W116/><G133/><T7/><D135/><U39/><E107/><V120/><F73/><W36/><G131/><T46/><D123/><U30/><E39/><V69/><F124/><W68/><G116/><T105/><D74/><U106/><E106/><V76/><F108/><W35/><G28/><T58/><D128/><U23/><E2/><V72/><F120/><W132/><G132/><T113/><D127/><U81/><E87/><V121/><F121/><W64/><G18/><T54/><D113/><U91/><E91/><V67/><F76/><W84/><G84/><T130/><D130/><U83/><E15/><V75/><F94/><W115/><G115/><T112/><D112/><U134/><E134/><V104/><F104/><W60/><G60/><T110/><D110/><U129/><E129/><V95/><F95/><W17/><G17/><T9/><D89/><U32/><REACH who="1" step="1"/><E31/><REACH who="1" ten="240,312,240,198" step="2"/><V45/><F75/><W79/><G79/><T53/><D105/><U22/><E22/><V82/><F72/><W5/><REACH who="3" step="1"/><G92/><REACH who="3" ten="240,312,240,188" step="2"/><T102/><D21/><U41/><E41/><AGARI ba="2,2" hai="4,5,6,33,34,35,36,41,47,62,64,68,97,99" machi="41" ten="50,8000,1" yaku="1,1,2,1,52,3,53,0" doraHai="0" doraHaiUra="101" who="3" fromWho="1" sc="240,0,312,-86,240,0,188,106" />
</Scene>
<Scene>
<INIT seed="2,0,0,1,3,132" ten="240,226,240,294" oya="2" hai0="0,59,60,107,85,4,26,31,58,80,7,135,66" hai1="21,17,43,75,53,40,87,121,48,117,96,86,74" hai2="23,6,124,36,120,8,33,106,101,9,52,91,41" hai3="82,18,44,134,54,14,69,34,99,110,133,100,24"/><V42/><F33/><W95/><G69/><T108/><D107/><U119/><E121/><V68/><F120/><W61/><G110/><T56/><D108/><U109/><E109/><V81/><F68/><W57/><G82/><T32/><D135/><N who="3" m="51721" /><G44/><T67/><D0/><U104/><E104/><V62/><F124/><W93/><G93/><T12/><D12/><U25/><E96/><V114/><F114/><W22/><G34/><T98/><D98/><U72/><E43/><N who="2" m="16395" /><F36/><W20/><G24/><T29/><D29/><U27/><E40/><V129/><F129/><W102/><G22/><T88/><REACH who="0" step="1"/><D66/><REACH who="0" ten="230,226,240,294" step="2"/><U46/><REACH who="1" step="1"/><E27/><REACH who="1" ten="230,216,240,294" step="2"/><V51/><F106/><W97/><G97/><T3/><D3/><U116/><AGARI ba="0,2" hai="17,21,25,46,48,53,72,74,75,86,87,116,117,119" machi="116" ten="40,5200,0" yaku="1,1,2,1,0,1,53,0" doraHai="132" doraHaiUra="103" who="1" fromWho="1" sc="230,-13,216,72,240,-26,294,-13" />
</Scene>
<Scene>
<INIT seed="3,0,0,0,3,2" ten="217,288,214,281" oya="3" hai0="70,105,86,53,133,121,54,10,88,131,91,12,30" hai1="123,6,107,97,63,17,58,95,74,94,117,130,110" hai2="7,103,8,37,71,44,98,51,39,38,48,120,43" hai3="125,62,29,46,45,41,83,92,100,72,34,101,104"/><W14/><G104/><T81/><D121/><U23/><E123/><V69/><F51/><W75/><G34/><T129/><D70/><U106/><E74/><V79/><F79/><W113/><G29/><T132/><D105/><U122/><E122/><V1/><REACH who="2" step="1"/><F120/><REACH who="2" ten="217,288,204,281" step="2"/><W50/><G50/><T60/><D30/><U21/><E107/><AGARI ba="0,1" hai="1,7,8,37,38,39,43,44,48,69,71,98,103,107" machi="107" ten="40,8000,1" yaku="1,1,2,1,52,1,53,1" doraHai="2" doraHaiUra="33" who="2" fromWho="1" sc="217,0,288,-80,204,90,281,0" />
</Scene>
<Scene>
<INIT seed="4,0,0,1,0,110" ten="217,208,294,281" oya="0" hai0="71,53,44,119,1,4,42,87,21,97,50,105,8" hai1="76,33,102,107,133,95,19,13,103,121,109,84,51" hai2="68,129,106,26,64,69,20,115,80,66,79,14,61" hai3="56,2,81,74,10,59,27,65,37,128,92,40,39"/><T98/><D119/><U78/><E109/><V93/><F106/><W94/><G128/><T124/><D124/><U111/><E111/><V62/><F129/><W32/><G32/><T55/><D71/><U131/><E33/><V125/><F125/><W29/><G39/><T48/><D87/><U52/><E131/><V23/><F115/><W28/><G92/><T82/><D82/><U75/><E121/><V34/><F14/><W112/><G94/><T90/><D90/><N who="1" m="53703" /><E75/><V85/><REACH who="2" step="1"/><F93/><REACH who="2" ten="217,208,284,281" step="2"/><W127/><G112/><T49/><D105/><U100/><E107/><V9/><F9/><W130/><G127/><T24/><D98/><U41/><E133/><V15/><F15/><W89/><G130/><T132/><D97/><U58/><E41/><V117/><F117/><W134/><G40/><T99/><D99/><U6/><E6/><V12/><F12/><W57/><G134/><T46/><D132/><U67/><E67/><V113/><F113/><W77/><G65/><T43/><REACH who="0" step="1"/><D49/><REACH who="0" ten="207,208,284,281" step="2"/><U126/><E126/><V17/><F17/><AGARI ba="0,2" hai="1,4,8,17,21,24,42,43,44,46,48,50,53,55" machi="17" ten="30,12000,1" yaku="1,1,2,1,7,1,9,1,53,1" doraHai="110" doraHaiUra="18" who="0" fromWho="2" sc="207,140,208,0,284,-120,281,0" />
</Scene>
<Scene>
<INIT seed="4,1,0,3,5,94" ten="347,208,164,281" oya="0" hai0="108,120,61,66,134,80,59,100,30,45,12,93,23" hai1="123,128,38,114,112,67,25,118,11,71,110,124,69" hai2="88,49,58,74,52,16,117,98,87,64,133,130,34" hai3="75,53,83,24,84,32,92,22,72,18,57,15,63"/><T46/><D120/><U5/><E38/><V6/><F74/><W115/><G115/><N who="1" m="44074" /><E123/><V127/><F34/><W62/><G92/><T56/><D134/><U31/><E110/><V41/><F133/><W96/><G63/><T76/><D108/><U10/><E118/><V68/><F68/><N who="1" m="26185" /><E128/><V109/><F109/><W73/><G32/><T95/><D59/><U102/><E67/><V135/><F135/><W27/><REACH who="3" step="1"/><G96/><REACH who="3" ten="347,208,164,271" step="2"/><N who="0" m="59407" /><D95/><U116/><E116/><V70/><F117/><W37/><G37/><T103/><D103/><U8/><E102/><V4/><F70/><W21/><G21/><T1/><D23/><N who="1" m="15807" /><E124/><V0/><F127/><W44/><G44/><T78/><D46/><U132/><E132/><V77/><F64/><W107/><G107/><T43/><D45/><U85/><E85/><V105/><F105/><W40/><G40/><T28/><D61/><U106/><E106/><V86/><F41/><W65/><G65/><T91/><D43/><U36/><E36/><V89/><F87/><W101/><G101/><T113/><D66/><U111/><E111/><V19/><F130/><W39/><G39/><T131/><D113/><U126/><E126/><V2/><F86/><W82/><G82/><T81/><D80/><U29/><E29/><V79/><F98/><W60/><G60/><T129/><D81/><U47/><E47/><V3/><F49/><W122/><G122/><T54/><D28/><U7/><AGARI ba="1,1" hai="5,7,8,10,11" m="15807,26185,44074" machi="7" ten="40,2700,0" yaku="15,1,11,1" doraHai="94" who="1" fromWho="1" sc="347,-14,208,40,164,-8,271,-8" />
</Scene>
<Scene>
<INIT seed="5,0,0,5,3,31" ten="333,248,156,263" oya="1" hai0="33,21,62,131,64,60,0,44,9,135,65,13,100" hai1="118,110,43,123,86,134,128,115,47,96,79,129,84" hai2="94,7,126,11,20,119,70,55,69,122,102,66,103" hai3="76,80,133,1,130,120,22,121,99,23,78,88,72"/><U54/><E123/><V24/><F122/><W124/><G1/><T101/><D135/><U45/><E118/><V59/><F119/><W104/><G133/><T87/><D131/><N who="1" m="50251" /><E134/><V113/><F126/><W5/><G130/><T68/><D44/><U19/><E115/><V61/><F113/><W26/><G5/><T12/><D87/><U15/><E110/><V132/><F132/><W4/><G4/><T74/><D74/><U42/><E96/><V41/><F41/><N who="1" m="15369" /><E54/><V36/><F36/><W73/><G124/><T30/><D0/><U6/><E6/><V28/><F55/><W32/><G121/><T83/><D68/><U14/><E14/><V95/><F103/><W57/><G120/><T93/><D13/><U114/><E114/><V71/><REACH who="2" step="1"/><F102/><REACH who="2" ten="333,248,146,263" step="2"/><W105/><G105/><T77/><D101/><U127/><E127/><V125/><F125/><W82/><G104/><T40/><D100/><U16/><E79/><V117/><F117/><W37/><G37/><T46/><D77/><U91/><E91/><V107/><F107/><W17/><G88/><T3/><D40/><U2/><E2/><AGARI ba="0,1" hai="2,7,11,20,24,28,59,61,66,69,70,71,94,95" machi="2" ten="40,1300,0" yaku="1,1,53,0" doraHai="31" doraHaiUra="109" who="2" fromWho="1" sc="333,0,248,-13,146,23,263,0" />
</Scene>
<Scene>
<INIT seed="6,0,0,5,0,41" ten="333,235,169,263" oya="2" hai0="113,103,93,108,117,112,71,118,26,115,72,21,44" hai1="128,111,74,17,91,5,11,94,58,2,120,3,100" hai2="25,30,0,4,123,96,135,62,105,82,6,24,90" hai3="53,51,83,119,16,69,8,110,12,54,101,114,60"/><V36/><F123/><W98/><G110/><T87/><D72/><U19/><E111/><V27/><F36/><W104/><G119/><N who="0" m="45579" /><D71/><U78/><E120/><V81/><F135/><W65/><G114/><T42/><D108/><U28/><E128/><V47/><F30/><W124/><G124/><T9/><D9/><U86/><E3/><V13/><F0/><W57/><G83/><N who="2" m="31753" /><F105/><W48/><G54/><T85/><D93/><U79/><E74/><V84/><F96/><W102/><G102/><T95/><D95/><U29/><E100/><V14/><F62/><AGARI ba="0,0" hai="8,12,16,48,51,53,57,60,62,65,69,98,101,104" machi="62" ten="30,2000,0" yaku="7,1,54,1" doraHai="41" who="3" fromWho="2" sc="333,0,235,0,169,-20,263,20" />
</Scene>
<Scene>
<INIT seed="7,0,0,0,1,131" ten="333,235,149,283" oya="3" hai0="54,71,14,112,7,52,2,115,99,9,37,80,62" hai1="114,11,109,56,92,120,116,38,95,96,27,74,41" hai2="30,121,73,132,10,111,76,105,94,20,88,58,19" hai3="86,44,4,64,127,63,25,100,122,106,0,69,75"/><W42/><G122/><T85/><D37/><U70/><E120/><V81/><F121/><W98/><G127/><T29/><D29/><U53/><E109/><V18/><F111/><W124/><G124/><T83/><D99/><U1/><E70/><V135/><F105/><W68/><G75/><T26/><D26/><U39/><E74/><V16/><F10/><N who="3" m="2311" /><G86/><T119/><D119/><U129/><E116/><V60/><F30/><W35/><G63/><T107/><D107/><U5/><E129/><V104/><F20/><W23/><G23/><T133/><D2/><U128/><E128/><V78/><F78/><W33/><G64/><T40/><D40/><U101/><E114/><V117/><F104/><W65/><G65/><T97/><D62/><U50/><E41/><V6/><F6/><W48/><G48/><T110/><D71/><N who="3" m="27209" /><G25/><T72/><D72/><U17/><E92/><V77/><F77/><W59/><G59/><T87/><D85/><U8/><E27/><V93/><F117/><W103/><G103/><T90/><D87/><U46/><E56/><V49/><F49/><W36/><AGARI ba="0,0" hai="33,35,36,42,44,98,100,106" m="27209,2311" machi="36" ten="30,3000,0" yaku="33,2" doraHai="131" who="3" fromWho="3" sc="333,-10,235,-10,149,-10,283,30" />
</Scene>
<Scene>
<INIT seed="7,1,0,3,2,15" ten="323,225,139,313" oya="3" hai0="67,111,10,28,22,47,106,3,9,96,130,121,16" hai1="73,19,82,58,63,77,129,133,57,76,23,71,64" hai2="81,101,123,34,113,98,21,41,122,131,42,125,26" hai3="50,39,89,116,88,99,66,104,127,94,43,92,49"/><W31/><G116/><T51/><D121/><U78/><E133/><V7/><F34/><W72/><G72/><T105/><D111/><U44/><E129/><V91/><F131/><W11/><G104/><T35/><D67/><U14/><E44/><V61/><F125/><W60/><G127/><T4/><D96/><U52/><REACH who="1" step="1"/><E58/><REACH who="1" ten="323,215,139,313" step="2"/><V30/><F113/><W117/><G117/><T54/><D130/><U29/><E29/><V32/><F123/><W25/><G39/><T103/><D28/><U36/><E36/><V75/><F122/><W112/><G112/><T86/><D47/><U0/><E0/><V114/><F114/><W37/><G37/><T48/><D3/><U109/><E109/><V126/><F126/><W62/><G43/><T108/><D108/><U95/><E95/><V90/><F32/><W68/><G11/><T56/><D9/><U134/><E134/><V120/><F120/><W119/><G119/><T65/><D35/><U132/><E132/><V124/><F124/><W83/><G83/><T128/><D10/><U80/><E80/><V55/><F75/><W46/><G46/><T53/><D106/><U70/><E70/><V93/><F7/><W110/><G110/><T2/><D4/><U87/><E87/><V45/><F81/><W18/><G31/><T38/><D86/><U13/><E13/><V84/><F91/><W118/><G118/><T107/><D38/><U74/><E74/><V5/><F5/><W1/><G1/><T27/><D2/><U100/><E100/><V12/><F12/><W85/><G85/><T102/><D128/><RYUUKYOKU ba="1,1" sc="323,-10,215,30,139,-10,313,-10" hai1="14,19,23,52,57,63,64,71,73,76,77,78,82" owari="323,42.0,245,-15.0,129,-37.0,303,10.0" />
</Scene>
</mjloggm>