<mjloggm ver="2.3"><GO type="169"/><UN n0="%E5%A4%AA%E3%81%8F%E3%81%AA%E3%81%84%E3%81%8A" n1="%4B%65%76%69%6E%30%30%37" n2="%78%72%63%35%32%34%32%38" n3="%E8%B0%B7%E3%81%8F%E3%82%93" dan="17,17,16,16" rate="2137,2092,2133,2070" sx="M,M,M,M"/><TAIKYOKU oya="0"/>

<Scene>
<INIT seed="0,0,0,0,0,132" ten="250,250,250,250" oya="0" hai0="101,36,109,125,75,122,27,0,10,88,95,64,46" hai1="70,59,102,12,61,111,11,18,128,94,121,87,16" hai2="25,40,26,13,20,98,38,90,54,45,2,129,7" hai3="32,85,14,118,33,112,86,79,19,62,31,69,21"/><T131/><D122/><U127/><E70/><V1/><F129/><W119/><G112/><T81/><D131/><U6/><E121/><V4/><F54/><W123/><G123/><T5/><D64/><U115/><E128/><V103/><F90/><W84/><G79/><N who="0" m="44287" /><D27/><U93/><E115/><V9/><F4/><W23/><G23/><T126/><D101/><U63/><E63/><V48/><F38/><W82/><G82/><T60/><D60/><U22/><E18/><V107/><REACH who="2" step="1"/><F25/><REACH who="2" ten="250,250,240,250" step="2"/><W105/><G119/><T65/><D65/><U97/><E6/><V100/><F100/><W130/><G118/><T76/><D76/><U83/><E102/><V56/><F56/><W8/><G130/><T57/><D57/><U35/><E59/><V135/><F135/><W66/><G105/><T106/><D106/><U44/><E61/><V50/><F50/><W29/><G62/><T15/><D15/><U43/><E12/><V117/><F117/><W133/><G66/><T89/><D109/><U53/><E111/><V116/><F116/><W108/><G69/><T91/><D95/><U58/><E94/><V110/><F110/><W99/><G108/><T78/><D78/><U77/><E93/><V134/><F134/><W96/><G133/><T47/><D47/><U42/><E44/><V3/><F3/><W30/><G33/><T67/><D67/><U92/><E92/><V120/><F120/><W114/><G32/><T71/><D71/><U39/><E77/><V113/><F113/><W72/><G114/><T24/><D24/><U49/><E58/><V34/><F34/><RYUUKYOKU ba="0,1" sc="250,15,250,-15,240,15,250,-15" hai0="0,5,10,36,46,88,89,91,125,126" hai2="1,2,7,9,13,20,26,40,45,48,98,103,107" />
</Scene>
<Scene>
<INIT seed="0,1,1,3,0,60" ten="265,235,255,235" oya="0" hai0="11,74,39,97,63,117,41,45,19,1,94,91,83" hai1="106,80,99,85,109,15,67,77,132,50,107,92,81" hai2="126,31,5,22,121,71,37,73,53,43,78,75,123" hai3="10,90,3,24,114,125,128,69,35,32,134,93,7"/><T9/><D117/><U4/><E67/><V23/><F5/><W26/><G114/><T96/><D1/><U55/><E109/><V34/><F53/><W64/><G128/><T57/><D97/><U135/><E4/><V72/><F78/><W40/><G40/><T62/><D19/><U8/><E15/><V98/><F98/><W86/><G134/><N who="1" m="51242" /><E8/><V48/><F48/><W122/><G122/><T112/><D112/><U49/><E80/><V47/><F126/><W20/><G125/><T129/><D129/><U108/><E108/><V120/><REACH who="2" step="1"/><F71/><REACH who="2" ten="265,235,245,235" step="2"/><W44/><G44/><T58/><D58/><N who="1" m="33135" /><E50/><V21/><F21/><W89/><G20/><T27/><D57/><U88/><AGARI ba="1,2" hai="77,81,85,88,92,99,106,107" m="33135,51242" machi="88" ten="30,2000,0" yaku="20,1,54,1" doraHai="60" who="1" fromWho="1" sc="265,-11,235,43,245,-6,235,-6" />
</Scene>
<Scene>
<INIT seed="1,0,0,2,2,36" ten="254,278,239,229" oya="1" hai0="87,14,81,7,95,105,120,103,59,62,71,22,74" hai1="61,132,44,32,0,66,131,101,111,76,27,89,117" hai2="17,51,30,90,39,99,57,53,34,82,3,6,33" hai3="29,84,100,97,112,93,1,52,35,41,98,25,46"/><U23/><E0/><V83/><F3/><W73/><G73/><T110/><D110/><U65/><E117/><V69/><F6/><W122/><G1/><T129/><D129/><U85/><E32/><V4/><F4/><W55/><G122/><T108/><D108/><U77/><E111/><V102/><F69/><W80/><G98/><N who="0" m="59871" /><D105/><U64/><E131/><V78/><F17/><W116/><G116/><T10/><D71/><U47/><E61/><V119/><F119/><W118/><G118/><T68/><D68/><U38/><E101/><V109/><F109/><W134/><G134/><T42/><D74/><U67/><E132/><V135/><F135/><W123/><G123/><T19/><D120/><U124/><E124/><V13/><F13/><W127/><G127/><T126/><D126/><U31/><N who="1" m="16384" /><DORA hai="70" /><U37/><E47/><V91/><F30/><W26/><G26/><N who="0" m="14687" /><D42/><U96/><E96/><V58/><F99/><W12/><G112/><T63/><D59/><U79/><REACH who="1" step="1"/><E44/><REACH who="1" ten="254,268,239,229" step="2"/><V113/><F33/><W21/><G35/><T43/><D43/><U9/><E9/><V15/><F34/><W28/><G41/><T56/><D56/><U115/><E115/><V128/><F58/><W49/><G46/><T54/><D54/><U45/><E45/><V86/><F53/><W72/><G55/><T5/><D63/><U125/><E125/><V60/><F60/><W133/><G52/><T40/><D62/><U107/><E107/><V94/><F57/><W88/><G100/><T121/><D40/><U11/><E11/><V48/><F113/><W8/><G133/><RYUUKYOKU ba="0,1" sc="254,-10,268,30,239,-10,229,-10" hai1="23,27,31,37,38,76,77,79,85,89" />
</Scene>
<Scene>
<INIT seed="1,1,1,1,2,3" ten="244,298,229,219" oya="1" hai0="30,20,28,7,1,18,66,53,123,92,74,87,47" hai1="67,94,130,132,26,122,75,111,135,97,31,112,32" hai2="65,34,40,103,14,55,35,13,106,101,69,84,44" hai3="8,107,38,86,96,124,89,71,19,81,9,115,39"/><U29/><E75/><V11/><F35/><W91/><G71/><T33/><D74/><U12/><E67/><V46/><F34/><W24/><G115/><T43/><D123/><U80/><E80/><V42/><F69/><W45/><G124/><T36/><D66/><U118/><E31/><V78/><F65/><W77/><G9/><T68/><D68/><U56/><E112/><V27/><F27/><W126/><G126/><T117/><D117/><U129/><E56/><V116/><F116/><W127/><G127/><T125/><D125/><U88/><E118/><V59/><F103/><W82/><G45/><N who="2" m="17513" /><F101/><W49/><G49/><T95/><D53/><U85/><E122/><V102/><F102/><W22/><G107/><T133/><D33/><U70/><E70/><V64/><F64/><W76/><G8/><T10/><D133/><N who="1" m="51275" /><E111/><V58/><F106/><W121/><G121/><T37/><D37/><U61/><E61/><V51/><F59/><W4/><G39/><T5/><D36/><U17/><E97/><V15/><F11/><AGARI ba="1,1" hai="11,12,17,26,29,32,85,88,94,129,130" m="51275" machi="11" ten="30,2900,0" yaku="20,1,54,1" doraHai="3" who="1" fromWho="2" sc="244,0,298,42,229,-32,219,0" />
</Scene>
<Scene>
<INIT seed="1,2,0,0,0,112" ten="244,340,197,219" oya="1" hai0="68,57,33,5,2,20,39,73,32,98,69,114,14" hai1="71,4,81,17,88,105,24,48,64,133,78,36,37" hai2="26,6,52,21,99,70,96,119,87,95,29,43,128" hai3="10,94,83,93,46,53,134,126,131,25,45,110,111"/><U1/><E105/><V115/><F119/><W116/><G126/><T125/><D114/><U123/><E123/><V51/><F115/><W109/><G131/><T121/><D39/><U35/><E133/><V103/><F70/><W104/><G104/><T82/><D57/><U28/><E48/><V91/><F43/><W135/><G83/><T102/><D20/><U101/><E101/><V76/><F128/><W86/><G25/><T40/><D14/><U92/><E17/><V72/><F6/><W89/><G94/><T132/><D40/><U80/><E80/><V61/><F61/><W65/><G65/><T75/><D132/><N who="3" m="50729" /><G10/><N who="0" m="2359" /><D125/><U0/><E1/><V60/><F60/><W107/><G107/><N who="0" m="63959" /><D121/><U129/><E129/><V38/><F38/><W113/><G113/><T90/><D90/><U79/><E64/><V130/><F130/><W117/><G46/><T8/><D8/><U18/><E71/><N who="0" m="27209" /><D82/><U54/><E54/><V7/><F7/><W120/><G120/><T63/><D63/><U56/><E56/><V77/><F99/><W84/><G84/><T44/><D44/><U23/><E4/><V19/><F29/><W118/><G45/><T41/><D41/><U15/><E0/><V127/><F127/><W11/><G11/><T66/><D66/><U67/><E67/><V9/><F9/><W12/><G53/><T30/><D30/><U74/><E79/><V49/><F52/><W59/><G59/><T47/><D47/><U22/><E22/><V58/><F77/><W122/><G122/><T27/><D32/><U106/><E106/><N who="2" m="63847" /><F58/><W97/><G12/><RYUUKYOKU ba="2,0" sc="244,0,340,0,197,0,219,0" hai0="27,33,73,75" hai1="15,18,23,24,28,35,36,37,74,78,81,88,92" hai2="19,21,26,49,51,72,76,87,91,95" hai3="86,89,93,97,109,110,111,116,117,118" />
</Scene>
<Scene>
<INIT seed="1,3,0,0,3,16" ten="244,340,197,219" oya="1" hai0="29,131,44,98,15,113,21,117,49,94,39,71,99" hai1="115,35,89,109,3,126,13,11,68,119,84,69,22" hai2="45,77,5,103,88,41,50,67,59,2,73,20,79" hai3="74,108,105,17,130,93,65,122,18,47,64,116,101"/><U60/><E115/><V80/><F103/><W118/><G122/><T42/><D113/><U7/><E119/><N who="3" m="45610" /><G74/><T36/><D117/><U66/><E35/><V27/><F2/><W33/><G108/><T57/><D71/><U19/><E109/><V112/><F5/><W54/><G33/><T9/><D131/><U26/><E126/><V78/><F112/><W31/><G105/><T6/><D57/><U127/><E127/><V75/><F73/><W120/><G31/><T52/><D42/><U63/><E63/><N who="2" m="38399" /><F75/><W97/><G130/><T90/><REACH who="0" step="1"/><D99/><REACH who="0" ten="234,340,197,219" step="2"/><U134/><E134/><V110/><F110/><W53/><G120/><T132/><D132/><U32/><E69/><V96/><F96/><W86/><G47/><T43/><D43/><U1/><REACH who="1" step="1"/><E32/><REACH who="1" ten="234,330,197,219" step="2"/><V4/><F77/><W48/><G97/><T92/><D92/><AGARI ba="3,2" hai="1,3,7,11,13,19,22,26,60,66,68,84,89,92" machi="92" ten="30,11600,0" yaku="1,1,2,1,7,1,52,1,53,0" doraHai="16" doraHaiUra="28" who="1" fromWho="0" sc="234,-125,330,145,197,0,219,0" />
</Scene>
<Scene>
<INIT seed="1,4,0,1,2,13" ten="109,475,197,219" oya="1" hai0="82,24,57,59,79,115,28,73,135,49,68,131,29" hai1="45,77,80,105,70,47,53,17,122,111,55,88,102" hai2="125,117,50,21,22,31,104,44,127,35,110,19,18" hai3="3,34,51,75,119,58,14,41,85,114,81,63,40"/><U83/><E122/><V116/><F104/><W126/><G114/><T100/><D115/><U92/><E70/><V60/><F60/><W10/><G34/><T71/><D131/><U96/><E111/><V25/><F50/><W78/><G119/><N who="2" m="45641" /><F44/><N who="1" m="16969" /><E105/><V86/><F86/><W54/><G126/><N who="2" m="48137" /><F110/><W89/><G3/><T101/><D135/><U56/><E77/><V103/><F103/><W8/><G63/><T94/><D49/><N who="1" m="30767" /><E55/><V0/><F0/><W123/><G123/><T65/><D71/><U113/><E113/><V112/><F112/><W64/><G64/><T66/><D66/><U124/><E124/><V120/><F120/><W97/><G97/><T37/><D68/><U9/><E102/><V107/><F107/><W15/><G15/><AGARI ba="4,0" hai="9,15,17,80,83,88,92,96" m="30767,16969" machi="15" ten="30,5800,0" yaku="8,1,52,1,54,1" doraHai="13" who="1" fromWho="3" sc="109,0,475,70,197,0,219,-70" />
</Scene>
<Scene>
<INIT seed="1,5,0,1,4,125" ten="109,545,197,149" oya="1" hai0="75,17,119,31,121,50,25,95,79,103,63,134,83" hai1="129,78,73,54,59,80,16,44,12,36,93,133,64" hai2="43,48,72,21,56,89,114,5,131,116,124,85,99" hai3="69,132,8,112,6,76,96,7,22,14,11,40,62"/><U105/><E105/><V118/><F72/><W94/><G112/><T35/><D119/><U108/><E133/><V45/><F124/><W60/><G132/><T23/><D134/><U61/><E108/><V68/><F68/><W81/><G40/><T122/><D63/><U92/><E129/><V15/><F131/><W123/><G22/><T128/><D50/><U37/><E64/><V87/><F114/><W86/><G123/><N who="0" m="47115" /><D128/><U3/><E3/><V51/><F116/><W34/><G34/><T18/><D35/><U110/><E110/><V70/><F70/><W41/><G41/><T109/><D109/><U28/><E28/><V120/><F120/><W47/><G47/><T65/><D65/><U13/><E13/><V9/><F21/><W10/><G69/><T98/><AGARI ba="5,0" hai="17,18,23,25,31,75,79,83,95,98,103" m="47115" machi="98" ten="30,1100,0" yaku="13,1" doraHai="125" who="0" fromWho="0" sc="109,26,545,-10,197,-8,149,-8" />
</Scene>
<Scene>
<INIT seed="2,0,0,5,3,123" ten="135,535,189,141" oya="2" hai0="34,55,21,77,133,131,81,135,25,103,61,31,76" hai1="69,120,125,107,58,112,11,67,101,93,115,30,72" hai2="96,5,113,88,6,132,95,26,86,38,65,108,134" hai3="129,126,63,12,27,16,64,100,32,75,127,104,15"/><V121/><F121/><W43/><G75/><T102/><D131/><U92/><E69/><V78/><F113/><W73/><G73/><T74/><D76/><U3/><E72/><V24/><F38/><W41/><G129/><T28/><D28/><U54/><E67/><V44/><F44/><W68/><G15/><T56/><REACH who="0" step="1"/><D34/><REACH who="0" ten="125,535,189,141" step="2"/><U42/><E30/><V109/><F65/><W0/><G32/><T46/><D46/><U99/><E115/><V62/><F78/><W22/><G27/><T40/><D40/><U47/><E42/><V119/><F119/><W14/><G43/><T94/><D94/><U84/><E92/><V97/><F26/><W106/><G41/><T45/><D45/><U105/><E93/><V114/><F24/><W57/><G106/><T60/><D60/><U10/><E47/><V70/><F62/><W82/><G82/><T66/><D66/><U37/><E105/><V35/><F35/><W80/><G68/><T49/><D49/><U111/><E107/><V13/><F70/><W89/><G80/><T9/><D9/><U79/><E10/><N who="2" m="4303" /><F114/><W52/><G64/><T48/><D48/><U83/><E112/><V124/><F124/><W20/><G127/><T91/><D91/><N who="1" m="51615" /><E125/><V19/><F6/><W4/><G89/><T53/><D53/><U18/><E120/><V2/><F95/><W23/><G126/><T98/><D98/><U51/><E51/><V128/><F97/><N who="3" m="61455" /><G0/><T110/><D110/><U116/><E111/><V117/><F96/><W7/><G7/><T71/><D71/><U1/><E99/><V59/><F109/><RYUUKYOKU ba="0,1" sc="125,15,535,-15,189,-15,141,15" hai0="21,25,31,55,56,61,74,77,81,102,103,133,135" hai3="4,12,14,16,20,22,23,52,57,63" />
</Scene>
<Scene>
<INIT seed="3,1,1,3,4,6" ten="140,520,174,156" oya="3" hai0="27,48,80,118,1,113,101,3,0,90,49,35,86" hai1="55,38,95,44,79,119,32,45,7,50,40,69,59" hai2="62,33,2,12,31,93,8,78,52,116,73,124,24" hai3="111,29,74,103,46,108,39,104,71,23,10,19,22"/><W135/><G71/><T110/><D118/><U53/><E32/><V130/><F116/><W122/><G122/><T91/><D110/><N who="3" m="42025" /><G74/><T133/><D133/><U94/><E119/><V102/><F2/><W14/><G135/><T36/><D36/><U131/><E69/><V68/><F124/><W13/><G29/><T83/><D113/><U54/><E131/><V47/><F130/><W21/><G104/><T56/><D101/><U96/><E79/><V99/><F68/><W43/><G103/><T114/><D114/><U89/><E7/><AGARI ba="1,1" hai="7,10,13,14,19,21,22,23,39,43,46" m="42025" machi="7" ten="30,5800,0" yaku="14,1,10,1,52,1" doraHai="6" who="3" fromWho="1" sc="140,0,520,-61,174,0,156,71" />
</Scene>
<Scene>
<INIT seed="3,2,0,5,5,107" ten="140,459,174,227" oya="3" hai0="29,120,101,7,110,41,32,86,36,117,11,68,122" hai1="83,66,54,18,53,34,133,25,65,15,17,91,134" hai2="31,20,19,125,93,74,96,8,103,106,24,2,119" hai3="28,84,111,127,35,77,98,99,73,67,10,80,49"/><W76/><G127/><T9/><D68/><U94/><E83/><V126/><F119/><W0/><G67/><N who="1" m="25610" /><E25/><V114/><F114/><W88/><G35/><T50/><D36/><U46/><E34/><V48/><F48/><W42/><G28/><T72/><D72/><U61/><E46/><V21/><F74/><W62/><G62/><T89/><D117/><U92/><E61/><V104/><F106/><W14/><G0/><T6/><D101/><U115/><E115/><V38/><F38/><W27/><G27/><T52/><D41/><U124/><E124/><N who="2" m="47723" /><F104/><W51/><G111/><T100/><D110/><U39/><E39/><V12/><F2/><W97/><G73/><T58/><D100/><U47/><E47/><V13/><F13/><W113/><G113/><T33/><D33/><AGARI ba="2,0" hai="8,12,19,20,21,24,31,33,93,96,103" m="47723" machi="33" ten="30,1000,0" yaku="18,1" doraHai="107" who="2" fromWho="0" sc="140,-16,459,0,174,16,227,0" />
</Scene>
<Scene>
<INIT seed="4,0,0,3,3,41" ten="124,459,190,227" oya="0" hai0="55,29,104,74,108,103,134,79,27,99,44,89,101" hai1="129,95,114,36,83,102,47,58,4,118,126,54,50" hai2="53,112,35,42,135,38,123,57,68,84,105,59,73" hai3="11,30,37,113,65,14,9,119,12,90,111,13,80"/><T0/><D0/><U8/><E118/><V116/><RYUUKYOKU type="yao9" ba="0,0" sc="124,0,459,0,190,0,227,0" hai2="35,38,42,53,57,59,68,73,84,105,112,116,123,135" />
</Scene>
<Scene>
<INIT seed="4,1,0,4,3,80" ten="124,459,190,227" oya="0" hai0="124,103,36,3,69,87,2,116,129,43,48,51,108" hai1="63,101,102,105,89,66,118,83,91,97,60,10,42" hai2="50,24,82,117,11,54,34,122,65,4,9,17,19" hai3="68,7,58,71,41,127,31,33,84,44,0,49,39"/><T100/><D116/><U20/><E118/><V14/><F117/><W114/><G127/><T12/><D69/><U61/><E66/><V15/><F122/><W75/><G75/><T125/><D129/><U107/><E42/><V77/><F65/><W93/><G114/><T110/><D36/><U130/><E130/><V23/><F34/><W94/><G94/><T55/><D12/><U121/><E121/><V25/><F24/><W106/><G106/><T64/><D64/><U46/><E46/><V13/><F25/><W131/><G131/><T85/><REACH who="0" step="1"/><D43/><REACH who="0" ten="114,459,190,227" step="2"/><U37/><E37/><V57/><F15/><W98/><G71/><T29/><D29/><U6/><E61/><V21/><REACH who="2" step="1"/><F4/><REACH who="2" ten="114,459,180,227" step="2"/><W56/><G7/><T96/><D96/><U123/><E97/><V52/><F52/><AGARI ba="1,2" hai="2,3,48,51,52,55,85,87,100,103,108,110,124,125" machi="52" ten="25,24000,3" yaku="1,1,22,2,52,2,54,1,53,2" doraHai="80" doraHaiUra="132" who="0" fromWho="2" sc="114,263,459,0,180,-243,227,0" owari="377,18.0,459,55.0,-63,-56.0,227,-17.0" />
</Scene>
</mjloggm>