<mjloggm ver="2.3"><GO type="169"/><UN n0="%E3%82%AA%E3%82%BA%E3%82%B0%E3%83%AB%E3%83%BC%E3%83%97" n1="%E3%81%98%E3%81%9A%E3%83%BC" n2="%E5%A4%AA%E3%81%8F%E3%81%AA%E3%81%84%E3%81%8A" n3="%E3%83%9F%E3%83%A9%E3%82%AF%E3%83%AB%E3%81%8A%E3%81%98%E3%81%95%E3%82%93" dan="16,16,17,17" rate="2089,2153,2134,2139" sx="M,M,M,M"/><TAIKYOKU oya="0"/>

<Scene>
<INIT seed="0,0,0,1,4,3" ten="250,250,250,250" oya="0" hai0="22,67,57,89,50,102,92,117,9,91,18,34,84" hai1="39,4,42,40,81,24,71,64,5,88,58,120,19" hai2="118,109,103,16,13,45,56,105,10,31,85,46,132" hai3="78,125,97,133,0,76,21,77,116,11,111,129,53"/><T74/><D34/><U29/><E71/><V123/><F123/><W135/><G116/><T122/><D117/><U98/><E39/><V36/><F118/><W79/><G111/><T73/><D122/><U82/><E120/><V37/><F109/><W119/><G119/><T51/><D102/><U130/><E130/><V124/><F124/><W35/><G35/><T44/><D74/><U14/><E81/><V2/><F132/><W48/><G125/><T12/><D73/><U131/><E131/><V134/><F134/><W8/><G79/><T115/><D115/><U26/><E58/><V80/><F31/><W83/><G77/><T100/><D100/><U28/><E64/><V32/><F32/><W75/><G78/><T15/><D91/><U55/><E55/><V33/><F33/><W93/><G129/><T30/><D30/><N who="1" m="11883" /><E42/><V86/><F2/><W94/><G0/><T52/><D67/><U25/><E40/><V104/><F103/><W126/><G126/><T72/><D72/><U108/><E108/><V69/><F69/><W68/><G75/><T101/><D101/><U87/><E98/><V41/><F56/><W23/><G97/><T47/><REACH who="0" step="1"/><D51/><REACH who="0" ten="240,250,250,250" step="2"/><U70/><E70/><V62/><F37/><W95/><G68/><T65/><D65/><U59/><E59/><V107/><F36/><W110/><G135/><T127/><D127/><U1/><E88/><V128/><F128/><W113/><G133/><T49/><D49/><U96/><E96/><V112/><F105/><W60/><G113/><T17/><AGARI ba="0,1" hai="9,12,15,17,18,22,44,47,50,52,57,84,89,92" machi="17" ten="20,18000,2" yaku="1,1,0,1,7,1,25,2,8,1,54,1,53,0" doraHai="3" doraHaiUra="20" who="0" fromWho="0" sc="240,190,250,-60,250,-60,250,-60" />
</Scene>
<Scene>
<INIT seed="0,1,0,4,4,10" ten="430,190,190,190" oya="0" hai0="134,107,102,9,2,66,71,79,84,8,69,12,116" hai1="89,128,92,17,70,110,114,120,16,90,133,46,13" hai2="91,24,29,122,55,86,0,74,44,104,115,23,39" hai3="38,131,67,43,14,33,99,40,58,118,111,60,68"/><T121/><D116/><U112/><E120/><V20/><F122/><W22/><G33/><T34/><D121/><U72/><E110/><V77/><F115/><N who="1" m="44073" /><E72/><V50/><F0/><W26/><G118/><T48/><D34/><U119/><E119/><V93/><F104/><W3/><G3/><T125/><D134/><U96/><E133/><V127/><F127/><W6/><G111/><T126/><D48/><U11/><E70/><V117/><F117/><W28/><G131/><T36/><D36/><U32/><E32/><V59/><F39/><W31/><G28/><T80/><D66/><U5/><E128/><V98/><F74/><W41/><G38/><T76/><D76/><U103/><E46/><V25/><F77/><W18/><G68/><T64/><D64/><U30/><E30/><N who="2" m="17671" /><F98/><W82/><G6/><N who="0" m="1111" /><D102/><U54/><E54/><V15/><F44/><W113/><G41/><T57/><D107/><U37/><E37/><V101/><F101/><W19/><G43/><T123/><D57/><U61/><E61/><V100/><F100/><W52/><G40/><T135/><D123/><U85/><E90/><V106/><F106/><AGARI ba="1,0" hai="5,11,13,16,17,85,89,92,96,103,106" m="44073" machi="106" ten="30,3900,0" yaku="11,1,52,1,54,1" doraHai="10" who="1" fromWho="2" sc="430,0,190,42,190,-42,190,0" />
</Scene>
<Scene>
<INIT seed="1,0,0,4,0,16" ten="430,232,148,190" oya="1" hai0="116,37,58,90,68,107,72,55,87,8,76,3,79" hai1="82,17,20,64,108,106,129,95,18,41,134,91,104" hai2="133,124,74,9,98,65,23,19,14,118,89,10,36" hai3="100,13,15,66,73,56,51,92,63,5,77,115,81"/><U53/><E134/><V117/><F74/><W123/><G123/><T48/><D68/><U35/><E35/><V12/><F36/><W93/><G115/><T34/><D34/><U39/><E129/><V122/><F122/><W132/><G132/><T86/><D37/><U22/><E82/><V80/><F133/><W112/><G112/><T110/><D72/><U49/><E64/><V131/><F131/><W69/><G5/><T67/><D107/><U57/><E41/><V32/><F32/><W111/><G111/><T125/><D116/><U38/><E38/><V135/><F135/><W44/><G69/><T121/><D121/><U101/><E101/><V120/><F120/><W28/><G28/><T60/><D125/><U47/><E47/><V6/><F124/><W85/><G73/><T71/><D110/><U61/><E39/><V96/><F65/><W88/><G100/><T52/><D87/><U128/><E128/><V46/><F46/><W24/><G24/><T62/><D8/><U11/><E11/><V84/><REACH who="2" step="1"/><F10/><REACH who="2" ten="430,232,138,190" step="2"/><W50/><G44/><T78/><D3/><U83/><E108/><V29/><F29/><W59/><G66/><T40/><D40/><U1/><E1/><V109/><F109/><W21/><G59/><T33/><D33/><U102/><E57/><V127/><F127/><W54/><G56/><T42/><D42/><U30/><E30/><V75/><F75/><W103/><G54/><T97/><D55/><U113/><E53/><V4/><F4/><W70/><G70/><T126/><D126/><U27/><E113/><V0/><F0/><RYUUKYOKU ba="0,1" sc="430,-10,232,-10,138,30,190,-10" hai2="6,9,12,14,19,23,80,84,89,96,98,117,118" />
</Scene>
<Scene>
<INIT seed="2,1,1,0,0,69" ten="420,222,168,180" oya="2" hai0="90,128,31,84,56,74,122,106,55,76,73,105,103" hai1="49,119,124,28,83,4,77,32,12,3,71,57,102" hai2="25,82,129,109,14,79,5,133,132,58,63,75,29" hai3="17,96,67,97,18,78,100,64,51,48,23,86,2"/><V98/><F129/><W6/><G2/><T95/><D31/><U111/><E119/><V8/><F98/><W37/><G6/><T117/><D122/><U40/><E71/><V13/><F109/><W123/><G123/><T126/><D117/><U30/><E3/><V104/><F104/><W9/><G9/><T62/><D128/><U16/><E124/><V42/><F42/><W134/><G134/><T116/><D116/><U99/><E4/><V80/><F80/><W10/><G10/><T7/><D7/><U22/><E32/><V41/><F41/><W88/><G78/><T65/><D126/><U112/><E112/><V1/><F133/><W50/><G37/><T87/><D65/><U21/><E111/><V53/><REACH who="2" step="1"/><F132/><REACH who="2" ten="420,222,158,180" step="2"/><W52/><G97/><T70/><D106/><U91/><E40/><V66/><F66/><W35/><G67/><T38/><D105/><U47/><E83/><V43/><F43/><W0/><G64/><T72/><D70/><U125/><E99/><V24/><F24/><W39/><G96/><T59/><D103/><U121/><E102/><V33/><AGARI ba="1,2" hai="1,5,8,13,14,25,29,33,53,58,63,75,79,82" machi="33" ten="20,3900,0" yaku="1,1,0,1,7,1,53,0" doraHai="69" doraHaiUra="113" who="2" fromWho="2" sc="420,-14,222,-14,158,62,180,-14" />
</Scene>
<Scene>
<INIT seed="2,2,0,0,1,39" ten="406,208,220,166" oya="2" hai0="120,102,132,103,6,116,74,41,66,94,44,81,117" hai1="28,111,90,78,43,71,5,15,135,95,31,40,123" hai2="79,76,29,89,24,1,133,124,121,91,73,55,35" hai3="17,72,4,33,57,50,20,62,7,93,38,49,131"/><V53/><F121/><W92/><G33/><T12/><D120/><U45/><E71/><V14/><F1/><W51/><G72/><T80/><D66/><U134/><E123/><V23/><F124/><W46/><G131/><T86/><D6/><U96/><E45/><V100/><F133/><N who="1" m="50697" /><E111/><V119/><F119/><N who="0" m="45642" /><D12/><U112/><E112/><V22/><F100/><N who="0" m="38442" /><D132/><U105/><E105/><V8/><F35/><W54/><G38/><N who="0" m="21559" /><D74/><U3/><E3/><V99/><F23/><W37/><G37/><T61/><D61/><U110/><E110/><V9/><F9/><W36/><G36/><T19/><D19/><U77/><E15/><V129/><F129/><W97/><G46/><T126/><D126/><U87/><E5/><N who="3" m="2122" /><G97/><T104/><D104/><U75/><E96/><V130/><F130/><W88/><G62/><T125/><D125/><U42/><E75/><V107/><F107/><W47/><G47/><T59/><D59/><U113/><E113/><V30/><F73/><W109/><G109/><T98/><D86/><U65/><E65/><V114/><F114/><W115/><G115/><T32/><D32/><U60/><E60/><V67/><F67/><W63/><G63/><T101/><AGARI ba="2,0" hai="80,81,94,98,101" m="21559,38442,45642" machi="101" ten="30,2000,0" yaku="12,1,52,1" doraHai="39" who="0" fromWho="0" sc="406,26,208,-7,220,-12,166,-7" />
</Scene>
<Scene>
<INIT seed="3,0,0,2,4,49" ten="432,201,208,159" oya="3" hai0="21,74,14,38,59,34,126,37,112,76,54,111,88" hai1="23,104,13,95,57,69,133,103,36,22,83,29,90" hai2="3,11,119,85,130,84,42,18,116,60,105,73,39" hai3="121,46,33,81,5,56,26,101,92,19,87,134,16"/><W2/><G121/><T114/><D34/><U93/><E69/><V58/><F73/><W68/><G68/><T40/><D126/><U89/><E36/><V15/><F105/><W66/><G134/><T94/><D111/><U1/><E1/><V79/><F130/><W127/><G127/><T125/><D125/><U124/><E124/><V65/><F3/><W99/><G2/><T123/><D40/><U67/><E103/><V52/><F65/><W28/><G5/><T0/><D0/><U109/><E104/><V43/><F84/><W132/><G132/><T55/><D59/><U78/><E109/><V10/><F10/><W71/><G71/><T108/><D76/><U32/><E32/><V96/><F96/><W31/><G28/><T7/><D74/><U128/><E128/><V50/><F39/><N who="0" m="14858" /><D123/><U91/><E13/><V118/><REACH who="2" step="1"/><F60/><REACH who="2" ten="432,201,198,159" step="2"/><W35/><G35/><T70/><D108/><U100/><E67/><V53/><F53/><N who="0" m="19978" /><D70/><U25/><E133/><V113/><F113/><N who="0" m="43626" /><D7/><U64/><E64/><V6/><F6/><W30/><G33/><T17/><D94/><U86/><E95/><V80/><AGARI ba="0,1" hai="11,15,18,42,43,50,52,58,79,80,85,116,118,119" machi="80" ten="40,8000,1" yaku="1,1,0,1,52,1,54,1,53,1" doraHai="49" doraHaiUra="82" who="2" fromWho="2" sc="432,-20,201,-20,198,90,159,-40" />
</Scene>
<Scene>
<INIT seed="4,0,0,0,2,19" ten="412,181,288,119" oya="0" hai0="131,61,116,6,1,20,97,60,0,37,99,110,28" hai1="102,81,91,114,69,82,83,24,117,76,42,70,78" hai2="124,15,47,98,105,115,26,126,68,64,121,66,34" hai3="75,57,27,46,125,23,118,103,120,22,130,101,43"/><T67/><D116/><U80/><E117/><V50/><F121/><W51/><G118/><T3/><D37/><U59/><E42/><N who="2" m="24951" /><F115/><W88/><G75/><T39/><D39/><U14/><E114/><V84/><F84/><W63/><G120/><T119/><D6/><U21/><E102/><N who="3" m="38922" /><G27/><T30/><D119/><U41/><E41/><V25/><F105/><W90/><G130/><T4/><D4/><U95/><E14/><V35/><F98/><N who="0" m="37386" /><D131/><U29/><E59/><V2/><F2/><W106/><G106/><T132/><D67/><N who="2" m="25642" /><F15/><W38/><G38/><T71/><D71/><U79/><N who="1" m="20480" /><DORA hai="13" /><U129/><REACH who="1" step="1"/><E129/><REACH who="1" ten="412,171,288,119" step="2"/><V94/><F68/><W16/><G125/><T52/><D0/><U8/><E8/><V128/><F128/><W44/><G46/><T93/><D1/><U74/><E74/><V86/><F126/><W9/><G9/><T65/><D3/><U112/><E112/><V54/><F124/><W89/><G16/><T10/><D110/><U122/><E122/><V7/><F7/><W72/><G72/><T85/><D10/><U32/><E32/><V87/><F35/><W5/><G5/><T104/><D104/><U48/><E48/><V62/><F34/><W56/><G56/><T134/><D132/><U12/><E12/><V113/><F113/><W135/><G135/><T33/><D134/><U45/><E45/><V92/><F26/><W107/><G107/><T109/><D33/><U31/><E31/><V77/><F25/><W40/><G43/><T18/><D28/><U53/><E53/><AGARI ba="0,1" hai="22,23,40,44,51,53,57,63,88,89,90" m="38922" machi="53" ten="30,7700,0" yaku="8,1,52,2,54,1" doraHai="19,13" who="3" fromWho="1" sc="412,0,171,-77,288,0,119,87" />
</Scene>
<Scene>
<INIT seed="5,0,0,0,0,53" ten="412,94,288,206" oya="1" hai0="50,43,101,67,8,35,74,119,65,12,63,109,20" hai1="24,33,123,34,131,99,107,10,46,126,25,23,81" hai2="49,100,2,5,72,14,116,82,36,38,54,92,79" hai3="21,29,1,57,132,7,61,114,111,89,80,113,117"/><U98/><E123/><V60/><F116/><W128/><G111/><T9/><D35/><U120/><E120/><V56/><F2/><W58/><G117/><T96/><D119/><U41/><E126/><V28/><F28/><W47/><G132/><T83/><D109/><U110/><E110/><V70/><F100/><W104/><G104/><T31/><D67/><U85/><E131/><V32/><F32/><W130/><G47/><T45/><D74/><U3/><E107/><V129/><F129/><N who="3" m="49771" /><G1/><T102/><D83/><U112/><E112/><N who="3" m="43114" /><G7/><T77/><D77/><U121/><E121/><V64/><REACH who="2" step="1"/><F92/><REACH who="2" ten="412,94,278,206" step="2"/><W30/><G30/><T13/><D102/><U27/><E34/><V73/><F73/><W55/><G29/><T86/><D31/><U62/><E33/><V93/><F93/><W18/><G80/><T48/><D101/><U71/><E3/><V22/><F22/><W103/><G103/><T6/><D20/><U52/><E23/><V125/><F125/><W106/><G21/><T39/><D96/><U11/><E11/><AGARI ba="0,1" hai="5,11,14,36,38,49,54,56,60,64,70,72,79,82" machi="11" ten="40,5200,0" yaku="1,1,52,1,53,1" doraHai="53" doraHaiUra="78" who="2" fromWho="1" sc="412,0,94,-52,278,62,206,0" />
</Scene>
<Scene>
<INIT seed="6,0,0,1,0,127" ten="412,42,340,206" oya="2" hai0="130,126,83,99,23,115,77,92,86,65,109,15,4" hai1="132,9,14,51,103,46,32,81,22,128,96,116,82" hai2="1,26,88,27,53,59,24,119,118,43,63,35,69" hai3="10,25,38,90,74,113,58,50,64,111,72,91,21"/><V102/><F1/><W120/><G120/><T107/><D65/><U62/><E116/><V68/><F102/><W39/><G111/><T78/><D23/><U94/><E32/><V44/><F35/><W76/><G10/><T124/><D15/><U87/><E132/><V133/><F133/><W114/><G50/><T110/><D4/><U42/><E62/><V106/><F106/><W98/><G58/><T117/><D107/><U80/><E22/><V5/><F5/><W73/><G76/><N who="0" m="46439" /><D117/><U48/><E48/><V2/><F2/><W108/><G108/><N who="0" m="41579" /><D115/><U28/><E28/><V33/><F33/><W34/><G34/><T70/><D70/><U6/><REACH who="1" step="1"/><E128/><REACH who="1" ten="412,32,340,206" step="2"/><V8/><F118/><W17/><G21/><T122/><D130/><U12/><E12/><V95/><F119/><W134/><G134/><T135/><D135/><U104/><E104/><V13/><F13/><W125/><G114/><T54/><D122/><U66/><E66/><V49/><REACH who="2" step="1"/><F8/><REACH who="2" ten="412,32,330,206" step="2"/><W47/><G113/><T60/><D126/><U7/><E7/><V40/><F40/><W61/><G125/><T11/><D124/><U20/><E20/><V56/><F56/><W84/><G25/><T71/><D11/><U75/><E75/><V79/><F79/><AGARI ba="0,2" hai="6,9,14,42,46,51,79,80,81,82,87,94,96,103" machi="79" ten="30,12000,2" yaku="1,1,7,1,25,2,8,1,53,1" doraHai="127" doraHaiUra="45" who="1" fromWho="2" sc="412,0,32,140,330,-120,206,0" />
</Scene>
<Scene>
<INIT seed="7,0,0,0,5,32" ten="412,172,210,206" oya="3" hai0="27,82,13,74,2,24,119,122,116,47,109,95,10" hai1="123,42,18,45,90,130,108,104,135,44,98,55,105" hai2="26,6,111,11,30,22,115,125,59,127,97,17,112" hai3="103,46,19,57,102,110,77,93,48,8,3,51,84"/><W29/><G29/><T81/><D122/><U12/><E123/><V14/><F111/><W75/><G110/><T1/><D109/><U36/><E108/><V120/><F120/><W28/><G28/><T128/><D128/><U43/><E135/><V89/><F59/><W91/><G75/><T56/><D56/><U134/><E134/><V114/><F89/><W126/><G77/><T63/><D63/><U107/><E130/><V94/><F94/><W54/><G126/><N who="2" m="48137" /><F97/><W70/><G70/><T4/><D95/><U101/><E55/><V78/><F78/><W72/><G72/><T58/><D58/><U20/><REACH who="1" step="1"/><E90/><REACH who="1" ten="412,162,210,206" step="2"/><V60/><F114/><W124/><G124/><T35/><D119/><U31/><E31/><V76/><F76/><W64/><G64/><T34/><D116/><U132/><E132/><V67/><F30/><W118/><G118/><T53/><D35/><U37/><AGARI ba="0,1" hai="12,18,20,36,37,42,43,44,45,98,101,104,105,107" machi="37" ten="20,12000,2" yaku="1,1,0,1,7,1,9,1,53,2" doraHai="32" doraHaiUra="41" who="1" fromWho="1" sc="412,-30,162,130,210,-30,206,-60" owari="382,48.0,292,9.0,180,-22.0,146,-35.0" />
</Scene>
</mjloggm>