<mjloggm ver="2.3"><GO type="97"/><UN n0="%E5%A4%AA%E3%81%8F%E3%81%AA%E3%81%84%E3%81%8A" n1="%E7%8E%8B%E4%B8%8B%E4%B8%83%E6%AD%A6%E6%B5%B7" n2="%E5%9B%9E%E8%83%B4%E2%98%86%E8%A6%AA%E6%96%B9" n3="%E3%83%8B%E3%82%B7%E3%83%9E%E3%83%AB" dan="14,15,14,14" rate="2014,1931,1877,1807" sx="M,F,M,M"/><TAIKYOKU oya="0"/>

<Scene>
<INIT seed="0,0,0,4,3,77" ten="250,250,250,250" oya="0" hai0="115,46,125,4,1,75,135,127,28,27,59,17,65" hai1="48,97,128,104,10,82,129,55,37,89,130,30,123" hai2="83,31,61,90,56,13,53,11,92,36,86,134,94" hai3="81,64,29,85,70,71,93,47,32,108,109,34,38"/><T8/><D115/><U79/><E123/><V12/><F36/><W133/><G133/><T14/><D135/><U106/><E37/><V113/><F113/><W3/><G3/><T121/><D121/><U91/><E30/><V101/><F134/><W5/><G5/><T69/><D69/><N who="3" m="26121" /><G64/><T43/><D75/><U44/><E10/><V9/><F31/><W52/><G93/><T25/><D59/><U19/><E19/><N who="2" m="8591" /><F101/><W20/><G20/><N who="0" m="11319" /><D65/><U100/><REACH who="1" step="1"/><E106/><REACH who="1" ten="250,240,250,250" step="2"/><V6/><AGARI ba="0,1" hai="6,11,13,53,56,61,83,86,90,92,94" m="8591" machi="6" ten="30,2000,0" yaku="8,1,52,1" doraHai="77" who="2" fromWho="2" sc="250,-10,240,-5,250,30,250,-5" />
</Scene>
<Scene>
<INIT seed="1,0,0,2,1,28" ten="240,235,280,245" oya="1" hai0="22,34,85,41,0,124,51,78,76,84,75,57,46" hai1="72,86,73,4,21,11,91,49,104,128,66,17,50" hai2="69,129,105,12,118,56,106,54,94,24,13,43,111" hai3="83,74,40,108,7,89,79,123,5,114,35,8,64"/><U39/><E104/><V98/><F69/><W81/><G123/><T102/><D0/><U47/><E39/><V115/><F118/><W82/><G114/><T37/><D124/><U48/><E128/><V6/><F115/><W116/><G116/><T125/><D125/><U15/><E66/><V133/><F111/><W67/><G108/><T23/><D34/><U126/><E47/><V16/><F133/><W60/><G40/><T30/><D75/><U55/><E55/><V127/><F127/><W36/><G36/><T53/><D102/><U97/><E97/><V112/><F112/><W58/><G35/><T93/><D30/><U2/><REACH who="1" step="1"/><E126/><REACH who="1" ten="240,225,280,245" step="2"/><V95/><F129/><W68/><G67/><T25/><D37/><U135/><E135/><V80/><F106/><W110/><G110/><T26/><D46/><U119/><E119/><V96/><F105/><W107/><G107/><T70/><D53/><U103/><E103/><V1/><F54/><W14/><G68/><T32/><D70/><U27/><E27/><V88/><F98/><W131/><G131/><T63/><D26/><U44/><E44/><V65/><F96/><W117/><G117/><T87/><D25/><U90/><E90/><V109/><F65/><W52/><G89/><T99/><D99/><U134/><E134/><V19/><F88/><W113/><G113/><T59/><D59/><U132/><E132/><V77/><F24/><W9/><G64/><T121/><D57/><U122/><E122/><V71/><F56/><W38/><G38/><T92/><D121/><U101/><E101/><V61/><F71/><RYUUKYOKU ba="0,1" sc="240,-15,225,15,280,-15,245,15" hai1="2,4,11,15,17,21,48,49,50,72,73,86,91" hai3="5,7,8,9,14,52,58,60,74,79,81,82,83" />
</Scene>
<Scene>
<INIT seed="1,1,1,0,1,33" ten="225,240,265,260" oya="1" hai0="9,43,45,10,71,78,123,23,112,131,74,55,26" hai1="122,124,32,127,83,4,48,92,130,69,41,76,2" hai2="89,107,134,64,68,111,25,105,27,0,29,38,81" hai3="70,30,65,34,15,24,8,61,22,57,7,86,82"/><U37/><E122/><V72/><F38/><W6/><G70/><T108/><D112/><U12/><E32/><V114/><F134/><W91/><G34/><T135/><D71/><U126/><E69/><V102/><F111/><W42/><G42/><T100/><D108/><U90/><E130/><V125/><F114/><W93/><G82/><T115/><D115/><U106/><E106/><V54/><F125/><W20/><G20/><T67/><D67/><U49/><E37/><V59/><F27/><W28/><G28/><T51/><D135/><U133/><E133/><V73/><F73/><W58/><G58/><T16/><D131/><U11/><E12/><V50/><F0/><W95/><G95/><T119/><D119/><U104/><E104/><V80/><F80/><W63/><G63/><T132/><D132/><U116/><E116/><V98/><F105/><W53/><G65/><T18/><D123/><U77/><E41/><V3/><F3/><W99/><G86/><T47/><D100/><U97/><REACH who="1" step="1"/><E77/><REACH who="1" ten="225,230,265,260" step="2"/><V113/><F68/><W60/><G15/><N who="0" m="7287" /><D78/><U96/><E96/><V85/><F113/><W39/><G99/><T13/><D43/><U84/><AGARI ba="1,2" hai="2,4,11,48,49,76,83,84,90,92,97,124,126,127" machi="84" ten="30,12000,1" yaku="1,1,0,1,18,1,52,1,53,1" doraHai="33" doraHaiUra="88" who="1" fromWho="1" sc="225,-41,230,143,265,-41,260,-41" />
</Scene>
<Scene>
<INIT seed="1,2,0,3,3,134" ten="184,373,224,219" oya="1" hai0="104,73,61,55,74,40,112,96,108,13,102,35,43" hai1="50,92,46,133,93,97,54,71,129,48,64,84,31" hai2="4,49,99,128,95,41,42,29,68,38,16,17,45" hai3="21,113,0,52,103,123,105,119,94,109,89,115,22"/><U106/><E133/><V135/><F128/><W62/><G0/><T11/><D112/><U7/><E106/><V8/><F135/><W10/><G123/><T76/><D35/><U65/><E7/><V53/><F68/><W100/><G109/><T19/><D108/><U90/><E71/><V3/><F29/><W27/><G119/><T5/><D5/><U126/><E126/><V91/><REACH who="2" step="1"/><F42/><REACH who="2" ten="184,373,214,219" step="2"/><W82/><G115/><T56/><REACH who="0" step="1"/><D76/><REACH who="0" ten="174,373,214,219" step="2"/><U70/><E129/><V36/><F36/><W37/><G37/><T79/><D79/><U110/><E110/><V44/><AGARI ba="2,2" hai="3,4,8,16,17,38,41,44,45,49,53,91,95,99" machi="44" ten="20,5200,0" yaku="1,1,0,1,7,1,54,1,53,0" doraHai="134" doraHaiUra="81" who="2" fromWho="2" sc="174,-15,373,-28,214,78,219,-15" />
</Scene>
<Scene>
<INIT seed="2,0,0,1,2,53" ten="159,345,292,204" oya="2" hai0="6,72,85,71,93,119,113,17,105,10,122,102,7" hai1="94,121,55,33,3,56,96,26,125,45,40,60,19" hai2="36,34,116,66,80,115,101,16,98,84,83,82,21" hai3="78,114,43,24,112,41,46,38,68,69,128,30,118"/><V99/><F116/><W130/><G78/><T15/><D113/><N who="3" m="43625" /><G24/><T133/><D122/><U120/><E3/><V42/><F115/><W28/><G118/><T4/><D119/><U77/><E77/><V14/><F34/><W27/><G27/><T79/><D71/><N who="3" m="27209" /><G30/><T54/><D133/><U124/><E33/><V50/><F36/><N who="3" m="21799" /><G28/><T12/><D105/><U103/><E26/><V87/><F66/><W62/><G62/><T13/><D72/><U107/><E107/><V37/><F37/><W135/><G135/><T35/><D35/><U44/><E19/><V127/><F127/><W110/><G110/><T47/><D79/><U8/><E8/><V132/><F132/><W9/><G9/><T61/><D102/><U88/><E103/><V52/><F101/><W59/><G59/><N who="0" m="35063" /><D47/><AGARI ba="0,0" hai="38,43,47,128,130" m="21799,27209,43625" machi="47" ten="40,8000,1" yaku="11,1,23,1,34,2" doraHai="53" who="3" fromWho="0" sc="159,-80,345,0,292,0,204,80" />
</Scene>
<Scene>
<INIT seed="3,0,0,1,5,127" ten="79,345,292,284" oya="3" hai0="59,105,0,92,97,47,21,101,87,1,79,52,96" hai1="67,37,61,102,86,9,122,32,114,116,130,133,25" hai2="4,135,5,134,71,43,115,90,74,69,48,34,132" hai3="45,15,106,98,120,129,72,89,42,16,83,49,55"/><W117/><G129/><T104/><D47/><U29/><E114/><V88/><F115/><W93/><G120/><T8/><D21/><U51/><E122/><V41/><F74/><W110/><G110/><T12/><D79/><U131/><E37/><V64/><F34/><W20/><G117/><T50/><D87/><U30/><E102/><V28/><F28/><W63/><G106/><T7/><D92/><U78/><E30/><V124/><F124/><W85/><G72/><T118/><D118/><U68/><E116/><V81/><F64/><W13/><G13/><T18/><D7/><N who="2" m="2634" /><F81/><W80/><G85/><T56/><D56/><AGARI ba="0,0" hai="15,16,20,42,45,49,55,56,63,80,83,89,93,98" machi="56" ten="40,3900,0" yaku="8,1,54,1" doraHai="127" who="3" fromWho="0" sc="79,-39,345,0,292,0,284,39" />
</Scene>
<Scene>
<INIT seed="3,1,0,4,1,28" ten="40,345,292,323" oya="3" hai0="101,33,114,128,20,61,44,18,95,60,25,17,99" hai1="117,105,134,45,87,55,111,113,62,14,108,0,1" hai2="83,98,126,13,110,125,10,73,97,82,71,70,56" hai3="24,131,129,106,118,130,5,19,75,47,119,48,120"/><W102/><G75/><T81/><D128/><U57/><E113/><V2/><F2/><W27/><G120/><T43/><D114/><U66/><E134/><V135/><F135/><W78/><G78/><T90/><D33/><U26/><E105/><V7/><F110/><N who="1" m="42025" /><E117/><N who="3" m="44554" /><G5/><T31/><D81/><U63/><E26/><V39/><F39/><W115/><G115/><T112/><D112/><U53/><E14/><V8/><F73/><W122/><G122/><T23/><D101/><U84/><E84/><V85/><F13/><W88/><G19/><T46/><D31/><U77/><E77/><V79/><F79/><W91/><G102/><T123/><D123/><U12/><E12/><V132/><F132/><W116/><N who="3" m="44562" /><W92/><DORA hai="64" /><G106/><T42/><D99/><U59/><E87/><V37/><F85/><N who="3" m="52239" /><G91/><T16/><D90/><U22/><E22/><V35/><F56/><W29/><G29/><T109/><D109/><U30/><E30/><V32/><F7/><W11/><G11/><T50/><D95/><U89/><E89/><V69/><F69/><W54/><AGARI ba="1,0" hai="24,27,47,48,54,129,130,131" m="52239,44562" machi="54" ten="50,4800,0" yaku="19,1,54,1" doraHai="28,64" who="3" fromWho="3" sc="40,-17,345,-17,292,-17,323,51" owari="23,-48.0,328,13.0,275,-12.0,374,47.0" />
</Scene>
</mjloggm>