<mjloggm ver="2.3"><GO type="169" lobby="0"/><UN n0="%E4%B8%83%E3%83%84%E7%9B%AE%E7%8E%89" n1="%E5%A4%AA%E3%81%8F%E3%81%AA%E3%81%84%E3%81%8A" n2="%41%6B%61%2D%75%72%61" n3="%E3%81%B5%E3%81%83%E3%81%82" dan="18,18,16,16" rate="2155.11,2241.07,2080.97,2064.78" sx="M,F,M,M"/><TAIKYOKU oya="0"/>

<Scene>
<INIT seed="0,0,0,2,1,122" ten="250,250,250,250" oya="0" hai0="30,85,18,101,76,12,38,2,83,1,113,135,51" hai1="36,121,90,27,67,15,13,33,66,99,82,110,45" hai2="71,55,108,44,132,124,119,80,65,102,47,103,109" hai3="77,123,117,59,11,14,16,29,129,112,61,79,7"/><T87/><D113/><U34/><E121/><V134/><F124/><W81/><G123/><T100/><D38/><U40/><E67/><V86/><F119/><W74/><G117/><T49/><D135/><N who="2" m="51754" /><F65/><W120/><G120/><T107/><D30/><U104/><E66/><V17/><F71/><W126/><G112/><T78/><D107/><U125/><E125/><V19/><F19/><W64/><G126/><T91/><D2/><U131/><E131/><V106/><F17/><W75/><G129/><T68/><D1/><U62/><E62/><V70/><F70/><W58/><G29/><T31/><D31/><U4/><E27/><V128/><F128/><W73/><G59/><T8/><D68/><U52/><E4/><V84/><F84/><W89/><G89/><T24/><D24/><U41/><E90/><N who="2" m="51527" /><F106/><W20/><REACH who="3" step="1"/><G79/><REACH who="3" ten="250,250,250,240" step="2"/><T72/><D78/><U56/><E56/><V133/><F133/><W54/><G54/><T3/><D91/><U63/><E52/><V46/><F55/><W130/><G130/><T115/><D115/><U53/><E53/><V69/><F69/><W50/><G50/><T43/><D51/><U5/><E63/><V57/><F57/><W39/><G39/><T28/><D49/><U21/><E36/><V23/><F23/><W22/><G22/><T25/><D76/><U42/><E21/><V9/><F9/><W98/><G98/><T116/><D8/><U127/><E99/><V60/><F60/><W6/><G6/><T118/><D118/><U105/><E127/><V26/><F26/><AGARI ba="0,1" hai="7,11,14,16,20,26,58,61,64,73,74,75,77,81" machi="26" ten="30,3900,0" yaku="1,1,7,1,54,1,53,0" doraHai="122" doraHaiUra="111" who="3" fromWho="2" sc="250,0,250,0,250,-39,240,49" />
</Scene>
<Scene>
<INIT seed="1,0,0,4,3,98" ten="250,250,211,289" oya="1" hai0="30,59,97,6,106,121,49,26,107,71,116,56,36" hai1="72,105,19,66,125,17,86,9,45,129,132,55,16" hai2="111,24,65,79,80,10,1,2,76,54,88,47,40" hai3="95,52,99,25,126,35,61,8,48,41,60,115,44"/><U75/><E105/><V110/><F65/><W82/><G115/><T103/><D36/><U122/><E122/><V108/><F54/><W109/><G109/><T63/><D116/><U74/><E132/><V130/><F130/><W92/><G126/><T14/><D121/><U5/><E125/><V133/><F133/><W91/><G82/><T94/><D49/><U46/><E129/><V70/><F70/><W87/><G8/><N who="0" m="4375" /><D71/><U62/><E86/><N who="2" m="50247" /><F24/><W90/><G35/><T128/><D128/><U64/><E55/><V18/><F18/><W127/><G127/><T112/><D59/><U104/><E104/><V131/><F131/><W0/><G0/><N who="2" m="105" /><F10/><W12/><G25/><T57/><D57/><U28/><E28/><V7/><F7/><W43/><G12/><T4/><D4/><U67/><E62/><AGARI ba="0,0" hai="41,43,44,48,52,60,61,62,87,90,91,92,95,99" machi="62" ten="40,2600,0" yaku="8,1,54,1" doraHai="98" who="3" fromWho="1" sc="250,0,250,-26,211,0,289,26" />
</Scene>
<Scene>
<INIT seed="2,0,0,2,0,2" ten="250,224,211,315" oya="2" hai0="22,103,135,16,55,49,46,8,75,93,85,77,123" hai1="73,98,10,43,68,25,41,100,39,83,19,11,126" hai2="86,132,48,57,114,5,1,87,33,64,61,29,90" hai3="0,69,31,38,4,129,116,26,106,59,42,13,51"/><V81/><F114/><W108/><G116/><T124/><D123/><U109/><E68/><V36/><F36/><W120/><G120/><T65/><D135/><U107/><E109/><V24/><F132/><W122/><G122/><T37/><D124/><U45/><E126/><V74/><F74/><W112/><G106/><T104/><D37/><U91/><E41/><V88/><F48/><W92/><G69/><T9/><D75/><U117/><E117/><V101/><F101/><W40/><G0/><T70/><D65/><U28/><E19/><V97/><F97/><W130/><G108/><T134/><D70/><U15/><E15/><V113/><F113/><W76/><G76/><T21/><D21/><U54/><E54/><V72/><F72/><W119/><G119/><T67/><D67/><U95/><E83/><V80/><F1/><W71/><G71/><T53/><D104/><U18/><E18/><V63/><F63/><W66/><G38/><T62/><D134/><U115/><E73/><V7/><AGARI ba="0,0" hai="5,7,24,29,33,57,61,64,80,81,86,87,88,90" machi="7" ten="30,12000,1" yaku="0,1,9,1,52,2,54,1" doraHai="2" who="2" fromWho="2" sc="250,-40,224,-40,211,120,315,-40" />
</Scene>
<Scene>
<INIT seed="2,1,0,5,4,18" ten="210,184,331,275" oya="2" hai0="52,99,15,4,39,17,131,23,42,46,102,126,135" hai1="19,118,86,85,89,128,110,92,75,69,81,114,109" hai2="45,62,30,13,72,60,98,112,95,74,36,120,100" hai3="116,9,133,105,115,122,93,61,70,7,24,127,44"/><V94/><F120/><W103/><G116/><T65/><D131/><U108/><E69/><V2/><F2/><W21/><G122/><T51/><D126/><U6/><E6/><V26/><F112/><W47/><G127/><T40/><D135/><U1/><E1/><V66/><F94/><W123/><G123/><T27/><D65/><U29/><E29/><V121/><F121/><W91/><G133/><T48/><D39/><U97/><E118/><V129/><F129/><W25/><G115/><T76/><D76/><N who="1" m="44191" /><E114/><V34/><F13/><W87/><G25/><T113/><D113/><U104/><E128/><V107/><F95/><W0/><G105/><T80/><D80/><U53/><E53/><V12/><F12/><W5/><G5/><T71/><D71/><U3/><E3/><V37/><F62/><W124/><G124/><T11/><REACH who="0" step="1"/><D51/><REACH who="0" ten="200,184,331,275" step="2"/><U22/><E104/><AGARI ba="1,1" hai="4,11,15,17,23,27,40,42,46,48,52,99,102,104" machi="104" ten="30,8000,1" yaku="1,1,2,1,7,1,52,1,54,1,53,0" doraHai="18" doraHaiUra="119" who="0" fromWho="1" sc="200,93,184,-83,331,0,275,0" />
</Scene>
<Scene>
<INIT seed="3,0,0,5,2,38" ten="293,101,331,275" oya="3" hai0="110,53,44,131,29,27,114,70,113,9,126,90,94" hai1="87,51,43,54,98,129,69,81,30,17,3,93,33" hai2="92,60,71,49,91,15,1,123,18,52,57,64,78" hai3="122,130,133,100,56,128,77,45,6,103,50,7,107"/><W31/><G122/><T83/><D70/><U104/><E3/><V5/><F78/><W4/><G133/><T22/><D110/><U115/><E115/><N who="0" m="44041" /><D131/><N who="3" m="50217" /><G107/><T23/><D126/><U118/><E129/><V76/><F76/><W88/><G77/><T65/><D65/><U124/><E69/><V85/><F123/><W2/><G2/><T74/><D74/><U105/><E43/><V58/><F1/><W61/><G31/><T14/><D83/><U99/><E99/><V42/><F5/><W121/><G121/><T82/><D82/><U125/><E17/><V68/><REACH who="2" step="1"/><F42/><REACH who="2" ten="293,101,321,275" step="2"/><N who="3" m="24887" /><G88/><T11/><D90/><U24/><E124/><V134/><F134/><W19/><G19/><T46/><D29/><U13/><E125/><V135/><F135/><W62/><G62/><T32/><D11/><AGARI ba="0,1" hai="11,15,18,49,52,57,58,60,64,68,71,85,91,92" machi="11" ten="30,3900,0" yaku="1,1,7,1,54,1,53,0" doraHai="38" doraHaiUra="75" who="2" fromWho="0" sc="293,-39,101,0,321,49,275,0" />
</Scene>
<Scene>
<INIT seed="4,0,0,5,3,27" ten="254,101,370,275" oya="0" hai0="62,101,9,87,50,79,126,49,4,98,34,43,93" hai1="113,75,106,116,95,2,35,86,51,128,89,65,85" hai2="61,25,48,46,39,82,94,96,67,5,30,110,45" hai3="20,123,109,74,17,105,78,26,53,133,114,54,1"/><T119/><D119/><U83/><E2/><V59/><F110/><W16/><G109/><T124/><D34/><U19/><E116/><V29/><F5/><W73/><G1/><T122/><D122/><U57/><E35/><V63/><F63/><W32/><G123/><T66/><D79/><U132/><E106/><V42/><F82/><W84/><G105/><T13/><D87/><U102/><E132/><V76/><F76/><W15/><G133/><T129/><D129/><U7/><E7/><V10/><F10/><W134/><G134/><T91/><D101/><U37/><E37/><V88/><F25/><W135/><G135/><T33/><D33/><U52/><E128/><V0/><F0/><W38/><G38/><T92/><D92/><U90/><E75/><V118/><F118/><W31/><G114/><T81/><D81/><U71/><E113/><V44/><F44/><W112/><G112/><T56/><REACH who="0" step="1"/><D43/><AGARI ba="0,0" hai="29,30,39,42,43,45,46,48,59,61,67,88,94,96" machi="43" ten="30,7700,0" yaku="7,1,52,2,54,1" doraHai="27" who="2" fromWho="0" sc="254,-77,101,0,370,77,275,0" />
</Scene>
<Scene>
<INIT seed="5,0,0,4,2,19" ten="177,101,447,275" oya="1" hai0="88,81,101,61,9,115,97,13,113,32,70,56,89" hai1="102,67,65,46,28,37,58,40,131,84,66,127,27" hai2="104,20,30,47,38,103,120,87,80,57,43,4,5" hai3="25,134,92,125,42,109,112,64,76,15,0,8,29"/><U24/><E131/><V94/><F104/><W93/><G109/><T44/><D32/><U78/><E127/><V129/><F120/><W123/><G123/><T121/><D70/><U83/><E102/><V63/><F129/><W68/><G125/><T73/><D121/><U7/><E7/><V77/><F103/><W16/><G112/><N who="0" m="43083" /><D44/><U1/><E1/><V51/><F94/><W105/><G105/><N who="0" m="63663" /><D81/><U119/><E119/><V85/><F85/><W33/><G134/><T72/><D72/><U91/><E58/><V118/><F38/><W128/><G128/><T95/><D95/><U6/><E6/><V114/><F118/><W39/><G76/><T55/><D73/><U60/><E60/><V50/><F50/><W116/><G116/><T71/><D71/><U11/><E11/><V135/><F135/><W22/><G42/><T126/><D126/><U100/><E100/><V2/><F2/><W3/><G39/><T49/><D61/><U31/><REACH who="1" step="1"/><E78/><REACH who="1" ten="177,91,447,275" step="2"/><V34/><F114/><W98/><G0/><T48/><D48/><U133/><E133/><V130/><F130/><W41/><G3/><T14/><D14/><U111/><E111/><V82/><F4/><AGARI ba="0,1" hai="4,9,13,49,55,56,88,89" m="63663,43083" machi="4" ten="30,2000,0" yaku="15,1,54,1" doraHai="19" who="0" fromWho="2" sc="177,30,91,0,447,-20,275,0" />
</Scene>
<Scene>
<INIT seed="6,0,0,0,2,61" ten="207,91,427,275" oya="2" hai0="115,31,118,99,59,25,66,80,95,125,111,47,50" hai1="71,16,105,17,120,33,48,78,122,116,114,14,65" hai2="51,36,28,3,110,97,43,15,58,129,102,8,81" hai3="135,88,123,92,94,87,18,52,55,84,101,21,85"/><V39/><F129/><W11/><G123/><N who="1" m="47146" /><E116/><V24/><F3/><W34/><G34/><T10/><D111/><U0/><E0/><V68/><F68/><W91/><G135/><T13/><D118/><U82/><E33/><V70/><F70/><W100/><G11/><T26/><D115/><U119/><E119/><V133/><F133/><W134/><G134/><T23/><D125/><U2/><E2/><V121/><F110/><W73/><G73/><T27/><D80/><U96/><E114/><V90/><F121/><W131/><G131/><T107/><D107/><U128/><E128/><V44/><F58/><W67/><G67/><T63/><D50/><U12/><E48/><V60/><F60/><W19/><G87/><T22/><D22/><AGARI ba="0,0" hai="18,19,21,22,52,55,84,85,88,91,92,94,100,101" machi="22" ten="25,8000,1" yaku="22,2,8,1,54,2" doraHai="61" who="3" fromWho="0" sc="207,-80,91,0,427,0,275,80" />
</Scene>
<Scene>
<INIT seed="7,0,0,2,4,38" ten="127,91,427,355" oya="3" hai0="49,74,58,64,10,65,98,85,5,43,8,76,114" hai1="7,135,113,130,115,126,116,80,96,108,56,67,110" hai2="15,107,99,118,22,59,120,40,50,52,84,103,78" hai3="39,18,75,62,48,6,86,106,29,42,61,68,82"/><W127/><G75/><T97/><D74/><U21/><E7/><V51/><F118/><W46/><G106/><T88/><D76/><U83/><E21/><V81/><F120/><W31/><G127/><T89/><D114/><N who="1" m="43531" /><E67/><N who="0" m="25673" /><D89/><U26/><E26/><V101/><F101/><W54/><G68/><T69/><D69/><U100/><E56/><V63/><F40/><W123/><G123/><T4/><D4/><U2/><E2/><V133/><F133/><W45/><G6/><T129/><D129/><U23/><E23/><V33/><F33/><W66/><G18/><T37/><D5/><U19/><E19/><V132/><F132/><W105/><G105/><T117/><D117/><U30/><E30/><V17/><AGARI ba="0,0" hai="15,17,22,50,51,52,59,63,78,81,84,99,103,107" machi="17" ten="30,2000,0" yaku="0,1,54,1" doraHai="38" who="2" fromWho="2" sc="127,-5,91,-5,427,20,355,-10" owari="122,-28.0,86,-41.0,447,54.0,345,15.0" />
</Scene>
</mjloggm>