<mjloggm ver="2.3"><GO type="41"/><UN n0="%E5%A4%AA%E3%81%8F%E3%81%AA%E3%81%84%E3%81%8A" n1="%E3%81%AE%E3%82%8A%E3%82%BB%E3%83%8A" n2="%E3%83%8B%E3%83%83%E3%82%B3%E3%83%AD" n3="%E3%81%BF%E3%82%8B%EF%BC%A0%E5%A3%B0%E5%84%AA" dan="15,14,14,14" rate="2047,2081,1922,1935" sx="M,M,M,F"/><TAIKYOKU oya="0"/>

<Scene>
<INIT seed="0,0,0,0,5,64" ten="250,250,250,250" oya="0" hai0="63,6,41,77,36,133,69,79,32,4,93,115,83" hai1="55,0,22,124,56,45,108,114,126,100,33,57,8" hai2="20,12,37,7,91,46,27,92,81,70,65,95,120" hai3="66,85,125,62,105,107,60,89,13,99,21,128,5"/><T129/><D115/><U71/><E33/><V78/><F120/><W43/><G128/><T94/><D32/><U67/><E114/><V40/><F70/><W68/><G125/><N who="1" m="48234" /><E100/><V18/><F91/><W130/><G130/><T16/><D129/><U39/><E22/><V42/><F42/><W38/><G62/><T86/><D133/><U110/><E0/><V48/><F65/><W131/><G131/><T135/><D135/><U73/><E73/><V58/><F58/><W76/><G76/><T61/><D36/><U54/><E8/><N who="2" m="4127" /><F37/><W2/><G2/><T132/><D132/><U122/><E122/><V11/><F11/><W80/><G99/><T50/><D79/><U84/><E84/><AGARI ba="0,0" hai="18,20,27,40,46,48,78,81,84,92,95" m="4127" machi="84" ten="30,2000,0" yaku="25,1,8,1" doraHai="64" who="2" fromWho="1" sc="250,0,250,-20,250,20,250,0" />
</Scene>
<Scene>
<INIT seed="1,0,0,3,1,58" ten="250,230,270,250" oya="1" hai0="31,93,89,34,124,73,86,119,120,45,5,91,28" hai1="95,59,14,78,109,39,110,2,80,107,18,27,75" hai2="128,48,52,117,79,87,125,121,10,100,12,37,43" hai3="81,6,7,16,113,24,127,134,53,114,98,60,38"/><U126/><E107/><V65/><F121/><W32/><G38/><T129/><D119/><U118/><E118/><V64/><F117/><W104/><G134/><T19/><D73/><U131/><E39/><V44/><F125/><W92/><G104/><T50/><D124/><U22/><E126/><V17/><F100/><W123/><G123/><T46/><D120/><U56/><E2/><V101/><F101/><W25/><G127/><T67/><D129/><U115/><E115/><V61/><F79/><W82/><G32/><T47/><D34/><U49/><E131/><V85/><F37/><W11/><G113/><T133/><D133/><U122/><E122/><V0/><F0/><W23/><G25/><T51/><D5/><N who="3" m="1545" /><G11/><T130/><D130/><U55/><E95/><V20/><F10/><W77/><G77/><T13/><D89/><U97/><E97/><V57/><F128/><W63/><G114/><T94/><D94/><U21/><REACH who="1" step="1"/><E59/><REACH who="1" ten="250,220,270,250" step="2"/><V84/><AGARI ba="0,1" hai="12,17,20,43,44,48,52,57,61,64,65,84,85,87" machi="84" ten="30,7900,0" yaku="0,1,8,1,52,1,54,1" doraHai="58" who="2" fromWho="2" sc="250,-20,220,-39,270,89,250,-20" />
</Scene>
<Scene>
<INIT seed="2,0,0,1,5,1" ten="230,181,359,230" oya="2" hai0="34,32,6,133,76,33,42,88,14,45,94,124,99" hai1="21,104,35,83,95,93,79,51,53,106,7,127,112" hai2="85,44,123,5,49,122,37,134,19,23,105,102,115" hai3="47,71,82,56,100,117,126,90,91,64,52,15,65"/><V31/><F115/><W135/><G117/><T20/><D124/><U58/><E112/><V132/><F37/><W110/><G126/><T84/><D133/><U114/><E127/><V109/><F31/><W118/><G118/><T50/><D20/><U130/><E114/><V131/><F131/><W108/><G135/><N who="2" m="51753" /><F85/><N who="3" m="50487" /><G100/><T70/><D70/><U67/><E130/><V125/><F125/><W12/><G71/><T27/><D27/><U48/><E35/><V60/><F60/><N who="3" m="35847" /><G47/><T54/><D54/><U113/><E113/><V98/><F109/><N who="3" m="42091" /><G91/><T121/><D121/><U78/><E78/><V17/><F123/><W2/><G2/><T80/><D33/><U128/><E128/><V36/><F122/><W41/><G41/><T97/><D97/><U8/><E79/><V39/><F36/><W87/><G87/><T74/><D74/><U16/><E106/><V22/><F39/><W28/><G28/><T107/><D107/><U86/><E104/><V18/><F5/><W61/><G61/><T10/><AGARI ba="0,0" hai="6,10,14,32,34,42,45,50,76,80,84,88,94,99" machi="10" ten="30,8000,1" yaku="0,1,25,2,52,1,54,1" doraHai="1" who="0" fromWho="0" sc="230,80,181,-20,359,-40,230,-20" />
</Scene>
<Scene>
<INIT seed="3,0,0,4,3,5" ten="310,161,319,210" oya="3" hai0="71,16,129,122,37,99,3,63,126,4,26,109,90" hai1="7,66,21,45,17,117,10,88,32,74,91,120,33" hai2="134,46,124,118,55,112,9,30,64,104,123,2,29" hai3="28,128,69,72,24,25,114,86,89,98,95,19,133"/><W0/><G69/><T59/><D122/><U20/><E120/><V50/><F118/><W96/><G114/><T43/><D71/><U62/><E117/><V15/><F112/><W52/><G72/><T76/><D76/><U41/><E74/><V77/><F2/><W85/><G133/><T116/><D116/><U105/><E105/><V93/><F104/><W65/><G65/><T132/><D37/><U115/><E115/><V14/><F124/><W34/><G128/><T53/><D43/><U94/><E21/><V84/><F15/><W79/><G0/><T36/><D36/><U75/><E75/><V78/><F134/><W40/><G40/><T8/><D132/><U110/><E110/><V6/><F64/><W68/><G68/><T35/><D109/><U101/><E101/><V73/><F73/><W113/><G113/><T135/><D135/><U107/><E107/><V92/><F123/><W80/><G25/><T125/><D129/><U61/><E32/><V81/><F78/><W97/><G19/><T38/><D38/><U100/><E33/><V87/><F87/><W121/><G121/><T54/><D54/><U1/><E100/><V22/><F22/><W82/><REACH who="3" step="1"/><G52/><REACH who="3" ten="310,161,319,200" step="2"/><T23/><D35/><U111/><E66/><V18/><REACH who="2" step="1"/><F18/><REACH who="2" ten="310,161,309,200" step="2"/><W31/><G31/><AGARI ba="0,2" hai="6,9,14,29,30,31,46,50,55,77,81,84,92,93" machi="31" ten="40,8000,1" yaku="1,1,2,1,8,1,52,1,53,0" doraHai="5" doraHaiUra="131" who="2" fromWho="3" sc="310,0,161,0,309,100,200,-80" />
</Scene>
<Scene>
<INIT seed="4,0,0,2,4,9" ten="310,161,409,120" oya="0" hai0="96,28,34,7,45,66,32,36,113,103,65,20,134" hai1="82,40,104,24,69,133,1,15,131,88,87,115,92" hai2="23,77,5,68,129,13,2,39,127,116,59,98,72" hai3="95,120,126,79,124,99,78,130,55,73,56,6,8"/><T84/><D7/><U16/><E69/><V91/><F127/><W118/><G118/><T86/><D34/><U37/><E1/><V57/><F68/><W43/><G43/><T33/><D32/><U47/><E104/><V46/><F116/><W102/><G120/><T80/><D33/><U111/><E111/><V44/><F129/><W75/><G130/><T128/><D128/><U112/><E131/><V31/><F31/><W71/><G71/><T42/><D113/><N who="1" m="43595" /><E24/><V52/><F57/><W35/><G35/><T105/><D134/><U58/><E58/><V12/><F2/><W107/><G107/><T93/><D105/><U108/><E108/><V62/><F77/><W11/><G11/><T132/><D132/><U27/><E27/><V81/><F72/><W60/><G78/><T10/><D10/><N who="1" m="6263" /><E133/><V4/><F23/><W70/><G70/><T53/><D20/><U135/><E135/><V125/><F125/><N who="3" m="48235" /><G79/><T74/><D28/><U3/><E3/><AGARI ba="0,0" hai="3,6,8,55,56,60,73,75,95,99,102" m="48235" machi="3" ten="30,1000,0" yaku="18,1" doraHai="9" who="3" fromWho="1" sc="310,0,161,-10,409,0,120,10" />
</Scene>
<Scene>
<INIT seed="5,0,0,4,3,19" ten="310,151,409,130" oya="1" hai0="131,64,69,110,126,132,56,78,88,71,82,0,27" hai1="48,92,24,11,32,9,7,102,129,66,130,100,25" hai2="79,36,124,89,81,91,111,15,80,67,104,49,30" hai3="5,38,108,115,85,10,52,58,127,22,39,74,18"/><U119/><E119/><V133/><F36/><W120/><G108/><T113/><D110/><U1/><E11/><V103/><F111/><W26/><G120/><T118/><D118/><U16/><E25/><V8/><F30/><W34/><G127/><T106/><D106/><U70/><E48/><V65/><F124/><W29/><G115/><T76/><D0/><U53/><E32/><V50/><F133/><W77/><G74/><T87/><D126/><U114/><E114/><V37/><F37/><W43/><G43/><T86/><D113/><U105/><E105/><V101/><F104/><W116/><G116/><T123/><D132/><U121/><E121/><V14/><F8/><W73/><G73/><T98/><D123/><U55/><E102/><V54/><F79/><W107/><G107/><T90/><D98/><U59/><E70/><V94/><F94/><W57/><G57/><T125/><D125/><U17/><E66/><V117/><F117/><W41/><G41/><T23/><D131/><N who="1" m="50187" /><E59/><V83/><F83/><W2/><G85/><T134/><D69/><U68/><E68/><V28/><F28/><W42/><G77/><T62/><D71/><U109/><E109/><V61/><F61/><W47/><G47/><T51/><D51/><U112/><E112/><V3/><F3/><W45/><G45/><T60/><D60/><U46/><E46/><V122/><F122/><W20/><G42/><T75/><D134/><U128/><N who="1" m="50195" /><U84/><DORA hai="40" /><E84/><V6/><F6/><W135/><G38/><T93/><D75/><U96/><E24/><V97/><F97/><RYUUKYOKU ba="0,0" sc="310,10,151,10,409,10,130,-30" hai0="23,27,56,62,64,76,78,82,86,87,88,90,93" hai1="1,7,9,16,17,53,55,92,96,100" hai2="14,15,49,50,54,65,67,80,81,89,91,101,103" />
</Scene>
<Scene>
<INIT seed="5,1,0,4,4,27" ten="320,161,419,100" oya="1" hai0="63,73,32,7,120,125,4,2,8,42,29,127,131" hai1="103,1,109,14,28,37,20,24,117,94,0,62,118" hai2="119,30,52,10,129,80,69,81,57,60,71,31,23" hai3="58,105,116,121,113,99,17,43,18,59,124,83,79"/><U93/><E37/><V111/><F111/><W97/><G121/><T38/><D73/><U22/><E109/><V49/><F119/><W70/><G116/><T82/><D120/><U100/><E62/><V104/><F104/><W51/><G70/><T122/><D122/><U5/><E24/><V68/><F10/><W6/><G6/><N who="0" m="1111" /><D63/><U61/><E61/><V112/><F23/><W33/><G33/><T128/><D82/><U40/><E40/><V53/><F129/><N who="0" m="49738" /><D42/><U25/><E25/><V106/><F106/><W126/><G105/><T36/><D36/><U96/><E5/><N who="0" m="2121" /><D38/><U13/><REACH who="1" step="1"/><E96/><REACH who="1" ten="320,151,419,100" step="2"/><V135/><F135/><W76/><G43/><T16/><D16/><U15/><E15/><V133/><F133/><W85/><G51/><T56/><D32/><U107/><E107/><V92/><F60/><W3/><G3/><T72/><D127/><U35/><E35/><V102/><F68/><W67/><G99/><T130/><D125/><U86/><E86/><V45/><F71/><W84/><G97/><T101/><D130/><U19/><E19/><V114/><F69/><W78/><G67/><T34/><D34/><U132/><E132/><V54/><F54/><W75/><G18/><T64/><D72/><U46/><E46/><V21/><F53/><W9/><G17/><T95/><D64/><U74/><E74/><V65/><F45/><W88/><G85/><T123/><D123/><U91/><E91/><V87/><F65/><W47/><G47/><T134/><D134/><U89/><E89/><V77/><F87/><W90/><G84/><T98/><D56/><RYUUKYOKU ba="1,1" sc="320,15,151,15,419,-15,100,-15" hai0="29,95,98,101" hai1="0,1,13,14,20,22,28,93,94,100,103,117,118" />
</Scene>
<Scene>
<INIT seed="5,2,1,2,2,131" ten="335,166,404,85" oya="1" hai0="22,81,9,76,1,6,17,20,5,83,61,55,90" hai1="35,103,128,32,48,8,14,37,72,122,118,11,41" hai2="19,62,46,100,78,34,71,0,53,113,73,29,10" hai3="33,42,85,79,125,12,57,102,39,116,77,115,104"/><U127/><E118/><V111/><F111/><W110/><G79/><T117/><D117/><U121/><E72/><V107/><F113/><W106/><G102/><T74/><D6/><U133/><E103/><V45/><F53/><W51/><G51/><T2/><D2/><U109/><E37/><V3/><F19/><W49/><G49/><T94/><D81/><U114/><E41/><V60/><F60/><W119/><G57/><T65/><D17/><U91/><E91/><V96/><F10/><W4/><G119/><T36/><D55/><U24/><E48/><V105/><F105/><W52/><G52/><T89/><D36/><U31/><E114/><V88/><F88/><W56/><G12/><T7/><D7/><N who="1" m="3359" /><E109/><V66/><F46/><W70/><G110/><T95/><D89/><U18/><E128/><V123/><F45/><W124/><G42/><T98/><D94/><U126/><E35/><V129/><F123/><N who="1" m="47113" /><E133/><V134/><F129/><W38/><G33/><T68/><AGARI ba="2,1" hai="1,5,9,20,22,61,65,68,74,76,83,90,95,98" machi="68" ten="20,1500,0" yaku="0,1,7,1" doraHai="131" who="0" fromWho="0" sc="335,31,166,-9,404,-6,85,-6" />
</Scene>
<Scene>
<INIT seed="6,0,0,4,2,30" ten="366,157,398,79" oya="2" hai0="96,6,117,37,72,33,35,15,16,22,64,103,2" hai1="13,36,47,87,86,134,92,133,85,113,112,81,26" hai2="84,61,67,32,24,99,119,25,56,31,4,106,77" hai3="129,98,105,109,80,131,125,114,52,116,63,118,55"/><V104/><F119/><W66/><G105/><T89/><D37/><U12/><E36/><V75/><F75/><W5/><G5/><T100/><D72/><U91/><E47/><V121/><F4/><W97/><G109/><T135/><D64/><U7/><E7/><V62/><F121/><W70/><G80/><T1/><D103/><U3/><E3/><V110/><F110/><W90/><G125/><T120/><D120/><U102/><E26/><V21/><F62/><W107/><G98/><T45/><D45/><U14/><E102/><V73/><F73/><W58/><G107/><T46/><D46/><U88/><REACH who="1" step="1"/><E86/><REACH who="1" ten="366,147,398,79" step="2"/><V49/><F99/><W68/><G97/><T95/><D2/><U41/><E41/><V82/><F49/><N who="3" m="30991" /><G90/><T11/><D117/><N who="3" m="45161" /><G114/><AGARI ba="0,1" hai="12,13,14,81,85,87,88,91,92,112,113,114,133,134" machi="114" ten="40,12000,2" yaku="1,1,15,1,54,1,53,3" doraHai="30" doraHaiUra="9" who="1" fromWho="3" sc="366,0,147,130,398,0,79,-120" owari="366,17.0,277,-12.0,398,49.0,-41,-54.0" />
</Scene>
</mjloggm>