<mjloggm ver="2.3"><GO type="169"/><UN n0="%E3%83%90%E3%83%88%E3%83%AB%E3%83%89%E3%83%BC%E3%83%A0%EF%BC%81" n1="%E9%96%A2%E7%99%BD%E5%A4%B1%E8%84%9A" n2="%E5%A4%AA%E3%81%8F%E3%81%AA%E3%81%84%E3%81%8A" n3="%E5%9F%BA%E7%A4%8E%E8%AB%96" dan="16,17,17,16" rate="2012,2148,2183,2088" sx="M,M,M,M"/><TAIKYOKU oya="0"/>

<Scene>
<INIT seed="0,0,0,3,3,46" ten="250,250,250,250" oya="0" hai0="129,10,114,105,113,82,104,18,45,57,77,60,47" hai1="0,11,130,69,95,5,75,9,118,85,16,20,119" hai2="78,56,38,94,109,48,21,3,62,81,28,25,127" hai3="107,17,110,29,26,41,79,132,19,131,12,70,58"/><T72/><D129/><U67/><E75/><V84/><F38/><W59/><G70/><T6/><D18/><U35/><E130/><V50/><F3/><W133/><G131/><T97/><D47/><U71/><E35/><V125/><F109/><W124/><G110/><T54/><D45/><U44/><E11/><V52/><REACH who="2" step="1"/><F94/><REACH who="2" ten="250,250,240,250" step="2"/><W90/><G107/><T33/><D105/><U30/><E95/><V108/><F108/><W76/><G132/><T135/><D135/><U51/><E118/><V8/><F8/><W22/><G133/><T42/><D104/><U112/><E119/><V91/><F91/><W61/><G90/><T40/><D113/><U80/><E112/><V68/><F68/><W49/><G79/><T126/><D114/><U87/><E67/><V73/><F73/><W13/><G76/><T64/><D126/><AGARI ba="0,1" hai="21,25,28,48,50,52,56,62,78,81,84,125,126,127" machi="126" ten="40,8000,1" yaku="1,1,18,1,52,2,54,1,53,0" doraHai="46" doraHaiUra="4" who="2" fromWho="0" sc="250,-80,250,0,240,90,250,0" />
</Scene>
<Scene>
<INIT seed="1,0,0,5,4,116" ten="170,250,330,250" oya="1" hai0="113,30,9,47,24,57,70,15,46,38,96,134,48" hai1="31,86,34,33,18,127,85,92,90,21,109,27,110" hai2="36,83,101,41,14,132,45,118,104,59,61,135,58" hai3="25,44,2,51,120,11,130,131,29,80,1,69,72"/><U65/><E65/><V49/><F118/><W54/><G69/><T43/><D113/><U133/><E127/><V77/><F36/><W22/><G120/><T89/><D134/><N who="2" m="51242" /><F14/><W28/><G28/><T6/><D70/><U87/><E133/><V102/><F104/><W66/><G66/><T71/><D71/><U8/><E8/><V4/><F4/><W55/><G55/><T78/><D78/><U68/><E68/><V108/><F108/><N who="1" m="41577" /><E31/><V81/><F81/><W5/><G2/><T99/><D57/><N who="2" m="21514" /><F61/><W73/><REACH who="3" step="1"/><G80/><REACH who="3" ten="170,250,330,240" step="2"/><T111/><D111/><U20/><E20/><V50/><F50/><W125/><G125/><T103/><D48/><U115/><E115/><V12/><F83/><W98/><G98/><AGARI ba="0,1" hai="18,21,27,33,34,85,86,87,90,92,98" m="41577" machi="98" ten="30,2900,0" yaku="14,1,10,1" doraHai="116" who="1" fromWho="3" sc="170,0,250,39,330,0,240,-29" />
</Scene>
<Scene>
<INIT seed="1,1,0,4,0,102" ten="170,289,330,211" oya="1" hai0="127,51,12,104,33,44,108,109,97,55,75,26,1" hai1="74,79,19,59,0,78,39,94,70,100,4,14,105" hai2="3,10,86,15,129,25,118,110,63,119,84,124,72" hai3="8,54,6,13,80,66,90,34,2,116,125,5,113"/><U64/><E39/><V27/><F72/><W18/><G113/><T103/><D1/><U45/><E74/><V50/><F63/><W107/><G125/><T62/><D75/><U52/><E105/><V121/><F50/><W120/><G120/><T128/><D127/><U21/><E70/><V130/><F124/><W24/><G66/><T81/><D128/><N who="2" m="49258" /><F121/><W134/><G134/><T31/><D81/><U9/><E45/><V60/><F60/><W22/><G54/><T57/><REACH who="0" step="1"/><D12/><REACH who="0" ten="160,289,330,211" step="2"/><N who="1" m="9447" /><E0/><V95/><F3/><W91/><G80/><T46/><D46/><U131/><E131/><V47/><F47/><W48/><G2/><T20/><D20/><U61/><E64/><AGARI ba="1,1" hai="26,31,33,44,51,55,57,62,64,97,103,104,108,109" machi="64" ten="40,5200,0" yaku="1,1,52,1,53,1" doraHai="102" doraHaiUra="23" who="0" fromWho="1" sc="160,65,289,-55,330,0,211,0" />
</Scene>
<Scene>
<INIT seed="2,0,0,0,0,104" ten="225,234,330,211" oya="2" hai0="84,109,57,15,43,26,106,124,120,79,108,12,123" hai1="18,47,78,129,134,122,92,76,105,53,16,7,130" hai2="31,62,36,96,97,135,133,117,0,100,35,9,90" hai3="115,94,80,52,17,38,23,132,11,112,59,102,27"/><V37/><F117/><W6/><G38/><T118/><D106/><U49/><E105/><N who="2" m="63623" /><F62/><W2/><G132/><N who="2" m="50761" /><F97/><W72/><G102/><T50/><D118/><U71/><E71/><V126/><F90/><W14/><G94/><T30/><D124/><U65/><E65/><V125/><F31/><W68/><G68/><T114/><D114/><N who="3" m="43561" /><G80/><N who="0" m="47135" /><D43/><U56/><E7/><N who="2" m="1255" /><F35/><W29/><G29/><T55/><D120/><U41/><E122/><V28/><F28/><W111/><G111/><N who="0" m="42571" /><D123/><U89/><E134/><V73/><F73/><W8/><G72/><T33/><AGARI ba="0,0" hai="12,15,26,30,33,50,55,57" m="42571,47135" machi="33" ten="30,1100,0" yaku="14,1" doraHai="104" who="0" fromWho="0" sc="225,11,234,-3,330,-5,211,-3" />
</Scene>
<Scene>
<INIT seed="3,0,0,0,1,134" ten="236,231,325,208" oya="3" hai0="2,125,49,26,106,23,37,100,99,27,36,3,129" hai1="135,72,84,66,29,4,10,73,94,13,112,41,107" hai2="115,101,30,131,6,42,108,79,1,71,86,60,46" hai3="92,85,15,81,61,67,78,74,18,88,96,127,120"/><W57/><G120/><T126/><D129/><U105/><E135/><V95/><F115/><W65/><G127/><N who="0" m="48651" /><D49/><U75/><E112/><V14/><F86/><W83/><G67/><T22/><D22/><U130/><E130/><V5/><F14/><W52/><G65/><T89/><D89/><U132/><E132/><V17/><F79/><W38/><G38/><N who="0" m="14955" /><D27/><U63/><E41/><V44/><F42/><W32/><G32/><T51/><D51/><U90/><REACH who="1" step="1"/><E29/><AGARI ba="0,0" hai="2,3,23,26,29,99,100,106" m="14955,48651" machi="29" ten="30,7700,0" yaku="18,1,52,3" doraHai="134" who="0" fromWho="1" sc="236,77,231,-77,325,0,208,0" />
</Scene>
<Scene>
<INIT seed="4,0,0,0,5,13" ten="313,154,325,208" oya="0" hai0="42,7,130,91,34,62,9,35,11,97,55,56,19" hai1="87,109,57,129,54,104,6,135,117,46,8,121,32" hai2="103,106,92,115,88,59,44,23,116,83,119,114,73" hai3="67,1,101,76,82,14,90,111,118,21,96,43,134"/><T49/><D130/><U50/><E129/><V122/><F44/><W27/><G118/><N who="2" m="45097" /><F59/><W68/><G111/><T18/><D34/><U65/><E117/><V66/><F66/><W125/><G1/><T60/><D35/><U86/><E109/><V10/><F10/><N who="0" m="3594" /><D7/><U70/><E104/><V113/><F23/><W26/><G125/><T85/><D97/><U39/><E121/><V29/><F29/><W127/><G127/><T17/><D42/><U99/><E99/><N who="2" m="61823" /><F122/><W4/><G4/><T37/><D37/><U80/><E32/><V48/><F48/><W16/><G43/><T63/><D63/><U132/><E70/><V52/><F52/><W69/><G69/><T25/><D25/><U107/><E107/><V81/><F73/><W128/><G128/><T94/><AGARI ba="0,0" hai="17,18,19,49,55,56,60,62,85,91,94" m="3594" machi="94" ten="30,11700,0" yaku="8,1,52,3" doraHai="13" who="0" fromWho="0" sc="313,117,154,-39,325,-39,208,-39" />
</Scene>
<Scene>
<INIT seed="4,1,0,2,4,129" ten="430,115,286,169" oya="0" hai0="34,132,54,9,82,130,116,110,30,105,77,1,79" hai1="121,118,17,125,44,29,88,119,109,71,81,49,108" hai2="70,57,111,42,3,122,7,58,78,115,11,86,64" hai3="2,66,16,53,43,83,56,15,10,92,135,39,87"/><T37/><D116/><U127/><E29/><V113/><F111/><N who="1" m="42569" /><E17/><V102/><F122/><W22/><G66/><T93/><D110/><U131/><E71/><V90/><F78/><W98/><G39/><T46/><D105/><U25/><E25/><V101/><F42/><W33/><G33/><T31/><D130/><U14/><E14/><V100/><F70/><W69/><G69/><T74/><D79/><U99/><E131/><V91/><F91/><W72/><G72/><T36/><D36/><U6/><E6/><V75/><F75/><W48/><G43/><T63/><D63/><U73/><E44/><V32/><F32/><W27/><G2/><T106/><D54/><U50/><E121/><V107/><F107/><W55/><G55/><T67/><D67/><U124/><E50/><V20/><F20/><W85/><G83/><T21/><D21/><U114/><E114/><N who="2" m="43531" /><F64/><W112/><G112/><T47/><D106/><U41/><E49/><V94/><AGARI ba="1,0" hai="3,7,11,57,58,86,90,94,100,101,102" m="43531" machi="94" ten="30,1100,0" yaku="15,1" doraHai="129" who="2" fromWho="2" sc="430,-6,115,-4,286,14,169,-4" />
</Scene>
<Scene>
<INIT seed="5,0,0,3,1,15" ten="424,111,300,165" oya="1" hai0="84,48,123,101,51,61,55,14,36,17,33,47,122" hai1="44,46,45,133,79,119,4,131,34,118,98,50,21" hai2="5,22,35,100,43,108,112,105,23,130,62,117,128" hai3="72,125,90,120,126,134,64,6,78,63,69,60,116"/><U87/><E34/><V102/><F108/><W135/><G6/><T68/><D33/><U12/><E133/><N who="3" m="50698" /><G90/><T57/><D101/><N who="2" m="39018" /><F35/><W113/><G78/><T26/><D26/><U54/><E98/><V59/><F105/><W38/><G72/><T1/><D1/><U58/><E131/><N who="2" m="50219" /><F117/><W93/><G93/><T71/><D84/><U124/><E124/><N who="3" m="47722" /><G116/><T86/><D86/><U49/><E49/><V41/><F5/><W77/><G77/><T83/><D51/><U115/><E115/><V129/><F112/><W103/><G103/><T127/><D127/><U74/><E74/><V114/><F114/><W109/><G109/><T20/><D83/><N who="1" m="47615" /><E119/><V11/><F11/><W16/><G113/><T82/><D82/><U40/><E118/><V89/><F89/><W97/><G97/><T76/><D76/><U42/><E4/><V80/><F80/><W67/><G38/><T30/><D36/><U31/><E31/><V88/><F88/><W75/><G75/><T0/><D30/><U85/><E85/><V104/><F104/><W96/><G96/><T29/><D29/><U91/><E91/><V65/><F129/><W27/><G120/><N who="0" m="46123" /><D0/><U19/><AGARI ba="0,0" hai="12,19,21,40,42,44,45,46,50,54,58" m="47615" machi="19" ten="30,3000,0" yaku="8,1,52,1" doraHai="15" who="1" fromWho="1" sc="424,-10,111,30,300,-10,165,-10" />
</Scene>
<Scene>
<INIT seed="5,1,0,1,5,94" ten="414,141,290,155" oya="1" hai0="132,93,112,69,49,44,108,66,28,104,96,123,20" hai1="100,110,74,14,41,88,26,1,36,65,133,116,35" hai2="30,60,2,15,10,0,9,79,85,91,32,126,135" hai3="48,51,58,90,128,107,125,47,38,63,114,121,33"/><U75/><E116/><V19/><F135/><W120/><G107/><T81/><D108/><U134/><E1/><V34/><F126/><W39/><G33/><T25/><D132/><N who="1" m="50795" /><E100/><V117/><F117/><W56/><G90/><T12/><D104/><U83/><E110/><V64/><F79/><W16/><G16/><T87/><D112/><U22/><E65/><V68/><F30/><W29/><G29/><T130/><D130/><U40/><E14/><V115/><F115/><W7/><G7/><T43/><D69/><U113/><E113/><V99/><F2/><W5/><G5/><T46/><D12/><U6/><E6/><V54/><F0/><W131/><G114/><T23/><D66/><U119/><E119/><V86/><F9/><W37/><G125/><T3/><D3/><U57/><E57/><N who="3" m="22122" /><G63/><T42/><D46/><N who="1" m="23815" /><E41/><V21/><F10/><W76/><G76/><N who="0" m="46503" /><D43/><U4/><E4/><V118/><F118/><W55/><G51/><T8/><D8/><U89/><E35/><V111/><F32/><W109/><G109/><T102/><D20/><U105/><E105/><V77/><F34/><W61/><G61/><T98/><D123/><AGARI ba="1,0" hai="37,38,39,47,48,55,120,121,123,128,131" m="22122" machi="123" ten="40,2600,0" yaku="34,2" doraHai="94" who="3" fromWho="0" sc="414,-29,141,0,290,0,155,29" />
</Scene>
<Scene>
<INIT seed="6,0,0,2,1,24" ten="385,141,290,184" oya="2" hai0="113,5,125,83,4,75,31,126,19,11,6,96,109" hai1="23,112,53,100,10,91,98,35,80,92,36,63,46" hai2="47,9,110,124,120,130,14,50,127,128,77,111,97" hai3="21,48,123,59,70,40,49,57,39,30,7,34,79"/><V104/><F120/><W88/><G123/><T54/><D109/><N who="2" m="41482" /><F77/><W29/><G70/><T66/><D66/><U62/><E35/><V72/><F72/><W8/><G34/><T94/><D113/><U1/><E112/><V86/><F86/><W33/><G33/><T52/><D31/><U69/><E69/><V55/><F97/><W20/><G79/><N who="0" m="44543" /><D19/><U16/><E1/><V65/><F104/><W89/><G39/><T25/><D25/><U64/><E10/><V102/><F102/><W87/><G87/><T90/><D11/><U118/><E118/><V67/><F14/><W27/><G8/><T12/><D12/><U103/><E36/><V0/><F9/><W32/><G32/><T116/><D116/><U74/><E74/><V71/><F0/><W44/><G7/><T81/><D81/><U106/><E106/><V51/><F51/><W105/><G105/><T122/><D122/><U18/><E80/><V135/><F135/><W13/><G13/><T133/><D133/><U129/><E18/><V17/><F17/><W101/><G101/><N who="1" m="38986" /><E64/><N who="2" m="24651" /><F71/><W22/><G49/><T95/><D95/><U134/><E134/><V37/><F37/><W26/><G22/><T41/><D41/><U131/><E23/><V68/><F68/><W99/><G99/><T114/><D114/><U121/><E16/><V93/><F93/><W28/><G28/><T60/><D60/><N who="1" m="23083" /><E121/><V58/><F47/><W61/><G61/><T84/><D96/><U73/><E73/><V56/><F56/><AGARI ba="0,0" hai="20,21,26,27,29,30,40,44,48,56,57,59,88,89" machi="56" ten="40,8000,1" yaku="9,1,8,1,52,2,54,1" doraHai="24" who="3" fromWho="2" sc="385,0,141,0,290,-80,184,80" />
</Scene>
<Scene>
<INIT seed="7,0,0,3,1,30" ten="385,141,210,264" oya="3" hai0="24,60,12,99,71,103,52,13,8,55,29,93,105" hai1="3,133,21,48,64,67,47,97,35,49,70,82,14" hai2="73,37,42,66,6,129,11,77,10,80,128,125,104" hai3="56,40,65,94,81,123,84,19,118,115,106,31,90"/><W117/><G106/><T58/><D71/><U9/><E3/><V112/><F104/><W72/><G123/><T83/><D83/><U74/><E70/><V86/><F112/><W122/><G122/><T109/><D109/><U134/><E21/><V27/><F125/><W111/><G111/><T68/><D68/><U63/><E63/><V38/><F66/><W62/><G115/><T110/><D110/><U28/><E97/><V33/><F86/><W23/><G31/><T89/><D8/><U127/><E127/><V43/><F27/><W98/><G72/><T131/><D55/><U46/><E74/><V119/><F33/><W130/><G130/><N who="2" m="50281" /><F119/><W57/><G57/><T25/><D131/><U124/><E82/><V114/><F114/><W16/><G40/><N who="2" m="15401" /><F11/><W107/><G107/><T87/><D25/><U39/><E124/><V121/><F121/><W17/><REACH who="3" step="1"/><G23/><AGARI ba="0,0" hai="12,13,23,24,29,52,58,60,87,89,93,99,103,105" machi="23" ten="30,2000,0" yaku="7,1,54,1" doraHai="30" who="0" fromWho="3" sc="385,20,141,0,210,0,264,-20" owari="405,51.0,141,-36.0,210,-19.0,244,4.0" />
</Scene>
</mjloggm>