<mjloggm ver="2.3"><GO type="41"/><UN n0="%61%77%34%34%31%36" n1="%61%6B%69%72%61%32" n2="%E5%A4%AA%E3%81%8F%E3%81%AA%E3%81%84%E3%81%8A" n3="%6B%6C%62%73%74%38%38" dan="13,13,15,13" rate="1878,1829,2035,1912" sx="M,M,M,M"/><TAIKYOKU oya="0"/>

<Scene>
<INIT seed="0,0,0,3,4,112" ten="250,250,250,250" oya="0" hai0="21,122,95,74,28,84,60,71,81,45,6,13,8" hai1="135,38,61,123,65,97,15,86,88,35,73,3,31" hai2="85,30,117,25,77,19,20,39,130,131,114,59,119" hai3="37,1,76,93,5,51,57,120,101,113,102,41,14"/><T33/><D33/><U52/><E123/><V68/><F68/><W4/><G113/><T63/><D63/><U64/><E73/><V26/><F39/><W79/><G1/><T12/><D74/><U69/><E135/><V87/><F114/><W66/><G37/><T27/><D122/><U127/><E38/><V67/><F67/><W78/><G66/><T43/><D60/><U90/><E3/><V72/><F72/><W129/><G120/><T2/><D71/><U40/><E127/><V134/><F134/><W54/><G129/><N who="2" m="49161" /><F59/><W83/><G41/><T104/><D95/><U94/><E40/><V75/><F75/><W99/><G83/><T56/><D56/><U126/><E126/><V96/><F96/><W89/><G5/><T55/><D55/><U111/><E111/><V82/><F87/><W22/><G4/><T17/><D104/><U0/><E0/><V53/><F53/><W109/><G109/><T107/><D107/><U106/><E106/><V49/><F49/><W128/><G128/><T98/><D98/><U44/><E15/><V103/><F103/><W125/><G125/><T42/><D45/><U32/><E64/><V29/><F29/><W7/><G7/><T36/><D36/><U48/><REACH who="1" step="1"/><E31/><REACH who="1" ten="250,240,250,250" step="2"/><V9/><F9/><W62/><G101/><T10/><REACH who="0" step="1"/><D2/><REACH who="0" ten="240,240,250,250" step="2"/><U124/><E124/><V132/><F132/><W11/><G102/><T118/><D118/><U18/><E18/><V105/><F105/><W50/><G93/><AGARI ba="0,2" hai="32,35,44,48,52,61,65,69,86,88,90,93,94,97" machi="93" ten="30,7700,0" yaku="1,1,7,1,54,2,53,0" doraHai="112" doraHaiUra="70" who="1" fromWho="3" sc="240,0,240,97,250,0,250,-77" />
</Scene>
<Scene>
<INIT seed="1,0,0,2,2,32" ten="240,337,250,173" oya="1" hai0="26,46,64,79,67,100,57,76,101,11,77,61,29" hai1="21,90,40,71,52,18,63,80,0,15,51,84,85" hai2="134,88,74,10,44,66,104,5,135,82,59,97,35" hai3="62,89,78,19,7,34,22,53,132,41,127,28,92"/><U45/><E0/><N who="2" m="295" /><F35/><W50/><G34/><T20/><D46/><U105/><E105/><V6/><F6/><W72/><G7/><T17/><D67/><U14/><E71/><V125/><F125/><W12/><G28/><T124/><D124/><U116/><E116/><V30/><F30/><W37/><G127/><T58/><D58/><U69/><E69/><V118/><F118/><W122/><G37/><T115/><D115/><U91/><E63/><N who="2" m="38271" /><F44/><W126/><G62/><T60/><D60/><U95/><REACH who="1" step="1"/><E40/><REACH who="1" ten="240,327,250,173" step="2"/><V106/><F106/><W70/><G41/><T65/><D65/><U121/><E121/><V111/><F104/><W1/><G70/><T109/><D109/><U33/><E33/><V54/><F111/><W94/><G122/><T98/><D61/><U4/><E4/><V103/><F135/><W9/><G132/><T43/><D43/><U113/><E113/><V114/><F114/><W108/><G108/><T131/><D64/><U42/><E42/><V31/><F134/><W38/><G126/><T86/><D131/><U119/><E119/><V99/><F54/><W130/><G38/><T56/><D29/><U112/><E112/><V81/><F103/><W8/><G130/><T49/><D101/><U102/><E102/><V2/><F31/><W96/><G1/><T120/><D100/><U13/><AGARI ba="0,1" hai="13,14,15,18,21,45,51,52,80,84,85,90,91,95" machi="13" ten="20,12000,1" yaku="1,1,0,1,7,1,8,1,54,1,53,0" doraHai="32" doraHaiUra="110" who="1" fromWho="1" sc="240,-40,327,130,250,-40,173,-40" />
</Scene>
<Scene>
<INIT seed="1,1,0,5,1,125" ten="200,457,210,133" oya="1" hai0="104,65,31,34,47,23,112,22,20,92,62,69,102" hai1="84,134,119,67,108,29,95,17,10,90,16,63,36" hai2="106,76,19,45,59,55,13,80,64,130,89,79,39" hai3="15,103,28,44,38,132,105,96,6,111,123,49,129"/><U97/><E119/><V0/><F0/><W78/><G123/><T121/><D112/><U26/><E36/><V77/><F106/><W110/><G28/><T50/><D121/><U127/><E127/><V54/><F130/><W75/><G15/><T27/><D92/><U122/><E122/><V94/><F80/><N who="3" m="45151" /><G6/><T35/><D35/><U7/><E134/><V25/><F25/><W51/><G51/><T100/><D100/><U12/><E108/><N who="3" m="41514" /><G49/><T114/><D114/><U58/><REACH who="1" step="1"/><E97/><REACH who="1" ten="200,447,210,133" step="2"/><N who="2" m="57551" /><F39/><W81/><G132/><T99/><REACH who="0" step="1"/><D22/><AGARI ba="1,1" hai="7,10,12,16,17,22,26,29,58,63,67,84,90,95" machi="22" ten="30,12000,1" yaku="1,1,7,1,8,1,54,1,53,1" doraHai="125" doraHaiUra="87" who="1" fromWho="0" sc="200,-123,447,133,210,0,133,0" />
</Scene>
<Scene>
<INIT seed="1,2,0,0,4,75" ten="77,580,210,133" oya="1" hai0="25,70,99,82,49,94,41,69,85,135,64,102,79" hai1="77,32,80,61,86,39,23,2,58,93,60,4,68" hai2="84,29,33,15,14,87,88,122,97,35,30,13,44" hai3="92,124,118,34,59,76,101,22,36,106,10,132,63"/><U62/><E32/><V78/><F122/><W40/><G34/><T3/><D3/><U11/><E39/><V6/><F6/><W7/><G132/><T104/><D135/><U90/><E68/><V74/><F74/><W117/><G124/><T55/><D41/><U5/><E5/><V12/><F35/><W111/><G106/><T103/><D25/><U66/><REACH who="1" step="1"/><E23/><REACH who="1" ten="77,570,210,133" step="2"/><V28/><F33/><W120/><G22/><T24/><D24/><U96/><AGARI ba="2,1" hai="2,4,11,58,60,61,62,66,77,80,86,90,93,96" machi="96" ten="20,12000,1" yaku="1,1,2,1,0,1,7,1,52,1,53,0" doraHai="75" doraHaiUra="43" who="1" fromWho="1" sc="77,-42,570,136,210,-42,133,-42" />
</Scene>
<Scene>
<INIT seed="1,3,0,4,2,35" ten="35,706,168,91" oya="1" hai0="67,123,34,52,126,122,10,127,108,105,66,95,24" hai1="119,83,8,68,50,61,29,58,81,20,48,79,71" hai2="121,27,114,109,86,18,31,43,90,55,64,63,30" hai3="129,39,88,111,47,92,49,87,106,21,133,6,62"/><U130/><E119/><V28/><F121/><N who="0" m="46090" /><D105/><U9/><E130/><V75/><F75/><W84/><G106/><T107/><D107/><U14/><E29/><V41/><F109/><W5/><G111/><T1/><D95/><U96/><E96/><V120/><F120/><W40/><G129/><T33/><D108/><U99/><E99/><V70/><F114/><W85/><G133/><T98/><D98/><U12/><E20/><V78/><F78/><W112/><G112/><T110/><D110/><U46/><E79/><V101/><F101/><W91/><G84/><T32/><D24/><U72/><E72/><V22/><REACH who="2" step="1"/><F55/><REACH who="2" ten="35,706,158,91" step="2"/><W53/><G21/><T103/><D103/><U69/><E46/><V128/><F128/><W89/><G89/><T26/><D26/><U74/><E74/><V7/><F7/><W57/><REACH who="3" step="1"/><G39/><REACH who="3" ten="35,706,158,81" step="2"/><T131/><D131/><U4/><E83/><AGARI ba="3,2" hai="18,22,27,28,30,31,41,43,63,64,70,83,86,90" machi="83" ten="40,2600,0" yaku="1,1,53,1" doraHai="35" doraHaiUra="60" who="2" fromWho="1" sc="35,0,706,-35,158,55,81,0" /><AGARI ba="3,0" hai="5,6,40,47,49,53,57,62,83,85,87,88,91,92" machi="83" ten="30,8000,1" yaku="1,1,2,1,7,1,8,1,54,1,53,0" doraHai="35" doraHaiUra="60" who="3" fromWho="1" sc="35,0,671,-80,213,0,81,80" />
</Scene>
<Scene>
<INIT seed="2,0,0,5,1,72" ten="35,591,213,161" oya="2" hai0="73,19,78,57,4,80,8,24,90,3,65,92,13" hai1="38,29,102,2,77,27,111,58,100,75,121,116,76" hai2="134,127,70,20,56,120,124,115,101,55,15,11,68" hai3="67,18,17,23,105,25,93,26,119,45,95,14,66"/><V36/><F120/><W99/><G119/><T122/><D122/><U125/><E121/><V126/><F115/><W12/><G105/><T82/><D82/><U44/><E111/><V51/><F36/><W22/><G45/><T50/><D24/><U123/><E116/><V21/><F134/><W63/><G63/><T34/><D34/><U130/><E123/><V7/><REACH who="2" step="1"/><F101/><REACH who="2" ten="35,591,203,161" step="2"/><W88/><G95/><T71/><D71/><AGARI ba="0,1" hai="7,11,15,20,21,51,55,56,68,70,71,124,126,127" machi="71" ten="50,18000,2" yaku="1,1,2,1,18,1,53,3" doraHai="72" doraHaiUra="135" who="2" fromWho="0" sc="35,-180,591,0,203,190,161,0" owari="-145,-65.0,591,70.0,393,19.0,161,-24.0" />
</Scene>
</mjloggm>