<mjloggm ver="2.3"><GO type="129"/><UN n0="%E9%A4%8A%E5%88%86%EF%BC%A0%E3%82%AE%E3%83%B3%E3%83%A9" n1="%E5%A4%AA%E3%81%8F%E3%81%AA%E3%81%84%E3%81%8A" n2="%E3%81%B4%E3%81%93%E3%81%AF%E3%82%93" n3="%E5%8D%8A%E7%94%9F%E7%B7%8B%E8%89%B2" dan="11,8,11,10" rate="1841,1623,1865,1505" sx="M,M,M,M"/><TAIKYOKU oya="0"/>

<Scene>
<INIT seed="0,0,0,5,2,98" ten="250,250,250,250" oya="0" hai0="89,67,105,85,119,14,88,79,7,16,50,125,23" hai1="63,34,115,87,37,27,22,45,103,40,94,28,1" hai2="56,108,120,78,39,127,13,10,15,116,83,48,64" hai3="46,60,99,57,95,3,77,109,29,6,61,26,4"/><T126/><D119/><U44/><E1/><V123/><F39/><W52/><G3/><T110/><D105/><U121/><E121/><V59/><F116/><W91/><G109/><T86/><D110/><U11/><E115/><V118/><F108/><W36/><G36/><T65/><D7/><N who="3" m="2601" /><G46/><T55/><D79/><U54/><E11/><V102/><F118/><W24/><G77/><T133/><D133/><U135/><E135/><V114/><F114/><W47/><G47/><N who="0" m="28127" /><D126/><U8/><E8/><V111/><F111/><W42/><G42/><T66/><D125/><U80/><E34/><V41/><F127/><W51/><G29/><T130/><D130/><U122/><E122/><V101/><F120/><W53/><G53/><T18/><D18/><U19/><E19/><N who="2" m="8631" /><F15/><W129/><G129/><T75/><D75/><U128/><E128/><V76/><F123/><W107/><G107/><T32/><D32/><U69/><E69/><V93/><F93/><W73/><G73/><T35/><D35/><U92/><E92/><V112/><F112/><W71/><G71/><T21/><D21/><U68/><E68/><V62/><F78/><W131/><G131/><T100/><D100/><U2/><E2/><V84/><F41/><W20/><G20/><T31/><D31/><U96/><E40/><V72/><F72/><W17/><G17/><T58/><D58/><N who="1" m="35287" /><E37/><V117/><F117/><W90/><G90/><AGARI ba="0,0" hai="14,16,23,65,66,67,85,86,88,89,90" m="28127" machi="90" ten="30,5800,0" yaku="8,1,54,2" doraHai="98" who="0" fromWho="3" sc="250,58,250,0,250,0,250,-58" /><AGARI ba="0,0" hai="22,27,28,44,45,80,87,90,94,96,103" m="35287" machi="90" ten="30,2000,0" yaku="8,1,52,1" doraHai="98" who="1" fromWho="3" sc="308,0,250,20,250,0,192,-20" />
</Scene>
<Scene>
<INIT seed="0,1,0,4,2,8" ten="308,270,250,172" oya="0" hai0="81,108,3,85,50,15,129,17,19,65,63,93,60" hai1="28,104,91,38,100,56,55,94,5,117,83,64,80" hai2="46,12,43,112,42,76,128,62,13,92,1,49,118" hai3="24,37,21,25,99,131,29,41,36,90,119,107,30"/><T47/><D3/><U95/><E117/><V89/><F112/><W9/><G36/><T110/><D129/><U7/><E38/><V61/><F1/><W31/><G37/><T72/><D72/><U73/><E64/><V11/><F128/><W35/><G41/><N who="0" m="24943" /><D93/><U39/><E39/><V82/><F118/><W66/><G119/><T26/><D26/><N who="3" m="10345" /><G107/><T34/><D34/><U51/><E28/><N who="3" m="7170" /><W87/><DORA hai="84" /><G131/><T54/><D54/><U69/><E69/><V127/><F127/><W79/><G35/><T0/><D0/><U126/><E126/><V116/><F116/><W115/><G115/><T33/><D33/><U86/><E104/><V44/><F44/><W130/><G130/><T40/><D40/><U22/><E22/><V122/><F122/><W123/><G123/><T58/><D63/><N who="2" m="24074" /><F43/><W75/><G66/><T134/><D134/><U109/><E73/><V120/><F120/><W135/><G135/><T74/><D74/><U102/><E102/><V20/><F20/><W121/><G121/><T59/><D110/><U132/><E109/><V111/><F111/><W53/><G53/><T133/><D108/><U45/><E132/><V2/><F2/><W10/><G75/><T125/><D125/><U124/><E124/><V18/><F82/><N who="1" m="31273" /><E45/><V14/><F76/><W16/><G79/><N who="0" m="46271" /><D133/><U6/><E100/><V32/><F32/><W101/><G101/><T52/><D52/><U96/><E6/><V106/><F106/><W114/><G114/><T67/><D67/><U48/><E48/><V27/><F27/><N who="3" m="14759" /><G99/><AGARI ba="1,0" hai="11,12,13,14,18,42,46,49,89,92,99" m="24074" machi="99" ten="30,8000,1" yaku="8,1,52,4" doraHai="8,84" who="2" fromWho="3" sc="308,0,270,0,250,83,172,-83" />
</Scene>
<Scene>
<INIT seed="1,0,0,0,1,126" ten="308,270,333,89" oya="1" hai0="0,80,49,113,125,92,75,52,6,116,132,51,46" hai1="58,100,32,70,122,78,89,54,42,71,104,41,4" hai2="86,134,59,93,121,109,118,33,128,22,19,14,98" hai3="62,28,90,50,114,36,15,95,68,2,77,85,30"/><U124/><E122/><V97/><F121/><W131/><G2/><T130/><D116/><U44/><E32/><V40/><F118/><W91/><G36/><T76/><D113/><U127/><E78/><V1/><F1/><W47/><G68/><T10/><D125/><N who="1" m="48203" /><E4/><V106/><F33/><W65/><G114/><T117/><D117/><U66/><E89/><N who="3" m="33802" /><G77/><T110/><D110/><U29/><E29/><N who="3" m="11370" /><G15/><T81/><D132/><U133/><E100/><V21/><F14/><W87/><G131/><T48/><D130/><U31/><E31/><V20/><F128/><W23/><G23/><T105/><D105/><U74/><E74/><V64/><F20/><W12/><G12/><T115/><D115/><U55/><E104/><V38/><F21/><W82/><G95/><T72/><D92/><U27/><E27/><V39/><F22/><W101/><G101/><T88/><D88/><U96/><E96/><V13/><F93/><W111/><G111/><T8/><D10/><U123/><E123/><V7/><F97/><W45/><G82/><T84/><REACH who="0" step="1"/><D80/><REACH who="0" ten="298,270,333,89" step="2"/><U57/><E133/><V11/><F134/><W9/><G9/><T26/><D26/><U79/><E79/><V56/><F106/><W63/><G65/><T103/><D103/><U25/><E25/><V73/><F64/><W94/><G94/><T60/><D60/><N who="3" m="23081" /><G50/><AGARI ba="0,1" hai="0,6,8,46,48,49,50,51,52,72,75,76,81,84" machi="50" ten="40,2600,0" yaku="1,1,54,1,53,0" doraHai="126" doraHaiUra="108" who="0" fromWho="3" sc="298,36,270,0,333,0,89,-26" />
</Scene>
<Scene>
<INIT seed="2,0,0,1,3,108" ten="334,270,333,63" oya="2" hai0="78,110,55,92,124,131,38,83,94,80,14,82,101" hai1="113,11,49,37,33,64,73,32,130,123,59,66,34" hai2="114,21,44,28,79,102,40,90,42,0,17,91,126" hai3="35,127,125,107,63,129,75,109,24,19,88,87,23"/><V76/><F0/><W47/><G75/><T22/><D38/><U118/><E37/><V56/><F114/><W105/><G35/><T16/><D110/><U54/><E118/><V53/><F126/><N who="3" m="48139" /><G109/><T84/><D124/><U65/><E73/><V5/><F102/><W106/><G47/><T13/><D131/><U41/><E130/><V86/><F5/><W62/><G129/><T6/><D55/><U36/><E123/><V50/><F28/><W57/><G57/><T4/><D101/><U81/><E81/><AGARI ba="0,0" hai="19,23,24,62,63,81,87,88,105,106,107" m="48139" machi="81" ten="40,2600,0" yaku="18,1,54,1" doraHai="108" who="3" fromWho="1" sc="334,0,270,-26,333,0,63,26" />
</Scene>
<Scene>
<INIT seed="3,0,0,3,2,116" ten="334,244,333,89" oya="3" hai0="22,28,94,18,64,34,65,61,26,96,23,122,117" hai1="107,5,24,100,49,89,2,110,70,103,43,76,48" hai2="113,114,92,0,102,132,11,57,56,90,85,79,124" hai3="72,87,91,82,6,84,46,13,88,16,66,60,101"/><W106/><G6/><T45/><D117/><U123/><E70/><V105/><F132/><W131/><G72/><T7/><D7/><U40/><E76/><V77/><F124/><W125/><G125/><T135/><D135/><U54/><E2/><V126/><F126/><W44/><G106/><T31/><D31/><U37/><E37/><V8/><F113/><W75/><G131/><T68/><D65/><U15/><E110/><V10/><F114/><W35/><G35/><T86/><D86/><U33/><E107/><V12/><F0/><W133/><G133/><T32/><D32/><U95/><E33/><V127/><F127/><W4/><G75/><T93/><D45/><U78/><E78/><N who="2" m="29707" /><F102/><W81/><G101/><T55/><D55/><U130/><E130/><V29/><F105/><W59/><REACH who="3" step="1"/><G4/><REACH who="3" ten="334,244,333,79" step="2"/><T129/><D129/><U115/><E115/><V50/><F50/><W9/><AGARI ba="0,1" hai="9,13,16,44,46,59,60,66,81,82,84,87,88,91" machi="9" ten="20,24000,3" yaku="1,1,2,1,0,1,7,1,9,1,8,1,54,2,53,0" doraHai="116" doraHaiUra="134" who="3" fromWho="3" sc="334,-80,244,-80,333,-80,79,250" owari="254,5.0,164,-34.0,253,-15.0,329,44.0" />
</Scene>
</mjloggm>