<mjloggm ver="2.3"><GO type="169"/><UN n0="%E9%BA%BB%E9%9B%80%E6%88%A6%E5%A3%AB%E2%98%86%E3%81%AA%E3%81%AE%E3%81%AF" n1="%E5%B1%B1%E4%B8%8B%E3%83%80%E3%82%A4%E3%82%B9%E3%82%B1" n2="%E5%A4%AA%E3%81%8F%E3%81%AA%E3%81%84%E3%81%8A" n3="%61%62%61%6E%74%65%73" dan="16,16,18,16" rate="2148,2065,2166,2072" sx="F,M,M,M"/><TAIKYOKU oya="0"/>

<Scene>
<INIT seed="0,0,0,0,3,41" ten="250,250,250,250" oya="0" hai0="98,67,81,134,1,86,74,26,24,14,131,57,52" hai1="83,44,115,5,113,65,125,19,79,84,53,116,34" hai2="109,135,20,78,54,72,4,93,58,117,108,82,132" hai3="18,31,69,120,8,43,77,100,133,48,104,95,7"/><T80/><D1/><U32/><E116/><V75/><F117/><W10/><G104/><T28/><D134/><N who="2" m="51242" /><F4/><W111/><G69/><T89/><D131/><U11/><E19/><V3/><F3/><W6/><G133/><T30/><D67/><U129/><E65/><V51/><F93/><W73/><G31/><N who="0" m="11819" /><D74/><N who="2" m="28202" /><F20/><W39/><G39/><T122/><D122/><U92/><E92/><V126/><F126/><W23/><G120/><T107/><D107/><U46/><E125/><V2/><F2/><W103/><G73/><AGARI ba="0,0" hai="51,54,58,73,78,82,108,109" m="28202,51242" machi="73" ten="30,1000,0" yaku="20,1" doraHai="41" who="2" fromWho="3" sc="250,0,250,0,250,10,250,-10" />
</Scene>
<Scene>
<INIT seed="1,0,0,5,2,107" ten="250,250,260,240" oya="1" hai0="129,99,10,100,125,88,78,61,82,0,71,98,116" hai1="13,62,120,121,105,19,113,20,37,46,91,60,72" hai2="73,17,117,76,36,16,126,25,69,106,5,108,83" hai3="134,132,9,112,39,104,33,52,94,47,34,30,57"/><U124/><E113/><V114/><F117/><W15/><G104/><T65/><D116/><U27/><E105/><V22/><F106/><W51/><G112/><T97/><D125/><U109/><E124/><V55/><F126/><W29/><G29/><T74/><D129/><U4/><E72/><V38/><F114/><W3/><G3/><T54/><D54/><U64/><E109/><V1/><F69/><W35/><G30/><T11/><D0/><U28/><E4/><V2/><F108/><W59/><G94/><T96/><REACH who="0" step="1"/><D100/><REACH who="0" ten="240,250,260,240" step="2"/><U7/><E120/><V8/><F2/><W119/><G119/><T23/><D23/><U81/><E121/><V63/><REACH who="2" step="1"/><F17/><REACH who="2" ten="240,250,250,240" step="2"/><W67/><G134/><T70/><D70/><N who="1" m="42247" /><E19/><V103/><F103/><W95/><G132/><T80/><D80/><U128/><E81/><V85/><F85/><W127/><G127/><T122/><D122/><U66/><E128/><V79/><F79/><W43/><G95/><AGARI ba="0,2" hai="10,11,61,65,71,74,78,82,88,95,96,97,98,99" machi="95" ten="40,5200,0" yaku="1,1,52,1,54,1,53,0" doraHai="107" doraHaiUra="32" who="0" fromWho="3" sc="240,72,250,0,250,0,240,-52" />
</Scene>
<Scene>
<INIT seed="2,0,0,2,1,30" ten="312,250,250,188" oya="2" hai0="51,5,62,128,50,17,45,89,103,91,2,79,9" hai1="14,110,73,4,83,81,107,106,85,46,65,109,127" hai2="111,44,134,102,27,122,13,53,101,74,117,29,34" hai3="133,6,95,126,67,18,19,8,97,20,121,78,43"/><V90/><F122/><W100/><G121/><T99/><D128/><U26/><E127/><V49/><F117/><W55/><G126/><T3/><D3/><U124/><E124/><V92/><F74/><W47/><G133/><T108/><D108/><N who="1" m="41579" /><E65/><V77/><F111/><W31/><G67/><T38/><D38/><U80/><E73/><V54/><F77/><W82/><G55/><T119/><D119/><U11/><E46/><V132/><F13/><W94/><G94/><T98/><D79/><U23/><E85/><N who="2" m="52303" /><F54/><W0/><G31/><AGARI ba="0,0" hai="4,11,14,23,26,31,80,81,83,106,107" m="41579" machi="31" ten="30,1000,0" yaku="14,1" doraHai="30" who="1" fromWho="3" sc="312,0,250,10,250,0,188,-10" />
</Scene>
<Scene>
<INIT seed="3,0,0,4,5,25" ten="312,260,250,178" oya="3" hai0="41,5,64,106,52,61,109,22,90,125,0,78,63" hai1="93,128,133,126,83,130,94,4,77,10,89,127,1" hai2="105,21,100,60,135,56,112,57,120,20,108,38,19" hai3="99,14,31,69,98,79,75,6,46,113,26,104,62"/><W86/><G75/><T3/><D106/><U87/><E1/><V103/><F112/><W110/><G113/><T114/><D114/><U118/><E10/><V53/><F38/><W30/><G46/><T74/><D125/><N who="1" m="47627" /><E118/><V8/><F108/><W17/><G6/><T70/><D109/><U81/><E4/><V54/><F135/><W116/><G110/><T18/><D41/><U132/><E83/><V85/><F120/><W66/><G116/><T37/><D37/><U48/><E48/><V68/><F68/><W71/><G71/><T9/><D78/><U39/><E39/><V73/><F73/><W2/><G2/><T40/><D74/><N who="1" m="43191" /><E93/><V123/><F123/><W92/><G104/><T23/><D3/><U72/><E72/><V45/><F45/><W101/><G99/><T121/><D40/><U67/><E67/><V16/><F105/><W65/><G65/><T33/><D121/><U117/><E117/><V115/><F115/><W97/><G97/><T12/><D63/><U55/><E55/><V80/><F8/><W24/><G79/><T43/><D52/><U15/><E15/><N who="2" m="9247" /><F80/><W7/><G7/><T29/><D0/><U42/><E42/><V59/><F85/><W88/><G26/><N who="0" m="18615" /><D5/><U119/><E119/><V102/><F60/><W124/><G24/><AGARI ba="0,0" hai="19,21,24,53,54,56,57,59,100,102,103" m="9247" machi="24" ten="30,2000,0" yaku="8,1,54,1" doraHai="25" who="2" fromWho="3" sc="312,0,260,0,250,20,178,-20" />
</Scene>
<Scene>
<INIT seed="4,0,0,2,5,36" ten="312,260,270,158" oya="0" hai0="56,84,14,26,90,94,59,39,86,18,13,115,8" hai1="33,71,12,53,65,133,111,23,81,3,47,120,131" hai2="10,129,52,77,108,88,51,32,116,123,72,15,134" hai3="109,31,7,126,30,1,112,16,60,104,19,70,6"/><T54/><D115/><U24/><E111/><V117/><F108/><W95/><G109/><T49/><D39/><U105/><E3/><V98/><F123/><W127/><G104/><T113/><D113/><U67/><E105/><V73/><F32/><W103/><G112/><T29/><D14/><U122/><E33/><V46/><F134/><W106/><G106/><T89/><D59/><U124/><E133/><V83/><F129/><W25/><G103/><T118/><D118/><U22/><E131/><V96/><F73/><W91/><G60/><T64/><D64/><U79/><E124/><N who="3" m="47658" /><G70/><T63/><D63/><U99/><E99/><V35/><F35/><N who="3" m="20943" /><G31/><T85/><REACH who="0" step="1"/><D90/><REACH who="0" ten="302,260,270,158" step="2"/><U74/><E71/><V102/><F88/><W82/><G1/><T2/><D2/><U0/><E0/><V40/><F116/><W107/><G7/><T5/><D5/><U4/><E4/><V57/><F117/><W41/><G6/><T21/><AGARI ba="0,1" hai="8,13,18,21,26,29,49,54,56,84,85,86,89,94" machi="21" ten="20,7800,0" yaku="1,1,0,1,7,1,8,1,53,0" doraHai="36" doraHaiUra="68" who="0" fromWho="0" sc="302,88,260,-26,270,-26,158,-26" />
</Scene>
<Scene>
<INIT seed="4,1,0,5,3,129" ten="390,234,244,132" oya="0" hai0="102,73,0,97,101,134,16,62,135,42,95,96,9" hai1="23,59,18,109,28,133,20,25,30,103,110,128,132" hai2="98,131,105,15,117,107,92,11,94,61,51,44,7" hai3="17,112,31,35,88,22,2,113,71,124,74,55,125"/><T10/><D73/><U54/><E103/><V108/><F108/><W82/><G71/><T49/><D62/><U12/><E128/><V57/><F131/><W50/><G2/><T34/><D34/><U47/><E47/><V3/><F117/><W76/><G31/><T100/><D0/><U127/><E127/><N who="3" m="48714" /><G35/><T48/><D42/><U69/><E69/><V40/><F3/><W60/><G60/><T36/><D36/><U32/><E32/><V80/><F80/><W65/><G65/><T19/><D101/><U111/><REACH who="1" step="1"/><E30/><REACH who="1" ten="390,224,244,132" step="2"/><V90/><REACH who="2" step="1"/><F94/><AGARI ba="1,1" hai="9,10,16,19,48,49,94,95,96,97,100,102,134,135" machi="94" ten="25,12000,1" yaku="22,2,52,2,54,1" doraHai="129" who="0" fromWho="2" sc="390,133,224,0,244,-123,132,0" />
</Scene>
<Scene>
<INIT seed="4,2,0,1,1,53" ten="523,224,121,132" oya="0" hai0="24,118,107,87,68,72,71,77,97,94,19,113,79" hai1="81,25,5,92,64,9,112,123,121,126,32,31,34" hai2="102,67,59,48,8,84,4,130,95,36,124,78,1" hai3="21,131,89,65,33,27,47,109,111,85,70,73,101"/><T90/><D118/><U117/><E117/><V116/><F116/><W6/><G73/><T28/><D113/><U11/><E112/><V119/><F119/><W134/><G33/><T39/><D39/><U135/><E64/><V0/><F36/><W45/><G101/><T99/><D19/><U104/><E104/><V66/><F124/><W23/><G6/><T46/><D46/><U12/><E126/><V83/><F130/><W61/><G131/><T74/><D74/><U105/><E105/><V51/><F1/><W93/><G134/><T125/><D125/><U22/><E135/><V10/><F10/><W38/><G23/><T129/><D129/><U14/><E81/><V62/><REACH who="2" step="1"/><F67/><REACH who="2" ten="523,224,111,132" step="2"/><W13/><G38/><T63/><D71/><U98/><E121/><V16/><F16/><W82/><G70/><T103/><D99/><AGARI ba="2,1" hai="0,4,8,48,51,59,62,66,78,83,84,95,99,102" machi="99" ten="40,2600,0" yaku="1,1,52,1,53,0" doraHai="53" doraHaiUra="42" who="2" fromWho="0" sc="523,-32,224,0,111,42,132,0" />
</Scene>
<Scene>
<INIT seed="5,0,0,0,3,135" ten="491,224,153,132" oya="1" hai0="20,91,7,127,92,46,94,128,74,112,32,27,73" hai1="55,69,57,76,118,56,106,15,22,29,49,2,5" hai2="86,98,120,72,122,44,114,50,80,43,16,89,51" hai3="38,14,105,41,67,48,6,21,30,93,110,101,116"/><U33/><E118/><V70/><F70/><W64/><G105/><T87/><D112/><U84/><E69/><V121/><F114/><W75/><G38/><T58/><D32/><U42/><E106/><V4/><F4/><W131/><G75/><T11/><D128/><U113/><E113/><V81/><F98/><N who="3" m="59599" /><G110/><T0/><D92/><U13/><E2/><V130/><F130/><W9/><G116/><T66/><D46/><N who="1" m="25815" /><E33/><V77/><REACH who="2" step="1"/><F16/><REACH who="2" ten="491,224,143,132" step="2"/><W54/><G131/><T83/><D7/><U102/><E5/><V125/><F125/><W100/><G100/><T132/><D127/><U19/><E102/><V25/><F25/><N who="3" m="16687" /><G41/><T96/><D27/><N who="1" m="14815" /><E29/><V99/><F99/><W115/><G115/><T129/><D96/><U95/><E57/><AGARI ba="0,1" hai="6,9,14,48,54,57,64,67" m="16687,59599" machi="57" ten="30,1000,0" yaku="8,1" doraHai="135" who="3" fromWho="1" sc="491,0,224,-10,143,0,132,20" />
</Scene>
<Scene>
<INIT seed="6,0,0,2,3,41" ten="491,214,143,152" oya="2" hai0="36,133,129,59,111,85,43,84,57,80,114,117,12" hai1="64,1,88,44,34,31,98,67,78,113,33,110,135" hai2="89,95,107,61,9,0,49,79,127,108,11,94,104" hai3="131,38,106,13,69,128,58,93,30,83,102,47,7"/><V87/><F127/><W123/><G106/><T72/><D111/><U6/><E110/><V77/><F108/><W62/><G69/><T17/><D114/><U21/><E113/><V71/><F71/><W118/><G30/><T18/><D117/><U28/><E135/><V39/><F39/><W103/><G118/><T119/><D133/><U96/><E78/><N who="2" m="29707" /><F0/><W26/><G83/><T73/><D119/><U56/><E1/><V74/><F74/><W51/><G26/><T32/><D32/><U65/><E6/><V37/><F37/><W82/><G38/><T22/><D129/><N who="3" m="49737" /><G82/><T24/><D85/><U126/><E126/><V101/><F107/><W53/><G93/><T16/><D73/><U10/><E10/><N who="2" m="3595" /><F104/><W130/><G123/><T112/><D72/><U20/><E56/><V66/><F49/><W99/><G130/><T132/><D112/><U92/><E34/><V134/><F134/><W8/><G99/><T50/><D132/><U45/><E98/><V42/><F42/><AGARI ba="0,0" hai="7,8,13,42,47,51,53,58,62,102,103" m="49737" machi="42" ten="30,2000,0" yaku="19,1,52,1" doraHai="41" who="3" fromWho="2" sc="491,0,214,0,143,-20,152,20" />
</Scene>
<Scene>
<INIT seed="7,0,0,0,2,52" ten="491,214,123,172" oya="3" hai0="10,22,18,123,87,60,25,114,57,27,78,112,134" hai1="110,34,30,74,3,117,36,48,82,125,26,132,105" hai2="1,0,66,42,126,21,75,115,61,119,89,127,17" hai3="55,45,12,73,97,65,71,2,135,109,111,72,4"/><W41/><G2/><T63/><D123/><U29/><RYUUKYOKU type="yao9" ba="0,0" sc="491,0,214,0,123,0,172,0" hai1="3,26,29,30,34,36,48,74,82,105,110,117,125,132" />
</Scene>
<Scene>
<INIT seed="7,1,0,5,1,14" ten="491,214,123,172" oya="3" hai0="59,15,62,48,73,37,31,103,88,111,3,64,76" hai1="104,132,86,45,33,50,124,82,65,84,74,51,122" hai2="56,83,42,28,114,96,12,1,109,115,135,125,67" hai3="79,101,16,49,70,95,6,110,77,53,129,134,116"/><W117/><G70/><T23/><D111/><U130/><E122/><V93/><F109/><W91/><G110/><T11/><D37/><U107/><E33/><V20/><F1/><W32/><G32/><T30/><D103/><U17/><E124/><V4/><F125/><W57/><G101/><T102/><D102/><U27/><E130/><V54/><F135/><W80/><G6/><T46/><D3/><U9/><E65/><V8/><F42/><W35/><G35/><T18/><D76/><U69/><E69/><V38/><F38/><W10/><G129/><T75/><D75/><U94/><E74/><V108/><F108/><W127/><G127/><T0/><D73/><U133/><E94/><V34/><F34/><W131/><G131/><T85/><D23/><U120/><E120/><V81/><F115/><W113/><G113/><T100/><D100/><U60/><E60/><V58/><F114/><W119/><G134/><N who="1" m="51818" /><E86/><V44/><F44/><W90/><G80/><N who="0" m="49191" /><D0/><U92/><E92/><V47/><F47/><W24/><G91/><T2/><D2/><U39/><E39/><V66/><F93/><W72/><G72/><T7/><D7/><U106/><E45/><V55/><F96/><W13/><REACH who="3" step="1"/><G24/><REACH who="3" ten="491,214,123,162" step="2"/><T52/><AGARI ba="1,1" hai="11,15,18,30,31,46,48,52,59,62,64" m="49191" machi="52" ten="30,8000,1" yaku="25,1,8,1,52,1,54,2" doraHai="14" who="0" fromWho="0" sc="491,93,214,-21,123,-21,162,-41" owari="584,69.0,193,-1.0,102,-40.0,121,-28.0" />
</Scene>
</mjloggm>