<mjloggm ver="2.3"><GO type="169" lobby="0"/><UN n0="%E5%A4%AA%E3%81%8F%E3%81%AA%E3%81%84%E3%81%8A" n1="%E4%B8%83%E3%83%84%E7%9B%AE%E7%8E%89" n2="%E3%81%B4%E3%81%AE" n3="%40%64%6F%63%6F%6D%6F" dan="18,17,16,16" rate="2171.73,2221.18,2111.41,2064.65" sx="F,M,M,M"/><TAIKYOKU oya="0"/>

<Scene>
<INIT seed="0,0,0,0,0,45" ten="250,250,250,250" oya="0" hai0="2,10,90,93,111,47,37,31,57,98,64,102,99" hai1="118,108,95,73,117,53,36,96,68,100,134,12,88" hai2="128,121,8,125,76,15,66,18,42,72,54,17,75" hai3="40,97,41,22,0,94,43,5,51,21,63,131,112"/><T65/><D31/><U28/><E36/><V33/><F33/><W84/><G112/><T83/><D111/><U104/><E68/><V23/><F121/><W116/><G116/><T9/><D2/><U69/><E69/><V67/><F128/><W132/><G131/><T105/><D83/><U35/><E108/><V129/><F125/><W60/><G132/><T86/><D86/><U56/><E73/><V120/><F120/><W80/><G5/><T77/><D77/><U91/><E134/><V32/><F32/><W126/><G0/><T19/><D19/><U49/><E12/><V62/><F129/><W122/><G126/><T25/><D25/><U3/><E3/><V87/><F42/><W27/><G21/><T44/><D44/><U61/><E61/><V14/><F54/><W109/><G109/><T29/><D29/><U110/><E110/><V26/><F26/><W133/><G133/><T106/><D106/><U39/><E39/><V74/><F62/><W107/><G107/><T34/><D34/><U16/><E16/><V103/><F103/><W119/><G119/><T7/><D57/><U58/><E58/><V124/><F124/><W85/><G122/><T30/><D30/><U130/><E130/><V113/><F113/><W52/><G80/><T135/><D135/><U48/><E118/><V50/><F76/><W13/><G13/><N who="0" m="5311" /><D10/><U20/><E117/><V6/><F87/><N who="3" m="33355" /><G22/><T92/><D105/><U55/><E104/><V101/><F23/><W82/><G27/><T38/><D38/><U46/><E35/><V11/><F75/><W78/><G78/><RYUUKYOKU ba="0,0" sc="250,15,250,15,250,-15,250,-15" hai0="37,47,64,65,90,92,93,98,99,102" hai1="20,28,46,48,49,53,55,56,88,91,95,96,100" />
</Scene>
<Scene>
<INIT seed="0,1,0,2,0,46" ten="265,265,235,235" oya="0" hai0="47,44,76,122,80,90,74,41,129,32,112,28,126" hai1="119,123,104,98,23,94,58,22,8,108,37,33,12" hai2="79,56,25,117,120,39,115,31,131,64,82,65,17" hai3="43,77,96,42,68,50,35,78,38,71,109,113,67"/><T87/><D122/><U14/><E119/><V1/><F39/><W93/><G113/><T99/><D112/><U130/><E37/><V2/><F120/><W75/><G35/><T26/><D129/><U10/><E33/><V69/><F115/><W54/><G109/><T84/><D126/><U29/><E104/><V102/><F117/><W100/><G38/><T52/><D52/><U27/><E123/><V40/><F40/><W125/><G125/><T107/><D47/><U128/><E108/><V135/><F102/><W121/><G121/><T16/><D16/><N who="1" m="10503" /><E14/><V91/><F91/><W53/><G53/><T55/><D55/><U19/><E58/><V6/><F131/><N who="1" m="50217" /><E29/><V124/><F56/><W34/><G34/><T127/><D127/><U63/><E63/><V83/><F31/><W49/><G71/><T110/><D110/><U57/><E57/><V7/><F69/><W66/><G68/><T5/><D5/><U51/><E51/><N who="3" m="19466" /><G54/><T133/><D107/><U15/><E27/><V116/><F1/><W73/><G73/><T21/><D32/><U97/><E97/><V95/><F2/><W88/><G100/><AGARI ba="1,0" hai="8,10,15,19,23,94,98,100" m="50217,10503" machi="100" ten="30,2000,0" yaku="19,1,54,1" doraHai="46" who="1" fromWho="3" sc="265,0,265,23,235,0,235,-23" />
</Scene>
<Scene>
<INIT seed="1,0,0,4,2,46" ten="265,288,235,212" oya="1" hai0="2,119,86,21,12,83,63,25,98,84,108,111,73" hai1="105,37,91,129,81,117,69,35,20,74,120,67,114" hai2="56,1,68,30,102,18,50,4,3,26,121,43,53" hai3="112,90,33,116,115,49,61,54,110,127,60,89,0"/><U19/><RYUUKYOKU type="yao9" ba="0,0" sc="265,0,288,0,235,0,212,0" hai1="19,20,35,37,67,69,74,81,91,105,114,117,120,129" />
</Scene>
<Scene>
<INIT seed="1,1,0,1,0,81" ten="265,288,235,212" oya="1" hai0="25,18,13,39,131,38,101,70,84,86,115,64,26" hai1="5,128,42,8,72,59,112,6,109,69,134,34,31" hai2="76,46,66,41,51,102,0,28,68,48,65,52,119" hai3="121,133,30,61,106,14,97,91,110,67,22,9,17"/><U88/><E112/><V127/><F0/><W130/><G121/><T98/><D115/><U23/><E69/><V55/><F28/><W36/><G36/><T96/><D131/><U122/><E72/><V87/><F119/><W44/><G130/><T75/><D75/><U15/><E128/><V108/><F108/><W45/><G110/><T73/><D73/><U120/><E109/><V24/><F127/><W124/><G124/><T94/><D70/><U117/><E117/><V54/><F24/><W47/><G133/><T123/><D64/><N who="2" m="24682" /><F102/><W111/><G111/><T103/><D123/><U99/><E34/><V63/><F68/><W104/><G97/><T43/><D43/><U1/><E134/><V79/><F63/><W2/><G91/><T10/><D39/><U135/><E135/><V11/><F11/><W40/><G40/><T32/><D38/><U100/><E42/><V129/><F129/><W71/><REACH who="3" step="1"/><G30/><REACH who="3" ten="265,288,235,202" step="2"/><T35/><D98/><U118/><E99/><V49/><F76/><W85/><G85/><T16/><D101/><U53/><E88/><V92/><F79/><W113/><G113/><T74/><D74/><U7/><E100/><V12/><F87/><W77/><G77/><T3/><D86/><U126/><E126/><V114/><F114/><W83/><G83/><T33/><D84/><U19/><E118/><V105/><F41/><W107/><G107/><T93/><D103/><U125/><E125/><V78/><F105/><W57/><G57/><T37/><D96/><U56/><E56/><V27/><F78/><W21/><G21/><T80/><D37/><RYUUKYOKU ba="1,1" sc="265,-10,288,-10,235,-10,202,30" hai3="2,9,14,17,22,44,45,47,61,67,71,104,106" />
</Scene>
<Scene>
<INIT seed="2,2,1,2,3,112" ten="255,278,225,232" oya="2" hai0="14,113,7,33,120,52,15,134,97,35,50,21,127" hai1="110,80,54,98,128,121,133,95,46,31,75,5,77" hai2="73,100,59,42,125,108,0,28,122,78,116,51,111" hai3="64,130,6,11,9,30,62,83,3,99,45,57,8"/><V32/><F122/><W49/><G130/><T40/><D113/><U63/><E128/><V1/><F100/><W47/><G47/><T96/><D120/><U25/><E121/><V66/><F125/><W103/><G83/><T58/><D127/><U67/><E110/><N who="2" m="42027" /><F116/><W91/><G91/><T89/><D134/><U114/><E114/><V71/><F71/><W129/><G30/><T109/><D109/><U124/><E124/><V34/><F66/><W12/><G3/><N who="2" m="1097" /><F28/><W27/><G27/><T74/><D74/><U119/><E67/><V29/><F29/><W68/><G68/><T53/><D40/><U81/><E31/><V16/><F16/><W19/><G19/><T56/><D21/><U104/><E25/><V132/><F132/><W118/><G118/><T123/><D123/><U22/><E22/><V102/><F102/><W126/><G129/><T41/><D41/><U87/><E119/><V4/><F4/><W82/><G82/><T90/><D7/><U94/><E5/><V65/><F65/><W88/><G103/><T85/><D85/><U101/><E133/><V84/><F84/><W135/><G135/><T72/><D72/><U106/><E106/><V131/><F131/><W117/><G117/><T105/><D105/><U86/><E75/><V79/><F73/><W36/><G126/><T38/><REACH who="0" step="1"/><D50/><REACH who="0" ten="245,278,225,232" step="2"/><U26/><E104/><V23/><F23/><W92/><G36/><AGARI ba="2,2" hai="14,15,33,35,36,38,52,53,56,58,89,90,96,97" machi="36" ten="25,8000,1" yaku="1,1,2,1,22,2,54,1,53,0" doraHai="112" doraHaiUra="107" who="0" fromWho="3" sc="245,106,278,0,225,0,232,-86" />
</Scene>
<Scene>
<INIT seed="3,0,0,1,3,126" ten="351,278,225,146" oya="3" hai0="47,0,44,114,109,3,93,104,52,12,70,58,115" hai1="57,21,33,61,26,31,116,65,72,49,97,16,37" hai2="22,17,40,18,132,94,8,76,14,24,91,86,11" hai3="55,108,9,46,32,89,101,54,45,110,75,98,123"/><W79/><G123/><T96/><D104/><U29/><E37/><V39/><F132/><W128/><G32/><T77/><D70/><U27/><E72/><V4/><F39/><W10/><G89/><N who="0" m="55343" /><D77/><U119/><E49/><V6/><F40/><W38/><G79/><T41/><D12/><U2/><E2/><N who="0" m="553" /><D41/><U125/><E125/><V118/><F118/><N who="1" m="45097" /><E97/><V117/><F117/><W59/><G75/><T67/><D67/><U135/><E135/><V99/><F8/><N who="3" m="3179" /><G38/><T120/><D120/><U90/><E90/><N who="2" m="55767" /><F76/><W122/><G122/><T74/><D74/><U50/><E50/><V105/><F105/><W80/><G80/><AGARI ba="0,0" hai="4,6,11,14,17,18,22,24,80,86,91" m="55767" machi="80" ten="30,1000,0" yaku="8,1" doraHai="126" who="2" fromWho="3" sc="351,0,278,0,225,10,146,-10" />
</Scene>
<Scene>
<INIT seed="4,0,0,5,0,102" ten="351,278,235,136" oya="0" hai0="118,35,64,125,78,79,62,0,30,99,133,100,72" hai1="130,15,95,81,127,66,37,16,29,89,10,120,53" hai2="46,116,34,55,9,63,92,32,98,26,22,113,91" hai3="39,124,48,33,8,104,67,57,12,103,122,27,73"/><T94/><D118/><U96/><E120/><V56/><F113/><W114/><G39/><T70/><D0/><U107/><E37/><V38/><F116/><W7/><G114/><T115/><D115/><U21/><E127/><V129/><F129/><W65/><G122/><T123/><D123/><U88/><E130/><V86/><F9/><W43/><G73/><T69/><D125/><U54/><E107/><V2/><F2/><W36/><G36/><T111/><D133/><U87/><E66/><V23/><F23/><W119/><G119/><T121/><D121/><U105/><E105/><V93/><F38/><W25/><G124/><T40/><D40/><U11/><E29/><V109/><F46/><W13/><G13/><T59/><D111/><U14/><E21/><V132/><F132/><W1/><G1/><T71/><REACH who="0" step="1"/><D72/><REACH who="0" ten="341,278,235,136" step="2"/><U44/><REACH who="1" step="1"/><E44/><REACH who="1" ten="341,268,235,136" step="2"/><V135/><F109/><W117/><G117/><T83/><D83/><U20/><E20/><V19/><REACH who="2" step="1"/><F135/><REACH who="2" ten="341,268,225,136" step="2"/><W45/><G33/><T74/><D74/><U58/><E58/><V61/><F61/><W112/><G112/><T18/><D18/><AGARI ba="0,3" hai="10,11,14,15,16,18,53,54,81,87,88,89,95,96" machi="18" ten="30,12000,2" yaku="1,1,7,1,9,1,8,1,54,2,53,0" doraHai="102" doraHaiUra="101" who="1" fromWho="0" sc="341,-120,268,150,225,0,136,0" />
</Scene>
<Scene>
<INIT seed="5,0,0,0,4,8" ten="221,418,225,136" oya="1" hai0="4,35,56,133,129,25,93,24,70,37,55,114,49" hai1="33,64,76,18,12,90,125,19,16,60,99,85,6" hai2="121,71,112,103,30,66,7,73,13,20,1,46,134" hai3="11,118,47,41,91,92,117,29,86,124,83,122,31"/><U61/><E33/><V3/><F73/><W32/><G122/><T127/><D37/><U34/><E34/><V67/><F121/><W9/><G124/><T0/><D70/><U74/><E74/><V21/><F71/><W101/><G101/><T102/><D127/><U100/><E76/><V130/><F103/><W14/><G11/><T2/><D114/><U131/><E131/><V108/><F130/><W17/><G83/><T62/><D129/><U94/><E125/><V53/><F108/><W115/><G115/><T104/><D104/><U40/><E40/><V50/><F112/><W28/><REACH who="3" step="1"/><G32/><REACH who="3" ten="221,418,225,126" step="2"/><T84/><D35/><U88/><E100/><V87/><F20/><W107/><G107/><T98/><D102/><U5/><E5/><V119/><F21/><W106/><G106/><T38/><D4/><U51/><E6/><V10/><F7/><W39/><AGARI ba="0,1" hai="9,14,17,28,29,31,39,41,47,86,91,92,117,118" machi="39" ten="30,12000,2" yaku="1,1,0,1,52,1,53,3" doraHai="8" doraHaiUra="26" who="3" fromWho="3" sc="221,-30,418,-60,225,-30,126,130" />
</Scene>
<Scene>
<INIT seed="6,0,0,3,0,0" ten="191,358,195,256" oya="2" hai0="61,49,122,63,23,60,36,19,46,1,50,45,15" hai1="5,64,18,85,115,92,27,40,125,119,3,48,52" hai2="81,44,120,41,129,118,94,103,51,130,88,9,84" hai3="71,80,87,2,37,98,24,39,4,26,110,82,12"/><V56/><F120/><W42/><G110/><T89/><D122/><U14/><E119/><V102/><F118/><W104/><G71/><T106/><D106/><U96/><E3/><V16/><F56/><W99/><G2/><T54/><D1/><U59/><E115/><V10/><F10/><W131/><G131/><N who="2" m="50185" /><F94/><W53/><G104/><T97/><D36/><U95/><E95/><V33/><F33/><W133/><G133/><T28/><D28/><U43/><E64/><V124/><F124/><W83/><G82/><T75/><D75/><U58/><E58/><V113/><F113/><W105/><G105/><T90/><REACH who="0" step="1"/><D97/><REACH who="0" ten="181,358,195,256" step="2"/><U76/><E96/><V112/><F112/><W126/><G99/><T17/><D17/><U34/><E18/><V7/><F16/><W123/><G98/><T35/><D35/><U70/><E34/><V65/><F65/><W69/><G39/><T55/><AGARI ba="0,1" hai="15,19,23,45,46,49,50,54,55,60,61,63,89,90" machi="55" ten="30,7900,0" yaku="1,1,0,1,9,1,8,1,53,0" doraHai="0" doraHaiUra="100" who="0" fromWho="0" sc="181,89,358,-20,195,-39,256,-20" />
</Scene>
<Scene>
<INIT seed="7,0,0,5,0,115" ten="270,338,156,236" oya="3" hai0="47,15,132,120,87,78,19,71,95,63,56,86,14" hai1="17,8,32,44,133,7,25,21,31,35,3,116,4" hai2="5,91,20,114,109,60,77,79,2,81,24,57,73" hai3="55,88,67,48,121,41,99,112,90,74,26,110,40"/><W92/><G121/><T70/><D120/><U65/><E116/><V101/><F109/><W59/><G74/><T97/><D132/><U108/><E108/><V98/><F114/><W62/><G110/><T61/><D47/><U103/><E133/><V66/><F2/><W53/><G112/><T111/><D111/><U118/><E118/><V119/><F5/><W105/><G105/><T134/><D134/><U80/><E103/><V129/><F129/><W124/><G124/><T36/><D36/><U27/><E65/><V12/><F12/><W16/><G55/><T84/><D78/><U100/><E100/><V6/><F6/><W28/><G90/><T50/><D71/><U122/><E80/><V37/><F37/><W131/><G131/><T117/><D70/><U130/><E130/><V11/><F11/><W30/><G16/><T96/><D96/><U89/><E89/><V72/><F91/><W45/><REACH who="3" step="1"/><G30/><REACH who="3" ten="270,338,156,226" step="2"/><T83/><D19/><U82/><E122/><V54/><F54/><W33/><AGARI ba="0,1" hai="26,28,33,40,41,45,48,53,59,62,67,88,92,99" machi="33" ten="20,12000,1" yaku="1,1,2,1,0,1,7,1,54,1,53,0" doraHai="115" doraHaiUra="107" who="3" fromWho="3" sc="270,-40,338,-40,156,-40,226,130" owari="230,-17.0,298,10.0,116,-38.0,356,45.0" />
</Scene>
</mjloggm>