<mjloggm ver="2.3"><GO type="169" lobby="0"/><UN n0="%E3%83%9F%E3%83%A9%E3%82%AF%E3%83%AB%E3%81%8A%E3%81%98%E3%81%95%E3%82%93" n1="%74%6F%6D%6F%79%75" n2="%E3%81%84%E3%81%AC%E3%81%98%E3%82%83%E3%82%89%E3%81%97" n3="%E5%A4%AA%E3%81%8F%E3%81%AA%E3%81%84%E3%81%8A" dan="17,16,17,17" rate="2181.91,2080.89,2184.75,2163.95" sx="M,M,M,M"/><TAIKYOKU oya="0"/>

<Scene>
<INIT seed="0,0,0,0,3,30" ten="250,250,250,250" oya="0" hai0="92,33,107,55,101,51,43,106,108,36,75,46,104" hai1="110,80,115,28,16,132,91,103,45,1,10,47,11" hai2="22,44,72,93,15,49,76,3,86,21,73,48,89" hai3="133,77,50,122,82,112,135,71,58,61,0,25,118"/><T102/><D75/><U81/><E132/><V38/><F3/><W62/><G118/><T114/><D114/><U129/><E115/><V34/><F38/><W41/><G112/><T85/><D108/><U105/><E110/><V60/><F34/><W18/><G0/><T52/><D33/><U68/><E28/><V100/><F49/><W39/><G39/><T87/><D55/><U70/><E129/><V42/><F100/><W57/><G122/><T69/><D69/><U83/><E91/><V35/><F35/><W19/><G71/><T66/><D66/><U40/><E47/><V74/><F76/><W27/><G50/><T23/><D23/><U90/><E90/><V95/><F95/><W111/><G111/><T12/><D12/><U63/><E63/><V79/><F79/><W78/><G82/><T99/><REACH who="0" step="1"/><D102/><REACH who="0" ten="240,250,250,250" step="2"/><U32/><E32/><V56/><REACH who="2" step="1"/><F15/><REACH who="2" ten="240,250,240,250" step="2"/><W127/><G135/><T96/><D96/><U84/><E1/><V131/><F131/><W54/><G133/><T24/><D24/><U113/><E113/><V14/><F14/><W120/><G25/><T13/><D13/><U7/><E103/><V29/><F29/><W130/><G27/><T37/><D37/><U124/><E11/><V121/><F121/><W31/><G120/><T134/><D134/><U8/><E10/><V65/><AGARI ba="0,2" hai="21,22,42,44,48,56,60,65,72,73,74,86,89,93" machi="65" ten="30,4000,0" yaku="1,1,0,1,53,1" doraHai="30" doraHaiUra="53" who="2" fromWho="2" sc="240,-20,250,-10,240,60,250,-10" />
</Scene>
<Scene>
<INIT seed="1,0,0,1,4,4" ten="220,240,300,240" oya="1" hai0="11,0,39,65,14,123,122,2,69,46,26,71,106" hai1="86,114,54,6,126,124,134,97,78,7,15,94,64" hai2="17,52,29,3,112,105,63,116,49,8,25,56,133" hai3="59,110,47,5,38,101,42,96,90,129,115,24,37"/><U82/><E114/><V23/><F116/><W21/><G115/><T79/><D106/><U30/><E134/><V22/><F112/><W109/><G129/><T132/><D132/><U53/><E64/><V85/><F133/><W95/><G59/><T72/><D26/><U34/><E34/><V111/><F105/><W81/><G5/><T16/><D79/><U93/><E93/><V9/><F3/><W32/><G32/><T107/><D72/><U83/><E83/><V60/><F111/><N who="3" m="42507" /><G81/><T12/><D0/><U113/><E30/><V68/><F85/><W121/><G121/><T27/><D2/><U28/><E28/><V87/><F87/><W13/><G13/><T55/><D14/><U76/><E76/><V130/><F130/><W40/><G101/><T104/><D27/><U103/><E6/><V119/><F119/><W120/><G120/><N who="0" m="46123" /><D65/><U44/><E113/><V35/><F68/><N who="0" m="26186" /><D55/><U73/><E73/><V117/><F35/><W45/><G24/><T57/><D57/><U91/><E103/><V62/><F117/><W131/><G131/><T36/><D36/><U128/><E128/><V31/><F31/><W99/><G21/><T89/><D89/><U77/><E77/><V51/><F23/><W75/><G75/><T70/><D70/><U41/><E54/><N who="2" m="31823" /><F29/><W66/><G66/><T88/><D88/><U67/><E67/><V74/><F74/><W33/><G33/><T135/><D135/><U1/><E53/><V43/><F43/><AGARI ba="0,0" hai="11,12,16,39,43,46,104,107" m="26186,46123" machi="43" ten="30,3900,0" yaku="13,1,52,1,54,1" doraHai="4" who="0" fromWho="2" sc="220,39,240,0,300,-39,240,0" />
</Scene>
<Scene>
<INIT seed="2,0,0,1,4,89" ten="259,240,261,240" oya="2" hai0="67,78,39,122,94,68,38,1,49,119,108,107,29" hai1="45,98,125,30,92,85,32,88,13,80,40,51,47" hai2="53,106,20,76,41,60,75,63,22,84,21,101,46" hai3="56,95,19,42,48,64,96,4,109,114,105,74,120"/><V72/><F84/><W118/><G120/><T103/><D122/><U73/><E73/><V7/><F7/><W61/><G118/><T102/><D1/><U26/><E125/><V34/><F34/><W99/><G74/><T87/><D107/><U128/><E128/><V71/><F76/><W131/><G131/><T33/><D119/><U35/><E13/><V16/><F75/><W134/><G109/><T77/><D108/><U43/><E35/><V126/><F72/><W70/><G134/><T17/><D68/><U115/><E115/><V86/><F86/><W28/><G4/><T10/><D67/><U100/><E47/><V79/><F79/><W14/><G28/><T8/><D49/><U93/><REACH who="1" step="1"/><E43/><REACH who="1" ten="259,230,261,240" step="2"/><V25/><F46/><W117/><G114/><T54/><D33/><U83/><AGARI ba="0,1" hai="26,30,32,40,45,51,80,83,85,88,92,93,98,100" machi="83" ten="30,12000,2" yaku="1,1,2,1,0,1,52,2,54,1,53,0" doraHai="89" doraHaiUra="123" who="1" fromWho="1" sc="259,-30,230,130,261,-60,240,-30" />
</Scene>
<Scene>
<INIT seed="3,0,0,2,3,18" ten="229,360,201,210" oya="3" hai0="45,128,81,28,46,30,78,90,41,109,129,33,56" hai1="21,116,50,84,52,34,77,102,72,103,134,32,105" hai2="113,15,39,19,119,89,68,121,55,48,130,36,8" hai3="65,26,122,101,20,53,99,96,40,95,63,112,4"/><W2/><G122/><T132/><D109/><U49/><E72/><V22/><F119/><W67/><G112/><T91/><D132/><U11/><E134/><V93/><F113/><W25/><G40/><T7/><D7/><U131/><E116/><V10/><F121/><W12/><G2/><T135/><D135/><U111/><E11/><V64/><F130/><W106/><G53/><T51/><D56/><U62/><E105/><V73/><F73/><W79/><G79/><T61/><D61/><U104/><E104/><V71/><F39/><W1/><G1/><T66/><D66/><U97/><E97/><V83/><F83/><W5/><G12/><T27/><D30/><U87/><E62/><V107/><F107/><W125/><G125/><T88/><REACH who="0" step="1"/><D46/><REACH who="0" ten="219,360,201,210" step="2"/><U42/><E111/><V92/><F64/><W47/><G47/><T24/><D24/><U110/><E110/><V75/><F71/><W94/><G106/><T59/><D59/><U115/><E115/><V80/><F68/><W44/><G44/><T38/><D38/><U37/><E37/><V57/><F36/><W108/><G108/><T118/><D118/><U86/><E50/><V13/><F48/><W133/><G133/><T29/><D29/><U117/><E49/><V100/><F57/><N who="3" m="37103" /><G67/><T17/><D17/><U114/><E114/><V35/><F19/><N who="3" m="12447" /><G26/><T14/><D14/><U23/><E117/><V6/><F15/><W126/><G126/><T60/><D60/><U43/><E77/><N who="2" m="44095" /><F13/><W54/><G54/><T0/><D0/><U120/><E52/><V123/><F55/><W127/><G127/><RYUUKYOKU ba="0,1" sc="219,15,360,-15,201,-15,210,15" hai0="27,28,33,41,45,51,78,81,88,90,91,128,129" hai3="4,5,94,95,96,99,101" />
</Scene>
<Scene>
<INIT seed="3,1,1,5,1,0" ten="234,345,186,225" oya="3" hai0="23,34,58,31,1,43,96,9,61,8,87,51,122" hai1="14,119,22,52,78,33,131,109,39,106,108,103,94" hai2="13,6,115,74,67,73,59,105,133,124,5,91,17" hai3="90,29,135,53,10,101,102,46,130,80,128,20,98"/><W4/><G135/><T113/><D122/><U50/><E39/><V85/><F105/><W114/><G114/><T95/><D34/><U110/><E33/><V7/><F115/><W86/><G29/><T69/><D113/><U37/><E37/><V63/><F133/><W123/><G20/><T2/><D69/><U19/><E119/><V107/><F107/><W16/><G123/><T3/><D87/><U132/><E106/><V60/><F124/><W18/><G46/><T64/><D51/><U56/><E132/><V75/><F63/><W25/><G53/><T55/><D55/><U65/><E65/><V92/><REACH who="2" step="1"/><F17/><REACH who="2" ten="234,345,176,225" step="2"/><W24/><G18/><T12/><D43/><U48/><E110/><V100/><F100/><W70/><G16/><T38/><D38/><U104/><E104/><V76/><F76/><W11/><G101/><N who="0" m="60575" /><D12/><AGARI ba="1,2" hai="5,6,7,12,13,59,60,67,73,74,75,85,91,92" machi="12" ten="50,8000,1" yaku="1,1,52,3,53,0" doraHai="0" doraHaiUra="127" who="2" fromWho="0" sc="234,-83,345,0,176,103,225,0" />
</Scene>
<Scene>
<INIT seed="4,0,0,2,3,5" ten="151,345,279,225" oya="0" hai0="24,15,85,78,9,62,98,33,102,107,29,73,60" hai1="74,88,59,14,113,105,95,91,77,41,119,80,51" hai2="81,17,16,3,83,48,22,20,71,10,1,53,42" hai3="26,135,32,128,101,130,65,75,55,13,43,46,19"/><T122/><D122/><U54/><E105/><V31/><F71/><W120/><G75/><T97/><D73/><U11/><E119/><V70/><F70/><W69/><G120/><T72/><D72/><U50/><E113/><V110/><F110/><W129/><G135/><T0/><D0/><U27/><E27/><V57/><F31/><N who="3" m="19575" /><G101/><T23/><D33/><U4/><E41/><V39/><F39/><N who="3" m="21887" /><G55/><T63/><D107/><U100/><E100/><V133/><F133/><W8/><G69/><T123/><D123/><U126/><E126/><V45/><F1/><W49/><G49/><T106/><D106/><U37/><E37/><V92/><F92/><W109/><G65/><T125/><D125/><U104/><E104/><V66/><F66/><W21/><G109/><T82/><REACH who="0" step="1"/><D102/><REACH who="0" ten="141,345,279,225" step="2"/><U116/><E116/><V7/><F3/><W117/><G117/><T111/><D111/><U30/><E74/><V121/><F121/><W58/><G58/><T67/><D67/><U36/><E59/><V47/><F57/><W84/><G84/><T132/><D132/><U118/><E118/><V12/><F45/><W25/><G130/><T68/><D68/><U56/><E56/><V61/><F42/><W90/><G129/><T76/><D76/><U2/><E77/><V86/><F47/><W6/><G128/><T115/><D115/><U134/><E2/><V94/><F53/><W64/><G64/><T35/><D35/><U114/><E54/><V131/><F131/><W38/><G90/><T34/><D34/><U93/><E114/><V87/><F61/><W18/><G38/><RYUUKYOKU ba="0,1" sc="141,15,345,-15,279,-15,225,15" hai0="9,15,23,24,29,60,62,63,78,82,85,97,98" hai3="6,8,13,18,19,21,25" />
</Scene>
<Scene>
<INIT seed="4,1,1,3,0,96" ten="156,330,264,240" oya="0" hai0="50,86,129,26,21,25,89,116,12,20,35,114,103" hai1="134,5,10,41,120,29,131,118,128,48,81,105,123" hai2="74,51,126,59,14,46,76,31,43,62,73,30,82" hai3="8,52,78,7,53,38,91,57,124,97,95,109,42"/><T93/><D116/><U85/><E29/><V94/><F74/><W80/><G109/><T108/><D108/><U77/><E118/><V2/><F2/><W70/><G70/><T68/><D68/><U40/><E105/><V36/><F36/><W55/><G124/><T56/><D114/><U69/><E69/><V119/><F119/><W16/><G38/><T18/><D129/><N who="1" m="49739" /><E134/><V127/><F14/><N who="3" m="7239" /><G42/><N who="1" m="16490" /><E48/><V133/><F133/><W44/><G7/><T1/><D1/><AGARI ba="1,1" hai="1,5,10,77,81,85,120,123" m="16490,49739" machi="1" ten="30,1000,0" yaku="19,1" doraHai="96" who="1" fromWho="0" sc="156,-13,330,23,264,0,240,0" />
</Scene>
<Scene>
<INIT seed="5,0,0,1,5,43" ten="143,353,264,240" oya="1" hai0="120,89,1,13,131,105,66,14,53,16,7,112,26" hai1="11,35,32,61,96,18,54,29,104,27,92,68,19" hai2="67,41,117,31,17,101,36,33,24,74,44,95,63" hai3="39,124,116,0,77,100,109,103,78,121,70,85,21"/><U93/><E35/><V75/><F117/><W15/><G0/><T52/><D105/><U113/><E113/><V12/><F95/><W10/><G109/><T73/><D73/><U119/><E119/><V91/><F91/><W34/><G34/><T64/><D112/><U47/><E92/><V71/><REACH who="2" step="1"/><F101/><REACH who="2" ten="143,353,254,240" step="2"/><W56/><G100/><T102/><D102/><N who="1" m="62535" /><E93/><V55/><F55/><W30/><G103/><T59/><D120/><U48/><E11/><AGARI ba="0,1" hai="11,12,17,24,31,33,36,41,44,63,67,71,74,75" machi="11" ten="30,3900,0" yaku="1,1,7,1,52,1,53,0" doraHai="43" doraHaiUra="115" who="2" fromWho="1" sc="143,0,353,-39,254,49,240,0" />
</Scene>
<Scene>
<INIT seed="6,0,0,1,0,104" ten="143,314,303,240" oya="2" hai0="22,131,14,93,1,64,89,86,32,134,83,67,90" hai1="44,100,43,27,15,113,30,102,128,70,34,80,130" hai2="10,126,114,26,96,48,66,52,41,17,84,58,4" hai3="132,62,103,3,91,28,35,72,60,33,135,85,51"/><V74/><F74/><W13/><G3/><T115/><D1/><U98/><E70/><V63/><F114/><W133/><G103/><T108/><D108/><U120/><E120/><V61/><F126/><W124/><G124/><T109/><D109/><U69/><E69/><V49/><F41/><W122/><G122/><T82/><D32/><N who="3" m="12361" /><G28/><T88/><D115/><U57/><E57/><N who="2" m="37231" /><F96/><W24/><G24/><T112/><D112/><U29/><E29/><V12/><F84/><W73/><G51/><N who="2" m="19529" /><F26/><W7/><G62/><T55/><D131/><N who="1" m="50219" /><E98/><V59/><F58/><W68/><G60/><T50/><D134/><U71/><E71/><V42/><F42/><W111/><G68/><T95/><D83/><U78/><E15/><V53/><F4/><W38/><G38/><T47/><D95/><U25/><E25/><V121/><F121/><W21/><G111/><T97/><REACH who="0" step="1"/><D90/><REACH who="0" ten="133,314,303,240" step="2"/><U79/><E113/><V81/><F81/><N who="3" m="49583" /><G7/><T0/><D0/><U31/><E80/><V116/><F116/><W16/><AGARI ba="0,1" hai="13,16,21,72,73,132,133,135" m="49583,12361" machi="16" ten="40,8000,1" yaku="20,1,52,2,54,1" doraHai="104" who="3" fromWho="3" sc="133,-20,314,-20,303,-40,240,90" />
</Scene>
<Scene>
<INIT seed="7,0,0,0,0,8" ten="113,294,263,330" oya="3" hai0="104,124,19,100,84,125,95,94,107,0,73,96,25" hai1="119,64,32,67,74,5,30,114,31,120,81,71,38" hai2="21,43,62,7,23,130,27,129,58,93,69,97,34" hai3="36,85,45,57,20,91,61,110,11,70,15,112,111"/><W116/><G116/><T37/><D19/><U2/><E120/><V56/><F69/><W131/><G70/><T46/><D25/><U65/><E71/><V18/><F34/><W29/><G112/><T26/><D26/><U16/><E119/><V40/><F7/><W135/><G29/><T17/><D17/><U42/><E114/><V134/><F134/><W12/><G20/><T48/><D48/><U22/><E32/><V59/><F62/><W63/><G135/><T51/><D51/><U68/><E68/><V10/><F10/><W89/><G131/><T14/><D14/><N who="3" m="5161" /><G11/><T4/><D46/><U72/><E5/><V109/><F109/><N who="3" m="41483" /><G85/><T53/><D53/><U33/><E33/><V3/><F3/><W41/><G63/><T102/><D4/><U87/><E2/><V60/><F60/><W128/><G128/><N who="2" m="49257" /><F23/><W54/><AGARI ba="0,0" hai="36,41,45,54,57,61,89,91" m="41483,5161" machi="54" ten="30,11700,0" yaku="10,1,52,3" doraHai="8" who="3" fromWho="3" sc="113,-39,294,-39,263,-39,330,117" owari="74,-43.0,255,6.0,224,-18.0,447,55.0" />
</Scene>
</mjloggm>