<mjloggm ver="2.3"><GO type="193"/><UN n0="%E5%A4%AA%E3%81%8F%E3%81%AA%E3%81%84%E3%81%8A" n1="%E9%A2%A8%E6%A5%BD" n2="%E7%9C%BC%E9%8F%A1%E5%B7%AB%E5%A5%B3%E3%82%B9%E3%82%AD%E3%83%BC" n3="%E3%80%90%E7%90%86%E3%81%A1%E3%82%83%E3%82%93%E3%80%91" dan="12,10,12,12" rate="1882,1342,1608,1817" sx="M,M,M,M"/><TAIKYOKU oya="0"/>

<Scene>
<INIT seed="0,0,0,0,0,64" ten="250,250,250,250" oya="0" hai0="61,24,60,111,75,39,13,103,91,94,121,69,54" hai1="118,89,46,49,11,124,21,1,117,114,25,44,17" hai2="27,35,107,6,62,40,90,14,42,73,4,101,34" hai3="31,127,7,57,96,126,135,115,122,48,78,65,128"/><T87/><D121/><U15/><E114/><V92/><F107/><W51/><G115/><T131/><D39/><U33/><E124/><N who="3" m="47658" /><G122/><T19/><D75/><U85/><E118/><V105/><F73/><W98/><G7/><T53/><D131/><U22/><E117/><V108/><F105/><W84/><G135/><T3/><D3/><U5/><E21/><V28/><F108/><W95/><G128/><T12/><D103/><U70/><E70/><V132/><F101/><W82/><G31/><T56/><D111/><U20/><E20/><V72/><F132/><W83/><G83/><T130/><D130/><U116/><E116/><V81/><F72/><W88/><G96/><T52/><D69/><U41/><E46/><V43/><F81/><W23/><G23/><N who="0" m="13439" /><D60/><AGARI ba="0,0" hai="48,51,57,60,65,78,82,84,88,95,98" m="47658" machi="60" ten="30,2000,0" yaku="18,1,54,1" doraHai="64" who="3" fromWho="0" sc="250,-20,250,0,250,0,250,20" />
</Scene>
<Scene>
<INIT seed="1,0,0,0,2,115" ten="230,250,250,270" oya="1" hai0="97,29,28,84,119,131,78,95,8,99,106,126,73" hai1="128,80,83,38,35,53,2,46,120,19,27,11,59" hai2="76,43,134,56,14,89,88,135,67,6,72,25,57" hai3="49,114,123,113,55,37,40,12,77,85,52,124,133"/><U69/><E69/><V74/><F43/><W75/><G123/><T44/><D73/><N who="2" m="28266" /><F76/><W103/><G75/><T117/><D106/><U48/><E120/><V127/><F25/><W7/><G124/><T98/><D126/><U68/><E68/><V51/><F127/><W31/><G133/><N who="2" m="50697" /><F51/><W21/><G37/><T30/><D131/><U121/><E121/><V10/><F67/><W109/><G103/><T91/><D78/><U129/><E2/><V18/><F18/><W39/><G109/><T64/><D64/><U81/><E35/><V34/><F34/><W130/><G39/><T60/><D60/><U104/><E104/><V45/><F45/><W16/><G130/><N who="1" m="50282" /><E38/><V3/><F3/><W125/><G125/><T122/><D122/><U17/><E27/><V118/><F118/><W100/><G7/><T0/><REACH who="0" step="1"/><D44/><REACH who="0" ten="220,250,250,270" step="2"/><U13/><E17/><V87/><F87/><W93/><G31/><T15/><D15/><U61/><E61/><V92/><F92/><W62/><G62/><T26/><D26/><U1/><E1/><V24/><F24/><W105/><G105/><T82/><D82/><N who="1" m="20995" /><U94/><DORA hai="36" /><E94/><V42/><F42/><W22/><G93/><T102/><D102/><U70/><E70/><V50/><F50/><W116/><G100/><T71/><D71/><U54/><E54/><V41/><F41/><W112/><G40/><T132/><D132/><U5/><E5/><AGARI ba="0,1" hai="0,5,8,28,29,30,84,91,95,97,98,99,117,119" machi="5" ten="40,8000,1" yaku="1,1,52,2,53,1" doraHai="115,36" doraHaiUra="66,4" who="0" fromWho="1" sc="220,90,250,-80,250,0,270,0" />
</Scene>
<Scene>
<INIT seed="2,0,0,5,4,89" ten="310,170,250,270" oya="2" hai0="74,103,32,119,5,134,101,65,78,135,2,133,37" hai1="10,60,26,118,79,106,105,22,85,19,72,54,128" hai2="55,51,67,82,110,92,71,99,41,30,84,81,42" hai3="117,80,36,76,29,21,8,59,47,63,18,77,6"/><V35/><F110/><W62/><G117/><T132/><D133/><U70/><E118/><V109/><F109/><W96/><G29/><T40/><D119/><U121/><E121/><V14/><F71/><W127/><G127/><T69/><D32/><U123/><E123/><V38/><F67/><W100/><G76/><T114/><D114/><U34/><E72/><V75/><F75/><W4/><G6/><T28/><D28/><U27/><E70/><V126/><F126/><W3/><G59/><T86/><D74/><U125/><E125/><V83/><F38/><W45/><G47/><N who="0" m="23951" /><D5/><U53/><E60/><V64/><F64/><W23/><G23/><T107/><D2/><U88/><E79/><V13/><F35/><W11/><G11/><T46/><D107/><U52/><E128/><V104/><F30/><W129/><G129/><T44/><D65/><U124/><E124/><V93/><F104/><W131/><G131/><T95/><D69/><U66/><E66/><V0/><F0/><W24/><G100/><N who="0" m="38475" /><D95/><U50/><E50/><V112/><F112/><W48/><G96/><T43/><D43/><U130/><E130/><V16/><F14/><W73/><G48/><T33/><D33/><U87/><E10/><V97/><F84/><W116/><G116/><T115/><D115/><U108/><E108/><V7/><F7/><W68/><G68/><T90/><D90/><U31/><REACH who="1" step="1"/><E87/><REACH who="1" ten="310,160,250,270" step="2"/><V49/><F49/><W102/><G102/><T17/><D86/><U120/><E120/><V56/><F41/><AGARI ba="0,1" hai="3,4,8,18,21,24,36,41,45,62,63,73,77,80" machi="41" ten="40,2600,0" yaku="25,2" doraHai="89" who="3" fromWho="2" sc="310,0,160,0,250,-26,270,36" />
</Scene>
<Scene>
<INIT seed="3,0,0,5,0,20" ten="310,160,224,306" oya="3" hai0="74,95,118,8,104,86,21,34,91,2,18,27,3" hai1="43,12,56,123,29,19,68,53,115,23,57,110,35" hai2="66,85,122,88,102,112,24,48,63,22,31,42,54" hai3="38,131,59,75,13,119,11,126,107,7,15,69,62"/><W49/><G119/><T100/><D118/><U111/><E123/><V40/><F122/><W99/><G75/><T116/><D116/><U10/><E115/><V121/><F112/><W77/><G38/><T37/><D37/><U14/><E68/><V4/><F121/><W124/><G69/><T61/><D34/><U73/><E73/><V70/><F102/><W46/><G77/><T87/><D74/><U135/><E43/><V113/><F113/><W71/><G71/><T39/><D39/><U6/><E135/><V5/><F5/><W130/><G15/><T72/><D72/><U45/><E45/><V101/><F4/><W58/><G99/><N who="0" m="59519" /><D104/><U98/><E98/><V28/><F101/><W83/><G83/><N who="0" m="49631" /><D2/><U25/><REACH who="1" step="1"/><E53/><REACH who="1" ten="310,150,224,306" step="2"/><V125/><F125/><N who="3" m="48235" /><G107/><T55/><D55/><U94/><E94/><V50/><F50/><W9/><G9/><T47/><D8/><U52/><E52/><V44/><REACH who="2" step="1"/><F31/><REACH who="2" ten="310,150,214,306" step="2"/><W26/><G62/><T108/><D61/><U82/><E82/><AGARI ba="0,2" hai="22,24,28,40,42,44,48,54,63,66,70,82,85,88" machi="82" ten="30,12000,2" yaku="1,1,2,1,7,1,52,1,54,1,53,1" doraHai="20" doraHaiUra="60" who="2" fromWho="1" sc="310,0,150,-120,214,140,306,0" owari="310,11.0,30,-47.0,354,45.0,306,-9.0" />
</Scene>
</mjloggm>