<mjloggm ver="2.3"><GO type="41"/><UN n0="%E9%9B%BB%E6%B0%97%E7%8A%AC%28%27%CF%89%27%29" n1="%6E%61%6D%69%6B%61%7A%75" n2="%E5%A4%AA%E3%81%8F%E3%81%AA%E3%81%84%E3%81%8A" n3="%E3%82%BF%E3%83%BC%E3%83%AB%EF%BC%91%EF%BC%90%EF%BD%8D%EF%BD%87" dan="15,14,15,15" rate="1926,1915,2007,1971" sx="M,M,M,M"/><TAIKYOKU oya="0"/>

<Scene>
<INIT seed="0,0,0,2,0,80" ten="250,250,250,250" oya="0" hai0="25,88,123,107,1,117,30,68,114,89,119,15,23" hai1="127,125,78,116,62,58,17,120,48,34,91,12,2" hai2="47,40,101,51,118,7,39,98,70,67,128,36,66" hai3="5,99,16,103,126,18,56,87,11,83,60,69,102"/><T8/><D114/><U104/><E120/><V52/><F7/><W22/><G69/><T29/><D68/><U37/><E104/><V82/><F128/><W75/><G126/><T19/><D107/><U94/><E2/><V0/><F0/><W14/><G75/><T134/><D123/><U63/><E37/><V43/><F118/><W92/><G102/><T72/><D72/><U49/><E34/><V27/><F27/><W50/><G50/><T105/><D105/><U38/><E78/><V53/><F82/><W84/><G22/><T90/><D134/><U32/><E32/><V76/><F76/><N who="3" m="46183" /><G87/><T133/><D133/><U31/><E38/><N who="2" m="14379" /><F98/><W55/><AGARI ba="0,0" hai="5,11,14,16,18,55,56,60,92,99,103" m="46183" machi="55" ten="30,4000,0" yaku="8,1,52,1,54,1" doraHai="80" who="3" fromWho="3" sc="250,-20,250,-10,250,-10,250,40" />
</Scene>
<Scene>
<INIT seed="1,0,0,4,2,42" ten="230,240,240,290" oya="1" hai0="35,32,103,26,135,3,79,46,9,54,107,47,114" hai1="125,37,55,120,14,4,110,134,24,66,105,77,128" hai2="13,49,18,10,118,63,78,72,81,68,31,11,99" hai3="115,86,33,97,127,116,85,82,48,60,44,93,59"/><U52/><E120/><V19/><F118/><W34/><G116/><T98/><D114/><U106/><E37/><V16/><F31/><W122/><G115/><T8/><D135/><U88/><E134/><V2/><F99/><W100/><G127/><T89/><D79/><U95/><E125/><V41/><F68/><W65/><G122/><T43/><D89/><U84/><E66/><V25/><F63/><W129/><G129/><T80/><D80/><U7/><E128/><V108/><F108/><W6/><G6/><T5/><D9/><U126/><E126/><V38/><F49/><W12/><G12/><T83/><D83/><U20/><E105/><V40/><F25/><W111/><G111/><T45/><D26/><U101/><E106/><V17/><REACH who="2" step="1"/><F38/><REACH who="2" ten="230,240,230,290" step="2"/><W0/><G60/><T131/><D131/><U15/><E110/><V132/><F132/><W121/><G48/><T39/><REACH who="0" step="1"/><D54/><REACH who="0" ten="220,240,230,290" step="2"/><U64/><E64/><V1/><F1/><W30/><G65/><T23/><D23/><U56/><E55/><V76/><F76/><W130/><G0/><T27/><D27/><U113/><E77/><V104/><F104/><W50/><G130/><T69/><D69/><U74/><E113/><V53/><F53/><W57/><G121/><T91/><D91/><U51/><E20/><V92/><F92/><W112/><G93/><T36/><D36/><U61/><E24/><V124/><F124/><W102/><G112/><T123/><D123/><U117/><E117/><V28/><F28/><W119/><G30/><T71/><D71/><U75/><E95/><V96/><F96/><RYUUKYOKU ba="0,2" sc="220,15,240,-15,230,15,290,-15" hai0="3,5,8,32,35,39,43,45,46,47,98,103,107" hai2="2,10,11,13,16,17,18,19,40,41,72,78,81" />
</Scene>
<Scene>
<INIT seed="2,1,2,2,2,31" ten="235,225,245,275" oya="2" hai0="96,42,72,26,6,37,118,35,10,5,70,63,84" hai1="7,66,128,47,36,46,12,92,117,49,126,91,107" hai2="22,98,104,61,27,122,80,65,4,85,76,38,39" hai3="54,19,94,110,11,120,43,103,130,21,68,13,59"/><V100/><F4/><W45/><G120/><T101/><D118/><U18/><E107/><V79/><F122/><W125/><G68/><T77/><D6/><U3/><E117/><V23/><F79/><W105/><G105/><T121/><D121/><U62/><E126/><V25/><F22/><W124/><G130/><T95/><D42/><U90/><E128/><V135/><F135/><W131/><G110/><T50/><D37/><U20/><E36/><V132/><F132/><W129/><G11/><T134/><D50/><U24/><E3/><V34/><F25/><W112/><G112/><T83/><D134/><U82/><E82/><V74/><F85/><W123/><G123/><T113/><D113/><U58/><E90/><V106/><F106/><W1/><G1/><T67/><D26/><U55/><E7/><V97/><F97/><N who="3" m="59831" /><G45/><T69/><D35/><U8/><E46/><V93/><F93/><W78/><G78/><T29/><D29/><U33/><E33/><V41/><F41/><W30/><G30/><T57/><REACH who="0" step="1"/><D72/><REACH who="0" ten="225,225,245,275" step="2"/><U119/><E119/><V32/><F38/><W89/><G43/><T127/><D127/><U86/><E24/><V114/><F39/><W60/><G125/><T88/><D88/><U102/><E102/><V115/><F115/><W15/><G124/><T108/><D108/><U16/><E18/><N who="2" m="12791" /><F114/><W51/><G131/><T14/><AGARI ba="1,3" hai="5,10,14,57,63,67,69,70,77,83,84,95,96,101" machi="14" ten="20,5200,0" yaku="1,1,0,1,7,1,53,1" doraHai="31" doraHaiUra="99" who="0" fromWho="0" sc="225,85,225,-14,245,-27,275,-14" />
</Scene>
<Scene>
<INIT seed="3,0,0,3,5,102" ten="310,211,218,261" oya="3" hai0="82,22,54,37,118,24,63,56,9,104,62,97,29" hai1="45,79,33,72,134,130,38,8,50,94,5,114,48" hai2="17,76,28,135,4,34,84,85,46,122,6,55,23" hai3="49,40,108,80,19,74,131,12,35,30,73,117,112"/><W15/><G117/><T25/><D118/><U61/><E33/><V115/><F115/><W7/><G112/><T120/><D120/><U110/><E114/><V92/><F135/><W121/><G121/><T105/><D37/><U1/><E130/><V57/><F122/><W81/><G131/><T65/><D9/><U60/><E134/><V70/><F70/><W88/><G7/><T126/><D126/><U98/><E50/><N who="2" m="29143" /><F34/><W119/><G119/><T13/><D13/><U39/><E39/><V47/><F28/><W77/><G35/><T10/><D10/><U89/><E110/><V16/><F47/><W100/><G30/><T26/><D82/><N who="1" m="45415" /><E48/><V95/><F57/><W66/><G66/><T71/><REACH who="0" step="1"/><D97/><REACH who="0" ten="300,211,218,261" step="2"/><U52/><E52/><V103/><F6/><W41/><G15/><T129/><D129/><U78/><E78/><V127/><F76/><W106/><G77/><T123/><D123/><U125/><E125/><V3/><F4/><W132/><G132/><T91/><D91/><U69/><E38/><V107/><F127/><W11/><G74/><T67/><D67/><U43/><E8/><V116/><F116/><W58/><G73/><T20/><D20/><U18/><E5/><V14/><F14/><W111/><G111/><T86/><D86/><U75/><E98/><N who="2" m="61943" /><F23/><W31/><G108/><T124/><D124/><U0/><E75/><V90/><F3/><W32/><G11/><T113/><D113/><U64/><E1/><V133/><F133/><W101/><G12/><T44/><D44/><U59/><E0/><V2/><F2/><W68/><G32/><RYUUKYOKU ba="0,1" sc="300,15,211,-15,218,15,261,-15" hai0="22,24,25,26,29,54,56,62,63,65,71,104,105" hai2="16,17,84,85,90,92,95" />
</Scene>
<Scene>
<INIT seed="4,1,1,3,5,34" ten="315,196,233,246" oya="0" hai0="35,47,28,11,10,3,94,120,89,121,42,109,128" hai1="16,124,8,45,57,66,132,85,0,74,36,59,53" hai2="46,76,54,63,77,108,30,122,102,33,99,82,65" hai3="6,90,72,39,116,118,12,29,92,19,91,62,80"/><T50/><BYE who="1" /><D128/><U2/><E2/><V88/><F108/><W38/><G29/><T37/><D109/><U31/><E31/><V95/><F122/><W105/><G105/><T22/><D35/><U55/><E55/><V40/><F54/><UN n1="%6E%61%6D%69%6B%61%7A%75" /><W113/><G113/><T27/><D37/><U134/><E74/><V14/><F14/><W125/><G62/><T104/><D104/><U111/><E111/><V13/><F13/><W68/><G68/><T129/><D129/><U100/><E100/><V5/><F5/><W49/><G49/><T52/><D42/><N who="1" m="22727" /><E85/><N who="2" m="50231" /><F30/><W103/><G6/><T97/><REACH who="0" step="1"/><D3/><REACH who="0" ten="305,196,233,246" step="2"/><U110/><E110/><V58/><F33/><W130/><G130/><T83/><D83/><U20/><E124/><V75/><F75/><W126/><G72/><T112/><D112/><U32/><E32/><V60/><F40/><W131/><G131/><T119/><D119/><U21/><E66/><V70/><F65/><W71/><G80/><T79/><D79/><U101/><E0/><V127/><F77/><W15/><G118/><T25/><D25/><U106/><E21/><V41/><F76/><W84/><G116/><T69/><D69/><U78/><E78/><V117/><F117/><W1/><G1/><T56/><D56/><U43/><E43/><V48/><F70/><W133/><G71/><T4/><D4/><U67/><E8/><AGARI ba="1,2" hai="8,10,11,22,27,28,47,50,52,89,94,97,120,121" machi="8" ten="40,3900,0" yaku="1,1,54,1,53,0" doraHai="34" doraHaiUra="81" who="0" fromWho="1" sc="305,62,196,-42,233,0,246,0" />
</Scene>
<Scene>
<INIT seed="4,2,0,3,1,68" ten="367,154,233,246" oya="0" hai0="110,34,124,54,96,41,105,80,134,111,122,106,99" hai1="95,132,90,84,103,29,56,127,65,92,31,22,75" hai2="71,108,112,131,135,86,81,47,89,38,9,42,118" hai3="102,82,23,59,2,33,120,50,13,24,77,125,73"/><T36/><D34/><U6/><E75/><V117/><F108/><N who="0" m="41514" /><D122/><U25/><E132/><V46/><F71/><W85/><G2/><T58/><D134/><U62/><E127/><V57/><F135/><W51/><G125/><T7/><D124/><U67/><E6/><V17/><F112/><W1/><G1/><T121/><D121/><U60/><E103/><V19/><F131/><W79/><G120/><T11/><D80/><U12/><E12/><V74/><F74/><W88/><G33/><T91/><D91/><U63/><E63/><V52/><F47/><W126/><G126/><T128/><D128/><U10/><E10/><V83/><F83/><W130/><G130/><T5/><D5/><U8/><E8/><V26/><F9/><W30/><G102/><T48/><D36/><U53/><E31/><V78/><F89/><W27/><G27/><T93/><D41/><U97/><E97/><N who="0" m="37449" /><D93/><U107/><E107/><V64/><F64/><W44/><G77/><T76/><D76/><U66/><E95/><V114/><F114/><W28/><G79/><T18/><D18/><U16/><REACH who="1" step="1"/><E29/><REACH who="1" ten="367,144,233,246" step="2"/><V70/><F17/><N who="3" m="10671" /><G73/><T129/><D129/><U98/><E98/><V35/><F19/><W32/><G32/><T39/><D106/><U20/><E20/><V0/><F0/><W116/><G30/><T113/><D105/><U55/><E55/><V14/><F14/><W133/><G133/><T4/><D113/><U49/><AGARI ba="2,1" hai="16,22,25,49,53,56,60,62,65,66,67,84,90,92" machi="49" ten="30,7900,0" yaku="1,1,0,1,8,1,54,1,53,0" doraHai="68" doraHaiUra="72" who="1" fromWho="1" sc="367,-41,144,95,233,-22,246,-22" />
</Scene>
<Scene>
<INIT seed="5,0,0,2,3,41" ten="326,239,211,224" oya="1" hai0="134,16,11,109,10,96,9,5,123,101,71,127,18" hai1="100,99,28,2,98,3,47,25,89,45,60,52,125" hai2="55,46,106,78,63,93,24,126,112,128,27,92,88" hai3="102,31,133,81,120,38,124,20,37,115,69,108,34"/><U105/><E125/><V14/><F106/><W135/><G102/><T42/><D109/><U17/><E17/><V61/><F126/><W53/><G81/><T90/><D71/><U59/><E3/><V107/><F107/><W58/><G20/><T32/><D127/><U113/><E2/><V110/><F110/><W68/><G108/><T13/><D134/><N who="3" m="51209" /><G34/><T6/><D123/><U87/><E98/><V129/><F78/><W114/><G31/><T7/><D32/><U43/><E43/><V65/><F112/><N who="3" m="43051" /><G120/><T79/><D79/><U56/><E56/><N who="2" m="34975" /><F14/><W22/><G22/><T74/><D74/><U121/><E121/><V57/><F93/><W118/><G118/><T83/><D13/><U72/><E72/><V48/><F129/><W30/><G30/><T29/><D29/><U26/><E113/><V19/><F19/><W132/><N who="3" m="51217" /><W86/><DORA hai="4" /><G86/><T64/><D18/><U122/><E122/><V84/><F128/><W44/><G124/><T95/><D10/><U119/><E119/><V131/><F131/><W1/><G1/><T0/><D11/><U70/><E70/><N who="3" m="27242" /><G44/><T94/><D9/><U8/><E8/><V67/><F24/><W21/><G21/><T54/><D6/><U66/><E28/><V23/><F27/><W82/><G82/><T117/><D83/><N who="1" m="49407" /><E26/><V50/><F23/><W85/><G85/><T12/><D7/><U40/><E25/><V62/><F46/><N who="1" m="17417" /><E40/><V39/><F84/><W104/><G104/><T91/><D5/><U76/><E76/><V36/><F92/><W51/><AGARI ba="0,0" hai="37,38,51,53,58" m="27242,43051,51217" machi="51" ten="50,8000,1" yaku="20,1,15,1,34,2" doraHai="41,4" who="3" fromWho="3" sc="326,-20,239,-40,211,-20,224,80" />
</Scene>
<Scene>
<INIT seed="6,0,0,5,2,75" ten="306,199,191,304" oya="2" hai0="49,4,27,43,48,39,99,72,134,11,18,29,2" hai1="116,123,19,54,52,132,38,28,120,87,22,82,113" hai2="55,125,35,31,88,69,7,98,24,56,127,8,108" hai3="42,90,9,68,93,67,70,73,58,50,118,53,66"/><V100/><F69/><W101/><G101/><T119/><D134/><U14/><E116/><V81/><F108/><W107/><G107/><T51/><D72/><U61/><E132/><V122/><F122/><N who="1" m="46633" /><E38/><V13/><F81/><W85/><G118/><T114/><D114/><U41/><E41/><V96/><F88/><W1/><G73/><T77/><D119/><U6/><E61/><V124/><REACH who="2" step="1"/><F100/><REACH who="2" ten="306,199,181,304" step="2"/><W76/><G70/><T30/><D43/><U21/><E113/><V105/><F105/><W34/><G90/><T117/><D117/><U94/><E94/><V80/><F80/><W97/><G93/><T36/><D77/><N who="1" m="46543" /><E6/><V40/><F40/><W106/><G76/><T17/><D4/><U20/><E28/><V12/><F12/><W104/><G42/><T86/><D2/><U89/><E89/><V103/><F103/><W112/><G68/><T10/><D36/><U0/><E0/><V126/><N who="2" m="31744" /><DORA hai="3" /><V135/><F135/><W45/><G106/><T91/><D91/><U74/><E74/><V121/><F121/><W59/><G104/><T128/><D39/><U23/><AGARI ba="0,1" hai="14,19,20,21,22,23,52,54" m="46543,46633" machi="23" ten="30,4000,0" yaku="13,1,52,1,54,1" doraHai="75,3" who="1" fromWho="1" sc="306,-10,199,50,181,-20,304,-10" />
</Scene>
<Scene>
<INIT seed="7,0,0,2,5,126" ten="296,249,161,294" oya="3" hai0="134,12,16,69,15,120,26,100,66,58,13,108,123" hai1="19,78,48,112,128,130,95,36,74,37,65,50,135" hai2="124,8,93,34,55,2,11,35,71,101,133,0,131" hai3="53,79,97,72,38,99,25,47,51,60,92,103,10"/><W81/><G38/><T104/><D108/><U23/><E112/><V70/><F101/><W52/><G10/><N who="2" m="3625" /><F93/><W45/><G97/><T117/><D117/><U41/><E65/><V21/><F55/><W68/><G25/><T127/><D69/><N who="2" m="26122" /><F21/><W7/><G7/><T4/><D4/><U30/><E30/><V17/><F17/><W77/><G77/><T27/><D16/><U33/><E33/><N who="2" m="12299" /><F124/><W31/><G31/><T62/><D127/><U106/><E95/><V125/><F125/><W73/><G73/><T88/><D26/><U132/><E78/><V22/><F22/><W6/><G6/><T89/><D27/><U116/><E74/><V119/><F119/><W75/><G72/><T18/><D18/><U1/><E116/><V3/><F133/><N who="1" m="51273" /><E1/><N who="2" m="259" /><V96/><DORA hai="91" /><F96/><W43/><G68/><T76/><D134/><U49/><E41/><V113/><F113/><W24/><G24/><T105/><D100/><U56/><E56/><V122/><F122/><W20/><G20/><T115/><D115/><U111/><E19/><V61/><F61/><W40/><G60/><T86/><D62/><U29/><E23/><V121/><F121/><W54/><REACH who="3" step="1"/><G47/><REACH who="3" ten="296,249,161,284" step="2"/><T44/><D44/><U42/><E29/><V39/><F39/><W82/><G82/><T110/><D123/><U64/><E37/><V109/><F109/><W5/><G5/><T98/><D110/><U87/><E111/><V118/><F118/><W84/><G84/><T114/><D86/><U94/><E87/><V129/><AGARI ba="0,1" hai="129,131" m="259,12299,26122,3625" machi="129" ten="60,8000,1" yaku="28,2,52,2" doraHai="126,91" who="2" fromWho="2" sc="296,-20,249,-20,161,90,284,-40" />
</Scene>
<Scene>
<INIT seed="8,0,0,4,0,9" ten="276,229,251,244" oya="0" hai0="45,82,93,123,11,124,127,105,15,75,55,96,125" hai1="4,31,100,3,42,23,86,120,63,128,20,101,38" hai2="72,132,67,22,135,53,115,121,110,2,1,84,29" hai3="133,81,62,56,7,50,51,88,40,32,106,118,74"/><T17/><D123/><U71/><E120/><V41/><F121/><W52/><G32/><T66/><D66/><U46/><E128/><V90/><F110/><W122/><G122/><T98/><D105/><U21/><E31/><V39/><F115/><W102/><G7/><T30/><D30/><U47/><E3/><V109/><F72/><W119/><G133/><N who="2" m="51273" /><F109/><W64/><G40/><T129/><D129/><U33/><E33/><V68/><F53/><W70/><G102/><T28/><D28/><U14/><E47/><N who="2" m="23999" /><F67/><W117/><G106/><T6/><D6/><U91/><E71/><V85/><F68/><W114/><G114/><T134/><D134/><U108/><E63/><V0/><F90/><W57/><G70/><T13/><D75/><U97/><E108/><V131/><F131/><W49/><G74/><T10/><D82/><U26/><E26/><AGARI ba="0,0" hai="0,1,2,22,26,29,84,85" m="23999,51273" machi="26" ten="40,1300,0" yaku="20,1" doraHai="9" who="2" fromWho="1" sc="276,0,229,-13,251,13,244,0" />
</Scene>
<Scene>
<INIT seed="9,0,0,5,4,5" ten="276,216,264,244" oya="1" hai0="66,129,114,110,12,100,19,58,112,93,74,36,40" hai1="104,26,11,102,133,37,16,59,49,132,75,115,15" hai2="127,86,134,39,89,79,7,21,9,10,54,18,125" hai3="42,96,46,113,118,25,65,99,105,84,32,87,124"/><U35/><E37/><V111/><F111/><W56/><G113/><T4/><D110/><U117/><E75/><V57/><F79/><W52/><G124/><N who="2" m="47689" /><F39/><W31/><G65/><T135/><D74/><U90/><E115/><V120/><F7/><W33/><G33/><T72/><D72/><U107/><E117/><V2/><F2/><W95/><G118/><T60/><D4/><U81/><E102/><V126/><F134/><N who="1" m="51817" /><E90/><V68/><F68/><W71/><G71/><T1/><D135/><U123/><E81/><N who="2" m="49359" /><F120/><W3/><G3/><T30/><D1/><U62/><E49/><N who="2" m="30927" /><F126/><W103/><G46/><T73/><D36/><U28/><E123/><V41/><F41/><W85/><G42/><T116/><D40/><U131/><E131/><V94/><F94/><W38/><G38/><T13/><D129/><U29/><E29/><V97/><F97/><W82/><G99/><N who="0" m="59503" /><D30/><U121/><E121/><V130/><F130/><W122/><G105/><T83/><D116/><U44/><E44/><V34/><F34/><W24/><G24/><AGARI ba="0,0" hai="9,10,18,21,24" m="30927,49359,47689" machi="24" ten="30,3900,0" yaku="18,1,52,2" doraHai="5" who="2" fromWho="3" sc="276,0,216,0,264,39,244,-39" owari="276,8.0,216,-18.0,303,39.0,205,-29.0" />
</Scene>
</mjloggm>