<mjloggm ver="2.3"><GO type="169" lobby="0"/><UN n0="%E6%B5%9C%E6%B4%8B%E4%B8%80%E6%9C%97" n1="%7A%6B%75%72%74" n2="%E3%83%A4%E3%83%9E%E3%83%84%E3%82%AB%E3%83%9F" n3="%E5%A4%AA%E3%81%8F%E3%81%AA%E3%81%84%E3%81%8A" dan="16,17,16,18" rate="2027.41,2169.99,2068.66,2174.52" sx="F,M,M,M"/><TAIKYOKU oya="0"/>

<Scene>
<INIT seed="0,0,0,3,5,49" ten="250,250,250,250" oya="0" hai0="16,88,114,75,93,4,70,102,67,132,86,94,122" hai1="36,48,41,107,134,69,50,28,43,120,10,68,47" hai2="85,25,133,128,14,18,8,90,79,66,118,100,125" hai3="33,105,71,116,81,9,15,26,5,121,87,110,46"/><T76/><D4/><U89/><E107/><V61/><F128/><W1/><G116/><T57/><D122/><U45/><E28/><V101/><F118/><W23/><G105/><T51/><D114/><U24/><E24/><V115/><F115/><W29/><G121/><T104/><D132/><U42/><E10/><V7/><F125/><W91/><G110/><T131/><D131/><U73/><E89/><V2/><F79/><W62/><G46/><T96/><D94/><U21/><E21/><V108/><F108/><W109/><G109/><T31/><D31/><U119/><E73/><V27/><F27/><W97/><G97/><T64/><D70/><N who="1" m="27243" /><E120/><V113/><F133/><W129/><G129/><T20/><D75/><U123/><E123/><V124/><F124/><W54/><G71/><T80/><D104/><U6/><E6/><V95/><F113/><W65/><G1/><T22/><D76/><U77/><E77/><V3/><F3/><W37/><G33/><T103/><D103/><U56/><E134/><V127/><F127/><W83/><G83/><T92/><D80/><U34/><E34/><V55/><F66/><N who="0" m="25130" /><D16/><U117/><E43/><V72/><F72/><W52/><G81/><T11/><D11/><U106/><E106/><V84/><F84/><W111/><G111/><T19/><D19/><U60/><E36/><V53/><F2/><W112/><G37/><T99/><D86/><U98/><E98/><V58/><F7/><W82/><G112/><T44/><D99/><U13/><E13/><V30/><F14/><W0/><G0/><T35/><D96/><RYUUKYOKU ba="0,0" sc="250,-15,250,15,250,-15,250,15" hai1="41,42,45,47,48,50,56,60,117,119" hai3="5,9,15,23,26,29,52,54,62,65,82,87,91" />
</Scene>
<Scene>
<INIT seed="1,1,0,1,4,129" ten="235,265,235,265" oya="1" hai0="120,4,42,86,12,44,3,43,115,2,36,73,70" hai1="111,110,133,93,85,50,99,37,29,119,135,59,82" hai2="92,89,1,41,72,131,77,26,87,105,39,56,67" hai3="98,101,20,125,91,30,25,75,123,54,121,27,14"/><U102/><E119/><V80/><F1/><W90/><G75/><T122/><D115/><U32/><E37/><V40/><F131/><W118/><G118/><T134/><D70/><U74/><E74/><V65/><F39/><W103/><G125/><T13/><D43/><U21/><E32/><V45/><F45/><W55/><G14/><T18/><D73/><U132/><E29/><V100/><F26/><W28/><G20/><T17/><D86/><U106/><E21/><V24/><F24/><W64/><G98/><T84/><D84/><U95/><E59/><V15/><F15/><N who="0" m="5706" /><D134/><U124/><E50/><V130/><F130/><W48/><G48/><T94/><D94/><N who="1" m="35851" /><E124/><V128/><F128/><W68/><G68/><T112/><D112/><U113/><E113/><V34/><F34/><W114/><G114/><T57/><D57/><U22/><E22/><V23/><F23/><W127/><G127/><T108/><D122/><U53/><E53/><V117/><F117/><W47/><G47/><T49/><D36/><U58/><E58/><V51/><F51/><W9/><G64/><N who="2" m="24649" /><F56/><W19/><G19/><T8/><D120/><U71/><E71/><V46/><F46/><W33/><G33/><T126/><D126/><U31/><E31/><V11/><F11/><AGARI ba="1,0" hai="9,11,25,27,28,30,54,55,90,91,101,103,121,123" machi="11" ten="25,1600,0" yaku="22,2" doraHai="129" who="3" fromWho="2" sc="235,0,265,0,235,-19,265,19" />
</Scene>
<Scene>
<INIT seed="2,0,0,1,2,60" ten="235,265,216,284" oya="2" hai0="95,27,16,83,130,69,67,19,100,33,45,76,52" hai1="114,43,30,68,40,109,105,101,1,77,80,82,84" hai2="107,62,63,134,12,23,91,44,132,32,5,65,54" hai3="117,99,20,92,56,131,86,135,15,122,4,115,55"/><V133/><F32/><W89/><G122/><T129/><D100/><U42/><E1/><V102/><F91/><W70/><G117/><T8/><D95/><U14/><E114/><V59/><F102/><W98/><G70/><T124/><D124/><U11/><E68/><N who="2" m="42039" /><F107/><W103/><G115/><T57/><D69/><U17/><E30/><V118/><F118/><W51/><G131/><N who="0" m="50187" /><D45/><U25/><E25/><V49/><F5/><W120/><G120/><T85/><D67/><U21/><E105/><V13/><F23/><W39/><G39/><T112/><D8/><U87/><E101/><V108/><F108/><W64/><G64/><AGARI ba="0,0" hai="12,13,44,49,54,59,63,64,132,133,134" m="42039" machi="64" ten="30,5800,0" yaku="20,1,52,2" doraHai="60" who="2" fromWho="3" sc="235,0,265,0,216,58,284,-58" />
</Scene>
<Scene>
<INIT seed="2,1,0,2,0,21" ten="235,265,274,226" oya="2" hai0="83,39,44,66,22,126,79,20,128,70,29,110,38" hai1="9,122,33,2,92,8,31,129,68,134,90,57,104" hai2="54,106,93,87,16,26,107,23,95,119,37,0,88" hai3="36,13,132,91,12,43,123,111,72,135,76,78,117"/><V64/><F37/><W133/><G123/><T74/><D110/><U121/><E68/><V14/><F0/><W86/><G117/><T25/><D128/><U115/><E115/><V94/><F119/><W73/><G111/><T97/><D126/><U108/><E108/><V81/><F64/><W56/><G56/><T18/><D44/><U27/><E104/><V127/><F127/><W46/><G78/><T11/><D11/><U120/><E129/><V84/><F84/><W116/><G116/><T80/><D80/><U35/><E134/><V89/><F89/><W5/><G76/><T4/><D4/><U58/><E35/><V118/><F118/><W50/><G36/><T101/><D66/><U77/><E77/><V3/><F3/><W63/><G63/><T15/><REACH who="0" step="1"/><D70/><REACH who="0" ten="225,265,274,226" step="2"/><U130/><E130/><V51/><REACH who="2" step="1"/><F14/><REACH who="2" ten="225,265,264,226" step="2"/><W75/><REACH who="3" step="1"/><G5/><REACH who="3" ten="225,265,264,216" step="2"/><T47/><D47/><AGARI ba="1,3" hai="16,23,26,47,51,54,81,87,88,93,94,95,106,107" machi="47" ten="40,12000,1" yaku="1,1,2,1,52,1,54,2,53,0" doraHai="21" doraHaiUra="61" who="2" fromWho="0" sc="225,-123,265,0,264,153,216,0" />
</Scene>
<Scene>
<INIT seed="2,2,0,1,5,29" ten="102,265,417,216" oya="2" hai0="80,37,65,107,32,48,51,91,8,44,45,1,64" hai1="61,0,99,62,4,121,106,9,81,38,102,23,98" hai2="127,74,41,2,124,5,90,19,60,76,82,34,18" hai3="46,111,112,104,56,129,86,79,17,22,95,42,93"/><V71/><F90/><W67/><G104/><T20/><D32/><U31/><E121/><V70/><F41/><W78/><G111/><T43/><D107/><U133/><E38/><V53/><F2/><W101/><G129/><T59/><D20/><U55/><E133/><V125/><F5/><W33/><G33/><T28/><D28/><U116/><E116/><V123/><F123/><W97/><G112/><T66/><D1/><U84/><E99/><V120/><F120/><W108/><G108/><T52/><D8/><U49/><E31/><V89/><F89/><N who="3" m="53431" /><G46/><N who="0" m="23919" /><D91/><U68/><E68/><N who="2" m="26155" /><F34/><W50/><G42/><N who="0" m="24631" /><D80/><U69/><E69/><V73/><F73/><W57/><G79/><T117/><D117/><U12/><E23/><V15/><F15/><W132/><G78/><T63/><AGARI ba="2,0" hai="44,51,52,59,63,64,65,66" m="24631,23919" machi="63" ten="30,12000,2" yaku="35,5,54,1" doraHai="29" who="0" fromWho="0" sc="102,126,265,-32,417,-62,216,-32" />
</Scene>
<Scene>
<INIT seed="3,0,0,5,2,21" ten="228,233,355,184" oya="3" hai0="131,82,94,59,81,48,0,30,56,114,38,8,129" hai1="112,83,106,75,126,19,130,120,70,41,22,44,16" hai2="12,122,43,5,65,64,73,32,133,55,115,123,93" hai3="31,17,98,11,110,128,71,111,125,116,28,79,29"/><W101/><G116/><T62/><D38/><U4/><E106/><V47/><F73/><W24/><G71/><T52/><D114/><U33/><E33/><V7/><F115/><W119/><G119/><T42/><D30/><U23/><E70/><V13/><F32/><W60/><G79/><T88/><D8/><U76/><E120/><N who="2" m="46123" /><F55/><W27/><G60/><T58/><D0/><U2/><E126/><V15/><F93/><N who="3" m="58575" /><G125/><T87/><D42/><U69/><E69/><V107/><F107/><W37/><G37/><T18/><D18/><N who="1" m="6699" /><E112/><V67/><F133/><W34/><G34/><T63/><D63/><U127/><E127/><V66/><N who="2" m="16384" /><DORA hai="46" /><V86/><F86/><W72/><G72/><T78/><D62/><U10/><E130/><N who="0" m="49673" /><D81/><U9/><E9/><V50/><AGARI ba="0,0" hai="5,7,12,13,15,43,47,50" m="16384,46123" machi="50" ten="50,3200,0" yaku="13,1,52,1" doraHai="21,46" who="2" fromWho="2" sc="228,-8,233,-8,355,32,184,-16" />
</Scene>
<Scene>
<INIT seed="4,0,0,2,5,111" ten="220,225,387,168" oya="0" hai0="58,100,53,95,133,56,106,8,90,66,30,115,98" hai1="50,3,35,25,116,93,123,62,49,80,48,129,6" hai2="89,101,46,83,86,44,124,82,78,122,47,114,72" hai3="10,45,63,76,7,109,42,51,34,36,107,131,77"/><T108/><D108/><U127/><E123/><V28/><F122/><W102/><G109/><T85/><D133/><U37/><E37/><V12/><F28/><W26/><G131/><T13/><D30/><U120/><E120/><V91/><F101/><W59/><G34/><T125/><D125/><U71/><E116/><V81/><F12/><W119/><G119/><T99/><D66/><U121/><E80/><V61/><F61/><W135/><G135/><T64/><D64/><U1/><E62/><V39/><F39/><W68/><G26/><T33/><D33/><U11/><E3/><V88/><F124/><W57/><G57/><T87/><D58/><U73/><E73/><V17/><F17/><W67/><G102/><T103/><D103/><U52/><E71/><V110/><F110/><W128/><G107/><T97/><D97/><U20/><E35/><V32/><F32/><W55/><REACH who="3" step="1"/><G128/><REACH who="3" ten="220,225,387,158" step="2"/><T117/><D117/><U84/><E129/><V105/><F105/><W70/><G70/><T18/><D106/><U54/><E127/><V79/><F72/><W134/><G134/><T2/><D100/><U104/><E104/><V132/><F132/><W38/><G38/><T16/><D56/><U27/><E121/><V22/><F79/><W130/><G130/><T65/><D90/><N who="1" m="53447" /><E27/><V15/><F78/><W113/><G113/><T5/><D2/><AGARI ba="0,1" hai="2,7,10,36,42,45,51,55,59,63,67,68,76,77" machi="2" ten="30,7700,0" yaku="1,1,7,1,24,2,53,0" doraHai="111" doraHaiUra="92" who="3" fromWho="0" sc="220,-77,225,0,387,0,158,87" />
</Scene>
<Scene>
<INIT seed="5,0,0,2,2,10" ten="143,225,387,245" oya="1" hai0="116,29,24,39,6,94,61,82,78,43,55,107,81" hai1="57,83,122,110,3,67,123,126,124,38,88,109,84" hai2="36,64,44,13,23,102,118,33,104,30,11,42,129" hai3="70,49,127,76,106,134,92,4,46,59,87,15,32"/><U20/><E3/><V34/><F118/><W114/><G70/><T14/><D107/><U0/><E0/><V37/><F37/><W2/><G106/><T86/><D116/><U53/><E38/><V93/><F104/><W27/><G2/><T75/><D94/><U95/><E67/><V1/><F1/><W97/><G114/><T51/><D61/><U120/><E20/><V77/><F77/><W60/><G127/><N who="1" m="48682" /><E83/><V74/><F74/><W65/><G134/><T131/><D131/><U31/><E31/><V80/><F80/><N who="3" m="47495" /><G32/><T18/><D6/><U115/><E115/><V85/><F129/><W91/><G27/><T100/><D39/><U8/><E8/><V54/><F34/><W132/><G132/><T117/><D117/><U45/><E45/><V79/><F33/><W48/><G46/><T47/><D43/><U25/><E25/><V28/><F44/><W130/><G130/><T40/><D40/><U72/><E72/><V35/><F35/><W50/><G4/><T9/><D100/><U119/><E119/><V71/><F42/><W58/><G58/><T103/><D103/><U21/><E21/><V41/><F41/><W62/><G59/><T63/><D24/><U12/><E12/><V101/><F13/><W22/><G65/><T73/><D29/><U17/><E17/><AGARI ba="0,0" hai="15,17,22,48,49,50,60,62,91,92,97" m="47495" machi="17" ten="30,2000,0" yaku="8,1,52,1" doraHai="10" who="3" fromWho="1" sc="143,0,225,-20,387,0,245,20" />
</Scene>
<Scene>
<INIT seed="6,0,0,1,3,101" ten="143,205,387,265" oya="2" hai0="0,99,55,27,118,65,37,84,134,66,133,129,78" hai1="115,1,58,116,16,77,67,42,103,95,111,89,100" hai2="48,126,88,121,36,60,39,14,123,128,64,7,33" hai3="98,45,130,81,25,43,17,29,59,19,49,131,68"/><V85/><F33/><W4/><G68/><T62/><D0/><U108/><E116/><V56/><F126/><W2/><G81/><T86/><D118/><U41/><E1/><V119/><F119/><W120/><G120/><T8/><D129/><N who="3" m="49161" /><G98/><T102/><D37/><U83/><E115/><V32/><F32/><N who="3" m="20527" /><G59/><T34/><D8/><AGARI ba="0,0" hai="2,4,8,17,19,43,45,49" m="20527,49161" machi="8" ten="30,1000,0" yaku="19,1" doraHai="101" who="3" fromWho="0" sc="143,-10,205,0,387,0,265,10" />
</Scene>
<Scene>
<INIT seed="7,0,0,1,1,83" ten="133,205,387,275" oya="3" hai0="57,12,105,2,112,38,41,47,52,88,19,9,18" hai1="120,106,53,87,90,34,37,117,25,85,84,66,27" hai2="79,99,86,43,113,72,33,128,131,103,94,49,56" hai3="119,108,15,68,10,31,63,28,6,21,89,61,45"/><W109/><G119/><T4/><D112/><U11/><E106/><V48/><F33/><W82/><G45/><T130/><D130/><N who="2" m="49706" /><F113/><W59/><G68/><T14/><D105/><U95/><E120/><V51/><F72/><W40/><G40/><T132/><D132/><U70/><E37/><V22/><F22/><W102/><G102/><T16/><REACH who="0" step="1"/><D88/><REACH who="0" ten="123,205,387,275" step="2"/><U126/><E117/><V29/><F43/><W65/><G89/><T104/><D104/><U55/><E90/><N who="2" m="53591" /><F79/><W133/><G133/><T0/><D0/><U123/><E123/><V77/><F77/><W71/><G82/><T80/><D80/><U73/><E95/><N who="2" m="58879" /><F29/><W92/><G92/><T30/><D30/><U115/><E115/><V100/><F100/><W96/><G31/><T35/><D35/><U39/><E34/><V58/><AGARI ba="0,1" hai="48,49,51,56,58" m="58879,53591,49706" machi="58" ten="40,2700,0" yaku="19,1,52,1" doraHai="83" who="2" fromWho="2" sc="123,-7,205,-7,387,37,275,-13" owari="116,-38.0,198,-20.0,424,52.0,262,6.0" />
</Scene>
</mjloggm>