<mjloggm ver="2.3"><GO type="41"/><UN n0="%E7%A5%9E%E3%81%AE%E3%83%89%E3%82%A2%E3%82%92" n1="%E6%8C%AB%E6%8A%98%E7%A6%81%E6%AD%A2" n2="%E3%83%A1%E3%82%AC%E3%83%9D%E3%83%AA%E3%82%B9" n3="%E5%A4%AA%E3%81%8F%E3%81%AA%E3%81%84%E3%81%8A" dan="14,15,13,15" rate="1972,1930,1903,2058" sx="M,M,M,M"/><TAIKYOKU oya="0"/>

<Scene>
<INIT seed="0,0,0,4,2,89" ten="250,250,250,250" oya="0" hai0="52,6,70,35,38,110,14,102,113,4,107,66,135" hai1="59,11,91,128,82,7,43,36,9,106,23,37,62" hai2="108,114,12,118,40,90,130,30,22,100,121,129,73" hai3="64,31,65,125,24,83,117,44,120,34,92,58,124"/><T87/><D113/><U17/><E106/><V61/><F114/><W93/><G117/><T5/><D38/><U1/><E128/><N who="2" m="49259" /><F118/><W41/><G120/><T86/><D135/><U123/><E123/><V103/><F121/><W109/><G109/><T95/><D35/><U122/><E43/><V63/><F108/><W112/><G83/><T132/><D132/><U74/><E11/><V54/><F73/><W0/><G0/><T116/><D116/><U85/><E74/><V55/><F40/><W94/><G112/><T3/><D3/><U79/><E79/><V32/><F32/><W76/><G76/><T72/><D72/><U131/><E131/><V18/><F30/><W49/><REACH who="3" step="1"/><G58/><REACH who="3" ten="250,250,250,240" step="2"/><T56/><D110/><U111/><E111/><V39/><F39/><W78/><G78/><T104/><D70/><U81/><E122/><V101/><F90/><W60/><G60/><AGARI ba="0,1" hai="12,18,22,54,55,60,61,63,100,101,103" m="49259" machi="60" ten="30,1000,0" yaku="19,1" doraHai="89" who="2" fromWho="3" sc="250,0,250,0,250,20,240,-10" />
</Scene>
<Scene>
<INIT seed="1,0,0,4,2,28" ten="250,250,270,230" oya="1" hai0="85,21,113,109,38,32,41,10,128,66,14,47,1" hai1="69,123,80,51,124,24,44,102,18,132,26,57,40" hai2="71,83,93,34,125,63,54,101,79,108,130,5,82" hai3="126,121,7,131,107,48,11,75,98,59,20,89,115"/><U87/><E123/><V99/><F130/><W114/><G121/><T110/><D113/><U8/><E69/><V92/><F108/><W97/><G75/><T46/><D128/><U81/><E132/><V84/><F125/><W52/><G131/><T22/><D66/><U58/><E124/><V120/><F120/><W91/><G126/><T67/><D67/><U62/><E102/><V133/><F133/><W118/><G118/><T72/><D72/><U42/><E42/><V15/><F34/><W135/><G135/><T77/><D1/><U116/><E116/><V76/><F71/><W35/><G35/><T119/><D47/><U86/><E8/><V19/><F5/><W37/><G37/><T23/><D119/><U104/><E104/><V53/><F93/><W9/><G20/><T43/><D41/><U112/><E18/><V106/><F106/><W27/><G27/><N who="1" m="10282" /><E112/><V103/><F103/><W60/><G107/><T117/><D117/><U3/><E3/><V129/><F63/><W68/><G68/><T2/><D2/><U105/><E105/><V0/><F0/><W70/><G70/><T96/><D32/><U73/><E73/><V16/><F129/><W17/><G17/><N who="2" m="6729" /><F15/><W122/><G122/><T29/><D110/><U61/><E61/><V30/><F30/><W74/><G74/><T33/><D109/><U39/><E39/><V64/><F64/><N who="3" m="38943" /><G115/><T127/><D127/><U12/><E12/><V56/><F56/><N who="1" m="21609" /><E62/><V78/><F78/><W88/><G114/><T100/><D14/><U111/><E111/><V49/><F49/><W134/><G134/><RYUUKYOKU ba="0,0" sc="250,-15,250,15,270,15,230,-15" hai1="40,44,51,80,81,86,87" hai2="53,54,76,79,82,83,84,92,99,101" />
</Scene>
<Scene>
<INIT seed="1,1,0,0,0,31" ten="235,265,285,215" oya="1" hai0="43,7,5,69,89,122,32,36,110,12,53,26,98" hai1="120,126,135,28,67,111,95,37,10,22,25,123,99" hai2="113,52,0,103,134,71,88,101,102,82,128,94,86" hai3="97,45,29,118,132,133,104,106,50,34,8,87,54"/><U42/><E126/><V63/><F128/><W61/><G118/><T107/><D110/><U74/><E135/><N who="3" m="51786" /><G8/><T109/><D109/><U2/><E111/><V41/><F134/><W90/><G97/><T19/><D122/><U108/><E108/><V4/><F113/><W33/><G61/><T44/><D69/><U38/><E74/><V116/><F116/><W81/><G29/><T20/><D53/><U124/><E124/><V70/><F41/><W129/><G129/><T35/><D89/><U62/><E10/><V105/><F105/><AGARI ba="1,0" hai="33,34,45,50,54,81,87,90,104,105,106" m="51786" machi="105" ten="30,3900,0" yaku="20,1,52,2" doraHai="31" who="3" fromWho="2" sc="235,0,265,0,285,-42,215,42" />
</Scene>
<Scene>
<INIT seed="2,0,0,4,4,11" ten="235,265,243,257" oya="2" hai0="95,32,115,2,30,87,29,107,86,40,27,109,46" hai1="52,20,34,70,58,89,48,17,64,16,71,50,39" hai2="124,135,0,100,42,8,98,104,113,1,85,51,61" hai3="14,116,21,62,7,93,99,76,43,18,134,54,126"/><V77/><F113/><W38/><G116/><T56/><D109/><U101/><E34/><V49/><F135/><W41/><G134/><T80/><D115/><U125/><E39/><V75/><F75/><W36/><G126/><T132/><D107/><U82/><E125/><V88/><F124/><W92/><G76/><T55/><D132/><U119/><E119/><V10/><F77/><W91/><G7/><T118/><D118/><U31/><E101/><V110/><F110/><W6/><G6/><T60/><D2/><U79/><E64/><V45/><F51/><W96/><G38/><T74/><D30/><U13/><E31/><V69/><F10/><W78/><G78/><T130/><D130/><U68/><E89/><V114/><F114/><W24/><G36/><T97/><D80/><U37/><E37/><V26/><F26/><W117/><G117/><T12/><D74/><U103/><E103/><V131/><F131/><W94/><G24/><T72/><D72/><U84/><REACH who="1" step="1"/><E17/><REACH who="1" ten="235,255,243,257" step="2"/><V129/><F129/><W108/><G108/><T44/><D29/><U59/><E59/><V3/><F69/><W23/><G91/><T133/><D56/><U35/><E35/><V83/><F100/><W121/><G121/><T90/><D32/><U128/><E128/><V5/><F104/><W102/><G102/><T33/><D90/><U63/><AGARI ba="0,1" hai="13,16,20,48,50,52,58,63,68,70,71,79,82,84" machi="63" ten="30,16000,3" yaku="1,1,0,1,52,1,54,2,53,3" doraHai="11" doraHaiUra="66" who="1" fromWho="1" sc="235,-40,255,170,243,-80,257,-40" />
</Scene>
<Scene>
<INIT seed="3,0,0,2,3,37" ten="195,425,163,217" oya="3" hai0="116,95,104,22,90,102,110,33,34,106,32,105,21" hai1="73,59,84,103,65,88,131,60,112,17,30,50,98" hai2="86,80,13,97,57,56,92,12,41,40,11,5,2" hai3="85,109,48,114,14,36,23,93,55,89,51,62,72"/><W74/><G114/><T7/><D102/><U135/><E73/><V81/><F2/><W63/><G36/><T117/><D7/><U111/><E112/><V118/><F118/><W58/><G109/><T35/><N who="0" m="8704" /><DORA hai="9" /><T91/><D110/><U10/><E30/><V113/><F113/><W31/><G74/><T16/><D95/><U25/><E50/><V71/><F71/><W69/><G72/><T94/><D94/><U38/><E25/><V100/><F81/><W96/><G69/><T42/><D42/><N who="2" m="16490" /><F13/><W39/><G39/><T4/><D4/><U46/><E98/><V61/><F61/><N who="3" m="23051" /><G51/><T115/><D115/><U130/><E60/><V122/><F122/><W68/><G68/><T127/><D127/><U123/><E38/><V1/><F1/><W99/><G14/><T133/><D133/><U108/><E135/><V43/><N who="2" m="16498" /><V28/><DORA hai="19" /><F28/><W134/><G134/><T27/><REACH who="0" step="1"/><D22/><REACH who="0" ten="185,425,163,217" step="2"/><U49/><E111/><V3/><F3/><W67/><G67/><T121/><D121/><U77/><E65/><V132/><F132/><W87/><G99/><T64/><D64/><U6/><E108/><V45/><F45/><W82/><G82/><T70/><D70/><U129/><E46/><V8/><F8/><W125/><G125/><T44/><D44/><U20/><E10/><V78/><AGARI ba="0,1" hai="5,11,12,56,57,78,80,86,92,97,100" m="16498" machi="78" ten="30,12000,2" yaku="8,1,52,5" doraHai="37,9,19" who="2" fromWho="2" sc="185,-30,425,-30,163,130,217,-60" />
</Scene>
<Scene>
<INIT seed="4,0,0,2,4,44" ten="155,395,293,157" oya="0" hai0="21,107,53,68,25,65,28,58,127,3,129,108,115" hai1="86,60,74,70,67,69,111,116,135,18,99,66,98" hai2="130,76,121,59,51,119,96,79,48,7,31,38,113" hai3="77,55,122,26,64,19,75,100,1,52,132,71,33"/><T131/><D115/><U32/><E74/><V49/><F38/><W106/><G1/><T11/><D127/><U110/><E116/><V91/><F121/><W73/><G122/><T57/><D107/><U126/><E32/><V24/><F130/><N who="0" m="49674" /><D108/><U22/><E86/><V2/><F2/><W15/><G132/><T42/><D42/><U54/><E54/><V61/><F7/><W37/><G37/><T16/><D68/><U105/><E135/><V34/><F119/><W4/><G4/><N who="0" m="1439" /><D65/><U133/><E133/><V103/><F91/><W41/><G41/><T72/><D72/><U102/><E126/><V30/><F30/><N who="3" m="19671" /><G75/><T40/><D40/><U94/><E67/><V125/><F113/><W82/><G19/><T47/><D28/><U23/><E70/><V39/><F39/><W84/><G73/><T124/><D124/><U81/><E69/><V92/><REACH who="2" step="1"/><F125/><REACH who="2" ten="155,395,283,157" step="2"/><W50/><G100/><T88/><D88/><U97/><E102/><V27/><F27/><W17/><G77/><T45/><D58/><U112/><E111/><V29/><F29/><W10/><G71/><T87/><D87/><U85/><E110/><V118/><F118/><W36/><G84/><T80/><D80/><U134/><E81/><V114/><F114/><W62/><G82/><T104/><D104/><U78/><E105/><V89/><F89/><W120/><G106/><T93/><D93/><U20/><E94/><V35/><F35/><W123/><G36/><T46/><D57/><U0/><E112/><V117/><F117/><W12/><G123/><T8/><D8/><U95/><E85/><RYUUKYOKU ba="0,1" sc="155,15,395,-15,283,15,157,-15" hai0="16,21,25,45,46,47,53" hai2="24,31,34,48,49,51,59,61,76,79,92,96,103" />
</Scene>
<Scene>
<INIT seed="4,1,1,3,0,61" ten="170,380,298,142" oya="0" hai0="66,102,58,10,7,47,124,5,21,100,56,121,44" hai1="85,62,25,96,19,37,38,54,3,18,15,68,86" hai2="134,41,51,117,31,23,110,112,83,72,9,132,113" hai3="126,65,55,107,119,103,99,13,122,27,93,104,36"/><T120/><D124/><U97/><E3/><V81/><F110/><W30/><G119/><T131/><D21/><N who="1" m="13495" /><E38/><V135/><F117/><W53/><G36/><T129/><REACH who="0" step="1"/><D10/><REACH who="0" ten="160,380,298,142" step="2"/><N who="1" m="6647" /><E37/><V84/><F9/><W125/><G126/><T94/><D94/><U73/><E73/><V95/><F95/><W0/><G125/><T123/><D123/><U77/><E68/><V92/><F92/><W2/><G122/><T67/><AGARI ba="1,2" hai="5,7,44,47,56,58,66,67,100,102,120,121,129,131" machi="67" ten="25,18000,2" yaku="1,1,0,1,22,2,52,2,53,0" doraHai="61" doraHaiUra="64" who="0" fromWho="0" sc="160,203,380,-61,298,-61,142,-61" />
</Scene>
<Scene>
<INIT seed="4,2,0,4,4,22" ten="363,319,237,81" oya="0" hai0="9,65,55,25,2,42,117,88,93,11,102,81,127" hai1="18,104,45,34,97,61,73,60,90,19,17,116,53" hai2="13,37,40,121,51,109,105,80,49,68,24,46,118" hai3="78,125,123,85,124,64,69,92,99,110,12,7,3"/><T39/><D117/><U47/><E116/><V67/><F118/><W98/><G110/><T134/><D65/><U14/><E73/><V75/><F109/><W120/><G3/><T63/><D127/><N who="3" m="48713" /><G69/><T94/><D134/><U129/><E34/><V62/><F121/><N who="3" m="46667" /><G64/><T15/><D2/><U71/><E71/><V44/><F105/><W133/><G12/><T0/><D0/><U113/><E129/><V111/><F111/><W115/><G7/><T1/><D1/><U108/><E108/><V119/><F119/><W86/><G133/><T76/><D42/><U30/><E30/><V112/><F112/><W77/><G115/><T66/><D39/><U52/><E104/><V128/><F128/><W6/><G6/><T5/><D9/><U41/><E113/><V101/><F101/><N who="3" m="60615" /><G99/><N who="0" m="57767" /><D66/><U38/><E38/><V106/><F13/><W32/><G32/><T87/><D63/><U35/><E35/><V20/><F46/><W135/><G135/><T57/><D57/><U70/><E14/><V59/><F68/><W54/><G54/><T4/><D55/><U130/><E70/><V107/><F51/><W131/><G131/><T56/><D56/><U28/><E130/><V31/><F37/><W103/><G103/><T132/><D132/><U82/><E61/><V72/><F67/><W74/><G74/><T48/><D4/><U50/><E53/><N who="2" m="34159" /><F72/><W89/><G86/><T91/><D48/><U79/><E50/><V95/><F95/><AGARI ba="2,0" hai="77,78,85,89,95" m="60615,46667,48713" machi="95" ten="30,7700,0" yaku="18,1,13,1,34,2" doraHai="22" who="3" fromWho="2" sc="363,0,319,0,237,-83,81,83" />
</Scene>
<Scene>
<INIT seed="5,0,0,1,4,21" ten="363,319,154,164" oya="1" hai0="18,97,121,17,6,76,58,10,119,33,65,28,134" hai1="102,8,13,40,19,67,3,73,96,128,15,34,50" hai2="90,81,82,53,123,132,129,64,56,14,91,22,89" hai3="70,36,16,83,122,39,99,24,114,113,63,74,72"/><U7/><E128/><V52/><F123/><W120/><G99/><T118/><D134/><U71/><E73/><N who="3" m="28266" /><G83/><N who="2" m="31753" /><F132/><W42/><G63/><T5/><D97/><U103/><E34/><V57/><F129/><W1/><G70/><T84/><D84/><U31/><E31/><V45/><F64/><W80/><G80/><T109/><D58/><N who="2" m="22634" /><F45/><N who="3" m="23751" /><G39/><T66/><D76/><U25/><E102/><V43/><F43/><W47/><G47/><T4/><D109/><U2/><E40/><V106/><F106/><W12/><G1/><T51/><D51/><U20/><E50/><V69/><F69/><W95/><G95/><T41/><D41/><U88/><E3/><V112/><F112/><N who="3" m="43115" /><G24/><T44/><D44/><U35/><E88/><N who="2" m="22531" /><V55/><DORA hai="75" /><F22/><AGARI ba="0,0" hai="12,16,22,120,122" m="43115,23751,28266" machi="22" ten="30,2000,0" yaku="15,1,54,1" doraHai="21,75" who="3" fromWho="2" sc="363,0,319,0,154,-20,164,20" />
</Scene>
<Scene>
<INIT seed="6,0,0,1,5,14" ten="363,319,134,184" oya="2" hai0="22,61,119,80,31,124,66,23,125,92,77,120,41" hai1="95,101,55,39,45,118,12,126,86,89,7,116,53" hai2="36,64,90,19,34,70,9,6,117,79,57,112,28" hai3="102,63,108,91,25,100,67,29,72,75,88,37,58"/><V3/><F117/><W10/><G108/><T93/><D120/><U97/><E126/><N who="0" m="48745" /><D119/><U43/><E53/><V17/><F36/><W47/><G10/><T68/><D41/><U132/><E132/><V35/><F70/><W107/><G75/><N who="0" m="43071" /><D22/><U16/><E55/><V128/><F79/><W110/><G72/><T74/><D74/><U42/><E7/><V106/><F106/><W73/><G73/><T85/><D85/><U111/><E43/><V129/><F90/><N who="3" m="34347" /><G107/><T30/><D23/><U21/><REACH who="1" step="1"/><E111/><REACH who="1" ten="363,309,134,184" step="2"/><V51/><F64/><W133/><G110/><T94/><AGARI ba="0,1" hai="30,31,61,66,68,92,93,94" m="43071,48745" machi="94" ten="30,1100,0" yaku="18,1" doraHai="14" who="0" fromWho="0" sc="363,21,309,-3,134,-5,184,-3" />
</Scene>
<Scene>
<INIT seed="7,0,0,4,4,10" ten="384,306,129,181" oya="3" hai0="23,99,98,97,62,45,37,131,85,14,61,117,63" hai1="120,111,16,90,33,135,42,69,78,95,91,76,133" hai2="35,58,41,128,6,107,54,55,77,116,64,36,106" hai3="83,80,87,43,81,21,130,82,25,7,109,8,94"/><W79/><G130/><T0/><D117/><U15/><E120/><V48/><F116/><W59/><G109/><T73/><D73/><U84/><E33/><V108/><F108/><W30/><G43/><T49/><D37/><U115/><E111/><V27/><F128/><W47/><G47/><T124/><D0/><U96/><E69/><V1/><F64/><W134/><G134/><N who="1" m="51210" /><E42/><V126/><F126/><W88/><G59/><T44/><D124/><U123/><E123/><V105/><F77/><W22/><G22/><T24/><D131/><U125/><E125/><V71/><F71/><W101/><G101/><T51/><D85/><U9/><E115/><V114/><F114/><W121/><G121/><T100/><D100/><U52/><E52/><V60/><F36/><W3/><REACH who="3" step="1"/><G82/><AGARI ba="0,0" hai="9,15,16,76,78,82,84,90,91,95,96" m="51210" machi="82" ten="30,3900,0" yaku="20,1,52,1,54,1" doraHai="10" who="1" fromWho="3" sc="384,0,306,39,129,0,181,-39" owari="384,48.0,345,15.0,129,-37.0,142,-26.0" />
</Scene>
</mjloggm>