<mjloggm ver="2.3"><GO type="97"/><UN n0="%E5%A4%AA%E3%81%8F%E3%81%AA%E3%81%84%E3%81%8A" n1="%E3%82%BB%E3%83%BC%E3%83%9E%E3%82%B9" n2="%E3%81%9F%E3%81%8B%E3%81%97%EF%BC%96%EF%BC%90" n3="%6B%69%62%6F%33%31%31%36" dan="15,13,14,13" rate="2049,1841,1866,1867" sx="M,M,M,M"/><TAIKYOKU oya="0"/>

<Scene>
<INIT seed="0,0,0,1,2,106" ten="250,250,250,250" oya="0" hai0="76,15,80,131,70,12,134,6,25,20,34,68,90" hai1="79,128,100,78,28,9,44,19,52,108,116,101,96" hai2="84,111,66,29,49,43,31,120,123,21,1,48,82" hai3="37,109,10,125,135,114,124,40,103,42,62,104,122"/><T45/><D34/><U39/><E116/><V117/><F111/><W35/><G114/><T22/><D90/><U4/><E108/><V75/><F1/><W73/><G109/><T41/><D134/><U74/><E28/><V59/><F117/><W88/><G135/><T71/><D131/><U65/><E65/><V54/><F123/><W118/><G118/><T97/><D97/><U24/><E128/><V36/><F120/><W23/><G35/><T115/><D115/><U51/><E39/><V67/><F75/><W92/><G122/><T87/><D6/><U0/><E74/><V17/><F36/><W98/><G10/><T8/><D8/><U55/><E55/><V91/><F43/><W86/><G37/><T32/><D32/><U85/><E85/><V94/><F48/><W126/><G62/><T95/><D95/><U112/><E112/><V13/><F82/><W77/><G23/><T105/><D105/><U38/><E38/><V53/><REACH who="2" step="1"/><F54/><REACH who="2" ten="250,250,240,250" step="2"/><W16/><G16/><T81/><D81/><AGARI ba="0,1" hai="40,42,73,77,81,86,88,92,98,103,104,124,125,126" machi="81" ten="40,8000,1" yaku="24,2,18,1,52,1,54,1" doraHai="106" who="3" fromWho="0" sc="250,-80,250,0,240,0,250,90" />
</Scene>
<Scene>
<INIT seed="1,0,0,5,3,107" ten="170,250,240,340" oya="1" hai0="41,30,45,21,12,124,17,77,131,93,134,60,16" hai1="97,64,118,101,72,10,67,86,127,15,23,18,66" hai2="133,38,122,34,112,120,54,47,91,11,79,32,111" hai3="92,100,98,63,20,53,65,3,95,70,13,87,58"/><U33/><E118/><V49/><F111/><W132/><G3/><T94/><D124/><U96/><E127/><V129/><F112/><W109/><G132/><T135/><D131/><U24/><E33/><V99/><F129/><W115/><G109/><T51/><D30/><U39/><E39/><V59/><F133/><N who="0" m="50698" /><D77/><U1/><E1/><V89/><F11/><W113/><G113/><T110/><D110/><U81/><E72/><V117/><F117/><W108/><G108/><T8/><D60/><U43/><E43/><V0/><F0/><W26/><G115/><T76/><D76/><U85/><E85/><V35/><F79/><W128/><G128/><T46/><D46/><U71/><E71/><V25/><F25/><AGARI ba="0,0" hai="8,12,16,17,21,25,41,45,51,93,94" m="50698" machi="25" ten="30,2000,0" yaku="20,1,54,1" doraHai="107" who="0" fromWho="2" sc="170,20,250,0,240,-20,340,0" />
</Scene>
<Scene>
<INIT seed="2,0,0,3,2,120" ten="190,250,220,340" oya="2" hai0="98,88,85,127,49,129,15,134,82,53,81,58,55" hai1="93,62,97,48,126,3,87,105,130,76,67,103,22" hai2="6,36,60,75,5,8,56,33,86,52,74,63,111" hai3="4,68,16,7,72,42,39,131,73,118,61,19,92"/><V51/><F36/><W102/><G118/><T40/><D127/><U44/><E126/><V10/><F33/><W24/><G131/><T95/><D129/><U90/><E130/><V11/><F86/><W29/><G42/><T71/><D71/><U106/><E3/><V41/><F41/><W12/><G39/><T121/><D121/><U47/><E76/><V32/><F32/><W114/><G68/><T9/><D134/><U108/><E108/><V59/><F111/><W112/><G61/><T119/><D119/><U27/><E106/><V2/><F11/><W115/><G102/><T57/><D40/><U23/><E48/><V66/><REACH who="2" step="1"/><F63/><REACH who="2" ten="190,250,210,340" step="2"/><W34/><G73/><T25/><D85/><U0/><E23/><V28/><F28/><W100/><G72/><T65/><D9/><U37/><E37/><V89/><F89/><W78/><G78/><T128/><D128/><U18/><E62/><V94/><F94/><W132/><G92/><T20/><D88/><U14/><E87/><V133/><F133/><W107/><G132/><T17/><D95/><U30/><E90/><V104/><F104/><W70/><G107/><T123/><D123/><U46/><E105/><V117/><F117/><W26/><G100/><T99/><D99/><U64/><E30/><V21/><F21/><N who="3" m="13351" /><G70/><T1/><D98/><U38/><E38/><V50/><F50/><W77/><G77/><T101/><D101/><U122/><E122/><V35/><F35/><W13/><G115/><T54/><D49/><U69/><E69/><V96/><F96/><W125/><G125/><T91/><D91/><RYUUKYOKU ba="0,1" sc="190,-10,250,-10,210,30,340,-10" hai2="2,5,6,8,10,51,52,56,59,60,66,74,75" />
</Scene>
<Scene>
<INIT seed="2,1,1,2,5,74" ten="180,240,240,330" oya="2" hai0="25,94,131,111,96,68,92,11,129,34,122,31,104" hai1="71,130,119,35,91,133,52,79,116,121,123,12,17" hai2="72,108,80,23,84,110,16,21,36,0,75,66,135" hai3="90,29,67,20,4,42,51,109,2,102,78,70,46"/><V43/><F135/><W49/><G109/><N who="2" m="42089" /><F0/><W97/><G2/><T57/><D111/><U7/><E133/><V125/><F125/><W127/><G127/><T100/><D122/><N who="1" m="46603" /><E71/><V107/><F107/><W28/><G70/><T63/><D11/><U45/><E130/><N who="0" m="49673" /><D68/><U82/><E91/><V38/><F66/><AGARI ba="1,1" hai="25,31,34,57,63,66,92,94,96,100,104" m="49673" machi="66" ten="30,1000,0" yaku="19,1" doraHai="74" who="0" fromWho="2" sc="180,23,240,0,240,-13,330,0" />
</Scene>
<Scene>
<INIT seed="3,0,0,1,4,108" ten="203,240,227,330" oya="3" hai0="24,101,80,19,71,55,14,48,120,53,94,5,107" hai1="52,115,13,77,76,68,122,82,78,126,110,66,62" hai2="57,113,30,117,18,54,32,16,109,60,25,17,105" hai3="90,104,124,130,75,3,85,4,95,112,131,31,58"/><W129/><G124/><T103/><D120/><U91/><E122/><V8/><F105/><W123/><G123/><T114/><D71/><U41/><E110/><V33/><F109/><W100/><G112/><T40/><D107/><U56/><E115/><V132/><F117/><W69/><G69/><T1/><D114/><U73/><E126/><V133/><F113/><W99/><G31/><T27/><D1/><U88/><E41/><V93/><F93/><W106/><G4/><T84/><D5/><U28/><E28/><V81/><F81/><W51/><G3/><T12/><D40/><U70/><E13/><V63/><F63/><W67/><G75/><T23/><D12/><U26/><E26/><V64/><F8/><W10/><G10/><T72/><D72/><U34/><E34/><V86/><F86/><W121/><G121/><T0/><D0/><U74/><E68/><V92/><F92/><W47/><G58/><T111/><D111/><U35/><E35/><V37/><F37/><W61/><G61/><T116/><D116/><U38/><E38/><V128/><F128/><W89/><G67/><T20/><D94/><U2/><E2/><V6/><F6/><W119/><G119/><T135/><D135/><N who="2" m="51786" /><F33/><W49/><G49/><T125/><D125/><U96/><E82/><V22/><F22/><W29/><G29/><N who="0" m="17543" /><D27/><U42/><E70/><V134/><N who="2" m="51794" /><V50/><DORA hai="65" /><F50/><W97/><G106/><T46/><D55/><AGARI ba="0,0" hai="16,17,18,25,30,32,54,55,57,60,64" m="51794" machi="55" ten="50,3200,0" yaku="20,1,54,1" doraHai="108,65" who="2" fromWho="0" sc="203,-32,240,0,227,32,330,0" owari="171,-33.0,240,-16.0,259,6.0,330,43.0" />
</Scene>
</mjloggm>