<mjloggm ver="2.3"><GO type="169"/><UN n0="%E3%81%AF%E3%81%90%E3%82%8C%E3%83%9F%E3%83%B3%E3%83%88" n1="%E3%83%88%E3%83%8B%E3%83%BC%E2%99%AA%E2%99%AA" n2="%E3%81%AD%E3%81%98%E3%81%BE%E3%81%8D%E9%B3%A5%E2%88%AE" n3="%E5%A4%AA%E3%81%8F%E3%81%AA%E3%81%84%E3%81%8A" dan="16,16,16,18" rate="2090,2090,2039,2179" sx="F,M,M,M"/><TAIKYOKU oya="0"/>

<Scene>
<INIT seed="0,0,0,0,3,93" ten="250,250,250,250" oya="0" hai0="126,67,21,44,8,121,40,112,104,97,120,118,20" hai1="45,90,66,70,80,12,72,41,69,23,28,130,19" hai2="2,131,34,48,51,68,33,6,22,1,62,105,129" hai3="123,63,4,16,96,3,71,30,60,7,24,106,26"/><T10/><D118/><U59/><E130/><N who="2" m="49675" /><F105/><W75/><G75/><T84/><D112/><U74/><E74/><V32/><F22/><W98/><G123/><T76/><D67/><U39/><E28/><V5/><F62/><W43/><G43/><T111/><D126/><U101/><E101/><V31/><F31/><W65/><G3/><N who="2" m="1033" /><F68/><W124/><G124/><T13/><D111/><U94/><E80/><V127/><F127/><W100/><G63/><T79/><D84/><U108/><E72/><V85/><F85/><W109/><G109/><T99/><D104/><U135/><E108/><V27/><F27/><W64/><G64/><T15/><D40/><U73/><E73/><V119/><F119/><W91/><G26/><T83/><D83/><U110/><E110/><V95/><F95/><N who="3" m="56447" /><G16/><T49/><D49/><AGARI ba="0,0" hai="5,6,32,33,34,48,49,51" m="1033,49675" machi="49" ten="40,5200,0" yaku="28,2,19,1" doraHai="93" who="2" fromWho="0" sc="250,-52,250,0,250,52,250,0" />
</Scene>
<Scene>
<INIT seed="1,0,0,1,3,69" ten="198,250,302,250" oya="1" hai0="47,58,99,88,34,119,110,68,126,80,75,19,29" hai1="82,124,111,77,92,53,26,61,74,83,63,73,117" hai2="59,100,107,112,12,127,131,134,55,135,2,91,9" hai3="87,30,71,40,31,125,130,18,98,113,51,85,62"/><U96/><E117/><V81/><F2/><W95/><G113/><T89/><D68/><U97/><E124/><V105/><F127/><W24/><G125/><T65/><D126/><U41/><E41/><V23/><F112/><W49/><G130/><T50/><D119/><U78/><E111/><V27/><F100/><W93/><G71/><T8/><D110/><U90/><E26/><V132/><F131/><W15/><G62/><T14/><D65/><U109/><E109/><V70/><F70/><W122/><G122/><T32/><D58/><U72/><E53/><V64/><F64/><W42/><G24/><T66/><D66/><U38/><E38/><V106/><F91/><W54/><G15/><T101/><D75/><N who="1" m="43327" /><E61/><N who="2" m="36095" /><F81/><W133/><G54/><T44/><D44/><U104/><E63/><V5/><F107/><W116/><G116/><T25/><D34/><U28/><E28/><AGARI ba="0,0" hai="5,9,12,23,27,28,105,106,132,134,135" m="36095" machi="28" ten="30,1000,0" yaku="20,1" doraHai="69" who="2" fromWho="1" sc="198,0,250,-10,302,10,250,0" />
</Scene>
<Scene>
<INIT seed="2,0,0,3,1,135" ten="198,240,312,250" oya="2" hai0="101,64,54,4,102,16,40,70,131,114,120,81,28" hai1="99,122,23,121,0,85,87,91,47,45,26,1,29" hai2="86,22,98,39,7,11,132,118,53,96,72,12,110" hai3="18,74,55,51,13,130,6,49,115,15,67,19,9"/><V123/><F72/><W21/><G74/><T66/><D120/><N who="1" m="46187" /><E99/><V75/><F75/><W35/><G35/><T90/><D114/><U56/><E56/><V37/><F123/><W89/><G115/><T82/><D131/><U116/><E116/><V17/><F118/><W44/><G130/><T50/><D40/><U80/><E87/><V68/><F68/><W105/><G105/><T52/><D4/><U65/><E65/><N who="0" m="25193" /><D70/><U112/><E112/><V128/><F128/><W57/><G89/><T78/><D78/><U97/><E97/><V34/><F34/><W84/><G84/><N who="0" m="50447" /><D28/><U48/><E45/><V83/><F98/><W24/><G67/><T76/><D54/><AGARI ba="0,0" hai="0,1,23,26,29,47,48,54,80,85,91" m="46187" machi="54" ten="30,1000,0" yaku="13,1" doraHai="135" who="1" fromWho="0" sc="198,-10,240,10,312,0,250,0" />
</Scene>
<Scene>
<INIT seed="3,0,0,5,2,107" ten="188,250,312,250" oya="3" hai0="122,39,34,135,12,116,56,45,97,19,72,76,115" hai1="84,110,81,67,57,120,27,8,46,28,29,103,68" hai2="112,134,51,86,14,20,4,22,17,26,121,25,61" hai3="128,87,37,18,94,113,73,47,0,91,105,11,62"/><W109/><G113/><T35/><D122/><U77/><E120/><V23/><F121/><W125/><G105/><T36/><D116/><U6/><E68/><V41/><F112/><W16/><G128/><T60/><D115/><U114/><E114/><V24/><F134/><W95/><G125/><T131/><D135/><U124/><E124/><V30/><F61/><W70/><G73/><T2/><D2/><U55/><E103/><V106/><F106/><W38/><G109/><T3/><D3/><U90/><E110/><V66/><F66/><W88/><G70/><T79/><D131/><U85/><E67/><V65/><F65/><W58/><G0/><T53/><D97/><U7/><E46/><N who="2" m="26063" /><F86/><W129/><G129/><T80/><D79/><U98/><E98/><V49/><F49/><W111/><G111/><T71/><D71/><U54/><E8/><N who="2" m="4359" /><F30/><W118/><G118/><T100/><D100/><U132/><E132/><V52/><F52/><N who="1" m="20009" /><E57/><V1/><F1/><W130/><G130/><T126/><D126/><U21/><E29/><V78/><F78/><W44/><G58/><T108/><D108/><U93/><AGARI ba="0,0" hai="6,7,21,27,28,77,81,84,85,90,93" m="20009" machi="93" ten="30,2000,0" yaku="8,1,54,1" doraHai="107" who="1" fromWho="1" sc="188,-5,250,20,312,-5,250,-10" />
</Scene>
<Scene>
<INIT seed="4,0,0,2,3,108" ten="183,270,307,240" oya="0" hai0="64,0,57,122,35,18,71,123,29,60,103,44,52" hai1="49,72,104,85,76,61,88,39,24,33,12,124,107" hai2="50,1,131,102,111,112,54,43,97,74,34,117,127" hai3="20,89,134,3,56,126,2,73,94,86,37,22,58"/><T53/><D0/><U128/><E39/><V42/><F111/><W95/><G37/><T63/><D103/><U96/><E128/><V14/><F1/><W130/><G73/><T99/><D99/><U21/><E33/><V116/><F74/><W9/><G130/><T110/><D110/><U17/><E124/><V135/><F34/><W80/><G126/><T125/><D125/><U78/><E78/><V55/><F131/><W121/><G134/><T87/><D18/><U10/><E96/><V114/><F127/><W16/><G121/><N who="0" m="46091" /><D87/><U19/><E61/><V92/><F14/><N who="3" m="7247" /><G2/><T106/><D106/><U81/><REACH who="1" step="1"/><E49/><REACH who="1" ten="183,260,307,240" step="2"/><V129/><F129/><W25/><G3/><T46/><D35/><U6/><E6/><V98/><F50/><W40/><G86/><T15/><D15/><U113/><E113/><N who="2" m="43627" /><F135/><W38/><G38/><T132/><D132/><U90/><E90/><V30/><F98/><W133/><G89/><T118/><D118/><N who="2" m="45674" /><F30/><W79/><G133/><T66/><D29/><U47/><E47/><AGARI ba="0,1" hai="44,46,47,52,53,57,60,63,64,66,71" m="46091" machi="47" ten="30,5800,0" yaku="34,2,54,1" doraHai="108" who="0" fromWho="1" sc="183,68,260,-58,307,0,240,0" />
</Scene>
<Scene>
<INIT seed="4,1,0,2,1,55" ten="251,202,307,240" oya="0" hai0="50,77,43,69,26,124,90,111,61,98,76,89,35" hai1="131,41,34,94,46,133,117,13,105,73,17,120,3" hai2="38,66,115,109,70,67,54,0,96,19,132,27,63" hai3="100,14,47,75,97,114,127,37,82,8,79,30,68"/><T4/><D124/><U21/><E105/><V52/><F0/><W72/><G68/><T108/><D4/><U60/><E73/><V119/><F109/><N who="0" m="42058" /><D69/><U118/><E120/><V42/><F115/><W64/><G114/><T7/><D7/><U81/><E34/><V122/><F122/><W58/><G127/><T87/><D61/><U110/><E3/><V16/><F67/><W113/><G113/><T2/><D2/><U6/><E6/><V85/><F132/><W25/><G37/><T23/><D35/><U53/><E110/><V116/><F96/><W123/><G47/><N who="0" m="25983" /><D98/><U22/><E133/><V104/><F85/><W12/><G123/><T112/><D112/><U86/><E94/><V95/><F95/><N who="3" m="58431" /><G72/><T24/><D26/><U134/><E134/><V15/><F27/><W28/><G25/><T91/><D87/><U18/><E131/><V39/><F104/><W125/><G125/><T9/><D9/><U129/><E129/><V31/><F31/><AGARI ba="1,0" hai="23,24,31,76,77,89,90,91" m="25983,42058" machi="31" ten="30,1500,0" yaku="10,1" doraHai="55" who="0" fromWho="2" sc="251,18,202,0,307,-18,240,0" />
</Scene>
<Scene>
<INIT seed="4,2,0,4,5,48" ten="269,202,289,240" oya="0" hai0="133,78,31,55,1,119,40,104,99,93,4,71,17" hai1="108,114,73,65,63,67,32,126,94,30,11,13,0" hai2="15,85,129,27,77,121,102,47,60,135,109,18,69" hai3="97,83,98,58,34,86,45,36,49,39,105,52,101"/><T44/><D119/><U95/><E73/><V29/><F109/><W10/><G34/><T122/><D122/><U120/><E108/><V80/><F121/><W100/><G10/><T125/><D104/><U116/><E116/><V61/><F102/><W56/><G56/><T131/><D71/><U128/><E120/><V76/><F76/><W25/><G25/><T62/><D131/><U106/><E106/><V90/><F129/><W91/><REACH who="3" step="1"/><G58/><REACH who="3" ten="269,202,289,230" step="2"/><T82/><D133/><U89/><E11/><N who="2" m="6527" /><F27/><W20/><G20/><T42/><D125/><U112/><E32/><V53/><F135/><W115/><G115/><T22/><D1/><U123/><E126/><V84/><F69/><W59/><G59/><T118/><D118/><U127/><E0/><V74/><F61/><W5/><G5/><T57/><D4/><U14/><E63/><V54/><F60/><W6/><G6/><T81/><D31/><U72/><E30/><V21/><F21/><W9/><G9/><T26/><D44/><U3/><E3/><V7/><F47/><W88/><G88/><N who="0" m="55719" /><D78/><U66/><E127/><V68/><F77/><W132/><G132/><T110/><D110/><U64/><E114/><V37/><F29/><W79/><G79/><T51/><D51/><U107/><E112/><V43/><F7/><W111/><G111/><T134/><D134/><U87/><E123/><V41/><F68/><W124/><G124/><T70/><D70/><U46/><E46/><V96/><F90/><W75/><G75/><T92/><D26/><U16/><N who="1" m="16384" /><DORA hai="38" /><U35/><E89/><V28/><F28/><RYUUKYOKU ba="2,1" sc="269,-10,202,-10,289,-10,230,30" hai3="36,39,45,49,52,83,86,91,97,98,100,101,105" />
</Scene>
<Scene>
<INIT seed="5,3,1,0,2,20" ten="259,192,279,260" oya="1" hai0="80,52,27,122,3,48,123,54,18,108,21,55,129" hai1="47,19,76,96,110,12,128,70,32,25,39,35,11" hai2="72,85,84,43,112,8,14,29,5,98,105,2,77" hai3="120,87,90,7,78,99,56,37,0,42,91,88,104"/><U86/><E70/><V125/><F125/><W10/><G120/><N who="0" m="46123" /><D108/><U38/><E110/><V40/><F112/><W58/><G104/><T126/><D126/><U4/><E128/><V67/><F67/><W65/><G99/><T117/><D117/><U100/><E35/><V111/><F111/><W33/><G33/><T114/><D114/><U94/><E47/><V116/><F72/><W53/><G65/><T133/><D129/><U34/><E34/><V9/><F116/><W68/><G68/><T62/><D133/><U69/><E69/><V71/><F29/><W79/><G87/><T101/><D3/><U57/><E57/><V132/><F71/><W31/><G31/><T106/><D80/><U45/><E45/><V15/><F2/><W81/><G81/><T1/><D1/><U51/><E51/><V60/><F77/><W121/><G121/><T115/><D115/><U36/><E32/><V83/><F83/><W92/><G92/><T97/><D62/><U74/><E74/><V134/><F60/><W17/><G17/><T13/><D13/><U61/><E61/><V75/><F75/><W64/><G64/><T103/><D101/><U73/><E73/><V28/><F28/><W22/><G78/><T135/><D135/><U50/><E50/><AGARI ba="3,1" hai="18,21,27,48,50,52,54,55,97,103,106" m="46123" machi="50" ten="30,3900,0" yaku="13,1,52,1,54,1" doraHai="20" who="0" fromWho="1" sc="259,58,192,-48,279,0,260,0" />
</Scene>
<Scene>
<INIT seed="6,0,0,0,0,99" ten="317,144,279,260" oya="2" hai0="103,84,116,13,38,117,10,97,109,125,102,79,25" hai1="86,77,15,11,107,129,54,31,118,33,18,105,108" hai2="67,19,87,8,104,90,69,61,135,93,95,64,122" hai3="98,134,110,85,74,72,82,88,81,119,35,71,55"/><V127/><F122/><W75/><G35/><T41/><D109/><U100/><E118/><N who="0" m="45673" /><D125/><U106/><E108/><V114/><F104/><W12/><G119/><T96/><D25/><U23/><E129/><V133/><F127/><W27/><G110/><T60/><D60/><U131/><E131/><V50/><F67/><W91/><G71/><T65/><D65/><U120/><E120/><V29/><F29/><W89/><G27/><T113/><D113/><U94/><E33/><V121/><F121/><W30/><G30/><T63/><D63/><U43/><E43/><V36/><F36/><W59/><G12/><T9/><D84/><U32/><E32/><V4/><F19/><W3/><G3/><T21/><D79/><U52/><E77/><V78/><F78/><W57/><G134/><N who="2" m="51209" /><F50/><W14/><G74/><T58/><D58/><U5/><E31/><V48/><F48/><W40/><G59/><T26/><D38/><U132/><E132/><V112/><F95/><W37/><G75/><T51/><D51/><U111/><E111/><V44/><F44/><W34/><G72/><T20/><D41/><U28/><E28/><V53/><F53/><W128/><G40/><T66/><D66/><U80/><E80/><V45/><F45/><W1/><G82/><T42/><D42/><U83/><E83/><V39/><F39/><W47/><G47/><T73/><D73/><U101/><E86/><V130/><F130/><W92/><G37/><T56/><D56/><U22/><E94/><V17/><F17/><W16/><G128/><T2/><D2/><AGARI ba="0,0" hai="2,4,8,61,64,69,87,90,93,112,114" m="51209" machi="2" ten="30,1500,0" yaku="20,1" doraHai="99" who="2" fromWho="0" sc="317,-15,144,0,279,15,260,0" />
</Scene>
<Scene>
<INIT seed="6,1,0,5,0,123" ten="302,144,294,260" oya="2" hai0="14,60,105,122,59,78,79,74,77,48,67,44,17" hai1="47,121,134,135,55,130,110,113,88,6,26,87,36" hai2="91,29,115,62,94,132,126,97,18,86,71,31,109" hai3="100,98,4,35,95,125,57,53,58,41,10,76,21"/><V93/><F115/><W40/><G35/><T64/><D105/><U114/><E6/><V49/><F132/><N who="1" m="50729" /><E26/><V131/><F131/><W128/><G128/><T2/><D2/><U84/><E130/><V22/><F126/><W27/><G76/><T54/><D122/><U129/><E129/><V80/><F94/><W52/><G125/><T28/><D74/><U12/><E121/><V50/><F71/><W133/><G133/><T108/><D108/><U9/><E36/><V119/><F62/><W96/><G96/><T30/><REACH who="0" step="1"/><D67/><REACH who="0" ten="292,144,294,260" step="2"/><U38/><E110/><V127/><F109/><W20/><G100/><T92/><D92/><U99/><E38/><V118/><F127/><W81/><G95/><T66/><D66/><U33/><E33/><V34/><F34/><W111/><G111/><T16/><D16/><N who="1" m="8207" /><E55/><V42/><F119/><W24/><G52/><T106/><D106/><U15/><E15/><N who="2" m="9567" /><F118/><W102/><G53/><T75/><D75/><U1/><E1/><V11/><F42/><W70/><G41/><T63/><D63/><U89/><E99/><V56/><F11/><AGARI ba="1,1" hai="11,14,17,28,30,44,48,54,59,60,64,77,78,79" machi="11" ten="40,2600,0" yaku="1,1,8,1,53,0" doraHai="123" doraHaiUra="90" who="0" fromWho="2" sc="292,39,144,0,294,-29,260,0" />
</Scene>
<Scene>
<INIT seed="7,0,0,5,5,113" ten="331,144,265,260" oya="3" hai0="15,4,37,92,117,32,8,90,105,85,17,34,5" hai1="64,114,77,51,12,21,10,103,47,56,2,38,87" hai2="80,81,75,99,6,100,67,123,20,11,79,57,72" hai3="9,119,124,110,28,130,133,66,111,78,40,69,89"/><W61/><G78/><T13/><D117/><U104/><E38/><V88/><F123/><W108/><G133/><T54/><D105/><U127/><E2/><V52/><F67/><W120/><G120/><T35/><D37/><U58/><E114/><V96/><F20/><W82/><G130/><T25/><D54/><U97/><E127/><V18/><F18/><W134/><G134/><T7/><REACH who="0" step="1"/><D15/><REACH who="0" ten="321,144,265,260" step="2"/><U112/><E112/><V14/><F99/><W19/><G124/><T84/><D84/><U0/><E0/><V41/><F41/><W73/><G19/><T71/><D71/><U33/><E64/><V106/><F75/><W129/><G89/><T3/><D3/><U22/><E33/><V24/><F88/><W76/><G9/><T68/><D68/><U107/><E107/><V53/><F24/><AGARI ba="0,1" hai="4,5,7,8,13,17,24,25,32,34,35,85,90,92" machi="24" ten="50,1600,0" yaku="1,1,53,0" doraHai="113" doraHaiUra="63" who="0" fromWho="2" sc="321,26,144,0,265,-16,260,0" owari="347,45.0,144,-36.0,249,-15.0,260,6.0" />
</Scene>
</mjloggm>