<mjloggm ver="2.3"><GO type="97"/><UN n0="%E5%BE%A1%E5%9D%82%E3%82%B9%E3%83%8D%E3%82%A4%E3%82%AF" n1="%E3%82%AB%E3%83%B3%E3%83%87%E3%83%B3%E3%83%A4%E3%83%9E%E3%83%8D%E3%82%B3" n2="%E8%A6%AA%E6%8C%87%E7%BE%A4%E9%9D%92" n3="%E5%A4%AA%E3%81%8F%E3%81%AA%E3%81%84%E3%81%8A" dan="13,14,15,14" rate="1882,1917,1948,2036" sx="M,F,M,M"/><TAIKYOKU oya="0"/>

<Scene>
<INIT seed="0,0,0,0,3,95" ten="250,250,250,250" oya="0" hai0="22,57,113,47,36,42,11,81,30,10,66,79,67" hai1="12,60,69,55,82,119,18,133,59,88,125,23,15" hai2="43,129,103,135,33,63,61,35,62,2,54,128,102" hai3="26,37,132,105,3,68,108,91,104,58,50,127,74"/><T93/><D113/><U83/><E119/><V28/><F2/><W107/><G37/><T90/><D10/><U134/><E125/><V13/><F43/><W71/><G3/><T27/><D11/><U117/><E69/><V89/><F135/><N who="1" m="51721" /><E117/><V116/><F116/><W24/><G132/><T53/><D53/><U99/><E12/><V84/><F13/><W5/><G5/><T70/><D57/><U115/><E115/><V120/><F120/><W14/><G74/><T29/><D29/><U0/><E0/><V77/><F77/><W96/><G127/><T72/><REACH who="0" step="1"/><D70/><REACH who="0" ten="240,250,250,250" step="2"/><U126/><E126/><V49/><F28/><W25/><G71/><T94/><D94/><AGARI ba="0,1" hai="15,18,23,55,59,60,82,83,88,94,99" m="51721" machi="94" ten="30,3900,0" yaku="20,1,52,1,54,1" doraHai="95" who="1" fromWho="0" sc="240,-39,250,49,250,0,250,0" />
</Scene>
<Scene>
<INIT seed="1,0,0,4,3,5" ten="201,299,250,250" oya="1" hai0="120,68,66,74,96,31,41,129,2,92,12,51,42" hai1="83,40,11,93,89,37,73,78,45,32,88,117,128" hai2="113,105,127,95,65,80,9,10,71,69,64,49,82" hai3="15,130,23,50,58,110,36,70,56,101,4,21,22"/><U133/><E117/><V25/><F49/><W52/><G70/><T19/><D2/><U109/><E32/><V118/><F118/><W107/><G36/><T77/><D74/><U97/><E128/><V7/><F105/><W119/><G119/><T125/><D129/><U85/><E133/><V43/><F43/><W106/><G130/><T114/><D77/><U1/><E109/><V17/><F95/><W16/><G110/><T81/><D114/><U123/><E123/><V46/><F46/><W79/><G79/><T13/><D81/><U75/><E75/><V87/><F113/><W39/><G39/><T55/><D120/><U24/><E24/><V116/><F116/><W76/><G76/><T112/><D112/><U108/><E108/><V115/><F115/><W26/><G58/><T62/><D31/><U47/><E47/><V72/><F72/><W53/><G53/><T54/><D125/><U100/><E85/><V121/><F87/><W14/><G107/><T86/><D86/><U30/><E30/><V0/><F127/><W57/><G57/><T126/><D126/><U122/><E122/><V60/><F121/><W103/><G106/><T90/><D13/><N who="3" m="4617" /><G4/><AGARI ba="0,0" hai="1,4,11,37,40,45,73,78,83,88,89,93,97,100" machi="4" ten="40,12000,1" yaku="25,2,52,1,54,1" doraHai="5" who="1" fromWho="3" sc="201,0,299,120,250,0,250,-120" />
</Scene>
<Scene>
<INIT seed="1,1,0,2,5,7" ten="201,419,250,130" oya="1" hai0="37,74,119,45,116,120,40,59,41,118,124,62,24" hai1="21,70,125,39,111,60,110,67,102,117,44,127,83" hai2="63,20,1,81,27,36,43,68,121,92,42,99,19" hai3="90,122,126,10,0,22,30,18,130,2,11,76,29"/><U54/><E102/><V101/><F121/><W134/><G76/><T5/><D74/><U35/><E35/><V25/><F1/><N who="3" m="619" /><G90/><T104/><D104/><U9/><E21/><V98/><F36/><W135/><G122/><T86/><D120/><U131/><E83/><V17/><F81/><W38/><G38/><T96/><D24/><U133/><E9/><N who="3" m="3082" /><G126/><N who="1" m="48138" /><E117/><V58/><F68/><W28/><G130/><T55/><D5/><U109/><E133/><N who="3" m="50698" /><G30/><T105/><D105/><U13/><E13/><AGARI ba="1,0" hai="13,18,22,28,29" m="50698,3082,619" machi="13" ten="30,12000,2" yaku="20,1,34,2,52,3" doraHai="7" who="3" fromWho="1" sc="201,0,419,-123,250,0,130,123" />
</Scene>
<Scene>
<INIT seed="2,0,0,3,0,83" ten="201,296,250,253" oya="2" hai0="132,29,72,117,62,103,112,14,63,45,38,60,18" hai1="8,111,41,131,100,23,59,108,10,114,79,89,91" hai2="31,28,88,13,15,50,2,133,118,33,22,70,105" hai3="36,134,92,110,57,93,0,125,129,67,12,48,39"/><V94/><F105/><W119/><G0/><T1/><D1/><U27/><E114/><V101/><F118/><W116/><G12/><T49/><D112/><U122/><E122/><V4/><F70/><W90/><G93/><T56/><D117/><U44/><E100/><V115/><F115/><W35/><G35/><T97/><D72/><U77/><E59/><V43/><F33/><W76/><G76/><N who="1" m="29258" /><E131/><V21/><F133/><W68/><G68/><T40/><D29/><N who="2" m="11338" /><F2/><W46/><G39/><T98/><D98/><U54/><E41/><V25/><F101/><W53/><G129/><T106/><D132/><U66/><E66/><V109/><F109/><N who="1" m="42057" /><E54/><V11/><F15/><W126/><G134/><T17/><REACH who="0" step="1"/><D14/><REACH who="0" ten="191,296,250,253" step="2"/><U47/><E27/><V107/><F25/><W52/><G110/><T75/><D75/><U86/><E23/><V6/><F107/><W130/><G130/><T74/><D74/><U51/><E91/><V30/><F30/><W124/><G116/><T96/><D96/><U71/><E71/><V135/><F135/><W120/><G119/><T16/><D16/><U123/><E123/><V127/><F6/><W113/><G113/><T7/><D7/><U80/><E51/><V3/><F3/><W73/><G73/><T65/><D65/><U9/><AGARI ba="0,1" hai="8,9,10,44,47,80,86,89" m="42057,29258" machi="9" ten="40,2700,0" yaku="14,1,52,1" doraHai="83" who="1" fromWho="1" sc="191,-7,296,37,250,-13,253,-7" />
</Scene>
<Scene>
<INIT seed="3,0,0,5,3,135" ten="184,333,237,246" oya="3" hai0="75,45,73,117,17,13,120,78,94,63,20,130,6" hai1="15,23,48,69,113,84,46,107,129,41,83,11,61" hai2="85,66,127,77,43,40,56,62,22,110,53,112,30" hai3="9,54,19,100,96,18,7,134,28,25,99,65,81"/><W24/><G134/><T114/><D114/><U67/><E129/><V76/><F112/><W87/><G65/><T74/><D130/><U59/><E113/><V71/><F127/><W119/><G119/><T90/><D120/><U125/><E125/><V49/><F110/><W26/><G28/><T0/><D117/><U98/><E23/><V128/><F128/><W122/><G122/><T64/><D78/><N who="1" m="46199" /><E107/><V86/><F85/><W123/><G54/><T72/><N who="0" m="18432" /><DORA hai="55" /><T133/><D133/><U16/><E69/><V12/><F77/><W21/><G19/><T121/><D121/><U102/><E98/><V111/><F111/><W131/><G131/><T32/><D32/><U34/><E34/><V2/><F2/><W79/><G123/><T3/><D45/><U109/><E109/><V103/><F103/><AGARI ba="0,0" hai="11,15,16,41,46,48,59,61,67,102,103" m="46199" machi="103" ten="30,3900,0" yaku="8,1,52,1,54,1" doraHai="135,55" who="1" fromWho="2" sc="184,0,333,39,237,-39,246,0" owari="184,-32.0,372,47.0,198,-20.0,246,5.0" />
</Scene>
</mjloggm>