<mjloggm ver="2.3"><GO type="169" lobby="0"/><UN n0="%E5%A4%AA%E3%81%8F%E3%81%AA%E3%81%84%E3%81%8A" n1="%E3%83%96%E3%83%BC%E3%83%BC%E3%83%BC%E3%83%B3" n2="%E5%B7%9D%E4%BA%95" n3="%E3%81%94%E3%81%98%E3%82%83%E3%82%8B" dan="18,16,16,19" rate="2239.98,2098.50,2007.61,2261.14" sx="F,M,M,M"/><TAIKYOKU oya="0"/>

<Scene>
<INIT seed="0,0,0,0,3,131" ten="250,250,250,250" oya="0" hai0="90,73,4,119,26,27,25,75,67,45,32,86,87" hai1="14,47,1,93,56,112,55,10,82,63,92,54,114" hai2="20,120,38,100,42,34,123,19,7,135,99,61,59" hai3="64,117,21,80,111,65,69,8,96,133,128,97,36"/><T130/><D119/><U39/><E1/><V71/><F34/><W103/><G117/><T35/><D67/><U118/><E118/><V23/><F71/><W78/><G36/><T102/><D102/><U91/><E39/><V106/><F7/><W16/><G128/><T125/><D130/><U51/><E114/><V79/><F79/><W109/><G8/><T29/><D4/><U22/><E22/><V104/><F104/><W13/><G97/><T124/><D45/><U30/><E30/><V74/><F74/><N who="0" m="28170" /><D29/><U9/><E112/><V88/><F23/><W18/><G69/><T49/><D49/><U40/><E40/><V134/><F88/><W3/><G3/><T108/><D108/><U12/><E82/><V43/><F38/><W6/><G6/><T95/><D87/><U110/><E110/><V101/><F100/><W68/><G68/><T83/><D83/><U122/><E122/><V41/><F123/><W17/><G111/><T85/><D85/><N who="1" m="52335" /><E93/><V70/><F70/><W89/><G89/><T0/><D0/><U37/><E37/><V84/><F84/><N who="3" m="48151" /><G109/><T126/><AGARI ba="0,0" hai="25,26,27,32,35,86,90,95,124,125,126" m="28170" machi="126" ten="40,2100,0" yaku="18,1" doraHai="131" who="0" fromWho="0" sc="250,21,250,-7,250,-7,250,-7" />
</Scene>
<Scene>
<INIT seed="0,1,0,4,2,106" ten="271,243,243,243" oya="0" hai0="43,54,15,101,25,6,34,39,12,22,35,51,120" hai1="57,118,66,1,119,105,127,92,84,90,0,61,88" hai2="80,89,3,86,2,78,70,83,63,30,24,62,111" hai3="50,69,82,47,71,129,112,36,8,113,32,107,42"/><T64/><D120/><U27/><E127/><V85/><F111/><W29/><G129/><T122/><D122/><U95/><E105/><V16/><F63/><W26/><G50/><T87/><D64/><U100/><E100/><V18/><F2/><W131/><G131/><T130/><D130/><U65/><E27/><V124/><F3/><W52/><G52/><T116/><D116/><U96/><REACH who="1" step="1"/><E65/><REACH who="1" ten="271,233,243,243" step="2"/><V108/><F124/><W104/><G104/><T19/><D101/><U49/><E49/><V77/><F108/><W128/><G107/><T115/><D25/><U132/><E132/><V91/><F62/><W4/><G128/><T48/><D48/><U117/><AGARI ba="1,1" hai="0,1,57,61,66,84,88,90,92,95,96,117,118,119" machi="117" ten="30,4000,0" yaku="1,1,0,1,54,1,53,0" doraHai="106" doraHaiUra="109" who="1" fromWho="1" sc="271,-21,233,53,243,-11,243,-11" />
</Scene>
<Scene>
<INIT seed="1,0,0,2,3,91" ten="250,286,232,232" oya="1" hai0="24,132,135,41,128,46,93,134,40,21,4,43,92" hai1="102,68,39,33,89,37,114,67,84,3,58,42,51" hai2="10,94,5,35,113,127,2,129,28,15,124,17,19" hai3="110,96,65,23,121,125,95,57,122,25,62,126,119"/><U22/><E33/><V82/><F82/><W60/><G110/><T49/><D4/><U109/><E114/><V9/><F94/><N who="0" m="36458" /><D128/><U53/><E3/><V74/><F74/><W75/><G75/><T0/><D0/><U130/><E102/><V85/><F85/><W44/><G119/><T56/><D56/><U50/><E130/><V12/><F129/><W20/><G44/><T34/><D34/><U59/><E22/><V98/><F98/><W117/><G117/><T55/><D55/><N who="1" m="32119" /><E84/><V71/><F71/><W16/><G23/><T107/><D107/><U63/><E89/><V116/><F116/><W83/><G83/><T88/><D88/><U27/><E27/><N who="2" m="18847" /><F113/><W69/><G69/><T32/><D32/><U133/><E109/><V61/><F61/><W1/><G62/><T45/><D49/><U31/><E39/><V11/><AGARI ba="0,0" hai="2,5,9,10,11,12,15,17,19,124,127" m="18847" machi="11" ten="30,2000,0" yaku="34,2" doraHai="91" who="2" fromWho="2" sc="250,-5,286,-10,232,20,232,-5" />
</Scene>
<Scene>
<INIT seed="2,0,0,3,0,0" ten="245,276,252,227" oya="2" hai0="87,56,60,114,54,133,58,83,36,135,48,2,73" hai1="85,4,40,37,93,18,109,116,55,127,53,118,50" hai2="65,32,21,74,59,110,95,106,42,29,28,97,71" hai3="129,101,39,22,120,78,130,16,112,14,99,86,8"/><V41/><F74/><W94/><G39/><T25/><D114/><U77/><E37/><V31/><F71/><W128/><G120/><T115/><D115/><U6/><E127/><V27/><F106/><W69/><G69/><T12/><D2/><U3/><E3/><V63/><F110/><W105/><G112/><T92/><D36/><U119/><E109/><V33/><F32/><W82/><REACH who="3" step="1"/><G22/><REACH who="3" ten="245,276,252,217" step="2"/><T113/><D113/><U90/><E119/><V68/><F68/><W70/><G70/><T104/><D133/><U132/><E132/><V121/><F121/><W45/><G45/><T89/><D135/><U23/><E118/><V17/><REACH who="2" step="1"/><F33/><REACH who="2" ten="245,276,242,217" step="2"/><W102/><G102/><AGARI ba="0,2" hai="17,21,27,28,29,31,41,42,59,63,65,95,97,102" machi="102" ten="40,7700,0" yaku="1,1,2,1,8,1,53,0" doraHai="0" doraHaiUra="64" who="2" fromWho="3" sc="245,0,276,0,242,97,217,-77" />
</Scene>
<Scene>
<INIT seed="2,1,0,5,4,20" ten="245,276,339,140" oya="2" hai0="32,49,108,129,102,83,132,106,111,18,12,70,43" hai1="118,27,112,55,3,90,23,95,4,16,93,7,54" hai2="62,44,48,134,10,94,80,104,19,130,41,22,135" hai3="116,73,31,87,123,60,37,76,81,92,38,51,69"/><V8/><F104/><W88/><G116/><T66/><D32/><U50/><E118/><V77/><F130/><W96/><G123/><T98/><D129/><U85/><E112/><V109/><F94/><W35/><G51/><T2/><D2/><U47/><E3/><V115/><F115/><W100/><G69/><T25/><D132/><N who="2" m="50730" /><F62/><W42/><G60/><N who="0" m="40263" /><D83/><U56/><REACH who="1" step="1"/><E95/><REACH who="1" ten="245,266,339,140" step="2"/><V127/><F109/><W113/><G113/><T63/><D108/><U34/><E34/><V17/><F127/><W110/><G110/><T91/><D111/><U114/><E114/><V36/><F36/><W97/><G97/><T24/><D98/><U89/><E89/><V52/><F41/><W126/><G42/><T84/><D91/><U13/><E13/><N who="2" m="9583" /><F17/><W99/><G126/><T1/><D18/><U121/><E121/><V107/><F107/><N who="3" m="63879" /><G99/><T9/><D106/><U124/><E124/><V5/><F5/><W61/><G61/><AGARI ba="1,1" hai="4,7,16,23,27,47,50,54,55,56,61,85,90,93" machi="61" ten="30,8000,1" yaku="1,1,7,1,8,1,52,1,54,1,53,0" doraHai="20" doraHaiUra="128" who="1" fromWho="3" sc="245,0,266,93,339,0,140,-83" />
</Scene>
<Scene>
<INIT seed="3,0,0,5,4,31" ten="245,359,339,57" oya="3" hai0="101,66,114,0,49,22,17,68,105,94,19,92,121" hai1="96,51,53,111,118,108,32,69,123,33,20,18,38" hai2="109,60,2,130,85,127,29,78,41,7,65,14,116" hai3="100,1,89,58,62,97,76,6,117,125,104,52,115"/><W46/><G115/><T72/><D121/><U93/><E123/><V74/><F74/><W26/><G117/><T75/><D0/><U55/><E38/><V23/><F116/><W71/><G125/><T83/><D105/><U98/><E69/><V79/><F41/><W133/><G133/><T25/><D114/><U11/><E118/><V95/><F127/><W113/><G113/><T9/><D101/><N who="1" m="60559" /><E11/><V131/><F2/><W61/><G76/><T126/><D83/><U134/><E98/><V39/><F39/><W21/><G46/><T120/><D120/><U103/><E103/><V40/><F40/><W128/><G128/><T13/><D75/><U81/><E81/><V28/><F28/><W3/><G6/><T47/><D72/><U4/><E4/><V59/><F109/><N who="1" m="42057" /><E134/><V42/><F42/><W64/><REACH who="3" step="1"/><G89/><REACH who="3" ten="245,359,339,47" step="2"/><T86/><D126/><U48/><E48/><V90/><F7/><W44/><G44/><T88/><D47/><N who="1" m="27903" /><E55/><V27/><F130/><W84/><G84/><T34/><D49/><U12/><AGARI ba="0,1" hai="12,18,20,32,33" m="27903,42057,60559" machi="12" ten="30,4000,0" yaku="14,1,52,2" doraHai="31" who="1" fromWho="1" sc="245,-10,359,50,339,-10,47,-20" />
</Scene>
<Scene>
<INIT seed="4,0,0,3,3,43" ten="235,409,329,27" oya="0" hai0="3,86,27,96,48,69,93,81,110,18,115,66,20" hai1="112,62,89,90,114,42,121,120,104,67,23,16,39" hai2="34,56,128,85,94,72,22,26,50,37,38,80,84" hai3="131,60,87,91,17,76,9,55,0,70,88,59,46"/><T118/><D118/><U11/><E104/><V57/><F34/><W31/><G131/><T25/><D3/><U133/><E11/><V12/><F128/><W24/><G70/><T41/><D115/><N who="1" m="44075" /><E133/><V28/><F72/><W8/><G76/><N who="0" m="46375" /><D69/><N who="1" m="42231" /><E42/><V47/><F38/><W32/><G0/><T6/><D110/><U63/><E63/><V40/><F37/><W134/><G134/><T109/><D109/><U127/><E39/><V113/><F113/><W105/><G105/><T52/><D6/><U30/><E30/><V15/><F94/><W129/><G129/><T58/><D66/><U53/><E53/><V7/><F85/><W117/><G117/><T45/><D41/><U51/><E51/><V5/><F5/><W1/><G1/><T54/><D54/><U10/><E10/><N who="2" m="4191" /><F15/><W19/><G8/><T49/><D49/><U4/><E4/><V78/><AGARI ba="0,0" hai="22,26,28,40,47,50,56,57,78,80,84" m="4191" machi="78" ten="30,4000,0" yaku="25,1,8,1,52,1" doraHai="43" who="2" fromWho="2" sc="235,-20,409,-10,329,40,27,-10" />
</Scene>
<Scene>
<INIT seed="5,0,0,1,0,98" ten="215,399,369,17" oya="1" hai0="78,2,14,121,84,127,33,68,49,62,52,125,9" hai1="23,7,28,42,120,67,116,46,56,94,124,108,133" hai2="115,101,128,74,100,0,26,95,132,86,17,87,66" hai3="122,79,3,4,51,53,65,104,102,55,35,61,110"/><U22/><E116/><V80/><F0/><W131/><G110/><T105/><D33/><U19/><E120/><V39/><F39/><W135/><G122/><T113/><D121/><U25/><E133/><V126/><F66/><W10/><G135/><T103/><D2/><U92/><E124/><N who="0" m="47689" /><D113/><U118/><E118/><V99/><F126/><W107/><G35/><T18/><D68/><U77/><E7/><V76/><F132/><W21/><G131/><T109/><D62/><N who="1" m="38343" /><E108/><V50/><F128/><W40/><G40/><T20/><D109/><U91/><E77/><V16/><F115/><W130/><G130/><T34/><D34/><U114/><E114/><V71/><F71/><W90/><G79/><T15/><D84/><U27/><E91/><V24/><F74/><W63/><G90/><T60/><D60/><U36/><E36/><V31/><F86/><W48/><G63/><T12/><D78/><U57/><E42/><V32/><F101/><W6/><G61/><T45/><D9/><U70/><E70/><V29/><F50/><W38/><G38/><T44/><D45/><U73/><E73/><V83/><F83/><W106/><G65/><T30/><D30/><N who="2" m="11274" /><F32/><W54/><G102/><T97/><AGARI ba="0,0" hai="12,14,15,18,20,44,49,52,97,103,105" m="47689" machi="97" ten="30,4000,0" yaku="18,1,52,1,54,1" doraHai="98" who="0" fromWho="0" sc="215,40,399,-20,369,-10,17,-10" />
</Scene>
<Scene>
<INIT seed="6,0,0,4,0,63" ten="255,379,359,7" oya="2" hai0="101,32,112,132,9,126,40,84,107,123,89,1,24" hai1="83,120,25,121,116,104,16,50,97,11,100,58,7" hai2="72,31,119,75,81,135,57,106,54,59,90,131,124" hai3="88,91,110,4,52,87,74,64,53,41,92,66,34"/><V38/><F119/><W62/><G74/><T70/><D123/><N who="1" m="47179" /><E116/><V130/><F38/><W19/><G110/><T49/><D70/><U82/><E50/><V108/><F108/><W27/><G41/><T129/><D107/><U26/><E58/><V109/><F109/><W42/><G42/><T94/><D101/><U125/><E125/><V102/><F124/><W15/><G4/><T60/><D126/><U37/><E37/><V71/><F71/><W35/><G35/><T117/><D117/><U21/><E25/><V6/><F6/><W61/><G34/><T18/><D1/><AGARI ba="0,0" hai="1,7,11,16,21,26,82,83,97,100,104" m="47179" machi="1" ten="30,2000,0" yaku="13,1,54,1" doraHai="63" who="1" fromWho="0" sc="255,-20,379,20,359,0,7,0" />
</Scene>
<Scene>
<INIT seed="7,0,0,5,4,77" ten="235,399,359,7" oya="3" hai0="0,88,49,42,31,37,127,63,85,54,101,81,27" hai1="107,11,50,93,62,14,59,84,6,21,91,73,3" hai2="15,22,25,34,23,9,109,2,71,100,87,60,8" hai3="105,10,94,92,68,128,108,29,103,125,106,96,65"/><W33/><G128/><T51/><D0/><U5/><E73/><V16/><F100/><W119/><G119/><T124/><D101/><U61/><E107/><V58/><F71/><W79/><G106/><T112/><D37/><U99/><E99/><V39/><F39/><W95/><G125/><N who="0" m="48203" /><D42/><U67/><E6/><N who="2" m="1111" /><F87/><W1/><G108/><T17/><D17/><N who="1" m="10423" /><E67/><V83/><F83/><W26/><G79/><T116/><D116/><U132/><E132/><V18/><F58/><W64/><G64/><T43/><D43/><U98/><E98/><V114/><F60/><N who="3" m="39975" /><G10/><T113/><D63/><U115/><E115/><N who="0" m="44105" /><D54/><AGARI ba="0,0" hai="3,5,11,50,54,59,61,62,84,91,93" m="10423" machi="54" ten="30,1000,0" yaku="25,1" doraHai="77" who="1" fromWho="0" sc="235,-10,399,10,359,0,7,0" owari="225,-17.0,409,50.0,359,16.0,7,-49.0" />
</Scene>
</mjloggm>