<mjloggm ver="2.3"><GO type="169"/><UN n0="%E3%81%BF%E3%81%BF%E3%81%9A" n1="%E5%A4%AA%E3%81%8F%E3%81%AA%E3%81%84%E3%81%8A" n2="%E3%81%99%E3%81%9F%E3%83%BC%E3%82%89%E3%81%84%E3%81%A8%E3%81%B3%E3%83%BC" n3="%6B%69%63%6B%63%68%69" dan="17,17,16,17" rate="2130,2150,2058,2135" sx="M,M,F,M"/><TAIKYOKU oya="0"/>

<Scene>
<INIT seed="0,0,0,1,2,36" ten="250,250,250,250" oya="0" hai0="29,106,34,108,75,90,100,88,14,10,93,12,50" hai1="118,84,21,110,11,132,24,95,20,101,127,19,121" hai2="128,126,16,6,63,64,15,72,62,54,55,49,73" hai3="130,71,25,114,78,103,76,38,96,46,18,17,122"/><T40/><D75/><U99/><E121/><V97/><F128/><W39/><G71/><T87/><D108/><U113/><E118/><V13/><F126/><W1/><G1/><T120/><D120/><U94/><E127/><V61/><F97/><W69/><G69/><T133/><D133/><U102/><E132/><V37/><F37/><W42/><G114/><T48/><D106/><U51/><E110/><V32/><F32/><W8/><G122/><T119/><D119/><U70/><E70/><V135/><F135/><W91/><G130/><T109/><D100/><U67/><E113/><V117/><F117/><W35/><G39/><T59/><D109/><U47/><E67/><V79/><F64/><W60/><G60/><T52/><D10/><U28/><E11/><V107/><F107/><W41/><G41/><T43/><D34/><U124/><E124/><V92/><F6/><W82/><G91/><N who="0" m="53503" /><D29/><U111/><E111/><V131/><F131/><W68/><G68/><T7/><D7/><U105/><E84/><V125/><F73/><W77/><G82/><T116/><D116/><U74/><E74/><V5/><F5/><W27/><G8/><T9/><D50/><U23/><E102/><V134/><F72/><W112/><G112/><T65/><D65/><U56/><E23/><V22/><F22/><W2/><G2/><T115/><D115/><U85/><E85/><V31/><F31/><W80/><G80/><T30/><D30/><U33/><E33/><V98/><F134/><W81/><G81/><T45/><D9/><U83/><E28/><V0/><F125/><RYUUKYOKU ba="0,0" sc="250,0,250,0,250,0,250,0" />
</Scene>
<Scene>
<INIT seed="1,1,0,0,0,93" ten="250,250,250,250" oya="1" hai0="51,70,100,102,74,0,44,66,38,39,13,61,82" hai1="42,123,125,3,79,34,32,111,108,58,94,22,81" hai2="50,71,103,65,47,69,73,95,30,10,49,31,52" hai3="109,17,75,132,59,16,88,97,27,119,133,53,46"/><U60/><E123/><V126/><F73/><W96/><G75/><T26/><D0/><U84/><E3/><V122/><F122/><W98/><G46/><T72/><D26/><U29/><E125/><V4/><F126/><W91/><G119/><T67/><D72/><U45/><E22/><V41/><F69/><W20/><G17/><T40/><D13/><U37/><E94/><V117/><F117/><W76/><G76/><T116/><D116/><U25/><REACH who="1" step="1"/><E34/><REACH who="1" ten="250,240,250,250" step="2"/><V63/><F95/><W113/><G113/><T131/><D131/><U24/><E24/><V87/><F103/><W18/><G109/><T48/><D100/><U54/><AGARI ba="1,1" hai="25,29,32,37,42,45,54,58,60,79,81,84,108,111" machi="54" ten="30,3000,0" yaku="1,1,0,1,53,0" doraHai="93" doraHaiUra="135" who="1" fromWho="1" sc="250,-11,240,43,250,-11,250,-11" />
</Scene>
<Scene>
<INIT seed="1,2,0,0,2,104" ten="239,283,239,239" oya="1" hai0="26,43,134,33,79,71,39,51,9,132,44,20,11" hai1="114,88,68,34,13,129,87,54,59,24,1,14,103" hai2="117,96,78,2,80,58,113,8,86,127,61,99,5" hai3="74,95,25,119,73,70,6,94,112,55,128,7,32"/><U12/><E114/><V133/><F117/><W18/><G112/><T116/><D116/><U72/><E1/><V31/><F113/><W64/><G119/><T81/><D71/><U69/><E129/><V28/><F127/><W130/><G55/><T77/><D33/><U22/><E34/><V36/><F36/><W122/><G122/><T120/><D120/><U98/><E72/><N who="3" m="27754" /><G64/><T110/><D110/><U91/><E68/><V21/><F133/><N who="0" m="51306" /><D39/><U19/><E69/><V56/><F56/><W93/><G70/><T101/><D101/><U75/><E75/><V108/><F108/><W109/><G109/><T107/><D107/><U53/><E87/><V135/><F135/><W10/><G10/><N who="0" m="3595" /><D81/><U65/><E65/><V118/><F118/><W106/><G106/><T83/><D83/><U124/><E124/><V17/><F31/><AGARI ba="2,0" hai="20,26,31,43,44,51,77,79" m="3595,51306" machi="31" ten="30,1000,0" yaku="20,1" doraHai="104" who="0" fromWho="2" sc="239,16,283,0,239,-16,239,0" />
</Scene>
<Scene>
<INIT seed="2,0,0,2,0,108" ten="255,283,223,239" oya="2" hai0="135,117,110,104,113,57,121,118,75,78,14,34,20" hai1="47,128,70,36,12,109,130,62,61,43,4,106,49" hai2="23,51,35,99,129,122,116,111,77,67,18,9,131" hai3="95,45,71,48,54,65,11,41,126,42,83,38,72"/><V19/><F116/><W2/><G126/><T100/><D20/><U63/><E106/><V96/><F122/><W82/><G95/><T79/><D14/><U24/><E24/><V17/><F35/><W26/><G26/><T50/><D57/><U60/><E4/><V86/><F67/><W33/><G33/><T134/><D50/><U13/><E13/><V56/><F111/><W22/><G22/><T73/><D34/><U28/><E12/><V0/><F23/><W114/><G114/><T8/><D8/><U44/><E28/><V80/><F0/><W91/><G91/><T93/><D104/><U101/><E101/><V29/><F29/><W21/><G21/><T120/><D110/><U132/><E109/><V94/><F9/><W133/><G133/><N who="0" m="50699" /><D113/><U74/><E74/><N who="0" m="28169" /><D93/><U40/><E132/><V76/><F76/><N who="0" m="29226" /><D100/><U89/><E89/><V127/><F127/><W53/><G11/><T27/><D27/><U105/><E105/><V81/><F81/><W16/><G82/><T15/><D15/><U52/><E43/><V112/><F112/><W125/><G83/><T103/><D103/><U46/><E46/><V85/><F94/><W87/><G42/><T1/><D1/><U123/><E123/><AGARI ba="0,0" hai="117,118,120,121,123" m="29226,28169,50699" machi="123" ten="40,8000,1" yaku="28,2,20,1,34,2" doraHai="108" who="0" fromWho="1" sc="255,80,283,-80,223,0,239,0" />
</Scene>
<Scene>
<INIT seed="3,0,0,2,2,56" ten="335,203,223,239" oya="3" hai0="41,99,122,67,118,20,111,68,112,100,2,5,92" hai1="25,19,69,85,101,129,52,60,45,123,9,125,105" hai2="11,35,23,15,30,53,7,0,18,97,75,62,40" hai3="36,89,76,84,86,43,106,37,71,31,27,91,63"/><W96/><G76/><T104/><D118/><U54/><E123/><V90/><F75/><W6/><G6/><T16/><D122/><U116/><E116/><V3/><F40/><W44/><G36/><T124/><D111/><U103/><E129/><V65/><F53/><W58/><G71/><T88/><D124/><U94/><E125/><V119/><F119/><W93/><G91/><T87/><D41/><U33/><E105/><V78/><F78/><W42/><G42/><T57/><D68/><U128/><E128/><V12/><F90/><W59/><G59/><T130/><D130/><U13/><E33/><V133/><F133/><W135/><G106/><T38/><D38/><U51/><E25/><V10/><F97/><W70/><G70/><T17/><D112/><U131/><E131/><V4/><F62/><W127/><G135/><T48/><D20/><U61/><E69/><V32/><F65/><W64/><REACH who="3" step="1"/><G127/><REACH who="3" ten="335,203,223,229" step="2"/><T39/><D39/><U108/><E108/><V77/><F77/><W21/><AGARI ba="0,1" hai="21,27,31,37,43,44,58,63,64,84,86,89,93,96" machi="21" ten="20,12000,1" yaku="1,1,2,1,0,1,7,1,52,1,53,0" doraHai="56" doraHaiUra="34" who="3" fromWho="3" sc="335,-40,203,-40,223,-40,229,130" />
</Scene>
<Scene>
<INIT seed="3,1,0,1,2,58" ten="295,163,183,359" oya="3" hai0="104,105,16,47,116,119,60,124,45,36,107,132,103" hai1="118,121,3,89,101,120,113,4,112,69,62,38,91" hai2="14,59,134,74,39,20,42,75,63,70,9,35,5" hai3="46,18,122,96,98,87,84,129,83,66,33,51,110"/><W40/><G122/><T29/><D103/><U73/><E38/><V23/><F35/><W24/><G129/><T114/><D29/><U2/><E101/><V11/><F70/><W68/><G84/><T111/><D111/><U57/><E69/><V13/><F134/><W8/><G110/><T99/><D132/><U41/><E41/><V117/><F117/><W102/><G8/><T125/><D99/><U65/><E73/><V31/><F39/><W85/><G96/><T128/><D128/><U61/><E57/><V49/><F31/><W34/><G18/><T53/><D114/><U78/><E78/><V54/><F75/><W37/><G37/><T126/><D16/><U86/><E86/><V55/><F42/><W15/><G15/><T30/><D30/><U12/><E12/><V64/><F74/><W44/><G44/><N who="0" m="16971" /><D36/><U127/><E4/><V56/><F64/><W28/><G34/><T7/><D7/><AGARI ba="1,0" hai="5,7,9,11,13,14,20,23,49,54,55,56,59,63" machi="7" ten="30,7700,0" yaku="7,1,9,1,8,1,52,1" doraHai="58" who="2" fromWho="0" sc="295,-80,163,0,183,80,359,0" />
</Scene>
<Scene>
<INIT seed="4,0,0,1,2,71" ten="215,163,263,359" oya="0" hai0="77,65,13,94,57,85,90,33,54,44,99,55,53" hai1="115,78,29,125,36,41,83,107,109,66,75,64,121" hai2="84,112,122,24,124,128,59,92,111,12,118,91,39" hai3="42,135,79,96,129,60,67,22,74,15,46,63,2"/><T35/><D44/><U130/><E109/><V119/><F111/><W5/><G2/><T0/><D0/><U101/><E121/><V114/><F122/><W52/><G129/><T25/><D13/><U123/><E123/><V3/><F3/><W56/><G135/><T106/><D25/><U69/><E130/><V51/><F128/><W48/><G74/><T45/><D45/><U7/><E29/><V30/><F12/><W104/><G79/><T108/><D108/><U8/><E125/><V37/><F124/><W50/><G104/><T86/><D106/><U6/><E115/><N who="2" m="44075" /><F51/><W21/><G96/><T18/><D18/><U132/><E132/><V4/><F59/><N who="3" m="37375" /><G50/><T76/><D35/><U38/><E7/><V113/><F4/><W105/><G105/><T87/><REACH who="0" step="1"/><D33/><REACH who="0" ten="205,163,263,359" step="2"/><U14/><E41/><V98/><F113/><W11/><AGARI ba="0,1" hai="5,11,15,21,22,42,46,48,52,56,60" m="37375" machi="11" ten="30,2000,0" yaku="8,1,54,1" doraHai="71" who="3" fromWho="3" sc="205,-10,163,-5,263,-5,359,30" />
</Scene>
<Scene>
<INIT seed="5,0,0,1,4,24" ten="195,158,258,389" oya="1" hai0="85,100,40,83,114,46,9,109,37,90,130,133,81" hai1="18,4,112,49,94,32,10,34,58,45,1,92,96" hai2="61,14,121,104,44,22,67,42,107,27,84,2,91" hai3="126,20,76,15,69,115,17,93,0,28,36,5,116"/><U111/><E112/><V7/><F2/><W129/><G69/><T50/><D109/><U6/><E111/><V87/><F87/><W38/><G115/><T78/><D114/><U3/><E58/><V132/><F132/><W117/><G76/><T19/><D133/><U135/><E135/><V51/><F14/><W35/><G126/><T70/><D70/><U55/><E18/><V86/><F86/><W21/><G93/><T52/><D130/><U95/><REACH who="1" step="1"/><E96/><REACH who="1" ten="195,148,258,389" step="2"/><V120/><F120/><W106/><G117/><T113/><D113/><U64/><E64/><V29/><F121/><W119/><G116/><T11/><D19/><U25/><E25/><V105/><F7/><W125/><G17/><T108/><D108/><U73/><E73/><V110/><F110/><W63/><G5/><T71/><D71/><U82/><E82/><V103/><F67/><W102/><G119/><T128/><D128/><U124/><E124/><V88/><F27/><W16/><G16/><T118/><D118/><U59/><E59/><V31/><F44/><W65/><G65/><T33/><D83/><U77/><E77/><V62/><F62/><W123/><G63/><T101/><D78/><U39/><E39/><V60/><F61/><W72/><G38/><T99/><D99/><U23/><E23/><V56/><F22/><W79/><G36/><T122/><D122/><U74/><E74/><V48/><F60/><W80/><G79/><T12/><D33/><U68/><E68/><V97/><F97/><W13/><G129/><T134/><D134/><U53/><E53/><V26/><F26/><RYUUKYOKU ba="0,1" sc="195,-10,148,30,258,-10,389,-10" hai1="1,3,4,6,10,32,34,45,49,55,92,94,95" />
</Scene>
<Scene>
<INIT seed="5,1,1,1,3,68" ten="185,178,248,379" oya="1" hai0="72,6,135,123,126,12,90,116,17,28,46,33,15" hai1="2,97,67,36,61,39,91,44,27,66,20,45,32" hai2="10,108,56,96,31,94,70,128,88,11,131,3,119" hai3="30,110,38,132,5,54,83,73,1,8,86,101,41"/><U92/><E2/><V25/><F70/><W100/><G110/><T103/><D72/><U109/><E32/><V64/><F108/><W106/><G30/><T134/><D103/><U65/><E109/><V84/><F3/><W29/><G29/><T76/><D76/><U16/><REACH who="1" step="1"/><E61/><REACH who="1" ten="185,168,248,379" step="2"/><N who="2" m="37927" /><F119/><W49/><G1/><T120/><D116/><U80/><E80/><V87/><F131/><W130/><G83/><T9/><D126/><U13/><E13/><V40/><F128/><W51/><G130/><T81/><D46/><AGARI ba="1,2" hai="16,20,27,36,39,44,45,46,65,66,67,91,92,97" machi="46" ten="40,12000,1" yaku="1,1,52,2,54,1,53,1" doraHai="68" doraHaiUra="18" who="1" fromWho="0" sc="185,-123,168,143,248,0,379,0" />
</Scene>
<Scene>
<INIT seed="5,2,0,1,3,55" ten="62,311,248,379" oya="1" hai0="48,16,119,61,6,42,84,67,110,69,72,56,103" hai1="20,75,17,77,4,111,22,88,41,106,83,58,10" hai2="87,21,133,94,101,62,2,102,40,92,81,23,11" hai3="97,79,33,45,85,116,125,39,89,98,66,47,95"/><U124/><E106/><V8/><F2/><W96/><G33/><T82/><D72/><U112/><E112/><V30/><F40/><W9/><G125/><T7/><D110/><U13/><E124/><V126/><F126/><W63/><G116/><T122/><D119/><U59/><E111/><V44/><F44/><W123/><G123/><T127/><D122/><U26/><E41/><V114/><F133/><W128/><G128/><T46/><D127/><U104/><E104/><V90/><F114/><W60/><G39/><T99/><D69/><U135/><E135/><V12/><F62/><N who="3" m="23595" /><G66/><T86/><D16/><U34/><E34/><V78/><F11/><W115/><G115/><T68/><D68/><U15/><REACH who="1" step="1"/><E88/><REACH who="1" ten="62,301,248,379" step="2"/><V43/><F90/><W76/><G9/><T118/><D118/><U91/><E91/><V71/><F43/><W70/><G70/><T80/><D80/><U129/><E129/><V29/><F71/><W54/><G79/><T64/><D64/><U134/><E134/><V73/><F8/><W117/><G76/><T3/><D3/><U121/><E121/><V53/><F78/><W35/><G35/><T131/><D131/><U24/><E24/><V18/><F81/><W1/><G1/><T25/><D25/><U50/><E50/><V130/><F130/><W132/><G132/><T113/><D113/><U57/><E57/><V107/><F107/><W93/><G117/><T31/><D31/><AGARI ba="2,1" hai="4,10,13,15,17,20,22,26,31,58,59,75,77,83" machi="31" ten="30,11600,0" yaku="1,1,7,1,52,2,53,0" doraHai="55" doraHaiUra="37" who="1" fromWho="0" sc="62,-122,301,132,248,0,379,0" owari="-60,-56.0,433,53.0,248,-15.0,379,18.0" />
</Scene>
</mjloggm>