<mjloggm ver="2.3"><GO type="193"/><UN n0="%32%35%33%45%32%37" n1="%4D%4F%54%49%47%4F%4D%45" n2="%E5%A4%AA%E3%81%8F%E3%81%AA%E3%81%84%E3%81%8A" n3="%6E%6F%63%6F%6C%6F%72" dan="13,12,12,13" rate="1731,1785,1940,1736" sx="M,M,M,M"/><TAIKYOKU oya="0"/>

<Scene>
<INIT seed="0,0,0,0,1,12" ten="250,250,250,250" oya="0" hai0="22,17,128,41,39,93,78,51,103,81,129,38,65" hai1="26,9,74,27,102,92,119,112,3,66,10,121,16" hai2="40,6,108,75,0,116,11,48,70,86,44,28,30" hai3="50,83,35,29,23,76,19,100,14,135,64,98,104"/><T127/><D127/><U113/><E74/><V34/><F75/><W45/><G135/><T134/><D134/><U79/><E79/><V15/><F108/><W71/><G29/><T126/><D126/><U120/><E66/><V105/><F105/><W57/><G57/><T106/><D106/><U133/><E92/><V118/><F70/><W37/><G37/><T82/><D65/><U58/><E102/><V20/><F86/><W94/><G35/><T114/><D114/><N who="1" m="44139" /><E58/><V67/><F67/><W111/><G111/><T101/><D51/><U8/><E133/><V4/><F4/><W36/><G36/><N who="0" m="13867" /><D41/><U109/><E109/><V32/><F32/><W42/><G64/><T13/><D93/><U56/><E56/><V21/><F21/><W132/><G132/><T2/><D2/><U89/><E89/><V87/><F87/><W91/><G71/><T73/><D82/><U130/><E119/><N who="2" m="45611" /><F34/><W77/><G104/><T85/><D73/><U84/><E84/><AGARI ba="0,0" hai="14,19,23,42,45,50,76,77,83,84,91,94,98,100" machi="84" ten="40,2600,0" yaku="8,1,52,1" doraHai="12" who="3" fromWho="1" sc="250,0,250,-26,250,0,250,26" />
</Scene>
<Scene>
<INIT seed="1,0,0,4,4,113" ten="250,224,250,276" oya="1" hai0="30,112,89,133,32,59,110,76,37,111,64,14,49" hai1="16,54,38,132,101,91,21,85,125,36,104,47,75" hai2="116,52,99,82,96,103,107,8,94,2,11,51,109" hai3="122,124,130,79,68,134,74,43,66,6,4,31,1"/><U42/><E132/><V80/><F109/><N who="0" m="41482" /><D133/><U100/><E125/><V72/><F116/><W26/><G43/><T92/><D112/><U3/><E3/><V81/><F72/><W65/><G79/><T70/><D70/><U12/><E75/><V46/><REACH who="2" step="1"/><F2/><REACH who="2" ten="250,224,240,276" step="2"/><W121/><G68/><T95/><D37/><U84/><E36/><V86/><F86/><W90/><G74/><T22/><D32/><U67/><E85/><V93/><F93/><W119/><G134/><T123/><D95/><U88/><E84/><V60/><F60/><W118/><G124/><T55/><D92/><U40/><E104/><V23/><F23/><W57/><G130/><T131/><D131/><U97/><E97/><V114/><F114/><W48/><G1/><T19/><D22/><U13/><E38/><V128/><F128/><W115/><G115/><T50/><D50/><N who="1" m="29023" /><E67/><V126/><F126/><W18/><G90/><AGARI ba="0,1" hai="8,11,46,51,52,80,81,82,90,94,96,99,103,107" machi="90" ten="40,2600,0" yaku="1,1,54,1,53,0" doraHai="113" doraHaiUra="105" who="2" fromWho="3" sc="250,0,224,0,240,36,276,-26" />
</Scene>
<Scene>
<INIT seed="2,0,0,5,1,44" ten="250,224,276,250" oya="2" hai0="14,121,77,127,74,40,101,9,85,96,13,133,22" hai1="17,130,105,72,103,126,57,94,39,78,7,100,116" hai2="134,120,67,23,4,108,63,12,79,59,97,95,98" hai3="93,87,118,26,86,129,76,111,50,53,16,92,119"/><V42/><F120/><W90/><G111/><T70/><D121/><U19/><E116/><V73/><F108/><W21/><G129/><T6/><D133/><U62/><E39/><V30/><F134/><W71/><G71/><T52/><D70/><U113/><E113/><V64/><F42/><W131/><G131/><T132/><D132/><U3/><E130/><V34/><F34/><W0/><G0/><T115/><D115/><U68/><E126/><V104/><F104/><W107/><G107/><T81/><D127/><U47/><E68/><V58/><F73/><W18/><G119/><T84/><D40/><U43/><E105/><V83/><F4/><W38/><G38/><T117/><D117/><U69/><E69/><V123/><F123/><W33/><G33/><T122/><D122/><U1/><E1/><V27/><F12/><W75/><G75/><T91/><D91/><U56/><E57/><V10/><F10/><W11/><G118/><T65/><D65/><U66/><E78/><V125/><F125/><W36/><G36/><T110/><D110/><U109/><E72/><V89/><F97/><W82/><G11/><T5/><D52/><U60/><E109/><V24/><F24/><W112/><G112/><T51/><D51/><U45/><E3/><V102/><F89/><W54/><G54/><T61/><D61/><N who="1" m="38183" /><E7/><V48/><F48/><W31/><G92/><N who="0" m="58503" /><D6/><U114/><E114/><V99/><F95/><W41/><G41/><T25/><D25/><U49/><E47/><AGARI ba="0,0" hai="16,18,21,26,31,47,50,53,76,82,86,87,90,93" machi="47" ten="30,7700,0" yaku="7,1,8,1,52,1,54,1" doraHai="44" who="3" fromWho="1" sc="250,0,224,-77,276,0,250,77" />
</Scene>
<Scene>
<INIT seed="3,0,0,4,4,18" ten="250,147,276,327" oya="3" hai0="59,131,107,41,12,23,61,82,39,125,24,105,21" hai1="124,48,110,57,92,128,91,84,6,132,22,66,133" hai2="68,45,44,130,89,94,7,55,116,87,109,115,54" hai3="113,1,99,122,58,118,129,30,38,47,70,103,80"/><W81/><G122/><T4/><D131/><U34/><E34/><V76/><F116/><W123/><G123/><T111/><D111/><U0/><E110/><V64/><F115/><W35/><G118/><T26/><D125/><U9/><E124/><V29/><F109/><W56/><G113/><T33/><D82/><U17/><E128/><V31/><F130/><W49/><G129/><T104/><D33/><U62/><REACH who="1" step="1"/><E48/><REACH who="1" ten="250,137,276,327" step="2"/><N who="2" m="28935" /><F68/><W42/><G70/><T40/><D39/><U88/><E88/><V14/><F89/><W100/><G1/><T13/><D107/><U46/><E46/><V15/><F45/><W19/><G35/><T95/><D95/><U28/><E28/><V75/><F31/><W79/><G30/><T93/><D93/><U2/><E2/><V73/><F29/><W8/><G49/><T120/><D120/><U98/><E98/><V86/><F94/><W112/><G99/><T11/><D61/><U71/><E71/><V43/><F76/><W37/><G79/><T77/><D77/><U121/><E121/><V69/><F69/><W101/><G112/><T90/><D90/><U114/><E114/><V83/><F75/><W27/><G38/><T78/><D78/><U85/><E85/><V127/><F73/><W36/><G36/><T97/><D97/><U96/><E96/><V106/><F87/><W67/><G37/><T51/><D51/><U108/><E108/><V5/><F86/><W50/><G50/><T126/><D126/><U102/><E102/><V53/><F127/><W25/><G103/><T60/><D60/><U74/><E74/><RYUUKYOKU ba="0,1" sc="250,-10,137,30,276,-10,327,-10" hai1="0,6,9,17,22,57,62,66,84,91,92,132,133" owari="240,-16.0,167,-33.0,266,7.0,327,42.0" />
</Scene>
</mjloggm>