<mjloggm ver="2.3"><GO type="225"/><UN n0="%E5%AF%82%E5%A4%9C%E9%9C%BD%E6%9C%88" n1="%4B%69%53%68%69%6D%40" n2="%E5%85%88%E2%99%80%E7%94%9F" n3="%E5%A4%AA%E3%81%8F%E3%81%AA%E3%81%84%E3%81%8A" dan="16,16,17,16" rate="2115,2070,2141,2074" sx="M,M,F,M"/><TAIKYOKU oya="0"/>

<Scene>
<INIT seed="0,0,0,3,0,72" ten="250,250,250,250" oya="0" hai0="125,9,95,16,108,56,105,11,60,118,23,88,38" hai1="17,21,122,8,22,41,63,126,58,69,35,30,71" hai2="59,33,97,80,27,87,40,39,64,134,98,127,42" hai3="43,7,61,116,46,3,101,51,135,49,25,28,10"/><T102/><D118/><U93/><E122/><V19/><F127/><W100/><G116/><T26/><D125/><U86/><E126/><V113/><F113/><W12/><G135/><T0/><D38/><U66/><E35/><V110/><F134/><W4/><G4/><T57/><D108/><U67/><E41/><N who="2" m="15979" /><F110/><W15/><G51/><T2/><D105/><U104/><E104/><V131/><F33/><W90/><G61/><T83/><D2/><U78/><E30/><V70/><F70/><W133/><G133/><T55/><D0/><U77/><E8/><V120/><F131/><W81/><G15/><T68/><D68/><U92/><E63/><N who="2" m="38015" /><F39/><W45/><G45/><T65/><D83/><U79/><E58/><V73/><F73/><W112/><G112/><T54/><D102/><U36/><E36/><V31/><F31/><W44/><G44/><T50/><D65/><U62/><E67/><V84/><F84/><AGARI ba="0,0" hai="9,11,16,23,26,50,54,55,56,57,60,84,88,95" machi="84" ten="30,11600,0" yaku="7,1,8,1,54,2" doraHai="72" who="0" fromWho="2" sc="250,116,250,0,250,-116,250,0" />
</Scene>
<Scene>
<INIT seed="0,1,0,2,5,117" ten="366,250,134,250" oya="0" hai0="92,30,7,105,25,29,19,60,21,103,80,11,124" hai1="96,66,76,34,131,5,40,125,36,86,106,15,88" hai2="13,20,10,101,102,71,32,23,64,31,55,110,132" hai3="51,115,68,78,111,28,107,62,81,113,1,90,99"/><T50/><D105/><U67/><E34/><V135/><F110/><W119/><G119/><T69/><D124/><U46/><E125/><V14/><F32/><W22/><G1/><T73/><D69/><U41/><E131/><V116/><F116/><W127/><G127/><T109/><D109/><U48/><E76/><V65/><F10/><W33/><G22/><T63/><D50/><U94/><E40/><V118/><F118/><W53/><G111/><T38/><D38/><U91/><E36/><V72/><F31/><W8/><G8/><T9/><D73/><U93/><REACH who="1" step="1"/><E106/><REACH who="1" ten="366,240,134,250" step="2"/><V44/><F72/><W47/><G107/><T108/><D108/><U114/><E114/><V85/><F71/><W104/><G78/><T133/><D7/><U100/><E100/><V79/><F79/><W39/><G39/><T123/><D103/><U43/><E43/><V121/><F101/><W0/><G104/><T77/><D77/><U89/><E89/><V98/><F102/><W61/><G68/><T82/><D133/><U126/><E126/><V4/><F132/><W49/><G90/><T17/><D11/><AGARI ba="1,1" hai="5,11,15,41,46,48,66,67,86,88,91,93,94,96" machi="11" ten="40,8000,1" yaku="1,1,8,1,54,1,53,2" doraHai="117" doraHaiUra="87" who="1" fromWho="0" sc="366,-83,240,93,134,0,250,0" />
</Scene>
<Scene>
<INIT seed="1,0,0,5,4,10" ten="283,333,134,250" oya="1" hai0="29,9,59,128,16,126,101,110,19,5,114,98,12" hai1="45,7,113,111,31,49,99,84,131,46,108,72,37" hai2="73,30,66,61,4,3,80,78,130,87,8,77,56" hai3="24,40,135,107,41,36,17,47,44,104,25,97,51"/><U35/><E72/><V68/><F130/><W124/><G135/><T52/><D128/><U21/><E131/><V119/><F119/><W74/><G74/><T92/><D114/><U70/><E113/><V57/><F78/><W33/><G124/><T55/><D110/><N who="1" m="42027" /><E70/><V28/><F73/><W82/><G82/><T115/><D115/><U106/><E35/><V39/><F39/><W122/><G122/><T105/><D126/><U22/><E7/><V43/><F43/><W133/><G133/><T96/><D29/><U23/><E37/><V64/><REACH who="2" step="1"/><F68/><REACH who="2" ten="283,333,124,250" step="2"/><W2/><G36/><T117/><D117/><U53/><E84/><V63/><AGARI ba="0,1" hai="3,4,8,28,30,56,57,61,63,64,66,77,80,87" machi="63" ten="30,8000,1" yaku="1,1,2,1,0,1,9,1,53,1" doraHai="10" doraHaiUra="83" who="2" fromWho="2" sc="283,-20,333,-40,124,90,250,-20" />
</Scene>
<Scene>
<INIT seed="2,0,0,3,4,11" ten="263,293,214,230" oya="2" hai0="75,10,130,81,102,68,54,31,106,129,13,94,91" hai1="67,125,16,33,109,50,128,4,118,19,97,83,95" hai2="105,76,36,90,99,113,53,124,40,92,111,26,3" hai3="21,116,6,58,15,42,89,39,0,56,114,22,100"/><V23/><F113/><W87/><G116/><T29/><D68/><U123/><E118/><V14/><F3/><W112/><G100/><T79/><D54/><U46/><E33/><V9/><F124/><W2/><G39/><T28/><D102/><U7/><E125/><V135/><F105/><W44/><G6/><N who="1" m="2090" /><E109/><V74/><F111/><W78/><G78/><T66/><D66/><U93/><E128/><N who="0" m="49257" /><D106/><U103/><E123/><V85/><F74/><W48/><G2/><T12/><D10/><U47/><E67/><V88/><F135/><W73/><G73/><T24/><D24/><U52/><E83/><N who="2" m="47335" /><F36/><W84/><G0/><T101/><D101/><N who="1" m="60591" /><E47/><V122/><F122/><W82/><G114/><T80/><D80/><U132/><E132/><V69/><F69/><W61/><G112/><T119/><D119/><U5/><E5/><N who="2" m="3375" /><F40/><W18/><G42/><T107/><D107/><U72/><E72/><V77/><F77/><W1/><G1/><T65/><D65/><U38/><E38/><V35/><F35/><W59/><G44/><T133/><D133/><U70/><E70/><V127/><F127/><W96/><G82/><T115/><D115/><U120/><E120/><V41/><F41/><W126/><G126/><T43/><D43/><U49/><E49/><V110/><F110/><W104/><G48/><T63/><D63/><U71/><E71/><V117/><F117/><W17/><G61/><T51/><D51/><U62/><E62/><V37/><F37/><W134/><G134/><T8/><D8/><U86/><E103/><N who="2" m="60903" /><F53/><W20/><G104/><T64/><D64/><RYUUKYOKU ba="0,0" sc="263,10,293,10,214,10,230,-30" hai0="12,13,28,29,31,75,79,81,91,94" hai1="16,19,46,50,52,86,95" hai2="23,26,88,90" />
</Scene>
<Scene>
<INIT seed="2,1,0,0,1,135" ten="273,303,224,200" oya="2" hai0="124,51,98,110,89,118,131,68,62,64,128,99,108" hai1="29,77,31,5,66,60,111,20,2,16,87,53,91" hai2="61,72,84,32,23,10,86,3,35,119,97,47,52" hai3="9,7,122,74,125,71,30,67,114,56,120,80,34"/><V81/><F119/><W129/><G56/><T48/><D118/><U58/><E111/><N who="0" m="42537" /><D99/><U93/><E2/><V4/><F72/><W134/><G134/><T127/><D89/><U45/><E5/><V101/><F86/><W57/><G57/><T132/><D98/><U21/><E77/><V76/><F23/><N who="1" m="8777" /><E16/><V1/><F1/><N who="3" m="239" /><G129/><N who="0" m="49739" /><D132/><U85/><E85/><V126/><F126/><AGARI ba="1,0" hai="48,51,62,64,68,124,126,127" m="49739,42537" machi="126" ten="40,16000,3" yaku="18,1,14,1,19,1,34,2,52,3" doraHai="135" who="0" fromWho="2" sc="273,163,303,0,224,-163,200,0" />
</Scene>
<Scene>
<INIT seed="3,0,0,3,2,72" ten="436,303,61,200" oya="3" hai0="66,43,91,76,57,30,117,67,93,65,99,126,29" hai1="6,121,14,21,13,89,47,48,85,28,118,17,81" hai2="71,51,59,20,96,94,64,113,87,5,115,98,80" hai3="55,122,86,110,62,133,82,37,84,54,25,0,11"/><W16/><G122/><T128/><D128/><U2/><E121/><V22/><F71/><W44/><G133/><T15/><D126/><U104/><E118/><V78/><F115/><W125/><G125/><T36/><D117/><U92/><E104/><V9/><F113/><W24/><G110/><T120/><D120/><U135/><E2/><V107/><F107/><W119/><G119/><T123/><D123/><U7/><E135/><V18/><F98/><W95/><G0/><T12/><D76/><N who="1" m="46247" /><E28/><N who="0" m="10857" /><D36/><U49/><E14/><N who="0" m="5161" /><D43/><N who="1" m="24703" /><E49/><V56/><F5/><W38/><G55/><T130/><D130/><U50/><E50/><V61/><F9/><W103/><G84/><AGARI ba="0,0" hai="6,7,13,17,21,84,89,92" m="24703,46247" machi="84" ten="30,2000,0" yaku="8,1,52,1" doraHai="72" who="1" fromWho="3" sc="436,0,303,20,61,0,200,-20" owari="436,54.0,323,12.0,61,-44.0,180,-22.0" />
</Scene>
</mjloggm>