<mjloggm ver="2.3"><GO type="97"/><UN n0="%E6%9D%8F%E4%BB%81%E3%81%A9%E3%81%86%E3%81%B5%E3%83%BC" n1="%E6%9A%97%E3%81%84%E7%AC%A6" n2="%E5%A4%AA%E3%81%8F%E3%81%AA%E3%81%84%E3%81%8A" n3="%64%72%69%72%75%74%6F" dan="15,15,13,14" rate="1987,2042,1988,1933" sx="F,M,M,M"/><TAIKYOKU oya="0"/>

<Scene>
<INIT seed="0,0,0,5,0,79" ten="250,250,250,250" oya="0" hai0="65,68,44,81,28,61,108,13,59,72,51,101,0" hai1="110,84,62,35,12,86,49,39,134,31,89,132,58" hai2="54,113,128,106,107,16,115,46,88,67,94,100,7" hai3="34,21,26,82,10,80,90,74,63,119,25,111,55"/><T69/><D0/><U91/><E39/><V30/><F7/><W125/><G74/><T24/><D101/><U122/><E122/><V8/><F30/><W27/><G119/><T43/><D108/><U4/><E35/><V70/><F128/><W118/><G118/><T83/><D13/><U6/><E31/><V124/><F124/><W37/><G37/><T127/><D127/><U40/><E110/><V120/><F120/><W52/><G111/><T121/><D121/><U22/><E40/><V114/><F100/><W48/><G125/><T14/><D14/><U29/><E49/><V64/><F106/><W18/><G10/><T50/><D50/><U32/><E32/><V99/><F107/><W133/><G133/><N who="1" m="51306" /><E29/><V47/><F54/><N who="3" m="20523" /><G34/><T92/><D92/><N who="1" m="54311" /><E58/><V9/><F9/><W135/><G135/><T78/><REACH who="0" step="1"/><D83/><REACH who="0" ten="240,250,250,250" step="2"/><N who="3" m="31785" /><G48/><T42/><D42/><U17/><E62/><V73/><F114/><W112/><G112/><T3/><D3/><U15/><E15/><V38/><F113/><W57/><G90/><T130/><D130/><U1/><E1/><V77/><F88/><W5/><G5/><T85/><D85/><U36/><E36/><V131/><F38/><W71/><G71/><T102/><D102/><U53/><E91/><V33/><F131/><W66/><AGARI ba="0,1" hai="18,21,25,26,27,57,63,66" m="31785,20523" machi="66" ten="30,8000,1" yaku="8,1,52,3,54,1" doraHai="79" who="3" fromWho="3" sc="240,-40,250,-20,250,-20,250,90" />
</Scene>
<Scene>
<INIT seed="1,0,0,4,3,122" ten="200,230,230,340" oya="1" hai0="5,8,114,18,74,119,6,121,40,133,27,125,2" hai1="17,89,69,24,54,115,1,44,66,57,102,70,4" hai2="60,81,132,63,124,43,31,86,48,96,110,104,109" hai3="94,82,23,29,7,12,123,77,80,15,101,135,99"/><U105/><E4/><V47/><F31/><W76/><G80/><T83/><D119/><U95/><E1/><V97/><F132/><W16/><G135/><T64/><D133/><U103/><E115/><V134/><F134/><W100/><G123/><T79/><D121/><U21/><E105/><V111/><F124/><W38/><G38/><T55/><D114/><U61/><E70/><V25/><F25/><W28/><G100/><T65/><D125/><U35/><E35/><V50/><F50/><W116/><G116/><T59/><D6/><U20/><E20/><V108/><F108/><W120/><G120/><T3/><D3/><U106/><E106/><V130/><F130/><W117/><G117/><T67/><D40/><U10/><E10/><V41/><F41/><W98/><G98/><N who="2" m="37993" /><F104/><W131/><G131/><T91/><D91/><AGARI ba="0,0" hai="43,47,48,60,63,81,86,91,109,110,111" m="37993" machi="91" ten="30,7700,0" yaku="14,1,52,3" doraHai="122" who="2" fromWho="0" sc="200,-77,230,0,230,77,340,0" />
</Scene>
<Scene>
<INIT seed="2,0,0,5,0,55" ten="123,230,307,340" oya="2" hai0="49,36,68,63,8,105,97,116,3,87,12,51,111" hai1="67,132,93,125,57,43,133,22,15,135,83,92,33" hai2="100,7,45,108,74,47,80,72,101,28,129,4,98" hai3="86,5,23,50,113,24,48,18,88,103,46,58,69"/><V134/><F134/><W62/><G69/><T114/><D36/><U70/><E33/><V107/><F28/><W85/><G113/><T76/><D114/><U121/><E43/><V130/><F108/><W119/><G119/><T99/><D3/><U131/><E70/><V112/><F112/><W9/><G103/><T37/><D37/><U35/><E35/><V41/><F101/><W21/><G21/><T94/><D111/><U25/><E15/><V124/><F124/><W27/><G27/><T102/><D116/><U26/><E125/><V13/><F47/><W120/><G120/><T30/><D76/><U2/><E2/><V66/><F66/><N who="3" m="39255" /><G85/><T115/><D87/><U54/><E67/><V56/><F56/><W52/><G50/><T32/><D115/><U53/><E53/><V17/><F74/><W16/><G9/><T60/><D60/><N who="1" m="35895" /><E26/><V77/><F130/><W90/><G5/><T81/><D32/><U29/><E131/><V117/><F117/><W42/><G90/><T20/><D68/><U73/><E121/><V84/><F72/><W14/><G14/><T127/><D127/><U110/><E110/><V19/><F129/><W59/><G42/><T1/><D1/><U39/><E39/><V118/><F118/><W104/><G104/><T106/><D106/><U82/><E73/><V128/><F128/><W91/><G91/><T75/><D75/><U123/><E123/><V11/><REACH who="2" step="1"/><F7/><REACH who="2" ten="123,230,297,340" step="2"/><W0/><G46/><T109/><D109/><U122/><E122/><V78/><F78/><W71/><G71/><T79/><D79/><U6/><E6/><RYUUKYOKU ba="0,1" sc="123,-15,230,15,297,15,340,-15" hai1="22,25,29,82,83,92,93,132,133,135" hai2="4,11,13,17,19,41,45,77,80,84,98,100,107" />
</Scene>
<Scene>
<INIT seed="2,1,1,5,3,8" ten="108,245,312,325" oya="2" hai0="109,71,17,48,21,92,12,100,74,88,54,18,5" hai1="75,7,106,101,66,40,63,9,123,117,119,131,87" hai2="82,11,53,81,41,16,105,43,124,37,78,49,62" hai3="23,24,27,126,2,133,31,69,34,44,135,52,94"/><V121/><F121/><W58/><G69/><T15/><D74/><U26/><E123/><V93/><F105/><W115/><G2/><T28/><D71/><U19/><E75/><V33/><F33/><W70/><G70/><T79/><D79/><U89/><E40/><N who="2" m="15435" /><F37/><W77/><G44/><N who="0" m="27911" /><D100/><U91/><E106/><V6/><F124/><W45/><G45/><T90/><D109/><U76/><E101/><V83/><F93/><W0/><G0/><T132/><D132/><N who="3" m="50761" /><G126/><T85/><D5/><U130/><E76/><V104/><F104/><W32/><G77/><T84/><D28/><U134/><E134/><V107/><F107/><W36/><G36/><T57/><D57/><U122/><E122/><V14/><F62/><W61/><G115/><T13/><D21/><U47/><E63/><V64/><F64/><W118/><G118/><T20/><D20/><U98/><E66/><V1/><F1/><W99/><G27/><T25/><D25/><U102/><E26/><V125/><F125/><W120/><G120/><T46/><D46/><U128/><E47/><N who="2" m="27839" /><F78/><W50/><G61/><T65/><D65/><U60/><E60/><V51/><F51/><W127/><G127/><T56/><D56/><U112/><E112/><V129/><F129/><W103/><AGARI ba="1,1" hai="23,24,31,32,34,50,52,58,94,99,103" m="50761" machi="103" ten="30,2000,0" yaku="20,1,54,1" doraHai="8" who="3" fromWho="3" sc="108,-6,245,-6,312,-11,325,33" />
</Scene>
<Scene>
<INIT seed="3,0,0,2,1,97" ten="102,239,301,358" oya="3" hai0="15,90,129,72,37,49,105,17,80,120,91,110,39" hai1="33,119,128,53,94,19,16,130,5,30,11,85,87" hai2="59,108,18,45,2,82,6,47,64,4,127,27,106" hai3="102,83,22,132,0,73,95,7,29,88,68,34,93"/><W135/><G68/><T63/><D120/><U117/><E53/><V13/><F106/><W121/><G121/><T55/><D105/><U86/><E33/><V31/><F108/><W76/><G34/><T60/><D110/><U75/><E30/><V79/><F127/><W70/><G70/><T116/><D116/><N who="1" m="44619" /><E75/><V28/><F2/><W44/><G7/><T3/><D3/><U71/><E71/><V134/><F134/><N who="3" m="51243" /><G0/><T52/><D129/><N who="1" m="49771" /><E11/><V98/><F64/><W125/><G125/><T66/><D72/><U62/><E62/><V92/><F59/><W118/><G118/><T23/><D55/><U84/><E5/><V74/><F6/><W123/><G123/><T32/><D32/><U57/><E57/><V131/><F4/><W51/><G22/><T114/><D114/><U99/><E87/><V113/><F113/><W20/><G20/><T107/><D107/><U46/><E46/><V9/><F131/><W36/><G29/><T103/><D103/><AGARI ba="0,0" hai="16,19,84,85,86,94,99,103" m="49771,44619" machi="103" ten="40,8000,1" yaku="12,1,19,1,52,1,54,1" doraHai="97" who="1" fromWho="0" sc="102,-80,239,80,301,0,358,0" owari="22,-48.0,319,12.0,301,-10.0,358,46.0" />
</Scene>
</mjloggm>