<mjloggm ver="2.3"><GO type="97"/><UN n0="%E3%81%8A%E3%81%BE%E3%81%84%E3%81%9F%E3%81%A1%E3%81%AE%E5%A4%9C" n1="%E5%A4%AA%E3%81%8F%E3%81%AA%E3%81%84%E3%81%8A" n2="%E5%BA%8A%E4%B8%8B%E6%B5%B8%E6%B0%B4" n3="%E3%81%B0%E3%81%B0%E3%81%93%E3%82%93%E3%81%8C" dan="15,14,14,15" rate="1973,2033,1989,1912" sx="M,M,M,M"/><TAIKYOKU oya="0"/>

<Scene>
<INIT seed="0,0,0,3,3,19" ten="250,250,250,250" oya="0" hai0="22,81,98,43,125,34,105,111,60,57,102,74,17" hai1="18,56,7,121,48,104,134,92,2,107,26,24,85" hai2="14,11,50,63,65,94,90,1,75,116,100,112,96" hai3="83,54,79,88,40,4,120,51,13,99,123,124,69"/><T113/><D113/><U58/><E121/><N who="3" m="46666" /><G69/><T72/><D34/><U10/><E134/><V129/><F112/><W16/><G40/><T66/><D125/><U52/><E58/><N who="2" m="37111" /><F75/><W62/><G62/><T127/><D127/><U42/><E42/><V29/><F1/><W27/><G27/><T117/><D117/><U64/><E64/><V118/><F29/><W95/><G4/><T76/><D43/><U110/><E110/><V33/><F33/><W131/><G131/><T68/><D111/><U67/><E67/><V93/><F129/><W41/><G41/><T80/><D68/><U82/><E92/><N who="2" m="58375" /><F90/><W103/><G103/><T5/><D5/><U38/><E38/><V49/><F118/><W71/><G71/><T55/><D66/><U35/><E35/><V77/><F77/><W61/><G61/><T44/><D44/><U87/><E2/><V89/><F116/><W122/><G124/><T47/><D47/><U119/><E119/><V20/><F20/><N who="3" m="11279" /><G122/><T12/><REACH who="0" step="1"/><D80/><REACH who="0" ten="240,250,250,250" step="2"/><U59/><E82/><V45/><F45/><N who="3" m="28015" /><G83/><T3/><D3/><U53/><E59/><V8/><F50/><W135/><G135/><T37/><D37/><U73/><E48/><V70/><F49/><W84/><G79/><T106/><D106/><U91/><E104/><V128/><F70/><W132/><G132/><T86/><AGARI ba="0,1" hai="12,17,22,55,57,60,72,74,76,81,86,98,102,105" machi="86" ten="20,12000,1" yaku="1,1,0,1,7,1,52,1,53,1" doraHai="19" doraHaiUra="97" who="0" fromWho="0" sc="240,130,250,-40,250,-40,250,-40" />
</Scene>
<Scene>
<INIT seed="0,1,0,4,2,2" ten="370,210,210,210" oya="0" hai0="81,76,130,102,61,65,118,84,79,71,27,86,31" hai1="77,12,97,109,21,115,88,44,37,129,64,30,14" hai2="8,135,93,36,50,96,105,82,60,92,52,74,106" hai3="119,40,3,35,89,11,68,128,22,16,116,42,131"/><T125/><D118/><N who="3" m="45097" /><G68/><T90/><D125/><U110/><E129/><N who="3" m="49738" /><G89/><T19/><D102/><U126/><E88/><V38/><F135/><W101/><G101/><T95/><D19/><U26/><E126/><V69/><F106/><W78/><G78/><T80/><D130/><U54/><E77/><V111/><F111/><W4/><G35/><T53/><D53/><U55/><E54/><V83/><F105/><W91/><G91/><T28/><REACH who="0" step="1"/><D27/><AGARI ba="1,0" hai="3,4,11,16,22,27,40,42" m="49738,45097" machi="27" ten="30,3900,0" yaku="19,1,52,1,54,1" doraHai="2" who="3" fromWho="0" sc="370,-42,210,0,210,0,210,42" />
</Scene>
<Scene>
<INIT seed="1,0,0,1,3,30" ten="328,210,210,252" oya="1" hai0="35,96,2,50,19,11,21,17,85,112,73,113,38" hai1="33,43,55,25,52,29,53,4,8,72,6,116,54" hai2="51,15,98,48,124,101,20,88,89,109,22,49,26" hai3="111,127,34,28,74,23,42,27,39,122,90,14,134"/><U94/><E116/><V126/><F109/><W66/><G74/><T131/><D38/><U3/><E72/><V119/><F119/><W135/><G122/><T0/><D73/><U120/><E120/><V118/><F118/><W57/><G111/><T46/><D131/><U5/><E43/><V32/><F32/><W105/><G105/><T117/><D117/><U70/><E70/><V106/><F15/><W123/><G42/><T84/><D35/><U86/><N who="1" m="13312" /><DORA hai="68" /><U61/><REACH who="1" step="1"/><E61/><REACH who="1" ten="328,200,210,252" step="2"/><V83/><F124/><W121/><G127/><T130/><D130/><U100/><E100/><V9/><F126/><W75/><G123/><T76/><D112/><U67/><E67/><V97/><F101/><W114/><G75/><T104/><D113/><U62/><E62/><V92/><F106/><W133/><G114/><T82/><D50/><U107/><E107/><V60/><F60/><W12/><G121/><T7/><D104/><U36/><E36/><V80/><F51/><W56/><G39/><T18/><D46/><U44/><E44/><V58/><F58/><W102/><G66/><T13/><D76/><U63/><E63/><V99/><F49/><W64/><G64/><T93/><D82/><U10/><E10/><V1/><F48/><W91/><G102/><T132/><D11/><U81/><E81/><V95/><F83/><W71/><G71/><T78/><D78/><U128/><E128/><V110/><F80/><W16/><G57/><T45/><D45/><U31/><E31/><N who="2" m="17863" /><F110/><W87/><G56/><T129/><D129/><U69/><E69/><V40/><F40/><RYUUKYOKU ba="0,1" sc="328,-10,200,30,210,-10,252,-10" hai1="3,4,5,6,8,25,29,33,86,94" />
</Scene>
<Scene>
<INIT seed="1,1,1,4,3,104" ten="318,230,200,242" oya="1" hai0="68,122,6,70,5,132,98,31,124,56,74,46,57" hai1="47,92,112,52,55,58,119,130,107,34,135,78,106" hai2="88,94,87,11,105,80,85,17,40,60,48,116,30" hai3="129,117,66,14,118,36,86,126,128,102,125,1,62"/><U28/><E119/><N who="3" m="45578" /><G14/><T26/><D74/><U16/><E112/><V77/><F116/><W20/><G1/><T67/><D122/><U96/><E78/><V10/><F105/><W82/><G20/><T75/><D75/><U39/><E130/><N who="3" m="50282" /><G102/><T90/><D124/><N who="3" m="47721" /><G36/><T9/><D5/><U100/><E39/><V61/><F30/><W95/><G95/><T3/><D26/><U115/><E92/><V111/><F111/><W63/><G66/><T71/><D31/><U97/><E106/><V123/><F123/><W76/><AGARI ba="1,1" hai="62,63,76,82,86" m="47721,50282,45578" machi="76" ten="40,5200,0" yaku="12,1,19,1,18,1" doraHai="104" who="3" fromWho="3" sc="318,-14,230,-27,200,-14,242,65" />
</Scene>
<Scene>
<INIT seed="2,0,0,2,0,69" ten="304,203,186,307" oya="2" hai0="108,49,11,19,51,41,94,75,79,131,34,71,96" hai1="97,110,99,40,72,85,83,77,74,10,103,125,100" hai2="52,20,84,78,61,98,15,28,37,5,8,135,62" hai3="111,70,112,86,91,120,33,13,54,29,30,56,6"/><V127/><F37/><W60/><G70/><T113/><D113/><U43/><E10/><V81/><F127/><W36/><G36/><T124/><D71/><U17/><E17/><V82/><F135/><W73/><G73/><N who="1" m="28266" /><E43/><V31/><F82/><W38/><G38/><T101/><D34/><U27/><E27/><N who="2" m="16487" /><F31/><W107/><G107/><T130/><D124/><U9/><E9/><V23/><F98/><N who="1" m="37385" /><E40/><V53/><F23/><W66/><G33/><T89/><D41/><U57/><E57/><V128/><F128/><N who="0" m="49194" /><D19/><U32/><E32/><V46/><F53/><W24/><G54/><T126/><D11/><U95/><E125/><V18/><F5/><W25/><G6/><T109/><D51/><AGARI ba="0,0" hai="8,15,18,46,51,52,61,62,78,81,84" m="16487" machi="51" ten="30,2900,0" yaku="8,1,54,1" doraHai="69" who="2" fromWho="0" sc="304,-29,203,0,186,29,307,0" />
</Scene>
<Scene>
<INIT seed="2,1,0,2,5,84" ten="275,203,215,307" oya="2" hai0="54,67,79,98,12,123,110,47,97,127,92,14,10" hai1="39,135,95,117,24,70,4,134,82,60,6,58,13" hai2="126,28,65,41,120,130,76,62,100,18,93,112,131" hai3="105,3,118,43,77,27,69,71,72,96,44,26,11"/><V133/><F112/><W86/><G118/><T99/><D123/><U22/><E117/><V45/><F120/><W1/><G86/><T63/><D127/><U51/><E39/><V129/><F126/><W17/><G26/><T34/><D34/><U40/><E82/><V42/><F28/><W0/><G27/><T108/><D79/><U87/><E70/><N who="2" m="42295" /><F76/><W106/><G17/><T125/><D125/><U21/><E40/><N who="2" m="15467" /><F45/><W113/><G11/><T5/><D14/><U89/><E51/><V102/><F133/><N who="1" m="50697" /><E13/><V38/><F38/><N who="3" m="21623" /><G113/><T25/><D25/><U33/><E33/><V59/><F59/><W121/><G121/><T15/><D15/><U132/><N who="1" m="50705" /><U124/><DORA hai="29" /><E124/><V78/><F78/><W31/><G31/><T64/><D92/><U81/><E95/><V2/><F2/><W119/><G119/><T61/><D47/><U57/><E57/><V103/><F18/><W109/><G106/><T107/><D107/><U49/><E49/><V88/><F103/><W73/><G77/><T83/><D83/><U20/><E24/><V53/><F53/><AGARI ba="1,0" hai="4,6,20,21,22,53,58,60,81,87,89" m="50705" machi="53" ten="40,2600,0" yaku="20,1,52,1" doraHai="84,29" who="1" fromWho="2" sc="275,0,203,29,215,-29,307,0" />
</Scene>
<Scene>
<INIT seed="3,0,0,2,0,38" ten="275,232,186,307" oya="3" hai0="94,118,108,14,30,68,102,49,116,69,88,56,90" hai1="22,47,10,72,6,17,59,135,24,8,119,3,74" hai2="123,48,75,58,12,84,86,19,67,85,97,29,114" hai3="130,133,82,43,5,71,77,122,37,40,50,32,4"/><W98/><G32/><T46/><D108/><U18/><E135/><V106/><F75/><W51/><G71/><T132/><D132/><U96/><E119/><V101/><F114/><W126/><G122/><T35/><D102/><U27/><E59/><V87/><F123/><W44/><G126/><T73/><D73/><U100/><E47/><V23/><N who="2" m="22016" /><DORA hai="95" /><V91/><F29/><W57/><G82/><T124/><D124/><U39/><E39/><V103/><F106/><W42/><G77/><T127/><D127/><U63/><E63/><V125/><F125/><W89/><G130/><T13/><D35/><U104/><REACH who="1" step="1"/><E8/><REACH who="1" ten="275,222,186,307" step="2"/><V9/><F9/><W45/><G133/><T21/><D56/><U134/><E134/><V76/><F76/><W54/><G37/><T109/><D116/><U120/><E120/><V110/><F110/><W65/><G65/><T92/><D109/><U112/><E112/><V55/><REACH who="2" step="1"/><F67/><REACH who="2" ten="275,222,176,307" step="2"/><W93/><G44/><T70/><D118/><U128/><E128/><V64/><F64/><W2/><G2/><T11/><D11/><U131/><E131/><V113/><F113/><W99/><G45/><T41/><D46/><U1/><E1/><V117/><F117/><W52/><G54/><T15/><D69/><U121/><E121/><V53/><F53/><W79/><G52/><T33/><D68/><U129/><E129/><V31/><F31/><W36/><G57/><T115/><D70/><U7/><E7/><V107/><F107/><W111/><G36/><T105/><D105/><U80/><E80/><V16/><F16/><W34/><G5/><RYUUKYOKU ba="0,2" sc="275,-15,222,15,176,15,307,-15" hai1="3,6,10,17,18,22,24,27,72,74,96,100,104" hai2="12,19,23,48,55,58,91,97,101,103" />
</Scene>
<Scene>
<INIT seed="4,1,2,4,4,8" ten="260,237,191,292" oya="0" hai0="128,106,28,76,10,78,11,98,22,122,53,25,61" hai1="36,40,87,42,15,19,133,77,32,96,99,4,101" hai2="118,0,49,63,119,60,80,112,125,2,26,126,91" hai3="56,132,89,79,1,23,90,13,69,29,34,88,3"/><T120/><D128/><U71/><E32/><V113/><F26/><W9/><G69/><T37/><D37/><U47/><E71/><V94/><F80/><W55/><G132/><T123/><D123/><U52/><E133/><V67/><F49/><W124/><G124/><N who="2" m="47721" /><F63/><W85/><G34/><T121/><D98/><N who="1" m="37419" /><E4/><V105/><F105/><W103/><G103/><T20/><D106/><U46/><E101/><V59/><F91/><W116/><G116/><N who="2" m="44585" /><F94/><W16/><G79/><T62/><D22/><N who="1" m="11647" /><E36/><V130/><F130/><W7/><G85/><T114/><D114/><AGARI ba="1,2" hai="0,2,59,60,67,112,113,114" m="44585,47721" machi="114" ten="40,5200,0" yaku="15,1,18,1,12,1" doraHai="8" who="2" fromWho="0" sc="260,-55,237,0,191,75,292,0" />
</Scene>
<Scene>
<INIT seed="5,0,0,3,1,73" ten="205,237,266,292" oya="1" hai0="49,7,46,26,81,51,42,123,6,62,50,111,67" hai1="70,127,104,2,9,99,52,12,77,40,107,16,108" hai2="30,20,82,78,37,106,0,92,126,1,135,97,32" hai3="94,10,86,119,121,24,45,76,64,112,18,125,101"/><U129/><E70/><V131/><F106/><W17/><G121/><T79/><D111/><U22/><E108/><V53/><F37/><W75/><G125/><T44/><D26/><U31/><E40/><V83/><F32/><W59/><G112/><T69/><D123/><U28/><E127/><V74/><F126/><W66/><G119/><T8/><D8/><U57/><E129/><V80/><F131/><W120/><G75/><T14/><D14/><U61/><E77/><V91/><F135/><W90/><G45/><T128/><D128/><U58/><E58/><V47/><F1/><W71/><G71/><T55/><REACH who="0" step="1"/><D50/><REACH who="0" ten="195,237,266,292" step="2"/><U38/><E38/><V117/><F117/><W13/><G120/><T4/><D4/><U102/><REACH who="1" step="1"/><E107/><REACH who="1" ten="195,227,266,292" step="2"/><V100/><F0/><W132/><G132/><T105/><D105/><U29/><E29/><V34/><F34/><W15/><G10/><T65/><D65/><U124/><E124/><V23/><F30/><W84/><G66/><T11/><D11/><U115/><E115/><V85/><F20/><W5/><G64/><T21/><D21/><U87/><E87/><AGARI ba="0,2" hai="6,7,42,44,46,49,51,55,62,67,69,79,81,87" machi="87" ten="30,3900,0" yaku="1,1,7,1,52,1,53,0" doraHai="73" doraHaiUra="54" who="0" fromWho="1" sc="195,59,227,-39,266,0,292,0" />
</Scene>
<Scene>
<INIT seed="6,0,0,3,0,20" ten="254,188,266,292" oya="2" hai0="106,24,36,65,74,29,100,41,39,128,63,1,69" hai1="10,66,11,78,133,119,122,13,92,51,116,15,56" hai2="49,90,34,57,108,99,28,81,37,129,132,71,4" hai3="117,95,113,130,114,2,0,112,124,86,43,88,6"/><V16/><F71/><W14/><G117/><T85/><D128/><U19/><E133/><V50/><F37/><W104/><G104/><T98/><D85/><U3/><E122/><V42/><F4/><W103/><G103/><T109/><D109/><U5/><E78/><V55/><F129/><W110/><G110/><T18/><D18/><U7/><E92/><V87/><F108/><W33/><G33/><N who="0" m="20647" /><D1/><U60/><REACH who="1" step="1"/><E51/><REACH who="1" ten="254,178,266,292" step="2"/><V75/><F132/><W96/><G130/><T102/><D102/><U94/><E94/><V126/><F126/><W53/><G124/><T123/><D123/><U30/><E30/><V70/><F75/><W48/><G114/><T27/><D74/><U131/><E131/><V35/><F35/><W83/><G113/><T44/><D39/><U68/><E68/><V32/><F70/><W26/><G112/><T64/><D64/><U59/><E59/><V12/><F28/><W40/><G40/><T125/><D125/><U76/><E76/><V62/><F49/><W105/><G43/><T8/><D8/><AGARI ba="0,1" hai="3,5,7,8,10,11,13,15,19,56,60,66,116,119" machi="8" ten="30,2000,0" yaku="1,1,7,1,53,0" doraHai="20" doraHaiUra="127" who="1" fromWho="0" sc="254,-20,178,30,266,0,292,0" />
</Scene>
<Scene>
<INIT seed="7,0,0,2,4,64" ten="234,208,266,292" oya="3" hai0="58,90,62,27,18,126,134,69,131,31,55,79,63" hai1="32,35,84,34,9,38,39,87,13,15,47,98,20" hai2="93,91,19,128,48,132,111,124,22,4,109,99,72" hai3="105,88,77,118,71,12,66,125,5,45,97,8,10"/><W108/><G108/><T92/><D126/><U51/><E98/><V73/><F4/><W0/><G125/><T115/><D131/><U68/><E68/><V133/><F124/><W33/><G118/><T96/><D134/><N who="2" m="51818" /><F48/><W17/><G33/><T94/><D79/><U113/><E113/><V76/><F76/><W85/><G77/><T52/><D115/><U86/><E20/><V116/><F116/><W95/><G45/><T119/><D119/><U122/><E122/><V42/><F42/><W74/><G74/><N who="2" m="28777" /><F128/><W120/><G120/><T70/><D94/><U2/><E2/><V3/><F3/><W50/><G50/><T127/><D127/><U101/><E101/><V135/><N who="2" m="51826" /><V82/><DORA hai="30" /><F82/><W67/><REACH who="3" step="1"/><G71/><REACH who="3" ten="234,208,266,282" step="2"/><T16/><D69/><U28/><E28/><V106/><F106/><W110/><G110/><T23/><D70/><U53/><REACH who="1" step="1"/><E15/><AGARI ba="0,1" hai="15,19,22,91,93,99,109,111" m="28777,51826" machi="15" ten="40,1300,0" yaku="20,1" doraHai="64,30" who="2" fromWho="1" sc="234,0,208,-13,266,23,282,0" owari="234,-17.0,195,-30.0,289,39.0,282,8.0" />
</Scene>
</mjloggm>