<mjloggm ver="2.3"><GO type="97"/><UN n0="%E3%81%A1%E3%81%B3%E3%82%8A%E3%82%B8%E3%82%B4%E3%83%AD" n1="%61%6E%70%61%6E%30%32" n2="%E3%81%B4%E3%81%A0%E3%82%80" n3="%E5%A4%AA%E3%81%8F%E3%81%AA%E3%81%84%E3%81%8A" dan="14,14,13,14" rate="1897,1863,1914,2026" sx="M,M,M,M"/><TAIKYOKU oya="0"/>

<Scene>
<INIT seed="0,0,0,4,5,119" ten="250,250,250,250" oya="0" hai0="110,133,134,75,111,21,35,100,80,120,77,127,65" hai1="132,113,16,26,57,98,104,38,101,28,99,30,61" hai2="118,50,130,64,74,43,44,92,32,89,34,70,29" hai3="55,5,115,66,125,105,71,17,122,31,24,95,129"/><T86/><D35/><U20/><E38/><V128/><F118/><W22/><G115/><T54/><D65/><U87/><E132/><N who="0" m="50793" /><D100/><U116/><E116/><V83/><F29/><W107/><G66/><T108/><D127/><U124/><E124/><V102/><F102/><W131/><G125/><T2/><D2/><U9/><E113/><V96/><F64/><W126/><G126/><T37/><D37/><U10/><E98/><V4/><F4/><W23/><G5/><T14/><D54/><U62/><E87/><V13/><F13/><W67/><G55/><T42/><D42/><U69/><E69/><V7/><F7/><W52/><G52/><T106/><D106/><U41/><E41/><V48/><F48/><W56/><G71/><T90/><D21/><U85/><E62/><V68/><F70/><W79/><G107/><T63/><D63/><U47/><E47/><V0/><F0/><W103/><G105/><T12/><D120/><U39/><E39/><V40/><F40/><W27/><G122/><T76/><D76/><U112/><E112/><V51/><F50/><W49/><G49/><T88/><D90/><U78/><E30/><V72/><F68/><W82/><G67/><T19/><D19/><U93/><E104/><V73/><REACH who="2" step="1"/><F83/><AGARI ba="0,0" hai="12,14,75,77,80,83,86,88,108,110,111" m="50793" machi="83" ten="40,12000,1" yaku="14,1,10,1,20,1,54,1" doraHai="119" who="0" fromWho="2" sc="250,120,250,0,250,-120,250,0" />
</Scene>
<Scene>
<INIT seed="0,1,0,3,0,97" ten="370,250,130,250" oya="0" hai0="99,87,13,32,85,74,10,83,79,82,56,52,113" hai1="134,114,118,75,72,116,35,91,119,33,98,28,44" hai2="45,129,50,106,46,133,123,25,112,19,96,55,105" hai3="17,54,14,30,36,57,15,0,100,81,117,115,77"/><T121/><D32/><U29/><E44/><V18/><F123/><W38/><G117/><T48/><D121/><U51/><E51/><V130/><F112/><W69/><G0/><T59/><D113/><U94/><E114/><V101/><F106/><W43/><G115/><T131/><D131/><N who="2" m="50186" /><F133/><W24/><G69/><T4/><D99/><U110/><E134/><V90/><F90/><W23/><G100/><T76/><D74/><U125/><E125/><V20/><F46/><AGARI ba="1,0" hai="4,10,13,46,48,52,56,59,76,79,82,83,85,87" machi="46" ten="30,11600,0" yaku="7,1,9,1,8,1,54,1" doraHai="97" who="0" fromWho="2" sc="370,119,250,0,130,-119,250,0" />
</Scene>
<Scene>
<INIT seed="0,2,0,0,0,63" ten="489,250,11,250" oya="0" hai0="77,105,106,122,38,91,15,14,62,53,6,26,51" hai1="29,84,114,127,44,124,4,48,74,30,39,130,41" hai2="95,89,101,37,104,94,65,119,123,9,59,35,33" hai3="131,10,66,99,98,93,133,90,46,128,23,40,56"/><T3/><D38/><U96/><E74/><V118/><F37/><N who="3" m="21775" /><G23/><T43/><D122/><U49/><E130/><N who="3" m="49706" /><G133/><T87/><D77/><U2/><E114/><V28/><F123/><W108/><G108/><T73/><D73/><U112/><E112/><V12/><F28/><N who="1" m="10857" /><E96/><V61/><F104/><W52/><G10/><T60/><D105/><U72/><E84/><V55/><F101/><W21/><G21/><T58/><D106/><U76/><E4/><V11/><F11/><W54/><G99/><T111/><D111/><U20/><E2/><V92/><F89/><W24/><G24/><T100/><D3/><U88/><E20/><V19/><REACH who="2" step="1"/><F55/><REACH who="2" ten="489,250,1,250" step="2"/><W71/><G52/><T125/><D100/><U78/><E72/><V67/><F67/><W64/><G71/><T129/><D129/><U34/><E88/><V83/><F83/><W135/><G135/><T45/><D26/><U121/><E121/><V36/><F36/><W115/><G115/><T110/><D110/><U132/><E132/><V27/><F27/><W126/><G126/><N who="1" m="48170" /><E34/><AGARI ba="2,1" hai="9,12,19,33,34,35,59,61,65,92,94,95,118,119" machi="34" ten="40,2600,0" yaku="1,1,52,1,53,0" doraHai="63" doraHaiUra="134" who="2" fromWho="1" sc="489,0,250,-32,1,42,250,0" />
</Scene>
<Scene>
<INIT seed="1,0,0,5,5,38" ten="489,218,43,250" oya="1" hai0="95,60,113,87,58,131,81,101,88,83,71,11,67" hai1="122,100,22,110,19,76,42,13,62,63,32,43,115" hai2="55,31,47,127,1,112,34,41,26,44,99,126,73" hai3="111,8,80,109,54,25,51,50,116,119,78,28,48"/><U37/><E122/><V108/><F1/><W59/><G8/><T133/><D113/><U30/><E115/><V118/><F112/><W93/><G93/><T36/><D36/><U66/><E37/><N who="2" m="21551" /><F73/><N who="3" m="43087" /><G54/><T18/><D71/><U128/><E128/><V16/><F118/><N who="3" m="45099" /><G59/><T53/><D131/><U120/><E120/><V135/><F99/><W64/><G64/><T21/><D67/><U106/><E110/><V79/><F79/><W96/><G96/><N who="0" m="59551" /><D11/><U5/><E76/><V0/><F0/><W70/><G70/><T125/><D133/><U17/><E106/><V124/><F108/><W98/><G98/><T15/><D125/><U94/><E32/><AGARI ba="0,0" hai="25,28,32,48,50,51,109,111" m="45099,43087" machi="32" ten="30,1000,0" yaku="12,1" doraHai="38" who="3" fromWho="1" sc="489,0,218,-10,43,0,250,10" />
</Scene>
<Scene>
<INIT seed="2,0,0,1,4,93" ten="489,208,43,260" oya="2" hai0="56,55,100,91,0,37,73,84,53,105,65,103,94" hai1="45,122,92,135,26,10,115,86,72,104,52,101,89" hai2="38,9,46,8,70,113,120,110,30,39,68,31,87" hai3="77,40,24,90,99,80,60,131,23,14,71,21,6"/><V117/><F113/><W96/><G131/><T2/><D37/><U74/><E115/><V59/><F117/><W62/><G40/><T28/><D73/><U33/><E122/><V64/><F120/><W66/><G62/><T129/><D28/><U1/><E135/><V35/><F110/><W42/><G42/><T13/><D2/><U58/><E45/><V88/><F46/><W16/><G90/><T47/><D0/><U97/><E33/><V5/><F39/><W49/><G49/><T44/><D65/><U114/><E114/><V12/><F38/><W134/><G134/><T82/><D105/><U98/><E26/><V67/><F35/><W124/><G124/><T32/><D32/><U27/><E27/><V57/><F70/><W75/><G6/><T81/><D129/><U7/><REACH who="1" step="1"/><E86/><REACH who="1" ten="489,198,43,260" step="2"/><V41/><F41/><W106/><REACH who="3" step="1"/><G106/><REACH who="3" ten="489,198,43,250" step="2"/><T116/><D116/><U54/><E54/><V69/><F69/><W78/><G78/><T51/><D55/><U123/><E123/><V17/><F68/><W128/><G128/><T22/><D47/><U85/><E85/><V109/><F67/><W19/><AGARI ba="0,2" hai="14,16,19,21,23,24,60,66,71,75,77,80,96,99" machi="19" ten="20,12000,2" yaku="1,1,0,1,7,1,52,2,54,1,53,1" doraHai="93" doraHaiUra="63" who="3" fromWho="3" sc="489,-30,198,-30,43,-60,250,140" owari="459,56.0,168,-23.0,-17,-52.0,390,19.0" />
</Scene>
</mjloggm>