<mjloggm ver="2.3"><GO type="97"/><UN n0="%E5%A4%AA%E3%81%8F%E3%81%AA%E3%81%84%E3%81%8A" n1="%4E%6F%2E%31%31" n2="%E6%9D%8F%E4%BB%81%E3%81%A9%E3%81%86%E3%81%B5%E3%83%BC" n3="%79%6F%6E%65%6B%6F" dan="15,14,15,14" rate="2026,1861,1909,1883" sx="M,M,M,M"/><TAIKYOKU oya="0"/>

<Scene>
<INIT seed="0,0,0,0,5,98" ten="250,250,250,250" oya="0" hai0="97,90,25,69,11,12,9,33,35,46,31,48,109" hai1="134,55,51,125,47,24,30,22,76,18,135,94,26" hai2="15,122,93,82,96,83,118,21,7,106,60,19,101" hai3="126,120,1,63,116,115,23,128,112,34,88,50,49"/><T14/><D69/><U100/><E76/><V95/><F122/><W113/><G34/><T67/><D67/><U108/><E108/><V105/><F118/><W43/><G1/><T37/><D37/><U64/><E125/><V81/><F7/><W102/><G116/><T56/><D109/><U133/><E94/><V87/><REACH who="2" step="1"/><F60/><REACH who="2" ten="250,250,240,250" step="2"/><W13/><G120/><T16/><D35/><U78/><E135/><V53/><F53/><W72/><G63/><T3/><D33/><U79/><E134/><V45/><F45/><W54/><G54/><T32/><D46/><U123/><E64/><V52/><F52/><W0/><G115/><T111/><D111/><U57/><E123/><V129/><F129/><W91/><G128/><T131/><D131/><U74/><E47/><V41/><F41/><W44/><G43/><T39/><D32/><U5/><E5/><V42/><F42/><W8/><G44/><T92/><D39/><U28/><E55/><V127/><F127/><W110/><G126/><T4/><D4/><U66/><E66/><V58/><F58/><W75/><G110/><T10/><D56/><U114/><E57/><V107/><F107/><W73/><G113/><T65/><D65/><U20/><E114/><V62/><F62/><W77/><G112/><T119/><D119/><U132/><E132/><V130/><F130/><W6/><G6/><T59/><D59/><U124/><E124/><V38/><F38/><W80/><G80/><T104/><D104/><U89/><E133/><V117/><F117/><W68/><G68/><T17/><D3/><U84/><E51/><RYUUKYOKU ba="0,1" sc="250,-10,250,-10,240,30,250,-10" hai2="15,19,21,81,82,83,87,93,95,96,101,105,106" />
</Scene>
<Scene>
<INIT seed="1,1,1,0,2,61" ten="240,240,270,240" oya="1" hai0="88,103,92,120,105,58,75,83,2,74,89,104,5" hai1="10,131,3,8,37,81,11,110,73,26,69,117,126" hai2="118,16,113,94,45,55,36,134,87,72,132,93,14" hai3="18,47,68,96,54,31,53,106,1,67,34,39,6"/><U97/><E117/><V49/><F72/><N who="0" m="27690" /><D58/><U13/><E3/><V59/><F118/><W51/><G1/><T9/><D9/><U135/><E110/><V33/><F33/><W48/><G6/><T109/><D5/><U114/><E37/><V116/><F116/><W130/><G130/><T129/><D2/><U19/><E131/><V40/><F113/><W38/><G96/><N who="0" m="59783" /><D129/><U115/><E126/><V66/><F66/><W46/><G106/><N who="0" m="41067" /><D109/><U111/><E111/><V71/><F71/><W77/><G18/><T70/><D70/><U42/><E69/><V17/><F17/><W57/><G31/><T50/><D50/><U20/><E42/><V99/><F87/><W133/><G34/><T43/><D43/><U98/><E13/><V107/><F107/><W12/><G12/><T44/><D44/><U100/><E114/><V0/><F0/><W85/><G85/><N who="0" m="50239" /><D120/><U41/><E19/><V60/><F36/><W80/><G68/><T102/><D89/><U64/><E41/><V123/><F123/><W21/><G67/><T29/><D29/><U78/><E64/><V128/><F128/><W30/><G57/><T127/><D127/><U35/><E8/><V56/><F56/><W125/><G125/><T22/><D22/><U4/><E10/><V122/><F122/><W79/><G39/><T108/><D108/><U62/><E11/><V82/><F14/><W27/><G38/><T28/><D28/><U65/><E20/><V52/><F16/><W23/><G30/><T121/><D121/><U124/><E4/><V24/><F40/><W7/><G46/><RYUUKYOKU ba="1,1" sc="240,30,240,-10,270,-10,240,-10" hai0="102" />
</Scene>
<Scene>
<INIT seed="2,2,1,4,5,55" ten="270,230,260,230" oya="2" hai0="91,56,34,13,130,33,115,29,44,99,38,87,57" hai1="118,98,12,96,23,123,67,21,26,16,114,112,128" hai2="75,47,133,2,122,30,82,111,35,132,90,134,9" hai3="71,100,126,37,121,11,107,106,86,36,41,131,80"/><V25/><F122/><W43/><G121/><T17/><D115/><U4/><E123/><V70/><F70/><W8/><G71/><T63/><D130/><U76/><E118/><V68/><F68/><W22/><G131/><T5/><D5/><U117/><E128/><V108/><F47/><W66/><G66/><T85/><D99/><U113/><E117/><V81/><F90/><W124/><G22/><T20/><D85/><U83/><E4/><N who="2" m="1175" /><F75/><W46/><G100/><T92/><D29/><U104/><E67/><V69/><F69/><W51/><G51/><T127/><D127/><N who="3" m="48681" /><G86/><T72/><D72/><U45/><E45/><V89/><F89/><W110/><G80/><AGARI ba="2,1" hai="25,30,35,80,81,82,108,111,132,133,134" m="1175" machi="80" ten="40,2000,0" yaku="20,1" doraHai="55" who="2" fromWho="3" sc="270,0,230,0,260,36,230,-26" />
</Scene>
<Scene>
<INIT seed="2,3,0,2,0,93" ten="270,230,296,204" oya="2" hai0="107,46,77,64,72,40,58,1,81,31,66,38,32" hai1="101,49,78,18,91,75,125,61,26,13,63,109,122" hai2="5,43,17,33,127,9,39,20,41,6,121,131,89" hai3="53,27,45,57,123,54,104,84,103,94,133,108,24"/><V88/><F121/><W19/><G123/><T55/><D107/><U11/><E101/><V118/><F118/><W114/><G104/><T48/><REACH who="0" step="1"/><D1/><REACH who="0" ten="260,230,296,204" step="2"/><U97/><E122/><V90/><F131/><W34/><G114/><T56/><D56/><U113/><E113/><V132/><F132/><W10/><G133/><T62/><D62/><U110/><E63/><V60/><F60/><W37/><G57/><T67/><D67/><U59/><E61/><V70/><F70/><W98/><G108/><T0/><D0/><U120/><E110/><V23/><F127/><W7/><G45/><T42/><D42/><U112/><E125/><V117/><F117/><W95/><G34/><T71/><D71/><U2/><E109/><V86/><F33/><W47/><G47/><T22/><D22/><U52/><E112/><V74/><F20/><W4/><G10/><T85/><D85/><U129/><E120/><V99/><F86/><W124/><G84/><T79/><D79/><U135/><E135/><V80/><F23/><W8/><G8/><T130/><D130/><U15/><E129/><V44/><F43/><W29/><G124/><T115/><D115/><U50/><E2/><V92/><F9/><W36/><G7/><T25/><AGARI ba="3,1" hai="25,31,32,38,40,46,48,55,58,64,66,72,77,81" machi="25" ten="30,4000,0" yaku="1,1,0,1,53,1" doraHai="93" doraHaiUra="28" who="0" fromWho="0" sc="260,59,230,-13,296,-23,204,-13" />
</Scene>
<Scene>
<INIT seed="3,0,0,5,2,54" ten="319,217,273,191" oya="3" hai0="121,31,15,72,41,52,109,113,114,9,46,26,117" hai1="66,75,18,131,67,44,68,39,11,29,100,27,53" hai2="83,80,124,12,108,101,7,92,73,4,64,127,21" hai3="59,107,42,45,133,30,102,16,43,23,120,56,94"/><W32/><G120/><T13/><D121/><U40/><E75/><V5/><F108/><W48/><G107/><T97/><D117/><U116/><E116/><V71/><F73/><W10/><G32/><N who="0" m="20599" /><D72/><U61/><E131/><V125/><F71/><W90/><G102/><T91/><D109/><U110/><E110/><V77/><F64/><W119/><G119/><T8/><D52/><U50/><E67/><V106/><F106/><W129/><G129/><T76/><D76/><U115/><E100/><V118/><F118/><W17/><G133/><T134/><D134/><U82/><E82/><V55/><F77/><W69/><G69/><T33/><D33/><U112/><E18/><N who="3" m="7274" /><G10/><N who="0" m="4203" /><D91/><U88/><E88/><V20/><F101/><W25/><G43/><T35/><D97/><AGARI ba="0,0" hai="23,25,30,42,45,48,56,59,90,94,97" m="7274" machi="97" ten="30,11600,0" yaku="8,1,52,2,54,1" doraHai="54" who="3" fromWho="0" sc="319,-116,217,0,273,0,191,116" owari="203,-30.0,217,-18.0,273,7.0,307,41.0" />
</Scene>
</mjloggm>