<mjloggm ver="2.3"><GO type="169"/><UN n0="%E6%AD%A6%E5%A3%AB%E6%B2%A2%E7%A7%80%E8%A1%8C" n1="%E2%99%AA%E3%83%A2%E3%83%8E%E3%82%AF%E3%83%AD" n2="%E7%8B%AC%E6%AD%A9" n3="%E5%A4%AA%E3%81%8F%E3%81%AA%E3%81%84%E3%81%8A" dan="17,18,17,17" rate="2197,2198,2130,2174" sx="M,F,M,M"/><TAIKYOKU oya="0"/>

<Scene>
<INIT seed="0,0,0,5,2,67" ten="250,250,250,250" oya="0" hai0="7,35,17,2,18,60,104,94,34,16,100,86,95" hai1="132,124,133,84,76,48,113,58,96,1,91,25,116" hai2="130,21,57,53,41,40,120,75,70,78,42,101,23" hai3="65,26,64,20,37,6,31,123,28,127,8,79,80"/><T69/><D104/><U22/><E116/><V3/><F3/><W59/><G37/><T47/><D95/><U103/><E1/><V33/><F33/><W122/><G127/><T131/><D131/><U99/><E76/><V74/><F120/><N who="3" m="46123" /><G28/><T110/><D47/><U114/><E124/><V14/><F130/><W109/><G59/><T93/><D93/><N who="1" m="58863" /><E48/><V119/><F101/><W89/><G89/><T38/><D38/><U52/><E52/><V54/><F119/><W118/><G118/><T11/><D110/><U115/><E58/><V77/><F41/><W72/><G109/><T85/><D85/><U129/><E129/><V56/><REACH who="2" step="1"/><F14/><AGARI ba="0,0" hai="6,8,14,20,26,31,64,65,72,79,80" m="46123" machi="14" ten="30,1000,0" yaku="13,1" doraHai="67" who="3" fromWho="2" sc="250,0,250,0,250,-10,250,10" />
</Scene>
<Scene>
<INIT seed="1,0,0,3,4,52" ten="250,250,240,260" oya="1" hai0="71,28,36,63,108,72,117,21,98,87,0,38,9" hai1="103,46,77,65,120,129,11,96,3,61,59,93,6" hai2="7,18,10,42,68,109,39,56,101,110,79,44,107" hai3="15,89,90,40,62,48,34,118,83,43,19,60,106"/><U64/><E129/><V22/><F68/><W1/><G1/><T112/><D108/><U114/><E114/><V41/><F41/><W99/><G34/><T88/><D72/><U92/><E120/><V134/><F134/><W80/><G118/><T33/><D33/><U57/><E77/><V100/><F79/><W25/><G25/><T53/><D117/><U69/><E64/><V20/><F20/><W126/><G126/><T78/><D78/><U113/><E113/><V24/><F56/><W121/><G121/><T81/><D112/><U27/><E46/><V75/><F75/><W5/><G5/><T76/><D71/><U130/><E130/><V82/><F82/><N who="3" m="31275" /><G106/><T111/><D111/><N who="2" m="42506" /><F107/><W35/><G35/><T26/><D0/><AGARI ba="0,0" hai="0,7,10,18,22,24,39,42,44,100,101" m="42506" machi="0" ten="30,1000,0" yaku="14,1" doraHai="52" who="2" fromWho="0" sc="250,-10,250,0,240,10,260,0" />
</Scene>
<Scene>
<INIT seed="2,0,0,3,1,80" ten="240,250,250,260" oya="2" hai0="18,83,49,125,102,6,117,90,26,74,111,24,10" hai1="67,53,85,23,0,62,27,69,35,29,121,133,19" hai2="36,87,118,60,41,71,97,78,14,123,1,91,68" hai3="54,119,128,129,44,58,94,38,59,42,57,50,134"/><V64/><F123/><W4/><G4/><T39/><D39/><U43/><E133/><V7/><F118/><W2/><G2/><T37/><D37/><U100/><E0/><V40/><F71/><W63/><G94/><T47/><D117/><U33/><E121/><V48/><F36/><W52/><G119/><T77/><D125/><U106/><E43/><V89/><F1/><W101/><G101/><T107/><D111/><U109/><E109/><V66/><F66/><N who="3" m="39279" /><G134/><T20/><D102/><U127/><E127/><V84/><F97/><W92/><G92/><T21/><D107/><U5/><E5/><V31/><F31/><W112/><G112/><T116/><D116/><U81/><E53/><V13/><F78/><W108/><G108/><T98/><D98/><U72/><E72/><V86/><F7/><W73/><G73/><T8/><D90/><U17/><E35/><V55/><F91/><W120/><G120/><T12/><D6/><U76/><E23/><V124/><F89/><W16/><G16/><T135/><D74/><U122/><E122/><V46/><REACH who="2" step="1"/><F124/><REACH who="2" ten="240,250,240,260" step="2"/><W32/><G32/><T9/><D77/><U45/><E69/><V79/><F79/><W22/><G22/><T95/><D21/><U110/><E110/><V114/><F114/><W75/><G75/><T15/><D20/><U115/><E115/><V30/><F30/><W99/><G99/><T131/><D135/><U3/><E3/><V126/><F126/><W34/><G34/><T132/><D132/><U11/><E33/><V93/><F93/><W103/><G103/><T51/><D95/><RYUUKYOKU ba="0,1" sc="240,-15,250,-15,240,15,260,15" hai2="13,14,40,41,46,48,55,60,64,68,84,86,87" hai3="38,42,44,50,52,54,58,59,128,129" />
</Scene>
<Scene>
<INIT seed="2,1,1,3,1,115" ten="225,235,255,275" oya="2" hai0="63,122,76,74,50,19,10,84,48,108,16,77,135" hai1="110,43,104,118,117,62,95,88,103,111,23,11,128" hai2="35,105,83,37,100,22,34,8,45,75,113,131,119" hai3="133,123,65,6,53,93,39,58,27,87,124,26,52"/><V92/><F113/><W60/><G123/><T46/><D108/><N who="1" m="41515" /><E128/><V67/><F131/><W78/><G39/><T40/><D135/><U120/><E120/><V94/><F67/><W47/><G133/><T13/><D122/><U70/><E43/><V80/><F105/><W33/><G124/><T21/><D74/><U9/><E103/><V24/><F8/><N who="1" m="3145" /><E104/><V112/><F112/><W55/><G6/><T130/><D130/><U86/><E23/><V90/><F75/><W44/><G33/><T30/><D30/><U116/><E62/><V5/><F5/><W1/><G1/><T96/><D63/><U51/><E51/><V42/><F35/><W18/><G18/><T73/><D73/><U38/><E70/><V15/><F34/><W14/><G14/><T61/><D61/><U20/><E20/><V125/><F15/><W49/><G44/><T12/><D50/><U99/><E38/><V102/><F125/><W25/><REACH who="3" step="1"/><G93/><REACH who="3" ten="225,235,255,265" step="2"/><T121/><D121/><U69/><E69/><V4/><F4/><W126/><G126/><T32/><D32/><U28/><E28/><V97/><F100/><W7/><G7/><T36/><D36/><U79/><E79/><V57/><F94/><W41/><G41/><T72/><D76/><U85/><AGARI ba="1,2" hai="85,86,88,95,99,116,117,118" m="3145,41515" machi="85" ten="40,8000,1" yaku="14,1,52,3,54,1" doraHai="115" who="1" fromWho="1" sc="225,-21,235,103,255,-41,265,-21" />
</Scene>
<Scene>
<INIT seed="3,0,0,0,1,8" ten="204,338,214,244" oya="3" hai0="128,105,115,56,58,53,97,31,42,40,134,18,73" hai1="26,3,130,59,68,110,65,72,86,111,39,63,45" hai2="47,113,61,94,24,129,37,75,28,81,90,52,125" hai3="95,123,33,44,109,91,70,82,71,117,93,132,96"/><W64/><G123/><T43/><D73/><U116/><E72/><V74/><F113/><W10/><G117/><T121/><D121/><U83/><E3/><V13/><F129/><W6/><G33/><T17/><D128/><U34/><E130/><V32/><F125/><W77/><G132/><T36/><D134/><U4/><E4/><V66/><F81/><W120/><G120/><T84/><D115/><U27/><E116/><V21/><F13/><W35/><G35/><T22/><D36/><U20/><E34/><V41/><F32/><W100/><G109/><N who="1" m="41482" /><E59/><V62/><F62/><W12/><G64/><T14/><D31/><U85/><E20/><V108/><F108/><W76/><G44/><T0/><D0/><U98/><E98/><V60/><F60/><W9/><G9/><T23/><D84/><N who="1" m="32363" /><E83/><V2/><F2/><W49/><G49/><T55/><D97/><U46/><E46/><V51/><F94/><W79/><REACH who="3" step="1"/><G82/><REACH who="3" ten="204,338,214,234" step="2"/><T126/><D126/><U78/><E45/><V88/><F75/><W107/><G107/><T69/><D105/><U135/><E135/><V106/><F74/><W89/><G89/><T19/><D69/><U114/><E114/><V54/><F106/><W102/><G102/><T11/><D58/><U5/><E39/><V38/><F38/><W124/><G124/><T87/><D56/><U118/><E118/><V101/><F101/><W119/><G119/><T1/><D11/><U127/><E127/><V50/><F37/><W103/><G103/><T30/><D23/><U57/><E57/><N who="2" m="37167" /><F51/><W133/><G133/><T80/><D22/><RYUUKYOKU ba="0,1" sc="204,-15,338,-15,214,15,234,15" hai2="21,24,28,41,47,50,52,54,88,90" hai3="6,10,12,70,71,76,77,79,91,93,95,96,100" />
</Scene>
<Scene>
<INIT seed="3,1,1,3,2,70" ten="189,323,229,249" oya="3" hai0="39,128,109,31,38,5,52,75,120,21,104,122,94" hai1="25,63,113,103,81,124,15,125,3,86,72,127,73" hai2="74,123,98,77,118,134,19,22,114,1,18,130,35" hai3="117,30,112,67,4,66,102,46,8,111,23,105,29"/><W79/><G117/><T83/><D104/><U14/><E113/><V34/><F77/><W116/><G116/><T80/><D5/><U16/><E3/><V2/><F98/><W28/><G112/><T82/><D75/><N who="1" m="28747" /><E103/><V6/><F74/><W27/><G79/><T37/><D94/><U76/><E63/><V115/><F118/><W129/><G129/><T132/><D128/><U36/><E36/><V78/><F78/><W126/><G126/><T99/><D99/><U51/><E51/><V131/><F22/><AGARI ba="1,1" hai="14,15,16,22,25,76,81,86,124,125,127" m="28747" machi="22" ten="40,2600,0" yaku="18,1,54,1" doraHai="70" who="1" fromWho="2" sc="189,0,323,39,229,-29,249,0" />
</Scene>
<Scene>
<INIT seed="4,0,0,0,2,63" ten="189,362,200,249" oya="0" hai0="94,117,108,8,80,99,131,50,16,15,82,121,134" hai1="78,104,42,86,115,19,37,85,51,116,55,2,84" hai2="87,13,79,130,54,59,27,14,10,35,47,101,22" hai3="90,123,56,72,65,39,60,111,113,98,36,100,75"/><T71/><D121/><U114/><E116/><V7/><F130/><W83/><G111/><T74/><D117/><U58/><E104/><V120/><F120/><W106/><G123/><T124/><D131/><U77/><E2/><V89/><F35/><W128/><G128/><T96/><D108/><U28/><E28/><V92/><F101/><W125/><G113/><N who="1" m="43018" /><E19/><V29/><F47/><AGARI ba="0,0" hai="37,42,47,51,55,58,77,78,84,85,86" m="43018" machi="47" ten="30,2000,0" yaku="15,1,11,1" doraHai="63" who="1" fromWho="2" sc="189,0,362,20,200,-20,249,0" />
</Scene>
<Scene>
<INIT seed="5,0,0,3,4,20" ten="189,382,180,249" oya="1" hai0="64,33,88,35,3,55,115,13,49,63,42,77,120" hai1="44,46,2,52,53,118,10,8,79,65,96,68,71" hai2="0,113,23,80,58,38,47,106,27,67,112,107,122" hai3="5,78,32,131,81,61,6,93,51,43,4,54,40"/><U134/><E118/><V12/><F122/><W102/><G32/><T129/><D120/><U25/><E79/><V60/><F0/><W29/><G131/><T26/><D129/><U95/><E134/><V14/><F80/><W50/><G29/><T39/><D3/><U103/><E2/><V101/><F38/><W74/><G61/><T31/><D115/><N who="2" m="44106" /><F47/><N who="1" m="17961" /><E68/><V76/><F76/><W104/><G104/><N who="2" m="39977" /><F101/><W30/><G102/><T123/><D77/><U84/><E71/><V119/><F119/><W108/><G81/><T111/><D123/><U135/><E65/><V7/><F7/><W121/><G5/><T57/><D39/><U56/><E84/><V125/><F125/><W28/><G78/><T83/><D42/><U87/><E87/><V62/><F62/><W97/><G121/><T110/><D35/><U45/><E45/><V66/><F66/><W37/><G37/><T89/><D13/><U69/><E69/><V127/><F127/><W114/><G114/><T91/><REACH who="0" step="1"/><D83/><REACH who="0" ten="179,382,180,249" step="2"/><U86/><E135/><V11/><F11/><W34/><G34/><T133/><D133/><U15/><E8/><V109/><F109/><W85/><G108/><T128/><D128/><U70/><E10/><V94/><F94/><W1/><G93/><T130/><D130/><U48/><E95/><V92/><F92/><W116/><G43/><T9/><D9/><U36/><E36/><V72/><F72/><W124/><G74/><T100/><D100/><U99/><E103/><V90/><F90/><W105/><G40/><T126/><D126/><U98/><E99/><V82/><F82/><RYUUKYOKU ba="0,1" sc="179,15,382,-15,180,15,249,-15" hai0="26,31,33,49,55,57,63,64,88,89,91,110,111" hai2="12,14,23,27,58,60,67" />
</Scene>
<Scene>
<INIT seed="6,1,1,0,4,13" ten="194,367,195,234" oya="2" hai0="108,85,111,30,120,28,63,60,123,24,130,51,0" hai1="42,117,75,35,90,134,52,94,93,4,135,69,27" hai2="15,88,59,54,11,26,57,80,58,110,132,124,41" hai3="2,1,49,101,125,38,44,55,89,9,12,61,131"/><V115/><F115/><W56/><G131/><T34/><D85/><U82/><E117/><V48/><F110/><N who="0" m="42026" /><D51/><U45/><E69/><V112/><F124/><W43/><G125/><T67/><D60/><U20/><E35/><V10/><F132/><N who="1" m="50729" /><E4/><V106/><F106/><W21/><G101/><T92/><D92/><U18/><E52/><V5/><F112/><W6/><G89/><T126/><D126/><U64/><E64/><V53/><F26/><W72/><G72/><T133/><D133/><U32/><E32/><V83/><F11/><W103/><G103/><T66/><D66/><U119/><E119/><V118/><F118/><W91/><G91/><T71/><D30/><U23/><E90/><V104/><F104/><W102/><G102/><T127/><D127/><U116/><E116/><V121/><F121/><N who="0" m="46666" /><D0/><U105/><E82/><N who="2" m="31275" /><F88/><W65/><G1/><T62/><D62/><U8/><E105/><V96/><F96/><W99/><G99/><T109/><N who="0" m="42034" /><T107/><DORA hai="128" /><D107/><U19/><E75/><V113/><F113/><W31/><G2/><T84/><D84/><U78/><E94/><V79/><F79/><W40/><G38/><T122/><N who="0" m="46674" /><T77/><DORA hai="97" /><D77/><U129/><E93/><V87/><F87/><W16/><G31/><T73/><D130/><U7/><E129/><V86/><F86/><W36/><G36/><T33/><D33/><U46/><E78/><V29/><F29/><W100/><G100/><T17/><D17/><U50/><E18/><V81/><N who="2" m="31283" /><V25/><DORA hai="98" /><F25/><W76/><G76/><T47/><D73/><RYUUKYOKU ba="1,1" sc="194,10,367,-30,195,10,234,10" hai0="24,28,34,47,63,67,71" hai2="5,10,15,41,48,53,54,57,58,59" hai3="6,9,12,16,21,40,43,44,49,55,56,61,65" />
</Scene>
<Scene>
<INIT seed="6,2,1,3,1,114" ten="204,337,205,244" oya="2" hai0="132,129,51,28,11,20,72,35,36,29,32,12,18" hai1="43,61,67,45,98,131,47,4,87,23,63,90,128" hai2="46,86,119,122,2,91,62,71,40,121,103,79,115" hai3="78,66,99,102,30,110,96,120,70,52,126,84,93"/><V82/><F115/><W127/><G110/><T116/><D36/><U39/><E4/><V9/><F103/><W37/><G120/><T107/><D72/><U34/><E34/><N who="0" m="12841" /><D107/><U1/><E1/><V65/><F119/><W55/><G37/><T58/><D51/><U104/><E47/><V21/><F21/><W3/><G3/><T125/><D58/><U135/><E135/><V42/><F42/><W106/><G30/><N who="0" m="11883" /><D132/><U88/><E23/><V123/><F2/><W64/><G78/><T22/><D129/><N who="1" m="49739" /><E67/><N who="3" m="25642" /><G84/><T117/><D125/><N who="3" m="47625" /><G70/><T19/><D22/><U108/><E87/><V16/><F79/><W101/><AGARI ba="2,1" hai="52,55,93,96,99,101,102,106" m="47625,25642" machi="101" ten="30,2000,0" yaku="18,1,54,1" doraHai="114" who="3" fromWho="3" sc="204,-7,337,-7,205,-12,244,36" />
</Scene>
<Scene>
<INIT seed="7,0,0,4,4,9" ten="197,330,193,280" oya="3" hai0="37,79,96,107,127,35,41,71,103,30,40,124,28" hai1="25,95,8,131,42,74,80,21,31,58,134,106,72" hai2="33,61,130,48,108,53,2,19,89,4,44,38,76" hai3="0,47,112,29,81,78,10,118,54,18,111,46,97"/><W121/><G121/><T122/><D122/><U77/><E106/><V56/><F108/><W39/><G118/><T17/><D79/><U100/><E131/><V94/><F33/><W101/><G29/><N who="0" m="11371" /><D35/><U7/><E134/><V83/><F130/><W98/><G111/><T105/><D71/><U36/><E58/><V135/><F38/><W84/><G112/><T23/><D37/><U51/><E36/><V87/><F135/><W27/><G0/><T3/><D3/><U11/><E72/><V62/><F2/><W128/><G128/><T117/><D107/><U55/><E42/><V12/><F4/><W34/><G34/><T57/><D57/><U102/><E95/><V132/><F132/><W125/><G125/><N who="0" m="48203" /><D117/><U82/><E82/><V133/><F133/><W68/><G68/><T75/><D75/><U66/><E66/><V50/><F76/><W116/><G116/><T5/><D5/><U70/><E70/><V86/><F86/><W49/><G39/><T93/><D105/><U22/><E7/><V126/><F83/><W6/><G6/><T24/><AGARI ba="0,0" hai="17,23,24,40,41,93,96,103" m="48203,11371" machi="24" ten="30,1100,0" yaku="18,1" doraHai="9" who="0" fromWho="0" sc="197,11,330,-3,193,-3,280,-5" owari="208,-19.0,327,42.0,190,-31.0,275,8.0" />
</Scene>
</mjloggm>