<mjloggm ver="2.3"><GO type="1"/><UN n0="%E5%A4%AA%E3%81%8F%E3%81%AA%E3%81%84%E3%81%8A" n1="%53%74%6F%6E%65%52%69%76" n2="%66%65%72%6E%61%6E%64%65" n3="%E3%83%9C%E3%83%8A%E3%83%AD%E3%83%B3" dan="1,10,5,9" rate="1563,1476,1585,1385" sx="M,M,M,F"/><TAIKYOKU oya="0"/>

<Scene>
<INIT seed="0,0,0,5,5,98" ten="250,250,250,250" oya="0" hai0="105,111,75,103,69,25,106,46,109,67,40,80,124" hai1="92,39,82,64,116,117,58,129,65,31,36,62,37" hai2="72,38,44,4,110,120,12,77,112,26,57,45,2" hai3="90,70,68,107,60,8,97,0,53,71,47,56,131"/><T59/><D124/><U76/><E31/><V100/><F2/><W16/><G131/><T128/><D128/><U122/><E122/><V125/><F120/><W96/><G0/><T81/><D69/><N who="3" m="17665" /><W101/><DORA hai="21" /><G97/><N who="0" m="61679" /><D106/><U123/><E129/><V63/><F125/><W87/><G47/><T10/><D10/><U127/><E123/><V35/><F112/><W89/><G87/><T49/><D75/><U42/><E127/><V29/><F38/><W43/><G43/><T41/><D41/><U113/><E113/><V115/><F115/><W13/><G107/><T135/><D25/><U15/><E42/><V14/><F110/><N who="0" m="41994" /><D135/><U34/><E34/><V19/><F4/><W23/><G8/><T84/><D84/><U20/><E92/><V134/><F134/><W126/><G126/><T79/><D79/><U74/><REACH who="1" step="1"/><E65/><REACH who="1" ten="250,240,250,250" step="2"/><V32/><F32/><W99/><G101/><T119/><D119/><U102/><E102/><V48/><F35/><W3/><G3/><T86/><D86/><U51/><E51/><V121/><F121/><W50/><G50/><T7/><D7/><U11/><E11/><V94/><F100/><W132/><G132/><T5/><D5/><U66/><E66/><V9/><F9/><W85/><G89/><T118/><D118/><U6/><E6/><V91/><F72/><W54/><G54/><T95/><D95/><U133/><E133/><V30/><F30/><W1/><G1/><T114/><D114/><U104/><E104/><V83/><F29/><W17/><G17/><AGARI ba="0,1" hai="15,17,20,36,37,39,58,62,64,74,76,82,116,117" machi="17" ten="40,1300,0" yaku="1,1,53,0" doraHai="98,21" doraHaiUra="93,108" who="1" fromWho="3" sc="250,0,240,23,250,0,250,-13" />
</Scene>
<Scene>
<INIT seed="1,0,0,2,3,65" ten="250,263,250,237" oya="1" hai0="43,88,15,22,28,37,57,2,128,25,3,41,71" hai1="129,115,45,18,49,126,11,112,50,78,94,132,47" hai2="8,133,81,75,1,35,98,93,68,64,130,131,4" hai3="17,24,127,54,79,113,85,90,76,95,105,123,30"/><U121/><E121/><V29/><F133/><W87/><G123/><T59/><D128/><N who="2" m="49194" /><F93/><W20/><G113/><T21/><D71/><U69/><E129/><V100/><F75/><W16/><G127/><T40/><D37/><U61/><E78/><V108/><F81/><W135/><G105/><T27/><D15/><U31/><E132/><V106/><F108/><W96/><G135/><T63/><D88/><U86/><E126/><V82/><F82/><W7/><G7/><T107/><D107/><U91/><E31/><V58/><F58/><W23/><G23/><T60/><D41/><U44/><E18/><N who="3" m="7274" /><G54/><T117/><REACH who="0" step="1"/><D28/><REACH who="0" ten="240,263,250,237" step="2"/><U111/><E11/><V32/><F29/><W97/><G97/><T10/><D10/><U134/><E134/><V77/><F77/><AGARI ba="0,1" hai="20,24,30,76,77,79,85,87,90,95,96" m="7274" machi="77" ten="30,2000,0" yaku="8,1,54,1" doraHai="65" who="3" fromWho="2" sc="240,0,263,0,250,-20,237,30" />
</Scene>
<Scene>
<INIT seed="2,0,0,0,1,103" ten="240,263,230,267" oya="2" hai0="2,76,53,41,125,65,31,95,94,74,119,89,85" hai1="130,50,72,3,99,30,98,51,26,67,13,38,131" hai2="27,18,12,122,49,42,127,11,120,109,96,4,55" hai3="88,16,134,61,1,128,108,114,84,79,8,56,66"/><V129/><F42/><W29/><G108/><T82/><D2/><U81/><E67/><V63/><F109/><W110/><G110/><T115/><D115/><U35/><E3/><V69/><F69/><W22/><G114/><T87/><D125/><U37/><E13/><V68/><F127/><W15/><G128/><N who="1" m="49194" /><E81/><V106/><F129/><W118/><G118/><T47/><D119/><U9/><E72/><V57/><F68/><W70/><G70/><T133/><D65/><U19/><E9/><V80/><F80/><W105/><G105/><T71/><D71/><U14/><E19/><V17/><F106/><W73/><G1/><T59/><D31/><U111/><E14/><V43/><F96/><N who="1" m="36905" /><E111/><V46/><REACH who="2" step="1"/><F17/><REACH who="2" ten="240,263,220,267" step="2"/><W36/><G36/><AGARI ba="0,1" hai="26,30,35,36,37,38,50,51" m="36905,49194" machi="36" ten="30,1000,0" yaku="19,1" doraHai="103" who="1" fromWho="3" sc="240,0,263,20,220,0,267,-10" />
</Scene>
<Scene>
<INIT seed="3,0,0,2,3,92" ten="240,283,220,257" oya="3" hai0="126,14,115,40,1,45,97,7,105,74,12,44,42" hai1="46,133,32,123,106,117,101,8,130,86,38,31,37" hai2="27,67,59,53,119,73,118,58,83,114,0,134,13" hai3="4,90,2,55,56,70,113,79,66,96,75,22,18"/><W98/><G113/><T50/><D74/><U65/><E65/><V93/><F114/><W63/><G75/><T36/><D115/><U29/><E123/><V41/><F0/><W62/><G79/><T68/><D68/><U111/><E8/><V89/><F41/><W61/><G90/><T125/><D1/><U6/><E6/><V48/><F27/><W17/><G63/><T11/><REACH who="0" step="1"/><D14/><REACH who="0" ten="230,283,220,257" step="2"/><U88/><E117/><V34/><F34/><W104/><G104/><T120/><D120/><U26/><E106/><V131/><F118/><W57/><G57/><N who="2" m="21513" /><F119/><W95/><G95/><T132/><D132/><U116/><E133/><V21/><F134/><W85/><G85/><T80/><D80/><U54/><E116/><V100/><F73/><W109/><G109/><T72/><D72/><U28/><E111/><V69/><F69/><W81/><G81/><T112/><D112/><U135/><E135/><V84/><F67/><W5/><G5/><T122/><D122/><U129/><E37/><V43/><F83/><W52/><G55/><T124/><D124/><U77/><E54/><V39/><F53/><W15/><G17/><T87/><D87/><U91/><E38/><V121/><F39/><W71/><REACH who="3" step="1"/><G71/><REACH who="3" ten="230,283,220,247" step="2"/><T108/><D108/><U30/><E86/><V94/><F121/><W25/><G25/><T10/><D10/><AGARI ba="0,2" hai="2,4,10,15,18,22,52,56,61,62,66,70,96,98" machi="10" ten="40,12000,1" yaku="1,1,52,2,54,1,53,0" doraHai="92" doraHaiUra="103" who="3" fromWho="0" sc="230,-120,283,0,220,0,247,140" owari="110,-39.0,283,8.0,220,-18.0,387,49.0" />
</Scene>
</mjloggm>