<mjloggm ver="2.3"><GO type="137"/><UN n0="%E5%AE%A4%E8%98%AD%E5%B8%82%E6%B0%B4%E5%85%83%E7%94%BA" n1="%52%79%6F%75%74%69%6E" n2="%E3%82%AB%E3%83%8D%E3%83%81%E3%83%A5%E3%83%BC" n3="%E5%A4%AA%E3%81%8F%E3%81%AA%E3%81%84%E3%81%8A" dan="10,12,10,9" rate="1684,1731,1431,1645" sx="M,M,M,M"/><TAIKYOKU oya="0"/>

<Scene>
<INIT seed="0,0,0,1,5,123" ten="250,250,250,250" oya="0" hai0="135,90,21,34,119,122,118,14,58,22,12,130,2" hai1="16,19,116,131,59,126,114,0,62,87,85,127,71" hai2="70,36,81,67,60,28,48,41,98,100,105,65,20" hai3="83,24,95,111,72,133,108,101,38,75,76,74,106"/><T64/><D2/><U33/><E0/><V18/><F28/><W107/><G38/><T17/><D122/><U1/><E1/><V134/><F81/><W3/><G24/><T6/><D34/><U15/><E33/><V112/><F112/><W46/><G46/><T93/><D135/><U96/><E71/><V49/><F20/><W84/><G3/><T23/><D130/><U132/><E116/><V88/><F18/><W30/><G30/><T86/><D6/><U52/><E96/><V79/><F79/><W69/><G69/><T13/><D23/><U44/><E44/><N who="2" m="23591" /><F88/><N who="3" m="53639" /><G133/><T10/><D64/><N who="2" m="24650" /><F98/><N who="3" m="61751" /><G107/><T77/><D77/><U9/><E132/><V11/><F100/><W66/><G66/><T92/><D14/><U8/><E114/><V63/><F11/><W35/><G35/><T110/><D13/><N who="1" m="7207" /><E131/><V125/><F134/><W55/><G55/><T27/><D118/><U40/><E40/><V103/><F105/><W54/><G54/><T117/><D117/><U113/><E113/><V29/><F29/><W104/><G104/><T124/><D124/><AGARI ba="0,0" hai="9,15,19,52,59,62,85,87,124,126,127" m="7207" machi="124" ten="30,3900,0" yaku="18,1,54,2" doraHai="123" who="1" fromWho="0" sc="250,-39,250,39,250,0,250,0" />
</Scene>
<Scene>
<INIT seed="1,0,0,3,4,123" ten="211,289,250,250" oya="1" hai0="41,114,27,72,25,14,51,77,15,35,92,50,69" hai1="28,17,102,99,26,129,132,91,125,84,24,109,64" hai2="57,12,34,7,48,121,76,18,4,116,100,80,101" hai3="0,44,39,126,9,87,113,13,42,38,16,124,47"/><U33/><E64/><V103/><F121/><W83/><G113/><T30/><D114/><U112/><E112/><V58/><F48/><W78/><REACH who="3" step="1"/><G0/><REACH who="3" ten="211,289,250,240" step="2"/><T37/><D37/><U104/><E129/><V10/><F34/><W21/><G21/><T32/><D32/><U60/><E60/><V93/><F116/><W3/><G3/><T134/><D35/><U6/><E6/><V122/><F122/><W19/><G19/><T130/><D130/><U120/><E120/><V108/><F93/><W62/><G62/><T2/><D92/><U56/><E56/><V97/><F97/><W110/><G110/><T59/><D69/><U107/><E107/><V118/><F118/><W11/><G11/><T20/><D2/><U70/><E70/><V82/><F108/><W49/><G49/><T40/><D50/><U85/><E109/><V94/><F94/><W46/><G46/><T89/><D51/><U90/><E33/><V128/><F128/><W115/><G115/><T71/><D71/><U23/><E28/><V119/><F119/><W95/><G95/><T127/><D59/><N who="2" m="22538" /><F82/><W98/><G98/><T61/><D61/><U79/><E26/><V31/><F31/><W111/><G111/><T55/><D27/><U81/><E81/><V45/><F45/><W22/><G22/><T75/><D25/><U29/><E29/><V8/><F8/><W96/><G96/><T68/><D30/><U74/><E74/><V36/><F36/><W133/><G133/><T131/><D72/><U53/><E79/><V65/><F65/><W135/><G135/><T86/><D75/><AGARI ba="0,1" hai="4,7,10,12,18,75,76,80,100,101,103" m="22538" machi="75" ten="30,1000,0" yaku="6,1" doraHai="123" who="2" fromWho="0" sc="211,-10,289,0,250,20,240,0" />
</Scene>
<Scene>
<INIT seed="2,0,0,0,2,34" ten="201,289,270,240" oya="2" hai0="17,23,39,19,119,93,132,130,45,90,82,46,103" hai1="52,12,57,101,66,64,81,53,125,118,30,5,68" hai2="65,135,99,54,43,85,122,33,77,49,102,74,71" hai3="76,69,87,115,113,63,92,25,97,126,16,27,108"/><V48/><F122/><W72/><G72/><T51/><D119/><U18/><E30/><V134/><F33/><W129/><G108/><T35/><D130/><U47/><E101/><V84/><F74/><W120/><G120/><T42/><D103/><U40/><E118/><V123/><F123/><W114/><G129/><T86/><D132/><N who="2" m="50730" /><F77/><W50/><G126/><T91/><D35/><U79/><E125/><V3/><F3/><W73/><G73/><T67/><D67/><U62/><E5/><V112/><F112/><W131/><G131/><T96/><REACH who="0" step="1"/><D23/><REACH who="0" ten="191,289,270,240" step="2"/><U13/><E66/><V70/><F102/><N who="3" m="60711" /><G69/><N who="2" m="26121" /><F99/><W95/><G114/><T58/><D58/><U15/><E79/><V98/><F98/><W78/><G115/><T7/><D7/><U55/><E81/><V124/><F124/><W100/><G113/><T75/><D75/><U105/><E105/><V6/><F6/><W0/><G100/><T88/><D88/><U8/><REACH who="1" step="1"/><E57/><REACH who="1" ten="191,279,270,240" step="2"/><N who="2" m="32967" /><F85/><W21/><G78/><T106/><D106/><U128/><E128/><V9/><F84/><W133/><G76/><T31/><D31/><U110/><E110/><V11/><F11/><W116/><G133/><T111/><D111/><U117/><E117/><V109/><F9/><W20/><G116/><T28/><D28/><U36/><AGARI ba="0,2" hai="8,12,13,15,18,36,40,47,52,53,55,62,64,68" machi="36" ten="30,7900,0" yaku="1,1,0,1,54,1,53,1" doraHai="34" doraHaiUra="41" who="1" fromWho="1" sc="191,-20,279,99,270,-39,240,-20" />
</Scene>
<Scene>
<INIT seed="3,0,0,3,2,133" ten="171,378,231,220" oya="3" hai0="111,58,129,126,65,135,69,71,43,30,131,44,101" hai1="108,123,39,68,28,128,90,18,130,98,79,10,112" hai2="116,132,97,6,29,124,134,31,56,60,113,0,32" hai3="122,106,100,89,21,85,38,53,64,107,47,13,42"/><W119/><G122/><T73/><D73/><U75/><E39/><V118/><F113/><W35/><G35/><T22/><D101/><U37/><E37/><V77/><F97/><W105/><G119/><N who="2" m="45609" /><F77/><W76/><G64/><T93/><D135/><N who="2" m="51754" /><F60/><W3/><G3/><T104/><D104/><U54/><E68/><V9/><F56/><W50/><G76/><T83/><D69/><U11/><E28/><N who="2" m="10827" /><F32/><W121/><G100/><T63/><D71/><U51/><E112/><V52/><F52/><W109/><G53/><T26/><D111/><U117/><E117/><V80/><F80/><N who="3" m="49319" /><G109/><T48/><D83/><U125/><E79/><V7/><F7/><W91/><G91/><T72/><D72/><U88/><E75/><V33/><F33/><W127/><G38/><T36/><D36/><U2/><E98/><V34/><F34/><W114/><G114/><T61/><D61/><U70/><E70/><V17/><F17/><N who="3" m="10415" /><G121/><T55/><D93/><U86/><E18/><V62/><F62/><W110/><G110/><T1/><D65/><U74/><E74/><V120/><F120/><W12/><G12/><T81/><D81/><U57/><E86/><V59/><F59/><W66/><G66/><T40/><D40/><U24/><E108/><V15/><F15/><W95/><G95/><T67/><D67/><U27/><E123/><V46/><F46/><W4/><G4/><T49/><D43/><U99/><E99/><V96/><F96/><W87/><G87/><T5/><D5/><U115/><E115/><V84/><F84/><W103/><G103/><T92/><D92/><RYUUKYOKU ba="0,0" sc="171,-15,378,-15,231,15,220,15" hai2="0,6,9,124" hai3="42,47,50,105,106,107,127" />
</Scene>
<Scene>
<INIT seed="3,1,0,0,1,125" ten="156,363,246,235" oya="3" hai0="49,134,22,102,131,129,118,132,43,103,12,71,135" hai1="65,81,32,106,14,17,74,68,63,35,85,95,88" hai2="82,113,46,115,38,62,30,78,50,5,48,96,108" hai3="6,33,99,58,90,26,28,87,109,7,93,105,39"/><W67/><G39/><T10/><D71/><U111/><E74/><V21/><F96/><W36/><G36/><T66/><D118/><U15/><E106/><V89/><F5/><W110/><G67/><T128/><D66/><U130/><E81/><V55/><F21/><W101/><REACH who="3" step="1"/><G58/><REACH who="3" ten="156,363,246,225" step="2"/><T133/><D133/><U70/><E111/><AGARI ba="1,1" hai="6,7,26,28,33,87,90,93,99,101,105,109,110,111" machi="111" ten="40,12000,1" yaku="1,1,2,1,14,1,10,1,53,1" doraHai="125" doraHaiUra="91" who="3" fromWho="1" sc="156,0,363,-123,246,0,225,133" />
</Scene>
<Scene>
<INIT seed="3,2,0,0,0,71" ten="156,240,246,358" oya="3" hai0="62,114,30,81,115,110,84,61,9,24,42,109,83" hai1="120,97,94,125,33,2,16,75,46,129,1,5,128" hai2="52,92,27,34,56,96,73,45,3,89,74,28,122" hai3="68,31,10,93,102,48,126,119,12,55,98,69,41"/><W133/><G119/><T15/><D42/><U59/><E75/><V105/><F3/><W104/><G31/><T108/><D30/><U132/><E33/><V130/><F130/><N who="1" m="50281" /><E120/><V78/><F45/><W18/><G133/><T54/><D54/><U86/><E5/><V76/><F122/><W67/><G126/><T32/><D24/><U23/><E86/><V113/><F113/><N who="0" m="43018" /><D32/><U47/><E59/><V39/><F39/><W101/><G41/><T82/><D9/><U29/><E29/><V118/><F118/><W21/><G67/><T58/><D58/><U121/><E121/><V44/><F44/><N who="1" m="16937" /><E132/><V90/><F105/><W135/><G135/><T25/><D25/><N who="1" m="14567" /><E125/><V13/><F13/><N who="3" m="9423" /><G48/><T43/><D43/><U134/><E134/><V19/><F19/><N who="3" m="8599" /><G55/><T77/><D15/><U60/><E60/><AGARI ba="2,0" hai="60,61,62,77,81,82,83,84,108,109,110" m="43018" machi="60" ten="40,2600,0" yaku="14,1,11,1" doraHai="71" who="0" fromWho="1" sc="156,32,240,-32,246,0,358,0" />
</Scene>
<Scene>
<INIT seed="4,0,0,3,1,4" ten="188,208,246,358" oya="0" hai0="60,21,24,29,56,11,37,72,52,100,38,93,51" hai1="121,69,81,101,114,86,119,2,113,34,87,47,132" hai2="116,127,28,105,95,59,102,99,54,64,32,22,65" hai3="115,39,94,106,77,123,118,66,43,18,16,128,58"/><T110/><D72/><U85/><E101/><V120/><F120/><W67/><G106/><T15/><D110/><U80/><E69/><V40/><F32/><W50/><G118/><T104/><D104/><U3/><E34/><V90/><F40/><W108/><G108/><T20/><D20/><U62/><E62/><V73/><F28/><W124/><G39/><T31/><D31/><U17/><E47/><V103/><F22/><W78/><G123/><T125/><D125/><U68/><E68/><V8/><F8/><W117/><G117/><T55/><D100/><U129/><E17/><N who="3" m="6762" /><G124/><T131/><D93/><U57/><E57/><V25/><F25/><W33/><G33/><T112/><D112/><N who="1" m="43115" /><E119/><V74/><F116/><W53/><G115/><T26/><D131/><U7/><E121/><V14/><F14/><W44/><G128/><T30/><D30/><U1/><E7/><V35/><F35/><W12/><G12/><T135/><D135/><U79/><E129/><V107/><F127/><W75/><G75/><N who="2" m="28681" /><F59/><W10/><G94/><T122/><D26/><U41/><E41/><V49/><F49/><N who="3" m="31023" /><G10/><T76/><D76/><AGARI ba="0,0" hai="43,44,50,66,67,76,77,78" m="31023,6762" machi="76" ten="30,2000,0" yaku="8,1,54,1" doraHai="4" who="3" fromWho="0" sc="188,-20,208,0,246,0,358,20" />
</Scene>
<Scene>
<INIT seed="5,0,0,2,3,60" ten="168,208,246,378" oya="1" hai0="49,91,70,74,132,48,12,27,56,63,107,99,80" hai1="73,133,113,90,97,51,124,86,89,103,26,83,96" hai2="0,104,2,22,75,135,11,131,15,4,87,105,68" hai3="120,64,79,17,7,23,82,5,118,92,20,84,38"/><U43/><E26/><V88/><F68/><W78/><G120/><T125/><D132/><U45/><E124/><V6/><F75/><W42/><G118/><T76/><D125/><U13/><E133/><V123/><F123/><W41/><G38/><T93/><D107/><U67/><E67/><V102/><F102/><W35/><G35/><T18/><D70/><U66/><E66/><V128/><F135/><W109/><G109/><T3/><D27/><U112/><E73/><V111/><F111/><W110/><G110/><T40/><D3/><N who="2" m="1066" /><F105/><W30/><G92/><T121/><D40/><N who="3" m="15465" /><G64/><T71/><D121/><U21/><E90/><V10/><F88/><N who="3" m="51223" /><G30/><T55/><REACH who="0" step="1"/><D71/><REACH who="0" ten="158,208,246,378" step="2"/><U28/><E28/><V106/><F87/><W98/><G98/><T95/><D95/><U115/><REACH who="1" step="1"/><E103/><REACH who="1" ten="158,198,246,378" step="2"/><V1/><N who="2" m="1074" /><V61/><DORA hai="36" /><F106/><W19/><G79/><T100/><D100/><U46/><E46/><V8/><F104/><W69/><G78/><T25/><D25/><U58/><E58/><V134/><F134/><W62/><G69/><T85/><D85/><U65/><E65/><V24/><F61/><W53/><G62/><T47/><D47/><U52/><E52/><V116/><F116/><W50/><G53/><T16/><D16/><AGARI ba="0,2" hai="13,16,21,43,45,51,83,86,89,96,97,112,113,115" machi="16" ten="40,12000,1" yaku="1,1,15,1,52,1,54,1,53,1" doraHai="60,36" doraHaiUra="57,44" who="1" fromWho="0" sc="158,-120,198,140,246,0,378,0" />
</Scene>
<Scene>
<INIT seed="5,1,0,2,3,129" ten="38,338,246,378" oya="1" hai0="62,75,41,40,53,86,61,66,51,15,109,39,110" hai1="81,20,70,3,74,121,125,82,17,83,54,28,128" hai2="114,77,78,44,103,42,102,25,24,135,79,32,96" hai3="115,52,84,60,9,59,127,47,10,69,35,106,67"/><U133/><E70/><V31/><F42/><W71/><G106/><T49/><D75/><U2/><E28/><V4/><F44/><W76/><G35/><T68/><D86/><U46/><E74/><V48/><F48/><N who="3" m="28703" /><G69/><T29/><D110/><U98/><E121/><V95/><F103/><W23/><G71/><T73/><D29/><U18/><E98/><V97/><F4/><W122/><G122/><T126/><D15/><U55/><E46/><V58/><F58/><N who="3" m="37271" /><G115/><T11/><D109/><U116/><E20/><V63/><F63/><W0/><G0/><N who="1" m="42" /><E125/><V12/><F12/><W33/><G33/><T88/><D11/><U93/><E93/><V64/><F64/><W132/><G127/><T26/><D126/><U36/><E36/><V45/><F45/><W120/><G120/><T85/><D73/><U112/><E116/><V89/><F97/><W14/><G59/><T124/><D124/><U92/><E92/><V7/><F7/><W65/><G65/><T34/><D39/><U105/><E105/><V90/><F24/><W37/><G37/><T56/><D34/><U19/><E112/><V134/><REACH who="2" step="1"/><F114/><REACH who="2" ten="38,338,236,378" step="2"/><W27/><G14/><T117/><D26/><U104/><E104/><V13/><F13/><W72/><G27/><T99/><D99/><U111/><E111/><V131/><F131/><W113/><G113/><T21/><D117/><U119/><E119/><V80/><F80/><N who="1" m="20481" /><U123/><DORA hai="118" /><E123/><V91/><AGARI ba="1,1" hai="25,31,32,77,78,79,89,90,91,95,96,102,134,135" machi="91" ten="40,8000,1" yaku="1,1,0,1,52,2,53,1" doraHai="129,118" doraHaiUra="94,108" who="2" fromWho="2" sc="38,-21,338,-41,236,93,378,-21" />
</Scene>
<Scene>
<INIT seed="6,0,0,3,1,134" ten="17,297,329,357" oya="2" hai0="21,132,15,52,113,25,53,30,88,2,57,66,11" hai1="56,73,65,45,62,61,16,97,70,67,74,112,28" hai2="23,111,22,8,114,42,126,98,100,60,105,94,109" hai3="86,40,24,55,84,29,115,85,50,41,36,4,35"/><V17/><F42/><W80/><G115/><T96/><D132/><U14/><E28/><V131/><F60/><W81/><G4/><T128/><D113/><U108/><E97/><V89/><F8/><W124/><G124/><T47/><D128/><U129/><E45/><V135/><F135/><W64/><G64/><T95/><D66/><U125/><E108/><N who="2" m="41547" /><F17/><W33/><G33/><T26/><D2/><U79/><E112/><V90/><F131/><W18/><G18/><T63/><D26/><U110/><E110/><V93/><F114/><W103/><G103/><T32/><D32/><U122/><E129/><V44/><F44/><W49/><G36/><T13/><D11/><U1/><E1/><V0/><F0/><W77/><G85/><T43/><REACH who="0" step="1"/><D53/><REACH who="0" ten="7,297,329,357" step="2"/><U92/><E122/><V75/><F75/><W51/><REACH who="3" step="1"/><G55/><REACH who="3" ten="7,297,329,347" step="2"/><T69/><D69/><U107/><E107/><V121/><F121/><W19/><G19/><T120/><D120/><U34/><E92/><N who="2" m="35435" /><F126/><W6/><G6/><T106/><D106/><U59/><E34/><V5/><F5/><W48/><N who="3" m="12288" /><DORA hai="116" /><W104/><G104/><T12/><D12/><U82/><E70/><V68/><F68/><W27/><G27/><T7/><D7/><U130/><E73/><V87/><F87/><W31/><G31/><T54/><D54/><U58/><E130/><V83/><F83/><W117/><G117/><T10/><D10/><U39/><E39/><AGARI ba="0,2" hai="13,15,21,25,30,39,43,47,52,57,63,88,95,96" machi="39" ten="30,8000,1" yaku="1,1,7,1,54,2,53,1" doraHai="134,116" doraHaiUra="38,99" who="0" fromWho="1" sc="7,100,297,-80,329,0,347,0" />
</Scene>
<Scene>
<INIT seed="7,0,0,0,5,90" ten="107,217,329,347" oya="3" hai0="101,116,89,132,127,54,27,123,73,115,99,68,20" hai1="106,126,52,29,86,109,65,105,14,15,6,61,31" hai2="92,87,129,124,50,26,134,34,113,37,72,42,69" hai3="74,39,62,33,104,102,11,28,117,55,13,1,91"/><W5/><G117/><T66/><D73/><U57/><E6/><V100/><F69/><W81/><G39/><T112/><D116/><U48/><E109/><V51/><F37/><W30/><G33/><T118/><D118/><U76/><E126/><V7/><F7/><W70/><G1/><T114/><D123/><U23/><E105/><V4/><F4/><W122/><G122/><T56/><D127/><U36/><E106/><V133/><F72/><W79/><G104/><T24/><D99/><U63/><E36/><V58/><F124/><W64/><G102/><T45/><D132/><N who="2" m="50794" /><F34/><W43/><G43/><T59/><D68/><U110/><E110/><V108/><F108/><W135/><G135/><T16/><D24/><U82/><E63/><V103/><F26/><W95/><G55/><T80/><D101/><N who="2" m="38986" /><F113/><W85/><AGARI ba="0,0" hai="5,11,13,28,30,62,64,70,74,79,81,85,91,95" machi="85" ten="20,3900,0" yaku="0,1,7,1,52,1" doraHai="90" who="3" fromWho="3" sc="107,-13,217,-13,329,-13,347,39" owari="94,-41.0,204,-20.0,316,12.0,386,49.0" />
</Scene>
</mjloggm>