<mjloggm ver="2.3"><GO type="225"/><UN n0="%E5%A4%AA%E3%81%8F%E3%81%AA%E3%81%84%E3%81%8A" n1="%E5%85%88%E2%99%80%E7%94%9F" n2="%E3%81%BF%E3%81%BF%E3%81%9A" n3="%E3%83%81%E3%83%A3%E3%82%AA%E3%83%AA" dan="16,17,17,16" rate="2076,2141,2206,2104" sx="M,F,M,M"/><TAIKYOKU oya="0"/>

<Scene>
<INIT seed="0,0,0,1,1,60" ten="250,250,250,250" oya="0" hai0="8,64,54,92,43,84,74,25,2,0,73,32,71" hai1="119,18,53,133,113,85,130,30,127,63,23,89,76" hai2="128,134,21,112,77,94,44,88,102,7,117,103,66" hai3="131,6,37,31,83,72,114,124,52,41,15,126,107"/><T98/><D43/><U96/><E119/><V28/><F112/><W91/><G107/><T17/><D54/><U122/><E122/><V13/><F117/><W22/><G131/><T45/><D45/><U11/><E130/><V33/><F128/><W35/><G35/><T75/><D84/><U70/><E113/><V95/><F77/><W49/><G37/><T108/><D108/><U101/><E127/><N who="3" m="48682" /><G41/><T26/><D32/><U39/><E39/><V100/><F134/><W68/><G68/><T1/><D8/><U16/><E133/><V121/><F121/><W12/><G6/><T19/><D26/><N who="1" m="16735" /><E70/><V4/><F33/><W105/><G105/><T9/><D25/><U57/><E76/><V99/><F44/><W120/><G120/><T111/><D111/><U123/><E123/><V59/><F95/><W79/><G91/><T10/><D10/><U132/><E132/><V51/><F51/><W46/><G114/><T135/><D135/><U106/><E11/><V27/><F13/><N who="3" m="5195" /><G22/><T81/><D9/><U58/><E106/><V56/><F56/><W86/><G31/><T69/><D81/><N who="1" m="49327" /><E58/><V115/><F115/><W104/><G104/><T129/><D129/><U50/><E101/><V110/><F110/><W97/><G97/><T118/><D118/><U38/><E96/><V109/><F109/><W42/><G42/><T80/><D80/><U90/><E90/><V93/><F93/><W116/><G116/><T24/><D24/><U20/><E38/><V34/><F34/><W36/><G36/><T61/><D71/><U78/><E78/><V5/><F5/><RYUUKYOKU ba="0,0" sc="250,10,250,-30,250,10,250,10" hai0="0,1,2,17,19,61,64,69,73,74,75,92,98" hai2="4,7,21,27,28,59,66,88,94,99,100,102,103" hai3="46,49,52,72,79,83,86" />
</Scene>
<Scene>
<INIT seed="0,1,0,1,2,63" ten="260,220,260,260" oya="0" hai0="112,82,38,120,71,50,2,85,78,20,9,16,131" hai1="53,110,59,111,17,89,129,27,92,94,99,25,128" hai2="80,21,62,46,130,117,124,43,34,51,19,98,93" hai3="126,109,84,133,23,72,35,91,114,115,96,10,113"/><T1/><D120/><U8/><E94/><V134/><F34/><W60/><G35/><T6/><D112/><U68/><E68/><V122/><F122/><W107/><G23/><T36/><D131/><N who="1" m="50251" /><E8/><V42/><F130/><W86/><G10/><T28/><D71/><U95/><E95/><V81/><F124/><W7/><G7/><T11/><D28/><U66/><E17/><V54/><F134/><W121/><G133/><T119/><D119/><U118/><E118/><V0/><F0/><W22/><G126/><T3/><D50/><N who="1" m="31159" /><E66/><V108/><F108/><AGARI ba="1,0" hai="25,27,89,92,99,108,110,111" m="31159,50251" machi="108" ten="30,2000,0" yaku="14,1,19,1" doraHai="63" who="1" fromWho="2" sc="260,0,220,23,260,-23,260,0" />
</Scene>
<Scene>
<INIT seed="1,0,0,4,3,114" ten="260,243,237,260" oya="1" hai0="27,71,45,38,18,55,83,129,110,104,111,20,68" hai1="96,119,134,49,6,98,50,94,41,12,44,16,93" hai2="5,73,131,7,66,63,84,89,101,48,75,32,39" hai3="95,113,85,122,79,121,31,35,88,30,117,51,78"/><U97/><E134/><V3/><F39/><W72/><G113/><T118/><D104/><U60/><E119/><V135/><F32/><W109/><G109/><N who="0" m="41483" /><D129/><U25/><E60/><V56/><F131/><W37/><G37/><T0/><D0/><U77/><E77/><V112/><F135/><W59/><G72/><T10/><D83/><U64/><E64/><V26/><F112/><W36/><G36/><T52/><D10/><N who="1" m="4183" /><E50/><V86/><F101/><W24/><G31/><T120/><D120/><U57/><E57/><V21/><F73/><W130/><G130/><T65/><D118/><U87/><E87/><V28/><F75/><W19/><G117/><T13/><D13/><U103/><E103/><V115/><F115/><W127/><G122/><T33/><D33/><U42/><E42/><V126/><F126/><W124/><G121/><T40/><D65/><U11/><E11/><V125/><F125/><N who="3" m="48203" /><G19/><T70/><AGARI ba="0,0" hai="18,20,27,38,40,45,52,55,68,70,71" m="41483" machi="70" ten="40,2700,0" yaku="14,1,54,1" doraHai="114" who="0" fromWho="0" sc="260,27,243,-13,237,-7,260,-7" />
</Scene>
<Scene>
<INIT seed="2,0,0,5,2,31" ten="287,230,230,253" oya="2" hai0="35,41,68,50,10,132,58,4,92,33,60,73,26" hai1="1,65,114,2,90,119,98,40,89,126,76,52,122" hai2="125,32,74,55,104,116,3,0,93,103,102,62,22" hai3="13,111,57,9,48,17,95,39,21,107,15,96,20"/><V51/><F116/><W47/><G107/><T85/><D73/><U129/><E119/><V34/><F74/><W46/><G39/><T131/><D68/><U110/><E114/><V113/><F113/><W91/><G111/><T69/><D69/><U112/><E112/><V124/><F104/><W6/><G21/><T133/><D26/><U75/><E110/><V108/><F62/><W16/><G6/><T36/><D36/><U78/><E126/><N who="2" m="48747" /><F22/><W99/><G99/><T45/><D131/><U30/><E129/><V59/><F108/><W130/><G130/><T118/><D118/><U127/><E127/><V134/><F134/><N who="0" m="51818" /><D92/><U44/><E122/><V7/><F7/><W37/><G37/><T72/><D85/><U84/><E75/><V88/><F102/><W123/><G123/><T82/><D82/><U105/><E84/><N who="2" m="52359" /><F103/><W81/><G81/><T29/><D29/><U77/><E30/><V12/><F12/><W80/><G80/><T23/><D23/><U109/><E109/><V42/><F42/><W101/><G101/><T106/><D106/><U135/><E105/><V66/><F66/><W87/><G96/><T28/><D28/><U19/><E98/><V63/><F63/><W64/><G64/><N who="0" m="38935" /><D72/><U79/><E135/><V120/><F120/><W121/><G121/><T97/><D97/><U70/><E1/><AGARI ba="0,0" hai="0,1,3,32,34,51,55,59" m="52359,48747" machi="1" ten="30,11600,0" yaku="18,1,52,2,54,1" doraHai="31" who="2" fromWho="1" sc="287,0,230,-116,230,116,253,0" /><AGARI ba="0,0" hai="1,4,10,33,35,41,45,50" m="38935,51818" machi="1" ten="30,3900,0" yaku="20,1,52,2" doraHai="31" who="0" fromWho="1" sc="287,39,114,-39,346,0,253,0" />
</Scene>
<Scene>
<INIT seed="2,1,0,5,3,79" ten="326,75,346,253" oya="2" hai0="35,16,15,119,9,18,112,53,38,24,88,115,63" hai1="121,22,31,82,64,111,132,128,93,20,109,95,130" hai2="36,99,126,135,116,87,49,65,41,110,101,8,46" hai3="124,72,78,133,125,113,83,96,26,131,42,40,58"/><V52/><F116/><W105/><G113/><T90/><D38/><U117/><E64/><V97/><F126/><N who="3" m="48747" /><G133/><T43/><D119/><U100/><E117/><V39/><F135/><W48/><G26/><T108/><D108/><U81/><E132/><V70/><F110/><W92/><G105/><T27/><D43/><U74/><E31/><V134/><F134/><W107/><G107/><T61/><D35/><U75/><REACH who="1" step="1"/><E100/><REACH who="1" ten="326,65,346,253" step="2"/><V34/><F101/><N who="3" m="60551" /><G131/><T50/><D112/><U80/><E80/><V19/><F65/><W1/><G1/><T85/><D115/><U102/><E102/><V76/><F70/><W68/><G68/><T44/><D90/><U45/><E45/><V21/><F46/><W66/><G66/><T86/><D88/><U67/><E67/><V30/><F30/><W62/><G83/><T104/><D44/><U89/><E89/><V10/><F39/><W25/><G78/><T71/><D71/><U6/><E6/><V33/><F76/><W51/><G42/><T47/><D47/><U106/><E106/><V59/><F41/><W13/><G40/><T17/><D104/><U123/><AGARI ba="1,1" hai="20,22,74,75,81,82,93,95,109,111,121,123,128,130" machi="123" ten="25,12000,2" yaku="1,1,0,1,22,2,52,2,53,0" doraHai="79" doraHaiUra="0" who="1" fromWho="1" sc="326,-31,65,133,346,-61,253,-31" />
</Scene>
<Scene>
<INIT seed="3,0,0,5,3,37" ten="295,198,285,222" oya="3" hai0="108,50,93,129,15,117,32,40,122,30,53,35,105" hai1="36,115,34,104,56,5,128,78,113,20,74,17,130" hai2="58,97,98,67,133,4,109,68,121,65,62,48,131" hai3="43,87,42,11,83,80,54,38,9,47,79,33,85"/><W24/><G33/><T94/><D122/><U120/><E104/><V110/><F121/><W10/><G24/><T135/><D117/><U95/><E120/><V14/><F131/><N who="1" m="50217" /><E34/><V29/><F29/><W46/><G54/><T116/><D105/><U89/><E36/><V63/><F133/><W119/><G119/><T51/><D129/><U124/><E124/><V18/><F4/><W27/><G27/><T2/><D2/><U25/><E5/><V3/><F3/><W57/><G57/><T49/><D116/><U71/><E71/><V126/><F126/><W132/><G132/><T16/><D135/><U107/><E107/><V111/><F48/><W100/><G100/><T6/><D6/><U90/><E56/><V92/><F92/><W106/><G106/><T44/><D108/><N who="2" m="27650" /><V0/><DORA hai="77" /><F0/><W52/><G52/><T23/><D35/><U123/><E123/><V1/><F1/><W73/><REACH who="3" step="1"/><G83/><REACH who="3" ten="295,198,285,212" step="2"/><T118/><D118/><U66/><E66/><V102/><F102/><W39/><AGARI ba="0,1" hai="9,10,11,38,39,42,43,46,47,73,79,80,85,87" machi="39" ten="30,24000,3" yaku="1,1,2,1,0,1,9,1,52,3,53,2" doraHai="37,77" doraHaiUra="70,31" who="3" fromWho="3" sc="295,-80,198,-80,285,-80,212,250" owari="215,2.0,118,-38.0,205,-19.0,462,55.0" />
</Scene>
</mjloggm>