<mjloggm ver="2.3"><GO type="193"/><UN n0="%E3%81%86%E3%81%95%E3%81%8E%E3%81%BE%E3%81%8D" n1="%E9%BB%92%E3%81%BD%E3%81%BD%E3%81%BD" n2="%E3%81%B4%E3%82%89%E3%81%8A%35%32" n3="%E5%A4%AA%E3%81%8F%E3%81%AA%E3%81%84%E3%81%8A" dan="13,13,12,4" rate="1793,1729,1848,1629" sx="M,M,M,M"/><TAIKYOKU oya="0"/>

<Scene>
<INIT seed="0,0,0,1,2,36" ten="250,250,250,250" oya="0" hai0="130,67,124,47,116,87,60,102,74,46,111,29,52" hai1="58,88,68,22,19,96,114,119,7,50,117,104,113" hai2="34,125,79,2,5,10,126,0,62,123,21,49,45" hai3="64,121,1,53,17,23,95,133,48,134,86,38,25"/><T101/><D116/><N who="1" m="44619" /><E68/><V127/><F123/><W107/><G107/><T15/><D111/><U14/><E58/><V35/><F79/><W28/><G38/><T115/><D115/><N who="1" m="44043" /><E50/><V61/><F34/><W44/><G121/><T8/><D130/><U72/><E72/><V37/><F37/><W105/><G105/><T13/><D74/><U27/><E104/><V70/><F35/><W12/><G1/><T135/><D135/><N who="3" m="51721" /><G64/><T129/><D124/><U97/><E88/><V51/><F70/><W103/><G86/><T89/><D129/><U98/><E96/><V55/><F51/><W75/><G75/><T30/><D67/><U32/><E97/><V16/><REACH who="2" step="1"/><F0/><REACH who="2" ten="250,250,240,250" step="2"/><W106/><G106/><T132/><D132/><U18/><E98/><V63/><F63/><W85/><G103/><T81/><D60/><U57/><E57/><V84/><F84/><W112/><G112/><T26/><D47/><U92/><E92/><V42/><F42/><W83/><G95/><T31/><D46/><U131/><E32/><V6/><F6/><W65/><G85/><T9/><D87/><U108/><E131/><V118/><F118/><W120/><G120/><T109/><D26/><AGARI ba="0,1" hai="2,5,10,16,21,26,45,49,55,61,62,125,126,127" machi="26" ten="40,8000,1" yaku="1,1,18,1,54,1,53,1" doraHai="36" doraHaiUra="33" who="2" fromWho="0" sc="250,-80,250,0,240,90,250,0" />
</Scene>
<Scene>
<INIT seed="1,0,0,1,1,81" ten="170,250,330,250" oya="1" hai0="102,109,61,128,114,19,4,36,77,46,95,18,5" hai1="32,107,24,90,112,16,28,69,43,87,26,54,120" hai2="108,23,3,34,97,55,72,7,64,92,124,75,63" hai3="35,78,135,123,29,31,67,125,84,133,49,56,85"/><U1/><E120/><V106/><F106/><W62/><G123/><T117/><D114/><U82/><E112/><V89/><F34/><W52/><G125/><T38/><D117/><U73/><E107/><V134/><F124/><W65/><G78/><T11/><D128/><U51/><E1/><V118/><F118/><W76/><G76/><T25/><D109/><U8/><E69/><V119/><F119/><W105/><G105/><T66/><D77/><U104/><E73/><V100/><F134/><N who="3" m="51211" /><G67/><T121/><D121/><U39/><E104/><V79/><F100/><W129/><G129/><T122/><D122/><U44/><E39/><V86/><F79/><W93/><G93/><T53/><D36/><U48/><E43/><V41/><F97/><W13/><G13/><T2/><D4/><U91/><E48/><V68/><F41/><W14/><G14/><T22/><D19/><U30/><E91/><V98/><F98/><W126/><G126/><T94/><D102/><U113/><E113/><V110/><F3/><W17/><G17/><T27/><D27/><N who="1" m="10283" /><E32/><V116/><F7/><W6/><G6/><T96/><D96/><U130/><E130/><V101/><F101/><W47/><G35/><T70/><REACH who="0" step="1"/><D53/><REACH who="0" ten="160,250,330,250" step="2"/><U33/><E33/><V40/><F116/><W57/><G47/><T83/><D83/><U115/><E115/><V0/><F110/><W50/><G50/><T80/><D80/><U131/><E131/><V12/><F108/><W88/><G88/><T60/><D60/><U111/><E111/><V99/><F63/><W42/><G42/><AGARI ba="0,1" hai="2,5,11,18,22,25,38,42,46,61,66,70,94,95" machi="42" ten="40,1300,0" yaku="1,1,53,0" doraHai="81" doraHaiUra="9" who="0" fromWho="3" sc="160,23,250,0,330,0,250,-13" />
</Scene>
<Scene>
<INIT seed="2,0,0,1,1,113" ten="183,250,330,237" oya="2" hai0="50,81,15,95,78,134,122,45,121,88,9,64,30" hai1="0,16,48,130,11,127,131,104,98,24,61,67,63" hai2="92,47,129,66,126,65,6,114,72,20,108,124,133" hai3="19,42,37,38,112,55,91,84,69,135,109,132,46"/><V14/><F72/><W76/><G112/><T105/><D134/><N who="3" m="51241" /><G109/><T99/><D105/><U18/><E48/><V86/><F133/><W13/><G69/><T26/><D64/><U90/><E127/><V17/><F114/><W117/><G117/><T110/><D110/><U3/><E24/><V118/><F108/><W2/><G2/><N who="1" m="554" /><E16/><V33/><F33/><W35/><G35/><T125/><D125/><N who="2" m="48234" /><F118/><W111/><G111/><T58/><D58/><U83/><E18/><V119/><F119/><W71/><G71/><T51/><D122/><U82/><E90/><N who="2" m="53335" /><F129/><N who="1" m="49161" /><E63/><V57/><F6/><W40/><G76/><T73/><D45/><U96/><E104/><V68/><F68/><W106/><G106/><T79/><D79/><U41/><E41/><N who="3" m="15978" /><G55/><T10/><D10/><U56/><E11/><V70/><F70/><W116/><G116/><T97/><D97/><AGARI ba="0,0" hai="56,61,67,82,83,96,97,98" m="49161,554" machi="97" ten="30,1000,0" yaku="19,1" doraHai="113" who="1" fromWho="0" sc="183,-10,250,10,330,0,237,0" />
</Scene>
<Scene>
<INIT seed="3,0,0,4,2,48" ten="173,260,330,237" oya="3" hai0="66,84,55,128,67,64,109,4,47,106,54,119,18" hai1="69,45,94,74,53,43,63,10,60,9,21,8,36" hai2="89,115,46,17,20,79,5,50,95,56,122,124,114" hai3="132,125,85,22,11,62,93,73,1,3,111,30,97"/><W113/><G73/><T108/><D106/><U87/><E74/><V19/><F122/><W83/><G113/><T52/><D119/><U96/><E87/><V37/><F37/><W103/><G125/><T41/><D4/><U86/><E86/><V15/><F124/><W110/><G132/><T123/><D18/><U39/><E21/><N who="2" m="11455" /><F115/><W42/><G42/><T65/><D84/><U14/><E69/><V68/><F68/><W70/><G11/><T29/><D29/><U16/><E39/><V88/><F114/><W90/><G22/><T7/><D7/><U99/><E99/><N who="2" m="57831" /><F5/><W130/><G30/><T76/><D76/><U38/><E38/><V78/><F56/><W75/><G130/><T126/><D126/><U40/><E40/><N who="2" m="24903" /><F89/><W44/><G44/><T98/><D98/><U116/><E116/><V61/><F61/><W23/><G75/><T100/><D100/><U58/><REACH who="1" step="1"/><E63/><REACH who="1" ten="173,250,330,237" step="2"/><V81/><F81/><W12/><G62/><T112/><D112/><U101/><AGARI ba="0,1" hai="8,9,10,14,16,36,43,45,53,58,60,94,96,101" machi="101" ten="20,12000,2" yaku="1,1,2,1,0,1,7,1,52,1,54,1,53,0" doraHai="48" doraHaiUra="107" who="1" fromWho="1" sc="173,-30,250,130,330,-30,237,-60" owari="143,-36.0,380,48.0,300,10.0,177,-22.0" />
</Scene>
</mjloggm>