<mjloggm ver="2.3"><GO type="97"/><UN n0="%E7%A9%BA%E6%B0%B4%E7%8C%AB" n1="%E5%81%BD%E4%B8%80" n2="%40%6B%6F%75%73%6F%6B%75" n3="%E5%A4%AA%E3%81%8F%E3%81%AA%E3%81%84%E3%81%8A" dan="16,14,15,14" rate="2058,1883,1973,2014" sx="M,M,M,M"/><TAIKYOKU oya="0"/>

<Scene>
<INIT seed="0,0,0,0,0,109" ten="250,250,250,250" oya="0" hai0="4,43,69,57,53,122,77,83,32,13,58,27,91" hai1="66,68,44,37,133,25,52,46,64,95,111,38,116" hai2="0,10,17,106,94,6,110,1,61,108,112,89,134" hai3="127,99,45,107,131,123,34,29,97,62,78,120,79"/><T16/><D122/><N who="3" m="46633" /><G131/><T8/><D69/><U28/><E116/><V21/><F112/><W7/><G127/><T12/><D43/><U87/><E111/><N who="2" m="42539" /><F106/><W14/><G45/><T124/><D124/><U5/><E5/><V70/><F134/><W40/><G40/><T23/><D91/><U39/><E133/><V24/><F61/><W117/><G117/><T130/><D130/><U42/><E68/><V104/><F104/><W92/><G62/><T50/><D32/><U18/><E18/><V72/><F72/><W47/><G47/><T49/><D49/><U55/><E44/><V101/><F101/><N who="3" m="62911" /><G29/><T85/><REACH who="0" step="1"/><D58/><REACH who="0" ten="240,250,250,250" step="2"/><U86/><E38/><V135/><F70/><W118/><G34/><T33/><D33/><U48/><E39/><V65/><F135/><W115/><G118/><T20/><D20/><N who="1" m="15399" /><E37/><V31/><F31/><W35/><G35/><T11/><D11/><U129/><E129/><V9/><F9/><N who="3" m="4415" /><G115/><T2/><AGARI ba="0,1" hai="2,4,8,12,13,16,23,27,50,53,57,77,83,85" machi="2" ten="20,12000,1" yaku="1,1,0,1,7,1,54,1,53,1" doraHai="109" doraHaiUra="15" who="0" fromWho="0" sc="240,130,250,-40,250,-40,250,-40" />
</Scene>
<Scene>
<INIT seed="0,1,0,0,5,124" ten="370,210,210,210" oya="0" hai0="13,97,104,72,83,53,64,51,115,84,49,59,69" hai1="0,29,33,113,55,41,8,40,32,87,4,110,75" hai2="7,56,19,122,86,96,135,66,14,116,114,85,108" hai3="126,82,123,102,16,17,50,38,36,5,74,89,120"/><T68/><D115/><U22/><E75/><V44/><F122/><N who="3" m="46635" /><G126/><T21/><D72/><U93/><E113/><V91/><F114/><W111/><G111/><T76/><D64/><U11/><E110/><V26/><F108/><W10/><G102/><T63/><D63/><U99/><E8/><N who="2" m="4383" /><F116/><W132/><G132/><T73/><D104/><U62/><E87/><V127/><F127/><W3/><G50/><T45/><D97/><U80/><E80/><V131/><F135/><W95/><G82/><T65/><D65/><U128/><E32/><V90/><F44/><W12/><G74/><T107/><D107/><U79/><E33/><V105/><F105/><W47/><G47/><T31/><D73/><U119/><E79/><V77/><F77/><W42/><G42/><T118/><D118/><U121/><E119/><V70/><F70/><W88/><G89/><T15/><D69/><U98/><E121/><V61/><F131/><W94/><G94/><T24/><REACH who="0" step="1"/><D68/><REACH who="0" ten="360,210,210,210" step="2"/><U6/><E99/><V37/><F96/><N who="3" m="57447" /><G3/><T125/><D125/><U2/><E0/><V117/><F117/><W1/><G1/><T112/><D112/><U100/><E2/><V39/><F66/><W58/><G58/><T52/><AGARI ba="1,1" hai="13,15,21,24,31,45,49,51,52,53,59,76,83,84" machi="52" ten="20,12000,1" yaku="1,1,0,1,7,1,8,1,54,1,53,0" doraHai="124" doraHaiUra="130" who="0" fromWho="0" sc="360,133,210,-41,210,-41,210,-41" />
</Scene>
<Scene>
<INIT seed="0,2,0,2,2,68" ten="493,169,169,169" oya="0" hai0="75,108,59,47,19,117,104,33,31,16,2,66,43" hai1="8,107,89,65,95,94,7,54,49,27,57,123,126" hai2="63,39,38,73,41,86,25,112,40,14,11,28,132" hai3="71,133,114,3,129,97,55,103,77,135,98,106,118"/><T48/><D104/><U50/><E123/><V34/><F73/><W26/><G118/><T85/><D75/><U100/><E107/><V46/><F112/><W64/><G114/><T91/><D2/><U93/><E126/><V124/><F124/><W80/><G3/><T130/><D117/><U45/><E65/><V42/><F132/><N who="3" m="50763" /><G129/><T102/><D130/><U0/><E27/><V22/><F34/><W116/><G116/><T105/><D108/><U37/><E100/><V58/><F86/><N who="3" m="48399" /><G98/><T109/><D109/><U101/><E101/><V69/><F69/><W5/><G5/><T128/><D128/><U84/><REACH who="1" step="1"/><E37/><REACH who="1" ten="493,159,169,169" step="2"/><V122/><F122/><W121/><G121/><T53/><D105/><U82/><E82/><V74/><F74/><W13/><G26/><T20/><D102/><U83/><E83/><V87/><F39/><W96/><G103/><T29/><D66/><U127/><E127/><V51/><F38/><W36/><G36/><T88/><D33/><U111/><E111/><V30/><F25/><W79/><G106/><T81/><D81/><U62/><E62/><V60/><F63/><W120/><G120/><T67/><D67/><U12/><E12/><V61/><F60/><W92/><G13/><T21/><D48/><U17/><E17/><V131/><F61/><W115/><G64/><T113/><D113/><U35/><E35/><V44/><F14/><W1/><G115/><T52/><D19/><U15/><E15/><V6/><F131/><W76/><G1/><T72/><D16/><U110/><E110/><V32/><F32/><W119/><G119/><RYUUKYOKU ba="2,1" sc="493,-10,159,30,169,-10,169,-10" hai1="0,7,8,45,49,50,54,57,84,89,93,94,95" />
</Scene>
<Scene>
<INIT seed="1,3,1,4,5,105" ten="483,189,159,159" oya="1" hai0="1,71,40,21,27,93,6,118,77,3,23,81,68" hai1="89,64,128,51,61,97,85,119,54,10,65,25,60" hai2="13,101,106,22,76,35,57,75,20,19,30,103,42" hai3="41,34,83,37,48,124,8,86,110,70,94,18,133"/><U132/><E119/><V117/><F117/><W4/><G70/><T69/><D118/><U53/><E128/><V79/><F35/><W15/><G34/><T92/><D40/><U88/><E132/><V74/><F42/><W0/><G133/><T72/><D23/><U17/><E97/><V38/><F38/><W112/><G112/><T107/><D107/><U131/><E131/><V102/><F106/><W67/><G110/><T84/><D84/><U59/><E89/><V122/><F122/><W32/><G32/><T91/><D91/><U49/><E64/><V33/><F33/><W9/><G124/><T47/><D47/><U130/><E65/><V123/><F123/><W111/><G111/><T29/><D6/><U44/><E130/><V129/><F129/><W121/><G121/><T87/><D87/><U46/><E59/><V135/><F57/><W43/><G37/><T7/><D3/><U99/><E99/><V26/><REACH who="2" step="1"/><F135/><REACH who="2" ten="483,189,149,159" step="2"/><W115/><G43/><T12/><D71/><U73/><E73/><AGARI ba="3,2" hai="13,19,20,22,26,30,73,74,75,76,79,101,102,103" machi="73" ten="40,8000,1" yaku="1,1,2,1,52,3,53,0" doraHai="105" doraHaiUra="125" who="2" fromWho="1" sc="483,0,189,-89,149,109,159,0" />
</Scene>
<Scene>
<INIT seed="2,0,0,5,2,39" ten="483,100,258,159" oya="2" hai0="6,65,56,17,1,21,117,13,76,120,60,54,52" hai1="57,62,9,109,36,43,87,24,50,23,124,28,75" hai2="125,127,8,128,84,135,81,66,16,49,59,129,73" hai3="27,61,122,103,7,105,78,4,10,102,58,131,69"/><V48/><F73/><W116/><G122/><T100/><D120/><U15/><E75/><V42/><F66/><W89/><G116/><T55/><D117/><U40/><E124/><N who="2" m="47691" /><F59/><W112/><G69/><T118/><D118/><U95/><E109/><V85/><F135/><W126/><G126/><T47/><D1/><U64/><E36/><V111/><F111/><W38/><G38/><T34/><D34/><U41/><E95/><V18/><F8/><W53/><G131/><N who="2" m="50249" /><F42/><W2/><G10/><T20/><D56/><U94/><E94/><V29/><F29/><W86/><G58/><T0/><D65/><U110/><E87/><N who="2" m="33355" /><F81/><W134/><G134/><T14/><D55/><U97/><E97/><V114/><F114/><W115/><G53/><T90/><D52/><U92/><E92/><V79/><F79/><W51/><G78/><T108/><D54/><U123/><E123/><V37/><F37/><W26/><G112/><T19/><D76/><U30/><E110/><V93/><F93/><W46/><G115/><T80/><D80/><U70/><E70/><V63/><F63/><W91/><G61/><T68/><D68/><U5/><E30/><V71/><F71/><W96/><G86/><T106/><D60/><U133/><E133/><V22/><F22/><W32/><G96/><T74/><D74/><U67/><E67/><V44/><F44/><AGARI ba="0,0" hai="5,9,15,23,24,28,40,41,43,44,50,57,62,64" machi="44" ten="40,8000,1" yaku="8,1,52,3" doraHai="39" who="1" fromWho="2" sc="483,0,100,80,258,-80,159,0" />
</Scene>
<Scene>
<INIT seed="3,0,0,0,0,75" ten="483,180,178,159" oya="3" hai0="104,109,122,101,22,106,86,62,130,44,131,49,26" hai1="0,113,29,83,88,14,59,121,36,63,65,115,69" hai2="38,3,42,112,89,99,97,6,48,21,126,45,25" hai3="125,129,119,37,111,110,7,52,56,1,24,124,33"/><W18/><G119/><T108/><D122/><U93/><E0/><V84/><F112/><W10/><G37/><T70/><D86/><U58/><E121/><V127/><F3/><W135/><G135/><T20/><D62/><U55/><E36/><V30/><F6/><W92/><G129/><N who="0" m="49163" /><D70/><U61/><E69/><V32/><F32/><W64/><G64/><T46/><D22/><U27/><E14/><V35/><F35/><W90/><G33/><T118/><D118/><U98/><E83/><N who="2" m="49311" /><F38/><W133/><G133/><T107/><D101/><U28/><E28/><V34/><F34/><AGARI ba="0,0" hai="27,29,34,55,58,59,61,63,65,88,93,98,113,115" machi="34" ten="30,2000,0" yaku="7,1,54,1" doraHai="75" who="1" fromWho="2" sc="483,0,180,20,178,-20,159,0" owari="483,58.0,200,0.0,158,-34.0,159,-24.0" />
</Scene>
</mjloggm>