<mjloggm ver="2.3"><GO type="169" lobby="0"/><UN n0="%E5%A4%AA%E3%81%8F%E3%81%AA%E3%81%84%E3%81%8A" n1="%E5%94%90%E6%8F%9A%E5%A4%A7%E5%A5%BD%E3%81%8D" n2="%E7%B7%9A%E5%BD%A2%E8%A8%88%E7%94%BB%E6%B3%95" n3="%E9%8A%80%E9%81%8A%E7%A7%81%E4%BA%BA" dan="17,17,16,17" rate="2170,2237,2028,2092" sx="M,M,M,M"/><TAIKYOKU oya="0"/>

<Scene>
<INIT seed="0,0,0,3,0,53" ten="250,250,250,250" oya="0" hai0="65,78,44,21,107,88,125,35,115,19,70,56,61" hai1="49,112,93,9,94,39,131,121,25,16,86,10,122" hai2="22,72,120,124,74,11,46,13,33,27,54,79,47" hai3="60,91,105,6,95,117,0,80,68,102,1,2,114"/><T132/><D115/><U82/><E39/><V34/><F120/><W3/><G114/><T42/><D35/><U100/><E112/><V63/><F124/><W51/><G117/><T67/><D107/><U130/><E49/><V104/><F104/><W52/><G80/><T14/><D125/><U98/><E93/><V45/><F34/><W119/><G119/><T106/><D106/><U15/><E9/><V99/><F33/><W18/><G105/><T38/><D78/><U133/><E25/><V4/><F99/><W36/><G36/><T50/><D132/><U37/><E133/><V90/><F90/><W69/><G102/><T73/><D73/><U59/><E59/><V71/><F71/><W129/><G129/><N who="1" m="49162" /><E37/><V41/><F41/><W76/><G76/><AGARI ba="0,0" hai="10,15,16,76,82,86,94,98,100,121,122" m="49162" machi="76" ten="30,2000,0" yaku="19,1,54,1" doraHai="53" who="1" fromWho="3" sc="250,0,250,20,250,0,250,-20" />
</Scene>
<Scene>
<INIT seed="1,0,0,0,1,109" ten="250,270,250,230" oya="1" hai0="61,22,73,21,40,53,95,30,15,129,65,119,51" hai1="12,54,49,7,42,58,92,59,27,67,126,103,62" hai2="88,123,39,52,18,48,50,113,131,28,68,108,132" hai3="31,122,117,104,45,41,0,97,3,38,94,115,70"/><U57/><E126/><V100/><F123/><W11/><G94/><T56/><D119/><U64/><E27/><V16/><F39/><W55/><G55/><T81/><D129/><U89/><E103/><V101/><F68/><W69/><G122/><T96/><D40/><U111/><E111/><V2/><F108/><W34/><G117/><T83/><D30/><U130/><E130/><V116/><F131/><W37/><G37/><T74/><D74/><U20/><E42/><V77/><F2/><N who="3" m="555" /><G11/><T86/><D73/><U78/><E78/><V5/><F5/><W114/><G104/><T118/><D118/><U135/><E135/><V43/><F132/><W105/><G97/><T124/><D124/><U106/><E106/><V91/><F113/><N who="3" m="43019" /><G105/><T46/><D15/><U63/><E7/><V112/><F112/><W14/><G14/><T32/><D81/><U1/><E1/><V121/><F121/><W128/><G128/><T8/><D8/><U23/><E12/><V134/><F134/><W26/><AGARI ba="0,0" hai="26,31,34,38,41,45,69,70" m="43019,555" machi="26" ten="40,8000,1" yaku="23,1,52,3" doraHai="109" who="3" fromWho="3" sc="250,-20,270,-40,250,-20,230,80" />
</Scene>
<Scene>
<INIT seed="2,0,0,2,0,118" ten="230,230,230,310" oya="2" hai0="7,105,122,23,80,28,87,49,15,83,53,61,12" hai1="84,124,79,39,41,121,33,97,26,3,104,114,95" hai2="93,68,117,50,119,75,82,123,22,56,94,67,63" hai3="100,5,74,108,48,116,14,8,34,66,6,21,13"/><V31/><F123/><W24/><G34/><T135/><D105/><U134/><E3/><V103/><F119/><W32/><G116/><T64/><D135/><U35/><E114/><V2/><F2/><W60/><G32/><T125/><D125/><U78/><E124/><V86/><F75/><W89/><G74/><T44/><D122/><U47/><E134/><V112/><F112/><W58/><G108/><T37/><D37/><U25/><E104/><V27/><F117/><W55/><G100/><T17/><D28/><U120/><E35/><V130/><F130/><W85/><G13/><T1/><D1/><U113/><E113/><V52/><REACH who="2" step="1"/><F103/><REACH who="2" ten="230,230,220,310" step="2"/><W132/><G132/><T88/><D7/><U70/><E121/><V16/><F16/><W30/><G5/><T42/><D42/><U46/><E41/><V40/><F40/><W115/><G115/><T72/><D72/><U69/><E120/><V101/><F101/><W38/><G38/><T51/><D17/><U20/><E39/><V76/><AGARI ba="0,1" hai="22,27,31,50,52,56,63,67,68,76,82,86,93,94" machi="76" ten="20,7800,0" yaku="1,1,0,1,7,1,54,1,53,0" doraHai="118" doraHaiUra="11" who="2" fromWho="2" sc="230,-26,230,-26,220,88,310,-26" />
</Scene>
<Scene>
<INIT seed="2,1,0,2,0,93" ten="204,204,308,284" oya="2" hai0="38,115,30,56,28,132,59,19,55,77,27,65,14" hai1="131,129,133,111,134,88,51,108,120,124,85,135,50" hai2="12,41,127,119,40,100,113,31,84,16,74,101,122" hai3="116,54,25,37,82,3,96,79,17,42,23,112,114"/><V89/><F122/><W76/><G116/><T32/><D115/><N who="3" m="44073" /><G3/><T15/><D38/><U123/><E50/><V106/><F74/><W86/><G54/><T126/><D126/><U53/><E51/><V52/><F127/><W67/><G67/><T57/><D132/><U121/><E53/><V72/><F72/><W94/><G42/><T105/><D105/><U24/><E24/><V103/><F106/><W91/><G37/><T117/><D117/><U18/><E18/><V87/><F87/><W98/><G79/><T36/><D36/><U63/><E63/><V0/><F0/><W75/><AGARI ba="1,0" hai="17,23,25,75,76,82,86,91,94,96,98" m="44073" machi="75" ten="30,4000,0" yaku="11,1,52,2" doraHai="93" who="3" fromWho="3" sc="204,-11,204,-11,308,-21,284,43" />
</Scene>
<Scene>
<INIT seed="3,0,0,4,1,75" ten="193,193,287,327" oya="3" hai0="134,106,31,64,8,78,68,124,51,88,86,93,38" hai1="119,4,42,10,7,130,121,96,36,63,120,110,107" hai2="74,40,18,20,11,61,33,101,56,115,50,35,66" hai3="57,58,21,13,111,83,46,17,100,2,122,1,53"/><W105/><G122/><T14/><D38/><U41/><E130/><V79/><F115/><W9/><G111/><T82/><D106/><U132/><E110/><V126/><F11/><W37/><G105/><T65/><D124/><U87/><E132/><V26/><F101/><W16/><G100/><T24/><D134/><U47/><E119/><V69/><F126/><W77/><G37/><T54/><D68/><U59/><E42/><V108/><F108/><W129/><G46/><T85/><D24/><U127/><E127/><V91/><F91/><W55/><G129/><T123/><D31/><U103/><E87/><V102/><F102/><W62/><G17/><N who="0" m="8391" /><D123/><U44/><E44/><AGARI ba="0,0" hai="44,51,54,64,65,78,82,85,86,88,93" m="8391" machi="44" ten="30,3900,0" yaku="8,1,52,1,54,1" doraHai="75" who="0" fromWho="1" sc="193,39,193,-39,287,0,327,0" />
</Scene>
<Scene>
<INIT seed="4,0,0,0,5,40" ten="232,154,287,327" oya="0" hai0="28,45,65,23,84,102,93,62,100,81,50,30,105" hai1="37,52,76,82,69,58,131,51,21,29,125,19,42" hai2="90,7,8,57,77,27,94,111,68,73,79,41,33" hai3="112,116,80,17,48,95,39,113,78,54,2,88,122"/><T127/><D105/><U43/><E69/><V115/><F68/><W96/><G39/><T0/><D0/><U108/><E108/><V61/><F111/><W67/><G116/><T135/><D135/><U6/><E125/><V119/><F119/><W107/><G122/><T99/><D102/><U86/><E131/><V91/><F115/><N who="3" m="44107" /><G2/><T132/><D127/><U130/><E130/><V20/><F33/><W46/><G67/><T128/><D132/><U38/><E6/><V34/><F34/><W129/><G129/><T3/><D3/><U109/><E109/><V74/><F41/><W10/><G107/><T64/><D128/><U49/><E29/><N who="0" m="11369" /><D23/><U47/><REACH who="1" step="1"/><E42/><REACH who="1" ten="232,144,287,327" step="2"/><V24/><F7/><W56/><G17/><T11/><D62/><U117/><E117/><V72/><F61/><W53/><G10/><T15/><D11/><U89/><E89/><V31/><F90/><W1/><G1/><T71/><D71/><U118/><E118/><V123/><F91/><W26/><G26/><AGARI ba="0,1" hai="19,21,26,37,38,43,47,49,51,52,58,76,82,86" machi="26" ten="30,7700,0" yaku="1,1,7,1,52,1,54,1,53,0" doraHai="40" doraHaiUra="63" who="1" fromWho="3" sc="232,0,144,87,287,0,327,-77" />
</Scene>
<Scene>
<INIT seed="5,0,0,3,1,29" ten="232,231,287,250" oya="1" hai0="49,70,8,50,95,23,2,1,90,71,27,104,66" hai1="115,59,126,21,131,61,102,94,16,0,55,62,101" hai2="64,92,99,110,20,133,14,87,98,18,31,40,60" hai3="44,79,72,109,13,103,69,25,112,128,107,135,111"/><U89/><E0/><V125/><F110/><W63/><G13/><T3/><D104/><U28/><E131/><V52/><F40/><W12/><G12/><T6/><D2/><U105/><E105/><V130/><F130/><W122/><G128/><T58/><D3/><U77/><E126/><V80/><F125/><W48/><G122/><T134/><D134/><U46/><E115/><V45/><F31/><W9/><G135/><T35/><D35/><U39/><E28/><V129/><F129/><W117/><G9/><T116/><D116/><U54/><E77/><V119/><F119/><W15/><G117/><T86/><D50/><N who="1" m="29015" /><E39/><V118/><F133/><W73/><G15/><T33/><D33/><U4/><E4/><V30/><F30/><W100/><G112/><T124/><D124/><U108/><E108/><V47/><F99/><W42/><G25/><T81/><D81/><U83/><E83/><V67/><F87/><W88/><G79/><T26/><D26/><N who="1" m="14631" /><E62/><V74/><F80/><W57/><G107/><T10/><D10/><U106/><E106/><V53/><F74/><W97/><G72/><T127/><D127/><U43/><E43/><V68/><F60/><W132/><G73/><T11/><D11/><U114/><E114/><V84/><F118/><W113/><G113/><T56/><D49/><U85/><AGARI ba="0,0" hai="55,59,61,85,89,94,101,102" m="14631,29015" machi="85" ten="30,3000,0" yaku="8,1,54,1" doraHai="29" who="1" fromWho="1" sc="232,-10,231,30,287,-10,250,-10" />
</Scene>
<Scene>
<INIT seed="5,1,0,3,4,19" ten="222,261,277,240" oya="1" hai0="32,134,22,25,101,90,107,111,104,41,30,54,51" hai1="84,61,68,110,49,85,75,83,9,53,15,42,47" hai2="73,127,20,40,69,24,57,45,3,79,17,65,102" hai3="95,56,27,43,46,29,14,59,108,50,122,100,97"/><U92/><E110/><V55/><F3/><W89/><G108/><T60/><D111/><U126/><E126/><V67/><F127/><W112/><G122/><T31/><D134/><U18/><E68/><V44/><F102/><W38/><G112/><T5/><D5/><U58/><E75/><V129/><F129/><W52/><G14/><T34/><D41/><U86/><REACH who="1" step="1"/><E92/><REACH who="1" ten="222,251,277,240" step="2"/><V80/><F73/><W23/><REACH who="3" step="1"/><G100/><REACH who="3" ten="222,251,277,230" step="2"/><T12/><D101/><U82/><AGARI ba="1,2" hai="9,15,18,42,47,49,53,58,61,82,83,84,85,86" machi="82" ten="30,11700,0" yaku="1,1,2,1,0,1,8,1,53,0" doraHai="19" doraHaiUra="124" who="1" fromWho="1" sc="222,-40,251,140,277,-40,230,-40" />
</Scene>
<Scene>
<INIT seed="5,2,0,1,4,128" ten="182,391,237,190" oya="1" hai0="28,20,87,79,26,126,115,11,101,135,102,122,1" hai1="112,110,133,98,41,123,93,131,97,66,125,32,38" hai2="31,60,49,0,72,9,91,83,69,121,65,33,50" hai3="71,35,105,53,46,88,25,120,109,99,111,119,80"/><U77/><E32/><V2/><F121/><W130/><G120/><T113/><D122/><U84/><E123/><V82/><F31/><W94/><G130/><T37/><D37/><U7/><E131/><V55/><F33/><W95/><G105/><T34/><D126/><U19/><E125/><V81/><F72/><W96/><G71/><T54/><D34/><U47/><E112/><N who="0" m="43081" /><D54/><U57/><E110/><V5/><F50/><W106/><G106/><T76/><D135/><U64/><E133/><V75/><F75/><W86/><G119/><T108/><D108/><U3/><E19/><V58/><REACH who="2" step="1"/><F91/><REACH who="2" ten="182,391,227,190" step="2"/><W104/><G35/><T68/><D79/><U124/><E77/><V21/><F21/><W116/><G88/><T70/><D76/><U29/><E29/><V39/><F39/><W42/><G111/><T127/><D127/><U107/><E38/><V92/><F92/><W134/><G95/><T52/><D20/><U4/><E93/><V59/><F59/><W51/><G94/><T61/><D28/><U40/><E57/><V13/><AGARI ba="2,1" hai="0,2,5,9,13,49,55,58,60,65,69,81,82,83" machi="13" ten="30,2000,0" yaku="1,1,0,1,53,0" doraHai="128" doraHaiUra="74" who="2" fromWho="2" sc="182,-7,391,-12,227,36,190,-7" />
</Scene>
<Scene>
<INIT seed="6,0,0,5,3,134" ten="175,379,263,183" oya="2" hai0="14,52,45,53,121,72,130,101,59,25,84,69,98" hai1="19,38,51,91,62,42,22,4,65,109,43,23,111" hai2="132,120,102,99,127,56,110,94,24,77,5,115,90" hai3="117,126,71,13,63,0,67,31,28,70,88,11,40"/><V10/><F120/><W29/><G0/><T15/><D69/><U1/><E38/><V64/><F24/><W41/><G117/><T89/><D72/><U116/><E116/><V26/><F26/><W82/><G70/><T119/><D119/><U2/><E91/><V68/><F68/><W8/><G126/><T18/><D121/><U96/><E96/><V113/><F77/><W95/><G82/><T76/><D130/><U74/><E74/><V33/><F33/><W104/><G104/><T125/><D76/><U3/><E4/><V60/><F132/><W36/><G36/><T114/><D114/><N who="2" m="43530" /><F110/><W35/><G35/><T20/><D125/><U21/><E19/><V107/><F127/><W80/><G80/><N who="0" m="49287" /><D45/><U122/><E122/><V37/><F37/><W93/><G93/><N who="0" m="58575" /><D53/><U92/><E92/><V30/><F107/><W46/><G46/><T32/><D32/><U54/><E109/><V79/><F79/><W61/><G61/><AGARI ba="0,0" hai="14,15,18,20,25,52,59,61" m="58575,49287" machi="61" ten="30,2000,0" yaku="8,1,54,1" doraHai="134" who="0" fromWho="3" sc="175,20,379,0,263,0,183,-20" />
</Scene>
<Scene>
<INIT seed="7,0,0,5,2,42" ten="195,379,263,163" oya="3" hai0="121,69,32,100,9,2,88,87,12,72,11,4,106" hai1="85,17,117,56,125,27,37,3,68,126,23,102,120" hai2="7,22,107,49,25,31,129,74,61,29,119,132,115" hai3="55,89,1,52,40,35,63,58,21,81,19,133,98"/><W103/><G35/><T70/><D121/><U116/><E68/><V97/><F74/><W48/><G1/><T124/><D32/><U101/><E3/><V44/><F119/><N who="1" m="45641" /><E37/><V122/><F122/><W99/><G40/><T51/><D72/><U86/><E56/><V54/><F7/><W50/><G133/><T45/><D124/><N who="1" m="47723" /><E120/><V65/><F115/><W43/><G43/><T93/><D100/><AGARI ba="0,0" hai="17,23,27,85,86,100,101,102" m="47723,45641" machi="100" ten="30,2000,0" yaku="12,1,18,1" doraHai="42" who="1" fromWho="0" sc="195,-20,379,20,263,0,163,0" owari="175,-22.0,399,50.0,263,6.0,163,-34.0" />
</Scene>
</mjloggm>