<mjloggm ver="2.3"><GO type="41"/><UN n0="%61%6B%69%72%61%54%4A" n1="%E3%82%88%E3%81%8A%E3%81%96%E3%82%93" n2="%E5%A4%AA%E3%81%8F%E3%81%AA%E3%81%84%E3%81%8A" n3="%E3%81%88%EF%BC%9F%E5%83%95%E3%81%A8%E3%82%84%E3%82%8B%E3%81%AE%EF%BC%9F" dan="13,15,15,14" rate="1811,1993,2045,1991" sx="M,M,M,F"/><TAIKYOKU oya="0"/>

<Scene>
<INIT seed="0,0,0,0,0,39" ten="250,250,250,250" oya="0" hai0="50,99,78,111,112,29,25,71,33,49,21,8,124" hai1="48,62,80,73,45,17,128,58,32,79,108,81,42" hai2="12,4,46,82,52,121,89,35,107,106,3,24,27" hai3="102,93,114,1,74,47,132,53,77,110,91,6,65"/><T30/><D112/><U122/><E122/><V115/><F3/><W120/><G65/><T119/><D119/><U54/><E32/><V22/><F35/><W69/><G102/><T76/><D71/><U86/><E128/><V40/><F115/><W70/><G6/><T36/><D36/><U10/><E108/><V109/><F121/><W133/><G77/><T117/><D111/><U28/><E28/><V19/><F109/><W88/><G70/><T55/><D117/><U95/><E95/><V9/><F24/><W11/><G11/><T87/><D124/><U97/><E97/><V83/><F52/><W113/><G88/><T31/><D99/><U131/><E131/><V41/><F83/><W0/><G132/><T72/><D72/><U130/><E130/><V7/><F7/><W68/><G0/><T90/><D33/><U129/><E129/><V15/><F15/><W56/><G56/><N who="0" m="32879" /><D8/><U104/><E104/><V75/><F41/><W134/><G134/><T116/><D116/><U20/><E10/><V37/><REACH who="2" step="1"/><F89/><REACH who="2" ten="250,250,240,250" step="2"/><W126/><G133/><T118/><D118/><U100/><E81/><V43/><F43/><W98/><G91/><T14/><D14/><N who="1" m="9271" /><E73/><V105/><F105/><W101/><G74/><T51/><D76/><AGARI ba="0,1" hai="4,9,12,19,22,27,37,40,46,75,76,82,106,107" machi="76" ten="40,2600,0" yaku="1,1,52,1,53,0" doraHai="39" doraHaiUra="26" who="2" fromWho="0" sc="250,-26,250,0,240,36,250,0" />
</Scene>
<Scene>
<INIT seed="1,0,0,2,3,13" ten="224,250,276,250" oya="1" hai0="52,14,99,18,115,4,132,135,51,74,131,124,58" hai1="23,5,108,48,130,57,11,123,84,93,88,50,109" hai2="79,100,27,6,98,121,8,61,66,72,129,73,1" hai3="62,71,67,53,28,60,59,122,114,111,118,96,86"/><U81/><E123/><V95/><F121/><W83/><G114/><T32/><D115/><U17/><E130/><V55/><F129/><W47/><G122/><T56/><D131/><U75/><E57/><V34/><F55/><W49/><G111/><N who="1" m="42570" /><E75/><V37/><F37/><W117/><G96/><T112/><D32/><U42/><E81/><V2/><F2/><W128/><G28/><T94/><D112/><U22/><E42/><V31/><REACH who="2" step="1"/><F79/><REACH who="2" ten="224,250,266,250" step="2"/><W89/><REACH who="3" step="1"/><G128/><REACH who="3" ten="224,250,266,240" step="2"/><T0/><D132/><U127/><E127/><V107/><F107/><W92/><G92/><T104/><D135/><U21/><E17/><V43/><F43/><AGARI ba="0,2" hai="43,47,49,53,59,60,62,67,71,83,86,89,117,118" machi="43" ten="40,1300,0" yaku="1,1,53,0" doraHai="13" doraHaiUra="102" who="3" fromWho="2" sc="224,0,250,0,266,-13,240,33" />
</Scene>
<Scene>
<INIT seed="2,0,0,5,1,68" ten="224,250,253,273" oya="2" hai0="5,57,44,107,4,83,118,79,64,66,78,61,94" hai1="122,111,70,121,73,24,14,42,81,82,112,2,90" hai2="19,58,12,27,34,50,74,0,47,120,129,115,32" hai3="39,30,128,105,59,109,26,130,28,125,75,98,37"/><V108/><F120/><W40/><G75/><T76/><D107/><U117/><E2/><V110/><F115/><W114/><G114/><T119/><D118/><U89/><E112/><V91/><F0/><W102/><G40/><T41/><D66/><U46/><E70/><V1/><F1/><W8/><G125/><T62/><D119/><U77/><E117/><V60/><F74/><W52/><G109/><N who="2" m="42089" /><F91/><W53/><G8/><T67/><D94/><U88/><E111/><V22/><F12/><W135/><G135/><T71/><D83/><U99/><E24/><V43/><F129/><N who="3" m="49771" /><G53/><AGARI ba="0,0" hai="19,22,27,32,34,43,47,50,53,58,60" m="42089" machi="53" ten="30,2900,0" yaku="14,1,10,1" doraHai="68" who="2" fromWho="3" sc="224,0,250,0,253,29,273,-29" />
</Scene>
<Scene>
<INIT seed="2,1,0,4,5,43" ten="224,250,282,244" oya="2" hai0="1,129,106,89,133,84,73,116,46,111,126,61,77" hai1="124,42,58,52,25,28,74,97,88,27,65,56,47" hai2="44,92,22,85,110,108,109,70,11,99,40,54,79" hai3="55,81,120,96,66,39,71,118,101,76,104,134,35"/><V49/><F70/><W75/><G35/><T59/><D116/><U15/><E74/><V94/><F22/><W20/><G120/><T93/><D106/><U86/><E124/><V123/><F123/><W91/><G118/><T38/><D126/><U60/><E97/><V119/><F119/><W114/><G114/><T68/><D68/><U12/><E58/><V0/><F0/><W95/><G39/><T26/><D129/><U34/><E27/><V132/><F132/><W82/><G134/><T3/><D133/><U125/><E65/><V50/><F11/><W98/><G20/><T23/><D111/><U64/><E64/><V7/><F7/><W13/><G13/><T6/><D6/><U51/><E125/><V24/><F24/><W127/><G127/><T19/><D77/><U105/><E105/><V115/><F115/><W29/><G29/><T8/><D73/><U62/><E62/><V41/><F99/><W107/><G55/><T17/><D17/><U103/><E103/><V135/><F135/><W48/><G48/><T72/><D72/><U83/><AGARI ba="1,0" hai="12,15,25,28,34,42,47,51,52,56,60,83,86,88" machi="83" ten="20,8000,1" yaku="0,1,7,1,52,1,54,2" doraHai="43" who="1" fromWho="1" sc="224,-21,250,83,282,-41,244,-21" />
</Scene>
<Scene>
<INIT seed="3,0,0,5,3,46" ten="203,333,241,223" oya="3" hai0="10,5,132,29,100,117,8,26,77,82,79,126,65" hai1="18,125,16,129,76,72,91,64,36,22,103,34,90" hai2="20,98,35,128,53,43,110,57,73,87,11,104,66" hai3="23,124,114,123,116,60,42,59,118,39,48,83,3"/><W86/><G123/><T12/><D117/><U71/><E34/><V134/><F35/><W96/><G3/><T41/><D132/><U115/><E36/><V58/><F73/><W47/><G114/><T51/><D126/><U6/><E115/><V38/><F38/><W93/><G124/><T24/><D100/><U19/><E125/><V25/><F43/><W108/><G108/><T109/><D109/><U1/><E103/><V135/><F11/><W62/><G23/><T85/><D10/><U107/><E107/><V127/><F87/><W63/><G59/><T95/><D95/><U101/><E101/><N who="2" m="62519" /><F110/><W2/><G2/><T31/><D77/><U133/><E133/><V67/><F58/><W37/><G37/><T61/><D29/><U7/><E64/><V32/><F32/><W40/><G40/><T97/><D97/><U106/><E71/><V44/><F44/><W120/><G120/><T94/><D94/><U113/><E106/><V17/><F67/><W121/><G121/><T131/><D31/><U111/><E111/><V27/><F66/><W75/><G75/><T45/><D131/><U84/><E129/><V28/><F128/><W54/><G39/><T50/><D50/><U119/><E113/><V30/><F127/><W99/><G42/><T70/><AGARI ba="0,0" hai="5,8,12,24,26,41,45,51,61,65,70,79,82,85" machi="70" ten="20,8000,1" yaku="0,1,7,1,25,2,52,1" doraHai="46" who="0" fromWho="0" sc="203,80,333,-20,241,-20,223,-40" />
</Scene>
<Scene>
<INIT seed="4,0,0,1,1,37" ten="283,313,221,183" oya="0" hai0="58,66,104,118,106,92,117,53,105,63,126,79,109" hai1="122,62,102,56,5,99,97,14,86,21,6,27,119" hai2="64,123,96,71,4,78,81,93,39,16,9,28,69" hai3="65,43,108,35,45,83,15,2,18,91,88,110,74"/><T103/><D109/><U84/><E122/><V114/><F123/><W34/><G2/><T128/><D128/><U49/><E119/><V59/><F28/><W60/><G74/><T101/><D126/><U127/><E127/><V75/><F114/><W73/><G91/><T40/><D79/><U31/><E97/><V121/><F121/><W125/><G125/><T1/><D1/><U36/><E36/><V124/><F124/><W26/><G73/><T47/><D66/><U51/><E6/><V90/><F39/><W87/><G26/><T120/><D120/><U10/><E51/><V61/><REACH who="2" step="1"/><F16/><REACH who="2" ten="283,313,211,183" step="2"/><W42/><G110/><T107/><D117/><U17/><E17/><V115/><F115/><W32/><G108/><T68/><D118/><U46/><E49/><V98/><F98/><W130/><G130/><T23/><N who="0" m="27136" /><DORA hai="67" /><T3/><D3/><AGARI ba="0,1" hai="3,4,9,59,61,64,69,71,75,78,81,90,93,96" machi="3" ten="30,8000,1" yaku="1,1,7,1,52,2,53,1" doraHai="37,67" doraHaiUra="20,95" who="2" fromWho="0" sc="283,-80,313,0,211,90,183,0" />
</Scene>
<Scene>
<INIT seed="5,0,0,1,0,115" ten="203,313,301,183" oya="1" hai0="113,90,94,105,77,74,116,40,123,55,95,124,112" hai1="38,117,85,36,41,96,65,5,81,80,120,43,118" hai2="107,63,22,60,2,15,88,47,58,37,86,100,83" hai3="129,20,66,108,102,32,79,70,62,130,18,132,82"/><U125/><E120/><V61/><F2/><W73/><G32/><T46/><D123/><U17/><E5/><V21/><F107/><W11/><G102/><T0/><D0/><U93/><E65/><V16/><F100/><W29/><G132/><T101/><D124/><U14/><E125/><V53/><F37/><W97/><G97/><T111/><D111/><U28/><E28/><V78/><F47/><W71/><G29/><T92/><D55/><U99/><E14/><V76/><F22/><W103/><G103/><T57/><D57/><U52/><E17/><V8/><F8/><W109/><G11/><T13/><D13/><U26/><E85/><V42/><F42/><W114/><G114/><N who="0" m="44139" /><D46/><U54/><REACH who="1" step="1"/><E93/><REACH who="1" ten="203,303,301,183" step="2"/><V106/><F106/><W87/><G87/><N who="0" m="52319" /><D40/><U122/><E122/><V59/><F63/><W9/><G108/><T133/><D133/><U34/><E34/><V23/><F23/><W131/><G109/><T50/><D95/><U6/><E6/><V1/><F1/><W64/><G66/><AGARI ba="0,1" hai="15,16,21,53,58,59,60,61,66,76,78,83,86,88" machi="66" ten="30,7700,0" yaku="7,1,8,1,54,2" doraHai="115" who="2" fromWho="3" sc="203,0,303,0,301,87,183,-77" />
</Scene>
<Scene>
<INIT seed="6,0,0,1,0,111" ten="203,303,388,106" oya="2" hai0="130,54,24,44,110,0,98,126,52,30,18,88,21" hai1="117,49,82,112,5,109,9,39,17,19,4,16,81" hai2="105,41,72,55,11,77,46,113,100,48,20,29,31" hai3="78,97,87,65,40,76,124,67,1,27,2,90,135"/><V93/><F105/><W107/><G27/><T32/><D110/><U42/><E109/><V118/><F118/><W131/><G40/><T71/><D130/><U116/><E39/><V37/><F72/><W7/><G131/><T6/><D71/><U89/><E42/><V33/><F33/><W15/><G124/><T85/><D126/><U115/><E49/><V92/><F77/><W122/><G122/><T58/><D44/><U120/><E120/><V56/><F11/><W62/><G135/><T86/><D86/><U127/><E127/><V125/><F125/><W14/><G1/><T108/><D108/><U96/><E96/><V25/><F100/><W123/><G123/><T43/><D43/><U104/><E104/><V101/><F101/><W84/><G2/><T3/><D98/><U83/><E89/><V36/><F31/><W80/><G107/><T12/><D6/><N who="1" m="2667" /><E9/><V121/><F121/><W103/><G103/><T95/><REACH who="0" step="1"/><D54/><REACH who="0" ten="193,303,388,106" step="2"/><U134/><E134/><V73/><F37/><W13/><G97/><T133/><D133/><U23/><E23/><V79/><F36/><W102/><G7/><T70/><D70/><U99/><E99/><V74/><F41/><W119/><G84/><T64/><D64/><U60/><E116/><V8/><F20/><W63/><G119/><T94/><D94/><U47/><E117/><V51/><F92/><W66/><REACH who="3" step="1"/><G102/><REACH who="3" ten="193,303,388,96" step="2"/><T129/><D129/><U91/><E47/><V26/><F46/><W34/><G34/><T28/><D28/><U59/><E83/><V57/><F29/><W61/><AGARI ba="0,2" hai="13,14,15,61,62,63,65,66,67,76,78,80,87,90" machi="61" ten="40,8000,1" yaku="1,1,0,1,29,2,8,1,53,0" doraHai="111" doraHaiUra="45" who="3" fromWho="3" sc="193,-20,303,-20,388,-40,96,100" />
</Scene>
<Scene>
<INIT seed="7,0,0,2,0,106" ten="173,283,348,196" oya="3" hai0="25,82,60,118,40,32,49,66,6,100,38,72,46" hai1="81,127,1,36,42,65,23,123,126,57,92,67,114" hai2="105,113,120,21,59,121,117,133,68,11,28,75,129" hai3="53,122,29,33,56,104,74,9,47,103,43,51,39"/><W96/><G74/><T26/><D118/><U89/><E1/><V22/><F68/><W84/><G84/><T101/><D6/><U41/><E123/><V48/><F117/><W111/><G111/><T90/><D26/><U18/><E114/><V125/><F105/><W80/><G80/><T64/><D64/><U135/><E135/><V15/><F75/><W50/><G122/><N who="2" m="47209" /><F113/><W3/><G3/><T13/><D13/><U99/><E36/><V44/><F133/><W109/><G109/><T19/><D19/><U78/><E67/><V69/><F69/><W112/><G112/><T132/><D132/><U55/><E65/><V95/><F129/><W116/><G116/><T76/><D49/><U70/><E70/><V45/><F125/><W86/><G86/><T16/><D90/><U17/><E17/><N who="2" m="8447" /><F95/><W62/><REACH who="3" step="1"/><G9/><REACH who="3" ten="173,283,348,186" step="2"/><T31/><D16/><U20/><E126/><V8/><F8/><W30/><G30/><T61/><D60/><U134/><E134/><V97/><F28/><W35/><G35/><T119/><REACH who="0" step="1"/><D119/><REACH who="0" ten="163,283,348,186" step="2"/><U131/><E127/><V87/><F87/><W91/><G91/><T58/><AGARI ba="0,2" hai="25,31,32,38,40,46,58,61,66,72,76,82,100,101" machi="58" ten="20,8000,1" yaku="1,1,2,1,0,1,7,1,52,1,53,0" doraHai="106" doraHaiUra="5" who="0" fromWho="0" sc="163,100,283,-20,348,-20,186,-40" owari="263,6.0,263,-14.0,328,43.0,146,-35.0" />
</Scene>
</mjloggm>