<mjloggm ver="2.3"><GO type="97"/><UN n0="%E5%A4%AA%E3%81%8F%E3%81%AA%E3%81%84%E3%81%8A" n1="%EF%BC%A0%E5%A4%95%E5%8F%A2%E9%9C%A7%E9%A6%99" n2="%E3%81%8B%E3%81%95%E3%81%82%E3%82%8B%E3%81%8D" n3="%74%61%63%6B%79%5F%35%31" dan="15,14,13,13" rate="2045,1986,1810,1841" sx="M,F,M,M"/><TAIKYOKU oya="0"/>

<Scene>
<INIT seed="0,0,0,2,5,87" ten="250,250,250,250" oya="0" hai0="43,121,62,0,75,129,84,26,73,132,69,35,56" hai1="102,125,60,85,49,103,40,34,20,38,8,65,115" hai2="11,90,107,128,127,17,14,74,135,18,45,76,82" hai3="122,67,108,83,124,86,96,123,77,13,53,6,81"/><T61/><D0/><U118/><E118/><V119/><F119/><W3/><G3/><T120/><D43/><U10/><E34/><V25/><F107/><W2/><G2/><T36/><D36/><U98/><E115/><V19/><F128/><W59/><G67/><T29/><D129/><U4/><E38/><V89/><F135/><W106/><G108/><T52/><D132/><U93/><E125/><V100/><F127/><W39/><G39/><T42/><D42/><U112/><E103/><V22/><F100/><N who="3" m="62727" /><G124/><T41/><D41/><U57/><E112/><V63/><F18/><W91/><G13/><T101/><D101/><U32/><E32/><V111/><F111/><W28/><G28/><T16/><D84/><U7/><E85/><V44/><REACH who="2" step="1"/><F63/><REACH who="2" ten="250,250,240,250" step="2"/><N who="3" m="36335" /><G6/><T70/><D16/><U99/><E4/><V68/><F68/><W71/><G71/><T12/><D70/><U104/><E7/><V131/><F131/><W9/><G9/><T116/><D116/><U92/><E8/><V117/><F117/><W54/><G54/><T47/><D62/><U64/><E10/><V50/><F50/><W79/><G81/><T114/><D69/><U58/><E60/><V78/><F78/><W130/><G130/><T27/><D61/><U24/><E49/><V88/><AGARI ba="0,1" hai="11,14,17,19,22,25,44,45,74,76,82,88,89,90" machi="88" ten="30,12000,2" yaku="1,1,0,1,52,3,54,1,53,0" doraHai="87" doraHaiUra="33" who="2" fromWho="2" sc="250,-60,250,-30,240,130,250,-30" />
</Scene>
<Scene>
<INIT seed="1,0,0,3,4,81" ten="190,220,370,220" oya="1" hai0="7,75,100,87,6,121,96,8,122,93,135,119,31" hai1="88,114,10,97,70,15,63,49,18,20,129,112,101" hai2="133,22,115,89,71,53,30,85,1,107,36,52,128" hai3="44,46,58,57,125,99,77,29,95,56,90,39,134"/><U5/><E129/><V131/><F133/><W60/><G125/><T19/><D75/><U126/><E126/><V3/><F107/><W26/><G134/><T106/><D135/><U98/><E49/><V118/><F118/><W82/><G39/><T84/><D119/><U37/><E37/><V9/><F71/><W41/><G41/><T33/><D33/><U23/><E23/><V21/><F36/><W69/><G69/><T92/><D31/><U130/><E130/><N who="2" m="49707" /><F115/><W40/><G40/><T51/><D51/><U65/><E98/><V50/><F30/><W59/><N who="3" m="14848" /><DORA hai="62" /><W76/><G60/><T61/><D61/><U64/><E64/><V14/><F22/><W32/><REACH who="3" step="1"/><G77/><REACH who="3" ten="190,220,370,210" step="2"/><T13/><D121/><U104/><REACH who="1" step="1"/><E88/><REACH who="1" ten="190,210,370,210" step="2"/><V109/><F89/><W38/><G38/><T27/><D122/><U91/><E91/><V16/><F109/><W25/><G25/><AGARI ba="0,2" hai="5,10,15,18,20,25,63,65,70,97,101,104,112,114" machi="25" ten="30,5800,0" yaku="1,1,7,1,52,1,53,0" doraHai="81,62" doraHaiUra="43,124" who="1" fromWho="3" sc="190,0,210,78,370,0,210,-58" />
</Scene>
<Scene>
<INIT seed="1,1,0,5,1,61" ten="190,288,370,152" oya="1" hai0="65,87,54,93,104,25,99,82,118,16,128,33,121" hai1="45,22,18,38,2,96,30,69,94,5,43,67,48" hai2="13,85,100,124,51,89,27,95,63,3,98,20,9" hai3="88,6,44,40,129,127,109,117,24,116,46,107,112"/><U126/><E30/><V108/><F108/><W23/><G107/><T125/><D118/><N who="3" m="45673" /><G112/><T37/><D37/><U86/><E126/><V119/><F119/><W105/><G105/><T60/><D104/><U122/><E122/><V26/><F124/><W74/><G74/><T132/><D125/><U1/><E5/><V134/><F134/><W53/><G127/><T15/><D132/><U10/><E10/><V106/><F106/><W8/><G109/><T14/><D54/><U77/><E38/><V4/><F63/><W17/><G129/><T83/><D128/><U56/><E69/><V110/><F110/><W52/><G46/><T90/><D121/><U21/><E21/><V55/><F3/><N who="3" m="95" /><G88/><N who="0" m="51327" /><D82/><U123/><E56/><V135/><F135/><W36/><AGARI ba="1,0" hai="17,23,24,36,40,44,52,53" m="95,45673" machi="36" ten="30,2000,0" yaku="12,1,54,1" doraHai="61" who="3" fromWho="3" sc="190,-6,288,-11,370,-6,152,23" />
</Scene>
<Scene>
<INIT seed="2,0,0,3,1,130" ten="184,277,364,175" oya="2" hai0="127,80,44,48,70,113,76,106,68,34,12,96,23" hai1="78,45,41,30,0,92,79,3,100,131,66,132,133" hai2="116,98,89,14,124,24,90,112,122,101,9,60,43" hai3="19,40,126,72,88,62,50,5,26,15,67,105,31"/><V81/><F112/><W61/><G105/><T69/><D34/><U38/><E131/><V59/><F116/><W134/><G72/><T87/><D113/><U115/><E115/><V52/><F122/><W51/><G126/><T57/><D127/><U55/><E66/><V104/><F124/><W84/><G5/><T129/><D129/><U1/><E30/><V21/><F43/><W16/><G40/><T85/><D57/><U7/><E7/><V63/><F81/><N who="3" m="49167" /><G134/><N who="1" m="51818" /><E55/><V36/><F36/><W102/><G102/><T83/><D106/><U71/><E71/><V56/><F56/><N who="3" m="37287" /><G62/><T37/><D37/><U94/><E100/><V109/><F63/><W95/><G95/><AGARI ba="0,0" hai="0,1,3,38,41,45,78,79,92,94,95" m="51818" machi="95" ten="40,8000,1" yaku="20,1,52,3" doraHai="130" who="1" fromWho="3" sc="184,0,277,80,364,0,175,-80" />
</Scene>
<Scene>
<INIT seed="3,0,0,2,4,46" ten="184,357,364,95" oya="3" hai0="87,109,94,121,66,78,21,95,65,47,134,28,53" hai1="112,89,13,113,34,33,35,38,3,76,42,41,49" hai2="62,8,19,32,106,92,11,86,39,79,114,115,9" hai3="72,80,90,118,64,57,60,111,128,26,100,52,20"/><W82/><G118/><T15/><D121/><U5/><E3/><V51/><F106/><W98/><G128/><T83/><D109/><U74/><E38/><V48/><F39/><W91/><G111/><T14/><D134/><U88/><E76/><V85/><F32/><W18/><G72/><T43/><D43/><U58/><E74/><V120/><F120/><W16/><G18/><N who="0" m="10455" /><D28/><U55/><E42/><V132/><F132/><W126/><G126/><T73/><D15/><U124/><E124/><V131/><F131/><W44/><G80/><T4/><D4/><U116/><E116/><V22/><F62/><W119/><G119/><T96/><D73/><U23/><E41/><V125/><F125/><W10/><G10/><T7/><D7/><U129/><E129/><V0/><F0/><W68/><G82/><T108/><D108/><U107/><E107/><V45/><F115/><W81/><G81/><T130/><D130/><U36/><E36/><V67/><F79/><W101/><G68/><T2/><D2/><U93/><E89/><N who="3" m="33802" /><G98/><T105/><D105/><U27/><E13/><N who="2" m="9583" /><F67/><N who="0" m="25610" /><D96/><U17/><REACH who="1" step="1"/><E5/><REACH who="1" ten="184,347,364,95" step="2"/><V127/><F127/><W103/><G103/><T102/><D102/><U71/><E71/><V1/><F1/><W63/><G63/><T135/><D135/><U77/><E77/><V59/><F114/><W37/><G37/><T84/><D84/><AGARI ba="0,1" hai="17,23,27,33,34,35,49,55,58,84,88,93,112,113" machi="84" ten="40,12000,2" yaku="1,1,52,1,54,1,53,3" doraHai="46" doraHaiUra="30" who="1" fromWho="0" sc="184,-120,347,130,364,0,95,0" owari="64,-44.0,477,58.0,364,16.0,95,-30.0" />
</Scene>
</mjloggm>