<mjloggm ver="2.3"><GO type="41"/><UN n0="%E3%83%94%E3%82%AB%E3%83%BC%E3%83%89" n1="%E5%A4%AA%E3%81%8F%E3%81%AA%E3%81%84%E3%81%8A" n2="%66%67%67%68%68%64%66" n3="%E3%81%82%E3%81%97%E9%A2%A8%E5%91%82" dan="15,15,14,14" rate="1919,2062,1934,1941" sx="M,M,M,M"/><TAIKYOKU oya="0"/>

<Scene>
<INIT seed="0,0,0,1,0,78" ten="250,250,250,250" oya="0" hai0="52,31,120,95,57,4,64,49,119,42,27,117,41" hai1="105,13,135,40,87,66,126,55,116,130,33,45,1" hai2="110,108,101,68,7,53,127,73,5,98,48,19,121" hai3="76,106,39,128,26,51,111,30,50,102,46,62,47"/><T14/><D120/><U43/><E1/><V69/><F121/><W23/><G39/><T93/><D64/><U16/><E116/><V70/><F73/><W59/><G128/><T18/><D4/><U0/><E0/><V103/><F127/><W22/><G111/><N who="2" m="42537" /><F19/><W36/><G36/><T86/><D119/><U81/><E33/><V129/><F129/><W38/><G38/><T112/><D112/><U12/><E105/><N who="2" m="63671" /><F103/><W114/><G114/><T11/><D117/><U75/><E75/><V122/><F122/><W125/><G125/><T113/><D113/><U96/><E126/><V2/><F2/><W24/><G102/><T15/><D14/><U97/><E12/><V107/><F107/><W37/><G37/><T83/><D42/><N who="1" m="15915" /><E66/><V71/><F71/><W10/><G106/><T118/><D41/><U77/><E130/><V54/><F54/><W80/><G10/><T84/><D118/><U6/><E6/><V90/><F90/><W63/><G59/><AGARI ba="0,0" hai="5,7,48,53,59,68,69,70" m="63671,42537" machi="59" ten="40,1300,0" yaku="14,1" doraHai="78" who="2" fromWho="3" sc="250,0,250,0,250,13,250,-13" />
</Scene>
<Scene>
<INIT seed="1,0,0,0,3,72" ten="250,250,263,237" oya="1" hai0="87,118,93,37,111,67,52,64,62,99,90,36,107" hai1="30,23,8,120,24,17,50,27,58,81,97,88,43" hai2="71,106,6,12,13,51,0,54,69,115,110,127,40" hai3="98,79,134,34,80,25,4,112,26,1,20,59,38"/><U66/><E120/><V33/><F110/><W14/><G112/><T2/><D2/><U39/><E39/><V101/><F115/><W109/><G109/><T133/><D118/><U78/><E66/><V31/><F40/><W76/><G38/><T117/><D117/><U125/><E125/><V32/><F0/><W105/><G1/><T128/><D111/><U49/><E43/><V100/><F127/><W47/><G47/><T7/><D7/><U116/><E116/><V9/><F31/><W113/><G113/><T124/><D124/><U28/><E28/><V65/><F65/><W91/><G134/><T63/><D133/><U82/><E58/><V15/><F106/><W77/><G34/><T103/><D128/><U70/><E70/><V45/><F33/><W73/><G73/><T75/><D75/><U135/><E135/><V22/><F32/><W95/><G105/><T119/><D119/><U61/><E61/><V84/><F84/><N who="3" m="48159" /><G26/><T10/><D37/><U48/><E78/><V11/><F22/><W122/><G122/><T18/><D36/><U57/><E57/><V35/><F35/><W5/><G59/><N who="0" m="35175" /><D63/><U41/><E41/><V104/><F104/><W3/><G3/><T44/><D44/><U53/><E53/><V83/><F71/><W86/><G98/><T131/><D107/><U92/><REACH who="1" step="1"/><E27/><REACH who="1" ten="250,240,263,237" step="2"/><V96/><F69/><W132/><G132/><T19/><D67/><U74/><E74/><V16/><F54/><W42/><G42/><T102/><D64/><U89/><E89/><V29/><F101/><W56/><G56/><T60/><D102/><RYUUKYOKU ba="0,1" sc="250,-10,240,30,263,-10,237,-10" hai1="8,17,23,24,30,48,49,50,81,82,88,92,97" />
</Scene>
<Scene>
<INIT seed="1,1,1,2,5,94" ten="240,270,253,227" oya="1" hai0="89,100,38,65,64,77,47,29,84,99,72,79,112" hai1="126,15,32,5,130,37,33,56,20,96,87,70,106" hai2="122,86,85,3,6,78,113,105,114,55,9,90,28" hai3="128,60,98,16,8,116,40,62,125,107,82,111,34"/><U121/><E70/><V133/><F122/><W58/><G111/><T42/><D112/><N who="2" m="43114" /><F133/><W54/><G125/><T10/><D29/><U83/><E121/><V129/><F129/><W81/><G128/><T118/><D118/><U45/><E130/><V63/><F105/><W17/><G116/><T23/><D23/><U59/><E126/><V67/><F28/><W66/><G40/><T11/><D72/><U93/><E106/><V124/><F124/><W51/><G34/><T76/><D65/><U14/><E33/><V48/><F78/><W25/><G60/><T110/><D64/><U24/><E32/><V22/><F22/><W7/><G17/><T95/><REACH who="0" step="1"/><D110/><REACH who="0" ten="230,270,253,227" step="2"/><U134/><E20/><V71/><F90/><W120/><G120/><T135/><D135/><U123/><E134/><V41/><F41/><W26/><G66/><T80/><AGARI ba="1,2" hai="10,11,38,42,47,76,77,79,80,84,89,95,99,100" machi="80" ten="30,4000,0" yaku="1,1,0,1,52,1,53,0" doraHai="94" doraHaiUra="50" who="0" fromWho="0" sc="230,63,270,-21,253,-11,227,-11" />
</Scene>
<Scene>
<INIT seed="2,0,0,3,2,25" ten="293,249,242,216" oya="2" hai0="57,48,123,90,5,116,78,76,75,135,69,62,64" hai1="30,3,18,126,8,38,108,82,24,33,117,84,29" hai2="92,50,66,37,41,127,11,131,101,46,81,34,125" hai3="83,21,107,43,39,70,119,102,80,93,12,121,40"/><V103/><F34/><W32/><G119/><T67/><D123/><U113/><E117/><V94/><F131/><W51/><G121/><T77/><D116/><U118/><E118/><V2/><F66/><W42/><G107/><T68/><D75/><U35/><E113/><V17/><F81/><W26/><G39/><T58/><D5/><U91/><E38/><V115/><F115/><W95/><G32/><T120/><D120/><U49/><E108/><V13/><F2/><W45/><G70/><T10/><D10/><U122/><E122/><V15/><F37/><W31/><G12/><T96/><D135/><U112/><E112/><V106/><F106/><W89/><G102/><T36/><D36/><U128/><E128/><V129/><F129/><W74/><G74/><T16/><D48/><U47/><E126/><N who="2" m="48139" /><F15/><W61/><G61/><T19/><D68/><U73/><E73/><V86/><F86/><W56/><G56/><T53/><D69/><U114/><E114/><V134/><F134/><W28/><G51/><N who="0" m="30911" /><D67/><U6/><E35/><V72/><F72/><W109/><G109/><T27/><D27/><U104/><E104/><V4/><F4/><W7/><G7/><T110/><D110/><U132/><E132/><V0/><F0/><W65/><G65/><T60/><D60/><U87/><E87/><V97/><F92/><AGARI ba="0,0" hai="16,19,58,62,64,76,77,78,90,92,96" m="30911" machi="92" ten="30,2000,0" yaku="8,1,54,1" doraHai="25" who="0" fromWho="2" sc="293,20,249,0,242,-20,216,0" />
</Scene>
<Scene>
<INIT seed="3,0,0,2,5,55" ten="313,249,222,216" oya="3" hai0="129,126,41,115,100,67,125,61,88,120,101,19,117" hai1="123,12,6,36,85,109,15,47,105,31,69,114,57" hai2="58,135,42,96,106,133,118,46,39,124,95,51,83" hai3="94,22,37,25,50,68,59,7,130,121,91,30,56"/><W0/><G121/><T13/><D117/><U44/><E69/><V32/><F32/><W53/><G37/><T2/><D2/><U77/><E123/><V99/><F118/><W74/><G74/><T131/><D120/><U93/><E105/><V65/><F124/><N who="0" m="47722" /><D41/><U1/><E114/><V60/><F106/><W45/><G68/><N who="0" m="42095" /><D115/><U23/><E109/><V35/><F35/><W33/><G33/><T82/><D13/><U11/><E1/><V17/><F83/><W24/><G130/><N who="0" m="49675" /><D19/><U71/><E15/><V34/><F17/><W9/><REACH who="3" step="1"/><G24/><REACH who="3" ten="313,249,222,206" step="2"/><T20/><D20/><U63/><E23/><V49/><F34/><W54/><G54/><T134/><D134/><N who="2" m="51210" /><F96/><AGARI ba="0,1" hai="0,7,9,22,25,30,45,50,53,56,59,91,94,96" machi="96" ten="30,12000,1" yaku="1,1,7,1,52,2,53,1" doraHai="55" doraHaiUra="16" who="3" fromWho="2" sc="313,0,249,0,222,-120,206,130" />
</Scene>
<Scene>
<INIT seed="3,1,0,1,2,49" ten="313,249,102,336" oya="3" hai0="92,87,70,81,55,63,79,93,123,105,98,26,134" hai1="132,22,40,107,53,2,61,102,75,10,47,73,96" hai2="60,19,20,129,57,9,59,124,58,43,78,125,16" hai3="7,37,8,17,122,66,103,42,23,89,97,71,86"/><W91/><G122/><T34/><D123/><U67/><E132/><V28/><F129/><W74/><G74/><T48/><D134/><U133/><E133/><V31/><F43/><W88/><G71/><T116/><D116/><U15/><E22/><V130/><F130/><W11/><G66/><T0/><D0/><U29/><E29/><N who="2" m="11339" /><F78/><W115/><G115/><T109/><D109/><U112/><E112/><V44/><F44/><W39/><G42/><T64/><D26/><U24/><E24/><V62/><F9/><W119/><G119/><T106/><D34/><U51/><E2/><V68/><F68/><W65/><G65/><T118/><D118/><U82/><E82/><V77/><F77/><W36/><G86/><T120/><D120/><U84/><E84/><V126/><F20/><W12/><REACH who="3" step="1"/><G7/><REACH who="3" ten="313,249,102,326" step="2"/><T85/><D87/><U14/><E40/><V13/><F13/><W100/><G100/><T52/><D85/><U76/><E14/><V113/><F113/><W108/><G108/><T4/><D70/><U95/><E76/><V35/><F35/><W83/><G83/><T121/><D121/><U101/><E101/><V114/><F114/><W128/><G128/><T5/><D81/><U3/><E3/><V21/><F21/><W38/><N who="3" m="9216" /><DORA hai="69" /><W18/><G18/><AGARI ba="1,1" hai="16,18,19,57,58,59,60,62,124,125,126" m="11339" machi="18" ten="40,8000,1" yaku="28,2,18,1,54,1" doraHai="49,69" who="2" fromWho="3" sc="313,0,249,0,102,93,326,-83" />
</Scene>
<Scene>
<INIT seed="4,0,0,1,1,96" ten="313,249,195,243" oya="0" hai0="122,104,15,41,61,42,94,133,95,23,12,135,84" hai1="113,38,131,93,118,3,29,11,37,98,16,6,124" hai2="85,44,31,20,127,126,77,109,117,33,21,92,101" hai3="102,50,107,46,28,36,75,48,40,26,89,24,25"/><T45/><D104/><U69/><E118/><V73/><F117/><W74/><G75/><T78/><D122/><U8/><E69/><V66/><F109/><W99/><G74/><T4/><D61/><U30/><E131/><V110/><F110/><W81/><REACH who="3" step="1"/><G28/><REACH who="3" ten="313,249,195,233" step="2"/><T54/><D135/><U49/><E30/><V64/><F73/><W108/><G108/><T43/><D133/><U120/><E29/><V130/><F31/><W34/><G34/><T63/><D42/><U65/><E120/><V71/><F33/><W27/><N who="3" m="6144" /><DORA hai="59" /><W17/><G17/><T70/><D41/><U67/><E16/><V10/><F127/><W97/><G97/><T100/><D43/><U103/><E124/><V88/><F126/><W52/><G52/><T39/><D54/><U105/><E98/><V125/><F125/><W53/><G53/><T32/><D32/><U119/><E119/><V9/><F66/><W111/><G111/><T79/><D4/><U123/><E6/><V121/><F64/><W76/><G76/><T18/><D18/><U13/><E67/><V35/><F35/><W2/><G2/><T1/><D1/><U90/><E65/><V112/><F77/><W62/><G62/><T132/><D63/><U86/><E3/><V58/><F71/><W68/><G68/><T5/><D70/><U80/><E123/><V128/><F121/><W7/><G7/><T51/><D5/><U106/><E13/><V134/><F134/><W116/><G116/><T91/><D12/><U83/><E113/><V0/><F112/><W56/><G56/><T47/><D132/><RYUUKYOKU ba="0,1" sc="313,-10,249,-10,195,-10,233,30" hai3="36,40,46,48,50,81,89,99,102,107" />
</Scene>
<Scene>
<INIT seed="5,1,1,1,0,134" ten="303,239,185,263" oya="1" hai0="14,64,41,0,2,50,131,4,71,102,72,124,123" hai1="68,53,42,88,127,27,13,18,82,39,17,57,74" hai2="97,34,125,5,8,63,66,40,90,86,36,109,9" hai3="61,46,65,112,133,104,49,1,24,43,29,26,105"/><U117/><E117/><V78/><F109/><W80/><G133/><T108/><D108/><U111/><E111/><V23/><F34/><W85/><G112/><T79/><D131/><U6/><E68/><V116/><F116/><W106/><G1/><T67/><D102/><U30/><E127/><V56/><F78/><W37/><G49/><T22/><D124/><U100/><E100/><V10/><F125/><W92/><G92/><T16/><D123/><U91/><E39/><V77/><F77/><W44/><G46/><T98/><D98/><U135/><E42/><V118/><F97/><W75/><G75/><T32/><D32/><U55/><E74/><V3/><F118/><W113/><G113/><T110/><D110/><U45/><E45/><V94/><F36/><W99/><G99/><T93/><D71/><U15/><E135/><V121/><F121/><W60/><G61/><T83/><D93/><U95/><E82/><V59/><F40/><W62/><G60/><T73/><D73/><U52/><E57/><V128/><F128/><W19/><G19/><N who="1" m="7178" /><E6/><V81/><F23/><W11/><G80/><T48/><D41/><U58/><E58/><V70/><F70/><W12/><G65/><T114/><D114/><U126/><E126/><V103/><REACH who="2" step="1"/><F59/><REACH who="2" ten="303,239,175,263" step="2"/><W28/><G44/><T84/><D72/><U33/><E33/><V21/><F21/><W20/><G43/><T38/><D38/><U89/><E95/><V96/><AGARI ba="1,2" hai="3,5,8,9,10,56,63,66,81,86,90,94,96,103" machi="96" ten="30,4000,0" yaku="1,1,0,1,53,1" doraHai="134" doraHaiUra="87" who="2" fromWho="2" sc="303,-11,239,-21,175,63,263,-11" />
</Scene>
<Scene>
<INIT seed="6,0,0,2,0,41" ten="292,218,238,252" oya="2" hai0="46,75,78,22,98,1,102,99,93,37,49,108,47" hai1="96,126,122,73,105,10,94,12,109,42,127,119,50" hai2="29,121,11,0,113,52,25,134,16,133,7,97,112" hai3="82,31,2,103,132,83,87,43,104,129,33,3,13"/><V20/><F121/><W44/><G129/><T101/><D1/><U60/><E109/><V124/><F124/><N who="1" m="47657" /><E119/><V92/><F52/><W55/><G132/><N who="2" m="50793" /><F92/><W56/><G13/><T74/><D108/><U38/><E73/><V17/><F97/><W86/><G103/><T107/><D78/><U65/><E122/><V84/><F84/><W71/><G71/><T116/><D116/><U14/><E38/><V114/><AGARI ba="0,0" hai="0,7,11,16,17,20,25,29,112,113,114" m="50793" machi="114" ten="40,12000,1" yaku="15,1,20,1,34,2,54,1" doraHai="41" who="2" fromWho="2" sc="292,-40,218,-40,238,120,252,-40" />
</Scene>
<Scene>
<INIT seed="6,1,0,5,3,69" ten="252,178,358,212" oya="2" hai0="54,117,130,87,90,135,109,46,88,73,124,48,52" hai1="76,40,84,6,36,59,105,119,85,79,126,115,83" hai2="65,20,12,56,106,60,131,33,96,42,95,55,114" hai3="98,58,102,108,13,66,30,121,70,91,64,118,97"/><V16/><F33/><W128/><G118/><T116/><D109/><U28/><E119/><N who="0" m="45641" /><D73/><U113/><E105/><V104/><F114/><N who="1" m="43529" /><E126/><V103/><F131/><W7/><G108/><T127/><D130/><U23/><E6/><V74/><F74/><W27/><G128/><T72/><D72/><N who="1" m="43399" /><E79/><V9/><F42/><W110/><G121/><T11/><D135/><U8/><E8/><V67/><F67/><W2/><G110/><T82/><D11/><U100/><E100/><V35/><F35/><W133/><G133/><T47/><D90/><U71/><E71/><V80/><F80/><W1/><G70/><T63/><D63/><U77/><E77/><V39/><F39/><W75/><G75/><T125/><D47/><N who="1" m="23943" /><E59/><V26/><REACH who="2" step="1"/><F65/><REACH who="2" ten="252,178,348,212" step="2"/><W92/><G64/><T18/><D18/><AGARI ba="1,1" hai="9,12,16,18,20,26,55,56,60,95,96,103,104,106" machi="18" ten="30,11600,0" yaku="1,1,2,1,7,1,54,1,53,0" doraHai="69" doraHaiUra="45" who="2" fromWho="0" sc="252,-119,178,0,348,129,212,0" />
</Scene>
<Scene>
<INIT seed="6,2,0,5,5,67" ten="133,178,477,212" oya="2" hai0="44,116,76,0,35,57,78,54,98,88,62,38,93" hai1="18,74,121,99,86,26,122,34,126,63,33,82,127" hai2="111,42,89,124,65,49,112,16,17,13,94,41,46" hai3="119,90,87,64,125,21,80,15,109,135,55,101,43"/><V114/><F124/><N who="1" m="47657" /><E74/><V29/><F65/><W120/><G125/><T132/><D0/><U50/><E50/><V113/><F111/><W36/><G120/><N who="1" m="46186" /><E99/><N who="2" m="57807" /><F29/><W107/><G119/><T22/><D35/><U105/><E105/><V39/><F13/><W110/><G135/><T100/><D132/><U133/><E133/><V118/><F118/><W20/><G109/><T69/><D116/><U75/><E75/><V115/><F114/><W53/><G110/><T45/><D22/><N who="1" m="13655" /><E63/><V23/><F39/><W48/><G36/><T5/><D5/><U77/><AGARI ba="2,0" hai="33,34,77,82,86" m="13655,46186,47657" machi="77" ten="30,2000,0" yaku="18,1,13,1" doraHai="67" who="1" fromWho="1" sc="133,-7,178,26,477,-12,212,-7" />
</Scene>
<Scene>
<INIT seed="7,0,0,5,1,52" ten="126,204,465,205" oya="3" hai0="32,24,99,82,60,20,49,42,124,33,115,13,109" hai1="38,47,129,26,58,95,83,34,97,128,96,92,59" hai2="113,22,76,120,116,51,88,66,112,107,18,121,27" hai3="21,7,31,131,93,127,87,98,55,105,16,35,75"/><W101/><G75/><T114/><D109/><U17/><E83/><V94/><F107/><W4/><G131/><N who="1" m="50250" /><E38/><V40/><F76/><W69/><G69/><T103/><D124/><U46/><E46/><N who="2" m="26055" /><F66/><W108/><G127/><T122/><D122/><N who="2" m="47210" /><F116/><W90/><G108/><T86/><D13/><U80/><E80/><V29/><F29/><W39/><G39/><T133/><D133/><U71/><E71/><V23/><F23/><W56/><G35/><T70/><D42/><U79/><E79/><V100/><F100/><W104/><G31/><T68/><D49/><U54/><E47/><V78/><F78/><W53/><G53/><T0/><D0/><U72/><E72/><V36/><F36/><W111/><G111/><T81/><D82/><U89/><E54/><V1/><F1/><W64/><G64/><T73/><D73/><U63/><E34/><V134/><F134/><W57/><G105/><T91/><D70/><U9/><E63/><V10/><F10/><W45/><G45/><T135/><D135/><U62/><E62/><V110/><F110/><W74/><G74/><T6/><D6/><U102/><E9/><V118/><F118/><W12/><G57/><T14/><D14/><U132/><E132/><V126/><F126/><W8/><G8/><T67/><D33/><U11/><E11/><V50/><F50/><AGARI ba="0,0" hai="4,7,12,16,21,50,55,56,87,90,93,98,101,104" machi="50" ten="30,12000,1" yaku="7,1,25,2,52,1,54,1" doraHai="52" who="3" fromWho="2" sc="126,0,204,0,465,-120,205,120" />
</Scene>
<Scene>
<INIT seed="7,1,0,5,2,116" ten="126,204,345,325" oya="3" hai0="2,61,57,133,11,131,119,54,86,53,103,42,14" hai1="101,70,127,17,25,76,9,49,126,45,115,80,41" hai2="60,99,94,128,81,30,71,124,111,106,67,8,22" hai3="79,68,21,118,18,87,65,82,31,28,73,83,113"/><W43/><G118/><T66/><D119/><U95/><E115/><V40/><F111/><W34/><G113/><T3/><D131/><U72/><E70/><V50/><F128/><W39/><G39/><T135/><D103/><U75/><E75/><V6/><F124/><N who="1" m="47657" /><E101/><V55/><F40/><W120/><G120/><T1/><D42/><U56/><E56/><V26/><F106/><W112/><G112/><T69/><D86/><U38/><E95/><V16/><F81/><W92/><G43/><T7/><REACH who="0" step="1"/><D69/><REACH who="0" ten="116,204,345,325" step="2"/><U100/><E100/><V132/><F71/><W19/><G68/><T123/><D123/><U62/><E38/><V13/><F132/><W12/><G87/><T121/><D121/><U117/><E117/><V51/><F99/><W97/><G97/><T74/><D74/><U88/><E88/><V125/><F125/><W134/><G134/><T107/><D107/><U48/><E41/><V109/><F109/><W0/><G73/><T29/><D29/><U4/><E72/><V59/><F30/><W114/><G28/><T77/><D77/><U85/><E76/><V32/><F32/><W78/><G114/><T44/><D44/><U20/><E45/><V122/><F122/><W46/><G34/><T37/><D37/><U129/><E129/><V130/><F130/><W93/><G31/><T36/><D36/><U33/><E33/><V63/><F59/><W105/><G105/><T10/><D10/><U23/><E9/><V102/><F8/><W108/><G108/><T84/><D84/><U98/><E85/><V58/><F58/><W90/><G46/><RYUUKYOKU ba="1,1" sc="116,30,204,-10,345,-10,325,-10" hai0="1,2,3,7,11,14,53,54,57,61,66,133,135" owari="146,-35.0,194,-21.0,345,44.0,315,12.0" />
</Scene>
</mjloggm>