<mjloggm ver="2.3"><GO type="169"/><UN n0="%E5%A4%AA%E3%81%8F%E3%81%AA%E3%81%84%E3%81%8A" n1="%E3%81%B9%E3%81%A3%E3%81%93%E3%83%BC%E2%99%AA" n2="%6D%61%63%6A%72" n3="%E3%81%84%E3%81%A1%E3%81%8B%E3%82%8F%E2%99%AA" dan="17,17,16,17" rate="2147,2146,2118,2152" sx="M,F,M,M"/><TAIKYOKU oya="0"/>

<Scene>
<INIT seed="0,0,0,5,5,104" ten="250,250,250,250" oya="0" hai0="31,53,79,44,35,115,124,60,33,89,99,5,14" hai1="88,80,24,68,36,130,83,43,133,12,96,119,16" hai2="19,106,10,50,118,55,127,23,28,51,67,125,61" hai3="123,69,98,54,49,7,122,78,75,128,46,126,65"/><T56/><D115/><U30/><E119/><V76/><F106/><W45/><G7/><T107/><D124/><U84/><E68/><V21/><F118/><W26/><G126/><T22/><D79/><U95/><E133/><V37/><F37/><W3/><G3/><T100/><D89/><U32/><E130/><V112/><F112/><W134/><G128/><T25/><REACH who="0" step="1"/><D44/><REACH who="0" ten="240,250,250,250" step="2"/><U39/><E80/><V86/><F76/><W102/><G45/><T34/><D34/><U121/><E121/><V6/><F125/><W0/><G123/><T71/><D71/><U72/><E43/><V47/><F127/><W117/><G122/><T70/><D70/><U63/><E72/><V108/><F47/><W92/><G117/><T27/><D27/><U17/><E36/><V18/><F108/><W81/><G26/><T85/><D85/><U135/><E39/><V52/><F86/><W87/><G134/><T132/><D132/><U120/><E135/><V101/><F101/><W73/><REACH who="3" step="1"/><G0/><REACH who="3" ten="240,250,250,240" step="2"/><T114/><D114/><U41/><E120/><V94/><F6/><W110/><G110/><T82/><D82/><U8/><E41/><V4/><F4/><W116/><G116/><T42/><D42/><U74/><E83/><V66/><F19/><W105/><G105/><T13/><D13/><U59/><E17/><V113/><F18/><W2/><G2/><T93/><D93/><U48/><E16/><V58/><F94/><W57/><G57/><T9/><AGARI ba="0,2" hai="5,9,14,22,25,31,33,35,53,56,60,99,100,107" machi="9" ten="30,3000,0" yaku="1,1,0,1,53,0" doraHai="104" doraHaiUra="77" who="0" fromWho="0" sc="240,50,250,-10,250,-10,240,-10" />
</Scene>
<Scene>
<INIT seed="0,1,0,2,3,109" ten="290,240,240,230" oya="0" hai0="16,133,43,106,77,84,92,70,116,15,95,79,134" hai1="104,25,71,61,78,49,123,30,7,81,2,117,99" hai2="73,72,8,56,110,4,66,119,86,41,102,129,121" hai3="54,19,40,83,62,60,57,127,55,131,87,10,48"/><T107/><D70/><U37/><E123/><V80/><F121/><W21/><G131/><T100/><D116/><U23/><E117/><V108/><F119/><W31/><G127/><T9/><D43/><U53/><E37/><V65/><F129/><W89/><G40/><T59/><D59/><U18/><E2/><V47/><F102/><W22/><G62/><T26/><D26/><U113/><E7/><V38/><F72/><W124/><G31/><T74/><D74/><U45/><E113/><V44/><F44/><W39/><G39/><T120/><D120/><U135/><E135/><N who="0" m="51721" /><D95/><U111/><E111/><N who="2" m="42539" /><F56/><W93/><G93/><T114/><D114/><U91/><E71/><V29/><F73/><W90/><G90/><N who="0" m="53319" /><D100/><U88/><E61/><V130/><F130/><W50/><G60/><T20/><D9/><U94/><E104/><AGARI ba="1,0" hai="15,16,20,77,79,104,106,107" m="53319,51721" machi="104" ten="30,2900,0" yaku="20,1,54,1" doraHai="109" who="0" fromWho="1" sc="290,32,240,-32,240,0,230,0" />
</Scene>
<Scene>
<INIT seed="0,2,0,2,5,89" ten="322,208,240,230" oya="0" hai0="63,65,20,85,130,88,9,92,24,8,21,106,129" hai1="110,28,123,42,82,91,93,135,19,108,37,22,0" hai2="23,50,83,36,64,99,96,40,109,72,52,38,81" hai3="5,121,76,103,55,116,133,25,16,117,124,30,60"/><T126/><D106/><U12/><E0/><V100/><F109/><N who="1" m="42089" /><E123/><V90/><F64/><W62/><G76/><T46/><D126/><U114/><E114/><V17/><F72/><W33/><G5/><T44/><D44/><N who="1" m="23631" /><E28/><V2/><F2/><W127/><G121/><T6/><D46/><U113/><E113/><V119/><F119/><W94/><G133/><T105/><D105/><U34/><E34/><V15/><F40/><W11/><G55/><T67/><D9/><U61/><E61/><V87/><F81/><W79/><G62/><T29/><D21/><U39/><E39/><V27/><F96/><N who="3" m="59799" /><G60/><T132/><D132/><U26/><E135/><V128/><F128/><N who="0" m="49258" /><D63/><U10/><E82/><V49/><F49/><W7/><G116/><T115/><D115/><U120/><E120/><V4/><F4/><W47/><G7/><T54/><D54/><U77/><E10/><V97/><F27/><W66/><G11/><T69/><D69/><U3/><E26/><V45/><REACH who="2" step="1"/><F99/><REACH who="2" ten="322,208,230,230" step="2"/><W48/><G25/><T122/><D122/><U53/><E3/><AGARI ba="2,1" hai="3,6,8,20,24,29,65,67,85,88,92" m="49258" machi="3" ten="30,5800,0" yaku="19,1,52,1,54,1" doraHai="89" who="0" fromWho="1" sc="322,74,208,-64,230,0,230,0" />
</Scene>
<Scene>
<INIT seed="0,3,0,3,2,1" ten="396,144,230,230" oya="0" hai0="23,133,95,98,132,16,92,10,46,77,111,85,65" hai1="109,32,97,20,125,129,11,134,45,22,128,56,51" hai2="48,113,110,80,14,2,112,103,57,24,118,59,126" hai3="44,36,63,82,87,76,88,40,124,6,119,114,25"/><T15/><D65/><U96/><E32/><V43/><F2/><W41/><G124/><T78/><D111/><U74/><E125/><V52/><F126/><W71/><G119/><T127/><D127/><U86/><E74/><V42/><F118/><W13/><G114/><T55/><D85/><U91/><E109/><V81/><F112/><W70/><G41/><N who="2" m="15369" /><F110/><W69/><G25/><T115/><D115/><U106/><E11/><V116/><F116/><W79/><REACH who="3" step="1"/><G63/><REACH who="3" ten="396,144,230,220" step="2"/><T61/><D61/><U68/><E129/><V50/><F24/><W8/><AGARI ba="3,1" hai="6,8,13,36,40,44,69,70,71,76,79,82,87,88" machi="8" ten="40,8000,1" yaku="1,1,2,1,0,1,52,1,54,1,53,0" doraHai="1" doraHaiUra="130" who="3" fromWho="3" sc="396,-43,144,-23,230,-23,220,99" />
</Scene>
<Scene>
<INIT seed="1,0,0,3,1,121" ten="353,121,207,319" oya="1" hai0="100,54,102,41,38,84,48,64,27,39,40,45,118" hai1="82,19,56,28,124,77,119,6,2,71,92,99,132" hai2="125,116,134,5,117,104,3,63,103,14,12,109,42" hai3="105,130,61,70,127,33,87,111,23,59,10,20,123"/><U94/><E119/><V13/><F42/><W122/><G70/><T44/><D118/><N who="2" m="45674" /><F63/><W53/><G33/><T68/><D84/><U90/><E71/><V86/><F86/><W108/><G105/><T81/><D81/><U26/><E124/><V65/><F103/><W89/><G10/><T8/><D27/><U126/><E126/><V85/><F85/><W101/><G130/><T60/><REACH who="0" step="1"/><D8/><REACH who="0" ten="343,121,207,319" step="2"/><U22/><E82/><V135/><F125/><W96/><G127/><T51/><D51/><U55/><E77/><V120/><F120/><W69/><G123/><T133/><D133/><U1/><E132/><V37/><F134/><W34/><G122/><T35/><D35/><U50/><E28/><V31/><F31/><W16/><G34/><T72/><D72/><U0/><REACH who="1" step="1"/><E94/><REACH who="1" ten="343,111,207,319" step="2"/><V46/><F135/><W74/><G74/><T15/><D15/><U93/><E93/><V79/><F13/><W17/><G69/><T43/><D43/><U128/><E128/><V62/><F12/><W106/><G23/><T66/><D66/><U75/><E75/><V7/><F14/><W114/><G114/><T115/><D115/><U32/><E32/><V113/><F113/><W129/><G129/><T29/><D29/><U88/><E88/><V76/><F65/><W73/><G73/><T25/><D25/><U91/><E91/><V110/><F76/><W95/><REACH who="3" step="1"/><G20/><REACH who="3" ten="343,111,207,309" step="2"/><T18/><D18/><AGARI ba="0,3" hai="16,17,18,53,59,61,87,89,95,96,101,106,108,111" machi="18" ten="40,12000,2" yaku="1,1,2,1,52,2,54,1,53,1" doraHai="121" doraHaiUra="98" who="3" fromWho="0" sc="343,-120,111,0,207,0,309,150" />
</Scene>
<Scene>
<INIT seed="2,0,0,5,0,2" ten="223,111,207,459" oya="2" hai0="18,48,113,17,111,27,89,101,134,120,96,97,34" hai1="25,62,16,6,67,52,95,13,3,63,7,133,73" hai2="51,50,83,37,57,8,76,132,74,59,93,24,107" hai3="56,84,81,14,28,71,88,44,90,118,116,131,110"/><V86/><F37/><W20/><G71/><T0/><D113/><U128/><E73/><V105/><F132/><W49/><G131/><T54/><D120/><U36/><E36/><V26/><F105/><W29/><G110/><T124/><D0/><U122/><E122/><V115/><F115/><W92/><G56/><N who="2" m="21577" /><F107/><W46/><G46/><T31/><D111/><U19/><E128/><V10/><F74/><W11/><G20/><T42/><D134/><U98/><E133/><V99/><F10/><W91/><G116/><T70/><D70/><U109/><E3/><V23/><F8/><W30/><G92/><T60/><D124/><U114/><E114/><V1/><F1/><W80/><G80/><T102/><D60/><N who="1" m="23083" /><E67/><V121/><F121/><W125/><G125/><T53/><D42/><U127/><E127/><V104/><F104/><W5/><G118/><T103/><D54/><AGARI ba="0,0" hai="5,11,14,28,29,30,44,49,54,81,84,88,90,91" machi="54" ten="40,5200,0" yaku="8,1,52,1,54,1" doraHai="2" who="3" fromWho="0" sc="223,-52,111,0,207,0,459,52" />
</Scene>
<Scene>
<INIT seed="3,0,0,2,5,100" ten="171,111,207,511" oya="3" hai0="50,14,105,127,41,55,3,106,77,33,113,114,128" hai1="32,42,57,49,44,71,46,133,76,8,30,112,53" hai2="11,2,23,39,45,102,117,0,111,24,59,34,122" hai3="63,78,61,16,69,115,4,83,43,87,135,12,121"/><W18/><G135/><T132/><D3/><U21/><E32/><V104/><F117/><W125/><G121/><T58/><D33/><U25/><E112/><N who="0" m="43113" /><D132/><U126/><E133/><V62/><F34/><W52/><G125/><T92/><D127/><U37/><E126/><V129/><F111/><W79/><G69/><T66/><D128/><U95/><E71/><V123/><F129/><W40/><G63/><N who="0" m="38263" /><D41/><N who="3" m="15945" /><G78/><T110/><D110/><U7/><E76/><V60/><F45/><W9/><G115/><T97/><D14/><U17/><E46/><V56/><F39/><W27/><G27/><T91/><D77/><U120/><E120/><V103/><F24/><W36/><G36/><T48/><D48/><U124/><E124/><V101/><F122/><W96/><G96/><T119/><D119/><U109/><E109/><V13/><F123/><W90/><G79/><T26/><D26/><U65/><E37/><V84/><F2/><W73/><G73/><T68/><D68/><U134/><E134/><V67/><F0/><W64/><G64/><T31/><D31/><U82/><E65/><V51/><F51/><W107/><G107/><N who="0" m="40971" /><D50/><U72/><E30/><V38/><F38/><W81/><G81/><T5/><D55/><U54/><E42/><V20/><F104/><W1/><G1/><T98/><D98/><U47/><E53/><N who="2" m="33807" /><F84/><W75/><G75/><T74/><D74/><U116/><E116/><V131/><F131/><W85/><G85/><T29/><D29/><U22/><E72/><V89/><F67/><W93/><G83/><T86/><D86/><U70/><E82/><RYUUKYOKU ba="0,0" sc="171,15,111,-15,207,-15,511,15" hai0="5,91,92,97" hai3="4,9,12,16,18,52,61,87,90,93" />
</Scene>
<Scene>
<INIT seed="3,1,0,1,3,42" ten="186,96,192,526" oya="3" hai0="10,13,114,12,110,9,73,59,61,3,20,128,29" hai1="81,4,101,35,126,15,68,51,21,89,27,115,77" hai2="58,82,67,38,14,53,121,134,0,80,45,66,124" hai3="7,47,102,85,31,96,92,72,130,120,125,16,39"/><W48/><G39/><T32/><D73/><U94/><E68/><V111/><F0/><W122/><G130/><T98/><D110/><U79/><E115/><V103/><F111/><W1/><G31/><T23/><D98/><U36/><E36/><V5/><F124/><W30/><G30/><T70/><D70/><U113/><E126/><V107/><F134/><W49/><G72/><T17/><D128/><U46/><E113/><V40/><F121/><W8/><G49/><T25/><D114/><U117/><E35/><V132/><F132/><W74/><G74/><T28/><D3/><U37/><E37/><V56/><F103/><W6/><G6/><N who="0" m="3127" /><D59/><U54/><E117/><V90/><F107/><W75/><G75/><T129/><D61/><U97/><E4/><V108/><F56/><W52/><G125/><T55/><D55/><U106/><E15/><V87/><F108/><W105/><G85/><T60/><D60/><U24/><E106/><V135/><F135/><W116/><G105/><T63/><D63/><U118/><E118/><V76/><F14/><W11/><REACH who="3" step="1"/><G116/><REACH who="3" ten="186,96,192,516" step="2"/><T71/><D129/><U64/><E51/><V133/><F5/><W26/><G26/><N who="0" m="18487" /><D71/><U33/><E33/><AGARI ba="1,1" hai="10,13,17,20,23,25,28,33" m="18487,3127" machi="33" ten="30,8000,1" yaku="35,5" doraHai="42" who="0" fromWho="1" sc="186,93,96,-83,192,0,516,0" />
</Scene>
<Scene>
<INIT seed="4,0,0,3,1,78" ten="279,13,192,516" oya="0" hai0="58,101,130,23,63,45,64,44,89,49,5,51,133" hai1="59,13,119,123,54,31,32,135,12,22,96,3,107" hai2="77,60,61,70,121,90,7,97,104,0,56,74,48" hai3="122,132,42,109,33,57,27,65,28,55,99,111,82"/><T120/><D120/><U11/><E123/><V62/><F121/><W81/><G65/><T88/><D130/><U16/><E119/><V38/><F38/><W92/><G122/><T6/><D101/><U114/><E135/><V17/><F70/><W18/><G132/><T1/><D133/><U79/><E114/><V69/><F69/><W47/><G18/><T68/><D68/><U35/><E107/><V86/><F74/><W40/><G111/><T94/><D23/><U36/><E36/><V83/><F0/><W80/><G47/><T50/><D89/><U124/><E124/><V20/><F7/><N who="0" m="2570" /><D1/><U30/><E3/><V103/><F90/><W115/><G115/><T19/><D19/><U93/><E79/><V129/><F129/><W127/><G127/><T41/><D41/><U131/><E32/><V34/><F34/><W85/><G85/><AGARI ba="0,0" hai="44,45,49,50,51,58,63,64,85,88,94" m="2570" machi="85" ten="30,2900,0" yaku="8,1,54,1" doraHai="78" who="0" fromWho="3" sc="279,29,13,0,192,0,516,-29" />
</Scene>
<Scene>
<INIT seed="4,1,0,0,1,21" ten="308,13,192,487" oya="0" hai0="46,110,128,129,38,68,56,37,93,50,108,61,96" hai1="29,124,73,116,134,31,105,112,48,94,122,132,76" hai2="42,80,117,17,70,106,45,85,123,75,40,2,71" hai3="35,18,109,20,10,66,89,24,111,53,100,26,16"/><T130/><D93/><U91/><E116/><V39/><F123/><W9/><G66/><N who="0" m="39207" /><D68/><U82/><E122/><V0/><F106/><W49/><G100/><T114/><D96/><U7/><E105/><V55/><F117/><W11/><G89/><T5/><D5/><U87/><E124/><V33/><F33/><W51/><G51/><T113/><D38/><U90/><E7/><V59/><F40/><W12/><G53/><N who="0" m="29911" /><D37/><U83/><E48/><V127/><F75/><W43/><G49/><T115/><AGARI ba="1,0" hai="108,110,113,114,115,128,129,130" m="29911,39207" machi="115" ten="40,12000,1" yaku="15,1,19,1,34,2" doraHai="21" who="0" fromWho="0" sc="308,123,13,-41,192,-41,487,-41" owari="431,23.0,-28,-53.0,151,-25.0,446,55.0" />
</Scene>
</mjloggm>