<mjloggm ver="2.3"><GO type="169"/><UN n0="%E3%82%86%E3%81%8B%E3%81%A1%E3%83%BC" n1="%61%62%61%6E%74%65%73" n2="%E4%BF%BA%E3%81%A4%E3%81%88%E3%81%88%E3%81%88%EF%BD%9E" n3="%E5%A4%AA%E3%81%8F%E3%81%AA%E3%81%84%E3%81%8A" dan="16,16,16,16" rate="2137,2066,2129,2070" sx="F,M,F,M"/><TAIKYOKU oya="0"/>

<Scene>
<INIT seed="0,0,0,5,4,10" ten="250,250,250,250" oya="0" hai0="60,88,83,81,69,39,31,13,85,84,110,78,74" hai1="57,6,3,128,89,119,114,54,61,29,53,52,18" hai2="26,65,7,80,79,37,27,17,8,93,91,95,76" hai3="75,120,115,23,64,71,58,134,113,44,103,1,108"/><T68/><D39/><U101/><E119/><V116/><F116/><W59/><G75/><T21/><D110/><U94/><E101/><V106/><F37/><W124/><G1/><T131/><D131/><U30/><E128/><V47/><F106/><W28/><G103/><T22/><D74/><U51/><E114/><N who="3" m="43530" /><G23/><T100/><D100/><U24/><E6/><V72/><F65/><W5/><G5/><T118/><D118/><U25/><E3/><V127/><F127/><W98/><G98/><T63/><D69/><U33/><E18/><V135/><F135/><W15/><G28/><T105/><D68/><U38/><E38/><V73/><F93/><W129/><G129/><T40/><D40/><U16/><E51/><V96/><F17/><W0/><G0/><T34/><D105/><U70/><E70/><V87/><F47/><W92/><G92/><T77/><D34/><U42/><E42/><V19/><F19/><W109/><G44/><T67/><D31/><U104/><E104/><V117/><F117/><W111/><G124/><T45/><D45/><U112/><E112/><V99/><F99/><W14/><G134/><T66/><D88/><U43/><E30/><V11/><F11/><W125/><G125/><T4/><D4/><U132/><E132/><V123/><F123/><W41/><G41/><T102/><D102/><U48/><E43/><V46/><F46/><W133/><G133/><T107/><D107/><U32/><E29/><V86/><F96/><W122/><G122/><T49/><D49/><U12/><E33/><V35/><F35/><W55/><G120/><RYUUKYOKU ba="0,0" sc="250,30,250,-10,250,-10,250,-10" hai0="13,21,22,60,63,66,67,77,78,81,83,84,85" />
</Scene>
<Scene>
<INIT seed="0,1,0,2,2,22" ten="280,240,240,240" oya="0" hai0="36,98,57,88,9,126,65,55,130,72,68,66,124" hai1="27,84,59,13,100,58,6,106,45,92,54,94,108" hai2="44,3,75,64,87,11,56,5,2,79,110,114,31" hai3="123,111,82,49,1,78,48,43,83,73,30,91,21"/><T8/><D36/><U70/><E70/><V96/><F114/><W19/><G1/><T109/><D130/><U38/><E106/><V128/><F128/><W127/><G111/><T12/><D72/><U52/><E108/><V7/><F110/><W90/><G127/><N who="0" m="48683" /><D109/><U102/><E38/><V61/><F75/><W101/><G123/><T105/><D68/><U69/><E69/><V117/><F117/><W116/><G116/><T40/><D40/><U0/><E0/><V118/><F118/><W33/><G101/><N who="1" m="39018" /><E45/><V17/><F96/><W122/><G122/><T103/><D88/><N who="1" m="53255" /><E94/><V97/><F97/><W80/><G91/><T60/><D8/><N who="1" m="4247" /><E27/><V99/><F99/><W112/><G90/><T10/><D10/><U29/><E29/><V86/><F44/><W16/><G30/><T14/><D14/><U76/><E76/><V107/><F107/><W23/><G78/><T71/><D71/><U62/><E59/><V34/><F31/><W132/><G73/><T129/><D129/><U24/><E24/><V121/><F34/><W115/><G33/><T41/><D41/><U113/><E113/><V77/><F121/><W20/><G43/><T93/><D105/><U37/><E37/><V50/><F79/><W135/><G112/><T51/><D12/><U89/><E89/><V25/><F77/><W134/><G115/><T120/><D9/><U85/><E85/><N who="2" m="32267" /><F2/><W67/><G67/><AGARI ba="1,0" hai="52,54,58,62,67" m="4247,53255,39018" machi="67" ten="30,3900,0" yaku="8,1,54,2" doraHai="22" who="1" fromWho="3" sc="280,0,240,42,240,0,240,-42" />
</Scene>
<Scene>
<INIT seed="1,0,0,4,2,7" ten="280,282,240,198" oya="1" hai0="22,66,31,101,126,59,10,123,63,89,19,93,111" hai1="120,48,134,107,72,53,83,32,44,77,129,104,109" hai2="84,51,133,125,67,11,26,121,37,58,105,97,28" hai3="9,95,124,4,18,70,108,75,100,92,91,135,3"/><U33/><E120/><V38/><F121/><W110/><G70/><T34/><D111/><N who="3" m="42537" /><G75/><T17/><D126/><U69/><E109/><V21/><F125/><W71/><G71/><T42/><D123/><U39/><E69/><V116/><F116/><W64/><G124/><T113/><D113/><U103/><E134/><V114/><F133/><W15/><G135/><T119/><D119/><U122/><E122/><V47/><F114/><W117/><G64/><T81/><D42/><U23/><E129/><V127/><F127/><W86/><G117/><T98/><D34/><U102/><E33/><V1/><F84/><W79/><G79/><T6/><D81/><U62/><E32/><V131/><F131/><W73/><G73/><T82/><D89/><U20/><E39/><V25/><F25/><W50/><G50/><T76/><D82/><U80/><E80/><V99/><F67/><W8/><G95/><T112/><D76/><U35/><E35/><V29/><F58/><W132/><G132/><T68/><D68/><U46/><E46/><V52/><F29/><W40/><G40/><T41/><D41/><U5/><E62/><V115/><F115/><W106/><G100/><N who="1" m="38442" /><E5/><V54/><F105/><AGARI ba="0,0" hai="3,4,8,9,15,18,86,91,92,105,106" m="42537" machi="105" ten="30,3900,0" yaku="14,1,52,2" doraHai="7" who="3" fromWho="2" sc="280,0,282,0,240,-39,198,39" />
</Scene>
<Scene>
<INIT seed="2,0,0,1,5,38" ten="280,282,201,237" oya="2" hai0="46,17,64,13,70,30,63,120,84,94,6,111,44" hai1="107,15,42,21,37,119,99,80,25,88,19,50,134" hai2="20,43,121,22,60,97,53,58,98,8,116,3,89" hai3="130,52,11,47,4,41,56,62,79,29,71,93,39"/><V75/><F121/><W23/><G130/><T81/><D111/><U24/><E37/><V109/><F116/><W2/><G79/><T92/><D6/><U122/><E119/><V128/><F75/><W36/><G36/><T45/><D30/><U129/><E129/><V76/><F128/><W33/><G71/><T108/><D108/><U124/><E122/><V132/><F76/><W112/><G112/><T131/><D131/><U125/><E134/><V85/><F109/><W126/><G126/><N who="1" m="48746" /><E107/><V26/><F132/><W55/><G93/><T87/><D87/><N who="1" m="50279" /><E99/><V12/><F3/><W103/><G103/><T31/><D31/><U57/><E57/><V101/><F43/><W49/><G33/><T86/><D86/><U5/><E5/><N who="2" m="3087" /><F101/><W118/><G118/><T18/><D120/><U104/><E104/><V9/><F9/><W54/><REACH who="3" step="1"/><G39/><REACH who="3" ten="280,282,201,227" step="2"/><T78/><D94/><U61/><E61/><V0/><F0/><W1/><G1/><T28/><D92/><U133/><E133/><V135/><F135/><W7/><G7/><T73/><D78/><U59/><E59/><V102/><F102/><W96/><G96/><N who="2" m="36969" /><F26/><AGARI ba="0,1" hai="2,4,11,23,26,29,41,47,49,52,54,55,56,62" machi="26" ten="40,5200,0" yaku="1,1,52,1,54,1,53,0" doraHai="38" doraHaiUra="82" who="3" fromWho="2" sc="280,0,282,0,201,-52,227,62" />
</Scene>
<Scene>
<INIT seed="3,0,0,4,2,76" ten="280,282,149,289" oya="3" hai0="129,39,11,111,40,72,78,46,68,24,86,132,36" hai1="94,28,107,115,49,123,38,45,114,18,134,5,3" hai2="101,87,29,82,62,42,8,108,48,135,95,131,70" hai3="65,130,64,14,77,37,66,34,67,89,47,98,30"/><W119/><G119/><T59/><D68/><U125/><E107/><V15/><F29/><W105/><G130/><T97/><D129/><U88/><E123/><V90/><F131/><W10/><G77/><T6/><D39/><U58/><E38/><V60/><F70/><W113/><G113/><T104/><D86/><U133/><E28/><V84/><F108/><W4/><G66/><T20/><D59/><U85/><E58/><V53/><F42/><W43/><G105/><T121/><D111/><U120/><E120/><V79/><F101/><W0/><G0/><N who="0" m="455" /><D132/><N who="1" m="50795" /><E125/><V12/><F135/><W33/><REACH who="3" step="1"/><G30/><REACH who="3" ten="280,282,149,279" step="2"/><T63/><D104/><U50/><E115/><V9/><F9/><W61/><G61/><T25/><D63/><U126/><E114/><V106/><F106/><W57/><G57/><T83/><D121/><U75/><E126/><V81/><F95/><AGARI ba="0,1" hai="4,10,14,33,34,37,43,47,64,65,67,89,95,98" machi="95" ten="40,2000,0" yaku="1,1,53,0" doraHai="76" doraHaiUra="23" who="3" fromWho="2" sc="280,0,282,0,149,-20,279,30" />
</Scene>
<Scene>
<INIT seed="3,1,0,0,4,71" ten="280,282,129,309" oya="3" hai0="89,6,88,112,49,43,133,30,29,36,55,74,116" hai1="109,124,64,27,111,41,24,73,97,25,40,34,17" hai2="101,132,52,51,108,117,31,106,60,0,115,95,76" hai3="32,114,67,94,23,10,19,91,83,131,100,46,28"/><W113/><G131/><T85/><D74/><U39/><E73/><V56/><F0/><W130/><G130/><T86/><D116/><U4/><E4/><V122/><F117/><W78/><G100/><T58/><D112/><U26/><E64/><V50/><F115/><W13/><G32/><T99/><D99/><U53/><E124/><V105/><F108/><N who="1" m="41545" /><E53/><V65/><F132/><W38/><G67/><T98/><D6/><U37/><E97/><V9/><F122/><W2/><G2/><T80/><D98/><U1/><E1/><V5/><F31/><W90/><G28/><T84/><D133/><U63/><E63/><V69/><F76/><W96/><G90/><T125/><D125/><U70/><E70/><V135/><F135/><W11/><G114/><T20/><D86/><U18/><E34/><V134/><F134/><W118/><G118/><T12/><D84/><U127/><E127/><V68/><F68/><W75/><REACH who="3" step="1"/><G113/><REACH who="3" ten="280,282,129,299" step="2"/><T92/><D30/><U121/><E121/><V123/><F123/><W59/><G59/><T61/><D29/><U126/><E126/><V14/><F101/><W79/><G79/><T15/><D89/><U81/><E81/><V72/><F72/><W103/><G103/><T16/><D80/><U93/><E93/><V77/><F77/><W57/><G57/><T54/><D61/><U45/><N who="1" m="6144" /><DORA hai="44" /><U22/><E22/><V119/><F119/><W35/><G35/><T66/><D66/><U33/><E33/><V48/><REACH who="2" step="1"/><F95/><REACH who="2" ten="280,282,119,299" step="2"/><W3/><G3/><T129/><D92/><U42/><E45/><V47/><F47/><RYUUKYOKU ba="1,2" sc="280,-30,282,10,119,10,299,10" hai1="17,18,37,39,40,41,42" hai2="5,9,14,48,50,51,52,56,60,65,69,105,106" hai3="10,11,13,19,23,38,46,75,78,83,91,94,96" />
</Scene>
<Scene>
<INIT seed="3,2,2,2,3,23" ten="250,292,129,309" oya="3" hai0="108,81,45,44,98,134,47,55,16,86,27,91,92" hai1="59,8,79,52,49,103,109,57,127,50,125,41,4" hai2="84,102,68,113,24,12,53,93,130,0,15,20,28" hai3="25,70,19,65,32,123,34,22,54,43,74,21,110"/><W56/><G123/><T85/><D108/><U126/><E109/><V122/><F0/><W3/><G3/><T80/><D134/><U10/><E103/><V63/><F122/><W107/><G107/><T9/><D55/><N who="1" m="31983" /><E79/><V112/><F130/><W29/><G74/><T75/><D75/><U60/><E4/><V78/><F113/><W101/><G101/><T117/><D117/><U18/><E18/><V104/><F112/><W64/><G110/><T133/><D133/><U31/><E31/><V40/><F40/><W36/><G36/><T67/><D67/><U13/><E13/><V116/><F116/><W1/><G43/><T124/><D124/><N who="1" m="31747" /><U121/><DORA hai="132" /><E121/><V135/><F135/><W66/><G1/><T87/><D9/><N who="1" m="3691" /><E41/><V119/><F119/><W42/><G42/><T83/><D16/><U95/><E95/><V30/><F30/><W58/><G19/><T38/><D38/><U89/><E89/><N who="2" m="53415" /><F78/><W17/><G29/><T131/><D131/><U115/><E115/><V6/><F6/><W35/><G17/><T71/><D27/><U129/><E129/><V62/><F104/><W26/><G26/><T37/><D37/><U46/><E60/><N who="2" m="23083" /><F102/><W33/><G25/><T97/><D97/><U7/><E7/><V5/><F53/><W69/><G54/><T82/><N who="0" m="20992" /><DORA hai="100" /><T88/><D91/><U94/><E94/><V14/><F5/><W114/><G114/><T99/><D99/><U76/><E76/><V106/><F106/><W96/><G96/><T105/><D105/><U77/><E77/><V11/><F11/><W73/><G73/><RYUUKYOKU ba="2,2" sc="250,10,292,10,129,10,309,-30" hai0="44,45,47,71,85,86,87,88,92,98" hai1="46,50,52,59" hai2="12,14,15,20,24,28,68" />
</Scene>
<Scene>
<INIT seed="4,3,2,4,2,111" ten="260,302,139,279" oya="0" hai0="12,113,61,64,65,106,47,110,120,108,119,74,23" hai1="43,121,66,53,91,78,16,14,55,112,77,30,90" hai2="99,100,75,9,132,70,83,40,27,84,13,0,122" hai3="130,31,8,97,117,89,86,135,51,107,128,58,67"/><T88/><D119/><U41/><E121/><V123/><F122/><W92/><G117/><T95/><D120/><U105/><E105/><V26/><F123/><W33/><G135/><T60/><D106/><U96/><E66/><V52/><F132/><W28/><G8/><T68/><D74/><U103/><E30/><V45/><F75/><W46/><G67/><T2/><D2/><U25/><E25/><V82/><F0/><W118/><G58/><T131/><D131/><N who="3" m="50217" /><G118/><T63/><D113/><U134/><E134/><V101/><F70/><W7/><G7/><T116/><D116/><U34/><E34/><V87/><F40/><N who="1" m="15433" /><E103/><N who="2" m="39499" /><F99/><W57/><G57/><T3/><D3/><U38/><E38/><V133/><F133/><W115/><G33/><T48/><D68/><U19/><E112/><V32/><F32/><W126/><G115/><T125/><D125/><U50/><E96/><V54/><F87/><W73/><G126/><T36/><D36/><U21/><E19/><N who="2" m="8623" /><F82/><N who="3" m="49367" /><G73/><T11/><D110/><U98/><E98/><V94/><F94/><W104/><G104/><T44/><D108/><U37/><E37/><V93/><F93/><W22/><G107/><T79/><D65/><U85/><E85/><V69/><F69/><W39/><G39/><T81/><D64/><U114/><E114/><V62/><F62/><W127/><G127/><T42/><D60/><U4/><E50/><N who="2" m="28751" /><F54/><N who="1" m="20489" /><E4/><V35/><F35/><W72/><G72/><T24/><D42/><U29/><E29/><V1/><F1/><W15/><G97/><T129/><D129/><U76/><AGARI ba="3,2" hai="14,16,21,76,77,78,90,91" m="20489,15433" machi="76" ten="30,2000,0" yaku="8,1,54,1" doraHai="111" who="1" fromWho="1" sc="260,-13,302,49,139,-8,279,-8" />
</Scene>
<Scene>
<INIT seed="5,0,0,4,4,78" ten="247,351,131,271" oya="1" hai0="104,88,21,133,69,97,51,81,135,101,38,102,62" hai1="109,79,57,98,11,54,108,19,13,80,3,84,1" hai2="68,112,90,83,30,110,86,72,75,18,100,31,47" hai3="122,85,123,43,55,40,41,92,7,50,16,34,53"/><U17/><E98/><V61/><F110/><N who="1" m="42601" /><E19/><V124/><F124/><W25/><G7/><T115/><D38/><U129/><E129/><V96/><F112/><W48/><G34/><T128/><D115/><U35/><E35/><V39/><F72/><W37/><G37/><T105/><D128/><U65/><E65/><V111/><F111/><W58/><G92/><N who="0" m="56455" /><D21/><U42/><E42/><V44/><F18/><W52/><G85/><T63/><D69/><U71/><E71/><V28/><F28/><W121/><G58/><T32/><D32/><U91/><E79/><V22/><F75/><W10/><G25/><T29/><D29/><U134/><E134/><N who="0" m="51209" /><D105/><U27/><E27/><V20/><F30/><W4/><REACH who="3" step="1"/><G16/><REACH who="3" ten="247,351,131,261" step="2"/><T127/><D127/><U77/><E77/><V120/><F31/><W9/><G9/><T8/><D8/><U131/><E131/><V26/><F120/><W59/><G59/><T12/><D12/><AGARI ba="0,1" hai="4,10,12,40,41,43,48,50,52,53,55,121,122,123" machi="12" ten="50,8000,1" yaku="1,1,29,2,54,1,53,0" doraHai="78" doraHaiUra="87" who="3" fromWho="0" sc="247,-80,351,0,131,0,261,90" />
</Scene>
<Scene>
<INIT seed="6,0,0,0,3,115" ten="167,351,131,351" oya="2" hai0="128,27,50,89,83,60,119,94,23,4,45,125,82" hai1="31,107,121,53,9,44,11,10,17,80,8,126,71" hai2="63,78,54,64,57,56,122,68,2,26,7,28,70" hai3="87,39,76,73,131,61,22,103,109,114,16,13,92"/><V120/><F78/><W96/><G109/><T3/><D125/><U41/><E107/><V65/><F2/><W110/><G110/><T130/><D60/><U106/><E106/><V100/><F7/><W34/><G39/><T30/><D4/><U135/><E71/><N who="2" m="27179" /><F100/><W112/><G34/><T62/><D62/><U132/><E31/><V47/><F26/><W40/><G131/><N who="0" m="50219" /><D3/><U29/><E29/><V124/><F28/><W117/><G40/><N who="0" m="24871" /><D119/><U15/><E126/><V51/><F124/><W90/><G117/><T79/><D79/><U18/><E18/><V19/><F19/><W46/><G46/><T99/><AGARI ba="0,0" hai="23,27,30,82,83,89,94,99" m="24871,50219" machi="99" ten="30,1100,0" yaku="19,1" doraHai="115" who="0" fromWho="0" sc="167,11,351,-3,131,-5,351,-3" />
</Scene>
<Scene>
<INIT seed="7,0,0,1,0,123" ten="178,348,126,348" oya="3" hai0="46,23,57,28,36,113,7,115,42,132,110,38,43" hai1="133,130,126,60,24,62,55,128,74,15,75,56,64" hai2="40,94,88,30,17,77,34,8,82,120,92,111,134" hai3="52,112,12,26,21,25,117,89,121,95,33,131,116"/><W66/><G121/><T53/><D7/><U54/><E24/><V119/><F120/><W41/><G33/><T27/><D132/><U108/><E15/><V125/><F119/><W100/><G112/><N who="0" m="43083" /><D110/><U10/><E108/><V104/><F104/><W127/><G100/><T48/><D43/><U39/><E39/><AGARI ba="0,0" hai="23,27,28,36,38,39,42,46,48,53,57" m="43083" machi="39" ten="30,2000,0" yaku="15,1,11,1" doraHai="123" who="0" fromWho="1" sc="178,20,348,-20,126,0,348,0" owari="198,-20.0,328,13.0,126,-37.0,348,44.0" />
</Scene>
</mjloggm>