<mjloggm ver="2.3"><GO type="97"/><UN n0="%E5%A4%AA%E3%81%8F%E3%81%AA%E3%81%84%E3%81%8A" n1="%E5%8F%8C%E6%B5%B7%E7%9C%9F%E7%BE%8E" n2="%62%61%6B%75%6E%6F%72%69" n3="%63%6F%6D%6D%6F%6E%73" dan="15,13,14,14" rate="2030,1839,1952,1921" sx="M,F,M,M"/><TAIKYOKU oya="0"/>

<Scene>
<INIT seed="0,0,0,2,3,61" ten="250,250,250,250" oya="0" hai0="13,27,2,38,74,22,108,30,115,51,18,8,106" hai1="14,54,133,128,64,70,87,55,67,42,36,46,124" hai2="56,0,101,129,79,10,103,107,59,39,73,117,127" hai3="97,35,78,94,25,86,3,9,1,63,15,98,33"/><T81/><D115/><U104/><E104/><V32/><F59/><W44/><G1/><T28/><D38/><U110/><E87/><V45/><F56/><W19/><G3/><T84/><D106/><U109/><E14/><V60/><F101/><W17/><G35/><T26/><D74/><U131/><E124/><V57/><F57/><W119/><G33/><T62/><D108/><N who="1" m="41579" /><E133/><V49/><F49/><W85/><G119/><T135/><D135/><U93/><E93/><V11/><F11/><W77/><G63/><T40/><D2/><U130/><E70/><V21/><F21/><N who="3" m="13487" /><G44/><N who="0" m="25991" /><D62/><U76/><E76/><N who="3" m="29290" /><G98/><T134/><D134/><U5/><E5/><V12/><F117/><W4/><G4/><N who="0" m="3207" /><D27/><U20/><E20/><V91/><F127/><W29/><G29/><T34/><D34/><U114/><E114/><V71/><F0/><W52/><G52/><AGARI ba="0,0" hai="36,42,46,52,54,55,64,67,128,130,131" m="41579" machi="52" ten="40,12000,2" yaku="19,1,14,1,34,2,52,2,54,1" doraHai="61" who="1" fromWho="3" sc="250,0,250,120,250,0,250,-120" />
</Scene>
<Scene>
<INIT seed="1,0,0,4,3,116" ten="250,370,250,130" oya="1" hai0="115,2,75,1,127,50,68,64,133,93,51,63,91" hai1="12,43,33,118,111,129,105,17,24,109,55,45,35" hai2="99,132,82,134,22,58,60,20,62,71,0,38,56" hai3="114,83,74,79,10,41,39,98,85,84,52,104,135"/><U13/><E105/><V4/><F38/><W122/><G135/><N who="2" m="51753" /><F71/><W69/><G114/><T119/><D119/><U89/><E118/><V96/><F82/><W66/><G66/><T107/><D115/><U72/><E72/><V128/><F0/><W6/><G69/><T95/><D107/><U7/><E7/><V130/><F4/><W97/><G52/><T100/><D75/><U110/><E129/><N who="2" m="49771" /><F22/><W102/><G98/><N who="2" m="37417" /><F20/><W48/><G48/><T106/><D50/><U27/><E55/><V21/><F21/><W123/><G84/><T59/><D51/><N who="1" m="27071" /><E12/><V61/><AGARI ba="0,0" hai="56,58,60,61,62" m="37417,49771,51753" machi="61" ten="40,8000,1" yaku="28,2,20,1,19,1" doraHai="116" who="2" fromWho="2" sc="250,-20,370,-40,250,80,130,-20" />
</Scene>
<Scene>
<INIT seed="2,0,0,2,3,49" ten="230,330,330,110" oya="2" hai0="27,84,91,108,19,77,67,104,61,39,56,23,3" hai1="63,115,44,24,107,106,21,87,2,5,111,52,132" hai2="64,73,25,79,58,51,69,20,86,78,16,135,66" hai3="98,71,92,50,118,45,41,48,101,74,70,114,10"/><V11/><F69/><W110/><G118/><T94/><D39/><U120/><E115/><V55/><F73/><W122/><G114/><T95/><D104/><U131/><E5/><V26/><F135/><W34/><G122/><T100/><D3/><U76/><E2/><V54/><F11/><W88/><G34/><T127/><D108/><U38/><E111/><V123/><F86/><W105/><G110/><T99/><D127/><U119/><E119/><V33/><F123/><W62/><G74/><T1/><D1/><U97/><E97/><V72/><F72/><W82/><G82/><T29/><REACH who="0" step="1"/><D77/><REACH who="0" ten="220,330,330,110" step="2"/><N who="2" m="29194" /><F33/><W134/><G134/><T47/><D47/><U60/><E120/><V80/><F80/><W13/><G62/><T96/><D96/><U85/><E132/><V129/><F129/><W9/><G50/><T43/><D43/><U36/><E44/><N who="2" m="28007" /><F26/><W133/><G133/><T125/><D125/><U57/><E24/><V75/><F75/><W59/><G59/><T22/><D22/><U130/><E57/><V30/><F30/><AGARI ba="0,1" hai="19,23,27,29,30,56,61,67,84,91,94,95,99,100" machi="30" ten="40,5200,0" yaku="1,1,8,1,53,1" doraHai="49" doraHaiUra="93" who="0" fromWho="2" sc="220,62,330,0,330,-52,110,0" />
</Scene>
<Scene>
<INIT seed="3,0,0,4,3,26" ten="282,330,278,110" oya="3" hai0="110,103,53,23,35,121,95,127,114,71,96,75,30" hai1="94,22,64,65,88,87,126,106,42,78,107,79,72" hai2="92,120,0,29,84,85,81,80,68,31,20,112,32" hai3="133,104,74,36,18,77,129,119,130,93,124,91,34"/><W69/><RYUUKYOKU type="yao9" ba="0,0" sc="282,0,330,0,278,0,110,0" hai3="18,34,36,69,74,77,91,93,104,119,124,129,130,133" />
</Scene>
<Scene>
<INIT seed="3,1,0,3,4,119" ten="282,330,278,110" oya="3" hai0="131,114,118,62,4,125,70,3,71,22,2,69,106" hai1="65,112,1,89,73,134,30,104,25,100,46,42,117" hai2="120,26,59,37,20,50,87,103,135,83,109,98,18" hai3="24,9,124,43,122,5,80,68,32,82,78,52,58"/><W66/><G68/><T51/><D118/><U90/><E117/><V7/><F109/><W15/><G124/><T11/><D106/><U128/><E112/><V95/><F37/><W29/><G43/><T121/><D22/><U64/><E73/><V67/><F135/><W99/><G66/><T23/><D23/><U86/><E1/><V48/><F7/><W129/><G129/><T63/><D3/><U33/><E134/><V21/><F21/><W102/><G78/><T110/><D110/><U44/><E44/><V54/><F50/><W40/><G40/><T19/><D19/><U133/><E133/><V41/><F41/><W74/><G74/><T57/><D131/><U61/><E61/><V79/><REACH who="2" step="1"/><F67/><REACH who="2" ten="282,330,268,110" step="2"/><W108/><G108/><T45/><D125/><U38/><E128/><V6/><F6/><W14/><G122/><AGARI ba="1,1" hai="18,20,26,48,54,59,79,83,87,95,98,103,120,122" machi="122" ten="40,8000,1" yaku="1,1,52,2,53,1" doraHai="119" doraHaiUra="96" who="2" fromWho="3" sc="282,0,330,0,268,93,110,-83" owari="282,-12.0,330,13.0,361,46.0,27,-47.0" />
</Scene>
</mjloggm>