<mjloggm ver="2.3"><GO type="193"/><UN n0="%E9%96%A2%E7%99%BD%E5%AE%A3%E8%A8%80" n1="%4B%65%6E%4F%79%61%6A%69" n2="%E5%A4%AA%E3%81%8F%E3%81%AA%E3%81%84%E3%81%8A" n3="%64%65%61%6E" dan="10,12,3,12" rate="1537,1912,1598,1651" sx="M,M,M,M"/><TAIKYOKU oya="0"/>

<Scene>
<INIT seed="0,0,0,4,1,122" ten="250,250,250,250" oya="0" hai0="51,68,9,87,74,97,123,14,89,119,88,15,58" hai1="69,94,118,65,31,62,10,26,76,125,40,1,115" hai2="56,83,124,50,117,86,57,128,95,78,131,82,98" hai3="90,135,92,103,127,130,3,8,114,81,43,29,41"/><T61/><D123/><U96/><E118/><V47/><F124/><W108/><G114/><T101/><D74/><U77/><E115/><V53/><F117/><W116/><G127/><T38/><D68/><U48/><E125/><V22/><F22/><W75/><G116/><T46/><D38/><U28/><E48/><V39/><F83/><W126/><G135/><T63/><D63/><U59/><E40/><V37/><F37/><W20/><G126/><T27/><D27/><U84/><E31/><V99/><F39/><W2/><G130/><N who="2" m="49705" /><F99/><W111/><G103/><AGARI ba="0,0" hai="47,50,53,56,57,78,82,86,95,98,103" m="49705" machi="103" ten="30,1000,0" yaku="19,1" doraHai="122" who="2" fromWho="3" sc="250,0,250,0,250,10,250,-10" />
</Scene>
<Scene>
<INIT seed="1,0,0,4,0,100" ten="250,250,260,240" oya="1" hai0="48,83,71,107,43,38,88,114,33,77,44,35,18" hai1="9,94,16,96,81,30,36,15,47,126,63,127,95" hai2="86,21,101,129,39,105,11,69,103,45,57,84,22" hai3="73,120,85,51,23,60,2,25,93,92,75,19,121"/><U70/><E30/><V10/><F69/><W97/><G2/><T72/><D114/><U31/><E31/><V90/><F129/><W123/><G85/><T134/><D72/><U104/><E81/><V128/><F128/><W58/><G51/><T41/><D71/><U1/><E1/><V64/><F39/><W78/><G78/><T20/><D134/><U40/><BYE who="0" /><E70/><V52/><F105/><W98/><G98/><T110/><D110/><U125/><E63/><V42/><F64/><W62/><G62/><T113/><D113/><U54/><E54/><V108/><F108/><W65/><G93/><T106/><D106/><U131/><E131/><V14/><F45/><W67/><REACH who="3" step="1"/><G67/><REACH who="3" ten="250,250,260,230" step="2"/><T56/><D56/><U49/><E49/><N who="2" m="30863" /><F86/><W115/><G115/><T24/><D24/><U29/><REACH who="1" step="1"/><E29/><REACH who="1" ten="250,240,260,230" step="2"/><V27/><F42/><W124/><G124/><T133/><D133/><U117/><E117/><V7/><F10/><W13/><G13/><T32/><D32/><U55/><E55/><V132/><F132/><W46/><G46/><T6/><D6/><U0/><E0/><V91/><F11/><W76/><G76/><T34/><D34/><U59/><E59/><V37/><F37/><W79/><G79/><T4/><D4/><U3/><E3/><V130/><F7/><W17/><G17/><T28/><D28/><U5/><E5/><V61/><F130/><W80/><G80/><T87/><D87/><U119/><E119/><V99/><F61/><W89/><AGARI ba="0,2" hai="19,23,25,58,60,65,73,75,89,92,97,120,121,123" machi="89" ten="30,2000,0" yaku="1,1,0,1,53,0" doraHai="100" doraHaiUra="50" who="3" fromWho="3" sc="250,-5,240,-10,260,-5,230,40" />
</Scene>
<Scene>
<INIT seed="2,0,0,2,3,72" ten="245,230,255,270" oya="2" hai0="54,78,95,61,58,50,83,123,134,1,13,89,92" hai1="87,49,77,33,73,40,48,20,80,135,86,70,9" hai2="82,69,37,7,0,107,91,38,39,21,52,53,62" hai3="10,17,46,42,66,88,76,117,106,26,116,47,131"/><V115/><F115/><W60/><G106/><T99/><D99/><U97/><E70/><V32/><F32/><W128/><G46/><T30/><D30/><U102/><E33/><V110/><F107/><W41/><G41/><T111/><D111/><U103/><E135/><V105/><F105/><W55/><G10/><T65/><D65/><U96/><E40/><V125/><F110/><W35/><G35/><T85/><D85/><N who="1" m="32267" /><E20/><V44/><F125/><W129/><G26/><T51/><D51/><U75/><E9/><V108/><F108/><W90/><G17/><T113/><D113/><U22/><E48/><V11/><F44/><W31/><G31/><T104/><D104/><N who="1" m="63559" /><E49/><V94/><F82/><W120/><G120/><T2/><D2/><U24/><E22/><V59/><F21/><W101/><G101/><T114/><D114/><U56/><E56/><V122/><F122/><W43/><G43/><T81/><D81/><U67/><E24/><V84/><REACH who="2" step="1"/><F69/><REACH who="2" ten="245,230,245,270" step="2"/><N who="3" m="42183" /><G47/><T74/><D74/><N who="1" m="43063" /><E67/><AGARI ba="0,1" hai="0,7,11,37,38,39,52,53,59,62,67,84,91,94" machi="67" ten="40,3900,0" yaku="1,1,54,1,53,0" doraHai="72" doraHaiUra="27" who="2" fromWho="1" sc="245,0,230,-39,245,49,270,0" />
</Scene>
<Scene>
<INIT seed="2,1,0,1,4,96" ten="245,191,294,270" oya="2" hai0="90,87,29,92,130,16,1,14,123,78,118,132,33" hai1="111,7,13,12,75,27,91,64,79,119,35,18,110" hai2="109,58,86,97,50,135,95,20,101,102,60,38,26" hai3="133,68,81,56,74,53,85,67,112,59,41,37,42"/><V55/><F38/><W43/><G74/><T52/><D52/><U57/><E64/><N who="2" m="38935" /><F135/><W103/><G112/><T114/><D114/><U98/><E57/><N who="2" m="33015" /><F109/><N who="1" m="41481" /><E79/><V77/><F77/><W124/><G133/><T113/><D113/><U21/><E91/><N who="2" m="55551" /><F86/><W73/><G73/><T30/><D30/><AGARI ba="1,0" hai="20,26,30,101,102" m="55551,33015,38935" machi="30" ten="30,5800,0" yaku="8,1,52,2" doraHai="96" who="2" fromWho="0" sc="245,-61,191,0,294,61,270,0" />
</Scene>
<Scene>
<INIT seed="2,2,0,1,4,94" ten="184,191,355,270" oya="2" hai0="67,116,104,31,65,55,127,3,42,28,44,89,122" hai1="26,77,106,58,88,95,72,41,132,126,62,102,101" hai2="96,50,112,117,36,113,85,54,76,40,93,20,135" hai3="73,53,82,100,121,107,39,123,84,75,32,69,5"/><V33/><F33/><W11/><G53/><T79/><D79/><U37/><E132/><V22/><F117/><W105/><G69/><T90/><D90/><U114/><E114/><V14/><F135/><W109/><G39/><T46/><D46/><U0/><E126/><V80/><F112/><W25/><G109/><T133/><D133/><U8/><E26/><V48/><F36/><W38/><G84/><T4/><D4/><U60/><E106/><V111/><F113/><W47/><G107/><T103/><D103/><U24/><E24/><V61/><F111/><W70/><G70/><T66/><D66/><U97/><E58/><N who="2" m="35031" /><F40/><N who="3" m="22935" /><G25/><T2/><D2/><U51/><E37/><V91/><F22/><W134/><G134/><T34/><D34/><U124/><E72/><V23/><F23/><W78/><G32/><T19/><D19/><AGARI ba="2,0" hai="14,19,20,48,50,76,80,85,91,93,96" m="35031" machi="19" ten="30,2900,0" yaku="8,1,52,1" doraHai="94" who="2" fromWho="0" sc="184,-35,191,0,355,35,270,0" />
</Scene>
<Scene>
<INIT seed="2,3,0,1,2,20" ten="149,191,390,270" oya="2" hai0="55,117,2,58,29,131,119,32,111,43,47,126,76" hai1="73,128,15,38,56,27,39,52,0,134,127,97,26" hai2="135,7,11,60,113,90,66,99,12,95,35,68,19" hai3="91,4,53,114,130,112,24,93,78,45,109,63,8"/><V129/><F113/><W103/><G78/><T115/><D115/><N who="3" m="44073" /><G130/><T25/><D25/><N who="1" m="9227" /><E0/><V85/><F129/><W50/><G109/><T82/><D82/><U18/><E128/><V80/><F135/><W13/><G63/><T125/><D125/><U40/><E73/><V92/><F35/><W37/><G37/><T23/><D23/><N who="1" m="11743" /><E134/><V34/><F34/><W14/><G103/><T51/><D51/><N who="1" m="30751" /><E127/><V89/><F80/><W94/><G13/><T120/><D120/><U57/><E38/><V64/><REACH who="2" step="1"/><F66/><REACH who="2" ten="149,191,380,270" step="2"/><W123/><G123/><T133/><D133/><U54/><E39/><V110/><F110/><W59/><G45/><T22/><D22/><U67/><E40/><V106/><F106/><W107/><G107/><T69/><D69/><U101/><E67/><V96/><F96/><W65/><G65/><T3/><D3/><U48/><E97/><V10/><F10/><W30/><G91/><T5/><D5/><AGARI ba="3,1" hai="5,7,11,12,19,60,64,68,85,89,90,92,95,99" machi="5" ten="40,3900,0" yaku="1,1,53,1" doraHai="20" doraHaiUra="83" who="2" fromWho="0" sc="149,-48,191,0,380,58,270,0" />
</Scene>
<Scene>
<INIT seed="2,4,0,4,4,99" ten="101,191,438,270" oya="2" hai0="132,75,124,112,93,55,54,0,82,109,28,81,114" hai1="52,26,19,96,3,62,44,61,121,29,110,134,51" hai2="2,135,68,33,73,66,46,113,13,70,39,119,69" hai3="23,108,106,86,18,11,74,77,24,88,42,94,92"/><V4/><F13/><W37/><G108/><T53/><D53/><U35/><E110/><V118/><F113/><W67/><G67/><T16/><D16/><U8/><E121/><V32/><F135/><W120/><G120/><T91/><D91/><U115/><E134/><V12/><F12/><W50/><G37/><T129/><D129/><U102/><E115/><V133/><F66/><W14/><G106/><T57/><D57/><U6/><REACH who="1" step="1"/><E19/><REACH who="1" ten="101,181,438,270" step="2"/><V60/><F133/><W38/><G38/><T127/><D127/><U101/><E101/><V43/><F73/><W95/><G74/><T76/><D76/><U27/><E27/><V63/><F63/><W25/><G77/><T1/><D1/><U10/><E10/><N who="2" m="2327" /><F60/><W84/><G25/><T64/><D64/><U128/><E128/><V47/><F47/><N who="3" m="25975" /><G84/><T131/><D131/><U30/><E30/><AGARI ba="4,1" hai="11,14,18,23,24,30,86,88,92,94,95" m="25975" machi="30" ten="30,2000,0" yaku="8,1,54,1" doraHai="99" who="3" fromWho="1" sc="101,0,181,-32,438,0,270,42" />
</Scene>
<Scene>
<INIT seed="3,0,0,4,5,83" ten="101,149,438,312" oya="3" hai0="9,74,35,116,82,61,98,2,55,69,122,80,117" hai1="23,133,57,96,108,101,6,128,4,68,118,53,0" hai2="17,66,48,42,125,34,88,79,105,29,131,7,127" hai3="91,119,89,67,45,114,3,135,104,71,132,90,76"/><W24/><G119/><T47/><D47/><U93/><E118/><V124/><F105/><W75/><G3/><T41/><D41/><U130/><E108/><V64/><F131/><W38/><G114/><T92/><D92/><U50/><E68/><V52/><F79/><W32/><G104/><T112/><D112/><U111/><E111/><V16/><F7/><W85/><G75/><T22/><D22/><U33/><E33/><V31/><F42/><W102/><G102/><T115/><D115/><U51/><E0/><V21/><F34/><W39/><G45/><T113/><D113/><U129/><E23/><V40/><F40/><W18/><G32/><T84/><D84/><U26/><E26/><N who="2" m="14631" /><F17/><W86/><G76/><T56/><D56/><U27/><E27/><V87/><F29/><W62/><G24/><T94/><D94/><U120/><E120/><V63/><F63/><W60/><G18/><T36/><D36/><N who="3" m="13865" /><G60/><T28/><D28/><U8/><E133/><AGARI ba="0,0" hai="62,67,71,85,86,89,90,91,132,133,135" m="13865" machi="133" ten="40,7700,0" yaku="20,1,52,2" doraHai="83" who="3" fromWho="1" sc="101,0,149,-77,438,0,312,77" />
</Scene>
<Scene>
<INIT seed="3,1,0,3,5,29" ten="101,72,438,389" oya="3" hai0="17,19,96,124,92,106,21,59,126,130,57,11,18" hai1="37,114,102,69,13,54,14,115,107,125,64,42,103" hai2="135,118,8,121,93,66,80,85,82,40,10,119,70" hai3="27,112,39,97,58,131,62,46,81,38,129,31,128"/><W94/><G112/><N who="1" m="43050" /><E107/><V104/><F104/><W23/><G81/><T116/><D116/><U83/><E83/><V28/><F40/><W5/><G5/><T105/><D105/><U30/><E42/><V24/><F135/><W25/><G46/><T49/><D49/><U1/><E37/><V41/><F41/><W55/><G27/><T120/><D120/><U7/><E69/><V73/><F121/><W61/><G61/><T44/><D44/><U68/><E68/><V47/><F47/><W36/><G36/><T91/><D91/><AGARI ba="1,0" hai="23,25,31,38,39,55,58,62,91,94,97,128,129,131" machi="91" ten="40,2000,0" yaku="19,1" doraHai="29" who="3" fromWho="0" sc="101,-23,72,0,438,0,389,23" />
</Scene>
<Scene>
<INIT seed="3,2,0,0,4,9" ten="78,72,438,412" oya="3" hai0="28,57,134,66,23,98,36,122,25,59,87,33,71" hai1="6,24,10,97,121,113,124,37,82,21,133,58,92" hai2="80,131,126,14,16,104,44,105,96,94,22,77,50" hai3="76,129,56,111,17,3,49,54,89,69,100,123,12"/><W74/><G123/><T70/><D70/><U40/><E121/><V38/><F38/><W108/><G69/><T125/><D125/><U2/><E113/><V53/><F126/><W27/><G3/><T62/><D62/><U35/><E133/><V116/><F131/><W119/><G119/><T63/><D63/><U18/><E124/><V41/><F41/><W30/><G129/><T84/><D84/><U83/><E58/><V117/><F105/><W5/><G5/><T64/><D64/><U107/><E107/><V103/><REACH who="2" step="1"/><F104/><REACH who="2" ten="78,72,428,412" step="2"/><W101/><G74/><AGARI ba="2,1" hai="14,16,22,44,50,53,74,77,80,94,96,103,116,117" machi="74" ten="30,12000,2" yaku="1,1,2,1,7,1,52,1,54,1,53,1" doraHai="9" doraHaiUra="73" who="2" fromWho="3" sc="78,0,72,0,428,136,412,-126" owari="78,-32.0,72,-43.0,564,66.0,286,9.0" />
</Scene>
</mjloggm>