<mjloggm ver="2.3"><GO type="97"/><UN n0="%73%68%61%69%74%75" n1="%E3%83%86%E3%82%A3%E3%83%95%E3%82%A1%E3%83%8B%E3%83%BC" n2="%E5%A4%AA%E3%81%8F%E3%81%AA%E3%81%84%E3%81%8A" n3="%43%6C%69%6F" dan="15,13,13,13" rate="1973,1848,1986,1985" sx="M,F,M,M"/><TAIKYOKU oya="0"/>

<Scene>
<INIT seed="0,0,0,5,4,107" ten="250,250,250,250" oya="0" hai0="14,127,119,23,50,110,70,121,40,34,129,36,29" hai1="85,20,133,2,77,33,73,87,63,18,90,19,58" hai2="9,16,80,10,53,130,111,86,91,64,5,109,68" hai3="30,17,47,131,51,41,105,52,78,42,128,69,94"/><T48/><D127/><U72/><E33/><V61/><F130/><W25/><G105/><T92/><D129/><U112/><E2/><V15/><REACH who="2" step="1"/><F53/><REACH who="2" ten="250,250,240,250" step="2"/><W79/><G131/><T104/><D121/><U125/><E125/><V46/><F46/><W120/><G120/><T65/><D40/><U103/><E112/><V71/><F71/><W6/><G128/><T116/><D70/><U101/><E133/><V26/><F26/><W21/><G42/><T27/><D116/><U67/><E103/><V102/><F102/><W122/><G122/><T93/><D119/><U96/><E67/><V124/><F124/><W118/><G118/><T3/><D65/><U57/><E101/><V82/><F82/><W97/><G69/><T114/><D27/><U56/><E96/><V28/><F28/><W100/><G6/><T38/><D29/><U7/><E7/><V75/><F75/><W126/><G126/><T95/><D114/><U54/><E73/><V66/><F66/><W12/><REACH who="3" step="1"/><G41/><REACH who="3" ten="250,250,240,240" step="2"/><T0/><D104/><U123/><E123/><V11/><F11/><AGARI ba="0,2" hai="11,12,17,21,25,30,47,51,52,78,79,94,97,100" machi="11" ten="30,12000,2" yaku="1,1,2,1,7,1,8,1,54,1,53,1" doraHai="107" doraHaiUra="49" who="3" fromWho="2" sc="250,0,250,0,240,-120,240,140" />
</Scene>
<Scene>
<INIT seed="1,0,0,1,1,39" ten="250,250,120,380" oya="1" hai0="20,132,71,119,91,38,8,97,26,16,68,80,46" hai1="98,116,13,53,34,99,107,95,69,133,113,64,65" hai2="109,81,125,23,67,85,100,94,10,74,129,36,43" hai3="75,73,11,79,102,47,104,35,5,103,62,37,123"/><U4/><E113/><V120/><F120/><W1/><G102/><T86/><D132/><U40/><E116/><V126/><F109/><W41/><G62/><T112/><D112/><U87/><E34/><V17/><F129/><W55/><G55/><T66/><D119/><U3/><E3/><V106/><F67/><W84/><G84/><T0/><D66/><U27/><E133/><V49/><F36/><W44/><G73/><T63/><D63/><U45/><E27/><V76/><F10/><W92/><G92/><T52/><D97/><U28/><E28/><V7/><F7/><W59/><G59/><T93/><D93/><U56/><E69/><V18/><F106/><W83/><G47/><T131/><D131/><U21/><E87/><V135/><F135/><W42/><G42/><T90/><D90/><U88/><E107/><V19/><F23/><W61/><G61/><T32/><D32/><U22/><E99/><V48/><F48/><W72/><G72/><T25/><D25/><U30/><E30/><V117/><F117/><W89/><G89/><T70/><D0/><U14/><E4/><V58/><F58/><W60/><G60/><T77/><D38/><U115/><E115/><V108/><F108/><W130/><G130/><T134/><D134/><U9/><E22/><V111/><F111/><W29/><G29/><T57/><D46/><U110/><E110/><V122/><F122/><W2/><G123/><T24/><D91/><U31/><E31/><V127/><F100/><W105/><G103/><T118/><D118/><U101/><E101/><V33/><F126/><RYUUKYOKU ba="0,0" sc="250,0,250,0,120,0,380,0" />
</Scene>
<Scene>
<INIT seed="2,1,0,5,4,59" ten="250,250,120,380" oya="2" hai0="120,63,73,32,26,74,17,5,115,53,105,102,90" hai1="128,82,81,87,51,117,30,79,50,7,107,12,89" hai2="62,18,11,104,106,100,43,118,99,44,68,69,119" hai3="48,92,1,20,64,93,8,70,113,97,80,10,112"/><V131/><F131/><W114/><G1/><T75/><D120/><U54/><E117/><V109/><F106/><W14/><G80/><T19/><D115/><U96/><E128/><V85/><F109/><W57/><G70/><T23/><D5/><U132/><E132/><V98/><F98/><W126/><G126/><T56/><D32/><U78/><E30/><V110/><F110/><W122/><G122/><T33/><D33/><U55/><E7/><V29/><F29/><W3/><G3/><T4/><D4/><U133/><E133/><V101/><F101/><W46/><G20/><T95/><D105/><U84/><E12/><V27/><F85/><W94/><G14/><T28/><REACH who="0" step="1"/><D102/><REACH who="0" ten="240,250,120,380" step="2"/><U38/><E107/><V123/><F123/><W127/><G127/><T52/><D52/><U66/><E66/><V83/><F83/><W58/><G64/><T9/><D9/><U129/><E129/><V36/><F11/><W130/><G130/><T134/><D134/><U103/><E103/><V2/><F2/><W39/><G10/><T116/><D116/><U22/><E55/><V72/><F72/><W71/><G8/><T125/><D125/><U24/><E54/><V49/><F36/><W121/><G39/><T40/><D40/><U124/><E38/><V41/><F41/><W111/><G121/><T16/><D16/><N who="1" m="12359" /><E124/><V47/><F47/><W21/><G111/><T45/><D45/><U42/><E42/><V31/><F18/><W34/><G34/><T135/><D135/><U86/><E82/><V60/><F118/><W76/><G46/><T108/><D108/><RYUUKYOKU ba="1,1" sc="240,30,250,-10,120,-10,380,-10" hai0="17,19,23,26,28,53,56,63,73,74,75,90,95" />
</Scene>
<Scene>
<INIT seed="3,2,1,3,5,46" ten="270,240,110,370" oya="3" hai0="70,32,100,76,116,68,130,16,109,127,48,49,86" hai1="57,25,19,53,41,35,24,67,73,125,75,27,13" hai2="29,82,38,14,54,105,2,3,94,64,134,110,39" hai3="98,15,89,58,132,79,118,18,120,119,113,117,90"/><W114/><G79/><T91/><D116/><U72/><E125/><V60/><F105/><W33/><G33/><T51/><D127/><U43/><E67/><V84/><F110/><W9/><G98/><T5/><D130/><U124/><E35/><V93/><F134/><W96/><G96/><T12/><D109/><U62/><REACH who="1" step="1"/><E124/><REACH who="1" ten="270,230,110,370" step="2"/><V52/><F29/><W74/><G132/><T88/><D32/><U1/><E1/><V80/><F64/><W7/><G114/><T106/><D106/><U6/><E6/><V11/><F11/><AGARI ba="2,2" hai="11,13,19,24,25,27,41,43,53,57,62,72,73,75" machi="11" ten="50,6400,0" yaku="1,1,53,2" doraHai="46" doraHaiUra="37" who="1" fromWho="2" sc="270,0,230,90,110,-70,370,0" owari="270,-13.0,320,12.0,40,-46.0,370,47.0" />
</Scene>
</mjloggm>