<mjloggm ver="2.3"><GO type="97"/><UN n0="%48%6F%73%75" n1="%77%6F%6E%63%68%61%6E" n2="%E5%A4%AA%E3%81%8F%E3%81%AA%E3%81%84%E3%81%8A" n3="%28%3B%EF%BF%A3%E2%97%87%EF%BF%A3%29" dan="13,13,15,14" rate="1830,1803,2065,1959" sx="M,M,M,M"/><TAIKYOKU oya="0"/>

<Scene>
<INIT seed="0,0,0,1,3,107" ten="250,250,250,250" oya="0" hai0="133,117,71,25,76,44,125,68,15,95,108,70,52" hai1="5,61,0,59,42,130,131,30,27,3,7,9,89" hai2="11,103,55,2,29,86,84,87,58,38,118,88,121" hai3="31,53,135,92,80,19,37,123,109,111,128,50,10"/><T54/><D76/><U104/><E42/><V65/><F121/><W60/><G135/><T83/><D83/><U41/><E41/><V101/><F38/><W17/><G128/><T24/><D117/><U34/><E104/><V72/><F72/><W85/><G123/><T99/><D15/><U97/><E97/><V14/><F118/><W91/><G37/><T46/><D133/><U51/><E51/><N who="2" m="31103" /><F2/><W82/><G31/><T96/><D125/><U22/><E89/><V49/><F29/><W28/><G28/><T105/><D105/><U45/><E45/><N who="0" m="17513" /><D95/><U8/><E61/><V62/><F49/><W12/><G60/><T126/><D126/><U26/><REACH who="1" step="1"/><E59/><REACH who="1" ten="250,240,250,250" step="2"/><N who="2" m="37087" /><F88/><W116/><G116/><T127/><D127/><U132/><E132/><V66/><F66/><W90/><G90/><T134/><D134/><U106/><E106/><V110/><F110/><N who="3" m="41995" /><G19/><AGARI ba="0,1" hai="0,3,5,7,8,9,19,22,26,27,30,34,130,131" machi="19" ten="40,12000,2" yaku="1,1,9,1,34,3,53,1" doraHai="107" doraHaiUra="13" who="1" fromWho="3" sc="250,0,240,130,250,0,250,-120" /><AGARI ba="0,0" hai="11,14,19,84,86,87,101,103" m="37087,31103" machi="19" ten="30,1000,0" yaku="8,1" doraHai="107" who="2" fromWho="3" sc="250,0,370,0,250,10,130,-10" />
</Scene>
<Scene>
<INIT seed="1,0,0,2,1,91" ten="250,370,260,120" oya="1" hai0="6,40,4,29,69,49,134,37,39,52,34,53,56" hai1="58,87,62,60,103,48,44,30,71,101,89,81,115" hai2="70,126,106,23,54,121,72,98,18,74,102,80,61" hai3="59,88,57,14,63,90,116,92,84,105,26,50,128"/><U114/><E71/><V104/><F121/><W129/><G116/><T8/><D34/><U111/><E111/><V35/><F35/><W36/><G36/><T67/><D29/><U47/><E114/><V82/><F106/><W11/><G105/><T117/><D6/><U83/><E115/><V130/><F130/><N who="3" m="50283" /><G26/><T45/><D8/><U17/><E30/><V25/><F126/><W125/><G50/><T5/><D5/><U42/><E44/><V107/><F107/><W109/><G109/><T46/><D4/><U108/><E108/><V113/><F113/><W135/><G135/><T55/><D134/><U110/><E110/><V76/><F54/><N who="3" m="34231" /><G59/><T9/><D9/><U95/><E17/><V100/><F61/><N who="1" m="23657" /><E58/><V85/><F70/><W10/><G125/><T131/><D117/><U32/><E32/><V38/><F38/><N who="0" m="14346" /><D131/><U123/><E123/><V86/><REACH who="2" step="1"/><F102/><AGARI ba="0,0" hai="42,47,48,81,83,87,89,95,101,102,103" m="23657" machi="102" ten="30,2900,0" yaku="8,1,52,1" doraHai="91" who="1" fromWho="2" sc="250,0,370,29,260,-29,120,0" />
</Scene>
<Scene>
<INIT seed="1,1,0,4,4,107" ten="250,399,231,120" oya="1" hai0="129,130,131,18,13,109,9,23,25,87,14,126,55" hai1="114,124,1,61,71,52,12,37,21,91,7,43,47" hai2="2,108,74,94,38,99,92,65,30,123,51,83,33" hai3="54,128,34,97,113,134,80,122,63,8,50,119,88"/><U31/><E114/><V110/><F123/><W35/><G134/><T118/><D87/><U81/><E124/><V39/><F2/><W93/><G128/><T41/><D41/><U26/><E1/><V89/><F65/><W4/><G113/><T5/><D55/><U112/><E112/><V19/><F51/><W85/><G122/><T121/><D121/><U28/><E28/><V127/><F127/><W59/><G119/><T56/><D56/><U60/><E71/><V6/><F6/><W82/><G82/><T73/><D73/><U135/><E135/><V77/><F19/><W15/><REACH who="3" step="1"/><G63/><REACH who="3" ten="250,399,231,110" step="2"/><T64/><D126/><U120/><E120/><V125/><F125/><W96/><G96/><T132/><D118/><U66/><E61/><V36/><REACH who="2" step="1"/><F94/><REACH who="2" ten="250,399,221,110" step="2"/><W68/><G68/><T86/><D132/><U58/><E81/><V3/><F3/><W27/><G27/><AGARI ba="1,2" hai="27,30,33,36,38,39,74,77,83,89,92,99,108,110" machi="27" ten="50,3200,0" yaku="1,1,52,1,53,0" doraHai="107" doraHaiUra="111" who="2" fromWho="3" sc="250,0,399,0,221,55,110,-35" />
</Scene>
<Scene>
<INIT seed="2,0,0,1,2,111" ten="250,399,276,75" oya="2" hai0="113,127,47,9,46,3,0,30,126,41,42,22,28" hai1="25,36,114,6,2,39,17,91,81,134,20,67,121" hai2="60,48,12,16,95,72,55,116,76,122,52,64,131" hai3="94,38,129,56,54,120,103,130,118,80,68,101,125"/><V43/><F122/><W50/><G120/><T104/><D22/><U35/><E114/><V96/><F116/><W37/><G118/><T108/><D108/><U71/><E121/><V109/><F109/><W132/><G80/><T59/><D59/><U86/><E134/><V18/><F131/><N who="3" m="50187" /><G94/><T63/><D63/><U128/><E128/><V33/><F33/><W66/><G101/><T74/><D74/><U49/><E35/><V44/><F76/><W45/><G103/><T34/><D34/><U77/><E2/><V31/><F31/><W26/><G26/><T84/><D84/><U51/><E6/><V23/><F72/><W4/><G4/><T69/><D69/><U75/><E51/><V1/><F1/><W100/><G100/><T135/><D135/><U19/><E67/><V10/><F64/><W21/><G21/><T29/><D29/><U79/><E79/><V106/><F106/><W65/><G132/><T97/><D97/><U11/><E71/><V8/><F60/><N who="3" m="38023" /><G125/><T102/><D102/><U105/><E105/><V117/><F117/><W82/><G82/><T115/><REACH who="0" step="1"/><D104/><REACH who="0" ten="240,399,276,75" step="2"/><U90/><E75/><V92/><F96/><W32/><G32/><T110/><D110/><U27/><E86/><V15/><F23/><W53/><G53/><AGARI ba="0,1" hai="8,10,12,15,16,18,43,44,48,52,53,55,92,95" machi="53" ten="40,12000,1" yaku="9,1,8,1,54,2" doraHai="111" who="2" fromWho="3" sc="240,0,399,0,276,130,75,-120" owari="240,-16.0,399,20.0,406,51.0,-45,-55.0" />
</Scene>
</mjloggm>