<mjloggm ver="2.3"><GO type="169"/><UN n0="%E3%82%AB%E3%83%84%E3%82%B2%E3%83%B3" n1="%E5%A4%AA%E3%81%8F%E3%81%AA%E3%81%84%E3%81%8A" n2="%E3%81%A0%E3%81%84%E3%81%A0%E3%81%84" n3="%E3%83%AD%E3%83%AA%E3%83%BC%E3%82%BF%E3%81%AA%E7%84%BC%E8%82%89" dan="16,17,18,16" rate="2121,2182,2200,2087" sx="M,M,M,M"/><TAIKYOKU oya="0"/>

<Scene>
<INIT seed="0,0,0,0,4,99" ten="250,250,250,250" oya="0" hai0="66,37,35,60,17,8,87,106,108,96,52,86,123" hai1="104,82,110,11,83,16,38,21,71,43,105,0,79" hai2="45,101,20,46,63,77,75,41,114,112,22,131,73" hai3="118,65,36,69,40,33,134,44,135,107,70,126,32"/><T121/><D37/><U67/><E110/><V23/><F63/><W56/><G107/><T24/><D108/><U50/><E50/><V26/><F26/><W133/><G118/><T48/><D87/><U19/><E71/><N who="3" m="27146" /><G126/><T72/><D72/><N who="1" m="43367" /><E83/><V129/><F101/><W3/><G3/><T2/><D86/><U93/><E93/><V90/><F90/><W80/><G80/><T57/><D2/><U59/><E59/><V120/><F120/><W128/><G128/><N who="2" m="49225" /><F77/><W89/><G89/><T76/><D76/><U81/><E81/><V102/><F102/><W55/><G65/><T30/><D17/><N who="1" m="6731" /><E67/><V113/><F41/><W78/><G78/><T100/><REACH who="0" step="1"/><D8/><REACH who="0" ten="240,250,250,250" step="2"/><U28/><E11/><V29/><F29/><W111/><G111/><T116/><D116/><U62/><E0/><V54/><F75/><W10/><G10/><T7/><D7/><U42/><E28/><V58/><F73/><W125/><G125/><T88/><D88/><U115/><E38/><V127/><F127/><W25/><G25/><T1/><D1/><U92/><E115/><V13/><F13/><W49/><AGARI ba="0,1" hai="32,33,36,40,44,49,55,56,133,134,135" m="27146" machi="49" ten="40,1500,0" yaku="20,1" doraHai="99" who="3" fromWho="3" sc="240,-7,250,-4,250,-4,250,25" />
</Scene>
<Scene>
<INIT seed="1,0,0,1,5,19" ten="233,246,246,275" oya="1" hai0="45,8,59,5,85,94,65,91,88,80,52,123,82" hai1="53,130,114,4,100,106,40,84,113,104,28,76,81" hai2="49,93,62,0,96,48,129,51,13,83,1,15,37" hai3="127,29,56,71,75,32,95,55,119,31,112,54,50"/><U34/><E130/><V36/><F83/><W63/><G75/><T27/><D123/><U16/><E4/><V3/><F62/><W21/><G119/><T41/><D65/><U118/><E118/><V124/><F124/><W38/><G38/><T60/><D27/><U72/><E40/><V107/><F107/><W135/><G112/><T79/><D79/><U97/><E106/><V92/><F129/><W68/><G32/><T35/><D35/><U73/><E53/><V70/><F70/><W77/><G135/><T7/><D8/><U26/><E73/><V14/><REACH who="2" step="1"/><F96/><REACH who="2" ten="233,246,236,275" step="2"/><W89/><G127/><T18/><D18/><U64/><E64/><V9/><F9/><W117/><G71/><T23/><D23/><U115/><E115/><V43/><F43/><W10/><G68/><T110/><D110/><U111/><E111/><V98/><F98/><W33/><G10/><T126/><D126/><U25/><REACH who="1" step="1"/><E72/><REACH who="1" ten="233,236,236,275" step="2"/><V108/><F108/><W20/><G117/><T125/><D125/><U74/><E74/><V42/><F42/><W105/><G105/><T121/><D121/><U134/><E134/><V99/><F99/><W66/><G66/><T133/><D133/><U61/><E61/><V78/><F78/><W2/><G77/><T46/><D41/><U17/><E17/><V39/><AGARI ba="0,2" hai="0,1,3,13,14,15,36,37,39,48,49,51,92,93" machi="39" ten="50,32000,5" yakuman="40" doraHai="19" doraHaiUra="120" who="2" fromWho="2" sc="233,-80,236,-160,236,340,275,-80" />
</Scene>
<Scene>
<INIT seed="2,0,0,1,4,83" ten="153,76,576,195" oya="2" hai0="93,130,49,98,107,54,135,21,68,65,69,121,96" hai1="27,32,40,39,29,19,33,129,75,90,4,11,94" hai2="119,99,17,91,26,110,64,62,50,15,3,34,70" hai3="114,117,43,86,71,128,88,14,16,57,101,52,105"/><V10/><F119/><W112/><G117/><T76/><D121/><U53/><E75/><V102/><F3/><W133/><G71/><T111/><D111/><U127/><E127/><V9/><F110/><W87/><G43/><T124/><D124/><U30/><E129/><V100/><F10/><N who="3" m="6231" /><G128/><T63/><D130/><U125/><E125/><V23/><F34/><W115/><G133/><T126/><D126/><U2/><E53/><V106/><F50/><N who="3" m="30871" /><G88/><T60/><D135/><U74/><E74/><V109/><F109/><W25/><G25/><T72/><D107/><U120/><E120/><V37/><F37/><W48/><G48/><T118/><D118/><U73/><E73/><V41/><F41/><W79/><G79/><T77/><D21/><U82/><E40/><V1/><F1/><W78/><G78/><T66/><D72/><U81/><E39/><V67/><F91/><W122/><G122/><T103/><REACH who="0" step="1"/><D98/><AGARI ba="0,0" hai="86,87,98,101,105,112,114,115" m="30871,6231" machi="98" ten="30,8000,1" yaku="11,1,52,2,54,2" doraHai="83" who="3" fromWho="0" sc="153,-80,76,0,576,0,195,80" />
</Scene>
<Scene>
<INIT seed="3,0,0,4,1,38" ten="73,76,576,275" oya="3" hai0="11,25,87,108,79,90,104,13,117,66,65,9,10" hai1="72,59,22,41,80,71,112,78,64,42,19,45,58" hai2="24,39,15,122,92,28,57,124,29,63,73,133,113" hai3="115,33,31,85,12,121,34,26,91,110,53,7,52"/><W130/><G121/><T47/><D117/><U100/><E112/><V101/><F73/><W23/><G115/><T82/><D108/><U8/><E100/><V2/><F2/><W43/><G110/><T56/><D104/><U54/><E8/><V89/><F39/><W17/><G130/><T6/><D25/><U105/><E105/><V128/><F15/><W111/><G111/><T32/><D32/><U132/><E132/><V1/><F1/><W126/><G126/><T134/><D134/><U116/><E116/><V27/><F101/><W94/><G33/><T61/><D66/><U109/><E109/><V86/><F128/><W44/><REACH who="3" step="1"/><G7/><REACH who="3" ten="73,76,576,265" step="2"/><T95/><REACH who="0" step="1"/><D47/><REACH who="0" ten="63,76,576,265" step="2"/><U107/><E45/><V0/><F113/><W83/><G83/><T62/><D62/><U40/><E80/><V68/><F63/><W60/><G60/><T103/><D103/><U36/><E64/><V3/><F133/><W76/><G76/><T84/><AGARI ba="0,2" hai="6,9,10,11,13,56,61,65,79,82,84,87,90,95" machi="84" ten="20,8000,1" yaku="1,1,0,1,7,1,8,1,53,1" doraHai="38" doraHaiUra="88" who="0" fromWho="0" sc="63,100,76,-20,576,-20,265,-40" />
</Scene>
<Scene>
<INIT seed="4,0,0,5,2,19" ten="163,56,556,225" oya="0" hai0="55,99,89,1,114,8,53,90,62,94,116,110,37" hai1="111,115,100,52,51,126,57,44,54,107,65,131,4" hai2="101,30,0,34,13,97,121,14,6,127,133,112,74" hai3="45,109,71,47,2,58,59,31,26,93,5,41,38"/><T40/><D116/><U79/><E111/><V10/><F74/><W28/><G71/><T21/><D110/><U64/><E131/><V80/><F121/><W86/><G109/><T15/><D114/><U125/><E79/><V27/><F80/><W88/><G47/><T32/><D32/><U123/><E4/><V132/><F127/><N who="1" m="48649" /><E107/><N who="2" m="63919" /><F112/><W128/><G31/><T48/><D1/><U75/><E75/><V76/><F76/><W60/><G128/><T24/><D37/><U103/><E115/><V70/><F70/><W78/><G78/><T117/><D117/><U63/><E123/><V33/><F33/><W85/><G85/><T87/><D62/><N who="1" m="37967" /><E103/><V29/><F29/><W122/><G122/><T73/><D73/><U36/><E100/><V66/><F66/><W95/><G60/><T108/><D108/><U83/><E83/><V43/><F43/><W91/><G5/><N who="0" m="3471" /><D40/><N who="1" m="24967" /><E36/><V92/><F92/><W134/><G2/><T35/><D35/><U124/><N who="1" m="48657" /><U81/><DORA hai="11" /><E81/><V42/><F34/><W84/><G134/><T20/><D24/><U130/><E130/><V135/><F27/><W102/><G102/><T22/><D48/><U17/><E17/><V104/><F104/><W18/><G18/><T56/><D56/><AGARI ba="0,0" hai="52,54,56,63,65" m="24967,37967,48657" machi="56" ten="40,8000,1" yaku="18,1,34,2,54,1" doraHai="19,11" who="1" fromWho="0" sc="163,-80,56,80,556,0,225,0" />
</Scene>
<Scene>
<INIT seed="5,0,0,5,5,84" ten="83,136,556,225" oya="1" hai0="85,25,6,17,103,19,53,45,107,47,23,110,73" hai1="40,20,133,48,100,38,0,89,91,12,116,35,67" hai2="128,104,66,134,7,42,132,71,108,64,111,78,33" hai3="105,119,51,115,70,44,123,83,96,5,77,97,81"/><U22/><E116/><V65/><F104/><W32/><G70/><T37/><D73/><U80/><E35/><V95/><F33/><W39/><G119/><T102/><D110/><U3/><E100/><V50/><F78/><W94/><G32/><T86/><D6/><U72/><E67/><V129/><F7/><W135/><G123/><T112/><D112/><U130/><E38/><V98/><F71/><W9/><G115/><T106/><D23/><U43/><E133/><N who="2" m="51307" /><F42/><W24/><G105/><T109/><D109/><N who="2" m="42058" /><F50/><W76/><G51/><T55/><REACH who="0" step="1"/><D25/><REACH who="0" ten="73,136,556,225" step="2"/><U49/><E72/><V118/><F118/><W41/><G5/><T61/><D61/><U117/><E117/><V14/><F14/><W113/><G24/><T74/><D74/><U60/><E60/><V15/><F15/><W87/><G113/><T4/><D4/><U21/><E12/><V29/><F29/><W18/><G135/><T126/><D126/><U114/><E114/><V16/><F16/><W62/><G18/><T127/><D127/><U27/><E27/><V8/><F8/><W69/><G62/><T58/><D58/><U13/><E13/><V68/><F68/><W2/><G9/><T101/><D101/><AGARI ba="0,1" hai="64,65,66,95,98,101,128,129" m="42058,51307" machi="101" ten="40,1300,0" yaku="20,1" doraHai="84" who="2" fromWho="0" sc="73,-13,136,0,556,23,225,0" />
</Scene>
<Scene>
<INIT seed="6,0,0,5,4,112" ten="60,136,579,225" oya="2" hai0="132,123,40,14,65,5,79,103,60,119,46,11,25" hai1="111,52,88,75,133,116,74,18,76,110,64,50,90" hai2="57,129,117,2,81,16,80,48,135,87,99,47,121" hai3="55,89,15,27,92,70,30,21,94,86,42,24,91"/><V1/><F121/><W22/><G70/><T20/><D123/><U115/><E64/><V38/><F117/><W29/><G42/><T101/><D132/><U105/><E105/><V34/><F135/><W56/><G15/><T37/><D79/><U109/><E133/><V12/><F34/><W122/><G122/><T9/><D9/><U102/><E102/><V125/><F129/><W82/><G91/><T69/><REACH who="0" step="1"/><D119/><REACH who="0" ten="50,136,579,225" step="2"/><U36/><E116/><V44/><F125/><W130/><G130/><T23/><D23/><U114/><E76/><V95/><F38/><W97/><G22/><T10/><D10/><U59/><E36/><V4/><F4/><W73/><G21/><T61/><D61/><U96/><E115/><V53/><F2/><W49/><G73/><T66/><D66/><U0/><E0/><V127/><F1/><W26/><G29/><AGARI ba="0,1" hai="5,11,14,20,25,29,37,40,46,60,65,69,101,103" machi="29" ten="30,2000,0" yaku="1,1,7,1,53,0" doraHai="112" doraHaiUra="126" who="0" fromWho="3" sc="50,30,136,0,579,0,225,-20" />
</Scene>
<Scene>
<INIT seed="7,0,0,2,1,88" ten="80,136,579,205" oya="3" hai0="94,2,98,79,21,5,134,115,132,103,107,28,119" hai1="104,54,121,4,53,26,116,27,57,99,56,84,118" hai2="16,19,127,130,25,64,80,35,49,70,13,18,113" hai3="34,50,73,135,65,105,95,52,112,93,124,108,117"/><W75/><G95/><N who="0" m="58847" /><D119/><N who="1" m="45611" /><E121/><V3/><F19/><W68/><G93/><T86/><D107/><U20/><E4/><V39/><F18/><W114/><G75/><T100/><D2/><U71/><E71/><V60/><F16/><W83/><G73/><T66/><D5/><U40/><E40/><V110/><F13/><W22/><G68/><T97/><D66/><U74/><E74/><V45/><F25/><N who="1" m="9225" /><E20/><V15/><F15/><W37/><G22/><T111/><D21/><U33/><E33/><V125/><F60/><W6/><G34/><T77/><D28/><U81/><E99/><V29/><F49/><W123/><G50/><T48/><D48/><U42/><E42/><V51/><F80/><W38/><G83/><N who="0" m="47471" /><D111/><U106/><E57/><V11/><F64/><W31/><G65/><T41/><D41/><U82/><E82/><V78/><F70/><W67/><G67/><T91/><D79/><N who="1" m="46143" /><E54/><V30/><F35/><W72/><G52/><T90/><D115/><U62/><AGARI ba="0,0" hai="53,56,62,104,106" m="46143,9225,45611" machi="62" ten="30,1100,0" yaku="12,1" doraHai="88" who="1" fromWho="1" sc="80,-3,136,11,579,-3,205,-5" owari="77,-42.0,147,-25.0,576,67.0,200,0.0" />
</Scene>
</mjloggm>