<mjloggm ver="2.3"><GO type="169" lobby="0"/><UN n0="%E3%83%AD%E3%83%AA%E3%83%BC%E3%82%BF%E3%81%AA%E7%84%BC%E8%82%89" n1="%E5%A4%AA%E3%81%8F%E3%81%AA%E3%81%84%E3%81%8A" n2="%E3%81%99%E3%81%9F%E3%83%BC%E3%82%89%E3%81%84%E3%81%A8%E3%81%B3%E3%83%BC" n3="%E3%83%9E%E3%83%88%E3%83%AA%E3%83%83%E3%82%AF%E3%82%B9" dan="16,18,17,17" rate="2097.61,2229.00,2159.43,2179.97" sx="M,F,F,M"/><TAIKYOKU oya="0"/>

<Scene>
<INIT seed="0,0,0,3,3,33" ten="250,250,250,250" oya="0" hai0="114,84,102,55,116,112,83,8,44,126,17,35,130" hai1="66,12,71,0,38,133,9,132,51,81,96,88,52" hai2="64,119,131,22,19,113,63,129,30,79,103,95,50" hai3="118,69,82,93,3,67,65,49,24,57,105,21,121"/><T20/><D116/><U108/><E38/><V47/><F113/><W59/><G105/><T77/><D35/><U124/><E108/><V107/><F119/><W89/><G118/><T4/><D130/><U14/><E124/><V75/><F107/><W94/><G69/><T53/><D126/><U36/><E36/><V11/><F75/><W90/><G121/><T117/><D117/><U60/><E0/><V6/><F79/><W115/><G115/><T128/><D128/><U80/><E80/><V122/><F122/><W91/><G82/><T45/><D102/><U87/><E96/><V62/><F30/><W92/><G3/><T68/><D68/><U78/><E78/><V61/><F129/><W25/><G49/><T135/><D135/><N who="1" m="51787" /><E9/><V43/><F131/><W106/><G106/><T76/><D76/><U31/><E31/><V27/><F64/><W34/><G34/><T97/><D97/><U85/><E85/><V58/><F95/><W111/><G111/><T48/><D53/><U16/><E16/><V13/><REACH who="2" step="1"/><F103/><REACH who="2" ten="250,250,240,250" step="2"/><W72/><G72/><T127/><D127/><U18/><E18/><V39/><F39/><W1/><G1/><T123/><D123/><U73/><E73/><V7/><F7/><W125/><G125/><T54/><D114/><U10/><E10/><V42/><F42/><W37/><G37/><T29/><D112/><U74/><E74/><V15/><F15/><W32/><G32/><T98/><D8/><U46/><AGARI ba="0,1" hai="12,14,46,51,52,60,66,71,81,87,88" m="51787" machi="46" ten="30,4000,0" yaku="20,1,54,2" doraHai="33" who="1" fromWho="1" sc="250,-20,250,50,240,-10,250,-10" />
</Scene>
<Scene>
<INIT seed="1,0,0,2,0,70" ten="230,300,230,240" oya="1" hai0="31,85,125,78,112,32,21,3,83,63,127,135,122" hai1="18,27,1,118,33,7,47,77,108,55,105,117,62" hai2="16,90,44,133,129,37,65,28,100,120,98,24,48" hai3="91,95,17,46,102,15,123,94,96,67,43,107,11"/><U128/><E105/><V59/><F120/><W71/><G123/><T2/><D32/><U132/><E77/><V53/><F133/><W50/><G71/><T68/><D122/><U86/><E86/><V87/><F129/><W131/><G131/><T69/><D112/><U6/><E128/><V14/><F65/><W89/><G107/><T72/><D135/><U0/><E132/><V42/><F100/><W97/><REACH who="3" step="1"/><G67/><REACH who="3" ten="230,300,230,230" step="2"/><N who="0" m="41087" /><D69/><U88/><E118/><V106/><F106/><W38/><G38/><T126/><D72/><U23/><E117/><V64/><F64/><W9/><G9/><T45/><D45/><U30/><E47/><V51/><F37/><W121/><G121/><T73/><D73/><U56/><E108/><V20/><F98/><W81/><G81/><T26/><AGARI ba="0,1" hai="2,3,21,26,31,78,83,85,125,126,127" m="41087" machi="26" ten="40,1500,0" yaku="18,1" doraHai="70" who="0" fromWho="0" sc="230,25,300,-7,230,-4,230,-4" />
</Scene>
<Scene>
<INIT seed="2,0,0,0,0,129" ten="255,293,226,226" oya="2" hai0="111,132,134,105,99,124,130,84,98,76,39,36,131" hai1="53,75,74,77,103,100,14,106,69,92,97,94,28" hai2="101,22,12,118,24,121,60,21,57,43,2,133,45" hai3="0,80,32,3,29,66,59,67,120,23,102,19,135"/><V27/><F2/><W31/><G120/><T63/><D63/><U90/><E69/><V47/><F121/><W95/><G80/><N who="0" m="47111" /><D111/><U58/><E28/><V46/><F118/><W113/><G32/><T10/><D10/><U9/><E106/><V37/><F101/><W54/><G113/><T11/><D11/><U7/><E77/><V112/><F112/><W52/><G102/><N who="0" m="62679" /><D99/><U16/><E7/><V96/><F96/><W127/><G23/><T119/><D119/><U30/><E30/><V51/><F12/><W125/><G59/><T126/><D39/><U62/><E103/><V107/><F107/><W1/><G1/><T18/><D36/><U109/><E109/><V49/><F37/><W15/><G15/><T34/><D18/><U88/><E100/><V89/><F89/><W44/><G19/><T35/><D34/><U108/><E108/><V8/><F8/><W25/><G25/><T48/><D48/><U4/><E4/><V42/><F46/><W87/><G44/><T13/><D13/><U20/><E9/><V123/><F123/><W122/><G122/><T33/><D35/><U82/><E82/><V55/><F24/><W50/><G50/><T73/><D33/><U38/><E38/><V41/><F41/><W79/><G0/><T5/><D5/><U117/><E117/><V40/><F40/><W68/><G3/><T61/><D73/><U78/><E78/><V91/><F91/><W128/><G29/><T85/><D61/><U116/><E116/><V86/><F27/><W64/><G31/><T93/><D131/><U81/><E92/><RYUUKYOKU ba="0,0" sc="255,-10,293,30,226,-10,226,-10" hai1="14,16,20,53,58,62,74,75,81,88,90,94,97" />
</Scene>
<Scene>
<INIT seed="3,1,0,0,4,99" ten="245,323,216,216" oya="3" hai0="134,132,120,96,75,16,81,83,12,3,100,48,8" hai1="64,37,88,105,97,108,11,104,18,41,124,98,49" hai2="60,113,123,52,128,117,101,26,92,89,46,91,76" hai3="135,57,35,103,66,9,80,7,72,5,112,70,114"/><W22/><G35/><T71/><D71/><U20/><E37/><V133/><F117/><W25/><G70/><T111/><D120/><U82/><E64/><V61/><F113/><W13/><G135/><N who="0" m="51755" /><D111/><U55/><E41/><V43/><F133/><W68/><G68/><T38/><D38/><U24/><E108/><V6/><F76/><W42/><G42/><T21/><D75/><U65/><E65/><V110/><F110/><W32/><G32/><T84/><D84/><N who="1" m="50199" /><E105/><V87/><F6/><W40/><G40/><T90/><D90/><U53/><E104/><V45/><F128/><W31/><G7/><N who="0" m="1151" /><D48/><U102/><E124/><V54/><F43/><W106/><G72/><T122/><D122/><U78/><E78/><V107/><F87/><W127/><G127/><T131/><D131/><U77/><E77/><V118/><F118/><W73/><G73/><T30/><D30/><U44/><E97/><V28/><F28/><W94/><G106/><AGARI ba="1,0" hai="12,16,21,81,83,96,100,106" m="1151,51755" machi="106" ten="30,3900,0" yaku="20,1,52,1,54,1" doraHai="99" who="0" fromWho="3" sc="245,42,323,0,216,0,216,-42" />
</Scene>
<Scene>
<INIT seed="4,0,0,0,5,109" ten="287,323,216,174" oya="0" hai0="70,81,66,39,85,7,97,123,43,49,118,29,98" hai1="78,127,124,129,93,100,28,128,1,13,125,11,121" hai2="8,68,133,51,59,102,44,18,57,90,40,14,10" hai3="132,130,113,34,19,99,67,4,56,111,16,36,41"/><T69/><D123/><U80/><E1/><V122/><F68/><W89/><G34/><T61/><D118/><U117/><E28/><V76/><F122/><W101/><G132/><T38/><D29/><U126/><E121/><V87/><F102/><W103/><G111/><T106/><D69/><U79/><E124/><V75/><F75/><W112/><G130/><N who="1" m="50282" /><E117/><V35/><F35/><W119/><G119/><T45/><D7/><N who="1" m="3327" /><E80/><V48/><F76/><W120/><G120/><T92/><D106/><U63/><E63/><V82/><F133/><W104/><G4/><T131/><D131/><U83/><E83/><V108/><F108/><W5/><G5/><T114/><D114/><N who="3" m="44137" /><G103/><T91/><REACH who="0" step="1"/><D98/><AGARI ba="0,0" hai="78,79,93,98,100,125,126,127" m="3327,50282" machi="98" ten="40,2600,0" yaku="18,1,19,1" doraHai="109" who="1" fromWho="0" sc="287,-26,323,26,216,0,174,0" />
</Scene>
<Scene>
<INIT seed="5,0,0,0,3,1" ten="261,349,216,174" oya="1" hai0="106,41,72,91,18,133,77,58,115,3,56,135,119" hai1="20,7,85,76,53,78,60,34,57,64,96,55,129" hai2="14,21,24,132,5,125,108,13,97,118,39,37,49" hai3="103,46,84,101,25,38,67,111,74,35,19,73,44"/><U127/><E34/><V62/><F118/><W98/><G111/><T92/><D106/><U69/><E129/><V88/><F108/><W22/><G67/><T10/><D119/><U50/><E127/><V117/><F117/><W79/><G35/><T51/><D115/><U120/><E120/><V90/><F125/><W59/><G74/><T80/><D41/><U30/><E96/><V114/><F114/><W43/><G73/><T134/><D51/><U87/><E7/><V2/><F2/><W116/><G116/><T128/><D128/><U33/><E33/><V16/><F132/><W63/><G46/><T4/><REACH who="0" step="1"/><D18/><REACH who="0" ten="251,349,216,174" step="2"/><U52/><E50/><V104/><F49/><W130/><G130/><T107/><D107/><U68/><E60/><V94/><F62/><W8/><G63/><T28/><D28/><U26/><E30/><V23/><F104/><W32/><G43/><T11/><D11/><U15/><E69/><V31/><F39/><W61/><G61/><T66/><D66/><U89/><E68/><V126/><F37/><W95/><G8/><T47/><D47/><U75/><E64/><V12/><F126/><W40/><G38/><T27/><D27/><U124/><E26/><V45/><F45/><W29/><G44/><T42/><D42/><U99/><E124/><V121/><F16/><W100/><G40/><T110/><D110/><U9/><E9/><V131/><F131/><W70/><G70/><T113/><D113/><U48/><E48/><V122/><F121/><W112/><G112/><T105/><D105/><U123/><E123/><V83/><F122/><RYUUKYOKU ba="0,1" sc="251,30,349,-10,216,-10,174,-10" hai0="3,4,10,56,58,72,77,80,91,92,133,134,135" />
</Scene>
<Scene>
<INIT seed="6,1,1,4,4,90" ten="281,339,206,164" oya="2" hai0="19,135,72,69,23,105,110,34,47,93,66,67,26" hai1="2,108,59,129,42,22,134,10,86,56,31,27,71" hai2="103,52,100,15,73,84,5,0,17,45,70,106,74" hai3="55,6,37,121,119,89,128,3,51,48,64,62,53"/><V21/><F70/><W83/><G119/><T99/><D105/><U46/><E108/><V44/><F0/><W111/><G121/><T43/><D72/><U109/><E109/><V61/><F5/><W12/><G111/><T98/><D69/><U30/><E71/><V120/><F120/><W60/><G3/><T20/><D34/><U123/><E123/><V91/><F74/><W130/><G37/><T116/><D116/><U40/><E134/><V117/><F73/><W127/><G6/><T75/><D75/><U92/><E129/><N who="3" m="49770" /><G12/><N who="0" m="9319" /><D110/><U122/><E122/><V114/><F114/><W131/><N who="3" m="49778" /><W115/><DORA hai="113" /><G83/><T1/><D99/><U4/><E31/><V133/><F117/><W36/><G115/><T8/><D8/><U54/><E54/><N who="3" m="20490" /><G36/><T7/><D7/><U32/><E4/><V39/><F133/><W13/><G13/><T102/><D1/><U35/><E2/><V41/><F106/><W81/><G127/><T104/><D104/><U80/><E80/><V68/><F68/><N who="3" m="41991" /><G62/><T76/><D76/><U88/><E10/><V29/><F29/><W49/><G81/><T9/><D9/><U132/><E132/><V58/><F44/><W124/><G89/><T18/><D135/><U125/><E125/><V101/><F101/><W11/><G11/><T33/><D33/><N who="1" m="12875" /><E46/><V63/><REACH who="2" step="1"/><F61/><REACH who="2" ten="281,339,196,164" step="2"/><W78/><G124/><T24/><D102/><U65/><E30/><V94/><AGARI ba="1,2" hai="15,17,21,39,41,45,52,58,63,84,91,94,100,103" machi="94" ten="20,18000,2" yaku="1,1,2,1,0,1,7,1,52,1,54,1,53,0" doraHai="90,113" doraHaiUra="79,126" who="2" fromWho="2" sc="281,-61,339,-61,196,203,164,-61" />
</Scene>
<Scene>
<INIT seed="6,2,0,2,2,95" ten="220,278,399,103" oya="2" hai0="128,8,113,89,15,129,66,2,43,40,39,87,117" hai1="25,44,115,101,123,38,10,99,37,92,63,61,70" hai2="127,19,56,81,27,62,71,51,75,28,77,3,9" hai3="45,88,130,59,109,49,53,132,12,11,41,133,98"/><V64/><F127/><W16/><G109/><T114/><D117/><U65/><E115/><N who="0" m="44041" /><D66/><U119/><E119/><V111/><F111/><W23/><G130/><N who="0" m="50283" /><D2/><U60/><E123/><V100/><F100/><W31/><G31/><T120/><D39/><U72/><E72/><V4/><F19/><W74/><G74/><T96/><D96/><U82/><E37/><V42/><F42/><W54/><G11/><T84/><D120/><U73/><E10/><V106/><F51/><W14/><G14/><T52/><D52/><U105/><E105/><V6/><F6/><W112/><G112/><T79/><D79/><U126/><E126/><V118/><F118/><W46/><G54/><T36/><D36/><U7/><E7/><V5/><F5/><W0/><G0/><T55/><D55/><U80/><E38/><V35/><F56/><W102/><G88/><T94/><D87/><U131/><E73/><V47/><F47/><W1/><G1/><T22/><D22/><U34/><E44/><V67/><F67/><W20/><G20/><T68/><D68/><U103/><E131/><V21/><F21/><W18/><G18/><AGARI ba="2,0" hai="8,15,18,40,43,84,89,94" m="50283,44041" machi="18" ten="30,2000,0" yaku="15,1,19,1" doraHai="95" who="0" fromWho="3" sc="220,26,278,0,399,0,103,-26" />
</Scene>
<Scene>
<INIT seed="7,0,0,4,4,87" ten="246,278,399,77" oya="3" hai0="122,90,58,40,64,93,65,75,111,127,15,100,112" hai1="105,6,1,9,69,81,104,94,131,50,10,89,133" hai2="29,78,108,35,51,101,74,98,19,91,82,34,43" hai3="126,25,54,132,56,67,55,63,71,53,39,70,52"/><W76/><G76/><T38/><D75/><U31/><E69/><N who="3" m="26122" /><G25/><T115/><D122/><U27/><E81/><V123/><F19/><W37/><G126/><T49/><D111/><U28/><E10/><V85/><F108/><W95/><G95/><T84/><D127/><U0/><E0/><V46/><F29/><W4/><G4/><T17/><D100/><U68/><E68/><V119/><F123/><W129/><G132/><T8/><D38/><N who="3" m="14345" /><G129/><T60/><D64/><AGARI ba="0,0" hai="52,53,54,55,56,63,64,67" m="14345,26122" machi="64" ten="40,18000,2" yaku="35,5,54,1" doraHai="87" who="3" fromWho="0" sc="246,-180,278,0,399,0,77,180" />
</Scene>
<Scene>
<INIT seed="7,1,0,3,1,61" ten="66,278,399,257" oya="3" hai0="74,46,116,37,54,57,25,31,59,42,3,62,129" hai1="115,53,96,67,14,131,108,130,105,122,83,109,93" hai2="11,52,32,69,70,134,27,76,20,135,7,72,50" hai3="5,6,107,114,18,104,45,77,78,86,118,95,97"/><W99/><G118/><T112/><D3/><U88/><E122/><V91/><F32/><W33/><G33/><T29/><D74/><U133/><E115/><V65/><F91/><W30/><G30/><T43/><D31/><U119/><E119/><V16/><F76/><W41/><G114/><T56/><D29/><U24/><E24/><V9/><F72/><W66/><G18/><T60/><D25/><U81/><E133/><N who="2" m="50699" /><F65/><W123/><G123/><T117/><D112/><U80/><E105/><V87/><F87/><W15/><G15/><T40/><D129/><N who="1" m="49163" /><E67/><V51/><F51/><N who="3" m="27055" /><G107/><T103/><D103/><U92/><E53/><V8/><F7/><N who="3" m="2571" /><G104/><T58/><D117/><U84/><E14/><V73/><F73/><W90/><G66/><N who="0" m="39175" /><D116/><U13/><E13/><V68/><F68/><W47/><G47/><AGARI ba="1,0" hai="8,9,11,16,20,27,47,50,52,69,70" m="50699" machi="47" ten="30,3900,0" yaku="20,1,54,2" doraHai="61" who="2" fromWho="3" sc="66,0,278,0,399,42,257,-42" owari="66,-43.0,278,8.0,441,53.0,215,-18.0" />
</Scene>
</mjloggm>