<mjloggm ver="2.3"><GO type="169"/><UN n0="%E6%88%A6%E5%8A%9B%E5%A4%96%E3%83%9D%E3%83%BC%E3%82%AF%E2%99%82" n1="%E6%9C%A7%E5%A4%8F%E6%9C%88" n2="%E5%A4%AA%E3%81%8F%E3%81%AA%E3%81%84%E3%81%8A" n3="%E7%88%86%E7%89%8C%E3%82%A6%E3%82%B7%E3%82%B8%E3%83%9E%E3%81%8F%E3%82%93" dan="16,18,18,17" rate="2047,2186,2206,2051" sx="M,F,M,M"/><TAIKYOKU oya="0"/>

<Scene>
<INIT seed="0,0,0,2,3,76" ten="250,250,250,250" oya="0" hai0="60,111,66,2,45,33,127,131,25,93,77,72,112" hai1="99,120,22,123,32,12,130,124,31,101,3,68,64" hai2="122,117,97,15,134,36,43,24,63,87,21,10,48" hai3="17,23,61,27,132,13,119,16,11,51,102,74,121"/><T58/><D112/><U57/><E3/><V49/><F122/><W38/><G121/><T128/><D2/><U107/><E124/><V30/><F134/><W41/><G132/><T78/><D127/><U52/><E130/><N who="0" m="49705" /><D111/><U105/><E105/><V69/><F117/><W86/><G74/><T40/><D72/><U39/><E39/><V104/><F36/><W129/><G129/><T113/><D113/><U89/><E32/><V14/><F43/><W53/><G119/><T84/><D33/><U91/><E91/><V81/><F69/><W98/><G38/><N who="0" m="21655" /><D25/><U106/><E106/><V114/><F114/><W88/><G41/><T92/><D92/><U7/><E107/><V125/><F125/><W94/><G61/><T5/><D5/><U71/><E7/><V79/><F63/><W55/><REACH who="3" step="1"/><G51/><REACH who="3" ten="250,250,250,240" step="2"/><T9/><D60/><U116/><E116/><V96/><F49/><W90/><G90/><T109/><D109/><U46/><E89/><V20/><F48/><W82/><AGARI ba="0,1" hai="11,13,16,17,23,27,53,55,82,86,88,94,98,102" machi="82" ten="20,12000,2" yaku="1,1,0,1,7,1,8,1,52,1,54,2,53,0" doraHai="76" doraHaiUra="42" who="3" fromWho="3" sc="250,-60,250,-30,250,-30,240,130" />
</Scene>
<Scene>
<INIT seed="1,0,0,4,4,20" ten="190,220,220,370" oya="1" hai0="102,25,15,81,111,121,45,66,36,40,71,80,63" hai1="51,95,69,120,53,35,38,21,48,127,34,73,132" hai2="60,3,72,90,31,59,99,117,89,12,94,125,47" hai3="112,93,84,115,18,92,62,110,128,113,22,8,104"/><U83/><E38/><V4/><F117/><W85/><G104/><T65/><D111/><U33/><E120/><V97/><F72/><W57/><G110/><T14/><D121/><U118/><E118/><V108/><F108/><W13/><G128/><T10/><D65/><U131/><E69/><V64/><F125/><W30/><G92/><T52/><D15/><U75/><E127/><V96/><F3/><W70/><G70/><T122/><D102/><U123/><E123/><V58/><F31/><W68/><G68/><T5/><D122/><U46/><E131/><V82/><F47/><W56/><G93/><T77/><D77/><U49/><E132/><V134/><F134/><W130/><G130/><T7/><D5/><U29/><E95/><V87/><REACH who="2" step="1"/><F59/><REACH who="2" ten="190,220,210,370" step="2"/><W101/><G57/><T107/><D107/><U88/><E75/><V129/><F129/><W98/><G56/><T50/><REACH who="0" step="1"/><D25/><REACH who="0" ten="180,220,210,370" step="2"/><U79/><E73/><V67/><F67/><W9/><G112/><T1/><D1/><U133/><E133/><V26/><F26/><W32/><G113/><T100/><D100/><U135/><E135/><V103/><F103/><W124/><G115/><T42/><D42/><U78/><E53/><V27/><F27/><W105/><G101/><T2/><D2/><U106/><E106/><V6/><F6/><W17/><G105/><T16/><D16/><U74/><E74/><V61/><F61/><W41/><G62/><T109/><D109/><U37/><E29/><V126/><F126/><W24/><G124/><T119/><D119/><U76/><E46/><AGARI ba="0,2" hai="7,10,14,36,40,45,46,50,52,63,66,71,80,81" machi="46" ten="30,3900,0" yaku="1,1,7,1,54,1,53,0" doraHai="20" doraHaiUra="28" who="0" fromWho="1" sc="180,59,220,-39,210,0,370,0" />
</Scene>
<Scene>
<INIT seed="2,0,0,4,0,62" ten="239,181,210,370" oya="2" hai0="111,101,36,34,20,53,118,131,127,45,73,10,22" hai1="26,78,103,134,16,81,126,42,7,5,100,30,23" hai2="105,119,130,123,124,47,37,68,24,113,59,122,117" hai3="55,14,44,88,61,58,3,17,52,85,28,110,76"/><V71/><F24/><W49/><G3/><T87/><D73/><U11/><E126/><V96/><F96/><W129/><G110/><T86/><D34/><U82/><E134/><V21/><F21/><W109/><G109/><T132/><D111/><U112/><E112/><V13/><F13/><W31/><G76/><T84/><D132/><U25/><E42/><N who="2" m="22991" /><F105/><W133/><G129/><T40/><D131/><U116/><E116/><N who="2" m="44619" /><F130/><W39/><G39/><T90/><D127/><U38/><E38/><V48/><F124/><W2/><G2/><T108/><D108/><U75/><E82/><V43/><F113/><W56/><G133/><T69/><D101/><U89/><E89/><V18/><F18/><W80/><G58/><T0/><D118/><U32/><REACH who="1" step="1"/><E5/><REACH who="1" ten="239,171,210,370" step="2"/><V65/><F123/><W83/><G80/><T97/><D90/><U50/><E50/><V104/><F122/><W41/><G41/><T51/><D51/><U102/><E102/><V9/><F43/><W66/><REACH who="3" step="1"/><G55/><REACH who="3" ten="239,171,210,360" step="2"/><T107/><D53/><U19/><E19/><V120/><F120/><W4/><G4/><T64/><D40/><U54/><E54/><V98/><F48/><W91/><G91/><T114/><D36/><U15/><AGARI ba="0,2" hai="7,11,15,16,23,25,26,30,32,75,78,81,100,103" machi="15" ten="20,8000,1" yaku="1,1,0,1,7,1,54,1,53,1" doraHai="62" doraHaiUra="77" who="1" fromWho="1" sc="239,-20,171,100,210,-40,360,-20" />
</Scene>
<Scene>
<INIT seed="3,0,0,3,5,35" ten="219,271,170,340" oya="3" hai0="4,124,99,32,98,13,74,115,34,97,50,10,108" hai1="110,134,6,77,71,41,16,68,79,17,129,22,111" hai2="30,46,104,63,132,103,59,81,26,9,72,93,96" hai3="94,95,38,106,14,52,18,47,12,49,7,21,123"/><W5/><G123/><T88/><D74/><U80/><E129/><V83/><F132/><W107/><G38/><T105/><D108/><N who="1" m="41515" /><E134/><V114/><F114/><W40/><G40/><T121/><D105/><U51/><E6/><V36/><F104/><W92/><G107/><T102/><D102/><U122/><E122/><V112/><F112/><W84/><G106/><T53/><D121/><U113/><E113/><V8/><F36/><W58/><G47/><T60/><D60/><U130/><E130/><V66/><F46/><W73/><G73/><T28/><D28/><U91/><E91/><V120/><F120/><W11/><REACH who="3" step="1"/><G7/><REACH who="3" ten="219,271,170,330" step="2"/><T43/><D43/><U109/><E41/><V62/><F72/><W64/><G64/><T82/><D115/><U20/><E109/><V101/><F101/><W55/><G55/><T42/><D42/><U3/><E17/><V133/><F133/><W100/><G100/><T56/><D124/><U87/><E16/><V65/><F83/><W1/><G1/><T70/><D82/><U0/><E3/><V39/><F81/><W29/><G29/><T116/><D4/><U76/><E0/><V15/><F39/><W86/><AGARI ba="0,1" hai="5,11,12,14,18,21,49,52,58,84,86,92,94,95" machi="86" ten="30,12000,1" yaku="1,1,0,1,8,1,54,1,53,1" doraHai="35" doraHaiUra="19" who="3" fromWho="3" sc="219,-40,271,-40,170,-40,330,130" />
</Scene>
<Scene>
<INIT seed="3,1,0,2,1,4" ten="179,231,130,460" oya="3" hai0="13,113,91,111,97,124,24,57,87,63,64,102,120" hai1="114,21,10,18,65,42,54,109,82,61,93,92,46" hai2="95,88,41,128,29,117,81,35,33,27,89,110,96" hai3="3,112,45,60,134,119,125,23,17,62,7,116,67"/><W108/><G112/><T118/><D111/><U11/><E114/><V53/><F117/><W135/><G108/><T68/><D113/><U30/><E30/><V133/><F110/><W101/><G101/><T90/><D124/><U83/><E54/><V19/><F133/><W36/><G125/><T122/><D118/><U12/><E109/><V9/><F128/><W44/><G3/><T5/><D90/><U49/><E93/><V85/><F41/><W115/><G7/><T20/><D68/><U121/><E121/><V79/><F53/><W107/><G107/><T86/><D87/><U32/><E32/><V98/><F35/><W74/><G74/><T127/><D127/><U66/><E92/><V43/><F43/><W132/><G115/><T47/><D47/><N who="3" m="17993" /><G36/><T72/><D72/><U80/><REACH who="1" step="1"/><E66/><REACH who="1" ten="179,221,130,460" step="2"/><V28/><F28/><W8/><G67/><T55/><D64/><U50/><E50/><V14/><REACH who="2" step="1"/><F98/><REACH who="2" ten="179,221,120,460" step="2"/><W48/><G116/><T15/><D97/><U126/><E126/><V76/><AGARI ba="1,2" hai="9,14,19,27,29,33,76,79,81,85,88,89,95,96" machi="76" ten="30,8000,1" yaku="1,1,2,1,0,1,52,1,54,1,53,0" doraHai="4" doraHaiUra="106" who="2" fromWho="2" sc="179,-21,221,-21,120,103,460,-41" />
</Scene>
<Scene>
<INIT seed="4,0,0,2,0,91" ten="158,200,223,419" oya="0" hai0="65,61,36,134,131,132,133,102,26,124,86,38,6" hai1="23,66,2,85,116,71,81,98,8,73,0,108,40" hai2="21,92,111,45,18,13,82,50,87,84,15,123,7" hai3="79,48,107,109,44,120,129,11,62,16,29,88,99"/><T41/><D102/><U53/><E73/><V80/><F111/><W19/><G109/><T1/><D26/><U55/><E108/><V51/><F123/><W27/><G129/><T63/><D86/><U106/><E40/><V12/><F7/><W3/><G3/><T93/><D93/><U69/><E23/><V68/><F68/><W125/><G27/><T101/><D101/><U35/><E35/><V25/><F92/><W56/><G79/><T90/><D90/><U64/><E98/><V20/><F20/><W119/><G88/><T37/><D6/><U113/><E106/><V70/><F70/><W126/><G107/><T130/><D1/><U30/><E30/><V22/><F22/><W75/><G29/><T39/><D38/><U10/><E85/><N who="2" m="32843" /><F51/><W17/><G75/><T42/><D124/><U60/><E81/><V54/><AGARI ba="0,0" hai="12,13,15,18,21,25,45,50,54,80,82" m="32843" machi="54" ten="30,1100,0" yaku="8,1" doraHai="91" who="2" fromWho="2" sc="158,-5,200,-3,223,11,419,-3" />
</Scene>
<Scene>
<INIT seed="5,0,0,0,2,106" ten="153,197,234,416" oya="1" hai0="71,108,35,114,28,78,23,73,113,81,86,117,8" hai1="90,95,41,11,33,20,85,133,91,40,42,46,107" hai2="34,45,52,17,14,57,82,55,135,88,49,47,101" hai3="94,126,59,60,44,15,36,4,56,65,104,93,69"/><U123/><E33/><V38/><F34/><W99/><G126/><T62/><D108/><U24/><E123/><V64/><F135/><W122/><G104/><T5/><D117/><U105/><E133/><V124/><F124/><W50/><G36/><T97/><D97/><U54/><E11/><N who="2" m="6367" /><F38/><W70/><G70/><T121/><D121/><U37/><E37/><V111/><F111/><W125/><G125/><T130/><D130/><U9/><E9/><V79/><F101/><W22/><G94/><T103/><D103/><U3/><E3/><V26/><F26/><W110/><G110/><T32/><D86/><U53/><E91/><V31/><F31/><W127/><G127/><T118/><D23/><U74/><E74/><V66/><F79/><W119/><G119/><T115/><D28/><U48/><REACH who="1" step="1"/><E54/><REACH who="1" ten="153,187,234,416" step="2"/><V51/><F47/><W102/><G122/><T63/><D118/><U39/><E39/><V30/><F30/><AGARI ba="0,1" hai="20,24,30,40,41,42,46,48,53,85,90,95,105,107" machi="30" ten="40,2000,0" yaku="1,1,53,0" doraHai="106" doraHaiUra="129" who="1" fromWho="2" sc="153,0,187,30,234,-20,416,0" />
</Scene>
<Scene>
<INIT seed="5,1,0,2,1,25" ten="153,217,214,416" oya="1" hai0="66,100,48,120,65,111,132,71,83,133,97,114,104" hai1="91,53,0,122,24,55,47,49,74,3,44,96,85" hai2="75,108,38,94,12,126,123,117,9,7,130,70,22" hai3="36,110,128,1,6,58,90,95,107,59,79,62,89"/><U57/><E74/><V134/><RYUUKYOKU type="yao9" ba="1,0" sc="153,0,217,0,214,0,416,0" hai2="7,9,12,22,38,70,75,94,108,117,123,126,130,134" />
</Scene>
<Scene>
<INIT seed="5,2,0,2,4,67" ten="153,217,214,416" oya="1" hai0="84,26,43,88,31,82,94,107,1,102,46,53,97" hai1="77,4,0,10,92,117,13,106,36,21,61,91,33" hai2="5,16,27,7,32,41,119,120,103,95,11,122,79" hai3="54,132,86,69,65,30,130,135,113,83,68,34,20"/><U131/><E117/><V50/><F119/><W3/><G34/><T47/><D1/><U125/><E106/><V112/><F79/><W134/><G3/><T60/><D43/><U126/><E36/><V28/><F112/><W42/><G113/><T105/><D105/><U93/><E131/><V115/><F115/><W51/><G42/><T121/><D121/><U8/><E33/><V104/><F104/><W15/><G65/><T108/><D108/><U98/><E77/><V6/><F103/><W58/><G130/><T99/><D53/><U87/><E21/><V72/><F72/><W110/><G110/><T70/><D60/><U37/><E37/><V55/><F95/><W9/><G20/><T18/><D18/><U100/><REACH who="1" step="1"/><E61/><REACH who="1" ten="153,207,214,416" step="2"/><V38/><F38/><W35/><G35/><T17/><D17/><AGARI ba="2,1" hai="0,4,8,10,13,17,87,91,92,93,98,100,125,126" machi="17" ten="40,3900,0" yaku="1,1,2,1,53,0" doraHai="67" doraHaiUra="78" who="1" fromWho="0" sc="153,-45,207,55,214,0,416,0" />
</Scene>
<Scene>
<INIT seed="5,3,0,0,0,55" ten="108,262,214,416" oya="1" hai0="125,51,120,114,64,122,7,115,98,60,112,19,83" hai1="47,126,3,23,58,89,42,39,77,48,106,31,53" hai2="82,90,57,41,33,80,5,110,2,111,36,6,56" hai3="67,71,124,1,92,97,30,50,72,8,69,38,84"/><U87/><E3/><V105/><F33/><W73/><G38/><T104/><D7/><U21/><E126/><V37/><F105/><W9/><G30/><T134/><D19/><U61/><E106/><V44/><F90/><W78/><G69/><N who="0" m="42119" /><D83/><U22/><E77/><V103/><F103/><W49/><G49/><T107/><D98/><U29/><REACH who="1" step="1"/><E39/><REACH who="1" ten="108,252,214,416" step="2"/><V24/><F2/><W34/><G78/><T86/><D107/><U96/><E96/><V75/><F37/><W109/><G97/><T25/><D104/><U128/><E128/><V91/><F36/><W132/><G1/><T20/><D125/><U68/><E68/><V17/><F111/><W113/><G109/><T88/><D134/><U14/><E14/><V11/><F110/><W85/><G132/><T101/><D101/><U62/><E62/><V28/><F91/><W54/><G124/><T130/><D130/><U81/><AGARI ba="3,1" hai="21,22,23,29,31,42,47,48,53,58,61,81,87,89" machi="81" ten="30,11700,0" yaku="1,1,0,1,8,1,52,1,53,0" doraHai="55" doraHaiUra="95" who="1" fromWho="1" sc="108,-42,252,136,214,-42,416,-42" />
</Scene>
<Scene>
<INIT seed="5,4,0,3,2,25" ten="66,388,172,374" oya="1" hai0="77,125,69,18,96,21,82,117,19,67,90,38,79" hai1="0,58,27,39,72,53,48,100,106,59,12,56,98" hai2="112,92,65,89,135,126,104,44,81,61,35,70,116" hai3="9,114,78,30,122,1,66,2,129,13,6,41,91"/><U88/><E0/><V7/><F116/><W123/><G114/><T74/><D38/><U5/><E72/><V93/><F104/><W128/><G78/><T49/><D117/><U55/><E39/><V46/><F35/><W101/><G101/><T86/><D125/><U17/><E5/><V60/><F126/><W87/><G66/><T71/><D79/><U22/><E55/><V134/><F7/><W121/><G41/><T107/><D67/><U54/><E53/><V99/><F112/><W4/><G4/><T124/><D49/><U97/><REACH who="1" step="1"/><E12/><REACH who="1" ten="66,378,172,374" step="2"/><V120/><F65/><W110/><G2/><T111/><D124/><U52/><E52/><V102/><F135/><W40/><G1/><T10/><D111/><U32/><E32/><V109/><F134/><W94/><G40/><T34/><D34/><U118/><E118/><V51/><F109/><W64/><G110/><T133/><D133/><U16/><E16/><V11/><F44/><W43/><G64/><T45/><D45/><U50/><E50/><V47/><F46/><W95/><G43/><T63/><D19/><U131/><E131/><N who="3" m="50250" /><G30/><T14/><D18/><U113/><E113/><V132/><F132/><W26/><G121/><T119/><D119/><U15/><E15/><V108/><F120/><W68/><G122/><T130/><D14/><U103/><E103/><V36/><F102/><W80/><G123/><T84/><D130/><U31/><E31/><V85/><F108/><W75/><G75/><T62/><D74/><U57/><E57/><V24/><F36/><W20/><G68/><T28/><D71/><RYUUKYOKU ba="4,1" sc="66,-15,378,15,172,-15,374,15" hai1="17,22,27,48,54,56,58,59,88,97,98,100,106" hai3="6,9,13,20,26,80,87,91,94,95" />
</Scene>
<Scene>
<INIT seed="5,5,1,5,0,43" ten="51,393,157,389" oya="1" hai0="31,24,20,93,27,132,103,63,134,0,113,44,77" hai1="120,82,48,124,17,130,86,54,81,83,57,37,101" hai2="40,118,135,100,107,115,71,106,121,80,8,116,45" hai3="14,119,94,99,123,129,22,62,76,15,78,34,104"/><U56/><E120/><V39/><F121/><W125/><G123/><T67/><D0/><U117/><E117/><V61/><F135/><N who="0" m="51754" /><D77/><U35/><E35/><V12/><F115/><W46/><G34/><T97/><D27/><U69/><E69/><V72/><F72/><W91/><G119/><T85/><D85/><U131/><E37/><V133/><F133/><W65/><G129/><N who="1" m="49162" /><E124/><V49/><F80/><N who="1" m="30825" /><E101/><V36/><F118/><W21/><G104/><T110/><D110/><U13/><E48/><V7/><F116/><W89/><G125/><T19/><D113/><U4/><E54/><V41/><F100/><W74/><G78/><T73/><D73/><U127/><E4/><V75/><F75/><W102/><G76/><T60/><D60/><U51/><E51/><V53/><F39/><W11/><G74/><T55/><D55/><U84/><E127/><V42/><REACH who="2" step="1"/><F36/><REACH who="2" ten="51,393,147,389" step="2"/><W2/><G102/><T122/><D122/><U105/><E83/><V23/><F23/><W47/><G22/><T25/><D25/><U88/><E105/><V111/><F111/><W87/><G21/><T10/><D10/><U6/><E88/><V92/><F92/><W90/><G91/><T3/><D3/><U52/><E13/><V38/><F38/><W128/><G15/><T32/><D32/><U109/><E109/><V29/><F29/><W50/><G14/><T96/><D96/><U64/><E86/><V5/><F5/><W66/><G87/><T16/><D31/><U58/><E84/><V30/><F30/><W70/><G99/><T59/><D19/><U95/><E17/><RYUUKYOKU ba="5,2" sc="51,15,393,-15,147,15,389,-15" hai0="16,20,24,44,59,63,67,93,97,103" hai2="7,8,12,40,41,42,45,49,53,61,71,106,107" />
</Scene>
<Scene>
<INIT seed="6,6,2,1,5,104" ten="66,378,162,374" oya="2" hai0="78,84,122,85,51,116,88,60,72,50,44,98,13" hai1="61,34,97,20,105,1,48,130,16,36,53,22,56" hai2="112,126,59,96,109,27,107,74,103,127,55,75,132" hai3="40,69,18,10,101,135,134,9,21,62,8,68,39"/><V26/><F112/><W0/><G0/><T35/><D35/><U30/><E36/><V7/><F7/><W52/><G101/><T76/><D122/><U70/><E1/><V47/><F47/><N who="3" m="23967" /><G52/><T108/><D108/><U125/><E34/><V113/><F113/><W63/><G62/><T64/><D116/><U129/><E30/><V5/><F5/><W24/><G63/><T118/><D118/><U87/><E87/><V25/><F109/><W95/><G95/><T14/><D60/><U100/><E125/><N who="2" m="47627" /><F132/><AGARI ba="6,2" hai="8,9,10,18,21,24,68,69,132,134,135" m="23967" machi="132" ten="30,1000,0" yaku="20,1" doraHai="104" who="3" fromWho="2" sc="66,0,378,0,162,-28,374,48" />
</Scene>
<Scene>
<INIT seed="7,0,0,0,1,55" ten="66,378,134,422" oya="3" hai0="12,135,45,111,91,19,36,98,4,92,116,112,50" hai1="120,88,46,93,113,117,122,114,32,59,94,22,99" hai2="90,123,85,84,80,78,76,33,81,63,103,35,56" hai3="44,133,38,61,102,7,34,121,48,74,2,9,15"/><W82/><G121/><T100/><D111/><U1/><E32/><V110/><F110/><W0/><G133/><T106/><D135/><U125/><E1/><V10/><F123/><N who="1" m="47145" /><E46/><V77/><F103/><W54/><G34/><T124/><D124/><U60/><E22/><V87/><F10/><W129/><G102/><T127/><D127/><U20/><E20/><V57/><F87/><W67/><G129/><T16/><D116/><U130/><E125/><V14/><F14/><W39/><G39/><T101/><D112/><N who="1" m="43115" /><E94/><V118/><F118/><W52/><G38/><T105/><D36/><U66/><E117/><V83/><F33/><W108/><G108/><T41/><D4/><U47/><E47/><V43/><F35/><W96/><G54/><T107/><REACH who="0" step="1"/><D19/><REACH who="0" ten="56,378,134,422" step="2"/><U132/><E132/><V115/><F115/><W68/><G7/><T28/><D28/><U70/><E130/><V6/><F6/><W79/><G2/><T21/><AGARI ba="0,1" hai="12,16,21,41,45,50,91,92,98,100,101,105,106,107" machi="21" ten="30,7900,0" yaku="1,1,0,1,54,1,53,1" doraHai="55" doraHaiUra="89" who="0" fromWho="0" sc="56,89,378,-20,134,-20,422,-39" owari="145,-25.0,358,16.0,114,-39.0,383,48.0" />
</Scene>
</mjloggm>