<mjloggm ver="2.3"><GO type="1"/><UN n0="%64%68%69%67%75" n1="%69%6E%33%31%30%34" n2="%E5%A4%AA%E3%81%8F%E3%81%AA%E3%81%84%E3%81%8A" n3="%70%6F%6F%79" dan="4,3,3,6" rate="1461,1525,1571,1457" sx="M,M,M,M"/><TAIKYOKU oya="0"/>

<Scene>
<INIT seed="0,0,0,0,3,103" ten="250,250,250,250" oya="0" hai0="13,38,89,64,90,80,78,46,43,1,26,39,114" hai1="130,77,54,37,70,111,117,85,55,15,118,58,0" hai2="88,16,99,135,72,61,104,67,79,47,75,21,32" hai3="94,57,83,95,107,49,119,69,18,14,113,51,84"/><T128/><D1/><U59/><E0/><V112/><F112/><W24/><G113/><T127/><D114/><U19/><E130/><V30/><F135/><W17/><G119/><T7/><D128/><U25/><E111/><V44/><F79/><W45/><G69/><T133/><D127/><U92/><E70/><V53/><F32/><W48/><G24/><T110/><D133/><U122/><E37/><V40/><F30/><W126/><G126/><T42/><D110/><U131/><E122/><V98/><F53/><W82/><G57/><T120/><D64/><U11/><E131/><V108/><F108/><W123/><G123/><T20/><D120/><U56/><E25/><V100/><F98/><W124/><G124/><T10/><D43/><U66/><E66/><V35/><F35/><W33/><G33/><T52/><D39/><U81/><REACH who="1" step="1"/><E92/><REACH who="1" ten="250,240,250,250" step="2"/><V116/><F116/><AGARI ba="0,1" hai="11,15,19,54,55,56,58,59,77,81,85,116,117,118" machi="116" ten="40,2600,0" yaku="1,1,2,1,53,0" doraHai="103" doraHaiUra="86" who="1" fromWho="2" sc="250,0,240,36,250,-26,250,0" />
</Scene>
<Scene>
<INIT seed="1,0,0,3,2,105" ten="250,276,224,250" oya="1" hai0="9,31,133,63,53,89,119,21,93,64,88,95,72" hai1="36,74,86,61,67,130,134,103,91,12,135,29,60" hai2="68,62,59,92,47,107,13,120,41,104,79,116,118" hai3="45,33,69,84,58,54,39,44,115,110,28,94,108"/><U26/><E36/><V52/><F120/><W40/><G115/><T132/><D119/><U70/><E130/><V6/><F79/><W75/><G33/><T32/><D32/><U73/><E103/><V80/><F80/><W18/><G28/><T87/><D9/><U66/><E12/><V122/><F122/><W112/><G112/><T123/><D123/><U99/><E99/><V16/><F6/><W24/><G69/><T121/><D121/><U4/><E4/><V17/><F68/><W5/><G5/><T3/><D3/><U22/><E61/><V0/><F0/><W65/><G65/><T1/><D53/><U51/><E51/><V14/><F92/><W43/><G24/><T111/><D1/><U131/><E67/><V97/><F97/><W23/><G75/><T125/><D72/><U85/><E131/><V35/><F35/><W8/><G8/><T100/><D31/><U7/><E86/><V25/><F25/><W56/><G56/><T27/><D21/><U109/><E7/><V129/><F129/><W117/><G117/><T71/><D27/><U126/><E109/><V50/><F118/><W127/><G127/><T76/><D125/><U48/><E48/><V49/><F49/><W83/><G94/><T42/><D111/><U55/><E55/><V114/><F114/><W46/><G46/><T57/><D42/><U82/><E126/><V81/><F116/><W2/><G2/><T15/><D71/><U106/><E106/><N who="2" m="40491" /><F81/><W101/><G101/><T102/><D100/><U78/><E78/><V38/><F38/><W124/><G124/><RYUUKYOKU ba="0,0" sc="250,-15,276,15,224,15,250,-15" hai1="22,26,29,60,66,70,73,74,82,85,91,134,135" hai2="13,14,16,17,41,47,50,52,59,62" />
</Scene>
<Scene>
<INIT seed="1,1,0,5,4,99" ten="235,291,239,235" oya="1" hai0="92,62,124,4,93,110,88,121,133,42,64,35,80" hai1="53,60,57,46,19,87,13,83,44,119,3,25,31" hai2="45,0,112,113,90,89,41,127,102,129,24,125,85" hai3="69,26,84,8,18,108,34,122,49,63,58,103,70"/><U56/><E119/><V78/><F0/><W43/><G122/><T74/><D35/><U114/><E114/><N who="2" m="44139" /><F24/><W22/><G34/><T61/><D42/><U21/><E3/><V40/><F129/><W72/><G108/><T23/><D110/><U66/><E57/><V55/><F55/><W50/><G72/><T27/><D4/><U15/><E66/><V36/><F40/><W30/><G43/><T126/><D121/><U32/><REACH who="1" step="1"/><E13/><REACH who="1" ten="235,281,239,235" step="2"/><V131/><F131/><W16/><G70/><T118/><D118/><U12/><E12/><V95/><F127/><W29/><G69/><T71/><D133/><U33/><E33/><V135/><F125/><N who="0" m="48234" /><D62/><U109/><E109/><V75/><F135/><W54/><G84/><N who="0" m="50183" /><D74/><U98/><E98/><N who="2" m="59743" /><F75/><W79/><G79/><AGARI ba="1,1" hai="15,19,21,25,31,32,44,46,53,56,60,79,83,87" machi="79" ten="30,2900,0" yaku="1,1,7,1,53,0" doraHai="99" doraHaiUra="6" who="1" fromWho="3" sc="235,0,281,42,239,0,235,-32" />
</Scene>
<Scene>
<INIT seed="1,2,0,2,1,63" ten="235,323,239,203" oya="1" hai0="16,44,134,113,43,135,78,93,75,94,29,85,90" hai1="73,102,69,92,104,30,77,35,1,45,72,121,106" hai2="12,125,133,3,11,24,100,82,5,55,119,13,128" hai3="62,0,9,66,129,2,80,4,52,14,114,59,79"/><U28/><E121/><V120/><F120/><W118/><G114/><T10/><D113/><U123/><E123/><V50/><F119/><W116/><G129/><T53/><D29/><U20/><E1/><V81/><F128/><W39/><G39/><T110/><D110/><U132/><E132/><V112/><F112/><W37/><G37/><T19/><D10/><U98/><E45/><V46/><F133/><W115/><G115/><T74/><D53/><U48/><E48/><V31/><F125/><W124/><G124/><T109/><D93/><U36/><E36/><V126/><F126/><W65/><G118/><T41/><D109/><U18/><E30/><V68/><F68/><W8/><G116/><T122/><D122/><U127/><E127/><V70/><F70/><W101/><G101/><T21/><D78/><U60/><E77/><V34/><F100/><W15/><G15/><T6/><D6/><U17/><E17/><V130/><F130/><W61/><G61/><T51/><D43/><U56/><E69/><V49/><F49/><W23/><G23/><T32/><D32/><U47/><E47/><V88/><REACH who="2" step="1"/><F82/><REACH who="2" ten="235,323,229,203" step="2"/><W99/><G99/><T108/><D108/><U97/><E106/><V54/><F54/><W111/><G111/><T25/><D135/><U42/><E42/><V84/><AGARI ba="2,1" hai="3,5,11,12,13,24,31,34,46,50,55,81,84,88" machi="84" ten="30,4000,0" yaku="1,1,0,1,54,1,53,0" doraHai="63" doraHaiUra="71" who="2" fromWho="2" sc="235,-12,323,-22,229,56,203,-12" />
</Scene>
<Scene>
<INIT seed="2,0,0,2,5,0" ten="223,301,285,191" oya="2" hai0="69,14,110,20,124,46,133,76,18,89,55,109,111" hai1="43,42,84,2,71,134,99,35,31,80,10,132,39" hai2="101,13,8,40,15,130,52,5,29,79,107,90,66" hai3="78,25,21,95,119,1,100,123,7,72,12,127,61"/><V129/><F66/><W73/><G119/><T118/><D69/><U11/><E71/><V27/><F40/><W135/><G123/><T48/><D76/><U26/><E99/><N who="2" m="61887" /><F79/><W62/><G127/><T81/><D118/><U6/><E11/><V126/><F126/><W33/><G135/><N who="1" m="51754" /><E39/><V44/><F90/><AGARI ba="0,0" hai="2,6,10,26,31,35,42,43,80,84,90" m="51754" machi="90" ten="30,2000,0" yaku="20,1,52,1" doraHai="0" who="1" fromWho="2" sc="223,0,301,20,285,-20,191,0" />
</Scene>
<Scene>
<INIT seed="3,0,0,4,5,127" ten="223,321,265,191" oya="3" hai0="112,4,103,9,18,58,129,57,2,67,19,84,21" hai1="76,0,12,79,44,111,118,92,73,27,55,87,77" hai2="72,70,116,54,120,125,61,7,35,8,96,68,10" hai3="104,121,41,128,82,81,133,91,47,45,114,105,110"/><W15/><G114/><T126/><D112/><U40/><E0/><V52/><F116/><W88/><G121/><T32/><D126/><U71/><E118/><V119/><F119/><W53/><G133/><T89/><D32/><U101/><E71/><V17/><F35/><W100/><G53/><T36/><D103/><U14/><E111/><V5/><F72/><W69/><G69/><T135/><D36/><U122/><E122/><V63/><F125/><W93/><G100/><T117/><D129/><U99/><E73/><V25/><F96/><W20/><G110/><T22/><D117/><U134/><E134/><V90/><F25/><W28/><G128/><T83/><D135/><U33/><E33/><V42/><F17/><W24/><G15/><T85/><D67/><U11/><E27/><V60/><F60/><W31/><G41/><T23/><D85/><U78/><E55/><V123/><F90/><N who="3" m="34347" /><G93/><T65/><D65/><U13/><E76/><V66/><F66/><W30/><G24/><T97/><D97/><U131/><E131/><V34/><F34/><W48/><G20/><T106/><D106/><N who="3" m="41065" /><G48/><T62/><D62/><U86/><E11/><V113/><REACH who="2" step="1"/><F42/><REACH who="2" ten="223,321,255,191" step="2"/><W75/><G75/><T108/><REACH who="0" step="1"/><D108/><REACH who="0" ten="213,321,255,191" step="2"/><U38/><AGARI ba="0,2" hai="12,13,14,38,40,44,77,78,79,86,87,92,99,101" machi="38" ten="30,1100,0" yaku="0,1" doraHai="127" who="1" fromWho="1" sc="213,-3,321,31,255,-3,191,-5" owari="210,-19.0,352,45.0,252,5.0,186,-31.0" />
</Scene>
</mjloggm>