<mjloggm ver="2.3"><GO type="169"/><UN n0="%E3%83%87%E3%82%B8%E3%82%BF%E3%83%AB%E4%BB%99%E4%BA%BA" n1="%E5%A4%AA%E3%81%8F%E3%81%AA%E3%81%84%E3%81%8A" n2="%EF%BC%A6%EF%BC%B8%E9%9B%80%E5%A3%AB" n3="%E6%B0%97%E6%A5%BD%E3%81%AB%E6%89%93%E3%81%A4" dan="18,18,17,16" rate="2204,2145,2113,2079" sx="F,M,M,M"/><TAIKYOKU oya="0"/>

<Scene>
<INIT seed="0,0,0,0,2,31" ten="250,250,250,250" oya="0" hai0="47,26,20,124,135,55,36,101,91,71,59,119,133" hai1="115,116,128,96,29,50,62,42,21,122,43,112,56" hai2="39,79,113,23,1,67,60,90,7,77,81,8,105" hai3="64,110,68,83,32,100,134,0,125,126,40,5,6"/><T94/><D71/><U114/><E122/><V75/><F113/><W66/><G110/><T88/><D119/><U13/><E116/><V16/><F105/><W34/><G134/><N who="0" m="51211" /><D124/><N who="3" m="47721" /><G100/><T54/><D101/><U45/><E128/><V22/><F39/><W53/><G40/><N who="0" m="22919" /><D94/><U41/><E96/><V76/><F90/><N who="0" m="34346" /><D59/><U118/><E118/><V87/><F75/><W95/><G95/><T74/><D74/><U111/><E111/><V65/><F77/><W89/><G53/><T80/><D80/><U129/><E129/><V73/><F76/><W10/><G6/><T106/><D106/><U107/><E107/><V63/><F73/><W58/><G58/><T117/><D117/><U19/><REACH who="1" step="1"/><E29/><AGARI ba="0,0" hai="20,26,29,54,55" m="34346,22919,51211" machi="29" ten="30,2900,0" yaku="20,1,54,1" doraHai="31" who="0" fromWho="1" sc="250,29,250,-29,250,0,250,0" />
</Scene>
<Scene>
<INIT seed="0,1,0,1,2,45" ten="279,221,250,250" oya="0" hai0="60,86,52,88,7,97,29,24,20,17,114,39,80" hai1="117,35,0,18,38,4,125,19,126,130,73,63,84" hai2="132,37,9,81,31,16,127,30,36,100,25,40,98" hai3="71,116,32,26,91,65,78,58,94,128,6,11,93"/><T59/><D39/><U69/><E73/><V41/><F127/><N who="1" m="48649" /><E117/><V131/><F131/><W23/><G116/><T89/><D114/><U43/><E35/><V111/><F111/><W102/><G128/><T90/><D7/><U75/><E75/><V118/><F37/><W42/><G32/><T85/><D97/><U110/><E130/><V108/><F108/><W1/><G71/><T33/><REACH who="0" step="1"/><D86/><REACH who="0" ten="269,221,250,250" step="2"/><U122/><E84/><V61/><F36/><W50/><G6/><T77/><D77/><U21/><E4/><V27/><F98/><W47/><G78/><T133/><D133/><U62/><E110/><V8/><F132/><W44/><G1/><T14/><AGARI ba="1,1" hai="14,17,20,24,29,33,52,59,60,80,85,88,89,90" machi="14" ten="20,18000,2" yaku="1,1,0,1,7,1,54,2,53,1" doraHai="45" doraHaiUra="82" who="0" fromWho="0" sc="269,193,221,-61,250,-61,250,-61" />
</Scene>
<Scene>
<INIT seed="0,2,0,0,1,65" ten="462,160,189,189" oya="0" hai0="81,35,122,55,9,102,31,129,115,44,49,130,13" hai1="15,3,110,125,42,27,88,80,103,58,95,66,21" hai2="79,135,39,71,100,120,46,73,83,112,11,0,105" hai3="76,68,56,84,107,24,61,51,50,87,128,62,10"/><T93/><D122/><U96/><E3/><V70/><F120/><W86/><G128/><N who="0" m="49259" /><D81/><U111/><E125/><V30/><F112/><W18/><G107/><T82/><D82/><U37/><E15/><V114/><F114/><W54/><G76/><T34/><D31/><U104/><E37/><V67/><F67/><W17/><G68/><T1/><D1/><U63/><E42/><N who="2" m="22879" /><F30/><W6/><G62/><T8/><D8/><U53/><E80/><V85/><F85/><W26/><G26/><T126/><D126/><U106/><E66/><V52/><F52/><W32/><G32/><T99/><D115/><U2/><E2/><V121/><F121/><W12/><REACH who="3" step="1"/><G24/><REACH who="3" ten="462,160,189,179" step="2"/><T41/><D35/><U16/><REACH who="1" step="1"/><E106/><REACH who="1" ten="462,150,189,179" step="2"/><V132/><F132/><W14/><G14/><T33/><D13/><U98/><AGARI ba="2,2" hai="16,21,27,53,58,63,88,95,96,98,103,104,110,111" machi="98" ten="30,16000,3" yaku="1,1,2,1,0,1,25,2,54,2,53,1" doraHai="65" doraHaiUra="101" who="1" fromWho="1" sc="462,-82,150,186,189,-42,179,-42" />
</Scene>
<Scene>
<INIT seed="1,0,0,3,2,81" ten="380,336,147,137" oya="1" hai0="34,70,45,125,6,72,2,37,94,8,69,95,131" hai1="57,41,83,102,32,93,61,88,89,128,76,40,124" hai2="98,21,80,112,53,113,118,55,135,65,54,104,26" hai3="73,97,19,127,85,129,101,1,105,68,77,87,110"/><U52/><E32/><V121/><F118/><W16/><G110/><T48/><D131/><U90/><E128/><V96/><F121/><W5/><G129/><T30/><D125/><U122/><E122/><V103/><F135/><W17/><G127/><T63/><D72/><U28/><E124/><V50/><F65/><W107/><G68/><T35/><D37/><U62/><E28/><V10/><F10/><W49/><G107/><T109/><D109/><U46/><E62/><V119/><F119/><W29/><G29/><T43/><D69/><U60/><E61/><V132/><F132/><W130/><G130/><T86/><D30/><U0/><E0/><V4/><F4/><W106/><G105/><T108/><D95/><U66/><E66/><V74/><F96/><W27/><G27/><T82/><D94/><U11/><E11/><V64/><F64/><W116/><G116/><T42/><D42/><U117/><E117/><V14/><F14/><W133/><G133/><T71/><D71/><U114/><E114/><N who="2" m="44139" /><F26/><W115/><G115/><T13/><D108/><U75/><REACH who="1" step="1"/><E46/><REACH who="1" ten="380,326,147,137" step="2"/><N who="2" m="27863" /><F21/><W51/><G1/><T92/><D2/><U126/><E126/><V44/><F44/><W78/><G5/><T31/><D31/><U12/><E12/><V120/><F120/><W23/><G23/><T58/><D34/><U38/><E38/><V22/><F22/><W100/><G17/><T56/><D35/><U123/><E123/><V3/><F3/><W111/><G111/><T67/><D70/><U33/><E33/><V59/><F59/><W99/><G106/><T25/><D67/><RYUUKYOKU ba="0,1" sc="380,-30,326,10,147,10,137,10" hai1="40,41,52,57,60,75,76,83,88,89,90,93,102" hai2="54,55,74,80,98,103,104" hai3="16,19,49,51,73,77,78,85,87,97,99,100,101" />
</Scene>
<Scene>
<INIT seed="1,1,1,5,0,70" ten="350,336,157,147" oya="1" hai0="58,110,130,41,55,27,71,38,134,2,124,28,135" hai1="24,88,19,125,25,95,83,1,6,57,100,126,22" hai2="115,35,5,132,12,120,67,9,51,98,127,99,101" hai3="13,44,50,45,4,23,31,92,52,14,64,43,30"/><U42/><E42/><V65/><F120/><W87/><G64/><T48/><D2/><U33/><E100/><V63/><F35/><W77/><G4/><T109/><D71/><U111/><E83/><V116/><F116/><W85/><G77/><T119/><D119/><U97/><E111/><N who="0" m="42505" /><D130/><U129/><E129/><V113/><F127/><N who="1" m="48649" /><E57/><V37/><F101/><W122/><G122/><T91/><D91/><U106/><E106/><V16/><F132/><N who="0" m="50730" /><D124/><U82/><E82/><V15/><F113/><W69/><G69/><T108/><D108/><U76/><E76/><V72/><F115/><W86/><G92/><T56/><D56/><U46/><E46/><V54/><F72/><W7/><G7/><T40/><D38/><U102/><E102/><V121/><F37/><W74/><G74/><T68/><D68/><U96/><E96/><V39/><F39/><W60/><G60/><T66/><D66/><N who="2" m="25098" /><F63/><W17/><REACH who="3" step="1"/><G14/><REACH who="3" ten="350,336,157,137" step="2"/><T59/><D59/><U32/><E6/><V36/><F121/><W20/><G20/><AGARI ba="1,2" hai="20,27,28,40,41,48,55,58" m="50730,42505" machi="20" ten="30,2000,0" yaku="14,1,20,1" doraHai="70" who="0" fromWho="3" sc="350,43,336,0,157,0,137,-23" />
</Scene>
<Scene>
<INIT seed="2,0,0,1,3,80" ten="393,336,157,114" oya="2" hai0="106,57,20,16,52,91,81,4,70,131,93,95,65" hai1="48,23,55,38,15,105,14,92,90,59,24,26,67" hai2="123,126,41,29,102,34,45,27,19,39,111,10,56" hai3="74,107,84,110,8,99,28,112,129,78,0,77,53"/><V85/><F123/><W22/><G110/><T113/><D106/><U68/><E105/><V97/><F111/><W98/><G129/><T11/><D131/><U33/><E38/><V94/><F126/><W76/><G112/><T128/><D128/><U100/><E100/><V116/><F116/><W62/><G74/><T86/><D113/><U63/><E33/><V118/><F118/><W7/><G107/><T18/><D65/><U43/><E43/><V115/><F115/><W47/><G84/><T36/><D70/><U72/><E72/><V88/><F56/><W122/><G122/><T82/><D36/><U71/><E71/><V44/><F44/><W40/><G62/><N who="0" m="36135" /><D82/><U119/><E119/><V73/><F73/><W54/><G53/><T5/><D18/><N who="1" m="10719" /><E14/><V49/><F19/><W96/><G54/><T135/><D135/><U60/><E60/><V87/><F39/><W130/><G130/><T37/><D37/><U35/><E35/><V6/><F102/><W2/><G0/><AGARI ba="0,0" hai="0,6,10,27,29,34,41,45,49,85,87,88,94,97" machi="0" ten="30,11600,0" yaku="7,1,52,2,54,1" doraHai="80" who="2" fromWho="3" sc="393,0,336,0,157,116,114,-116" owari="393,49.0,336,14.0,273,-13.0,-2,-50.0" />
</Scene>
</mjloggm>