<mjloggm ver="2.3"><GO type="137"/><UN n0="%E3%81%BF%E3%82%84%E3%81%96%E3%81%8D" n1="%E8%99%8E%E4%B8%80%E6%97%8F%E3%81%AE%E5%BC%9F%E5%AD%90" n2="%E5%A4%AA%E3%81%8F%E3%81%AA%E3%81%84%E3%81%8A" n3="%E6%AF%94%E5%90%8D%E9%82%A3%E5%B1%85%E5%A4%A9%E5%AD%90" dan="13,8,11,9" rate="1748,1696,1729,1757" sx="M,M,M,F"/><TAIKYOKU oya="0"/>

<Scene>
<INIT seed="0,0,0,1,1,45" ten="250,250,250,250" oya="0" hai0="24,105,103,9,113,11,116,37,75,134,43,4,15" hai1="80,127,57,130,123,3,12,53,126,104,101,78,62" hai2="131,119,32,51,23,0,89,107,83,42,41,17,39" hai3="106,135,128,68,67,124,38,18,84,6,52,35,79"/><T14/><D116/><U125/><E3/><V88/><F0/><W73/><G35/><T30/><D113/><U100/><E123/><V71/><F71/><W5/><G38/><T63/><D75/><U65/><E130/><V110/><F32/><W21/><G106/><T117/><D117/><U94/><E104/><V132/><F107/><W7/><G73/><T85/><D134/><U46/><E94/><V10/><F119/><W90/><G128/><T49/><D37/><U118/><E118/><V50/><F39/><W112/><G112/><T64/><D105/><U96/><E96/><V58/><F131/><W25/><G79/><T1/><D103/><U115/><E12/><N who="2" m="7319" /><F110/><W92/><G124/><T61/><D85/><N who="1" m="48279" /><E115/><V91/><F132/><W82/><G135/><T102/><D102/><U81/><E81/><V66/><F83/><W54/><G82/><T69/><D63/><N who="1" m="36271" /><E46/><V122/><F122/><W108/><G108/><T48/><D43/><N who="2" m="16394" /><F23/><W98/><G98/><T109/><D109/><U34/><E34/><V19/><F19/><W72/><G72/><T60/><D60/><AGARI ba="0,0" hai="50,51,58,60,66,88,89,91" m="16394,7319" machi="60" ten="30,7700,0" yaku="8,1,52,2,54,1" doraHai="45" who="2" fromWho="0" sc="250,-77,250,0,250,77,250,0" />
</Scene>
<Scene>
<INIT seed="1,0,0,0,4,41" ten="173,250,327,250" oya="1" hai0="98,39,99,22,127,25,30,68,10,54,134,57,122" hai1="59,49,6,53,84,40,42,27,89,125,123,87,103" hai2="62,4,61,93,116,5,120,88,128,130,23,29,90" hai3="100,45,131,109,48,44,2,111,18,60,70,118,92"/><U95/><E123/><V43/><F120/><W51/><G2/><T75/><D39/><U38/><E125/><V133/><F116/><W8/><G131/><N who="2" m="50217" /><F133/><W28/><G28/><T107/><D75/><U124/><E124/><V121/><F121/><W11/><G118/><T77/><D127/><U129/><E129/><V126/><F43/><W105/><G105/><T15/><D68/><U73/><E73/><V37/><F37/><W20/><G70/><T83/><D122/><U78/><E6/><N who="2" m="2667" /><F126/><W112/><G60/><N who="2" m="23145" /><F93/><W69/><G69/><T31/><D107/><U14/><E38/><V26/><AGARI ba="0,0" hai="23,26,29,88,90" m="23145,2667,50217" machi="26" ten="40,2700,0" yaku="19,1,54,1" doraHai="41" who="2" fromWho="2" sc="173,-7,250,-13,327,27,250,-7" />
</Scene>
<Scene>
<INIT seed="2,0,0,0,2,29" ten="166,237,354,243" oya="2" hai0="84,117,115,64,6,86,95,109,106,52,33,46,90" hai1="3,114,73,40,49,89,68,14,38,57,82,80,104" hai2="39,43,120,11,108,63,26,65,131,111,102,45,128" hai3="22,127,94,67,118,101,53,98,81,44,10,55,25"/><V123/><F11/><W21/><G118/><T119/><D115/><U35/><E114/><V16/><F102/><W100/><G127/><T15/><D106/><U1/><E104/><V113/><F113/><W79/><G67/><T69/><D64/><U124/><E68/><N who="2" m="42047" /><F16/><N who="3" m="12455" /><G101/><T59/><D69/><U51/><E80/><V93/><F93/><W78/><G10/><T116/><D46/><U47/><E35/><V105/><F26/><W32/><G32/><T132/><D132/><U31/><E31/><V70/><F70/><W88/><G22/><T9/><D109/><N who="2" m="42058" /><F105/><W28/><G28/><T60/><REACH who="0" step="1"/><D86/><REACH who="0" ten="156,237,354,243" step="2"/><U133/><E133/><V135/><F135/><W74/><G74/><T19/><D19/><U72/><E72/><V107/><F107/><W125/><G125/><T97/><D97/><U92/><E124/><V130/><AGARI ba="0,1" hai="39,43,45,120,123,128,130,131" m="42058,42047" machi="130" ten="40,18000,2" yaku="19,1,14,1,10,1,23,1,34,2" doraHai="29" who="2" fromWho="2" sc="156,-60,237,-60,354,190,243,-60" />
</Scene>
<Scene>
<INIT seed="2,1,0,4,1,57" ten="96,177,544,183" oya="2" hai0="45,14,87,29,109,100,110,124,134,18,53,96,130" hai1="131,3,31,58,79,71,50,63,54,4,135,1,83" hai2="108,102,27,90,9,47,28,65,21,10,84,44,70" hai3="2,6,66,38,68,32,129,107,78,132,16,95,0"/><V13/><F102/><W89/><G32/><T49/><D29/><U120/><E120/><V93/><F108/><W128/><G38/><T67/><D124/><U60/><E135/><V33/><F33/><W73/><G107/><T127/><D127/><U64/><E131/><N who="3" m="50250" /><G132/><T106/><D106/><U123/><E123/><V12/><F70/><W76/><G73/><T121/><D121/><U62/><E31/><V34/><F65/><W74/><G74/><T48/><D48/><U122/><E122/><V43/><F34/><W103/><G103/><T40/><D40/><U97/><E97/><V17/><REACH who="2" step="1"/><F43/><REACH who="2" ten="96,177,534,183" step="2"/><W80/><G66/><T30/><D109/><U20/><E71/><V99/><F99/><W42/><G68/><T112/><D110/><U92/><E64/><V86/><F86/><W125/><G42/><T56/><D87/><U94/><E1/><V37/><F37/><W117/><G0/><T101/><D112/><U59/><E3/><V39/><F39/><W25/><G125/><T133/><D133/><U111/><E111/><V41/><F41/><W85/><G2/><T72/><D134/><U126/><E126/><V22/><F22/><W26/><G85/><T11/><D130/><U36/><E36/><V24/><F24/><W114/><G26/><T116/><D72/><U81/><E20/><V23/><F23/><W77/><G25/><T7/><D116/><U98/><E98/><V104/><F104/><W88/><G117/><T118/><D96/><U52/><E79/><V115/><F115/><W46/><G114/><T35/><D118/><U19/><E54/><RYUUKYOKU ba="1,1" sc="96,-10,177,-10,534,30,183,-10" hai2="9,10,12,13,17,21,27,28,44,47,84,90,93" />
</Scene>
<Scene>
<INIT seed="2,2,1,3,3,8" ten="86,167,564,173" oya="2" hai0="103,102,65,60,31,111,44,135,127,1,120,104,76" hai1="49,84,27,72,66,45,69,122,33,95,110,10,7" hai2="108,82,129,74,46,11,53,79,105,117,92,37,63" hai3="114,48,73,16,41,83,2,106,115,6,87,39,28"/><V9/><F105/><W133/><G106/><T80/><D120/><U24/><E122/><V0/><F117/><W94/><G39/><T107/><D111/><U64/><E110/><V54/><F108/><W116/><G116/><T15/><D127/><U18/><E72/><V59/><F129/><W13/><G73/><T130/><D135/><U29/><E69/><V42/><F0/><W4/><G28/><T98/><D130/><U86/><E27/><V47/><F47/><N who="3" m="25711" /><G94/><T123/><D1/><U85/><E95/><V101/><REACH who="2" step="1"/><F53/><REACH who="2" ten="86,167,554,173" step="2"/><W132/><G2/><T58/><D107/><U62/><E64/><V128/><F128/><W99/><G133/><T56/><D104/><U134/><E134/><V3/><F3/><W55/><G55/><T67/><D123/><U22/><E66/><V100/><F100/><W36/><G132/><T23/><D103/><U125/><E125/><V89/><F89/><N who="3" m="51455" /><G36/><T21/><D102/><U43/><E33/><V77/><F77/><W17/><G114/><T35/><D76/><U97/><E29/><V78/><F78/><W131/><G115/><T96/><D31/><U70/><E18/><V118/><F118/><W68/><G131/><T52/><D65/><U124/><E124/><V30/><F30/><W93/><G17/><T12/><D67/><U113/><E113/><V88/><F88/><N who="3" m="55719" /><G68/><T71/><D71/><U121/><E70/><V61/><F61/><W75/><G75/><T119/><D60/><U20/><E62/><V38/><F38/><W5/><G4/><T57/><D119/><U19/><E121/><V126/><F126/><RYUUKYOKU ba="2,2" sc="86,-15,167,-15,554,15,173,15" hai2="9,11,37,42,46,54,59,63,74,79,82,92,101" hai3="5,6,13,16" />
</Scene>
<Scene>
<INIT seed="2,3,2,1,3,31" ten="71,152,569,188" oya="2" hai0="3,7,68,130,45,94,118,19,64,61,113,85,95" hai1="37,80,98,93,60,86,4,28,26,63,84,69,55" hai2="116,103,2,115,123,125,109,36,134,47,6,119,120" hai3="13,9,52,111,11,100,59,114,58,89,40,50,77"/><V132/><F103/><W29/><G111/><T10/><D130/><U16/><E37/><V38/><F6/><W88/><G114/><T32/><D113/><U0/><E69/><V51/><F115/><W34/><G77/><T22/><D118/><N who="2" m="45098" /><F2/><W1/><G1/><T53/><D32/><U67/><E0/><V102/><F102/><W30/><G100/><T15/><D85/><U44/><E4/><V104/><F104/><W121/><G121/><N who="2" m="46665" /><F125/><W70/><G70/><T91/><REACH who="0" step="1"/><D91/><REACH who="0" ten="61,152,569,188" step="2"/><U83/><E86/><V75/><F75/><W82/><G34/><T33/><D33/><U133/><E84/><V57/><F109/><W54/><G89/><T41/><D41/><U43/><E43/><N who="2" m="25087" /><F57/><W78/><G59/><T106/><D106/><U48/><E98/><V72/><F72/><W101/><G88/><T35/><D35/><U17/><E93/><V79/><F79/><W56/><G101/><T71/><D71/><U87/><E87/><V25/><F25/><W39/><G58/><T108/><D108/><U20/><E26/><V21/><F21/><W127/><G78/><T76/><D76/><U135/><E20/><V8/><F8/><W131/><G9/><T99/><D99/><U105/><E105/><V65/><F65/><W96/><G96/><T42/><D42/><U107/><E67/><V49/><F49/><AGARI ba="3,3" hai="3,7,10,15,19,22,45,49,53,61,64,68,94,95" machi="49" ten="40,1300,0" yaku="1,1,53,0" doraHai="31" doraHaiUra="74" who="0" fromWho="2" sc="61,52,152,0,569,-22,188,0" />
</Scene>
<Scene>
<INIT seed="3,0,0,2,0,33" ten="113,152,547,188" oya="3" hai0="55,81,74,130,90,59,45,24,47,5,112,128,53" hai1="17,46,72,8,99,100,106,120,79,57,41,96,23" hai2="126,10,37,21,28,27,26,107,32,31,2,39,71" hai3="134,98,42,63,105,123,16,14,111,88,104,61,80"/><W132/><G123/><T73/><D112/><U129/><E120/><V83/><F107/><W119/><G119/><T101/><D101/><U93/><E129/><N who="0" m="49769" /><D5/><U103/><E8/><V38/><F71/><W122/><G122/><T76/><D24/><U6/><E6/><V118/><F118/><W35/><G35/><T51/><D90/><U12/><E72/><N who="0" m="27753" /><D53/><U116/><E79/><V89/><F126/><W52/><G42/><T82/><D82/><U94/><E116/><V19/><F83/><W22/><G52/><T133/><D133/><N who="3" m="51305" /><G98/><T97/><D97/><U77/><E77/><V34/><F89/><W102/><G102/><T50/><D50/><U1/><E106/><N who="3" m="41066" /><G111/><T7/><D7/><U75/><E75/><AGARI ba="0,0" hai="45,47,51,55,59,75,76,81" m="27753,49769" machi="75" ten="30,1000,0" yaku="19,1" doraHai="33" who="0" fromWho="1" sc="113,10,152,-10,547,0,188,0" />
</Scene>
<Scene>
<INIT seed="4,0,0,4,1,126" ten="123,142,547,188" oya="0" hai0="30,16,118,77,43,60,125,48,97,114,38,34,112" hai1="15,71,10,14,44,13,101,19,128,8,51,32,109" hai2="99,64,39,20,72,124,113,46,78,1,119,135,12" hai3="110,133,58,79,41,98,134,74,62,123,132,111,108"/><T27/><D118/><U0/><E71/><V53/><F53/><N who="3" m="34127" /><G41/><T68/><D77/><U83/><E101/><V28/><F20/><W42/><G42/><T76/><D125/><U130/><E32/><V23/><F12/><N who="1" m="4713" /><E83/><V17/><F99/><W29/><G29/><T66/><D76/><U45/><E109/><V131/><F131/><N who="1" m="50217" /><E51/><V73/><F39/><W25/><G25/><T92/><D38/><U54/><E54/><V26/><F26/><W90/><G123/><T21/><D43/><U55/><E55/><V121/><F121/><W56/><G56/><T61/><D48/><U63/><E63/><V84/><F78/><W81/><G90/><T6/><D6/><AGARI ba="0,0" hai="0,6,8,10,15,19,44,45" m="50217,4713" machi="6" ten="30,7700,0" yaku="19,1,52,3" doraHai="126" who="1" fromWho="0" sc="123,-77,142,77,547,0,188,0" />
</Scene>
<Scene>
<INIT seed="5,0,0,5,5,40" ten="46,219,547,188" oya="1" hai0="15,110,111,7,99,11,79,31,72,87,17,49,81" hai1="100,104,1,120,0,54,67,118,134,46,108,116,91" hai2="115,24,47,45,75,19,90,26,4,78,14,68,52" hai3="33,65,73,28,55,34,38,135,102,12,25,101,82"/><U58/><E120/><V36/><F68/><W117/><G38/><T32/><D99/><U98/><E108/><N who="0" m="41513" /><D72/><U123/><E123/><V131/><F36/><W37/><G37/><T130/><D79/><U94/><E134/><V83/><F131/><W29/><G135/><T119/><D81/><U42/><E67/><V10/><F115/><W96/><G65/><T18/><D87/><U44/><E1/><V92/><F52/><W21/><G117/><T114/><D49/><U5/><E5/><V127/><F127/><W76/><G55/><T80/><D80/><U50/><E0/><V43/><F43/><W22/><G12/><N who="0" m="5247" /><D114/><U88/><E91/><V51/><F51/><W9/><G9/><N who="0" m="6383" /><D119/><U16/><E118/><V113/><F113/><W93/><REACH who="3" step="1"/><G102/><REACH who="3" ten="46,219,547,178" step="2"/><T59/><D130/><U69/><E116/><V129/><F129/><W66/><G66/><T70/><D70/><U103/><E69/><V84/><F26/><AGARI ba="0,1" hai="21,22,25,26,28,29,33,34,73,76,82,93,96,101" machi="26" ten="40,2600,0" yaku="1,1,9,1,53,0" doraHai="40" doraHaiUra="35" who="3" fromWho="2" sc="46,0,219,0,547,-26,178,36" />
</Scene>
<Scene>
<INIT seed="6,0,0,0,4,88" ten="46,219,521,214" oya="2" hai0="6,60,29,16,55,7,123,54,92,102,90,110,34" hai1="52,49,130,59,83,12,125,38,115,67,72,94,98" hai2="27,78,107,30,0,2,73,62,13,15,56,113,121" hai3="96,9,44,89,33,19,23,79,58,32,122,1,109"/><V10/><F121/><W104/><G109/><T4/><D123/><U43/><E115/><V101/><F113/><W48/><G122/><T132/><D132/><U57/><E130/><V117/><F117/><W42/><G79/><T105/><D110/><U75/><E125/><V126/><F126/><W35/><G58/><T82/><D82/><U51/><E83/><V63/><F78/><W120/><G120/><T14/><D34/><U74/><E12/><V22/><F73/><W119/><G119/><T95/><D29/><U118/><E118/><V84/><F84/><W124/><G124/><T17/><D60/><U93/><E38/><V8/><F107/><W112/><G112/><T129/><D129/><U26/><E26/><V133/><F101/><W69/><G69/><T39/><D39/><U87/><E67/><V65/><F63/><W21/><G104/><T76/><D76/><U70/><E70/><V131/><F133/><W45/><G45/><T97/><D105/><U68/><E68/><V20/><F20/><W135/><G135/><T41/><D41/><U31/><E31/><V61/><F61/><W103/><G103/><T37/><D37/><U11/><E11/><V40/><F40/><W71/><G71/><T25/><D25/><U64/><E64/><V36/><F36/><W116/><G116/><T3/><D3/><U53/><E43/><V108/><F108/><W47/><G47/><T5/><N who="0" m="1024" /><DORA hai="111" /><T128/><D128/><U46/><E46/><V127/><F131/><W80/><G1/><T50/><D50/><U24/><E24/><V91/><F127/><RYUUKYOKU ba="0,0" sc="46,0,219,0,521,0,214,0" />
</Scene>
<Scene>
<INIT seed="7,1,0,3,0,108" ten="46,219,521,214" oya="3" hai0="117,51,29,10,7,14,103,99,104,17,60,98,85" hai1="86,15,63,40,72,61,107,84,124,48,66,121,59" hai2="22,44,133,1,62,6,118,69,31,127,90,114,82" hai3="52,113,4,26,3,33,105,50,106,56,80,11,102"/><W34/><G80/><T27/><D85/><U67/><E107/><V89/><F118/><W46/><G113/><T110/><D60/><U123/><E72/><V109/><F109/><W101/><G46/><T25/><D51/><U70/><E124/><V122/><F127/><W2/><G2/><T94/><D99/><U74/><E74/><V115/><F133/><W100/><REACH who="3" step="1"/><G26/><REACH who="3" ten="46,219,521,204" step="2"/><T39/><D39/><U116/><E116/><V92/><F1/><W20/><G20/><T75/><D117/><U28/><E123/><V71/><F122/><W131/><G131/><T83/><D75/><U47/><E121/><V13/><F82/><W79/><G79/><T43/><D83/><U112/><E112/><V32/><F22/><W21/><G21/><T91/><D110/><U55/><E28/><V19/><F31/><W78/><G78/><T77/><D77/><U97/><E15/><V128/><F13/><W58/><G58/><T88/><D43/><U95/><REACH who="1" step="1"/><E40/><REACH who="1" ten="46,209,521,204" step="2"/><V38/><F44/><W68/><G68/><T18/><D104/><AGARI ba="1,2" hai="3,4,11,33,34,50,52,56,100,101,102,104,105,106" machi="104" ten="40,3900,0" yaku="1,1,54,1,53,0" doraHai="108" doraHaiUra="65" who="3" fromWho="0" sc="46,-42,209,0,521,0,204,62" />
</Scene>
<Scene>
<INIT seed="7,2,0,1,3,39" ten="4,209,521,266" oya="3" hai0="73,114,68,102,63,34,135,108,1,87,9,13,112" hai1="19,80,79,110,36,130,46,65,123,49,62,57,22" hai2="90,55,83,5,132,129,31,0,120,12,69,128,54" hai3="6,97,93,50,29,89,98,38,47,124,84,74,100"/><W59/><G38/><T117/><D117/><U26/><E130/><N who="2" m="50283" /><F69/><W7/><G74/><T88/><D88/><U119/><E123/><V67/><F67/><W20/><G124/><T43/><D43/><U41/><E119/><V113/><F113/><W101/><G59/><T32/><D32/><U44/><E110/><V37/><F37/><W2/><G2/><T91/><D91/><U10/><E10/><N who="2" m="2343" /><F120/><W107/><G20/><T23/><D23/><U52/><E80/><V125/><F125/><W118/><G29/><T25/><D25/><U109/><E109/><V85/><F132/><W81/><REACH who="3" step="1"/><G118/><REACH who="3" ten="4,209,521,256" step="2"/><T56/><D56/><U70/><REACH who="1" step="1"/><E79/><REACH who="1" ten="4,199,521,256" step="2"/><V53/><F31/><W40/><AGARI ba="2,2" hai="6,7,40,47,50,81,84,89,93,97,98,100,101,107" machi="40" ten="20,12000,1" yaku="1,1,2,1,0,1,7,1,52,1,53,0" doraHai="39" doraHaiUra="51" who="3" fromWho="3" sc="4,-42,199,-42,521,-42,256,146" owari="-38,-54.0,157,-24.0,479,58.0,402,20.0" />
</Scene>
</mjloggm>