<mjloggm ver="2.3"><GO type="169"/><UN n0="%E3%83%9A%E3%83%81%E3%83%A7%E3%83%BC%E3%83%AA%E3%83%B3" n1="%E5%A4%AA%E3%81%8F%E3%81%AA%E3%81%84%E3%81%8A" n2="%E6%9C%80%E9%80%9F%E3%82%AF%E3%83%B3%E2%99%AA" n3="%E5%B2%A1%E6%9D%91" dan="18,17,18,16" rate="2139,2138,2114,2083" sx="M,M,F,M"/><TAIKYOKU oya="0"/>

<Scene>
<INIT seed="0,0,0,1,4,110" ten="250,250,250,250" oya="0" hai0="114,35,77,19,99,124,116,42,123,106,7,125,78" hai1="90,6,72,132,61,0,3,83,134,8,2,84,68" hai2="101,85,76,94,117,122,50,28,115,49,16,92,40" hai3="73,89,37,25,59,5,43,105,102,11,58,10,15"/><T104/><D35/><U45/><E45/><N who="2" m="25767" /><F122/><W36/><G73/><T96/><D42/><U23/><E23/><V29/><F115/><W48/><G25/><T22/><D7/><U30/><E30/><N who="2" m="11883" /><F117/><W80/><G102/><T82/><D123/><U69/><E72/><V24/><F101/><W52/><G105/><N who="0" m="40555" /><D116/><U26/><E26/><V97/><F97/><N who="0" m="37450" /><D22/><U86/><E86/><V66/><F66/><W17/><G43/><T118/><D19/><U64/><REACH who="1" step="1"/><E69/><REACH who="1" ten="250,240,250,250" step="2"/><V39/><F85/><N who="3" m="50343" /><G37/><T56/><D118/><U81/><E81/><V108/><F39/><W71/><G36/><T27/><D27/><U74/><E74/><V34/><F24/><W13/><G71/><T62/><D82/><U53/><E53/><V121/><F121/><W47/><AGARI ba="0,1" hai="5,10,11,13,15,17,47,48,52,58,59" m="50343" machi="47" ten="30,4000,0" yaku="25,1,8,1,54,1" doraHai="110" who="3" fromWho="3" sc="250,-20,240,-10,250,-10,250,50" />
</Scene>
<Scene>
<INIT seed="1,0,0,0,5,59" ten="230,230,240,300" oya="1" hai0="11,131,76,30,88,53,51,119,19,15,5,66,132" hai1="68,47,87,1,91,26,37,48,110,129,57,10,56" hai2="114,54,125,36,31,55,52,79,28,9,61,12,43" hai3="18,29,20,62,105,118,108,130,109,73,120,69,63"/><U81/><E68/><V32/><F32/><W38/><G120/><T82/><D119/><U46/><E129/><V90/><F79/><W23/><G118/><T85/><D131/><U127/><E127/><V78/><F78/><W70/><G38/><T71/><D132/><U64/><E110/><N who="3" m="42602" /><G73/><T113/><D113/><U107/><E107/><V112/><F125/><W80/><G80/><T96/><D30/><U92/><E37/><V89/><F43/><W34/><G105/><T16/><D66/><U25/><E46/><V49/><F36/><W39/><G39/><T4/><D71/><N who="3" m="27145" /><G130/><T58/><D19/><U100/><E1/><V42/><F31/><W24/><G34/><T50/><D51/><U121/><E10/><V67/><F28/><W122/><G122/><T101/><D76/><U133/><E121/><V41/><F49/><W135/><G135/><T6/><D5/><U83/><E133/><V44/><F41/><W94/><G94/><AGARI ba="0,0" hai="4,6,11,15,16,50,53,58,82,85,88,94,96,101" machi="94" ten="30,7700,0" yaku="7,1,8,1,54,2" doraHai="59" who="0" fromWho="3" sc="230,77,230,0,240,0,300,-77" />
</Scene>
<Scene>
<INIT seed="2,0,0,2,1,81" ten="307,230,240,223" oya="2" hai0="101,36,6,73,18,125,47,107,48,111,79,29,134" hai1="21,114,45,3,12,16,89,115,132,4,65,19,62" hai2="117,80,119,24,131,54,51,130,70,100,92,10,31" hai3="44,98,49,56,23,32,17,72,135,108,66,78,46"/><V57/><F70/><W67/><G32/><T61/><D29/><U82/><E132/><V129/><F10/><W59/><G135/><T105/><D18/><U38/><E3/><V28/><F80/><W25/><G108/><T91/><D6/><U109/><E109/><V120/><F120/><W20/><G72/><T2/><D61/><U121/><E121/><V41/><F41/><W86/><G98/><N who="0" m="61623" /><D48/><U14/><E4/><V124/><F124/><W53/><G23/><T35/><D47/><N who="3" m="17961" /><G59/><T87/><D35/><U9/><E38/><V13/><F13/><W33/><G33/><T110/><D36/><U52/><E65/><V58/><F58/><W27/><G27/><T95/><D2/><U74/><E74/><V123/><F123/><W69/><G69/><T94/><D107/><U11/><E21/><N who="2" m="15375" /><F31/><W50/><G50/><T22/><D22/><U113/><E113/><V77/><F51/><W83/><AGARI ba="0,0" hai="17,20,25,49,53,56,66,67,78,83,86" m="17961" machi="83" ten="30,2000,0" yaku="8,1,52,1" doraHai="81" who="3" fromWho="3" sc="307,-5,230,-5,240,-10,223,20" />
</Scene>
<Scene>
<INIT seed="3,0,0,3,4,121" ten="302,225,230,243" oya="3" hai0="120,101,93,38,42,131,47,117,123,35,26,6,92" hai1="17,57,50,30,28,11,63,32,76,58,74,62,114" hai2="133,13,29,33,111,7,18,96,45,25,105,5,122" hai3="61,110,83,64,60,65,41,71,89,97,135,53,56"/><W108/><G135/><T81/><D117/><U113/><E50/><V21/><F45/><W72/><G41/><T73/><D131/><U112/><E74/><V127/><F105/><W82/><G53/><T107/><D6/><N who="2" m="2058" /><F96/><W15/><G15/><T48/><D93/><U4/><E76/><V70/><F70/><W94/><REACH who="3" step="1"/><G72/><REACH who="3" ten="302,225,230,233" step="2"/><T91/><D73/><U34/><E113/><V104/><F133/><W51/><G51/><T3/><D48/><U79/><E112/><V86/><F13/><W102/><G102/><T19/><D101/><U46/><E114/><V14/><F14/><W109/><AGARI ba="0,1" hai="56,60,61,64,65,71,82,83,89,94,97,108,109,110" machi="109" ten="30,18000,2" yaku="1,1,0,1,14,1,10,1,52,3,53,0" doraHai="121" doraHaiUra="16" who="3" fromWho="3" sc="302,-60,225,-60,230,-60,233,190" />
</Scene>
<Scene>
<INIT seed="3,1,0,1,1,50" ten="242,165,170,423" oya="3" hai0="49,0,123,45,21,96,129,95,112,88,110,86,65" hai1="103,113,89,5,85,67,99,59,126,109,51,74,61" hai2="9,4,111,83,115,117,66,72,121,43,1,127,27" hai3="122,41,87,37,54,94,48,46,128,23,18,53,91"/><W31/><G122/><T13/><D0/><U20/><E113/><V7/><F115/><W132/><G132/><T34/><D34/><U134/><E74/><V108/><F117/><W131/><G31/><T118/><D112/><U69/><E134/><V125/><F66/><W8/><G8/><T47/><D118/><U52/><E109/><N who="2" m="42059" /><F43/><W119/><G119/><T63/><D129/><N who="3" m="49737" /><G37/><T55/><D110/><U100/><E126/><N who="2" m="48139" /><F121/><W3/><G3/><T14/><D123/><U77/><E5/><N who="2" m="1199" /><F27/><AGARI ba="1,0" hai="18,23,27,41,46,48,53,54,87,91,94" m="49737" machi="27" ten="30,5800,0" yaku="19,1,52,2" doraHai="50" who="3" fromWho="2" sc="242,0,165,0,170,-61,423,61" />
</Scene>
<Scene>
<INIT seed="3,2,0,5,0,105" ten="242,165,109,484" oya="3" hai0="59,47,38,31,123,78,45,80,43,11,77,58,103" hai1="75,10,14,52,41,55,61,15,16,97,33,34,6" hai2="62,84,12,120,29,46,13,69,51,129,81,56,119" hai3="90,5,112,71,74,130,37,87,22,3,1,93,98"/><W39/><G112/><T42/><D123/><U88/><E75/><V48/><F119/><W57/><G71/><T100/><D31/><U94/><E41/><V49/><F69/><W102/><G130/><T19/><D11/><U30/><E30/><V60/><F129/><W0/><G5/><T135/><D19/><U111/><E111/><V131/><F131/><W118/><G118/><T117/><D117/><U65/><E34/><V24/><F120/><W32/><G32/><T7/><D7/><U110/><E33/><V20/><F46/><W91/><G74/><T109/><D109/><U23/><E110/><V101/><F101/><W26/><G57/><AGARI ba="2,0" hai="6,10,14,15,16,23,52,55,57,61,65,88,94,97" machi="57" ten="30,8000,1" yaku="7,1,8,1,54,3" doraHai="105" who="1" fromWho="3" sc="242,0,165,86,109,0,484,-86" />
</Scene>
<Scene>
<INIT seed="4,0,0,3,0,33" ten="242,251,109,398" oya="0" hai0="80,41,86,63,79,96,89,7,1,32,76,118,92" hai1="19,67,116,127,72,13,117,71,58,103,52,125,5" hai2="59,31,120,27,21,114,69,55,112,46,132,101,126" hai3="102,57,110,75,85,23,100,22,113,6,91,37,93"/><T40/><D118/><U44/><E72/><V20/><F120/><W26/><G75/><T68/><D32/><U109/><E109/><V87/><F69/><W107/><G110/><T128/><D128/><U47/><E103/><V56/><F132/><W17/><G37/><T82/><D68/><U24/><E24/><N who="2" m="16775" /><F126/><N who="1" m="48137" /><E5/><V123/><F123/><W108/><G6/><T42/><D63/><N who="1" m="40447" /><E19/><N who="2" m="12735" /><F101/><W135/><G107/><T29/><D29/><U97/><E13/><V115/><F87/><W0/><G108/><T16/><D16/><U65/><E97/><V45/><F56/><W94/><G102/><T51/><D51/><AGARI ba="0,0" hai="45,46,51,55,59,112,114,115" m="12735,16775" machi="51" ten="30,1000,0" yaku="15,1" doraHai="33" who="2" fromWho="0" sc="242,-10,251,0,109,10,398,0" />
</Scene>
<Scene>
<INIT seed="5,0,0,1,4,16" ten="232,251,119,398" oya="1" hai0="133,2,48,110,43,87,5,39,98,63,11,57,69" hai1="89,90,102,17,128,117,42,84,6,77,59,29,126" hai2="27,32,108,73,119,19,130,31,30,55,41,44,118" hai3="70,20,34,9,83,100,22,23,95,0,40,107,111"/><U52/><E117/><V51/><F108/><W125/><G111/><T35/><D35/><U124/><E128/><V96/><F73/><W86/><G107/><T7/><D7/><U79/><E102/><V66/><F130/><W94/><G34/><T15/><D110/><U101/><E101/><V33/><F66/><W109/><G70/><T104/><D2/><U74/><E74/><V129/><F129/><W112/><G109/><T46/><D87/><U116/><E42/><V80/><F80/><W12/><G0/><T18/><D133/><U58/><E6/><V88/><F19/><W115/><G40/><T91/><D5/><U68/><E68/><V8/><F8/><W71/><G71/><T105/><D91/><N who="1" m="34827" /><E29/><V121/><F41/><W56/><G100/><T47/><D98/><U45/><E116/><V134/><F121/><W132/><G132/><T76/><D76/><N who="1" m="29259" /><E84/><V127/><F134/><W50/><G86/><T114/><D69/><U92/><E92/><V122/><F122/><W135/><G135/><T14/><D39/><U53/><E45/><V103/><F119/><W60/><G95/><T97/><D104/><U62/><E17/><V1/><F118/><W26/><G94/><T67/><D18/><U37/><E37/><V99/><F1/><W54/><G83/><T82/><D82/><U13/><E13/><V4/><F32/><W65/><G12/><T3/><D15/><U49/><E126/><V61/><F127/><W24/><G125/><T21/><D3/><U113/><E124/><V38/><F33/><W120/><G120/><T123/><D43/><RYUUKYOKU ba="0,0" sc="232,-10,251,30,119,-10,398,-10" hai1="49,52,53,58,59,62,113" />
</Scene>
<Scene>
<INIT seed="5,1,0,4,1,106" ten="222,281,109,388" oya="1" hai0="87,131,24,86,116,113,4,109,26,74,80,65,111" hai1="27,112,25,104,88,56,35,13,60,127,119,66,11" hai2="5,39,51,63,92,46,10,128,124,68,31,18,99" hai3="6,19,77,22,126,47,69,76,57,41,43,29,110"/><U32/><E119/><V103/><F39/><W40/><G69/><T53/><D116/><U94/><E104/><V84/><F128/><W100/><G110/><T75/><D65/><U125/><E112/><V14/><F124/><N who="1" m="47689" /><E27/><N who="0" m="10281" /><D4/><N who="1" m="3303" /><E25/><V70/><F31/><W61/><G29/><T89/><D53/><U58/><E58/><V135/><F135/><W122/><G126/><T38/><D38/><U48/><E48/><V7/><F63/><W96/><G6/><T108/><D89/><U28/><E28/><V17/><F68/><W2/><G2/><T133/><D80/><U107/><E107/><V36/><F70/><W129/><G129/><T97/><D131/><U123/><E123/><V44/><F36/><W30/><G30/><T15/><D15/><U90/><E90/><V114/><F114/><W34/><G122/><T130/><D113/><U21/><E21/><V3/><F3/><W121/><G121/><T20/><D20/><U79/><E79/><N who="3" m="30282" /><G34/><T85/><D130/><U81/><E81/><V23/><F46/><W33/><G33/><T71/><D71/><U105/><E105/><V78/><F5/><W12/><G47/><T118/><D118/><U93/><E93/><V9/><F23/><W95/><G57/><T50/><D50/><U134/><E134/><V62/><F10/><W42/><N who="3" m="10240" /><DORA hai="45" /><W102/><G102/><T59/><D59/><U55/><E66/><V1/><F1/><W72/><G61/><T101/><D133/><U64/><E64/><V83/><REACH who="2" step="1"/><F62/><REACH who="2" ten="222,281,99,388" step="2"/><W0/><G0/><T8/><D8/><U49/><E60/><V16/><F16/><RYUUKYOKU ba="1,1" sc="222,0,281,0,99,0,388,0" hai0="74,75,85,86,87,97,101,108,109,111" hai1="32,35,49,55,56,88,94" hai2="7,9,14,17,18,44,51,78,83,84,92,99,103" hai3="12,19,22,72,95,96,100" />
</Scene>
<Scene>
<INIT seed="5,2,1,3,4,101" ten="222,281,99,388" oya="1" hai0="123,48,42,63,115,78,120,71,79,68,74,93,61" hai1="96,28,49,58,129,37,95,80,65,76,122,124,94" hai2="21,59,114,66,26,133,82,69,45,98,88,32,3" hai3="5,39,91,20,121,86,116,27,125,40,97,77,92"/><U50/><E37/><V118/><F118/><W2/><G121/><N who="0" m="46667" /><D115/><U35/><E122/><V119/><F119/><W87/><G116/><T128/><D128/><U18/><E129/><V102/><F3/><W105/><G125/><T100/><D100/><U14/><E124/><V99/><F69/><N who="0" m="26698" /><D93/><U30/><E65/><V75/><F32/><W11/><G77/><N who="0" m="29195" /><D74/><U34/><E34/><V7/><F75/><W106/><G87/><T62/><D48/><N who="1" m="18539" /><E35/><V111/><F114/><W112/><G86/><T134/><D134/><U46/><E46/><V4/><F45/><W67/><G112/><T52/><D52/><U107/><E76/><V55/><F133/><W23/><G67/><T22/><D22/><N who="1" m="11607" /><E80/><V103/><F66/><W85/><G85/><T104/><D104/><U53/><E107/><V8/><F82/><W44/><G23/><T108/><D42/><U56/><E95/><N who="2" m="56679" /><F99/><W36/><G36/><T127/><D127/><U9/><E9/><V47/><F47/><W41/><G41/><T73/><D73/><U10/><E10/><V1/><F8/><W19/><AGARI ba="2,1" hai="2,5,11,19,20,27,39,40,44,91,92,97,105,106" machi="19" ten="20,5200,0" yaku="0,1,7,1,52,2" doraHai="101" who="3" fromWho="3" sc="222,-15,281,-28,99,-15,388,68" />
</Scene>
<Scene>
<INIT seed="6,0,0,5,0,122" ten="207,253,84,456" oya="2" hai0="48,47,24,26,20,5,129,38,45,71,9,116,34" hai1="110,114,18,123,11,109,31,121,108,75,89,74,37" hai2="0,49,10,60,67,134,58,125,7,63,29,70,54" hai3="111,106,100,131,51,113,43,83,133,19,118,21,88"/><V22/><F134/><W33/><G33/><T91/><D71/><U12/><E37/><V55/><F125/><W126/><G126/><T23/><D129/><U4/><E114/><V41/><F41/><W13/><G133/><T30/><D116/><U104/><E104/><V17/><F29/><W3/><G3/><T135/><D135/><U40/><E40/><V95/><F95/><W115/><G131/><T14/><D38/><U66/><E31/><V107/><F107/><W56/><G100/><T64/><D64/><U65/><E89/><V124/><F124/><W52/><G43/><T2/><D2/><U120/><E4/><V28/><F28/><W102/><G102/><T27/><D34/><U62/><E66/><V98/><F98/><W77/><G118/><T15/><D91/><U35/><E35/><V96/><F96/><W90/><G106/><T130/><D130/><U32/><E32/><V97/><F97/><W85/><G111/><T119/><D119/><U1/><E1/><V93/><F93/><W78/><G78/><T69/><D69/><AGARI ba="0,0" hai="11,12,18,62,65,69,74,75,108,109,110,120,121,123" machi="69" ten="50,8000,1" yaku="13,1,52,3" doraHai="122" who="1" fromWho="0" sc="207,-80,253,80,84,0,456,0" />
</Scene>
<Scene>
<INIT seed="7,0,0,0,0,33" ten="127,333,84,456" oya="3" hai0="132,134,64,44,123,116,53,73,62,31,74,101,92" hai1="78,23,16,86,124,131,8,12,51,11,85,129,59" hai2="88,4,57,37,29,43,63,52,10,87,97,15,113" hai3="91,68,104,125,96,117,34,40,79,7,103,82,98"/><W0/><G68/><N who="0" m="42007" /><D116/><U19/><E124/><V17/><F113/><W67/><G34/><T107/><D107/><U56/><E78/><V95/><F29/><W115/><G98/><N who="0" m="59591" /><D31/><U46/><E131/><V102/><F37/><W75/><G67/><T127/><D123/><U27/><E129/><V18/><REACH who="2" step="1"/><F43/><REACH who="2" ten="127,333,74,456" step="2"/><W77/><G40/><T21/><D127/><U89/><E11/><V84/><F84/><W24/><G125/><T114/><D114/><U25/><E25/><V2/><F2/><W100/><G0/><T105/><D105/><AGARI ba="0,1" hai="4,10,15,17,18,52,57,63,87,88,95,97,102,105" machi="105" ten="30,7700,0" yaku="1,1,7,1,54,2,53,0" doraHai="33" doraHaiUra="28" who="2" fromWho="0" sc="127,-77,333,0,74,87,456,0" owari="50,-45.0,333,13.0,161,-24.0,456,56.0" />
</Scene>
</mjloggm>