<mjloggm ver="2.3"><GO type="169" lobby="0"/><UN n0="%E5%A4%AA%E3%81%8F%E3%81%AA%E3%81%84%E3%81%8A" n1="%E6%82%A0%E9%9B%85" n2="%4E%4F%42%55%53%48%49" n3="%41%6B%61%2D%75%72%61" dan="18,16,16,16" rate="2240.61,2057.29,2091.49,2094.27" sx="F,M,M,M"/><TAIKYOKU oya="0"/>

<Scene>
<INIT seed="0,0,0,5,4,60" ten="250,250,250,250" oya="0" hai0="29,87,74,116,117,5,38,83,69,72,44,68,39" hai1="88,9,111,90,123,75,89,119,7,129,6,84,71" hai2="52,27,70,37,16,103,36,92,118,23,11,49,21" hai3="105,58,93,4,55,132,45,131,101,120,135,22,78"/><T94/><D29/><U65/><E75/><V54/><F70/><W80/><G105/><T113/><D5/><U18/><E119/><V31/><F37/><W82/><G131/><T98/><D113/><U76/><E123/><V102/><F36/><W127/><G127/><T86/><D94/><U128/><E111/><V108/><F108/><W122/><G4/><T114/><D44/><U3/><E7/><V26/><F118/><W64/><G22/><T25/><D25/><U107/><E107/><V34/><F11/><W79/><G45/><T133/><D98/><U56/><E71/><V28/><F92/><W33/><G33/><T1/><D114/><U109/><E18/><V53/><REACH who="2" step="1"/><F49/><REACH who="2" ten="250,250,240,250" step="2"/><W104/><G93/><T91/><D39/><U110/><E109/><V8/><F8/><W124/><G120/><T99/><D38/><U85/><E110/><V17/><F17/><W47/><G122/><T67/><D68/><U97/><E128/><V115/><F115/><W96/><G124/><T106/><D69/><U20/><E129/><V10/><F10/><W48/><G82/><T15/><D83/><U51/><E51/><V40/><F40/><W62/><REACH who="3" step="1"/><G80/><REACH who="3" ten="250,250,240,240" step="2"/><T35/><D116/><U46/><E6/><V2/><F2/><W43/><G43/><T32/><D1/><U125/><E3/><V61/><F61/><W73/><G73/><T112/><D117/><U50/><E125/><V100/><F100/><W59/><G59/><T13/><D112/><U24/><E56/><V0/><F0/><W19/><G19/><T66/><D74/><U14/><E9/><RYUUKYOKU ba="0,2" sc="250,-15,250,-15,240,15,240,15" hai2="16,21,23,26,27,28,31,34,52,53,54,102,103" hai3="47,48,55,58,62,64,78,79,96,101,104,132,135" />
</Scene>
<Scene>
<INIT seed="1,1,2,2,3,45" ten="235,235,255,255" oya="1" hai0="64,41,46,18,58,36,106,90,66,9,86,80,30" hai1="67,118,1,23,132,112,126,133,35,10,15,72,28" hai2="34,62,76,114,130,29,59,81,77,115,122,4,20" hai3="102,60,79,0,134,117,97,104,39,57,5,68,7"/><U69/><E72/><V85/><F122/><W8/><G7/><T108/><D106/><U11/><E118/><V50/><F34/><W38/><G134/><N who="1" m="51818" /><E112/><N who="2" m="43051" /><F4/><W87/><G117/><T107/><D107/><U83/><E1/><V65/><F130/><W44/><G68/><T31/><D108/><U25/><E126/><V6/><F6/><W78/><G87/><T84/><D64/><U94/><E83/><V43/><F29/><W135/><G135/><T73/><D73/><U17/><E94/><V124/><F20/><W47/><G39/><T123/><D123/><U89/><E89/><N who="2" m="51375" /><F124/><W52/><REACH who="3" step="1"/><G44/><AGARI ba="1,2" hai="43,44,50,59,62,65,76,77" m="51375,43051" machi="44" ten="30,2000,0" yaku="11,1,52,1" doraHai="45" who="2" fromWho="3" sc="235,0,235,0,255,43,255,-23" />
</Scene>
<Scene>
<INIT seed="2,0,0,1,3,49" ten="235,235,298,232" oya="2" hai0="26,54,59,122,101,56,109,17,19,83,1,84,36" hai1="68,63,87,12,130,28,105,120,37,92,126,110,73" hai2="10,53,48,62,116,22,42,23,98,47,100,93,127" hai3="72,13,102,5,11,77,16,107,82,0,108,119,9"/><V80/><F116/><W2/><G108/><T89/><D122/><U44/><E105/><V32/><F32/><W86/><G119/><T66/><D1/><U76/><E110/><V96/><F127/><W128/><G128/><T134/><D109/><U39/><E126/><V106/><F10/><W43/><G43/><T125/><D36/><U14/><E28/><V38/><F62/><W88/><G2/><T18/><D125/><U29/><E29/><V24/><F80/><W27/><G27/><T4/><D4/><U52/><E130/><V67/><F67/><W65/><G65/><T70/><D134/><U97/><E73/><V85/><F85/><W111/><G111/><T114/><D114/><U135/><E68/><V45/><REACH who="2" step="1"/><F24/><REACH who="2" ten="235,235,288,232" step="2"/><W118/><G118/><T30/><D66/><U61/><E87/><V3/><F3/><W46/><G72/><T90/><D26/><U34/><E63/><V8/><F8/><W71/><G71/><T41/><D83/><U51/><E34/><V99/><F99/><W91/><G107/><T103/><D70/><U25/><E25/><V7/><F7/><W112/><G112/><T78/><D84/><U94/><E61/><V20/><F20/><W113/><G113/><T33/><D33/><U15/><E120/><V124/><F124/><W21/><G11/><T104/><D104/><U95/><E97/><V115/><F115/><W75/><G75/><T121/><D121/><U64/><E64/><V58/><F58/><W57/><G57/><T132/><D59/><U123/><E123/><V117/><F117/><W40/><G82/><RYUUKYOKU ba="0,1" sc="235,-10,235,-10,288,30,232,-10" hai2="22,23,38,42,45,47,48,53,93,96,98,100,106" />
</Scene>
<Scene>
<INIT seed="2,1,1,2,5,42" ten="225,225,318,222" oya="2" hai0="13,62,10,64,117,46,112,122,18,79,98,99,126" hai1="105,34,92,6,75,65,82,61,96,103,127,110,108" hai2="133,1,97,72,89,30,104,35,24,106,14,19,39" hai3="2,54,4,33,15,68,70,111,77,48,121,12,66"/><V31/><F72/><W76/><G121/><T38/><D122/><U107/><E34/><V85/><F1/><W78/><G33/><T114/><D126/><U55/><E6/><V37/><F133/><W7/><G111/><N who="1" m="42538" /><E55/><V45/><F31/><W128/><G128/><T88/><D79/><N who="1" m="44415" /><E127/><V58/><F58/><AGARI ba="1,1" hai="58,61,65,92,96,103,105,107" m="44415,42538" machi="58" ten="30,1000,0" yaku="14,1" doraHai="42" who="1" fromWho="2" sc="225,0,225,23,318,-13,222,0" />
</Scene>
<Scene>
<INIT seed="3,0,0,3,3,59" ten="225,248,305,222" oya="3" hai0="43,10,15,9,65,0,29,101,98,133,115,86,6" hai1="32,45,100,88,92,37,48,87,129,60,94,44,96" hai2="128,72,75,78,58,28,71,131,16,111,116,31,106" hai3="114,41,83,24,54,82,33,66,7,8,109,67,39"/><W108/><G114/><T127/><D115/><U125/><E125/><V117/><F71/><W102/><G102/><T18/><D127/><U62/><E129/><V91/><F106/><W135/><G135/><T110/><D133/><U61/><E32/><V122/><F91/><W17/><G41/><T123/><D123/><U124/><E124/><V20/><F122/><W53/><G39/><T19/><D110/><N who="3" m="42601" /><G66/><T1/><D43/><U63/><E37/><V99/><F111/><W46/><G67/><T2/><D65/><U64/><REACH who="1" step="1"/><E48/><REACH who="1" ten="225,238,305,222" step="2"/><V26/><F131/><W14/><G46/><T76/><D1/><U4/><E4/><V89/><F128/><W25/><G33/><T40/><D2/><U55/><E55/><N who="3" m="21002" /><G7/><T105/><D40/><U80/><E80/><AGARI ba="0,1" hai="8,14,17,24,25,80,82,83" m="21002,42601" machi="80" ten="30,2900,0" yaku="14,1,10,1" doraHai="59" who="3" fromWho="1" sc="225,0,238,-29,305,0,222,39" />
</Scene>
<Scene>
<INIT seed="3,1,0,5,1,58" ten="225,209,305,261" oya="3" hai0="91,75,7,104,73,35,95,76,66,101,109,38,116" hai1="39,41,112,60,1,15,45,127,99,77,119,106,115" hai2="55,113,100,87,9,134,36,0,89,133,32,18,83" hai3="53,108,84,81,8,135,94,2,132,46,125,10,47"/><W49/><G125/><T98/><D38/><U122/><E1/><V12/><F32/><W59/><G94/><T65/><D35/><U34/><E34/><V50/><F36/><W64/><G108/><T85/><D116/><U110/><E127/><V86/><F113/><W6/><G10/><T68/><D109/><U92/><E110/><V97/><F0/><W120/><G120/><T111/><D111/><U21/><E106/><V16/><F18/><W17/><G17/><T72/><D7/><U117/><E77/><V23/><F87/><W28/><G28/><T67/><REACH who="0" step="1"/><D68/><REACH who="0" ten="215,209,305,261" step="2"/><U43/><E122/><V56/><REACH who="2" step="1"/><F23/><REACH who="2" ten="215,209,295,261" step="2"/><W107/><G135/><T30/><D30/><U24/><E112/><V114/><F114/><W37/><G132/><T57/><D57/><U102/><E115/><V82/><F82/><AGARI ba="1,2" hai="65,66,67,72,73,75,76,82,85,91,95,98,101,104" machi="82" ten="40,5200,0" yaku="1,1,24,2,53,0" doraHai="58" doraHaiUra="20" who="0" fromWho="2" sc="215,75,209,0,295,-55,261,0" />
</Scene>
<Scene>
<INIT seed="4,0,0,3,4,85" ten="290,209,240,261" oya="0" hai0="116,22,56,114,4,33,40,29,3,41,58,73,39" hai1="99,15,24,107,53,124,47,54,92,66,74,44,16" hai2="37,100,128,32,86,125,127,83,117,64,49,131,90" hai3="21,132,42,5,7,26,35,20,52,25,36,103,112"/><T68/><D68/><U89/><E74/><V88/><F32/><W130/><G103/><T101/><D116/><U70/><E124/><N who="2" m="47691" /><F37/><W59/><G42/><T76/><D33/><U1/><E1/><V79/><F64/><W50/><G36/><T110/><D101/><U120/><E120/><V10/><F117/><W69/><G69/><T122/><D122/><U126/><E126/><V51/><F100/><W111/><G111/><T31/><D110/><U129/><E107/><V11/><F49/><W14/><G112/><T28/><D22/><U77/><E77/><V2/><F51/><W72/><G72/><T118/><D118/><U27/><E66/><V96/><F96/><W81/><G35/><T60/><D114/><U82/><E82/><V55/><F55/><N who="1" m="21001" /><E70/><V8/><F2/><W12/><G81/><N who="0" m="45199" /><D60/><U102/><E102/><V13/><F13/><W38/><G14/><T84/><D41/><U67/><E67/><V75/><F75/><W17/><G12/><T19/><D40/><U78/><E78/><V97/><F97/><W94/><G38/><T0/><D39/><U91/><E44/><V45/><F45/><W46/><G46/><T48/><D3/><U123/><E47/><V113/><F113/><W71/><G71/><T134/><D48/><U133/><E123/><V9/><N who="2" m="2048" /><DORA hai="65" /><V105/><F105/><W98/><G50/><T108/><D0/><U109/><E109/><V80/><F80/><W61/><G98/><T62/><D108/><U63/><E99/><V135/><F135/><W115/><G115/><T106/><D106/><U104/><E133/><RYUUKYOKU ba="0,0" sc="290,-10,209,-10,240,30,261,-10" hai2="79,83,86,88,90,128,131" />
</Scene>
<Scene>
<INIT seed="5,1,0,5,4,93" ten="280,199,270,251" oya="1" hai0="14,8,13,69,45,120,114,27,99,97,110,107,32" hai1="9,44,135,89,39,62,71,55,17,132,109,78,38" hai2="90,48,125,121,31,7,58,24,35,91,83,2,16" hai3="20,123,104,134,98,5,47,66,4,111,46,3,127"/><U56/><E78/><V133/><F121/><W26/><G123/><T67/><D110/><U129/><E109/><V53/><F125/><W50/><G127/><T0/><D120/><U52/><E71/><V74/><F133/><N who="1" m="51273" /><E89/><V112/><F112/><W23/><G134/><T119/><D119/><U128/><E9/><V77/><F7/><W131/><G66/><T41/><D114/><U76/><E76/><V36/><F36/><N who="1" m="13865" /><E17/><V28/><F2/><W79/><G3/><T59/><D69/><U65/><E44/><V113/><F113/><W118/><G79/><T88/><D88/><U116/><E116/><V108/><F108/><W80/><G47/><T96/><D8/><U25/><E25/><V92/><F31/><W95/><G4/><T19/><D0/><U72/><E72/><V130/><F91/><W102/><G5/><T82/><D19/><U40/><E40/><V22/><F130/><AGARI ba="1,0" hai="52,55,56,62,65,128,129,130" m="13865,51273" machi="130" ten="40,12000,1" yaku="19,1,20,1,34,2,54,1" doraHai="93" who="1" fromWho="2" sc="280,0,199,123,270,-123,251,0" />
</Scene>
<Scene>
<INIT seed="5,2,0,5,4,78" ten="280,322,147,251" oya="1" hai0="108,3,52,116,113,127,46,133,37,15,93,74,130" hai1="92,68,83,125,19,55,38,60,10,104,36,47,35" hai2="27,77,128,26,126,29,123,73,76,32,40,56,110" hai3="61,134,132,124,54,2,91,99,11,84,131,45,34"/><U48/><E104/><V62/><F123/><W14/><G2/><T65/><RYUUKYOKU type="yao9" ba="2,0" sc="280,0,322,0,147,0,251,0" hai0="3,15,37,46,52,65,74,93,108,113,116,127,130,133" />
</Scene>
<Scene>
<INIT seed="5,3,0,4,0,123" ten="280,322,147,251" oya="1" hai0="118,2,95,9,19,133,67,17,78,23,89,125,71" hai1="15,103,113,76,96,20,132,12,21,26,54,50,24" hai2="5,6,40,104,42,80,63,90,92,16,121,49,100" hai3="84,82,85,14,77,3,107,61,73,25,39,98,86"/><U134/><E76/><V120/><F104/><W72/><G3/><T43/><D118/><U81/><E81/><V119/><F119/><W8/><G39/><T94/><D78/><U79/><E79/><V135/><F135/><N who="1" m="51753" /><E113/><V64/><F100/><W111/><G72/><T4/><D133/><U10/><E12/><V115/><F80/><W46/><G46/><T56/><D71/><U93/><E24/><V58/><F115/><W37/><G37/><T44/><D125/><U45/><E26/><V60/><F121/><W131/><G61/><T30/><D30/><U28/><E28/><V1/><F120/><W126/><G126/><T7/><D7/><AGARI ba="3,0" hai="7,10,15,20,21,45,50,54,93,96,103" m="51753" machi="7" ten="30,1500,0" yaku="20,1" doraHai="123" who="1" fromWho="0" sc="280,-24,322,24,147,0,251,0" />
</Scene>
<Scene>
<INIT seed="5,4,0,4,2,82" ten="256,346,147,251" oya="1" hai0="89,63,54,91,86,106,9,30,79,65,134,24,128" hai1="70,84,102,22,28,32,41,131,132,122,107,119,108" hai2="69,40,25,35,96,117,51,58,123,97,112,36,94" hai3="31,53,34,72,126,7,57,1,114,11,115,21,67"/><U125/><RYUUKYOKU type="yao9" ba="4,0" sc="256,0,346,0,147,0,251,0" hai1="22,28,32,41,70,84,102,107,108,119,122,125,131,132" />
</Scene>
<Scene>
<INIT seed="5,5,0,2,5,112" ten="256,346,147,251" oya="1" hai0="119,45,2,58,113,52,135,87,24,49,32,132,0" hai1="122,37,133,22,134,34,127,17,59,21,25,73,79" hai2="30,35,18,62,85,41,9,64,61,108,12,56,11" hai3="92,13,65,88,70,51,120,123,102,89,14,67,118"/><U131/><E37/><V95/><F108/><W114/><G114/><T7/><D113/><U116/><E73/><V3/><F41/><W10/><G102/><T6/><D87/><U27/><E79/><V94/><F35/><W53/><G70/><T82/><D82/><U110/><E59/><V50/><F30/><W76/><G76/><T15/><D15/><U55/><E55/><V72/><F3/><N who="0" m="1066" /><D45/><U77/><E77/><V5/><F72/><W20/><G20/><T115/><D115/><U128/><E34/><V39/><F39/><W60/><G60/><T86/><D86/><U106/><E106/><V71/><F50/><W31/><G31/><N who="0" m="19559" /><D119/><U33/><E33/><V28/><F28/><W4/><G118/><T124/><D124/><U16/><E116/><V36/><F36/><W97/><G89/><T91/><D91/><U111/><E127/><V66/><F85/><W78/><G78/><T23/><D23/><U74/><E74/><V80/><F80/><W101/><G14/><T57/><D57/><U75/><E75/><V44/><F44/><W84/><G65/><T54/><D54/><U29/><E29/><V100/><F5/><W63/><G63/><T125/><D125/><U126/><E126/><V104/><REACH who="2" step="1"/><F11/><REACH who="2" ten="256,346,137,251" step="2"/><W1/><G1/><T19/><D7/><U105/><E110/><V90/><F90/><W98/><G67/><T48/><D6/><U42/><E42/><V83/><F83/><W130/><G84/><T47/><D47/><U40/><E40/><V68/><F68/><W129/><G88/><T121/><D49/><U43/><E111/><RYUUKYOKU ba="5,1" sc="256,-10,346,-10,137,30,251,-10" hai2="9,12,18,56,61,62,64,66,71,94,95,100,104" />
</Scene>
<Scene>
<INIT seed="6,6,1,0,4,103" ten="246,336,167,241" oya="2" hai0="41,96,118,114,0,4,65,85,82,126,10,120,91" hai1="87,3,125,48,9,89,86,129,42,115,43,39,40" hai2="14,109,79,27,12,133,101,19,44,112,15,16,24" hai3="99,29,28,108,59,88,110,55,25,117,93,80,35"/><V63/><F109/><W62/><G117/><T106/><D120/><U98/><E39/><V76/><F101/><W61/><G29/><T22/><D118/><U53/><E125/><V1/><F1/><W69/><REACH who="3" step="1"/><G80/><REACH who="3" ten="246,336,167,231" step="2"/><T50/><D82/><U37/><E37/><V56/><F133/><W7/><G7/><T20/><D4/><U135/><E135/><V38/><F112/><W52/><G52/><T46/><D114/><U105/><E115/><V36/><F12/><W21/><G21/><T54/><D22/><U128/><E53/><V71/><F56/><W100/><G100/><T73/><D20/><U122/><E122/><V123/><F123/><W121/><G121/><T90/><D54/><U11/><E3/><V94/><F63/><W113/><G113/><T116/><D116/><U92/><E128/><V49/><F44/><W111/><G111/><T124/><D0/><U131/><E131/><V70/><REACH who="2" step="1"/><F94/><REACH who="2" ten="246,336,157,231" step="2"/><W45/><G45/><T72/><D46/><U84/><E129/><V119/><F119/><W67/><AGARI ba="6,3" hai="25,28,35,55,59,61,62,67,69,88,93,99,108,110" machi="67" ten="30,4000,0" yaku="1,1,0,1,54,1,53,0" doraHai="103" doraHaiUra="8" who="3" fromWho="3" sc="246,-16,336,-16,157,-26,231,88" />
</Scene>
<Scene>
<INIT seed="7,0,0,5,0,69" ten="230,320,131,319" oya="3" hai0="115,43,34,102,10,91,67,6,7,109,98,52,88" hai1="56,128,107,123,71,94,27,22,55,93,20,50,68" hai2="100,135,47,82,49,126,30,112,114,19,3,12,129" hai3="1,26,104,73,83,99,84,64,125,51,60,106,105"/><W15/><G1/><T62/><D109/><U133/><E107/><V36/><F3/><W132/><G73/><T39/><D34/><U54/><E123/><V32/><F100/><W120/><G120/><T111/><D111/><U131/><E20/><V116/><F116/><W124/><G51/><T53/><D115/><U96/><E93/><V46/><F32/><W122/><G122/><T14/><D6/><U8/><E8/><V16/><F30/><W61/><G99/><T9/><D9/><U80/><E80/><V2/><F2/><W134/><G15/><T18/><D18/><N who="2" m="6698" /><F12/><W58/><G61/><T48/><D62/><N who="1" m="36119" /><E22/><V77/><F49/><W65/><G65/><T92/><D67/><U86/><E27/><V127/><F47/><W97/><G97/><T24/><D24/><U35/><E35/><V78/><F135/><N who="3" m="51755" /><G26/><T37/><D53/><U5/><E133/><V72/><F129/><N who="1" m="49737" /><E5/><V25/><F25/><W11/><G11/><T45/><REACH who="0" step="1"/><D39/><REACH who="0" ten="220,320,131,319" step="2"/><U76/><E55/><V81/><F81/><W41/><G41/><T130/><D130/><U38/><E38/><V59/><F59/><AGARI ba="0,1" hai="7,10,14,37,43,45,48,52,59,88,91,92,98,102" machi="59" ten="30,12000,2" yaku="1,1,7,1,52,1,54,2,53,1" doraHai="69" doraHaiUra="40" who="0" fromWho="2" sc="220,130,320,0,131,-120,319,0" owari="350,45.0,320,12.0,11,-49.0,319,-8.0" />
</Scene>
</mjloggm>