<mjloggm ver="2.3"><GO type="169"/><UN n0="%E5%A4%AA%E3%81%8F%E3%81%AA%E3%81%84%E3%81%8A" n1="%E3%81%93%E3%81%98%E3%82%8D" n2="%E3%83%96%E3%83%BC%E3%83%BC%E3%83%BC%E3%83%B3" n3="%4C%61%73%6B%26%59%75" dan="18,17,16,16" rate="2179,2108,2070,2142" sx="M,M,M,M"/><TAIKYOKU oya="0"/>

<Scene>
<INIT seed="0,0,0,5,4,90" ten="250,250,250,250" oya="0" hai0="133,4,6,22,53,47,82,32,3,81,132,24,0" hai1="41,87,121,59,80,91,5,117,112,9,71,88,103" hai2="2,8,31,11,69,107,13,46,29,95,62,114,28" hai3="42,89,135,52,75,35,38,51,33,96,104,36,109"/><T58/><D32/><U34/><E71/><V102/><F114/><W84/><G75/><T17/><D47/><U1/><E34/><V67/><F107/><W116/><G116/><T14/><D82/><U37/><E117/><V61/><F2/><N who="0" m="554" /><D81/><U113/><E121/><V26/><F26/><W43/><G33/><T108/><D108/><U100/><E112/><V79/><F79/><W129/><G35/><T30/><D53/><U68/><E68/><V125/><F125/><W56/><G109/><T94/><D58/><U57/><E113/><V115/><F115/><W21/><G38/><T92/><D30/><U66/><E91/><V70/><F46/><W111/><G111/><T76/><D76/><U97/><E37/><V126/><F126/><W39/><G39/><T118/><D118/><U19/><E41/><V27/><F27/><W54/><G43/><T122/><D122/><U99/><E19/><V128/><F102/><N who="3" m="62535" /><G42/><T40/><D40/><U78/><E78/><V49/><F49/><W25/><G54/><T50/><D50/><U106/><REACH who="1" step="1"/><E66/><REACH who="1" ten="250,240,250,250" step="2"/><V123/><F67/><W105/><G36/><T16/><D17/><U65/><E65/><V10/><F123/><W130/><G89/><T44/><D6/><U48/><E48/><V93/><F70/><W83/><G51/><T64/><D64/><U63/><E63/><V23/><F69/><W77/><G77/><T98/><D4/><U12/><E12/><V55/><F13/><W85/><G56/><T120/><D120/><U110/><E110/><V73/><F61/><W127/><G127/><T131/><D14/><RYUUKYOKU ba="0,1" sc="250,-10,240,30,250,-10,250,-10" hai1="1,5,9,57,59,80,87,88,97,99,100,103,106" />
</Scene>
<Scene>
<INIT seed="1,1,1,1,5,23" ten="240,270,240,240" oya="1" hai0="35,26,76,8,3,43,120,27,38,93,97,51,42" hai1="70,33,133,126,84,15,101,114,95,59,122,58,7" hai2="63,86,115,116,78,96,41,100,62,50,13,98,44" hai3="130,65,36,39,94,25,91,1,83,64,74,103,5"/><U135/><E33/><V88/><F116/><W68/><G36/><T20/><D120/><U105/><E70/><V60/><F115/><W30/><G130/><T34/><D76/><U128/><E114/><V87/><F100/><W18/><G18/><T99/><D38/><U28/><E122/><V2/><F2/><W49/><G39/><T16/><D97/><U118/><E118/><V121/><F121/><W125/><G103/><T4/><D51/><U72/><E72/><V79/><F13/><W92/><G92/><T71/><D71/><U109/><E28/><V132/><F132/><W69/><G69/><T102/><REACH who="0" step="1"/><D35/><REACH who="0" ten="230,270,240,240" step="2"/><U57/><E133/><V81/><REACH who="2" step="1"/><F79/><REACH who="2" ten="230,270,230,240" step="2"/><W52/><G68/><T54/><D54/><U21/><E135/><V31/><F31/><AGARI ba="1,3" hai="3,4,8,16,20,26,27,31,34,42,43,93,99,102" machi="31" ten="40,8000,1" yaku="1,1,52,2,54,1,53,0" doraHai="23" doraHaiUra="9" who="0" fromWho="2" sc="230,113,270,0,230,-83,240,0" />
</Scene>
<Scene>
<INIT seed="2,0,0,0,1,27" ten="343,270,147,240" oya="2" hai0="63,72,25,52,46,8,80,10,83,135,57,23,44" hai1="45,71,58,1,61,97,109,87,99,114,102,35,125" hai2="119,118,28,15,0,112,2,89,105,81,17,51,85" hai3="68,7,18,66,70,92,96,131,79,90,127,47,116"/><V33/><F112/><W129/><G116/><T91/><D135/><U115/><E1/><V111/><F105/><W101/><G79/><T103/><D103/><U48/><E71/><V128/><F128/><N who="3" m="49227" /><G7/><T98/><D72/><U16/><E35/><V41/><F111/><W12/><G127/><T40/><D83/><U132/><E109/><V29/><F2/><W100/><G47/><N who="0" m="17963" /><D40/><U50/><E125/><V78/><F0/><W122/><G122/><T20/><D20/><U126/><E132/><V120/><F120/><W49/><G49/><T38/><D38/><U113/><E126/><V3/><F3/><W55/><G55/><T60/><D60/><U34/><E34/><V21/><F41/><W133/><G133/><T19/><D80/><U121/><E121/><V94/><F51/><W117/><G117/><T73/><D73/><U62/><E50/><V13/><F33/><W54/><G54/><T22/><D22/><U88/><E58/><V36/><F36/><W108/><G108/><T124/><D124/><U106/><E99/><N who="2" m="57807" /><F119/><W6/><G6/><T37/><D37/><U56/><E56/><V123/><F123/><W107/><G66/><T75/><D75/><U69/><E69/><N who="3" m="26730" /><G107/><T110/><D110/><U43/><REACH who="1" step="1"/><E16/><REACH who="1" ten="343,260,147,240" step="2"/><N who="2" m="10383" /><F118/><W5/><G5/><T9/><D9/><AGARI ba="0,1" hai="9,15,17,28,29,78,81,85" m="10383,57807" machi="9" ten="30,11600,0" yaku="8,1,52,2,54,1" doraHai="27" who="2" fromWho="0" sc="343,-116,260,0,147,126,240,0" /><AGARI ba="0,0" hai="9,12,18,90,92,96,100,101" m="26730,49227" machi="9" ten="30,1000,0" yaku="19,1" doraHai="27" who="3" fromWho="0" sc="227,-10,260,0,273,0,240,10" />
</Scene>
<Scene>
<INIT seed="2,1,0,4,3,132" ten="217,260,273,250" oya="2" hai0="95,83,48,82,57,69,75,98,37,19,38,45,49" hai1="133,10,52,90,67,81,66,35,79,16,111,60,4" hai2="18,130,40,87,1,8,30,100,56,11,64,135,29" hai3="93,41,120,108,123,131,126,24,102,6,88,115,44"/><V91/><F130/><W28/><G102/><T121/><D69/><U125/><E35/><V65/><F135/><W77/><G77/><T25/><D121/><U97/><E133/><V0/><F100/><W96/><G108/><T86/><D75/><U134/><E111/><V84/><F40/><W105/><G105/><T7/><D7/><U128/><E134/><V114/><F18/><W124/><G131/><T31/><D19/><U116/><E116/><V26/><F56/><W70/><G6/><T58/><D38/><U109/><E128/><V32/><F114/><W47/><G70/><T21/><D37/><U61/><E109/><V99/><F99/><W9/><G9/><T113/><D113/><U36/><E36/><V80/><F26/><W50/><G47/><T39/><D39/><U119/><E119/><V23/><F23/><W110/><G110/><T27/><D27/><U112/><E112/><V89/><REACH who="2" step="1"/><F80/><REACH who="2" ten="217,260,263,250" step="2"/><W74/><G115/><T42/><D82/><U22/><E81/><V13/><F13/><W73/><G123/><T76/><REACH who="0" step="1"/><D49/><REACH who="0" ten="207,260,263,250" step="2"/><U94/><E16/><V72/><F72/><W34/><G120/><T14/><D14/><U104/><E4/><V68/><F68/><W118/><G118/><T15/><D15/><U20/><E10/><V63/><F63/><W101/><G74/><T59/><D59/><U2/><E61/><V107/><F107/><N who="3" m="63911" /><G73/><T117/><D117/><U92/><E60/><V17/><F17/><W43/><G43/><T12/><D12/><U54/><E104/><V78/><F78/><W55/><G41/><T103/><AGARI ba="1,2" hai="21,25,31,42,45,48,57,58,76,83,86,95,98,103" machi="103" ten="20,8000,1" yaku="1,1,5,1,0,1,7,1,8,1,53,0" doraHai="132" doraHaiUra="33" who="0" fromWho="0" sc="207,103,260,-21,263,-41,250,-21" />
</Scene>
<Scene>
<INIT seed="3,0,0,4,3,108" ten="310,239,222,229" oya="3" hai0="106,27,36,120,100,131,85,60,50,84,118,57,65" hai1="39,63,94,37,38,113,126,51,121,42,66,13,23" hai2="72,59,9,123,3,91,21,112,47,14,15,79,124" hai3="70,101,5,20,73,4,80,98,64,22,102,18,78"/><W86/><G101/><T41/><D120/><U111/><E121/><V52/><F123/><W110/><G110/><T17/><D118/><U69/><E94/><V16/><F124/><W25/><G73/><T88/><D131/><U2/><E2/><V83/><F112/><W6/><G22/><N who="0" m="13775" /><D36/><U7/><E111/><V125/><F125/><W103/><REACH who="3" step="1"/><G98/><REACH who="3" ten="310,239,222,219" step="2"/><T30/><D100/><U53/><E126/><V55/><F21/><W33/><G33/><T104/><D104/><U134/><E23/><V67/><F72/><W19/><G19/><T62/><D106/><U48/><E7/><V76/><F16/><W43/><G43/><T77/><D41/><U29/><E29/><V12/><F9/><W11/><G11/><T107/><D107/><U129/><E129/><V58/><F79/><W1/><G1/><T28/><D77/><U44/><E13/><V8/><F76/><W90/><G90/><T133/><D88/><U71/><E134/><V95/><F8/><W127/><G127/><T49/><D133/><U114/><REACH who="1" step="1"/><E69/><REACH who="1" ten="310,229,222,219" step="2"/><V40/><F3/><W135/><G135/><T96/><D30/><U26/><E26/><V119/><F14/><W10/><G10/><T97/><D28/><U45/><AGARI ba="0,2" hai="37,38,39,42,44,45,48,51,53,63,66,71,113,114" machi="45" ten="40,12000,2" yaku="1,1,0,1,34,3,52,2,53,0" doraHai="108" doraHaiUra="32" who="1" fromWho="1" sc="310,-30,229,140,222,-30,219,-60" />
</Scene>
<Scene>
<INIT seed="4,0,0,1,2,6" ten="280,369,192,159" oya="0" hai0="51,101,37,76,98,108,85,123,25,61,54,95,24" hai1="10,96,42,1,88,133,41,104,7,91,26,33,119" hai2="17,27,78,32,79,128,58,64,129,135,120,49,67" hai3="90,21,99,121,77,112,71,59,89,56,103,2,92"/><T36/><D123/><U39/><E133/><V72/><F120/><W124/><G121/><T107/><D108/><U81/><E119/><V73/><F135/><W63/><G112/><T93/><D61/><U4/><E4/><V84/><F49/><W74/><G124/><T65/><D65/><N who="2" m="25162" /><F58/><W118/><G71/><T3/><D3/><U12/><E1/><V109/><F109/><W19/><G2/><T55/><D107/><U22/><E33/><V60/><F60/><W57/><G118/><T69/><D69/><U132/><E132/><V117/><F117/><W28/><G28/><T100/><D76/><N who="2" m="29226" /><F84/><W15/><G74/><N who="2" m="28777" /><F17/><W5/><G5/><T38/><D85/><N who="1" m="50223" /><E104/><V131/><F27/><W116/><G116/><T31/><D51/><U66/><E39/><V122/><F122/><W115/><G77/><T40/><D40/><U94/><E66/><V43/><F43/><W105/><G115/><T82/><D82/><U50/><E50/><V125/><F32/><W16/><G105/><T46/><D46/><U130/><E42/><V97/><F125/><W8/><G63/><T11/><D37/><U9/><E41/><V13/><F13/><AGARI ba="0,0" hai="8,13,15,16,19,21,56,57,59,89,90,92,99,103" machi="13" ten="40,5200,0" yaku="8,1,52,1,54,1" doraHai="6" who="3" fromWho="2" sc="280,0,369,0,192,-52,159,52" />
</Scene>
<Scene>
<INIT seed="5,0,0,3,1,43" ten="280,369,140,211" oya="1" hai0="10,66,24,133,83,14,88,63,40,124,70,65,101" hai1="93,22,33,117,92,38,54,45,49,62,19,98,36" hai2="132,125,58,114,59,126,128,94,17,27,109,76,8" hai3="107,15,130,89,99,111,5,81,105,122,80,118,121"/><U18/><E33/><V50/><F109/><W90/><G5/><T97/><D133/><U64/><E117/><V57/><F132/><W4/><G4/><T91/><D124/><N who="2" m="47722" /><F128/><W72/><G15/><T77/><D66/><U112/><E112/><V12/><F114/><W120/><G111/><T85/><D40/><U60/><E60/><V25/><F76/><W39/><G39/><T110/><D24/><N who="2" m="9290" /><F94/><W79/><G130/><T67/><D67/><U113/><E113/><V78/><F78/><W0/><G0/><T84/><D84/><U135/><E135/><V74/><F74/><W68/><G68/><T55/><D55/><AGARI ba="0,0" hai="8,12,17,50,55,57,58,59" m="9290,47722" machi="55" ten="30,1000,0" yaku="18,1" doraHai="43" who="2" fromWho="0" sc="280,-10,369,0,140,10,211,0" />
</Scene>
<Scene>
<INIT seed="6,0,0,5,4,15" ten="270,369,150,211" oya="2" hai0="52,119,12,99,88,111,129,27,26,11,53,82,124" hai1="61,21,112,23,1,103,4,118,24,25,89,68,7" hai2="47,60,36,69,20,51,115,39,35,13,75,116,18" hai3="86,85,84,71,87,67,73,65,102,101,59,46,81"/><V117/><F75/><W38/><G71/><T64/><D111/><U57/><E68/><V72/><F72/><W40/><G73/><T8/><D124/><U80/><E118/><V135/><F35/><W3/><G3/><T78/><D119/><U42/><E1/><V76/><F76/><W91/><REACH who="3" step="1"/><G59/><REACH who="3" ten="270,369,150,201" step="2"/><T93/><D129/><U126/><E57/><V16/><F135/><W29/><G29/><T83/><D64/><AGARI ba="0,1" hai="38,40,46,64,65,67,81,84,85,86,87,91,101,102" machi="64" ten="40,5200,0" yaku="1,1,53,2" doraHai="15" doraHaiUra="96" who="3" fromWho="0" sc="270,-52,369,0,150,0,201,62" />
</Scene>
<Scene>
<INIT seed="7,0,0,4,3,4" ten="218,369,150,263" oya="3" hai0="15,38,93,20,12,85,73,91,29,11,123,112,96" hai1="98,62,0,24,103,134,87,92,54,14,33,32,45" hai2="21,104,47,22,113,70,110,49,68,2,36,131,13" hai3="25,31,111,129,55,58,8,27,41,78,95,94,83"/><W19/><G41/><T97/><D123/><U61/><E0/><V35/><F2/><W107/><G107/><T117/><D117/><U17/><E134/><V69/><F35/><W77/><G129/><T125/><D73/><U100/><E33/><V57/><F110/><W102/><G102/><T82/><D38/><U65/><E32/><V23/><F104/><W6/><G19/><N who="0" m="10367" /><D125/><U43/><E24/><V52/><F131/><W132/><G27/><T75/><D75/><U34/><E34/><V84/><F113/><W48/><G132/><T133/><D133/><U105/><E54/><V101/><F101/><W44/><G44/><T121/><D121/><U128/><E128/><V130/><F130/><W71/><G71/><T5/><D112/><U66/><E105/><V126/><F126/><W89/><G83/><T79/><D97/><U76/><E103/><V88/><F36/><W106/><G106/><T109/><D109/><U118/><E118/><V56/><REACH who="2" step="1"/><F13/><REACH who="2" ten="218,369,140,263" step="2"/><W63/><G111/><T127/><D127/><U99/><E100/><V122/><F122/><W7/><G25/><T60/><D60/><U108/><E108/><V86/><F86/><W116/><G63/><T119/><D119/><U30/><E61/><V53/><F53/><W64/><G55/><T115/><D115/><U37/><E62/><V135/><F135/><W67/><G116/><T1/><D1/><U46/><E37/><V3/><F3/><W42/><G64/><T124/><D124/><U90/><E66/><V39/><F39/><W72/><G67/><T10/><D12/><U51/><E65/><RYUUKYOKU ba="0,1" sc="218,-10,369,-10,140,30,263,-10" hai2="21,22,23,47,49,52,56,57,68,69,70,84,88" owari="208,-19.0,369,47.0,170,-33.0,253,5.0" />
</Scene>
</mjloggm>