<mjloggm ver="2.3"><GO type="169"/><UN n0="%E5%A4%AA%E3%81%8F%E3%81%AA%E3%81%84%E3%81%8A" n1="%E3%83%96%E3%83%83%E3%83%91%E7%A5%9E" n2="%E3%82%A4%E3%82%BA%E3%83%9F%E3%83%B3" n3="%E3%82%B7%E3%83%AD%E3%83%83%E3%82%B3%E2%99%AA" dan="18,17,16,16" rate="2166,2148,2006,2064" sx="M,M,M,M"/><TAIKYOKU oya="0"/>

<Scene>
<INIT seed="0,0,0,5,3,84" ten="250,250,250,250" oya="0" hai0="76,110,95,88,12,123,131,45,83,48,5,60,46" hai1="121,109,34,19,8,74,104,21,102,125,69,93,71" hai2="107,22,128,66,40,49,16,114,30,1,4,124,36" hai3="32,24,41,59,81,28,20,38,120,92,51,89,78"/><T39/><D123/><U129/><E121/><V106/><F114/><W29/><G120/><T65/><D131/><U77/><E34/><V126/><F128/><W23/><G38/><T91/><D110/><U72/><E129/><V133/><F36/><W73/><G29/><T94/><D39/><U62/><E104/><V7/><F66/><W15/><G15/><T11/><D76/><U18/><E109/><V82/><F30/><W67/><G67/><T61/><D83/><U132/><E132/><V79/><F133/><W100/><G100/><T85/><D65/><U44/><E125/><V57/><F1/><W68/><G68/><T75/><D75/><U90/><E102/><V122/><F122/><W33/><G32/><T25/><D25/><U26/><E44/><N who="0" m="17001" /><D48/><U43/><E43/><V17/><F40/><W96/><REACH who="3" step="1"/><G41/><REACH who="3" ten="250,250,250,240" step="2"/><T87/><AGARI ba="0,1" hai="5,11,12,60,61,85,87,88,91,94,95" m="17001" machi="87" ten="30,11700,0" yaku="8,1,52,2,54,1" doraHai="84" who="0" fromWho="0" sc="250,127,250,-39,250,-39,240,-39" />
</Scene>
<Scene>
<INIT seed="0,1,0,1,2,14" ten="377,211,211,201" oya="0" hai0="86,23,43,121,64,44,94,111,28,53,6,67,99" hai1="88,55,16,90,72,115,2,78,27,39,35,80,31" hai2="5,57,54,60,74,73,127,15,22,37,126,38,13" hai3="101,49,118,116,1,108,11,91,61,7,89,56,106"/><T19/><D121/><U128/><E39/><V33/><F33/><W47/><G108/><T79/><D6/><U107/><E2/><V32/><F32/><W58/><G106/><T75/><D75/><U123/><E123/><V21/><F5/><W3/><G101/><N who="0" m="60663" /><D43/><U97/><E128/><V130/><F130/><W110/><G110/><T84/><D28/><U66/><E115/><V0/><F0/><W18/><G3/><T45/><D111/><U26/><E66/><N who="0" m="25129" /><D79/><U92/><E107/><V104/><F104/><W98/><G118/><T25/><D53/><U42/><E42/><V50/><F73/><W114/><G116/><T70/><D70/><U93/><E55/><V41/><F74/><W102/><G114/><T29/><D29/><U109/><E109/><V12/><F38/><W122/><G122/><T100/><D100/><U62/><E62/><V129/><F37/><W63/><G63/><T65/><D65/><U71/><E71/><V105/><F105/><W48/><G61/><T34/><D34/><U8/><E93/><V132/><F129/><W124/><G1/><T125/><D125/><N who="2" m="47626" /><F132/><W133/><G133/><T134/><D134/><U117/><E117/><V77/><F77/><W119/><G124/><T82/><D82/><U81/><E81/><V113/><F113/><W46/><G119/><T51/><D51/><U24/><REACH who="1" step="1"/><E90/><REACH who="1" ten="377,201,211,201" step="2"/><V103/><F103/><W112/><G102/><T68/><D68/><U20/><E20/><V4/><F4/><W36/><G7/><T76/><D76/><U59/><E59/><N who="2" m="33239" /><F41/><W83/><G112/><T10/><D10/><RYUUKYOKU ba="1,1" sc="377,10,201,10,211,10,201,-30" hai0="19,23,25,44,45,84,86" hai1="8,16,24,26,27,31,35,72,78,80,88,92,97" hai2="12,13,15,21,22,57,60" />
</Scene>
<Scene>
<INIT seed="0,2,1,2,4,100" ten="387,211,221,171" oya="0" hai0="117,7,48,20,79,128,95,42,125,112,66,84,23" hai1="107,116,101,122,65,132,97,115,99,28,9,60,0" hai2="67,49,44,5,124,111,31,63,119,34,2,90,120" hai3="68,75,130,55,104,43,134,86,105,110,25,80,62"/><T106/><D117/><U32/><E116/><V74/><F119/><W123/><G75/><T13/><D112/><U70/><E99/><V126/><F74/><W15/><G43/><T21/><D106/><N who="3" m="41065" /><G15/><T92/><D66/><U57/><E57/><V127/><F31/><W82/><G25/><T11/><D128/><U78/><E78/><V30/><F30/><W26/><G26/><T8/><D8/><U113/><E132/><V85/><F34/><W83/><G86/><T1/><D1/><U71/><E71/><V102/><F102/><W87/><G87/><T52/><D42/><U3/><E122/><V51/><F2/><N who="1" m="553" /><E9/><V76/><F5/><W131/><G123/><T94/><D125/><U6/><E6/><V19/><F120/><W29/><G29/><T108/><D79/><U46/><E46/><V17/><F76/><W53/><G134/><T103/><D103/><U35/><E28/><V22/><F44/><W27/><G27/><T61/><D84/><U14/><E14/><V118/><F118/><W64/><G110/><T81/><D108/><U93/><E93/><V33/><F111/><W50/><G50/><T54/><D81/><U59/><E59/><V39/><F127/><W47/><G47/><N who="0" m="27679" /><D95/><U135/><E135/><V114/><F126/><W10/><G10/><T91/><D91/><U36/><E36/><V12/><F39/><W96/><G96/><T16/><D7/><U129/><E129/><AGARI ba="2,1" hai="53,55,62,64,68,80,82,83,129,130,131" m="41065" machi="129" ten="40,8000,1" yaku="19,1,52,3" doraHai="100" who="3" fromWho="1" sc="387,0,211,-86,221,0,171,96" />
</Scene>
<Scene>
<INIT seed="1,0,0,5,5,28" ten="387,125,221,267" oya="1" hai0="46,7,0,43,24,96,34,73,51,114,52,66,67" hai1="5,135,106,112,72,54,102,22,121,119,99,20,9" hai2="16,80,63,71,38,13,84,37,95,36,8,103,74" hai3="32,49,82,1,27,10,110,93,21,88,90,85,62"/><U42/><E119/><V83/><F74/><W64/><G110/><T125/><D114/><U124/><E112/><V120/><F120/><W19/><G49/><T131/><D73/><U57/><E121/><V81/><F103/><W61/><G61/><T30/><D125/><U128/><E72/><V29/><F29/><W105/><G105/><T127/><D127/><U117/><E124/><V100/><F100/><W133/><G133/><T50/><D131/><U6/><E117/><V25/><F25/><W76/><G90/><T123/><D123/><U122/><E122/><V53/><F95/><W94/><G94/><T56/><REACH who="0" step="1"/><D96/><REACH who="0" ten="377,125,221,267" step="2"/><U33/><E128/><V111/><F111/><W92/><G92/><T45/><D45/><U2/><E99/><V35/><F84/><W107/><G107/><T75/><D75/><U31/><E106/><V23/><F71/><W11/><G1/><T77/><D77/><U65/><E2/><V89/><F89/><W87/><REACH who="3" step="1"/><G32/><REACH who="3" ten="377,125,221,257" step="2"/><T41/><D41/><U115/><E33/><V47/><F35/><W70/><AGARI ba="0,2" hai="10,11,19,21,27,62,64,70,76,82,85,87,88,93" machi="70" ten="20,12000,2" yaku="1,1,2,1,0,1,7,1,54,1,53,1" doraHai="28" doraHaiUra="86" who="3" fromWho="3" sc="377,-30,125,-60,221,-30,257,140" />
</Scene>
<Scene>
<INIT seed="2,0,0,4,0,53" ten="347,65,191,397" oya="2" hai0="77,2,65,119,17,32,68,3,87,67,21,51,102" hai1="56,126,78,29,134,7,103,6,63,19,97,110,90" hai2="106,129,86,66,124,89,20,24,44,80,59,135,74" hai3="116,75,10,98,61,27,123,42,85,133,62,52,64"/><V13/><F106/><W93/><G75/><T38/><D38/><U82/><E110/><V112/><F112/><W16/><G123/><T0/><D32/><U70/><E70/><V11/><F124/><W5/><G116/><T57/><D119/><U26/><E126/><V18/><F129/><W4/><G42/><T48/><D68/><U117/><E117/><V25/><F74/><W40/><G40/><T69/><D69/><U94/><E134/><V104/><F104/><W54/><G85/><T30/><D30/><U125/><E125/><V12/><F44/><W127/><G133/><T105/><D102/><U79/><E19/><V23/><F135/><W34/><G34/><T115/><D105/><U58/><E63/><V91/><F91/><W122/><G127/><T100/><D100/><U120/><E120/><V60/><F11/><W107/><G107/><T50/><D115/><U130/><E130/><V81/><F81/><W76/><G76/><N who="1" m="29226" /><E26/><V33/><F33/><W15/><G27/><T41/><D41/><U9/><E29/><V83/><F83/><W49/><G122/><T55/><D77/><U108/><E108/><V14/><REACH who="2" step="1"/><F25/><REACH who="2" ten="347,65,181,397" step="2"/><W22/><G10/><T111/><D111/><U39/><E39/><V28/><AGARI ba="0,1" hai="12,13,14,18,20,23,24,28,59,60,66,80,86,89" machi="28" ten="20,18000,2" yaku="1,1,2,1,0,1,7,1,8,1,52,1,53,0" doraHai="53" doraHaiUra="114" who="2" fromWho="2" sc="347,-60,65,-60,181,190,397,-60" />
</Scene>
<Scene>
<INIT seed="2,1,0,4,1,100" ten="287,5,371,337" oya="2" hai0="10,118,90,30,89,132,7,52,27,67,98,17,101" hai1="127,62,109,34,116,9,131,76,57,88,107,68,71" hai2="49,37,92,51,8,64,63,47,103,122,85,78,121" hai3="29,42,45,117,97,94,112,31,54,0,133,11,66"/><V114/><F114/><W115/><G117/><T129/><D118/><U93/><E116/><V86/><F37/><W25/><G66/><T106/><D132/><U95/><E34/><V55/><F51/><W75/><G75/><T32/><D129/><U123/><E131/><V83/><F8/><W20/><G133/><T69/><D17/><U21/><E109/><V104/><F104/><W46/><G54/><T16/><D52/><U84/><E127/><V113/><F113/><N who="3" m="43595" /><G31/><T128/><D128/><U72/><E123/><V4/><F4/><N who="3" m="1415" /><G42/><T19/><D90/><AGARI ba="1,0" hai="20,25,29,45,46,90,94,97" m="1415,43595" machi="90" ten="30,1000,0" yaku="11,1" doraHai="100" who="3" fromWho="0" sc="287,-13,5,0,371,0,337,13" />
</Scene>
<Scene>
<INIT seed="3,0,0,3,1,68" ten="274,5,371,350" oya="3" hai0="100,122,104,24,116,40,39,95,97,135,65,111,134" hai1="14,98,49,58,117,72,76,79,127,44,8,27,86" hai2="91,109,30,88,35,108,63,57,75,114,118,61,73" hai3="45,103,94,51,133,29,101,41,119,78,87,82,59"/><W84/><G119/><T26/><D116/><U129/><E117/><V125/><F114/><W112/><G112/><T69/><D111/><N who="2" m="42570" /><F125/><W110/><G133/><N who="0" m="50699" /><D122/><U10/><E127/><V71/><F71/><W66/><G110/><T17/><D104/><U7/><E72/><N who="2" m="27723" /><F118/><W2/><G2/><T106/><D106/><U85/><E129/><V36/><F36/><W12/><G29/><T48/><D48/><U96/><E58/><V34/><F63/><N who="3" m="38271" /><G12/><T90/><D100/><U93/><E27/><N who="2" m="18783" /><F35/><W60/><G60/><N who="0" m="40103" /><D17/><U20/><E20/><V128/><F128/><W21/><G21/><T47/><AGARI ba="0,0" hai="24,26,39,40,47,90,95,97" m="40103,50699" machi="47" ten="30,2000,0" yaku="20,1,52,1" doraHai="68" who="0" fromWho="0" sc="274,20,5,-5,371,-5,350,-10" />
</Scene>
<Scene>
<INIT seed="4,0,0,0,5,61" ten="294,0,366,340" oya="0" hai0="100,133,30,48,64,112,24,69,47,54,39,123,103" hai1="58,13,14,10,79,9,51,122,129,25,11,12,55" hai2="42,16,1,95,43,111,109,102,21,132,120,77,26" hai3="62,114,106,44,60,3,17,19,84,105,50,101,92"/><T82/><D123/><U124/><E122/><V15/><F1/><W27/><G3/><T90/><D39/><U83/><E124/><V37/><F120/><W130/><G114/><T107/><D112/><U115/><E115/><V34/><F132/><W45/><G130/><T126/><D133/><U104/><E104/><V0/><F0/><W98/><G84/><T108/><D126/><U66/><E129/><V65/><F77/><W78/><G78/><T5/><D108/><U40/><E40/><V35/><F37/><W71/><G44/><T113/><D113/><U52/><E25/><V118/><F118/><W87/><G87/><N who="0" m="50551" /><D69/><U49/><E66/><V135/><F65/><W134/><G134/><T2/><D107/><U131/><E131/><V56/><F135/><W29/><G105/><T23/><D2/><U28/><E28/><V93/><F34/><W86/><G106/><T59/><D5/><U73/><E73/><V57/><F35/><W116/><G116/><T117/><D117/><U63/><E79/><V128/><F128/><W36/><G36/><T85/><D85/><U4/><E83/><V20/><F111/><W67/><G86/><T68/><D68/><U97/><E97/><V8/><F109/><W88/><G101/><N who="0" m="38987" /><D47/><N who="1" m="27775" /><E4/><V22/><F26/><W81/><G81/><T75/><D75/><U74/><E74/><V121/><F121/><W53/><G62/><AGARI ba="0,0" hai="9,10,11,12,13,14,49,55,58,62,63" m="27775" machi="62" ten="30,2000,0" yaku="8,1,54,1" doraHai="61" who="1" fromWho="3" sc="294,0,0,20,366,0,340,-20" />
</Scene>
<Scene>
<INIT seed="5,0,0,5,3,96" ten="294,20,366,320" oya="1" hai0="81,56,15,16,87,74,17,116,106,51,130,33,82" hai1="111,39,24,108,85,97,35,3,19,8,131,72,2" hai2="95,93,64,89,66,105,129,61,28,65,128,31,9" hai3="86,118,114,76,57,83,121,48,12,6,69,113,29"/><U58/><E72/><V110/><F105/><W77/><G69/><T22/><D116/><U23/><E39/><V27/><F9/><N who="3" m="4151" /><G118/><T42/><D33/><U43/><E43/><V67/><F110/><N who="1" m="42025" /><E97/><N who="2" m="57519" /><F95/><W112/><G121/><T80/><D106/><U126/><E85/><V124/><F124/><W47/><G29/><N who="2" m="11337" /><F27/><W90/><G57/><T122/><D122/><U36/><E36/><V94/><F94/><W30/><G30/><T71/><D71/><U120/><E58/><V92/><F92/><W34/><G34/><T7/><D74/><U78/><E78/><V4/><F4/><W104/><G104/><T70/><D70/><U45/><E45/><V119/><F119/><W20/><G20/><T98/><D98/><U21/><E120/><V40/><F40/><AGARI ba="0,0" hai="40,47,48,76,77,83,86,90,112,113,114" m="4151" machi="40" ten="30,1000,0" yaku="15,1" doraHai="96" who="3" fromWho="2" sc="294,0,20,0,366,-10,320,10" />
</Scene>
<Scene>
<INIT seed="6,0,0,0,2,7" ten="294,20,356,330" oya="2" hai0="84,63,2,117,30,112,15,83,24,43,135,131,82" hai1="54,34,134,10,23,73,49,102,1,103,81,100,98" hai2="4,128,18,32,17,111,69,3,115,33,108,107,16" hai3="51,6,88,132,116,47,72,0,26,91,89,113,44"/><V22/><F107/><W124/><G72/><T109/><D109/><N who="2" m="42058" /><F69/><W45/><G116/><T71/><D2/><U55/><E34/><N who="2" m="13419" /><F128/><W37/><G37/><T59/><D131/><U90/><E134/><V123/><F123/><W79/><G79/><T118/><D71/><U50/><E73/><V101/><F101/><W74/><G74/><T86/><D135/><U41/><E41/><V56/><F56/><W19/><G132/><T129/><D129/><U46/><E23/><V121/><F115/><W80/><G113/><T120/><D43/><U8/><E1/><V92/><F92/><W9/><G124/><T93/><D93/><N who="1" m="56631" /><E81/><V85/><F85/><W126/><G126/><T29/><D112/><U48/><E46/><V58/><F58/><W95/><G80/><T78/><D120/><U105/><E105/><V14/><F121/><W52/><G95/><T28/><D117/><U61/><E61/><V133/><F133/><W57/><G57/><T36/><D118/><U75/><E75/><V99/><F99/><W42/><REACH who="3" step="1"/><G42/><REACH who="3" ten="294,20,356,320" step="2"/><T125/><D125/><U66/><E66/><V94/><F94/><W76/><G76/><T31/><D82/><U13/><E13/><V21/><F3/><W11/><G11/><AGARI ba="0,1" hai="8,10,11,48,49,50,54,55,100,102,103" m="56631" machi="11" ten="30,7700,0" yaku="8,1,52,3" doraHai="7" who="1" fromWho="3" sc="294,0,20,87,356,0,320,-77" /><AGARI ba="0,0" hai="4,11,14,16,17,18,21,22" m="13419,42058" machi="11" ten="40,12000,1" yaku="10,1,34,2,52,1,54,1" doraHai="7" who="2" fromWho="3" sc="294,0,107,0,356,120,243,-120" />
</Scene>
<Scene>
<INIT seed="6,1,0,0,0,55" ten="294,107,476,123" oya="2" hai0="84,124,121,6,110,79,54,88,49,7,115,1,134" hai1="61,99,18,5,74,16,83,107,57,48,103,100,38" hai2="37,24,95,98,3,46,135,64,25,4,85,9,44" hai3="22,14,72,119,132,59,62,118,65,86,39,111,69"/><V51/><F135/><W120/><G72/><T19/><D110/><U70/><E38/><V67/><F85/><W27/><G111/><T34/><D34/><U52/><E5/><V12/><F3/><W108/><G108/><T77/><D121/><U117/><E117/><V71/><F71/><W116/><G39/><T31/><D31/><U78/><E103/><N who="2" m="60895" /><F37/><W101/><G120/><T42/><D42/><U129/><E129/><V113/><F46/><W10/><G132/><T50/><D134/><U81/><E81/><V76/><F76/><W131/><G101/><T93/><D115/><U63/><E70/><V40/><F113/><W104/><G104/><T130/><D130/><U2/><E2/><V45/><F45/><W30/><G131/><T106/><D106/><U127/><E127/><V94/><F94/><W91/><G69/><T92/><D124/><U11/><E11/><V123/><F123/><W26/><G26/><AGARI ba="1,0" hai="4,9,12,24,25,26,40,44,51,64,67" m="60895" machi="26" ten="30,1500,0" yaku="8,1" doraHai="55" who="2" fromWho="3" sc="294,0,107,0,476,18,123,-18" />
</Scene>
<Scene>
<INIT seed="6,2,0,0,5,116" ten="294,107,494,105" oya="2" hai0="21,125,122,31,118,41,103,96,28,42,4,38,24" hai1="60,112,130,129,111,65,107,108,97,46,109,3,66" hai2="113,40,18,54,87,19,84,12,123,101,127,23,82" hai3="71,131,57,64,120,104,22,105,30,15,14,95,53"/><V7/><F123/><W77/><G71/><T55/><D118/><U126/><E3/><V74/><F40/><W102/><G64/><T29/><D122/><U75/><E75/><V9/><F101/><W78/><G120/><T80/><D125/><U128/><E126/><V119/><F127/><W44/><G44/><T2/><D80/><U115/><E46/><V76/><F119/><W92/><G105/><T13/><D2/><U56/><E66/><V32/><F32/><W117/><G117/><T52/><D38/><U35/><E35/><V132/><F113/><W39/><G39/><T25/><D42/><U33/><E33/><V135/><F54/><W88/><G104/><T106/><D41/><U133/><E133/><N who="2" m="51275" /><F19/><W73/><G73/><T17/><D4/><U89/><E107/><V69/><F69/><W121/><G121/><T114/><D114/><U79/><E79/><N who="3" m="30218" /><G131/><T8/><D31/><U58/><E58/><V51/><F51/><N who="3" m="30911" /><G102/><T63/><D63/><U34/><E34/><AGARI ba="2,0" hai="8,13,17,21,24,25,28,29,34,52,55,96,103,106" machi="34" ten="30,2000,0" yaku="7,1,54,1" doraHai="116" who="0" fromWho="1" sc="294,26,107,-26,494,0,105,0" />
</Scene>
<Scene>
<INIT seed="7,0,0,5,1,96" ten="320,81,494,105" oya="3" hai0="55,133,9,24,111,1,31,12,77,38,27,15,125" hai1="28,19,48,64,94,58,46,103,17,73,33,116,76" hai2="134,40,59,61,113,66,30,81,2,115,44,3,68" hai3="65,95,109,107,70,101,80,43,6,119,49,4,108"/><W105/><G119/><T130/><D38/><U112/><E116/><V104/><F104/><W91/><G80/><T47/><D111/><N who="3" m="42569" /><G70/><T92/><D77/><U85/><E112/><N who="2" m="43083" /><F30/><W100/><G65/><T88/><D1/><U78/><E73/><V60/><F81/><W11/><G105/><T62/><D15/><U36/><E36/><N who="2" m="21511" /><F134/><W84/><G107/><T52/><D133/><U93/><E33/><V99/><F99/><W102/><G11/><T128/><D9/><U37/><E37/><V129/><F129/><W16/><G16/><N who="1" m="6218" /><E28/><V39/><F39/><W131/><G131/><T117/><D31/><U51/><E103/><V10/><F10/><W79/><G79/><N who="1" m="30250" /><E85/><V26/><F26/><W124/><G124/><T72/><D125/><U90/><E90/><V63/><F63/><W82/><G82/><T132/><D62/><N who="1" m="37975" /><E51/><V127/><F127/><W8/><G8/><T41/><D117/><U32/><E32/><V120/><F120/><W42/><G42/><AGARI ba="0,0" hai="42,46,48,93,94" m="37975,30250,6218" machi="42" ten="30,2000,0" yaku="8,1,54,1" doraHai="96" who="1" fromWho="3" sc="320,0,81,20,494,0,105,-20" owari="320,12.0,101,-30.0,494,59.0,85,-41.0" />
</Scene>
</mjloggm>