<mjloggm ver="2.3"><GO type="169"/><UN n0="%58%E7%8C%AB" n1="%E5%A4%AA%E3%81%8F%E3%81%AA%E3%81%84%E3%81%8A" n2="%E9%BA%BB%E9%9B%80%E6%88%A6%E5%A3%AB%E2%98%86%E3%81%AA%E3%81%AE%E3%81%AF" n3="%E9%BB%92%E6%9F%B1%E5%8B%83%E6%A8%B9" dan="16,18,16,16" rate="2068,2197,2135,2103" sx="F,M,F,F"/><TAIKYOKU oya="0"/>

<Scene>
<INIT seed="0,0,0,3,1,90" ten="250,250,250,250" oya="0" hai0="35,75,117,51,36,20,128,118,124,74,19,120,47" hai1="46,27,93,135,84,108,114,58,82,32,49,65,86" hai2="4,55,110,94,29,25,24,52,37,43,132,38,125" hai3="2,14,106,73,6,85,17,95,107,134,96,98,70"/><T66/><D120/><U76/><E108/><V44/><F110/><W13/><G70/><T48/><D36/><U1/><E1/><V78/><F125/><W89/><G2/><T69/><D35/><U115/><E135/><V50/><F132/><W81/><G134/><T30/><D124/><U133/><E133/><V12/><F78/><N who="3" m="44239" /><G6/><T121/><D121/><U59/><E65/><V127/><F127/><W113/><G17/><T56/><D128/><U100/><E32/><V42/><F4/><W119/><G119/><T67/><D30/><U8/><E27/><V21/><F12/><W88/><G13/><T111/><D69/><U57/><E8/><V79/><F79/><W80/><G14/><T39/><D39/><U15/><E15/><V22/><F38/><W99/><G113/><T130/><D130/><U10/><E10/><V101/><F42/><W18/><G18/><T33/><D33/><U28/><E28/><V68/><F68/><W5/><G5/><T122/><D122/><U45/><E45/><V54/><F37/><W60/><G60/><T92/><D111/><U116/><E116/><V0/><F0/><W31/><G31/><T16/><D47/><U123/><E123/><V112/><F112/><W41/><G41/><T87/><D56/><U126/><E126/><V7/><F7/><W77/><G89/><T61/><D61/><U91/><REACH who="1" step="1"/><E100/><REACH who="1" ten="250,240,250,250" step="2"/><V109/><F109/><W9/><G9/><T131/><D131/><U23/><E23/><N who="2" m="8715" /><F29/><W64/><G64/><T83/><D67/><U105/><E105/><AGARI ba="0,1" hai="77,80,85,88,95,96,98,99,105,106,107" m="44239" machi="105" ten="30,12000,2" yaku="35,5,52,1,54,1" doraHai="90" who="3" fromWho="1" sc="250,0,240,-120,250,0,250,130" />
</Scene>
<Scene>
<INIT seed="1,0,0,3,0,120" ten="250,120,250,380" oya="1" hai0="24,14,30,54,69,61,75,59,67,50,51,110,46" hai1="114,86,41,112,1,21,83,5,28,133,87,134,3" hai2="103,129,130,7,56,49,23,81,128,48,88,95,52" hai3="102,4,44,8,76,97,9,104,122,13,111,105,35"/><U89/><E41/><V135/><F135/><N who="1" m="51721" /><E28/><V34/><F34/><W126/><G35/><T10/><D75/><U74/><E21/><V66/><F66/><W32/><G32/><T131/><D131/><U108/><E74/><V123/><F123/><W40/><G76/><T65/><D65/><U18/><E18/><V92/><F7/><W33/><G33/><T72/><D72/><U15/><E87/><N who="2" m="50287" /><F23/><W12/><G122/><T64/><D64/><U90/><E90/><V26/><F26/><W55/><G55/><T57/><D30/><U22/><E22/><V84/><F84/><W36/><G105/><T38/><D24/><U77/><E15/><V17/><F17/><W0/><G126/><T99/><D99/><U116/><E116/><V43/><F103/><W98/><G98/><T68/><D14/><U127/><E127/><V93/><F43/><W45/><G12/><T124/><D10/><N who="1" m="2351" /><E3/><V53/><F95/><W115/><G13/><T47/><D124/><U85/><E114/><V118/><F118/><W101/><G115/><T113/><D113/><U119/><E119/><V107/><F107/><W16/><G104/><T39/><D67/><U117/><E117/><V42/><F42/><W106/><G40/><T29/><D29/><U11/><E112/><V91/><F91/><W79/><G0/><T109/><D61/><U78/><E11/><V82/><F82/><W71/><G8/><T37/><D37/><U73/><E73/><V27/><F27/><W70/><G9/><T96/><D96/><U60/><E77/><V62/><F62/><W2/><G2/><RYUUKYOKU ba="0,0" sc="250,15,120,-15,250,15,380,-15" hai0="38,39,46,47,50,51,54,57,59,68,69,109,110" hai2="48,49,52,53,56,92,93,128,129,130" />
</Scene>
<Scene>
<INIT seed="2,1,0,0,0,15" ten="265,105,265,365" oya="2" hai0="128,76,18,23,64,97,114,39,59,122,6,101,116" hai1="91,20,89,81,84,77,83,124,41,13,133,111,85" hai2="60,52,46,2,99,82,130,42,58,55,56,43,69" hai3="33,109,27,19,71,102,8,127,121,53,54,7,37"/><V30/><F2/><W103/><G71/><T112/><D122/><U17/><E111/><V47/><F30/><W135/><G37/><T92/><D116/><U78/><E124/><V24/><F24/><W129/><G121/><T72/><D39/><U86/><E133/><V25/><F25/><W73/><G73/><T63/><D128/><U125/><E125/><V11/><F130/><W70/><G70/><T40/><D40/><U9/><E41/><V105/><F11/><W51/><G127/><T62/><D6/><U110/><E110/><V45/><F82/><W22/><G129/><T118/><D118/><U38/><E38/><V66/><F99/><W134/><G109/><T48/><D48/><U107/><E107/><V4/><F105/><W117/><G117/><T94/><D92/><U36/><E36/><V115/><F4/><W120/><G120/><T31/><D62/><U74/><REACH who="1" step="1"/><E9/><REACH who="1" ten="265,95,265,365" step="2"/><V113/><F113/><W65/><G135/><T119/><D119/><U79/><E79/><V67/><F115/><W126/><G8/><T75/><D76/><U26/><E26/><V132/><F132/><W50/><G27/><N who="0" m="16895" /><D114/><U61/><E61/><N who="2" m="35975" /><F67/><W49/><G65/><T5/><D112/><U29/><E29/><V90/><F90/><AGARI ba="1,1" hai="13,17,20,74,77,78,81,83,84,85,86,89,90,91" machi="90" ten="40,2600,0" yaku="1,1,52,1,53,0" doraHai="15" doraHaiUra="96" who="1" fromWho="2" sc="265,0,95,39,265,-29,365,0" />
</Scene>
<Scene>
<INIT seed="3,0,0,5,4,59" ten="265,134,236,365" oya="3" hai0="34,12,29,96,20,128,37,50,88,22,52,40,54" hai1="100,101,11,110,135,10,112,92,114,3,38,27,123" hai2="6,84,41,4,5,108,45,130,78,79,62,75,44" hai3="60,90,64,82,9,51,63,30,98,121,119,23,48"/><W81/><G121/><T102/><D128/><U95/><E38/><V103/><F130/><W132/><G119/><T126/><D34/><U16/><E123/><V80/><F108/><W35/><G35/><T77/><D77/><U99/><E110/><V58/><F103/><W32/><G32/><T76/><D76/><U66/><E135/><V1/><F1/><W131/><G131/><T55/><D126/><U28/><E66/><V70/><F70/><W18/><G132/><T73/><D73/><U69/><E69/><V49/><F79/><W26/><G64/><T127/><D127/><U61/><E3/><V67/><REACH who="2" step="1"/><F45/><REACH who="2" ten="265,134,226,365" step="2"/><W68/><G68/><T86/><D37/><U91/><E101/><V14/><F14/><N who="3" m="7503" /><G82/><N who="0" m="49239" /><D102/><U46/><E46/><V74/><AGARI ba="0,1" hai="4,5,6,41,44,49,58,62,67,74,75,78,80,84" machi="74" ten="30,4000,0" yaku="1,1,0,1,52,1,53,0" doraHai="59" doraHaiUra="33" who="2" fromWho="2" sc="265,-10,134,-10,226,50,365,-20" />
</Scene>
<Scene>
<INIT seed="4,0,0,1,3,50" ten="255,124,276,345" oya="0" hai0="109,130,47,60,31,28,112,89,67,66,115,91,8" hai1="75,45,19,124,132,92,54,93,121,56,30,41,122" hai2="27,42,129,101,85,13,82,44,61,71,69,38,48" hai3="43,0,1,119,23,111,76,17,110,127,46,125,25"/><T100/><D109/><N who="3" m="41481" /><G76/><T87/><D100/><U32/><E75/><V10/><F129/><W9/><G119/><T3/><D130/><U63/><E124/><N who="3" m="47690" /><G9/><T96/><D47/><U55/><E132/><V107/><F38/><AGARI ba="0,0" hai="0,1,17,23,25,38,43,46" m="47690,41481" machi="38" ten="30,1000,0" yaku="18,1" doraHai="50" who="3" fromWho="2" sc="255,0,124,0,276,-10,345,10" />
</Scene>
<Scene>
<INIT seed="5,0,0,1,2,89" ten="255,124,266,355" oya="1" hai0="99,116,131,95,129,4,63,11,128,81,62,80,54" hai1="110,3,133,101,60,14,66,57,19,0,78,96,59" hai2="17,42,115,85,6,102,130,84,106,126,107,5,76" hai3="9,8,100,105,2,16,29,83,72,48,36,71,44"/><U41/><E133/><V93/><F130/><W28/><G71/><T82/><D116/><U127/><E127/><V92/><F126/><W118/><G36/><T132/><D132/><U113/><E113/><V26/><F115/><W45/><G118/><T91/><REACH who="0" step="1"/><D54/><REACH who="0" ten="245,124,266,355" step="2"/><U74/><E110/><V34/><F42/><N who="3" m="24599" /><G2/><AGARI ba="0,1" hai="2,4,11,62,63,80,81,82,91,95,99,128,129,131" machi="2" ten="50,6400,0" yaku="1,1,19,1,52,1,53,0" doraHai="89" doraHaiUra="13" who="0" fromWho="3" sc="245,74,124,0,266,0,355,-64" />
</Scene>
<Scene>
<INIT seed="6,0,0,5,4,118" ten="319,124,266,291" oya="2" hai0="80,48,53,8,26,37,10,1,127,115,101,121,57" hai1="124,87,105,108,103,116,119,65,35,34,5,93,2" hai2="130,58,79,71,82,16,110,27,125,77,17,97,31" hai3="131,126,98,90,50,122,135,75,89,25,59,107,100"/><V21/><F71/><W113/><G126/><T133/><D127/><U120/><E124/><V51/><F125/><W73/><G25/><T134/><D37/><U22/><E65/><V66/><F130/><W54/><G131/><T41/><D101/><U70/><E70/><V84/><F110/><W39/><G39/><T6/><D41/><U36/><E36/><V56/><F79/><W46/><G135/><N who="0" m="51723" /><D115/><U0/><E105/><V117/><F117/><N who="1" m="45129" /><E87/><V13/><F66/><W109/><G109/><T63/><D80/><U95/><E108/><V102/><F17/><W42/><G113/><T104/><D104/><U28/><E103/><V78/><F51/><W19/><G19/><T3/><D26/><N who="1" m="16471" /><E93/><V9/><REACH who="2" step="1"/><F78/><REACH who="2" ten="319,124,256,291" step="2"/><W15/><G50/><T92/><D48/><U11/><E120/><V20/><F20/><W67/><G122/><T30/><D121/><U23/><E23/><V45/><F45/><W129/><G46/><T12/><D8/><U14/><E95/><AGARI ba="0,1" hai="9,13,16,21,27,31,56,58,77,82,84,95,97,102" machi="95" ten="30,12000,1" yaku="1,1,7,1,8,1,54,1,53,1" doraHai="118" doraHaiUra="96" who="2" fromWho="1" sc="319,0,124,-120,256,130,291,0" />
</Scene>
<Scene>
<INIT seed="6,1,0,1,0,8" ten="319,4,386,291" oya="2" hai0="111,77,113,30,129,110,102,118,124,72,123,92,11" hai1="5,68,29,99,98,85,10,37,38,20,46,109,105" hai2="51,53,74,7,56,81,34,107,96,100,41,23,108" hai3="120,13,21,67,52,17,50,16,103,89,0,22,73"/><V94/><F34/><W4/><G120/><T44/><D123/><U134/><E85/><V1/><F108/><W19/><G73/><T70/><D70/><U80/><E80/><V27/><F41/><W2/><G67/><T61/><D118/><U88/><E20/><N who="3" m="7786" /><G103/><T127/><D30/><U66/><E29/><V55/><F107/><W75/><G75/><T15/><D61/><U18/><E10/><V57/><F74/><W119/><G119/><T116/><D116/><U12/><E46/><V128/><F81/><W48/><G0/><T126/><D129/><U112/><E18/><N who="3" m="7274" /><G2/><T33/><D33/><U114/><E5/><V106/><F7/><W97/><G4/><N who="0" m="3559" /><D44/><U49/><E49/><V62/><F1/><W6/><G6/><T42/><D42/><U65/><E109/><N who="0" m="41481" /><D113/><U54/><E54/><V64/><F128/><W83/><G52/><T26/><D26/><U125/><E105/><V76/><F106/><W24/><G24/><T130/><D130/><U104/><E104/><V135/><F76/><W78/><G78/><T9/><D9/><U79/><E79/><V87/><F55/><W45/><G45/><T84/><D72/><U25/><E68/><V117/><F117/><W28/><G28/><T47/><D47/><U31/><E25/><V43/><F43/><W63/><G63/><T60/><D60/><U69/><E69/><V71/><F71/><W132/><G132/><T115/><D115/><N who="1" m="44075" /><E134/><V58/><F135/><W36/><G36/><N who="1" m="13930" /><E31/><N who="2" m="17919" /><F57/><W14/><G83/><N who="0" m="47215" /><D102/><U35/><E35/><V3/><F3/><W131/><G131/><T32/><D32/><RYUUKYOKU ba="1,0" sc="319,15,4,-15,386,15,291,-15" hai0="92,124,126,127" hai2="51,53,56,58,62,64,87,94,96,100" owari="334,13.0,-11,-51.0,401,50.0,276,-12.0" />
</Scene>
</mjloggm>