<mjloggm ver="2.3"><GO type="169" lobby="0"/><UN n0="%E5%A4%AA%E3%81%8F%E3%81%AA%E3%81%84%E3%81%8A" n1="%E3%82%A2%E3%83%8B%E3%82%AA%E3%83%B3" n2="%E4%BF%BA%E3%81%A4%E3%81%88%E3%81%88%E3%81%88%EF%BD%9E" n3="%65%69%63%68%69%72%6F" dan="18,17,17,16" rate="2187.00,2162.00,2204.81,2055.75" sx="F,F,F,M"/><TAIKYOKU oya="0"/>

<Scene>
<INIT seed="0,0,0,0,3,63" ten="250,250,250,250" oya="0" hai0="83,85,62,109,35,15,88,10,94,21,55,135,67" hai1="114,104,40,65,128,100,9,30,45,41,78,74,38" hai2="3,117,75,44,27,134,16,14,13,119,96,11,18" hai3="32,124,103,72,52,17,112,43,116,60,7,126,33"/><T110/><D35/><U93/><E128/><V133/><F75/><W28/><G116/><N who="2" m="44617" /><F96/><W92/><G112/><T68/><D135/><N who="2" m="51722" /><F44/><W2/><G72/><T31/><D55/><U42/><E114/><V25/><F3/><W125/><G43/><T59/><D68/><U54/><E104/><V80/><F80/><W121/><G121/><T130/><D130/><U1/><E30/><V127/><F127/><W53/><G17/><T102/><D102/><U51/><E78/><V48/><F48/><W89/><G103/><T19/><REACH who="0" step="1"/><D83/><REACH who="0" ten="240,250,250,250" step="2"/><U84/><E54/><V29/><F29/><W107/><G28/><T118/><D118/><U113/><E113/><V39/><F39/><W50/><G53/><T111/><D111/><U86/><E40/><V120/><F120/><W129/><G129/><T8/><D8/><AGARI ba="0,1" hai="8,11,13,14,16,18,25,27" m="51722,44617" machi="8" ten="30,8000,1" yaku="12,1,20,1,34,2,54,1" doraHai="63" who="2" fromWho="0" sc="240,-80,250,0,250,90,250,0" />
</Scene>
<Scene>
<INIT seed="1,0,0,0,3,109" ten="160,250,340,250" oya="1" hai0="35,42,63,4,115,99,40,50,58,69,86,19,7" hai1="98,120,126,25,118,24,70,52,29,100,112,16,45" hai2="114,56,10,121,123,44,132,134,128,49,97,3,1" hai3="71,80,95,31,75,92,87,110,93,67,61,48,33"/><U8/><E70/><V32/><F32/><W103/><G110/><T38/><D35/><U59/><E112/><V81/><F97/><W106/><G75/><T125/><D125/><U53/><E120/><V0/><F81/><W65/><G65/><T89/><D38/><U13/><E118/><V129/><F56/><W12/><G12/><T90/><D69/><U37/><E126/><V34/><F34/><W104/><G48/><T46/><D42/><U55/><E29/><V66/><F66/><W2/><G2/><N who="2" m="1129" /><F44/><W76/><G103/><T9/><D99/><U26/><E37/><V43/><F43/><W111/><REACH who="3" step="1"/><G111/><REACH who="3" ten="160,250,340,240" step="2"/><T105/><D50/><U133/><E133/><N who="2" m="51307" /><F49/><W21/><G21/><T94/><D63/><U102/><E45/><V91/><F114/><W77/><G77/><T88/><D46/><U131/><E131/><N who="2" m="50251" /><F91/><W79/><G79/><T135/><D88/><U84/><E102/><V83/><F83/><W130/><G130/><T74/><D90/><U101/><E100/><V36/><F36/><W96/><G96/><T85/><D135/><U51/><REACH who="1" step="1"/><E84/><REACH who="1" ten="160,240,340,240" step="2"/><V18/><F3/><W82/><G82/><T116/><D86/><U72/><E72/><V108/><F108/><W119/><G119/><T27/><D116/><U28/><E28/><V127/><F127/><W41/><G41/><T62/><D40/><U15/><E15/><AGARI ba="0,2" hai="10,15,18,121,123" m="50251,51307,1129" machi="15" ten="40,8000,1" yaku="20,1,19,1,34,2" doraHai="109" who="2" fromWho="1" sc="160,0,240,-80,340,100,240,0" />
</Scene>
<Scene>
<INIT seed="2,0,0,0,5,19" ten="160,160,440,240" oya="2" hai0="5,41,59,47,27,6,128,58,16,0,37,113,23" hai1="43,24,20,86,49,56,131,40,119,52,98,90,2" hai2="101,135,87,34,48,25,117,96,110,125,116,73,8" hai3="85,29,108,14,99,114,38,122,68,36,100,15,121"/><V103/><F73/><W39/><G68/><T89/><D113/><U46/><E119/><V66/><F66/><W21/><G114/><T44/><D128/><U127/><E2/><V74/><F74/><W67/><G67/><T57/><D0/><U129/><E98/><V124/><F8/><W133/><G108/><T120/><D120/><U76/><E76/><V32/><F48/><W80/><G133/><T62/><D62/><U53/><E127/><N who="2" m="48715" /><F87/><W54/><G54/><T18/><D89/><U10/><E10/><V71/><F71/><W81/><G81/><T106/><D106/><U118/><E118/><N who="2" m="45675" /><F135/><W55/><G122/><T132/><D132/><U50/><E129/><V1/><F1/><W3/><G3/><T63/><D63/><U22/><E131/><V130/><F130/><W111/><G121/><T60/><D60/><U92/><E22/><V51/><F51/><W72/><G72/><T42/><REACH who="0" step="1"/><D18/><AGARI ba="0,0" hai="18,20,24,40,43,46,49,50,52,53,56,86,90,92" machi="18" ten="30,7700,0" yaku="7,1,8,1,52,1,54,1" doraHai="19" who="1" fromWho="0" sc="160,-77,160,77,440,0,240,0" />
</Scene>
<Scene>
<INIT seed="3,0,0,3,0,20" ten="83,237,440,240" oya="3" hai0="62,115,0,65,94,24,86,1,132,36,135,35,32" hai1="97,114,70,68,109,119,51,53,27,83,93,71,42" hai2="133,76,59,41,75,89,87,64,8,106,129,118,63" hai3="34,90,112,95,84,67,79,80,81,49,130,96,72"/><W58/><G112/><T50/><D36/><U100/><E114/><V91/><F118/><W14/><G130/><T9/><D115/><U85/><E119/><V2/><F106/><W98/><G34/><T15/><D50/><U104/><E109/><V16/><F129/><W17/><G81/><T69/><D86/><U10/><E42/><V78/><F133/><N who="0" m="51274" /><D94/><U4/><E104/><V13/><F75/><W120/><G120/><T124/><D124/><U128/><E128/><V117/><F117/><W88/><G90/><T40/><D40/><U131/><E131/><V52/><F41/><W113/><G113/><T134/><N who="0" m="51282" /><T99/><DORA hai="56" /><D99/><U125/><E125/><V37/><F2/><N who="0" m="1130" /><D24/><U101/><E70/><V108/><F37/><W61/><REACH who="3" step="1"/><G49/><REACH who="3" ten="83,237,440,230" step="2"/><T111/><D111/><U45/><E83/><N who="2" m="49407" /><F108/><W3/><G3/><T47/><D47/><U25/><E101/><V12/><F91/><W21/><AGARI ba="0,1" hai="14,17,21,58,61,67,72,79,80,84,88,95,96,98" machi="21" ten="20,12000,1" yaku="1,1,0,1,7,1,52,1,54,1,53,0" doraHai="20,56" doraHaiUra="44,7" who="3" fromWho="3" sc="83,-40,237,-40,440,-40,230,130" />
</Scene>
<Scene>
<INIT seed="3,1,0,3,1,62" ten="43,197,400,360" oya="3" hai0="96,72,34,112,87,84,13,95,129,46,56,113,131" hai1="91,123,36,89,27,99,50,61,116,71,14,86,83" hai2="127,74,0,94,132,117,107,2,92,119,5,97,37" hai3="53,110,59,122,26,125,39,3,124,65,134,9,24"/><W70/><G122/><T76/><D34/><U22/><E36/><V103/><F37/><W79/><G39/><T52/><D46/><U57/><E123/><V93/><F5/><W106/><G106/><T31/><D31/><U30/><E116/><V67/><F67/><W8/><G134/><T75/><D13/><U66/><E71/><V41/><F41/><W78/><G110/><T15/><D15/><U6/><E50/><V33/><F33/><W16/><G70/><T54/><D56/><U4/><E14/><V58/><F58/><W135/><G135/><T29/><D29/><U55/><E55/><N who="0" m="21033" /><D76/><N who="3" m="29225" /><G65/><T64/><D64/><U128/><E128/><N who="0" m="49225" /><D96/><U17/><E17/><V7/><F132/><W109/><G109/><T80/><D80/><U105/><E105/><V77/><F107/><W68/><G68/><T20/><D20/><U81/><E99/><V19/><F97/><W44/><G44/><T118/><D118/><U73/><E73/><N who="0" m="28233" /><D95/><U90/><REACH who="1" step="1"/><E89/><REACH who="1" ten="43,187,400,360" step="2"/><V120/><F74/><W40/><G26/><T115/><AGARI ba="1,1" hai="84,87,112,113,115" m="28233,49225,21033" machi="115" ten="40,8000,1" yaku="28,2,11,1,19,1,54,1" doraHai="62" who="0" fromWho="0" sc="43,93,187,-21,400,-21,360,-41" />
</Scene>
<Scene>
<INIT seed="4,0,0,4,3,84" ten="136,166,379,319" oya="0" hai0="7,93,94,35,105,47,126,26,67,1,45,48,46" hai1="49,53,43,16,107,62,33,129,10,100,52,127,83" hai2="18,30,42,77,6,124,54,108,32,60,110,114,57" hai3="50,133,2,56,78,58,12,27,132,71,25,15,125"/><T119/><D119/><U90/><E33/><V112/><F6/><W123/><G71/><T95/><D105/><U0/><E0/><V101/><F77/><W31/><G2/><T117/><D117/><U70/><E107/><V82/><F82/><W44/><G78/><T116/><D116/><U111/><E111/><V63/><F101/><W55/><G125/><T34/><D126/><U121/><E127/><V64/><F124/><W135/><G123/><T104/><D104/><U131/><E121/><V5/><F5/><W98/><G98/><T66/><D48/><U36/><E100/><V51/><F18/><W29/><G58/><T59/><D59/><U86/><E36/><V21/><F30/><N who="3" m="11275" /><G44/><T65/><REACH who="0" step="1"/><D26/><AGARI ba="0,0" hai="12,15,25,26,27,50,55,56,132,133,135" m="11275" machi="26" ten="40,1300,0" yaku="20,1" doraHai="84" who="3" fromWho="0" sc="136,-13,166,0,379,0,319,13" />
</Scene>
<Scene>
<INIT seed="5,0,0,0,4,58" ten="123,166,379,332" oya="1" hai0="27,135,86,129,94,36,117,10,71,85,20,19,46" hai1="72,8,100,38,28,53,91,39,106,42,18,3,112" hai2="126,77,120,12,50,35,133,81,110,82,61,107,128" hai3="89,29,96,24,83,109,73,22,101,131,37,80,115"/><U56/><E72/><V62/><F35/><W123/><G109/><T64/><D117/><U69/><E69/><V127/><F107/><W119/><G123/><T104/><D104/><U111/><E111/><V16/><F110/><W52/><G37/><T108/><D108/><U79/><E79/><V45/><F120/><W65/><G115/><T0/><D135/><U41/><E28/><V60/><F128/><W99/><G131/><T26/><D129/><U15/><E112/><V118/><F118/><W88/><G65/><T70/><D27/><U121/><E121/><V5/><F5/><W134/><G134/><T31/><D94/><U4/><E91/><N who="3" m="34890" /><G73/><T48/><D36/><U87/><E87/><V130/><F130/><W90/><G119/><T2/><D2/><U97/><E39/><V66/><F66/><W59/><G101/><T122/><D122/><U34/><E34/><V25/><F25/><W47/><G47/><T114/><D114/><U63/><REACH who="1" step="1"/><E38/><REACH who="1" ten="123,156,379,332" step="2"/><V13/><F77/><W74/><G74/><T17/><D71/><U40/><E40/><N who="2" m="24871" /><F133/><W55/><G90/><T113/><D113/><U30/><E30/><V125/><F13/><W67/><G99/><T23/><D31/><U32/><E32/><V93/><F93/><W11/><G96/><T116/><D116/><U14/><E14/><V51/><F51/><W75/><G75/><T95/><D95/><U84/><E84/><V98/><F98/><W102/><G29/><T9/><D86/><U43/><E43/><V68/><F68/><W132/><G132/><T21/><D70/><U76/><E76/><RYUUKYOKU ba="0,1" sc="123,-15,156,15,379,15,332,-15" hai1="3,4,8,15,18,41,42,53,56,63,97,100,106" hai2="12,16,60,61,62,81,82,125,126,127" />
</Scene>
<Scene>
<INIT seed="5,1,1,1,5,65" ten="108,171,394,317" oya="1" hai0="3,108,46,58,10,122,69,44,30,114,103,84,102" hai1="60,131,94,107,100,62,64,66,88,14,90,2,75" hai2="4,111,112,132,104,51,39,113,28,48,6,124,23" hai3="74,50,52,8,129,70,80,18,7,79,119,130,67"/><U31/><E2/><V33/><F104/><W40/><G40/><T134/><D108/><U73/><E131/><N who="3" m="50186" /><G119/><T135/><D114/><N who="2" m="44138" /><F111/><W83/><G18/><T99/><D122/><U86/><E31/><V37/><F132/><N who="0" m="50730" /><D30/><U87/><E107/><V81/><F81/><N who="3" m="45303" /><G67/><T93/><D84/><U126/><E126/><V97/><F97/><W45/><G70/><T36/><D36/><N who="2" m="13898" /><F124/><W38/><G38/><T57/><D103/><U22/><E100/><V117/><F117/><W0/><AGARI ba="1,1" hai="0,7,8,45,50,52,80,83" m="45303,50186" machi="0" ten="30,2000,0" yaku="19,1,54,1" doraHai="65" who="3" fromWho="3" sc="108,-6,171,-11,394,-6,317,33" />
</Scene>
<Scene>
<INIT seed="6,0,0,1,5,125" ten="102,160,388,350" oya="2" hai0="134,73,18,128,30,112,25,72,78,4,130,95,47" hai1="79,108,113,111,14,91,74,122,109,102,11,81,7" hai2="121,105,39,80,37,75,54,124,42,135,120,33,104" hai3="12,62,83,63,84,97,46,98,58,96,5,76,26"/><V43/><F54/><W10/><G58/><T110/><D110/><U119/><E102/><V131/><F80/><W99/><N who="3" m="24576" /><DORA hai="61" /><W93/><G93/><T56/><D4/><U3/><E119/><V114/><F114/><W51/><REACH who="3" step="1"/><G26/><REACH who="3" ten="102,160,388,340" step="2"/><T68/><D95/><U50/><E122/><V45/><F124/><W22/><G22/><T24/><D56/><U118/><E118/><V55/><F33/><W52/><AGARI ba="0,1" hai="5,10,12,46,51,52,62,63,76,83,84" m="24576" machi="52" ten="40,8000,1" yaku="1,1,0,1,8,1,54,1,53,0" doraHai="125,61" doraHaiUra="132,21" who="3" fromWho="3" sc="102,-20,160,-20,388,-40,340,90" />
</Scene>
<Scene>
<INIT seed="7,0,0,3,5,0" ten="82,140,348,430" oya="3" hai0="57,8,6,68,37,135,78,111,66,46,25,124,59" hai1="94,96,102,72,34,105,3,84,13,91,41,103,93" hai2="108,131,97,116,12,99,112,87,2,101,14,126,117" hai3="48,88,1,90,100,127,32,63,121,77,86,89,61"/><W51/><G1/><T31/><D111/><U18/><E34/><V114/><F87/><W119/><G121/><T16/><D124/><U69/><E69/><V106/><F2/><W120/><G120/><T10/><D135/><U130/><E3/><V125/><F108/><W104/><G32/><T9/><D78/><U35/><E35/><V115/><F131/><W134/><G119/><N who="2" m="45641" /><F14/><W26/><G127/><N who="2" m="48649" /><F12/><W4/><G134/><T92/><D31/><U33/><E130/><V52/><F52/><W65/><G26/><T38/><D92/><U71/><E71/><V133/><F133/><W80/><G61/><T76/><D76/><U73/><E33/><V45/><F45/><W22/><G22/><T15/><D25/><U74/><E41/><V79/><F79/><W55/><G55/><T62/><D6/><U47/><E47/><V128/><F128/><W85/><G4/><T64/><D46/><U132/><E132/><V49/><F49/><W53/><G86/><T129/><D129/><U122/><E122/><V107/><F101/><W83/><G53/><T39/><REACH who="0" step="1"/><D68/><REACH who="0" ten="72,140,348,430" step="2"/><U118/><E93/><V109/><F109/><W23/><G77/><T20/><D20/><U110/><E94/><V24/><F24/><W7/><G23/><T60/><AGARI ba="0,1" hai="8,9,10,15,16,37,38,39,57,59,60,62,64,66" machi="60" ten="40,8000,1" yaku="1,1,0,1,9,1,54,1,53,0" doraHai="0" doraHaiUra="123" who="0" fromWho="0" sc="72,90,140,-20,348,-20,430,-40" owari="162,-24.0,120,-38.0,328,13.0,390,49.0" />
</Scene>
</mjloggm>