<mjloggm ver="2.3"><GO type="169"/><UN n0="%E3%81%A7%E3%81%93%E3%81%98" n1="%E5%A4%AA%E3%81%8F%E3%81%AA%E3%81%84%E3%81%8A" n2="%E3%83%9A%E3%83%81%E3%83%A7%E3%83%BC%E3%83%AA%E3%83%B3" n3="%4E%49%53%48%49" dan="17,18,17,16" rate="2154,2214,2174,2066" sx="M,M,M,M"/><TAIKYOKU oya="0"/>

<Scene>
<INIT seed="0,0,0,1,4,118" ten="250,250,250,250" oya="0" hai0="95,12,96,76,74,123,47,116,71,63,15,51,114" hai1="21,135,22,6,49,18,54,25,108,10,45,24,0" hai2="27,129,46,42,127,124,23,73,11,41,119,105,60" hai3="94,134,58,68,65,5,34,98,9,107,57,88,2"/><T92/><D116/><U103/><E108/><V113/><F119/><W20/><G34/><T52/><D114/><U64/><E135/><V69/><F105/><W91/><G134/><T85/><D74/><U101/><REACH who="1" step="1"/><E64/><REACH who="1" ten="250,240,250,250" step="2"/><V17/><F113/><W28/><G65/><T16/><D123/><U130/><E130/><V122/><F129/><W102/><G68/><T31/><D71/><U80/><E80/><V111/><F111/><W14/><G91/><N who="0" m="53359" /><D76/><U56/><E56/><V67/><F122/><W59/><G59/><N who="0" m="35303" /><D31/><AGARI ba="0,1" hai="0,6,10,18,21,22,24,25,31,45,49,54,101,103" machi="31" ten="30,2000,0" yaku="1,1,7,1,53,0" doraHai="118" doraHaiUra="112" who="1" fromWho="0" sc="250,-20,240,30,250,0,250,0" />
</Scene>
<Scene>
<INIT seed="1,0,0,2,4,123" ten="230,270,250,250" oya="1" hai0="77,10,70,99,57,33,112,69,131,8,121,18,12" hai1="128,28,126,100,88,87,95,64,20,119,0,29,9" hai2="32,115,27,113,133,3,103,62,45,46,52,63,41" hai3="83,19,89,39,102,118,48,114,66,106,65,125,129"/><U80/><E119/><V42/><F3/><W76/><G39/><T14/><D112/><N who="2" m="43082" /><F103/><W122/><G122/><T117/><D117/><U109/><E126/><V7/><F7/><W23/><G102/><T78/><D121/><U72/><E128/><V59/><F32/><W98/><G106/><T58/><D33/><U110/><E64/><N who="2" m="39007" /><F27/><W5/><G129/><T38/><D38/><U74/><E100/><V21/><F21/><W40/><G5/><T101/><D131/><U30/><E20/><V116/><F133/><W51/><G118/><T127/><D127/><U36/><E36/><V50/><F116/><W97/><G19/><T96/><D101/><U82/><E0/><V75/><F75/><N who="1" m="28713" /><E9/><V34/><F34/><W60/><G23/><T120/><D120/><U124/><E124/><V4/><F4/><W22/><G22/><T130/><D130/><U15/><E15/><V108/><F63/><W44/><G60/><T1/><D1/><U107/><E107/><V56/><F108/><AGARI ba="0,0" hai="28,29,30,80,82,87,88,95,108,109,110" m="28713" machi="108" ten="40,18000,2" yaku="14,1,10,1,52,3,54,1" doraHai="123" who="1" fromWho="2" sc="230,0,270,180,250,-180,250,0" />
</Scene>
<Scene>
<INIT seed="1,1,0,1,4,53" ten="230,450,70,250" oya="1" hai0="121,10,63,32,109,12,59,90,29,41,66,22,81" hai1="49,61,44,73,28,99,19,1,87,8,24,114,135" hai2="58,47,37,134,111,92,34,2,71,101,21,108,16" hai3="75,67,127,43,128,117,70,120,65,69,15,33,132"/><U52/><E114/><V80/><F71/><W76/><G15/><T23/><D109/><N who="2" m="42058" /><F34/><W46/><G76/><T129/><D129/><U60/><E73/><V122/><F2/><W11/><G11/><T78/><D121/><U89/><E135/><V13/><F122/><W105/><G33/><T45/><D32/><U102/><E1/><V51/><F80/><W107/><G105/><T125/><D90/><U38/><E38/><V0/><F0/><W62/><G107/><T83/><D125/><U14/><E99/><N who="2" m="59623" /><F134/><W9/><G75/><T55/><D29/><U119/><E102/><V88/><F37/><W97/><G97/><T26/><D26/><U86/><E119/><V94/><F47/><W72/><G72/><T100/><D100/><U64/><E64/><V123/><F123/><W25/><G132/><T110/><D66/><U112/><E112/><V130/><F130/><W5/><G65/><T40/><D110/><U42/><E42/><N who="0" m="16489" /><D45/><U124/><E124/><V95/><F88/><W126/><G128/><T79/><D83/><N who="1" m="49375" /><E87/><V30/><F30/><W57/><G120/><T133/><D133/><U56/><E44/><V93/><F51/><W39/><G117/><T82/><D82/><U104/><E104/><V131/><F131/><W84/><G127/><T18/><D81/><U48/><E48/><V115/><F115/><W77/><G126/><T98/><D98/><U36/><E36/><V6/><F6/><W27/><G5/><T7/><D7/><U50/><E50/><V106/><F106/><W103/><G39/><T74/><D74/><U91/><E91/><RYUUKYOKU ba="1,0" sc="230,10,450,10,70,10,250,-30" hai0="10,12,18,22,23,55,59,63,78,79" hai1="8,14,19,24,28,49,52,56,60,61" hai2="13,16,21,58,93,94,95" />
</Scene>
<Scene>
<INIT seed="1,2,0,4,0,96" ten="240,460,80,220" oya="1" hai0="111,53,69,135,2,131,62,124,55,97,119,86,18" hai1="66,64,13,98,15,108,32,29,78,104,50,73,11" hai2="25,42,36,46,63,10,121,117,24,71,72,99,92" hai3="116,85,38,123,61,41,106,113,126,122,105,59,4"/><U16/><E73/><V68/><F121/><W120/><G4/><T47/><D119/><U118/><E118/><V79/><F117/><W12/><G116/><T23/><D2/><U107/><E78/><V22/><F24/><W35/><G12/><T48/><D111/><U70/><E108/><V77/><F10/><W82/><G35/><T94/><D124/><U76/><E76/><V0/><F0/><W21/><G21/><T34/><D34/><U87/><E87/><V84/><F84/><W7/><G7/><T95/><D131/><U9/><E50/><V133/><F133/><W91/><G113/><T44/><D135/><U37/><E37/><V57/><F71/><W40/><G38/><T115/><D115/><U125/><E125/><V80/><F68/><W58/><G126/><T103/><D69/><U109/><E109/><V1/><F1/><W49/><G49/><N who="0" m="28839" /><D62/><U132/><E132/><V81/><F79/><W101/><G61/><T60/><D60/><U56/><E56/><V134/><F134/><W39/><G39/><T129/><D129/><U31/><E70/><V6/><F6/><W65/><G59/><T75/><D75/><U112/><E112/><V26/><F81/><W67/><G58/><T90/><D23/><U74/><E74/><V20/><F20/><W128/><G128/><T30/><D30/><N who="1" m="11275" /><E32/><V114/><F22/><W89/><G123/><T28/><D28/><U3/><E3/><V102/><REACH who="2" step="1"/><F114/><REACH who="2" ten="240,460,70,220" step="2"/><W43/><G122/><T110/><D110/><U130/><E130/><V8/><F8/><W52/><G120/><T51/><D18/><RYUUKYOKU ba="2,1" sc="240,15,460,-15,70,15,220,-15" hai0="47,48,51,55,86,90,94,95,97,103" hai2="25,26,36,42,46,57,63,72,77,80,92,99,102" />
</Scene>
<Scene>
<INIT seed="2,3,1,5,3,124" ten="255,445,85,205" oya="2" hai0="132,60,93,94,0,100,24,55,12,59,113,7,66" hai1="58,16,99,17,121,81,5,104,21,83,105,13,78" hai2="85,42,130,46,115,6,98,69,76,45,90,117,43" hai3="88,23,18,106,131,50,86,27,39,87,15,129,30"/><V118/><F69/><W4/><G106/><T31/><D113/><U41/><E121/><V65/><F115/><W10/><G39/><T62/><D0/><U119/><E119/><V91/><F65/><W82/><G50/><T38/><D38/><U126/><E126/><V9/><F98/><W96/><G96/><T116/><D116/><U61/><E41/><V32/><F32/><W3/><REACH who="3" step="1"/><G87/><REACH who="3" ten="255,445,85,195" step="2"/><T70/><D132/><U92/><E105/><V64/><F85/><W35/><AGARI ba="3,2" hai="3,4,10,15,18,23,27,30,35,82,86,88,129,131" machi="35" ten="30,16000,3" yaku="1,1,2,1,0,1,24,2,52,2,54,1,53,1" doraHai="124" doraHaiUra="28" who="3" fromWho="3" sc="255,-43,445,-43,85,-83,195,189" />
</Scene>
<Scene>
<INIT seed="3,0,0,1,4,102" ten="212,402,2,384" oya="3" hai0="41,5,1,104,83,36,63,92,18,111,12,118,66" hai1="57,124,93,76,17,128,108,94,54,51,133,50,74" hai2="32,56,67,119,68,130,46,134,115,96,98,103,112" hai3="113,52,71,21,59,27,86,53,135,109,125,85,6"/><W61/><G113/><T3/><D118/><U75/><E108/><V19/><F119/><W80/><G109/><T70/><D111/><U116/><E116/><V73/><F73/><W44/><G71/><T38/><D92/><U49/><E124/><V37/><F32/><W13/><G125/><T11/><D83/><U22/><E128/><V39/><F68/><W7/><G135/><T99/><D41/><U106/><E106/><V91/><F91/><W58/><G44/><T95/><D1/><U123/><E123/><V82/><F82/><W8/><G6/><T72/><D72/><U10/><E133/><V23/><F134/><W0/><G0/><T131/><D131/><U24/><E74/><V15/><F130/><W55/><G80/><T78/><D78/><U29/><E76/><V4/><F4/><W16/><G55/><T110/><D110/><U30/><E75/><V121/><F121/><W132/><G132/><T87/><D87/><U14/><E29/><V33/><F33/><W88/><G88/><T84/><D84/><U34/><E34/><V62/><F96/><W127/><G127/><T97/><D97/><U77/><E77/><V89/><F89/><W90/><G90/><T40/><D40/><U101/><E101/><V25/><F25/><W45/><G45/><T35/><D35/><U31/><E31/><V28/><F28/><W9/><G9/><N who="0" m="6415" /><D104/><U79/><E79/><V2/><F2/><W105/><G105/><T126/><D126/><U65/><E65/><V117/><F117/><W48/><AGARI ba="0,0" hai="7,8,13,16,21,27,48,52,53,58,59,61,85,86" machi="48" ten="20,12000,1" yaku="0,1,7,1,8,1,54,2" doraHai="102" who="3" fromWho="3" sc="212,-40,402,-40,2,-40,384,120" owari="172,-23.0,362,16.0,-38,-54.0,504,61.0" />
</Scene>
</mjloggm>