<mjloggm ver="2.3"><GO type="169"/><UN n0="%E8%8A%8B%EF%BC%A0%EF%BC%90%EF%BC%98%E2%80%99" n1="%56%65%6E%75%73%53%61%79" n2="%E5%A4%AA%E3%81%8F%E3%81%AA%E3%81%84%E3%81%8A" n3="%E7%82%BA%E5%A4%AA%E9%83%8E" dan="16,17,16,16" rate="2095,2229,2083,2033" sx="M,M,M,M"/><TAIKYOKU oya="0"/>

<Scene>
<INIT seed="0,0,0,2,2,20" ten="250,250,250,250" oya="0" hai0="23,63,38,99,114,2,7,24,29,27,86,31,16" hai1="71,59,3,13,0,45,33,92,52,19,26,42,102" hai2="36,128,22,122,107,6,131,14,120,81,134,80,53" hai3="68,47,15,61,82,51,112,48,85,17,65,73,124"/><T34/><D38/><U25/><E71/><V72/><F107/><W104/><G112/><T8/><D114/><U55/><E33/><V129/><F36/><W75/><G104/><T67/><D86/><U84/><E3/><V111/><F111/><W57/><G51/><T123/><D123/><N who="2" m="47146" /><F134/><W101/><G101/><T87/><D99/><N who="1" m="59751" /><E0/><V130/><F130/><W100/><G100/><T105/><D105/><U62/><E42/><V78/><F80/><W103/><G103/><T113/><D113/><U64/><E84/><V21/><F53/><N who="1" m="20553" /><E45/><V133/><F133/><W98/><G98/><T125/><D125/><U43/><E43/><V70/><F70/><W40/><G124/><T121/><D121/><U110/><E110/><V135/><F135/><W116/><G68/><T126/><D126/><U28/><E28/><V69/><F69/><W132/><G116/><T37/><D87/><U127/><E127/><V97/><F97/><W79/><REACH who="3" step="1"/><G132/><REACH who="3" ten="250,250,250,240" step="2"/><T93/><D37/><U10/><AGARI ba="0,1" hai="10,13,19,25,26,59,62,64" m="20553,59751" machi="10" ten="30,7900,0" yaku="8,1,52,2,54,1" doraHai="20" who="1" fromWho="1" sc="250,-39,250,89,250,-20,240,-20" />
</Scene>
<Scene>
<INIT seed="1,0,0,2,3,20" ten="211,339,230,220" oya="1" hai0="11,122,62,18,85,121,133,105,8,95,70,96,12" hai1="129,4,31,114,104,125,130,113,116,87,90,50,119" hai2="99,63,82,76,37,64,128,132,120,127,0,2,126" hai3="71,23,102,13,68,56,117,3,24,81,52,54,77"/><U58/><E4/><V49/><F120/><N who="0" m="46186" /><D133/><U21/><E50/><V30/><F37/><W32/><G3/><T25/><D105/><U36/><E36/><V118/><F118/><N who="1" m="45097" /><E58/><N who="2" m="36983" /><F132/><W27/><G117/><T26/><D85/><U79/><E104/><V88/><F128/><N who="1" m="49257" /><E125/><N who="2" m="47627" /><F49/><W109/><G109/><T22/><D70/><U65/><E65/><V7/><F7/><W89/><G102/><N who="0" m="60703" /><D62/><U55/><E55/><V115/><F115/><N who="1" m="44041" /><E79/><V53/><F53/><W107/><G107/><T1/><D1/><U59/><E59/><V134/><F134/><W131/><G131/><T75/><D8/><U69/><E69/><V67/><F67/><W43/><G68/><T86/><D11/><U10/><E10/><V15/><F76/><W108/><G71/><T73/><D12/><U93/><E31/><V16/><F30/><W51/><G13/><T97/><D25/><U74/><E21/><N who="2" m="11423" /><F99/><W29/><G54/><T5/><D97/><U46/><E46/><V106/><F106/><W98/><G43/><T124/><D124/><U14/><E14/><V94/><F2/><W45/><G45/><T19/><D5/><U103/><E103/><V48/><F48/><W42/><G42/><T135/><D19/><U92/><E74/><V17/><F17/><N who="3" m="12399" /><G98/><T91/><D135/><U40/><E40/><V44/><F44/><W78/><G77/><T47/><D47/><U60/><E60/><V6/><F6/><W33/><G78/><T38/><D38/><U61/><E61/><V41/><F41/><W57/><G52/><T84/><D73/><U9/><E9/><V101/><F0/><RYUUKYOKU ba="0,0" sc="211,-10,339,30,230,-10,220,-10" hai1="87,90,92,93" />
</Scene>
<Scene>
<INIT seed="1,1,0,2,4,101" ten="201,369,220,210" oya="1" hai0="40,27,102,60,81,91,69,30,3,124,18,34,113" hai1="98,53,38,47,33,52,66,28,80,21,100,42,16" hai2="26,67,97,59,110,10,54,87,129,39,32,95,48" hai3="1,41,23,88,76,19,127,11,135,44,9,79,73"/><U121/><E121/><V51/><F39/><W115/><G115/><T109/><D113/><U112/><E112/><V14/><F129/><W93/><G135/><T84/><D3/><U125/><E125/><V17/><F110/><W46/><G46/><T57/><D109/><U86/><E66/><V107/><F67/><W92/><G127/><T55/><D124/><U8/><E8/><V105/><F87/><W99/><G93/><T108/><D108/><U118/><E28/><V96/><F51/><W36/><G73/><T78/><D69/><U65/><E33/><V61/><F48/><W89/><G89/><T70/><D70/><U22/><E22/><V63/><F63/><W25/><G11/><T116/><D116/><U126/><E65/><V58/><F58/><W0/><G1/><T77/><D40/><U62/><E62/><V64/><F64/><W68/><REACH who="3" step="1"/><G68/><REACH who="3" ten="201,369,220,200" step="2"/><T90/><D90/><U50/><E126/><V75/><F75/><W20/><G20/><T103/><D34/><U82/><E118/><V6/><F32/><W4/><AGARI ba="1,1" hai="0,4,9,19,23,25,36,41,44,76,79,88,92,99" machi="4" ten="30,4000,0" yaku="1,1,0,1,54,1,53,0" doraHai="101" doraHaiUra="56" who="3" fromWho="3" sc="201,-11,369,-21,220,-11,200,53" />
</Scene>
<Scene>
<INIT seed="2,0,0,3,2,63" ten="190,348,209,253" oya="2" hai0="109,31,64,16,100,51,34,60,50,96,76,91,98" hai1="57,33,67,122,110,80,61,27,56,131,2,20,90" hai2="127,112,78,130,44,0,119,45,72,47,126,123,55" hai3="88,114,42,43,35,52,124,54,92,36,46,66,58"/><V106/><F123/><W120/><G35/><T83/><D34/><U134/><E2/><V49/><F119/><W62/><G120/><T81/><D31/><U21/><E122/><V77/><F106/><W4/><G4/><T39/><D39/><U48/><E134/><V14/><F0/><W9/><G9/><T104/><D109/><U69/><E110/><V8/><F112/><W1/><G1/><T135/><D135/><U87/><E131/><V37/><F130/><W74/><G74/><T41/><D41/><U84/><E69/><V89/><F89/><W12/><G124/><N who="2" m="47657" /><F37/><W11/><G114/><T17/><D51/><U10/><E10/><V3/><F3/><W68/><G43/><T85/><D50/><U75/><E75/><V111/><F111/><W18/><G68/><T28/><D28/><U93/><E33/><V101/><F101/><W59/><G59/><T118/><D118/><U105/><E105/><V22/><F22/><W5/><G5/><T108/><D108/><U86/><E27/><V26/><F26/><W95/><G95/><T30/><D30/><U115/><E115/><V7/><F72/><W113/><G113/><T103/><D103/><U107/><E107/><V40/><F40/><W73/><G73/><T116/><D116/><U6/><E6/><V23/><F23/><N who="1" m="8777" /><E93/><V32/><F32/><W70/><G70/><N who="0" m="42247" /><D83/><U121/><E121/><V99/><F99/><AGARI ba="0,0" hai="11,12,18,36,42,46,52,54,58,62,66,88,92,99" machi="99" ten="30,7700,0" yaku="7,1,52,1,54,2" doraHai="63" who="3" fromWho="2" sc="190,0,348,0,209,-77,253,77" />
</Scene>
<Scene>
<INIT seed="3,0,0,5,4,88" ten="190,348,132,330" oya="3" hai0="51,128,7,126,32,45,17,55,109,21,111,79,15" hai1="4,3,76,83,123,16,106,94,77,75,108,130,40" hai2="110,44,71,19,72,36,85,135,84,56,121,33,34" hai3="97,47,5,49,22,119,120,95,112,65,80,25,82"/><W43/><G120/><T46/><D32/><U0/><E106/><V23/><F71/><W81/><G119/><T13/><D128/><U58/><E123/><V42/><F121/><W52/><G112/><T134/><D134/><U54/><E130/><V6/><F72/><W28/><G65/><T20/><D79/><U63/><E108/><N who="0" m="41545" /><D126/><U102/><E40/><V101/><F110/><W124/><G5/><T78/><D78/><U67/><E77/><V66/><F135/><W125/><REACH who="3" step="1"/><G43/><REACH who="3" ten="190,348,132,320" step="2"/><T31/><D7/><U104/><E4/><V87/><F6/><W93/><G93/><T8/><D55/><U90/><E67/><V91/><F66/><W50/><G50/><T35/><D51/><U24/><E104/><V74/><F42/><W11/><G11/><T129/><D8/><U14/><E3/><V61/><F61/><W103/><AGARI ba="0,1" hai="22,25,28,47,49,52,80,81,82,95,97,103,124,125" machi="103" ten="30,11700,0" yaku="1,1,0,1,52,1,54,1,53,0" doraHai="88" doraHaiUra="2" who="3" fromWho="3" sc="190,-39,348,-39,132,-39,320,127" />
</Scene>
<Scene>
<INIT seed="3,1,0,1,3,4" ten="151,309,93,447" oya="3" hai0="34,132,84,27,63,13,30,35,6,78,15,52,77" hai1="104,21,91,75,53,128,92,106,25,3,50,116,130" hai2="80,28,16,108,102,111,9,37,51,99,126,0,79" hai3="45,49,81,7,5,83,110,22,60,127,134,38,56"/><W112/><G112/><T61/><D35/><U39/><E39/><V72/><F126/><W20/><G134/><T107/><D107/><U119/><E3/><V62/><F37/><W85/><G127/><T133/><D84/><N who="1" m="52327" /><E75/><V120/><F120/><W42/><G83/><T40/><D40/><U73/><E73/><V123/><F123/><W98/><G98/><T33/><D6/><N who="3" m="2057" /><G110/><N who="2" m="42025" /><F0/><W57/><G57/><T66/><D27/><U67/><E67/><V93/><F28/><W58/><G58/><T1/><D1/><U55/><E55/><V86/><F62/><W12/><G12/><T109/><D109/><U14/><E14/><N who="2" m="7247" /><F51/><W121/><G38/><T115/><D66/><U114/><E114/><V89/><F72/><W87/><G87/><T29/><REACH who="0" step="1"/><D115/><REACH who="0" ten="141,309,93,447" step="2"/><U31/><E106/><V76/><AGARI ba="1,1" hai="76,79,80,86,89,93,99,102" m="7247,42025" machi="76" ten="30,4000,0" yaku="14,1,52,1,54,1" doraHai="4" who="2" fromWho="2" sc="141,-11,309,-11,93,53,447,-21" />
</Scene>
<Scene>
<INIT seed="4,0,0,0,0,65" ten="130,298,146,426" oya="0" hai0="104,97,25,126,115,46,127,92,12,10,116,114,120" hai1="123,90,52,133,134,79,15,122,60,19,99,48,82" hai2="24,29,13,130,43,16,75,102,88,45,42,128,0" hai3="41,27,84,131,70,40,64,67,85,26,31,119,83"/><T69/><D116/><U113/><E60/><V125/><F75/><W54/><G119/><T109/><D120/><U38/><E38/><V39/><F0/><W47/><G131/><N who="2" m="50217" /><F125/><W11/><G11/><T95/><D109/><U129/><E129/><V110/><F110/><W56/><G84/><T103/><D69/><U74/><E113/><N who="0" m="43017" /><D25/><U63/><E63/><V4/><F102/><W35/><G27/><T105/><D46/><N who="1" m="27671" /><E90/><V108/><F108/><W132/><G70/><T51/><D51/><U28/><E99/><V91/><F4/><W18/><G132/><N who="1" m="50794" /><E28/><V9/><F43/><W32/><G41/><T57/><D57/><U55/><E55/><V44/><F45/><W73/><G35/><AGARI ba="0,0" hai="9,13,16,24,29,35,39,42,44,88,91" m="50217" machi="35" ten="30,3900,0" yaku="19,1,54,2" doraHai="65" who="2" fromWho="3" sc="130,0,298,0,146,39,426,-39" />
</Scene>
<Scene>
<INIT seed="5,0,0,0,4,87" ten="130,298,185,387" oya="1" hai0="9,20,47,132,95,86,2,7,72,70,76,59,113" hai1="69,65,19,24,61,71,96,46,97,85,79,50,131" hai2="122,6,91,11,0,134,57,22,75,62,89,40,107" hai3="39,106,90,53,25,111,52,116,32,81,84,92,66"/><U37/><E37/><V17/><F122/><W88/><G39/><T123/><D70/><U78/><E71/><V49/><F75/><W60/><G111/><T100/><D123/><U74/><E74/><V115/><F107/><W41/><G41/><T36/><D113/><U23/><E131/><V42/><F134/><W114/><G106/><T14/><D132/><U77/><REACH who="1" step="1"/><E85/><REACH who="1" ten="130,288,185,387" step="2"/><V55/><F115/><W73/><G114/><T21/><D72/><U33/><E33/><V129/><F129/><W119/><G73/><T56/><D36/><U133/><E133/><V108/><F108/><W64/><G32/><T103/><D86/><U54/><AGARI ba="0,1" hai="19,23,24,46,50,54,61,65,69,77,78,79,96,97" machi="54" ten="30,6000,0" yaku="1,1,0,1,53,1" doraHai="87" doraHaiUra="51" who="1" fromWho="1" sc="130,-20,288,70,185,-20,387,-20" />
</Scene>
<Scene>
<INIT seed="5,1,0,4,4,86" ten="110,358,165,367" oya="1" hai0="52,20,69,41,0,91,24,114,129,46,81,101,38" hai1="130,99,53,5,32,48,77,95,109,118,132,106,120" hai2="51,43,33,58,128,78,68,2,84,37,22,60,65" hai3="4,74,102,121,55,71,10,27,85,64,40,112,116"/><U113/><E5/><V21/><F33/><W104/><G121/><T7/><D69/><U14/><E77/><V1/><F128/><W11/><G116/><T108/><D129/><U23/><E23/><N who="2" m="8715" /><F78/><W80/><G74/><T117/><D117/><U31/><E14/><V83/><F84/><W29/><G40/><T115/><D108/><U103/><E95/><V110/><F83/><W25/><G55/><T131/><D131/><U62/><E62/><V6/><F6/><W75/><G75/><T9/><D101/><U79/><E103/><V87/><F87/><W15/><G112/><N who="0" m="43051" /><D81/><U122/><E48/><V100/><F100/><W135/><G135/><T76/><D76/><U111/><E53/><N who="2" m="32063" /><F110/><W45/><G45/><AGARI ba="1,0" hai="1,2,37,43,45,60,65,68" m="32063,8715" machi="45" ten="30,1000,0" yaku="24,1" doraHai="86" who="2" fromWho="3" sc="110,0,358,0,165,13,367,-13" />
</Scene>
<Scene>
<INIT seed="6,0,0,2,4,5" ten="110,358,178,354" oya="2" hai0="113,81,57,59,102,118,95,121,46,52,96,86,19" hai1="66,20,9,35,73,114,85,88,22,56,23,47,107" hai2="45,106,119,82,33,109,78,116,34,15,7,70,120" hai3="69,111,8,58,130,21,17,62,103,24,108,72,3"/><V92/><F120/><W4/><G72/><T50/><D113/><U83/><E35/><V123/><F123/><W76/><G69/><T27/><D121/><U11/><E107/><V28/><F106/><W104/><G76/><T99/><D118/><U48/><E73/><V94/><F70/><W44/><G44/><T97/><D59/><U105/><E105/><V126/><F45/><W93/><G104/><T100/><D100/><U98/><E98/><V14/><F28/><W75/><G75/><T125/><D125/><U101/><E101/><V134/><F126/><W112/><G130/><T87/><D87/><U90/><E90/><V32/><F134/><W2/><G2/><T63/><D27/><U6/><E6/><V29/><F29/><N who="3" m="17551" /><G112/><T1/><D19/><U10/><E114/><V61/><F109/><W133/><G17/><T30/><D1/><U67/><E56/><V77/><F61/><W53/><G133/><T124/><D30/><U40/><AGARI ba="0,0" hai="9,10,11,20,22,23,40,47,48,66,67,83,85,88" machi="40" ten="30,12000,2" yaku="0,1,8,1,52,3,54,1" doraHai="5" who="1" fromWho="1" sc="110,-30,358,120,178,-60,354,-30" />
</Scene>
<Scene>
<INIT seed="7,0,0,4,5,97" ten="80,478,118,324" oya="3" hai0="103,76,27,49,106,69,77,19,123,118,61,109,11" hai1="34,3,126,46,8,91,80,107,33,111,85,50,122" hai2="23,72,13,47,12,29,21,101,16,120,94,100,82" hai3="114,31,22,92,79,75,62,90,2,14,10,73,133"/><W42/><G114/><T48/><D109/><U35/><E122/><V17/><F120/><W5/><G133/><T87/><D123/><U102/><E111/><V89/><F29/><W55/><G42/><T124/><D118/><U81/><E126/><V99/><F47/><W127/><G127/><T36/><D36/><U108/><E108/><V64/><F64/><W116/><G116/><T56/><D69/><U54/><E107/><V93/><F93/><W84/><G79/><AGARI ba="0,0" hai="12,13,16,17,21,23,72,79,82,89,94,99,100,101" machi="79" ten="40,8000,1" yaku="9,1,52,2,54,1" doraHai="97" who="2" fromWho="3" sc="80,0,478,0,118,80,324,-80" owari="80,-42.0,478,58.0,198,-20.0,244,4.0" />
</Scene>
</mjloggm>