<mjloggm ver="2.3"><GO type="169"/><UN n0="%59%48%56%48" n1="%E5%A4%AA%E3%81%8F%E3%81%AA%E3%81%84%E3%81%8A" n2="%E3%81%8B%E3%81%92%E3%81%8D%E3%82%85%E3%81%86" n3="%E5%B9%B3%E5%B1%B1%E9%9B%B2%E5%94%AF" dan="16,18,16,17" rate="2058,2204,2024,2120" sx="F,M,M,M"/><TAIKYOKU oya="0"/>

<Scene>
<INIT seed="0,0,0,2,1,49" ten="250,250,250,250" oya="0" hai0="13,115,23,16,8,60,62,121,51,20,0,133,77" hai1="35,107,46,66,112,4,88,131,65,68,103,22,102" hai2="127,27,94,99,7,45,83,130,58,116,54,38,90" hai3="76,80,64,100,125,97,26,73,124,52,15,101,75"/><T87/><D121/><U11/><E35/><V123/><F123/><W95/><G64/><T34/><D115/><U70/><E22/><V44/><F116/><W117/><G117/><T48/><D34/><U85/><E46/><N who="2" m="18027" /><F130/><W61/><G26/><T122/><D122/><U91/><E131/><V111/><F38/><W17/><G75/><T12/><D133/><U21/><E21/><V110/><F127/><W98/><G61/><N who="0" m="23659" /><D0/><U74/><E74/><V5/><F27/><W132/><G132/><T25/><D77/><U109/><E112/><V29/><F29/><W93/><G52/><T19/><D87/><U81/><E107/><V31/><F83/><W57/><G57/><T69/><D69/><U89/><E70/><V114/><F31/><AGARI ba="0,0" hai="8,12,13,16,19,20,23,25,31,48,51" m="23659" machi="31" ten="30,2900,0" yaku="8,1,54,1" doraHai="49" who="0" fromWho="2" sc="250,29,250,0,250,-29,250,0" />
</Scene>
<Scene>
<INIT seed="0,1,0,0,5,125" ten="279,250,221,250" oya="0" hai0="92,75,60,134,21,91,116,25,8,44,19,85,113" hai1="1,40,34,69,31,132,49,67,46,18,72,117,23" hai2="54,99,97,24,33,104,83,42,74,65,93,135,39" hai3="58,101,108,12,95,90,26,11,51,119,126,131,98"/><T77/><D116/><U36/><E117/><V70/><F135/><W7/><G119/><T107/><D113/><U15/><E72/><V4/><F54/><W123/><G126/><T27/><D107/><U130/><E1/><V109/><F93/><W120/><G108/><T5/><D134/><U53/><E132/><V61/><F97/><W133/><G133/><T0/><D75/><U128/><E31/><N who="2" m="19687" /><F4/><W102/><G26/><T110/><D110/><U106/><E34/><V118/><F118/><W122/><G51/><T115/><D115/><U87/><E106/><V71/><F109/><W41/><G58/><T88/><D77/><U86/><E86/><V47/><F70/><W37/><G41/><T50/><D60/><N who="1" m="40167" /><E87/><V66/><F66/><W68/><G37/><T79/><D79/><U48/><E48/><V62/><F62/><W103/><G68/><T81/><D25/><U43/><E36/><V2/><F83/><W82/><G82/><T57/><D57/><U80/><E80/><V73/><F2/><W96/><G96/><T28/><D28/><U56/><E56/><V13/><F13/><W76/><G76/><T78/><REACH who="0" step="1"/><D92/><REACH who="0" ten="269,250,221,250" step="2"/><U112/><E112/><V55/><F74/><W111/><G111/><T59/><D59/><U89/><E89/><V35/><F73/><W3/><G95/><T129/><D129/><AGARI ba="1,1" hai="15,18,23,40,43,46,49,53,128,129,130" m="40167" machi="129" ten="30,7700,0" yaku="19,1,52,3" doraHai="125" who="1" fromWho="0" sc="269,-80,250,90,221,0,250,0" />
</Scene>
<Scene>
<INIT seed="1,0,0,0,3,67" ten="189,340,221,250" oya="1" hai0="86,122,16,18,103,74,80,115,117,64,97,1,59" hai1="119,51,7,114,42,84,58,79,104,126,23,73,91" hai2="113,32,76,40,5,108,101,109,45,60,26,57,34" hai3="110,21,87,28,72,49,52,65,27,82,71,83,2"/><U11/><E119/><V19/><F5/><W61/><G2/><T39/><D117/><U35/><E35/><V134/><F113/><W13/><G110/><N who="2" m="42601" /><F134/><W92/><G72/><T85/><D115/><U48/><E114/><V112/><F112/><W118/><G118/><T17/><D39/><U33/><E33/><V81/><F101/><W54/><G54/><T78/><D1/><U31/><E104/><V15/><F26/><W6/><G6/><T127/><D127/><U96/><E126/><V121/><F121/><W68/><G13/><T0/><D0/><U128/><E128/><V70/><F70/><W120/><G120/><T25/><D122/><U46/><E96/><V99/><F99/><W4/><G4/><T14/><D25/><N who="1" m="16831" /><E73/><N who="2" m="43151" /><F15/><W24/><G24/><T133/><D133/><U44/><E79/><V38/><F19/><W98/><G87/><T95/><REACH who="0" step="1"/><D14/><REACH who="0" ten="179,340,221,250" step="2"/><N who="1" m="5503" /><E58/><V62/><F57/><W22/><G68/><T135/><D135/><U37/><E37/><V47/><F38/><W125/><G125/><T90/><D90/><U12/><E12/><V69/><F32/><W124/><G124/><T43/><D43/><N who="1" m="24607" /><E91/><V63/><F34/><W30/><G30/><T41/><D41/><U111/><E111/><V100/><F40/><W9/><G71/><T29/><D29/><U89/><E89/><V50/><F45/><W36/><G36/><T105/><D105/><U20/><E20/><V123/><F47/><W53/><G22/><T88/><D88/><U116/><E116/><V56/><F123/><W129/><G21/><T102/><D102/><U3/><E3/><RYUUKYOKU ba="0,1" sc="179,15,340,15,221,-15,250,-15" hai0="16,17,18,59,64,74,78,80,85,86,95,97,103" hai1="42,46,51,84" />
</Scene>
<Scene>
<INIT seed="1,1,1,2,2,15" ten="194,355,206,235" oya="1" hai0="16,19,126,132,82,102,101,33,12,88,83,18,119" hai1="2,112,43,23,135,72,80,89,99,38,129,65,11" hai2="50,52,79,96,124,56,69,34,90,28,84,94,51" hai3="0,92,95,73,25,22,44,91,67,42,123,131,93"/><U78/><E112/><V77/><F69/><W106/><G123/><T74/><D119/><U134/><E65/><V45/><F124/><W41/><G106/><T133/><D33/><U54/><E129/><V97/><F28/><W53/><G0/><T86/><D126/><U128/><E128/><V4/><F4/><W98/><G73/><T46/><D46/><N who="1" m="23927" /><E54/><V75/><F34/><W68/><G131/><T110/><D110/><U39/><E39/><V24/><F24/><W57/><G68/><T103/><REACH who="0" step="1"/><D12/><REACH who="0" ten="184,355,206,235" step="2"/><U70/><E2/><V14/><F14/><W108/><G108/><T32/><D32/><U40/><E135/><V26/><F26/><W20/><G44/><T109/><D109/><U55/><E134/><V59/><F45/><W6/><G25/><T122/><D122/><U49/><E40/><V17/><F75/><W5/><G41/><T87/><D87/><U71/><E72/><V76/><F84/><W37/><G42/><T64/><D64/><U85/><E85/><V130/><F130/><W63/><G67/><T47/><D47/><U113/><E113/><V116/><F116/><W111/><G111/><T62/><D62/><U13/><E13/><V66/><F66/><W58/><G37/><T118/><D118/><U30/><E70/><V125/><F125/><W60/><G63/><T81/><D81/><U31/><E80/><V127/><F127/><W3/><G3/><T27/><D27/><U9/><E71/><V36/><F36/><W100/><G60/><T117/><D117/><U7/><E49/><V120/><F120/><W115/><G115/><RYUUKYOKU ba="1,2" sc="184,30,355,-10,206,-10,235,-10" hai0="16,18,19,74,82,83,86,88,101,102,103,132,133" />
</Scene>
<Scene>
<INIT seed="2,2,2,5,4,62" ten="214,345,196,225" oya="2" hai0="37,2,52,12,63,94,57,27,89,111,121,103,22" hai1="10,25,56,83,0,117,106,43,58,26,81,104,72" hai2="60,124,44,53,55,96,14,32,93,15,18,101,41" hai3="135,42,47,113,88,7,132,71,49,82,77,86,46"/><V54/><F32/><W123/><G123/><T118/><D121/><U13/><E0/><V119/><F119/><W3/><G113/><T67/><D2/><U90/><E117/><V35/><F35/><W112/><G112/><T38/><D118/><U80/><E72/><V133/><F124/><W74/><G71/><T17/><D111/><U20/><E43/><V6/><F133/><N who="3" m="51275" /><G3/><T108/><D108/><U19/><E26/><V105/><F105/><W116/><G7/><T28/><D103/><U85/><E106/><V134/><F134/><W34/><G34/><T4/><D4/><N who="1" m="3271" /><E104/><V109/><F109/><W122/><G122/><T129/><D67/><U126/><E126/><V97/><F97/><W1/><G1/><T131/><D129/><U45/><E45/><V69/><F6/><W59/><G116/><T61/><D61/><U29/><E29/><V11/><F14/><W73/><G42/><T68/><D68/><U65/><E65/><V87/><F87/><W21/><G74/><T40/><D40/><U125/><E125/><V64/><REACH who="2" step="1"/><F54/><REACH who="2" ten="214,345,186,225" step="2"/><N who="3" m="32207" /><G21/><T51/><D131/><U75/><E75/><V66/><F66/><W33/><G33/><T39/><D12/><U31/><E85/><V9/><F9/><W91/><G73/><T130/><D130/><U107/><E107/><V110/><F110/><W24/><G86/><T70/><D70/><U98/><E98/><V78/><F78/><W128/><G77/><T99/><REACH who="0" step="1"/><D28/><REACH who="0" ten="204,345,186,225" step="2"/><U30/><E30/><V84/><F84/><W95/><G128/><T120/><D120/><U8/><E31/><V5/><F5/><RYUUKYOKU ba="2,4" sc="204,15,345,-15,186,15,225,-15" hai0="17,22,27,37,38,39,51,52,57,63,89,94,99" hai2="11,15,18,41,44,53,55,60,64,69,93,96,101" />
</Scene>
<Scene>
<INIT seed="2,3,4,1,5,5" ten="219,330,201,210" oya="2" hai0="1,102,61,56,78,0,119,135,15,123,89,126,80" hai1="96,121,130,12,122,22,63,90,18,16,25,72,46" hai2="36,44,19,131,6,117,92,41,86,133,58,17,83" hai3="113,134,84,114,59,13,101,91,132,98,128,65,49"/><V82/><F117/><W54/><G128/><T40/><D123/><N who="1" m="47115" /><E72/><V24/><F131/><W127/><G65/><T93/><D119/><U87/><E130/><V62/><F133/><N who="3" m="51307" /><G13/><T45/><D126/><U48/><E63/><V73/><F73/><W26/><G26/><T109/><D135/><U37/><E96/><V30/><F6/><W7/><G7/><T4/><D109/><U100/><E100/><V79/><F92/><N who="3" m="54375" /><G127/><T31/><D102/><U29/><E37/><V105/><F83/><W52/><G54/><T69/><D69/><U3/><E3/><V51/><F105/><AGARI ba="3,4" hai="49,52,59,98,101,105,113,114" m="54375,51307" machi="105" ten="30,2000,0" yaku="20,1,54,1" doraHai="5" who="3" fromWho="2" sc="219,0,330,0,201,-29,210,69" />
</Scene>
<Scene>
<INIT seed="3,0,0,3,3,34" ten="219,330,172,279" oya="3" hai0="87,118,88,100,117,3,95,131,96,42,75,114,132" hai1="54,22,55,27,72,126,68,10,26,51,82,110,124" hai2="52,129,21,24,4,40,59,121,101,31,25,122,38" hai3="65,102,125,15,81,19,71,103,107,47,63,56,111"/><W46/><G125/><N who="1" m="48234" /><E110/><V130/><F101/><W74/><G111/><T8/><D42/><U2/><E68/><V60/><F24/><N who="1" m="9257" /><E22/><V36/><F4/><W0/><G71/><T17/><D75/><U30/><E30/><V11/><F11/><W86/><G74/><T35/><D35/><U62/><E62/><V123/><REACH who="2" step="1"/><F40/><REACH who="2" ten="219,330,162,279" step="2"/><W61/><G103/><T9/><D8/><U98/><E10/><V97/><F97/><W134/><G102/><T92/><D114/><U135/><E98/><V89/><F89/><W32/><G107/><T85/><D9/><U128/><E128/><AGARI ba="0,1" hai="21,25,31,36,38,52,59,60,121,122,123,128,129,130" machi="128" ten="50,8000,1" yaku="1,1,13,1,19,1,54,1,53,0" doraHai="34" doraHaiUra="112" who="2" fromWho="1" sc="219,0,330,-80,162,90,279,0" />
</Scene>
<Scene>
<INIT seed="4,0,0,2,4,19" ten="219,250,252,279" oya="0" hai0="88,9,133,36,16,87,69,43,52,27,124,39,90" hai1="74,12,128,34,18,77,105,92,0,41,76,96,28" hai2="23,102,83,50,58,67,32,112,63,4,95,114,120" hai3="110,71,26,131,1,29,123,86,42,119,101,48,68"/><T11/><D69/><U65/><E0/><V91/><F32/><W122/><G1/><T22/><D124/><U24/><E128/><V51/><F4/><W61/><G119/><T14/><D133/><U35/><E35/><V66/><F66/><W17/><G131/><T6/><D90/><U25/><E105/><V37/><F37/><W99/><G110/><T125/><D125/><U47/><E65/><V94/><F120/><W132/><G132/><T33/><D33/><U100/><E25/><V111/><F111/><W8/><G86/><T2/><D43/><U3/><E3/><V5/><F5/><W118/><G118/><T62/><D62/><U13/><E74/><V44/><F83/><W121/><G61/><T40/><D52/><U75/><E75/><V89/><F102/><W20/><G48/><T7/><D40/><U80/><E80/><AGARI ba="0,0" hai="2,6,7,9,11,14,16,22,27,36,39,80,87,88" machi="80" ten="30,11600,0" yaku="7,1,52,1,54,2" doraHai="19" who="0" fromWho="1" sc="219,116,250,-116,252,0,279,0" />
</Scene>
<Scene>
<INIT seed="4,1,0,5,5,82" ten="335,134,252,279" oya="0" hai0="65,23,115,92,107,38,100,83,80,79,7,110,15" hai1="74,6,77,51,61,54,55,58,113,68,22,125,90" hai2="30,62,40,116,20,111,66,36,135,34,72,67,102" hai3="127,108,70,4,60,119,122,17,0,39,46,120,28"/><T27/><D38/><U45/><E74/><V2/><F111/><W98/><G108/><T71/><D110/><U85/><E6/><V31/><F34/><W69/><G119/><T93/><D115/><U132/><E132/><V16/><F135/><W105/><G28/><N who="2" m="10793" /><F2/><W24/><G0/><T43/><D43/><U121/><E121/><V91/><F72/><W63/><G4/><T103/><D83/><U50/><E125/><V1/><F1/><W133/><G127/><T86/><D71/><U104/><E104/><V126/><F116/><W44/><G70/><T130/><D65/><N who="2" m="24586" /><F36/><W33/><G69/><T14/><D130/><U47/><E113/><V64/><F40/><W49/><G39/><T3/><D3/><U87/><E68/><V21/><F102/><N who="0" m="38954" /><D107/><U117/><E117/><V76/><F76/><W5/><G105/><T109/><D109/><U97/><E77/><V96/><F64/><W131/><G33/><T99/><D7/><U53/><E22/><V29/><F21/><W134/><G131/><T12/><D99/><U89/><E97/><V129/><F29/><AGARI ba="1,0" hai="12,14,15,23,27,29,79,80,86,92,93" m="38954" machi="29" ten="30,2900,0" yaku="8,1,52,1" doraHai="82" who="0" fromWho="2" sc="335,32,134,0,252,-32,279,0" />
</Scene>
<Scene>
<INIT seed="4,2,0,2,1,44" ten="367,134,220,279" oya="0" hai0="112,23,35,70,52,113,65,40,123,124,130,42,49" hai1="97,98,88,85,33,57,79,82,34,120,71,14,8" hai2="12,37,132,56,18,9,31,107,90,66,81,25,39" hai3="32,30,1,7,105,91,2,83,127,75,45,47,131"/><T93/><D35/><U69/><E120/><V0/><F107/><W17/><G105/><T36/><D123/><U64/><E34/><V111/><F111/><W11/><G1/><T133/><D133/><U106/><E33/><V13/><F132/><W62/><G32/><T128/><D93/><U126/><E126/><V68/><F68/><W125/><G30/><T110/><D124/><U20/><E20/><V86/><F0/><W3/><G3/><T116/><D116/><U99/><E106/><V28/><F12/><W5/><G5/><T41/><D23/><U27/><E27/><V60/><REACH who="2" step="1"/><F25/><REACH who="2" ten="367,134,210,279" step="2"/><W78/><G2/><T87/><D110/><U94/><E71/><V15/><F15/><W115/><G127/><T92/><D36/><AGARI ba="2,1" hai="9,13,18,28,31,36,37,39,56,60,66,81,86,90" machi="36" ten="40,1300,0" yaku="1,1,53,0" doraHai="44" doraHaiUra="50" who="2" fromWho="0" sc="367,-19,134,0,210,29,279,0" />
</Scene>
<Scene>
<INIT seed="5,0,0,4,4,65" ten="348,134,239,279" oya="1" hai0="73,2,56,45,17,84,86,98,76,46,6,33,0" hai1="118,102,109,122,93,128,49,127,78,57,7,105,25" hai2="20,119,39,111,120,59,29,41,99,58,22,135,43" hai3="87,129,97,55,80,85,53,30,106,48,133,75,83"/><U103/><E122/><V27/><F119/><W90/><G133/><T14/><D33/><U54/><E118/><V11/><F120/><W74/><G30/><T124/><D73/><N who="3" m="27657" /><G48/><T72/><D72/><U18/><E105/><V19/><F135/><W91/><G53/><T35/><D35/><U134/><E134/><V64/><F111/><W61/><G55/><T28/><D28/><U15/><E109/><V94/><F11/><W60/><G61/><T24/><D24/><U113/><E25/><N who="2" m="14495" /><F39/><W3/><G60/><T96/><D124/><U37/><E37/><V131/><F131/><W66/><G66/><T121/><D121/><U117/><E117/><V104/><F104/><W77/><G3/><T68/><D68/><U70/><E127/><V110/><F110/><W100/><G129/><T92/><D56/><N who="2" m="21546" /><F64/><W67/><G67/><T126/><D126/><U4/><E128/><V52/><F52/><W116/><G116/><T123/><D46/><U12/><E70/><V88/><AGARI ba="0,0" hai="22,27,29,41,43,88,94,99" m="21546,14495" machi="88" ten="30,2000,0" yaku="8,1,54,1" doraHai="65" who="2" fromWho="2" sc="348,-5,134,-10,239,20,279,-5" />
</Scene>
<Scene>
<INIT seed="6,0,0,4,1,66" ten="343,124,259,274" oya="2" hai0="34,2,116,9,30,104,52,59,83,133,124,107,25" hai1="39,21,46,100,93,68,32,97,42,23,110,69,109" hai2="19,48,14,117,16,11,106,122,126,87,17,98,99" hai3="105,18,72,49,10,70,123,61,57,119,8,33,135"/><V108/><F122/><W82/><G105/><T75/><D124/><U47/><E32/><V129/><F117/><W50/><G33/><T114/><D114/><U45/><E42/><V86/><F126/><W94/><G123/><T55/><D55/><U121/><E39/><V28/><F28/><W3/><G119/><T125/><D125/><U24/><E121/><V29/><F29/><W118/><G118/><T53/><D53/><U90/><E100/><V13/><F129/><W37/><G37/><T26/><D26/><U15/><E15/><V115/><F115/><W58/><G3/><T101/><D101/><U78/><E78/><V76/><F48/><W132/><G50/><T20/><D34/><U41/><E41/><V31/><F31/><W0/><G49/><T5/><D116/><U77/><E77/><V89/><F108/><W51/><G51/><T81/><D133/><U4/><E4/><N who="2" m="3303" /><F106/><W95/><G0/><T112/><D112/><U54/><E54/><V134/><F134/><W131/><G72/><T128/><D128/><U43/><E43/><V7/><F7/><W38/><G131/><T88/><D75/><U127/><E127/><V113/><F113/><W91/><G38/><T102/><D102/><U62/><E62/><V103/><F14/><W27/><G135/><T36/><D36/><U120/><E120/><V35/><F103/><W85/><G61/><T1/><D2/><U92/><E24/><V79/><F35/><W84/><G27/><T111/><D111/><N who="1" m="42507" /><E93/><N who="2" m="54455" /><F79/><W80/><G132/><T65/><D104/><U60/><E60/><V71/><F71/><AGARI ba="0,0" hai="21,23,45,46,47,68,69,71,90,92,97" m="42507" machi="71" ten="40,8000,1" yaku="6,1,52,3" doraHai="66" who="1" fromWho="2" sc="343,0,124,80,259,-80,274,0" />
</Scene>
<Scene>
<INIT seed="7,0,0,5,5,59" ten="343,204,179,274" oya="3" hai0="73,12,18,122,0,82,124,119,99,131,56,93,74" hai1="109,69,21,130,67,126,10,14,87,107,72,135,63" hai2="53,29,100,106,101,49,111,45,42,132,68,41,2" hai3="58,114,115,9,20,120,133,81,27,86,39,117,78"/><W11/><G39/><T66/><D0/><U1/><E109/><V38/><F111/><W104/><G104/><T37/><D37/><U102/><E72/><V4/><F132/><W112/><G120/><T92/><D119/><U129/><E135/><V110/><F110/><W98/><G117/><T76/><D122/><U62/><E126/><V16/><F29/><W32/><G32/><T19/><D124/><U28/><E1/><V96/><F101/><W5/><G98/><T125/><D125/><U50/><E50/><V35/><F35/><W123/><G123/><T57/><D92/><U24/><E87/><V13/><F68/><W71/><G71/><T108/><D108/><U116/><E116/><V61/><F38/><W55/><G5/><T103/><D131/><N who="1" m="50187" /><E63/><V70/><F4/><W36/><G36/><T22/><D66/><U30/><E30/><V94/><F106/><W7/><G7/><T34/><D34/><U89/><E89/><V6/><F6/><W80/><G80/><T3/><D3/><U60/><E60/><V46/><F46/><W25/><G133/><T40/><D40/><U97/><E14/><V52/><F2/><W47/><G47/><T83/><D19/><U65/><E65/><V127/><F127/><W84/><G115/><T91/><D103/><U15/><E15/><V128/><F128/><W105/><G114/><T33/><D33/><U88/><E10/><N who="2" m="6199" /><F70/><W64/><G64/><T8/><D8/><U77/><E77/><AGARI ba="0,0" hai="12,18,22,56,57,73,74,76,77,82,83,91,93,99" machi="77" ten="40,1300,0" yaku="9,1" doraHai="59" who="0" fromWho="1" sc="343,13,204,-13,179,0,274,0" owari="356,46.0,191,-21.0,179,-32.0,274,7.0" />
</Scene>
</mjloggm>