<mjloggm ver="2.3"><GO type="97"/><UN n0="%E5%A4%AA%E3%81%8F%E3%81%AA%E3%81%84%E3%81%8A" n1="%6A%75%6D%70%2D%75%70" n2="%E8%AA%AD%E3%82%81%E3%81%BE%E3%81%9B%E3%82%93" n3="%40%6B%6F%75%73%6F%6B%75" dan="15,13,14,15" rate="2052,1886,1867,1970" sx="M,M,M,M"/><TAIKYOKU oya="0"/>

<Scene>
<INIT seed="0,0,0,5,1,87" ten="250,250,250,250" oya="0" hai0="133,67,70,95,27,10,105,68,80,1,35,69,124" hai1="91,38,75,64,40,50,101,74,29,85,39,18,127" hai2="109,51,62,7,3,2,84,8,76,60,116,6,81" hai3="15,122,113,134,48,41,12,118,23,82,73,57,114"/><T119/><D119/><U58/><E127/><V22/><F116/><W25/><G118/><T43/><D105/><U14/><E101/><V104/><F104/><W66/><G122/><T106/><D106/><U49/><E75/><V128/><F128/><W5/><G73/><T65/><D43/><U83/><E74/><V59/><F109/><W79/><G134/><T36/><D36/><U98/><E29/><V34/><F34/><W53/><G66/><T99/><D133/><U47/><E98/><V16/><F51/><W111/><G111/><T71/><D71/><U102/><E102/><V20/><F20/><W77/><G77/><T110/><D110/><U17/><E17/><V120/><F120/><W46/><G114/><T19/><D80/><U32/><E32/><V93/><F93/><W89/><G79/><T125/><D35/><U31/><E31/><V96/><F96/><W55/><G5/><N who="0" m="1327" /><D19/><U123/><E123/><V24/><F59/><W108/><G108/><T135/><D27/><U72/><E72/><V130/><REACH who="2" step="1"/><F130/><REACH who="2" ten="250,250,240,250" step="2"/><W86/><G113/><T131/><D131/><U132/><E132/><V78/><F78/><W56/><G56/><T13/><D135/><U44/><E58/><V33/><F33/><W117/><G117/><T61/><D70/><U88/><E91/><V115/><F115/><W54/><G57/><T11/><D99/><U112/><E112/><V21/><F21/><W52/><N who="3" m="13824" /><DORA hai="9" /><W129/><G129/><T42/><D69/><U107/><E107/><V4/><F4/><W97/><G97/><T0/><D68/><U30/><E39/><RYUUKYOKU ba="0,1" sc="250,-15,250,-15,240,15,250,15" hai2="2,3,6,7,8,16,22,24,60,62,76,81,84" hai3="12,15,23,25,41,46,48,82,86,89" />
</Scene>
<Scene>
<INIT seed="1,1,1,0,4,108" ten="235,235,255,265" oya="1" hai0="125,129,19,29,103,31,107,15,91,68,86,134,92" hai1="57,135,128,25,30,102,28,51,52,36,48,41,40" hai2="115,98,76,63,113,82,130,59,38,66,7,22,50" hai3="6,17,75,11,74,58,127,118,97,18,88,12,16"/><U46/><E128/><V96/><F38/><W133/><G118/><T111/><D68/><U101/><E135/><V21/><F130/><W24/><G133/><T120/><D129/><U112/><E112/><N who="2" m="43083" /><F7/><W124/><G58/><T14/><D134/><U26/><E36/><V13/><F50/><W0/><G24/><N who="1" m="9322" /><E41/><V126/><F126/><N who="3" m="48171" /><G0/><T54/><D125/><U53/><E40/><V37/><F37/><W33/><G33/><T69/><D111/><U132/><E132/><V44/><F44/><W55/><G55/><T87/><D54/><U131/><E131/><V80/><F82/><W116/><G116/><T1/><D1/><U77/><E77/><V121/><F121/><W61/><G61/><T73/><D120/><U47/><E47/><V3/><F3/><W114/><G114/><T49/><D49/><U94/><E94/><AGARI ba="1,1" hai="6,11,12,16,17,18,74,75,88,94,97" m="48171" machi="94" ten="30,3900,0" yaku="18,1,54,2" doraHai="108" who="3" fromWho="1" sc="235,0,235,-42,255,0,265,52" />
</Scene>
<Scene>
<INIT seed="2,0,0,0,2,121" ten="235,193,255,317" oya="2" hai0="76,127,18,130,85,59,71,35,53,75,125,11,27" hai1="82,50,43,92,117,88,122,105,2,69,37,103,87" hai2="47,65,70,96,57,6,99,63,67,17,107,129,104" hai3="19,3,39,98,10,24,55,7,45,68,91,118,128"/><V73/><F73/><W49/><G68/><T13/><D71/><U74/><E37/><V112/><F112/><W81/><G118/><T54/><D75/><U42/><E69/><V15/><F129/><W86/><G128/><T29/><D130/><U40/><E2/><V66/><F6/><W79/><G39/><T56/><D76/><U23/><E117/><V113/><F113/><W44/><G98/><T120/><D120/><U12/><E122/><V93/><F47/><W109/><G109/><T119/><D85/><U78/><E12/><V95/><F70/><W48/><G19/><T110/><D110/><U132/><E23/><V94/><F107/><W124/><G24/><T80/><D80/><U114/><E114/><V134/><F134/><W135/><G135/><T51/><REACH who="0" step="1"/><D119/><REACH who="0" ten="225,193,255,317" step="2"/><U4/><E132/><V64/><REACH who="2" step="1"/><F104/><REACH who="2" ten="225,193,245,317" step="2"/><W25/><G79/><T52/><D52/><U32/><E4/><V111/><F111/><W34/><G55/><T0/><D0/><U116/><E116/><V102/><F102/><W16/><G3/><T33/><D33/><U36/><E32/><V31/><F31/><W101/><G34/><T84/><D84/><U46/><E36/><V21/><AGARI ba="0,2" hai="15,17,21,57,63,64,65,66,67,93,94,95,96,99" machi="21" ten="30,6000,0" yaku="1,1,0,1,8,1,53,0" doraHai="121" doraHaiUra="123" who="2" fromWho="2" sc="225,-20,193,-20,245,80,317,-20" />
</Scene>
<Scene>
<INIT seed="2,1,0,1,2,117" ten="205,173,325,297" oya="2" hai0="51,113,76,41,38,96,17,70,54,18,15,105,114" hai1="58,97,124,47,129,108,10,33,107,120,16,110,6" hai2="22,60,14,102,89,61,106,43,71,56,133,103,118" hai3="64,78,34,44,46,21,53,98,130,85,8,63,74"/><V84/><F118/><W4/><G34/><T73/><D70/><U86/><E33/><V24/><F133/><W131/><G74/><T126/><D73/><U20/><E129/><N who="3" m="49162" /><G21/><T55/><D76/><U132/><E132/><V39/><F71/><N who="3" m="42399" /><G98/><T100/><D126/><U27/><E124/><V62/><F14/><N who="3" m="5383" /><G53/><T111/><D111/><N who="1" m="42539" /><E97/><V59/><F106/><W25/><G25/><T88/><D55/><U31/><E107/><V125/><F125/><W48/><G48/><T12/><D38/><U45/><E86/><V57/><F43/><W37/><G37/><T127/><D41/><U109/><N who="1" m="42547" /><U81/><DORA hai="119" /><E81/><AGARI ba="1,0" hai="44,46,78,81,85" m="5383,42399,49162" machi="81" ten="30,1000,0" yaku="19,1" doraHai="117,119" who="3" fromWho="1" sc="205,0,173,-13,325,0,297,13" />
</Scene>
<Scene>
<INIT seed="3,0,0,5,5,49" ten="205,160,325,310" oya="3" hai0="126,85,101,7,12,58,2,122,123,30,91,57,44" hai1="48,17,114,28,131,80,128,31,124,90,93,83,110" hai2="22,129,6,1,26,87,127,52,64,47,125,18,16" hai3="119,5,78,111,25,100,33,66,36,55,4,71,59"/><W132/><G119/><T76/><D2/><U96/><E17/><V84/><F129/><N who="1" m="49737" /><E31/><V94/><F18/><W19/><G36/><T77/><D123/><U3/><E28/><V79/><F64/><W45/><G33/><T10/><D122/><U40/><E40/><V75/><F75/><W88/><G78/><N who="0" m="30315" /><D126/><N who="2" m="48138" /><F79/><W21/><G100/><T11/><D30/><U9/><E48/><N who="2" m="28703" /><F94/><W51/><G132/><T53/><D10/><AGARI ba="0,0" hai="1,6,10,16,22,26,84,87" m="28703,48138" machi="10" ten="30,7700,0" yaku="18,1,52,1,54,2" doraHai="49" who="2" fromWho="0" sc="205,-77,160,0,325,77,310,0" owari="128,-37.0,160,-24.0,402,50.0,310,11.0" />
</Scene>
</mjloggm>