<mjloggm ver="2.3"><GO type="169"/><UN n0="%E3%82%AB%E3%83%84%E3%82%B2%E3%83%B3" n1="%49%47%41" n2="%E3%81%AF%E3%81%90%E3%82%8C%E3%83%9F%E3%83%B3%E3%83%88" n3="%E5%A4%AA%E3%81%8F%E3%81%AA%E3%81%84%E3%81%8A" dan="16,16,16,17" rate="2069,2096,2116,2167" sx="M,M,F,M"/><TAIKYOKU oya="0"/>

<Scene>
<INIT seed="0,0,0,5,1,21" ten="250,250,250,250" oya="0" hai0="88,33,45,81,56,70,109,133,102,29,11,100,40" hai1="62,30,49,5,113,57,77,68,19,59,85,42,121" hai2="84,9,124,10,120,95,43,89,112,101,125,96,16" hai3="54,128,1,55,12,79,130,114,7,52,53,38,58"/><T87/><D70/><U105/><E105/><V94/><F112/><W50/><G114/><T92/><D133/><U37/><E30/><V107/><F120/><W115/><G115/><T15/><D109/><U4/><E19/><V61/><F43/><W76/><G1/><T91/><D56/><N who="1" m="21579" /><E85/><V99/><F61/><W25/><G38/><T118/><D118/><U86/><E77/><V69/><F69/><W83/><G25/><T32/><D32/><U98/><E86/><V72/><F72/><W127/><G127/><N who="2" m="48713" /><F16/><W97/><G97/><N who="0" m="57503" /><D29/><U126/><E98/><V13/><F13/><W41/><G41/><T78/><D33/><U14/><E14/><V104/><F104/><W35/><G35/><T60/><D60/><U26/><E37/><V82/><F95/><W18/><G7/><N who="0" m="3583" /><D78/><AGARI ba="0,0" hai="9,10,78,82,84,89,94,96,99,101,107" m="48713" machi="78" ten="30,1000,0" yaku="18,1" doraHai="21" who="2" fromWho="0" sc="250,-10,250,0,250,10,250,0" />
</Scene>
<Scene>
<INIT seed="1,0,0,4,5,7" ten="240,250,260,250" oya="1" hai0="22,110,51,87,68,8,59,34,13,21,120,44,123" hai1="50,64,10,40,106,78,3,101,65,56,98,119,127" hai2="117,95,124,38,121,32,130,77,54,102,14,4,66" hai3="125,5,94,11,83,45,19,2,99,33,104,49,58"/><U53/><E119/><V36/><F117/><W72/><G125/><T1/><D68/><U75/><E127/><V17/><F124/><W108/><G108/><T97/><D34/><U6/><REACH who="1" step="1"/><E40/><REACH who="1" ten="240,240,260,250" step="2"/><V37/><F121/><W111/><G111/><T15/><D110/><U89/><E89/><V61/><F102/><W126/><G126/><T25/><D123/><U93/><E93/><V35/><F95/><W105/><G94/><T76/><D120/><U85/><E85/><V0/><F130/><W118/><G118/><T12/><D87/><U55/><E55/><V92/><F54/><W24/><G105/><T90/><D97/><U103/><E103/><V26/><F92/><W27/><G104/><T129/><D90/><U114/><E114/><V113/><F113/><W134/><G99/><T43/><D76/><U80/><AGARI ba="0,1" hai="3,6,10,50,53,56,64,65,75,78,80,98,101,106" machi="80" ten="30,6000,0" yaku="1,1,0,1,52,1,53,0" doraHai="7" doraHaiUra="29" who="1" fromWho="1" sc="240,-20,240,70,260,-20,250,-20" />
</Scene>
<Scene>
<INIT seed="1,1,0,5,5,109" ten="220,310,240,230" oya="1" hai0="38,72,114,103,12,110,4,58,34,69,42,135,131" hai1="59,49,73,8,2,3,11,105,56,23,25,83,17" hai2="90,45,81,0,77,89,1,15,101,133,85,9,115" hai3="86,95,100,128,24,44,111,117,129,84,130,92,37"/><U64/><E105/><V120/><F120/><W51/><G111/><T94/><D58/><U93/><E3/><V39/><F133/><W27/><G37/><T116/><D94/><N who="3" m="35881" /><G100/><T36/><D12/><U108/><E108/><V113/><F101/><W5/><G5/><T87/><D87/><N who="3" m="33321" /><G117/><T43/><D43/><AGARI ba="1,0" hai="24,27,43,44,51,128,129,130" m="33321,35881" machi="43" ten="40,1300,0" yaku="19,1" doraHai="109" who="3" fromWho="0" sc="220,-16,310,0,240,0,230,16" />
</Scene>
<Scene>
<INIT seed="2,0,0,5,2,94" ten="204,310,240,246" oya="2" hai0="74,41,89,22,54,9,20,83,51,35,68,44,101" hai1="6,60,0,76,30,123,120,58,43,78,40,107,13" hai2="4,10,69,65,104,71,31,17,8,135,130,36,25" hai3="34,125,111,63,92,18,24,70,99,45,57,115,59"/><V82/><F130/><W132/><G111/><T87/><D35/><U117/><E0/><V122/><F122/><W128/><G128/><T88/><D68/><U131/><E107/><V95/><F104/><W86/><G132/><T21/><D74/><U5/><E131/><V103/><F135/><W72/><G72/><T66/><D66/><U38/><E30/><V61/><F36/><W46/><G125/><T33/><D33/><U67/><E117/><V118/><F118/><W55/><G115/><T102/><D9/><U84/><E13/><V42/><F42/><N who="1" m="15913" /><E38/><V90/><F103/><N who="3" m="60903" /><G70/><T12/><D12/><U79/><E84/><V98/><F82/><W121/><G34/><T124/><D124/><U27/><E27/><V2/><F10/><W110/><G110/><T96/><D41/><U19/><E19/><V23/><F31/><W49/><G86/><T16/><D16/><U32/><E32/><V56/><AGARI ba="0,0" hai="2,4,8,17,23,25,56,61,65,69,71,90,95,98" machi="56" ten="20,3900,0" yaku="0,1,7,1,52,1" doraHai="94" who="2" fromWho="2" sc="204,-13,310,-13,240,39,246,-13" />
</Scene>
<Scene>
<INIT seed="2,1,0,0,3,18" ten="191,297,279,233" oya="2" hai0="37,20,46,77,86,79,107,8,56,4,84,118,29" hai1="44,105,61,38,121,97,68,40,47,43,88,36,54" hai2="48,95,41,67,117,11,30,74,82,49,128,114,32" hai3="89,71,17,92,78,76,21,23,110,45,99,2,127"/><V70/><F117/><W132/><G71/><T53/><D107/><U129/><E129/><V35/><F114/><W96/><G2/><T134/><D118/><U59/><E121/><V94/><F128/><W80/><G110/><T116/><D134/><U26/><E26/><V6/><F70/><W60/><G132/><T42/><D116/><U73/><E68/><V131/><F131/><W81/><G127/><T85/><D29/><U27/><E27/><V106/><F106/><W120/><G120/><T69/><D69/><U28/><E28/><V109/><F109/><W13/><G60/><T123/><D123/><U90/><REACH who="1" step="1"/><E73/><REACH who="1" ten="191,287,279,233" step="2"/><V12/><F30/><W65/><G65/><T1/><REACH who="0" step="1"/><D20/><REACH who="0" ten="181,287,279,233" step="2"/><U5/><E5/><V130/><F6/><W66/><G23/><T83/><D83/><U19/><E19/><V50/><F82/><W100/><G81/><T34/><D34/><U52/><E52/><V113/><F35/><W126/><G80/><T51/><AGARI ba="1,2" hai="1,4,8,37,42,46,51,53,56,77,79,84,85,86" machi="51" ten="30,4000,0" yaku="1,1,0,1,53,1" doraHai="18" doraHaiUra="33" who="0" fromWho="0" sc="181,63,287,-11,279,-21,233,-11" />
</Scene>
<Scene>
<INIT seed="3,0,0,4,3,10" ten="244,276,258,222" oya="3" hai0="31,83,79,127,17,58,3,1,48,30,16,102,22" hai1="74,62,115,69,92,86,119,6,126,27,75,111,99" hai2="133,134,60,122,120,78,124,54,66,90,18,19,65" hai3="34,130,38,108,26,40,14,32,94,4,37,135,82"/><W35/><G135/><N who="2" m="51721" /><F78/><W7/><G130/><T43/><D102/><U28/><E115/><V104/><F104/><W25/><G108/><T47/><D127/><U87/><E111/><V110/><F110/><W100/><G82/><T97/><D97/><U129/><E126/><V55/><F124/><W85/><G40/><T73/><D17/><N who="2" m="6154" /><F90/><W123/><G123/><N who="2" m="47145" /><F60/><W68/><G100/><T64/><D1/><U52/><E129/><V12/><F12/><W56/><G14/><T41/><D3/><U44/><E62/><V81/><F81/><W42/><G94/><T46/><D73/><U36/><E92/><V24/><F24/><W105/><G26/><T39/><D83/><U21/><E27/><V0/><F0/><W96/><G25/><T59/><D79/><U72/><E75/><V109/><F109/><W84/><G105/><T132/><D132/><U5/><E74/><V8/><F8/><W114/><G34/><T128/><D128/><U20/><E72/><V33/><F33/><W131/><G35/><T51/><D22/><U70/><E21/><V76/><F76/><W101/><G32/><T80/><D80/><U98/><E20/><V88/><F88/><W63/><G131/><T89/><D89/><U49/><E99/><V2/><F2/><W117/><G96/><T11/><D11/><U107/><E98/><V67/><AGARI ba="0,0" hai="54,55,65,66,67" m="47145,6154,51721" machi="67" ten="40,8000,1" yaku="28,2,20,1,13,1" doraHai="10" who="2" fromWho="2" sc="244,-20,276,-20,258,80,222,-40" />
</Scene>
<Scene>
<INIT seed="4,0,0,4,4,65" ten="224,256,338,182" oya="0" hai0="106,36,118,34,61,68,75,131,77,110,78,116,14" hai1="73,89,6,21,25,42,5,135,32,84,113,49,117" hai2="129,81,100,67,1,60,20,56,109,102,63,10,98" hai3="122,44,134,87,97,71,15,108,8,50,17,96,16"/><T103/><D110/><U11/><E117/><V39/><F109/><W57/><G108/><T119/><D131/><U95/><E32/><V40/><F129/><W82/><G134/><T64/><D36/><U47/><E135/><V38/><F81/><W127/><G127/><T2/><D75/><U51/><E73/><V124/><F124/><W48/><G122/><T70/><D2/><U29/><E113/><V33/><F33/><W41/><G71/><T3/><D3/><U7/><REACH who="1" step="1"/><E51/><REACH who="1" ten="224,246,338,182" step="2"/><V9/><F39/><W13/><G50/><T4/><D34/><U83/><E83/><V28/><F38/><W104/><G104/><T53/><D106/><U99/><E99/><V85/><F98/><W88/><REACH who="3" step="1"/><G57/><REACH who="3" ten="224,246,338,172" step="2"/><N who="0" m="34991" /><D118/><U120/><E120/><V80/><F56/><W74/><G74/><T112/><D116/><U27/><E27/><V62/><F62/><W111/><G111/><T43/><D119/><U18/><E18/><V105/><F60/><W12/><G12/><AGARI ba="0,2" hai="5,6,7,11,12,21,25,29,42,47,49,84,89,95" machi="12" ten="30,3900,0" yaku="1,1,7,1,8,1,53,0" doraHai="65" doraHaiUra="121" who="1" fromWho="3" sc="224,0,246,59,338,0,172,-39" />
</Scene>
<Scene>
<INIT seed="5,0,0,5,3,50" ten="224,305,338,133" oya="1" hai0="122,52,103,14,106,123,64,18,108,128,121,23,3" hai1="100,2,80,83,129,65,67,38,41,56,134,110,78" hai2="74,107,99,109,32,68,115,94,131,54,16,73,4" hai3="87,102,127,20,93,101,28,69,82,71,21,96,95"/><U81/><E2/><V86/><F109/><W98/><G127/><T132/><D108/><U30/><E110/><V84/><F131/><W35/><G35/><T51/><D128/><U31/><E129/><V75/><F68/><W62/><G28/><T40/><D64/><U124/><E124/><V43/><F43/><W11/><G11/><T33/><D33/><U120/><E120/><V116/><F116/><W70/><REACH who="3" step="1"/><G62/><REACH who="3" ten="224,305,338,123" step="2"/><T6/><D132/><U135/><E31/><V76/><F32/><W85/><G85/><T46/><D6/><U58/><E30/><V55/><F86/><W90/><AGARI ba="0,1" hai="20,21,69,70,71,82,87,90,93,95,96,98,101,102" machi="90" ten="30,4000,0" yaku="1,1,0,1,9,1,53,0" doraHai="50" doraHaiUra="36" who="3" fromWho="3" sc="224,-10,305,-20,338,-10,123,50" />
</Scene>
<Scene>
<INIT seed="6,0,0,2,5,89" ten="214,285,328,173" oya="2" hai0="31,17,86,40,51,87,16,130,106,39,11,128,29" hai1="131,65,82,133,41,15,102,100,101,60,9,127,52" hai2="35,75,92,43,68,74,83,36,76,49,98,59,34" hai3="0,111,120,21,126,107,25,114,79,115,132,110,12"/><V96/><F68/><W80/><G107/><T19/><D106/><U124/><E131/><N who="0" m="50217" /><D39/><U84/><E133/><V113/><F113/><N who="3" m="43019" /><G0/><T14/><D11/><U134/><E134/><V105/><F75/><N who="3" m="43135" /><G132/><T27/><D14/><U72/><E72/><V42/><F105/><W44/><G120/><T123/><D123/><U48/><E41/><V99/><F36/><W47/><G12/><T53/><D40/><U108/><E108/><N who="3" m="41514" /><G126/><T22/><D31/><AGARI ba="0,0" hai="21,25,31,44,47" m="41514,43135,43019" machi="31" ten="30,2000,0" yaku="15,1,11,1" doraHai="89" who="3" fromWho="0" sc="214,-20,285,0,328,0,173,20" />
</Scene>
<Scene>
<INIT seed="7,0,0,4,5,99" ten="194,285,328,193" oya="3" hai0="21,39,78,123,79,26,93,125,54,76,98,1,43" hai1="46,32,64,81,52,127,22,27,20,53,110,62,114" hai2="89,56,108,44,122,61,59,11,45,113,97,105,16" hai3="102,111,49,34,85,19,133,60,2,42,37,119,4"/><W41/><G119/><T5/><D123/><U15/><E110/><V77/><F108/><W96/><G34/><T63/><D125/><U117/><E127/><V134/><F113/><W129/><G111/><T90/><D39/><U6/><E114/><V51/><F134/><W95/><G133/><T107/><D107/><U3/><E3/><V65/><F122/><W74/><G74/><T103/><D43/><U0/><E0/><V12/><F77/><W115/><G115/><T131/><D131/><U92/><E81/><V30/><F30/><W132/><G132/><T75/><D75/><U66/><E92/><N who="2" m="56463" /><F105/><W29/><G129/><T109/><D109/><U57/><E66/><V130/><F130/><W120/><G120/><T58/><D1/><U83/><E83/><V55/><AGARI ba="0,0" hai="11,12,16,44,45,51,55,56,59,61,65" m="56463" machi="55" ten="30,2000,0" yaku="8,1,54,1" doraHai="99" who="2" fromWho="2" sc="194,-5,285,-5,328,20,193,-10" owari="189,-21.0,280,8.0,348,45.0,183,-32.0" />
</Scene>
</mjloggm>