<mjloggm ver="2.3"><GO type="97"/><UN n0="%E5%A4%AA%E3%81%8F%E3%81%AA%E3%81%84%E3%81%8A" n1="%73%69%6E%74%65%74%73%75" n2="%4D%50%32%37" n3="%E5%BF%AB%E5%88%80%E4%B9%B1%E9%BA%BB" dan="13,14,13,13" rate="2028,1893,1868,1939" sx="M,M,M,M"/><TAIKYOKU oya="0"/>

<Scene>
<INIT seed="0,0,0,0,4,108" ten="250,250,250,250" oya="0" hai0="27,37,55,64,98,114,73,61,8,6,134,45,48" hai1="133,54,2,33,106,1,53,99,32,103,65,0,110" hai2="124,52,95,39,115,23,71,22,85,104,10,35,68" hai3="116,82,74,125,87,13,90,135,11,119,81,21,122"/><T93/><D73/><U126/><E110/><V16/><F104/><W127/><G135/><T43/><D134/><U40/><E133/><V78/><F124/><N who="3" m="47691" /><G122/><T46/><D27/><U38/><E126/><V4/><F35/><W24/><G81/><T121/><D121/><U86/><E65/><V89/><F115/><W79/><G79/><T56/><D114/><U41/><E86/><V60/><F39/><W9/><G74/><T83/><D83/><U15/><E15/><V67/><F78/><W70/><G70/><T118/><D118/><N who="3" m="45097" /><G13/><T25/><D25/><U28/><E28/><AGARI ba="0,0" hai="9,11,21,24,28,82,87,90" m="45097,47691" machi="28" ten="30,1000,0" yaku="18,1" doraHai="108" who="3" fromWho="1" sc="250,0,250,-10,250,0,250,10" />
</Scene>
<Scene>
<INIT seed="1,0,0,3,3,55" ten="250,240,250,260" oya="1" hai0="135,77,65,37,23,40,92,4,49,116,99,30,31" hai1="10,50,66,56,108,27,62,22,46,106,105,13,48" hai2="14,124,86,57,3,39,89,133,81,125,129,41,109" hai3="75,18,54,127,19,131,8,63,0,119,111,134,45"/><U112/><E112/><V9/><F3/><W117/><G75/><T28/><D116/><N who="3" m="44617" /><G111/><T36/><D135/><U51/><E108/><V24/><F109/><W15/><G134/><T126/><D126/><U101/><E101/><V84/><F133/><W42/><G127/><N who="2" m="48713" /><F129/><W34/><G34/><T69/><D77/><U72/><E72/><V52/><F24/><W76/><G76/><T1/><D23/><U20/><E46/><N who="2" m="23871" /><F84/><W70/><G0/><T132/><D132/><U7/><REACH who="1" step="1"/><E22/><REACH who="1" ten="250,230,250,260" step="2"/><V26/><F26/><W90/><G131/><T53/><D36/><U83/><E83/><V113/><F113/><W80/><G80/><T32/><D37/><U78/><E78/><V59/><F14/><W11/><G15/><T120/><D1/><U38/><E38/><V17/><F9/><W25/><G8/><T93/><D32/><U35/><E35/><V128/><F128/><W104/><G11/><T71/><D120/><U5/><E5/><V12/><F12/><W130/><G25/><T74/><D74/><U97/><E97/><V60/><F17/><AGARI ba="0,1" hai="7,10,13,17,20,27,48,50,51,56,62,66,105,106" machi="17" ten="40,7700,0" yaku="1,1,52,1,53,1" doraHai="55" doraHaiUra="21" who="1" fromWho="2" sc="250,0,230,87,250,-77,260,0" />
</Scene>
<Scene>
<INIT seed="1,1,0,0,1,35" ten="250,317,173,260" oya="1" hai0="112,15,1,60,41,45,24,133,3,80,0,57,79" hai1="6,96,66,4,11,31,53,108,106,34,61,95,23" hai2="110,74,69,39,91,38,51,55,111,5,59,50,43" hai3="119,82,17,126,40,102,118,93,104,37,13,70,42"/><U103/><E108/><N who="2" m="41515" /><F74/><W10/><G70/><T135/><D112/><U105/><E53/><N who="2" m="32183" /><F91/><W56/><G126/><T71/><D24/><U114/><E114/><V88/><F88/><W29/><G104/><T26/><D26/><N who="1" m="16863" /><E34/><V128/><F5/><N who="1" m="2153" /><E11/><V120/><F120/><W92/><G29/><T44/><D15/><U109/><E109/><V64/><F128/><W9/><G82/><T27/><D27/><U115/><E115/><V107/><F107/><W32/><G32/><T75/><D71/><U124/><E124/><V7/><F7/><W77/><G77/><T85/><D75/><U100/><E100/><V16/><F16/><W68/><G68/><T99/><D99/><U84/><E84/><V117/><F117/><W81/><G102/><T94/><D94/><U22/><E22/><V67/><F69/><W25/><G9/><T132/><D41/><U62/><E62/><V131/><F131/><W90/><G42/><T122/><D122/><U116/><E116/><V46/><F39/><W33/><G33/><T78/><D78/><U54/><E54/><AGARI ba="1,0" hai="0,1,3,44,45,54,57,60,79,80,85,132,133,135" machi="54" ten="50,8000,1" yaku="20,1,52,3" doraHai="35" who="0" fromWho="1" sc="250,83,317,-83,173,0,260,0" />
</Scene>
<Scene>
<INIT seed="2,0,0,1,5,106" ten="333,234,173,260" oya="2" hai0="8,41,5,24,52,27,30,102,108,56,57,95,3" hai1="90,6,22,91,133,115,0,69,17,67,116,39,105" hai2="86,42,120,78,97,89,122,23,51,25,99,94,13" hai3="21,70,10,16,7,85,9,15,66,53,114,64,68"/><V82/><F120/><W20/><G114/><T54/><D41/><U62/><E39/><V35/><F122/><W98/><G98/><T18/><D108/><U71/><E105/><V29/><F35/><W93/><G70/><T104/><D104/><U11/><E116/><V123/><F123/><W110/><G110/><T135/><D135/><U2/><E115/><V50/><F42/><W127/><G127/><T34/><D27/><U58/><E133/><V111/><F111/><W119/><G119/><T43/><D43/><U61/><E2/><V48/><REACH who="2" step="1"/><F13/><REACH who="2" ten="333,234,163,260" step="2"/><W65/><G15/><T12/><D12/><U96/><E71/><V63/><F63/><W109/><G68/><T83/><D34/><U121/><E121/><V103/><F103/><W125/><G125/><T101/><D102/><U36/><E36/><V134/><F134/><W14/><G14/><T33/><D101/><U87/><E96/><AGARI ba="0,1" hai="23,25,29,48,50,51,78,82,86,89,94,96,97,99" machi="96" ten="40,3900,0" yaku="1,1,8,1,53,0" doraHai="106" doraHaiUra="131" who="2" fromWho="1" sc="333,0,234,-39,163,49,260,0" />
</Scene>
<Scene>
<INIT seed="2,1,0,1,0,126" ten="333,195,212,260" oya="2" hai0="17,18,127,103,53,87,75,82,94,76,79,122,50" hai1="22,36,26,14,27,43,9,99,61,68,88,133,51" hai2="116,64,69,84,131,111,65,128,80,119,90,85,71" hai3="120,19,101,124,54,24,2,114,89,55,63,107,7"/><V32/><F32/><W57/><G120/><T25/><D122/><U1/><E133/><V52/><F111/><W45/><G124/><T30/><D127/><U15/><E1/><V6/><F6/><W102/><G114/><T44/><D79/><U121/><E121/><V110/><F110/><W118/><G118/><N who="2" m="45097" /><F52/><W78/><G78/><T39/><D39/><U10/><E36/><V83/><F90/><W3/><G89/><T104/><D104/><U13/><E61/><V31/><F31/><W108/><G108/><T20/><D75/><U23/><E68/><N who="2" m="26187" /><F83/><W59/><G45/><T112/><D112/><U92/><E51/><V123/><F80/><W8/><G3/><T29/><D29/><N who="1" m="17623" /><E43/><V134/><F123/><W93/><G107/><T41/><D41/><U38/><E38/><V11/><F11/><W12/><G24/><T49/><D49/><U47/><E47/><V58/><F58/><W42/><G42/><T56/><D56/><U97/><E97/><AGARI ba="1,0" hai="17,18,20,25,30,44,50,53,76,82,87,94,97,103" machi="97" ten="40,1300,0" yaku="8,1" doraHai="126" who="0" fromWho="1" sc="333,16,195,-16,212,0,260,0" />
</Scene>
<Scene>
<INIT seed="3,0,0,0,5,17" ten="349,179,212,260" oya="3" hai0="103,56,44,54,93,69,98,24,60,25,23,33,91" hai1="120,36,119,76,108,135,101,71,72,35,89,110,46" hai2="48,74,5,118,67,16,14,80,39,107,114,68,124" hai3="7,75,20,4,42,29,1,53,45,104,111,57,43"/><W12/><G104/><T123/><D123/><U90/><E35/><V2/><F114/><W27/><G75/><T9/><D69/><U62/><E71/><V41/><F118/><W79/><G79/><T47/><D33/><U106/><E62/><V96/><F124/><W64/><G111/><N who="1" m="42538" /><E46/><N who="0" m="17449" /><D9/><U116/><E36/><V58/><F5/><N who="3" m="2123" /><G1/><T83/><D23/><U28/><E28/><V132/><F2/><W55/><G12/><T77/><D77/><U31/><E31/><V8/><F132/><W59/><G64/><T121/><D121/><U21/><E21/><V134/><F134/><W78/><G78/><T18/><D18/><U128/><E128/><V66/><F68/><W10/><G10/><T52/><D54/><N who="3" m="20489" /><G45/><T51/><D60/><U95/><E135/><V40/><F39/><W19/><G19/><T126/><D126/><U49/><E49/><V130/><F130/><W112/><G112/><T85/><AGARI ba="0,0" hai="24,25,51,52,56,83,85,91,93,98,103" m="17449" machi="85" ten="30,2000,0" yaku="8,1,54,1" doraHai="17" who="0" fromWho="0" sc="349,20,179,-5,212,-5,260,-10" owari="369,47.0,174,-33.0,207,-19.0,250,5.0" />
</Scene>
</mjloggm>