<mjloggm ver="2.3"><GO type="41"/><UN n0="%E3%81%97%E3%82%89%E3%81%9F%E3%81%8D%E6%98%A5" n1="%E9%96%8B%E5%B9%95%E4%B9%99" n2="%E5%A4%AA%E3%81%8F%E3%81%AA%E3%81%84%E3%81%8A" n3="%E3%81%95%E3%81%84%E3%81%A8%E3%81%86%6D%6B%32" dan="15,14,15,14" rate="2044,1997,2035,1921" sx="M,M,M,M"/><TAIKYOKU oya="0"/>

<Scene>
<INIT seed="0,0,0,2,3,51" ten="250,250,250,250" oya="0" hai0="72,73,114,98,29,82,53,119,104,116,21,48,44" hai1="14,100,61,15,9,5,90,17,36,70,68,31,46" hai2="66,94,79,49,131,13,117,103,1,58,122,11,107" hai3="10,63,52,0,112,57,59,108,20,65,4,12,26"/><T2/><D2/><U81/><E70/><V35/><F122/><W106/><G106/><T111/><D114/><U91/><E68/><V8/><F35/><W120/><G112/><T37/><D37/><U129/><E129/><V99/><F131/><W88/><G120/><T64/><D64/><U125/><E125/><V85/><F117/><W93/><G108/><T124/><D124/><U33/><E33/><V19/><F107/><W55/><G0/><T76/><D73/><U39/><E31/><V56/><F1/><W28/><G59/><T118/><D111/><U47/><E100/><V127/><F127/><W74/><G74/><T38/><D38/><U16/><E61/><V97/><F97/><AGARI ba="0,0" hai="4,10,12,20,26,28,52,55,57,63,65,88,93,97" machi="97" ten="30,12000,2" yaku="7,1,8,1,52,2,54,2" doraHai="51" who="3" fromWho="2" sc="250,0,250,0,250,-120,250,120" />
</Scene>
<Scene>
<INIT seed="1,0,0,3,4,81" ten="250,250,130,370" oya="1" hai0="76,33,84,31,127,132,19,82,3,75,37,35,135" hai1="23,44,87,6,105,57,43,115,32,13,111,39,123" hai2="22,119,74,121,8,95,20,61,83,130,30,129,90" hai3="7,1,50,36,16,60,59,122,66,15,79,49,131"/><U21/><E115/><V91/><F121/><W52/><G36/><T65/><D3/><U9/><E32/><V46/><F119/><W56/><G122/><T47/><D65/><U78/><E123/><V77/><F46/><W117/><G7/><T55/><D127/><U62/><E105/><V112/><F112/><W38/><G38/><T124/><D124/><U17/><E111/><V89/><F8/><W100/><G1/><T110/><D110/><U5/><E5/><V118/><F118/><W70/><G117/><T71/><D71/><U86/><E78/><V109/><F109/><W68/><G131/><N who="2" m="50185" /><F61/><W26/><G26/><T96/><D19/><U108/><E108/><V28/><F95/><W25/><G25/><T42/><D96/><U125/><E125/><V2/><F2/><W102/><G79/><T69/><D69/><U53/><E21/><AGARI ba="0,0" hai="20,21,22,28,30,74,77,83,89,90,91" m="50185" machi="21" ten="30,1000,0" yaku="19,1" doraHai="81" who="2" fromWho="1" sc="250,0,250,-10,130,10,370,0" />
</Scene>
<Scene>
<INIT seed="2,0,0,0,1,63" ten="250,240,140,370" oya="2" hai0="113,126,82,108,27,102,93,11,36,62,12,7,106" hai1="42,45,19,40,134,22,73,24,66,57,29,18,80" hai2="41,120,131,127,64,28,2,103,17,58,87,88,89" hai3="0,23,38,39,81,129,75,121,69,91,111,49,32"/><V47/><F120/><W51/><G69/><T105/><D108/><U133/><E73/><V33/><F2/><W5/><G32/><T116/><D36/><U74/><E74/><V43/><F127/><W84/><G111/><T44/><D27/><U124/><E124/><V68/><F68/><W46/><G75/><T21/><D126/><U78/><E134/><V72/><F72/><W125/><G125/><T13/><D113/><U31/><E133/><V132/><F132/><W53/><G121/><T90/><D82/><U9/><E78/><V25/><F131/><W15/><G0/><T48/><D116/><U115/><E115/><V135/><F135/><W110/><G110/><T71/><D102/><U55/><E80/><V83/><F103/><W77/><G129/><T122/><D122/><U85/><E85/><V100/><F100/><W56/><G77/><T37/><D37/><U34/><E34/><V114/><F114/><W86/><G86/><T60/><D60/><N who="1" m="38159" /><E9/><V4/><F4/><W104/><G104/><T3/><D3/><U94/><E94/><V118/><F118/><W97/><G97/><T109/><D109/><U14/><E31/><V65/><F41/><N who="1" m="15977" /><E14/><V95/><F58/><W10/><G23/><T92/><D93/><U30/><E29/><V130/><F17/><W76/><G76/><T112/><D112/><U70/><E70/><V67/><F130/><W96/><G96/><N who="0" m="57367" /><D21/><U123/><E123/><V117/><F117/><W59/><G59/><T6/><D13/><U99/><E99/><N who="2" m="57831" /><F43/><AGARI ba="0,0" hai="5,10,15,38,39,43,46,49,51,53,56,81,84,91" machi="43" ten="30,1000,0" yaku="7,1" doraHai="63" who="3" fromWho="2" sc="250,0,240,0,140,-10,370,10" />
</Scene>
<Scene>
<INIT seed="3,0,0,1,0,75" ten="250,240,130,380" oya="3" hai0="128,12,77,124,76,16,112,121,13,84,105,117,107" hai1="58,100,57,85,19,56,66,3,11,134,111,93,119" hai2="98,73,15,33,26,14,50,71,127,130,67,87,125" hai3="94,8,23,78,32,0,5,113,46,103,53,44,72"/><W35/><G113/><T42/><D117/><U123/><E123/><V21/><F73/><W114/><G114/><T41/><D121/><U135/><E119/><V91/><F33/><W48/><G46/><T43/><D112/><U55/><E111/><V95/><F130/><W51/><G51/><T120/><D120/><U22/><E66/><V29/><F50/><W9/><G9/><T20/><D128/><U122/><E122/><V110/><F110/><W10/><G10/><T28/><D124/><N who="2" m="47690" /><F67/><W133/><G133/><N who="1" m="50698" /><E55/><V70/><F98/><W132/><G132/><T39/><D39/><U101/><E93/><V54/><F54/><W38/><G38/><T45/><D45/><U64/><E64/><V99/><F99/><W60/><G60/><T17/><D28/><U24/><E85/><V62/><F62/><W52/><G53/><T96/><D96/><U74/><E74/><V106/><F106/><W2/><G2/><T63/><D63/><U104/><E104/><V47/><F47/><W49/><G49/><T7/><D7/><AGARI ba="0,0" hai="3,7,11,19,22,24,56,57,58,100,101" m="50698" machi="7" ten="30,1000,0" yaku="20,1" doraHai="75" who="1" fromWho="0" sc="250,-10,240,10,130,0,380,0" />
</Scene>
<Scene>
<INIT seed="4,0,0,3,1,107" ten="240,250,130,380" oya="0" hai0="57,56,69,114,119,132,36,61,113,5,129,133,30" hai1="74,96,14,109,122,31,118,45,52,108,49,92,70" hai2="21,102,6,112,101,25,37,13,53,20,124,58,34" hai3="9,106,16,95,19,88,22,111,75,27,18,93,76"/><T62/><D5/><U87/><E118/><V67/><F37/><W72/><G106/><T78/><D30/><U81/><E122/><V54/><F112/><N who="0" m="43114" /><D119/><U47/><E70/><V127/><F34/><W24/><G111/><T116/><D116/><U100/><E31/><V40/><F40/><W117/><G117/><T15/><D15/><U43/><E14/><V46/><F67/><W12/><G95/><T10/><D10/><U77/><REACH who="1" step="1"/><E87/><REACH who="1" ten="240,240,130,380" step="2"/><V79/><F13/><W86/><G76/><T66/><D78/><U35/><E35/><V120/><F79/><W83/><G83/><T128/><D36/><AGARI ba="0,1" hai="36,43,45,47,49,52,74,77,81,92,96,100,108,109" machi="36" ten="30,7700,0" yaku="1,1,7,1,52,1,54,1,53,0" doraHai="107" doraHaiUra="64" who="1" fromWho="0" sc="240,-77,240,87,130,0,380,0" />
</Scene>
<Scene>
<INIT seed="5,0,0,2,0,29" ten="163,327,130,380" oya="1" hai0="112,21,82,68,4,61,22,48,124,69,51,101,89" hai1="96,119,18,66,59,6,121,107,115,92,130,5,129" hai2="53,37,73,9,31,30,131,134,118,8,40,14,50" hai3="35,116,117,60,56,99,20,32,84,46,52,63,25"/><U127/><E121/><V102/><F118/><N who="3" m="45675" /><G46/><T0/><D101/><U17/><E119/><V74/><F102/><W104/><G84/><T78/><D112/><U108/><E115/><V93/><F131/><N who="1" m="50185" /><E107/><V126/><F126/><W38/><G38/><T57/><D124/><U133/><E127/><V3/><F134/><W55/><G99/><T12/><D89/><N who="1" m="55311" /><E133/><V54/><F93/><W113/><G113/><T27/><D22/><U106/><E106/><V122/><F122/><W94/><G94/><T103/><D103/><U44/><E44/><V123/><F123/><W16/><G104/><T13/><D68/><U24/><E108/><V128/><F128/><W11/><G11/><T87/><D69/><U105/><E105/><V70/><F70/><W28/><G28/><N who="0" m="17519" /><D0/><U77/><E77/><V83/><F37/><W110/><G110/><T41/><D41/><U15/><E24/><V81/><F40/><W42/><G42/><T80/><D80/><U72/><E72/><V34/><F3/><W10/><G10/><N who="0" m="4167" /><D13/><U62/><E15/><V7/><F14/><W43/><G43/><T71/><D71/><U132/><E132/><V86/><F7/><AGARI ba="0,0" hai="5,6,7,17,18,59,62,66" m="55311,50185" machi="7" ten="30,1500,0" yaku="19,1" doraHai="29" who="1" fromWho="2" sc="163,0,327,15,130,-15,380,0" />
</Scene>
<Scene>
<INIT seed="5,1,0,4,5,123" ten="163,342,115,380" oya="1" hai0="36,4,23,115,26,17,82,15,65,45,98,30,130" hai1="46,39,120,54,132,18,2,62,86,38,44,129,76" hai2="99,14,27,111,134,128,7,29,75,5,64,59,55" hai3="96,49,74,28,35,113,78,109,85,126,106,69,31"/><U95/><E120/><V100/><F75/><W122/><G69/><T32/><D65/><U56/><E2/><V6/><F128/><W34/><G122/><T87/><D130/><U50/><E129/><V108/><F134/><W93/><G49/><T94/><D115/><U47/><E132/><V107/><F64/><W37/><G37/><T0/><D36/><U68/><E68/><V125/><F125/><W58/><G58/><T121/><D121/><U16/><E39/><V91/><F91/><W77/><G77/><T135/><D135/><U72/><E38/><V24/><F14/><W71/><G71/><T102/><D45/><N who="1" m="17515" /><E72/><V88/><F88/><N who="3" m="53391" /><G126/><T1/><REACH who="0" step="1"/><D4/><REACH who="0" ten="153,342,115,380" step="2"/><U119/><E119/><V9/><F9/><W19/><G113/><T12/><D12/><U20/><E20/><V61/><REACH who="2" step="1"/><F24/><REACH who="2" ten="153,342,105,380" step="2"/><W63/><G35/><AGARI ba="1,2" hai="5,6,7,27,29,35,55,59,61,99,100,107,108,111" machi="35" ten="40,8000,1" yaku="1,1,2,1,52,2,53,1" doraHai="123" doraHaiUra="22" who="2" fromWho="3" sc="153,0,342,0,105,103,380,-83" />
</Scene>
<Scene>
<INIT seed="6,0,0,3,5,41" ten="153,342,208,297" oya="2" hai0="54,133,76,68,121,93,25,118,73,112,23,74,94" hai1="61,117,16,36,130,92,19,13,97,0,71,80,124" hai2="125,111,50,12,128,113,103,65,10,83,114,115,28" hai3="1,104,24,122,134,108,49,15,7,131,57,6,91"/><V60/><F125/><W96/><G104/><T11/><D133/><U31/><E0/><V46/><F128/><W30/><G134/><T5/><D68/><U3/><E3/><V4/><F111/><W53/><G108/><T34/><D121/><U66/><E130/><V21/><F103/><W82/><G131/><T81/><D34/><U119/><E124/><V55/><F83/><W45/><G122/><T39/><D112/><U107/><E107/><V101/><F101/><W132/><G132/><T2/><D74/><U48/><E31/><V35/><F35/><W87/><G1/><T98/><D118/><U59/><E36/><V86/><F86/><W43/><G96/><T29/><D54/><N who="1" m="32199" /><E80/><V102/><F102/><W85/><G15/><T47/><REACH who="0" step="1"/><D98/><REACH who="0" ten="143,342,208,297" step="2"/><U14/><E71/><V70/><REACH who="2" step="1"/><F115/><REACH who="2" ten="143,342,198,297" step="2"/><W126/><G126/><T129/><D129/><U37/><E119/><V9/><F9/><W22/><REACH who="3" step="1"/><G85/><REACH who="3" ten="143,342,198,287" step="2"/><T63/><D63/><AGARI ba="0,3" hai="6,7,22,24,30,43,45,49,53,57,63,82,87,91" machi="63" ten="30,12000,2" yaku="1,1,2,1,7,1,8,1,52,1,53,1" doraHai="41" doraHaiUra="20" who="3" fromWho="0" sc="143,-120,342,0,198,0,287,150" />
</Scene>
<Scene>
<INIT seed="7,0,0,1,5,115" ten="23,342,198,437" oya="3" hai0="50,60,127,66,6,58,113,120,86,107,1,55,10" hai1="74,28,34,46,103,93,123,52,64,47,97,121,98" hai2="54,57,63,9,90,80,130,43,40,33,30,129,83" hai3="27,112,13,42,25,53,32,89,70,31,4,95,44"/><W73/><G70/><T51/><D107/><U102/><E74/><V82/><F9/><W75/><G27/><T134/><D120/><U39/><E39/><V94/><F30/><W104/><G104/><T99/><D99/><U24/><E64/><V126/><F33/><W19/><G53/><T45/><D113/><U91/><E102/><V133/><F133/><W100/><G4/><T62/><D134/><U131/><E131/><N who="2" m="50187" /><F126/><W21/><G100/><T23/><D127/><U135/><E135/><V12/><F12/><W106/><G106/><T29/><D29/><U11/><E11/><V7/><F7/><W41/><G41/><T114/><D114/><U48/><E46/><V67/><F67/><W88/><G89/><T85/><D23/><U69/><E69/><V8/><F8/><W68/><G68/><T38/><D62/><U111/><E111/><V87/><AGARI ba="0,0" hai="40,43,54,57,63,80,82,83,87,90,94" m="50187" machi="87" ten="30,1100,0" yaku="19,1" doraHai="115" who="2" fromWho="2" sc="23,-3,342,-3,198,11,437,-5" owari="20,-48.0,339,14.0,209,-19.0,432,53.0" />
</Scene>
</mjloggm>