<mjloggm ver="2.3"><GO type="169" lobby="0"/><UN n0="%E3%81%93%E3%81%BE%E3%81%A3%E3%81%95%E3%82%93" n1="%E3%82%AB%E3%83%AA%E3%82%B9%E3%83%9E%E2%91%A8" n2="%E5%A4%AA%E3%81%8F%E3%81%AA%E3%81%84%E3%81%8A" n3="%52%4F%54%54%45%4E" dan="16,16,18,16" rate="2089.70,2068.88,2242.46,2103.07" sx="M,F,F,M"/><TAIKYOKU oya="0"/>

<Scene>
<INIT seed="0,0,0,4,4,5" ten="250,250,250,250" oya="0" hai0="81,4,91,29,44,12,82,6,63,62,98,129,85" hai1="20,46,103,89,60,74,127,42,134,52,79,67,53" hai2="110,135,9,99,35,27,22,80,28,25,106,8,107" hai3="0,72,41,96,128,126,120,7,125,121,131,130,61"/><T33/><D129/><U32/><E32/><V19/><F110/><W68/><G41/><T11/><D98/><U40/><E103/><V90/><F135/><W109/><G109/><T55/><D29/><U116/><E116/><V43/><F43/><W100/><G72/><T3/><D33/><U83/><E134/><V70/><F70/><W39/><G39/><T24/><D24/><U64/><E127/><N who="3" m="48650" /><G61/><T113/><D113/><U88/><E42/><V92/><REACH who="2" step="1"/><F80/><REACH who="2" ten="250,250,240,250" step="2"/><W1/><G68/><T119/><D82/><U104/><E40/><V133/><F133/><W69/><G69/><T58/><D119/><U77/><E83/><V38/><F38/><W84/><G84/><T59/><D44/><U50/><E46/><V47/><F47/><W132/><G132/><T34/><D34/><U21/><E74/><V30/><F30/><W86/><G86/><T118/><D118/><U15/><E79/><V23/><F23/><W123/><G7/><T65/><REACH who="0" step="1"/><D6/><REACH who="0" ten="240,250,240,250" step="2"/><U114/><E77/><V76/><F76/><W37/><G37/><T31/><D31/><U93/><E114/><V115/><F115/><W26/><G26/><T51/><D51/><U16/><E50/><V105/><AGARI ba="0,2" hai="8,9,19,22,25,27,28,35,90,92,99,105,106,107" machi="105" ten="30,8000,1" yaku="1,1,0,1,52,2,53,1" doraHai="5" doraHaiUra="14" who="2" fromWho="2" sc="240,-40,250,-20,240,100,250,-20" />
</Scene>
<Scene>
<INIT seed="1,0,0,4,3,46" ten="200,230,340,230" oya="1" hai0="8,49,124,93,11,12,68,17,65,18,119,70,57" hai1="59,77,83,108,64,29,86,122,130,88,20,73,91" hai2="100,16,135,69,54,66,1,47,0,99,6,101,114" hai3="117,106,36,38,45,14,80,133,84,56,129,104,87"/><U37/><E122/><V71/><F135/><W132/><G117/><T7/><D119/><U34/><E34/><V131/><F131/><W2/><G2/><T31/><D124/><U79/><E130/><V95/><F114/><W4/><G129/><T110/><D31/><U40/><E108/><V44/><F6/><W107/><G56/><T28/><D28/><U120/><E120/><V39/><F39/><W51/><G4/><T98/><D110/><U32/><E32/><V97/><F66/><W134/><G14/><T5/><D70/><U89/><E37/><V21/><F54/><W102/><G102/><T55/><D65/><U109/><E109/><V25/><F71/><W41/><REACH who="3" step="1"/><G87/><REACH who="3" ten="200,230,340,220" step="2"/><T105/><D68/><U85/><E59/><V67/><F0/><W50/><G50/><T123/><D123/><U111/><E86/><V26/><F1/><W48/><G48/><T27/><D105/><U22/><E85/><V127/><F69/><W43/><G43/><T52/><D55/><U24/><E40/><V3/><F3/><W103/><G103/><T9/><D27/><U118/><E24/><V63/><F26/><W90/><AGARI ba="0,1" hai="36,38,41,45,51,80,84,90,104,106,107,132,133,134" machi="90" ten="40,8000,1" yaku="1,1,0,1,20,1,52,1,53,0" doraHai="46" doraHaiUra="53" who="3" fromWho="3" sc="200,-20,230,-40,340,-20,220,90" />
</Scene>
<Scene>
<INIT seed="2,0,0,5,3,105" ten="180,190,320,310" oya="2" hai0="69,103,107,43,98,86,26,117,127,114,128,0,37" hai1="115,122,121,80,30,13,16,54,45,91,78,85,96" hai2="134,2,124,14,49,8,88,94,38,75,62,102,15" hai3="64,123,74,50,39,81,57,23,32,46,108,18,21"/><V3/><F38/><W126/><G123/><N who="1" m="47114" /><E115/><V28/><F102/><W83/><G32/><T71/><D86/><U118/><E118/><V17/><F134/><W79/><G108/><T89/><D114/><U40/><E30/><V104/><F104/><W92/><G126/><T19/><D127/><U68/><E68/><V60/><F124/><W1/><G1/><T82/><D117/><U93/><E54/><V99/><F28/><W4/><G4/><T77/><D128/><U87/><E87/><V56/><F75/><W106/><G106/><T29/><D19/><U66/><E66/><V27/><F27/><W119/><G119/><T129/><D129/><U34/><E34/><V9/><F49/><W130/><G130/><T47/><D89/><U52/><E52/><V111/><F111/><W55/><G39/><T10/><D26/><U100/><E100/><V7/><REACH who="2" step="1"/><F62/><REACH who="2" ten="180,190,310,310" step="2"/><W33/><G50/><T135/><D135/><U53/><E53/><AGARI ba="0,1" hai="2,3,7,8,9,14,15,17,53,56,60,88,94,99" machi="53" ten="30,11600,0" yaku="1,1,2,1,7,1,54,1,53,0" doraHai="105" doraHaiUra="125" who="2" fromWho="1" sc="180,0,190,-116,310,126,310,0" />
</Scene>
<Scene>
<INIT seed="2,1,0,4,4,77" ten="180,74,436,310" oya="2" hai0="13,129,126,22,49,96,10,87,44,73,4,14,33" hai1="119,32,99,76,29,135,61,109,37,72,117,75,116" hai2="133,120,19,21,59,3,131,97,55,103,82,118,114" hai3="45,47,54,17,123,111,128,20,1,102,18,79,46"/><V16/><F120/><W64/><G123/><T83/><D73/><U124/><E37/><V78/><F118/><W110/><G1/><T90/><D33/><U80/><E109/><N who="3" m="41482" /><G64/><T95/><D129/><U56/><E124/><V27/><F114/><W115/><G115/><T23/><D14/><U81/><E135/><V66/><F3/><W51/><G128/><T94/><D94/><U34/><E99/><V2/><F2/><W50/><G102/><T84/><D84/><U125/><E125/><V91/><F131/><W25/><G79/><T7/><D4/><U104/><E104/><V6/><F6/><W31/><G51/><T130/><D130/><U24/><E34/><V11/><F66/><W106/><G106/><T42/><REACH who="0" step="1"/><D126/><REACH who="0" ten="170,74,436,310" step="2"/><U132/><E132/><V127/><F133/><W35/><G35/><T68/><D68/><U65/><REACH who="1" step="1"/><E76/><AGARI ba="1,1" hai="7,10,13,22,23,42,44,49,76,83,87,90,95,96" machi="76" ten="30,12000,2" yaku="1,1,7,1,25,2,8,1,52,1,53,1" doraHai="77" doraHaiUra="40" who="0" fromWho="1" sc="170,133,74,-123,436,0,310,0" owari="303,-10.0,-49,-55.0,436,54.0,310,11.0" />
</Scene>
</mjloggm>