<mjloggm ver="2.3"><GO type="41"/><UN n0="%61%6E%67%6C%65%72%32" n1="%EF%BC%88%63%72%6F%73%73%EF%BC%89" n2="%E4%B8%80%E8%88%AC%E5%8D%93%E3%81%AE%E9%80%86%E8%A5%B2%57%57" n3="%E5%A4%AA%E3%81%8F%E3%81%AA%E3%81%84%E3%81%8A" dan="14,13,14,15" rate="1883,2002,1972,2044" sx="M,M,M,M"/><TAIKYOKU oya="0"/>

<Scene>
<INIT seed="0,0,0,4,2,87" ten="250,250,250,250" oya="0" hai0="92,107,86,61,96,99,68,94,124,72,88,39,55" hai1="45,51,24,78,100,29,44,50,103,16,2,135,102" hai2="20,65,81,113,83,8,49,76,63,97,53,37,11" hai3="12,118,101,75,46,111,6,0,90,62,67,38,33"/><T48/><D39/><U129/><E2/><V19/><F113/><W36/><G118/><T41/><D72/><U120/><E120/><V125/><F37/><W105/><G33/><T77/><D68/><U15/><E129/><V32/><F32/><W133/><G75/><T117/><D107/><U26/><E135/><V79/><F125/><W18/><G6/><T25/><D41/><N who="1" m="24847" /><E78/><N who="2" m="29739" /><F65/><W17/><G0/><T7/><D61/><U104/><E29/><V74/><F63/><W28/><G28/><T40/><D40/><N who="1" m="24999" /><E104/><V27/><F74/><W89/><G105/><T57/><D7/><U9/><AGARI ba="0,0" hai="9,15,16,24,26,100,102,103" m="24999,24847" machi="9" ten="30,2000,0" yaku="8,1,54,1" doraHai="87" who="1" fromWho="1" sc="250,-10,250,20,250,-5,250,-5" />
</Scene>
<Scene>
<INIT seed="1,0,0,0,0,19" ten="240,270,245,245" oya="1" hai0="41,87,6,124,116,125,33,128,17,75,122,82,44" hai1="62,127,0,54,55,58,34,89,64,103,47,52,10" hai2="16,91,109,65,133,100,78,48,95,46,13,1,60" hai3="7,79,59,114,25,88,111,131,129,108,99,86,45"/><U81/><E34/><V49/><F1/><W37/><G7/><T101/><D33/><U132/><E127/><N who="0" m="48713" /><D75/><U105/><E132/><V53/><F133/><W28/><G114/><T130/><D6/><U56/><E105/><V117/><F117/><W26/><G99/><T83/><D116/><U118/><E118/><V4/><F109/><N who="3" m="42059" /><G79/><T12/><D101/><U24/><E103/><V80/><F100/><W35/><G26/><T134/><D122/><U63/><E0/><V94/><F4/><W71/><G71/><T106/><D106/><U9/><E24/><V74/><F49/><W15/><G15/><T93/><D93/><U27/><E27/><V43/><F91/><W20/><G35/><T11/><D134/><U121/><E121/><V8/><REACH who="2" step="1"/><F43/><REACH who="2" ten="240,270,235,245" step="2"/><N who="3" m="22767" /><G59/><AGARI ba="0,1" hai="8,13,16,46,48,53,59,60,65,74,78,80,94,95" machi="59" ten="30,3900,0" yaku="1,1,7,1,54,1,53,0" doraHai="19" doraHaiUra="2" who="2" fromWho="3" sc="240,0,270,0,235,49,245,-39" />
</Scene>
<Scene>
<INIT seed="2,0,0,0,2,7" ten="240,270,284,206" oya="2" hai0="52,53,36,92,91,94,117,133,25,56,135,63,9" hai1="20,118,10,13,41,42,14,2,74,89,109,132,37" hai2="108,23,21,88,57,116,28,66,12,105,112,6,80" hai3="124,33,44,96,114,85,59,18,83,39,27,62,55"/><V131/><F116/><W115/><G124/><T40/><D117/><U72/><E118/><V43/><F112/><N who="3" m="43051" /><G96/><T104/><D104/><U67/><E67/><V24/><F105/><W129/><G129/><T22/><D94/><U4/><E109/><V19/><F131/><W125/><G125/><T15/><D40/><U87/><E132/><N who="0" m="50761" /><D36/><U95/><E2/><V17/><F108/><W123/><G123/><T93/><D53/><U130/><E130/><V76/><F6/><W60/><G44/><T58/><D58/><U99/><E37/><V120/><F120/><W45/><G45/><T5/><D91/><U65/><E65/><V50/><F19/><AGARI ba="0,0" hai="5,9,15,19,22,25,52,56,63,92,93" m="50761" machi="19" ten="30,3900,0" yaku="20,1,52,1,54,1" doraHai="7" who="0" fromWho="2" sc="240,39,270,0,284,-39,206,0" />
</Scene>
<Scene>
<INIT seed="3,0,0,0,0,70" ten="279,270,245,206" oya="3" hai0="114,123,72,129,104,43,115,74,31,135,46,48,33" hai1="42,86,13,119,61,122,7,35,105,91,4,45,3" hai2="126,39,128,84,37,2,66,57,134,131,99,32,50" hai3="76,14,12,20,97,64,6,27,51,127,106,103,18"/><W77/><G127/><T65/><D123/><U9/><E122/><V0/><F126/><W67/><G14/><T110/><D104/><U1/><E105/><V133/><F32/><W121/><G121/><T112/><D110/><U107/><E107/><V22/><F99/><W56/><G67/><T25/><D135/><N who="2" m="51722" /><F22/><W87/><G87/><T125/><D125/><U92/><E35/><V40/><F84/><W54/><REACH who="3" step="1"/><G64/><REACH who="3" ten="279,270,245,196" step="2"/><T34/><D65/><U90/><E119/><V23/><F66/><W16/><G16/><T28/><D129/><N who="2" m="49738" /><F23/><W53/><G53/><T11/><D11/><AGARI ba="0,1" hai="6,11,12,18,20,27,51,54,56,76,77,97,103,106" machi="11" ten="40,2000,0" yaku="1,1,53,0" doraHai="70" doraHaiUra="24" who="3" fromWho="0" sc="279,-20,270,0,245,0,196,30" />
</Scene>
<Scene>
<INIT seed="3,1,0,5,0,128" ten="259,270,245,226" oya="3" hai0="63,88,55,46,19,26,129,34,86,29,11,69,134" hai1="72,41,32,13,27,132,43,73,76,131,80,51,18" hai2="20,23,74,81,59,89,120,110,97,45,9,38,117" hai3="85,65,6,92,5,8,16,125,68,95,42,135,133"/><W113/><G113/><T121/><D121/><U101/><E131/><V108/><F117/><W25/><G125/><T122/><D122/><U62/><E101/><V99/><F120/><W104/><G104/><T126/><D126/><U90/><E90/><V96/><F9/><W50/><G68/><T58/><D69/><U64/><E72/><V17/><F17/><W47/><G65/><T79/><D79/><U123/><E123/><V67/><F38/><W87/><G87/><T61/><D61/><U114/><E114/><V0/><F0/><W52/><G42/><T36/><D129/><U102/><E102/><V93/><F45/><W130/><G130/><T37/><D46/><U44/><E43/><V71/><F71/><W21/><G5/><T127/><D127/><U75/><E75/><V56/><F74/><W106/><G106/><T4/><D19/><U39/><E32/><V28/><F28/><W77/><G77/><T10/><D10/><U22/><E39/><V3/><F3/><W2/><G85/><T84/><D84/><U57/><REACH who="1" step="1"/><E27/><REACH who="1" ten="259,260,245,226" step="2"/><V7/><F7/><W100/><REACH who="3" step="1"/><G100/><REACH who="3" ten="259,260,245,216" step="2"/><T40/><D40/><U83/><E83/><V112/><F81/><W124/><G124/><T54/><D36/><U103/><E103/><V115/><F67/><W78/><G78/><T60/><D37/><U12/><E12/><V98/><N who="2" m="25088" /><DORA hai="35" /><V31/><F112/><W82/><G82/><T49/><D86/><U119/><E119/><V24/><F115/><W111/><G111/><N who="2" m="42537" /><F20/><W66/><G66/><T94/><D94/><AGARI ba="1,2" hai="2,6,8,16,21,25,47,50,52,92,94,95,133,135" machi="94" ten="40,18000,2" yaku="1,1,52,3,54,2,53,0" doraHai="128,35" doraHaiUra="118,116" who="3" fromWho="0" sc="259,-183,260,0,245,0,216,203" />
</Scene>
<Scene>
<INIT seed="3,2,0,5,0,78" ten="76,260,245,419" oya="3" hai0="25,4,82,79,31,16,18,19,101,8,59,121,72" hai1="12,3,68,34,98,43,35,37,125,7,70,44,45" hai2="49,13,30,77,17,114,102,1,57,56,99,0,89" hai3="11,32,58,87,127,9,36,109,84,48,24,65,116"/><W26/><G116/><T94/><D121/><U46/><E12/><V100/><F114/><W62/><G36/><T103/><D59/><U20/><E45/><V6/><F6/><W63/><G127/><T134/><D94/><U91/><E46/><V21/><F30/><W96/><G109/><T51/><D51/><U28/><E20/><V104/><F100/><W54/><G96/><T124/><D134/><U33/><E125/><V53/><F57/><W88/><G84/><T133/><D133/><U105/><E91/><V85/><REACH who="2" step="1"/><F77/><REACH who="2" ten="76,260,235,419" step="2"/><W55/><G58/><T113/><D113/><U42/><E28/><V122/><F122/><W14/><G32/><T2/><REACH who="0" step="1"/><D124/><REACH who="0" ten="66,260,235,419" step="2"/><U47/><E70/><V15/><F15/><W110/><G14/><T5/><D5/><U60/><E68/><V23/><F23/><AGARI ba="2,2" hai="2,4,8,16,18,19,23,25,31,72,79,82,101,103" machi="23" ten="40,5200,0" yaku="1,1,52,1,54,1,53,0" doraHai="78" doraHaiUra="61" who="0" fromWho="2" sc="66,78,260,0,235,-58,419,0" />
</Scene>
<Scene>
<INIT seed="4,0,0,0,5,32" ten="144,260,177,419" oya="0" hai0="79,11,19,120,59,65,41,82,81,20,77,48,47" hai1="107,74,91,104,114,64,96,117,132,17,31,99,126" hai2="44,128,10,101,13,14,43,66,27,124,26,7,127" hai3="9,123,42,115,113,46,54,103,0,76,36,112,60"/><T86/><D120/><U53/><E117/><V129/><F101/><W108/><G103/><T3/><D59/><U21/><E74/><V87/><F66/><W92/><G108/><T84/><D65/><U30/><E64/><V119/><F87/><W109/><G109/><T135/><D135/><U45/><E132/><V5/><F44/><W28/><G123/><T8/><REACH who="0" step="1"/><D3/><REACH who="0" ten="134,260,177,419" step="2"/><U38/><E114/><V37/><F37/><W4/><G113/><T111/><D111/><U98/><E38/><V116/><REACH who="2" step="1"/><F43/><REACH who="2" ten="134,260,167,419" step="2"/><W58/><G112/><T75/><D75/><U94/><E53/><V40/><F40/><W55/><G115/><T80/><D80/><U83/><E83/><V72/><F72/><W100/><G55/><T105/><D105/><U50/><E107/><V78/><F78/><W106/><G76/><T63/><D63/><U34/><E104/><V39/><F39/><W16/><G106/><T35/><D35/><U22/><E34/><V93/><F93/><W85/><G92/><T131/><D131/><U57/><E94/><V88/><F88/><W56/><G36/><T62/><D62/><U133/><E91/><V33/><F33/><W121/><G60/><T73/><D73/><U97/><E133/><V110/><F110/><W23/><G54/><T51/><D51/><U69/><E50/><V122/><F122/><W29/><G121/><T15/><AGARI ba="0,2" hai="8,11,15,19,20,41,47,48,77,79,81,82,84,86" machi="15" ten="20,12000,1" yaku="1,1,0,1,7,1,9,1,8,1,53,0" doraHai="32" doraHaiUra="67" who="0" fromWho="0" sc="134,140,260,-40,167,-40,419,-40" />
</Scene>
<Scene>
<INIT seed="4,1,0,1,4,81" ten="274,220,127,379" oya="0" hai0="126,11,17,53,110,70,123,113,60,12,57,99,9" hai1="86,88,28,93,97,36,0,121,87,103,27,63,129" hai2="26,16,104,18,66,7,23,30,72,132,107,52,89" hai3="112,73,79,47,78,15,96,33,65,10,34,102,133"/><T122/><D70/><U54/><E121/><V43/><F72/><W111/><G112/><T48/><D113/><U127/><E0/><V92/><F132/><W106/><G111/><T131/><D126/><U45/><E127/><V14/><F66/><W37/><G133/><T77/><D131/><U82/><E129/><V13/><F43/><W84/><G73/><T8/><D77/><U49/><E36/><V59/><F107/><W29/><G65/><T69/><D110/><U100/><E63/><N who="2" m="36327" /><F104/><W118/><G29/><T135/><D135/><U64/><E64/><V3/><F3/><W55/><G78/><T62/><D69/><U67/><E67/><V1/><F1/><W6/><G118/><T22/><REACH who="0" step="1"/><D99/><REACH who="0" ten="264,220,127,379" step="2"/><U120/><E120/><AGARI ba="1,1" hai="8,9,11,12,17,22,48,53,57,60,62,120,122,123" machi="120" ten="40,12000,1" yaku="1,1,2,1,53,3" doraHai="81" doraHaiUra="119" who="0" fromWho="1" sc="264,133,220,-123,127,0,379,0" />
</Scene>
<Scene>
<INIT seed="4,2,0,3,2,12" ten="397,97,127,379" oya="0" hai0="119,94,34,49,106,109,14,100,2,126,120,25,117" hai1="121,101,68,97,87,8,5,130,93,21,73,98,63" hai2="131,127,82,45,112,35,47,57,74,32,115,26,85" hai3="30,133,11,36,107,50,40,53,4,60,24,72,96"/><T99/><D2/><U81/><E73/><V102/><F74/><W125/><G72/><T27/><D120/><U56/><E121/><V91/><F127/><W114/><G125/><T64/><D126/><U22/><E130/><V124/><F131/><W43/><G36/><T31/><D25/><U67/><E68/><V83/><F124/><W15/><G60/><T78/><D78/><U110/><E110/><V103/><F57/><W9/><G9/><T16/><D109/><U77/><REACH who="1" step="1"/><E98/><REACH who="1" ten="397,87,127,379" step="2"/><V128/><F128/><W51/><G96/><T84/><D64/><U88/><E88/><V76/><F91/><W59/><G133/><T62/><D119/><U37/><E37/><V42/><F76/><W95/><G114/><T134/><D117/><U80/><E80/><V44/><F42/><W46/><G43/><T33/><D106/><U28/><E28/><N who="2" m="19479" /><F35/><W66/><G107/><T58/><D34/><U89/><E89/><N who="2" m="51383" /><F83/><W122/><G122/><T70/><D84/><U69/><E69/><V129/><F129/><W18/><G95/><T135/><D70/><U38/><E38/><V86/><F86/><W54/><G40/><T19/><D49/><U75/><E75/><V23/><F23/><N who="3" m="15647" /><G66/><T132/><D14/><AGARI ba="2,1" hai="5,8,14,21,22,56,63,67,77,81,87,93,97,101" machi="14" ten="30,3900,0" yaku="1,1,7,1,8,1,53,0" doraHai="12" doraHaiUra="29" who="1" fromWho="0" sc="397,-45,87,55,127,0,379,0" />
</Scene>
<Scene>
<INIT seed="5,0,0,4,4,17" ten="352,142,127,379" oya="1" hai0="128,6,18,131,0,112,90,96,120,84,126,68,73" hai1="104,34,133,87,9,97,106,83,79,127,125,37,32" hai2="98,77,49,51,100,54,38,36,80,130,105,53,57" hai3="7,65,134,11,13,124,16,132,114,64,58,39,101"/><U86/><E37/><V76/><F130/><N who="0" m="49706" /><D68/><U1/><E133/><N who="3" m="51306" /><G39/><T43/><D73/><U81/><E1/><V129/><F129/><W44/><G114/><T60/><D112/><U62/><E9/><V52/><F54/><W113/><G113/><T24/><D43/><U85/><E62/><V135/><F135/><W71/><G71/><T55/><D126/><N who="1" m="48139" /><E97/><V10/><F10/><W12/><G124/><T72/><D72/><U95/><E95/><V48/><F48/><W21/><G44/><T26/><D96/><U25/><E25/><V116/><F116/><W89/><G101/><T93/><D120/><U63/><E63/><V108/><F108/><W41/><G41/><T3/><D6/><U33/><E79/><V110/><F110/><W15/><G89/><T27/><D18/><U42/><E42/><V31/><F31/><W50/><G15/><T122/><D122/><U75/><E75/><V23/><F23/><W99/><G99/><T8/><D8/><U47/><E47/><V91/><F91/><W107/><G107/><AGARI ba="0,0" hai="32,33,34,81,83,85,86,87,104,106,107" m="48139" machi="107" ten="40,7700,0" yaku="28,2,18,1" doraHai="17" who="1" fromWho="3" sc="352,0,142,77,127,0,379,-77" />
</Scene>
<Scene>
<INIT seed="5,1,0,1,3,21" ten="352,219,127,302" oya="1" hai0="52,62,78,81,39,96,68,131,0,70,38,86,80" hai1="111,49,7,91,67,133,72,15,27,125,107,37,6" hai2="28,89,98,24,42,110,2,85,93,13,109,105,48" hai3="127,20,46,102,132,23,65,83,123,77,97,74,9"/><U73/><E37/><V122/><F122/><W12/><G123/><T126/><D0/><U63/><E107/><V119/><F119/><W124/><G132/><T34/><D34/><U35/><E133/><V116/><F116/><W29/><G65/><T19/><D131/><U130/><E130/><V18/><F2/><W60/><G60/><T121/><D126/><N who="3" m="48169" /><G46/><T75/><D96/><U5/><E125/><V10/><F105/><N who="3" m="63695" /><G29/><T66/><D121/><U47/><E67/><V117/><F117/><W43/><G43/><T84/><D75/><U56/><E63/><V53/><F42/><W94/><G94/><T79/><D70/><U108/><E72/><V30/><F98/><W54/><G54/><T58/><D19/><AGARI ba="1,0" hai="9,12,19,20,23,74,77,83" m="63695,48169" machi="19" ten="30,1000,0" yaku="18,1" doraHai="21" who="3" fromWho="0" sc="352,-13,219,0,127,0,302,13" />
</Scene>
<Scene>
<INIT seed="6,0,0,1,5,92" ten="339,219,127,315" oya="2" hai0="135,3,114,61,60,11,75,65,76,56,78,7,81" hai1="94,26,1,104,130,8,59,96,18,118,112,15,127" hai2="113,126,120,25,73,119,124,41,44,88,12,79,133" hai3="109,38,80,70,14,64,86,19,39,34,84,107,27"/><V51/><F120/><W116/><G109/><T117/><D114/><U37/><E118/><V71/><F119/><W85/><G116/><T57/><D135/><U13/><E1/><V129/><F71/><W22/><G107/><T0/><D78/><U52/><E112/><V134/><F113/><W89/><G70/><T62/><D117/><U101/><E37/><V28/><F12/><W48/><G64/><T21/><D21/><U42/><E42/><V32/><F129/><W110/><G110/><T45/><D45/><U95/><E130/><V36/><F36/><W121/><G121/><T131/><D61/><U105/><E127/><V98/><F79/><W123/><G123/><T47/><D47/><U74/><E74/><V29/><F29/><W5/><G84/><T97/><D97/><U10/><E26/><V55/><F73/><W111/><G111/><T30/><D30/><U87/><E87/><V23/><F32/><W106/><G106/><T82/><D82/><U67/><E67/><V83/><F41/><W24/><G24/><T100/><D100/><U54/><E105/><V53/><F53/><W43/><G85/><T125/><D125/><N who="2" m="48234" /><F83/><W46/><G34/><T102/><D102/><U17/><E54/><V93/><AGARI ba="0,0" hai="23,25,28,44,51,55,88,93,98,133,134" m="48234" machi="93" ten="30,6000,0" yaku="18,1,52,1,54,1" doraHai="92" who="2" fromWho="2" sc="339,-20,219,-20,127,60,315,-20" />
</Scene>
<Scene>
<INIT seed="6,1,0,0,1,64" ten="319,199,187,295" oya="2" hai0="28,135,29,5,26,36,103,11,77,127,118,25,21" hai1="102,60,59,98,56,33,55,35,133,131,39,65,106" hai2="4,81,67,101,97,105,22,112,66,69,128,17,34" hai3="51,108,7,38,120,104,37,54,93,99,27,40,88"/><V115/><F128/><W75/><G108/><T1/><D36/><U73/><E131/><V126/><F126/><W8/><G120/><T92/><D77/><U79/><E39/><V10/><F81/><W122/><G122/><T14/><D127/><U89/><E133/><V30/><F17/><W117/><G117/><T119/><D92/><U100/><E102/><V129/><F129/><W78/><G104/><T6/><D103/><U16/><E79/><V109/><F22/><W41/><G38/><T20/><D135/><U61/><E73/><V116/><F116/><W85/><G75/><T70/><D70/><U13/><REACH who="1" step="1"/><E89/><REACH who="1" ten="319,189,187,295" step="2"/><V19/><F19/><W31/><G37/><T71/><D71/><U2/><E2/><N who="2" m="279" /><F109/><W96/><G78/><T23/><D1/><U86/><E86/><V130/><F130/><W47/><G85/><T62/><D62/><U72/><E72/><V121/><F121/><W134/><G134/><T83/><D83/><U124/><E124/><V113/><F69/><W63/><G63/><T48/><D48/><U24/><E24/><AGARI ba="1,1" hai="24,30,34,66,67,97,101,105,112,113,115" m="279" machi="24" ten="30,1500,0" yaku="15,1" doraHai="64" who="2" fromWho="1" sc="319,0,189,-18,187,28,295,0" />
</Scene>
<Scene>
<INIT seed="6,2,0,1,4,79" ten="319,171,215,295" oya="2" hai0="12,64,107,65,114,93,42,26,32,68,71,30,113" hai1="49,73,72,62,118,92,13,5,99,37,108,51,8" hai2="115,35,29,116,128,4,70,102,39,132,77,126,75" hai3="58,6,129,101,105,97,3,28,82,61,47,41,134"/><V15/><RYUUKYOKU type="yao9" ba="2,0" sc="319,0,171,0,215,0,295,0" hai2="4,15,29,35,39,70,75,77,102,115,116,126,128,132" />
</Scene>
<Scene>
<INIT seed="6,3,0,3,5,120" ten="319,171,215,295" oya="2" hai0="75,97,72,35,17,38,60,39,30,48,131,83,104" hai1="56,65,42,3,6,101,74,70,20,96,43,50,5" hai2="49,116,90,54,84,69,27,106,121,14,111,24,91" hai3="46,8,66,19,134,108,133,125,9,21,51,18,22"/><V98/><F121/><W95/><G66/><T88/><D131/><U15/><E74/><V25/><F116/><W102/><G102/><T113/><D113/><U117/><E117/><V34/><F69/><W36/><G36/><T112/><D112/><U67/><E70/><V28/><F14/><N who="3" m="9463" /><G95/><T41/><D60/><U79/><E79/><V109/><F106/><W114/><G114/><T76/><D17/><U32/><E32/><V129/><F129/><W45/><G45/><T61/><D61/><U100/><E3/><V52/><F54/><N who="3" m="30071" /><G125/><T118/><D72/><U4/><E96/><V31/><F31/><W130/><G130/><T105/><D39/><U16/><E65/><V85/><F98/><W92/><G92/><T63/><D63/><N who="1" m="38375" /><E50/><V93/><F25/><N who="3" m="14551" /><G108/><N who="2" m="41545" /><F24/><W23/><G23/><T71/><D71/><U126/><E126/><V73/><F73/><W119/><G119/><T135/><D105/><U99/><E99/><N who="2" m="57783" /><F91/><W78/><G78/><T13/><D104/><U132/><E100/><V103/><F103/><W0/><G0/><T124/><D124/><U107/><E101/><V10/><F10/><W94/><G94/><T87/><D97/><U127/><E107/><V89/><F89/><W57/><G8/><T123/><D118/><U1/><E127/><V82/><F82/><W44/><G9/><T55/><D123/><U12/><E1/><V29/><F29/><W128/><G128/><T7/><D30/><U53/><E20/><V58/><AGARI ba="3,0" hai="27,28,34,49,52,58,84,85" m="57783,41545" machi="58" ten="30,12000,1" yaku="10,1,52,3,54,1" doraHai="120" who="2" fromWho="2" sc="319,-43,171,-43,215,129,295,-43" />
</Scene>
<Scene>
<INIT seed="6,4,0,0,3,48" ten="276,128,344,252" oya="2" hai0="27,70,60,133,112,62,29,97,74,18,93,21,53" hai1="66,107,119,82,16,135,25,51,102,49,83,68,15" hai2="58,86,44,20,96,22,47,5,9,105,106,56,99" hai3="84,126,36,118,39,110,59,13,123,128,28,54,64"/><V88/><F106/><W73/><G73/><T125/><D74/><U92/><E119/><V122/><F122/><W34/><G118/><T114/><D70/><U81/><E135/><V129/><F129/><W67/><G123/><T50/><D133/><U78/><E78/><V6/><F105/><W111/><G13/><T91/><D29/><U55/><E25/><V75/><F75/><W14/><G14/><T101/><D101/><U132/><E132/><V77/><F77/><W90/><G28/><T46/><REACH who="0" step="1"/><D125/><REACH who="0" ten="266,128,344,252" step="2"/><U103/><E107/><V130/><F130/><W121/><G128/><T2/><D2/><U57/><E68/><V38/><F44/><W104/><G126/><T61/><AGARI ba="4,1" hai="18,21,27,46,50,53,60,61,62,91,93,97,112,114" machi="61" ten="30,4000,0" yaku="1,1,0,1,52,1,53,0" doraHai="48" doraHaiUra="37" who="0" fromWho="0" sc="266,62,128,-14,344,-24,252,-14" />
</Scene>
<Scene>
<INIT seed="7,0,0,2,2,97" ten="328,114,320,238" oya="3" hai0="46,77,34,32,127,118,92,69,9,31,79,132,6" hai1="80,39,125,89,65,42,21,86,116,0,5,7,18" hai2="121,26,134,11,67,61,43,95,74,35,51,37,78" hai3="119,82,83,115,14,22,120,41,59,87,126,29,107"/><W112/><G120/><T111/><D69/><U10/><E125/><V16/><F37/><W98/><G119/><T27/><D111/><U13/><E116/><V62/><F121/><W48/><G126/><T15/><D34/><U110/><E110/><V128/><F134/><W63/><G48/><T20/><D127/><U104/><E104/><V56/><F128/><W17/><G41/><T105/><D105/><U8/><E39/><V57/><F78/><W91/><G29/><T58/><D46/><U24/><E42/><V40/><F74/><W44/><G44/><T130/><D132/><U103/><REACH who="1" step="1"/><E65/><REACH who="1" ten="328,104,320,238" step="2"/><N who="2" m="39079" /><F35/><W36/><G36/><T54/><D118/><U106/><E106/><V66/><F66/><W114/><G114/><T96/><D130/><U84/><E84/><V117/><F117/><W64/><G115/><T76/><D32/><U68/><E68/><V93/><F43/><W108/><G112/><T1/><D1/><U123/><E123/><V38/><F38/><W45/><G108/><T90/><D77/><U99/><E99/><V25/><F25/><W72/><G107/><T109/><D109/><U81/><E81/><V28/><F28/><W3/><G98/><T135/><D135/><U55/><E55/><N who="2" m="31999" /><F40/><W12/><G82/><T124/><D124/><U122/><E122/><V49/><F49/><AGARI ba="0,1" hai="6,9,15,20,27,31,49,54,58,76,79,90,92,96" machi="49" ten="30,2000,0" yaku="7,1,8,1" doraHai="97" who="0" fromWho="2" sc="328,30,104,0,320,-20,238,0" owari="358,46.0,104,-40.0,300,10.0,238,-16.0" />
</Scene>
</mjloggm>