<mjloggm ver="2.3"><GO type="169"/><UN n0="%E3%83%AA%E3%83%BC%E3%83%81%EF%BC%91" n1="%67%6F%6F%64%62%79%65" n2="%E2%84%83%2D%75%74%65" n3="%E5%A4%AA%E3%81%8F%E3%81%AA%E3%81%84%E3%81%8A" dan="16,16,17,18" rate="2099,2050,2126,2177" sx="M,F,M,M"/><TAIKYOKU oya="0"/>

<Scene>
<INIT seed="0,0,0,0,4,103" ten="250,250,250,250" oya="0" hai0="35,42,54,102,80,52,26,55,57,33,7,58,23" hai1="8,113,105,64,99,77,98,18,36,61,111,62,106" hai2="10,135,114,108,2,22,95,63,118,37,88,11,125" hai3="17,90,110,48,68,93,53,51,47,45,130,109,124"/><T30/><D42/><U122/><E122/><V101/><F114/><W112/><G112/><T41/><D41/><U97/><E113/><V133/><F37/><W72/><G72/><T32/><D7/><U20/><E36/><V1/><F108/><W70/><G124/><T134/><D134/><N who="2" m="51210" /><F125/><W9/><G130/><T86/><REACH who="0" step="1"/><D102/><REACH who="0" ten="240,250,250,250" step="2"/><U96/><E111/><V119/><F101/><W92/><G110/><T71/><D71/><U50/><E99/><V21/><F119/><W24/><G109/><T25/><D25/><U131/><E131/><V85/><F118/><W116/><G116/><T31/><D31/><U66/><E98/><V16/><F63/><W44/><G70/><T28/><D28/><U89/><E97/><V14/><F1/><W94/><G68/><T0/><D0/><U84/><E96/><V43/><F43/><W15/><G24/><T3/><D3/><U129/><E129/><V91/><F91/><AGARI ba="0,1" hai="23,26,30,32,33,35,52,54,55,57,58,80,86,91" machi="91" ten="50,4800,0" yaku="1,1,54,1,53,0" doraHai="103" doraHaiUra="12" who="0" fromWho="2" sc="240,58,250,0,250,-48,250,0" />
</Scene>
<Scene>
<INIT seed="0,1,0,3,4,25" ten="298,250,202,250" oya="0" hai0="131,98,13,15,38,91,69,20,46,22,116,27,71" hai1="123,129,100,75,94,126,132,119,11,35,21,124,96" hai2="85,101,55,45,57,97,40,89,0,17,108,36,80" hai3="125,73,66,4,106,18,88,103,115,112,61,60,51"/><T42/><D116/><U1/><E119/><V135/><F0/><W114/><G73/><T104/><D131/><U107/><E123/><V134/><F17/><W31/><G125/><N who="1" m="48234" /><E35/><V83/><F83/><W9/><G18/><T90/><D22/><U121/><E121/><V54/><F108/><W72/><G72/><T16/><D91/><U133/><E75/><V77/><F77/><W3/><G51/><T74/><D74/><U23/><E107/><V79/><F79/><W24/><G66/><T105/><D104/><U95/><E94/><V86/><F86/><W117/><G117/><T41/><D42/><U44/><E44/><V33/><F33/><W109/><G109/><T84/><D71/><U56/><E56/><V113/><F113/><W102/><G88/><T99/><D69/><U29/><E21/><V39/><F39/><W127/><G127/><T122/><D122/><U7/><E129/><V50/><REACH who="2" step="1"/><F55/><REACH who="2" ten="298,250,192,250" step="2"/><W120/><G120/><T53/><D53/><U32/><E32/><V10/><F10/><W52/><G52/><T111/><D111/><U34/><E34/><V76/><F76/><W28/><G3/><T81/><REACH who="0" step="1"/><D99/><REACH who="0" ten="288,250,192,250" step="2"/><U65/><E65/><V59/><F59/><W14/><G114/><T68/><D68/><U49/><E23/><V70/><F70/><W92/><G115/><T8/><D8/><U130/><E130/><V78/><F78/><W5/><G112/><T62/><D62/><U67/><E67/><V26/><F26/><W128/><G24/><T19/><D19/><U6/><E11/><V2/><F2/><W30/><G128/><RYUUKYOKU ba="1,2" sc="288,15,250,-15,192,15,250,-15" hai0="13,15,16,20,27,38,41,46,81,84,90,98,105" hai2="36,40,45,50,54,57,80,85,89,97,101,134,135" />
</Scene>
<Scene>
<INIT seed="0,2,2,0,5,75" ten="303,235,207,235" oya="0" hai0="85,123,34,44,24,64,91,47,48,27,53,18,2" hai1="108,73,98,93,113,12,72,114,74,11,116,76,104" hai2="120,124,135,40,10,101,1,30,32,62,89,57,126" hai3="35,59,128,127,107,106,7,84,43,26,112,78,5"/><T102/><D2/><U119/><E11/><V68/><F120/><W38/><G112/><N who="1" m="43114" /><E12/><V9/><F68/><W111/><G38/><T122/><D102/><N who="1" m="62551" /><E108/><V8/><F135/><W86/><G43/><T19/><D64/><U37/><E37/><V115/><F101/><W79/><G111/><T46/><D34/><U117/><E93/><V36/><F115/><W6/><G59/><N who="0" m="33191" /><D123/><U31/><E31/><V60/><F1/><W97/><G97/><T65/><D65/><U81/><AGARI ba="2,2" hai="72,73,74,76,81,116,117,119" m="62551,43114" machi="81" ten="40,8000,1" yaku="11,1,23,1,34,2,52,1" doraHai="75" who="1" fromWho="1" sc="303,-42,235,106,207,-22,235,-22" />
</Scene>
<Scene>
<INIT seed="1,0,0,1,2,35" ten="261,341,185,213" oya="1" hai0="74,1,134,123,62,124,28,47,44,39,26,98,17" hai1="99,42,88,8,128,53,34,112,41,59,58,109,76" hai2="24,52,50,32,79,97,5,61,33,113,81,126,90" hai3="80,86,51,101,118,95,31,121,67,19,92,49,6"/><U108/><E34/><V125/><F61/><W75/><G121/><T16/><D123/><U3/><E112/><V54/><F113/><W133/><G75/><T120/><D120/><U25/><E25/><V46/><F54/><W14/><G133/><T111/><D134/><U0/><E76/><V82/><F5/><W135/><G135/><T96/><D74/><U37/><E8/><V114/><F114/><W77/><G118/><T122/><D122/><U9/><E9/><V130/><F130/><W84/><G6/><T11/><D111/><N who="1" m="42571" /><E128/><V83/><F79/><W64/><G31/><T15/><D124/><N who="2" m="47722" /><F24/><W20/><G101/><T4/><D39/><U106/><E59/><V38/><F38/><W43/><G77/><T55/><D47/><N who="1" m="23983" /><E42/><V48/><F48/><W107/><G49/><T21/><D44/><U45/><E45/><V102/><F90/><W27/><G51/><T89/><D17/><U72/><E72/><V60/><F60/><W110/><G43/><T116/><D62/><N who="1" m="36175" /><E88/><V132/><F132/><W93/><G110/><T56/><D89/><U2/><E99/><V105/><AGARI ba="0,0" hai="32,33,46,50,52,81,82,83,97,102,105" m="47722" machi="105" ten="30,2000,0" yaku="18,1,54,1" doraHai="35" who="2" fromWho="2" sc="261,-5,341,-10,185,20,213,-5" />
</Scene>
<Scene>
<INIT seed="2,0,0,4,2,8" ten="256,331,205,208" oya="2" hai0="110,112,116,62,61,120,95,123,7,36,0,58,82" hai1="17,90,46,125,76,109,121,43,21,19,66,70,81" hai2="92,42,45,59,126,68,33,134,35,78,117,4,73" hai3="108,27,65,18,5,99,37,3,12,53,39,118,128"/><V122/><F122/><W107/><G118/><T75/><D116/><U16/><E121/><V102/><F117/><W55/><G65/><T31/><D36/><U86/><E125/><V44/><F44/><W14/><G3/><T34/><D34/><U11/><E109/><V96/><F126/><W47/><G27/><T56/><D31/><U63/><E11/><V87/><F68/><W131/><G5/><T97/><D0/><U80/><E80/><V111/><F111/><W60/><G108/><T124/><D7/><U135/><E135/><V50/><F134/><W74/><G74/><T1/><D1/><U25/><REACH who="1" step="1"/><E76/><REACH who="1" ten="256,321,205,208" step="2"/><V29/><F78/><W133/><G133/><T103/><D124/><U2/><E2/><V69/><F4/><W84/><G131/><T101/><D110/><U83/><E83/><V32/><F32/><W100/><G128/><T130/><D82/><U115/><E115/><V49/><F35/><W6/><G6/><T41/><D130/><U104/><E104/><V94/><F33/><W23/><G107/><T28/><D112/><U13/><E13/><V71/><F94/><W57/><G12/><T54/><D95/><U113/><E113/><V72/><F92/><W132/><G132/><T98/><D123/><U106/><E106/><V64/><F72/><W127/><G127/><T67/><D120/><U22/><E22/><V119/><F73/><W24/><G14/><T91/><D75/><U10/><E10/><V9/><F9/><W30/><G23/><T51/><D28/><U40/><E40/><V114/><F114/><W88/><G30/><RYUUKYOKU ba="0,1" sc="256,-10,321,30,205,-10,208,-10" hai1="16,17,19,21,25,43,46,63,66,70,81,86,90" />
</Scene>
<Scene>
<INIT seed="3,1,1,4,2,90" ten="246,351,195,198" oya="3" hai0="107,25,92,83,123,40,47,26,75,3,34,74,79" hai1="52,133,110,56,120,70,57,101,9,116,72,85,19" hai2="27,2,68,135,5,37,44,104,33,30,89,53,78" hai3="20,31,86,76,124,21,28,17,58,23,7,49,100"/><W0/><G124/><T97/><D3/><U71/><E120/><V113/><F113/><W95/><G0/><T134/><D123/><U117/><E72/><V16/><F68/><W4/><G76/><T64/><D107/><U130/><E57/><V65/><F65/><W121/><G121/><T99/><D134/><U66/><E133/><V109/><F104/><W1/><G1/><T122/><D122/><U22/><E9/><V80/><F135/><W127/><G127/><T118/><D118/><N who="1" m="45675" /><E130/><V46/><F109/><W63/><G49/><T48/><D75/><U35/><E110/><V115/><F115/><W94/><G17/><T8/><D99/><U10/><E10/><N who="2" m="2359" /><F16/><W13/><G13/><T93/><D97/><U81/><E101/><V51/><F89/><W24/><G100/><T12/><D64/><U84/><E35/><V129/><F129/><W105/><G105/><T131/><D131/><U50/><E66/><V108/><F108/><W96/><G96/><T11/><D11/><U126/><E126/><V55/><F44/><W42/><G4/><T112/><D112/><U15/><E84/><V61/><F51/><W128/><G7/><N who="0" m="3103" /><D34/><U67/><E67/><V73/><F61/><W119/><G119/><T38/><D38/><U59/><E59/><V77/><F77/><AGARI ba="1,1" hai="15,19,22,50,52,56,70,71,77,81,85" m="45675" machi="77" ten="30,2000,0" yaku="12,1,54,1" doraHai="90" who="1" fromWho="2" sc="246,0,351,33,195,-23,198,0" />
</Scene>
<Scene>
<INIT seed="4,0,0,2,1,68" ten="246,384,172,198" oya="0" hai0="111,70,105,106,28,33,86,44,100,97,19,133,59" hai1="42,75,40,45,126,25,32,83,15,8,13,54,129" hai2="60,123,23,131,91,67,78,61,101,118,72,4,65" hai3="63,12,29,74,92,51,121,127,114,41,17,124,14"/><T99/><D70/><U90/><E129/><V10/><F123/><W20/><G74/><T93/><D111/><U103/><E103/><V81/><F131/><W43/><G114/><T27/><D133/><U130/><E130/><V82/><F101/><W11/><G121/><T116/><D116/><U109/><E109/><V36/><F118/><W3/><G3/><T37/><D97/><U104/><E104/><V2/><F23/><W30/><G63/><T132/><D132/><U95/><E15/><V7/><F7/><N who="3" m="3199" /><G92/><T69/><D69/><U110/><E110/><V52/><F61/><W87/><G87/><T108/><D108/><U9/><E9/><V73/><F36/><W47/><G43/><T50/><D86/><U31/><E126/><AGARI ba="0,0" hai="14,17,20,29,30,41,47,51,124,126,127" m="3199" machi="126" ten="30,1000,0" yaku="18,1" doraHai="68" who="3" fromWho="1" sc="246,0,384,-10,172,0,198,10" />
</Scene>
<Scene>
<INIT seed="5,0,0,1,5,37" ten="246,374,172,208" oya="1" hai0="47,9,80,39,113,6,93,107,63,76,20,133,127" hai1="56,135,78,117,103,109,85,101,45,86,96,19,129" hai2="22,89,97,70,14,15,91,134,26,11,49,3,118" hai3="73,27,131,57,59,88,105,25,60,10,29,23,53"/><U50/><E117/><V33/><F118/><W83/><G105/><T125/><D107/><U16/><E109/><V38/><F38/><W82/><G131/><T31/><D93/><U58/><E129/><V62/><F33/><W115/><G115/><T95/><D63/><U71/><E71/><V55/><F134/><W111/><G111/><T74/><D20/><U46/><E135/><V64/><F3/><W66/><G73/><T116/><D31/><U12/><E78/><V75/><F75/><W42/><G10/><T84/><D113/><U81/><E19/><V98/><F98/><W90/><G27/><T35/><D35/><U68/><E46/><V94/><F91/><N who="3" m="34859" /><G42/><N who="0" m="23007" /><D95/><N who="1" m="58527" /><E103/><V36/><F11/><W54/><G66/><T0/><D116/><U108/><E68/><V67/><F67/><W30/><G30/><T52/><D133/><U100/><E100/><V32/><F32/><W5/><G5/><T44/><D84/><N who="1" m="32363" /><E81/><V87/><F87/><W48/><AGARI ba="0,0" hai="23,25,29,48,53,54,57,59,60,82,83" m="34859" machi="48" ten="30,2000,0" yaku="8,1,54,1" doraHai="37" who="3" fromWho="3" sc="246,-5,374,-10,172,-5,208,20" />
</Scene>
<Scene>
<INIT seed="6,0,0,3,3,112" ten="241,364,167,228" oya="2" hai0="12,72,95,84,78,6,2,81,100,133,20,121,71" hai1="99,44,34,56,5,38,60,27,46,90,9,88,108" hai2="96,23,22,106,105,14,39,115,29,53,11,116,52" hai3="110,64,102,118,26,125,47,83,92,24,124,57,80"/><V68/><F68/><W67/><G110/><T126/><D71/><U77/><E108/><V1/><F1/><W41/><G118/><T128/><D121/><U123/><E123/><V79/><F39/><N who="3" m="21951" /><G102/><T132/><D2/><U103/><E77/><V4/><F116/><W114/><G92/><T70/><D70/><U111/><E111/><V15/><F79/><W94/><G94/><T28/><D128/><U51/><E38/><V42/><F42/><W17/><G114/><T104/><D126/><N who="3" m="48745" /><G24/><T16/><D28/><U31/><E44/><V3/><F115/><W19/><G17/><T98/><D6/><U13/><E51/><V40/><F40/><W127/><G127/><T62/><D62/><U0/><E46/><V36/><F36/><W87/><G57/><T91/><AGARI ba="0,0" hai="12,16,20,72,78,81,84,91,95,98,100,104,132,133" machi="91" ten="30,7900,0" yaku="0,1,24,2,54,1" doraHai="112" who="0" fromWho="0" sc="241,79,364,-20,167,-39,228,-20" />
</Scene>
<Scene>
<INIT seed="7,0,0,0,0,99" ten="320,344,128,208" oya="3" hai0="26,85,74,53,128,50,36,77,133,15,96,12,119" hai1="56,103,25,46,86,134,27,91,112,48,65,3,121" hai2="108,4,17,1,88,44,7,29,84,111,52,104,63" hai3="97,116,76,45,122,126,123,107,40,98,21,113,75"/><W127/><G116/><T135/><D74/><U78/><E3/><V0/><F29/><W109/><G21/><T38/><D26/><U101/><E121/><N who="3" m="46090" /><G113/><T131/><D119/><U110/><E78/><V68/><F68/><W30/><G30/><T92/><D85/><U14/><E110/><V89/><F104/><W61/><G61/><T94/><D77/><U32/><E112/><V33/><F33/><W11/><G11/><T115/><D115/><U57/><E134/><N who="0" m="51209" /><D94/><N who="1" m="54647" /><E32/><V118/><F118/><W59/><G59/><N who="1" m="22602" /><E65/><V23/><F63/><W73/><G109/><T5/><D53/><N who="1" m="29847" /><E14/><N who="0" m="5161" /><D50/><U35/><E35/><V18/><F84/><W37/><G97/><T16/><D5/><U42/><E42/><V31/><F31/><W62/><G62/><T81/><D81/><U124/><E124/><N who="3" m="47658" /><G76/><T51/><D51/><U39/><E39/><N who="0" m="14889" /><D16/><U105/><E105/><V49/><F49/><W9/><G9/><T10/><D10/><U70/><E70/><V2/><F2/><W22/><G22/><T125/><D125/><U120/><E120/><V55/><REACH who="2" step="1"/><F23/><REACH who="2" ten="320,344,118,208" step="2"/><W82/><G82/><T54/><D54/><U130/><E25/><V43/><F43/><W117/><G117/><T6/><D6/><U19/><E27/><V83/><F83/><W93/><G107/><T47/><D47/><AGARI ba="0,1" hai="0,1,4,7,17,18,44,47,52,55,88,89,108,111" machi="47" ten="25,8000,1" yaku="1,1,22,2,54,2,53,0" doraHai="99" doraHaiUra="58" who="2" fromWho="0" sc="320,-80,344,0,118,90,208,0" owari="240,4.0,344,44.0,208,-19.0,208,-29.0" />
</Scene>
</mjloggm>