<mjloggm ver="2.3"><GO type="41"/><UN n0="%E3%82%AB%E3%83%83%E3%83%91%E3%83%89%E3%82%AD%E3%82%A2" n1="%E5%A4%AA%E3%81%8F%E3%81%AA%E3%81%84%E3%81%8A" n2="%E5%B7%BB%E3%81%8D%E8%88%8C%E3%82%B7%E3%83%A5%E3%83%AA%E3%83%B3%E3%83%97" n3="%E3%82%B7%E3%83%BC%E3%83%8A%E3%83%BC" dan="14,14,13,13" rate="1938,2020,1938,1839" sx="M,M,M,M"/><TAIKYOKU oya="0"/>

<Scene>
<INIT seed="0,0,0,0,4,51" ten="250,250,250,250" oya="0" hai0="43,89,34,74,70,60,62,75,94,73,32,82,109" hai1="92,47,66,41,13,48,118,87,29,35,114,38,4" hai2="121,78,22,31,130,99,8,95,131,69,39,120,12" hai3="110,125,3,84,100,11,14,116,106,18,96,79,88"/><T44/><D109/><U1/><E118/><V30/><F69/><W115/><G116/><T65/><D62/><U91/><E114/><V127/><F39/><W25/><G115/><T126/><D126/><U49/><E1/><V26/><F127/><W103/><G125/><T97/><REACH who="0" step="1"/><D82/><REACH who="0" ten="240,250,250,250" step="2"/><U28/><E66/><V5/><F121/><W37/><G110/><T135/><D135/><U134/><E134/><V17/><F120/><W111/><G111/><T112/><D112/><U9/><E35/><V81/><F130/><W102/><G37/><AGARI ba="0,1" hai="32,34,37,43,44,60,65,70,73,74,75,89,94,97" machi="37" ten="40,2000,0" yaku="1,1,53,0" doraHai="51" doraHaiUra="46" who="0" fromWho="3" sc="240,30,250,0,250,0,250,-20" />
</Scene>
<Scene>
<INIT seed="0,1,0,5,1,117" ten="270,250,250,230" oya="0" hai0="31,83,48,111,18,123,23,33,71,53,55,17,82" hai1="65,64,30,47,5,28,20,69,57,7,87,42,101" hai2="89,68,90,75,22,125,32,4,37,108,115,49,131" hai3="124,91,56,35,122,13,77,135,80,119,63,6,24"/><T74/><D71/><U130/><E130/><V70/><F115/><W98/><G119/><T26/><D17/><U84/><E69/><V34/><F131/><W94/><G124/><T86/><D74/><U44/><E101/><V72/><F125/><W112/><G112/><T110/><D123/><U25/><E57/><V62/><F49/><W11/><G135/><T40/><D40/><U50/><E30/><V3/><F22/><W67/><G35/><T95/><D95/><U133/><E133/><V61/><F4/><N who="1" m="1609" /><E47/><V41/><F41/><W93/><G93/><T36/><D36/><U0/><E0/><V99/><F37/><W102/><G24/><T1/><D1/><U58/><E58/><V38/><F38/><W129/><G129/><T27/><D86/><AGARI ba="1,0" hai="20,25,28,42,44,50,64,65,84,86,87" m="1609" machi="86" ten="30,1000,0" yaku="8,1" doraHai="117" who="1" fromWho="0" sc="270,-13,250,13,250,0,230,0" />
</Scene>
<Scene>
<INIT seed="1,0,0,1,2,42" ten="257,263,250,230" oya="1" hai0="38,91,130,120,113,74,41,102,93,127,94,31,9" hai1="25,58,50,80,57,122,134,2,34,128,72,43,5" hai2="52,96,14,69,75,18,92,62,135,63,65,105,13" hai3="123,39,19,85,55,89,46,97,81,124,109,35,64"/><U53/><E122/><V104/><F75/><W73/><G123/><T7/><D113/><U54/><E128/><V22/><F135/><W76/><G35/><T114/><D114/><U37/><E134/><V107/><F62/><W133/><G133/><T51/><D120/><U23/><E34/><V101/><REACH who="2" step="1"/><F52/><REACH who="2" ten="257,263,240,230" step="2"/><W125/><G64/><T28/><D91/><U116/><E72/><V70/><F70/><W77/><G55/><T95/><D74/><U98/><E54/><V119/><F119/><W17/><G125/><T117/><D127/><U59/><E116/><V100/><F100/><W106/><G124/><T44/><D117/><U131/><E53/><V3/><F3/><W103/><G109/><T83/><D102/><U20/><E2/><V29/><F29/><W112/><G112/><T99/><D130/><U79/><E131/><V61/><F61/><W12/><G73/><T32/><D28/><U4/><E58/><V60/><F60/><W67/><G67/><T118/><D118/><U66/><E57/><V110/><F110/><W10/><G103/><T48/><D31/><U33/><E59/><V6/><F6/><W1/><G1/><T26/><D7/><U115/><E4/><V111/><F111/><W108/><G108/><T129/><D129/><U78/><E5/><V27/><AGARI ba="0,1" hai="13,14,18,22,27,63,65,69,92,96,101,104,105,107" machi="27" ten="30,2000,0" yaku="1,1,0,1,53,0" doraHai="42" doraHaiUra="84" who="2" fromWho="2" sc="257,-5,263,-10,240,30,230,-5" />
</Scene>
<Scene>
<INIT seed="2,0,0,2,0,79" ten="252,253,270,225" oya="2" hai0="98,110,7,54,87,33,77,72,119,39,44,130,94" hai1="75,0,121,134,69,122,128,89,88,1,4,9,68" hai2="90,28,132,124,99,56,40,15,3,31,100,45,42" hai3="74,34,129,32,91,30,117,92,5,78,86,103,21"/><V64/><F3/><W50/><G117/><T120/><D72/><U108/><E108/><V58/><F124/><W76/><G129/><T97/><D120/><N who="1" m="46187" /><E128/><V105/><F132/><W83/><G5/><T47/><D33/><U115/><E115/><V133/><F133/><W118/><G118/><T27/><D110/><U111/><E111/><V17/><F90/><N who="1" m="34921" /><E134/><V12/><F12/><W95/><G78/><T25/><D130/><U101/><E101/><V36/><F42/><W16/><G30/><T20/><D119/><U113/><E113/><V52/><F64/><W93/><G103/><T81/><D7/><N who="1" m="1255" /><E75/><V62/><REACH who="2" step="1"/><F56/><REACH who="2" ten="252,253,260,225" step="2"/><W82/><REACH who="3" step="1"/><G50/><REACH who="3" ten="252,253,260,215" step="2"/><T14/><D39/><U126/><E126/><V35/><F35/><W102/><G102/><T66/><D44/><U131/><E131/><V123/><F123/><W49/><G49/><T38/><D38/><U55/><E55/><V112/><F112/><W24/><AGARI ba="0,2" hai="16,21,24,32,34,74,76,82,83,86,91,92,93,95" machi="24" ten="30,8000,1" yaku="1,1,0,1,52,2,54,1,53,0" doraHai="79" doraHaiUra="63" who="3" fromWho="3" sc="252,-20,253,-20,260,-40,215,100" />
</Scene>
<Scene>
<INIT seed="3,0,0,3,4,92" ten="232,233,220,315" oya="3" hai0="42,36,51,115,102,129,70,48,62,78,39,23,116" hai1="68,108,35,24,111,100,7,19,61,77,20,73,54" hai2="101,45,85,55,131,81,50,72,13,126,32,120,11" hai3="98,59,57,112,127,15,6,121,12,128,97,75,110"/><W74/><G112/><T88/><D115/><U14/><E100/><V3/><F126/><W8/><G121/><T43/><D78/><U5/><E77/><V71/><F120/><W96/><G127/><T52/><D116/><U37/><E37/><V103/><F72/><W22/><G128/><T41/><D102/><U65/><E73/><V33/><F131/><W38/><G38/><N who="0" m="14379" /><D23/><U49/><E35/><V119/><F119/><W34/><G34/><T89/><D89/><U93/><E93/><V27/><F3/><W94/><G110/><N who="1" m="42026" /><E24/><V80/><F71/><W124/><G124/><T79/><D88/><U16/><E19/><V114/><F114/><W104/><G104/><T84/><D79/><U86/><E86/><V113/><F113/><W122/><G122/><T53/><D84/><U40/><E40/><V109/><F109/><W30/><G94/><T60/><D129/><U66/><E66/><V4/><F81/><W83/><G83/><T29/><D29/><U26/><E26/><V0/><F33/><W134/><G30/><T67/><D62/><U21/><E21/><V58/><F32/><W28/><G28/><T135/><D135/><U87/><E87/><V117/><F27/><W130/><G134/><T90/><D90/><U2/><E2/><V123/><F0/><W10/><G130/><T82/><D82/><U18/><E18/><V25/><F25/><W99/><G22/><T95/><D95/><U106/><E106/><V44/><F117/><W76/><N who="3" m="24576" /><DORA hai="133" /><W69/><G74/><T91/><D91/><U31/><E31/><V107/><F123/><RYUUKYOKU ba="0,0" sc="232,15,233,15,220,-15,315,-15" hai0="41,42,43,48,51,52,53,60,67,70" hai1="5,7,14,16,20,49,54,61,65,68" />
</Scene>
<Scene>
<INIT seed="4,1,0,2,2,78" ten="247,248,205,300" oya="0" hai0="42,47,34,89,22,25,135,4,86,131,112,12,44" hai1="39,27,10,9,0,6,128,123,101,33,97,24,98" hai2="94,91,99,105,125,51,8,13,90,66,107,108,64" hai3="15,115,122,124,1,59,96,76,92,110,57,68,74"/><T28/><D135/><U48/><E123/><V75/><F108/><W72/><G115/><T95/><D112/><U129/><E39/><V56/><F125/><W81/><G1/><T103/><D131/><N who="1" m="50251" /><E48/><V45/><F75/><W55/><G110/><T11/><D42/><U114/><E114/><V7/><F107/><W134/><G68/><T116/><D116/><U102/><E10/><V121/><F121/><W106/><G134/><T30/><D30/><N who="1" m="19655" /><E27/><V132/><F105/><W61/><G106/><T82/><REACH who="0" step="1"/><D34/><REACH who="0" ten="237,248,205,300" step="2"/><U62/><E62/><V69/><F132/><W52/><G122/><T111/><D111/><U77/><E77/><V43/><F43/><W104/><G124/><T133/><D133/><U37/><E37/><V80/><F69/><W31/><G31/><T67/><D67/><U5/><E5/><V20/><F7/><W21/><G55/><T53/><D53/><U60/><E60/><V58/><F64/><W73/><G52/><T18/><D18/><U100/><AGARI ba="1,1" hai="0,6,9,97,98,100,101,102" m="19655,50251" machi="100" ten="30,1100,0" yaku="19,1" doraHai="78" who="1" fromWho="1" sc="237,-6,248,24,205,-4,300,-4" />
</Scene>
<Scene>
<INIT seed="5,0,0,4,5,41" ten="231,272,201,296" oya="1" hai0="54,7,32,27,57,11,21,102,125,3,9,86,109" hai1="2,111,85,129,16,105,46,66,51,35,87,15,6" hai2="113,75,40,67,80,14,78,42,30,47,124,71,39" hai3="13,56,84,25,20,114,12,92,94,133,19,24,83"/><U50/><E105/><V96/><F124/><W81/><G133/><T126/><D32/><U106/><E106/><V91/><F113/><W112/><G56/><T89/><D102/><U26/><E66/><V116/><F116/><W118/><G118/><T68/><D68/><U76/><E129/><V122/><F122/><W107/><G107/><T132/><D132/><U98/><E111/><V64/><F30/><W104/><G104/><T1/><D109/><U58/><E98/><V93/><F71/><W73/><G73/><T117/><D117/><U97/><E97/><V135/><F135/><W103/><G103/><T61/><D89/><U128/><E128/><V59/><F59/><W28/><G28/><T99/><D86/><N who="1" m="32779" /><E35/><V79/><F79/><W4/><G84/><T34/><D99/><U69/><E2/><V60/><F60/><W49/><G114/><T120/><D120/><U108/><E108/><V134/><F134/><W88/><G112/><T29/><REACH who="0" step="1"/><D34/><REACH who="0" ten="221,272,201,296" step="2"/><U38/><E69/><V72/><F96/><W22/><G88/><T121/><D121/><U115/><E115/><V48/><F91/><W8/><G94/><T65/><D65/><U33/><E33/><V55/><F93/><W52/><G92/><T101/><D101/><U17/><E76/><V131/><F78/><W74/><G81/><T37/><D37/><U5/><E38/><V44/><F80/><W18/><G83/><T31/><D31/><U95/><E95/><V62/><F39/><W119/><G119/><T110/><D110/><U100/><E100/><V130/><F131/><W63/><G74/><RYUUKYOKU ba="0,1" sc="221,30,272,-10,201,-10,296,-10" hai0="1,3,7,9,11,21,27,29,54,57,61,125,126" />
</Scene>
<Scene>
<INIT seed="6,1,1,1,1,42" ten="251,262,191,286" oya="2" hai0="6,26,76,60,64,34,4,0,51,5,68,27,107" hai1="79,89,91,7,129,16,46,31,81,134,2,119,36" hai2="9,67,88,96,10,48,62,12,118,110,29,23,13" hai3="123,53,8,32,102,131,70,25,18,104,100,85,69"/><V45/><F118/><W52/><G123/><T47/><D0/><U82/><E119/><V125/><F125/><W130/><G85/><T121/><D121/><U95/><E31/><V24/><F110/><W28/><G70/><T127/><D127/><U103/><E129/><N who="3" m="49162" /><G69/><T54/><D107/><U113/><E113/><V98/><F13/><N who="3" m="7463" /><G104/><T55/><D34/><U40/><E134/><V106/><F106/><W122/><G122/><T57/><REACH who="0" step="1"/><D76/><REACH who="0" ten="241,262,191,286" step="2"/><U74/><E2/><V105/><F105/><W44/><G32/><T111/><D111/><U126/><E79/><V115/><F115/><W50/><G102/><T97/><D97/><U84/><E103/><V87/><F98/><W22/><G100/><T59/><D59/><U38/><E126/><V101/><F96/><W120/><G120/><T128/><D128/><U94/><E91/><V33/><F101/><W71/><G71/><T83/><D83/><U99/><E82/><V133/><F33/><W19/><G28/><T37/><D37/><U112/><E112/><V66/><F29/><W77/><G77/><T86/><D86/><U63/><E84/><V117/><F87/><W72/><G72/><T124/><D124/><U39/><E74/><V135/><F135/><W20/><G20/><T109/><D109/><U43/><E81/><V65/><F133/><W92/><G92/><T75/><D75/><U21/><E94/><V56/><F23/><W49/><G22/><T35/><D35/><U15/><E38/><V1/><F1/><W80/><G80/><T41/><D41/><U90/><E99/><V3/><F3/><RYUUKYOKU ba="1,2" sc="241,30,262,-10,191,-10,286,-10" hai0="4,5,6,26,27,47,51,54,55,57,60,64,68" />
</Scene>
<Scene>
<INIT seed="7,2,2,3,3,54" ten="271,252,181,276" oya="3" hai0="27,111,57,128,92,81,85,62,47,3,126,97,69" hai1="59,39,72,21,103,66,60,43,77,125,117,80,20" hai2="53,52,71,70,91,7,19,105,32,5,48,12,101" hai3="29,116,64,31,87,35,58,67,74,83,75,6,110"/><W8/><G116/><T120/><D69/><U2/><E117/><V15/><F32/><W132/><G110/><T100/><D111/><U133/><E133/><V107/><F91/><N who="3" m="51711" /><G75/><T121/><D3/><U0/><E125/><V26/><F26/><W98/><G35/><T34/><D126/><U115/><E115/><V51/><REACH who="2" step="1"/><F19/><REACH who="2" ten="271,252,171,276" step="2"/><W82/><G29/><T38/><D34/><U14/><E103/><AGARI ba="2,3" hai="5,7,12,15,48,51,52,53,70,71,101,103,105,107" machi="103" ten="25,8000,1" yaku="1,1,2,1,22,2,54,1,53,0" doraHai="54" doraHaiUra="89" who="2" fromWho="1" sc="271,0,252,-86,171,116,276,0" />
</Scene>
<Scene>
<INIT seed="8,0,0,4,5,127" ten="271,166,287,276" oya="0" hai0="53,50,49,70,67,95,4,91,106,112,82,83,11" hai1="103,132,7,58,115,78,96,2,110,44,73,121,41" hai2="89,120,16,84,90,42,40,125,14,20,134,56,36" hai3="105,119,23,1,74,17,51,65,54,80,123,66,35"/><T10/><D106/><N who="1" m="63847" /><E110/><V29/><F120/><W118/><G123/><T19/><D112/><U94/><E58/><V3/><F125/><W31/><G105/><T116/><D70/><U100/><E121/><V99/><F134/><W64/><G1/><T18/><D67/><U24/><E24/><V111/><F111/><W135/><G135/><T122/><D122/><U0/><E132/><V46/><F3/><W26/><G80/><N who="0" m="30763" /><D116/><U9/><E2/><V81/><F42/><W87/><G87/><N who="0" m="52735" /><D4/><U72/><E100/><V6/><F6/><W33/><G74/><N who="1" m="28778" /><E94/><V38/><F29/><W63/><G63/><T61/><D61/><U55/><E55/><V68/><F68/><W34/><REACH who="3" step="1"/><G31/><REACH who="3" ten="271,166,287,266" step="2"/><T30/><D30/><U77/><E78/><V37/><REACH who="2" step="1"/><F56/><AGARI ba="0,1" hai="17,23,26,33,34,35,51,54,56,64,65,66,118,119" machi="56" ten="50,3200,0" yaku="1,1,2,1,53,0" doraHai="127" doraHaiUra="59" who="3" fromWho="2" sc="271,0,166,0,287,-32,266,42" owari="271,7.0,166,-33.0,255,-14.0,308,40.0" />
</Scene>
</mjloggm>