<mjloggm ver="2.3"><GO type="169" lobby="0"/><UN n0="%E5%A4%AA%E3%81%8F%E3%81%AA%E3%81%84%E3%81%8A" n1="%E3%81%AD%E3%82%8A%E3%82%B4%E3%83%9E" n2="%E8%B7%AF%E5%9C%B0%E8%A3%8F%E3%81%AE%E3%81%B2%E3%81%BE%E3%82%8F%E3%82%8A" n3="%E5%B8%B8%E5%8B%9D%E7%87%95%E8%BB%8D%E5%9B%A3" dan="18,16,17,17" rate="2222.75,2144.15,2199.06,2113.66" sx="F,M,M,M"/><TAIKYOKU oya="0"/>

<Scene>
<INIT seed="0,0,0,4,5,101" ten="250,250,250,250" oya="0" hai0="81,65,12,92,125,74,48,10,68,83,75,121,96" hai1="0,110,28,17,29,2,45,32,109,133,135,85,115" hai2="27,62,51,7,11,71,41,93,25,67,117,79,54" hai3="30,26,5,103,102,52,16,76,49,134,106,116,19"/><T40/><D121/><U87/><E45/><V60/><F117/><W122/><G116/><T129/><D129/><U124/><E124/><V37/><F62/><W130/><G122/><T88/><D125/><U20/><E87/><V97/><F79/><W31/><G130/><T46/><D68/><U58/><E58/><V111/><F111/><N who="1" m="42505" /><E85/><V91/><F41/><W57/><G134/><N who="1" m="51210" /><E115/><V39/><F39/><W98/><G5/><T8/><D65/><U128/><E128/><V84/><F84/><W107/><G76/><T127/><D127/><U104/><E104/><V63/><F63/><W53/><G53/><T55/><D8/><U36/><E36/><V120/><F37/><W132/><G132/><T4/><REACH who="0" step="1"/><D40/><REACH who="0" ten="240,250,250,250" step="2"/><U126/><E126/><V34/><F120/><W72/><G72/><AGARI ba="0,1" hai="4,10,12,46,48,55,72,74,75,81,83,88,92,96" machi="72" ten="40,12000,1" yaku="1,1,2,1,54,1,53,1" doraHai="101" doraHaiUra="3" who="0" fromWho="3" sc="240,130,250,0,250,0,250,-120" />
</Scene>
<Scene>
<INIT seed="0,1,0,2,5,88" ten="370,250,250,130" oya="0" hai0="131,96,112,102,95,114,94,31,47,83,129,58,77" hai1="82,9,71,67,52,103,16,133,84,80,23,60,1" hai2="3,26,119,76,5,92,54,29,115,22,14,78,2" hai3="109,97,122,35,91,45,49,118,101,25,107,61,73"/><T50/><D31/><U18/><E133/><V65/><F115/><N who="0" m="44074" /><D58/><U59/><E103/><V68/><F119/><W130/><G118/><T81/><D50/><U44/><E44/><V74/><F74/><W117/><G117/><T110/><D47/><U27/><E84/><V28/><F65/><W124/><G122/><T113/><D113/><U11/><E11/><V15/><F68/><W6/><G73/><N who="0" m="43183" /><D110/><U134/><E134/><V116/><F116/><W111/><G109/><T37/><D37/><U39/><E39/><V21/><F5/><W42/><G111/><T98/><D83/><U100/><E100/><AGARI ba="1,0" hai="94,95,96,98,100,102,129,131" m="43183,44074" machi="100" ten="30,11600,0" yaku="34,2,52,2" doraHai="88" who="0" fromWho="1" sc="370,119,250,-119,250,0,130,0" />
</Scene>
<Scene>
<INIT seed="0,2,0,4,2,81" ten="489,131,250,130" oya="0" hai0="20,12,26,71,116,67,63,5,0,99,103,110,48" hai1="100,108,123,107,87,101,23,84,29,104,13,113,105" hai2="31,46,66,56,68,115,97,35,14,19,129,74,86" hai3="21,94,121,72,133,124,69,49,9,125,92,11,32"/><T122/><D122/><U30/><E13/><V126/><F74/><W37/><G37/><T132/><D116/><U2/><E2/><V18/><F115/><W96/><G32/><T127/><D0/><U33/><E123/><V82/><F68/><W28/><G121/><T70/><D127/><N who="3" m="48713" /><G69/><T89/><D132/><U24/><E113/><V88/><F129/><W53/><G72/><T17/><D110/><U27/><REACH who="1" step="1"/><E108/><REACH who="1" ten="489,121,250,130" step="2"/><V62/><F126/><W52/><G133/><T41/><D12/><U91/><E91/><V75/><F14/><W117/><G117/><T54/><D89/><U15/><E15/><V95/><F75/><W80/><G9/><T34/><D5/><U98/><E98/><V4/><F4/><W90/><G11/><T112/><D112/><U111/><E111/><V134/><F134/><W128/><G128/><T83/><D99/><U8/><E8/><V120/><F120/><W102/><G96/><T109/><D109/><U130/><E130/><V64/><F97/><W51/><G102/><AGARI ba="2,1" hai="23,24,27,29,30,33,84,87,100,101,102,104,105,107" machi="102" ten="40,5200,0" yaku="1,1,52,2,53,0" doraHai="81" doraHaiUra="42" who="1" fromWho="3" sc="489,0,121,68,250,0,130,-58" />
</Scene>
<Scene>
<INIT seed="1,0,0,1,0,22" ten="489,189,250,72" oya="1" hai0="113,5,42,32,56,127,7,57,134,79,38,68,2" hai1="60,46,47,99,87,82,41,69,28,45,128,124,37" hai2="84,131,66,130,31,25,90,1,12,77,91,122,30" hai3="34,112,49,36,97,19,16,92,119,103,106,11,21"/><U63/><E124/><V93/><F1/><W111/><G112/><T89/><D113/><U51/><E128/><N who="2" m="49195" /><F122/><W70/><G36/><T33/><D68/><U98/><E28/><V6/><F66/><W104/><G70/><T126/><D79/><U55/><E46/><V58/><F58/><W115/><G34/><T26/><D89/><N who="2" m="33802" /><F93/><W109/><G115/><T52/><D2/><U43/><E43/><V114/><F114/><W48/><G119/><T67/><D67/><U117/><E117/><V15/><F6/><W3/><G92/><T135/><D42/><U27/><E69/><V73/><F73/><W94/><G94/><T81/><D81/><U80/><E60/><V133/><F133/><W120/><G120/><T71/><D71/><U132/><E132/><V44/><F44/><W9/><G3/><T24/><D38/><U129/><E63/><V23/><F31/><W59/><G103/><T105/><D105/><U123/><E123/><V86/><F86/><W76/><G76/><T74/><D74/><U110/><E129/><V20/><F20/><W62/><G21/><T118/><D118/><U50/><E37/><V116/><F116/><W100/><G62/><T107/><D107/><U39/><E39/><V102/><F102/><W13/><G100/><T101/><D101/><U14/><E87/><V54/><F54/><AGARI ba="0,0" hai="5,7,24,26,32,33,52,54,56,57,126,127,134,135" machi="54" ten="25,8000,1" yaku="22,2,52,2,54,1" doraHai="22" who="0" fromWho="2" sc="489,80,189,0,250,-80,72,0" />
</Scene>
<Scene>
<INIT seed="2,0,0,4,4,60" ten="569,189,170,72" oya="2" hai0="121,59,41,92,37,120,128,79,84,52,98,33,116" hai1="58,87,123,119,68,90,96,5,36,113,62,129,13" hai2="70,112,111,97,94,106,78,24,56,101,48,65,39" hai3="88,50,55,126,0,14,122,57,61,74,115,100,110"/><V10/><F112/><W104/><G122/><T30/><D37/><U130/><E113/><V28/><F39/><W47/><G115/><T15/><D41/><U86/><E36/><V8/><F70/><W11/><G110/><T127/><D33/><U7/><E68/><V54/><F111/><W135/><G74/><T103/><D30/><U22/><E119/><V107/><F78/><W109/><G109/><T132/><D116/><U26/><E96/><V64/><F107/><W102/><G135/><T31/><D31/><U32/><E32/><V3/><F106/><W44/><G126/><T38/><D38/><U77/><E77/><V124/><F124/><W12/><G0/><T43/><D43/><U51/><E51/><V85/><F85/><W71/><G71/><T73/><D73/><U72/><E13/><V75/><F75/><W9/><G104/><T27/><D27/><U63/><E63/><V1/><F1/><W108/><G47/><T42/><D42/><U6/><E72/><V82/><F82/><W2/><G2/><T66/><D127/><U16/><E123/><V105/><F105/><W35/><G35/><T19/><D84/><U114/><E114/><V89/><F3/><W17/><G108/><T80/><D79/><U83/><REACH who="1" step="1"/><E87/><REACH who="1" ten="569,179,170,72" step="2"/><V25/><F25/><W93/><G14/><T133/><D15/><U117/><E117/><V134/><F134/><W91/><G11/><N who="2" m="4137" /><F101/><W49/><G91/><N who="0" m="55583" /><D133/><U23/><E23/><AGARI ba="0,1" hai="23,24,28,48,54,56,64,65,89,94,97" m="4137" machi="23" ten="30,5800,0" yaku="8,1,52,2" doraHai="60" who="2" fromWho="1" sc="569,0,179,-58,170,68,72,0" />
</Scene>
<Scene>
<INIT seed="2,1,0,0,0,66" ten="569,121,238,72" oya="2" hai0="51,89,39,25,130,40,69,52,15,88,98,134,10" hai1="100,75,121,99,41,102,9,105,57,116,1,80,74" hai2="106,0,95,135,87,31,91,6,111,53,42,83,27" hai3="77,54,131,108,12,112,72,107,59,132,93,60,17"/><V44/><F106/><W70/><G107/><T50/><D69/><U90/><E41/><V48/><F135/><W32/><G132/><T71/><D71/><U30/><E30/><V7/><F111/><W92/><G108/><T63/><D134/><U8/><E116/><V37/><F0/><W35/><G131/><T126/><D39/><U26/><E102/><V45/><REACH who="2" step="1"/><F83/><REACH who="2" ten="569,121,228,72" step="2"/><W61/><G112/><T28/><D130/><U118/><E1/><V125/><F125/><W85/><G93/><T38/><D126/><U97/><E80/><V43/><F43/><W62/><G92/><T2/><D2/><U47/><E105/><V65/><F65/><W117/><G117/><T67/><D67/><U78/><E100/><V114/><F114/><W122/><G122/><T24/><D40/><U110/><E121/><V18/><F18/><W133/><G133/><T119/><D119/><U49/><E118/><V55/><F55/><W14/><G17/><T129/><D52/><U16/><E16/><V21/><AGARI ba="1,1" hai="6,7,21,27,31,37,42,44,45,48,53,87,91,95" machi="21" ten="20,3900,0" yaku="1,1,0,1,7,1,53,0" doraHai="66" doraHaiUra="103" who="2" fromWho="2" sc="569,-14,121,-14,228,52,72,-14" />
</Scene>
<Scene>
<INIT seed="2,2,0,5,3,41" ten="555,107,280,58" oya="2" hai0="83,117,122,8,100,74,22,108,79,128,78,35,62" hai1="55,0,37,38,126,15,51,89,121,50,32,61,6" hai2="49,77,26,39,3,114,106,109,120,23,52,111,31" hai3="53,42,116,112,25,129,102,99,93,70,75,133,130"/><V72/><F120/><W96/><G70/><T29/><D122/><U85/><E32/><V10/><F39/><W9/><G116/><T92/><D35/><U124/><E121/><V86/><F72/><W87/><G133/><T81/><D8/><N who="1" m="4503" /><E0/><V115/><F106/><W71/><G75/><T98/><D117/><U63/><E63/><V131/><F131/><N who="3" m="50187" /><G112/><T58/><D128/><U59/><E51/><V54/><F77/><W123/><G123/><T13/><D108/><N who="2" m="41546" /><F86/><W118/><G71/><T90/><D79/><U30/><E61/><V33/><F33/><W60/><G87/><T134/><D78/><U27/><E27/><V68/><F68/><W20/><G99/><T76/><D98/><U103/><E30/><V104/><F104/><W101/><G60/><T69/><D62/><U73/><E103/><V1/><F54/><W105/><G53/><T95/><D74/><U43/><E43/><V107/><F107/><W46/><G118/><T47/><D76/><U88/><E89/><V28/><F28/><N who="3" m="17447" /><G101/><T113/><D100/><U45/><E73/><V97/><F97/><W48/><G105/><T82/><D90/><U132/><E132/><V7/><F1/><W91/><G102/><T12/><D69/><U84/><E84/><V56/><AGARI ba="2,0" hai="3,7,10,23,26,31,49,52,56,114,115" m="41546" machi="56" ten="30,6000,0" yaku="14,1,10,1,54,1" doraHai="41" who="2" fromWho="2" sc="555,-22,107,-22,280,66,58,-22" />
</Scene>
<Scene>
<INIT seed="2,3,0,5,0,34" ten="533,85,346,36" oya="2" hai0="89,54,71,12,99,18,90,44,81,130,65,92,57" hai1="115,33,51,45,116,75,22,83,101,55,91,95,73" hai2="69,133,126,87,125,109,56,0,67,106,94,14,41" hai3="114,135,124,23,49,53,38,37,85,7,112,80,84"/><V1/><F106/><W60/><G135/><T30/><D130/><U2/><E33/><V132/><F69/><W113/><G124/><N who="2" m="47721" /><F41/><W42/><G60/><N who="0" m="38031" /><D71/><U62/><E116/><V103/><F14/><W59/><G85/><N who="0" m="50351" /><D30/><U86/><E115/><V97/><F87/><W10/><G23/><N who="0" m="11719" /><D54/><U82/><E2/><N who="2" m="1131" /><F109/><W128/><G42/><T79/><D79/><U6/><E75/><V11/><F11/><W16/><G7/><T93/><D93/><U63/><E95/><V13/><F13/><N who="3" m="7223" /><G128/><T66/><D92/><U117/><E6/><V28/><F28/><W26/><G26/><T77/><D77/><AGARI ba="3,0" hai="37,38,49,53,59,77,80,84,112,113,114" m="7223" machi="77" ten="30,2000,0" yaku="11,1,54,1" doraHai="34" who="3" fromWho="0" sc="533,-29,85,0,346,0,36,29" />
</Scene>
<Scene>
<INIT seed="3,0,0,5,5,36" ten="504,85,346,65" oya="3" hai0="91,134,135,44,19,18,104,105,122,119,41,67,94" hai1="6,60,58,126,27,9,129,108,66,131,77,127,15" hai2="93,89,1,23,22,21,46,47,85,45,31,2,4" hai3="55,133,25,75,82,102,50,128,88,61,116,16,33"/><W48/><G116/><T109/><D119/><U8/><E108/><V74/><F74/><W101/><G133/><N who="0" m="50699" /><D67/><U115/><E115/><V112/><F112/><W79/><G128/><N who="1" m="49226" /><E77/><V130/><F130/><W59/><G33/><T120/><D109/><U10/><E27/><V78/><F78/><W114/><G114/><T132/><D132/><U103/><E103/><N who="3" m="39434" /><G79/><T56/><D56/><U76/><E76/><V92/><F4/><W5/><G5/><T97/><D19/><U118/><E118/><V123/><F123/><N who="0" m="47146" /><D18/><U28/><E28/><V24/><REACH who="2" step="1"/><F93/><REACH who="2" ten="504,85,336,65" step="2"/><W42/><G75/><T100/><D94/><U62/><E6/><V63/><F63/><W73/><G73/><T64/><D105/><U86/><E60/><V65/><F65/><W13/><G82/><T98/><D64/><U29/><E62/><V83/><F83/><W80/><G80/><T95/><D104/><U52/><E66/><V90/><F90/><W69/><G88/><T20/><D100/><U121/><E121/><V35/><AGARI ba="0,1" hai="1,2,21,22,23,24,31,35,45,46,47,85,89,92" machi="35" ten="30,2000,0" yaku="1,1,0,1,53,0" doraHai="36" doraHaiUra="12" who="2" fromWho="2" sc="504,-5,85,-5,336,30,65,-10" />
</Scene>
<Scene>
<INIT seed="4,0,0,2,1,131" ten="499,80,366,55" oya="0" hai0="42,101,1,114,92,97,18,24,4,107,84,35,49" hai1="96,98,26,113,47,105,82,134,133,124,109,45,38" hai2="108,75,21,33,63,48,67,39,40,64,54,15,52" hai3="104,61,99,95,62,125,116,86,71,46,128,123,91"/><T7/><D1/><U58/><E109/><V94/><F33/><W8/><G128/><T72/><D72/><U85/><E124/><V55/><F75/><W70/><G116/><T29/><D114/><U130/><E130/><V100/><F108/><W74/><G125/><T122/><D122/><U56/><E113/><V60/><F100/><W41/><G74/><T37/><D37/><U78/><E26/><V14/><F94/><W77/><G123/><T115/><D115/><U30/><E30/><V81/><F81/><W51/><G8/><T17/><D42/><N who="1" m="22743" /><E47/><N who="2" m="23967" /><F21/><W59/><G62/><N who="2" m="23593" /><F15/><W0/><G0/><T119/><D119/><U36/><E36/><V11/><F14/><W76/><G104/><T135/><D49/><U34/><E34/><V25/><F25/><W112/><G112/><T43/><D43/><U53/><E105/><V111/><F11/><W90/><G71/><T66/><D107/><U102/><E102/><V19/><F19/><W83/><REACH who="3" step="1"/><G70/><REACH who="3" ten="499,80,366,45" step="2"/><T44/><D7/><U132/><E58/><N who="2" m="33095" /><F111/><W27/><G27/><T12/><D24/><U126/><E126/><V31/><F31/><W87/><G87/><T93/><D84/><U3/><E3/><V32/><F32/><W2/><G2/><T69/><D35/><U13/><E13/><V127/><F127/><W121/><G121/><T103/><D29/><U20/><E20/><V129/><F129/><W16/><G16/><T10/><D17/><U118/><E118/><V5/><F5/><W89/><G89/><N who="0" m="55439" /><D18/><U106/><E106/><V65/><AGARI ba="0,1" hai="52,55,64,65,67" m="33095,23593,23967" machi="65" ten="30,12000,2" yaku="35,5,54,1" doraHai="131" who="2" fromWho="2" sc="499,-60,80,-30,366,130,45,-30" />
</Scene>
<Scene>
<INIT seed="5,0,0,3,5,10" ten="439,50,496,15" oya="1" hai0="117,84,17,24,89,58,22,75,102,18,42,90,108" hai1="134,38,99,8,114,86,62,55,52,34,53,51,3" hai2="30,127,65,26,126,79,46,71,57,93,129,85,27" hai3="104,70,113,15,1,61,6,40,56,80,94,29,107"/><U20/><E34/><V39/><F129/><W91/><G70/><T125/><D108/><U41/><E38/><V37/><F71/><W64/><G1/><T112/><D117/><U118/><E118/><V67/><F27/><W135/><G135/><T36/><D75/><U4/><E134/><V68/><F68/><W106/><G113/><T44/><D112/><U98/><E114/><V111/><F111/><W119/><G119/><T87/><D125/><N who="2" m="47626" /><F46/><W5/><G80/><T28/><D102/><U133/><E133/><V49/><F67/><W73/><G73/><T131/><D131/><U116/><E116/><V132/><F132/><W11/><G29/><T23/><D58/><U95/><E20/><N who="2" m="15687" /><F65/><W69/><G40/><T47/><D47/><U78/><E62/><V50/><F50/><W0/><G69/><T7/><D7/><U12/><E3/><V81/><F93/><W43/><G43/><T100/><D100/><U121/><E121/><V16/><F16/><W105/><N who="3" m="27136" /><DORA hai="9" /><W60/><G60/><T96/><D23/><U88/><E78/><V66/><F66/><W92/><REACH who="3" step="1"/><G91/><REACH who="3" ten="439,50,496,5" step="2"/><T59/><D90/><U123/><E123/><V77/><F39/><W103/><G103/><T54/><D89/><U124/><E124/><V13/><F37/><W31/><G31/><T82/><D82/><U122/><E122/><V14/><F81/><W25/><G25/><T109/><D109/><U110/><E110/><V120/><F120/><W128/><G128/><T19/><REACH who="0" step="1"/><D96/><REACH who="0" ten="429,50,496,5" step="2"/><N who="1" m="36907" /><E41/><V21/><F21/><W48/><G48/><AGARI ba="0,2" hai="17,18,19,22,24,28,36,42,44,48,54,59,84,87" machi="48" ten="40,5200,0" yaku="1,1,53,2" doraHai="10,9" doraHaiUra="83,72" who="0" fromWho="3" sc="429,72,50,0,496,0,5,-52" /><AGARI ba="0,0" hai="4,8,12,48,51,52,53,55,86,88,95" m="36907" machi="48" ten="30,12000,1" yaku="8,1,52,2,54,2" doraHai="10,9" who="1" fromWho="3" sc="501,0,50,120,496,0,-47,-120" owari="501,60.0,170,-23.0,496,30.0,-167,-67.0" />
</Scene>
</mjloggm>