<mjloggm ver="2.3"><GO type="169" lobby="0"/><UN n0="%6D%65%24%6F" n1="%E5%A4%AA%E3%81%8F%E3%81%AA%E3%81%84%E3%81%8A" n2="%E5%A4%A9%E5%B2%A9%E6%88%B8" n3="%53%47%59%4D%48%52%4B%31" dan="17,18,16,16" rate="2135.36,2246.84,2195.29,2051.63" sx="M,F,M,M"/><TAIKYOKU oya="0"/>

<Scene>
<INIT seed="0,0,0,5,4,12" ten="250,250,250,250" oya="0" hai0="133,108,30,62,129,46,135,42,34,105,11,50,38" hai1="36,84,127,58,130,102,92,0,39,77,4,61,9" hai2="96,116,28,97,124,20,128,80,109,91,107,117,44" hai3="51,94,19,32,27,41,6,115,5,112,29,81,37"/><T100/><D129/><U8/><E130/><V52/><F128/><W18/><G37/><T43/><D100/><U10/><E127/><V33/><F33/><W126/><G81/><T76/><D105/><U90/><E102/><V59/><F124/><W26/><G126/><T63/><D76/><U111/><E111/><V131/><F131/><W134/><G134/><N who="0" m="51211" /><D108/><U1/><E77/><V21/><F109/><W25/><G94/><T125/><D125/><U56/><E56/><V2/><F2/><W114/><G51/><T17/><D30/><U104/><E104/><V118/><F44/><W53/><G53/><T101/><D34/><U7/><REACH who="1" step="1"/><E10/><REACH who="1" ten="250,240,250,250" step="2"/><V82/><F107/><W57/><G57/><T99/><D101/><U132/><E132/><V66/><F59/><W73/><G73/><T47/><D99/><U121/><E121/><V87/><F97/><W113/><G113/><T40/><D40/><U65/><AGARI ba="0,1" hai="0,1,4,7,8,9,36,39,58,61,65,84,90,92" machi="65" ten="20,5200,0" yaku="1,1,0,1,7,1,9,1,53,0" doraHai="12" doraHaiUra="45" who="1" fromWho="1" sc="250,-26,240,62,250,-13,250,-13" />
</Scene>
<Scene>
<INIT seed="1,0,0,4,4,59" ten="224,302,237,237" oya="1" hai0="89,12,130,22,99,105,88,70,16,26,50,3,11" hai1="27,78,114,39,115,38,116,44,65,76,87,64,28" hai2="56,93,86,79,109,29,7,21,82,69,127,42,13" hai3="100,63,8,74,103,0,92,31,97,20,91,15,124"/><U119/><E87/><V51/><F69/><W19/><G74/><T111/><D130/><U33/><E44/><N who="2" m="26007" /><F109/><W24/><G124/><T18/><D111/><U80/><E80/><V134/><F127/><W120/><G120/><T121/><D121/><U61/><E27/><N who="2" m="16623" /><F134/><W48/><G48/><T102/><D3/><U112/><E28/><V52/><F93/><W96/><G96/><T94/><D70/><U73/><E33/><V46/><F46/><W45/><G45/><T128/><D128/><U108/><E108/><V36/><F36/><W54/><G0/><T6/><D50/><U4/><E114/><V67/><F67/><W41/><G41/><T113/><D113/><U30/><E30/><V35/><F35/><W131/><G131/><T62/><D62/><U101/><E73/><V47/><F47/><W129/><G129/><T104/><REACH who="0" step="1"/><D6/><REACH who="0" ten="214,302,237,237" step="2"/><U125/><E4/><V72/><F72/><W126/><G126/><T83/><D83/><U135/><E125/><V23/><F7/><W81/><G81/><T68/><D68/><U40/><E40/><V60/><F82/><W49/><G49/><T95/><D95/><U110/><E110/><V84/><F79/><W85/><G97/><T123/><D123/><U58/><E115/><V5/><F5/><W77/><G77/><T43/><D43/><U53/><E112/><V9/><F84/><W2/><G2/><T107/><AGARI ba="0,1" hai="11,12,16,18,22,26,88,89,94,99,102,104,105,107" machi="107" ten="30,7900,0" yaku="1,1,0,1,54,2,53,0" doraHai="59" doraHaiUra="117" who="0" fromWho="0" sc="214,89,302,-39,237,-20,237,-20" />
</Scene>
<Scene>
<INIT seed="2,0,0,0,5,49" ten="303,263,217,217" oya="2" hai0="92,54,90,40,19,133,126,57,22,64,81,131,66" hai1="129,21,15,12,122,34,56,135,104,84,8,2,86" hai2="23,51,9,52,24,80,69,73,76,61,43,13,42" hai3="63,59,121,58,62,99,125,97,109,123,35,14,27"/><V25/><F69/><W28/><G109/><T79/><D131/><U103/><E34/><V50/><F61/><W94/><G125/><T78/><D126/><U108/><E2/><V111/><F111/><W5/><G5/><T124/><D133/><U55/><E108/><V60/><F60/><W102/><G14/><T110/><D110/><U120/><E129/><V112/><F112/><W98/><G123/><N who="1" m="47146" /><E135/><V113/><F113/><W48/><G48/><N who="0" m="30919" /><D40/><U36/><E36/><V53/><F42/><W65/><REACH who="3" step="1"/><G121/><REACH who="3" ten="303,263,217,207" step="2"/><T10/><D124/><U26/><E15/><V93/><F43/><W39/><G39/><T105/><D10/><U37/><E37/><V88/><F25/><W82/><G82/><T11/><D11/><U18/><E8/><V75/><F50/><W20/><G20/><T100/><D81/><U116/><E12/><V45/><F51/><W87/><G87/><T67/><D22/><U30/><E86/><V106/><F45/><W71/><G71/><T118/><D118/><U115/><E84/><V70/><F70/><W72/><G72/><T117/><D117/><U6/><E116/><V17/><F75/><W91/><G91/><T68/><D68/><U4/><E115/><V29/><F106/><W38/><G38/><T41/><D105/><U114/><E114/><V85/><AGARI ba="0,1" hai="9,13,17,23,24,29,52,53,73,76,80,85,88,93" machi="85" ten="20,18000,2" yaku="0,1,7,1,52,2,54,2" doraHai="49" who="2" fromWho="2" sc="303,-60,263,-60,217,190,207,-60" />
</Scene>
<Scene>
<INIT seed="2,1,0,2,5,5" ten="243,203,407,147" oya="2" hai0="77,65,44,37,85,95,23,116,91,45,60,67,16" hai1="72,97,13,82,59,31,93,12,88,17,113,100,125" hai2="80,47,54,110,121,20,112,133,124,118,61,43,4" hai3="68,1,41,32,63,42,126,83,34,64,69,117,10"/><V8/><F121/><W98/><G117/><T75/><D116/><U73/><E113/><V90/><F118/><W74/><G126/><T106/><D106/><U49/><E125/><V35/><F124/><W78/><G98/><T107/><D107/><U46/><E31/><V127/><F127/><W26/><G42/><T66/><D37/><U51/><E59/><V76/><F35/><W115/><G115/><T56/><D77/><U87/><E13/><V25/><F112/><W108/><G108/><T84/><D84/><U111/><E111/><V103/><F110/><W86/><G86/><T71/><D75/><U22/><REACH who="1" step="1"/><E51/><REACH who="1" ten="243,193,407,147" step="2"/><V119/><F119/><W122/><G122/><T21/><D71/><U2/><E2/><V94/><F133/><W92/><G69/><T120/><D120/><U96/><E96/><V52/><F61/><W101/><G26/><T130/><D56/><U40/><AGARI ba="1,1" hai="12,17,22,40,46,49,72,73,82,87,88,93,97,100" machi="40" ten="20,8000,1" yaku="1,1,0,1,7,1,54,1,53,1" doraHai="5" doraHaiUra="99" who="1" fromWho="1" sc="243,-21,193,93,407,-41,147,-21" />
</Scene>
<Scene>
<INIT seed="3,0,0,0,4,128" ten="222,286,366,126" oya="3" hai0="111,116,69,103,45,18,58,23,17,72,87,8,135" hai1="109,52,46,75,57,117,10,83,96,118,92,29,106" hai2="36,20,48,76,134,61,51,98,50,102,65,100,115" hai3="31,13,78,22,122,104,88,123,19,101,113,41,33"/><W132/><G113/><T42/><D116/><N who="1" m="44651" /><E106/><V55/><F115/><W67/><G78/><T37/><D69/><U34/><E109/><V30/><F36/><W133/><G41/><T1/><D72/><U120/><E120/><V90/><F76/><W12/><G67/><T38/><D111/><U32/><E46/><V59/><F90/><W7/><G101/><T56/><D38/><U80/><E10/><V125/><F125/><W26/><G88/><T5/><D103/><N who="1" m="60807" /><E75/><V68/><F102/><W119/><G104/><T54/><D87/><U3/><E3/><V49/><F30/><W110/><G119/><T53/><D56/><U43/><E43/><V127/><F127/><W44/><G44/><T14/><D18/><U97/><E97/><V121/><F20/><W85/><G85/><T60/><REACH who="0" step="1"/><D54/><REACH who="0" ten="212,286,366,126" step="2"/><U66/><E52/><V73/><F73/><W27/><G110/><T2/><D2/><U79/><E57/><V63/><F121/><N who="3" m="46091" /><G7/><T99/><D99/><U105/><E66/><V0/><F0/><W94/><G94/><T86/><D86/><U114/><E105/><V64/><F98/><W15/><AGARI ba="0,1" hai="12,13,15,19,22,26,27,31,33,132,133" m="46091" machi="15" ten="40,12000,1" yaku="34,2,52,2" doraHai="128" who="3" fromWho="3" sc="212,-40,286,-40,366,-40,126,130" />
</Scene>
<Scene>
<INIT seed="3,1,0,5,2,120" ten="172,246,326,256" oya="3" hai0="23,10,75,6,110,85,77,25,83,104,15,103,0" hai1="130,69,64,80,62,61,82,8,33,14,100,56,129" hai2="76,93,84,118,51,106,29,50,114,72,13,65,27" hai3="105,5,94,108,11,38,12,3,87,98,115,9,47"/><W74/><G115/><T71/><D71/><U121/><E33/><V133/><F114/><W79/><G105/><T128/><D128/><N who="1" m="49259" /><E100/><V132/><F118/><W42/><G87/><T99/><D0/><U43/><E43/><V35/><F106/><W134/><G134/><N who="2" m="51817" /><F65/><W37/><G37/><T21/><D75/><U18/><E121/><V63/><F63/><W40/><G40/><T48/><D48/><U22/><E8/><V123/><F123/><W91/><G11/><T81/><D81/><U26/><E26/><V126/><F126/><W24/><G12/><T7/><D7/><U54/><AGARI ba="1,0" hai="14,18,22,54,56,61,62,64,69,80,82" m="49259" machi="54" ten="30,1100,0" yaku="19,1" doraHai="120" who="1" fromWho="1" sc="172,-4,246,14,326,-4,256,-6" />
</Scene>
<Scene>
<INIT seed="4,0,0,5,0,85" ten="168,260,322,250" oya="0" hai0="2,21,6,76,99,84,67,86,108,89,93,11,23" hai1="37,70,80,14,72,64,9,10,105,115,39,79,131" hai2="107,3,35,50,8,19,33,95,34,126,75,74,45" hai3="63,49,59,47,40,100,32,83,17,46,4,91,18"/><T121/><D121/><U134/><E105/><V43/><F107/><W128/><G32/><T29/><D67/><U38/><E134/><V104/><F104/><W129/><G4/><T78/><D108/><U124/><E124/><V103/><F126/><W130/><G100/><T7/><D7/><U111/><E111/><V88/><F103/><W96/><G47/><T27/><REACH who="0" step="1"/><D21/><REACH who="0" ten="158,260,322,250" step="2"/><U127/><E127/><V41/><F3/><W90/><G130/><T106/><D106/><U15/><E131/><V28/><F8/><W56/><G129/><T118/><D118/><U57/><E10/><V119/><F119/><W24/><G128/><T12/><D12/><U71/><E15/><V92/><F33/><W66/><G24/><T53/><D53/><U116/><E116/><V51/><F35/><W1/><G66/><T77/><AGARI ba="0,1" hai="2,6,11,23,27,29,76,77,78,84,86,89,93,99" machi="77" ten="30,11700,0" yaku="1,1,0,1,52,1,53,1" doraHai="85" doraHaiUra="25" who="0" fromWho="0" sc="158,127,260,-39,322,-39,250,-39" />
</Scene>
<Scene>
<INIT seed="4,1,0,4,2,67" ten="285,221,283,211" oya="0" hai0="27,57,58,15,120,45,91,83,23,30,24,118,36" hai1="11,79,22,19,87,38,110,26,1,103,20,47,3" hai2="85,55,59,0,63,81,129,82,77,84,5,88,119" hai3="68,37,78,89,21,65,134,114,94,102,41,35,42"/><T76/><D120/><U90/><E110/><V64/><F129/><W44/><G35/><T32/><D15/><U49/><E38/><V123/><F123/><W73/><G134/><T6/><D6/><U135/><E135/><V66/><REACH who="2" step="1"/><F119/><REACH who="2" ten="285,221,273,211" step="2"/><W9/><G114/><T31/><D118/><U112/><E112/><V107/><F107/><W60/><G9/><AGARI ba="1,1" hai="0,5,9,55,59,63,64,66,77,81,82,84,85,88" machi="9" ten="40,8000,1" yaku="1,1,54,1,53,2" doraHai="67" doraHaiUra="62" who="2" fromWho="3" sc="285,0,221,0,273,93,211,-83" />
</Scene>
<Scene>
<INIT seed="5,0,0,2,5,39" ten="285,221,366,128" oya="1" hai0="47,22,24,108,98,16,61,120,86,80,75,43,15" hai1="107,14,62,95,53,114,44,88,28,9,126,8,3" hai2="60,7,18,5,65,48,127,116,42,105,27,132,34" hai3="112,55,10,121,63,119,77,128,67,41,68,30,103"/><U23/><E107/><V64/><F116/><W134/><G121/><T81/><D108/><U26/><E114/><V89/><F105/><W76/><G112/><T1/><D1/><U118/><E118/><V130/><F65/><W106/><G119/><T50/><D120/><U115/><E115/><V57/><F127/><W124/><G124/><T20/><D98/><N who="1" m="57703" /><E3/><V129/><F132/><W133/><G128/><N who="2" m="49257" /><F89/><W92/><G10/><T4/><D75/><U94/><E126/><V32/><F18/><W101/><G30/><T45/><D45/><U37/><E37/><V19/><F19/><W2/><G2/><T51/><D51/><N who="1" m="28903" /><E62/><V123/><F123/><W85/><G106/><T109/><D61/><U96/><E14/><V54/><F32/><W25/><G25/><T117/><D117/><U0/><E0/><V84/><F27/><W79/><G55/><T91/><D109/><U69/><E69/><V58/><F34/><W52/><G52/><T90/><D4/><N who="2" m="1610" /><F84/><W97/><G103/><AGARI ba="0,0" hai="8,9,23,26,28,94,96,103" m="28903,57703" machi="103" ten="30,2900,0" yaku="8,1,54,1" doraHai="39" who="1" fromWho="3" sc="285,0,221,29,366,0,128,-29" />
</Scene>
<Scene>
<INIT seed="5,1,0,3,4,24" ten="285,250,366,99" oya="1" hai0="98,65,61,55,72,116,44,76,83,57,96,15,37" hai1="50,118,45,103,27,134,8,123,125,112,91,128,13" hai2="88,86,130,124,11,16,66,67,82,127,31,4,5" hai3="12,14,81,94,7,119,106,97,79,73,108,9,20"/><U104/><E123/><V36/><F36/><W121/><G108/><T87/><D116/><U56/><E118/><V51/><F130/><W110/><G119/><T32/><D32/><U53/><E128/><V70/><F51/><W25/><G121/><T49/><D72/><U63/><E112/><V115/><F115/><W133/><G106/><T100/><D100/><U132/><E125/><N who="2" m="48203" /><F70/><W126/><G110/><T74/><D74/><U102/><E104/><V92/><F31/><W54/><G133/><N who="1" m="51306" /><E91/><N who="2" m="51671" /><F16/><W43/><G43/><T29/><D29/><U77/><E27/><V22/><F22/><W78/><G78/><T39/><D39/><U46/><E77/><V131/><F131/><W10/><G126/><T71/><D15/><U64/><E46/><V101/><F101/><W95/><G54/><T68/><D71/><U93/><E93/><V107/><F107/><W21/><G21/><T75/><D75/><U120/><E120/><V58/><F58/><W33/><G33/><T41/><AGARI ba="1,0" hai="37,41,44,49,55,57,61,65,68,76,83,87,96,98" machi="41" ten="30,4000,0" yaku="0,1,24,2" doraHai="24" who="0" fromWho="0" sc="285,43,250,-21,366,-11,99,-11" />
</Scene>
<Scene>
<INIT seed="6,0,0,2,0,61" ten="328,229,355,88" oya="2" hai0="90,31,102,72,130,25,75,103,92,6,116,70,57" hai1="23,40,3,22,127,56,128,107,39,5,54,19,50" hai2="35,111,78,12,119,51,1,94,53,93,69,126,125" hai3="48,100,115,16,96,46,60,79,124,122,0,58,95"/><V129/><F119/><W76/><G0/><T15/><D116/><U30/><E107/><V7/><F35/><W123/><G115/><T82/><D70/><U121/><E3/><V89/><F129/><W65/><G124/><N who="2" m="47721" /><F1/><W131/><G131/><T17/><D130/><U10/><E127/><V77/><F69/><W52/><REACH who="3" step="1"/><G16/><REACH who="3" ten="328,229,355,78" step="2"/><T112/><D17/><U49/><E19/><V84/><F111/><W41/><G41/><T87/><D112/><U32/><E40/><V29/><F29/><W36/><G36/><T26/><D31/><U66/><E39/><V11/><F93/><W108/><G108/><T80/><D92/><U44/><E30/><V113/><F113/><W88/><G88/><T33/><D90/><U45/><E128/><V42/><F42/><W9/><G9/><T101/><D6/><U47/><E10/><V24/><F24/><W14/><G14/><T28/><D15/><U71/><E5/><V38/><F38/><W135/><G135/><T114/><D114/><U63/><E121/><AGARI ba="0,1" hai="46,48,52,58,60,65,76,79,95,96,100,121,122,123" machi="121" ten="40,8000,1" yaku="1,1,52,1,54,1,53,1" doraHai="61" doraHaiUra="43" who="3" fromWho="1" sc="328,0,229,-80,355,0,78,90" />
</Scene>
<Scene>
<INIT seed="7,0,0,5,5,20" ten="328,149,355,168" oya="3" hai0="13,114,83,14,94,127,100,116,21,45,64,91,70" hai1="133,11,54,99,104,131,17,28,41,3,39,78,18" hai2="123,15,47,33,12,42,88,29,113,107,75,24,129" hai3="87,68,5,65,35,59,53,2,66,19,7,49,86"/><W101/><G35/><T92/><D116/><U52/><E28/><V132/><F75/><W26/><G68/><T44/><D127/><U48/><E133/><V38/><F132/><W0/><G101/><T46/><D64/><N who="3" m="24681" /><G2/><T81/><D70/><U57/><E131/><V55/><F129/><W134/><G0/><T89/><D114/><U128/><E128/><V95/><F107/><W110/><G134/><T125/><D125/><U98/><E78/><V72/><F72/><W90/><G110/><T122/><D122/><U111/><E111/><V119/><F119/><W121/><G121/><T56/><D56/><N who="1" m="32775" /><E39/><V73/><F73/><W37/><G37/><T76/><D76/><U63/><E3/><V117/><F117/><W108/><G108/><T22/><D46/><U62/><E104/><V109/><F109/><W8/><G87/><T34/><D34/><U69/><E69/><V120/><F113/><W61/><G61/><N who="1" m="23050" /><E41/><V1/><F1/><W115/><G115/><T4/><D100/><U135/><E135/><V30/><F55/><W58/><G58/><T82/><D82/><U25/><E11/><V118/><F118/><W31/><G31/><T130/><D130/><U80/><E80/><V106/><F29/><W103/><G103/><T43/><D43/><U126/><E126/><V77/><F106/><W23/><G8/><T79/><D79/><U40/><E40/><V27/><F77/><W85/><G85/><T97/><D97/><N who="1" m="36875" /><E25/><N who="2" m="9803" /><F123/><W71/><G71/><T10/><D10/><U84/><E84/><N who="2" m="52615" /><F120/><W9/><G9/><T67/><D4/><U50/><AGARI ba="0,0" hai="17,18,50,54,57" m="36875,23050,32775" machi="50" ten="30,4000,0" yaku="5,1,8,1,54,1" doraHai="20" who="1" fromWho="1" sc="328,-10,149,40,355,-10,168,-20" owari="318,12.0,189,-21.0,345,44.0,148,-35.0" />
</Scene>
</mjloggm>