<mjloggm ver="2.3"><GO type="97"/><UN n0="%E6%96%B0%E5%B1%85%E3%82%86%E3%81%86" n1="%E5%A4%AA%E3%81%8F%E3%81%AA%E3%81%84%E3%81%8A" n2="%E6%9C%9D%E3%81%AF%E3%81%94%E9%A3%AF%E3%81%AB%E5%91%B3%E5%99%8C%E6%B1%97" n3="%6B%61%6E%65%67%6F%6E%33" dan="14,14,14,13" rate="1924,2012,1846,1883" sx="M,M,M,M"/><TAIKYOKU oya="0"/>

<Scene>
<INIT seed="0,0,0,5,4,8" ten="250,250,250,250" oya="0" hai0="113,9,131,93,33,114,106,68,109,71,25,97,122" hai1="92,11,40,43,54,59,22,82,3,135,37,67,112" hai2="12,73,126,0,24,115,35,64,23,124,111,96,133" hai3="90,17,29,4,78,125,132,107,101,75,30,104,56"/><T89/><D106/><U32/><E32/><V50/><F0/><W83/><G132/><T63/><D131/><U134/><E112/><V81/><F115/><W98/><G125/><N who="2" m="48233" /><F133/><N who="1" m="50697" /><E67/><V123/><F111/><W5/><G107/><T48/><D122/><U121/><E121/><V61/><F123/><W119/><G30/><T120/><D109/><U39/><E82/><V118/><F35/><W72/><G29/><T13/><D120/><U62/><E92/><V66/><F118/><W129/><G75/><T103/><D114/><U88/><E22/><V95/><F50/><W74/><G74/><T42/><D113/><U51/><E88/><V85/><F73/><W38/><G38/><N who="1" m="14346" /><E51/><V15/><F64/><W2/><G2/><T99/><D71/><U128/><E128/><V36/><F96/><W57/><G57/><T6/><D99/><U19/><E3/><V14/><F95/><W80/><G129/><T69/><D103/><U1/><E1/><V45/><F36/><W91/><G83/><T117/><D117/><U79/><E79/><N who="2" m="46271" /><F24/><W77/><G77/><T26/><D25/><U102/><E102/><V49/><F23/><W18/><G91/><T52/><D26/><U41/><E41/><N who="2" m="24751" /><F66/><W86/><G119/><T105/><D33/><U130/><E130/><V21/><F21/><W94/><G56/><N who="0" m="35207" /><D105/><U84/><E84/><V110/><F110/><W70/><G70/><T76/><D76/><U53/><E53/><V108/><F108/><W7/><AGARI ba="0,0" hai="4,5,7,17,18,72,78,80,86,90,94,98,101,104" machi="7" ten="30,4000,0" yaku="0,1,24,2" doraHai="8" who="3" fromWho="3" sc="250,-20,250,-10,250,-10,250,40" />
</Scene>
<Scene>
<INIT seed="1,0,0,5,2,2" ten="230,240,240,290" oya="1" hai0="78,124,19,79,97,59,132,108,10,127,36,114,70" hai1="117,41,126,112,51,104,4,8,121,13,55,123,17" hai2="12,25,7,40,46,91,15,1,58,76,62,119,83" hai3="33,72,0,80,85,118,134,133,107,27,88,26,93"/><U69/><E117/><V102/><F1/><W52/><G107/><T73/><D70/><U6/><E112/><V22/><F102/><W65/><G65/><T105/><D36/><U109/><E104/><V135/><F135/><N who="3" m="51723" /><G0/><T130/><D114/><U90/><E69/><V92/><F119/><W125/><G125/><N who="0" m="48203" /><D108/><U101/><E126/><V49/><F76/><N who="3" m="44039" /><G33/><T45/><D45/><U61/><E101/><V43/><F43/><W81/><G81/><T68/><D68/><U84/><E109/><V9/><F83/><W66/><G66/><T120/><D120/><U38/><E38/><V28/><F62/><W95/><G95/><T63/><D132/><U113/><E113/><V53/><F53/><W103/><G103/><N who="0" m="62703" /><D130/><U71/><E123/><V30/><F15/><W75/><G75/><T74/><D74/><U21/><E121/><V18/><F58/><W42/><G42/><T99/><D99/><AGARI ba="0,0" hai="7,9,12,18,22,25,28,30,40,46,49,91,92,99" machi="99" ten="30,3900,0" yaku="7,1,8,1,52,1" doraHai="2" who="2" fromWho="0" sc="230,-39,240,0,240,39,290,0" />
</Scene>
<Scene>
<INIT seed="2,0,0,2,4,125" ten="191,240,279,290" oya="2" hai0="115,82,92,72,8,5,11,88,121,118,60,124,63" hai1="113,128,105,112,24,89,53,52,85,71,7,135,104" hai2="2,51,57,95,31,133,42,132,103,86,32,4,64" hai3="96,29,87,90,15,110,17,19,131,99,34,68,65"/><V46/><F32/><W61/><G110/><T74/><D115/><U9/><E71/><V20/><F2/><W43/><G43/><T109/><D121/><U28/><E135/><N who="2" m="51787" /><F4/><W56/><G68/><T39/><D39/><U22/><E128/><V80/><F103/><W76/><G131/><T14/><D124/><U33/><E33/><V23/><F31/><W6/><G6/><T117/><D109/><U79/><E79/><N who="2" m="46367" /><F95/><W94/><G76/><T59/><D60/><AGARI ba="0,0" hai="20,23,42,46,51,57,60,64" m="46367,51787" machi="60" ten="30,1500,0" yaku="20,1" doraHai="125" who="2" fromWho="0" sc="191,-15,240,0,279,15,290,0" />
</Scene>
<Scene>
<INIT seed="2,1,0,0,0,50" ten="176,240,294,290" oya="2" hai0="69,27,93,64,95,131,126,22,7,88,132,3,60" hai1="28,122,31,97,29,71,109,34,102,43,49,73,59" hai2="40,117,58,89,79,17,14,46,47,33,110,21,118" hai3="98,121,53,39,5,129,111,35,115,57,2,18,25"/><V114/><F33/><W41/><G121/><T124/><D3/><U113/><E113/><V127/><F79/><W125/><G115/><T54/><D7/><U19/><E71/><V32/><F32/><W45/><G129/><T78/><D78/><U62/><E73/><V67/><F127/><N who="0" m="48682" /><D93/><N who="1" m="58671" /><E34/><V63/><F114/><W105/><G111/><T94/><D94/><U30/><E109/><V130/><F130/><W61/><G5/><T56/><D132/><U1/><E1/><V12/><F110/><W9/><G2/><T100/><D100/><U80/><E122/><V66/><F66/><W38/><G38/><T74/><D74/><U81/><N who="1" m="7168" /><DORA hai="128" /><U51/><E19/><V85/><F14/><W8/><G35/><T75/><D75/><U99/><E99/><V72/><F72/><W101/><G125/><T133/><D131/><U104/><E104/><V6/><F6/><W90/><G90/><T36/><D36/><U92/><E92/><V107/><F107/><W112/><G112/><T48/><D133/><U10/><E10/><V119/><REACH who="2" step="1"/><F40/><REACH who="2" ten="176,240,284,290" step="2"/><W44/><G105/><T52/><D69/><U91/><E43/><V68/><F68/><W16/><G41/><T106/><D106/><U84/><E81/><AGARI ba="1,1" hai="12,17,21,46,47,58,63,67,81,85,89,117,118,119" machi="81" ten="40,2000,0" yaku="1,1,53,0" doraHai="50,128" doraHaiUra="24,37" who="2" fromWho="1" sc="176,0,240,-23,284,33,290,0" />
</Scene>
<Scene>
<INIT seed="2,2,0,1,1,129" ten="176,217,317,290" oya="2" hai0="77,106,72,29,30,38,22,63,32,101,5,48,121" hai1="31,27,52,86,44,33,134,13,99,45,46,128,7" hai2="4,50,47,61,117,60,40,96,68,55,90,84,73" hai3="88,119,81,59,74,10,91,114,11,1,133,94,122"/><V97/><F73/><W83/><G122/><T41/><D38/><U93/><E128/><V14/><F117/><W23/><G119/><T109/><D32/><U115/><E115/><V98/><F68/><W53/><G114/><T66/><D121/><U105/><E105/><V82/><F4/><W20/><G74/><T112/><D112/><U87/><E134/><V54/><F14/><W131/><G133/><T132/><D132/><U39/><E39/><V2/><F2/><W95/><G1/><T19/><D5/><U16/><E7/><V28/><F28/><W36/><G36/><T9/><D9/><U110/><E110/><V15/><F15/><W120/><G120/><T80/><D109/><U85/><E52/><AGARI ba="2,0" hai="40,47,50,52,54,55,60,61,82,84,90,96,97,98" machi="52" ten="40,3900,0" yaku="8,1,54,1" doraHai="129" who="2" fromWho="1" sc="176,0,217,-45,317,45,290,0" />
</Scene>
<Scene>
<INIT seed="2,3,0,5,3,19" ten="176,172,362,290" oya="2" hai0="37,122,92,67,31,3,49,8,44,93,84,123,130" hai1="134,48,98,68,60,88,114,132,131,22,129,91,61" hai2="74,45,57,38,126,82,26,78,70,18,6,86,97" hai3="32,105,94,42,103,104,11,116,110,20,95,52,14"/><V13/><F70/><W36/><G32/><T85/><D37/><U25/><E114/><V7/><F7/><W99/><G110/><T16/><D31/><N who="1" m="17847" /><E48/><V55/><F126/><W4/><G116/><T24/><D130/><N who="1" m="49675" /><E68/><V65/><F6/><W50/><G42/><T108/><D108/><U39/><E39/><V112/><F112/><W10/><G11/><T77/><D67/><U66/><E98/><V113/><F113/><W127/><G36/><T102/><D3/><U53/><E53/><V27/><F65/><W106/><G127/><T41/><D122/><U107/><E107/><V100/><F74/><W51/><G51/><T5/><D123/><U1/><E1/><V28/><F38/><W81/><G81/><T96/><D77/><U101/><E101/><V59/><F28/><W76/><G76/><T12/><D93/><U43/><E43/><V111/><F111/><W89/><G95/><T115/><D115/><U72/><E72/><V73/><F73/><W30/><G89/><N who="1" m="34378" /><E66/><V128/><F128/><W118/><G118/><T79/><D79/><U120/><E120/><V47/><F100/><W135/><G106/><T54/><D41/><U34/><E34/><V40/><F97/><W133/><G105/><T46/><D44/><U87/><E87/><V71/><F47/><N who="3" m="27743" /><G104/><T63/><D63/><AGARI ba="3,0" hai="60,61,63,132,134" m="34378,49675,17847" machi="63" ten="30,3900,0" yaku="19,1,52,1,54,1" doraHai="19" who="1" fromWho="0" sc="176,-48,172,48,362,0,290,0" />
</Scene>
<Scene>
<INIT seed="3,0,0,3,4,46" ten="128,220,362,290" oya="3" hai0="56,48,14,132,27,55,133,49,0,128,111,54,106" hai1="79,17,121,82,63,130,57,25,113,87,97,68,52" hai2="114,43,6,37,33,16,42,73,3,105,91,4,7" hai3="22,13,109,5,86,62,98,100,58,10,8,127,64"/><W81/><G127/><T15/><D106/><U131/><E113/><V125/><F73/><W99/><G109/><T59/><D0/><U129/><E121/><V29/><F114/><W134/><G134/><T28/><D111/><U123/><E123/><V39/><F105/><W45/><G45/><T65/><D65/><U96/><REACH who="1" step="1"/><E68/><REACH who="1" ten="128,210,362,290" step="2"/><V2/><F125/><W53/><G64/><T26/><REACH who="0" step="1"/><D28/><REACH who="0" ten="118,210,362,290" step="2"/><U102/><E102/><V120/><F29/><W83/><G100/><T44/><D44/><U108/><E108/><V38/><F120/><W72/><G58/><T101/><D101/><U50/><E50/><V117/><F39/><W69/><G62/><T67/><D67/><U20/><AGARI ba="0,2" hai="17,20,25,52,57,63,79,82,87,96,97,129,130,131" machi="20" ten="40,8000,1" yaku="1,1,0,1,19,1,54,1,53,0" doraHai="46" doraHaiUra="41" who="1" fromWho="1" sc="118,-20,210,100,362,-20,290,-40" owari="98,-40.0,310,11.0,342,44.0,250,-15.0" />
</Scene>
</mjloggm>