<mjloggm ver="2.3"><GO type="97"/><UN n0="%E3%83%89%E3%82%A4%E3%83%84%E3%81%AE%E6%96%A5%E5%80%99" n1="%E3%82%89%E3%82%93%E3%82%89%E3%82%93%E3%82%8B%E3%83%BC" n2="%E3%81%A1%E3%82%8D%E3%81%BE%E3%81%A3%E3%81%8F" n3="%E5%A4%AA%E3%81%8F%E3%81%AA%E3%81%84%E3%81%8A" dan="14,15,14,13" rate="1896,2006,1931,1994" sx="M,F,M,M"/><TAIKYOKU oya="0"/>

<Scene>
<INIT seed="0,0,0,2,4,126" ten="250,250,250,250" oya="0" hai0="35,95,72,103,130,113,56,3,10,135,51,71,0" hai1="119,33,36,73,2,34,38,84,27,70,77,16,13" hai2="127,107,44,115,69,47,131,22,19,109,53,101,60" hai3="1,28,37,61,90,116,92,81,110,82,42,29,12"/><T89/><D113/><U97/><E119/><V40/><F115/><W7/><G1/><T102/><D71/><U111/><E2/><V49/><F109/><W50/><G37/><T48/><D72/><U20/><E111/><V133/><F127/><W46/><G110/><T14/><D35/><U57/><E70/><V18/><F133/><W100/><G100/><T96/><D135/><U62/><E73/><V128/><F101/><W132/><G116/><T112/><D112/><U68/><E68/><V25/><F107/><W87/><G61/><T39/><D39/><U106/><E106/><V79/><F79/><W124/><G124/><T104/><D103/><U114/><E97/><V67/><REACH who="2" step="1"/><F19/><REACH who="2" ten="250,250,240,250" step="2"/><W66/><G132/><T85/><D102/><U108/><E108/><V93/><F93/><W5/><G92/><T121/><D104/><U15/><E114/><V78/><F78/><W41/><G82/><T23/><D121/><U45/><E77/><V122/><F122/><W76/><G76/><T118/><D95/><U99/><E99/><V105/><F105/><W120/><G120/><T55/><D96/><U21/><E84/><V31/><F31/><W80/><G80/><T52/><D118/><U4/><E16/><V26/><F26/><W24/><G81/><T117/><D117/><U94/><E27/><V83/><F83/><W32/><G87/><T30/><D85/><U86/><E94/><V8/><F8/><W9/><G24/><T6/><D30/><U64/><E86/><V58/><F58/><W63/><G29/><T43/><D10/><U134/><E134/><RYUUKYOKU ba="0,1" sc="250,-10,250,-10,240,30,250,-10" hai2="18,22,25,40,44,47,49,53,60,67,69,128,131" />
</Scene>
<Scene>
<INIT seed="1,1,1,2,5,66" ten="240,240,270,240" oya="1" hai0="73,41,110,112,95,123,11,43,26,22,4,114,65" hai1="53,14,131,105,27,17,128,47,16,94,90,121,84" hai2="20,12,46,54,50,57,115,52,49,82,5,106,86" hai3="124,9,30,97,35,113,56,117,69,119,135,130,133"/><U111/><E105/><V109/><F106/><W23/><G113/><T38/><D110/><U89/><E121/><V108/><F115/><W93/><G35/><T29/><D123/><U78/><E78/><V55/><F54/><W19/><G124/><T72/><D95/><U80/><E111/><V129/><F129/><N who="1" m="49737" /><E27/><V71/><F71/><W7/><G30/><T64/><D73/><U77/><E14/><V132/><F132/><N who="3" m="50763" /><G56/><T104/><D72/><N who="1" m="43047" /><E90/><V62/><F62/><W116/><G130/><T61/><D104/><U33/><E33/><V126/><F126/><W70/><G23/><T37/><D112/><U8/><E8/><V92/><F92/><W100/><G19/><N who="1" m="7242" /><E47/><V15/><F20/><W79/><G79/><T134/><D114/><U31/><E53/><V10/><REACH who="2" step="1"/><F15/><AGARI ba="1,1" hai="7,9,15,69,70,93,97,100,116,117,119" m="50763" machi="15" ten="40,8000,1" yaku="12,1,20,1,52,2" doraHai="66" who="3" fromWho="2" sc="240,0,240,0,270,-83,240,93" />
</Scene>
<Scene>
<INIT seed="2,0,0,2,5,123" ten="240,240,187,333" oya="2" hai0="19,20,47,106,88,25,69,132,105,57,134,127,114" hai1="107,8,73,7,80,76,111,121,26,91,52,94,71" hai2="16,61,98,40,64,116,93,49,126,46,24,131,102" hai3="113,83,103,56,66,90,75,95,27,36,119,133,109"/><V92/><F116/><W100/><G119/><T124/><D69/><U85/><E71/><V62/><F126/><N who="0" m="48170" /><D114/><U128/><E121/><V28/><F131/><W117/><G36/><T84/><D47/><U53/><E26/><V4/><F4/><W122/><G122/><T81/><D57/><U51/><E128/><V17/><F92/><W54/><G66/><T86/><D86/><U59/><E107/><AGARI ba="0,0" hai="19,20,25,81,84,88,105,106,107,132,134" m="48170" machi="107" ten="30,2000,0" yaku="18,1,54,1" doraHai="123" who="0" fromWho="1" sc="240,20,240,-20,187,0,333,0" />
</Scene>
<Scene>
<INIT seed="3,0,0,5,4,49" ten="260,220,187,333" oya="3" hai0="131,95,76,61,1,114,6,72,85,0,11,19,108" hai1="16,78,42,74,103,117,134,87,127,64,71,21,112" hai2="135,124,3,123,107,129,62,29,4,106,69,39,13" hai3="38,55,12,53,35,82,128,54,132,70,40,92,7"/><W120/><G120/><T94/><D108/><U119/><E112/><V110/><RYUUKYOKU type="yao9" ba="0,0" sc="260,0,220,0,187,0,333,0" hai2="3,4,13,29,39,62,69,106,107,110,123,124,129,135" />
</Scene>
<Scene>
<INIT seed="3,1,0,5,2,83" ten="260,220,187,333" oya="3" hai0="46,97,111,41,53,108,91,119,112,71,18,123,64" hai1="28,81,51,59,13,6,34,60,131,130,67,79,39" hai2="36,47,110,125,12,104,132,26,37,54,11,32,102" hai3="29,117,23,57,48,80,68,98,95,105,114,75,61"/><W90/><G117/><T19/><D123/><U92/><E39/><V15/><F110/><N who="0" m="42026" /><D119/><U55/><E34/><V24/><F125/><W113/><G105/><T84/><D112/><U31/><E92/><V115/><F115/><W82/><G68/><T63/><D97/><U44/><E6/><V17/><F132/><W78/><G48/><N who="0" m="26703" /><D53/><U118/><E118/><V93/><F104/><W14/><G82/><AGARI ba="1,0" hai="18,19,63,64,71,82,84,91" m="26703,42026" machi="82" ten="30,2000,0" yaku="14,1,52,1" doraHai="83" who="0" fromWho="3" sc="260,23,220,0,187,0,333,-23" owari="283,8.0,220,-18.0,187,-31.0,310,41.0" />
</Scene>
</mjloggm>