<mjloggm ver="2.3"><GO type="169" lobby="0"/><UN n0="%E3%80%93%E6%9D%BE%E4%BA%95%EF%BC%A3%EF%BC%B3%E3%80%93" n1="%E6%9C%80%E9%80%9F%E3%82%AF%E3%83%B3%E2%99%AA" n2="%E3%81%A1%E3%81%8F%E3%81%8D" n3="%E5%A4%AA%E3%81%8F%E3%81%AA%E3%81%84%E3%81%8A" dan="17,18,18,17" rate="2169.31,2108.01,2217.76,2184.34" sx="M,F,M,M"/><TAIKYOKU oya="0"/>

<Scene>
<INIT seed="0,0,0,2,5,98" ten="250,250,250,250" oya="0" hai0="102,128,134,29,73,15,26,100,130,14,56,124,1" hai1="66,50,109,123,9,11,49,68,55,18,133,61,119" hai2="40,0,51,48,93,47,31,70,131,105,4,80,91" hai3="127,10,8,53,35,37,120,39,112,46,58,57,13"/><T30/><D1/><U38/><E119/><V88/><F105/><W36/><G112/><T43/><D73/><U32/><E123/><V28/><F70/><W42/><G35/><T20/><D134/><U89/><E32/><V87/><F131/><N who="0" m="50218" /><D124/><U82/><E38/><V62/><F62/><W85/><G127/><T74/><D74/><U86/><E133/><V59/><F4/><W2/><G120/><T104/><D104/><U27/><E109/><V115/><F0/><W94/><G2/><T108/><D108/><U21/><REACH who="1" step="1"/><E50/><REACH who="1" ten="250,240,250,250" step="2"/><V41/><F115/><W129/><G129/><T126/><D126/><U125/><E125/><V54/><REACH who="2" step="1"/><F40/><REACH who="2" ten="250,240,240,250" step="2"/><W25/><G42/><T16/><D43/><U118/><E118/><V92/><F92/><W3/><G94/><T90/><D90/><U60/><E60/><V117/><F117/><W78/><G37/><T113/><D113/><U69/><E69/><V6/><F6/><W34/><G39/><T45/><D45/><AGARI ba="0,2" hai="9,11,18,21,27,45,49,55,61,66,68,82,86,89" machi="45" ten="30,2000,0" yaku="1,1,7,1,53,0" doraHai="98" doraHaiUra="132" who="1" fromWho="0" sc="250,-20,240,40,240,0,250,0" />
</Scene>
<Scene>
<INIT seed="1,0,0,1,1,76" ten="230,280,240,250" oya="1" hai0="54,21,14,72,85,44,120,39,0,86,92,102,131" hai1="16,103,38,101,78,61,79,125,128,59,74,26,12" hai2="105,64,107,123,2,17,13,25,1,89,124,77,130" hai3="115,90,93,20,52,10,114,63,121,23,55,82,87"/><U34/><E38/><V88/><F123/><W83/><G121/><T62/><D0/><U81/><E128/><V94/><F130/><W75/><G75/><T110/><D72/><U58/><E78/><V32/><F77/><W35/><G35/><T9/><D110/><U84/><E125/><V67/><F124/><W127/><G127/><T30/><D120/><U60/><E74/><V18/><F32/><W3/><G3/><T68/><D131/><U5/><E5/><V65/><F25/><W108/><G108/><T134/><D134/><U37/><E37/><V80/><F2/><W49/><G10/><T57/><D68/><U43/><E43/><V71/><F1/><W129/><G129/><T91/><D102/><N who="1" m="38923" /><E26/><V8/><F71/><W112/><G63/><N who="1" m="24138" /><E34/><V31/><F31/><W98/><G55/><T96/><D39/><U100/><N who="1" m="38931" /><U27/><DORA hai="116" /><E27/><V70/><F70/><W117/><G117/><T106/><D106/><U7/><E7/><N who="2" m="3231" /><F107/><W126/><G126/><T15/><D44/><U73/><E73/><V50/><F105/><W33/><G33/><T11/><D30/><U36/><E36/><V41/><F41/><W24/><G24/><T22/><D96/><U45/><E45/><V4/><F4/><W48/><G98/><T104/><D104/><U46/><E46/><V119/><F119/><W51/><REACH who="3" step="1"/><G52/><REACH who="3" ten="230,280,240,240" step="2"/><T133/><D133/><U42/><E42/><V40/><F40/><W111/><G111/><T28/><D28/><U97/><E97/><N who="2" m="57543" /><F50/><W56/><G56/><T109/><D109/><U53/><E53/><V113/><F65/><RYUUKYOKU ba="0,1" sc="230,-15,280,15,240,-15,240,15" hai1="12,16,58,59,79,81,84" hai3="20,23,48,49,51,82,83,87,90,93,112,114,115" />
</Scene>
<Scene>
<INIT seed="1,1,1,2,1,23" ten="215,295,225,255" oya="1" hai0="66,24,47,56,41,84,35,25,81,115,42,9,123" hai1="128,62,21,2,110,20,97,4,131,111,68,100,3" hai2="120,96,8,1,6,86,31,93,58,116,109,53,125" hai3="11,57,105,79,133,17,26,127,27,112,19,88,90"/><U34/><E34/><V82/><F120/><W70/><G70/><T60/><D115/><U78/><E78/><V32/><F116/><W91/><G112/><T89/><D35/><U14/><E68/><V52/><F109/><N who="1" m="41481" /><E62/><V113/><F113/><W83/><G105/><T73/><D123/><U16/><E20/><V63/><F125/><W50/><G127/><T77/><D9/><N who="1" m="2199" /><E3/><V130/><F130/><W71/><G71/><T76/><D76/><U87/><E87/><V95/><F96/><W119/><G119/><T59/><D59/><U101/><E101/><V107/><F107/><AGARI ba="1,1" hai="14,16,21,97,100,107,128,131" m="2199,41481" machi="107" ten="30,5800,0" yaku="14,1,10,1,54,1" doraHai="23" who="1" fromWho="2" sc="215,0,295,71,225,-61,255,0" />
</Scene>
<Scene>
<INIT seed="1,2,0,2,1,116" ten="215,366,164,255" oya="1" hai0="15,33,79,91,47,21,97,128,44,16,93,66,52" hai1="58,132,18,112,7,135,122,115,133,108,124,69,84" hai2="89,98,48,1,55,46,22,26,102,100,0,8,35" hai3="28,4,78,125,90,9,74,41,40,121,2,119,61"/><U130/><E69/><V59/><F35/><W56/><G119/><T17/><D33/><U63/><E7/><V101/><F89/><W118/><G118/><T10/><D128/><U77/><E130/><V5/><F1/><W6/><G125/><T134/><D134/><U34/><E34/><V131/><F131/><W14/><G28/><T109/><D109/><U70/><E70/><V120/><F120/><W103/><G103/><T105/><D105/><U25/><E124/><V107/><REACH who="2" step="1"/><F46/><REACH who="2" ten="215,366,154,255" step="2"/><W95/><G121/><T106/><D79/><U38/><E122/><V60/><F60/><W65/><G78/><T39/><D39/><U68/><E38/><V126/><F126/><W67/><G90/><T20/><D66/><U94/><E77/><V13/><F13/><W57/><G14/><T80/><D80/><U86/><E133/><V23/><F23/><N who="0" m="8778" /><D47/><U92/><E132/><V110/><F110/><W42/><G65/><T85/><D106/><U3/><E108/><V51/><F51/><W71/><G67/><T88/><D91/><U24/><E135/><V113/><F113/><W129/><G129/><T19/><D97/><U117/><E117/><V87/><F87/><W73/><G2/><T30/><D30/><AGARI ba="2,1" hai="0,5,8,22,26,30,48,55,59,98,100,101,102,107" machi="30" ten="30,8000,1" yaku="1,1,7,1,53,3" doraHai="116" doraHaiUra="99" who="2" fromWho="0" sc="215,-86,366,0,154,96,255,0" />
</Scene>
<Scene>
<INIT seed="2,0,0,1,2,39" ten="129,366,250,255" oya="2" hai0="83,92,52,31,124,99,77,9,54,59,129,63,30" hai1="82,36,56,34,15,73,27,118,103,20,134,69,40" hai2="46,19,122,135,70,111,90,1,91,47,14,75,17" hai3="81,58,97,42,7,95,112,68,131,16,0,21,35"/><V50/><F122/><W3/><G68/><T24/><D129/><U48/><E118/><V11/><F1/><W105/><G35/><T121/><D124/><U89/><E103/><V66/><F75/><W96/><G131/><T104/><D104/><U32/><E69/><V23/><F135/><W41/><G112/><T5/><D121/><U51/><E15/><V87/><F111/><W22/><G105/><T8/><D54/><U2/><E2/><V85/><F66/><W120/><G120/><T127/><D127/><U78/><E36/><V88/><F70/><W10/><G81/><T55/><D55/><U100/><E100/><V126/><F126/><W12/><G3/><T26/><D26/><U65/><E89/><V37/><F37/><W33/><G33/><T53/><D53/><U128/><E128/><V44/><REACH who="2" step="1"/><F50/><REACH who="2" ten="129,366,240,255" step="2"/><W108/><G108/><T71/><D71/><U102/><E51/><V4/><F4/><W80/><G0/><T72/><D5/><U49/><E48/><V109/><F109/><W18/><G7/><T74/><D74/><U94/><E49/><V116/><F116/><W107/><G58/><T28/><REACH who="0" step="1"/><D24/><AGARI ba="0,1" hai="11,14,17,19,23,24,44,46,47,85,87,88,90,91" machi="24" ten="40,7700,0" yaku="1,1,8,1,54,1,53,0" doraHai="39" doraHaiUra="119" who="2" fromWho="0" sc="129,-77,366,0,240,87,255,0" />
</Scene>
<Scene>
<INIT seed="2,1,0,2,4,82" ten="52,366,327,255" oya="2" hai0="129,20,130,85,107,121,110,62,37,134,98,118,99" hai1="15,33,35,64,42,9,120,38,60,16,44,58,3" hai2="11,39,133,72,24,50,124,74,57,32,87,2,117" hai3="81,34,10,67,68,47,116,4,41,106,1,125,108"/><V46/><F117/><W127/><G116/><T131/><D37/><U111/><E111/><V126/><F133/><W19/><G34/><T51/><D118/><U113/><E113/><V65/><F39/><W78/><G19/><T89/><D121/><U54/><E120/><V26/><F65/><W76/><G106/><T25/><D110/><U14/><E3/><V105/><F105/><W8/><G8/><T7/><D134/><U93/><E93/><V103/><F103/><W88/><G108/><T100/><D99/><U90/><E90/><V66/><F57/><W59/><G68/><T77/><D77/><U6/><REACH who="1" step="1"/><E64/><REACH who="1" ten="52,356,327,255" step="2"/><V18/><F66/><W80/><G67/><T61/><D7/><U22/><AGARI ba="1,1" hai="6,9,14,15,16,22,33,35,38,42,44,54,58,60" machi="22" ten="20,8000,1" yaku="1,1,2,1,0,1,7,1,54,1,53,0" doraHai="82" doraHaiUra="97" who="1" fromWho="1" sc="52,-21,356,93,327,-41,255,-21" />
</Scene>
<Scene>
<INIT seed="3,0,0,1,5,30" ten="31,449,286,234" oya="3" hai0="76,91,29,98,41,78,92,84,111,62,81,107,45" hai1="109,75,20,44,94,12,112,87,13,68,64,8,105" hai2="102,31,125,90,15,58,5,7,63,11,37,42,3" hai3="19,66,88,48,132,83,113,72,69,128,82,73,34"/><W110/><G113/><T14/><D111/><U114/><E75/><V79/><F125/><W115/><G115/><T46/><D46/><U52/><E105/><V49/><F102/><W57/><G69/><T32/><D62/><U10/><E68/><V93/><F79/><W70/><G70/><T0/><D0/><U38/><E38/><V17/><F37/><W59/><G132/><T35/><D29/><U96/><E64/><N who="2" m="39031" /><F31/><W99/><G128/><T130/><D130/><U21/><E109/><V131/><F3/><W43/><G110/><T39/><D78/><U18/><E87/><N who="2" m="52447" /><F131/><W104/><G34/><T85/><D107/><U120/><E120/><V51/><F51/><W26/><G104/><T6/><REACH who="0" step="1"/><D85/><REACH who="0" ten="21,449,286,234" step="2"/><U40/><E112/><V97/><F97/><W65/><G99/><T133/><D133/><U22/><E114/><V121/><F121/><W135/><G135/><T1/><D1/><U95/><E96/><V100/><F100/><W53/><G73/><T127/><D127/><U61/><E61/><V47/><AGARI ba="0,1" hai="5,7,11,15,17,42,47,49" m="52447,39031" machi="47" ten="30,1100,0" yaku="8,1" doraHai="30" who="2" fromWho="2" sc="21,-3,449,-3,286,21,234,-5" />
</Scene>
<Scene>
<INIT seed="4,0,0,4,0,100" ten="18,446,307,229" oya="0" hai0="38,59,17,80,25,24,107,46,112,117,39,125,101" hai1="129,83,55,114,32,81,6,35,51,27,87,12,37" hai2="93,3,41,120,89,0,82,18,11,57,86,28,60" hai3="63,30,118,121,50,47,34,58,98,43,126,62,67"/><T74/><D117/><U15/><E37/><V16/><F120/><W5/><G118/><T26/><D112/><U123/><E123/><V54/><F28/><W21/><G121/><T115/><D115/><U119/><E114/><V94/><F41/><W109/><G109/><T122/><D122/><U135/><E119/><V75/><F75/><W127/><G34/><T131/><D125/><N who="3" m="47625" /><G5/><T77/><D131/><U111/><E111/><V69/><F69/><N who="3" m="42231" /><G98/><T79/><D79/><U49/><E6/><V96/><F94/><W72/><G72/><T45/><D59/><U85/><E129/><V68/><F68/><W19/><G30/><T65/><D65/><U116/><E116/><V92/><F93/><W73/><G73/><T133/><D133/><U4/><E4/><V1/><REACH who="2" step="1"/><F11/><REACH who="2" ten="18,446,297,229" step="2"/><W23/><G19/><T103/><D17/><U31/><E31/><V106/><F106/><W44/><G44/><T8/><D8/><U124/><E124/><V132/><F132/><W9/><G9/><T91/><D91/><AGARI ba="0,1" hai="0,1,3,16,18,54,57,60,82,86,89,91,92,96" machi="91" ten="40,2600,0" yaku="1,1,54,1,53,0" doraHai="100" doraHaiUra="2" who="2" fromWho="0" sc="18,-26,446,0,297,36,229,0" owari="-8,-51.0,446,55.0,333,13.0,229,-17.0" />
</Scene>
</mjloggm>