<mjloggm ver="2.3"><GO type="193"/><UN n0="%E5%A4%AA%E3%81%8F%E3%81%AA%E3%81%84%E3%81%8A" n1="%E3%83%AD%E3%83%B3%E3%83%90" n2="%66%69%73%68%2B" n3="%E3%82%86%E3%81%9A%E7%B4%85%E8%8C%B6%E3%82%92%E7%9F%A5%E3%82%8B%E8%80%85" dan="11,12,12,12" rate="1727,1739,1668,2108" sx="M,M,M,M"/><TAIKYOKU oya="0"/>

<Scene>
<INIT seed="0,0,0,0,4,75" ten="250,250,250,250" oya="0" hai0="104,31,13,47,30,106,18,22,53,25,99,134,96" hai1="109,87,118,123,1,45,14,112,3,71,37,51,69" hai2="7,46,70,119,8,73,117,125,133,6,110,93,108" hai3="24,101,84,49,39,21,62,41,103,12,77,102,122"/><T2/><D2/><U127/><E123/><V17/><F70/><W124/><G122/><T74/><D74/><U135/><E118/><N who="2" m="45067" /><F46/><N who="3" m="25807" /><G39/><T65/><D65/><U78/><E37/><V64/><F64/><W116/><G116/><T0/><D0/><U48/><E135/><V26/><F93/><W58/><G124/><T79/><D79/><U86/><E127/><V95/><F125/><W132/><G132/><T56/><D134/><U60/><E60/><V63/><F63/><W111/><G111/><N who="2" m="42537" /><F95/><W113/><G113/><T131/><D131/><U28/><E109/><V85/><F85/><W115/><G115/><T35/><D31/><U4/><E28/><V23/><F133/><W29/><G62/><T72/><D72/><U43/><E112/><V34/><F73/><W16/><G58/><T120/><D120/><U67/><E67/><V121/><F121/><W81/><G29/><T130/><D130/><U129/><E129/><V98/><F98/><W40/><G40/><T92/><D47/><U32/><E71/><V97/><F97/><W88/><G77/><T82/><D82/><U114/><E114/><V90/><F90/><W91/><G91/><T68/><D68/><U36/><E69/><V5/><F8/><W57/><G57/><T44/><D44/><U100/><E36/><V76/><F76/><W61/><G61/><N who="0" m="35983" /><D99/><U19/><E78/><V80/><F80/><W15/><AGARI ba="0,0" hai="12,15,16,21,24,81,84,88,101,102,103" m="25807" machi="15" ten="30,4000,0" yaku="8,1,54,2" doraHai="75" who="3" fromWho="3" sc="250,-20,250,-10,250,-10,250,40" />
</Scene>
<Scene>
<INIT seed="1,0,0,4,2,54" ten="230,240,240,290" oya="1" hai0="105,19,53,48,56,87,52,97,47,128,133,36,117" hai1="118,110,70,42,77,39,0,126,55,8,92,102,14" hai2="44,10,99,12,66,46,135,59,130,5,34,109,40" hai3="17,93,124,94,120,57,91,45,79,13,6,81,1"/><U113/><E118/><V101/><F34/><W95/><G120/><T115/><D117/><U107/><E113/><V67/><F135/><W111/><G111/><T3/><D115/><U90/><E0/><V50/><F109/><W4/><G1/><T96/><D133/><U32/><E110/><V24/><F130/><W41/><G124/><T75/><D75/><U125/><E70/><V9/><F24/><W15/><G91/><T83/><D3/><U80/><E32/><V84/><F84/><N who="3" m="48191" /><G57/><T108/><D108/><U61/><E39/><V65/><F10/><N who="3" m="6327" /><G15/><T25/><D128/><U131/><E131/><V69/><F69/><W98/><G98/><T43/><D105/><U78/><E42/><V63/><REACH who="2" step="1"/><F44/><REACH who="2" ten="230,240,230,290" step="2"/><W71/><G71/><T114/><D114/><U82/><E126/><V21/><F21/><W116/><G116/><T2/><D25/><U86/><E125/><V33/><F33/><W22/><G22/><T112/><D112/><U7/><E8/><V123/><F123/><W60/><G45/><T76/><D47/><U38/><E38/><V27/><F27/><W73/><G41/><T18/><D43/><U129/><E129/><V30/><F30/><W134/><G134/><T31/><D36/><U23/><E23/><V58/><F58/><W16/><G4/><T132/><D56/><U49/><E7/><V104/><AGARI ba="0,1" hai="5,9,12,40,46,50,59,63,65,66,67,99,101,104" machi="104" ten="20,5200,0" yaku="1,1,0,1,7,1,52,1,53,0" doraHai="54" doraHaiUra="85" who="2" fromWho="2" sc="230,-13,240,-26,230,62,290,-13" />
</Scene>
<Scene>
<INIT seed="2,0,0,1,3,99" ten="217,214,292,277" oya="2" hai0="118,107,129,54,65,87,28,93,78,4,21,97,74" hai1="33,88,5,91,11,56,25,77,7,84,128,64,13" hai2="133,42,108,19,115,79,38,76,114,16,125,85,83" hai3="9,100,14,101,121,3,113,124,102,103,15,109,135"/><V94/><F133/><W68/><G135/><T126/><D65/><U119/><E119/><V41/><F125/><W67/><N who="3" m="26112" /><DORA hai="26" /><W130/><G121/><T66/><D66/><U2/><E128/><V59/><F108/><W8/><G130/><T53/><D107/><U96/><E33/><V49/><F94/><W44/><G109/><T52/><D74/><U110/><E110/><V6/><F6/><W127/><G113/><T134/><D134/><U51/><E77/><V122/><F122/><W71/><G44/><T40/><D40/><U47/><E25/><V73/><F38/><W120/><G120/><T111/><D111/><U98/><E2/><V46/><F73/><W1/><G1/><T10/><D126/><N who="3" m="48169" /><G3/><T55/><D129/><U117/><E117/><V131/><F131/><W48/><G48/><T61/><D118/><U0/><E0/><V34/><F34/><W23/><G67/><T86/><D61/><U43/><E64/><V24/><F76/><W69/><G23/><T106/><D21/><U112/><E112/><V30/><F59/><W37/><G37/><T32/><D78/><U72/><E56/><V90/><F90/><W123/><G123/><T17/><D32/><U60/><E60/><V70/><F70/><W12/><AGARI ba="0,0" hai="8,9,12,14,15,68,69,71" m="48169,26112" machi="12" ten="60,16000,3" yaku="29,2,28,2,18,1,52,4" doraHai="99,26" who="3" fromWho="3" sc="217,-40,214,-40,292,-80,277,160" />
</Scene>
<Scene>
<INIT seed="3,0,0,1,1,97" ten="177,174,212,437" oya="3" hai0="23,83,40,122,90,105,6,2,124,61,54,81,132" hai1="123,129,117,57,49,85,59,80,88,28,78,26,121" hai2="24,14,29,73,7,71,91,41,103,115,109,16,53" hai3="47,37,52,34,84,95,135,13,38,3,110,70,19"/><W127/><G3/><T55/><D122/><U112/><E112/><V68/><F73/><W114/><G114/><T42/><D105/><U125/><E117/><V93/><F115/><W39/><G39/><T27/><D124/><U60/><E125/><V64/><F109/><W0/><G0/><T69/><D132/><U32/><E129/><V130/><F130/><W36/><G127/><T21/><D2/><U8/><E123/><V1/><F41/><N who="0" m="15978" /><D69/><U50/><E121/><V66/><F53/><N who="0" m="19978" /><D6/><U11/><E78/><V9/><F103/><W51/><G70/><T62/><D90/><U128/><E128/><V18/><F71/><W12/><G135/><T126/><D126/><U98/><E98/><V102/><F102/><W111/><G111/><T31/><D23/><U77/><E77/><V56/><F18/><W4/><G19/><T106/><D106/><U119/><E119/><V20/><F68/><W44/><G110/><T63/><AGARI ba="0,0" hai="21,27,31,61,62,63,81,83" m="19978,15978" machi="63" ten="30,1100,0" yaku="8,1" doraHai="97" who="0" fromWho="0" sc="177,11,174,-3,212,-3,437,-5" owari="188,-21.0,171,-33.0,209,1.0,432,53.0" />
</Scene>
</mjloggm>