<mjloggm ver="2.3"><GO type="169"/><UN n0="%E3%82%88%E3%81%8A%E3%81%96%E3%82%93" n1="%E5%89%A3%E5%9F%8E" n2="%E5%A4%AA%E3%81%8F%E3%81%AA%E3%81%84%E3%81%8A" n3="%E3%81%98%E3%82%83%E3%82%80%E2%99%AD" dan="16,16,17,16" rate="2052,2064,2177,2046" sx="M,M,M,M"/><TAIKYOKU oya="0"/>

<Scene>
<INIT seed="0,0,0,1,3,131" ten="250,250,250,250" oya="0" hai0="38,52,94,111,130,121,48,71,62,128,5,95,83" hai1="15,66,0,107,40,20,82,19,67,33,88,29,134" hai2="86,75,69,108,34,100,132,51,77,96,84,109,13" hai3="85,126,115,133,44,127,4,26,105,122,36,6,110"/><T119/><D119/><U59/><E107/><N who="2" m="63879" /><F34/><W28/><G115/><T43/><D121/><U55/><E0/><V101/><F69/><W39/><G122/><T57/><D5/><N who="3" m="2153" /><G105/><T23/><D83/><U98/><E40/><V124/><F13/><W53/><G110/><N who="2" m="42601" /><F51/><N who="3" m="28903" /><G85/><N who="2" m="32873" /><F101/><W73/><G73/><T30/><D111/><U72/><E72/><V12/><F12/><W118/><G118/><T24/><D38/><U90/><E15/><V25/><F25/><W58/><G58/><T135/><D71/><U79/><E59/><V114/><F114/><W22/><G39/><T35/><D35/><U102/><E33/><V31/><F31/><W123/><G36/><T10/><D10/><U97/><E102/><V74/><F75/><W106/><G123/><T37/><D37/><U42/><E29/><V7/><F7/><W76/><G28/><T9/><D9/><U65/><E42/><V11/><F11/><W46/><G26/><T16/><D30/><U92/><E67/><V103/><F103/><W8/><G8/><T18/><D18/><U120/><E65/><V93/><F93/><N who="0" m="35338" /><D43/><U2/><E19/><V60/><F60/><W117/><G117/><T41/><D41/><U87/><E2/><V68/><F68/><W61/><G61/><T64/><D64/><U116/><E66/><V32/><F32/><W21/><G21/><T129/><D62/><U113/><E20/><V3/><F3/><W1/><G22/><T54/><D54/><U104/><E113/><V63/><F63/><W49/><G1/><T47/><D47/><U78/><E55/><V91/><F74/><RYUUKYOKU ba="0,0" sc="250,30,250,-10,250,-10,250,-10" hai0="16,23,24,48,52,57,128,129,130,135" />
</Scene>
<Scene>
<INIT seed="0,1,0,2,3,44" ten="280,240,240,240" oya="0" hai0="24,116,101,53,56,107,57,111,9,5,36,50,97" hai1="113,91,21,131,103,66,11,102,125,124,108,41,7" hai2="60,120,51,35,134,52,94,32,123,92,47,77,61" hai3="130,122,69,59,83,14,90,22,67,23,8,110,73"/><T133/><D116/><U68/><E108/><V81/><F134/><W45/><G110/><T106/><D36/><U71/><E131/><V15/><F123/><W115/><G115/><T31/><D111/><U3/><E113/><V109/><F120/><W27/><G130/><T63/><D133/><U62/><E68/><V95/><F109/><W43/><G69/><T18/><D18/><U6/><E6/><V112/><F112/><W89/><G122/><T64/><D97/><U29/><E41/><V42/><F15/><W38/><G73/><T135/><D101/><U93/><E29/><V55/><F61/><W40/><G40/><T104/><D135/><U74/><E21/><V37/><F60/><W105/><G105/><T17/><D17/><U118/><E74/><V87/><REACH who="2" step="1"/><F55/><REACH who="2" ten="280,240,230,240" step="2"/><W54/><G14/><T49/><D64/><U72/><E62/><V1/><F1/><W13/><G67/><T75/><D57/><AGARI ba="1,1" hai="32,35,37,42,47,51,52,57,77,81,87,92,94,95" machi="57" ten="40,5200,0" yaku="1,1,52,1,54,1,53,0" doraHai="44" doraHaiUra="126" who="2" fromWho="0" sc="280,-55,240,0,230,65,240,0" />
</Scene>
<Scene>
<INIT seed="1,0,0,5,1,0" ten="225,240,295,240" oya="1" hai0="108,127,106,58,22,23,25,117,8,55,42,45,34" hai1="16,118,93,76,120,21,59,79,72,26,99,43,50" hai2="71,84,38,114,15,95,20,105,82,52,133,3,96" hai3="64,4,7,109,70,39,27,56,11,128,91,40,54"/><U132/><E118/><V134/><F3/><W73/><G109/><T31/><D117/><U101/><E120/><V14/><F38/><W103/><G73/><T126/><D106/><U107/><E132/><N who="2" m="50795" /><F105/><W111/><G111/><T49/><D108/><U32/><E32/><V75/><F75/><W89/><G103/><T41/><D41/><U33/><E33/><V85/><F71/><W18/><G128/><T24/><D8/><U57/><E107/><V44/><F114/><W6/><G39/><T110/><D110/><U122/><E122/><V78/><F85/><W47/><G70/><T65/><D65/><U83/><REACH who="1" step="1"/><E79/><REACH who="1" ten="225,230,295,240" step="2"/><V74/><F74/><W104/><G104/><T60/><REACH who="0" step="1"/><D34/><REACH who="0" ten="215,230,295,240" step="2"/><U124/><E124/><V130/><F130/><W62/><G64/><T121/><D121/><U112/><E112/><V113/><F113/><W66/><G66/><T30/><AGARI ba="0,2" hai="22,23,24,25,30,31,42,45,49,55,58,60,126,127" machi="30" ten="30,4000,0" yaku="1,1,0,1,9,1,53,0" doraHai="0" doraHaiUra="13" who="0" fromWho="0" sc="215,60,230,-20,295,-10,240,-10" />
</Scene>
<Scene>
<INIT seed="2,0,0,4,4,54" ten="275,210,285,230" oya="2" hai0="64,72,130,61,81,40,86,120,107,100,90,79,11" hai1="91,20,88,113,3,63,28,42,82,10,131,26,68" hai2="77,38,125,66,74,59,112,116,83,13,75,85,37" hai3="69,129,93,127,35,94,30,71,132,39,48,17,14"/><V70/><F116/><W21/><G39/><T46/><D120/><U4/><E113/><V114/><F125/><W16/><G127/><T36/><D130/><U89/><E131/><V118/><F118/><W97/><G129/><T111/><D111/><U43/><REACH who="1" step="1"/><E82/><REACH who="1" ten="275,200,285,230" step="2"/><V58/><F114/><W122/><G122/><T22/><D11/><U126/><E126/><V76/><F112/><W67/><G132/><T117/><D117/><U47/><E47/><V50/><F83/><W60/><G71/><T57/><D107/><U49/><E49/><V95/><F50/><W134/><G134/><T98/><D46/><U15/><E15/><V23/><F13/><W119/><G119/><T73/><D36/><U110/><E110/><V103/><F70/><W121/><G121/><T133/><D133/><U99/><E99/><V108/><F108/><W52/><G97/><T45/><D45/><U104/><E104/><V106/><F106/><W123/><G123/><T2/><D81/><U24/><E24/><V25/><F25/><W31/><G93/><T96/><D98/><U8/><E8/><V62/><F95/><W115/><G94/><T124/><D96/><U18/><E18/><V0/><F38/><W44/><G115/><T29/><D124/><U9/><E9/><V12/><F37/><W105/><G105/><T87/><D86/><U7/><E7/><V78/><F85/><W128/><G128/><T55/><D87/><U33/><E33/><V102/><F12/><N who="3" m="9351" /><G35/><T6/><D6/><U41/><E41/><V27/><F27/><W56/><G69/><T135/><D135/><RYUUKYOKU ba="0,1" sc="275,-15,200,15,285,-15,230,15" hai1="3,4,10,20,26,28,42,43,63,68,88,89,91" hai3="14,17,30,31,44,48,52,56,60,67" />
</Scene>
<Scene>
<INIT seed="3,1,1,1,0,34" ten="260,215,270,245" oya="3" hai0="35,29,66,94,111,118,19,21,38,119,93,103,16" hai1="110,8,28,31,125,61,123,2,122,112,11,14,47" hai2="100,131,4,41,45,7,24,6,91,26,5,101,72" hai3="120,1,76,36,46,128,17,81,134,85,86,73,115"/><W13/><G120/><N who="1" m="46122" /><E47/><V89/><F72/><W67/><G115/><T107/><D38/><U52/><E52/><V50/><F131/><W130/><G67/><T124/><D66/><U113/><E61/><V88/><N who="2" m="1024" /><DORA hai="27" /><V0/><REACH who="2" step="1"/><F0/><REACH who="2" ten="260,215,260,245" step="2"/><W48/><G1/><T60/><D118/><U63/><E110/><V42/><F42/><N who="3" m="24663" /><G128/><T104/><D119/><U69/><E2/><V96/><F96/><W18/><G130/><T70/><D111/><U44/><E112/><V3/><F3/><W53/><G73/><T9/><D104/><U83/><E113/><V65/><F65/><W57/><G85/><T84/><D107/><U15/><E125/><V75/><F75/><W117/><G117/><T105/><D84/><U25/><E69/><V58/><F58/><W79/><G57/><T56/><D105/><U43/><E43/><V32/><F32/><W62/><G53/><T71/><D124/><U55/><E55/><V82/><F82/><W127/><G127/><T135/><D70/><U33/><E83/><V22/><F22/><W87/><G81/><T23/><D71/><U102/><E44/><V37/><F37/><W97/><G36/><T121/><D35/><N who="1" m="20879" /><E63/><V20/><F20/><W92/><G62/><T80/><D60/><U116/><E116/><V126/><F126/><W108/><G108/><T54/><D56/><U132/><E33/><V30/><F30/><W99/><G87/><T68/><D54/><U64/><E64/><V106/><F106/><W109/><G109/><T95/><D80/><U129/><E129/><V59/><F59/><W77/><G86/><RYUUKYOKU ba="1,2" sc="260,-10,215,-10,260,30,245,-10" hai2="24,26,41,45,50,88,89,91,100,101" />
</Scene>
<Scene>
<INIT seed="4,2,2,3,0,9" ten="250,205,290,235" oya="0" hai0="63,116,122,42,70,88,110,72,92,77,1,43,79" hai1="11,129,99,90,104,53,64,112,3,21,119,114,132" hai2="75,24,2,133,62,125,93,12,48,8,134,0,71" hai3="106,115,101,35,34,52,102,50,6,74,117,33,105"/><T82/><D116/><U61/><E129/><V76/><F125/><W44/><G117/><T23/><D122/><U16/><E119/><V126/><F126/><W29/><G74/><T36/><D1/><U87/><E132/><N who="2" m="50795" /><F24/><W32/><G115/><N who="1" m="44074" /><E53/><V73/><F93/><W94/><G6/><T19/><D110/><U13/><E104/><V107/><F107/><W68/><G68/><T95/><D79/><U121/><E99/><V130/><F130/><W26/><REACH who="3" step="1"/><G102/><REACH who="3" ten="250,205,290,225" step="2"/><T20/><D70/><N who="1" m="42255" /><E121/><V91/><F73/><W47/><G47/><T97/><D36/><U81/><E3/><V38/><F38/><W124/><G124/><T113/><D113/><U127/><E127/><V5/><F0/><W69/><G69/><T131/><D131/><U54/><E54/><V17/><F2/><W51/><G51/><T66/><D42/><U28/><E28/><V100/><F48/><W14/><G14/><T49/><D49/><U118/><E118/><V37/><F37/><W65/><G65/><T15/><D43/><U86/><E86/><V39/><F39/><W30/><G30/><T31/><D31/><U67/><E67/><V60/><F71/><W123/><G123/><T22/><D66/><U98/><E98/><AGARI ba="2,3" hai="26,29,32,33,34,35,44,50,52,94,98,101,105,106" machi="98" ten="40,2600,0" yaku="1,1,54,1,53,0" doraHai="9" doraHaiUra="78" who="3" fromWho="1" sc="250,0,205,-32,290,0,225,62" />
</Scene>
<Scene>
<INIT seed="5,0,0,5,2,36" ten="250,173,290,287" oya="1" hai0="86,135,92,22,131,93,79,74,20,55,60,1,85" hai1="84,67,33,59,109,118,130,58,40,0,91,61,90" hai2="114,102,31,87,9,123,49,11,80,68,41,65,128" hai3="62,5,38,108,48,105,47,126,44,43,72,112,50"/><U94/><E118/><V8/><F123/><W17/><G72/><T97/><D1/><U120/><E120/><V95/><F128/><W69/><G5/><T106/><D131/><U56/><E130/><V2/><F2/><W57/><G17/><T25/><D106/><U100/><E33/><V76/><F114/><W46/><G105/><T51/><D74/><U73/><E0/><V103/><F31/><W116/><G112/><T52/><D135/><U14/><E73/><V64/><F68/><W66/><G116/><T127/><D127/><U6/><E109/><V15/><F15/><W78/><G78/><T39/><D39/><U77/><E40/><V89/><F103/><W104/><G104/><T28/><D92/><U101/><E77/><V124/><F102/><N who="1" m="39529" /><E91/><V21/><F21/><W32/><G32/><T107/><D107/><U119/><E119/><V117/><F124/><W111/><G126/><T98/><D86/><U3/><E3/><V7/><F117/><W96/><G96/><T34/><D34/><U99/><E99/><N who="2" m="57839" /><F7/><W54/><G69/><T45/><D22/><U129/><E129/><V133/><F133/><W13/><G13/><T29/><D29/><U37/><E37/><V125/><F125/><W23/><G23/><T19/><D28/><U27/><E27/><V42/><F42/><AGARI ba="0,0" hai="38,42,43,44,46,47,48,50,54,57,62,66,108,111" machi="42" ten="30,12000,2" yaku="7,1,34,3,52,2" doraHai="36" who="3" fromWho="2" sc="250,0,173,0,290,-120,287,120" />
</Scene>
<Scene>
<INIT seed="6,0,0,3,3,32" ten="250,173,170,407" oya="2" hai0="107,15,63,89,97,135,83,40,94,23,5,86,39" hai1="132,31,21,124,17,79,43,14,102,34,13,28,108" hai2="49,95,100,69,92,11,106,85,46,47,41,58,88" hai3="36,18,71,98,129,12,4,27,120,125,122,1,20"/><V115/><F69/><W91/><G71/><T101/><D135/><U70/><E70/><V127/><F115/><W112/><G36/><T26/><D39/><U131/><E43/><V53/><F127/><W57/><G125/><T45/><D63/><U84/><E124/><V30/><F30/><N who="1" m="11305" /><E34/><V25/><F25/><W6/><G112/><T3/><D3/><U117/><E108/><V0/><F106/><W126/><G126/><T22/><D40/><U76/><E117/><V109/><F109/><W74/><G74/><T96/><D45/><U90/><E102/><V75/><F75/><W19/><G57/><T35/><D35/><U8/><E131/><V133/><F133/><W99/><G129/><T59/><D59/><U87/><E132/><V134/><F134/><W81/><G81/><T121/><D121/><U123/><E123/><V64/><F64/><W66/><G66/><T128/><D86/><N who="1" m="32811" /><E90/><V33/><F33/><W29/><G98/><T119/><D26/><U67/><E67/><V16/><F41/><W77/><G77/><T37/><D5/><AGARI ba="0,0" hai="5,8,13,14,17,21,76,79" m="32811,11305" machi="5" ten="30,1000,0" yaku="8,1" doraHai="32" who="1" fromWho="0" sc="250,-10,173,10,170,0,407,0" />
</Scene>
<Scene>
<INIT seed="7,0,0,3,2,36" ten="240,183,170,407" oya="3" hai0="93,71,125,92,68,20,97,28,40,86,2,60,37" hai1="114,26,32,90,3,89,0,10,59,116,69,42,29" hai2="79,108,85,113,9,64,41,102,112,78,30,38,91" hai3="34,117,53,62,54,123,115,120,76,58,95,106,31"/><W4/><G95/><T131/><D2/><U25/><E69/><V80/><F108/><W99/><G99/><T23/><D125/><U75/><E75/><V81/><F102/><W82/><G54/><T72/><D72/><U119/><E114/><N who="2" m="44139" /><F30/><W121/><G58/><T61/><D131/><U6/><E42/><V65/><F9/><W134/><G53/><T45/><D68/><U135/><E135/><V33/><F33/><W5/><G82/><T124/><D124/><U49/><E0/><V24/><F24/><W88/><G88/><T50/><D37/><U126/><E126/><V15/><F15/><W70/><G62/><N who="0" m="24171" /><D71/><U122/><E25/><V51/><F38/><W73/><G76/><N who="2" m="29225" /><F81/><W100/><G100/><N who="0" m="60455" /><D28/><U22/><E32/><V104/><F104/><W84/><G84/><T1/><D1/><U105/><E105/><V74/><F74/><W77/><G77/><T12/><D12/><U132/><E132/><V101/><F101/><W19/><G31/><T35/><D35/><U98/><E119/><V133/><F133/><W127/><G34/><T118/><D118/><U46/><E116/><V18/><F18/><W52/><G117/><T96/><D86/><U11/><E11/><V16/><F16/><W56/><G115/><T110/><D110/><U83/><E6/><V8/><F8/><W21/><G120/><T48/><D93/><U129/><E26/><V107/><F107/><W17/><G121/><T130/><D96/><U7/><E98/><V67/><F67/><W128/><G123/><T44/><D130/><U55/><E129/><V27/><F27/><RYUUKYOKU ba="0,0" sc="240,15,183,-15,170,15,407,-15" hai0="20,23,40,44,45,48,50" hai2="41,51,64,65,80,85,91" owari="255,6.0,168,-33.0,185,-21.0,392,48.0" />
</Scene>
</mjloggm>