<mjloggm ver="2.3"><GO type="169" lobby="0"/><UN n0="%6E%69%6B%75%40%6E%61%6E" n1="%E8%99%8E%E7%8D%85%E3%81%8F%E3%82%93" n2="%E5%A4%AA%E3%81%8F%E3%81%AA%E3%81%84%E3%81%8A" n3="%E7%88%86%E7%89%8C%E3%82%A6%E3%82%B7%E3%82%B8%E3%83%9E%E3%81%8F%E3%82%93" dan="16,16,17,18" rate="2081.60,2142.47,2167.39,2151.11" sx="M,M,M,M"/><TAIKYOKU oya="0"/>

<Scene>
<INIT seed="0,0,0,5,2,125" ten="250,250,250,250" oya="0" hai0="91,107,62,124,25,45,57,36,41,43,126,112,114" hai1="33,72,87,18,81,31,34,75,42,99,40,4,53" hai2="128,35,49,76,101,26,11,115,55,132,105,17,67" hai3="102,122,98,47,104,133,23,74,108,113,9,39,60"/><T65/><D107/><U3/><E99/><V69/><F115/><N who="0" m="44074" /><D91/><U100/><E100/><V56/><F76/><W85/><G74/><T27/><D25/><U8/><E18/><V92/><F92/><W58/><G85/><T61/><D27/><U48/><E40/><V95/><F95/><W106/><G23/><T120/><D120/><U83/><E42/><V88/><F88/><W64/><G9/><T14/><D14/><U13/><E3/><V54/><F17/><W12/><G12/><T86/><D86/><U116/><E116/><V127/><F11/><W46/><G98/><T16/><D16/><U63/><E63/><V21/><F21/><W19/><G19/><T123/><D123/><U20/><E20/><V129/><F101/><W97/><G97/><T38/><D62/><U117/><E117/><V93/><F93/><W22/><G60/><T10/><D10/><U68/><E31/><V130/><F105/><W78/><G106/><T51/><D43/><U15/><E15/><V30/><F26/><W44/><G104/><T103/><D103/><U52/><E75/><V6/><F30/><W111/><G102/><T79/><D79/><N who="1" m="44263" /><E34/><V7/><F35/><W119/><G113/><T5/><D5/><U24/><E24/><V96/><F96/><W28/><G28/><T90/><D90/><U1/><E33/><V32/><F32/><W121/><G122/><T82/><D82/><U59/><E87/><V94/><F7/><W66/><G121/><T89/><D89/><U131/><E83/><V134/><F6/><W73/><G73/><T50/><D38/><RYUUKYOKU ba="0,0" sc="250,30,250,-10,250,-10,250,-10" hai0="36,41,45,50,51,57,61,65,124,126" />
</Scene>
<Scene>
<INIT seed="0,1,0,5,3,113" ten="280,240,240,240" oya="0" hai0="2,127,22,88,93,108,55,76,120,38,77,131,72" hai1="56,100,103,67,31,13,50,58,64,78,33,71,40" hai2="65,30,60,19,70,32,98,68,61,125,23,89,86" hai3="1,132,81,52,119,37,57,53,10,9,41,20,69"/><T109/><D120/><U91/><E71/><V45/><F125/><W44/><G69/><T47/><D127/><U124/><E124/><V7/><F7/><W97/><G132/><T135/><D135/><U36/><E36/><V46/><F98/><W90/><G119/><T59/><D2/><U82/><E33/><V16/><F32/><W51/><G1/><T79/><D131/><U94/><E31/><V26/><F30/><W134/><G134/><T24/><D72/><U118/><E118/><V75/><F75/><W54/><G20/><T107/><D47/><U114/><E114/><V128/><F128/><W11/><REACH who="3" step="1"/><G81/><REACH who="3" ten="280,240,240,230" step="2"/><T48/><D22/><U130/><E130/><V106/><F68/><W117/><G117/><T29/><D108/><U63/><E100/><V104/><F23/><W102/><G102/><T115/><D109/><U85/><E103/><V96/><F70/><W43/><G43/><T101/><D101/><U122/><E122/><V123/><F123/><W17/><G17/><T74/><D115/><U12/><E40/><V112/><F16/><W129/><G129/><T42/><D42/><U4/><E4/><V110/><F19/><W39/><G39/><T3/><D38/><U121/><E121/><V111/><F112/><W18/><G18/><T21/><D21/><U133/><E133/><V35/><F111/><W73/><G73/><T0/><D74/><N who="1" m="43351" /><E12/><V84/><F110/><W5/><G5/><T126/><D126/><U25/><E13/><V15/><F15/><W92/><AGARI ba="1,1" hai="9,10,11,37,41,44,51,52,53,54,57,90,92,97" machi="92" ten="30,4000,0" yaku="1,1,0,1,54,1,53,0" doraHai="113" doraHaiUra="62" who="3" fromWho="3" sc="280,-21,240,-11,240,-11,230,53" />
</Scene>
<Scene>
<INIT seed="1,0,0,5,5,130" ten="259,229,229,283" oya="1" hai0="29,113,9,2,133,40,46,51,109,56,124,24,106" hai1="93,5,6,48,54,98,135,63,92,64,0,68,22" hai2="26,83,115,79,57,111,121,62,84,128,27,16,122" hai3="123,53,52,120,44,75,127,13,10,86,94,71,108"/><U96/><E135/><V8/><F128/><W117/><G75/><T50/><D133/><U28/><E0/><V89/><F111/><W3/><G71/><T23/><D109/><U43/><E43/><V58/><F115/><W36/><G3/><T116/><D113/><U80/><E80/><V126/><F126/><W15/><G117/><T11/><D106/><U32/><E32/><V49/><F49/><W21/><G127/><T91/><D2/><U66/><E66/><V132/><F132/><W103/><G108/><T81/><D116/><U60/><E60/><V112/><F112/><W45/><G21/><T41/><D124/><U78/><E78/><V100/><F100/><W25/><G25/><T82/><D56/><U69/><E69/><V125/><F125/><W77/><G36/><T101/><D101/><U134/><E134/><V72/><F26/><W61/><G103/><T20/><D82/><U74/><E74/><V73/><F73/><W99/><G120/><T31/><D81/><U18/><E28/><V35/><F35/><W59/><G123/><T55/><D55/><U118/><E93/><N who="2" m="54439" /><F57/><N who="3" m="34983" /><G44/><T12/><D29/><U97/><E92/><V7/><F58/><W19/><G45/><T47/><D31/><U85/><E118/><V30/><F62/><N who="3" m="36207" /><G94/><T1/><D1/><U104/><E104/><V14/><F30/><W37/><G37/><T105/><D105/><U34/><E34/><V67/><F67/><W33/><G33/><T131/><D131/><U70/><E70/><V90/><F90/><W95/><G95/><T107/><D91/><U87/><E68/><RYUUKYOKU ba="0,0" sc="259,-10,229,-10,229,30,283,-10" hai2="7,8,14,16,27,72,79,83,121,122" />
</Scene>
<Scene>
<INIT seed="2,1,0,2,0,45" ten="249,219,259,273" oya="2" hai0="62,47,131,118,124,121,69,89,95,103,32,36,4" hai1="130,85,57,34,76,128,35,78,43,68,60,54,75" hai2="61,39,87,49,20,132,127,22,72,108,96,8,93" hai3="92,31,119,19,73,28,122,48,59,101,106,71,83"/><V66/><F39/><W11/><G71/><T37/><D121/><U9/><E68/><V56/><F72/><W14/><G106/><T18/><D131/><N who="1" m="50219" /><E75/><V6/><F127/><W90/><G122/><T84/><D124/><U99/><E99/><V27/><F132/><W33/><G33/><N who="1" m="12298" /><E85/><V65/><F108/><W2/><G2/><T1/><D103/><U112/><E112/><V97/><F66/><W91/><G119/><T44/><D32/><U55/><E43/><V102/><F87/><N who="3" m="50559" /><G73/><T111/><D111/><U134/><E134/><V123/><F123/><W113/><G101/><T15/><D118/><U79/><E9/><V117/><F117/><W17/><G113/><T86/><D62/><U58/><E58/><V110/><F110/><W100/><G100/><T109/><D69/><U26/><E26/><V7/><F97/><N who="3" m="57503" /><G19/><T51/><D18/><U67/><AGARI ba="1,0" hai="54,55,57,60,67,76,78,79" m="12298,50219" machi="67" ten="40,1500,0" yaku="19,1" doraHai="45" who="1" fromWho="1" sc="249,-5,219,18,259,-8,273,-5" />
</Scene>
<Scene>
<INIT seed="3,0,0,5,5,85" ten="244,237,251,268" oya="3" hai0="119,95,112,80,75,76,32,72,88,15,131,90,58" hai1="107,1,102,81,12,92,135,123,116,108,21,117,111" hai2="23,86,129,20,10,118,35,52,105,59,54,3,93" hai3="22,26,104,44,16,8,126,67,70,37,125,43,38"/><W97/><G38/><T127/><D119/><N who="1" m="45643" /><E1/><V46/><F35/><W128/><G128/><T56/><D131/><U89/><E12/><V77/><F105/><W96/><G8/><T18/><D32/><U28/><E21/><V65/><F118/><W36/><G36/><T7/><D127/><N who="3" m="48649" /><G104/><T9/><D112/><U63/><E28/><V29/><F129/><W113/><G113/><T121/><D121/><U34/><E34/><V106/><F106/><W84/><G84/><T0/><D75/><U64/><E63/><AGARI ba="0,0" hai="16,22,26,37,43,44,63,67,70,96,97" m="48649" machi="63" ten="30,2900,0" yaku="18,1,54,1" doraHai="85" who="3" fromWho="1" sc="244,0,237,-29,251,0,268,29" />
</Scene>
<Scene>
<INIT seed="3,1,0,1,1,58" ten="244,208,251,297" oya="3" hai0="75,3,76,100,0,66,77,8,45,67,107,7,51" hai1="44,27,94,47,105,54,90,24,69,102,68,87,123" hai2="33,115,96,133,124,108,116,37,86,85,127,35,5" hai3="65,64,23,26,61,29,130,57,9,120,63,18,56"/><W74/><G130/><T36/><D3/><U31/><E123/><V129/><F116/><W48/><G120/><T72/><D77/><U95/><E105/><V104/><F115/><W62/><G74/><T88/><D36/><U19/><E19/><V112/><F112/><W60/><G48/><T2/><D0/><U99/><E24/><V132/><F37/><W11/><G11/><T73/><D76/><U84/><E84/><N who="2" m="32363" /><F5/><W93/><G93/><T110/><D88/><N who="1" m="53535" /><E68/><V97/><F108/><W109/><G109/><T4/><D7/><U83/><E69/><V40/><F40/><W52/><G65/><T16/><D110/><U135/><E135/><N who="2" m="51787" /><F104/><W13/><AGARI ba="1,0" hai="9,13,18,23,26,29,52,56,57,60,61,62,63,64" machi="13" ten="30,18000,2" yaku="0,1,8,1,52,4,54,1" doraHai="58" who="3" fromWho="3" sc="244,-61,208,-61,251,-61,297,183" />
</Scene>
<Scene>
<INIT seed="3,2,0,3,0,9" ten="183,147,190,480" oya="3" hai0="44,99,66,135,67,40,86,36,98,26,50,108,112" hai1="7,121,71,56,77,57,100,10,89,119,92,117,62" hai2="90,3,95,59,35,107,91,113,31,21,23,30,29" hai3="2,111,16,105,124,58,116,106,13,37,12,24,47"/><W120/><G2/><T133/><D108/><U134/><E121/><V128/><F35/><W61/><G120/><T73/><D73/><U125/><E134/><N who="0" m="51209" /><D36/><U94/><E125/><V18/><F113/><W45/><G111/><T97/><D112/><U6/><E77/><V63/><F107/><W20/><G124/><T39/><D39/><U32/><E32/><V69/><F69/><W130/><G130/><T15/><D26/><U52/><E100/><V65/><F3/><W103/><G116/><N who="1" m="44618" /><E71/><V79/><F128/><W80/><G80/><T8/><D86/><N who="1" m="52279" /><E10/><V84/><F79/><W54/><G103/><T11/><D11/><U101/><E101/><V129/><F129/><W93/><G105/><T4/><AGARI ba="2,0" hai="4,8,15,40,44,50,66,67,97,98,99" m="51209" machi="4" ten="30,2000,0" yaku="20,1,52,1" doraHai="9" who="0" fromWho="0" sc="183,26,147,-7,190,-7,480,-12" />
</Scene>
<Scene>
<INIT seed="4,0,0,3,5,23" ten="209,140,183,468" oya="0" hai0="0,98,122,6,34,63,78,25,113,97,74,58,27" hai1="1,20,26,83,80,118,46,114,36,2,106,69,43" hai2="103,48,52,60,70,41,134,5,107,3,62,108,100" hai3="66,31,8,96,99,128,135,10,9,73,56,133,13"/><T71/><D122/><U45/><E118/><V21/><F108/><W38/><G73/><T15/><D0/><U116/><E116/><V64/><F134/><N who="3" m="51211" /><G38/><T49/><D71/><U125/><E125/><V40/><F62/><N who="3" m="38215" /><G128/><T115/><D34/><U91/><E69/><V105/><F100/><W17/><G31/><T72/><D49/><U126/><E126/><V30/><F3/><W111/><G111/><T57/><D74/><U112/><E106/><V53/><F5/><W81/><G81/><N who="1" m="31306" /><E91/><V132/><F132/><W120/><G120/><T7/><D78/><U95/><E95/><V130/><F130/><W65/><G65/><T84/><D84/><U28/><E46/><V109/><F109/><W82/><G82/><T54/><D72/><U92/><E92/><V88/><F88/><W51/><G51/><T67/><D113/><AGARI ba="0,0" hai="1,2,20,26,28,36,43,45,112,113,114" m="31306" machi="113" ten="30,3900,0" yaku="15,1,11,1,52,1" doraHai="23" who="1" fromWho="0" sc="209,-39,140,39,183,0,468,0" />
</Scene>
<Scene>
<INIT seed="5,0,0,3,5,48" ten="170,179,183,468" oya="1" hai0="22,69,105,42,1,121,81,77,79,18,38,100,43" hai1="2,45,92,66,39,113,131,120,65,117,46,76,119" hai2="89,109,20,49,73,35,16,96,21,107,110,126,11" hai3="122,90,68,135,51,31,50,6,127,97,67,10,61"/><U44/><E120/><V29/><F73/><W85/><G127/><T7/><D69/><U9/><E113/><V88/><F126/><W123/><G135/><T129/><D129/><U87/><E131/><V17/><F35/><W53/><G31/><T14/><D121/><U24/><E39/><V0/><F29/><W75/><G97/><T83/><D105/><U47/><E24/><V102/><F0/><W71/><G51/><T91/><D100/><U3/><E47/><V36/><F36/><W86/><G86/><T58/><D58/><U118/><E9/><V112/><F112/><W8/><G8/><T54/><D7/><U60/><E92/><V30/><F30/><W33/><G33/><T82/><D1/><N who="1" m="11" /><E60/><V64/><F11/><W78/><G78/><N who="0" m="29707" /><D38/><U57/><E57/><V37/><F37/><W101/><G101/><T56/><D91/><U55/><E76/><V103/><F49/><AGARI ba="0,0" hai="14,18,22,42,43,49,54,56,81,82,83" m="29707" machi="49" ten="30,2000,0" yaku="8,1,52,1" doraHai="48" who="0" fromWho="2" sc="170,20,179,0,183,-20,468,0" />
</Scene>
<Scene>
<INIT seed="6,0,0,3,3,25" ten="190,179,163,468" oya="2" hai0="93,35,57,113,12,63,60,36,15,17,11,53,24" hai1="7,40,133,79,1,22,14,54,123,55,64,41,6" hai2="112,46,100,21,48,85,23,30,99,135,78,67,42" hai3="92,52,132,103,87,131,115,119,98,88,70,29,58"/><V90/><F112/><W76/><G119/><T32/><D113/><U13/><E123/><V84/><F135/><W125/><G70/><T96/><D36/><U43/><E1/><V39/><F67/><W82/><G132/><T127/><D127/><U68/><E133/><V134/><F134/><W31/><G125/><T77/><D77/><U10/><E79/><V3/><F3/><W129/><G115/><T38/><D38/><U122/><E122/><V72/><F39/><W45/><G45/><T124/><D124/><U105/><E105/><N who="2" m="63647" /><F84/><W71/><G71/><T69/><D69/><U26/><E64/><V116/><F116/><W80/><G80/><T130/><D63/><U59/><E68/><V62/><F62/><N who="3" m="36167" /><G103/><T28/><D130/><AGARI ba="0,0" hai="29,31,76,82,87,88,92,98,129,130,131" m="36167" machi="130" ten="30,8000,1" yaku="19,1,52,2,54,2" doraHai="25" who="3" fromWho="0" sc="190,-80,179,0,163,0,468,80" />
</Scene>
<Scene>
<INIT seed="7,0,0,4,0,92" ten="110,179,163,548" oya="3" hai0="98,79,111,73,75,108,31,117,133,123,70,5,71" hai1="68,84,57,93,22,55,89,28,13,112,113,0,134" hai2="7,115,38,53,83,127,116,67,40,86,128,118,85" hai3="35,130,58,122,33,43,32,6,60,110,19,3,17"/><W94/><G94/><T74/><D117/><U56/><E68/><N who="0" m="26153" /><D31/><U51/><E0/><V114/><F67/><W131/><G58/><T48/><D48/><U63/><E134/><V100/><F100/><W65/><G60/><T66/><D66/><N who="1" m="39271" /><E28/><V72/><F72/><N who="0" m="18434" /><T132/><DORA hai="21" /><D5/><U91/><E91/><V61/><F40/><W15/><G65/><T121/><D79/><U103/><E103/><V34/><F61/><W27/><G43/><T95/><D95/><U109/><E109/><N who="0" m="42057" /><D98/><U8/><E8/><V82/><F7/><W49/><G49/><T18/><D18/><AGARI ba="0,0" hai="13,18,22,51,55,57,84,89,93,112,113" m="39271" machi="18" ten="30,1000,0" yaku="25,1" doraHai="92,21" who="1" fromWho="0" sc="110,-10,179,10,163,0,548,0" owari="100,-40.0,189,-1.0,163,-24.0,548,65.0" />
</Scene>
</mjloggm>