<mjloggm ver="2.3"><GO type="97"/><UN n0="%E6%97%A5%E5%A5%88%E6%A3%AE%E3%81%82%E3%82%80" n1="%E5%A4%AA%E3%81%8F%E3%81%AA%E3%81%84%E3%81%8A" n2="%E3%82%86%E3%81%8B%E3%82%8A%E3%82%93%E3%83%9E%E3%82%B8%E5%A4%A9%E4%BD%BF" n3="%53%6F%27%73" dan="14,13,14,15" rate="2028,1996,1917,1993" sx="F,M,M,F"/><TAIKYOKU oya="0"/>

<Scene>
<INIT seed="0,0,0,3,0,49" ten="250,250,250,250" oya="0" hai0="61,82,18,36,130,41,46,97,23,25,123,125,58" hai1="77,26,81,99,127,107,5,67,15,101,87,42,117" hai2="114,65,27,13,112,33,72,10,9,115,96,85,132" hai3="124,37,17,45,32,59,54,66,110,131,39,35,89"/><T76/><D123/><U51/><E117/><V11/><F65/><W86/><G110/><T100/><D125/><U19/><E127/><V31/><F72/><W122/><G122/><T34/><D34/><U20/><E67/><V24/><F132/><W88/><G124/><T43/><D43/><U70/><E70/><V48/><F48/><W119/><G119/><T40/><D40/><U128/><E128/><V105/><F85/><W0/><G0/><T6/><D6/><U3/><E3/><V38/><F38/><W1/><G1/><T98/><D130/><U73/><E5/><V69/><F69/><W50/><G131/><T78/><D82/><U129/><E129/><V7/><F96/><W118/><G89/><T92/><REACH who="0" step="1"/><D98/><REACH who="0" ten="240,250,250,250" step="2"/><U22/><E42/><V21/><REACH who="2" step="1"/><F105/><REACH who="2" ten="240,250,240,250" step="2"/><W106/><G106/><T116/><D116/><U133/><E107/><V135/><F135/><W47/><G118/><T83/><D83/><U29/><E133/><V104/><F104/><W95/><G35/><T91/><D91/><U60/><E81/><V62/><F62/><W4/><G32/><T126/><D126/><U109/><E60/><V113/><N who="2" m="29184" /><DORA hai="90" /><V111/><F111/><W52/><G88/><T74/><D74/><U102/><E73/><V68/><F68/><W57/><G86/><T12/><D12/><U14/><E14/><V71/><F71/><W63/><G39/><T75/><D75/><U28/><E87/><V80/><F80/><W16/><G37/><T2/><D2/><U108/><E108/><V84/><F84/><W120/><G120/><T93/><D93/><RYUUKYOKU ba="0,2" sc="240,15,250,-15,240,15,250,-15" hai0="18,23,25,36,41,46,58,61,76,78,92,97,100" hai2="7,9,10,11,13,21,24,27,31,33" />
</Scene>
<Scene>
<INIT seed="0,1,2,0,3,28" ten="255,235,255,235" oya="0" hai0="104,52,87,32,79,111,121,95,61,98,50,106,15" hai1="76,103,100,62,124,40,48,0,107,3,122,68,92" hai2="19,65,33,114,73,91,9,34,109,112,81,89,96" hai3="51,54,82,94,2,16,17,80,115,10,35,125,133"/><T113/><D121/><U12/><E122/><V123/><F123/><W27/><G115/><T53/><D113/><U70/><E107/><V13/><F65/><W130/><G130/><T31/><D111/><U5/><E76/><V134/><F109/><W46/><G133/><T36/><D36/><U117/><E117/><V4/><F134/><W42/><G125/><T116/><D116/><U69/><E62/><V72/><F4/><W64/><G64/><T128/><D128/><U23/><E124/><V45/><F45/><W102/><G35/><T25/><D15/><U49/><E23/><V90/><F96/><N who="3" m="59671" /><G2/><T131/><D131/><U110/><E110/><V1/><F1/><W97/><G97/><T24/><D24/><U118/><E118/><V132/><F132/><W126/><G42/><T43/><D43/><U30/><E40/><V127/><F127/><W67/><G67/><T86/><D104/><U6/><E69/><V8/><F90/><W44/><G44/><N who="0" m="27719" /><D106/><U77/><E0/><V26/><F26/><W120/><G120/><T7/><D7/><U85/><E6/><V37/><F37/><W47/><G47/><T75/><D75/><U88/><E3/><V74/><F74/><W29/><G126/><T78/><D78/><U41/><E77/><V71/><F71/><W105/><G105/><T57/><D79/><U63/><E70/><V58/><F13/><W39/><G39/><T18/><D18/><U129/><E129/><V56/><F19/><W11/><G17/><T21/><D32/><U38/><E38/><V119/><F119/><W59/><G16/><RYUUKYOKU ba="1,2" sc="255,15,235,-15,255,15,235,-15" hai0="21,25,31,53,57,61,86,87,95,98" hai2="8,9,33,34,56,58,72,73,81,89,91,112,114" />
</Scene>
<Scene>
<INIT seed="0,2,2,4,1,117" ten="270,220,270,220" oya="0" hai0="123,88,104,37,77,29,55,25,118,51,0,73,135" hai1="60,134,31,17,32,57,1,48,39,64,70,92,13" hai2="102,50,40,120,112,81,7,116,34,38,44,8,101" hai3="15,22,72,132,100,124,14,91,128,133,62,106,89"/><T23/><D118/><U111/><E1/><V93/><F116/><W36/><G72/><T79/><D37/><U33/><E39/><V86/><F34/><W125/><G36/><T97/><D0/><U24/><E111/><V41/><F112/><W26/><G62/><T66/><D135/><N who="3" m="51785" /><G100/><T71/><D71/><U69/><E134/><V2/><F93/><W74/><G74/><T121/><D66/><U49/><E33/><V5/><F5/><W28/><G106/><T75/><D75/><U114/><E114/><V109/><F109/><W30/><G89/><T83/><D77/><U54/><E92/><V68/><F68/><W45/><G45/><T67/><D67/><U19/><E70/><V126/><F126/><N who="3" m="48747" /><G91/><T129/><D104/><U76/><E76/><V65/><F65/><W98/><G98/><T4/><D97/><U3/><E3/><V12/><F2/><W35/><G128/><T99/><D129/><U58/><E13/><V59/><F59/><W110/><G110/><T85/><D99/><U78/><E78/><V61/><F61/><W82/><G82/><T105/><D105/><U63/><E49/><V87/><F87/><W42/><G42/><T21/><D73/><U46/><E46/><V6/><F101/><W115/><G115/><T131/><D131/><U9/><E9/><V90/><F102/><W56/><G56/><N who="0" m="32895" /><D79/><U11/><E11/><V20/><F40/><W52/><G52/><AGARI ba="2,2" hai="17,19,24,31,32,48,52,54,57,58,60,63,64,69" machi="52" ten="30,2000,0" yaku="7,1,54,1" doraHai="117" who="1" fromWho="3" sc="270,0,220,46,270,0,220,-26" />
</Scene>
<Scene>
<INIT seed="1,0,0,2,2,7" ten="270,266,270,194" oya="1" hai0="81,135,37,10,66,32,99,84,91,27,67,59,34" hai1="2,102,104,38,131,70,33,110,0,113,127,72,4" hai2="57,122,75,29,133,130,16,123,42,52,116,80,26" hai3="120,94,126,23,93,19,44,46,24,64,63,107,62"/><U5/><E5/><V6/><F116/><W114/><G107/><T117/><D37/><U14/><E14/><V109/><F109/><W49/><G120/><T12/><D117/><U89/><E89/><V82/><F130/><W21/><G114/><T71/><D71/><U98/><E98/><V3/><F133/><W25/><G126/><T103/><D135/><U43/><E43/><V78/><F82/><W105/><G105/><T31/><D34/><U129/><E102/><V58/><F58/><W35/><G35/><T134/><D59/><U68/><E4/><V41/><F123/><W101/><G101/><T108/><D108/><U53/><E53/><V74/><F74/><W92/><G64/><T30/><D30/><U97/><E97/><V11/><F122/><W88/><G88/><T54/><D54/><U115/><E104/><V18/><F42/><W20/><G46/><T106/><REACH who="0" step="1"/><D134/><REACH who="0" ten="260,266,270,194" step="2"/><U60/><E33/><V85/><F41/><W132/><G132/><T47/><D47/><U17/><E38/><V118/><F118/><W96/><G44/><T125/><D125/><U79/><E127/><V77/><F75/><W13/><G96/><T76/><D76/><U36/><E79/><V69/><F77/><W95/><G49/><T61/><D61/><U73/><E60/><V56/><F69/><W48/><G48/><T121/><D121/><U128/><E36/><V65/><F57/><W111/><G111/><T119/><D119/><U40/><E110/><V28/><F28/><N who="3" m="17415" /><G62/><T15/><D15/><U9/><E128/><V1/><F1/><N who="1" m="617" /><E131/><V8/><F56/><RYUUKYOKU ba="0,1" sc="260,30,266,-10,270,-10,194,-10" hai0="10,12,27,31,32,66,67,81,84,91,99,103,106" />
</Scene>
<Scene>
<INIT seed="2,1,1,5,0,5" ten="290,256,260,184" oya="2" hai0="30,41,73,118,43,68,104,35,87,38,129,55,49" hai1="22,24,121,82,23,119,6,100,81,86,114,0,111" hai2="53,36,62,58,56,98,92,34,72,37,54,94,29" hai3="65,48,133,67,97,8,84,10,69,131,52,26,85"/><V50/><F72/><W93/><G131/><T113/><D73/><U32/><E119/><V25/><REACH who="2" step="1"/><F94/><REACH who="2" ten="290,256,250,184" step="2"/><W11/><G133/><T3/><D129/><U21/><E114/><V14/><F14/><W80/><G69/><T79/><D113/><U51/><E121/><V134/><F134/><W135/><G26/><T66/><D118/><U115/><E24/><V124/><F124/><W77/><G135/><T13/><D13/><U28/><E115/><V103/><AGARI ba="1,2" hai="25,29,34,36,37,50,53,54,56,58,62,92,98,103" machi="103" ten="20,3900,0" yaku="1,1,0,1,7,1,53,0" doraHai="5" doraHaiUra="132" who="2" fromWho="2" sc="290,-14,256,-14,250,62,184,-14" />
</Scene>
<Scene>
<INIT seed="2,2,0,2,0,51" ten="276,242,312,170" oya="2" hai0="73,101,102,65,104,11,10,18,30,72,62,22,87" hai1="103,0,126,81,7,116,123,111,1,28,76,43,16" hai2="21,67,53,49,89,31,131,37,84,9,106,83,2" hai3="5,15,108,97,59,105,115,54,98,125,94,38,90"/><V120/><F120/><W64/><G115/><T130/><D130/><U119/><E123/><V48/><F131/><W55/><G108/><T100/><D104/><U93/><E28/><V19/><F106/><W124/><G38/><T127/><D30/><U8/><E111/><V78/><F37/><W135/><G105/><T86/><D127/><N who="3" m="48713" /><G135/><T50/><D50/><U80/><E126/><V74/><F67/><W20/><G98/><T41/><D41/><U61/><E0/><V128/><F128/><W122/><G122/><T34/><D34/><U52/><E43/><V6/><F31/><W117/><G117/><T58/><D73/><U118/><E76/><V113/><F113/><W69/><G69/><T91/><D72/><U35/><E35/><V71/><F71/><W112/><G112/><T77/><D77/><U92/><E16/><V27/><REACH who="2" step="1"/><F53/><REACH who="2" ten="276,242,302,170" step="2"/><W47/><G47/><T17/><D65/><U46/><E46/><V99/><F99/><W44/><G44/><T68/><D68/><U32/><E119/><V26/><F26/><W29/><G29/><T107/><D107/><U56/><E116/><V110/><F110/><W23/><G64/><T14/><D58/><U39/><E39/><V82/><AGARI ba="2,1" hai="2,6,9,19,21,27,48,49,74,78,82,83,84,89" machi="82" ten="20,7800,0" yaku="1,1,0,1,7,1,53,1" doraHai="51" doraHaiUra="3" who="2" fromWho="2" sc="276,-28,242,-28,302,94,170,-28" />
</Scene>
<Scene>
<INIT seed="2,3,0,1,1,107" ten="248,214,396,142" oya="2" hai0="60,117,61,68,21,125,40,110,39,116,34,57,93" hai1="20,80,15,79,53,67,70,109,33,27,103,55,111" hai2="48,130,71,32,38,45,120,122,92,126,90,106,69" hai3="118,54,87,25,49,104,5,35,56,101,14,97,72"/><V86/><F106/><W127/><G118/><N who="0" m="45675" /><D34/><U94/><E33/><V73/><F32/><W83/><G127/><T8/><D125/><U59/><E15/><V58/><F126/><W11/><G72/><T81/><D110/><N who="1" m="41995" /><E70/><V43/><F73/><W19/><G35/><T105/><D105/><U18/><E67/><V12/><F12/><W119/><G119/><T50/><D39/><U23/><E23/><V37/><F130/><W6/><REACH who="3" step="1"/><G25/><REACH who="3" ten="248,214,396,132" step="2"/><T124/><D124/><U74/><E59/><V121/><REACH who="2" step="1"/><F58/><REACH who="2" ten="248,214,386,132" step="2"/><W4/><G4/><T64/><D57/><U102/><E74/><V41/><F41/><W78/><AGARI ba="3,2" hai="5,6,11,14,19,49,54,56,78,83,87,97,101,104" machi="78" ten="20,5200,0" yaku="1,1,0,1,7,1,53,1" doraHai="107" doraHaiUra="76" who="3" fromWho="3" sc="248,-16,214,-16,386,-29,132,81" />
</Scene>
<Scene>
<INIT seed="3,0,0,0,2,43" ten="232,198,357,213" oya="3" hai0="81,68,117,128,49,129,63,64,116,33,56,70,104" hai1="52,133,19,4,110,6,59,26,76,23,97,69,1" hai2="27,37,109,90,17,31,78,45,98,12,5,107,53" hai3="20,2,3,15,10,14,36,44,21,46,38,42,131"/><W92/><G131/><N who="0" m="50251" /><D33/><U111/><E69/><N who="0" m="26729" /><D104/><U94/><E76/><V80/><F109/><N who="1" m="41481" /><E133/><V95/><F107/><W65/><G65/><T130/><D130/><U30/><E30/><V51/><F37/><W29/><G92/><T22/><D81/><U126/><E1/><V73/><F5/><W86/><G86/><T34/><D34/><U11/><E11/><V58/><F58/><W105/><G105/><T100/><D100/><N who="1" m="60471" /><E126/><V127/><F127/><W82/><G82/><T114/><D114/><U113/><E113/><V84/><F27/><W85/><G85/><T115/><D115/><U83/><E83/><V0/><F31/><W74/><G74/><T125/><D125/><U24/><E24/><V55/><F55/><W123/><G29/><T47/><D22/><U102/><E102/><V41/><F41/><AGARI ba="0,0" hai="41,47,49,56,63,64,116,117" m="26729,50251" machi="41" ten="30,7700,0" yaku="19,1,34,2,52,1" doraHai="43" who="0" fromWho="2" sc="232,77,198,0,357,-77,213,0" owari="309,41.0,198,-30.0,280,8.0,213,-19.0" />
</Scene>
</mjloggm>