<mjloggm ver="2.3"><GO type="169"/><UN n0="%E2%98%85%E3%82%86%E3%83%BC%E2%98%86" n1="%E2%98%85%E9%9B%80%E5%A8%98%E3%82%AF%E3%83%AC%E3%82%A2%E2%98%85" n2="%50%72%6F%66%2E%47%33" n3="%E5%A4%AA%E3%81%8F%E3%81%AA%E3%81%84%E3%81%8A" dan="17,16,16,17" rate="2182,2107,2024,2182" sx="M,F,M,M"/><TAIKYOKU oya="0"/>

<Scene>
<INIT seed="0,0,0,2,1,92" ten="250,250,250,250" oya="0" hai0="58,65,76,57,113,72,101,69,85,131,128,17,73" hai1="34,79,117,52,98,45,50,129,39,104,56,126,120" hai2="118,83,48,94,125,66,71,106,87,123,89,107,6" hai3="115,22,10,124,74,54,9,93,7,111,26,119,47"/><T4/><D113/><U127/><E117/><V1/><F123/><W16/><G119/><T3/><D69/><U134/><E120/><V109/><F109/><W108/><G115/><T112/><D112/><U95/><E34/><V19/><F118/><W78/><G124/><N who="1" m="47658" /><E134/><V12/><F125/><W88/><G74/><N who="0" m="28779" /><D65/><U13/><E129/><N who="0" m="49737" /><D101/><N who="1" m="62519" /><E79/><V68/><F6/><W110/><G78/><T37/><D37/><U40/><E95/><V80/><F94/><W77/><G77/><T25/><D4/><U23/><E23/><V42/><F66/><W121/><G121/><T96/><D3/><U20/><E20/><V100/><F1/><W49/><REACH who="3" step="1"/><G7/><REACH who="3" ten="250,250,250,240" step="2"/><T44/><D76/><U21/><E21/><N who="2" m="11495" /><F68/><W75/><G75/><T130/><D130/><U30/><E30/><V99/><F71/><W61/><G61/><T82/><D17/><U24/><E24/><V133/><F133/><W86/><AGARI ba="0,1" hai="9,10,16,22,26,47,49,54,86,88,93,108,110,111" machi="86" ten="30,8000,1" yaku="1,1,0,1,14,1,54,2,53,0" doraHai="92" doraHaiUra="27" who="3" fromWho="3" sc="250,-40,250,-20,250,-20,240,90" />
</Scene>
<Scene>
<INIT seed="1,0,0,3,4,12" ten="210,230,230,330" oya="1" hai0="100,77,107,38,33,121,108,24,19,123,82,114,110" hai1="25,36,2,66,103,94,70,120,71,104,4,73,50" hai2="3,78,84,74,21,81,87,49,45,127,39,10,109" hai3="26,113,105,59,20,28,48,130,117,69,43,124,53"/><U52/><E120/><N who="0" m="46153" /><D38/><U132/><E36/><V129/><F109/><N who="0" m="42090" /><D33/><U27/><E73/><V91/><F127/><W101/><G113/><T8/><D8/><U128/><E104/><V116/><F129/><W95/><G69/><T46/><D46/><U99/><E128/><V67/><F116/><W32/><G130/><T18/><D24/><U22/><E132/><V11/><F74/><W96/><G124/><T102/><D114/><U5/><E2/><V56/><F3/><W15/><G117/><T62/><D62/><U7/><E66/><V112/><F112/><W106/><REACH who="3" step="1"/><G43/><REACH who="3" ten="210,230,230,320" step="2"/><T61/><D61/><U72/><E71/><V16/><F39/><W135/><G135/><T44/><D44/><U47/><E70/><V58/><F56/><W131/><G131/><T76/><D76/><U89/><E72/><V60/><F58/><W92/><G92/><T98/><D102/><U65/><E65/><V37/><F60/><W118/><G118/><T134/><D134/><U75/><E75/><AGARI ba="0,1" hai="18,19,75,77,82,98,100,107" m="42090,46153" machi="75" ten="30,7700,0" yaku="13,1,14,1,52,2" doraHai="12" who="0" fromWho="1" sc="210,87,230,-77,230,0,320,0" />
</Scene>
<Scene>
<INIT seed="2,0,0,1,5,74" ten="297,153,230,320" oya="2" hai0="107,86,27,115,4,42,114,126,79,120,50,88,41" hai1="11,83,9,134,97,24,77,55,0,81,45,47,80" hai2="19,106,78,3,131,99,6,23,67,105,73,82,1" hai3="56,69,33,89,58,20,46,130,127,15,100,2,36"/><V102/><F131/><W121/><G121/><T22/><D120/><U122/><E122/><V90/><F105/><W103/><G2/><T87/><D107/><U54/><E134/><V14/><F6/><W98/><G33/><T60/><D126/><U128/><E128/><V26/><F67/><W34/><G34/><T110/><D110/><U84/><E97/><V93/><REACH who="2" step="1"/><F26/><REACH who="2" ten="297,153,220,320" step="2"/><W21/><G130/><T116/><D4/><U51/><E24/><V62/><F62/><W66/><G66/><T32/><D60/><U16/><E0/><V125/><F125/><W133/><G127/><T30/><D27/><U96/><E96/><AGARI ba="0,1" hai="1,3,14,19,23,73,78,82,90,93,96,99,102,106" machi="96" ten="30,5800,0" yaku="1,1,7,1,52,1,53,0" doraHai="74" doraHaiUra="117" who="2" fromWho="1" sc="297,0,153,-58,220,68,320,0" />
</Scene>
<Scene>
<INIT seed="2,1,0,0,5,130" ten="297,95,288,320" oya="2" hai0="108,88,77,91,90,89,50,4,128,49,56,25,54" hai1="92,20,64,33,31,84,78,104,8,37,61,97,17" hai2="44,103,117,71,24,59,29,23,119,51,82,6,57" hai3="11,93,35,5,106,98,123,80,72,86,63,134,27"/><V94/><F71/><W67/><G123/><T65/><D128/><U95/><E37/><V15/><F117/><W110/><G110/><T74/><D108/><U1/><E78/><V75/><F119/><W32/><G72/><T55/><D65/><U115/><E115/><V135/><F135/><W41/><G41/><T45/><N who="0" m="23040" /><DORA hai="133" /><T107/><D107/><U105/><E84/><V100/><F82/><W42/><G42/><T47/><D4/><N who="1" m="1039" /><E97/><N who="2" m="59447" /><F75/><W48/><G106/><T16/><D56/><N who="1" m="36903" /><E95/><V34/><F34/><W60/><G93/><T62/><D62/><U19/><E19/><V109/><F103/><W112/><G112/><T14/><D25/><N who="1" m="18671" /><E92/><V122/><F109/><W127/><G35/><T13/><REACH who="0" step="1"/><D16/><REACH who="0" ten="287,95,288,320" step="2"/><U9/><E9/><N who="2" m="4535" /><F122/><W21/><G67/><T68/><D68/><U43/><E17/><V40/><AGARI ba="1,1" hai="23,24,29,40,44,51,57,59" m="4535,59447" machi="40" ten="30,1500,0" yaku="8,1" doraHai="130,133" who="2" fromWho="2" sc="287,-6,95,-6,288,28,320,-6" />
</Scene>
<Scene>
<INIT seed="2,2,0,3,1,4" ten="281,89,316,314" oya="2" hai0="107,102,105,135,68,53,92,74,23,40,1,72,49" hai1="115,98,133,57,8,93,79,6,56,64,38,42,47" hai2="97,108,11,58,30,109,51,106,124,96,28,77,103" hai3="35,123,66,24,61,130,87,67,84,83,85,89,44"/><V126/><F77/><W81/><G123/><T7/><D68/><U19/><E115/><V59/><F11/><W26/><G130/><T46/><D135/><U129/><E133/><V43/><F43/><W15/><G44/><T95/><D23/><U10/><E129/><V17/><F17/><W13/><G85/><T69/><D69/><U117/><E117/><V99/><F103/><W127/><G127/><N who="2" m="48681" /><F106/><W122/><G122/><T54/><D7/><U71/><E79/><V62/><F51/><W70/><G67/><T9/><D1/><U80/><E80/><V2/><F2/><W128/><G128/><T31/><D40/><U88/><E19/><V48/><F48/><W0/><G0/><T18/><D18/><U125/><E125/><V32/><F32/><W25/><REACH who="3" step="1"/><G35/><REACH who="3" ten="281,89,316,304" step="2"/><T39/><D46/><U20/><E47/><V5/><F59/><W3/><G3/><T14/><D74/><U34/><E57/><V110/><F5/><W55/><G55/><AGARI ba="2,1" hai="28,30,55,58,62,96,97,99,108,109,110" m="48681" machi="55" ten="40,7700,0" yaku="14,1,10,1,18,1" doraHai="4" who="2" fromWho="3" sc="281,0,89,0,316,93,304,-83" />
</Scene>
<Scene>
<INIT seed="2,3,0,4,0,38" ten="281,89,409,221" oya="2" hai0="134,105,31,67,15,44,120,22,24,14,55,124,84" hai1="52,46,59,25,108,116,49,74,94,123,41,101,78" hai2="76,111,95,73,18,34,37,4,9,99,71,5,113" hai3="21,115,66,133,48,100,47,58,92,135,91,112,53"/><V98/><F113/><N who="3" m="43595" /><G100/><T118/><D105/><U50/><E116/><V104/><F71/><W12/><G12/><T93/><D120/><U28/><E108/><V1/><F111/><W72/><G72/><T0/><D0/><U3/><E3/><V10/><F34/><W29/><G29/><T36/><D118/><U114/><E114/><V7/><F18/><W81/><G81/><T70/><D93/><U131/><E123/><V107/><F37/><W75/><G21/><T80/><D36/><U65/><E131/><V54/><F54/><W103/><G103/><T11/><D11/><U87/><E65/><V16/><F16/><W19/><G19/><T97/><D67/><U129/><E129/><V33/><F33/><W127/><G75/><T8/><D8/><U45/><E74/><V62/><F73/><W102/><G102/><T23/><D23/><N who="1" m="15423" /><E101/><V63/><F5/><W121/><G121/><T77/><D22/><U60/><E78/><V110/><F110/><W51/><G127/><T20/><D124/><U43/><E94/><V117/><F117/><W42/><G66/><T130/><D20/><U109/><E109/><V32/><F32/><W122/><G122/><T13/><D31/><U64/><E64/><V125/><F125/><W2/><G2/><T83/><D77/><U40/><E40/><V106/><F1/><W27/><G27/><T68/><D24/><U90/><E90/><V119/><F119/><W6/><G6/><N who="2" m="2089" /><F76/><W26/><G26/><T96/><D15/><U57/><E57/><V89/><F98/><AGARI ba="3,0" hai="42,47,48,51,53,58,91,92,98,133,135" m="43595" machi="98" ten="30,2000,0" yaku="11,1,52,1" doraHai="38" who="3" fromWho="2" sc="281,0,89,0,409,-29,221,29" />
</Scene>
<Scene>
<INIT seed="3,0,0,2,1,61" ten="281,89,380,250" oya="3" hai0="108,49,110,125,98,26,116,38,33,27,67,54,0" hai1="117,73,23,91,9,44,101,66,107,135,111,58,5" hai2="69,42,90,130,75,131,28,124,72,105,129,57,70" hai3="43,104,30,59,24,112,37,39,45,103,65,118,60"/><W132/><G118/><T78/><D116/><U74/><E117/><V53/><F42/><W11/><G132/><T114/><D38/><U127/><E135/><V31/><F90/><W40/><G112/><T68/><D114/><U76/><E76/><V35/><F124/><W51/><G11/><T22/><D0/><U1/><E127/><V4/><F4/><W77/><G77/><T102/><D78/><U81/><E111/><N who="0" m="42537" /><D33/><U94/><E81/><V7/><F7/><W99/><REACH who="3" step="1"/><G43/><REACH who="3" ten="281,89,380,240" step="2"/><T134/><D134/><U17/><E9/><V20/><F130/><W29/><G29/><T79/><D79/><U50/><E74/><V55/><F28/><W120/><G120/><T123/><D123/><U115/><E73/><V133/><F31/><W97/><G97/><T2/><D125/><U15/><E115/><V62/><F72/><W13/><G13/><T19/><D2/><U113/><E1/><V88/><F75/><W82/><G82/><T34/><D27/><U85/><E113/><V93/><F129/><W14/><G14/><T87/><D98/><U84/><E15/><V106/><F131/><W64/><G64/><T12/><D67/><U10/><E66/><V126/><F126/><W36/><G36/><T95/><D12/><U96/><E96/><V18/><F133/><W128/><G128/><T8/><D8/><U86/><E10/><V63/><F20/><AGARI ba="0,1" hai="20,24,30,37,39,40,45,51,59,60,65,99,103,104" machi="20" ten="30,11600,0" yaku="1,1,7,1,52,1,53,1" doraHai="61" doraHaiUra="46" who="3" fromWho="2" sc="281,0,89,0,380,-116,240,126" />
</Scene>
<Scene>
<INIT seed="3,1,0,3,3,1" ten="281,89,264,366" oya="3" hai0="59,21,69,88,105,3,47,0,97,92,113,128,132" hai1="126,37,135,7,36,70,27,18,112,71,125,33,31" hai2="9,75,91,30,127,123,101,11,64,107,85,117,22" hai3="15,79,119,34,98,96,103,40,110,14,38,32,66"/><W83/><G119/><T90/><D69/><N who="1" m="26123" /><E112/><V17/><F117/><W25/><G66/><T131/><D113/><U84/><E135/><V130/><F123/><W41/><G110/><T65/><D132/><U51/><E18/><V124/><F75/><W82/><G25/><T76/><D105/><U24/><E84/><V73/><F73/><W99/><G103/><T13/><D76/><U72/><E72/><V87/><F130/><N who="0" m="49706" /><D90/><U28/><E51/><V54/><F64/><W4/><G98/><T12/><D47/><U8/><E31/><V77/><F30/><W49/><G49/><T104/><D104/><U35/><E35/><V5/><F54/><W29/><G29/><T94/><D94/><U122/><E27/><V39/><F39/><N who="1" m="14921" /><E122/><V60/><F87/><W100/><G38/><T93/><D93/><U80/><E80/><V129/><F85/><W61/><G100/><T68/><D68/><U56/><E56/><V118/><F129/><W106/><G106/><T115/><D115/><U134/><E134/><V20/><F107/><W108/><G79/><T111/><D21/><U67/><E67/><V133/><F22/><W62/><G108/><T81/><D81/><U95/><E95/><V63/><F20/><W44/><G44/><T45/><D45/><U89/><E89/><V26/><F26/><W16/><G82/><T43/><D111/><U86/><E86/><V109/><F109/><W48/><G83/><T53/><D65/><U120/><E120/><V121/><F133/><W2/><G34/><T23/><D23/><U102/><E102/><V78/><F118/><RYUUKYOKU ba="1,0" sc="281,-10,89,30,264,-10,366,-10" hai1="7,8,24,28,33,125,126" />
</Scene>
<Scene>
<INIT seed="4,2,0,1,5,84" ten="271,119,254,356" oya="0" hai0="130,49,66,37,15,11,12,16,13,75,90,100,4" hai1="132,105,20,117,89,110,93,88,40,14,96,32,22" hai2="106,48,59,53,3,77,42,78,64,81,57,44,67" hai3="92,85,82,23,107,21,17,30,74,33,18,41,123"/><T97/><D37/><U10/><E32/><V25/><F106/><W29/><G107/><T54/><D75/><U134/><E110/><V108/><F108/><W94/><G74/><T121/><D121/><U114/><E117/><V83/><F3/><W2/><G2/><T113/><D113/><U87/><E40/><V61/><F25/><W51/><G123/><T9/><D130/><U116/><E116/><V71/><F71/><W28/><G33/><T129/><D129/><U24/><E105/><V127/><F127/><W112/><G112/><T31/><D66/><U46/><E46/><V128/><F128/><W7/><G7/><T43/><D31/><U98/><E114/><V104/><F104/><W47/><G21/><T39/><D39/><U69/><E69/><V131/><F131/><W62/><G62/><T126/><D126/><U120/><E120/><V101/><F101/><W124/><G124/><T99/><D43/><U6/><E98/><V133/><F133/><N who="1" m="51305" /><E24/><V19/><F19/><N who="3" m="7179" /><G23/><T95/><D15/><U118/><E118/><V109/><F109/><W36/><G36/><T86/><D100/><U122/><E122/><V56/><F67/><W34/><G34/><T115/><D115/><U119/><E119/><V58/><REACH who="2" step="1"/><F64/><REACH who="2" ten="271,119,244,356" step="2"/><W80/><G28/><T135/><REACH who="0" step="1"/><D135/><REACH who="0" ten="261,119,244,356" step="2"/><U65/><E65/><V60/><F60/><W0/><G30/><T73/><D73/><U76/><E76/><AGARI ba="2,2" hai="42,44,48,53,56,57,58,59,61,76,77,78,81,83" machi="76" ten="40,2600,0" yaku="1,1,8,1,53,0" doraHai="84" doraHaiUra="68" who="2" fromWho="1" sc="261,0,119,-32,244,52,356,0" />
</Scene>
<Scene>
<INIT seed="5,0,0,3,5,123" ten="261,87,296,356" oya="1" hai0="90,82,28,113,69,130,91,92,43,26,110,94,128" hai1="68,99,127,105,100,106,111,109,79,97,37,19,95" hai2="13,20,108,14,3,64,41,83,63,48,57,96,121" hai3="2,5,53,98,75,40,55,31,87,132,52,125,24"/><U36/><E68/><V135/><F108/><N who="1" m="41545" /><E127/><V93/><F3/><W7/><G75/><T6/><D110/><U12/><E79/><V39/><F39/><N who="1" m="14921" /><E99/><V54/><F135/><W67/><G125/><T0/><D113/><U86/><E86/><V23/><F121/><W85/><G132/><T51/><D130/><U35/><E35/><V133/><F133/><W30/><G40/><T4/><D128/><U89/><E100/><N who="2" m="60431" /><F41/><W131/><G131/><T47/><D69/><U118/><E118/><V58/><F83/><W117/><G117/><T73/><D73/><U70/><E70/><V59/><F59/><W18/><G98/><T38/><D82/><U60/><E60/><V65/><F65/><W126/><G67/><T46/><D91/><U120/><E120/><V1/><F63/><W116/><G126/><T102/><D102/><U17/><E17/><V71/><F64/><W42/><G18/><T11/><D90/><U78/><E78/><V103/><F71/><W10/><G116/><T45/><D38/><U61/><E61/><V74/><F103/><W22/><G87/><T134/><D134/><U25/><E25/><V107/><F74/><W129/><G85/><T8/><D26/><U62/><E62/><V21/><F48/><W66/><G129/><T104/><D51/><U80/><E80/><V119/><F119/><W50/><G66/><T9/><D94/><U122/><E122/><V27/><F27/><W33/><G33/><T112/><D92/><U124/><E124/><V88/><F88/><W76/><G50/><T34/><D34/><U77/><E77/><RYUUKYOKU ba="0,0" sc="261,-10,87,30,296,-10,356,-10" hai1="12,19,89,95,97,105,106" />
</Scene>
<Scene>
<INIT seed="5,1,0,1,0,114" ten="251,117,286,346" oya="1" hai0="107,110,132,94,105,72,22,66,96,24,62,130,45" hai1="122,17,83,32,71,120,121,10,52,98,1,89,111" hai2="80,21,101,34,87,43,13,50,112,103,82,54,38" hai3="67,115,109,48,104,75,27,59,125,44,36,84,60"/><U124/><E32/><V74/><F34/><W92/><G109/><T0/><D110/><U61/><E111/><V53/><F38/><W65/><G75/><T88/><D0/><U135/><E135/><V41/><F74/><W86/><G104/><T51/><D72/><U79/><E124/><V29/><F112/><W133/><G115/><T123/><D130/><U95/><E71/><V58/><F53/><W5/><G36/><T42/><D132/><U134/><E134/><V93/><F80/><W28/><G133/><T106/><D123/><U47/><E17/><N who="2" m="10415" /><F29/><W119/><G125/><T49/><D49/><U40/><E10/><V39/><F93/><W12/><G67/><T99/><D99/><U20/><E20/><V56/><F56/><W97/><G119/><T7/><D7/><U30/><E30/><V35/><F39/><W26/><G5/><T23/><REACH who="0" step="1"/><D24/><REACH who="0" ten="241,117,286,346" step="2"/><U63/><E1/><V91/><F35/><W64/><G27/><T102/><D102/><AGARI ba="1,1" hai="41,43,50,54,58,82,87,91,101,102,103" m="10415" machi="102" ten="30,1000,0" yaku="8,1" doraHai="114" who="2" fromWho="0" sc="241,-13,117,0,286,23,346,0" />
</Scene>
<Scene>
<INIT seed="6,0,0,2,2,128" ten="228,117,309,346" oya="2" hai0="17,44,4,18,19,0,71,40,92,70,46,103,115" hai1="76,86,132,95,37,65,107,133,126,32,90,36,74" hai2="123,12,28,94,83,110,96,5,130,78,53,61,117" hai3="39,122,135,101,50,129,58,106,91,11,113,54,98"/><V118/><F123/><W43/><G122/><T29/><D29/><U105/><E32/><V114/><F130/><W38/><G129/><T127/><D115/><U16/><E65/><V82/><F114/><W79/><G113/><T80/><D127/><U72/><E37/><V48/><F61/><W134/><G79/><T69/><D80/><N who="1" m="45079" /><E36/><V104/><F104/><N who="1" m="40009" /><E16/><V26/><F83/><W3/><G91/><T30/><D30/><U22/><E22/><V27/><F110/><W45/><REACH who="3" step="1"/><G39/><REACH who="3" ten="228,117,309,336" step="2"/><T49/><D70/><U77/><E126/><V56/><F118/><W55/><G55/><T59/><D71/><U8/><E8/><N who="2" m="4111" /><F117/><W21/><G21/><T64/><D69/><U9/><E9/><V131/><F131/><W116/><G116/><T112/><D112/><U7/><E7/><AGARI ba="0,1" hai="3,7,11,38,43,45,50,54,58,98,101,106,134,135" machi="7" ten="40,5200,0" yaku="1,1,52,2,53,0" doraHai="128" doraHaiUra="124" who="3" fromWho="1" sc="228,0,117,-52,309,0,336,62" />
</Scene>
<Scene>
<INIT seed="7,0,0,4,3,79" ten="228,65,309,398" oya="3" hai0="46,9,119,26,30,43,37,53,50,47,105,29,131" hai1="135,125,87,78,27,120,10,89,35,110,121,81,129" hai2="99,34,11,0,108,20,100,76,118,4,117,128,88" hai3="24,48,1,5,41,115,90,91,77,44,36,58,102"/><W127/><G115/><T126/><D119/><U68/><E27/><V85/><F34/><W61/><G127/><T49/><D105/><U40/><E40/><V3/><F108/><W17/><G102/><T14/><D131/><U97/><E10/><V71/><F71/><W15/><G36/><T98/><D126/><U124/><E35/><V75/><F128/><W94/><G77/><T23/><D98/><U51/><E51/><V116/><F76/><W64/><G1/><T86/><D86/><U52/><E52/><V63/><F75/><W111/><G111/><T38/><D30/><U60/><E60/><V65/><F20/><N who="3" m="13327" /><G94/><T82/><D38/><U74/><E68/><V32/><F32/><W66/><G66/><T69/><D37/><U70/><E70/><V80/><F3/><W83/><G83/><T130/><D69/><U72/><E129/><V25/><F25/><W95/><G95/><T6/><D130/><U103/><E110/><V133/><F133/><W39/><G39/><T62/><D62/><U67/><E67/><V45/><F45/><W113/><G113/><T106/><D106/><U55/><E55/><V93/><F63/><W21/><G21/><T2/><D2/><U112/><E135/><V22/><F22/><W123/><G123/><T19/><D29/><U59/><E59/><V134/><REACH who="2" step="1"/><F134/><REACH who="2" ten="228,65,299,398" step="2"/><W92/><G44/><T31/><D31/><U7/><E7/><V132/><F132/><W28/><G61/><T33/><D33/><U84/><E112/><V104/><F104/><W42/><G28/><T16/><D6/><U13/><E125/><RYUUKYOKU ba="0,1" sc="228,15,65,-15,299,15,398,-15" hai0="9,14,16,19,23,26,43,46,47,49,50,53,82" hai2="0,4,11,65,80,85,88,93,99,100,116,117,118" owari="243,-16.0,50,-45.0,314,11.0,393,50.0" />
</Scene>
</mjloggm>