<mjloggm ver="2.3"><GO type="169" lobby="0"/><UN n0="%E3%81%8A%E5%8F%A3%E3%83%81%E3%83%A3%E3%83%83%E3%82%AF%E6%BA%80%E8%B2%AB" n1="%E5%A4%AA%E3%81%8F%E3%81%AA%E3%81%84%E3%81%8A" n2="%E3%82%86%E3%81%8D%E3%81%93%E3%81%AB%E3%82%83%E3%82%93" n3="%48%65%72%6D%61%6E%6E" dan="16,18,16,17" rate="2023.80,2183.64,2017.91,2111.50" sx="F,M,F,M"/><TAIKYOKU oya="0"/>

<Scene>
<INIT seed="0,0,0,2,4,56" ten="250,250,250,250" oya="0" hai0="131,117,105,83,128,64,113,85,109,42,15,51,115" hai1="134,6,121,65,14,95,50,39,23,38,112,111,104" hai2="87,8,36,49,101,99,59,100,70,108,17,63,48" hai3="77,132,84,124,133,29,76,40,114,107,71,3,74"/><T1/><D1/><U80/><E104/><V125/><F36/><W54/><G114/><N who="0" m="43531" /><D15/><U44/><E112/><V35/><F35/><W127/><G3/><T32/><D32/><U52/><E121/><V18/><F108/><W97/><G29/><T9/><D9/><U72/><E111/><V55/><F70/><W60/><G74/><T4/><D4/><U68/><E134/><V46/><F49/><W0/><G0/><T41/><D105/><U92/><E72/><V90/><F125/><W66/><G107/><T73/><D73/><U102/><E80/><N who="2" m="49511" /><F99/><W45/><G97/><T16/><D117/><U129/><E102/><N who="2" m="39531" /><F8/><W2/><G2/><T82/><D51/><U47/><E39/><V34/><F34/><W25/><G124/><T86/><D109/><U116/><E116/><V11/><F11/><W130/><G127/><T43/><D86/><U110/><E110/><V88/><F88/><W12/><G84/><T69/><D85/><U58/><E38/><V91/><F91/><W19/><G132/><T27/><D83/><U81/><E81/><V62/><F62/><W106/><G106/><T33/><D82/><U37/><E37/><V119/><F119/><W10/><G133/><T57/><D69/><U120/><E68/><V89/><F89/><W94/><G71/><T21/><D33/><U135/><E135/><V126/><F126/><W122/><G10/><T22/><D22/><U20/><E20/><V103/><N who="2" m="39539" /><V5/><DORA hai="93" /><F5/><W75/><G75/><T118/><D118/><U31/><E6/><V26/><F26/><W7/><G25/><RYUUKYOKU ba="0,0" sc="250,15,250,-15,250,15,250,-15" hai0="16,21,27,41,42,43,57,64,128,131" hai2="17,18,46,48,55,59,63" />
</Scene>
<Scene>
<INIT seed="0,1,0,5,3,106" ten="265,235,265,235" oya="0" hai0="21,97,60,121,88,2,22,85,32,33,45,87,15" hai1="95,90,17,16,74,120,57,64,101,116,78,31,49" hai2="28,14,86,128,48,103,69,59,75,35,122,34,38" hai3="36,133,10,126,105,79,80,110,65,135,0,11,18"/><T29/><D2/><U114/><E120/><V37/><F69/><W52/><G36/><T5/><D33/><U77/><E116/><V134/><F122/><W3/><G105/><T111/><D32/><U39/><E39/><V42/><F103/><W109/><G126/><T71/><D97/><U62/><E114/><V20/><F86/><W123/><G123/><T50/><D87/><U68/><E101/><V130/><F134/><N who="3" m="51211" /><G65/><T96/><D96/><U27/><E68/><V83/><F59/><W19/><G52/><T94/><D29/><U1/><E1/><N who="3" m="586" /><G80/><T46/><D46/><U24/><E49/><V25/><F38/><W13/><G79/><T40/><D121/><U56/><E56/><V91/><F37/><W119/><G119/><T108/><D60/><U43/><E43/><V104/><F104/><W112/><G112/><T54/><D40/><U66/><E66/><V113/><F113/><W8/><G18/><T76/><D76/><U4/><E77/><N who="2" m="44479" /><F91/><W93/><G93/><T107/><D107/><U82/><E90/><V30/><F42/><W129/><G129/><N who="2" m="49769" /><F48/><W47/><G47/><T118/><D71/><U63/><E95/><V41/><F41/><W132/><N who="3" m="51219" /><W55/><DORA hai="125" /><G55/><T51/><D51/><U44/><E44/><V124/><F124/><W9/><AGARI ba="1,0" hai="8,9,10,11,13,19,109,110" m="586,51219" machi="9" ten="50,6400,0" yaku="20,1,34,2" doraHai="106,125" who="3" fromWho="3" sc="265,-33,235,-17,265,-17,235,67" />
</Scene>
<Scene>
<INIT seed="1,0,0,5,5,98" ten="232,218,248,302" oya="1" hai0="94,24,54,85,97,23,31,111,79,119,72,90,51" hai1="26,40,124,91,130,53,117,8,118,87,134,115,37" hai2="22,63,32,27,62,106,60,55,59,95,61,123,113" hai3="88,4,80,70,77,20,34,56,96,65,99,89,25"/><U28/><E115/><V74/><F106/><W125/><G70/><T83/><D111/><U48/><E134/><V57/><F74/><W110/><G34/><T100/><D119/><U108/><E130/><V64/><F32/><W112/><G112/><T75/><REACH who="0" step="1"/><D79/><REACH who="0" ten="222,218,248,302" step="2"/><U19/><E108/><V17/><F113/><W0/><G77/><T15/><D15/><U73/><E117/><V86/><F123/><W45/><G110/><T38/><D38/><U14/><E118/><V30/><F30/><W11/><G0/><T21/><D21/><U135/><E37/><V42/><F42/><W46/><G20/><T78/><D78/><U12/><E12/><V49/><F64/><W109/><G65/><T3/><D3/><U133/><E40/><V66/><F66/><W13/><G13/><T52/><D52/><U76/><E76/><V16/><F17/><W84/><G109/><T69/><D69/><U128/><E19/><V105/><F16/><W129/><G129/><T127/><D127/><U39/><E124/><V10/><F22/><W132/><G125/><T41/><D41/><U68/><E68/><V82/><F55/><W2/><G2/><T120/><D120/><U101/><E53/><V81/><F27/><W33/><G25/><T71/><D71/><U92/><E128/><V18/><F18/><W126/><G33/><T43/><D43/><U1/><E1/><V114/><F114/><W29/><G126/><T131/><D131/><U116/><E116/><V35/><F35/><W7/><G7/><T103/><D103/><U102/><E26/><V9/><F10/><RYUUKYOKU ba="0,1" sc="222,30,218,-10,248,-10,302,-10" hai0="23,24,31,51,54,72,75,83,85,90,94,97,100" />
</Scene>
<Scene>
<INIT seed="2,1,1,1,2,16" ten="252,208,238,292" oya="2" hai0="58,113,60,33,129,21,106,114,100,135,73,27,131" hai1="50,126,115,122,66,108,67,40,64,86,34,59,55" hai2="74,77,87,89,96,22,11,53,46,103,72,110,44" hai3="98,94,2,127,125,35,124,117,68,93,37,79,134"/><V15/><F110/><W28/><G117/><T18/><D73/><U25/><E115/><V13/><F77/><W97/><G134/><T112/><D135/><U0/><E0/><V130/><F130/><N who="0" m="49674" /><D33/><U119/><E119/><V69/><F69/><W91/><G2/><T9/><D9/><U10/><E108/><V14/><F11/><W71/><G37/><T32/><D32/><U120/><E126/><V31/><F74/><W70/><G79/><T84/><D84/><U54/><E10/><V63/><F72/><W82/><G82/><T45/><D45/><N who="2" m="17514" /><F96/><N who="3" m="36971" /><G91/><T41/><D41/><U78/><E40/><V39/><F103/><W51/><G51/><T8/><D8/><U26/><E34/><V17/><F39/><W133/><G133/><T75/><D75/><U43/><E43/><V76/><F76/><W99/><G99/><N who="0" m="61727" /><D114/><U121/><REACH who="1" step="1"/><E55/><AGARI ba="1,1" hai="18,21,27,55,58,60,112,113" m="61727,49674" machi="55" ten="30,2000,0" yaku="19,1,52,1" doraHai="16" who="0" fromWho="1" sc="252,33,208,-23,238,0,292,0" />
</Scene>
<Scene>
<INIT seed="3,0,0,3,4,16" ten="285,185,238,292" oya="3" hai0="101,65,70,86,45,125,76,103,11,79,20,32,15" hai1="130,4,128,106,81,60,120,113,69,53,92,59,35" hai2="56,43,39,108,31,73,67,30,1,93,109,40,25" hai3="104,99,9,52,87,115,41,116,28,121,112,18,85"/><W126/><G121/><T8/><D32/><U129/><E106/><V71/><F73/><W54/><G116/><T14/><D70/><U27/><E120/><V94/><F1/><W77/><G41/><N who="2" m="15945" /><F71/><W12/><G28/><N who="2" m="10793" /><F25/><W38/><G38/><T83/><D45/><U55/><E35/><V57/><F39/><W91/><G126/><T82/><D65/><U107/><E107/><V29/><N who="2" m="10801" /><V84/><DORA hai="63" /><F67/><W118/><G118/><T64/><D64/><N who="1" m="41095" /><E113/><V114/><F84/><W2/><G2/><T58/><D86/><U89/><E27/><V51/><F114/><W62/><G87/><T0/><D0/><U46/><E81/><V47/><F109/><W90/><G104/><T13/><D13/><U22/><E4/><V49/><F108/><W48/><G85/><T66/><D66/><U97/><E46/><V37/><F37/><W78/><G12/><T68/><D68/><U95/><E95/><N who="2" m="36363" /><F47/><W19/><G112/><T23/><REACH who="0" step="1"/><D58/><AGARI ba="0,0" hai="49,51,56,57,58" m="36363,10801,15945" machi="58" ten="40,5200,0" yaku="28,2,8,1" doraHai="16,63" who="2" fromWho="0" sc="285,-52,185,0,238,52,292,0" />
</Scene>
<Scene>
<INIT seed="4,0,0,1,0,123" ten="233,185,290,292" oya="0" hai0="8,111,68,28,120,73,34,80,78,122,103,126,106" hai1="30,19,109,99,134,43,39,20,16,42,107,55,81" hai2="71,13,127,105,129,95,100,96,114,32,49,44,38" hai3="54,4,5,116,133,22,128,104,11,57,108,10,6"/><T76/><D76/><U86/><E134/><V27/><F71/><W83/><G116/><T93/><D93/><U77/><E39/><V87/><F114/><W23/><G104/><T1/><D126/><U124/><E124/><V46/><F127/><W63/><G133/><T132/><D132/><U102/><E30/><V115/><F115/><W56/><G128/><T89/><D89/><U45/><E109/><V67/><F67/><N who="3" m="39399" /><G83/><T35/><D68/><U70/><E70/><V7/><F38/><W33/><G33/><N who="0" m="12299" /><D28/><U0/><E0/><V36/><F105/><W40/><G40/><T12/><D12/><U60/><E19/><V3/><F32/><W118/><G108/><T74/><D74/><U52/><E55/><V85/><F3/><W9/><G118/><T17/><D17/><U66/><E66/><V72/><F72/><W79/><G79/><T61/><D61/><AGARI ba="0,0" hai="4,5,6,9,10,11,22,23,54,57,61" m="39399" machi="61" ten="30,1000,0" yaku="8,1" doraHai="123" who="3" fromWho="0" sc="233,-10,185,0,290,0,292,10" />
</Scene>
<Scene>
<INIT seed="5,0,0,2,4,134" ten="223,185,290,302" oya="1" hai0="3,19,73,124,53,111,46,131,33,30,63,2,70" hai1="67,109,55,7,43,41,35,38,32,56,97,80,83" hai2="9,51,59,113,64,88,36,125,47,98,132,105,106" hai3="10,77,34,48,92,8,79,6,108,11,126,130,89"/><U78/><E109/><V31/><F36/><W101/><G108/><T65/><D111/><U84/><E67/><V58/><F132/><W129/><G34/><T96/><D19/><U90/><E7/><V15/><F31/><W52/><G101/><T102/><D73/><U60/><E97/><V0/><F0/><W76/><G126/><T57/><D46/><U27/><E38/><V82/><F125/><W74/><G74/><T122/><D131/><N who="3" m="50185" /><G6/><T12/><D12/><U50/><E60/><V128/><F128/><W20/><G20/><T22/><D22/><U117/><E117/><V114/><F106/><W87/><G77/><T69/><D69/><U104/><E104/><V95/><F105/><W133/><G133/><T49/><D122/><U54/><E54/><N who="2" m="30079" /><F64/><W44/><AGARI ba="0,0" hai="8,10,11,44,48,52,76,79,87,89,92" m="50185" machi="44" ten="30,2000,0" yaku="19,1,54,1" doraHai="134" who="3" fromWho="3" sc="223,-5,185,-10,290,-5,302,20" />
</Scene>
<Scene>
<INIT seed="6,0,0,4,5,35" ten="218,175,285,322" oya="2" hai0="83,18,58,49,44,122,25,3,103,130,96,124,126" hai1="20,43,29,24,113,84,82,67,132,62,72,108,121" hai2="13,37,57,119,97,78,105,47,133,4,74,39,69" hai3="33,40,53,89,106,131,125,27,23,0,68,127,91"/><V48/><F69/><W95/><G106/><T99/><D58/><U10/><E108/><V117/><F133/><W34/><G68/><T75/><D122/><U51/><E132/><V6/><F105/><W76/><G0/><T17/><D99/><U80/><E121/><V88/><F78/><W101/><G40/><T102/><D103/><U112/><E72/><V73/><F74/><W77/><G53/><T70/><D70/><U31/><E31/><V19/><F73/><W56/><G56/><T7/><D83/><U93/><E93/><V2/><F119/><W45/><G45/><T100/><D100/><U15/><E62/><V120/><F57/><W114/><G114/><T52/><D75/><U11/><E67/><V14/><F117/><W128/><G23/><T59/><D59/><U135/><E135/><V1/><F1/><W90/><G27/><T85/><D85/><U8/><E15/><V61/><F61/><W30/><G30/><T26/><D26/><U38/><E38/><V36/><F14/><W81/><G81/><T94/><D25/><U9/><N who="1" m="2048" /><DORA hai="109" /><U65/><E65/><V55/><F2/><W21/><G95/><T32/><D3/><U86/><E82/><V60/><F60/><W66/><G66/><T50/><D94/><U63/><E63/><V107/><F107/><W110/><G110/><T92/><D92/><U129/><E129/><V118/><F118/><W123/><G131/><T79/><D130/><U54/><E43/><V87/><F120/><W116/><G123/><T12/><D12/><U115/><E80/><N who="2" m="49255" /><F97/><W111/><G111/><RYUUKYOKU ba="0,0" sc="218,-15,175,15,285,15,322,-15" hai1="20,24,29,51,54,84,86,112,113,115" hai2="4,6,13,19,36,37,39,47,48,55" />
</Scene>
<Scene>
<INIT seed="6,1,0,0,1,58" ten="203,190,300,307" oya="2" hai0="19,87,97,119,7,124,37,14,129,82,75,17,26" hai1="125,113,77,49,130,25,81,28,112,11,79,70,121" hai2="38,115,27,33,8,123,134,131,89,16,93,60,54" hai3="10,106,94,6,44,88,62,111,135,34,107,21,101"/><V91/><F123/><W83/><G111/><T51/><D37/><U85/><E70/><V71/><F38/><W80/><G34/><T50/><D75/><U120/><E11/><V100/><F134/><W114/><G135/><T53/><D124/><U102/><E125/><V86/><F131/><W99/><G107/><T22/><D119/><U67/><E130/><V18/><F115/><N who="1" m="44105" /><E102/><V74/><F74/><W96/><G114/><T66/><D7/><U12/><E12/><V23/><F33/><W118/><G118/><T35/><D35/><N who="1" m="20879" /><E67/><V31/><F8/><W57/><G21/><T104/><D66/><U52/><E79/><V122/><F122/><W76/><G76/><T55/><D129/><U98/><E98/><N who="2" m="57647" /><F100/><W32/><G32/><T39/><D97/><U63/><E63/><V40/><F71/><W108/><G108/><T69/><D69/><U68/><E68/><V48/><F60/><W95/><G106/><T103/><D103/><U84/><E85/><V42/><F31/><W47/><G10/><N who="0" m="6359" /><D104/><U92/><E92/><N who="2" m="54391" /><F18/><W1/><G1/><T13/><D87/><U4/><E4/><V24/><F24/><W9/><G6/><T29/><D26/><U56/><AGARI ba="1,0" hai="49,52,56,77,81,84,120,121" m="20879,44105" machi="56" ten="30,2000,0" yaku="15,1,54,1" doraHai="58" who="1" fromWho="1" sc="203,-6,190,23,300,-11,307,-6" />
</Scene>
<Scene>
<INIT seed="7,0,0,4,4,128" ten="197,213,289,301" oya="3" hai0="117,93,115,23,52,68,27,89,33,28,19,38,8" hai1="71,61,107,84,57,87,129,114,42,105,109,14,35" hai2="122,113,46,13,120,11,54,67,2,44,1,3,127" hai3="29,80,4,24,70,73,39,22,96,94,48,56,92"/><W60/><G39/><T43/><D68/><U112/><E109/><V78/><F113/><N who="1" m="43625" /><E129/><V40/><F127/><W64/><G4/><T82/><D115/><U111/><E111/><V97/><F78/><W53/><REACH who="3" step="1"/><G96/><REACH who="3" ten="197,213,289,291" step="2"/><T0/><D117/><U121/><E121/><V77/><F122/><W32/><G32/><T12/><D38/><U6/><E35/><V79/><F120/><W135/><G135/><T41/><D82/><U125/><E6/><V17/><F97/><W25/><G25/><T69/><D69/><U86/><E71/><V76/><F67/><W63/><G63/><T118/><D118/><U55/><E125/><V20/><F40/><W21/><G21/><T91/><D52/><U31/><E42/><N who="0" m="15881" /><D93/><U45/><E55/><V85/><F54/><W62/><G62/><T18/><D18/><U95/><E95/><V81/><REACH who="2" step="1"/><F20/><REACH who="2" ten="197,213,279,291" step="2"/><W15/><G15/><T26/><D26/><U51/><E14/><V83/><F83/><W49/><G49/><T34/><D34/><U133/><E51/><V103/><F103/><W134/><G134/><T126/><D126/><U37/><E133/><V9/><F9/><W50/><G50/><T74/><D74/><U110/><E37/><V124/><F124/><W47/><G47/><T100/><D100/><U36/><E36/><V106/><F106/><W58/><G58/><T132/><D132/><U108/><E45/><V10/><F10/><W130/><G130/><T90/><D33/><U131/><E131/><V66/><F66/><W7/><G7/><N who="0" m="1127" /><D23/><U5/><E5/><V65/><F65/><W59/><G59/><RYUUKYOKU ba="0,2" sc="197,-15,213,-15,279,15,291,15" hai2="1,2,3,11,13,17,44,46,76,77,79,81,85" hai3="22,24,29,48,53,56,60,64,70,73,80,92,94" owari="182,-32.0,198,-20.0,294,9.0,326,43.0" />
</Scene>
</mjloggm>