<mjloggm ver="2.3"><GO type="41"/><UN n0="%E9%9D%92%74%65%6E" n1="%E5%A4%AA%E3%81%8F%E3%81%AA%E3%81%84%E3%81%8A" n2="%E3%82%80%E3%81%97%E3%82%8A%E3%82%AB%E3%83%B3%E3%82%AB%E3%82%A4" n3="%28%3B%E3%82%9C%D0%B4%E3%82%9C%29" dan="14,15,13,14" rate="1911,2039,1844,1927" sx="M,M,M,M"/><TAIKYOKU oya="0"/>

<Scene>
<INIT seed="0,0,0,1,4,100" ten="250,250,250,250" oya="0" hai0="22,114,103,126,8,70,121,2,15,71,89,72,9" hai1="135,81,57,37,49,55,42,33,52,7,128,56,53" hai2="97,24,77,31,83,3,94,60,110,92,26,112,76" hai3="123,116,93,14,19,108,50,44,40,59,68,122,66"/><T106/><D121/><U48/><E33/><V129/><F112/><W4/><G116/><T0/><D114/><U28/><E28/><V5/><F110/><W87/><G4/><T124/><D72/><U130/><E81/><V73/><F77/><W38/><G108/><T32/><D32/><U102/><E7/><V96/><F129/><N who="1" m="49769" /><E102/><V80/><F83/><W11/><G87/><T98/><D22/><U54/><E135/><V95/><F26/><W113/><G113/><T125/><D89/><U16/><E16/><V63/><F5/><W45/><G93/><T134/><D134/><U67/><E67/><V34/><REACH who="2" step="1"/><F3/><REACH who="2" ten="250,250,240,250" step="2"/><N who="0" m="1066" /><D8/><U78/><E78/><V69/><F69/><W61/><REACH who="3" step="1"/><G44/><AGARI ba="0,1" hai="37,42,44,48,49,52,53,54,55,56,57" m="49769" machi="44" ten="30,7700,0" yaku="19,1,34,2,54,1" doraHai="100" who="1" fromWho="3" sc="250,0,250,87,240,0,250,-77" />
</Scene>
<Scene>
<INIT seed="1,0,0,0,5,122" ten="250,337,240,173" oya="1" hai0="68,109,48,102,106,71,93,74,5,134,44,15,47" hai1="63,69,34,70,8,83,119,78,107,84,121,110,77" hai2="91,33,100,18,112,90,72,1,115,111,17,86,31" hai3="101,39,19,81,25,130,87,45,65,12,16,133,38"/><U79/><E121/><V20/><F72/><W76/><G130/><T14/><D106/><U61/><E119/><V118/><F1/><W3/><G3/><T105/><D105/><U9/><E107/><V96/><F118/><W94/><G133/><T51/><D5/><U30/><E34/><V4/><F4/><W125/><G125/><T10/><D10/><U132/><E30/><V114/><F33/><W89/><G101/><T108/><D102/><U127/><E127/><V98/><F31/><W117/><G117/><T0/><D0/><U13/><E132/><V7/><F7/><W135/><G135/><T42/><D134/><U28/><E28/><V55/><F55/><W53/><G65/><T49/><D74/><U29/><E29/><V43/><F43/><W88/><G39/><T129/><D93/><U59/><E9/><V2/><F2/><W97/><G38/><T50/><D129/><U24/><E24/><V27/><F18/><W67/><G67/><T32/><D32/><U22/><E22/><V21/><F21/><N who="3" m="13479" /><G45/><N who="0" m="17483" /><D42/><U46/><E46/><V80/><F90/><N who="3" m="55511" /><G53/><T37/><N who="0" m="12800" /><DORA hai="54" /><T128/><D37/><U41/><E41/><V82/><F80/><W120/><G120/><T26/><D26/><U57/><E83/><V124/><F124/><W99/><G99/><N who="2" m="37929" /><F100/><W35/><G35/><T95/><D128/><U126/><E126/><V66/><F66/><W23/><AGARI ba="0,0" hai="12,19,23,76,81,87,88,89" m="55511,13479" machi="23" ten="30,4000,0" yaku="8,1,54,2" doraHai="122,54" who="3" fromWho="3" sc="250,-10,337,-20,240,-10,173,40" />
</Scene>
<Scene>
<INIT seed="2,0,0,5,1,70" ten="240,317,230,213" oya="2" hai0="51,93,112,48,113,30,68,39,87,26,102,37,40" hai1="50,128,92,100,16,64,57,29,47,52,73,13,79" hai2="55,6,3,133,54,21,120,22,20,9,10,61,60" hai3="127,130,108,58,23,36,103,72,129,8,89,118,38"/><V78/><F120/><W25/><G118/><T85/><D68/><U84/><E128/><N who="3" m="49258" /><G72/><T12/><D12/><U71/><E71/><V11/><F133/><W105/><G127/><T94/><D40/><U98/><E73/><V107/><F78/><W24/><G108/><T116/><D102/><U86/><E29/><V90/><F90/><W104/><G8/><T125/><D30/><U82/><E64/><V110/><F110/><W106/><G103/><T134/><D134/><U45/><E86/><V81/><F81/><W17/><G25/><T35/><D26/><U95/><E95/><V46/><F46/><W63/><G89/><T67/><D67/><AGARI ba="0,0" hai="17,23,24,36,38,58,63,67,104,105,106" m="49258" machi="67" ten="40,5200,0" yaku="19,1,52,2" doraHai="70" who="3" fromWho="0" sc="240,-52,317,0,230,0,213,52" />
</Scene>
<Scene>
<INIT seed="3,0,0,4,2,89" ten="188,317,230,265" oya="3" hai0="79,59,116,73,30,82,122,46,88,115,16,19,125" hai1="50,7,60,1,90,39,27,108,67,121,109,72,36" hai2="8,48,93,65,129,3,131,80,106,29,32,25,103" hai3="62,110,83,9,44,35,99,127,134,98,51,95,21"/><W126/><G35/><T5/><D122/><U105/><E121/><V120/><F106/><W123/><G123/><T49/><D116/><U13/><E72/><V24/><F120/><W81/><G134/><T130/><D115/><U41/><E1/><V4/><F80/><W55/><G99/><T132/><D132/><U63/><E105/><V40/><F65/><W26/><G9/><T74/><D74/><U37/><E27/><V78/><F78/><W6/><G6/><T45/><D45/><N who="1" m="25903" /><E90/><V128/><F25/><W96/><G96/><T114/><D114/><U85/><E85/><V113/><F113/><W77/><G62/><N who="1" m="23594" /><E13/><V64/><F64/><W117/><G117/><T86/><D30/><U23/><E23/><V2/><F2/><W17/><G110/><N who="1" m="42602" /><E7/><V31/><F31/><W20/><G20/><T28/><D79/><U87/><E87/><V71/><F71/><W104/><G104/><T102/><D102/><U75/><E75/><V101/><F93/><W12/><G26/><T70/><D70/><U54/><E67/><V100/><F48/><W61/><G61/><T58/><D73/><U56/><E56/><V111/><F111/><W118/><G118/><T107/><D107/><U119/><E119/><V33/><F33/><W42/><G42/><AGARI ba="0,0" hai="3,4,8,24,29,32,40,42,100,101,103,128,129,131" machi="42" ten="50,1600,0" yaku="19,1" doraHai="89" who="2" fromWho="3" sc="188,0,317,0,230,16,265,-16" />
</Scene>
<Scene>
<INIT seed="4,0,0,3,5,74" ten="188,317,246,249" oya="0" hai0="45,85,100,73,80,61,119,23,51,53,127,78,50" hai1="96,69,38,82,94,52,75,37,107,124,36,21,43" hai2="121,105,30,3,16,26,83,59,60,125,6,28,39" hai3="71,15,70,32,122,79,118,98,11,77,117,132,87"/><T58/><D119/><U89/><E69/><V17/><F121/><W111/><G32/><T54/><D127/><U106/><E124/><V86/><F125/><W110/><G98/><T131/><D131/><U22/><E43/><V102/><F39/><W13/><G11/><T57/><D100/><U108/><E108/><V25/><F102/><W0/><G87/><T56/><D73/><U72/><E72/><V68/><F105/><W116/><G116/><T129/><D129/><U133/><E133/><V101/><F101/><W91/><G91/><T103/><D103/><U67/><E67/><V62/><F68/><W84/><G84/><T88/><D50/><U8/><E8/><V4/><F59/><N who="0" m="22602" /><D23/><U5/><E22/><V104/><F86/><W95/><G95/><T48/><D48/><U99/><E21/><V90/><F104/><W55/><G55/><T97/><D97/><U93/><E52/><V2/><F90/><AGARI ba="0,0" hai="45,51,53,54,58,61,78,80,85,88,90" m="22602" machi="90" ten="30,5800,0" yaku="8,1,52,1,54,1" doraHai="74" who="0" fromWho="2" sc="188,58,317,0,246,-58,249,0" />
</Scene>
<Scene>
<INIT seed="4,1,0,1,2,107" ten="246,317,188,249" oya="0" hai0="80,102,20,56,79,119,120,5,100,36,45,123,16" hai1="132,8,125,39,96,11,14,46,114,89,2,83,104" hai2="69,19,128,116,82,61,108,85,68,35,113,1,97" hai3="95,76,73,90,30,57,70,29,135,66,112,26,3"/><T42/><D119/><U78/><E132/><V17/><F108/><W28/><G3/><T129/><D129/><U124/><E114/><V24/><F128/><W12/><G70/><T31/><D31/><U81/><E2/><V88/><F113/><W91/><G135/><T101/><D5/><U110/><E110/><V71/><F116/><W64/><G112/><T106/><D106/><U60/><E60/><V55/><F1/><W48/><G12/><T77/><D56/><U4/><E8/><V49/><F61/><W0/><G0/><T133/><D133/><U103/><E89/><V109/><F109/><W59/><G26/><T18/><D79/><U9/><E9/><V94/><F24/><W130/><G130/><T40/><D42/><N who="1" m="22879" /><E78/><V117/><F35/><W65/><G48/><T87/><REACH who="0" step="1"/><D20/><REACH who="0" ten="236,317,188,249" step="2"/><U74/><E104/><V43/><F117/><W53/><G76/><T63/><D63/><U22/><E22/><V50/><F49/><W105/><G105/><T15/><D15/><U21/><E21/><V6/><F6/><W10/><G30/><T121/><AGARI ba="1,1" hai="16,18,36,40,45,77,80,87,100,101,102,120,121,123" machi="121" ten="40,12000,1" yaku="1,1,0,1,54,1,53,1" doraHai="107" doraHaiUra="72" who="0" fromWho="0" sc="236,133,317,-41,188,-41,249,-41" />
</Scene>
<Scene>
<INIT seed="4,2,0,1,3,86" ten="369,276,147,208" oya="0" hai0="52,46,15,31,1,14,69,20,93,134,123,87,12" hai1="126,19,55,82,104,84,85,2,61,9,78,98,11" hai2="60,135,6,18,39,105,62,127,32,101,132,112,38" hai3="99,4,58,106,96,113,21,0,17,94,76,8,89"/><T36/><D123/><U72/><E126/><V110/><F127/><W116/><G116/><T66/><D1/><U97/><E2/><V119/><F110/><W88/><G113/><T23/><D134/><U71/><E71/><V53/><F112/><W24/><G106/><T108/><D108/><U59/><E104/><V48/><F6/><W5/><G76/><T125/><D125/><U29/><E29/><V10/><F32/><W74/><G74/><T25/><D36/><U13/><E72/><V67/><F119/><W118/><G118/><T109/><D109/><U63/><E11/><V64/><F101/><W30/><G0/><T122/><D122/><U83/><REACH who="1" step="1"/><E63/><REACH who="1" ten="369,266,147,208" step="2"/><V115/><F10/><W68/><G68/><T117/><D117/><U80/><E80/><V107/><F115/><W40/><G8/><T41/><D31/><U45/><E45/><V75/><F75/><W51/><G30/><T102/><D46/><U129/><E129/><V22/><F60/><W121/><G121/><T27/><D69/><U50/><E50/><V3/><F62/><W130/><G130/><T28/><D28/><U35/><E35/><V43/><F3/><W37/><G37/><T33/><D33/><U103/><E103/><V133/><F48/><W49/><G49/><T57/><D102/><U124/><E124/><V26/><F39/><W54/><G40/><T42/><D42/><U131/><E131/><V77/><F43/><W44/><G44/><T111/><D41/><U120/><E120/><V92/><F38/><W47/><G47/><T73/><D111/><U91/><AGARI ba="2,1" hai="9,13,19,55,59,61,78,82,83,84,85,91,97,98" machi="91" ten="20,12000,2" yaku="1,1,5,1,0,1,7,1,8,1,52,1,53,0" doraHai="86" doraHaiUra="65" who="1" fromWho="1" sc="369,-62,266,136,147,-32,208,-32" />
</Scene>
<Scene>
<INIT seed="5,0,0,5,2,44" ten="307,402,115,176" oya="1" hai0="126,34,81,102,93,45,68,88,74,131,94,99,63" hai1="73,72,124,128,55,111,53,61,4,96,17,92,108" hai2="122,54,36,80,39,106,25,26,31,113,91,90,10" hai3="66,18,20,118,51,13,5,3,19,103,42,83,35"/><U2/><E124/><V49/><F122/><W33/><G118/><T12/><D34/><U52/><E128/><V64/><F26/><W14/><G103/><T60/><D68/><U134/><E134/><V22/><F106/><W121/><G121/><T48/><D126/><U104/><E104/><V110/><F110/><N who="1" m="42025" /><E61/><V57/><F90/><W43/><G66/><T47/><D131/><U130/><E130/><V87/><F113/><W107/><G107/><T1/><D1/><U85/><E85/><V50/><F64/><W27/><G83/><T46/><D81/><U59/><E59/><V78/><F10/><W101/><G101/><T115/><D115/><U0/><E17/><V135/><F135/><W116/><G116/><T123/><D74/><N who="1" m="28779" /><E4/><V23/><F23/><W79/><G5/><T86/><D63/><U56/><E56/><V41/><REACH who="2" step="1"/><F78/><REACH who="2" ten="307,402,105,176" step="2"/><W7/><G27/><T82/><D123/><U127/><E127/><V132/><F132/><W76/><G20/><T69/><D69/><U15/><E15/><V58/><F58/><W67/><G67/><T125/><D12/><U70/><E70/><V29/><F29/><W114/><G114/><T9/><D125/><U100/><AGARI ba="0,1" hai="0,2,52,53,55,92,96,100" m="28779,42025" machi="100" ten="40,3900,0" yaku="10,1,54,1" doraHai="44" who="1" fromWho="1" sc="307,-13,402,49,105,-13,176,-13" />
</Scene>
<Scene>
<INIT seed="5,1,0,5,3,99" ten="294,451,92,163" oya="1" hai0="107,121,34,38,17,120,96,130,81,78,20,53,104" hai1="40,117,36,49,44,118,62,91,55,13,35,131,114" hai2="41,68,4,23,126,82,2,51,3,43,66,110,16" hai3="46,97,74,19,7,64,10,18,67,28,30,48,21"/><U24/><E114/><V85/><F110/><W79/><G74/><T89/><D34/><U26/><E131/><V0/><F126/><W100/><G79/><T11/><D38/><U6/><E91/><V15/><F4/><W32/><G32/><T39/><D39/><U57/><E6/><V88/><REACH who="2" step="1"/><F51/><REACH who="2" ten="294,451,82,163" step="2"/><W90/><G7/><T87/><D130/><U86/><E49/><V102/><F102/><W31/><G100/><T80/><D121/><U5/><E36/><V98/><F98/><W50/><G97/><T75/><D96/><U94/><E5/><V54/><F54/><W115/><G50/><T103/><D103/><U109/><E55/><V42/><F42/><W116/><G48/><T25/><D53/><U122/><E40/><V69/><F69/><W71/><G71/><T1/><D120/><U106/><E109/><V125/><F125/><W124/><G124/><T129/><D129/><U128/><E122/><V73/><F73/><W112/><G112/><T135/><D1/><U47/><E128/><V133/><F133/><W60/><G115/><T76/><D135/><U29/><E117/><V132/><F132/><W119/><G116/><T72/><D107/><U134/><E106/><V61/><AGARI ba="1,1" hai="0,2,3,15,16,23,41,43,61,66,68,82,85,88" machi="61" ten="40,8000,1" yaku="1,1,0,1,54,2,53,1" doraHai="99" doraHaiUra="77" who="2" fromWho="2" sc="294,-21,451,-41,82,93,163,-21" />
</Scene>
<Scene>
<INIT seed="6,0,0,1,1,66" ten="273,410,175,142" oya="2" hai0="128,9,21,58,80,83,68,69,94,46,81,16,25" hai1="89,20,84,103,75,121,49,34,50,91,7,47,41" hai2="24,95,113,3,67,28,42,77,115,135,117,36,118" hai3="88,43,64,19,2,108,76,31,132,109,55,12,124"/><V23/><F3/><W122/><G2/><T35/><D128/><U15/><E34/><V40/><F36/><W59/><G122/><T53/><D46/><U78/><E121/><V99/><F77/><W114/><G109/><T33/><D9/><N who="1" m="4543" /><E75/><V130/><F135/><W111/><G108/><T29/><D94/><U127/><E127/><V56/><F130/><W110/><G111/><T100/><D100/><U30/><E103/><V0/><F0/><W96/><G110/><T22/><D22/><U60/><E60/><V98/><F99/><W82/><G31/><T71/><REACH who="0" step="1"/><D29/><REACH who="0" ten="263,410,175,142" step="2"/><U112/><E20/><V104/><F104/><W61/><G124/><T38/><D38/><U93/><E93/><V10/><F10/><W37/><G132/><T14/><D14/><U39/><E47/><V65/><F117/><W123/><G37/><T18/><D18/><U106/><E30/><V87/><F118/><W107/><G19/><T4/><D4/><U74/><E106/><V92/><F95/><W73/><G12/><T126/><D126/><U51/><E39/><V70/><F92/><W52/><G107/><T131/><D131/><U72/><E41/><V119/><F119/><W125/><G43/><T44/><D44/><U102/><E102/><V6/><F42/><W8/><G125/><T133/><D133/><U134/><E134/><V32/><F40/><W105/><G8/><T5/><D5/><U116/><E116/><V85/><F6/><W17/><G105/><T13/><D13/><U79/><E112/><V54/><F113/><W63/><G114/><T86/><D86/><RYUUKYOKU ba="0,1" sc="263,30,410,-10,175,-10,142,-10" hai0="16,21,25,33,35,53,58,68,69,71,80,81,83" />
</Scene>
<Scene>
<INIT seed="7,1,1,4,0,129" ten="293,400,165,132" oya="3" hai0="26,86,133,78,54,64,5,41,30,124,61,68,56" hai1="109,107,105,46,92,45,112,39,115,126,48,21,0" hai2="81,122,85,51,94,47,117,93,22,55,95,108,59" hai3="53,111,120,8,28,98,70,20,15,3,103,24,71"/><W90/><G120/><T36/><D5/><U74/><E109/><V50/><F108/><W73/><G73/><T38/><D124/><U91/><E0/><V101/><F117/><W128/><G111/><T2/><D2/><U10/><E74/><V17/><F122/><W9/><G3/><T34/><D133/><U96/><E126/><V27/><F101/><W49/><G128/><T82/><D41/><N who="1" m="22719" /><E21/><V57/><F51/><AGARI ba="1,1" hai="26,30,34,36,38,51,54,56,61,64,68,78,82,86" machi="51" ten="30,1000,0" yaku="7,1" doraHai="129" who="0" fromWho="2" sc="293,23,400,0,165,-13,132,0" owari="316,12.0,400,50.0,152,-25.0,132,-37.0" />
</Scene>
</mjloggm>