<mjloggm ver="2.3"><GO type="97"/><UN n0="%48%49%50%E3%81%AE%59%4F%55" n1="%E5%A4%AA%E3%81%8F%E3%81%AA%E3%81%84%E3%81%8A" n2="%E5%AD%A3%E9%81%95%E3%81%84%E4%BF%B3%E4%BA%BA" n3="%74%75%62%61%6B%69%E5%A7%AB" dan="15,15,13,13" rate="1947,2051,2012,1834" sx="M,M,M,F"/><TAIKYOKU oya="0"/>

<Scene>
<INIT seed="0,0,0,3,4,116" ten="250,250,250,250" oya="0" hai0="17,76,9,109,124,14,122,25,3,78,46,21,4" hai1="48,92,13,70,39,96,113,90,91,23,118,30,77" hai2="108,0,52,7,110,125,29,74,99,34,95,87,45" hai3="111,44,120,11,115,88,128,43,8,20,38,98,105"/><T58/><D124/><U62/><E39/><V127/><F74/><W10/><G115/><T121/><D109/><N who="2" m="42090" /><F87/><W117/><G111/><T53/><D46/><U69/><E118/><V82/><F82/><W81/><G117/><T103/><D103/><U123/><E113/><V28/><F7/><W50/><G128/><T67/><D67/><U75/><E123/><V107/><F107/><W60/><G105/><T27/><D27/><U22/><E77/><V24/><F28/><W93/><G120/><T41/><D41/><U100/><E75/><V40/><F0/><W2/><G81/><T131/><D131/><U1/><E1/><V35/><F35/><W65/><G20/><T61/><D78/><U64/><E70/><V71/><F71/><W97/><G2/><T12/><D76/><U132/><E30/><V119/><F119/><W94/><G38/><T86/><D86/><U80/><E80/><V36/><F52/><W47/><G47/><T73/><D73/><U79/><E79/><V33/><F33/><W72/><G72/><T102/><D102/><AGARI ba="0,0" hai="24,29,34,36,40,45,95,99,102,125,127" m="42090" machi="102" ten="30,1000,0" yaku="14,1" doraHai="116" who="2" fromWho="0" sc="250,-10,250,0,250,10,250,0" />
</Scene>
<Scene>
<INIT seed="1,0,0,0,5,71" ten="240,250,260,250" oya="1" hai0="62,25,92,123,130,118,120,114,17,68,34,66,28" hai1="29,41,50,48,116,40,5,36,59,95,99,64,24" hai2="126,63,70,49,113,33,23,89,133,46,54,93,112" hai3="67,19,85,129,42,125,8,90,13,3,77,44,26"/><U52/><E116/><V109/><F33/><W55/><G129/><T1/><D1/><U101/><E5/><V10/><F109/><W82/><G125/><T135/><D135/><U51/><E64/><N who="2" m="41247" /><F10/><W72/><G67/><T53/><D114/><N who="2" m="44138" /><F126/><W122/><G122/><T121/><D130/><U98/><E98/><N who="2" m="57647" /><F23/><W11/><G3/><T131/><D131/><U73/><E73/><V56/><F133/><W107/><G107/><T76/><D76/><U37/><E41/><V124/><F124/><W106/><G106/><T91/><D118/><U80/><E80/><V65/><F65/><W35/><G55/><T86/><D53/><U32/><REACH who="1" step="1"/><E40/><REACH who="1" ten="240,240,260,250" step="2"/><V9/><F9/><W69/><G8/><T58/><REACH who="0" step="1"/><D17/><REACH who="0" ten="230,240,260,250" step="2"/><U47/><E47/><AGARI ba="0,2" hai="46,47,49,54,56" m="57647,44138,41247" machi="47" ten="30,1000,0" yaku="11,1" doraHai="71" who="2" fromWho="1" sc="230,0,240,-10,260,30,250,0" />
</Scene>
<Scene>
<INIT seed="2,0,0,2,4,101" ten="230,230,290,250" oya="2" hai0="131,58,7,30,43,21,93,81,38,97,79,87,46" hai1="128,77,12,65,114,72,121,19,60,20,32,55,56" hai2="29,27,76,3,82,126,120,59,17,119,73,50,129" hai3="48,107,100,54,33,28,66,118,95,105,37,62,98"/><V111/><F120/><W104/><G37/><T133/><D131/><U69/><E128/><V103/><F119/><W86/><G118/><T57/><D133/><U132/><E132/><V125/><F129/><W80/><G28/><T75/><D7/><U67/><E114/><V70/><F3/><W47/><G33/><T113/><D113/><U109/><E121/><V91/><F70/><W45/><G45/><T64/><D64/><U61/><E109/><V102/><F111/><W6/><G6/><T15/><D75/><U22/><E32/><N who="2" m="20543" /><F17/><W108/><G108/><T13/><D13/><U68/><E77/><V92/><F50/><W130/><G130/><T18/><REACH who="0" step="1"/><D30/><REACH who="0" ten="220,230,290,250" step="2"/><U71/><E72/><V34/><F73/><W112/><G112/><T44/><D44/><U25/><E67/><V134/><F134/><W85/><REACH who="3" step="1"/><G80/><REACH who="3" ten="220,230,290,240" step="2"/><T53/><D53/><U39/><E39/><V83/><F82/><W124/><G124/><T8/><D8/><U49/><E55/><V0/><F83/><W10/><G10/><T90/><AGARI ba="0,2" hai="15,18,21,38,43,46,57,58,79,81,87,90,93,97" machi="90" ten="20,2700,0" yaku="1,1,0,1,7,1,53,0" doraHai="101" doraHaiUra="110" who="0" fromWho="0" sc="220,47,230,-7,290,-13,240,-7" />
</Scene>
<Scene>
<INIT seed="3,0,0,4,2,100" ten="267,223,277,233" oya="3" hai0="73,7,102,22,14,98,131,44,20,18,23,4,58" hai1="103,30,50,26,120,59,74,83,67,93,114,60,37" hai2="53,130,124,16,84,12,128,109,27,54,80,13,24" hai3="10,88,49,121,78,106,69,57,129,33,15,6,35"/><W133/><G121/><T39/><D131/><N who="2" m="50218" /><F124/><W62/><G106/><T77/><D77/><U125/><E120/><V81/><F109/><W110/><G110/><T118/><D73/><U55/><E114/><V126/><F126/><W94/><G78/><T104/><D118/><U75/><E125/><V42/><F42/><W11/><G129/><T89/><D58/><U122/><E37/><V43/><F43/><W28/><G133/><T65/><D65/><U87/><E122/><V21/><F12/><W9/><G69/><T41/><REACH who="0" step="1"/><D89/><REACH who="0" ten="257,223,277,233" step="2"/><U46/><E75/><V91/><F81/><W101/><G101/><T45/><D45/><U52/><E74/><V66/><F66/><W99/><G49/><T132/><D132/><U85/><E103/><V72/><F72/><W92/><G92/><T86/><D86/><U63/><E93/><V3/><F3/><W8/><REACH who="3" step="1"/><G28/><REACH who="3" ten="257,223,277,223" step="2"/><T90/><D90/><U64/><E83/><V40/><F40/><W96/><G96/><T5/><AGARI ba="0,2" hai="4,5,7,14,18,20,22,23,39,41,44,98,102,104" machi="5" ten="30,12000,2" yaku="1,1,0,1,52,1,53,3" doraHai="100" doraHaiUra="17" who="0" fromWho="0" sc="257,140,223,-30,277,-30,223,-60" owari="397,50.0,193,-21.0,247,5.0,163,-34.0" />
</Scene>
</mjloggm>