<mjloggm ver="2.3"><GO type="97"/><UN n0="%E3%83%97%E3%83%81%E3%83%BB%E3%82%B3%E3%83%AF%E3%83%B3" n1="%E5%A4%AA%E3%81%8F%E3%81%AA%E3%81%84%E3%81%8A" n2="%E3%83%89%E3%83%AA%E3%83%BC%E3%83%A0%E5%B0%8F%E6%9E%97" n3="%59%4F%55%21" dan="14,15,14,14" rate="1884,2042,1946,1947" sx="M,M,M,M"/><TAIKYOKU oya="0"/>

<Scene>
<INIT seed="0,0,0,3,1,27" ten="250,250,250,250" oya="0" hai0="41,135,21,55,25,14,104,85,10,127,89,13,60" hai1="52,126,42,83,29,68,11,2,90,57,130,56,110" hai2="99,78,47,7,115,70,59,111,94,66,84,97,53" hai3="133,75,87,100,96,91,69,88,23,113,54,114,118"/><T33/><D104/><U64/><E42/><V109/><F115/><W16/><G69/><T9/><D135/><U73/><E110/><N who="2" m="41995" /><F47/><W86/><G75/><T71/><D71/><U92/><E126/><V103/><F7/><W37/><G37/><T35/><D41/><U34/><E130/><V18/><F18/><W48/><G133/><T44/><D44/><U0/><E68/><V39/><F39/><W46/><G118/><T12/><D55/><U24/><E64/><V58/><F70/><W62/><G91/><T117/><D60/><U119/><E119/><V72/><F72/><W121/><G87/><T125/><D85/><U22/><E34/><N who="0" m="12809" /><D89/><U81/><E11/><N who="0" m="4105" /><D117/><U76/><E81/><N who="2" m="47159" /><F66/><W43/><G121/><T98/><D98/><U107/><E107/><N who="2" m="63983" /><F53/><W50/><G62/><T26/><D21/><U45/><E45/><V102/><AGARI ba="0,0" hai="58,59,94,99,102" m="63983,47159,41995" machi="102" ten="30,1100,0" yaku="14,1" doraHai="27" who="2" fromWho="2" sc="250,-5,250,-3,250,11,250,-3" />
</Scene>
<Scene>
<INIT seed="1,0,0,5,4,5" ten="245,247,261,247" oya="1" hai0="24,30,52,81,27,34,112,49,127,132,92,117,68" hai1="17,4,77,56,46,45,44,50,26,94,88,15,12" hai2="121,40,35,67,48,31,21,51,37,107,131,123,104" hai3="86,57,72,128,124,120,66,84,115,7,58,8,61"/><U133/><E133/><V90/><F35/><W42/><G72/><T110/><D68/><U89/><E77/><V28/><F37/><W83/><G120/><T54/><D117/><U111/><E111/><V3/><F3/><W11/><G115/><T95/><D112/><U116/><E116/><V59/><F131/><W10/><G128/><T87/><D132/><U101/><E101/><V125/><F125/><W76/><G124/><T53/><D127/><U62/><E50/><V63/><F90/><N who="1" m="34921" /><E94/><V23/><F40/><W100/><G100/><T32/><D49/><U129/><E129/><V102/><F102/><W96/><G96/><T70/><D70/><U41/><E41/><V108/><F59/><N who="3" m="37183" /><G7/><T93/><D110/><U126/><E4/><V39/><F39/><W91/><G42/><T19/><D19/><U135/><E135/><V82/><F63/><W103/><G103/><T106/><D106/><U60/><E60/><V29/><F108/><W36/><G36/><T99/><D99/><U55/><E126/><V118/><F118/><W74/><G74/><T38/><D38/><U14/><E26/><V109/><F109/><W16/><G16/><AGARI ba="0,0" hai="12,14,15,16,17,44,45,46,55,56,62" m="34921" machi="16" ten="40,7700,0" yaku="8,1,54,2" doraHai="5" who="1" fromWho="3" sc="245,0,247,77,261,0,247,-77" />
</Scene>
<Scene>
<INIT seed="1,1,0,4,4,68" ten="245,324,261,170" oya="1" hai0="41,23,62,16,89,131,29,18,5,21,54,122,74" hai1="72,82,125,69,36,76,115,86,99,31,110,112,123" hai2="50,40,38,117,88,116,25,90,19,8,91,57,15" hai3="46,107,83,58,34,3,84,79,95,43,13,67,129"/><U81/><E69/><V22/><F38/><W108/><G34/><T47/><D74/><U30/><E30/><V119/><F40/><W24/><G107/><T4/><D122/><U59/><E31/><V73/><F73/><W32/><G3/><T96/><D131/><U33/><E33/><V56/><REACH who="2" step="1"/><F50/><REACH who="2" ten="245,324,251,170" step="2"/><W93/><G129/><T61/><D29/><AGARI ba="1,1" hai="8,15,19,22,25,29,56,57,88,90,91,116,117,119" machi="29" ten="50,12000,2" yaku="1,1,2,1,54,1,53,3" doraHai="68" doraHaiUra="87" who="2" fromWho="0" sc="245,-123,324,0,251,133,170,0" />
</Scene>
<Scene>
<INIT seed="2,0,0,0,3,73" ten="122,324,384,170" oya="2" hai0="43,41,63,33,51,14,131,66,118,44,6,87,127" hai1="67,32,93,40,64,27,107,88,10,16,56,55,97" hai2="109,134,128,125,50,90,111,80,113,30,46,57,91" hai3="135,76,35,23,42,9,84,39,59,58,11,85,132"/><V110/><F113/><W89/><G35/><T21/><D118/><U77/><E107/><V19/><F134/><W83/><G39/><T36/><D33/><U24/><E40/><V123/><F123/><W116/><G116/><T71/><D87/><U124/><E124/><V130/><F125/><W121/><G121/><T120/><D120/><U108/><E108/><V22/><F30/><W47/><G132/><T34/><D34/><U70/><E70/><V74/><F57/><W114/><G114/><T105/><D105/><U79/><E32/><V12/><F74/><W3/><G135/><T45/><D21/><N who="1" m="13351" /><E27/><V15/><F15/><W92/><G23/><T28/><D28/><U61/><E10/><N who="3" m="3594" /><G3/><T86/><D86/><U82/><E82/><V103/><F103/><W26/><G26/><T1/><D1/><U8/><E8/><V17/><F17/><W106/><G106/><T62/><D14/><U13/><E13/><V4/><F4/><W52/><G42/><T112/><D6/><U72/><E72/><V18/><F18/><W48/><AGARI ba="0,0" hai="47,48,52,58,59,76,83,84,85,89,92" m="3594" machi="48" ten="30,4000,0" yaku="8,1,52,1,54,1" doraHai="73" who="3" fromWho="3" sc="122,-10,324,-10,384,-20,170,40" />
</Scene>
<Scene>
<INIT seed="3,0,0,1,3,23" ten="112,314,364,210" oya="3" hai0="57,128,78,131,73,69,102,125,30,44,123,99,40" hai1="71,107,133,134,39,83,68,79,55,103,72,1,95" hai2="108,85,24,89,82,56,66,0,45,58,6,111,124" hai3="32,51,101,106,120,126,9,94,64,81,112,21,19"/><W115/><G32/><T117/><D73/><U113/><E113/><V47/><F124/><W97/><G120/><T49/><D78/><U76/><E1/><V70/><F70/><W5/><G126/><T63/><D99/><N who="1" m="61951" /><E39/><V116/><F116/><W59/><G81/><T12/><D102/><U86/><E55/><V132/><F132/><N who="1" m="50793" /><E79/><V27/><F6/><W74/><G74/><T41/><D30/><U91/><AGARI ba="0,0" hai="68,71,72,76,83,86,91,95" m="50793,61951" machi="91" ten="30,2000,0" yaku="24,1,20,1" doraHai="23" who="1" fromWho="1" sc="112,-5,314,20,364,-5,210,-10" owari="107,-39.0,334,13.0,359,46.0,200,-20.0" />
</Scene>
</mjloggm>