<mjloggm ver="2.3"><GO type="169" lobby="0"/><UN n0="%E5%AF%BE%E5%AD%90%E3%81%AE%E7%8E%8B%E6%A7%98" n1="%E5%A4%AA%E3%81%8F%E3%81%AA%E3%81%84%E3%81%8A" n2="%E3%83%A4%E3%82%AD%E3%83%B3" n3="%E9%B3%B3%E6%8B%B3" dan="17,17,16,16" rate="2162.97,2168.67,2053.96,2125.67" sx="M,M,M,M"/><TAIKYOKU oya="0"/>

<Scene>
<INIT seed="0,0,0,5,1,0" ten="250,250,250,250" oya="0" hai0="31,44,75,39,96,56,125,30,94,68,70,8,43" hai1="14,76,111,123,55,71,34,107,112,16,88,25,49" hai2="67,84,134,9,1,41,17,133,93,108,122,10,103" hai3="66,57,15,130,26,121,37,23,58,61,32,29,48"/><T40/><D125/><U110/><E123/><V129/><F122/><W89/><G121/><T19/><D75/><U36/><E36/><V85/><F41/><W42/><G130/><T127/><D127/><U24/><E107/><V117/><F129/><W120/><G120/><T12/><D43/><U50/><E71/><V106/><F67/><W59/><G37/><T79/><D79/><U78/><E112/><V87/><F106/><W109/><G109/><N who="1" m="41482" /><E34/><V51/><F108/><W92/><G32/><T80/><D80/><U100/><E100/><V99/><F117/><W77/><G77/><N who="1" m="29802" /><E88/><V118/><F118/><W22/><G22/><T83/><D83/><U13/><E13/><V119/><F119/><W95/><G15/><T104/><D104/><U28/><E28/><V86/><F86/><N who="3" m="52279" /><G95/><T54/><D70/><U132/><E132/><V74/><F74/><W135/><G135/><T7/><D68/><U114/><E114/><V5/><F133/><W2/><G2/><T33/><D33/><U64/><E64/><V46/><F134/><W20/><G20/><T98/><D98/><U69/><E69/><V124/><F124/><W113/><G113/><T97/><D97/><U116/><E116/><V6/><F1/><W63/><G66/><T45/><D96/><U91/><E91/><V53/><F17/><W73/><G73/><T60/><D94/><U4/><E16/><V102/><F102/><W101/><G101/><T47/><D19/><U126/><E126/><V82/><F82/><W11/><G11/><AGARI ba="0,0" hai="5,6,9,10,11,46,51,53,84,85,87,93,99,103" machi="11" ten="40,5200,0" yaku="8,1,52,2" doraHai="0" who="2" fromWho="3" sc="250,0,250,0,250,52,250,-52" />
</Scene>
<Scene>
<INIT seed="1,0,0,0,0,100" ten="250,250,302,198" oya="1" hai0="111,47,129,22,64,93,40,39,81,83,107,34,9" hai1="51,118,65,112,92,125,86,28,32,124,97,20,15" hai2="106,19,53,117,73,11,128,115,52,30,12,119,62" hai3="50,104,67,114,59,8,21,113,10,0,14,4,29"/><U61/><E118/><V75/><F128/><W134/><G104/><T35/><D129/><U84/><E32/><V63/><F115/><W16/><G134/><T99/><D111/><U23/><E51/><V126/><F126/><N who="1" m="48745" /><E112/><V18/><F30/><W110/><G110/><T46/><D64/><U79/><E15/><V131/><F131/><W42/><G67/><T31/><D9/><U78/><E86/><V48/><F48/><W82/><G82/><T25/><D47/><U76/><E84/><V127/><F127/><W70/><G70/><T17/><D35/><U89/><E28/><V95/><F95/><W37/><G37/><T121/><D121/><U57/><AGARI ba="0,0" hai="20,23,57,61,65,76,78,79,89,92,97" m="48745" machi="57" ten="30,1500,0" yaku="18,1" doraHai="100" who="1" fromWho="1" sc="250,-5,250,15,302,-5,198,-5" />
</Scene>
<Scene>
<INIT seed="1,1,0,2,1,26" ten="245,265,297,193" oya="1" hai0="24,11,19,129,120,32,78,25,52,59,106,17,64" hai1="3,14,95,85,16,36,121,40,13,101,105,62,133" hai2="63,39,55,124,89,74,45,116,135,99,71,111,50" hai3="46,76,21,67,56,72,77,125,5,34,119,104,0"/><U37/><E3/><V86/><F74/><W58/><G34/><T100/><D129/><U123/><E105/><V61/><F116/><W29/><G104/><T114/><D114/><U43/><E62/><V44/><F99/><W18/><G119/><T23/><D64/><U110/><E133/><V9/><F135/><W54/><G125/><T8/><D78/><U79/><E79/><V65/><F124/><W70/><G70/><T84/><D84/><U102/><E85/><V113/><F113/><W31/><G0/><T93/><D106/><U83/><E83/><V112/><F112/><W107/><G5/><T22/><D32/><U87/><E87/><V127/><F127/><W41/><G107/><T4/><D120/><U73/><E95/><V60/><F111/><W2/><G2/><T98/><REACH who="0" step="1"/><D4/><REACH who="0" ten="235,265,297,193" step="2"/><U92/><E73/><V33/><F33/><W108/><G108/><T122/><D122/><U10/><E110/><V69/><F86/><W27/><G76/><T57/><D57/><U97/><E123/><V90/><F65/><W38/><G77/><T103/><D103/><U131/><E121/><V115/><F115/><W118/><G118/><T68/><D68/><U126/><E126/><V75/><F75/><W12/><G72/><T48/><AGARI ba="1,1" hai="8,11,17,19,22,23,24,25,48,52,59,93,98,100" machi="48" ten="20,12000,2" yaku="1,1,0,1,7,1,9,1,8,1,54,1,53,1" doraHai="26" doraHaiUra="49" who="0" fromWho="0" sc="235,133,265,-61,297,-31,193,-31" />
</Scene>
<Scene>
<INIT seed="2,0,0,5,2,133" ten="368,204,266,162" oya="2" hai0="119,66,4,87,36,44,77,45,109,12,112,8,79" hai1="42,117,10,99,74,100,18,26,83,114,62,38,63" hai2="115,67,135,56,128,89,92,15,24,40,27,107,131" hai3="23,76,54,61,28,96,3,120,60,2,84,91,71"/><V103/><F115/><W20/><G120/><T46/><D112/><U88/><E114/><V14/><F135/><W125/><G2/><T5/><D109/><U37/><E117/><V129/><F40/><W0/><G0/><T122/><D122/><U22/><E10/><V124/><F103/><W58/><G3/><T90/><D36/><U108/><E108/><V51/><F107/><W13/><G125/><T106/><D106/><U80/><E80/><V31/><F124/><W33/><G33/><T9/><D66/><U70/><E70/><V101/><F101/><W65/><G28/><T47/><D47/><U134/><E134/><V64/><F64/><W43/><G43/><T25/><D25/><N who="2" m="9802" /><F31/><W81/><G96/><T16/><D119/><U55/><E42/><V116/><F116/><W7/><REACH who="3" step="1"/><G76/><REACH who="3" ten="368,204,266,152" step="2"/><N who="0" m="29259" /><D9/><AGARI ba="0,1" hai="7,9,13,20,23,54,58,60,61,65,71,81,84,91" machi="9" ten="40,1300,0" yaku="1,1,53,0" doraHai="133" doraHaiUra="94" who="3" fromWho="0" sc="368,-13,204,0,266,0,152,23" />
</Scene>
<Scene>
<INIT seed="3,0,0,5,0,23" ten="355,204,266,175" oya="3" hai0="73,92,84,81,108,117,120,86,124,39,130,101,43" hai1="133,45,65,53,33,36,18,60,109,16,42,103,98" hai2="99,122,115,126,91,41,9,31,0,125,111,62,3" hai3="94,83,25,112,119,116,70,14,35,106,44,93,129"/><W107/><G112/><T75/><D43/><U12/><E33/><V67/><F115/><W34/><G70/><T2/><D2/><U97/><E109/><V72/><F72/><W105/><G129/><T77/><D39/><U68/><E133/><V10/><F41/><W118/><G44/><T69/><D69/><U74/><E74/><V66/><F111/><W28/><G35/><T21/><D108/><U26/><E53/><V22/><F122/><W38/><G38/><T127/><D120/><U46/><E46/><V80/><F67/><W128/><G128/><T27/><D117/><U48/><E36/><V59/><F3/><W4/><REACH who="3" step="1"/><G83/><REACH who="3" ten="355,204,266,165" step="2"/><T90/><D130/><U63/><E68/><V57/><F80/><W76/><G76/><T54/><D81/><U47/><E47/><V52/><F125/><W56/><G56/><T61/><D77/><U132/><E45/><V64/><F126/><W123/><G123/><T121/><D121/><U49/><E42/><V87/><F59/><W13/><G13/><T102/><D127/><U1/><E12/><V113/><F0/><W5/><G5/><T8/><D124/><U88/><E1/><V15/><F15/><W85/><G85/><T29/><D86/><U30/><E132/><V78/><F87/><W58/><G58/><N who="0" m="35031" /><D73/><U89/><E97/><V11/><F78/><W79/><G79/><T110/><D75/><U100/><E98/><V37/><F37/><W82/><G82/><T24/><D110/><U32/><E32/><V96/><F99/><W6/><G6/><T20/><D84/><U19/><E65/><RYUUKYOKU ba="0,1" sc="355,-10,204,-10,266,-10,165,30" hai3="4,14,25,28,34,93,94,105,106,107,116,118,119" />
</Scene>
<Scene>
<INIT seed="3,1,1,5,2,97" ten="345,194,256,195" oya="3" hai0="9,3,61,91,20,108,4,12,96,59,8,65,134" hai1="100,117,132,85,14,50,30,1,32,55,110,121,94" hai2="83,133,22,13,17,82,54,10,37,34,38,69,47" hai3="39,28,122,73,15,119,106,93,114,63,16,104,24"/><W66/><G122/><T78/><D108/><U118/><E121/><V35/><F69/><W120/><G120/><T79/><D134/><U92/><E1/><V25/><F133/><W43/><G119/><N who="1" m="45578" /><E132/><V51/><F38/><W127/><G73/><T26/><D91/><N who="1" m="53359" /><E110/><V71/><F71/><W36/><G114/><T126/><D126/><U113/><E113/><V67/><F67/><W48/><G127/><T29/><D96/><N who="1" m="59415" /><E14/><V56/><F13/><W87/><G104/><T124/><D124/><U129/><E129/><V53/><F10/><W42/><G106/><T2/><D2/><U99/><E99/><V40/><F82/><W62/><G39/><T86/><D86/><U31/><E32/><V102/><F35/><W41/><G36/><T112/><D112/><U131/><E131/><V6/><F34/><W75/><G75/><T52/><D65/><U103/><E103/><V27/><F102/><W7/><G48/><T33/><D33/><U49/><E49/><V46/><F37/><W58/><G63/><T105/><D105/><U89/><E89/><V5/><F51/><W72/><G72/><T123/><REACH who="0" step="1"/><D123/><REACH who="0" ten="335,194,256,195" step="2"/><U130/><E130/><V88/><F88/><N who="3" m="53407" /><G7/><AGARI ba="1,2" hai="3,4,7,8,9,12,20,26,29,52,59,61,78,79" machi="7" ten="30,7700,0" yaku="1,1,7,1,54,1,53,1" doraHai="97" doraHaiUra="11" who="0" fromWho="3" sc="335,100,194,0,256,0,195,-80" />
</Scene>
<Scene>
<INIT seed="4,0,0,0,1,90" ten="435,194,256,115" oya="0" hai0="86,29,47,99,34,25,129,3,123,23,133,114,5" hai1="75,49,77,46,39,61,57,98,42,60,62,107,121" hai2="31,20,48,1,120,26,28,93,105,8,37,45,54" hai3="12,24,130,22,53,0,38,106,102,131,35,125,33"/><T36/><D123/><U30/><E121/><V56/><F105/><W16/><G38/><T19/><D133/><U68/><E30/><V6/><F120/><W89/><G106/><T52/><D86/><U118/><E118/><V63/><F37/><W128/><G102/><T78/><D78/><U113/><E113/><V122/><F122/><W65/><G65/><T27/><D36/><U84/><E75/><V21/><F93/><W9/><G53/><T108/><D114/><U81/><E107/><V18/><REACH who="2" step="1"/><F21/><REACH who="2" ten="435,194,246,115" step="2"/><W64/><G64/><AGARI ba="0,1" hai="1,6,8,18,20,26,28,31,45,48,54,56,63,64" machi="64" ten="30,3900,0" yaku="1,1,2,1,7,1,53,0" doraHai="90" doraHaiUra="74" who="2" fromWho="3" sc="435,0,194,0,246,49,115,-39" />
</Scene>
<Scene>
<INIT seed="5,0,0,5,4,70" ten="435,194,295,76" oya="1" hai0="31,7,65,110,46,73,104,68,27,26,23,97,62" hai1="127,1,17,120,105,57,5,102,52,60,42,77,69" hai2="58,87,92,90,3,76,129,66,44,59,94,114,34" hai3="132,134,103,63,107,118,19,48,8,126,123,109,91"/><U29/><E120/><V81/><F3/><W106/><G123/><T98/><D110/><U45/><E127/><V111/><F111/><W79/><G109/><T53/><D73/><U85/><E29/><V121/><F121/><W99/><G126/><T49/><D104/><U50/><E1/><V89/><F34/><W32/><G118/><T64/><D64/><U86/><E5/><V0/><F0/><W78/><G107/><T130/><D130/><U10/><E77/><V115/><F129/><W51/><G91/><N who="2" m="34825" /><F44/><W11/><G32/><T24/><D7/><U67/><E102/><V125/><F125/><W131/><G131/><T82/><D82/><U2/><E105/><V18/><F66/><W100/><G106/><T117/><D117/><U38/><E2/><V22/><F115/><W108/><G108/><T40/><D27/><U12/><AGARI ba="0,0" hai="10,12,17,38,42,45,50,52,57,60,67,69,85,86" machi="12" ten="30,12000,1" yaku="0,1,24,2,52,1,54,1" doraHai="70" who="1" fromWho="1" sc="435,-40,194,120,295,-40,76,-40" />
</Scene>
<Scene>
<INIT seed="5,1,0,0,5,106" ten="395,314,255,36" oya="1" hai0="93,78,27,50,15,77,36,99,29,120,110,117,1" hai1="94,2,127,48,53,22,134,45,102,96,42,80,76" hai2="130,87,115,7,67,92,0,33,24,4,69,95,89" hai3="90,13,35,11,28,88,38,108,54,114,41,43,8"/><U70/><E70/><V60/><F130/><W52/><G108/><T47/><D110/><U37/><E134/><V63/><F115/><W103/><G114/><T5/><D117/><U112/><E112/><V121/><F121/><W19/><G103/><T74/><D36/><U105/><E127/><V39/><F39/><W59/><G35/><T73/><D1/><U84/><E2/><V116/><F116/><W125/><G28/><T83/><D120/><U3/><E3/><V91/><F0/><W56/><G38/><T20/><D5/><U9/><E9/><V66/><F24/><W21/><G125/><T32/><D15/><U81/><E22/><V131/><F33/><W6/><G6/><T109/><D109/><U128/><E128/><V68/><F131/><W75/><G21/><T72/><D32/><U107/><REACH who="1" step="1"/><E81/><REACH who="1" ten="395,304,255,36" step="2"/><V82/><REACH who="2" step="1"/><F82/><REACH who="2" ten="395,304,245,36" step="2"/><W118/><G118/><T51/><D83/><U18/><E18/><V71/><F71/><W23/><G19/><T58/><D29/><U100/><E100/><V132/><F132/><W10/><G23/><T34/><D20/><U113/><E113/><V97/><AGARI ba="1,2" hai="4,7,60,63,66,67,68,69,87,89,91,92,95,97" machi="97" ten="20,5200,0" yaku="1,1,0,1,7,1,9,1,53,0" doraHai="106" doraHaiUra="129" who="2" fromWho="2" sc="395,-14,304,-27,245,75,36,-14" />
</Scene>
<Scene>
<INIT seed="6,0,0,0,2,99" ten="381,277,320,22" oya="2" hai0="110,36,33,17,80,71,67,84,97,9,78,105,42" hai1="47,13,46,74,128,54,14,56,23,59,82,86,113" hai2="49,37,127,66,24,39,11,117,68,131,41,133,0" hai3="28,35,135,50,40,122,119,75,98,53,70,121,124"/><V79/><F117/><W134/><G75/><T32/><D110/><U16/><E74/><V85/><F49/><W69/><G35/><T81/><D81/><U120/><E113/><V111/><F24/><W27/><G27/><T73/><D84/><U108/><E108/><V7/><F111/><W76/><G28/><T4/><D17/><U114/><E114/><V77/><F127/><W92/><G119/><T102/><D67/><U89/><E128/><V96/><F131/><W88/><G124/><T30/><D71/><U43/><E120/><V100/><F133/><N who="3" m="50699" /><G76/><T51/><D51/><U20/><E43/><V21/><F21/><W123/><G40/><T132/><D30/><U104/><E104/><V83/><F79/><W25/><G25/><T6/><D6/><U64/><E64/><V61/><REACH who="2" step="1"/><F41/><REACH who="2" ten="381,277,310,22" step="2"/><W101/><G50/><T112/><D132/><U12/><E23/><V26/><F26/><W87/><G53/><T18/><D112/><U65/><E65/><V48/><F48/><W107/><AGARI ba="0,1" hai="69,70,87,88,92,98,101,107,121,122,123" m="50699" machi="107" ten="40,5200,0" yaku="20,1,52,1,54,1" doraHai="99" who="3" fromWho="3" sc="381,-13,277,-13,310,-26,22,62" />
</Scene>
<Scene>
<INIT seed="7,0,0,4,2,115" ten="368,264,284,84" oya="3" hai0="88,14,86,128,53,96,89,3,70,55,27,63,80" hai1="116,92,93,44,110,125,107,57,18,26,0,90,100" hai2="50,13,82,67,65,133,113,8,112,52,134,19,68" hai3="33,123,132,83,34,99,102,77,43,56,46,72,25"/><W31/><G123/><T29/><D3/><U106/><E110/><V7/><F82/><W64/><G132/><N who="2" m="50793" /><F7/><W73/><G56/><T62/><D128/><U48/><E0/><V38/><F38/><W74/><G64/><N who="2" m="24649" /><F68/><W79/><G79/><T135/><D135/><U35/><E125/><V22/><F8/><W59/><G59/><AGARI ba="0,0" hai="13,19,22,50,52,59,112,113" m="24649,50793" machi="59" ten="30,2000,0" yaku="20,1,54,1" doraHai="115" who="2" fromWho="3" sc="368,0,264,0,284,20,84,-20" owari="368,48.0,264,-14.0,304,10.0,64,-44.0" />
</Scene>
</mjloggm>