<mjloggm ver="2.3"><GO type="169"/><UN n0="%E3%83%81%E3%83%A3%E3%82%AA%E3%83%AA" n1="%78%72%63%35%32%34%32%38" n2="%E5%94%90%E6%8F%9A%E5%A4%A7%E5%A5%BD%E3%81%8D" n3="%E5%A4%AA%E3%81%8F%E3%81%AA%E3%81%84%E3%81%8A" dan="16,16,17,17" rate="2103,2117,2188,2186" sx="M,M,M,M"/><TAIKYOKU oya="0"/>

<Scene>
<INIT seed="0,0,0,3,1,110" ten="250,250,250,250" oya="0" hai0="56,88,18,8,25,128,57,7,82,55,134,4,14" hai1="54,29,53,15,35,0,91,122,1,21,118,96,95" hai2="70,105,135,106,36,85,132,50,46,65,126,125,73" hai3="64,77,22,102,112,78,49,93,27,19,84,24,13"/><T123/><D123/><U9/><E122/><V45/><F85/><W98/><G112/><T107/><D107/><N who="2" m="40970" /><F73/><W61/><G49/><T37/><D37/><U92/><E118/><V113/><F36/><W11/><G84/><N who="0" m="50199" /><D134/><N who="2" m="51242" /><F113/><W81/><G81/><T17/><D128/><U130/><E130/><V119/><F119/><W127/><G127/><N who="2" m="48649" /><F50/><W94/><G94/><T69/><D69/><U79/><E79/><V103/><F103/><W99/><G99/><T39/><D39/><U97/><E35/><V28/><F28/><W117/><G117/><T90/><D90/><U83/><E83/><V12/><F12/><W10/><G27/><T33/><D33/><U60/><E0/><V43/><F43/><W42/><G42/><T44/><D44/><U74/><E74/><V23/><F23/><W89/><G89/><T86/><D86/><U75/><E75/><V2/><F2/><W6/><REACH who="3" step="1"/><G11/><REACH who="3" ten="250,250,250,240" step="2"/><T133/><D133/><U30/><E9/><V114/><F114/><W5/><G5/><N who="0" m="2123" /><D55/><U129/><E54/><V63/><AGARI ba="0,1" hai="45,46,63,65,70" m="48649,51242,40970" machi="63" ten="40,2700,0" yaku="20,1,18,1" doraHai="110" who="2" fromWho="2" sc="250,-13,250,-7,250,37,240,-7" />
</Scene>
<Scene>
<INIT seed="1,0,0,5,2,92" ten="237,243,287,233" oya="1" hai0="28,29,116,109,134,47,43,44,125,69,46,34,103" hai1="72,107,127,78,2,108,7,32,81,133,23,112,84" hai2="60,1,11,87,118,20,14,37,122,110,76,57,117" hai3="19,30,9,61,132,86,62,12,74,13,90,104,113"/><U45/><E32/><V94/><F37/><W129/><G113/><T53/><D69/><U89/><E112/><V126/><F122/><W21/><G74/><T91/><D116/><U97/><E23/><V88/><F126/><W111/><G104/><T24/><D109/><U25/><E25/><V98/><F110/><W59/><G111/><T51/><D134/><U39/><E108/><V15/><F1/><W85/><G132/><T82/><D103/><N who="1" m="62959" /><E133/><V0/><F0/><W79/><G129/><T75/><D29/><U33/><E33/><V77/><F118/><W4/><G30/><T65/><D65/><U123/><E123/><V105/><F117/><W16/><G4/><T10/><D125/><U35/><E35/><V8/><F105/><W55/><G79/><N who="2" m="30281" /><F87/><W26/><G26/><T31/><D31/><U124/><E7/><V6/><F20/><W93/><REACH who="3" step="1"/><G85/><REACH who="3" ten="237,243,287,223" step="2"/><T41/><D75/><U83/><E2/><V54/><F6/><W135/><G135/><T66/><D28/><U131/><E131/><V64/><F15/><W52/><G52/><T95/><D34/><U63/><E127/><V50/><F14/><W17/><G17/><T73/><D24/><U71/><E124/><V3/><F3/><W130/><G130/><T67/><D73/><U115/><E115/><V27/><F27/><W36/><G36/><T99/><D53/><U121/><E121/><V68/><F54/><W56/><G56/><T58/><D58/><U49/><E39/><V80/><F57/><W5/><G5/><T22/><D43/><N who="1" m="24767" /><E71/><V40/><F68/><W18/><G18/><RYUUKYOKU ba="0,1" sc="237,-15,243,15,287,-15,223,15" hai1="63,72,78,81,83,84,89" hai3="9,12,13,16,19,21,55,59,61,62,86,90,93" />
</Scene>
<Scene>
<INIT seed="1,1,1,1,1,121" ten="222,258,272,238" oya="1" hai0="102,25,96,65,106,83,71,6,34,60,49,44,26" hai1="63,47,128,92,77,95,112,20,85,4,9,2,45" hai2="72,66,93,75,24,12,80,94,135,50,111,56,82" hai3="19,1,69,48,11,110,10,100,70,36,101,98,130"/><U97/><E112/><V16/><F135/><W118/><G36/><T43/><D34/><U109/><E128/><V53/><F66/><W127/><G130/><T54/><D6/><U17/><E63/><V27/><F75/><W64/><G48/><T73/><D73/><U51/><E109/><V46/><F72/><W32/><G32/><T131/><D131/><U42/><E47/><V5/><F111/><W61/><G110/><T105/><D105/><U59/><E59/><V81/><F46/><W104/><G127/><T115/><D115/><U90/><E77/><V22/><F5/><W123/><G123/><T37/><REACH who="0" step="1"/><D83/><REACH who="0" ten="212,258,272,238" step="2"/><U122/><E122/><V78/><F78/><W57/><G104/><T88/><D88/><U120/><E120/><V23/><REACH who="2" step="1"/><F12/><REACH who="2" ten="212,258,262,238" step="2"/><W124/><G124/><T21/><D21/><U74/><E74/><V89/><F89/><W0/><G0/><T117/><D117/><U134/><E134/><V119/><F119/><W99/><G1/><T28/><D28/><AGARI ba="1,3" hai="16,22,23,24,27,28,50,53,56,80,81,82,93,94" machi="28" ten="40,12000,2" yaku="1,1,8,1,54,1,53,3" doraHai="121" doraHaiUra="79" who="2" fromWho="0" sc="212,-123,258,0,262,153,238,0" />
</Scene>
<Scene>
<INIT seed="2,0,0,0,3,110" ten="89,258,415,238" oya="2" hai0="42,27,130,68,21,75,29,76,123,85,54,46,35" hai1="61,60,88,116,112,26,32,118,48,73,7,28,33" hai2="81,6,5,103,31,34,30,114,0,106,43,12,4" hai3="119,128,63,82,79,96,23,109,74,126,127,64,100"/><V62/><F0/><W16/><G119/><T104/><D68/><U95/><E73/><V91/><F43/><W38/><G38/><T1/><D104/><U105/><E105/><V102/><F62/><W129/><G109/><T133/><D1/><U131/><E131/><N who="3" m="50250" /><G96/><T65/><D65/><U10/><E48/><V24/><F114/><W108/><G100/><T90/><D130/><U98/><E112/><V80/><F31/><W36/><G36/><T67/><D67/><U55/><E32/><V87/><F80/><W15/><G108/><T132/><D123/><U11/><E11/><V49/><F49/><W125/><G63/><T78/><D54/><U86/><E86/><V94/><F106/><W20/><G64/><T89/><D35/><U22/><E33/><V51/><F51/><W52/><G23/><T2/><D2/><U111/><E111/><V93/><REACH who="2" step="1"/><F12/><REACH who="2" ten="89,258,405,238" step="2"/><W92/><G92/><AGARI ba="0,1" hai="4,5,6,24,30,34,81,87,91,92,93,94,102,103" machi="92" ten="40,3900,0" yaku="1,1,2,1,53,0" doraHai="110" doraHaiUra="70" who="2" fromWho="3" sc="89,0,258,0,405,49,238,-39" />
</Scene>
<Scene>
<INIT seed="2,1,0,0,3,50" ten="89,258,454,199" oya="2" hai0="29,32,0,109,110,56,31,6,119,117,134,94,38" hai1="81,90,121,102,8,84,27,36,43,53,105,71,91" hai2="13,83,123,131,101,46,122,2,103,108,23,107,57" hai3="45,87,34,19,120,104,127,37,68,9,47,21,63"/><V25/><F2/><W88/><G120/><T98/><D38/><U100/><E71/><V59/><F131/><W72/><G72/><T124/><D124/><U33/><E121/><V78/><F46/><W49/><G104/><T10/><D134/><U7/><E36/><V89/><F13/><W128/><G34/><T93/><D93/><U41/><E91/><V75/><F89/><W11/><G127/><T77/><D77/><U76/><E90/><V106/><F108/><W80/><G128/><T126/><D126/><U74/><E74/><V4/><F4/><W39/><G39/><T22/><D32/><U86/><E86/><V85/><F75/><W64/><G37/><T15/><D94/><U99/><E102/><V3/><F3/><W129/><G129/><T12/><D98/><U62/><E27/><V79/><F85/><W1/><G1/><T44/><D44/><U95/><E33/><V111/><F25/><W125/><G125/><T70/><D70/><U52/><E62/><V54/><F23/><W133/><G133/><T5/><D56/><U96/><E96/><V51/><F51/><W132/><G132/><T65/><D65/><U14/><E105/><V16/><F83/><W69/><G69/><T40/><D40/><AGARI ba="1,0" hai="7,8,14,40,41,43,52,53,76,81,84,95,99,100" machi="40" ten="40,8000,1" yaku="8,1,52,2,54,1" doraHai="50" who="1" fromWho="0" sc="89,-83,258,83,454,0,199,0" />
</Scene>
<Scene>
<INIT seed="3,0,0,5,0,115" ten="6,341,454,199" oya="3" hai0="37,2,96,129,58,121,51,133,90,102,76,56,78" hai1="66,26,135,104,16,55,40,47,111,46,93,92,98" hai2="87,94,45,7,124,57,131,72,105,53,6,42,69" hai3="14,23,110,122,95,50,44,125,9,68,117,81,28"/><W8/><G122/><T39/><D2/><U123/><E123/><V88/><F105/><W86/><G68/><T1/><D1/><U54/><E111/><V126/><F69/><W71/><G71/><T128/><D121/><U62/><E135/><V33/><F33/><W48/><G125/><N who="2" m="48233" /><F72/><W130/><G130/><N who="0" m="50283" /><D90/><U11/><E104/><V67/><F67/><W114/><G114/><T21/><D21/><U84/><E84/><V61/><F131/><W106/><G106/><N who="0" m="63815" /><D133/><U132/><E132/><V74/><F74/><W12/><G110/><T30/><D30/><U27/><E93/><V97/><F97/><W34/><G34/><T18/><D18/><U80/><E80/><V73/><F73/><W108/><G95/><T134/><D134/><U13/><E66/><V5/><F5/><W4/><G108/><T43/><D43/><U49/><E62/><V79/><F79/><N who="0" m="30250" /><D51/><AGARI ba="0,0" hai="6,7,42,45,51,53,57,61,87,88,94" m="48233" machi="51" ten="30,2000,0" yaku="18,1,54,1" doraHai="115" who="2" fromWho="0" sc="6,-20,341,0,454,20,199,0" owari="-14,-51.0,341,14.0,474,57.0,199,-20.0" />
</Scene>
</mjloggm>