<mjloggm ver="2.3"><GO type="169"/><UN n0="%E5%A4%AA%E3%81%8F%E3%81%AA%E3%81%84%E3%81%8A" n1="%E3%81%94%E3%81%98%E3%82%83%E3%82%8B" n2="%E3%81%8B%E3%81%92%E3%81%8D%E3%82%85%E3%81%86" n3="%E3%81%BF%E3%81%BF%E3%81%9A" dan="18,17,16,17" rate="2182,2168,2067,2105" sx="M,M,M,M"/><TAIKYOKU oya="0"/>

<Scene>
<INIT seed="0,0,0,5,4,40" ten="250,250,250,250" oya="0" hai0="50,39,76,106,90,0,118,105,24,124,57,17,3" hai1="53,131,51,96,48,116,117,132,86,85,23,99,89" hai2="72,41,102,37,2,33,30,100,18,67,22,19,31" hai3="134,7,16,125,12,6,88,122,129,101,54,45,46"/><T97/><D39/><U115/><E132/><V92/><F72/><W62/><G129/><T113/><D118/><U65/><E65/><V21/><F2/><W107/><G134/><T34/><D113/><U63/><E131/><V98/><F33/><W29/><G29/><N who="2" m="10761" /><F37/><W36/><G125/><T49/><D76/><U127/><E127/><V79/><F79/><W94/><G107/><T135/><D135/><U91/><E115/><V103/><F67/><W56/><G101/><N who="2" m="39017" /><F41/><W52/><G122/><T1/><D34/><U123/><E123/><V69/><F69/><W27/><G27/><T75/><D75/><U28/><E28/><V110/><F110/><W109/><G109/><T4/><D124/><U133/><E133/><V25/><F22/><N who="3" m="11527" /><G36/><T60/><D106/><U5/><E23/><V38/><F38/><W119/><G119/><T26/><D105/><U71/><E71/><V77/><F77/><W9/><G54/><T126/><D126/><U14/><E53/><V95/><F19/><W70/><G70/><T15/><D17/><U35/><E35/><V104/><F104/><W58/><G58/><T42/><D42/><U64/><E64/><V111/><F111/><W20/><G20/><T112/><D112/><U81/><E117/><V128/><F128/><W93/><G93/><N who="0" m="56503" /><D57/><U87/><E116/><V83/><F95/><W108/><G108/><T13/><D1/><U74/><E74/><V43/><F43/><W55/><G55/><T78/><D3/><U66/><E66/><V82/><AGARI ba="0,0" hai="18,21,25,82,83,92,98,103" m="39017,10761" machi="82" ten="30,1100,0" yaku="8,1" doraHai="40" who="2" fromWho="2" sc="250,-5,250,-3,250,11,250,-3" />
</Scene>
<Scene>
<INIT seed="1,0,0,5,2,62" ten="245,247,261,247" oya="1" hai0="101,108,87,77,31,12,93,102,85,34,123,88,90" hai1="113,122,65,133,121,117,51,134,19,55,23,76,71" hai2="22,105,11,44,50,118,91,10,46,64,3,110,48" hai3="82,29,15,28,52,95,96,6,126,8,106,80,47"/><U1/><E1/><V49/><F118/><W104/><G104/><T66/><D108/><U115/><E76/><V7/><F110/><W127/><G106/><T120/><D34/><U103/><E103/><N who="0" m="39433" /><D31/><U132/><E19/><V84/><F105/><W40/><G126/><T17/><D12/><U74/><E23/><V114/><F114/><N who="1" m="43529" /><E74/><V33/><F33/><W27/><G127/><T35/><D17/><U58/><E117/><V98/><F98/><W5/><G5/><T124/><D35/><U9/><E9/><N who="2" m="3083" /><F7/><W129/><G129/><T24/><D24/><U41/><E41/><V75/><F75/><W78/><G40/><T128/><D124/><U79/><E79/><V30/><F3/><W97/><G29/><T43/><D43/><U18/><E18/><V112/><F112/><W20/><G78/><T42/><D42/><U21/><E21/><V130/><F130/><W2/><G2/><T68/><D128/><U111/><E111/><V131/><F131/><W73/><G73/><T38/><D77/><U63/><AGARI ba="0,0" hai="51,55,58,63,65,71,121,122,132,133,134" m="43529" machi="63" ten="40,12000,1" yaku="20,1,34,2,52,1" doraHai="62" who="1" fromWho="1" sc="245,-40,247,120,261,-40,247,-40" />
</Scene>
<Scene>
<INIT seed="1,1,0,0,0,66" ten="205,367,221,207" oya="1" hai0="10,30,31,116,119,35,59,130,103,102,54,83,120" hai1="77,129,117,114,51,124,4,134,52,21,88,118,113" hai2="135,47,7,101,60,78,28,0,73,80,86,69,104" hai3="93,26,109,98,32,79,125,131,20,44,57,62,41"/><U106/><E106/><V123/><F123/><W39/><G109/><T18/><D120/><U13/><E77/><V122/><F122/><W36/><G125/><T46/><D130/><U96/><E124/><V42/><F86/><W6/><G131/><T84/><D119/><U76/><E76/><V121/><F121/><W37/><G32/><T99/><D116/><U70/><E129/><V27/><F135/><W12/><G79/><T19/><D46/><U64/><E134/><V91/><F91/><W111/><G111/><T9/><D35/><U127/><E127/><V23/><F101/><W67/><G12/><T110/><D110/><U132/><E132/><V24/><F104/><W8/><G8/><T128/><D128/><U34/><E34/><V16/><F7/><W1/><G1/><T45/><D45/><U5/><E118/><V14/><F0/><W53/><G6/><T65/><D65/><U75/><E75/><V72/><F73/><W49/><G93/><T25/><D25/><U11/><E21/><V87/><F72/><W108/><G98/><T33/><D99/><U81/><E117/><V68/><F60/><W63/><G108/><T15/><D84/><N who="1" m="50191" /><E96/><V3/><F3/><W74/><G74/><T22/><D33/><U100/><E100/><V112/><F112/><W105/><G105/><T133/><D133/><U40/><E5/><V71/><REACH who="2" step="1"/><F28/><REACH who="2" ten="205,367,211,207" step="2"/><N who="3" m="17479" /><G63/><T92/><D103/><U48/><E114/><V43/><F43/><W85/><G85/><T82/><D102/><U94/><E113/><V126/><F126/><W55/><G41/><T50/><D31/><RYUUKYOKU ba="1,1" sc="205,-15,367,-15,211,15,207,15" hai2="14,16,23,24,27,42,47,68,69,71,78,80,87" hai3="36,37,39,44,49,53,55,57,62,67" />
</Scene>
<Scene>
<INIT seed="2,2,1,1,3,123" ten="190,352,226,222" oya="2" hai0="89,68,108,9,51,135,12,115,6,40,63,3,127" hai1="42,38,111,35,102,7,114,94,128,129,78,69,67" hai2="119,95,110,16,118,29,72,75,15,18,5,112,52" hai3="105,62,126,121,64,27,31,132,28,79,14,122,65"/><V21/><F112/><W1/><G1/><T99/><D115/><U100/><E35/><V36/><F36/><W98/><G126/><T87/><D127/><U85/><E114/><V57/><F5/><W49/><G31/><T17/><D135/><U37/><E7/><V70/><F70/><N who="3" m="42263" /><G79/><T55/><D99/><U133/><E69/><V97/><F29/><W48/><G65/><T33/><D33/><U74/><E67/><V86/><F86/><W59/><G14/><T131/><D63/><U106/><E42/><V8/><F75/><W88/><G88/><T117/><D68/><U82/><E38/><V32/><F72/><W41/><G132/><T0/><D40/><U39/><E39/><V81/><F81/><W58/><G58/><T66/><D66/><U104/><E37/><V60/><F32/><N who="3" m="20511" /><G49/><T101/><D0/><U20/><E20/><V120/><F120/><W50/><G50/><T34/><D34/><U45/><E45/><V43/><F43/><W24/><G24/><T4/><D4/><U10/><E10/><V47/><F47/><N who="3" m="25711" /><G59/><T125/><D125/><U71/><E71/><V76/><F76/><W96/><G96/><T116/><D3/><U107/><E133/><V44/><F44/><W73/><G73/><T22/><D6/><U77/><E77/><V113/><F113/><W25/><G25/><T84/><D9/><U93/><E74/><V54/><F54/><W90/><G90/><T26/><D55/><U56/><E56/><V134/><F134/><W91/><G91/><T61/><D26/><U2/><E2/><V103/><F52/><RYUUKYOKU ba="2,1" sc="190,-10,352,-10,226,-10,222,30" hai3="98,105,121,122" />
</Scene>
<Scene>
<INIT seed="3,3,1,5,4,42" ten="180,342,216,252" oya="3" hai0="65,121,124,77,56,4,93,104,2,40,79,76,91" hai1="94,17,47,106,34,128,0,67,36,102,74,126,75" hai2="16,80,130,117,98,132,87,99,100,73,52,6,85" hai3="57,1,115,113,32,41,96,19,71,82,13,8,103"/><W92/><G71/><T12/><D121/><U101/><E106/><V27/><F117/><W14/><G32/><T29/><D104/><U61/><E34/><V31/><F132/><W51/><G1/><T127/><D29/><U70/><E0/><V37/><F37/><W39/><G82/><T120/><D2/><U105/><E105/><V53/><F6/><W7/><G39/><T122/><D40/><U22/><E128/><V134/><F130/><W116/><G116/><T35/><D35/><U108/><E126/><N who="0" m="48169" /><D65/><U24/><E108/><V90/><F73/><W64/><G64/><T112/><D56/><U66/><E66/><V5/><F5/><W55/><REACH who="3" step="1"/><G41/><REACH who="3" ten="180,342,216,242" step="2"/><T119/><D119/><U69/><E69/><V123/><F123/><W58/><G58/><T3/><D3/><U84/><E36/><V48/><F134/><W18/><G18/><T110/><D120/><U89/><E70/><V21/><F31/><W26/><G26/><T23/><D4/><U62/><E67/><V86/><F53/><W50/><G50/><T129/><D122/><U81/><E81/><V59/><F100/><W20/><AGARI ba="3,2" hai="7,8,13,14,19,20,51,55,57,92,96,103,113,115" machi="20" ten="20,3900,0" yaku="1,1,0,1,7,1,53,0" doraHai="42" doraHaiUra="30" who="3" fromWho="3" sc="180,-16,342,-16,216,-16,242,68" />
</Scene>
<Scene>
<INIT seed="3,4,0,4,2,3" ten="164,326,200,310" oya="3" hai0="82,22,133,96,118,7,117,129,108,56,28,90,47" hai1="26,58,17,19,127,62,61,35,75,23,64,81,41" hai2="59,100,92,36,89,110,122,128,106,39,111,37,18" hai3="113,46,12,70,13,31,4,130,98,109,83,21,114"/><W93/><G70/><T30/><D47/><U33/><E41/><V48/><F100/><W45/><G130/><T10/><D56/><U135/><E127/><V14/><F106/><W20/><G109/><N who="2" m="41481" /><F122/><W73/><G73/><T104/><D108/><U103/><E135/><V57/><F48/><W121/><G121/><T126/><D82/><U15/><E103/><V63/><F128/><W27/><G83/><T8/><D90/><U80/><E62/><V102/><F102/><N who="3" m="60751" /><G114/><T95/><D95/><U49/><E49/><V32/><F32/><W66/><G66/><T16/><D96/><U107/><E107/><V38/><F63/><W76/><G76/><T79/><D79/><U120/><E120/><V115/><F115/><W1/><G1/><N who="0" m="111" /><D104/><U78/><E81/><V68/><F68/><W6/><G113/><T34/><D129/><U54/><E64/><V131/><F131/><W124/><G124/><T40/><D126/><U119/><E119/><V52/><F39/><W51/><G45/><T11/><D34/><U85/><E75/><V77/><F77/><W123/><G123/><T99/><D118/><U55/><E55/><V43/><F43/><N who="3" m="25055" /><G21/><AGARI ba="4,0" hai="15,17,19,21,23,26,33,35,54,58,61,78,80,85" machi="21" ten="30,1000,0" yaku="7,1" doraHai="3" who="1" fromWho="3" sc="164,0,326,22,200,0,310,-22" />
</Scene>
<Scene>
<INIT seed="4,0,0,2,3,122" ten="164,348,200,288" oya="0" hai0="40,82,89,77,11,4,67,26,64,62,27,32,72" hai1="134,48,54,129,75,130,70,28,49,79,42,23,21" hai2="6,112,109,90,119,124,46,52,107,34,22,125,103" hai3="66,87,69,85,84,86,14,114,73,121,56,120,15"/><T111/><D64/><U108/><E70/><V16/><F34/><W78/><G69/><T47/><D89/><U91/><E42/><V17/><F119/><W37/><G37/><N who="0" m="21903" /><D32/><U18/><E28/><V80/><F6/><W104/><G104/><T88/><D88/><U96/><E79/><V39/><F39/><W31/><G31/><T55/><D55/><U29/><E75/><V45/><F103/><W81/><G114/><T95/><D95/><U53/><E29/><V110/><F90/><W93/><G66/><T43/><D43/><U35/><E35/><V115/><F80/><W0/><G0/><N who="0" m="391" /><D111/><N who="2" m="42506" /><F107/><W76/><G56/><AGARI ba="0,0" hai="26,27,56,62,67,72,77,82" m="391,21903" machi="56" ten="30,1500,0" yaku="25,1" doraHai="122" who="0" fromWho="3" sc="164,15,348,0,200,0,288,-15" />
</Scene>
<Scene>
<INIT seed="4,1,0,0,5,64" ten="179,348,200,273" oya="0" hai0="6,84,54,120,77,63,125,36,95,59,71,48,62" hai1="15,73,40,117,32,14,133,100,109,88,30,55,87" hai2="135,61,34,45,103,66,29,53,81,38,31,122,37" hai3="12,27,104,93,114,111,43,65,41,78,47,115,92"/><T7/><D120/><U44/><E73/><V128/><F122/><W24/><G104/><T68/><D36/><U2/><E2/><V127/><F135/><W99/><G111/><T76/><D125/><U13/><E117/><V33/><F127/><W129/><G129/><T70/><D95/><U28/><E109/><V26/><F128/><W11/><G78/><T119/><D119/><U132/><E100/><V108/><F108/><W60/><G114/><T51/><D84/><U101/><E101/><V46/><F81/><W49/><G43/><T98/><D98/><U94/><E55/><V20/><F103/><W72/><G72/><T113/><D113/><U25/><REACH who="1" step="1"/><E30/><REACH who="1" ten="179,338,200,273" step="2"/><V39/><F31/><W50/><G115/><T58/><D70/><U19/><E19/><V42/><F53/><AGARI ba="1,1" hai="6,7,48,51,53,54,58,59,62,63,68,71,76,77" machi="53" ten="25,9600,0" yaku="22,2,52,2" doraHai="64" who="0" fromWho="2" sc="179,109,338,0,200,-99,273,0" />
</Scene>
<Scene>
<INIT seed="4,2,0,2,5,113" ten="288,338,101,273" oya="0" hai0="33,100,123,17,10,130,121,83,72,29,40,98,118" hai1="107,59,13,4,87,19,63,11,80,116,25,64,61" hai2="111,102,90,39,104,1,44,22,15,42,82,46,135" hai3="28,110,134,69,66,37,96,9,105,56,68,2,77"/><T52/><D40/><U89/><E107/><V120/><F1/><W20/><G110/><T49/><D33/><U88/><E116/><V58/><F111/><W109/><G109/><T14/><D29/><U131/><E131/><V51/><F120/><W34/><G20/><T16/><D130/><U50/><E50/><V43/><F135/><W48/><G48/><T6/><D118/><U127/><E127/><V8/><F22/><W0/><G56/><T65/><D65/><U75/><E75/><V91/><F58/><W119/><G134/><T5/><D121/><U53/><E25/><V85/><F102/><N who="3" m="62663" /><G77/><T86/><D123/><U47/><E4/><V97/><F97/><W84/><G84/><T12/><D72/><U71/><REACH who="1" step="1"/><E47/><REACH who="1" ten="288,328,101,273" step="2"/><V128/><F104/><W36/><G119/><T30/><D6/><U54/><E54/><V31/><F128/><W103/><G66/><T95/><D30/><U73/><E73/><V132/><F31/><W55/><G55/><T41/><D41/><U32/><E32/><V115/><F132/><W62/><G34/><T3/><D3/><U35/><E35/><V114/><F115/><W122/><G28/><T70/><D14/><U124/><E124/><V26/><F26/><W108/><G122/><T57/><REACH who="0" step="1"/><D70/><REACH who="0" ten="278,328,101,273" step="2"/><U67/><E67/><V81/><F114/><W45/><G108/><T21/><D21/><U92/><E92/><V78/><REACH who="2" step="1"/><F82/><REACH who="2" ten="278,328,91,273" step="2"/><W74/><G69/><T27/><D27/><U38/><E38/><V23/><F23/><W99/><G68/><T133/><D133/><U129/><E129/><V24/><F24/><RYUUKYOKU ba="2,3" sc="278,10,328,10,91,10,273,-30" hai0="5,10,12,16,17,49,52,57,83,86,95,98,100" hai1="11,13,19,53,59,61,63,64,71,80,87,88,89" hai2="8,15,39,42,43,44,46,51,78,81,85,90,91" />
</Scene>
<Scene>
<INIT seed="4,3,3,3,4,91" ten="288,338,101,243" oya="0" hai0="52,63,26,103,85,94,65,59,11,25,125,49,98" hai1="115,10,110,130,20,102,111,55,135,16,129,133,17" hai2="12,8,48,39,93,27,36,41,66,76,24,122,124" hai3="106,83,58,28,30,126,43,37,13,82,29,92,78"/><T32/><D125/><U54/><E102/><V45/><F122/><W109/><G106/><T64/><D32/><U22/><REACH who="1" step="1"/><E10/><REACH who="1" ten="288,328,101,243" step="2"/><V21/><F124/><W105/><G126/><T67/><D11/><U44/><E44/><V107/><F107/><W38/><G109/><T75/><D75/><U6/><E6/><V70/><F8/><W104/><G105/><T79/><D63/><U9/><E9/><V42/><F45/><W60/><G104/><T47/><D47/><U19/><E19/><V61/><F61/><W84/><G38/><T72/><D72/><U71/><E71/><V132/><F70/><W108/><G108/><T23/><D23/><U128/><E128/><V81/><F39/><W131/><G131/><T77/><D77/><U123/><E123/><V69/><F36/><W57/><G37/><T3/><D3/><U88/><E88/><V33/><F69/><W7/><G43/><T114/><D114/><AGARI ba="3,4" hai="16,17,20,22,54,55,110,111,114,115,129,130,133,135" machi="114" ten="25,6400,0" yaku="1,1,22,2,54,1,53,0" doraHai="91" doraHaiUra="74" who="1" fromWho="0" sc="288,-73,328,113,101,0,243,0" />
</Scene>
<Scene>
<INIT seed="5,0,0,0,1,12" ten="215,441,101,243" oya="1" hai0="97,60,105,48,55,21,46,112,117,36,39,82,119" hai1="41,110,79,14,125,98,56,47,87,63,94,64,114" hai2="116,18,45,16,58,65,99,20,27,128,57,111,22" hai3="120,68,89,123,61,113,90,124,71,34,118,104,81"/><U42/><E114/><V23/><F116/><W33/><G113/><T107/><D112/><U28/><E125/><V72/><F72/><W83/><G118/><T85/><D117/><U4/><E28/><N who="2" m="17511" /><F111/><W35/><G104/><T101/><D119/><U40/><E110/><V88/><F45/><W2/><G2/><T1/><D1/><U53/><E64/><V122/><F122/><W77/><G77/><T76/><D107/><U8/><E87/><V38/><F38/><W5/><G5/><T26/><REACH who="0" step="1"/><D60/><REACH who="0" ten="205,441,101,243" step="2"/><U0/><E0/><V29/><F128/><W103/><G61/><T131/><D131/><U106/><E106/><V100/><F29/><AGARI ba="0,1" hai="21,26,29,36,39,46,48,55,76,82,85,97,101,105" machi="29" ten="30,2000,0" yaku="1,1,7,1,53,0" doraHai="12" doraHaiUra="32" who="0" fromWho="2" sc="205,30,441,0,101,-20,243,0" />
</Scene>
<Scene>
<INIT seed="6,0,0,4,5,119" ten="235,441,81,243" oya="2" hai0="68,22,109,127,83,50,125,115,0,104,59,14,100" hai1="35,18,25,85,131,64,70,114,81,67,76,92,97" hai2="77,49,61,12,26,29,13,4,102,99,53,46,3" hai3="65,63,28,96,95,133,62,55,106,124,30,105,101"/><V2/><F77/><W112/><G124/><N who="0" m="47691" /><D0/><U116/><E116/><V74/><F74/><W33/><G133/><T66/><D109/><U11/><E70/><V44/><F44/><W126/><G126/><T6/><D115/><U111/><E111/><V132/><F132/><W71/><G112/><T130/><D130/><U135/><E114/><V75/><F75/><W21/><G33/><T79/><D68/><U54/><E131/><V128/><F128/><W90/><G21/><T87/><D104/><U110/><E135/><V89/><F89/><W117/><G117/><T24/><D100/><U120/><E35/><V48/><F48/><W38/><G38/><T43/><D66/><U118/><E118/><V27/><F61/><W82/><G105/><T34/><D34/><U121/><E64/><V107/><F26/><W42/><G42/><T15/><D6/><U56/><E67/><V9/><REACH who="2" step="1"/><F2/><REACH who="2" ten="235,441,71,243" step="2"/><W17/><G63/><T8/><D43/><U94/><E110/><V45/><F45/><W19/><G90/><T129/><D129/><U16/><E25/><V7/><F7/><W122/><G62/><T78/><D78/><U84/><E76/><V39/><F39/><W73/><G73/><T57/><D50/><U23/><E56/><V80/><F80/><W1/><G82/><T37/><D37/><U93/><E81/><V32/><AGARI ba="0,1" hai="3,4,9,12,13,27,29,32,46,49,53,99,102,107" machi="32" ten="20,7800,0" yaku="1,1,0,1,7,1,53,1" doraHai="119" doraHaiUra="5" who="2" fromWho="2" sc="235,-26,441,-26,71,88,243,-26" />
</Scene>
<Scene>
<INIT seed="6,1,0,4,1,17" ten="209,415,159,217" oya="2" hai0="117,88,96,34,123,77,7,75,33,45,115,39,12" hai1="24,0,124,131,15,81,129,118,94,103,130,90,57" hai2="120,74,9,47,62,80,61,53,65,31,66,43,110" hai3="59,46,27,73,8,121,60,105,126,19,49,102,16"/><V35/><F120/><W91/><G121/><T28/><D123/><U97/><E0/><V10/><F110/><W85/><G73/><T26/><D75/><U89/><E118/><V63/><F53/><N who="3" m="29879" /><G105/><T86/><D77/><U14/><E124/><V67/><F35/><W22/><G102/><T37/><D96/><U122/><E122/><V29/><F74/><W125/><G125/><T108/><D108/><U135/><E135/><V2/><F80/><N who="3" m="49575" /><G126/><T92/><D117/><U40/><E40/><V58/><F58/><W52/><G8/><N who="2" m="3177" /><F2/><W48/><G19/><T119/><D119/><U69/><E69/><V21/><F21/><W44/><G60/><N who="2" m="15361" /><V42/><DORA hai="82" /><F47/><AGARI ba="1,0" hai="16,22,27,44,47,48,52,59" m="49575,29879" machi="47" ten="30,8000,1" yaku="8,1,52,2,54,2" doraHai="17,82" who="3" fromWho="2" sc="209,0,415,0,159,-83,217,83" />
</Scene>
<Scene>
<INIT seed="7,0,0,1,2,8" ten="209,415,76,300" oya="3" hai0="5,31,35,129,29,99,66,107,79,88,17,76,94" hai1="36,126,49,86,117,9,15,77,55,122,95,7,46" hai2="119,84,72,59,12,60,114,82,98,2,70,92,64" hai3="96,47,33,22,19,133,101,6,62,115,26,52,40"/><W37/><G115/><T1/><D129/><U93/><E122/><V125/><F2/><W120/><G120/><T97/><D1/><U121/><E121/><V53/><F114/><W134/><G33/><T21/><D5/><U124/><E36/><V80/><F119/><W130/><G130/><T65/><D35/><U83/><E117/><V0/><F0/><W51/><G62/><T81/><D31/><U11/><E11/><V105/><F125/><AGARI ba="0,0" hai="7,9,15,46,49,55,77,83,86,93,95,124,125,126" machi="125" ten="40,2600,0" yaku="18,1,52,1" doraHai="8" who="1" fromWho="2" sc="209,0,415,26,76,-26,300,0" owari="209,-19.0,441,54.0,50,-45.0,300,10.0" />
</Scene>
</mjloggm>