<mjloggm ver="2.3"><GO type="233"/><UN n0="%4B%E3%80%82" n1="%53%48%49%53%55%4B%45" n2="%E3%82%B4%E3%83%9F%E3%82%AF%E3%82%BA%E4%B8%83%E6%AE%B5" n3="%E5%A4%AA%E3%81%8F%E3%81%AA%E3%81%84%E3%81%8A" dan="16,16,17,17" rate="2078,2067,2041,2156" sx="M,M,F,M"/><TAIKYOKU oya="0"/>

<Scene>
<INIT seed="0,0,0,2,1,102" ten="250,250,250,250" oya="0" hai0="60,89,5,12,6,29,7,32,122,120,8,0,76" hai1="33,112,99,51,36,30,61,78,84,21,126,41,49" hai2="37,100,68,110,97,43,93,73,105,64,16,1,25" hai3="58,92,115,74,59,88,101,81,71,62,135,3,114"/><T134/><D134/><U45/><E33/><V50/><F1/><W130/><G3/><T123/><D76/><U129/><E126/><V35/><F73/><W34/><G34/><T14/><D60/><U44/><E129/><V86/><F37/><W57/><G130/><T70/><D70/><U113/><E61/><V104/><F110/><W72/><G135/><T27/><D89/><U52/><E36/><V96/><F43/><W42/><G42/><T121/><N who="0" m="30720" /><DORA hai="28" /><T38/><D38/><U40/><E99/><V111/><F111/><W53/><G101/><T56/><D56/><U66/><E66/><V55/><F86/><W133/><G133/><T125/><D125/><U124/><E124/><V109/><F97/><W46/><G46/><T83/><D83/><N who="1" m="47223" /><E112/><V80/><F80/><W131/><G131/><T91/><D91/><U26/><E113/><V22/><F35/><W18/><G71/><T39/><D39/><U11/><E41/><V48/><F109/><W75/><G81/><T47/><D47/><U17/><E11/><V132/><F132/><W94/><G114/><T107/><D107/><U106/><E106/><V24/><F24/><W10/><G115/><T31/><D31/><AGARI ba="0,0" hai="17,21,26,30,31,40,44,45,49,51,52" m="47223" machi="31" ten="30,2000,0" yaku="8,1,54,1" doraHai="102,28" who="1" fromWho="0" sc="250,-20,250,20,250,0,250,0" />
</Scene>
<Scene>
<INIT seed="1,0,0,1,5,111" ten="230,270,250,250" oya="1" hai0="2,9,124,66,81,132,115,45,28,62,48,113,84" hai1="49,80,85,27,106,38,76,135,94,5,21,17,7" hai2="47,105,110,119,39,104,79,30,98,63,122,72,50" hai3="97,4,102,134,35,96,37,73,83,112,117,29,19"/><U6/><E38/><V127/><F119/><W114/><G37/><T54/><D132/><U69/><E106/><V33/><F122/><W65/><G4/><T12/><D124/><U58/><E69/><V130/><F39/><W10/><G65/><T25/><D2/><U82/><E135/><V125/><F110/><W107/><G134/><T118/><D118/><U88/><REACH who="1" step="1"/><E76/><REACH who="1" ten="230,260,250,250" step="2"/><V86/><F105/><W75/><G117/><T32/><D66/><U123/><E123/><V89/><F104/><W92/><G107/><T103/><D103/><U120/><E120/><V101/><F79/><W93/><G102/><T15/><D62/><U16/><E16/><V100/><F63/><W11/><G19/><T34/><D34/><U68/><E68/><V46/><F33/><W18/><G18/><T116/><D116/><U74/><E74/><V60/><F72/><W43/><G35/><T87/><D87/><U40/><E40/><V128/><F60/><W23/><G43/><T61/><D61/><U57/><E57/><V64/><F101/><W99/><G75/><T55/><D54/><AGARI ba="0,1" hai="5,6,7,17,21,27,49,54,58,80,82,85,88,94" machi="54" ten="40,7700,0" yaku="1,1,8,1,54,1,53,0" doraHai="111" doraHaiUra="59" who="1" fromWho="0" sc="230,-77,260,87,250,0,250,0" />
</Scene>
<Scene>
<INIT seed="1,1,0,5,5,90" ten="153,347,250,250" oya="1" hai0="125,123,114,41,21,29,9,76,112,110,67,2,69" hai1="37,98,13,45,92,49,11,64,128,34,82,87,54" hai2="80,108,59,107,124,83,126,135,38,3,95,8,12" hai3="28,6,131,133,56,102,91,118,81,130,7,32,42"/><U46/><E34/><V39/><F107/><W94/><G133/><T61/><D125/><N who="2" m="48234" /><F3/><W26/><G118/><T103/><D110/><U20/><E128/><N who="3" m="49194" /><G42/><T111/><D111/><U60/><E20/><V121/><F121/><W25/><G25/><T66/><D123/><U43/><E87/><V97/><F135/><W31/><G31/><T52/><D76/><U72/><E82/><N who="2" m="31275" /><F59/><W84/><G56/><T65/><D41/><U86/><E86/><V62/><F62/><W4/><G102/><T55/><D103/><U74/><E60/><V17/><F108/><W48/><G48/><T106/><D106/><U18/><REACH who="1" step="1"/><E64/><REACH who="1" ten="153,337,250,250" step="2"/><V99/><F97/><W36/><G81/><T51/><D67/><U0/><E0/><V44/><F44/><W70/><G32/><T27/><D66/><U58/><E58/><V47/><F47/><W132/><G132/><T117/><D117/><U35/><E35/><V101/><AGARI ba="1,1" hai="8,12,17,38,39,95,99,101" m="31275,48234" machi="101" ten="30,2000,0" yaku="18,1,52,1" doraHai="90" who="2" fromWho="2" sc="153,-6,337,-11,250,33,250,-6" />
</Scene>
<Scene>
<INIT seed="2,0,0,3,2,125" ten="147,326,283,244" oya="2" hai0="94,128,39,64,11,32,107,6,90,112,76,28,83" hai1="105,0,99,132,115,96,62,10,12,70,20,129,42" hai2="55,29,88,27,117,34,50,75,54,134,113,114,36" hai3="8,91,97,60,31,24,67,38,131,33,63,95,81"/><V89/><F117/><W16/><G38/><T18/><D112/><U45/><E115/><V77/><F36/><W21/><G131/><T135/><D107/><U103/><E129/><V37/><F37/><W58/><G8/><T106/><D39/><U66/><E132/><V14/><F134/><W85/><G63/><T71/><D135/><U22/><E99/><V68/><F68/><W104/><G104/><T40/><D106/><U133/><E0/><V1/><F1/><W57/><G57/><T108/><D40/><U17/><E133/><V73/><F75/><W130/><G130/><T121/><D121/><U98/><E98/><V87/><F73/><W123/><G123/><T110/><D128/><U13/><E13/><V52/><F114/><W86/><REACH who="3" step="1"/><G81/><REACH who="3" ten="147,326,283,234" step="2"/><T120/><D120/><U79/><E62/><V80/><F113/><W61/><G61/><T124/><D124/><U23/><E70/><V7/><REACH who="2" step="1"/><F50/><REACH who="2" ten="147,326,273,234" step="2"/><W46/><G46/><T44/><D44/><U56/><E45/><V30/><F30/><W109/><G109/><T2/><D110/><U127/><E127/><V9/><AGARI ba="0,2" hai="7,9,14,27,29,34,52,54,55,77,80,87,88,89" machi="9" ten="30,12000,1" yaku="1,1,0,1,54,2,53,1" doraHai="125" doraHaiUra="5" who="2" fromWho="2" sc="147,-40,326,-40,273,140,234,-40" />
</Scene>
<Scene>
<INIT seed="2,1,0,1,1,35" ten="107,286,413,194" oya="2" hai0="45,122,128,105,21,114,77,47,61,32,110,18,41" hai1="26,66,100,79,101,42,88,64,130,1,9,37,62" hai2="111,8,117,135,19,104,86,51,72,102,113,17,78" hai3="118,25,123,91,48,83,70,134,125,16,112,44,133"/><V57/><F113/><W34/><G123/><T96/><D114/><U30/><E130/><V131/><F117/><W75/><G118/><T31/><D122/><U0/><E79/><V124/><F72/><W67/><G112/><T55/><D128/><U89/><E9/><V98/><F131/><W95/><G125/><T4/><D110/><U60/><E42/><V107/><F135/><N who="3" m="51723" /><G70/><T85/><D105/><U108/><E108/><V109/><F124/><W52/><G67/><T58/><D96/><U74/><E74/><V97/><F107/><W23/><G34/><T10/><D32/><U129/><E129/><V121/><F98/><N who="3" m="57727" /><G83/><N who="0" m="47343" /><D31/><U106/><E106/><V90/><F121/><W54/><G75/><T3/><D41/><AGARI ba="1,0" hai="16,23,25,41,44,48,52,54" m="57727,51723" machi="41" ten="30,3900,0" yaku="20,1,54,2" doraHai="35" who="3" fromWho="0" sc="107,-42,286,0,413,0,194,42" />
</Scene>
<Scene>
<INIT seed="3,0,0,0,1,20" ten="65,286,413,236" oya="3" hai0="42,104,73,79,106,39,63,96,115,88,84,14,12" hai1="51,132,45,108,74,3,37,29,69,129,56,128,65" hai2="11,9,57,97,58,82,35,121,109,94,17,34,24" hai3="5,38,31,48,4,83,86,23,71,135,2,89,93"/><W60/><G38/><T64/><D115/><U107/><E107/><V130/><F109/><W77/><G135/><T66/><D39/><U101/><E101/><V119/><F119/><W7/><G2/><T100/><D42/><U15/><E3/><V123/><F130/><W44/><G71/><T40/><D40/><U32/><E74/><V52/><F82/><W41/><G60/><T22/><D106/><U122/><E122/><N who="2" m="46603" /><F57/><W133/><G133/><T19/><D14/><U99/><E99/><V54/><F17/><W70/><G70/><T113/><D113/><U21/><E132/><V10/><F24/><N who="3" m="16799" /><G93/><T6/><D6/><N who="3" m="1537" /><W47/><DORA hai="67" /><G47/><T1/><D1/><U13/><E37/><V87/><F87/><W36/><G36/><T75/><D75/><U25/><E69/><V28/><F28/><W8/><G8/><N who="2" m="3177" /><F58/><W125/><G125/><T131/><D131/><U16/><E56/><V90/><N who="2" m="3185" /><V91/><DORA hai="61" /><F91/><AGARI ba="0,0" hai="41,44,48,77,83,86,89,91" m="1537,16799" machi="91" ten="30,2900,0" yaku="8,1,52,1" doraHai="20,67,61" who="3" fromWho="2" sc="65,0,286,0,413,-29,236,29" />
</Scene>
<Scene>
<INIT seed="3,1,0,5,5,80" ten="65,286,384,265" oya="3" hai0="23,58,30,59,45,123,41,20,76,85,118,28,113" hai1="69,84,86,61,119,32,19,112,10,122,124,18,100" hai2="40,101,96,25,99,11,4,134,44,92,129,29,77" hai3="104,75,102,68,95,117,57,55,132,82,67,43,108"/><W73/><G117/><T56/><D123/><U5/><E122/><V37/><F134/><W2/><G2/><T65/><D118/><U70/><E32/><V38/><F129/><W6/><G6/><T103/><D113/><U24/><E119/><V13/><F77/><W34/><G34/><T128/><D128/><U62/><E100/><V131/><F131/><W107/><G43/><T64/><D103/><U66/><E112/><V9/><F99/><W78/><G75/><T90/><D76/><U35/><E124/><V97/><F97/><W105/><G132/><T1/><D1/><U51/><E51/><V130/><F130/><W91/><G108/><T94/><D23/><U93/><E93/><V0/><F38/><W111/><G111/><T49/><REACH who="0" step="1"/><D20/><REACH who="0" ten="55,286,384,265" step="2"/><U114/><E114/><V127/><F101/><W15/><G102/><T54/><D54/><U109/><E109/><V63/><F0/><W125/><G55/><T16/><D16/><U26/><E19/><V22/><F22/><W81/><G78/><T50/><D50/><U133/><E133/><V47/><F37/><W121/><G121/><T120/><D120/><U7/><E18/><V87/><F4/><W33/><G33/><T21/><D21/><U17/><E17/><V12/><F13/><W36/><G15/><T48/><D48/><U115/><E115/><V42/><F12/><W110/><G36/><T98/><D98/><U72/><E35/><V53/><F96/><N who="3" m="57471" /><G110/><T126/><D126/><U3/><E3/><V74/><F127/><W79/><G125/><T52/><D52/><U27/><E5/><RYUUKYOKU ba="1,1" sc="55,30,286,-10,384,-10,265,-10" hai0="28,30,41,45,49,56,58,59,64,65,85,90,94" />
</Scene>
<Scene>
<INIT seed="4,2,1,1,4,80" ten="85,276,374,255" oya="0" hai0="83,30,52,103,127,13,91,81,68,121,122,4,111" hai1="90,62,110,113,17,12,100,11,75,108,57,130,82" hai2="40,78,89,15,116,133,36,132,27,26,8,18,99" hai3="84,49,51,37,97,35,54,67,102,6,114,59,28"/><T1/><D68/><U134/><E100/><V7/><F116/><W16/><G37/><T77/><D1/><U107/><E107/><V63/><F78/><W39/><G39/><T21/><D127/><U131/><E134/><N who="2" m="51819" /><F63/><W76/><G114/><T64/><D64/><U135/><E135/><V58/><F58/><W94/><G6/><T92/><D111/><U106/><E106/><V9/><F40/><W119/><G119/><T101/><D122/><U85/><E75/><V128/><F128/><N who="1" m="49193" /><E113/><V23/><F36/><W24/><G67/><AGARI ba="2,1" hai="11,12,17,57,62,67,82,85,90,108,110" m="49193" machi="67" ten="30,2000,0" yaku="19,1,52,1" doraHai="80" who="1" fromWho="3" sc="85,0,276,36,374,0,255,-26" />
</Scene>
<Scene>
<INIT seed="5,0,0,1,2,61" ten="85,312,374,229" oya="1" hai0="65,95,82,108,69,114,19,38,36,115,8,17,30" hai1="78,101,131,40,31,22,62,83,67,15,2,134,127" hai2="112,48,120,74,84,124,29,133,123,85,54,99,24" hai3="11,44,50,26,63,28,1,57,109,91,5,116,100"/><U104/><E2/><V107/><F74/><W23/><G109/><T41/><D108/><U110/><E110/><V43/><F133/><W125/><G125/><T72/><D30/><U75/><E127/><V77/><F124/><W94/><G116/><T76/><D95/><U117/><E117/><V87/><F43/><W92/><G100/><T47/><D38/><U7/><E134/><V64/><F77/><W135/><G135/><T39/><D39/><U93/><E104/><V6/><F6/><W53/><REACH who="3" step="1"/><G91/><REACH who="3" ten="85,312,374,219" step="2"/><T128/><D128/><U37/><E131/><V102/><F102/><W27/><G27/><T70/><D70/><U89/><E101/><V56/><F24/><W71/><G71/><T51/><D36/><U68/><E37/><V111/><F111/><W132/><G132/><T0/><D0/><U45/><E89/><V90/><F90/><W73/><G73/><T13/><REACH who="0" step="1"/><D19/><REACH who="0" ten="75,312,374,219" step="2"/><U12/><E31/><V105/><F29/><W97/><G97/><T86/><D86/><U16/><E75/><V58/><F84/><W118/><G118/><T20/><D20/><U34/><E22/><V46/><F85/><W113/><G113/><T122/><D122/><U98/><E16/><V35/><F112/><W121/><G121/><T52/><D52/><AGARI ba="0,2" hai="1,5,11,23,26,28,44,50,52,53,57,63,92,94" machi="52" ten="30,3900,0" yaku="1,1,7,1,54,1,53,0" doraHai="61" doraHaiUra="81" who="3" fromWho="0" sc="75,-39,312,0,374,0,219,59" />
</Scene>
<Scene>
<INIT seed="6,0,0,2,4,120" ten="36,312,374,278" oya="2" hai0="45,99,122,3,121,10,132,109,63,49,130,125,65" hai1="11,91,80,114,81,17,127,133,25,15,89,116,113" hai2="117,4,44,79,62,22,2,84,95,13,74,83,51" hai3="75,77,87,16,68,46,128,90,50,119,104,31,21"/><V42/><F117/><W26/><G119/><T6/><D99/><U73/><E116/><V33/><F33/><W97/><G68/><T57/><D132/><U18/><E133/><V58/><F2/><W82/><G128/><T48/><D130/><U69/><E69/><V118/><F118/><W64/><G64/><T126/><D122/><U134/><E134/><V85/><F95/><W107/><G97/><T14/><D121/><U93/><E127/><V71/><F71/><W20/><G75/><T34/><D34/><U96/><E73/><V54/><F22/><W37/><G37/><T108/><D3/><U35/><E18/><V78/><F74/><W32/><G77/><T1/><D1/><U111/><E35/><V88/><F85/><W5/><G5/><T40/><REACH who="0" step="1"/><D49/><REACH who="0" ten="26,312,374,278" step="2"/><U8/><E96/><V56/><F51/><W7/><G32/><T53/><D53/><U43/><E114/><V103/><F54/><W115/><G115/><T39/><D39/><U30/><E113/><V129/><F129/><W61/><G61/><T59/><D59/><U106/><E106/><V92/><F58/><W55/><REACH who="3" step="1"/><G7/><REACH who="3" ten="26,312,374,268" step="2"/><T29/><D29/><U131/><E30/><V76/><F62/><W70/><G70/><T101/><D101/><U110/><E131/><V112/><F103/><W23/><G23/><T94/><D94/><U86/><E93/><V9/><F112/><W52/><G52/><T72/><D72/><U67/><E67/><V135/><F135/><W28/><G28/><T12/><D12/><AGARI ba="0,2" hai="12,16,20,21,26,31,46,50,55,82,87,90,104,107" machi="12" ten="30,3900,0" yaku="1,1,7,1,54,1,53,0" doraHai="120" doraHaiUra="60" who="3" fromWho="0" sc="26,-39,312,0,374,0,268,59" owari="-13,-51.0,312,-9.0,374,47.0,327,13.0" />
</Scene>
</mjloggm>