<mjloggm ver="2.3"><GO type="169"/><UN n0="%E5%A4%AA%E3%81%8F%E3%81%AA%E3%81%84%E3%81%8A" n1="%E6%98%93%E5%88%A9%E8%96%A9%E4%BC%AF" n2="%E3%81%B2%E3%81%BD%E3%81%8D%E3%82%88%E3%81%97" n3="%E3%81%B9%E3%81%A3%E3%81%93%E3%83%BC%E2%99%AA" dan="18,16,18,16" rate="2185,2066,2168,2111" sx="M,F,M,F"/><TAIKYOKU oya="0"/>

<Scene>
<INIT seed="0,0,0,5,2,26" ten="250,250,250,250" oya="0" hai0="58,129,135,10,3,72,9,44,36,49,119,42,61" hai1="53,105,24,130,34,62,6,127,77,57,22,113,4" hai2="103,2,87,41,118,27,101,16,91,23,86,93,15" hai3="63,108,55,5,73,68,75,83,97,106,11,123,82"/><T40/><D119/><U84/><E130/><V99/><F2/><W35/><G123/><T46/><D72/><U45/><E127/><V71/><F71/><W43/><G82/><T74/><D74/><U107/><E34/><V116/><F41/><W30/><G43/><T65/><D129/><U37/><E113/><V38/><F38/><W52/><G108/><T124/><D124/><U79/><E37/><V33/><F87/><W31/><G35/><T59/><D135/><U12/><E107/><V131/><F131/><W70/><G83/><T54/><REACH who="0" step="1"/><D3/><REACH who="0" ten="240,250,250,250" step="2"/><U66/><E105/><V92/><F118/><W20/><G106/><T88/><D88/><U114/><E114/><V19/><F116/><W94/><G73/><T0/><D0/><U80/><E79/><V126/><F126/><W133/><G75/><T132/><D132/><U95/><E95/><V48/><F93/><W29/><G133/><T17/><D17/><U109/><E109/><V121/><F121/><W102/><G20/><T56/><D56/><U60/><E77/><V8/><F33/><W13/><REACH who="3" step="1"/><G70/><REACH who="3" ten="240,250,250,240" step="2"/><T64/><D64/><AGARI ba="0,2" hai="5,11,13,29,30,31,52,55,63,64,68,94,97,102" machi="64" ten="40,12000,2" yaku="1,1,2,1,52,3,54,1,53,1" doraHai="26" doraHaiUra="1" who="3" fromWho="0" sc="240,-120,250,0,250,0,240,140" />
</Scene>
<Scene>
<INIT seed="1,0,0,1,5,71" ten="120,250,250,380" oya="1" hai0="29,81,85,83,64,24,124,33,35,38,2,25,7" hai1="4,28,42,9,32,107,57,99,47,62,22,21,105" hai2="110,17,128,96,108,67,80,111,122,119,23,68,18" hai3="54,52,3,51,103,100,133,40,60,94,117,59,82"/><U46/><E32/><V34/><F119/><W130/><G117/><T90/><D124/><U50/><E47/><V112/><F122/><W53/><G3/><T5/><D64/><U79/><E22/><V131/><F80/><W134/><G130/><N who="2" m="49705" /><F96/><W48/><G82/><T74/><D2/><U19/><E28/><V126/><F68/><W118/><G118/><T56/><D56/><U45/><E79/><V113/><F67/><W12/><G12/><T49/><D49/><N who="3" m="19017" /><G40/><T116/><D116/><U30/><E30/><V86/><F34/><W39/><G39/><T91/><D29/><U120/><E99/><V102/><F126/><W37/><G37/><T27/><D38/><U14/><E46/><V72/><F72/><W125/><G125/><T73/><REACH who="0" step="1"/><D25/><REACH who="0" ten="110,250,250,380" step="2"/><U31/><E31/><V88/><F111/><W11/><G59/><T1/><D1/><U44/><E44/><V6/><F110/><W15/><G60/><T84/><AGARI ba="0,1" hai="5,7,24,27,33,35,73,74,81,83,84,85,90,91" machi="84" ten="25,6400,0" yaku="1,1,0,1,22,2,53,0" doraHai="71" doraHaiUra="92" who="0" fromWho="0" sc="110,74,250,-32,250,-16,380,-16" />
</Scene>
<Scene>
<INIT seed="2,0,0,0,2,29" ten="184,218,234,364" oya="2" hai0="14,110,105,66,97,77,103,38,80,106,25,94,133" hai1="22,46,83,34,122,63,48,95,118,53,9,65,35" hai2="30,112,132,91,117,68,36,15,93,12,126,41,109" hai3="31,115,79,58,27,45,135,0,102,96,10,6,128"/><V51/><F117/><W62/><G135/><T74/><D38/><U121/><E118/><V47/><F112/><W85/><G115/><T88/><D66/><U98/><E83/><V60/><F132/><W3/><G45/><T86/><D133/><U7/><E22/><V101/><F126/><W104/><G128/><T92/><D14/><U76/><E76/><V20/><F101/><W2/><G85/><N who="0" m="52239" /><D25/><U26/><E26/><V89/><F89/><W17/><G79/><T113/><D113/><U81/><E81/><V111/><F36/><W82/><G82/><N who="0" m="45367" /><D110/><N who="2" m="41994" /><F60/><W18/><G18/><T73/><D73/><U42/><E42/><V107/><F68/><W67/><G17/><T70/><D70/><U127/><E127/><V43/><F43/><W130/><G130/><T131/><D131/><U134/><E134/><V87/><F107/><W1/><G1/><T21/><D21/><AGARI ba="0,0" hai="0,2,3,6,10,21,27,31,58,62,67,96,102,104" machi="21" ten="30,1000,0" yaku="7,1" doraHai="29" who="3" fromWho="0" sc="184,-10,218,0,234,0,364,10" />
</Scene>
<Scene>
<INIT seed="3,0,0,3,3,121" ten="174,218,234,374" oya="3" hai0="55,110,114,14,54,124,60,112,52,65,94,64,10" hai1="100,73,53,125,49,29,11,132,68,123,69,99,7" hai2="23,129,41,117,93,71,81,57,18,87,25,78,95" hai3="127,104,59,17,62,2,88,119,70,15,86,26,122"/><W128/><G104/><T102/><D124/><U43/><E123/><V46/><F71/><W111/><G122/><T84/><D110/><U36/><E125/><V133/><F129/><W32/><G127/><T116/><D116/><U61/><E73/><V101/><F133/><W4/><G70/><T98/><D84/><U47/><E29/><V58/><F117/><W31/><G119/><T89/><D102/><U39/><E39/><V24/><F24/><W67/><G128/><T74/><D74/><U0/><E132/><V107/><F107/><W22/><G86/><T8/><D8/><U134/><E134/><V6/><F6/><W34/><G88/><T38/><D38/><U130/><E130/><V21/><F21/><W108/><G32/><T79/><D79/><U27/><E27/><V103/><F95/><W106/><G106/><T12/><D12/><U80/><E80/><V97/><REACH who="2" step="1"/><F103/><REACH who="2" ten="174,218,224,374" step="2"/><W115/><G115/><N who="0" m="44075" /><D60/><U131/><E131/><V135/><F135/><W9/><AGARI ba="0,1" hai="2,4,9,15,17,22,26,31,34,59,62,67,108,111" machi="9" ten="30,12000,1" yaku="0,1,24,2,52,2" doraHai="121" who="3" fromWho="3" sc="174,-40,218,-40,224,-40,374,130" />
</Scene>
<Scene>
<INIT seed="3,1,0,5,1,129" ten="134,178,184,504" oya="3" hai0="9,58,100,89,126,69,44,4,53,102,24,54,118" hai1="130,8,115,90,76,25,34,65,55,92,106,85,128" hai2="63,2,39,31,81,95,73,5,67,112,37,26,56" hai3="125,77,131,3,78,107,21,41,105,7,52,66,15"/><W111/><G131/><T11/><D69/><U35/><E106/><V50/><F112/><W79/><G125/><T48/><D118/><U123/><E123/><V61/><F5/><W33/><G33/><T127/><D127/><U68/><E115/><V60/><F2/><W14/><G66/><T103/><D126/><U116/><E116/><V10/><F10/><W1/><G41/><T82/><D24/><U122/><E122/><V16/><F39/><W99/><G7/><T87/><REACH who="0" step="1"/><D4/><REACH who="0" ten="124,178,184,504" step="2"/><U74/><E130/><V93/><F26/><W80/><G111/><T42/><D42/><U0/><E128/><V12/><F31/><W109/><G109/><T121/><D121/><U110/><E110/><V57/><F67/><W30/><G52/><T18/><D18/><U113/><E68/><V91/><F16/><W62/><G30/><T64/><D64/><U27/><E65/><V96/><F37/><W134/><G21/><T104/><D104/><U97/><E35/><V22/><F22/><W83/><G105/><T46/><D46/><U38/><E38/><V23/><F23/><W101/><G107/><T88/><D88/><U6/><E113/><V51/><F57/><W36/><G36/><T117/><D117/><U108/><E108/><V43/><F56/><W28/><G28/><T120/><D120/><U47/><E34/><V124/><F43/><W29/><G29/><T70/><D70/><U17/><E17/><V72/><F124/><W13/><G101/><T19/><D19/><U49/><E27/><V32/><F32/><W94/><G62/><AGARI ba="1,1" hai="9,11,44,48,53,54,58,62,82,87,89,100,102,103" machi="62" ten="40,5200,0" yaku="1,1,8,1,53,1" doraHai="129" doraHaiUra="86" who="0" fromWho="3" sc="124,65,178,0,184,0,504,-55" />
</Scene>
<Scene>
<INIT seed="4,0,0,3,4,61" ten="189,178,184,449" oya="0" hai0="88,112,58,119,132,128,93,64,22,135,37,5,103" hai1="131,8,0,1,115,130,97,127,57,118,96,31,125" hai2="49,113,120,85,65,27,48,56,40,71,16,82,86" hai3="39,117,2,90,94,35,10,81,3,12,52,33,36"/><T116/><D37/><U41/><E41/><V111/><F111/><W98/><G117/><T68/><D68/><U60/><E118/><V9/><F113/><W129/><G35/><T122/><D122/><U91/><E31/><V15/><F71/><W29/><G29/><T114/><D103/><U50/><E8/><V26/><F86/><W108/><G33/><T92/><D5/><U47/><E91/><V59/><F120/><W124/><G108/><T44/><D44/><U14/><E14/><V25/><F56/><W55/><G2/><N who="1" m="1130" /><E47/><V18/><F18/><W105/><G3/><T99/><D22/><U62/><E50/><V77/><F40/><W100/><G124/><N who="1" m="47690" /><E115/><N who="0" m="44073" /><D128/><N who="1" m="49195" /><E57/><V13/><F13/><W123/><G129/><T21/><D21/><U69/><E69/><V6/><F6/><W45/><G45/><T101/><D119/><U4/><E4/><V109/><F109/><W28/><G39/><T87/><D116/><U7/><E7/><V74/><F74/><W34/><G36/><T80/><D80/><U73/><E73/><V102/><F102/><W104/><G81/><T54/><D54/><U106/><E106/><V17/><F17/><W67/><G100/><T42/><D42/><U30/><E30/><V84/><F84/><W32/><G28/><T46/><D46/><U24/><E24/><V43/><F43/><W38/><G55/><T75/><D75/><U66/><E66/><V134/><F49/><W19/><G67/><T72/><D72/><U95/><E95/><V76/><F48/><W53/><G53/><T89/><D101/><U63/><AGARI ba="0,0" hai="60,62,63,96,97" m="49195,47690,1130" machi="63" ten="40,8000,1" yaku="5,1,28,2,18,1,19,1" doraHai="61" who="1" fromWho="1" sc="189,-40,178,80,184,-20,449,-20" />
</Scene>
<Scene>
<INIT seed="5,0,0,4,0,31" ten="149,258,164,429" oya="1" hai0="121,51,106,130,82,108,67,38,58,5,112,122,87" hai1="62,19,29,69,43,123,94,117,118,124,14,8,113" hai2="93,133,75,64,41,65,84,127,77,0,21,119,23" hai3="63,28,81,90,129,39,34,76,48,61,47,135,116"/><U3/><E123/><N who="0" m="47113" /><D108/><U86/><E113/><V80/><F119/><W36/><G90/><T20/><D38/><U33/><E124/><V57/><F127/><W50/><G61/><N who="0" m="38327" /><D106/><U111/><E43/><V131/><F133/><W73/><G28/><T97/><D112/><U17/><E111/><V114/><F131/><W16/><G50/><T35/><D130/><U53/><E3/><V1/><F114/><W54/><G34/><T88/><D5/><U105/><E105/><V60/><F65/><W66/><G47/><T52/><D20/><U134/><E134/><V96/><F75/><W24/><G81/><T120/><N who="0" m="47121" /><T95/><DORA hai="55" /><D35/><U7/><E7/><V44/><F0/><W110/><G24/><T37/><D37/><U78/><E33/><V79/><F1/><W18/><G48/><T22/><D22/><U72/><E69/><V42/><F79/><W6/><G76/><T27/><D27/><U89/><E78/><V10/><F10/><W30/><G129/><T9/><D9/><U2/><E72/><V128/><F128/><W59/><G73/><T45/><D82/><U13/><E2/><V49/><REACH who="2" step="1"/><F41/><REACH who="2" ten="149,258,154,429" step="2"/><W104/><G135/><T71/><D71/><U103/><E118/><V91/><AGARI ba="0,1" hai="21,23,42,44,49,57,60,64,77,80,84,91,93,96" machi="91" ten="20,12000,2" yaku="1,1,2,1,0,1,7,1,8,1,52,1,53,0" doraHai="31,55" doraHaiUra="26,70" who="2" fromWho="2" sc="149,-30,258,-60,154,130,429,-30" />
</Scene>
<Scene>
<INIT seed="6,0,0,4,5,76" ten="119,198,284,399" oya="2" hai0="88,78,126,52,15,102,42,98,12,83,97,5,62" hai1="29,25,13,54,31,109,128,22,96,103,64,28,129" hai2="110,61,100,106,10,63,59,53,86,80,20,11,49" hai3="27,41,65,118,114,16,9,50,85,122,127,60,119"/><V46/><F110/><W101/><G122/><T30/><D126/><U89/><E109/><V84/><F84/><W14/><G127/><T108/><D108/><U130/><E64/><V74/><F74/><W6/><G101/><T18/><D42/><U17/><E54/><V92/><F106/><W4/><G114/><T45/><D30/><U120/><E120/><V115/><F63/><W116/><G27/><T26/><D26/><U24/><REACH who="1" step="1"/><E89/><REACH who="1" ten="119,188,284,399" step="2"/><V8/><F115/><W19/><G65/><T72/><D88/><U32/><E32/><V81/><F61/><W113/><G60/><T134/><D134/><U33/><E33/><V132/><F132/><W36/><G113/><T21/><D102/><U125/><E125/><V90/><F46/><W121/><G121/><T35/><D35/><U7/><E7/><V3/><F3/><W117/><G117/><T68/><D68/><U43/><E43/><V56/><F56/><W111/><G4/><T37/><D37/><U135/><E135/><V91/><F100/><W57/><G36/><T82/><D82/><N who="2" m="31850" /><F91/><W66/><G57/><T104/><D104/><AGARI ba="0,1" hai="13,17,22,24,25,28,29,31,96,103,104,128,129,130" machi="104" ten="50,3200,0" yaku="1,1,19,1,53,0" doraHai="76" doraHaiUra="69" who="1" fromWho="0" sc="119,-32,188,42,284,0,399,0" />
</Scene>
<Scene>
<INIT seed="7,0,0,4,0,93" ten="87,230,284,399" oya="3" hai0="121,13,7,96,1,6,54,34,109,10,120,106,108" hai1="31,38,48,128,33,71,28,130,133,50,22,15,2" hai2="126,107,111,35,44,117,0,42,32,81,53,3,18" hai3="20,103,14,125,76,98,134,4,19,112,122,114,55"/><W37/><G37/><T116/><D106/><U5/><E71/><V113/><F107/><W58/><G76/><T23/><D54/><U17/><E38/><V16/><F53/><W115/><G122/><T131/><D116/><U105/><E50/><V36/><F117/><W83/><G83/><T110/><D131/><N who="1" m="50219" /><E48/><V67/><F67/><W61/><G134/><T135/><D135/><U12/><E105/><V129/><F111/><W69/><G69/><T39/><D39/><U87/><E87/><V118/><F113/><W70/><G70/><T24/><D96/><U75/><E75/><V100/><F118/><W63/><G125/><T60/><D60/><U30/><E133/><V90/><F126/><W46/><G46/><T82/><D82/><U43/><E43/><V40/><F40/><W25/><G63/><T86/><D86/><U29/><E29/><V119/><F119/><W85/><G85/><T95/><D95/><U79/><E79/><V124/><F124/><W56/><G56/><T51/><D51/><U9/><E15/><V65/><F65/><W57/><G57/><T99/><D99/><U97/><E97/><V72/><F100/><W49/><G61/><T62/><D62/><U80/><E80/><V11/><F129/><W47/><G58/><T101/><D101/><U66/><E66/><V27/><F72/><W68/><G68/><T21/><D21/><U74/><E74/><V123/><F36/><W88/><G103/><T127/><D127/><U92/><E92/><V84/><F42/><W91/><G49/><T77/><D108/><U52/><E52/><RYUUKYOKU ba="0,0" sc="87,-10,230,30,284,-10,399,-10" hai1="2,5,9,12,17,22,28,30,31,33" owari="77,-42.0,260,-14.0,274,7.0,389,49.0" />
</Scene>
</mjloggm>