<mjloggm ver="2.3"><GO type="233"/><UN n0="%E5%A4%AA%E3%81%8F%E3%81%AA%E3%81%84%E3%81%8A" n1="%56%65%6E%75%73%53%61%79" n2="%E9%87%98%E5%AE%AE%E7%97%85%E6%82%A3%E8%80%85" n3="%E3%81%B5%E3%81%8B%E3%81%BF" dan="18,18,16,17" rate="2122,2160,2143,2120" sx="M,M,M,F"/><TAIKYOKU oya="0"/>

<Scene>
<INIT seed="0,0,0,2,2,8" ten="250,250,250,250" oya="0" hai0="11,0,12,88,42,15,14,124,93,18,58,102,35" hai1="76,23,114,66,135,72,106,126,119,110,103,34,113" hai2="107,111,62,128,117,4,70,51,101,10,53,94,25" hai3="44,104,40,121,3,16,45,31,49,54,90,118,108"/><T81/><D35/><U79/><E66/><V69/><F117/><W82/><G3/><T20/><D124/><U7/><E7/><V73/><F73/><W96/><G118/><T115/><D115/><U83/><E34/><V109/><F107/><W26/><G121/><T17/><D42/><U130/><E119/><V2/><F25/><W80/><G108/><N who="2" m="41545" /><F62/><W27/><G27/><N who="0" m="14735" /><D0/><U100/><E110/><V37/><F37/><W52/><G104/><T46/><D46/><U120/><E23/><V56/><F128/><W22/><G31/><T74/><D74/><U87/><E120/><V28/><F28/><W86/><G96/><AGARI ba="0,0" hai="2,4,10,51,53,56,69,70,94,96,101" m="41545" machi="96" ten="30,1000,0" yaku="14,1" doraHai="8" who="2" fromWho="3" sc="250,0,250,0,250,10,250,-10" />
</Scene>
<Scene>
<INIT seed="1,0,0,5,2,15" ten="250,250,260,240" oya="1" hai0="17,60,98,6,56,128,40,63,117,58,135,31,52" hai1="77,44,110,76,38,46,11,43,13,34,86,47,99" hai2="78,97,81,51,127,32,8,67,129,84,59,35,2" hai3="14,0,105,121,45,50,100,75,30,123,109,68,91"/><U19/><E34/><V24/><F129/><W64/><G0/><T93/><D128/><U41/><E110/><V5/><F127/><W36/><G75/><T65/><D135/><U108/><E108/><V16/><F97/><N who="3" m="61583" /><G91/><T116/><D31/><U95/><E86/><V114/><F114/><W10/><G36/><T82/><D6/><U49/><REACH who="1" step="1"/><E47/><REACH who="1" ten="250,240,260,240" step="2"/><V54/><REACH who="2" step="1"/><F67/><REACH who="2" ten="250,240,250,240" step="2"/><W133/><G64/><T9/><D65/><U33/><E33/><V125/><F125/><W23/><G123/><T87/><D117/><U7/><E7/><V83/><F83/><W73/><G121/><T1/><D116/><U113/><E113/><V85/><F85/><W29/><G109/><T71/><D87/><U80/><E80/><V61/><F61/><W39/><G73/><T111/><D82/><U90/><AGARI ba="0,2" hai="11,13,19,38,41,43,44,46,49,76,77,90,95,99" machi="90" ten="20,12000,1" yaku="1,1,0,1,7,1,52,1,53,1" doraHai="15" doraHaiUra="94" who="1" fromWho="1" sc="250,-40,240,140,250,-40,240,-40" />
</Scene>
<Scene>
<INIT seed="1,1,0,0,3,33" ten="210,380,210,200" oya="1" hai0="78,50,87,43,38,103,97,120,91,3,67,109,14" hai1="30,125,60,35,77,20,11,122,42,95,63,93,133" hai2="111,1,61,57,104,9,0,123,8,71,41,26,113" hai3="5,106,112,68,54,52,129,74,37,13,110,121,118"/><U16/><E122/><V66/><F123/><W40/><RYUUKYOKU type="yao9" ba="1,0" sc="210,0,380,0,210,0,200,0" hai3="5,13,37,40,52,54,68,74,106,110,112,118,121,129" />
</Scene>
<Scene>
<INIT seed="1,2,0,0,1,122" ten="210,380,210,200" oya="1" hai0="95,100,125,69,76,117,31,87,81,17,51,43,85" hai1="99,68,63,131,96,13,118,45,129,50,1,112,6" hai2="83,113,14,49,20,105,120,71,109,34,73,108,123" hai3="90,47,3,127,86,134,62,19,41,36,116,29,12"/><U46/><E118/><V82/><F71/><W44/><G3/><T66/><D117/><U98/><E112/><V94/><F34/><W64/><G116/><T130/><D130/><N who="1" m="49675" /><E1/><V119/><F119/><W56/><G134/><T126/><D31/><U27/><E27/><V115/><F49/><W121/><G121/><N who="2" m="46665" /><F105/><W93/><G127/><N who="0" m="48651" /><D17/><U103/><E103/><V88/><F20/><W102/><G29/><T15/><D15/><U4/><E13/><V7/><F7/><N who="1" m="2601" /><E50/><V9/><F9/><W59/><G102/><T132/><D132/><U65/><AGARI ba="2,0" hai="45,46,63,65,68,96,98,99" m="2601,49675" machi="65" ten="40,2100,0" yaku="19,1" doraHai="122" who="1" fromWho="1" sc="210,-9,380,27,210,-9,200,-9" />
</Scene>
<Scene>
<INIT seed="1,3,0,5,4,16" ten="201,407,201,191" oya="1" hai0="100,133,7,106,1,128,31,127,68,124,117,111,49" hai1="105,74,122,32,3,62,134,20,90,73,17,135,36" hai2="66,85,65,131,82,21,87,102,23,103,93,59,58" hai3="2,118,99,75,12,43,97,107,38,10,26,24,96"/><U9/><E36/><V77/><F131/><W39/><G75/><T35/><RYUUKYOKU type="yao9" ba="3,0" sc="201,0,407,0,201,0,191,0" hai0="1,7,31,35,49,68,100,106,111,117,124,127,128,133" />
</Scene>
<Scene>
<INIT seed="1,4,0,4,5,97" ten="201,407,201,191" oya="1" hai0="37,73,31,41,110,105,121,79,81,0,56,15,111" hai1="68,12,9,128,109,96,65,58,78,115,38,94,1" hai2="28,72,85,10,7,25,48,84,39,108,77,35,24" hai3="32,92,114,67,27,104,102,57,125,40,26,63,75"/><U36/><E68/><V61/><F39/><W135/><G114/><T116/><D116/><U8/><E115/><V16/><F108/><W113/><G113/><T70/><D70/><U44/><E128/><V30/><F48/><W18/><G104/><T4/><D121/><U59/><E109/><V101/><F61/><W60/><G75/><T93/><D105/><U2/><E78/><V132/><F132/><W86/><G135/><T45/><D31/><U47/><E96/><V127/><F127/><W107/><G40/><T51/><D15/><U98/><E98/><V3/><F16/><W53/><G107/><T119/><D119/><U49/><E94/><V14/><F3/><W76/><G125/><T33/><D33/><U46/><E65/><V120/><F120/><W54/><G32/><T43/><D93/><U106/><E106/><V23/><F72/><W118/><G118/><T34/><D34/><U103/><E103/><V95/><F77/><W66/><G18/><T21/><D21/><U99/><E99/><V62/><F62/><W122/><G122/><T55/><REACH who="0" step="1"/><D43/><REACH who="0" ten="191,407,201,191" step="2"/><U42/><E12/><V69/><F69/><W100/><G92/><T80/><D80/><U29/><E29/><V129/><F129/><W64/><G26/><T82/><D82/><U124/><E124/><V131/><F131/><W83/><G27/><T19/><D19/><U112/><E112/><V5/><F5/><W89/><G76/><T91/><D91/><U20/><E20/><V134/><F134/><W123/><G123/><T87/><D87/><N who="2" m="33354" /><F95/><W6/><G6/><T126/><D126/><RYUUKYOKU ba="4,1" sc="191,10,407,-30,201,10,191,10" hai0="0,4,37,41,45,51,55,56,73,79,81,110,111" hai2="7,10,14,23,24,25,28,30,35,101" hai3="53,54,57,60,63,64,66,67,83,86,89,100,102" />
</Scene>
<Scene>
<INIT seed="2,5,1,3,2,22" ten="201,377,211,201" oya="2" hai0="34,57,16,101,21,51,56,135,86,54,66,68,18" hai1="47,93,26,62,75,5,42,100,71,73,33,103,121" hai2="40,65,45,23,3,24,28,95,107,30,114,104,4" hai3="108,35,98,53,77,110,0,1,91,31,80,81,10"/><V123/><F123/><W19/><G53/><T61/><D34/><U39/><E121/><V124/><F114/><W76/><G98/><T132/><D101/><U116/><E116/><V79/><F124/><W74/><G91/><T90/><D68/><U41/><E103/><V38/><F65/><W89/><G89/><T43/><D43/><U11/><E42/><V72/><F95/><W52/><G52/><T126/><D126/><U120/><E93/><V102/><F102/><W9/><G19/><T130/><D130/><U46/><E46/><V44/><F44/><W128/><G128/><T85/><D18/><U105/><E120/><V122/><F28/><W129/><G129/><T111/><D111/><N who="3" m="42537" /><G10/><T2/><D85/><U50/><E50/><V67/><F67/><W113/><G9/><T94/><REACH who="0" step="1"/><D2/><REACH who="0" ten="191,377,211,201" step="2"/><N who="1" m="439" /><E100/><V70/><F122/><W29/><G113/><T134/><D134/><U7/><E7/><V63/><F4/><W88/><G35/><T97/><D97/><U58/><E105/><V49/><F3/><W25/><G0/><T99/><D99/><U6/><E6/><V115/><F115/><W13/><G1/><T125/><D125/><U96/><E96/><V117/><F107/><W78/><G74/><T59/><D59/><U60/><E58/><V17/><F104/><W83/><G31/><T118/><D118/><U64/><E62/><V37/><F117/><W119/><G119/><T127/><D127/><U87/><E87/><V32/><F63/><W55/><G29/><AGARI ba="5,2" hai="26,29,33,39,41,47,60,64,71,73,75" m="439" machi="29" ten="30,3900,0" yaku="33,2,52,1" doraHai="22" who="1" fromWho="3" sc="191,0,377,74,211,0,201,-54" />
</Scene>
<Scene>
<INIT seed="3,0,0,0,5,110" ten="191,451,211,147" oya="3" hai0="73,55,71,104,4,126,31,107,125,23,34,79,99" hai1="47,134,45,129,63,50,32,75,120,103,114,127,56" hai2="15,14,135,89,108,94,41,18,84,54,119,1,0" hai3="33,66,37,111,43,53,117,59,101,35,92,46,48"/><W90/><G117/><T64/><D23/><U70/><E75/><V30/><F119/><W106/><G111/><T132/><D55/><N who="1" m="31863" /><E103/><V128/><F108/><W60/><G101/><T36/><D36/><U24/><E24/><V61/><F30/><W20/><G20/><T52/><D52/><U91/><E91/><V83/><F128/><W105/><G105/><T21/><D21/><U96/><E96/><V2/><F41/><W109/><G106/><T40/><D40/><U123/><E32/><V97/><F135/><W49/><G109/><T3/><D132/><U95/><E95/><V121/><F121/><W7/><G7/><T17/><D17/><U62/><E127/><V38/><F38/><W6/><G49/><T113/><D73/><U133/><E129/><V77/><F15/><W9/><G92/><T39/><D39/><U118/><E118/><V78/><F54/><W27/><G27/><T87/><D107/><U58/><E134/><V11/><REACH who="2" step="1"/><F61/><REACH who="2" ten="191,451,201,147" step="2"/><W68/><REACH who="3" step="1"/><G90/><AGARI ba="0,1" hai="0,1,2,11,14,18,77,78,83,84,89,90,94,97" machi="90" ten="40,5200,0" yaku="1,1,2,1,53,1" doraHai="110" doraHaiUra="5" who="2" fromWho="3" sc="191,0,451,0,201,62,147,-52" />
</Scene>
<Scene>
<INIT seed="4,0,0,2,2,77" ten="191,451,263,95" oya="0" hai0="74,91,3,23,110,47,102,105,2,31,123,30,100" hai1="87,43,70,120,17,0,21,57,35,99,104,78,85" hai2="39,29,42,49,28,130,53,88,24,80,10,72,14" hai3="69,84,117,26,6,11,41,89,59,83,86,32,107"/><T115/><D123/><U38/><E70/><V103/><F103/><W16/><G69/><T34/><D74/><U61/><E35/><V111/><F111/><W132/><G117/><T65/><D34/><U37/><E0/><V75/><F130/><W25/><G107/><T51/><D65/><U76/><E120/><V113/><F113/><W52/><G132/><T20/><D115/><U58/><E104/><V63/><F63/><W19/><G41/><T92/><D105/><U48/><E99/><V122/><F122/><W97/><G97/><N who="0" m="57503" /><D3/><U5/><E5/><V118/><F118/><W134/><G134/><T12/><D2/><U90/><E38/><V66/><F66/><W112/><G112/><T79/><D79/><N who="1" m="30251" /><E37/><V81/><F42/><W127/><G86/><T109/><D109/><U133/><E133/><V106/><F39/><W50/><G127/><T121/><D110/><U8/><E8/><V15/><F106/><W68/><G68/><T116/><D116/><U129/><E129/><V71/><F71/><W64/><G64/><T54/><D121/><U124/><E124/><V101/><F72/><W108/><G108/><T119/><D119/><U93/><E87/><V33/><F75/><W4/><G32/><T60/><D60/><U9/><E9/><V126/><F10/><W27/><REACH who="3" step="1"/><G4/><REACH who="3" ten="191,451,263,85" step="2"/><T44/><D100/><U40/><E85/><N who="2" m="50215" /><F33/><W114/><G114/><T36/><D102/><U95/><E43/><V73/><F101/><W45/><G45/><T135/><D135/><U55/><E40/><V82/><F126/><W1/><AGARI ba="0,1" hai="1,6,11,16,19,25,26,27,50,52,59,83,84,89" machi="1" ten="30,16000,3" yaku="1,1,0,1,52,1,54,2,53,3" doraHai="77" doraHaiUra="22" who="3" fromWho="3" sc="191,-80,451,-40,263,-40,85,170" />
</Scene>
<Scene>
<INIT seed="5,0,0,2,1,68" ten="111,411,223,255" oya="1" hai0="51,95,135,7,57,120,118,110,97,109,6,77,104" hai1="55,75,99,62,0,25,54,36,133,89,101,28,105" hai2="92,29,59,58,100,86,127,81,38,69,90,85,41" hai3="128,35,96,122,117,116,102,126,49,106,87,42,9"/><U94/><E75/><V93/><F69/><W17/><G35/><T113/><D118/><N who="3" m="45673" /><G122/><T125/><D104/><U27/><E0/><V5/><F127/><W107/><G128/><T123/><D77/><U26/><E133/><V111/><F111/><W8/><G126/><T1/><D125/><U134/><E134/><V47/><F29/><W10/><G87/><T79/><D79/><U56/><E36/><V121/><F121/><N who="0" m="46666" /><D135/><U40/><E40/><V108/><F108/><N who="0" m="41578" /><D113/><U67/><REACH who="1" step="1"/><E28/><REACH who="1" ten="111,401,223,255" step="2"/><V31/><F31/><W61/><G42/><T12/><D1/><U32/><E32/><V23/><F41/><W64/><G107/><T91/><D12/><U112/><E112/><V119/><F119/><W53/><G106/><T21/><D21/><U19/><E19/><V74/><F23/><W34/><G17/><T15/><D15/><U65/><E65/><V71/><F74/><W78/><G34/><T114/><D114/><U13/><E13/><V39/><F5/><W2/><G64/><T103/><D7/><U45/><E45/><V131/><F38/><W24/><G2/><T84/><D6/><U37/><E37/><V52/><F39/><W43/><G43/><T30/><D30/><U88/><E88/><V48/><F90/><W73/><G73/><T4/><D4/><U16/><E16/><V60/><F47/><W63/><G78/><T44/><D44/><U46/><E46/><V66/><F66/><W18/><G18/><T115/><D115/><U3/><E3/><V132/><F132/><W82/><G24/><T70/><D91/><U80/><E80/><RYUUKYOKU ba="0,1" sc="111,-10,401,30,223,-10,255,-10" hai1="25,26,27,54,55,56,62,67,89,94,99,101,105" />
</Scene>
<Scene>
<INIT seed="5,1,1,5,3,101" ten="101,431,213,245" oya="1" hai0="120,71,12,32,122,70,109,25,41,96,82,97,51" hai1="92,117,56,13,66,54,60,21,75,127,133,115,76" hai2="61,132,36,8,16,57,17,107,80,64,11,121,19" hai3="110,72,46,20,129,0,106,63,81,67,99,87,1"/><U37/><E115/><V5/><F121/><N who="0" m="46698" /><D109/><U126/><E117/><V73/><F36/><W131/><G110/><T78/><D12/><U22/><E133/><V62/><F132/><W43/><G20/><T50/><D32/><U118/><E118/><V7/><F107/><W79/><G87/><T30/><D30/><U3/><E3/><N who="3" m="1098" /><G99/><N who="0" m="37963" /><D25/><U123/><E123/><V77/><REACH who="2" step="1"/><F62/><REACH who="2" ten="101,431,203,245" step="2"/><W98/><G106/><T128/><D128/><U15/><E37/><V74/><F74/><W125/><G131/><T90/><D51/><U94/><E75/><V40/><F40/><W29/><G129/><T69/><D50/><U23/><E66/><V134/><F134/><W113/><G67/><T18/><D41/><U135/><E135/><V33/><F33/><W83/><G63/><T6/><D70/><U45/><E60/><V14/><F14/><W88/><G43/><T119/><D119/><U95/><E15/><V59/><F59/><W28/><G113/><T116/><D116/><U100/><E13/><V104/><F104/><W55/><G72/><T89/><D71/><U27/><E27/><V65/><F65/><W4/><G4/><AGARI ba="1,2" hai="4,5,7,8,11,16,17,19,57,61,64,73,77,80" machi="4" ten="40,2600,0" yaku="1,1,54,1,53,0" doraHai="101" doraHaiUra="68" who="2" fromWho="3" sc="101,0,431,0,203,49,245,-29" />
</Scene>
<Scene>
<INIT seed="6,0,0,1,5,116" ten="101,431,252,216" oya="2" hai0="79,20,105,10,78,72,40,110,99,82,27,135,57" hai1="76,48,101,6,129,23,81,98,24,53,19,75,34" hai2="77,41,124,96,2,125,55,11,36,108,37,115,118" hai3="33,51,133,15,62,28,14,109,38,69,134,30,29"/><V1/><F118/><W103/><G38/><N who="2" m="14953" /><F77/><W127/><G103/><T123/><D135/><N who="3" m="51721" /><G109/><T65/><D110/><U114/><E114/><V89/><F108/><W119/><G119/><T106/><D40/><U35/><E129/><V56/><F41/><W117/><G117/><T31/><D79/><U80/><E6/><V64/><F64/><N who="3" m="41111" /><G127/><N who="2" m="48713" /><F11/><W122/><G33/><T97/><D10/><U121/><E121/><V120/><F115/><W3/><G3/><T92/><D99/><U70/><E81/><V71/><F71/><W44/><G122/><T60/><REACH who="0" step="1"/><D123/><REACH who="0" ten="91,431,252,216" step="2"/><U63/><E98/><V113/><F120/><W39/><G39/><T18/><D18/><U9/><E9/><V12/><F96/><W90/><G90/><AGARI ba="0,1" hai="20,27,31,57,60,65,72,78,82,90,92,97,105,106" machi="90" ten="30,2000,0" yaku="1,1,7,1,53,0" doraHai="116" doraHaiUra="47" who="0" fromWho="3" sc="91,30,431,0,252,0,216,-20" />
</Scene>
<Scene>
<INIT seed="7,0,0,0,2,33" ten="121,431,252,196" oya="3" hai0="55,102,99,47,93,36,14,108,79,9,128,75,132" hai1="113,131,66,38,0,10,54,45,52,103,19,122,56" hai2="97,13,73,17,1,72,78,24,58,101,76,46,120" hai3="91,107,42,129,68,49,41,82,125,121,44,71,35"/><W50/><G121/><T69/><D128/><U26/><E122/><V4/><F120/><W94/><G107/><T3/><D132/><U8/><E0/><V6/><F1/><W123/><G123/><T83/><D108/><U18/><E38/><V110/><F110/><W117/><G117/><T89/><D69/><U48/><E131/><V112/><F46/><W90/><G129/><T67/><D67/><U39/><E113/><V87/><F24/><W106/><G106/><T119/><D119/><U31/><E39/><V43/><F43/><W115/><G35/><T114/><D114/><U15/><E103/><V92/><F73/><W126/><G115/><T86/><D55/><U111/><E111/><V84/><F72/><W23/><G23/><T53/><D53/><U109/><E109/><V5/><F58/><W37/><G82/><T2/><D47/><U27/><E66/><V64/><F64/><W16/><G16/><N who="1" m="6186" /><E31/><V85/><F112/><W77/><G77/><T124/><D36/><U105/><E105/><V134/><F134/><W62/><G62/><T60/><D60/><U40/><E40/><V133/><F133/><W61/><G61/><T88/><D124/><N who="3" m="47721" /><G91/><T28/><D28/><U32/><E32/><V59/><F59/><W63/><G63/><T57/><D57/><U98/><E54/><V80/><F80/><W34/><G34/><T70/><D70/><N who="3" m="26665" /><G42/><T135/><D135/><U65/><E65/><V11/><AGARI ba="0,0" hai="4,5,6,11,13,17,76,78,84,85,87,92,97,101" machi="11" ten="30,2000,0" yaku="0,1,8,1" doraHai="33" who="2" fromWho="2" sc="121,-5,431,-5,252,20,196,-10" owari="116,-38.0,426,52.0,272,7.0,186,-21.0" />
</Scene>
</mjloggm>