<mjloggm ver="2.3"><GO type="169" lobby="0"/><UN n0="%E9%81%8A%E8%B5%B0" n1="%E3%80%93%E7%89%87%E5%B2%A1%E5%84%AA%E5%B8%8C%E3%80%93" n2="%E6%B0%97%E6%A5%BD%E3%81%AB%E6%89%93%E3%81%A4" n3="%E5%A4%AA%E3%81%8F%E3%81%AA%E3%81%84%E3%81%8A" dan="17,16,17,17" rate="2121,2062,2164,2172" sx="F,F,M,M"/><TAIKYOKU oya="0"/>

<Scene>
<INIT seed="0,0,0,4,2,1" ten="250,250,250,250" oya="0" hai0="35,31,54,85,64,6,114,84,116,70,129,117,94" hai1="46,106,25,74,67,95,43,135,60,8,134,32,27" hai2="96,93,120,65,103,101,14,119,30,18,118,28,39" hai3="82,12,19,7,78,69,68,72,71,56,45,38,34"/><T42/><D114/><U83/><E106/><V81/><F120/><W58/><G34/><T9/><D129/><U55/><E95/><V98/><F39/><W10/><REACH who="3" step="1"/><G19/><REACH who="3" ten="250,250,250,240" step="2"/><T22/><D35/><U41/><E32/><V40/><F18/><W73/><G73/><T110/><D117/><U97/><E74/><V87/><F119/><W3/><G3/><T125/><D116/><U76/><E134/><V26/><F118/><W17/><G17/><T16/><D31/><U132/><E132/><V130/><F28/><W104/><G104/><T75/><D75/><U77/><E135/><V131/><F30/><W86/><G86/><T107/><D107/><U88/><E27/><V115/><F87/><W109/><G109/><T21/><D110/><U108/><E25/><V113/><F26/><W127/><G127/><T15/><D125/><U33/><E33/><V112/><F112/><W105/><G105/><T24/><D22/><U92/><E108/><V128/><F115/><W4/><G4/><T20/><D20/><U44/><E97/><V53/><F113/><W37/><G37/><T11/><D84/><U91/><E83/><V63/><F81/><W50/><G50/><T48/><D85/><U62/><E62/><V102/><F98/><W29/><G29/><T111/><D111/><U121/><E121/><V99/><F96/><W0/><G0/><T51/><D51/><U13/><E60/><V49/><F131/><W61/><G61/><N who="0" m="40207" /><D9/><U5/><E8/><V66/><F130/><W123/><G123/><T23/><D23/><U133/><E133/><V52/><F128/><RYUUKYOKU ba="0,1" sc="250,-10,250,-10,250,-10,240,30" hai3="7,10,12,38,45,56,58,68,69,71,72,78,82" />
</Scene>
<Scene>
<INIT seed="1,1,1,4,0,133" ten="240,240,240,270" oya="1" hai0="33,125,135,101,89,112,105,7,99,54,61,1,77" hai1="132,5,68,109,117,38,85,62,0,116,23,63,118" hai2="48,121,20,94,110,115,58,47,21,80,71,120,127" hai3="97,4,10,15,41,114,8,44,76,119,51,11,28"/><U60/><E38/><V29/><F71/><W100/><G114/><T27/><D112/><U9/><E132/><V96/><F115/><W39/><G119/><T102/><D135/><U6/><E6/><V131/><F110/><W46/><G28/><T72/><D125/><U32/><E32/><V26/><F131/><W86/><G44/><T70/><D102/><U53/><E109/><V69/><F69/><W25/><G25/><T66/><D54/><U123/><E123/><V73/><F127/><W56/><G56/><T103/><D89/><U40/><E40/><V3/><F3/><W14/><G39/><T52/><D52/><U113/><E113/><V124/><F124/><W92/><G15/><T12/><D101/><U93/><E53/><V19/><F58/><W45/><G45/><T22/><D22/><U43/><E43/><V134/><F134/><W81/><AGARI ba="1,1" hai="4,8,10,11,14,41,46,51,76,81,86,92,97,100" machi="81" ten="30,7900,0" yaku="0,1,25,2,8,1" doraHai="133" who="3" fromWho="3" sc="240,-21,240,-40,240,-21,270,92" />
</Scene>
<Scene>
<INIT seed="2,0,0,5,2,87" ten="219,200,219,362" oya="2" hai0="135,34,33,116,114,81,63,115,132,129,98,82,88" hai1="93,21,100,72,89,8,127,38,50,18,105,124,113" hai2="102,13,42,76,122,52,103,3,84,28,77,35,109" hai3="107,66,31,2,112,44,5,111,4,120,60,80,123"/><V26/><F122/><W73/><G107/><T41/><D41/><U108/><E38/><V96/><F3/><W25/><G111/><T37/><D37/><U90/><E113/><N who="0" m="43017" /><D63/><U29/><E72/><V97/><F109/><W57/><G112/><T61/><D61/><U45/><E108/><V0/><F0/><W46/><G123/><T16/><D129/><U78/><E78/><V23/><F42/><W15/><G2/><T133/><D116/><U130/><E130/><V47/><F35/><N who="0" m="13322" /><D16/><U83/><E105/><V20/><F84/><W49/><G120/><T19/><D19/><U17/><E100/><V131/><F131/><W48/><G73/><T22/><D22/><U62/><E62/><V99/><F103/><W12/><G80/><T67/><D67/><U55/><E29/><V95/><F97/><W27/><G31/><T24/><D24/><N who="3" m="9289" /><G4/><T58/><D58/><U30/><E30/><V71/><F99/><W70/><G70/><T106/><D106/><U39/><E39/><V32/><F71/><W94/><G5/><T110/><D110/><U86/><E8/><V92/><F92/><AGARI ba="0,0" hai="81,82,88,92,98,132,133,135" m="13322,43017" machi="92" ten="40,5200,0" yaku="20,1,52,1,54,1" doraHai="87" who="0" fromWho="2" sc="219,52,200,0,219,-52,362,0" />
</Scene>
<Scene>
<INIT seed="3,0,0,2,2,78" ten="271,200,167,362" oya="3" hai0="21,71,49,34,48,18,38,36,50,14,95,124,121" hai1="66,29,7,104,46,22,12,82,93,101,27,74,62" hai2="54,13,2,125,8,4,73,60,105,116,56,42,114" hai3="58,120,87,133,134,123,39,19,129,10,111,69,55"/><W97/><G69/><T75/><D121/><U110/><E104/><V20/><F114/><W88/><G39/><T85/><D75/><U31/><E110/><V40/><F116/><W3/><G129/><T98/><D124/><U53/><E31/><V24/><F125/><W52/><G97/><T106/><D71/><U127/><E127/><V108/><F108/><W16/><G111/><T113/><D113/><U70/><E101/><V61/><F105/><W35/><G35/><T5/><D34/><U131/><E131/><V33/><F73/><W107/><G107/><T83/><D106/><U99/><E99/><V109/><F109/><W9/><G3/><T43/><D5/><U67/><E67/><V41/><F33/><W37/><G37/><T47/><D38/><U76/><E93/><V17/><REACH who="2" step="1"/><F2/><REACH who="2" ten="271,200,157,362" step="2"/><W23/><G123/><T44/><D44/><U64/><E74/><V102/><F102/><W130/><G120/><T26/><D26/><U126/><E27/><V25/><F25/><W1/><G1/><T6/><D6/><U103/><E7/><V0/><F0/><W91/><G130/><T51/><D36/><U117/><E117/><V92/><F92/><W15/><G134/><T89/><D98/><U11/><E126/><V65/><F65/><W28/><G133/><T86/><D86/><U100/><E66/><V68/><F68/><W94/><G87/><T30/><D95/><U63/><E70/><V45/><F45/><W118/><G94/><T77/><D30/><U84/><E29/><V80/><F80/><W32/><G28/><T81/><D81/><RYUUKYOKU ba="0,1" sc="271,15,200,-15,157,15,362,-15" hai0="14,18,21,43,47,48,49,50,51,77,83,85,89" hai2="4,8,13,17,20,24,40,41,42,54,56,60,61" />
</Scene>
<Scene>
<INIT seed="4,1,1,5,2,94" ten="286,185,172,347" oya="0" hai0="85,37,51,124,33,29,50,115,10,116,97,0,107" hai1="67,6,71,56,108,16,45,65,31,129,60,87,14" hai2="61,63,106,75,127,123,128,22,19,90,125,89,73" hai3="4,27,68,113,36,88,30,13,34,48,121,79,32"/><T23/><D116/><U46/><E108/><V77/><F123/><W133/><G36/><T42/><D33/><U109/><E109/><V24/><F106/><W104/><G68/><T70/><D70/><U57/><E129/><V2/><F2/><W7/><G104/><T20/><D115/><U62/><E71/><V110/><F110/><W111/><G79/><T44/><D124/><N who="2" m="47690" /><F128/><W3/><G3/><T101/><D85/><U120/><E120/><V84/><F77/><W40/><G111/><T134/><D134/><U126/><E126/><V114/><F114/><W102/><G102/><T18/><D29/><U103/><E6/><V92/><F90/><W96/><G34/><T99/><D99/><U86/><E31/><V122/><F122/><W43/><G121/><T5/><REACH who="0" step="1"/><D23/><REACH who="0" ten="276,185,172,347" step="2"/><U41/><E103/><V1/><F1/><W100/><G133/><T130/><D130/><U82/><E87/><V58/><F63/><W15/><G113/><T74/><D74/><U131/><E131/><V80/><F80/><W54/><G100/><T69/><D69/><U93/><E93/><V52/><AGARI ba="1,2" hai="19,22,24,52,58,61,73,75,84,89,92" m="47690" machi="52" ten="30,2000,0" yaku="18,1,54,1" doraHai="94" who="2" fromWho="2" sc="276,-11,185,-6,172,43,347,-6" />
</Scene>
<Scene>
<INIT seed="5,0,0,4,3,120" ten="265,179,215,341" oya="1" hai0="103,81,57,122,38,79,83,50,59,131,43,97,29" hai1="56,104,128,98,33,9,105,63,55,133,14,129,80" hai2="72,87,76,101,77,113,126,37,52,34,96,10,92" hai3="134,115,125,82,4,66,16,61,124,49,127,30,118"/><U100/><E33/><V62/><F126/><W8/><G115/><T27/><D122/><U123/><E123/><V42/><F34/><W0/><G134/><T7/><D131/><N who="1" m="50251" /><E133/><V2/><F113/><W67/><G118/><T84/><D38/><U18/><E80/><V23/><F72/><W53/><G30/><T31/><D7/><U119/><E119/><V86/><F23/><W65/><G82/><T71/><D71/><U112/><E112/><V109/><F37/><W24/><G61/><T132/><D81/><U5/><E5/><V45/><F109/><W32/><G32/><T48/><D132/><U22/><E22/><V135/><F135/><W40/><G40/><T20/><D31/><U6/><E6/><V95/><F10/><W21/><REACH who="3" step="1"/><G66/><REACH who="3" ten="265,179,215,331" step="2"/><T114/><D114/><U93/><AGARI ba="0,1" hai="9,14,18,55,56,63,93,98,100,104,105" m="50251" machi="93" ten="30,1500,0" yaku="19,1" doraHai="120" who="1" fromWho="1" sc="265,-5,179,25,215,-5,331,-5" />
</Scene>
<Scene>
<INIT seed="5,1,0,4,0,5" ten="260,204,210,326" oya="1" hai0="95,60,112,37,53,72,113,114,125,15,65,129,24" hai1="30,7,126,91,71,77,43,97,70,16,12,124,20" hai2="26,64,23,85,102,48,21,108,100,132,87,4,83" hai3="47,94,61,46,10,2,9,117,18,42,27,8,45"/><U28/><E43/><V68/><F108/><W1/><G117/><T67/><D72/><U81/><E7/><V56/><F132/><W104/><G104/><T76/><D76/><U36/><E36/><V101/><F68/><N who="1" m="26153" /><E91/><V120/><F120/><W40/><G61/><T111/><D111/><U57/><E57/><V29/><F4/><W131/><G131/><T69/><D37/><U118/><E97/><V128/><F128/><W99/><G1/><T44/><D129/><U19/><E19/><V96/><F21/><N who="3" m="13751" /><G2/><T84/><D65/><U106/><E106/><V54/><F64/><W33/><G33/><T31/><D15/><U75/><E118/><V14/><F14/><W50/><G42/><T92/><D84/><U121/><E121/><V6/><F6/><W66/><G66/><T89/><D89/><AGARI ba="1,0" hai="8,9,10,40,45,46,47,50,89,94,99" m="13751" machi="89" ten="30,7700,0" yaku="8,1,52,3" doraHai="5" who="3" fromWho="0" sc="260,-80,204,0,210,0,326,80" />
</Scene>
<Scene>
<INIT seed="6,0,0,4,4,103" ten="180,204,210,406" oya="2" hai0="82,21,107,17,83,24,79,116,43,93,66,56,1" hai1="102,34,129,90,54,134,67,101,15,121,14,8,85" hai2="12,77,9,33,80,6,13,40,86,36,42,48,45" hai3="73,41,11,76,81,25,125,112,135,7,114,97,29"/><V63/><F33/><N who="3" m="20655" /><G135/><T64/><D116/><U26/><E121/><V53/><F63/><W88/><G125/><T117/><D117/><U50/><E67/><V58/><F36/><W132/><G132/><T31/><D1/><U65/><E65/><V18/><REACH who="2" step="1"/><F45/><REACH who="2" ten="180,204,200,406" step="2"/><W46/><G46/><T105/><D64/><U35/><E134/><V61/><F61/><W27/><G114/><T122/><D66/><U23/><E35/><V59/><F59/><W120/><G112/><T95/><D56/><U119/><E34/><V131/><F131/><W113/><G113/><T133/><D133/><U57/><E129/><V78/><F78/><W110/><G76/><T10/><D122/><U62/><E62/><V0/><F0/><W28/><G120/><T99/><D43/><U39/><E39/><V71/><F71/><W22/><G41/><T52/><D52/><U128/><E128/><V109/><F109/><W37/><G37/><T96/><D79/><U84/><E119/><V91/><F91/><W55/><G88/><N who="0" m="55335" /><D105/><U111/><E111/><V5/><F5/><W108/><G55/><T3/><D107/><U115/><E115/><V38/><F38/><W30/><G108/><T123/><D123/><U20/><E90/><V72/><F72/><W87/><G73/><T98/><D3/><U100/><E54/><V92/><F92/><W104/><G110/><T106/><D106/><U49/><E102/><V44/><F44/><W74/><G74/><T118/><D118/><U89/><E89/><V32/><F32/><W47/><G104/><T126/><D95/><U130/><E130/><RYUUKYOKU ba="0,1" sc="180,-10,204,-10,200,30,406,-10" hai2="6,9,12,13,18,40,42,48,53,58,77,80,86" />
</Scene>
<Scene>
<INIT seed="6,1,1,3,0,108" ten="170,194,230,396" oya="2" hai0="113,14,116,88,35,55,45,66,40,92,130,69,60" hai1="26,119,75,131,22,38,53,64,110,115,67,79,13" hai2="25,117,125,118,33,109,120,21,65,15,1,128,3" hai3="43,94,24,74,8,106,42,27,17,129,98,112,72"/><V77/><F77/><W81/><G106/><T80/><D130/><U46/><E110/><V82/><F65/><W34/><G129/><T135/><D135/><U90/><E131/><V11/><F82/><W12/><G112/><T86/><D113/><U123/><E119/><N who="2" m="45579" /><F128/><W76/><G72/><T87/><D116/><U20/><E115/><V68/><F68/><W89/><REACH who="3" step="1"/><G34/><REACH who="3" ten="170,194,230,386" step="2"/><T61/><D35/><U101/><E123/><V2/><F109/><W70/><G70/><T111/><D111/><U100/><E75/><V16/><F120/><W54/><G54/><T59/><D14/><U47/><E13/><V121/><F121/><W18/><G18/><T10/><D10/><U97/><E53/><V85/><F85/><W32/><G32/><T122/><D122/><U48/><E97/><V23/><F125/><W19/><G19/><T99/><REACH who="0" step="1"/><D80/><REACH who="0" ten="160,194,230,386" step="2"/><U126/><E126/><V7/><F33/><W6/><G6/><T78/><D78/><U50/><E79/><V31/><AGARI ba="1,3" hai="1,2,3,7,11,15,16,21,23,25,31" m="45579" machi="31" ten="30,6000,0" yaku="34,2,54,1" doraHai="108" who="2" fromWho="2" sc="160,-21,194,-21,230,93,386,-21" />
</Scene>
<Scene>
<INIT seed="6,2,0,5,4,125" ten="139,173,323,365" oya="2" hai0="89,94,12,102,90,39,52,121,128,22,111,48,123" hai1="76,69,88,113,54,101,11,70,71,43,86,57,96" hai2="108,63,60,95,7,8,30,6,74,50,37,3,83" hai3="126,66,109,67,81,24,134,18,124,97,32,93,72"/><V58/><F108/><W62/><G109/><T115/><D111/><U29/><E76/><V51/><F37/><W0/><G0/><T79/><D39/><U106/><E43/><V132/><F132/><W31/><G134/><T117/><D117/><U10/><E29/><V45/><F30/><W55/><G18/><T40/><D115/><U104/><E104/><V35/><F35/><W85/><G72/><T87/><D40/><U120/><E113/><V131/><F7/><W130/><G130/><T127/><D127/><N who="3" m="48681" /><G55/><T99/><D79/><U59/><E120/><V84/><F131/><W119/><G62/><T17/><D128/><U65/><E65/><V28/><F28/><W80/><G119/><T98/><D89/><U135/><E135/><V114/><F114/><W34/><G34/><T133/><D133/><U1/><E1/><V23/><F23/><W9/><G9/><T107/><REACH who="0" step="1"/><D98/><REACH who="0" ten="129,173,323,365" step="2"/><U56/><REACH who="1" step="1"/><E54/><REACH who="1" ten="129,163,323,365" step="2"/><V36/><F36/><W21/><G32/><T53/><D53/><U91/><E91/><V110/><F110/><W44/><G67/><T4/><D4/><U25/><E25/><V19/><F6/><W92/><G66/><T38/><D38/><U47/><E47/><AGARI ba="2,2" hai="12,17,22,47,48,52,87,90,94,99,102,107,121,123" machi="47" ten="30,3900,0" yaku="1,1,7,1,54,1,53,0" doraHai="125" doraHaiUra="64" who="0" fromWho="1" sc="129,65,163,-45,323,0,365,0" />
</Scene>
<Scene>
<INIT seed="7,0,0,1,1,124" ten="194,118,323,365" oya="3" hai0="38,133,45,70,17,87,46,33,76,86,99,88,93" hai1="108,54,49,2,111,81,28,97,24,94,12,77,83" hai2="53,50,112,127,65,82,113,20,117,16,98,66,0" hai3="118,42,9,114,63,31,13,40,1,119,107,7,103"/><W69/><G114/><T51/><D70/><U35/><E2/><V135/><F0/><W131/><G131/><T26/><D38/><U84/><E83/><V34/><F34/><W123/><G123/><T122/><D122/><U58/><E12/><V75/><F127/><W104/><G13/><T78/><D133/><U109/><E109/><V60/><F117/><W95/><G95/><T129/><D129/><U43/><REACH who="1" step="1"/><E43/><REACH who="1" ten="194,108,323,365" step="2"/><V6/><F135/><W85/><G42/><T32/><D26/><U125/><E125/><V48/><F6/><W29/><G40/><T23/><D76/><U91/><AGARI ba="0,1" hai="24,28,35,49,54,58,77,81,84,91,94,97,108,111" machi="91" ten="20,2700,0" yaku="1,1,0,1,7,1,53,0" doraHai="124" doraHaiUra="100" who="1" fromWho="1" sc="194,-7,108,37,323,-7,365,-13" owari="187,-21.0,145,-35.0,316,12.0,352,44.0" />
</Scene>
</mjloggm>