<mjloggm ver="2.3"><GO type="169"/><UN n0="%E5%A4%AA%E3%81%8F%E3%81%AA%E3%81%84%E3%81%8A" n1="%E5%BB%89%E5%A4%AA%E9%83%8E" n2="%E3%81%99%E3%81%9A%E3%82%81%E3%82%AF%E3%83%AC%E3%82%A4%E3%82%B8%E3%83%BC" n3="%E3%81%A1%E3%81%8F%E3%81%8D" dan="18,17,17,18" rate="2196,2078,2106,2178" sx="M,M,M,M"/><TAIKYOKU oya="0"/>

<Scene>
<INIT seed="0,0,0,5,3,98" ten="250,250,250,250" oya="0" hai0="59,13,130,72,108,50,95,115,94,112,32,6,31" hai1="117,1,107,77,119,28,55,47,23,26,93,64,134" hai2="116,10,69,3,0,114,30,48,20,85,53,18,12" hai3="111,71,25,21,83,110,15,135,73,104,66,127,113"/><T81/><D32/><U91/><E107/><V9/><F69/><W65/><G104/><T43/><D31/><U36/><E1/><V7/><F114/><W102/><G113/><T52/><D130/><U41/><E134/><V17/><F116/><W49/><G135/><T39/><D108/><U122/><E122/><V78/><F30/><W76/><G127/><T58/><D58/><U92/><E64/><V100/><F78/><W126/><G126/><T11/><D95/><U105/><E105/><V70/><F85/><W129/><G129/><T96/><D72/><U14/><E77/><V84/><F84/><W90/><G90/><T75/><D81/><U128/><E93/><V97/><F70/><W63/><G66/><T29/><D29/><U99/><E128/><V61/><F61/><W4/><G49/><T89/><REACH who="0" step="1"/><D75/><REACH who="0" ten="240,250,250,250" step="2"/><U46/><E46/><AGARI ba="0,1" hai="6,11,13,39,43,46,50,52,59,89,94,96,112,115" machi="46" ten="40,7700,0" yaku="1,1,2,1,54,1,53,0" doraHai="98" doraHaiUra="82" who="0" fromWho="1" sc="240,87,250,-77,250,0,250,0" />
</Scene>
<Scene>
<INIT seed="0,1,0,4,3,67" ten="327,173,250,250" oya="0" hai0="90,134,12,18,91,73,107,57,84,23,38,89,29" hai1="130,50,22,80,65,102,39,93,16,24,58,25,2" hai2="76,7,26,63,40,95,83,41,34,115,28,98,56" hai3="31,111,119,94,127,128,17,59,49,10,131,87,0"/><T77/><D107/><U4/><E39/><V92/><F92/><W110/><G119/><T104/><D104/><U5/><E130/><N who="3" m="49706" /><G31/><T21/><D38/><U30/><E80/><V74/><F7/><N who="3" m="1383" /><G17/><T36/><D36/><U52/><E65/><V121/><F121/><W69/><G69/><T47/><D134/><U112/><E2/><V106/><F106/><W114/><G114/><T133/><D133/><U124/><E124/><V6/><F6/><W86/><G127/><T96/><D73/><U103/><E112/><V132/><F115/><W108/><G94/><T99/><D47/><U116/><E116/><V20/><F34/><W32/><G32/><T79/><D57/><U129/><E129/><V33/><F33/><W72/><G72/><T120/><D120/><U3/><E3/><V46/><F46/><W78/><G78/><N who="0" m="29707" /><D84/><U51/><E51/><V113/><F113/><W135/><G135/><T48/><D48/><U66/><E66/><V122/><F122/><W126/><G126/><T71/><D71/><U54/><E103/><V14/><F132/><W85/><G49/><T61/><D61/><U42/><E42/><V117/><F117/><W118/><G118/><T88/><N who="0" m="22528" /><DORA hai="75" /><T15/><D15/><U43/><E43/><V109/><F14/><W8/><G59/><T60/><D60/><U13/><E13/><V62/><F62/><W97/><G110/><T27/><AGARI ba="1,0" hai="12,18,21,23,27,29,96,99" m="22528,29707" machi="27" ten="50,12000,1" yaku="8,1,52,3,54,1" doraHai="67,75" who="0" fromWho="0" sc="327,123,173,-41,250,-41,250,-41" />
</Scene>
<Scene>
<INIT seed="0,2,0,2,3,9" ten="450,132,209,209" oya="0" hai0="51,25,71,20,104,115,69,90,102,121,44,29,12" hai1="61,15,6,65,40,88,46,76,21,117,107,42,2" hai2="124,78,97,86,28,54,99,105,111,103,77,110,33" hai3="7,93,19,133,47,131,56,55,135,112,67,92,101"/><T22/><D121/><U58/><E107/><V119/><F33/><W1/><G112/><T83/><D115/><U57/><E117/><V50/><F28/><W87/><G131/><T31/><D104/><U96/><E2/><V30/><F30/><W126/><G126/><T74/><D102/><U17/><E76/><V73/><F124/><W45/><G67/><T120/><D120/><U18/><E6/><V130/><F73/><W80/><G1/><T32/><D32/><U85/><E96/><V3/><F3/><W122/><G7/><T37/><D37/><U48/><E18/><V100/><F86/><W64/><G64/><T134/><D134/><N who="3" m="51209" /><G19/><T53/><D90/><U5/><E5/><V34/><F34/><W118/><G118/><T35/><D35/><U81/><REACH who="1" step="1"/><E42/><REACH who="1" ten="450,122,209,209" step="2"/><V94/><F119/><W70/><G122/><T128/><D128/><U129/><E129/><V62/><F130/><W125/><G125/><T36/><D31/><U38/><E38/><V89/><F78/><W14/><G87/><T41/><D36/><U66/><E66/><V60/><F77/><W98/><G98/><T63/><D74/><U72/><E72/><V106/><F106/><W132/><G132/><T49/><D29/><U114/><E114/><V16/><F16/><W109/><G109/><N who="2" m="41481" /><F103/><W113/><G101/><T79/><D79/><U52/><E52/><V8/><F99/><W27/><G55/><T95/><D53/><U82/><E82/><V59/><F100/><W75/><G75/><T24/><D83/><U10/><E10/><V116/><F8/><W123/><G113/><RYUUKYOKU ba="2,1" sc="450,-10,122,30,209,-10,209,-10" hai1="15,17,21,40,46,48,57,58,61,65,81,85,88" />
</Scene>
<Scene>
<INIT seed="1,3,1,4,3,67" ten="440,152,199,199" oya="1" hai0="42,114,71,85,108,26,128,64,51,18,100,109,61" hai1="20,84,119,66,35,75,132,57,70,31,55,3,90" hai2="81,76,34,82,56,125,103,124,52,93,91,25,36" hai3="30,54,110,50,115,17,41,63,73,27,32,19,88"/><U16/><E119/><V9/><F36/><W77/><G115/><T7/><D114/><U83/><E3/><V11/><F103/><W96/><G110/><N who="0" m="42603" /><D128/><U15/><E75/><V78/><F34/><W24/><G24/><T102/><D7/><U122/><E122/><V68/><F68/><W79/><G41/><T105/><D105/><U121/><E121/><V43/><F43/><W104/><G63/><T62/><D85/><U111/><E111/><V12/><F25/><W29/><G29/><T135/><D135/><U21/><E132/><V69/><F69/><W107/><G107/><T58/><D51/><N who="1" m="30975" /><E70/><V6/><F11/><W10/><G104/><T14/><D26/><N who="1" m="16847" /><E35/><V5/><F5/><W113/><G113/><T37/><D42/><U40/><E40/><V0/><F0/><W126/><G73/><T8/><D37/><U39/><E39/><V45/><F45/><W4/><G19/><T53/><AGARI ba="3,1" hai="8,14,18,53,58,61,62,64,71,100,102" m="42603" machi="53" ten="30,2000,0" yaku="14,1,52,1" doraHai="67" who="0" fromWho="0" sc="440,39,152,-13,199,-8,199,-8" />
</Scene>
<Scene>
<INIT seed="2,0,0,2,0,6" ten="479,139,191,191" oya="2" hai0="90,45,132,102,92,13,23,127,14,110,20,85,31" hai1="124,119,73,58,78,32,38,19,12,95,80,46,47" hai2="67,26,97,28,93,15,84,34,55,11,29,1,57" hai3="118,81,104,63,16,35,54,88,75,129,7,123,18"/><V60/><F1/><W44/><G123/><T135/><D110/><U98/><E119/><V91/><F29/><W108/><G118/><T24/><D127/><U21/><E124/><V125/><F125/><W126/><G126/><T36/><D102/><U121/><E121/><V99/><REACH who="2" step="1"/><F67/><REACH who="2" ten="479,139,181,191" step="2"/><W50/><G108/><T76/><D135/><U87/><E32/><V111/><F111/><W70/><G35/><T10/><D132/><U106/><E38/><V130/><F130/><W53/><G129/><T79/><D36/><U9/><E73/><V17/><AGARI ba="0,1" hai="11,15,17,26,28,34,55,57,60,84,91,93,97,99" machi="17" ten="20,12000,1" yaku="1,1,0,1,7,1,52,1,53,1" doraHai="6" doraHaiUra="89" who="2" fromWho="2" sc="479,-40,139,-40,181,130,191,-40" />
</Scene>
<Scene>
<INIT seed="2,1,0,5,0,13" ten="439,99,311,151" oya="2" hai0="87,104,24,15,64,21,19,32,41,122,60,34,94" hai1="124,22,135,0,3,16,126,20,98,54,36,55,100" hai2="37,125,102,73,77,14,83,119,133,109,9,18,23" hai3="128,130,53,47,67,26,59,131,92,62,121,51,72"/><V110/><F119/><W7/><G72/><T5/><D104/><U89/><E36/><V132/><F37/><W43/><G7/><T35/><D122/><U112/><E112/><V4/><F102/><W66/><G121/><T49/><D5/><U80/><E135/><N who="2" m="51787" /><F125/><N who="1" m="48233" /><E22/><V8/><F8/><W93/><G26/><AGARI ba="1,0" hai="4,9,14,18,23,26,73,77,83,109,110" m="51787" machi="26" ten="30,2900,0" yaku="20,1,52,1" doraHai="13" who="2" fromWho="3" sc="439,0,99,0,311,32,151,-32" />
</Scene>
<Scene>
<INIT seed="2,2,0,0,4,42" ten="439,99,343,119" oya="2" hai0="117,27,100,0,83,45,49,119,131,19,14,57,56" hai1="103,39,64,110,36,121,12,82,78,4,72,133,129" hai2="70,41,126,46,128,120,44,9,104,67,32,15,68" hai3="34,97,11,108,29,92,35,98,93,48,40,106,43"/><V51/><F32/><W125/><G106/><T127/><D0/><U86/><E121/><V114/><F120/><W105/><G105/><T79/><D127/><U130/><E110/><V54/><F104/><W18/><G108/><T80/><D131/><N who="1" m="50187" /><E103/><V90/><F128/><W22/><G125/><T76/><D27/><U17/><E133/><V102/><F102/><W13/><G35/><T123/><D100/><U25/><E64/><V115/><F126/><W111/><G34/><T91/><D91/><U8/><E72/><V124/><F124/><W58/><G111/><T5/><D5/><U81/><E82/><N who="0" m="31273" /><D123/><U16/><E25/><V53/><F90/><W135/><G135/><T84/><D84/><U77/><E78/><N who="0" m="29737" /><D119/><U116/><E116/><V7/><F54/><N who="3" m="32071" /><G93/><T101/><D101/><U20/><E20/><V73/><F73/><W112/><G92/><T37/><D37/><AGARI ba="2,0" hai="4,8,12,16,17,36,37,39,77,81,86" m="50187" machi="37" ten="30,2000,0" yaku="19,1,54,1" doraHai="42" who="1" fromWho="0" sc="439,-26,99,26,343,0,119,0" />
</Scene>
<Scene>
<INIT seed="3,0,0,1,4,36" ten="413,125,343,119" oya="3" hai0="118,21,100,93,106,103,71,11,86,105,30,92,96" hai1="111,83,51,62,79,113,4,12,43,55,44,31,3" hai2="6,5,130,91,22,34,46,48,97,37,110,94,29" hai3="89,19,53,33,14,1,59,101,8,41,95,84,107"/><W102/><G33/><T52/><D118/><U54/><E113/><V13/><F110/><W123/><G123/><T87/><D71/><U63/><E111/><V61/><F37/><W56/><G107/><T114/><D11/><N who="1" m="4199" /><E3/><V42/><F130/><W108/><G108/><T112/><D30/><U40/><E31/><V81/><F34/><W57/><G1/><T121/><D21/><U78/><E83/><V23/><F29/><W127/><G127/><T74/><D52/><N who="1" m="29799" /><E62/><V17/><F22/><W35/><G35/><T20/><D20/><U128/><E128/><V49/><F49/><W27/><G27/><T76/><D74/><U47/><E54/><V119/><F119/><W2/><G2/><T73/><D73/><U115/><E115/><N who="0" m="44073" /><D121/><U32/><E32/><V122/><F122/><W109/><G109/><T135/><D135/><U133/><E133/><V10/><F10/><W24/><G24/><T60/><D60/><U98/><E98/><V38/><F38/><W75/><G75/><T77/><D87/><U126/><E126/><V66/><REACH who="2" step="1"/><F81/><REACH who="2" ten="413,125,333,119" step="2"/><W69/><G8/><T88/><D103/><U131/><E131/><V50/><F50/><W125/><G102/><T9/><D9/><U117/><E117/><V72/><F72/><W65/><G101/><T132/><D132/><U104/><E63/><V99/><F99/><W7/><G125/><T58/><D100/><U129/><E129/><V90/><F90/><W39/><G89/><T68/><D96/><U0/><E104/><V116/><F116/><W120/><G120/><T45/><D106/><U18/><E0/><RYUUKYOKU ba="0,1" sc="413,-10,125,-10,333,30,119,-10" hai2="5,6,13,17,23,42,46,48,61,66,91,94,97" />
</Scene>
<Scene>
<INIT seed="4,1,1,1,4,22" ten="403,115,363,109" oya="0" hai0="74,47,6,10,28,15,104,1,127,119,61,134,53" hai1="80,69,40,27,21,131,121,2,43,93,0,114,125" hai2="49,45,52,63,48,11,124,59,55,3,36,16,130" hai3="68,66,78,75,77,103,84,111,41,102,113,20,120"/><T12/><D119/><U87/><E121/><V18/><F130/><W14/><G111/><T116/><D116/><U88/><E131/><V112/><F36/><W115/><G75/><T133/><D74/><U105/><E69/><V85/><F112/><N who="3" m="43083" /><G41/><T72/><D72/><U33/><E114/><V135/><F135/><N who="0" m="51722" /><D104/><U117/><E105/><V96/><F124/><W100/><G120/><T98/><D127/><U90/><E125/><V108/><F108/><W94/><G68/><T4/><D98/><U50/><E33/><V34/><F34/><W126/><G66/><T107/><D107/><U89/><E117/><V51/><F96/><W42/><G42/><N who="1" m="15914" /><E2/><V65/><F3/><W109/><G109/><T79/><D79/><N who="3" m="30217" /><G126/><T76/><D76/><N who="1" m="46471" /><E0/><V8/><F85/><W132/><G132/><T39/><D28/><N who="1" m="17519" /><E50/><N who="2" m="19563" /><F65/><W30/><G30/><T5/><D39/><U13/><E13/><N who="0" m="5193" /><D47/><U97/><AGARI ba="1,1" hai="88,89,90,93,97" m="17519,46471,15914" machi="97" ten="30,4000,0" yaku="8,1,52,1,54,1" doraHai="22" who="1" fromWho="1" sc="403,-21,115,53,363,-11,109,-11" />
</Scene>
<Scene>
<INIT seed="5,0,0,3,5,21" ten="382,168,352,98" oya="1" hai0="130,60,61,114,111,134,34,54,97,95,27,87,1" hai1="46,11,135,51,123,70,44,9,127,90,133,58,67" hai2="107,40,38,29,72,32,14,102,92,94,93,116,80" hai3="25,83,19,18,113,78,126,33,131,68,24,71,128"/><U35/><E123/><V59/><F116/><W52/><G113/><T16/><D111/><U63/><E35/><V110/><F110/><W2/><G2/><T118/><D118/><U12/><E127/><V81/><F72/><W104/><G104/><T6/><D1/><U109/><E109/><V20/><F32/><W0/><G0/><T106/><D106/><U8/><E90/><V76/><F107/><W132/><G126/><T115/><D6/><U57/><E46/><V30/><F38/><W85/><G132/><N who="1" m="50762" /><E12/><V53/><F40/><AGARI ba="0,0" hai="8,9,11,40,44,51,57,58,63,67,70" m="50762" machi="40" ten="30,1500,0" yaku="20,1" doraHai="21" who="1" fromWho="2" sc="382,0,168,15,352,-15,98,0" />
</Scene>
<Scene>
<INIT seed="5,1,0,2,2,99" ten="382,183,337,98" oya="1" hai0="9,118,57,23,91,111,12,68,71,87,73,18,116" hai1="25,98,100,37,83,123,5,94,54,84,2,41,67" hai2="4,53,115,72,97,132,33,131,46,82,39,38,88" hai3="51,64,29,15,40,48,119,108,14,7,101,70,135"/><U3/><E123/><V32/><F4/><W21/><G108/><T61/><D73/><U42/><E67/><V126/><F72/><W121/><G121/><T110/><D71/><U10/><E2/><V80/><F53/><W127/><G70/><T28/><D68/><U27/><E54/><V106/><F46/><W20/><G64/><T52/><D118/><U43/><REACH who="1" step="1"/><E37/><REACH who="1" ten="382,173,337,98" step="2"/><V34/><F38/><W8/><G119/><T112/><D116/><U113/><E113/><V55/><F39/><W63/><G48/><T66/><D112/><U96/><E96/><V122/><F55/><W81/><G51/><T93/><D66/><U69/><E69/><V74/><F97/><W107/><G63/><T11/><D110/><U17/><E17/><V26/><F122/><W65/><G65/><T22/><D111/><U117/><E117/><V31/><F115/><W77/><G7/><T86/><D18/><U79/><AGARI ba="1,1" hai="3,5,10,25,27,41,42,43,79,83,84,94,98,100" machi="79" ten="30,11700,0" yaku="1,1,0,1,52,1,53,1" doraHai="99" doraHaiUra="75" who="1" fromWho="1" sc="382,-40,173,130,337,-40,98,-40" />
</Scene>
<Scene>
<INIT seed="5,2,0,2,1,104" ten="342,303,297,58" oya="1" hai0="135,55,129,24,134,38,98,101,81,21,15,5,50" hai1="43,48,29,70,58,28,10,53,71,89,61,26,100" hai2="96,78,127,13,103,111,7,126,121,88,90,49,1" hai3="113,110,97,46,68,23,42,34,17,66,54,69,92"/><U57/><E100/><V41/><F1/><W87/><G34/><T56/><D38/><U60/><E10/><N who="2" m="4319" /><F111/><W91/><G110/><T130/><D81/><U105/><E105/><V74/><F121/><W30/><G113/><T84/><D84/><U27/><E43/><V75/><F78/><W4/><G4/><T51/><D51/><U18/><E89/><N who="2" m="34411" /><F49/><W112/><G30/><N who="0" m="17679" /><D15/><U95/><E95/><N who="2" m="58783" /><F41/><W16/><G112/><T86/><D86/><U94/><E94/><V62/><F62/><W44/><G42/><T73/><D73/><U2/><E48/><V6/><F6/><W80/><G68/><T107/><D5/><U32/><E2/><V22/><F22/><W52/><G87/><T63/><D50/><U108/><E108/><V64/><F64/><W131/><G80/><T123/><D123/><U20/><REACH who="1" step="1"/><E29/><REACH who="1" ten="342,293,297,58" step="2"/><V124/><AGARI ba="2,1" hai="74,75,124,126,127" m="58783,34411,4319" machi="124" ten="40,8000,1" yaku="18,1,52,2,54,1" doraHai="104" who="2" fromWho="2" sc="342,-22,293,-42,297,96,58,-22" />
</Scene>
<Scene>
<INIT seed="6,0,0,4,4,90" ten="320,251,393,36" oya="2" hai0="34,112,71,48,28,29,84,41,118,60,43,18,24" hai1="38,7,16,92,11,89,17,2,14,4,63,88,58" hai2="120,59,100,117,85,114,54,103,20,0,104,10,121" hai3="32,73,9,30,76,123,64,36,42,107,130,47,8"/><V66/><F117/><W116/><G123/><T15/><D118/><U93/><E38/><V1/><F66/><W133/><G116/><T69/><D112/><U51/><E51/><V80/><F114/><W129/><G107/><T12/><D29/><U37/><E37/><V98/><F103/><W74/><G64/><T77/><D15/><U86/><E2/><V83/><F83/><N who="3" m="45455" /><G74/><T79/><D60/><U3/><E4/><V78/><F1/><W105/><G105/><T56/><D41/><U70/><E70/><V91/><F20/><W25/><G133/><T119/><D119/><U62/><E3/><V96/><F10/><W35/><G35/><T87/><D77/><U135/><E135/><V125/><F125/><W102/><G102/><T131/><D131/><AGARI ba="0,0" hai="8,9,25,30,32,36,42,47,129,130,131" m="45455" machi="131" ten="30,1000,0" yaku="19,1" doraHai="90" who="3" fromWho="0" sc="320,-10,251,0,393,0,36,10" />
</Scene>
<Scene>
<INIT seed="7,0,0,3,3,116" ten="310,251,393,46" oya="3" hai0="27,102,2,69,104,110,81,0,103,120,106,77,7" hai1="11,55,38,107,72,33,40,84,53,58,15,62,3" hai2="21,54,94,56,46,134,14,101,85,105,10,130,90" hai3="86,98,24,117,100,51,1,63,25,123,60,26,29"/><W87/><G117/><T131/><D110/><U129/><E72/><V36/><F130/><W34/><G1/><T70/><D27/><U127/><E129/><V45/><F36/><W122/><G34/><T67/><D131/><U80/><E3/><V114/><F114/><W52/><G29/><T50/><D50/><U133/><E107/><V42/><F42/><W37/><G37/><T32/><D32/><U88/><E33/><V20/><F105/><W22/><G22/><N who="2" m="8809" /><F101/><W30/><G30/><T111/><D111/><U78/><E133/><V126/><F126/><W64/><G86/><T74/><D67/><U135/><E127/><V9/><F9/><W19/><G87/><T91/><D91/><U5/><E135/><V68/><F68/><W18/><G19/><T16/><D16/><U95/><E40/><V132/><F134/><W65/><G18/><T124/><D124/><U109/><E38/><V108/><F108/><W61/><G65/><T82/><D77/><U59/><E109/><V47/><F132/><W113/><G64/><T71/><D71/><U125/><E125/><V13/><F10/><W17/><G17/><T28/><D28/><U128/><E128/><V6/><F6/><W118/><G113/><T112/><D112/><U66/><REACH who="1" step="1"/><E58/><REACH who="1" ten="310,241,393,46" step="2"/><V93/><F93/><W99/><G118/><T12/><D74/><U57/><E57/><V115/><F115/><W79/><G79/><T49/><D0/><U35/><E35/><V39/><F39/><W92/><REACH who="3" step="1"/><G98/><REACH who="3" ten="310,241,393,36" step="2"/><T73/><D2/><U121/><E121/><V89/><F85/><W23/><G23/><RYUUKYOKU ba="0,2" sc="310,-15,241,15,393,-15,36,15" hai1="5,11,15,53,55,59,62,66,78,80,84,88,95" hai3="24,25,26,51,52,60,61,63,92,99,100,122,123" />
</Scene>
<Scene>
<INIT seed="7,1,2,1,0,111" ten="295,256,378,51" oya="3" hai0="82,86,132,69,107,99,98,38,62,13,89,80,56" hai1="22,76,68,5,110,61,47,91,19,113,42,84,35" hai2="131,109,8,32,0,27,133,58,50,14,119,120,57" hai3="63,79,26,123,121,124,11,4,126,72,92,105,77"/><W49/><G105/><T39/><D69/><U85/><E110/><V67/><F119/><W53/><G63/><T128/><D128/><U1/><E35/><V33/><F0/><W88/><G26/><T97/><D132/><U48/><E76/><V41/><F133/><W52/><G77/><T45/><D107/><U3/><E84/><V115/><F67/><W21/><G21/><T130/><D130/><U2/><E68/><V127/><F127/><N who="3" m="48683" /><G79/><T87/><D13/><U46/><E61/><V54/><F27/><W12/><G72/><T6/><D6/><U135/><E46/><V7/><F33/><W31/><G31/><T104/><D104/><U93/><E135/><V112/><F32/><W28/><G28/><T44/><D39/><U18/><E5/><V10/><F109/><W78/><G78/><N who="0" m="46359" /><D38/><U43/><E43/><V59/><F41/><W83/><G83/><T106/><D106/><U129/><E129/><V90/><F7/><W9/><G9/><T36/><D36/><U40/><E40/><V118/><F8/><W66/><G66/><AGARI ba="1,2" hai="44,45,56,62,66,82,87,89,97,98,99" m="46359" machi="66" ten="30,1000,0" yaku="8,1" doraHai="111" who="0" fromWho="3" sc="295,33,256,0,378,0,51,-13" owari="328,13.0,256,-14.0,378,47.0,38,-46.0" />
</Scene>
</mjloggm>