<mjloggm ver="2.3"><GO type="169"/><UN n0="%4D%49%40%34%32%38" n1="%E6%9D%B1%E9%9B%B2%E7%9A%90%E6%9C%88" n2="%E3%83%87%E3%82%B8%E3%82%BF%E3%83%AB%E4%BB%99%E4%BA%BA" n3="%E5%A4%AA%E3%81%8F%E3%81%AA%E3%81%84%E3%81%8A" dan="16,16,17,16" rate="2102,2037,2131,2081" sx="M,F,F,M"/><TAIKYOKU oya="0"/>

<Scene>
<INIT seed="0,0,0,5,5,33" ten="250,250,250,250" oya="0" hai0="51,18,42,77,1,95,46,60,24,47,86,91,80" hai1="109,96,3,100,128,35,118,106,130,119,38,127,54" hai2="87,28,0,49,55,13,68,63,53,74,98,71,69" hai3="110,21,40,62,82,20,10,43,126,45,101,11,9"/><T66/><D46/><U23/><E35/><V129/><F74/><W52/><G110/><T125/><D125/><U6/><E109/><V135/><F135/><W65/><G126/><T133/><D133/><U37/><E23/><N who="3" m="8778" /><G101/><T67/><D24/><U114/><E54/><V84/><F129/><N who="1" m="49769" /><E114/><V94/><F28/><W17/><G17/><T134/><D18/><U41/><E127/><V15/><F63/><W115/><G115/><T85/><D134/><U58/><E58/><V83/><F0/><W111/><G111/><T2/><REACH who="0" step="1"/><D66/><REACH who="0" ten="240,250,250,250" step="2"/><U70/><E118/><V26/><F26/><W117/><G117/><T16/><D16/><U131/><E119/><V29/><F29/><W50/><G43/><T75/><D75/><U30/><E41/><V72/><F72/><W121/><G40/><T108/><D108/><U12/><E30/><V36/><F53/><W7/><G65/><T90/><D90/><U44/><E44/><V39/><F55/><W92/><G45/><T132/><D132/><U107/><E131/><V32/><F32/><W5/><G52/><T97/><D97/><U123/><E96/><V25/><F98/><W81/><G7/><T124/><D124/><U120/><E6/><V4/><F4/><W48/><G5/><T76/><D76/><U122/><E120/><V34/><F34/><W22/><G50/><T89/><D89/><U93/><E122/><V102/><F49/><W31/><G48/><T14/><D14/><U64/><E12/><V116/><F13/><W59/><G121/><T56/><AGARI ba="0,1" hai="1,2,42,47,51,56,60,67,77,80,85,86,91,95" machi="56" ten="20,12000,1" yaku="1,1,0,1,7,1,52,2,53,0" doraHai="33" doraHaiUra="104" who="0" fromWho="0" sc="240,130,250,-40,250,-40,250,-40" />
</Scene>
<Scene>
<INIT seed="0,1,0,0,4,125" ten="370,210,210,210" oya="0" hai0="107,118,95,19,30,40,82,26,31,133,27,35,34" hai1="84,98,69,1,64,43,109,6,134,11,81,87,131" hai2="55,111,85,114,90,29,80,24,32,130,65,115,101" hai3="50,104,63,36,113,8,76,116,91,44,9,74,66"/><T16/><D107/><U120/><E120/><V21/><F111/><W49/><G116/><T61/><D118/><U123/><E123/><V103/><F32/><W97/><G113/><T93/><D133/><U56/><E109/><V122/><F122/><W128/><G36/><T58/><D40/><U54/><E43/><V127/><F127/><W70/><G50/><T126/><D82/><U108/><E134/><V94/><F115/><W42/><G74/><T68/><D68/><U132/><E132/><V38/><F38/><W45/><G76/><T59/><D126/><U33/><E33/><V20/><F114/><W13/><G45/><T10/><D10/><U3/><E3/><V110/><F65/><W52/><G42/><T48/><D48/><U51/><E98/><V15/><F110/><W57/><G70/><T100/><D100/><U28/><E28/><V18/><F130/><W14/><G128/><T0/><REACH who="0" step="1"/><D0/><REACH who="0" ten="360,210,210,210" step="2"/><U135/><E135/><V39/><F39/><W41/><G41/><T86/><D86/><N who="1" m="32811" /><E131/><V53/><F103/><W67/><G104/><T2/><D2/><U75/><E81/><V4/><F4/><W47/><G8/><T112/><D112/><U25/><E108/><V79/><F101/><W62/><G49/><T105/><D105/><U60/><E75/><AGARI ba="1,1" hai="15,18,20,21,24,29,53,55,75,79,80,85,90,94" machi="75" ten="30,1000,0" yaku="7,1" doraHai="125" who="2" fromWho="1" sc="360,0,210,-13,210,23,210,0" />
</Scene>
<Scene>
<INIT seed="1,0,0,2,2,126" ten="360,197,233,210" oya="1" hai0="53,130,120,4,42,124,122,80,51,26,113,72,69" hai1="121,33,67,11,76,61,125,20,36,47,132,79,41" hai2="98,30,97,75,56,49,119,94,12,96,103,77,32" hai3="105,114,92,117,91,109,93,112,15,54,31,95,123"/><U5/><E121/><N who="0" m="46697" /><D113/><N who="3" m="43625" /><G15/><T0/><D69/><U34/><E125/><V101/><F119/><W55/><G123/><T70/><D70/><N who="1" m="42351" /><E20/><V102/><F32/><N who="1" m="12393" /><E76/><V71/><F71/><W19/><G31/><T16/><D124/><U58/><E58/><V110/><F30/><W13/><G91/><T28/><D28/><U8/><E8/><V73/><F12/><W85/><G85/><T83/><D72/><N who="2" m="27722" /><F49/><W22/><G117/><T37/><D26/><U50/><E50/><V82/><F56/><W87/><G87/><T52/><D51/><U129/><E79/><V1/><F1/><W134/><G55/><T24/><D52/><U88/><E88/><N who="2" m="55367" /><F110/><W68/><G68/><T90/><D53/><U74/><E74/><AGARI ba="0,0" hai="74,77,82,97,98,101,102,103" m="55367,27722" machi="74" ten="30,12000,2" yaku="35,5,54,1" doraHai="126" who="2" fromWho="1" sc="360,0,197,-120,233,120,210,0" />
</Scene>
<Scene>
<INIT seed="2,0,0,5,3,51" ten="360,77,353,210" oya="2" hai0="46,26,100,59,12,69,104,15,24,56,36,117,94" hai1="17,45,85,125,37,6,74,109,120,64,82,87,92" hai2="81,115,4,118,103,119,0,68,14,86,111,7,126" hai3="88,38,77,20,10,57,28,55,75,124,65,91,66"/><V39/><F68/><W96/><G38/><T27/><D69/><U19/><E109/><V2/><F115/><W116/><G116/><T114/><D114/><U78/><E64/><N who="3" m="24682" /><G75/><T53/><D104/><U128/><E128/><V129/><F39/><W71/><G71/><T101/><D117/><U135/><E135/><V72/><F129/><W105/><G105/><T122/><D122/><U80/><E6/><V102/><F72/><W18/><G124/><T73/><D73/><U97/><E125/><V3/><F126/><W110/><G110/><T70/><D70/><U61/><E120/><V133/><F133/><W50/><G77/><T54/><D36/><U60/><E37/><V90/><F111/><W62/><G96/><N who="0" m="59415" /><D101/><U34/><E34/><V31/><F119/><W131/><G131/><T9/><D46/><U93/><E45/><V95/><F118/><W5/><G28/><T33/><D33/><U99/><E74/><V25/><F103/><W47/><G5/><N who="0" m="3119" /><D15/><U49/><REACH who="1" step="1"/><E78/><REACH who="1" ten="360,67,353,210" step="2"/><V32/><F7/><W98/><G47/><T108/><D108/><U48/><AGARI ba="0,1" hai="17,19,48,49,60,61,80,82,85,87,92,93,97,99" machi="48" ten="25,12000,2" yaku="1,1,2,1,0,1,22,2,8,1,53,0" doraHai="51" doraHaiUra="106" who="1" fromWho="1" sc="360,-30,67,130,353,-60,210,-30" />
</Scene>
<Scene>
<INIT seed="3,0,0,1,4,109" ten="330,197,293,180" oya="3" hai0="25,8,103,24,74,81,34,93,46,61,65,49,99" hai1="7,2,28,134,60,50,13,127,57,119,114,78,64" hai2="108,4,111,0,44,19,5,117,17,102,98,87,129" hai3="100,77,27,112,23,9,125,38,89,132,96,124,3"/><W79/><G38/><T122/><D122/><U11/><E134/><V118/><F87/><W128/><G89/><T33/><D8/><U84/><E127/><N who="3" m="48714" /><G132/><T82/><D34/><U85/><E28/><V76/><F76/><W97/><G128/><T83/><D74/><U75/><E119/><N who="2" m="45579" /><F44/><W15/><G3/><T62/><D33/><U47/><E2/><V126/><F126/><W63/><G63/><N who="0" m="24075" /><D65/><U10/><E10/><N who="2" m="2311" /><F129/><W22/><G97/><T1/><D1/><U54/><E75/><V37/><F37/><W67/><G67/><T14/><D14/><U41/><E78/><V123/><F123/><W116/><G116/><T48/><D48/><U86/><REACH who="1" step="1"/><E64/><REACH who="1" ten="330,187,293,180" step="2"/><V40/><F5/><W70/><G79/><T43/><AGARI ba="0,1" hai="24,25,43,46,49,81,82,83,93,99,103" m="24075" machi="43" ten="30,1100,0" yaku="8,1" doraHai="109" who="0" fromWho="0" sc="330,21,187,-3,293,-3,180,-5" />
</Scene>
<Scene>
<INIT seed="4,0,0,5,2,80" ten="351,184,290,175" oya="0" hai0="21,24,44,23,82,11,27,17,124,56,19,54,62" hai1="86,29,95,59,101,112,92,40,14,110,130,58,16" hai2="45,10,102,39,18,72,90,50,43,120,93,131,81" hai3="3,28,122,132,114,15,87,107,38,85,105,123,76"/><T47/><D124/><U75/><E110/><V30/><F120/><N who="3" m="46123" /><G3/><T96/><D96/><N who="1" m="59551" /><E75/><V97/><F131/><W55/><G38/><T91/><D11/><N who="1" m="6239" /><E130/><V60/><F30/><W57/><G28/><T115/><D115/><U94/><E94/><V134/><F134/><W79/><G15/><T25/><D25/><U78/><E40/><V41/><F60/><N who="3" m="35903" /><G114/><T7/><D7/><U6/><E6/><V88/><F41/><W77/><G132/><T71/><D71/><U68/><E68/><V70/><F70/><W106/><AGARI ba="0,0" hai="76,77,79,85,87,105,106,107" m="35903,46123" machi="106" ten="40,5200,0" yaku="13,1,52,2" doraHai="80" who="3" fromWho="3" sc="351,-26,184,-13,290,-13,175,52" />
</Scene>
<Scene>
<INIT seed="5,0,0,2,3,74" ten="325,171,277,227" oya="1" hai0="28,52,10,51,17,31,102,120,110,32,42,38,93" hai1="55,81,114,25,130,13,64,65,12,85,47,131,124" hai2="78,80,39,76,71,29,125,26,94,134,23,4,40" hai3="36,57,21,95,79,84,8,15,73,44,41,132,105"/><U50/><E114/><V100/><F71/><W109/><G109/><T0/><D110/><U96/><E96/><N who="2" m="59415" /><F39/><W72/><G105/><T92/><D120/><U61/><E25/><V70/><F70/><W49/><G132/><T86/><D38/><U123/><E123/><V62/><F134/><W11/><G21/><T56/><D42/><U90/><E124/><V99/><F125/><W122/><G122/><T106/><D32/><U68/><REACH who="1" step="1"/><E64/><REACH who="1" ten="325,161,277,227" step="2"/><V97/><F97/><W108/><G108/><T88/><D106/><U126/><E126/><V117/><F99/><W121/><G121/><T119/><D102/><U98/><E98/><V18/><F26/><W37/><G37/><T27/><D27/><U35/><E35/><V69/><F117/><W104/><G104/><T20/><D119/><U133/><E133/><V135/><F135/><W77/><G36/><T103/><D103/><U127/><E127/><V5/><F29/><W116/><G116/><T107/><D107/><U53/><E53/><V24/><F40/><W58/><G41/><T129/><D31/><U89/><E89/><V128/><F24/><W3/><G77/><T87/><D28/><U54/><E54/><V115/><F78/><W112/><G79/><T43/><D43/><U6/><E6/><V83/><F76/><W63/><G112/><T75/><D88/><U45/><E45/><V33/><F4/><W16/><G44/><T34/><D34/><U1/><E1/><V2/><F5/><W9/><G3/><T118/><D0/><U19/><E19/><V82/><F2/><W113/><G113/><RYUUKYOKU ba="0,1" sc="325,-10,161,30,277,-10,227,-10" hai1="12,13,47,50,55,61,65,68,81,85,90,130,131" />
</Scene>
<Scene>
<INIT seed="5,1,1,3,1,39" ten="315,191,267,217" oya="1" hai0="63,99,69,103,115,51,59,125,86,101,79,71,11" hai1="49,25,18,107,132,88,81,135,47,131,104,28,67" hai2="61,8,15,128,44,100,3,54,34,46,110,106,9" hai3="2,26,60,10,68,52,94,93,23,5,30,112,116"/><U7/><E131/><V85/><F110/><W48/><G112/><T31/><D115/><U87/><E18/><V64/><F34/><W91/><G116/><T32/><D125/><U38/><E38/><V123/><F128/><W40/><G40/><T77/><D51/><U43/><E67/><V24/><F123/><W65/><REACH who="3" step="1"/><G91/><REACH who="3" ten="315,191,267,207" step="2"/><T119/><D119/><U55/><E55/><V13/><F54/><W35/><G35/><T57/><D32/><N who="1" m="20495" /><E7/><V41/><F41/><W118/><G118/><T1/><D77/><U12/><E12/><V97/><F13/><W126/><G126/><T120/><D79/><U111/><E111/><V76/><F15/><W84/><G84/><T37/><D86/><U109/><E109/><V22/><F85/><W6/><G6/><T19/><D120/><U0/><E0/><V83/><F76/><W29/><G29/><T75/><D31/><U127/><E127/><V82/><F3/><W114/><G114/><T90/><D1/><U98/><E98/><V95/><F97/><W133/><G133/><AGARI ba="1,2" hai="43,47,49,81,87,88,104,107,132,133,135" m="20495" machi="133" ten="30,5800,0" yaku="20,1,52,1,54,1" doraHai="39" who="1" fromWho="3" sc="315,0,191,81,267,0,207,-61" />
</Scene>
<Scene>
<INIT seed="5,2,0,1,4,8" ten="315,272,267,146" oya="1" hai0="44,63,21,10,40,32,78,39,61,106,102,126,94" hai1="47,92,37,27,112,30,66,89,55,104,110,86,114" hai2="124,100,20,101,131,118,15,98,103,5,128,77,50" hai3="69,130,87,26,125,36,65,96,71,25,116,22,109"/><U46/><E104/><V74/><F118/><W19/><G109/><T105/><D32/><U73/><E73/><V133/><F124/><W72/><G72/><T45/><D126/><U62/><E37/><V43/><F133/><W41/><G125/><T117/><D117/><U7/><E7/><V88/><F77/><W49/><G116/><T58/><D78/><U134/><E134/><V90/><F74/><W9/><G130/><N who="2" m="49705" /><F98/><W57/><G96/><T52/><D45/><U93/><E93/><V120/><F120/><W35/><G9/><T53/><D21/><U122/><E122/><V85/><F85/><W2/><G2/><T12/><D94/><U64/><E110/><V119/><F119/><W51/><G36/><T132/><D132/><U107/><E107/><V33/><F33/><W67/><G87/><T91/><D91/><U75/><E75/><V84/><F84/><W123/><G123/><T1/><D1/><U76/><E76/><V127/><F127/><W17/><G35/><T28/><D102/><U31/><E86/><V48/><F5/><W54/><G71/><T23/><D105/><U111/><E111/><V14/><F20/><N who="3" m="13455" /><G69/><T68/><D68/><U80/><E89/><N who="2" m="34411" /><F43/><W121/><G121/><T83/><D106/><U99/><E92/><V95/><F95/><W3/><G3/><T38/><D83/><U11/><E80/><V42/><F42/><W115/><G41/><T135/><D135/><U59/><E99/><V34/><F34/><W70/><G22/><T81/><D81/><U129/><E129/><V113/><F113/><W82/><G115/><RYUUKYOKU ba="2,0" sc="315,-10,272,-10,267,30,146,-10" hai2="14,15,48,50,100,101,103" />
</Scene>
<Scene>
<INIT seed="6,3,0,4,5,100" ten="305,262,297,136" oya="2" hai0="72,10,92,36,62,82,58,59,131,7,22,129,20" hai1="127,107,24,29,57,102,4,125,51,64,28,41,104" hai2="103,83,94,111,106,3,67,25,60,134,110,13,56" hai3="95,81,37,75,86,101,108,8,119,79,124,2,80"/><V34/><F3/><W135/><G37/><T1/><D36/><U120/><E102/><V93/><F13/><W61/><G61/><T133/><D133/><U90/><E4/><V30/><F83/><W49/><G49/><T87/><D92/><U96/><E29/><V68/><F56/><N who="0" m="21546" /><D62/><N who="1" m="37967" /><E96/><N who="2" m="61799" /><F134/><W65/><G65/><T44/><D44/><N who="1" m="25999" /><E90/><V114/><F114/><W73/><G135/><T78/><D72/><U46/><E46/><V84/><F84/><W63/><G63/><T88/><D78/><U130/><E120/><V69/><F69/><W38/><G38/><T14/><D1/><U126/><E130/><AGARI ba="3,0" hai="7,10,14,20,22,82,87,88,129,130,131" m="21546" machi="130" ten="30,2000,0" yaku="19,1,54,1" doraHai="100" who="0" fromWho="1" sc="305,29,262,-29,297,0,136,0" />
</Scene>
<Scene>
<INIT seed="7,0,0,4,4,12" ten="334,233,297,136" oya="3" hai0="124,108,52,33,72,17,83,16,24,9,55,58,82" hai1="100,121,56,41,116,109,127,37,94,50,119,111,84" hai2="90,105,62,15,132,89,87,129,39,104,1,48,78" hai3="86,135,19,125,34,117,3,110,131,122,65,53,126"/><W71/><RYUUKYOKU type="yao9" ba="0,0" sc="334,0,233,0,297,0,136,0" hai3="3,19,34,53,65,71,86,110,117,122,125,126,131,135" />
</Scene>
<Scene>
<INIT seed="7,1,0,3,2,13" ten="334,233,297,136" oya="3" hai0="89,29,40,69,120,81,37,12,76,98,85,56,32" hai1="66,90,115,102,83,112,86,79,99,117,122,113,49" hai2="75,126,107,26,131,10,118,30,0,110,127,46,31" hai3="33,42,35,20,68,18,123,36,28,116,2,106,41"/><W124/><G106/><T82/><D69/><U14/><E66/><V77/><F107/><W97/><G68/><T51/><D120/><U105/><E49/><V100/><F100/><W54/><G123/><T71/><D71/><U50/><E50/><V9/><F118/><W65/><G65/><T70/><D70/><U119/><E14/><V61/><F61/><W95/><G116/><N who="1" m="44618" /><E122/><V103/><F103/><W101/><G2/><T94/><D81/><U53/><E53/><V129/><F46/><W58/><G124/><N who="2" m="47657" /><F77/><AGARI ba="1,0" hai="77,79,83,86,90,99,102,105,112,113,115" m="44618" machi="77" ten="40,8000,1" yaku="15,1,12,1,34,2" doraHai="13" who="1" fromWho="2" sc="334,0,233,83,297,-83,136,0" owari="334,43.0,316,12.0,214,-19.0,136,-36.0" />
</Scene>
</mjloggm>