<mjloggm ver="2.3"><GO type="97"/><UN n0="%E5%AE%85%E9%85%8D%E3%82%B3%E3%82%AE%E3%83%A3%E3%83%AB%EF%BC%99" n1="%72%61%6C%66" n2="%E5%A4%AA%E3%81%8F%E3%81%AA%E3%81%84%E3%81%8A" n3="%52%41%44%49%41%4E%43%45" dan="13,14,15,15" rate="1851,1899,2042,1968" sx="M,M,M,M"/><TAIKYOKU oya="0"/>

<Scene>
<INIT seed="0,0,0,2,2,52" ten="250,250,250,250" oya="0" hai0="76,0,84,60,125,56,119,68,38,97,12,112,18" hai1="101,95,117,120,106,49,102,51,111,65,107,108,35" hai2="34,100,47,80,30,45,1,63,73,115,50,99,37" hai3="90,25,36,91,41,8,43,135,116,133,42,29,110"/><T40/><D119/><U53/><E117/><V92/><F115/><W86/><G116/><T71/><D112/><U128/><E35/><V87/><F1/><W124/><G36/><T14/><D0/><U19/><E120/><V44/><F37/><W77/><G110/><N who="1" m="42026" /><E65/><V13/><F73/><W27/><G8/><T61/><D125/><U82/><E82/><V48/><F34/><W69/><G69/><T10/><D38/><U58/><E128/><V64/><F30/><W88/><G124/><T131/><D40/><U7/><E7/><V79/><REACH who="2" step="1"/><F13/><REACH who="2" ten="250,250,240,250" step="2"/><W109/><G109/><T93/><D14/><U123/><E123/><V114/><F114/><W28/><G29/><T17/><D12/><U89/><E106/><V67/><F67/><W4/><G4/><T126/><D126/><U22/><E107/><V59/><AGARI ba="0,1" hai="44,45,47,48,50,59,63,64,79,80,87,92,99,100" machi="59" ten="30,8000,1" yaku="1,1,0,1,8,1,52,1,53,1" doraHai="52" doraHaiUra="83" who="2" fromWho="2" sc="250,-40,250,-20,240,90,250,-20" />
</Scene>
<Scene>
<INIT seed="1,0,0,4,5,6" ten="210,230,330,230" oya="1" hai0="100,85,101,128,40,105,91,42,103,70,109,108,47" hai1="115,81,48,11,4,123,92,82,26,1,25,21,107" hai2="57,124,119,62,67,50,129,93,35,72,54,135,87" hai3="90,23,61,14,75,39,56,0,125,33,59,9,8"/><U74/><E107/><V84/><F119/><W73/><G39/><T77/><D70/><U116/><E123/><V22/><F35/><W27/><G125/><T113/><D113/><U55/><E116/><V45/><F72/><W89/><G33/><T86/><D42/><U106/><E106/><V120/><F120/><W69/><G69/><T34/><D34/><U117/><E117/><V79/><F124/><W71/><G71/><T53/><D53/><U64/><E64/><V130/><F135/><W44/><G44/><T88/><D47/><U134/><E134/><V122/><F122/><W102/><G102/><T7/><D7/><U13/><E74/><V98/><F22/><W97/><G97/><N who="0" m="61583" /><D40/><U52/><E1/><V36/><F36/><W95/><G95/><N who="0" m="54671" /><D77/><U32/><E32/><V126/><F126/><W19/><G0/><T5/><D5/><U99/><E115/><V96/><F79/><W110/><G23/><T132/><D132/><U114/><E114/><V80/><F45/><W121/><G121/><T15/><D15/><U28/><E26/><V78/><F67/><W16/><G14/><T83/><D128/><N who="2" m="49258" /><F62/><W41/><G41/><T12/><D12/><U94/><E55/><V10/><F54/><W18/><G18/><T31/><D31/><U49/><E49/><V133/><F50/><W46/><G46/><T29/><D29/><U112/><E112/><V127/><F133/><W63/><REACH who="3" step="1"/><G27/><REACH who="3" ten="210,230,330,220" step="2"/><T131/><D131/><U24/><E24/><V2/><F127/><W58/><G58/><T43/><D43/><U17/><E17/><V38/><F57/><RYUUKYOKU ba="0,1" sc="210,15,230,-15,330,-15,220,15" hai0="83,86,91,101,103,108,109" hai3="8,9,16,19,56,59,61,63,73,75,89,90,110" />
</Scene>
<Scene>
<INIT seed="2,1,1,0,3,109" ten="225,215,315,235" oya="2" hai0="101,29,118,40,76,96,64,115,91,72,42,59,15" hai1="69,45,111,4,108,86,81,68,46,131,17,124,21" hai2="119,132,113,39,133,25,121,38,103,10,99,106,71" hai3="41,37,122,80,49,56,48,16,98,18,85,107,13"/><V70/><F121/><W44/><G122/><T126/><D126/><U47/><E124/><V9/><F119/><W57/><G107/><T1/><D1/><U24/><E4/><V89/><F89/><N who="3" m="51367" /><G98/><T75/><D29/><U116/><E116/><V77/><F77/><W34/><G34/><T97/><D118/><U27/><E131/><V114/><F25/><W125/><G125/><T112/><D76/><U87/><E81/><V8/><F39/><W53/><G37/><T19/><D75/><U84/><REACH who="1" step="1"/><E27/><REACH who="1" ten="225,205,315,235" step="2"/><V90/><F132/><W92/><G92/><T78/><D72/><U79/><E79/><V100/><F133/><W20/><G18/><T3/><D78/><U88/><E88/><V93/><F90/><W26/><G26/><T120/><D91/><U6/><E6/><V7/><F7/><W135/><G135/><T12/><D19/><U52/><E52/><V102/><F102/><W60/><G60/><T134/><D101/><U83/><E83/><V128/><F128/><W127/><G127/><T62/><D134/><U73/><E73/><V22/><F100/><W55/><G53/><T50/><D120/><U54/><E54/><V82/><F82/><W35/><G35/><T0/><D62/><U117/><E117/><V67/><F103/><W61/><G61/><T95/><D3/><U74/><E74/><V110/><F106/><W129/><G129/><T36/><D0/><U66/><E66/><V2/><F67/><W5/><G5/><T123/><D123/><U105/><E105/><V28/><F2/><W63/><G63/><T51/><D95/><RYUUKYOKU ba="1,2" sc="225,-15,205,15,315,-15,235,15" hai1="17,21,24,45,46,47,68,69,84,86,87,108,111" hai3="13,16,20,41,44,48,49,55,56,57" />
</Scene>
<Scene>
<INIT seed="3,2,2,5,4,99" ten="210,220,300,250" oya="3" hai0="36,31,106,15,90,61,16,132,100,83,1,117,52" hai1="98,23,35,114,65,43,17,44,101,56,76,39,78" hai2="4,37,107,26,94,68,77,54,93,72,48,24,97" hai3="95,104,53,115,130,119,22,118,21,60,13,38,134"/><W50/><G104/><T122/><D117/><U30/><E114/><V42/><F68/><W32/><G115/><T55/><D1/><U12/><E30/><V128/><F128/><W7/><G32/><T85/><D122/><U125/><E35/><V109/><F109/><W70/><G38/><T64/><D36/><U131/><E131/><V116/><F116/><W25/><G130/><T62/><D31/><U45/><E45/><V9/><F107/><W81/><G81/><T73/><D73/><U88/><E125/><V71/><F71/><W46/><G134/><T127/><D127/><U103/><E65/><V79/><F37/><W135/><G135/><T11/><D132/><U5/><E5/><V80/><F42/><W105/><G105/><T34/><D34/><U47/><E47/><V29/><F79/><N who="1" m="30249" /><E39/><V121/><F121/><W91/><G60/><T66/><D66/><U86/><E98/><V28/><F28/><W41/><G70/><T69/><REACH who="0" step="1"/><D62/><REACH who="0" ten="200,220,300,250" step="2"/><U20/><E23/><V96/><F29/><W14/><G22/><T89/><D89/><U92/><E56/><V82/><F72/><W75/><G75/><T8/><D8/><U3/><E3/><V59/><F59/><W19/><G119/><T112/><D112/><U84/><E43/><V49/><F9/><W6/><G118/><T108/><D108/><U33/><E33/><V110/><F110/><W124/><G124/><T87/><D87/><N who="1" m="52255" /><E44/><V58/><F58/><W18/><G41/><T129/><D129/><U57/><E57/><V2/><F2/><W40/><G40/><T111/><D111/><RYUUKYOKU ba="2,3" sc="200,15,220,15,300,-15,250,-15" hai0="11,15,16,52,55,61,64,69,83,85,90,100,106" hai1="12,17,20,84,86,101,103" />
</Scene>
<Scene>
<INIT seed="4,3,3,2,0,2" ten="215,235,285,235" oya="0" hai0="125,82,34,43,133,64,33,38,84,19,102,40,93" hai1="59,5,54,71,105,11,6,109,97,99,16,130,121" hai2="0,48,89,96,106,9,68,37,67,135,65,29,129" hai3="95,128,100,115,57,31,112,12,103,13,76,7,63"/><T36/><D125/><U39/><E71/><V70/><F37/><W119/><G119/><T62/><D133/><U108/><E109/><V20/><F70/><W72/><G31/><T92/><D38/><U46/><E108/><V94/><F106/><W73/><G128/><T32/><D36/><U111/><E111/><V120/><F120/><W58/><G76/><T118/><D118/><U117/><E105/><V104/><F104/><W47/><G47/><T80/><D80/><U30/><E121/><V1/><F68/><W86/><G86/><T79/><D19/><U75/><E75/><N who="3" m="28746" /><G7/><N who="1" m="2570" /><E39/><V41/><F0/><W42/><G42/><T8/><D8/><U60/><E130/><V88/><F9/><W77/><G77/><T51/><D51/><N who="1" m="29047" /><E30/><V15/><F1/><W78/><G78/><T131/><D131/><U107/><E107/><V134/><F129/><W53/><G58/><T61/><D61/><U113/><E113/><N who="3" m="43594" /><G95/><T24/><D93/><U66/><E117/><V25/><F89/><W45/><G45/><T110/><D110/><U50/><E50/><V83/><F48/><W123/><G123/><T52/><D52/><U122/><E122/><V87/><F41/><W18/><G18/><T44/><D44/><U124/><E124/><V74/><F74/><W26/><G26/><T81/><D43/><U21/><E11/><V23/><F134/><W116/><G116/><T85/><D40/><U28/><E28/><V114/><F135/><W14/><AGARI ba="3,3" hai="12,13,14,53,57,63,100,103" m="43594,28746" machi="14" ten="40,1500,0" yaku="15,1" doraHai="2" who="3" fromWho="3" sc="215,-10,235,-7,285,-7,235,54" />
</Scene>
<Scene>
<INIT seed="5,0,0,0,0,58" ten="205,228,278,289" oya="1" hai0="123,41,102,77,73,89,121,25,44,101,22,91,110" hai1="50,94,131,83,6,129,132,78,10,24,64,120,103" hai2="127,49,117,56,96,74,0,9,42,59,99,53,75" hai3="88,12,106,26,124,55,118,81,104,105,15,52,1"/><U45/><E120/><N who="0" m="46153" /><D110/><U35/><E132/><V36/><F117/><W32/><G1/><T69/><D69/><U54/><E64/><V19/><F127/><W13/><G124/><T65/><D65/><U14/><E35/><V31/><F31/><W37/><G37/><N who="0" m="21551" /><D77/><U18/><E24/><V133/><F133/><W30/><REACH who="3" step="1"/><G118/><REACH who="3" ten="205,228,278,279" step="2"/><T48/><D73/><U86/><E103/><N who="0" m="39433" /><D48/><U71/><E71/><V95/><F74/><W47/><G47/><T87/><D87/><AGARI ba="0,1" hai="12,13,15,26,30,32,52,55,81,87,88,104,105,106" machi="87" ten="50,6400,0" yaku="1,1,54,2,53,0" doraHai="58" doraHaiUra="34" who="3" fromWho="0" sc="205,-64,228,0,278,0,279,74" owari="141,-36.0,228,-17.0,278,8.0,353,45.0" />
</Scene>
</mjloggm>