<mjloggm ver="2.3"><GO type="169"/><UN n0="%E6%B0%97%E6%A5%BD%E3%81%AB%E6%89%93%E3%81%A4" n1="%E3%83%B4%E3%81%81%E3%81%AB%E3%82%89%E3%81%82%E3%81%84%E3%81%99" n2="%E5%A4%AA%E3%81%8F%E3%81%AA%E3%81%84%E3%81%8A" n3="%E3%83%9F%E3%83%A9%E3%82%AF%E3%83%AB%E3%81%8A%E3%81%98%E3%81%95%E3%82%93" dan="16,16,18,17" rate="2109,2025,2164,2150" sx="M,M,M,M"/><TAIKYOKU oya="0"/>

<Scene>
<INIT seed="0,0,0,3,0,78" ten="250,250,250,250" oya="0" hai0="116,133,72,11,50,9,85,26,29,134,17,12,16" hai1="44,95,54,3,6,124,110,40,83,21,53,132,103" hai2="119,28,43,36,130,58,14,49,23,131,27,67,1" hai3="97,118,32,4,121,89,112,38,111,5,127,15,80"/><T100/><D116/><U135/><E124/><V31/><F1/><W52/><G118/><T42/><D72/><U59/><E110/><V63/><F119/><W77/><G112/><T107/><D85/><U57/><E21/><V99/><F14/><W87/><G38/><T96/><D42/><U86/><E3/><V41/><F31/><W92/><G32/><N who="0" m="20535" /><D50/><N who="1" m="26887" /><E6/><V35/><F35/><W128/><G111/><T104/><D104/><U71/><E71/><V18/><F18/><N who="0" m="7274" /><D12/><U20/><E20/><V2/><F2/><W109/><G15/><T65/><D65/><U123/><E123/><V56/><F36/><W22/><G87/><T106/><D107/><U24/><E24/><V37/><F37/><W39/><G39/><T70/><D70/><U25/><E25/><V84/><F84/><W30/><G97/><T47/><D47/><U75/><E75/><V113/><F99/><W69/><G69/><T0/><D0/><U76/><E103/><V82/><F43/><W55/><G55/><N who="1" m="21002" /><E95/><V91/><F41/><W125/><G92/><T62/><D62/><U13/><E13/><V19/><F63/><W102/><G127/><T60/><D60/><U51/><E51/><V46/><F49/><W101/><G125/><T93/><D106/><U7/><E7/><V74/><F74/><W129/><G4/><T33/><D33/><U48/><E48/><V68/><F68/><W66/><G5/><T115/><D115/><U105/><E105/><V8/><F113/><W81/><G109/><T126/><D126/><U64/><E64/><V45/><F67/><W98/><G66/><RYUUKYOKU ba="0,0" sc="250,15,250,15,250,-15,250,-15" hai0="9,11,93,96,100,133,134" hai1="57,59,76,83,86,132,135" />
</Scene>
<Scene>
<INIT seed="0,1,0,5,1,28" ten="265,265,235,235" oya="0" hai0="126,102,66,121,101,108,41,67,104,69,83,113,130" hai1="10,116,111,80,26,114,107,84,33,90,129,52,51" hai2="96,82,76,117,131,98,0,118,24,72,17,37,27" hai3="103,124,79,42,57,135,64,11,36,91,123,40,56"/><T92/><D121/><U38/><E116/><N who="2" m="44651" /><F0/><W63/><G123/><T61/><D113/><U21/><E38/><V6/><F37/><W34/><G103/><T62/><D126/><U122/><E122/><V30/><F131/><W125/><G79/><T32/><D130/><U71/><E129/><V3/><F17/><W133/><G34/><T44/><D108/><U19/><E111/><V5/><F27/><W48/><G91/><T78/><D92/><U47/><E71/><V87/><F87/><W65/><G11/><T74/><D32/><U55/><E114/><V109/><F109/><W70/><G36/><T134/><D134/><N who="3" m="51209" /><G65/><T16/><D104/><U1/><E107/><V58/><F58/><N who="3" m="22635" /><G48/><T119/><D119/><U49/><E33/><N who="2" m="20679" /><F3/><W94/><G94/><T86/><D86/><U81/><E1/><V110/><F110/><W77/><G77/><T25/><D25/><U112/><E112/><V88/><F88/><W8/><G8/><T99/><D99/><AGARI ba="1,0" hai="5,6,72,76,82,96,98,99" m="20679,44651" machi="99" ten="30,2000,0" yaku="12,1,52,1" doraHai="28" who="2" fromWho="0" sc="265,-23,265,0,235,23,235,0" />
</Scene>
<Scene>
<INIT seed="1,0,0,4,3,61" ten="242,265,258,235" oya="1" hai0="4,12,63,34,88,104,100,56,131,114,62,53,77" hai1="74,89,33,108,48,1,5,116,23,85,80,126,105" hai2="46,82,66,37,59,76,41,13,69,27,0,50,54" hai3="7,17,109,57,94,67,18,52,78,71,11,123,2"/><U43/><E116/><V96/><F0/><W58/><G123/><T32/><D114/><U47/><E33/><V19/><F96/><W92/><G71/><T24/><D131/><U118/><E126/><V113/><F27/><W26/><G109/><T90/><D77/><U79/><E118/><V64/><F69/><W103/><G78/><T72/><D72/><U99/><E108/><V95/><F95/><W35/><G103/><T16/><D63/><U25/><E5/><V39/><F39/><W75/><G75/><T68/><D68/><U21/><E1/><V135/><F113/><W15/><G35/><T127/><D127/><U6/><E6/><V84/><REACH who="2" step="1"/><F135/><REACH who="2" ten="242,265,248,235" step="2"/><W40/><G26/><T102/><D24/><U45/><E25/><V91/><F91/><W132/><G94/><T101/><D104/><U42/><E105/><V87/><F87/><W9/><G92/><T8/><D34/><U28/><E99/><V115/><F115/><W22/><G132/><T3/><REACH who="0" step="1"/><D32/><REACH who="0" ten="232,265,248,235" step="2"/><U49/><REACH who="1" step="1"/><E28/><REACH who="1" ten="232,255,248,235" step="2"/><V106/><F106/><W73/><G73/><T97/><D97/><U20/><E20/><AGARI ba="0,3" hai="13,19,20,37,41,46,50,54,59,64,66,76,82,84" machi="20" ten="30,7700,0" yaku="1,1,7,1,52,2,53,0" doraHai="61" doraHaiUra="93" who="2" fromWho="1" sc="232,0,255,-77,248,107,235,0" /><AGARI ba="0,0" hai="3,4,8,12,16,20,53,56,62,88,90,100,101,102" machi="20" ten="40,5200,0" yaku="1,1,54,2,53,0" doraHai="61" doraHaiUra="93" who="0" fromWho="1" sc="232,52,178,-52,355,0,235,0" />
</Scene>
<Scene>
<INIT seed="2,0,0,4,2,60" ten="284,126,355,235" oya="2" hai0="0,118,77,45,13,1,6,113,42,15,37,132,26" hai1="120,27,86,99,49,90,98,78,85,24,124,83,117" hai2="92,91,110,61,93,5,76,106,54,79,72,134,25" hai3="123,73,55,100,34,112,105,46,119,47,20,52,71"/><V133/><F106/><W107/><G34/><T2/><D113/><U126/><E117/><V9/><F110/><W66/><G119/><T28/><D118/><U80/><E49/><V64/><F54/><W84/><G73/><T108/><D108/><U121/><E24/><V104/><F25/><W56/><G123/><N who="1" m="47178" /><E27/><V116/><F104/><W59/><G112/><T68/><D132/><N who="2" m="50794" /><F72/><W95/><G105/><T50/><D50/><U43/><E43/><V94/><F91/><W130/><G107/><T135/><D135/><U97/><AGARI ba="0,0" hai="78,80,83,85,86,90,97,98,99,124,126" m="47178" machi="97" ten="40,5200,0" yaku="13,1,34,2" doraHai="60" who="1" fromWho="1" sc="284,-13,126,52,355,-26,235,-13" />
</Scene>
<Scene>
<INIT seed="3,0,0,1,5,37" ten="271,178,329,222" oya="3" hai0="74,134,92,109,49,71,6,58,80,17,122,83,105" hai1="46,111,16,23,126,120,119,102,47,9,123,26,57" hai2="51,131,128,112,99,91,55,106,124,2,15,60,70" hai3="21,54,14,40,35,133,59,36,41,98,5,81,53"/><W42/><G35/><T7/><D122/><U101/><E111/><V0/><F112/><W72/><G36/><T73/><D105/><U44/><E126/><V45/><F124/><W104/><G133/><T86/><D71/><U110/><E110/><V28/><F28/><W75/><G81/><T1/><D109/><U10/><E119/><V65/><F15/><W56/><G104/><T62/><D134/><U31/><E123/><V100/><REACH who="2" step="1"/><F91/><REACH who="2" ten="271,178,319,222" step="2"/><W130/><G130/><AGARI ba="0,1" hai="0,2,45,51,55,60,65,70,99,100,106,128,130,131" machi="130" ten="40,5200,0" yaku="1,1,2,1,19,1,53,0" doraHai="37" doraHaiUra="19" who="2" fromWho="3" sc="271,0,178,0,319,62,222,-52" />
</Scene>
<Scene>
<INIT seed="4,0,0,1,3,49" ten="271,178,381,170" oya="0" hai0="32,85,79,35,78,53,36,2,112,57,10,111,22" hai1="25,93,129,7,5,87,56,73,42,20,24,121,123" hai2="51,119,117,52,74,77,27,6,47,38,103,102,94" hai3="45,40,28,133,39,134,48,91,113,106,127,132,31"/><T80/><D112/><U99/><E73/><V68/><F68/><W0/><G0/><T83/><D36/><U97/><E42/><N who="2" m="22999" /><F94/><W61/><G106/><T115/><D115/><U62/><E129/><V41/><F41/><W105/><G113/><T9/><D111/><U90/><E123/><V101/><F6/><N who="1" m="2057" /><E121/><V8/><F8/><N who="0" m="3178" /><D32/><U4/><N who="1" m="2065" /><U13/><DORA hai="76" /><E13/><V19/><F27/><N who="1" m="10313" /><E20/><V58/><F19/><W131/><G105/><T71/><D71/><U1/><E1/><V16/><F16/><W98/><G131/><T60/><D35/><U88/><E90/><V81/><F103/><W126/><G39/><T75/><D75/><U92/><E92/><V54/><F102/><W18/><G18/><T3/><D3/><U110/><E110/><V122/><F101/><W15/><G15/><T67/><D2/><U84/><E84/><V108/><F122/><W37/><G37/><T109/><D109/><U29/><E29/><N who="3" m="11338" /><G61/><T64/><D22/><U120/><E120/><V114/><F114/><W21/><G21/><T128/><D128/><U135/><E135/><V124/><F108/><W100/><G100/><T23/><D23/><U59/><E59/><N who="2" m="33183" /><F119/><W34/><G34/><T72/><D72/><U82/><E93/><AGARI ba="0,0" hai="40,45,48,91,93,98,126,127,132,133,134" m="11338" machi="93" ten="40,1300,0" yaku="20,1" doraHai="49,76" who="3" fromWho="1" sc="271,0,178,-13,381,0,170,13" />
</Scene>
<Scene>
<INIT seed="5,0,0,2,0,36" ten="271,165,381,183" oya="1" hai0="113,85,56,128,87,21,30,135,51,125,72,42,69" hai1="8,6,99,131,126,88,93,105,81,82,92,16,68" hai2="48,103,78,66,74,115,111,2,59,9,47,58,23" hai3="7,12,22,73,134,45,122,108,101,119,76,31,13"/><U96/><E68/><V75/><F111/><W18/><G122/><T100/><D113/><U40/><E131/><V67/><F103/><W64/><G108/><T102/><D128/><U60/><E105/><V49/><F115/><W28/><G134/><T34/><D135/><U83/><E126/><V50/><F23/><W121/><G121/><T90/><D125/><U44/><E60/><V5/><F47/><W4/><G119/><T133/><D34/><U3/><E16/><V17/><F17/><W32/><G32/><T63/><D72/><U54/><E54/><V123/><F123/><W38/><G18/><T55/><D133/><U109/><E109/><V106/><F106/><W10/><G73/><T118/><D118/><U95/><REACH who="1" step="1"/><E99/><REACH who="1" ten="271,155,381,183" step="2"/><V39/><F67/><W65/><G64/><T104/><D69/><U52/><E52/><V124/><F66/><W114/><G65/><T97/><D97/><U46/><E46/><V98/><F98/><W37/><G45/><N who="0" m="26039" /><D104/><U19/><E19/><V120/><F124/><W117/><G117/><T112/><D112/><U70/><E70/><V130/><F130/><W116/><G114/><T25/><D87/><U33/><E33/><V71/><F71/><W24/><G116/><T94/><AGARI ba="0,1" hai="21,25,30,55,56,63,85,90,94,100,102" m="26039" machi="94" ten="30,2000,0" yaku="8,1,52,1" doraHai="36" who="0" fromWho="0" sc="271,30,155,-10,381,-5,183,-5" />
</Scene>
<Scene>
<INIT seed="6,0,0,5,4,71" ten="301,145,376,178" oya="2" hai0="0,15,111,106,50,3,128,118,47,41,96,36,69" hai1="86,40,12,55,8,61,21,30,87,132,126,44,35" hai2="22,43,63,33,16,57,28,24,116,84,135,19,97" hai3="107,79,94,103,6,113,121,13,80,92,23,108,120"/><V60/><F116/><W37/><G108/><T93/><D111/><U46/><E35/><V82/><F135/><W64/><G64/><T67/><D118/><U125/><E132/><V31/><F43/><W110/><G110/><T127/><D127/><N who="1" m="48651" /><E30/><N who="2" m="11307" /><F33/><W104/><G37/><T1/><D128/><U117/><E21/><N who="2" m="13351" /><F97/><W73/><G120/><T49/><D106/><U129/><E129/><V100/><F100/><W99/><G103/><T59/><D69/><U81/><E81/><V52/><F63/><W62/><G62/><T51/><D67/><U65/><E55/><V98/><F98/><W131/><G99/><T123/><D123/><U18/><E117/><V58/><F58/><W112/><G104/><T74/><D74/><U101/><E46/><V114/><F114/><W134/><G112/><T91/><REACH who="0" step="1"/><D15/><REACH who="0" ten="291,145,376,178" step="2"/><U54/><E65/><V29/><F29/><W78/><G121/><T5/><D5/><U4/><E4/><V32/><F32/><W102/><G6/><T10/><D10/><U85/><E101/><V90/><F19/><W42/><G102/><T48/><D48/><N who="1" m="26631" /><E18/><V9/><F22/><W72/><G23/><T53/><AGARI ba="0,1" hai="0,1,3,36,41,47,49,50,51,53,59,91,93,96" machi="53" ten="40,5200,0" yaku="1,1,0,1,52,1,53,0" doraHai="71" doraHaiUra="20" who="0" fromWho="0" sc="291,62,145,-13,376,-26,178,-13" />
</Scene>
<Scene>
<INIT seed="7,0,0,0,1,101" ten="353,132,350,165" oya="3" hai0="56,9,6,41,25,93,64,29,35,73,135,14,88" hai1="51,92,7,130,55,34,26,76,59,120,69,95,133" hai2="36,68,20,132,112,63,46,40,81,116,128,110,98" hai3="23,121,3,4,17,27,83,8,78,99,111,87,16"/><W105/><G121/><T53/><D135/><U85/><E120/><V0/><F116/><W103/><REACH who="3" step="1"/><G111/><REACH who="3" ten="353,132,350,155" step="2"/><T50/><D73/><U37/><E133/><V62/><F110/><W28/><AGARI ba="0,1" hai="3,4,8,16,17,23,27,28,78,83,87,99,103,105" machi="28" ten="20,18000,2" yaku="1,1,2,1,0,1,7,1,52,1,54,1,53,0" doraHai="101" doraHaiUra="86" who="3" fromWho="3" sc="353,-60,132,-60,350,-60,155,190" owari="293,9.0,72,-43.0,290,-11.0,345,45.0" />
</Scene>
</mjloggm>