<mjloggm ver="2.3"><GO type="97"/><UN n0="%79%6F%74%74" n1="%E6%AD%AF%E7%97%9B" n2="%4E%4F%4F%EF%BC%92" n3="%E5%A4%AA%E3%81%8F%E3%81%AA%E3%81%84%E3%81%8A" dan="13,14,15,14" rate="1918,1939,1955,2040" sx="M,M,M,M"/><TAIKYOKU oya="0"/>

<Scene>
<INIT seed="0,0,0,2,1,0" ten="250,250,250,250" oya="0" hai0="97,3,69,31,71,59,1,123,22,132,7,92,91" hai1="61,15,88,110,128,37,48,6,60,24,53,47,86" hai2="44,98,118,82,13,135,74,126,75,115,52,133,114" hai3="9,130,76,2,8,26,49,120,34,39,50,29,57"/><T54/><D123/><U101/><E110/><V43/><F126/><W108/><G39/><T56/><D132/><N who="2" m="50762" /><F118/><W79/><G108/><T89/><D89/><U80/><E128/><V125/><F125/><W30/><G130/><T103/><D1/><U55/><E101/><V58/><F98/><W73/><G120/><T116/><D116/><U78/><E37/><N who="2" m="21615" /><F13/><W119/><G119/><T90/><D69/><U106/><E106/><V81/><F81/><W20/><G73/><N who="2" m="27657" /><F82/><W33/><G2/><T19/><D71/><U87/><E24/><V94/><F94/><W18/><G26/><T85/><D90/><U66/><E66/><V23/><F23/><W99/><G20/><T21/><D31/><U102/><E102/><V77/><F77/><W83/><G83/><T104/><D22/><U107/><E107/><V127/><F127/><W113/><G99/><T134/><D134/><U84/><E84/><V46/><F46/><W117/><G117/><T70/><D70/><U131/><E131/><V109/><F109/><W38/><G38/><T14/><REACH who="0" step="1"/><D54/><REACH who="0" ten="240,250,250,250" step="2"/><U129/><E55/><V64/><F64/><W27/><G30/><T28/><D28/><U45/><E129/><V100/><F100/><W111/><G29/><T124/><D124/><U12/><E45/><V4/><F52/><W5/><G111/><T25/><D25/><U51/><E47/><V16/><F114/><W96/><G113/><T17/><D17/><U63/><E53/><V62/><F115/><W36/><G18/><T105/><D105/><U121/><E121/><V112/><F112/><W32/><G27/><RYUUKYOKU ba="0,1" sc="240,30,250,-10,250,-10,250,-10" hai0="3,7,14,19,21,56,59,85,91,92,97,103,104" />
</Scene>
<Scene>
<INIT seed="0,1,1,3,1,57" ten="270,240,240,240" oya="0" hai0="94,72,61,75,102,48,74,106,4,98,110,130,122" hai1="116,18,107,81,41,51,19,129,91,17,45,52,59" hai2="118,2,66,83,35,79,123,21,40,31,99,111,97" hai3="115,67,62,53,43,77,112,126,135,24,32,36,80"/><T124/><D122/><U65/><E116/><V39/><F123/><W90/><G135/><T78/><D4/><U60/><E107/><V114/><F114/><W1/><G1/><T38/><D38/><U73/><E129/><V113/><F113/><W117/><G117/><T71/><D48/><U63/><E73/><V101/><F118/><W7/><G7/><T100/><D71/><U89/><E81/><V16/><F111/><W42/><G126/><T14/><D14/><U8/><E8/><V56/><F2/><W132/><G132/><T76/><D130/><U28/><E28/><V68/><F68/><N who="3" m="42103" /><G53/><T69/><D69/><U12/><E12/><N who="2" m="9351" /><F35/><W47/><G43/><T128/><D128/><U25/><E25/><V86/><F39/><W11/><G90/><N who="0" m="55639" /><D61/><U34/><E34/><V33/><F33/><W49/><G49/><T26/><D26/><U85/><E85/><V23/><F40/><W0/><G0/><T27/><D27/><U46/><E45/><V3/><F101/><N who="0" m="39018" /><D124/><U5/><REACH who="1" step="1"/><E5/><REACH who="1" ten="270,230,240,240" step="2"/><V55/><F31/><N who="3" m="19559" /><G11/><T13/><D106/><U125/><E125/><V108/><F23/><W64/><G115/><T37/><D110/><U96/><E96/><V10/><F108/><W121/><G112/><T87/><D87/><U84/><E84/><V131/><F97/><W70/><G121/><T92/><D92/><U120/><E120/><V20/><F99/><W15/><G47/><T54/><D74/><U109/><E109/><V9/><F131/><W58/><G15/><T93/><D75/><U6/><E6/><N who="2" m="1247" /><F86/><W104/><G104/><T127/><D72/><RYUUKYOKU ba="1,2" sc="270,-10,230,30,240,-10,240,-10" hai1="17,18,19,41,46,51,52,59,60,63,65,89,91" />
</Scene>
<Scene>
<INIT seed="1,2,2,4,3,122" ten="260,260,230,230" oya="1" hai0="24,59,40,79,28,35,61,98,109,108,30,114,54" hai1="70,133,71,33,107,49,93,63,32,16,113,22,74" hai2="125,19,1,99,21,25,110,2,34,48,124,46,15" hai3="97,89,43,50,95,90,52,18,131,57,36,128,9"/><U41/><E74/><V11/><F99/><W132/><G132/><T65/><D114/><U84/><E113/><V129/><F129/><N who="3" m="49739" /><G36/><T85/><D30/><U60/><E107/><V87/><F87/><W13/><G43/><T12/><D40/><U8/><E133/><V10/><F48/><W130/><N who="3" m="49747" /><W67/><DORA hai="119" /><G67/><T66/><D98/><U37/><E37/><V100/><F46/><W27/><G27/><T105/><D105/><U78/><E8/><N who="2" m="3115" /><F100/><AGARI ba="2,2" hai="9,13,18,50,52,57,89,90,95,97,100" m="49747" machi="100" ten="40,2600,0" yaku="19,1,54,1" doraHai="122,119" who="3" fromWho="2" sc="260,0,260,0,230,-32,230,52" />
</Scene>
<Scene>
<INIT seed="2,0,0,0,3,98" ten="260,260,198,282" oya="2" hai0="45,2,18,92,13,81,60,34,109,99,50,84,80" hai1="41,134,3,70,85,67,61,11,77,10,24,53,12" hai2="74,125,42,36,93,97,40,90,130,128,56,110,22" hai3="5,55,123,52,57,86,105,124,9,111,129,96,107"/><V72/><F56/><W73/><G73/><N who="2" m="28265" /><F22/><W54/><G123/><T6/><D109/><U88/><E41/><V59/><F59/><W37/><G111/><T32/><D60/><U1/><E53/><V113/><F110/><W115/><G37/><T102/><D2/><U101/><E24/><V49/><F36/><W79/><G57/><T100/><D6/><U66/><E12/><V63/><F63/><W94/><G105/><T114/><D114/><U91/><E61/><V17/><F113/><W25/><G107/><T33/><D84/><U8/><E85/><V135/><F17/><W122/><G25/><T20/><REACH who="0" step="1"/><D102/><REACH who="0" ten="250,260,198,282" step="2"/><U14/><E101/><N who="2" m="60591" /><F125/><W119/><G124/><T78/><D78/><U76/><E11/><V15/><F135/><W118/><G115/><T65/><D65/><U39/><E134/><V7/><F90/><W132/><G132/><T30/><D30/><U62/><E62/><V117/><F117/><W71/><G118/><T68/><D68/><U131/><E70/><V127/><F127/><W112/><G71/><T35/><N who="0" m="8704" /><DORA hai="19" /><T31/><D31/><U47/><E39/><V108/><F108/><W27/><G112/><T48/><D48/><U46/><E14/><V51/><F7/><W95/><G119/><T82/><D82/><U69/><E69/><V116/><F116/><W23/><G5/><T104/><D104/><U103/><E103/><V75/><F15/><W58/><G79/><T38/><D38/><U89/><E89/><V83/><N who="2" m="28273" /><V29/><DORA hai="28" /><F29/><W87/><G58/><T133/><D133/><U126/><E126/><RYUUKYOKU ba="0,1" sc="250,15,260,15,198,-15,282,-15" hai0="13,18,20,45,50,80,81,92,99,100" hai1="1,3,8,10,46,47,66,67,76,77,88,91,131" />
</Scene>
<Scene>
<INIT seed="3,1,1,2,3,39" ten="265,275,183,267" oya="3" hai0="100,47,8,10,93,36,13,135,134,111,125,56,17" hai1="99,90,52,103,28,96,5,89,61,112,105,59,24" hai2="57,131,49,51,45,33,102,108,127,86,78,42,2" hai3="7,116,115,72,118,94,95,98,6,91,66,38,114"/><W50/><G38/><T92/><D111/><U120/><E112/><N who="3" m="43050" /><G50/><T76/><D76/><U124/><E120/><V77/><F2/><W21/><G21/><N who="0" m="11439" /><D125/><U4/><E124/><V107/><F127/><W54/><G54/><T128/><D128/><U64/><E64/><V82/><F33/><W121/><G66/><T83/><D83/><U85/><E99/><V132/><F132/><N who="0" m="50730" /><D56/><U12/><E12/><V37/><F108/><W65/><G65/><T68/><D68/><U53/><E53/><V48/><F131/><W79/><G7/><T106/><D106/><U23/><E90/><V63/><F107/><W46/><G46/><T60/><D60/><U34/><E34/><V122/><F122/><W15/><G15/><T117/><D117/><U104/><E104/><V1/><F1/><W19/><G19/><T35/><D35/><U9/><E9/><N who="0" m="3689" /><D100/><U41/><E41/><AGARI ba="1,1" hai="36,41,47,92,93" m="3689,50730,11439" machi="41" ten="30,2000,0" yaku="20,1,52,1" doraHai="39" who="0" fromWho="1" sc="265,33,275,-23,183,0,267,0" />
</Scene>
<Scene>
<INIT seed="4,0,0,1,1,25" ten="298,252,183,267" oya="0" hai0="9,32,66,47,16,79,127,42,106,121,8,57,17" hai1="90,107,54,62,64,116,26,6,44,29,123,134,41" hai2="35,95,92,78,99,31,52,49,104,12,37,34,113" hai3="119,71,27,124,105,36,5,61,22,110,51,21,55"/><T120/><D106/><U39/><E116/><V65/><F37/><W114/><G119/><T69/><D69/><U7/><E123/><V81/><F65/><W87/><G110/><T53/><D32/><U100/><E134/><V128/><F34/><W80/><G36/><T83/><D66/><U103/><E90/><V94/><F113/><W131/><G105/><T43/><D127/><U33/><E103/><V115/><F115/><W129/><G114/><T20/><D17/><U30/><E54/><V1/><F1/><W3/><G124/><T132/><D132/><U60/><E60/><V73/><F128/><W4/><G61/><T126/><D126/><U14/><E14/><V89/><F12/><W86/><G71/><T0/><D0/><U108/><E108/><V45/><REACH who="2" step="1"/><F104/><REACH who="2" ten="298,252,173,267" step="2"/><W28/><G3/><T77/><D121/><U112/><E112/><V102/><F102/><W109/><G109/><T56/><D120/><U117/><E117/><V67/><F67/><W76/><G131/><T15/><D43/><U50/><E39/><V82/><F82/><W38/><G38/><T93/><D83/><U13/><E13/><V46/><F46/><W135/><G129/><T48/><D93/><U58/><E107/><V59/><F59/><N who="0" m="22602" /><D42/><U133/><E100/><V11/><F11/><AGARI ba="0,1" hai="8,9,11,15,16,20,47,48,53,77,79" m="22602" machi="11" ten="30,2900,0" yaku="8,1,54,1" doraHai="25" who="0" fromWho="2" sc="298,39,252,0,173,-29,267,0" owari="337,44.0,252,-15.0,144,-36.0,267,7.0" />
</Scene>
</mjloggm>