<mjloggm ver="2.3"><GO type="169"/><UN n0="%E5%A4%AA%E3%81%8F%E3%81%AA%E3%81%84%E3%81%8A" n1="%E3%81%97%E3%82%85%E3%81%86%E3%81%A1%E3%82%83%E3%82%93%E2%99%AA" n2="%E3%81%BE%E3%81%8A%E3%82%89%E3%82%93" n3="%61%6B%69%6E%61%72%69%30" dan="18,16,16,17" rate="2191,2080,2098,2142" sx="M,M,F,F"/><TAIKYOKU oya="0"/>

<Scene>
<INIT seed="0,0,0,2,0,121" ten="250,250,250,250" oya="0" hai0="78,122,43,39,95,100,66,135,109,54,132,106,86" hai1="124,97,55,0,89,99,85,61,91,110,18,56,53" hai2="73,6,58,47,5,92,48,37,103,33,82,80,19" hai3="29,35,102,72,9,69,129,67,101,13,64,10,25"/><T42/><D122/><U50/><E124/><V71/><F71/><W108/><G129/><T111/><D66/><U11/><E91/><V83/><F33/><W131/><G131/><T16/><D106/><U34/><E34/><V63/><F73/><W134/><G134/><N who="0" m="51243" /><D54/><U4/><E18/><V24/><F37/><W127/><G127/><T2/><D2/><U65/><E110/><N who="0" m="41993" /><D39/><U105/><E105/><V30/><F19/><W12/><G67/><T7/><D7/><U107/><E107/><V88/><F103/><W76/><G101/><T68/><D68/><U87/><E55/><V21/><F63/><W79/><G102/><T104/><D104/><U27/><E65/><V20/><F58/><W26/><G64/><T114/><D114/><U126/><E61/><V23/><F6/><W84/><G69/><T60/><D60/><U3/><E3/><V51/><F5/><W118/><G108/><T70/><D70/><U133/><E126/><V123/><F123/><W93/><G118/><T57/><D57/><U74/><E133/><V38/><F38/><W45/><G45/><T28/><D28/><U49/><E56/><V40/><F48/><W77/><G29/><T59/><D59/><U75/><E50/><V128/><F128/><W90/><G72/><T44/><D44/><U32/><E49/><V31/><F30/><W113/><G113/><T130/><D130/><U36/><E53/><V125/><F125/><W117/><G117/><T62/><D62/><U1/><E36/><V15/><F15/><N who="3" m="5707" /><G35/><T46/><D100/><U8/><E1/><V41/><F41/><RYUUKYOKU ba="0,0" sc="250,-15,250,-15,250,15,250,15" hai2="20,21,23,24,31,40,47,51,80,82,83,88,92" hai3="9,10,25,26,76,77,79,84,90,93" />
</Scene>
<Scene>
<INIT seed="1,1,0,2,2,4" ten="235,235,265,265" oya="1" hai0="125,93,21,56,64,81,19,34,108,102,39,89,44" hai1="63,46,3,50,29,77,47,133,128,98,86,57,35" hai2="8,38,9,60,135,41,96,79,91,12,72,0,55" hai3="54,104,62,95,101,114,30,111,51,33,75,82,20"/><U74/><E3/><V118/><F118/><W69/><G114/><T6/><D34/><U11/><E74/><V7/><F135/><W78/><G111/><T26/><D108/><U83/><E133/><V119/><F119/><W48/><G20/><T67/><D125/><U1/><E128/><V121/><F121/><W15/><G95/><T92/><D6/><U18/><E98/><V28/><F28/><W122/><G15/><T90/><D102/><U85/><E85/><V87/><F96/><W127/><G127/><T99/><D81/><U17/><E29/><V58/><F72/><W59/><G122/><T124/><D124/><U22/><E35/><V70/><F79/><W52/><G69/><T37/><D44/><U45/><E50/><V97/><F97/><W115/><G115/><T107/><D107/><U68/><E68/><V43/><F70/><W14/><G14/><T88/><D89/><U134/><E134/><V27/><F27/><N who="3" m="18655" /><G101/><T129/><D129/><U32/><E32/><V24/><F24/><W84/><G104/><T105/><D105/><U25/><E1/><V10/><F0/><W16/><G75/><T36/><REACH who="0" step="1"/><D56/><REACH who="0" ten="225,235,265,265" step="2"/><U123/><E123/><V131/><F131/><W71/><G71/><T103/><D103/><U65/><E47/><V40/><F38/><W49/><G59/><T106/><D106/><U120/><E120/><V2/><F2/><W130/><G130/><T113/><D113/><U80/><E83/><AGARI ba="1,1" hai="7,8,9,10,12,40,41,43,55,58,60,83,87,91" machi="83" ten="40,8000,1" yaku="8,1,52,3" doraHai="4" who="2" fromWho="1" sc="225,0,235,-83,265,93,265,0" />
</Scene>
<Scene>
<INIT seed="2,0,0,3,4,46" ten="225,152,358,265" oya="2" hai0="121,49,53,19,93,75,37,112,80,133,5,25,110" hai1="123,94,83,65,97,104,103,61,96,66,73,100,62" hai2="20,10,90,129,89,113,59,33,4,99,44,118,69" hai3="84,70,0,36,87,86,52,31,13,64,130,45,15"/><V132/><F33/><W41/><G0/><T78/><D112/><U88/><E123/><V122/><F69/><W76/><G130/><T43/><D121/><U115/><E115/><V77/><F113/><W48/><G76/><T125/><D110/><U11/><E11/><V68/><F68/><W42/><G31/><T102/><D133/><U95/><E73/><V117/><F77/><W56/><G42/><T92/><D125/><U8/><E8/><V47/><F122/><W34/><G34/><T21/><D5/><U27/><E27/><V116/><F132/><W40/><G41/><T51/><D102/><U126/><E126/><V58/><F129/><W32/><G32/><T23/><D37/><U82/><E104/><V14/><F20/><W67/><G67/><T105/><D105/><U30/><E30/><V55/><F59/><W38/><G38/><T111/><D111/><U71/><E71/><V1/><F1/><W114/><G114/><T119/><D119/><U28/><E28/><V57/><F57/><W91/><G91/><AGARI ba="0,0" hai="61,62,65,66,82,83,88,91,94,95,96,97,100,103" machi="91" ten="25,6400,0" yaku="22,2,8,1,54,1" doraHai="46" who="1" fromWho="3" sc="225,0,152,64,358,0,265,-64" />
</Scene>
<Scene>
<INIT seed="3,0,0,2,4,52" ten="225,216,358,201" oya="3" hai0="9,22,48,64,29,53,10,68,102,57,91,15,72" hai1="67,60,109,12,38,45,88,21,62,51,113,118,105" hai2="124,125,74,94,20,14,77,3,128,116,37,81,1" hai3="0,121,76,110,66,107,93,59,23,133,31,98,33"/><W56/><G121/><T131/><D72/><U83/><E113/><V34/><F37/><W92/><G33/><T35/><D131/><U42/><E118/><V134/><F34/><W100/><G0/><T26/><D102/><U90/><E109/><V97/><F116/><W119/><G119/><T108/><D108/><U63/><E105/><V73/><F73/><W111/><G110/><T7/><D10/><U28/><E38/><V95/><F128/><W85/><G111/><T44/><D91/><N who="1" m="34859" /><E83/><V40/><F40/><W49/><G133/><T106/><D106/><U71/><E71/><V54/><F134/><W69/><G69/><T82/><D82/><U30/><E67/><V126/><F97/><W19/><G31/><T8/><D8/><U78/><E78/><V32/><F32/><W41/><G107/><T55/><D35/><U43/><E42/><V114/><F114/><W112/><G112/><T75/><D75/><U2/><E2/><N who="2" m="523" /><F54/><W104/><G66/><T18/><D68/><U129/><E129/><V115/><F115/><W135/><G135/><T11/><D11/><U89/><N who="1" m="34867" /><U50/><DORA hai="47" /><E51/><V130/><F130/><W61/><G104/><T36/><D36/><U13/><E30/><V84/><F74/><W123/><G123/><T70/><D70/><U99/><E99/><V86/><F86/><W117/><G117/><T39/><D39/><U27/><AGARI ba="0,0" hai="12,13,21,27,28,43,45,50,60,62,63" m="34867" machi="27" ten="40,5200,0" yaku="8,1,52,1,54,1" doraHai="52,47" who="1" fromWho="1" sc="225,-13,216,52,358,-13,201,-26" />
</Scene>
<Scene>
<INIT seed="4,0,0,0,3,96" ten="212,268,345,175" oya="0" hai0="95,30,2,118,86,76,72,51,110,20,66,109,48" hai1="130,90,63,127,57,135,87,14,81,89,101,7,65" hai2="70,106,123,92,85,12,108,19,0,49,54,59,60" hai3="111,131,82,39,16,74,4,1,56,105,126,103,83"/><T132/><D118/><U17/><E135/><V114/><F0/><W62/><G111/><N who="0" m="42507" /><D2/><U11/><E130/><V77/><F106/><W37/><G131/><T3/><D3/><U98/><E127/><V58/><F108/><W36/><G126/><T125/><D125/><U22/><E90/><N who="2" m="53327" /><F70/><W69/><G69/><T15/><D132/><U73/><E73/><V117/><F117/><W33/><G74/><T104/><D104/><U68/><E68/><V6/><F6/><W113/><G33/><T21/><D66/><U41/><E41/><V35/><F35/><W94/><G105/><T9/><D72/><U18/><REACH who="1" step="1"/><E22/><REACH who="1" ten="212,258,345,175" step="2"/><N who="2" m="11623" /><F123/><W64/><G113/><T116/><D116/><U84/><E84/><V23/><F114/><W128/><G128/><T34/><D34/><U119/><E119/><V120/><F120/><W67/><G37/><T52/><D20/><U53/><E53/><N who="2" m="32047" /><F23/><W61/><G39/><T93/><D21/><U50/><E50/><V26/><F26/><W31/><G36/><T122/><D48/><U102/><E102/><V134/><F134/><W24/><G103/><T97/><D122/><U32/><E32/><V75/><F75/><W121/><G121/><T133/><D133/><U80/><E80/><V100/><F77/><W27/><G83/><N who="0" m="47463" /><D97/><U10/><E10/><V55/><F100/><W129/><G129/><T25/><D25/><U40/><E40/><V78/><F78/><W112/><G27/><T42/><D42/><U115/><E115/><V107/><F107/><AGARI ba="0,1" hai="7,11,14,17,18,57,63,65,81,87,89,98,101,107" machi="107" ten="30,8000,1" yaku="1,1,7,1,52,1,53,2" doraHai="96" doraHaiUra="13" who="1" fromWho="2" sc="212,0,258,90,345,-80,175,0" />
</Scene>
<Scene>
<INIT seed="5,0,0,2,3,35" ten="212,348,265,175" oya="1" hai0="29,12,48,111,36,104,46,98,23,39,76,80,86" hai1="88,38,81,33,53,3,124,90,130,13,32,41,7" hai2="107,113,4,68,22,95,84,121,94,108,132,18,97" hai3="0,1,2,54,69,61,43,117,25,78,92,50,57"/><U71/><E130/><V58/><F68/><W116/><G78/><T62/><D111/><U89/><E124/><V127/><F107/><W40/><G25/><T65/><D104/><U10/><E71/><V118/><F108/><W63/><G92/><T15/><D98/><U44/><E81/><V77/><F121/><W106/><G106/><T128/><D128/><U100/><E100/><V17/><F118/><N who="3" m="45675" /><G63/><T64/><D64/><AGARI ba="0,0" hai="0,1,2,40,43,50,54,57,61,64,69" m="45675" machi="64" ten="40,8000,1" yaku="12,1,52,3" doraHai="35" who="3" fromWho="0" sc="212,-80,348,0,265,0,175,80" />
</Scene>
<Scene>
<INIT seed="6,0,0,4,5,6" ten="132,348,265,255" oya="2" hai0="25,123,127,101,20,54,124,71,31,0,89,39,88" hai1="30,122,125,69,61,38,12,26,17,98,134,4,118" hai2="68,9,50,90,91,11,46,82,112,97,79,76,70" hai3="92,29,32,100,83,94,74,85,113,33,106,132,107"/><V24/><F112/><W55/><G132/><T102/><D123/><U129/><E118/><V117/><F117/><W41/><G41/><T108/><D108/><U5/><E134/><V34/><F34/><W15/><G113/><T105/><D39/><U16/><E122/><V135/><F135/><W87/><G29/><T36/><D36/><U22/><E38/><V131/><F131/><W18/><G74/><T51/><D71/><U86/><E129/><V40/><F70/><W27/><G27/><T13/><D0/><U72/><E72/><V43/><F68/><W103/><G55/><T23/><D105/><U60/><E125/><V114/><F114/><W57/><G57/><T73/><D73/><U35/><E86/><N who="2" m="50519" /><F24/><W93/><G15/><T130/><D130/><U80/><E80/><V84/><F97/><W64/><G64/><T67/><D67/><U59/><E98/><V111/><F43/><W7/><G7/><T47/><D127/><U120/><E120/><V49/><F49/><W77/><G18/><T2/><D2/><U28/><E28/><V126/><F126/><W121/><G121/><T109/><D124/><U37/><E37/><V10/><F111/><W53/><G53/><T66/><D66/><U48/><E69/><V75/><F75/><N who="3" m="43455" /><G32/><T110/><D110/><U8/><E48/><V78/><F78/><W128/><G33/><T58/><D109/><U95/><E61/><V65/><F65/><W116/><G128/><T119/><D119/><U56/><E60/><V96/><F96/><N who="3" m="61799" /><G116/><T44/><D51/><U21/><E35/><V104/><F104/><RYUUKYOKU ba="0,0" sc="132,-15,348,-15,265,15,255,15" hai2="9,10,11,40,46,50,76,79,84,91" hai3="85,87,92,93,94,100,107" />
</Scene>
<Scene>
<INIT seed="6,1,0,3,3,101" ten="117,333,280,270" oya="2" hai0="112,64,52,37,10,42,85,108,92,5,117,125,103" hai1="29,116,0,81,89,134,4,38,76,51,35,93,115" hai2="86,62,22,126,110,104,133,135,121,47,73,21,88" hai3="46,90,41,56,34,132,27,118,131,9,84,69,53"/><V49/><F73/><W70/><G118/><T67/><D108/><U102/><E116/><V79/><F79/><W100/><G100/><T25/><D117/><U66/><E38/><V15/><F121/><W74/><G74/><T122/><D122/><U6/><E134/><N who="2" m="51211" /><F110/><W39/><G131/><T13/><D112/><U97/><E115/><V114/><F114/><W2/><G132/><T11/><D125/><U130/><E130/><V120/><F120/><W1/><G34/><T78/><D37/><U63/><E51/><V113/><F113/><W43/><G43/><T40/><D25/><U123/><E123/><V55/><F126/><W12/><G27/><T24/><D24/><U57/><E35/><V111/><F111/><W105/><G105/><T14/><D103/><U30/><E0/><V75/><F75/><W19/><G2/><T68/><D68/><U33/><E33/><V129/><F129/><W71/><G1/><T72/><D72/><U128/><E128/><V32/><F32/><W44/><G44/><T60/><D78/><U26/><E26/><V98/><F62/><W58/><G53/><T80/><D92/><U119/><E119/><V96/><F104/><W65/><G65/><T83/><D60/><U50/><E50/><V95/><F15/><W36/><G39/><T16/><D52/><U94/><E76/><V99/><AGARI ba="1,0" hai="21,22,47,49,55,86,88,95,96,98,99" m="51211" machi="99" ten="30,3000,0" yaku="20,1,54,1" doraHai="101" who="2" fromWho="2" sc="117,-11,333,-11,280,33,270,-11" />
</Scene>
<Scene>
<INIT seed="6,2,0,0,2,10" ten="106,322,313,259" oya="2" hai0="116,134,37,43,50,92,56,83,98,72,66,82,103" hai1="48,123,122,105,58,112,8,69,87,24,96,78,4" hai2="45,65,53,91,6,74,0,19,128,22,124,131,79" hai3="21,46,44,62,111,126,1,90,60,129,71,113,31"/><V11/><F65/><W88/><G111/><T85/><D134/><U64/><E69/><V20/><F124/><W132/><G132/><T26/><D116/><U28/><E112/><V36/><F91/><N who="3" m="34859" /><G1/><T119/><D119/><U2/><E105/><V125/><F125/><W27/><G126/><T130/><D130/><N who="2" m="49706" /><F19/><W51/><G71/><T3/><D3/><U115/><E115/><V55/><F55/><N who="3" m="30183" /><G113/><T101/><D37/><U57/><E96/><V17/><F17/><W127/><G127/><T35/><D72/><U29/><E29/><V70/><F70/><W135/><G135/><T89/><D35/><U133/><E133/><V54/><F54/><W102/><G102/><T13/><D101/><U99/><E99/><V110/><F110/><W41/><G129/><T97/><D97/><U80/><E64/><V61/><F61/><W76/><G76/><T114/><D114/><U75/><E75/><V12/><F0/><W106/><G106/><T30/><D66/><U40/><E40/><N who="2" m="22663" /><F53/><W84/><G84/><T120/><D43/><U16/><E28/><V107/><F107/><W77/><G77/><T104/><D50/><AGARI ba="2,0" hai="21,27,31,41,46,50,60,62" m="30183,34859" machi="50" ten="30,2000,0" yaku="8,1,54,1" doraHai="10" who="3" fromWho="0" sc="106,-26,322,0,313,0,259,26" />
</Scene>
<Scene>
<INIT seed="7,0,0,3,0,24" ten="80,322,313,285" oya="3" hai0="131,94,117,103,102,44,108,65,32,50,5,2,56" hai1="101,74,97,128,73,114,8,43,1,83,49,91,82" hai2="93,40,34,54,14,26,67,99,92,130,72,0,123" hai3="100,19,129,85,53,30,33,13,112,35,38,107,68"/><W118/><G118/><T122/><D117/><U70/><E70/><V104/><F0/><W80/><G38/><T51/><D108/><U42/><E114/><V69/><F72/><W11/><G112/><T71/><D122/><U79/><E128/><V77/><F77/><W87/><G129/><T116/><D116/><U126/><E126/><V46/><F130/><W134/><G68/><T41/><D131/><U18/><E49/><V6/><F54/><W22/><G134/><T25/><D2/><U88/><E43/><V37/><F123/><W55/><G35/><T75/><D75/><U58/><E42/><V23/><F34/><W111/><G111/><T127/><D127/><U135/><E135/><V76/><F76/><W120/><G120/><T62/><D5/><U15/><E58/><V3/><F3/><W124/><G124/><T4/><D4/><U66/><E66/><V132/><F132/><W95/><G33/><T10/><D10/><U105/><E1/><V39/><F39/><W61/><G107/><T86/><D86/><N who="3" m="32777" /><G80/><T29/><D94/><N who="2" m="36458" /><F104/><W113/><G113/><T106/><D51/><U81/><E81/><V119/><F119/><W109/><G109/><T12/><D12/><U125/><E125/><V115/><F115/><W45/><G61/><T28/><D28/><U110/><E110/><V20/><F99/><N who="3" m="59519" /><G45/><T17/><D17/><U57/><E57/><V7/><F14/><W9/><G30/><T133/><D133/><U90/><E82/><V60/><F26/><W78/><G78/><T21/><D71/><U48/><E48/><V98/><F98/><RYUUKYOKU ba="0,0" sc="80,-30,322,10,313,10,285,10" hai1="8,15,18,73,74,79,83,88,90,91,97,101,105" hai2="6,7,20,23,37,40,46,60,67,69" hai3="9,11,13,19,22,53,55" />
</Scene>
<Scene>
<INIT seed="7,1,0,0,1,80" ten="50,332,323,295" oya="3" hai0="122,39,83,67,24,38,114,103,110,92,8,33,52" hai1="65,11,26,51,129,117,17,10,121,105,12,88,3" hai2="50,57,134,53,61,25,71,118,4,87,72,59,104" hai3="119,13,135,75,34,31,133,1,63,49,111,58,107"/><W101/><G1/><T95/><D67/><U73/><E121/><V46/><F72/><W128/><G119/><T9/><D24/><U82/><E117/><V20/><F104/><W77/><G111/><T16/><D83/><U32/><E105/><V62/><F118/><W2/><G2/><T120/><D103/><U126/><E126/><V115/><F71/><W55/><G128/><T112/><D33/><U19/><E129/><V109/><F109/><W100/><G77/><T21/><D21/><U89/><E65/><N who="2" m="39087" /><F134/><N who="3" m="51211" /><G75/><T43/><D43/><U98/><E32/><V22/><F115/><W7/><G107/><T93/><D110/><U29/><E29/><N who="2" m="17575" /><F22/><W27/><G63/><T54/><REACH who="0" step="1"/><D93/><REACH who="0" ten="40,332,323,295" step="2"/><U6/><E82/><V116/><F116/><W15/><G15/><T125/><D125/><U113/><E12/><V60/><F4/><W5/><G13/><T81/><D81/><U79/><E26/><V124/><F124/><W68/><G7/><T45/><D45/><U84/><E6/><V44/><F44/><W99/><G5/><T127/><D127/><U47/><E47/><V131/><F131/><W48/><G68/><T42/><D42/><U30/><E3/><V78/><F46/><N who="3" m="28055" /><G99/><T106/><D106/><U56/><E10/><V35/><F35/><W14/><G14/><T41/><D41/><U102/><E11/><V74/><F74/><W23/><G34/><T66/><D66/><U36/><E36/><V0/><F0/><W96/><G96/><T69/><D69/><U123/><E123/><V91/><F78/><W18/><G31/><T108/><D108/><RYUUKYOKU ba="1,1" sc="40,10,332,-30,323,10,295,10" hai0="8,9,16,38,39,52,54,92,95,112,114,120,122" hai2="50,53,59,60,62,87,91" hai3="18,23,27,49,58,100,101" />
</Scene>
<Scene>
<INIT seed="7,2,1,4,4,108" ten="50,302,333,305" oya="3" hai0="78,40,62,112,126,59,99,125,130,102,123,90,98" hai1="116,27,129,57,119,75,13,109,84,43,132,32,56" hai2="115,53,17,96,97,93,1,113,15,31,55,110,83" hai3="94,49,38,29,107,133,131,7,14,81,121,11,135"/><W19/><G121/><T70/><D40/><U48/><E109/><V88/><F1/><W64/><G107/><T120/><D59/><U80/><E132/><N who="3" m="50762" /><G38/><T24/><D24/><U12/><E129/><V103/><F110/><W45/><G131/><T34/><D62/><U66/><E75/><V67/><F67/><W5/><G64/><T60/><D60/><U35/><E66/><V79/><F31/><W8/><G81/><T21/><D21/><U106/><E106/><N who="2" m="63847" /><F79/><W127/><G127/><T104/><D34/><U82/><E27/><V100/><F83/><W95/><G29/><T39/><D39/><U128/><E128/><V72/><F72/><W36/><G36/><T89/><D130/><U74/><E74/><V0/><F100/><W91/><G91/><T47/><D47/><U69/><E69/><V26/><F26/><W41/><G7/><T111/><D111/><U105/><E105/><V46/><F0/><AGARI ba="2,1" hai="0,5,8,11,14,19,41,45,49,94,95" m="50762" machi="0" ten="30,1500,0" yaku="20,1" doraHai="108" who="3" fromWho="2" sc="50,0,302,0,333,-21,305,31" owari="50,-45.0,302,-10.0,312,11.0,336,44.0" />
</Scene>
</mjloggm>