<mjloggm ver="2.3"><GO type="41"/><UN n0="%E3%81%B5%E3%81%BF%E3%82%8A%E3%82%93" n1="%6B%6F%74%61%32" n2="%E5%A4%AA%E3%81%8F%E3%81%AA%E3%81%84%E3%81%8A" n3="%E8%8F%9C%E3%81%A3%E8%91%89" dan="14,14,15,13" rate="1962,1932,2055,1871" sx="F,M,M,M"/><TAIKYOKU oya="0"/>

<Scene>
<INIT seed="0,0,0,1,0,41" ten="250,250,250,250" oya="0" hai0="34,11,31,29,70,97,108,107,125,76,117,89,48" hai1="6,105,50,64,78,49,77,59,28,73,51,3,79" hai2="23,20,25,56,45,104,33,87,19,26,54,58,122" hai3="82,17,85,38,99,94,5,42,10,68,39,55,4"/><T30/><D117/><U7/><E105/><V111/><F122/><W14/><G68/><T120/><D120/><U40/><E73/><V134/><F104/><W102/><G38/><T1/><D70/><U123/><E123/><V121/><F121/><W9/><G55/><T113/><D113/><U53/><E28/><V65/><F33/><W37/><G17/><T110/><D76/><U12/><E3/><V116/><F116/><W86/><G86/><T90/><D125/><U124/><E124/><V130/><F111/><N who="0" m="42538" /><D34/><U47/><E64/><V135/><F130/><W126/><G42/><T46/><D97/><U13/><REACH who="1" step="1"/><E51/><REACH who="1" ten="250,240,250,250" step="2"/><N who="2" m="29039" /><F65/><W0/><G126/><T103/><D107/><U129/><E129/><V15/><F135/><W93/><G93/><T71/><D71/><U132/><E132/><V74/><F74/><W83/><G83/><T61/><D61/><U66/><E66/><V60/><F134/><W95/><G95/><T22/><D31/><U91/><E91/><AGARI ba="0,1" hai="0,4,5,9,10,14,37,39,82,85,91,94,99,102" machi="91" ten="30,1000,0" yaku="7,1" doraHai="41" who="3" fromWho="1" sc="250,0,240,-10,250,0,250,20" />
</Scene>
<Scene>
<INIT seed="1,0,0,4,2,117" ten="250,230,250,270" oya="1" hai0="119,60,61,65,106,28,47,6,38,59,2,11,41" hai1="12,131,125,69,121,15,74,56,27,88,36,91,79" hai2="18,1,10,63,100,129,8,124,31,96,82,126,9" hai3="108,128,53,101,3,19,80,135,94,26,81,90,67"/><U127/><E69/><V116/><F116/><W71/><G3/><T22/><D119/><U102/><E36/><V30/><F129/><W37/><G37/><T34/><D61/><U52/><E102/><V86/><F63/><W16/><G128/><T62/><D60/><N who="1" m="35847" /><E131/><V115/><F18/><W55/><G67/><T14/><D34/><U25/><E79/><N who="2" m="46431" /><F1/><W134/><G101/><T40/><D40/><U122/><E74/><V83/><F83/><N who="3" m="31819" /><G108/><T39/><D106/><U118/><E118/><V105/><F115/><W93/><G71/><T110/><D110/><U133/><E133/><N who="3" m="50698" /><G26/><N who="1" m="9738" /><E15/><V29/><F105/><W4/><G4/><T75/><D75/><U77/><E12/><V42/><F100/><W132/><N who="3" m="50706" /><W68/><DORA hai="130" /><G68/><T64/><D64/><U89/><E77/><V87/><F126/><AGARI ba="0,0" hai="88,89,91,121,122,125,126,127" m="9738,35847" machi="126" ten="30,12000,1" yaku="18,1,52,2,54,2" doraHai="117,130" who="1" fromWho="2" sc="250,0,230,120,250,-120,270,0" />
</Scene>
<Scene>
<INIT seed="1,1,0,4,4,91" ten="250,350,130,270" oya="1" hai0="110,46,8,71,47,65,117,97,66,82,108,7,52" hai1="59,123,49,87,16,10,126,61,69,111,80,27,98" hai2="11,132,34,43,92,31,103,38,114,23,79,42,54" hai3="25,2,70,18,102,60,116,26,4,76,32,121,74"/><U115/><E123/><V130/><F34/><W84/><G121/><T63/><D82/><U5/><E115/><V22/><F114/><W120/><G120/><T89/><D117/><U99/><E69/><V109/><F109/><W21/><G116/><T19/><D19/><U29/><E111/><N who="0" m="42537" /><D66/><U45/><E126/><V105/><F105/><W39/><G39/><T44/><D8/><U1/><E16/><V124/><F11/><W119/><G119/><T85/><D97/><U28/><E28/><V128/><F79/><W78/><G74/><T72/><D7/><U67/><E29/><V35/><F124/><W96/><G60/><T40/><D40/><U90/><REACH who="1" step="1"/><E27/><REACH who="1" ten="250,340,130,270" step="2"/><V14/><F31/><W131/><G70/><T53/><D72/><U94/><E94/><V81/><F92/><W17/><G32/><T107/><D107/><U24/><E24/><V73/><F35/><W125/><G125/><T112/><D112/><U48/><E48/><V20/><F73/><W36/><G36/><T0/><D0/><U37/><E37/><V9/><F38/><W100/><G26/><T55/><D71/><U68/><E68/><V88/><F9/><N who="3" m="2199" /><G17/><T30/><D30/><U93/><E93/><V3/><F3/><W134/><G25/><T129/><D65/><U50/><E50/><V133/><F14/><W77/><G21/><T122/><D122/><U57/><E57/><V15/><F22/><W33/><G18/><T58/><D63/><U83/><E83/><V86/><F20/><W13/><G33/><T75/><D58/><U6/><E6/><V51/><F23/><RYUUKYOKU ba="1,1" sc="250,-10,340,30,130,-10,270,-10" hai1="1,5,10,45,49,59,61,67,80,87,90,98,99" />
</Scene>
<Scene>
<INIT seed="1,2,1,3,5,101" ten="240,370,120,260" oya="1" hai0="132,54,111,87,7,113,11,60,68,79,123,106,38" hai1="90,115,118,56,22,37,86,25,20,63,112,91,69" hai2="98,35,49,114,108,3,1,13,14,10,125,109,117" hai3="95,42,41,116,122,55,65,6,100,46,24,103,15"/><U45/><E118/><V29/><F49/><W128/><G116/><T58/><D113/><U93/><E69/><V121/><F98/><W72/><G122/><T9/><D38/><U107/><E107/><V23/><F117/><W85/><G72/><T131/><D123/><U31/><E22/><V62/><F62/><W8/><G65/><T94/><D111/><N who="2" m="42570" /><F121/><W4/><G24/><T84/><D84/><U34/><E34/><V124/><F114/><W120/><G120/><T129/><D68/><U53/><E45/><V44/><F44/><W59/><G128/><T40/><D40/><U19/><E31/><V75/><F75/><W5/><G42/><T48/><D132/><U78/><E78/><V119/><F35/><W64/><G64/><T26/><D26/><U18/><E37/><V33/><F33/><W83/><G95/><T57/><D7/><U134/><E115/><V67/><F67/><W135/><G135/><T21/><D21/><U104/><E134/><V110/><F119/><W39/><G4/><T97/><D87/><U0/><E112/><V99/><F99/><W102/><G102/><N who="0" m="62799" /><D79/><U52/><E86/><V66/><F66/><W51/><G5/><T36/><D94/><U73/><E93/><V89/><F89/><AGARI ba="2,1" hai="6,8,15,39,41,46,51,55,59,83,85,89,100,103" machi="89" ten="30,1000,0" yaku="7,1" doraHai="101" who="3" fromWho="2" sc="240,0,370,0,120,-16,260,26" />
</Scene>
<Scene>
<INIT seed="2,0,0,4,5,69" ten="240,370,104,286" oya="2" hai0="75,88,59,87,116,37,122,43,20,17,106,78,64" hai1="22,72,57,13,53,42,130,117,61,35,101,55,38" hai2="18,1,114,34,96,25,45,94,2,104,52,98,46" hai3="103,10,124,109,47,9,71,132,14,95,27,115,84"/><V49/><F114/><W11/><G71/><T24/><D122/><U8/><E117/><V21/><F34/><W86/><G115/><T85/><D106/><U97/><E35/><V131/><F131/><W113/><G113/><T65/><D75/><U118/><E118/><V123/><F123/><W3/><G109/><T99/><D99/><U81/><E130/><V102/><REACH who="2" step="1"/><F46/><REACH who="2" ten="240,370,94,286" step="2"/><W41/><G3/><T83/><D116/><U15/><E72/><V44/><F44/><W119/><G119/><T92/><REACH who="0" step="1"/><D59/><REACH who="0" ten="230,370,94,286" step="2"/><U7/><E57/><V36/><F36/><W91/><G47/><AGARI ba="0,2" hai="17,20,24,37,43,47,64,65,78,83,85,87,88,92" machi="47" ten="40,8000,1" yaku="1,1,2,1,52,1,54,1,53,0" doraHai="69" doraHaiUra="133" who="0" fromWho="3" sc="230,100,370,0,94,0,286,-80" />
</Scene>
<Scene>
<INIT seed="3,0,0,5,5,92" ten="330,370,94,206" oya="3" hai0="33,16,107,18,101,59,75,103,4,122,13,3,71" hai1="34,115,89,134,31,110,42,19,26,121,97,25,11" hai2="128,55,15,52,36,0,45,2,81,68,10,98,111" hai3="88,130,46,129,27,112,40,91,67,108,48,61,120"/><W113/><G27/><T5/><D75/><U24/><E115/><V131/><F68/><W126/><G120/><T29/><D122/><U49/><E121/><V96/><F111/><W87/><G91/><T51/><D71/><U102/><E110/><V73/><F36/><W60/><G108/><T56/><D33/><U69/><E69/><V119/><F119/><W41/><G41/><T64/><D29/><U43/><E134/><V57/><F45/><W132/><G61/><T8/><D5/><U1/><E89/><V84/><F73/><W62/><G62/><T21/><D18/><U39/><E39/><V82/><F15/><W38/><G132/><T54/><D107/><U17/><E43/><V105/><F105/><W109/><G109/><T83/><D83/><U124/><E42/><V135/><F135/><W104/><G104/><T47/><D59/><U66/><E66/><V123/><F123/><W14/><G14/><T50/><D64/><U79/><E79/><V74/><F74/><W53/><G126/><T70/><D70/><U100/><E124/><V118/><F118/><W35/><G35/><T44/><D56/><U114/><E114/><V90/><F57/><W12/><G12/><T94/><D94/><U125/><E125/><V116/><F116/><W37/><G37/><T65/><D65/><U9/><E31/><V72/><F72/><W117/><G117/><T133/><D133/><U32/><E34/><V127/><F127/><W22/><G112/><T99/><D99/><U6/><E97/><V80/><F96/><W106/><G113/><T93/><D93/><RYUUKYOKU ba="0,0" sc="330,30,370,-10,94,-10,206,-10" hai0="3,4,8,13,16,21,44,47,50,51,54,101,103" />
</Scene>
<Scene>
<INIT seed="4,1,0,2,5,128" ten="360,360,84,196" oya="0" hai0="50,36,35,20,37,62,65,123,131,56,72,21,49" hai1="15,79,121,115,69,132,93,127,6,5,64,25,98" hai2="58,39,24,8,92,61,54,40,66,122,97,3,102" hai3="34,95,27,32,134,117,29,16,47,67,18,22,83"/><T42/><D35/><N who="3" m="13353" /><G67/><T4/><D72/><U23/><E121/><V91/><F122/><W33/><G47/><T116/><D123/><U10/><E6/><V125/><F125/><W119/><G83/><T45/><D4/><U13/><E127/><V48/><F3/><W78/><G95/><T90/><D116/><N who="3" m="44617" /><G78/><T55/><D131/><U70/><E79/><V17/><F39/><W129/><G129/><T19/><D36/><U38/><E38/><V109/><F109/><W104/><G104/><T124/><D124/><U75/><E75/><V43/><F102/><W107/><G107/><T133/><D50/><U112/><E15/><V105/><F105/><W120/><N who="3" m="13361" /><W81/><DORA hai="88" /><G81/><T103/><D103/><U9/><E9/><V74/><F74/><W68/><G68/><N who="0" m="42039" /><D90/><U0/><E0/><V82/><F82/><W73/><G73/><T52/><D55/><U76/><E76/><V114/><F114/><W44/><G44/><T135/><D20/><U106/><E106/><V2/><F2/><W126/><G126/><T59/><D56/><U26/><E64/><V89/><F89/><W85/><G85/><T77/><D77/><U108/><E70/><V57/><REACH who="2" step="1"/><F8/><REACH who="2" ten="360,360,74,196" step="2"/><W113/><G120/><T11/><D11/><U96/><E10/><V31/><F31/><W53/><G113/><T101/><D101/><U94/><E115/><V46/><F46/><W87/><G87/><T63/><D37/><U41/><E112/><V30/><F30/><W28/><G29/><T80/><D80/><U99/><E98/><V71/><F71/><W7/><G28/><RYUUKYOKU ba="1,1" sc="360,15,360,-15,74,15,196,-15" hai0="19,21,42,45,49,52,59,63,133,135" hai2="17,24,40,43,48,54,57,58,61,66,91,92,97" />
</Scene>
<Scene>
<INIT seed="4,2,1,5,0,119" ten="375,345,89,181" oya="0" hai0="58,46,28,123,67,34,69,53,125,93,84,31,105" hai1="48,110,57,60,22,43,80,99,124,97,2,120,92" hai2="102,131,7,50,91,27,85,23,79,133,113,26,76" hai3="52,87,37,1,64,14,39,86,73,89,33,5,77"/><T44/><D105/><U127/><E2/><V115/><F131/><W108/><G33/><T94/><D69/><U107/><E110/><V35/><F133/><W19/><G108/><T135/><D135/><U66/><E107/><V90/><F102/><W24/><G64/><T126/><D67/><U95/><E80/><V75/><F75/><W96/><G73/><T104/><D104/><U114/><E22/><V10/><F35/><W42/><G1/><T11/><D11/><U13/><E13/><V18/><F27/><W103/><G24/><T98/><D84/><U36/><E36/><V32/><F32/><W78/><G5/><T40/><D94/><U72/><E72/><V118/><F118/><W65/><G65/><T111/><D46/><U106/><E106/><V62/><F62/><W70/><G70/><T25/><D31/><U54/><E43/><V12/><F50/><W122/><G42/><T21/><D34/><U88/><E114/><N who="2" m="43531" /><F91/><W61/><G61/><T71/><D71/><U74/><E74/><V38/><F38/><W20/><G37/><T6/><D111/><U3/><E3/><V9/><F9/><W45/><G39/><T130/><D130/><U41/><E41/><V56/><F56/><W63/><G77/><T121/><D40/><U15/><E15/><V100/><F100/><W49/><G63/><N who="0" m="36303" /><D44/><U117/><E117/><V83/><AGARI ba="2,1" hai="7,10,12,18,23,26,76,79,83,85,90" m="43531" machi="83" ten="30,1100,0" yaku="15,1" doraHai="119" who="2" fromWho="2" sc="375,-7,345,-5,89,27,181,-5" />
</Scene>
<Scene>
<INIT seed="5,0,0,4,0,71" ten="368,340,116,176" oya="1" hai0="17,132,110,68,53,30,34,119,7,13,128,95,39" hai1="111,80,89,40,36,120,12,84,38,86,23,11,24" hai2="129,124,98,63,74,133,113,67,5,118,54,79,22" hai3="0,32,44,2,25,101,97,70,3,126,78,37,92"/><U108/><E120/><V93/><F118/><W41/><G126/><T123/><D119/><U127/><E127/><V102/><F124/><W61/><G78/><T83/><D68/><U56/><E40/><V99/><F129/><W49/><G49/><T6/><D128/><U33/><E33/><V116/><F116/><W107/><G92/><T103/><D110/><N who="1" m="42027" /><E56/><V65/><F133/><W75/><G75/><T121/><D132/><U76/><E76/><V42/><F42/><W134/><G134/><T31/><D53/><U57/><E57/><V135/><F135/><W96/><G96/><N who="0" m="59807" /><D83/><U106/><E106/><V27/><F79/><W59/><G59/><T16/><D34/><U114/><E114/><V105/><F74/><W21/><G21/><N who="0" m="11407" /><D17/><N who="1" m="8351" /><E86/><V52/><F5/><W100/><G100/><T14/><D6/><U1/><E1/><V19/><F113/><W9/><G9/><T88/><D7/><U10/><E10/><V28/><F19/><AGARI ba="0,0" hai="19,23,24,36,38,80,84,89" m="8351,42027" machi="19" ten="30,5800,0" yaku="10,1,52,2" doraHai="71" who="1" fromWho="2" sc="368,0,340,58,116,-58,176,0" />
</Scene>
<Scene>
<INIT seed="5,1,0,2,3,43" ten="368,398,58,176" oya="1" hai0="20,11,132,88,85,83,111,90,112,82,122,115,125" hai1="134,44,94,119,100,89,129,99,54,97,59,107,19" hai2="21,42,8,76,75,36,78,113,63,0,47,39,101" hai3="53,133,131,15,55,24,48,57,110,6,13,33,80"/><U51/><E119/><V123/><F123/><W109/><G131/><T103/><D111/><U72/><E72/><V25/><F113/><W87/><G133/><T73/><D11/><U58/><E134/><V31/><F101/><W37/><G37/><T18/><D132/><U106/><E129/><V104/><F104/><W3/><G3/><T77/><D18/><U41/><E19/><V135/><F135/><W50/><G24/><T124/><D20/><U12/><E12/><V105/><F105/><W98/><G98/><T108/><D103/><U93/><REACH who="1" step="1"/><E59/><REACH who="1" ten="368,388,58,176" step="2"/><V130/><F130/><W118/><G118/><T96/><D122/><U66/><E66/><V67/><F75/><W127/><G33/><T22/><D108/><U38/><AGARI ba="1,1" hai="38,41,44,51,54,58,89,93,94,97,99,100,106,107" machi="38" ten="20,12000,1" yaku="1,1,0,1,7,1,52,1,53,1" doraHai="43" doraHaiUra="69" who="1" fromWho="1" sc="368,-41,388,133,58,-41,176,-41" />
</Scene>
<Scene>
<INIT seed="5,2,0,1,3,95" ten="327,521,17,135" oya="1" hai0="132,73,35,45,53,28,50,44,55,63,108,38,87" hai1="39,114,72,98,46,47,116,102,101,110,40,96,64" hai2="23,130,93,117,85,106,94,52,118,37,92,11,58" hai3="122,79,70,105,100,4,76,18,82,134,129,24,78"/><U0/><E116/><V10/><F37/><W69/><G122/><T25/><D73/><U15/><E72/><V125/><F106/><W75/><G4/><T120/><D108/><U67/><E0/><V71/><F71/><W7/><G7/><T59/><D120/><U17/><E110/><V51/><F125/><W36/><G36/><T90/><D132/><U107/><E47/><V68/><F68/><W6/><G6/><T74/><D74/><U65/><E114/><V86/><F130/><W121/><G121/><T126/><D126/><U91/><E91/><V3/><F3/><W13/><G134/><T123/><D123/><U115/><E115/><V22/><F117/><W14/><G129/><T5/><D5/><U80/><E80/><V99/><F118/><W56/><G56/><T62/><D38/><U19/><E15/><V135/><F135/><W33/><G100/><T109/><D109/><U2/><E2/><V127/><F127/><W26/><G105/><AGARI ba="2,0" hai="17,19,39,40,46,64,65,67,96,98,101,102,105,107" machi="105" ten="40,7700,0" yaku="9,1,52,2" doraHai="95" who="1" fromWho="3" sc="327,0,521,83,17,0,135,-83" />
</Scene>
<Scene>
<INIT seed="5,3,0,5,5,34" ten="327,604,17,52" oya="1" hai0="39,95,55,56,125,40,6,100,32,103,105,131,45" hai1="13,3,107,60,29,44,16,65,15,86,101,48,46" hai2="27,2,66,111,77,91,11,17,5,58,114,73,26" hai3="63,54,132,23,102,14,38,10,9,124,89,106,33"/><U51/><E3/><V64/><F111/><W126/><G33/><T31/><D105/><U78/><E29/><V92/><F114/><W61/><G38/><T1/><D125/><N who="3" m="48233" /><G102/><T71/><D71/><U24/><E24/><V135/><F135/><W123/><G106/><T70/><D70/><U118/><E118/><V98/><F58/><W69/><G123/><T112/><D131/><U120/><E120/><V117/><F117/><W43/><G43/><T82/><D112/><U25/><E25/><V59/><F59/><W88/><G69/><T53/><D82/><U20/><E107/><V119/><F119/><W79/><G79/><T94/><D56/><U122/><E122/><V68/><F68/><W83/><G83/><T96/><D31/><U57/><E101/><V8/><F73/><W81/><G81/><T134/><D32/><U127/><E127/><V75/><F75/><W84/><G84/><T42/><D134/><U12/><E86/><V49/><F77/><W30/><G30/><T37/><D6/><U116/><E116/><V36/><F36/><W113/><G54/><T104/><D104/><U74/><E74/><V4/><F49/><N who="1" m="19017" /><E78/><V121/><F121/><W90/><G113/><T50/><D50/><U47/><AGARI ba="3,0" hai="12,13,15,16,20,44,46,47,57,60,65" m="19017" machi="47" ten="30,3000,0" yaku="8,1,54,1" doraHai="34" who="1" fromWho="1" sc="327,-13,604,39,17,-13,52,-13" />
</Scene>
<Scene>
<INIT seed="5,4,0,4,1,48" ten="314,643,4,39" oya="1" hai0="80,32,52,135,96,134,29,70,112,53,5,106,46" hai1="6,36,130,75,22,45,83,37,68,122,2,127,118" hai2="13,81,117,89,30,126,14,114,119,121,35,31,82" hai3="44,43,103,76,39,104,1,92,107,7,105,123,98"/><U19/><E45/><V55/><F89/><W78/><REACH who="3" step="1"/><G123/><REACH who="3" ten="314,643,4,29" step="2"/><T66/><D112/><U62/><E122/><V86/><F121/><W15/><G15/><T28/><D134/><U101/><E2/><V18/><F114/><W57/><G57/><T124/><D135/><U26/><E68/><V74/><F126/><W24/><G24/><T25/><D124/><U111/><E127/><V100/><F100/><W79/><G79/><T113/><D113/><U95/><E101/><V4/><F74/><W85/><G85/><T27/><D25/><U90/><E75/><V115/><F115/><W17/><G17/><T58/><D27/><U91/><E26/><V20/><F35/><W10/><AGARI ba="4,1" hai="1,7,10,39,43,44,76,78,92,98,103,104,105,107" machi="10" ten="40,5200,0" yaku="21,2,0,1,53,0" doraHai="48" doraHaiUra="51" who="3" fromWho="3" sc="314,-17,643,-30,4,-17,29,74" owari="297,10.0,613,71.0,-13,-51.0,103,-30.0" />
</Scene>
</mjloggm>