<mjloggm ver="2.3"><GO type="41"/><UN n0="%E5%A4%AA%E3%81%8F%E3%81%AA%E3%81%84%E3%81%8A" n1="%E2%98%86%E5%9C%B0%E5%92%8C%E2%98%86" n2="%6B%6E%6A%31%30%35%30" n3="%E3%82%B5%E3%83%95%E3%83%A9%E3%83%B3%E3%83%A9%E3%82%A4%E3%82%B9" dan="15,15,15,13" rate="2028,1943,2015,1858" sx="M,M,M,M"/><TAIKYOKU oya="0"/>

<Scene>
<INIT seed="0,0,0,5,4,131" ten="250,250,250,250" oya="0" hai0="73,113,92,93,79,100,115,11,105,66,127,16,27" hai1="102,120,53,60,81,94,121,1,37,106,62,10,68" hai2="59,9,17,69,5,87,104,0,89,95,134,65,83" hai3="97,88,51,41,22,70,49,47,52,12,126,125,40"/><T20/><D127/><U74/><E106/><V118/><F118/><W103/><G70/><T21/><D66/><U24/><E37/><V98/><F69/><W117/><G117/><T29/><D11/><U2/><E24/><V67/><F134/><W96/><G40/><T57/><D105/><U122/><E68/><V42/><F42/><W71/><G71/><T23/><D57/><U55/><E81/><V124/><F124/><N who="3" m="47723" /><G103/><T28/><D21/><U15/><E74/><V109/><F109/><W61/><G61/><T44/><D44/><U72/><E72/><V13/><F104/><W99/><G22/><T107/><D107/><U82/><E82/><V64/><F0/><W18/><G12/><T39/><D39/><U31/><E102/><V8/><F5/><W86/><G18/><T56/><D100/><U38/><E15/><V111/><F111/><W114/><G114/><T128/><D23/><U3/><E38/><V14/><F59/><N who="3" m="33167" /><G99/><T32/><D20/><U129/><E121/><V80/><F14/><W108/><G108/><T46/><D113/><U26/><E122/><V43/><F43/><W84/><G84/><T110/><D110/><U36/><E120/><V58/><F8/><W54/><G41/><T133/><D115/><U112/><E112/><V75/><F58/><W101/><G101/><T45/><D56/><U30/><E36/><V4/><F4/><W91/><G91/><T132/><D73/><U34/><E1/><V33/><F75/><W76/><G76/><T50/><D79/><U119/><E119/><V85/><F33/><W7/><G7/><RYUUKYOKU ba="0,0" sc="250,-15,250,-15,250,15,250,15" hai2="9,13,17,64,65,67,80,83,85,87,89,95,98" hai3="47,51,54,86,88,96,97" />
</Scene>
<Scene>
<INIT seed="1,1,0,1,0,90" ten="235,235,265,265" oya="1" hai0="11,134,9,69,129,127,135,42,41,98,93,0,82" hai1="78,71,39,67,36,47,89,73,53,62,97,114,33" hai2="10,124,21,92,125,126,79,72,43,105,130,108,74" hai3="50,37,57,52,61,119,94,20,80,6,32,123,30"/><U86/><E114/><V106/><F43/><N who="0" m="16394" /><D69/><U83/><E33/><V121/><F21/><W12/><G37/><T103/><D129/><U116/><E116/><V27/><F27/><W38/><G38/><T54/><D127/><U95/><REACH who="1" step="1"/><E73/><REACH who="1" ten="235,225,265,265" step="2"/><V64/><F74/><W65/><G32/><T3/><D135/><U51/><AGARI ba="1,1" hai="36,39,47,51,53,62,67,71,78,83,86,89,95,97" machi="51" ten="30,11700,0" yaku="1,1,2,1,0,1,52,1,53,0" doraHai="90" doraHaiUra="118" who="1" fromWho="1" sc="235,-40,225,130,265,-40,265,-40" />
</Scene>
<Scene>
<INIT seed="1,2,0,0,5,97" ten="195,355,225,225" oya="1" hai0="117,9,11,10,50,116,33,125,6,92,113,13,34" hai1="25,57,103,120,43,86,115,32,127,82,70,93,90" hai2="104,73,51,24,18,8,85,124,39,80,72,81,27" hai3="69,87,122,108,79,100,105,44,3,64,132,21,47"/><U83/><E70/><V75/><F39/><W76/><G122/><T63/><D63/><U2/><E2/><V128/><F104/><W12/><G3/><N who="0" m="223" /><D92/><U42/><E120/><V37/><F37/><W129/><G132/><T89/><D89/><U26/><E115/><V91/><F128/><W31/><G129/><T14/><D50/><U102/><E127/><V123/><F124/><W0/><G0/><T16/><D113/><U17/><E32/><N who="0" m="12393" /><D125/><U95/><E57/><V41/><F123/><W30/><G108/><T106/><D106/><U114/><E114/><V133/><F133/><W49/><G69/><T121/><D121/><U74/><E74/><V59/><F81/><N who="1" m="30729" /><E95/><V19/><F41/><N who="1" m="15369" /><E25/><V58/><F51/><W67/><G49/><T130/><D130/><U20/><AGARI ba="2,0" hai="17,20,26,86,90,93,102,103" m="15369,30729" machi="20" ten="30,6000,0" yaku="8,1,52,2" doraHai="97" who="1" fromWho="1" sc="195,-22,355,66,225,-22,225,-22" />
</Scene>
<Scene>
<INIT seed="1,3,0,4,5,46" ten="173,421,203,203" oya="1" hai0="135,58,78,66,71,11,96,112,116,75,36,108,28" hai1="61,25,123,44,74,134,126,110,15,80,33,113,13" hai2="3,60,132,45,50,51,5,125,8,1,29,89,30" hai3="104,7,41,53,119,103,121,107,95,100,14,2,10"/><U90/><E123/><V77/><F132/><W9/><G121/><T91/><D116/><U43/><E113/><V42/><F125/><W38/><G119/><T26/><D112/><U86/><E126/><V131/><F131/><W24/><G100/><T59/><D36/><U47/><E134/><V57/><F1/><W114/><G114/><T81/><D135/><U115/><E115/><V79/><F79/><W98/><G24/><T62/><D108/><U6/><E110/><V133/><F133/><W124/><G124/><T70/><D11/><U84/><E74/><V17/><F17/><W87/><G38/><T76/><D76/><U73/><E73/><V49/><F89/><W0/><G0/><T128/><D128/><U12/><E61/><V32/><F77/><W105/><G41/><T130/><D130/><U40/><E25/><V18/><F18/><W120/><G120/><T16/><D59/><U56/><E56/><V22/><F22/><W92/><G53/><T97/><D16/><U82/><E33/><V72/><F72/><W69/><G69/><T99/><REACH who="0" step="1"/><D91/><REACH who="0" ten="163,421,203,203" step="2"/><N who="1" m="51591" /><E6/><V4/><F4/><W23/><G7/><T109/><D109/><U129/><E129/><V27/><REACH who="2" step="1"/><F30/><REACH who="2" ten="163,421,193,203" step="2"/><W20/><G2/><T48/><D48/><U122/><E122/><V34/><F34/><AGARI ba="3,2" hai="26,28,34,58,62,66,70,71,75,78,81,96,97,99" machi="34" ten="40,1300,0" yaku="1,1,53,0" doraHai="46" doraHaiUra="37" who="0" fromWho="2" sc="163,42,421,0,193,-22,203,0" />
</Scene>
<Scene>
<INIT seed="2,0,0,4,5,135" ten="205,421,171,203" oya="2" hai0="58,127,73,35,82,124,102,14,129,60,20,110,75" hai1="23,119,53,105,33,24,22,92,31,51,123,112,30" hai2="79,18,131,26,19,108,6,34,70,27,55,2,118" hai3="7,114,28,68,59,97,37,17,122,29,72,91,12"/><V120/><F70/><W88/><G68/><T89/><D35/><U44/><E105/><V111/><F79/><W3/><G122/><T83/><D102/><U84/><E119/><V21/><F55/><W47/><G72/><T99/><D110/><N who="2" m="42026" /><F120/><W116/><G116/><T121/><D121/><U56/><E112/><V43/><F43/><W13/><G114/><T50/><D50/><U65/><E123/><V39/><F39/><W11/><G3/><T77/><D129/><U106/><E106/><V36/><F36/><W64/><G37/><T93/><D82/><U38/><E38/><V63/><F63/><N who="3" m="38015" /><G47/><T109/><D109/><U101/><E53/><V49/><F49/><W133/><G133/><T45/><D45/><U104/><E44/><V94/><F94/><N who="3" m="56519" /><G91/><T52/><REACH who="0" step="1"/><D75/><REACH who="0" ten="195,421,171,203" step="2"/><U80/><E51/><V62/><F131/><W117/><G117/><T86/><D86/><U100/><E84/><V78/><F62/><W25/><G25/><T134/><D134/><U57/><E24/><V126/><F118/><W32/><G32/><T66/><D66/><U69/><E65/><V115/><F78/><W61/><G61/><T46/><D46/><U48/><E33/><V54/><F115/><W81/><G81/><T132/><D132/><U125/><E80/><V41/><F34/><W130/><G130/><T87/><D87/><U113/><E113/><V90/><F41/><W107/><G107/><T128/><D128/><U98/><E104/><V71/><F27/><W1/><G1/><T15/><D15/><U10/><E48/><V103/><F26/><W96/><G96/><RYUUKYOKU ba="0,1" sc="195,15,421,-15,171,-15,203,15" hai0="14,20,52,58,60,73,77,83,89,93,99,124,127" hai3="7,11,12,13,17,28,29" />
</Scene>
<Scene>
<INIT seed="3,1,1,4,2,120" ten="210,406,156,218" oya="3" hai0="116,89,100,75,15,28,20,70,36,48,66,119,92" hai1="59,3,130,35,79,113,91,30,44,56,58,32,47" hai2="6,52,118,133,19,110,14,9,71,105,63,12,114" hai3="115,78,103,132,42,31,7,2,112,123,29,85,22"/><W38/><G123/><T131/><D36/><U101/><E3/><V34/><F105/><W17/><G132/><T46/><D75/><U106/><E113/><N who="3" m="43594" /><G103/><T69/><D100/><U41/><E101/><V96/><F114/><W129/><G129/><T1/><D1/><U23/><E106/><V88/><F133/><W84/><G38/><T0/><D0/><U65/><E130/><V74/><F118/><W93/><G42/><T83/><D83/><U40/><E79/><V121/><F74/><W27/><G84/><T135/><D131/><U87/><E65/><V10/><F121/><W43/><G43/><T5/><D135/><U16/><E32/><V68/><F34/><W33/><G33/><T109/><D28/><U8/><E30/><V81/><F71/><W39/><G39/><T67/><D70/><U72/><E35/><V77/><F77/><W13/><G2/><T108/><D5/><U122/><E122/><V45/><F68/><W49/><G49/><T55/><D15/><N who="1" m="7271" /><E40/><V21/><F21/><W24/><G7/><T54/><D20/><U111/><E23/><V64/><F64/><N who="0" m="24618" /><D69/><U61/><E41/><V25/><F25/><N who="3" m="9803" /><G93/><T99/><D54/><U62/><E87/><N who="2" m="50287" /><F96/><W37/><G37/><T18/><D18/><U26/><E72/><V57/><F45/><W4/><G4/><T128/><D128/><U107/><E47/><V80/><F80/><N who="3" m="47255" /><G29/><T124/><D116/><U127/><E107/><V94/><F94/><W76/><G76/><T134/><D134/><U102/><E102/><V98/><F98/><W86/><G31/><T11/><D119/><RYUUKYOKU ba="1,1" sc="210,-15,406,-15,156,15,218,15" hai2="6,9,10,12,14,19,52,57,63,110" hai3="13,17,22,86" />
</Scene>
<Scene>
<INIT seed="3,2,1,3,2,21" ten="195,391,171,233" oya="3" hai0="81,42,12,35,6,17,31,4,86,51,119,7,18" hai1="71,20,108,79,61,1,44,131,28,49,116,62,95" hai2="80,43,90,72,56,33,2,11,67,125,30,65,57" hai3="60,104,123,110,40,135,113,38,91,73,5,93,87"/><W94/><G113/><T16/><D119/><U112/><E112/><V46/><F125/><W13/><G104/><T10/><D35/><U84/><E1/><V50/><F33/><W122/><G73/><T109/><D109/><U100/><E116/><V52/><F30/><W102/><G110/><T53/><D42/><U34/><E108/><V132/><F132/><W29/><G135/><T48/><D31/><U118/><E34/><V59/><F2/><W47/><G60/><T8/><D8/><U115/><E118/><V107/><F107/><W58/><G58/><T127/><D127/><U88/><E115/><V66/><F11/><W96/><G29/><T37/><D37/><U85/><E131/><V134/><F134/><W129/><G129/><T126/><D126/><U89/><E100/><V97/><F72/><W92/><G5/><N who="0" m="2155" /><D53/><U25/><E79/><AGARI ba="2,1" hai="7,10,12,16,17,18,48,51,79,81,86" m="2155" machi="79" ten="30,2000,0" yaku="8,1,54,1" doraHai="21" who="0" fromWho="1" sc="195,36,391,-26,171,0,233,0" />
</Scene>
<Scene>
<INIT seed="4,0,0,2,0,106" ten="231,365,171,233" oya="0" hai0="132,42,38,47,90,128,98,6,109,107,62,101,24" hai1="26,135,77,83,111,123,112,91,67,75,53,130,120" hai2="68,94,33,100,99,17,104,0,28,125,22,86,29" hai3="23,133,25,3,131,16,20,5,63,9,95,43,110"/><T129/><D132/><U79/><E111/><V122/><F122/><W61/><G110/><T54/><D109/><U119/><E119/><V50/><F125/><W127/><G127/><T103/><D6/><U74/><E135/><V116/><F116/><W57/><G133/><T12/><D12/><U102/><E102/><V10/><F68/><W115/><G115/><T58/><D103/><U84/><E67/><V72/><F72/><W69/><G69/><T39/><D39/><U48/><E112/><V85/><F33/><W78/><G131/><T31/><REACH who="0" step="1"/><D90/><REACH who="0" ten="221,365,171,233" step="2"/><U37/><E91/><V56/><F104/><W30/><G43/><T105/><D105/><U59/><E37/><V124/><F124/><W49/><G78/><T13/><D13/><U96/><E77/><V8/><F0/><W126/><G126/><T117/><D117/><U32/><E79/><V108/><F108/><W40/><G95/><T34/><AGARI ba="0,1" hai="24,31,34,38,42,47,54,58,62,98,101,107,128,129" machi="34" ten="30,6000,0" yaku="1,1,0,1,53,1" doraHai="106" doraHaiUra="93" who="0" fromWho="0" sc="221,70,365,-20,171,-20,233,-20" />
</Scene>
<Scene>
<INIT seed="4,1,0,0,4,43" ten="291,345,151,213" oya="0" hai0="112,44,30,89,119,101,73,16,114,90,81,70,57" hai1="125,8,71,20,75,87,113,27,91,76,80,56,100" hai2="17,0,52,115,108,128,64,79,25,117,15,62,69" hai3="110,58,99,124,4,41,131,123,72,59,120,36,95"/><T63/><D119/><U97/><E71/><V127/><F108/><W132/><G72/><T102/><D70/><U66/><E125/><V40/><F117/><W3/><G124/><T13/><D30/><U38/><E38/><V45/><F127/><W1/><G110/><T55/><D73/><U61/><E113/><N who="0" m="43625" /><D44/><U122/><E122/><N who="3" m="46634" /><G131/><T12/><D12/><U2/><E2/><N who="3" m="522" /><G132/><T24/><D24/><U51/><E8/><V31/><F0/><W85/><G85/><N who="0" m="50351" /><D90/><U46/><E46/><V65/><F128/><W84/><G84/><T94/><D94/><U49/><E91/><V10/><F115/><W60/><G4/><T34/><D34/><U82/><E82/><V50/><F79/><W33/><G33/><T39/><D39/><U68/><E68/><V130/><F130/><W37/><G41/><T83/><D83/><U7/><E7/><V47/><F65/><N who="3" m="39063" /><G59/><T103/><D103/><AGARI ba="1,0" hai="36,37,95,99,103" m="39063,522,46634" machi="103" ten="30,1000,0" yaku="13,1" doraHai="43" who="3" fromWho="0" sc="291,-13,345,0,151,0,213,13" />
</Scene>
<Scene>
<INIT seed="5,0,0,0,2,61" ten="278,345,151,226" oya="1" hai0="105,64,112,76,88,21,121,60,90,39,132,92,89" hai1="120,14,101,25,91,20,12,98,79,1,81,72,135" hai2="10,24,58,35,124,34,56,75,117,128,87,55,115" hai3="95,68,77,19,129,131,17,126,9,78,118,15,67"/><U5/><E120/><V134/><F87/><W94/><G118/><T0/><D105/><U113/><E113/><V47/><F55/><W26/><G126/><T83/><D0/><U130/><E130/><N who="3" m="49674" /><G78/><T100/><D39/><U4/><E135/><V31/><F47/><W53/><G53/><T54/><D112/><U32/><E32/><V85/><F128/><W65/><G77/><T71/><D132/><U116/><E116/><V59/><F134/><W110/><G110/><T86/><D121/><U44/><E44/><V27/><F117/><W2/><G68/><T42/><D42/><U119/><E119/><V63/><F115/><W122/><G122/><T48/><D21/><U29/><E91/><V22/><F124/><W104/><G104/><T96/><REACH who="0" step="1"/><D76/><REACH who="0" ten="268,345,151,226" step="2"/><U11/><E5/><V38/><F22/><N who="3" m="13647" /><G2/><T52/><D52/><U18/><E29/><V30/><F38/><W28/><G28/><T103/><D103/><U13/><E1/><V99/><F75/><W97/><G95/><AGARI ba="0,1" hai="4,11,12,13,14,18,20,25,72,79,81,95,98,101" machi="95" ten="30,1500,0" yaku="7,1" doraHai="61" who="1" fromWho="3" sc="268,0,345,25,151,0,226,-15" />
</Scene>
<Scene>
<INIT seed="5,1,0,5,2,83" ten="268,370,151,211" oya="1" hai0="82,129,127,5,35,45,28,75,4,13,123,114,3" hai1="121,86,95,71,47,125,112,44,100,78,132,98,115" hai2="37,122,84,6,2,72,73,87,55,42,57,20,69" hai3="94,52,58,22,27,8,32,21,90,120,77,133,110"/><U65/><E121/><V50/><F122/><W111/><G120/><T29/><D123/><RYUUKYOKU type="kaze4" ba="1,0" sc="268,0,370,0,151,0,211,0" />
</Scene>
<Scene>
<INIT seed="5,2,0,1,1,62" ten="268,370,151,211" oya="1" hai0="34,127,18,66,3,94,97,13,2,46,65,105,126" hai1="17,114,41,100,48,129,74,1,101,132,8,88,80" hai2="117,130,89,7,75,119,79,103,36,23,45,73,56" hai3="32,77,98,69,51,63,40,116,29,67,68,90,93"/><U131/><E132/><V4/><F89/><W30/><G116/><T109/><D34/><U19/><E114/><V72/><F79/><W47/><G32/><T110/><D105/><U104/><E1/><N who="0" m="9" /><D46/><N who="1" m="25679" /><E8/><V112/><F112/><W85/><G69/><T20/><D110/><U6/><E6/><V113/><F113/><W124/><G124/><N who="0" m="47659" /><D109/><U11/><E11/><V108/><F108/><W14/><G14/><T24/><D24/><U122/><E104/><V82/><F82/><W86/><G77/><T118/><D118/><U120/><E80/><V91/><F91/><AGARI ba="2,0" hai="13,18,20,65,66,91,94,97" m="47659,9" machi="91" ten="30,3900,0" yaku="18,1,52,2" doraHai="62" who="0" fromWho="2" sc="268,45,370,0,151,-45,211,0" />
</Scene>
<Scene>
<INIT seed="6,0,0,5,0,128" ten="313,370,106,211" oya="2" hai0="123,104,103,24,43,117,8,108,17,118,7,45,58" hai1="49,86,62,71,87,48,113,59,90,81,105,41,129" hai2="130,30,39,133,15,126,69,121,10,109,116,107,47" hai3="106,50,74,57,96,65,89,124,20,75,78,92,80"/><V83/><RYUUKYOKU type="yao9" ba="0,0" sc="313,0,370,0,106,0,211,0" hai2="10,15,30,39,47,69,83,107,109,116,121,126,130,133" />
</Scene>
<Scene>
<INIT seed="6,1,0,4,0,67" ten="313,370,106,211" oya="2" hai0="72,48,66,132,84,115,61,124,104,99,96,97,18" hai1="58,22,111,109,24,44,37,56,65,106,121,55,17" hai2="80,118,3,11,112,135,21,79,71,128,51,133,100" hai3="10,30,113,50,102,70,26,34,54,25,105,33,57"/><V35/><F118/><W60/><G113/><T122/><D122/><U53/><E121/><V13/><F35/><W43/><G10/><T130/><D72/><U88/><E106/><V131/><F112/><W78/><G43/><T47/><D115/><U52/><E37/><V76/><F100/><W110/><G78/><T36/><D36/><U81/><E44/><V64/><F51/><W29/><G110/><T85/><D124/><U117/><E117/><V7/><F79/><W98/><G50/><T93/><D104/><U108/><E65/><V120/><F120/><W8/><G8/><T14/><D130/><N who="2" m="49706" /><F21/><W134/><G134/><N who="2" m="51209" /><F3/><W27/><G27/><T127/><D48/><U94/><E111/><V129/><N who="2" m="49714" /><V59/><DORA hai="69" /><F59/><W68/><AGARI ba="1,0" hai="25,26,29,30,33,34,54,57,60,68,70,98,102,105" machi="68" ten="30,7900,0" yaku="0,1,9,1,52,2" doraHai="67,69" who="3" fromWho="3" sc="313,-21,370,-21,106,-40,211,82" />
</Scene>
<Scene>
<INIT seed="7,0,0,1,1,25" ten="292,349,66,293" oya="3" hai0="22,53,95,2,35,60,82,27,34,68,5,38,128" hai1="4,62,52,99,12,111,127,0,115,124,58,59,108" hai2="31,118,40,49,94,33,113,57,9,120,121,29,109" hai3="77,93,42,123,132,117,67,19,18,14,133,39,36"/><W48/><G117/><T122/><D122/><U6/><E115/><V69/><F40/><W7/><G123/><T28/><D38/><U66/><E0/><V135/><F49/><W20/><G77/><T112/><D128/><U13/><E99/><V91/><F57/><W65/><G7/><N who="1" m="2602" /><E12/><V86/><F91/><W81/><G81/><T130/><D130/><U119/><E13/><V51/><F94/><W11/><G93/><T30/><D112/><U79/><E79/><V85/><F86/><W56/><G39/><T43/><D43/><U131/><E131/><V26/><F85/><W41/><G36/><T16/><D82/><U89/><E89/><V54/><F51/><W97/><G97/><T104/><D104/><U83/><E83/><V78/><F54/><W110/><G110/><T45/><D95/><U101/><E101/><V98/><F78/><W71/><G71/><T32/><D45/><U21/><E21/><V24/><F98/><W116/><G116/><T3/><D68/><U74/><E74/><V37/><F69/><W8/><G56/><T125/><D125/><N who="1" m="48203" /><E119/><V70/><F37/><W1/><G48/><AGARI ba="0,0" hai="48,52,58,59,62,66,108,111" m="48203,2602" machi="48" ten="30,2000,0" yaku="18,1,54,1" doraHai="25" who="1" fromWho="3" sc="292,0,349,20,66,0,293,-20" owari="292,9.0,369,47.0,66,-43.0,273,-13.0" />
</Scene>
</mjloggm>