<mjloggm ver="2.3"><GO type="225"/><UN n0="%E5%A4%AA%E3%81%8F%E3%81%AA%E3%81%84%E3%81%8A" n1="%6B%75%72%61%32%33%34%35" n2="%E3%82%B7%E3%83%A9%E3%83%97" n3="%E3%82%B4%E3%83%9F%E3%82%AF%E3%82%BA%E4%B8%83%E6%AE%B5" dan="16,16,17,17" rate="2101,2082,2155,2093" sx="M,M,M,F"/><TAIKYOKU oya="0"/>

<Scene>
<INIT seed="0,0,0,2,1,112" ten="250,250,250,250" oya="0" hai0="35,115,43,52,78,85,117,16,65,80,29,41,17" hai1="31,99,135,124,84,51,39,54,133,111,27,40,13" hai2="22,15,14,6,23,64,89,98,86,49,58,91,46" hai3="87,119,24,118,42,94,96,32,20,128,56,127,107"/><T3/><D115/><U61/><E111/><V9/><F98/><W60/><G32/><T108/><D3/><U83/><E124/><V4/><F4/><W126/><G107/><T75/><D117/><N who="3" m="44553" /><G87/><T55/><D65/><U130/><E130/><V11/><F11/><W73/><G73/><T48/><D108/><U90/><E61/><N who="2" m="37943" /><F15/><W129/><G42/><N who="0" m="15883" /><D35/><U12/><E40/><N who="2" m="24775" /><F91/><N who="3" m="55391" /><G56/><N who="0" m="32775" /><D75/><U67/><E39/><V26/><F26/><W106/><G60/><T62/><D29/><U97/><E67/><V50/><F50/><W81/><G81/><AGARI ba="0,0" hai="6,9,14,22,23,81,86,89" m="24775,37943" machi="81" ten="30,1000,0" yaku="8,1" doraHai="112" who="2" fromWho="3" sc="250,0,250,0,250,10,250,-10" />
</Scene>
<Scene>
<INIT seed="1,0,0,2,3,82" ten="250,250,260,240" oya="1" hai0="6,23,0,9,86,63,72,29,108,34,15,80,73" hai1="42,69,62,93,109,7,11,14,20,84,131,95,134" hai2="127,70,45,125,119,135,130,132,121,129,24,47,90" hai3="68,50,13,56,100,26,28,18,128,48,16,126,91"/><U123/><E123/><V88/><F119/><W118/><G68/><T32/><D108/><U117/><E117/><V46/><F70/><W106/><G128/><N who="2" m="49257" /><F24/><W74/><G126/><N who="2" m="48137" /><F121/><W97/><G74/><T17/><D63/><U33/><E33/><V116/><F116/><W38/><G38/><T115/><D115/><U110/><E134/><AGARI ba="0,0" hai="45,46,47,88,90,132,134,135" m="48137,49257" machi="134" ten="40,32000,5" yakuman="39" doraHai="82" who="2" fromWho="1" sc="250,0,250,-320,260,320,240,0" owari="250,5.0,-70,-57.0,580,68.0,240,-16.0" />
</Scene>
</mjloggm>