<mjloggm ver="2.3"><GO type="169" lobby="0"/><UN n0="%E5%A4%AA%E3%81%8F%E3%81%AA%E3%81%84%E3%81%8A" n1="%E3%81%8D%E3%81%BE%E3%81%99" n2="%E3%83%8F%E3%83%94%E3%83%8A%E5%90%8D%E6%8E%9B%E4%B8%81" n3="%E3%81%BA%E3%82%8A%E3%81%8B%E3%82%93" dan="18,16,16,18" rate="2228.49,2017.90,2179.25,2149.01" sx="F,M,M,F"/><TAIKYOKU oya="0"/>

<Scene>
<INIT seed="0,0,0,1,5,42" ten="250,250,250,250" oya="0" hai0="1,32,96,33,47,98,26,34,38,108,66,53,97" hai1="111,21,71,7,4,10,122,135,63,70,8,94,112" hai2="125,57,79,124,52,92,107,76,12,13,60,54,72" hai3="104,127,117,90,132,22,91,30,106,95,105,88,48"/><T55/><D1/><U6/><E122/><V62/><F107/><W73/><G117/><T23/><D66/><U82/><E111/><V49/><F92/><W123/><G73/><T43/><REACH who="0" step="1"/><D108/><REACH who="0" ten="240,250,250,250" step="2"/><U19/><E112/><V56/><F72/><W129/><G123/><T17/><AGARI ba="0,1" hai="17,23,26,32,33,34,38,43,47,53,55,96,97,98" machi="17" ten="40,12000,1" yaku="1,1,2,1,0,1,52,1,53,1" doraHai="42" doraHaiUra="39" who="0" fromWho="0" sc="240,130,250,-40,250,-40,250,-40" />
</Scene>
<Scene>
<INIT seed="0,1,0,5,5,20" ten="370,210,210,210" oya="0" hai0="119,21,5,61,16,99,1,89,71,103,7,51,101" hai1="72,132,118,31,35,36,95,83,75,15,78,87,70" hai2="58,124,93,47,104,97,92,57,91,68,107,6,69" hai3="23,76,4,77,126,26,88,54,81,44,19,48,55"/><T125/><D119/><U34/><E118/><V105/><F6/><N who="0" m="2058" /><D1/><U94/><E70/><V96/><F47/><W86/><G126/><T40/><D71/><U46/><E132/><V129/><F129/><W12/><G55/><T127/><D61/><U109/><E109/><V41/><F41/><W79/><REACH who="3" step="1"/><G4/><REACH who="3" ten="370,210,210,200" step="2"/><T37/><D127/><U38/><E38/><V22/><F124/><W133/><G133/><T84/><D37/><U74/><E36/><V130/><F130/><W65/><G65/><T134/><D125/><U66/><E66/><V102/><F69/><W3/><G3/><T128/><D128/><U28/><E35/><V80/><F68/><W123/><G123/><T106/><D134/><U131/><E34/><V135/><F135/><W110/><G110/><T116/><D116/><U11/><E131/><V85/><REACH who="2" step="1"/><F22/><REACH who="2" ten="370,210,200,200" step="2"/><W27/><AGARI ba="1,2" hai="12,19,23,26,27,44,48,54,76,77,79,81,86,88" machi="27" ten="30,12000,2" yaku="1,1,0,1,8,1,52,2,54,1,53,0" doraHai="20" doraHaiUra="2" who="3" fromWho="3" sc="370,-61,210,-31,200,-31,200,143" />
</Scene>
<Scene>
<INIT seed="1,0,0,5,3,78" ten="309,179,169,343" oya="1" hai0="73,127,93,19,111,1,66,11,99,50,88,39,23" hai1="107,48,120,2,98,75,83,57,38,12,58,131,130" hai2="86,7,5,59,94,72,30,21,71,32,68,77,67" hai3="108,85,52,69,17,10,110,4,53,102,47,116,113"/><U56/><E120/><V44/><F72/><W125/><G113/><T70/><D39/><U51/><E38/><V35/><F44/><W64/><G102/><T91/><D73/><U95/><E2/><V28/><F59/><W40/><G17/><T104/><D104/><U115/><E107/><V43/><F43/><W89/><G125/><T105/><D105/><U25/><E115/><V36/><F36/><N who="3" m="21895" /><G64/><T79/><D66/><U84/><E25/><V9/><F68/><W3/><G69/><T74/><D70/><U100/><E75/><V49/><F49/><W118/><G52/><T16/><D50/><U0/><E12/><V124/><F124/><W129/><G53/><T112/><D127/><U97/><E97/><V34/><F5/><W20/><G20/><T29/><D23/><U6/><E6/><V55/><F55/><W8/><G8/><T37/><D11/><U22/><E22/><V33/><F21/><W121/><G121/><T90/><D37/><U101/><E101/><V61/><N who="2" m="8192" /><DORA hai="27" /><V42/><F42/><W82/><G129/><N who="1" m="49162" /><E0/><V80/><REACH who="2" step="1"/><F94/><REACH who="2" ten="309,179,159,343" step="2"/><W109/><AGARI ba="0,1" hai="3,4,10,82,85,89,108,109,110,116,118" m="21895" machi="109" ten="40,2700,0" yaku="14,1,52,1" doraHai="78,27" who="3" fromWho="3" sc="309,-7,179,-13,159,-7,343,37" />
</Scene>
<Scene>
<INIT seed="2,0,0,0,4,111" ten="302,166,152,380" oya="2" hai0="65,87,129,109,117,124,91,127,18,22,25,107,126" hai1="38,128,56,81,97,16,92,60,100,131,103,57,73" hai2="31,23,27,7,21,63,6,70,12,122,82,68,8" hai3="83,10,26,32,115,3,75,58,79,52,43,108,99"/><V28/><F122/><W66/><G108/><T112/><D109/><U105/><E38/><V19/><F70/><W104/><G43/><T39/><D39/><U135/><E135/><V95/><F95/><W17/><G66/><T62/><D107/><U74/><E57/><V93/><F93/><W35/><G26/><T61/><D129/><N who="1" m="49739" /><E81/><V15/><F68/><W36/><G36/><T85/><D117/><U118/><E118/><V45/><F45/><W1/><G17/><T89/><D112/><U84/><E16/><N who="2" m="10399" /><F63/><W106/><G106/><T30/><D18/><U20/><E20/><N who="2" m="13727" /><F82/><W50/><G115/><T54/><D65/><N who="1" m="39047" /><E84/><V130/><F130/><W134/><G134/><T114/><D114/><U14/><E14/><N who="2" m="5399" /><F23/><W67/><G58/><N who="0" m="35031" /><D62/><U59/><E59/><V48/><F48/><W9/><G50/><T102/><D102/><U119/><E119/><V51/><F51/><W11/><G75/><N who="1" m="28682" /><E100/><V0/><F0/><W96/><G1/><T37/><D37/><U88/><E105/><V53/><F53/><W125/><G3/><T24/><D87/><U64/><E103/><V121/><F121/><W113/><G104/><T49/><D85/><U5/><E64/><V120/><F120/><W133/><G67/><T132/><D49/><U101/><E101/><V4/><F4/><AGARI ba="0,0" hai="4,5,88,92,97" m="28682,39047,49739" machi="4" ten="30,2000,0" yaku="19,1,54,1" doraHai="111" who="1" fromWho="2" sc="302,0,166,20,152,-20,380,0" />
</Scene>
<Scene>
<INIT seed="3,0,0,4,0,60" ten="302,186,132,380" oya="3" hai0="32,111,55,133,70,118,65,16,117,96,84,89,31" hai1="87,85,115,119,98,132,134,21,44,120,9,8,94" hai2="58,105,83,35,1,57,7,71,116,99,26,67,37" hai3="23,56,53,54,91,100,112,29,108,75,49,66,52"/><W78/><G112/><T33/><D31/><U11/><E115/><V13/><F116/><W5/><G108/><T38/><D38/><U81/><E120/><V129/><F129/><W59/><G100/><T19/><D96/><U12/><E119/><V69/><F37/><W130/><G130/><T18/><D111/><U27/><E44/><V123/><F123/><W125/><G125/><T122/><D122/><U74/><E74/><V88/><F1/><W28/><G5/><T2/><D2/><U24/><E12/><V45/><F45/><W126/><G126/><T121/><D121/><U101/><E87/><V51/><F105/><W90/><G29/><T34/><D133/><U4/><E4/><V79/><F7/><W127/><G127/><T62/><REACH who="0" step="1"/><D55/><REACH who="0" ten="292,186,132,380" step="2"/><U20/><E132/><V3/><F3/><W76/><G54/><T77/><D77/><N who="3" m="29801" /><G75/><T104/><D104/><U17/><E134/><V43/><F79/><W50/><G28/><T48/><D48/><U128/><E128/><V63/><F51/><W39/><G39/><T103/><D103/><U80/><REACH who="1" step="1"/><E85/><REACH who="1" ten="292,176,132,380" step="2"/><N who="2" m="50239" /><F99/><W107/><G50/><T22/><D22/><U135/><E135/><V109/><F35/><W64/><G49/><T114/><D114/><U30/><AGARI ba="0,2" hai="8,9,11,17,20,21,24,27,30,80,81,94,98,101" machi="30" ten="30,7900,0" yaku="1,1,0,1,8,1,53,1" doraHai="60" doraHaiUra="93" who="1" fromWho="1" sc="292,-20,176,99,132,-20,380,-39" />
</Scene>
<Scene>
<INIT seed="4,0,0,0,2,126" ten="272,275,112,341" oya="0" hai0="51,95,77,58,13,54,63,45,79,48,17,92,72" hai1="69,107,47,123,90,94,82,21,112,118,68,73,130" hai2="134,93,15,56,36,38,30,46,78,116,91,18,75" hai3="111,5,6,52,44,121,127,8,132,37,131,35,39"/><T120/><D120/><U133/><E123/><V96/><F134/><W55/><G121/><T0/><D0/><U7/><E107/><V86/><F116/><W125/><G35/><T25/><D25/><U31/><E118/><V98/><F30/><W43/><G132/><T65/><D72/><U41/><E133/><V101/><F96/><W27/><G27/><T102/><D51/><U67/><E7/><V88/><F56/><W100/><G100/><T97/><REACH who="0" step="1"/><D95/><REACH who="0" ten="262,275,112,341" step="2"/><U19/><E112/><V80/><F46/><W60/><G44/><T29/><D29/><U104/><E31/><V87/><F75/><W40/><G127/><T128/><D128/><U16/><E47/><V4/><F4/><W81/><G131/><T84/><D84/><U76/><E130/><V3/><F3/><W64/><G125/><T10/><AGARI ba="0,1" hai="10,13,17,45,48,54,58,63,65,77,79,92,97,102" machi="10" ten="20,7800,0" yaku="1,1,0,1,7,1,8,1,53,0" doraHai="126" doraHaiUra="83" who="0" fromWho="0" sc="262,88,275,-26,112,-26,341,-26" />
</Scene>
<Scene>
<INIT seed="4,1,0,3,5,80" ten="350,249,86,315" oya="0" hai0="18,94,107,20,61,4,120,47,71,50,72,16,76" hai1="34,49,73,32,115,29,63,127,129,84,41,40,86" hai2="3,56,21,113,78,132,10,65,110,9,15,24,123" hai3="92,83,48,135,131,57,39,133,0,13,45,118,23"/><T38/><D107/><U100/><E73/><V89/><F110/><W44/><G118/><T77/><D120/><U90/><E115/><V66/><F123/><W99/><G0/><T35/><D35/><U14/><E100/><V128/><F113/><W126/><G126/><T79/><D38/><U28/><E34/><V103/><F132/><N who="3" m="50763" /><G39/><T111/><D111/><U93/><E32/><V27/><F128/><W22/><G131/><T8/><D72/><U12/><E63/><V95/><F103/><N who="3" m="60903" /><G83/><T33/><D33/><U46/><E129/><V69/><F78/><W124/><G124/><T31/><D71/><U112/><E112/><V101/><F101/><W105/><G105/><T88/><D61/><U70/><E70/><V75/><F75/><W91/><G91/><T81/><D81/><U106/><E106/><V19/><F69/><W67/><G48/><T5/><D31/><N who="1" m="11851" /><E40/><V108/><F108/><W37/><G37/><T26/><D18/><U102/><E102/><V125/><F125/><W114/><G114/><T42/><REACH who="0" step="1"/><D8/><REACH who="0" ten="340,249,86,315" step="2"/><N who="2" m="3178" /><F3/><W97/><G23/><T116/><D116/><U130/><E127/><V17/><F17/><W1/><G22/><T62/><D62/><U117/><E130/><V64/><F56/><W60/><G60/><T52/><D52/><N who="1" m="29751" /><E117/><V96/><AGARI ba="1,1" hai="15,19,21,24,27,64,65,66,89,95,96" m="3178" machi="96" ten="30,1100,0" yaku="8,1" doraHai="80" who="2" fromWho="2" sc="340,-6,249,-4,86,24,315,-4" />
</Scene>
<Scene>
<INIT seed="5,0,0,5,4,62" ten="334,245,110,311" oya="1" hai0="130,134,18,110,68,90,44,41,107,70,79,69,111" hai1="20,35,116,119,47,85,21,54,78,76,103,30,53" hai2="114,26,24,127,113,9,112,34,74,43,51,105,59" hai3="121,4,45,89,48,1,12,128,106,64,14,5,27"/><U46/><E103/><V37/><F105/><W23/><G121/><T2/><D2/><U126/><E30/><V80/><F127/><W132/><G106/><T123/><D107/><U50/><E126/><V66/><F34/><W96/><G128/><T29/><D29/><U40/><E35/><V65/><F37/><W56/><G132/><T57/><D79/><U122/><E122/><V31/><F9/><W91/><G96/><T83/><D123/><U8/><E8/><V72/><F80/><W92/><G92/><T77/><D90/><N who="3" m="34313" /><G1/><T63/><D18/><U131/><E131/><V71/><F71/><W133/><G133/><T118/><D130/><U115/><E115/><V108/><F108/><W22/><G12/><T60/><D134/><U32/><E32/><N who="2" m="20583" /><F26/><W98/><G98/><T95/><D95/><U28/><E28/><V10/><F10/><N who="3" m="4423" /><G27/><T16/><D83/><U99/><E99/><V58/><F58/><W42/><G5/><T67/><D70/><U55/><E119/><V125/><F125/><W33/><G33/><T101/><D69/><U49/><E116/><V129/><F129/><W87/><G87/><T82/><D118/><U11/><E85/><V7/><F7/><W81/><G81/><T38/><D111/><U94/><E11/><V17/><F17/><W0/><G0/><T100/><D16/><U84/><E84/><V120/><F120/><W13/><G13/><T19/><D19/><U97/><E97/><V88/><F88/><W117/><G117/><T86/><D110/><U39/><E76/><V6/><F6/><W15/><G15/><RYUUKYOKU ba="0,0" sc="334,15,245,-15,110,-15,311,15" hai0="38,41,44,57,60,63,67,68,77,82,86,100,101" hai3="22,23,42,45,48,56,64" />
</Scene>
<Scene>
<INIT seed="6,1,0,4,1,68" ten="349,230,95,326" oya="2" hai0="110,5,56,131,111,6,77,61,101,128,117,106,116" hai1="10,99,87,72,49,19,100,9,22,31,32,97,127" hai2="71,39,55,78,34,30,88,86,27,133,20,85,82" hai3="118,15,69,25,3,51,26,57,66,33,119,4,1"/><V83/><F71/><W123/><G69/><T102/><D77/><U38/><E72/><V52/><F133/><W11/><G66/><N who="0" m="39207" /><D5/><U108/><E127/><V28/><REACH who="2" step="1"/><F39/><REACH who="2" ten="349,230,85,326" step="2"/><W121/><G119/><T60/><D117/><U48/><E38/><V135/><F135/><W126/><G118/><T113/><D116/><U21/><E108/><V36/><F36/><W92/><G123/><T65/><D111/><U40/><E40/><V17/><F17/><W91/><G121/><T81/><D110/><U112/><E19/><V90/><F90/><W67/><G91/><T107/><D131/><U14/><E31/><V73/><F73/><W132/><G132/><T74/><D128/><U75/><E75/><V94/><F94/><W53/><G92/><T7/><D74/><U105/><E105/><V50/><F50/><W134/><G51/><T59/><D107/><U120/><E48/><V13/><F13/><W23/><G134/><T115/><D106/><U47/><E49/><V124/><F124/><W12/><G126/><T18/><D18/><U104/><E14/><V95/><F95/><W98/><G15/><T96/><D115/><U103/><E104/><V62/><F62/><W0/><G12/><T129/><D113/><U37/><E112/><V8/><F8/><W41/><G11/><T43/><D129/><U16/><E9/><V35/><F35/><W80/><G33/><T114/><D114/><U93/><E10/><V42/><F42/><W44/><G41/><T109/><D43/><U84/><E32/><V122/><F122/><W89/><G89/><T54/><D109/><RYUUKYOKU ba="1,1" sc="349,-10,230,-10,85,30,326,-10" hai2="20,27,28,30,34,52,55,78,82,83,85,86,88" />
</Scene>
<Scene>
<INIT seed="6,2,1,3,4,39" ten="339,220,115,316" oya="2" hai0="60,73,12,92,134,100,98,42,57,84,29,26,66" hai1="44,37,71,36,40,65,5,4,15,0,50,46,119" hai2="23,16,21,128,54,62,93,8,2,101,126,96,103" hai3="81,88,80,102,59,58,127,104,56,133,33,67,41"/><V47/><F126/><W34/><G127/><T22/><D73/><U97/><E119/><V118/><F118/><W114/><G67/><T123/><D123/><U110/><E110/><V132/><F132/><W9/><G133/><T89/><D134/><U72/><E72/><V129/><F103/><W83/><G9/><T63/><D42/><U69/><E0/><V18/><F62/><W49/><G88/><T121/><D121/><U90/><E5/><V45/><F54/><W76/><G76/><T95/><D63/><U38/><E65/><V27/><F8/><W30/><G30/><T107/><D12/><U75/><E75/><V117/><F2/><W3/><G3/><T125/><D125/><U94/><REACH who="1" step="1"/><E46/><REACH who="1" ten="339,210,115,316" step="2"/><V17/><F117/><W74/><G74/><T113/><D113/><U116/><E116/><V91/><F101/><W10/><G102/><T53/><D66/><U79/><E79/><V20/><REACH who="2" step="1"/><F27/><REACH who="2" ten="339,210,105,316" step="2"/><W7/><G114/><T6/><D100/><U86/><E86/><V31/><F31/><W82/><G7/><T68/><D6/><U122/><E122/><V109/><F109/><W135/><G135/><T24/><D24/><U120/><E120/><V131/><AGARI ba="2,3" hai="16,17,18,20,21,23,45,47,91,93,96,128,129,131" machi="131" ten="40,18000,2" yaku="1,1,0,1,29,2,19,1,54,1,53,0" doraHai="39" doraHaiUra="52" who="2" fromWho="2" sc="339,-62,210,-62,105,216,316,-62" />
</Scene>
<Scene>
<INIT seed="6,3,0,3,4,4" ten="277,148,321,254" oya="2" hai0="87,106,40,7,82,47,81,89,108,67,97,80,3" hai1="127,51,115,28,68,78,57,102,33,116,132,128,50" hai2="34,39,41,18,42,88,85,76,92,56,110,26,43" hai3="14,103,0,53,12,60,120,100,113,29,9,8,64"/><V21/><F110/><W94/><G0/><T105/><D108/><U77/><E116/><V112/><F112/><W66/><G120/><T73/><D67/><N who="3" m="25641" /><G113/><T118/><D118/><U95/><E115/><V15/><F39/><W24/><G60/><T130/><D130/><U107/><E128/><V2/><F2/><W38/><G38/><N who="0" m="21911" /><D82/><U91/><E68/><V58/><F34/><W96/><G100/><T104/><D97/><U101/><E28/><N who="2" m="17487" /><F76/><W10/><G53/><T61/><D61/><U63/><E33/><V48/><F48/><W93/><G93/><T30/><D105/><U83/><E78/><V16/><F18/><W121/><G121/><T124/><D30/><U44/><E107/><V123/><F123/><W54/><G54/><T70/><D70/><U62/><E102/><V69/><F69/><W79/><G79/><N who="0" m="44143" /><D124/><U125/><E101/><V49/><F49/><W109/><G109/><T36/><D36/><U134/><E51/><V98/><F98/><W114/><G114/><T35/><D35/><U25/><E50/><V27/><F27/><W129/><G129/><T11/><AGARI ba="3,0" hai="3,7,11,81,87,89,104,106" m="44143,21911" machi="11" ten="30,2000,0" yaku="25,1,52,1" doraHai="4" who="0" fromWho="0" sc="277,29,148,-8,321,-13,254,-8" />
</Scene>
<Scene>
<INIT seed="7,0,0,4,2,54" ten="306,140,308,246" oya="3" hai0="11,1,48,14,31,85,62,94,129,60,26,111,124" hai1="10,97,29,55,123,99,41,36,112,52,42,23,57" hai2="8,22,37,88,126,78,18,120,53,28,25,33,117" hai3="67,21,118,81,77,44,73,96,72,9,63,106,47"/><W122/><G118/><T40/><D111/><U86/><E123/><V95/><F117/><W0/><G122/><T49/><D1/><U130/><E36/><V59/><F120/><W134/><G134/><T64/><D129/><U132/><E112/><V119/><F126/><W15/><G21/><N who="0" m="15823" /><D124/><U102/><E132/><V76/><F37/><W35/><G35/><T12/><D64/><U58/><E130/><V82/><F82/><W115/><G115/><T50/><D40/><N who="1" m="15467" /><E10/><V39/><F39/><W27/><G27/><T5/><D14/><U131/><E131/><V2/><F119/><W38/><G73/><T127/><D127/><U107/><E107/><V128/><F128/><W20/><G20/><T84/><D94/><N who="1" m="58679" /><E99/><N who="2" m="57831" /><F33/><W92/><G0/><T71/><D71/><U45/><E86/><AGARI ba="0,0" hai="5,11,12,48,49,50,60,62,84,85,86" m="15823" machi="86" ten="30,1000,0" yaku="8,1" doraHai="54" who="0" fromWho="1" sc="306,10,140,-10,308,0,246,0" owari="316,41.0,130,-37.0,308,11.0,246,-15.0" />
</Scene>
</mjloggm>