<mjloggm ver="2.3"><GO type="41"/><UN n0="%62%61%68%61%6D%75%74" n1="%41%4D%41%4E%45%45" n2="%E5%A4%AA%E3%81%8F%E3%81%AA%E3%81%84%E3%81%8A" n3="%E9%AD%94%E7%8E%8B%E3%81%93%E3%81%A3%E3%81%BA%E3%81%B1%E3%82%93" dan="14,14,14,14" rate="1826,1873,2025,1912" sx="M,F,M,M"/><TAIKYOKU oya="0"/>

<Scene>
<INIT seed="0,0,0,4,5,41" ten="250,250,250,250" oya="0" hai0="134,31,59,33,97,135,37,92,62,38,2,76,115" hai1="39,9,124,35,89,47,86,58,122,117,70,66,25" hai2="42,77,93,52,98,94,67,68,13,91,130,50,46" hai3="55,64,45,95,73,102,79,24,26,106,30,90,15"/><T0/><D115/><U16/><E122/><V5/><F130/><W4/><G102/><T48/><D76/><U105/><E117/><V82/><F68/><W40/><G106/><T11/><D48/><U54/><E105/><V133/><F133/><N who="0" m="50698" /><D31/><U56/><E124/><V88/><F67/><W118/><G64/><N who="0" m="39007" /><D33/><U71/><E35/><V119/><F119/><W8/><G55/><T85/><D85/><U3/><E3/><N who="0" m="1065" /><D11/><U57/><E39/><V127/><F127/><W7/><G30/><T87/><D87/><U121/><E121/><V32/><F32/><W21/><G7/><T75/><D75/><U101/><E71/><V111/><F42/><W27/><G118/><T108/><D108/><U49/><E70/><V28/><F28/><W83/><G21/><T14/><D14/><N who="1" m="7247" /><E66/><V36/><F36/><W80/><G80/><T99/><D99/><U20/><E101/><AGARI ba="0,0" hai="37,38,92,97,101" m="1065,39007,50698" machi="101" ten="30,1500,0" yaku="20,1" doraHai="41" who="0" fromWho="1" sc="250,15,250,-15,250,0,250,0" />
</Scene>
<Scene>
<INIT seed="0,1,0,0,5,54" ten="265,235,250,250" oya="0" hai0="65,58,53,39,85,76,22,49,50,127,133,46,116" hai1="62,111,6,55,84,122,45,132,23,87,77,101,2" hai2="115,94,105,130,0,15,121,82,17,98,117,96,108" hai3="41,52,10,43,57,81,100,103,30,93,73,35,28"/><T78/><D116/><U14/><E122/><V21/><F121/><W72/><G35/><T114/><D114/><U27/><E2/><V97/><F115/><W24/><G10/><T112/><D112/><U91/><E132/><V66/><F0/><W134/><G134/><T3/><D133/><U86/><E101/><V9/><F117/><W26/><G93/><T4/><D39/><U90/><E77/><V40/><F108/><W135/><G135/><T19/><D65/><U128/><E128/><V63/><F130/><W110/><G110/><T129/><D129/><U13/><E111/><V74/><F40/><W12/><G12/><N who="1" m="4714" /><E6/><V16/><F105/><W106/><G81/><T120/><D127/><U124/><E124/><V33/><F33/><W75/><G106/><T95/><D4/><U11/><E11/><V104/><F104/><W34/><G30/><T5/><D5/><U7/><E7/><V8/><F17/><W51/><REACH who="3" step="1"/><G26/><REACH who="3" ten="265,235,250,240" step="2"/><N who="0" m="14687" /><D3/><U68/><E68/><V107/><F107/><W69/><G69/><T119/><D119/><U118/><E118/><V1/><F1/><W32/><G32/><T48/><D120/><U31/><E45/><V59/><REACH who="2" step="1"/><F94/><REACH who="2" ten="265,235,240,240" step="2"/><W131/><G131/><T83/><D95/><U102/><E102/><AGARI ba="1,2" hai="24,28,34,41,43,51,52,57,72,73,75,100,102,103" machi="102" ten="40,5200,0" yaku="1,1,52,1,54,1,53,0" doraHai="54" doraHaiUra="80" who="3" fromWho="1" sc="265,0,235,-55,240,0,240,75" />
</Scene>
<Scene>
<INIT seed="1,0,0,2,2,115" ten="265,180,240,315" oya="1" hai0="5,132,99,94,0,25,105,98,78,130,96,127,107" hai1="61,100,113,9,129,30,91,1,4,22,63,50,39" hai2="31,38,11,7,134,69,46,17,15,75,111,68,114" hai3="6,95,51,128,126,110,82,28,32,118,3,108,23"/><U55/><E39/><V45/><F75/><W77/><G126/><T133/><D25/><U93/><E113/><V48/><F114/><W18/><G128/><T79/><D5/><U54/><E100/><V109/><F134/><N who="0" m="51818" /><D0/><U14/><E129/><V62/><F31/><W65/><G65/><T112/><D130/><U131/><E131/><V49/><F38/><W10/><G95/><T24/><D24/><U88/><E1/><V121/><F121/><W72/><G51/><N who="2" m="19529" /><F17/><W58/><G58/><T66/><D66/><U120/><E120/><V35/><F35/><W56/><G56/><T33/><D112/><U57/><E30/><V116/><F62/><W86/><G28/><T87/><D33/><U43/><E43/><V122/><F122/><W81/><G32/><T119/><D127/><U8/><E4/><V41/><F41/><W90/><REACH who="3" step="1"/><G118/><REACH who="3" ten="265,180,240,305" step="2"/><T59/><D119/><U40/><E40/><V74/><F116/><W27/><AGARI ba="0,1" hai="3,6,10,18,23,27,72,77,81,82,86,90,108,110" machi="27" ten="30,4000,0" yaku="1,1,2,1,0,1,53,0" doraHai="115" doraHaiUra="44" who="3" fromWho="3" sc="265,-10,180,-20,240,-10,305,50" />
</Scene>
<Scene>
<INIT seed="2,0,0,2,5,20" ten="255,160,230,355" oya="2" hai0="34,126,19,76,116,103,87,45,60,12,56,65,14" hai1="67,84,86,66,31,71,58,81,78,98,24,27,33" hai2="32,54,108,105,49,5,106,40,11,8,124,43,83" hai3="80,23,69,10,2,29,99,75,104,59,50,36,4"/><V89/><F32/><W39/><G69/><T127/><D34/><U30/><E71/><V95/><F124/><N who="0" m="47658" /><D116/><U114/><E114/><V131/><F131/><W133/><G133/><T92/><D45/><U22/><E98/><N who="2" m="57711" /><F106/><W3/><G3/><T119/><D119/><U42/><E42/><N who="2" m="15915" /><F105/><W111/><G111/><T64/><D103/><U88/><E58/><N who="2" m="33103" /><F108/><W130/><G130/><T15/><D64/><U135/><E135/><V9/><F83/><AGARI ba="0,0" hai="22,24,27,30,31,33,66,67,78,81,83,84,86,88" machi="83" ten="30,7700,0" yaku="7,1,52,2,54,1" doraHai="20" who="1" fromWho="2" sc="255,0,160,77,230,-77,355,0" />
</Scene>
<Scene>
<INIT seed="3,0,0,5,5,117" ten="255,237,153,355" oya="3" hai0="111,127,12,134,48,57,93,83,102,37,73,65,135" hai1="66,126,123,125,124,21,100,128,114,43,121,41,54" hai2="5,72,3,94,23,108,96,98,13,18,88,64,61" hai3="8,32,29,4,91,31,84,46,99,55,109,30,74"/><W17/><G74/><T56/><D37/><U132/><E100/><V53/><F108/><W130/><G109/><T39/><D111/><U34/><E34/><V70/><F72/><W35/><G130/><T106/><D39/><U107/><E107/><V28/><F28/><W122/><G122/><N who="1" m="46602" /><E21/><V1/><F5/><W26/><G99/><N who="0" m="59759" /><D106/><U33/><E33/><V77/><F77/><W51/><G17/><T68/><D127/><U120/><E114/><V24/><F13/><W59/><G46/><T75/><D12/><U6/><E6/><V69/><F69/><W112/><G112/><T113/><D113/><U80/><E128/><V101/><REACH who="2" step="1"/><F53/><REACH who="2" ten="255,237,143,355" step="2"/><W63/><G35/><T45/><D68/><U103/><E120/><V78/><F78/><W110/><G110/><T90/><D75/><U52/><E66/><V19/><F19/><W115/><G115/><T11/><D65/><U81/><E132/><N who="0" m="50729" /><D11/><U14/><E14/><V97/><F97/><W16/><G8/><T116/><D116/><U104/><E104/><AGARI ba="0,1" hai="1,3,18,23,24,61,64,70,88,94,96,98,101,104" machi="104" ten="30,7700,0" yaku="1,1,7,1,54,1,53,1" doraHai="117" doraHaiUra="20" who="2" fromWho="1" sc="255,0,237,-77,143,87,355,0" />
</Scene>
<Scene>
<INIT seed="4,0,0,0,0,126" ten="255,160,230,355" oya="0" hai0="23,55,135,110,10,29,32,73,24,75,14,78,99" hai1="46,39,117,122,74,2,108,13,128,92,124,52,30" hai2="133,37,4,97,7,33,113,89,61,76,44,80,47" hai3="84,36,111,125,98,56,112,93,0,115,119,22,129"/><T1/><D1/><U72/><E122/><V95/><F33/><W48/><G119/><T91/><D135/><U42/><E117/><V18/><F113/><N who="3" m="43595" /><G125/><T49/><D110/><U90/><E108/><V19/><F133/><W102/><G111/><T104/><D32/><U96/><E124/><V25/><F61/><W64/><G36/><T106/><D78/><U68/><E68/><V57/><F57/><W35/><G35/><T107/><D91/><U45/><E2/><V123/><F123/><W41/><G0/><T100/><D75/><U20/><E13/><V66/><F66/><W85/><G22/><T131/><D73/><U28/><E28/><V132/><F132/><W5/><G5/><N who="2" m="2121" /><F37/><W31/><G31/><T127/><D127/><U54/><E74/><V59/><F59/><W130/><G64/><T82/><D82/><U43/><E72/><V120/><F120/><W21/><G21/><T9/><D131/><N who="3" m="50185" /><G56/><T103/><D10/><U34/><E34/><V77/><F18/><W6/><G6/><T86/><D14/><U87/><E128/><V121/><F121/><W88/><G102/><T15/><D100/><U16/><E30/><V118/><F118/><W81/><G81/><T12/><D9/><U51/><E20/><V60/><F80/><W17/><G17/><T114/><D114/><U53/><E16/><V105/><F19/><W50/><G41/><T11/><D11/><U62/><E62/><V3/><F60/><W94/><G94/><N who="0" m="58871" /><D15/><U83/><E43/><V70/><F3/><W71/><G71/><T109/><D12/><U67/><E67/><RYUUKYOKU ba="0,0" sc="255,-15,160,15,230,-15,355,15" hai1="39,42,45,46,51,52,53,54,83,87,90,92,96" hai3="48,50,84,85,88,93,98" />
</Scene>
<Scene>
<INIT seed="5,1,0,1,2,63" ten="240,175,215,370" oya="1" hai0="18,122,73,35,28,26,9,58,40,97,70,22,108" hai1="49,8,95,74,38,91,30,59,119,121,101,77,84" hai2="71,78,3,103,20,99,50,6,80,79,23,105,110" hai3="89,60,52,76,81,90,1,25,112,67,57,47,83"/><U16/><E121/><V123/><F123/><W125/><G1/><T128/><D122/><U127/><E38/><V102/><F110/><W96/><G125/><T117/><D108/><U113/><E119/><V88/><F103/><W48/><G112/><T92/><D73/><U107/><E113/><V129/><F129/><W64/><G64/><T43/><D70/><U11/><E127/><V55/><F71/><W135/><G135/><T106/><D106/><U41/><E30/><V93/><F6/><W46/><G46/><T21/><D117/><U72/><E72/><N who="2" m="43079" /><F79/><W19/><G96/><T87/><D87/><U0/><E0/><V29/><F29/><W4/><G4/><T34/><D9/><U5/><E5/><V7/><F7/><W126/><G126/><T36/><D128/><U37/><E37/><V2/><F23/><N who="3" m="13567" /><G76/><T32/><D36/><U109/><E109/><V51/><F20/><W86/><G90/><T62/><D43/><U66/><E41/><V82/><F82/><AGARI ba="1,0" hai="47,48,52,57,60,67,81,82,83,86,89" m="13567" machi="82" ten="30,3900,0" yaku="8,1,52,1,54,1" doraHai="63" who="3" fromWho="2" sc="240,0,175,0,215,-42,370,42" />
</Scene>
<Scene>
<INIT seed="6,0,0,1,5,120" ten="240,175,173,412" oya="2" hai0="28,86,123,25,39,47,7,3,55,132,8,124,125" hai1="38,13,102,85,11,95,62,113,80,20,68,70,64" hai2="73,34,48,135,16,19,130,128,26,112,15,90,74" hai3="45,110,76,126,114,31,97,101,78,118,12,63,29"/><V18/><F112/><W99/><G118/><T5/><D123/><U72/><E113/><V54/><F135/><W49/><G126/><N who="0" m="48747" /><D132/><U109/><E72/><V69/><F69/><W10/><G114/><T83/><D7/><U21/><E38/><V36/><F36/><W103/><G63/><T27/><D28/><U108/><E70/><V122/><F122/><W71/><G71/><T43/><D55/><U42/><E21/><N who="2" m="13607" /><F34/><W44/><G12/><T111/><D111/><U104/><E20/><N who="2" m="11359" /><F19/><W41/><G10/><T121/><D121/><U75/><E104/><V52/><F90/><AGARI ba="0,0" hai="3,5,8,25,27,39,43,47,83,86,90" m="48747" machi="90" ten="30,1000,0" yaku="18,1" doraHai="120" who="0" fromWho="2" sc="240,10,175,0,173,-10,412,0" />
</Scene>
<Scene>
<INIT seed="7,0,0,1,1,101" ten="250,175,163,412" oya="3" hai0="31,50,9,45,133,91,17,76,104,59,110,123,18" hai1="83,132,87,135,74,36,0,113,15,25,99,38,1" hai2="44,94,22,128,125,118,93,60,85,58,109,56,116" hai3="54,35,37,88,95,32,34,111,49,112,11,61,80"/><W106/><G106/><T108/><D123/><U77/><E15/><V30/><F109/><W89/><G112/><T105/><D76/><U47/><E87/><V12/><F118/><W84/><G37/><T26/><D133/><N who="1" m="51275" /><E113/><V14/><F116/><W119/><G119/><T27/><D59/><U90/><E90/><N who="2" m="53455" /><F128/><W134/><G111/><T24/><D91/><U131/><E99/><V3/><F3/><N who="1" m="1097" /><E25/><N who="2" m="16695" /><F125/><W122/><G134/><T115/><D115/><U121/><E131/><V102/><F44/><W13/><G122/><T66/><D66/><U23/><E121/><V63/><F56/><W67/><G67/><T126/><D31/><U100/><E47/><V96/><F60/><W70/><G61/><T42/><D126/><U68/><E68/><V21/><F21/><W20/><G70/><T4/><D110/><U7/><E23/><V117/><F117/><W52/><G20/><T97/><D97/><U46/><E46/><V127/><F127/><W43/><G49/><T2/><REACH who="0" step="1"/><D108/><REACH who="0" ten="240,175,163,412" step="2"/><U64/><E100/><V53/><AGARI ba="0,1" hai="12,14,53,58,63,94,96,102" m="16695,53455" machi="53" ten="30,1100,0" yaku="8,1" doraHai="101" who="2" fromWho="2" sc="240,-3,175,-3,163,21,412,-5" owari="237,4.0,172,-33.0,184,-22.0,407,51.0" />
</Scene>
</mjloggm>