<mjloggm ver="2.3"><GO type="97"/><UN n0="%E5%A4%AA%E3%81%8F%E3%81%AA%E3%81%84%E3%81%8A" n1="%E5%A4%A9%E9%87%8E%E9%82%AA%E5%AD%90" n2="%E9%8A%80%E7%8B%BC" n3="%E7%A5%9E%E3%83%85%E3%83%A2" dan="14,14,13,15" rate="2033,1955,1878,1967" sx="M,F,M,M"/><TAIKYOKU oya="0"/>

<Scene>
<INIT seed="0,0,0,2,2,128" ten="250,250,250,250" oya="0" hai0="98,17,30,0,25,56,5,13,76,74,62,10,19" hai1="41,46,118,113,52,79,72,109,114,111,29,119,85" hai2="38,51,49,107,87,70,21,132,15,36,71,125,33" hai3="34,100,55,54,4,24,106,81,43,28,115,131,39"/><T73/><D98/><U59/><E72/><V26/><F107/><W130/><G131/><T124/><D124/><U123/><E29/><V11/><F125/><W120/><G115/><N who="1" m="44042" /><E85/><V57/><F132/><W92/><G130/><T135/><D135/><U20/><E20/><V18/><F33/><W64/><G120/><T8/><D76/><U9/><E9/><V102/><F102/><W3/><G92/><T112/><D19/><U94/><E94/><V121/><F121/><W22/><G64/><T32/><REACH who="0" step="1"/><D112/><REACH who="0" ten="240,250,250,250" step="2"/><U47/><E79/><V6/><F36/><W16/><G100/><T133/><D133/><U40/><E123/><V50/><F38/><W60/><G106/><T129/><D129/><U75/><E75/><V1/><F87/><W37/><G60/><T68/><D68/><U2/><E2/><V101/><F101/><W63/><G63/><T116/><D116/><N who="1" m="44587" /><E111/><V78/><F78/><W58/><G39/><T105/><D105/><U96/><E96/><V23/><REACH who="2" step="1"/><F57/><REACH who="2" ten="240,250,240,250" step="2"/><W27/><G58/><T69/><D69/><U44/><E109/><V103/><F103/><W7/><G37/><T99/><D99/><U84/><E84/><V82/><F82/><W48/><G81/><T86/><D86/><U104/><E104/><V97/><F97/><W127/><G127/><T126/><D126/><U67/><E67/><AGARI ba="0,2" hai="0,5,8,10,13,17,25,30,32,56,62,67,73,74" machi="67" ten="30,2900,0" yaku="1,1,7,1,53,0" doraHai="128" doraHaiUra="122" who="0" fromWho="1" sc="240,49,250,-29,240,0,250,0" />
</Scene>
<Scene>
<INIT seed="0,1,0,5,0,74" ten="289,221,240,250" oya="0" hai0="70,28,41,58,1,62,63,125,128,73,16,106,75" hai1="90,15,93,85,61,0,56,17,111,129,37,100,84" hai2="135,122,79,119,25,55,114,118,81,108,9,92,46" hai3="50,48,38,7,77,2,18,103,123,78,94,95,87"/><T110/><D106/><U8/><E37/><V14/><F114/><W32/><G38/><T121/><D121/><U99/><E111/><V88/><F122/><W120/><G32/><T86/><D1/><U80/><E0/><V82/><F25/><W116/><G18/><T109/><D28/><U105/><E129/><V33/><F33/><W19/><G19/><T54/><D128/><U134/><E134/><V30/><F30/><W4/><G87/><T126/><D41/><U83/><REACH who="1" step="1"/><E84/><REACH who="1" ten="289,211,240,250" step="2"/><N who="2" m="48191" /><F135/><W89/><G2/><T113/><D86/><U133/><E133/><V76/><F108/><N who="0" m="41578" /><D113/><U35/><E35/><V97/><F119/><W104/><G116/><T107/><D75/><U65/><AGARI ba="1,1" hai="8,15,17,56,61,65,80,83,85,90,93,99,100,105" machi="65" ten="20,2700,0" yaku="1,1,0,1,7,1,53,0" doraHai="74" doraHaiUra="39" who="1" fromWho="1" sc="289,-14,211,40,240,-8,250,-8" />
</Scene>
<Scene>
<INIT seed="1,0,0,0,0,73" ten="275,251,232,242" oya="1" hai0="21,22,43,69,53,27,94,84,31,81,18,40,132" hai1="86,32,8,135,76,42,130,75,37,65,133,35,80" hai2="128,102,83,100,3,5,55,54,34,78,52,60,77" hai3="49,10,47,45,36,51,90,108,97,134,87,120,131"/><U48/><E37/><V101/><F34/><W79/><G120/><T115/><D115/><U107/><E107/><V13/><F3/><W30/><G36/><T105/><D105/><U98/><E130/><V28/><F128/><W129/><G129/><T124/><D69/><U56/><E98/><V71/><F71/><W118/><G118/><T62/><D124/><U72/><E8/><N who="2" m="4239" /><F28/><W59/><G131/><T113/><D113/><U104/><E104/><V96/><F96/><W25/><G10/><T11/><D11/><U19/><E19/><V1/><F1/><W125/><G59/><N who="0" m="35183" /><D94/><U23/><E23/><V9/><F9/><W15/><G15/><N who="0" m="9439" /><D132/><N who="1" m="50763" /><E65/><V116/><F116/><W63/><G134/><T7/><D7/><U6/><E6/><V61/><F83/><W70/><G125/><T117/><D117/><U38/><E38/><V93/><F93/><W123/><G97/><T20/><D20/><U2/><E2/><V16/><F16/><W91/><G123/><T92/><D92/><U127/><E127/><V44/><F44/><W74/><G47/><T57/><D57/><U29/><E29/><V103/><F103/><W111/><G45/><T12/><D12/><U14/><E14/><V122/><F122/><W109/><G30/><T99/><D99/><U119/><E119/><V24/><F24/><W46/><G25/><T82/><D82/><N who="1" m="45343" /><E72/><V88/><F88/><AGARI ba="0,0" hai="22,27,31,40,43,81,84,88" m="9439,35183" machi="88" ten="30,2000,0" yaku="8,1,54,1" doraHai="73" who="0" fromWho="2" sc="275,20,251,0,232,-20,242,0" />
</Scene>
<Scene>
<INIT seed="2,0,0,4,4,21" ten="295,251,212,242" oya="2" hai0="128,7,71,26,88,1,102,76,90,20,49,18,11" hai1="31,82,96,50,55,78,15,98,86,66,32,103,115" hai2="12,25,131,59,19,109,116,79,94,134,110,97,39" hai3="87,28,100,83,112,8,85,0,106,104,43,37,129"/><V105/><F105/><W92/><G112/><T111/><D71/><U40/><E115/><V58/><F39/><W36/><G28/><T4/><D111/><N who="2" m="42506" /><F116/><W67/><G67/><T84/><D128/><U99/><E66/><V54/><F131/><W75/><G129/><T45/><D102/><U29/><E15/><V23/><F134/><W9/><G92/><T44/><D7/><U121/><E40/><V35/><F79/><W74/><G83/><T24/><D24/><U80/><E31/><N who="2" m="19951" /><F54/><W61/><G61/><T108/><D108/><U57/><E121/><V60/><F60/><W5/><G5/><T22/><D22/><U48/><E29/><V81/><F81/><W130/><G130/><T47/><D76/><U101/><E32/><V41/><F41/><W52/><G43/><T135/><D135/><U65/><E65/><V107/><F107/><W2/><G100/><AGARI ba="0,0" hai="12,19,23,58,59,94,97,100" m="19951,42506" machi="100" ten="30,5800,0" yaku="14,1,10,1,52,1" doraHai="21" who="2" fromWho="3" sc="295,0,251,0,212,58,242,-58" />
</Scene>
<Scene>
<INIT seed="2,1,0,2,3,65" ten="295,251,270,184" oya="2" hai0="130,15,118,96,85,58,126,100,38,35,110,76,44" hai1="121,69,108,62,131,103,114,30,59,47,17,67,48" hai2="84,116,98,112,2,13,99,72,43,87,49,70,109" hai3="56,41,23,55,122,102,91,120,123,52,31,45,127"/><V8/><F2/><W106/><G106/><T88/><D35/><U5/><E30/><V10/><F70/><W28/><G102/><T7/><D110/><U134/><E5/><V117/><F112/><W51/><G127/><T113/><D113/><U42/><E114/><V4/><F72/><W3/><G3/><T16/><D7/><U25/><E108/><V0/><F109/><W125/><G125/><T19/><D126/><U86/><E103/><V21/><F117/><W90/><G55/><T119/><D76/><U37/><E131/><V60/><F116/><N who="0" m="44586" /><D130/><U18/><E134/><V71/><F71/><W78/><G78/><T66/><D66/><U75/><E75/><V95/><F60/><W61/><REACH who="3" step="1"/><G28/><REACH who="3" ten="295,251,270,174" step="2"/><T46/><D100/><U107/><E107/><V63/><F0/><W40/><G40/><T111/><D111/><U92/><E121/><V20/><F43/><W89/><G89/><T9/><D88/><U93/><E42/><V11/><F99/><W29/><G29/><T12/><D96/><U105/><E105/><V79/><F79/><W26/><AGARI ba="1,1" hai="23,26,31,41,45,51,52,56,61,90,91,120,122,123" machi="26" ten="40,8000,1" yaku="1,1,0,1,54,1,53,1" doraHai="65" doraHaiUra="54" who="3" fromWho="3" sc="295,-21,251,-21,270,-41,174,93" />
</Scene>
<Scene>
<INIT seed="3,0,0,0,0,117" ten="274,230,229,267" oya="3" hai0="89,16,43,131,94,113,3,127,118,96,36,82,102" hai1="41,119,30,78,110,9,129,86,50,84,60,26,106" hai2="83,87,88,12,70,63,29,121,6,93,53,40,116" hai3="71,20,8,122,55,48,33,104,101,54,120,45,11"/><W97/><G33/><T15/><D118/><U128/><E119/><V100/><F116/><W38/><G71/><T61/><D3/><U14/><E106/><V91/><F40/><W51/><G38/><T132/><D132/><U5/><E110/><V57/><F70/><W58/><REACH who="3" step="1"/><G20/><REACH who="3" ten="274,230,229,257" step="2"/><T74/><D36/><U23/><E129/><V130/><F130/><W92/><G92/><T103/><D94/><U114/><E128/><V1/><F1/><W2/><G2/><T125/><D131/><U85/><E114/><V17/><F6/><W52/><G52/><T10/><D113/><U19/><E60/><V28/><F121/><AGARI ba="0,1" hai="8,11,45,48,51,54,55,58,97,101,104,120,121,122" machi="121" ten="40,12000,1" yaku="1,1,52,3,53,0" doraHai="117" doraHaiUra="59" who="3" fromWho="2" sc="274,0,230,0,229,-120,257,130" owari="274,7.0,230,-17.0,109,-39.0,387,49.0" />
</Scene>
</mjloggm>