<mjloggm ver="2.3"><GO type="97"/><UN n0="%E5%86%86%E6%A5%BD%EF%BC%A0%E6%A5%BD%E5%A4%A9" n1="%E8%BF%BD%E3%81%A3%E3%81%8B%E3%81%91%E3%83%AA%E3%83%BC%E3%83%81" n2="%4E%45%58%54" n3="%E5%A4%AA%E3%81%8F%E3%81%AA%E3%81%84%E3%81%8A" dan="14,15,16,14" rate="1908,2001,2091,2043" sx="M,M,M,M"/><TAIKYOKU oya="0"/>

<Scene>
<INIT seed="0,0,0,0,0,4" ten="250,250,250,250" oya="0" hai0="2,86,46,87,104,45,83,128,52,58,74,123,134" hai1="81,118,0,101,60,111,11,36,115,16,114,80,6" hai2="28,54,98,27,13,105,59,49,100,93,122,75,56" hai3="18,1,22,55,47,51,70,117,125,94,129,30,5"/><T69/><D104/><U85/><E111/><V62/><F122/><W34/><G117/><T110/><D69/><U40/><E118/><V95/><F75/><W31/><G70/><T20/><D123/><U7/><E101/><V12/><F105/><W15/><G125/><T44/><D2/><U116/><E116/><V102/><F95/><W119/><G119/><T43/><D134/><U65/><E40/><V10/><F102/><W126/><G126/><T17/><D128/><U26/><E36/><V71/><F71/><W48/><G129/><T124/><D124/><U66/><E65/><V121/><F121/><W41/><G34/><T103/><D103/><U42/><E42/><V39/><F39/><W91/><G5/><T88/><D110/><U78/><E81/><V32/><REACH who="2" step="1"/><F10/><REACH who="2" ten="250,250,240,250" step="2"/><W107/><G107/><T89/><D74/><U61/><E11/><V24/><F24/><W14/><G1/><T109/><D109/><U112/><E26/><V29/><F29/><W8/><G15/><T133/><D133/><U76/><E0/><V68/><F68/><W33/><G33/><T73/><D73/><U97/><E115/><V79/><F79/><W21/><G21/><T82/><D43/><U106/><E76/><V57/><F57/><N who="3" m="32999" /><G22/><T99/><D99/><AGARI ba="0,1" hai="8,14,18,30,31,41,47,51,91,94,99" m="32999" machi="99" ten="30,2000,0" yaku="8,1,52,1" doraHai="4" who="3" fromWho="0" sc="250,-20,250,0,240,0,250,30" />
</Scene>
<Scene>
<INIT seed="1,0,0,3,2,114" ten="230,250,240,280" oya="1" hai0="55,67,11,112,79,48,84,92,118,43,54,40,73" hai1="71,30,133,131,101,110,22,32,108,53,42,2,17" hai2="80,123,113,36,44,16,107,51,50,64,68,18,12" hai3="5,14,78,35,38,56,63,69,58,59,100,135,41"/><U88/><E101/><V46/><F123/><W66/><G35/><T6/><D112/><U94/><E2/><V75/><F113/><W93/><G135/><T0/><D73/><U86/><E133/><V33/><F33/><W19/><G78/><T1/><D67/><U13/><E131/><V96/><F68/><W127/><G127/><T132/><D132/><U57/><E71/><V31/><F31/><W104/><G104/><T95/><D79/><U7/><E7/><V29/><F29/><W34/><G34/><T98/><D84/><U126/><E126/><V37/><F64/><W111/><G5/><T103/><D48/><N who="1" m="30887" /><E42/><V52/><F80/><W134/><G134/><T115/><D6/><U106/><E106/><V77/><F77/><W49/><G38/><T85/><D85/><U109/><E30/><V99/><F75/><W82/><G41/><T10/><D115/><U76/><E76/><V65/><F65/><W25/><G49/><T90/><D90/><U89/><E89/><V4/><F4/><W91/><G100/><T125/><D125/><U8/><E32/><V117/><F107/><W81/><G69/><T45/><D103/><U60/><E60/><V122/><F122/><W128/><G91/><T124/><D124/><U62/><E62/><V23/><F37/><W105/><G105/><T129/><D129/><U72/><E72/><V28/><F36/><W87/><G63/><T26/><D98/><U21/><AGARI ba="0,0" hai="8,13,17,21,22,86,88,94,108,109,110" m="30887" machi="21" ten="40,7800,0" yaku="14,1,10,1,54,1" doraHai="114" who="1" fromWho="1" sc="230,-26,250,78,240,-26,280,-26" />
</Scene>
<Scene>
<INIT seed="1,1,0,0,0,134" ten="204,328,214,254" oya="1" hai0="78,43,126,100,41,2,69,115,17,15,107,42,119" hai1="120,34,130,52,28,113,1,82,95,56,84,96,117" hai2="89,45,59,50,12,125,98,104,108,49,128,103,86" hai3="36,30,112,133,80,31,0,21,85,97,110,116,114"/><U77/><E120/><V88/><F108/><W66/><G36/><T33/><D69/><U127/><E117/><V73/><F73/><W62/><G0/><T118/><D2/><U46/><E113/><V60/><F128/><W18/><G110/><T65/><D115/><U122/><E122/><V132/><F132/><W32/><G133/><T105/><D33/><U64/><E1/><V47/><F12/><W44/><G116/><T74/><D65/><U55/><E130/><V109/><F109/><W53/><G32/><T81/><D118/><U72/><E34/><V40/><F125/><W124/><G124/><T94/><D119/><U7/><E127/><V106/><F106/><W123/><G97/><T9/><D126/><U38/><E28/><V48/><F47/><W37/><G37/><T4/><REACH who="0" step="1"/><D4/><REACH who="0" ten="194,328,214,254" step="2"/><U63/><E7/><V57/><F57/><N who="3" m="37199" /><G114/><T3/><D3/><U25/><E64/><V20/><F20/><W22/><G22/><T135/><D135/><U39/><E56/><V14/><F14/><W68/><G68/><T24/><D24/><U11/><E25/><V71/><F71/><W101/><G112/><T90/><D90/><U29/><E11/><V92/><REACH who="2" step="1"/><F89/><REACH who="2" ten="194,328,204,254" step="2"/><W76/><G123/><T67/><D67/><AGARI ba="1,2" hai="40,45,48,49,50,59,60,67,86,88,92,98,103,104" machi="67" ten="30,7700,0" yaku="1,1,2,1,7,1,54,1,53,0" doraHai="134" doraHaiUra="35" who="2" fromWho="0" sc="194,-80,328,0,204,100,254,0" />
</Scene>
<Scene>
<INIT seed="2,0,0,3,3,6" ten="114,328,304,254" oya="2" hai0="57,31,52,66,101,30,120,102,103,43,59,35,104" hai1="119,126,61,28,113,37,133,16,27,123,107,2,108" hai2="128,77,127,0,9,51,18,68,82,72,115,21,56" hai3="5,53,93,47,60,65,84,20,8,124,32,118,55"/><V33/><F115/><W131/><G32/><T121/><D35/><U91/><RYUUKYOKU type="yao9" ba="0,0" sc="114,0,328,0,304,0,254,0" hai1="2,16,27,28,37,61,91,107,108,113,119,123,126,133" />
</Scene>
<Scene>
<INIT seed="2,1,0,1,3,68" ten="114,328,304,254" oya="2" hai0="77,113,61,90,99,70,65,91,132,43,89,9,66" hai1="3,49,55,25,129,19,18,96,44,58,59,131,16" hai2="13,98,12,127,15,47,83,97,22,11,92,79,30" hai3="40,126,42,39,128,67,46,81,63,23,35,106,73"/><V8/><F127/><W57/><G126/><T51/><D77/><U86/><E3/><V5/><F47/><W124/><G124/><T21/><D70/><U1/><E1/><V6/><F15/><W4/><G128/><N who="1" m="49226" /><E96/><V7/><F7/><W116/><G116/><T107/><D9/><U123/><E123/><V114/><F114/><W115/><G115/><T10/><D113/><U53/><E86/><V48/><F48/><W117/><G117/><T135/><D10/><U108/><E108/><V134/><F134/><W24/><G106/><T75/><D75/><U110/><E110/><V64/><F64/><W102/><G102/><T74/><D74/><U93/><E93/><V133/><F133/><N who="0" m="51274" /><D21/><N who="1" m="13479" /><E44/><V94/><F98/><W109/><G109/><T100/><D61/><AGARI ba="1,0" hai="18,19,49,53,55,58,59,61" m="13479,49226" machi="61" ten="30,2000,0" yaku="19,1,54,1" doraHai="68" who="1" fromWho="0" sc="114,-23,328,23,304,0,254,0" />
</Scene>
<Scene>
<INIT seed="3,0,0,3,0,52" ten="91,351,304,254" oya="3" hai0="51,108,35,23,69,49,44,80,91,1,97,64,88" hai1="75,41,40,43,100,46,77,30,93,71,6,89,36" hai2="47,67,25,38,127,126,95,65,14,119,28,86,101" hai3="56,115,54,33,106,134,98,63,135,123,15,130,81"/><W26/><G123/><T104/><D35/><U132/><E71/><V32/><F119/><W27/><G115/><T2/><D108/><U94/><E132/><N who="3" m="50730" /><G130/><T34/><D34/><U4/><E30/><V13/><F14/><W110/><G33/><T121/><D121/><U107/><E107/><V99/><F86/><W29/><G29/><T133/><D133/><U61/><E36/><V82/><F82/><W5/><G110/><T3/><D104/><U129/><E129/><V105/><F13/><W21/><G81/><T8/><D8/><U109/><E109/><V45/><F105/><W102/><G5/><T78/><D97/><N who="1" m="59447" /><E75/><V73/><F73/><W117/><G117/><T0/><N who="0" m="512" /><DORA hai="72" /><T50/><D44/><N who="2" m="16970" /><F38/><W120/><G120/><T62/><REACH who="0" step="1"/><D23/><REACH who="0" ten="81,351,304,254" step="2"/><U116/><E116/><V83/><F32/><W118/><G118/><T87/><AGARI ba="0,1" hai="49,50,51,62,64,69,78,80,87,88,91" m="512" machi="87" ten="60,12000,2" yaku="1,1,2,1,0,1,52,1,54,1,53,2" doraHai="52,72" doraHaiUra="70,84" who="0" fromWho="0" sc="81,130,351,-30,304,-30,254,-60" owari="211,-19.0,321,43.0,274,7.0,194,-31.0" />
</Scene>
</mjloggm>