<mjloggm ver="2.3"><GO type="97"/><UN n0="%E5%A4%AA%E3%81%8F%E3%81%AA%E3%81%84%E3%81%8A" n1="%E3%82%A2%E3%83%AC%E3%83%9D%E3%82%B9" n2="%4C%55%43%4B%59%3F" n3="%E5%85%AB%E6%9C%88%E5%A5%B3%E5%85%8E" dan="14,13,14,13" rate="1996,2025,1936,1831" sx="M,F,M,F"/><TAIKYOKU oya="0"/>

<Scene>
<INIT seed="0,0,0,3,2,94" ten="250,250,250,250" oya="0" hai0="88,72,83,68,134,115,26,51,57,6,90,42,53" hai1="4,18,12,82,89,14,113,102,29,28,33,127,69" hai2="17,40,133,9,122,20,35,19,108,8,62,75,0" hai3="77,43,103,121,80,78,63,99,98,73,1,60,3"/><T91/><D115/><U112/><E69/><V65/><F75/><W107/><G121/><T87/><D68/><U41/><E41/><V116/><F122/><W47/><G77/><T105/><D105/><U118/><E102/><V46/><F116/><W92/><G63/><T114/><D114/><N who="1" m="44139" /><E89/><V24/><F35/><W11/><G60/><T84/><D134/><U85/><E85/><V59/><F108/><W130/><G130/><T109/><D109/><U45/><E45/><V37/><F133/><W106/><G11/><T61/><D6/><U97/><E82/><V71/><F0/><W79/><G79/><N who="0" m="46207" /><D72/><U39/><E39/><V25/><F71/><W23/><G23/><AGARI ba="0,0" hai="8,9,17,19,20,23,24,25,37,40,46,59,62,65" machi="23" ten="40,1300,0" yaku="9,1" doraHai="94" who="2" fromWho="3" sc="250,0,250,0,250,13,250,-13" />
</Scene>
<Scene>
<INIT seed="1,0,0,2,4,54" ten="250,250,263,237" oya="1" hai0="48,44,60,135,115,63,62,5,61,77,8,126,31" hai1="9,0,73,124,50,28,121,91,42,101,45,49,37" hai2="51,93,92,110,118,86,81,58,2,112,72,132,26" hai3="59,16,131,52,95,11,87,94,67,1,130,43,15"/><U46/><E121/><V4/><F118/><W6/><G67/><T75/><D115/><U106/><E124/><V35/><F72/><W56/><G43/><T3/><D126/><U82/><E28/><V100/><F112/><W27/><G27/><T64/><D135/><U55/><E91/><V88/><F132/><W18/><G18/><T120/><D120/><U83/><E83/><V71/><F71/><W10/><G59/><T30/><D77/><N who="1" m="44335" /><E50/><V65/><F110/><W19/><G19/><T108/><D75/><U133/><E133/><V32/><F26/><W125/><G125/><T70/><REACH who="0" step="1"/><D108/><REACH who="0" ten="240,250,263,237" step="2"/><U99/><E106/><V122/><F122/><W84/><G84/><T41/><AGARI ba="0,1" hai="3,5,8,30,31,41,44,48,60,61,62,63,64,70" machi="41" ten="30,4000,0" yaku="1,1,2,1,0,1,53,0" doraHai="54" doraHaiUra="23" who="0" fromWho="0" sc="240,50,250,-20,263,-10,237,-10" />
</Scene>
<Scene>
<INIT seed="2,0,0,3,5,77" ten="290,230,253,227" oya="2" hai0="81,115,123,125,65,51,78,29,33,93,22,90,53" hai1="15,80,57,108,132,110,102,103,28,130,20,114,18" hai2="42,67,109,5,96,43,75,36,58,10,127,2,82" hai3="54,8,104,27,118,35,71,55,16,44,72,9,88"/><V25/><F43/><W41/><G71/><T107/><D115/><U30/><E114/><V111/><F127/><W14/><G104/><T97/><D123/><U68/><E68/><V135/><F135/><W69/><G69/><T62/><D125/><U99/><E132/><V119/><F119/><W59/><G118/><T66/><D33/><U126/><E57/><V63/><F96/><W106/><G106/><T3/><D3/><U56/><E130/><V76/><F25/><W52/><G72/><T70/><D107/><N who="1" m="63967" /><E56/><V34/><F34/><W112/><G112/><T116/><D116/><U95/><E126/><V98/><F98/><W120/><G120/><T1/><D1/><U92/><E103/><V105/><F105/><W133/><G133/><T11/><D11/><U91/><E95/><V19/><F19/><W4/><G88/><T73/><D66/><U134/><E134/><V24/><F24/><W0/><G27/><T45/><REACH who="0" step="1"/><D22/><REACH who="0" ten="280,230,253,227" step="2"/><U39/><E20/><V38/><REACH who="2" step="1"/><F42/><REACH who="2" ten="280,230,243,227" step="2"/><W86/><G35/><T129/><D129/><U79/><E110/><AGARI ba="0,2" hai="2,5,10,36,38,58,63,67,75,76,82,109,110,111" machi="110" ten="40,12000,1" yaku="1,1,2,1,14,1,10,1,52,1,53,0" doraHai="77" doraHaiUra="100" who="2" fromWho="1" sc="280,0,230,-120,243,140,227,0" />
</Scene>
<Scene>
<INIT seed="2,1,0,0,4,56" ten="280,110,383,227" oya="2" hai0="64,62,99,3,48,117,39,32,110,109,86,71,102" hai1="107,70,43,9,22,8,98,73,53,4,105,81,25" hai2="58,35,84,113,127,111,38,69,83,7,116,135,112" hai3="66,124,77,126,78,33,74,101,93,31,47,13,123"/><V18/><F35/><W94/><G123/><T30/><D117/><U14/><E70/><V61/><F7/><W11/><G33/><T34/><D39/><U120/><E43/><V1/><F1/><W128/><G31/><T51/><D3/><U76/><E120/><V65/><F18/><W95/><G128/><T29/><D86/><U121/><E121/><V16/><F16/><W72/><G66/><T5/><D5/><U37/><E37/><V36/><F84/><W130/><G47/><T0/><D0/><U12/><E53/><V85/><F116/><W28/><G28/><N who="0" m="10859" /><D51/><U2/><E98/><V60/><F135/><W41/><G41/><T10/><D48/><U108/><E108/><N who="0" m="41577" /><D10/><U44/><E44/><V17/><F111/><W133/><G133/><T27/><D27/><U26/><E2/><V134/><F36/><W6/><G130/><T103/><D103/><U57/><E57/><V119/><F58/><W50/><G50/><T67/><D67/><U132/><E132/><V46/><F65/><W80/><G101/><T55/><D55/><U106/><REACH who="1" step="1"/><E22/><REACH who="1" ten="280,100,383,227" step="2"/><V40/><F38/><W75/><REACH who="3" step="1"/><G80/><REACH who="3" ten="280,100,383,217" step="2"/><T45/><D45/><U24/><E24/><V42/><F46/><W89/><G89/><T131/><D131/><U88/><E88/><V91/><F91/><W90/><G90/><T82/><D82/><U79/><E79/><AGARI ba="1,2" hai="6,11,13,72,74,75,77,78,79,93,94,95,124,126" machi="79" ten="50,1600,0" yaku="1,1,53,0" doraHai="56" doraHaiUra="52" who="3" fromWho="1" sc="280,0,100,-19,383,0,217,39" />
</Scene>
<Scene>
<INIT seed="3,0,0,2,2,38" ten="280,81,383,256" oya="3" hai0="110,125,3,84,61,81,103,25,53,30,89,83,102" hai1="69,39,127,130,101,63,0,87,73,98,114,129,120" hai2="34,74,119,91,5,48,112,20,113,128,66,23,64" hai3="58,43,96,57,6,104,4,42,11,15,107,95,82"/><W28/><G104/><T111/><D3/><U117/><E63/><V62/><F74/><W94/><G107/><T126/><D81/><U116/><E87/><V47/><F34/><W109/><G109/><N who="0" m="41483" /><D53/><U45/><E98/><V10/><F119/><W46/><G28/><T1/><D1/><U16/><E16/><V14/><F128/><W90/><G82/><T17/><D17/><U24/><E45/><V122/><F122/><W33/><G33/><N who="0" m="20687" /><D61/><U51/><E24/><V19/><F23/><W7/><G94/><T105/><D105/><U121/><E51/><V44/><F62/><W115/><G115/><T60/><D60/><U106/><E101/><AGARI ba="0,0" hai="83,84,89,101,102,103,125,126" m="20687,41483" machi="101" ten="30,1000,0" yaku="14,1" doraHai="38" who="0" fromWho="1" sc="280,10,81,-10,383,0,256,0" owari="290,9.0,71,-43.0,383,48.0,256,-14.0" />
</Scene>
</mjloggm>