<mjloggm ver="2.3"><GO type="41"/><UN n0="%E5%A4%AA%E3%81%8F%E3%81%AA%E3%81%84%E3%81%8A" n1="%E3%82%AB%E3%83%83%E3%83%91%E3%83%89%E3%82%AD%E3%82%A2" n2="%E7%B4%85%E9%A1%94%E3%81%AE%E7%BE%8E%E5%B0%91%E5%B9%B4" n3="%E3%81%A4%E3%81%B0%E3%82%81" dan="14,14,15,15" rate="2008,1922,2021,1925" sx="M,M,M,M"/><TAIKYOKU oya="0"/>

<Scene>
<INIT seed="0,0,0,3,2,91" ten="250,250,250,250" oya="0" hai0="34,63,66,109,101,90,37,118,135,10,69,114,35" hai1="26,128,126,56,127,125,40,14,51,23,100,38,11" hai2="44,117,82,102,33,0,110,78,85,47,8,45,97" hai3="54,67,7,133,129,64,52,87,115,119,32,16,21"/><T112/><D118/><U55/><E100/><V22/><F33/><W15/><G32/><N who="0" m="12331" /><D90/><U92/><E38/><V2/><F117/><W29/><G119/><T132/><D37/><U46/><E128/><V98/><F110/><W73/><G129/><T86/><D86/><U48/><E92/><V72/><F72/><W42/><G133/><N who="0" m="51275" /><D109/><U24/><E23/><V17/><F8/><N who="3" m="4511" /><G29/><T95/><D10/><U94/><E94/><V131/><F131/><W36/><G73/><T43/><D43/><U105/><E105/><V79/><F79/><W60/><G36/><T83/><D83/><U18/><AGARI ba="0,0" hai="11,14,18,24,26,40,46,48,51,55,56,125,126,127" machi="18" ten="30,2000,0" yaku="0,1,18,1" doraHai="91" who="1" fromWho="1" sc="250,-10,250,20,250,-5,250,-5" />
</Scene>
<Scene>
<INIT seed="1,0,0,5,2,61" ten="240,270,245,245" oya="1" hai0="108,33,83,2,14,76,39,21,122,93,96,129,26" hai1="120,78,86,91,116,131,15,12,7,45,31,97,132" hai2="37,128,20,48,42,4,113,19,5,23,17,67,133" hai3="106,100,46,22,102,30,77,119,84,121,111,25,62"/><U105/><E120/><V92/><F37/><W90/><G121/><T123/><D39/><U95/><E116/><V32/><F32/><W65/><G119/><T66/><D2/><U127/><E31/><V79/><F128/><W73/><G111/><T115/><D115/><U118/><E118/><V36/><F36/><W103/><G77/><T75/><D108/><U124/><E131/><V94/><F79/><W101/><G73/><T0/><D0/><U71/><E132/><V58/><F133/><W24/><G46/><T28/><D129/><U59/><E45/><V9/><F9/><W49/><G49/><T88/><REACH who="0" step="1"/><D66/><REACH who="0" ten="230,270,245,245" step="2"/><U89/><E124/><V38/><F38/><W34/><G106/><T27/><D27/><U29/><E105/><V35/><F67/><W87/><G25/><T11/><D11/><U63/><E127/><V110/><F110/><W10/><G10/><T43/><D43/><U82/><E78/><V64/><F42/><W135/><G135/><T69/><D69/><U81/><E71/><V98/><F64/><W126/><G126/><T109/><D109/><U18/><E7/><V57/><F113/><W72/><G24/><T55/><D55/><U41/><E41/><V44/><F4/><W104/><G104/><T16/><AGARI ba="0,1" hai="14,16,21,26,28,33,75,76,83,88,93,96,122,123" machi="16" ten="30,7900,0" yaku="1,1,0,1,54,2,53,0" doraHai="61" doraHaiUra="51" who="0" fromWho="0" sc="230,89,270,-39,245,-20,245,-20" />
</Scene>
<Scene>
<INIT seed="2,0,0,0,0,101" ten="319,231,225,225" oya="2" hai0="81,63,98,123,124,44,10,27,109,95,15,31,26" hai1="77,34,122,1,46,3,14,6,72,134,127,74,85" hai2="18,94,110,96,37,107,71,45,28,51,131,36,112" hai3="64,132,120,80,100,97,91,2,19,12,68,25,119"/><V114/><F71/><W118/><G2/><T115/><D115/><U65/><E122/><V78/><F28/><W135/><G120/><T39/><D123/><U9/><E34/><V53/><F131/><W79/><G25/><T49/><D109/><U54/><E134/><N who="3" m="51242" /><G64/><T87/><D124/><U133/><E127/><V52/><F110/><W20/><G68/><T40/><D63/><U67/><E133/><V99/><F78/><W62/><G62/><T88/><D39/><U47/><E54/><V106/><F18/><W125/><G125/><T32/><D31/><U76/><E14/><V75/><F75/><N who="3" m="43135" /><G91/><T22/><D22/><U5/><E9/><V57/><F94/><AGARI ba="0,0" hai="12,19,20,94,97,100,118,119" m="43135,51242" machi="94" ten="30,1000,0" yaku="20,1" doraHai="101" who="3" fromWho="2" sc="319,0,231,0,225,-10,225,10" />
</Scene>
<Scene>
<INIT seed="3,0,0,1,0,11" ten="319,231,215,235" oya="3" hai0="38,31,130,7,26,117,132,34,56,77,87,102,129" hai1="60,8,84,124,40,28,118,133,57,41,97,95,24" hai2="16,69,127,0,44,25,131,122,27,15,85,63,86" hai3="71,20,67,62,59,70,48,29,104,100,134,49,37"/><W111/><G100/><T114/><D117/><U1/><E118/><V79/><F0/><W105/><G104/><T89/><D38/><U36/><E36/><V61/><F122/><W45/><G105/><T128/><D132/><U88/><E133/><V96/><F127/><W55/><G134/><T52/><D114/><U51/><E124/><V83/><F131/><W58/><G29/><T80/><D102/><U90/><E1/><V68/><F68/><N who="3" m="42103" /><G20/><T53/><D7/><U9/><E51/><V112/><F112/><W110/><G37/><T78/><REACH who="0" step="1"/><D53/><REACH who="0" ten="309,231,215,235" step="2"/><U23/><E41/><V21/><F69/><N who="3" m="26123" /><G59/><T17/><D17/><U43/><E43/><AGARI ba="0,1" hai="43,45,48,49,55,58,110,111" m="26123,42103" machi="43" ten="30,2900,0" yaku="34,2" doraHai="11" who="3" fromWho="1" sc="309,0,231,-29,215,0,235,39" />
</Scene>
<Scene>
<INIT seed="3,1,0,2,5,79" ten="309,202,215,274" oya="3" hai0="60,102,57,135,28,94,70,51,20,29,100,2,34" hai1="37,43,72,82,5,69,41,0,77,84,54,31,86" hai2="36,83,53,6,27,107,121,114,48,97,15,103,108" hai3="74,93,58,3,81,38,101,78,56,19,126,116,49"/><W66/><G3/><T71/><D2/><U73/><E69/><V32/><F114/><W127/><G38/><T90/><D135/><U4/><E54/><V46/><F108/><W47/><G116/><T24/><D51/><U128/><E31/><V62/><F121/><W39/><G39/><T64/><D102/><U10/><E128/><V67/><F36/><W87/><G66/><T112/><D112/><U21/><E4/><V55/><F55/><W23/><G101/><T124/><D124/><N who="3" m="47657" /><G93/><T13/><D100/><U88/><E21/><V89/><F32/><W52/><G74/><T42/><D42/><U35/><E35/><V85/><F27/><AGARI ba="1,0" hai="19,23,27,47,49,52,56,58,78,81,87" m="47657" machi="27" ten="30,5800,0" yaku="18,1,52,1,54,1" doraHai="79" who="3" fromWho="2" sc="309,0,202,0,215,-61,274,61" />
</Scene>
<Scene>
<INIT seed="3,2,0,5,0,100" ten="309,202,154,335" oya="3" hai0="5,37,94,19,21,74,72,65,93,118,77,96,51" hai1="17,117,53,8,46,75,38,42,60,89,135,20,123" hai2="50,113,12,7,31,119,43,62,56,16,111,28,91" hai3="130,34,64,2,41,108,68,87,99,126,83,59,120"/><W116/><G120/><T25/><D118/><U66/><E123/><V67/><F113/><W134/><G116/><T6/><D37/><U101/><E117/><V132/><F119/><W78/><G68/><T82/><D72/><U90/><E75/><V128/><F111/><W54/><G2/><T47/><D65/><U40/><E40/><V114/><F114/><W27/><G108/><T73/><D73/><U71/><E8/><V52/><F128/><W26/><G64/><T105/><D93/><U63/><E135/><V3/><F132/><W104/><G41/><T30/><D30/><U115/><E115/><V129/><F129/><W124/><G130/><T32/><D32/><U61/><E101/><V92/><F3/><W48/><G134/><T35/><D35/><U131/><E61/><V13/><F7/><W22/><G34/><T88/><REACH who="0" step="1"/><D105/><REACH who="0" ten="299,202,154,335" step="2"/><U84/><E131/><V121/><F121/><W102/><REACH who="3" step="1"/><G22/><REACH who="3" ten="299,202,154,325" step="2"/><T24/><D24/><AGARI ba="2,2" hai="24,26,27,48,54,59,78,83,87,99,102,104,124,126" machi="24" ten="40,7700,0" yaku="1,1,2,1,52,1,53,0" doraHai="100" doraHaiUra="107" who="3" fromWho="0" sc="299,-83,202,0,154,0,325,103" />
</Scene>
<Scene>
<INIT seed="3,3,0,4,4,10" ten="216,202,154,428" oya="3" hai0="43,108,49,26,106,127,129,91,96,135,77,12,14" hai1="47,5,95,7,85,67,134,101,41,123,64,3,73" hai2="40,33,128,8,112,111,117,34,84,16,74,80,44" hai3="61,87,130,68,113,54,125,48,83,56,24,37,109"/><W131/><G24/><T116/><D116/><U122/><E73/><V62/><F117/><W38/><G113/><T28/><D108/><U124/><E7/><V36/><F112/><W121/><G109/><T21/><D127/><U35/><E35/><V78/><F111/><W13/><G125/><T31/><D129/><N who="3" m="49161" /><G121/><T126/><D126/><U27/><E27/><V29/><F128/><W1/><G1/><T6/><D135/><U18/><E18/><V82/><F62/><W60/><G13/><N who="0" m="5227" /><D106/><U59/><E3/><V90/><F29/><W119/><G119/><T103/><D6/><U92/><E5/><V93/><F80/><W22/><G22/><T115/><D115/><U17/><E101/><V71/><F71/><W2/><G2/><T20/><D77/><U58/><E124/><V120/><F120/><W69/><G83/><T23/><D103/><U94/><E134/><V118/><F118/><W70/><G87/><T89/><D26/><U53/><E123/><V19/><REACH who="2" step="1"/><F8/><REACH who="2" ten="216,202,144,428" step="2"/><W50/><G60/><T76/><D31/><U4/><E122/><V132/><F132/><W45/><G50/><T100/><D28/><U57/><E4/><V98/><F98/><W88/><G88/><T52/><D100/><U110/><E110/><V32/><AGARI ba="3,1" hai="16,19,32,33,34,36,40,44,74,78,82,84,90,93" machi="32" ten="30,4000,0" yaku="1,1,0,1,54,1,53,0" doraHai="10" doraHaiUra="25" who="2" fromWho="2" sc="216,-13,202,-13,144,59,428,-23" />
</Scene>
<Scene>
<INIT seed="4,0,0,4,4,127" ten="203,189,203,405" oya="0" hai0="82,115,24,17,1,61,74,14,81,69,25,85,9" hai1="73,112,109,124,58,23,125,34,72,46,67,28,51" hai2="44,131,57,40,48,21,88,121,52,0,105,42,26" hai3="100,35,43,16,103,66,33,117,96,5,126,132,7"/><T114/><D1/><U108/><E34/><V4/><F105/><W86/><G117/><T122/><D122/><U129/><E28/><V59/><F121/><W27/><G126/><N who="1" m="48746" /><E23/><V116/><F116/><W11/><G132/><T71/><D74/><U94/><E94/><V104/><F104/><W70/><G43/><T30/><D25/><U84/><E84/><V111/><F111/><N who="1" m="42569" /><E72/><V13/><F0/><W12/><G86/><T10/><D10/><U39/><E73/><V22/><F22/><W133/><G133/><T80/><D85/><U91/><E91/><V102/><F102/><W62/><G103/><T3/><D3/><U8/><E8/><V134/><F21/><W75/><G75/><T32/><REACH who="0" step="1"/><D61/><REACH who="0" ten="193,189,203,405" step="2"/><N who="1" m="38327" /><E112/><AGARI ba="0,1" hai="9,14,17,24,30,32,69,71,80,81,82,112,114,115" machi="112" ten="40,3900,0" yaku="1,1,15,1,53,0" doraHai="127" doraHaiUra="101" who="0" fromWho="1" sc="193,49,189,-39,203,0,405,0" />
</Scene>
<Scene>
<INIT seed="4,1,0,4,4,95" ten="242,150,203,405" oya="0" hai0="131,88,49,94,132,130,125,78,120,126,93,66,9" hai1="113,60,0,75,122,81,107,40,104,74,135,111,77" hai2="2,71,101,82,100,128,16,23,4,39,35,22,72" hai3="36,28,129,38,103,13,1,105,127,3,108,27,56"/><T19/><D120/><U15/><E0/><V85/><F71/><W80/><G108/><T29/><D29/><U64/><E111/><V133/><F35/><W106/><G129/><N who="0" m="49163" /><D66/><U73/><E122/><V92/><F39/><W67/><G127/><N who="0" m="48651" /><D49/><U48/><E113/><V26/><F72/><W33/><G38/><T55/><D55/><U11/><E40/><V52/><F52/><W10/><G36/><T123/><D123/><U18/><E48/><V102/><F100/><W96/><G56/><T124/><D124/><U50/><E50/><V25/><F101/><W114/><G67/><T58/><D58/><U47/><E47/><V109/><F102/><W34/><G114/><T86/><D78/><U97/><E64/><V5/><F109/><W41/><G41/><T68/><D68/><U6/><E60/><V83/><F128/><W99/><G33/><T61/><D61/><U21/><E6/><V87/><F4/><W62/><G62/><T37/><D37/><U63/><E63/><V31/><F5/><W17/><G1/><T45/><D45/><U57/><E57/><V121/><F2/><W53/><G3/><T91/><D132/><U115/><E115/><V24/><F133/><W7/><G53/><T118/><D118/><U112/><E112/><V134/><F134/><W110/><G110/><T8/><D19/><U84/><E135/><V98/><F121/><W43/><G43/><T54/><D54/><U90/><E11/><V59/><F59/><W119/><G119/><T46/><D46/><U14/><E14/><V76/><F16/><W44/><G17/><RYUUKYOKU ba="1,0" sc="242,15,150,15,203,-15,405,-15" hai0="8,9,86,88,91,93,94" hai1="15,18,21,73,74,75,77,81,84,90,97,104,107" />
</Scene>
<Scene>
<INIT seed="4,2,0,1,2,123" ten="257,165,188,390" oya="0" hai0="43,98,107,85,47,127,45,19,82,93,89,14,105" hai1="63,74,38,115,40,96,91,48,21,56,57,3,128" hai2="70,10,18,44,126,4,8,113,71,27,64,5,51" hai3="76,106,112,24,131,49,34,35,92,29,50,133,108"/><T104/><D127/><U67/><E74/><V22/><F126/><W109/><G106/><T2/><D2/><U55/><E3/><V114/><F64/><W124/><G124/><T72/><D72/><U135/><E115/><N who="2" m="44043" /><F8/><W20/><G112/><T53/><D53/><U66/><E135/><V134/><F134/><W110/><G133/><T32/><D32/><U0/><E0/><N who="2" m="263" /><F5/><W62/><G131/><T1/><D1/><U54/><E128/><V25/><F25/><W41/><G76/><T75/><D75/><U83/><E21/><V39/><F39/><W26/><G35/><T118/><D118/><U86/><E38/><V15/><F15/><W36/><G62/><T68/><D68/><U37/><REACH who="1" step="1"/><E96/><REACH who="1" ten="257,155,188,390" step="2"/><V117/><F117/><W31/><G36/><T12/><D43/><AGARI ba="2,1" hai="18,22,27,43,44,51,70,71" m="263,44043" machi="43" ten="30,1000,0" yaku="15,1" doraHai="123" who="2" fromWho="0" sc="257,-16,155,0,188,26,390,0" />
</Scene>
<Scene>
<INIT seed="5,0,0,5,0,41" ten="241,155,214,390" oya="1" hai0="3,109,98,57,100,13,0,19,74,39,95,75,102" hai1="15,66,26,96,93,7,62,130,123,106,55,112,117" hai2="42,6,87,36,79,119,103,114,86,68,4,10,35" hai3="89,78,47,22,69,76,59,58,46,92,90,107,16"/><U5/><E106/><V64/><F35/><W129/><G69/><T128/><D109/><U99/><E123/><V11/><F119/><W104/><G129/><T56/><D128/><U43/><E117/><V84/><F79/><N who="3" m="30251" /><G104/><T67/><D39/><U28/><E130/><V97/><F68/><W125/><G107/><T61/><D102/><U40/><E112/><V82/><F64/><W60/><G125/><T21/><REACH who="0" step="1"/><D57/><REACH who="0" ten="231,155,214,390" step="2"/><N who="3" m="21513" /><G60/><T27/><D27/><U110/><E110/><V65/><F36/><W126/><G126/><T1/><AGARI ba="0,1" hai="0,1,3,13,19,21,56,61,67,74,75,95,98,100" machi="1" ten="30,2000,0" yaku="1,1,0,1,53,0" doraHai="41" doraHaiUra="71" who="0" fromWho="0" sc="231,30,155,-10,214,-5,390,-5" />
</Scene>
<Scene>
<INIT seed="6,0,0,1,4,24" ten="261,145,209,385" oya="2" hai0="11,20,33,59,22,30,61,115,43,103,17,121,58" hai1="10,97,4,60,94,39,133,127,111,1,84,7,93" hai2="21,53,45,14,89,86,35,129,88,128,126,13,70" hai3="100,77,23,95,79,55,57,69,80,87,25,122,118"/><V123/><F35/><W75/><G69/><T49/><D121/><U85/><E39/><V124/><F70/><W92/><G122/><T113/><D103/><U105/><E111/><V27/><F123/><W46/><G118/><T99/><D99/><U104/><E127/><N who="2" m="48683" /><F45/><W9/><G46/><N who="0" m="25823" /><D33/><U117/><E117/><V78/><F53/><W112/><G9/><T131/><D131/><N who="2" m="50250" /><F78/><N who="3" m="46487" /><G75/><T109/><D109/><U8/><E60/><V76/><F76/><N who="3" m="29259" /><G112/><T72/><D72/><U18/><E1/><V41/><F41/><W12/><G100/><T135/><D113/><U47/><E47/><V106/><F106/><W125/><G125/><T66/><D115/><U6/><E6/><V74/><F74/><W114/><G114/><T102/><D102/><U65/><E65/><V16/><F89/><W51/><G12/><T98/><D66/><U107/><E107/><V64/><F64/><W68/><G68/><T101/><D101/><U37/><E37/><V132/><F132/><W28/><AGARI ba="0,0" hai="23,25,28,51,55,57,92,95" m="29259,46487" machi="28" ten="30,2000,0" yaku="8,1,52,1" doraHai="24" who="3" fromWho="3" sc="261,-5,145,-5,209,-10,385,20" />
</Scene>
<Scene>
<INIT seed="7,0,0,5,4,106" ten="256,140,199,405" oya="3" hai0="104,34,8,50,47,64,91,52,102,72,44,6,9" hai1="120,113,4,99,87,110,97,78,96,84,75,115,7" hai2="32,25,1,117,116,18,23,90,61,12,53,55,127" hai3="46,28,122,22,101,94,67,49,37,76,30,105,59"/><W51/><G105/><T27/><D72/><U126/><E7/><V130/><F127/><W54/><G122/><T39/><D64/><U83/><E4/><V11/><F130/><W128/><G128/><T41/><D91/><U89/><E126/><V68/><F68/><W62/><G76/><T20/><D34/><U63/><E63/><V19/><F90/><W132/><G37/><T103/><D104/><U121/><E110/><V77/><F77/><W42/><G132/><T93/><D93/><U56/><E56/><V3/><F61/><W108/><G108/><T31/><D9/><U29/><E29/><V80/><F32/><W38/><G51/><T111/><D111/><U36/><E36/><V0/><F116/><W109/><G109/><T26/><D26/><U118/><E118/><V135/><F135/><W2/><G2/><AGARI ba="0,0" hai="2,6,8,20,27,31,39,41,44,47,50,52,102,103" machi="2" ten="30,2000,0" yaku="7,1,54,1" doraHai="106" who="0" fromWho="3" sc="256,20,140,0,199,0,405,-20" owari="276,8.0,140,-36.0,199,-20.0,385,48.0" />
</Scene>
</mjloggm>