<mjloggm ver="2.3"><GO type="97"/><UN n0="%64%65%63%5F%73%6F%72%64" n1="%E2%98%85%E5%A4%A2%E5%96%B0%E3%81%84%E2%98%86" n2="%E5%A4%AA%E3%81%8F%E3%81%AA%E3%81%84%E3%81%8A" n3="%E3%81%8E%E3%82%85%E3%81%86%E3%81%AB%E3%81%8F" dan="15,13,13,15" rate="1984,1887,1949,2037" sx="M,M,M,M"/><TAIKYOKU oya="0"/>

<Scene>
<INIT seed="0,0,0,4,3,101" ten="250,250,250,250" oya="0" hai0="37,104,125,102,21,52,103,1,85,38,100,35,46" hai1="113,72,7,112,99,133,124,14,10,59,42,86,127" hai2="18,129,134,30,120,22,71,82,16,39,3,78,132" hai3="76,20,108,17,110,41,50,105,11,83,98,34,126"/><T128/><D1/><U93/><E72/><N who="2" m="43335" /><F120/><W45/><G34/><T55/><D35/><U66/><E42/><V77/><F39/><W115/><G115/><N who="1" m="44106" /><E86/><V19/><F71/><W70/><G70/><T114/><D114/><U53/><E66/><V60/><F3/><W48/><G11/><T95/><D125/><N who="1" m="48203" /><E133/><N who="2" m="51307" /><F77/><W62/><G126/><T12/><D128/><U68/><E68/><V13/><F129/><W36/><G62/><T49/><D104/><U97/><E93/><V56/><F30/><W117/><G117/><T4/><D38/><U23/><E23/><V106/><F106/><W90/><G76/><T130/><D130/><U92/><E92/><V107/><F107/><W80/><G80/><T28/><D37/><U5/><E7/><V31/><F31/><W94/><G105/><T131/><D131/><U88/><E88/><V109/><F22/><W116/><G83/><T54/><D85/><U67/><E67/><V89/><F89/><W121/><G116/><T91/><D91/><U47/><E47/><V32/><F32/><W119/><G119/><T24/><D95/><U57/><E57/><V40/><F40/><W74/><G74/><T8/><AGARI ba="0,0" hai="4,8,12,21,24,28,46,49,52,54,55,100,102,103" machi="8" ten="30,6000,0" yaku="0,1,8,1,54,1" doraHai="101" who="0" fromWho="0" sc="250,60,250,-20,250,-20,250,-20" />
</Scene>
<Scene>
<INIT seed="0,1,0,3,4,11" ten="310,230,230,230" oya="0" hai0="55,2,29,39,17,15,74,123,106,125,93,132,71" hai1="102,80,20,42,108,84,51,112,124,109,31,49,101" hai2="23,110,30,134,43,6,26,127,97,61,69,131,19" hai3="44,34,65,70,72,54,130,7,8,28,96,78,90"/><T119/><RYUUKYOKU type="yao9" ba="1,0" sc="310,0,230,0,230,0,230,0" hai0="2,15,17,29,39,55,71,74,93,106,119,123,125,132" />
</Scene>
<Scene>
<INIT seed="0,2,0,5,4,42" ten="310,230,230,230" oya="0" hai0="28,80,38,114,103,132,70,61,97,57,29,115,67" hai1="88,35,58,121,48,125,77,5,34,92,82,105,133" hai2="102,98,85,89,32,55,33,124,104,53,83,21,15" hai3="126,59,45,37,130,123,46,36,120,74,93,118,94"/><T56/><D38/><U47/><E105/><V78/><F124/><W3/><G3/><T128/><D132/><U62/><E125/><V134/><F134/><W122/><G126/><T110/><D128/><U76/><E121/><V52/><REACH who="2" step="1"/><F78/><REACH who="2" ten="310,230,220,230" step="2"/><W99/><G130/><T12/><D115/><U43/><E133/><V24/><F24/><W54/><G118/><T101/><D114/><U25/><E25/><V68/><F68/><W44/><G74/><T119/><D119/><U11/><E35/><V72/><F72/><W7/><G7/><T95/><D110/><U10/><E34/><V17/><AGARI ba="2,1" hai="15,17,21,32,33,52,53,55,83,85,89,98,102,104" machi="17" ten="30,4000,0" yaku="1,1,0,1,54,1,53,0" doraHai="42" doraHaiUra="40" who="2" fromWho="2" sc="310,-22,230,-12,220,56,230,-12" />
</Scene>
<Scene>
<INIT seed="1,0,0,5,4,10" ten="288,218,276,218" oya="1" hai0="42,92,126,39,41,96,44,20,66,82,116,56,118" hai1="105,79,84,69,25,4,122,50,86,24,61,111,127" hai2="38,71,51,119,12,100,9,53,121,110,106,70,115" hai3="57,33,98,102,45,60,23,99,1,103,43,3,21"/><U22/><E105/><V89/><F121/><W120/><G33/><T63/><D126/><U95/><E122/><V40/><F119/><W72/><G120/><T47/><D82/><U117/><E117/><V11/><F110/><W74/><G57/><T34/><D34/><U0/><E127/><V5/><F115/><W36/><G60/><T90/><REACH who="0" step="1"/><D20/><REACH who="0" ten="278,218,276,218" step="2"/><U85/><E111/><V93/><F70/><W6/><G23/><T104/><D104/><U88/><E79/><V54/><F71/><W129/><G21/><T37/><AGARI ba="0,1" hai="37,39,41,42,44,47,56,63,66,90,92,96,116,118" machi="37" ten="20,5200,0" yaku="1,1,0,1,7,1,9,1,53,0" doraHai="10" doraHaiUra="15" who="0" fromWho="0" sc="278,62,218,-26,276,-13,218,-13" />
</Scene>
<Scene>
<INIT seed="2,0,0,3,2,99" ten="340,192,263,205" oya="2" hai0="82,15,4,66,98,97,41,106,25,133,76,24,23" hai1="57,111,12,104,75,116,47,87,135,125,96,74,126" hai2="20,73,114,90,107,110,40,32,115,51,63,124,85" hai3="21,9,3,77,58,119,122,0,36,128,17,43,16"/><V37/><F32/><W33/><G119/><T89/><D106/><U92/><E47/><V30/><F73/><N who="1" m="27657" /><E57/><V59/><F107/><W78/><G122/><T19/><D133/><U102/><E12/><V65/><F37/><W7/><G33/><T61/><D41/><U109/><E116/><V39/><F39/><W53/><G0/><T27/><D4/><U123/><E123/><V127/><F110/><N who="1" m="41993" /><E135/><V1/><F1/><W131/><G43/><T6/><D6/><U84/><E104/><V67/><F67/><W103/><G36/><T22/><D22/><U108/><N who="1" m="42001" /><U129/><DORA hai="120" /><E129/><N who="3" m="49738" /><G53/><T2/><D2/><U80/><E87/><V117/><F117/><W100/><G58/><N who="0" m="37175" /><D76/><AGARI ba="0,0" hai="76,80,84,92,96,102,125,126" m="42001,27657" machi="76" ten="50,16000,3" yaku="14,1,34,2,52,5" doraHai="99,120" who="1" fromWho="0" sc="340,-160,192,160,263,0,205,0" />
</Scene>
<Scene>
<INIT seed="3,0,0,0,3,10" ten="180,352,263,205" oya="3" hai0="107,95,117,125,79,102,4,6,106,105,122,63,113" hai1="119,34,5,23,121,98,54,58,87,0,36,72,59" hai2="133,99,71,109,115,56,38,55,103,93,114,80,77" hai3="118,46,3,30,73,92,68,62,127,35,39,37,83"/><W61/><G118/><T85/><D122/><U65/><E34/><V120/><F38/><N who="3" m="14347" /><G46/><T82/><D117/><U25/><E36/><V44/><F71/><W26/><G62/><T22/><D113/><U88/><E72/><V20/><F120/><W11/><G92/><T51/><D125/><U31/><E121/><V78/><F44/><W50/><G50/><T9/><D4/><U70/><E70/><V19/><F78/><N who="3" m="44495" /><G127/><T132/><D132/><U32/><E119/><V94/><F133/><W16/><G16/><T2/><D63/><U21/><E98/><V15/><F94/><W48/><G48/><T126/><D126/><U47/><E65/><V91/><F91/><W74/><G74/><T112/><D112/><U110/><E59/><V29/><F115/><W123/><G123/><T134/><D134/><U101/><E47/><V128/><F114/><W66/><G11/><T60/><D60/><U14/><E58/><V7/><F56/><W57/><G57/><T84/><D51/><U97/><E54/><V131/><F55/><W53/><G53/><T89/><REACH who="0" step="1"/><D22/><REACH who="0" ten="170,352,263,205" step="2"/><U41/><E23/><V27/><F20/><W1/><AGARI ba="0,1" hai="1,3,26,30,35,61,66,68" m="44495,14347" machi="1" ten="30,3000,0" yaku="33,2" doraHai="10" who="3" fromWho="3" sc="170,-10,352,-10,263,-10,205,40" />
</Scene>
<Scene>
<INIT seed="3,1,0,0,0,102" ten="160,342,253,245" oya="3" hai0="88,51,33,128,50,98,72,113,35,11,99,133,74" hai1="127,94,10,55,130,115,58,110,17,59,62,49,0" hai2="89,101,126,131,64,69,24,29,76,13,21,108,57" hai3="114,71,37,121,52,1,47,22,132,92,96,75,135"/><W86/><G121/><T5/><D113/><U63/><E115/><V65/><F108/><W67/><G114/><T118/><D118/><U95/><E110/><V12/><F126/><W107/><G75/><T41/><D133/><N who="3" m="51273" /><G1/><T48/><D128/><U111/><E130/><V25/><F131/><W117/><G117/><T39/><D39/><U116/><E127/><V85/><F69/><W103/><G22/><T129/><D41/><U16/><E111/><V43/><F43/><N who="3" m="23023" /><G86/><T40/><D40/><U36/><E36/><V3/><F3/><W20/><G20/><T100/><D129/><U124/><E124/><V44/><F21/><W122/><G122/><T28/><D28/><U78/><E116/><V91/><F29/><W19/><G19/><T123/><D123/><U112/><E112/><V83/><F85/><W79/><G79/><T53/><D53/><U31/><E31/><V26/><F76/><W30/><G30/><T45/><D45/><U4/><E78/><V2/><F2/><W93/><G52/><T82/><D74/><U18/><E49/><V70/><F44/><W119/><G119/><T68/><D68/><U73/><E73/><V9/><F70/><W54/><G54/><AGARI ba="1,0" hai="0,4,10,16,17,18,54,55,58,59,62,63,94,95" machi="54" ten="40,2600,0" yaku="9,1,54,1" doraHai="102" who="1" fromWho="3" sc="160,0,342,29,253,0,245,-29" owari="160,-34.0,371,47.0,253,5.0,216,-18.0" />
</Scene>
</mjloggm>