<mjloggm ver="2.3"><GO type="169"/><UN n0="%E3%81%82%E3%81%A4%E3%81%82%E3%81%A4%E6%B9%AF%E8%B1%86%E8%85%90" n1="%E5%A4%AA%E3%81%8F%E3%81%AA%E3%81%84%E3%81%8A" n2="%E4%B8%B8%E5%8A%A9" n3="%E3%83%AF%E3%82%A4%E3%83%AB%E3%83%89" dan="18,18,16,16" rate="2227,2153,2099,2166" sx="M,M,M,M"/><TAIKYOKU oya="0"/>

<Scene>
<INIT seed="0,0,0,0,1,34" ten="250,250,250,250" oya="0" hai0="94,70,31,112,87,28,69,86,25,90,105,24,108" hai1="116,38,128,3,8,13,4,16,81,15,121,83,99" hai2="45,79,59,115,50,41,71,26,48,111,20,19,84" hai3="65,44,56,95,103,110,73,109,60,134,61,102,133"/><T123/><D123/><U6/><E121/><V55/><F111/><N who="3" m="42507" /><G73/><T29/><D108/><U85/><E116/><V92/><F115/><W9/><G44/><T33/><D112/><U23/><E38/><V47/><F71/><N who="3" m="42407" /><G9/><T1/><D105/><U74/><E128/><V101/><F101/><N who="3" m="38411" /><G95/><T39/><D39/><U132/><E132/><V67/><F67/><AGARI ba="0,0" hai="56,61,67,133,134" m="38411,42407,42507" machi="67" ten="30,1000,0" yaku="14,1" doraHai="34" who="3" fromWho="2" sc="250,0,250,0,250,-10,250,10" />
</Scene>
<Scene>
<INIT seed="1,0,0,1,2,27" ten="250,250,240,260" oya="1" hai0="13,102,106,51,97,65,72,121,75,43,92,124,98" hai1="91,67,2,66,52,134,78,16,129,127,120,54,30" hai2="131,104,111,58,9,95,26,31,128,90,71,122,130" hai3="6,56,11,17,109,40,36,89,74,23,24,103,12"/><U73/><E120/><V88/><F122/><W1/><G74/><T132/><D121/><U101/><E2/><V125/><F71/><W7/><G109/><T48/><D124/><U61/><E101/><V69/><F69/><W84/><G103/><T116/><D116/><U5/><E5/><V39/><F104/><W20/><G40/><T119/><D119/><U87/><E127/><V79/><F125/><W93/><G36/><T55/><D65/><U8/><E129/><V41/><F111/><W0/><G56/><T50/><D43/><U126/><E126/><V49/><F79/><W82/><G7/><T113/><D113/><U28/><E134/><V59/><F39/><W25/><REACH who="3" step="1"/><G82/><REACH who="3" ten="250,250,240,250" step="2"/><T44/><D132/><U33/><E73/><V114/><F59/><W85/><G85/><T63/><D75/><U100/><E100/><V77/><F114/><W34/><G34/><T60/><D72/><U32/><E32/><V108/><F108/><W64/><G64/><T99/><D106/><U4/><E33/><V53/><F41/><W112/><G112/><T38/><D38/><U107/><E4/><V19/><F95/><W22/><G22/><T45/><D92/><N who="1" m="54399" /><E107/><V15/><F77/><W76/><G76/><T3/><D102/><U80/><E78/><V37/><F37/><W105/><G105/><T35/><D35/><AGARI ba="0,1" hai="9,15,19,26,31,35,49,53,58,88,90,128,130,131" machi="35" ten="40,5200,0" yaku="19,1,52,1,54,1" doraHai="27" who="2" fromWho="0" sc="250,-52,250,0,240,62,250,0" />
</Scene>
<Scene>
<INIT seed="2,0,0,1,3,35" ten="198,250,302,250" oya="2" hai0="109,88,5,48,116,15,39,89,26,55,107,60,36" hai1="119,83,72,3,73,16,32,82,78,105,91,131,1" hai2="21,133,80,106,11,87,52,23,44,94,123,93,18" hai3="99,100,20,134,30,121,97,17,31,79,127,74,65"/><V34/><F123/><W120/><G134/><T7/><D107/><U50/><E119/><V29/><F133/><W22/><G127/><T110/><D116/><U115/><E115/><V132/><F106/><W102/><G65/><T41/><D60/><U75/><E32/><V28/><F132/><W13/><G79/><T85/><D26/><U46/><E105/><V96/><F34/><W70/><G74/><T118/><D118/><U122/><E122/><V108/><F108/><BYE who="2" /><N who="0" m="41578" /><D89/><U114/><E114/><V25/><F25/><W81/><G81/><N who="0" m="49199" /><D41/><U117/><E117/><V54/><F54/><W59/><G59/><N who="0" m="33255" /><D15/><UN n2="%E4%B8%B8%E5%8A%A9" /><U9/><E91/><V98/><F29/><W47/><G47/><T58/><D58/><U43/><E131/><V12/><F28/><W90/><G90/><T130/><D130/><U51/><E51/><N who="2" m="28775" /><F94/><W38/><G38/><AGARI ba="0,0" hai="5,7,36,38,39" m="33255,49199,41578" machi="38" ten="30,2000,0" yaku="14,1,54,1" doraHai="35" who="0" fromWho="3" sc="198,20,250,0,302,0,250,-20" />
</Scene>
<Scene>
<INIT seed="3,0,0,3,2,104" ten="218,250,302,230" oya="3" hai0="116,119,13,92,21,85,78,58,44,69,9,10,93" hai1="62,57,63,32,6,52,112,129,132,70,103,27,35" hai2="114,4,51,29,122,3,79,77,26,121,82,43,124" hai3="40,74,53,123,80,110,24,30,20,37,48,126,94"/><W34/><G123/><N who="2" m="47113" /><F114/><W49/><G126/><T88/><D69/><U22/><E112/><V105/><F105/><W125/><G125/><T106/><D106/><U0/><E129/><V18/><F18/><W39/><G110/><T14/><D78/><U67/><E132/><V97/><F97/><W11/><G11/><N who="0" m="4107" /><D119/><U100/><E6/><V102/><F102/><W1/><G1/><T12/><D44/><U117/><E0/><V2/><F4/><W71/><G71/><T72/><D72/><U33/><REACH who="1" step="1"/><E117/><REACH who="1" ten="218,240,302,230" step="2"/><V111/><F124/><W61/><G39/><T25/><D116/><U56/><E56/><V38/><F111/><W131/><G37/><T59/><D93/><U89/><E89/><V7/><F38/><W108/><G108/><T128/><D128/><U118/><E118/><V133/><F7/><W5/><G5/><T46/><D46/><U66/><E66/><V91/><F133/><W115/><G115/><T130/><D130/><U120/><E120/><V101/><F3/><W73/><G94/><T135/><D135/><U84/><E84/><V45/><F2/><W87/><G131/><T16/><AGARI ba="0,1" hai="12,13,14,16,21,25,58,59,85,88,92" m="4107" machi="16" ten="30,4000,0" yaku="8,1,54,2" doraHai="104" who="0" fromWho="0" sc="218,50,240,-10,302,-10,230,-20" />
</Scene>
<Scene>
<INIT seed="4,0,0,2,4,106" ten="268,230,292,210" oya="0" hai0="42,24,55,109,19,65,28,14,23,76,33,77,71" hai1="96,59,67,70,22,99,18,79,78,47,94,81,93" hai2="31,119,30,9,133,107,72,92,123,4,73,1,102" hai3="63,44,2,122,114,97,69,13,88,131,50,29,43"/><T86/><D109/><U39/><E70/><V32/><F123/><W53/><G2/><T27/><D42/><U56/><E39/><V10/><F107/><W120/><G114/><T95/><D55/><U103/><E47/><V11/><F133/><W89/><G131/><T98/><D86/><U68/><E68/><V20/><F119/><W91/><G29/><T132/><D132/><U17/><E67/><V61/><F32/><W15/><G97/><T49/><D49/><U62/><E62/><V16/><F9/><W110/><G110/><T129/><D129/><U45/><E45/><V104/><F104/><W84/><G84/><T74/><D74/><U3/><E3/><V64/><F11/><W108/><G108/><T113/><D113/><U8/><E8/><V83/><F83/><W25/><G25/><T125/><D125/><U52/><E81/><V116/><F116/><W111/><G111/><T51/><D51/><N who="1" m="30751" /><E59/><V7/><F7/><W112/><G112/><T6/><D6/><U135/><E135/><V115/><F115/><W5/><G5/><T118/><D118/><U46/><E46/><V124/><F124/><W35/><G35/><T87/><D65/><U130/><E130/><V37/><F37/><W48/><G69/><T75/><D71/><U21/><E21/><V121/><F121/><N who="3" m="46699" /><G63/><T0/><D0/><U134/><E134/><V117/><F117/><W40/><G50/><T126/><D126/><U34/><E34/><V101/><F1/><W105/><G105/><T38/><D33/><U127/><E127/><V128/><F4/><W41/><AGARI ba="0,0" hai="13,15,40,41,43,44,48,53,88,89,91" m="46699" machi="41" ten="40,5200,0" yaku="5,1,13,1,54,1" doraHai="106" who="3" fromWho="3" sc="268,-26,230,-13,292,-13,210,52" />
</Scene>
<Scene>
<INIT seed="5,0,0,3,3,125" ten="242,217,279,262" oya="1" hai0="134,16,20,107,89,91,102,99,27,28,72,9,100" hai1="103,104,23,97,130,49,88,101,112,81,79,45,118" hai2="71,94,109,60,57,47,133,135,63,69,65,36,37" hai3="80,61,53,87,25,85,54,123,58,19,126,5,38"/><U78/><E118/><V40/><F94/><W119/><G38/><T11/><D134/><N who="2" m="51210" /><F109/><W67/><G123/><T121/><D121/><U8/><E112/><V26/><F26/><W14/><G119/><T82/><D100/><U76/><E103/><V59/><F37/><W77/><G126/><T83/><D72/><U4/><E23/><V15/><F15/><W86/><G5/><T122/><D122/><U120/><E120/><V46/><F46/><W110/><G110/><T68/><D68/><U43/><E130/><V32/><F32/><W7/><G7/><T132/><D132/><U22/><E22/><V90/><F90/><W21/><REACH who="3" step="1"/><G25/><REACH who="3" ten="242,217,279,252" step="2"/><T73/><D73/><AGARI ba="0,1" hai="14,19,21,53,54,58,61,67,73,77,80,85,86,87" machi="73" ten="40,2600,0" yaku="1,1,2,1,53,0" doraHai="125" doraHaiUra="3" who="3" fromWho="0" sc="242,-26,217,0,279,0,252,36" />
</Scene>
<Scene>
<INIT seed="6,0,0,4,0,1" ten="216,217,279,288" oya="2" hai0="7,86,129,70,2,50,96,56,49,110,100,8,20" hai1="51,121,80,119,48,66,104,133,69,79,134,43,17" hai2="24,42,73,126,62,44,90,109,124,28,85,0,35" hai3="81,68,91,108,89,94,128,25,9,88,72,41,127"/><V27/><F73/><W16/><G68/><T31/><D110/><U67/><E119/><V40/><F109/><W3/><G108/><T102/><D70/><U117/><E117/><V61/><F0/><W74/><G128/><T30/><D129/><U105/><E121/><V130/><F27/><W132/><G127/><N who="2" m="48681" /><F130/><W52/><G132/><N who="1" m="50794" /><E17/><V36/><F42/><W78/><G41/><T34/><D34/><U38/><E38/><V103/><F103/><W75/><G94/><AGARI ba="0,0" hai="24,28,35,36,40,44,61,62,85,90,94" m="48681" machi="94" ten="30,1500,0" yaku="18,1" doraHai="1" who="2" fromWho="3" sc="216,0,217,0,279,15,288,-15" />
</Scene>
<Scene>
<INIT seed="6,1,0,3,5,65" ten="216,217,294,273" oya="2" hai0="80,84,64,16,10,56,79,19,95,125,15,54,116" hai1="75,109,28,43,55,29,14,22,27,57,81,18,46" hai2="76,74,69,96,49,71,103,129,107,101,32,99,126" hai3="6,51,48,45,41,13,90,133,68,60,36,17,3"/><V53/><F32/><W47/><G133/><T25/><D125/><U83/><E109/><V85/><F74/><W88/><G36/><T98/><D116/><U66/><E66/><V117/><F117/><W34/><G34/><T104/><D104/><U106/><E106/><V11/><F126/><W87/><G3/><T4/><D64/><U82/><E75/><V24/><F129/><W113/><G113/><T62/><REACH who="0" step="1"/><D25/><REACH who="0" ten="206,217,294,273" step="2"/><U5/><E5/><V39/><F24/><W134/><G6/><T59/><D59/><U118/><E118/><V72/><F107/><W70/><G134/><T131/><D131/><U63/><REACH who="1" step="1"/><E27/><REACH who="1" ten="206,207,294,273" step="2"/><V91/><F71/><W73/><G70/><T1/><D1/><U58/><E58/><V67/><F69/><W92/><G68/><T100/><AGARI ba="1,2" hai="4,10,15,16,19,54,56,62,79,80,84,95,98,100" machi="100" ten="20,12000,2" yaku="1,1,0,1,7,1,8,1,54,1,53,1" doraHai="65" doraHaiUra="7" who="0" fromWho="0" sc="206,143,207,-31,294,-61,273,-31" />
</Scene>
<Scene>
<INIT seed="7,0,0,3,1,85" ten="349,176,233,242" oya="3" hai0="98,52,93,94,4,79,19,29,97,13,1,25,17" hai1="107,36,6,53,65,61,120,22,7,69,56,102,87" hai2="21,63,75,9,80,105,113,0,71,74,14,42,18" hai3="70,132,57,41,73,49,86,31,27,5,34,48,8"/><W110/><G70/><T66/><D66/><U54/><E120/><V112/><F105/><W92/><G73/><T44/><D79/><U23/><E36/><V125/><F125/><W43/><G132/><T103/><D1/><U95/><E107/><V111/><F111/><W16/><G110/><T99/><D4/><U101/><E69/><V15/><F0/><W127/><G127/><T28/><D25/><U58/><E65/><N who="2" m="41407" /><F80/><W84/><G57/><T96/><D94/><U37/><E37/><V2/><F42/><W67/><G67/><T35/><D35/><U3/><E3/><V135/><F2/><W77/><G86/><T123/><D123/><U115/><E115/><N who="2" m="44107" /><F135/><W126/><G126/><T72/><D72/><U116/><E116/><V131/><F131/><W81/><G92/><T108/><D108/><U106/><E106/><V100/><F100/><W82/><G82/><T26/><D26/><U68/><E68/><V30/><F30/><N who="0" m="11882" /><D13/><U60/><E95/><V33/><F33/><W47/><G5/><AGARI ba="0,0" hai="5,9,14,15,18,21,74,75" m="44107,41407" machi="5" ten="30,1000,0" yaku="15,1" doraHai="85" who="2" fromWho="3" sc="349,0,176,0,233,10,242,-10" owari="349,45.0,176,-32.0,243,4.0,232,-17.0" />
</Scene>
</mjloggm>