<mjloggm ver="2.3"><GO type="169" lobby="0"/><UN n0="%E5%BC%B1%E8%99%AB" n1="%E5%A4%AA%E3%81%8F%E3%81%AA%E3%81%84%E3%81%8A" n2="%E9%87%8E%E7%94%B0%E3%83%9A%E3%83%8B%E5%A4%AB" n3="%E5%90%A0%E3%81%88%E3%82%8B%E5%BD%A1%E2%98%86" dan="16,18,16,16" rate="2108.44,2243.56,2050.86,2117.61" sx="M,F,M,M"/><TAIKYOKU oya="0"/>

<Scene>
<INIT seed="0,0,0,3,2,63" ten="250,250,250,250" oya="0" hai0="34,114,54,7,66,46,6,77,89,129,67,65,113" hai1="112,108,36,123,3,28,29,53,10,105,5,99,130" hai2="56,38,15,48,61,92,69,43,2,73,68,8,84" hai3="9,51,82,111,118,83,1,93,17,125,97,121,37"/><T11/><D34/><U117/><E123/><V58/><F73/><W12/><G118/><T19/><D129/><U30/><E117/><V57/><F2/><W115/><G37/><T104/><D104/><U21/><E36/><V102/><F38/><W103/><G115/><T47/><D77/><U131/><E112/><V81/><F61/><W101/><G121/><T62/><D114/><U18/><E53/><V79/><F102/><W106/><G111/><T32/><D32/><U134/><E99/><V13/><F92/><W116/><G116/><T24/><D113/><U25/><E105/><V126/><F13/><W60/><G101/><T122/><D122/><U59/><E59/><V22/><F22/><W76/><G106/><T91/><D62/><U0/><E108/><V23/><F23/><W110/><G1/><N who="1" m="586" /><E134/><V26/><F26/><W16/><G51/><N who="0" m="29047" /><D47/><U40/><E40/><V107/><F107/><W96/><G96/><T87/><D91/><U44/><E44/><N who="2" m="25631" /><F126/><W132/><G125/><T70/><D70/><U94/><E130/><V71/><F71/><W45/><G45/><T14/><D24/><U74/><E74/><V39/><F39/><W85/><G132/><T133/><D133/><U27/><E131/><V90/><F90/><W64/><G110/><T78/><D78/><U4/><E27/><V41/><F41/><W33/><G33/><T124/><D124/><U119/><E119/><V95/><F95/><AGARI ba="0,0" hai="6,7,11,14,19,65,66,67,87,89,95" m="29047" machi="95" ten="30,11600,0" yaku="8,1,52,3" doraHai="63" who="0" fromWho="2" sc="250,116,250,0,250,-116,250,0" />
</Scene>
<Scene>
<INIT seed="0,1,0,5,5,38" ten="366,250,134,250" oya="0" hai0="121,91,31,92,3,86,89,68,98,57,135,105,67" hai1="25,74,87,62,29,37,16,55,64,101,6,80,132" hai2="107,15,122,56,9,71,123,33,95,7,8,4,48" hai3="1,18,5,115,20,116,108,81,61,17,65,106,78"/><T21/><D3/><U85/><E6/><V42/><F107/><W23/><G115/><T13/><D121/><U66/><E37/><V40/><F33/><W96/><G116/><T32/><D135/><U63/><E132/><V131/><F71/><W72/><G108/><T93/><D105/><U26/><E101/><V97/><F131/><W54/><G1/><T43/><D43/><N who="2" m="16426" /><F123/><W58/><G5/><N who="2" m="2121" /><F122/><W11/><G65/><T12/><D32/><U30/><E74/><V76/><F76/><W10/><G106/><T94/><D68/><U28/><E28/><V84/><F84/><W51/><G96/><T0/><D0/><U50/><E66/><V120/><F15/><W41/><G41/><T34/><D34/><U103/><E87/><V24/><F24/><W75/><G78/><T111/><D111/><U113/><E26/><V70/><F70/><W73/><G73/><T60/><D94/><U36/><E113/><V53/><F120/><W130/><G75/><T104/><D104/><U127/><E85/><V52/><F53/><W99/><G54/><T59/><D31/><U83/><E29/><V88/><AGARI ba="1,0" hai="8,9,48,52,56,88,95,97" m="2121,16426" machi="88" ten="30,12000,2" yaku="8,1,52,3,54,2" doraHai="38" who="2" fromWho="2" sc="366,-61,250,-31,134,123,250,-31" />
</Scene>
<Scene>
<INIT seed="1,0,0,3,2,3" ten="305,219,257,219" oya="1" hai0="25,10,20,128,95,121,24,101,60,114,129,92,87" hai1="90,132,71,57,33,89,23,124,67,40,88,75,126" hai2="56,36,82,26,49,100,69,74,133,66,34,53,127" hai3="93,104,17,11,120,125,13,118,99,86,134,111,18"/><U78/><E33/><V119/><F119/><W30/><G120/><T68/><D114/><U38/><E71/><V76/><F100/><W96/><G111/><T72/><D72/><U32/><E32/><V55/><F36/><W16/><G118/><T8/><D121/><U61/><E132/><V43/><F133/><W131/><G134/><T48/><D48/><U4/><E23/><V19/><F127/><N who="1" m="48681" /><E4/><V70/><F66/><W85/><G30/><T5/><D20/><U65/><E65/><V106/><F43/><W39/><G39/><T102/><D60/><U29/><E29/><V12/><F106/><W105/><G131/><T115/><D115/><U97/><E97/><V0/><F0/><W64/><G64/><T98/><D98/><U79/><E75/><V83/><F26/><W62/><G62/><T31/><D31/><U27/><E27/><V122/><F34/><W113/><G113/><T84/><D68/><U52/><E67/><V91/><F122/><W15/><G125/><T112/><D112/><U110/><E110/><V59/><F70/><W58/><G104/><T35/><D35/><U108/><E108/><V45/><F69/><W73/><G73/><T51/><D51/><U1/><E1/><V41/><F74/><W117/><G99/><T135/><D135/><U130/><E130/><V54/><F59/><W109/><G58/><T77/><D129/><U63/><E63/><V9/><F56/><W103/><G109/><T94/><D128/><U22/><E22/><V50/><F50/><W46/><G117/><T44/><D25/><U21/><E21/><RYUUKYOKU ba="0,0" sc="305,-10,219,30,257,-10,219,-10" hai1="38,40,52,57,61,78,79,88,89,90" />
</Scene>
<Scene>
<INIT seed="1,1,0,4,0,73" ten="295,249,247,209" oya="1" hai0="65,95,130,36,102,67,118,77,103,124,23,26,100" hai1="127,2,90,129,121,22,69,76,55,45,19,106,66" hai2="48,91,15,41,78,10,80,134,56,85,105,37,51" hai3="38,112,82,33,52,123,64,43,97,40,16,122,120"/><U131/><E121/><V31/><F105/><W46/><G33/><T74/><D36/><U83/><E2/><V63/><F134/><W89/><G112/><T25/><D118/><U92/><E106/><V18/><F31/><W0/><G0/><T35/><D130/><N who="1" m="49675" /><E127/><V60/><F60/><W111/><G64/><T1/><D1/><U21/><E66/><V110/><F110/><W3/><G3/><T27/><D124/><U109/><E69/><V126/><F126/><W81/><G43/><T101/><D35/><U58/><E45/><V59/><F59/><W117/><G111/><T108/><D108/><U135/><E135/><V86/><F41/><W6/><G6/><T68/><D23/><U49/><E19/><V84/><F37/><W53/><G117/><T34/><D34/><U44/><E58/><V30/><F30/><W132/><G132/><T28/><D28/><U128/><E109/><V5/><F18/><W4/><G4/><T94/><N who="0" m="25600" /><DORA hai="87" /><T32/><D32/><U71/><E71/><V39/><F39/><W57/><G16/><T93/><REACH who="0" step="1"/><D68/><REACH who="0" ten="285,249,247,209" step="2"/><U107/><E107/><V12/><F12/><W88/><G120/><T119/><D119/><U9/><E128/><V115/><F15/><W42/><G38/><T29/><D29/><U54/><E21/><V47/><F10/><W72/><G123/><T50/><D50/><U70/><E22/><V98/><F48/><W96/><G122/><T14/><D14/><U75/><E70/><V20/><F51/><W99/><G42/><T113/><D113/><U104/><E104/><V17/><F115/><RYUUKYOKU ba="1,1" sc="285,30,249,-10,247,-10,209,-10" hai0="25,26,27,65,67,74,77,93,94,95" />
</Scene>
<Scene>
<INIT seed="2,2,1,2,1,43" ten="315,239,237,199" oya="2" hai0="120,36,66,105,25,53,77,18,106,17,42,113,90" hai1="39,9,40,60,21,126,130,107,78,59,19,69,124" hai2="4,45,8,93,65,102,35,52,50,123,88,131,114" hai3="129,20,86,28,2,1,27,0,26,46,97,68,100"/><V96/><F114/><W99/><G68/><T111/><D113/><U57/><E107/><V117/><F123/><W6/><G129/><T72/><D120/><U135/><E78/><V98/><F117/><W51/><G86/><T79/><D66/><N who="1" m="41159" /><E9/><V41/><F35/><W37/><G37/><T73/><D111/><U110/><E110/><V44/><F131/><W83/><G83/><T103/><D90/><U54/><E130/><V109/><F109/><W127/><G127/><N who="1" m="48682" /><E135/><V34/><F65/><W61/><G61/><T87/><D87/><U84/><E84/><V101/><F34/><W81/><G81/><T118/><D118/><U121/><E54/><V67/><F67/><W71/><G71/><T10/><D53/><U23/><E23/><V38/><F98/><W49/><G6/><T112/><D112/><U116/><E116/><V62/><F62/><W13/><G99/><T108/><D108/><U14/><E121/><V11/><F11/><W125/><G125/><T32/><D10/><U47/><AGARI ba="2,1" hai="14,19,21,39,40,47,57,59" m="48682,41159" machi="47" ten="30,2000,0" yaku="18,1,52,1" doraHai="43" who="1" fromWho="1" sc="315,-7,239,36,237,-12,199,-7" />
</Scene>
<Scene>
<INIT seed="3,0,0,4,1,43" ten="308,275,225,192" oya="3" hai0="117,66,88,9,118,26,132,98,120,21,1,84,49" hai1="135,14,94,101,67,54,122,42,89,105,121,128,46" hai2="50,115,53,71,73,58,48,72,81,23,19,64,33" hai3="87,0,103,30,6,111,5,15,69,92,3,90,80"/><W133/><G69/><T109/><D120/><U61/><E105/><V114/><F33/><W65/><G65/><T10/><D109/><U24/><E101/><V40/><F81/><W100/><G133/><T11/><D132/><U110/><E135/><V60/><F72/><W12/><G111/><T36/><D36/><U96/><E110/><V39/><F73/><W82/><G30/><T119/><D98/><U74/><E74/><V27/><REACH who="2" step="1"/><F50/><REACH who="2" ten="308,275,215,192" step="2"/><W76/><G3/><T51/><D1/><U57/><E122/><V8/><F8/><W108/><G0/><T79/><D79/><U99/><E121/><V129/><F129/><W44/><G108/><T47/><D51/><U31/><E128/><V131/><F131/><W97/><G82/><T2/><D2/><U130/><E130/><V124/><F124/><W83/><G80/><T34/><D34/><U56/><E61/><V116/><F116/><W13/><REACH who="3" step="1"/><G44/><AGARI ba="0,1" hai="19,23,27,39,40,44,48,53,58,60,64,71,114,115" machi="44" ten="40,8000,1" yaku="1,1,24,2,52,1,53,1" doraHai="43" doraHaiUra="20" who="2" fromWho="3" sc="308,0,275,0,215,90,192,-80" />
</Scene>
<Scene>
<INIT seed="4,0,0,0,0,60" ten="308,275,305,112" oya="0" hai0="97,114,34,87,8,119,86,32,52,48,54,1,31" hai1="66,108,49,50,71,95,68,5,85,53,121,40,61" hai2="28,99,25,11,46,74,58,115,57,12,26,42,9" hai3="102,4,94,6,84,59,75,33,10,109,105,116,83"/><T77/><D119/><U103/><E108/><V80/><F115/><W135/><G109/><T131/><D114/><U51/><E121/><V128/><F128/><W13/><G33/><T100/><D131/><U18/><E5/><V22/><F99/><W88/><G116/><T67/><D67/><U133/><E133/><V21/><F11/><W104/><G135/><T45/><D54/><U20/><E40/><V96/><F96/><W16/><G104/><T62/><D62/><U70/><E53/><V93/><F93/><W120/><G120/><T82/><D31/><U111/><E111/><V15/><F15/><W78/><G59/><T43/><D43/><U3/><E3/><V90/><F74/><W125/><G125/><T23/><D23/><U127/><E127/><V122/><F122/><W63/><G63/><T107/><REACH who="0" step="1"/><D87/><REACH who="0" ten="298,275,305,112" step="2"/><U112/><E112/><V92/><F42/><W44/><G44/><T106/><D106/><U81/><E61/><V35/><F46/><W101/><G101/><T124/><D124/><U30/><E103/><V17/><F35/><W72/><G75/><T132/><D132/><U76/><E30/><V56/><F28/><W117/><G117/><T29/><D29/><U89/><E66/><V98/><F21/><W134/><G134/><T47/><D47/><U19/><REACH who="1" step="1"/><E20/><REACH who="1" ten="298,265,305,112" step="2"/><V64/><F22/><W91/><REACH who="3" step="1"/><G91/><REACH who="3" ten="298,265,305,102" step="2"/><T126/><D126/><U27/><E27/><V37/><F26/><W73/><G73/><AGARI ba="0,3" hai="18,19,49,50,51,68,70,71,73,76,81,85,89,95" machi="73" ten="50,1600,0" yaku="1,1,53,0" doraHai="60" doraHaiUra="7" who="1" fromWho="3" sc="298,0,265,46,305,0,102,-16" />
</Scene>
<Scene>
<INIT seed="5,0,0,1,1,90" ten="298,311,305,86" oya="1" hai0="69,52,6,2,17,16,92,45,5,8,7,102,27" hai1="129,23,133,98,12,93,108,99,95,105,76,66,47" hai2="22,61,35,18,50,73,132,1,84,60,59,51,87" hai3="31,44,67,49,78,54,71,88,62,4,77,119,39"/><U70/><E76/><V82/><F35/><W89/><G119/><T134/><D69/><U107/><E70/><V20/><F1/><W110/><G110/><T111/><D111/><U103/><E108/><V123/><F123/><W64/><G64/><T91/><D102/><U25/><E66/><V125/><F73/><W40/><G31/><T53/><D134/><U41/><E12/><V97/><F132/><W57/><G4/><T112/><D112/><U83/><E83/><V0/><F0/><W100/><G100/><T109/><D109/><U56/><E56/><V33/><F33/><W42/><G42/><T24/><D2/><U81/><E81/><V13/><F125/><W32/><G32/><T131/><D131/><U29/><E129/><V128/><F128/><W34/><G34/><T101/><D101/><U94/><E133/><V113/><F113/><W10/><G10/><T135/><D135/><U115/><E115/><V96/><F59/><W58/><G58/><T43/><D43/><U80/><E80/><V19/><F82/><W26/><G26/><N who="0" m="9771" /><D45/><U11/><E11/><V65/><F65/><W9/><G9/><T48/><D48/><U63/><E63/><V85/><F85/><W72/><G72/><T79/><D79/><AGARI ba="0,0" hai="39,40,44,49,54,57,62,67,71,77,78,79,88,89" machi="79" ten="40,5200,0" yaku="24,2,54,1" doraHai="90" who="3" fromWho="0" sc="298,-52,311,0,305,0,86,52" />
</Scene>
<Scene>
<INIT seed="6,0,0,0,0,124" ten="246,311,305,138" oya="2" hai0="128,51,30,118,133,45,29,101,114,94,73,61,27" hai1="126,88,120,28,113,10,65,107,49,119,26,52,74" hai2="60,15,5,72,96,75,130,59,109,81,31,41,95" hai3="131,85,25,84,78,71,56,7,117,82,121,21,129"/><V33/><F41/><W2/><G71/><T47/><D73/><U13/><E119/><V99/><F99/><W68/><G68/><T87/><D118/><U125/><E74/><V37/><F37/><W58/><G117/><T115/><D133/><U97/><E65/><V100/><F109/><W62/><G121/><T14/><D61/><U42/><E42/><V123/><F123/><W53/><G7/><T19/><D101/><U44/><E120/><V111/><F111/><W12/><G2/><T39/><D39/><U122/><E122/><V83/><F75/><W104/><G104/><T90/><D128/><N who="3" m="49225" /><G56/><T76/><D76/><U86/><E107/><V8/><F72/><N who="3" m="43335" /><G12/><T18/><D14/><U77/><E13/><V40/><F130/><W110/><G110/><T24/><D115/><U93/><E113/><V91/><F59/><W11/><G11/><T80/><D114/><U132/><E10/><V135/><F15/><W98/><G98/><T55/><D45/><U66/><E97/><V48/><F8/><W116/><G116/><T22/><REACH who="0" step="1"/><D80/><REACH who="0" ten="236,311,305,138" step="2"/><U127/><E127/><V106/><F83/><W17/><AGARI ba="0,1" hai="17,21,25,53,58,62,84,85" m="43335,49225" machi="17" ten="30,7900,0" yaku="19,1,52,3" doraHai="124" who="3" fromWho="3" sc="236,-20,311,-20,305,-39,138,89" />
</Scene>
<Scene>
<INIT seed="7,0,0,0,2,36" ten="216,291,266,227" oya="3" hai0="15,132,33,11,134,37,79,91,88,22,128,94,83" hai1="10,90,119,5,69,27,76,95,49,29,92,13,122" hai2="44,118,125,121,114,89,23,1,73,26,6,101,12" hai3="103,52,102,116,60,46,9,57,127,87,21,130,51"/><W86/><G116/><T48/><D37/><U120/><E69/><V19/><F118/><W109/><G130/><T32/><D128/><U20/><E119/><V78/><F101/><N who="3" m="38411" /><G127/><T74/><D22/><U61/><E76/><V72/><F125/><W7/><G109/><T81/><D48/><U39/><E39/><V0/><F78/><W59/><G59/><T31/><D81/><U41/><E61/><V124/><F124/><W80/><G21/><T38/><D38/><U53/><E41/><V43/><F114/><W55/><G80/><T107/><D107/><U67/><E67/><V110/><F110/><W2/><G2/><T96/><D91/><U71/><E71/><V98/><F121/><W47/><G7/><T40/><D40/><U50/><E50/><V112/><F112/><W97/><G9/><T24/><REACH who="0" step="1"/><D33/><REACH who="0" ten="206,291,266,227" step="2"/><U17/><E120/><V25/><F23/><W14/><G97/><T30/><D30/><U16/><E122/><V111/><F98/><W68/><G68/><T56/><D56/><N who="1" m="32815" /><E95/><V34/><F111/><W129/><G129/><T106/><D106/><U93/><E92/><V126/><F126/><W108/><G108/><T117/><D117/><U65/><E93/><V58/><F34/><W100/><G100/><T18/><AGARI ba="0,1" hai="11,15,18,24,31,32,74,79,83,88,94,96,132,134" machi="18" ten="30,7900,0" yaku="1,1,0,1,54,1,53,1" doraHai="36" doraHaiUra="105" who="0" fromWho="0" sc="206,89,291,-20,266,-20,227,-39" />
</Scene>
<Scene>
<INIT seed="8,0,0,5,5,118" ten="295,271,246,188" oya="0" hai0="107,75,11,25,133,15,29,22,20,78,117,16,123" hai1="69,92,7,112,102,2,93,39,90,115,54,38,134" hai2="55,120,33,77,73,56,35,122,6,74,59,111,51" hai3="72,43,9,82,104,67,86,130,4,99,80,58,37"/><T34/><D107/><U5/><E69/><V106/><F106/><W53/><G130/><T110/><D117/><U48/><E102/><V66/><F111/><W61/><G72/><T31/><D110/><U132/><E2/><V44/><F6/><N who="1" m="2057" /><E39/><V18/><F18/><W21/><G104/><T84/><D75/><U88/><E38/><V116/><F116/><W12/><G99/><T131/><D131/><U81/><E81/><V19/><F19/><W64/><G80/><N who="0" m="47127" /><D123/><U94/><E54/><V49/><F77/><W46/><REACH who="3" step="1"/><G21/><REACH who="3" ten="295,271,246,178" step="2"/><T36/><D34/><U100/><E132/><V13/><F35/><W68/><G68/><T125/><D133/><U62/><E134/><V129/><F33/><W121/><G121/><T105/><D105/><U96/><E96/><V28/><F74/><W63/><G63/><T113/><D22/><U91/><E62/><V124/><F73/><W30/><G30/><T108/><D108/><U47/><E100/><V65/><F28/><W127/><G127/><T23/><D125/><U114/><E94/><V85/><F124/><W95/><G95/><T45/><D23/><U87/><E93/><V79/><F129/><W101/><G101/><T71/><D71/><U98/><E98/><V8/><F120/><W50/><G50/><T109/><D109/><U70/><E70/><V0/><F51/><W42/><G42/><N who="0" m="22727" /><D31/><U60/><E60/><V135/><F122/><W76/><AGARI ba="0,1" hai="4,9,12,37,43,46,53,58,61,64,67,76,82,86" machi="76" ten="20,5200,0" yaku="1,1,0,1,7,1,53,1" doraHai="118" doraHaiUra="3" who="3" fromWho="3" sc="295,-26,271,-13,246,-13,178,62" />
</Scene>
<Scene>
<INIT seed="9,0,0,0,0,31" ten="269,258,233,240" oya="1" hai0="65,36,67,125,103,56,102,75,62,82,47,119,27" hai1="68,95,16,49,53,3,55,7,39,30,72,132,114" hai2="78,98,61,25,24,97,54,9,110,79,88,14,43" hai3="106,71,17,123,83,130,32,99,115,131,52,13,12"/><U4/><E39/><V116/><F116/><W23/><G123/><T129/><D119/><U122/><E122/><V66/><F110/><W135/><G71/><T86/><D75/><U35/><E114/><V87/><F43/><W69/><G69/><T117/><D117/><U37/><E37/><V133/><F133/><W10/><G135/><T84/><D129/><N who="3" m="49161" /><G115/><T105/><D125/><U85/><E72/><V118/><F118/><W58/><G83/><T33/><D67/><U6/><E3/><V45/><F54/><W28/><G106/><T21/><D105/><U80/><E68/><V2/><F45/><W0/><G0/><T73/><D73/><U109/><E132/><V57/><F2/><W48/><G99/><N who="2" m="37897" /><F79/><W1/><G1/><T15/><D36/><U42/><E95/><N who="2" m="54687" /><F78/><W46/><G32/><T107/><D33/><U51/><E109/><V5/><AGARI ba="0,0" hai="5,9,14,24,25,57,61,66" m="54687,37897" machi="5" ten="30,2000,0" yaku="8,1,54,1" doraHai="31" who="2" fromWho="2" sc="269,-5,258,-10,233,20,240,-5" />
</Scene>
<Scene>
<INIT seed="10,0,0,2,3,89" ten="264,248,253,235" oya="2" hai0="77,129,87,38,26,124,119,63,34,75,73,116,66" hai1="22,5,3,23,97,86,134,50,36,43,48,24,85" hai2="95,59,67,107,92,21,83,27,111,70,17,39,2" hai3="103,122,18,91,33,28,4,123,127,82,1,14,41"/><V128/><F70/><W64/><G127/><T114/><D114/><U65/><E36/><V40/><F2/><W42/><G103/><T118/><D38/><U61/><E134/><V90/><F107/><W54/><G64/><T105/><D105/><U88/><E3/><V62/><F128/><W44/><G122/><T120/><D120/><U52/><E5/><V11/><F111/><W112/><G123/><T37/><D37/><U113/><E43/><V30/><F40/><W109/><G109/><T35/><D124/><U13/><E13/><N who="2" m="7359" /><F39/><W115/><G54/><T76/><D129/><U100/><E48/><V9/><F9/><N who="3" m="2191" /><G44/><T12/><D12/><U101/><E113/><N who="3" m="43594" /><G28/><N who="0" m="19735" /><D35/><U94/><E101/><V49/><F49/><W56/><G56/><N who="0" m="37223" /><D76/><U16/><E100/><V117/><F117/><W110/><G33/><T8/><D8/><U121/><E121/><V15/><F15/><W133/><G133/><T0/><D0/><U19/><E65/><V104/><F104/><W69/><G69/><T130/><D130/><U25/><E61/><V51/><F51/><W98/><G110/><T6/><D6/><U58/><AGARI ba="0,0" hai="16,19,22,23,24,25,50,52,58,85,86,88,94,97" machi="58" ten="20,16000,3" yaku="0,1,7,1,9,1,8,1,52,1,54,3" doraHai="89" who="1" fromWho="1" sc="264,-40,248,160,253,-80,235,-40" owari="224,2.0,408,51.0,173,-33.0,195,-20.0" />
</Scene>
</mjloggm>