<mjloggm ver="2.3"><GO type="169" lobby="0"/><UN n0="%E5%A4%AA%E3%81%8F%E3%81%AA%E3%81%84%E3%81%8A" n1="%E8%BF%91%E3%82%AA%E3%83%AA%E5%85%9A" n2="%E5%A5%88%E8%90%BD%E3%81%AE%E7%8E%8B" n3="%E2%99%AA%E3%83%A2%E3%83%8E%E3%82%AF%E3%83%AD" dan="17,16,17,18" rate="2179.29,2035.09,2160.88,2221.08" sx="M,M,M,F"/><TAIKYOKU oya="0"/>

<Scene>
<INIT seed="0,0,0,0,0,114" ten="250,250,250,250" oya="0" hai0="81,75,65,76,10,61,11,117,22,83,64,95,5" hai1="120,125,38,18,20,52,89,2,0,31,105,72,21" hai2="78,87,32,79,112,69,59,110,126,93,16,58,60" hai3="56,49,6,63,34,80,40,100,33,41,128,55,3"/><T107/><D107/><U103/><E120/><V46/><F32/><W24/><G128/><T17/><D117/><U109/><E38/><V96/><F69/><W29/><G34/><T35/><D35/><U26/><E72/><V74/><F74/><W111/><G111/><T92/><D83/><U15/><E109/><V101/><F110/><W99/><G80/><T71/><D65/><U4/><E125/><V133/><F133/><W14/><G3/><T30/><D30/><U113/><E113/><V88/><F126/><W82/><G82/><T121/><D121/><U123/><E123/><V7/><F7/><W27/><G24/><T13/><REACH who="0" step="1"/><D10/><REACH who="0" ten="240,250,250,250" step="2"/><U127/><E127/><V23/><F112/><W115/><G115/><T97/><D97/><U28/><E28/><V104/><F104/><W73/><G33/><T43/><D43/><U54/><E105/><V45/><F96/><W108/><G108/><T9/><D9/><U1/><E31/><V42/><F42/><W102/><G99/><T39/><D39/><U51/><E21/><V67/><F23/><N who="3" m="15615" /><G41/><T116/><D116/><U130/><E20/><V53/><F67/><W132/><G40/><T8/><D8/><U106/><E106/><V62/><F93/><W48/><G132/><T50/><D50/><N who="3" m="19561" /><G73/><T118/><D118/><U47/><E51/><V98/><F98/><W84/><G84/><T66/><D66/><U77/><E130/><V44/><F87/><W122/><G122/><T124/><D124/><U19/><E77/><V135/><F79/><W119/><G119/><T90/><D90/><U70/><E89/><RYUUKYOKU ba="0,1" sc="240,15,250,-15,250,-15,250,15" hai0="5,11,13,17,22,61,64,71,75,76,81,92,95" hai3="6,14,55,56,63,100,102" />
</Scene>
<Scene>
<INIT seed="0,1,1,1,0,24" ten="255,235,235,265" oya="0" hai0="86,87,125,88,127,56,42,114,18,13,45,33,46" hai1="131,3,107,60,23,85,72,16,71,0,133,98,91" hai2="40,70,32,5,81,128,68,105,104,101,135,109,74" hai3="124,38,111,1,58,62,65,94,63,29,55,79,126"/><T117/><D117/><U27/><E72/><V7/><F109/><W48/><G111/><T21/><D114/><U17/><E131/><V110/><F110/><W119/><G119/><T6/><D33/><U61/><E133/><V66/><F135/><W4/><G38/><T76/><D6/><U99/><E17/><V67/><F32/><W97/><G79/><T39/><D46/><U80/><E61/><V115/><F81/><W2/><G29/><T52/><D76/><U75/><E75/><V96/><F96/><W118/><G118/><T113/><D113/><U123/><E123/><V132/><F132/><W25/><G25/><T92/><REACH who="0" step="1"/><D87/><REACH who="0" ten="245,235,235,265" step="2"/><U122/><E122/><V28/><F115/><W10/><G2/><T121/><D121/><U103/><REACH who="1" step="1"/><E99/><REACH who="1" ten="245,225,235,265" step="2"/><V134/><F134/><W73/><G73/><T41/><D41/><U12/><E12/><V31/><F40/><W50/><G97/><T84/><D84/><U47/><E47/><V64/><F74/><W26/><G1/><T120/><D120/><U112/><E112/><V49/><F7/><W100/><G4/><T20/><D20/><U22/><E22/><V37/><F5/><W19/><G10/><T78/><D78/><U130/><E130/><V89/><F128/><W82/><G26/><T106/><D106/><U69/><E69/><V129/><F105/><W35/><G35/><T90/><D90/><U116/><E116/><V108/><F104/><W51/><G100/><T53/><D53/><U11/><E11/><V43/><F101/><W34/><G55/><T102/><D102/><U36/><E36/><RYUUKYOKU ba="1,3" sc="245,15,225,15,235,-15,265,-15" hai0="13,18,21,39,42,45,52,56,86,88,92,125,127" hai1="0,3,16,23,27,60,71,80,85,91,98,103,107" />
</Scene>
<Scene>
<INIT seed="0,2,3,4,0,1" ten="260,240,220,250" oya="0" hai0="5,62,0,85,75,103,40,79,71,67,122,55,66" hai1="114,38,51,42,47,30,128,120,7,16,37,46,52" hai2="87,94,84,22,105,83,20,91,6,93,13,119,9" hai3="124,43,97,10,76,28,14,86,110,72,19,60,53"/><T130/><D122/><U29/><E120/><V108/><F105/><W131/><G72/><T17/><D130/><U74/><E128/><V134/><F108/><W107/><G131/><T127/><D127/><U4/><E114/><V34/><F34/><W121/><G121/><T135/><D135/><U129/><E129/><V25/><F134/><W45/><G110/><T15/><D75/><U12/><E74/><V125/><F125/><W56/><G124/><T109/><D40/><U102/><E102/><V112/><F112/><W115/><G115/><T65/><D103/><U35/><E38/><V82/><F119/><W100/><G28/><T48/><D109/><U116/><E116/><V133/><F133/><W18/><G86/><T70/><D70/><U73/><E73/><V21/><REACH who="2" step="1"/><F25/><REACH who="2" ten="260,240,210,250" step="2"/><W49/><REACH who="3" step="1"/><G76/><AGARI ba="2,4" hai="6,9,13,20,21,22,76,82,83,84,87,91,93,94" machi="76" ten="40,8000,1" yaku="1,1,2,1,8,1,52,1,53,0" doraHai="1" doraHaiUra="92" who="2" fromWho="3" sc="260,0,240,0,210,126,250,-86" />
</Scene>
<Scene>
<INIT seed="1,0,0,3,2,129" ten="260,240,336,164" oya="1" hai0="49,11,107,94,55,27,72,38,43,100,84,8,62" hai1="15,86,5,112,95,67,128,103,110,24,21,75,45" hai2="135,54,71,26,122,35,47,105,73,61,4,109,13" hai3="96,18,9,88,134,82,17,127,33,19,32,51,78"/><U131/><E112/><V91/><F73/><W12/><G127/><T53/><D72/><U69/><E75/><V29/><F122/><W68/><G68/><T98/><D38/><U87/><E110/><V66/><F109/><W22/><G78/><T83/><D107/><U79/><E45/><V90/><F4/><W124/><G124/><T2/><D2/><U41/><E41/><V10/><F47/><W118/><G118/><T14/><D27/><U104/><E104/><V48/><F48/><W132/><G51/><T123/><D123/><U25/><E69/><V101/><F54/><W52/><G52/><T99/><D99/><U76/><E67/><V1/><F1/><W74/><G74/><T133/><D62/><U111/><E111/><V65/><F65/><W34/><G82/><T39/><D39/><U106/><E106/><V92/><F105/><W0/><G0/><T64/><D64/><U50/><E50/><V36/><F36/><W40/><G40/><T59/><D43/><U116/><E116/><V70/><F70/><W31/><G31/><T46/><D55/><U89/><E103/><V16/><F101/><W37/><G37/><T7/><D46/><U42/><E42/><V119/><F119/><W60/><G60/><T102/><D102/><U121/><E121/><V108/><F108/><W125/><G125/><T30/><D100/><U114/><E114/><V20/><F35/><W93/><REACH who="3" step="1"/><G22/><REACH who="3" ten="260,240,336,154" step="2"/><T28/><D49/><U120/><E120/><V3/><F71/><W57/><G57/><T63/><D59/><U117/><E117/><V81/><F61/><RYUUKYOKU ba="0,1" sc="260,-10,240,-10,336,-10,154,30" hai3="9,12,17,18,19,32,33,34,88,93,96,132,134" />
</Scene>
<Scene>
<INIT seed="2,1,1,3,4,91" ten="250,230,326,184" oya="2" hai0="32,81,45,125,97,12,120,68,131,48,104,15,24" hai1="134,96,6,109,41,132,69,52,123,95,39,66,20" hai2="35,46,25,98,27,122,93,105,14,82,63,108,106" hai3="33,87,133,67,28,107,62,128,71,42,83,16,30"/><V43/><F122/><W13/><G107/><T19/><D120/><U76/><E123/><V36/><F108/><W102/><G102/><T113/><D113/><U117/><E109/><V26/><F35/><W0/><G0/><T53/><D68/><U119/><E76/><V34/><F34/><W110/><G110/><T22/><D131/><U65/><E6/><V129/><F129/><W94/><G128/><T84/><D125/><U72/><E20/><V100/><F14/><W4/><G4/><T89/><D32/><U44/><E72/><V9/><F9/><W124/><G133/><N who="1" m="51306" /><E52/><V17/><F17/><W118/><G118/><N who="1" m="45066" /><E69/><V79/><REACH who="2" step="1"/><F63/><REACH who="2" ten="250,230,316,184" step="2"/><W31/><G124/><T7/><D7/><U2/><E2/><V101/><F101/><AGARI ba="1,2" hai="39,41,44,65,66,95,96,101" m="45066,51306" machi="101" ten="30,2000,0" yaku="20,1,52,1" doraHai="91" who="1" fromWho="2" sc="250,0,230,43,316,-23,184,0" />
</Scene>
<Scene>
<INIT seed="3,0,0,1,2,91" ten="250,273,293,184" oya="3" hai0="96,33,2,117,107,32,23,76,103,125,12,52,0" hai1="8,6,51,123,77,16,40,62,83,49,70,38,10" hai2="30,119,88,99,81,22,1,75,34,39,131,72,134" hai3="85,97,127,124,7,122,101,82,71,95,19,68,132"/><W43/><G122/><T41/><D117/><U79/><E123/><V130/><F119/><W35/><G132/><T15/><D41/><U114/><E114/><V113/><F113/><W50/><G35/><T66/><D66/><U120/><E120/><V102/><F1/><W100/><G7/><T90/><D76/><U116/><E116/><V9/><F39/><W13/><G101/><T42/><D42/><U58/><E70/><V118/><F118/><W84/><G68/><T27/><D125/><N who="3" m="48201" /><G71/><T86/><D32/><U56/><E38/><V128/><F34/><W69/><G69/><T129/><D129/><U25/><E40/><V26/><F134/><W60/><G60/><T61/><D33/><U112/><E112/><V17/><F131/><W133/><G133/><T18/><D2/><U29/><E58/><V94/><F130/><W21/><G82/><T109/><D0/><U28/><E77/><V104/><F81/><W93/><G93/><T55/><D61/><U106/><E106/><V59/><F128/><W44/><AGARI ba="0,0" hai="13,19,21,43,44,50,84,85,95,97,100" m="48201" machi="44" ten="30,3000,0" yaku="18,1,52,1" doraHai="91" who="3" fromWho="3" sc="250,-10,273,-10,293,-10,184,30" />
</Scene>
<Scene>
<INIT seed="3,1,0,2,3,76" ten="240,263,283,214" oya="3" hai0="118,16,97,26,34,116,117,68,132,130,23,101,86" hai1="1,115,88,20,47,33,7,108,65,35,59,113,134" hai2="89,112,8,4,81,60,66,6,22,55,85,94,49" hai3="105,32,13,24,31,5,57,51,93,87,124,62,96"/><W39/><G39/><T71/><D130/><U37/><E108/><V53/><F112/><W17/><G124/><T91/><D132/><U75/><E134/><V61/><F22/><W128/><G128/><T54/><D34/><U36/><E75/><V28/><F28/><W92/><G5/><N who="2" m="2153" /><F8/><W119/><G119/><T129/><D129/><U79/><E79/><N who="2" m="46271" /><F66/><W42/><G105/><T84/><D54/><N who="2" m="20490" /><F49/><W126/><G126/><T107/><REACH who="0" step="1"/><D84/><AGARI ba="1,0" hai="60,61,84,89,94" m="20490,46271,2153" machi="84" ten="30,2000,0" yaku="8,1,52,1" doraHai="76" who="2" fromWho="0" sc="240,-23,263,0,283,23,214,0" />
</Scene>
<Scene>
<INIT seed="4,0,0,5,0,17" ten="217,263,306,214" oya="0" hai0="127,34,103,55,37,0,5,43,13,76,67,15,3" hai1="106,40,56,90,24,53,116,65,83,104,46,78,39" hai2="69,60,54,89,16,95,10,52,129,80,91,102,99" hai3="11,121,71,18,38,45,31,119,86,85,114,73,108"/><T84/><D34/><U75/><E116/><V126/><F129/><W68/><G73/><T50/><D67/><U33/><E90/><V9/><F126/><W14/><G108/><T29/><D29/><U117/><E117/><V4/><F4/><W12/><G119/><T6/><D127/><U1/><E65/><V94/><F69/><W35/><G114/><T123/><D123/><U81/><E81/><V25/><F80/><W36/><G121/><T88/><D103/><U32/><E32/><V96/><F102/><W135/><G135/><T101/><D101/><U49/><E33/><V100/><F100/><W112/><G112/><T79/><D37/><U128/><E128/><V27/><F16/><W131/><G131/><T77/><D43/><U125/><E125/><V42/><F60/><W51/><G36/><T66/><D66/><U64/><E24/><V30/><F30/><W72/><G38/><T130/><D130/><U134/><E134/><V61/><F61/><W48/><G72/><T115/><D115/><U8/><E64/><V107/><F107/><W58/><G31/><T28/><D28/><U74/><E74/><V92/><F92/><W21/><G35/><T87/><D77/><U124/><REACH who="1" step="1"/><E124/><REACH who="1" ten="217,253,306,214" step="2"/><V62/><F91/><W44/><G71/><T111/><D88/><U98/><E98/><V93/><F89/><W20/><G68/><T26/><D26/><U109/><E109/><V41/><F96/><W120/><G120/><T59/><D111/><U97/><E97/><V57/><F99/><W133/><G133/><T23/><D76/><U118/><E118/><RYUUKYOKU ba="0,1" sc="217,-10,253,30,306,-10,214,-10" hai1="1,8,39,40,46,49,53,56,75,78,83,104,106" />
</Scene>
<Scene>
<INIT seed="5,1,1,2,1,53" ten="207,283,296,204" oya="1" hai0="95,72,32,8,87,91,83,71,128,135,101,18,22" hai1="36,59,118,63,130,67,4,13,105,35,119,28,96" hai2="85,52,40,3,31,54,61,50,46,15,65,17,131" hai3="94,106,109,132,2,57,76,7,108,64,134,11,68"/><U110/><E36/><V79/><F3/><W5/><G106/><T47/><D32/><U75/><E75/><V62/><F31/><W29/><G68/><T116/><D116/><U10/><E110/><V113/><F131/><W107/><G107/><T51/><D71/><U117/><E130/><V14/><F14/><W42/><G42/><T82/><D128/><U126/><E126/><V9/><F113/><W44/><G44/><T114/><D114/><U30/><REACH who="1" step="1"/><E35/><REACH who="1" ten="207,273,296,204" step="2"/><V98/><F98/><W66/><G109/><T115/><D115/><U86/><E86/><V74/><F74/><W41/><G108/><T84/><D72/><U100/><AGARI ba="1,2" hai="4,10,13,28,30,59,63,67,96,100,105,117,118,119" machi="100" ten="40,7800,0" yaku="1,1,0,1,52,1,53,0" doraHai="53" doraHaiUra="80" who="1" fromWho="1" sc="207,-27,273,101,296,-27,204,-27" />
</Scene>
<Scene>
<INIT seed="5,2,0,4,0,104" ten="180,374,269,177" oya="1" hai0="76,119,105,72,9,84,116,88,52,77,29,113,133" hai1="3,58,86,96,0,134,11,123,115,37,129,49,27" hai2="20,19,44,22,127,15,114,71,99,18,46,32,28" hai3="90,70,39,75,85,73,30,53,25,135,121,50,55"/><U23/><E123/><V111/><F71/><W13/><G39/><T109/><D109/><U110/><E37/><V36/><F111/><W98/><G121/><T91/><D105/><U102/><E110/><V117/><F117/><W67/><G135/><T80/><D29/><U79/><E134/><V112/><F127/><W62/><G13/><T100/><D133/><U59/><E129/><V45/><F36/><W103/><G90/><T132/><D132/><U87/><E115/><N who="2" m="44075" /><F99/><W63/><G85/><T83/><D113/><U74/><E86/><V34/><F28/><W54/><G50/><T12/><D100/><U4/><E87/><V60/><F60/><W21/><REACH who="3" step="1"/><G63/><REACH who="3" ten="180,374,269,167" step="2"/><T47/><D91/><U125/><E49/><V131/><F131/><W10/><G10/><T126/><D126/><U68/><E125/><V69/><F15/><W38/><G38/><T122/><D122/><U97/><E3/><V41/><F41/><W82/><G82/><T130/><D130/><U65/><E96/><V57/><F45/><W106/><AGARI ba="2,1" hai="21,25,30,53,54,55,62,67,70,73,75,98,103,106" machi="106" ten="30,12000,2" yaku="1,1,0,1,52,2,53,3" doraHai="104" doraHaiUra="51" who="3" fromWho="3" sc="180,-32,374,-62,269,-32,167,136" />
</Scene>
<Scene>
<INIT seed="6,0,0,3,2,96" ten="148,312,237,303" oya="2" hai0="134,51,59,28,10,26,85,114,48,54,101,109,90" hai1="127,92,15,76,32,21,41,55,111,39,84,22,33" hai2="129,80,62,27,57,30,107,11,91,121,9,77,65" hai3="67,105,95,19,74,58,6,2,87,97,86,4,115"/><V20/><F107/><W66/><G74/><T128/><D109/><U117/><E111/><V71/><F121/><W8/><G105/><T46/><D114/><U47/><E117/><V69/><F129/><W37/><G37/><T106/><D128/><U83/><E127/><V61/><F91/><W1/><G115/><T88/><D134/><U124/><E124/><V73/><REACH who="2" step="1"/><F71/><REACH who="2" ten="148,312,227,303" step="2"/><W130/><G130/><T75/><D90/><U16/><E92/><V123/><F123/><W52/><G95/><T70/><D70/><U64/><E64/><AGARI ba="0,1" hai="9,11,20,27,30,57,61,62,64,65,69,73,77,80" machi="64" ten="30,2900,0" yaku="1,1,7,1,53,0" doraHai="96" doraHaiUra="3" who="2" fromWho="1" sc="148,0,312,-29,227,39,303,0" />
</Scene>
<Scene>
<INIT seed="6,1,0,1,0,39" ten="148,283,266,303" oya="2" hai0="16,112,77,135,115,87,12,113,50,117,63,93,38" hai1="14,125,103,0,123,1,94,96,8,35,78,27,19" hai2="119,124,40,42,2,5,107,108,102,22,114,129,34" hai3="62,32,132,85,67,128,65,92,72,24,84,30,95"/><V45/><F119/><W79/><G72/><T105/><D105/><U76/><E123/><V126/><F34/><W10/><G128/><T131/><D38/><U36/><E36/><V31/><F129/><W101/><G132/><T120/><D131/><U6/><E125/><N who="2" m="48235" /><F114/><W133/><G133/><T127/><D135/><U134/><E134/><V29/><F45/><W51/><G67/><T88/><D127/><U7/><E7/><V121/><F121/><W69/><G79/><T15/><D120/><U17/><E17/><V118/><F118/><W48/><G10/><T21/><D117/><U56/><E56/><V52/><F52/><W59/><G69/><T86/><D63/><U23/><REACH who="1" step="1"/><E1/><REACH who="1" ten="148,273,266,303" step="2"/><V13/><F2/><W54/><G59/><T116/><D116/><U49/><E49/><V73/><F5/><W122/><G122/><T74/><D50/><U99/><E99/><N who="2" m="61919" /><F108/><W64/><G51/><T91/><D74/><U37/><E37/><V9/><F73/><W53/><G48/><T44/><D44/><U100/><E100/><V70/><F70/><W90/><G101/><T109/><D109/><U98/><E98/><V111/><F111/><W57/><G57/><T11/><D77/><U89/><E89/><N who="0" m="34377" /><D93/><U66/><E66/><N who="3" m="25706" /><G62/><T55/><D55/><N who="3" m="21001" /><G95/><T4/><AGARI ba="1,1" hai="4,11,12,15,16,21,86,87,112,113,115" m="34377" machi="4" ten="40,5200,0" yaku="15,1,54,2" doraHai="39" who="0" fromWho="0" sc="148,65,273,-14,266,-27,303,-14" />
</Scene>
<Scene>
<INIT seed="7,0,0,2,3,86" ten="213,259,239,289" oya="3" hai0="130,58,18,30,112,91,12,47,111,34,134,113,39" hai1="116,108,73,31,0,60,27,65,8,52,83,55,99" hai2="14,68,88,74,97,114,26,11,121,70,106,42,59" hai3="80,117,66,127,115,84,57,20,132,21,94,125,16"/><W4/><G117/><T118/><D118/><U98/><E108/><V19/><F74/><W76/><G115/><N who="0" m="44107" /><D111/><U69/><E116/><V17/><F114/><W102/><G4/><T23/><D130/><U95/><E99/><V79/><F79/><W3/><G3/><T135/><D58/><U119/><E119/><V29/><F42/><W124/><G132/><N who="0" m="50731" /><D39/><U75/><E8/><V61/><F106/><W36/><G36/><T5/><D47/><U6/><E6/><V2/><F2/><W120/><G120/><T48/><D48/><U15/><E15/><V41/><F59/><W126/><G126/><T78/><D78/><U51/><E0/><V46/><F46/><W90/><G102/><T24/><D91/><U104/><E104/><V50/><F88/><W71/><G71/><T110/><D110/><U28/><E83/><V87/><F70/><W22/><G57/><T43/><D43/><U89/><E55/><V1/><F68/><W44/><G44/><T107/><D107/><U7/><E7/><AGARI ba="0,0" hai="5,7,12,18,23,24,30,34" m="50731,44107" machi="7" ten="30,8000,1" yaku="15,1,11,1,20,1,34,2" doraHai="86" who="0" fromWho="1" sc="213,80,259,-80,239,0,289,0" />
</Scene>
<Scene>
<INIT seed="8,0,0,1,2,89" ten="293,179,239,289" oya="0" hai0="117,98,37,85,2,13,101,0,105,19,68,109,123" hai1="107,43,34,70,27,47,121,48,56,74,64,83,87" hai2="18,25,131,120,54,20,30,91,22,21,51,67,108" hai3="12,4,60,17,26,52,23,113,80,73,55,81,132"/><T114/><D114/><U38/><E74/><V65/><F108/><W63/><G73/><T90/><D123/><U97/><E121/><V129/><F120/><W15/><G132/><T102/><D37/><U6/><E6/><V61/><F91/><W110/><G110/><T24/><D109/><U130/><E130/><N who="2" m="49675" /><F61/><N who="3" m="23627" /><G113/><T77/><D68/><U133/><E133/><V71/><F71/><W29/><G4/><T41/><D41/><U127/><E127/><V59/><F18/><W92/><G92/><T135/><D135/><U32/><E70/><V134/><F134/><W42/><G42/><T57/><D102/><U82/><E64/><AGARI ba="0,0" hai="20,21,22,25,30,51,54,59,64,65,67" m="49675" machi="64" ten="30,1000,0" yaku="19,1" doraHai="89" who="2" fromWho="1" sc="293,0,179,-10,239,10,289,0" />
</Scene>
<Scene>
<INIT seed="9,0,0,4,0,41" ten="293,169,249,289" oya="1" hai0="30,86,131,78,127,76,79,43,4,56,84,74,45" hai1="35,80,27,88,83,122,68,11,37,17,28,90,10" hai2="110,87,109,99,19,134,118,53,111,36,12,123,71" hai3="114,65,1,29,95,75,9,124,40,18,93,101,103"/><U21/><E68/><V91/><F123/><W121/><G114/><T25/><D74/><U81/><E122/><V26/><F71/><W73/><G121/><T20/><D131/><U113/><E37/><V85/><F36/><W38/><G29/><T2/><D127/><U59/><E113/><V96/><F26/><W13/><G65/><T63/><D4/><U47/><E47/><V92/><F118/><W82/><G124/><T89/><D2/><U42/><E42/><V52/><F134/><W97/><G1/><T62/><D89/><U60/><E35/><V70/><F70/><W58/><G58/><T104/><D104/><U5/><E28/><V39/><F39/><W8/><G8/><N who="1" m="3114" /><E5/><V57/><F87/><N who="0" m="33322" /><D56/><U69/><E69/><V46/><F46/><W22/><G82/><N who="1" m="20994" /><U126/><DORA hai="115" /><E126/><V23/><REACH who="2" step="1"/><F53/><AGARI ba="0,0" hai="17,21,27,53,59,60,88,90" m="20994,3114" machi="53" ten="30,2900,0" yaku="8,1,54,1" doraHai="41,115" who="1" fromWho="2" sc="293,0,169,29,249,-29,289,0" />
</Scene>
<Scene>
<INIT seed="9,1,0,2,1,13" ten="293,198,220,289" oya="1" hai0="45,15,106,53,93,37,34,9,27,113,88,83,73" hai1="29,91,41,132,123,5,11,43,68,40,67,1,24" hai2="102,111,101,58,52,103,85,112,99,94,82,125,81" hai3="114,86,8,20,21,57,38,92,84,33,14,0,51"/><U36/><E123/><V124/><F111/><W127/><G38/><T87/><D106/><U30/><E132/><V77/><F112/><W118/><G33/><T79/><D113/><U129/><E36/><V131/><F131/><W26/><G0/><T66/><D66/><U110/><E129/><V65/><F65/><W78/><G114/><T108/><D108/><U32/><E110/><V4/><F4/><N who="3" m="3335" /><G127/><T126/><D126/><N who="2" m="48746" /><F82/><N who="3" m="47191" /><G118/><T72/><D34/><U35/><E91/><V119/><F119/><W44/><G57/><T105/><D105/><U70/><REACH who="1" step="1"/><E67/><REACH who="1" ten="293,188,220,289" step="2"/><V121/><F121/><W10/><G10/><T64/><D64/><U28/><E28/><V47/><F102/><W23/><G26/><AGARI ba="1,1" hai="1,5,11,24,26,29,30,32,35,40,41,43,68,70" machi="26" ten="40,3900,0" yaku="1,1,9,1,53,0" doraHai="13" doraHaiUra="134" who="1" fromWho="3" sc="293,0,188,52,220,0,289,-42" />
</Scene>
<Scene>
<INIT seed="9,2,0,1,3,41" ten="293,240,220,247" oya="1" hai0="74,27,39,80,50,5,42,10,45,96,20,57,23" hai1="60,30,33,4,81,117,106,102,53,19,88,40,100" hai2="63,73,103,35,87,112,118,105,89,37,104,107,11" hai3="36,44,97,95,84,119,121,116,22,32,0,16,129"/><U78/><E117/><N who="3" m="45130" /><G121/><T120/><D120/><U61/><E4/><V128/><F118/><W127/><G127/><T55/><D96/><U113/><E113/><V77/><F35/><W54/><G32/><T125/><D125/><U49/><E40/><V64/><F37/><W66/><G66/><T28/><D28/><U72/><E33/><V115/><F11/><W46/><G129/><T51/><D27/><U111/><E30/><V18/><F128/><W62/><G84/><T132/><D50/><U68/><E111/><V92/><F18/><W86/><G86/><T38/><D132/><U82/><E106/><N who="2" m="41067" /><F63/><W126/><G0/><N who="0" m="295" /><D39/><U59/><E19/><V26/><F64/><W12/><G36/><T58/><D57/><U24/><E24/><V69/><F26/><W94/><G126/><T34/><D34/><U25/><E25/><V134/><F69/><W124/><G124/><T114/><D114/><N who="2" m="43562" /><F134/><W48/><G62/><T14/><D14/><U110/><E110/><V130/><F130/><W90/><G95/><T99/><D99/><U131/><E131/><V47/><F107/><W52/><G54/><T91/><D38/><U108/><E108/><V56/><F56/><AGARI ba="2,0" hai="12,16,22,44,46,48,52,56,90,94,97" m="45130" machi="56" ten="30,12000,2" yaku="16,1,12,1,52,2,54,2" doraHai="41" who="3" fromWho="2" sc="293,0,240,0,220,-126,247,126" owari="293,9.0,240,-16.0,94,-41.0,373,48.0" />
</Scene>
</mjloggm>