<mjloggm ver="2.3"><GO type="193"/><UN n0="%E3%83%90%E3%83%90%E3%82%A1%E7%B5%90%E5%A9%9A%EF%BC%81" n1="%E3%82%8F%E3%81%A3%E3%81%97%E3%82%83%E3%81%A3%E3%81%97%E3%82%83%E3%81%A3" n2="%73%79%6F%75%6A%69%30%34" n3="%E5%A4%AA%E3%81%8F%E3%81%AA%E3%81%84%E3%81%8A" dan="12,12,12,11" rate="1859,1687,1801,1852" sx="M,M,M,M"/><TAIKYOKU oya="0"/>

<Scene>
<INIT seed="0,0,0,1,4,96" ten="250,250,250,250" oya="0" hai0="0,55,3,135,112,64,103,27,74,59,6,130,101" hai1="51,82,106,12,83,37,4,81,111,75,25,65,1" hai2="70,93,41,99,91,38,131,90,114,84,110,52,31" hai3="118,122,58,62,57,49,42,121,7,104,67,16,76"/><T47/><D112/><U79/><E37/><V77/><F70/><N who="3" m="42359" /><G104/><T5/><D74/><U29/><E1/><V2/><F2/><W63/><G7/><N who="0" m="2571" /><D3/><U11/><E106/><V56/><F114/><W134/><G76/><T14/><D0/><U32/><E65/><V85/><F41/><W39/><G16/><T95/><D135/><U13/><E13/><V127/><F38/><W94/><G94/><T69/><D69/><U132/><E132/><V26/><F131/><W20/><G20/><T98/><D130/><U92/><E92/><V88/><F77/><W50/><G134/><T97/><D64/><U24/><E25/><V28/><F127/><W87/><G87/><N who="2" m="33353" /><F110/><W100/><G118/><T123/><D123/><N who="3" m="47113" /><G100/><N who="0" m="60479" /><D47/><U113/><E111/><V102/><F26/><W61/><G39/><T119/><D119/><U115/><REACH who="1" step="1"/><E51/><AGARI ba="0,0" hai="28,31,51,52,56,88,90,91,93,99,102" m="33353" machi="51" ten="30,7700,0" yaku="8,1,52,1,54,2" doraHai="96" who="2" fromWho="1" sc="250,0,250,-77,250,77,250,0" />
</Scene>
<Scene>
<INIT seed="1,0,0,2,5,44" ten="250,173,327,250" oya="1" hai0="96,132,62,88,102,55,63,45,131,116,70,86,97" hai1="122,59,67,43,100,33,28,108,71,99,125,35,130" hai2="90,74,121,32,52,134,103,79,61,48,117,123,58" hai3="9,57,51,75,113,119,115,27,15,78,31,64,110"/><U91/><E122/><V16/><F32/><W106/><G106/><T60/><D116/><U101/><E71/><V29/><F117/><W22/><G110/><T5/><D5/><U126/><E43/><V87/><F74/><W8/><G119/><T12/><D131/><U65/><E130/><V2/><F2/><W19/><G8/><T46/><D132/><U53/><E108/><V14/><F79/><W114/><G64/><N who="1" m="24650" /><E91/><V104/><F134/><W6/><G78/><T21/><D70/><U133/><E99/><N who="0" m="37961" /><D102/><N who="1" m="39531" /><E133/><V84/><F103/><W120/><G75/><T111/><D111/><U18/><E18/><V41/><F104/><W68/><G68/><T7/><D7/><U109/><E109/><V89/><F29/><W40/><G120/><T81/><D55/><U135/><E135/><V105/><F105/><W20/><G40/><T76/><D76/><U83/><E83/><V38/><F38/><W24/><G57/><T69/><D69/><U127/><E28/><V82/><F123/><W3/><REACH who="3" step="1"/><G51/><AGARI ba="0,0" hai="33,35,51,53,59,125,126,127" m="39531,24650" machi="51" ten="40,3900,0" yaku="18,1,52,1" doraHai="44" who="1" fromWho="3" sc="250,0,173,39,327,0,250,-39" />
</Scene>
<Scene>
<INIT seed="1,1,0,5,4,57" ten="250,212,327,211" oya="1" hai0="27,105,41,121,117,131,68,122,89,95,111,60,120" hai1="38,94,115,103,6,25,125,92,108,76,85,5,74" hai2="93,109,49,42,129,18,112,29,69,20,37,32,23" hai3="11,102,83,80,40,133,77,130,46,119,64,110,86"/><U82/><E115/><V113/><F69/><W78/><G110/><T66/><D41/><U71/><E38/><V100/><F109/><W45/><G133/><T59/><D111/><U10/><E108/><V22/><F37/><W48/><G130/><T50/><D117/><U2/><E71/><V43/><F129/><W104/><G119/><T1/><D131/><U65/><E6/><V47/><F32/><W36/><G11/><T34/><D1/><U3/><E25/><V67/><F29/><W134/><G134/><T28/><D50/><U106/><E65/><V24/><F42/><W21/><G21/><T52/><D105/><U17/><E17/><V56/><F93/><W7/><G7/><T73/><D73/><U118/><E118/><V26/><F18/><W35/><G35/><T132/><D132/><U16/><E3/><V13/><F13/><W0/><G0/><T91/><D68/><U62/><E62/><N who="2" m="38343" /><F100/><W107/><G102/><T98/><REACH who="0" step="1"/><D66/><REACH who="0" ten="240,212,327,211" step="2"/><U19/><E74/><V53/><F43/><W51/><G64/><T127/><D127/><U33/><E125/><V128/><F128/><W84/><G36/><T12/><D12/><U4/><E106/><V70/><F70/><W99/><G40/><T101/><AGARI ba="1,1" hai="27,28,34,52,59,60,89,91,95,98,101,120,121,122" machi="101" ten="30,16000,3" yaku="1,1,0,1,13,1,52,1,54,1,53,3" doraHai="57" doraHaiUra="116" who="0" fromWho="0" sc="240,173,212,-81,327,-41,211,-41" />
</Scene>
<Scene>
<INIT seed="2,0,0,3,5,134" ten="413,131,286,170" oya="2" hai0="15,129,93,128,51,21,8,105,74,71,67,27,117" hai1="120,118,34,31,54,24,76,63,47,38,102,41,72" hai2="107,36,0,119,123,130,87,14,95,46,94,84,81" hai3="28,33,114,82,101,104,45,52,57,64,65,132,42"/><V103/><F0/><W13/><G132/><T85/><D117/><U125/><E120/><V16/><F119/><W70/><G114/><T112/><D112/><U50/><E118/><V29/><F123/><W39/><G82/><T44/><D105/><U131/><E131/><N who="0" m="50249" /><D74/><U25/><E24/><V48/><F36/><W126/><G13/><T6/><D71/><U69/><E102/><V75/><F130/><W20/><G33/><T56/><D67/><U116/><E116/><V124/><F29/><W17/><G28/><N who="0" m="17519" /><D56/><U30/><E31/><V12/><F12/><W79/><G79/><T73/><D73/><U10/><E10/><V115/><F115/><W3/><G3/><T22/><D22/><U89/><E89/><N who="2" m="53543" /><F107/><W35/><G35/><T90/><D51/><U55/><E54/><N who="2" m="29975" /><F75/><W68/><G68/><T122/><D44/><U111/><E55/><V43/><F43/><W11/><G70/><T5/><D122/><U83/><E50/><V77/><F124/><W99/><G126/><T2/><D2/><U127/><REACH who="1" step="1"/><E111/><REACH who="1" ten="413,121,286,170" step="2"/><V106/><F103/><W9/><G64/><AGARI ba="0,1" hai="25,30,34,38,41,47,63,64,69,72,76,83,125,127" machi="64" ten="40,12000,2" yaku="1,1,2,1,23,2,52,2,53,1" doraHai="134" doraHaiUra="66" who="1" fromWho="3" sc="413,0,121,130,286,0,170,-120" />
</Scene>
<Scene>
<INIT seed="3,0,0,1,0,114" ten="413,251,286,50" oya="3" hai0="83,5,117,95,99,106,6,135,17,46,64,53,15" hai1="60,21,74,73,100,104,111,43,84,76,13,69,107" hai2="70,131,97,127,11,59,0,72,71,120,80,16,52" hai3="96,87,66,128,33,109,130,48,101,126,93,37,129"/><W22/><G37/><T24/><D117/><U119/><E111/><V122/><F127/><W9/><G33/><T132/><D106/><U68/><E43/><V121/><F0/><W40/><G126/><T123/><D123/><U78/><E119/><V75/><F97/><W51/><G109/><T38/><D83/><U85/><E60/><V47/><F47/><W81/><G66/><T54/><D64/><U31/><E13/><V89/><F131/><W26/><G9/><T35/><D38/><U34/><E31/><V105/><F105/><W25/><G40/><T125/><D125/><U57/><E57/><V134/><F134/><N who="0" m="51242" /><D35/><U2/><E100/><V20/><F11/><W118/><G118/><T91/><D24/><N who="3" m="9321" /><G22/><N who="0" m="11583" /><D53/><U56/><E56/><V30/><F30/><W67/><G67/><T7/><D7/><U44/><E44/><V108/><F108/><W28/><G28/><T90/><D90/><AGARI ba="0,0" hai="48,51,81,87,90,93,96,101,128,129,130" m="9321" machi="90" ten="30,1500,0" yaku="19,1" doraHai="114" who="3" fromWho="0" sc="413,-15,251,0,286,0,50,15" />
</Scene>
<Scene>
<INIT seed="3,1,0,3,4,92" ten="398,251,286,65" oya="3" hai0="87,76,127,56,94,77,20,98,53,8,66,31,130" hai1="22,124,107,114,48,120,135,34,9,70,12,6,86" hai2="18,28,68,96,25,57,82,59,126,71,95,17,40" hai3="15,4,1,45,112,80,36,5,64,110,42,105,108"/><W78/><G112/><T65/><D130/><U10/><E120/><V51/><F126/><W83/><G64/><N who="0" m="24683" /><D127/><U81/><E124/><V79/><F71/><W11/><G105/><T72/><D72/><U109/><E107/><V75/><F68/><W63/><G63/><N who="0" m="36239" /><D8/><U85/><E70/><V121/><F121/><W0/><G83/><T132/><D132/><U104/><E135/><V29/><F28/><W37/><G37/><T58/><D58/><U27/><E114/><V44/><F57/><W26/><G26/><N who="0" m="16839" /><D87/><U55/><E22/><V67/><F67/><W88/><G88/><AGARI ba="1,0" hai="76,77,88,94,98" m="16839,36239,24683" machi="88" ten="30,3900,0" yaku="8,1,52,1,54,1" doraHai="92" who="0" fromWho="3" sc="398,42,251,0,286,0,65,-42" owari="440,54.0,251,-15.0,286,9.0,23,-48.0" />
</Scene>
</mjloggm>