<mjloggm ver="2.3"><GO type="169"/><UN n0="%E3%81%A1%E3%81%8F%E3%81%8D" n1="%E5%A4%AA%E3%81%8F%E3%81%AA%E3%81%84%E3%81%8A" n2="%E3%82%AF%E3%83%A9" n3="%E9%B7%B9%EF%BC%93" dan="18,18,17,16" rate="2147,2167,2134,2111" sx="M,M,M,M"/><TAIKYOKU oya="0"/>

<Scene>
<INIT seed="0,0,0,4,0,57" ten="250,250,250,250" oya="0" hai0="119,101,72,9,108,73,124,135,112,134,102,37,42" hai1="85,55,99,116,54,35,33,68,62,90,32,121,86" hai2="44,83,4,22,81,77,126,53,82,41,75,48,6" hai3="74,133,10,63,30,21,100,29,18,71,113,106,111"/><T109/><D119/><U7/><E116/><V127/><F22/><W131/><G113/><T97/><D112/><U50/><E121/><V120/><F120/><W80/><G106/><N who="0" m="63791" /><D9/><U88/><E7/><N who="2" m="2603" /><F41/><W123/><G10/><T103/><D42/><U17/><E17/><V59/><F44/><W20/><G71/><T89/><D37/><U0/><E0/><V14/><F14/><W39/><G18/><T105/><D89/><U3/><E3/><V28/><F28/><W69/><G39/><T129/><D129/><U12/><E12/><V92/><F92/><W93/><G100/><N who="0" m="38443" /><D105/><U125/><E68/><V117/><F117/><W25/><G69/><T5/><D5/><U130/><E130/><V38/><F38/><W107/><G123/><T47/><D47/><U49/><E33/><V13/><F13/><W132/><G107/><T94/><D94/><U104/><E104/><V40/><F40/><W36/><G93/><T110/><D124/><AGARI ba="0,0" hai="48,53,59,75,77,81,82,83,124,126,127" m="2603" machi="124" ten="30,1000,0" yaku="18,1" doraHai="57" who="2" fromWho="0" sc="250,-10,250,0,250,10,250,0" />
</Scene>
<Scene>
<INIT seed="1,0,0,5,1,63" ten="240,250,260,250" oya="1" hai0="33,129,132,47,90,101,57,135,98,2,50,36,67" hai1="131,77,76,127,30,58,72,34,13,19,11,111,29" hai2="113,121,95,6,93,51,94,48,24,87,96,16,28" hai3="74,53,60,18,45,7,68,114,92,134,99,15,17"/><U84/><E72/><V108/><F121/><W22/><G114/><T54/><D2/><U123/><E123/><V31/><F113/><W62/><G74/><T21/><D33/><U42/><E131/><V115/><F115/><W64/><G134/><T133/><D129/><U112/><E112/><V105/><F6/><W107/><G107/><T38/><D90/><U70/><E70/><V82/><F108/><W69/><G7/><T46/><D21/><U4/><E127/><V106/><F96/><W79/><G79/><T20/><D20/><U75/><E75/><V43/><F16/><W89/><G18/><T5/><D5/><U40/><E111/><V32/><F31/><N who="1" m="11785" /><E34/><V85/><F43/><N who="1" m="16425" /><E84/><V35/><F35/><W126/><G126/><T44/><REACH who="0" step="1"/><D67/><REACH who="0" ten="230,250,260,250" step="2"/><U128/><E128/><V81/><F32/><W0/><G0/><T117/><D117/><U41/><E4/><V71/><F82/><W56/><REACH who="3" step="1"/><G45/><REACH who="3" ten="230,250,260,240" step="2"/><T122/><D122/><U120/><E120/><V49/><F81/><W1/><G1/><T73/><D73/><U86/><E77/><V119/><F119/><W59/><AGARI ba="0,2" hai="15,17,22,53,56,59,60,62,64,68,69,89,92,99" machi="59" ten="20,5200,0" yaku="1,1,0,1,7,1,52,1,53,0" doraHai="63" doraHaiUra="23" who="3" fromWho="3" sc="230,-13,250,-26,260,-13,240,72" />
</Scene>
<Scene>
<INIT seed="2,0,0,1,1,95" ten="217,224,247,312" oya="2" hai0="33,30,116,127,32,132,103,36,4,51,106,52,22" hai1="101,76,71,64,1,46,69,37,25,121,113,28,102" hai2="74,84,27,91,59,75,107,72,117,8,10,20,14" hai3="125,83,21,110,115,63,5,88,114,120,130,40,57"/><V41/><F117/><W35/><G120/><T53/><D36/><U48/><E113/><N who="3" m="43018" /><G35/><T118/><D4/><U13/><E1/><V133/><F107/><W109/><G130/><T124/><D22/><U98/><E37/><V68/><F68/><W16/><G125/><N who="0" m="48203" /><D132/><U108/><E76/><V119/><F119/><N who="0" m="45610" /><D30/><U11/><E121/><V93/><F133/><W19/><G5/><T134/><D134/><U67/><E71/><V18/><F41/><W111/><G40/><T39/><D39/><U99/><E108/><V0/><F0/><W112/><N who="3" m="43026" /><W85/><DORA hai="44" /><G21/><T38/><D38/><U23/><E69/><V9/><REACH who="2" step="1"/><F59/><REACH who="2" ten="217,224,237,312" step="2"/><W73/><G73/><T62/><D106/><U65/><E102/><V123/><F123/><W56/><G56/><N who="0" m="35087" /><D103/><U94/><E101/><V70/><F70/><W17/><G111/><T45/><AGARI ba="0,1" hai="32,33,45,51,52" m="35087,45610,48203" machi="45" ten="30,7900,0" yaku="18,1,12,1,52,1,54,1" doraHai="95,44" who="0" fromWho="0" sc="217,89,224,-20,237,-39,312,-20" />
</Scene>
<Scene>
<INIT seed="3,0,0,2,2,135" ten="306,204,198,292" oya="3" hai0="87,119,47,74,58,40,60,23,73,16,1,5,56" hai1="123,34,71,7,12,69,36,110,115,68,133,116,59" hai2="109,82,81,79,55,21,8,38,95,44,0,104,17" hai3="120,45,11,96,57,52,14,26,9,131,127,62,35"/><W108/><G120/><T126/><D119/><U66/><E34/><V18/><F104/><W134/><G134/><T10/><D126/><U46/><E12/><V39/><F109/><W61/><G127/><T83/><D73/><U6/><E6/><V98/><F81/><W51/><G131/><T118/><D74/><U33/><E7/><V129/><F129/><W3/><G108/><T125/><D125/><U97/><E97/><V72/><F0/><W77/><G3/><T113/><D113/><U65/><E33/><V24/><F8/><W63/><G77/><T2/><D2/><U86/><E86/><V84/><F72/><W130/><G130/><T99/><D99/><U15/><E15/><V112/><F112/><W100/><G35/><T80/><D118/><U128/><E128/><V42/><F55/><W132/><G132/><T27/><D60/><N who="1" m="38047" /><E133/><V22/><F22/><W91/><G91/><T70/><D70/><U30/><E30/><V4/><F4/><N who="3" m="3367" /><G26/><T43/><D83/><U48/><E110/><V88/><REACH who="2" step="1"/><F39/><REACH who="2" ten="306,204,188,292" step="2"/><W78/><G11/><T50/><D40/><N who="1" m="22791" /><E115/><V29/><AGARI ba="0,1" hai="17,18,21,24,29,38,42,44,79,82,84,88,95,98" machi="29" ten="20,5200,0" yaku="1,1,0,1,7,1,54,1,53,0" doraHai="135" doraHaiUra="107" who="2" fromWho="2" sc="306,-13,204,-13,188,62,292,-26" />
</Scene>
<Scene>
<INIT seed="4,0,0,4,2,30" ten="293,191,250,266" oya="0" hai0="68,39,11,25,63,133,102,49,126,76,90,52,13" hai1="124,128,31,122,36,4,19,59,9,118,78,93,10" hai2="110,33,47,14,54,32,120,24,92,46,132,107,38" hai3="135,61,113,3,85,87,56,100,2,79,96,15,83"/><T130/><D39/><U34/><E36/><V115/><F110/><W123/><G135/><T50/><D133/><U116/><E78/><V58/><F107/><W109/><G109/><T80/><D130/><U127/><E93/><V129/><F132/><W8/><G113/><T53/><D102/><U29/><E59/><V64/><F120/><W101/><G123/><T125/><D90/><U20/><E122/><V26/><F64/><W105/><G87/><N who="0" m="48519" /><D25/><N who="1" m="18799" /><E29/><V43/><F14/><W67/><REACH who="3" step="1"/><G101/><REACH who="3" ten="293,191,250,256" step="2"/><T106/><D125/><N who="1" m="48203" /><E128/><V1/><F129/><W23/><G23/><T103/><D103/><U95/><E95/><V72/><F92/><W88/><G88/><T28/><D126/><U94/><E94/><V5/><F115/><W119/><G119/><N who="1" m="45610" /><E4/><AGARI ba="0,1" hai="2,3,4,8,15,56,61,67,79,83,85,96,100,105" machi="4" ten="30,2000,0" yaku="1,1,7,1,53,0" doraHai="30" doraHaiUra="12" who="3" fromWho="1" sc="293,0,191,-20,250,0,256,30" />
</Scene>
<Scene>
<INIT seed="5,0,0,3,3,19" ten="293,171,250,286" oya="1" hai0="93,83,3,22,20,47,68,101,8,30,120,25,81" hai1="92,118,89,124,132,61,32,31,17,128,70,58,7" hai2="125,33,97,10,51,65,12,24,105,80,106,87,110" hai3="56,36,34,37,23,15,52,135,122,11,27,129,126"/><U74/><E118/><V6/><F110/><W96/><G122/><T64/><D120/><U54/><E74/><V5/><F125/><W16/><G34/><T42/><D68/><U104/><E104/><V77/><F65/><W40/><G126/><T119/><D119/><U41/><E124/><V111/><F111/><W91/><G135/><T102/><D64/><U45/><E132/><V117/><F117/><W131/><G40/><T60/><D60/><U134/><E134/><V107/><F6/><W113/><G113/><T50/><D3/><U98/><E128/><N who="3" m="49226" /><G96/><N who="0" m="59535" /><D102/><U39/><E7/><V18/><F97/><W66/><G91/><T116/><D116/><U71/><REACH who="1" step="1"/><E17/><REACH who="1" ten="293,161,250,286" step="2"/><V26/><F106/><W73/><G73/><T43/><D30/><U46/><E46/><V29/><F18/><N who="3" m="8575" /><G66/><T86/><D47/><U67/><E67/><V99/><F107/><W127/><G127/><T55/><D43/><U38/><E38/><V48/><F105/><W112/><G112/><T82/><D42/><U121/><E121/><V21/><F29/><W108/><G108/><T69/><D55/><U79/><E79/><V63/><F77/><W133/><G133/><T88/><D69/><U2/><E2/><V114/><F114/><W78/><G78/><T109/><D109/><U53/><E53/><V49/><F5/><W0/><G0/><T123/><D123/><U62/><E62/><AGARI ba="0,1" hai="16,23,27,36,37,52,56,62" m="8575,49226" machi="62" ten="30,7700,0" yaku="19,1,52,1,54,2" doraHai="19" who="3" fromWho="1" sc="293,0,161,-77,250,0,286,87" />
</Scene>
<Scene>
<INIT seed="6,0,0,0,4,20" ten="293,84,250,373" oya="2" hai0="28,100,98,131,13,101,81,48,7,26,90,113,6" hai1="4,123,79,130,2,76,110,121,24,63,3,83,59" hai2="5,31,62,32,18,0,17,99,97,10,46,94,78" hai3="11,51,111,37,106,39,107,25,125,14,49,42,23"/><V61/><F78/><W85/><G111/><T12/><D113/><U71/><E110/><V68/><F46/><W96/><G125/><T134/><D131/><U34/><E130/><V104/><F104/><W40/><G85/><N who="0" m="50479" /><D134/><U135/><E135/><V74/><F74/><W133/><G133/><T30/><D48/><U21/><E34/><V91/><F99/><W45/><G96/><T120/><D120/><U82/><E71/><V67/><REACH who="2" step="1"/><F62/><REACH who="2" ten="293,84,240,373" step="2"/><W77/><G45/><T1/><D98/><U35/><E63/><V58/><F58/><W50/><G107/><T87/><D87/><U89/><E59/><V75/><F75/><W126/><G106/><T72/><D72/><U38/><E76/><V112/><F112/><W122/><G77/><T27/><D101/><U115/><E115/><V8/><F8/><W95/><G11/><T108/><D100/><U15/><E79/><V36/><F36/><W103/><G37/><T93/><D108/><U47/><E38/><V64/><F64/><W57/><G39/><T19/><D1/><U127/><E47/><V105/><F105/><W129/><G57/><T56/><D56/><U124/><E3/><V73/><F73/><W43/><G129/><T84/><D84/><U80/><E2/><V70/><F70/><W60/><G60/><T86/><D86/><U119/><E121/><V118/><F118/><W22/><G122/><T66/><D66/><U54/><E123/><V9/><F9/><W16/><G42/><T53/><D93/><U92/><E119/><V69/><F69/><W128/><G43/><T109/><D109/><RYUUKYOKU ba="0,1" sc="293,-10,84,-10,240,30,373,-10" hai2="0,5,10,17,18,31,32,61,67,68,91,94,97" />
</Scene>
<Scene>
<INIT seed="6,1,1,3,5,54" ten="283,74,270,363" oya="2" hai0="61,80,29,87,19,133,79,26,3,96,20,71,112" hai1="57,59,56,46,91,113,12,66,123,10,95,55,107" hai2="105,69,42,76,13,14,44,62,94,120,72,125,90" hai3="127,27,82,35,25,117,88,6,110,106,48,89,17"/><V134/><F120/><W51/><G110/><T63/><D3/><U75/><E107/><V41/><F105/><W65/><G106/><T5/><D5/><N who="1" m="3151" /><E75/><V47/><F134/><W129/><G127/><T92/><D133/><U119/><E119/><V50/><F125/><W1/><G65/><T130/><D71/><U131/><E123/><V77/><F69/><W28/><G1/><T45/><D130/><U37/><E37/><V43/><F62/><W22/><G6/><T60/><D112/><U16/><E113/><V31/><F31/><W114/><G114/><T86/><D45/><N who="2" m="17482" /><F72/><W108/><G108/><T52/><D87/><N who="1" m="52735" /><E131/><V38/><F50/><W58/><G129/><T84/><D86/><U40/><E40/><V64/><F38/><W126/><G126/><T118/><D118/><U100/><E100/><V23/><F23/><N who="3" m="13551" /><G48/><T34/><D34/><U39/><E39/><V83/><F83/><W9/><G9/><T115/><D115/><U101/><E101/><V49/><F49/><W30/><G30/><T98/><D29/><U21/><E46/><V4/><F4/><W68/><G35/><T135/><D135/><U11/><E66/><V15/><F64/><W122/><G68/><T67/><D67/><U116/><E116/><V78/><F94/><W109/><G117/><T7/><D92/><U111/><E111/><V124/><F124/><W8/><G109/><T73/><D7/><U121/><E121/><V132/><F132/><W97/><G122/><T24/><D73/><U53/><E11/><V74/><F74/><W81/><G8/><T36/><D36/><RYUUKYOKU ba="1,1" sc="283,-15,74,15,270,15,363,-15" hai1="16,21,53,55,56,57,59" hai2="13,14,15,41,42,43,76,77,78,90" />
</Scene>
<Scene>
<INIT seed="6,2,1,5,2,113" ten="268,89,285,348" oya="2" hai0="104,51,55,4,118,64,53,2,96,108,8,85,122" hai1="111,116,40,106,31,110,56,17,39,81,95,100,107" hai2="41,66,127,123,19,36,98,94,46,37,57,105,86" hai3="128,7,27,59,10,20,134,78,112,21,72,120,22"/><V121/><F127/><W68/><G120/><T75/><D75/><U93/><E31/><V54/><F37/><W73/><G68/><T6/><D122/><U58/><E17/><V92/><F105/><W28/><G134/><T91/><D108/><U3/><E3/><V103/><F66/><W25/><G128/><T24/><D64/><U49/><E49/><V88/><REACH who="2" step="1"/><F19/><REACH who="2" ten="268,89,275,348" step="2"/><W16/><G16/><T97/><D104/><U44/><E39/><V132/><F132/><W117/><G112/><T70/><D4/><U125/><E125/><V124/><F124/><W18/><G7/><T15/><D6/><U82/><E40/><V114/><F114/><W115/><G18/><T50/><D53/><U42/><E42/><V133/><F133/><W32/><G115/><T1/><D55/><U34/><E100/><V84/><F84/><W69/><G73/><T14/><D85/><U135/><E135/><V48/><AGARI ba="2,2" hai="36,41,46,48,54,57,86,88,92,94,98,103,121,123" machi="48" ten="20,7800,0" yaku="1,1,0,1,7,1,54,1,53,0" doraHai="113" doraHaiUra="126" who="2" fromWho="2" sc="268,-28,89,-28,275,104,348,-28" />
</Scene>
<Scene>
<INIT seed="6,3,0,3,2,46" ten="240,61,379,320" oya="2" hai0="106,9,29,130,120,48,71,67,61,81,114,28,66" hai1="3,2,98,58,121,101,18,87,0,38,59,56,134" hai2="127,43,73,97,16,12,77,13,57,90,1,125,112" hai3="51,5,15,118,31,4,68,33,32,26,79,135,123"/><V70/><F70/><W41/><G68/><T107/><D120/><U75/><E75/><V10/><F1/><W122/><G118/><T40/><D67/><U91/><E38/><V117/><F117/><W82/><G135/><T60/><D60/><U132/><E121/><V21/><F112/><W37/><G37/><T72/><D114/><U95/><REACH who="1" step="1"/><E18/><REACH who="1" ten="240,51,379,320" step="2"/><V19/><F73/><W39/><G39/><T109/><D29/><U49/><E49/><V74/><F74/><W6/><G123/><T30/><D48/><U44/><E44/><V104/><F19/><W17/><G122/><T133/><D28/><U14/><E14/><V124/><F13/><W126/><G17/><T103/><D30/><U119/><E119/><V93/><F10/><W76/><G15/><T65/><D9/><U111/><E111/><V92/><F12/><W25/><G51/><T69/><D109/><U108/><E108/><V55/><F16/><W113/><G113/><T78/><D71/><U45/><E45/><V22/><F127/><W23/><G31/><T24/><D69/><U94/><AGARI ba="3,1" hai="0,2,3,56,58,59,87,91,94,95,98,101,132,134" machi="94" ten="40,5200,0" yaku="1,1,0,1,53,1" doraHai="46" doraHaiUra="80" who="1" fromWho="1" sc="240,-16,51,71,379,-29,320,-16" />
</Scene>
<Scene>
<INIT seed="7,0,0,3,1,53" ten="224,122,350,304" oya="3" hai0="21,116,87,79,84,65,132,86,75,50,49,77,126" hai1="129,83,133,100,123,76,66,82,113,130,72,34,115" hai2="90,14,10,60,94,73,112,4,42,27,5,64,33" hai3="41,127,23,17,39,35,121,101,125,31,18,135,52"/><W74/><G121/><T81/><D116/><U25/><E66/><V92/><F73/><W15/><G74/><T124/><D65/><U80/><E25/><V26/><F112/><N who="1" m="43081" /><E34/><V88/><F42/><W12/><G101/><T0/><D0/><U46/><E46/><V70/><F5/><W96/><G96/><T45/><D45/><U9/><E9/><V122/><F33/><W58/><G135/><T120/><D132/><U134/><E123/><V91/><F122/><W2/><G39/><T19/><D120/><U51/><E51/><V40/><F40/><W102/><G102/><T57/><D49/><U36/><E36/><V105/><F105/><W16/><G2/><T62/><D50/><U110/><E100/><V24/><AGARI ba="0,0" hai="4,10,14,24,26,27,60,64,70,88,90,91,92,94" machi="24" ten="30,2000,0" yaku="0,1,54,1" doraHai="53" who="2" fromWho="2" sc="224,-5,122,-5,350,20,304,-10" owari="219,-18.0,117,-38.0,370,47.0,294,9.0" />
</Scene>
</mjloggm>