<mjloggm ver="2.3"><GO type="169"/><UN n0="%53%45%4C%45%43%54%2A" n1="%E3%83%AF%E3%82%A4%E3%83%AB%E3%83%89" n2="%E6%AD%A6%E5%A3%AB%E6%B2%A2%E7%A7%80%E8%A1%8C" n3="%E5%A4%AA%E3%81%8F%E3%81%AA%E3%81%84%E3%81%8A" dan="17,17,16,18" rate="2205,2205,2128,2149" sx="M,M,M,M"/><TAIKYOKU oya="0"/>

<Scene>
<INIT seed="0,0,0,5,4,103" ten="250,250,250,250" oya="0" hai0="13,82,105,92,0,19,128,108,38,18,83,46,70" hai1="68,122,27,34,91,40,94,125,53,98,114,93,106" hai2="41,124,44,67,4,52,74,62,57,39,78,121,2" hai3="97,37,111,107,7,66,131,23,90,96,17,50,49"/><T113/><D113/><U115/><E122/><V71/><F124/><W16/><G37/><T29/><D70/><U24/><E68/><V22/><F121/><W36/><G36/><T84/><D0/><U88/><E125/><V51/><F22/><W1/><G66/><T8/><D29/><U3/><E3/><V28/><F28/><W55/><G111/><T33/><D33/><U32/><E53/><V89/><F89/><W56/><G131/><T86/><D128/><U79/><E40/><V31/><F31/><W61/><G96/><T116/><D116/><U76/><E98/><V100/><F100/><W58/><G58/><T135/><D92/><U101/><E101/><V6/><F2/><W112/><G112/><T21/><D38/><U63/><E63/><V45/><F45/><W35/><G35/><T134/><D46/><U12/><E12/><V47/><F47/><W127/><G127/><T54/><D54/><U26/><E24/><V64/><F64/><W118/><G118/><T9/><D21/><U123/><E123/><V42/><F42/><W117/><G117/><T102/><D102/><U110/><E110/><V59/><F59/><W72/><G1/><T48/><D13/><U95/><E93/><V43/><F43/><W60/><G55/><T5/><D5/><U119/><E119/><V81/><AGARI ba="0,0" hai="4,6,39,41,44,51,52,57,62,67,71,74,78,81" machi="81" ten="30,7900,0" yaku="0,1,24,2,54,1" doraHai="103" who="2" fromWho="2" sc="250,-39,250,-20,250,79,250,-20" />
</Scene>
<Scene>
<INIT seed="1,0,0,2,0,15" ten="211,230,329,230" oya="1" hai0="58,27,22,86,46,127,87,121,34,91,70,33,116" hai1="104,30,28,53,128,39,63,3,73,108,68,135,72" hai2="12,9,10,14,16,21,60,47,84,134,76,133,95" hai3="59,132,85,49,8,2,54,92,100,94,118,52,80"/><U79/><E39/><V90/><F76/><W124/><G124/><T41/><D70/><U48/><E104/><V19/><F47/><W106/><G132/><T74/><D74/><U42/><E42/><V62/><F21/><W131/><G131/><T4/><D116/><U6/><E135/><AGARI ba="0,0" hai="9,10,12,14,16,19,60,62,84,90,95,133,134,135" machi="135" ten="40,8000,1" yaku="9,1,20,1,52,2,54,1" doraHai="15" who="2" fromWho="1" sc="211,0,230,-80,329,80,230,0" />
</Scene>
<Scene>
<INIT seed="2,0,0,4,4,103" ten="211,150,409,230" oya="2" hai0="32,18,0,23,56,14,109,27,36,96,60,98,12" hai1="38,79,94,67,131,9,46,31,130,93,59,53,127" hai2="22,43,55,11,134,87,73,50,47,115,17,85,91" hai3="62,108,74,57,123,97,86,95,126,99,121,106,28"/><V104/><F115/><W30/><G74/><T52/><D109/><U54/><E79/><V110/><F110/><W3/><G108/><T102/><D36/><U76/><E76/><V117/><F117/><W77/><G3/><T29/><D0/><U61/><E127/><V100/><F73/><W72/><G126/><T75/><D75/><U125/><E125/><V129/><F129/><N who="1" m="49161" /><E31/><V45/><F134/><W113/><G113/><T6/><REACH who="0" step="1"/><D102/><REACH who="0" ten="201,150,409,230" step="2"/><U10/><E38/><V81/><F100/><N who="3" m="62751" /><G123/><T116/><D116/><U84/><E84/><V118/><F118/><W1/><G1/><T25/><D25/><U119/><E119/><V105/><F87/><W124/><G124/><T15/><D15/><U37/><E37/><N who="2" m="21743" /><F22/><W64/><G121/><T16/><D16/><U101/><E101/><V20/><F20/><W92/><G86/><T83/><D83/><U120/><E120/><V44/><F44/><W128/><G128/><T33/><D33/><U41/><E10/><AGARI ba="0,1" hai="6,10,12,14,18,23,27,29,32,52,56,60,96,98" machi="10" ten="40,2600,0" yaku="1,1,54,1,53,0" doraHai="103" doraHaiUra="133" who="0" fromWho="1" sc="201,36,150,-26,409,0,230,0" />
</Scene>
<Scene>
<INIT seed="3,0,0,4,0,123" ten="237,124,409,230" oya="3" hai0="126,66,33,74,64,73,8,4,12,114,99,101,89" hai1="20,22,94,21,39,116,98,122,27,40,130,78,131" hai2="29,117,56,105,110,52,71,18,28,86,57,42,107" hai3="121,100,115,83,38,54,70,69,104,7,95,135,26"/><W96/><G121/><T118/><D118/><U25/><E122/><V79/><F71/><W59/><G115/><T41/><D33/><U9/><E116/><V30/><F117/><W113/><G113/><T106/><D114/><U87/><E40/><V46/><F18/><W91/><G38/><T119/><D119/><U128/><E39/><V109/><F79/><W90/><G135/><T0/><D126/><U23/><N who="1" m="5120" /><DORA hai="133" /><U47/><E47/><V68/><F86/><W44/><G26/><T19/><D41/><U55/><E55/><V24/><F68/><W10/><G44/><T17/><D89/><U1/><E78/><V31/><F24/><W62/><G83/><T43/><D43/><U45/><E45/><V2/><F2/><W134/><G134/><T58/><D0/><U36/><E87/><V61/><N who="2" m="7680" /><DORA hai="53" /><V60/><F105/><W111/><G91/><T72/><REACH who="0" step="1"/><D66/><REACH who="0" ten="227,124,409,230" step="2"/><U80/><E36/><V51/><REACH who="2" step="1"/><F107/><REACH who="2" ten="227,124,399,230" step="2"/><W112/><G112/><T85/><D85/><U125/><E80/><V16/><F16/><W32/><G104/><T132/><D132/><U6/><REACH who="1" step="1"/><E125/><REACH who="1" ten="227,114,399,230" step="2"/><V75/><F75/><W50/><G32/><T92/><D92/><U76/><E76/><V5/><F5/><W81/><G7/><T48/><D48/><U13/><E13/><V93/><F93/><W37/><G37/><T127/><D127/><U97/><E97/><V120/><F120/><W3/><G50/><T102/><D102/><AGARI ba="0,3" hai="1,6,9,25,27,94,98,102,128,130,131" m="5120" machi="102" ten="60,7700,0" yaku="1,1,19,1,53,1" doraHai="123,133,53" doraHaiUra="67,35,129" who="1" fromWho="0" sc="227,-77,114,107,399,0,230,0" />
</Scene>
<Scene>
<INIT seed="4,0,0,0,3,72" ten="150,221,399,230" oya="0" hai0="71,102,101,51,89,107,92,1,57,97,133,37,60" hai1="32,83,67,33,47,130,50,119,35,62,11,7,39" hai2="74,31,26,41,81,0,124,42,68,15,106,114,110" hai3="69,59,94,127,48,126,76,132,44,63,23,55,34"/><T52/><D1/><U75/><E119/><V86/><F0/><W46/><G34/><T108/><D133/><U99/><E130/><V135/><F114/><W128/><G94/><T9/><D108/><U49/><E99/><V85/><F110/><W28/><G28/><T122/><D122/><U84/><E75/><V13/><F106/><W18/><G128/><T82/><D37/><U134/><E134/><V38/><F68/><W21/><G132/><T27/><D9/><U117/><E117/><V70/><F70/><W131/><G131/><T45/><D71/><U121/><E121/><V112/><F112/><W95/><G95/><T12/><D12/><U118/><E118/><V19/><F135/><W24/><G23/><T105/><D27/><U66/><E39/><V3/><F3/><W17/><G17/><T56/><D56/><U14/><E62/><V5/><F38/><W29/><G29/><T16/><D16/><U90/><REACH who="1" step="1"/><E50/><REACH who="1" ten="150,211,399,230" step="2"/><V96/><F74/><W58/><G63/><T109/><D109/><U43/><AGARI ba="0,1" hai="7,11,14,32,33,35,43,47,49,66,67,83,84,90" machi="43" ten="30,7900,0" yaku="1,1,2,1,0,1,53,1" doraHai="72" doraHaiUra="4" who="1" fromWho="1" sc="150,-39,211,89,399,-20,230,-20" />
</Scene>
<Scene>
<INIT seed="5,0,0,5,3,132" ten="111,300,379,210" oya="1" hai0="92,83,24,41,69,63,87,21,123,26,112,89,53" hai1="3,106,121,119,96,55,120,82,32,101,111,27,29" hai2="45,8,22,18,104,131,124,102,133,46,44,50,58" hai3="115,113,94,70,47,122,78,75,110,16,56,20,107"/><U31/><E3/><V49/><F133/><W74/><G70/><T28/><D112/><N who="3" m="43081" /><G107/><T2/><D2/><U103/><E119/><V85/><F131/><W135/><G135/><T80/><D123/><U128/><E128/><V34/><F34/><W19/><G122/><T11/><D41/><U84/><E111/><V127/><F8/><W93/><G110/><T48/><D11/><U91/><E31/><V59/><F85/><W79/><G47/><T9/><D9/><U37/><E37/><V99/><F50/><W4/><G4/><T95/><D63/><U129/><E129/><V43/><F43/><W90/><G56/><T68/><D68/><U72/><E103/><V71/><F71/><W5/><G5/><T36/><D69/><U12/><E55/><V66/><F59/><W77/><G94/><T35/><D36/><U67/><E67/><V10/><F10/><W98/><G19/><T30/><REACH who="0" step="1"/><D95/><REACH who="0" ten="101,300,379,210" step="2"/><N who="1" m="54759" /><E120/><V97/><F49/><W38/><G38/><T100/><D100/><U33/><E121/><V64/><F102/><W65/><G65/><T13/><D13/><AGARI ba="0,1" hai="13,16,20,74,75,77,78,79,90,93,98" m="43081" machi="13" ten="30,2000,0" yaku="15,1,54,1" doraHai="132" who="3" fromWho="0" sc="101,-20,300,0,379,0,210,30" />
</Scene>
<Scene>
<INIT seed="6,0,0,0,1,117" ten="81,300,379,240" oya="2" hai0="123,119,11,40,16,134,24,107,127,72,73,116,67" hai1="97,132,43,4,35,71,131,89,53,6,45,92,93" hai2="90,49,94,118,54,88,39,17,38,61,100,37,98" hai3="5,112,18,86,129,68,34,15,62,81,99,42,51"/><V106/><F118/><N who="0" m="45098" /><D107/><U7/><E71/><V87/><F17/><W109/><G109/><T46/><D67/><U63/><E35/><V64/><F90/><W28/><G129/><T55/><D55/><U12/><E131/><V22/><F22/><W135/><G135/><T133/><D127/><U57/><E132/><N who="0" m="50793" /><D73/><U130/><E130/><V26/><F26/><W104/><G5/><T41/><D72/><U32/><E32/><V101/><F101/><W33/><G42/><N who="0" m="16491" /><D46/><U21/><E21/><V80/><F106/><W113/><G51/><T77/><D77/><U30/><E93/><V70/><REACH who="2" step="1"/><F38/><REACH who="2" ten="81,300,369,240" step="2"/><W120/><G104/><T121/><D24/><U84/><E89/><V65/><F65/><W79/><G34/><T108/><D108/><U27/><E27/><V59/><AGARI ba="0,1" hai="37,39,49,54,59,61,64,70,80,87,88,94,98,100" machi="59" ten="20,7800,0" yaku="1,1,0,1,7,1,54,1,53,0" doraHai="117" doraHaiUra="36" who="2" fromWho="2" sc="81,-26,300,-26,369,88,240,-26" />
</Scene>
<Scene>
<INIT seed="6,1,0,1,2,123" ten="55,274,457,214" oya="2" hai0="28,34,26,107,32,7,1,108,27,118,120,11,72" hai1="18,104,127,69,130,90,35,64,20,52,79,128,23" hai2="0,106,100,75,105,41,85,98,10,31,5,74,109" hai3="115,15,124,8,126,71,21,3,58,61,46,33,39"/><V29/><F106/><W13/><G33/><T63/><D107/><U44/><E104/><V53/><F41/><N who="3" m="22847" /><G71/><T96/><D96/><U56/><E35/><V102/><F102/><W125/><G115/><T30/><D72/><U133/><E79/><V78/><F53/><N who="3" m="33999" /><G21/><T22/><D63/><U67/><E69/><V135/><F31/><W54/><G54/><T66/><D66/><U50/><E90/><V84/><F85/><W117/><G117/><T17/><D120/><U37/><E20/><V86/><F84/><W122/><G122/><T93/><D93/><U132/><E23/><V73/><F29/><W89/><G89/><T95/><D95/><U87/><E18/><V6/><F6/><AGARI ba="1,0" hai="3,6,8,13,15,124,125,126" m="33999,22847" machi="6" ten="30,1000,0" yaku="18,1" doraHai="123" who="3" fromWho="2" sc="55,0,274,0,457,-13,214,13" />
</Scene>
<Scene>
<INIT seed="7,0,0,1,2,49" ten="55,274,444,227" oya="3" hai0="101,100,84,12,89,67,1,33,121,122,86,94,66" hai1="5,40,54,108,18,28,60,105,82,8,39,45,72" hai2="47,97,118,76,131,95,81,96,116,75,62,13,36" hai3="132,120,125,56,115,70,35,102,119,129,92,43,126"/><W30/><G70/><T135/><D1/><N who="1" m="47" /><E105/><V15/><F131/><W3/><G3/><T106/><D33/><U58/><E28/><V0/><F0/><W57/><G120/><T10/><D10/><U31/><E31/><V27/><F27/><N who="3" m="18911" /><G119/><T112/><D12/><U20/><E20/><V71/><F97/><N who="3" m="59687" /><G129/><T37/><D37/><U99/><E99/><V111/><F118/><W80/><G43/><T88/><D67/><U50/><E18/><V127/><F116/><W17/><G115/><T128/><D66/><U24/><E24/><V21/><F71/><W91/><G17/><T83/><D128/><U38/><E38/><V63/><F36/><W11/><G11/><T130/><D130/><U41/><E41/><V64/><F15/><W6/><G6/><T85/><D112/><U29/><E29/><V78/><F13/><W42/><G42/><T48/><D48/><U7/><E7/><V124/><F21/><W134/><G57/><T2/><D2/><U98/><E98/><V53/><F96/><W14/><G14/><T9/><D9/><U22/><E22/><V44/><F44/><W104/><G56/><T55/><D55/><U46/><E46/><V77/><F53/><W123/><G104/><T114/><D114/><U109/><E50/><V107/><F107/><W23/><G23/><T93/><D106/><U69/><E69/><V113/><F113/><W68/><G68/><T74/><D74/><U65/><E65/><V34/><F64/><W52/><G52/><T133/><D86/><U25/><E25/><V117/><F117/><W32/><G32/><RYUUKYOKU ba="0,0" sc="55,15,274,15,444,-15,227,-15" hai0="83,84,85,88,89,93,94,100,101,121,122,133,135" hai1="39,40,45,54,58,60,72,82,108,109" owari="70,-43.0,289,9.0,429,53.0,212,-19.0" />
</Scene>
</mjloggm>