<mjloggm ver="2.3"><GO type="169" lobby="0"/><UN n0="%67%6F%6F%64%62%79%65" n1="%E5%9F%BA%E7%A4%8E%E8%AB%96" n2="%E5%A4%AA%E3%81%8F%E3%81%AA%E3%81%84%E3%81%8A" n3="%E3%81%82%E3%82%8A%E3%81%8A%E3%81%A8" dan="17,16,18,17" rate="2114.89,2121.63,2186.19,2123.47" sx="F,M,M,M"/><TAIKYOKU oya="0"/>

<Scene>
<INIT seed="0,0,0,2,0,52" ten="250,250,250,250" oya="0" hai0="91,86,111,123,4,88,6,24,14,12,135,37,74" hai1="54,94,40,25,66,13,110,83,75,57,84,121,19" hai2="35,20,130,10,3,65,77,51,27,129,107,49,106" hai3="29,125,116,104,126,103,124,68,22,67,50,5,128"/><T36/><D123/><U132/><E121/><V82/><F35/><W76/><G116/><T26/><D86/><U89/><E110/><V117/><F117/><W30/><G76/><T8/><D135/><U72/><E132/><V98/><F65/><W42/><G5/><T95/><D95/><U69/><E40/><V17/><F3/><W92/><G104/><N who="2" m="39977" /><F10/><W71/><G128/><N who="2" m="49257" /><F98/><N who="3" m="59847" /><G67/><T21/><D21/><U80/><E25/><V32/><F32/><W109/><G109/><T118/><D111/><U61/><E72/><AGARI ba="0,0" hai="17,20,27,49,51,72,77,82" m="49257,39977" machi="72" ten="30,1000,0" yaku="19,1" doraHai="52" who="2" fromWho="1" sc="250,0,250,-10,250,10,250,0" />
</Scene>
<Scene>
<INIT seed="1,0,0,4,0,129" ten="250,240,260,250" oya="1" hai0="60,3,110,6,84,112,126,120,5,82,51,57,79" hai1="12,106,90,43,127,83,38,0,47,35,41,8,65" hai2="68,37,22,114,77,39,85,86,76,28,101,74,34" hai3="102,62,66,98,135,124,25,63,24,105,121,26,40"/><U49/><E106/><V92/><F34/><W10/><G121/><T117/><D112/><U72/><E35/><V58/><F68/><W46/><G124/><T73/><D126/><U45/><E127/><V109/><F74/><W94/><G10/><T54/><D120/><U111/><E111/><V21/><F109/><W59/><G63/><T103/><D117/><U125/><E125/><V2/><F2/><W52/><G135/><T7/><D110/><U115/><E115/><V56/><F114/><W107/><REACH who="3" step="1"/><G66/><REACH who="3" ten="250,240,260,240" step="2"/><T11/><D60/><U14/><E65/><V96/><F37/><AGARI ba="0,1" hai="24,25,26,37,40,46,52,59,62,94,98,102,105,107" machi="37" ten="40,5200,0" yaku="1,1,2,1,54,1,53,0" doraHai="129" doraHaiUra="78" who="3" fromWho="2" sc="250,0,240,0,260,-52,240,62" />
</Scene>
<Scene>
<INIT seed="2,0,0,5,5,60" ten="250,240,208,302" oya="2" hai0="93,75,113,107,62,40,16,88,121,67,13,15,94" hai1="80,0,84,1,134,73,81,79,38,125,124,37,35" hai2="130,103,52,50,77,92,25,22,5,42,26,82,21" hai3="65,29,23,131,55,12,90,28,63,96,105,120,9"/><V127/><F127/><N who="1" m="48713" /><E35/><V118/><F118/><W129/><G120/><T114/><D121/><U99/><E99/><N who="2" m="59879" /><F42/><W30/><G23/><N who="2" m="8713" /><F5/><W57/><G105/><T109/><D107/><U19/><E19/><V14/><F14/><W11/><G12/><T41/><D75/><U91/><E134/><V18/><F18/><W47/><G96/><T97/><D109/><U3/><AGARI ba="0,0" hai="0,1,3,37,38,73,79,80,81,84,91" m="48713" machi="3" ten="40,1500,0" yaku="18,1" doraHai="60" who="1" fromWho="1" sc="250,-4,240,15,208,-7,302,-4" />
</Scene>
<Scene>
<INIT seed="3,0,0,5,2,102" ten="246,255,201,298" oya="3" hai0="124,4,60,6,125,24,109,13,1,31,68,105,96" hai1="38,95,81,25,32,57,30,75,101,116,8,63,84" hai2="98,64,133,14,73,28,111,21,36,5,27,12,48" hai3="122,70,23,76,18,86,99,16,90,0,22,56,121"/><W80/><G70/><T91/><D109/><U55/><E116/><V65/><F36/><W10/><G0/><T131/><D131/><U132/><E132/><V79/><F111/><W3/><G3/><T69/><D91/><U15/><E38/><V34/><F133/><W128/><G10/><T17/><D1/><U134/><E134/><V11/><F48/><W20/><G128/><T119/><D119/><U9/><E75/><V42/><F42/><W71/><G71/><T66/><D69/><U85/><E15/><V103/><F73/><W82/><G56/><T108/><D108/><U126/><E126/><N who="0" m="48745" /><D17/><U123/><E123/><V97/><F79/><W114/><G114/><T52/><D13/><U51/><E51/><V89/><F89/><W39/><G39/><T19/><D19/><U49/><E49/><V43/><F12/><W135/><G135/><T46/><D46/><U37/><E37/><V33/><F14/><W130/><G130/><T26/><D26/><U53/><E53/><V59/><F27/><W129/><G129/><T50/><D52/><U61/><E61/><V44/><F44/><W100/><G122/><T72/><D50/><U88/><REACH who="1" step="1"/><E101/><REACH who="1" ten="246,245,201,298" step="2"/><V127/><F103/><W47/><G121/><T104/><D72/><U40/><E40/><V87/><F43/><W93/><G47/><T62/><D60/><U41/><E41/><V7/><F127/><W115/><G115/><T54/><D54/><U83/><E83/><V106/><F7/><W78/><G82/><T110/><D4/><U77/><AGARI ba="0,1" hai="8,9,25,30,32,55,57,63,77,81,84,85,88,95" machi="77" ten="20,5200,0" yaku="1,1,0,1,7,1,54,1,53,0" doraHai="102" doraHaiUra="2" who="1" fromWho="1" sc="246,-13,245,62,201,-13,298,-26" />
</Scene>
<Scene>
<INIT seed="4,0,0,3,1,105" ten="233,307,188,272" oya="0" hai0="83,52,32,45,128,98,63,43,11,54,5,103,96" hai1="2,118,130,28,39,79,57,132,75,113,76,69,47" hai2="106,18,8,20,74,55,90,108,49,10,72,60,48" hai3="38,40,109,127,16,129,92,14,114,119,84,22,66"/><T13/><D32/><U71/><E118/><V93/><F108/><W87/><G119/><T126/><D126/><U31/><E57/><N who="2" m="34879" /><F106/><W68/><G109/><T111/><D111/><U122/><E122/><V95/><F95/><W25/><G127/><T82/><D128/><U26/><E130/><V133/><F133/><W124/><G124/><T56/><D54/><U94/><E94/><V42/><F10/><W23/><G129/><T100/><D98/><U80/><E31/><V51/><F8/><W131/><G131/><T110/><D110/><U78/><E78/><V115/><F42/><W64/><G114/><T3/><D3/><U112/><E2/><V104/><F104/><W44/><G68/><T33/><D33/><N who="1" m="20631" /><E79/><V30/><F30/><W102/><G102/><T107/><D103/><U34/><E34/><V116/><F115/><N who="1" m="44105" /><E132/><V4/><F116/><W27/><G14/><T59/><REACH who="0" step="1"/><D59/><REACH who="0" ten="223,307,188,272" step="2"/><U70/><E71/><V17/><F4/><W85/><G92/><T135/><D135/><U24/><E70/><V50/><N who="2" m="12288" /><DORA hai="53" /><V37/><F93/><W21/><G66/><T67/><D67/><U58/><E58/><V15/><F15/><W29/><G64/><T65/><D65/><U19/><E69/><V35/><F35/><W97/><G97/><T134/><D134/><U125/><E125/><V120/><F120/><W62/><G44/><T73/><D73/><U99/><E99/><V1/><F1/><W0/><G0/><T77/><D77/><U7/><E47/><V9/><F74/><W117/><G117/><T123/><D123/><U61/><E75/><RYUUKYOKU ba="0,1" sc="223,30,307,-10,188,-10,272,-10" hai0="5,11,13,43,45,52,56,63,82,83,96,100,107" />
</Scene>
<Scene>
<INIT seed="4,1,1,3,4,4" ten="253,297,178,262" oya="0" hai0="84,3,118,97,28,98,58,129,8,20,42,53,33" hai1="79,103,106,26,27,11,36,130,29,69,13,102,14" hai2="104,111,78,23,120,7,71,50,93,43,110,6,75" hai3="74,9,54,15,47,86,1,113,126,48,132,39,115"/><T46/><D118/><U66/><E36/><V123/><F104/><W70/><G74/><T100/><D33/><U61/><E130/><V94/><F71/><W44/><G70/><T128/><D84/><U73/><E14/><V101/><F23/><W2/><G126/><T99/><D28/><U64/><E64/><V114/><F75/><W119/><G119/><T109/><D20/><U87/><E73/><V68/><F68/><W95/><G132/><T107/><D109/><U108/><E108/><V37/><F37/><W124/><G124/><T131/><D53/><U24/><E106/><V116/><F116/><W25/><G25/><T12/><D58/><U85/><E29/><V122/><F78/><W55/><G86/><T133/><D3/><U88/><E79/><V65/><F122/><W77/><G77/><T0/><D0/><U40/><E40/><V21/><F43/><N who="3" m="22655" /><G55/><T134/><D46/><U51/><E51/><V90/><F50/><W76/><G76/><T18/><D42/><U57/><E69/><V49/><F110/><W105/><G105/><T96/><AGARI ba="1,1" hai="8,12,18,96,97,98,99,100,107,128,129,131,133,134" machi="96" ten="40,7800,0" yaku="0,1,19,1,52,1" doraHai="4" who="0" fromWho="0" sc="253,91,297,-27,178,-27,262,-27" />
</Scene>
<Scene>
<INIT seed="4,2,0,5,5,134" ten="344,270,151,235" oya="0" hai0="77,42,133,66,48,129,72,95,112,98,30,65,40" hai1="0,46,118,73,68,75,113,15,35,37,3,53,84" hai2="49,86,44,60,90,38,7,64,4,114,125,63,111" hai3="39,10,107,31,121,33,124,23,91,6,2,109,80"/><T87/><D133/><U131/><E118/><V99/><F111/><W116/><G109/><T20/><D72/><U79/><E68/><V81/><F114/><W27/><G116/><T47/><D112/><U50/><E35/><V120/><F120/><W123/><G39/><T103/><D40/><U122/><E122/><N who="3" m="46602" /><G107/><T67/><D129/><U108/><E113/><V21/><F38/><W100/><G100/><T93/><D93/><U115/><E115/><V19/><F99/><W51/><G51/><T9/><D9/><U102/><E108/><V55/><F125/><W29/><G91/><T69/><D69/><U8/><E102/><V130/><F130/><W96/><G96/><T117/><D117/><U16/><E131/><V1/><F1/><W56/><G56/><T24/><D67/><U57/><E75/><V97/><F97/><W126/><G80/><AGARI ba="2,0" hai="20,24,30,42,47,48,65,66,77,80,87,95,98,103" machi="80" ten="40,2000,0" yaku="8,1" doraHai="134" who="0" fromWho="3" sc="344,26,270,0,151,0,235,-26" />
</Scene>
<Scene>
<INIT seed="4,3,0,0,5,93" ten="370,270,151,209" oya="0" hai0="68,52,132,91,108,36,39,7,58,42,65,131,98" hai1="67,114,123,69,117,122,124,34,134,72,33,51,26" hai2="128,82,95,23,40,87,89,50,57,17,59,44,77" hai3="105,27,2,84,80,14,64,96,121,97,1,32,111"/><T8/><D108/><U79/><E51/><V90/><F128/><W86/><G111/><T30/><D131/><U130/><E130/><V126/><F126/><W135/><G105/><T21/><D132/><U119/><E134/><V109/><F109/><W112/><G135/><T56/><D68/><U88/><E124/><V15/><REACH who="2" step="1"/><F90/><REACH who="2" ten="370,270,141,209" step="2"/><W74/><G121/><T125/><D125/><U22/><E88/><V29/><F29/><W70/><G112/><T31/><D31/><U13/><E114/><V83/><F83/><W99/><G74/><AGARI ba="3,1" hai="15,17,23,40,44,50,57,59,74,77,82,87,89,95" machi="74" ten="30,7700,0" yaku="1,1,7,1,53,2" doraHai="93" doraHaiUra="54" who="2" fromWho="3" sc="370,0,270,0,141,96,209,-86" />
</Scene>
<Scene>
<INIT seed="5,0,0,0,0,101" ten="370,270,237,123" oya="1" hai0="134,77,32,118,0,94,13,8,52,30,104,58,110" hai1="54,34,63,26,45,86,59,75,83,22,47,67,122" hai2="123,131,7,17,46,72,37,124,36,81,112,127,10" hai3="93,9,39,102,121,3,16,60,70,120,80,90,98"/><U19/><E122/><V76/><F123/><W129/><G39/><T51/><D110/><U25/><E75/><V125/><F131/><W62/><G129/><T5/><D118/><U114/><E114/><V116/><F116/><W95/><G80/><T130/><D104/><U11/><E11/><V6/><F112/><W109/><G109/><T84/><D130/><U115/><E115/><V4/><REACH who="2" step="1"/><F46/><REACH who="2" ten="370,270,227,123" step="2"/><W79/><G121/><T107/><D0/><U119/><E119/><V99/><F99/><W24/><G120/><T64/><D134/><U1/><E1/><V106/><F106/><W21/><G70/><T96/><D107/><U20/><E34/><V133/><F133/><W71/><G71/><T97/><D96/><U41/><E41/><V126/><N who="2" m="31744" /><DORA hai="111" /><V69/><F69/><W128/><G128/><T33/><D97/><U65/><E47/><V89/><F89/><W91/><G91/><T57/><D57/><U108/><E45/><V18/><F18/><W105/><G79/><T42/><D58/><U132/><E132/><V66/><F66/><W88/><G90/><T82/><D32/><U103/><E108/><V48/><F48/><W78/><G78/><T29/><D51/><U117/><E117/><V50/><F50/><W28/><G105/><T68/><D68/><U87/><E103/><V23/><F23/><W53/><G3/><T38/><D64/><U40/><E40/><V12/><AGARI ba="0,1" hai="4,6,7,10,12,17,36,37,72,76,81" m="31744" machi="12" ten="60,12000,2" yaku="1,1,0,1,18,1,53,4" doraHai="101,111" doraHaiUra="135,31" who="2" fromWho="2" sc="370,-30,270,-60,227,130,123,-30" />
</Scene>
<Scene>
<INIT seed="6,0,0,0,2,2" ten="340,210,357,93" oya="2" hai0="124,53,131,4,125,14,41,72,7,42,10,73,25" hai1="104,29,109,97,121,1,50,132,84,61,23,30,115" hai2="78,122,88,33,43,89,46,98,71,56,11,87,6" hai3="16,93,70,118,80,105,103,100,113,127,20,111,108"/><V106/><F71/><W45/><G118/><T31/><D53/><U40/><E109/><V116/><F33/><W27/><G70/><T24/><D131/><U129/><E129/><V82/><F116/><W120/><G120/><T21/><D25/><U22/><E1/><V86/><F122/><W15/><G127/><N who="0" m="48715" /><D4/><U63/><E121/><V114/><F114/><W79/><G113/><T12/><D12/><U19/><E115/><V90/><F56/><W48/><G105/><T17/><D31/><U44/><E132/><V26/><F26/><W126/><G126/><T49/><D49/><U69/><E23/><V34/><F34/><W47/><G47/><T135/><D135/><U36/><E36/><V55/><F55/><W91/><G111/><T8/><D8/><U59/><E69/><V85/><F106/><W37/><G37/><T65/><D65/><U76/><E104/><V18/><F18/><W35/><G108/><T99/><D99/><U68/><E97/><V57/><F57/><W102/><G35/><T133/><D133/><U3/><E3/><V62/><F62/><W51/><G27/><T134/><D134/><U64/><E63/><V110/><F98/><W13/><G13/><T9/><D9/><U95/><E68/><V101/><F110/><W75/><REACH who="3" step="1"/><G45/><REACH who="3" ten="340,210,357,83" step="2"/><T123/><D123/><U32/><E32/><V119/><F119/><W60/><G60/><T117/><D117/><U67/><E61/><V107/><F107/><W77/><G77/><T94/><D24/><U112/><E67/><V28/><F78/><W58/><G58/><T54/><D14/><RYUUKYOKU ba="0,1" sc="340,-10,210,-10,357,-10,83,30" hai3="15,16,20,48,51,75,79,80,91,93,100,102,103" />
</Scene>
<Scene>
<INIT seed="7,1,1,0,1,109" ten="330,200,347,113" oya="3" hai0="7,111,73,92,34,119,49,121,118,48,123,3,54" hai1="1,93,100,128,106,28,26,43,66,104,31,35,47" hai2="88,16,70,4,135,85,97,90,86,30,112,24,60" hai3="17,91,56,75,89,5,67,126,44,130,14,53,133"/><W77/><G126/><T55/><D73/><U18/><E128/><V71/><F4/><W8/><G130/><T94/><D7/><U39/><E1/><V20/><F112/><W110/><G110/><T40/><D111/><U51/><E66/><V87/><F135/><W2/><G133/><T22/><D22/><U10/><E31/><V58/><F30/><W115/><G115/><T120/><D34/><U62/><E62/><V132/><F132/><W25/><G67/><T41/><D120/><U21/><E10/><V23/><F23/><W52/><G25/><T80/><D80/><U107/><E93/><N who="2" m="56487" /><F90/><W103/><G103/><T81/><D81/><U19/><E51/><V102/><F102/><W59/><G75/><T32/><D32/><U12/><E19/><V78/><F78/><W6/><G77/><T131/><D131/><U0/><E0/><AGARI ba="1,1" hai="0,3,40,41,48,49,54,55,92,94,118,119,121,123" machi="0" ten="25,1600,0" yaku="22,2" doraHai="109" who="0" fromWho="1" sc="330,29,200,-19,347,0,113,0" owari="359,46.0,181,-22.0,347,15.0,113,-39.0" />
</Scene>
</mjloggm>