<mjloggm ver="2.3"><GO type="97"/><UN n0="%E3%83%A9%E3%82%BA%E3%83%99%E3%83%AA%E3%83%89%E3%83%AA" n1="%42%61%72%6F%6E%31%30%30" n2="%64%65%6F%6E%65" n3="%E5%A4%AA%E3%81%8F%E3%81%AA%E3%81%84%E3%81%8A" dan="15,13,15,15" rate="2039,1902,1999,2064" sx="M,M,M,M"/><TAIKYOKU oya="0"/>

<Scene>
<INIT seed="0,0,0,0,0,73" ten="250,250,250,250" oya="0" hai0="109,36,37,123,12,94,88,51,35,0,56,1,33" hai1="91,13,113,63,127,19,46,107,77,118,74,135,50" hai2="41,101,49,44,87,132,130,76,58,18,134,119,89" hai3="60,27,25,103,111,48,106,4,23,116,120,133,86"/><T79/><D123/><U21/><E118/><V114/><F114/><W42/><G116/><T61/><D51/><U131/><E113/><V40/><F119/><W26/><G120/><T82/><D12/><U2/><E2/><V124/><F124/><W69/><G111/><T129/><D0/><U64/><E107/><V115/><F115/><W29/><G133/><N who="2" m="51305" /><F130/><W81/><G4/><T100/><D1/><U78/><E135/><V125/><F101/><W16/><G103/><T59/><D100/><U75/><E75/><V68/><F68/><W112/><G106/><T6/><D6/><U96/><E74/><V128/><F128/><W90/><G112/><T95/><D129/><U9/><E131/><V55/><F125/><W102/><G102/><T22/><D22/><U80/><E127/><V67/><F18/><W7/><G7/><T45/><D109/><U17/><E96/><V30/><F30/><W43/><G48/><T10/><D10/><U20/><E9/><V31/><F31/><W47/><G47/><T38/><D45/><U99/><E80/><N who="2" m="47495" /><F89/><W66/><REACH who="3" step="1"/><G27/><REACH who="3" ten="250,250,250,240" step="2"/><T24/><D24/><N who="1" m="14351" /><E46/><V39/><F39/><W121/><G121/><T65/><D38/><U34/><E50/><V14/><F14/><W97/><G97/><N who="0" m="57543" /><D36/><U15/><E15/><V104/><F104/><W62/><G62/><AGARI ba="0,1" hai="40,41,44,49,55,58,62,67" m="47495,51305" machi="62" ten="30,2000,0" yaku="20,1,52,1" doraHai="73" who="2" fromWho="3" sc="250,0,250,0,250,30,240,-20" />
</Scene>
<Scene>
<INIT seed="1,0,0,0,5,46" ten="250,250,280,220" oya="1" hai0="55,122,52,76,61,11,12,31,87,73,4,60,62" hai1="74,32,34,22,47,8,37,88,44,2,9,84,119" hai2="69,70,89,38,39,49,5,63,66,78,125,133,106" hai3="24,131,64,117,54,126,6,92,21,79,42,124,20"/><U129/><E119/><V28/><F106/><W100/><G117/><T102/><D73/><U65/><E74/><V56/><F78/><W86/><G131/><T72/><D72/><U57/><E129/><V36/><F5/><W99/><G42/><T95/><D122/><U0/><E37/><V48/><F28/><W35/><G64/><T112/><D112/><U109/><E22/><V135/><F89/><W90/><G6/><T113/><D113/><U43/><E109/><V132/><F125/><N who="3" m="48235" /><G79/><T53/><D31/><U33/><E43/><V71/><AGARI ba="0,0" hai="36,38,39,48,49,56,63,66,69,70,71,132,133,135" machi="71" ten="50,16000,3" yaku="0,1,29,2,20,1,34,3,52,2" doraHai="46" who="2" fromWho="2" sc="250,-40,250,-80,280,160,220,-40" />
</Scene>
<Scene>
<INIT seed="2,0,0,0,5,17" ten="210,170,440,180" oya="2" hai0="22,125,81,23,101,124,128,107,15,68,100,74,112" hai1="12,5,96,95,57,42,92,13,126,58,77,40,72" hai2="115,98,69,24,83,30,0,105,109,19,80,61,31" hai3="76,16,21,106,130,56,34,90,32,46,33,44,127"/><V73/><F115/><W52/><G106/><T75/><D112/><U49/><E126/><N who="0" m="48745" /><D68/><U89/><E72/><N who="0" m="27689" /><D128/><U121/><E121/><V43/><F109/><W108/><G127/><T65/><D65/><U123/><E123/><V38/><F0/><W14/><G108/><T85/><D15/><U48/><E77/><V116/><F116/><W25/><G130/><T18/><D18/><U26/><E5/><V103/><F43/><W119/><G119/><T120/><D120/><U28/><E28/><V4/><F38/><W8/><G76/><N who="0" m="46247" /><D107/><U51/><E26/><V97/><F4/><W117/><G117/><T36/><D36/><U111/><E111/><V6/><F6/><W29/><REACH who="3" step="1"/><G90/><REACH who="3" ten="210,170,440,170" step="2"/><T122/><D122/><U62/><E89/><V86/><F105/><W37/><G37/><T93/><D93/><U63/><E51/><AGARI ba="0,1" hai="8,14,16,21,25,29,32,33,34,44,46,51,52,56" machi="51" ten="40,8000,1" yaku="1,1,52,1,54,2,53,0" doraHai="17" doraHaiUra="118" who="3" fromWho="1" sc="210,0,170,-80,440,0,170,90" />
</Scene>
<Scene>
<INIT seed="3,0,0,5,1,102" ten="210,90,440,260" oya="3" hai0="20,109,122,126,96,85,111,65,129,71,40,52,2" hai1="82,97,42,94,135,88,35,49,77,127,16,63,54" hai2="47,128,74,44,121,51,18,80,70,10,28,45,99" hai3="120,91,1,22,87,26,37,92,83,64,57,59,48"/><W7/><G37/><T118/><D2/><U30/><E135/><V25/><F70/><W4/><G120/><T75/><D75/><U114/><E114/><V108/><F121/><W112/><G112/><T61/><D122/><U95/><E127/><V5/><F18/><N who="3" m="12631" /><G1/><T79/><D118/><U8/><E35/><V132/><F132/><W60/><G92/><T9/><D9/><U90/><E30/><V110/><F128/><W84/><G84/><T38/><D20/><U115/><E115/><V117/><F117/><W33/><G33/><T36/><D96/><U6/><E63/><V14/><F99/><W134/><G134/><T31/><D31/><U66/><E66/><V15/><F80/><W133/><G133/><T46/><D85/><U81/><E42/><V0/><F74/><W104/><G104/><T72/><D79/><U53/><E77/><V32/><F51/><W11/><G11/><T23/><D23/><U78/><E78/><V41/><F41/><W62/><G48/><N who="0" m="26695" /><D72/><U13/><E6/><V39/><F39/><N who="0" m="14890" /><D129/><U116/><E116/><V24/><F24/><W29/><G29/><T130/><D130/><U106/><E106/><V50/><F50/><W69/><G4/><T131/><D131/><U125/><E125/><V43/><F43/><W73/><G7/><T107/><D107/><U101/><E101/><V89/><F89/><W113/><G91/><T123/><D123/><U56/><REACH who="1" step="1"/><E53/><REACH who="1" ten="210,80,440,260" step="2"/><V27/><F32/><W19/><G113/><T100/><D100/><U12/><E12/><V76/><F15/><W119/><G119/><T34/><D34/><RYUUKYOKU ba="0,1" sc="210,-10,80,30,440,-10,260,-10" hai1="8,13,16,49,54,56,81,82,88,90,94,95,97" owari="200,-20.0,110,-39.0,440,54.0,250,5.0" />
</Scene>
</mjloggm>