<mjloggm ver="2.3"><GO type="169"/><UN n0="%E3%81%AE%E3%82%8A%E3%82%BB%E3%83%8A" n1="%E2%99%AA%E3%83%A2%E3%83%8E%E3%82%AF%E3%83%AD" n2="%E5%A4%AA%E3%81%8F%E3%81%AA%E3%81%84%E3%81%8A" n3="%E9%A2%A8%E8%BB%8A%E3%81%AE%E7%B5%B5%E7%90%86%E5%AD%90" dan="16,17,17,17" rate="2125,2165,2161,2130" sx="M,F,M,F"/><TAIKYOKU oya="0"/>

<Scene>
<INIT seed="0,0,0,2,5,80" ten="250,250,250,250" oya="0" hai0="39,90,82,60,55,85,114,110,76,102,106,69,108" hai1="31,117,78,72,68,58,89,131,65,119,96,93,14" hai2="124,125,34,121,9,88,52,94,135,133,115,62,29" hai3="1,20,40,83,103,77,64,127,38,132,128,21,91"/><T86/><D39/><U98/><E68/><V19/><F115/><W87/><G1/><T0/><D0/><U16/><E131/><V51/><F121/><W74/><G64/><T46/><D114/><U134/><E134/><N who="2" m="51211" /><F62/><W81/><G132/><T5/><D5/><U129/><E129/><V97/><F34/><W42/><G128/><T101/><D69/><U118/><E31/><V35/><F35/><W26/><G127/><N who="2" m="48713" /><F29/><W10/><G103/><T15/><D15/><U28/><E28/><V126/><N who="2" m="48721" /><V122/><DORA hai="112" /><F122/><W120/><G120/><T99/><D102/><U17/><E98/><V27/><F9/><W61/><G61/><T113/><D113/><U79/><E72/><V54/><F51/><W45/><G42/><T13/><D13/><U100/><E17/><V107/><F107/><W49/><G10/><T56/><REACH who="0" step="1"/><D46/><REACH who="0" ten="240,250,250,250" step="2"/><U41/><E14/><V75/><F75/><W130/><G130/><T67/><D67/><U43/><E65/><V104/><F104/><W4/><G4/><T116/><D116/><U44/><E44/><V57/><F57/><W32/><G38/><T71/><D71/><U66/><E58/><V59/><F59/><W84/><G74/><T53/><D53/><U47/><E66/><V8/><F8/><W109/><G45/><T7/><D7/><U36/><E43/><V18/><F27/><W50/><G26/><T23/><D23/><U2/><E41/><V30/><F52/><W105/><G105/><T3/><D3/><U12/><E2/><V92/><F54/><W22/><G40/><T24/><D24/><RYUUKYOKU ba="0,1" sc="240,30,250,-10,250,-10,250,-10" hai0="55,56,60,76,82,85,86,90,99,101,106,108,110" />
</Scene>
<Scene>
<INIT seed="0,1,1,1,4,80" ten="270,240,240,240" oya="0" hai0="2,119,55,104,52,65,134,24,132,82,35,17,21" hai1="34,85,48,116,4,103,90,67,74,114,33,99,12" hai2="125,64,68,124,102,105,131,8,5,72,70,26,123" hai3="36,97,76,98,110,79,7,18,22,89,9,66,118"/><T39/><D104/><U122/><E74/><V56/><F123/><W46/><G118/><T135/><D39/><U128/><E116/><V31/><F72/><W37/><G66/><T127/><D119/><U71/><E122/><V49/><F131/><W101/><G110/><T19/><D2/><U117/><E117/><V15/><F105/><W57/><G57/><T54/><D35/><U11/><E128/><V106/><F106/><W92/><G37/><T20/><D127/><N who="2" m="48714" /><F102/><W58/><G58/><T86/><D65/><U28/><E114/><V91/><F91/><W3/><G36/><T53/><D53/><U45/><E28/><V42/><F42/><W96/><G46/><T108/><D108/><U95/><E71/><V16/><F5/><W126/><G126/><T44/><D44/><U69/><E69/><V109/><F109/><W25/><REACH who="3" step="1"/><G101/><REACH who="3" ten="270,240,240,230" step="2"/><T94/><D135/><U83/><REACH who="1" step="1"/><E67/><REACH who="1" ten="270,230,240,230" step="2"/><V51/><F70/><W87/><AGARI ba="1,3" hai="3,7,9,18,22,25,76,79,87,89,92,96,97,98" machi="87" ten="30,7900,0" yaku="1,1,2,1,0,1,52,1,53,0" doraHai="80" doraHaiUra="27" who="3" fromWho="3" sc="270,-40,230,-21,240,-21,230,112" />
</Scene>
<Scene>
<INIT seed="1,0,0,5,1,109" ten="230,209,219,342" oya="1" hai0="65,29,8,13,85,7,84,42,110,18,105,5,119" hai1="78,75,33,123,130,3,59,129,68,76,61,37,132" hai2="87,71,53,12,94,6,58,1,114,125,107,89,104" hai3="115,17,57,99,100,11,102,24,77,63,91,45,9"/><U10/><E123/><V80/><F71/><W0/><G77/><T22/><D119/><U69/><E33/><V19/><F125/><W126/><G126/><T88/><D105/><U92/><E37/><V121/><F121/><W49/><G0/><T54/><D110/><U97/><E132/><V35/><F35/><W86/><G115/><T25/><D65/><U73/><E3/><V14/><F1/><W101/><G99/><T48/><D42/><U127/><E10/><N who="2" m="4183" /><F80/><N who="3" m="49607" /><G24/><T44/><REACH who="0" step="1"/><D84/><REACH who="0" ten="220,209,219,342" step="2"/><U106/><E106/><V133/><F104/><W95/><G95/><AGARI ba="0,1" hai="5,7,8,13,18,22,25,29,44,48,54,85,88,95" machi="95" ten="30,12000,2" yaku="1,1,2,1,7,1,8,1,54,1,53,1" doraHai="109" doraHaiUra="50" who="0" fromWho="3" sc="220,130,209,0,219,0,342,-120" />
</Scene>
<Scene>
<INIT seed="2,0,0,1,2,133" ten="350,209,219,222" oya="2" hai0="74,58,21,72,28,103,81,80,121,41,95,117,3" hai1="66,53,7,128,15,83,5,126,87,85,75,114,18" hai2="27,44,13,124,93,84,99,51,42,20,16,68,52" hai3="0,123,113,22,71,97,9,17,108,89,73,120,49"/><V46/><F68/><W38/><G38/><T12/><D121/><U47/><E75/><V32/><F124/><W112/><G71/><T35/><D35/><U31/><E114/><N who="3" m="44138" /><G73/><T59/><D3/><U63/><E31/><V57/><F84/><W90/><G49/><T25/><D117/><U40/><E128/><V2/><F2/><W92/><G108/><T67/><D80/><U56/><E126/><V96/><F93/><W130/><G130/><T129/><D129/><U8/><E66/><V78/><F78/><W1/><G1/><T65/><D41/><U19/><E5/><V94/><F94/><W110/><G110/><T30/><D30/><U48/><REACH who="1" step="1"/><E87/><REACH who="1" ten="350,199,219,222" step="2"/><V43/><F32/><W118/><G118/><T106/><D67/><U61/><E61/><V6/><F6/><N who="3" m="1223" /><G90/><AGARI ba="0,1" hai="7,8,15,18,19,40,47,48,53,56,63,83,85,90" machi="90" ten="30,3900,0" yaku="1,1,7,1,8,1,53,0" doraHai="133" doraHaiUra="119" who="1" fromWho="3" sc="350,0,199,49,219,0,222,-39" />
</Scene>
<Scene>
<INIT seed="3,0,0,4,3,30" ten="350,248,219,183" oya="3" hai0="98,80,123,92,133,83,9,23,122,8,53,102,32" hai1="120,107,58,91,114,4,110,33,96,81,71,121,37" hai2="77,76,132,11,39,109,19,27,89,0,15,93,54" hai3="29,34,35,82,126,117,74,43,1,56,22,68,7"/><W75/><G68/><T135/><D53/><U31/><E71/><V60/><F39/><W21/><G117/><T79/><D23/><U119/><E114/><V125/><F0/><W20/><G43/><T78/><D9/><U52/><E37/><V129/><F109/><W66/><G29/><T118/><D8/><U40/><E40/><V104/><F104/><W69/><G69/><T13/><D13/><U134/><E4/><V84/><F125/><W55/><G66/><T36/><D36/><U64/><E64/><V85/><F129/><W131/><G131/><T10/><D10/><U17/><E110/><V111/><F111/><W6/><G126/><T16/><D16/><U63/><E134/><N who="0" m="51209" /><D118/><U57/><E119/><V99/><F132/><W45/><G45/><T94/><D94/><U108/><E108/><V86/><REACH who="2" step="1"/><F27/><REACH who="2" ten="350,248,209,183" step="2"/><W127/><G127/><T18/><D123/><U87/><E121/><V97/><F97/><W113/><G113/><T88/><D122/><U28/><E120/><V3/><F3/><W130/><G130/><T65/><D98/><U24/><E96/><V106/><F106/><W12/><G1/><T73/><D73/><U42/><E107/><V2/><F2/><W100/><G74/><T103/><D103/><U67/><E24/><V5/><F5/><W44/><G100/><T38/><D38/><U46/><E42/><V61/><F61/><W128/><G75/><T48/><D102/><U90/><E63/><V115/><F115/><W49/><G128/><T72/><D72/><U47/><E87/><V59/><AGARI ba="0,1" hai="11,15,19,54,59,60,76,77,84,85,86,89,93,99" machi="59" ten="30,4000,0" yaku="1,1,0,1,8,1,53,0" doraHai="30" doraHaiUra="25" who="2" fromWho="2" sc="350,-10,248,-10,209,50,183,-20" />
</Scene>
<Scene>
<INIT seed="4,0,0,2,4,121" ten="340,238,259,163" oya="0" hai0="0,49,24,120,99,62,76,50,37,19,85,82,7" hai1="98,52,66,57,89,15,101,28,94,79,102,68,109" hai2="88,4,70,5,91,105,21,58,75,93,80,124,73" hai3="103,9,51,39,95,33,35,131,130,60,20,127,17"/><T54/><D120/><U64/><E68/><V92/><F70/><W112/><G39/><T44/><D37/><U96/><E109/><V42/><F105/><W11/><G60/><T40/><D99/><U122/><E122/><V111/><F124/><W77/><G77/><T123/><D123/><U43/><E43/><V59/><F42/><W129/><G51/><T65/><D0/><U117/><E117/><V56/><F21/><W61/><G61/><T2/><D2/><U46/><E46/><V29/><F29/><W22/><G95/><N who="2" m="36425" /><F80/><W8/><G103/><T47/><D7/><N who="2" m="2634" /><F111/><W81/><G81/><T108/><D108/><U90/><E28/><V116/><F116/><W31/><G112/><T34/><D34/><U110/><E110/><V55/><F55/><W78/><G78/><T12/><D24/><U132/><E79/><V26/><F26/><N who="3" m="16855" /><G127/><T114/><D114/><U63/><E102/><V41/><F41/><W53/><G53/><T30/><D30/><U23/><E98/><V100/><F100/><W134/><G134/><T74/><D74/><AGARI ba="0,0" hai="56,58,59,73,74,75,88,91" m="2634,36425" machi="74" ten="40,5200,0" yaku="28,2,54,1" doraHai="121" who="2" fromWho="0" sc="340,-52,238,0,259,52,163,0" />
</Scene>
<Scene>
<INIT seed="5,0,0,5,3,135" ten="288,238,311,163" oya="1" hai0="71,103,74,117,114,24,122,7,25,107,16,110,26" hai1="62,77,57,93,50,28,63,53,60,109,30,105,131" hai2="41,58,66,121,70,87,101,12,56,64,54,6,124" hai3="13,55,80,88,23,108,125,4,123,91,46,67,49"/><U2/><E105/><V76/><F121/><W10/><G108/><T120/><D110/><U118/><E118/><V72/><F72/><W11/><G123/><T22/><D117/><U31/><E109/><V27/><F70/><W32/><G32/><T51/><D74/><U96/><E2/><V44/><F101/><W9/><G67/><T75/><D75/><U68/><E131/><V127/><F27/><W100/><G100/><T21/><D71/><U45/><E68/><V79/><F6/><W34/><G34/><T111/><D111/><U130/><E130/><V17/><F87/><W85/><G125/><N who="2" m="48201" /><F64/><W106/><G106/><T132/><D107/><U83/><E83/><V94/><F94/><W5/><REACH who="3" step="1"/><G91/><REACH who="3" ten="288,238,311,153" step="2"/><T61/><D103/><N who="1" m="60815" /><E77/><V0/><F79/><W59/><G59/><AGARI ba="0,1" hai="28,30,31,45,50,53,57,59,60,62,63" m="60815" machi="59" ten="30,1500,0" yaku="8,1" doraHai="135" who="1" fromWho="3" sc="288,0,238,25,311,0,153,-15" />
</Scene>
<Scene>
<INIT seed="5,1,0,5,2,47" ten="288,263,311,138" oya="1" hai0="26,9,129,23,118,40,133,66,77,20,73,102,75" hai1="132,25,16,98,46,18,28,76,104,120,108,32,81" hai2="2,74,83,15,57,7,24,103,96,82,111,31,112" hai3="131,44,19,64,62,1,134,128,97,41,54,6,91"/><U95/><E120/><V69/><F111/><W127/><G127/><T58/><D118/><U68/><E68/><V10/><F69/><W3/><G134/><T85/><D102/><U5/><E104/><V56/><F112/><W114/><G114/><T36/><D129/><U21/><E132/><V59/><F2/><W27/><G54/><T63/><D133/><U11/><E108/><V8/><F8/><W65/><G6/><T99/><D99/><U70/><E70/><V86/><F74/><W22/><G1/><T30/><D9/><U61/><E61/><V121/><F121/><W130/><G3/><T67/><D67/><U135/><E135/><V51/><F51/><W107/><G62/><T84/><D20/><U71/><E71/><V117/><F117/><W55/><G55/><T110/><D110/><U12/><E46/><V105/><REACH who="2" step="1"/><F86/><REACH who="2" ten="288,263,301,138" step="2"/><W50/><REACH who="3" step="1"/><G91/><REACH who="3" ten="288,263,301,128" step="2"/><T87/><D77/><U38/><E76/><V101/><F101/><AGARI ba="1,2" hai="19,22,27,41,44,50,64,65,97,101,107,128,130,131" machi="101" ten="40,8000,1" yaku="1,1,2,1,19,1,52,1,53,1" doraHai="47" doraHaiUra="92" who="3" fromWho="2" sc="288,0,263,0,301,-83,128,103" />
</Scene>
<Scene>
<INIT seed="6,0,0,3,1,6" ten="288,263,218,231" oya="2" hai0="4,65,30,53,64,56,58,32,27,10,104,49,14" hai1="116,122,95,121,126,28,9,72,90,132,42,59,112" hai2="134,79,26,31,76,114,3,89,133,135,8,129,92" hai3="22,55,60,68,115,94,96,13,18,16,118,98,77"/><V105/><F105/><W35/><G35/><T97/><REACH who="0" step="1"/><D58/><REACH who="0" ten="278,263,218,231" step="2"/><U93/><E59/><V47/><F114/><W130/><G115/><T128/><D128/><U101/><E112/><V73/><F129/><W61/><G130/><T25/><D25/><U12/><E122/><V41/><F73/><W33/><G68/><T109/><D109/><U67/><E72/><V37/><F3/><W117/><G117/><T87/><D87/><U51/><E121/><V102/><F102/><AGARI ba="0,1" hai="4,10,14,27,30,32,49,53,56,64,65,97,102,104" machi="102" ten="40,5200,0" yaku="21,2,52,1,53,0" doraHai="6" doraHaiUra="91" who="0" fromWho="2" sc="278,62,263,0,218,-52,231,0" />
</Scene>
<Scene>
<INIT seed="7,0,0,1,0,86" ten="340,263,166,231" oya="3" hai0="95,118,115,128,31,84,10,3,126,85,89,6,23" hai1="54,5,108,78,66,80,121,24,41,77,106,104,131" hai2="32,49,20,55,130,58,98,13,30,0,107,69,70" hai3="123,117,22,97,96,91,67,57,50,125,124,25,71"/><W45/><G123/><T11/><D118/><U73/><E108/><V60/><F0/><W38/><G117/><T37/><D37/><U63/><E121/><V122/><F122/><W7/><G71/><T81/><D128/><U120/><E120/><V21/><F130/><W27/><G7/><T110/><D110/><U129/><E41/><V14/><F70/><W39/><G57/><T2/><D126/><U75/><E54/><V92/><F107/><W112/><G67/><T33/><D33/><U62/><E24/><V1/><F1/><W8/><G8/><T88/><D115/><U47/><E47/><V40/><F32/><W100/><G112/><T116/><D116/><U132/><E5/><V28/><F21/><W34/><G34/><T76/><D76/><U9/><E9/><V79/><F79/><W102/><G50/><T127/><D127/><U48/><E48/><V87/><F87/><W52/><G45/><T46/><D46/><U44/><E44/><V119/><F119/><W53/><G22/><T90/><D2/><U109/><E109/><V72/><F72/><W64/><G64/><T19/><D31/><U18/><E66/><V105/><F105/><W16/><G16/><T111/><D111/><U59/><E18/><V93/><F40/><W94/><G94/><N who="2" m="36457" /><F98/><W51/><G51/><T36/><D36/><U114/><E114/><V43/><F43/><W56/><G56/><T101/><D11/><U113/><E113/><V68/><F68/><W82/><G82/><T135/><D81/><U103/><E80/><V35/><F35/><W61/><G61/><RYUUKYOKU ba="0,0" sc="340,-10,263,-10,166,-10,231,30" hai3="25,27,38,39,52,53,91,96,97,100,102,124,125" />
</Scene>
<Scene>
<INIT seed="7,1,0,2,5,79" ten="330,253,156,261" oya="3" hai0="12,67,113,89,18,133,104,49,78,55,61,122,114" hai1="94,10,16,54,43,62,119,69,135,88,93,126,30" hai2="50,47,40,130,65,64,5,68,4,45,77,111,74" hai3="15,101,35,0,39,48,53,87,58,95,92,128,41"/><W85/><G0/><T52/><D104/><U27/><E126/><V96/><F111/><W59/><G35/><T90/><D122/><U29/><E135/><V109/><F109/><W6/><G128/><T123/><D123/><U97/><E119/><V26/><F130/><W118/><G118/><T81/><D133/><U91/><E43/><V8/><F68/><W25/><G25/><T46/><D55/><U76/><E76/><V70/><F70/><W56/><G39/><T84/><D114/><U103/><E103/><V33/><F96/><N who="3" m="59527" /><G41/><T134/><D134/><U99/><E69/><V72/><F33/><W115/><G115/><T121/><D121/><U107/><E107/><V11/><F26/><W80/><G95/><T129/><D129/><U83/><E83/><V132/><F132/><W38/><G38/><T125/><D125/><U22/><E10/><V66/><F77/><N who="3" m="46223" /><G87/><T19/><D113/><U51/><E62/><V75/><REACH who="2" step="1"/><F47/><AGARI ba="1,0" hai="16,22,27,29,30,47,51,54,88,91,93,94,97,99" machi="47" ten="30,8000,1" yaku="7,1,9,1,8,1,54,2" doraHai="79" who="1" fromWho="2" sc="330,0,253,83,156,-83,261,0" owari="330,13.0,336,44.0,73,-43.0,261,-14.0" />
</Scene>
</mjloggm>