<mjloggm ver="2.3"><GO type="97"/><UN n0="%E6%98%BC%E9%A3%AF%EF%BC%A0%E4%BD%95%E9%A3%9F%E3%81%86" n1="%E3%83%97%E3%83%AB%E3%83%BC%E3%82%BF%E3%82%B9" n2="%E5%A4%AA%E3%81%8F%E3%81%AA%E3%81%84%E3%81%8A" n3="%E3%81%B6%E3%83%BC%E3%81%B6%E3%83%BC%E3%81%8D%E3%82%85" dan="16,13,15,13" rate="2099,1838,2063,1842" sx="F,M,M,M"/><TAIKYOKU oya="0"/>

<Scene>
<INIT seed="0,0,0,1,4,107" ten="250,250,250,250" oya="0" hai0="133,49,88,10,36,132,31,105,116,78,8,77,13" hai1="34,63,27,87,11,19,21,128,81,82,110,55,103" hai2="111,86,48,73,100,99,5,41,0,114,71,30,26" hai3="53,25,108,17,68,135,56,67,131,4,70,7,117"/><T39/><D105/><U28/><E110/><V40/><F114/><W69/><G117/><T46/><D116/><U85/><E128/><V92/><F71/><W83/><G108/><T1/><D31/><U45/><E103/><V126/><F111/><W14/><G131/><T65/><D65/><U122/><E122/><V61/><F73/><W57/><G25/><T23/><D23/><U37/><E11/><N who="0" m="4137" /><D1/><U90/><E37/><N who="0" m="14409" /><D13/><U43/><E43/><V104/><F41/><W89/><G135/><N who="0" m="51787" /><D88/><U97/><E97/><V3/><F3/><W95/><G83/><T22/><D22/><U2/><E2/><V32/><F104/><W20/><G67/><T35/><D35/><U42/><E42/><AGARI ba="0,0" hai="42,46,49,77,78" m="51787,14409,4137" machi="42" ten="30,1500,0" yaku="20,1" doraHai="107" who="0" fromWho="1" sc="250,15,250,-15,250,0,250,0" />
</Scene>
<Scene>
<INIT seed="0,1,0,3,1,106" ten="265,235,250,250" oya="0" hai0="135,10,11,61,95,86,83,129,119,24,96,111,12" hai1="87,29,49,48,79,116,112,58,47,122,72,32,14" hai2="105,81,133,67,33,13,99,4,26,66,132,89,78" hai3="43,41,21,76,124,50,44,134,64,38,42,37,69"/><T107/><D119/><U31/><E116/><V123/><F123/><W23/><G76/><T2/><D135/><N who="2" m="51786" /><F4/><W114/><G134/><T127/><D127/><U56/><E122/><V40/><F40/><W54/><G114/><T85/><D129/><U36/><E112/><V128/><F128/><W77/><G77/><T8/><D2/><U84/><E36/><V94/><F105/><W110/><G124/><T15/><D107/><U93/><E49/><V117/><F117/><W5/><G5/><T17/><D61/><U19/><E32/><V63/><F13/><N who="0" m="5194" /><D83/><U88/><E31/><N who="2" m="19703" /><F63/><N who="3" m="40095" /><G23/><N who="0" m="13423" /><D111/><U30/><E30/><V27/><F27/><W80/><G21/><T120/><D120/><U91/><E29/><V101/><F101/><AGARI ba="1,0" hai="8,10,11,85,86,95,96,101" m="13423,5194" machi="101" ten="30,1500,0" yaku="8,1" doraHai="106" who="0" fromWho="2" sc="265,18,235,0,250,-18,250,0" />
</Scene>
<Scene>
<INIT seed="0,2,0,0,2,123" ten="283,235,232,250" oya="0" hai0="58,98,62,32,74,9,68,67,0,82,81,115,70" hai1="102,56,37,116,6,130,110,40,71,53,79,54,73" hai2="129,13,127,43,15,47,57,99,30,8,65,90,45" hai3="84,25,20,61,133,93,104,86,85,103,46,35,125"/><T11/><D115/><U44/><E116/><V28/><F129/><W131/><G133/><T112/><D112/><U14/><E110/><V60/><F127/><W132/><G125/><T80/><D74/><U59/><E130/><V118/><F118/><W97/><G131/><T49/><D32/><U134/><E134/><V51/><F47/><W88/><G132/><T101/><D0/><U39/><E102/><V108/><F108/><W119/><G119/><T89/><D89/><U48/><E79/><V5/><REACH who="2" step="1"/><F15/><REACH who="2" ten="283,235,222,250" step="2"/><W109/><G109/><T41/><D70/><U111/><E73/><V92/><AGARI ba="2,1" hai="5,8,13,28,30,43,45,51,57,60,65,90,92,99" machi="92" ten="30,7900,0" yaku="1,1,2,1,0,1,8,1,53,0" doraHai="123" doraHaiUra="75" who="2" fromWho="2" sc="283,-41,235,-22,222,95,250,-22" />
</Scene>
<Scene>
<INIT seed="1,0,0,4,2,87" ten="242,213,317,228" oya="1" hai0="23,77,86,26,127,75,47,28,94,30,2,105,103" hai1="78,117,88,109,116,111,125,82,90,18,59,9,134" hai2="122,68,115,80,132,20,3,39,36,24,33,128,51" hai3="1,38,34,37,13,61,70,74,98,52,108,42,130"/><U27/><E59/><V46/><F122/><W120/><G120/><T129/><D2/><U49/><E49/><V56/><F68/><W107/><G1/><T99/><D127/><U92/><E27/><V91/><F3/><W60/><G108/><N who="1" m="41546" /><E18/><V63/><F33/><W124/><G74/><T16/><D129/><U55/><E55/><V79/><F128/><W32/><G34/><T104/><D47/><U5/><E125/><V113/><F132/><W123/><G32/><T7/><D7/><U12/><E134/><V21/><F56/><W106/><G124/><T97/><D75/><N who="1" m="43359" /><E92/><V4/><F4/><W15/><G130/><T67/><D67/><U25/><E25/><V126/><F126/><W71/><G123/><T45/><D45/><U40/><E40/><V43/><F63/><W64/><G42/><T93/><D105/><U8/><E8/><V89/><F39/><W84/><G64/><T31/><REACH who="0" step="1"/><D97/><REACH who="0" ten="232,213,317,228" step="2"/><U133/><E133/><V10/><F46/><W69/><G98/><T121/><D121/><U0/><E0/><V118/><F36/><W65/><G65/><T73/><D73/><U101/><E101/><V66/><F66/><W102/><G102/><T76/><D76/><U112/><E112/><V58/><F79/><W11/><G107/><T96/><D96/><U22/><E22/><V44/><F21/><W62/><G106/><T131/><D131/><U110/><E110/><V119/><F20/><W57/><G11/><T6/><D6/><U53/><E53/><V85/><F115/><W29/><G52/><T72/><D72/><U17/><E5/><RYUUKYOKU ba="0,1" sc="232,15,213,15,317,-15,228,-15" hai0="16,23,26,28,30,31,77,86,93,94,99,103,104" hai1="9,12,17,88,90,116,117" />
</Scene>
<Scene>
<INIT seed="1,1,1,0,4,61" ten="247,228,302,213" oya="1" hai0="126,59,128,102,29,27,100,14,21,43,53,87,76" hai1="30,106,24,62,110,1,28,44,38,32,65,113,88" hai2="129,9,108,70,40,63,60,66,18,91,20,93,23" hai3="107,135,26,57,73,56,36,48,130,8,42,111,101"/><U69/><E113/><V12/><F108/><W98/><G73/><T84/><D128/><U90/><E1/><V133/><F129/><W94/><G130/><T77/><D126/><U71/><E30/><V132/><F40/><W5/><G36/><T15/><D43/><U0/><E0/><V103/><F103/><N who="0" m="39466" /><D87/><U118/><E118/><V96/><REACH who="2" step="1"/><F63/><REACH who="2" ten="247,228,292,213" step="2"/><W49/><G111/><T95/><D77/><U92/><E110/><V41/><F41/><W64/><G42/><T134/><D134/><AGARI ba="1,2" hai="9,12,18,20,23,60,66,70,91,93,96,132,133,134" machi="134" ten="40,8000,1" yaku="1,1,20,1,52,1,53,1" doraHai="61" doraHaiUra="10" who="2" fromWho="0" sc="247,-83,228,0,292,103,213,0" />
</Scene>
<Scene>
<INIT seed="2,0,0,0,4,92" ten="164,228,395,213" oya="2" hai0="78,94,96,134,47,67,28,112,72,0,90,102,14" hai1="18,5,120,88,35,22,135,11,17,64,77,31,42" hai2="125,3,63,68,106,46,82,81,130,133,1,100,132" hai3="75,44,79,61,124,32,24,70,54,57,69,123,48"/><V65/><F125/><W10/><G123/><T53/><D112/><U111/><E120/><V80/><F130/><W107/><G124/><T89/><D0/><U40/><E135/><N who="2" m="51787" /><F46/><W126/><G107/><T29/><D134/><U33/><E111/><V113/><F113/><W127/><G10/><T73/><D67/><U86/><E77/><V131/><F131/><W85/><G75/><T45/><D78/><U114/><E114/><V20/><F20/><W121/><G121/><T13/><D94/><U59/><E64/><V39/><F39/><W98/><G79/><T37/><D102/><U15/><E59/><V97/><AGARI ba="0,0" hai="1,3,63,65,68,80,81,82,97,100,106" m="51787" machi="97" ten="40,3900,0" yaku="20,1,52,1" doraHai="92" who="2" fromWho="2" sc="164,-13,228,-13,395,39,213,-13" />
</Scene>
<Scene>
<INIT seed="2,1,0,3,4,128" ten="151,215,434,200" oya="2" hai0="87,117,101,119,15,103,89,114,122,120,76,62,93" hai1="52,84,31,111,36,56,39,79,107,1,54,121,92" hai2="32,125,110,106,124,4,61,102,53,100,58,9,29" hai3="115,64,134,11,20,98,50,135,63,2,78,118,41"/><V46/><F110/><W47/><G118/><N who="0" m="45067" /><D62/><U0/><E107/><V99/><F100/><N who="0" m="38474" /><D15/><U13/><E111/><V83/><F83/><W24/><G98/><N who="0" m="57647" /><D114/><U130/><E130/><V30/><F46/><W16/><G115/><T123/><D87/><U12/><E121/><N who="0" m="30977" /><T116/><N who="0" m="45075" /><DORA hai="23" /><T5/><DORA hai="75" /><D5/><U34/><E34/><V105/><F32/><W17/><G2/><T10/><D10/><U51/><E31/><V43/><F43/><W96/><G11/><T59/><D59/><U14/><E54/><V85/><F85/><W37/><G37/><T21/><D21/><U133/><E133/><N who="3" m="50698" /><G96/><T55/><D55/><U127/><E127/><V27/><F53/><W126/><G126/><T77/><AGARI ba="1,0" hai="76,77" m="30977,57647,38474,45075" machi="77" ten="60,8000,1" yaku="12,1,34,2,52,2" doraHai="128,23,75" who="0" fromWho="0" sc="151,83,215,-21,434,-41,200,-21" />
</Scene>
<Scene>
<INIT seed="3,0,0,5,1,53" ten="234,194,393,179" oya="3" hai0="87,123,130,45,36,69,84,113,6,129,4,116,10" hai1="43,26,14,21,46,92,17,51,50,22,63,78,105" hai2="8,59,20,111,64,108,11,9,42,126,73,85,115" hai3="5,23,72,124,118,35,112,27,12,74,66,89,19"/><W88/><G118/><T132/><D116/><U13/><E105/><V99/><F73/><W16/><G112/><T100/><D123/><U18/><E63/><N who="2" m="38015" /><F115/><W31/><G124/><T127/><D69/><U94/><E26/><V33/><F33/><W103/><G103/><T125/><D100/><U80/><REACH who="1" step="1"/><E51/><REACH who="1" ten="234,184,393,179" step="2"/><V58/><F126/><W71/><G71/><T67/><D113/><U7/><E7/><V106/><F106/><W0/><G66/><T121/><D6/><U28/><E28/><V3/><F9/><W61/><G61/><T82/><D10/><U109/><E109/><V70/><F85/><AGARI ba="0,1" hai="13,14,17,18,21,22,43,46,50,78,80,85,92,94" machi="85" ten="30,7700,0" yaku="1,1,7,1,9,1,8,1,53,0" doraHai="53" doraHaiUra="54" who="1" fromWho="2" sc="234,0,184,87,393,-77,179,0" owari="234,-17.0,271,7.0,316,42.0,179,-32.0" />
</Scene>
</mjloggm>