<mjloggm ver="2.3"><GO type="169"/><UN n0="%E3%81%82%E3%81%A4%E3%81%82%E3%81%A4%E6%B9%AF%E8%B1%86%E8%85%90" n1="%E5%A4%AA%E3%81%8F%E3%81%AA%E3%81%84%E3%81%8A" n2="%E3%82%A2%E3%82%AB%E2%98%86%E3%82%A6%E3%83%BC%E3%83%94%E3%83%B3" n3="%6D%61%63%6A%72" dan="18,16,16,16" rate="2238,2099,2070,2091" sx="M,M,M,M"/><TAIKYOKU oya="0"/>

<Scene>
<INIT seed="0,0,0,0,4,90" ten="250,250,250,250" oya="0" hai0="12,107,35,11,60,131,102,115,45,86,34,55,72" hai1="56,129,23,62,70,61,100,4,19,3,105,42,133" hai2="124,22,75,74,112,132,113,29,31,110,73,94,98" hai3="10,93,50,68,36,89,127,101,87,24,128,6,53"/><T78/><D72/><U59/><E42/><V48/><F110/><W2/><G127/><T13/><D115/><U97/><E129/><V85/><F124/><W7/><G128/><T82/><D131/><U111/><E111/><V52/><F132/><W118/><G118/><T88/><D107/><U123/><E123/><V33/><F85/><W54/><G36/><T130/><D130/><U44/><E133/><V134/><F33/><W0/><G68/><T79/><D102/><U109/><E109/><V25/><F31/><W104/><G104/><T28/><D28/><U37/><E37/><V92/><F134/><W47/><G101/><T117/><D117/><U121/><E121/><V43/><F43/><W41/><REACH who="3" step="1"/><G24/><REACH who="3" ten="250,250,250,240" step="2"/><T96/><D13/><U40/><E70/><V39/><F39/><W14/><G14/><T114/><D114/><U64/><E3/><V18/><F113/><W49/><G49/><T119/><D119/><U120/><E120/><V83/><F112/><W51/><G51/><T76/><D60/><U17/><E62/><V106/><F106/><W1/><G1/><T63/><D63/><U65/><E61/><V67/><F25/><W16/><G16/><N who="0" m="8223" /><D96/><U95/><E105/><V126/><F98/><W122/><G122/><T15/><D15/><U80/><E97/><V71/><F126/><W57/><G57/><T81/><D81/><U58/><E80/><V99/><F83/><W32/><G32/><T116/><D116/><U30/><E58/><V77/><F71/><W103/><G103/><T27/><D27/><U91/><E100/><V66/><F99/><RYUUKYOKU ba="0,1" sc="250,15,250,-15,250,-15,240,15" hai0="34,35,45,55,76,78,79,82,86,88" hai3="0,2,6,7,10,41,47,50,53,54,87,89,93" />
</Scene>
<Scene>
<INIT seed="0,1,1,2,3,12" ten="265,235,235,255" oya="0" hai0="115,114,36,80,17,76,10,93,119,65,110,0,105" hai1="44,91,1,8,30,83,97,89,92,74,53,68,120" hai2="64,23,22,34,52,4,72,99,57,125,2,87,130" hai3="96,21,24,42,45,13,27,75,16,84,7,47,77"/><T40/><D119/><U107/><E120/><V60/><F72/><W112/><G75/><N who="0" m="43039" /><D105/><U111/><E68/><V26/><F130/><W122/><G112/><T101/><D65/><U54/><E111/><V58/><F125/><W38/><G122/><T82/><D82/><U116/><E116/><V98/><F34/><W79/><G96/><N who="0" m="59535" /><D17/><U50/><E107/><V117/><F117/><W55/><G84/><T41/><D41/><U132/><E30/><V62/><F23/><W19/><G7/><N who="0" m="1383" /><D110/><U109/><E109/><V48/><F87/><W46/><G27/><T104/><D104/><U108/><E108/><V95/><F95/><W128/><G128/><T113/><D113/><U127/><E74/><V15/><F2/><W70/><G70/><T133/><D133/><U86/><E132/><V6/><F48/><W51/><G77/><T124/><D124/><U63/><E127/><V31/><F4/><W131/><G79/><T69/><D69/><U14/><E1/><V35/><F35/><W9/><REACH who="3" step="1"/><G131/><REACH who="3" ten="265,235,235,245" step="2"/><T100/><D100/><U81/><E81/><V25/><F26/><W73/><G73/><T28/><D28/><U3/><E3/><V102/><F102/><W32/><G32/><T43/><D115/><U118/><E118/><V129/><F129/><W49/><G49/><T123/><D114/><U39/><E39/><V94/><F94/><W18/><G18/><T59/><D123/><U33/><E33/><V61/><F60/><W90/><G90/><T20/><D36/><U37/><E37/><V134/><F134/><W29/><G29/><T121/><D121/><RYUUKYOKU ba="1,2" sc="265,-15,235,-15,235,15,245,15" hai2="6,15,22,25,31,52,57,58,61,62,64,98,99" hai3="9,13,16,19,21,24,38,42,45,46,47,51,55" />
</Scene>
<Scene>
<INIT seed="1,2,2,1,3,77" ten="250,220,250,260" oya="1" hai0="38,15,14,40,69,68,55,121,42,82,21,7,95" hai1="96,97,67,57,34,17,117,110,129,93,118,78,31" hai2="126,115,127,109,4,29,134,13,36,32,122,5,104" hai3="24,51,20,85,60,26,1,25,53,3,111,44,120"/><U75/><E34/><V128/><F13/><W41/><G120/><T114/><D114/><U112/><E112/><V10/><F29/><W79/><G111/><T12/><D121/><U90/><E31/><V30/><F30/><W131/><G131/><T0/><D0/><U9/><E129/><V6/><F10/><W119/><G119/><T94/><D7/><U47/><E110/><V87/><F87/><W83/><G3/><T61/><D21/><U108/><E108/><V125/><F5/><W48/><G60/><T73/><D55/><U2/><E47/><V101/><F101/><W124/><G124/><T45/><D42/><U98/><E118/><V58/><F4/><W81/><G1/><T107/><D107/><U80/><E117/><V62/><F6/><W37/><G37/><T18/><D18/><U65/><E2/><V84/><F122/><W43/><G48/><T92/><REACH who="0" step="1"/><D61/><REACH who="0" ten="240,220,250,260" step="2"/><U11/><E17/><V16/><F16/><W19/><REACH who="3" step="1"/><G81/><REACH who="3" ten="240,220,250,250" step="2"/><T105/><D105/><U113/><E113/><V89/><F115/><W86/><G86/><T66/><D66/><U103/><E65/><V100/><F84/><W52/><G52/><T72/><D72/><U56/><E67/><V76/><F126/><W54/><G54/><T88/><D88/><U102/><E90/><V46/><F89/><W33/><G33/><T28/><D28/><U70/><E75/><V123/><F32/><W64/><G64/><T132/><D132/><U99/><E103/><V59/><F125/><W49/><G49/><T8/><D8/><U106/><E102/><V133/><F100/><RYUUKYOKU ba="2,4" sc="240,15,220,-15,250,-15,250,15" hai0="12,14,15,38,40,45,68,69,73,82,92,94,95" hai3="19,20,24,25,26,41,43,44,51,53,79,83,85" />
</Scene>
<Scene>
<INIT seed="2,3,4,5,2,122" ten="255,205,235,265" oya="2" hai0="32,6,93,37,2,128,101,38,91,13,124,19,66" hai1="12,84,54,47,30,64,72,27,70,109,69,77,80" hai2="56,89,94,62,0,16,121,82,131,10,61,3,41" hai3="68,111,53,106,130,85,26,100,112,65,95,35,28"/><V134/><F121/><W5/><G112/><T48/><D32/><U46/><E12/><V71/><F134/><W76/><G5/><T1/><D101/><U127/><E127/><V17/><F131/><W79/><G130/><T40/><D66/><U133/><E133/><V58/><F71/><W117/><G117/><T103/><D103/><U118/><E118/><V45/><F82/><W59/><G106/><T50/><D124/><U51/><E72/><V120/><F120/><W4/><G4/><T78/><D78/><U99/><E99/><V115/><F115/><W102/><G65/><T18/><D128/><U129/><E129/><V31/><F31/><W39/><G39/><T25/><D25/><U29/><E47/><V113/><F113/><W98/><G68/><T132/><D132/><U49/><E49/><N who="2" m="26799" /><F10/><W67/><G67/><T23/><D2/><U21/><E70/><V90/><F90/><W116/><G100/><T126/><D126/><U24/><E69/><V125/><F0/><W20/><G116/><T42/><D1/><U36/><E36/><V44/><F44/><W55/><G35/><T104/><D38/><U135/><E135/><V73/><F73/><W108/><G76/><T60/><D37/><U52/><E77/><V92/><F3/><W119/><G119/><T75/><D75/><U22/><E46/><V14/><F125/><W88/><G79/><T110/><D42/><U7/><E7/><V33/><F89/><W107/><REACH who="3" step="1"/><G55/><REACH who="3" ten="255,205,235,255" step="2"/><T81/><D6/><U57/><E54/><N who="2" m="33943" /><F33/><W74/><G74/><T123/><D40/><U34/><E34/><RYUUKYOKU ba="3,5" sc="255,-10,205,-10,235,-10,255,30" hai3="20,26,28,53,59,85,88,95,98,102,107,108,111" />
</Scene>
<Scene>
<INIT seed="3,4,5,2,1,135" ten="245,195,225,285" oya="3" hai0="104,95,131,34,106,120,134,119,14,107,15,1,35" hai1="128,40,67,70,44,37,49,86,16,109,80,43,24" hai2="60,9,96,63,21,13,54,10,29,130,41,22,2" hai3="25,53,38,68,113,122,33,55,57,98,79,56,94"/><W93/><G68/><T105/><D105/><U117/><E109/><V82/><F130/><W5/><G113/><T118/><D1/><U74/><E128/><V114/><F114/><W39/><G122/><T89/><D131/><U121/><E121/><V45/><F2/><W129/><G129/><T31/><D120/><U3/><E3/><V61/><F54/><W83/><G5/><T100/><D100/><U66/><E74/><V17/><F96/><W75/><G93/><T27/><D35/><U18/><E117/><V69/><F69/><W4/><G4/><T103/><D103/><U20/><E70/><V73/><F73/><W84/><G75/><T30/><D30/><U51/><E18/><V115/><F82/><W133/><G133/><T59/><D59/><U11/><E11/><N who="2" m="4107" /><F115/><W108/><G108/><T110/><D110/><U85/><E85/><V116/><F116/><W58/><G33/><T47/><D47/><N who="1" m="25855" /><E37/><V36/><F36/><W112/><G112/><T65/><D65/><U62/><E62/><V123/><F123/><W48/><G56/><T26/><D134/><U124/><E124/><V132/><F132/><W90/><G25/><T127/><D127/><U78/><AGARI ba="4,5" hai="16,20,24,40,44,51,66,67,78,80,86" m="25855" machi="78" ten="30,2000,0" yaku="8,1,54,1" doraHai="135" who="1" fromWho="1" sc="245,-9,195,82,225,-9,285,-14" />
</Scene>
<Scene>
<INIT seed="4,0,0,3,4,60" ten="236,277,216,271" oya="0" hai0="126,14,34,66,128,18,99,78,134,82,56,53,131" hai1="62,19,104,107,11,75,122,36,106,13,45,4,31" hai2="40,21,43,27,65,114,85,58,39,123,3,51,46" hai3="8,79,96,135,0,71,9,103,100,94,93,17,24"/><T64/><D34/><U88/><E122/><V91/><F3/><W44/><G71/><T16/><D99/><U121/><E121/><V1/><F1/><W20/><G135/><T52/><D134/><U2/><E75/><V12/><F114/><W87/><G0/><T90/><D90/><U113/><E113/><V133/><F133/><W120/><G120/><T118/><D118/><U5/><E31/><V7/><F123/><W26/><G26/><T55/><D126/><U10/><E62/><N who="2" m="38103" /><F39/><W127/><G127/><T80/><D56/><U101/><E101/><V109/><F109/><W119/><G119/><T124/><D124/><U30/><E30/><N who="2" m="17775" /><F40/><W108/><G108/><T33/><D33/><U129/><E129/><N who="0" m="49737" /><D18/><U48/><E36/><V117/><F117/><W74/><G100/><T110/><D110/><U15/><E88/><V38/><F38/><W59/><G17/><T28/><D28/><U61/><E61/><V23/><F7/><W84/><G103/><T32/><D32/><U41/><REACH who="1" step="1"/><E107/><REACH who="1" ten="236,267,216,271" step="2"/><V92/><F91/><W130/><G130/><T70/><D70/><U115/><E115/><V68/><F68/><W37/><G94/><T47/><D47/><U63/><E63/><V73/><F92/><W57/><G93/><T112/><D112/><U81/><E81/><N who="0" m="31337" /><D78/><U86/><E86/><V35/><F85/><W98/><G79/><T102/><D102/><U50/><E50/><V111/><F111/><W89/><G44/><T49/><D49/><U76/><E76/><V6/><F46/><W42/><G37/><T97/><D97/><U29/><E29/><RYUUKYOKU ba="0,1" sc="236,15,267,15,216,-15,271,-15" hai0="14,16,52,53,55,64,66" hai1="2,4,5,10,11,13,15,19,41,45,48,104,106" />
</Scene>
<Scene>
<INIT seed="4,1,1,0,0,47" ten="251,282,201,256" oya="0" hai0="77,23,3,58,106,59,130,103,33,38,4,116,60" hai1="67,32,29,107,56,62,109,7,6,44,124,114,28" hai2="40,74,70,94,39,99,72,55,88,34,134,41,113" hai3="36,117,20,132,61,85,127,122,49,95,129,80,78"/><T121/><D121/><U79/><E109/><V51/><F113/><W18/><G36/><T90/><D33/><U31/><E32/><V30/><F70/><W9/><G117/><T75/><D38/><U2/><E107/><V69/><F69/><W128/><G122/><T118/><D77/><U42/><E124/><V84/><F134/><W0/><G132/><T12/><D75/><U105/><E105/><V131/><F131/><N who="3" m="50251" /><G127/><T87/><D130/><U19/><E114/><V123/><F123/><W100/><G61/><T89/><D3/><U120/><E120/><V71/><F71/><W91/><G100/><T53/><D59/><U102/><E102/><V1/><F1/><W108/><G108/><T73/><D73/><U125/><E125/><V10/><F10/><W119/><G119/><T65/><D65/><U104/><E104/><V17/><F39/><W57/><G9/><T115/><D115/><U133/><E133/><V46/><F74/><W14/><G0/><T126/><D126/><U45/><E2/><V11/><F72/><N who="3" m="43079" /><G57/><T48/><D60/><U110/><E110/><V111/><F111/><W54/><G54/><T50/><D116/><U35/><E35/><V27/><REACH who="2" step="1"/><F99/><REACH who="2" ten="251,282,191,256" step="2"/><W13/><G49/><N who="0" m="31023" /><D118/><U92/><E62/><V81/><F81/><W15/><AGARI ba="1,2" hai="13,14,15,18,20,85,91,95" m="43079,50251" machi="15" ten="30,1100,0" yaku="19,1" doraHai="47" who="3" fromWho="3" sc="251,-6,282,-4,191,-4,256,34" />
</Scene>
<Scene>
<INIT seed="5,0,0,1,5,7" ten="245,278,187,290" oya="1" hai0="28,72,56,45,108,24,47,106,71,77,19,78,135" hai1="129,109,84,85,52,130,55,8,134,93,63,41,120" hai2="64,35,38,123,101,88,89,115,125,51,4,103,42" hai3="30,68,107,49,48,18,23,133,32,53,65,46,80"/><U126/><E120/><V16/><F123/><W102/><G133/><T111/><D71/><U2/><E41/><V100/><F35/><W82/><G32/><T11/><D106/><U96/><E134/><V21/><F38/><W22/><G107/><T66/><D135/><U76/><E126/><V60/><F125/><W54/><G102/><T12/><D108/><U128/><E109/><V87/><F115/><W124/><G124/><T37/><D111/><U14/><E2/><V62/><F4/><W31/><G65/><T70/><D70/><U57/><E55/><V59/><F62/><W132/><G68/><T91/><D91/><N who="1" m="55359" /><E76/><N who="0" m="29289" /><D72/><U90/><E90/><V74/><F74/><W69/><G69/><T95/><D95/><U121/><E121/><V105/><F105/><W25/><G132/><T50/><D37/><U5/><AGARI ba="0,0" hai="5,8,14,52,57,63,84,85,128,129,130" m="55359" machi="5" ten="30,6000,0" yaku="19,1,52,1,54,1" doraHai="7" who="1" fromWho="1" sc="245,-20,278,60,187,-20,290,-20" />
</Scene>
<Scene>
<INIT seed="5,1,0,5,0,133" ten="225,338,167,270" oya="1" hai0="48,51,108,13,56,76,105,80,33,101,127,63,94" hai1="75,9,24,99,106,69,34,0,93,115,114,122,92" hai2="23,95,79,77,55,117,61,129,91,38,11,2,88" hai3="53,21,131,5,19,37,81,85,98,97,135,65,70"/><U4/><E122/><V72/><F117/><W12/><G37/><T29/><D105/><U103/><E75/><V67/><F38/><W120/><G120/><T1/><D1/><U74/><E74/><V90/><F129/><W119/><G135/><T10/><D108/><U84/><E84/><V86/><F55/><W3/><G131/><T125/><D29/><N who="1" m="19751" /><E69/><V109/><F109/><W39/><G39/><T57/><D33/><U82/><E82/><V128/><F128/><W15/><G3/><T44/><D94/><U126/><E126/><N who="0" m="48137" /><D101/><U60/><E60/><V25/><F72/><W42/><G119/><T124/><N who="0" m="48145" /><T28/><DORA hai="22" /><D28/><U102/><E102/><V17/><F86/><W50/><G97/><T36/><D36/><U134/><E134/><V71/><REACH who="2" step="1"/><F95/><REACH who="2" ten="225,338,157,270" step="2"/><W130/><G85/><N who="0" m="48263" /><D44/><U6/><E93/><V89/><N who="2" m="23040" /><DORA hai="62" /><V116/><F116/><W16/><G130/><T46/><D63/><U58/><E92/><V132/><F132/><W40/><G98/><T121/><D121/><U113/><E99/><V78/><F78/><W118/><G118/><T35/><D35/><U96/><E96/><V18/><F18/><W7/><G19/><N who="0" m="8631" /><D51/><U104/><E104/><V20/><F20/><W112/><G21/><T52/><AGARI ba="1,1" hai="46,48,52,56,57" m="8631,48263,48145" machi="52" ten="40,12000,2" yaku="18,1,52,4,54,1" doraHai="133,22,62" who="0" fromWho="0" sc="225,133,338,-61,157,-31,270,-31" />
</Scene>
<Scene>
<INIT seed="6,0,0,0,5,86" ten="358,277,126,239" oya="2" hai0="61,87,59,5,53,12,122,84,44,30,51,27,50" hai1="78,98,22,25,26,134,9,74,88,64,128,107,45" hai2="121,108,31,103,37,29,40,96,104,62,2,72,43" hai3="76,120,69,57,23,82,92,130,42,124,70,99,6"/><V118/><F118/><W132/><G120/><T129/><D122/><U75/><E64/><V106/><F121/><W3/><G124/><T67/><D129/><U135/><E128/><V11/><F108/><W110/><G130/><T93/><D51/><U65/><E65/><V1/><F72/><W63/><G110/><T0/><D0/><U33/><E9/><V36/><F11/><W7/><G132/><N who="1" m="50730" /><E45/><V35/><F62/><W16/><G42/><T81/><D93/><N who="1" m="56615" /><E107/><V113/><F96/><W56/><G69/><T41/><D67/><U24/><E33/><V20/><F20/><W14/><G70/><T85/><D81/><N who="1" m="45271" /><E75/><V90/><F103/><N who="3" m="60903" /><G3/><T71/><D71/><U131/><E131/><V21/><F21/><AGARI ba="0,0" hai="21,22,24,25,26" m="45271,56615,50730" machi="21" ten="30,3900,0" yaku="20,1,52,1,54,1" doraHai="86" who="1" fromWho="2" sc="358,0,277,39,126,-39,239,0" />
</Scene>
<Scene>
<INIT seed="7,0,0,4,1,128" ten="358,316,87,239" oya="3" hai0="133,68,11,119,33,58,105,75,130,23,108,1,123" hai1="129,134,32,25,59,61,121,124,35,26,51,49,91" hai2="80,82,15,89,135,40,101,84,27,31,0,103,14" hai3="109,114,87,99,77,36,53,21,12,2,60,110,67"/><W29/><G2/><T50/><RYUUKYOKU type="yao9" ba="0,0" sc="358,0,316,0,87,0,239,0" hai0="1,11,23,33,50,58,68,75,105,108,119,123,130,133" />
</Scene>
<Scene>
<INIT seed="7,1,0,0,5,49" ten="358,316,87,239" oya="3" hai0="109,0,135,70,127,61,82,94,120,2,105,68,27" hai1="16,102,55,74,113,3,114,9,15,57,118,56,103" hai2="32,90,132,119,45,121,5,111,88,124,53,14,131" hai3="99,76,130,96,28,72,81,29,43,46,123,52,89"/><W26/><G123/><T65/><D120/><U25/><E74/><V67/><F32/><W47/><G130/><T110/><D105/><U4/><E25/><V112/><F119/><W18/><G18/><T8/><D127/><U92/><E57/><V97/><F124/><W13/><G13/><T62/><D94/><U83/><E83/><V71/><F111/><W34/><G28/><T133/><D82/><U30/><E30/><V24/><F112/><N who="1" m="43113" /><E92/><V51/><F132/><N who="0" m="50762" /><D27/><U106/><E106/><V41/><F131/><W98/><G43/><T69/><D62/><N who="1" m="36127" /><E118/><V19/><F121/><W78/><G78/><T101/><D101/><U1/><E1/><V108/><F108/><W10/><G10/><T64/><D64/><U116/><E116/><V11/><F97/><W35/><G35/><T48/><D0/><U59/><E59/><V63/><REACH who="2" step="1"/><F41/><REACH who="2" ten="358,316,77,239" step="2"/><W125/><G125/><T107/><D109/><U77/><E77/><V75/><F75/><W85/><G72/><T12/><D110/><U66/><E66/><V60/><F60/><W40/><G40/><T95/><D107/><U31/><E31/><V21/><AGARI ba="1,1" hai="5,11,14,19,21,24,45,51,53,63,67,71,88,90" machi="21" ten="30,7900,0" yaku="1,1,0,1,52,1,54,1,53,0" doraHai="49" doraHaiUra="100" who="2" fromWho="2" sc="358,-21,316,-21,77,92,239,-40" owari="337,43.0,295,10.0,169,-33.0,199,-20.0" />
</Scene>
</mjloggm>