<mjloggm ver="2.3"><GO type="169" lobby="0"/><UN n0="%E3%83%92%E3%82%B2%E3%83%AD%E3%83%B3%E3%82%B0" n1="%E3%81%93%E3%81%BE%E3%81%A3%E3%81%95%E3%82%93" n2="%E5%A4%AA%E3%81%8F%E3%81%AA%E3%81%84%E3%81%8A" n3="%E3%81%A4%E3%81%B0%E3%81%8D%E3%81%A1%30%33" dan="17,17,18,17" rate="2125.29,2110.90,2188.44,2211.47" sx="M,M,M,M"/><TAIKYOKU oya="0"/>

<Scene>
<INIT seed="0,0,0,3,2,46" ten="250,250,250,250" oya="0" hai0="37,94,64,117,32,14,119,134,124,48,114,26,27" hai1="130,56,12,113,68,59,50,86,43,66,70,53,47" hai2="65,79,15,38,72,110,60,77,89,128,44,111,90" hai3="42,116,4,135,20,93,118,67,51,82,85,96,87"/><T62/><D37/><N who="1" m="21999" /><E86/><V57/><F128/><W104/><G67/><T16/><D114/><U34/><E12/><V108/><F15/><W13/><G104/><T54/><D124/><U100/><E34/><V36/><F36/><W127/><G127/><T41/><D134/><U45/><E100/><V55/><F38/><W3/><G3/><T106/><D106/><U81/><E81/><N who="2" m="45223" /><F79/><W23/><G135/><T61/><D41/><N who="1" m="24879" /><E130/><V74/><F74/><W24/><G118/><T40/><D40/><U2/><E2/><V22/><F22/><W19/><G116/><T52/><D32/><U83/><E83/><V9/><F9/><W121/><G82/><T63/><D64/><U49/><E113/><V84/><F84/><W99/><G99/><T30/><D30/><U120/><E120/><V5/><F5/><W35/><G121/><T10/><D117/><U39/><E39/><V21/><F21/><W29/><G35/><T92/><D119/><U115/><E115/><V112/><F112/><W73/><G73/><T8/><D8/><U80/><E80/><V133/><F133/><W25/><G13/><T126/><D126/><U17/><E17/><V18/><F18/><W91/><G4/><T105/><D105/><U33/><E33/><V131/><F131/><W11/><G11/><T6/><D54/><N who="1" m="31823" /><E66/><V28/><F28/><W101/><G101/><T75/><D75/><U69/><E69/><V0/><F0/><W107/><G107/><T122/><D122/><U132/><E132/><V7/><F7/><W103/><G103/><T125/><D125/><U95/><E95/><RYUUKYOKU ba="0,0" sc="250,-30,250,10,250,10,250,10" hai1="53,59,68,70" hai2="44,55,57,60,65,89,90,108,110,111" hai3="19,20,23,24,25,29,42,51,85,87,91,93,96" />
</Scene>
<Scene>
<INIT seed="1,1,0,4,2,54" ten="220,260,260,260" oya="1" hai0="71,72,109,78,135,119,24,89,105,118,3,19,123" hai1="56,66,18,87,74,47,68,122,113,61,90,97,14" hai2="98,8,26,84,6,112,48,99,38,75,40,34,79" hai3="116,16,36,60,70,106,121,129,111,126,25,110,35"/><U62/><E74/><V7/><F112/><W58/><RYUUKYOKU type="yao9" ba="1,0" sc="220,0,260,0,260,0,260,0" hai3="16,25,35,36,58,60,70,106,110,111,116,121,126,129" />
</Scene>
<Scene>
<INIT seed="1,2,0,3,1,99" ten="220,260,260,260" oya="1" hai0="8,24,134,41,111,95,48,85,64,116,124,20,57" hai1="5,100,87,90,76,10,26,55,107,102,115,33,34" hai2="84,110,122,125,14,60,18,45,40,30,31,9,114" hai3="127,35,126,80,13,11,83,74,129,73,23,22,42"/><U69/><E69/><V75/><F75/><N who="3" m="28683" /><G42/><T105/><D116/><U70/><E76/><V46/><F122/><W2/><G2/><T119/><D105/><U56/><E70/><V71/><F110/><W120/><G35/><T49/><D119/><U67/><E67/><V130/><F130/><W101/><G101/><T113/><D111/><U65/><E65/><V92/><F125/><N who="3" m="47627" /><G120/><T68/><D124/><U118/><E118/><V37/><F114/><W133/><G129/><T98/><D68/><U44/><E44/><V82/><F71/><W58/><G58/><T27/><D85/><U63/><E115/><V112/><F112/><W128/><G128/><T109/><D109/><U47/><E47/><V38/><F60/><W25/><G133/><T77/><D77/><U16/><E107/><V104/><F104/><W94/><G94/><T135/><D113/><U86/><E86/><V54/><F92/><W121/><G121/><T52/><D64/><U21/><E34/><V91/><REACH who="2" step="1"/><F38/><REACH who="2" ten="220,260,250,260" step="2"/><W53/><G83/><T0/><D135/><U93/><E33/><V43/><F43/><W3/><G80/><T81/><D81/><U17/><REACH who="1" step="1"/><E17/><REACH who="1" ten="220,250,250,260" step="2"/><V106/><F106/><W29/><G53/><N who="0" m="31911" /><D134/><U51/><E51/><AGARI ba="2,2" hai="9,14,18,30,31,37,40,45,46,51,54,82,84,91" machi="51" ten="40,5200,0" yaku="1,1,25,2,53,0" doraHai="99" doraHaiUra="32" who="2" fromWho="1" sc="220,0,250,-58,250,78,260,0" />
</Scene>
<Scene>
<INIT seed="2,0,0,1,3,38" ten="220,192,328,260" oya="2" hai0="64,82,95,40,114,71,55,25,30,7,21,41,65" hai1="10,103,58,84,11,135,98,36,49,97,26,105,29" hai2="122,45,54,53,118,39,51,83,5,90,34,130,102" hai3="124,125,121,66,91,92,68,67,57,131,19,113,89"/><V115/><F122/><W126/><G121/><T69/><D114/><U23/><E36/><V22/><F118/><W18/><G68/><T61/><D7/><U2/><E135/><V62/><F34/><W73/><G73/><T15/><D82/><U119/><E119/><V104/><F115/><W80/><G131/><T42/><D15/><U17/><E84/><V127/><F130/><W33/><G33/><T50/><D95/><U88/><E2/><V99/><F127/><W86/><G113/><T14/><D14/><U56/><E29/><V48/><F39/><W110/><G110/><T120/><D120/><U132/><E132/><V72/><F62/><N who="3" m="38223" /><G67/><T129/><D129/><U16/><E17/><V24/><F5/><W47/><G47/><T100/><D100/><U44/><E10/><V93/><F72/><W87/><AGARI ba="0,0" hai="18,19,80,86,87,89,91,92,124,125,126" m="38223" machi="87" ten="40,1500,0" yaku="18,1" doraHai="38" who="3" fromWho="3" sc="220,-4,192,-4,328,-7,260,15" />
</Scene>
<Scene>
<INIT seed="3,0,0,2,3,30" ten="216,188,321,275" oya="3" hai0="81,70,126,18,67,104,35,3,83,111,23,71,28" hai1="46,85,75,36,13,78,96,7,91,66,120,92,32" hai2="12,21,94,19,50,84,129,10,22,100,65,101,57" hai3="8,24,89,93,125,80,133,95,130,132,63,115,44"/><W49/><G115/><T113/><D113/><U41/><E120/><V51/><F129/><W64/><G130/><T52/><D3/><U117/><E117/><V43/><F101/><W90/><G125/><T16/><D126/><U123/><E123/><V62/><F43/><W34/><G8/><T5/><D104/><U114/><E114/><V39/><F39/><W72/><G72/><T27/><D5/><U69/><E75/><V119/><F119/><W82/><G24/><T103/><D103/><U87/><E87/><V124/><F124/><W121/><G121/><T40/><D40/><U38/><E66/><V106/><F106/><W99/><G34/><T77/><D111/><U116/><E69/><V98/><F84/><W6/><G6/><T102/><D102/><U122/><E122/><V107/><F107/><W60/><G49/><AGARI ba="0,0" hai="10,12,19,21,22,49,50,51,57,62,65,94,98,100" machi="49" ten="40,1300,0" yaku="8,1" doraHai="30" who="2" fromWho="3" sc="216,0,188,0,321,13,275,-13" />
</Scene>
<Scene>
<INIT seed="4,0,0,0,5,108" ten="216,188,334,262" oya="0" hai0="43,65,66,19,56,95,32,15,53,24,2,52,82" hai1="4,105,128,54,88,14,123,102,77,38,61,120,99" hai2="109,113,11,122,0,125,64,1,51,76,40,106,50" hai3="96,71,47,97,37,41,62,49,104,74,117,39,34"/><T107/><D107/><U98/><E38/><V28/><F109/><W93/><G117/><T12/><D2/><U44/><E77/><V130/><F122/><W5/><G74/><T132/><D43/><U134/><E134/><V48/><F106/><W100/><G34/><T27/><D132/><U135/><E135/><V22/><F40/><W29/><G29/><T13/><D82/><U110/><E110/><V72/><F64/><N who="0" m="24682" /><D32/><U57/><E44/><V124/><F130/><W115/><G115/><T63/><D95/><U121/><E128/><V67/><F67/><W59/><G71/><T129/><D129/><U86/><E99/><V45/><F45/><W78/><G78/><T81/><D81/><U116/><E116/><V10/><F76/><W8/><G62/><N who="0" m="36103" /><D19/><U101/><E101/><V85/><F72/><W119/><G59/><AGARI ba="0,0" hai="12,13,15,24,27,53,59,63" m="36103,24682" machi="59" ten="30,2900,0" yaku="8,1,54,1" doraHai="108" who="0" fromWho="3" sc="216,29,188,0,334,0,262,-29" />
</Scene>
<Scene>
<INIT seed="4,1,0,1,3,16" ten="245,188,334,233" oya="0" hai0="117,15,92,40,111,108,55,124,68,127,125,62,90" hai1="27,79,133,14,21,52,78,134,120,22,119,53,0" hai2="121,101,106,46,112,115,77,132,12,44,5,39,42" hai3="36,23,59,10,86,83,94,4,71,88,50,61,51"/><T45/><D117/><U129/><E0/><V74/><F121/><W81/><G36/><N who="0" m="21639" /><D15/><U18/><E120/><V99/><F132/><N who="1" m="50793" /><E119/><V48/><F77/><N who="1" m="29193" /><E129/><V95/><F74/><W33/><G33/><T103/><D103/><U28/><AGARI ba="1,0" hai="14,18,21,22,27,28,52,53" m="29193,50793" machi="28" ten="30,7900,0" yaku="20,1,52,2,54,1" doraHai="16" who="1" fromWho="1" sc="245,-40,188,82,334,-21,233,-21" />
</Scene>
<Scene>
<INIT seed="5,0,0,0,4,74" ten="205,270,313,212" oya="1" hai0="34,132,107,44,133,123,105,100,68,73,82,20,0" hai1="51,41,36,129,109,85,13,90,30,63,17,38,24" hai2="22,126,112,96,46,95,37,1,47,18,14,35,60" hai3="64,89,110,72,45,42,19,58,115,128,83,97,127"/><U106/><E106/><V70/><F1/><W84/><G110/><T53/><D34/><U76/><E109/><V61/><F35/><W11/><G115/><T29/><D68/><U81/><E129/><V102/><F126/><W28/><G127/><T86/><D0/><U40/><E63/><N who="2" m="24139" /><F37/><W120/><G58/><T10/><D10/><U78/><E38/><V15/><F70/><W4/><G64/><T54/><D73/><U65/><E36/><V16/><F112/><W103/><G72/><T6/><D6/><U79/><E65/><V101/><F101/><W98/><G28/><T55/><D44/><U93/><E51/><V80/><F80/><W71/><G71/><T3/><D3/><U113/><E113/><V108/><F108/><W69/><G69/><T114/><D114/><U50/><E50/><V48/><F48/><W92/><G128/><T33/><D33/><U116/><E116/><V27/><F27/><W124/><G124/><T9/><D9/><AGARI ba="0,0" hai="9,14,15,16,18,22,46,47,95,96,102" m="24139" machi="9" ten="30,2000,0" yaku="8,1,54,1" doraHai="74" who="2" fromWho="0" sc="205,-20,270,0,313,20,212,0" />
</Scene>
<Scene>
<INIT seed="6,0,0,3,5,27" ten="185,270,333,212" oya="2" hai0="31,114,11,48,36,5,85,86,0,51,127,62,8" hai1="35,42,14,135,105,75,109,49,26,10,60,107,99" hai2="106,23,59,115,95,131,120,96,82,108,25,126,3" hai3="102,29,17,33,45,52,111,55,83,90,50,56,122"/><V58/><F120/><W39/><G122/><T91/><D36/><U6/><E109/><V63/><F106/><W12/><G111/><T34/><D114/><U117/><E75/><V74/><F108/><W121/><G121/><T2/><D62/><U88/><E117/><V133/><F3/><W16/><G102/><T124/><D34/><U4/><E4/><V54/><F115/><W92/><G39/><T72/><D72/><U116/><E116/><V13/><F133/><W41/><G33/><T9/><D31/><U43/><E135/><V47/><F131/><W76/><G29/><T32/><D32/><U134/><E134/><V30/><F126/><N who="0" m="48170" /><D5/><U98/><E107/><V19/><F74/><W110/><G110/><T101/><D101/><U129/><E129/><V38/><F38/><W21/><G17/><T15/><D15/><U1/><E1/><N who="0" m="617" /><D91/><U65/><E105/><V103/><F63/><W66/><G66/><T119/><D119/><U53/><E60/><V78/><F78/><W22/><G22/><T89/><D89/><U24/><E65/><V123/><F123/><W69/><G69/><T80/><D80/><U64/><E64/><V18/><F82/><W128/><G128/><T100/><D100/><U77/><E35/><V130/><F130/><W112/><G112/><T93/><D93/><U104/><E104/><V7/><F7/><W87/><G56/><T40/><D40/><U71/><E43/><V20/><F19/><W28/><G28/><T67/><D67/><U84/><E42/><V70/><F30/><W46/><G46/><T125/><D125/><RYUUKYOKU ba="0,0" sc="185,15,270,-15,333,-15,212,15" hai0="8,9,11,48,51,85,86" hai3="12,16,21,41,45,50,52,55,76,83,87,90,92" />
</Scene>
<Scene>
<INIT seed="7,1,0,3,4,46" ten="200,255,318,227" oya="3" hai0="39,95,132,98,97,18,84,104,79,16,122,135,30" hai1="25,9,85,75,82,54,5,93,10,123,66,112,129" hai2="91,53,108,78,80,33,69,120,23,74,3,116,49" hai3="1,35,60,76,47,42,119,127,27,94,131,22,19"/><W43/><G119/><T28/><D122/><U14/><E75/><V7/><F116/><W107/><G107/><T17/><D39/><U34/><E123/><V62/><F33/><W101/><G1/><T77/><D104/><U32/><E66/><V37/><F37/><W29/><G131/><T126/><D126/><U113/><E93/><V121/><F108/><W56/><G76/><N who="0" m="29259" /><D84/><U51/><E129/><V105/><F105/><W73/><G73/><T52/><D52/><U11/><E14/><V125/><F125/><W71/><G71/><T38/><D38/><U40/><E40/><V99/><F69/><W134/><G134/><N who="0" m="51243" /><D95/><U44/><E5/><V61/><F121/><W124/><G124/><T12/><D12/><U103/><E25/><V31/><F120/><W67/><G127/><T86/><D86/><U87/><E87/><V65/><F7/><W88/><G101/><T100/><D100/><U118/><E103/><V15/><F3/><W111/><G111/><T102/><D102/><U20/><E118/><V58/><F65/><W0/><G0/><T130/><D130/><U24/><E85/><V90/><F15/><N who="3" m="9599" /><G47/><T6/><D6/><U110/><E110/><V13/><F13/><W115/><G115/><N who="1" m="44106" /><E82/><V26/><F91/><W48/><G43/><T57/><D57/><U89/><E89/><V4/><F4/><W114/><G114/><T64/><D64/><U128/><E128/><V63/><F90/><W2/><G2/><T133/><N who="0" m="51251" /><T83/><DORA hai="59" /><D83/><U8/><N who="1" m="2560" /><DORA hai="92" /><U68/><E68/><V41/><F41/><W106/><G106/><RYUUKYOKU ba="1,0" sc="200,10,255,10,318,10,227,-30" hai0="16,17,18,28,30,97,98" hai1="20,24,32,34,44,51,54" hai2="23,26,31,49,53,58,61,62,63,74,78,80,99" owari="210,-19.0,265,7.0,328,42.0,197,-30.0" />
</Scene>
</mjloggm>