<mjloggm ver="2.3"><GO type="169"/><UN n0="%E3%83%8F%E3%83%94%E3%83%8A%E5%90%8D%E6%8E%9B%E4%B8%81" n1="%E3%83%80%E3%83%A1%E9%9B%80%E5%A3%AB" n2="%E7%90%86%E4%B8%8D%E5%B0%BD%E5%A4%A7%E7%8E%8B%32" n3="%E5%A4%AA%E3%81%8F%E3%81%AA%E3%81%84%E3%81%8A" dan="16,17,16,17" rate="2080,2079,2140,2189" sx="M,M,M,M"/><TAIKYOKU oya="0"/>

<Scene>
<INIT seed="0,0,0,3,4,111" ten="250,250,250,250" oya="0" hai0="62,110,63,119,40,31,128,65,75,7,35,117,2" hai1="122,74,79,46,43,70,66,30,87,135,118,44,59" hai2="91,132,84,14,83,86,32,54,4,129,121,113,38" hai3="9,15,64,53,126,116,18,125,13,73,16,99,10"/><T3/><D110/><U60/><E74/><V95/><F121/><W108/><G108/><T112/><D128/><U105/><E105/><V85/><F38/><W11/><G73/><T33/><D63/><U97/><E122/><V67/><F32/><N who="0" m="12362" /><D31/><U81/><E30/><V28/><F28/><W34/><G34/><T115/><D40/><U17/><E118/><N who="0" m="45065" /><D75/><U96/><E46/><V20/><F67/><W77/><G116/><T45/><D45/><U0/><E0/><N who="0" m="41" /><D7/><U82/><E82/><V124/><F83/><W94/><G64/><T134/><D134/><U41/><E135/><V22/><F85/><W56/><G10/><T98/><D98/><U103/><E97/><V93/><F86/><W52/><G77/><T131/><D131/><U100/><E96/><V57/><F84/><W61/><REACH who="3" step="1"/><G53/><REACH who="3" ten="250,250,250,240" step="2"/><T102/><D102/><AGARI ba="0,1" hai="9,11,13,15,16,18,52,56,61,94,99,102,125,126" machi="102" ten="40,8000,1" yaku="1,1,2,1,9,1,54,2,53,0" doraHai="111" doraHaiUra="19" who="3" fromWho="0" sc="250,-80,250,0,250,0,240,90" />
</Scene>
<Scene>
<INIT seed="1,0,0,3,2,65" ten="170,250,250,330" oya="1" hai0="62,2,133,85,40,132,125,108,8,52,21,48,72" hai1="118,99,43,91,114,113,77,75,78,73,112,80,56" hai2="38,128,12,101,32,69,1,129,119,57,27,26,111" hai3="120,106,94,135,6,28,93,96,97,13,29,4,7"/><U109/><E43/><V53/><F1/><W47/><G120/><T0/><D72/><N who="1" m="27723" /><E56/><V64/><F119/><W63/><G135/><T58/><D108/><U74/><E118/><V86/><F111/><W24/><G106/><T92/><D125/><U31/><E31/><V67/><F101/><W126/><G126/><T121/><D121/><U130/><E109/><V134/><F134/><N who="0" m="51818" /><D8/><U122/><E122/><V41/><F86/><W90/><G47/><N who="0" m="25703" /><D21/><U87/><E130/><V15/><F41/><W14/><G63/><T102/><D102/><U11/><E11/><V10/><F38/><W5/><N who="3" m="1024" /><DORA hai="71" /><W22/><REACH who="3" step="1"/><G29/><REACH who="3" ten="170,250,250,320" step="2"/><T51/><D62/><U34/><E34/><V42/><F32/><W49/><G49/><T88/><AGARI ba="0,1" hai="0,2,51,52,58,85,88,92" m="25703,51818" machi="88" ten="30,4000,0" yaku="20,1,54,2" doraHai="65,71" who="0" fromWho="0" sc="170,50,250,-20,250,-10,320,-10" />
</Scene>
<Scene>
<INIT seed="2,0,0,1,3,106" ten="220,230,240,310" oya="2" hai0="83,107,1,122,17,88,87,130,85,5,55,101,113" hai1="104,90,51,20,43,36,59,92,0,82,80,93,71" hai2="9,124,29,41,16,23,50,37,76,45,131,30,12" hai3="39,46,125,79,108,3,56,75,132,89,38,44,116"/><V100/><F124/><W42/><G116/><T64/><D113/><U95/><E104/><V57/><F131/><W10/><G125/><T26/><D122/><U7/><E71/><V123/><F123/><W6/><G108/><T35/><D130/><U129/><E129/><V119/><F119/><W72/><G132/><T69/><D5/><U48/><E36/><V58/><F100/><W54/><G89/><T128/><D1/><U34/><E34/><V97/><F97/><W61/><G79/><T11/><D128/><U126/><E126/><V62/><F76/><W24/><G24/><T102/><D11/><U49/><E7/><V27/><F37/><W47/><G47/><T133/><D133/><U25/><E0/><V28/><REACH who="2" step="1"/><F62/><REACH who="2" ten="220,230,230,310" step="2"/><W63/><G61/><T13/><D102/><U134/><E134/><V74/><F74/><W66/><G66/><T94/><D101/><U105/><E105/><V120/><F120/><W121/><G121/><T103/><D103/><U40/><E90/><V117/><F117/><W68/><G68/><T114/><D107/><U15/><E15/><V4/><AGARI ba="0,1" hai="4,9,12,16,23,27,28,29,30,41,45,50,57,58" machi="4" ten="30,18000,2" yaku="1,1,0,1,8,1,54,1,53,2" doraHai="106" doraHaiUra="53" who="2" fromWho="2" sc="220,-60,230,-60,230,190,310,-60" />
</Scene>
<Scene>
<INIT seed="2,1,0,1,5,15" ten="160,170,420,250" oya="2" hai0="53,17,110,44,31,92,93,16,117,116,97,112,4" hai1="21,131,78,18,40,95,96,132,47,113,27,74,51" hai2="106,28,14,12,57,79,68,11,56,33,58,69,35" hai3="102,41,24,60,86,122,128,82,73,22,100,76,9"/><V134/><F106/><W65/><G122/><T42/><D110/><U3/><E113/><V43/><F43/><W54/><G128/><T8/><D112/><U19/><E131/><V123/><F123/><W99/><G41/><T26/><D53/><U32/><E32/><V127/><F79/><W114/><G114/><T38/><D26/><U107/><E107/><V130/><F28/><W64/><G73/><T67/><D67/><N who="3" m="25673" /><G9/><T75/><D75/><U55/><E3/><V30/><F30/><N who="3" m="17687" /><G99/><T61/><D31/><N who="1" m="17903" /><E132/><V23/><F134/><W98/><G98/><T10/><D61/><U6/><E6/><V87/><F33/><W118/><G118/><N who="0" m="45675" /><D8/><U85/><E74/><V1/><F11/><W36/><G36/><T115/><D115/><U52/><E55/><V77/><F1/><W63/><G63/><T111/><D111/><U59/><E40/><V90/><F35/><W124/><G124/><T37/><D37/><U109/><E47/><V80/><F127/><W25/><G25/><T108/><D108/><U62/><E62/><V66/><F69/><W91/><G76/><T121/><D121/><U83/><E109/><V5/><F130/><W84/><G60/><T2/><D93/><U72/><E72/><V94/><F68/><W89/><G54/><T103/><AGARI ba="1,0" hai="2,4,10,16,17,38,42,44,92,97,103" m="45675" machi="103" ten="30,7900,0" yaku="12,1,52,2,54,1" doraHai="15" who="0" fromWho="0" sc="160,82,170,-21,420,-40,250,-21" />
</Scene>
<Scene>
<INIT seed="3,0,0,0,5,123" ten="242,149,380,229" oya="3" hai0="55,133,78,33,91,23,42,134,17,107,46,21,95" hai1="54,0,93,60,101,51,70,74,4,106,8,41,59" hai2="61,65,113,125,29,47,32,66,89,114,3,52,7" hai3="109,124,58,9,105,27,49,25,128,76,50,115,53"/><W118/><G118/><T11/><D107/><U120/><E120/><V102/><F102/><W71/><G115/><T67/><D33/><U31/><E74/><V77/><F77/><W10/><G71/><T34/><D34/><U24/><E106/><V38/><F29/><W104/><G76/><T98/><D67/><U97/><E70/><N who="2" m="42287" /><F32/><W121/><G121/><T16/><D55/><U28/><E41/><N who="2" m="22967" /><F89/><W57/><G53/><T6/><D78/><U5/><E5/><V83/><F83/><W81/><G81/><T45/><D21/><U86/><E24/><V2/><F7/><W96/><G96/><T79/><D79/><U122/><E122/><V12/><F12/><W80/><G80/><T99/><D99/><U132/><E86/><V18/><F18/><N who="0" m="7274" /><D42/><U112/><E112/><V20/><F20/><W85/><G85/><T100/><D23/><U36/><E31/><V1/><F66/><W111/><G128/><T68/><D100/><U13/><E28/><V127/><F52/><W73/><G73/><T48/><D11/><U19/><E60/><V69/><F69/><W84/><G84/><T15/><D68/><U14/><E0/><V63/><F63/><W39/><G39/><T26/><D26/><U40/><E36/><V90/><F90/><W22/><G22/><T110/><D6/><U126/><E40/><V117/><F117/><W116/><G116/><T103/><D103/><U88/><E101/><V129/><F129/><W87/><G87/><T72/><D72/><U64/><E64/><V108/><F113/><W82/><G82/><T130/><D130/><RYUUKYOKU ba="0,0" sc="242,-10,149,-10,380,-10,229,30" hai3="9,10,25,27,49,50,57,58,104,105,109,111,124" />
</Scene>
<Scene>
<INIT seed="3,1,0,5,3,112" ten="232,139,370,259" oya="3" hai0="116,7,84,80,118,9,105,129,61,57,35,40,135" hai1="10,67,70,88,111,128,122,37,22,51,59,108,1" hai2="29,12,63,74,131,133,52,124,121,38,85,75,30" hai3="120,77,103,66,54,64,44,62,100,5,49,73,43"/><W78/><G120/><T17/><D35/><U50/><E122/><V42/><F75/><W109/><G5/><T23/><D105/><U20/><E37/><V79/><F74/><W6/><G6/><T21/><D40/><U48/><E70/><V123/><F30/><W0/><G0/><T95/><D95/><U110/><E1/><V31/><F29/><W69/><G109/><T113/><D113/><U71/><E71/><V99/><F31/><W94/><G66/><T65/><D135/><U58/><E10/><V91/><F133/><W3/><G3/><T130/><D84/><U96/><E128/><N who="0" m="49257" /><D80/><U15/><E15/><V34/><F85/><W92/><G73/><T24/><D23/><U104/><E104/><V56/><F42/><W60/><G60/><T119/><D9/><U134/><E134/><V83/><F83/><W76/><REACH who="3" step="1"/><G43/><REACH who="3" ten="232,139,370,249" step="2"/><T125/><D7/><U89/><E67/><V68/><F123/><W117/><G117/><T8/><D8/><U41/><E41/><V25/><F121/><W2/><G2/><T126/><AGARI ba="1,1" hai="17,21,24,57,61,65,116,118,119,125,126" m="49257" machi="126" ten="40,8000,1" yaku="19,1,52,3" doraHai="112" who="0" fromWho="0" sc="232,93,139,-21,370,-21,249,-41" />
</Scene>
<Scene>
<INIT seed="4,0,0,4,1,19" ten="325,118,349,208" oya="0" hai0="109,121,63,51,68,22,113,90,84,114,26,67,77" hai1="92,32,65,61,74,46,23,38,97,129,14,131,69" hai2="115,81,42,76,79,132,60,83,101,128,57,87,110" hai3="62,56,134,25,58,59,118,125,112,96,12,104,130"/><T44/><D121/><U34/><E74/><V93/><F110/><W39/><G118/><T40/><D77/><U80/><E80/><V43/><F128/><N who="1" m="49225" /><E46/><V66/><F115/><W0/><G0/><T73/><D73/><U20/><E38/><V7/><F7/><W21/><G130/><T94/><REACH who="0" step="1"/><D109/><REACH who="0" ten="315,118,349,208" step="2"/><U72/><E72/><V100/><F132/><W31/><G134/><T88/><D88/><N who="1" m="55431" /><E14/><V11/><F76/><W35/><G12/><T50/><D50/><U124/><E124/><V18/><F79/><W1/><G125/><T102/><D102/><U27/><E27/><V111/><F101/><W10/><G25/><T45/><D45/><U120/><E120/><V70/><F100/><W4/><G39/><T16/><AGARI ba="0,1" hai="16,22,26,40,44,51,63,67,68,84,90,94,113,114" machi="16" ten="30,12000,1" yaku="1,1,0,1,52,1,54,1,53,1" doraHai="19" doraHaiUra="36" who="0" fromWho="0" sc="315,130,118,-40,349,-40,208,-40" />
</Scene>
<Scene>
<INIT seed="4,1,0,1,3,52" ten="445,78,309,168" oya="0" hai0="120,28,105,131,72,100,45,62,31,8,1,121,79" hai1="111,53,2,29,86,55,95,23,99,27,59,92,71" hai2="39,16,126,36,64,115,125,66,76,50,57,117,107" hai3="98,7,3,63,133,22,75,35,70,102,40,10,18"/><T80/><D131/><U12/><E111/><V93/><F107/><W60/><G75/><T89/><D62/><U103/><E71/><V128/><F115/><W87/><G133/><T21/><D89/><U77/><E2/><V65/><F128/><W78/><G35/><T13/><D1/><U123/><E123/><V122/><F76/><W47/><G70/><T25/><D31/><U127/><E127/><N who="2" m="48651" /><F122/><W56/><G87/><T97/><REACH who="0" step="1"/><D45/><REACH who="0" ten="435,78,309,168" step="2"/><U85/><E77/><V11/><F117/><W58/><G63/><T67/><D67/><U38/><E38/><V69/><F69/><W90/><G90/><T119/><D119/><U118/><E118/><V6/><F36/><W88/><G60/><T114/><D114/><U49/><E92/><V82/><F39/><W135/><G78/><T129/><D129/><U108/><E108/><V24/><F93/><W34/><G47/><T9/><D9/><U91/><E91/><V83/><F11/><W109/><G10/><T130/><D130/><U17/><REACH who="1" step="1"/><E55/><REACH who="1" ten="435,68,309,168" step="2"/><N who="2" m="31991" /><F6/><AGARI ba="1,2" hai="6,8,13,21,25,28,72,79,80,97,100,105,120,121" machi="6" ten="30,2900,0" yaku="1,1,7,1,53,0" doraHai="52" doraHaiUra="15" who="0" fromWho="2" sc="435,52,68,0,309,-32,168,0" />
</Scene>
<Scene>
<INIT seed="4,2,0,4,1,2" ten="487,68,277,168" oya="0" hai0="1,55,35,5,130,116,93,76,16,75,121,119,8" hai1="124,32,3,25,7,92,34,74,54,27,58,11,126" hai2="48,111,117,20,19,49,24,6,53,17,23,4,57" hai3="132,62,0,63,97,60,43,135,107,33,84,10,38"/><T51/><D121/><U90/><E74/><V131/><F111/><W47/><G33/><N who="1" m="12906" /><E58/><V87/><F131/><W69/><G69/><T41/><D41/><U31/><E54/><V115/><F115/><W101/><G84/><T79/><D35/><N who="1" m="20975" /><E90/><V123/><F123/><W91/><G91/><T13/><D130/><U70/><E92/><V68/><F117/><W103/><G103/><T44/><D116/><U72/><E72/><V12/><F68/><W66/><G66/><T108/><D119/><U36/><E36/><V100/><F100/><W133/><G62/><T83/><D108/><U122/><E70/><V45/><F87/><W9/><G9/><T98/><D83/><U21/><E122/><V105/><F105/><W56/><G56/><T113/><D113/><U134/><E134/><V125/><F125/><W29/><G29/><AGARI ba="2,0" hai="3,7,11,21,27,29,124,126" m="20975,12906" machi="29" ten="30,3900,0" yaku="34,2,52,1" doraHai="2" who="1" fromWho="3" sc="487,0,68,45,277,0,168,-45" />
</Scene>
<Scene>
<INIT seed="5,0,0,2,5,128" ten="487,113,277,123" oya="1" hai0="92,20,6,58,124,89,119,18,107,61,4,65,104" hai1="54,53,49,108,100,109,9,123,98,45,19,38,22" hai2="86,15,81,8,67,62,26,76,14,125,106,116,99" hai3="11,134,30,57,51,132,114,75,52,41,25,110,87"/><U69/><E69/><V102/><F116/><W28/><G110/><N who="1" m="42602" /><E123/><V64/><F125/><W131/><G75/><T118/><D124/><U78/><E38/><V31/><F8/><W93/><G131/><T66/><D119/><U48/><E78/><V80/><F80/><W27/><G114/><T0/><D118/><U74/><E74/><V24/><F24/><N who="3" m="9291" /><G41/><T32/><D32/><U68/><E68/><N who="2" m="42007" /><F67/><W40/><G40/><T105/><D65/><U36/><E36/><V7/><F7/><W85/><G11/><T126/><D126/><U97/><E9/><V111/><F111/><W90/><G87/><T70/><D70/><U47/><E100/><V34/><AGARI ba="0,0" hai="14,15,26,31,34,76,81,86,99,102,106" m="42007" machi="34" ten="30,1100,0" yaku="25,1" doraHai="128" who="2" fromWho="2" sc="487,-3,113,-5,277,11,123,-3" />
</Scene>
<Scene>
<INIT seed="6,0,0,4,3,106" ten="484,108,288,120" oya="2" hai0="117,82,2,3,53,48,132,5,69,104,83,9,20" hai1="37,36,10,54,126,38,25,124,59,127,116,114,60" hai2="67,85,121,87,14,119,66,7,135,30,45,120,16" hai3="18,0,98,123,12,108,6,57,86,72,49,52,77"/><V50/><F119/><W39/><G108/><T64/><D117/><U21/><E116/><V15/><F135/><W97/><G123/><T32/><D104/><U40/><E10/><N who="2" m="4447" /><F30/><W29/><G39/><T122/><D32/><U103/><E103/><V75/><F75/><W101/><G29/><T107/><D107/><U112/><E21/><N who="2" m="11423" /><F121/><W91/><G6/><T19/><D132/><U65/><E25/><V35/><F35/><W102/><G0/><T1/><D122/><U93/><E93/><V61/><F120/><W134/><G134/><T125/><D2/><U94/><E94/><V84/><F61/><W43/><G43/><AGARI ba="0,0" hai="43,45,50,66,67,84,85,87" m="11423,4447" machi="43" ten="30,2900,0" yaku="8,1,54,1" doraHai="106" who="2" fromWho="3" sc="484,0,108,0,288,29,120,-29" />
</Scene>
<Scene>
<INIT seed="6,1,0,1,2,123" ten="484,108,317,91" oya="2" hai0="9,2,91,13,40,126,118,1,6,109,130,22,122" hai1="0,75,50,128,17,132,10,134,12,80,20,131,78" hai2="120,31,127,68,121,15,37,48,95,52,74,55,119" hai3="105,49,27,70,28,89,90,51,43,135,47,86,60"/><V3/><F3/><W81/><G135/><N who="1" m="51754" /><E50/><V46/><F74/><W87/><G105/><T39/><D40/><U34/><E34/><V112/><F119/><W7/><G7/><AGARI ba="1,0" hai="0,7,10,12,17,20,75,78,80,128,131" m="51754" machi="7" ten="30,1000,0" yaku="20,1" doraHai="123" who="1" fromWho="3" sc="484,0,108,13,317,0,91,-13" />
</Scene>
<Scene>
<INIT seed="7,0,0,5,2,134" ten="484,121,317,78" oya="3" hai0="114,1,39,111,69,84,117,34,78,46,14,64,92" hai1="71,124,8,129,75,30,85,59,132,98,86,80,116" hai2="44,113,89,28,95,104,41,23,43,18,38,12,130" hai3="27,76,9,66,120,58,127,97,126,45,115,48,10"/><W128/><G120/><T135/><D1/><U118/><E71/><V40/><F104/><W63/><G115/><T106/><D106/><U110/><E110/><V93/><F130/><W53/><G128/><T50/><D34/><U81/><E129/><V16/><F28/><W0/><G76/><T31/><D39/><U131/><E131/><V37/><F113/><W121/><G121/><T101/><D69/><U47/><E132/><V21/><F37/><W61/><G27/><T70/><D70/><U11/><E30/><V52/><F52/><W54/><G97/><T91/><D111/><U26/><E98/><V17/><F95/><W112/><G112/><T133/><D117/><U13/><E47/><V96/><F18/><W88/><G88/><T119/><D119/><U4/><E118/><V100/><F100/><W36/><G36/><T6/><D114/><U77/><E116/><V51/><F38/><W67/><G54/><T62/><D133/><U22/><E81/><V20/><F20/><W32/><G32/><T108/><D108/><U90/><E11/><V102/><F102/><W74/><G74/><T107/><D107/><U15/><E75/><V83/><F83/><W65/><G9/><T109/><D109/><U33/><E33/><V24/><AGARI ba="0,0" hai="12,16,17,21,23,24,40,41,43,44,51,89,93,96" machi="24" ten="20,5200,0" yaku="0,1,7,1,8,1,54,1" doraHai="134" who="2" fromWho="2" sc="484,-13,121,-13,317,52,78,-26" owari="471,57.0,108,-29.0,369,17.0,52,-45.0" />
</Scene>
</mjloggm>