<mjloggm ver="2.3"><GO type="169" lobby="0"/><UN n0="%E5%9F%BA%E7%A4%8E%E8%AB%96" n1="%E5%A4%AA%E3%81%8F%E3%81%AA%E3%81%84%E3%81%8A" n2="%E6%9C%AC%E6%97%A5%E5%AE%9A%E4%BC%91%E6%97%A5" n3="%78%72%63%35%32%34%32%38" dan="17,17,17,16" rate="2147.51,2185.18,2169.19,2092.69" sx="M,M,M,M"/><TAIKYOKU oya="0"/>

<Scene>
<INIT seed="0,0,0,2,3,48" ten="250,250,250,250" oya="0" hai0="86,126,14,104,88,97,37,103,68,34,3,50,17" hai1="5,57,128,132,36,46,20,29,117,109,102,9,30" hai2="98,22,58,8,77,115,12,94,43,81,67,23,41" hai3="106,101,129,63,38,65,52,28,18,62,56,33,113"/><T119/><D119/><U105/><E117/><V131/><F115/><W49/><G113/><T59/><D37/><U40/><E109/><V91/><F131/><W35/><G38/><T32/><D3/><U95/><E105/><V11/><F43/><W66/><G129/><T85/><D68/><U25/><E128/><V111/><F41/><W70/><G18/><T124/><D85/><U31/><E132/><V82/><F111/><W125/><G125/><T60/><D50/><U108/><E108/><V44/><F44/><W39/><G39/><T120/><D120/><U134/><E134/><V24/><F23/><W71/><G28/><T130/><D130/><U99/><REACH who="1" step="1"/><E57/><REACH who="1" ten="250,240,250,250" step="2"/><V96/><F58/><W114/><G114/><T90/><D124/><U42/><E42/><V21/><F24/><W135/><G135/><T78/><D126/><U53/><E53/><V110/><F110/><W83/><G83/><T19/><D34/><U79/><E79/><V10/><F77/><W27/><G27/><T121/><D32/><U47/><E47/><V74/><F82/><W64/><G66/><T15/><D121/><U76/><E76/><V72/><F67/><W4/><G4/><T55/><D78/><U7/><E7/><V80/><F81/><W75/><G75/><T45/><D45/><U51/><E51/><V133/><F80/><W112/><G112/><T92/><REACH who="0" step="1"/><D90/><REACH who="0" ten="240,240,250,250" step="2"/><U93/><E93/><N who="2" m="56383" /><F133/><W116/><G116/><T54/><D54/><U84/><E84/><V26/><F74/><W127/><G127/><T0/><D0/><AGARI ba="0,2" hai="0,5,9,20,25,29,30,31,36,40,46,95,99,102" machi="0" ten="30,3900,0" yaku="1,1,7,1,53,1" doraHai="48" doraHaiUra="1" who="1" fromWho="0" sc="240,-39,240,59,250,0,250,0" />
</Scene>
<Scene>
<INIT seed="1,0,0,4,5,14" ten="201,299,250,250" oya="1" hai0="131,122,4,84,75,113,108,125,74,47,56,90,18" hai1="116,44,29,37,13,67,109,58,111,104,97,5,15" hai2="79,54,126,23,20,119,6,77,88,32,26,42,60" hai3="72,98,70,21,16,73,99,106,71,30,10,92,82"/><U57/><E116/><V118/><F32/><W27/><G106/><T31/><D113/><U115/><E115/><V61/><F42/><W22/><G73/><T8/><D108/><N who="1" m="41547" /><E29/><V95/><F6/><W123/><G123/><T2/><D122/><U0/><E0/><V66/><F126/><W121/><G121/><T17/><D125/><U9/><E67/><V19/><F119/><W105/><G105/><T52/><D131/><U63/><E63/><V51/><F118/><W114/><G114/><T132/><D132/><U96/><E15/><V120/><F120/><W35/><G82/><T127/><D31/><U65/><E65/><V36/><F36/><W53/><G72/><T76/><D127/><U43/><E96/><N who="2" m="57447" /><F23/><W41/><G99/><T24/><D74/><U69/><E69/><V48/><F48/><W102/><G41/><T64/><D75/><U78/><E78/><N who="2" m="29707" /><F66/><W94/><G53/><T110/><D110/><U40/><E43/><V135/><F135/><W107/><G71/><T34/><D76/><U80/><E80/><V130/><F130/><W45/><G70/><T101/><D64/><U1/><E1/><V91/><F91/><W133/><G133/><T38/><D38/><U87/><E87/><V46/><AGARI ba="0,0" hai="19,20,26,46,51,54,60,61" m="29707,57447" machi="46" ten="30,4000,0" yaku="8,1,52,1,54,1" doraHai="14" who="2" fromWho="2" sc="201,-10,299,-20,250,40,250,-10" />
</Scene>
<Scene>
<INIT seed="2,0,0,0,2,83" ten="191,279,290,240" oya="2" hai0="39,6,13,102,135,2,10,126,77,43,0,28,115" hai1="45,123,112,117,63,73,110,128,27,21,40,95,29" hai2="79,99,56,19,9,133,11,81,38,88,103,52,26" hai3="53,85,35,97,17,130,71,111,107,93,20,41,127"/><V46/><F133/><W18/><G111/><T69/><D115/><U134/><E112/><V118/><F118/><W125/><G130/><T131/><D135/><U78/><E117/><V54/><F38/><W57/><G71/><T30/><D131/><U4/><E134/><V55/><F46/><W100/><G35/><T59/><D69/><U25/><E128/><V114/><F114/><W105/><G41/><T80/><D126/><N who="3" m="48137" /><G85/><T64/><D102/><U15/><E110/><V7/><F7/><W91/><G91/><T14/><D43/><U120/><E40/><V113/><F113/><W76/><G76/><T51/><D39/><U3/><E78/><V129/><F129/><W109/><G109/><T132/><D132/><U47/><E120/><V42/><F42/><W101/><G101/><T86/><D0/><U37/><E37/><V67/><F67/><W92/><G92/><T24/><D30/><U61/><E29/><V96/><F56/><W12/><G18/><T90/><D77/><U1/><E123/><V122/><F122/><W44/><G44/><T34/><REACH who="0" step="1"/><D64/><REACH who="0" ten="181,279,290,240" step="2"/><U49/><E1/><V70/><F70/><W23/><G23/><T106/><D106/><U98/><E21/><N who="2" m="13631" /><F79/><W74/><G74/><T60/><D60/><AGARI ba="0,1" hai="12,17,20,53,57,60,93,97,100,105,107" m="48137" machi="60" ten="30,1000,0" yaku="18,1" doraHai="83" who="3" fromWho="0" sc="181,-10,279,0,290,0,240,20" />
</Scene>
<Scene>
<INIT seed="3,0,0,2,5,101" ten="171,279,290,260" oya="3" hai0="94,37,112,49,72,53,88,106,130,73,48,78,103" hai1="67,95,10,30,69,58,109,24,100,110,0,43,68" hai2="25,84,81,133,132,128,118,71,111,1,11,92,82" hai3="91,86,93,99,44,59,20,4,115,33,46,36,57"/><W98/><G33/><T123/><D123/><U89/><E43/><V23/><F71/><W12/><G115/><T66/><D37/><U42/><E42/><V56/><F118/><W63/><G36/><T32/><D32/><U70/><E100/><V76/><F111/><N who="1" m="42505" /><E58/><N who="3" m="22026" /><G63/><T116/><D116/><U55/><E55/><V3/><F128/><W119/><G119/><T127/><D66/><U126/><E126/><V75/><F92/><W79/><G79/><T52/><D127/><U90/><E67/><V97/><F97/><N who="3" m="36875" /><G4/><T107/><D130/><U124/><E95/><V47/><F47/><W74/><G74/><T80/><D112/><U120/><E120/><V27/><F56/><W50/><G50/><T41/><D41/><U16/><E124/><V131/><F131/><W65/><G65/><T96/><D73/><U9/><E0/><V54/><F54/><N who="0" m="21098" /><D107/><U40/><E40/><V122/><F122/><W125/><G125/><T64/><D64/><U8/><E30/><V83/><F75/><W39/><G39/><T6/><D6/><U2/><E2/><V28/><F3/><W7/><G7/><T114/><D114/><U34/><E34/><V38/><F38/><W129/><G129/><T117/><D117/><U22/><AGARI ba="0,0" hai="8,9,10,16,22,24,68,69,70,89,90" m="42505" machi="22" ten="40,2700,0" yaku="14,1,54,1" doraHai="101" who="1" fromWho="1" sc="171,-7,279,27,290,-7,260,-13" />
</Scene>
<Scene>
<INIT seed="4,0,0,4,0,35" ten="164,306,283,247" oya="0" hai0="126,7,4,135,96,95,68,34,25,58,61,110,111" hai1="6,48,94,45,17,71,20,8,118,91,49,2,56" hai2="0,131,103,112,47,52,101,53,31,113,75,124,5" hai3="12,117,116,92,114,115,15,60,21,98,40,18,39"/><T38/><D68/><U107/><E118/><V67/><F75/><W73/><G73/><T28/><D38/><U66/><E107/><V1/><F5/><W10/><G60/><T80/><D80/><U62/><E71/><V121/><F121/><W9/><G40/><T43/><D43/><U3/><E45/><V29/><F131/><W26/><G92/><T76/><D76/><U13/><REACH who="1" step="1"/><E3/><REACH who="1" ten="164,296,283,247" step="2"/><V32/><F124/><W128/><G128/><T65/><D126/><U11/><E11/><V37/><F32/><W70/><G70/><T41/><D41/><U14/><E14/><V54/><F54/><W64/><G117/><T69/><D69/><U109/><E109/><N who="0" m="41481" /><D135/><U132/><E132/><V123/><F67/><W63/><G15/><T44/><D44/><U27/><E27/><V19/><F47/><W42/><G26/><T23/><D34/><U33/><E33/><V55/><F123/><W100/><G116/><T74/><D74/><U119/><E119/><V78/><F55/><W85/><G42/><T22/><D22/><U90/><E90/><AGARI ba="0,1" hai="4,7,23,25,28,58,61,65,90,95,96" m="41481" machi="90" ten="30,1500,0" yaku="10,1" doraHai="35" who="0" fromWho="1" sc="164,25,296,-15,283,0,247,0" />
</Scene>
<Scene>
<INIT seed="4,1,0,2,2,1" ten="189,281,283,247" oya="0" hai0="62,135,88,83,130,100,58,102,98,39,19,27,122" hai1="113,16,59,41,76,72,84,43,60,131,116,104,61" hai2="44,90,8,132,51,119,29,85,91,126,37,49,117" hai3="105,107,52,64,71,22,101,2,73,21,67,82,111"/><T32/><D122/><U96/><E116/><N who="2" m="44619" /><F132/><W69/><G111/><T92/><D39/><U87/><E72/><V66/><F126/><W93/><G2/><T12/><D135/><U5/><E131/><V109/><F109/><W125/><G125/><T78/><D130/><U34/><E34/><V14/><F29/><W35/><G35/><T26/><D32/><U54/><E113/><V124/><F124/><W103/><G93/><T11/><D100/><U65/><E5/><N who="2" m="3343" /><F66/><W128/><G73/><T10/><D10/><U86/><E76/><V68/><F68/><W30/><G30/><T108/><D108/><U6/><E6/><V133/><F133/><W9/><G9/><T38/><D38/><U127/><E127/><V3/><F3/><W121/><G82/><T31/><D31/><U63/><E16/><V47/><F91/><W94/><G94/><T0/><D0/><U25/><E25/><V118/><F118/><W74/><G74/><T75/><REACH who="0" step="1"/><D102/><REACH who="0" ten="179,281,283,247" step="2"/><U99/><E65/><AGARI ba="1,1" hai="11,12,19,26,27,58,62,65,75,78,83,88,92,98" machi="65" ten="30,12000,1" yaku="1,1,2,1,7,1,54,1,53,1" doraHai="1" doraHaiUra="13" who="0" fromWho="1" sc="179,133,281,-123,283,0,247,0" />
</Scene>
<Scene>
<INIT seed="4,2,0,4,2,85" ten="312,158,283,247" oya="0" hai0="27,88,50,82,107,128,94,38,108,66,35,97,46" hai1="93,28,43,59,62,55,111,133,114,12,116,123,63" hai2="15,134,96,3,18,84,101,76,112,110,117,48,24" hai3="126,125,39,129,7,71,65,104,124,120,60,5,31"/><T109/><D38/><U105/><E105/><V11/><F110/><N who="0" m="42602" /><D128/><U99/><E111/><V34/><F112/><W90/><G129/><T6/><D6/><U8/><E123/><V73/><F73/><W86/><G104/><T131/><D131/><U79/><E116/><V22/><F134/><W113/><G113/><T91/><D107/><U58/><E114/><V119/><F48/><W2/><G120/><T130/><D130/><U41/><E133/><V54/><F54/><W106/><G106/><T51/><D66/><U68/><E68/><V135/><F135/><W17/><G31/><N who="0" m="19967" /><D46/><U103/><E79/><V16/><F34/><W83/><G39/><T10/><D10/><U132/><E28/><V20/><F11/><W70/><G2/><T118/><D118/><U37/><E37/><V115/><F3/><W56/><REACH who="3" step="1"/><G17/><REACH who="3" ten="312,158,283,237" step="2"/><T40/><D40/><U32/><E132/><V74/><F115/><W42/><G42/><T87/><AGARI ba="2,1" hai="50,51,82,87,88,91,94,97" m="19967,42602" machi="87" ten="30,11700,0" yaku="10,1,52,2,54,1" doraHai="85" who="0" fromWho="0" sc="312,133,158,-41,283,-41,237,-41" />
</Scene>
<Scene>
<INIT seed="4,3,0,3,4,1" ten="445,117,242,196" oya="0" hai0="23,51,82,95,12,106,17,61,46,112,22,75,66" hai1="135,26,25,114,89,42,20,126,129,9,38,110,105" hai2="108,72,85,27,133,116,52,34,94,5,54,92,93" hai3="16,119,113,30,2,3,37,60,128,84,134,57,125"/><T31/><D106/><U120/><E110/><V100/><F72/><W99/><G37/><T76/><D112/><U36/><E120/><V104/><F108/><W11/><G99/><T15/><D95/><U74/><E74/><V122/><F122/><W0/><G125/><T32/><D32/><U33/><E105/><V21/><F34/><W13/><G128/><T7/><D31/><U117/><E117/><V53/><F116/><W18/><G134/><T77/><D77/><U83/><E135/><V6/><F133/><W103/><G103/><T63/><D66/><U73/><E129/><V56/><F56/><W86/><G113/><T79/><D79/><U64/><E64/><V62/><F62/><W71/><G30/><T50/><D50/><U80/><E33/><V107/><F107/><W97/><G97/><T43/><D7/><N who="2" m="2570" /><F104/><W59/><G71/><T121/><D121/><U8/><E73/><V132/><F132/><W24/><G119/><T19/><AGARI ba="3,0" hai="12,15,17,19,22,23,43,46,51,61,63,75,76,82" machi="19" ten="30,3000,0" yaku="0,1,9,1" doraHai="1" who="0" fromWho="0" sc="445,39,117,-13,242,-13,196,-13" />
</Scene>
<Scene>
<INIT seed="4,4,0,0,5,22" ten="484,104,229,183" oya="0" hai0="10,106,71,55,86,78,94,104,99,36,61,109,8" hai1="52,82,98,100,111,90,96,63,28,35,117,112,77" hai2="54,116,102,25,53,59,74,31,2,6,105,49,18" hai3="45,38,50,58,34,37,125,7,103,5,0,26,72"/><T119/><D119/><U70/><E117/><V135/><F74/><W110/><G110/><T15/><D109/><U93/><E111/><V87/><F116/><W129/><G125/><T97/><D36/><U16/><E112/><V60/><F135/><W85/><G129/><T23/><D97/><U73/><E16/><V75/><F75/><W57/><G72/><T123/><D123/><U68/><E35/><V124/><F124/><W1/><G103/><T4/><D10/><U19/><E28/><V62/><F62/><W95/><G85/><T51/><D61/><U65/><E19/><V107/><F18/><W134/><G95/><T115/><D23/><U130/><E130/><V32/><F102/><W114/><G114/><T122/><D71/><U133/><E133/><V88/><F2/><W89/><G34/><T12/><D12/><U83/><E83/><V17/><F17/><W132/><G50/><T92/><D115/><U76/><E76/><V66/><F6/><W84/><G84/><T33/><D33/><U108/><E108/><V13/><F13/><W120/><G89/><T118/><D122/><U29/><E29/><V131/><F131/><W127/><G120/><T3/><D3/><U40/><E40/><V79/><F79/><W41/><G41/><T121/><D121/><U11/><E11/><V128/><F128/><W64/><G127/><T21/><D118/><U126/><E126/><V91/><F91/><W81/><G38/><T44/><D78/><U27/><E77/><V67/><F32/><W14/><G37/><T20/><D104/><U69/><E100/><RYUUKYOKU ba="4,0" sc="484,0,104,0,229,0,183,0" />
</Scene>
<Scene>
<INIT seed="5,5,0,2,3,101" ten="484,104,229,183" oya="1" hai0="77,88,93,68,99,61,14,135,35,109,64,39,22" hai1="5,91,125,34,43,107,60,38,31,80,84,8,78" hai2="62,82,76,52,96,87,63,70,74,55,134,92,115" hai3="20,57,100,21,53,123,41,24,79,103,133,98,32"/><U106/><E125/><V16/><F134/><W56/><G123/><T30/><D39/><U0/><E60/><N who="2" m="23083" /><F74/><W11/><G133/><T58/><D109/><U89/><E34/><V97/><F70/><W116/><G79/><T19/><D135/><U122/><E31/><V66/><F115/><W75/><G41/><T65/><D77/><U102/><E122/><V54/><F66/><W27/><G11/><T113/><D113/><U42/><E42/><V83/><F83/><W85/><G85/><T40/><D40/><U86/><E102/><V69/><F69/><W73/><G98/><N who="2" m="37993" /><F92/><W128/><G32/><T67/><D68/><U15/><E0/><V130/><F130/><W4/><G128/><T126/><D126/><U7/><E7/><V12/><F55/><W94/><G94/><T132/><D132/><U121/><E121/><V45/><F45/><W49/><G4/><T48/><D48/><U81/><E78/><V47/><F47/><AGARI ba="5,0" hai="5,8,15,38,43,47,80,81,84,86,89,91,106,107" machi="47" ten="40,7700,0" yaku="9,1,52,2" doraHai="101" who="1" fromWho="2" sc="484,0,104,92,229,-92,183,0" />
</Scene>
<Scene>
<INIT seed="5,6,0,1,5,61" ten="484,196,137,183" oya="1" hai0="81,14,31,25,101,131,130,125,123,96,19,71,39" hai1="84,47,49,127,114,105,63,16,80,24,28,4,37" hai2="29,109,122,78,118,26,52,18,67,21,93,117,40" hai3="22,6,43,36,87,65,62,108,54,34,57,92,42"/><U51/><E105/><V53/><F109/><W135/><G34/><T99/><D39/><U104/><E104/><V88/><F122/><W5/><G135/><T48/><D123/><U76/><E4/><N who="3" m="1642" /><G36/><T82/><D71/><U64/><E114/><V126/><F126/><W1/><G1/><T17/><D48/><U35/><E127/><V41/><F78/><W7/><G108/><T11/><D19/><U69/><REACH who="1" step="1"/><E16/><REACH who="1" ten="484,186,137,183" step="2"/><N who="2" m="12583" /><F118/><W116/><G116/><T38/><D125/><U83/><E83/><V128/><F117/><W46/><G7/><T75/><D81/><U102/><E102/><V59/><F18/><W90/><G22/><T95/><D82/><U45/><E45/><V60/><F29/><W79/><G79/><T55/><D101/><U20/><E20/><V124/><F124/><W27/><G27/><T100/><D31/><U129/><E129/><V15/><F128/><W68/><G68/><T72/><D25/><U66/><E66/><V70/><F70/><W112/><G112/><T9/><D130/><U86/><E86/><N who="2" m="52375" /><F15/><W23/><G23/><T58/><D131/><U107/><E107/><V97/><F97/><W2/><G2/><T134/><D99/><U110/><E110/><V12/><F12/><W8/><G8/><T111/><D11/><U119/><E119/><V0/><F0/><W3/><G3/><T103/><D111/><U50/><E50/><AGARI ba="6,1" hai="42,43,46,50,54,57,62,65,87,90,92" m="1642" machi="50" ten="30,2000,0" yaku="8,1,52,1" doraHai="61" who="3" fromWho="1" sc="484,0,186,-38,137,0,183,48" />
</Scene>
<Scene>
<INIT seed="6,0,0,3,3,67" ten="484,148,137,231" oya="2" hai0="127,101,45,100,84,124,117,106,133,123,4,85,56" hai1="6,25,29,126,92,44,120,62,13,38,75,74,47" hai2="35,90,0,28,65,103,118,48,37,89,2,94,112" hai3="82,69,78,18,79,87,39,15,114,88,64,40,98"/><V122/><F37/><W42/><G114/><T93/><D123/><U119/><E119/><V59/><F122/><W46/><G40/><T21/><D117/><U5/><E120/><V12/><F118/><W134/><G134/><T11/><D106/><U135/><E135/><V66/><F112/><W53/><G53/><T86/><D133/><U110/><E110/><V102/><F28/><W16/><G98/><T77/><D77/><U113/><E113/><V32/><F12/><W19/><REACH who="3" step="1"/><G15/><REACH who="3" ten="484,148,137,221" step="2"/><T61/><D124/><U91/><E13/><V50/><REACH who="2" step="1"/><F94/><REACH who="2" ten="484,148,127,221" step="2"/><W22/><G22/><T108/><D21/><U30/><E92/><V3/><F3/><W121/><G121/><T99/><D127/><U17/><E126/><V131/><F131/><W63/><AGARI ba="0,2" hai="16,18,19,39,42,46,63,64,69,78,79,82,87,88" machi="63" ten="30,8000,1" yaku="1,1,0,1,52,1,54,2,53,0" doraHai="67" doraHaiUra="34" who="3" fromWho="3" sc="484,-20,148,-20,127,-40,221,100" />
</Scene>
<Scene>
<INIT seed="7,0,0,4,4,98" ten="464,128,87,321" oya="3" hai0="56,77,49,60,97,10,38,36,121,118,81,85,132" hai1="64,84,94,51,45,106,116,120,22,21,89,104,11" hai2="18,14,37,113,62,117,71,70,90,125,78,33,96" hai3="47,110,65,59,82,112,109,119,52,8,5,131,29"/><W102/><G119/><T15/><D121/><U88/><E120/><V69/><F117/><W127/><G29/><T128/><D118/><U123/><E123/><V91/><F37/><W12/><G82/><T6/><D128/><U111/><E111/><N who="3" m="42506" /><G131/><T43/><D132/><U107/><E116/><V122/><F122/><W58/><G127/><T24/><D97/><U93/><E64/><V19/><F125/><W72/><G72/><T133/><D24/><U95/><E11/><V124/><F124/><W126/><G126/><T63/><D133/><U92/><REACH who="1" step="1"/><E89/><REACH who="1" ten="464,118,87,321" step="2"/><N who="2" m="33803" /><F62/><N who="3" m="38111" /><G112/><T67/><D63/><U26/><E26/><V54/><F96/><W87/><G87/><T17/><D17/><N who="2" m="6154" /><F14/><W73/><G73/><T34/><D34/><U55/><AGARI ba="0,1" hai="21,22,45,51,55,84,88,92,93,94,95,104,106,107" machi="55" ten="40,12000,2" yaku="1,1,0,1,54,1,53,3" doraHai="98" doraHaiUra="103" who="1" fromWho="1" sc="464,-30,118,130,87,-30,321,-60" owari="434,53.0,248,-15.0,57,-44.0,261,6.0" />
</Scene>
</mjloggm>