<mjloggm ver="2.3"><GO type="41"/><UN n0="%E3%83%AC%E3%83%87%E3%82%B9%E3%83%9E" n1="%E3%81%BB%E3%82%8A%E3%81%84" n2="%E5%A4%AA%E3%81%8F%E3%81%AA%E3%81%84%E3%81%8A" n3="%E3%83%86%E3%83%AC%E3%83%93%E3%81%A3%E5%AD%90" dan="13,13,15,14" rate="1911,1884,2017,1972" sx="M,M,M,M"/><TAIKYOKU oya="0"/>

<Scene>
<INIT seed="0,0,0,2,5,4" ten="250,250,250,250" oya="0" hai0="5,113,93,56,119,59,98,12,117,23,110,39,38" hai1="54,99,130,127,70,33,9,88,81,52,20,40,89" hai2="131,102,76,86,133,87,72,11,34,107,62,64,105" hai3="0,57,18,47,60,83,3,22,125,46,96,74,124"/><T73/><D73/><U26/><E70/><V71/><F34/><W7/><G96/><T126/><D113/><U53/><E40/><V121/><F121/><W63/><G83/><T94/><D126/><N who="3" m="48745" /><G74/><T120/><D120/><U67/><E127/><V24/><F131/><W85/><G85/><T108/><D5/><U122/><E67/><V28/><F133/><W66/><G60/><T135/><D12/><U114/><E33/><N who="2" m="20615" /><F107/><W8/><G3/><T134/><D23/><U80/><E122/><V79/><F72/><W129/><G129/><T50/><D50/><U58/><E130/><V77/><F11/><W92/><G92/><T1/><REACH who="0" step="1"/><D1/><REACH who="0" ten="240,250,250,250" step="2"/><U13/><E114/><V17/><F76/><W51/><G51/><T112/><D112/><U132/><E132/><V35/><F79/><W68/><G68/><T115/><D115/><U48/><E20/><V44/><F77/><W55/><G0/><T21/><D21/><U78/><E26/><V95/><F71/><W61/><G7/><T106/><D106/><U75/><E81/><V123/><F105/><W103/><G22/><T16/><D16/><U84/><E99/><AGARI ba="0,1" hai="38,39,56,59,93,94,98,99,108,110,117,119,134,135" machi="99" ten="25,4800,0" yaku="1,1,22,2,53,0" doraHai="4" doraHaiUra="37" who="0" fromWho="1" sc="240,58,250,-48,250,0,250,0" />
</Scene>
<Scene>
<INIT seed="0,1,0,4,2,6" ten="298,202,250,250" oya="0" hai0="118,20,25,61,2,24,19,91,77,62,99,69,105" hai1="37,82,57,38,4,21,98,108,63,12,100,55,1" hai2="132,54,106,33,40,11,26,41,51,121,32,52,101" hai3="58,42,95,97,14,3,43,114,76,135,131,17,125"/><T127/><D118/><U112/><E1/><V123/><F106/><W7/><G135/><T13/><D2/><U71/><E71/><V79/><F101/><W28/><G114/><T126/><D77/><U36/><E112/><V49/><F79/><W134/><G134/><T88/><D91/><U87/><E108/><V68/><F132/><W8/><G125/><N who="0" m="47627" /><D69/><U22/><E4/><V74/><F68/><W113/><G113/><T107/><D107/><U124/><E124/><V60/><F60/><N who="0" m="23146" /><D88/><U46/><E46/><V59/><F26/><W104/><G131/><T103/><AGARI ba="1,0" hai="13,19,20,24,25,99,103,105" m="23146,47627" machi="103" ten="30,1500,0" yaku="18,1" doraHai="6" who="0" fromWho="0" sc="298,18,202,-6,250,-6,250,-6" />
</Scene>
<Scene>
<INIT seed="0,2,0,5,4,60" ten="316,196,244,244" oya="0" hai0="123,19,55,124,16,105,94,27,96,38,121,56,106" hai1="66,40,76,65,68,51,114,49,67,1,92,115,22" hai2="91,29,73,102,71,50,125,104,36,97,122,63,20" hai3="93,52,75,119,15,61,112,54,43,87,57,111,88"/><T95/><D38/><U74/><E1/><V108/><F122/><W58/><G119/><T23/><D124/><U11/><E11/><V134/><F36/><W5/><G75/><T83/><D83/><N who="1" m="45463" /><E22/><V99/><F73/><W33/><G111/><T25/><D121/><U70/><E92/><V117/><F108/><W131/><G131/><T45/><D45/><N who="1" m="25767" /><E51/><V44/><F125/><W101/><G33/><T53/><D53/><U89/><E89/><V59/><F71/><W103/><G43/><T26/><D95/><U12/><E12/><V98/><F91/><W132/><G103/><T42/><D42/><U35/><E35/><V8/><F8/><W128/><G101/><T81/><D81/><U109/><E109/><V118/><F20/><W30/><G128/><T24/><D19/><U4/><E4/><V78/><F29/><W41/><G30/><T84/><D84/><U116/><E116/><V69/><F78/><W18/><G41/><T77/><D77/><U37/><E37/><V127/><F127/><W13/><G5/><T80/><D80/><U62/><E62/><V113/><F102/><W85/><G85/><T3/><D3/><U6/><E6/><V32/><F32/><W82/><G93/><T34/><D34/><U46/><E46/><V64/><F117/><W9/><G13/><T133/><D123/><U31/><E31/><V48/><F118/><W126/><G126/><T7/><D7/><U130/><E130/><V135/><F99/><W100/><G100/><T129/><D129/><U10/><E10/><V47/><F98/><W107/><G107/><RYUUKYOKU ba="2,0" sc="316,-10,196,30,244,-10,244,-10" hai1="65,66,67,68,70,114,115" />
</Scene>
<Scene>
<INIT seed="1,3,0,5,0,130" ten="306,226,234,234" oya="1" hai0="119,133,54,66,42,23,128,82,106,100,20,76,85" hai1="55,57,60,22,132,46,24,102,48,2,38,97,111" hai2="61,88,1,9,126,101,35,121,108,98,63,96,7" hai3="110,124,131,113,99,65,69,53,0,123,13,116,67"/><U107/><E2/><V80/><F121/><W58/><G99/><T112/><D119/><U129/><E38/><V6/><F35/><W81/><G13/><T78/><D112/><U109/><E129/><V10/><F108/><W17/><G17/><T105/><D128/><U47/><E132/><V50/><F126/><W95/><G95/><T84/><D66/><U32/><E32/><V92/><F50/><W77/><G81/><T15/><D42/><U34/><E34/><V125/><F125/><W5/><G5/><T36/><D36/><U103/><E103/><V30/><F30/><W72/><G53/><T127/><D54/><U19/><REACH who="1" step="1"/><E48/><REACH who="1" ten="306,216,234,234" step="2"/><V16/><F101/><W114/><G131/><T45/><D100/><U104/><E104/><V29/><F1/><W41/><G0/><T120/><D127/><U94/><E94/><V31/><F92/><W51/><G124/><T49/><D49/><U18/><E18/><V28/><F16/><W83/><G51/><T122/><D106/><U87/><E87/><V71/><F6/><W44/><G114/><T90/><D105/><U52/><E52/><V134/><F134/><W118/><G113/><T37/><D133/><U26/><E26/><V68/><F7/><W25/><G25/><T93/><D93/><U33/><E33/><V89/><F29/><W70/><G72/><T12/><D84/><U117/><E117/><V135/><F135/><W74/><G74/><T3/><D122/><U21/><E21/><V59/><F80/><W43/><G83/><T64/><D82/><U91/><E91/><V8/><F8/><RYUUKYOKU ba="3,1" sc="306,-15,216,15,234,15,234,-15" hai1="19,22,24,46,47,55,57,60,97,102,107,109,111" hai2="9,10,28,31,59,61,63,68,71,88,89,96,98" />
</Scene>
<Scene>
<INIT seed="1,4,1,4,5,97" ten="291,231,249,219" oya="1" hai0="77,42,115,26,111,23,34,30,133,93,40,72,66" hai1="3,10,78,76,61,80,17,90,116,39,107,114,47" hai2="134,18,121,27,123,7,75,32,68,62,2,79,36" hai3="122,19,5,113,85,12,89,100,81,15,130,52,86"/><U0/><E107/><V65/><F18/><W43/><G122/><T128/><D115/><U118/><E114/><V102/><F134/><W87/><G113/><T33/><D133/><U104/><E61/><V25/><F25/><W38/><G130/><T1/><D128/><U70/><E70/><V59/><F59/><W55/><G5/><T108/><D1/><U117/><E104/><V92/><F36/><W103/><G15/><T57/><D93/><U29/><E29/><N who="2" m="19519" /><F92/><N who="3" m="54319" /><G43/><T4/><D4/><N who="1" m="1287" /><E90/><V112/><F112/><W125/><G38/><T21/><D77/><U124/><E78/><V74/><F102/><N who="3" m="38955" /><G125/><T135/><D72/><N who="1" m="43015" /><E17/><V35/><F35/><W105/><G105/><T91/><D135/><U31/><E31/><V95/><F74/><W20/><G87/><T24/><D91/><AGARI ba="4,1" hai="12,19,20,52,55,81,86,91" m="38955,54319" machi="91" ten="30,8000,1" yaku="8,1,52,3,54,1" doraHai="97" who="3" fromWho="0" sc="291,-92,231,0,249,0,219,102" />
</Scene>
<Scene>
<INIT seed="2,0,0,3,3,3" ten="199,231,249,321" oya="2" hai0="7,13,99,60,59,14,102,32,92,94,108,113,57" hai1="62,67,31,55,24,125,52,39,133,80,129,17,115" hai2="47,83,96,74,119,124,120,121,134,82,25,18,73" hai3="33,101,64,97,23,93,16,86,68,58,49,84,87"/><V128/><F47/><W6/><G33/><T29/><D113/><U41/><E115/><V66/><F66/><W111/><G111/><T90/><D108/><U122/><E17/><V40/><F40/><W19/><G68/><T4/><D32/><U30/><E30/><V118/><F25/><W27/><G6/><N who="0" m="2091" /><D29/><U110/><E110/><V43/><F43/><W56/><G64/><N who="0" m="38927" /><D59/><U8/><E122/><V89/><F18/><W53/><G58/><T72/><D72/><U107/><E107/><V44/><F73/><W114/><G114/><T95/><D95/><U21/><E125/><V65/><F124/><W98/><G98/><AGARI ba="0,0" hai="13,14,90,92,94,98,99,102" m="38927,2091" machi="98" ten="30,7700,0" yaku="8,1,52,3" doraHai="3" who="0" fromWho="3" sc="199,77,231,0,249,0,321,-77" />
</Scene>
<Scene>
<INIT seed="3,0,0,4,4,116" ten="276,231,249,244" oya="3" hai0="89,82,130,100,109,87,119,67,103,9,56,132,34" hai1="105,40,115,68,31,120,94,42,2,36,29,64,53" hai2="78,66,41,37,92,121,7,23,104,91,1,110,62" hai3="83,123,54,135,59,76,63,4,19,21,43,118,74"/><W96/><G118/><T122/><D119/><U95/><E2/><V58/><F104/><W55/><G135/><T22/><D132/><U16/><E105/><V133/><F133/><W97/><G43/><T81/><D34/><U128/><E115/><V70/><F110/><W14/><G123/><T5/><D109/><U102/><E102/><V28/><F78/><W126/><G126/><T72/><D122/><U50/><E16/><V18/><F28/><W73/><G73/><T98/><D22/><U26/><E128/><V107/><F107/><W11/><REACH who="3" step="1"/><G54/><REACH who="3" ten="276,231,249,234" step="2"/><T8/><D72/><U106/><E120/><V90/><F121/><W114/><G114/><T48/><D130/><U134/><E53/><V69/><F41/><W13/><AGARI ba="0,1" hai="4,11,13,14,19,21,55,59,63,74,76,83,96,97" machi="13" ten="20,3900,0" yaku="1,1,0,1,7,1,53,0" doraHai="116" doraHaiUra="39" who="3" fromWho="3" sc="276,-13,231,-13,249,-13,234,49" />
</Scene>
<Scene>
<INIT seed="3,1,0,3,2,86" ten="263,218,236,283" oya="3" hai0="100,0,103,45,114,14,135,17,80,119,36,57,25" hai1="98,55,32,130,88,37,24,87,85,13,122,124,44" hai2="10,18,4,127,31,49,76,60,107,94,125,104,73" hai3="108,96,79,29,90,89,115,69,65,48,102,106,91"/><W117/><G115/><T43/><D119/><U23/><E122/><V72/><F31/><W19/><G117/><T67/><D0/><U82/><E124/><N who="2" m="47691" /><F18/><W6/><G108/><T95/><D25/><U21/><E32/><V74/><F49/><W134/><G134/><T61/><D135/><U75/><E75/><N who="2" m="28747" /><F60/><W121/><G121/><T33/><D33/><U8/><E37/><V56/><F56/><W53/><G29/><T99/><D80/><N who="1" m="49191" /><E98/><V52/><F52/><W81/><G6/><T5/><D5/><N who="1" m="3215" /><E130/><V78/><F94/><W27/><G65/><T62/><D62/><U116/><E116/><V105/><N who="2" m="28755" /><V70/><DORA hai="101" /><F70/><W123/><G69/><T92/><D114/><U83/><E83/><V9/><F9/><W15/><G123/><T35/><D35/><U66/><E66/><V7/><F7/><W51/><G27/><T22/><REACH who="0" step="1"/><D100/><REACH who="0" ten="253,218,236,283" step="2"/><U46/><E24/><V133/><F133/><W58/><G81/><T109/><D109/><U129/><E129/><V47/><F47/><N who="1" m="17961" /><E55/><V42/><F42/><W132/><G132/><T39/><D39/><U38/><E38/><V97/><F97/><W111/><G111/><T110/><D110/><U34/><E34/><V41/><F41/><W28/><G28/><T59/><D59/><U113/><E113/><V120/><F120/><W40/><G40/><T71/><D71/><U30/><E30/><V126/><F126/><W50/><G102/><T84/><D84/><U2/><E2/><AGARI ba="1,1" hai="2,4,10,76,78,104,105,107" m="28755,47691" machi="2" ten="50,8000,1" yaku="18,1,52,3" doraHai="86,101" who="2" fromWho="1" sc="253,0,218,-83,236,93,283,0" />
</Scene>
<Scene>
<INIT seed="4,0,0,5,5,94" ten="253,135,329,283" oya="0" hai0="76,81,106,43,3,102,6,19,72,17,83,2,111" hai1="128,105,58,36,18,20,89,129,21,115,51,47,125" hai2="8,39,68,122,121,86,35,29,92,60,96,126,69" hai3="33,109,10,117,59,37,65,93,90,88,135,61,63"/><T40/><D111/><U24/><E36/><V79/><F39/><W9/><G117/><T133/><D133/><U0/><E105/><V27/><F126/><W28/><G37/><T45/><D83/><U108/><E0/><V127/><F127/><W120/><G120/><T48/><D40/><U55/><E125/><V75/><F75/><W49/><G135/><T16/><REACH who="0" step="1"/><D6/><REACH who="0" ten="243,135,329,283" step="2"/><U116/><E108/><V112/><F121/><W84/><G109/><T32/><D32/><U34/><E116/><V99/><F122/><W25/><G49/><T30/><D30/><U110/><E34/><V124/><F29/><W62/><G10/><T132/><D132/><U73/><E115/><V85/><F8/><W80/><REACH who="3" step="1"/><G9/><REACH who="3" ten="243,135,329,273" step="2"/><T100/><D100/><U22/><E110/><V101/><F124/><W44/><G44/><T31/><D31/><U107/><E47/><V7/><F112/><W78/><G78/><T67/><D67/><U95/><E129/><V97/><F79/><W23/><G23/><T118/><D118/><U103/><E21/><V54/><F35/><W5/><G5/><T82/><D82/><U134/><E22/><V13/><F7/><W56/><G56/><T98/><AGARI ba="0,2" hai="2,3,16,17,19,43,45,48,72,76,81,98,102,106" machi="98" ten="30,11700,0" yaku="1,1,0,1,52,1,54,1,53,0" doraHai="94" doraHaiUra="113" who="0" fromWho="0" sc="243,137,135,-39,329,-39,273,-39" />
</Scene>
<Scene>
<INIT seed="4,1,0,2,5,116" ten="380,96,290,234" oya="0" hai0="104,126,90,123,42,77,111,1,70,23,50,34,72" hai1="79,45,69,32,29,115,55,128,87,81,92,100,60" hai2="43,21,30,40,129,24,39,11,27,20,59,67,96" hai3="25,53,114,7,125,46,14,118,101,57,4,98,37"/><T121/><D34/><U78/><E115/><V26/><F129/><W93/><G118/><T135/><D104/><U122/><E128/><V58/><F11/><W130/><G125/><T85/><D70/><U13/><E13/><V3/><F3/><W17/><G130/><T86/><D126/><U10/><E79/><V76/><F76/><W44/><G114/><T89/><D72/><U88/><E100/><V110/><F110/><W73/><G73/><T8/><D77/><U74/><E10/><V51/><F39/><W47/><G25/><T56/><D23/><U112/><E112/><V108/><F108/><W62/><REACH who="3" step="1"/><G37/><REACH who="3" ten="380,96,290,224" step="2"/><T71/><D111/><U120/><E69/><V64/><F26/><W33/><G33/><T6/><D135/><U12/><E12/><V52/><F30/><W35/><G35/><T16/><D1/><U54/><E74/><V82/><F24/><W22/><AGARI ba="1,1" hai="4,7,14,17,22,44,46,47,53,57,62,93,98,101" machi="22" ten="30,4000,0" yaku="1,1,0,1,8,1,53,0" doraHai="116" doraHaiUra="36" who="3" fromWho="3" sc="380,-21,96,-11,290,-11,224,53" />
</Scene>
<Scene>
<INIT seed="5,0,0,0,4,1" ten="359,85,279,277" oya="1" hai0="109,94,118,98,77,64,7,96,67,3,111,105,31" hai1="102,125,13,48,27,42,40,74,91,35,121,83,123" hai2="63,28,117,0,107,113,116,8,10,30,122,86,25" hai3="39,81,126,129,29,78,106,82,71,120,56,103,46"/><U58/><E121/><V59/><F86/><W95/><G71/><T12/><D3/><U57/><E123/><V11/><F122/><W38/><G120/><T66/><D77/><U124/><E102/><V55/><F107/><W47/><G129/><T54/><D118/><U50/><E74/><V79/><F79/><W41/><G126/><N who="1" m="48746" /><E91/><V114/><F0/><W130/><G106/><T33/><D105/><U22/><E83/><V52/><F55/><W60/><G130/><T69/><D69/><U36/><E35/><V23/><REACH who="2" step="1"/><F30/><REACH who="2" ten="359,85,269,277" step="2"/><W62/><G29/><T133/><D54/><U104/><E104/><V134/><F134/><W112/><G112/><AGARI ba="0,1" hai="8,10,11,23,25,28,52,59,63,112,113,114,116,117" machi="112" ten="40,12000,2" yaku="1,1,15,1,11,1,54,1,53,3" doraHai="1" doraHaiUra="4" who="2" fromWho="3" sc="359,0,85,0,269,130,277,-120" />
</Scene>
<Scene>
<INIT seed="6,0,0,1,5,40" ten="359,85,399,157" oya="2" hai0="23,118,72,122,63,41,129,109,11,79,3,43,9" hai1="62,45,106,70,50,13,22,113,61,90,103,73,69" hai2="97,53,49,99,119,48,27,59,35,1,28,85,108" hai3="7,58,127,54,114,98,83,115,25,55,38,123,2"/><V87/><F119/><W131/><G123/><T52/><D109/><U14/><E73/><V135/><F1/><W30/><G131/><T107/><D107/><U4/><E90/><V84/><F108/><W96/><G83/><T133/><D122/><U94/><E106/><V91/><F135/><W60/><BYE who="1" /><G127/><T33/><D33/><U65/><E65/><V24/><F91/><UN n1="%E3%81%BB%E3%82%8A%E3%81%84" /><W80/><G80/><T112/><D118/><U67/><E67/><V93/><BYE who="1" /><F93/><W132/><G132/><T77/><D133/><U15/><E15/><V17/><F49/><W121/><G121/><T95/><D3/><U124/><E124/><V46/><REACH who="2" step="1"/><F59/><REACH who="2" ten="359,85,389,157" step="2"/><W39/><G38/><T125/><D125/><U19/><E19/><V20/><AGARI ba="0,1" hai="17,20,24,27,28,35,46,48,53,84,85,87,97,99" machi="20" ten="30,11700,0" yaku="1,1,2,1,0,1,52,1,53,0" doraHai="40" doraHaiUra="34" who="2" fromWho="2" sc="359,-39,85,-39,389,127,157,-39" />
</Scene>
<Scene>
<INIT seed="6,1,0,5,5,71" ten="320,46,516,118" oya="2" hai0="48,27,62,91,132,87,58,97,89,34,42,102,23" hai1="86,6,65,121,5,130,59,19,111,56,20,18,103" hai2="112,84,107,100,45,93,134,30,8,119,26,113,29" hai3="22,54,0,106,21,7,118,37,11,122,78,12,49"/><V96/><F119/><W68/><G122/><T126/><D126/><U72/><E72/><V83/><F134/><W76/><G118/><T61/><D34/><U116/><E116/><V4/><F45/><W104/><G68/><T94/><D132/><U36/><E36/><V108/><F93/><W69/><G69/><T9/><D9/><U55/><E55/><V35/><F29/><W117/><G117/><T33/><D33/><U124/><E124/><V90/><F108/><W52/><G37/><T82/><D91/><U123/><E123/><V99/><REACH who="2" step="1"/><F96/><REACH who="2" ten="320,46,506,118" step="2"/><W51/><G106/><T39/><D97/><U133/><E133/><V28/><F28/><W57/><G104/><T81/><D94/><U80/><E80/><V25/><F25/><W75/><G75/><T92/><D82/><U114/><E114/><V44/><F44/><N who="3" m="27687" /><G0/><AGARI ba="1,1" hai="0,4,8,26,30,35,83,84,90,99,100,107,112,113" machi="0" ten="40,2000,0" yaku="1,1,53,0" doraHai="71" doraHaiUra="88" who="2" fromWho="3" sc="320,0,46,0,506,33,118,-23" />
</Scene>
<Scene>
<INIT seed="6,2,0,2,5,28" ten="320,46,539,95" oya="2" hai0="129,108,114,119,18,26,133,89,128,83,95,41,58" hai1="67,17,135,69,46,30,5,34,127,134,91,102,88" hai2="93,79,9,86,60,113,97,14,40,99,122,92,72" hai3="73,103,107,68,109,96,10,124,71,2,21,20,116"/><V82/><F122/><W126/><G116/><T52/><D119/><U131/><E131/><V22/><F113/><W120/><G120/><T105/><D108/><U33/><E33/><V13/><F40/><W87/><G109/><T64/><D105/><U98/><E98/><N who="2" m="37387" /><F72/><W7/><G73/><T25/><D114/><U50/><E50/><V94/><F60/><W11/><G11/><T16/><D83/><U74/><E74/><V80/><F80/><W47/><G47/><T6/><D6/><U132/><E132/><V123/><F123/><W32/><G87/><T81/><D81/><U117/><E117/><V48/><F48/><W56/><G56/><T36/><D64/><U112/><E112/><V104/><F104/><W66/><G66/><T90/><D133/><U3/><E3/><V75/><F75/><W42/><G42/><T70/><D70/><U85/><E85/><V1/><F1/><W24/><G21/><T45/><D128/><U55/><E55/><V27/><F9/><W53/><G20/><T8/><D129/><U84/><E84/><V59/><F59/><W31/><REACH who="3" step="1"/><G53/><REACH who="3" ten="320,46,539,85" step="2"/><T65/><D65/><U78/><E78/><V54/><F54/><W37/><G37/><T44/><D36/><U100/><E100/><V57/><F57/><W12/><G12/><T115/><D115/><U38/><E38/><V43/><F43/><W4/><G4/><T111/><D41/><U23/><E23/><V35/><F13/><W49/><G49/><T130/><D130/><U62/><E62/><V39/><F39/><W51/><G51/><T101/><D111/><RYUUKYOKU ba="2,1" sc="320,-10,46,-10,539,-10,85,30" hai3="2,7,10,24,31,32,68,71,96,103,107,124,126" />
</Scene>
<Scene>
<INIT seed="7,3,1,4,4,96" ten="310,36,529,115" oya="3" hai0="56,79,120,121,132,4,124,77,26,115,21,90,129" hai1="65,100,94,134,37,66,119,70,131,116,73,3,122" hai2="113,16,18,102,8,106,43,81,93,48,84,19,109" hai3="82,5,74,58,54,103,105,14,98,44,83,101,118"/><W60/><G118/><T17/><D124/><U55/><E55/><V95/><F109/><W114/><G114/><T110/><D110/><U111/><E111/><V64/><F113/><W51/><G74/><T29/><D115/><U42/><E42/><V69/><F106/><W72/><G72/><T27/><D4/><U23/><E23/><V117/><F117/><W31/><G31/><T80/><D132/><U86/><E86/><V75/><F75/><W28/><G28/><T63/><D129/><U24/><E24/><V40/><F69/><W53/><REACH who="3" step="1"/><G103/><REACH who="3" ten="310,36,529,105" step="2"/><T62/><D29/><U108/><E108/><V7/><F102/><W104/><G104/><T49/><D120/><U135/><E135/><V112/><F112/><W128/><G128/><T61/><D121/><U89/><E89/><V57/><F8/><AGARI ba="3,2" hai="5,8,14,44,51,53,54,58,60,82,83,98,101,105" machi="8" ten="40,3900,0" yaku="1,1,52,1,53,0" doraHai="96" doraHaiUra="35" who="3" fromWho="2" sc="310,0,36,0,529,-48,105,68" />
</Scene>
<Scene>
<INIT seed="7,4,0,3,2,65" ten="310,36,481,173" oya="3" hai0="110,104,120,57,35,33,93,8,53,128,66,71,91" hai1="25,87,117,96,58,29,116,9,92,69,79,107,82" hai2="70,77,62,55,18,40,61,45,134,44,20,51,119" hai3="0,115,16,24,32,89,23,83,13,27,88,42,11"/><W10/><G115/><T84/><D110/><U125/><E125/><V98/><F119/><W100/><G100/><T63/><D104/><U108/><E108/><V36/><F134/><W26/><G32/><T54/><D128/><U95/><E95/><V64/><F77/><W105/><G105/><T73/><D73/><U114/><E114/><V43/><F98/><W5/><G42/><T49/><D120/><U81/><E81/><V80/><F80/><W97/><G97/><T112/><D112/><U46/><E46/><N who="2" m="26079" /><F20/><W111/><G111/><T60/><REACH who="0" step="1"/><D8/><REACH who="0" ten="300,36,481,173" step="2"/><U94/><E94/><V59/><F18/><W106/><G106/><T52/><D52/><U124/><E124/><V12/><F55/><W1/><G83/><T126/><D126/><U123/><E123/><V132/><F132/><W113/><G113/><T76/><D76/><U109/><E109/><V22/><F40/><W78/><G78/><T2/><D2/><U118/><E118/><V103/><F36/><W72/><G72/><T90/><D90/><U48/><E48/><V133/><F133/><W130/><G130/><T30/><D30/><U68/><E68/><V67/><F70/><W85/><G85/><T7/><D7/><AGARI ba="4,1" hai="0,1,5,7,10,11,13,16,23,24,26,27,88,89" machi="7" ten="40,7700,0" yaku="9,1,54,2" doraHai="65" who="3" fromWho="0" sc="300,-89,36,0,481,0,173,99" />
</Scene>
<Scene>
<INIT seed="7,5,0,5,2,64" ten="211,36,481,272" oya="3" hai0="4,15,20,95,112,90,10,115,130,65,51,76,0" hai1="132,114,73,111,26,135,39,16,134,131,107,101,46" hai2="24,8,127,28,108,99,109,124,86,94,43,81,14" hai3="119,47,49,9,6,63,78,19,55,100,77,96,5"/><W61/><G19/><T1/><D76/><U40/><E40/><V98/><F43/><W116/><G119/><T59/><D130/><U87/><E87/><V31/><F81/><W21/><G21/><T25/><D65/><U71/><E71/><V68/><F68/><W74/><G116/><T54/><D112/><U121/><E121/><V89/><F86/><W80/><G78/><T34/><D34/><U117/><E117/><V37/><F37/><W12/><REACH who="3" step="1"/><G6/><REACH who="3" ten="211,36,481,262" step="2"/><T118/><D118/><U22/><E22/><N who="2" m="15383" /><F31/><W33/><G33/><T126/><D115/><U60/><E60/><V72/><F109/><W102/><G102/><T17/><REACH who="0" step="1"/><D126/><REACH who="0" ten="201,36,481,262" step="2"/><U11/><E11/><V82/><F108/><W42/><G42/><T70/><D70/><U84/><E84/><AGARI ba="5,2" hai="0,1,4,10,15,17,20,25,51,54,59,84,90,95" machi="84" ten="30,2000,0" yaku="1,1,7,1,53,0" doraHai="64" doraHaiUra="41" who="0" fromWho="1" sc="201,55,36,-35,481,0,262,0" owari="256,-14.0,1,-50.0,481,58.0,262,6.0" />
</Scene>
</mjloggm>