<mjloggm ver="2.3"><GO type="129"/><UN n0="%E2%86%91%E3%81%93%E3%81%AE%E4%BA%BA%E7%A2%BA%E5%A4%89" n1="%E3%82%AB%E3%83%83%E3%82%B9%E3%83%A9%E3%83%BC" n2="%E8%A5%BF%E5%B0%82%E7%94%A8%E3%82%B6%E3%82%AF" n3="%E5%A4%AA%E3%81%8F%E3%81%AA%E3%81%84%E3%81%8A" dan="8,7,9,8" rate="1679,1609,1741,1689" sx="M,F,M,M"/><TAIKYOKU oya="0"/>

<Scene>
<INIT seed="0,0,0,4,2,110" ten="250,250,250,250" oya="0" hai0="129,95,1,9,28,75,60,6,92,43,96,66,41" hai1="114,27,104,132,126,51,113,123,24,102,36,81,73" hai2="39,63,23,99,80,89,65,101,59,44,135,83,128" hai3="34,72,25,11,37,77,79,94,17,49,50,58,111"/><T124/><D75/><U98/><E123/><V15/><F128/><W127/><G37/><T16/><D129/><U5/><E36/><V68/><F135/><W84/><G111/><T30/><D124/><U76/><E132/><V109/><F109/><W0/><G127/><T67/><D67/><U71/><E126/><V90/><F68/><W18/><G72/><T93/><D96/><U54/><E5/><V12/><F39/><W14/><G0/><T103/><D103/><U125/><E71/><V7/><F44/><W97/><G34/><T119/><D119/><U131/><E131/><V8/><F101/><W38/><G38/><T133/><D133/><U48/><E125/><V46/><F99/><W120/><G120/><T31/><REACH who="0" step="1"/><D16/><REACH who="0" ten="240,250,250,250" step="2"/><U85/><E73/><V45/><F65/><W64/><G64/><T26/><D26/><N who="1" m="9771" /><E54/><V13/><F7/><W3/><G25/><T56/><AGARI ba="0,1" hai="1,6,9,28,30,31,41,43,56,60,66,92,93,95" machi="56" ten="30,6000,0" yaku="1,1,0,1,53,1" doraHai="110" doraHaiUra="2" who="0" fromWho="0" sc="240,70,250,-20,250,-20,250,-20" />
</Scene>
<Scene>
<INIT seed="0,1,0,0,2,18" ten="310,230,230,230" oya="0" hai0="89,95,22,104,87,38,73,52,68,132,78,60,69" hai1="55,79,119,49,56,103,74,58,34,19,110,35,81" hai2="10,84,88,71,48,50,39,2,80,99,53,37,129" hai3="72,100,4,101,44,91,126,97,8,109,25,41,93"/><T115/><D115/><U65/><E119/><V43/><F71/><W128/><G72/><T92/><D38/><U23/><E110/><V134/><F129/><W33/><G109/><T16/><D104/><U0/><E0/><V40/><F134/><W96/><G128/><T62/><D132/><U123/><E123/><V106/><F37/><W117/><G117/><T98/><D73/><U67/><E103/><V111/><F111/><W90/><G126/><T47/><D78/><U113/><E113/><V105/><F99/><W85/><G33/><T102/><D62/><U7/><E7/><V107/><F39/><W114/><G114/><T27/><REACH who="0" step="1"/><D47/><REACH who="0" ten="300,230,230,230" step="2"/><U116/><E116/><V6/><REACH who="2" step="1"/><F50/><REACH who="2" ten="300,230,220,230" step="2"/><N who="3" m="26895" /><G101/><T13/><D13/><U32/><REACH who="1" step="1"/><E58/><AGARI ba="1,2" hai="2,6,10,40,43,48,53,58,80,84,88,105,106,107" machi="58" ten="40,5200,0" yaku="1,1,54,1,53,1" doraHai="18" doraHaiUra="77" who="2" fromWho="1" sc="300,0,230,-55,220,75,230,0" /><AGARI ba="1,0" hai="16,22,27,52,58,60,68,69,87,89,92,95,98,102" machi="58" ten="40,12000,1" yaku="1,1,52,1,54,2,53,0" doraHai="18" doraHaiUra="77" who="0" fromWho="1" sc="300,120,175,-120,295,0,230,0" /><BYE who="1" />
</Scene>
<Scene>
<INIT seed="0,2,0,4,5,129" ten="420,55,295,230" oya="0" hai0="69,117,127,89,14,40,72,88,81,84,5,16,121" hai1="18,66,25,108,17,0,35,130,83,111,103,49,96" hai2="73,53,31,1,44,97,12,109,95,106,27,104,132" hai3="24,91,77,50,74,42,9,23,79,22,76,59,110"/><T133/><D121/><U55/><E55/><V20/><F1/><W71/><G71/><T61/><D117/><U6/><E6/><V48/><F109/><W67/><G110/><T64/><D127/><U102/><E102/><V85/><F73/><W126/><G126/><T56/><D72/><U92/><E92/><V21/><F132/><W124/><G124/><T78/><D133/><U45/><E45/><V118/><F85/><W28/><G74/><T119/><D119/><U37/><E37/><V29/><F118/><W8/><G23/><T4/><D69/><U94/><E94/><V2/><F2/><W114/><G114/><T75/><D40/><U32/><E32/><V11/><F21/><W63/><G91/><N who="0" m="34891" /><D75/><U46/><E46/><AGARI ba="2,0" hai="8,9,22,24,28,42,46,50,59,63,67,76,77,79" machi="46" ten="40,1300,0" yaku="8,1" doraHai="129" who="3" fromWho="1" sc="420,0,55,-19,295,0,230,19" />
</Scene>
<Scene>
<INIT seed="1,0,0,2,4,115" ten="420,36,295,249" oya="1" hai0="114,119,102,95,57,58,126,76,134,67,94,106,8" hai1="28,4,93,121,20,108,0,77,65,96,13,87,3" hai2="92,30,70,56,7,86,85,110,83,25,82,130,50" hai3="14,54,23,132,61,24,34,88,2,135,129,128,75"/><U36/><E36/><V111/><F70/><W43/><G75/><T71/><D114/><U69/><E69/><V100/><F130/><N who="3" m="50283" /><G2/><T112/><D112/><U101/><E101/><V103/><F7/><W31/><G43/><T15/><D76/><U116/><E116/><V79/><F92/><W33/><G88/><T120/><D120/><U105/><E105/><V35/><F56/><N who="3" m="34967" /><G14/><T38/><D15/><U80/><E80/><V16/><F50/><W91/><G91/><T53/><D102/><U55/><E55/><V41/><F41/><W109/><G109/><N who="2" m="41481" /><F16/><W29/><G29/><T52/><D38/><U51/><E51/><V90/><AGARI ba="0,0" hai="25,30,35,79,82,83,85,86,90,100,103" m="41481" machi="90" ten="30,1100,0" yaku="14,1" doraHai="115" who="2" fromWho="2" sc="420,-3,36,-5,295,11,249,-3" />
</Scene>
<Scene>
<INIT seed="2,0,0,5,4,26" ten="417,31,306,246" oya="2" hai0="107,54,27,39,77,52,106,10,0,132,103,44,80" hai1="40,1,101,37,62,112,97,116,92,117,21,102,45" hai2="3,81,127,5,73,95,11,72,84,122,71,17,67" hai3="43,86,125,111,99,105,82,108,75,57,35,4,94"/><V14/><F122/><W69/><G69/><T134/><D27/><U7/><E7/><V34/><F34/><W51/><G35/><T49/><D39/><U65/><E65/><V120/><F120/><W118/><G118/><T126/><D54/><U48/><E48/><V100/><F127/><W104/><G125/><T98/><D126/><U66/><E66/><V13/><F67/><W6/><G75/><T36/><D36/><U63/><E63/><V68/><F68/><W93/><G43/><T121/><D121/><U22/><E22/><V79/><F71/><W133/><G133/><N who="0" m="51307" /><D10/><U53/><E53/><V24/><F24/><W9/><G51/><T18/><D18/><U96/><E96/><V12/><REACH who="2" step="1"/><F17/><REACH who="2" ten="417,31,296,246" step="2"/><W129/><G4/><T87/><D0/><U128/><E128/><V60/><F60/><W19/><G6/><T123/><D123/><U88/><E88/><V8/><F8/><W23/><G9/><T135/><D135/><U70/><E70/><V83/><F83/><W114/><G19/><T38/><D38/><U55/><E55/><V59/><F59/><W56/><G56/><T15/><D15/><U109/><E109/><V74/><F74/><W76/><G111/><T91/><D91/><U25/><E25/><V30/><F30/><W58/><G108/><T64/><D64/><U28/><E28/><V33/><F33/><W41/><G57/><T46/><D46/><U85/><E85/><V115/><F115/><W42/><G114/><T113/><D113/><U131/><E131/><V31/><F31/><W32/><G129/><T130/><D130/><RYUUKYOKU ba="0,1" sc="417,15,31,-15,296,15,246,-15" hai0="44,49,52,77,80,87,98,103,106,107" hai2="3,5,11,12,13,14,72,73,79,81,84,95,100" />
</Scene>
<Scene>
<INIT seed="2,1,1,5,0,81" ten="432,16,311,231" oya="2" hai0="40,21,28,109,5,64,37,103,24,73,32,56,11" hai1="100,61,20,131,83,31,80,66,119,111,15,45,78" hai2="101,54,50,65,76,41,115,35,123,29,77,124,87" hai3="63,16,105,0,49,130,39,98,71,82,42,114,134"/><V48/><F123/><W74/><G49/><T126/><D73/><U127/><E127/><V96/><F115/><W113/><G0/><T19/><D126/><U23/><E23/><V132/><F124/><W44/><G130/><T97/><D109/><U121/><E121/><V129/><F129/><W117/><G117/><T93/><D37/><U43/><E43/><V38/><F38/><W33/><G33/><T99/><D40/><U116/><E116/><V58/><F132/><W47/><G47/><T10/><D99/><U67/><E67/><V60/><F41/><W91/><G134/><T59/><D64/><U70/><E70/><V122/><F122/><W62/><G16/><T13/><D10/><U2/><E2/><AGARI ba="1,1" hai="2,5,11,13,19,21,24,28,32,56,59,93,97,103" machi="2" ten="30,3900,0" yaku="7,1,24,2" doraHai="81" who="0" fromWho="1" sc="432,52,16,-42,311,0,231,0" owari="484,59.0,-26,-53.0,311,11.0,231,-17.0" />
</Scene>
</mjloggm>