<mjloggm ver="2.3"><GO type="97"/><UN n0="%E5%A4%AA%E3%81%8F%E3%81%AA%E3%81%84%E3%81%8A" n1="%44%72%61%6C%69%6F%6E" n2="%E5%85%83%E3%81%84%E3%81%A1%E3%81%94%E7%A4%BE%E5%93%A1" n3="%E9%BB%84%E5%BF%A0%E3%81%95%E3%82%93" dan="13,14,13,13" rate="2011,1878,1856,1868" sx="M,M,M,M"/><TAIKYOKU oya="0"/>

<Scene>
<INIT seed="0,0,0,1,0,32" ten="250,250,250,250" oya="0" hai0="77,114,11,55,74,58,112,131,65,119,17,105,57" hai1="72,75,96,102,135,48,128,50,37,28,100,84,110" hai2="80,87,53,133,82,120,12,71,98,13,54,129,63" hai3="23,104,21,47,46,118,115,20,103,76,86,130,14"/><T42/><D119/><U94/><E110/><V78/><F120/><W2/><G118/><T24/><D105/><U99/><E37/><V4/><F129/><W68/><G68/><T22/><D131/><U124/><E128/><V49/><F133/><W52/><G130/><T38/><D42/><U3/><E135/><V117/><F117/><W1/><G115/><T122/><D38/><U30/><E124/><V19/><F98/><W134/><G134/><T7/><D122/><U91/><E84/><V61/><F71/><W9/><G103/><T26/><D26/><U83/><E83/><V41/><F41/><W88/><G76/><T111/><D111/><U34/><E94/><V25/><F25/><W69/><G69/><T125/><D125/><U95/><E95/><V64/><F64/><W51/><G47/><T31/><D31/><U89/><E34/><V5/><F82/><W116/><G104/><T10/><D65/><U35/><E35/><V93/><F93/><W43/><G43/><T90/><D90/><U0/><AGARI ba="0,0" hai="0,3,28,30,48,50,72,75,89,91,96,99,100,102" machi="0" ten="25,8000,1" yaku="0,1,22,2,52,2" doraHai="32" who="1" fromWho="1" sc="250,-40,250,80,250,-20,250,-20" />
</Scene>
<Scene>
<INIT seed="1,0,0,4,3,130" ten="210,330,230,230" oya="1" hai0="98,76,120,23,93,101,13,61,37,6,103,48,75" hai1="80,51,92,108,89,22,69,77,109,44,135,54,12" hai2="7,46,40,97,19,64,106,26,21,3,113,121,2" hai3="117,96,100,16,59,17,67,35,5,78,18,115,53"/><U123/><E123/><V8/><F121/><W105/><G35/><T14/><D120/><U25/><E69/><V132/><F113/><W111/><G111/><N who="1" m="42570" /><E12/><V125/><F125/><W29/><G29/><T4/><D37/><U0/><E0/><V87/><F64/><W11/><G115/><T57/><D103/><U63/><E63/><V128/><F128/><W82/><G67/><T127/><D127/><U28/><E80/><V133/><F87/><W85/><G117/><T79/><D48/><U81/><E81/><V90/><F3/><W52/><REACH who="3" step="1"/><G59/><REACH who="3" ten="210,330,230,220" step="2"/><T24/><D57/><U116/><E116/><V33/><F33/><W124/><G124/><T72/><D72/><U73/><E73/><V70/><F70/><W39/><G39/><T131/><D75/><U36/><E36/><V50/><REACH who="2" step="1"/><F90/><REACH who="2" ten="210,330,220,220" step="2"/><W38/><G38/><T10/><D131/><U86/><E77/><V62/><F62/><W34/><G34/><T27/><D61/><U110/><N who="1" m="42578" /><U60/><DORA hai="107" /><E60/><V74/><F74/><W49/><G49/><T112/><D112/><U65/><E65/><V134/><F134/><AGARI ba="0,2" hai="22,25,28,44,51,54,86,89,92,134,135" m="42578" machi="134" ten="40,12000,1" yaku="14,1,10,1,52,2" doraHai="130,107" who="1" fromWho="2" sc="210,0,330,140,220,-120,220,0" />
</Scene>
<Scene>
<INIT seed="1,1,0,0,0,36" ten="210,470,100,220" oya="1" hai0="86,112,11,79,10,2,82,110,68,105,59,129,31" hai1="30,56,22,63,108,53,13,90,99,113,135,77,73" hai2="18,65,103,133,25,118,115,1,46,111,84,102,39" hai3="120,93,131,3,70,121,8,85,21,38,23,44,107"/><U52/><E113/><V123/><F65/><W96/><G107/><T58/><D68/><U61/><E135/><V4/><F84/><W87/><G70/><T35/><D105/><U41/><E108/><V50/><F39/><W33/><G33/><T134/><D110/><U69/><E73/><V29/><F111/><W34/><G34/><T124/><D112/><U6/><E77/><V114/><F118/><W117/><G117/><T0/><D134/><U12/><E69/><V66/><F133/><W67/><G67/><T24/><D124/><U75/><E75/><V48/><F66/><W19/><G23/><T132/><D132/><U62/><E41/><V72/><F18/><W16/><G87/><T95/><D129/><U101/><E90/><V76/><F123/><W55/><G85/><T54/><D95/><N who="1" m="58623" /><E53/><V40/><F115/><W127/><G131/><T94/><D94/><U57/><E57/><V97/><F114/><W43/><G55/><T17/><D59/><U83/><E83/><V104/><F103/><W9/><G127/><T60/><REACH who="0" step="1"/><D17/><REACH who="0" ten="200,470,100,220" step="2"/><N who="1" m="10535" /><E30/><V98/><F29/><W92/><G92/><T88/><D88/><U28/><E28/><V130/><F130/><W45/><G93/><T78/><D78/><U122/><E122/><V116/><F76/><W109/><G109/><T119/><D119/><U37/><E37/><V49/><F116/><W20/><G38/><T80/><D80/><U128/><E128/><V100/><F104/><W126/><G126/><T42/><D42/><U51/><E6/><V7/><F40/><W89/><G43/><T47/><D47/><RYUUKYOKU ba="1,1" sc="200,15,470,15,100,-15,220,-15" hai0="0,2,10,11,24,31,35,54,58,60,79,82,86" hai1="13,51,52,56,61,62,63" />
</Scene>
<Scene>
<INIT seed="1,2,1,4,0,129" ten="215,485,85,205" oya="1" hai0="2,130,64,132,24,122,1,35,15,17,110,98,7" hai1="27,80,115,46,28,42,9,106,51,82,119,67,100" hai2="104,59,108,105,48,72,97,73,71,39,38,123,133" hai3="10,131,74,32,11,102,40,23,112,61,30,87,75"/><U134/><E119/><V57/><F48/><W70/><G131/><T107/><D64/><U111/><E115/><V83/><F97/><W65/><G40/><T85/><D130/><U18/><E111/><V58/><F83/><W29/><G29/><N who="0" m="19879" /><D85/><U99/><E134/><V33/><F33/><W14/><G87/><T88/><D88/><U69/><E18/><V56/><F56/><W120/><G120/><T62/><D62/><N who="1" m="40183" /><E9/><V116/><F71/><W16/><G112/><T53/><D53/><U92/><E92/><V81/><F81/><W63/><G63/><T41/><D41/><U96/><E96/><V4/><F4/><W95/><G75/><T89/><D89/><U8/><E8/><V20/><F20/><W49/><G49/><T126/><D98/><U31/><E31/><V34/><F34/><AGARI ba="2,1" hai="27,28,34,42,46,51,80,82,99,100,106" m="40183" machi="34" ten="30,1500,0" yaku="25,1" doraHai="129" who="1" fromWho="2" sc="215,0,485,31,85,-21,205,0" />
</Scene>
<Scene>
<INIT seed="1,3,0,3,4,110" ten="215,516,64,205" oya="1" hai0="95,39,82,80,13,34,124,57,88,135,21,102,56" hai1="134,75,115,8,104,96,11,105,46,91,5,107,23" hai2="77,30,10,55,50,17,52,28,120,67,54,76,40" hai3="101,60,98,36,64,31,65,72,126,38,22,117,9"/><U43/><E115/><V61/><F120/><W100/><G72/><T133/><D34/><U112/><E75/><V37/><F37/><W79/><G79/><T73/><D39/><U125/><E112/><V48/><F40/><W83/><G83/><N who="0" m="31787" /><D102/><U121/><E121/><V99/><F99/><W6/><G101/><T132/><D73/><U111/><E134/><V103/><F103/><W97/><G97/><N who="0" m="57575" /><D124/><U89/><E125/><V49/><F67/><W41/><G65/><T33/><D33/><U51/><E111/><V59/><F61/><W4/><G117/><T131/><D131/><U70/><E70/><V84/><F59/><W15/><G41/><T42/><D42/><U18/><E96/><V53/><N who="2" m="13824" /><DORA hai="123" /><V71/><F84/><W12/><G126/><T19/><AGARI ba="3,0" hai="13,19,21,56,57,132,133,135" m="57575,31787" machi="19" ten="40,2700,0" yaku="20,1,54,1" doraHai="110,123" who="0" fromWho="0" sc="215,36,516,-16,64,-10,205,-10" />
</Scene>
<Scene>
<INIT seed="2,0,0,0,3,81" ten="251,500,54,195" oya="2" hai0="95,61,48,118,102,75,23,7,67,60,46,16,92" hai1="70,111,9,12,66,114,15,132,99,103,30,24,51" hai2="32,21,25,128,57,112,39,77,34,126,98,33,130" hai3="116,29,94,79,72,35,131,119,104,93,62,42,11"/><V58/><F39/><W52/><G104/><T105/><D75/><U59/><E114/><V55/><F112/><W6/><G131/><N who="2" m="50217" /><F126/><W41/><G93/><T68/><D7/><U120/><E111/><V1/><F1/><W47/><G42/><T86/><D61/><U64/><E132/><V129/><N who="2" m="50225" /><V122/><DORA hai="108" /><F122/><W127/><G94/><T97/><D86/><U4/><E120/><V18/><F77/><W14/><G29/><T123/><D118/><U107/><E70/><V63/><F98/><W85/><G72/><T53/><REACH who="0" step="1"/><D123/><REACH who="0" ten="241,500,54,195" step="2"/><U124/><E124/><V26/><F58/><W28/><G127/><T56/><D56/><U110/><E110/><V80/><F80/><W3/><G62/><T113/><D113/><U100/><E66/><V5/><F5/><W20/><G6/><T44/><D44/><U74/><E74/><V109/><F109/><W19/><G47/><T2/><D2/><U101/><E64/><V106/><F106/><W8/><G3/><T36/><D36/><U31/><E59/><V73/><F73/><W49/><G119/><T71/><D71/><U27/><E51/><V115/><F115/><W65/><G49/><T89/><D89/><U54/><E54/><V69/><F69/><W17/><G52/><T13/><AGARI ba="0,1" hai="13,16,23,46,48,53,60,67,68,92,95,97,102,105" machi="13" ten="20,8000,1" yaku="1,1,0,1,7,1,54,1,53,1" doraHai="81,108" doraHaiUra="133,96" who="0" fromWho="0" sc="241,90,500,-20,54,-40,195,-20" />
</Scene>
<Scene>
<INIT seed="3,0,0,1,5,38" ten="331,480,14,175" oya="3" hai0="82,64,47,67,68,88,37,34,17,86,42,63,56" hai1="27,101,109,20,114,76,6,25,111,44,30,18,39" hai2="78,2,1,28,133,121,135,108,87,80,19,23,48" hai3="81,110,21,66,22,120,130,71,50,3,15,55,123"/><W41/><G3/><T129/><D129/><U77/><E114/><V57/><F28/><W53/><G130/><T45/><D34/><N who="1" m="20815" /><E101/><V11/><F121/><W122/><G110/><N who="1" m="41994" /><E6/><V54/><F108/><W35/><G35/><T72/><D72/><U14/><E14/><V125/><F125/><W0/><G0/><T83/><D67/><U115/><E115/><V36/><F36/><W24/><G71/><T65/><D65/><U46/><E39/><V43/><F43/><W13/><G66/><T103/><D103/><U31/><E31/><V134/><REACH who="2" step="1"/><F11/><REACH who="2" ten="331,480,4,175" step="2"/><W79/><G41/><T73/><D45/><AGARI ba="0,1" hai="18,20,27,44,45,46,76,77" m="41994,20815" machi="45" ten="30,1000,0" yaku="14,1" doraHai="38" who="1" fromWho="0" sc="331,-10,480,20,4,0,175,0" owari="321,12.0,500,60.0,4,-50.0,175,-22.0" />
</Scene>
</mjloggm>