<mjloggm ver="2.3"><GO type="41"/><UN n0="%E5%A4%AA%E3%81%8F%E3%81%AA%E3%81%84%E3%81%8A" n1="%E3%81%AC%E3%82%8B%E8%8C%B6" n2="%E2%98%85%E3%82%A2%E3%83%AB%E3%83%86%E3%83%9F%E3%82%B9%E2%98%85" n3="%E9%A6%99%E5%9D%82%E5%BC%BE%E6%AD%A3" dan="15,13,13,14" rate="2055,1873,1899,1859" sx="M,M,F,M"/><TAIKYOKU oya="0"/>

<Scene>
<INIT seed="0,0,0,1,1,44" ten="250,250,250,250" oya="0" hai0="15,18,70,63,87,5,93,53,11,4,56,84,26" hai1="14,118,116,61,120,21,48,127,32,69,46,36,132" hai2="112,43,7,65,115,100,123,9,22,23,128,102,34" hai3="29,49,114,37,6,99,126,19,121,107,41,25,28"/><T104/><D104/><U68/><E32/><V97/><F123/><W103/><G121/><T135/><D135/><U0/><E0/><V27/><F34/><W57/><G114/><T91/><D70/><N who="1" m="27243" /><E21/><V71/><F43/><W77/><G37/><T81/><REACH who="0" step="1"/><D26/><REACH who="0" ten="240,250,250,250" step="2"/><U38/><E132/><V1/><F27/><W94/><G107/><T73/><D73/><U58/><E120/><V31/><F115/><W76/><G25/><T66/><D66/><N who="1" m="39223" /><E127/><V2/><F65/><W8/><G126/><T55/><D55/><N who="1" m="30103" /><E14/><V74/><F74/><W35/><G35/><T54/><D54/><U80/><E80/><V82/><F82/><W40/><G29/><T96/><D96/><U85/><E85/><V130/><F97/><W129/><G28/><T125/><D125/><U95/><E95/><V20/><F31/><W16/><G94/><T67/><D67/><U79/><E79/><AGARI ba="0,1" hai="4,5,11,15,18,53,56,63,79,81,84,87,91,93" machi="79" ten="30,5800,0" yaku="1,1,7,1,8,1,53,0" doraHai="44" doraHaiUra="117" who="0" fromWho="1" sc="240,68,250,-58,250,0,250,0" />
</Scene>
<Scene>
<INIT seed="0,1,0,5,5,36" ten="308,192,250,250" oya="0" hai0="66,44,40,68,71,81,53,89,96,79,123,43,115" hai1="47,27,61,70,97,34,65,24,94,124,133,92,49" hai2="82,52,120,56,62,57,119,116,72,46,63,2,130" hai3="17,9,33,88,129,25,69,132,10,21,60,77,87"/><T32/><D123/><U16/><E124/><V128/><F2/><W75/><G75/><T73/><D115/><U5/><E5/><V14/><F72/><W26/><G77/><T45/><D32/><U18/><E133/><V103/><F103/><W0/><G132/><T3/><D3/><U58/><E70/><V29/><F29/><W8/><G129/><N who="2" m="49769" /><F82/><W35/><G0/><T80/><D53/><U106/><E106/><V42/><F14/><W19/><G69/><T114/><D114/><U118/><E118/><N who="2" m="45099" /><F120/><W38/><G38/><T90/><D66/><U67/><E67/><N who="2" m="39367" /><F46/><W48/><G60/><T91/><D96/><U39/><E39/><V135/><F135/><W7/><G7/><T22/><D22/><U15/><E34/><V50/><F50/><W59/><G48/><T99/><D99/><U110/><E110/><V4/><F4/><W102/><G102/><T30/><D30/><U78/><E78/><V100/><F100/><W111/><G33/><T95/><D90/><U126/><E126/><V86/><F86/><W127/><G127/><T13/><D79/><U98/><E97/><V104/><F104/><W1/><G1/><T112/><D13/><U55/><E94/><V20/><F20/><W37/><G35/><T28/><D28/><U6/><E6/><V54/><F54/><W85/><G37/><T101/><D101/><N who="1" m="60615" /><E18/><V84/><F84/><W125/><G85/><T121/><D95/><U76/><E76/><V93/><F93/><W108/><G125/><T109/><D73/><U51/><E51/><V74/><F74/><W31/><G111/><RYUUKYOKU ba="1,0" sc="308,-15,192,15,250,15,250,-15" hai1="15,16,24,27,47,49,55,58,61,65" hai2="42,52,57,63" />
</Scene>
<Scene>
<INIT seed="1,2,0,0,5,66" ten="293,207,265,235" oya="1" hai0="79,133,34,33,5,14,56,13,59,114,11,72,82" hai1="9,63,91,135,81,18,39,99,73,127,112,121,45" hai2="24,102,37,15,35,71,22,21,62,16,108,31,68" hai3="84,44,111,134,113,61,76,3,110,132,95,2,10"/><U26/><E121/><V25/><F37/><W28/><G113/><T116/><D114/><U125/><E112/><V57/><F102/><W100/><G28/><T80/><D116/><U129/><E129/><V77/><F77/><W7/><G2/><T42/><D133/><N who="3" m="51305" /><G44/><T89/><D42/><U36/><E135/><V47/><F47/><W83/><G61/><T58/><REACH who="0" step="1"/><D14/><REACH who="0" ten="283,207,265,235" step="2"/><U19/><E125/><V12/><F108/><W105/><G110/><T98/><D98/><U0/><E99/><V123/><F123/><W30/><G111/><T54/><D54/><U86/><E0/><V109/><F109/><W69/><G3/><T103/><D103/><U104/><E127/><V6/><F12/><W118/><G100/><T43/><D43/><U88/><E26/><V130/><F130/><W65/><G118/><T107/><D107/><U93/><E104/><V96/><F96/><W117/><G105/><T27/><D27/><U51/><E39/><V1/><F1/><W126/><G117/><T131/><D131/><U115/><E36/><V70/><F6/><W75/><G126/><T74/><D74/><U64/><E73/><V29/><REACH who="2" step="1"/><F57/><REACH who="2" ten="283,207,255,235" step="2"/><W90/><G75/><T67/><D67/><AGARI ba="2,2" hai="15,16,21,22,24,25,29,31,35,62,67,68,70,71" machi="67" ten="40,12000,2" yaku="1,1,2,1,52,3,54,1,53,0" doraHai="66" doraHaiUra="119" who="2" fromWho="0" sc="283,-126,207,0,255,146,235,0" />
</Scene>
<Scene>
<INIT seed="2,0,0,0,4,91" ten="157,207,401,235" oya="2" hai0="10,8,128,39,21,106,22,5,28,133,12,88,3" hai1="127,19,14,35,16,17,89,95,64,110,107,72,102" hai2="70,47,119,31,46,42,108,57,85,41,65,124,29" hai3="86,13,48,18,129,23,24,56,15,117,52,78,37"/><V59/><F119/><W93/><G117/><T61/><D39/><U32/><E110/><V105/><F105/><W84/><G37/><T34/><D106/><U81/><E127/><V66/><F124/><W74/><G129/><T75/><D75/><U109/><E109/><V71/><F85/><W20/><G74/><T51/><D61/><U120/><E120/><V25/><F25/><W100/><G78/><T0/><D51/><U116/><E116/><V44/><F47/><W2/><G2/><N who="0" m="55" /><D88/><U103/><E107/><V38/><F38/><W49/><G49/><T134/><D128/><U54/><E64/><V96/><F96/><N who="3" m="59407" /><G15/><T112/><D112/><U1/><E14/><V36/><F36/><W98/><G98/><T4/><D134/><U58/><E1/><N who="0" m="585" /><D133/><U40/><E72/><V90/><F90/><W114/><G114/><T7/><D7/><U68/><E40/><V67/><F66/><W73/><G73/><T83/><D83/><U113/><E81/><V60/><F60/><W33/><G33/><N who="1" m="12874" /><E113/><V77/><F77/><W30/><AGARI ba="0,0" hai="13,18,20,23,24,30,48,52,56,84,86" m="59407" machi="30" ten="30,4000,0" yaku="8,1,52,1,54,1" doraHai="91" who="3" fromWho="3" sc="157,-10,207,-10,401,-20,235,40" />
</Scene>
<Scene>
<INIT seed="3,0,0,2,4,12" ten="147,197,381,275" oya="3" hai0="122,25,116,96,7,74,66,78,97,114,16,95,22" hai1="33,126,102,43,59,4,94,20,36,9,129,108,0" hai2="60,71,5,53,34,70,113,39,127,119,123,109,87" hai3="93,86,14,132,52,100,41,68,125,35,49,99,118"/><W13/><G118/><T111/><D116/><U31/><E108/><V79/><F113/><W124/><G35/><T105/><D122/><U47/><E126/><N who="3" m="48746" /><G68/><T90/><D111/><U64/><E129/><V76/><F119/><W107/><G41/><T133/><D114/><U134/><E33/><V61/><F109/><W98/><G132/><T104/><D133/><U85/><E134/><V32/><F39/><W77/><G86/><T88/><D66/><U51/><E31/><V42/><F42/><W91/><G77/><T8/><D78/><U73/><E73/><V38/><F127/><W29/><G29/><T40/><D40/><U19/><E102/><V130/><F38/><W30/><G30/><T69/><D69/><U62/><E36/><V83/><F79/><W27/><G27/><T112/><D74/><U18/><REACH who="1" step="1"/><E20/><REACH who="1" ten="147,187,381,275" step="2"/><V11/><F34/><W63/><G100/><T46/><D112/><U55/><E55/><V67/><F53/><W75/><G52/><T110/><D110/><U57/><E57/><V37/><F32/><W45/><G75/><T50/><D46/><U117/><E117/><V89/><F71/><W6/><G45/><T72/><D72/><U135/><E135/><V131/><F70/><W54/><G54/><T3/><D50/><U65/><E65/><V120/><F67/><W23/><G49/><T80/><D80/><U48/><E48/><V28/><F83/><W21/><G23/><T82/><D82/><U1/><E1/><V106/><F131/><W121/><G21/><T24/><D24/><U56/><E56/><V26/><F130/><RYUUKYOKU ba="0,1" sc="147,15,187,15,381,-15,275,-15" hai0="3,7,8,16,22,25,88,90,95,96,97,104,105" hai1="0,4,9,18,19,43,47,51,59,62,64,85,94" />
</Scene>
<Scene>
<INIT seed="4,1,1,2,0,78" ten="162,202,366,260" oya="0" hai0="36,92,12,37,34,71,109,23,44,19,115,31,58" hai1="70,9,101,117,119,65,88,97,67,118,15,86,85" hai2="13,135,39,45,74,43,93,24,6,25,107,112,106" hai3="73,72,28,123,132,18,105,122,4,16,51,110,114"/><T69/><D115/><U53/><E53/><V1/><F1/><W130/><G114/><T66/><D109/><U64/><E70/><V113/><F113/><W27/><G110/><T3/><D3/><U8/><E101/><V76/><F112/><W41/><G105/><T98/><D58/><U108/><E108/><V95/><F135/><W103/><G132/><T26/><D66/><U81/><E97/><V80/><F106/><W57/><G103/><T99/><D99/><U50/><E50/><V124/><F107/><W89/><G4/><T128/><D128/><U102/><E102/><V129/><F129/><W10/><G130/><T42/><REACH who="0" step="1"/><D37/><REACH who="0" ten="152,202,366,260" step="2"/><U96/><E96/><V131/><F131/><W63/><G57/><T111/><D111/><U127/><E127/><V32/><F124/><W87/><G123/><T52/><D52/><U77/><REACH who="1" step="1"/><E15/><REACH who="1" ten="152,192,366,260" step="2"/><V75/><F13/><W61/><G122/><T22/><D22/><U60/><E60/><V2/><F2/><W84/><G63/><T116/><D116/><U68/><E68/><V133/><F133/><W21/><G61/><T54/><D54/><U59/><E59/><V46/><F39/><W14/><G21/><T55/><D55/><U91/><E91/><AGARI ba="1,3" hai="12,19,23,26,31,34,36,42,44,69,71,91,92,98" machi="91" ten="30,5800,0" yaku="1,1,7,1,53,1" doraHai="78" doraHaiUra="30" who="0" fromWho="1" sc="152,91,192,-61,366,0,260,0" />
</Scene>
<Scene>
<INIT seed="4,2,0,5,4,13" ten="243,131,366,260" oya="0" hai0="22,92,37,109,112,132,8,71,93,15,108,130,91" hai1="10,26,127,88,44,51,135,110,95,57,68,126,77" hai2="75,86,66,49,114,82,46,53,81,124,16,74,9" hai3="99,62,100,134,133,106,18,2,120,17,7,54,25"/><T97/><D71/><U39/><E68/><V102/><F102/><W19/><G120/><T83/><D37/><U90/><E110/><N who="0" m="42601" /><D112/><U48/><E77/><V3/><F3/><W42/><G42/><T40/><D130/><U89/><E135/><N who="3" m="51722" /><G7/><N who="0" m="3487" /><D132/><U107/><E107/><V103/><F114/><W69/><G2/><T125/><D125/><N who="1" m="47627" /><E39/><V36/><F36/><W78/><G78/><T116/><D116/><U4/><E26/><V113/><F113/><W30/><G30/><T27/><D40/><N who="1" m="24583" /><E57/><V20/><F124/><W55/><G55/><T45/><D45/><U119/><E51/><V96/><F46/><W87/><G87/><T38/><D38/><U12/><E119/><V121/><F49/><W73/><G73/><T60/><D60/><U80/><E80/><V84/><F81/><W94/><G106/><T28/><D83/><U63/><E63/><V23/><F82/><W85/><G85/><AGARI ba="2,0" hai="4,10,12,85,88,89,90,95" m="24583,47627" machi="85" ten="30,2000,0" yaku="18,1,54,1" doraHai="13" who="1" fromWho="3" sc="243,0,131,26,366,0,260,-26" />
</Scene>
<Scene>
<INIT seed="5,0,0,2,0,85" ten="243,157,366,234" oya="1" hai0="131,73,67,105,90,8,15,69,56,116,104,42,52" hai1="43,68,81,66,135,79,110,16,109,83,114,51,77" hai2="128,1,74,30,11,28,125,5,10,64,124,25,57" hai3="133,34,88,93,36,50,48,24,130,29,78,99,40"/><U7/><E7/><N who="2" m="1391" /><F74/><W55/><G36/><T106/><D116/><U31/><E31/><N who="2" m="11819" /><F64/><W118/><G118/><T117/><D117/><U46/><E114/><V94/><F57/><W9/><G9/><T53/><D73/><U120/><E120/><V129/><F94/><W119/><G119/><T115/><D115/><U112/><E112/><V27/><F27/><W41/><G78/><N who="1" m="29706" /><E16/><V127/><F25/><W122/><G122/><T76/><D76/><U84/><E135/><V63/><F63/><W18/><G133/><T12/><D69/><U132/><E132/><V13/><AGARI ba="0,0" hai="5,11,13,124,125,127,128,129" m="11819,1391" machi="13" ten="40,5200,0" yaku="18,1,34,2" doraHai="85" who="2" fromWho="2" sc="243,-13,157,-26,366,52,234,-13" />
</Scene>
<Scene>
<INIT seed="6,0,0,5,4,29" ten="230,131,418,221" oya="2" hai0="14,22,66,37,90,55,118,15,26,8,51,46,45" hai1="23,64,65,1,92,27,117,69,68,121,134,115,103" hai2="20,119,76,108,124,71,102,113,70,78,96,50,86" hai3="5,122,79,7,131,130,101,42,44,40,107,85,77"/><V106/><F119/><W105/><G101/><T73/><D73/><U87/><E117/><V16/><F113/><W74/><G74/><T9/><D118/><U4/><E115/><V41/><F124/><W53/><G53/><T52/><D66/><U129/><E121/><V39/><F39/><W98/><G122/><T25/><D90/><U93/><E129/><V83/><F78/><W81/><G98/><T95/><D95/><U133/><E103/><V109/><F41/><W112/><G112/><T57/><D37/><U36/><E36/><V48/><F70/><W99/><G99/><T60/><D46/><U104/><E23/><V38/><F38/><W114/><G114/><T30/><D26/><U82/><E27/><N who="2" m="14727" /><F71/><W59/><G44/><T35/><D35/><U0/><E4/><V47/><F47/><W43/><G43/><T132/><D132/><U19/><E19/><V49/><F49/><W31/><G31/><T91/><D91/><U33/><E87/><V24/><F24/><W120/><G120/><T123/><D123/><U3/><E3/><V94/><F106/><W61/><G85/><T13/><AGARI ba="0,0" hai="8,9,13,14,15,22,25,30,45,51,52,55,57,60" machi="13" ten="30,4000,0" yaku="0,1,8,1,54,1" doraHai="29" who="0" fromWho="0" sc="230,40,131,-10,418,-20,221,-10" />
</Scene>
<Scene>
<INIT seed="7,0,0,4,0,2" ten="270,121,398,211" oya="3" hai0="14,19,93,115,133,35,90,92,128,7,29,87,64" hai1="130,125,68,122,114,110,50,123,20,13,53,88,74" hai2="73,25,126,113,100,0,41,82,81,98,38,66,131" hai3="44,78,24,9,77,32,1,63,99,67,51,3,104"/><W47/><G104/><T120/><D120/><U134/><E53/><V18/><F0/><W65/><G99/><T75/><D75/><U91/><E20/><V23/><F73/><W54/><G32/><T11/><D133/><U72/><E50/><V15/><F113/><W55/><G24/><T76/><D115/><U17/><E17/><V56/><F126/><W118/><G118/><T106/><D106/><U6/><E13/><V16/><F131/><W85/><G85/><T36/><D36/><U89/><E114/><V37/><F37/><W129/><G129/><T119/><D128/><U108/><E130/><V117/><F117/><W58/><G44/><T107/><D107/><U132/><E68/><V52/><F66/><W43/><G55/><T5/><D119/><U105/><E105/><V95/><F41/><W45/><G67/><T46/><D64/><U30/><E30/><V59/><F38/><W12/><G3/><T28/><D35/><U40/><E40/><V57/><F52/><W49/><G1/><T127/><D127/><U48/><E48/><V10/><AGARI ba="0,0" hai="10,15,16,18,23,25,56,57,59,81,82,95,98,100" machi="10" ten="30,4000,0" yaku="0,1,8,1,54,1" doraHai="2" who="2" fromWho="2" sc="270,-10,121,-10,398,40,211,-20" owari="260,6.0,111,-39.0,438,54.0,191,-21.0" />
</Scene>
</mjloggm>