<mjloggm ver="2.3"><GO type="169"/><UN n0="%E3%81%BF%E3%82%84%E3%81%93%E3%82%93%EF%BC%99%E6%AD%B3" n1="%E5%A4%AA%E3%81%8F%E3%81%AA%E3%81%84%E3%81%8A" n2="%E3%81%8A%EF%BC%81%E3%81%AA%E3%81%AB%EF%BD%9E%EF%BC%9F" n3="%41%53%41%50%49%4E" dan="16,17,16,19" rate="2085,2154,2127,2279" sx="F,M,M,M"/><TAIKYOKU oya="0"/>

<Scene>
<INIT seed="0,0,0,3,5,36" ten="250,250,250,250" oya="0" hai0="118,22,81,96,44,64,56,121,42,129,59,122,98" hai1="115,16,21,41,13,113,76,107,6,95,55,70,46" hai2="12,124,75,26,3,34,134,62,132,135,53,83,9" hai3="51,104,90,25,130,128,97,49,57,125,71,52,0"/><T94/><D118/><U110/><E107/><V120/><F120/><W108/><G71/><T68/><D129/><N who="3" m="49769" /><G0/><T74/><D98/><U123/><E123/><V101/><F101/><N who="3" m="62511" /><G108/><T87/><D74/><U17/><E70/><V100/><F100/><W126/><G90/><T45/><D68/><U63/><E110/><V27/><F3/><W86/><G86/><T28/><D122/><U99/><E76/><N who="2" m="44447" /><F34/><W133/><G25/><T4/><D4/><U60/><E6/><N who="2" m="3127" /><F124/><N who="3" m="47723" /><G51/><N who="0" m="27031" /><D121/><U2/><E2/><V114/><F114/><W127/><G127/><T112/><D112/><U103/><E113/><V66/><F27/><W5/><G5/><T102/><D45/><U79/><E115/><V116/><F26/><W91/><G91/><N who="0" m="51695" /><D64/><U82/><E79/><V33/><F33/><W54/><G54/><T89/><D89/><U69/><E55/><V61/><F66/><W106/><G106/><T19/><D28/><U117/><E69/><V30/><F30/><W23/><G23/><T58/><D56/><U77/><E21/><V18/><F53/><W93/><G93/><T1/><D1/><U10/><E95/><V8/><F116/><W39/><G39/><T15/><AGARI ba="0,0" hai="15,19,22,58,59,94,96,102" m="51695,27031" machi="15" ten="30,3000,0" yaku="8,1,52,1" doraHai="36" who="0" fromWho="0" sc="250,30,250,-10,250,-10,250,-10" />
</Scene>
<Scene>
<INIT seed="0,1,0,1,5,28" ten="280,240,240,240" oya="0" hai0="30,98,129,102,52,80,91,61,133,25,33,18,101" hai1="23,82,63,53,42,118,105,41,65,5,89,4,32" hai2="116,72,124,112,36,2,38,109,12,134,104,84,120" hai3="106,96,113,24,90,57,47,117,74,97,127,132,44"/><T7/><D129/><U54/><E118/><V135/><F84/><W83/><G117/><T17/><D133/><U78/><E105/><V119/><F12/><W3/><G113/><T48/><D61/><U26/><E89/><V10/><F10/><W99/><G3/><T34/><D7/><U71/><E5/><V128/><F134/><W51/><G132/><T1/><D1/><U68/><E68/><V130/><F130/><W81/><G127/><T107/><D102/><U108/><E4/><V95/><F95/><W0/><G0/><T62/><D62/><U49/><E108/><V121/><F121/><W64/><G106/><T77/><D91/><U11/><E11/><V122/><F122/><W37/><G37/><T15/><D15/><U8/><E8/><V94/><F94/><W123/><G123/><T50/><D34/><U46/><E41/><V110/><F110/><W70/><G70/><T40/><D40/><U131/><E131/><V39/><F39/><W73/><G74/><T66/><D66/><U92/><E92/><V14/><F14/><W27/><G73/><T93/><D107/><U126/><E126/><V115/><F115/><W9/><G64/><T87/><D50/><U20/><E32/><V103/><F103/><W88/><G90/><T6/><D6/><U85/><REACH who="1" step="1"/><E20/><REACH who="1" ten="280,230,240,240" step="2"/><V100/><F116/><W86/><G9/><T16/><D17/><AGARI ba="1,1" hai="17,23,26,42,46,49,53,54,63,65,71,78,82,85" machi="17" ten="30,3900,0" yaku="1,1,2,1,7,1,53,0" doraHai="28" doraHaiUra="114" who="1" fromWho="0" sc="280,-42,230,52,240,0,240,0" />
</Scene>
<Scene>
<INIT seed="1,0,0,3,1,24" ten="238,282,240,240" oya="1" hai0="1,125,38,31,91,99,7,32,119,74,86,59,77" hai1="0,76,109,128,113,44,72,8,71,34,21,23,42" hai2="47,131,37,61,56,52,132,6,83,45,48,3,43" hai3="105,40,36,10,68,62,80,2,97,108,94,57,46"/><U16/><E113/><V51/><F132/><W63/><G108/><T12/><D119/><U28/><E71/><V112/><F112/><W118/><G105/><T124/><D38/><U14/><E128/><V101/><F131/><W17/><G118/><T130/><D130/><U19/><E109/><V133/><F133/><W122/><G122/><T126/><D1/><U65/><E65/><V53/><F101/><W54/><G80/><N who="0" m="45111" /><D99/><U104/><E104/><V102/><F102/><W90/><G17/><T15/><D59/><U121/><E121/><V123/><F83/><W107/><G107/><T67/><D67/><U18/><E72/><V69/><F6/><W66/><G10/><T134/><D134/><U96/><E76/><V82/><F82/><W89/><G2/><T13/><D7/><N who="1" m="1127" /><E96/><V116/><F3/><W120/><G120/><T35/><D31/><U5/><E44/><V11/><F11/><W70/><G70/><T129/><D129/><U106/><E42/><N who="2" m="24695" /><F123/><W55/><G55/><T81/><AGARI ba="0,0" hai="12,13,15,32,35,81,86,91,124,125,126" m="45111" machi="81" ten="40,1500,0" yaku="18,1" doraHai="24" who="0" fromWho="0" sc="238,15,282,-7,240,-4,240,-4" />
</Scene>
<Scene>
<INIT seed="2,0,0,5,0,56" ten="253,275,236,236" oya="2" hai0="66,27,67,115,76,126,59,3,18,133,79,119,130" hai1="84,103,135,42,44,75,88,87,132,34,38,106,15" hai2="31,70,122,52,97,83,45,128,30,19,121,63,71" hai3="20,51,110,99,112,14,29,24,41,124,47,32,89"/><V55/><F128/><W25/><G110/><T105/><D3/><U22/><E34/><V48/><F83/><W28/><G124/><T117/><D105/><U73/><E103/><V65/><F71/><W107/><G112/><T26/><D115/><U129/><E106/><V108/><F108/><W94/><G107/><T69/><D126/><U61/><E129/><V85/><F85/><W91/><G14/><T125/><D125/><U40/><E40/><V101/><F55/><W33/><G20/><T92/><D69/><U102/><E102/><AGARI ba="0,0" hai="24,25,28,29,32,33,41,47,51,89,91,94,99,102" machi="102" ten="30,2000,0" yaku="7,1,9,1" doraHai="56" who="3" fromWho="1" sc="253,0,275,-20,236,0,236,20" />
</Scene>
<Scene>
<INIT seed="3,0,0,2,0,83" ten="253,255,236,256" oya="3" hai0="20,122,108,8,35,21,23,134,34,22,79,11,124" hai1="37,133,29,44,71,43,70,85,120,113,0,59,63" hai2="10,75,27,18,129,72,57,89,17,76,115,116,33" hai3="42,105,39,41,53,78,127,80,48,95,98,74,1"/><W54/><G1/><T4/><D79/><U119/><E0/><V117/><F129/><W25/><G127/><T38/><D38/><U109/><E113/><V2/><F115/><W31/><G39/><T121/><D108/><U55/><E109/><V28/><F72/><W93/><G105/><T61/><D61/><U81/><E133/><V87/><F76/><W131/><G131/><T19/><D134/><U102/><E120/><N who="0" m="46185" /><D124/><U67/><E119/><V126/><F75/><W104/><G104/><T132/><D132/><U130/><E130/><V13/><F126/><W14/><G14/><N who="0" m="5383" /><D11/><U99/><E29/><V12/><F2/><W9/><G9/><T24/><AGARI ba="0,0" hai="19,20,21,22,23,24,34,35" m="5383,46185" machi="24" ten="30,2000,0" yaku="34,2" doraHai="83" who="0" fromWho="0" sc="253,20,255,-5,236,-5,256,-10" />
</Scene>
<Scene>
<INIT seed="4,0,0,0,4,98" ten="273,250,231,246" oya="0" hai0="78,46,108,102,110,16,129,5,26,54,117,0,60" hai1="19,116,62,7,85,84,134,56,55,39,92,103,21" hai2="59,99,96,29,127,106,89,125,58,45,107,79,104" hai3="105,87,93,3,119,8,71,48,122,114,14,88,68"/><T133/><D117/><U91/><E116/><V101/><F79/><W50/><G119/><T76/><D133/><U135/><E39/><V4/><F4/><W33/><G33/><T109/><D129/><U57/><E7/><V83/><F29/><W27/><G3/><T128/><D128/><U49/><E85/><N who="2" m="50367" /><F45/><W118/><G118/><T15/><D26/><U28/><E28/><V25/><F25/><W17/><G105/><N who="2" m="40553" /><F59/><W69/><G114/><T63/><D5/><U22/><E103/><N who="2" m="62951" /><F58/><W6/><G122/><T121/><D121/><U130/><E130/><V31/><F31/><W51/><G27/><T20/><D0/><U75/><E22/><V36/><F36/><W123/><G123/><T70/><D70/><U74/><E135/><V9/><F9/><W34/><G34/><T41/><D78/><U132/><E134/><V67/><F67/><W72/><G6/><T18/><D76/><U43/><E132/><V90/><F90/><W82/><REACH who="3" step="1"/><G72/><REACH who="3" ten="273,250,231,236" step="2"/><T126/><D110/><U65/><E43/><V12/><F12/><AGARI ba="0,1" hai="12,19,21,49,55,56,57,62,65,74,75,84,91,92" machi="12" ten="30,3900,0" yaku="7,1,25,2" doraHai="98" who="1" fromWho="2" sc="273,0,250,49,231,-39,236,0" />
</Scene>
<Scene>
<INIT seed="5,0,0,2,4,24" ten="273,299,192,236" oya="1" hai0="31,8,16,67,2,58,119,13,64,68,42,73,57" hai1="44,54,50,69,55,100,117,125,25,21,106,41,43" hai2="14,135,66,15,104,128,89,1,33,84,53,110,82" hai3="47,27,71,80,48,124,122,131,76,116,75,59,46"/><U65/><E117/><V37/><F110/><W38/><G116/><T29/><D73/><U62/><E125/><V108/><F108/><W92/><G71/><T3/><D119/><U56/><E106/><V78/><F1/><W111/><G111/><T23/><D3/><U49/><REACH who="1" step="1"/><E100/><REACH who="1" ten="273,289,192,236" step="2"/><V134/><F104/><W35/><G124/><T19/><D68/><U115/><E115/><V95/><F128/><W40/><G131/><T11/><D2/><U121/><E121/><V118/><F118/><W123/><G122/><T34/><D34/><U77/><E77/><V91/><F33/><W20/><G35/><T113/><D113/><U96/><E96/><V127/><F127/><W39/><G123/><T102/><D102/><U5/><E5/><V74/><F134/><W130/><G130/><T7/><D7/><U61/><E61/><V17/><F135/><W22/><G76/><T18/><D11/><U79/><E79/><V32/><F32/><W81/><G75/><T101/><D101/><U120/><E120/><V109/><F109/><W107/><G107/><T83/><D8/><U70/><E70/><V9/><F74/><W132/><G132/><T60/><D60/><U51/><E51/><V85/><F37/><W28/><G48/><T30/><D23/><U87/><E87/><V133/><F133/><W99/><G22/><T6/><D6/><U72/><E72/><V45/><F78/><W126/><G38/><T103/><D103/><U36/><E36/><V26/><F9/><W94/><G39/><T114/><D114/><U12/><E12/><V52/><F15/><RYUUKYOKU ba="0,1" sc="273,-10,289,30,192,-10,236,-10" hai1="21,25,41,43,44,49,50,54,55,56,62,65,69" />
</Scene>
<Scene>
<INIT seed="5,1,1,3,0,52" ten="263,319,182,226" oya="1" hai0="29,81,106,132,53,100,14,95,45,63,8,124,78" hai1="70,57,91,16,23,9,27,94,129,101,77,39,25" hai2="40,89,5,43,4,115,17,18,12,90,117,88,93" hai3="85,72,1,116,126,38,6,108,47,131,34,76,127"/><U7/><E70/><V114/><F117/><W11/><G108/><T49/><D124/><N who="3" m="47657" /><G85/><N who="0" m="48311" /><D106/><U111/><E39/><V107/><F107/><W19/><G19/><N who="2" m="7177" /><F93/><W2/><G34/><T99/><D132/><U121/><E121/><V56/><F56/><W66/><G66/><T62/><D29/><U135/><E135/><V48/><F48/><W102/><G102/><T133/><D133/><U26/><E111/><V75/><F12/><N who="3" m="5239" /><G131/><T74/><D74/><U0/><E129/><V69/><F75/><W36/><G116/><T30/><D30/><U118/><E118/><V71/><F5/><AGARI ba="1,1" hai="5,8,14,45,49,53,62,63,95,99,100" m="48311" machi="5" ten="30,1000,0" yaku="8,1" doraHai="52" who="0" fromWho="2" sc="263,23,319,0,182,-13,226,0" />
</Scene>
<Scene>
<INIT seed="6,0,0,5,1,131" ten="286,319,169,226" oya="2" hai0="76,36,49,99,130,87,89,108,106,73,42,17,53" hai1="50,58,21,43,5,12,8,56,79,120,80,61,38" hai2="110,1,28,20,93,0,100,88,121,63,4,78,57" hai3="41,27,11,3,90,86,40,19,96,74,47,126,125"/><V46/><F121/><W22/><G74/><T112/><D108/><U24/><E38/><V32/><F110/><W135/><G135/><T33/><D33/><U13/><E13/><V23/><F78/><W35/><G96/><T75/><D112/><U37/><E37/><V60/><F100/><W69/><G69/><T72/><D130/><U119/><E119/><V2/><F4/><N who="3" m="1439" /><G35/><T83/><D17/><U62/><E120/><V129/><F129/><W94/><G47/><T102/><D36/><U84/><E56/><V123/><F46/><W7/><G7/><T111/><D42/><U114/><E114/><V91/><F123/><W55/><G55/><T44/><REACH who="0" step="1"/><D111/><REACH who="0" ten="276,319,169,226" step="2"/><U29/><E43/><V133/><F133/><W48/><G41/><T51/><D51/><U77/><E77/><AGARI ba="0,1" hai="44,49,53,72,73,75,76,77,83,87,89,99,102,106" machi="77" ten="40,1300,0" yaku="1,1,53,0" doraHai="131" doraHaiUra="34" who="0" fromWho="1" sc="276,23,319,-13,169,0,226,0" />
</Scene>
<Scene>
<INIT seed="7,0,0,1,5,57" ten="299,306,169,226" oya="3" hai0="75,101,128,51,70,18,122,118,93,9,83,104,12" hai1="58,15,35,67,47,98,65,131,37,82,38,3,91" hai2="4,10,74,134,97,115,107,11,125,124,59,109,126" hai3="56,113,127,135,61,100,76,133,16,130,78,88,40"/><W0/><G0/><T8/><D118/><U55/><E3/><V81/><F109/><W53/><G100/><T21/><D70/><U94/><E35/><V95/><F107/><W50/><G113/><T6/><D122/><U52/><E131/><V79/><F115/><W69/><G130/><T66/><D104/><U22/><E38/><V30/><F30/><W90/><G127/><T103/><D128/><U34/><E34/><V24/><F24/><W60/><G69/><T42/><D66/><U114/><E114/><V31/><F31/><W123/><G40/><T32/><D32/><U29/><E82/><V71/><F71/><W96/><G123/><T5/><D83/><U111/><E111/><V80/><F80/><W2/><G2/><T99/><D103/><U19/><E29/><V43/><F134/><N who="3" m="51211" /><G16/><N who="0" m="8207" /><D75/><U72/><E72/><V112/><F112/><W1/><G1/><T108/><D108/><U119/><E119/><V13/><F43/><W45/><G45/><N who="0" m="26039" /><D8/><U39/><E39/><V62/><F11/><W17/><G17/><T120/><D120/><U84/><E37/><V105/><F105/><W36/><G36/><T89/><D101/><U132/><E132/><V7/><F7/><W26/><G26/><AGARI ba="0,0" hai="5,6,18,21,26,89,93,99" m="26039,8207" machi="26" ten="30,2000,0" yaku="8,1,54,1" doraHai="57" who="0" fromWho="3" sc="299,20,306,0,169,0,226,-20" owari="319,41.0,306,11.0,169,-33.0,206,-19.0" />
</Scene>
</mjloggm>