<mjloggm ver="2.3"><GO type="169" lobby="0"/><UN n0="%E5%A4%AA%E3%81%8F%E3%81%AA%E3%81%84%E3%81%8A" n1="%E5%9F%BA%E7%A4%8E%E8%AB%96" n2="%E3%81%AA%E3%81%AA%E2%98%86%E3%81%A0%E3%81%BE%EF%BC%A2" n3="%E5%88%BB%E5%AD%90%E5%B8%82%E6%B0%91" dan="18,17,16,18" rate="2248.21,2129.22,2060.65,2150.21" sx="F,M,M,M"/><TAIKYOKU oya="0"/>

<Scene>
<INIT seed="0,0,0,2,2,109" ten="250,250,250,250" oya="0" hai0="52,86,20,75,134,57,94,67,64,18,65,0,6" hai1="66,128,3,119,46,79,96,15,72,118,25,74,92" hai2="33,91,105,85,58,132,120,38,60,29,53,51,28" hai3="23,40,106,104,71,1,98,24,69,36,63,35,80"/><T125/><D75/><U55/><E3/><V70/><F120/><W103/><G23/><T12/><D134/><U90/><E128/><V101/><F38/><W44/><G106/><T2/><D125/><U77/><E66/><V10/><F132/><W34/><G80/><T47/><D47/><U26/><E15/><V76/><F76/><W73/><G73/><T62/><REACH who="0" step="1"/><D6/><REACH who="0" ten="240,250,250,250" step="2"/><U112/><E72/><V116/><F116/><W17/><G44/><T115/><D115/><U117/><E112/><V81/><F105/><W95/><G104/><T54/><D54/><U30/><E74/><V8/><F53/><W135/><G135/><T43/><D43/><U131/><E131/><V37/><F37/><W19/><G40/><T16/><D16/><U42/><E55/><V122/><F122/><W22/><G19/><T84/><D84/><U102/><E46/><V89/><F85/><W129/><G36/><T11/><D11/><U21/><E42/><V32/><F10/><W45/><G45/><T124/><D124/><U121/><E121/><V107/><F8/><W126/><G126/><T49/><D49/><U93/><E117/><V59/><F51/><W56/><G129/><T88/><AGARI ba="0,1" hai="0,2,12,18,20,52,57,62,64,65,67,86,88,94" machi="88" ten="30,11700,0" yaku="1,1,0,1,54,2,53,0" doraHai="109" doraHaiUra="130" who="0" fromWho="0" sc="240,127,250,-39,250,-39,250,-39" />
</Scene>
<Scene>
<INIT seed="0,1,0,2,4,127" ten="367,211,211,211" oya="0" hai0="125,98,72,133,101,120,57,122,59,86,45,78,60" hai1="1,128,34,84,119,80,37,8,50,131,115,77,11" hai2="65,90,130,52,103,104,109,39,24,19,105,124,96" hai3="12,53,28,9,36,70,10,94,7,43,27,46,38"/><T32/><D32/><U135/><E37/><V123/><F123/><W83/><G70/><T21/><D72/><U51/><E119/><V69/><F39/><W88/><G10/><N who="1" m="3626" /><E1/><V14/><F124/><W49/><G83/><T56/><D125/><U121/><E121/><V2/><F2/><W91/><G94/><T75/><D75/><U40/><E34/><V134/><F109/><W55/><G38/><T81/><D133/><U129/><E135/><V63/><F134/><W116/><G116/><T4/><D4/><U107/><E107/><V48/><F130/><W93/><G36/><T18/><D45/><N who="1" m="25895" /><E51/><V20/><F90/><W71/><G71/><T112/><D112/><AGARI ba="1,0" hai="77,80,84,112,115,128,129,131" m="25895,3626" machi="112" ten="40,8000,1" yaku="19,1,52,3" doraHai="127" who="1" fromWho="0" sc="367,-83,211,83,211,0,211,0" />
</Scene>
<Scene>
<INIT seed="1,0,0,5,0,46" ten="284,294,211,211" oya="1" hai0="81,100,98,3,23,67,128,72,49,42,113,45,12" hai1="15,104,31,75,112,114,83,130,22,61,102,129,103" hai2="63,85,82,90,84,60,39,32,80,88,58,96,93" hai3="44,91,36,47,122,34,133,126,69,59,52,127,107"/><U38/><E38/><V16/><F39/><W106/><G34/><T120/><D113/><U2/><E2/><V78/><F32/><W116/><G122/><T117/><D117/><U110/><E61/><V118/><F118/><W6/><G116/><T41/><D3/><U30/><E15/><V105/><F105/><W66/><G6/><T73/><D128/><U35/><E35/><V33/><F33/><W24/><G24/><T99/><D120/><U79/><E22/><V131/><F131/><N who="1" m="50185" /><E30/><V135/><F135/><W56/><G133/><T18/><D67/><U43/><E43/><V65/><F63/><W25/><G25/><T51/><D81/><U13/><E13/><V21/><F21/><W1/><G1/><T70/><D70/><U9/><E9/><V77/><REACH who="2" step="1"/><F16/><REACH who="2" ten="284,294,201,211" step="2"/><W74/><G36/><T57/><D23/><U89/><E31/><V29/><F29/><W68/><G107/><T115/><D18/><U94/><E104/><V109/><F109/><W95/><G106/><T19/><D19/><U87/><E110/><V4/><F4/><W134/><G134/><T124/><D115/><AGARI ba="0,1" hai="75,79,83,87,89,94,102,103,112,114,115" m="50185" machi="115" ten="30,5800,0" yaku="19,1,34,2" doraHai="46" who="1" fromWho="0" sc="284,-58,294,68,201,0,211,0" />
</Scene>
<Scene>
<INIT seed="1,1,0,2,0,25" ten="226,362,201,211" oya="1" hai0="45,124,54,100,107,95,43,15,10,36,9,98,44" hai1="62,111,42,24,105,88,125,110,122,30,108,84,19" hai2="27,65,18,6,85,87,13,59,3,61,106,56,7" hai3="2,69,0,81,74,50,118,12,52,32,128,135,33"/><U80/><E122/><V40/><F106/><W20/><G69/><T121/><D121/><U104/><E125/><V1/><F1/><W77/><G128/><T49/><D124/><U123/><E123/><V68/><F3/><W46/><G135/><T79/><D79/><U60/><E42/><V109/><F109/><W71/><G71/><T129/><D129/><U112/><E112/><V96/><F40/><W70/><G70/><T28/><D107/><N who="1" m="41035" /><E19/><V132/><F132/><W47/><G47/><T57/><D44/><U102/><E102/><V72/><F72/><W73/><G73/><T17/><REACH who="0" step="1"/><D10/><REACH who="0" ten="216,362,201,211" step="2"/><U94/><E80/><V34/><F96/><W63/><G81/><T131/><D131/><U53/><E53/><V93/><F65/><W97/><G97/><T76/><D76/><U116/><E116/><V39/><F93/><W51/><G77/><T48/><D48/><U55/><E55/><V41/><F39/><W114/><G51/><T75/><D75/><U4/><E4/><V134/><F6/><W35/><G74/><T92/><D92/><U8/><E8/><V130/><F7/><W66/><G118/><T115/><D115/><U26/><E26/><V14/><F27/><W126/><G126/><T119/><D119/><U29/><E29/><AGARI ba="1,1" hai="9,15,17,28,29,36,43,45,49,54,57,95,98,100" machi="29" ten="40,8000,1" yaku="1,1,52,2,53,1" doraHai="25" doraHaiUra="11" who="0" fromWho="1" sc="216,93,362,-83,201,0,211,0" />
</Scene>
<Scene>
<INIT seed="2,0,0,3,5,134" ten="309,279,201,211" oya="2" hai0="43,81,41,94,9,62,55,70,54,103,19,78,34" hai1="107,12,101,16,98,118,135,31,64,15,30,0,99" hai2="85,116,131,50,108,20,11,36,111,66,87,65,113" hai3="5,119,95,3,124,23,109,38,127,2,80,90,102"/><V4/><F36/><W104/><G119/><T48/><D34/><U37/><E118/><V106/><F106/><W10/><G109/><N who="2" m="42057" /><F116/><W117/><G117/><T13/><D70/><U115/><E0/><N who="2" m="391" /><F131/><W8/><G38/><T42/><D62/><U18/><E115/><V89/><F113/><W112/><G112/><T123/><D123/><U126/><E37/><V91/><F20/><W72/><G23/><T122/><D122/><U68/><E135/><V128/><F128/><W96/><G10/><T100/><D94/><U60/><E99/><V58/><F50/><W39/><G3/><T73/><REACH who="0" step="1"/><D55/><REACH who="0" ten="299,279,201,211" step="2"/><U88/><E60/><N who="2" m="38039" /><F66/><W14/><G39/><T63/><D63/><U86/><E64/><V69/><F69/><W56/><G2/><T129/><D129/><U121/><E68/><V110/><F110/><W6/><G104/><T82/><D82/><U79/><E121/><V97/><F97/><W92/><G96/><T67/><D67/><U32/><E98/><V45/><F45/><AGARI ba="0,1" hai="9,13,19,41,42,43,45,48,54,73,78,81,100,103" machi="45" ten="40,2600,0" yaku="1,1,53,1" doraHai="134" doraHaiUra="76" who="0" fromWho="2" sc="299,36,279,0,201,-26,211,0" />
</Scene>
<Scene>
<INIT seed="3,0,0,4,3,9" ten="335,279,175,211" oya="3" hai0="118,32,62,124,125,20,34,45,54,68,31,40,47" hai1="71,97,104,46,19,98,61,16,94,36,115,87,33" hai2="75,130,50,80,5,6,128,28,88,133,86,103,69" hai3="90,65,8,26,21,78,57,25,58,134,24,105,72"/><W131/><G105/><T29/><D118/><U60/><E115/><V43/><F69/><W64/><G72/><T23/><D62/><U93/><E33/><V35/><F75/><W55/><G78/><T123/><D40/><U63/><E71/><V79/><F133/><W81/><G134/><T27/><D68/><U100/><E87/><V15/><F103/><W48/><G131/><N who="2" m="50217" /><F79/><W52/><G21/><T49/><D123/><U110/><E110/><V70/><F70/><W106/><G106/><T7/><D7/><U74/><E74/><V12/><F35/><W99/><G8/><T101/><D101/><U10/><E10/><V132/><F28/><W44/><G81/><T18/><D47/><U116/><E116/><V67/><F67/><N who="3" m="25675" /><G55/><T56/><D31/><U113/><E113/><V0/><F132/><W22/><G22/><T51/><D34/><U11/><E11/><N who="2" m="2471" /><F6/><W91/><G91/><T59/><D32/><U83/><E104/><V38/><F38/><W111/><G111/><T1/><D1/><U95/><E36/><V108/><F108/><W73/><G73/><T121/><D121/><U66/><E66/><V77/><F77/><W17/><G17/><T53/><REACH who="0" step="1"/><D45/><AGARI ba="0,0" hai="12,15,43,45,50,80,86,88" m="2471,50217" machi="45" ten="30,7700,0" yaku="19,1,52,2,54,1" doraHai="9" who="2" fromWho="0" sc="335,-77,279,0,175,77,211,0" />
</Scene>
<Scene>
<INIT seed="4,0,0,2,0,97" ten="258,279,252,211" oya="0" hai0="45,55,115,90,5,124,114,0,133,100,104,101,68" hai1="119,23,47,108,26,116,79,80,3,77,107,75,64" hai2="48,122,31,120,87,46,1,132,34,126,73,128,53" hai3="33,51,98,70,95,8,66,109,35,129,4,2,94"/><T61/><D104/><U121/><E121/><V65/><F1/><W99/><G109/><T30/><D30/><U69/><E108/><V20/><F73/><W56/><G129/><T103/><D124/><U67/><E3/><V110/><F110/><W18/><G70/><T27/><D27/><U22/><E47/><V54/><F34/><W40/><G18/><T36/><D133/><U12/><E107/><V57/><F128/><W21/><G21/><T131/><D131/><U105/><E105/><V113/><F126/><W19/><G19/><T117/><D117/><U84/><E12/><V125/><F125/><W29/><G40/><N who="0" m="22663" /><D90/><U111/><E111/><V43/><F132/><W88/><G29/><T134/><D134/><U86/><E69/><V91/><F113/><N who="0" m="43018" /><D55/><U58/><E26/><N who="2" m="16839" /><F54/><W17/><G17/><T82/><D82/><U85/><E116/><V83/><F122/><W93/><G93/><T74/><D74/><U16/><E119/><V37/><F120/><W89/><REACH who="3" step="1"/><G51/><REACH who="3" ten="258,279,252,201" step="2"/><T44/><D68/><U92/><E16/><V118/><F118/><W71/><G71/><T52/><D5/><U7/><E7/><V25/><F48/><W14/><G14/><T123/><D123/><U59/><E92/><V76/><F25/><W10/><G10/><T72/><D0/><U11/><E11/><V24/><F24/><W78/><G78/><T50/><D72/><U41/><E77/><V60/><F76/><W39/><G39/><T81/><D81/><U106/><E106/><V32/><F37/><W127/><G127/><T13/><D13/><U62/><E41/><RYUUKYOKU ba="0,1" sc="258,10,279,10,252,-30,201,10" hai0="44,50,52,61,100,101,103" hai1="22,23,58,59,62,64,67,75,79,80,84,85,86" hai3="2,4,8,33,35,56,66,88,89,94,95,98,99" />
</Scene>
<Scene>
<INIT seed="4,1,1,3,4,119" ten="268,289,222,211" oya="0" hai0="55,34,30,41,115,36,109,78,9,114,4,82,79" hai1="54,14,131,11,87,129,124,44,111,68,45,21,24" hai2="49,125,91,120,35,60,121,101,5,128,10,92,25" hai3="59,63,51,33,18,1,116,113,19,48,64,86,74"/><T133/><D133/><U108/><E68/><V77/><F125/><W62/><G74/><T67/><D67/><U16/><E124/><V127/><F127/><W106/><G116/><T72/><D79/><U61/><E87/><V88/><F128/><N who="1" m="49225" /><E61/><V103/><F77/><W0/><G33/><T31/><D109/><N who="1" m="42059" /><E54/><V37/><F37/><W50/><G106/><T96/><D96/><U75/><E75/><V57/><F49/><W3/><G113/><N who="0" m="43019" /><D34/><U110/><N who="1" m="42067" /><U15/><DORA hai="52" /><E15/><V71/><F71/><W123/><G123/><T117/><D117/><U134/><E134/><V80/><F80/><W39/><G39/><T76/><D76/><U23/><E23/><V100/><F35/><W94/><REACH who="3" step="1"/><G63/><REACH who="3" ten="268,289,222,201" step="2"/><T2/><D36/><U27/><E27/><V53/><F25/><W17/><G17/><AGARI ba="1,2" hai="11,14,16,17,21,24,44,45" m="42067,49225" machi="17" ten="40,2600,0" yaku="19,1,54,1" doraHai="119,52" who="1" fromWho="3" sc="268,0,289,49,222,0,201,-29" />
</Scene>
<Scene>
<INIT seed="5,0,0,1,0,130" ten="268,338,222,172" oya="1" hai0="56,50,129,23,43,93,82,65,80,133,106,46,5" hai1="9,75,45,99,12,22,90,87,95,68,57,39,14" hai2="85,105,92,114,121,67,71,42,128,70,127,37,25" hai3="76,122,112,38,21,119,59,104,83,55,27,53,33"/><U108/><E68/><V132/><F105/><W111/><G111/><T79/><D106/><U48/><E75/><V44/><F92/><W116/><G122/><T131/><D5/><U118/><E118/><V51/><F85/><W52/><G112/><T47/><D93/><U30/><E108/><V58/><F25/><W62/><G38/><T63/><D133/><U6/><E39/><V97/><F97/><W89/><G89/><T26/><D47/><U124/><E124/><V120/><F114/><W2/><G2/><T11/><D11/><U60/><E99/><V29/><F29/><W84/><G33/><T86/><REACH who="0" step="1"/><D82/><REACH who="0" ten="258,338,222,172" step="2"/><U20/><E45/><V49/><F132/><W126/><G104/><T96/><D96/><U19/><E6/><V125/><F44/><W110/><G110/><T94/><D94/><U109/><E95/><V1/><F121/><W88/><G126/><T15/><D15/><U18/><E12/><V7/><F120/><W101/><G101/><T69/><D69/><U73/><E14/><V34/><F7/><W36/><G36/><T81/><D81/><U72/><E9/><V13/><F37/><W107/><G107/><T66/><D66/><U28/><E109/><V0/><F67/><W24/><G24/><T77/><D77/><U32/><E57/><V74/><F58/><W78/><G78/><T16/><AGARI ba="0,1" hai="16,23,26,43,46,50,56,63,65,79,80,86,129,131" machi="16" ten="30,4000,0" yaku="1,1,0,1,54,1,53,0" doraHai="130" doraHaiUra="35" who="0" fromWho="0" sc="258,50,338,-20,222,-10,172,-10" />
</Scene>
<Scene>
<INIT seed="6,0,0,1,1,48" ten="308,318,212,162" oya="2" hai0="71,31,53,9,34,14,132,38,113,127,82,83,76" hai1="52,77,69,63,39,86,126,74,65,84,73,91,135" hai2="88,0,95,129,70,80,134,72,1,42,101,22,16" hai3="49,110,23,43,100,37,62,128,68,124,12,102,125"/><V89/><F70/><W11/><G37/><T133/><D38/><U108/><E108/><V66/><F129/><W90/><G110/><T60/><D113/><U114/><E39/><V17/><F134/><N who="0" m="51818" /><D127/><N who="3" m="48713" /><G23/><T92/><D92/><U119/><E119/><V109/><F109/><W105/><G105/><T87/><D82/><U7/><E126/><V6/><F66/><N who="3" m="41047" /><G90/><T67/><D53/><U94/><E135/><V24/><F101/><W103/><G128/><T10/><D14/><U30/><E114/><V15/><F42/><W115/><G115/><T85/><D85/><U13/><E74/><V4/><F1/><W3/><G3/><T19/><D19/><U18/><E73/><V78/><F0/><W51/><G43/><T79/><D79/><U56/><E18/><AGARI ba="0,0" hai="11,12,18,49,51,100,102,103" m="41047,48713" machi="18" ten="30,1000,0" yaku="18,1" doraHai="48" who="3" fromWho="1" sc="308,0,318,-10,212,0,162,10" />
</Scene>
<Scene>
<INIT seed="7,0,0,4,4,104" ten="308,308,212,172" oya="3" hai0="79,114,74,54,12,111,58,109,70,65,113,120,127" hai1="18,115,92,94,121,15,23,71,2,66,16,131,42" hai2="86,55,8,14,33,43,0,132,112,91,119,103,19" hai3="108,36,60,7,45,130,63,83,22,52,68,26,123"/><W57/><G123/><T100/><D120/><U107/><E121/><V28/><F119/><W40/><G130/><T48/><D127/><U128/><E107/><V88/><F0/><W98/><G108/><T20/><D100/><U44/><E2/><V80/><F132/><W117/><G117/><T62/><D74/><U4/><E4/><V82/><F112/><N who="0" m="43114" /><D79/><U124/><E124/><V6/><F43/><W5/><G98/><T51/><D51/><N who="1" m="27031" /><E18/><AGARI ba="0,0" hai="12,18,20,48,54,58,62,65,70,109,111" m="43114" machi="18" ten="30,2000,0" yaku="15,1,11,1" doraHai="104" who="0" fromWho="1" sc="308,20,308,-20,212,0,172,0" owari="328,43.0,288,9.0,212,-19.0,172,-33.0" />
</Scene>
</mjloggm>