<mjloggm ver="2.3"><GO type="169"/><UN n0="%E3%81%B5%E3%81%83%E3%81%82" n1="%E5%A4%AA%E3%81%8F%E3%81%AA%E3%81%84%E3%81%8A" n2="%E3%82%B9%E3%82%BF%E3%83%BC%E3%83%93%E3%83%83%E3%83%81" n3="%E3%81%AF%E3%81%90%E3%82%8C%E3%83%9F%E3%83%B3%E3%83%88" dan="16,17,16,16" rate="2054,2196,2101,2092" sx="M,M,M,F"/><TAIKYOKU oya="0"/>

<Scene>
<INIT seed="0,0,0,5,5,1" ten="250,250,250,250" oya="0" hai0="132,29,17,95,134,84,62,90,52,83,34,27,4" hai1="103,72,5,106,88,53,51,31,110,89,9,85,104" hai2="122,64,45,42,14,39,47,120,13,113,35,115,92" hai3="133,11,3,80,119,23,70,19,116,131,32,63,48"/><T128/><D128/><U18/><E72/><V57/><F35/><W94/><G32/><T99/><D17/><U121/><E121/><V108/><F92/><W44/><G131/><T8/><D62/><U28/><E110/><V126/><F108/><W68/><G133/><T100/><REACH who="0" step="1"/><D52/><REACH who="0" ten="240,250,250,250" step="2"/><U22/><E18/><V15/><F120/><W0/><G63/><T25/><D25/><U87/><E53/><V33/><F122/><W38/><G19/><T101/><D101/><U117/><E103/><V67/><F115/><W6/><G119/><T71/><D71/><U114/><E117/><V111/><F113/><W65/><G116/><T20/><D20/><U98/><E22/><V105/><F111/><W96/><G23/><T74/><D74/><U59/><E114/><V73/><F33/><W61/><G68/><T43/><D43/><U12/><E31/><V75/><F73/><W127/><G70/><T77/><D77/><U7/><E28/><V125/><F75/><W50/><G61/><T123/><D123/><U30/><E30/><V24/><F42/><W129/><G127/><T46/><D46/><U41/><E41/><V16/><F45/><W40/><G44/><T56/><D56/><U107/><E59/><V66/><F47/><W81/><G129/><T21/><D21/><U91/><E51/><V58/><F57/><W112/><G40/><T93/><D93/><U109/><E109/><V118/><F58/><W130/><G130/><T79/><D79/><U26/><E26/><V76/><F126/><W86/><G94/><T37/><D37/><U82/><E106/><RYUUKYOKU ba="0,1" sc="240,30,250,-10,250,-10,250,-10" hai0="4,8,27,29,34,83,84,90,95,99,100,132,134" />
</Scene>
<Scene>
<INIT seed="0,1,1,0,5,102" ten="270,240,240,240" oya="0" hai0="113,44,108,122,82,22,71,63,0,74,72,96,81" hai1="112,76,86,109,119,2,104,105,16,111,88,116,28" hai2="31,69,67,117,120,90,123,115,84,49,43,114,97" hai3="39,8,40,57,79,91,110,27,14,121,12,37,45"/><T26/><D122/><U21/><E2/><V98/><F31/><W34/><G110/><N who="1" m="41994" /><E28/><V68/><F117/><N who="1" m="45129" /><E76/><V95/><F43/><W19/><G121/><T78/><D113/><U7/><E7/><V65/><F49/><W83/><G91/><T5/><D108/><U131/><E131/><V107/><F90/><W41/><G57/><T42/><D96/><U9/><E9/><V125/><F95/><W30/><G41/><T60/><D0/><U130/><E130/><V50/><F50/><W23/><G39/><T6/><D6/><U118/><E112/><V73/><F84/><W126/><G126/><T124/><D5/><U75/><E75/><V55/><F125/><W4/><G14/><T70/><D124/><U85/><N who="1" m="45137" /><U20/><DORA hai="25" /><E86/><V103/><F73/><W64/><G64/><T33/><D33/><U66/><E66/><V10/><F120/><W129/><G129/><T62/><D74/><U24/><E20/><V132/><F65/><W100/><G100/><T3/><D3/><U15/><E15/><V135/><F67/><W53/><G53/><T35/><D35/><U13/><E13/><V77/><F55/><W93/><G34/><T80/><D72/><U1/><E1/><V54/><F123/><W59/><G59/><T101/><D78/><U92/><AGARI ba="1,1" hai="16,21,24,85,88,92,104,105" m="45137,41994" machi="92" ten="50,8000,1" yaku="14,1,52,2,54,2" doraHai="102,25" who="1" fromWho="1" sc="270,-41,240,93,240,-21,240,-21" />
</Scene>
<Scene>
<INIT seed="1,0,0,3,1,74" ten="229,333,219,219" oya="1" hai0="45,7,17,71,94,105,46,49,124,79,58,114,72" hai1="33,67,19,93,31,28,61,111,8,90,129,38,132" hai2="47,108,128,115,68,69,76,39,99,80,53,16,37" hai3="56,130,83,121,20,35,14,95,66,65,109,70,131"/><U100/><E38/><V120/><F120/><W92/><G121/><T112/><D105/><U104/><E33/><V103/><F108/><W42/><G109/><T11/><D71/><U12/><E111/><V75/><F128/><N who="3" m="49195" /><G35/><T54/><D124/><U85/><E129/><V81/><F115/><W118/><G118/><T5/><D114/><U18/><E132/><V73/><F16/><N who="3" m="10263" /><G70/><T86/><D112/><U87/><E19/><V60/><F53/><W50/><G83/><N who="0" m="47487" /><D72/><U41/><E41/><N who="2" m="22959" /><F60/><N who="3" m="38023" /><G66/><T126/><D126/><U2/><E2/><V101/><F68/><W13/><G13/><N who="0" m="7359" /><D94/><U6/><E6/><AGARI ba="0,0" hai="5,6,7,45,46,49,54,58" m="7359,47487" machi="6" ten="30,2000,0" yaku="8,1,52,1" doraHai="74" who="0" fromWho="1" sc="229,20,333,-20,219,0,219,0" />
</Scene>
<Scene>
<INIT seed="2,0,0,5,5,14" ten="249,313,219,219" oya="2" hai0="3,93,118,115,132,74,122,5,24,91,15,27,98" hai1="56,102,109,113,71,73,133,11,32,128,89,66,60" hai2="117,111,12,85,13,55,105,45,124,43,23,72,51" hai3="7,38,131,48,77,52,96,10,81,42,35,108,67"/><V78/><F72/><W127/><G35/><T36/><D122/><U94/><E113/><V101/><F117/><W54/><G108/><T57/><D115/><U63/><E32/><V86/><F124/><W53/><G131/><T62/><D118/><U33/><E33/><V40/><F105/><W121/><G121/><T49/><D36/><U107/><E73/><V41/><F101/><W34/><G34/><T88/><D3/><U19/><E128/><V114/><F114/><W104/><G127/><T75/><D132/><U103/><E107/><V47/><F111/><W100/><G67/><T59/><D75/><U8/><E109/><V39/><F12/><W18/><G18/><T80/><D49/><U92/><E133/><V120/><F120/><W69/><G69/><T97/><D74/><U28/><E28/><V50/><F78/><W46/><G54/><N who="0" m="34103" /><D59/><U26/><E71/><V134/><F134/><W84/><REACH who="3" step="1"/><G38/><REACH who="3" ten="249,313,219,209" step="2"/><T37/><D37/><U68/><E68/><V95/><F39/><W21/><G21/><T6/><D6/><U4/><E4/><V31/><F31/><W44/><G44/><T82/><D5/><U83/><E66/><V61/><F47/><W65/><G65/><T9/><D9/><U129/><E11/><V119/><F119/><W30/><G30/><T110/><D110/><U70/><E8/><V125/><F45/><W79/><G79/><T20/><D20/><U2/><E70/><V116/><F116/><W99/><G99/><T22/><D22/><U64/><E129/><V17/><F125/><W0/><AGARI ba="0,1" hai="0,7,10,42,46,48,52,53,77,81,84,96,100,104" machi="0" ten="20,5200,0" yaku="1,1,0,1,7,1,54,1,53,0" doraHai="14" doraHaiUra="16" who="3" fromWho="3" sc="249,-13,313,-13,219,-26,209,62" />
</Scene>
<Scene>
<INIT seed="3,0,0,1,1,93" ten="236,300,193,271" oya="3" hai0="68,7,112,132,45,129,133,78,40,119,79,15,17" hai1="14,124,70,2,131,38,49,130,51,42,114,26,6" hai2="88,87,39,47,110,82,75,134,115,61,102,10,13" hai3="90,100,52,20,106,24,66,72,4,122,83,128,35"/><W120/><G35/><T43/><D119/><U97/><E114/><V105/><F115/><W96/><G128/><N who="1" m="49194" /><E70/><V29/><F110/><W18/><G66/><T109/><D129/><U98/><E2/><V57/><F134/><N who="0" m="51818" /><D112/><U108/><E108/><V36/><F29/><W11/><G72/><T111/><D68/><U33/><E124/><V77/><F47/><W37/><G37/><N who="0" m="21647" /><D7/><U32/><E38/><V117/><F117/><W12/><REACH who="3" step="1"/><G52/><REACH who="3" ten="236,300,193,261" step="2"/><T34/><D34/><U127/><E33/><V58/><F39/><W30/><G30/><T19/><D43/><U104/><E42/><V8/><F36/><W99/><G99/><N who="1" m="37898" /><E127/><V126/><F126/><W60/><G60/><T16/><D15/><U3/><E14/><V62/><F13/><W76/><G76/><AGARI ba="0,1" hai="16,17,19,76,78,79,109,111" m="21647,51818" machi="76" ten="40,2600,0" yaku="20,1,54,1" doraHai="93" who="0" fromWho="3" sc="236,36,300,0,193,0,261,-26" />
</Scene>
<Scene>
<INIT seed="4,0,0,1,3,92" ten="272,300,193,235" oya="0" hai0="24,7,72,75,39,44,53,81,89,133,82,33,51" hai1="107,1,97,96,95,17,88,101,105,103,46,131,35" hai2="30,62,29,12,55,65,70,58,74,48,112,2,45" hai3="79,125,21,120,49,68,8,50,130,5,121,128,129"/><T80/><D133/><U56/><E1/><V108/><F2/><W26/><G68/><T127/><D127/><U27/><E131/><V84/><F74/><W40/><G79/><T94/><D7/><U20/><E35/><V124/><F108/><W31/><G125/><T25/><D39/><U57/><E46/><V83/><F124/><W122/><REACH who="3" step="1"/><G40/><REACH who="3" ten="272,300,193,225" step="2"/><T78/><D78/><U63/><REACH who="1" step="1"/><E63/><REACH who="1" ten="272,290,193,225" step="2"/><V113/><F113/><W66/><G66/><T117/><D75/><U132/><E132/><V43/><F112/><W0/><AGARI ba="0,2" hai="0,5,8,21,26,31,49,50,120,121,122,128,129,130" machi="0" ten="40,8000,1" yaku="1,1,0,1,13,1,19,1,53,1" doraHai="92" doraHaiUra="6" who="3" fromWho="3" sc="272,-40,290,-20,193,-20,225,100" />
</Scene>
<Scene>
<INIT seed="5,0,0,4,2,52" ten="232,270,173,325" oya="1" hai0="8,6,3,93,28,62,60,96,10,135,39,99,44" hai1="40,122,49,19,17,72,16,38,61,113,35,111,118" hai2="69,85,57,81,107,20,73,97,108,21,37,34,104" hai3="7,18,87,51,67,77,55,83,48,119,15,13,80"/><U103/><E122/><V41/><F69/><W116/><G67/><T86/><D135/><U94/><E118/><N who="3" m="45098" /><G51/><T101/><D28/><U47/><E72/><V64/><F34/><W129/><G129/><T112/><D112/><U95/><E35/><V82/><F73/><N who="3" m="43055" /><G18/><T1/><D86/><U117/><E117/><V115/><F108/><W92/><G92/><T4/><REACH who="0" step="1"/><D99/><REACH who="0" ten="222,270,173,325" step="2"/><U29/><E113/><V63/><F97/><W59/><G7/><T105/><D105/><U22/><E111/><V114/><F107/><W36/><G36/><T126/><D126/><U132/><E132/><V53/><F104/><W123/><G123/><T56/><D56/><U42/><E38/><V68/><F115/><W45/><G45/><T88/><D88/><AGARI ba="0,1" hai="13,15,48,55,59,83,87,88" m="43055,45098" machi="88" ten="30,3900,0" yaku="12,1,52,1,54,1" doraHai="52" who="3" fromWho="0" sc="222,-39,270,0,173,0,325,49" />
</Scene>
<Scene>
<INIT seed="6,0,0,4,4,103" ten="183,270,173,374" oya="2" hai0="27,107,131,124,104,128,94,24,23,99,58,17,64" hai1="59,50,11,95,20,10,71,54,81,32,0,85,62" hai2="76,37,108,122,25,49,88,86,105,110,98,40,69" hai3="30,101,57,90,41,117,129,130,26,111,93,61,34"/><V38/><F122/><W127/><G117/><T33/><D124/><U123/><E32/><V45/><F69/><W80/><G127/><T125/><D125/><U51/><E123/><V44/><F76/><W100/><G111/><N who="2" m="42537" /><F25/><W67/><G41/><T102/><D33/><U97/><E0/><V47/><F38/><W15/><G80/><T31/><D24/><U7/><E20/><V21/><F21/><W109/><G15/><T121/><D17/><U118/><E118/><V116/><F116/><W1/><G1/><T133/><D133/><U89/><E71/><V4/><F4/><W29/><G30/><T91/><D121/><U39/><E39/><V6/><F6/><W14/><G14/><T3/><D3/><U78/><E7/><V96/><F105/><N who="0" m="40522" /><D91/><U36/><E36/><V92/><F45/><W70/><G70/><T113/><D113/><U65/><E65/><V5/><F5/><W84/><REACH who="3" step="1"/><G109/><REACH who="3" ten="183,270,173,364" step="2"/><T79/><D79/><U19/><E19/><V46/><F46/><W126/><G126/><T13/><D13/><U8/><AGARI ba="0,1" hai="8,10,11,50,51,54,59,62,78,81,85,89,95,97" machi="8" ten="30,2000,0" yaku="0,1,8,1" doraHai="103" who="1" fromWho="1" sc="183,-5,270,30,173,-10,364,-5" />
</Scene>
<Scene>
<INIT seed="7,0,0,3,2,10" ten="178,300,163,359" oya="3" hai0="27,131,54,18,65,45,79,66,4,58,130,78,91" hai1="109,44,82,19,87,96,30,123,35,86,49,120,95" hai2="57,48,122,17,98,36,8,15,76,59,83,7,126" hai3="51,124,88,20,22,81,89,112,14,34,47,55,104"/><W28/><G104/><T97/><D4/><U53/><E109/><V132/><F36/><W64/><G124/><T29/><D45/><U94/><E35/><V103/><F126/><W85/><G112/><T23/><D29/><U71/><E71/><V43/><F132/><W50/><G64/><N who="0" m="24683" /><D131/><U121/><E30/><V128/><F128/><W9/><G34/><T116/><D116/><U2/><E2/><V125/><F122/><W62/><G62/><N who="0" m="36183" /><D130/><U60/><E60/><V113/><F113/><W5/><G28/><T40/><D40/><U24/><E87/><N who="2" m="48615" /><F125/><W61/><G61/><T100/><D100/><U110/><E110/><V38/><F38/><W118/><G118/><T102/><D102/><U75/><E75/><V67/><F67/><W6/><G6/><T11/><D11/><U73/><E73/><V84/><F84/><N who="3" m="50191" /><G51/><T12/><D27/><U63/><E63/><V69/><F69/><W106/><G106/><T56/><D56/><U117/><E117/><V16/><F59/><W26/><G26/><T39/><D39/><U77/><REACH who="1" step="1"/><E96/><REACH who="1" ten="178,290,163,359" step="2"/><V13/><F13/><W3/><G3/><T25/><D12/><U93/><E93/><AGARI ba="0,1" hai="5,9,14,20,22,47,50,55,85,89,93" m="50191" machi="93" ten="30,5800,0" yaku="8,1,52,1,54,1" doraHai="10" who="3" fromWho="1" sc="178,0,290,-58,163,0,359,68" /><AGARI ba="0,0" hai="18,23,25,78,79,91,93,97" m="36183,24683" machi="93" ten="30,2000,0" yaku="25,1,8,1" doraHai="10" who="0" fromWho="1" sc="178,20,232,-20,163,0,427,0" owari="198,-20.0,212,1.0,163,-34.0,427,53.0" />
</Scene>
</mjloggm>