<mjloggm ver="2.3"><GO type="97"/><UN n0="%74%6F%6D%61%68%61%77%6B" n1="%E5%A4%AA%E3%81%8F%E3%81%AA%E3%81%84%E3%81%8A" n2="%E9%BE%8D%E9%96%80%E6%B8%95%E3%81%AE%E5%85%88%E9%8B%92" n3="%79%6D%68%73%72%77" dan="13,14,15,13" rate="1870,2074,2022,1857" sx="M,M,M,M"/><TAIKYOKU oya="0"/>

<Scene>
<INIT seed="0,0,0,3,4,67" ten="250,250,250,250" oya="0" hai0="50,111,135,25,95,116,58,9,4,8,10,132,74" hai1="106,120,18,30,91,12,53,85,1,86,5,28,99" hai2="34,129,89,109,68,96,88,93,31,41,122,65,42" hai3="60,79,26,49,128,17,46,27,119,71,121,11,22"/><T133/><D74/><U52/><E120/><V69/><F122/><W92/><G121/><T2/><D116/><U14/><E1/><V19/><F65/><W56/><G119/><T0/><D95/><N who="1" m="56831" /><E106/><V113/><F113/><W83/><G128/><T123/><D123/><U37/><E37/><V131/><F109/><W70/><G92/><T134/><N who="0" m="34304" /><DORA hai="15" /><T21/><D111/><U36/><E36/><V48/><F19/><W107/><G11/><T115/><D115/><U44/><E5/><V127/><F127/><W130/><G130/><N who="2" m="49673" /><F89/><W104/><G27/><T32/><D32/><U78/><E12/><V117/><F117/><W118/><G104/><T43/><D4/><U114/><E114/><V87/><F96/><W45/><G107/><T103/><D103/><U80/><E85/><V59/><F59/><W33/><G33/><T81/><D81/><U63/><E44/><N who="2" m="25615" /><F42/><W82/><G118/><T125/><D125/><U20/><E63/><V40/><F40/><W39/><G39/><T38/><D38/><U94/><E94/><V112/><F112/><W97/><G97/><T77/><D77/><U24/><E30/><V76/><F76/><W66/><G83/><T16/><REACH who="0" step="1"/><D58/><REACH who="0" ten="240,250,250,250" step="2"/><U23/><AGARI ba="0,1" hai="14,18,20,23,24,28,52,53,78,80,86" m="56831" machi="23" ten="30,4000,0" yaku="8,1,52,1,54,1" doraHai="67,15" who="1" fromWho="1" sc="240,-20,250,50,250,-10,250,-10" />
</Scene>
<Scene>
<INIT seed="1,0,0,2,0,121" ten="220,300,240,240" oya="1" hai0="102,9,58,109,82,0,44,113,48,43,64,117,11" hai1="5,46,83,115,18,3,16,57,56,74,116,2,126" hai2="125,35,52,38,77,70,19,1,27,131,108,63,72" hai3="134,36,8,69,62,51,88,14,114,30,120,122,66"/><U68/><E116/><V78/><F1/><W123/><G114/><T127/><D117/><U28/><E115/><V42/><F125/><W13/><G36/><T101/><D127/><U32/><E68/><V7/><F7/><W33/><G134/><T98/><D113/><U104/><E104/><V100/><F100/><W129/><G129/><T50/><D0/><U31/><E126/><V76/><F72/><W97/><G33/><T59/><D82/><U54/><E32/><V87/><F87/><W67/><G30/><N who="1" m="11306" /><E74/><V60/><F35/><W49/><G67/><T118/><D118/><U45/><E3/><V22/><F42/><W20/><G20/><T75/><D75/><U15/><E2/><V37/><F131/><W29/><G29/><T12/><D64/><U94/><E83/><V93/><F93/><W61/><G61/><T65/><D65/><U91/><E5/><V53/><F70/><W81/><G14/><T96/><D12/><U86/><E57/><V55/><REACH who="2" step="1"/><F108/><REACH who="2" ten="220,300,230,240" step="2"/><W111/><G111/><T24/><D109/><U71/><E71/><V90/><F90/><W73/><G73/><T130/><D130/><U92/><E92/><V10/><F10/><W25/><G123/><T128/><D128/><U135/><E135/><V132/><F132/><W105/><G122/><T110/><D110/><U4/><E4/><V95/><F95/><W99/><G120/><T47/><D43/><U21/><E18/><V84/><F84/><W124/><G105/><T107/><D107/><U23/><E21/><V133/><F133/><W89/><G124/><T112/><D112/><RYUUKYOKU ba="0,1" sc="220,10,300,10,230,10,240,-30" hai0="9,11,24,44,47,48,50,58,59,96,98,101,102" hai1="15,16,23,45,46,54,56,86,91,94" hai2="19,22,27,37,38,52,53,55,60,63,76,77,78" />
</Scene>
<Scene>
<INIT seed="1,1,1,5,4,30" ten="230,310,240,210" oya="1" hai0="96,108,135,0,59,114,107,110,104,60,88,2,63" hai1="80,27,41,42,102,5,50,103,101,25,120,12,126" hai2="118,66,99,62,16,23,130,37,57,129,105,8,106" hai3="91,48,117,15,38,121,127,131,7,97,20,69,90"/><U29/><E120/><V92/><F37/><W128/><G121/><T65/><D114/><U55/><E126/><V6/><F118/><W133/><G38/><T39/><D39/><U40/><E80/><V81/><F81/><W113/><G113/><T45/><D45/><N who="1" m="28111" /><E29/><V132/><F132/><W109/><G69/><T85/><D135/><U47/><E47/><V86/><F86/><W11/><G133/><T4/><D63/><U68/><E68/><V100/><F106/><N who="0" m="40490" /><D96/><U17/><E5/><V1/><REACH who="2" step="1"/><F105/><REACH who="2" ten="230,310,230,210" step="2"/><W54/><G117/><T44/><D85/><U14/><E14/><AGARI ba="1,2" hai="1,6,8,14,16,23,57,62,66,92,99,100,129,130" machi="14" ten="40,5200,0" yaku="1,1,2,1,54,1,53,0" doraHai="30" doraHaiUra="83" who="2" fromWho="1" sc="230,0,310,-55,230,75,210,0" />
</Scene>
<Scene>
<INIT seed="2,0,0,1,3,33" ten="230,255,305,210" oya="2" hai0="127,85,66,13,7,90,21,34,39,135,69,11,96" hai1="73,30,80,79,3,74,41,121,115,18,10,124,120" hai2="42,68,76,61,35,113,25,130,75,24,98,67,88" hai3="46,99,70,23,64,4,123,58,116,110,107,132,1"/><V8/><F113/><W114/><G116/><T109/><D39/><U6/><E115/><V92/><F130/><W28/><G114/><T14/><D34/><U43/><E124/><V134/><F134/><W2/><G132/><T9/><D135/><U52/><E73/><V50/><F35/><W105/><G123/><N who="1" m="47178" /><E30/><V84/><F75/><W103/><G4/><T57/><D127/><U17/><E52/><V82/><F42/><AGARI ba="0,0" hai="3,6,10,17,18,41,42,43,74,79,80" m="47178" machi="42" ten="30,2000,0" yaku="13,1,52,1" doraHai="33" who="1" fromWho="2" sc="230,0,255,20,305,-20,210,0" />
</Scene>
<Scene>
<INIT seed="3,0,0,5,1,14" ten="230,275,285,210" oya="3" hai0="37,98,20,77,16,95,5,34,74,64,33,88,19" hai1="102,133,45,123,86,12,39,61,68,18,81,69,109" hai2="92,9,111,52,53,57,1,110,126,127,130,7,59" hai3="48,93,134,60,6,51,55,113,78,66,24,105,41"/><W27/><G105/><T100/><D37/><U76/><E123/><V15/><F130/><W3/><G113/><T101/><D5/><U106/><E109/><N who="2" m="41483" /><F92/><W31/><G134/><T43/><D43/><U63/><E133/><V129/><F129/><W44/><G27/><T56/><D74/><U94/><E106/><V49/><F1/><W36/><G3/><T120/><D120/><U96/><E69/><V67/><F67/><W114/><G6/><T26/><D77/><U90/><E68/><V62/><AGARI ba="0,0" hai="7,9,15,49,52,53,57,59,62,126,127" m="41483" machi="62" ten="30,2000,0" yaku="14,1,54,1" doraHai="14" who="2" fromWho="2" sc="230,-5,275,-5,285,20,210,-10" owari="225,-17.0,270,7.0,305,40.0,200,-30.0" />
</Scene>
</mjloggm>