<mjloggm ver="2.3"><GO type="1"/><UN n0="%E9%BB%92%E8%8A%9D%E3%82%AB%E3%83%8A%E3%82%A8" n1="%E5%A4%AA%E3%81%8F%E3%81%AA%E3%81%84%E3%81%8A" n2="%E3%81%99%E3%81%9A%E3%81%8D" n3="%7A%79%70" dan="11,1,8,7" rate="1534,1523,1361,1394" sx="M,M,F,M"/><TAIKYOKU oya="0"/>

<Scene>
<INIT seed="0,0,0,5,2,106" ten="250,250,250,250" oya="0" hai0="56,96,91,8,71,9,35,37,34,101,81,42,107" hai1="109,134,98,102,59,27,1,43,24,90,128,87,133" hai2="135,5,72,33,129,23,15,85,53,114,18,38,41" hai3="65,31,113,68,10,92,39,94,89,55,2,130,77"/><T112/><D112/><U123/><E1/><V28/><F114/><W12/><G113/><T125/><D71/><U52/><E43/><V97/><F129/><W64/><G39/><T110/><D125/><U17/><E128/><V126/><F135/><N who="1" m="51721" /><E109/><V4/><F126/><W3/><G130/><T61/><D110/><U48/><E123/><V80/><F72/><W117/><G117/><T122/><D122/><U76/><E76/><V83/><F33/><W47/><G31/><T51/><D37/><U69/><E69/><V50/><F38/><W46/><G12/><T44/><D81/><N who="1" m="49519" /><E17/><V124/><F124/><W84/><G68/><T78/><D78/><U21/><E21/><V22/><F28/><W32/><G32/><T26/><D91/><U120/><E120/><V58/><F41/><W40/><G89/><T7/><D26/><U116/><E116/><V63/><F23/><W45/><G40/><T6/><D34/><U54/><E54/><V111/><F111/><W119/><G119/><T132/><D132/><U74/><E74/><V75/><F75/><W29/><G29/><T60/><D35/><U14/><E14/><V115/><F115/><W88/><G55/><T73/><D73/><U62/><E62/><V121/><F121/><W13/><G77/><T66/><REACH who="0" step="1"/><D60/><REACH who="0" ten="240,250,250,250" step="2"/><U105/><AGARI ba="0,1" hai="24,27,48,52,59,98,102,105" m="49519,51721" machi="105" ten="30,2000,0" yaku="20,1,54,1" doraHai="106" who="1" fromWho="1" sc="240,-10,250,30,250,-5,250,-5" />
</Scene>
<Scene>
<INIT seed="1,0,0,0,0,114" ten="230,280,245,245" oya="1" hai0="21,40,7,48,49,36,135,15,106,16,87,4,83" hai1="82,86,34,123,98,62,26,52,105,69,124,134,35" hai2="42,55,78,133,5,127,18,81,20,88,29,90,131" hai3="28,121,99,120,67,102,53,68,115,93,31,37,109"/><U57/><E123/><V60/><F127/><W9/><G9/><T101/><D135/><U77/><E134/><V59/><F133/><W51/><G115/><T13/><D36/><U43/><E124/><V111/><F131/><W85/><G109/><T24/><D106/><U22/><E43/><V129/><F129/><W33/><G33/><T66/><D66/><U89/><E69/><V94/><F111/><W41/><G68/><T130/><D130/><U30/><REACH who="1" step="1"/><E89/><REACH who="1" ten="230,270,245,245" step="2"/><V72/><F90/><W104/><G67/><T71/><D71/><U116/><E116/><V39/><F39/><W44/><G53/><T58/><D101/><AGARI ba="0,1" hai="22,26,30,34,35,52,57,62,77,82,86,98,101,105" machi="101" ten="40,7700,0" yaku="1,1,54,1,53,1" doraHai="114" doraHaiUra="103" who="1" fromWho="0" sc="230,-77,270,87,245,0,245,0" />
</Scene>
<Scene>
<INIT seed="1,1,0,3,3,116" ten="153,357,245,245" oya="1" hai0="42,102,78,135,24,35,131,37,17,73,1,91,16" hai1="56,68,59,129,84,79,13,92,121,27,43,52,66" hai2="6,114,127,31,75,15,132,115,123,46,95,4,113" hai3="14,98,111,45,83,119,82,85,104,19,58,65,25"/><U72/><E72/><V50/><F75/><W8/><G119/><T71/><D102/><U9/><E121/><V118/><F95/><W64/><G45/><T32/><D91/><N who="1" m="53351" /><E68/><V63/><F118/><W30/><G58/><T11/><D71/><U34/><E34/><N who="0" m="12841" /><D24/><U81/><E129/><V134/><F123/><W70/><G70/><T49/><D49/><N who="1" m="30735" /><E43/><V125/><F63/><W122/><G122/><T61/><D61/><N who="1" m="38207" /><E27/><V21/><F31/><W93/><G111/><T29/><D29/><U38/><E38/><V76/><F76/><W77/><G104/><T12/><D135/><N who="2" m="51754" /><F21/><N who="3" m="15663" /><G83/><N who="0" m="45519" /><D131/><U54/><E54/><N who="2" m="30039" /><F15/><W53/><G53/><T110/><D12/><U39/><E39/><V10/><F10/><W18/><G18/><T90/><D90/><AGARI ba="1,0" hai="8,14,19,64,65,77,82,85,90,93,98" m="15663" machi="90" ten="30,1000,0" yaku="8,1" doraHai="116" who="3" fromWho="0" sc="153,-13,357,0,245,0,245,13" />
</Scene>
<Scene>
<INIT seed="2,0,0,2,3,134" ten="140,357,245,258" oya="2" hai0="51,4,108,78,87,1,46,128,93,13,67,79,92" hai1="48,126,36,102,69,123,107,103,9,8,113,43,64" hai2="60,25,72,97,0,31,124,99,39,55,77,85,56" hai3="29,28,68,106,58,62,40,80,88,110,34,22,86"/><V89/><F39/><W132/><G40/><T94/><D1/><U23/><E36/><V30/><F0/><W6/><G132/><T125/><D128/><U115/><E69/><V5/><F5/><W24/><G6/><T76/><D87/><U75/><E75/><V61/><F25/><W130/><G130/><T57/><D125/><U133/><E64/><V114/><F114/><W111/><G68/><T71/><D71/><U95/><E107/><V119/><F119/><W41/><G41/><T96/><D108/><N who="3" m="41513" /><G106/><T2/><D2/><U105/><E105/><V83/><F60/><W129/><G129/><T45/><D96/><U33/><E33/><V116/><F116/><W7/><G7/><T17/><D4/><U32/><E32/><V131/><F131/><W90/><G62/><T122/><D122/><U35/><E35/><V20/><F20/><W91/><G58/><T42/><D67/><U19/><E133/><V121/><F121/><W120/><G120/><T15/><D42/><U10/><E123/><V118/><F118/><W63/><G63/><T84/><D84/><U66/><E66/><V73/><F73/><W3/><G3/><T37/><D37/><U27/><E115/><V26/><F26/><AGARI ba="0,0" hai="22,24,26,28,29,34,80,86,88,90,91" m="41513" machi="26" ten="30,2000,0" yaku="14,1,54,1" doraHai="134" who="3" fromWho="2" sc="140,0,357,0,245,-20,258,20" />
</Scene>
<Scene>
<INIT seed="3,0,0,1,3,53" ten="140,357,225,278" oya="3" hai0="56,91,100,17,117,42,36,63,48,2,97,85,118" hai1="46,70,1,28,98,102,20,81,3,92,16,116,12" hai2="135,105,106,123,52,60,68,119,38,128,62,40,4" hai3="113,49,64,71,109,32,125,24,23,51,26,132,131"/><W5/><G5/><T15/><D2/><U25/><E70/><V90/><F4/><W57/><G113/><T74/><D74/><U133/><E133/><V101/><F90/><W47/><G23/><T114/><D36/><U104/><E116/><V75/><F75/><W89/><G89/><T13/><D114/><U7/><E7/><V65/><F101/><W14/><G32/><T84/><D118/><U35/><E104/><V29/><F29/><W55/><G14/><T73/><D73/><U44/><REACH who="1" step="1"/><E81/><REACH who="1" ten="140,347,225,278" step="2"/><V43/><F106/><W66/><G24/><T59/><D117/><U50/><E50/><N who="3" m="18954" /><G26/><T121/><D121/><U95/><E95/><V11/><F105/><W22/><G22/><T39/><D39/><U111/><E111/><V67/><F123/><W129/><G132/><T33/><D33/><U21/><E21/><V83/><F119/><W0/><G0/><AGARI ba="0,1" hai="0,1,3,12,16,20,25,28,35,44,46,92,98,102" machi="0" ten="40,2600,0" yaku="1,1,54,1,53,0" doraHai="53" doraHaiUra="37" who="1" fromWho="3" sc="140,0,347,36,225,0,278,-26" owari="140,-36.0,383,48.0,225,-17.0,252,5.0" />
</Scene>
</mjloggm>