<mjloggm ver="2.3"><GO type="193"/><UN n0="%E7%89%B9%E3%81%AB%E3%81%AA%E3%81%97" n1="%E3%82%8B%EF%BD%9E%E3%81%97%E3%82%83" n2="%E5%A4%AA%E3%81%8F%E3%81%AA%E3%81%84%E3%81%8A" n3="%E5%A4%A9%E7%89%9B" dan="13,12,11,11" rate="1772,1715,1780,1739" sx="M,M,M,M"/><TAIKYOKU oya="0"/>

<Scene>
<INIT seed="0,0,0,4,2,118" ten="250,250,250,250" oya="0" hai0="111,134,7,87,40,12,66,58,71,128,11,104,41" hai1="26,135,8,49,14,83,112,63,130,123,82,28,100" hai2="65,120,119,109,84,9,80,78,94,110,93,38,29" hai3="89,103,48,50,68,24,52,101,86,18,22,3,132"/><T36/><D104/><U31/><E112/><V37/><F119/><W77/><G3/><T126/><D36/><N who="2" m="13930" /><F29/><W25/><G68/><T88/><D71/><U67/><E28/><V70/><F9/><W125/><G125/><T95/><D126/><U124/><E124/><V32/><F32/><W47/><G132/><T85/><D134/><U99/><E135/><V76/><F76/><W105/><G105/><T81/><D128/><U116/><E130/><V96/><F96/><W0/><G0/><T69/><D69/><U42/><E116/><V90/><F78/><W92/><G77/><T17/><D111/><N who="2" m="42506" /><F120/><W122/><G122/><T45/><D17/><U16/><E123/><V121/><F121/><W129/><G129/><T114/><D114/><U1/><E1/><V62/><AGARI ba="0,0" hai="62,65,70,80,84,90,93,94" m="42506,13930" machi="62" ten="40,1500,0" yaku="14,1" doraHai="118" who="2" fromWho="2" sc="250,-7,250,-4,250,15,250,-4" />
</Scene>
<Scene>
<INIT seed="1,0,0,3,5,20" ten="243,246,265,246" oya="1" hai0="73,62,114,81,97,14,98,87,38,46,134,17,120" hai1="18,128,77,52,37,43,24,28,100,11,104,80,121" hai2="74,70,44,90,33,59,115,92,76,132,69,61,117" hai3="3,129,56,125,66,93,75,27,57,7,48,45,54"/><U16/><E121/><V26/><F117/><W32/><G75/><T10/><D120/><U105/><E128/><V124/><F124/><W106/><G106/><T34/><D114/><U111/><E111/><V22/><F33/><W6/><G129/><T109/><D73/><U41/><E37/><V112/><F132/><W19/><G125/><T102/><D134/><U131/><E131/><V72/><F44/><W116/><G116/><T127/><D109/><U135/><E135/><V108/><F108/><W86/><G3/><T95/><D127/><U68/><E68/><V133/><F133/><W122/><G122/><T85/><D34/><U119/><E119/><V30/><F70/><W25/><G32/><T35/><D35/><U110/><E110/><V36/><F36/><W65/><G86/><T94/><D62/><U58/><E105/><V113/><F76/><W99/><G19/><T4/><D38/><U31/><E100/><V42/><F42/><W82/><G82/><T101/><D46/><U53/><E104/><V15/><F15/><W49/><G99/><T79/><REACH who="0" step="1"/><D85/><REACH who="0" ten="233,246,265,246" step="2"/><U47/><E47/><V71/><F72/><W78/><G45/><T130/><D130/><U88/><E11/><V50/><F74/><W96/><G96/><T84/><D84/><U29/><E58/><V40/><F50/><W12/><G54/><N who="1" m="21098" /><E24/><V63/><F40/><N who="1" m="15433" /><E77/><V64/><F63/><W60/><G78/><T103/><D103/><U89/><E80/><V13/><F13/><W5/><G60/><T91/><D91/><AGARI ba="0,1" hai="16,18,28,29,31,88,89,91" m="15433,21098" machi="91" ten="30,18000,2" yaku="28,2,8,1,54,3" doraHai="20" who="1" fromWho="0" sc="233,-180,246,190,265,0,246,0" />
</Scene>
<Scene>
<INIT seed="1,1,0,5,0,25" ten="53,436,265,246" oya="1" hai0="20,134,79,34,110,89,114,64,0,40,131,94,66" hai1="44,26,82,130,111,42,60,59,68,38,93,104,58" hai2="49,73,90,52,19,14,8,112,37,116,95,118,27" hai3="126,2,51,24,87,96,80,12,15,108,133,3,35"/><U61/><E104/><V23/><F73/><W83/><G108/><T101/><D40/><U98/><E111/><V97/><F37/><W81/><G133/><T125/><D79/><U31/><E68/><V55/><F112/><W62/><G126/><T100/><D20/><U1/><E1/><V48/><F48/><W7/><G51/><T74/><D100/><U119/><E119/><V50/><F50/><W11/><G96/><T6/><D101/><U127/><E127/><V30/><REACH who="2" step="1"/><F55/><REACH who="2" ten="53,436,255,246" step="2"/><W46/><G46/><AGARI ba="1,1" hai="8,14,19,23,27,30,46,49,52,90,95,97,116,118" machi="46" ten="30,8000,1" yaku="1,1,2,1,7,1,52,1,54,1,53,0" doraHai="25" doraHaiUra="70" who="2" fromWho="3" sc="53,0,436,0,255,93,246,-83" />
</Scene>
<Scene>
<INIT seed="2,0,0,2,1,85" ten="53,436,348,163" oya="2" hai0="47,65,87,77,46,16,98,70,71,38,100,48,8" hai1="79,60,108,35,7,24,42,31,127,117,118,26,128" hai2="25,125,95,105,120,56,78,82,99,54,89,114,13" hai3="73,123,67,72,32,10,43,104,63,134,112,44,64"/><V36/><F120/><W9/><G123/><T33/><D33/><U17/><E79/><V57/><F114/><W59/><G134/><T69/><D65/><U39/><E108/><V20/><F36/><W74/><G32/><T62/><D62/><U22/><E60/><V41/><F41/><W45/><G104/><T92/><D38/><U0/><E42/><V135/><F135/><W53/><G112/><T96/><D48/><U21/><E39/><V132/><F132/><W107/><G107/><T129/><D129/><U83/><E83/><V34/><F125/><W91/><G91/><T115/><D115/><U111/><E111/><V40/><F40/><W106/><G106/><T110/><D110/><U4/><E127/><V81/><F105/><W28/><G28/><T66/><D66/><U84/><E84/><N who="2" m="48183" /><F34/><W101/><G101/><T37/><D37/><U102/><E102/><N who="2" m="60799" /><F13/><W93/><G93/><T12/><D77/><U75/><E35/><V116/><F116/><W103/><G103/><T124/><D124/><U55/><E55/><V19/><F54/><W109/><G109/><T76/><D76/><U50/><E50/><V61/><F61/><W6/><G6/><T90/><REACH who="0" step="1"/><D98/><REACH who="0" ten="43,436,348,163" step="2"/><U30/><E128/><V29/><F57/><W133/><G133/><T14/><D14/><U52/><E0/><V97/><F56/><W126/><G126/><T15/><D15/><U113/><E113/><V121/><F121/><W131/><G131/><T68/><N who="0" m="17920" /><DORA hai="27" /><T2/><D2/><U130/><E130/><V94/><F82/><AGARI ba="0,1" hai="8,12,16,46,47,82,87,90,92,96,100" m="17920" machi="82" ten="70,8000,1" yaku="1,1,52,1,54,1,53,1" doraHai="85,27" doraHaiUra="49,88" who="0" fromWho="2" sc="43,90,436,0,348,-80,163,0" />
</Scene>
<Scene>
<INIT seed="3,0,0,0,3,117" ten="133,436,268,163" oya="3" hai0="66,131,113,96,111,85,91,52,126,71,21,75,122" hai1="48,7,62,103,29,80,13,8,44,120,124,86,87" hai2="106,26,16,92,88,73,123,59,1,19,18,84,68" hai3="46,33,83,67,37,60,14,34,5,114,15,107,79"/><W97/><G114/><T65/><D113/><U43/><E124/><V108/><F68/><W53/><G107/><T0/><D126/><U36/><E103/><V104/><F1/><W105/><G5/><T82/><D131/><U130/><E130/><V100/><F73/><W25/><G53/><T95/><D111/><U128/><E128/><V24/><F108/><W135/><G14/><T70/><D0/><U41/><E29/><V22/><F123/><W17/><G135/><T76/><D122/><U4/><E120/><V102/><F104/><W93/><G105/><T23/><D66/><U64/><E36/><V31/><F106/><W118/><G118/><T81/><D65/><U32/><E32/><V110/><F110/><W119/><G119/><T30/><D23/><U94/><E43/><V134/><F134/><W74/><G25/><T39/><D30/><U101/><E80/><V3/><F3/><W121/><G121/><T133/><D39/><U9/><E101/><N who="2" m="39019" /><F26/><W72/><G46/><T116/><D116/><U125/><E125/><V45/><F45/><W98/><G72/><T109/><D133/><U63/><E94/><V42/><F42/><W89/><G97/><T28/><D109/><U50/><E48/><V132/><F132/><W38/><G34/><T54/><D28/><U90/><E90/><V35/><F35/><W112/><G33/><T61/><D21/><U58/><E63/><V78/><F78/><W127/><G127/><T10/><D10/><U99/><E99/><V27/><F27/><W11/><G112/><T12/><D12/><AGARI ba="0,0" hai="4,7,8,9,12,13,41,44,50,58,62,64,86,87" machi="12" ten="30,3900,0" yaku="7,1,9,1,8,1" doraHai="117" who="1" fromWho="0" sc="133,-39,436,39,268,0,163,0" owari="94,-41.0,475,58.0,268,7.0,163,-24.0" />
</Scene>
</mjloggm>