<mjloggm ver="2.3"><GO type="193"/><UN n0="%77%6F%6E%63%68%61%6E" n1="%E8%A1%80%E3%81%BE%E3%81%BF%E3%82%8C%E8%A7%92%E7%94%B0" n2="%E7%B2%BE%E9%9C%8A%E3%81%AE%E9%A2%A8" n3="%E5%A4%AA%E3%81%8F%E3%81%AA%E3%81%84%E3%81%8A" dan="13,11,9,11" rate="1788,1858,1513,1784" sx="M,M,M,M"/><TAIKYOKU oya="0"/>

<Scene>
<INIT seed="0,0,0,4,5,100" ten="250,250,250,250" oya="0" hai0="74,19,97,110,131,84,119,106,18,123,31,132,70" hai1="59,66,7,112,22,77,120,40,42,13,78,62,72" hai2="54,88,58,11,113,39,125,30,15,127,10,130,68" hai3="94,6,115,71,24,81,126,102,51,35,0,3,114"/><T1/><RYUUKYOKU type="yao9" ba="0,0" sc="250,0,250,0,250,0,250,0" hai0="1,18,19,31,70,74,84,97,106,110,119,123,131,132" />
</Scene>
<Scene>
<INIT seed="0,1,0,4,4,123" ten="250,250,250,250" oya="0" hai0="47,10,56,22,79,100,11,4,32,66,71,83,64" hai1="58,19,93,129,102,107,103,117,39,99,75,127,49" hai2="18,45,112,90,51,110,17,84,101,120,118,8,7" hai3="36,85,81,70,54,133,116,63,24,25,65,37,95"/><T130/><D32/><U122/><E122/><V40/><F120/><W73/><G116/><T76/><D130/><U115/><E117/><V52/><F112/><W88/><G133/><T28/><D100/><U113/><E39/><V34/><F118/><W41/><G54/><T46/><D71/><U96/><E129/><V89/><F34/><W87/><G73/><T29/><D22/><U6/><E6/><V33/><F33/><W13/><G13/><T74/><D56/><U86/><E75/><V31/><F101/><W114/><G114/><N who="1" m="43530" /><E19/><V77/><F31/><N who="0" m="11850" /><D74/><U35/><E35/><V30/><F110/><W67/><G67/><N who="0" m="25643" /><D83/><U135/><E49/><V1/><F30/><W124/><G124/><T119/><D4/><U2/><E2/><V23/><F18/><W109/><G109/><T72/><D72/><U92/><E58/><V108/><F108/><W131/><G131/><T126/><D126/><U3/><E3/><V50/><F77/><N who="0" m="29770" /><D119/><U59/><E59/><V14/><REACH who="2" step="1"/><F84/><REACH who="2" ten="250,250,240,250" step="2"/><W20/><G85/><T53/><D53/><U48/><E127/><V134/><F134/><W57/><G87/><T60/><D60/><U38/><E135/><V0/><F0/><W106/><G63/><T21/><D21/><U98/><E86/><V68/><F68/><W125/><G70/><T94/><D94/><U128/><E128/><V80/><F80/><W44/><G81/><T55/><D55/><U69/><E69/><V15/><F15/><W97/><G95/><T26/><D26/><U91/><E93/><V16/><F16/><W121/><G25/><T62/><D62/><RYUUKYOKU ba="1,1" sc="250,15,250,-15,240,15,250,-15" hai0="10,11,46,47" hai2="1,7,8,14,17,23,40,45,50,51,52,89,90" />
</Scene>
<Scene>
<INIT seed="0,2,1,1,0,2" ten="265,235,255,235" oya="0" hai0="135,127,70,108,28,85,13,123,22,43,54,73,38" hai1="68,19,87,95,62,106,21,34,124,9,83,126,45" hai2="65,41,37,120,107,49,64,71,100,69,57,53,97" hai3="24,131,117,93,112,3,77,75,32,26,109,134,91"/><T81/><D123/><U89/><E34/><V51/><F120/><W61/><G117/><T48/><D73/><U50/><E106/><V125/><F125/><W78/><G112/><T40/><D38/><U52/><E68/><V27/><F27/><W115/><G115/><T63/><D127/><N who="1" m="48683" /><E62/><V74/><F74/><W25/><G32/><T12/><D135/><U116/><E116/><V133/><F133/><W18/><G134/><T94/><D108/><U101/><E9/><V7/><F37/><W23/><G109/><T86/><D94/><U96/><E21/><V10/><F71/><W56/><G3/><T16/><D28/><U90/><E19/><V14/><REACH who="2" step="1"/><F69/><REACH who="2" ten="265,235,245,235" step="2"/><W67/><G75/><T92/><D70/><U42/><E42/><V15/><F15/><N who="3" m="9695" /><G131/><T6/><D40/><U44/><E44/><AGARI ba="2,2" hai="7,10,14,41,44,49,51,53,57,64,65,97,100,107" machi="44" ten="40,5200,0" yaku="1,1,52,1,53,1" doraHai="2" doraHaiUra="55" who="2" fromWho="1" sc="265,0,235,-58,245,78,235,0" />
</Scene>
<Scene>
<INIT seed="1,0,0,2,0,23" ten="265,177,323,235" oya="1" hai0="47,96,6,113,4,101,120,99,131,80,116,127,8" hai1="88,29,40,91,11,54,79,76,2,111,33,71,0" hai2="37,3,63,85,109,14,114,34,87,12,115,132,133" hai3="106,9,56,28,82,128,20,90,31,48,112,107,117"/><U36/><E71/><V75/><F37/><W68/><G68/><T26/><D120/><U95/><E36/><V39/><F39/><W104/><G112/><N who="2" m="43049" /><F75/><W100/><G128/><T121/><D113/><U21/><E40/><V130/><F3/><W126/><G100/><T125/><D121/><U69/><E69/><V108/><F34/><W123/><G123/><T55/><D116/><U46/><E33/><V94/><F63/><W41/><G117/><T17/><D131/><U103/><E111/><N who="2" m="42571" /><F130/><W45/><G126/><N who="0" m="48139" /><D80/><U97/><E2/><V62/><F62/><W10/><G56/><T19/><D19/><U86/><E11/><V30/><F30/><W27/><REACH who="3" step="1"/><G28/><REACH who="3" ten="265,177,323,225" step="2"/><T16/><D101/><U135/><E103/><V24/><F94/><W22/><G22/><N who="0" m="13639" /><D17/><U53/><E135/><N who="2" m="51787" /><F24/><W66/><G66/><T32/><D32/><U50/><E0/><V44/><F44/><W74/><G74/><T61/><D47/><U119/><E119/><V57/><F57/><W102/><G102/><T59/><D6/><U124/><E124/><V35/><F35/><W58/><G58/><T134/><D134/><U43/><E79/><V72/><F72/><W5/><G5/><T122/><D122/><U84/><E76/><V93/><F93/><W118/><G118/><T110/><D110/><U52/><E91/><V70/><F70/><W67/><G67/><T7/><D7/><U105/><E105/><V81/><F81/><W25/><G25/><AGARI ba="0,1" hai="21,25,29,43,46,50,52,53,54,84,86,88,95,97" machi="25" ten="40,12000,1" yaku="8,1,52,1,54,2" doraHai="23" who="1" fromWho="3" sc="265,0,177,130,323,0,225,-120" />
</Scene>
<Scene>
<INIT seed="1,1,0,0,2,17" ten="265,307,323,105" oya="1" hai0="107,60,91,13,21,129,119,74,43,88,79,126,86" hai1="122,93,40,134,9,64,65,35,51,120,47,94,46" hai2="85,99,89,81,22,98,18,96,112,39,103,113,108" hai3="67,72,111,76,20,100,8,3,5,30,6,4,77"/><U109/><E35/><V12/><F39/><W14/><G111/><T104/><D119/><U97/><E134/><V78/><F108/><W50/><G100/><T127/><D129/><U54/><E109/><V15/><F15/><W37/><G37/><T131/><D74/><U44/><E93/><V36/><F36/><W16/><G67/><T25/><D131/><U53/><E9/><V106/><REACH who="2" step="1"/><F78/><REACH who="2" ten="265,307,313,105" step="2"/><N who="3" m="30315" /><G72/><T34/><D13/><U7/><E122/><V45/><F45/><N who="1" m="17513" /><E120/><V80/><F80/><W70/><G3/><T123/><D123/><U101/><E7/><V128/><F128/><W42/><G70/><T135/><D135/><U68/><E68/><V117/><F117/><W84/><G84/><T19/><D79/><U116/><E116/><V0/><F0/><W71/><G71/><T90/><D86/><U10/><E10/><V23/><F23/><W133/><G133/><T66/><D34/><U63/><E63/><V27/><F27/><N who="3" m="16743" /><G42/><T52/><D43/><U38/><E38/><V62/><F62/><W102/><G102/><T56/><REACH who="0" step="1"/><D66/><AGARI ba="1,1" hai="40,47,51,53,54,64,65,66,94,97,101" m="17513" machi="66" ten="30,1500,0" yaku="8,1" doraHai="17" who="1" fromWho="0" sc="265,-18,307,28,313,0,105,0" />
</Scene>
<Scene>
<INIT seed="1,2,0,0,0,57" ten="247,335,313,105" oya="1" hai0="88,65,18,22,42,49,27,113,93,20,122,114,53" hai1="54,82,75,102,25,61,28,123,135,72,24,56,78" hai2="109,68,132,39,108,48,111,118,1,7,87,83,13" hai3="50,89,35,17,134,96,79,119,106,8,85,40,21"/><U26/><E123/><V105/><F39/><W100/><G134/><T101/><D122/><U29/><E72/><V104/><F118/><W120/><G120/><T32/><D32/><U14/><E135/><V4/><F68/><W125/><G125/><T124/><D101/><U94/><E14/><V77/><F132/><W63/><G119/><T9/><D124/><U36/><E36/><V52/><F1/><W74/><G35/><T99/><D42/><U19/><E19/><V62/><F7/><W110/><G110/><T11/><D65/><U60/><E102/><V12/><F12/><W90/><G8/><T128/><D128/><U67/><REACH who="1" step="1"/><E94/><REACH who="1" ten="247,325,313,105" step="2"/><V127/><F127/><W3/><G3/><T76/><D114/><U71/><AGARI ba="2,1" hai="24,25,26,28,29,54,56,60,61,67,71,75,78,82" machi="71" ten="30,18000,2" yaku="1,1,2,1,0,1,52,2,53,1" doraHai="57" doraHaiUra="66" who="1" fromWho="1" sc="247,-62,325,196,313,-62,105,-62" />
</Scene>
<Scene>
<INIT seed="1,3,0,5,1,34" ten="185,521,251,43" oya="1" hai0="31,24,15,131,23,106,70,42,125,27,55,28,45" hai1="56,120,118,57,79,1,8,12,7,123,109,52,59" hai2="25,114,39,47,104,129,44,64,22,66,133,113,134" hai3="86,11,61,119,9,6,2,111,96,74,83,98,33"/><U50/><E118/><V16/><F104/><W99/><G119/><T94/><D106/><U62/><E79/><V54/><F129/><W73/><G111/><T115/><D131/><U17/><E109/><V5/><F5/><W71/><G33/><T78/><D115/><N who="2" m="44042" /><F54/><W95/><G95/><T126/><D125/><U101/><E101/><V0/><F0/><W102/><G102/><T26/><D126/><U124/><E124/><V117/><F117/><W38/><G38/><T29/><D70/><U19/><E19/><V14/><F25/><W121/><G121/><T103/><D78/><U85/><E85/><V49/><F39/><W63/><G9/><T84/><D55/><U92/><E92/><V69/><F69/><W130/><G130/><T53/><D53/><U100/><E100/><V112/><F49/><W67/><REACH who="3" step="1"/><G61/><REACH who="3" ten="185,521,251,33" step="2"/><T75/><D103/><U90/><E62/><V51/><F51/><W80/><G80/><T110/><D94/><U135/><E50/><V21/><F21/><W87/><G87/><T30/><D110/><U58/><E120/><V10/><F10/><W32/><G32/><T77/><D75/><U91/><E123/><V4/><F112/><W82/><G82/><T68/><D84/><U60/><E8/><V128/><F128/><W93/><G93/><T35/><D23/><U65/><E60/><V20/><F20/><W48/><G48/><T122/><D122/><U105/><E52/><V41/><F22/><W72/><G72/><T37/><D31/><U97/><E105/><V108/><F108/><W76/><AGARI ba="3,1" hai="2,6,11,63,67,71,73,74,76,83,86,96,98,99" machi="76" ten="30,4000,0" yaku="1,1,0,1,52,1,53,0" doraHai="34" doraHaiUra="46" who="3" fromWho="3" sc="185,-13,521,-23,251,-13,33,59" />
</Scene>
<Scene>
<INIT seed="2,0,0,3,5,122" ten="172,498,238,92" oya="2" hai0="110,24,15,40,73,68,52,50,123,58,21,126,127" hai1="43,104,66,114,41,14,87,13,31,36,74,6,22" hai2="29,2,90,35,88,26,1,33,5,134,102,39,71" hai3="63,67,85,59,97,130,69,37,118,62,112,32,93"/><V79/><F71/><W54/><G118/><T9/><D123/><U48/><E74/><V109/><F39/><W82/><G130/><T72/><D68/><U25/><E114/><V100/><F134/><W86/><G112/><T95/><D110/><U38/><E104/><V121/><F121/><W4/><G37/><T83/><D40/><U46/><E66/><V64/><F64/><W129/><G129/><T80/><D95/><U108/><E108/><V75/><F109/><W42/><G32/><T84/><D83/><U132/><E132/><V18/><F35/><W96/><G42/><T128/><D128/><U113/><E113/><V81/><F1/><W99/><G4/><T77/><D9/><U111/><E111/><V105/><F2/><W133/><G133/><T8/><D8/><U120/><E6/><V131/><F131/><W23/><G86/><T34/><D15/><U78/><E120/><V56/><F5/><W19/><G82/><T57/><D57/><U60/><E60/><V116/><F116/><W101/><REACH who="3" step="1"/><G85/><REACH who="3" ten="172,498,238,82" step="2"/><T65/><D34/><U3/><E41/><V91/><F105/><W55/><G55/><T47/><D73/><U28/><E3/><V27/><REACH who="2" step="1"/><F56/><REACH who="2" ten="172,498,228,82" step="2"/><W106/><G106/><T20/><D72/><U124/><E38/><V92/><F92/><W10/><G10/><T76/><D80/><U17/><E36/><V103/><F103/><W115/><G115/><T11/><D11/><U51/><E46/><V49/><F49/><W44/><G44/><T107/><D47/><U70/><E48/><V16/><F16/><W135/><G135/><RYUUKYOKU ba="0,2" sc="172,-15,498,-15,228,15,82,15" hai2="18,26,27,29,33,75,79,81,88,90,91,100,102" hai3="19,23,54,59,62,63,67,69,93,96,97,99,101" />
</Scene>
<Scene>
<INIT seed="2,1,2,1,4,101" ten="157,483,243,97" oya="2" hai0="129,84,119,56,40,3,63,123,11,15,55,75,36" hai1="66,17,7,131,29,86,133,53,65,104,47,39,34" hai2="85,77,97,109,8,43,68,132,78,121,116,110,69" hai3="111,128,48,108,45,20,28,32,60,16,31,82,112"/><V42/><F121/><W37/><G37/><T90/><D123/><U14/><E104/><V91/><F116/><W19/><G32/><T61/><D3/><U125/><E7/><V62/><F97/><W23/><G128/><T87/><D75/><U83/><E131/><V35/><F35/><W21/><G112/><T27/><D129/><U25/><E133/><V46/><F132/><W106/><G82/><T103/><D119/><U49/><E39/><V64/><F68/><W6/><G6/><T79/><D103/><U67/><E125/><V24/><F8/><W81/><G81/><N who="0" m="47167" /><D36/><U130/><E130/><V105/><F24/><W120/><G120/><T74/><D40/><N who="2" m="15402" /><F46/><W72/><G72/><T12/><D74/><U89/><E67/><V52/><F105/><W51/><G60/><T57/><D27/><U0/><E0/><V93/><F52/><N who="3" m="29711" /><G51/><T2/><D11/><AGARI ba="1,2" hai="11,14,17,25,29,34,47,49,53,65,66,83,86,89" machi="11" ten="30,3900,0" yaku="7,1,25,2" doraHai="101" who="1" fromWho="0" sc="157,-42,483,62,243,0,97,0" />
</Scene>
<Scene>
<INIT seed="3,0,0,2,5,27" ten="115,545,243,97" oya="3" hai0="105,79,77,5,21,69,116,74,54,30,7,66,73" hai1="19,63,26,118,12,68,107,41,61,110,51,2,106" hai2="22,82,124,87,91,59,47,60,28,112,134,58,80" hai3="76,35,97,31,85,45,17,14,94,99,9,53,88"/><W121/><G121/><T131/><D116/><U0/><E110/><V36/><F112/><W113/><G113/><T10/><D105/><U67/><E118/><V117/><F117/><W8/><G76/><T93/><D131/><U25/><E41/><V49/><F134/><W70/><G70/><T127/><D127/><U43/><E43/><V119/><F36/><W120/><G120/><T84/><D73/><U108/><E108/><V95/><F119/><W71/><G71/><T33/><D74/><U24/><E51/><V111/><F111/><W37/><G8/><T46/><D33/><U126/><E126/><V78/><F124/><W29/><G37/><T122/><D66/><U15/><E61/><V55/><F59/><W4/><G4/><T42/><D69/><U125/><E125/><V64/><F78/><W39/><G39/><T20/><D122/><U96/><E12/><V11/><F11/><W65/><G65/><T100/><D100/><U129/><E129/><V130/><F130/><W109/><G109/><T102/><D54/><U38/><E38/><V103/><F103/><N who="3" m="60855" /><G99/><N who="0" m="59759" /><D84/><U6/><E96/><V123/><F123/><W128/><G35/><T101/><D101/><U90/><E6/><N who="0" m="2057" /><D10/><U32/><E32/><V13/><F13/><W56/><G128/><T23/><D30/><N who="3" m="11273" /><G45/><T135/><D135/><U98/><E98/><V3/><F3/><W133/><G133/><T83/><D83/><U57/><E0/><V48/><F48/><AGARI ba="0,0" hai="20,21,23,42,46,48,77,79" m="2057,59759" machi="48" ten="30,1000,0" yaku="8,1" doraHai="27" who="0" fromWho="2" sc="115,10,545,0,243,-10,97,0" owari="125,-27.0,545,64.0,233,3.0,97,-40.0" />
</Scene>
</mjloggm>