<mjloggm ver="2.3"><GO type="169"/><UN n0="%E5%A4%AA%E3%81%8F%E3%81%AA%E3%81%84%E3%81%8A" n1="%E5%89%A3%E5%9F%8E" n2="%E4%B8%AD%E5%B1%B1%E9%87%8E%E8%8D%89" n3="%4E%69%65%6C" dan="17,16,16,16" rate="2141,2011,2077,2020" sx="M,M,F,M"/><TAIKYOKU oya="0"/>

<Scene>
<INIT seed="0,0,0,5,1,38" ten="250,250,250,250" oya="0" hai0="88,128,91,56,18,61,130,46,98,117,96,67,58" hai1="34,85,103,100,74,77,37,108,73,99,23,65,81" hai2="72,2,16,59,89,15,32,125,87,4,25,17,49" hai3="27,26,3,115,55,105,11,22,29,24,28,70,113"/><T95/><D117/><U21/><E34/><V83/><F2/><W42/><G105/><T36/><D18/><U106/><E37/><V110/><F125/><W8/><G70/><T120/><D120/><U127/><E65/><V90/><F72/><N who="1" m="27753" /><E23/><V60/><F110/><W63/><G42/><N who="0" m="22855" /><D56/><U53/><E53/><V126/><F126/><W10/><G55/><T114/><D114/><N who="3" m="43529" /><G63/><T35/><D35/><U131/><E21/><N who="2" m="13479" /><F32/><N who="3" m="20487" /><G26/><T39/><D39/><U93/><E127/><V5/><F49/><W47/><G47/><T69/><D69/><U107/><E108/><V86/><F89/><N who="0" m="34378" /><D95/><U101/><E131/><AGARI ba="0,0" hai="58,61,67,96,98,128,130,131" m="34378,22855" machi="131" ten="30,5800,0" yaku="19,1,52,1,54,1" doraHai="38" who="0" fromWho="1" sc="250,58,250,-58,250,0,250,0" />
</Scene>
<Scene>
<INIT seed="0,1,0,4,4,19" ten="308,192,250,250" oya="0" hai0="54,28,20,131,42,63,120,23,50,8,34,96,25" hai1="46,67,84,100,61,82,116,60,85,122,11,76,4" hai2="78,133,123,80,129,16,121,109,29,83,105,5,6" hai3="57,97,126,90,26,79,92,9,55,130,24,47,72"/><T32/><D120/><U49/><E122/><V110/><F105/><W75/><G126/><T98/><D131/><U43/><E116/><V10/><F29/><W44/><G130/><T52/><D8/><U77/><E100/><V128/><F10/><W0/><G0/><T59/><D42/><U15/><E67/><V58/><F58/><W71/><G71/><T119/><D119/><U21/><E21/><V74/><F78/><W70/><G70/><T17/><D34/><U89/><E76/><V56/><F56/><W14/><G72/><T27/><D32/><U73/><E73/><V94/><F94/><AGARI ba="1,0" hai="4,11,15,43,46,49,60,61,77,82,84,85,89,94" machi="94" ten="30,7700,0" yaku="7,1,25,2,8,1" doraHai="19" who="1" fromWho="2" sc="308,0,192,80,250,-80,250,0" />
</Scene>
<Scene>
<INIT seed="1,0,0,3,2,84" ten="308,272,170,250" oya="1" hai0="78,41,122,28,1,20,36,31,108,113,60,90,72" hai1="0,132,7,52,93,49,125,10,6,5,126,62,4" hai2="12,16,46,26,3,83,128,14,121,135,130,85,69" hai3="54,99,81,103,109,111,23,124,76,86,48,45,64"/><U75/><E75/><V50/><F69/><W8/><G64/><T104/><D113/><U97/><E62/><V40/><F3/><W57/><G124/><N who="1" m="47722" /><E132/><V105/><F105/><W70/><G70/><T131/><D104/><U73/><E73/><V100/><F100/><W134/><G134/><T39/><D1/><U59/><E4/><V30/><F121/><W101/><G8/><T38/><D60/><U89/><AGARI ba="0,0" hai="0,5,6,7,10,49,52,59,89,93,97" m="47722" machi="89" ten="30,6000,0" yaku="18,1,52,1,54,1" doraHai="84" who="1" fromWho="1" sc="308,-20,272,60,170,-20,250,-20" />
</Scene>
<Scene>
<INIT seed="1,1,0,5,5,12" ten="288,332,150,230" oya="1" hai0="125,90,124,81,22,0,77,126,47,120,114,33,73" hai1="88,109,41,134,35,133,39,65,38,57,63,110,8" hai2="113,29,53,69,2,66,13,30,5,18,25,100,62" hai3="27,17,93,58,118,112,20,43,42,19,96,68,11"/><U74/><E35/><V72/><F72/><W105/><G68/><T103/><D33/><U91/><E74/><V106/><F113/><W10/><G105/><T85/><D0/><U128/><E8/><N who="3" m="3114" /><G112/><T76/><D114/><U36/><E41/><N who="3" m="15370" /><G58/><T24/><D47/><U3/><E128/><V127/><F127/><W135/><G135/><N who="1" m="51722" /><E3/><V87/><F30/><N who="3" m="17767" /><G118/><T28/><D120/><U130/><E130/><V82/><F2/><W117/><G117/><T119/><D119/><U116/><E116/><V111/><F5/><W70/><G70/><T51/><D51/><U48/><E48/><V37/><F37/><W49/><G49/><T1/><D1/><U86/><E86/><V52/><F106/><W107/><G107/><T83/><REACH who="0" step="1"/><D103/><AGARI ba="1,0" hai="17,19,93,96,103" m="17767,15370,3114" machi="103" ten="30,3900,0" yaku="8,1,52,2" doraHai="12" who="3" fromWho="0" sc="288,-42,332,0,150,0,230,42" />
</Scene>
<Scene>
<INIT seed="2,0,0,3,1,47" ten="246,332,150,272" oya="2" hai0="52,75,42,80,4,3,31,2,88,86,79,33,109" hai1="77,116,51,96,129,97,32,73,38,83,57,10,126" hai2="66,119,90,134,130,27,127,122,43,82,70,115,62" hai3="132,21,103,121,44,16,53,1,15,114,65,118,63"/><V128/><F122/><W131/><G121/><T18/><D109/><U111/><E38/><V8/><F119/><W11/><G118/><T20/><D42/><U41/><E32/><V72/><F115/><W135/><G114/><T84/><D75/><U76/><E116/><V95/><F43/><W117/><G117/><T74/><D74/><U23/><E73/><V105/><F105/><W40/><G103/><T30/><D33/><U24/><E111/><V50/><F127/><W104/><G104/><T36/><D36/><U39/><E39/><V133/><F27/><W87/><G53/><T91/><D79/><N who="1" m="30283" /><E129/><N who="2" m="49771" /><F8/><W101/><G101/><T99/><D99/><U64/><E83/><V89/><F72/><W102/><G102/><T123/><D123/><U0/><E0/><V60/><F60/><W124/><G87/><T58/><D2/><U125/><E10/><V12/><F12/><W28/><G131/><T5/><D3/><U22/><E126/><V106/><F106/><W68/><G124/><T13/><D5/><U93/><E24/><V17/><F17/><W49/><REACH who="3" step="1"/><G1/><REACH who="3" ten="246,332,150,262" step="2"/><T81/><REACH who="0" step="1"/><D4/><REACH who="0" ten="236,332,150,262" step="2"/><U56/><E125/><V37/><F133/><W100/><G100/><T92/><D92/><U25/><E93/><V110/><F134/><W35/><G35/><T9/><D9/><U26/><E41/><V6/><F110/><W59/><G59/><T69/><D69/><U55/><E56/><V78/><F6/><W48/><G48/><AGARI ba="0,2" hai="13,18,20,30,31,48,52,58,80,81,84,86,88,91" machi="48" ten="30,12000,2" yaku="1,1,7,1,9,1,8,1,52,1,54,2,53,0" doraHai="47" doraHaiUra="120" who="0" fromWho="3" sc="236,140,332,0,150,0,262,-120" />
</Scene>
<Scene>
<INIT seed="3,0,0,2,2,56" ten="376,332,150,142" oya="3" hai0="108,17,40,73,13,7,39,5,79,131,27,106,84" hai1="119,19,107,135,97,4,130,76,120,54,43,126,74" hai2="60,69,59,57,123,1,102,70,42,48,6,93,11" hai3="68,114,117,82,37,3,71,65,64,28,50,0,30"/><W75/><G114/><T66/><D106/><U62/><E120/><V91/><F102/><W72/><G117/><T35/><D73/><U133/><E119/><V129/><F129/><W16/><G82/><T46/><D131/><U55/><E130/><V113/><F113/><W87/><G87/><T10/><D108/><U31/><E4/><V85/><F123/><W80/><G80/><T90/><D79/><U20/><E31/><V86/><F86/><W115/><G115/><T104/><D104/><U34/><E43/><V18/><F18/><W125/><G125/><T14/><D66/><U112/><E34/><V2/><F2/><W78/><G78/><T94/><D13/><U124/><E112/><V122/><F122/><W81/><G81/><T33/><D5/><U61/><E74/><V51/><F51/><W89/><G50/><T23/><AGARI ba="0,0" hai="7,10,14,17,23,27,33,35,39,40,46,84,90,94" machi="23" ten="30,1100,0" yaku="0,1" doraHai="56" who="0" fromWho="0" sc="376,11,332,-3,150,-3,142,-5" />
</Scene>
<Scene>
<INIT seed="4,0,0,2,3,47" ten="387,329,147,137" oya="0" hai0="40,96,67,36,27,94,112,22,72,95,39,124,30" hai1="103,120,48,19,28,114,17,115,91,127,44,49,52" hai2="37,70,38,71,10,134,32,116,83,80,11,92,129" hai3="2,68,125,97,56,93,64,82,24,99,15,42,61"/><T76/><D112/><N who="1" m="43051" /><E120/><V26/><F32/><W54/><G2/><T53/><D124/><U55/><E127/><V60/><F26/><W1/><G1/><T84/><D67/><U13/><E103/><V16/><F129/><W121/><G121/><T77/><D72/><U41/><E28/><V12/><F134/><W123/><G123/><T14/><D14/><U119/><E119/><V90/><F116/><W59/><G125/><T4/><D4/><U102/><E102/><V58/><F10/><W62/><G68/><T113/><D113/><U3/><E3/><V117/><F70/><W130/><G130/><T35/><D35/><U131/><E131/><V21/><F71/><W25/><G42/><T69/><D69/><U128/><E128/><V34/><F34/><W6/><G82/><T0/><D0/><U104/><E104/><V23/><F117/><W73/><G73/><T46/><D39/><N who="1" m="21567" /><E91/><V87/><F37/><W101/><REACH who="3" step="1"/><G99/><REACH who="3" ten="387,329,147,127" step="2"/><T29/><D96/><U106/><E106/><V66/><F38/><W78/><G78/><T86/><D76/><U63/><E63/><V79/><REACH who="2" step="1"/><F83/><REACH who="2" ten="387,329,137,127" step="2"/><W7/><G7/><T107/><D36/><U50/><E19/><V74/><AGARI ba="0,2" hai="11,12,16,21,23,58,60,66,74,79,80,87,90,92" machi="74" ten="20,8000,1" yaku="1,1,2,1,0,1,7,1,54,1,53,0" doraHai="47" doraHaiUra="45" who="2" fromWho="2" sc="387,-40,329,-20,137,100,127,-20" />
</Scene>
<Scene>
<INIT seed="5,0,0,2,2,108" ten="347,309,237,107" oya="1" hai0="61,87,63,71,103,85,22,69,75,21,66,36,43" hai1="41,32,72,31,119,73,23,118,77,112,135,26,65" hai2="86,37,115,124,111,133,126,81,97,35,49,7,25" hai3="74,104,99,9,91,96,27,29,88,57,107,52,116"/><U94/><E94/><V62/><F37/><W70/><G70/><T106/><D75/><N who="1" m="28747" /><E77/><V6/><F111/><W12/><G74/><T131/><D131/><U89/><E89/><V60/><F97/><W64/><G64/><T8/><D8/><U95/><E95/><V50/><F35/><W78/><G78/><T33/><D33/><U5/><E23/><V79/><F25/><W121/><G121/><T53/><D103/><U42/><E42/><V40/><F40/><W18/><G116/><T82/><D106/><U45/><E65/><V123/><F79/><W3/><G3/><T48/><D69/><U58/><E58/><V109/><F109/><W92/><G91/><T67/><D67/><U120/><E5/><V113/><F86/><W16/><G96/><T1/><D87/><U59/><E59/><V76/><F76/><W132/><G132/><T20/><D66/><U80/><E80/><V117/><F81/><W98/><G98/><T14/><D71/><U102/><E102/><V90/><F133/><W56/><G56/><T83/><D83/><U24/><E24/><V93/><F93/><W2/><G2/><T100/><D100/><U4/><E135/><V19/><F90/><W110/><G110/><T55/><D85/><U127/><E120/><V28/><F123/><W17/><G17/><T101/><D101/><U39/><E4/><V68/><F19/><W130/><G130/><T122/><D82/><U46/><E46/><V44/><F44/><W15/><G29/><T134/><D134/><U47/><E47/><V54/><F68/><W114/><G18/><RYUUKYOKU ba="0,0" sc="347,0,309,0,237,0,107,0" />
</Scene>
<Scene>
<INIT seed="6,1,0,2,2,79" ten="347,309,237,107" oya="2" hai0="74,127,2,23,44,24,82,43,126,111,101,64,50" hai1="81,32,22,99,12,53,18,118,52,116,75,29,47" hai2="61,33,100,17,120,6,28,83,31,30,70,98,110" hai3="66,72,67,132,128,41,88,129,107,68,112,135,58"/><V134/><F120/><W71/><G107/><T125/><D111/><U113/><E32/><V11/><F110/><W65/><G72/><T87/><D2/><U80/><E75/><V131/><F134/><N who="3" m="51243" /><G88/><N who="0" m="51319" /><D74/><U48/><E118/><V105/><F131/><N who="3" m="50251" /><G112/><T92/><D64/><U117/><E117/><V36/><F36/><W57/><G41/><T109/><D109/><U93/><E116/><V96/><F96/><W55/><G55/><N who="1" m="21066" /><E113/><V56/><F83/><N who="1" m="31817" /><E29/><V3/><F17/><W123/><G123/><T16/><D92/><U42/><E99/><V20/><F20/><W106/><G106/><T84/><D84/><U45/><E93/><V90/><F90/><W77/><G77/><T91/><D91/><U21/><E45/><V104/><F104/><W115/><G115/><T46/><D44/><U34/><E34/><V1/><F1/><W37/><G37/><T10/><D101/><U59/><E59/><AGARI ba="1,0" hai="57,58,59,65,66,67,68,71" m="50251,51243" machi="59" ten="40,12000,2" yaku="28,2,20,1,19,1,34,2" doraHai="79" who="3" fromWho="1" sc="347,0,309,-123,237,0,107,123" />
</Scene>
<Scene>
<INIT seed="7,0,0,0,4,122" ten="347,186,237,230" oya="3" hai0="26,11,117,37,0,15,120,108,51,46,40,6,52" hai1="47,36,5,133,87,118,35,44,53,98,66,1,82" hai2="107,111,9,58,45,28,124,96,31,79,94,102,123" hai3="119,3,92,88,112,20,76,71,24,97,42,23,128"/><W86/><G112/><T56/><D108/><U81/><E35/><V126/><F111/><W106/><G119/><T93/><D120/><U99/><E1/><V110/><F110/><W70/><G3/><T125/><D125/><N who="2" m="48234" /><F123/><W18/><G128/><T62/><D117/><U90/><E118/><V63/><F79/><W78/><G42/><T109/><D109/><U134/><E36/><V57/><F45/><W64/><G23/><T55/><D26/><U135/><E5/><V65/><F9/><W121/><G121/><T54/><D0/><U48/><E66/><V131/><F131/><W14/><G24/><T61/><D61/><U34/><E34/><V115/><F115/><W59/><G59/><N who="2" m="22537" /><F107/><W127/><G127/><T105/><D105/><U130/><E130/><V12/><F12/><W68/><REACH who="3" step="1"/><G64/><REACH who="3" ten="347,186,237,220" step="2"/><N who="0" m="38983" /><D37/><U25/><E25/><V43/><F43/><W32/><G32/><T83/><D40/><U75/><REACH who="1" step="1"/><E44/><REACH who="1" ten="347,176,237,220" step="2"/><V16/><F16/><W27/><G27/><T101/><D46/><U22/><E22/><V77/><F77/><AGARI ba="0,2" hai="47,48,53,75,77,81,82,87,90,98,99,133,134,135" machi="77" ten="40,2600,0" yaku="1,1,20,1,53,0" doraHai="122" doraHaiUra="13" who="1" fromWho="2" sc="347,0,176,46,237,-26,220,0" owari="347,45.0,222,2.0,211,-29.0,220,-18.0" />
</Scene>
</mjloggm>