<mjloggm ver="2.3"><GO type="97"/><UN n0="%E5%A4%AA%E3%81%8F%E3%81%AA%E3%81%84%E3%81%8A" n1="%E3%82%8A%E3%81%8D%E3%81%BE%E3%82%8B" n2="%E3%82%8D%E3%81%A3%E3%81%A8%E3%81%82%E3%81%86%E3%81%A8" n3="%67%61%72%75%63%69%61" dan="15,14,14,16" rate="2041,1874,1950,2134" sx="M,M,M,M"/><TAIKYOKU oya="0"/>

<Scene>
<INIT seed="0,0,0,3,5,12" ten="250,250,250,250" oya="0" hai0="1,34,30,2,24,11,16,135,37,125,96,73,83" hai1="98,7,4,72,26,81,40,103,64,78,128,48,129" hai2="121,75,97,21,92,76,42,85,115,109,104,95,47" hai3="27,54,66,112,13,132,6,44,71,131,79,60,89"/><T84/><D37/><U52/><E40/><V118/><F121/><W14/><G112/><T25/><D73/><U113/><E113/><V101/><F115/><W93/><G79/><T41/><D125/><U17/><E64/><V88/><F21/><W90/><G131/><T58/><D135/><U59/><E129/><V114/><F114/><W110/><G110/><T99/><D41/><U122/><E122/><V49/><F118/><W87/><G6/><T67/><D1/><U94/><E128/><V53/><F109/><W45/><G132/><T100/><D100/><U55/><E26/><V77/><F77/><W8/><G27/><T102/><D102/><U105/><E55/><V18/><F18/><W35/><G35/><T111/><D111/><U10/><E105/><V0/><F0/><W86/><G54/><T50/><D2/><U120/><E120/><V134/><F134/><W124/><G124/><T119/><D119/><U23/><E23/><V74/><F42/><W46/><REACH who="3" step="1"/><G8/><REACH who="3" ten="250,250,250,240" step="2"/><T15/><D25/><U116/><REACH who="1" step="1"/><E116/><REACH who="1" ten="250,240,250,240" step="2"/><V3/><F3/><W20/><G20/><T36/><D34/><U126/><E126/><V106/><F74/><W107/><G107/><T70/><D24/><U19/><E19/><V29/><F29/><W43/><G43/><T62/><D30/><U130/><E130/><V127/><F127/><W51/><G51/><T28/><D28/><U133/><E133/><V91/><F106/><W123/><G123/><T61/><D50/><U65/><E65/><V22/><F104/><W69/><G69/><T117/><D70/><U82/><E82/><AGARI ba="0,2" hai="13,14,44,45,46,60,66,71,82,86,87,89,90,93" machi="82" ten="40,2600,0" yaku="1,1,6,1,53,0" doraHai="12" doraHaiUra="108" who="3" fromWho="1" sc="250,0,240,-26,250,0,240,46" />
</Scene>
<Scene>
<INIT seed="1,0,0,4,0,6" ten="250,214,250,286" oya="1" hai0="77,1,99,87,108,45,98,28,46,43,130,88,57" hai1="120,110,119,65,70,107,86,24,96,36,3,82,117" hai2="4,83,135,133,60,2,16,72,41,34,18,66,31" hai3="76,112,15,44,48,116,40,8,109,35,124,114,58"/><U5/><E120/><V129/><F41/><W106/><G35/><T115/><D115/><U39/><E24/><V37/><F37/><W125/><G106/><T20/><D1/><U53/><E86/><V111/><F111/><W118/><G76/><T101/><D108/><U91/><E53/><V49/><F49/><W21/><G21/><T105/><D130/><U17/><E91/><V80/><F129/><W67/><G109/><T27/><D77/><U113/><E17/><V85/><F72/><W121/><G121/><T25/><D98/><U90/><E90/><V122/><F122/><W56/><G56/><T9/><D9/><N who="1" m="2239" /><E82/><V14/><F18/><N who="3" m="8551" /><G58/><T47/><D57/><U23/><E23/><V19/><F19/><W59/><G59/><T93/><REACH who="0" step="1"/><D27/><REACH who="0" ten="240,214,250,286" step="2"/><U78/><E78/><V11/><F135/><W94/><G67/><T100/><D100/><N who="1" m="62855" /><E113/><N who="3" m="43626" /><G94/><T54/><D54/><U51/><E110/><V97/><F133/><W81/><G81/><T102/><D102/><U10/><E10/><V71/><F97/><W52/><G52/><T73/><D73/><U55/><E55/><V33/><F33/><W61/><G61/><T75/><D75/><U0/><E0/><V30/><F83/><W50/><G50/><AGARI ba="0,1" hai="20,25,28,43,45,46,47,50,87,88,93,99,101,105" machi="50" ten="30,12000,2" yaku="1,1,7,1,54,1,53,3" doraHai="6" doraHaiUra="42" who="0" fromWho="3" sc="240,130,214,0,250,0,286,-120" />
</Scene>
<Scene>
<INIT seed="2,0,0,1,0,113" ten="370,214,250,166" oya="2" hai0="87,130,83,0,89,97,69,120,8,101,93,4,49" hai1="14,59,13,38,54,105,85,111,75,41,58,48,81" hai2="52,98,107,134,43,127,6,56,44,128,92,91,80" hai3="103,72,42,31,114,9,108,70,116,86,12,65,67"/><V76/><F134/><W96/><G72/><T62/><D130/><U125/><E105/><V82/><F128/><W15/><G116/><T88/><D120/><U37/><E111/><V124/><F6/><W33/><G108/><T104/><D49/><U18/><E14/><V3/><F3/><W60/><G114/><T126/><D126/><N who="2" m="48170" /><F76/><W21/><G33/><T63/><REACH who="0" step="1"/><D69/><REACH who="0" ten="360,214,250,166" step="2"/><U11/><E125/><V5/><F107/><W74/><G74/><T109/><D109/><U35/><E75/><V84/><F5/><W117/><G117/><T39/><D39/><U131/><E131/><V135/><F135/><W66/><G42/><T94/><D94/><U121/><E41/><V24/><F98/><AGARI ba="0,1" hai="0,4,8,62,63,83,87,88,89,93,97,98,101,104" machi="98" ten="30,3900,0" yaku="1,1,7,1,54,1,53,0" doraHai="113" doraHaiUra="46" who="0" fromWho="2" sc="360,49,214,0,250,-39,166,0" />
</Scene>
<Scene>
<INIT seed="3,0,0,1,5,118" ten="409,214,211,166" oya="3" hai0="93,16,62,47,41,134,45,61,58,48,25,20,76" hai1="89,110,42,17,115,131,34,114,67,122,71,135,94" hai2="74,18,10,59,24,126,21,72,29,82,40,8,44" hai3="108,35,26,69,80,79,19,111,37,36,12,70,46"/><W85/><G35/><T60/><D134/><U87/><E71/><V11/><F126/><W65/><G26/><T81/><D93/><U51/><E67/><V43/><F82/><W100/><G100/><T14/><D47/><U27/><E51/><V5/><F59/><W75/><G75/><T86/><D14/><U120/><E42/><V53/><F5/><W121/><G121/><N who="1" m="46698" /><E135/><V124/><F124/><W91/><G79/><T33/><D33/><U2/><E2/><V9/><F53/><AGARI ba="0,0" hai="16,20,25,41,45,48,53,58,60,61,62,76,81,86" machi="53" ten="30,3900,0" yaku="7,1,8,1,54,1" doraHai="118" who="0" fromWho="2" sc="409,39,214,0,211,-39,166,0" owari="448,55.0,214,1.0,172,-23.0,166,-33.0" />
</Scene>
</mjloggm>