<mjloggm ver="2.3"><GO type="41"/><UN n0="%EF%BC%88%63%72%6F%73%73%EF%BC%89" n1="%E5%A4%AA%E3%81%8F%E3%81%AA%E3%81%84%E3%81%8A" n2="%6E%61%63%68%6D" n3="%E4%B8%AD%E9%87%8C%E3%82%AD%E3%83%AA" dan="13,15,13,14" rate="1983,2020,1859,2007" sx="M,M,M,M"/><TAIKYOKU oya="0"/>

<Scene>
<INIT seed="0,0,0,4,4,8" ten="250,250,250,250" oya="0" hai0="17,101,116,133,85,18,21,96,14,87,110,28,27" hai1="95,103,66,29,49,109,63,39,15,47,81,108,30" hai2="80,92,40,79,64,131,84,132,98,88,100,69,44" hai3="94,119,82,111,73,102,60,57,112,55,125,1,117"/><T97/><D116/><U71/><E39/><V65/><F69/><W67/><G1/><T74/><D74/><U106/><E106/><V43/><F131/><W70/><G112/><T24/><D133/><U93/><E81/><V61/><F132/><W120/><G120/><T89/><D110/><N who="1" m="42603" /><E15/><V114/><F114/><W77/><G111/><T107/><D97/><N who="1" m="59823" /><E95/><V105/><F61/><W16/><G125/><T58/><D89/><U11/><E11/><V104/><F104/><W35/><G35/><T2/><D2/><U45/><E45/><V36/><F40/><AGARI ba="0,0" hai="29,30,40,47,49,63,66,71" m="59823,42603" machi="40" ten="30,1000,0" yaku="14,1" doraHai="8" who="1" fromWho="2" sc="250,0,250,10,250,-10,250,0" />
</Scene>
<Scene>
<INIT seed="1,0,0,3,2,41" ten="250,260,240,250" oya="1" hai0="56,80,19,36,93,101,35,68,63,114,66,86,105" hai1="5,43,108,124,126,54,115,100,29,67,122,40,14" hai2="87,18,51,44,92,109,32,34,11,42,20,112,33" hai3="106,71,85,73,2,7,103,8,10,94,107,89,30"/><U117/><E122/><V46/><F109/><W55/><G71/><T60/><D114/><U131/><E115/><V17/><F112/><W128/><G73/><T31/><D105/><U21/><E117/><V9/><F18/><W49/><G128/><T74/><D74/><U58/><E67/><V39/><F87/><W121/><G121/><T1/><D1/><U90/><E100/><V53/><REACH who="2" step="1"/><F92/><REACH who="2" ten="250,260,230,250" step="2"/><W83/><G30/><T97/><D19/><U57/><E108/><V77/><F77/><W96/><G10/><T26/><D36/><U95/><E29/><V70/><F70/><W75/><REACH who="3" step="1"/><G75/><REACH who="3" ten="250,260,230,240" step="2"/><T76/><D68/><U135/><E131/><V88/><F88/><W59/><AGARI ba="0,2" hai="2,7,8,49,55,59,83,85,89,94,96,103,106,107" machi="59" ten="20,5200,0" yaku="1,1,2,1,0,1,7,1,53,0" doraHai="41" doraHaiUra="129" who="3" fromWho="3" sc="250,-13,260,-26,230,-13,240,72" />
</Scene>
<Scene>
<INIT seed="2,0,0,2,0,90" ten="237,234,217,312" oya="2" hai0="17,112,66,41,42,5,130,25,115,77,131,94,124" hai1="105,119,12,79,127,54,3,37,122,120,47,9,97" hai2="48,84,72,28,121,101,49,53,116,92,81,73,86" hai3="89,43,83,67,132,102,91,8,82,100,20,59,107"/><V10/><F121/><N who="1" m="46697" /><E119/><V50/><F116/><W75/><G43/><T55/><D5/><N who="1" m="1215" /><E127/><V93/><F72/><W69/><G69/><T113/><D66/><U110/><E110/><V134/><F73/><W36/><G36/><T118/><D118/><U128/><E128/><N who="0" m="49193" /><D124/><U52/><E79/><V95/><F134/><W98/><G8/><T21/><D77/><U80/><E80/><N who="3" m="30762" /><G20/><T126/><D126/><U34/><E34/><V60/><F28/><W70/><G59/><T46/><D94/><N who="2" m="36458" /><F10/><W51/><G75/><T108/><D108/><U27/><E105/><V68/><F68/><W26/><G70/><T76/><D76/><U33/><E37/><V123/><F123/><W63/><G107/><T11/><D11/><U31/><E33/><V133/><F133/><W6/><G132/><T19/><D19/><U65/><E31/><V13/><F13/><W85/><G6/><T15/><D15/><U64/><E12/><V125/><F125/><W88/><G26/><T109/><D109/><U56/><E27/><V114/><F114/><W23/><G23/><T71/><D71/><U2/><E2/><V1/><F1/><W45/><G98/><T18/><D18/><U62/><E97/><N who="2" m="59583" /><F81/><W135/><G135/><T0/><D0/><U74/><E74/><V129/><F129/><W99/><G102/><T104/><D104/><U111/><E111/><V103/><F103/><W58/><G100/><T16/><D17/><U14/><E14/><V40/><F40/><N who="3" m="24999" /><G99/><T30/><D30/><U61/><E65/><V117/><F117/><W96/><G96/><T35/><D35/><RYUUKYOKU ba="0,0" sc="237,10,234,-30,217,10,312,10" hai0="16,21,25,41,42,46,55,112,113,115" hai2="48,49,50,53,60,84,86" hai3="58,63,67,85,88,89,91" />
</Scene>
<Scene>
<INIT seed="2,1,0,1,1,54" ten="247,204,227,322" oya="2" hai0="72,86,125,108,111,122,68,85,103,112,113,19,84" hai1="30,76,90,8,59,20,83,126,40,99,102,110,29" hai2="16,79,89,101,98,88,87,109,127,124,10,55,57" hai3="95,15,69,107,133,80,25,18,105,100,70,37,43"/><V7/><F109/><N who="0" m="42058" /><D68/><U64/><E110/><V121/><F121/><W9/><G133/><T22/><D122/><U132/><E132/><V39/><F39/><W75/><G25/><N who="0" m="14559" /><D72/><U44/><E126/><N who="2" m="48171" /><F7/><W118/><G118/><T135/><D125/><U32/><E32/><V42/><F42/><W53/><G43/><T36/><D135/><U35/><E35/><V94/><F79/><W11/><G37/><T129/><D36/><U47/><E8/><V23/><F10/><W92/><G9/><T56/><D129/><U0/><E0/><V51/><F87/><W61/><G69/><T119/><D119/><U73/><E20/><V5/><F5/><W1/><G1/><T131/><D131/><U52/><E64/><V34/><F34/><W71/><G70/><T2/><D2/><U46/><E40/><V58/><F58/><W128/><G71/><T33/><D33/><U91/><E30/><V48/><F48/><W27/><G128/><T24/><D103/><U116/><E29/><V26/><AGARI ba="1,0" hai="16,23,26,51,55,57,88,89,94,98,101" m="48171" machi="26" ten="30,11700,0" yaku="18,1,52,1,54,2" doraHai="54" who="2" fromWho="2" sc="247,-40,204,-40,227,120,322,-40" />
</Scene>
<Scene>
<INIT seed="2,2,0,4,2,133" ten="207,164,347,282" oya="2" hai0="110,47,82,23,121,21,112,70,6,52,87,12,20" hai1="63,39,13,42,90,129,76,113,86,26,120,127,24" hai2="83,8,106,65,31,7,78,122,5,103,128,89,99" hai3="49,35,4,105,9,57,118,38,0,11,46,97,95"/><V30/><F122/><W45/><G118/><T109/><D121/><U53/><E120/><V36/><F128/><W62/><G105/><T124/><D112/><U54/><E113/><V25/><F36/><W123/><G35/><T40/><D70/><U94/><E129/><V132/><F132/><W55/><G123/><T80/><D80/><U101/><E76/><V58/><F31/><W2/><G38/><T66/><D66/><U81/><E39/><V117/><F117/><W74/><G74/><T134/><D134/><U18/><E42/><V56/><F7/><W16/><G46/><T72/><D72/><U100/><E100/><V41/><F41/><W67/><G9/><T69/><D69/><U71/><E71/><V84/><F65/><W68/><G16/><T114/><D114/><U93/><E93/><V51/><F51/><W64/><G64/><T28/><D28/><U44/><E44/><V130/><F130/><W111/><G111/><T48/><D40/><U75/><E75/><V3/><REACH who="2" step="1"/><F78/><REACH who="2" ten="207,164,337,282" step="2"/><W34/><G68/><T88/><D109/><U60/><E60/><V115/><F115/><W116/><G116/><T14/><D110/><U107/><E63/><V96/><F96/><W15/><G34/><AGARI ba="2,1" hai="3,5,8,25,30,34,56,58,83,84,89,99,103,106" machi="34" ten="30,2900,0" yaku="1,1,7,1,53,0" doraHai="133" doraHaiUra="91" who="2" fromWho="3" sc="207,0,164,0,337,45,282,-35" />
</Scene>
<Scene>
<INIT seed="2,3,0,1,4,86" ten="207,164,382,247" oya="2" hai0="54,40,18,44,96,27,69,118,131,67,79,53,34" hai1="28,114,48,74,23,135,38,58,31,102,82,39,61" hai2="11,66,25,5,59,20,98,9,15,126,13,72,117" hai3="29,134,19,108,75,21,36,92,3,65,2,85,129"/><V8/><F117/><W111/><G75/><T107/><D118/><U43/><E114/><V70/><F72/><W17/><G36/><T101/><D131/><U100/><E135/><V89/><F70/><W64/><G129/><T73/><D18/><U88/><E39/><V4/><F126/><W110/><G134/><T55/><D79/><U125/><E38/><V10/><F66/><N who="3" m="25707" /><G29/><N who="1" m="11338" /><E74/><V119/><F59/><W128/><G128/><T16/><D73/><U57/><E125/><V63/><F63/><W84/><G19/><T77/><D77/><U22/><E43/><V0/><F89/><N who="3" m="53287" /><G85/><T113/><D113/><U115/><E115/><V81/><F81/><W68/><G68/><T76/><D76/><U87/><E48/><V122/><F98/><W130/><G130/><T60/><D34/><U71/><E71/><V1/><F122/><W132/><G132/><T104/><D104/><U121/><E121/><V24/><F119/><W90/><G90/><T49/><REACH who="0" step="1"/><D40/><REACH who="0" ten="197,164,382,247" step="2"/><U56/><E61/><V127/><F127/><W42/><G42/><T51/><D51/><U41/><E41/><V6/><REACH who="2" step="1"/><F20/><AGARI ba="3,1" hai="16,20,27,44,49,53,54,55,60,67,69,96,101,107" machi="20" ten="40,2600,0" yaku="1,1,54,1,53,0" doraHai="86" doraHaiUra="30" who="0" fromWho="2" sc="197,45,164,0,382,-35,247,0" /><AGARI ba="3,0" hai="20,22,23,56,57,58,82,87,88,100,102" m="11338" machi="20" ten="30,3900,0" yaku="8,1,52,1,54,1" doraHai="86" who="1" fromWho="2" sc="242,0,164,39,347,-39,247,0" />
</Scene>
<Scene>
<INIT seed="3,0,0,5,3,76" ten="242,203,308,247" oya="3" hai0="50,103,49,22,61,135,123,106,131,112,11,58,127" hai1="92,122,67,37,38,107,25,16,88,42,64,84,113" hai2="111,17,116,75,60,36,43,101,63,39,126,48,124" hai3="121,130,40,35,27,47,13,87,12,83,32,57,1"/><W102/><G1/><T97/><D123/><U128/><E122/><V31/><F75/><W24/><G121/><T2/><D127/><N who="2" m="48682" /><F101/><W129/><G102/><T118/><D118/><U14/><E113/><V45/><F31/><W8/><G57/><T66/><D131/><N who="3" m="50185" /><G27/><T91/><D135/><U20/><E128/><V93/><F17/><N who="3" m="8327" /><G13/><T74/><D74/><U98/><E107/><V99/><F93/><W15/><G15/><T90/><D112/><U9/><E98/><V19/><F19/><W69/><G24/><T78/><D78/><U86/><E86/><V33/><F99/><W71/><G32/><T53/><D50/><U55/><E55/><V5/><F5/><W44/><G35/><T0/><D22/><U52/><E52/><N who="2" m="29711" /><F33/><W29/><G29/><T46/><D11/><U132/><E132/><V59/><F116/><W18/><G18/><T134/><D134/><U82/><E92/><V62/><F111/><W100/><G100/><T89/><AGARI ba="0,0" hai="0,2,46,49,53,58,61,66,89,90,91,97,103,106" machi="89" ten="30,1100,0" yaku="0,1" doraHai="76" who="0" fromWho="0" sc="242,11,203,-3,308,-3,247,-5" />
</Scene>
<Scene>
<INIT seed="4,0,0,5,1,91" ten="253,200,305,242" oya="0" hai0="32,76,75,29,31,43,69,4,1,60,13,134,26" hai1="27,120,5,8,63,96,93,52,49,130,36,111,62" hai2="15,6,23,128,84,121,68,117,108,2,20,3,97" hai3="28,12,42,40,11,71,102,122,72,87,51,80,9"/><T106/><D31/><U22/><E111/><V101/><F68/><W25/><G71/><T77/><D134/><U135/><E36/><V81/><F108/><W66/><G72/><T47/><D106/><U18/><E120/><V50/><F121/><W129/><G129/><T54/><D1/><U39/><E39/><V104/><F128/><W67/><G102/><T7/><D69/><U112/><E135/><V109/><F117/><W99/><G99/><T35/><D35/><U92/><E130/><V110/><F2/><W89/><G122/><T115/><D115/><U73/><E73/><V95/><F23/><N who="3" m="15423" /><G9/><T58/><D75/><U103/><E112/><V53/><F3/><W98/><G98/><T79/><REACH who="0" step="1"/><D13/><REACH who="0" ten="243,200,305,242" step="2"/><N who="1" m="5263" /><E93/><V83/><F104/><W90/><G89/><T16/><D16/><U132/><E132/><V0/><F0/><W119/><G119/><T126/><D126/><U131/><E131/><V82/><F110/><W14/><G14/><T59/><D59/><AGARI ba="0,1" hai="18,22,27,49,52,59,62,63,92,96,103" m="5263" machi="59" ten="30,3900,0" yaku="8,1,52,1,54,1" doraHai="91" who="1" fromWho="0" sc="243,-39,200,49,305,0,242,0" />
</Scene>
<Scene>
<INIT seed="5,0,0,1,0,73" ten="204,249,305,242" oya="1" hai0="114,68,34,47,124,41,71,119,29,40,85,65,25" hai1="123,26,120,11,122,53,20,12,135,64,63,32,24" hai2="39,6,43,116,38,113,70,91,19,99,35,0,21" hai3="108,102,117,44,133,92,111,126,60,18,74,131,22"/><U83/><E135/><V121/><F116/><W7/><G74/><T90/><D119/><U134/><E134/><V46/><F121/><W98/><G133/><T49/><D114/><U106/><E106/><V31/><F70/><W45/><G117/><T79/><D124/><U28/><E53/><V33/><F113/><W115/><G115/><T59/><D41/><U80/><E24/><V94/><F38/><W69/><G126/><T77/><D71/><U13/><E32/><V81/><F31/><W103/><G7/><T127/><D68/><U129/><E129/><V72/><F19/><W58/><G131/><T16/><D127/><U52/><E64/><V105/><F21/><W110/><G69/><T23/><D65/><U125/><E125/><V56/><F56/><W88/><G45/><T50/><D50/><U112/><E112/><V93/><F93/><W130/><G44/><T4/><D4/><U54/><E13/><V118/><F118/><W57/><G130/><T132/><D59/><U97/><E97/><V27/><F27/><N who="3" m="14807" /><G57/><T55/><D40/><U5/><E63/><V87/><F6/><W128/><G128/><T67/><D67/><U89/><REACH who="1" step="1"/><E83/><REACH who="1" ten="204,239,305,242" step="2"/><V37/><F0/><W107/><G107/><T100/><D132/><U101/><E101/><N who="2" m="62655" /><F39/><W36/><G36/><T75/><D100/><U10/><E10/><V104/><F104/><W17/><G103/><T109/><D75/><U14/><E14/><V9/><F9/><W3/><G102/><T84/><D34/><U61/><E61/><V1/><F1/><W30/><G3/><T48/><D25/><RYUUKYOKU ba="0,1" sc="204,-15,239,15,305,15,242,-15" hai1="5,11,12,20,26,28,52,54,80,89,120,122,123" hai2="33,35,37,43,46,72,81,87,91,94" />
</Scene>
<Scene>
<INIT seed="5,1,1,2,3,41" ten="189,254,320,227" oya="1" hai0="2,71,111,67,129,64,115,78,53,98,120,92,27" hai1="21,3,113,39,84,8,133,110,62,13,51,90,55" hai2="79,10,35,123,31,61,100,47,73,135,36,48,88" hai3="43,102,130,40,72,101,24,127,89,104,80,29,70"/><U108/><E39/><V97/><F123/><W5/><G70/><T50/><D111/><N who="1" m="42539" /><E113/><V124/><F36/><W87/><G5/><T19/><D120/><U105/><E105/><V6/><F124/><W32/><G127/><T38/><D115/><U15/><E133/><V134/><F61/><W7/><G7/><T112/><D112/><U63/><E3/><V44/><F35/><W57/><G130/><T22/><D38/><U49/><E21/><V42/><F31/><W34/><G34/><T107/><D2/><U109/><E109/><V81/><F100/><W125/><G125/><T91/><D129/><U1/><E1/><V58/><F58/><W28/><G28/><T23/><D71/><U68/><E49/><V126/><F126/><W17/><G17/><T18/><D78/><U25/><E25/><V128/><F128/><W114/><G114/><T45/><REACH who="0" step="1"/><D107/><REACH who="0" ten="179,254,320,227" step="2"/><U121/><E121/><V54/><F134/><W14/><G104/><T99/><D99/><U106/><E106/><V119/><F135/><W76/><G76/><T103/><D103/><U93/><E68/><V85/><F119/><W86/><G102/><T60/><D60/><N who="1" m="23083" /><E8/><V9/><F97/><W33/><G101/><T117/><D117/><U96/><E96/><V116/><F116/><W132/><G132/><T122/><D122/><U95/><E95/><N who="2" m="54671" /><F6/><W94/><G94/><T26/><AGARI ba="1,2" hai="18,19,22,23,26,27,45,50,53,64,67,91,92,98" machi="26" ten="20,12000,2" yaku="1,1,0,1,7,1,9,1,8,1,52,1,53,0" doraHai="41" doraHaiUra="30" who="0" fromWho="0" sc="179,143,254,-61,320,-31,227,-31" />
</Scene>
<Scene>
<INIT seed="6,0,0,4,0,81" ten="322,193,289,196" oya="2" hai0="106,66,23,18,114,72,99,97,134,76,19,78,44" hai1="120,108,73,125,20,122,45,79,60,124,56,104,55" hai2="92,103,17,109,59,116,2,29,131,42,83,117,62" hai3="86,115,110,16,100,121,38,51,123,90,41,6,48"/><V27/><F2/><W46/><G110/><T85/><D72/><U96/><E20/><V37/><F109/><W64/><G100/><T35/><D35/><U80/><E108/><V32/><F117/><W10/><G64/><T30/><D114/><U36/><E104/><V57/><F116/><W49/><G115/><T95/><D134/><U4/><E4/><V91/><F131/><W39/><G39/><T135/><D106/><U94/><E36/><V24/><F103/><W21/><G6/><T33/><D33/><U40/><E40/><V1/><F1/><W84/><G10/><T47/><D135/><U12/><E12/><V101/><F101/><W28/><G28/><T9/><D66/><U8/><E8/><V89/><F83/><W102/><G102/><T71/><D71/><U133/><E45/><N who="0" m="17481" /><D9/><U118/><E118/><V0/><F0/><W65/><G65/><T53/><D53/><U13/><E13/><V26/><F37/><W88/><G123/><N who="1" m="47146" /><E133/><V126/><F42/><W22/><G121/><T128/><D128/><U68/><E68/><V111/><F126/><W14/><REACH who="3" step="1"/><G22/><REACH who="3" ten="322,193,289,186" step="2"/><T98/><D23/><U107/><E107/><V7/><F111/><W15/><G15/><T119/><D30/><U105/><E105/><V127/><F7/><W67/><G67/><T31/><D31/><U58/><E125/><V74/><F29/><W34/><G34/><T54/><D119/><U69/><E124/><V63/><F32/><W43/><G43/><T82/><D19/><U70/><E70/><V50/><F127/><W5/><G5/><T52/><D18/><RYUUKYOKU ba="0,1" sc="322,-10,193,-10,289,-10,186,30" hai3="14,16,21,38,41,46,48,49,51,84,86,88,90" />
</Scene>
<Scene>
<INIT seed="7,1,1,3,0,121" ten="312,183,279,216" oya="3" hai0="53,33,108,93,18,96,63,81,82,113,17,127,85" hai1="68,59,30,55,14,126,12,67,71,79,111,41,72" hai2="43,89,16,4,103,70,120,35,130,2,3,97,57" hai3="110,40,10,5,83,66,114,6,23,102,76,77,56"/><W90/><G102/><T118/><D33/><U75/><E126/><V135/><F70/><W131/><G114/><T86/><D118/><U123/><E123/><V105/><F120/><W65/><G131/><T0/><D0/><U52/><E41/><V32/><F130/><W84/><G110/><T128/><D108/><U78/><E30/><V58/><F43/><W21/><G40/><T50/><D63/><U36/><E111/><V19/><F135/><W122/><G122/><T99/><D113/><U47/><E47/><V94/><F35/><W88/><G77/><N who="1" m="29194" /><E67/><N who="3" m="25610" /><G56/><N who="0" m="32823" /><D127/><U100/><E100/><V20/><F32/><W27/><G21/><T95/><D128/><U51/><E51/><V28/><F28/><N who="3" m="17535" /><G10/><T107/><D107/><U129/><E129/><V119/><F119/><W25/><G25/><T80/><D18/><U29/><E29/><V134/><F134/><W109/><G109/><T112/><D17/><U1/><E1/><V45/><F45/><W62/><G62/><T44/><D44/><U92/><E36/><V124/><F124/><W7/><AGARI ba="1,1" hai="5,6,7,76,83,84,88,90" m="17535,25610" machi="7" ten="30,3000,0" yaku="8,1,54,1" doraHai="121" who="3" fromWho="3" sc="312,-11,183,-11,279,-11,216,43" />
</Scene>
<Scene>
<INIT seed="7,2,0,2,5,45" ten="301,172,268,259" oya="3" hai0="28,6,116,122,83,75,93,46,94,130,132,40,66" hai1="70,19,117,2,108,82,32,56,5,73,27,11,126" hai2="131,71,81,25,89,124,42,77,68,22,17,123,16" hai3="14,57,135,35,86,106,127,64,74,95,8,121,134"/><W58/><G106/><T44/><D116/><U98/><E108/><V12/><F124/><W50/><G74/><T53/><D122/><U72/><E126/><V21/><F123/><W96/><G35/><T79/><D66/><U110/><E110/><V23/><F131/><W18/><G86/><T103/><D130/><U120/><E120/><V41/><F71/><W133/><G127/><T31/><D132/><U115/><E117/><V85/><F68/><W80/><G80/><T24/><D6/><U4/><E115/><V55/><F55/><N who="3" m="31991" /><G121/><T0/><D0/><U43/><E70/><V60/><F60/><N who="3" m="37911" /><G95/><T114/><D114/><U78/><E43/><V26/><F77/><W13/><G13/><T63/><D31/><AGARI ba="2,0" hai="12,16,17,21,22,23,25,26,31,41,42,81,85,89" machi="31" ten="30,3900,0" yaku="7,1,8,1,54,1" doraHai="45" who="2" fromWho="0" sc="301,-45,172,0,268,45,259,0" owari="256,-14.0,172,-33.0,313,41.0,259,6.0" />
</Scene>
</mjloggm>