<mjloggm ver="2.3"><GO type="97"/><UN n0="%E5%A4%AA%E3%81%8F%E3%81%AA%E3%81%84%E3%81%8A" n1="%E6%9D%BF%E3%81%A1%E3%82%83%E3%82%93" n2="%6E%6F%66" n3="%E5%8E%9A%E7%84%BC%E3%81%8D%E3%81%9F%E3%81%BE%E3%81%94" dan="14,15,14,13" rate="1998,2030,1977,1814" sx="M,M,M,M"/><TAIKYOKU oya="0"/>

<Scene>
<INIT seed="0,0,0,4,2,25" ten="250,250,250,250" oya="0" hai0="20,32,37,48,121,96,17,11,71,135,63,47,28" hai1="56,45,33,0,58,5,46,103,70,127,24,92,19" hai2="66,8,101,43,50,64,39,79,35,133,18,60,112" hai3="113,85,94,55,105,123,117,102,42,7,51,68,1"/><T97/><D121/><U40/><E70/><V13/><F39/><W81/><G113/><T118/><D118/><U88/><E103/><V125/><F112/><W67/><G117/><T86/><D37/><U107/><E107/><V54/><F35/><W34/><G34/><T16/><D32/><U30/><E127/><V31/><F125/><W108/><G108/><T2/><D135/><U23/><E5/><V3/><F43/><W120/><G42/><N who="0" m="24695" /><D2/><U132/><E0/><V22/><F3/><W134/><G134/><T78/><D71/><U82/><E82/><V61/><F79/><W12/><G12/><N who="0" m="7199" /><D63/><N who="2" m="24138" /><F101/><W89/><G105/><T36/><D36/><U130/><E132/><V73/><F73/><W109/><G109/><T21/><D28/><U62/><E130/><V76/><F76/><W14/><G67/><T91/><D78/><U29/><E33/><V77/><F77/><W93/><G68/><T131/><D131/><U53/><E56/><N who="2" m="32855" /><F133/><W4/><G1/><T75/><D75/><U44/><E40/><V27/><AGARI ba="0,0" hai="8,13,18,22,27,31,64,66" m="32855,24138" machi="27" ten="30,2000,0" yaku="8,1,52,1" doraHai="25" who="2" fromWho="2" sc="250,-10,250,-5,250,20,250,-5" />
</Scene>
<Scene>
<INIT seed="1,0,0,3,5,48" ten="240,245,270,245" oya="1" hai0="33,120,83,76,92,86,1,38,123,49,40,6,32" hai1="106,59,78,0,29,14,103,47,134,69,8,70,132" hai2="96,22,109,124,98,90,82,91,114,105,68,117,116" hai3="60,66,80,16,107,87,45,57,108,71,89,18,50"/><U10/><E0/><V81/><F68/><W19/><G107/><T75/><D49/><U130/><E130/><V100/><F22/><W41/><G108/><T118/><D118/><U51/><E78/><V37/><F37/><W72/><G72/><T2/><D92/><U43/><E29/><V25/><F25/><W9/><REACH who="3" step="1"/><G71/><REACH who="3" ten="240,245,270,235" step="2"/><T85/><D75/><U77/><E70/><V52/><F109/><W113/><G113/><T129/><D129/><U56/><E69/><V110/><F110/><W133/><G133/><T102/><D120/><U126/><E134/><V39/><F114/><W15/><AGARI ba="0,1" hai="9,15,16,18,19,41,45,50,57,60,66,80,87,89" machi="15" ten="30,7900,0" yaku="1,1,0,1,8,1,54,1,53,0" doraHai="48" doraHaiUra="73" who="3" fromWho="3" sc="240,-20,245,-39,270,-20,235,89" />
</Scene>
<Scene>
<INIT seed="2,0,0,4,0,16" ten="220,206,250,324" oya="2" hai0="33,55,10,58,74,8,97,91,117,72,78,48,104" hai1="106,17,89,122,95,96,69,54,40,11,88,39,4" hai2="105,60,118,86,102,134,18,81,53,65,2,38,49" hai3="46,22,124,26,73,101,62,13,57,20,23,83,27"/><V51/><F2/><W87/><G73/><T99/><D33/><U36/><E122/><V128/><F118/><W126/><G101/><T70/><D70/><U115/><E115/><V113/><F113/><W59/><G46/><T71/><D71/><U80/><E106/><V107/><F38/><W30/><G13/><T32/><D32/><U110/><E110/><V108/><F108/><W133/><G133/><T35/><D35/><U15/><E69/><V94/><F134/><W75/><G75/><T100/><D117/><U64/><E64/><V0/><F0/><W47/><G47/><T67/><D67/><U24/><E54/><V29/><F107/><W114/><G114/><T127/><D127/><N who="3" m="48681" /><G30/><T3/><D78/><U121/><E40/><V12/><F29/><W112/><G112/><T77/><D77/><U125/><E125/><V63/><F128/><W68/><G68/><T5/><REACH who="0" step="1"/><D10/><REACH who="0" ten="210,206,250,324" step="2"/><U31/><E121/><V9/><F65/><N who="3" m="39119" /><G59/><T111/><D111/><U109/><E109/><V1/><F105/><W7/><G7/><T6/><D6/><U41/><E4/><V85/><F1/><W56/><G56/><T19/><D19/><U93/><E17/><V21/><F9/><W79/><AGARI ba="0,1" hai="20,22,23,26,27,79,83,87" m="39119,48681" machi="79" ten="30,7900,0" yaku="18,1,52,3" doraHai="16" who="3" fromWho="3" sc="210,-20,206,-20,250,-39,324,89" />
</Scene>
<Scene>
<INIT seed="3,0,0,2,5,109" ten="190,186,211,413" oya="3" hai0="57,28,33,117,47,20,9,135,103,6,113,11,70" hai1="40,44,51,82,36,72,83,37,34,92,24,130,10" hai2="45,55,12,35,119,100,63,27,21,111,123,102,17" hai3="127,81,75,105,41,8,95,2,84,107,116,76,93"/><W3/><G116/><T120/><D70/><U86/><E130/><V43/><F111/><W101/><G41/><T58/><D117/><U23/><E34/><V22/><F119/><W134/><G2/><T56/><D120/><U99/><E72/><V74/><F74/><W118/><G118/><T39/><D33/><U59/><E10/><V18/><F35/><W42/><G42/><T125/><D103/><U46/><E59/><N who="2" m="35327" /><F123/><W133/><G3/><T4/><D39/><U88/><E46/><V110/><F110/><W128/><G8/><N who="0" m="3147" /><D135/><N who="3" m="51721" /><G128/><T77/><D125/><U85/><E85/><V0/><F0/><W1/><G1/><T50/><D77/><U131/><E131/><V49/><AGARI ba="0,0" hai="12,17,18,21,22,27,43,45,49,100,102" m="35327" machi="49" ten="30,1100,0" yaku="8,1" doraHai="109" who="2" fromWho="2" sc="190,-3,186,-3,211,11,413,-5" owari="187,-21.0,183,-32.0,222,2.0,408,51.0" />
</Scene>
</mjloggm>