<mjloggm ver="2.3"><GO type="169" lobby="0"/><UN n0="%70%61%72%75%6F%31%31" n1="%E5%A4%AA%E3%81%8F%E3%81%AA%E3%81%84%E3%81%8A" n2="%E3%83%A1%E3%83%81%E3%83%AB%E3%82%B0%E3%83%AA%E3%83%BC%E3%83%B3" n3="%EF%BC%BC%28%EF%BC%BE%6F%EF%BC%BE%29%EF%BC%8F%E2%98%85" dan="16,18,16,17" rate="2081.74,2227.44,2078.04,2139.16" sx="M,F,M,M"/><TAIKYOKU oya="0"/>

<Scene>
<INIT seed="0,0,0,2,1,124" ten="250,250,250,250" oya="0" hai0="98,72,2,79,47,18,50,45,36,51,49,30,58" hai1="21,109,78,108,23,102,28,31,35,33,115,25,126" hai2="9,7,89,41,129,70,63,112,80,82,55,100,17" hai3="84,93,15,66,116,0,95,133,38,131,56,91,4"/><T76/><D2/><U62/><E78/><N who="0" m="29737" /><D72/><U90/><E102/><V14/><F112/><W26/><G38/><T103/><D36/><U68/><E90/><V71/><F41/><W3/><G116/><T120/><D120/><U13/><E62/><V69/><F100/><W77/><G133/><T96/><D30/><N who="1" m="11307" /><E68/><V52/><F129/><W24/><G131/><T37/><D37/><U135/><E126/><V85/><F63/><W86/><G3/><T106/><D106/><U97/><E97/><N who="0" m="37481" /><D103/><U123/><E123/><V46/><F46/><N who="0" m="17418" /><D18/><N who="1" m="10447" /><E135/><V107/><F107/><W81/><G77/><T1/><D1/><U44/><E44/><V132/><F132/><W5/><G0/><T99/><D99/><U29/><E115/><V121/><F121/><W118/><G118/><T75/><D75/><U64/><E64/><V113/><F113/><W61/><G66/><T20/><D20/><U105/><E105/><V27/><F82/><W110/><G81/><T87/><D87/><U127/><E127/><V11/><REACH who="2" step="1"/><F27/><REACH who="2" ten="250,250,240,250" step="2"/><W111/><G26/><T73/><D73/><U125/><E125/><V104/><F104/><W74/><G24/><T19/><D50/><U34/><AGARI ba="0,1" hai="23,25,29,33,34,35,108,109" m="10447,11307" machi="34" ten="40,2700,0" yaku="34,2" doraHai="124" who="1" fromWho="1" sc="250,-13,250,37,240,-7,250,-7" />
</Scene>
<Scene>
<INIT seed="1,0,0,3,5,66" ten="237,287,233,243" oya="1" hai0="62,3,9,36,45,65,127,92,85,55,106,49,100" hai1="29,78,25,83,90,30,17,120,79,19,98,74,0" hai2="46,101,28,43,26,67,57,128,105,59,73,51,81" hai3="42,118,12,129,102,71,117,2,88,113,39,16,131"/><U91/><E0/><V104/><F128/><N who="3" m="49227" /><G2/><T23/><D106/><U99/><E25/><V96/><F104/><W41/><G102/><T52/><D127/><U93/><E93/><V69/><F81/><W21/><G113/><T115/><D115/><U4/><E83/><V44/><F73/><W48/><G39/><T54/><D36/><U109/><E4/><V130/><F46/><N who="3" m="25679" /><G42/><T64/><D3/><U56/><E56/><V50/><F50/><W18/><G18/><T8/><D23/><U76/><E76/><V121/><F121/><W13/><G13/><T11/><D64/><U24/><E24/><V133/><F133/><W122/><G122/><T80/><D92/><U22/><E22/><V1/><F1/><W10/><G21/><T34/><D34/><U116/><E120/><V53/><F43/><W68/><G88/><N who="0" m="51239" /><D100/><U70/><E74/><V123/><F123/><W126/><G126/><T61/><D65/><U107/><E107/><V86/><F130/><W125/><G125/><T77/><D77/><U60/><E78/><V63/><REACH who="2" step="1"/><F86/><REACH who="2" ten="237,287,223,243" step="2"/><W14/><G14/><T72/><D72/><U7/><E79/><V132/><F132/><W6/><G6/><T84/><D84/><U75/><E75/><V35/><AGARI ba="0,1" hai="26,28,35,44,51,53,57,59,63,67,69,96,101,105" machi="35" ten="20,12000,2" yaku="1,1,0,1,7,1,25,2,52,1,53,0" doraHai="66" doraHaiUra="38" who="2" fromWho="2" sc="237,-30,287,-60,223,130,243,-30" />
</Scene>
<Scene>
<INIT seed="2,0,0,5,2,104" ten="207,227,353,213" oya="2" hai0="82,91,97,84,72,79,25,56,2,58,69,51,132" hai1="122,77,133,4,112,85,129,37,20,15,68,75,87" hai2="131,71,116,43,47,124,24,57,127,38,90,26,86" hai3="76,111,28,40,49,19,16,62,102,73,32,27,134"/><V52/><F71/><W11/><G134/><T113/><D113/><U9/><E112/><V109/><F116/><W5/><G111/><T88/><D69/><U101/><E68/><V83/><F131/><W99/><G62/><T0/><D132/><U3/><E133/><V53/><F53/><W60/><G60/><T65/><D65/><U10/><E101/><V126/><REACH who="2" step="1"/><F109/><REACH who="2" ten="207,227,343,213" step="2"/><W95/><G40/><T45/><D58/><U110/><E129/><V7/><F7/><W103/><G5/><T8/><D56/><U107/><E4/><V64/><F64/><W34/><G34/><T61/><D61/><AGARI ba="0,1" hai="24,26,38,43,47,52,57,61,83,86,90,124,126,127" machi="61" ten="40,7700,0" yaku="1,1,18,1,54,1,53,0" doraHai="104" doraHaiUra="17" who="2" fromWho="0" sc="207,-77,227,0,343,87,213,0" />
</Scene>
<Scene>
<INIT seed="2,1,0,0,0,86" ten="130,227,430,213" oya="2" hai0="108,124,114,19,89,128,71,3,51,14,111,9,74" hai1="53,65,118,25,63,122,88,24,35,69,96,109,133" hai2="21,76,10,40,83,135,8,12,56,54,1,46,98" hai3="116,101,26,15,16,79,66,117,47,13,91,95,85"/><V81/><F135/><W82/><G101/><T75/><D114/><U41/><E118/><V4/><F98/><W87/><G66/><T80/><D71/><U43/><E133/><V110/><F110/><N who="0" m="42026" /><D124/><U67/><E109/><V115/><F21/><W106/><G106/><T49/><D3/><U102/><E122/><V38/><F115/><W42/><G26/><T27/><D27/><U84/><E65/><V105/><F105/><W107/><G107/><T78/><D128/><U127/><E127/><V70/><F70/><W103/><G103/><T132/><D132/><U93/><E24/><V59/><F54/><W73/><G73/><N who="0" m="27659" /><D78/><U119/><E119/><V28/><F28/><W121/><G15/><T39/><D39/><U129/><E129/><V61/><F76/><W97/><G121/><T72/><N who="0" m="27667" /><T6/><DORA hai="20" /><D6/><U32/><E53/><V120/><F120/><W34/><G34/><T45/><D45/><U17/><E35/><V52/><F59/><W23/><REACH who="3" step="1"/><G97/><REACH who="3" ten="130,227,430,203" step="2"/><T57/><D57/><U29/><REACH who="1" step="1"/><E17/><AGARI ba="1,1" hai="1,4,8,10,12,17,38,40,46,52,56,61,81,83" machi="17" ten="30,2900,0" yaku="7,1,54,1" doraHai="86,20" who="2" fromWho="1" sc="130,0,227,-32,430,42,203,0" />
</Scene>
<Scene>
<INIT seed="2,2,0,4,0,106" ten="130,195,472,203" oya="2" hai0="74,128,4,98,18,31,132,105,103,13,15,23,119" hai1="89,28,62,34,90,129,24,79,134,122,19,56,65" hai2="130,26,54,57,113,133,121,52,99,60,81,100,38" hai3="33,114,10,82,131,78,59,50,7,40,72,88,69"/><V16/><F121/><W17/><G69/><T71/><D71/><U21/><E122/><V77/><F38/><W44/><G131/><T6/><D128/><U73/><E129/><V29/><F113/><W32/><G114/><T124/><D124/><U102/><E134/><V120/><F133/><W95/><G17/><T43/><D132/><U22/><E102/><V126/><F126/><W115/><G59/><T14/><D119/><U12/><REACH who="1" step="1"/><E34/><REACH who="1" ten="130,185,472,203" step="2"/><V51/><F120/><W101/><G101/><T45/><D31/><U97/><E97/><V8/><F130/><W37/><G115/><T70/><D98/><U94/><E94/><V117/><F117/><W86/><REACH who="3" step="1"/><G37/><REACH who="3" ten="130,185,472,193" step="2"/><T41/><D103/><U1/><E1/><AGARI ba="2,2" hai="1,7,10,32,33,40,44,50,72,78,82,86,88,95" machi="1" ten="30,8000,1" yaku="1,1,2,1,7,1,52,1,54,1,53,0" doraHai="106" doraHaiUra="93" who="3" fromWho="1" sc="130,0,185,-86,472,0,193,106" />
</Scene>
<Scene>
<INIT seed="3,0,0,5,4,112" ten="130,99,472,299" oya="3" hai0="36,73,62,46,114,66,124,131,41,134,87,92,19" hai1="9,79,23,94,48,72,99,34,32,128,5,121,27" hai2="63,76,54,47,43,4,38,50,120,130,8,21,117" hai3="77,119,64,60,51,61,16,49,1,116,101,31,80"/><W106/><G1/><T37/><D73/><U125/><E121/><V110/><F120/><W102/><G31/><T26/><D124/><U56/><E125/><V75/><F110/><W78/><G80/><T89/><D114/><U122/><E122/><V17/><F130/><W135/><G64/><T104/><D104/><U67/><E128/><V10/><F63/><W81/><G81/><T95/><D131/><U82/><E48/><V42/><F42/><W86/><G86/><T44/><D134/><U22/><E56/><V133/><F133/><W83/><G83/><T69/><D44/><U132/><E67/><V129/><F129/><W90/><G135/><T3/><D3/><U84/><E72/><V12/><F76/><W20/><G20/><T13/><D26/><U30/><E34/><V7/><F75/><W113/><G113/><T111/><D111/><U97/><E132/><V2/><F2/><W98/><G90/><T35/><D35/><U115/><E115/><V53/><F21/><W100/><G100/><T40/><D40/><U58/><E58/><V6/><F43/><W71/><G106/><T105/><D105/><U55/><E55/><V25/><F53/><W57/><G57/><T15/><D37/><U109/><E109/><V68/><F38/><W29/><G29/><T24/><D95/><U74/><E74/><V70/><F54/><W65/><G65/><T59/><D69/><U91/><REACH who="1" step="1"/><E99/><REACH who="1" ten="130,89,472,299" step="2"/><V123/><F123/><W18/><G98/><T107/><D107/><U85/><E85/><V126/><F126/><W11/><G71/><T39/><D39/><RYUUKYOKU ba="0,1" sc="130,10,89,10,472,-30,299,10" hai0="13,15,19,24,36,41,46,59,62,66,87,89,92" hai1="5,9,22,23,27,30,32,79,82,84,91,94,97" hai3="11,16,18,49,51,60,61,77,78,101,102,116,119" />
</Scene>
<Scene>
<INIT seed="3,1,1,1,1,10" ten="140,99,442,309" oya="3" hai0="120,21,1,92,3,82,58,8,117,115,106,24,38" hai1="48,132,109,45,100,6,62,68,110,57,64,34,79" hai2="12,54,60,96,73,44,31,69,26,67,85,65,91" hai3="135,130,39,105,7,103,36,52,93,128,113,2,78"/><W29/><G105/><T61/><D106/><U107/><E79/><V121/><F73/><W18/><G29/><T16/><D120/><U49/><E34/><V101/><F121/><W97/><G113/><T119/><D38/><U14/><E100/><V112/><F112/><W0/><G135/><T102/><D115/><U4/><E107/><V27/><F67/><W42/><G78/><T11/><D82/><U76/><E76/><V127/><F127/><W129/><G7/><T104/><D104/><U118/><E132/><V22/><F101/><W95/><G95/><T77/><D77/><U131/><E131/><V99/><F27/><W40/><G18/><T53/><D8/><N who="1" m="4359" /><E6/><V83/><F44/><N who="3" m="23559" /><G52/><T55/><D55/><N who="1" m="31983" /><E45/><AGARI ba="1,1" hai="0,2,39,42,45,93,97,103,128,129,130" m="23559" machi="45" ten="30,1500,0" yaku="19,1" doraHai="10" who="3" fromWho="1" sc="140,0,99,-18,442,0,309,28" />
</Scene>
<Scene>
<INIT seed="3,2,0,3,1,4" ten="140,81,442,337" oya="3" hai0="25,35,104,62,82,80,67,45,28,46,115,19,135" hai1="0,18,84,122,8,95,1,105,127,32,23,5,92" hai2="40,3,85,134,47,59,81,75,120,34,48,44,91" hai3="78,124,71,37,106,88,126,29,21,61,66,57,36"/><W128/><G106/><T11/><D104/><U24/><E105/><V94/><F34/><W131/><G78/><T2/><D135/><U114/><E122/><V74/><F134/><W10/><G21/><T38/><D115/><U102/><E114/><V118/><F118/><W125/><G29/><T108/><D108/><U9/><E127/><V68/><F68/><W119/><G119/><T111/><D111/><U83/><E32/><V97/><F120/><W132/><G132/><T42/><D46/><U41/><E41/><V73/><F3/><W60/><G10/><T123/><D123/><U16/><E102/><V112/><F112/><W13/><G13/><T39/><D39/><N who="3" m="14921" /><G88/><T12/><REACH who="0" step="1"/><D2/><REACH who="0" ten="130,81,442,337" step="2"/><U53/><E53/><AGARI ba="2,1" hai="53,57,60,61,66,71,124,125,126,128,131" m="14921" machi="53" ten="40,7700,0" yaku="18,1,34,2" doraHai="4" who="3" fromWho="1" sc="130,0,81,-83,442,0,337,93" owari="130,-27.0,-2,-50.0,442,54.0,430,23.0" />
</Scene>
</mjloggm>