<mjloggm ver="2.3"><GO type="41"/><UN n0="%E3%83%89%E3%83%B3%E3%83%99%E3%82%A8%EF%BC%81" n1="%E5%A4%AA%E3%81%8F%E3%81%AA%E3%81%84%E3%81%8A" n2="%61%6E%70%6F%6E%74%61%6E" n3="%E3%81%88%E3%81%BF%E3%82%8A%E3%81%82%E3%81%AE" dan="13,15,14,13" rate="1999,2055,1846,2077" sx="M,M,M,M"/><TAIKYOKU oya="0"/>

<Scene>
<INIT seed="0,0,0,2,3,37" ten="250,250,250,250" oya="0" hai0="82,104,110,34,5,102,94,79,109,21,15,25,38" hai1="51,0,112,130,92,28,59,41,13,106,119,27,128" hai2="118,10,103,96,33,81,40,32,18,3,125,44,95" hai3="55,113,108,77,29,52,75,76,68,111,121,74,107"/><T80/><D38/><U84/><E0/><V64/><F125/><W73/><G113/><T67/><D104/><U39/><E106/><V120/><F120/><W65/><G107/><T105/><D105/><U26/><E119/><V20/><F64/><W53/><G29/><T70/><D79/><U98/><E112/><V83/><F33/><W43/><G121/><T91/><D102/><U127/><E84/><V7/><F32/><W71/><G43/><T101/><D101/><N who="1" m="60615" /><E127/><V17/><F118/><W115/><G115/><T24/><D70/><N who="3" m="26665" /><G65/><T48/><D34/><U50/><E13/><V100/><F100/><W1/><G1/><T19/><D67/><U8/><E8/><V46/><F46/><W49/><G49/><T54/><D24/><U117/><E59/><V23/><F23/><W78/><AGARI ba="0,0" hai="52,53,55,73,74,75,76,77,78,108,111" m="26665" machi="78" ten="50,8000,1" yaku="29,2,28,2,54,1" doraHai="37" who="3" fromWho="3" sc="250,-40,250,-20,250,-20,250,80" />
</Scene>
<Scene>
<INIT seed="1,0,0,2,0,53" ten="210,230,230,330" oya="1" hai0="70,48,131,60,33,107,120,121,19,52,38,23,9" hai1="88,134,25,65,69,113,64,68,75,116,46,133,58" hai2="125,36,80,47,72,76,67,62,17,49,26,22,130" hai3="1,105,28,45,73,126,71,41,61,86,44,5,108"/><U79/><E116/><V56/><F36/><W16/><G45/><T34/><D107/><U92/><E113/><V8/><F125/><W21/><G126/><T99/><D38/><U102/><E102/><V43/><F130/><W7/><G73/><T93/><D131/><U94/><E46/><V100/><F100/><W63/><G28/><T89/><D9/><U4/><E4/><V118/><F118/><W0/><G105/><T77/><D77/><U90/><E25/><V24/><F8/><W31/><G31/><T40/><D40/><U42/><E42/><V124/><F124/><W98/><G98/><T106/><D106/><U66/><E79/><V74/><F74/><W50/><G108/><T81/><D81/><U6/><E6/><V112/><F112/><W27/><G5/><T78/><D78/><U114/><E75/><V37/><F37/><W57/><G7/><T117/><D117/><U95/><E114/><V14/><AGARI ba="0,0" hai="14,17,22,24,26,43,47,49,56,62,67,72,76,80" machi="14" ten="20,2700,0" yaku="0,1,7,1,52,1" doraHai="53" who="2" fromWho="2" sc="210,-7,230,-13,230,27,330,-7" />
</Scene>
<Scene>
<INIT seed="2,0,0,4,1,53" ten="203,217,257,323" oya="2" hai0="125,78,105,119,87,113,27,54,95,91,11,12,110" hai1="93,89,118,126,86,22,32,77,50,99,101,61,70" hai2="40,13,23,84,41,116,104,63,76,94,17,73,56" hai3="48,25,42,33,121,7,133,39,47,90,108,123,31"/><V82/><F116/><W8/><G133/><T6/><D105/><U60/><E118/><V111/><F104/><W14/><G108/><T85/><D119/><U4/><E32/><V15/><F111/><W100/><G100/><T75/><D113/><U97/><E126/><V67/><F73/><W74/><G74/><T109/><D125/><U68/><E4/><V128/><F128/><W69/><G69/><T16/><D75/><U37/><E37/><V98/><F13/><W1/><G90/><AGARI ba="0,0" hai="15,17,23,40,41,56,63,67,76,82,84,90,94,98" machi="90" ten="30,5800,0" yaku="7,1,8,1,52,1" doraHai="53" who="2" fromWho="3" sc="203,0,217,0,257,58,323,-58" />
</Scene>
<Scene>
<INIT seed="2,1,0,3,3,122" ten="203,217,315,265" oya="2" hai0="119,47,49,65,131,128,31,20,129,46,95,2,27" hai1="73,75,134,26,121,68,107,80,111,70,91,114,45" hai2="34,66,25,81,98,108,40,64,48,79,113,100,51" hai3="78,42,69,30,23,99,37,105,77,94,19,52,133"/><V55/><F113/><W16/><G105/><T18/><D2/><U29/><E114/><V60/><F34/><W32/><G32/><T0/><D0/><U102/><E45/><V54/><F40/><W115/><G69/><T3/><D3/><U67/><E91/><V44/><F60/><W92/><G115/><T106/><D106/><U130/><E121/><V11/><F11/><W87/><G42/><T132/><D132/><U33/><E134/><V123/><F123/><W101/><G37/><T127/><D127/><U74/><E130/><V90/><F100/><W85/><G30/><T41/><D119/><U71/><E111/><V10/><F108/><W13/><G133/><T88/><D65/><N who="2" m="25194" /><F10/><W9/><G52/><N who="2" m="20009" /><F79/><W126/><G126/><T84/><D46/><U125/><E125/><V112/><F112/><W56/><G56/><T6/><D6/><U82/><E67/><V1/><F1/><W21/><G9/><T36/><REACH who="0" step="1"/><D31/><REACH who="0" ten="193,217,315,265" step="2"/><U117/><E117/><V4/><F4/><W72/><G72/><T17/><D17/><U62/><E74/><V35/><F35/><W12/><G101/><T28/><D28/><U135/><E135/><V58/><F44/><W63/><G63/><T103/><D103/><U24/><E62/><V116/><F116/><W93/><G99/><T124/><D124/><U39/><E102/><V38/><F38/><AGARI ba="1,1" hai="18,20,27,36,38,41,47,49,84,88,95,128,129,131" machi="38" ten="40,5200,0" yaku="1,1,19,1,54,1,53,0" doraHai="122" doraHaiUra="109" who="0" fromWho="2" sc="193,65,217,0,315,-55,265,0" />
</Scene>
<Scene>
<INIT seed="3,0,0,5,2,82" ten="258,217,260,265" oya="3" hai0="21,78,31,48,76,36,51,58,84,118,40,75,9" hai1="102,99,97,6,63,132,114,34,56,71,123,30,121" hai2="3,60,96,116,2,111,1,95,5,105,70,126,69" hai3="67,18,65,35,37,74,106,43,88,19,62,24,47"/><W45/><G74/><T80/><D118/><U120/><E114/><V87/><F116/><W22/><G106/><T41/><D36/><U98/><E132/><V26/><F111/><W101/><G101/><T83/><D9/><U93/><E6/><V89/><F126/><W113/><G113/><T92/><D92/><U61/><E71/><V49/><F26/><W119/><G119/><T129/><D129/><U20/><E34/><V27/><F5/><W77/><G77/><T11/><D11/><U29/><E63/><V108/><F108/><W94/><G47/><T54/><D48/><U52/><E20/><V23/><F60/><W73/><G73/><T133/><D133/><U110/><E110/><V90/><F105/><W131/><G131/><T28/><D28/><U134/><E134/><V8/><F8/><W16/><G35/><T112/><D112/><U7/><E7/><V124/><F124/><W59/><G67/><T91/><D91/><U39/><E39/><V42/><F49/><W32/><G32/><T53/><D54/><U33/><REACH who="1" step="1"/><E29/><REACH who="1" ten="258,207,260,265" step="2"/><V81/><REACH who="2" step="1"/><F42/><REACH who="2" ten="258,207,250,265" step="2"/><W125/><REACH who="3" step="1"/><G125/><REACH who="3" ten="258,207,250,255" step="2"/><T86/><REACH who="0" step="1"/><D75/><REACH who="0" ten="248,207,250,255" step="2"/><RYUUKYOKU type="reach4" ba="0,4" sc="248,0,207,0,250,0,255,0" hai0="21,31,40,41,51,53,58,76,78,80,83,84,86" hai1="30,33,52,56,61,93,97,98,99,102,120,121,123" hai2="1,2,3,23,27,69,70,81,87,89,90,95,96" hai3="16,18,19,22,24,37,43,45,59,62,65,88,94" />
</Scene>
<Scene>
<INIT seed="3,1,4,0,2,106" ten="248,207,250,255" oya="3" hai0="64,4,113,74,13,127,67,81,66,23,37,111,5" hai1="71,33,9,28,78,133,53,42,59,22,85,73,10" hai2="61,63,72,125,30,18,115,130,49,45,114,6,46" hai3="69,121,119,35,11,58,103,91,99,70,79,34,15"/><W129/><G119/><T26/><D37/><U97/><E71/><V60/><F6/><W110/><G121/><T52/><D127/><U80/><E33/><V0/><F0/><W134/><G69/><T2/><D2/><U75/><E133/><V126/><F30/><W102/><G134/><T1/><D1/><U84/><E42/><N who="2" m="24759" /><F72/><W101/><G70/><T20/><D113/><N who="2" m="43018" /><F18/><N who="3" m="8575" /><G34/><T76/><D111/><U109/><E109/><V65/><F130/><W62/><G35/><T122/><D122/><U124/><E124/><N who="2" m="47723" /><F46/><W87/><G110/><T8/><D4/><U116/><E116/><V47/><F47/><W77/><G99/><T25/><D25/><N who="1" m="16439" /><E75/><V118/><F118/><W17/><G17/><T83/><D83/><N who="1" m="47223" /><E97/><V132/><F132/><W89/><G129/><T123/><D123/><U128/><E73/><V107/><F107/><W96/><G96/><T24/><D24/><U95/><E128/><V40/><F40/><W32/><G32/><T29/><REACH who="0" step="1"/><D23/><REACH who="0" ten="238,207,250,255" step="2"/><U39/><E39/><V57/><AGARI ba="1,5" hai="57,60,61,63,65" m="47723,43018,24759" machi="57" ten="30,4000,0" yaku="18,1,34,2" doraHai="106" who="2" fromWho="2" sc="238,-11,207,-11,250,93,255,-21" />
</Scene>
<Scene>
<INIT seed="4,0,0,4,3,124" ten="227,196,343,234" oya="0" hai0="16,28,50,7,73,102,119,23,33,81,110,123,69" hai1="130,131,31,1,40,29,67,104,68,38,43,65,83" hai2="14,61,127,10,92,34,103,99,135,132,21,133,17" hai3="90,64,122,71,59,93,35,75,106,3,108,70,45"/><T118/><D69/><U84/><E104/><V19/><F34/><W85/><G106/><T36/><D36/><U13/><E1/><V74/><F74/><W105/><G105/><T100/><D7/><U32/><E13/><N who="2" m="9391" /><F61/><W6/><G75/><T30/><D33/><U121/><E121/><V4/><F127/><W66/><G108/><T82/><D73/><U5/><E5/><AGARI ba="0,0" hai="4,5,10,14,19,92,99,103,132,133,135" m="9391" machi="5" ten="30,1000,0" yaku="20,1" doraHai="124" who="2" fromWho="1" sc="227,0,196,-10,343,10,234,0" />
</Scene>
<Scene>
<INIT seed="5,0,0,2,1,110" ten="227,186,353,234" oya="1" hai0="20,7,128,93,43,120,29,79,34,15,54,74,8" hai1="49,89,59,72,102,9,38,25,104,132,108,37,95" hai2="130,125,56,4,52,28,26,129,78,13,64,50,46" hai3="111,92,118,31,69,88,119,19,66,100,32,24,98"/><U134/><E72/><V83/><F4/><W70/><G111/><T90/><D43/><U53/><E108/><V48/><F64/><W107/><G19/><T124/><D124/><U42/><E42/><V94/><F13/><W39/><G39/><T113/><D120/><U6/><E25/><V27/><F94/><W105/><G105/><T63/><D128/><N who="2" m="49258" /><F28/><W40/><G40/><T60/><D79/><U127/><E127/><V103/><F103/><W77/><G77/><T51/><D74/><U115/><E102/><V133/><F125/><W82/><G82/><T65/><D34/><U61/><E104/><V135/><F48/><W99/><REACH who="3" step="1"/><G66/><REACH who="3" ten="227,186,353,224" step="2"/><T85/><D65/><U18/><E18/><V112/><F83/><W12/><G12/><T44/><REACH who="0" step="1"/><D113/><REACH who="0" ten="217,186,353,224" step="2"/><U3/><E115/><V106/><F112/><W67/><G67/><T117/><D117/><AGARI ba="0,2" hai="24,31,32,69,70,88,92,98,99,100,107,117,118,119" machi="117" ten="40,5200,0" yaku="1,1,12,1,54,1,53,0" doraHai="110" doraHaiUra="71" who="3" fromWho="0" sc="217,-52,186,0,353,0,224,72" />
</Scene>
<Scene>
<INIT seed="6,0,0,3,2,130" ten="165,186,353,296" oya="2" hai0="36,55,83,96,123,105,128,61,119,2,80,107,46" hai1="4,113,14,48,45,35,98,95,71,19,100,1,99" hai2="56,52,70,97,135,58,84,110,106,76,122,104,11" hai3="34,111,20,15,132,47,72,89,65,91,93,37,39"/><V69/><F122/><W57/><G34/><T118/><D2/><U73/><E73/><V3/><F97/><W26/><G111/><T33/><D33/><U121/><E35/><V32/><F32/><W23/><G72/><T6/><D6/><U10/><E71/><V115/><F110/><W131/><G15/><T129/><D61/><U7/><E121/><V112/><F58/><W42/><G37/><T28/><D28/><U54/><E113/><N who="2" m="43595" /><F76/><W133/><G131/><N who="0" m="50251" /><D55/><U103/><REACH who="1" step="1"/><E1/><REACH who="1" ten="165,176,353,296" step="2"/><V41/><F3/><W62/><G26/><T82/><D123/><U85/><E85/><V0/><F84/><N who="3" m="52391" /><G91/><T64/><D64/><U81/><E81/><V43/><F70/><W66/><G66/><T134/><D46/><U125/><E125/><V60/><F69/><W13/><G13/><T88/><D36/><U79/><E79/><V117/><F117/><N who="0" m="44554" /><D134/><AGARI ba="0,1" hai="20,23,39,42,47,57,62,65,132,133,134" m="52391" machi="134" ten="30,7700,0" yaku="20,1,52,3" doraHai="130" who="3" fromWho="0" sc="165,-77,176,0,353,0,296,87" />
</Scene>
<Scene>
<INIT seed="7,0,0,4,4,48" ten="88,176,353,383" oya="3" hai0="16,56,8,42,6,47,111,12,45,51,125,27,72" hai1="67,24,123,71,81,30,63,38,82,104,92,4,115" hai2="17,40,106,59,2,32,102,54,13,26,96,29,117" hai3="135,5,78,88,39,131,107,129,52,77,76,44,11"/><W19/><G135/><T57/><D57/><U1/><E123/><V49/><F117/><W46/><G107/><T101/><D72/><U128/><E38/><V36/><F2/><W34/><G34/><T55/><D111/><U120/><E120/><V79/><F79/><W85/><G19/><T41/><D125/><U91/><E104/><V70/><F70/><W14/><G52/><T53/><D101/><U127/><E127/><V20/><F36/><W25/><G25/><T100/><D100/><U105/><E105/><V23/><REACH who="2" step="1"/><F40/><REACH who="2" ten="88,176,343,383" step="2"/><N who="0" m="15466" /><D47/><U43/><E43/><V109/><F109/><W64/><G39/><T113/><D113/><U28/><E115/><V99/><F99/><W37/><G37/><T21/><D53/><U18/><E1/><V22/><AGARI ba="0,1" hai="13,17,20,22,23,26,29,32,49,54,59,96,102,106" machi="22" ten="20,5200,0" yaku="1,1,0,1,7,1,52,1,53,0" doraHai="48" doraHaiUra="126" who="2" fromWho="2" sc="88,-13,176,-13,343,62,383,-26" owari="75,-42.0,163,-24.0,405,50.0,357,16.0" />
</Scene>
</mjloggm>