<mjloggm ver="2.3"><GO type="169"/><UN n0="%E6%A3%92%E8%A7%92" n1="%4D%49%40%34%32%38" n2="%E3%83%96%E3%83%83%E3%83%91%E7%A5%9E" n3="%E5%A4%AA%E3%81%8F%E3%81%AA%E3%81%84%E3%81%8A" dan="16,16,17,17" rate="2123,2063,2135,2143" sx="M,M,M,M"/><TAIKYOKU oya="0"/>

<Scene>
<INIT seed="0,0,0,0,5,18" ten="250,250,250,250" oya="0" hai0="85,10,55,2,73,44,51,75,56,129,114,108,16" hai1="25,65,79,128,60,122,61,67,68,58,3,4,39" hai2="133,78,26,19,43,125,57,17,97,22,81,95,28" hai3="102,90,112,99,92,13,100,113,76,127,14,32,30"/><T63/><D114/><U109/><E122/><V116/><F125/><W74/><G127/><T135/><D135/><U117/><E117/><V31/><F133/><W123/><G123/><T124/><D124/><U84/><E39/><V5/><F116/><W118/><G118/><T34/><D34/><U62/><E109/><V110/><F110/><W59/><G32/><T38/><D108/><U23/><E61/><V126/><F126/><W101/><G30/><T132/><D38/><U29/><E128/><V12/><F5/><W77/><G59/><T105/><D105/><U27/><E4/><V9/><F43/><W64/><G64/><T0/><D129/><U103/><E103/><V89/><REACH who="2" step="1"/><F57/><REACH who="2" ten="250,250,240,250" step="2"/><W69/><G69/><T70/><D70/><U47/><E3/><V33/><F33/><W21/><G112/><T134/><D2/><U72/><E58/><V52/><F52/><W121/><G113/><T42/><D0/><U66/><E68/><V115/><F115/><W88/><G121/><T8/><D134/><U53/><E53/><V15/><F15/><W41/><G41/><T24/><D132/><U35/><E35/><V107/><F107/><W7/><G7/><T130/><D130/><U49/><E67/><V94/><F94/><W119/><G119/><T80/><D75/><AGARI ba="0,1" hai="9,12,17,19,22,26,28,31,75,78,81,89,95,97" machi="75" ten="30,7700,0" yaku="1,1,7,1,52,1,53,1" doraHai="18" doraHaiUra="91" who="2" fromWho="0" sc="250,-77,250,0,240,87,250,0" />
</Scene>
<Scene>
<INIT seed="1,0,0,1,1,35" ten="173,250,327,250" oya="1" hai0="66,91,131,97,80,135,98,22,17,0,10,61,31" hai1="20,3,8,114,52,84,27,49,70,2,51,16,122" hai2="130,93,69,92,81,129,109,133,18,21,83,25,78" hai3="59,121,115,120,127,79,89,128,29,23,64,36,26"/><U38/><E114/><V46/><F69/><W42/><G115/><T90/><D135/><U19/><E38/><V67/><F67/><W73/><G128/><T14/><D131/><U116/><E116/><V111/><F133/><W43/><G127/><T99/><D80/><U77/><E70/><V113/><F113/><W119/><G119/><T63/><D63/><U4/><E122/><V62/><F62/><W12/><G36/><T41/><D41/><U88/><E77/><V56/><F56/><W75/><G75/><T126/><D126/><U1/><E19/><V44/><F129/><W50/><G73/><T95/><D91/><U9/><E9/><V102/><F130/><W117/><G79/><T68/><D31/><U32/><E32/><V39/><F83/><W123/><G117/><T47/><D47/><U132/><E132/><V134/><F134/><W60/><G50/><T54/><D54/><U30/><E30/><V40/><F46/><W110/><G110/><N who="2" m="41993" /><F102/><W105/><G105/><T112/><D112/><U34/><E34/><V55/><F55/><W124/><G124/><T104/><D104/><U108/><E108/><V85/><AGARI ba="0,0" hai="18,21,25,39,40,44,78,81,85,92,93" m="41993" machi="85" ten="30,1100,0" yaku="14,1" doraHai="35" who="2" fromWho="2" sc="173,-3,250,-5,327,11,250,-3" />
</Scene>
<Scene>
<INIT seed="2,0,0,0,3,29" ten="170,245,338,247" oya="2" hai0="87,73,97,98,70,33,37,12,111,8,56,119,58" hai1="60,62,10,42,72,75,113,30,49,129,44,69,76" hai2="2,53,32,40,99,121,63,105,34,31,85,132,131" hai3="27,64,110,17,18,127,38,93,80,0,103,22,20"/><V36/><F121/><W13/><G38/><T51/><D37/><U107/><E113/><V23/><F2/><W67/><G0/><T79/><D70/><U90/><E107/><V82/><F131/><W108/><G127/><T46/><D73/><U106/><E106/><V74/><F74/><W96/><REACH who="3" step="1"/><G80/><REACH who="3" ten="170,245,338,237" step="2"/><T39/><D39/><U122/><E122/><V95/><F36/><W48/><G48/><T114/><D114/><U65/><E49/><V109/><F82/><W124/><G124/><T19/><D119/><U45/><E129/><V26/><F63/><W100/><G100/><T89/><D111/><AGARI ba="0,1" hai="13,17,18,20,22,27,64,67,93,96,103,108,110,111" machi="111" ten="40,2600,0" yaku="1,1,14,1,53,0" doraHai="29" doraHaiUra="1" who="3" fromWho="0" sc="170,-26,245,0,338,0,237,36" />
</Scene>
<Scene>
<INIT seed="3,0,0,0,3,50" ten="144,245,338,273" oya="3" hai0="63,79,121,68,77,88,57,7,36,45,8,61,95" hai1="27,65,89,30,24,42,47,98,111,131,71,92,113" hai2="48,91,76,38,0,54,105,69,135,83,43,53,3" hai3="39,120,15,59,81,56,94,60,117,80,5,87,21"/><W40/><G120/><T93/><D121/><U62/><E113/><V130/><F105/><W16/><G117/><T127/><D127/><U25/><E111/><V90/><F69/><W108/><G108/><T109/><D109/><U110/><E110/><V34/><F34/><W11/><G39/><T129/><D129/><U1/><E1/><V70/><F70/><W12/><G40/><T96/><D95/><U82/><E131/><V125/><F130/><W41/><G41/><T112/><D112/><U133/><E133/><V64/><F64/><W132/><G132/><T17/><D45/><U123/><E123/><V22/><F135/><W9/><G21/><T31/><D31/><U14/><E14/><V67/><F67/><W19/><G5/><T13/><D36/><U74/><E82/><V20/><F38/><W78/><G94/><T116/><D116/><U118/><E74/><V72/><F125/><W33/><G33/><T6/><D63/><U37/><REACH who="1" step="1"/><E118/><REACH who="1" ten="144,235,338,273" step="2"/><V23/><F0/><W106/><G106/><T126/><D126/><U32/><AGARI ba="0,1" hai="24,25,27,30,32,37,42,47,62,65,71,89,92,98" machi="32" ten="20,5200,0" yaku="1,1,2,1,0,1,7,1,53,0" doraHai="50" doraHaiUra="73" who="1" fromWho="1" sc="144,-13,235,62,338,-13,273,-26" />
</Scene>
<Scene>
<INIT seed="4,0,0,2,5,46" ten="131,297,325,247" oya="0" hai0="122,108,34,20,88,9,120,128,110,75,44,70,47" hai1="4,133,24,63,22,117,107,48,103,89,36,126,69" hai2="28,12,77,23,113,57,55,76,31,99,105,127,19" hai3="30,72,37,61,83,25,85,68,15,64,65,10,91"/><T3/><D34/><U49/><E36/><V125/><F113/><W42/><G72/><T27/><D70/><U132/><E117/><V79/><F105/><W71/><G37/><T119/><D75/><U73/><E126/><N who="2" m="48139" /><F99/><W98/><G42/><T29/><D47/><U100/><E73/><V21/><F21/><W134/><G134/><N who="1" m="51818" /><E4/><V39/><F39/><W14/><G98/><T60/><D44/><U5/><E5/><V56/><F56/><W102/><G102/><N who="1" m="38954" /><E89/><V111/><F111/><N who="0" m="42538" /><D60/><AGARI ba="0,0" hai="12,19,23,28,31,55,57,60,76,77,79" m="48139" machi="60" ten="30,1000,0" yaku="18,1" doraHai="46" who="2" fromWho="0" sc="131,-10,297,0,325,10,247,0" />
</Scene>
<Scene>
<INIT seed="5,0,0,3,3,54" ten="121,297,335,247" oya="1" hai0="23,11,91,53,134,25,64,102,35,34,111,51,107" hai1="125,66,131,69,48,120,18,27,60,15,40,65,104" hai2="77,119,12,133,99,16,95,130,124,63,100,96,43" hai3="129,30,113,101,17,49,127,38,75,50,31,36,110"/><U8/><E120/><V122/><F122/><W118/><G110/><T116/><D111/><U121/><E121/><V97/><F119/><W33/><G75/><T2/><D116/><U106/><E125/><V78/><F124/><W19/><G127/><T10/><D64/><U108/><E108/><V85/><F130/><W3/><G118/><T13/><D134/><U7/><E131/><V89/><F133/><W135/><G135/><T24/><D91/><U9/><E66/><V57/><F43/><W52/><G129/><T80/><D80/><U42/><E27/><V55/><F100/><W1/><G101/><T76/><D76/><U115/><E115/><V20/><AGARI ba="0,0" hai="12,16,20,55,57,63,77,78,85,89,95,96,97,99" machi="20" ten="30,7900,0" yaku="0,1,8,1,52,1,54,1" doraHai="54" who="2" fromWho="2" sc="121,-20,297,-39,335,79,247,-20" />
</Scene>
<Scene>
<INIT seed="6,0,0,1,1,128" ten="101,258,414,227" oya="2" hai0="19,106,45,18,84,8,37,82,86,125,40,0,123" hai1="103,97,33,71,44,20,3,15,62,121,51,30,49" hai2="126,109,76,29,75,41,1,4,124,55,9,100,89" hai3="101,70,105,74,78,104,69,24,21,114,28,107,13"/><V27/><F109/><W60/><G114/><T80/><D106/><U72/><E3/><V16/><F100/><W39/><G39/><T85/><D123/><U67/><E72/><V46/><F55/><W95/><G60/><T42/><D125/><U59/><E121/><V111/><F111/><W57/><G57/><T118/><D118/><U113/><E113/><V6/><F89/><W79/><G13/><T47/><D0/><U102/><E33/><V5/><F5/><W66/><G66/><T120/><D120/><U73/><E73/><V112/><F6/><W131/><G131/><T117/><D117/><U43/><E97/><V127/><F112/><W122/><G122/><T31/><D31/><U129/><E129/><V2/><F2/><W32/><G21/><T87/><D8/><U98/><E15/><V14/><F76/><W119/><G119/><T58/><D58/><U65/><E20/><V10/><F75/><W88/><G101/><T81/><N who="0" m="22016" /><DORA hai="90" /><T11/><REACH who="0" step="1"/><D11/><REACH who="0" ten="91,258,414,227" step="2"/><U116/><E30/><V133/><F29/><W53/><G74/><T26/><D26/><U64/><E59/><V7/><F27/><W91/><G79/><T94/><D94/><U63/><E116/><V96/><F4/><W134/><G78/><T108/><D108/><U50/><E71/><V99/><F124/><W115/><G115/><T48/><AGARI ba="0,1" hai="18,19,37,40,42,45,47,48,80,81,82" m="22016" machi="48" ten="50,3200,0" yaku="1,1,0,1,53,0" doraHai="128,90" doraHaiUra="56,54" who="0" fromWho="0" sc="91,42,258,-8,414,-16,227,-8" />
</Scene>
<Scene>
<INIT seed="7,0,0,4,3,50" ten="133,250,398,219" oya="3" hai0="124,111,40,69,57,65,126,122,115,13,105,86,3" hai1="38,102,123,1,93,125,48,100,11,58,120,110,55" hai2="88,74,2,17,71,45,134,80,35,24,85,116,20" hai3="127,103,52,76,23,59,10,84,135,121,83,63,28"/><W104/><G121/><T92/><D13/><U64/><E110/><V132/><F116/><W101/><G127/><N who="0" m="48683" /><D92/><U77/><E38/><V70/><F2/><W15/><G135/><N who="2" m="51753" /><F45/><W21/><G104/><T34/><D86/><U8/><E48/><V78/><F35/><W82/><G82/><AGARI ba="0,0" hai="17,20,24,70,71,74,78,80,82,85,88" m="51753" machi="82" ten="30,2000,0" yaku="20,1,54,1" doraHai="50" who="2" fromWho="3" sc="133,0,250,0,398,20,219,-20" owari="133,-37.0,250,5.0,418,52.0,199,-20.0" />
</Scene>
</mjloggm>