<mjloggm ver="2.3"><GO type="97"/><UN n0="%4E%4E%50" n1="%E9%95%B7%E6%9D%91%E5%A4%A7%E6%98%8E%E7%A5%9E" n2="%E3%81%93%E3%82%8C%E3%81%AA%E3%81%AE%EF%BC%9F" n3="%E5%A4%AA%E3%81%8F%E3%81%AA%E3%81%84%E3%81%8A" dan="14,15,14,13" rate="1841,2029,1880,1954" sx="M,F,M,M"/><TAIKYOKU oya="0"/>

<Scene>
<INIT seed="0,0,0,4,3,97" ten="250,250,250,250" oya="0" hai0="114,46,122,73,51,38,18,50,13,6,110,30,126" hai1="48,21,118,111,7,25,135,79,66,41,112,116,34" hai2="5,75,63,67,19,134,131,120,125,28,1,29,89" hai3="11,45,108,0,94,47,117,87,77,39,99,10,78"/><T55/><D122/><U27/><E111/><V91/><F120/><W106/><G117/><T96/><D114/><U16/><E135/><V121/><F75/><W35/><G35/><T102/><D110/><U23/><E112/><V12/><F121/><W62/><G106/><T36/><D126/><U43/><E34/><V4/><F134/><W115/><G115/><T32/><D6/><U9/><E66/><V2/><F125/><W93/><G0/><T60/><D60/><U101/><E101/><V8/><F131/><W82/><G108/><T22/><D73/><U37/><E79/><V70/><F29/><W133/><G133/><T76/><D76/><U20/><E48/><V44/><F44/><N who="3" m="16971" /><G77/><T92/><D51/><U65/><E21/><V56/><F70/><W95/><G39/><T59/><REACH who="0" step="1"/><D46/><REACH who="0" ten="240,250,250,250" step="2"/><U72/><E37/><V104/><F104/><W24/><G62/><T103/><D103/><U61/><E72/><V42/><F42/><W128/><G78/><T124/><D124/><U84/><E118/><V33/><F5/><W109/><G109/><T86/><D86/><U52/><E116/><V130/><F2/><W14/><G87/><T100/><D100/><U113/><E84/><V53/><F130/><W98/><G128/><T54/><D54/><U83/><E52/><V127/><F53/><W17/><G99/><T49/><D49/><U58/><E113/><V132/><F132/><W129/><G98/><T74/><D74/><U3/><REACH who="1" step="1"/><E83/><REACH who="1" ten="240,240,250,250" step="2"/><V31/><F127/><W57/><G82/><T88/><D88/><U105/><E105/><V80/><F91/><RYUUKYOKU ba="0,2" sc="240,15,240,15,250,-15,250,-15" hai0="13,18,22,30,32,36,38,50,55,59,92,96,102" hai1="3,7,9,16,20,23,25,27,41,43,58,61,65" />
</Scene>
<Scene>
<INIT seed="0,1,2,3,2,122" ten="255,255,235,235" oya="0" hai0="23,63,121,98,102,75,21,79,71,22,64,43,67" hai1="14,50,129,47,40,57,86,127,105,16,24,90,116" hai2="53,119,94,59,3,41,74,95,56,0,39,128,93" hai3="25,44,120,58,62,20,19,55,106,61,131,52,84"/><T18/><D121/><U108/><E116/><V2/><F119/><W88/><G120/><T118/><D118/><U70/><E105/><V104/><F128/><W82/><G131/><T78/><D43/><U134/><E70/><V11/><F104/><W31/><G106/><T9/><D75/><U97/><E129/><V5/><F74/><W29/><G44/><T17/><D9/><U96/><E24/><V99/><F41/><W30/><REACH who="3" step="1"/><G62/><REACH who="3" ten="255,255,235,225" step="2"/><T13/><D67/><AGARI ba="1,3" hai="19,20,25,29,30,31,52,55,58,61,67,82,84,88" machi="67" ten="40,8000,1" yaku="1,1,2,1,8,1,54,2,53,0" doraHai="122" doraHaiUra="42" who="3" fromWho="0" sc="255,-83,255,0,235,0,225,113" />
</Scene>
<Scene>
<INIT seed="1,0,0,0,5,87" ten="172,255,235,338" oya="1" hai0="121,84,75,32,52,60,42,110,78,83,55,76,47" hai1="66,50,0,3,36,116,73,25,103,112,18,71,51" hai2="94,85,119,22,125,38,135,101,20,113,95,1,70" hai3="92,61,24,107,80,124,96,40,91,17,29,63,33"/><U123/><E112/><V109/><F119/><W100/><G124/><T115/><D121/><U39/><E116/><V117/><F70/><W59/><G40/><T19/><D32/><U65/><E73/><V102/><F117/><W105/><G17/><T129/><D115/><U46/><E123/><V48/><F113/><W77/><G100/><T10/><D129/><U134/><E103/><N who="2" m="39435" /><F125/><W131/><G131/><T15/><D110/><U111/><E50/><V8/><F109/><W97/><G97/><T82/><REACH who="0" step="1"/><D60/><REACH who="0" ten="162,255,235,338" step="2"/><U7/><E111/><V120/><F120/><W79/><G63/><T31/><D31/><U93/><E134/><V5/><F135/><W108/><G108/><T64/><D64/><U16/><E65/><V126/><F38/><AGARI ba="0,1" hai="10,15,19,38,42,47,52,55,75,76,78,82,83,84" machi="38" ten="30,3900,0" yaku="1,1,7,1,54,1,53,0" doraHai="87" doraHaiUra="127" who="0" fromWho="2" sc="162,49,255,0,235,-39,338,0" />
</Scene>
<Scene>
<INIT seed="2,0,0,3,3,90" ten="211,255,196,338" oya="2" hai0="5,111,85,47,56,105,108,126,27,36,124,43,95" hai1="107,21,57,127,78,130,129,67,64,1,79,84,77" hai2="35,122,109,34,0,82,15,4,135,55,116,131,83" hai3="99,120,89,45,6,14,8,18,62,134,81,38,71"/><V24/><F122/><W119/><G120/><T128/><D105/><U68/><E107/><V76/><F116/><W41/><G119/><T23/><D5/><U114/><E68/><V103/><F135/><W40/><G134/><T11/><D11/><U98/><E114/><V117/><F131/><N who="1" m="50185" /><E98/><V39/><F117/><W87/><G41/><T101/><D56/><U73/><E1/><V121/><F109/><N who="0" m="42058" /><D128/><U106/><E106/><V91/><F121/><W113/><G113/><T33/><D33/><U44/><E73/><V48/><F39/><W12/><G99/><N who="0" m="59647" /><D85/><U37/><E127/><V93/><F0/><W16/><G71/><T69/><D69/><U92/><E57/><V7/><F34/><W61/><REACH who="3" step="1"/><G6/><REACH who="3" ten="211,255,196,328" step="2"/><N who="2" m="2089" /><F35/><W58/><G58/><T123/><D123/><U51/><E37/><V49/><F24/><W118/><G118/><T59/><D59/><U31/><E44/><N who="2" m="28039" /><F76/><W88/><G88/><T29/><AGARI ba="0,1" hai="23,27,29,36,43,47,124,126" m="59647,42058" machi="29" ten="30,2000,0" yaku="14,1,52,1" doraHai="90" who="0" fromWho="0" sc="211,30,255,-5,196,-10,328,-5" />
</Scene>
<Scene>
<INIT seed="3,0,0,1,0,83" ten="241,250,186,323" oya="3" hai0="107,111,96,15,52,101,18,130,84,39,106,123,8" hai1="81,6,112,27,135,20,119,35,38,72,131,132,41" hai2="133,75,100,19,76,77,64,16,114,49,90,70,0" hai3="60,88,40,53,46,3,86,50,45,78,97,92,33"/><W43/><G33/><T128/><D39/><U117/><E131/><N who="0" m="50217" /><D123/><U129/><E129/><V125/><F114/><W65/><G3/><T63/><D111/><U110/><E41/><N who="3" m="15946" /><G65/><T127/><D127/><U26/><E38/><V103/><F0/><W87/><G60/><T25/><D25/><U62/><E72/><V57/><F133/><N who="1" m="51273" /><E81/><V28/><F125/><W67/><G67/><T2/><D2/><U32/><E62/><N who="2" m="37967" /><F75/><W4/><G4/><T82/><D96/><U34/><E110/><V54/><F70/><W74/><G74/><T94/><D94/><U59/><E59/><N who="2" m="33231" /><F28/><W118/><G118/><N who="1" m="45066" /><E112/><V69/><F69/><W120/><G120/><T48/><D101/><N who="2" m="38986" /><F90/><W95/><G78/><AGARI ba="0,0" hai="16,19,76,77,78" m="38986,33231,37967" machi="78" ten="30,2000,0" yaku="8,1,54,1" doraHai="83" who="2" fromWho="3" sc="241,0,250,0,186,20,323,-20" owari="241,-16.0,250,5.0,206,-29.0,303,40.0" />
</Scene>
</mjloggm>