<mjloggm ver="2.3"><GO type="97"/><UN n0="%E5%A4%AA%E3%81%8F%E3%81%AA%E3%81%84%E3%81%8A" n1="%6E%61%62%65%63%68%69" n2="%E3%81%AF%E3%81%A1%E3%81%BF%E3%81%A4%E3%82%86%E3%81%9A" n3="%70%6F%6F%63%68%61%6E%68" dan="14,14,14,14" rate="2023,1955,1950,1965" sx="M,M,M,M"/><TAIKYOKU oya="0"/>

<Scene>
<INIT seed="0,0,0,3,3,133" ten="250,250,250,250" oya="0" hai0="115,54,126,85,106,27,73,15,71,66,24,47,89" hai1="127,26,128,12,76,83,130,10,131,34,62,95,114" hai2="40,0,87,119,59,88,25,21,86,22,90,112,31" hai3="100,29,19,77,36,96,132,35,118,110,105,92,93"/><T48/><D115/><U116/><E116/><V57/><F119/><W120/><G36/><T98/><D73/><U134/><E114/><V61/><F0/><W17/><G118/><T64/><D126/><U113/><E113/><V67/><F112/><W51/><G120/><T80/><D71/><U82/><E134/><V6/><F6/><W38/><G38/><T121/><D121/><U117/><E117/><V72/><F72/><W39/><G39/><T129/><D129/><U43/><E43/><V109/><F40/><W91/><G132/><T97/><D106/><U53/><E95/><N who="2" m="54679" /><F109/><W28/><G110/><T70/><D70/><U94/><E94/><N who="2" m="54623" /><F22/><W20/><G77/><T102/><D102/><U46/><E83/><V45/><F59/><W101/><G35/><T107/><D107/><U122/><E122/><V44/><AGARI ba="0,0" hai="21,25,31,44,45,57,61,67" m="54623,54679" machi="44" ten="30,2000,0" yaku="8,1,54,1" doraHai="133" who="2" fromWho="2" sc="250,-10,250,-5,250,20,250,-5" />
</Scene>
<Scene>
<INIT seed="1,0,0,3,5,109" ten="240,245,270,245" oya="1" hai0="102,129,74,75,44,46,3,62,131,10,12,97,43" hai1="55,34,60,54,14,127,25,11,29,108,79,50,24" hai2="82,117,47,72,18,121,66,118,2,124,51,53,81" hai3="26,132,28,13,19,105,83,78,30,87,20,8,116"/><U64/><E127/><V114/><F121/><W52/><G116/><T134/><D3/><U6/><E108/><V36/><F2/><W73/><G132/><T80/><D134/><U15/><E79/><V35/><F124/><W92/><G105/><N who="0" m="63695" /><D62/><U112/><E112/><V122/><F114/><W69/><G69/><T106/><D106/><U107/><E107/><V120/><F35/><W1/><G1/><T38/><D46/><U115/><E115/><V104/><F104/><W63/><G92/><T61/><D61/><U101/><E101/><V113/><F113/><W31/><G73/><T94/><D94/><U32/><E14/><V33/><F72/><W23/><G8/><T84/><D84/><U95/><E95/><V89/><F36/><W96/><G96/><T86/><D86/><U56/><E50/><V4/><F33/><W128/><G128/><N who="0" m="49227" /><D80/><U88/><REACH who="1" step="1"/><E88/><REACH who="1" ten="240,235,270,245" step="2"/><V49/><F122/><W110/><G110/><T93/><D93/><U58/><E58/><AGARI ba="0,1" hai="13,19,20,23,26,28,30,31,52,58,63,78,83,87" machi="58" ten="40,2600,0" yaku="8,1,54,1" doraHai="109" who="3" fromWho="1" sc="240,0,235,-26,270,0,245,36" />
</Scene>
<Scene>
<INIT seed="2,0,0,3,5,98" ten="240,209,270,281" oya="2" hai0="135,112,47,81,52,110,61,36,94,132,41,126,55" hai1="40,59,128,85,33,80,35,104,65,31,102,71,11" hai2="46,127,9,66,111,76,130,103,122,109,8,88,107" hai3="73,123,34,120,91,89,0,113,21,25,42,134,78"/><V51/><F122/><W118/><G118/><T1/><D1/><U92/><E104/><V6/><F127/><W38/><G113/><T53/><D81/><U101/><E71/><V70/><F130/><W116/><G116/><T15/><D15/><U14/><E35/><V95/><F76/><W26/><G134/><N who="0" m="51243" /><D94/><U32/><E32/><V48/><F66/><W106/><G34/><T49/><D112/><U30/><E33/><V105/><F70/><W2/><G106/><T17/><D17/><N who="1" m="8415" /><E40/><V7/><F46/><W24/><G21/><T37/><D126/><U20/><E128/><V129/><F129/><W5/><G5/><N who="2" m="1545" /><F105/><W60/><G60/><T82/><D82/><U79/><E92/><V83/><F107/><W75/><G78/><T43/><D110/><N who="2" m="41994" /><F83/><W64/><G64/><T58/><D43/><U56/><E56/><V45/><F45/><W54/><G42/><T74/><D74/><N who="3" m="28169" /><G54/><AGARI ba="0,0" hai="36,37,41,47,49,52,53,54,55,58,61" m="51243" machi="54" ten="30,7700,0" yaku="20,1,34,2,54,1" doraHai="98" who="0" fromWho="3" sc="240,77,209,0,270,0,281,-77" />
</Scene>
<Scene>
<INIT seed="3,0,0,1,1,130" ten="317,209,270,204" oya="3" hai0="133,79,60,37,100,31,50,40,45,113,86,20,99" hai1="118,11,51,134,127,62,131,64,129,104,97,43,34" hai2="98,66,44,33,23,95,29,108,78,111,25,72,30" hai3="59,39,90,73,87,12,101,107,110,119,0,84,24"/><W54/><G119/><T28/><D133/><U32/><E118/><V56/><F44/><W82/><G39/><T3/><D3/><U117/><E117/><V35/><F30/><W106/><G0/><T74/><D74/><U94/><E104/><V68/><F68/><W17/><G73/><T83/><D113/><U53/><E43/><V96/><F96/><W22/><G101/><T93/><D37/><U103/><E134/><V13/><F13/><W102/><G102/><T121/><D121/><U14/><E127/><V85/><F72/><W92/><G24/><N who="0" m="16391" /><D31/><U125/><E125/><V81/><F56/><W4/><G4/><T114/><D114/><U77/><E77/><V69/><F66/><W61/><REACH who="3" step="1"/><G110/><REACH who="3" ten="317,209,270,194" step="2"/><T8/><D100/><U58/><E129/><V7/><F7/><W19/><G19/><T48/><D40/><U57/><E131/><V18/><F18/><AGARI ba="0,1" hai="11,14,18,32,34,51,53,57,58,62,64,94,97,103" machi="18" ten="30,1000,0" yaku="7,1" doraHai="130" who="1" fromWho="2" sc="317,0,209,20,270,-10,194,0" owari="317,42.0,229,-17.0,260,6.0,194,-31.0" />
</Scene>
</mjloggm>