<mjloggm ver="2.3"><GO type="97"/><UN n0="%E5%AD%A3%E7%AF%80%E6%80%A7%E3%81%86%E3%81%A4" n1="%E5%A4%AA%E3%81%8F%E3%81%AA%E3%81%84%E3%81%8A" n2="%69%7A%61%79%6F%69" n3="%E9%B7%B9%E6%AD%A3%E3%81%AE%E5%80%85%EF%BC%9D%E5%AF%8C%E7%8C%AB" dan="14,15,15,14" rate="1925,2060,1932,1929" sx="M,M,M,M"/><TAIKYOKU oya="0"/>

<Scene>
<INIT seed="0,0,0,3,0,110" ten="250,250,250,250" oya="0" hai0="42,56,2,31,5,103,99,63,95,77,7,22,17" hai1="59,98,105,73,87,134,6,62,33,94,119,88,20" hai2="45,69,58,15,125,108,10,116,123,115,109,24,92" hai3="133,27,104,4,53,18,75,11,135,128,34,44,76"/><T81/><D42/><U48/><E119/><V36/><F123/><W90/><G104/><T29/><D2/><U82/><E33/><V83/><F69/><W8/><G128/><T60/><D31/><U30/><E134/><V0/><F116/><W46/><G90/><T21/><D29/><U112/><E73/><V54/><F125/><W122/><G34/><T66/><D63/><U38/><E38/><V79/><F92/><W61/><G122/><T32/><D32/><U114/><E6/><N who="2" m="1351" /><F24/><W127/><G127/><T9/><D9/><U74/><E48/><V41/><F15/><W68/><G68/><T85/><REACH who="0" step="1"/><D22/><REACH who="0" ten="240,250,250,250" step="2"/><U102/><E20/><V65/><F65/><W71/><G8/><T37/><D37/><U13/><E30/><V43/><F43/><W57/><G61/><T12/><AGARI ba="0,1" hai="5,7,12,17,21,56,60,66,77,81,85,95,99,103" machi="12" ten="20,12000,1" yaku="1,1,0,1,7,1,8,1,53,1" doraHai="110" doraHaiUra="19" who="0" fromWho="0" sc="240,130,250,-40,250,-40,250,-40" />
</Scene>
<Scene>
<INIT seed="0,1,0,0,2,42" ten="370,210,210,210" oya="0" hai0="117,81,6,41,77,26,43,92,19,50,48,1,75" hai1="2,114,121,126,96,89,97,23,84,98,120,40,131" hai2="28,95,91,123,102,107,27,14,5,118,39,36,59" hai3="67,130,115,74,8,109,30,65,99,11,44,66,71"/><T69/><D117/><U132/><E2/><V85/><F123/><W58/><G115/><T82/><D69/><U80/><E114/><V124/><F118/><W22/><G74/><T64/><D64/><U103/><E40/><V56/><F124/><W100/><G71/><T88/><D1/><U127/><E23/><V134/><F134/><W18/><G30/><T46/><D6/><U72/><E132/><V113/><F113/><W25/><G109/><T129/><D129/><U112/><E112/><V106/><F39/><W17/><G130/><T73/><D73/><U55/><E55/><V3/><F36/><W4/><G17/><T110/><D110/><U53/><E53/><V108/><F108/><W12/><G11/><T20/><D75/><U83/><E131/><V57/><F107/><W79/><G79/><T135/><D135/><U34/><E34/><V32/><F102/><W52/><G44/><N who="0" m="25615" /><D77/><N who="1" m="44071" /><E103/><V133/><F106/><W116/><G116/><T38/><D38/><U33/><E33/><V49/><F133/><W122/><G122/><AGARI ba="1,0" hai="83,84,89,96,97,98,120,121,122,126,127" m="44071" machi="122" ten="30,2000,0" yaku="34,2" doraHai="42" who="1" fromWho="3" sc="370,0,210,23,210,0,210,-23" />
</Scene>
<Scene>
<INIT seed="1,0,0,2,2,73" ten="370,233,210,187" oya="1" hai0="17,31,109,38,93,111,21,59,89,99,121,11,24" hai1="92,61,7,100,107,26,124,98,96,74,82,81,70" hai2="103,64,10,90,104,66,45,114,5,50,68,125,65" hai3="127,49,134,6,58,47,108,22,32,8,128,95,88"/><U52/><E124/><V34/><F34/><W91/><G32/><T29/><D121/><U56/><E70/><V79/><F125/><W132/><G127/><T28/><D38/><U123/><E123/><V71/><F104/><W77/><G108/><N who="0" m="41547" /><D59/><U67/><E7/><V20/><F20/><W78/><G128/><T14/><AGARI ba="0,0" hai="11,14,17,21,24,28,29,31,89,93,99" m="41547" machi="14" ten="30,1100,0" yaku="14,1" doraHai="73" who="0" fromWho="0" sc="370,11,233,-5,210,-3,187,-3" />
</Scene>
<Scene>
<INIT seed="2,0,0,2,0,83" ten="381,228,207,184" oya="2" hai0="110,109,116,98,42,90,111,129,122,16,105,32,94" hai1="13,8,101,33,133,120,59,100,124,7,89,112,95" hai2="86,29,73,104,10,114,55,81,96,17,37,128,126" hai3="82,68,15,34,25,69,18,46,71,93,74,121,88"/><V5/><F37/><W87/><G121/><T39/><D116/><U35/><E112/><V66/><F114/><W9/><G46/><N who="0" m="23903" /><D129/><U51/><E120/><V119/><F119/><W53/><G53/><T91/><D32/><U48/><E133/><V20/><F73/><W118/><G118/><T70/><D70/><U103/><E124/><V115/><F115/><W113/><G113/><T85/><D122/><U135/><E135/><V106/><F128/><W64/><G74/><T63/><D63/><U43/><E43/><V31/><F126/><W61/><REACH who="3" step="1"/><G82/><REACH who="3" ten="381,228,207,174" step="2"/><T26/><D109/><U62/><E35/><V1/><F55/><W50/><G50/><T107/><D111/><U52/><E33/><V84/><F66/><W76/><G76/><T97/><D110/><U12/><E12/><V2/><F1/><W67/><G67/><T75/><D75/><U22/><E51/><V28/><F81/><W58/><G58/><T27/><D107/><U132/><E132/><V44/><F44/><W117/><G117/><T92/><D105/><U14/><E48/><V24/><REACH who="2" step="1"/><F106/><REACH who="2" ten="381,228,197,174" step="2"/><W130/><G130/><T45/><D45/><U99/><E52/><V23/><F23/><W21/><G21/><T40/><D40/><U80/><E22/><V36/><F36/><W30/><AGARI ba="0,2" hai="9,15,18,25,30,34,61,64,68,69,71,87,88,93" machi="30" ten="30,7900,0" yaku="1,1,0,1,52,1,54,1,53,0" doraHai="83" doraHaiUra="134" who="3" fromWho="3" sc="381,-20,228,-20,197,-39,174,99" />
</Scene>
<Scene>
<INIT seed="3,0,0,4,2,63" ten="361,208,158,273" oya="3" hai0="80,47,97,28,93,112,89,19,58,41,73,34,100" hai1="49,126,125,60,120,54,104,20,52,124,69,114,51" hai2="13,78,2,72,123,17,43,27,111,85,119,131,102" hai3="15,108,98,81,70,82,62,128,116,99,59,8,76"/><W132/><G116/><T11/><D58/><N who="1" m="33055" /><E104/><V18/><F119/><W106/><G128/><T37/><D28/><U75/><E75/><V66/><F131/><W129/><G129/><T121/><D34/><U10/><E10/><V122/><F2/><W118/><G118/><T6/><D19/><U105/><E105/><V44/><F72/><W56/><G132/><T24/><D24/><U134/><E20/><V77/><F102/><W48/><G108/><T95/><D121/><U3/><E3/><V130/><F111/><W96/><G106/><T9/><D47/><N who="1" m="27967" /><E134/><V4/><F130/><W67/><G48/><T14/><D11/><U33/><E33/><V40/><F4/><W21/><G21/><T68/><D80/><U0/><E0/><V16/><F27/><W29/><G29/><T88/><D73/><U115/><E120/><N who="2" m="46123" /><F13/><W90/><G90/><T42/><D89/><U25/><E25/><V7/><F7/><W133/><G133/><T92/><D88/><U57/><E69/><V53/><F85/><W127/><G82/><T86/><D68/><U45/><E45/><V38/><F53/><AGARI ba="0,0" hai="53,57,60,114,115,124,125,126" m="27967,33055" machi="53" ten="30,7700,0" yaku="18,1,34,2,54,1" doraHai="63" who="1" fromWho="2" sc="361,0,208,77,158,-77,273,0" owari="361,46.0,285,9.0,81,-42.0,273,-13.0" />
</Scene>
</mjloggm>