<mjloggm ver="2.3"><GO type="169"/><UN n0="%4C%61%73%6B%26%59%75" n1="%61%6B%69%6E%61%72%69%30" n2="%E2%98%85%E3%82%86%E3%83%BC%E2%98%86" n3="%E5%A4%AA%E3%81%8F%E3%81%AA%E3%81%84%E3%81%8A" dan="17,17,17,17" rate="2095,2157,2165,2174" sx="M,F,M,M"/><TAIKYOKU oya="0"/>

<Scene>
<INIT seed="0,0,0,4,5,78" ten="250,250,250,250" oya="0" hai0="98,95,52,31,7,124,55,15,113,108,4,49,16" hai1="80,132,24,69,102,82,92,37,109,93,30,40,75" hai2="48,117,125,66,43,115,88,26,17,32,129,100,59" hai3="101,118,111,29,5,87,83,53,91,133,33,79,85"/><T34/><D113/><U76/><E69/><V67/><F115/><W61/><G118/><T110/><D124/><U77/><E132/><V128/><F100/><W86/><G133/><T9/><D31/><U126/><E126/><V68/><F68/><W57/><G111/><N who="0" m="42539" /><D34/><U18/><E18/><V60/><F67/><W45/><G101/><N who="0" m="60639" /><D55/><U64/><E64/><V63/><F125/><W130/><G130/><T120/><D120/><U65/><E65/><V2/><F66/><W105/><G105/><T28/><D28/><U51/><E37/><V35/><F32/><W90/><G5/><T121/><D121/><U46/><E102/><V1/><F35/><W94/><G29/><T41/><D41/><U107/><E107/><V134/><F43/><W8/><G33/><T104/><D104/><U74/><E109/><V12/><F129/><W114/><G114/><T23/><D23/><AGARI ba="0,0" hai="23,24,30,40,46,51,74,75,76,77,80,82,92,93" machi="23" ten="30,7700,0" yaku="7,1,9,1,52,2" doraHai="78" who="1" fromWho="0" sc="250,-77,250,77,250,0,250,0" />
</Scene>
<Scene>
<INIT seed="1,0,0,4,4,78" ten="173,327,250,250" oya="1" hai0="46,54,100,105,68,90,101,43,61,87,99,106,47" hai1="51,92,91,97,133,11,114,12,37,28,5,131,134" hai2="1,2,35,53,113,66,56,30,124,107,15,95,65" hai3="41,7,80,60,9,18,89,126,17,24,21,135,104"/><U72/><E37/><V26/><F107/><W115/><G115/><T108/><D108/><U0/><E114/><V117/><F113/><W49/><G104/><T58/><D68/><U13/><E131/><V20/><F117/><W36/><G36/><T55/><D55/><U23/><E72/><V63/><F124/><W71/><G126/><T29/><D29/><U33/><E51/><V22/><F35/><W69/><G135/><N who="1" m="51722" /><E33/><V88/><F2/><W119/><G119/><T67/><D67/><U16/><E28/><V85/><F1/><AGARI ba="0,0" hai="0,1,5,11,12,13,16,23,91,92,97" m="51722" machi="1" ten="30,2900,0" yaku="20,1,54,1" doraHai="78" who="1" fromWho="2" sc="173,0,327,29,250,-29,250,0" />
</Scene>
<Scene>
<INIT seed="1,1,0,1,2,134" ten="173,356,221,250" oya="1" hai0="40,10,65,0,27,5,78,63,83,45,50,92,16" hai1="25,109,89,7,33,42,112,100,95,131,72,41,22" hai2="125,18,121,127,61,60,19,85,6,113,46,116,108" hai3="68,1,31,96,38,53,28,120,101,56,98,36,133"/><U91/><E112/><V86/><F121/><W119/><G120/><T114/><D114/><U66/><E72/><V107/><F113/><W48/><G1/><T37/><D92/><U73/><E73/><V59/><F107/><W76/><G68/><T129/><D129/><U58/><E33/><V115/><F115/><W15/><G133/><T12/><D27/><U84/><E131/><V80/><F6/><W64/><G119/><T43/><D43/><U14/><E109/><V87/><F80/><W55/><G64/><T93/><D93/><U4/><E100/><V77/><F77/><W2/><G2/><T71/><D37/><U20/><E91/><V111/><F46/><W81/><G15/><T132/><D132/><U34/><E34/><V128/><F128/><W75/><G98/><T135/><D135/><U79/><E79/><V24/><F116/><W52/><G38/><T47/><D47/><U105/><E105/><V11/><F24/><W62/><G36/><T57/><D71/><U39/><E39/><V82/><F82/><W104/><REACH who="3" step="1"/><G55/><REACH who="3" ten="173,356,221,240" step="2"/><T35/><D0/><U30/><E66/><V103/><F111/><W3/><G3/><T21/><D35/><U32/><E32/><V9/><F108/><W67/><G67/><T70/><D70/><U99/><E99/><V44/><F87/><W94/><G94/><T8/><D5/><U130/><E130/><V26/><F86/><AGARI ba="1,1" hai="8,10,12,16,21,40,45,50,57,63,65,78,83,86" machi="86" ten="30,3900,0" yaku="7,1,8,1,54,1" doraHai="134" who="0" fromWho="2" sc="173,52,356,0,221,-42,240,0" />
</Scene>
<Scene>
<INIT seed="2,0,0,1,0,60" ten="225,356,179,240" oya="2" hai0="56,58,28,98,67,78,73,129,42,126,95,125,54" hai1="41,72,7,33,66,115,119,24,3,65,52,120,132" hai2="5,47,68,84,90,134,122,22,14,99,36,0,2" hai3="12,75,111,44,17,27,83,25,55,23,18,71,16"/><V39/><F122/><W51/><G71/><T48/><D28/><U35/><E119/><V32/><F32/><W91/><G111/><T46/><D78/><U109/><E115/><V13/><F68/><W50/><G75/><T113/><D73/><U30/><E72/><V63/><F99/><W128/><G128/><T94/><D113/><U20/><E41/><V114/><F114/><W77/><G77/><T29/><D29/><U101/><E109/><V9/><F134/><W6/><G50/><T88/><D129/><U45/><E132/><V61/><F0/><W110/><G110/><T53/><D95/><U105/><E105/><V85/><F85/><N who="3" m="50623" /><G23/><T37/><REACH who="0" step="1"/><D67/><REACH who="0" ten="215,356,179,240" step="2"/><U11/><E35/><V59/><F39/><W64/><G64/><T108/><D108/><U49/><E120/><V104/><F104/><W97/><G97/><T81/><D81/><U107/><E33/><V86/><F36/><W117/><G117/><T121/><D121/><U10/><E107/><V21/><F86/><W76/><G76/><T106/><D106/><U70/><E70/><V15/><F84/><W93/><G93/><T82/><D82/><U123/><E123/><V43/><F90/><W31/><G31/><T4/><D4/><U38/><E38/><V112/><F112/><W127/><G6/><T135/><D135/><U87/><E7/><V102/><F102/><W124/><G17/><T57/><D57/><U103/><E101/><V96/><F96/><W34/><G18/><T62/><AGARI ba="0,1" hai="37,42,46,48,53,54,56,58,62,88,94,98,125,126" machi="62" ten="30,4000,0" yaku="1,1,0,1,54,1,53,0" doraHai="60" doraHaiUra="116" who="0" fromWho="0" sc="215,50,356,-10,179,-20,240,-10" />
</Scene>
<Scene>
<INIT seed="3,0,0,5,0,0" ten="265,346,159,230" oya="3" hai0="88,77,30,33,31,72,129,73,56,90,24,27,28" hai1="125,112,5,59,7,49,8,75,123,13,4,115,105" hai2="45,43,133,3,1,87,103,60,18,104,102,48,71" hai3="46,40,67,50,58,9,109,101,64,21,117,81,34"/><W41/><G34/><T80/><D129/><U74/><E123/><V19/><F133/><W15/><G117/><T95/><D73/><U39/><E39/><V113/><F113/><W29/><G101/><T23/><D31/><U79/><E105/><V6/><F87/><W132/><G132/><T37/><D37/><U106/><E106/><V25/><F3/><W99/><G99/><T110/><D110/><U127/><E49/><V42/><F42/><N who="3" m="24919" /><G109/><T85/><D56/><U55/><E55/><V96/><F103/><W38/><G81/><T116/><REACH who="0" step="1"/><D90/><REACH who="0" ten="255,346,159,230" step="2"/><U36/><E59/><V124/><F71/><W26/><G38/><T63/><D63/><U135/><E36/><V89/><F60/><N who="3" m="37911" /><G67/><T118/><AGARI ba="0,1" hai="23,24,27,28,30,33,72,77,80,85,88,95,116,118" machi="118" ten="30,4000,0" yaku="1,1,0,1,54,1,53,0" doraHai="0" doraHaiUra="57" who="0" fromWho="0" sc="255,50,346,-10,159,-10,230,-20" />
</Scene>
<Scene>
<INIT seed="4,0,0,0,5,135" ten="305,336,149,210" oya="0" hai0="132,99,33,18,131,13,60,64,67,6,36,112,2" hai1="102,72,106,120,98,8,109,24,59,19,85,26,62" hai2="100,101,130,88,78,133,94,21,29,96,51,14,40" hai3="117,119,11,12,7,25,42,127,46,10,125,1,115"/><T44/><D33/><U77/><E120/><V20/><F133/><W110/><G110/><T58/><D132/><U32/><E109/><V28/><F78/><W128/><G115/><T43/><D112/><U22/><E72/><V121/><F121/><W124/><G128/><T83/><D131/><U105/><E8/><V75/><F75/><W126/><G25/><T70/><D83/><U31/><E85/><V9/><F130/><W53/><G53/><T123/><D123/><U95/><E77/><V3/><F3/><W111/><G111/><T48/><D99/><U104/><E104/><V107/><F107/><W82/><G82/><T84/><D84/><U71/><E71/><V116/><F116/><W74/><G74/><T122/><D122/><U50/><E50/><V93/><F40/><W57/><G57/><T134/><D134/><U45/><E45/><V97/><F51/><N who="3" m="27095" /><G127/><T68/><D6/><AGARI ba="0,0" hai="1,6,7,10,11,12,117,119,124,125,126" m="27095" machi="6" ten="30,7700,0" yaku="18,1,52,3" doraHai="135" who="3" fromWho="0" sc="305,-77,336,0,149,0,210,77" />
</Scene>
<Scene>
<INIT seed="5,0,0,2,3,97" ten="228,336,149,287" oya="1" hai0="49,9,65,58,100,127,41,69,129,34,71,117,131" hai1="35,125,4,122,53,26,51,3,110,25,23,64,92" hai2="68,107,54,63,84,87,134,111,106,39,32,61,2" hai3="91,90,99,5,28,66,89,105,13,73,62,77,79"/><U10/><E122/><V47/><F32/><W86/><G73/><T88/><D117/><U126/><E64/><V114/><F2/><W118/><G118/><T116/><D116/><U15/><E92/><V70/><F39/><W130/><G130/><N who="0" m="49675" /><D34/><U16/><E110/><V42/><F111/><W22/><G5/><T24/><D24/><U57/><E26/><V44/><F42/><W14/><G28/><AGARI ba="0,0" hai="3,4,10,15,16,23,25,28,35,51,53,57,125,126" machi="28" ten="40,7700,0" yaku="24,2,54,1" doraHai="97" who="1" fromWho="3" sc="228,0,336,77,149,0,287,-77" />
</Scene>
<Scene>
<INIT seed="5,1,0,2,1,65" ten="228,413,149,210" oya="1" hai0="116,93,83,69,44,91,74,95,129,124,66,47,13" hai1="50,132,15,115,112,134,21,76,61,0,25,45,55" hai2="88,49,23,35,48,80,42,67,100,14,99,30,82" hai3="121,29,135,120,97,111,73,113,36,122,117,59,34"/><U125/><E0/><V96/><F35/><W107/><RYUUKYOKU type="yao9" ba="1,0" sc="228,0,413,0,149,0,210,0" hai3="29,34,36,59,73,97,107,111,113,117,120,121,122,135" />
</Scene>
<Scene>
<INIT seed="5,2,0,4,0,37" ten="228,413,149,210" oya="1" hai0="90,5,73,27,82,87,75,132,3,50,68,84,52" hai1="34,74,36,134,106,108,47,41,77,104,28,31,16" hai2="12,44,123,99,115,64,26,95,62,45,23,107,126" hai3="18,46,63,66,103,94,88,15,56,43,101,30,71"/><U78/><E134/><V131/><F107/><W85/><G30/><T51/><D68/><U112/><E112/><V113/><F123/><W49/><REACH who="3" step="1"/><G71/><REACH who="3" ten="228,413,149,200" step="2"/><T53/><D132/><U80/><E31/><V127/><F131/><W114/><G114/><N who="2" m="43529" /><F127/><W125/><G125/><T102/><D73/><U42/><E28/><N who="2" m="17503" /><F126/><W86/><G86/><T118/><D75/><U35/><E74/><V129/><F129/><W38/><G38/><T83/><D87/><U61/><E36/><V1/><F1/><W67/><G67/><T58/><D3/><U111/><E111/><V79/><F79/><W4/><G4/><T92/><D5/><U40/><E108/><V109/><F109/><W20/><AGARI ba="2,1" hai="15,18,20,43,46,49,56,63,66,85,88,94,101,103" machi="20" ten="20,12000,2" yaku="1,1,0,1,7,1,8,1,52,1,54,1,53,1" doraHai="37" doraHaiUra="13" who="3" fromWho="3" sc="228,-32,413,-62,149,-32,200,136" />
</Scene>
<Scene>
<INIT seed="6,0,0,3,4,118" ten="196,351,117,336" oya="2" hai0="108,86,77,119,57,65,92,4,101,38,18,41,35" hai1="21,88,114,102,60,80,42,14,85,96,36,29,13" hai2="62,106,110,64,0,91,66,132,104,58,25,72,31" hai3="93,45,19,10,43,68,98,63,131,5,116,50,112"/><V135/><F72/><W6/><G116/><T97/><D108/><U75/><E75/><V103/><F110/><W51/><G131/><T134/><D119/><U113/><E36/><V61/><F0/><W107/><G107/><T44/><D35/><U22/><E42/><V28/><F91/><W94/><G112/><N who="1" m="43114" /><E60/><V54/><F54/><W128/><G128/><T11/><D134/><N who="2" m="51242" /><F103/><W34/><G34/><T26/><D65/><U46/><E46/><V111/><F111/><W81/><G81/><T124/><D57/><U3/><E3/><V125/><F125/><W115/><G115/><T120/><D124/><U89/><E89/><V129/><F129/><W12/><G51/><T99/><D77/><U47/><E47/><V95/><F95/><W100/><G93/><T90/><D101/><U78/><E78/><V49/><F49/><W56/><G68/><T40/><D40/><U123/><E29/><N who="2" m="11339" /><F25/><W15/><G15/><N who="0" m="5607" /><D99/><U76/><E76/><V33/><F33/><W71/><G71/><AGARI ba="0,0" hai="58,61,62,64,66,71,104,106" m="11339,51242" machi="71" ten="30,1500,0" yaku="20,1" doraHai="118" who="2" fromWho="3" sc="196,0,351,0,117,15,336,-15" />
</Scene>
<Scene>
<INIT seed="6,1,0,2,1,7" ten="196,351,132,321" oya="2" hai0="10,73,120,37,113,25,123,93,32,27,97,11,103" hai1="81,121,77,39,61,49,132,40,78,76,19,82,51" hai2="1,109,48,96,17,88,111,100,85,2,122,47,65" hai3="12,0,67,89,114,35,119,30,74,29,43,50,70"/><V128/><F122/><W116/><G0/><T5/><D73/><U127/><E39/><V94/><F65/><W80/><G70/><T26/><D37/><U59/><E121/><V16/><F128/><W90/><G67/><T125/><D32/><U44/><E127/><V53/><F2/><W46/><G114/><T83/><D83/><U20/><E51/><V102/><F1/><W108/><G108/><N who="2" m="41545" /><F102/><W38/><G38/><T107/><D113/><U45/><E45/><V126/><F126/><W41/><G41/><T28/><D28/><U104/><E132/><V112/><F112/><W87/><G74/><T72/><D72/><U68/><E104/><AGARI ba="1,0" hai="16,17,47,48,53,85,88,94,96,100,104" m="41545" machi="104" ten="30,5800,0" yaku="10,1,54,2" doraHai="7" who="2" fromWho="1" sc="196,0,351,-61,132,61,321,0" />
</Scene>
<Scene>
<INIT seed="6,2,0,5,2,48" ten="196,290,193,321" oya="2" hai0="54,1,90,126,114,27,3,74,51,4,63,8,45" hai1="12,117,78,30,62,87,33,94,107,47,29,81,70" hai2="106,34,122,14,112,19,104,37,98,9,39,28,57" hai3="102,129,25,58,31,125,26,111,35,118,53,103,113"/><V64/><F122/><W116/><G111/><T67/><D114/><U17/><E107/><V76/><F112/><W96/><G113/><T97/><D74/><U75/><E117/><V124/><F76/><W44/><G125/><T69/><D126/><U77/><E33/><V56/><F124/><W130/><G44/><T6/><D27/><U92/><E47/><V85/><F85/><W95/><G26/><T2/><REACH who="0" step="1"/><D8/><REACH who="0" ten="186,290,193,321" step="2"/><U105/><E75/><V61/><F34/><W91/><G118/><T52/><D52/><U115/><E115/><V93/><F28/><W43/><G116/><T120/><D120/><U83/><E30/><V0/><F0/><W22/><G35/><T89/><D89/><U11/><E29/><V82/><F82/><W84/><G43/><T7/><D7/><U15/><E81/><V100/><REACH who="2" step="1"/><F57/><REACH who="2" ten="186,290,183,321" step="2"/><W66/><G58/><T13/><D13/><U79/><E15/><V86/><F86/><W18/><G31/><T134/><D134/><U55/><E87/><V110/><F110/><W41/><G84/><T38/><D38/><AGARI ba="2,2" hai="9,14,19,37,38,39,56,61,64,93,98,100,104,106" machi="38" ten="40,2000,0" yaku="1,1,53,0" doraHai="48" doraHaiUra="80" who="2" fromWho="0" sc="186,-26,290,0,183,46,321,0" />
</Scene>
<Scene>
<INIT seed="6,3,0,0,5,21" ten="160,290,229,321" oya="2" hai0="83,90,120,65,102,93,109,116,99,108,74,29,103" hai1="87,104,15,22,123,18,6,128,30,58,66,51,105" hai2="59,81,100,47,117,88,34,89,63,118,130,7,28" hai3="75,119,67,124,127,50,42,45,14,95,68,54,16"/><V11/><F130/><W69/><G119/><T3/><D3/><U94/><E128/><V36/><F100/><W20/><G75/><T98/><D29/><U70/><E123/><V91/><F81/><W79/><G79/><N who="0" m="44535" /><D65/><U27/><E6/><V126/><F126/><N who="3" m="48171" /><G67/><T133/><D120/><U85/><E70/><N who="3" m="27242" /><G95/><N who="0" m="58751" /><D133/><U37/><E37/><V82/><F82/><W2/><G2/><T4/><D4/><U52/><E66/><V13/><F36/><W49/><G49/><T60/><D60/><U71/><E71/><V10/><F47/><W56/><G56/><T17/><D17/><U110/><E110/><N who="0" m="42601" /><D116/><U77/><E77/><V43/><F43/><AGARI ba="3,0" hai="14,16,20,42,43,45,50,54" m="27242,48171" machi="43" ten="30,2000,0" yaku="18,1,54,1" doraHai="21" who="3" fromWho="2" sc="160,0,290,0,229,-29,321,29" />
</Scene>
<Scene>
<INIT seed="7,0,0,2,2,18" ten="160,290,200,350" oya="3" hai0="102,55,66,92,58,127,46,47,100,120,37,128,34" hai1="64,106,133,78,131,65,87,21,36,90,134,27,49" hai2="119,2,48,82,94,8,6,44,11,20,59,42,89" hai3="69,71,52,130,50,62,117,56,93,132,85,84,7"/><W74/><G74/><T57/><D120/><U95/><E36/><V31/><F119/><W32/><G117/><T103/><D34/><U91/><E106/><V35/><F35/><W99/><G32/><T61/><D128/><U33/><E33/><V60/><F82/><W125/><G130/><T22/><D127/><U39/><E131/><V9/><F31/><W15/><G125/><T75/><D75/><U126/><E39/><V77/><F77/><W104/><G104/><T26/><D37/><U13/><E126/><V111/><F111/><W98/><G98/><T73/><D73/><U41/><E78/><V118/><F118/><W63/><G71/><T124/><D124/><U80/><E13/><V109/><F109/><W107/><G107/><T108/><D108/><U68/><E68/><V24/><F24/><W123/><G132/><T122/><D92/><U76/><E133/><V45/><F45/><W30/><G30/><T97/><D97/><U16/><E134/><V116/><F116/><W86/><G69/><T43/><D43/><U5/><E5/><V72/><F72/><W129/><G123/><T1/><D1/><U3/><E3/><V101/><F101/><N who="3" m="60655" /><G129/><T135/><D135/><U54/><E41/><V10/><F2/><W79/><G79/><T113/><D113/><U25/><E25/><V88/><F6/><W14/><G7/><T12/><D12/><AGARI ba="0,0" hai="12,14,15,50,52,56,62,63,84,85,86" m="60655" machi="12" ten="30,2900,0" yaku="8,1,54,1" doraHai="18" who="3" fromWho="0" sc="160,-29,290,0,200,0,350,29" owari="131,-37.0,290,9.0,200,-20.0,379,48.0" />
</Scene>
</mjloggm>