<mjloggm ver="2.3"><GO type="97"/><UN n0="%E9%8A%80%E7%8B%BC" n1="%E5%A4%AA%E3%81%8F%E3%81%AA%E3%81%84%E3%81%8A" n2="%E7%A5%9E%E3%83%85%E3%83%A2" n3="%E9%9B%A3%E6%B3%A2%E8%8B%B1%E4%BA%BA" dan="13,14,15,14" rate="1880,2027,1974,1907" sx="M,M,M,M"/><TAIKYOKU oya="0"/>

<Scene>
<INIT seed="0,0,0,4,1,91" ten="250,250,250,250" oya="0" hai0="116,66,40,118,82,18,34,104,46,44,67,3,52" hai1="42,49,16,21,81,61,84,86,93,109,19,50,123" hai2="48,100,114,31,120,70,32,126,26,83,106,108,72" hai3="111,122,12,105,85,0,98,65,37,76,45,1,33"/><T28/><D104/><U88/><E123/><V101/><F48/><N who="1" m="18537" /><E109/><V55/><F55/><W58/><G33/><T79/><D3/><U107/><E107/><V127/><F100/><W131/><G122/><T8/><D34/><U15/><E42/><V30/><F120/><W133/><G85/><T94/><D28/><U20/><E61/><V51/><F51/><W110/><G76/><T124/><D124/><N who="2" m="47658" /><F30/><W69/><G12/><T62/><D118/><U90/><E19/><V24/><F24/><W134/><G58/><N who="0" m="35143" /><D116/><U36/><E36/><V41/><F41/><N who="3" m="22703" /><G65/><N who="0" m="24587" /><D40/><U89/><E89/><V80/><F108/><N who="3" m="41515" /><G69/><T25/><D79/><U71/><E71/><V57/><F57/><W63/><G63/><T115/><D82/><U77/><E77/><N who="2" m="44071" /><F83/><W96/><G96/><T68/><D68/><U78/><E78/><V7/><F70/><W74/><G74/><T2/><D2/><N who="3" m="1129" /><G131/><T43/><D43/><U22/><AGARI ba="0,0" hai="15,16,20,21,22,81,84,86,88,90,93" m="18537" machi="22" ten="30,7900,0" yaku="8,1,52,1,54,2" doraHai="91" who="1" fromWho="1" sc="250,-39,250,79,250,-20,250,-20" />
</Scene>
<Scene>
<INIT seed="1,0,0,5,1,13" ten="211,329,230,230" oya="1" hai0="93,50,111,104,61,94,49,66,4,121,135,96,74" hai1="129,102,84,5,2,21,25,72,19,22,76,10,51" hai2="24,44,120,26,79,40,92,52,28,9,98,118,103" hai3="62,1,125,133,30,53,88,68,126,130,122,69,113"/><U3/><E72/><V43/><F120/><W106/><G30/><T37/><D37/><U123/><E102/><V80/><F118/><W6/><G69/><T33/><D33/><U11/><E51/><V31/><F9/><W90/><G62/><T107/><D111/><U91/><E76/><V71/><F71/><W95/><G53/><T32/><D32/><U57/><E57/><V117/><F117/><W42/><G6/><T38/><D38/><U27/><E123/><V132/><F132/><W81/><G42/><T34/><D34/><U67/><E67/><V86/><F31/><W65/><G65/><T85/><D121/><U127/><E127/><V75/><F75/><W77/><G68/><T55/><D74/><U48/><E48/><N who="0" m="18537" /><D4/><N who="1" m="1303" /><E91/><N who="3" m="34858" /><G1/><T63/><D66/><U36/><E84/><V110/><F110/><W124/><G122/><T100/><D85/><U41/><E41/><N who="2" m="15947" /><F44/><W83/><G113/><T58/><D107/><U0/><E36/><V116/><F116/><W60/><G106/><T134/><D104/><U17/><E0/><V89/><F28/><W73/><G60/><N who="0" m="35935" /><D93/><U18/><E129/><V56/><F103/><W109/><G130/><T39/><D39/><U7/><E7/><V101/><F101/><W64/><G95/><T97/><D97/><U131/><E131/><V29/><F29/><AGARI ba="0,0" hai="3,5,11,17,18,19,21,22,25,27,29" m="1303" machi="29" ten="30,24000,3" yaku="35,5,52,3" doraHai="13" who="1" fromWho="2" sc="211,0,329,240,230,-240,230,0" owari="211,-19.0,569,67.0,-10,-51.0,230,3.0" />
</Scene>
</mjloggm>