<mjloggm ver="2.3"><GO type="97"/><UN n0="%E3%82%B5%E3%83%BB%E3%82%BB%E3%83%9C%E3%83%BC" n1="%E3%81%98%E3%82%83%E3%82%80%CE%B2" n2="%E5%A4%AA%E3%81%8F%E3%81%AA%E3%81%84%E3%81%8A" n3="%6D%61%67%69%63%6F" dan="15,13,13,15" rate="2013,2049,1965,1883" sx="M,M,M,M"/><TAIKYOKU oya="0"/>

<Scene>
<INIT seed="0,0,0,2,0,12" ten="250,250,250,250" oya="0" hai0="128,108,69,63,59,64,48,15,113,85,121,111,114" hai1="40,105,51,132,135,94,58,20,119,24,60,134,118" hai2="74,133,11,17,123,71,109,93,13,1,120,70,28" hai3="126,16,62,97,34,106,103,100,80,31,45,43,55"/><T49/><D85/><U76/><E105/><V112/><F112/><N who="0" m="43114" /><D15/><U83/><E94/><V22/><F74/><W84/><G126/><T125/><D121/><U29/><E51/><N who="0" m="19529" /><D125/><U50/><E50/><V5/><F93/><W7/><G100/><T35/><D35/><U72/><E40/><V92/><F92/><W52/><G7/><T46/><D46/><U89/><E89/><V81/><F81/><W130/><G34/><T90/><D90/><U44/><E44/><V127/><F127/><W95/><G45/><T65/><D128/><U4/><E4/><V77/><F77/><W88/><G130/><T9/><D9/><U73/><E73/><V39/><F5/><W47/><G88/><T115/><N who="0" m="43122" /><T78/><DORA hai="116" /><D78/><U67/><AGARI ba="0,0" hai="20,24,29,58,60,67,72,76,83,118,119,132,134,135" machi="67" ten="30,2000,0" yaku="0,1,20,1" doraHai="12,116" who="1" fromWho="1" sc="250,-10,250,20,250,-5,250,-5" />
</Scene>
<Scene>
<INIT seed="1,0,0,0,2,74" ten="240,270,245,245" oya="1" hai0="92,82,119,129,13,101,76,99,15,68,55,60,83" hai1="77,125,135,126,37,51,29,106,81,78,65,18,105" hai2="8,128,107,44,62,9,104,56,96,87,131,40,10" hai3="41,23,30,122,130,108,28,91,1,11,34,0,20"/><U102/><E37/><V69/><F69/><W26/><G41/><T45/><D119/><U12/><E29/><V3/><F3/><N who="3" m="1099" /><G91/><T123/><D129/><N who="2" m="49738" /><F87/><W47/><G47/><T110/><D110/><U72/><E65/><N who="2" m="39111" /><F96/><W54/><G54/><T49/><D123/><U111/><E111/><V25/><F25/><N who="3" m="18703" /><G130/><T70/><D83/><U35/><E35/><V114/><F114/><W63/><G63/><T85/><REACH who="0" step="1"/><D70/><REACH who="0" ten="230,270,245,245" step="2"/><U2/><E2/><V71/><F71/><W58/><G108/><T121/><D121/><U43/><E81/><V57/><F57/><W134/><G58/><T97/><D97/><U67/><E67/><AGARI ba="0,1" hai="13,15,45,49,55,60,67,68,76,82,85,92,99,101" machi="67" ten="40,2600,0" yaku="1,1,52,1,53,0" doraHai="74" doraHaiUra="53" who="0" fromWho="1" sc="230,36,270,-26,245,0,245,0" />
</Scene>
<Scene>
<INIT seed="2,0,0,5,3,1" ten="266,244,245,245" oya="2" hai0="59,64,129,93,37,36,88,89,63,125,7,119,70" hai1="21,72,83,40,102,128,92,20,17,134,24,78,41" hai2="120,106,23,26,82,2,107,38,115,117,60,28,74" hai3="53,35,57,25,99,0,111,12,94,3,105,108,46"/><V124/><F120/><W103/><G46/><T100/><D129/><U130/><E134/><V132/><F117/><W118/><G118/><T15/><D119/><U114/><E114/><V31/><F115/><W47/><G47/><T51/><D125/><U54/><E54/><V5/><F38/><W68/><G68/><T101/><D37/><U79/><E79/><V110/><F124/><W73/><G73/><T112/><D36/><U9/><E21/><V22/><F132/><W56/><G56/><N who="0" m="36967" /><D112/><U32/><E32/><V69/><F110/><N who="3" m="42027" /><G105/><T71/><D70/><U4/><E102/><N who="0" m="39529" /><D93/><U29/><E92/><V52/><F74/><W87/><G35/><T91/><D71/><U65/><E65/><V10/><F82/><W77/><G25/><T122/><D122/><U62/><E62/><V61/><F61/><W18/><G77/><T123/><D123/><U98/><E98/><V58/><F69/><W109/><G87/><T66/><D66/><U11/><E29/><V30/><REACH who="2" step="1"/><F22/><REACH who="2" ten="266,244,235,245" step="2"/><N who="3" m="11591" /><G109/><T80/><D80/><U113/><E113/><V6/><F6/><W126/><G126/><T44/><D7/><U49/><E128/><V97/><F97/><W76/><G76/><T133/><D133/><U50/><E130/><V33/><F33/><W86/><G86/><T34/><D34/><U116/><E116/><V96/><F96/><W55/><G99/><T81/><D81/><U16/><E4/><V45/><F45/><W27/><G103/><T90/><D44/><U84/><E72/><V43/><F43/><W104/><G94/><T135/><N who="0" m="23040" /><DORA hai="19" /><T127/><D135/><RYUUKYOKU ba="0,1" sc="266,-10,244,-10,235,30,245,-10" hai2="2,5,10,23,26,28,30,31,52,58,60,106,107" />
</Scene>
<Scene>
<INIT seed="2,1,1,5,0,117" ten="256,234,265,235" oya="2" hai0="47,106,93,116,67,42,46,70,73,110,48,28,85" hai1="96,121,91,119,68,25,35,80,1,95,109,29,62" hai2="10,77,54,132,102,38,57,56,125,50,104,88,94" hai3="3,13,74,105,98,49,24,69,40,30,14,17,58"/><V79/><F38/><W32/><G69/><T63/><D73/><U26/><E119/><V65/><F132/><W124/><G74/><T9/><D116/><U115/><E115/><V135/><F135/><W97/><G3/><T114/><D114/><U123/><E1/><V108/><F125/><W41/><G124/><T84/><D106/><U82/><E109/><V31/><F108/><W60/><G14/><T107/><D107/><U33/><E62/><N who="2" m="38095" /><F104/><W101/><G97/><T51/><D110/><U120/><E68/><V2/><F2/><W0/><G49/><T89/><D28/><AGARI ba="1,1" hai="25,26,28,29,33,35,80,82,91,95,96,120,121,123" machi="28" ten="40,8000,1" yaku="9,1,13,1,52,3" doraHai="117" who="1" fromWho="0" sc="256,-83,234,93,265,0,235,0" />
</Scene>
<Scene>
<INIT seed="3,0,0,2,3,13" ten="173,327,265,235" oya="3" hai0="64,85,29,6,82,40,1,115,120,77,109,70,100" hai1="88,81,97,123,83,51,72,114,55,5,28,84,124" hai2="44,79,46,54,8,67,16,17,47,94,125,30,89" hai3="101,121,75,73,108,60,131,91,19,110,35,112,105"/><W4/><G112/><T9/><D120/><U39/><E114/><V43/><F125/><W14/><G121/><T96/><D115/><U50/><E123/><V106/><F106/><W0/><G35/><T26/><D109/><N who="3" m="42089" /><G131/><T59/><D59/><U58/><E39/><V118/><F118/><W130/><G130/><T95/><D40/><U122/><E122/><V68/><F30/><W21/><G91/><T22/><D70/><U62/><E124/><V129/><F129/><W27/><G0/><T41/><D41/><U66/><E28/><V23/><F79/><W7/><G60/><T99/><D64/><U32/><E32/><V56/><F43/><W48/><G48/><N who="1" m="18474" /><E72/><N who="3" m="27722" /><G27/><T20/><D99/><AGARI ba="0,0" hai="4,7,14,19,21,99,101,105" m="27722,42089" machi="99" ten="30,5800,0" yaku="14,1,10,1,52,1" doraHai="13" who="3" fromWho="0" sc="173,-58,327,0,265,0,235,58" />
</Scene>
<Scene>
<INIT seed="3,1,0,4,0,107" ten="115,327,265,293" oya="3" hai0="47,122,123,94,130,48,58,49,92,0,80,116,73" hai1="97,55,104,62,74,105,38,60,99,41,129,52,23" hai2="134,106,91,93,20,53,14,11,42,12,127,120,83" hai3="44,10,117,72,108,78,75,16,54,27,3,81,132"/><W85/><G117/><T61/><D80/><U90/><E74/><V100/><F42/><W135/><G108/><T98/><D116/><U89/><E41/><V30/><F134/><N who="3" m="51243" /><G3/><T71/><D0/><U24/><E38/><V43/><F43/><W51/><G10/><T103/><D71/><U110/><E110/><V101/><F127/><W37/><G37/><T1/><D1/><U25/><E23/><AGARI ba="1,0" hai="16,23,27,44,51,54,72,75,78,81,85" m="51243" machi="23" ten="30,11600,0" yaku="20,1,52,2,54,1" doraHai="107" who="3" fromWho="1" sc="115,0,327,-119,265,0,293,119" owari="115,-38.0,208,-19.0,265,7.0,412,50.0" />
</Scene>
</mjloggm>