<mjloggm ver="2.3"><GO type="169" lobby="0"/><UN n0="%EF%BC%A0%E6%A3%AE" n1="%E5%A4%AA%E3%81%8F%E3%81%AA%E3%81%84%E3%81%8A" n2="%6B%6B%35%32%30" n3="%E3%82%88%E3%81%8A%E3%81%96%E3%82%93" dan="17,17,16,17" rate="2165,2167,2031,2114" sx="F,M,M,M"/><TAIKYOKU oya="0"/>

<Scene>
<INIT seed="0,0,0,3,2,77" ten="250,250,250,250" oya="0" hai0="64,12,135,118,63,10,44,96,133,43,91,48,110" hai1="78,40,46,71,88,93,69,50,26,104,115,36,70" hai2="11,23,105,62,121,126,132,103,72,59,81,102,35" hai3="123,60,122,119,37,4,16,107,68,42,89,79,54"/><T90/><D118/><U51/><E104/><V61/><F35/><W21/><G119/><T134/><D96/><U97/><E115/><V3/><F121/><W47/><G107/><T114/><D114/><U27/><REACH who="1" step="1"/><E78/><REACH who="1" ten="250,240,250,250" step="2"/><V92/><F105/><W9/><G79/><T108/><D110/><U86/><E86/><V117/><F72/><W128/><G122/><T45/><D108/><U8/><E8/><V116/><F11/><W85/><G123/><T14/><D45/><U56/><E56/><V95/><F59/><W111/><G111/><T20/><D20/><U67/><E67/><V52/><F23/><W124/><G68/><N who="0" m="42015" /><D14/><U106/><E106/><V41/><F117/><W131/><G9/><T24/><D24/><AGARI ba="0,1" hai="24,26,27,36,40,46,50,51,69,70,71,88,93,97" machi="24" ten="40,2600,0" yaku="1,1,54,1,53,0" doraHai="77" doraHaiUra="55" who="1" fromWho="0" sc="250,-26,240,36,250,0,250,0" />
</Scene>
<Scene>
<INIT seed="1,0,0,4,5,25" ten="224,276,250,250" oya="1" hai0="40,77,89,53,2,96,84,66,134,90,16,85,105" hai1="32,81,39,107,99,18,68,48,108,0,117,72,62" hai2="123,76,29,46,91,20,52,112,56,75,23,114,64" hai3="122,3,24,102,129,63,65,11,59,135,37,14,34"/><U61/><E117/><V110/><F123/><W7/><G122/><T60/><D2/><U97/><E39/><V6/><F6/><W124/><G59/><T113/><D113/><N who="2" m="43626" /><F110/><W125/><G37/><T13/><D134/><U121/><E121/><V50/><F76/><W19/><G102/><T15/><D40/><U86/><E72/><V101/><F75/><W51/><G51/><T38/><D38/><U17/><E0/><V88/><F101/><W116/><G116/><T70/><D77/><U106/><E32/><V12/><F23/><W31/><G135/><T28/><D28/><U133/><E133/><V30/><F12/><W94/><G94/><T78/><D78/><U44/><E108/><V127/><F127/><N who="3" m="48715" /><G63/><T100/><D53/><U131/><E106/><V109/><F109/><W41/><G65/><T93/><REACH who="0" step="1"/><D16/><REACH who="0" ten="214,276,250,250" step="2"/><U47/><E18/><V82/><F30/><W22/><G41/><T36/><D36/><U92/><E17/><V74/><F74/><W8/><G129/><T49/><D49/><U5/><E48/><V111/><F111/><W54/><G54/><T119/><D119/><U115/><E131/><V10/><F10/><AGARI ba="0,1" hai="3,7,8,10,11,14,19,22,24,31,34" m="48715" machi="10" ten="30,8000,1" yaku="24,1,18,1,34,2,52,1" doraHai="25" who="3" fromWho="2" sc="214,0,276,0,250,-80,250,90" />
</Scene>
<Scene>
<INIT seed="2,0,0,0,5,67" ten="214,276,170,340" oya="2" hai0="29,106,31,68,128,45,72,16,77,91,26,113,48" hai1="90,36,70,53,71,15,49,28,22,108,37,58,33" hai2="114,56,79,81,4,76,78,59,25,83,95,125,51" hai3="80,126,30,62,61,132,129,7,21,89,122,124,116"/><V84/><F114/><W88/><G122/><T65/><D113/><U2/><E2/><V115/><F115/><W24/><G116/><T134/><D106/><U96/><E33/><V92/><F125/><W66/><G129/><T119/><D128/><U118/><E118/><V11/><F25/><W107/><G107/><T1/><D134/><U82/><E108/><V42/><F42/><W103/><G103/><T64/><D1/><U52/><E28/><V32/><F32/><W43/><G132/><T73/><D119/><U9/><E22/><V19/><F19/><W120/><G120/><T6/><D6/><U13/><E13/><N who="2" m="5351" /><F81/><W39/><G7/><T3/><D3/><U102/><E53/><N who="2" m="31807" /><F59/><W54/><G43/><T101/><D101/><U34/><E34/><V44/><F44/><W109/><G39/><T55/><D29/><U87/><E37/><V41/><F41/><W105/><G105/><T99/><D73/><U75/><E75/><V47/><F47/><W117/><G117/><T12/><D72/><U74/><E74/><V135/><F135/><W35/><G35/><T112/><D112/><U23/><E23/><V98/><F98/><W20/><G20/><T130/><D26/><U8/><E36/><V0/><F0/><W38/><G38/><T40/><D31/><U63/><E49/><V69/><F69/><W10/><G30/><T46/><D130/><U121/><E121/><V17/><F17/><W111/><G21/><T97/><D16/><N who="1" m="8295" /><E9/><V18/><F18/><W133/><G133/><T131/><D131/><U5/><E5/><V127/><F127/><RYUUKYOKU ba="0,0" sc="214,-15,276,15,170,15,340,-15" hai1="52,58,63,70,71,82,87,90,96,102" hai2="76,78,79,83,84,92,95" />
</Scene>
<Scene>
<INIT seed="2,1,0,2,4,94" ten="199,291,185,325" oya="2" hai0="114,102,28,96,21,119,10,78,97,26,15,24,35" hai1="0,60,45,99,81,124,5,46,92,29,123,33,116" hai2="82,64,91,63,9,43,79,23,48,90,37,54,134" hai3="52,118,112,127,17,32,38,135,95,74,103,20,83"/><V8/><F37/><W87/><G38/><T106/><D114/><U117/><E0/><V25/><F43/><W113/><G32/><T14/><D78/><U69/><E5/><V11/><F134/><W7/><G118/><T12/><D119/><U49/><E81/><V93/><F63/><W68/><G68/><T101/><D26/><U84/><E84/><N who="2" m="48223" /><F64/><W66/><G66/><T100/><D35/><U88/><E69/><V30/><F93/><W131/><G135/><T57/><D57/><AGARI ba="1,0" hai="8,9,11,23,25,30,48,54,57,90,91" m="48223" machi="57" ten="30,1500,0" yaku="8,1" doraHai="94" who="2" fromWho="0" sc="199,-18,291,0,185,18,325,0" />
</Scene>
<Scene>
<INIT seed="2,2,0,1,0,11" ten="181,291,203,325" oya="2" hai0="127,55,62,96,97,115,111,2,131,90,9,92,50" hai1="19,20,103,33,0,93,91,71,58,69,6,37,43" hai2="86,16,32,31,56,100,74,1,99,85,126,130,64" hai3="68,78,112,88,39,46,95,132,72,70,23,80,10"/><V101/><F74/><W87/><G112/><T120/><D115/><U119/><E33/><V14/><F1/><W67/><G132/><T75/><D120/><U82/><E119/><V122/><F122/><W48/><G39/><T129/><D111/><U105/><E105/><V89/><F31/><W134/><G134/><T77/><D127/><U41/><E103/><V22/><F32/><W116/><G116/><T81/><D62/><U65/><E82/><V29/><F126/><W109/><G109/><T84/><D2/><U47/><E43/><V76/><F29/><W15/><G23/><T66/><D66/><U117/><E117/><V24/><F76/><W125/><G67/><T21/><D21/><U53/><E65/><V118/><F118/><W51/><G125/><T59/><REACH who="0" step="1"/><D9/><REACH who="0" ten="171,291,203,325" step="2"/><U4/><E0/><V3/><F3/><W104/><G68/><T17/><D17/><U79/><E69/><V8/><F8/><W35/><G70/><T52/><D52/><U133/><E71/><V49/><F16/><W28/><G35/><T123/><D123/><U135/><E135/><V106/><F22/><W36/><G28/><T40/><D40/><U45/><E41/><V13/><F64/><W73/><G10/><T98/><AGARI ba="2,1" hai="50,55,59,75,77,81,84,90,92,96,97,98,129,131" machi="98" ten="30,2000,0" yaku="1,1,0,1,53,0" doraHai="11" doraHaiUra="27" who="0" fromWho="0" sc="171,36,291,-7,203,-12,325,-7" />
</Scene>
<Scene>
<INIT seed="3,0,0,1,3,97" ten="207,284,191,318" oya="3" hai0="45,62,83,81,130,87,0,70,7,50,111,93,25" hai1="79,20,29,117,22,58,27,49,44,41,99,101,16" hai2="31,106,61,78,1,55,52,104,37,24,38,95,36" hai3="26,89,90,116,133,23,84,28,47,112,123,105,113"/><W18/><G123/><T3/><D111/><U14/><E117/><V119/><F119/><W129/><G116/><T53/><D130/><U2/><E2/><V71/><F78/><W98/><G129/><T34/><D93/><N who="1" m="58607" /><E58/><V122/><F122/><W69/><G69/><T35/><D81/><U88/><E79/><V128/><F128/><W60/><G133/><T10/><D0/><U134/><E134/><V85/><F1/><W131/><G131/><T67/><REACH who="0" step="1"/><D25/><REACH who="0" ten="197,284,191,318" step="2"/><N who="1" m="16567" /><E88/><AGARI ba="0,1" hai="3,7,10,34,35,45,50,53,62,67,70,83,87,88" machi="88" ten="30,3900,0" yaku="1,1,7,1,54,1,53,0" doraHai="97" doraHaiUra="135" who="0" fromWho="1" sc="197,49,284,-39,191,0,318,0" />
</Scene>
<Scene>
<INIT seed="4,0,0,3,5,32" ten="246,245,191,318" oya="0" hai0="60,114,4,109,62,86,113,56,11,39,90,75,58" hai1="100,80,64,67,36,30,118,46,35,87,133,82,130" hai2="21,26,23,20,47,123,121,45,10,40,124,13,117" hai3="18,125,63,101,8,34,51,28,81,120,111,68,6"/><T17/><D75/><U38/><E118/><V106/><F106/><W70/><G111/><T112/><D39/><U50/><E100/><V128/><F117/><W96/><G120/><T92/><D17/><U52/><E133/><V14/><F128/><W115/><G115/><T93/><D109/><U48/><E130/><V3/><F40/><W71/><G81/><T102/><D102/><U22/><E35/><V122/><F47/><W73/><G73/><T78/><D93/><U104/><E104/><V16/><F45/><W108/><G108/><T27/><D27/><N who="1" m="16759" /><E36/><V91/><F91/><W77/><G77/><T42/><D78/><N who="1" m="46487" /><E38/><V69/><F69/><W41/><G18/><T24/><D24/><U55/><E82/><V54/><F54/><W72/><G72/><T107/><D42/><U83/><E83/><V43/><F43/><W61/><G41/><T53/><D107/><U132/><E132/><V110/><F110/><W119/><G119/><T76/><D76/><U88/><E88/><V7/><F124/><W129/><G125/><T85/><D85/><U79/><E79/><V134/><F134/><W103/><G103/><T59/><REACH who="0" step="1"/><D53/><REACH who="0" ten="236,245,191,318" step="2"/><U66/><E50/><V74/><F74/><W127/><G51/><T95/><D95/><U135/><E135/><V116/><F116/><W94/><G127/><T9/><D9/><U84/><E55/><V65/><F65/><W131/><G129/><T12/><AGARI ba="0,1" hai="4,11,12,56,58,59,60,62,86,90,92,112,113,114" machi="12" ten="40,7800,0" yaku="1,1,0,1,15,1,53,0" doraHai="32" doraHaiUra="33" who="0" fromWho="0" sc="236,88,245,-26,191,-26,318,-26" />
</Scene>
<Scene>
<INIT seed="4,1,0,0,4,44" ten="324,219,165,292" oya="0" hai0="19,94,122,90,71,49,54,79,43,48,92,134,81" hai1="110,130,20,51,64,59,118,93,28,68,97,135,66" hai2="128,10,27,85,99,39,56,62,61,37,21,16,125" hai3="58,114,9,40,123,100,89,60,74,87,63,46,91"/><T34/><D122/><U101/><E110/><V115/><F37/><W33/><G33/><T13/><D34/><U132/><E118/><V24/><F39/><W3/><G74/><T14/><D71/><U129/><E68/><V105/><F105/><W116/><G116/><T83/><D43/><U38/><E38/><V22/><F125/><W111/><G111/><T69/><D69/><U26/><E66/><V53/><F128/><N who="1" m="49257" /><E64/><V5/><F115/><W77/><G114/><T124/><D124/><U47/><E59/><V11/><F99/><W42/><G123/><T15/><D54/><AGARI ba="1,0" hai="20,26,28,47,51,54,93,97,101,132,135" m="49257" machi="54" ten="30,2000,0" yaku="19,1,52,1" doraHai="44" who="1" fromWho="0" sc="324,-23,219,23,165,0,292,0" />
</Scene>
<Scene>
<INIT seed="5,0,0,3,1,80" ten="301,242,165,292" oya="1" hai0="30,130,58,11,111,95,99,97,50,26,37,119,66" hai1="71,104,118,122,27,102,114,91,29,101,32,43,115" hai2="63,92,74,75,16,107,59,135,70,24,36,67,31" hai3="1,34,126,5,77,93,4,7,19,47,65,39,33"/><U96/><E122/><V55/><F107/><W46/><G65/><T72/><D119/><U38/><E118/><V25/><F36/><W44/><G39/><T131/><D72/><U112/><E71/><V6/><F6/><W3/><G77/><T134/><D37/><U56/><E56/><V28/><F92/><W52/><G19/><T22/><D134/><U0/><E0/><V62/><F135/><W128/><G128/><N who="0" m="49195" /><D95/><N who="1" m="56447" /><E104/><V85/><F16/><W41/><G41/><T20/><D111/><U40/><E38/><V120/><F120/><W57/><G126/><T82/><D82/><U94/><E94/><V98/><F98/><N who="0" m="37386" /><D11/><U106/><E106/><V129/><F129/><W100/><G93/><T89/><D89/><U61/><E61/><V86/><F75/><W45/><G100/><AGARI ba="0,0" hai="27,29,32,40,43,100,101,102,112,114,115" m="56447" machi="100" ten="30,1500,0" yaku="15,1" doraHai="80" who="1" fromWho="3" sc="301,0,242,15,165,0,292,-15" />
</Scene>
<Scene>
<INIT seed="5,1,0,3,1,20" ten="301,257,165,277" oya="1" hai0="85,74,110,99,134,33,70,72,103,6,48,120,16" hai1="64,113,1,66,7,28,51,105,96,8,67,107,122" hai2="78,124,55,14,111,121,53,35,109,39,4,23,56" hai3="32,131,108,83,19,117,101,123,15,126,69,87,79"/><U91/><E122/><V116/><F121/><W10/><G123/><T86/><D120/><RYUUKYOKU type="kaze4" ba="1,0" sc="301,0,257,0,165,0,277,0" />
</Scene>
<Scene>
<INIT seed="5,2,0,4,4,116" ten="301,257,165,277" oya="1" hai0="19,117,49,48,81,64,37,52,33,113,82,36,107" hai1="109,69,72,26,55,38,105,50,42,9,70,12,4" hai2="87,75,58,77,23,98,68,74,44,88,86,119,16" hai3="11,57,15,102,41,18,17,123,101,6,91,125,84"/><U66/><E105/><V51/><F68/><W76/><G125/><T62/><D117/><U24/><E72/><V34/><F34/><W3/><G41/><T8/><D33/><U122/><E109/><V93/><F119/><W131/><G131/><T29/><D29/><U134/><E134/><V25/><F75/><W27/><G76/><T95/><D107/><U130/><E130/><V20/><F74/><W92/><G123/><T71/><D49/><U65/><E65/><V80/><F58/><W85/><G85/><T14/><D113/><U120/><E26/><V73/><REACH who="2" step="1"/><F23/><REACH who="2" ten="301,257,155,277" step="2"/><W46/><G57/><T30/><D71/><U32/><E69/><V1/><F1/><W128/><G128/><T13/><D8/><U2/><E2/><V31/><F31/><W135/><G135/><T40/><D30/><U90/><E32/><V0/><F0/><W53/><G3/><T67/><D62/><U56/><E70/><V127/><F127/><W7/><G46/><T89/><D19/><U121/><E121/><V129/><F129/><W60/><G6/><T132/><D132/><U5/><E5/><V79/><F79/><W133/><G133/><T111/><D111/><U112/><E120/><V61/><F61/><W124/><G124/><T100/><D64/><U115/><E66/><V97/><F97/><W39/><G7/><T106/><D67/><U103/><E122/><V104/><F104/><W126/><G126/><T83/><D106/><U21/><E4/><V94/><F94/><W35/><G35/><T22/><D95/><U108/><E108/><V118/><F118/><RYUUKYOKU ba="2,1" sc="301,-10,257,-10,155,30,277,-10" hai2="16,20,25,44,51,73,77,80,86,87,88,93,98" />
</Scene>
<Scene>
<INIT seed="6,3,1,3,5,47" ten="291,247,185,267" oya="2" hai0="8,97,11,16,56,84,23,57,88,98,35,104,92" hai1="85,43,112,64,124,59,50,4,18,125,109,79,34" hai2="90,80,38,39,94,49,5,17,1,37,25,129,3" hai3="2,61,93,122,76,63,132,53,27,100,77,103,117"/><V87/><F5/><W31/><G2/><T78/><D35/><U123/><E109/><V68/><F68/><W113/><G122/><T96/><D104/><U28/><E123/><V67/><F67/><W48/><G117/><T86/><D78/><U51/><E112/><V13/><F25/><W42/><G132/><T89/><D8/><U127/><E4/><V21/><F129/><W41/><G113/><T106/><D11/><U102/><E102/><V54/><REACH who="2" step="1"/><F80/><REACH who="2" ten="291,247,175,267" step="2"/><W40/><G27/><N who="0" m="14823" /><D106/><U111/><E64/><V95/><F95/><AGARI ba="3,2" hai="56,57,84,86,88,89,92,95,96,97,98" m="14823" machi="95" ten="30,3900,0" yaku="8,1,54,2" doraHai="47" who="0" fromWho="2" sc="291,68,247,0,175,-48,267,0" />
</Scene>
<Scene>
<INIT seed="7,0,0,0,0,54" ten="359,247,127,267" oya="3" hai0="62,56,87,32,85,18,16,11,109,95,82,40,19" hai1="122,5,103,112,27,69,120,70,50,2,100,94,48" hai2="124,65,28,60,36,123,8,127,105,4,9,23,130" hai3="117,64,135,33,129,63,91,74,110,84,30,111,24"/><W79/><G117/><T107/><D32/><U73/><E73/><V131/><F60/><W90/><G129/><N who="2" m="49161" /><F65/><W37/><G37/><T133/><D107/><U68/><E112/><V71/><F71/><W66/><G66/><N who="0" m="39239" /><D133/><U102/><E94/><V14/><F36/><W34/><G34/><T108/><D108/><N who="3" m="41513" /><G135/><T118/><D118/><U115/><E115/><V59/><F59/><N who="3" m="36991" /><G74/><T77/><D40/><U6/><E27/><N who="2" m="16511" /><F105/><W132/><G132/><T80/><D109/><U51/><E2/><V86/><F86/><W72/><G72/><T25/><D95/><U17/><E17/><V43/><F43/><W12/><G12/><N who="0" m="7199" /><D25/><U13/><E13/><V98/><F98/><W10/><G79/><AGARI ba="0,0" hai="18,19,77,79,80,82,85,87" m="7199,39239" machi="79" ten="30,3900,0" yaku="8,1,52,1,54,1" doraHai="54" who="0" fromWho="3" sc="359,39,247,0,127,0,267,-39" owari="398,49.0,247,5.0,127,-37.0,228,-17.0" />
</Scene>
</mjloggm>