<mjloggm ver="2.3"><GO type="193"/><UN n0="%4B%45%49%4A%49%5F%30%31" n1="%E5%90%8D%E5%89%8D%E3%81%AE%E3%81%AA%E3%81%84%E6%B5%B7" n2="%6D%61%6E%74%65%6E" n3="%E5%A4%AA%E3%81%8F%E3%81%AA%E3%81%84%E3%81%8A" dan="12,12,12,8" rate="1695,1785,1685,1664" sx="M,F,F,M"/><TAIKYOKU oya="0"/>

<Scene>
<INIT seed="0,0,0,4,3,91" ten="250,250,250,250" oya="0" hai0="23,126,14,124,115,17,15,117,119,114,59,109,51" hai1="38,128,29,49,134,56,64,75,3,69,45,34,130" hai2="47,58,129,120,66,52,111,116,19,101,42,16,102" hai3="70,32,12,87,41,60,72,11,110,123,39,97,67"/><T28/><D59/><U18/><E75/><V62/><F120/><W92/><G110/><T10/><D28/><U77/><E77/><V113/><F116/><N who="0" m="44618" /><D51/><U54/><E3/><V68/><F111/><W96/><G32/><T37/><D37/><U22/><E134/><V85/><F129/><N who="1" m="49769" /><E29/><V7/><F113/><N who="0" m="43018" /><D109/><U86/><E86/><V44/><F7/><AGARI ba="0,0" hai="7,10,14,15,17,23,124,126" m="43018,44618" machi="7" ten="30,2900,0" yaku="34,2" doraHai="91" who="0" fromWho="2" sc="250,29,250,0,250,-29,250,0" />
</Scene>
<Scene>
<INIT seed="0,1,0,2,4,86" ten="279,250,221,250" oya="0" hai0="59,22,40,71,21,23,3,82,27,31,110,0,77" hai1="51,122,109,129,89,98,84,91,80,92,39,88,99" hai2="115,72,20,95,90,70,33,54,108,124,130,105,53" hai3="35,9,97,1,46,112,26,96,68,17,15,57,13"/><T12/><D71/><U107/><E39/><V16/><F105/><W32/><G68/><T36/><D12/><U134/><E122/><V69/><F72/><W19/><G112/><T63/><D36/><U131/><E51/><V127/><F130/><N who="1" m="49673" /><E109/><V25/><F115/><W28/><G1/><T113/><D40/><U75/><E134/><V117/><F108/><W116/><G116/><T24/><D113/><U94/><E75/><V18/><F33/><W37/><G35/><T104/><D104/><AGARI ba="1,0" hai="80,84,88,89,91,92,94,98,99,104,107" m="49673" machi="104" ten="30,12000,2" yaku="19,1,34,2,52,3,54,1" doraHai="86" who="1" fromWho="0" sc="279,-123,250,123,221,0,250,0" />
</Scene>
<Scene>
<INIT seed="1,0,0,0,4,91" ten="156,373,221,250" oya="1" hai0="1,14,21,55,53,123,97,8,134,10,119,12,28" hai1="22,131,57,42,70,4,69,18,106,109,68,102,32" hai2="86,73,87,118,29,112,58,31,5,84,11,50,48" hai3="92,95,100,40,77,38,117,56,99,43,124,98,129"/><U34/><E131/><V114/><F118/><W51/><G129/><T63/><D119/><U44/><E4/><V52/><F73/><W74/><G117/><T41/><D41/><U17/><E57/><V81/><F81/><W76/><G124/><T3/><D134/><U30/><E109/><V82/><F82/><W60/><G38/><T107/><D123/><U16/><E22/><V20/><F20/><W35/><G35/><T127/><D127/><U96/><REACH who="1" step="1"/><E30/><REACH who="1" ten="156,363,221,250" step="2"/><V67/><F67/><N who="3" m="39303" /><G74/><T80/><D21/><U15/><E15/><N who="2" m="5615" /><F29/><W101/><G51/><AGARI ba="0,1" hai="16,17,18,32,34,42,44,51,68,69,70,96,102,106" machi="51" ten="50,12000,1" yaku="1,1,54,1,53,3" doraHai="91" doraHaiUra="66" who="1" fromWho="3" sc="156,0,363,130,221,0,250,-120" />
</Scene>
<Scene>
<INIT seed="1,1,0,3,4,87" ten="156,493,221,130" oya="1" hai0="132,34,88,27,133,124,120,28,111,59,69,98,37" hai1="62,12,115,77,80,102,97,95,110,74,81,57,64" hai2="44,135,24,104,89,94,32,66,22,85,23,101,130" hai3="118,26,122,65,41,76,7,50,72,106,96,75,3"/><U38/><E115/><V35/><F135/><N who="0" m="51786" /><D37/><U67/><E38/><V108/><F108/><W21/><G122/><T107/><D69/><U63/><E110/><V29/><F29/><W123/><G123/><T54/><D111/><U45/><E45/><V15/><F15/><W119/><G65/><T125/><D107/><U17/><E77/><V25/><F25/><W5/><G76/><T105/><D105/><U126/><E126/><N who="0" m="48745" /><D120/><U70/><E74/><V30/><F30/><W55/><G72/><T131/><D59/><U43/><E43/><V52/><F52/><W39/><G75/><T129/><D54/><U0/><E0/><V16/><F16/><N who="3" m="12583" /><G41/><T42/><D42/><U127/><E127/><V1/><F1/><W8/><G39/><T99/><D88/><U2/><E2/><V134/><F134/><W113/><G113/><T92/><D92/><U117/><E117/><N who="3" m="44554" /><G5/><T61/><D61/><U53/><E53/><V33/><F33/><W78/><G78/><T49/><D49/><U71/><E57/><V112/><F130/><AGARI ba="1,0" hai="27,28,34,98,99,129,130,131" m="48745,51786" machi="130" ten="40,32000,5" yakuman="39" doraHai="87" who="0" fromWho="2" sc="156,323,493,0,221,-323,130,0" owari="479,28.0,493,59.0,-102,-60.0,130,-27.0" />
</Scene>
</mjloggm>