<mjloggm ver="2.3"><GO type="169"/><UN n0="%E3%83%87%E3%82%B8%E3%82%BF%E3%83%AB%E4%BB%99%E4%BA%BA" n1="%E3%82%AF%E3%83%AC%E3%82%A2" n2="%E2%99%AA%E3%83%A2%E3%83%8E%E3%82%AF%E3%83%AD" n3="%E5%A4%AA%E3%81%8F%E3%81%AA%E3%81%84%E3%81%8A" dan="18,16,18,17" rate="2191,2034,2164,2181" sx="F,M,F,M"/><TAIKYOKU oya="0"/>

<Scene>
<INIT seed="0,0,0,1,4,17" ten="250,250,250,250" oya="0" hai0="15,126,75,54,27,67,34,50,19,84,107,122,24" hai1="134,49,125,53,26,0,82,102,78,86,91,35,96" hai2="80,88,118,5,98,132,46,40,129,119,55,28,58" hai3="9,32,101,37,73,22,16,39,124,48,121,94,23"/><T123/><D75/><U109/><E0/><V87/><F129/><W63/><G32/><T62/><D107/><U25/><E109/><V3/><F132/><W133/><G73/><T33/><D126/><U45/><E35/><V104/><F28/><W56/><G133/><T2/><D2/><U8/><E8/><V21/><F5/><W106/><G106/><T112/><D112/><U13/><E13/><V128/><F3/><W1/><G124/><T76/><D33/><U64/><E64/><V110/><F110/><W31/><G121/><T95/><D34/><U71/><E71/><V108/><F128/><W83/><G83/><T66/><D123/><U72/><E125/><V69/><F69/><W12/><G48/><T127/><D127/><U117/><E117/><N who="2" m="44555" /><F108/><W51/><G51/><T130/><D130/><U135/><E135/><V57/><F55/><W115/><G115/><T47/><D122/><U41/><E53/><V79/><F21/><N who="3" m="7691" /><G39/><T131/><D131/><U105/><E134/><V92/><F104/><W99/><G37/><AGARI ba="0,0" hai="37,40,46,57,58,79,80,87,88,92,98" m="44555" machi="37" ten="30,2000,0" yaku="12,1,54,1" doraHai="17" who="2" fromWho="3" sc="250,0,250,0,250,20,250,-20" />
</Scene>
<Scene>
<INIT seed="1,0,0,0,1,104" ten="250,250,270,230" oya="1" hai0="103,127,96,115,72,7,90,112,29,14,121,49,6" hai1="3,105,108,113,87,51,60,17,95,50,9,86,1" hai2="57,129,32,125,27,46,94,122,126,124,30,68,11" hai3="21,33,73,118,55,62,28,20,45,48,110,12,91"/><U58/><E105/><V23/><F68/><W43/><G110/><T24/><D121/><U42/><E113/><V89/><F122/><W52/><G118/><T22/><D127/><U97/><E108/><V101/><F129/><W99/><G73/><T93/><D72/><U5/><E3/><V65/><F101/><W15/><G33/><T132/><D132/><U40/><E17/><V13/><F46/><W123/><G123/><T37/><D37/><U114/><E114/><V85/><F32/><W36/><G62/><T80/><D115/><U131/><E131/><V98/><F85/><W76/><G76/><T25/><D112/><U111/><E111/><V133/><F133/><W88/><G36/><T54/><D14/><N who="3" m="5161" /><G91/><T107/><D25/><U47/><E50/><V78/><F78/><W56/><G28/><T69/><D69/><U10/><E42/><V8/><REACH who="2" step="1"/><F13/><REACH who="2" ten="250,250,260,230" step="2"/><W71/><G71/><T75/><D75/><U109/><E109/><V4/><F4/><W38/><G38/><T35/><D35/><U16/><E10/><V84/><F84/><W39/><G39/><T41/><D6/><U74/><E74/><V106/><F106/><W64/><G21/><T2/><D7/><U31/><E31/><V66/><F66/><W119/><G20/><T53/><D2/><U100/><E16/><V61/><AGARI ba="0,1" hai="8,11,23,27,30,57,61,65,89,94,98,124,125,126" machi="61" ten="40,8000,1" yaku="1,1,0,1,18,1,53,1" doraHai="104" doraHaiUra="26" who="2" fromWho="2" sc="250,-20,250,-40,260,90,230,-20" />
</Scene>
<Scene>
<INIT seed="2,0,0,2,5,29" ten="230,210,350,210" oya="2" hai0="68,81,23,80,104,16,14,85,42,24,106,37,122" hai1="70,123,120,3,36,119,43,45,125,84,65,131,96" hai2="115,135,76,108,40,97,52,69,38,50,9,86,17" hai3="64,61,19,89,87,5,25,58,75,93,116,133,128"/><V71/><F115/><W18/><G133/><T1/><D1/><U99/><E119/><V39/><F135/><W127/><G127/><T88/><D122/><U114/><E3/><V34/><F34/><W83/><G128/><T105/><D68/><U72/><E72/><V26/><F97/><W47/><G116/><T32/><D42/><U130/><E114/><V21/><F108/><W53/><G5/><T7/><D37/><U46/><E84/><V27/><F27/><W62/><G25/><T49/><D49/><U11/><E11/><V95/><F9/><W94/><G75/><T98/><D7/><U121/><E125/><V0/><F0/><W22/><G47/><T110/><D110/><U28/><E28/><V117/><F117/><W134/><G134/><T92/><REACH who="0" step="1"/><D98/><REACH who="0" ten="220,210,350,210" step="2"/><U100/><E96/><V63/><F40/><W73/><G62/><T59/><D59/><U107/><E45/><V20/><F63/><AGARI ba="0,1" hai="36,43,46,63,65,70,99,100,107,120,121,123,130,131" machi="63" ten="50,6400,0" yaku="13,1,23,2" doraHai="29" who="1" fromWho="2" sc="220,0,210,74,350,-64,210,0" />
</Scene>
<Scene>
<INIT seed="3,0,0,3,3,92" ten="220,284,286,210" oya="3" hai0="63,61,117,29,46,97,7,67,40,8,18,82,89" hai1="128,12,118,100,50,65,15,126,107,52,23,31,35" hai2="36,55,13,1,135,125,42,90,60,9,47,26,121" hai3="88,113,58,19,30,2,93,43,70,127,129,6,45"/><W37/><G113/><T119/><D29/><U85/><E35/><V44/><F1/><W76/><G70/><T110/><D18/><U24/><E65/><V28/><F125/><W5/><G127/><T86/><D110/><U120/><E120/><V84/><F135/><W77/><G129/><T32/><D32/><U21/><E126/><V73/><F73/><W56/><G30/><T22/><D22/><U109/><E109/><V103/><F121/><W51/><G19/><T4/><D4/><N who="3" m="1641" /><G37/><T64/><D64/><U11/><E23/><N who="2" m="15455" /><F36/><W38/><G38/><T3/><D63/><U102/><E107/><V101/><F42/><W115/><G2/><T112/><D112/><U39/><E39/><V123/><F123/><W80/><G115/><T105/><D46/><N who="2" m="17450" /><F55/><W131/><G131/><T106/><D40/><U20/><E52/><V48/><F48/><W81/><G76/><T87/><D106/><U54/><E128/><V94/><F60/><W57/><G77/><T34/><D34/><U68/><E68/><V104/><F104/><W69/><G69/><T66/><D66/><U108/><E108/><V99/><F84/><AGARI ba="0,0" hai="43,45,51,56,57,58,80,81,84,88,93" m="1641" machi="84" ten="30,2900,0" yaku="8,1,54,1" doraHai="92" who="3" fromWho="2" sc="220,0,284,0,286,-29,210,29" />
</Scene>
<Scene>
<INIT seed="3,1,0,5,3,52" ten="220,284,257,239" oya="3" hai0="103,76,7,108,61,56,110,111,130,43,12,119,81" hai1="118,117,70,114,121,95,120,84,47,27,80,91,66" hai2="79,13,60,125,40,55,132,127,94,63,83,115,31" hai3="39,126,0,5,37,68,97,62,71,67,53,58,42"/><W77/><G77/><T29/><D119/><U2/><E2/><V45/><F115/><W109/><G97/><T133/><D103/><U25/><E114/><V26/><F132/><W65/><G5/><T8/><D133/><U104/><E70/><N who="3" m="26666" /><G0/><T129/><D43/><U3/><E66/><N who="3" m="25098" /><G126/><N who="2" m="48137" /><F13/><W75/><G75/><N who="0" m="43167" /><D29/><U1/><E47/><V85/><F94/><W124/><G124/><T82/><D82/><U14/><E14/><V11/><F11/><W21/><G21/><T49/><D49/><U92/><E80/><V30/><F30/><W86/><G86/><T51/><D51/><U46/><E46/><V96/><F96/><W22/><G22/><T134/><D134/><U74/><E84/><V4/><F4/><W72/><G72/><T18/><D7/><U89/><E74/><V131/><F31/><W128/><G128/><T123/><D123/><U59/><REACH who="1" step="1"/><E104/><REACH who="1" ten="220,274,257,239" step="2"/><V69/><F83/><W113/><G113/><T102/><D130/><U41/><E41/><V73/><F131/><W16/><G42/><T28/><D129/><U122/><E122/><V135/><F40/><W15/><G109/><T101/><D28/><U107/><E107/><V9/><F135/><W50/><G39/><T10/><D10/><U34/><E34/><V78/><F9/><N who="3" m="6255" /><G37/><T36/><D36/><U48/><E48/><N who="2" m="29071" /><F73/><W54/><G50/><T105/><D105/><U87/><E87/><V35/><F85/><W64/><G62/><N who="2" m="23593" /><F69/><W33/><G33/><T38/><D38/><U99/><E99/><V23/><F35/><W88/><G64/><AGARI ba="1,1" hai="8,12,18,56,61,64,101,102,108,110,111" m="43167" machi="64" ten="30,2000,0" yaku="14,1,52,1" doraHai="52" who="0" fromWho="3" sc="220,33,274,0,257,0,239,-23" />
</Scene>
<Scene>
<INIT seed="4,0,0,1,5,37" ten="253,274,257,216" oya="0" hai0="13,70,130,124,123,109,11,43,15,106,2,53,34" hai1="58,67,35,60,22,68,127,59,117,77,31,86,38" hai2="49,103,111,72,29,100,92,112,107,17,64,108,98" hai3="20,28,56,133,65,63,62,24,5,36,44,114,115"/><T18/><D123/><U69/><E35/><V85/><F72/><W52/><G133/><T104/><D2/><U50/><E77/><V126/><F29/><W8/><G36/><T116/><D116/><U25/><E38/><V80/><F64/><W51/><REACH who="3" step="1"/><G63/><REACH who="3" ten="253,274,257,206" step="2"/><T30/><D109/><U7/><E117/><V82/><F111/><W90/><G90/><T118/><D118/><U27/><E127/><V55/><F108/><W0/><AGARI ba="0,1" hai="0,5,8,20,24,28,44,51,52,56,62,65,114,115" machi="0" ten="30,4000,0" yaku="1,1,0,1,54,1,53,0" doraHai="37" doraHaiUra="97" who="3" fromWho="3" sc="253,-20,274,-10,257,-10,206,50" />
</Scene>
<Scene>
<INIT seed="5,0,0,0,0,29" ten="233,264,247,256" oya="1" hai0="38,1,72,62,47,73,65,64,28,102,54,69,103" hai1="26,45,46,75,66,5,30,9,107,95,58,120,84" hai2="0,63,39,17,42,123,20,2,74,40,93,31,6" hai3="7,18,50,118,13,132,77,10,60,86,19,14,22"/><U89/><E75/><V71/><F74/><W94/><G132/><T115/><D115/><U61/><E107/><V48/><F39/><W49/><G118/><T97/><D103/><U105/><E105/><V21/><F123/><W126/><G126/><T104/><D65/><U101/><E101/><V108/><F108/><W23/><G60/><T88/><D1/><U96/><E84/><V3/><F6/><W4/><G4/><T27/><D88/><U43/><E43/><V25/><F48/><W124/><G124/><T12/><D12/><U51/><E51/><V92/><F71/><W35/><G35/><N who="0" m="20895" /><D54/><U41/><E41/><AGARI ba="0,0" hai="38,41,47,62,64,69,72,73,97,102,104" m="20895" machi="41" ten="30,7700,0" yaku="25,1,33,2,52,1" doraHai="29" who="0" fromWho="1" sc="233,77,264,-77,247,0,256,0" />
</Scene>
<Scene>
<INIT seed="6,0,0,5,1,107" ten="310,187,247,256" oya="2" hai0="63,78,5,53,124,67,38,7,8,80,66,100,115" hai1="6,39,46,60,83,101,30,119,32,27,84,25,135" hai2="134,103,70,18,89,82,130,13,45,122,127,111,98" hai3="52,91,85,105,50,43,129,117,35,73,81,37,42"/><V75/><F122/><W59/><G117/><T69/><D100/><U125/><E119/><V55/><F70/><W0/><G105/><T34/><D34/><U109/><E109/><V113/><F113/><W74/><G35/><T11/><D115/><U126/><E101/><V128/><F127/><W28/><G0/><T79/><D38/><U21/><E6/><V97/><F134/><W71/><G71/><T54/><D124/><U64/><E135/><V9/><F111/><W4/><G129/><N who="2" m="49769" /><F103/><W56/><G28/><T65/><D69/><U132/><E132/><V10/><F10/><N who="0" m="3626" /><D63/><U93/><E93/><V92/><F97/><W26/><G4/><N who="0" m="1611" /><D80/><U36/><E46/><V76/><F45/><W62/><G37/><T51/><D51/><U120/><E120/><V47/><F47/><W29/><G43/><T17/><D17/><U23/><E32/><V104/><F104/><W133/><G133/><T44/><D44/><U94/><E94/><V131/><F131/><W118/><G42/><T22/><D22/><U88/><E125/><V99/><F99/><W2/><G118/><T57/><D57/><U114/><E114/><V108/><F108/><W24/><G2/><T116/><D116/><U31/><REACH who="1" step="1"/><E126/><REACH who="1" ten="310,177,247,256" step="2"/><V121/><F121/><W112/><G112/><T106/><D106/><U49/><E49/><V95/><F92/><W87/><G50/><T48/><D48/><U86/><E86/><V58/><F95/><W14/><G85/><T77/><AGARI ba="0,1" hai="53,54,65,66,67,77,78,79" m="1611,3626" machi="77" ten="40,5200,0" yaku="28,2,8,1" doraHai="107" who="0" fromWho="0" sc="310,62,177,-13,247,-26,256,-13" />
</Scene>
<Scene>
<INIT seed="7,0,0,2,0,127" ten="372,164,221,243" oya="3" hai0="102,112,60,42,3,89,75,46,13,128,100,66,131" hai1="32,94,26,90,99,40,48,82,87,73,36,37,124" hai2="78,30,23,64,54,65,16,2,35,79,6,80,84" hai3="88,125,49,31,103,24,98,108,74,118,116,63,9"/><W7/><G74/><T97/><D3/><U1/><E1/><V28/><F78/><W91/><G125/><T130/><D75/><U61/><E124/><V47/><F6/><W45/><G108/><T43/><D112/><U12/><E61/><V10/><F35/><W120/><G63/><T92/><D13/><U34/><E12/><N who="2" m="7191" /><F2/><W93/><G120/><T58/><D43/><U53/><E73/><V106/><F106/><W38/><G38/><AGARI ba="0,0" hai="38,42,46,58,60,66,89,92,97,100,102,128,130,131" machi="38" ten="40,8000,1" yaku="19,1,52,3" doraHai="127" who="0" fromWho="3" sc="372,80,164,0,221,0,243,-80" owari="452,56.0,164,-24.0,221,2.0,163,-34.0" />
</Scene>
</mjloggm>