<mjloggm ver="2.3"><GO type="169"/><UN n0="%E3%81%B9%E3%81%A3%E3%81%93%E3%83%BC%E2%99%AA" n1="%E3%81%A4%E3%81%B0%E3%81%8D%E3%81%A1%30%33" n2="%E2%99%AA%E3%83%A2%E3%83%8E%E3%82%AF%E3%83%AD" n3="%E5%A4%AA%E3%81%8F%E3%81%AA%E3%81%84%E3%81%8A" dan="17,17,18,17" rate="2168,2194,2177,2175" sx="F,M,F,M"/><TAIKYOKU oya="0"/>

<Scene>
<INIT seed="0,0,0,3,4,84" ten="250,250,250,250" oya="0" hai0="18,129,22,66,76,113,91,103,27,120,133,11,64" hai1="63,87,36,54,58,78,39,7,116,12,105,114,99" hai2="89,126,75,34,23,83,94,131,15,112,8,80,10" hai3="97,37,134,16,5,101,74,70,48,28,128,61,69"/><T33/><D120/><U30/><E116/><V72/><F34/><W55/><G37/><T65/><D113/><U67/><E30/><V62/><F112/><W14/><G74/><T46/><D133/><U71/><E114/><V102/><F126/><W124/><G124/><T1/><D129/><U118/><E118/><V79/><F131/><W26/><G5/><T21/><D103/><U31/><E31/><V132/><F132/><W90/><G128/><T42/><D33/><U53/><E7/><V52/><F102/><W38/><G38/><T45/><D76/><U117/><E12/><V25/><F15/><W2/><G2/><T111/><D111/><U127/><E127/><V43/><F43/><W104/><G61/><T57/><D57/><U81/><E54/><V88/><F72/><W6/><G6/><T125/><D11/><N who="2" m="4138" /><F75/><W115/><G134/><T51/><D1/><U93/><E105/><V3/><F3/><W82/><G115/><T56/><D125/><U50/><REACH who="1" step="1"/><E117/><REACH who="1" ten="250,240,250,250" step="2"/><V106/><F106/><W119/><G119/><T107/><D107/><U13/><E13/><V86/><F25/><W110/><G26/><T109/><D109/><U100/><AGARI ba="0,1" hai="36,39,50,53,58,63,67,71,78,81,87,93,99,100" machi="100" ten="20,5200,0" yaku="1,1,0,1,7,1,53,1" doraHai="84" doraHaiUra="59" who="1" fromWho="1" sc="250,-26,240,62,250,-13,250,-13" />
</Scene>
<Scene>
<INIT seed="1,0,0,0,4,87" ten="224,302,237,237" oya="1" hai0="123,90,34,17,119,80,93,2,6,110,61,68,91" hai1="67,32,37,51,83,1,101,55,84,82,74,131,133" hai2="33,16,95,66,81,94,7,86,113,23,78,126,36" hai3="59,62,72,92,128,77,5,3,105,4,54,20,111"/><U41/><E32/><V75/><F33/><W85/><G105/><T129/><D119/><U70/><E1/><V60/><F36/><W9/><G111/><T103/><D110/><U117/><E117/><V64/><F126/><W56/><G128/><T108/><D34/><U104/><E74/><V135/><F135/><W31/><G72/><T39/><D108/><U45/><E133/><V35/><F35/><W15/><G3/><T8/><D129/><U57/><E131/><V40/><F40/><W42/><G42/><T116/><D116/><U65/><E83/><V24/><F113/><W115/><G115/><T125/><D39/><U118/><E118/><V58/><F7/><N who="3" m="3519" /><G59/><T102/><D123/><U49/><E37/><V27/><F75/><W0/><G0/><T89/><D125/><U134/><E70/><V112/><F112/><W26/><G77/><T120/><D120/><U127/><E127/><V109/><F109/><W30/><G30/><T76/><D93/><N who="2" m="35338" /><F64/><N who="1" m="24649" /><E104/><V73/><F73/><W44/><G44/><T43/><D43/><U14/><E134/><V122/><F122/><W100/><G100/><T47/><D47/><U52/><E101/><N who="0" m="38409" /><D68/><U11/><E41/><V48/><F48/><W71/><G71/><T132/><D132/><U28/><E28/><V130/><F130/><W13/><G31/><T114/><D114/><U88/><E11/><V46/><F46/><W19/><G92/><T121/><D121/><U99/><E14/><AGARI ba="0,0" hai="14,16,23,24,27,58,60,66,78,81,86" m="35338" machi="14" ten="30,2000,0" yaku="8,1,54,1" doraHai="87" who="2" fromWho="1" sc="224,0,302,-20,237,20,237,0" />
</Scene>
<Scene>
<INIT seed="2,0,0,0,5,128" ten="224,282,257,237" oya="2" hai0="18,34,132,109,122,84,91,101,77,36,7,71,21" hai1="50,114,16,69,52,118,59,94,0,75,102,96,83" hai2="22,73,11,53,93,44,68,86,29,97,14,131,117" hai3="88,47,8,130,123,15,27,35,112,108,103,13,4"/><V124/><F73/><W58/><G123/><T37/><D122/><U61/><E0/><V30/><F68/><W129/><G103/><T2/><D34/><U120/><E118/><V63/><F117/><W113/><G47/><T119/><D119/><U80/><E114/><N who="3" m="44138" /><G58/><T20/><D71/><U125/><E125/><V82/><F131/><N who="3" m="50187" /><G88/><T46/><D101/><U26/><E75/><V54/><F124/><W1/><G108/><T105/><D109/><U81/><E120/><V99/><F63/><W87/><G87/><T31/><D105/><U110/><E110/><V76/><F99/><W9/><G9/><T134/><D46/><U104/><E104/><V48/><F53/><W51/><G51/><T45/><D45/><U115/><E115/><V56/><F44/><W95/><G95/><T85/><D91/><U33/><E69/><V40/><F40/><W133/><G133/><T92/><D92/><U43/><E43/><V90/><REACH who="2" step="1"/><F22/><REACH who="2" ten="224,282,247,237" step="2"/><W79/><G79/><T3/><D77/><U60/><E33/><V23/><F23/><AGARI ba="0,1" hai="16,23,26,50,52,59,60,61,80,81,83,94,96,102" machi="23" ten="40,5200,0" yaku="8,1,54,2" doraHai="128" who="1" fromWho="2" sc="224,0,282,62,247,-52,237,0" />
</Scene>
<Scene>
<INIT seed="3,0,0,4,3,113" ten="224,344,195,237" oya="3" hai0="40,6,76,69,105,60,81,21,4,30,52,17,73" hai1="63,43,110,24,59,47,126,51,0,50,104,132,133" hai2="125,35,135,101,20,70,67,7,84,5,46,11,41" hai3="27,64,65,83,61,1,106,89,95,111,8,77,48"/><W14/><G106/><T18/><D105/><U45/><E0/><V57/><F35/><W90/><G1/><T118/><D118/><U75/><E75/><V28/><F70/><W66/><G111/><T2/><D40/><N who="1" m="24871" /><E24/><V119/><F125/><W19/><G48/><T120/><D120/><U98/><E98/><V96/><F135/><N who="1" m="51785" /><E104/><V42/><F119/><W71/><G27/><T38/><D38/><U68/><E68/><V127/><F127/><W34/><G34/><T93/><D69/><U12/><E12/><V74/><F74/><W102/><G102/><T22/><D2/><U128/><E126/><V15/><F84/><W10/><G10/><T78/><D30/><U9/><E9/><V112/><F112/><W86/><REACH who="3" step="1"/><G90/><REACH who="3" ten="224,344,195,227" step="2"/><T124/><D124/><U82/><E110/><V116/><F116/><W44/><G44/><T114/><D114/><U31/><E47/><V88/><F46/><W58/><G58/><T121/><D121/><U97/><E59/><V94/><F101/><W91/><G91/><T25/><D78/><U123/><E51/><V23/><F28/><W129/><G129/><T32/><D32/><U80/><E31/><V53/><F42/><W131/><G131/><T29/><D29/><U87/><E43/><V100/><F41/><W36/><G36/><T130/><D130/><U37/><E128/><V122/><F122/><W108/><G108/><T3/><D3/><U134/><E37/><V26/><F26/><W33/><G33/><T39/><D39/><U85/><E134/><V92/><F100/><W115/><G115/><T107/><D107/><RYUUKYOKU ba="0,1" sc="224,-10,344,-10,195,-10,227,30" hai3="8,14,19,61,64,65,66,71,77,83,86,89,95" />
</Scene>
<Scene>
<INIT seed="3,1,1,4,2,57" ten="214,334,185,257" oya="3" hai0="105,131,73,61,76,121,127,26,135,128,82,40,62" hai1="41,95,7,11,117,102,133,80,31,35,21,54,91" hai2="6,114,48,67,99,34,63,65,49,23,24,94,47" hai3="30,2,118,112,5,134,16,14,56,43,28,19,130"/><W111/><G43/><T18/><D121/><U100/><E35/><V96/><F114/><W50/><G112/><T108/><D105/><U27/><E133/><V129/><F129/><N who="0" m="49738" /><D135/><U58/><E41/><V38/><F34/><W85/><G130/><T119/><D119/><U83/><E83/><V103/><F6/><W75/><G75/><T20/><D127/><U87/><E80/><V89/><F38/><W60/><G134/><T72/><D108/><U92/><E92/><V126/><F126/><W42/><G118/><T64/><D64/><U33/><E33/><V4/><F4/><W97/><G111/><T55/><D40/><U77/><E77/><V106/><F47/><N who="3" m="25975" /><G2/><T52/><D73/><U81/><E81/><V93/><F106/><W104/><G104/><T46/><D46/><U69/><E69/><V66/><REACH who="2" step="1"/><F63/><AGARI ba="1,1" hai="18,20,26,52,55,61,62,63,72,76,82" m="49738" machi="63" ten="30,8000,1" yaku="19,1,52,3,54,1" doraHai="57" who="0" fromWho="2" sc="214,93,334,0,185,-83,257,0" />
</Scene>
<Scene>
<INIT seed="4,0,0,2,0,93" ten="307,334,102,257" oya="0" hai0="60,101,44,47,107,11,126,34,31,129,7,32,63" hai1="1,90,89,9,33,36,111,13,130,37,17,56,35" hai2="6,115,28,54,16,79,2,124,22,95,94,27,76" hai3="39,67,62,128,83,23,5,48,25,96,131,53,100"/><T97/><D126/><U58/><E111/><V49/><F115/><W132/><G39/><T46/><D129/><N who="3" m="49737" /><G5/><T42/><D42/><U78/><E130/><V125/><F6/><W10/><G10/><T87/><D87/><U73/><E78/><V70/><F70/><N who="3" m="42359" /><G83/><T84/><D84/><U105/><E9/><V133/><F2/><W65/><G65/><T134/><D31/><U127/><E1/><V72/><F133/><W77/><G77/><T85/><D85/><U75/><E127/><N who="2" m="48715" /><F79/><W120/><G132/><T0/><REACH who="0" step="1"/><D134/><REACH who="0" ten="297,334,102,257" step="2"/><U102/><E75/><V18/><F72/><W55/><G120/><T135/><D135/><U12/><E73/><V86/><F76/><W57/><G55/><T71/><D71/><U118/><E118/><V68/><F68/><W108/><G108/><T81/><D81/><U91/><E37/><V74/><F74/><W24/><G23/><T19/><D19/><N who="2" m="7210" /><F86/><W20/><G20/><T50/><D50/><U14/><E36/><V15/><F15/><W3/><G3/><T99/><D99/><N who="1" m="61663" /><E17/><V106/><F49/><W123/><G123/><T4/><D4/><U122/><E122/><V113/><F54/><W29/><G29/><T52/><D52/><U103/><E14/><V82/><F82/><W92/><AGARI ba="0,1" hai="24,25,48,53,57,92,96,100" m="42359,49737" machi="92" ten="30,2000,0" yaku="19,1,52,1" doraHai="93" who="3" fromWho="3" sc="297,-10,334,-5,102,-5,257,30" />
</Scene>
<Scene>
<INIT seed="5,0,0,1,0,70" ten="287,329,97,287" oya="1" hai0="109,47,80,45,121,25,30,102,7,123,39,94,124" hai1="12,66,23,41,15,85,40,19,132,59,64,24,120" hai2="115,56,83,60,92,91,5,117,75,53,42,103,89" hai3="43,50,63,88,21,128,37,20,57,62,106,130,11"/><U86/><E132/><V134/><F117/><W107/><G11/><T36/><D109/><U79/><E120/><N who="0" m="46153" /><D7/><U76/><E59/><V95/><F134/><W44/><G50/><T71/><D71/><U49/><E49/><V68/><F68/><W35/><G35/><N who="0" m="20943" /><D80/><U16/><E24/><V27/><F115/><W101/><G63/><T77/><D77/><U34/><REACH who="1" step="1"/><E23/><REACH who="1" ten="287,319,97,287" step="2"/><V58/><F27/><W90/><G20/><T87/><D124/><U0/><E0/><V8/><F58/><W110/><G21/><T131/><D131/><U4/><E4/><V127/><F127/><W99/><G110/><T55/><D47/><U125/><E125/><V96/><F42/><W38/><G44/><T108/><D108/><U33/><AGARI ba="0,1" hai="12,15,16,19,33,34,40,41,64,66,76,79,85,86" machi="33" ten="25,18000,2" yaku="1,1,0,1,22,2,54,1,53,2" doraHai="70" doraHaiUra="10" who="1" fromWho="1" sc="287,-60,319,190,97,-60,287,-60" />
</Scene>
<Scene>
<INIT seed="5,1,0,3,5,85" ten="227,509,37,227" oya="1" hai0="73,18,119,1,89,15,93,101,2,24,69,23,22" hai1="99,123,20,92,76,62,66,3,54,16,6,130,87" hai2="82,113,135,52,14,116,50,128,37,38,110,71,108" hai3="61,0,43,55,42,31,45,53,132,94,57,118,107"/><U112/><E112/><V21/><F116/><W80/><G107/><T30/><D69/><U33/><E33/><V104/><F71/><W111/><G0/><T88/><D119/><U86/><E130/><V114/><F104/><W67/><G118/><T9/><D73/><U90/><E123/><V126/><F126/><W40/><G111/><N who="2" m="42537" /><F135/><W29/><G132/><T133/><D133/><U127/><E127/><V32/><F32/><W41/><G80/><T122/><D122/><U134/><E134/><V106/><F106/><W79/><G79/><T46/><D46/><U72/><E54/><N who="3" m="20490" /><G94/><T39/><D39/><U68/><E3/><V74/><F82/><W125/><G125/><T44/><D2/><U109/><E6/><V19/><F74/><W96/><G96/><N who="0" m="59535" /><D44/><U100/><E109/><V17/><F17/><W121/><G121/><T81/><D81/><U34/><E34/><V13/><F13/><W97/><G97/><T10/><D1/><U4/><E4/><V47/><F128/><W48/><AGARI ba="1,0" hai="29,31,40,41,42,43,45,48,57,61,67" m="20490" machi="48" ten="30,1100,0" yaku="8,1" doraHai="85" who="3" fromWho="3" sc="227,-4,509,-6,37,-4,227,14" />
</Scene>
<Scene>
<INIT seed="6,0,0,2,0,101" ten="223,503,33,241" oya="2" hai0="39,29,86,57,104,8,32,30,27,74,25,47,120" hai1="9,79,118,38,6,102,36,71,59,107,75,130,100" hai2="92,58,19,126,121,98,77,129,0,66,15,50,76" hai3="52,91,61,72,2,124,35,24,10,26,65,28,123"/><V60/><F121/><W108/><G123/><T133/><D120/><U63/><E130/><V112/><F0/><W3/><G108/><T73/><D133/><U109/><E102/><V93/><F112/><W22/><G72/><T99/><D8/><U111/><E118/><V89/><F126/><W90/><G124/><T119/><D119/><U13/><E71/><V95/><F129/><W14/><G91/><T135/><D135/><U64/><E38/><V18/><F18/><W117/><G117/><T31/><D86/><U87/><E75/><V134/><F134/><W105/><G90/><T67/><D31/><U43/><E43/><V68/><F68/><W5/><G105/><T82/><D82/><U44/><E44/><V49/><F76/><W34/><G52/><T37/><D57/><U80/><E36/><N who="0" m="13897" /><D47/><U21/><E21/><V40/><F77/><W106/><G106/><T84/><D84/><U56/><E56/><V69/><F69/><W103/><G103/><N who="0" m="62591" /><D67/><U45/><E45/><N who="2" m="25767" /><F50/><W113/><G113/><T1/><D1/><N who="3" m="9" /><G61/><T20/><D20/><AGARI ba="0,0" hai="15,19,20,58,60,66,89,92,93,95,98" m="25767" machi="20" ten="30,1500,0" yaku="8,1" doraHai="101" who="2" fromWho="0" sc="223,-15,503,0,33,15,241,0" />
</Scene>
<Scene>
<INIT seed="6,1,0,5,2,77" ten="208,503,48,241" oya="2" hai0="53,116,97,112,85,24,117,59,130,106,29,19,82" hai1="132,114,91,28,122,71,65,3,76,42,83,125,36" hai2="0,23,86,87,73,98,20,54,4,34,38,72,69" hai3="56,27,37,127,64,103,90,75,81,113,74,126,60"/><V89/><F34/><W6/><G37/><T119/><D112/><U21/><E3/><V14/><F69/><W93/><G113/><T11/><D130/><U128/><E91/><V96/><F38/><W58/><G6/><T39/><D39/><U31/><E21/><N who="2" m="8267" /><F72/><N who="3" m="27691" /><G27/><T84/><D29/><U109/><E71/><V111/><F73/><W61/><G103/><N who="0" m="62831" /><D84/><N who="2" m="32298" /><F0/><W118/><G81/><T121/><D24/><U94/><E36/><V48/><F111/><W105/><G105/><T110/><D110/><U2/><E109/><V17/><F4/><W8/><G8/><T107/><D107/><U62/><E2/><V26/><F26/><W120/><G118/><T50/><D121/><U5/><E122/><V55/><F89/><W33/><G33/><T63/><D11/><U32/><E5/><V123/><F123/><W108/><G108/><T129/><D129/><U43/><E128/><V47/><F54/><N who="3" m="33815" /><G120/><T25/><D25/><U92/><E32/><V35/><F35/><W78/><G78/><N who="0" m="46295" /><D19/><U1/><E1/><V133/><F133/><W7/><G7/><T135/><D135/><U9/><E132/><V49/><F49/><AGARI ba="1,0" hai="49,50,53,59,63,116,117,119" m="46295,62831" machi="49" ten="30,2000,0" yaku="12,1,52,1" doraHai="77" who="0" fromWho="2" sc="208,23,503,0,48,-23,241,0" />
</Scene>
<Scene>
<INIT seed="7,0,0,5,3,70" ten="231,503,25,241" oya="3" hai0="94,98,132,3,55,73,42,127,100,84,71,128,135" hai1="93,102,106,34,104,95,81,57,121,21,58,59,20" hai2="33,88,60,43,39,4,67,24,25,29,86,6,2" hai3="48,68,37,108,72,64,63,116,1,46,30,109,107"/><W101/><G72/><T38/><D3/><U17/><E81/><V89/><F2/><W47/><G1/><T5/><D73/><U16/><E34/><V79/><F79/><W56/><G30/><T40/><D5/><U114/><E102/><V8/><F24/><W103/><G103/><T0/><D0/><U23/><E114/><V134/><F134/><N who="0" m="51242" /><D71/><U80/><E80/><V45/><F8/><W85/><G85/><T69/><D69/><U133/><E133/><V82/><F89/><W91/><G91/><N who="0" m="53607" /><D127/><U50/><E50/><V35/><REACH who="2" step="1"/><F33/><REACH who="2" ten="231,503,15,241" step="2"/><W87/><G101/><T27/><D27/><U111/><E121/><V75/><F75/><W31/><G31/><T92/><D128/><U125/><E111/><V26/><F26/><W62/><G108/><T123/><D123/><U61/><E61/><V83/><F83/><W14/><G109/><T18/><D18/><N who="1" m="7275" /><E125/><V11/><F11/><W7/><G63/><T120/><D120/><U51/><E51/><V112/><F112/><W32/><G32/><T118/><D118/><U66/><E66/><V99/><F99/><W54/><G116/><T105/><D105/><AGARI ba="0,1" hai="20,21,23,57,58,59,93,95,104,105,106" m="7275" machi="105" ten="40,5200,0" yaku="28,2,54,1" doraHai="70" who="1" fromWho="0" sc="231,-52,503,62,15,0,241,0" owari="179,-22.0,565,66.0,15,-48.0,241,4.0" />
</Scene>
</mjloggm>