<mjloggm ver="2.3"><GO type="169" lobby="0"/><UN n0="%E4%B8%AD%E5%B1%B1%E9%87%8E%E8%8D%89" n1="%E3%81%97%E3%82%85%E3%81%86%E3%83%BC%E3%80%82" n2="%E5%A4%AA%E3%81%8F%E3%81%AA%E3%81%84%E3%81%8A" n3="%43%4F%52%41%4C" dan="16,17,18,16" rate="2017.67,2084.88,2247.36,2037.08" sx="F,M,F,M"/><TAIKYOKU oya="0"/>

<Scene>
<INIT seed="0,0,0,4,5,65" ten="250,250,250,250" oya="0" hai0="66,12,37,1,120,59,29,81,91,105,60,123,99" hai1="70,77,68,114,33,41,26,133,63,79,46,11,21" hai2="34,122,118,74,31,10,20,132,45,89,9,55,18" hai3="35,14,130,125,51,43,30,135,2,48,39,107,90"/><T124/><D1/><U42/><E33/><V49/><F122/><W83/><G107/><T32/><D37/><U71/><E114/><V5/><F74/><W128/><G2/><T109/><D32/><U56/><E133/><V67/><F132/><W3/><G3/><T8/><D29/><U13/><E26/><V17/><F118/><W95/><G35/><T50/><D124/><U6/><E21/><V53/><F67/><W4/><G30/><T129/><D129/><U36/><REACH who="1" step="1"/><E41/><REACH who="1" ten="250,240,250,250" step="2"/><V73/><F20/><W27/><G135/><T82/><D120/><U47/><E47/><V96/><F45/><W25/><G43/><T108/><D123/><U84/><E84/><V117/><F34/><W134/><G27/><T78/><D50/><U126/><E126/><V106/><F49/><W80/><G125/><T92/><D105/><U57/><E57/><V101/><F106/><W121/><G134/><T76/><D108/><U40/><E40/><V102/><F73/><W75/><G75/><T58/><D58/><U85/><E85/><V19/><F117/><W28/><G51/><T24/><D24/><U110/><E110/><V64/><F10/><N who="3" m="4423" /><G48/><T115/><D109/><U103/><E103/><V100/><F100/><W0/><G121/><T62/><D115/><U111/><E111/><V116/><F102/><W104/><G104/><T97/><D97/><U112/><E112/><V131/><F101/><W119/><G25/><T16/><D62/><U113/><E113/><V23/><F116/><W88/><G119/><T44/><D44/><U38/><E38/><V86/><F96/><RYUUKYOKU ba="0,1" sc="250,15,240,15,250,-15,250,-15" hai0="8,12,16,59,60,66,76,78,81,82,91,92,99" hai1="6,11,13,36,42,46,56,63,68,70,71,77,79" />
</Scene>
<Scene>
<INIT seed="0,1,1,0,5,24" ten="265,255,235,235" oya="0" hai0="62,32,130,98,128,114,0,4,134,85,42,102,76" hai1="9,36,47,88,68,124,82,18,53,52,115,66,17" hai2="57,41,72,16,50,84,39,5,101,94,28,132,45" hai3="48,119,21,127,15,40,100,133,120,61,78,20,10"/><T27/><D114/><U89/><E115/><V58/><F72/><W109/><G119/><T70/><D134/><U69/><E124/><V87/><F132/><W63/><G133/><T11/><D42/><U38/><E82/><V97/><F5/><W7/><G127/><T86/><D70/><N who="1" m="27243" /><E66/><V13/><F28/><W105/><G120/><T113/><D113/><U51/><E51/><V108/><F108/><W30/><G109/><T129/><D62/><N who="3" m="23561" /><G105/><N who="0" m="63703" /><D76/><U29/><E29/><AGARI ba="1,1" hai="0,4,11,27,29,32,85,86,128,129,130" m="63703" machi="29" ten="30,2900,0" yaku="19,1,52,1" doraHai="24" who="0" fromWho="1" sc="265,42,255,-32,235,0,235,0" />
</Scene>
<Scene>
<INIT seed="0,2,0,2,4,50" ten="307,223,235,235" oya="0" hai0="115,31,61,118,90,91,13,48,37,15,63,20,103" hai1="89,27,36,18,87,133,21,132,124,51,102,104,17" hai2="86,9,32,128,100,119,67,74,35,62,126,12,10" hai3="82,80,71,60,25,47,96,85,29,129,66,56,40"/><T22/><D37/><U34/><E36/><V81/><F74/><W105/><G129/><T120/><D118/><U23/><E34/><V79/><F128/><W30/><G30/><T45/><D115/><U99/><E124/><V57/><F126/><W93/><G105/><T106/><D120/><U95/><REACH who="1" step="1"/><E51/><REACH who="1" ten="307,213,235,235" step="2"/><V107/><F32/><W49/><G71/><T125/><D125/><U54/><E54/><V109/><F35/><W75/><G75/><T2/><D2/><U59/><E59/><V111/><F119/><W123/><G123/><T16/><D106/><U1/><E1/><V41/><F107/><W0/><G0/><T131/><D131/><U3/><E3/><V130/><F130/><W78/><G78/><T84/><D103/><U7/><E7/><V69/><F100/><W72/><G72/><T121/><D121/><U76/><E76/><V134/><F79/><W98/><G85/><T43/><D90/><U28/><E28/><V5/><F86/><W8/><G98/><T39/><D39/><U77/><E77/><V24/><F5/><W83/><G83/><N who="0" m="49567" /><D31/><U19/><E19/><AGARI ba="2,1" hai="13,15,16,19,20,22,43,45,48,61,63" m="49567" machi="19" ten="30,2900,0" yaku="8,1,54,1" doraHai="50" who="0" fromWho="1" sc="307,45,213,-35,235,0,235,0" />
</Scene>
<Scene>
<INIT seed="0,3,0,2,3,129" ten="352,178,235,235" oya="0" hai0="16,82,122,110,32,52,64,96,44,36,27,47,85" hai1="120,81,26,109,127,119,39,90,56,19,1,105,124" hai2="15,111,72,101,94,31,70,21,20,48,106,61,135" hai3="58,10,83,112,11,132,108,45,51,38,50,114,93"/><T115/><D122/><U4/><E120/><V113/><F113/><W34/><G34/><T78/><D115/><U37/><E119/><V43/><F72/><W133/><G38/><T123/><D123/><U73/><E105/><V88/><F106/><W33/><G33/><T53/><D64/><U42/><E109/><V24/><F101/><W3/><G83/><T60/><D110/><U97/><E37/><V46/><F111/><W7/><G108/><T104/><D104/><U54/><E42/><V99/><F135/><N who="3" m="51787" /><G11/><T65/><D96/><U121/><E39/><V86/><F70/><W41/><G93/><T84/><D32/><U128/><E121/><V91/><F61/><W59/><G59/><N who="0" m="37023" /><D36/><U89/><E81/><N who="2" m="49231" /><F21/><W40/><G58/><T28/><D82/><U71/><E56/><V117/><F117/><W63/><G63/><T107/><D78/><U8/><E8/><V92/><F94/><W35/><G35/><T18/><D107/><U9/><E9/><V14/><AGARI ba="3,0" hai="14,15,20,24,31,43,46,48,91,92,99" m="49231" machi="14" ten="30,2000,0" yaku="8,1,54,1" doraHai="129" who="2" fromWho="2" sc="352,-13,178,-8,235,29,235,-8" />
</Scene>
<Scene>
<INIT seed="1,0,0,0,2,0" ten="339,170,264,227" oya="1" hai0="10,129,44,23,107,55,98,114,58,8,132,35,92" hai1="73,106,66,14,27,20,95,90,3,32,88,78,36" hai2="16,40,62,94,33,43,19,47,97,101,64,113,39" hai3="61,84,63,2,21,104,31,81,93,82,24,52,46"/><U117/><E117/><V50/><F33/><W109/><G104/><T26/><D35/><U134/><E106/><V53/><F113/><W115/><G115/><T135/><D107/><U51/><E36/><V121/><F121/><W130/><G130/><T75/><D75/><U116/><E116/><V99/><F99/><W34/><G109/><T72/><D72/><U125/><E3/><V103/><F103/><W133/><G2/><T37/><D114/><U111/><E134/><V87/><F87/><W86/><G133/><T74/><D74/><U6/><E32/><V91/><F101/><W110/><G110/><T1/><D129/><U102/><E111/><V65/><F65/><W128/><G128/><T54/><D37/><U100/><E125/><V22/><F39/><W9/><G9/><T77/><D77/><U127/><E127/><V123/><F123/><W11/><G11/><T126/><D126/><U17/><E90/><V28/><F28/><W41/><G41/><N who="2" m="15945" /><F22/><W89/><G34/><T4/><D10/><N who="1" m="4439" /><E73/><V68/><F68/><W80/><G84/><T29/><D132/><U69/><E69/><V108/><F108/><W48/><AGARI ba="0,0" hai="21,24,31,46,48,52,61,63,80,81,82,86,89,93" machi="48" ten="30,4000,0" yaku="0,1,8,1,54,1" doraHai="0" who="3" fromWho="3" sc="339,-10,170,-20,264,-10,227,40" />
</Scene>
<Scene>
<INIT seed="2,0,0,1,2,121" ten="329,150,254,267" oya="2" hai0="132,15,67,20,92,49,47,54,44,119,33,45,96" hai1="94,118,89,127,80,4,25,95,83,97,27,51,71" hai2="55,78,122,68,57,72,52,112,125,75,62,5,86" hai3="23,31,29,77,111,73,10,134,135,116,24,6,98"/><V64/><F122/><W32/><G73/><T107/><D33/><U93/><E71/><V30/><F112/><W2/><G77/><T16/><D119/><U115/><E118/><V42/><F125/><W70/><G70/><T21/><D132/><N who="3" m="50729" /><G98/><T100/><D67/><U36/><E36/><V110/><F42/><W131/><G116/><T123/><D123/><U0/><E115/><V113/><F113/><W43/><G43/><T79/><D79/><U102/><E127/><V53/><F30/><W37/><G37/><T14/><D107/><U85/><E51/><V87/><F5/><W18/><G131/><T108/><D108/><U13/><E0/><V1/><F1/><W88/><G88/><T12/><REACH who="0" step="1"/><D21/><REACH who="0" ten="319,150,254,267" step="2"/><U91/><E102/><V105/><F105/><W120/><G120/><T76/><D76/><U38/><E97/><V90/><F110/><W103/><G111/><T63/><D63/><U128/><E128/><V82/><REACH who="2" step="1"/><F68/><REACH who="2" ten="319,150,244,267" step="2"/><W17/><G103/><T22/><D22/><U48/><E38/><V50/><F50/><W35/><G31/><T109/><D109/><U99/><E48/><V114/><F114/><W41/><G41/><T117/><D117/><U129/><E129/><V9/><F9/><W26/><G29/><T101/><D101/><U3/><E99/><V133/><F133/><W65/><G35/><T59/><AGARI ba="0,2" hai="12,14,15,16,20,44,45,47,49,54,59,92,96,100" machi="59" ten="30,7900,0" yaku="1,1,0,1,8,1,54,1,53,0" doraHai="121" doraHaiUra="130" who="0" fromWho="0" sc="319,99,150,-20,244,-39,267,-20" />
</Scene>
<Scene>
<INIT seed="3,0,0,3,0,32" ten="418,130,205,247" oya="3" hai0="42,75,0,27,21,114,36,73,5,48,49,50,11" hai1="16,43,135,127,107,103,95,46,60,100,106,29,121" hai2="116,44,97,47,7,99,80,89,92,96,15,28,1" hai3="98,128,59,63,85,76,117,61,93,83,57,68,14"/><W102/><G117/><T129/><D129/><U19/><E121/><V104/><F116/><W55/><G128/><T67/><D114/><U13/><E127/><V105/><F28/><W22/><G68/><T25/><D25/><U74/><E74/><V35/><F35/><W39/><G39/><T71/><D71/><U34/><E135/><V10/><F80/><W8/><G22/><T70/><D70/><U18/><E13/><V51/><F15/><W112/><G112/><T130/><D67/><U3/><E3/><V24/><F24/><W58/><REACH who="3" step="1"/><G63/><REACH who="3" ten="418,130,205,237" step="2"/><T72/><D130/><U94/><E60/><V23/><F23/><W6/><AGARI ba="0,1" hai="6,8,14,55,57,58,59,61,76,83,85,93,98,102" machi="6" ten="20,24000,3" yaku="1,1,2,1,0,1,7,1,8,1,53,3" doraHai="32" doraHaiUra="54" who="3" fromWho="3" sc="418,-80,130,-80,205,-80,237,250" />
</Scene>
<Scene>
<INIT seed="3,1,0,1,5,130" ten="338,50,125,487" oya="3" hai0="24,97,125,109,13,60,103,20,132,3,47,86,5" hai1="22,10,74,129,30,123,67,95,122,9,102,124,53" hai2="88,78,69,17,27,56,98,36,119,89,90,80,84" hai3="44,133,61,113,72,66,16,108,87,68,96,71,117"/><W82/><G117/><T94/><D109/><U41/><E74/><V107/><F69/><W31/><G72/><T83/><D125/><U21/><E124/><V29/><F119/><W114/><G71/><T45/><D3/><U14/><E129/><V131/><F131/><W110/><G96/><T99/><D99/><U28/><E67/><V8/><F36/><W7/><G7/><T63/><D132/><U39/><E41/><V126/><F126/><W128/><G133/><T48/><D5/><U58/><E39/><V43/><F43/><W25/><G44/><N who="0" m="16971" /><D13/><U73/><E73/><V85/><F56/><W38/><G38/><T1/><D48/><U121/><E102/><V51/><F51/><W18/><G128/><T0/><D0/><U93/><E14/><N who="2" m="7367" /><F107/><W35/><G114/><T37/><D37/><U62/><E10/><V26/><F98/><W70/><G70/><T115/><D1/><U112/><E9/><V76/><F29/><W49/><G49/><T65/><D65/><U127/><E127/><V92/><F92/><W120/><G113/><T33/><D115/><U19/><E112/><V59/><F59/><W100/><G100/><T46/><D46/><U52/><E53/><V2/><F2/><W54/><G54/><T50/><D50/><U42/><E42/><V75/><F75/><W116/><G116/><T118/><D118/><U32/><E32/><V91/><N who="2" m="22528" /><DORA hai="40" /><V101/><F101/><W11/><G68/><T104/><D104/><U6/><E6/><V135/><F135/><W55/><G55/><T12/><D103/><U57/><E52/><RYUUKYOKU ba="1,0" sc="338,-10,50,-10,125,30,487,-10" hai2="26,27,76,78,80,84,85" />
</Scene>
<Scene>
<INIT seed="4,2,0,1,4,11" ten="328,40,155,477" oya="0" hai0="2,94,59,51,47,95,55,58,70,12,72,78,0" hai1="14,24,96,56,60,100,5,40,16,112,130,101,75" hai2="67,91,10,135,20,62,22,1,122,37,41,129,8" hai3="99,115,19,42,6,13,35,48,118,107,73,38,120"/><T30/><D70/><U65/><E130/><V21/><F122/><W132/><G132/><T32/><BYE who="3" /><D32/><U109/><E109/><V36/><F135/><W124/><G124/><T64/><D30/><U86/><E75/><V111/><F111/><UN n3="%43%4F%52%41%4C" /><W126/><G73/><T9/><D72/><U87/><E112/><V110/><F110/><W18/><G35/><T43/><D78/><U104/><E100/><V45/><F129/><W69/><G69/><T26/><D26/><U121/><E121/><V66/><F37/><W83/><G118/><T116/><D116/><U117/><E117/><V128/><F128/><W50/><G83/><T52/><D0/><U4/><E40/><V79/><F79/><W15/><G99/><T105/><D2/><U34/><E86/><V127/><F1/><W92/><G107/><T39/><D105/><U28/><REACH who="1" step="1"/><E87/><REACH who="1" ten="328,30,155,477" step="2"/><V33/><F41/><W25/><G42/><T89/><D43/><U29/><E29/><V49/><F36/><W54/><G38/><T17/><D39/><U102/><E102/><V123/><F123/><W88/><G115/><T82/><D64/><U71/><E71/><V133/><F66/><W114/><G114/><T97/><D55/><U81/><E81/><V125/><F67/><W84/><G120/><T53/><D53/><U113/><E113/><V44/><F127/><W90/><G126/><T85/><D82/><U63/><E63/><V108/><F62/><W27/><G84/><T23/><D85/><U80/><E80/><V68/><F68/><W131/><G54/><T61/><D61/><U46/><E46/><RYUUKYOKU ba="2,1" sc="328,-10,30,30,155,-10,477,-10" hai1="4,5,14,16,24,28,34,56,60,65,96,101,104" />
</Scene>
<Scene>
<INIT seed="5,3,1,1,0,38" ten="318,60,145,467" oya="1" hai0="71,69,58,67,132,78,53,26,99,100,95,3,52" hai1="70,16,1,131,12,72,119,98,34,35,18,39,5" hai2="134,116,88,122,40,36,64,115,120,112,14,97,62" hai3="102,57,90,43,86,48,33,117,17,65,10,25,46"/><U8/><E119/><V56/><F116/><W133/><G133/><T123/><D3/><U28/><E70/><V75/><F75/><W31/><G117/><T130/><D132/><U23/><E72/><V121/><F134/><W104/><G104/><T0/><D0/><U89/><E39/><V59/><F14/><W77/><G102/><T4/><D4/><U108/><E108/><V81/><F59/><W76/><G65/><T128/><D123/><U41/><E131/><N who="0" m="50217" /><D78/><U126/><E126/><V7/><F7/><W135/><G135/><T105/><D26/><N who="1" m="16479" /><E41/><V37/><F97/><W92/><G57/><T27/><D27/><U6/><E89/><V85/><REACH who="2" step="1"/><F37/><REACH who="2" ten="318,60,135,467" step="2"/><W54/><G86/><T68/><D105/><U106/><E106/><V15/><F15/><W107/><G107/><T24/><D24/><U32/><E98/><V19/><F19/><W73/><G17/><T83/><D83/><U11/><AGARI ba="3,2" hai="1,5,6,8,11,12,16,18,32,34,35" m="16479" machi="11" ten="40,18000,2" yaku="35,5,54,1" doraHai="38" who="1" fromWho="1" sc="318,-63,60,209,135,-63,467,-63" />
</Scene>
<Scene>
<INIT seed="5,4,0,3,4,85" ten="255,269,72,404" oya="1" hai0="7,32,89,74,15,10,77,67,12,102,87,132,24" hai1="13,92,90,88,43,62,45,6,37,18,22,17,49" hai2="60,55,113,83,109,34,76,91,57,8,131,47,93" hai3="94,5,48,96,72,110,23,59,112,52,33,84,16"/><U79/><E79/><V64/><F109/><W81/><G110/><T54/><D132/><U134/><E134/><V25/><F131/><W126/><G33/><T98/><D67/><U68/><E37/><V130/><F130/><W11/><G72/><T105/><D15/><N who="1" m="9535" /><E68/><V86/><F113/><W80/><G112/><T58/><D32/><U39/><E39/><V100/><F100/><W121/><G121/><T115/><D115/><U19/><E62/><V41/><F8/><W82/><G126/><T14/><D14/><U117/><E117/><V99/><F34/><W4/><G11/><T46/><D24/><U36/><E36/><V70/><F25/><N who="3" m="14567" /><G84/><T124/><D124/><U97/><E6/><V71/><REACH who="2" step="1"/><F64/><REACH who="2" ten="255,269,62,404" step="2"/><W65/><G65/><T38/><D10/><N who="1" m="6455" /><E19/><V119/><F119/><W120/><G120/><T0/><D7/><U1/><E1/><V69/><F69/><W122/><G122/><T9/><D0/><U114/><E114/><V29/><F29/><W26/><G26/><T66/><D66/><U125/><E125/><V44/><F44/><W118/><G118/><T129/><D9/><U27/><E27/><V123/><F123/><W28/><G28/><T42/><D12/><U135/><E135/><V116/><F116/><W106/><G106/><T101/><D129/><U103/><AGARI ba="4,1" hai="43,45,49,88,90,92,97,103" m="6455,9535" machi="103" ten="30,11700,0" yaku="8,1,52,2,54,1" doraHai="85" who="1" fromWho="1" sc="255,-43,269,139,62,-43,404,-43" />
</Scene>
<Scene>
<INIT seed="5,5,0,3,4,71" ten="212,408,19,361" oya="1" hai0="121,127,66,115,4,113,69,48,123,77,52,12,99" hai1="106,51,90,39,11,130,95,107,78,102,128,111,103" hai2="133,34,80,0,76,117,37,47,120,88,97,98,89" hai3="109,63,114,64,84,105,29,28,31,20,85,35,135"/><U42/><E78/><V93/><F120/><N who="0" m="46154" /><D77/><U119/><E119/><V15/><F117/><W30/><G109/><T33/><D33/><U87/><E39/><V91/><F0/><W112/><G105/><T108/><D99/><U134/><E11/><V70/><F70/><W72/><G72/><T41/><D108/><U32/><E32/><V21/><F34/><W60/><G35/><T7/><D12/><U38/><E38/><V61/><F133/><W13/><G135/><T14/><D14/><U53/><E42/><V62/><F37/><W3/><G3/><T132/><D132/><U16/><E16/><N who="2" m="10399" /><F47/><W104/><G104/><N who="1" m="39978" /><E134/><V27/><F27/><N who="3" m="16487" /><G13/><T10/><D10/><U122/><E111/><V131/><F131/><N who="1" m="50217" /><E122/><V5/><F5/><W96/><G96/><N who="2" m="36969" /><F93/><W17/><G17/><T73/><D4/><U118/><E118/><V1/><F1/><W92/><G92/><T55/><D7/><U126/><E126/><V40/><F40/><W83/><G83/><T54/><D127/><U45/><AGARI ba="5,0" hai="45,51,53,87,90,95,102,103" m="50217,39978" machi="45" ten="30,1500,0" yaku="19,1" doraHai="71" who="1" fromWho="1" sc="212,-10,408,30,19,-10,361,-10" />
</Scene>
<Scene>
<INIT seed="5,6,0,5,5,120" ten="202,438,9,351" oya="1" hai0="16,12,68,8,15,34,40,125,67,45,24,55,75" hai1="61,80,70,83,111,44,92,104,56,129,73,6,25" hai2="20,52,41,28,14,72,76,99,43,42,123,113,33" hai3="114,71,50,132,98,5,124,133,105,131,127,31,19"/><U3/><E104/><V9/><F123/><W21/><G71/><T97/><D75/><U100/><E70/><V26/><F113/><W32/><G105/><T121/><D121/><U13/><E3/><V95/><F72/><W0/><G114/><T60/><D125/><N who="3" m="48201" /><G98/><T29/><D15/><U64/><E44/><V36/><F76/><W74/><G74/><T10/><D97/><U86/><E25/><V112/><F112/><W18/><G50/><T115/><D115/><U27/><E27/><V37/><F33/><W2/><G32/><T96/><D96/><U82/><E100/><N who="2" m="60543" /><F36/><W39/><G39/><T22/><D55/><U69/><E69/><V30/><F37/><W119/><G119/><T17/><D17/><N who="3" m="6153" /><G131/><T90/><D90/><U57/><E129/><V107/><F107/><W53/><G53/><T59/><D68/><U49/><E73/><V35/><F35/><W81/><G81/><T134/><D134/><N who="3" m="51817" /><G5/><T122/><D122/><U101/><E101/><V51/><F30/><W46/><G46/><T94/><D94/><U103/><E103/><V89/><F89/><W84/><G84/><T85/><D85/><U54/><E92/><V47/><F43/><W109/><G109/><T79/><D79/><N who="1" m="46367" /><E111/><V117/><F117/><W77/><G77/><T108/><D108/><U128/><E128/><V102/><F102/><W7/><G7/><AGARI ba="6,0" hai="7,9,14,20,26,28,41,42,47,51,52" m="60543" machi="7" ten="30,2000,0" yaku="8,1,54,1" doraHai="120" who="2" fromWho="3" sc="202,0,438,0,9,38,351,-38" />
</Scene>
<Scene>
<INIT seed="6,0,0,2,3,97" ten="202,438,47,313" oya="2" hai0="57,77,89,14,56,6,60,133,123,124,62,11,79" hai1="53,129,90,96,83,78,135,42,113,23,82,74,71" hai2="86,1,72,36,59,65,87,18,39,47,116,94,61" hai3="84,7,95,131,49,43,111,40,29,25,126,76,69"/><V48/><F116/><W9/><G69/><T67/><D123/><U32/><E32/><V106/><F72/><W105/><G111/><T101/><D133/><U22/><E71/><V33/><F106/><W28/><G105/><T120/><D120/><U37/><E37/><V99/><F33/><W103/><G131/><T26/><D124/><U92/><E42/><N who="2" m="24695" /><F1/><W31/><G126/><T91/><D26/><U75/><E135/><V109/><F39/><W134/><G134/><T132/><D132/><U118/><E129/><V127/><F36/><W5/><G25/><T128/><D128/><U17/><E118/><V104/><F104/><W45/><G40/><T21/><D21/><U81/><E113/><V41/><F127/><W100/><G9/><T108/><D108/><U70/><E70/><V19/><F41/><W4/><REACH who="3" step="1"/><G95/><REACH who="3" ten="202,438,47,303" step="2"/><T10/><D10/><U107/><E107/><V27/><F109/><W115/><G115/><T12/><D12/><U98/><E92/><V44/><F44/><W122/><G122/><T121/><D121/><U52/><E75/><V54/><F65/><W24/><G24/><T112/><D112/><U46/><E74/><V58/><F58/><W34/><G34/><T0/><D0/><U88/><E46/><V93/><F93/><W114/><G114/><T110/><D110/><U80/><E78/><V38/><F38/><W119/><G119/><T30/><D77/><U68/><E68/><V13/><F27/><W20/><G20/><T35/><D79/><U73/><E73/><V2/><F2/><W85/><G85/><N who="2" m="32265" /><F13/><W125/><G125/><RYUUKYOKU ba="0,1" sc="202,-15,438,-15,47,15,303,15" hai2="18,19,54,59,61,94,99" hai3="4,5,7,28,29,31,43,45,49,76,84,100,103" />
</Scene>
<Scene>
<INIT seed="6,1,1,1,3,64" ten="187,423,62,318" oya="2" hai0="95,42,11,75,5,132,61,71,50,110,82,54,106" hai1="7,36,44,51,96,90,16,77,39,23,48,34,124" hai2="8,25,70,78,37,74,83,118,3,19,38,60,129" hai3="79,115,9,27,22,113,30,112,84,105,46,49,58"/><V12/><F118/><W94/><G105/><T128/><D106/><U62/><E34/><V66/><F129/><W28/><G58/><T67/><D110/><U1/><E124/><V33/><REACH who="2" step="1"/><F3/><REACH who="2" ten="187,423,52,318" step="2"/><W24/><G115/><T130/><D128/><U135/><E1/><V45/><F45/><W40/><G113/><T127/><D130/><U26/><E44/><V72/><F72/><W92/><G112/><T59/><D127/><U63/><E135/><V41/><F41/><W88/><G79/><T120/><D132/><U43/><E43/><V109/><F109/><W102/><G40/><T53/><D120/><U87/><E77/><V18/><F18/><W52/><G9/><T6/><D42/><U111/><E111/><V0/><F0/><W103/><G94/><T133/><D133/><U86/><E16/><V123/><F123/><W20/><AGARI ba="1,2" hai="20,22,24,27,28,30,46,49,52,84,88,92,102,103" machi="20" ten="20,12000,2" yaku="0,1,7,1,9,1,8,1,54,2" doraHai="64" who="3" fromWho="3" sc="187,-31,423,-31,52,-61,318,143" owari="156,-24.0,392,19.0,-9,-51.0,461,56.0" />
</Scene>
</mjloggm>