<mjloggm ver="2.3"><GO type="169"/><UN n0="%E3%83%87%E3%82%B8%E3%82%BF%E3%83%AB%E4%BB%99%E4%BA%BA" n1="%E5%A4%AA%E3%81%8F%E3%81%AA%E3%81%84%E3%81%8A" n2="%E3%82%A2%E3%83%AD%E3%82%A8%E3%82%AF%E3%83%B3" n3="%E3%81%A9%E3%82%80%E3%81%93" dan="18,17,16,17" rate="2193,2154,2100,2129" sx="F,M,M,M"/><TAIKYOKU oya="0"/>

<Scene>
<INIT seed="0,0,0,4,0,11" ten="250,250,250,250" oya="0" hai0="57,47,91,110,130,28,68,45,119,3,74,64,75" hai1="121,36,69,100,60,65,103,66,135,96,122,35,71" hai2="125,83,51,39,134,59,32,63,78,49,99,15,124" hai3="42,112,10,116,126,19,26,95,50,17,58,80,30"/><T132/><D119/><U88/><E36/><V85/><F32/><W23/><G116/><T97/><D68/><U89/><E35/><V4/><F39/><W93/><G112/><T133/><D3/><U18/><E135/><N who="0" m="51785" /><D130/><U2/><E2/><V106/><F134/><W6/><G126/><N who="2" m="48745" /><F99/><W29/><G80/><T120/><D120/><U86/><E18/><N who="3" m="6666" /><G30/><T34/><D110/><U118/><E118/><V104/><F104/><W48/><G58/><T27/><D57/><U52/><E96/><V37/><F37/><W61/><G61/><T1/><D64/><U22/><E60/><V123/><F106/><W13/><G42/><T77/><D1/><U67/><E67/><N who="2" m="39423" /><F83/><W14/><G14/><T113/><D113/><U115/><E115/><V31/><F123/><W21/><G21/><T20/><D34/><U73/><E22/><V54/><F78/><W76/><G76/><T131/><D131/><U82/><E122/><V40/><F40/><W107/><G107/><T94/><D77/><U56/><E121/><V90/><F31/><W128/><G128/><T53/><D53/><U44/><E52/><V79/><F79/><W70/><G70/><T38/><D38/><U98/><E71/><V41/><F54/><W43/><G43/><T108/><D108/><U105/><E69/><V0/><F41/><W9/><G9/><T114/><D114/><U127/><E127/><V55/><F0/><W87/><G95/><T102/><D102/><U129/><E105/><V101/><F55/><W24/><G24/><T5/><D5/><U81/><E129/><V72/><F101/><RYUUKYOKU ba="0,0" sc="250,15,250,-15,250,-15,250,15" hai0="20,27,28,45,47,74,75,91,94,97" hai3="6,10,13,23,26,29,48,50,87,93" />
</Scene>
<Scene>
<INIT seed="0,1,0,4,5,66" ten="265,235,235,265" oya="0" hai0="46,36,116,69,104,73,96,14,118,23,72,47,117" hai1="113,121,107,124,87,42,68,27,81,105,21,103,126" hai2="112,98,50,65,31,26,59,55,120,51,54,3,109" hai3="41,43,5,6,4,13,24,29,12,16,92,39,131"/><T135/><D135/><U20/><E121/><V75/><F112/><W57/><G131/><T83/><D36/><U22/><E113/><V28/><F120/><W119/><G119/><T91/><D69/><U128/><E128/><V94/><F3/><W45/><G43/><T34/><D34/><U132/><E132/><V86/><F75/><W123/><G123/><T30/><D104/><N who="1" m="40011" /><E103/><V2/><F2/><W19/><G92/><T32/><D32/><U95/><E42/><V25/><F86/><W0/><G0/><T44/><D30/><N who="1" m="17767" /><E95/><V67/><F109/><W110/><G110/><T127/><D96/><U79/><E68/><V53/><F54/><W133/><G57/><T58/><D58/><U63/><E63/><V48/><F51/><W82/><G82/><T90/><D73/><U97/><E97/><V52/><F55/><W17/><REACH who="3" step="1"/><G133/><REACH who="3" ten="265,235,235,255" step="2"/><T85/><D83/><U1/><E1/><V115/><F59/><W11/><G11/><T130/><D130/><U8/><E8/><V74/><F115/><W62/><G62/><T122/><D122/><U71/><E71/><V35/><F94/><W114/><G114/><T80/><D117/><U77/><E77/><V9/><F9/><W89/><G89/><T99/><D91/><U38/><E38/><V7/><F35/><AGARI ba="1,1" hai="4,5,6,12,13,16,17,19,24,29,35,39,41,45" machi="35" ten="40,2600,0" yaku="1,1,54,1,53,0" doraHai="66" doraHaiUra="93" who="3" fromWho="2" sc="265,0,235,0,235,-29,255,39" />
</Scene>
<Scene>
<INIT seed="1,0,0,3,3,110" ten="265,235,206,294" oya="1" hai0="53,115,61,131,120,48,2,32,89,57,127,16,114" hai1="96,106,135,20,74,126,8,23,124,71,43,52,6" hai2="130,123,82,101,102,118,24,121,103,87,99,107,95" hai3="100,11,60,70,12,84,47,128,134,64,19,66,58"/><U109/><E71/><V31/><F24/><W94/><G134/><T98/><D2/><N who="1" m="87" /><E74/><V0/><F31/><W133/><G133/><T26/><D131/><U111/><E135/><V117/><F0/><W50/><G128/><T92/><D127/><N who="1" m="48683" /><E43/><V9/><F9/><W41/><G70/><T55/><D120/><N who="2" m="46154" /><F130/><W38/><G38/><T27/><D27/><U125/><E125/><V46/><F46/><W18/><G18/><T91/><D91/><U76/><E76/><N who="2" m="46535" /><F107/><W49/><G49/><T119/><D119/><AGARI ba="0,0" hai="95,99,101,102,103,117,118,119" m="46535,46154" machi="119" ten="30,2000,0" yaku="34,2" doraHai="110" who="2" fromWho="0" sc="265,-20,235,0,206,20,294,0" />
</Scene>
<Scene>
<INIT seed="2,0,0,0,5,40" ten="245,235,226,294" oya="2" hai0="108,101,38,1,119,134,0,92,48,11,84,39,69" hai1="10,117,57,89,50,4,47,75,26,33,63,113,70" hai2="100,91,126,99,34,87,83,85,35,94,96,28,44" hai3="74,132,114,14,122,95,123,16,24,51,41,9,65"/><V32/><F126/><W59/><G74/><T25/><D69/><U42/><E117/><V104/><F28/><W135/><G114/><T97/><D119/><U49/><E113/><V52/><REACH who="2" step="1"/><F83/><REACH who="2" ten="245,235,216,294" step="2"/><W90/><G123/><T109/><D109/><U7/><E33/><V60/><F60/><W107/><G122/><T15/><D108/><U56/><E63/><V13/><F13/><W98/><G24/><T110/><D110/><U78/><E26/><V105/><F105/><W103/><G107/><T29/><D25/><U128/><E128/><V68/><F68/><W118/><G118/><T124/><D29/><U5/><E70/><V58/><F58/><W27/><G27/><T111/><D124/><U71/><E56/><V80/><F80/><W30/><G30/><T115/><D115/><U88/><E71/><V2/><F2/><W17/><G59/><T81/><D0/><U20/><E57/><V72/><F72/><W66/><G14/><T23/><D1/><U19/><E75/><V120/><F120/><W106/><G106/><T18/><D111/><U127/><E127/><V73/><F73/><W36/><G135/><T121/><D134/><U116/><E116/><V125/><F125/><W133/><G132/><T79/><D121/><U3/><E3/><V64/><F64/><W112/><G133/><T82/><D81/><U77/><E77/><V6/><F6/><W131/><G112/><T22/><D79/><U43/><E78/><V12/><F12/><W67/><G131/><T37/><D15/><N who="1" m="9343" /><E10/><V76/><F76/><W86/><G9/><T31/><D11/><RYUUKYOKU ba="0,1" sc="245,-15,235,15,216,15,294,-15" hai1="4,5,7,42,43,47,49,50,88,89" hai2="32,34,35,44,52,85,87,91,94,96,99,100,104" />
</Scene>
<Scene>
<INIT seed="2,1,1,4,3,79" ten="230,250,231,279" oya="2" hai0="14,8,32,27,78,52,50,44,76,129,59,28,35" hai1="66,96,74,111,18,125,47,122,114,20,46,90,109" hai2="17,60,7,133,72,124,116,107,51,61,117,119,123" hai3="33,5,108,21,70,91,10,105,48,101,104,131,38"/><V53/><F123/><W45/><G38/><T75/><D129/><U31/><E114/><V34/><F107/><W80/><G33/><T85/><D75/><U81/><E31/><V58/><F34/><W113/><G70/><T98/><D35/><U64/><E122/><V100/><F100/><W106/><G131/><T43/><D98/><U99/><E125/><V73/><F124/><W36/><G113/><T103/><D103/><U19/><E20/><V9/><F17/><W88/><G36/><T54/><D85/><U29/><E29/><V68/><F133/><W37/><G37/><T95/><D95/><U84/><E84/><V83/><F68/><W128/><G128/><T23/><D32/><U41/><E41/><V1/><REACH who="2" step="1"/><F73/><REACH who="2" ten="230,250,221,279" step="2"/><W89/><G101/><T57/><D57/><U132/><E74/><V13/><F13/><W69/><G69/><T115/><D115/><U121/><E121/><V94/><F94/><W26/><G105/><T77/><D59/><U63/><E132/><V11/><F11/><W24/><G10/><T30/><D28/><U0/><E19/><AGARI ba="1,2" hai="8,14,19,23,27,30,43,44,50,52,54,76,77,78" machi="19" ten="40,2600,0" yaku="8,1,54,1" doraHai="79" who="0" fromWho="1" sc="230,49,250,-29,221,0,279,0" />
</Scene>
<Scene>
<INIT seed="3,0,0,0,3,77" ten="279,221,221,279" oya="3" hai0="44,20,67,134,75,4,54,114,3,104,52,46,98" hai1="10,116,34,57,96,16,82,7,76,47,93,78,59" hai2="19,36,25,39,124,94,51,117,71,33,38,129,50" hai3="41,31,81,2,119,85,127,118,101,45,30,83,120"/><W100/><G120/><T99/><D114/><U68/><E68/><V53/><F117/><W103/><G2/><T121/><D121/><U115/><E115/><V14/><F71/><W17/><G127/><T128/><D67/><U5/><E34/><V27/><F124/><W97/><G97/><T63/><D75/><U56/><E116/><V55/><F94/><W66/><G66/><T43/><D104/><U21/><E47/><V26/><F33/><W24/><G119/><T105/><D105/><U60/><E60/><V62/><F129/><W61/><G61/><T125/><D128/><U65/><E65/><V22/><REACH who="2" step="1"/><F62/><REACH who="2" ten="279,221,211,279" step="2"/><W133/><G118/><T64/><D63/><U74/><E76/><V13/><F13/><W28/><G133/><T130/><D64/><U1/><E5/><V49/><AGARI ba="0,1" hai="14,19,22,25,26,27,36,38,39,49,50,51,53,55" machi="49" ten="40,8000,1" yaku="1,1,0,1,29,2,53,0" doraHai="77" doraHaiUra="87" who="2" fromWho="2" sc="279,-20,221,-20,211,90,279,-40" />
</Scene>
<Scene>
<INIT seed="4,0,0,1,3,94" ten="259,201,301,239" oya="0" hai0="7,101,112,80,135,37,15,29,86,43,71,96,46" hai1="34,67,97,35,59,74,22,72,127,18,56,98,99" hai2="47,106,90,12,5,73,134,116,3,45,1,44,55" hai3="20,131,75,27,128,129,102,87,108,63,69,109,17"/><T2/><D112/><U95/><E127/><V68/><F73/><W41/><G75/><T32/><D135/><U11/><E11/><V9/><F68/><W126/><G41/><T121/><D121/><U51/><E95/><V53/><F134/><W42/><G42/><T13/><D71/><U14/><E74/><V105/><F116/><W111/><G126/><T40/><D40/><U104/><E72/><V79/><F79/><W60/><G69/><T57/><D57/><U30/><E104/><V124/><F124/><W133/><G133/><T4/><D29/><U52/><REACH who="1" step="1"/><E30/><REACH who="1" ten="259,191,301,239" step="2"/><V10/><F106/><W50/><G111/><T89/><D2/><U114/><E114/><V38/><F105/><W82/><G102/><T26/><D4/><U58/><E58/><V125/><F125/><W24/><G108/><T91/><D7/><U83/><E83/><V93/><F3/><W70/><G109/><T77/><D80/><U78/><E78/><V113/><F113/><W23/><G70/><T92/><D92/><U65/><E65/><V84/><REACH who="2" step="1"/><F38/><REACH who="2" ten="259,191,291,239" step="2"/><W21/><G129/><T8/><D77/><U122/><E122/><V103/><F103/><W0/><G131/><T36/><D101/><U81/><E81/><V66/><F66/><W100/><G100/><T115/><D36/><U110/><E110/><V49/><F49/><W16/><G128/><T120/><D37/><U31/><E31/><V117/><F117/><W118/><G118/><T85/><D120/><U132/><E132/><V130/><F130/><W54/><G0/><T48/><D115/><U119/><E119/><RYUUKYOKU ba="0,2" sc="259,-15,191,15,291,15,239,-15" hai1="14,18,22,34,35,51,52,56,59,67,97,98,99" hai2="1,5,9,10,12,44,45,47,53,55,84,90,93" />
</Scene>
<Scene>
<INIT seed="5,1,2,5,3,50" ten="244,206,306,224" oya="1" hai0="78,119,73,70,23,82,34,56,48,115,12,29,11" hai1="6,13,105,121,3,85,54,21,22,80,60,135,91" hai2="24,95,120,133,44,49,128,16,112,97,27,100,94" hai3="37,61,129,88,46,45,15,116,5,122,17,83,14"/><U99/><E121/><V52/><F120/><W125/><G122/><T2/><D70/><U104/><E135/><V114/><F133/><W59/><G116/><T8/><D119/><U84/><E3/><V68/><F68/><W79/><G129/><T93/><D115/><N who="2" m="44074" /><F128/><W26/><G37/><T47/><D56/><N who="1" m="34839" /><E105/><N who="2" m="63631" /><F27/><W7/><G125/><T31/><D34/><U20/><E104/><V108/><F108/><W101/><G101/><T40/><D2/><U86/><E99/><V130/><F130/><W134/><G134/><T38/><D38/><U126/><E126/><V102/><F102/><W67/><G26/><T124/><D124/><U76/><E91/><V57/><F57/><W0/><G0/><T18/><D29/><U1/><E1/><V64/><F64/><W58/><G58/><T109/><D31/><U132/><E132/><V62/><F62/><W75/><G88/><T42/><D109/><U55/><E55/><V36/><F36/><W89/><G89/><T71/><D71/><U30/><E30/><V19/><F24/><W131/><G131/><T4/><D42/><U35/><E35/><V81/><F81/><W28/><G28/><T43/><D40/><U74/><E74/><V127/><F127/><W77/><G75/><T41/><D43/><U87/><E87/><V113/><F113/><W63/><G83/><T9/><D93/><AGARI ba="1,2" hai="16,19,44,49,52,93,94,95" m="63631,44074" machi="93" ten="30,8000,1" yaku="15,1,11,1,52,1,54,2" doraHai="50" who="2" fromWho="0" sc="244,-83,206,0,306,103,224,0" />
</Scene>
<Scene>
<INIT seed="6,0,0,5,0,103" ten="161,206,409,224" oya="2" hai0="85,89,81,80,79,116,30,48,2,61,46,134,57" hai1="12,93,4,1,7,77,102,36,98,62,73,27,10" hai2="128,29,112,22,54,50,68,120,3,117,91,34,26" hai3="47,95,51,84,124,16,32,132,66,74,40,45,0"/><V44/><F120/><W87/><G74/><T65/><D116/><U8/><E36/><V126/><F117/><W6/><G32/><T114/><D114/><U35/><E62/><V33/><F68/><W106/><G106/><T90/><D2/><U60/><E60/><V31/><F3/><W101/><G66/><T15/><D134/><U49/><E49/><V58/><F112/><W127/><G132/><T28/><D15/><U38/><E38/><V118/><F118/><W111/><G111/><T39/><D39/><U20/><E35/><V37/><F128/><W107/><G95/><T88/><REACH who="0" step="1"/><D81/><REACH who="0" ten="151,206,409,224" step="2"/><U72/><REACH who="1" step="1"/><E77/><REACH who="1" ten="151,196,409,224" step="2"/><V56/><F37/><N who="3" m="21647" /><G124/><T82/><D82/><U21/><E21/><V63/><F22/><W25/><G127/><T75/><D75/><U130/><E130/><V104/><F126/><W123/><G123/><T59/><D59/><U41/><E41/><AGARI ba="0,2" hai="28,30,41,46,48,57,61,65,79,80,85,88,89,90" machi="41" ten="40,8000,1" yaku="1,1,8,1,54,1,53,1" doraHai="103" doraHaiUra="78" who="0" fromWho="1" sc="151,100,196,-80,409,0,224,0" />
</Scene>
<Scene>
<INIT seed="7,0,0,0,5,43" ten="251,116,409,224" oya="3" hai0="133,75,24,11,94,86,108,52,130,105,16,73,90" hai1="0,20,41,117,7,66,10,26,46,45,30,113,78" hai2="77,23,3,57,96,17,19,126,99,97,38,36,106" hai3="125,61,132,53,1,27,67,119,47,2,71,35,103"/><W56/><G119/><T13/><D108/><U51/><E113/><V49/><F3/><W109/><G109/><T101/><D133/><U28/><E117/><V64/><F106/><W62/><G132/><T129/><D52/><U58/><E78/><V72/><F72/><W93/><G125/><T15/><D24/><U100/><E100/><V40/><F77/><W69/><G69/><T21/><D101/><U54/><E66/><V39/><F126/><W37/><G103/><T122/><D105/><U33/><REACH who="1" step="1"/><E41/><REACH who="1" ten="251,106,409,224" step="2"/><V120/><F40/><N who="3" m="22927" /><G1/><T118/><D118/><U124/><E124/><V112/><F64/><W42/><G42/><T134/><D134/><U95/><E95/><V14/><F112/><W121/><G2/><T34/><D94/><U55/><E55/><V82/><F120/><W59/><G121/><T44/><D122/><U4/><E4/><V115/><F115/><W80/><G93/><T32/><D129/><U89/><E89/><V127/><F127/><W5/><G67/><T76/><D90/><U135/><E135/><V102/><F102/><W25/><G53/><T85/><D76/><U60/><E60/><V128/><F128/><W79/><G62/><T131/><D131/><U8/><E8/><V87/><F82/><W74/><G5/><T70/><D11/><U50/><E50/><V83/><F49/><W18/><G61/><T104/><D130/><U6/><E6/><V68/><F38/><W114/><G114/><T29/><D104/><U92/><E92/><V63/><F39/><W12/><G79/><T110/><D75/><U116/><E116/><RYUUKYOKU ba="0,1" sc="251,-10,106,30,409,-10,224,-10" hai1="0,7,10,20,26,28,30,33,45,46,51,54,58" owari="241,4.0,136,-36.0,409,51.0,214,-19.0" />
</Scene>
</mjloggm>