<mjloggm ver="2.3"><GO type="169"/><UN n0="%E9%AD%94%E6%B3%95%E3%81%AE%E3%82%BF%E3%82%B3%E3%82%B9" n1="%E3%81%BA%E3%82%8A%E3%81%8B%E3%82%93" n2="%E3%81%B3%E3%82%8A%E3%81%B3%E3%82%8A%E2%98%86%E3%83%93%E3%83%AA%E3%83%BC" n3="%E5%A4%AA%E3%81%8F%E3%81%AA%E3%81%84%E3%81%8A" dan="16,17,17,17" rate="2056,2174,2148,2161" sx="M,M,M,M"/><TAIKYOKU oya="0"/>

<Scene>
<INIT seed="0,0,0,1,0,129" ten="250,250,250,250" oya="0" hai0="57,26,97,25,54,43,101,91,2,106,134,23,89" hai1="108,52,39,18,133,29,24,50,61,125,71,59,16" hai2="70,58,22,62,41,111,126,79,64,115,44,0,124" hai3="53,69,60,28,132,15,80,14,130,114,33,99,13"/><T90/><D2/><U83/><E39/><V21/><F0/><W122/><G114/><T128/><D128/><U20/><E108/><V73/><F115/><W65/><G130/><T112/><D112/><U93/><E125/><N who="2" m="48235" /><F111/><W3/><G3/><T127/><D127/><U135/><E83/><N who="2" m="45551" /><F70/><W116/><G116/><T78/><D78/><U5/><E5/><V45/><F45/><W77/><G122/><T74/><D74/><U4/><E4/><V17/><F17/><W48/><G99/><T42/><D26/><U117/><E117/><V86/><F86/><W87/><G28/><T85/><D85/><U105/><E105/><V30/><F30/><W96/><G96/><T67/><D25/><U63/><E93/><V6/><F6/><W100/><G33/><T119/><D97/><U113/><E113/><V38/><AGARI ba="0,0" hai="21,22,38,41,44,58,62,64" m="45551,48235" machi="38" ten="30,1100,0" yaku="18,1" doraHai="129" who="2" fromWho="2" sc="250,-5,250,-3,250,11,250,-3" />
</Scene>
<Scene>
<INIT seed="1,0,0,1,1,61" ten="245,247,261,247" oya="1" hai0="87,118,92,31,90,17,113,47,19,43,58,82,116" hai1="96,69,12,21,40,126,27,50,10,26,135,70,117" hai2="42,81,13,63,85,18,62,71,65,130,48,103,15" hai3="78,128,37,6,125,98,77,45,89,75,127,7,68"/><U91/><E117/><V20/><F130/><W122/><G122/><T111/><D113/><U66/><E126/><N who="3" m="48138" /><G68/><T52/><D111/><U34/><E135/><V16/><F103/><W54/><G128/><T1/><D1/><U49/><E34/><V86/><F63/><W104/><G89/><T28/><D116/><U39/><E39/><V109/><F109/><W131/><G131/><T5/><D5/><N who="3" m="1545" /><G75/><T79/><D118/><U105/><E70/><V35/><F35/><W93/><G93/><T57/><D31/><U108/><E108/><V74/><F74/><W67/><G67/><T55/><D28/><U22/><E66/><V9/><F81/><W64/><G64/><T107/><D107/><U30/><E69/><V44/><AGARI ba="0,0" hai="9,13,15,16,18,20,42,44,48,62,65,71,85,86" machi="44" ten="30,4000,0" yaku="0,1,52,1,54,1" doraHai="61" who="2" fromWho="2" sc="245,-10,247,-20,261,40,247,-10" />
</Scene>
<Scene>
<INIT seed="2,0,0,0,0,52" ten="235,227,301,237" oya="2" hai0="82,111,3,48,6,65,40,58,114,94,34,132,129" hai1="2,20,130,106,104,39,128,37,15,38,108,116,66" hai2="11,10,59,103,64,81,14,50,135,43,77,16,120" hai3="87,75,126,36,73,96,67,69,118,95,91,127,22"/><V13/><F120/><W89/><G36/><T30/><D114/><U32/><E116/><V74/><F135/><W134/><G118/><T60/><D111/><U5/><E108/><V35/><F35/><W21/><G134/><T62/><D132/><U78/><E32/><V12/><F103/><W70/><G67/><T80/><D129/><N who="1" m="49771" /><E66/><V93/><F93/><W102/><G69/><T71/><D30/><U101/><E101/><V27/><F27/><W117/><G70/><T55/><D34/><U57/><E78/><V4/><F14/><W29/><G117/><T100/><D6/><U8/><E57/><V46/><F64/><W90/><G87/><T113/><D3/><U84/><E84/><V51/><REACH who="2" step="1"/><F59/><REACH who="2" ten="235,227,291,237" step="2"/><W63/><G102/><T41/><D58/><U17/><AGARI ba="0,1" hai="2,5,8,15,17,20,37,38,39,104,106" m="49771" machi="17" ten="40,1500,0" yaku="19,1" doraHai="52" who="1" fromWho="1" sc="235,-4,227,25,291,-7,237,-4" />
</Scene>
<Scene>
<INIT seed="3,0,0,2,4,95" ten="231,252,284,233" oya="3" hai0="97,7,104,73,34,90,127,132,62,54,63,110,79" hai1="88,83,94,70,86,47,76,49,118,27,125,61,44" hai2="35,15,11,5,10,55,21,32,59,105,16,135,106" hai3="26,22,28,67,80,81,2,122,36,109,8,57,68"/><W38/><G122/><T42/><D34/><U48/><E125/><V39/><F39/><W91/><G68/><T19/><D7/><U24/><E118/><V41/><F41/><W4/><G109/><T96/><D42/><N who="1" m="24599" /><E70/><V43/><F43/><W65/><G80/><N who="0" m="45167" /><D104/><U116/><E61/><N who="0" m="23049" /><D90/><U17/><E17/><V37/><F37/><W93/><G81/><T52/><D19/><U0/><E0/><V66/><F106/><W14/><G57/><T123/><D123/><U53/><E116/><V89/><F105/><W9/><G38/><T75/><D75/><U129/><E129/><V111/><F32/><W69/><G36/><T108/><D127/><U50/><E50/><V58/><F35/><W45/><G45/><T12/><D12/><U18/><E18/><V64/><F16/><W100/><G69/><T117/><D132/><U126/><E126/><V113/><F135/><W98/><REACH who="3" step="1"/><G100/><REACH who="3" ten="231,252,284,223" step="2"/><T40/><D117/><U60/><E60/><V78/><F111/><N who="0" m="42538" /><D40/><U133/><E133/><V31/><F59/><W71/><G71/><T85/><D85/><AGARI ba="0,1" hai="24,27,47,49,53,76,83,85,86,88,94" m="24599" machi="85" ten="30,2000,0" yaku="8,1,54,1" doraHai="95" who="1" fromWho="0" sc="231,-20,252,30,284,0,223,0" />
</Scene>
<Scene>
<INIT seed="4,0,0,1,2,71" ten="211,282,284,223" oya="0" hai0="76,82,63,38,6,21,47,77,98,33,66,64,11" hai1="128,35,75,65,97,112,90,94,68,109,121,7,18" hai2="106,67,92,12,54,44,15,129,114,14,102,108,120" hai3="116,27,39,119,26,37,72,96,99,31,36,0,126"/><T135/><D33/><U59/><E121/><V53/><F120/><W73/><G0/><T32/><D32/><U100/><E109/><V123/><F123/><W81/><G126/><T132/><D21/><U60/><E75/><N who="3" m="28746" /><G81/><T93/><D47/><U83/><E128/><V89/><F108/><W85/><G85/><T19/><D19/><U48/><E7/><V30/><F129/><W50/><G50/><T8/><D38/><U51/><E35/><V88/><F30/><W34/><G31/><T87/><D77/><U91/><E68/><V56/><F106/><W1/><G1/><T107/><D107/><U20/><E112/><V28/><F114/><W13/><G13/><T4/><D132/><U103/><E91/><N who="2" m="34891" /><F28/><W127/><G34/><T49/><D49/><N who="1" m="19019" /><E83/><V111/><F111/><W105/><G105/><T62/><D135/><U46/><E46/><V45/><F45/><W74/><G74/><T113/><D113/><U23/><E23/><V78/><F78/><W52/><G127/><T110/><D110/><U16/><E18/><V104/><F104/><W9/><G9/><N who="0" m="3659" /><D4/><U61/><E61/><N who="0" m="23049" /><D6/><U124/><E124/><V133/><F133/><W95/><G37/><T130/><D130/><U86/><E86/><V125/><F125/><W2/><G2/><T29/><D29/><U115/><E115/><V131/><F131/><W24/><G39/><T42/><D42/><U79/><E79/><V25/><F44/><W101/><G36/><T22/><D22/><U43/><E43/><V17/><F17/><W117/><G117/><T70/><D70/><U58/><E58/><RYUUKYOKU ba="0,0" sc="211,15,282,15,284,-15,223,-15" hai0="64,66,76,82,87,93,98" hai1="16,20,59,60,65,90,94,97,100,103" />
</Scene>
<Scene>
<INIT seed="4,1,0,0,3,56" ten="226,297,269,208" oya="0" hai0="11,26,60,100,68,58,24,106,52,64,36,15,74" hai1="41,73,37,133,102,123,105,128,62,85,22,30,107" hai2="72,110,19,28,32,108,40,35,86,116,59,75,4" hai3="51,76,49,29,120,38,14,47,18,42,117,6,61"/><T90/><D74/><U17/><E123/><V118/><F4/><W7/><G117/><N who="2" m="45161" /><F40/><W101/><G120/><T65/><D36/><U5/><E128/><V9/><F86/><W93/><G76/><T2/><D2/><U44/><E73/><N who="2" m="28235" /><F28/><W89/><G29/><T53/><D53/><U33/><E133/><V99/><F99/><W77/><G77/><T8/><D8/><U134/><E134/><V50/><F19/><W111/><G111/><N who="2" m="42537" /><F9/><W97/><G38/><T115/><D115/><U127/><E5/><V103/><F103/><W83/><G7/><N who="0" m="3583" /><D100/><U34/><E102/><V81/><F81/><W71/><G6/><T112/><D112/><U3/><E30/><V55/><AGARI ba="1,0" hai="32,35,50,55,59" m="42537,28235,45161" machi="55" ten="40,1500,0" yaku="12,1" doraHai="56" who="2" fromWho="2" sc="226,-8,297,-5,269,18,208,-5" />
</Scene>
<Scene>
<INIT seed="5,0,0,2,1,83" ten="218,292,287,203" oya="1" hai0="75,118,120,122,2,17,73,30,104,98,92,19,22" hai1="129,4,71,109,26,6,86,11,121,66,78,36,28" hai2="79,3,95,62,35,102,74,5,15,16,125,42,107" hai3="59,1,0,67,45,48,32,94,100,99,76,80,97"/><U63/><E121/><N who="0" m="46697" /><D118/><U85/><E129/><V23/><F35/><W61/><G32/><T110/><D110/><U123/><E109/><V69/><F107/><W12/><G12/><T114/><D114/><U44/><E123/><V18/><F125/><W96/><G0/><T112/><D112/><U77/><E77/><V81/><F42/><W72/><REACH who="3" step="1"/><G1/><REACH who="3" ten="218,292,287,193" step="2"/><T130/><D2/><U13/><E6/><V126/><F15/><W124/><G124/><T8/><D130/><U52/><E78/><V24/><F3/><W33/><G33/><T49/><D8/><U93/><E93/><V90/><F5/><W103/><G103/><N who="0" m="62583" /><D92/><U111/><E111/><V14/><F102/><W47/><G47/><T29/><D17/><U89/><E89/><V39/><F18/><W106/><G106/><T117/><D117/><U54/><E44/><V27/><F126/><W88/><G88/><T119/><D119/><U25/><E4/><V46/><F90/><W108/><G108/><T57/><D29/><U55/><E28/><V58/><F95/><W56/><G56/><T70/><D30/><U135/><E11/><V87/><F58/><W9/><G9/><T91/><D91/><U65/><E13/><V60/><F14/><W68/><G68/><T31/><D70/><U41/><E71/><V82/><F69/><W7/><G7/><T132/><D31/><U127/><E127/><V115/><F115/><W53/><AGARI ba="0,1" hai="45,48,53,59,61,67,72,76,80,94,96,97,99,100" machi="53" ten="20,2700,0" yaku="1,1,0,1,7,1,53,0" doraHai="83" doraHaiUra="101" who="3" fromWho="3" sc="218,-7,292,-13,287,-7,193,37" />
</Scene>
<Scene>
<INIT seed="6,0,0,3,4,127" ten="211,279,280,230" oya="2" hai0="19,10,49,8,123,120,125,126,33,119,23,70,124" hai1="45,5,105,110,95,25,57,31,75,59,134,35,96" hai2="3,47,6,51,48,113,77,84,108,16,73,100,116" hai3="55,28,106,129,53,67,109,92,21,97,122,131,36"/><V115/><F116/><W14/><G109/><T118/><D70/><U60/><E110/><V85/><F108/><W117/><G117/><N who="0" m="44555" /><D33/><U112/><E75/><V24/><F100/><W50/><G122/><N who="0" m="46635" /><D49/><U64/><E105/><V43/><F51/><W81/><G36/><T87/><D87/><U9/><E112/><N who="2" m="43083" /><F6/><W26/><G106/><T99/><D99/><U66/><E134/><V0/><F73/><W22/><G67/><T63/><D63/><U82/><E82/><N who="2" m="47183" /><F85/><W1/><G81/><T76/><D76/><U74/><E74/><V12/><F24/><AGARI ba="0,0" hai="8,10,19,23,24,124,125,126" m="46635,44555" machi="24" ten="40,8000,1" yaku="18,1,12,1,34,2" doraHai="127" who="0" fromWho="2" sc="211,80,279,0,280,-80,230,0" />
</Scene>
<Scene>
<INIT seed="7,0,0,5,5,105" ten="291,279,200,230" oya="3" hai0="123,91,19,110,14,28,127,103,111,59,35,101,99" hai1="53,66,21,130,125,81,116,67,135,121,8,134,39" hai2="117,16,62,54,36,10,29,88,9,51,96,133,47" hai3="63,84,52,5,7,20,109,38,98,68,128,33,45"/><W18/><G33/><T122/><D35/><U95/><E121/><N who="0" m="46089" /><D28/><U46/><E125/><V83/><F117/><W124/><G124/><T44/><D44/><U74/><E116/><V94/><F36/><W37/><G128/><T27/><D59/><U60/><E130/><V120/><F133/><N who="1" m="50697" /><E21/><V58/><F120/><W50/><G109/><T49/><D27/><U61/><E95/><V1/><F1/><W114/><G114/><T87/><D49/><N who="1" m="28855" /><E39/><V34/><F34/><W112/><G112/><T3/><D3/><U57/><E8/><V0/><F0/><W26/><G98/><T64/><D64/><N who="1" m="38927" /><E61/><V30/><F83/><W126/><G126/><T40/><D127/><U90/><E90/><V77/><F77/><AGARI ba="0,0" hai="66,67,74,77,81" m="38927,28855,50697" machi="77" ten="30,2000,0" yaku="20,1,52,1" doraHai="105" who="1" fromWho="2" sc="291,0,279,20,200,-20,230,0" />
</Scene>
<Scene>
<INIT seed="8,0,0,5,1,64" ten="291,299,180,230" oya="0" hai0="28,102,71,55,107,18,128,110,0,90,77,73,62" hai1="88,53,87,117,26,119,25,113,8,76,36,86,21" hai2="9,129,2,111,122,95,3,57,42,115,82,78,99" hai3="23,94,35,130,16,46,75,58,5,11,69,12,123"/><T10/><D55/><U96/><E36/><V106/><F111/><W84/><G75/><T1/><D18/><U97/><E113/><V83/><F115/><W54/><G35/><T34/><D90/><U109/><E109/><V132/><F106/><W17/><G130/><T48/><D48/><U72/><E72/><V92/><F129/><W7/><G123/><T85/><D85/><U15/><E53/><V89/><F122/><W38/><G69/><T47/><D47/><U32/><E32/><V40/><F132/><W33/><G33/><T52/><D10/><U98/><E76/><V51/><F9/><W27/><G46/><T61/><D61/><U80/><E87/><N who="2" m="48599" /><F3/><W4/><G38/><T105/><D52/><U45/><E45/><V60/><F2/><N who="0" m="1130" /><D102/><U134/><E134/><V125/><F125/><W43/><G43/><N who="2" m="16425" /><F51/><W70/><G70/><T131/><D110/><U112/><E112/><V126/><F126/><W31/><G31/><T81/><D131/><U91/><E91/><V66/><F95/><W121/><G121/><T50/><D50/><U108/><E108/><V103/><F83/><W118/><G118/><N who="1" m="45066" /><E21/><V14/><F14/><W41/><G41/><T37/><D37/><U22/><E22/><V19/><F19/><AGARI ba="0,0" hai="8,15,19,25,26,80,86,88,96,97,98" m="45066" machi="19" ten="30,2000,0" yaku="16,1,54,1" doraHai="64" who="1" fromWho="2" sc="291,0,299,20,180,-20,230,0" owari="291,9.0,319,42.0,160,-34.0,230,-17.0" />
</Scene>
</mjloggm>