<mjloggm ver="2.3"><GO type="169"/><UN n0="%E5%A4%AA%E3%81%8F%E3%81%AA%E3%81%84%E3%81%8A" n1="%E3%82%B3%E3%83%8F%E3%83%AB%E3%82%B9%E3%82%BF%E3%83%BC" n2="%61%62%61%6E%74%65%73" n3="%EF%BC%BC%28%EF%BC%BE%6F%EF%BC%BE%29%EF%BC%8F%E2%98%85" dan="17,16,16,18" rate="2174,2104,2117,2219" sx="M,F,M,M"/><TAIKYOKU oya="0"/>

<Scene>
<INIT seed="0,0,0,1,3,1" ten="250,250,250,250" oya="0" hai0="128,23,5,90,108,19,94,64,61,120,58,93,76" hai1="109,18,27,133,89,22,74,81,63,101,21,118,113" hai2="135,79,123,59,36,46,69,57,107,33,84,16,80" hai3="114,75,48,72,102,4,83,119,35,44,88,124,117"/><T25/><D25/><BYE who="0" /><U32/><E118/><V65/><F123/><W51/><G114/><T26/><D26/><U14/><E32/><V129/><F33/><W12/><G35/><T91/><D91/><U71/><E113/><V132/><F107/><W66/><G66/><T100/><D100/><U62/><E71/><V99/><F99/><W0/><G0/><T10/><D10/><U68/><E68/><V127/><F129/><W86/><G102/><T38/><D38/><U85/><E133/><N who="2" m="51275" /><F127/><W111/><G124/><T42/><D42/><U6/><E109/><V115/><F115/><W2/><G2/><T110/><D110/><U40/><E40/><N who="2" m="22791" /><F16/><UN n0="%E5%A4%AA%E3%81%8F%E3%81%AA%E3%81%84%E3%81%8A" /><W34/><G111/><T17/><D108/><U29/><E101/><V56/><F69/><W67/><G34/><T11/><D19/><U95/><E74/><V43/><F43/><W55/><G75/><T104/><D104/><U112/><E112/><V30/><F30/><W9/><G72/><T122/><D122/><U106/><E106/><V3/><F3/><W60/><G51/><T7/><D120/><U87/><REACH who="1" step="1"/><E6/><REACH who="1" ten="250,240,250,250" step="2"/><V45/><F45/><W116/><G116/><T92/><D7/><U105/><E105/><V41/><F41/><W20/><REACH who="3" step="1"/><G20/><REACH who="3" ten="250,240,250,240" step="2"/><T96/><D23/><U52/><E52/><V53/><F65/><W47/><G47/><T39/><D64/><U8/><E8/><V126/><F126/><W70/><AGARI ba="0,2" hai="4,9,12,44,48,55,60,67,70,83,86,88,117,119" machi="70" ten="20,12000,2" yaku="1,1,0,1,7,1,52,1,54,1,53,1" doraHai="1" doraHaiUra="50" who="3" fromWho="3" sc="250,-60,240,-30,250,-30,240,140" />
</Scene>
<Scene>
<INIT seed="1,0,0,4,2,110" ten="190,210,220,380" oya="1" hai0="65,16,132,29,67,34,52,88,42,62,73,80,22" hai1="122,120,1,10,85,112,26,90,28,84,89,99,58" hai2="68,91,71,57,11,117,119,4,61,27,106,31,95" hai3="41,83,19,107,2,21,14,129,0,111,17,128,114"/><U38/><E38/><V35/><F106/><W125/><G107/><T15/><D132/><U102/><E58/><V13/><F71/><W97/><G111/><T70/><D42/><U130/><E10/><V32/><F68/><W9/><G41/><T49/><D67/><U25/><E1/><V76/><F76/><W131/><G97/><T123/><D123/><U20/><E130/><V50/><F50/><W82/><G125/><T59/><D73/><U39/><E39/><V127/><F32/><W98/><G98/><T124/><D124/><U5/><E5/><V36/><F36/><W96/><G96/><T7/><D7/><U24/><E24/><V74/><F74/><W66/><G66/><T81/><REACH who="0" step="1"/><D88/><REACH who="0" ten="180,210,220,380" step="2"/><U94/><E122/><V116/><F127/><W54/><G131/><T118/><D118/><U78/><E120/><V63/><F119/><W109/><G129/><T133/><D133/><U108/><E108/><V86/><F117/><W134/><G109/><T60/><D60/><U46/><E90/><V53/><F61/><W43/><G43/><T100/><D100/><U55/><E102/><V30/><F116/><W77/><G134/><T113/><D113/><U126/><E112/><V103/><F103/><W18/><G114/><T135/><D135/><U3/><E126/><V51/><F63/><W37/><G128/><T69/><D69/><U121/><E121/><V72/><F72/><W64/><G64/><T105/><D105/><U23/><E78/><V56/><F91/><W40/><G77/><T12/><D12/><U104/><E104/><V101/><F101/><RYUUKYOKU ba="0,1" sc="180,30,210,-10,220,-10,380,-10" hai0="15,16,22,29,34,49,52,59,62,65,70,80,81" />
</Scene>
<Scene>
<INIT seed="2,1,1,1,4,95" ten="210,200,210,370" oya="2" hai0="123,15,103,69,130,78,38,46,21,8,17,32,70" hai1="5,10,125,55,42,59,20,92,86,111,83,19,76" hai2="119,127,31,71,64,41,135,106,96,30,84,118,0" hai3="75,91,6,7,80,129,40,101,29,4,11,53,89"/><V122/><F122/><W87/><G129/><T72/><D123/><U97/><E125/><V85/><F0/><W54/><G75/><T28/><D130/><U120/><E120/><V66/><F41/><W113/><G113/><T90/><D103/><U2/><E111/><V131/><F106/><W23/><G101/><T133/><D133/><U116/><E116/><V12/><F131/><W60/><G40/><T16/><D32/><U56/><E42/><V98/><F12/><W114/><G114/><T121/><D121/><U48/><E59/><V37/><F71/><W67/><G11/><T1/><D38/><U110/><E110/><V100/><F100/><W26/><REACH who="3" step="1"/><G91/><REACH who="3" ten="210,200,210,360" step="2"/><T3/><D90/><U35/><E10/><V45/><F37/><W24/><G24/><T51/><D72/><U43/><E43/><V57/><F135/><W79/><G79/><T65/><D78/><U50/><E76/><V14/><F127/><W36/><G36/><T9/><D9/><U61/><E2/><V112/><F112/><W99/><G99/><T126/><D126/><U124/><E124/><V68/><F14/><W13/><G13/><T108/><D108/><U47/><E97/><V88/><F88/><W82/><G82/><T62/><D1/><U39/><E83/><V115/><F115/><W105/><G105/><T74/><D74/><U117/><E39/><V22/><F98/><W104/><G104/><T18/><D3/><U44/><E117/><V34/><F118/><W25/><G25/><N who="0" m="16431" /><D8/><U93/><E86/><V49/><F119/><W102/><G102/><T33/><D15/><RYUUKYOKU ba="1,2" sc="210,-10,200,-10,210,-10,360,30" hai3="4,6,7,23,26,29,53,54,60,67,80,87,89" />
</Scene>
<Scene>
<INIT seed="3,2,2,1,5,30" ten="200,190,200,390" oya="3" hai0="42,82,55,126,45,72,111,38,64,93,73,118,134" hai1="84,103,32,112,11,66,24,88,44,13,99,70,54" hai2="122,106,4,87,22,26,33,56,16,3,120,119,40" hai3="102,12,29,135,105,128,46,123,83,5,129,124,85"/><W27/><G123/><N who="2" m="47145" /><F106/><W1/><G1/><T74/><D118/><U39/><E112/><V104/><F104/><W8/><G135/><T77/><D134/><U75/><E75/><V35/><F40/><W90/><G124/><T89/><D126/><U49/><E39/><V80/><F119/><W41/><G105/><T43/><D111/><U60/><E99/><V98/><F98/><W51/><REACH who="3" step="1"/><G102/><REACH who="3" ten="200,190,200,380" step="2"/><T23/><D38/><U69/><E103/><V67/><F3/><W17/><G17/><T121/><D121/><U57/><E24/><V21/><F4/><W9/><G9/><T37/><D37/><U20/><E20/><AGARI ba="2,3" hai="5,8,12,20,27,29,41,46,51,83,85,90,128,129" machi="20" ten="40,2000,0" yaku="1,1,53,0" doraHai="30" doraHaiUra="94" who="3" fromWho="1" sc="200,0,190,-26,200,0,380,56" />
</Scene>
<Scene>
<INIT seed="3,3,0,4,1,47" ten="200,164,200,436" oya="3" hai0="5,96,98,76,59,62,99,117,124,118,34,94,112" hai1="31,9,60,30,58,82,100,25,41,18,116,46,87" hai2="81,83,51,29,22,61,49,107,104,20,131,37,27" hai3="67,114,10,54,12,38,92,97,88,123,42,119,122"/><W78/><G114/><T101/><D34/><U108/><E116/><V56/><F37/><W128/><G119/><T103/><D112/><U133/><E133/><V32/><F32/><W75/><G67/><T19/><D124/><U80/><E108/><V77/><F131/><W14/><G128/><T73/><D5/><U6/><E100/><V40/><F40/><W26/><G14/><T106/><D19/><U110/><E110/><V126/><F126/><W93/><G26/><T70/><D70/><U16/><E82/><V91/><F91/><W48/><G42/><T69/><D69/><U7/><E7/><V39/><F39/><W120/><G38/><T55/><D73/><U72/><E72/><V36/><F36/><W44/><G93/><T8/><D76/><U95/><E95/><V13/><F107/><W50/><G78/><T89/><D8/><U132/><E132/><V84/><F83/><W53/><G75/><T66/><D66/><U43/><E43/><V129/><F104/><AGARI ba="3,0" hai="55,59,62,89,94,96,98,99,101,103,104,106,117,118" machi="104" ten="30,2000,0" yaku="7,1,9,1" doraHai="47" who="0" fromWho="2" sc="200,29,164,0,200,-29,436,0" />
</Scene>
<Scene>
<INIT seed="4,0,0,3,3,2" ten="229,164,171,436" oya="0" hai0="123,86,69,30,29,121,82,41,58,87,37,28,59" hai1="33,89,88,105,134,65,8,90,26,14,15,131,45" hai2="64,32,0,120,114,116,40,71,12,124,76,36,77" hai3="107,118,85,35,79,5,39,19,53,103,96,63,112"/><T11/><D69/><U122/><E122/><V10/><F120/><W47/><G118/><T21/><D123/><U78/><E105/><V72/><F12/><W55/><G35/><T92/><D121/><U97/><E134/><V108/><F108/><W117/><G117/><T9/><D21/><U25/><E33/><V98/><F116/><W34/><G34/><T101/><D37/><U113/><E113/><V49/><F49/><W42/><G112/><T73/><D41/><U125/><E125/><V60/><F114/><W133/><G133/><T54/><D73/><U3/><E3/><V119/><F119/><W68/><G19/><T46/><D46/><U110/><E110/><V129/><F124/><W130/><G130/><T94/><D101/><U81/><E45/><N who="2" m="23687" /><F77/><W17/><G79/><N who="0" m="46431" /><D59/><U100/><E100/><V38/><F38/><W16/><G68/><T20/><D20/><U80/><E78/><V4/><F32/><W70/><G70/><T132/><D132/><U50/><E131/><V52/><F76/><W109/><G109/><T127/><D127/><U75/><E75/><V84/><F72/><W27/><G103/><T7/><D87/><U111/><E111/><V6/><F84/><W66/><G85/><T56/><D56/><U31/><E81/><V83/><F83/><W22/><G47/><T99/><D99/><U13/><E80/><V23/><F98/><W51/><G96/><T93/><D7/><U106/><E97/><V18/><F6/><W128/><G5/><T44/><D44/><U1/><E1/><V135/><F135/><W115/><G115/><RYUUKYOKU ba="0,0" sc="229,30,164,-10,171,-10,436,-10" hai0="9,11,28,29,30,54,58,92,93,94" />
</Scene>
<Scene>
<INIT seed="4,1,0,1,5,32" ten="259,154,161,426" oya="0" hai0="82,125,75,35,115,13,113,84,132,120,36,129,27" hai1="64,12,72,22,11,9,130,69,29,51,43,123,103" hai2="133,18,80,90,63,4,93,47,114,101,38,118,2" hai3="85,42,110,104,6,124,34,126,1,28,73,74,14"/><T33/><D120/><U87/><E72/><V78/><F114/><N who="0" m="43530" /><D36/><U23/><E123/><V15/><F101/><W81/><G110/><T60/><D75/><U31/><E130/><V24/><F133/><W68/><G68/><T58/><D132/><U127/><E103/><V105/><F105/><W45/><G104/><T56/><D129/><U100/><E100/><V48/><F24/><W95/><G74/><T7/><D125/><U54/><E127/><V61/><F38/><W83/><G73/><T46/><D46/><U30/><E43/><N who="2" m="24703" /><F2/><W5/><G45/><T53/><D27/><U44/><E69/><V67/><F4/><W119/><G42/><T50/><D13/><U20/><E64/><V62/><F67/><W117/><G14/><T102/><D7/><U112/><E112/><V52/><F78/><W109/><G6/><T94/><D94/><U107/><E107/><V96/><F80/><W3/><G5/><T79/><D102/><U41/><E12/><V19/><F118/><W25/><G117/><T89/><D79/><U77/><E41/><V37/><F37/><W17/><G119/><T57/><D60/><N who="2" m="23146" /><F15/><W71/><G124/><T16/><D35/><U122/><E122/><V76/><F76/><W65/><G34/><T108/><D108/><U86/><REACH who="1" step="1"/><E77/><REACH who="1" ten="259,144,161,426" step="2"/><V39/><F39/><W111/><G126/><T40/><D40/><U88/><E88/><V121/><F121/><W26/><G111/><T106/><D106/><U131/><E131/><V98/><F98/><W70/><G109/><T55/><D89/><U10/><AGARI ba="1,1" hai="9,10,11,20,22,23,29,30,31,44,51,54,86,87" machi="10" ten="40,8000,1" yaku="1,1,0,1,29,2,8,1,53,0" doraHai="32" doraHaiUra="92" who="1" fromWho="1" sc="259,-41,144,93,161,-21,426,-21" />
</Scene>
<Scene>
<INIT seed="5,0,0,1,5,111" ten="218,237,140,405" oya="1" hai0="51,134,28,97,77,12,100,124,133,76,108,63,116" hai1="9,93,43,70,31,121,120,53,24,11,119,94,126" hai2="42,58,74,105,66,5,14,96,45,50,130,73,37" hai3="35,57,2,107,95,92,6,62,127,90,20,129,65"/><U17/><E119/><V7/><F130/><W80/><G107/><T49/><D108/><U104/><E104/><V15/><F105/><W81/><G35/><T56/><D116/><U13/><E70/><V4/><F96/><W123/><G123/><T122/><D122/><U10/><E43/><V1/><F1/><W41/><G129/><T60/><D124/><U135/><E126/><V102/><F102/><W131/><G131/><T55/><D28/><U101/><E101/><V89/><F89/><W79/><G127/><T132/><D12/><U118/><E118/><V32/><F32/><W61/><G41/><T18/><D18/><U75/><E75/><V128/><F128/><W48/><G48/><N who="0" m="18507" /><D63/><U29/><E121/><V40/><F66/><W3/><G6/><T69/><D69/><U16/><E120/><V106/><F106/><AGARI ba="0,0" hai="55,56,60,76,77,97,100,106,132,133,134" m="18507" machi="106" ten="30,1000,0" yaku="20,1" doraHai="111" who="0" fromWho="2" sc="218,10,237,0,140,-10,405,0" />
</Scene>
<Scene>
<INIT seed="6,0,0,5,5,38" ten="228,237,130,405" oya="2" hai0="88,31,106,19,41,89,22,122,120,47,3,13,109" hai1="8,101,63,46,32,17,135,91,93,131,24,104,9" hai2="58,108,99,20,36,114,74,11,33,59,128,29,50" hai3="62,97,117,69,39,84,51,100,76,7,134,6,68"/><V70/><F70/><W77/><G39/><T54/><D109/><U48/><E135/><V43/><F33/><W87/><G117/><T28/><D3/><U21/><E32/><V64/><F36/><W126/><G134/><T56/><D106/><U65/><E131/><V57/><F74/><W66/><G69/><T112/><D112/><U1/><E1/><V80/><F114/><W121/><G121/><T37/><D122/><U85/><E101/><V119/><F119/><W67/><G67/><T27/><D120/><U96/><E85/><V115/><F115/><W15/><G126/><T116/><D116/><U98/><E98/><V92/><F128/><W127/><G127/><T42/><D42/><U90/><E90/><N who="2" m="55703" /><F108/><W125/><G125/><T132/><D132/><U118/><E104/><V86/><F11/><W34/><G34/><T107/><D107/><U49/><E49/><V55/><F64/><W30/><G51/><T75/><D75/><U40/><E118/><V25/><F43/><W111/><G111/><T52/><D54/><U124/><E124/><V14/><F14/><W23/><G15/><T129/><D129/><U53/><E53/><V16/><F29/><W102/><G30/><T81/><D31/><U5/><E5/><V95/><F95/><W35/><G6/><T2/><D2/><U123/><E123/><V4/><F4/><W72/><G7/><T12/><D12/><U83/><E83/><V18/><F18/><W71/><G72/><T103/><D81/><U130/><E130/><V78/><AGARI ba="0,0" hai="16,20,25,50,55,57,58,59,78,80,86" m="55703" machi="78" ten="30,3000,0" yaku="8,1,54,1" doraHai="38" who="2" fromWho="2" sc="228,-10,237,-10,130,30,405,-10" />
</Scene>
<Scene>
<INIT seed="6,1,0,5,5,63" ten="218,227,160,395" oya="2" hai0="107,38,46,73,70,12,116,121,22,65,68,132,50" hai1="6,111,120,57,19,64,88,32,99,58,89,48,59" hai2="106,90,23,126,93,2,18,41,78,7,30,20,53" hai3="135,25,35,67,118,10,1,8,92,55,54,14,21"/><V113/><F106/><W27/><G118/><T87/><D73/><U85/><E32/><V112/><F41/><W39/><G39/><T86/><D121/><U44/><E120/><V125/><F78/><W110/><G110/><T117/><D107/><U51/><E111/><V40/><F40/><W122/><G122/><T131/><D38/><U94/><E6/><V28/><F53/><W82/><G135/><T105/><D105/><U69/><E69/><N who="0" m="26729" /><D65/><U103/><E103/><V74/><F74/><W76/><G67/><T96/><D96/><U134/><E134/><V3/><F93/><W37/><G92/><T95/><D95/><N who="1" m="54671" /><E64/><V47/><F90/><W98/><G98/><T11/><D132/><U123/><E123/><V4/><REACH who="2" step="1"/><F47/><REACH who="2" ten="218,227,150,395" step="2"/><W13/><G55/><T52/><D117/><U61/><E44/><V15/><F15/><W17/><G14/><T49/><D116/><U102/><E89/><V130/><F130/><W115/><G13/><T114/><D131/><U62/><E62/><V0/><F0/><W31/><G1/><T24/><D12/><U119/><E119/><V100/><F100/><W16/><G76/><T84/><D46/><U81/><E61/><V101/><F101/><W36/><G54/><T71/><D52/><U42/><E42/><V83/><F83/><W66/><G82/><T9/><D71/><U129/><E129/><V124/><F124/><W72/><G66/><T127/><D127/><U33/><E81/><V60/><F60/><W128/><G72/><T108/><D108/><U80/><E80/><V75/><F75/><W56/><G128/><RYUUKYOKU ba="1,1" sc="218,-10,227,-10,150,30,395,-10" hai2="2,3,4,7,18,20,23,28,30,112,113,125,126" />
</Scene>
<Scene>
<INIT seed="6,2,1,5,0,6" ten="208,217,180,385" oya="2" hai0="98,54,100,107,118,36,127,49,78,17,53,125,97" hai1="89,99,73,4,106,129,37,27,117,50,59,3,122" hai2="114,71,48,0,24,64,115,15,84,88,77,21,8" hai3="96,75,87,47,133,31,81,66,1,55,34,86,103"/><V18/><F0/><W90/><G1/><T22/><D36/><U14/><E37/><V121/><F121/><W69/><G75/><T83/><D118/><U60/><E117/><V2/><F2/><W33/><G133/><T104/><D97/><U19/><E122/><V76/><F48/><W131/><G31/><T112/><D104/><U7/><E73/><V45/><F45/><W70/><G131/><T20/><D112/><N who="2" m="43050" /><F64/><W42/><G55/><N who="0" m="21003" /><D17/><U74/><E129/><V85/><F85/><W110/><G87/><N who="0" m="48631" /><D49/><U57/><E74/><V124/><F124/><AGARI ba="2,1" hai="20,22,98,100,107,124,125,127" m="48631,21003" machi="124" ten="30,1000,0" yaku="18,1" doraHai="6" who="0" fromWho="2" sc="208,26,217,0,180,-16,385,0" />
</Scene>
<Scene>
<INIT seed="7,0,0,4,0,115" ten="234,217,164,385" oya="3" hai0="1,26,65,11,91,84,23,114,36,75,69,56,90" hai1="16,8,121,25,50,118,30,32,5,77,131,45,44" hai2="100,33,46,6,35,94,83,27,48,74,132,76,67" hai3="24,128,12,20,0,101,54,17,86,78,130,61,53"/><W39/><G0/><T60/><D75/><U126/><E121/><V34/><F132/><W102/><G39/><T113/><D36/><U21/><E126/><V3/><F67/><W88/><G78/><T93/><D69/><U28/><E131/><V103/><F3/><W40/><G40/><T2/><D90/><U97/><E77/><V80/><F6/><W89/><G89/><T29/><D11/><U98/><E45/><V73/><F73/><W119/><G24/><T129/><D129/><U109/><E109/><V110/><F110/><W41/><G41/><T47/><D47/><U106/><E118/><V127/><F127/><W107/><G119/><T7/><D7/><U81/><E81/><V14/><F83/><W63/><G107/><T105/><D105/><U38/><E38/><V111/><F111/><W79/><G79/><T18/><D29/><N who="1" m="11371" /><E32/><V134/><F134/><W51/><G130/><T104/><D104/><U122/><E106/><V117/><F27/><W59/><G128/><T62/><D62/><U66/><E66/><V64/><F64/><W116/><G63/><T37/><D37/><U70/><E70/><V9/><F94/><N who="3" m="54551" /><G116/><T58/><D114/><U52/><E122/><V13/><F117/><W135/><G135/><T85/><D113/><U22/><E22/><V72/><F72/><W42/><G42/><T82/><D2/><U96/><E96/><V15/><REACH who="2" step="1"/><F9/><REACH who="2" ten="234,217,154,385" step="2"/><W120/><G120/><T4/><D1/><U99/><E5/><V19/><F19/><W87/><G17/><T43/><D4/><U95/><E8/><V112/><F112/><RYUUKYOKU ba="0,1" sc="234,-15,217,15,154,15,385,-15" hai1="16,21,25,44,50,52,95,97,98,99" hai2="13,14,15,33,34,35,46,48,74,76,80,100,103" owari="219,-18.0,232,3.0,169,-33.0,380,48.0" />
</Scene>
</mjloggm>