<mjloggm ver="2.3"><GO type="41"/><UN n0="%E5%A4%AA%E3%81%8F%E3%81%AA%E3%81%84%E3%81%8A" n1="%63%61%7A%61%69%6E" n2="%E5%8F%8C%E9%BE%8D%E3%83%BB%E6%96%AC" n3="%79%6F%73%73%69%65%EF%BD%9E" dan="15,14,13,13" rate="2044,1926,1912,1938" sx="M,M,M,M"/><TAIKYOKU oya="0"/>

<Scene>
<INIT seed="0,0,0,0,0,127" ten="250,250,250,250" oya="0" hai0="76,36,124,116,56,80,62,100,107,125,10,15,71" hai1="94,88,90,98,27,82,81,24,134,96,1,119,106" hai2="5,63,65,105,37,108,51,0,52,40,39,123,86" hai3="69,73,133,85,6,128,91,57,109,33,21,28,66"/><T67/><D116/><U101/><E1/><V44/><F123/><W118/><G118/><T117/><D117/><U59/><E119/><V55/><F105/><W53/><G73/><T87/><D36/><U70/><E70/><V78/><F108/><W30/><G109/><T64/><D107/><U130/><E59/><V13/><F0/><W75/><G75/><T77/><D100/><N who="1" m="60439" /><E27/><V104/><F104/><W92/><G33/><T95/><D95/><U9/><E9/><N who="2" m="4271" /><F37/><W102/><G66/><T4/><D76/><U131/><E24/><V110/><F110/><W72/><G69/><T97/><D97/><U19/><E19/><V113/><F113/><W7/><G72/><T115/><D115/><U47/><E47/><V22/><F22/><W111/><G111/><T2/><D2/><U74/><E134/><V120/><F120/><W31/><G21/><T103/><D103/><U20/><E20/><V58/><F39/><W50/><G102/><T54/><REACH who="0" step="1"/><D67/><REACH who="0" ten="240,250,250,250" step="2"/><U68/><E68/><V89/><F78/><W41/><G133/><T79/><D79/><N who="1" m="44279" /><E82/><AGARI ba="0,1" hai="40,44,51,52,55,58,63,65,82,86,89" m="4271" machi="82" ten="30,2000,0" yaku="8,1,54,1" doraHai="127" who="2" fromWho="1" sc="240,0,250,-20,250,30,250,0" />
</Scene>
<Scene>
<INIT seed="1,0,0,0,3,21" ten="240,230,280,250" oya="1" hai0="62,32,15,97,25,126,113,4,27,26,93,135,99" hai1="35,125,84,130,44,111,69,39,36,89,0,63,49" hai2="103,110,42,16,86,74,58,102,106,7,5,2,47" hai3="123,20,121,43,77,91,132,78,37,127,79,117,105"/><U118/><E118/><V60/><F74/><W6/><G105/><T107/><D113/><U34/><E130/><V65/><F110/><W55/><G117/><T72/><D72/><U87/><E125/><V3/><F106/><W48/><G127/><T45/><D126/><U101/><E0/><V38/><F86/><W128/><G132/><T108/><D108/><U64/><E111/><V53/><F2/><W1/><G128/><T90/><D135/><U70/><E101/><V11/><F5/><W61/><G61/><T96/><D107/><U13/><E13/><V14/><REACH who="2" step="1"/><F65/><REACH who="2" ten="240,230,270,250" step="2"/><W131/><G1/><T18/><D4/><U23/><E87/><V22/><AGARI ba="0,1" hai="3,7,11,14,16,22,38,42,47,53,58,60,102,103" machi="22" ten="20,8000,1" yaku="1,1,2,1,0,1,7,1,54,1,53,0" doraHai="21" doraHaiUra="104" who="2" fromWho="2" sc="240,-20,230,-40,270,90,250,-20" />
</Scene>
<Scene>
<INIT seed="2,0,0,5,4,116" ten="220,190,360,230" oya="2" hai0="95,47,3,34,120,86,58,130,88,71,7,46,30" hai1="121,12,0,31,81,51,135,27,132,25,128,5,84" hai2="45,127,118,28,4,43,70,123,29,125,36,1,14" hai3="114,101,59,19,10,39,111,105,60,41,22,79,18"/><V124/><F118/><W91/><G79/><T104/><D71/><U103/><E128/><V100/><F70/><W72/><G72/><T73/><D73/><U85/><E51/><V134/><F1/><W76/><G76/><T66/><D104/><U52/><E103/><V115/><F115/><W113/><G111/><T99/><D130/><U64/><E52/><V92/><F134/><N who="1" m="51241" /><E64/><V126/><F126/><W94/><G101/><T26/><D120/><U117/><E0/><V48/><F36/><W83/><G105/><T23/><D34/><N who="1" m="20847" /><E27/><V67/><F67/><W42/><G83/><T129/><D129/><U96/><E96/><N who="2" m="59399" /><F123/><W112/><G39/><T63/><REACH who="0" step="1"/><D99/><REACH who="0" ten="210,190,360,230" step="2"/><U56/><E117/><V57/><F127/><W90/><G113/><T50/><D50/><U133/><E133/><V110/><F48/><W62/><G114/><T20/><D20/><U77/><E121/><V75/><F75/><W16/><G22/><T53/><D53/><U69/><E69/><V55/><F55/><W24/><G112/><T68/><D68/><U106/><E106/><V107/><F107/><W108/><G108/><T74/><D74/><U37/><E37/><V40/><F110/><W97/><G97/><T89/><D89/><U102/><E102/><V82/><F125/><W8/><G91/><T119/><D119/><U21/><E21/><V54/><F54/><W2/><G90/><T78/><D78/><U9/><E85/><V15/><F124/><W35/><G35/><T109/><D109/><U93/><E93/><V87/><F82/><W61/><G94/><T17/><D17/><RYUUKYOKU ba="0,1" sc="210,15,190,15,360,-15,230,-15" hai0="3,7,23,26,30,46,47,58,63,66,86,88,95" hai1="5,9,12,56,77,81,84" />
</Scene>
<Scene>
<INIT seed="3,1,1,5,2,50" ten="225,205,345,215" oya="3" hai0="0,108,115,62,85,19,31,60,67,79,109,33,114" hai1="46,95,126,132,44,73,49,68,93,63,23,38,15" hai2="77,130,34,129,57,83,59,113,25,119,8,104,121" hai3="14,13,18,75,4,47,41,56,111,39,7,35,89"/><W91/><G75/><T48/><D0/><U66/><E73/><V103/><F119/><W120/><G120/><T98/><D98/><U16/><E132/><V43/><F113/><N who="0" m="43018" /><D33/><U88/><E126/><V112/><F112/><W5/><G35/><T20/><D31/><U52/><REACH who="1" step="1"/><E88/><REACH who="1" ten="225,195,345,215" step="2"/><V26/><F121/><W81/><G91/><T86/><D79/><U28/><E28/><V123/><F123/><W76/><G89/><T51/><D86/><U22/><E22/><V24/><F34/><W107/><G76/><T84/><D85/><U29/><E29/><V127/><F127/><W100/><G81/><T17/><D84/><U80/><E80/><V102/><F83/><W10/><G100/><T87/><D87/><U1/><E1/><V134/><F77/><W128/><G128/><T12/><D109/><U36/><E36/><V117/><F103/><W58/><G111/><T27/><D108/><U94/><E94/><V101/><F102/><W122/><G107/><T106/><D106/><U69/><E69/><V61/><F101/><W64/><G122/><T99/><D99/><U78/><E78/><V90/><F104/><W45/><G39/><T105/><D105/><U71/><E71/><V124/><F90/><W116/><G116/><T74/><D74/><U2/><E2/><V40/><F117/><W11/><G18/><T55/><D19/><U53/><E53/><V54/><F124/><W135/><G135/><T30/><D55/><U96/><E96/><V92/><F54/><W97/><G97/><T37/><D37/><U32/><E32/><V65/><F134/><RYUUKYOKU ba="1,2" sc="225,-10,195,30,345,-10,215,-10" hai1="15,16,23,38,44,46,49,52,63,66,68,93,95" />
</Scene>
<Scene>
<INIT seed="4,2,2,1,2,19" ten="215,225,335,205" oya="0" hai0="47,72,100,31,87,0,25,117,120,88,104,89,35" hai1="125,65,62,126,86,1,113,114,130,32,91,5,17" hai2="3,84,34,64,68,93,107,99,127,46,108,2,79" hai3="58,37,39,122,106,116,66,22,29,69,27,112,21"/><T28/><D120/><U38/><E17/><V134/><F108/><W18/><G116/><T81/><D117/><U70/><E32/><V83/><F34/><W50/><G69/><T56/><D0/><U128/><E91/><V44/><F134/><W82/><G106/><T60/><D31/><U131/><E86/><V102/><F127/><N who="1" m="48649" /><E5/><V7/><F64/><W16/><G16/><T20/><D72/><U54/><E1/><V77/><F79/><W97/><G122/><T67/><D35/><U42/><E54/><V40/><F68/><W30/><G82/><T36/><D100/><U45/><AGARI ba="2,2" hai="38,42,45,62,65,70,113,114,128,130,131" m="48649" machi="45" ten="40,8000,1" yaku="19,1,18,1,23,1,34,2" doraHai="19" who="1" fromWho="1" sc="215,-42,225,106,335,-22,205,-22" />
</Scene>
<Scene>
<INIT seed="5,0,0,0,1,116" ten="173,331,313,183" oya="1" hai0="16,74,56,131,78,106,63,72,36,22,105,32,121" hai1="40,107,34,71,77,50,88,123,99,126,14,64,15" hai2="2,94,25,103,80,11,89,0,55,91,65,97,12" hai3="96,4,90,28,85,113,73,33,6,133,66,49,120"/><U20/><E77/><V134/><F134/><W122/><G73/><T57/><D36/><U5/><E34/><V3/><F65/><W54/><G133/><T95/><D32/><U92/><E107/><V21/><F55/><W31/><G66/><T1/><D1/><U41/><E126/><V18/><REACH who="2" step="1"/><F80/><REACH who="2" ten="173,331,303,183" step="2"/><W47/><G54/><T87/><D131/><U48/><E64/><V135/><F135/><W125/><G125/><T7/><D121/><U60/><E123/><V46/><F46/><W81/><G120/><T108/><D108/><U19/><E41/><V30/><AGARI ba="0,1" hai="0,2,3,11,12,18,21,25,30,89,91,94,97,103" machi="30" ten="30,4000,0" yaku="1,1,0,1,53,1" doraHai="116" doraHaiUra="8" who="2" fromWho="2" sc="173,-10,331,-20,303,50,183,-10" />
</Scene>
<Scene>
<INIT seed="6,0,0,4,0,88" ten="163,311,353,173" oya="2" hai0="135,72,7,38,16,128,61,19,50,64,91,39,51" hai1="31,103,0,36,86,129,93,57,120,83,17,89,104" hai2="55,76,41,111,26,122,35,117,49,79,24,66,118" hai3="30,46,75,113,68,12,106,80,84,25,54,133,108"/><V23/><F122/><W99/><G108/><T70/><D72/><U74/><E129/><V1/><F1/><W97/><G75/><T45/><D128/><U119/><E119/><V32/><F66/><W13/><G68/><T114/><D114/><U59/><E120/><V62/><F62/><W82/><G113/><T109/><D109/><U81/><E0/><V67/><F67/><W48/><G133/><T127/><D135/><U43/><E17/><V44/><F111/><W65/><G65/><T40/><D127/><U11/><E11/><V3/><F3/><W10/><G106/><T60/><D7/><U124/><E31/><V78/><F41/><W92/><G97/><T96/><D60/><U2/><E2/><V21/><F117/><W69/><G69/><T95/><REACH who="0" step="1"/><D51/><REACH who="0" ten="153,311,353,173" step="2"/><U107/><E74/><V126/><F126/><W56/><G48/><T77/><D77/><U34/><E124/><V18/><REACH who="2" step="1"/><F118/><REACH who="2" ten="153,311,343,173" step="2"/><W115/><G115/><T94/><D94/><U116/><E116/><V8/><F8/><W6/><G92/><T53/><D53/><U22/><E93/><V125/><F125/><W20/><G54/><T73/><D73/><U134/><E134/><V52/><F52/><W71/><G10/><T37/><AGARI ba="0,2" hai="16,19,37,38,39,40,45,50,61,64,70,91,95,96" machi="37" ten="30,7900,0" yaku="1,1,0,1,52,1,54,1,53,0" doraHai="88" doraHaiUra="27" who="0" fromWho="0" sc="153,99,311,-20,343,-39,173,-20" />
</Scene>
<Scene>
<INIT seed="7,0,0,2,4,5" ten="252,291,304,153" oya="3" hai0="27,93,123,131,25,103,47,28,92,108,38,2,86" hai1="8,106,130,4,37,0,85,42,100,127,79,31,20" hai2="132,13,104,59,94,122,128,69,19,96,6,11,117" hai3="12,21,43,14,39,84,112,40,111,107,34,1,87"/><W10/><G34/><T80/><D108/><U16/><E130/><V133/><F117/><W109/><G107/><T105/><D123/><U119/><E127/><V75/><F128/><W9/><G112/><T110/><D110/><N who="3" m="41993" /><G1/><T23/><D131/><U113/><E113/><V70/><F104/><W52/><G39/><T44/><D2/><U71/><E31/><V7/><F75/><W81/><G21/><T62/><D105/><U65/><E65/><V118/><F118/><W49/><G84/><T50/><D38/><U15/><E71/><V102/><F122/><W135/><G135/><N who="2" m="51785" /><F59/><N who="3" m="33167" /><G14/><T134/><D134/><U55/><E55/><V73/><F73/><W61/><G61/><T17/><D62/><U22/><E119/><V88/><F102/><W120/><G120/><T68/><D103/><U74/><E100/><V46/><F46/><W101/><G101/><T78/><D44/><N who="1" m="23631" /><E85/><V26/><F26/><W48/><G48/><T90/><D68/><AGARI ba="0,0" hai="6,7,11,13,19,68,69,70,88,94,96" m="51785" machi="68" ten="30,3900,0" yaku="20,1,52,1,54,1" doraHai="5" who="2" fromWho="0" sc="252,-39,291,0,304,39,153,0" owari="213,-19.0,291,9.0,343,45.0,153,-35.0" />
</Scene>
</mjloggm>