<mjloggm ver="2.3"><GO type="193"/><UN n0="%63%68%6F%63%6F%63%6F" n1="%E2%98%85%E5%A4%A2%E5%96%B0%E3%81%84%E2%98%86" n2="%E5%A4%AA%E3%81%8F%E3%81%AA%E3%81%84%E3%81%8A" n3="%E3%82%BF%E3%82%B1%E3%81%A3%E3%81%A1" dan="12,11,11,12" rate="1754,1898,1714,1744" sx="M,M,M,M"/><TAIKYOKU oya="0"/>

<Scene>
<INIT seed="0,0,0,0,2,80" ten="250,250,250,250" oya="0" hai0="31,77,12,124,117,47,131,32,89,24,27,82,25" hai1="73,2,19,84,51,91,71,93,17,135,50,132,5" hai2="39,79,113,99,35,76,112,52,8,59,42,94,116" hai3="121,13,62,70,86,101,126,3,108,90,110,49,87"/><T128/><D117/><U119/><E71/><V134/><F116/><W118/><G118/><T81/><D124/><U0/><E73/><V56/><F35/><W15/><G3/><N who="1" m="1066" /><E119/><V133/><F8/><W18/><G126/><T75/><D47/><U61/><E61/><V69/><F69/><W16/><G121/><T41/><D41/><U65/><E65/><V104/><F104/><W44/><G101/><T20/><D12/><U125/><E5/><V22/><F22/><W57/><G70/><T6/><D6/><U68/><E68/><V74/><F42/><N who="3" m="24727" /><G110/><T83/><D89/><U98/><E98/><V43/><F43/><W58/><G108/><T36/><D36/><U107/><E107/><V92/><F39/><W4/><G4/><T29/><REACH who="0" step="1"/><D25/><REACH who="0" ten="240,250,250,250" step="2"/><U34/><E125/><V26/><F26/><W103/><G90/><T11/><D11/><U115/><E115/><V60/><F112/><W46/><G46/><T40/><D40/><U14/><E34/><V85/><F113/><W96/><G13/><T97/><D97/><U95/><E14/><V129/><F99/><W10/><G15/><T63/><D63/><U111/><E111/><V7/><F60/><W122/><G10/><T106/><D106/><U55/><E51/><V123/><F7/><W30/><G122/><T67/><D67/><U45/><E132/><V48/><F123/><W109/><G109/><T88/><D88/><N who="1" m="53383" /><E135/><V53/><F133/><W21/><G62/><T9/><D9/><U54/><E54/><V127/><F134/><W72/><G96/><T1/><D1/><U38/><E38/><RYUUKYOKU ba="0,1" sc="240,15,250,15,250,-15,250,-15" hai0="20,24,27,29,31,32,75,77,81,82,83,128,131" hai1="17,19,45,50,55,91,95" />
</Scene>
<Scene>
<INIT seed="0,1,1,0,5,89" ten="255,265,235,235" oya="0" hai0="115,11,129,29,88,122,72,6,2,101,110,27,34" hai1="37,63,105,38,4,131,103,77,108,23,33,19,121" hai2="59,76,87,92,66,79,31,36,90,64,47,133,8" hai3="30,54,70,135,127,113,10,94,116,1,124,26,0"/><T117/><D122/><U28/><E121/><V5/><F133/><W71/><G135/><T84/><D115/><U43/><E131/><V118/><F118/><W128/><G113/><T65/><D117/><U120/><E120/><V20/><F36/><W39/><G39/><T78/><D129/><U45/><E108/><V102/><F47/><W99/><G116/><T55/><D110/><U111/><E111/><V95/><F31/><W16/><G128/><T106/><D55/><U75/><E4/><V58/><F20/><W123/><G123/><T18/><D65/><N who="2" m="25194" /><F8/><W50/><G0/><T68/><D68/><U125/><E63/><V3/><F5/><W69/><G1/><T107/><D78/><N who="2" m="29738" /><F3/><W132/><G132/><T53/><D72/><U86/><E75/><V44/><F44/><W15/><G50/><T49/><D101/><U73/><E73/><V40/><F40/><W32/><REACH who="3" step="1"/><G54/><REACH who="3" ten="255,265,235,225" step="2"/><T67/><D67/><U35/><E38/><V7/><F7/><W61/><G61/><T51/><D49/><U17/><E37/><V60/><F60/><W109/><G109/><T14/><D53/><U41/><E41/><V134/><F134/><W114/><G114/><T24/><D51/><U85/><E43/><V126/><F126/><W80/><G80/><T12/><D24/><U81/><E125/><V57/><F102/><AGARI ba="1,2" hai="10,15,16,26,30,32,69,70,71,94,99,102,124,127" machi="102" ten="40,5200,0" yaku="1,1,52,1,54,1,53,0" doraHai="89" doraHaiUra="112" who="3" fromWho="2" sc="255,0,265,0,235,-55,225,75" />
</Scene>
<Scene>
<INIT seed="1,0,0,4,3,117" ten="255,265,180,300" oya="1" hai0="60,79,62,61,84,5,98,13,112,90,111,96,43" hai1="35,97,82,25,130,58,122,65,42,132,91,19,131" hai2="110,57,126,3,107,70,44,24,56,120,47,63,50" hai3="22,7,72,21,93,69,78,105,64,17,80,11,75"/><U106/><E42/><N who="2" m="24855" /><F107/><W116/><G105/><T127/><D112/><U41/><E41/><V33/><F24/><W92/><G116/><T59/><D127/><U81/><E132/><V87/><F87/><W128/><G128/><T20/><D43/><U46/><E46/><V119/><F33/><W54/><G72/><T23/><D79/><U71/><E71/><V27/><F27/><W118/><G118/><T2/><D2/><U77/><E122/><V125/><F3/><W28/><G28/><T38/><D38/><U101/><E91/><V109/><F119/><W45/><G22/><T30/><D111/><N who="2" m="42506" /><F47/><W52/><G54/><T0/><D0/><U100/><E100/><V67/><F120/><W26/><G7/><T18/><D5/><U124/><E124/><AGARI ba="0,0" hai="56,57,63,67,70,124,125,126" m="42506,24855" machi="124" ten="30,7700,0" yaku="18,1,14,1,34,2" doraHai="117" who="2" fromWho="1" sc="255,0,265,-77,180,77,300,0" />
</Scene>
<Scene>
<INIT seed="2,0,0,3,5,57" ten="255,188,257,300" oya="2" hai0="94,15,68,4,43,10,3,11,129,119,115,32,116" hai1="0,23,48,123,45,80,64,54,26,67,31,86,38" hai2="5,77,100,110,130,46,36,103,13,40,29,90,14" hai3="70,73,16,52,60,91,59,6,93,107,108,65,134"/><V125/><F77/><W122/><G122/><T56/><D115/><U34/><E38/><V113/><F113/><W117/><G117/><N who="0" m="45131" /><D68/><U44/><E0/><V87/><F29/><W118/><G118/><T66/><D32/><U109/><E109/><V24/><F110/><W1/><G108/><T51/><D129/><U28/><E123/><V50/><F130/><W8/><G134/><T9/><D94/><U30/><E44/><V132/><F132/><W69/><G107/><T33/><D33/><U2/><E2/><V62/><F125/><W128/><G128/><T121/><D121/><U92/><E92/><N who="2" m="54367" /><F36/><W82/><G73/><T55/><D66/><U20/><E34/><V120/><F120/><W106/><G106/><T35/><D35/><U12/><E31/><V25/><F62/><W49/><G82/><T135/><D135/><U97/><E97/><V104/><F104/><W7/><G7/><T63/><D3/><U37/><E37/><V53/><F40/><W74/><G16/><N who="0" m="8303" /><D63/><U101/><E101/><N who="2" m="38987" /><F5/><W96/><G74/><T127/><D43/><U19/><REACH who="1" step="1"/><E30/><REACH who="1" ten="255,178,257,300" step="2"/><V18/><F18/><W17/><G17/><T131/><D131/><U76/><AGARI ba="0,1" hai="12,19,20,23,26,28,45,48,54,64,67,76,80,86" machi="76" ten="20,12000,2" yaku="1,1,2,1,0,1,7,1,8,1,53,1" doraHai="57" doraHaiUra="83" who="1" fromWho="1" sc="255,-30,178,130,257,-60,300,-30" />
</Scene>
<Scene>
<INIT seed="3,0,0,0,2,3" ten="225,308,197,270" oya="3" hai0="43,107,128,110,87,125,32,127,131,47,106,99,103" hai1="27,75,73,77,104,93,105,37,5,62,86,42,33" hai2="26,85,8,66,115,95,41,94,10,132,114,24,2" hai3="71,58,40,117,100,122,18,52,50,108,130,21,59"/><W68/><G122/><T84/><D32/><U129/><E5/><V19/><F132/><W36/><G117/><T45/><D110/><U15/><E15/><V44/><F66/><W29/><G108/><T76/><D45/><U49/><E37/><V118/><F118/><W0/><G0/><T112/><D47/><U81/><E42/><V109/><F109/><W23/><G130/><N who="0" m="49707" /><D43/><U13/><E49/><V16/><F44/><W57/><G100/><T46/><D46/><U101/><E13/><V54/><F41/><W11/><G11/><T69/><D69/><U121/><E121/><V134/><F85/><W63/><G36/><T35/><D35/><U72/><E62/><V65/><F2/><W17/><G40/><T83/><D112/><U88/><E129/><V74/><F65/><W82/><G29/><T38/><D38/><U7/><E7/><V78/><F78/><W55/><G82/><T90/><D106/><N who="1" m="41067" /><E27/><V98/><F98/><W111/><G111/><T1/><D1/><U30/><E30/><V12/><F12/><N who="3" m="9383" /><G71/><T28/><D28/><U6/><E6/><V102/><F102/><W80/><G68/><T124/><D87/><N who="1" m="48559" /><E33/><V14/><F14/><N who="3" m="9687" /><G80/><T91/><AGARI ba="0,0" hai="76,83,84,90,91,99,103,107,124,125,127" m="49707" machi="91" ten="40,8000,1" yaku="18,1,19,1,34,2" doraHai="3" who="0" fromWho="0" sc="225,80,308,-20,197,-20,270,-40" owari="305,40.0,288,9.0,177,-32.0,230,-17.0" />
</Scene>
</mjloggm>