<mjloggm ver="2.3"><GO type="169"/><UN n0="%E3%82%82%E3%81%A3%E3%81%97%E3%83%BC" n1="%E6%9D%B1%E9%9B%B2%E7%9A%90%E6%9C%88" n2="%E3%81%8A%E5%8F%A3%E3%83%81%E3%83%A3%E3%83%83%E3%82%AF%E6%BA%80%E8%B2%AB" n3="%E5%A4%AA%E3%81%8F%E3%81%AA%E3%81%84%E3%81%8A" dan="17,16,16,16" rate="2072,2009,2025,2100" sx="M,F,F,M"/><TAIKYOKU oya="0"/>

<Scene>
<INIT seed="0,0,0,5,0,129" ten="250,250,250,250" oya="0" hai0="55,103,84,76,58,56,131,57,125,17,132,66,29" hai1="80,25,106,18,94,126,68,79,75,83,71,3,130" hai2="5,69,89,78,12,118,135,127,27,95,40,32,15" hai3="88,35,46,113,59,38,19,111,47,2,101,63,91"/><T72/><D72/><U42/><E106/><V133/><F69/><W39/><G113/><T64/><D131/><U110/><E130/><V7/><F78/><W45/><G2/><T48/><D29/><U6/><E94/><V107/><F107/><W98/><G35/><T20/><D125/><U53/><E42/><V100/><F100/><W14/><G111/><T16/><D103/><U102/><E102/><V41/><F127/><W50/><G50/><T93/><D132/><N who="2" m="50762" /><F118/><W31/><G31/><T77/><D76/><U52/><E79/><V22/><F32/><W115/><G115/><T62/><D17/><U54/><E68/><V96/><F41/><W114/><G114/><T90/><D77/><U24/><E71/><V37/><F40/><W123/><G123/><T44/><REACH who="0" step="1"/><D66/><REACH who="0" ten="240,250,250,250" step="2"/><U67/><E67/><V21/><F37/><W34/><G38/><T81/><D81/><U30/><E80/><V73/><F73/><W105/><G39/><T10/><D10/><U87/><E83/><V70/><F70/><W28/><G28/><T65/><D65/><U116/><E30/><N who="2" m="17775" /><F22/><W134/><G134/><T0/><D0/><U36/><E3/><V120/><F120/><W99/><G34/><T122/><D122/><U128/><E36/><V23/><F23/><W9/><G101/><T33/><D33/><U97/><E75/><V117/><F117/><W108/><G105/><T11/><D11/><U109/><E116/><V74/><F74/><W85/><G9/><T82/><D82/><U86/><E126/><V124/><F124/><W51/><G91/><T43/><D43/><RYUUKYOKU ba="0,1" sc="240,15,250,-15,250,15,250,-15" hai0="16,20,44,48,55,56,57,58,62,64,84,90,93" hai2="5,7,12,15,89,95,96" />
</Scene>
<Scene>
<INIT seed="0,1,1,3,2,21" ten="255,235,265,235" oya="0" hai0="107,108,23,117,122,129,105,90,8,57,89,44,65" hai1="39,102,115,12,95,37,132,83,69,40,31,58,133" hai2="134,13,61,78,97,28,49,76,119,66,125,77,124" hai3="55,88,47,10,96,135,34,54,5,53,38,116,85"/><T113/><D122/><U27/><E69/><V82/><F134/><N who="1" m="51817" /><E12/><V91/><F119/><W29/><G135/><T123/><D123/><U0/><E0/><V41/><F13/><W3/><G116/><T110/><D117/><U4/><E4/><V42/><F28/><W98/><G38/><T59/><D113/><U120/><E120/><V35/><F35/><W92/><REACH who="3" step="1"/><G47/><REACH who="3" ten="255,235,265,225" step="2"/><T131/><D44/><U130/><E39/><V70/><F125/><W64/><G64/><T100/><D65/><U103/><E37/><V33/><F124/><W101/><G101/><T75/><D100/><U73/><E102/><V104/><F66/><W109/><G109/><T22/><D75/><U81/><E73/><V18/><F104/><W93/><G93/><T80/><D8/><U7/><E103/><V86/><F82/><AGARI ba="1,2" hai="22,23,57,59,80,82,89,90,105,107,108,110,129,131" machi="82" ten="25,2400,0" yaku="22,2" doraHai="21" who="0" fromWho="2" sc="255,47,235,0,265,-27,225,0" />
</Scene>
<Scene>
<INIT seed="0,2,0,0,5,66" ten="302,235,238,225" oya="0" hai0="37,96,88,14,10,100,0,8,42,15,91,120,104" hai1="55,90,54,107,44,84,76,112,59,53,79,93,127" hai2="97,3,28,5,114,109,7,108,72,32,110,9,4" hai3="39,43,25,6,86,63,60,64,31,61,18,116,12"/><T75/><D120/><U35/><E35/><V13/><F72/><W134/><G116/><T45/><D75/><U73/><E73/><V132/><F97/><W74/><G74/><T11/><REACH who="0" step="1"/><D0/><REACH who="0" ten="292,235,238,225" step="2"/><U41/><E112/><V99/><F114/><W58/><G134/><T102/><D102/><U2/><E2/><V111/><F111/><W69/><G64/><T81/><D81/><U50/><E127/><V106/><F132/><W103/><G103/><T92/><D92/><U16/><E107/><V124/><F124/><W30/><G39/><T51/><D51/><U56/><E50/><V119/><F119/><W62/><G62/><T57/><D57/><U17/><E56/><V49/><F49/><W122/><G58/><T95/><D95/><U87/><E59/><V70/><F106/><W67/><G61/><T105/><D105/><U135/><E135/><V65/><F3/><W85/><G63/><T19/><D19/><U83/><E17/><N who="2" m="8367" /><F65/><W33/><G122/><T80/><D80/><N who="1" m="47135" /><E16/><V34/><F110/><W121/><G121/><T22/><D22/><U23/><E23/><V71/><F109/><W38/><G18/><T40/><D40/><U129/><E41/><V27/><F108/><W131/><G43/><T126/><D126/><U94/><E93/><V128/><F34/><W117/><G117/><T98/><D98/><U68/><E94/><V52/><F99/><W47/><G33/><T115/><D115/><U21/><E21/><V29/><F32/><W89/><G60/><T36/><D36/><U82/><E83/><V130/><F29/><W1/><G30/><RYUUKYOKU ba="2,1" sc="292,30,235,-10,238,-10,225,-10" hai0="8,10,11,14,15,37,42,45,88,91,96,100,104" />
</Scene>
<Scene>
<INIT seed="0,3,1,5,2,105" ten="322,225,228,215" oya="0" hai0="21,61,45,48,128,103,77,135,85,74,34,53,127" hai1="109,22,113,64,91,120,16,102,63,107,97,37,83" hai2="104,115,111,132,70,52,14,95,35,92,11,30,42" hai3="3,134,90,25,6,116,41,13,96,67,125,98,50"/><T44/><D34/><U29/><E37/><V118/><F104/><W126/><G116/><T93/><D127/><N who="3" m="48649" /><G134/><T78/><D135/><U123/><E109/><V54/><F132/><W80/><G3/><T12/><D128/><U5/><E29/><V88/><F111/><W27/><G67/><T18/><D74/><U112/><E5/><V49/><F70/><W17/><G6/><T69/><D44/><U108/><E108/><V62/><F115/><N who="1" m="44105" /><E83/><V124/><F118/><W59/><G80/><T26/><D26/><N who="3" m="9737" /><G90/><T94/><D103/><U106/><E91/><V117/><F117/><W114/><G114/><T79/><REACH who="0" step="1"/><D85/><REACH who="0" ten="312,225,228,215" step="2"/><U87/><E87/><N who="2" m="52255" /><F35/><W55/><G41/><T0/><D0/><U89/><E102/><V84/><F42/><W76/><G76/><T131/><D131/><U101/><E89/><N who="2" m="53671" /><F124/><W47/><G47/><T71/><D71/><N who="1" m="42399" /><E107/><V110/><F110/><W15/><G15/><AGARI ba="3,2" hai="15,16,22,97,101,106,120,123" m="42399,44105" machi="15" ten="30,2000,0" yaku="11,1,54,1" doraHai="105" who="1" fromWho="3" sc="312,0,225,49,228,0,215,-29" />
</Scene>
<Scene>
<INIT seed="1,0,0,5,3,38" ten="312,274,228,186" oya="1" hai0="88,87,63,68,19,15,107,52,81,47,70,12,69" hai1="0,61,11,18,71,105,10,78,135,130,109,37,129" hai2="122,27,31,104,1,23,128,114,21,60,92,103,112" hai3="123,14,32,119,102,79,8,99,24,96,126,117,4"/><U80/><E105/><V98/><F122/><W67/><G123/><T133/><D107/><U30/><E135/><V48/><F1/><W66/><G126/><T53/><D133/><U97/><E97/><V86/><F128/><N who="1" m="49257" /><E0/><V13/><F60/><W46/><G79/><T84/><D63/><U59/><E71/><V45/><F13/><W100/><G46/><T34/><D34/><U9/><E37/><V17/><F104/><N who="3" m="63495" /><G24/><T6/><D6/><U5/><E30/><V85/><F21/><W94/><G32/><T91/><D47/><U57/><E5/><V106/><F31/><W89/><G102/><T40/><D40/><U50/><E50/><V39/><F39/><W73/><G73/><T36/><D36/><U121/><E121/><V26/><F26/><W93/><G93/><T3/><D3/><U44/><E44/><V58/><F58/><N who="1" m="22025" /><E61/><V55/><REACH who="2" step="1"/><F106/><REACH who="2" ten="312,274,218,186" step="2"/><W7/><G7/><T82/><D12/><U111/><E18/><V29/><F29/><W127/><G127/><T90/><REACH who="0" step="1"/><D91/><REACH who="0" ten="302,274,218,186" step="2"/><U43/><E43/><V42/><F42/><W75/><G4/><T2/><D2/><U54/><E54/><V74/><F74/><AGARI ba="0,2" hai="9,10,11,74,78,80,109,111" m="22025,49257" machi="74" ten="40,2000,0" yaku="19,1" doraHai="38" who="1" fromWho="2" sc="302,0,274,40,218,-20,186,0" />
</Scene>
<Scene>
<INIT seed="1,1,0,3,3,78" ten="302,314,198,186" oya="1" hai0="36,43,94,31,98,28,77,115,13,50,91,2,41" hai1="122,84,107,29,65,42,23,14,35,19,66,45,48" hai2="52,40,53,103,82,114,47,27,46,44,16,12,34" hai3="5,109,37,79,26,9,110,113,75,3,61,51,39"/><U33/><E107/><V112/><F103/><W104/><G113/><N who="2" m="43625" /><F40/><N who="0" m="15434" /><D36/><U74/><E74/><V54/><F27/><W116/><G104/><T56/><D2/><U25/><E122/><V24/><F24/><W81/><G116/><T108/><D108/><N who="3" m="41577" /><G51/><T83/><D115/><U111/><E111/><V97/><F97/><W120/><G120/><T57/><D13/><U105/><E105/><V80/><F34/><W4/><G4/><T96/><BYE who="3" /><D96/><U106/><E106/><V126/><F126/><W90/><G90/><T88/><D91/><U0/><E0/><V93/><F93/><W72/><G72/><T17/><D17/><U124/><E124/><V8/><AGARI ba="1,0" hai="8,12,16,44,46,47,52,53,54,80,82" m="43625" machi="8" ten="40,8000,1" yaku="11,1,52,2,54,2" doraHai="78" who="2" fromWho="2" sc="302,-21,314,-41,198,83,186,-21" />
</Scene>
<Scene>
<INIT seed="2,0,0,0,5,60" ten="281,273,281,165" oya="2" hai0="24,117,34,7,19,5,86,53,124,42,93,4,85" hai1="26,106,14,126,135,21,99,63,122,104,115,127,133" hai2="18,36,8,125,43,11,61,6,23,103,89,37,13" hai3="44,92,107,33,52,75,16,49,101,81,57,51,83"/><V70/><F125/><N who="1" m="47625" /><E115/><V32/><F32/><W15/><G15/><T35/><D124/><U74/><E74/><V97/><F89/><W78/><G78/><T30/><D117/><U38/><E38/><V12/><F43/><W71/><G71/><T116/><D116/><U2/><E2/><V10/><F37/><W79/><G79/><T25/><D42/><U129/><E14/><V119/><F36/><W111/><G111/><T41/><D41/><U1/><E1/><V98/><F119/><W131/><G131/><T69/><D69/><U87/><E87/><V72/><F72/><W29/><G29/><T58/><D93/><U48/><E48/><V31/><F31/><W76/><G76/><T102/><D102/><U123/><E63/><V114/><F114/><W47/><G47/><T59/><D58/><UN n3="%E5%A4%AA%E3%81%8F%E3%81%AA%E3%81%84%E3%81%8A" /><U94/><E21/><V22/><F22/><W77/><G33/><T121/><D121/><N who="1" m="46091" /><E26/><V17/><F6/><W67/><G75/><T96/><D35/><U9/><E9/><V3/><F3/><W55/><G92/><T27/><D34/><U100/><E129/><V64/><REACH who="2" step="1"/><F97/><REACH who="2" ten="281,273,271,165" step="2"/><W65/><G16/><T105/><D30/><U80/><E80/><V128/><F128/><W66/><REACH who="3" step="1"/><G77/><REACH who="3" ten="281,273,271,155" step="2"/><T95/><D19/><U45/><E99/><AGARI ba="0,2" hai="44,49,51,52,55,57,65,66,67,81,83,99,101,107" machi="99" ten="40,12000,2" yaku="1,1,2,1,52,3,54,1,53,0" doraHai="60" doraHaiUra="112" who="3" fromWho="1" sc="281,0,273,-120,271,0,155,140" />
</Scene>
<Scene>
<INIT seed="3,0,0,5,2,109" ten="281,153,271,295" oya="3" hai0="95,85,119,82,17,90,31,133,126,33,86,25,72" hai1="112,128,120,47,94,69,60,134,129,39,106,11,107" hai2="0,96,40,122,103,21,29,92,58,8,3,6,55" hai3="121,84,88,99,110,49,62,131,16,130,68,77,14"/><W76/><G121/><T35/><D119/><U124/><E120/><V34/><F122/><W53/><G99/><T10/><D126/><U50/><E39/><V78/><F40/><W26/><G26/><T9/><D133/><U12/><E94/><V44/><F44/><N who="3" m="27815" /><G110/><T38/><D38/><U83/><E83/><V98/><F78/><W37/><G37/><T87/><D35/><U63/><E124/><V117/><F34/><W5/><G5/><T105/><D105/><U79/><E79/><V108/><F108/><W22/><G68/><T4/><D72/><U127/><E127/><V111/><F117/><W101/><G101/><T93/><D17/><U24/><E24/><V102/><F3/><W64/><G64/><T125/><D125/><U67/><E60/><V2/><F2/><W52/><G131/><T73/><D73/><U56/><E69/><V7/><F7/><W15/><G15/><T75/><D75/><U57/><E134/><V54/><F111/><W118/><G118/><T65/><D65/><U45/><E67/><V28/><F0/><W1/><G1/><T71/><D71/><U41/><E63/><V74/><F74/><W59/><G130/><T70/><D70/><U114/><E12/><V19/><F6/><W36/><G36/><T81/><D4/><U115/><E115/><V89/><F19/><W46/><G46/><T113/><D113/><N who="1" m="43627" /><E45/><V135/><F135/><W18/><G18/><T91/><D81/><AGARI ba="0,0" hai="14,16,22,52,59,62,76,77,81,84,88" m="27815" machi="81" ten="30,11600,0" yaku="8,1,54,3" doraHai="109" who="3" fromWho="0" sc="281,-116,153,0,271,0,295,116" />
</Scene>
<Scene>
<INIT seed="3,1,0,2,5,133" ten="165,153,271,411" oya="3" hai0="59,53,126,2,54,80,72,92,106,110,71,120,23" hai1="84,12,18,56,16,66,33,43,77,73,68,22,64" hai2="44,107,85,86,130,60,112,70,113,57,82,98,96" hai3="10,93,94,118,19,131,46,122,39,74,127,123,17"/><W3/><G118/><T83/><D120/><U132/><E68/><V25/><F70/><W13/><G74/><T87/><D71/><U27/><E33/><V31/><F86/><W45/><G3/><T100/><D2/><U11/><E132/><V105/><F96/><W52/><G131/><T91/><D110/><U109/><E109/><V40/><F130/><W78/><G78/><T63/><D63/><U9/><E43/><V38/><F107/><W65/><G65/><N who="1" m="25194" /><E56/><V55/><F98/><W129/><G129/><T61/><D72/><U76/><E73/><V62/><F62/><W41/><G19/><T128/><D128/><U134/><E134/><V14/><F14/><W47/><G47/><T20/><D106/><U114/><E114/><V108/><F105/><W32/><G32/><T135/><D135/><U81/><E76/><V28/><F28/><W4/><G4/><T90/><D100/><U117/><E117/><V119/><F119/><W116/><G116/><T99/><D80/><U26/><E26/><V51/><F60/><W75/><G75/><T34/><D34/><U97/><E97/><V49/><F108/><W15/><G15/><T5/><D5/><U89/><E77/><V95/><F112/><W58/><G123/><T101/><D101/><U88/><E89/><N who="2" m="53679" /><F113/><W6/><G122/><T42/><D42/><U111/><E111/><V30/><F82/><W115/><G115/><T102/><D102/><U48/><E48/><N who="2" m="30951" /><F25/><W67/><G41/><T50/><D99/><U79/><E79/><V36/><F51/><W0/><G67/><T29/><D50/><RYUUKYOKU ba="1,0" sc="165,-15,153,15,271,15,411,-15" hai1="9,11,12,16,18,22,27,81,84,88" hai2="30,31,36,38,40,44,49" />
</Scene>
<Scene>
<INIT seed="4,2,0,4,5,122" ten="150,168,286,396" oya="0" hai0="104,102,43,100,86,107,54,32,90,31,1,27,67" hai1="56,134,82,41,135,30,5,84,29,111,8,14,46" hai2="128,92,62,7,121,59,83,132,81,21,36,119,91" hai3="18,73,13,125,33,131,103,79,123,26,61,80,47"/><T110/><D1/><U15/><E15/><V19/><F121/><W53/><G123/><T16/><D43/><U64/><E64/><V37/><F128/><W6/><G103/><T78/><D78/><N who="1" m="46167" /><E56/><V40/><F7/><W115/><G131/><T76/><D76/><U87/><E87/><V85/><F132/><N who="1" m="50729" /><E111/><V108/><F108/><W101/><G13/><T48/><D110/><U49/><AGARI ba="2,0" hai="5,8,14,29,30,41,46,49" m="50729,46167" machi="49" ten="30,2000,0" yaku="25,1,20,1" doraHai="122" who="1" fromWho="1" sc="150,-12,168,26,286,-7,396,-7" />
</Scene>
<Scene>
<INIT seed="5,0,0,1,3,13" ten="138,194,279,389" oya="1" hai0="23,127,57,93,27,102,42,25,59,51,90,1,33" hai1="17,67,133,130,105,40,20,58,135,107,29,18,92" hai2="39,97,35,43,84,5,45,94,104,100,54,46,88" hai3="115,132,49,74,72,129,50,89,101,38,134,15,71"/><U91/><E40/><V47/><F35/><W44/><G71/><T11/><D33/><U61/><E130/><V76/><F5/><W70/><G70/><T16/><D127/><U118/><E118/><V31/><F31/><W109/><G109/><T4/><D102/><U2/><E2/><V56/><REACH who="2" step="1"/><F76/><REACH who="2" ten="138,194,269,389" step="2"/><W82/><G129/><T48/><D27/><N who="1" m="16615" /><E105/><V77/><F77/><W131/><G131/><T19/><D19/><U22/><E107/><V86/><F86/><W7/><G7/><T99/><REACH who="0" step="1"/><D42/><REACH who="0" ten="128,194,269,389" step="2"/><U32/><E17/><V34/><F34/><W78/><G132/><N who="1" m="50762" /><E32/><V63/><AGARI ba="0,2" hai="39,43,45,46,47,54,56,63,84,88,94,97,100,104" machi="63" ten="20,5200,0" yaku="1,1,0,1,7,1,54,1,53,0" doraHai="13" doraHaiUra="117" who="2" fromWho="2" sc="128,-13,194,-26,269,72,389,-13" />
</Scene>
<Scene>
<INIT seed="6,0,0,5,0,109" ten="115,168,341,376" oya="2" hai0="88,120,40,57,73,12,65,66,72,16,38,29,78" hai1="104,9,86,46,53,130,35,13,25,4,44,10,100" hai2="85,26,108,2,55,135,125,20,56,36,113,80,134" hai3="126,32,47,122,23,24,105,128,115,99,101,5,121"/><V79/><F108/><W51/><G32/><T111/><D111/><U17/><E100/><V98/><F2/><W64/><G128/><T131/><D120/><U70/><E70/><V77/><F36/><W75/><G75/><T7/><D131/><U97/><E97/><V110/><F110/><W82/><G126/><T19/><D29/><U83/><E104/><V74/><F98/><W114/><G5/><T91/><D7/><U102/><E102/><V45/><F45/><W41/><G64/><T3/><D3/><U71/><E71/><V54/><F54/><W59/><G82/><T42/><D57/><U81/><E81/><V84/><F79/><W6/><G6/><T124/><D124/><U92/><E92/><V52/><F55/><W14/><G14/><T123/><D123/><U106/><E106/><V90/><F125/><W116/><G59/><T129/><D129/><U21/><E35/><V50/><F113/><N who="3" m="43019" /><G116/><T48/><D12/><U68/><E13/><V15/><F15/><W112/><N who="3" m="43027" /><W18/><AGARI ba="0,0" hai="18,23,24,41,47,51,99,101,105,121,122" m="43027" machi="18" ten="40,12000,2" yaku="4,1,15,1,11,1,52,4" doraHai="109" who="3" fromWho="3" sc="115,-30,168,-30,341,-60,376,120" />
</Scene>
<Scene>
<INIT seed="7,0,0,3,3,104" ten="85,138,281,496" oya="3" hai0="115,85,89,60,92,95,53,54,25,113,79,11,0" hai1="63,123,14,88,81,121,6,49,120,126,17,31,111" hai2="8,114,66,16,3,96,76,83,103,124,45,129,37" hai3="27,39,15,41,61,133,34,22,18,51,20,82,112"/><W21/><G39/><T107/><D107/><U72/><E111/><V55/><F66/><W119/><G119/><T35/><D92/><U99/><E6/><V127/><F114/><W100/><G112/><T10/><D115/><U116/><E116/><V131/><F55/><W65/><G133/><T36/><D36/><U59/><E31/><V33/><F33/><W78/><G100/><T128/><D128/><N who="2" m="49226" /><F45/><W97/><G97/><T108/><D108/><U2/><E2/><V122/><F37/><W4/><G4/><T47/><D113/><U62/><E72/><N who="2" m="43399" /><F122/><W64/><G34/><T1/><D89/><U130/><E130/><V40/><F40/><W132/><G132/><T74/><D95/><U68/><E68/><V118/><F118/><W58/><G64/><T38/><D85/><U94/><E81/><V110/><F110/><W105/><G105/><T28/><D60/><U90/><E90/><V48/><F48/><W13/><G13/><T50/><D11/><U52/><REACH who="1" step="1"/><E126/><REACH who="1" ten="85,128,281,496" step="2"/><V67/><F127/><W86/><G15/><T5/><D0/><U80/><E80/><V46/><F124/><W26/><G26/><T106/><D106/><U109/><E109/><V75/><F75/><W9/><G9/><AGARI ba="0,1" hai="9,14,17,49,52,59,62,63,88,94,99,120,121,123" machi="9" ten="40,5200,0" yaku="1,1,54,2,53,0" doraHai="104" doraHaiUra="70" who="1" fromWho="3" sc="85,0,128,62,281,0,496,-52" owari="85,-41.0,190,-21.0,281,8.0,444,54.0" />
</Scene>
</mjloggm>