<mjloggm ver="2.3"><GO type="97"/><UN n0="%E3%81%97%E3%81%BF%73" n1="%72%65%73%69" n2="%E3%82%AD%E3%83%A3%E3%83%B3%E3%82%B9%E3%83%95%E3%82%A3%E3%82%A2" n3="%E5%A4%AA%E3%81%8F%E3%81%AA%E3%81%84%E3%81%8A" dan="15,14,13,13" rate="1980,1952,1973,1954" sx="M,M,M,M"/><TAIKYOKU oya="0"/>

<Scene>
<INIT seed="0,0,0,1,5,2" ten="250,250,250,250" oya="0" hai0="68,70,99,20,83,107,34,45,98,4,130,37,32" hai1="97,95,46,10,56,11,35,132,85,92,128,47,23" hai2="82,103,126,9,111,93,48,66,0,17,119,31,102" hai3="120,69,101,108,24,74,38,39,127,118,84,72,122"/><T67/><D83/><U14/><E35/><V115/><F115/><W58/><G118/><T19/><D67/><U91/><E132/><V28/><F119/><W44/><G69/><T15/><D130/><U109/><E109/><V64/><F111/><W133/><G108/><T114/><D114/><U81/><E128/><V57/><F126/><W63/><G127/><T88/><D70/><U59/><E92/><V110/><F110/><W124/><G124/><T65/><D68/><U33/><E33/><V131/><F131/><W18/><G101/><N who="2" m="38409" /><F82/><W104/><G104/><T13/><D65/><N who="2" m="25194" /><F0/><W3/><G3/><T86/><D107/><U105/><E105/><V42/><F93/><W6/><G133/><T53/><D34/><U87/><E85/><V51/><F57/><N who="1" m="22089" /><E23/><V117/><F117/><W27/><G84/><T26/><D32/><U76/><E11/><V8/><F17/><AGARI ba="0,0" hai="10,14,17,46,47,76,81,87,91,95,97" m="22089" machi="17" ten="30,1000,0" yaku="8,1" doraHai="2" who="1" fromWho="2" sc="250,0,250,10,250,-10,250,0" />
</Scene>
<Scene>
<INIT seed="1,0,0,0,1,97" ten="250,260,240,250" oya="1" hai0="43,72,79,134,102,94,22,98,130,0,15,110,37" hai1="21,44,48,122,58,41,13,131,128,83,61,69,89" hai2="57,68,7,121,4,8,81,104,42,100,26,106,92" hai3="93,129,30,84,17,25,117,86,16,10,95,76,28"/><U115/><E122/><V3/><F68/><W19/><G129/><N who="1" m="49738" /><E115/><V127/><F121/><W53/><G117/><T67/><D0/><U78/><E89/><V14/><F127/><W82/><G10/><T90/><D134/><U124/><E124/><V64/><F42/><W29/><G25/><T77/><D130/><U116/><E116/><V118/><F118/><W101/><G101/><T55/><D67/><N who="1" m="41199" /><E58/><V112/><F112/><W62/><G86/><T50/><D90/><U65/><E65/><V123/><F123/><W45/><REACH who="3" step="1"/><G62/><REACH who="3" ten="250,260,240,240" step="2"/><T107/><D102/><U6/><E21/><V9/><F106/><W111/><G111/><T120/><D22/><U91/><E13/><V56/><F104/><W109/><G109/><T133/><D15/><U23/><E23/><V135/><F135/><W24/><G24/><T85/><D107/><U27/><E27/><V132/><F26/><W126/><G126/><T80/><D133/><U40/><E6/><V105/><F105/><W74/><G74/><T96/><D72/><U39/><E39/><V2/><F132/><W125/><G125/><T38/><D37/><U52/><E91/><V33/><F14/><W32/><G32/><T47/><D38/><U35/><E35/><V11/><F33/><W12/><G12/><T88/><D120/><U49/><E49/><AGARI ba="0,1" hai="16,17,19,28,29,30,45,49,53,76,82,84,93,95" machi="49" ten="40,5200,0" yaku="1,1,8,1,54,1,53,0" doraHai="97" doraHaiUra="108" who="3" fromWho="1" sc="250,0,260,-52,240,0,240,62" />
</Scene>
<Scene>
<INIT seed="2,0,0,4,3,57" ten="250,208,240,302" oya="2" hai0="53,91,51,111,45,92,40,46,27,8,98,110,4" hai1="16,108,5,73,44,33,135,107,63,50,41,69,13" hai2="97,86,56,115,58,90,95,2,118,93,1,61,75" hai3="103,11,84,132,25,9,77,104,28,68,96,3,37"/><V106/><F75/><W79/><G37/><T0/><REACH who="0" step="1"/><D27/><REACH who="0" ten="240,208,240,302" step="2"/><U29/><E135/><V76/><F115/><W14/><G132/><T21/><D21/><U71/><E33/><V36/><F118/><W34/><G25/><T119/><D119/><U12/><E108/><V87/><F36/><AGARI ba="0,1" hai="0,4,8,36,40,45,46,51,53,91,92,98,110,111" machi="36" ten="40,5200,0" yaku="21,2,53,1" doraHai="57" doraHaiUra="35" who="0" fromWho="2" sc="240,62,208,0,240,-52,302,0" />
</Scene>
<Scene>
<INIT seed="3,0,0,5,3,90" ten="302,208,188,302" oya="3" hai0="134,66,95,57,0,73,132,88,93,24,47,29,60" hai1="26,61,79,86,128,78,54,100,35,41,6,69,111" hai2="99,46,129,85,71,126,53,97,23,77,40,45,81" hai3="70,8,10,17,117,110,2,94,115,18,33,122,120"/><W68/><G117/><T98/><D0/><U107/><E6/><V109/><F71/><W133/><G33/><T9/><D73/><U38/><E111/><V101/><F109/><W13/><G110/><T87/><D9/><U103/><E128/><V1/><F129/><W89/><G115/><T31/><D47/><N who="1" m="23991" /><E100/><V44/><F1/><W104/><G104/><T28/><D24/><U130/><E130/><V121/><F121/><W39/><G39/><T91/><AGARI ba="0,0" hai="28,29,31,57,60,66,87,88,91,93,95,98,132,134" machi="91" ten="30,7900,0" yaku="0,1,52,2,54,1" doraHai="90" who="0" fromWho="0" sc="302,79,208,-20,188,-20,302,-39" owari="381,48.0,188,-21.0,168,-33.0,263,6.0" />
</Scene>
</mjloggm>