<mjloggm ver="2.3"><GO type="169" lobby="0"/><UN n0="%E5%A4%AA%E3%81%8F%E3%81%AA%E3%81%84%E3%81%8A" n1="%E3%81%8F%E3%82%8B%E3%82%8B" n2="%E3%81%B3%E3%82%8A%E3%81%B3%E3%82%8A%E2%98%86%E3%83%93%E3%83%AA%E3%83%BC" n3="%E3%81%B4%E3%81%AE" dan="18,17,18,16" rate="2189.91,2163.14,2250.34,2113.37" sx="M,M,M,M"/><TAIKYOKU oya="0"/>

<Scene>
<INIT seed="0,0,0,4,0,109" ten="250,250,250,250" oya="0" hai0="128,62,17,15,22,47,18,93,90,84,71,82,31" hai1="74,65,27,130,126,103,35,70,29,78,21,45,134" hai2="66,75,116,72,97,61,23,106,111,100,114,122,118" hai3="76,42,129,51,123,85,19,94,105,3,98,59,102"/><T112/><D128/><U117/><E130/><V57/><F122/><W110/><G129/><T87/><D112/><U108/><E108/><V83/><F111/><W2/><G110/><T133/><D133/><U1/><E134/><V14/><F114/><W95/><G123/><T36/><D36/><U92/><E1/><V135/><F135/><W20/><G105/><T88/><D47/><U13/><E117/><N who="2" m="45163" /><F83/><W96/><G85/><T55/><D71/><U58/><E70/><V37/><F37/><W48/><G76/><T107/><D107/><U99/><E126/><V77/><F77/><W24/><G42/><T4/><D31/><U91/><E45/><V0/><F0/><W33/><G33/><T38/><D38/><U67/><E91/><V41/><F41/><W80/><G80/><T124/><D124/><U10/><E35/><V32/><F32/><W69/><G69/><T64/><D64/><U39/><E39/><V60/><F61/><W56/><G2/><T115/><D115/><U120/><E120/><V101/><F100/><N who="3" m="60439" /><G3/><T79/><D79/><U63/><E78/><V119/><F119/><W30/><G30/><T50/><D62/><U7/><REACH who="1" step="1"/><E74/><REACH who="1" ten="250,240,250,250" step="2"/><V40/><F40/><W8/><G8/><N who="0" m="4487" /><D22/><U131/><E131/><V49/><F75/><W86/><G86/><T16/><D50/><AGARI ba="0,1" hai="19,20,24,48,50,51,56,59,95,98,102" m="60439" machi="50" ten="30,1000,0" yaku="8,1" doraHai="109" who="3" fromWho="0" sc="250,-10,240,0,250,0,250,20" />
</Scene>
<Scene>
<INIT seed="1,0,0,5,1,60" ten="240,240,250,270" oya="1" hai0="30,29,69,42,21,93,70,88,72,49,10,13,43" hai1="132,15,56,22,108,98,17,122,58,76,84,95,47" hai2="25,41,45,87,81,28,33,62,112,4,114,54,91" hai3="73,121,51,106,86,2,110,71,79,94,55,68,104"/><U118/><E122/><V115/><F4/><W38/><G38/><T85/><D72/><U107/><E118/><V34/><F54/><W20/><G2/><T66/><D69/><U19/><E107/><V123/><F123/><W53/><G73/><T52/><D70/><U82/><E132/><V9/><F9/><W16/><G121/><T11/><D11/><U1/><E108/><V46/><F62/><W117/><G68/><T64/><D43/><U59/><E1/><V7/><F7/><W103/><G71/><T92/><D42/><U23/><E47/><V3/><F3/><W48/><G110/><T40/><D40/><U126/><E126/><V116/><F116/><W102/><G106/><T99/><D21/><U130/><E130/><V27/><F41/><W89/><G79/><T61/><D61/><U78/><E78/><V26/><F26/><N who="3" m="14599" /><G104/><T37/><D37/><U83/><E82/><V90/><F91/><W80/><G117/><T0/><D0/><U65/><E19/><V18/><F18/><W101/><G80/><T119/><D119/><U97/><E23/><V131/><F131/><W120/><G120/><T39/><D39/><U96/><REACH who="1" step="1"/><E95/><REACH who="1" ten="240,230,250,270" step="2"/><V124/><F124/><W44/><G44/><N who="0" m="27687" /><D29/><AGARI ba="0,1" hai="25,27,28,29,33,34,45,46,81,87,90,112,114,115" machi="29" ten="40,2600,0" yaku="9,1,11,1" doraHai="60" who="2" fromWho="0" sc="240,-26,230,0,250,36,270,0" />
</Scene>
<Scene>
<INIT seed="2,0,0,0,2,57" ten="214,230,286,270" oya="2" hai0="47,60,33,52,16,32,129,127,96,36,74,70,84" hai1="26,118,0,44,130,55,131,120,83,106,10,113,28" hai2="90,5,135,8,53,79,9,108,39,35,19,107,71" hai3="86,117,4,116,103,45,17,75,94,6,99,62,23"/><V65/><F35/><W115/><G75/><T123/><D74/><U91/><E118/><V128/><F39/><W104/><G115/><T27/><D123/><U114/><E106/><V124/><F128/><N who="1" m="49193" /><E120/><V7/><F107/><W112/><G112/><T50/><D129/><U89/><E0/><V38/><F38/><W68/><G45/><T77/><D127/><U97/><E10/><V43/><F43/><W92/><G104/><T34/><D96/><U42/><E55/><V14/><F124/><W41/><G41/><T105/><D105/><U30/><E30/><V93/><F7/><W101/><G117/><T111/><D36/><N who="1" m="21575" /><E97/><V66/><F53/><W12/><G116/><T81/><D111/><U126/><E126/><V100/><F108/><W80/><G103/><T31/><REACH who="0" step="1"/><D16/><REACH who="0" ten="204,230,286,270" step="2"/><U56/><E114/><V1/><F19/><W119/><G99/><T49/><D49/><U18/><E18/><V87/><F9/><W110/><G17/><T132/><D132/><U37/><E37/><V51/><F135/><W76/><G110/><T20/><D20/><U134/><E134/><V88/><F51/><W3/><G23/><T72/><D72/><U11/><E11/><V102/><F8/><W21/><G119/><T13/><D13/><U59/><E113/><V63/><F14/><W122/><G12/><T58/><D58/><N who="1" m="22059" /><E83/><V61/><F1/><W125/><G80/><T48/><D48/><U2/><E2/><V67/><F5/><W25/><G4/><T69/><D69/><U133/><E133/><V15/><F71/><W98/><G68/><T82/><D82/><RYUUKYOKU ba="0,1" sc="204,15,230,15,286,-15,270,-15" hai0="27,31,32,33,34,47,50,52,60,70,77,81,84" hai1="26,28,89,91" />
</Scene>
<Scene>
<INIT seed="3,1,1,3,3,114" ten="219,245,271,255" oya="3" hai0="54,23,131,38,61,127,62,89,120,14,70,98,7" hai1="94,87,67,31,96,85,93,20,12,45,104,118,43" hai2="15,97,2,90,99,91,78,5,82,109,79,88,50" hai3="68,74,121,41,117,64,105,81,0,36,77,112,44"/><W19/><G19/><T25/><D120/><U124/><E104/><V129/><F2/><W33/><G112/><T101/><D38/><U21/><E67/><V52/><F109/><W80/><G121/><T26/><D127/><U22/><E124/><V63/><F129/><W69/><G81/><T51/><D131/><U95/><E118/><V24/><F24/><W59/><G59/><T4/><D89/><U60/><E60/><V27/><F27/><W86/><G86/><T16/><D70/><N who="3" m="27241" /><G64/><T132/><D61/><U49/><E31/><V3/><F3/><W84/><G84/><N who="1" m="32330" /><E12/><V108/><F63/><W17/><G17/><T116/><D62/><U39/><E39/><V56/><F108/><W130/><G130/><T92/><D26/><U73/><E73/><V9/><REACH who="2" step="1"/><F82/><REACH who="2" ten="219,245,261,255" step="2"/><W128/><G128/><T135/><D25/><U66/><E66/><V18/><F18/><W48/><G0/><T53/><D16/><U113/><E113/><V30/><F30/><W110/><G80/><T1/><D1/><U34/><E34/><V76/><AGARI ba="1,2" hai="5,9,15,50,52,56,76,78,79,88,90,91,97,99" machi="76" ten="30,8000,1" yaku="1,1,0,1,8,1,54,2,53,0" doraHai="114" doraHaiUra="42" who="2" fromWho="2" sc="219,-21,245,-21,261,103,255,-41" />
</Scene>
<Scene>
<INIT seed="4,0,0,5,0,19" ten="198,224,364,214" oya="0" hai0="43,16,116,135,108,53,86,124,12,46,115,88,35" hai1="60,67,118,69,83,133,18,1,65,101,100,75,92" hai2="48,28,70,79,59,20,33,21,91,90,121,98,0" hai3="8,71,40,38,106,113,134,109,94,58,64,41,126"/><T49/><D116/><U131/><E118/><V9/><F121/><W42/><G109/><T29/><D108/><U37/><E1/><V84/><F70/><W93/><G106/><T23/><D115/><U39/><E67/><V63/><F33/><W50/><G94/><T44/><D124/><U129/><E133/><V26/><F48/><W68/><G93/><N who="0" m="54423" /><D135/><U56/><E69/><N who="3" m="26698" /><G8/><N who="0" m="6151" /><D35/><U78/><E39/><V114/><F114/><W130/><G113/><T117/><D117/><U47/><E37/><V72/><F72/><W13/><G134/><T77/><D77/><U102/><E75/><V17/><F0/><W25/><G126/><T30/><D43/><U7/><E78/><V105/><F105/><W62/><G130/><T128/><D128/><U5/><E129/><V36/><F36/><W57/><G13/><T119/><D119/><U24/><E131/><V61/><F79/><W31/><G25/><N who="0" m="16575" /><D30/><U14/><E14/><N who="2" m="7375" /><F28/><W120/><G31/><T22/><D22/><N who="2" m="8810" /><F26/><W85/><G120/><T112/><D112/><U11/><E24/><V80/><F98/><W95/><G38/><T96/><D96/><U52/><E18/><V45/><F91/><W89/><G89/><T87/><D87/><U81/><E101/><V51/><F90/><W123/><G85/><T111/><D111/><U76/><E76/><V2/><F2/><W99/><G99/><T10/><D10/><U55/><E11/><V32/><F32/><W34/><G34/><T110/><D110/><U103/><E102/><V82/><F84/><W74/><G123/><T73/><D73/><U66/><E103/><RYUUKYOKU ba="0,0" sc="198,30,224,-10,364,-10,214,-10" hai0="44,46,49,53" />
</Scene>
<Scene>
<INIT seed="4,1,0,2,2,35" ten="228,214,354,204" oya="0" hai0="134,122,73,106,118,121,123,21,33,130,16,92,98" hai1="22,55,11,15,84,72,50,7,82,107,96,64,68" hai2="63,77,8,6,115,103,43,60,52,24,90,65,25" hai3="91,53,18,45,4,101,75,13,74,10,57,32,66"/><T89/><D118/><U112/><E72/><V28/><F115/><W81/><G32/><T86/><D33/><U108/><E108/><V70/><F43/><W116/><G116/><T117/><D117/><U88/><E112/><V61/><F77/><W128/><G128/><T20/><D130/><U99/><E107/><V105/><F90/><W38/><G101/><T80/><D134/><U54/><E55/><V109/><F109/><W113/><G113/><T111/><D111/><U31/><E64/><V94/><F94/><W83/><G66/><T56/><D56/><U78/><E68/><V76/><F76/><W3/><G45/><T67/><D67/><U49/><E78/><V47/><F25/><W102/><G38/><T9/><D73/><U48/><REACH who="1" step="1"/><E54/><REACH who="1" ten="228,204,354,204" step="2"/><V2/><F52/><W133/><G53/><T95/><D106/><U127/><E127/><V119/><F119/><W79/><G74/><T40/><D40/><U100/><E100/><V132/><F103/><W30/><G102/><T129/><D129/><U27/><AGARI ba="1,1" hai="7,11,15,22,27,31,48,49,50,82,84,88,96,99" machi="27" ten="30,8000,1" yaku="1,1,0,1,8,1,54,1,53,1" doraHai="35" doraHaiUra="26" who="1" fromWho="1" sc="228,-41,204,93,354,-21,204,-21" />
</Scene>
<Scene>
<INIT seed="5,0,0,0,1,6" ten="187,297,333,183" oya="1" hai0="16,133,51,53,31,26,131,89,118,112,36,48,82" hai1="21,59,76,116,28,102,98,32,125,81,18,1,23" hai2="108,123,2,134,57,46,122,85,34,119,69,75,45" hai3="72,13,25,12,58,65,126,7,3,10,87,11,100"/><U61/><E116/><V90/><F69/><W49/><G72/><T91/><D118/><U33/><E1/><V129/><F75/><W71/><G126/><T67/><D36/><U30/><E125/><V110/><F2/><W8/><G71/><T20/><D112/><U135/><E135/><V95/><F119/><W52/><G65/><T105/><D105/><U43/><E43/><V96/><F34/><W42/><G42/><T121/><D133/><U84/><E32/><V111/><F134/><W50/><G3/><T56/><D131/><U77/><E76/><V99/><F129/><W73/><G73/><T92/><D121/><U83/><E83/><V63/><F123/><W5/><G100/><T17/><D67/><U132/><E33/><V19/><F122/><W44/><G25/><T70/><D70/><U130/><E130/><V117/><F117/><W104/><G104/><T22/><D22/><U39/><E23/><V107/><F107/><W38/><G38/><T4/><D4/><N who="3" m="1609" /><G87/><N who="0" m="50423" /><D51/><N who="3" m="19465" /><G44/><T9/><D26/><U128/><E39/><V93/><F111/><W40/><G40/><T24/><D24/><N who="1" m="14391" /><E128/><V124/><F124/><W0/><G0/><T74/><D74/><U79/><E132/><V120/><F120/><W127/><G127/><T29/><D29/><U103/><E28/><V101/><F110/><W113/><G113/><T60/><D31/><U55/><E30/><V15/><F108/><W47/><G47/><T54/><D54/><U97/><E55/><V115/><F115/><W37/><G37/><T94/><D53/><U41/><E41/><V86/><F45/><RYUUKYOKU ba="0,0" sc="187,-10,297,-10,333,-10,183,30" hai3="8,10,11,12,13,52,58" />
</Scene>
<Scene>
<INIT seed="6,1,0,5,2,37" ten="177,287,323,213" oya="2" hai0="107,86,29,90,80,95,78,89,65,75,117,131,101" hai1="50,70,8,85,87,134,119,14,55,6,32,12,76" hai2="4,33,135,104,99,72,0,96,42,24,67,66,130" hai3="128,77,112,106,63,60,22,11,71,36,84,38,114"/><V133/><F72/><W9/><G128/><T52/><D65/><N who="2" m="24586" /><F130/><W43/><G106/><T121/><D131/><U26/><E70/><V91/><F104/><W57/><G71/><T100/><D121/><U73/><E73/><V15/><F0/><W39/><G22/><T68/><D68/><U123/><E119/><V97/><F33/><W62/><G57/><T94/><D29/><U1/><E134/><N who="2" m="51211" /><F24/><W2/><G2/><T31/><D31/><U19/><E123/><V103/><F103/><N who="0" m="39498" /><D52/><U44/><E76/><V98/><F98/><W13/><G77/><T54/><D54/><U49/><E32/><V69/><F69/><W17/><G84/><N who="0" m="52551" /><D117/><U41/><E26/><V102/><F102/><W53/><G53/><T61/><D61/><U120/><E120/><V30/><F30/><W51/><G9/><T3/><D3/><U16/><E1/><V74/><F74/><W56/><G56/><T118/><D118/><U59/><E6/><V122/><F122/><W109/><G109/><T64/><D64/><U113/><E113/><N who="3" m="43626" /><G51/><T129/><D129/><U79/><E79/><V115/><F115/><W88/><G88/><T46/><D46/><AGARI ba="1,0" hai="11,13,17,36,38,39,43,46,60,62,63" m="43626" machi="46" ten="30,3900,0" yaku="15,1,11,1,52,1" doraHai="37" who="3" fromWho="0" sc="177,-42,287,0,323,0,213,42" />
</Scene>
<Scene>
<INIT seed="7,0,0,5,0,76" ten="135,287,323,255" oya="3" hai0="57,124,109,60,59,27,58,18,87,132,51,36,73" hai1="117,7,53,85,34,115,61,119,81,70,74,47,113" hai2="21,97,5,37,91,131,134,42,13,88,103,9,116" hai3="2,112,46,4,17,15,3,25,89,1,54,6,49"/><W69/><G112/><N who="1" m="43082" /><E34/><V39/><F116/><N who="1" m="44617" /><E74/><V35/><F35/><W121/><G121/><T14/><D109/><U55/><E7/><V95/><F5/><W122/><G122/><T0/><D36/><U41/><E61/><V8/><F39/><W67/><G25/><T80/><D132/><U23/><E23/><V106/><F134/><W135/><G135/><T99/><D124/><U19/><E19/><V104/><F21/><W100/><G100/><T65/><D0/><U12/><E12/><V38/><F13/><W24/><G24/><T56/><D73/><U10/><E10/><V90/><F38/><W107/><G107/><T82/><D27/><U26/><E70/><V101/><F9/><W105/><G105/><T16/><D99/><U102/><E102/><V28/><F103/><W71/><G89/><T125/><D125/><U30/><E30/><V68/><F28/><W92/><G92/><T79/><D51/><N who="1" m="27119" /><E26/><V11/><F11/><W128/><G71/><T63/><D63/><U126/><E126/><V118/><F8/><W120/><G120/><T123/><D123/><U83/><E83/><V22/><F118/><W40/><G40/><T114/><D114/><U110/><E110/><V129/><F106/><W62/><REACH who="3" step="1"/><G128/><REACH who="3" ten="135,287,323,245" step="2"/><T94/><D94/><U75/><E75/><V98/><F131/><W96/><G96/><T44/><D82/><U32/><E32/><V43/><F129/><W108/><G108/><T33/><D33/><U127/><E127/><V29/><F98/><W77/><G77/><AGARI ba="0,1" hai="53,55,77,81,85" m="27119,44617,43082" machi="77" ten="30,3900,0" yaku="15,1,12,1,52,1" doraHai="76" who="1" fromWho="3" sc="135,0,287,49,323,0,245,-39" owari="135,-36.0,336,43.0,323,12.0,206,-19.0" />
</Scene>
</mjloggm>