<mjloggm ver="2.3"><GO type="97"/><UN n0="%E3%83%84%E3%83%8A%E3%82%B3%E3%83%AD%E3%83%83%E3%82%B1" n1="%E5%AF%92%E5%9C%92%E8%B3%A6" n2="%E3%81%BE%E3%81%99%E3%81%AE%E3%81%99%E3%81%97" n3="%E5%A4%AA%E3%81%8F%E3%81%AA%E3%81%84%E3%81%8A" dan="13,13,14,15" rate="1821,1856,1932,2069" sx="M,M,M,M"/><TAIKYOKU oya="0"/>

<Scene>
<INIT seed="0,0,0,2,4,125" ten="250,250,250,250" oya="0" hai0="120,126,89,129,104,92,96,108,111,107,15,121,4" hai1="84,116,73,109,122,0,77,60,57,61,25,21,90" hai2="56,83,46,59,131,32,63,93,39,105,7,55,52" hai3="128,36,58,76,97,100,117,51,87,3,67,81,133"/><T99/><D4/><U115/><E0/><V95/><F105/><N who="0" m="40522" /><D15/><U65/><E122/><N who="0" m="47209" /><D126/><U10/><E116/><V34/><F7/><W98/><G117/><T49/><D49/><U62/><E115/><V45/><F83/><W8/><G51/><T44/><D44/><U110/><E10/><V53/><F53/><W24/><G8/><T30/><D30/><U119/><E119/><V35/><F35/><W78/><G58/><T31/><D31/><N who="1" m="17839" /><E77/><V102/><F102/><W40/><G40/><T50/><D50/><U101/><E73/><V114/><F114/><W29/><G29/><T2/><D2/><U94/><E101/><V118/><F118/><W54/><G3/><T23/><D23/><U47/><E47/><V66/><F66/><W17/><G67/><T70/><D70/><U64/><E57/><V68/><F68/><W86/><G24/><T103/><D129/><U130/><E130/><V43/><F43/><W20/><G128/><T27/><D27/><U14/><E14/><V135/><F131/><W37/><G20/><T80/><D80/><U6/><E6/><V22/><F22/><W18/><G81/><T132/><D132/><U19/><E19/><V1/><F1/><W123/><G133/><T42/><D42/><U71/><E71/><V85/><F135/><W13/><G123/><T75/><D75/><U72/><E72/><V106/><F63/><N who="1" m="16129" /><U9/><DORA hai="41" /><E9/><V26/><F26/><W124/><G124/><T113/><D113/><U79/><E79/><V91/><F39/><W5/><G37/><T134/><D134/><U82/><E82/><RYUUKYOKU ba="0,0" sc="250,15,250,15,250,-15,250,-15" hai0="89,92,96,99,103,108,111" hai1="64,65,84,90,94,109,110" />
</Scene>
<Scene>
<INIT seed="0,1,0,1,2,35" ten="265,265,235,235" oya="0" hai0="75,78,62,77,114,98,55,110,34,123,67,76,6" hai1="97,53,56,40,1,121,73,107,92,13,27,21,85" hai2="47,134,64,108,43,109,89,68,14,133,4,57,88" hai3="17,71,125,42,102,111,79,0,104,61,103,130,69"/><T41/><D114/><U112/><E121/><V16/><F4/><W59/><G42/><T22/><D123/><U127/><E112/><V70/><F57/><W87/><G0/><T48/><D34/><U95/><E127/><V106/><F106/><W37/><G37/><T54/><D6/><U93/><E73/><V52/><F64/><W25/><G125/><T84/><D75/><U9/><E40/><V3/><F3/><W129/><G111/><N who="2" m="42569" /><F70/><W100/><G104/><T124/><D124/><U120/><E120/><V113/><F68/><W15/><G25/><T29/><D110/><U32/><E32/><V80/><F80/><N who="3" m="47519" /><G59/><N who="0" m="37343" /><D98/><U83/><E1/><V116/><F116/><W2/><G2/><T45/><D84/><U7/><E107/><V39/><F52/><N who="0" m="20010" /><D78/><U5/><E5/><V105/><F105/><W60/><G71/><T132/><D132/><N who="2" m="50794" /><F113/><W24/><G69/><T90/><D90/><U74/><E74/><V63/><F63/><W19/><G61/><T50/><D50/><U28/><E97/><V51/><F51/><W82/><G60/><T118/><D118/><U91/><E83/><V122/><F122/><W36/><G82/><T26/><AGARI ba="1,0" hai="22,26,29,41,45,48,76,77" m="20010,37343" machi="26" ten="30,3000,0" yaku="8,1,54,1" doraHai="35" who="0" fromWho="0" sc="265,33,265,-11,235,-11,235,-11" />
</Scene>
<Scene>
<INIT seed="0,2,0,1,5,38" ten="298,254,224,224" oya="0" hai0="60,0,74,7,96,24,64,68,29,46,110,81,99" hai1="55,132,73,94,118,126,130,116,51,14,16,80,106" hai2="128,37,121,77,129,103,111,108,67,107,114,35,31" hai3="5,89,12,98,75,115,59,133,76,41,52,25,66"/><T105/><D110/><N who="2" m="42026" /><F121/><W50/><G115/><T112/><D112/><U30/><E106/><V109/><F114/><W18/><G133/><T104/><D46/><U42/><E132/><V39/><F67/><W135/><G135/><T10/><D99/><U79/><E130/><N who="2" m="50283" /><F77/><W102/><G76/><N who="0" m="44183" /><D96/><U90/><E126/><V87/><F87/><W95/><G75/><T13/><D13/><U43/><E30/><V85/><F109/><W34/><G66/><T36/><D36/><U100/><E100/><V26/><F85/><W11/><G34/><AGARI ba="2,0" hai="0,7,10,24,29,34,60,64,68,104,105" m="44183" machi="34" ten="30,2900,0" yaku="33,2" doraHai="38" who="0" fromWho="3" sc="298,35,254,0,224,0,224,-35" />
</Scene>
<Scene>
<INIT seed="0,3,0,5,2,11" ten="333,254,224,189" oya="0" hai0="41,69,10,44,40,39,95,109,5,129,72,100,104" hai1="66,18,49,93,33,131,2,133,116,55,28,105,96" hai2="115,122,47,34,88,14,101,83,124,90,60,23,120" hai3="107,111,76,99,1,123,26,38,30,134,117,135,87"/><T119/><D119/><U36/><E116/><V108/><F115/><W53/><G117/><T17/><D17/><U37/><E131/><V106/><F34/><W57/><G1/><N who="0" m="303" /><D95/><U56/><E133/><N who="3" m="50698" /><G38/><N who="0" m="21527" /><D129/><U67/><E2/><V85/><F108/><W51/><G111/><T82/><D109/><U59/><E105/><V86/><F124/><W7/><G7/><T16/><D16/><U113/><E113/><V64/><F47/><W97/><G107/><T132/><D132/><U62/><E67/><V31/><F101/><W25/><G123/><T52/><D52/><U19/><E37/><V24/><F14/><W74/><G87/><T68/><D41/><U71/><E36/><V114/><F106/><W22/><G26/><T91/><D91/><U50/><E71/><V110/><F110/><W21/><G21/><T6/><D6/><U128/><E128/><V121/><F114/><W35/><G22/><T75/><D39/><U43/><E43/><V45/><F45/><W9/><G9/><T61/><D75/><U89/><REACH who="1" step="1"/><E49/><REACH who="1" ten="333,244,224,189" step="2"/><V92/><REACH who="2" step="1"/><F121/><REACH who="2" ten="333,244,214,189" step="2"/><W103/><G103/><T0/><D100/><U98/><E98/><V8/><F8/><W29/><G97/><T77/><D104/><U70/><E70/><AGARI ba="3,2" hai="23,24,31,60,64,70,83,85,86,88,90,92,120,122" machi="70" ten="30,3900,0" yaku="1,1,7,1,54,1,53,0" doraHai="11" doraHaiUra="130" who="2" fromWho="1" sc="333,0,244,-48,214,68,189,0" />
</Scene>
<Scene>
<INIT seed="1,0,0,1,5,25" ten="333,196,282,189" oya="1" hai0="7,46,74,111,19,45,129,70,109,58,52,40,16" hai1="12,99,5,91,127,49,59,101,98,96,66,29,22" hai2="47,90,85,71,15,118,92,78,18,17,68,26,73" hai3="77,97,114,88,50,57,89,112,106,135,2,62,105"/><U41/><E127/><V94/><F118/><W3/><G77/><T123/><D7/><U23/><E101/><V37/><F73/><W120/><G120/><T95/><D74/><U103/><E103/><V122/><F78/><W126/><G126/><T55/><D123/><U110/><E110/><N who="0" m="41993" /><D129/><U0/><E0/><V32/><F122/><W134/><G50/><N who="0" m="30999" /><D70/><U48/><E91/><N who="3" m="34890" /><G97/><T84/><D95/><U107/><E107/><N who="3" m="40970" /><G57/><T64/><D84/><U35/><E35/><V54/><F94/><W27/><G62/><T43/><D64/><U39/><E39/><V75/><F75/><W67/><G67/><T121/><D55/><U100/><E100/><V10/><F37/><W36/><G36/><N who="0" m="21639" /><D121/><U130/><E130/><V86/><F86/><W102/><G102/><T42/><D42/><U60/><E41/><V61/><F18/><W117/><G117/><T56/><D56/><U132/><E132/><N who="3" m="50730" /><G27/><T128/><D128/><U38/><E38/><AGARI ba="0,0" hai="16,19,38,43,46" m="21639,30999,41993" machi="38" ten="30,3900,0" yaku="14,1,54,2" doraHai="25" who="0" fromWho="1" sc="333,39,196,-39,282,0,189,0" />
</Scene>
<Scene>
<INIT seed="2,0,0,0,1,73" ten="372,157,282,189" oya="2" hai0="134,92,133,135,13,70,39,22,74,103,132,52,128" hai1="120,45,85,83,41,112,125,29,108,131,124,9,5" hai2="21,33,93,6,101,129,20,60,95,109,118,62,40" hai3="14,100,127,30,38,69,130,98,57,23,113,16,104"/><V50/><F118/><W1/><G69/><T90/><D132/><U88/><E112/><V26/><F33/><W67/><G38/><T116/><D116/><U19/><E120/><V58/><F129/><W42/><G130/><T97/><D128/><U55/><E131/><V32/><F6/><W81/><G1/><T17/><D39/><U34/><E108/><V91/><F109/><W54/><G113/><T75/><D70/><U107/><E107/><V119/><F119/><W46/><G127/><N who="1" m="48714" /><E34/><V84/><F32/><W3/><G3/><T7/><D52/><U77/><E29/><V89/><F101/><W59/><G30/><T82/><D7/><U66/><E66/><V122/><F122/><W31/><G31/><T87/><AGARI ba="0,0" hai="13,17,22,74,75,82,87,90,92,97,103,133,134,135" machi="87" ten="40,2700,0" yaku="0,1,20,1" doraHai="73" who="0" fromWho="0" sc="372,27,157,-7,282,-13,189,-7" />
</Scene>
<Scene>
<INIT seed="3,0,0,0,0,46" ten="399,150,269,182" oya="3" hai0="9,101,74,96,60,88,56,17,97,25,30,90,112" hai1="75,68,2,111,48,133,41,76,52,80,98,38,36" hai2="1,4,29,31,12,129,53,82,114,73,10,63,65" hai3="104,107,122,24,91,42,118,110,100,123,89,0,78"/><W106/><G0/><T87/><D112/><U126/><E2/><V67/><F114/><W134/><G24/><T124/><D74/><U19/><E111/><V27/><F129/><W15/><G15/><N who="0" m="7407" /><D124/><U22/><E126/><V20/><F31/><W84/><G42/><T83/><D90/><N who="3" m="34313" /><G118/><T131/><D101/><U69/><E133/><V61/><F73/><W8/><G8/><T127/><D131/><U47/><E98/><N who="0" m="37993" /><D127/><U95/><E95/><V5/><F82/><N who="3" m="47191" /><G100/><T3/><D3/><U116/><E116/><V49/><F1/><W103/><G103/><T64/><D30/><U117/><E117/><V11/><F10/><W72/><G72/><T7/><D7/><U55/><E55/><V43/><F43/><W34/><G34/><T26/><AGARI ba="0,0" hai="25,26,56,60,64,83,87,88" m="37993,7407" machi="26" ten="30,2000,0" yaku="8,1,54,1" doraHai="46" who="0" fromWho="0" sc="399,20,150,-5,269,-5,182,-10" owari="419,52.0,145,-35.0,264,6.0,172,-23.0" />
</Scene>
</mjloggm>