<mjloggm ver="2.3"><GO type="169"/><UN n0="%74%61%72%6F%6F" n1="%E5%A4%AA%E3%81%8F%E3%81%AA%E3%81%84%E3%81%8A" n2="%E3%81%94%E3%81%98%E3%82%83%E3%82%8B" n3="%70%70%67%75%6E" dan="17,17,16,16" rate="2150,2186,2143,2060" sx="M,M,M,M"/><TAIKYOKU oya="0"/>

<Scene>
<INIT seed="0,0,0,2,5,108" ten="250,250,250,250" oya="0" hai0="101,19,13,45,9,86,11,42,113,63,69,94,33" hai1="4,98,134,78,28,29,44,2,107,109,106,31,129" hai2="46,16,82,131,21,59,111,112,23,54,121,17,135" hai3="53,105,123,122,102,90,55,125,87,25,83,70,58"/><T80/><D33/><U96/><E109/><V91/><F111/><W64/><G125/><T75/><D75/><U76/><E44/><V133/><F121/><N who="3" m="46091" /><G70/><T47/><D69/><U114/><E2/><V115/><F46/><W103/><G25/><T61/><D113/><U116/><E4/><V71/><F71/><W35/><G35/><T126/><D126/><U49/><E49/><V10/><F10/><W14/><G14/><T24/><D24/><U43/><E43/><V56/><F131/><W95/><G105/><T72/><D72/><U79/><E116/><V52/><F82/><W41/><G41/><T117/><D9/><U57/><E57/><V119/><F91/><W88/><G64/><T36/><D45/><U93/><E129/><V67/><F67/><W0/><G0/><T26/><D117/><AGARI ba="0,0" hai="16,17,21,23,52,54,56,59,112,115,117,119,133,135" machi="117" ten="25,12000,2" yaku="22,2,52,2,54,2" doraHai="108" who="2" fromWho="0" sc="250,-120,250,0,250,120,250,0" />
</Scene>
<Scene>
<INIT seed="1,0,0,4,2,81" ten="130,250,370,250" oya="1" hai0="5,32,38,132,39,4,54,24,112,101,80,107,55" hai1="103,23,82,2,14,88,121,120,26,133,77,51,20" hai2="7,52,105,27,0,36,37,131,64,99,78,111,118" hai3="127,25,12,49,19,122,34,98,41,102,62,69,130"/><U110/><E2/><V46/><F118/><W42/><G122/><T44/><D112/><U125/><E103/><V91/><F64/><W8/><G127/><T35/><D132/><U73/><E133/><V60/><F78/><W59/><G130/><T119/><D119/><U115/><E115/><V18/><F131/><W83/><G83/><T61/><D107/><U117/><E117/><V58/><F111/><W17/><G49/><T84/><D101/><U53/><E125/><V76/><F76/><W63/><G62/><T65/><D39/><U47/><E110/><V135/><F135/><W75/><G75/><T106/><D106/><U71/><E71/><V100/><F46/><W124/><G124/><T114/><D114/><U10/><E88/><V70/><F70/><W113/><G113/><T96/><D96/><U89/><E89/><V57/><F57/><W97/><G98/><T108/><D108/><U126/><E126/><V13/><F27/><W1/><G1/><T22/><D32/><U6/><REACH who="1" step="1"/><E20/><REACH who="1" ten="130,240,370,250" step="2"/><V40/><F91/><W31/><G69/><T109/><D35/><U21/><E21/><V66/><F0/><W134/><G134/><T68/><D109/><U28/><AGARI ba="0,1" hai="6,10,14,23,26,28,47,51,53,73,77,82,120,121" machi="28" ten="20,3900,0" yaku="1,1,0,1,7,1,53,0" doraHai="81" doraHaiUra="94" who="1" fromWho="1" sc="130,-13,240,49,370,-13,250,-13" />
</Scene>
<Scene>
<INIT seed="1,1,0,1,5,68" ten="117,289,357,237" oya="1" hai0="102,127,4,33,130,47,48,105,86,49,123,77,57" hai1="18,134,106,13,67,51,50,52,93,12,98,24,37" hai2="110,44,99,20,85,73,112,108,19,75,79,29,83" hai3="78,34,81,107,76,39,36,28,1,11,133,95,46"/><U26/><E106/><V21/><F112/><W60/><G133/><T94/><D33/><U38/><E67/><V41/><F99/><W84/><G95/><T62/><D105/><U8/><E134/><V66/><F66/><W63/><G107/><T125/><D4/><U109/><E109/><N who="2" m="42091" /><F29/><W69/><G46/><T115/><D77/><U97/><E93/><V117/><F117/><W111/><G111/><T92/><D115/><U56/><E50/><N who="2" m="26895" /><F20/><W119/><G119/><T135/><D135/><U96/><REACH who="1" step="1"/><E13/><AGARI ba="1,0" hai="13,19,21,73,75,79,83,85" m="26895,42091" machi="13" ten="30,1000,0" yaku="14,1" doraHai="68" who="2" fromWho="1" sc="117,0,289,-13,357,13,237,0" />
</Scene>
<Scene>
<INIT seed="2,0,0,4,5,104" ten="117,276,370,237" oya="2" hai0="103,25,131,70,77,85,126,24,60,29,80,6,21" hai1="37,7,86,61,71,94,28,66,73,67,1,15,124" hai2="130,42,99,68,75,100,108,107,41,120,19,40,17" hai3="39,46,134,81,132,101,92,49,90,43,4,121,113"/><V56/><F68/><W33/><G121/><T116/><D116/><U14/><E73/><V96/><F120/><W65/><G33/><T13/><D126/><U10/><E37/><V36/><F36/><W128/><G128/><T3/><D131/><U5/><E124/><V9/><F130/><W84/><G113/><T2/><D103/><U127/><E127/><V74/><F108/><W117/><G117/><T88/><D70/><U102/><E28/><V110/><F110/><W0/><G65/><T72/><D60/><U118/><E118/><V26/><F99/><W64/><G64/><T87/><D87/><U91/><E67/><V51/><F9/><W133/><G4/><T58/><D58/><U98/><REACH who="1" step="1"/><E7/><REACH who="1" ten="117,266,370,237" step="2"/><V76/><F74/><W62/><G132/><T54/><D54/><U115/><E115/><V82/><REACH who="2" step="1"/><F26/><REACH who="2" ten="117,266,360,237" step="2"/><W8/><G133/><T109/><D109/><U18/><E18/><V38/><F38/><W95/><G39/><T20/><D13/><U57/><E57/><V50/><F50/><W34/><G49/><T59/><D59/><U16/><E16/><V125/><F125/><W30/><G134/><T11/><D6/><U93/><AGARI ba="0,2" hai="1,5,10,14,15,61,66,71,86,91,93,94,98,102" machi="93" ten="20,2700,0" yaku="1,1,0,1,7,1,53,0" doraHai="104" doraHaiUra="135" who="1" fromWho="1" sc="117,-7,266,47,360,-13,237,-7" />
</Scene>
<Scene>
<INIT seed="3,0,0,4,2,91" ten="110,313,347,230" oya="3" hai0="16,48,73,129,10,32,88,89,108,45,51,59,21" hai1="68,46,24,41,71,116,53,115,99,104,28,30,96" hai2="60,90,135,132,33,111,9,65,8,75,69,5,61" hai3="128,98,55,112,72,102,23,67,130,54,1,124,81"/><W37/><G112/><T11/><D32/><U110/><E115/><V0/><F111/><W79/><G37/><T107/><D107/><U103/><E110/><V36/><F36/><W2/><G124/><T97/><D108/><U85/><E116/><V119/><F119/><W80/><G67/><T82/><D129/><N who="3" m="49769" /><G80/><T43/><D73/><U20/><E30/><V95/><F75/><W52/><G23/><T131/><D131/><U19/><E28/><V83/><F33/><W63/><G63/><T15/><D89/><U26/><E26/><V126/><F126/><W49/><G49/><T12/><D12/><U87/><E71/><V40/><F83/><W34/><G34/><T109/><D109/><U7/><E68/><V27/><F40/><W29/><G29/><T94/><D82/><U77/><E53/><AGARI ba="0,0" hai="10,11,15,16,21,43,45,48,51,53,59,88,94,97" machi="53" ten="40,8000,1" yaku="8,1,52,1,54,2" doraHai="91" who="0" fromWho="1" sc="110,80,313,-80,347,0,230,0" />
</Scene>
<Scene>
<INIT seed="4,0,0,1,0,67" ten="190,233,347,230" oya="0" hai0="128,38,14,71,116,99,16,27,63,9,29,85,127" hai1="44,86,93,74,77,26,105,103,95,31,90,84,79" hai2="2,129,5,117,92,45,111,36,123,134,18,83,12" hai3="24,23,107,70,121,62,42,72,112,94,3,48,104"/><T25/><D38/><U58/><E44/><V66/><F111/><W124/><G72/><T110/><D116/><U75/><E58/><V108/><F108/><W98/><G3/><T49/><D110/><U37/><E37/><V50/><F123/><W100/><G121/><T115/><D115/><U13/><E13/><V126/><F36/><W89/><G112/><T59/><D127/><U11/><E11/><V28/><F28/><W109/><G109/><T8/><D128/><U101/><E26/><N who="0" m="9737" /><D71/><U81/><E31/><V15/><F129/><W55/><G124/><T10/><D29/><U91/><E105/><V46/><F2/><W64/><G42/><T47/><D99/><U113/><E113/><V133/><F117/><W30/><REACH who="3" step="1"/><G100/><REACH who="3" ten="190,233,347,220" step="2"/><T96/><D96/><U40/><E40/><V65/><F126/><W7/><G7/><T60/><D85/><U88/><E90/><V17/><F5/><W106/><G106/><T20/><D59/><AGARI ba="0,1" hai="23,24,30,48,55,59,62,64,70,89,94,98,104,107" machi="59" ten="30,7700,0" yaku="1,1,7,1,52,1,53,1" doraHai="67" doraHaiUra="19" who="3" fromWho="0" sc="190,-77,233,0,347,0,220,87" />
</Scene>
<Scene>
<INIT seed="5,0,0,0,3,131" ten="113,233,347,307" oya="1" hai0="5,43,64,24,66,57,19,44,125,21,81,128,36" hai1="132,82,14,1,130,111,60,4,87,75,127,79,58" hai2="11,38,80,13,74,40,29,117,120,110,109,96,47" hai3="51,92,18,114,107,3,10,86,71,77,25,20,42"/><U134/><E130/><V48/><F117/><W69/><G107/><T39/><D128/><U94/><E127/><V8/><F120/><W35/><G35/><T100/><D125/><U126/><E126/><V65/><F29/><W45/><G114/><T84/><D100/><U46/><E111/><V116/><F116/><W68/><G69/><T17/><D36/><U7/><E1/><V59/><F96/><W50/><G51/><T122/><D122/><U12/><E46/><V89/><F8/><W115/><G115/><T123/><D123/><U2/><E2/><V105/><F105/><W73/><G73/><T63/><D5/><N who="1" m="2123" /><E94/><V93/><F80/><W106/><G106/><T56/><D17/><U33/><E33/><V88/><F74/><W113/><G113/><T101/><D101/><U9/><E9/><V91/><F93/><W54/><G10/><T61/><D81/><U90/><E79/><V15/><F11/><W98/><G3/><T34/><D34/><U6/><E75/><V62/><F38/><W22/><G20/><T16/><REACH who="0" step="1"/><D84/><REACH who="0" ten="103,233,347,307" step="2"/><U28/><E6/><V30/><F110/><W53/><G86/><T97/><D97/><U133/><E28/><V37/><F109/><W32/><G18/><T0/><D0/><U85/><E87/><V118/><F118/><W129/><G98/><T108/><D108/><U52/><AGARI ba="0,1" hai="12,14,52,58,60,82,85,90,132,133,134" m="2123" machi="52" ten="40,12000,1" yaku="20,1,52,3,54,1" doraHai="131" who="1" fromWho="1" sc="103,-40,233,130,347,-40,307,-40" />
</Scene>
<Scene>
<INIT seed="5,1,0,0,2,110" ten="63,363,307,267" oya="1" hai0="106,75,52,41,86,35,56,83,43,84,124,92,104" hai1="85,55,135,34,111,88,37,119,126,33,48,17,116" hai2="6,45,122,50,15,65,5,31,114,32,1,22,107" hai3="14,68,103,60,8,61,113,90,46,109,80,91,27"/><U47/><E111/><V95/><F107/><W2/><G109/><T129/><D35/><U7/><E135/><V115/><F122/><W100/><G2/><T63/><D129/><U58/><E126/><V57/><F32/><W87/><G68/><T0/><D0/><U123/><E123/><V131/><F131/><W40/><G113/><N who="2" m="43017" /><F1/><W69/><G69/><T78/><D124/><U134/><E134/><V121/><F121/><W64/><G27/><T89/><D84/><U25/><E7/><V3/><F3/><W117/><G90/><T67/><D104/><U38/><E34/><V72/><F72/><W4/><G117/><T81/><D81/><U62/><E116/><V42/><F95/><W93/><G93/><T51/><REACH who="0" step="1"/><D106/><REACH who="0" ten="53,363,307,267" step="2"/><U18/><E119/><V53/><F65/><W16/><G64/><T20/><D20/><U28/><E37/><N who="2" m="21711" /><F31/><W11/><G80/><T105/><D105/><U30/><E30/><V59/><F59/><AGARI ba="1,1" hai="41,43,51,52,56,59,63,67,75,78,83,86,89,92" machi="59" ten="30,7700,0" yaku="1,1,7,1,54,1,53,1" doraHai="110" doraHaiUra="49" who="0" fromWho="2" sc="53,90,363,0,307,-80,267,0" />
</Scene>
<Scene>
<INIT seed="6,0,0,4,4,4" ten="143,363,227,267" oya="2" hai0="47,84,46,101,102,72,14,25,61,13,69,133,29" hai1="64,44,40,75,77,98,107,41,73,31,79,21,87" hai2="7,28,52,48,54,116,56,117,12,85,123,134,27" hai3="9,110,18,97,105,113,0,120,51,67,6,126,63"/><V19/><F123/><W57/><G120/><T62/><D72/><U78/><E64/><V106/><F106/><W88/><G110/><T43/><D133/><U22/><E87/><V129/><F134/><W20/><G126/><T37/><D47/><U90/><E90/><V32/><F129/><W5/><G113/><T119/><D119/><U58/><E58/><V109/><F109/><W74/><G74/><T95/><D102/><U121/><E121/><V115/><F115/><W1/><G6/><T104/><D62/><U38/><E41/><V131/><F131/><W118/><G118/><T68/><D69/><U30/><E75/><V86/><F7/><W49/><G0/><T35/><D95/><U42/><E42/><V80/><F54/><W91/><G91/><T70/><D84/><U82/><E30/><V34/><F34/><W36/><G36/><T114/><D68/><U16/><E31/><V60/><F60/><W53/><G53/><T71/><D71/><U100/><E22/><V132/><F132/><W130/><G130/><T23/><D23/><U59/><E59/><V83/><F86/><W92/><REACH who="3" step="1"/><G105/><REACH who="3" ten="143,363,227,257" step="2"/><T111/><D111/><U3/><E3/><V26/><F83/><W122/><G122/><T24/><D114/><U99/><E107/><V65/><F65/><W66/><G66/><N who="0" m="41295" /><D25/><AGARI ba="0,1" hai="1,5,9,18,20,25,49,51,57,63,67,88,92,97" machi="25" ten="30,8000,1" yaku="1,1,7,1,52,1,54,1,53,1" doraHai="4" doraHaiUra="55" who="3" fromWho="0" sc="143,-80,363,0,227,0,257,90" />
</Scene>
<Scene>
<INIT seed="7,0,0,2,4,41" ten="63,363,227,347" oya="3" hai0="54,65,49,32,78,59,22,80,91,15,83,13,14" hai1="26,110,8,88,20,55,107,9,66,124,108,57,44" hai2="50,79,126,47,103,111,131,43,120,130,87,70,4" hai3="135,60,71,74,116,95,72,128,61,106,86,84,37"/><W58/><G116/><T40/><D32/><U46/><E107/><V134/><F70/><W30/><G37/><T90/><D65/><U77/><E124/><V98/><F111/><W127/><G106/><T102/><D102/><U31/><E77/><V19/><F120/><W69/><G127/><T99/><D99/><U29/><E66/><V11/><F126/><W112/><G112/><T123/><D123/><U129/><E129/><V53/><F134/><W109/><G128/><T52/><D40/><U97/><E110/><V100/><F19/><W104/><G104/><T76/><D22/><U115/><E108/><V67/><F67/><W114/><G109/><T2/><D2/><U73/><E73/><V82/><F103/><W118/><G114/><T45/><D59/><U48/><E31/><V33/><F33/><W93/><G135/><T1/><D1/><U18/><E115/><V42/><F42/><W10/><G58/><T101/><D101/><U133/><E133/><V132/><F132/><W68/><G30/><T21/><D21/><U62/><E29/><V16/><F53/><W125/><G125/><T81/><REACH who="0" step="1"/><D54/><REACH who="0" ten="53,363,227,347" step="2"/><N who="1" m="29975" /><E44/><V38/><F131/><W7/><G71/><T64/><D64/><U12/><E26/><V56/><F130/><W85/><G10/><T34/><D34/><U24/><E24/><V35/><F35/><W122/><G122/><T94/><D94/><AGARI ba="0,1" hai="8,9,12,18,20,55,57,62,88,94,97" m="29975" machi="94" ten="30,3900,0" yaku="8,1,52,1,54,1" doraHai="41" who="1" fromWho="0" sc="53,-39,363,49,227,0,347,0" owari="14,-49.0,412,51.0,227,-17.0,347,15.0" />
</Scene>
</mjloggm>