<mjloggm ver="2.3"><GO type="97"/><UN n0="%E6%9C%9D%E6%AF%94%E5%A5%88%E3%81%BF%E3%81%8F%E3%82%8B" n1="%E3%81%97%E3%82%85%E3%82%8F%E3%81%97%E3%82%85%E3%82%8F" n2="%E5%A4%AA%E3%81%8F%E3%81%AA%E3%81%84%E3%81%8A" n3="%E6%9C%89%E2%98%86%E9%A0%82%E5%A4%A9" dan="14,14,13,13" rate="1938,1954,1982,1899" sx="F,M,M,M"/><TAIKYOKU oya="0"/>

<Scene>
<INIT seed="0,0,0,3,1,117" ten="250,250,250,250" oya="0" hai0="102,72,86,6,65,71,18,8,58,64,47,125,129" hai1="23,67,90,78,80,77,101,68,115,32,85,123,50" hai2="121,134,66,132,28,13,113,5,126,114,57,100,31" hai3="104,12,49,52,0,131,95,127,51,93,119,122,42"/><T26/><D71/><U79/><E115/><N who="2" m="44043" /><F100/><W74/><G74/><T89/><D72/><U81/><E32/><V17/><F66/><W133/><G133/><N who="2" m="51305" /><F57/><W39/><G119/><T34/><D47/><U48/><E68/><V53/><F53/><W76/><G76/><T25/><D125/><U83/><E67/><V103/><F103/><W55/><G0/><T22/><D102/><U70/><E70/><V7/><F126/><W21/><G131/><T56/><D129/><U120/><E101/><V15/><F121/><W43/><G127/><T60/><D34/><U36/><E36/><V108/><F108/><W112/><G104/><T19/><D86/><U106/><E106/><V40/><F40/><W128/><G112/><T37/><D89/><U4/><E120/><V10/><F7/><W94/><G122/><T44/><D44/><U62/><E123/><V1/><F1/><W30/><G39/><T59/><D37/><U38/><E4/><V46/><F46/><W27/><G128/><T3/><REACH who="0" step="1"/><D65/><REACH who="0" ten="240,250,250,250" step="2"/><U130/><E38/><V2/><F2/><W29/><G43/><T61/><D61/><U135/><E62/><V99/><F99/><W109/><G42/><T75/><D75/><U41/><E135/><V87/><F87/><W111/><G111/><T9/><D9/><AGARI ba="0,1" hai="5,9,10,13,15,17,28,31" m="51305,44043" machi="9" ten="30,3900,0" yaku="20,1,34,2" doraHai="117" who="2" fromWho="0" sc="240,-39,250,0,250,49,250,0" />
</Scene>
<Scene>
<INIT seed="1,0,0,4,1,135" ten="201,250,299,250" oya="1" hai0="62,10,26,74,30,134,59,43,14,13,103,94,9" hai1="55,27,48,116,102,98,8,90,37,126,99,29,65" hai2="97,118,45,15,130,32,60,34,33,12,78,129,3" hai3="54,131,121,123,119,24,85,19,31,67,57,6,23"/><U111/><E37/><V17/><F118/><W18/><G119/><T11/><D74/><U76/><E116/><V61/><F3/><W4/><G131/><N who="2" m="50185" /><F78/><W52/><G121/><T112/><D134/><U113/><E113/><V49/><F97/><W40/><G123/><T1/><D1/><U128/><E128/><V20/><F12/><W73/><G40/><AGARI ba="0,0" hai="15,17,20,32,33,34,40,45,49,60,61" m="50185" machi="40" ten="40,1300,0" yaku="19,1" doraHai="135" who="2" fromWho="3" sc="201,0,250,0,299,13,250,-13" />
</Scene>
<Scene>
<INIT seed="2,0,0,0,5,131" ten="201,250,312,237" oya="2" hai0="81,96,108,59,98,86,66,104,52,118,124,132,53" hai1="117,23,123,34,4,10,32,120,89,116,113,50,2" hai2="76,18,103,45,46,14,36,67,49,112,43,51,39" hai3="3,28,11,77,88,71,62,29,100,127,85,87,64"/><V22/><F112/><W30/><G127/><T60/><D108/><U90/><E113/><V107/><F67/><W82/><G100/><T0/><D0/><U95/><E117/><V63/><F76/><W70/><G3/><T26/><D132/><U48/><E116/><V7/><F7/><W122/><G122/><N who="1" m="46634" /><E23/><V75/><F75/><W12/><G71/><T130/><D124/><U37/><E37/><V68/><F68/><W106/><G106/><T83/><D118/><U5/><E5/><V133/><F63/><W101/><G101/><T115/><D115/><U21/><E21/><V13/><F13/><W110/><G110/><T15/><D130/><U128/><E128/><V93/><F107/><W114/><G114/><T129/><D129/><U40/><E40/><V94/><F133/><W17/><REACH who="3" step="1"/><G30/><REACH who="3" ten="201,250,312,227" step="2"/><T58/><D104/><U97/><E90/><V31/><F31/><W1/><G1/><T102/><D102/><U42/><E42/><V25/><F103/><W56/><G56/><T27/><D66/><U54/><E54/><V99/><F43/><W61/><G61/><T119/><D119/><U20/><E20/><V38/><F22/><W109/><G109/><T33/><D60/><U135/><E135/><V134/><F134/><W69/><G69/><T44/><D44/><U57/><E57/><V79/><F46/><W47/><G47/><T80/><D59/><U9/><E9/><V19/><F45/><W72/><G72/><T126/><D58/><U8/><E8/><N who="2" m="6471" /><F38/><W74/><G74/><T65/><D126/><U91/><E91/><V41/><F39/><RYUUKYOKU ba="0,1" sc="201,-15,250,15,312,-15,227,15" hai1="2,4,10,32,34,48,50,89,95,97" hai3="11,12,17,28,29,62,64,70,77,82,85,87,88" />
</Scene>
<Scene>
<INIT seed="3,1,1,5,4,37" ten="186,265,297,242" oya="3" hai0="66,60,102,98,19,81,28,133,16,46,35,69,64" hai1="105,128,5,52,121,107,58,87,24,68,17,93,134" hai2="7,82,86,65,94,130,67,112,109,39,106,44,111" hai3="103,85,20,89,51,132,31,80,29,34,71,8,113"/><W110/><G71/><T6/><D66/><N who="2" m="25098" /><F106/><W126/><G113/><T59/><D59/><U48/><E68/><V27/><F112/><W91/><G126/><T13/><D133/><U14/><E121/><V15/><F130/><W120/><G120/><T97/><D81/><U104/><E128/><V61/><F61/><W49/><G132/><T63/><D63/><U101/><E134/><V116/><F27/><W41/><G34/><T96/><D46/><U56/><E5/><V77/><F94/><W135/><G135/><T0/><D0/><U118/><E118/><V1/><F1/><W11/><G103/><T55/><D55/><U75/><E75/><V124/><F124/><W73/><G73/><T117/><D117/><U57/><E87/><V23/><F23/><W123/><G110/><N who="2" m="41993" /><F116/><W25/><G123/><T72/><D72/><U10/><REACH who="1" step="1"/><E24/><REACH who="1" ten="186,255,297,242" step="2"/><V95/><F7/><W129/><G31/><T18/><D28/><U131/><E131/><V90/><F15/><W3/><G129/><T119/><D119/><U26/><E26/><V4/><F4/><W42/><G3/><T92/><REACH who="0" step="1"/><D35/><REACH who="0" ten="176,255,297,242" step="2"/><U99/><AGARI ba="1,3" hai="10,14,17,48,52,56,57,58,93,99,101,104,105,107" machi="99" ten="40,5200,0" yaku="1,1,0,1,54,1,53,0" doraHai="37" doraHaiUra="22" who="1" fromWho="1" sc="176,-14,255,85,297,-14,242,-27" owari="162,-34.0,340,44.0,283,8.0,215,-18.0" />
</Scene>
</mjloggm>