<mjloggm ver="2.3"><GO type="169" lobby="0"/><UN n0="%E3%81%A7%E3%81%93%E3%81%98" n1="%50%6F%6E%74%61" n2="%41%70%70%6C%65%2A" n3="%E5%A4%AA%E3%81%8F%E3%81%AA%E3%81%84%E3%81%8A" dan="17,16,16,18" rate="2142.73,2124.10,2060.46,2241.85" sx="M,M,M,F"/><TAIKYOKU oya="0"/>

<Scene>
<INIT seed="0,0,0,4,4,79" ten="250,250,250,250" oya="0" hai0="3,36,113,127,133,67,85,105,110,5,46,129,64" hai1="68,39,27,58,35,25,0,80,86,117,51,94,8" hai2="76,122,61,31,52,101,18,81,16,87,53,96,119" hai3="95,75,99,102,33,66,9,50,7,77,103,11,55"/><T114/><D85/><U125/><E117/><V88/><F119/><W91/><G33/><T98/><D98/><U54/><E125/><V135/><F122/><W109/><G109/><T116/><D64/><U10/><E68/><V24/><F76/><W60/><G75/><T83/><D46/><U23/><E35/><V65/><F135/><W12/><G77/><T59/><D59/><U4/><E39/><V42/><F42/><W20/><G20/><T38/><D67/><U2/><E94/><V1/><F1/><W106/><G106/><T78/><D83/><U89/><E23/><V134/><F134/><W107/><G107/><T111/><D78/><U62/><REACH who="1" step="1"/><E62/><REACH who="1" ten="250,240,250,250" step="2"/><V43/><F31/><W29/><G29/><T93/><D93/><U28/><E28/><V71/><F43/><W30/><G30/><T34/><D38/><U112/><E112/><V73/><F73/><W120/><G120/><T104/><D114/><U45/><E45/><V108/><F108/><W15/><G60/><T56/><D110/><U74/><E74/><V90/><F90/><W40/><G40/><T47/><D47/><U124/><E124/><V126/><F126/><W121/><G121/><T17/><D113/><U72/><E72/><V13/><F24/><W49/><G91/><T118/><D127/><U21/><E21/><V123/><F123/><W130/><G102/><T97/><D111/><U14/><E14/><V100/><F100/><W92/><G15/><T22/><D116/><U26/><E26/><V115/><F115/><W57/><G12/><T70/><D118/><U63/><E63/><RYUUKYOKU ba="0,1" sc="250,-10,240,30,250,-10,250,-10" hai1="0,2,4,8,10,25,27,51,54,58,80,86,89" />
</Scene>
<Scene>
<INIT seed="1,1,1,2,1,33" ten="240,270,240,240" oya="1" hai0="83,55,113,73,82,22,27,45,32,77,101,66,28" hai1="89,119,25,94,84,49,123,105,121,21,7,112,98" hai2="111,10,60,127,11,2,63,54,88,6,117,35,124" hai3="9,57,44,53,17,99,20,67,34,42,8,131,52"/><U39/><E119/><V0/><F35/><W91/><G34/><T18/><D113/><U4/><E112/><V58/><F117/><W15/><G131/><T41/><D66/><U92/><E105/><V87/><F111/><W108/><G108/><T116/><D116/><U115/><E115/><V106/><F63/><W36/><G67/><T3/><D101/><U75/><E75/><V29/><F29/><W47/><G47/><T90/><D55/><U72/><E72/><V62/><F62/><W43/><G43/><T134/><D134/><U74/><E74/><V24/><F24/><W95/><REACH who="3" step="1"/><G53/><REACH who="3" ten="240,270,240,230" step="2"/><T81/><D45/><U13/><E121/><V125/><F106/><W120/><G120/><T130/><D41/><U65/><E65/><V86/><F88/><W23/><G23/><T103/><D130/><U100/><E123/><V56/><F56/><W118/><G118/><T135/><D90/><U133/><E21/><V96/><F96/><W109/><G109/><T71/><D32/><U70/><E89/><V64/><F64/><W129/><G129/><T80/><D22/><U38/><E98/><V114/><F114/><W128/><G128/><T104/><D73/><U30/><E100/><V126/><F126/><W79/><G79/><T12/><D77/><U16/><E70/><V97/><F97/><W48/><AGARI ba="1,2" hai="8,9,15,17,20,36,42,44,48,52,57,91,95,99" machi="48" ten="20,8000,1" yaku="1,1,0,1,7,1,54,1,53,1" doraHai="33" doraHaiUra="14" who="3" fromWho="3" sc="240,-21,270,-41,240,-21,230,103" />
</Scene>
<Scene>
<INIT seed="2,0,0,3,2,88" ten="219,229,219,333" oya="2" hai0="83,80,104,115,91,66,124,54,135,11,35,53,32" hai1="117,13,105,86,85,37,18,40,20,90,110,39,81" hai2="89,12,45,134,99,28,27,55,47,25,4,51,79" hai3="106,36,87,17,38,24,131,69,111,0,100,23,103"/><V101/><F134/><W74/><G74/><T122/><D115/><U61/><E117/><V41/><F79/><W5/><G69/><T112/><D112/><U68/><E110/><V116/><F116/><W126/><G111/><T107/><D91/><U92/><E105/><V70/><F70/><W9/><G131/><T123/><D11/><U2/><E2/><V114/><F114/><W75/><G75/><T10/><D10/><U132/><E132/><V56/><F89/><W73/><G73/><T77/><D135/><U6/><E6/><V65/><F4/><W95/><G126/><T57/><D57/><U121/><E121/><V97/><F12/><W58/><G87/><T71/><D71/><U72/><E72/><V130/><F130/><W50/><G106/><T46/><D77/><U78/><REACH who="1" step="1"/><E40/><REACH who="1" ten="219,219,219,333" step="2"/><V129/><F129/><W94/><G0/><T16/><D124/><U31/><E31/><V34/><F41/><W125/><G125/><T42/><D42/><U43/><E43/><V21/><F28/><W102/><G36/><T22/><D16/><U19/><E19/><V3/><F3/><W133/><G38/><T109/><D109/><U64/><AGARI ba="0,1" hai="13,18,20,37,39,61,64,68,78,81,85,86,90,92" machi="64" ten="30,4000,0" yaku="1,1,0,1,52,1,53,0" doraHai="88" doraHaiUra="98" who="1" fromWho="1" sc="219,-10,219,50,219,-20,333,-10" />
</Scene>
<Scene>
<INIT seed="3,0,0,4,4,78" ten="209,269,199,323" oya="3" hai0="26,21,128,100,70,19,42,56,17,54,105,51,80" hai1="121,16,122,47,132,134,24,39,30,84,96,129,33" hai2="101,120,18,102,37,107,118,135,57,104,71,1,83" hai3="86,55,40,76,93,10,52,106,13,131,15,99,98"/><W119/><G119/><T48/><D70/><U116/><E116/><V133/><F118/><W125/><G125/><T95/><D128/><U29/><E129/><V36/><F71/><W110/><G131/><T53/><D105/><U85/><E30/><V4/><F4/><W72/><G40/><T77/><D42/><N who="1" m="23007" /><E96/><V94/><F1/><W97/><G106/><T25/><D95/><U27/><E85/><V73/><F94/><W75/><G110/><T38/><D38/><U81/><E27/><V127/><F57/><W49/><G55/><T61/><D100/><U114/><E16/><V12/><F18/><W90/><G76/><T126/><D126/><U34/><E33/><V124/><F12/><W68/><G68/><T11/><D11/><U28/><E28/><V130/><F130/><W87/><G87/><N who="0" m="48527" /><D54/><U43/><E43/><V50/><F50/><N who="0" m="18986" /><D19/><U22/><E34/><V9/><F9/><W58/><REACH who="3" step="1"/><G10/><REACH who="3" ten="209,269,199,313" step="2"/><T66/><D53/><U62/><E121/><V103/><F120/><W74/><AGARI ba="0,1" hai="13,15,49,52,58,72,74,75,86,90,93,97,98,99" machi="74" ten="40,18000,2" yaku="1,1,2,1,0,1,54,1,53,2" doraHai="78" doraHaiUra="8" who="3" fromWho="3" sc="209,-60,269,-60,199,-60,313,190" />
</Scene>
<Scene>
<INIT seed="3,1,0,1,2,11" ten="149,209,139,503" oya="3" hai0="82,126,56,0,132,96,47,16,66,125,107,48,42" hai1="8,23,41,133,6,104,122,26,119,52,1,110,109" hai2="54,17,105,12,106,7,40,31,29,39,83,57,100" hai3="33,108,70,69,128,135,73,28,20,103,102,43,53"/><W38/><G73/><T78/><D0/><U90/><E104/><V24/><F7/><W75/><G75/><T35/><D35/><U67/><E122/><V22/><F100/><W99/><G33/><T34/><D34/><U71/><E133/><V2/><F2/><W9/><G102/><N who="0" m="62919" /><D132/><U21/><E119/><V94/><F94/><W74/><G74/><N who="0" m="43351" /><D56/><U130/><E41/><V37/><F83/><W45/><G53/><T4/><D4/><U68/><E23/><V25/><F40/><W81/><G20/><T95/><D66/><U63/><E68/><V46/><F46/><W129/><G45/><T77/><D77/><U76/><E76/><V114/><F25/><W121/><G135/><T15/><D95/><U80/><E52/><V101/><F31/><W10/><G28/><T127/><D16/><U87/><E26/><V118/><F118/><W91/><G69/><T113/><D113/><U123/><E21/><V79/><F79/><W131/><G70/><T120/><D120/><U60/><E123/><V49/><F114/><W117/><G121/><T30/><D30/><U18/><E18/><V84/><F106/><W58/><G117/><T5/><D5/><U112/><E112/><V72/><F72/><W98/><G58/><T65/><D65/><U62/><E67/><V61/><F61/><W92/><G92/><T97/><D97/><U134/><E134/><V50/><F29/><W32/><G99/><T116/><D116/><U51/><E71/><V27/><F105/><W115/><G115/><T55/><D42/><U14/><E63/><V13/><F57/><RYUUKYOKU ba="1,0" sc="149,30,209,-10,139,-10,503,-10" hai0="15,47,48,55,125,126,127" />
</Scene>
<Scene>
<INIT seed="4,2,0,3,3,61" ten="179,199,129,493" oya="0" hai0="42,9,108,127,30,48,107,135,24,7,11,28,0" hai1="78,83,49,54,117,110,84,25,81,115,100,123,130" hai2="82,40,86,103,33,70,85,94,126,119,132,76,22" hai3="34,80,124,60,38,14,109,88,35,26,91,55,75"/><T128/><D107/><U104/><E123/><V133/><F33/><W64/><G109/><T131/><D108/><U51/><E117/><V67/><F40/><W63/><G38/><T106/><D106/><U5/><E110/><V57/><F70/><W27/><G124/><T39/><D39/><U6/><E130/><N who="0" m="49705" /><D127/><U46/><E115/><V23/><F126/><W113/><G14/><T99/><D99/><U37/><E37/><V129/><F129/><W18/><G55/><T13/><D48/><U53/><E25/><V52/><F119/><W73/><G80/><T20/><D42/><U47/><E83/><V121/><F121/><W62/><G113/><T79/><D79/><U96/><AGARI ba="2,0" hai="5,6,46,47,49,51,53,54,78,81,84,96,100,104" machi="96" ten="30,2000,0" yaku="0,1,9,1" doraHai="61" who="1" fromWho="1" sc="179,-12,199,26,129,-7,493,-7" />
</Scene>
<Scene>
<INIT seed="5,0,0,2,3,37" ten="167,225,122,486" oya="1" hai0="86,60,116,12,14,64,22,88,9,20,35,123,84" hai1="18,92,111,38,122,73,49,81,90,71,0,113,23" hai2="108,130,126,24,114,48,4,3,75,105,107,77,134" hai3="40,66,102,63,129,59,27,69,26,83,85,55,36"/><U61/><E122/><V125/><F108/><W58/><G129/><T1/><D123/><U6/><E38/><V46/><F130/><W124/><G124/><N who="2" m="47721" /><F3/><W96/><G58/><T109/><D35/><U110/><E113/><V76/><F4/><W80/><G36/><T131/><D109/><N who="1" m="41483" /><E49/><V94/><F24/><W106/><G40/><T34/><D34/><U62/><E71/><V98/><F134/><W43/><G43/><T121/><D131/><U99/><E6/><V65/><F65/><W103/><G103/><T32/><D121/><U115/><E0/><V10/><F10/><W87/><G87/><T68/><D32/><U104/><E104/><N who="2" m="40011" /><F48/><W133/><G133/><T100/><D116/><U39/><E39/><V89/><F46/><W21/><G85/><T128/><D128/><U79/><E115/><V44/><F44/><W17/><G27/><AGARI ba="0,0" hai="18,23,27,61,62,73,79,81,90,92,99" m="41483" machi="27" ten="30,1500,0" yaku="10,1" doraHai="37" who="1" fromWho="3" sc="167,0,225,15,122,0,486,-15" />
</Scene>
<Scene>
<INIT seed="5,1,0,3,0,125" ten="167,240,122,471" oya="1" hai0="30,43,119,52,105,132,95,80,63,1,56,74,131" hai1="19,49,13,35,27,7,47,34,111,37,99,98,22" hai2="122,44,109,83,127,118,106,54,84,96,24,114,6" hai3="21,93,130,41,82,124,112,36,38,18,123,45,81"/><U20/><E37/><V78/><F109/><W69/><G123/><T16/><D119/><U23/><E111/><V133/><F118/><W126/><G69/><T39/><D105/><U86/><E22/><V97/><F122/><W108/><G108/><T120/><D120/><U90/><E35/><V79/><F127/><N who="3" m="48683" /><G130/><T121/><D121/><U46/><E34/><V116/><F116/><W88/><G38/><T29/><D132/><U77/><E77/><V66/><F133/><W61/><G61/><T85/><D1/><U26/><E47/><V72/><F66/><W100/><G100/><T12/><D131/><U117/><E117/><V2/><F78/><W11/><G11/><T94/><D74/><U60/><E60/><V15/><F2/><W14/><G112/><T75/><D75/><U4/><E7/><V57/><F106/><W8/><G8/><N who="0" m="6151" /><D43/><U134/><E134/><V92/><F114/><W40/><G41/><T31/><D39/><U55/><E4/><V107/><F107/><W65/><G65/><T71/><D71/><U62/><E62/><N who="2" m="36151" /><F72/><W17/><G17/><T73/><D73/><U89/><E89/><AGARI ba="1,0" hai="29,30,31,52,56,63,80,85,89,94,95" m="6151" machi="89" ten="30,3900,0" yaku="8,1,54,2" doraHai="125" who="0" fromWho="1" sc="167,42,240,-42,122,0,471,0" />
</Scene>
<Scene>
<INIT seed="6,0,0,5,2,17" ten="209,198,122,471" oya="2" hai0="92,77,126,62,132,117,107,65,54,51,89,124,24" hai1="61,73,46,43,97,29,122,22,12,133,96,6,130" hai2="84,55,71,67,53,104,0,10,88,18,94,101,110" hai3="50,108,36,113,37,31,74,21,100,85,57,49,38"/><V25/><F110/><W40/><G74/><T103/><D132/><U98/><E133/><V58/><F71/><W4/><G108/><T19/><D77/><U120/><E130/><V44/><F0/><W66/><G4/><T48/><D117/><U47/><E73/><V116/><F116/><W32/><G32/><T56/><D103/><U34/><E34/><V83/><F104/><W5/><G5/><T8/><D107/><U20/><E61/><N who="2" m="38327" /><F44/><N who="1" m="16937" /><E43/><V7/><F7/><W28/><G85/><T13/><D24/><U2/><E2/><V16/><F10/><W115/><G40/><T90/><D51/><U135/><E135/><V76/><F101/><W114/><G100/><T119/><D119/><U112/><E112/><V109/><F109/><W3/><G3/><T11/><D11/><N who="1" m="4215" /><E29/><V78/><F78/><W106/><G106/><T27/><D124/><U125/><E125/><V95/><F95/><W26/><G31/><T45/><D126/><U63/><E63/><AGARI ba="0,0" hai="21,26,28,36,37,38,49,50,57,63,66,113,114,115" machi="63" ten="50,6400,0" yaku="15,1,11,1,52,1" doraHai="17" who="3" fromWho="1" sc="209,0,198,-64,122,0,471,64" />
</Scene>
<Scene>
<INIT seed="7,0,0,0,4,70" ten="209,134,122,535" oya="3" hai0="24,30,29,131,126,54,132,97,129,134,53,8,85" hai1="33,18,27,135,58,112,60,51,72,49,74,98,65" hai2="11,128,133,106,16,32,111,25,7,52,13,0,77" hai3="44,124,64,59,41,35,23,102,120,110,123,105,75"/><W89/><G23/><N who="0" m="15519" /><D30/><U119/><E112/><V45/><F106/><W50/><G59/><T19/><D97/><U100/><E135/><N who="0" m="51753" /><D85/><U20/><E33/><V37/><F133/><W3/><G41/><T116/><D116/><U28/><E119/><V80/><F111/><W86/><G44/><T99/><D99/><U103/><E18/><V115/><F115/><W79/><G50/><N who="1" m="18954" /><E103/><V71/><F71/><W121/><G89/><T104/><D104/><U68/><E68/><V42/><F52/><N who="0" m="20074" /><D126/><U127/><E127/><V118/><F118/><W114/><G3/><T78/><D78/><U2/><E2/><V38/><F38/><W76/><G64/><T9/><D19/><U125/><E125/><V22/><F128/><AGARI ba="0,0" hai="8,9,128,129,131" m="20074,51753,15519" machi="128" ten="30,3900,0" yaku="19,1,20,1,54,1" doraHai="70" who="0" fromWho="2" sc="209,39,134,0,122,-39,535,0" owari="248,5.0,134,-27.0,83,-42.0,535,64.0" />
</Scene>
</mjloggm>