<mjloggm ver="2.3"><GO type="193"/><UN n0="%73%61%77%61%64%65%65" n1="%E5%A4%AA%E3%81%8F%E3%81%AA%E3%81%84%E3%81%8A" n2="%73%31%32%34" n3="%32%34%30%31%36" dan="11,4,12,12" rate="1579,1594,1698,1848" sx="M,M,M,M"/><TAIKYOKU oya="0"/>

<Scene>
<INIT seed="0,0,0,1,2,98" ten="250,250,250,250" oya="0" hai0="133,95,101,7,109,11,22,2,30,63,111,104,27" hai1="21,117,54,52,31,96,26,128,83,76,45,99,102" hai2="92,37,72,48,66,19,4,73,41,84,115,127,49" hai3="61,74,68,118,67,131,97,5,33,32,39,9,23"/><T25/><D63/><U122/><E122/><V28/><F115/><W125/><G118/><T29/><D104/><U65/><E117/><V16/><F127/><W13/><G74/><T112/><D112/><U130/><E65/><V85/><F28/><W42/><G125/><T119/><D119/><U62/><E45/><V123/><F123/><W53/><G131/><N who="1" m="50218" /><E62/><V17/><F4/><W51/><G97/><N who="1" m="37450" /><E102/><V20/><F66/><W120/><G120/><T70/><D133/><U89/><E89/><V77/><F77/><W88/><G88/><T110/><D95/><U50/><E50/><V91/><F37/><W94/><G94/><T1/><D70/><U103/><E103/><V126/><F126/><W10/><G10/><T12/><REACH who="0" step="1"/><D101/><REACH who="0" ten="240,250,250,250" step="2"/><U69/><E69/><V24/><F85/><AGARI ba="0,1" hai="21,26,31,52,54,76,83,85" m="37450,50218" machi="85" ten="30,2000,0" yaku="19,1,54,1" doraHai="98" who="1" fromWho="2" sc="240,0,250,30,250,-20,250,0" />
</Scene>
<Scene>
<INIT seed="1,0,0,0,3,122" ten="240,280,230,250" oya="1" hai0="47,92,65,28,2,115,75,130,32,108,101,14,53" hai1="134,84,54,105,83,22,70,107,106,6,40,126,118" hai2="49,50,9,135,63,117,127,119,97,26,59,46,98" hai3="13,124,112,19,31,120,79,93,41,121,110,16,3"/><U29/><E118/><V91/><F135/><W48/><G112/><T109/><D115/><U12/><E70/><V74/><F74/><W95/><G110/><N who="0" m="42603" /><D75/><U37/><E134/><V80/><F127/><W66/><G3/><T103/><D2/><U39/><E40/><V4/><F26/><W67/><G124/><T77/><D65/><U113/><E113/><V114/><F114/><W96/><G79/><T42/><D14/><U128/><E128/><V131/><F131/><W76/><G76/><T82/><D130/><U36/><E126/><V56/><F80/><W85/><G31/><T78/><D32/><U129/><E129/><V102/><F91/><W17/><G13/><T94/><D28/><U133/><E133/><V24/><F24/><W7/><G7/><T60/><D60/><U86/><E29/><V132/><F132/><W27/><G27/><T45/><D53/><U71/><E71/><V20/><F63/><W33/><G33/><T25/><D25/><U90/><E54/><V35/><F35/><W38/><G38/><N who="0" m="21719" /><D77/><U64/><E64/><V69/><F69/><W99/><G85/><N who="0" m="48343" /><D47/><U0/><E0/><V30/><F46/><W57/><G121/><T44/><D44/><U34/><E34/><V123/><F123/><W81/><G120/><T18/><D18/><N who="1" m="10567" /><E6/><V68/><F4/><W58/><G19/><T10/><D10/><U111/><E111/><V125/><F125/><W87/><G17/><T51/><D51/><U11/><E11/><V52/><F9/><W62/><G48/><T72/><D72/><U15/><E15/><V43/><F50/><RYUUKYOKU ba="0,0" sc="240,15,280,15,230,-15,250,-15" hai0="92,94,101,103" hai1="36,37,39,83,84,86,90,105,106,107" />
</Scene>
<Scene>
<INIT seed="1,1,0,1,1,60" ten="255,295,215,235" oya="1" hai0="68,36,22,2,113,130,24,7,55,3,45,59,40" hai1="122,12,111,123,50,134,8,19,66,9,82,39,48" hai2="75,92,70,69,56,26,131,80,37,135,85,116,117" hai3="16,105,1,101,63,14,42,104,125,78,49,10,93"/><U31/><E39/><V4/><F37/><W43/><G125/><T72/><D113/><U54/><E134/><V6/><F135/><W133/><G133/><T128/><D72/><U115/><E115/><V41/><F131/><N who="0" m="50218" /><D7/><U96/><E111/><V17/><F75/><W87/><G1/><T132/><D68/><U74/><E31/><V46/><F56/><W110/><G110/><T65/><D132/><U90/><E66/><V30/><F92/><W120/><G120/><T91/><D91/><U71/><E71/><V129/><F17/><W52/><G63/><N who="0" m="38143" /><D55/><U99/><E74/><V47/><F129/><W35/><G35/><T79/><D79/><U76/><E76/><V11/><F70/><W119/><G119/><T94/><D94/><U18/><E82/><V77/><F6/><W121/><G121/><T33/><D33/><U86/><E90/><V62/><F69/><W32/><G32/><T127/><D127/><U126/><E126/><V109/><F109/><W95/><G105/><T97/><D97/><U53/><E86/><V83/><F83/><W108/><G108/><T21/><D21/><U27/><E12/><N who="2" m="5223" /><F46/><W58/><G104/><T106/><D106/><U103/><E103/><V124/><F124/><W73/><G73/><T20/><D20/><U81/><E81/><V98/><F98/><W100/><G95/><T114/><D114/><U5/><E5/><V84/><F84/><W112/><G112/><T25/><D25/><AGARI ba="1,0" hai="8,9,18,19,25,27,48,50,53,54,96,99,122,123" machi="25" ten="25,2400,0" yaku="22,2" doraHai="60" who="1" fromWho="0" sc="255,-27,295,27,215,0,235,0" />
</Scene>
<Scene>
<INIT seed="1,2,0,4,3,129" ten="228,322,215,235" oya="1" hai0="48,99,30,12,126,56,112,88,25,109,104,61,18" hai1="119,60,37,122,6,20,91,58,42,127,11,31,4" hai2="132,76,110,23,49,98,106,103,125,52,68,26,130" hai3="65,47,81,32,2,86,15,111,13,74,21,115,105"/><U84/><E122/><V95/><F130/><W107/><G115/><T41/><D112/><U120/><E120/><V96/><F125/><W135/><G111/><T39/><D126/><U101/><E119/><V38/><F110/><W16/><G2/><T85/><D109/><U67/><E127/><V70/><F38/><W43/><G135/><T24/><D104/><U102/><E37/><V133/><F76/><W72/><G65/><T64/><D39/><U83/><E42/><V114/><F114/><W1/><G1/><T17/><D99/><U28/><E4/><V57/><F98/><W22/><G32/><T8/><D30/><N who="1" m="11307" /><E20/><V46/><F46/><W93/><G93/><T123/><D123/><U71/><E71/><V29/><REACH who="2" step="1"/><F106/><REACH who="2" ten="228,322,205,235" step="2"/><W63/><G107/><T73/><D73/><U10/><E6/><V40/><F40/><W55/><G105/><T36/><D36/><U34/><E34/><V117/><F117/><W94/><G94/><N who="0" m="54543" /><D18/><U121/><E121/><V14/><F14/><W3/><G3/><T0/><D0/><U66/><E66/><V87/><F87/><W124/><G124/><T97/><D97/><U27/><E27/><V116/><F116/><W7/><G13/><T51/><D41/><U131/><E131/><V75/><F75/><W59/><G74/><T19/><D19/><U128/><E128/><V35/><F35/><W77/><G72/><T78/><D78/><U50/><E84/><V33/><F33/><W100/><G7/><T118/><D118/><U80/><E80/><V90/><F90/><W62/><G86/><T89/><D89/><RYUUKYOKU ba="2,1" sc="228,15,322,-15,205,15,235,-15" hai0="8,12,17,24,25,48,51,56,61,64" hai2="23,26,29,49,52,57,68,70,95,96,103,132,133" />
</Scene>
<Scene>
<INIT seed="2,3,1,1,5,101" ten="243,307,220,220" oya="2" hai0="133,131,26,12,75,64,48,22,62,24,66,33,30" hai1="4,63,18,39,68,51,31,41,10,115,52,72,104" hai2="25,112,127,108,16,103,38,111,27,102,14,109,120" hai3="44,36,95,70,11,56,0,5,96,117,55,49,114"/><V65/><F112/><W61/><G117/><T74/><D75/><U134/><E72/><V122/><F38/><W73/><G73/><T46/><D74/><U6/><E115/><V35/><F127/><W128/><G128/><T132/><D131/><U91/><E31/><V121/><F65/><W113/><G113/><T60/><D12/><N who="1" m="7447" /><E104/><V88/><F88/><W37/><G114/><T17/><D133/><U45/><E91/><V40/><F40/><W90/><G70/><T32/><D132/><U82/><E82/><V135/><F135/><W21/><G21/><T20/><D66/><AGARI ba="3,1" hai="0,5,11,36,37,44,49,55,56,61,66,90,95,96" machi="66" ten="30,1000,0" yaku="7,1" doraHai="101" who="3" fromWho="0" sc="243,-19,307,0,220,0,220,29" />
</Scene>
<Scene>
<INIT seed="3,0,0,3,3,107" ten="224,307,220,249" oya="3" hai0="127,117,56,90,1,53,99,75,65,123,92,23,113" hai1="4,62,13,80,121,85,72,95,67,42,32,3,59" hai2="48,11,109,79,10,58,7,73,108,132,12,125,128" hai3="6,15,68,38,112,17,100,36,40,50,87,37,106"/><W22/><G112/><T93/><D117/><U24/><E121/><V71/><F71/><W51/><G68/><T133/><D113/><U26/><E3/><V39/><F39/><W78/><G106/><T46/><D123/><U20/><E32/><V83/><F132/><W21/><G100/><T122/><D122/><U97/><E72/><V34/><F34/><W102/><G102/><T57/><D133/><U110/><E110/><N who="2" m="42603" /><F125/><W126/><G126/><T118/><D127/><U114/><E114/><V28/><F28/><W25/><G6/><T70/><D118/><U104/><E104/><V116/><F116/><W101/><G101/><T91/><D1/><U31/><E42/><V124/><F124/><W84/><G84/><T105/><D46/><U76/><E26/><V77/><F128/><W14/><G14/><T120/><D120/><U66/><E66/><V86/><F73/><W103/><G103/><T98/><D105/><U82/><E82/><V2/><F48/><W60/><G60/><T130/><D130/><U134/><E134/><V131/><F58/><W29/><REACH who="3" step="1"/><G40/><REACH who="3" ten="224,307,220,239" step="2"/><T96/><D70/><U74/><E74/><N who="2" m="43447" /><F131/><W16/><G16/><T47/><D75/><U64/><E4/><N who="2" m="1303" /><F86/><W111/><G111/><T52/><D65/><N who="1" m="39135" /><E13/><V18/><F18/><W27/><G27/><T45/><REACH who="0" step="1"/><D99/><REACH who="0" ten="214,307,220,239" step="2"/><U115/><E115/><V61/><F79/><W5/><G5/><T30/><D30/><U0/><E0/><V55/><F61/><W35/><G35/><T135/><D135/><U89/><AGARI ba="0,2" hai="20,24,31,64,67,76,80,85,89,95,97" m="39135" machi="89" ten="30,1100,0" yaku="8,1" doraHai="107" who="1" fromWho="1" sc="214,-3,307,31,220,-3,239,-5" owari="211,-29.0,338,44.0,217,-18.0,234,3.0" />
</Scene>
</mjloggm>