<mjloggm ver="2.3"><GO type="169"/><UN n0="%E5%A4%AA%E3%81%8F%E3%81%AA%E3%81%84%E3%81%8A" n1="%E3%81%8F%E3%82%89%E3%81%8F%E3%82%89" n2="%E3%81%8D%E3%81%BE%E3%81%99" n3="%E3%81%A1%E3%81%8F%E3%81%8D" dan="16,16,16,18" rate="2075,2089,2092,2182" sx="M,M,M,M"/><TAIKYOKU oya="0"/>

<Scene>
<INIT seed="0,0,0,5,2,56" ten="250,250,250,250" oya="0" hai0="98,1,96,89,112,83,91,120,37,12,19,53,73" hai1="119,4,38,122,11,15,23,40,5,50,59,6,14" hai2="84,104,77,25,13,101,10,74,57,0,35,86,115" hai3="16,27,100,43,90,2,111,107,65,9,128,130,49"/><T26/><D120/><U44/><E122/><V113/><F0/><W72/><G72/><T54/><D112/><U28/><E119/><V69/><F69/><W108/><G65/><T116/><D116/><U78/><E38/><V106/><F74/><W110/><G90/><N who="0" m="34315" /><D1/><U55/><E78/><V118/><F118/><W47/><G2/><T51/><D37/><U123/><E123/><V45/><F45/><W121/><G121/><T134/><D73/><U18/><REACH who="1" step="1"/><E28/><REACH who="1" ten="250,240,250,250" step="2"/><V61/><F113/><W103/><G110/><T48/><D134/><U46/><E46/><V126/><F115/><W52/><G108/><T95/><D98/><U71/><E71/><V3/><F77/><W29/><G111/><T102/><D83/><U93/><E93/><V31/><F104/><W80/><G107/><T82/><D82/><U79/><E79/><V109/><F109/><W117/><G80/><T17/><D95/><U97/><E97/><V85/><F106/><W124/><G117/><T22/><D96/><U58/><E58/><V68/><F68/><W7/><G47/><T21/><D102/><U33/><E33/><V81/><F101/><W129/><G103/><T32/><D32/><U30/><E30/><V39/><F81/><W70/><G100/><T42/><D42/><U24/><E24/><V127/><F39/><W131/><G130/><T41/><D41/><U75/><E75/><V132/><F31/><W8/><G131/><T63/><D26/><U64/><E64/><V125/><F25/><W133/><G129/><T88/><D88/><U76/><E76/><V34/><F35/><RYUUKYOKU ba="0,1" sc="250,-10,240,30,250,-10,250,-10" hai1="4,5,6,11,14,15,18,23,40,44,50,55,59" />
</Scene>
<Scene>
<INIT seed="1,1,1,4,0,16" ten="240,270,240,240" oya="1" hai0="27,18,10,54,1,98,99,3,111,41,45,17,49" hai1="26,118,82,122,61,43,92,51,46,107,117,104,133" hai2="132,76,69,70,125,87,28,60,38,93,119,97,105" hai3="15,12,50,68,135,108,8,40,116,2,63,14,4"/><U65/><E122/><V114/><F38/><W66/><G108/><T47/><D111/><U52/><E133/><V9/><F119/><W106/><G106/><T134/><D134/><U110/><E82/><V86/><F132/><W7/><G135/><T83/><D83/><U48/><E92/><V121/><F121/><W79/><G116/><N who="1" m="44650" /><E26/><V6/><F105/><W21/><G79/><T84/><D84/><U24/><E24/><V88/><F28/><W102/><G102/><T123/><D123/><U25/><E25/><V71/><F60/><W126/><G7/><T58/><D27/><U75/><E75/><V64/><F64/><W44/><REACH who="3" step="1"/><G126/><REACH who="3" ten="240,270,240,230" step="2"/><T37/><D1/><U29/><E107/><V100/><F125/><W94/><G94/><T115/><D3/><U56/><E104/><V5/><F5/><W78/><G78/><T31/><D18/><AGARI ba="1,2" hai="2,4,8,12,14,15,18,21,40,44,50,63,66,68" machi="18" ten="40,5200,0" yaku="1,1,52,1,53,1" doraHai="16" doraHaiUra="0" who="3" fromWho="0" sc="240,-55,270,0,240,0,230,75" />
</Scene>
<Scene>
<INIT seed="2,0,0,2,2,121" ten="185,270,240,305" oya="2" hai0="88,13,105,26,25,14,73,106,7,0,135,49,51" hai1="5,2,75,133,47,72,98,100,58,87,8,94,80" hai2="118,38,70,125,40,65,130,95,132,66,50,33,30" hai3="60,36,53,18,64,27,52,92,35,109,62,32,96"/><V115/><F118/><W77/><G36/><T102/><D73/><U123/><E133/><V69/><F115/><W12/><G77/><T110/><D135/><U45/><E123/><V34/><F95/><W86/><G86/><T44/><D0/><U28/><E28/><V61/><F132/><W39/><G39/><T57/><D102/><U78/><E75/><V29/><F125/><W131/><G131/><T46/><D57/><U85/><E85/><V101/><F101/><W4/><G4/><T10/><D7/><U15/><E2/><V16/><F130/><W20/><G109/><T76/><D76/><U21/><E21/><V81/><F81/><W134/><G134/><T84/><D84/><U19/><E5/><V3/><F3/><W116/><G116/><T54/><D10/><U128/><E128/><V68/><F38/><W122/><G122/><T1/><D1/><U55/><REACH who="1" step="1"/><E72/><REACH who="1" ten="185,260,240,305" step="2"/><V37/><F30/><W104/><G32/><T89/><D54/><U108/><E108/><AGARI ba="0,1" hai="13,14,25,26,44,46,49,51,88,89,105,106,108,110" machi="108" ten="25,8000,1" yaku="22,2,52,2,54,1" doraHai="121" who="0" fromWho="1" sc="185,90,260,-80,240,0,305,0" />
</Scene>
<Scene>
<INIT seed="3,0,0,3,0,72" ten="275,180,240,305" oya="3" hai0="50,78,83,119,82,55,120,127,110,48,57,44,9" hai1="85,43,118,3,46,125,134,116,84,71,66,124,129" hai2="40,27,10,13,52,121,17,75,21,28,89,68,30" hai3="37,123,53,6,51,0,29,94,63,61,111,101,131"/><W70/><G123/><T95/><D120/><U7/><E7/><V39/><F121/><W109/><G29/><T122/><D122/><U91/><E3/><V41/><F68/><W99/><G37/><T74/><D119/><N who="1" m="45611" /><E91/><V5/><F75/><W112/><G112/><T135/><D110/><N who="3" m="41993" /><G131/><T2/><D127/><N who="1" m="48715" /><E85/><V108/><F39/><W103/><G103/><T33/><D33/><U80/><E129/><V34/><F89/><W56/><G70/><T107/><D107/><U97/><E97/><V64/><F64/><W4/><G4/><T106/><D106/><U115/><E115/><V18/><F108/><W38/><G38/><T54/><D135/><U20/><E20/><V26/><REACH who="2" step="1"/><F52/><REACH who="2" ten="275,180,230,305" step="2"/><W69/><G69/><T90/><D74/><U79/><E134/><V126/><F126/><W60/><G63/><T65/><D65/><U11/><E71/><V96/><F96/><W77/><G61/><T36/><D36/><N who="1" m="21863" /><E66/><V35/><F35/><W12/><G99/><T22/><D90/><U15/><E15/><V93/><F93/><W88/><G94/><T130/><D95/><U86/><E86/><V117/><F117/><W24/><G12/><T133/><D130/><U73/><E84/><V42/><AGARI ba="0,1" hai="5,10,13,17,18,21,26,27,28,30,34,40,41,42" machi="42" ten="30,2000,0" yaku="1,1,0,1,53,0" doraHai="72" doraHaiUra="105" who="2" fromWho="2" sc="275,-5,180,-5,230,30,305,-10" />
</Scene>
<Scene>
<INIT seed="4,0,0,5,3,63" ten="270,175,260,295" oya="0" hai0="42,36,127,27,61,46,81,133,108,13,112,53,117" hai1="0,40,85,52,118,31,59,17,97,89,24,2,68" hai2="92,76,34,98,5,45,123,86,119,72,29,44,39" hai3="90,88,125,6,73,83,99,103,49,101,130,10,15"/><T11/><D117/><U20/><E68/><V69/><F123/><W22/><G130/><T67/><D112/><U66/><E40/><V9/><F69/><W115/><G115/><T70/><D133/><U71/><E118/><V48/><F119/><W74/><G125/><T35/><D127/><U124/><E124/><V94/><F72/><W84/><G74/><T41/><D108/><U65/><E97/><V104/><F104/><W25/><G73/><T32/><D42/><U96/><E96/><V106/><F106/><W38/><G38/><T21/><D81/><U75/><E75/><V4/><F4/><W60/><G49/><T56/><D21/><U110/><E110/><V47/><F39/><W132/><G132/><T51/><D27/><U113/><E113/><V102/><F29/><W78/><G60/><T82/><D82/><U105/><E105/><V122/><F34/><W100/><REACH who="3" step="1"/><G99/><REACH who="3" ten="270,175,260,285" step="2"/><T7/><AGARI ba="0,1" hai="7,11,13,32,35,36,41,46,51,53,56,61,67,70" machi="7" ten="20,12000,1" yaku="0,1,7,1,24,2,52,1" doraHai="63" who="0" fromWho="0" sc="270,130,175,-40,260,-40,285,-40" />
</Scene>
<Scene>
<INIT seed="4,1,0,2,2,17" ten="400,135,220,245" oya="0" hai0="71,107,106,6,49,10,76,59,94,82,19,67,105" hai1="87,75,122,31,43,32,7,117,112,27,88,119,92" hai2="12,77,1,134,83,11,109,14,28,123,3,30,58" hai3="126,63,15,69,96,51,127,36,61,135,8,131,99"/><T128/><D128/><U79/><E122/><V84/><F123/><W54/><G36/><T114/><D114/><U93/><E43/><V60/><F109/><W115/><G115/><T118/><D118/><U24/><E7/><V9/><F134/><W111/><G111/><T62/><D94/><U100/><E112/><V101/><F101/><W78/><G78/><T95/><D95/><U53/><E53/><V39/><F39/><W130/><G96/><T133/><D133/><U89/><E100/><V44/><F44/><N who="3" m="28007" /><G99/><T66/><D19/><U35/><E79/><V46/><F46/><W41/><G41/><T102/><D102/><U72/><E87/><V37/><F37/><W29/><G29/><AGARI ba="1,0" hai="24,27,29,31,32,35,72,75,88,89,92,93,117,119" machi="29" ten="25,3200,0" yaku="22,2,54,1" doraHai="17" who="1" fromWho="3" sc="400,0,135,35,220,0,245,-35" />
</Scene>
<Scene>
<INIT seed="5,0,0,1,5,48" ten="400,170,220,210" oya="1" hai0="21,24,51,110,25,87,0,75,36,133,37,86,58" hai1="34,91,59,74,14,126,40,41,12,3,2,42,72" hai2="32,85,104,57,39,112,52,23,115,93,81,116,63" hai3="17,122,113,129,80,101,94,53,108,47,83,5,20"/><U22/><E34/><V135/><F32/><W131/><G108/><T50/><D75/><U8/><E126/><V121/><F121/><W46/><G5/><T124/><D0/><U92/><E59/><V66/><F39/><W102/><G122/><T107/><D107/><U45/><E22/><V105/><F135/><W44/><G113/><N who="2" m="43593" /><F93/><W33/><G33/><T31/><D110/><U15/><E45/><V130/><F130/><N who="3" m="49675" /><G53/><T16/><D133/><U9/><E92/><V68/><F23/><W54/><G54/><N who="0" m="32087" /><D37/><U62/><E91/><N who="2" m="51631" /><F116/><W127/><G127/><T56/><D36/><U114/><E62/><AGARI ba="0,0" hai="52,57,62,63,66,68,104,105" m="51631,43593" machi="62" ten="30,7700,0" yaku="15,1,11,1,52,1,54,1" doraHai="48" who="2" fromWho="1" sc="400,0,170,-77,220,77,210,0" />
</Scene>
<Scene>
<INIT seed="6,0,0,2,4,132" ten="400,93,297,210" oya="2" hai0="135,40,66,85,19,134,122,101,106,36,124,21,108" hai1="104,49,64,105,6,68,32,13,89,48,113,130,131" hai2="94,112,97,17,88,45,44,78,41,29,18,71,25" hai3="81,91,59,118,79,125,2,11,5,74,37,114,98"/><V128/><F71/><W120/><G120/><T123/><D108/><U93/><E32/><V38/><F112/><W80/><G118/><T3/><D3/><U102/><E113/><V116/><F128/><W117/><G117/><T103/><D66/><U95/><E64/><V7/><F7/><W63/><G114/><T42/><D85/><U9/><E68/><V99/><F78/><W58/><G37/><T77/><D77/><U53/><E102/><N who="0" m="38921" /><D106/><U86/><E105/><V73/><F99/><W39/><G39/><T96/><D96/><U26/><E104/><V47/><F73/><W43/><G43/><N who="0" m="16427" /><D36/><U52/><E131/><V76/><F76/><W82/><G74/><T16/><D124/><U33/><E130/><V31/><F116/><W121/><G125/><T24/><D19/><U4/><E33/><V129/><F129/><W34/><G34/><T12/><D24/><U55/><E26/><V70/><F70/><W20/><G79/><T75/><D75/><U46/><E95/><V107/><F107/><W61/><G121/><T83/><D83/><U115/><E115/><V23/><F17/><W84/><G98/><T133/><AGARI ba="0,0" hai="12,16,21,122,123,133,134,135" m="16427,38921" machi="133" ten="40,2700,0" yaku="20,1,54,1" doraHai="132" who="0" fromWho="0" sc="400,27,93,-7,297,-13,210,-7" />
</Scene>
<Scene>
<INIT seed="7,0,0,1,5,63" ten="427,86,284,203" oya="3" hai0="21,117,29,33,127,130,76,84,48,87,134,126,2" hai1="107,132,39,101,83,79,43,98,67,129,69,24,102" hai2="1,72,6,27,116,112,119,32,114,111,89,70,11" hai3="38,82,118,45,85,59,97,34,13,115,110,56,61"/><W66/><G34/><T46/><D117/><U124/><E124/><N who="0" m="47657" /><D2/><U77/><E77/><V125/><F70/><W8/><G118/><T104/><D104/><U18/><E129/><V91/><F125/><W35/><G35/><T122/><D122/><U94/><E132/><V49/><F111/><W41/><G110/><T42/><D33/><U62/><E102/><V10/><F72/><W16/><G97/><T90/><D130/><U20/><E107/><V128/><F128/><W108/><G108/><T113/><D134/><U30/><E39/><V120/><F11/><W73/><G73/><T78/><D113/><N who="2" m="43626" /><F120/><W81/><G115/><T19/><D29/><U65/><E43/><V7/><F7/><W12/><G85/><N who="0" m="32843" /><D90/><N who="2" m="34314" /><F49/><W105/><G105/><T54/><D42/><U86/><E18/><V14/><F14/><AGARI ba="0,0" hai="14,19,21,46,48,54,76,78" m="32843,47657" machi="14" ten="30,1000,0" yaku="18,1" doraHai="63" who="0" fromWho="2" sc="427,10,86,0,284,-10,203,0" owari="437,54.0,86,-41.0,274,7.0,203,-20.0" />
</Scene>
</mjloggm>