<mjloggm ver="2.3"><GO type="41"/><UN n0="%E3%81%97%E3%82%85%E3%81%86%E3%83%BC%E3%80%82" n1="%E5%A4%AA%E3%81%8F%E3%81%AA%E3%81%84%E3%81%8A" n2="%E3%81%A4%E3%81%8D%E3%81%AE%E3%81%AD%E3%81%93" n3="%62%61%68%61%6D%75%74" dan="19,13,14,14" rate="2134,1975,1973,1821" sx="M,M,M,M"/><TAIKYOKU oya="0"/>

<Scene>
<INIT seed="0,0,0,3,2,76" ten="250,250,250,250" oya="0" hai0="119,72,16,102,85,74,38,46,48,110,107,114,68" hai1="18,71,73,29,21,60,19,108,90,91,22,0,62" hai2="106,61,101,125,105,112,78,121,3,133,50,39,5" hai3="82,111,95,131,42,127,126,55,77,86,123,132,130"/><T44/><D119/><U11/><E73/><V67/><F121/><W23/><G123/><T36/><D114/><U1/><E108/><V58/><F112/><W4/><G111/><T52/><D110/><U81/><E29/><V79/><F39/><W13/><G42/><T65/><D107/><U109/><E109/><V128/><F128/><N who="3" m="49195" /><G55/><T57/><D102/><U40/><E40/><V104/><F133/><W120/><G120/><T70/><D85/><U93/><E93/><V30/><F30/><W2/><G2/><T17/><D65/><U6/><E71/><V116/><F125/><N who="3" m="47627" /><G95/><T34/><D57/><U129/><E129/><V32/><F32/><W27/><G13/><T24/><D48/><U43/><E43/><V96/><F50/><W54/><G54/><T84/><D84/><U113/><E113/><V99/><F106/><W69/><G4/><T80/><D52/><U89/><E0/><V63/><F5/><W92/><G69/><T45/><D45/><U26/><REACH who="1" step="1"/><E81/><REACH who="1" ten="250,240,250,250" step="2"/><V53/><F3/><W64/><G92/><T25/><D34/><U103/><E103/><V124/><F124/><W15/><G132/><T75/><D74/><U12/><AGARI ba="0,1" hai="1,6,11,12,18,19,21,22,26,60,62,89,90,91" machi="12" ten="30,8000,1" yaku="1,1,0,1,53,3" doraHai="76" doraHaiUra="87" who="1" fromWho="1" sc="250,-40,240,90,250,-20,250,-20" />
</Scene>
<Scene>
<INIT seed="1,0,0,4,1,102" ten="210,330,230,230" oya="1" hai0="1,29,55,38,109,42,82,87,112,23,126,81,92" hai1="7,95,61,125,77,72,9,98,26,46,11,71,22" hai2="108,73,117,33,123,105,113,127,27,122,93,66,35" hai3="32,24,114,15,36,74,119,39,48,13,96,12,18"/><U2/><E125/><V17/><F66/><W49/><G114/><T25/><D112/><U120/><E120/><V116/><F93/><W107/><G74/><T14/><D1/><U106/><E46/><V8/><F73/><W131/><G131/><T10/><D126/><U54/><E11/><V40/><F40/><W79/><G79/><T70/><D70/><U100/><E72/><V64/><F64/><W45/><G119/><T20/><D109/><U78/><E95/><V31/><F105/><W83/><G83/><T0/><D0/><U133/><E133/><V110/><F127/><W3/><G3/><T59/><D38/><U69/><E69/><V99/><F35/><W4/><G4/><T58/><D42/><U63/><E63/><V104/><F99/><W65/><G65/><T57/><D20/><U103/><E103/><V34/><F104/><W85/><G85/><T128/><D128/><U130/><E130/><V94/><F94/><W41/><G39/><T118/><D118/><N who="2" m="45674" /><F34/><W124/><G124/><T134/><D134/><U30/><REACH who="1" step="1"/><E71/><REACH who="1" ten="210,320,230,230" step="2"/><V86/><F113/><W115/><G115/><T50/><D92/><U5/><E5/><V101/><F101/><W60/><G60/><T28/><D82/><U51/><E51/><V37/><F86/><W80/><G49/><T111/><D87/><U97/><E97/><V53/><F37/><W121/><G36/><T135/><D81/><U56/><AGARI ba="0,1" hai="2,7,9,22,26,30,54,56,61,77,78,98,100,106" machi="56" ten="30,6000,0" yaku="1,1,0,1,52,1,53,0" doraHai="102" doraHaiUra="90" who="1" fromWho="1" sc="210,-20,320,70,230,-20,230,-20" />
</Scene>
<Scene>
<INIT seed="1,1,0,5,5,86" ten="190,390,210,210" oya="1" hai0="11,94,107,83,24,19,87,132,103,28,10,45,41" hai1="105,60,127,88,46,62,63,125,114,108,59,99,3" hai2="42,4,43,20,115,134,27,7,116,58,64,120,128" hai3="74,16,40,123,104,95,65,75,110,32,119,113,118"/><U35/><E114/><V71/><F116/><N who="3" m="44587" /><G113/><T126/><D107/><U12/><E3/><V76/><F120/><W68/><G104/><T66/><D66/><U2/><E2/><V55/><F115/><W31/><G123/><T50/><D132/><U69/><E35/><V15/><F128/><W133/><G40/><T5/><D19/><U57/><E69/><V85/><F64/><W77/><G133/><T130/><D126/><N who="1" m="48139" /><E108/><V53/><F71/><W92/><G110/><T51/><D51/><U21/><E46/><V34/><F55/><W106/><G106/><T80/><D130/><U124/><E124/><V48/><F34/><W121/><G121/><T38/><D38/><U37/><E37/><V13/><F134/><W129/><G129/><T96/><D83/><U36/><E36/><V117/><F117/><W79/><G32/><T30/><D24/><U23/><E105/><V25/><F25/><W39/><G39/><T29/><REACH who="0" step="1"/><D5/><REACH who="0" ten="180,390,210,210" step="2"/><U131/><E131/><V82/><F4/><W8/><G31/><T6/><D6/><U90/><E62/><V78/><F7/><W9/><G65/><T84/><D84/><U47/><E63/><V61/><F61/><W70/><G74/><T91/><AGARI ba="1,1" hai="10,11,28,29,30,41,45,50,80,87,91,94,96,103" machi="91" ten="30,8000,1" yaku="1,1,0,1,8,1,52,1,53,1" doraHai="86" doraHaiUra="93" who="0" fromWho="0" sc="180,93,390,-41,210,-21,210,-21" />
</Scene>
<Scene>
<INIT seed="2,0,0,4,4,56" ten="273,349,189,189" oya="2" hai0="117,72,135,59,10,11,111,90,25,67,5,97,104" hai1="9,132,125,0,30,109,70,95,78,49,116,133,76" hai2="22,122,66,2,48,65,36,103,86,126,134,85,105" hai3="51,16,119,54,19,52,50,1,110,41,81,100,92"/><V130/><F36/><W73/><G119/><T21/><D117/><U107/><E116/><V124/><F2/><W115/><G1/><T4/><D72/><U13/><E107/><V6/><F122/><W23/><G110/><T53/><D111/><U106/><E106/><V123/><F123/><W93/><G115/><T61/><D135/><N who="1" m="51787" /><E125/><N who="2" m="48235" /><F134/><W40/><G73/><T26/><D104/><U75/><E70/><V69/><F6/><N who="0" m="2666" /><D67/><N who="2" m="25610" /><F69/><W94/><G81/><T129/><D26/><U63/><E109/><V34/><F34/><W12/><G100/><T27/><D25/><U99/><E0/><V47/><F22/><W114/><G114/><T62/><D62/><U128/><E63/><V101/><F130/><W38/><G38/><T98/><D129/><U15/><E128/><V118/><F118/><W102/><G102/><N who="2" m="38921" /><F105/><W87/><G87/><T43/><D43/><AGARI ba="0,0" hai="43,47,48,85,86" m="38921,25610,48235" machi="43" ten="30,1500,0" yaku="18,1" doraHai="56" who="2" fromWho="0" sc="273,-15,349,0,189,15,189,0" />
</Scene>
<Scene>
<INIT seed="2,1,0,4,2,68" ten="258,349,204,189" oya="2" hai0="82,12,118,109,42,25,117,86,9,71,14,61,62" hai1="115,24,69,76,98,56,83,46,29,33,103,59,96" hai2="132,81,38,45,64,77,52,133,7,104,135,122,41" hai3="53,80,36,4,49,74,75,16,88,78,15,72,28"/><V102/><F122/><W50/><G36/><T8/><D25/><U70/><E115/><V100/><F64/><W131/><G131/><T31/><D31/><U21/><E70/><V54/><F7/><W5/><G28/><T125/><D71/><U43/><E69/><V121/><F121/><W57/><G50/><T67/><D67/><U6/><E6/><V129/><F129/><W112/><G112/><T51/><D125/><U11/><E11/><V119/><F119/><W35/><G35/><T18/><D109/><U120/><E33/><V44/><F104/><W110/><G110/><T92/><D92/><U134/><E134/><V48/><F54/><W60/><G60/><T130/><D130/><U106/><E98/><V126/><F126/><W32/><G32/><T13/><D13/><U97/><E96/><V19/><F19/><W37/><G37/><T128/><D128/><U1/><E1/><V39/><F39/><W94/><G5/><T111/><D111/><U85/><REACH who="1" step="1"/><E120/><REACH who="1" ten="258,339,204,189" step="2"/><V90/><REACH who="2" step="1"/><F90/><REACH who="2" ten="258,339,194,189" step="2"/><W107/><G4/><T3/><D3/><U105/><E105/><V124/><F124/><W87/><REACH who="3" step="1"/><G107/><REACH who="3" ten="258,339,194,179" step="2"/><T30/><D118/><U89/><E89/><V95/><F95/><W108/><G108/><T10/><D117/><U123/><E123/><V20/><F20/><AGARI ba="1,3" hai="15,16,20,49,53,57,72,74,75,78,80,87,88,94" machi="20" ten="30,12000,2" yaku="1,1,7,1,25,2,54,2,53,0" doraHai="68" doraHaiUra="99" who="3" fromWho="2" sc="258,0,339,0,194,-123,179,153" />
</Scene>
<Scene>
<INIT seed="3,0,0,3,2,25" ten="258,339,71,332" oya="3" hai0="39,61,18,122,31,49,98,19,114,66,100,21,74" hai1="85,102,64,116,33,41,105,125,99,132,44,6,109" hai2="70,46,92,2,30,40,52,106,111,113,47,23,56" hai3="7,42,118,29,135,86,115,104,10,108,89,9,58"/><W63/><G118/><T87/><D74/><U27/><E116/><V54/><F106/><W68/><G115/><T17/><D39/><U24/><E109/><V62/><F2/><W53/><G104/><T119/><D119/><U72/><E72/><V1/><F1/><W48/><G108/><T51/><D114/><U8/><E125/><V84/><F70/><W55/><G68/><T107/><D87/><U112/><E112/><V120/><F120/><W75/><G42/><T76/><D76/><U123/><E123/><V110/><F113/><W77/><G135/><T36/><D36/><U50/><E132/><V78/><F111/><W67/><G9/><T16/><D122/><U124/><E124/><V95/><F54/><W127/><G127/><T3/><D3/><U121/><E121/><V60/><F60/><W93/><G77/><T96/><D96/><U130/><E130/><V79/><F110/><W129/><G75/><T45/><D45/><N who="2" m="16906" /><F40/><W15/><G129/><T81/><D81/><U103/><E103/><V80/><F79/><W91/><G91/><T97/><D97/><U71/><E85/><V73/><F73/><W83/><G83/><T34/><D21/><U32/><E32/><V59/><F56/><N who="3" m="32807" /><G67/><T134/><D134/><U20/><E33/><V82/><F80/><W126/><G126/><T35/><D35/><U69/><E64/><V0/><F0/><W4/><G4/><T88/><N who="0" m="4608" /><DORA hai="57" /><T131/><D131/><U117/><E117/><V38/><F38/><W128/><G128/><T90/><D66/><U133/><E133/><V37/><F37/><RYUUKYOKU ba="0,0" sc="258,-15,339,-15,71,15,332,15" hai2="23,30,52,59,62,78,82,84,92,95" hai3="7,10,15,29,55,58,63,86,89,93" />
</Scene>
<Scene>
<INIT seed="3,1,0,0,5,56" ten="243,324,86,347" oya="3" hai0="120,93,5,134,34,42,95,78,6,88,39,132,107" hai1="97,64,17,75,49,21,55,62,127,63,1,81,131" hai2="57,122,3,14,135,72,74,110,109,113,82,4,51" hai3="90,9,124,23,16,19,53,11,86,99,61,50,119"/><W114/><G119/><T33/><D107/><U15/><E1/><V105/><F105/><W20/><G114/><T89/><D78/><U102/><E127/><V41/><F113/><W29/><G99/><T47/><D120/><U32/><E32/><V106/><F106/><W54/><G29/><T10/><D10/><N who="3" m="3593" /><G124/><T70/><D70/><U27/><E131/><V68/><F68/><W12/><G50/><T2/><D2/><U91/><E64/><V117/><F3/><W13/><G61/><N who="1" m="23050" /><E75/><V100/><F74/><W18/><G18/><T43/><D47/><N who="1" m="28095" /><E102/><V84/><F72/><W121/><G121/><T126/><D126/><U129/><E129/><V69/><F69/><W83/><AGARI ba="1,0" hai="12,13,16,19,20,23,53,54,83,86,90" m="3593" machi="83" ten="30,3000,0" yaku="8,1,54,1" doraHai="56" who="3" fromWho="3" sc="243,-11,324,-11,86,-11,347,33" />
</Scene>
<Scene>
<INIT seed="3,2,0,5,3,28" ten="232,313,75,380" oya="3" hai0="62,88,60,134,15,122,94,5,120,89,73,51,47" hai1="14,2,12,40,30,105,108,78,90,41,81,86,118" hai2="58,126,106,70,49,96,46,100,112,16,104,72,9" hai3="132,119,7,85,29,3,26,1,27,10,19,113,83"/><W55/><G119/><T99/><D73/><U33/><E2/><V31/><F72/><W71/><G71/><T121/><D134/><U36/><E118/><V131/><F131/><W25/><G113/><T129/><D129/><U74/><E105/><V44/><F126/><W124/><G124/><T50/><D89/><U6/><E108/><V35/><F70/><W4/><G132/><T102/><D51/><U39/><E39/><V56/><F104/><W93/><G55/><T37/><D37/><U45/><E41/><V103/><F103/><W8/><G93/><T43/><REACH who="0" step="1"/><D102/><REACH who="0" ten="222,313,75,380" step="2"/><U69/><E90/><V0/><F112/><W127/><G127/><T22/><D22/><U67/><E74/><V17/><F46/><W117/><G117/><T53/><D53/><U32/><E45/><V65/><F65/><W24/><G85/><T107/><D107/><U116/><E116/><V125/><F125/><W135/><G135/><T109/><D109/><U75/><E75/><V80/><F100/><W18/><G83/><T61/><D61/><U84/><E84/><V97/><F80/><W57/><G57/><T42/><D42/><U68/><E40/><V101/><F96/><W20/><AGARI ba="2,1" hai="1,3,4,7,8,10,18,19,20,24,25,26,27,29" machi="20" ten="30,24000,3" yaku="0,1,9,1,35,6" doraHai="28" who="3" fromWho="3" sc="222,-82,313,-82,75,-82,380,256" owari="140,-26.0,231,3.0,-7,-51.0,636,74.0" />
</Scene>
</mjloggm>