<mjloggm ver="2.3"><GO type="169" lobby="0"/><UN n0="%E3%83%92%E3%82%B2%E3%83%AD%E3%83%B3%E3%82%B0" n1="%EF%BC%BC%28%EF%BC%BE%6F%EF%BC%BE%29%EF%BC%8F%E2%98%85" n2="%E5%A4%AA%E3%81%8F%E3%81%AA%E3%81%84%E3%81%8A" n3="%E3%82%B9%E3%83%86%E3%83%AB%E3%82%B9%6B%69%6E%6F" dan="16,17,18,16" rate="2102.61,2183.68,2164.80,2057.76" sx="M,M,F,F"/><TAIKYOKU oya="0"/>

<Scene>
<INIT seed="0,0,0,5,0,90" ten="250,250,250,250" oya="0" hai0="116,134,99,77,91,25,51,103,6,45,46,128,62" hai1="0,36,14,22,1,123,92,80,125,126,73,127,28" hai2="81,17,12,8,110,115,100,10,69,11,68,26,9" hai3="41,64,98,124,19,15,42,60,130,101,38,5,66"/><T102/><D116/><U52/><E123/><V20/><F115/><W95/><G124/><T4/><D77/><U24/><E36/><V55/><F110/><W114/><G114/><T50/><D128/><U16/><E73/><V18/><F100/><N who="0" m="38442" /><D25/><U32/><E80/><V117/><F117/><W71/><G130/><T86/><D99/><U129/><E129/><V111/><F111/><W53/><G5/><N who="0" m="2155" /><D62/><U70/><E70/><V113/><F113/><W88/><G38/><T44/><D134/><U107/><E107/><V122/><F122/><W85/><G53/><T7/><D7/><U106/><E106/><V29/><F55/><W37/><G37/><T118/><D118/><U31/><E31/><V132/><F132/><W35/><G35/><T21/><D21/><U34/><E32/><V54/><F54/><W58/><G66/><T2/><D2/><N who="1" m="1131" /><E52/><V61/><F61/><W65/><G65/><T30/><D30/><U72/><E72/><V105/><F105/><W75/><G75/><T96/><D96/><U48/><E48/><V112/><F112/><W78/><G78/><T83/><AGARI ba="0,0" hai="44,45,46,50,51,83,86,91" m="2155,38442" machi="83" ten="30,1500,0" yaku="8,1" doraHai="90" who="0" fromWho="0" sc="250,15,250,-5,250,-5,250,-5" />
</Scene>
<Scene>
<INIT seed="0,1,0,3,2,37" ten="265,245,245,245" oya="0" hai0="90,117,3,22,81,71,106,108,76,42,84,14,35" hai1="15,107,72,69,75,26,129,13,79,93,49,8,70" hai2="9,105,24,46,89,135,61,6,97,131,50,119,10" hai3="134,113,87,110,21,67,45,12,19,4,29,74,51"/><T109/><D117/><U130/><E107/><V48/><F119/><W18/><G113/><T65/><D35/><U91/><E26/><V122/><F122/><W30/><G74/><T116/><D116/><U125/><E125/><V23/><F135/><W94/><G134/><T112/><D3/><U92/><E49/><V47/><F131/><N who="1" m="50185" /><E79/><V1/><F10/><W59/><G4/><T86/><D106/><U54/><E54/><V66/><F48/><W68/><G68/><N who="1" m="26218" /><E15/><V58/><F50/><W85/><G110/><N who="0" m="42603" /><D112/><U114/><E114/><V56/><F56/><W101/><G59/><T82/><D71/><U43/><E43/><V104/><F104/><W80/><G67/><T115/><D65/><U102/><E102/><V11/><F105/><W133/><G133/><T31/><D115/><U124/><E124/><V0/><F0/><W57/><G57/><T20/><D31/><U32/><E32/><V118/><F118/><W120/><G120/><T28/><D28/><U121/><E121/><V98/><F1/><W16/><G30/><T7/><D42/><U78/><E78/><V25/><F66/><W44/><G29/><T73/><D73/><N who="1" m="28235" /><E91/><V36/><F89/><N who="3" m="53567" /><G101/><T38/><D38/><U60/><E60/><V39/><F61/><W103/><G103/><T52/><D52/><U128/><E128/><V33/><F33/><W62/><G62/><T40/><D40/><U64/><E64/><V126/><F126/><W96/><G51/><T55/><D55/><U53/><E53/><V100/><F100/><W17/><G96/><T99/><D99/><U34/><E34/><RYUUKYOKU ba="1,0" sc="265,10,245,10,245,-30,245,10" hai0="7,14,20,22,76,81,82,84,86,90" hai1="8,13,92,93" hai3="12,16,17,18,19,21,44,45,80,85" />
</Scene>
<Scene>
<INIT seed="0,2,0,5,3,44" ten="275,255,215,255" oya="0" hai0="4,29,66,128,72,33,0,125,89,30,81,43,12" hai1="40,70,90,41,45,10,126,116,28,57,104,3,109" hai2="127,78,58,37,23,47,83,91,100,46,61,120,119" hai3="101,124,95,111,102,54,87,6,74,114,16,67,103"/><T24/><D125/><U48/><E70/><V92/><F120/><W115/><G74/><T63/><D29/><U60/><E116/><V62/><F127/><W93/><G124/><T130/><D0/><U76/><E126/><V129/><F129/><N who="0" m="49770" /><D43/><U59/><E104/><V97/><F119/><W9/><G67/><T86/><D72/><U98/><E76/><V55/><F37/><W105/><G105/><T122/><D122/><U49/><E28/><V27/><F62/><W52/><G111/><T123/><D123/><U56/><E109/><V31/><REACH who="2" step="1"/><F100/><REACH who="2" ten="275,255,205,255" step="2"/><W65/><G103/><T131/><D131/><U39/><E60/><V75/><AGARI ba="2,1" hai="23,27,31,46,47,55,58,61,75,78,83,91,92,97" machi="75" ten="20,8000,1" yaku="1,1,2,1,0,1,7,1,53,1" doraHai="44" doraHaiUra="77" who="2" fromWho="2" sc="275,-42,255,-22,205,96,255,-22" />
</Scene>
<Scene>
<INIT seed="1,0,0,0,5,109" ten="233,233,301,233" oya="1" hai0="93,100,2,33,102,34,32,82,125,97,115,60,123" hai1="96,74,56,117,91,87,54,84,21,107,11,43,86" hai2="105,126,0,72,57,25,113,131,118,79,95,51,94" hai3="46,53,134,62,108,66,127,7,31,55,83,75,24"/><U23/><E74/><V67/><F118/><W76/><G108/><T28/><D2/><U80/><E117/><V98/><F0/><W50/><G134/><T19/><D125/><U15/><E43/><V129/><F126/><W63/><G127/><T1/><D1/><U39/><E39/><V48/><F25/><W65/><G7/><T44/><D123/><U41/><E41/><V68/><F68/><W40/><G63/><T120/><D120/><U17/><E107/><V111/><F111/><W114/><G66/><T101/><D44/><U106/><E106/><V37/><F37/><W47/><G47/><T36/><D36/><U61/><REACH who="1" step="1"/><E80/><REACH who="1" ten="233,223,301,233" step="2"/><V116/><F105/><W5/><G40/><T20/><D34/><U112/><E112/><V99/><F113/><W13/><G114/><T128/><D33/><U27/><E27/><V135/><F72/><W59/><G24/><T85/><D115/><U4/><E4/><V14/><F116/><W8/><G75/><T132/><D32/><U29/><E29/><V69/><F135/><W122/><G122/><T130/><D28/><U71/><E71/><V3/><F69/><W49/><G31/><T35/><D35/><U22/><E22/><V10/><F129/><W52/><G83/><T73/><D132/><U81/><E81/><V6/><F131/><W12/><G5/><T9/><D73/><U70/><E70/><V89/><F3/><W42/><G42/><T121/><D130/><U78/><E78/><V104/><F79/><W92/><G76/><T58/><D128/><U77/><E77/><V64/><F6/><RYUUKYOKU ba="0,1" sc="233,-10,223,30,301,-10,233,-10" hai1="11,15,17,21,23,54,56,61,84,86,87,91,96" />
</Scene>
<Scene>
<INIT seed="1,1,1,3,1,124" ten="223,253,291,223" oya="1" hai0="111,99,78,95,113,13,54,127,4,129,123,20,94" hai1="38,60,10,67,21,97,12,22,28,112,45,32,23" hai2="55,39,117,101,6,93,26,25,30,31,9,46,119" hai3="109,103,43,17,52,41,5,71,65,51,76,125,115"/><U77/><E112/><V68/><F68/><W48/><G115/><T88/><D113/><U3/><E3/><V107/><F107/><W120/><G120/><T89/><D123/><U11/><E77/><V44/><F39/><W15/><G125/><T53/><D127/><U18/><E11/><V40/><F40/><W133/><G5/><T130/><D78/><U100/><E38/><V36/><F36/><W86/><G109/><T42/><D42/><U27/><E45/><V8/><F93/><W82/><G133/><T80/><D80/><U116/><E116/><V2/><F101/><W104/><G51/><T29/><D111/><U83/><E83/><V49/><F44/><W57/><G71/><T24/><D13/><U128/><E128/><N who="0" m="49257" /><D4/><U90/><E90/><V74/><F74/><W91/><G65/><T50/><D50/><U110/><E110/><V122/><F122/><W16/><G76/><T134/><D134/><U92/><E32/><V108/><F108/><W64/><G64/><T33/><D33/><U135/><E135/><V84/><F119/><W87/><G87/><AGARI ba="1,1" hai="20,24,29,53,54,87,88,89,94,95,99" m="49257" machi="87" ten="30,8000,1" yaku="19,1,52,3,54,1" doraHai="124" who="0" fromWho="3" sc="223,93,253,0,291,0,223,-83" />
</Scene>
<Scene>
<INIT seed="2,0,0,1,2,104" ten="316,253,291,140" oya="2" hai0="92,88,130,35,108,34,61,57,63,118,120,93,26" hai1="129,36,125,115,117,112,99,50,48,19,94,24,123" hai2="74,21,100,10,16,70,22,13,72,87,3,116,98" hai3="83,17,107,67,2,96,1,18,122,53,89,46,75"/><V126/><F116/><W23/><G122/><T102/><D120/><U49/><E123/><V37/><F37/><W68/><G18/><T127/><D118/><U114/><E117/><V58/><F70/><W69/><G69/><T79/><D79/><U86/><E36/><V25/><F126/><W95/><G107/><T38/><D38/><U56/><E125/><V78/><F3/><W51/><G67/><T103/><D127/><U9/><E129/><V85/><F22/><W40/><G68/><T29/><D130/><U31/><E86/><V20/><F20/><W33/><G33/><T54/><D108/><U105/><E105/><V81/><F85/><W45/><G40/><T52/><D35/><U128/><E128/><V14/><F58/><W65/><G65/><T28/><D28/><U119/><E119/><V15/><REACH who="2" step="1"/><F10/><REACH who="2" ten="316,253,281,140" step="2"/><W7/><G46/><T109/><D57/><U39/><E39/><V111/><F111/><W55/><G2/><T60/><D109/><U32/><E56/><V71/><F71/><W62/><G1/><T0/><D0/><U80/><E9/><V44/><F44/><W47/><G45/><T110/><D110/><U59/><E59/><V30/><F30/><W5/><G47/><T73/><D29/><U8/><E8/><V64/><F64/><W66/><G66/><T135/><D34/><U97/><E31/><V42/><F42/><W90/><G55/><T76/><D52/><U121/><E32/><V134/><F134/><W77/><G53/><T82/><D54/><U6/><E121/><V132/><F132/><W12/><G23/><RYUUKYOKU ba="0,1" sc="316,-10,253,-10,281,30,140,-10" hai2="13,14,15,16,21,25,72,74,78,81,87,98,100" />
</Scene>
<Scene>
<INIT seed="2,1,1,3,1,17" ten="306,243,311,130" oya="2" hai0="49,37,71,89,103,79,61,91,87,15,29,51,4" hai1="135,57,121,48,32,25,1,0,66,72,104,73,112" hai2="100,102,47,98,120,132,134,55,119,41,131,62,50" hai3="133,78,95,107,77,76,39,22,88,9,108,8,26"/><V12/><F120/><W20/><G107/><T10/><D37/><U110/><E112/><V53/><F119/><W21/><G39/><T96/><D29/><U65/><E104/><V16/><F131/><W90/><G108/><T86/><D79/><U83/><E110/><V125/><F125/><W46/><G46/><T111/><D111/><U115/><E115/><V13/><F13/><W94/><G133/><N who="2" m="51305" /><F62/><W75/><G26/><T123/><D123/><U23/><E135/><V7/><F7/><W84/><G75/><T70/><D103/><N who="2" m="39466" /><F98/><AGARI ba="1,1" hai="8,9,20,21,22,76,77,78,84,88,90,94,95,98" machi="98" ten="40,8000,1" yaku="8,1,52,3,54,1" doraHai="17" who="3" fromWho="2" sc="306,0,243,0,311,-83,130,93" />
</Scene>
<Scene>
<INIT seed="3,0,0,0,0,5" ten="306,243,228,223" oya="3" hai0="82,71,76,50,47,87,75,11,42,53,64,96,32" hai1="34,120,36,24,55,69,10,95,92,2,35,131,29" hai2="30,100,125,103,129,18,67,85,19,77,105,126,44" hai3="13,7,8,97,12,27,40,109,65,135,6,104,106"/><W83/><G135/><T58/><D32/><U25/><E120/><V48/><F129/><W16/><G40/><T46/><D96/><U15/><E131/><V88/><F77/><W74/><G65/><T54/><D71/><U63/><E2/><V132/><F132/><W37/><G37/><T117/><D117/><U102/><E36/><V28/><F67/><W56/><G56/><T33/><D33/><U114/><E114/><V98/><F100/><W81/><G109/><T116/><D116/><U84/><E102/><V68/><F68/><W91/><G74/><T62/><D47/><U66/><E84/><V115/><F115/><W118/><G118/><T45/><D45/><U123/><E123/><V39/><F39/><W22/><G104/><T80/><D11/><U61/><E35/><V89/><F28/><N who="3" m="17527" /><G106/><T122/><D122/><U128/><E25/><V110/><F30/><W107/><G107/><T59/><D58/><U9/><E128/><V93/><F110/><W3/><G3/><T119/><D119/><U23/><E34/><V4/><F4/><N who="3" m="1579" /><G13/><T52/><REACH who="0" step="1"/><D42/><REACH who="0" ten="296,243,228,223" step="2"/><U78/><E69/><V43/><F126/><W17/><G17/><T134/><D134/><U99/><E29/><V38/><F125/><W111/><G111/><T31/><D31/><U20/><E23/><V108/><F108/><W51/><G51/><T60/><D60/><U72/><E20/><V127/><F127/><W133/><G133/><T73/><D73/><U1/><E72/><V21/><F21/><W0/><G0/><T49/><D49/><U41/><E1/><V94/><F48/><RYUUKYOKU ba="0,1" sc="296,10,243,-30,228,10,223,10" hai0="46,50,52,53,54,59,62,64,75,76,80,82,87" hai2="18,19,38,43,44,85,88,89,93,94,98,103,105" hai3="8,12,16,81,83,91,97" />
</Scene>
<Scene>
<INIT seed="3,1,1,1,3,88" ten="306,213,238,233" oya="3" hai0="44,10,33,135,39,31,109,127,54,72,61,120,37" hai1="35,91,43,124,117,126,94,90,89,16,51,41,134" hai2="101,36,76,57,19,50,114,3,4,15,93,66,87" hai3="7,77,5,110,79,34,95,58,49,48,132,0,108"/><W22/><G34/><T63/><D72/><U106/><E106/><V78/><F114/><W47/><G132/><T59/><D10/><U20/><E35/><V46/><F36/><N who="0" m="13898" /><D31/><U9/><E134/><V111/><F111/><N who="3" m="42539" /><G22/><T1/><D1/><U8/><E117/><V81/><F3/><W69/><G69/><T73/><D73/><U32/><E32/><V112/><F112/><W45/><G58/><N who="0" m="35031" /><D33/><U80/><E80/><V21/><F4/><N who="3" m="1611" /><G0/><T97/><D97/><U6/><E9/><V98/><F57/><W104/><G104/><T100/><D100/><U68/><E68/><V105/><F66/><W70/><G70/><T55/><D109/><U123/><E123/><V103/><F103/><W30/><G30/><T38/><D135/><U121/><E121/><V17/><F17/><W125/><G125/><N who="1" m="48234" /><E51/><N who="3" m="19530" /><G95/><T62/><D127/><U115/><E94/><V12/><F105/><W71/><G71/><T14/><D120/><U102/><E115/><V23/><F23/><W129/><G129/><T26/><D59/><U118/><E102/><V28/><F28/><W13/><G13/><T25/><D14/><N who="1" m="5399" /><E118/><V113/><F113/><W29/><G29/><T82/><D38/><U84/><E84/><V53/><REACH who="2" step="1"/><F15/><AGARI ba="1,1" hai="15,16,20,41,43,89,90,91" m="5399,48234" machi="15" ten="30,2000,0" yaku="18,1,54,1" doraHai="88" who="1" fromWho="2" sc="306,0,213,33,238,-23,233,0" />
</Scene>
<Scene>
<INIT seed="4,0,0,3,5,125" ten="306,246,215,233" oya="0" hai0="68,76,4,42,38,86,72,31,121,55,105,12,59" hai1="131,6,91,43,56,98,126,45,48,65,113,63,100" hai2="16,135,122,53,30,11,127,49,74,2,21,78,85" hai3="47,75,90,46,88,64,69,25,27,37,26,18,104"/><T44/><D121/><U13/><E126/><V15/><F127/><W82/><G104/><T28/><D105/><U123/><E123/><V129/><F122/><W120/><G120/><T0/><D68/><U79/><E79/><V102/><F135/><W5/><G5/><T93/><D12/><U133/><E133/><V41/><F74/><W108/><G108/><T84/><D93/><U7/><E113/><V92/><F41/><W3/><G3/><T117/><D117/><U107/><E131/><V80/><F129/><W62/><G18/><T9/><D86/><U8/><E91/><V94/><F102/><W67/><G67/><T106/><D84/><U77/><E77/><V17/><F30/><W114/><G114/><T130/><D106/><U118/><REACH who="1" step="1"/><E7/><REACH who="1" ten="306,236,215,233" step="2"/><V103/><F103/><W29/><G75/><T124/><D130/><U99/><E99/><V111/><F111/><W35/><G90/><T61/><REACH who="0" step="1"/><D124/><REACH who="0" ten="296,236,215,233" step="2"/><U101/><E101/><V97/><F97/><W24/><G29/><T22/><D22/><U110/><E110/><V54/><F21/><W128/><G128/><T1/><D1/><U87/><E87/><V95/><F2/><W112/><G112/><T96/><D96/><U132/><E132/><V40/><F17/><W89/><G35/><T119/><D119/><AGARI ba="0,2" hai="6,8,13,43,45,48,56,63,65,98,100,107,118,119" machi="119" ten="40,1300,0" yaku="1,1,53,0" doraHai="125" doraHaiUra="50" who="1" fromWho="0" sc="296,-13,236,33,215,0,233,0" />
</Scene>
<Scene>
<INIT seed="5,0,0,2,5,53" ten="283,269,215,233" oya="1" hai0="131,97,90,71,59,34,88,19,32,103,72,130,108" hai1="28,86,64,122,91,6,115,46,68,56,60,40,66" hai2="11,4,96,61,105,80,95,89,23,62,48,10,20" hai3="127,3,9,120,12,0,63,98,38,129,41,58,36"/><U39/><E122/><V110/><F110/><W2/><G120/><T5/><D108/><U47/><E115/><V25/><F105/><W37/><G127/><T118/><D71/><U45/><E28/><V43/><F80/><W1/><G129/><N who="0" m="49163" /><D72/><U42/><E6/><V119/><F119/><W51/><G3/><T113/><D118/><U124/><E124/><V107/><F107/><W7/><G98/><T77/><D77/><U70/><E66/><V27/><F43/><W104/><G104/><N who="0" m="63599" /><D5/><U21/><E21/><V14/><F48/><W132/><G132/><T33/><D113/><U55/><E64/><V73/><F11/><W100/><G100/><T106/><D106/><U83/><REACH who="1" step="1"/><E47/><REACH who="1" ten="283,259,215,233" step="2"/><V24/><F23/><W22/><G22/><T17/><D17/><U8/><E8/><V16/><REACH who="2" step="1"/><F73/><REACH who="2" ten="283,259,205,233" step="2"/><W92/><G9/><T94/><D34/><U75/><E75/><V117/><F117/><W112/><G112/><T101/><D33/><U99/><E99/><V29/><F29/><W135/><G7/><T123/><D32/><U114/><E114/><V85/><F85/><W121/><G121/><T125/><D123/><U133/><E133/><V18/><F18/><W49/><G135/><T74/><D19/><U82/><E82/><V57/><F57/><W128/><G58/><T54/><D74/><U93/><E93/><V52/><F52/><W126/><G92/><T76/><D125/><U67/><E67/><V35/><F35/><W81/><G126/><T15/><D59/><U26/><E26/><AGARI ba="0,2" hai="4,10,14,16,20,24,25,26,27,61,62,89,95,96" machi="26" ten="40,5200,0" yaku="1,1,8,1,54,1,53,0" doraHai="53" doraHaiUra="102" who="2" fromWho="1" sc="283,0,259,-52,205,72,233,0" />
</Scene>
<Scene>
<INIT seed="6,0,0,4,4,76" ten="283,207,277,233" oya="2" hai0="106,121,29,67,124,44,127,88,69,12,57,94,111" hai1="117,55,65,20,34,22,13,61,132,24,82,96,63" hai2="89,36,49,100,17,62,54,78,48,66,30,115,90" hai3="103,35,131,60,83,99,70,40,23,110,129,104,72"/><V6/><F36/><W51/><G110/><T4/><D111/><U45/><E117/><V95/><F115/><W42/><G35/><T79/><D106/><U87/><E132/><V133/><F133/><W134/><G134/><T47/><D79/><U21/><E13/><V84/><F6/><W109/><G109/><T18/><D69/><U27/><E96/><V19/><F30/><W53/><G23/><T118/><D29/><U33/><E33/><V68/><F100/><W135/><G135/><T2/><D2/><U5/><E5/><V97/><F78/><N who="3" m="44487" /><G60/><N who="1" m="23114" /><E65/><V14/><F54/><W1/><G70/><T41/><D4/><U10/><E10/><V9/><REACH who="2" step="1"/><F19/><REACH who="2" ten="283,207,267,233" step="2"/><W128/><G1/><T58/><D18/><U80/><E34/><V71/><F71/><W43/><G43/><T73/><D41/><U125/><E27/><V28/><F28/><W81/><G42/><T77/><D77/><U98/><E24/><V123/><F123/><W25/><G40/><T107/><D121/><U26/><E26/><V74/><F74/><W126/><G25/><T32/><D73/><U85/><E125/><V101/><F101/><W37/><G126/><T3/><D32/><U50/><E98/><V105/><F105/><W0/><G0/><T16/><D107/><U46/><E87/><V119/><F119/><W92/><G104/><T15/><D118/><U64/><E85/><V91/><F91/><W93/><G37/><T56/><D127/><U112/><E112/><V59/><F59/><W38/><G38/><T52/><D124/><U31/><E31/><V7/><F7/><RYUUKYOKU ba="0,1" sc="283,-10,207,-10,267,30,233,-10" hai2="9,14,17,48,49,62,66,68,84,89,90,95,97" />
</Scene>
<Scene>
<INIT seed="6,1,1,1,5,79" ten="273,197,297,223" oya="2" hai0="38,115,86,24,90,131,128,111,76,26,93,81,7" hai1="133,57,31,92,11,59,124,21,127,49,53,129,54" hai2="2,34,47,63,12,87,22,102,107,72,32,116,44" hai3="88,112,65,108,94,83,97,96,18,60,82,132,69"/><V56/><F72/><W66/><G108/><T23/><D111/><U98/><E133/><V13/><F2/><W55/><G132/><T64/><D38/><U9/><E129/><N who="0" m="49737" /><D115/><U104/><E104/><V105/><F116/><W61/><G112/><T45/><D45/><U67/><E67/><N who="3" m="25610" /><G69/><T114/><D114/><U27/><E127/><V8/><F22/><W35/><G35/><T19/><D64/><U78/><E78/><V37/><F87/><N who="3" m="52511" /><G18/><T48/><D7/><U10/><E124/><V135/><F135/><W85/><G85/><N who="0" m="48295" /><D48/><U4/><E4/><V33/><F37/><W40/><G40/><T51/><D51/><N who="1" m="30911" /><E11/><V89/><F8/><W43/><G43/><T103/><D103/><AGARI ba="1,1" hai="9,10,21,27,31,49,54,59,92,98,103" m="30911" machi="103" ten="30,1000,0" yaku="8,1" doraHai="79" who="1" fromWho="0" sc="273,-13,197,23,297,0,223,0" />
</Scene>
<Scene>
<INIT seed="7,0,0,5,0,122" ten="260,220,297,223" oya="3" hai0="81,48,12,54,20,113,79,69,75,18,114,42,4" hai1="60,11,64,120,27,92,25,134,26,59,71,93,43" hai2="52,78,100,102,38,16,32,82,68,116,80,13,103" hai3="104,3,36,118,17,98,77,35,132,130,31,121,135"/><W46/><G121/><T66/><D42/><U72/><E120/><V29/><F116/><W21/><G118/><T15/><D69/><U126/><E72/><V125/><F68/><W74/><G130/><T112/><D66/><U41/><E134/><N who="3" m="51242" /><G3/><T10/><D48/><U14/><E126/><V49/><F38/><W90/><G35/><T76/><D76/><U70/><E70/><V123/><F123/><W99/><G31/><T7/><REACH who="0" step="1"/><D54/><REACH who="0" ten="250,220,297,223" step="2"/><U110/><E71/><V109/><F52/><W108/><G108/><T65/><D65/><U58/><E110/><V119/><F109/><W40/><G104/><T111/><D111/><U0/><E43/><V39/><F49/><W44/><G44/><T115/><N who="0" m="28672" /><DORA hai="33" /><T19/><AGARI ba="0,1" hai="4,7,10,12,15,18,19,20,75,79,81" m="28672" machi="19" ten="60,12000,2" yaku="1,1,4,1,0,1,15,1,11,1,53,1" doraHai="122,33" doraHaiUra="131,73" who="0" fromWho="0" sc="250,130,220,-30,297,-30,223,-60" owari="380,48.0,190,-21.0,267,7.0,163,-34.0" />
</Scene>
</mjloggm>