<mjloggm ver="2.3"><GO type="97"/><UN n0="%E5%A4%AA%E3%81%8F%E3%81%AA%E3%81%84%E3%81%8A" n1="%70%6F%70%6F%32%33" n2="%E7%A5%9E%E6%A7%98%E3%81%BA%E3%83%AC" n3="%E3%82%A2%E3%83%8E%E3%83%9F%EF%BC%8D" dan="13,15,13,15" rate="1946,1983,1896,1999" sx="M,M,M,M"/><TAIKYOKU oya="0"/>

<Scene>
<INIT seed="0,0,0,5,3,68" ten="250,250,250,250" oya="0" hai0="135,76,10,12,48,32,108,5,125,77,74,2,97" hai1="90,38,103,70,110,24,63,39,132,31,112,72,124" hai2="130,22,34,88,13,59,82,106,116,65,92,21,11" hai3="121,28,18,91,58,61,69,84,20,120,30,51,86"/><T56/><D32/><U43/><E90/><V6/><F106/><W33/><G69/><T4/><D135/><U85/><E85/><N who="2" m="50231" /><F34/><W66/><G33/><T134/><D134/><U40/><E132/><V42/><F42/><W8/><G8/><T89/><D5/><U131/><E72/><V93/><F116/><W107/><G107/><T44/><D125/><U41/><E124/><V75/><F75/><W117/><G117/><T14/><D108/><U113/><E103/><V60/><F130/><W45/><G51/><T47/><D56/><U99/><E99/><V115/><F115/><N who="1" m="44105" /><E110/><V95/><AGARI ba="0,0" hai="6,11,13,21,22,59,60,65,92,93,95" m="50231" machi="95" ten="30,2000,0" yaku="8,1,54,1" doraHai="68" who="2" fromWho="2" sc="250,-10,250,-5,250,20,250,-5" />
</Scene>
<Scene>
<INIT seed="1,0,0,4,2,47" ten="240,245,270,245" oya="1" hai0="18,40,35,104,48,73,61,101,69,96,123,15,49" hai1="112,126,99,9,71,118,81,38,7,56,33,55,57" hai2="2,13,59,80,131,41,68,113,20,66,114,105,62" hai3="58,108,90,24,92,127,54,65,95,125,8,39,84"/><U19/><E71/><V110/><F2/><W11/><G39/><T85/><D73/><U50/><E118/><V26/><F105/><W42/><G42/><T130/><D130/><U17/><E112/><N who="2" m="43115" /><F110/><W36/><G36/><T132/><D132/><U23/><E38/><V52/><F41/><W94/><G65/><T0/><D0/><U60/><E33/><V46/><F46/><W88/><G108/><T98/><D123/><U12/><E126/><N who="3" m="48138" /><G24/><T67/><D40/><U43/><E81/><V134/><F134/><W128/><G128/><T77/><D96/><U103/><E43/><V31/><F131/><W51/><G90/><T45/><D45/><U28/><E28/><V133/><F133/><W83/><AGARI ba="0,0" hai="8,11,51,54,58,83,84,88,92,94,95" m="48138" machi="83" ten="30,4000,0" yaku="18,1,52,1,54,1" doraHai="47" who="3" fromWho="3" sc="240,-10,245,-20,270,-10,245,40" />
</Scene>
<Scene>
<INIT seed="2,0,0,0,5,127" ten="230,225,260,285" oya="2" hai0="63,109,108,113,73,39,9,58,124,60,44,99,132" hai1="88,22,8,111,70,106,34,3,26,94,72,95,32" hai2="46,104,77,123,17,5,107,120,65,55,121,15,29" hai3="7,43,105,80,129,41,134,82,128,14,90,69,130"/><V125/><F77/><W16/><G69/><T110/><D73/><U62/><E106/><V2/><F125/><W87/><G7/><T19/><D124/><U11/><E72/><V56/><F65/><W115/><G134/><T135/><D113/><U119/><E119/><V1/><F46/><W40/><G115/><T45/><D99/><U28/><E111/><V64/><F64/><W6/><G6/><T36/><D19/><U102/><E3/><V27/><F107/><W0/><G0/><T93/><D93/><U66/><E102/><V81/><F104/><W85/><G105/><T68/><D9/><U78/><E78/><V118/><F81/><N who="3" m="31339" /><G90/><T31/><D31/><U114/><E95/><V4/><F118/><W74/><G74/><T59/><D108/><U75/><E75/><V35/><F2/><W100/><G100/><T37/><D37/><U42/><E42/><V131/><F1/><W61/><G61/><T54/><D54/><U76/><E76/><V10/><F5/><W98/><G98/><T71/><AGARI ba="0,0" hai="36,39,44,45,58,59,60,63,68,71,109,110,132,135" machi="71" ten="25,12000,2" yaku="0,1,22,2,34,3" doraHai="127" who="0" fromWho="0" sc="230,120,225,-30,260,-60,285,-30" />
</Scene>
<Scene>
<INIT seed="3,0,0,3,2,36" ten="350,195,200,255" oya="3" hai0="37,49,60,84,86,55,13,16,113,28,8,43,67" hai1="45,4,51,70,98,121,91,12,107,19,14,64,83" hai2="81,38,42,133,53,0,46,31,35,18,54,96,95" hai3="85,20,10,110,94,61,111,58,88,117,92,47,120"/><W71/><G117/><T93/><D113/><U11/><E121/><V122/><F0/><W33/><G120/><T118/><D118/><U59/><E70/><V52/><F133/><W87/><G33/><T75/><D75/><U72/><E107/><V66/><F122/><W56/><G71/><N who="0" m="42471" /><D28/><U79/><E98/><V22/><F66/><W50/><G10/><T116/><D93/><U62/><E91/><V105/><F105/><W57/><G20/><T125/><D125/><U130/><E130/><V27/><F81/><N who="3" m="49199" /><G87/><T103/><D103/><U69/><E69/><V73/><F73/><W126/><G61/><T26/><D26/><U24/><E24/><V80/><F80/><W21/><G21/><T115/><D115/><U63/><E63/><V30/><REACH who="2" step="1"/><F35/><REACH who="2" ten="350,195,190,255" step="2"/><W65/><G65/><T99/><D116/><U2/><REACH who="1" step="1"/><E19/><REACH who="1" ten="350,185,190,255" step="2"/><V106/><F106/><W77/><G126/><T68/><D68/><U23/><E23/><V41/><F41/><AGARI ba="0,2" hai="2,4,11,12,14,41,45,51,59,62,64,72,79,83" machi="41" ten="30,3900,0" yaku="1,1,7,1,52,1,53,0" doraHai="36" doraHaiUra="25" who="1" fromWho="2" sc="350,0,185,59,190,-39,255,0" owari="350,45.0,244,-16.0,151,-35.0,255,6.0" />
</Scene>
</mjloggm>