<mjloggm ver="2.3"><GO type="193"/><UN n0="%E5%A4%AA%E3%81%8F%E3%81%AA%E3%81%84%E3%81%8A" n1="%E7%8D%85%E5%AD%90%E5%A5%AE%E8%BF%85" n2="%E3%81%8A%E3%81%A1%E3%82%8D%E3%82%93" n3="%72%61%6D%75%6E%65%64%6F" dan="12,10,12,11" rate="1899,1792,1677,1596" sx="M,M,M,M"/><TAIKYOKU oya="0"/>

<Scene>
<INIT seed="0,0,0,5,2,127" ten="250,250,250,250" oya="0" hai0="14,29,9,25,4,20,81,19,112,5,38,68,50" hai1="98,16,65,97,32,22,0,104,119,114,34,33,85" hai2="57,117,89,43,118,41,80,107,42,95,31,49,105" hai3="124,101,130,121,129,13,72,21,69,15,48,77,39"/><T27/><D38/><U102/><E0/><V131/><F31/><W58/><G69/><T126/><D68/><U11/><E119/><V67/><F80/><N who="3" m="45095" /><G39/><T116/><D116/><N who="2" m="44650" /><F67/><W63/><G48/><T59/><D112/><U123/><E123/><V26/><F26/><W54/><G101/><T90/><D126/><U2/><E114/><V103/><F103/><W125/><G121/><T64/><D27/><U122/><E97/><V78/><F78/><W100/><G100/><T52/><REACH who="0" step="1"/><D64/><REACH who="0" ten="240,250,250,250" step="2"/><U94/><E65/><V40/><F105/><W79/><G125/><T3/><D3/><U7/><E122/><V28/><F107/><W110/><G124/><T92/><D92/><U51/><E104/><V82/><F82/><W55/><G110/><T76/><D76/><U99/><E94/><V132/><F28/><W91/><G79/><T47/><D47/><U18/><E102/><V45/><F57/><W115/><G115/><T96/><D96/><U6/><E98/><N who="2" m="57711" /><F132/><W56/><G91/><T12/><D12/><U71/><E99/><V44/><F44/><W75/><G75/><T73/><D73/><U128/><E71/><V87/><F87/><AGARI ba="0,1" hai="4,5,9,14,19,20,25,29,50,52,59,81,87,90" machi="87" ten="40,7700,0" yaku="1,1,8,1,54,1,53,0" doraHai="127" doraHaiUra="106" who="0" fromWho="2" sc="240,87,250,0,250,-77,250,0" />
</Scene>
<Scene>
<INIT seed="0,1,0,3,2,31" ten="327,250,173,250" oya="0" hai0="32,9,114,133,121,105,12,81,104,80,82,26,79" hai1="40,85,110,49,54,115,17,45,134,93,62,83,19" hai2="101,21,4,76,130,48,3,129,50,33,25,94,1" hai3="128,112,41,47,113,97,20,58,43,38,57,109,37"/><T87/><D121/><U5/><E115/><N who="3" m="44106" /><G20/><T127/><D114/><U91/><E134/><V111/><F76/><W106/><G97/><T7/><D133/><U67/><E110/><V59/><F111/><W73/><G106/><T2/><D127/><U0/><E0/><V103/><F94/><W60/><G73/><T51/><D51/><U122/><E5/><V77/><F77/><W132/><G132/><T123/><D123/><U53/><E122/><V84/><F84/><W24/><G24/><T16/><D105/><U44/><E44/><V100/><F59/><N who="3" m="22539" /><G109/><T75/><D104/><U52/><REACH who="1" step="1"/><E83/><REACH who="1" ten="327,240,173,250" step="2"/><V78/><F4/><W126/><G126/><T118/><D75/><U131/><E131/><N who="2" m="50187" /><F78/><W92/><G128/><T99/><D79/><U69/><AGARI ba="1,1" hai="17,19,40,45,49,52,53,54,62,67,69,85,91,93" machi="69" ten="30,4000,0" yaku="1,1,0,1,54,1,53,0" doraHai="31" doraHaiUra="71" who="1" fromWho="1" sc="327,-21,240,53,173,-11,250,-11" />
</Scene>
<Scene>
<INIT seed="1,0,0,2,4,60" ten="306,293,162,239" oya="1" hai0="29,131,74,72,113,37,75,15,27,110,57,6,133" hai1="38,14,124,2,63,55,115,111,79,96,90,82,95" hai2="98,89,32,125,93,77,26,42,122,13,132,99,0" hai3="130,34,119,16,67,117,88,28,94,59,102,105,129"/><U76/><E38/><V106/><F122/><W65/><G59/><T23/><D113/><U121/><E2/><V35/><F0/><W135/><G135/><T40/><D133/><U70/><E121/><V22/><F132/><W20/><G28/><T71/><D71/><U118/><E118/><N who="3" m="45066" /><G34/><T69/><D69/><U112/><E115/><V97/><F42/><W36/><G36/><T44/><D110/><U58/><E112/><V43/><F43/><W120/><G102/><T73/><D73/><U84/><E111/><V39/><F39/><W66/><G105/><T87/><D131/><U103/><E70/><V62/><F77/><W49/><G49/><T7/><D15/><U116/><E116/><V114/><F114/><W83/><G83/><T127/><D127/><U134/><E134/><V56/><F125/><W85/><G120/><T107/><D107/><U64/><E124/><V33/><F106/><W9/><G9/><T50/><D87/><U31/><E31/><V18/><F13/><AGARI ba="0,0" hai="13,16,20,65,66,67,85,88,94,129,130" m="45066" machi="13" ten="30,12000,2" yaku="12,1,52,3,54,2" doraHai="60" who="3" fromWho="2" sc="306,0,293,0,162,-120,239,120" />
</Scene>
<Scene>
<INIT seed="2,0,0,1,0,85" ten="306,293,42,359" oya="2" hai0="69,121,37,5,6,44,20,104,116,61,96,0,65" hai1="73,34,17,134,53,2,47,42,71,23,88,16,131" hai2="129,77,25,108,50,13,27,78,46,103,26,74,4" hai3="60,28,9,10,21,54,35,39,32,122,63,86,29"/><V92/><F74/><W118/><G39/><T67/><D121/><U12/><E71/><V90/><F129/><W40/><G40/><N who="0" m="22543" /><D20/><U95/><E34/><N who="3" m="12842" /><G54/><T83/><D6/><U36/><E73/><V111/><F103/><W38/><G86/><T55/><D55/><U106/><E106/><V43/><F4/><W66/><G38/><T112/><D83/><U31/><E2/><V56/><F13/><W30/><G66/><T41/><D41/><U14/><E31/><V89/><F56/><W51/><G51/><T57/><D57/><U79/><E79/><V120/><F120/><W110/><G21/><T98/><D98/><U45/><E131/><V75/><F75/><W8/><G122/><T33/><D67/><U11/><E134/><V114/><F114/><W62/><G110/><N who="2" m="42025" /><F92/><W87/><G87/><T81/><D33/><U113/><E113/><V124/><F124/><W64/><G64/><T99/><D104/><U133/><E133/><V109/><N who="2" m="42033" /><V76/><AGARI ba="0,0" hai="25,26,27,43,46,50,76,77,78,89,90" m="42033" machi="76" ten="50,12000,1" yaku="4,1,14,1,10,1,52,2" doraHai="85" who="2" fromWho="2" sc="306,-40,293,-40,42,120,359,-40" />
</Scene>
<Scene>
<INIT seed="2,1,0,5,2,61" ten="266,253,162,319" oya="2" hai0="75,47,118,5,92,39,37,115,63,119,74,34,84" hai1="16,22,101,133,109,36,80,12,53,127,0,132,48" hai2="135,93,97,49,73,31,60,121,79,54,51,82,30" hai3="126,104,11,45,99,68,19,2,17,44,130,71,88"/><V134/><F121/><W28/><G28/><T123/><D123/><U94/><E36/><V66/><F51/><W52/><G126/><T32/><D115/><U1/><E127/><V64/><F60/><W38/><G130/><T62/><D5/><U21/><E21/><V117/><F117/><W72/><G72/><T112/><D112/><U124/><E124/><V102/><F30/><W4/><G71/><T120/><D120/><U95/><E80/><V100/><F100/><W14/><G68/><T105/><D92/><U65/><E65/><V24/><F31/><W111/><G111/><T35/><D84/><U108/><E1/><V7/><F24/><W67/><G67/><T90/><D34/><U10/><E0/><V41/><F7/><W91/><G104/><T55/><D105/><U26/><E108/><V125/><F41/><W78/><G78/><T25/><D25/><U76/><E76/><V110/><F110/><W9/><G99/><T122/><D122/><U56/><E109/><V77/><F77/><W57/><G38/><T89/><D47/><U116/><E116/><V46/><F125/><W83/><G19/><T98/><D98/><N who="1" m="59607" /><E95/><V3/><F3/><W86/><G91/><T43/><D43/><U29/><E29/><V96/><F96/><W106/><G106/><T128/><D128/><U103/><E103/><V81/><F81/><W69/><G69/><T23/><D23/><U13/><E10/><V107/><F107/><W42/><G42/><T8/><D8/><U85/><E85/><V70/><F70/><W114/><G114/><T20/><D20/><RYUUKYOKU ba="1,0" sc="266,0,253,0,162,0,319,0" hai0="32,35,37,39,55,62,63,74,75,89,90,118,119" hai1="12,13,16,22,26,48,53,56,132,133" hai2="46,49,54,64,66,73,79,82,93,97,102,134,135" hai3="2,4,9,11,14,17,44,45,52,57,83,86,88" />
</Scene>
<Scene>
<INIT seed="2,2,0,3,4,15" ten="266,253,162,319" oya="2" hai0="58,75,40,18,70,48,27,35,68,19,116,56,60" hai1="100,96,16,2,47,59,82,52,5,45,119,130,127" hai2="1,24,88,104,110,22,101,3,38,42,55,120,64" hai3="108,126,90,109,115,98,61,54,11,84,9,135,80"/><V113/><F120/><W132/><G115/><T4/><D75/><U77/><E119/><V106/><F113/><W118/><G118/><T129/><D116/><U112/><E112/><V99/><F42/><W125/><G98/><T12/><D129/><U83/><E130/><V36/><F55/><W133/><G61/><T57/><D4/><U105/><E127/><N who="3" m="48650" /><G54/><T32/><D27/><U78/><E2/><V29/><F110/><AGARI ba="2,0" hai="9,11,80,84,90,108,109,110,132,133,135" m="48650" machi="110" ten="40,5200,0" yaku="14,1,20,1,18,1" doraHai="15" who="3" fromWho="2" sc="266,0,253,0,162,-58,319,58" />
</Scene>
<Scene>
<INIT seed="3,0,0,5,3,110" ten="266,253,104,377" oya="3" hai0="46,21,63,134,37,100,48,29,96,19,16,26,77" hai1="69,80,65,57,107,8,90,10,112,126,14,132,22" hai2="73,87,25,38,111,0,44,12,103,31,117,83,27" hai3="51,1,40,33,34,128,35,108,59,135,68,72,125"/><W5/><G68/><T78/><D37/><U91/><E107/><V97/><F0/><W20/><G72/><T55/><D134/><U62/><E132/><V102/><F73/><W95/><G108/><T94/><D63/><U47/><E126/><V18/><F117/><W131/><G135/><T50/><D50/><U52/><E112/><V129/><F111/><W118/><G118/><T119/><D119/><U3/><E3/><V123/><F123/><W84/><G125/><T98/><D98/><U45/><E22/><V127/><F127/><W85/><G5/><T106/><D106/><U113/><E113/><V49/><F38/><W42/><G1/><T116/><D116/><U4/><E10/><V15/><F129/><N who="3" m="49739" /><G20/><T54/><D54/><U17/><E4/><V74/><F74/><W99/><G59/><T101/><D101/><U120/><E120/><V58/><F103/><N who="3" m="60927" /><G42/><T70/><D70/><U36/><E36/><V66/><F58/><W11/><G11/><T109/><D109/><U9/><E9/><V89/><F66/><W133/><G133/><T2/><D2/><U82/><E82/><V124/><F124/><W88/><G88/><N who="1" m="33834" /><E80/><V67/><F67/><W105/><G105/><T121/><D121/><U86/><E86/><V92/><F31/><W7/><G7/><T39/><D39/><U43/><E43/><V13/><F18/><AGARI ba="0,0" hai="16,18,19,21,26,29,46,48,55,77,78,94,96,100" machi="18" ten="40,2600,0" yaku="8,1,54,1" doraHai="110" who="0" fromWho="2" sc="266,26,253,0,104,-26,377,0" owari="292,9.0,253,-15.0,78,-42.0,377,48.0" />
</Scene>
</mjloggm>