<mjloggm ver="2.3"><GO type="41"/><UN n0="%E3%82%B9%E3%83%BC%E3%83%8B" n1="%E3%83%91%E3%83%BC%E3%83%AB%E3%83%A9%E3%82%A4%E3%82%B9" n2="%E5%A4%AA%E3%81%8F%E3%81%AA%E3%81%84%E3%81%8A" n3="%6E%69%6B%75%40%6E%61%6E" dan="14,13,15,14" rate="1973,1862,2056,1922" sx="M,M,M,M"/><TAIKYOKU oya="0"/>

<Scene>
<INIT seed="0,0,0,5,0,113" ten="250,250,250,250" oya="0" hai0="24,4,57,8,52,34,85,19,76,126,20,132,103" hai1="13,77,67,110,31,105,114,11,68,117,27,66,63" hai2="79,91,133,48,16,74,36,108,109,99,46,88,60" hai3="70,102,6,12,122,87,5,29,7,82,15,135,95"/><T107/><D132/><U47/><E114/><V123/><F123/><W111/><G135/><T1/><D126/><U101/><E77/><V3/><F3/><W98/><G122/><T116/><D116/><U62/><E47/><V58/><F36/><W78/><G111/><N who="2" m="42569" /><F133/><W94/><G70/><T83/><D34/><U45/><E45/><V93/><F79/><W54/><G29/><T53/><D53/><U25/><E110/><V86/><F74/><W106/><G106/><T10/><D107/><U32/><E27/><V119/><F16/><W64/><G64/><T18/><D103/><U55/><E55/><N who="2" m="33887" /><F119/><W71/><G71/><T2/><D10/><U115/><E115/><V56/><F56/><W80/><G54/><T97/><D97/><U125/><E125/><V22/><F22/><W39/><G39/><T44/><D44/><U49/><E49/><V121/><F121/><W134/><G134/><T28/><REACH who="0" step="1"/><D2/><REACH who="0" ten="240,250,250,250" step="2"/><U100/><E117/><V124/><F124/><W65/><G65/><T37/><D37/><U130/><E105/><V128/><F46/><W14/><G102/><T30/><D30/><U17/><E101/><V69/><F99/><W73/><G98/><T104/><D104/><U112/><E112/><V50/><F50/><AGARI ba="0,1" hai="1,4,8,18,19,20,24,28,50,52,57,76,83,85" machi="50" ten="30,5800,0" yaku="1,1,7,1,54,1,53,0" doraHai="113" doraHaiUra="40" who="0" fromWho="2" sc="240,68,250,0,250,-58,250,0" />
</Scene>
<Scene>
<INIT seed="0,1,0,4,0,69" ten="308,250,192,250" oya="0" hai0="28,35,123,118,36,51,101,88,77,13,128,86,25" hai1="134,66,24,45,100,4,21,8,117,41,84,40,114" hai2="71,50,79,70,85,19,16,15,109,135,27,115,1" hai3="125,46,52,111,29,73,7,116,60,37,110,104,87"/><T55/><D118/><U91/><E117/><V49/><F115/><W22/><G116/><T12/><D123/><U83/><E114/><V9/><F1/><W58/><G73/><T103/><D77/><U119/><E119/><V33/><F109/><N who="3" m="41483" /><G104/><T30/><D36/><U97/><E66/><V5/><F135/><W68/><G7/><T20/><D30/><U120/><E120/><V122/><F122/><W130/><G130/><T18/><D13/><U78/><E134/><V23/><F33/><W31/><G125/><T121/><D128/><U64/><E64/><V39/><F39/><W72/><G72/><T53/><D53/><U0/><E91/><V56/><F71/><W65/><G22/><T98/><D98/><U44/><E44/><V105/><F70/><W95/><G95/><T32/><D32/><U48/><E41/><V54/><F105/><W132/><G87/><T38/><D38/><U112/><E112/><V67/><F67/><W124/><G124/><T93/><D121/><U127/><E127/><V26/><F50/><N who="3" m="30999" /><G132/><T76/><D76/><U3/><E100/><V113/><F113/><W11/><G11/><T89/><D89/><U42/><E97/><V90/><F79/><W131/><G131/><T108/><D108/><U94/><E94/><N who="2" m="54607" /><F27/><W126/><G126/><T2/><D2/><U47/><E47/><AGARI ba="1,0" hai="12,18,20,25,28,35,47,51,55,86,88,93,101,103" machi="47" ten="30,2900,0" yaku="7,1,54,1" doraHai="69" who="0" fromWho="1" sc="308,32,250,-32,192,0,250,0" />
</Scene>
<Scene>
<INIT seed="0,2,0,0,5,118" ten="340,218,192,250" oya="0" hai0="34,43,98,5,104,121,132,55,79,47,91,54,109" hai1="15,105,72,88,99,36,33,62,68,42,119,20,97" hai2="31,120,49,48,130,50,41,56,1,19,133,114,44" hai3="13,111,35,16,28,135,112,26,83,67,58,70,14"/><T32/><D79/><U86/><E72/><V25/><F1/><W45/><G70/><T123/><D5/><U74/><E119/><V57/><F114/><W100/><G112/><T85/><D55/><U11/><E74/><V101/><F130/><W90/><G111/><T82/><D54/><U27/><E33/><V4/><F133/><W116/><G116/><T64/><D64/><U125/><E105/><V89/><F4/><W9/><G135/><T113/><D132/><U18/><E125/><V69/><F69/><W65/><G100/><T39/><D113/><U17/><E68/><V128/><F128/><W73/><G58/><T106/><D109/><U115/><E115/><V93/><F101/><W94/><G45/><T52/><D52/><U80/><E62/><V71/><F71/><W12/><G73/><T23/><D23/><U59/><REACH who="1" step="1"/><E59/><REACH who="1" ten="340,208,192,250" step="2"/><V81/><F56/><W95/><G35/><T92/><D106/><U134/><E134/><V30/><F57/><W117/><G117/><T124/><D104/><U102/><E102/><V77/><F44/><AGARI ba="2,1" hai="11,15,17,18,20,27,36,42,44,80,86,88,97,99" machi="44" ten="40,5200,0" yaku="1,1,54,1,53,1" doraHai="118" doraHaiUra="78" who="1" fromWho="2" sc="340,0,208,68,192,-58,250,0" />
</Scene>
<Scene>
<INIT seed="1,0,0,2,4,119" ten="340,276,134,250" oya="1" hai0="27,124,0,43,31,55,69,11,129,67,135,38,1" hai1="39,72,25,63,75,53,127,22,45,64,29,134,102" hai2="48,62,96,101,74,113,118,3,84,7,49,122,9" hai3="98,103,59,56,112,76,50,37,104,92,42,47,14"/><U30/><E39/><V80/><F118/><W81/><G112/><T107/><D55/><U94/><E127/><V33/><F33/><W71/><G71/><T114/><D114/><U44/><E134/><V68/><F74/><W87/><G37/><T26/><D26/><U133/><E133/><V85/><F113/><W90/><REACH who="3" step="1"/><G14/><REACH who="3" ten="340,276,134,240" step="2"/><T15/><D15/><U51/><E45/><V95/><F122/><W13/><G13/><T41/><D135/><U93/><E93/><V21/><F68/><W35/><G35/><T40/><D38/><U126/><E126/><V100/><F95/><W120/><G120/><T66/><D69/><U32/><E32/><V12/><F12/><W24/><G24/><T57/><D124/><U125/><E125/><V20/><F20/><W78/><G78/><T46/><D27/><U73/><E73/><AGARI ba="0,1" hai="42,47,50,56,59,73,76,81,87,90,92,98,103,104" machi="73" ten="30,8000,1" yaku="1,1,7,1,24,2,53,1" doraHai="119" doraHaiUra="83" who="3" fromWho="1" sc="340,0,276,-80,134,0,240,90" />
</Scene>
<Scene>
<INIT seed="2,0,0,2,4,130" ten="340,196,134,330" oya="2" hai0="107,10,71,69,114,106,100,26,25,45,93,27,97" hai1="64,67,132,53,80,101,58,116,4,111,50,38,85" hai2="87,29,90,13,84,79,122,135,44,129,112,30,40" hai3="83,115,103,73,121,19,8,95,75,35,133,39,9"/><V6/><F122/><W118/><G121/><T91/><D114/><U0/><E116/><V43/><F112/><W14/><G115/><T60/><D45/><U55/><E38/><V32/><F129/><W17/><G118/><T22/><D106/><U94/><E0/><V41/><F32/><W37/><G35/><T12/><D60/><U47/><E4/><V102/><F102/><W110/><G110/><T56/><D56/><U89/><E111/><V28/><F135/><W65/><G65/><T77/><D77/><U108/><E108/><V49/><F79/><W23/><G83/><T104/><D104/><U117/><E117/><V76/><F76/><W1/><G1/><T128/><D128/><U51/><E132/><V70/><F70/><W105/><G105/><T109/><D109/><U21/><E101/><V92/><REACH who="2" step="1"/><F87/><REACH who="2" ten="340,196,124,330" step="2"/><W52/><G103/><T31/><D71/><U63/><E63/><V113/><F113/><W131/><G133/><T125/><D69/><U99/><E99/><V54/><F54/><W72/><G131/><T78/><D78/><U81/><E81/><V120/><F120/><W88/><G52/><T82/><D107/><U57/><E80/><V86/><F86/><W2/><G75/><T11/><D82/><U5/><E5/><V134/><F134/><W20/><G73/><T124/><D100/><U36/><E36/><V18/><F18/><W119/><G72/><T66/><D66/><U46/><E46/><V48/><F48/><W15/><G119/><T34/><D34/><U123/><E123/><V98/><F98/><N who="3" m="57703" /><G37/><T33/><D33/><RYUUKYOKU ba="0,1" sc="340,-10,196,-10,124,30,330,-10" hai2="6,13,28,29,30,40,41,43,44,49,84,90,92" />
</Scene>
<Scene>
<INIT seed="2,1,1,5,2,127" ten="330,186,154,320" oya="2" hai0="120,53,61,46,47,97,102,22,65,105,92,122,123" hai1="36,35,30,87,84,20,28,94,63,132,108,12,67" hai2="18,91,116,44,24,37,71,34,43,32,56,80,3" hai3="88,19,49,40,2,130,125,39,109,51,74,16,55"/><V81/><F116/><W8/><G125/><T114/><D114/><U10/><E36/><V33/><F71/><W111/><G74/><T89/><D53/><U128/><E35/><V4/><F56/><W107/><G107/><T118/><D118/><U126/><E126/><V79/><F91/><W77/><G77/><T106/><D22/><U135/><E20/><V133/><F133/><W66/><G66/><T121/><D121/><U57/><E108/><N who="3" m="41546" /><G39/><T86/><REACH who="0" step="1"/><D106/><REACH who="0" ten="320,186,154,320" step="2"/><U0/><E135/><V21/><REACH who="2" step="1"/><F79/><REACH who="2" ten="320,186,144,320" step="2"/><W90/><G55/><T31/><D31/><U129/><E132/><V73/><F73/><W113/><G113/><T104/><D104/><U96/><E30/><V41/><F41/><W1/><G40/><T110/><D110/><U50/><E28/><V124/><F124/><W48/><G8/><AGARI ba="1,3" hai="3,4,8,18,21,24,32,33,34,37,43,44,80,81" machi="8" ten="40,3900,0" yaku="1,1,53,1" doraHai="127" doraHaiUra="42" who="2" fromWho="3" sc="320,0,186,0,144,72,320,-42" />
</Scene>
<Scene>
<INIT seed="2,2,0,3,4,46" ten="320,186,216,278" oya="2" hai0="43,51,36,125,107,58,64,108,123,16,61,19,26" hai1="63,18,128,106,21,67,29,28,2,30,133,88,59" hai2="57,130,22,114,44,48,24,77,76,80,117,5,12" hai3="79,90,72,55,132,111,120,11,1,94,68,98,13"/><V50/><F117/><W91/><G120/><T93/><D107/><U62/><E106/><V31/><F114/><W65/><G1/><T134/><D123/><U73/><E73/><V14/><F130/><W82/><G132/><T86/><D134/><U37/><E37/><V105/><F105/><W81/><G111/><T75/><D75/><U115/><E115/><V60/><F5/><W103/><G68/><T95/><D108/><U0/><E133/><V87/><F76/><W17/><G65/><T8/><D125/><U15/><E128/><V89/><F77/><W39/><G39/><T52/><D86/><U53/><E2/><V38/><F38/><W23/><G82/><T70/><D26/><U124/><E0/><V96/><F96/><W121/><G121/><T20/><D20/><U27/><E124/><V35/><F35/><W99/><G23/><T112/><D112/><U97/><E63/><V32/><F32/><W100/><REACH who="3" step="1"/><G55/><REACH who="3" ten="320,186,216,268" step="2"/><T116/><D116/><U47/><E67/><N who="2" m="39311" /><F44/><W42/><G42/><T7/><D36/><U127/><E127/><V66/><F66/><W110/><G110/><T33/><D43/><U71/><E71/><V3/><F3/><W122/><G122/><T9/><D33/><U84/><E47/><V45/><F45/><W83/><G83/><T101/><D64/><U56/><E56/><V10/><F10/><W135/><G135/><T78/><D70/><U85/><REACH who="1" step="1"/><E15/><AGARI ba="2,1" hai="12,14,15,22,24,31,48,50,80,87,89" m="39311" machi="15" ten="30,5800,0" yaku="8,1,52,2" doraHai="46" who="2" fromWho="1" sc="320,0,186,-64,216,74,268,0" />
</Scene>
<Scene>
<INIT seed="2,3,0,1,4,63" ten="320,122,290,268" oya="2" hai0="18,46,52,49,132,9,133,119,81,20,127,12,69" hai1="103,95,84,67,101,91,17,0,135,21,80,61,123" hai2="83,87,121,66,94,29,68,126,2,11,120,112,110" hai3="131,90,108,78,22,38,65,23,113,111,55,28,74"/><V124/><F112/><W96/><G131/><T51/><D69/><U88/><E0/><V13/><F2/><W34/><G113/><T64/><D119/><U33/><E33/><V43/><F43/><W86/><G38/><T93/><D127/><N who="2" m="48682" /><F29/><W75/><G34/><T40/><D93/><U19/><E135/><N who="0" m="51785" /><D81/><U59/><E123/><V54/><F94/><W47/><G75/><T44/><D9/><U56/><E17/><N who="2" m="8383" /><F54/><W45/><G65/><AGARI ba="3,0" hai="12,18,20,40,44,46,49,51,52,64,65" m="51785" machi="65" ten="30,7700,0" yaku="20,1,52,2,54,1" doraHai="63" who="0" fromWho="3" sc="320,86,122,0,290,0,268,-86" />
</Scene>
<Scene>
<INIT seed="3,0,0,3,4,15" ten="406,122,290,182" oya="3" hai0="19,66,49,133,71,11,79,115,43,44,121,83,40" hai1="30,16,81,67,124,129,88,63,110,131,8,6,108" hai2="23,32,62,58,116,117,39,61,107,38,102,22,120" hai3="56,27,42,100,112,76,24,46,50,118,17,77,106"/><W5/><G112/><T122/><D115/><U74/><E30/><V101/><F58/><W4/><G118/><T33/><D33/><U135/><E135/><V47/><F47/><W9/><G106/><T64/><D133/><U59/><E74/><V130/><F32/><W31/><G100/><T51/><D71/><U7/><E124/><V84/><F84/><W128/><G128/><N who="1" m="49226" /><E7/><N who="3" m="2634" /><G31/><T75/><D122/><U78/><E6/><V53/><F130/><W86/><G56/><T97/><D97/><U34/><E34/><V28/><F28/><W111/><G111/><N who="1" m="42538" /><E78/><N who="3" m="30314" /><G86/><T125/><D121/><U134/><E134/><V126/><F120/><W1/><G1/><T104/><D104/><U98/><E98/><V95/><F107/><W45/><G46/><T94/><D125/><U41/><E41/><V109/><F126/><W132/><G132/><T21/><D94/><U3/><E3/><V25/><F109/><W80/><G80/><T60/><D83/><U36/><E36/><V0/><F95/><W35/><G35/><T70/><D79/><U12/><E81/><V57/><F0/><W26/><G9/><T99/><D11/><U114/><E114/><V69/><F39/><W113/><G113/><T127/><D44/><U123/><E123/><V37/><F38/><W96/><G96/><T87/><D99/><U90/><AGARI ba="0,0" hai="8,12,16,59,63,67,88,90" m="42538,49226" machi="90" ten="40,8000,1" yaku="19,1,14,1,52,1,54,2" doraHai="15" who="1" fromWho="1" sc="406,-20,122,80,290,-20,182,-40" />
</Scene>
<Scene>
<INIT seed="4,0,0,3,3,49" ten="386,202,270,142" oya="0" hai0="31,127,27,107,85,90,82,15,134,106,26,118,113" hai1="122,41,18,48,35,67,121,43,22,51,129,2,105" hai2="65,53,84,119,83,6,109,29,73,133,78,7,23" hai3="21,96,102,70,14,8,116,19,98,28,5,114,95"/><T125/><D118/><U66/><E35/><V45/><F109/><W123/><G116/><T9/><D113/><U57/><E2/><V37/><F119/><W56/><G70/><T16/><D134/><U72/><E72/><V135/><F65/><W39/><G114/><T94/><D94/><U112/><E112/><V1/><F84/><W60/><G123/><T63/><D63/><U0/><E0/><V99/><F99/><W59/><G39/><T87/><D87/><U120/><E105/><V126/><F126/><N who="0" m="48138" /><D26/><U71/><E129/><V100/><F100/><W33/><G33/><AGARI ba="0,0" hai="9,15,16,27,31,33,82,85,90,106,107" m="48138" machi="33" ten="30,2900,0" yaku="18,1,54,1" doraHai="49" who="0" fromWho="3" sc="386,29,202,0,270,0,142,-29" />
</Scene>
<Scene>
<INIT seed="4,1,0,3,1,119" ten="415,202,270,113" oya="0" hai0="65,38,135,20,126,77,22,74,108,97,24,48,116" hai1="69,66,16,78,34,100,122,6,18,83,103,63,120" hai2="36,99,8,3,132,60,87,68,31,81,41,67,13" hai3="49,91,44,105,93,89,61,27,114,98,46,2,56"/><T21/><D116/><U115/><E34/><V121/><F132/><W15/><G114/><T51/><D38/><U101/><E6/><V42/><F3/><W37/><G37/><T4/><D4/><U53/><E53/><V45/><F42/><W85/><G2/><T96/><D65/><U130/><E130/><V134/><F134/><W106/><G27/><T118/><D118/><U26/><E115/><V23/><F99/><W92/><G15/><T58/><D135/><U30/><E30/><V52/><F31/><W28/><G28/><T80/><D24/><U109/><E109/><V123/><F23/><W117/><G117/><T9/><D9/><U35/><E35/><V47/><F47/><W55/><REACH who="3" step="1"/><G44/><REACH who="3" ten="415,202,270,103" step="2"/><T32/><D32/><U129/><E129/><V40/><F40/><AGARI ba="1,1" hai="40,46,49,55,56,61,85,89,91,92,93,98,105,106" machi="40" ten="30,3900,0" yaku="1,1,2,1,7,1,53,0" doraHai="119" doraHaiUra="125" who="3" fromWho="2" sc="415,0,202,0,270,-42,103,52" />
</Scene>
<Scene>
<INIT seed="5,0,0,0,0,59" ten="415,202,228,155" oya="1" hai0="16,25,97,46,60,15,90,123,76,116,95,83,14" hai1="49,50,119,44,42,82,70,30,78,74,56,5,3" hai2="40,81,53,72,107,27,21,93,73,99,19,23,69" hai3="120,124,130,122,108,126,89,125,33,13,135,86,112"/><U43/><E119/><V121/><F121/><N who="3" m="46699" /><G33/><T85/><D116/><U20/><E70/><V105/><F69/><W48/><G13/><T32/><D123/><U64/><E5/><V94/><F40/><W58/><G48/><T8/><D32/><U9/><E3/><V65/><F65/><W22/><G22/><T87/><D46/><U18/><E9/><V38/><F38/><W57/><G108/><T96/><D25/><U34/><E34/><V77/><F73/><W51/><G51/><T109/><D109/><U35/><E35/><V29/><F53/><W45/><G45/><T110/><D110/><U100/><E30/><V80/><F80/><W134/><G58/><T117/><D117/><U67/><E100/><V63/><F63/><W104/><G57/><T52/><D15/><U66/><E50/><V37/><F37/><W115/><G104/><T55/><D60/><N who="1" m="37895" /><E74/><V106/><REACH who="2" step="1"/><F99/><AGARI ba="0,0" hai="8,14,16,52,55,76,83,85,87,90,95,96,97,99" machi="99" ten="40,5200,0" yaku="8,1,54,2" doraHai="59" who="0" fromWho="2" sc="415,52,202,0,228,-52,155,0" />
</Scene>
<Scene>
<INIT seed="6,0,0,5,2,15" ten="467,202,176,155" oya="2" hai0="41,115,49,52,118,64,117,18,107,123,53,59,134" hai1="22,78,36,131,26,119,60,113,126,95,104,24,130" hai2="114,103,61,96,128,42,85,111,109,101,14,19,17" hai3="50,8,124,51,90,10,83,69,86,48,94,102,76"/><V81/><F114/><W84/><G69/><T132/><D107/><U43/><E119/><N who="0" m="45577" /><D18/><N who="2" m="6666" /><F14/><W105/><G124/><T37/><D123/><U98/><E104/><V110/><F128/><W47/><G105/><T1/><D1/><U89/><E26/><V30/><F30/><W56/><G102/><T11/><D11/><N who="3" m="4137" /><G56/><N who="0" m="32783" /><D64/><U74/><E113/><V75/><F75/><W46/><AGARI ba="0,0" hai="46,47,48,50,51,76,83,84,86,90,94" m="4137" machi="46" ten="30,1100,0" yaku="8,1" doraHai="15" who="3" fromWho="3" sc="467,-3,202,-3,176,-5,155,11" />
</Scene>
<Scene>
<INIT seed="7,0,0,4,5,68" ten="464,199,171,166" oya="3" hai0="30,90,132,75,99,22,35,100,17,85,86,28,4" hai1="94,135,102,25,54,95,96,37,123,38,127,3,76" hai2="87,122,62,60,119,53,82,48,126,118,92,97,6" hai3="29,14,115,51,71,10,0,131,117,81,124,26,61"/><W27/><G117/><T67/><D75/><U91/><E3/><V79/><F126/><W104/><G124/><T105/><D4/><U58/><E127/><V116/><F122/><W36/><G36/><T1/><D1/><U88/><E76/><V19/><F6/><W84/><G0/><T89/><D67/><U15/><E123/><V69/><F19/><W40/><G104/><T5/><D5/><U73/><E73/><V31/><F31/><W111/><G115/><T42/><D42/><U112/><E112/><V83/><F83/><W101/><G101/><T74/><D74/><U12/><E25/><V65/><F62/><W16/><G131/><T120/><D35/><U47/><E47/><V66/><F66/><W55/><G111/><T18/><D120/><U45/><E45/><V134/><F134/><W63/><G71/><T2/><D2/><U121/><E135/><V56/><REACH who="2" step="1"/><F119/><REACH who="2" ten="464,199,161,166" step="2"/><W13/><G40/><T49/><D132/><U7/><E121/><V8/><F8/><N who="3" m="6183" /><G29/><T72/><D18/><U129/><E129/><V57/><F57/><N who="3" m="33023" /><G63/><T77/><D30/><U41/><E7/><V109/><F109/><W11/><G61/><T78/><D28/><U107/><E12/><V130/><F130/><W59/><G59/><T64/><D64/><U110/><E15/><V113/><F113/><W39/><G39/><T32/><D17/><U33/><E110/><V133/><F133/><W44/><G44/><T23/><D32/><U80/><E33/><V106/><F106/><W21/><G21/><T114/><D23/><U43/><E107/><V52/><F52/><RYUUKYOKU ba="0,1" sc="464,-10,199,-10,161,30,166,-10" hai2="48,53,56,60,65,69,79,82,87,92,97,116,118" owari="464,56.0,189,-21.0,191,-1.0,156,-34.0" />
</Scene>
</mjloggm>