<mjloggm ver="2.3"><GO type="169"/><UN n0="%E5%A4%AA%E3%81%8F%E3%81%AA%E3%81%84%E3%81%8A" n1="%40%E9%A6%AC%E6%9D%89%E5%AF%A7%E9%A6%99" n2="%E3%83%AD%E3%83%AA%E3%83%BC%E3%82%BF%E3%81%AA%E7%84%BC%E8%82%89" n3="%79%61%6D%61%74%61" dan="17,17,17,16" rate="2170,2117,2081,2017" sx="M,M,F,M"/><TAIKYOKU oya="0"/>

<Scene>
<INIT seed="0,0,0,2,1,60" ten="250,250,250,250" oya="0" hai0="42,57,134,125,92,128,81,122,88,0,10,72,19" hai1="20,74,71,106,26,5,86,109,49,4,6,11,97" hai2="52,2,95,35,24,99,70,103,56,58,90,67,53" hai3="40,17,126,61,16,45,9,29,131,63,65,120,47"/><T15/><D122/><U107/><E74/><V55/><F2/><W36/><G120/><T73/><D134/><U68/><E11/><V23/><F35/><W127/><G63/><T79/><D128/><U48/><E109/><V117/><F117/><W113/><G113/><T129/><D129/><U59/><E86/><V110/><F110/><W93/><G29/><T76/><D125/><U50/><E59/><N who="2" m="22571" /><F70/><W123/><G123/><T77/><D42/><U87/><E87/><V12/><F12/><W75/><G75/><T85/><D0/><U82/><E82/><V101/><F67/><W43/><G9/><T91/><REACH who="0" step="1"/><D57/><REACH who="0" ten="240,250,250,250" step="2"/><U69/><REACH who="1" step="1"/><E97/><AGARI ba="0,1" hai="10,15,19,72,73,76,77,79,81,85,88,91,92,97" machi="97" ten="40,7700,0" yaku="1,1,2,1,54,1,53,0" doraHai="60" doraHaiUra="124" who="0" fromWho="1" sc="240,87,250,-77,250,0,250,0" />
</Scene>
<Scene>
<INIT seed="0,1,0,3,3,33" ten="327,173,250,250" oya="0" hai0="74,78,91,50,76,89,128,2,53,123,92,39,95" hai1="49,32,4,118,96,112,61,8,40,101,35,14,31" hai2="108,55,77,75,16,63,127,99,26,66,102,94,11" hai3="58,15,126,25,73,43,23,87,85,20,62,82,124"/><T131/><D39/><U51/><E118/><V111/><F127/><W83/><G43/><T125/><D123/><U13/><E112/><V84/><F75/><W45/><G45/><T67/><D67/><U79/><E79/><N who="0" m="30249" /><D74/><U7/><E61/><V9/><F55/><W132/><G15/><T47/><D125/><N who="3" m="48233" /><G132/><T106/><D106/><U117/><E117/><V0/><F0/><W134/><G134/><T17/><D17/><U110/><E110/><N who="2" m="42027" /><F84/><N who="3" m="32331" /><G73/><T1/><D95/><U122/><E122/><V90/><F77/><W71/><G71/><T103/><D103/><U56/><E40/><V22/><F102/><W119/><G119/><T86/><D91/><U57/><E31/><V130/><F130/><AGARI ba="1,0" hai="1,2,47,50,53,86,89,92,128,130,131" m="30249" machi="130" ten="30,5800,0" yaku="19,1,52,2" doraHai="33" who="0" fromWho="2" sc="327,61,173,0,250,-61,250,0" />
</Scene>
<Scene>
<INIT seed="0,2,0,1,0,81" ten="388,173,189,250" oya="0" hai0="105,96,7,37,72,40,70,21,55,101,107,118,65" hai1="88,94,2,120,29,22,74,32,17,111,4,129,71" hai2="45,35,77,5,61,119,121,31,67,44,130,73,23" hai3="12,13,43,48,108,25,127,79,87,95,16,15,116"/><T68/><D118/><U36/><E71/><V75/><F121/><W90/><G116/><T102/><D72/><U99/><E120/><V3/><F119/><W62/><G108/><T93/><D7/><U47/><E111/><V39/><F130/><W110/><G110/><T113/><D113/><U128/><E74/><V124/><F124/><W122/><G127/><T98/><D55/><U69/><E69/><V123/><F123/><W100/><G62/><T42/><D65/><U30/><E36/><V24/><F45/><W53/><G43/><T78/><D78/><U6/><E47/><V1/><F23/><W109/><G109/><T104/><D21/><U8/><E4/><V84/><F84/><N who="3" m="52679" /><G100/><T51/><D51/><U27/><REACH who="1" step="1"/><E30/><REACH who="1" ten="388,163,189,250" step="2"/><V125/><F75/><W112/><G122/><T59/><D59/><U126/><E126/><V18/><F5/><W10/><G112/><T114/><D114/><U66/><E66/><V85/><F73/><W52/><G25/><AGARI ba="2,1" hai="2,6,8,17,22,25,27,29,32,88,94,99,128,129" machi="25" ten="40,2600,0" yaku="1,1,54,1,53,0" doraHai="81" doraHaiUra="46" who="1" fromWho="3" sc="388,0,163,42,189,0,250,-32" />
</Scene>
<Scene>
<INIT seed="1,0,0,3,3,56" ten="388,205,189,218" oya="1" hai0="86,69,4,23,10,35,65,52,7,95,96,11,28" hai1="53,33,132,73,119,15,94,55,0,51,108,58,50" hai2="40,98,109,44,45,34,46,68,79,116,13,48,37" hai3="133,75,131,41,49,123,39,57,43,47,42,129,29"/><U106/><E106/><V9/><F34/><W99/><G75/><T17/><D86/><U24/><E0/><V112/><F116/><W61/><G29/><T80/><D80/><U38/><E73/><V125/><F109/><W30/><G30/><T77/><D77/><U89/><E38/><V128/><F128/><N who="3" m="49227" /><G99/><T16/><D35/><U127/><E119/><V124/><F68/><W81/><G81/><T19/><D69/><U22/><E108/><V74/><F112/><W60/><G123/><T31/><D65/><U90/><E132/><V63/><F79/><W134/><G39/><T1/><D23/><U92/><E127/><V120/><F37/><W84/><G84/><T122/><D122/><U21/><E33/><V20/><F98/><W67/><G61/><T107/><D107/><U3/><E3/><V135/><F74/><W8/><G8/><T72/><D72/><U97/><E15/><V91/><F120/><W12/><G12/><T78/><D78/><U93/><E97/><V88/><F20/><N who="1" m="7785" /><E24/><V59/><F125/><W64/><G64/><T71/><D1/><U54/><E58/><V87/><F124/><W111/><G111/><T76/><D71/><U82/><E82/><N who="2" m="49271" /><F13/><W6/><G6/><T62/><D31/><U103/><E103/><V118/><F9/><N who="0" m="3082" /><D28/><U26/><E26/><V115/><F118/><W104/><G104/><T85/><D85/><U110/><E110/><V70/><F70/><W126/><G126/><T130/><D130/><U121/><E121/><V18/><F59/><W113/><G113/><T117/><D117/><U2/><E2/><RYUUKYOKU ba="0,0" sc="388,-15,205,15,189,-15,218,15" hai1="50,51,53,54,55,89,90,92,93,94" hai3="41,42,43,47,49,57,60,67,133,134" />
</Scene>
<Scene>
<INIT seed="1,1,0,4,0,74" ten="373,220,174,233" oya="1" hai0="31,133,106,97,11,17,23,68,70,95,1,118,24" hai1="51,36,38,117,32,69,67,102,30,4,54,41,50" hai2="12,121,125,13,7,90,89,64,44,127,47,62,55" hai3="100,80,91,124,46,96,123,59,40,29,120,134,60"/><U129/><E4/><V126/><F121/><W81/><G134/><T78/><D118/><U110/><E102/><V88/><F55/><W94/><G29/><T131/><D106/><U18/><E18/><V119/><F119/><W15/><G15/><N who="2" m="5705" /><F7/><W76/><G81/><T56/><D133/><U71/><E117/><V109/><F109/><W16/><G16/><T79/><D131/><U93/><E30/><V37/><F37/><N who="1" m="14441" /><E32/><V107/><F107/><W19/><G19/><T115/><D115/><U98/><E93/><V48/><F48/><W114/><G100/><N who="0" m="60479" /><D70/><AGARI ba="1,0" hai="44,47,62,64,70,88,89,90,125,126,127" m="5705" machi="70" ten="40,2600,0" yaku="18,1,54,1" doraHai="74" who="2" fromWho="0" sc="373,-29,220,0,174,29,233,0" />
</Scene>
<Scene>
<INIT seed="2,0,0,3,4,56" ten="344,220,203,233" oya="2" hai0="54,73,104,122,44,27,105,8,68,63,71,19,36" hai1="78,128,67,60,135,51,107,20,29,117,1,81,52" hai2="64,125,46,21,22,24,18,53,14,126,43,97,25" hai3="17,2,23,57,114,15,32,74,82,75,28,84,120"/><V34/><F53/><W16/><G120/><T121/><D73/><U102/><E1/><V93/><F34/><W13/><G2/><T0/><D54/><U115/><E117/><V100/><F64/><W85/><G85/><T47/><D19/><U11/><E115/><V45/><F14/><W70/><G70/><T112/><D27/><N who="1" m="16615" /><E107/><N who="0" m="41033" /><D44/><N who="1" m="27751" /><E135/><V69/><F69/><W101/><G101/><T89/><D89/><U76/><E128/><V127/><REACH who="2" step="1"/><F43/><REACH who="2" ten="344,220,193,233" step="2"/><W106/><G13/><T111/><D71/><U109/><E67/><V33/><F33/><W9/><G15/><T123/><D112/><U134/><E134/><V95/><F95/><W7/><G32/><T41/><D111/><U5/><E109/><V86/><F86/><W108/><G84/><T10/><D10/><U38/><E11/><V79/><F79/><W66/><G9/><T3/><D8/><U4/><E78/><V62/><F62/><W77/><G77/><T96/><D96/><U94/><E60/><V40/><F40/><W6/><G108/><T103/><D3/><U132/><E132/><V129/><F129/><W12/><G106/><T116/><D0/><U92/><E92/><V35/><F35/><W119/><G12/><T59/><D68/><U110/><E110/><V58/><F58/><W61/><G57/><T87/><D87/><U113/><E113/><V91/><F91/><W130/><G130/><T124/><D63/><U55/><E94/><V42/><F42/><W26/><G61/><T133/><D133/><U30/><E76/><V98/><F98/><W39/><G114/><T88/><D59/><RYUUKYOKU ba="0,1" sc="344,-10,220,-10,193,30,233,-10" hai2="18,21,22,24,25,45,46,93,97,100,125,126,127" />
</Scene>
<Scene>
<INIT seed="2,1,1,4,3,109" ten="334,210,223,223" oya="2" hai0="6,69,91,130,51,123,39,34,106,83,127,35,64" hai1="26,86,20,28,66,75,135,46,88,117,118,15,30" hai2="11,0,24,1,60,29,82,12,114,63,129,100,41" hai3="73,97,132,48,56,21,112,4,2,61,70,128,126"/><V5/><F129/><W94/><G128/><T65/><D130/><U95/><E75/><V62/><F114/><W32/><G32/><T8/><D123/><U17/><E135/><V53/><F41/><W13/><G70/><T122/><D122/><U37/><E66/><V93/><F82/><W18/><G73/><T67/><D39/><U72/><E72/><V101/><F53/><W119/><G119/><T92/><D106/><U71/><E71/><V45/><F45/><W40/><G132/><T87/><D127/><U10/><REACH who="1" step="1"/><E28/><REACH who="1" ten="334,200,223,223" step="2"/><V85/><F85/><W58/><G126/><T131/><D131/><U14/><E14/><V80/><F80/><W43/><G13/><T96/><D69/><U89/><E89/><V116/><F116/><W33/><G2/><T9/><D67/><U78/><E78/><V55/><F1/><W107/><G61/><T19/><D65/><U98/><E98/><N who="2" m="59471" /><F0/><W74/><G74/><T124/><D64/><U111/><E111/><V7/><F101/><W103/><G97/><T77/><D124/><U22/><E22/><N who="2" m="15511" /><F62/><W105/><G103/><T102/><D34/><U38/><E38/><V68/><F68/><W57/><G33/><T23/><D35/><U76/><E76/><V42/><F63/><W104/><G21/><T47/><D102/><U44/><E44/><V115/><F60/><W16/><G105/><T113/><D47/><U84/><E84/><V110/><F110/><W49/><G104/><T125/><D125/><U50/><E50/><V59/><F12/><W54/><G107/><T36/><D36/><U133/><E133/><RYUUKYOKU ba="1,2" sc="334,-10,200,30,223,-10,223,-10" hai1="10,15,17,20,26,30,37,46,86,88,95,117,118" />
</Scene>
<Scene>
<INIT seed="3,2,2,5,5,120" ten="324,230,213,213" oya="3" hai0="42,65,103,86,2,21,124,116,84,33,24,30,128" hai1="72,118,91,44,23,110,5,122,107,14,105,75,113" hai2="19,78,8,104,49,123,66,82,73,125,79,80,45" hai3="41,94,117,57,68,32,90,46,47,37,97,7,25"/><W81/><G117/><T48/><D116/><U16/><E122/><V39/><F104/><W130/><G68/><T54/><D2/><U58/><E118/><V11/><F123/><W77/><G7/><T55/><D128/><U76/><E113/><V133/><F133/><W100/><G130/><T10/><D124/><U102/><E5/><V43/><F125/><W96/><G47/><N who="0" m="25719" /><D33/><U50/><E58/><V112/><F112/><W56/><G25/><T119/><D119/><U28/><E28/><V134/><F134/><W17/><G17/><T114/><D114/><U61/><E61/><V59/><F19/><W121/><G32/><T115/><D115/><U98/><E105/><V40/><F40/><W36/><G36/><T60/><D103/><U69/><E69/><V132/><F132/><W6/><G6/><T34/><D34/><U20/><E23/><V131/><F131/><W62/><G62/><T92/><D10/><U111/><E91/><V51/><F66/><W88/><G90/><N who="0" m="53319" /><D86/><U12/><E12/><V9/><REACH who="2" step="1"/><F59/><AGARI ba="2,2" hai="21,24,30,54,55,59,60,65" m="53319,25719" machi="59" ten="30,1000,0" yaku="8,1" doraHai="120" who="0" fromWho="2" sc="324,36,230,0,213,-16,213,0" />
</Scene>
<Scene>
<INIT seed="4,0,0,1,5,23" ten="360,230,197,213" oya="0" hai0="94,124,49,127,122,22,39,62,72,15,4,134,20" hai1="32,27,10,84,29,123,38,113,71,51,105,73,110" hai2="129,24,116,53,28,25,107,0,48,66,44,65,74" hai3="55,43,114,30,33,41,6,60,95,16,42,2,112"/><T88/><D39/><U61/><E123/><V47/><F74/><W13/><G2/><T31/><D122/><U117/><E117/><V58/><F129/><W92/><G6/><T87/><D72/><U106/><E110/><V102/><F0/><W83/><G83/><T108/><D108/><U135/><E38/><V64/><F116/><W131/><G131/><T81/><D134/><U69/><E73/><V121/><F121/><W17/><G33/><T133/><D133/><U9/><E135/><V128/><F128/><W86/><G30/><T119/><D119/><U77/><E113/><N who="3" m="43626" /><G86/><T103/><D62/><U57/><E51/><V18/><F18/><N who="3" m="7275" /><G13/><T5/><D31/><U132/><E132/><V89/><F89/><W125/><G125/><N who="0" m="48203" /><D49/><U111/><E111/><V130/><F130/><W50/><G60/><T104/><D104/><U70/><E106/><V67/><N who="2" m="16384" /><DORA hai="11" /><V100/><F107/><W3/><G3/><T19/><D22/><U76/><E105/><V97/><F28/><W12/><G12/><T35/><D35/><U34/><E32/><V40/><F97/><AGARI ba="0,0" hai="4,5,15,19,20,81,87,88,94,97,103" m="48203" machi="97" ten="30,5800,0" yaku="18,1,52,1,54,1" doraHai="23,11" who="0" fromWho="2" sc="360,58,230,0,197,-58,213,0" />
</Scene>
<Scene>
<INIT seed="4,1,0,1,0,44" ten="418,230,139,213" oya="0" hai0="129,77,58,80,10,0,9,111,72,101,128,34,103" hai1="11,3,4,50,86,20,120,81,118,108,75,95,6" hai2="23,130,134,38,87,13,132,29,114,93,25,126,68" hai3="135,121,47,105,42,31,84,122,43,100,79,32,22"/><T18/><D34/><U14/><E118/><V94/><F68/><W53/><G32/><T88/><D111/><U110/><E120/><N who="3" m="46186" /><G105/><T115/><D115/><U40/><E75/><V124/><F38/><W74/><G100/><N who="0" m="38475" /><D0/><U76/><E95/><N who="2" m="36363" /><F114/><W69/><G69/><T56/><D88/><U45/><REACH who="1" step="1"/><E20/><REACH who="1" ten="418,220,139,213" step="2"/><V123/><F123/><W67/><G74/><T92/><D92/><U62/><E62/><V1/><F23/><W2/><G22/><T24/><D72/><U16/><E16/><V26/><F87/><W127/><G84/><T15/><D18/><U8/><AGARI ba="1,1" hai="3,4,6,8,11,14,40,45,50,76,81,86,108,110" machi="8" ten="30,12000,2" yaku="1,1,0,1,25,2,52,1,53,1" doraHai="44" doraHaiUra="41" who="1" fromWho="1" sc="418,-61,220,133,139,-31,213,-31" />
</Scene>
<Scene>
<INIT seed="5,0,0,2,4,8" ten="357,353,108,182" oya="1" hai0="99,4,19,91,124,26,54,87,90,53,101,55,1" hai1="17,14,43,84,44,118,115,133,25,74,122,69,117" hai2="134,61,135,111,32,42,9,57,38,126,6,24,46" hai3="88,121,98,128,10,104,77,127,2,63,86,34,56"/><U62/><E74/><V112/><F111/><W28/><G121/><T37/><D37/><U78/><E122/><V89/><F126/><W51/><G34/><T39/><D39/><U7/><E133/><V92/><F112/><W76/><G28/><T13/><D124/><U113/><E7/><V27/><F27/><W0/><G51/><T66/><D66/><N who="1" m="41175" /><E25/><V82/><F82/><W130/><G127/><T59/><D1/><U64/><E64/><V20/><F32/><W103/><G2/><T65/><D26/><U18/><E78/><V71/><F71/><W81/><G0/><T116/><D4/><U48/><E84/><V36/><F36/><W33/><G10/><N who="0" m="6583" /><D116/><U79/><E79/><V102/><F102/><W132/><G33/><T114/><D114/><N who="1" m="43531" /><E17/><V47/><F134/><W49/><G132/><T107/><D87/><U5/><E5/><V45/><F135/><W35/><G35/><T85/><D85/><U50/><E50/><V131/><F6/><W94/><G49/><T15/><D65/><U125/><E125/><V106/><F24/><W119/><G119/><T23/><D59/><U73/><E73/><V100/><F57/><W129/><REACH who="3" step="1"/><G81/><REACH who="3" ten="357,353,108,172" step="2"/><T105/><D105/><U75/><E118/><V80/><F106/><W3/><G3/><T83/><D83/><U96/><E117/><V31/><F80/><W16/><G16/><N who="0" m="10655" /><D107/><U12/><E75/><V70/><F38/><W58/><G58/><T97/><D101/><U123/><E123/><V95/><F100/><W40/><G40/><T22/><D22/><N who="1" m="11607" /><E12/><V52/><F42/><W41/><G41/><RYUUKYOKU ba="0,1" sc="357,10,353,10,108,-30,172,10" hai0="53,54,55,90,91,97,99" hai1="43,44,48,96" hai3="56,63,76,77,86,88,94,98,103,104,128,129,130" />
</Scene>
<Scene>
<INIT seed="5,1,1,5,4,46" ten="367,363,78,182" oya="1" hai0="121,51,95,77,124,44,126,115,76,80,129,122,40" hai1="84,93,125,25,24,78,27,132,59,110,43,79,102" hai2="14,120,75,100,97,130,12,105,21,35,58,47,106" hai3="5,26,101,8,60,103,42,28,37,52,65,112,83"/><U134/><E125/><N who="0" m="48233" /><D115/><U117/><E117/><V19/><F120/><N who="0" m="46186" /><D129/><U34/><E34/><V81/><F35/><W9/><G42/><T39/><D95/><U88/><E110/><V104/><F130/><W91/><G37/><T20/><D20/><U62/><E43/><V123/><F123/><W1/><G9/><T64/><D64/><N who="1" m="39007" /><E102/><V82/><F47/><W90/><G112/><T10/><D10/><U73/><E73/><V70/><F70/><W98/><G83/><T68/><D68/><U67/><E67/><V2/><F2/><W72/><G72/><N who="0" m="43015" /><D77/><U36/><E36/><AGARI ba="1,1" hai="36,39,40,44,51" m="43015,46186,48233" machi="36" ten="30,3900,0" yaku="18,1,13,1,52,1" doraHai="46" who="0" fromWho="1" sc="367,52,363,-42,78,0,182,0" />
</Scene>
<Scene>
<INIT seed="6,0,0,5,4,49" ten="419,321,78,182" oya="2" hai0="12,39,94,99,7,126,44,133,55,124,121,116,98" hai1="89,59,111,76,16,36,30,47,35,33,24,123,73" hai2="105,80,135,85,71,101,115,48,95,102,118,62,114" hai3="28,90,58,110,92,43,8,77,103,106,81,21,113"/><V5/><F105/><W84/><G110/><T13/><D121/><U34/><E111/><V74/><F118/><W50/><G8/><T117/><D133/><U19/><E123/><V2/><F135/><W134/><G134/><T46/><D39/><U1/><E1/><V25/><F25/><W91/><G91/><T87/><D87/><U17/><E89/><V63/><F74/><W9/><G9/><N who="0" m="4159" /><D13/><U131/><E131/><V4/><F95/><W37/><G37/><T109/><D98/><U60/><E47/><N who="0" m="17961" /><D55/><U42/><E42/><V38/><F38/><W127/><G43/><T128/><D128/><U57/><E36/><V26/><F2/><W14/><G14/><T22/><D22/><U96/><E96/><V83/><F26/><W86/><G21/><T64/><D64/><U70/><E70/><V93/><F93/><W40/><G40/><T67/><D67/><U32/><REACH who="1" step="1"/><E60/><REACH who="1" ten="419,311,78,182" step="2"/><V56/><F71/><W78/><G90/><N who="0" m="55767" /><D109/><U66/><E66/><V82/><F63/><W100/><G100/><T132/><D132/><U53/><E53/><N who="2" m="31783" /><F62/><W15/><G103/><N who="2" m="39433" /><F85/><W29/><G86/><T20/><D116/><U104/><E104/><V45/><F45/><W61/><G84/><T18/><D117/><U10/><E10/><V0/><F0/><W23/><G106/><T79/><D79/><U108/><E108/><V68/><F68/><W3/><G77/><T27/><D126/><U112/><E112/><AGARI ba="0,1" hai="4,5,80,82,83,112,114,115" m="39433,31783" machi="112" ten="30,2900,0" yaku="15,1,52,1" doraHai="49" who="2" fromWho="1" sc="419,0,311,-29,78,39,182,0" />
</Scene>
<Scene>
<INIT seed="6,1,0,4,2,84" ten="419,282,117,182" oya="2" hai0="26,2,50,100,67,81,38,116,16,124,104,101,69" hai1="133,29,120,33,75,118,73,7,0,10,126,83,58" hai2="95,117,52,9,37,91,17,56,87,12,30,68,60" hai3="115,107,99,27,97,62,11,111,131,94,125,79,129"/><V102/><F37/><W108/><G11/><T24/><D38/><U114/><E118/><V110/><F117/><W28/><G79/><T123/><D116/><U13/><E114/><V127/><F127/><W20/><G125/><T57/><D124/><U45/><E126/><V77/><F110/><W65/><G107/><T42/><D123/><U130/><E120/><V34/><F68/><W1/><G1/><T41/><D2/><U36/><E133/><V51/><F77/><W43/><G43/><N who="0" m="16395" /><D104/><U48/><E0/><V88/><F102/><N who="0" m="39530" /><D69/><U53/><E130/><N who="3" m="49674" /><G115/><T113/><D113/><U78/><E36/><V135/><F135/><W98/><G94/><T92/><D81/><U47/><E73/><V90/><REACH who="2" step="1"/><F51/><REACH who="2" ten="419,282,107,182" step="2"/><W89/><G111/><T103/><D50/><U61/><E48/><V31/><F31/><W25/><G108/><T59/><D103/><U14/><E29/><V74/><F74/><W109/><G109/><T63/><D59/><U121/><E121/><V15/><F15/><W6/><G28/><T64/><D57/><U49/><E14/><V132/><F132/><W18/><G27/><AGARI ba="1,1" hai="9,12,17,27,30,34,52,56,60,87,88,90,91,95" machi="27" ten="40,18000,2" yaku="1,1,52,3,54,2,53,0" doraHai="84" doraHaiUra="96" who="2" fromWho="3" sc="419,0,282,0,107,193,182,-183" owari="419,52.0,282,-12.0,300,10.0,-1,-50.0" />
</Scene>
</mjloggm>