<mjloggm ver="2.3"><GO type="193"/><UN n0="%E3%83%8E%E3%82%A6%E3%83%AB%E3%82%B9" n1="%E4%B8%80%EF%BC%A0" n2="%E5%A4%AA%E3%81%8F%E3%81%AA%E3%81%84%E3%81%8A" n3="%45%63%68%6F" dan="11,12,6,11" rate="1605,1748,1618,1565" sx="M,M,M,M"/><TAIKYOKU oya="0"/>

<Scene>
<INIT seed="0,0,0,5,5,99" ten="250,250,250,250" oya="0" hai0="89,27,125,88,60,9,71,5,40,61,13,132,76" hai1="69,39,25,105,87,124,68,83,104,50,51,82,11" hai2="113,19,32,81,135,26,53,45,90,46,84,8,17" hai3="112,86,79,119,38,92,118,65,77,62,21,37,10"/><T101/><D71/><U108/><E39/><V58/><F113/><W109/><G112/><T30/><D125/><U28/><E124/><V41/><F135/><W110/><G10/><T70/><D70/><U18/><E108/><N who="3" m="41578" /><G21/><T55/><D132/><U116/><E116/><N who="3" m="44586" /><G86/><T1/><D76/><N who="3" m="29257" /><G92/><T0/><D0/><U42/><E69/><AGARI ba="0,0" hai="37,38,62,65,69" m="29257,44586,41578" machi="69" ten="30,1000,0" yaku="14,1" doraHai="99" who="3" fromWho="1" sc="250,0,250,-10,250,0,250,10" />
</Scene>
<Scene>
<INIT seed="1,0,0,4,2,131" ten="250,240,250,260" oya="1" hai0="94,97,99,67,93,10,70,115,22,88,105,123,95" hai1="23,76,130,100,78,98,31,20,64,39,124,119,42" hai2="74,63,18,132,125,85,5,75,87,33,62,120,96" hai3="101,32,52,122,117,80,133,1,86,14,106,16,53"/><U43/><E119/><V25/><F120/><W81/><G122/><T118/><D123/><U69/><E69/><V59/><F5/><W102/><G1/><T113/><D70/><U57/><E39/><V7/><F7/><W112/><G112/><T3/><D67/><U55/><E64/><V128/><F128/><W58/><G32/><T66/><D66/><U51/><E130/><V114/><F114/><N who="0" m="43530" /><D10/><U84/><E124/><V19/><F125/><W92/><G117/><T72/><D3/><U134/><E31/><V61/><F59/><W135/><G102/><T49/><D49/><U79/><E84/><V73/><F96/><N who="0" m="36938" /><D22/><U2/><E2/><V11/><F11/><W82/><G101/><T83/><D118/><U50/><E50/><V26/><F33/><W45/><G106/><T129/><D129/><U121/><E121/><V46/><F46/><W12/><G45/><T37/><D37/><U60/><E51/><V35/><F35/><W15/><G16/><N who="2" m="6185" /><F132/><N who="3" m="50763" /><G58/><T48/><D48/><U111/><E134/><V21/><F21/><W47/><G47/><T41/><D41/><N who="1" m="15371" /><E20/><V40/><F40/><W56/><G56/><T109/><D105/><N who="1" m="63639" /><E23/><V8/><F8/><W103/><G103/><T77/><D109/><U71/><E71/><V28/><F28/><W4/><G4/><T9/><D9/><U108/><E111/><V36/><F36/><W65/><G65/><T17/><D17/><U90/><E108/><V104/><F104/><W54/><G54/><T126/><D126/><U6/><E6/><V29/><F29/><W13/><N who="3" m="3584" /><DORA hai="107" /><W91/><AGARI ba="0,0" hai="52,53,80,81,82,86,91,92" m="3584,50763" machi="91" ten="50,12000,2" yaku="4,1,20,1,52,3,54,1" doraHai="131,107" who="3" fromWho="3" sc="250,-30,240,-60,250,-30,260,120" />
</Scene>
<Scene>
<INIT seed="2,0,0,4,5,104" ten="220,180,220,380" oya="2" hai0="10,17,94,75,9,30,117,132,11,6,49,113,80" hai1="103,44,47,124,99,86,109,118,45,8,71,122,52" hai2="48,42,95,70,83,41,36,3,129,65,116,33,51" hai3="35,90,38,64,25,114,76,26,21,28,14,96,53"/><V34/><F3/><W110/><G114/><T106/><D117/><U112/><E118/><V125/><F116/><W18/><G38/><T58/><D113/><U135/><E112/><V107/><F107/><W105/><G110/><T67/><D106/><U77/><E71/><V82/><F125/><W7/><G76/><T89/><D132/><U0/><E109/><V29/><F129/><W19/><G64/><T50/><D30/><U20/><E135/><V87/><F70/><W31/><G53/><T78/><D17/><U128/><E128/><V39/><F65/><W119/><G119/><T32/><D32/><U63/><E124/><V62/><F62/><W16/><G105/><T4/><D50/><U72/><E20/><V91/><F29/><W134/><G96/><T88/><D89/><U55/><E86/><V59/><F59/><W97/><G97/><T98/><REACH who="0" step="1"/><D49/><REACH who="0" ten="210,180,220,380" step="2"/><U15/><E45/><V12/><F91/><W54/><G90/><T5/><D5/><U111/><E44/><V120/><F51/><W37/><G134/><T81/><D81/><U127/><E47/><V1/><F82/><W115/><G115/><T126/><D126/><U102/><E127/><V131/><F83/><W61/><G37/><T27/><D27/><U24/><E111/><V13/><F39/><W66/><G7/><T100/><D100/><U2/><E24/><V56/><F36/><W69/><G14/><T133/><D133/><U23/><E102/><V130/><F13/><W73/><G73/><T46/><D46/><U22/><E72/><V93/><F130/><W84/><G84/><RYUUKYOKU ba="0,1" sc="210,15,180,-15,220,-15,380,15" hai0="4,6,9,10,11,58,67,75,78,80,88,94,98" hai3="16,18,19,21,25,26,28,31,35,54,61,66,69" />
</Scene>
<Scene>
<INIT seed="3,1,1,0,1,51" ten="225,165,205,395" oya="3" hai0="97,8,98,135,38,99,26,12,101,61,83,62,52" hai1="65,45,117,58,32,93,41,134,35,92,40,13,131" hai2="84,87,90,36,68,28,57,109,75,2,108,100,77" hai3="118,73,129,110,42,34,121,67,64,130,44,96,107"/><W14/><G118/><T111/><D38/><U123/><E123/><V27/><F68/><W95/><G121/><T115/><D115/><U112/><E112/><V53/><F36/><N who="3" m="21575" /><G34/><T59/><D111/><N who="2" m="42570" /><F2/><W74/><G110/><T71/><D135/><U31/><E134/><V39/><F39/><W46/><G95/><T88/><D26/><U85/><E117/><V47/><F100/><N who="3" m="62855" /><G14/><T102/><D62/><U11/><E31/><V48/><F57/><W114/><G114/><T122/><D71/><U94/><E85/><V103/><F103/><W86/><G86/><N who="2" m="32809" /><F90/><W17/><G17/><T24/><D122/><U132/><E132/><V6/><F6/><W50/><G50/><T79/><D24/><U3/><E3/><V89/><F89/><W18/><G18/><N who="0" m="8455" /><D79/><U21/><E58/><V25/><F28/><W69/><G46/><T78/><D78/><U120/><E120/><V7/><F7/><W126/><G126/><T55/><D55/><U81/><E32/><V60/><F60/><N who="3" m="40071" /><G67/><T113/><D113/><U104/><E35/><V22/><F22/><W37/><G37/><T63/><D63/><U0/><E0/><V54/><F54/><W23/><G23/><T125/><D125/><U70/><E21/><V16/><F16/><W116/><G116/><T76/><D76/><U4/><E65/><V33/><F33/><W106/><G106/><T29/><D29/><U105/><E70/><V82/><AGARI ba="1,1" hai="25,27,47,48,53,75,77,82" m="32809,42570" machi="82" ten="30,2000,0" yaku="14,1,52,1" doraHai="51" who="2" fromWho="2" sc="225,-6,165,-6,205,33,395,-11" owari="219,-18.0,159,-34.0,238,4.0,384,48.0" />
</Scene>
</mjloggm>