<mjloggm ver="2.3"><GO type="169"/><UN n0="%E5%A4%AA%E3%81%8F%E3%81%AA%E3%81%84%E3%81%8A" n1="%40%E9%A6%AC%E6%9D%89%E5%AF%A7%E9%A6%99" n2="%4D%49%40%34%32%38" n3="%E4%B8%80%E6%96%B9%E9%80%9A%E8%A1%8C" dan="17,17,16,16" rate="2162,2113,2043,2061" sx="M,M,M,M"/><TAIKYOKU oya="0"/>

<Scene>
<INIT seed="0,0,0,4,2,119" ten="250,250,250,250" oya="0" hai0="40,27,74,24,62,126,50,108,55,23,71,7,114" hai1="89,68,26,48,2,95,34,53,102,3,127,123,18" hai2="9,83,6,105,115,106,10,107,113,56,110,122,99" hai3="104,128,64,58,49,67,94,70,132,38,66,13,20"/><T118/><D118/><U76/><E68/><V91/><F110/><W133/><G104/><T90/><D114/><U125/><E76/><V11/><F6/><W57/><G94/><T46/><D74/><U14/><E102/><V111/><F111/><W21/><G13/><T134/><D108/><U42/><E42/><V54/><F122/><W28/><G28/><T15/><D134/><N who="3" m="51817" /><G38/><T30/><D126/><N who="1" m="48139" /><E26/><V39/><F39/><W87/><G87/><T33/><D90/><U101/><E34/><V51/><F83/><W77/><G77/><T17/><D7/><U84/><E101/><V45/><F91/><W63/><G128/><T25/><REACH who="0" step="1"/><D55/><REACH who="0" ten="240,250,250,250" step="2"/><U16/><E123/><V44/><F99/><W97/><G97/><T98/><D98/><U78/><E78/><V43/><F113/><W69/><G69/><T75/><D75/><U47/><E18/><V109/><F115/><W120/><G70/><T60/><D60/><U59/><E89/><V81/><F109/><W100/><G120/><T129/><D129/><U41/><E84/><V1/><F54/><N who="3" m="31951" /><G100/><T116/><D116/><U31/><E31/><V0/><F81/><W121/><G121/><T82/><D82/><U73/><E73/><V131/><F131/><W79/><G79/><T130/><D130/><U72/><E72/><V92/><F43/><W112/><G112/><T12/><D12/><U65/><E41/><V35/><F1/><W135/><G135/><T96/><D96/><U103/><E14/><V88/><F0/><W52/><AGARI ba="0,1" hai="20,21,52,58,63,64,66,67" m="31951,51817" machi="52" ten="30,2000,0" yaku="20,1,54,1" doraHai="119" who="3" fromWho="3" sc="240,-10,250,-5,250,-5,250,30" />
</Scene>
<Scene>
<INIT seed="1,0,0,4,3,57" ten="230,245,245,280" oya="1" hai0="85,97,105,99,126,48,50,45,81,51,71,4,104" hai1="31,93,114,135,125,34,82,66,103,61,120,96,92" hai2="79,78,49,132,56,69,15,112,88,70,73,41,131" hai3="29,32,7,14,35,55,95,12,18,110,74,8,58"/><U44/><E120/><V0/><F0/><W89/><G74/><T124/><D71/><U20/><E114/><V13/><F112/><W109/><G29/><T127/><D4/><U3/><E3/><V21/><F132/><W102/><G102/><T60/><D45/><U80/><E135/><V75/><F131/><W100/><G100/><T83/><D60/><U128/><E128/><V65/><F41/><W134/><G134/><T90/><REACH who="0" step="1"/><D83/><REACH who="0" ten="220,245,245,280" step="2"/><U86/><E82/><V19/><F70/><W46/><G46/><T25/><D25/><N who="1" m="16807" /><E44/><V24/><F69/><W118/><G110/><T101/><D101/><U94/><E125/><V33/><F24/><W42/><G109/><T23/><D23/><U2/><E34/><V106/><F33/><W59/><G59/><T6/><D6/><U17/><E2/><V54/><F56/><W38/><G35/><T53/><D53/><U129/><E129/><V68/><F54/><W43/><G32/><T37/><D37/><U62/><E66/><V63/><F65/><W52/><G38/><T107/><AGARI ba="0,1" hai="48,50,51,81,85,90,97,99,104,105,107,124,126,127" machi="107" ten="50,8000,1" yaku="1,1,0,1,29,2,18,1,53,0" doraHai="57" doraHaiUra="122" who="0" fromWho="0" sc="220,90,245,-40,245,-20,280,-20" />
</Scene>
<Scene>
<INIT seed="2,0,0,4,5,101" ten="310,205,225,260" oya="2" hai0="113,81,21,48,12,69,102,121,84,116,59,57,76" hai1="43,22,65,134,73,120,55,28,91,26,131,112,13" hai2="37,118,75,6,1,11,122,39,64,88,17,7,40" hai3="34,53,79,133,33,93,10,89,5,47,117,62,114"/><V56/><F118/><W97/><G117/><T135/><D113/><U66/><E112/><V103/><F122/><W127/><G114/><T44/><D121/><U115/><E120/><V95/><F75/><W110/><G110/><T125/><D69/><U63/><E115/><V8/><F103/><W19/><G133/><T83/><D116/><U96/><E134/><V124/><F124/><W108/><G108/><T4/><D135/><U70/><E73/><V67/><F17/><W42/><G127/><T58/><D125/><U86/><E131/><V41/><F39/><W61/><G79/><T14/><D102/><U2/><E2/><V80/><F80/><W85/><G19/><T123/><D123/><U15/><E66/><V104/><F104/><W72/><G72/><T27/><D83/><U105/><E43/><N who="2" m="16459" /><F1/><W31/><G97/><T99/><D99/><U9/><E55/><V25/><F25/><W111/><G111/><T100/><D100/><U119/><E119/><V109/><F37/><W77/><G53/><N who="0" m="29831" /><D4/><N who="2" m="1578" /><F109/><W87/><G34/><T68/><D68/><U90/><E105/><V94/><F94/><W129/><G33/><T46/><D46/><U60/><E70/><V51/><F67/><W92/><G47/><T71/><D71/><U29/><E65/><V52/><F64/><W32/><G32/><T24/><D24/><U130/><E26/><V98/><AGARI ba="0,0" hai="8,11,51,52,56,88,95,98" m="1578,16459" machi="98" ten="30,6000,0" yaku="8,1,54,2" doraHai="101" who="2" fromWho="2" sc="310,-20,205,-20,225,60,260,-20" />
</Scene>
<Scene>
<INIT seed="2,1,0,4,2,24" ten="290,185,285,240" oya="2" hai0="133,81,58,6,23,123,85,76,112,116,60,47,11" hai1="65,82,48,71,36,3,67,59,25,55,129,30,52" hai2="134,51,91,29,57,9,100,111,90,0,96,124,102" hai3="77,122,35,73,84,1,75,15,94,87,117,69,105"/><V119/><F119/><W121/><G1/><T61/><D112/><U103/><E3/><V64/><F124/><W38/><G38/><T32/><D32/><U26/><E36/><V4/><F134/><W7/><G69/><T92/><D123/><N who="3" m="47113" /><G35/><T66/><D133/><U17/><E129/><V101/><F111/><W62/><G62/><T97/><D116/><U74/><E103/><V27/><F96/><W46/><G15/><T21/><D60/><U53/><E71/><V43/><F64/><W12/><G94/><T5/><D47/><U95/><E95/><V99/><F99/><W88/><G88/><N who="0" m="55431" /><D11/><U83/><E65/><V135/><F135/><W41/><G41/><T20/><AGARI ba="1,0" hai="5,6,20,21,23,58,61,66,76,81,85" m="55431" machi="20" ten="30,2000,0" yaku="8,1,54,1" doraHai="24" who="0" fromWho="0" sc="290,23,185,-6,285,-11,240,-6" />
</Scene>
<Scene>
<INIT seed="3,0,0,0,0,135" ten="313,179,274,234" oya="3" hai0="56,126,5,133,123,44,119,105,100,66,49,0,110" hai1="82,73,88,51,85,71,17,84,121,97,69,75,86" hai2="9,61,68,127,43,92,91,78,19,62,104,117,99" hai3="4,131,47,118,87,20,55,108,24,3,89,98,8"/><W109/><G118/><T33/><D119/><U7/><E121/><V50/><F117/><W111/><G131/><T45/><D123/><U40/><E7/><V83/><F104/><W38/><G98/><T120/><D120/><U2/><E2/><V70/><F70/><W41/><G55/><T27/><D105/><U93/><E17/><V11/><F68/><W102/><G102/><T16/><D100/><U10/><E10/><V21/><F127/><W32/><G32/><T53/><D133/><U42/><E75/><V128/><F128/><W80/><G20/><N who="0" m="13703" /><D0/><U39/><E39/><V129/><F129/><W122/><G122/><T112/><D33/><U107/><E107/><V13/><F50/><W96/><G96/><T101/><D101/><U77/><REACH who="1" step="1"/><E40/><REACH who="1" ten="313,169,274,234" step="2"/><V115/><F9/><W64/><G24/><T63/><D5/><U125/><E125/><V18/><F43/><W26/><G26/><T12/><D126/><U14/><E14/><V1/><F1/><W37/><G64/><T54/><D12/><U95/><E95/><V90/><F19/><W30/><G30/><T134/><D134/><U106/><E106/><V6/><F6/><W76/><REACH who="3" step="1"/><G38/><REACH who="3" ten="313,169,274,224" step="2"/><T48/><D66/><U114/><E114/><V130/><F130/><W103/><G103/><T60/><D112/><U36/><E36/><V25/><F115/><W57/><G57/><T34/><D56/><U28/><E28/><V15/><F25/><W35/><G35/><T94/><D34/><U22/><E22/><V46/><F21/><W124/><G124/><T72/><D54/><U59/><E59/><RYUUKYOKU ba="0,2" sc="313,-15,169,15,274,-15,224,15" hai1="42,51,69,71,73,77,82,84,85,86,88,93,97" hai3="3,4,8,37,41,47,76,80,87,89,108,109,111" />
</Scene>
<Scene>
<INIT seed="3,1,2,3,3,70" ten="298,184,259,239" oya="3" hai0="130,48,107,77,45,83,20,39,4,57,46,68,115" hai1="51,74,8,93,23,36,55,54,2,88,22,80,110" hai2="112,105,25,29,98,126,35,103,67,6,96,33,44" hai3="108,102,63,92,43,94,64,47,16,49,1,81,99"/><W18/><G1/><T11/><D68/><U58/><E110/><V101/><F112/><W24/><G108/><T12/><D107/><U7/><E36/><V59/><F126/><W14/><G24/><T86/><D115/><U66/><E66/><V71/><F59/><W125/><G125/><T124/><D124/><U52/><E55/><V114/><F114/><W9/><G81/><T113/><D113/><U119/><E119/><V40/><F6/><W62/><G64/><T38/><D130/><U0/><E0/><V104/><F35/><W117/><G117/><T75/><D75/><U27/><E54/><V79/><F79/><W34/><G34/><T132/><D132/><U128/><E128/><V72/><F72/><W10/><G94/><T78/><D78/><U135/><E135/><V60/><F44/><W95/><G95/><T5/><D5/><U121/><E121/><V13/><F13/><AGARI ba="1,2" hai="9,10,13,14,16,18,43,47,49,62,63,92,99,102" machi="13" ten="40,7700,0" yaku="9,1,8,1,54,1" doraHai="70" who="3" fromWho="2" sc="298,0,184,0,259,-80,239,100" />
</Scene>
<Scene>
<INIT seed="3,2,0,5,1,7" ten="298,184,179,339" oya="3" hai0="78,42,17,9,110,120,56,118,125,35,113,43,44" hai1="91,126,5,39,64,46,117,11,124,122,57,84,61" hai2="48,111,6,103,83,116,133,87,31,0,76,77,135" hai3="128,67,86,15,29,59,58,62,130,108,109,127,34"/><W13/><G86/><T37/><D120/><U131/><E122/><V25/><F116/><W85/><G85/><T134/><D118/><U41/><E117/><V23/><F111/><N who="3" m="42571" /><G59/><T95/><D110/><U97/><E97/><V47/><F103/><W40/><G127/><T123/><D123/><U101/><E101/><V98/><F98/><W92/><G92/><T71/><D71/><U54/><E131/><N who="3" m="50218" /><G40/><T20/><D56/><U107/><E107/><V50/><F77/><W66/><G66/><T115/><D78/><U65/><E126/><V69/><F69/><W73/><G73/><T24/><D125/><U33/><E124/><V8/><REACH who="2" step="1"/><F47/><REACH who="2" ten="298,184,169,339" step="2"/><W3/><G3/><T16/><D44/><U10/><E46/><V28/><F28/><W81/><G81/><T18/><D95/><U53/><E91/><V12/><F12/><W89/><G89/><T38/><D113/><U30/><E30/><V100/><F100/><W90/><G90/><T79/><D115/><U52/><E57/><V99/><F99/><W22/><G34/><T80/><D35/><U19/><E33/><V32/><F32/><W104/><G104/><T96/><D96/><U60/><E84/><V102/><F102/><W14/><G29/><T2/><D79/><U63/><E64/><V55/><F55/><W51/><G22/><T68/><D20/><U26/><E65/><V72/><F72/><W36/><G15/><T21/><D2/><N who="1" m="311" /><E53/><V114/><F114/><W70/><G14/><T94/><D21/><N who="1" m="13631" /><E11/><V1/><F1/><W45/><G45/><T129/><D129/><U75/><E75/><RYUUKYOKU ba="2,1" sc="298,-15,184,15,169,15,339,-15" hai1="39,41,52,54,60,61,63" hai2="0,6,8,23,25,31,48,50,76,83,87,133,135" />
</Scene>
<Scene>
<INIT seed="4,3,1,0,5,132" ten="283,199,184,324" oya="0" hai0="107,106,94,60,66,27,33,130,70,62,81,73,31" hai1="104,22,23,65,96,122,29,135,43,13,47,26,50" hai2="99,119,102,76,123,89,108,5,46,133,105,18,86" hai3="9,114,100,53,28,25,45,58,40,125,121,32,87"/><T20/><D130/><U15/><E135/><V126/><F5/><W134/><G134/><T14/><D94/><U74/><E122/><V8/><F133/><W110/><G110/><T6/><D62/><U2/><E2/><V92/><F123/><W7/><G114/><T97/><D20/><U1/><E1/><V39/><F108/><W63/><G121/><T131/><D131/><U113/><E113/><V52/><F119/><W118/><G118/><T98/><D98/><U83/><E65/><V68/><F68/><W95/><G125/><T24/><D24/><U0/><E0/><V51/><F39/><W117/><G117/><T49/><D49/><U82/><E74/><V56/><F76/><W37/><G87/><T75/><D81/><U4/><E15/><V10/><F18/><W16/><G7/><T54/><D54/><U44/><E44/><V120/><F120/><W112/><G112/><T38/><D38/><U30/><E30/><V19/><F19/><W59/><G59/><T80/><D80/><U124/><E124/><V64/><REACH who="2" step="1"/><F126/><REACH who="2" ten="283,199,174,324" step="2"/><W101/><G16/><T115/><D115/><U21/><E4/><V88/><F88/><W103/><REACH who="3" step="1"/><G9/><REACH who="3" ten="283,199,174,314" step="2"/><T93/><D6/><U3/><E3/><V91/><F91/><W128/><G128/><T109/><D109/><U61/><E13/><V12/><F12/><W116/><G116/><T90/><REACH who="0" step="1"/><D14/><REACH who="0" ten="273,199,174,314" step="2"/><U55/><E29/><V57/><F57/><W35/><G35/><T41/><D41/><U84/><E43/><V72/><F72/><AGARI ba="3,4" hai="27,31,33,60,66,70,72,73,75,90,93,97,106,107" machi="72" ten="40,2000,0" yaku="1,1,53,0" doraHai="132" doraHaiUra="129" who="0" fromWho="2" sc="273,69,199,0,174,-29,314,0" />
</Scene>
<Scene>
<INIT seed="4,4,0,1,3,84" ten="342,199,145,314" oya="0" hai0="89,106,11,54,27,90,100,0,30,47,39,69,45" hai1="46,128,23,117,18,133,51,48,10,72,112,131,20" hai2="43,122,91,8,87,64,123,56,82,2,14,103,5" hai3="115,119,129,79,109,59,26,96,65,73,3,41,9"/><T6/><D69/><U85/><E72/><V25/><F43/><W114/><G119/><T17/><D17/><U32/><E32/><V127/><F127/><W22/><G96/><T81/><D39/><U15/><E117/><V80/><F103/><W92/><G92/><T86/><D106/><U21/><E133/><V24/><F2/><W55/><G65/><T68/><D68/><U70/><E70/><V16/><F82/><W50/><G41/><T104/><D104/><U120/><E120/><V33/><F33/><W40/><G40/><T83/><D100/><U19/><E112/><V121/><REACH who="2" step="1"/><F5/><REACH who="2" ten="342,199,135,314" step="2"/><W52/><G3/><T135/><D135/><U88/><E131/><V113/><F113/><W71/><G129/><T126/><D126/><U97/><E128/><V60/><AGARI ba="4,1" hai="8,14,16,24,25,56,60,64,80,87,91,121,122,123" machi="60" ten="40,8000,1" yaku="1,1,0,1,52,1,54,1,53,0" doraHai="84" doraHaiUra="36" who="2" fromWho="2" sc="342,-44,199,-24,135,102,314,-24" />
</Scene>
<Scene>
<INIT seed="5,0,0,1,3,67" ten="298,175,237,290" oya="1" hai0="135,64,47,34,131,130,99,74,128,60,77,41,49" hai1="13,23,82,71,92,95,87,65,39,30,58,101,43" hai2="68,112,102,5,4,90,2,111,7,24,110,72,12" hai3="11,125,8,118,69,42,18,46,85,97,124,109,70"/><U3/><E3/><V55/><F72/><W20/><G109/><T122/><D34/><U33/><E33/><V35/><F102/><W100/><G85/><T16/><D135/><U63/><E101/><V1/><F55/><W127/><G118/><T57/><D122/><U84/><E84/><V126/><F90/><W115/><G115/><T73/><D77/><U53/><E39/><V44/><F44/><W66/><G11/><T27/><REACH who="0" step="1"/><D99/><REACH who="0" ten="288,175,237,290" step="2"/><U119/><E119/><V133/><F133/><W36/><G8/><T25/><D25/><U22/><E23/><AGARI ba="0,1" hai="16,23,27,41,47,49,57,60,64,73,74,128,130,131" machi="23" ten="40,5200,0" yaku="1,1,19,1,54,1,53,0" doraHai="67" doraHaiUra="32" who="0" fromWho="1" sc="288,62,175,-52,237,0,290,0" />
</Scene>
<Scene>
<INIT seed="6,0,0,0,0,25" ten="350,123,237,290" oya="2" hai0="1,6,26,86,129,91,107,66,52,64,41,121,16" hai1="119,17,24,77,20,98,56,73,47,43,76,39,127" hai2="79,118,51,33,49,108,45,125,37,95,58,103,120" hai3="0,135,62,130,78,55,112,102,22,10,18,54,104"/><V71/><F118/><W35/><G35/><T132/><D121/><U21/><E119/><V74/><F120/><W27/><G130/><T81/><D107/><U96/><E127/><V116/><F116/><W93/><G104/><T84/><D129/><U80/><E77/><V122/><F122/><W110/><G110/><T114/><D114/><U46/><E46/><V75/><F71/><W68/><G135/><T31/><D132/><U105/><E105/><V63/><F125/><W61/><G112/><T106/><D106/><U4/><E4/><V14/><F108/><W65/><G78/><T70/><D70/><U87/><E73/><V30/><F37/><W100/><G62/><T44/><D1/><U29/><REACH who="1" step="1"/><E56/><REACH who="1" ten="350,113,237,290" step="2"/><V88/><F79/><W85/><G68/><T12/><D6/><U7/><E7/><V2/><F45/><W11/><G0/><T67/><D41/><U92/><E92/><V117/><F95/><W60/><G93/><T90/><D44/><U42/><E42/><V115/><F58/><W124/><G124/><T99/><D81/><U131/><E131/><V5/><F5/><W15/><G100/><T50/><D86/><U82/><E82/><V48/><F2/><W126/><G102/><T57/><D84/><U109/><E109/><V34/><F103/><W38/><G85/><T53/><D99/><U89/><E89/><V40/><F40/><W59/><G126/><T111/><D111/><U123/><E123/><V94/><F117/><W83/><G83/><T23/><D91/><U69/><E69/><V28/><F88/><W113/><G59/><RYUUKYOKU ba="0,1" sc="350,-10,113,30,237,-10,290,-10" hai1="17,20,21,24,29,39,43,47,76,80,87,96,98" />
</Scene>
<Scene>
<INIT seed="7,1,1,2,3,9" ten="340,143,227,280" oya="3" hai0="8,24,15,121,119,126,107,31,12,61,124,4,23" hai1="68,104,66,81,131,27,109,14,134,101,128,96,80" hai2="43,60,56,57,83,2,72,53,116,42,103,133,115" hai3="106,65,85,89,62,114,19,34,135,122,33,92,71"/><W113/><G122/><T112/><D119/><U74/><E109/><V102/><F116/><W77/><G106/><T87/><D121/><U90/><E134/><V6/><F115/><N who="3" m="44043" /><G135/><T58/><D112/><U82/><E90/><V67/><F2/><W130/><G130/><T22/><D107/><U17/><E74/><V13/><F72/><W20/><G77/><T41/><D41/><N who="2" m="15370" /><F83/><W84/><G84/><T129/><D129/><U44/><E44/><V28/><F28/><W98/><G85/><T73/><D73/><U1/><E1/><V30/><F30/><W46/><G46/><T64/><D87/><U21/><REACH who="1" step="1"/><E27/><AGARI ba="1,1" hai="19,20,27,33,34,62,65,71,89,92,98" m="44043" machi="27" ten="30,1500,0" yaku="15,1" doraHai="9" who="3" fromWho="1" sc="340,0,143,-18,227,0,280,28" />
</Scene>
<Scene>
<INIT seed="7,2,0,2,1,124" ten="340,125,227,308" oya="3" hai0="92,65,25,28,32,77,103,0,35,46,52,72,125" hai1="127,135,1,43,53,15,117,86,79,113,40,50,60" hai2="30,133,110,18,9,47,128,123,112,101,20,81,70" hai3="84,121,23,99,98,85,44,4,104,76,34,63,129"/><W132/><G129/><T55/><D0/><U59/><E1/><V27/><F101/><W51/><G34/><T115/><D125/><U90/><E127/><V48/><BYE who="3" /><F81/><W114/><G114/><T36/><D65/><UN n3="%E4%B8%80%E6%96%B9%E9%80%9A%E8%A1%8C" /><U29/><E113/><V78/><F78/><W118/><G121/><T108/><D115/><U17/><E135/><V66/><F66/><W41/><G118/><T82/><D108/><U134/><E117/><V22/><F48/><W69/><G132/><T71/><D71/><U14/><E134/><V56/><F56/><W126/><G126/><T16/><D35/><U11/><E29/><V3/><F47/><W24/><G104/><T45/><D16/><U39/><E39/><V91/><F91/><W61/><G4/><T120/><D120/><U64/><E15/><V119/><F70/><W106/><G69/><T37/><D46/><U49/><E79/><V100/><F100/><W42/><G42/><T87/><D87/><N who="3" m="33353" /><G106/><T74/><D74/><U57/><REACH who="1" step="1"/><E50/><REACH who="1" ten="340,115,227,308" step="2"/><V10/><F112/><W109/><G76/><T13/><D13/><U80/><AGARI ba="2,1" hai="11,14,17,40,43,49,53,57,59,60,64,80,86,90" machi="80" ten="20,12000,2" yaku="1,1,2,1,0,1,7,1,8,1,53,1" doraHai="124" doraHaiUra="58" who="1" fromWho="1" sc="340,-32,115,136,227,-32,308,-62" owari="308,40.0,251,5.0,195,-30.0,246,-15.0" />
</Scene>
</mjloggm>