<mjloggm ver="2.3"><GO type="193"/><UN n0="%57%41%52%55%53%41%4B%41" n1="%6D%65%67%6D%65%67%75" n2="%40%6B%6F%75%73%6F%6B%75" n3="%E5%A4%AA%E3%81%8F%E3%81%AA%E3%81%84%E3%81%8A" dan="13,11,13,8" rate="1810,1619,1783,1672" sx="M,F,M,M"/><TAIKYOKU oya="0"/>

<Scene>
<INIT seed="0,0,0,1,4,26" ten="250,250,250,250" oya="0" hai0="36,105,47,122,91,78,12,42,93,24,69,71,123" hai1="65,1,15,67,45,59,110,76,133,115,2,125,131" hai2="135,92,75,99,49,17,44,85,43,108,46,126,87" hai3="80,98,57,14,112,7,6,114,55,96,72,128,89"/><T130/><D105/><U61/><E125/><V21/><F75/><W64/><G128/><T3/><D130/><U9/><E110/><V111/><F126/><W20/><G114/><T23/><D78/><U0/><E133/><V94/><F135/><W4/><G112/><T10/><D3/><U39/><E131/><V37/><F94/><W41/><G41/><T74/><D74/><U86/><E115/><V107/><F107/><W84/><G64/><T22/><D71/><U62/><E45/><V51/><F37/><W118/><G72/><T63/><D23/><U120/><E39/><V83/><F83/><W109/><G109/><T101/><D101/><U31/><E76/><V52/><F111/><W60/><REACH who="3" step="1"/><G118/><REACH who="3" ten="250,250,250,240" step="2"/><T79/><D79/><U34/><E67/><V40/><F108/><W97/><G97/><BYE who="3" /><T50/><D36/><U54/><E86/><V30/><F40/><W11/><G11/><T104/><D104/><U48/><E0/><UN n3="%E5%A4%AA%E3%81%8F%E3%81%AA%E3%81%84%E3%81%8A" /><V56/><F44/><W113/><G113/><T13/><D10/><U32/><E2/><V116/><F116/><W102/><G102/><T33/><D33/><U35/><E1/><V88/><REACH who="2" step="1"/><F30/><REACH who="2" ten="250,250,240,240" step="2"/><W117/><G117/><T28/><D123/><U100/><E120/><V90/><F90/><W5/><N who="3" m="1024" /><DORA hai="70" /><W95/><G95/><T53/><D122/><U38/><E100/><V121/><F121/><W103/><G103/><T129/><D129/><U25/><E31/><V58/><F58/><W8/><G8/><T18/><D28/><U73/><E9/><V16/><F16/><AGARI ba="0,2" hai="14,16,20,55,57,60,80,84,89,96,98" m="1024" machi="16" ten="50,8000,1" yaku="1,1,8,1,54,1,53,1" doraHai="26,70" doraHaiUra="66,82" who="3" fromWho="2" sc="250,0,250,0,240,-80,240,100" />
</Scene>
<Scene>
<INIT seed="1,0,0,3,3,17" ten="250,250,160,340" oya="1" hai0="84,98,132,134,96,116,124,115,73,88,36,100,76" hai1="120,35,6,47,108,80,33,42,71,77,95,57,30" hai2="29,12,14,37,123,31,4,67,45,101,66,92,27" hai3="63,39,103,55,104,46,94,111,7,0,54,10,91"/><U90/><E120/><V53/><F123/><W97/><G111/><T13/><D116/><U118/><E71/><V107/><F107/><W49/><G39/><T56/><D115/><U119/><E108/><V106/><F106/><W20/><G20/><T130/><D36/><U127/><E127/><V3/><F3/><W43/><G63/><T52/><D124/><U70/><E70/><V109/><F109/><W28/><G28/><T78/><D130/><U24/><E6/><V50/><F37/><W135/><G135/><N who="0" m="51755" /><D98/><AGARI ba="0,0" hai="0,7,10,43,46,49,54,55,91,94,97,98,103,104" machi="98" ten="30,1000,0" yaku="7,1" doraHai="17" who="3" fromWho="0" sc="250,-10,250,0,160,0,340,10" />
</Scene>
<Scene>
<INIT seed="2,0,0,0,2,90" ten="240,250,160,350" oya="2" hai0="132,96,35,101,107,33,102,124,88,36,131,91,100" hai1="18,54,29,133,94,75,108,11,59,44,127,63,119" hai2="112,25,2,117,126,78,86,10,80,30,123,74,46" hai3="40,116,3,87,129,61,109,83,51,53,98,31,0"/><V47/><F123/><W17/><G116/><T8/><D131/><U50/><E108/><V13/><F117/><W79/><G109/><T81/><D36/><U92/><E75/><V114/><F126/><W64/><G129/><T58/><D124/><U16/><E133/><V5/><F114/><W99/><G31/><T42/><D132/><U38/><E29/><V23/><F112/><W21/><G40/><T69/><D42/><U121/><E127/><V104/><F104/><W4/><G4/><T82/><D69/><U120/><E119/><V26/><F74/><W7/><G7/><T68/><BYE who="3" /><D68/><U49/><E49/><V106/><F106/><W125/><G125/><T111/><D58/><UN n3="%E5%A4%AA%E3%81%8F%E3%81%AA%E3%81%84%E3%81%8A" /><U43/><E38/><V135/><F135/><W70/><G0/><T27/><D111/><U32/><E32/><V95/><F2/><W52/><G3/><T45/><D8/><U84/><E84/><V77/><F77/><W71/><G71/><T65/><D45/><U89/><E89/><N who="0" m="34377" /><D65/><U110/><E110/><V19/><REACH who="2" step="1"/><F95/><REACH who="2" ten="240,250,150,350" step="2"/><N who="1" m="36393" /><E11/><V20/><AGARI ba="0,1" hai="5,10,13,19,20,23,25,26,30,46,47,78,80,86" machi="20" ten="20,18000,2" yaku="1,1,0,1,7,1,8,1,53,2" doraHai="90" doraHaiUra="22" who="2" fromWho="2" sc="240,-60,250,-60,150,190,350,-60" />
</Scene>
<Scene>
<INIT seed="2,1,0,5,5,4" ten="180,190,340,290" oya="2" hai0="81,35,30,94,90,79,31,33,43,112,111,32,133" hai1="95,78,123,110,25,135,75,47,127,134,37,74,69" hai2="42,20,65,8,104,72,119,27,130,60,71,102,14" hai3="18,114,55,120,57,26,128,45,0,77,54,103,92"/><V91/><F72/><W117/><G120/><T17/><D112/><U98/><E110/><V9/><F119/><W36/><G117/><T21/><D111/><U121/><E69/><V89/><F42/><W122/><G122/><N who="1" m="46602" /><E25/><V1/><F130/><W101/><G0/><T80/><D133/><N who="1" m="50699" /><E37/><V64/><F64/><W49/><G128/><T67/><D43/><U83/><E47/><V108/><F108/><W59/><G114/><T124/><D67/><U34/><E34/><V125/><F125/><W86/><G36/><T131/><D124/><U3/><E3/><V62/><F62/><N who="3" m="36151" /><G45/><T107/><D131/><U16/><E16/><V5/><F102/><W12/><G26/><T50/><D107/><U24/><E24/><V61/><F61/><W66/><G66/><T68/><D50/><U129/><E129/><V40/><F40/><W38/><G38/><T96/><D68/><U76/><E127/><V126/><F104/><W28/><G28/><T6/><D6/><U84/><E78/><V70/><F70/><W48/><G48/><T97/><D97/><U58/><E58/><V105/><F105/><W118/><G118/><T44/><D44/><U106/><E106/><V109/><F109/><W29/><G29/><T63/><D63/><U82/><E83/><V19/><REACH who="2" step="1"/><F126/><REACH who="2" ten="180,190,330,290" step="2"/><W13/><G55/><T99/><D99/><U85/><E75/><V116/><F116/><W88/><G49/><T51/><D51/><U46/><E46/><V115/><F115/><W87/><G59/><T22/><D81/><U100/><AGARI ba="1,1" hai="74,76,82,84,85,95,98,100" m="50699,46602" machi="100" ten="30,7900,0" yaku="13,1,20,1,34,2" doraHai="4" who="1" fromWho="1" sc="180,-21,190,92,330,-40,290,-21" />
</Scene>
<Scene>
<INIT seed="3,0,0,2,1,16" ten="159,282,290,269" oya="3" hai0="131,3,61,8,108,87,44,102,103,104,39,94,11" hai1="89,66,71,17,50,38,46,29,4,101,24,20,96" hai2="10,80,15,129,75,132,135,53,127,12,45,133,49" hai3="69,41,119,0,32,97,6,76,5,67,86,37,90"/><W99/><G119/><T35/><D131/><U65/><E38/><V122/><F75/><W33/><G32/><T109/><D35/><U26/><E4/><N who="3" m="1642" /><G33/><T31/><D31/><U116/><E116/><V130/><F122/><W111/><G69/><T95/><D104/><U40/><E71/><V48/><F80/><N who="3" m="47367" /><G0/><T117/><D117/><U79/><E79/><V7/><F49/><W73/><G73/><T21/><D87/><U85/><E96/><N who="3" m="36938" /><G37/><T93/><D61/><U19/><E101/><N who="0" m="38409" /><D44/><U125/><E125/><V59/><F127/><W113/><G113/><T128/><D39/><U121/><E121/><V98/><F98/><W100/><G100/><T22/><D3/><U62/><E62/><N who="2" m="36207" /><F12/><W60/><G111/><N who="0" m="42571" /><D128/><N who="2" m="49258" /><F48/><W83/><G41/><T51/><D51/><U112/><E112/><V56/><F56/><N who="3" m="37255" /><G83/><T58/><D58/><U2/><E2/><V124/><F124/><W36/><G36/><T52/><D52/><U13/><E66/><V1/><F1/><W57/><G57/><T106/><D106/><U25/><E65/><V81/><F81/><W28/><G90/><T84/><D84/><U74/><E74/><V82/><F82/><W120/><G120/><T118/><D118/><U43/><E40/><V14/><F14/><W63/><G63/><T27/><D27/><N who="1" m="10315" /><E13/><V34/><F34/><W115/><G115/><T42/><D42/><U92/><AGARI ba="0,0" hai="17,19,20,26,29,43,46,50,85,89,92" m="10315" machi="92" ten="30,2000,0" yaku="8,1,52,1" doraHai="16" who="1" fromWho="1" sc="159,-5,282,20,290,-5,269,-10" owari="154,-35.0,302,40.0,285,9.0,259,-14.0" />
</Scene>
</mjloggm>