<mjloggm ver="2.3"><GO type="97"/><UN n0="%E3%81%82%E3%81%97%E3%81%A3%E3%81%A9%EF%BC%81" n1="%E5%A4%AA%E3%81%8F%E3%81%AA%E3%81%84%E3%81%8A" n2="%E3%82%A2%E3%82%B5%E3%82%AB" n3="%E3%81%84%E3%81%AE%E3%81%8D%E3%83%BC" dan="15,13,14,14" rate="1921,2023,1889,1983" sx="F,M,M,M"/><TAIKYOKU oya="0"/>

<Scene>
<INIT seed="0,0,0,1,2,118" ten="250,250,250,250" oya="0" hai0="57,91,54,11,116,89,22,106,86,81,126,4,99" hai1="104,95,2,107,31,34,44,39,41,64,120,100,102" hai2="132,97,40,103,117,51,127,43,82,111,32,24,134" hai3="78,27,128,55,63,48,16,7,35,85,61,53,15"/><T9/><D116/><U65/><E2/><V62/><F117/><W130/><G35/><T25/><D126/><U88/><E102/><V72/><F127/><W83/><G27/><T46/><D46/><U10/><E10/><V105/><F111/><W59/><G7/><T129/><D129/><N who="3" m="49769" /><G55/><T135/><D135/><N who="2" m="51754" /><F51/><W80/><G80/><T38/><D38/><U113/><E113/><V87/><F62/><W76/><G76/><T133/><D133/><U12/><E12/><V18/><F72/><W23/><AGARI ba="0,0" hai="15,16,23,48,53,59,61,63,78,83,85" m="49769" machi="23" ten="30,2000,0" yaku="19,1,54,1" doraHai="118" who="3" fromWho="3" sc="250,-10,250,-5,250,-5,250,20" />
</Scene>
<Scene>
<INIT seed="1,0,0,5,2,106" ten="240,245,245,270" oya="1" hai0="90,21,7,46,75,73,60,58,115,107,88,45,103" hai1="79,43,15,94,134,12,128,117,14,6,77,24,87" hai2="68,110,18,99,50,11,105,29,133,70,85,30,59" hai3="111,39,19,98,49,20,92,81,27,132,123,41,44"/><U116/><E6/><V52/><F133/><W2/><G123/><T48/><D115/><U93/><E43/><V108/><F85/><W135/><G2/><T40/><D45/><U1/><E1/><V17/><F99/><W84/><G39/><T67/><D7/><U130/><E24/><V131/><F105/><W3/><G3/><T69/><D69/><N who="2" m="26730" /><F11/><W63/><G63/><T16/><D107/><U10/><E10/><V22/><F22/><W72/><G72/><T101/><D73/><U37/><E37/><V65/><F65/><W36/><G36/><T118/><D75/><U112/><E112/><V8/><F8/><W76/><G132/><T109/><D109/><N who="2" m="42090" /><F131/><N who="1" m="50217" /><E134/><V33/><F33/><W25/><G111/><T31/><D31/><AGARI ba="0,0" hai="17,18,29,30,31,50,52,59" m="42090,26730" machi="31" ten="30,2000,0" yaku="14,1,54,1" doraHai="106" who="2" fromWho="0" sc="240,-20,245,0,245,20,270,0" />
</Scene>
<Scene>
<INIT seed="2,0,0,1,1,43" ten="220,245,265,270" oya="2" hai0="105,76,42,1,65,128,79,91,54,120,35,111,8" hai1="131,94,2,0,93,18,124,12,125,110,119,24,23" hai2="135,52,13,115,64,109,39,38,16,36,72,3,67" hai3="51,60,41,96,99,74,101,85,6,86,47,122,33"/><V30/><F115/><W14/><G74/><T45/><D120/><U29/><E119/><V77/><F3/><N who="1" m="1065" /><E94/><V17/><F135/><W57/><G122/><T63/><D35/><N who="1" m="20903" /><E93/><V108/><F30/><W25/><G33/><T97/><D54/><U90/><E90/><V123/><F123/><W55/><G25/><T49/><D91/><U10/><E110/><N who="2" m="42603" /><F77/><W89/><G101/><T53/><D53/><U95/><E95/><V7/><F72/><W73/><G73/><T11/><D105/><U22/><E131/><V69/><F69/><W59/><G59/><N who="0" m="37119" /><D128/><U84/><E84/><N who="3" m="32362" /><G89/><T68/><D68/><U31/><E31/><V133/><F133/><W19/><G6/><T15/><D1/><U102/><E102/><V104/><F104/><W103/><G103/><T40/><D97/><U37/><E37/><V46/><F7/><W27/><G99/><T83/><D83/><U126/><AGARI ba="0,0" hai="10,12,18,22,23,124,125,126" m="20903,1065" machi="126" ten="40,5200,0" yaku="18,1,34,2" doraHai="43" who="1" fromWho="1" sc="220,-13,245,52,265,-26,270,-13" />
</Scene>
<Scene>
<INIT seed="3,0,0,2,2,57" ten="207,297,239,257" oya="3" hai0="80,67,50,75,54,22,61,5,100,30,19,52,29" hai1="17,127,34,36,21,40,9,10,28,113,15,131,104" hai2="4,73,85,20,111,59,58,109,55,118,6,132,108" hai3="106,3,119,38,107,79,86,90,71,70,35,45,69"/><W23/><G119/><T82/><D5/><U123/><E104/><V47/><F118/><W110/><G35/><T102/><D75/><U37/><E123/><V121/><F73/><W49/><G38/><T42/><D42/><U72/><E72/><V11/><F121/><W26/><G79/><T68/><D82/><U53/><E113/><V134/><F85/><W95/><G3/><T88/><D88/><U0/><E40/><V65/><F20/><W133/><G133/><N who="2" m="51305" /><F47/><W44/><G110/><T125/><D80/><U84/><E84/><V39/><F39/><W77/><G77/><T66/><D125/><U7/><E127/><V129/><F129/><W117/><G117/><T16/><D54/><U81/><E81/><V13/><F65/><N who="0" m="24586" /><D61/><U91/><E91/><V41/><F41/><W112/><G112/><T101/><D68/><U8/><E131/><V56/><F55/><W62/><G62/><T74/><D74/><U135/><E135/><V31/><F31/><N who="0" m="11786" /><D22/><U46/><E37/><V103/><F103/><W14/><G45/><AGARI ba="0,0" hai="16,19,45,50,52,100,101,102" m="11786,24586" machi="45" ten="30,8000,1" yaku="26,2,8,1,54,2" doraHai="57" who="0" fromWho="3" sc="207,80,297,0,239,0,257,-80" />
</Scene>
<Scene>
<INIT seed="4,0,0,4,4,74" ten="287,297,239,177" oya="0" hai0="115,114,62,125,49,109,103,129,5,86,84,133,28" hai1="71,12,70,47,18,131,37,24,106,63,29,120,52" hai2="104,11,64,36,1,61,77,99,59,79,110,33,27" hai3="16,20,23,127,2,113,55,90,102,107,93,7,17"/><T72/><D109/><U42/><E120/><V117/><F110/><W121/><G121/><T50/><D72/><U135/><E106/><V30/><F36/><W26/><G127/><T68/><D125/><U94/><E131/><V91/><F117/><W46/><G113/><N who="0" m="43019" /><D129/><U96/><E135/><V14/><F1/><W92/><G107/><T134/><D103/><U81/><E81/><V100/><REACH who="2" step="1"/><F91/><REACH who="2" ten="287,297,229,177" step="2"/><W0/><G7/><AGARI ba="0,1" hai="7,11,14,27,30,33,59,61,64,77,79,99,100,104" machi="7" ten="30,8000,1" yaku="1,1,2,1,7,1,52,2,53,0" doraHai="74" doraHaiUra="41" who="2" fromWho="3" sc="287,0,297,0,229,90,177,-80" owari="287,-11.0,297,10.0,319,41.0,97,-40.0" />
</Scene>
</mjloggm>