<mjloggm ver="2.3"><GO type="97"/><UN n0="%E5%8C%97%E3%81%AE%E9%9B%80%E8%81%96" n1="%EF%BD%93%EF%BD%8F%EF%BD%92%EF%BD%81" n2="%E5%A4%AA%E3%81%8F%E3%81%AA%E3%81%84%E3%81%8A" n3="%73%79%6F%75%6A%69%30%34" dan="14,14,14,13" rate="1891,1944,2025,1813" sx="M,M,M,M"/><TAIKYOKU oya="0"/>

<Scene>
<INIT seed="0,0,0,1,4,60" ten="250,250,250,250" oya="0" hai0="0,75,46,107,6,92,56,16,85,97,130,64,57" hai1="37,1,48,135,120,38,69,101,132,108,3,116,72" hai2="110,28,127,22,36,63,47,112,39,70,42,27,25" hai3="105,49,51,71,34,91,9,111,31,81,68,125,10"/><T93/><D130/><U61/><E101/><V62/><F112/><W133/><G105/><T82/><D75/><U114/><E48/><V53/><F110/><W121/><G121/><T19/><D107/><U24/><E24/><V90/><F127/><W52/><G34/><T29/><D29/><U65/><E37/><V50/><F90/><W21/><G125/><T54/><D0/><U4/><E4/><V55/><F27/><W123/><G111/><T134/><D6/><U66/><E72/><V106/><F106/><W94/><G123/><T102/><D134/><N who="1" m="51243" /><E120/><V35/><F35/><W76/><G71/><T13/><D92/><U32/><E32/><V44/><F22/><W117/><G49/><T109/><D46/><U118/><E38/><N who="2" m="21591" /><F25/><N who="3" m="16815" /><G68/><T45/><D109/><U88/><E108/><V33/><F36/><W98/><G117/><N who="1" m="45162" /><E114/><V96/><F33/><W59/><G133/><T104/><D104/><U41/><E41/><N who="2" m="22975" /><F28/><W73/><G73/><T14/><D45/><U95/><E65/><N who="2" m="41271" /><F96/><AGARI ba="0,0" hai="1,3,61,66,69,88,95,96" m="45162,51243" machi="96" ten="30,3900,0" yaku="20,1,52,1,54,1" doraHai="60" who="1" fromWho="2" sc="250,0,250,39,250,-39,250,0" />
</Scene>
<Scene>
<INIT seed="1,0,0,3,1,134" ten="250,289,211,250" oya="1" hai0="52,121,70,76,105,74,99,69,36,7,50,21,25" hai1="80,40,82,45,120,61,78,102,88,39,23,48,34" hai2="103,29,56,8,118,57,55,17,4,100,86,11,20" hai3="130,90,125,91,115,43,117,32,18,0,12,110,46"/><U33/><E120/><V14/><F118/><W114/><G32/><T27/><D36/><U108/><E102/><V77/><F29/><W81/><G0/><T2/><D121/><U22/><E39/><V64/><F64/><W16/><G117/><T119/><D119/><U3/><E3/><V96/><F11/><W63/><G130/><T84/><D74/><U30/><E61/><V38/><F38/><W5/><G125/><T87/><D70/><U62/><E62/><V35/><F35/><W31/><G31/><T104/><D69/><U85/><E108/><V109/><F109/><W124/><G110/><T135/><D135/><U94/><E80/><N who="2" m="47375" /><F96/><W44/><G124/><T107/><D76/><U79/><E79/><V129/><F129/><W123/><G123/><T71/><D71/><U28/><E34/><V68/><F68/><W15/><G63/><T98/><D2/><U47/><E33/><V126/><F126/><W112/><G81/><T113/><D7/><U1/><E1/><V41/><F41/><W95/><G95/><T127/><D127/><U92/><E92/><V116/><F116/><W19/><G43/><T122/><D122/><U73/><E47/><N who="3" m="17962" /><G5/><T101/><D113/><U13/><REACH who="1" step="1"/><E22/><REACH who="1" ten="250,279,211,250" step="2"/><V97/><F100/><W89/><AGARI ba="0,1" hai="12,15,16,18,19,89,90,91,112,114,115" m="17962" machi="89" ten="40,8000,1" yaku="29,2,28,2,54,1" doraHai="134" who="3" fromWho="3" sc="250,-20,279,-40,211,-20,250,90" />
</Scene>
<Scene>
<INIT seed="2,0,0,2,3,29" ten="230,239,191,340" oya="2" hai0="107,22,36,130,90,17,46,112,121,3,69,50,70" hai1="19,31,87,135,133,86,116,33,15,76,2,128,60" hai2="4,21,124,39,7,65,85,28,35,32,127,41,23" hai3="132,125,89,47,45,57,102,80,18,98,73,59,109"/><V105/><F105/><W55/><G73/><T103/><D112/><U122/><E116/><V134/><F65/><W20/><G125/><N who="2" m="48201" /><F134/><N who="1" m="51209" /><E60/><V71/><F71/><W53/><G132/><T34/><D121/><U79/><E122/><V54/><F54/><N who="3" m="20491" /><G102/><T117/><D130/><U51/><E2/><V30/><F85/><N who="1" m="32265" /><E128/><V49/><F39/><W58/><G109/><T104/><D117/><U129/><E129/><V83/><F83/><W110/><G110/><T101/><D3/><U114/><E114/><V67/><F67/><W40/><G40/><T63/><D36/><U61/><E61/><V1/><F41/><W5/><G5/><N who="2" m="2121" /><F49/><W94/><G80/><T77/><D77/><U27/><E51/><V123/><F1/><W108/><G108/><T131/><D131/><U100/><E100/><V120/><F120/><W93/><G93/><T66/><D70/><U8/><AGARI ba="0,0" hai="8,15,19,27,31,33,76,79" m="32265,51209" machi="8" ten="30,2000,0" yaku="20,1,52,1" doraHai="29" who="1" fromWho="1" sc="230,-5,239,20,191,-10,340,-5" />
</Scene>
<Scene>
<INIT seed="3,0,0,5,2,76" ten="225,259,181,335" oya="3" hai0="127,15,79,94,45,0,86,49,47,132,26,130,34" hai1="96,109,17,97,91,88,117,80,19,16,64,90,50" hai2="31,60,103,36,57,55,67,22,51,99,61,75,56" hai3="33,6,2,54,111,53,74,7,43,59,21,23,11"/><W118/><G33/><T100/><D0/><U46/><E109/><V95/><F36/><W84/><G111/><T87/><D132/><U27/><E117/><V41/><F75/><W126/><G118/><T29/><D130/><U106/><E64/><V101/><F41/><W93/><G74/><T115/><D115/><U82/><E106/><V20/><F103/><W28/><G126/><T129/><D127/><U105/><E27/><V81/><F31/><W92/><G43/><T73/><D73/><U125/><E125/><V77/><REACH who="2" step="1"/><F61/><REACH who="2" ten="225,259,171,335" step="2"/><W112/><G28/><T135/><D129/><U44/><E105/><V68/><F68/><W58/><G112/><T113/><D113/><U69/><E69/><V35/><F35/><W85/><G2/><T24/><D135/><U3/><E3/><V133/><F133/><W1/><G1/><T71/><D71/><U110/><E110/><V42/><F42/><W98/><G98/><N who="1" m="37994" /><E46/><V70/><F70/><W114/><G114/><T5/><D45/><U10/><E10/><AGARI ba="0,1" hai="6,7,10,11,21,23,53,54,58,59,84,85,92,93" machi="10" ten="25,4800,0" yaku="22,2,8,1" doraHai="76" who="3" fromWho="1" sc="225,0,259,-48,171,0,335,58" owari="225,3.0,211,-19.0,171,-33.0,393,49.0" />
</Scene>
</mjloggm>