<mjloggm ver="2.3"><GO type="169"/><UN n0="%E8%99%8E%E7%8D%85%E3%81%8F%E3%82%93" n1="%23%37%34%E5%A4%A7%E6%B2%BB%E9%83%8E" n2="%E3%81%B5%E3%81%8B%E3%81%BF" n3="%E5%A4%AA%E3%81%8F%E3%81%AA%E3%81%84%E3%81%8A" dan="16,16,17,17" rate="2087,2093,2126,2136" sx="M,M,F,M"/><TAIKYOKU oya="0"/>

<Scene>
<INIT seed="0,0,0,4,1,46" ten="250,250,250,250" oya="0" hai0="104,97,122,43,100,13,98,74,94,18,22,16,51" hai1="6,83,78,54,63,124,128,57,120,107,86,19,23" hai2="119,85,29,10,12,90,113,3,92,96,26,34,131" hai3="77,31,118,28,40,58,8,56,2,32,91,53,52"/><T50/><D122/><U76/><E120/><V112/><F131/><W99/><G118/><T106/><D74/><U75/><E128/><V42/><F119/><W11/><G40/><T30/><D30/><U33/><E33/><V125/><F125/><W67/><G77/><T64/><D64/><U36/><E36/><V132/><F132/><W73/><G73/><T69/><D69/><U109/><E124/><V9/><F42/><W81/><G67/><T93/><D43/><U82/><E107/><V105/><F3/><W79/><G79/><T25/><D104/><U14/><REACH who="1" step="1"/><E6/><REACH who="1" ten="250,240,250,250" step="2"/><V126/><F126/><W24/><G32/><T72/><D106/><U38/><E38/><V130/><F130/><W4/><G4/><T21/><REACH who="0" step="1"/><D72/><REACH who="0" ten="240,240,250,250" step="2"/><U102/><E102/><AGARI ba="0,2" hai="13,16,18,21,22,25,50,51,93,94,97,98,100,102" machi="102" ten="30,24000,3" yaku="1,1,2,1,7,1,9,1,8,1,52,2,54,1,53,2" doraHai="46" doraHaiUra="89" who="0" fromWho="1" sc="240,260,240,-240,250,0,250,0" />
</Scene>
<Scene>
<INIT seed="0,1,0,4,4,122" ten="500,0,250,250" oya="0" hai0="58,63,104,1,6,75,82,123,116,29,2,25,98" hai1="88,93,46,16,86,42,48,67,101,35,26,34,71" hai2="106,81,72,24,54,10,77,127,15,119,41,115,53" hai3="133,56,57,91,126,61,49,21,132,8,76,80,13"/><T45/><D116/><U59/><E71/><V32/><F115/><W14/><G126/><T125/><D123/><U99/><E67/><V109/><F106/><W66/><G91/><T3/><D125/><U30/><E59/><V113/><F113/><W121/><G121/><T17/><D17/><U85/><E85/><V12/><F127/><W124/><G124/><T28/><D45/><U89/><E89/><V68/><F68/><N who="3" m="42063" /><G21/><T118/><D118/><U47/><E47/><V33/><F119/><W27/><G27/><T84/><D75/><U4/><E4/><V92/><F24/><W102/><G102/><T38/><D38/><U134/><E134/><N who="3" m="51818" /><G49/><T64/><D6/><U114/><E114/><V18/><F77/><W112/><G112/><T40/><D40/><U60/><E60/><V94/><F41/><W5/><G14/><T70/><D70/><U36/><E36/><V129/><F15/><W90/><G90/><T110/><D29/><U78/><E78/><N who="2" m="44231" /><F33/><W44/><G44/><T130/><D28/><U55/><E42/><V74/><F32/><W120/><G120/><T95/><D25/><U105/><E16/><V79/><F79/><W50/><G50/><T135/><D135/><U19/><E19/><V96/><F18/><W69/><G69/><T87/><D104/><U20/><AGARI ba="1,0" hai="20,26,30,34,35,46,48,55,86,88,93,99,101,105" machi="20" ten="20,2700,0" yaku="0,1,7,1,54,1" doraHai="122" who="1" fromWho="1" sc="500,-14,0,30,250,-8,250,-8" />
</Scene>
<Scene>
<INIT seed="1,0,0,2,5,20" ten="486,30,242,242" oya="1" hai0="79,39,84,128,12,54,4,124,56,102,14,41,0" hai1="6,98,59,44,114,64,49,113,85,27,21,88,99" hai2="90,42,48,74,109,11,86,117,3,101,78,66,9" hai3="92,91,18,81,55,120,22,31,132,133,36,50,16"/><U105/><E6/><V30/><F117/><W116/><G120/><T134/><D124/><U45/><E105/><V33/><F3/><W123/><G123/><T71/><D71/><U19/><E114/><V97/><F66/><W115/><G36/><T26/><D128/><U89/><E113/><V23/><F33/><W46/><G115/><T29/><D134/><N who="3" m="51817" /><G81/><T25/><D102/><U7/><E7/><V82/><F109/><W65/><G65/><T67/><D67/><U83/><E89/><V28/><F48/><W126/><G126/><T110/><D110/><U112/><E112/><V15/><F42/><W76/><G76/><T119/><D119/><U107/><E107/><N who="2" m="63919" /><F23/><W47/><G47/><N who="1" m="17994" /><E49/><V121/><F121/><W5/><G5/><T37/><D0/><U72/><E72/><V58/><F58/><W53/><G53/><T38/><D41/><U100/><E100/><V118/><F118/><W43/><G116/><T17/><D4/><U75/><E75/><V87/><F74/><W108/><G43/><T69/><D69/><U8/><E8/><V122/><F9/><W73/><G73/><T106/><D106/><U93/><E83/><N who="2" m="47479" /><F122/><W24/><G108/><T32/><D79/><U103/><E103/><V125/><F125/><W52/><G55/><T80/><D80/><U35/><E35/><V1/><F1/><W51/><G50/><T111/><D111/><U135/><E135/><V57/><F57/><W63/><G63/><AGARI ba="0,0" hai="19,21,27,59,63,64,85,88,93,98,99" m="17994" machi="63" ten="30,5800,0" yaku="8,1,52,1,54,1" doraHai="20" who="1" fromWho="3" sc="486,0,30,58,242,0,242,-58" />
</Scene>
<Scene>
<INIT seed="1,1,0,4,2,89" ten="486,88,242,184" oya="1" hai0="110,102,71,87,60,114,40,32,36,4,24,48,117" hai1="119,16,69,0,64,79,45,80,101,116,10,107,106" hai2="121,126,27,65,19,25,38,8,9,46,113,124,11" hai3="99,82,125,47,59,66,70,61,29,53,50,133,26"/><U12/><E0/><V42/><F121/><W120/><G125/><N who="2" m="48233" /><F113/><W55/><G133/><T6/><D117/><U30/><E30/><V37/><F65/><W54/><G120/><T2/><D114/><U94/><E45/><V100/><F100/><W122/><G122/><T58/><D71/><U72/><E107/><V62/><F62/><W83/><G99/><T131/><D36/><N who="2" m="13930" /><F19/><W93/><G93/><T90/><D102/><U14/><E106/><V130/><F130/><W21/><REACH who="3" step="1"/><G70/><REACH who="3" ten="486,88,242,174" step="2"/><T123/><D131/><U96/><REACH who="1" step="1"/><E14/><REACH who="1" ten="486,78,242,174" step="2"/><V39/><AGARI ba="1,2" hai="8,9,11,25,27,39,42,46" m="13930,48233" machi="39" ten="40,1500,0" yaku="18,1" doraHai="89" who="2" fromWho="2" sc="486,-5,78,-8,242,38,174,-5" />
</Scene>
<Scene>
<INIT seed="2,0,0,2,5,32" ten="481,70,280,169" oya="2" hai0="9,37,113,128,81,103,29,107,125,96,131,50,120" hai1="51,75,41,18,40,26,58,62,12,109,119,118,108" hai2="87,102,84,59,130,72,116,7,78,101,82,86,97" hai3="63,33,85,123,115,66,31,10,22,117,52,73,65"/><V99/><F7/><W92/><G123/><T57/><D113/><U16/><E75/><V30/><F30/><W88/><G117/><T80/><D120/><U14/><E51/><V106/><F59/><N who="3" m="35303" /><G73/><T27/><D37/><U38/><E58/><V89/><F116/><W42/><G33/><N who="0" m="20671" /><D9/><U110/><E62/><V70/><F70/><W6/><G115/><T55/><D125/><U5/><E38/><V83/><REACH who="2" step="1"/><F130/><AGARI ba="0,0" hai="50,55,57,80,81,96,103,107,128,130,131" m="20671" machi="130" ten="30,1000,0" yaku="19,1" doraHai="32" who="0" fromWho="2" sc="481,10,70,0,280,-10,169,0" />
</Scene>
<Scene>
<INIT seed="3,0,0,1,3,129" ten="491,70,270,169" oya="3" hai0="108,93,124,49,73,98,66,82,87,84,79,17,61" hai1="89,6,20,106,92,53,13,134,83,67,69,97,78" hai2="109,81,135,26,72,45,77,14,105,32,50,48,47" hai3="116,8,52,96,23,120,41,56,121,60,43,34,117"/><W126/><G34/><T94/><D108/><U46/><E106/><V2/><F2/><W59/><G8/><T113/><D113/><U58/><E46/><V11/><F105/><W1/><G1/><T37/><D37/><U80/><E69/><V25/><F109/><W130/><G23/><T104/><D124/><U28/><E67/><V42/><F32/><W33/><G96/><T111/><D111/><U15/><E83/><V22/><F22/><W68/><G33/><T110/><D110/><U38/><E38/><V95/><F95/><W86/><G86/><T127/><D127/><U55/><E55/><V29/><F29/><W21/><G21/><T64/><D49/><U39/><E39/><V133/><F26/><W24/><G24/><T31/><D31/><U131/><E131/><V102/><F102/><W118/><G130/><T62/><D104/><U128/><E128/><V88/><F25/><W12/><G12/><T85/><D17/><U3/><E3/><V9/><F88/><W65/><G126/><T40/><D40/><N who="3" m="15433" /><G68/><T74/><D98/><U132/><E28/><V101/><F101/><W7/><G7/><T71/><D74/><N who="1" m="43095" /><E20/><V90/><F90/><W5/><G5/><T44/><D73/><U54/><E6/><N who="2" m="3383" /><F11/><W122/><G59/><T16/><D79/><U63/><E54/><AGARI ba="0,0" hai="52,54,56,60,65,116,117,118,120,121,122" m="15433" machi="54" ten="40,7700,0" yaku="34,2,54,1" doraHai="129" who="3" fromWho="1" sc="491,0,70,-77,270,0,169,77" owari="491,59.0,-7,-51.0,270,7.0,246,-15.0" />
</Scene>
</mjloggm>