<mjloggm ver="2.3"><GO type="169"/><UN n0="%E5%AF%BE%E5%AD%90%E3%81%AE%E7%8E%8B%E6%A7%98" n1="%E5%A4%AA%E3%81%8F%E3%81%AA%E3%81%84%E3%81%8A" n2="%6E%69%6A%69" n3="%E9%96%A2%E7%99%BD%E5%A4%B1%E8%84%9A" dan="17,17,16,16" rate="2136,2145,2069,2062" sx="M,M,F,F"/><TAIKYOKU oya="0"/>

<Scene>
<INIT seed="0,0,0,1,5,18" ten="250,250,250,250" oya="0" hai0="127,16,106,126,25,23,36,100,97,0,81,110,101" hai1="11,131,7,111,68,41,105,24,22,55,73,117,96" hai2="70,134,80,79,88,103,82,76,60,85,15,27,37" hai3="93,98,71,35,13,48,89,49,5,19,90,4,91"/><T21/><D0/><U66/><E117/><V53/><F37/><W69/><G35/><T17/><D36/><U86/><E73/><V122/><F122/><W135/><G135/><T20/><D81/><U44/><E111/><V10/><F134/><W62/><G71/><T26/><D110/><U57/><E131/><V118/><F103/><W12/><G69/><T95/><D23/><U54/><E86/><V50/><F118/><W39/><G62/><T52/><D52/><U9/><E68/><V63/><F27/><W128/><G39/><T78/><D78/><U132/><E132/><V112/><F112/><W124/><G128/><T30/><D30/><U77/><E77/><N who="2" m="29771" /><F80/><W14/><G124/><N who="0" m="47659" /><D101/><U33/><E33/><V83/><F83/><W42/><G19/><T67/><D67/><U123/><E123/><V130/><F70/><W28/><G28/><T72/><D72/><U51/><E66/><V29/><F29/><W1/><G1/><T133/><D133/><U120/><E120/><V113/><F113/><W125/><G125/><T102/><D102/><U94/><E54/><V107/><F130/><W64/><G64/><T56/><D56/><U34/><E34/><V104/><F104/><AGARI ba="0,0" hai="16,17,20,21,25,26,95,97,100,104,106" m="47659" machi="104" ten="30,11600,0" yaku="18,1,52,2,54,1" doraHai="18" who="0" fromWho="2" sc="250,116,250,0,250,-116,250,0" />
</Scene>
<Scene>
<INIT seed="0,1,0,3,3,88" ten="366,250,134,250" oya="0" hai0="81,97,39,7,4,117,44,17,37,118,74,105,126" hai1="48,128,114,63,86,34,127,33,8,64,130,47,76" hai2="46,122,0,6,45,26,19,28,111,40,29,98,89" hai3="69,96,125,135,36,66,94,15,131,68,70,107,60"/><T108/><D17/><U56/><E127/><V110/><F122/><W91/><G125/><T52/><D105/><U71/><E114/><V22/><F6/><W104/><G36/><T51/><D126/><U112/><E112/><V30/><F0/><W23/><G135/><T84/><D74/><U100/><E100/><V65/><F65/><W77/><G131/><N who="1" m="50218" /><E8/><V21/><F21/><W16/><REACH who="3" step="1"/><G77/><REACH who="3" ten="366,250,134,240" step="2"/><T133/><D133/><U72/><E72/><V124/><F124/><W99/><G99/><T119/><D97/><U20/><E76/><V10/><F110/><W73/><G73/><T5/><REACH who="0" step="1"/><D108/><REACH who="0" ten="356,250,134,240" step="2"/><U12/><E86/><V67/><F111/><W13/><G13/><T53/><D53/><U115/><E115/><V50/><F67/><W93/><G93/><T25/><D25/><U61/><E12/><V103/><F26/><W57/><AGARI ba="1,2" hai="15,16,23,57,60,66,68,69,70,91,94,96,104,107" machi="57" ten="30,7900,0" yaku="1,1,0,1,52,1,54,1,53,0" doraHai="88" doraHaiUra="41" who="3" fromWho="3" sc="356,-40,250,-21,134,-21,240,102" />
</Scene>
<Scene>
<INIT seed="1,0,0,2,1,74" ten="316,229,113,342" oya="1" hai0="51,69,23,62,111,7,119,21,125,101,61,48,118" hai1="34,124,113,35,55,27,46,14,36,17,13,82,64" hai2="28,112,66,104,26,31,96,102,109,54,15,18,24" hai3="56,58,44,120,86,84,77,133,63,59,10,83,121"/><U128/><E113/><V45/><F112/><W108/><G108/><T105/><D111/><U106/><E106/><V42/><F109/><W47/><G133/><T103/><D105/><U40/><E128/><V78/><F54/><W68/><G68/><T22/><D69/><U72/><E124/><V85/><F66/><W50/><G63/><T93/><D93/><U114/><E114/><V60/><F60/><W39/><G39/><T2/><D23/><U90/><E64/><V5/><F5/><W65/><G65/><T57/><D7/><U1/><E1/><V12/><F12/><W75/><G10/><T37/><D37/><U132/><E132/><V30/><F26/><W116/><G44/><T16/><D57/><U131/><E131/><V11/><F24/><W4/><G4/><T130/><D130/><U0/><E0/><V9/><F9/><W81/><G75/><T79/><D2/><U71/><E71/><V94/><F104/><W38/><G38/><T126/><D16/><U100/><E100/><V117/><F117/><W91/><REACH who="3" step="1"/><G116/><REACH who="3" ten="316,229,113,332" step="2"/><T129/><D129/><U115/><E115/><V3/><F3/><W6/><G6/><T29/><D29/><U49/><E36/><V8/><F8/><W52/><AGARI ba="0,1" hai="47,50,52,56,58,59,77,81,83,84,86,91,120,121" machi="52" ten="30,7900,0" yaku="1,1,0,1,52,1,54,1,53,0" doraHai="74" doraHaiUra="123" who="3" fromWho="3" sc="316,-20,229,-39,113,-20,332,89" />
</Scene>
<Scene>
<INIT seed="2,0,0,4,3,31" ten="296,190,93,421" oya="2" hai0="68,4,30,55,92,52,7,82,33,9,108,99,39" hai1="75,100,101,64,42,56,29,54,87,104,124,67,46" hai2="125,74,13,41,120,28,121,3,102,57,111,51,60" hai3="115,66,129,89,113,127,109,8,77,36,10,78,97"/><V40/><F3/><W58/><G36/><T103/><D68/><U14/><E75/><V49/><F74/><W73/><G109/><T25/><D39/><U22/><E124/><V71/><F102/><N who="1" m="39529" /><E104/><V50/><F13/><W95/><G127/><T72/><D108/><U98/><E98/><V6/><F6/><W27/><G129/><T130/><D130/><U96/><E96/><V91/><F91/><W21/><G58/><T34/><D34/><U119/><E87/><V133/><F28/><W32/><G32/><T69/><D69/><U45/><E119/><V47/><F125/><W112/><G66/><N who="1" m="25130" /><E42/><N who="2" m="16491" /><F111/><W110/><G110/><T79/><REACH who="0" step="1"/><D7/><REACH who="0" ten="286,190,93,421" step="2"/><U62/><E29/><V65/><F133/><W90/><G113/><T17/><D17/><AGARI ba="0,1" hai="14,17,22,45,46,54,56,62" m="25130,39529" machi="17" ten="30,1000,0" yaku="8,1" doraHai="31" who="1" fromWho="0" sc="286,-10,190,20,93,0,421,0" />
</Scene>
<Scene>
<INIT seed="3,0,0,5,0,26" ten="276,210,93,421" oya="3" hai0="83,22,88,81,85,28,3,52,117,10,134,6,111" hai1="120,12,63,27,46,19,17,25,74,38,16,82,2" hai2="92,41,33,80,133,106,116,97,99,127,31,104,57" hai3="102,62,44,103,51,72,0,87,56,107,20,118,95"/><W45/><G72/><T124/><D117/><U84/><E120/><V34/><F116/><W59/><G118/><T50/><D111/><U24/><E2/><V123/><F123/><W53/><G0/><T79/><D134/><U112/><E112/><V109/><F133/><W100/><G107/><T125/><D22/><U37/><E74/><V67/><F109/><W66/><G20/><T60/><D60/><U23/><E63/><V91/><F127/><N who="0" m="48714" /><D28/><U105/><E105/><V40/><F80/><W86/><G95/><N who="0" m="54671" /><D79/><U115/><E115/><V35/><F106/><W96/><G96/><T114/><D114/><U58/><E58/><AGARI ba="0,0" hai="3,6,10,50,52,58,81,83" m="54671,48714" machi="58" ten="30,3900,0" yaku="18,1,54,2" doraHai="26" who="0" fromWho="1" sc="276,39,210,-39,93,0,421,0" />
</Scene>
<Scene>
<INIT seed="4,0,0,2,1,105" ten="315,171,93,421" oya="0" hai0="58,97,132,65,47,98,130,12,42,23,67,49,48" hai1="32,118,17,59,83,68,54,34,124,45,73,125,71" hai2="127,18,62,110,24,66,70,19,99,56,100,52,13" hai3="0,51,86,92,103,87,135,84,21,96,20,122,75"/><T77/><D130/><U8/><E118/><V126/><F110/><W61/><G0/><T104/><D132/><U50/><E8/><V94/><F24/><W43/><G75/><T101/><D97/><U30/><E17/><V88/><F100/><W111/><G111/><T16/><D77/><N who="1" m="44463" /><E59/><V114/><F114/><W33/><G33/><N who="1" m="12906" /><E30/><V117/><F117/><W78/><G135/><T9/><D49/><U89/><E89/><V14/><F19/><W80/><G61/><T81/><D81/><U4/><E4/><V41/><F41/><W109/><G109/><T133/><D133/><U90/><E90/><V15/><REACH who="2" step="1"/><F18/><REACH who="2" ten="315,171,83,421" step="2"/><W116/><G116/><T6/><REACH who="0" step="1"/><D58/><REACH who="0" ten="305,171,83,421" step="2"/><U22/><E71/><V25/><F25/><AGARI ba="0,2" hai="6,9,12,16,23,25,42,47,48,65,67,98,101,104" machi="25" ten="30,11600,0" yaku="1,1,2,1,7,1,54,1,53,0" doraHai="105" doraHaiUra="108" who="0" fromWho="2" sc="305,136,171,0,83,-116,421,0" owari="441,54.0,171,-23.0,-33,-53.0,421,22.0" />
</Scene>
</mjloggm>