<mjloggm ver="2.3"><GO type="97"/><UN n0="%E3%82%A4%E3%82%BA%E3%83%9F%E3%83%B3" n1="%E5%A4%AA%E3%81%8F%E3%81%AA%E3%81%84%E3%81%8A" n2="%48%75%6E%74%65%72%2D%41" n3="%6E%65%67%69%73%61%77%61" dan="15,14,14,13" rate="1962,2030,1985,1878" sx="M,M,M,M"/><TAIKYOKU oya="0"/>

<Scene>
<INIT seed="0,0,0,0,5,97" ten="250,250,250,250" oya="0" hai0="1,124,44,134,58,35,73,47,18,86,90,91,72" hai1="84,79,13,85,19,45,17,42,3,81,43,118,48" hai2="56,113,39,68,31,0,26,28,25,99,109,30,37" hai3="111,66,59,14,4,7,122,53,93,112,94,8,101"/><T92/><D1/><U9/><E118/><V82/><F0/><W20/><G122/><T24/><D134/><U100/><E3/><V75/><F68/><W116/><G116/><T2/><D2/><U105/><E84/><V62/><F113/><W117/><G112/><T114/><D114/><U77/><E77/><V103/><F109/><W106/><G111/><T64/><D124/><U23/><E105/><V69/><F69/><W121/><G121/><T89/><D73/><U115/><E115/><V129/><F82/><W107/><G66/><T131/><D72/><U123/><E123/><V41/><F75/><W132/><G20/><N who="0" m="13335" /><D35/><U80/><E80/><V83/><F83/><W70/><G70/><T102/><D131/><U15/><REACH who="1" step="1"/><E100/><REACH who="1" ten="250,240,250,250" step="2"/><V40/><F129/><W128/><G117/><T51/><D102/><U5/><E5/><V54/><F39/><W126/><G7/><T33/><D86/><U60/><E60/><V11/><F37/><W63/><G128/><T78/><D78/><U127/><E127/><V21/><F11/><W57/><G126/><T6/><D6/><U67/><E67/><V50/><F62/><W32/><G107/><T120/><D120/><U36/><E36/><V34/><REACH who="2" step="1"/><F31/><REACH who="2" ten="250,240,240,250" step="2"/><W119/><G119/><T29/><D29/><U65/><E65/><V135/><F135/><W22/><G132/><T108/><D64/><U16/><E16/><V88/><F88/><W95/><G63/><T12/><D108/><U110/><E110/><V104/><AGARI ba="0,2" hai="21,25,26,28,30,34,40,41,50,54,56,99,103,104" machi="104" ten="20,5200,0" yaku="1,1,0,1,7,1,52,1,53,0" doraHai="97" doraHaiUra="130" who="2" fromWho="2" sc="250,-26,240,-13,240,72,250,-13" />
</Scene>
<Scene>
<INIT seed="1,0,0,2,5,31" ten="224,227,312,237" oya="1" hai0="51,30,72,39,5,64,76,28,16,27,61,121,103" hai1="133,52,74,80,87,94,79,119,98,102,7,62,45" hai2="44,111,38,66,69,33,71,117,135,57,129,88,65" hai3="42,92,120,22,32,14,47,4,112,123,109,84,41"/><U10/><E133/><V78/><F78/><W128/><G112/><T9/><D39/><U58/><E119/><V11/><F117/><W55/><G109/><T132/><D121/><U96/><E45/><V50/><F11/><W46/><G32/><T21/><D132/><U122/><E122/><V108/><F135/><W106/><G106/><T95/><D76/><U53/><E96/><V83/><F129/><W0/><G128/><T116/><D72/><U115/><E115/><V97/><F38/><W49/><G0/><T60/><D51/><U134/><E134/><V105/><F33/><W1/><G1/><T59/><D61/><U86/><REACH who="1" step="1"/><E53/><REACH who="1" ten="224,217,312,237" step="2"/><N who="2" m="31927" /><F97/><W63/><G123/><T104/><D116/><U3/><AGARI ba="0,1" hai="3,7,10,52,58,62,74,79,80,86,87,94,98,102" machi="3" ten="20,7800,0" yaku="1,1,0,1,7,1,54,1,53,0" doraHai="31" doraHaiUra="67" who="1" fromWho="1" sc="224,-26,217,88,312,-26,237,-26" />
</Scene>
<Scene>
<INIT seed="1,1,0,0,3,37" ten="198,305,286,211" oya="1" hai0="39,23,34,101,43,89,95,44,6,60,125,0,21" hai1="68,25,22,103,59,50,119,111,116,96,105,106,91" hai2="40,42,77,15,61,88,2,81,19,3,102,31,129" hai3="94,16,49,29,121,74,93,35,122,113,69,62,117"/><U64/><E106/><V107/><F31/><W63/><G74/><T10/><D34/><U104/><E104/><V127/><F129/><W28/><G117/><T120/><D120/><U87/><E68/><V82/><F127/><W55/><G113/><T70/><D125/><U80/><E111/><V8/><F61/><W108/><G108/><T123/><D123/><U99/><E99/><V33/><F33/><W47/><G16/><T135/><D135/><U52/><REACH who="1" step="1"/><E64/><REACH who="1" ten="198,295,286,211" step="2"/><V130/><F107/><W18/><G69/><T9/><D101/><U14/><E14/><V11/><F102/><W132/><G121/><T13/><D70/><U126/><E126/><V30/><F130/><W118/><G122/><T26/><D26/><U128/><E128/><V114/><F114/><W73/><G118/><T65/><D65/><U45/><E45/><V51/><F2/><W38/><G47/><T78/><D60/><U67/><E67/><V5/><F3/><W76/><G62/><T56/><D56/><U53/><E53/><V109/><F109/><W54/><G55/><T58/><D58/><U12/><E12/><V131/><F131/><W133/><G54/><T100/><D100/><U66/><E66/><V41/><F15/><W48/><G63/><T115/><D115/><U85/><E85/><V20/><F5/><W75/><G132/><T79/><D13/><U97/><E97/><V92/><F8/><W90/><G133/><T72/><D9/><U36/><E36/><V83/><F11/><W98/><G38/><T71/><D71/><U7/><E7/><V86/><F51/><RYUUKYOKU ba="1,1" sc="198,-10,295,30,286,-10,211,-10" hai1="22,25,50,52,59,80,87,91,96,103,105,116,119" />
</Scene>
<Scene>
<INIT seed="1,2,1,4,2,23" ten="188,325,276,201" oya="1" hai0="21,110,102,88,4,0,10,68,122,103,73,37,7" hai1="118,69,85,115,51,67,126,98,111,99,114,55,112" hai2="82,18,32,128,129,79,81,106,58,29,5,56,48" hai3="50,89,19,8,57,20,107,14,70,71,1,135,45"/><U3/><E118/><V59/><F106/><W43/><G107/><T80/><D68/><U64/><E3/><V117/><F117/><W41/><G41/><T78/><D122/><U94/><E126/><V109/><F5/><W105/><G105/><T100/><D110/><U9/><E111/><V49/><F109/><W44/><G44/><T30/><D7/><U72/><E72/><V33/><F18/><W84/><G135/><T120/><D120/><U13/><E85/><V132/><F132/><W90/><G57/><T83/><D37/><U40/><E40/><V22/><F22/><W17/><G1/><T63/><D63/><U91/><E99/><V96/><F96/><W46/><G46/><T93/><D83/><N who="2" m="31754" /><F29/><W134/><G134/><T97/><D30/><U24/><E69/><V127/><F79/><W11/><G11/><T133/><D133/><U123/><E123/><V34/><F127/><W116/><G116/><T101/><N who="0" m="25600" /><DORA hai="52" /><T26/><REACH who="0" step="1"/><D21/><REACH who="0" ten="178,325,276,201" step="2"/><U47/><E114/><V2/><F2/><W15/><G71/><T16/><D16/><N who="1" m="8239" /><E115/><V66/><F66/><W113/><G70/><T77/><D77/><U104/><E112/><V39/><F39/><W6/><G113/><T38/><D38/><U61/><E104/><V95/><F95/><W62/><G62/><T131/><D131/><AGARI ba="2,2" hai="32,33,34,48,49,56,58,59,128,129,131" m="31754" machi="131" ten="40,12000,2" yaku="28,2,19,1,52,3" doraHai="23,52" who="2" fromWho="0" sc="178,-126,325,0,276,146,201,0" />
</Scene>
<Scene>
<INIT seed="2,0,0,3,4,116" ten="52,325,422,201" oya="2" hai0="29,2,34,15,123,126,55,60,3,28,64,16,135" hai1="36,33,81,94,110,48,14,83,118,17,100,114,19" hai2="41,24,93,71,101,38,35,42,87,86,68,89,84" hai3="18,74,91,39,1,40,70,125,13,30,115,20,77"/><V26/><F101/><W107/><G70/><N who="2" m="26665" /><F38/><W58/><G1/><N who="0" m="11" /><D55/><U131/><E118/><V49/><F49/><W37/><G107/><T54/><D54/><U124/><E36/><V7/><F7/><W109/><G115/><T121/><D60/><U9/><E114/><V82/><F82/><W61/><G30/><N who="0" m="11883" /><D64/><U105/><E48/><V102/><F102/><W8/><G74/><T50/><D50/><U31/><E83/><V104/><F104/><W32/><G77/><T127/><D34/><U62/><E81/><V117/><F117/><W98/><G32/><T132/><D15/><U0/><E14/><V69/><F69/><W57/><G39/><T122/><D16/><U120/><E19/><V76/><F76/><W59/><G18/><T129/><D129/><U51/><E131/><V52/><F35/><W106/><G37/><T103/><D103/><U128/><E100/><V85/><F52/><W92/><G106/><T63/><D63/><U88/><E62/><V78/><F78/><W134/><G61/><T10/><D10/><U46/><E9/><V65/><F65/><W108/><G8/><T99/><D99/><U66/><E105/><V133/><F93/><W95/><G95/><T53/><D53/><U67/><E94/><V43/><F89/><W73/><G91/><T22/><D22/><U72/><E88/><V44/><F44/><W25/><G20/><T97/><D97/><U5/><E66/><V111/><F85/><W113/><G92/><T21/><D21/><U4/><E67/><V119/><F119/><W12/><G98/><T27/><D27/><RYUUKYOKU ba="0,0" sc="52,30,325,-10,422,-10,201,-10" hai0="121,122,123,126,127,132,135" />
</Scene>
<Scene>
<INIT seed="3,1,0,3,2,9" ten="82,315,412,191" oya="3" hai0="129,92,44,100,63,70,49,8,130,38,53,20,30" hai1="122,22,52,36,2,48,88,124,81,40,107,54,61" hai2="19,1,85,67,90,91,119,64,47,112,84,125,31" hai3="23,50,68,46,3,26,86,74,14,135,4,11,76"/><W117/><G68/><T62/><D8/><U101/><E122/><V87/><F119/><W127/><G117/><T10/><D10/><U41/><E2/><V94/><F112/><W133/><G74/><T132/><D20/><U104/><E36/><V69/><F1/><W77/><G127/><T65/><D30/><U45/><E124/><V96/><F125/><W79/><G3/><T113/><D92/><U7/><E7/><V93/><F69/><W98/><G98/><T15/><D100/><U16/><E107/><V39/><F31/><W83/><G135/><T118/><D15/><N who="1" m="9503" /><E101/><V75/><F75/><W34/><G34/><T110/><D118/><U35/><E104/><V27/><F39/><W131/><G131/><T108/><D132/><U42/><E35/><V0/><F0/><W28/><REACH who="3" step="1"/><G133/><REACH who="3" ten="82,315,412,181" step="2"/><T33/><D33/><U32/><E32/><V126/><F126/><W128/><G128/><N who="0" m="49259" /><D113/><U5/><E5/><V29/><F96/><W106/><G106/><T56/><D63/><U80/><E88/><V58/><F90/><W89/><G89/><T78/><D78/><U57/><AGARI ba="1,1" hai="40,41,42,45,48,52,54,57,61,80,81" m="9503" machi="57" ten="30,7900,0" yaku="8,1,52,1,54,2" doraHai="9" who="1" fromWho="1" sc="82,-21,315,92,412,-21,181,-40" owari="61,-44.0,407,51.0,391,19.0,141,-26.0" />
</Scene>
</mjloggm>