<mjloggm ver="2.3"><GO type="169" lobby="0"/><UN n0="%E3%82%B3%E3%83%AD%E3%83%A9%E3%83%89" n1="%74%6A%2D%6D%69%63%72%6F" n2="%74%6F%6D%6F%79%75" n3="%E5%A4%AA%E3%81%8F%E3%81%AA%E3%81%84%E3%81%8A" dan="17,16,16,18" rate="2139.19,2105.12,2059.96,2234.65" sx="M,M,M,F"/><TAIKYOKU oya="0"/>

<Scene>
<INIT seed="0,0,0,2,4,87" ten="250,250,250,250" oya="0" hai0="116,82,73,72,124,3,98,8,63,2,111,94,49" hai1="4,92,12,127,119,67,91,134,64,115,122,128,125" hai2="84,34,113,121,81,7,58,28,11,123,19,23,43" hai3="101,39,42,93,106,79,54,102,85,10,105,95,33"/><T9/><D116/><U66/><E122/><V71/><F71/><W75/><G33/><T129/><D124/><U61/><E119/><V24/><F113/><W86/><G54/><T118/><D118/><U13/><E115/><V20/><F43/><W70/><G10/><T57/><D129/><U133/><E128/><V50/><F50/><W35/><G35/><T40/><D49/><U46/><E46/><V51/><F51/><W126/><G70/><T44/><D44/><U109/><E61/><V59/><F23/><W114/><G42/><T89/><D40/><U130/><E130/><V132/><F132/><N who="1" m="50793" /><E109/><V27/><F123/><W104/><G39/><T14/><D111/><U100/><E100/><N who="3" m="38506" /><G114/><T107/><D107/><U26/><E26/><V38/><F38/><W6/><G6/><T15/><D2/><U96/><E4/><V1/><REACH who="2" step="1"/><F121/><REACH who="2" ten="250,250,240,250" step="2"/><W60/><G60/><T18/><D63/><U5/><E125/><V41/><F41/><W74/><G126/><T117/><D117/><U131/><E127/><V77/><AGARI ba="0,1" hai="1,7,11,19,20,24,27,28,34,58,59,77,81,84" machi="77" ten="20,5200,0" yaku="1,1,0,1,7,1,53,1" doraHai="87" doraHaiUra="29" who="2" fromWho="2" sc="250,-26,250,-13,240,62,250,-13" />
</Scene>
<Scene>
<INIT seed="1,0,0,4,5,124" ten="224,237,302,237" oya="1" hai0="68,70,129,112,32,22,91,37,11,103,109,38,10" hai1="19,95,71,101,97,76,74,18,59,54,69,2,42" hai2="88,45,56,113,67,62,5,7,126,44,72,96,125" hai3="98,86,12,47,9,117,65,0,90,50,41,23,57"/><U108/><E2/><V27/><F72/><W13/><G117/><T134/><D32/><U81/><E108/><V89/><F113/><W36/><G0/><T17/><D112/><U66/><E42/><V114/><F114/><W102/><G23/><T60/><D103/><U127/><E127/><N who="2" m="48651" /><F27/><W35/><G35/><T63/><D91/><N who="2" m="34890" /><F96/><W30/><G30/><T130/><D22/><U119/><E119/><V100/><F100/><W40/><G40/><T85/><D17/><U106/><E66/><V73/><F73/><W93/><G9/><T15/><D15/><U6/><E6/><AGARI ba="0,0" hai="5,6,7,44,45,56,62,67" m="34890,48651" machi="6" ten="30,2000,0" yaku="18,1,54,1" doraHai="124" who="2" fromWho="1" sc="224,0,237,-20,302,20,237,0" />
</Scene>
<Scene>
<INIT seed="2,0,0,5,3,59" ten="224,217,322,237" oya="2" hai0="115,43,132,120,5,100,83,20,114,47,10,25,96" hai1="63,13,16,93,56,45,32,77,34,8,33,78,104" hai2="71,70,27,92,95,123,129,119,130,86,7,131,17" hai3="14,109,9,94,23,73,102,87,133,113,64,74,15"/><V65/><F123/><W51/><G109/><T48/><D132/><U37/><E104/><V39/><F119/><W116/><G116/><T111/><D111/><U90/><E45/><V135/><F135/><W18/><G133/><T76/><D120/><U57/><E37/><V41/><F7/><W124/><G124/><T31/><D96/><U69/><E69/><V26/><F41/><W89/><G113/><T54/><D100/><U91/><E56/><V103/><F39/><W128/><G128/><T55/><D114/><U85/><REACH who="1" step="1"/><E91/><REACH who="1" ten="224,207,322,237" step="2"/><V40/><F71/><W81/><G89/><T127/><D115/><U99/><E99/><V52/><F70/><W6/><G102/><T62/><D127/><U118/><E118/><V101/><F101/><W105/><G105/><T1/><REACH who="0" step="1"/><D62/><REACH who="0" ten="214,207,322,237" step="2"/><U21/><E21/><N who="2" m="13615" /><F103/><W0/><G23/><T126/><D126/><U84/><E84/><AGARI ba="0,2" hai="1,5,10,20,25,31,43,47,48,54,55,76,83,84" machi="84" ten="30,2000,0" yaku="1,1,7,1,53,0" doraHai="59" doraHaiUra="67" who="0" fromWho="1" sc="214,40,207,-20,322,0,237,0" />
</Scene>
<Scene>
<INIT seed="3,0,0,4,3,132" ten="254,187,322,237" oya="3" hai0="23,78,40,63,30,85,119,130,92,7,102,73,32" hai1="71,64,56,124,77,133,34,50,18,107,74,117,58" hai2="87,122,113,1,116,65,39,134,115,80,20,28,89" hai3="3,21,97,6,103,0,24,88,51,49,33,10,70"/><W69/><G3/><T91/><D119/><U53/><E107/><V106/><F116/><W121/><G121/><T38/><D32/><U25/><E117/><V120/><F134/><W123/><G123/><N who="2" m="47145" /><F1/><W66/><G33/><T61/><D130/><U135/><E71/><V129/><F129/><W105/><G88/><T126/><D7/><U95/><E74/><V68/><F39/><W9/><G9/><T114/><D114/><U57/><E77/><V90/><F90/><W118/><G118/><T36/><D102/><U109/><E109/><V41/><F41/><W84/><G84/><T83/><D40/><U125/><E95/><V52/><F52/><W17/><REACH who="3" step="1"/><G66/><REACH who="3" ten="254,187,322,227" step="2"/><T93/><D85/><U111/><E111/><V45/><F115/><W79/><G79/><T37/><D91/><U72/><E72/><V22/><F89/><W96/><G96/><T112/><D112/><U42/><E64/><V44/><F87/><W59/><G59/><T86/><D73/><U2/><E2/><V127/><F113/><W81/><G81/><T13/><D83/><U29/><E133/><V5/><F80/><W94/><G94/><T54/><D78/><U128/><E135/><V104/><F106/><W108/><G108/><T82/><D82/><U76/><E128/><V35/><F104/><W110/><G110/><T67/><D92/><U55/><E76/><V101/><F65/><W100/><G100/><T60/><D67/><U4/><E57/><V31/><F101/><W75/><G75/><T131/><D131/><U46/><E56/><V14/><F35/><W43/><G43/><RYUUKYOKU ba="0,1" sc="254,-10,187,-10,322,-10,227,30" hai3="0,6,10,17,21,24,49,51,69,70,97,103,105" />
</Scene>
<Scene>
<INIT seed="3,1,1,1,3,30" ten="244,177,312,257" oya="3" hai0="17,86,53,18,126,22,87,100,64,130,69,4,40" hai1="27,11,107,2,124,57,117,62,97,71,14,106,37" hai2="9,120,56,24,65,74,115,52,94,133,91,28,90" hai3="36,19,3,23,76,59,6,95,20,21,66,104,78"/><W113/><G104/><T63/><D130/><U75/><E75/><V39/><F115/><W67/><G113/><T5/><D126/><U79/><E124/><V7/><F65/><W110/><G36/><T128/><D128/><U26/><E79/><N who="3" m="30250" /><G3/><T82/><D40/><U111/><E37/><V38/><F133/><W60/><G6/><T123/><D123/><U58/><E111/><V47/><F74/><W122/><G122/><T80/><D100/><U46/><E2/><V70/><F70/><W13/><G110/><T50/><D86/><U134/><E134/><V85/><F91/><W131/><G131/><T48/><D48/><U84/><E71/><V73/><F47/><W116/><G116/><T102/><D102/><U127/><E46/><V83/><F83/><W108/><G108/><T96/><D96/><U34/><E117/><V81/><F81/><W92/><G67/><T12/><D18/><U32/><E127/><V114/><F73/><W77/><G77/><T41/><D82/><U132/><E132/><V1/><F120/><W43/><G43/><T112/><D41/><U54/><E106/><V135/><F135/><W49/><G49/><T44/><D112/><U61/><E107/><V93/><F93/><AGARI ba="1,1" hai="13,19,20,21,23,59,60,66,92,93,95" m="30250" machi="93" ten="30,1500,0" yaku="8,1" doraHai="30" who="3" fromWho="2" sc="244,0,177,0,312,-18,257,28" />
</Scene>
<Scene>
<INIT seed="3,2,0,4,5,10" ten="244,177,294,285" oya="3" hai0="41,75,108,109,92,61,59,90,133,96,81,3,117" hai1="71,47,14,64,74,127,72,51,19,121,50,66,43" hai2="17,1,39,30,28,56,37,125,76,33,80,98,79" hai3="118,46,48,97,95,60,6,122,100,89,54,87,62"/><W106/><G122/><T9/><D117/><U5/><E121/><V130/><F1/><W0/><REACH who="3" step="1"/><G118/><REACH who="3" ten="244,177,294,275" step="2"/><T32/><D109/><U85/><E127/><V120/><F120/><W86/><G86/><T112/><D108/><U4/><E72/><V15/><F125/><W53/><G53/><T18/><D75/><U88/><E74/><V115/><F115/><W24/><G24/><T128/><D112/><U102/><E66/><V22/><F98/><W132/><G132/><T116/><D96/><U104/><E64/><V35/><F130/><W45/><G45/><T40/><D128/><U107/><E47/><V52/><F52/><W29/><G29/><T135/><D116/><U134/><E85/><V67/><F28/><W70/><G70/><T101/><D135/><U63/><E71/><V105/><F30/><W34/><G34/><T110/><D32/><U83/><E134/><V114/><F114/><W68/><G68/><T65/><D133/><U20/><E43/><V91/><F33/><W49/><G49/><T82/><D41/><U7/><E51/><V38/><F35/><W103/><G103/><T124/><D101/><U12/><E50/><V27/><F27/><W131/><G131/><T73/><D73/><U57/><E102/><V8/><F67/><W21/><G21/><T69/><D40/><U94/><E20/><V23/><F23/><W44/><G44/><T129/><D129/><U42/><E42/><V55/><F22/><W58/><G58/><T2/><D59/><U78/><E57/><V16/><F56/><W93/><G93/><T77/><D92/><RYUUKYOKU ba="2,1" sc="244,-10,177,-10,294,-10,275,30" hai3="0,6,46,48,54,60,62,87,89,95,97,100,106" />
</Scene>
<Scene>
<INIT seed="3,3,1,3,0,20" ten="234,167,284,305" oya="3" hai0="59,99,35,111,56,54,26,74,36,85,60,70,5" hai1="48,10,82,1,49,16,126,113,131,32,22,75,120" hai2="43,29,87,65,135,25,57,7,114,27,124,110,30" hai3="123,106,51,89,2,40,38,117,103,102,79,21,3"/><W118/><G123/><T14/><D111/><U41/><E120/><V83/><F114/><W23/><G38/><T104/><D74/><U31/><E113/><V105/><F105/><W122/><G122/><T39/><D70/><U55/><E131/><V4/><F43/><W132/><G79/><T17/><D85/><U19/><E126/><V119/><F110/><W115/><G115/><T69/><D69/><U134/><E134/><V64/><F124/><W94/><G132/><T90/><D5/><N who="2" m="2122" /><F119/><W100/><G106/><T37/><D59/><U86/><E75/><V47/><F47/><W133/><G133/><T15/><D90/><U109/><E32/><V78/><F135/><W130/><G130/><T34/><D26/><N who="2" m="9738" /><F57/><W72/><G72/><T77/><D34/><U11/><E41/><V84/><F87/><W24/><G118/><T121/><D35/><U68/><E86/><V44/><F44/><W80/><G117/><T96/><D104/><U107/><E68/><V92/><F92/><W66/><G94/><T93/><D93/><U101/><E107/><V0/><F0/><W28/><G2/><T125/><D125/><U108/><E1/><V95/><F95/><W81/><G3/><T46/><D46/><U61/><E108/><V62/><F62/><W63/><G63/><T18/><D121/><U127/><E61/><V76/><F76/><W112/><G112/><T6/><D77/><U8/><E109/><V129/><F129/><W13/><G40/><T88/><D60/><U53/><E127/><V116/><F116/><W91/><G91/><T98/><D88/><RYUUKYOKU ba="3,1" sc="234,-10,167,-10,284,30,305,-10" hai2="29,30,64,65,78,83,84" />
</Scene>
<Scene>
<INIT seed="4,4,1,5,2,64" ten="224,157,314,295" oya="0" hai0="67,112,105,29,118,93,70,85,104,1,15,60,28" hai1="49,134,83,128,115,76,116,33,120,2,65,13,95" hai2="127,133,17,90,89,121,34,130,59,78,117,113,31" hai3="86,24,0,27,42,53,39,132,14,11,102,45,125"/><T77/><D1/><U37/><E37/><V38/><F78/><W19/><G125/><T71/><D118/><U103/><E2/><V84/><F84/><W32/><G132/><T75/><D75/><U21/><E33/><V16/><F31/><W126/><G126/><T44/><D112/><U51/><E116/><V73/><F59/><W9/><G32/><T96/><D71/><U131/><E120/><V111/><F16/><W119/><G119/><T101/><D15/><U8/><E134/><V12/><F17/><W74/><G102/><T97/><D44/><U123/><E21/><V54/><F54/><W110/><G110/><T122/><D122/><U7/><E115/><V47/><F47/><W62/><G86/><T87/><D104/><U61/><E123/><V82/><F82/><W91/><G91/><T5/><D5/><U35/><E35/><V48/><F89/><W56/><G74/><T41/><D41/><U80/><E80/><V55/><F90/><W50/><G0/><T3/><D3/><U36/><E36/><V46/><F46/><W6/><G6/><T100/><REACH who="0" step="1"/><D87/><REACH who="0" ten="214,157,314,295" step="2"/><U66/><E128/><V94/><F130/><W30/><G39/><T52/><D52/><U23/><E131/><V79/><F38/><W108/><G42/><T4/><D4/><U124/><E124/><V107/><F127/><W25/><G53/><T135/><D135/><U18/><E7/><V43/><F133/><W88/><G14/><T98/><D98/><U99/><E8/><V10/><F43/><W109/><G9/><T26/><D26/><U40/><E40/><RYUUKYOKU ba="4,2" sc="214,30,157,-10,314,-10,295,-10" hai0="28,29,60,67,70,77,85,93,96,97,100,101,105" />
</Scene>
<Scene>
<INIT seed="4,5,2,3,4,72" ten="244,147,304,285" oya="0" hai0="25,89,64,3,42,0,47,50,119,51,15,106,7" hai1="133,69,118,116,95,23,130,41,100,97,68,14,84" hai2="93,99,83,40,32,86,18,20,16,31,111,45,35" hai3="60,114,115,54,91,12,36,43,123,79,124,110,24"/><T73/><D119/><U13/><E130/><V90/><F111/><W11/><G110/><T53/><D106/><U82/><E133/><V107/><F107/><W26/><G124/><T129/><D129/><U4/><E41/><V75/><F75/><W94/><G123/><T57/><D73/><U134/><E134/><V63/><F63/><W121/><G121/><T112/><D112/><N who="3" m="43049" /><G43/><T88/><D64/><U108/><E108/><V122/><F122/><W70/><G36/><T30/><D15/><U74/><E74/><V87/><F87/><N who="3" m="52607" /><G79/><T120/><D120/><U34/><E34/><V66/><F32/><W8/><G8/><T80/><D80/><U132/><E132/><V59/><F35/><W85/><G85/><T71/><D71/><U19/><E68/><V131/><F131/><W1/><G1/><T102/><D102/><U49/><E69/><V28/><F86/><W67/><G54/><T22/><REACH who="0" step="1"/><D0/><REACH who="0" ten="234,147,304,285" step="2"/><U125/><E116/><V38/><F83/><W127/><G127/><T17/><D17/><AGARI ba="5,3" hai="11,12,17,24,26,60,67,70" m="52607,43049" machi="17" ten="30,1000,0" yaku="15,1" doraHai="72" who="3" fromWho="0" sc="234,-25,147,0,304,0,285,55" />
</Scene>
<Scene>
<INIT seed="5,0,0,4,1,16" ten="209,147,304,340" oya="1" hai0="103,18,126,30,110,86,62,44,41,52,63,96,128" hai1="107,111,25,121,9,31,115,98,20,73,60,83,27" hai2="105,124,65,58,99,95,56,69,112,133,19,82,90" hai3="91,127,47,85,5,23,50,48,54,125,84,7,101"/><U4/><E121/><V79/><F133/><W75/><G75/><T76/><D110/><U117/><E117/><V26/><F124/><N who="3" m="47691" /><G101/><T80/><D126/><U38/><E38/><V120/><F105/><W24/><G50/><T6/><D128/><U122/><E122/><V70/><F120/><W88/><G84/><T113/><D113/><U35/><E111/><V51/><F112/><W32/><G32/><T81/><D30/><U12/><E115/><V61/><F56/><W119/><G119/><T1/><D80/><U134/><E134/><V17/><F51/><W29/><G91/><T14/><D6/><U130/><E130/><V49/><F49/><W104/><G104/><T13/><D1/><U45/><E45/><V132/><F132/><W37/><G37/><T57/><D62/><U43/><E43/><V64/><F64/><W129/><G129/><T77/><D77/><U100/><E60/><V109/><F109/><W116/><G116/><T67/><D67/><U59/><E59/><V66/><F66/><W42/><G42/><T92/><REACH who="0" step="1"/><D18/><REACH who="0" ten="199,147,304,340" step="2"/><U135/><E135/><V97/><F17/><W123/><G123/><T3/><D3/><U118/><E118/><V33/><F19/><W55/><G55/><T36/><AGARI ba="0,1" hai="13,14,36,41,44,52,57,63,76,81,86,92,96,103" machi="36" ten="20,8000,1" yaku="1,1,0,1,7,1,54,1,53,1" doraHai="16" doraHaiUra="71" who="0" fromWho="0" sc="199,90,147,-40,304,-20,340,-20" />
</Scene>
<Scene>
<INIT seed="6,0,0,4,4,103" ten="289,107,284,320" oya="2" hai0="91,12,93,77,43,11,117,73,40,9,36,112,126" hai1="105,61,18,87,114,24,29,49,0,21,84,118,28" hai2="35,2,116,59,89,71,76,129,83,109,92,110,48" hai3="3,97,104,45,108,81,119,4,101,96,124,25,14"/><V95/><F116/><W67/><G119/><T60/><D117/><U79/><E118/><RYUUKYOKU type="kaze4" ba="0,0" sc="289,0,107,0,284,0,320,0" />
</Scene>
<Scene>
<INIT seed="6,1,0,5,1,114" ten="289,107,284,320" oya="2" hai0="33,34,73,68,90,121,69,104,26,135,63,102,17" hai1="48,101,6,83,105,39,110,1,123,24,109,55,52" hai2="108,62,16,89,11,129,94,77,13,66,117,103,64" hai3="125,81,116,27,8,74,35,97,127,5,111,10,126"/><V85/><F129/><W20/><G111/><T58/><D121/><U71/><E39/><V31/><F108/><W2/><G116/><T19/><D73/><U29/><E123/><V78/><F117/><W91/><G35/><T21/><D135/><U59/><E71/><V96/><F31/><N who="3" m="17895" /><G10/><T128/><D128/><U95/><E105/><V80/><REACH who="2" step="1"/><F66/><REACH who="2" ten="289,107,274,320" step="2"/><W46/><G126/><T107/><D33/><U37/><E109/><V86/><F86/><W14/><G125/><T113/><D34/><U75/><E110/><V100/><F100/><W3/><G127/><T112/><D102/><U36/><E75/><V49/><F49/><W122/><G74/><T92/><D112/><U82/><E37/><V65/><F65/><W99/><G122/><T28/><D113/><U7/><E36/><V106/><F106/><W41/><G99/><T134/><D107/><U84/><E101/><V40/><F40/><W0/><G97/><T61/><D104/><U93/><E84/><V18/><F18/><W87/><G41/><T60/><D19/><U51/><E29/><V120/><F120/><W133/><G87/><N who="0" m="52319" /><D17/><U50/><E55/><V54/><F54/><W131/><G131/><T70/><D134/><U56/><E52/><V132/><F132/><W42/><G133/><T53/><D53/><U124/><E124/><V15/><F15/><W12/><G12/><T23/><D28/><U4/><E1/><V79/><F79/><W30/><G30/><T47/><D61/><U43/><E43/><V72/><F72/><W118/><G42/><T32/><D63/><U88/><E50/><RYUUKYOKU ba="1,1" sc="289,-10,107,-10,274,30,320,-10" hai2="11,13,16,62,64,77,78,80,85,89,94,96,103" />
</Scene>
<Scene>
<INIT seed="6,2,1,3,4,58" ten="279,97,304,310" oya="2" hai0="9,105,41,85,2,86,124,103,132,33,81,19,106" hai1="82,95,111,37,118,17,31,7,30,125,133,113,94" hai2="29,115,39,50,99,123,73,26,0,126,128,120,109" hai3="97,25,93,76,32,117,134,52,68,8,89,104,40"/><V59/><F39/><W49/><G117/><T35/><D132/><U54/><E133/><V92/><F73/><W38/><G134/><T87/><D124/><U61/><E125/><V57/><F126/><W6/><G68/><T110/><D110/><U79/><E37/><V56/><F109/><W45/><G76/><T64/><D41/><U11/><E111/><V75/><F75/><W3/><G104/><T47/><D47/><U77/><E118/><V24/><F0/><W101/><G101/><T42/><D42/><U107/><E107/><V48/><F128/><W122/><G122/><T112/><D81/><U135/><E135/><V121/><F115/><W18/><G18/><T53/><D112/><U20/><E113/><V10/><F10/><W108/><G108/><T23/><D64/><U114/><E114/><V34/><REACH who="2" step="1"/><F24/><REACH who="2" ten="279,97,294,310" step="2"/><W88/><G25/><T90/><D9/><U43/><E11/><V55/><F55/><W130/><G130/><T80/><D53/><U116/><E43/><V129/><F129/><W28/><G38/><T72/><D72/><U46/><E116/><V22/><F22/><W21/><G21/><T66/><D2/><U15/><E20/><V65/><F65/><W96/><G40/><T83/><D66/><U51/><E54/><V60/><F60/><W14/><G3/><T71/><D23/><U131/><E131/><V62/><F62/><W1/><G1/><T91/><D35/><U44/><E61/><V98/><F98/><W78/><G32/><T100/><D33/><U69/><E51/><V13/><F13/><W102/><G14/><RYUUKYOKU ba="2,2" sc="279,-10,97,-10,294,30,310,-10" hai2="26,29,34,48,50,56,57,59,92,99,120,121,123" />
</Scene>
<Scene>
<INIT seed="6,3,2,4,2,135" ten="269,87,324,300" oya="2" hai0="50,79,58,82,14,6,40,91,100,13,59,18,4" hai1="32,87,23,75,77,69,38,112,127,78,48,20,27" hai2="64,35,72,83,56,94,37,116,111,67,47,15,115" hai3="29,81,73,5,46,110,120,9,88,43,26,24,0"/><V57/><F116/><W129/><G110/><T51/><D100/><U80/><E38/><V108/><F35/><W118/><G118/><T95/><D82/><U90/><E69/><V101/><F115/><W125/><G120/><T85/><D79/><U76/><E112/><V31/><F31/><W30/><G129/><T17/><D40/><U39/><E39/><V61/><F15/><N who="0" m="5642" /><D51/><U106/><E106/><V133/><F133/><W103/><G103/><T96/><D96/><U34/><E75/><V19/><F19/><N who="0" m="7178" /><D50/><U102/><E102/><V114/><F114/><W60/><G60/><T119/><D119/><U2/><E2/><V8/><F94/><W86/><G73/><T99/><D99/><U109/><E109/><V45/><F101/><W126/><G30/><T68/><D68/><U62/><E62/><V98/><F98/><W65/><G65/><T28/><D28/><U12/><E48/><V122/><F61/><W92/><G81/><T93/><D93/><U3/><E3/><V74/><F83/><W89/><G89/><T66/><D66/><U113/><E113/><V134/><F134/><W128/><G128/><T104/><D104/><U130/><E130/><V53/><F37/><N who="3" m="21871" /><G29/><T44/><D44/><U10/><E78/><V117/><F117/><W22/><G92/><T84/><D84/><U33/><E77/><V7/><F53/><W131/><G131/><T63/><D63/><U42/><E76/><V1/><F111/><W55/><G55/><T49/><D49/><U54/><E80/><V123/><F108/><W107/><G107/><T41/><D41/><RYUUKYOKU ba="3,2" sc="269,30,87,-10,324,-10,300,-10" hai0="4,6,58,59,85,91,95" />
</Scene>
<Scene>
<INIT seed="7,4,2,0,2,8" ten="299,77,314,290" oya="3" hai0="13,84,81,37,132,77,49,71,117,114,50,11,111" hai1="97,113,15,22,17,59,80,6,41,47,21,75,48" hai2="119,28,118,90,30,9,10,19,115,16,58,83,134" hai3="99,130,39,100,63,87,68,104,34,25,93,43,29"/><W69/><G130/><T91/><D111/><U55/><E113/><V95/><F115/><W56/><G39/><T20/><D114/><U122/><E122/><V27/><F134/><W66/><REACH who="3" step="1"/><G43/><REACH who="3" ten="299,77,314,280" step="2"/><T18/><D37/><U127/><E127/><V62/><F119/><W24/><G24/><N who="0" m="14359" /><D117/><U94/><E6/><V46/><F27/><W0/><G0/><T70/><D132/><U42/><E42/><V76/><F118/><W54/><G54/><T107/><D71/><U102/><E75/><V1/><F1/><W108/><G108/><T133/><D70/><U14/><E80/><V12/><F83/><W89/><AGARI ba="4,3" hai="25,29,34,56,63,66,68,69,87,89,93,99,100,104" machi="89" ten="30,3000,0" yaku="1,1,0,1,53,0" doraHai="8" doraHaiUra="7" who="3" fromWho="3" sc="299,-14,77,-14,314,-14,280,72" owari="285,-11.0,63,-44.0,300,10.0,352,45.0" />
</Scene>
</mjloggm>