<mjloggm ver="2.3"><GO type="97"/><UN n0="%E3%83%AA%E3%83%BC%E3%83%81%E3%81%A0%E3%81%97%21%21" n1="%E5%A4%AA%E3%81%8F%E3%81%AA%E3%81%84%E3%81%8A" n2="%E3%81%B5%E3%83%BC%E7%88%BA" n3="%E8%AA%AD%E3%82%81%E3%81%BE%E3%81%9B%E3%82%93" dan="14,14,16,14" rate="1967,1996,1990,1933" sx="F,M,M,M"/><TAIKYOKU oya="0"/>

<Scene>
<INIT seed="0,0,0,4,5,124" ten="250,250,250,250" oya="0" hai0="12,127,133,19,10,82,95,25,59,85,76,64,32" hai1="109,65,125,98,43,89,26,71,3,28,99,97,63" hai2="119,68,8,24,101,31,21,107,30,6,134,50,20" hai3="51,80,56,18,15,100,5,49,60,105,123,79,70"/><T111/><D133/><U35/><E3/><V42/><F134/><W122/><G70/><T9/><D127/><U77/><E125/><V47/><F119/><W96/><G5/><T78/><D32/><U66/><E109/><V83/><F68/><W135/><G135/><T62/><D111/><U106/><E77/><V104/><F101/><W14/><G14/><T7/><D76/><U36/><E66/><V1/><REACH who="2" step="1"/><F83/><REACH who="2" ten="250,250,240,250" step="2"/><W23/><G123/><T33/><D33/><U67/><E71/><V93/><F93/><W37/><G122/><T2/><D95/><U22/><E106/><V103/><F103/><W16/><G80/><T120/><D120/><U110/><E35/><V86/><F86/><W39/><G79/><T121/><D121/><U61/><E110/><V94/><F94/><W129/><G129/><T102/><D102/><U88/><E89/><V34/><F34/><W115/><G115/><T17/><D85/><U87/><E88/><V69/><F69/><W131/><G131/><T74/><D82/><U73/><E87/><V75/><F75/><W116/><G116/><T117/><D74/><U126/><E73/><V130/><F130/><W72/><G72/><T112/><D117/><U55/><E126/><V40/><F40/><W4/><G96/><T58/><D78/><U113/><E113/><V45/><F45/><W48/><G100/><T54/><D112/><U57/><E43/><V114/><F114/><W13/><G105/><T11/><D64/><U91/><E65/><V41/><F41/><W92/><G92/><T27/><D59/><N who="1" m="35071" /><E91/><V81/><F81/><RYUUKYOKU ba="0,1" sc="250,10,250,10,240,10,250,-30" hai0="2,7,9,10,11,12,17,19,25,27,54,58,62" hai1="22,26,28,36,57,63,67,97,98,99" hai2="1,6,8,20,21,24,30,31,42,47,50,104,107" />
</Scene>
<Scene>
<INIT seed="0,1,1,3,5,64" ten="260,260,250,220" oya="0" hai0="69,7,19,113,35,17,115,99,112,65,21,47,90" hai1="78,88,72,135,9,58,73,42,50,116,53,0,68" hai2="55,75,102,127,91,23,70,108,14,120,109,63,121" hai3="15,92,71,11,82,77,59,132,26,79,48,28,38"/><T8/><D35/><U34/><E116/><V81/><F127/><W1/><G38/><T41/><D69/><U107/><E34/><V16/><F102/><W85/><G1/><T84/><D65/><U10/><E107/><V124/><F124/><W128/><G132/><T122/><D99/><U62/><E135/><V76/><F91/><W125/><G128/><T2/><D122/><U130/><E130/><V111/><REACH who="2" step="1"/><F55/><REACH who="2" ten="260,260,240,220" step="2"/><W87/><G125/><T3/><D112/><U86/><E88/><V27/><F27/><W103/><G103/><T20/><D113/><U56/><E53/><V93/><F93/><W80/><G92/><T13/><D115/><U95/><E95/><V66/><AGARI ba="1,2" hai="14,16,23,63,66,70,75,76,81,108,109,111,120,121" machi="66" ten="40,8000,1" yaku="1,1,0,1,14,1,52,1,54,1,53,0" doraHai="64" doraHaiUra="36" who="2" fromWho="2" sc="260,-41,260,-21,240,103,220,-21" />
</Scene>
<Scene>
<INIT seed="1,0,0,1,0,115" ten="219,239,343,199" oya="1" hai0="14,117,78,128,104,82,96,88,66,103,29,33,52" hai1="43,36,71,132,73,101,56,21,18,0,123,69,9" hai2="28,4,15,48,86,37,26,39,109,50,76,46,25" hai3="64,16,8,51,62,85,30,6,121,129,89,113,63"/><U114/><E123/><V75/><F75/><W35/><G113/><T53/><D117/><U27/><E114/><V90/><F76/><W131/><G121/><T20/><D128/><U58/><E73/><V79/><F79/><W83/><G51/><T127/><D33/><U54/><E101/><V17/><F109/><W12/><G35/><T7/><D127/><U42/><E132/><V57/><F4/><W19/><G30/><T93/><D66/><U10/><E56/><V38/><F57/><W91/><G89/><T70/><D70/><U49/><E0/><V5/><F5/><W94/><G63/><T77/><D29/><U135/><E135/><V65/><F65/><W81/><G131/><T3/><D3/><U119/><E119/><V111/><F111/><W74/><G74/><T124/><D124/><U87/><E36/><V116/><F116/><W120/><G120/><T55/><D82/><N who="3" m="31241" /><G129/><T13/><D7/><U92/><E69/><V11/><F28/><W24/><G24/><T2/><D2/><U44/><E71/><V80/><REACH who="2" step="1"/><F50/><REACH who="2" ten="219,239,333,199" step="2"/><W110/><G110/><T45/><D78/><U107/><E49/><V105/><F105/><W125/><G125/><T61/><D77/><U98/><E107/><V41/><AGARI ba="0,1" hai="11,15,17,25,26,37,38,39,41,46,48,80,86,90" machi="41" ten="30,2000,0" yaku="1,1,0,1,53,0" doraHai="115" doraHaiUra="34" who="2" fromWho="2" sc="219,-5,239,-10,333,30,199,-5" />
</Scene>
<Scene>
<INIT seed="2,0,0,2,1,109" ten="214,229,363,194" oya="2" hai0="28,74,50,60,77,55,80,110,64,42,75,69,116" hai1="84,8,66,83,71,13,30,16,132,52,10,37,120" hai2="40,56,99,119,89,76,25,101,128,7,70,87,54" hai3="19,4,125,105,39,118,21,127,51,1,49,88,82"/><V32/><F119/><W100/><G118/><T33/><D110/><U41/><E132/><V46/><F70/><W27/><G39/><T36/><D116/><U95/><E120/><V5/><F128/><W130/><G130/><T34/><D74/><U90/><E30/><V58/><F76/><W17/><G105/><T126/><D126/><N who="3" m="48137" /><G100/><T26/><D34/><U97/><E66/><V91/><F32/><W47/><G1/><T68/><D68/><U6/><E71/><V114/><F114/><W53/><G4/><N who="2" m="1609" /><F25/><W104/><G104/><T61/><D61/><U106/><E106/><V117/><F117/><W121/><G121/><T122/><D122/><U0/><E41/><V73/><F73/><W23/><G49/><T135/><D135/><U129/><E37/><V81/><F101/><W79/><G79/><T15/><D36/><U86/><E129/><V62/><F58/><W3/><G3/><T14/><REACH who="0" step="1"/><D42/><REACH who="0" ten="204,229,363,194" step="2"/><U111/><E111/><V107/><F62/><W113/><G113/><T31/><D31/><U18/><E0/><V2/><F40/><W63/><G63/><T35/><D35/><U94/><E52/><V78/><F54/><W85/><G23/><T29/><D29/><AGARI ba="0,1" hai="17,19,21,27,29,47,51,53,82,85,88" m="48137" machi="29" ten="30,2000,0" yaku="18,1,54,1" doraHai="109" who="3" fromWho="0" sc="204,-20,229,0,363,0,194,30" />
</Scene>
<Scene>
<INIT seed="3,0,0,2,3,59" ten="184,229,363,224" oya="3" hai0="13,44,113,8,126,104,83,34,50,135,134,12,64" hai1="57,2,132,39,21,130,69,28,23,115,114,31,40" hai2="1,88,66,10,112,131,124,109,79,43,58,105,89" hai3="38,36,103,24,71,11,53,87,76,94,46,95,52"/><W48/><G71/><T111/><D34/><U93/><E69/><V97/><F112/><W118/><G118/><T62/><D113/><U45/><E2/><V80/><F109/><W26/><G38/><T49/><D111/><U4/><E4/><V3/><F131/><W107/><G36/><T121/><D121/><U98/><E130/><V55/><F43/><W37/><G37/><T82/><D104/><U5/><E5/><V16/><F124/><W119/><G119/><T78/><D126/><U110/><E110/><V99/><F66/><W14/><G107/><T101/><D101/><U33/><E33/><V15/><F3/><W29/><G53/><N who="0" m="29863" /><D50/><U91/><E132/><N who="0" m="50729" /><D8/><U30/><E115/><V25/><F1/><W81/><G103/><T9/><D9/><U51/><E114/><V18/><F105/><W0/><G0/><T47/><D47/><U127/><E127/><V42/><F42/><W96/><G96/><N who="2" m="36937" /><F79/><W123/><G123/><T19/><D19/><U20/><E39/><V17/><F80/><N who="0" m="30762" /><D78/><U86/><E30/><V85/><F85/><W72/><G72/><T35/><D35/><U133/><E133/><V128/><F128/><W70/><G70/><AGARI ba="0,0" hai="12,13,62,64,70" m="30762,50729,29863" machi="70" ten="30,2000,0" yaku="20,1,52,1" doraHai="59" who="0" fromWho="3" sc="184,20,229,0,363,0,224,-20" owari="204,-20.0,229,3.0,363,47.0,204,-30.0" />
</Scene>
</mjloggm>