<mjloggm ver="2.3"><GO type="169" lobby="0"/><UN n0="%6E%61%69%74%61" n1="%E5%A4%AA%E3%81%8F%E3%81%AA%E3%81%84%E3%81%8A" n2="%E3%82%86%E3%82%86" n3="%E6%88%A6%E5%8A%9B%E5%A4%96%E3%83%9D%E3%83%BC%E3%82%AF%E2%99%82" dan="17,18,16,16" rate="2203.68,2241.62,2075.79,2054.58" sx="M,F,M,M"/><TAIKYOKU oya="0"/>

<Scene>
<INIT seed="0,0,0,2,3,78" ten="250,250,250,250" oya="0" hai0="22,84,41,60,55,130,85,77,114,70,64,100,65" hai1="69,14,20,94,81,9,103,44,133,115,23,135,54" hai2="82,87,28,57,42,40,120,46,16,99,110,86,56" hai3="48,80,58,7,134,68,89,111,4,131,79,90,113"/><T10/><D114/><U97/><E69/><V104/><F120/><W25/><G68/><T88/><D130/><U126/><E115/><V43/><F28/><W62/><G113/><T123/><D123/><U83/><E126/><V98/><F104/><W101/><G101/><T118/><D118/><U53/><E135/><V71/><F71/><W52/><G134/><T121/><D121/><U39/><E133/><V106/><F106/><W26/><G111/><T67/><D100/><U108/><E108/><V18/><F110/><W24/><G131/><T91/><D41/><U107/><E107/><V21/><F46/><W31/><G62/><T59/><D10/><U109/><E109/><V12/><F18/><W128/><G31/><T75/><D70/><U6/><E39/><V72/><F72/><W119/><G119/><T124/><D124/><U0/><E0/><V63/><F87/><N who="3" m="48543" /><G128/><T1/><D1/><U2/><E2/><V61/><F63/><W49/><G49/><T36/><D36/><U105/><E105/><V30/><F30/><W47/><G47/><T127/><D127/><U51/><E54/><N who="2" m="33943" /><F57/><W35/><G35/><T38/><D38/><U33/><E33/><V19/><F19/><W122/><G122/><T112/><D112/><U13/><E13/><V116/><F116/><W76/><G76/><AGARI ba="0,0" hai="12,16,21,40,42,43,76,82,86,98,99" m="33943" machi="76" ten="30,3900,0" yaku="8,1,52,1,54,1" doraHai="78" who="2" fromWho="3" sc="250,0,250,0,250,39,250,-39" />
</Scene>
<Scene>
<INIT seed="1,0,0,1,4,125" ten="250,250,289,211" oya="1" hai0="120,129,126,103,21,33,112,133,91,30,25,31,89" hai1="87,63,51,57,40,36,107,18,131,68,34,92,123" hai2="58,0,45,90,109,102,26,116,114,119,20,29,73" hai3="60,130,62,5,15,49,59,77,39,56,94,85,43"/><U100/><E123/><V70/><F70/><W101/><G39/><T106/><D112/><U3/><E3/><V6/><F114/><W81/><G130/><T4/><D133/><U79/><E34/><V97/><F73/><W105/><G105/><T72/><D72/><U35/><E35/><V46/><F109/><W8/><G59/><T96/><D126/><U54/><E107/><V50/><F90/><W65/><G62/><T22/><D120/><U115/><E115/><V84/><F84/><W52/><G43/><T95/><D129/><U135/><E135/><V98/><F58/><W75/><G75/><T93/><D4/><U38/><E131/><V69/><F69/><W122/><G122/><T47/><D47/><U134/><E134/><V12/><F45/><N who="3" m="27695" /><G94/><T113/><D113/><U61/><E61/><V2/><F2/><W132/><G132/><T37/><D37/><U110/><E110/><V48/><F48/><W1/><G1/><T82/><D82/><U78/><E40/><V32/><F0/><W117/><G117/><T88/><D33/><U108/><E108/><V16/><F6/><W55/><G101/><T19/><REACH who="0" step="1"/><D31/><REACH who="0" ten="240,250,289,211" step="2"/><U24/><E38/><V83/><F83/><W13/><G13/><AGARI ba="0,1" hai="13,19,21,22,25,30,88,89,91,93,95,96,103,106" machi="13" ten="40,12000,2" yaku="1,1,2,1,54,1,53,3" doraHai="125" doraHaiUra="86" who="0" fromWho="3" sc="240,130,250,0,289,0,211,-120" />
</Scene>
<Scene>
<INIT seed="2,0,0,0,5,62" ten="370,250,289,91" oya="2" hai0="50,19,17,35,1,133,60,124,59,52,11,38,102" hai1="95,33,20,8,64,126,56,30,111,13,25,3,10" hai2="120,41,115,135,92,68,119,34,88,71,61,18,134" hai3="131,26,87,121,77,40,23,28,46,90,128,63,84"/><V130/><F115/><W113/><G121/><T27/><D38/><U100/><E111/><V22/><F120/><W36/><G113/><T74/><D74/><U58/><E126/><V2/><F34/><W103/><G103/><T32/><D133/><U85/><E33/><V44/><F119/><W39/><G39/><T12/><D124/><U109/><E109/><V54/><F130/><W82/><REACH who="3" step="1"/><G63/><REACH who="3" ten="370,250,289,81" step="2"/><T7/><D102/><U127/><E127/><V91/><F135/><W29/><G29/><T76/><D60/><U21/><E100/><V57/><F134/><W15/><G15/><T93/><D12/><U117/><E13/><V94/><F2/><W51/><G51/><T116/><D116/><U48/><E48/><V47/><F91/><W16/><G16/><T83/><D19/><U86/><E30/><V42/><F18/><W89/><G89/><T43/><D17/><U66/><E117/><V99/><F88/><W105/><G105/><T118/><D118/><U4/><E3/><V53/><F61/><W0/><G0/><T37/><D27/><U73/><E25/><V80/><F22/><W106/><G106/><T112/><D112/><U5/><E73/><V31/><F31/><W79/><G79/><T114/><D114/><U129/><E129/><V72/><F72/><W123/><G123/><T78/><D78/><U70/><E70/><V81/><F99/><W67/><G67/><T98/><D37/><U104/><E104/><V108/><F108/><W49/><G49/><T101/><D1/><U97/><E97/><V125/><F125/><W107/><G107/><RYUUKYOKU ba="0,1" sc="370,-30,250,10,289,10,81,10" hai1="4,5,8,10,20,21,56,58,64,66,85,86,95" hai2="41,42,44,47,53,54,57,68,71,80,81,92,94" hai3="23,26,28,36,40,46,77,82,84,87,90,128,131" />
</Scene>
<Scene>
<INIT seed="2,1,1,5,2,32" ten="340,260,299,91" oya="2" hai0="105,78,121,41,53,29,48,63,100,135,108,119,16" hai1="129,46,11,117,104,17,97,5,80,122,24,133,23" hai2="22,77,76,94,42,87,81,114,74,92,54,106,134" hai3="130,60,56,3,61,72,35,90,51,123,6,95,67"/><V7/><F42/><W132/><G123/><T36/><D121/><U111/><E122/><V70/><F70/><W13/><G72/><T62/><D119/><U64/><E117/><V75/><F114/><W40/><G35/><T71/><D78/><N who="2" m="30314" /><F7/><W20/><G132/><T26/><D108/><U10/><E111/><V27/><F54/><W1/><G130/><T85/><D135/><U127/><E133/><V8/><F8/><W82/><G82/><T55/><D85/><U37/><E80/><V113/><F27/><W126/><G126/><T118/><D118/><U89/><E127/><V79/><F22/><W99/><G40/><T4/><D4/><U50/><E37/><V93/><F134/><W19/><G51/><T107/><D36/><U21/><E129/><V34/><F34/><W110/><G110/><T47/><D71/><U52/><E64/><V18/><F18/><W88/><G6/><T38/><D16/><N who="1" m="12327" /><E104/><V66/><F66/><W101/><REACH who="3" step="1"/><G61/><REACH who="3" ten="340,260,299,81" step="2"/><T65/><D63/><U68/><E5/><V116/><F116/><W125/><G125/><T91/><D62/><U115/><E115/><V0/><F113/><W57/><G57/><T83/><D41/><U102/><E68/><V73/><F73/><W58/><G58/><T109/><D109/><U59/><E59/><V31/><F75/><W86/><G86/><T30/><D38/><U15/><E50/><V96/><F74/><W49/><G49/><T45/><D48/><U9/><E46/><V103/><F87/><W84/><G84/><T12/><D45/><U28/><E97/><V39/><F96/><RYUUKYOKU ba="1,2" sc="340,-10,260,-10,299,-10,81,30" hai3="1,3,13,19,20,56,60,67,88,90,95,99,101" />
</Scene>
<Scene>
<INIT seed="3,2,2,0,1,111" ten="330,250,289,111" oya="3" hai0="7,86,56,89,46,54,83,81,34,52,125,87,133" hai1="108,112,92,12,102,104,51,116,82,131,110,73,128" hai2="97,24,0,72,49,70,8,126,9,43,77,47,101" hai3="115,5,53,23,106,134,32,33,98,42,90,91,84"/><W62/><G134/><T10/><D34/><U68/><E68/><V130/><F70/><W127/><G127/><T96/><D133/><U39/><E39/><V129/><F126/><W71/><G115/><T21/><D125/><U107/><E12/><V95/><F24/><W4/><G42/><T74/><D74/><U132/><E51/><V2/><F77/><W85/><G23/><T57/><D96/><N who="1" m="59655" /><E132/><V11/><REACH who="2" step="1"/><F72/><REACH who="2" ten="330,250,279,111" step="2"/><W19/><G71/><T59/><D46/><U58/><E116/><V25/><F25/><W120/><G120/><T38/><D38/><U16/><E108/><V88/><F88/><W13/><G91/><T15/><REACH who="0" step="1"/><D21/><REACH who="0" ten="320,250,279,111" step="2"/><U20/><E73/><V119/><F119/><W117/><G117/><T123/><D123/><U109/><E110/><V3/><AGARI ba="2,4" hai="0,2,3,8,9,11,43,47,49,95,97,101,129,130" machi="3" ten="40,2700,0" yaku="1,1,0,1,53,0" doraHai="111" doraHaiUra="122" who="2" fromWho="2" sc="320,-9,250,-9,279,73,111,-15" />
</Scene>
<Scene>
<INIT seed="4,0,0,1,0,105" ten="311,241,352,96" oya="0" hai0="128,23,75,97,104,15,130,27,57,89,3,106,33" hai1="26,95,38,122,124,42,96,85,28,12,117,69,78" hai2="51,30,100,118,46,8,53,64,4,55,47,92,135" hai3="35,22,86,29,127,98,36,63,88,126,24,60,49"/><T80/><D3/><U94/><E122/><V72/><F64/><W103/><G36/><T84/><D33/><U87/><E117/><V110/><F118/><W2/><G2/><T58/><D15/><U121/><E121/><V76/><F110/><W123/><G49/><T73/><D57/><U61/><E124/><V6/><F30/><W131/><G131/><N who="0" m="50219" /><D58/><U120/><E12/><V93/><F135/><W10/><G10/><T0/><D0/><U17/><E120/><V82/><F100/><W45/><G45/><T115/><D115/><U7/><E38/><V32/><F32/><W67/><G35/><T66/><D66/><U39/><E39/><V129/><F129/><W68/><G63/><T116/><D116/><U40/><E61/><V74/><F8/><W16/><G29/><N who="0" m="17663" /><D97/><U99/><E99/><V125/><F125/><W109/><G109/><T20/><D20/><U54/><E96/><V11/><F11/><W37/><G37/><T112/><D112/><U113/><E113/><V77/><REACH who="2" step="1"/><F51/><REACH who="2" ten="311,241,342,96" step="2"/><W111/><G111/><T18/><D18/><U13/><E17/><V83/><AGARI ba="0,1" hai="4,6,46,47,53,55,72,74,76,77,82,83,92,93" machi="83" ten="25,12000,2" yaku="1,1,2,1,0,1,22,2,52,2,53,0" doraHai="105" doraHaiUra="14" who="2" fromWho="2" sc="311,-60,241,-30,342,130,96,-30" />
</Scene>
<Scene>
<INIT seed="5,0,0,3,2,20" ten="251,211,472,66" oya="1" hai0="7,30,13,2,8,24,41,102,80,23,132,26,121" hai1="45,103,85,67,110,60,89,4,129,83,56,6,120" hai2="134,70,109,34,43,107,117,68,125,100,29,73,69" hai3="35,46,104,59,9,40,12,96,105,55,33,19,90"/><U81/><E120/><V51/><F117/><W22/><G105/><T128/><D121/><U92/><E129/><V14/><F109/><W79/><G79/><T114/><D128/><U0/><E110/><V42/><F14/><W15/><G104/><T53/><D132/><U133/><E133/><V50/><F134/><W54/><G54/><T10/><D114/><U119/><E119/><V93/><F107/><W116/><G116/><T39/><D102/><U3/><E45/><V37/><F73/><W47/><G47/><T27/><D80/><N who="1" m="30795" /><E3/><V131/><F131/><W75/><G75/><T66/><D66/><U87/><E0/><V1/><F1/><W52/><G55/><T124/><D124/><U115/><E115/><V74/><F74/><W17/><G90/><T126/><D126/><U38/><E38/><V28/><F125/><W101/><G96/><T36/><D53/><U106/><E106/><V25/><F29/><W118/><G101/><T76/><D76/><U31/><E103/><V71/><F71/><W77/><G77/><T113/><D113/><U122/><E122/><V61/><F61/><W44/><G118/><T88/><D88/><N who="1" m="53263" /><E31/><V111/><F111/><W135/><G135/><T99/><D99/><U127/><E127/><V130/><F130/><W57/><G57/><T82/><D82/><AGARI ba="0,0" hai="4,6,56,60,67,82,87,89" m="53263,30795" machi="82" ten="30,2900,0" yaku="8,1,54,1" doraHai="20" who="1" fromWho="0" sc="251,-29,211,29,472,0,66,0" />
</Scene>
<Scene>
<INIT seed="5,1,0,1,0,107" ten="222,240,472,66" oya="1" hai0="106,17,59,83,55,111,18,22,92,104,75,32,31" hai1="53,47,48,82,113,76,122,96,66,9,49,57,7" hai2="88,39,27,41,62,16,0,133,42,102,103,3,74" hai3="6,67,134,69,71,52,33,121,73,93,20,105,85"/><U26/><E113/><V79/><F133/><W124/><G121/><T63/><D111/><U87/><E122/><V15/><F27/><W10/><G33/><T118/><D118/><U112/><E112/><V37/><F62/><W126/><G105/><T119/><D119/><U120/><E120/><V115/><F115/><W29/><G134/><T95/><D18/><U91/><E26/><V101/><F79/><W34/><G34/><T38/><D38/><U50/><E66/><V5/><F74/><W77/><G67/><T1/><D1/><U12/><E57/><V64/><F64/><W2/><G20/><T46/><D46/><U114/><E114/><V78/><F78/><W24/><G24/><T123/><D123/><U127/><E127/><N who="3" m="48682" /><G29/><T109/><D109/><U99/><E99/><V13/><F13/><W108/><G108/><T97/><D92/><AGARI ba="1,0" hai="7,9,12,47,48,49,50,53,76,82,87,91,92,96" machi="92" ten="40,2000,0" yaku="8,1" doraHai="107" who="1" fromWho="0" sc="222,-23,240,23,472,0,66,0" />
</Scene>
<Scene>
<INIT seed="5,2,0,1,1,79" ten="199,263,472,66" oya="1" hai0="115,116,130,21,94,126,55,20,44,48,17,30,42" hai1="99,11,81,54,53,109,60,90,3,40,127,71,74" hai2="41,51,85,27,52,33,57,87,32,95,62,65,63" hai3="82,107,9,47,135,76,86,45,97,38,61,132,73"/><U66/><E127/><V16/><F33/><W113/><G38/><T31/><D130/><U36/><E109/><V133/><F133/><N who="3" m="51275" /><G9/><T88/><D126/><U2/><E99/><V22/><F32/><W96/><G61/><N who="2" m="23049" /><F65/><W5/><G5/><T26/><D115/><U18/><E2/><V7/><F7/><W1/><G1/><T105/><D105/><U125/><E125/><V92/><F41/><W117/><G45/><T123/><D116/><U6/><E18/><V134/><F134/><W12/><G12/><T104/><D104/><U34/><E34/><V58/><F58/><W4/><G47/><T120/><D42/><U91/><E53/><V119/><F119/><W64/><G64/><T121/><REACH who="0" step="1"/><D20/><REACH who="0" ten="189,263,472,66" step="2"/><U103/><E40/><V28/><F22/><W124/><G124/><T131/><D131/><U49/><E66/><V108/><F108/><W84/><G117/><T72/><D72/><U75/><E74/><V39/><F39/><W77/><G113/><T8/><D8/><U118/><E36/><V98/><F52/><W15/><G107/><T19/><D19/><U78/><E118/><V114/><F16/><W25/><G73/><T89/><D89/><U59/><E90/><V23/><F114/><W10/><G25/><T112/><D112/><U80/><E75/><V29/><F23/><W128/><G128/><T101/><D101/><U122/><E103/><V56/><F27/><W14/><G14/><T83/><D83/><AGARI ba="2,1" hai="4,10,15,76,77,82,83,84,86,96,97" m="51275" machi="83" ten="30,3900,0" yaku="20,1,52,2" doraHai="79" who="3" fromWho="0" sc="189,-45,263,0,472,0,66,55" />
</Scene>
<Scene>
<INIT seed="6,0,0,0,4,35" ten="144,263,472,121" oya="2" hai0="58,4,118,133,43,134,81,19,92,123,77,48,79" hai1="83,108,57,51,91,97,119,114,47,129,38,49,115" hai2="36,32,86,29,24,26,56,122,98,131,31,5,132" hai3="34,55,30,90,116,102,120,8,106,33,22,21,18"/><V101/><F122/><W37/><G120/><T13/><D123/><U59/><E119/><V78/><F36/><W105/><G37/><T64/><D118/><U6/><E108/><V112/><F5/><W74/><G74/><T76/><D4/><U16/><E129/><V41/><F41/><W87/><G116/><T54/><D64/><U40/><E6/><V20/><F131/><W2/><G55/><T95/><D43/><U71/><E71/><V107/><F132/><W99/><G106/><T88/><D81/><U28/><E28/><V94/><F112/><N who="1" m="43049" /><E16/><V45/><F45/><W93/><G30/><T126/><D126/><U62/><E59/><V72/><F56/><W127/><G22/><T1/><D1/><U104/><E104/><V60/><F60/><W15/><REACH who="3" step="1"/><G127/><REACH who="3" ten="144,263,472,111" step="2"/><T12/><D12/><U17/><E38/><V130/><F130/><W75/><G75/><T124/><D124/><U23/><E23/><V100/><F107/><W128/><G128/><T7/><D7/><AGARI ba="0,1" hai="2,7,8,15,18,21,33,34,87,90,93,99,102,105" machi="7" ten="40,2600,0" yaku="1,1,52,1,53,0" doraHai="35" doraHaiUra="110" who="3" fromWho="0" sc="144,-26,263,0,472,0,111,36" />
</Scene>
<Scene>
<INIT seed="7,0,0,1,0,71" ten="118,263,472,147" oya="3" hai0="70,33,11,86,23,116,74,43,61,69,58,56,121" hai1="125,18,107,5,134,67,37,100,64,49,42,108,40" hai2="14,72,79,26,22,35,132,101,41,85,12,135,75" hai3="30,68,47,51,99,62,131,66,8,60,50,115,0"/><W59/><G30/><T17/><D121/><U19/><E108/><V103/><F41/><N who="3" m="24943" /><G99/><T80/><D116/><U15/><E37/><V127/><F35/><W119/><G8/><T109/><D33/><U128/><E107/><V1/><F1/><W129/><G0/><T82/><D109/><U46/><E42/><V39/><F39/><W31/><G31/><T52/><D11/><U98/><E5/><V76/><F127/><W90/><G90/><T7/><D7/><U122/><E125/><V88/><F26/><W93/><G93/><T111/><D111/><U96/><E96/><V118/><F118/><W65/><G119/><T53/><D43/><U94/><E19/><V48/><F48/><W106/><G106/><T81/><D74/><U13/><E13/><V78/><F22/><W24/><G24/><T120/><D120/><U92/><E92/><N who="2" m="54287" /><F14/><W95/><G95/><T25/><REACH who="0" step="1"/><D86/><REACH who="0" ten="108,263,472,147" step="2"/><U112/><E122/><V117/><F12/><W105/><G105/><T4/><D4/><U124/><E124/><V44/><F117/><W57/><G115/><T83/><N who="0" m="20480" /><DORA hai="21" /><T130/><D130/><N who="3" m="49673" /><G51/><AGARI ba="0,1" hai="17,23,25,51,52,53,56,58,61,69,70" m="20480" machi="51" ten="50,6400,0" yaku="1,1,52,1,54,1,53,0" doraHai="71,21" doraHaiUra="32,63" who="0" fromWho="3" sc="108,74,263,0,472,0,147,-64" owari="182,-22.0,263,6.0,472,58.0,83,-42.0" />
</Scene>
</mjloggm>