<mjloggm ver="2.3"><GO type="41"/><UN n0="%E6%94%BE%E6%A3%84%E2%98%86" n1="%E5%A4%AA%E3%81%8F%E3%81%AA%E3%81%84%E3%81%8A" n2="%E3%83%92%E3%83%BC%E3%82%A4%E3%83%AD" n3="%E3%81%BE%E3%81%81%E3%81%A3%E3%81%9F%E3%82%8A%E3%81%A8" dan="13,15,13,13" rate="1806,2027,1884,1842" sx="M,M,M,M"/><TAIKYOKU oya="0"/>

<Scene>
<INIT seed="0,0,0,5,3,125" ten="250,250,250,250" oya="0" hai0="53,128,4,45,58,35,65,130,91,111,46,38,101" hai1="2,102,9,1,5,85,113,71,119,23,67,12,34" hai2="41,95,26,48,11,78,0,7,18,56,80,133,74" hai3="30,17,92,100,28,98,108,31,25,131,47,94,24"/><T50/><D35/><U6/><E34/><V49/><F133/><W110/><G47/><N who="0" m="27871" /><D4/><U83/><E119/><V84/><F56/><W39/><G39/><T66/><D91/><U73/><E113/><V60/><F60/><W32/><G17/><T10/><D101/><U3/><E73/><V124/><F124/><W29/><G92/><T27/><D27/><U19/><E102/><V68/><F68/><W51/><G51/><T118/><D10/><U82/><E82/><V116/><F116/><W69/><G69/><T64/><D118/><U16/><E71/><V55/><F55/><W123/><G123/><T87/><D87/><U122/><E67/><V117/><F117/><W13/><G13/><T129/><D38/><U103/><E103/><V57/><F57/><W114/><G114/><T127/><D111/><N who="3" m="42537" /><G24/><T52/><D127/><U106/><E106/><V37/><F95/><W40/><G40/><T86/><D86/><U43/><E43/><V81/><F26/><W63/><G63/><AGARI ba="0,0" hai="45,46,52,58,63,64,65,66,128,129,130" m="27871" machi="63" ten="40,18000,2" yaku="19,1,34,2,52,3,54,1" doraHai="125" who="0" fromWho="3" sc="250,180,250,0,250,0,250,-180" />
</Scene>
<Scene>
<INIT seed="0,1,0,2,5,12" ten="430,250,250,70" oya="0" hai0="114,73,99,64,111,16,42,135,103,0,118,50,84" hai1="96,79,104,41,129,53,19,31,76,112,74,124,113" hai2="62,71,67,131,44,34,89,86,91,92,27,93,128" hai3="107,102,108,28,9,54,30,21,52,46,122,130,63"/><T6/><D114/><N who="1" m="44139" /><E31/><V35/><F44/><W66/><G107/><T33/><D118/><U5/><E5/><V110/><F110/><W38/><G102/><T20/><D73/><U88/><E41/><V106/><F106/><W80/><G108/><T97/><D33/><U7/><E7/><V133/><F133/><W40/><G130/><T77/><D135/><U55/><E129/><V36/><F36/><W39/><G39/><T1/><D111/><U95/><E124/><V56/><F56/><W61/><G122/><T26/><D64/><U81/><E79/><V11/><F11/><W58/><G54/><N who="1" m="20490" /><E104/><V120/><F120/><W25/><G9/><T125/><D125/><U18/><AGARI ba="1,0" hai="18,19,74,76,81,88,95,96" m="20490,44139" machi="18" ten="30,7900,0" yaku="11,1,52,2,54,1" doraHai="12" who="1" fromWho="1" sc="430,-40,250,82,250,-21,70,-21" />
</Scene>
<Scene>
<INIT seed="1,0,0,0,1,36" ten="390,332,229,49" oya="1" hai0="121,99,72,54,29,106,13,86,73,107,11,46,44" hai1="101,15,120,133,132,27,131,49,8,24,2,45,67" hai2="38,59,78,25,90,95,26,68,105,1,39,128,18" hai3="103,119,122,12,53,17,110,0,79,109,123,89,97"/><U96/><E120/><V19/><F68/><W126/><G0/><T63/><D121/><N who="3" m="46089" /><G53/><T124/><D29/><U115/><E2/><V70/><F70/><W47/><G47/><T37/><D124/><U100/><E67/><V7/><F105/><N who="3" m="63727" /><G17/><T21/><D106/><N who="1" m="63751" /><E101/><V41/><F128/><W61/><G12/><T93/><D107/><U62/><E62/><V69/><F69/><W9/><G61/><T82/><D86/><U117/><E115/><V5/><F78/><W16/><G126/><T35/><D35/><U98/><E98/><V130/><F130/><W87/><G16/><N who="0" m="10383" /><D37/><U94/><E131/><V57/><F95/><N who="3" m="54719" /><G9/><T91/><D11/><U111/><E8/><V20/><F90/><W65/><G65/><T116/><D46/><U127/><E45/><V52/><F1/><W14/><G14/><T10/><D10/><U76/><E15/><V112/><F112/><W74/><G119/><T6/><D116/><U66/><E117/><V71/><F71/><W23/><G23/><T84/><D6/><U118/><E118/><V75/><F75/><W88/><G88/><T55/><D72/><U50/><E127/><V114/><F114/><W129/><G129/><T125/><D73/><U64/><E64/><V80/><F52/><W33/><G33/><T3/><D55/><U83/><E66/><V77/><F20/><W92/><G92/><T42/><D54/><U134/><E94/><V113/><F113/><W28/><G28/><T60/><D3/><U135/><E135/><V22/><F22/><W85/><G85/><T40/><D125/><U108/><E133/><RYUUKYOKU ba="0,0" sc="390,-10,332,-10,229,-10,49,30" hai3="74,79,109,110" />
</Scene>
<Scene>
<INIT seed="2,1,0,3,2,9" ten="380,322,219,79" oya="2" hai0="87,21,20,96,75,128,23,88,8,94,129,19,39" hai1="122,118,30,59,14,107,6,44,135,53,108,25,131" hai2="112,40,38,67,93,3,73,62,46,57,134,110,12" hai3="95,22,50,28,16,37,123,81,5,13,70,36,133"/><V54/><F3/><W116/><G123/><T43/><D75/><U78/><E118/><V104/><F104/><W56/><G70/><T113/><D113/><U66/><E107/><V102/><F112/><W48/><G116/><T115/><D115/><U27/><E122/><V42/><F73/><W29/><G133/><T49/><D39/><U132/><E78/><V31/><F31/><W45/><G37/><T2/><D2/><U74/><E74/><V124/><F134/><N who="1" m="51241" /><E108/><V119/><F119/><W103/><G36/><T10/><D96/><U64/><E44/><V71/><F124/><W121/><G121/><T98/><D98/><U83/><E83/><V91/><F102/><W60/><G81/><T85/><D19/><U117/><E117/><V86/><F110/><W80/><G5/><T55/><D85/><U69/><E69/><V63/><F42/><N who="3" m="24631" /><G80/><T111/><D43/><U0/><E0/><V109/><REACH who="2" step="1"/><F109/><REACH who="2" ten="380,322,209,79" step="2"/><W65/><G50/><T47/><D111/><U92/><E30/><V100/><F100/><W1/><G1/><T120/><D120/><U114/><E114/><V125/><F125/><W4/><G4/><T68/><D68/><U127/><E6/><V84/><F84/><W35/><G35/><T26/><D87/><U105/><E105/><V15/><AGARI ba="1,1" hai="12,15,38,40,46,54,57,62,63,67,71,86,91,93" machi="15" ten="30,12000,1" yaku="1,1,0,1,52,2,53,1" doraHai="9" doraHaiUra="90" who="2" fromWho="2" sc="380,-41,322,-41,209,133,79,-41" />
</Scene>
<Scene>
<INIT seed="2,2,0,4,1,53" ten="339,281,342,38" oya="2" hai0="24,122,134,94,10,132,115,12,17,108,66,46,39" hai1="92,43,64,71,113,58,135,69,133,20,95,75,78" hai2="125,76,54,68,112,18,4,88,9,118,14,16,124" hai3="22,59,23,105,90,56,107,29,3,19,85,73,116"/><V126/><F118/><W72/><G3/><T81/><D115/><U31/><E113/><V74/><F112/><W26/><G116/><T5/><D122/><U21/><E43/><V34/><F34/><W33/><G33/><T13/><D108/><U86/><E75/><V89/><F68/><N who="1" m="26185" /><E78/><V32/><F32/><W114/><G73/><T96/><D66/><U79/><E79/><V109/><F109/><W119/><G119/><T25/><D81/><U11/><E11/><V77/><F74/><W129/><G72/><T130/><D130/><U55/><E64/><V37/><F37/><W57/><G114/><T40/><D17/><N who="2" m="6762" /><F54/><W80/><REACH who="3" step="1"/><G129/><REACH who="3" ten="339,281,342,28" step="2"/><T127/><D127/><N who="2" m="32514" /><V2/><DORA hai="52" /><F2/><W8/><G8/><T84/><D10/><U44/><E133/><V60/><F60/><W82/><G82/><T131/><D132/><U106/><E135/><V91/><AGARI ba="2,1" hai="4,9,14,76,77,88,89,91" m="32514,6762" machi="91" ten="50,9600,0" yaku="18,1,54,2" doraHai="53,52" who="2" fromWho="2" sc="339,-34,281,-34,342,112,28,-34" owari="305,11.0,247,-15.0,454,55.0,-6,-51.0" />
</Scene>
</mjloggm>