<mjloggm ver="2.3"><GO type="169" lobby="0"/><UN n0="%73%68%69%6E%6B%61%77%61" n1="%E5%A4%AA%E3%81%8F%E3%81%AA%E3%81%84%E3%81%8A" n2="%E3%82%A2%E3%83%AD%E3%82%A8%E3%82%AF%E3%83%B3" n3="%E3%83%88%E3%82%B7%E3%83%95%E3%83%BC%E3%83%8B" dan="16,18,16,16" rate="2027.13,2179.18,2126.79,2066.14" sx="M,M,M,M"/><TAIKYOKU oya="0"/>

<Scene>
<INIT seed="0,0,0,2,0,93" ten="250,250,250,250" oya="0" hai0="46,92,106,40,88,20,122,83,73,76,95,21,38" hai1="11,132,72,129,3,4,52,65,35,23,135,50,128" hai2="121,30,49,125,77,126,33,114,36,55,80,68,47" hai3="12,108,18,120,86,123,41,51,79,109,100,97,9"/><T13/><D122/><N who="3" m="46633" /><G41/><T110/><D106/><U71/><E35/><V8/><F121/><W17/><G51/><T31/><D110/><N who="3" m="42601" /><G79/><T43/><D43/><U45/><E72/><V78/><F114/><W107/><G86/><T130/><D130/><N who="1" m="50283" /><E23/><V56/><F68/><W7/><AGARI ba="0,0" hai="7,9,12,17,18,97,100,107" m="42601,46633" machi="7" ten="30,4000,0" yaku="13,1,14,1,52,1" doraHai="93" who="3" fromWho="3" sc="250,-20,250,-10,250,-10,250,40" />
</Scene>
<Scene>
<INIT seed="1,0,0,2,4,102" ten="230,240,240,290" oya="1" hai0="95,65,36,50,96,17,91,100,115,2,11,28,25" hai1="118,87,22,130,56,54,134,37,126,5,73,86,121" hai2="10,29,112,71,9,52,63,59,40,41,39,43,109" hai3="34,106,23,129,70,55,24,66,79,83,20,135,74"/><U85/><E121/><V108/><F29/><W97/><G135/><T48/><D36/><U27/><E118/><V60/><F10/><W92/><G129/><T18/><D115/><U104/><E73/><V4/><F9/><W45/><G34/><T67/><D2/><U117/><E117/><V98/><F98/><W42/><G55/><T113/><D113/><U107/><E37/><V3/><F4/><W125/><G125/><T103/><D50/><U101/><E134/><V1/><F1/><W0/><G0/><T84/><D48/><U53/><E130/><V94/><F94/><W30/><G23/><N who="0" m="15423" /><D103/><U110/><E5/><V12/><F12/><W69/><G66/><N who="0" m="25099" /><D11/><U64/><E126/><V72/><F3/><W133/><G133/><T127/><D127/><U93/><E64/><N who="2" m="41375" /><F72/><W78/><G78/><T89/><D100/><U122/><E122/><V46/><F112/><W47/><G47/><T81/><AGARI ba="0,0" hai="17,18,81,84,89,91,95,96" m="25099,15423" machi="81" ten="30,1100,0" yaku="8,1" doraHai="102" who="0" fromWho="0" sc="230,11,240,-5,240,-3,290,-3" />
</Scene>
<Scene>
<INIT seed="2,0,0,4,0,23" ten="241,235,237,287" oya="2" hai0="95,133,63,26,97,125,27,123,1,40,54,84,59" hai1="35,79,124,73,98,2,83,20,44,130,18,74,99" hai2="67,4,53,38,127,6,109,122,107,50,118,70,39" hai3="25,41,68,7,48,117,96,3,102,115,31,0,120"/><V76/><F107/><W93/><G68/><T126/><D133/><U104/><E35/><V13/><F76/><W66/><G120/><T132/><D132/><U100/><E2/><V12/><F122/><W88/><G117/><T81/><D1/><U57/><E130/><V112/><F118/><W64/><G115/><T8/><D8/><U19/><E124/><N who="0" m="47721" /><D40/><U110/><E110/><V45/><F127/><W111/><G111/><T101/><D123/><U51/><E57/><V131/><F109/><W72/><G72/><T80/><D80/><U94/><E74/><V11/><F112/><W49/><G3/><T134/><D134/><U91/><REACH who="1" step="1"/><E20/><REACH who="1" ten="241,225,237,287" step="2"/><V129/><F131/><W114/><G114/><T16/><D16/><U92/><E92/><V36/><F129/><W52/><G0/><T10/><D10/><U28/><E28/><V61/><REACH who="2" step="1"/><F12/><REACH who="2" ten="241,225,227,287" step="2"/><W9/><G7/><AGARI ba="0,2" hai="4,6,7,11,13,36,38,39,45,50,53,61,67,70" machi="7" ten="40,3900,0" yaku="1,1,2,1,53,0" doraHai="23" doraHaiUra="85" who="2" fromWho="3" sc="241,0,225,0,227,59,287,-39" />
</Scene>
<Scene>
<INIT seed="2,1,0,5,3,15" ten="241,225,286,248" oya="2" hai0="13,16,21,38,43,59,86,55,92,30,0,27,36" hai1="111,11,109,74,71,121,85,61,44,127,60,28,114" hai2="34,2,47,18,94,124,105,81,130,126,4,66,87" hai3="46,57,40,108,3,112,22,123,119,120,118,102,53"/><V58/><F105/><W63/><G102/><T93/><D0/><U104/><E74/><V41/><F34/><W65/><G22/><T14/><D14/><U10/><E114/><V90/><F130/><W83/><G83/><T97/><D86/><U24/><E104/><V103/><F4/><W23/><G23/><T107/><D107/><U67/><E127/><N who="2" m="48683" /><F2/><W68/><G3/><T89/><D92/><U122/><E44/><V70/><F70/><W117/><G112/><T54/><D43/><U113/><E113/><V91/><F103/><W96/><G96/><T51/><REACH who="0" step="1"/><D55/><REACH who="0" ten="231,225,286,248" step="2"/><U37/><E85/><V39/><F94/><W133/><G133/><T95/><D95/><U78/><E121/><V26/><F87/><W64/><G108/><T33/><AGARI ba="1,1" hai="13,16,21,27,30,33,36,38,51,54,59,89,93,97" machi="33" ten="20,8000,1" yaku="1,1,0,1,7,1,52,1,54,1,53,0" doraHai="15" doraHaiUra="5" who="0" fromWho="0" sc="231,93,225,-21,286,-41,248,-21" />
</Scene>
<Scene>
<INIT seed="3,0,0,2,0,32" ten="324,204,245,227" oya="3" hai0="82,9,99,111,16,2,97,58,17,125,119,79,4" hai1="6,41,62,52,53,3,114,91,118,38,45,124,1" hai2="81,71,70,18,57,113,109,105,39,117,96,24,23" hai3="28,21,77,116,128,68,135,10,88,29,35,63,67"/><W11/><G116/><T131/><D119/><U36/><E114/><V127/><F117/><W43/><G135/><T120/><D120/><U89/><E118/><V74/><F113/><W47/><G128/><T73/><D131/><U25/><E124/><V94/><F39/><W98/><G77/><T61/><D111/><U103/><E103/><V64/><F105/><W40/><G35/><T72/><D72/><U132/><E132/><V14/><F127/><W48/><G43/><T126/><D126/><U129/><E129/><V107/><F107/><W33/><G33/><T54/><REACH who="0" step="1"/><D125/><REACH who="0" ten="314,204,245,227" step="2"/><U44/><E25/><V65/><F24/><W86/><G98/><AGARI ba="0,1" hai="2,4,9,16,17,54,58,61,73,79,82,97,98,99" machi="98" ten="40,8000,1" yaku="1,1,2,1,52,1,54,1,53,0" doraHai="32" doraHaiUra="20" who="0" fromWho="3" sc="314,90,204,0,245,0,227,-80" />
</Scene>
<Scene>
<INIT seed="4,0,0,5,1,7" ten="404,204,245,147" oya="0" hai0="17,102,31,67,34,53,39,115,18,105,1,57,86" hai1="9,101,112,116,51,35,24,123,22,97,114,118,91" hai2="61,43,27,68,5,30,89,95,122,131,103,81,132" hai3="65,55,124,2,0,78,90,88,48,72,76,100,128"/><T104/><D39/><U77/><E123/><V71/><F122/><W84/><G128/><T6/><D67/><U127/><E35/><V56/><F131/><W33/><G33/><T25/><D115/><N who="1" m="44075" /><E77/><V49/><F103/><W28/><G124/><T120/><D120/><U47/><E91/><V13/><F81/><W69/><G28/><T20/><D86/><U92/><E127/><V10/><F132/><W87/><G100/><T119/><D119/><U85/><E85/><V63/><F68/><W59/><G72/><T52/><D102/><U80/><E80/><V126/><F71/><W42/><G42/><T50/><D53/><N who="1" m="29951" /><E9/><V19/><F126/><W16/><G78/><T62/><D50/><U121/><E121/><V82/><F82/><W99/><G76/><T12/><REACH who="0" step="1"/><D18/><AGARI ba="0,0" hai="18,22,24,92,97,101,116,118" m="29951,44075" machi="18" ten="30,2000,0" yaku="15,1,11,1" doraHai="7" who="1" fromWho="0" sc="404,-20,204,20,245,0,147,0" />
</Scene>
<Scene>
<INIT seed="5,0,0,3,1,43" ten="384,224,245,147" oya="1" hai0="34,130,21,39,101,116,89,22,29,42,83,31,32" hai1="102,48,104,30,63,87,44,135,36,57,98,69,19" hai2="9,129,134,115,45,117,78,52,131,15,18,84,113" hai3="74,28,13,59,111,23,126,114,2,93,66,132,94"/><U133/><E30/><V56/><F117/><W49/><G111/><T70/><D70/><U38/><E19/><V95/><F134/><N who="1" m="51209" /><E69/><V24/><F24/><W58/><G74/><T86/><D116/><U124/><E87/><V4/><F4/><W14/><G2/><T120/><D120/><U16/><E124/><V125/><F125/><W51/><G132/><T100/><D31/><U76/><E76/><V127/><F127/><W65/><G126/><T109/><D29/><U6/><E6/><V37/><F95/><W17/><G28/><T80/><D86/><U79/><E79/><V96/><F96/><W108/><G108/><T121/><D121/><U1/><E1/><V107/><F107/><W97/><G114/><N who="2" m="43529" /><F84/><W50/><G97/><T92/><D109/><U128/><E128/><V88/><F88/><W71/><G71/><T119/><D130/><U53/><E16/><V60/><F78/><W99/><G99/><T67/><D119/><U75/><E75/><V11/><F11/><W54/><G14/><T8/><D8/><U40/><AGARI ba="0,0" hai="36,38,40,44,48,53,57,63,98,102,104" m="51209" machi="40" ten="30,3000,0" yaku="20,1,52,1" doraHai="43" who="1" fromWho="1" sc="384,-10,224,30,245,-10,147,-10" />
</Scene>
<Scene>
<INIT seed="5,1,0,4,5,113" ten="374,254,235,137" oya="1" hai0="44,63,95,93,89,117,15,31,92,57,78,17,99" hai1="12,29,49,47,97,86,11,131,56,62,22,43,13" hai2="115,67,25,8,130,105,74,53,114,87,133,103,98" hai3="7,55,26,102,54,101,14,68,66,75,90,58,100"/><U65/><E131/><V1/><F74/><W118/><G75/><T40/><D117/><U85/><E97/><V129/><F67/><W16/><G68/><T5/><D31/><U46/><E46/><V122/><F122/><W94/><G118/><T34/><D34/><U60/><E60/><V121/><F121/><W119/><G119/><T82/><D5/><U59/><E59/><V6/><F133/><W132/><G132/><T0/><D0/><U77/><E77/><V108/><F108/><W124/><G124/><T71/><D71/><U73/><E73/><V48/><F25/><W33/><G7/><T23/><D82/><U91/><E91/><V32/><F32/><W72/><G72/><T127/><D127/><U35/><E35/><V112/><REACH who="2" step="1"/><F87/><REACH who="2" ten="374,254,225,137" step="2"/><N who="3" m="52575" /><G33/><T107/><D99/><U88/><E86/><V111/><F111/><W110/><G26/><T4/><D89/><U10/><E29/><V21/><F21/><N who="3" m="11415" /><G110/><T69/><D69/><U70/><E70/><V28/><F28/><W61/><AGARI ba="1,1" hai="54,55,58,61,66,100,101,102" m="11415,52575" machi="61" ten="30,2000,0" yaku="8,1,54,1" doraHai="113" who="3" fromWho="3" sc="374,-6,254,-11,225,-6,137,33" />
</Scene>
<Scene>
<INIT seed="6,0,0,1,3,81" ten="368,243,219,170" oya="2" hai0="128,96,68,79,113,104,13,60,43,42,85,88,78" hai1="126,17,80,127,58,63,11,23,26,89,116,61,101" hai2="36,69,22,75,54,130,110,103,27,31,134,117,90" hai3="83,50,72,71,125,82,123,2,124,120,49,16,87"/><V98/><F117/><W64/><G2/><T29/><D113/><U6/><E116/><V57/><F75/><W33/><G33/><T48/><D128/><U74/><E101/><V119/><F119/><W19/><G71/><T84/><D29/><U34/><E34/><V35/><F69/><W1/><G64/><T65/><D13/><N who="1" m="5367" /><E58/><V99/><F36/><W59/><G1/><T73/><D73/><U12/><E26/><V14/><F130/><W70/><G70/><T38/><D38/><U118/><E118/><V47/><F47/><W3/><G3/><T41/><D48/><N who="3" m="18537" /><G59/><T21/><D21/><U4/><E4/><V39/><F39/><W20/><G72/><T109/><D109/><U8/><E23/><V121/><F121/><N who="3" m="46667" /><G20/><T25/><D25/><U100/><E100/><V28/><F110/><W46/><G46/><T94/><D104/><U51/><E51/><N who="2" m="30943" /><F31/><W112/><G112/><T91/><D96/><N who="2" m="36906" /><F103/><W106/><G106/><T105/><D105/><U66/><E74/><V86/><F35/><W9/><G9/><T45/><D45/><U95/><E66/><V62/><F14/><W30/><G30/><T10/><D10/><U114/><E114/><V18/><F28/><W15/><G15/><T122/><D122/><U0/><E0/><V40/><F40/><W111/><G111/><T133/><D133/><U135/><E135/><V93/><F134/><W132/><G132/><T129/><D129/><U44/><E44/><V67/><F67/><W77/><G83/><T107/><D107/><U108/><E108/><V37/><F37/><W53/><G53/><RYUUKYOKU ba="0,0" sc="368,10,243,-30,219,10,170,10" hai0="41,42,43,60,65,68,78,79,84,85,88,91,94" hai2="18,22,27,62,86,90,93" hai3="16,19,77,82,87,124,125" />
</Scene>
<Scene>
<INIT seed="6,1,0,4,4,29" ten="378,213,229,180" oya="2" hai0="113,45,79,2,99,57,52,16,78,69,14,101,1" hai1="83,74,54,100,88,25,108,40,92,11,59,133,81" hai2="118,67,127,27,17,114,56,122,111,94,15,0,119" hai3="89,90,106,63,107,49,37,102,98,53,129,95,73"/><V77/><F77/><W97/><G37/><T76/><D69/><U35/><E108/><V33/><F94/><W48/><G73/><T46/><D113/><U72/><E133/><V91/><F91/><W130/><G63/><N who="0" m="36263" /><D1/><U10/><E40/><V86/><F86/><W36/><G36/><T22/><D2/><U12/><E100/><V44/><F44/><W115/><G115/><T43/><D43/><U21/><E35/><V134/><F114/><W68/><G68/><T117/><D117/><N who="2" m="44554" /><F56/><W42/><G42/><T64/><D64/><U125/><E72/><V105/><F67/><W50/><G53/><T5/><D5/><N who="1" m="3151" /><E74/><V51/><F105/><W104/><REACH who="3" step="1"/><G98/><REACH who="3" ten="378,213,229,170" step="2"/><T23/><D99/><U93/><E54/><V82/><F111/><W39/><G39/><T71/><D71/><U30/><E125/><V41/><F127/><W61/><G61/><T87/><D87/><U4/><E59/><V7/><F41/><W32/><G32/><T135/><D45/><U109/><E109/><V96/><F33/><W70/><G70/><T65/><D46/><U8/><E4/><V124/><F7/><W34/><G34/><T112/><D112/><U123/><E123/><V126/><F122/><W121/><G121/><T55/><D55/><U116/><E116/><V38/><F124/><W60/><G60/><T31/><D65/><U66/><E66/><V128/><F126/><W9/><G9/><T75/><D75/><U28/><E8/><V26/><F38/><W85/><G85/><T47/><D47/><U120/><E120/><V3/><F96/><W18/><G18/><RYUUKYOKU ba="1,1" sc="378,-10,213,-10,229,-10,170,30" hai3="48,49,50,89,90,95,97,102,104,106,107,129,130" />
</Scene>
<Scene>
<INIT seed="7,2,1,1,1,127" ten="368,203,219,200" oya="3" hai0="133,49,109,81,129,106,77,83,35,107,23,78,60" hai1="121,36,75,70,61,135,22,62,9,80,47,73,29" hai2="41,11,5,42,68,51,84,34,115,24,101,4,123" hai3="27,45,21,33,54,31,119,44,20,92,17,99,89"/><W58/><G119/><T13/><D35/><U43/><E121/><V65/><F101/><W71/><G71/><T103/><D60/><U85/><E135/><V72/><F72/><W1/><G1/><T8/><D133/><U12/><E29/><V112/><F123/><W91/><G91/><T118/><D49/><U110/><E110/><V14/><F5/><W114/><G114/><N who="2" m="43561" /><F84/><W124/><G124/><T64/><D23/><U16/><E22/><V28/><F51/><N who="3" m="31071" /><G33/><T97/><D64/><U131/><E131/><V38/><F38/><W63/><G63/><AGARI ba="2,1" hai="4,11,14,24,28,34,41,42,63,65,68" m="43561" machi="63" ten="30,1000,0" yaku="15,1" doraHai="127" who="2" fromWho="3" sc="368,0,203,0,219,26,200,-16" owari="368,47.0,203,-20.0,245,5.0,184,-32.0" />
</Scene>
</mjloggm>