<mjloggm ver="2.3"><GO type="169" lobby="0"/><UN n0="%E3%81%AF%E3%82%86%E3%81%86" n1="%E5%AF%9B%E3%83%94%E3%82%A8%E3%83%AD" n2="%E5%A4%AA%E3%81%8F%E3%81%AA%E3%81%84%E3%81%8A" n3="%E3%81%BE%E3%81%8A%E3%82%89%E3%82%93" dan="16,17,18,16" rate="2076.48,2109.29,2244.48,2094.92" sx="M,M,F,F"/><TAIKYOKU oya="0"/>

<Scene>
<INIT seed="0,0,0,0,3,31" ten="250,250,250,250" oya="0" hai0="39,80,118,7,16,38,56,110,72,28,112,94,130" hai1="45,81,102,111,120,10,43,52,54,85,79,51,47" hai2="34,89,117,8,82,90,60,32,41,124,17,104,30" hai3="66,0,86,74,24,63,103,83,22,18,25,26,107"/><T135/><D118/><U88/><E120/><V99/><F41/><W78/><G0/><T4/><D112/><U73/><E111/><V77/><F117/><W3/><G3/><T121/><D121/><U105/><E10/><V20/><F124/><W15/><G103/><T132/><D130/><U42/><E102/><V68/><F8/><W115/><G107/><T49/><D110/><U27/><E27/><V33/><F30/><W87/><REACH who="3" step="1"/><G115/><REACH who="3" ten="250,250,250,240" step="2"/><T23/><D135/><U122/><E105/><V55/><F104/><W57/><AGARI ba="0,1" hai="15,18,22,24,25,26,57,63,66,74,78,83,86,87" machi="57" ten="30,4000,0" yaku="1,1,2,1,0,1,53,0" doraHai="31" doraHaiUra="133" who="3" fromWho="3" sc="250,-20,250,-10,250,-10,240,50" />
</Scene>
<Scene>
<INIT seed="1,0,0,3,3,92" ten="230,240,240,290" oya="1" hai0="16,17,77,120,42,97,133,37,11,31,110,48,81" hai1="127,118,72,122,3,88,116,47,58,50,132,38,73" hai2="12,1,68,98,35,130,113,104,134,60,64,8,59" hai3="115,51,114,79,84,112,30,32,99,80,107,57,85"/><U102/><E122/><V66/><F134/><W89/><G30/><T101/><D110/><U78/><E132/><V55/><F1/><W45/><G57/><T94/><D133/><U46/><E127/><V36/><F36/><W21/><G21/><T131/><D131/><U119/><E3/><V105/><F35/><W71/><G32/><T53/><D120/><U129/><E129/><V125/><F130/><W128/><G71/><T4/><D31/><U106/><E58/><V117/><F117/><W135/><G128/><T63/><D63/><U67/><E67/><V13/><F125/><W41/><G135/><T86/><D37/><U121/><E121/><V90/><F113/><W70/><G70/><T52/><D42/><U25/><E25/><V23/><F23/><W6/><G6/><T95/><D95/><U109/><E109/><V74/><F74/><W93/><REACH who="3" step="1"/><G107/><REACH who="3" ten="230,240,240,280" step="2"/><T96/><D96/><AGARI ba="0,1" hai="41,45,51,79,80,84,85,89,93,96,99,112,114,115" machi="96" ten="40,8000,1" yaku="1,1,2,1,52,2,53,1" doraHai="92" doraHaiUra="91" who="3" fromWho="0" sc="230,-80,240,0,240,0,280,90" />
</Scene>
<Scene>
<INIT seed="2,0,0,3,3,52" ten="150,240,240,370" oya="2" hai0="42,28,128,96,68,114,79,49,64,41,47,81,88" hai1="13,22,10,71,92,61,87,99,125,4,130,86,73" hai2="11,20,82,27,17,36,57,109,21,14,74,115,40" hai3="94,98,116,34,111,15,83,122,89,6,104,77,5"/><V132/><F115/><W90/><G34/><T85/><D128/><U123/><E73/><V106/><F106/><W97/><G122/><T100/><D114/><U33/><E33/><V48/><F36/><W2/><G116/><T69/><D28/><U133/><E123/><V46/><F132/><W37/><G37/><T113/><D113/><U32/><E32/><V127/><F127/><W23/><G2/><T93/><D41/><U135/><E125/><V62/><F109/><W117/><G117/><T59/><REACH who="0" step="1"/><D100/><REACH who="0" ten="140,240,240,370" step="2"/><N who="1" m="60519" /><E130/><V72/><F82/><W55/><G111/><T102/><D102/><U18/><E133/><V25/><F25/><W16/><G104/><T131/><D131/><U126/><E135/><V84/><F84/><W51/><G77/><T7/><D7/><U121/><E4/><V19/><REACH who="2" step="1"/><F11/><REACH who="2" ten="140,240,230,370" step="2"/><W76/><G83/><T63/><AGARI ba="0,2" hai="42,47,49,59,63,64,68,69,79,81,85,88,93,96" machi="63" ten="30,7900,0" yaku="1,1,0,1,52,1,54,1,53,0" doraHai="52" doraHaiUra="112" who="0" fromWho="0" sc="140,99,240,-20,230,-39,370,-20" />
</Scene>
<Scene>
<INIT seed="3,0,0,5,1,39" ten="239,220,191,350" oya="3" hai0="88,95,134,70,103,64,99,72,107,85,2,41,49" hai1="46,63,67,71,124,127,132,13,62,10,48,131,98" hai2="86,133,97,68,69,53,84,37,5,6,24,52,96" hai3="79,38,28,19,119,23,117,87,40,80,11,65,118"/><W8/><G28/><T89/><D2/><U75/><E75/><V18/><F37/><W76/><G65/><T73/><D134/><U25/><E132/><V123/><F133/><W3/><G79/><T1/><D1/><U120/><E120/><V102/><F24/><W58/><G58/><T30/><D30/><U33/><E131/><V126/><F102/><W100/><G100/><T112/><D112/><U108/><E108/><V129/><F18/><W55/><G55/><T54/><D89/><U14/><E62/><V15/><F15/><W74/><G87/><T77/><D77/><U101/><E25/><V57/><F57/><W113/><G113/><T16/><D16/><U121/><E33/><V90/><F90/><W22/><G11/><T105/><D105/><U60/><E60/><V42/><F126/><N who="1" m="48169" /><E10/><V9/><F9/><W116/><G116/><T93/><D64/><U35/><E35/><V32/><F32/><W125/><G125/><T31/><D70/><U106/><E121/><V27/><F27/><W47/><G19/><T122/><D31/><U83/><E83/><V78/><F123/><W111/><REACH who="3" step="1"/><G111/><REACH who="3" ten="239,220,191,340" step="2"/><T91/><D122/><U66/><E66/><V21/><F78/><W26/><G26/><T45/><D54/><AGARI ba="0,1" hai="13,14,46,48,54,63,67,71,98,101,106" m="48169" machi="54" ten="30,1000,0" yaku="18,1" doraHai="39" who="1" fromWho="0" sc="239,-10,220,20,191,0,340,0" />
</Scene>
<Scene>
<INIT seed="4,0,0,1,1,109" ten="229,240,191,340" oya="0" hai0="121,111,132,97,65,23,16,70,91,7,49,100,19" hai1="30,126,118,12,32,104,76,28,55,90,54,17,43" hai2="114,77,37,42,44,62,21,93,107,8,61,33,38" hai3="86,74,57,63,119,94,45,66,71,59,122,113,14"/><T20/><D121/><U124/><E118/><V25/><F107/><W69/><G74/><T39/><D39/><U0/><E0/><V110/><F110/><W48/><G119/><T98/><D111/><U116/><E116/><V78/><F33/><W26/><G122/><T24/><D132/><U31/><E104/><V50/><F93/><W135/><G135/><T79/><D79/><U81/><E32/><V73/><F8/><W87/><G26/><T75/><D75/><U56/><E43/><V68/><F73/><W51/><G14/><T101/><D7/><U129/><E90/><V128/><F128/><W40/><G94/><T127/><D127/><N who="1" m="48683" /><E129/><V6/><F6/><W112/><G86/><T130/><D130/><U82/><E76/><V72/><F78/><W123/><G87/><T47/><D65/><U131/><E131/><V99/><F77/><W117/><G117/><T60/><D60/><N who="1" m="35863" /><E55/><V105/><F72/><W67/><G123/><T13/><D70/><N who="3" m="26633" /><G51/><T4/><D4/><U18/><E18/><V41/><F50/><W36/><G48/><T27/><D13/><U34/><E34/><V103/><F38/><W92/><G92/><N who="0" m="56479" /><D98/><U5/><E5/><V85/><F37/><W96/><G96/><T58/><D100/><U22/><AGARI ba="0,0" hai="12,17,22,28,30,31,81,82" m="35863,48683" machi="22" ten="30,1100,0" yaku="18,1" doraHai="109" who="1" fromWho="1" sc="229,-5,240,11,191,-3,340,-3" />
</Scene>
<Scene>
<INIT seed="5,0,0,3,5,111" ten="224,251,188,337" oya="1" hai0="52,38,45,23,81,3,67,119,94,26,70,91,84" hai1="58,16,99,71,112,117,18,10,1,9,77,72,106" hai2="82,75,35,13,48,57,121,98,83,95,28,127,90" hai3="64,20,2,53,49,30,61,130,27,88,103,102,118"/><U131/><E71/><V116/><F121/><W31/><G2/><T47/><D119/><U14/><E117/><V29/><F116/><W85/><G118/><T4/><D3/><U40/><E131/><V44/><F127/><W73/><G31/><N who="2" m="11849" /><F75/><W122/><G73/><T39/><D4/><U123/><E123/><V6/><F57/><N who="3" m="36911" /><G130/><T113/><D113/><U5/><E112/><V56/><F56/><N who="3" m="32815" /><G122/><T120/><D120/><U87/><E72/><V63/><F63/><W135/><G135/><T68/><D39/><U69/><E69/><V134/><F35/><W22/><G22/><T101/><D38/><U21/><E77/><V124/><F124/><W60/><G60/><T132/><D132/><U114/><E114/><V100/><F100/><W37/><G37/><T105/><D105/><U24/><E106/><V46/><F134/><W115/><G115/><T19/><D70/><U0/><E0/><V133/><F133/><W55/><G55/><T76/><D101/><U12/><E1/><V110/><F110/><W41/><G41/><T79/><D68/><U43/><E43/><N who="2" m="24607" /><F46/><W125/><G125/><T126/><D126/><U15/><E40/><V78/><F78/><W51/><G51/><N who="0" m="28799" /><D76/><U128/><E128/><V25/><F25/><W42/><G42/><T7/><D67/><U34/><E34/><V54/><F54/><W107/><G107/><T104/><D104/><U86/><E24/><V92/><F13/><W66/><G66/><T89/><D45/><U65/><E99/><N who="2" m="57751" /><F6/><W129/><G129/><T50/><D7/><U62/><AGARI ba="0,0" hai="5,9,10,12,14,15,16,18,21,58,62,65,86,87" machi="62" ten="30,6000,0" yaku="0,1,8,1,54,1" doraHai="111" who="1" fromWho="1" sc="224,-20,251,60,188,-20,337,-20" />
</Scene>
<Scene>
<INIT seed="5,1,0,3,3,68" ten="204,311,168,317" oya="1" hai0="107,112,134,114,60,81,70,69,88,1,0,91,6" hai1="89,39,79,77,5,11,110,129,22,62,12,128,43" hai2="45,72,59,38,78,56,29,15,8,102,109,106,46" hai3="117,58,57,127,28,54,126,33,25,49,131,73,121"/><U99/><E110/><V90/><F109/><W4/><G73/><T111/><D111/><U125/><E125/><N who="3" m="47626" /><G121/><T66/><D107/><U27/><E62/><V13/><F29/><W71/><G71/><N who="0" m="27147" /><D60/><U23/><E99/><V80/><F90/><N who="0" m="34346" /><D81/><U51/><E51/><V53/><F15/><W40/><G40/><T108/><D108/><U120/><E120/><V55/><F106/><W30/><G30/><T10/><D134/><U123/><E123/><V31/><F31/><W74/><G74/><T63/><D63/><U37/><E43/><V130/><F72/><W86/><G4/><T116/><D116/><U26/><E89/><V52/><F102/><W132/><G86/><T3/><D66/><U93/><E93/><V18/><F80/><W96/><G96/><T48/><D48/><U135/><E135/><V44/><F78/><N who="1" m="29705" /><E27/><V36/><REACH who="2" step="1"/><F130/><REACH who="2" ten="204,311,158,317" step="2"/><N who="1" m="50281" /><E23/><V100/><F100/><W98/><G131/><T61/><D3/><U103/><E103/><V35/><F35/><W118/><G132/><T20/><D1/><U94/><E94/><V101/><F101/><W105/><G105/><T104/><D104/><U133/><E133/><V50/><F50/><N who="3" m="30935" /><G98/><T19/><D61/><U9/><E9/><V115/><F115/><W17/><G118/><T42/><D112/><U83/><E83/><V92/><F92/><W119/><G119/><T24/><D114/><U75/><E75/><V82/><F82/><W84/><G117/><T97/><D97/><U122/><E122/><V34/><F34/><W16/><G84/><T64/><D64/><U67/><E67/><V87/><F87/><RYUUKYOKU ba="1,1" sc="204,0,311,0,158,0,317,0" hai0="0,6,10,19,20,24,42" hai1="5,11,12,22,26,37,39" hai2="8,13,18,36,38,44,45,46,52,53,55,56,59" hai3="16,17,25,28,33,49,58" />
</Scene>
<Scene>
<INIT seed="5,2,1,0,4,28" ten="204,311,158,317" oya="1" hai0="66,44,134,37,24,101,12,88,16,93,107,128,105" hai1="4,48,89,135,18,106,29,49,87,98,50,53,86" hai2="14,68,31,47,72,76,90,23,103,99,0,65,78" hai3="124,121,117,79,15,41,43,34,91,7,1,115,46"/><U52/><E135/><V109/><F109/><W130/><G121/><T38/><D134/><U82/><E4/><V83/><F0/><W81/><G34/><T2/><D2/><U69/><E69/><V45/><F78/><W19/><G1/><T71/><D128/><U51/><E29/><V125/><F125/><W111/><G111/><T127/><D127/><U67/><E67/><V129/><F129/><W96/><G124/><T100/><D24/><U120/><E120/><V108/><F108/><W20/><G7/><T60/><D105/><U57/><E106/><V110/><F110/><W6/><G6/><T104/><D104/><U17/><E98/><V55/><F90/><W9/><G117/><T123/><D123/><U30/><E30/><V74/><F74/><W3/><G3/><T112/><D112/><U114/><E114/><V70/><F65/><W54/><G115/><T36/><D44/><N who="1" m="27655" /><E86/><V58/><F70/><W8/><G130/><T97/><REACH who="0" step="1"/><D107/><REACH who="0" ten="194,311,158,317" step="2"/><U39/><E39/><V62/><F47/><W73/><G46/><T13/><D13/><U133/><E133/><V85/><F45/><W119/><G119/><T77/><D77/><U11/><E11/><AGARI ba="2,2" hai="11,12,16,36,37,38,60,66,71,88,93,97,100,101" machi="11" ten="40,5200,0" yaku="1,1,54,2,53,0" doraHai="28" doraHaiUra="33" who="0" fromWho="1" sc="194,78,311,-58,158,0,317,0" />
</Scene>
<Scene>
<INIT seed="6,0,0,3,0,131" ten="272,253,158,317" oya="2" hai0="17,41,127,83,111,126,107,66,114,23,18,99,20" hai1="128,0,49,95,61,3,9,122,132,53,72,109,55" hai2="110,96,45,42,19,86,33,87,134,113,123,13,106" hai3="51,100,89,73,117,29,40,65,129,5,35,14,85"/><V92/><F123/><W12/><G73/><T78/><D111/><U32/><E32/><V75/><F75/><W37/><G37/><T68/><D41/><U105/><E105/><V91/><F33/><W22/><G117/><T8/><D114/><U70/><E72/><V36/><F113/><W81/><G35/><T97/><D66/><U54/><E122/><V7/><F110/><W43/><G129/><T11/><D68/><U121/><E121/><V62/><F7/><W46/><G43/><T80/><D78/><U77/><E77/><V76/><F76/><W48/><G65/><T59/><D59/><U108/><E128/><V57/><F106/><AGARI ba="0,0" hai="8,11,17,18,20,23,80,83,97,99,106,107,126,127" machi="106" ten="25,1600,0" yaku="22,2" doraHai="131" who="0" fromWho="2" sc="272,16,253,0,158,-16,317,0" />
</Scene>
<Scene>
<INIT seed="7,0,0,4,1,3" ten="288,253,142,317" oya="3" hai0="26,107,73,95,6,13,80,58,127,30,113,62,97" hai1="53,105,34,51,27,94,91,5,50,123,9,40,96" hai2="44,79,86,70,45,133,32,92,23,130,20,131,125" hai3="59,76,99,24,42,19,124,7,35,75,49,37,33"/><W121/><G37/><T18/><D127/><U134/><E123/><V98/><F32/><W17/><G75/><T102/><D113/><U84/><E134/><V135/><F70/><W56/><G76/><T109/><D109/><U31/><E40/><V110/><F110/><W52/><G42/><T132/><D132/><N who="2" m="50762" /><F79/><W106/><G59/><T74/><D107/><U47/><E51/><V1/><F86/><W38/><G38/><T83/><D6/><U103/><REACH who="1" step="1"/><E9/><REACH who="1" ten="288,243,142,317" step="2"/><V90/><F1/><W21/><G121/><T0/><D74/><U43/><E43/><V48/><F23/><W100/><G35/><T87/><D73/><U66/><E66/><V85/><F20/><W116/><G33/><T63/><D0/><U64/><E64/><V65/><F65/><W25/><G21/><N who="0" m="15695" /><D87/><U119/><E119/><V39/><F39/><W68/><G116/><T128/><D128/><N who="2" m="49194" /><F85/><W29/><G49/><T78/><D78/><U115/><E115/><V10/><F10/><W89/><G68/><T41/><D41/><U15/><E15/><V67/><F67/><W8/><G8/><N who="0" m="6439" /><D63/><U54/><E54/><AGARI ba="0,1" hai="54,58,62,80,83,95,97,102" m="6439,15695" machi="54" ten="30,1000,0" yaku="8,1" doraHai="3" who="0" fromWho="1" sc="288,20,243,-10,142,0,317,0" owari="308,11.0,233,-17.0,142,-36.0,317,42.0" />
</Scene>
</mjloggm>