<mjloggm ver="2.3"><GO type="169"/><UN n0="%6E%61%67%69%73%61%31%31" n1="%E6%AD%A6%E5%A3%AB%E6%B2%A2%E7%A7%80%E8%A1%8C" n2="%E3%81%AE%E3%82%8A%E3%82%BB%E3%83%8A" n3="%E5%A4%AA%E3%81%8F%E3%81%AA%E3%81%84%E3%81%8A" dan="16,16,16,18" rate="2120,2184,2099,2157" sx="F,M,M,M"/><TAIKYOKU oya="0"/>

<Scene>
<INIT seed="0,0,0,4,5,48" ten="250,250,250,250" oya="0" hai0="124,76,2,38,86,134,109,1,92,64,118,88,16" hai1="51,19,105,20,10,94,49,122,110,129,131,120,54" hai2="40,47,115,81,95,87,117,78,80,101,106,116,5" hai3="9,29,69,99,43,112,63,77,58,31,114,37,85"/><T127/><D38/><U34/><E105/><V133/><F5/><W82/><G69/><T39/><D39/><U130/><E34/><V113/><F40/><W72/><G72/><T6/><D118/><N who="2" m="45674" /><F47/><W27/><G99/><T108/><D76/><U26/><E110/><N who="0" m="42601" /><D64/><U132/><E132/><V21/><F21/><W57/><G57/><T97/><D134/><U126/><E126/><N who="0" m="48169" /><D16/><U7/><E94/><V55/><F55/><W67/><G37/><T0/><D97/><U93/><E93/><V100/><F133/><W3/><G67/><T46/><D46/><N who="1" m="27959" /><E51/><V18/><F18/><W8/><G63/><T111/><D111/><U12/><AGARI ba="0,0" hai="7,10,12,19,20,26,120,122,129,130,131" m="27959" machi="12" ten="30,2000,0" yaku="19,1,52,1" doraHai="48" who="1" fromWho="1" sc="250,-10,250,20,250,-5,250,-5" />
</Scene>
<Scene>
<INIT seed="1,0,0,2,1,100" ten="240,270,245,245" oya="1" hai0="0,2,47,135,109,40,99,80,32,82,64,126,7" hai1="130,97,21,105,79,67,62,23,25,1,26,112,124" hai2="116,113,84,117,20,30,104,18,4,51,71,83,54" hai3="91,78,6,60,53,73,44,43,3,129,48,9,111"/><U31/><E112/><V93/><F71/><W115/><G115/><T125/><D32/><U87/><E130/><V121/><F113/><W16/><G129/><T132/><D64/><U88/><E124/><N who="0" m="47721" /><D99/><U95/><E1/><N who="0" m="617" /><D7/><U17/><E79/><V35/><F121/><W118/><G111/><T61/><D61/><U90/><E105/><V58/><F4/><W98/><G118/><T52/><D52/><U14/><E14/><V74/><F74/><W19/><G73/><T133/><D109/><U120/><E120/><V56/><F56/><W33/><G33/><T92/><D92/><U37/><E37/><AGARI ba="0,0" hai="37,40,47,80,82,132,133,135" m="617,47721" machi="37" ten="40,2600,0" yaku="20,1,18,1" doraHai="100" who="0" fromWho="1" sc="240,26,270,-26,245,0,245,0" />
</Scene>
<Scene>
<INIT seed="2,0,0,1,5,97" ten="266,244,245,245" oya="2" hai0="2,21,65,3,75,102,82,113,130,117,122,46,47" hai1="18,13,127,67,14,35,105,73,63,55,112,17,15" hai2="33,95,126,54,76,71,66,89,98,132,41,93,111" hai3="34,16,135,44,24,85,36,91,119,61,94,107,104"/><V48/><F33/><W52/><G119/><T101/><D117/><U78/><E112/><V129/><F129/><W131/><G131/><T133/><D113/><U92/><E105/><V108/><F41/><W83/><G135/><T45/><D122/><U50/><E35/><V96/><F132/><W7/><G7/><T32/><D32/><U110/><E110/><N who="2" m="42027" /><F126/><W29/><G36/><T128/><D133/><U10/><E127/><V81/><F71/><W11/><G94/><T1/><D65/><U70/><E92/><V12/><F12/><N who="3" m="7199" /><G61/><T28/><D128/><U5/><E78/><V121/><F66/><W38/><G38/><T23/><D130/><U103/><E73/><N who="2" m="43151" /><F121/><W59/><G59/><T6/><D1/><U0/><E70/><V106/><F106/><W56/><G56/><T31/><D45/><U118/><E118/><V26/><F26/><W8/><G8/><T120/><D120/><U116/><E116/><V134/><F134/><W9/><G9/><T20/><D20/><U115/><E115/><V79/><F79/><W43/><G43/><T123/><D123/><U40/><E40/><V109/><N who="2" m="42035" /><V49/><DORA hai="62" /><F54/><W51/><AGARI ba="0,0" hai="24,29,34,44,51,52,83,85,91,104,107" m="7199" machi="51" ten="30,4000,0" yaku="25,1,54,2" doraHai="97,62" who="3" fromWho="3" sc="266,-10,244,-10,245,-20,245,40" />
</Scene>
<Scene>
<INIT seed="3,0,0,0,5,93" ten="256,234,225,285" oya="3" hai0="133,131,130,129,85,111,14,109,112,42,41,95,56" hai1="12,65,77,99,28,13,57,107,118,59,58,101,69" hai2="97,120,24,17,50,18,25,102,5,61,3,132,7" hai3="39,108,16,52,10,55,87,75,81,110,114,94,86"/><W84/><G114/><T32/><D32/><U105/><E118/><V2/><F50/><W6/><G39/><T80/><D112/><U82/><E105/><V54/><F54/><N who="3" m="20523" /><G75/><T117/><D117/><U103/><E103/><V100/><F97/><W49/><G49/><T70/><D70/><U23/><E69/><V113/><F113/><W51/><G51/><T134/><D56/><U45/><E45/><V46/><F46/><W40/><G40/><N who="0" m="15467" /><D95/><U116/><E65/><V92/><F92/><W127/><G127/><T91/><D14/><U126/><E116/><V89/><F89/><N who="3" m="51343" /><G94/><T79/><D79/><U124/><E126/><V62/><F120/><W34/><G34/><T37/><D37/><U21/><E124/><V98/><F98/><W106/><G106/><T90/><D90/><U15/><REACH who="1" step="1"/><E28/><REACH who="1" ten="256,224,225,285" step="2"/><V19/><F19/><W64/><G64/><T73/><D73/><AGARI ba="0,1" hai="12,13,15,21,23,57,58,59,73,77,82,99,101,107" machi="73" ten="40,12000,2" yaku="1,1,2,1,52,1,53,3" doraHai="93" doraHaiUra="9" who="1" fromWho="0" sc="256,-120,224,130,225,0,285,0" />
</Scene>
<Scene>
<INIT seed="4,0,0,4,5,103" ten="136,354,225,285" oya="0" hai0="92,131,76,100,124,23,63,37,115,109,132,75,44" hai1="7,99,60,117,1,48,16,46,62,83,25,102,110" hai2="15,61,35,58,11,59,17,127,47,122,128,10,94" hai3="22,118,42,41,74,134,120,105,97,69,4,28,12"/><T84/><D124/><U114/><E117/><V82/><F122/><W32/><G118/><T87/><D131/><U49/><E110/><V107/><F128/><W130/><G74/><T2/><D2/><U98/><E114/><V77/><F127/><W111/><G111/><T79/><D115/><U123/><E123/><V20/><F35/><W108/><G108/><T50/><D109/><U26/><E1/><V73/><F94/><W45/><G69/><T106/><D37/><U66/><E7/><V19/><F47/><W3/><G130/><T38/><D38/><U85/><E49/><V95/><F95/><W133/><G120/><T31/><D75/><U89/><E16/><V14/><F20/><W78/><G78/><N who="0" m="29739" /><D106/><U51/><E51/><V125/><F125/><W91/><G3/><T0/><D63/><U36/><E36/><V29/><F29/><W86/><G28/><T39/><D39/><U18/><E18/><V96/><REACH who="2" step="1"/><F61/><REACH who="2" ten="136,354,215,285" step="2"/><W65/><G32/><T112/><D112/><U34/><E34/><V52/><F52/><W72/><G22/><T8/><D31/><U71/><E62/><V13/><F13/><W68/><G12/><T21/><D0/><U121/><E121/><V53/><F53/><W90/><G45/><T129/><D129/><U116/><E116/><V30/><F30/><W56/><G42/><N who="0" m="24855" /><D8/><U55/><E99/><V6/><F6/><W104/><G4/><T101/><D21/><U88/><REACH who="1" step="1"/><E89/><REACH who="1" ten="136,344,215,285" step="2"/><V9/><F9/><W40/><G97/><N who="0" m="59431" /><D23/><U5/><E5/><V126/><F126/><W64/><G91/><T119/><D119/><RYUUKYOKU ba="0,2" sc="136,-15,344,15,215,15,285,-15" hai1="25,26,46,48,55,60,66,71,83,85,88,98,102" hai2="10,11,14,15,17,19,58,59,73,77,82,96,107" />
</Scene>
<Scene>
<INIT seed="5,1,2,2,1,43" ten="121,359,230,270" oya="1" hai0="99,23,111,9,10,85,132,90,26,108,104,92,16" hai1="63,24,97,46,78,18,1,12,28,95,82,60,133" hai2="117,93,100,105,135,114,96,73,22,61,36,71,68" hai3="125,31,17,30,76,34,86,65,40,119,11,56,3"/><U37/><E133/><V20/><F117/><W121/><G121/><T4/><D132/><U67/><E1/><V45/><F135/><W32/><G119/><T38/><D38/><U0/><E0/><V39/><F39/><W19/><G40/><T13/><D104/><U113/><E113/><V102/><F114/><W123/><G123/><T64/><D64/><U44/><E37/><V88/><F73/><W5/><G125/><T50/><D10/><N who="1" m="6423" /><E78/><V53/><F102/><W87/><G65/><T6/><D6/><U14/><E82/><V62/><F62/><N who="1" m="23593" /><E14/><V130/><F130/><W25/><G76/><T59/><D108/><U118/><E67/><V77/><F77/><W66/><G66/><T124/><D111/><U107/><E107/><V75/><F75/><W47/><G3/><T80/><D124/><U70/><E70/><V127/><F127/><W48/><G34/><T21/><D21/><N who="1" m="15375" /><E118/><V7/><F36/><W72/><G72/><T35/><D35/><U33/><E33/><V29/><F71/><W134/><G32/><T27/><D80/><U109/><E109/><V120/><F68/><W128/><G128/><T110/><D110/><U122/><E122/><V49/><F120/><W51/><G5/><T55/><REACH who="0" step="1"/><D99/><REACH who="0" ten="111,359,230,270" step="2"/><U106/><E106/><V131/><F105/><W94/><G134/><T2/><AGARI ba="1,3" hai="2,4,9,13,16,23,26,27,50,55,59,85,90,92" machi="2" ten="20,12000,2" yaku="1,1,2,1,0,1,7,1,25,2,54,1,53,0" doraHai="43" doraHaiUra="69" who="0" fromWho="0" sc="111,153,359,-61,230,-31,270,-31" />
</Scene>
<Scene>
<INIT seed="6,0,0,4,2,80" ten="264,298,199,239" oya="2" hai0="131,103,93,57,34,32,125,107,41,27,64,113,6" hai1="11,14,129,108,24,1,22,112,79,30,104,127,87" hai2="43,120,68,48,121,115,84,95,75,40,25,102,74" hai3="83,17,71,29,118,116,51,31,45,35,89,44,42"/><V88/><F68/><W66/><G71/><T56/><D107/><U73/><E108/><V122/><F25/><W12/><G66/><T117/><D41/><U38/><E38/><V91/><F115/><W101/><G101/><T0/><D0/><U123/><E112/><V77/><F40/><W90/><G45/><T124/><D6/><U21/><E129/><V7/><F7/><W15/><G15/><T81/><D131/><U70/><E70/><V49/><F49/><W4/><G4/><T23/><D81/><U109/><E123/><V126/><F43/><W119/><G35/><T130/><D113/><U19/><E104/><V50/><F50/><W128/><G128/><T55/><D130/><U63/><E109/><V52/><F126/><W18/><G18/><T5/><D5/><U106/><E106/><V47/><F102/><W78/><G29/><T105/><D103/><U72/><E127/><V39/><F39/><W92/><G31/><T59/><D27/><U9/><E1/><V65/><F65/><W36/><G92/><T97/><D93/><U54/><E30/><V94/><REACH who="2" step="1"/><F77/><REACH who="2" ten="264,298,189,239" step="2"/><W20/><REACH who="3" step="1"/><G36/><REACH who="3" ten="264,298,189,229" step="2"/><T135/><D64/><U99/><E24/><V26/><F26/><W111/><G111/><T2/><D124/><U82/><E14/><V67/><F67/><W37/><G37/><T10/><D125/><U114/><E114/><V133/><F133/><W58/><G58/><T85/><D57/><U96/><E19/><V28/><F28/><W46/><G46/><T100/><D135/><U16/><E16/><V13/><F13/><W110/><G110/><RYUUKYOKU ba="0,2" sc="264,-15,298,-15,189,15,229,15" hai2="47,48,52,74,75,84,88,91,94,95,120,121,122" hai3="12,17,20,42,44,51,78,83,89,90,116,118,119" />
</Scene>
<Scene>
<INIT seed="6,1,2,5,5,38" ten="249,283,204,244" oya="2" hai0="45,81,101,93,89,28,20,64,8,128,98,22,72" hai1="49,13,48,102,36,51,9,39,83,60,77,3,61" hai2="117,12,17,40,23,63,66,100,44,127,131,96,121" hai3="135,99,11,42,26,90,134,59,55,1,47,112,116"/><V15/><F117/><W33/><G116/><T54/><D128/><U76/><E3/><V88/><F121/><W110/><G110/><T94/><D64/><U62/><E102/><V27/><F131/><W79/><G79/><T91/><D72/><U118/><E118/><V73/><F73/><W130/><G130/><T133/><D133/><N who="3" m="50697" /><G112/><T122/><D122/><U71/><E71/><V82/><F127/><W21/><G33/><T10/><D81/><U70/><E70/><V113/><F113/><W92/><G1/><T0/><D0/><U57/><E57/><V84/><F66/><W119/><G11/><N who="0" m="4139" /><D28/><U68/><E68/><V74/><F74/><W5/><G5/><T104/><D104/><U86/><REACH who="1" step="1"/><E77/><REACH who="1" ten="249,273,204,244" step="2"/><V29/><F29/><N who="3" m="17615" /><G119/><T14/><D101/><U129/><E129/><V31/><F31/><W111/><G111/><T53/><D91/><U80/><E80/><V43/><F63/><N who="3" m="36351" /><G47/><T75/><D45/><U107/><E107/><V123/><F123/><W16/><G16/><AGARI ba="1,3" hai="9,13,16,36,39,48,49,51,60,61,62,76,83,86" machi="16" ten="40,8000,1" yaku="1,1,54,1,53,2" doraHai="38" doraHaiUra="69" who="1" fromWho="3" sc="249,0,273,113,204,0,244,-83" />
</Scene>
<Scene>
<INIT seed="7,0,0,5,1,122" ten="249,386,204,161" oya="3" hai0="75,15,39,38,99,47,32,93,26,17,9,66,130" hai1="100,131,53,121,90,52,102,49,107,88,106,114,22" hai2="125,4,115,129,30,64,10,112,113,82,7,108,98" hai3="72,70,19,103,40,86,43,16,25,2,29,37,59"/><W134/><G72/><T51/><D130/><U8/><E131/><V27/><F129/><W34/><G70/><T61/><D75/><U45/><E121/><V57/><F98/><W6/><G134/><T31/><D51/><N who="1" m="28783" /><E107/><V96/><F96/><W24/><G103/><N who="1" m="39466" /><E106/><V55/><F64/><W123/><G123/><T3/><D3/><U110/><E110/><V69/><F69/><W119/><G119/><T48/><D93/><U126/><E126/><V18/><F125/><W132/><G132/><T11/><D11/><U80/><E114/><V5/><F82/><W105/><G105/><T104/><D99/><U21/><E8/><V42/><F42/><W89/><G59/><T1/><D1/><U127/><E127/><V46/><F46/><W13/><G24/><T14/><D14/><U62/><E62/><V63/><F108/><W65/><G65/><T50/><D104/><U83/><E83/><V54/><F54/><W128/><G128/><T74/><D61/><U33/><E33/><V23/><REACH who="2" step="1"/><F30/><REACH who="2" ten="249,386,194,161" step="2"/><W44/><G40/><T35/><D66/><U28/><E28/><V118/><F118/><W36/><G36/><T0/><D39/><U71/><E71/><V85/><F85/><W91/><G2/><AGARI ba="0,1" hai="2,4,5,7,10,18,23,27,55,57,63,112,113,115" machi="2" ten="40,2600,0" yaku="1,1,15,1,53,0" doraHai="122" doraHaiUra="68" who="2" fromWho="3" sc="249,0,386,0,194,36,161,-26" owari="249,5.0,386,48.0,230,-17.0,135,-36.0" />
</Scene>
</mjloggm>