<mjloggm ver="2.3"><GO type="169" lobby="0"/><UN n0="%E5%A4%AA%E3%81%8F%E3%81%AA%E3%81%84%E3%81%8A" n1="%E3%81%91%E3%82%93%31%39%37%30" n2="%E3%81%94%E3%81%98%E3%82%83%E3%82%8B" n3="%E3%81%AF%E3%81%9B%E3%81%99%E3%81%91%EF%BC%8E" dan="17,16,19,17" rate="2179.86,2081.41,2277.10,2148.78" sx="M,M,M,M"/><TAIKYOKU oya="0"/>

<Scene>
<INIT seed="0,0,0,3,4,66" ten="250,250,250,250" oya="0" hai0="61,100,74,122,58,131,7,88,85,69,80,107,81" hai1="63,119,4,41,30,24,91,127,50,101,84,19,34" hai2="124,129,35,28,118,46,48,130,43,103,125,120,111" hai3="49,11,0,90,54,70,38,113,14,39,106,104,53"/><T115/><D122/><U79/><E119/><V126/><F120/><W77/><G113/><T99/><D115/><U23/><E101/><V112/><F112/><W27/><G0/><T114/><D114/><U73/><E4/><V75/><F75/><W9/><G77/><T1/><D131/><N who="2" m="50186" /><F118/><W93/><G70/><T51/><D51/><U95/><E127/><V56/><F103/><W82/><G82/><T15/><D1/><U116/><E116/><V72/><F72/><W29/><G11/><T98/><D98/><U110/><E73/><V33/><F111/><W17/><G54/><T67/><D7/><U5/><E5/><V47/><F56/><W64/><G64/><T6/><D6/><U13/><E79/><V68/><F28/><W40/><G40/><T87/><D74/><U97/><E110/><V25/><F25/><W102/><G102/><T31/><D31/><U42/><E63/><V108/><F108/><W86/><G106/><T57/><REACH who="0" step="1"/><D15/><REACH who="0" ten="240,250,250,250" step="2"/><U16/><E97/><V12/><F12/><W134/><G39/><T78/><AGARI ba="0,1" hai="57,58,61,67,69,78,80,81,85,87,88,99,100,107" machi="78" ten="20,18000,2" yaku="1,1,2,1,0,1,7,1,52,1,54,1,53,0" doraHai="66" doraHaiUra="133" who="0" fromWho="0" sc="240,190,250,-60,250,-60,250,-60" />
</Scene>
<Scene>
<INIT seed="0,1,0,4,0,12" ten="430,190,190,190" oya="0" hai0="72,92,11,120,36,99,85,80,135,77,33,30,41" hai1="47,16,131,26,98,39,54,96,103,73,4,15,115" hai2="83,45,94,87,8,105,71,58,43,114,40,9,126" hai3="21,100,35,75,42,113,112,88,82,5,63,48,134"/><T27/><D120/><U1/><E73/><V7/><F105/><W132/><G35/><T49/><D135/><U13/><E131/><V74/><F71/><W124/><G100/><T53/><D11/><U3/><E115/><V34/><F34/><W129/><G5/><T55/><D36/><U123/><E123/><V119/><F114/><N who="3" m="44139" /><G63/><T130/><D130/><U17/><E26/><V79/><F126/><W20/><G129/><T95/><D72/><U62/><E4/><V102/><F119/><W18/><G124/><T32/><D32/><U116/><E116/><V52/><F45/><N who="3" m="25655" /><G75/><T117/><D117/><U51/><E39/><V0/><F9/><W128/><G128/><T6/><D6/><U97/><E103/><V29/><F29/><W56/><G56/><T91/><REACH who="0" step="1"/><D95/><REACH who="0" ten="420,190,190,190" step="2"/><U86/><E3/><V19/><F74/><W110/><G134/><T101/><D101/><U14/><E1/><V125/><F125/><W93/><G132/><T90/><D90/><U121/><E121/><V76/><F102/><W37/><G37/><T106/><D106/><U31/><E31/><V104/><F104/><W50/><G110/><T68/><D68/><U122/><E122/><V109/><F109/><W38/><G38/><T89/><D89/><U24/><E86/><V28/><F28/><W108/><G108/><T118/><D118/><U78/><E78/><N who="2" m="29739" /><F94/><W111/><G111/><T59/><D59/><U10/><E98/><V65/><F7/><W64/><G93/><T66/><D66/><U22/><E97/><V107/><F0/><W44/><G64/><T23/><D23/><RYUUKYOKU ba="1,1" sc="420,30,190,-10,190,-10,190,-10" hai0="27,30,33,41,49,53,55,77,80,85,91,92,99" />
</Scene>
<Scene>
<INIT seed="0,2,1,0,4,15" ten="450,180,180,180" oya="0" hai0="5,41,44,1,85,88,26,39,74,130,121,66,83" hai1="112,92,87,86,98,109,75,131,105,129,43,32,67" hai2="77,51,122,79,68,3,57,53,72,50,12,34,13" hai3="70,91,27,60,22,93,6,106,54,55,37,18,28"/><T11/><D130/><N who="1" m="49675" /><E32/><V78/><F68/><W21/><G106/><T42/><D121/><U76/><E43/><V100/><F3/><W114/><G114/><T133/><D133/><U73/><E67/><V33/><F72/><N who="1" m="27721" /><E105/><V82/><F122/><W103/><G37/><T30/><D42/><U111/><E112/><V16/><F100/><W90/><G6/><T81/><D66/><U104/><E104/><V36/><F36/><W80/><G70/><T49/><D49/><U125/><E125/><V47/><F12/><W95/><G103/><T116/><D116/><U113/><E113/><V118/><F118/><W84/><G60/><T17/><D17/><U29/><E29/><V115/><F115/><W99/><REACH who="3" step="1"/><G95/><REACH who="3" ten="450,180,180,170" step="2"/><T35/><D74/><U56/><E56/><V132/><F132/><W97/><G97/><T117/><D117/><U64/><E64/><V4/><F4/><W102/><G102/><T94/><AGARI ba="2,2" hai="1,5,11,26,30,35,39,41,44,81,83,85,88,94" machi="94" ten="20,3900,0" yaku="0,1,7,1,54,1" doraHai="15" who="0" fromWho="0" sc="450,65,180,-15,180,-15,170,-15" />
</Scene>
<Scene>
<INIT seed="0,3,0,3,2,69" ten="515,165,165,155" oya="0" hai0="110,35,11,12,111,100,10,112,6,63,47,1,109" hai1="24,64,124,33,57,40,78,125,107,23,101,26,79" hai2="30,3,95,41,70,17,71,18,103,120,82,96,65" hai3="135,133,81,119,117,29,60,16,92,68,85,99,118"/><T61/><D112/><U42/><E107/><V89/><F120/><W48/><G29/><T121/><D121/><U55/><E64/><V74/><F3/><W22/><G68/><T116/><D116/><U53/><E23/><V21/><F30/><W130/><G60/><T37/><D35/><U56/><REACH who="1" step="1"/><E101/><REACH who="1" ten="515,155,165,155" step="2"/><V73/><F65/><W83/><G130/><T54/><D100/><U108/><E108/><V62/><F103/><W14/><G48/><N who="0" m="28959" /><D37/><U39/><E39/><V93/><F21/><W44/><G135/><T128/><D128/><U0/><E0/><V134/><F134/><W102/><G133/><T8/><D8/><U123/><E123/><V13/><F62/><W97/><G118/><T46/><D63/><U98/><E98/><V75/><F96/><W94/><G117/><T90/><D61/><U77/><E77/><V36/><F71/><W45/><G119/><T5/><D90/><U20/><E20/><V4/><F70/><W34/><G34/><AGARI ba="3,1" hai="24,26,33,34,40,42,53,55,56,57,78,79,124,125" machi="34" ten="25,3200,0" yaku="1,1,22,2,53,0" doraHai="69" doraHaiUra="59" who="1" fromWho="3" sc="515,0,155,51,165,0,155,-41" />
</Scene>
<Scene>
<INIT seed="1,0,0,2,3,23" ten="515,206,165,114" oya="1" hai0="62,11,122,48,75,128,104,84,105,112,21,3,110" hai1="83,0,65,117,102,44,43,118,86,34,22,15,60" hai2="35,129,87,1,17,51,120,103,55,45,127,16,53" hai3="79,121,94,38,108,101,5,126,52,31,24,33,93"/><U82/><E0/><V4/><F120/><W130/><G121/><T73/><D122/><U98/><E34/><V131/><F35/><W7/><G38/><T97/><D112/><U125/><E83/><V26/><F103/><W47/><G126/><T124/><D62/><U41/><E41/><V36/><F36/><W88/><G130/><N who="2" m="49673" /><F127/><W10/><G108/><T89/><D48/><U67/><E67/><V123/><F123/><W28/><G7/><T111/><D124/><U46/><E46/><V76/><F55/><W42/><G79/><T9/><D105/><U68/><E125/><V85/><F76/><W95/><G31/><T72/><D128/><U91/><E15/><V8/><F17/><W57/><G101/><T64/><D3/><U77/><E77/><V13/><F26/><W54/><G47/><T71/><D64/><U133/><E22/><AGARI ba="0,0" hai="1,4,8,13,16,22,45,51,53,85,87" m="49673" machi="22" ten="30,2000,0" yaku="19,1,54,1" doraHai="23" who="2" fromWho="1" sc="515,0,206,-20,165,20,114,0" />
</Scene>
<Scene>
<INIT seed="2,0,0,2,4,99" ten="515,186,185,114" oya="2" hai0="0,109,34,67,124,54,30,127,128,10,19,106,77" hai1="132,29,101,117,130,8,89,91,17,11,116,71,115" hai2="45,92,44,66,33,121,90,27,131,102,13,61,129" hai3="97,12,41,65,28,9,119,5,59,63,18,95,38"/><V43/><F121/><W78/><G119/><T49/><D106/><U111/><E29/><V73/><F73/><W14/><G78/><T60/><D77/><U122/><E71/><V74/><F74/><W86/><G86/><T72/><D72/><U80/><E115/><V36/><F45/><W32/><G38/><T126/><D109/><U56/><E111/><V69/><F13/><W82/><G82/><T35/><D128/><U52/><E52/><V83/><F83/><W53/><G41/><T100/><D30/><U47/><E47/><V108/><F108/><W39/><G39/><T103/><D19/><U76/><E76/><V37/><F37/><W125/><G125/><T84/><D84/><U42/><E42/><V24/><F33/><N who="0" m="12298" /><D10/><U21/><E21/><V46/><F46/><W104/><G104/><T6/><D6/><U96/><E96/><N who="2" m="59655" /><F90/><W70/><G32/><T133/><D0/><U98/><E98/><V94/><F94/><W64/><G28/><T7/><D7/><U85/><E85/><V58/><F69/><W20/><REACH who="3" step="1"/><G70/><REACH who="3" ten="515,186,185,104" step="2"/><T135/><D126/><U15/><E15/><V87/><F87/><W75/><G75/><T134/><D127/><U107/><E107/><V68/><F68/><W55/><G55/><T51/><D54/><U57/><E57/><V112/><F112/><W22/><G22/><T123/><D124/><U26/><E26/><V113/><F113/><W118/><G118/><T114/><D114/><U2/><E2/><V50/><F36/><W88/><AGARI ba="0,1" hai="5,9,12,14,18,20,53,59,63,64,65,88,95,97" machi="88" ten="20,8000,1" yaku="1,1,0,1,7,1,8,1,54,1,53,0" doraHai="99" doraHaiUra="81" who="3" fromWho="3" sc="515,-20,186,-20,185,-40,104,90" />
</Scene>
<Scene>
<INIT seed="3,0,0,1,2,33" ten="495,166,145,194" oya="3" hai0="45,98,21,34,104,56,85,101,92,28,4,111,22" hai1="112,0,82,10,11,122,107,109,13,63,113,96,110" hai2="97,51,16,37,91,57,60,130,132,23,87,102,94" hai3="24,46,89,131,3,65,126,119,70,79,25,78,50"/><W35/><G119/><T75/><D75/><U77/><E63/><V127/><F37/><W74/><G131/><T71/><D71/><U103/><E122/><V5/><F130/><W1/><G126/><T54/><D111/><U20/><E20/><V14/><F127/><W121/><G121/><T12/><D45/><U81/><E81/><V53/><F132/><W8/><G8/><T41/><D41/><U115/><E11/><V61/><REACH who="2" step="1"/><F5/><REACH who="2" ten="495,166,135,194" step="2"/><W80/><G79/><T27/><D4/><U9/><E110/><V42/><F42/><W38/><G38/><T52/><D28/><U90/><E109/><V67/><F67/><W108/><G108/><T100/><D54/><U114/><E114/><V95/><AGARI ba="0,1" hai="14,16,23,51,53,57,60,61,87,91,94,95,97,102" machi="95" ten="20,12000,2" yaku="1,1,0,1,7,1,25,2,8,1,54,1,53,0" doraHai="33" doraHaiUra="2" who="2" fromWho="2" sc="495,-30,166,-30,135,130,194,-60" />
</Scene>
<Scene>
<INIT seed="4,0,0,4,5,132" ten="465,136,265,134" oya="0" hai0="100,93,64,77,3,35,21,73,22,24,57,6,133" hai1="7,59,33,97,29,128,125,52,20,11,61,119,109" hai2="88,112,4,58,117,49,41,2,90,123,47,131,0" hai3="42,26,113,60,79,31,134,106,72,38,25,114,16"/><T127/><D3/><U130/><E109/><V92/><F123/><W5/><G106/><T32/><D6/><U89/><E119/><V91/><F117/><W14/><G5/><T43/><D43/><U120/><E120/><V110/><F110/><W9/><G134/><T70/><D70/><U15/><E33/><V129/><F112/><N who="3" m="43115" /><G60/><N who="0" m="37903" /><D22/><U71/><E71/><V118/><F118/><W23/><G26/><T51/><D51/><U94/><E29/><V82/><F82/><N who="3" m="45415" /><G42/><T86/><D86/><U54/><E54/><V85/><F2/><W34/><G38/><T66/><D66/><U63/><E63/><V56/><F4/><W102/><G102/><T101/><D101/><U76/><E76/><V107/><F107/><W44/><G44/><T45/><D45/><U50/><E50/><V1/><F1/><W13/><G13/><T75/><D77/><U81/><E81/><V19/><F0/><W8/><AGARI ba="0,0" hai="8,9,14,16,23,25,31,34" m="45415,43115" machi="8" ten="30,2000,0" yaku="15,1,54,1" doraHai="132" who="3" fromWho="3" sc="465,-10,136,-5,265,-5,134,20" />
</Scene>
<Scene>
<INIT seed="5,0,0,3,4,62" ten="455,131,260,154" oya="1" hai0="123,71,121,18,24,17,42,106,7,0,83,44,74" hai1="118,102,65,45,55,82,61,76,108,15,98,77,12" hai2="103,135,47,50,5,25,33,119,52,51,73,28,124" hai3="13,8,43,20,128,122,116,56,36,19,57,63,29"/><U133/><E118/><V125/><F119/><W110/><G122/><N who="0" m="46603" /><D71/><U6/><E108/><V95/><F73/><W120/><G120/><T3/><D106/><U59/><E133/><V72/><F72/><W88/><G116/><T101/><D101/><U32/><E32/><V111/><F111/><W34/><G110/><T22/><D7/><U10/><E77/><V96/><F135/><W85/><G128/><T30/><D74/><U38/><E38/><V54/><REACH who="2" step="1"/><F5/><REACH who="2" ten="455,131,250,154" step="2"/><W67/><G34/><N who="0" m="20807" /><D83/><U132/><E132/><V68/><F68/><W64/><G36/><N who="0" m="21575" /><D18/><U131/><E131/><V41/><F41/><W81/><G43/><T35/><D35/><U40/><E40/><V109/><F109/><W94/><G29/><T48/><D48/><U84/><E45/><AGARI ba="0,1" hai="25,28,33,45,47,50,51,52,54,95,96,103,124,125" machi="45" ten="40,5200,0" yaku="1,1,9,1,54,1,53,0" doraHai="62" doraHaiUra="113" who="2" fromWho="1" sc="455,0,131,-52,250,62,154,0" />
</Scene>
<Scene>
<INIT seed="6,0,0,5,3,59" ten="455,79,312,154" oya="2" hai0="13,87,27,124,116,55,118,122,79,126,110,8,66" hai1="61,71,19,63,65,33,68,54,64,86,125,112,69" hai2="53,133,67,1,135,82,81,32,5,103,101,39,114" hai3="70,34,134,127,25,7,20,95,129,11,40,18,17"/><V73/><F32/><W6/><G70/><T57/><D110/><U10/><E33/><V3/><F39/><W22/><G40/><T113/><D122/><U58/><E86/><V105/><F67/><W84/><G134/><T120/><D120/><U130/><E19/><V117/><F117/><N who="0" m="45162" /><D113/><U88/><E88/><V102/><F114/><W21/><G129/><T85/><D66/><N who="1" m="25707" /><E10/><V99/><F5/><W92/><G127/><N who="0" m="48683" /><D27/><U104/><E104/><V51/><F105/><W46/><G46/><T49/><D79/><U62/><E125/><V93/><F73/><W41/><G41/><T96/><D96/><U119/><E112/><V121/><F121/><W80/><G34/><T123/><D123/><U128/><E119/><V74/><F74/><W100/><G22/><T76/><D76/><U47/><E47/><N who="2" m="27903" /><F1/><W60/><G60/><AGARI ba="0,0" hai="54,58,60,61,62,63,68,69,71,128,130" m="25707" machi="60" ten="40,12000,2" yaku="34,2,52,4" doraHai="59" who="1" fromWho="3" sc="455,0,79,120,312,0,154,-120" />
</Scene>
<Scene>
<INIT seed="7,0,0,0,2,38" ten="455,199,312,34" oya="3" hai0="109,12,42,6,77,104,128,98,73,105,83,133,80" hai1="135,39,54,21,65,74,33,37,28,121,87,95,30" hai2="1,0,79,118,123,35,91,15,126,17,115,8,43" hai3="86,16,124,127,108,56,9,34,52,5,13,94,131"/><W61/><G34/><T114/><D42/><U72/><E65/><V45/><F118/><W47/><G131/><T40/><D40/><U20/><E87/><V32/><F79/><W53/><G108/><T106/><D12/><U134/><E95/><V19/><F115/><W48/><G94/><T96/><D6/><U67/><E67/><V7/><F126/><W4/><G86/><T132/><D109/><U11/><E11/><V76/><F76/><W23/><REACH who="3" step="1"/><G5/><REACH who="3" ten="455,199,312,24" step="2"/><T55/><D128/><U41/><E33/><V31/><F35/><W113/><G113/><T92/><D114/><U59/><E121/><V82/><F123/><W68/><G68/><T51/><D83/><U22/><E74/><V44/><F82/><W24/><AGARI ba="0,1" hai="4,9,13,16,23,24,47,48,52,53,56,61,124,127" machi="24" ten="30,18000,2" yaku="1,1,0,1,54,2,53,2" doraHai="38" doraHaiUra="50" who="3" fromWho="3" sc="455,-60,199,-60,312,-60,24,190" />
</Scene>
<Scene>
<INIT seed="7,1,0,5,2,49" ten="395,139,252,214" oya="3" hai0="39,13,19,64,96,62,108,106,45,9,28,50,23" hai1="16,88,90,120,86,35,94,114,69,84,65,1,56" hai2="111,70,74,0,38,15,117,22,21,100,126,85,14" hai3="121,95,34,135,59,98,52,4,112,80,123,25,127"/><W61/><G112/><T77/><D108/><U53/><E120/><V89/><F74/><W113/><G113/><T91/><D39/><U97/><E114/><V125/><F0/><W7/><G135/><T41/><D77/><U18/><E1/><V11/><F38/><W75/><G127/><T73/><D73/><U2/><E2/><V101/><F111/><W42/><G42/><T48/><D48/><U57/><E35/><V81/><F70/><W27/><G123/><T131/><D131/><U87/><E69/><V110/><F110/><W132/><G121/><T133/><D133/><U55/><E65/><V78/><F78/><W12/><G132/><T128/><D128/><U118/><E118/><V122/><F122/><W68/><G68/><T8/><D28/><U44/><E44/><V72/><F72/><W58/><G34/><T79/><D79/><U103/><E103/><V10/><F117/><W46/><G46/><T40/><D40/><U26/><E26/><N who="3" m="9738" /><G80/><T109/><D109/><U71/><E71/><V29/><F29/><W105/><G75/><T99/><D106/><U119/><E119/><V76/><F76/><W47/><G105/><T124/><D124/><U129/><E129/><V17/><F126/><W104/><G104/><T134/><D134/><U83/><E83/><V130/><F130/><W6/><G47/><T82/><D82/><U51/><E90/><V116/><F116/><W43/><G43/><T66/><D91/><U67/><E67/><V3/><F125/><W33/><G33/><T93/><D64/><U107/><E107/><V60/><F81/><RYUUKYOKU ba="1,0" sc="395,-10,139,30,252,-10,214,-10" hai1="16,18,51,53,55,56,57,84,86,87,88,94,97" owari="385,49.0,169,-33.0,242,4.0,204,-20.0" />
</Scene>
</mjloggm>