<mjloggm ver="2.3"><GO type="169" lobby="0"/><UN n0="%E5%A4%AA%E3%81%8F%E3%81%AA%E3%81%84%E3%81%8A" n1="%EF%BC%A6%EF%BC%B8%E9%9B%80%E5%A3%AB" n2="%E6%A1%82%E3%83%92%E3%83%8A%E3%82%AE%E3%82%AF" n3="%E3%83%91%E3%83%94%E3%82%A3%E3%82%AA%52" dan="17,17,16,16" rate="2173,2157,2096,2062" sx="M,M,F,M"/><TAIKYOKU oya="0"/>

<Scene>
<INIT seed="0,0,0,0,3,109" ten="250,250,250,250" oya="0" hai0="85,43,45,20,13,53,19,57,97,84,56,73,40" hai1="105,75,74,101,81,124,87,14,64,99,69,94,10" hai2="83,66,77,1,24,102,0,116,28,38,96,15,30" hai3="34,113,114,61,127,51,65,92,16,119,49,3,44"/><T23/><D73/><U39/><E39/><V103/><F38/><W128/><G119/><T122/><D122/><U121/><E121/><V88/><F116/><W72/><G72/><T131/><D131/><U60/><E105/><V8/><F66/><W112/><G3/><T9/><D97/><U95/><E95/><V118/><F118/><W107/><G107/><T93/><D56/><U31/><E31/><V7/><F30/><W35/><G128/><T29/><D29/><U17/><E124/><V52/><F103/><W132/><G127/><T134/><D134/><U98/><E98/><V80/><F80/><W6/><G6/><T117/><D117/><U48/><E48/><V33/><F52/><W104/><G104/><T63/><D40/><U106/><E106/><V129/><F129/><W70/><G132/><T50/><REACH who="0" step="1"/><D93/><REACH who="0" ten="240,250,250,250" step="2"/><U110/><E74/><V67/><F28/><W58/><G92/><T78/><D78/><U18/><E75/><V41/><F77/><W37/><G37/><T108/><D108/><U111/><E111/><V120/><F41/><W130/><G130/><T25/><D25/><U4/><E110/><V71/><F24/><W91/><G91/><AGARI ba="0,1" hai="4,10,14,17,18,60,64,69,81,87,91,94,99,101" machi="91" ten="30,1000,0" yaku="7,1" doraHai="109" who="1" fromWho="3" sc="240,0,250,20,250,0,250,-10" />
</Scene>
<Scene>
<INIT seed="1,0,0,1,1,44" ten="240,270,250,240" oya="1" hai0="121,14,29,108,69,19,75,98,86,111,109,37,126" hai1="122,26,17,34,110,60,134,79,88,0,94,133,66" hai2="73,28,103,71,72,130,65,32,106,115,20,63,85" hai3="90,84,80,58,39,105,83,93,68,25,50,100,62"/><U41/><E122/><V18/><F115/><W3/><G39/><T91/><D37/><U51/><E0/><V47/><F130/><W113/><G113/><T92/><D75/><U1/><E1/><V124/><F124/><W61/><G68/><T114/><D114/><U82/><E110/><V99/><F85/><W77/><G3/><T49/><D69/><U57/><E34/><V15/><REACH who="2" step="1"/><F47/><REACH who="2" ten="240,270,240,240" step="2"/><W43/><G105/><T21/><D126/><U8/><E134/><V30/><F30/><W125/><G125/><T132/><D132/><U76/><E133/><V48/><F48/><W10/><G84/><T4/><D29/><U128/><E128/><V119/><F119/><W101/><G77/><T135/><D135/><U22/><E82/><V6/><F6/><W53/><G83/><N who="0" m="49631" /><D4/><U38/><E38/><V59/><F59/><W36/><G36/><T123/><D49/><U74/><E74/><V67/><F67/><W131/><G131/><T45/><D45/><N who="1" m="26031" /><E8/><V33/><F33/><W78/><G78/><T7/><D7/><U24/><E26/><AGARI ba="0,1" hai="15,18,20,26,28,32,63,65,71,72,73,99,103,106" machi="26" ten="40,8000,1" yaku="1,1,25,2,53,1" doraHai="44" doraHaiUra="11" who="2" fromWho="1" sc="240,0,270,-80,240,90,240,0" />
</Scene>
<Scene>
<INIT seed="2,0,0,5,4,129" ten="240,190,330,240" oya="2" hai0="107,134,111,17,72,11,119,89,113,31,46,84,38" hai1="35,13,83,3,108,22,76,16,41,86,14,116,56" hai2="10,61,7,1,59,118,12,57,99,110,58,74,90" hai3="68,91,121,30,69,25,9,104,24,115,100,132,120"/><V126/><F74/><W39/><G39/><T78/><D113/><U81/><E116/><V133/><F118/><W5/><G115/><T114/><D119/><U63/><E35/><V94/><F126/><W66/><G91/><T105/><D114/><U26/><E3/><V51/><F99/><W71/><G66/><T117/><D117/><U4/><E4/><V49/><F110/><W20/><G100/><T36/><D31/><U18/><E108/><V75/><F75/><W92/><G92/><T37/><D46/><U8/><E41/><V62/><F1/><W40/><G40/><T98/><D111/><U32/><E83/><V124/><F124/><W127/><G104/><T29/><D29/><U122/><E32/><V103/><F103/><W101/><G101/><T131/><D131/><U60/><E122/><V64/><F59/><W65/><G65/><T82/><D98/><U0/><E0/><V106/><F106/><W47/><G47/><T43/><D43/><U45/><E45/><V96/><F133/><W34/><G127/><T80/><D134/><U112/><E112/><V88/><F90/><W135/><G20/><T42/><D42/><U93/><E93/><V125/><F125/><W95/><G95/><T2/><D107/><U21/><REACH who="1" step="1"/><E56/><REACH who="1" ten="240,180,330,240" step="2"/><V85/><F96/><W130/><G121/><T19/><D105/><U70/><E70/><V54/><AGARI ba="0,1" hai="7,10,12,49,51,54,57,58,61,62,64,85,88,94" machi="54" ten="20,7800,0" yaku="0,1,7,1,8,1,54,1" doraHai="129" who="2" fromWho="2" sc="240,-26,180,-26,330,88,240,-26" />
</Scene>
<Scene>
<INIT seed="2,1,0,2,4,2" ten="214,154,418,214" oya="2" hai0="52,54,94,95,100,99,82,38,66,17,91,70,34" hai1="22,124,73,115,93,46,132,11,37,75,101,43,60" hai2="90,41,63,50,26,33,42,135,49,18,3,16,27" hai3="121,58,80,9,10,23,8,120,32,61,68,7,87"/><V130/><F3/><W79/><G32/><T126/><D38/><U133/><E115/><V78/><F33/><W109/><G68/><T86/><D34/><U44/><E22/><V96/><F135/><N who="1" m="51785" /><E60/><V108/><F130/><W125/><G125/><T131/><D126/><U14/><E124/><V21/><F78/><W67/><G109/><T74/><D131/><U122/><E122/><V119/><F119/><W59/><G23/><T110/><D110/><U35/><E35/><V55/><F108/><W1/><REACH who="3" step="1"/><G59/><REACH who="3" ten="214,154,418,204" step="2"/><T45/><D70/><U4/><E46/><N who="2" m="25807" /><F21/><W29/><G29/><T103/><D45/><U13/><E44/><N who="2" m="25879" /><F27/><W53/><G53/><T69/><D52/><U123/><E43/><V76/><F26/><W15/><G15/><T97/><D54/><U102/><E14/><V20/><F20/><W30/><G30/><T114/><D69/><U40/><E40/><V51/><F55/><W111/><G111/><T24/><D24/><U56/><E13/><V72/><F51/><W106/><G106/><T47/><D47/><U5/><E56/><V36/><F36/><W12/><G12/><T85/><D17/><U6/><E37/><V25/><F63/><W62/><G62/><T128/><D128/><U31/><E31/><V134/><F18/><W48/><G48/><T127/><D127/><U39/><E39/><V118/><F16/><W57/><G57/><T112/><D112/><U107/><E107/><V92/><F134/><W71/><G71/><T116/><D114/><U129/><E129/><V88/><F118/><W19/><G19/><T64/><D116/><RYUUKYOKU ba="1,1" sc="214,-10,154,-10,418,-10,204,30" hai3="1,7,8,9,10,58,61,67,79,80,87,120,121" />
</Scene>
<Scene>
<INIT seed="3,2,1,4,0,12" ten="204,144,408,234" oya="3" hai0="27,110,94,132,3,68,8,56,116,35,113,123,84" hai1="37,28,80,24,74,55,34,54,62,21,89,101,124" hai2="14,7,111,76,0,32,102,9,93,64,133,91,48" hai3="103,36,70,90,120,47,16,87,119,43,51,99,10"/><W135/><G119/><T11/><D68/><U66/><E37/><V57/><F32/><W29/><G120/><T52/><D116/><U30/><E124/><V92/><F133/><W58/><G135/><T88/><D132/><U49/><E101/><V109/><F76/><W2/><G70/><T65/><D123/><U31/><E74/><V59/><F102/><W13/><G29/><T86/><D65/><U42/><E34/><V81/><F81/><W108/><G108/><N who="2" m="41545" /><F93/><W98/><G2/><T83/><D110/><U107/><E107/><V115/><F115/><W20/><G10/><T15/><D113/><U5/><E5/><V22/><F48/><W77/><G77/><T95/><D3/><U117/><E80/><V18/><F64/><W69/><G69/><T33/><D27/><U45/><E89/><V126/><F126/><W122/><G122/><T96/><D94/><U53/><REACH who="1" step="1"/><E117/><REACH who="1" ten="204,134,408,234" step="2"/><V17/><F17/><W106/><G106/><T134/><D134/><U23/><E23/><V112/><F112/><W118/><G118/><T1/><D33/><U100/><E100/><V46/><F46/><W26/><G103/><T60/><D35/><U121/><E121/><V71/><F71/><AGARI ba="2,2" hai="21,24,28,30,31,42,45,49,53,54,55,62,66,71" machi="71" ten="40,1300,0" yaku="1,1,53,0" doraHai="12" doraHaiUra="125" who="1" fromWho="2" sc="204,0,134,39,408,-19,234,0" />
</Scene>
<Scene>
<INIT seed="4,0,0,1,2,69" ten="204,173,389,234" oya="0" hai0="24,102,73,39,133,94,45,97,2,104,32,135,6" hai1="34,5,128,113,40,131,33,117,95,50,110,122,101" hai2="112,23,111,51,134,84,38,0,36,114,22,115,109" hai3="12,85,108,9,127,7,16,116,90,80,74,66,43"/><T124/><D73/><U15/><E101/><V47/><F0/><W48/><G116/><T68/><D68/><U87/><E95/><V35/><F35/><N who="1" m="13321" /><E87/><V10/><F10/><W17/><G127/><T119/><D119/><U106/><E106/><V20/><F84/><W63/><G108/><N who="2" m="41545" /><F134/><N who="0" m="51210" /><D124/><U11/><E110/><V96/><F96/><W31/><G31/><N who="0" m="19559" /><D94/><U100/><E100/><V76/><F76/><W103/><G103/><T123/><D123/><U54/><E117/><V82/><F82/><W130/><G130/><N who="1" m="49706" /><E122/><V121/><F121/><W21/><G74/><T81/><D81/><U46/><E113/><V19/><F19/><W62/><G17/><T56/><D56/><U30/><E30/><V53/><AGARI ba="0,0" hai="20,22,23,36,38,47,51,53,112,114,115" m="41545" machi="53" ten="40,5200,0" yaku="15,1,52,2" doraHai="69" who="2" fromWho="2" sc="204,-26,173,-13,389,52,234,-13" />
</Scene>
<Scene>
<INIT seed="5,0,0,4,2,109" ten="178,160,441,221" oya="1" hai0="61,59,79,92,63,123,83,34,131,72,80,107,69" hai1="122,98,84,112,130,119,67,12,113,17,125,115,71" hai2="11,36,102,100,110,62,8,29,45,121,99,134,73" hai3="15,49,5,77,108,21,114,127,43,48,132,129,91"/><U32/><E32/><V1/><F73/><W14/><G108/><T96/><D34/><U118/><E122/><V111/><F121/><W35/><G35/><T66/><D123/><U101/><E130/><V75/><F75/><W0/><G0/><T44/><D131/><U87/><E125/><V76/><F76/><W2/><G2/><T68/><D107/><N who="1" m="63927" /><E67/><V124/><F124/><W120/><G77/><T13/><D80/><U54/><E54/><V74/><F74/><W25/><G120/><T10/><D44/><U60/><E60/><V85/><F85/><N who="1" m="32841" /><E71/><V106/><F1/><W135/><G127/><T55/><D55/><U86/><N who="1" m="32849" /><U51/><DORA hai="46" /><E51/><V58/><F58/><W116/><G129/><T57/><D57/><U94/><E94/><V81/><F36/><W27/><G43/><T78/><D63/><U52/><E52/><V95/><F62/><W20/><G5/><T128/><D128/><U70/><E70/><V50/><F50/><W16/><G16/><T24/><D68/><U105/><E105/><V18/><F18/><W103/><G27/><T39/><D24/><U89/><E89/><V97/><F106/><W38/><G25/><T26/><D26/><U28/><E28/><V42/><F29/><W56/><G91/><N who="0" m="55327" /><D69/><U41/><E41/><V4/><F42/><W37/><G56/><T47/><D79/><U33/><E33/><V22/><F4/><W31/><G31/><T30/><D30/><U53/><E53/><V65/><F65/><W104/><G104/><T117/><D66/><U6/><E6/><V23/><F95/><RYUUKYOKU ba="0,0" sc="178,-10,160,30,441,-10,221,-10" hai1="12,17,112,113,115,118,119" />
</Scene>
<Scene>
<INIT seed="5,1,0,0,5,1" ten="168,190,431,211" oya="1" hai0="5,98,132,54,52,13,123,65,111,66,44,42,19" hai1="4,84,118,32,89,131,27,35,68,0,114,102,99" hai2="87,63,56,115,39,101,23,96,125,40,57,74,47" hai3="134,16,7,100,31,124,76,71,18,22,112,46,105"/><U29/><E114/><V78/><F74/><W17/><G71/><T113/><D111/><U41/><E68/><V95/><F115/><W45/><G112/><T10/><D113/><U24/><E118/><V58/><F125/><W86/><G124/><T94/><D132/><U36/><E131/><V11/><F23/><W97/><G134/><T14/><D123/><U80/><E41/><V121/><F121/><W62/><G62/><T110/><D110/><U30/><E36/><V88/><F78/><W51/><G31/><T55/><D42/><U53/><E53/><V20/><F11/><W122/><G122/><T129/><D44/><U15/><E0/><V117/><F20/><W128/><G128/><T103/><D129/><U127/><E127/><V49/><F39/><W6/><G22/><AGARI ba="1,0" hai="5,10,13,14,19,22,52,54,55,65,66,94,98,103" machi="22" ten="40,5200,0" yaku="8,1,52,1,54,1" doraHai="1" who="0" fromWho="3" sc="168,55,190,0,431,0,211,-55" />
</Scene>
<Scene>
<INIT seed="6,0,0,4,2,98" ten="223,190,431,156" oya="2" hai0="16,80,13,129,103,88,31,130,71,63,37,90,10" hai1="118,64,69,134,70,79,14,36,87,0,73,99,25" hai2="108,56,132,105,45,133,30,60,117,40,95,78,128" hai3="7,127,6,27,35,65,111,41,11,112,53,18,100"/><V83/><F117/><W15/><G111/><T97/><D37/><U34/><E0/><V49/><F105/><W57/><G65/><N who="0" m="41407" /><D80/><U76/><E36/><V22/><F108/><W58/><G127/><T54/><D54/><U84/><E73/><V77/><F128/><N who="0" m="49258" /><D31/><U55/><E55/><V44/><F44/><W3/><G41/><T89/><D89/><U113/><E64/><V72/><F78/><W104/><G112/><T106/><AGARI ba="0,0" hai="10,13,16,88,90,97,103,106" m="49258,41407" machi="106" ten="30,7900,0" yaku="19,1,52,1,54,2" doraHai="98" who="0" fromWho="0" sc="223,79,190,-20,431,-39,156,-20" />
</Scene>
<Scene>
<INIT seed="7,0,0,5,0,134" ten="302,170,392,136" oya="3" hai0="69,60,8,14,16,87,81,35,75,18,92,113,131" hai1="45,126,89,86,51,112,43,79,65,31,97,39,30" hai2="26,77,62,41,130,124,44,90,117,118,78,110,46" hai3="94,25,0,38,34,15,20,133,33,107,2,6,74"/><W70/><G107/><T132/><D35/><U67/><E112/><V10/><F110/><W111/><G38/><T56/><D132/><U104/><E39/><V21/><F130/><W47/><G74/><T106/><D106/><U127/><E79/><V66/><F10/><N who="3" m="4567" /><G70/><T91/><D131/><U115/><E115/><V63/><F66/><N who="1" m="25097" /><E97/><V50/><F50/><W61/><G133/><T109/><D113/><U24/><E24/><V48/><F48/><W19/><G61/><T53/><D109/><U100/><E100/><V98/><F98/><W121/><G47/><T96/><D69/><U37/><E37/><V108/><F108/><W64/><G94/><T80/><D80/><N who="1" m="49351" /><E104/><V120/><F44/><W83/><G83/><T99/><D75/><U88/><E88/><V103/><F46/><W101/><G101/><T73/><D73/><U93/><E93/><V9/><F103/><W85/><G85/><T55/><D99/><U95/><E95/><V58/><F63/><W128/><G64/><T40/><D40/><U3/><E3/><N who="3" m="1066" /><G111/><T52/><REACH who="0" step="1"/><D18/><REACH who="0" ten="292,170,392,136" step="2"/><U12/><E43/><V49/><F117/><W13/><G128/><T7/><D7/><U4/><E4/><V42/><F41/><W57/><G57/><T54/><D54/><U23/><E45/><V27/><F58/><W125/><G121/><T82/><D82/><U5/><E5/><V76/><F120/><W11/><G125/><T105/><D105/><U28/><E126/><V1/><F124/><W68/><G68/><T122/><D122/><U129/><E127/><V119/><F118/><W22/><G34/><RYUUKYOKU ba="0,1" sc="292,15,170,-15,392,-15,136,15" hai0="8,14,16,52,53,55,56,60,81,87,91,92,96" hai3="11,13,19,20,22,25,33" />
</Scene>
<Scene>
<INIT seed="7,1,1,0,2,99" ten="307,155,377,151" oya="3" hai0="32,37,116,9,1,56,67,4,128,118,36,57,8" hai1="6,97,88,83,95,53,27,11,102,54,62,16,38" hai2="72,125,10,129,65,64,3,84,108,132,2,124,66" hai3="21,75,40,43,12,119,50,55,122,107,31,14,89"/><W96/><G119/><T103/><D32/><U18/><E38/><V80/><F72/><W121/><G75/><T15/><D128/><U126/><E126/><N who="2" m="48747" /><F129/><W105/><G122/><T79/><D79/><U92/><E83/><V110/><F132/><W25/><G121/><T85/><D85/><N who="1" m="52239" /><E62/><V20/><F20/><W135/><G135/><T51/><D67/><U101/><E101/><V115/><F115/><W82/><G107/><T48/><D15/><N who="3" m="5673" /><G105/><T127/><D127/><U23/><E6/><N who="2" m="1367" /><F3/><W112/><G112/><T33/><D1/><U0/><E0/><V78/><AGARI ba="1,1" hai="64,65,66,78,80,84,108,110" m="1367,48747" machi="78" ten="30,1100,0" yaku="18,1" doraHai="99" who="2" fromWho="2" sc="307,-4,155,-4,377,24,151,-6" owari="303,10.0,151,-25.0,401,50.0,145,-35.0" />
</Scene>
</mjloggm>