<mjloggm ver="2.3"><GO type="97"/><UN n0="%E5%A4%AA%E3%81%8F%E3%81%AA%E3%81%84%E3%81%8A" n1="%72%70%73%74%74%38%39%32" n2="%E8%A5%BF%E4%B9%8B%E5%9C%92%E8%90%8C%E7%B5%B5%2E" n3="%E3%83%8F%E3%83%A0%E3%81%A8%E3%83%AC%E3%82%BF%E3%82%B9" dan="14,14,13,13" rate="2033,1911,1945,1876" sx="M,M,F,M"/><TAIKYOKU oya="0"/>

<Scene>
<INIT seed="0,0,0,5,3,100" ten="250,250,250,250" oya="0" hai0="98,105,85,63,83,103,88,5,99,14,89,35,112" hai1="47,0,62,104,73,26,45,91,25,52,24,75,79" hai2="68,7,19,48,122,125,23,4,81,76,65,22,53" hai3="17,10,109,114,67,41,78,129,95,6,44,131,57"/><T124/><D112/><U71/><E0/><V121/><F125/><W40/><G114/><T58/><D35/><U18/><E79/><V106/><F106/><W86/><G109/><T108/><D124/><U3/><E3/><V70/><F70/><W101/><G17/><T28/><D28/><U74/><E71/><V20/><F19/><W127/><G127/><T56/><D108/><U77/><E77/><V134/><F134/><W50/><G101/><T126/><D126/><U84/><E104/><V32/><F32/><W1/><G95/><T135/><D135/><U94/><REACH who="1" step="1"/><E18/><REACH who="1" ten="250,240,250,250" step="2"/><V87/><F68/><W107/><G107/><T69/><D69/><U39/><E39/><V133/><F133/><W54/><G78/><T132/><D132/><U27/><N who="1" m="6656" /><DORA hai="15" /><U110/><E110/><V55/><F121/><W34/><G131/><T130/><D130/><U96/><E96/><V36/><F122/><W60/><G129/><T61/><D99/><U117/><E117/><V11/><F36/><W31/><REACH who="3" step="1"/><G86/><REACH who="3" ten="250,240,250,240" step="2"/><T66/><D85/><U8/><E8/><V115/><F87/><W102/><G102/><T64/><D83/><U2/><E2/><V37/><F81/><W16/><G16/><T80/><D80/><U120/><E120/><V92/><F76/><W12/><G12/><T21/><D21/><U33/><E33/><V97/><F22/><W13/><G13/><T30/><D14/><U46/><E46/><V82/><F20/><W90/><G90/><T113/><D89/><U59/><AGARI ba="0,2" hai="45,47,52,59,62,73,74,75,84,91,94" m="6656" machi="59" ten="50,12000,2" yaku="1,1,0,1,54,1,53,4" doraHai="100,15" doraHaiUra="43,42" who="1" fromWho="1" sc="250,-60,240,140,250,-30,240,-30" />
</Scene>
<Scene>
<INIT seed="1,0,0,2,2,25" ten="190,380,220,210" oya="1" hai0="29,56,58,113,77,21,131,80,34,16,112,127,38" hai1="50,76,84,12,1,88,69,17,35,98,103,45,132" hai2="129,93,128,63,9,120,0,14,66,123,130,24,117" hai3="85,89,124,22,82,83,33,87,67,90,125,133,44"/><U99/><E69/><V126/><F93/><W111/><G33/><T97/><D38/><U51/><E1/><V73/><F73/><W19/><G67/><T71/><D71/><U28/><E132/><V119/><F66/><W15/><G44/><T53/><D127/><U27/><E76/><V18/><F63/><W2/><G111/><T135/><D135/><U115/><E115/><V108/><F126/><N who="3" m="48747" /><G133/><T55/><D131/><U43/><E51/><V59/><F59/><W92/><G2/><T4/><D4/><U100/><E103/><V118/><F108/><W64/><G64/><T116/><D116/><U41/><E41/><V75/><F75/><W110/><G110/><T10/><D34/><U3/><E100/><V121/><F0/><W86/><G86/><T11/><D58/><U39/><E3/><V61/><F61/><W78/><G92/><T7/><D56/><U105/><E39/><V96/><F96/><W70/><G70/><T81/><D97/><U94/><E105/><V13/><F13/><W37/><G37/><T8/><D112/><U49/><E49/><V134/><F134/><W72/><G72/><T6/><D113/><U30/><E28/><V31/><F24/><W101/><G101/><T32/><D32/><U74/><E74/><V106/><F106/><W54/><G54/><T48/><D53/><U52/><E43/><V102/><F102/><W60/><G60/><T20/><D55/><U57/><E57/><V79/><F79/><AGARI ba="0,0" hai="15,19,22,78,79,82,83,85,87,89,90" m="48747" machi="79" ten="30,1000,0" yaku="18,1" doraHai="25" who="3" fromWho="2" sc="190,0,380,0,220,-10,210,10" />
</Scene>
<Scene>
<INIT seed="2,0,0,0,3,124" ten="190,380,210,220" oya="2" hai0="78,26,14,70,95,58,94,25,21,33,129,108,75" hai1="10,46,67,37,8,66,104,81,23,5,82,101,4" hai2="38,84,29,39,110,77,49,99,91,31,105,125,41" hai3="126,36,88,106,114,128,45,64,116,109,17,98,103"/><V48/><F125/><W107/><G116/><T62/><D70/><U32/><E32/><V102/><F77/><W22/><G126/><T87/><D108/><U90/><E104/><V130/><F130/><W40/><G109/><T71/><D71/><U11/><E101/><V60/><F110/><W44/><G128/><T19/><D129/><U61/><E23/><V18/><F39/><W3/><G3/><T51/><D51/><U27/><E27/><N who="0" m="10249" /><D75/><U72/><E72/><V113/><F113/><W57/><G45/><T28/><D28/><U59/><E67/><V7/><F7/><W9/><G9/><T56/><D33/><U24/><E24/><V42/><F60/><W89/><G114/><T96/><D62/><U68/><E68/><V76/><F76/><W112/><G107/><T50/><D50/><U47/><E37/><V30/><F18/><W34/><G34/><T92/><D96/><U135/><E135/><V15/><F15/><W2/><G2/><T55/><D55/><U134/><E134/><V118/><F118/><W97/><G97/><T115/><D115/><U132/><E132/><V111/><F111/><W1/><G1/><T52/><D52/><U83/><E90/><V65/><F65/><W12/><G112/><T117/><D117/><U54/><E54/><V86/><F86/><W122/><G64/><T131/><D131/><U74/><E74/><V85/><F85/><W119/><G119/><T69/><D69/><U123/><E123/><V73/><F73/><W53/><G122/><T43/><D43/><N who="2" m="16394" /><F38/><W127/><G127/><T63/><D63/><AGARI ba="0,0" hai="12,17,22,36,40,44,53,57,63,88,89,98,103,106" machi="63" ten="30,3900,0" yaku="6,1,7,1,54,1" doraHai="124" who="3" fromWho="0" sc="190,-39,380,0,210,0,220,39" />
</Scene>
<Scene>
<INIT seed="3,0,0,3,1,60" ten="151,380,210,259" oya="3" hai0="130,46,11,17,49,101,92,35,45,4,75,98,111" hai1="56,81,14,23,77,122,9,89,31,38,123,86,62" hai2="68,103,87,104,7,95,1,71,33,40,59,19,16" hai3="117,120,53,44,12,13,119,115,110,105,93,42,134"/><W83/><G105/><T100/><D111/><U85/><E38/><V113/><F113/><W52/><G120/><T102/><D130/><U112/><E112/><V54/><F104/><W133/><G115/><T65/><D75/><U127/><E127/><V126/><F126/><W79/><G110/><T57/><D35/><U2/><E2/><V88/><F33/><W97/><G117/><T76/><D76/><U8/><E8/><V29/><F29/><W132/><G119/><T61/><D17/><U58/><E58/><V55/><F40/><W131/><G131/><T28/><D28/><U20/><E123/><V0/><F0/><W74/><G13/><T5/><D46/><U78/><E31/><V37/><F37/><W3/><G12/><T128/><D128/><U118/><E118/><V73/><F73/><W124/><G3/><T39/><D39/><U21/><E86/><V135/><F135/><W114/><G114/><T109/><D109/><U80/><E80/><V32/><F32/><W66/><G66/><T15/><REACH who="0" step="1"/><D5/><REACH who="0" ten="141,380,210,259" step="2"/><N who="1" m="3375" /><E122/><V10/><F7/><W108/><G124/><T70/><D70/><U41/><E41/><AGARI ba="0,1" hai="4,11,15,41,45,49,57,61,65,92,98,100,101,102" machi="41" ten="30,8000,1" yaku="1,1,7,1,8,1,52,1,53,1" doraHai="60" doraHaiUra="47" who="0" fromWho="1" sc="141,90,380,-80,210,0,259,0" owari="231,-17.0,300,40.0,210,-29.0,259,6.0" />
</Scene>
</mjloggm>