<mjloggm ver="2.3"><GO type="97"/><UN n0="%68%6F%6F%73%61" n1="%E5%A4%AA%E3%81%8F%E3%81%AA%E3%81%84%E3%81%8A" n2="%73%68%61%6F" n3="%70%6F%6F%63%68%61%6E%68" dan="13,14,14,14" rate="1852,2032,1879,1940" sx="M,M,M,M"/><TAIKYOKU oya="0"/>

<Scene>
<INIT seed="0,0,0,2,0,64" ten="250,250,250,250" oya="0" hai0="47,43,19,85,34,62,49,14,40,29,89,101,125" hai1="21,121,102,59,71,6,94,72,116,91,123,60,108" hai2="17,124,78,87,8,82,52,13,83,92,133,100,0" hai3="128,105,23,33,45,1,67,127,22,110,88,119,66"/><T57/><D57/><U27/><BYE who="0" /><E72/><V93/><F0/><W96/><G119/><UN n0="%68%6F%6F%73%61" /><T46/><D125/><U77/><E116/><V120/><F124/><W74/><G127/><T106/><D62/><U16/><E108/><V2/><F2/><W114/><G114/><T132/><D132/><U20/><E77/><V111/><F111/><W12/><G110/><T118/><D118/><U104/><E6/><V109/><F109/><W31/><G1/><T42/><D106/><U65/><E104/><V99/><F133/><W18/><G74/><T75/><D75/><U95/><E59/><V98/><F120/><W134/><G134/><T84/><D101/><U35/><E35/><V26/><F26/><N who="3" m="16855" /><G105/><T48/><D34/><U41/><E41/><V135/><F83/><W3/><G3/><T28/><D89/><U56/><E56/><V53/><REACH who="2" step="1"/><F135/><REACH who="2" ten="250,250,240,250" step="2"/><W4/><G33/><T9/><REACH who="0" step="1"/><D40/><REACH who="0" ten="240,250,240,250" step="2"/><U79/><E121/><V130/><F130/><W51/><G128/><T81/><D81/><U117/><E123/><V7/><F7/><W90/><G4/><T73/><D73/><U32/><E117/><V44/><F44/><W38/><G38/><T55/><D55/><U112/><E112/><V122/><F122/><W69/><G96/><T36/><D36/><U5/><E5/><V37/><F37/><W63/><G67/><T113/><D113/><U39/><E65/><V61/><F61/><W58/><G45/><T25/><D25/><U126/><E27/><V86/><F86/><AGARI ba="0,2" hai="9,14,19,28,29,42,43,46,47,48,49,84,85,86" machi="86" ten="40,7700,0" yaku="1,1,9,1,8,1,53,0" doraHai="64" doraHaiUra="68" who="0" fromWho="2" sc="240,97,250,0,240,-77,250,0" />
</Scene>
<Scene>
<INIT seed="0,1,0,4,1,107" ten="337,250,163,250" oya="0" hai0="43,82,104,75,91,65,125,31,53,26,28,90,64" hai1="66,22,127,112,33,6,116,29,5,74,80,77,35" hai2="123,14,133,100,44,106,2,131,7,17,36,129,1" hai3="98,135,24,119,32,73,3,57,95,41,9,122,84"/><T124/><D104/><U11/><E116/><V113/><F113/><W40/><G119/><T58/><D43/><U21/><E66/><V78/><F123/><W48/><G122/><T118/><D118/><U114/><E127/><N who="0" m="48713" /><D31/><U86/><E86/><V50/><F133/><W51/><G135/><T120/><D120/><U38/><E38/><V62/><F62/><W56/><G32/><N who="1" m="12362" /><E29/><V45/><F100/><W46/><G24/><T87/><D91/><U121/><E121/><V27/><F106/><W130/><G130/><T71/><D75/><U117/><E117/><V88/><F78/><W76/><G73/><T55/><D71/><U83/><E83/><V68/><F68/><W111/><G111/><T128/><D128/><U52/><E52/><N who="0" m="20041" /><D58/><U39/><E39/><V20/><F36/><W67/><G67/><T12/><D12/><N who="1" m="5231" /><E6/><V23/><F7/><W61/><G61/><T115/><D115/><AGARI ba="1,0" hai="21,22,74,77,80,112,114,115" m="5231,12362" machi="115" ten="30,2000,0" yaku="11,1,52,1" doraHai="107" who="1" fromWho="0" sc="337,-23,250,23,163,0,250,0" />
</Scene>
<Scene>
<INIT seed="1,0,0,1,5,23" ten="314,273,163,250" oya="1" hai0="43,22,14,42,131,121,80,63,93,81,64,45,0" hai1="41,133,130,13,109,86,134,26,30,44,12,68,6" hai2="9,107,95,57,76,103,127,78,112,32,33,135,3" hai3="25,37,34,101,117,31,98,126,113,84,71,62,53"/><U67/><E130/><V129/><F107/><N who="3" m="63927" /><G113/><T108/><D0/><U69/><E86/><V29/><F112/><W88/><G117/><T87/><D131/><U124/><E124/><V2/><F129/><W4/><G126/><T51/><D121/><U106/><E106/><V79/><F127/><W16/><G37/><T85/><D108/><U59/><E59/><V49/><F33/><W83/><G4/><T104/><D104/><U91/><E91/><V21/><F32/><W5/><G5/><T36/><D36/><N who="1" m="21543" /><E109/><V28/><F9/><W60/><G60/><T20/><D42/><U66/><E66/><V15/><F15/><N who="1" m="5705" /><E67/><V125/><F125/><W114/><G53/><T128/><D128/><U132/><E6/><V120/><F120/><W92/><G114/><T52/><D43/><U24/><E30/><V7/><F7/><W54/><G54/><T105/><D105/><U110/><E110/><V40/><F29/><W1/><G1/><T65/><D65/><U19/><E19/><V94/><F40/><W18/><G83/><T27/><D22/><U38/><E38/><V99/><F3/><W119/><G119/><T50/><D50/><U56/><E56/><V122/><F2/><W46/><G46/><T115/><D115/><U8/><E8/><V73/><F122/><W47/><G47/><T82/><D93/><U55/><E55/><V48/><F95/><W58/><G58/><N who="0" m="36983" /><D14/><U118/><E118/><V72/><F57/><W39/><G39/><T111/><D111/><U70/><AGARI ba="0,0" hai="24,26,68,69,70,132,133,134" m="5705,21543" machi="70" ten="40,7800,0" yaku="20,1,52,2" doraHai="23" who="1" fromWho="1" sc="314,-26,273,78,163,-26,250,-26" />
</Scene>
<Scene>
<INIT seed="1,1,0,3,1,97" ten="288,351,137,224" oya="1" hai0="77,111,81,114,43,87,34,119,88,106,45,73,37" hai1="53,40,47,86,0,3,99,121,127,107,56,5,132" hai2="10,61,101,25,23,51,89,129,33,100,120,9,35" hai3="42,79,124,58,75,65,13,63,44,22,115,133,67"/><U55/><E121/><V52/><F120/><W84/><G115/><T85/><D119/><U11/><E127/><V82/><F61/><W60/><G75/><T39/><D114/><U112/><E112/><V80/><F129/><W64/><G124/><T108/><D34/><U126/><E126/><V32/><F32/><W28/><G133/><T18/><D106/><U24/><E132/><V59/><F33/><W93/><G63/><T54/><D54/><U21/><E86/><N who="2" m="50375" /><F35/><W36/><G79/><T118/><D118/><U116/><E116/><V16/><F82/><W68/><G68/><T123/><D123/><U66/><E3/><V26/><F26/><W128/><G128/><T46/><D18/><U31/><E66/><V78/><F78/><W30/><G30/><T20/><D20/><U70/><E70/><V38/><F38/><W130/><G130/><T72/><D72/><U1/><E1/><V19/><F9/><W14/><G14/><AGARI ba="1,0" hai="10,14,16,19,23,25,51,52,59,100,101" m="50375" machi="14" ten="30,8000,1" yaku="8,1,52,2,54,2" doraHai="97" who="2" fromWho="3" sc="288,0,351,0,137,83,224,-83" />
</Scene>
<Scene>
<INIT seed="2,0,0,1,0,63" ten="288,351,220,141" oya="2" hai0="111,135,121,17,18,132,53,108,42,5,4,36,39" hai1="95,75,43,83,70,58,62,56,71,16,37,124,90" hai2="13,120,35,25,66,10,88,59,60,106,23,6,128" hai3="3,79,96,84,129,87,133,102,91,32,48,61,113"/><V104/><F120/><W76/><G3/><T65/><D53/><U98/><E124/><V15/><F128/><W126/><G32/><T46/><D121/><U118/><E118/><V9/><F35/><W12/><G12/><T97/><D97/><U54/><E37/><N who="0" m="14409" /><D42/><U112/><E112/><V51/><F51/><W2/><G2/><T123/><D123/><U99/><E43/><V80/><F80/><N who="3" m="49543" /><G48/><T55/><D55/><U19/><E58/><V57/><F57/><W127/><G61/><T110/><D46/><U34/><E34/><V74/><F74/><W94/><G113/><T31/><D31/><U24/><E99/><V73/><F73/><W27/><G27/><T47/><D47/><U105/><E105/><V115/><F115/><W7/><G7/><N who="0" m="2635" /><D65/><U45/><E45/><V38/><F38/><W130/><G133/><AGARI ba="0,0" hai="17,18,108,110,111,132,133,135" m="2635,14409" machi="133" ten="40,8000,1" yaku="28,2,14,1,20,1" doraHai="63" who="0" fromWho="3" sc="288,80,351,0,220,0,141,-80" />
</Scene>
<Scene>
<INIT seed="3,0,0,0,2,80" ten="368,351,220,61" oya="3" hai0="49,104,6,28,134,91,14,47,56,16,13,36,70" hai1="59,39,15,76,17,125,55,35,7,114,48,112,88" hai2="98,100,37,20,84,118,109,119,11,53,113,105,106" hai3="41,75,18,96,87,121,107,9,85,135,23,52,42"/><W101/><G121/><T45/><D104/><U90/><E39/><V131/><F37/><W77/><G135/><T126/><D70/><U3/><E35/><V34/><F113/><W24/><G9/><N who="0" m="4279" /><D36/><U111/><E76/><V19/><F34/><W58/><G75/><T54/><D134/><U97/><E125/><V30/><F30/><W25/><G25/><T79/><D126/><U60/><E111/><V10/><F109/><W71/><G71/><T129/><D129/><U61/><E114/><V31/><F106/><W43/><REACH who="3" step="1"/><G77/><REACH who="3" ten="368,351,220,51" step="2"/><T1/><D79/><U4/><E112/><V29/><F131/><W103/><G103/><T26/><D26/><U44/><E3/><V132/><F132/><W68/><G68/><T127/><D127/><U38/><E38/><V115/><F115/><W57/><G57/><T123/><D123/><U120/><E120/><V64/><F100/><W74/><G74/><T93/><D1/><U72/><E72/><V128/><F128/><W65/><G65/><T73/><D73/><U108/><E108/><V83/><F64/><W102/><G102/><T12/><D56/><U66/><E61/><AGARI ba="0,1" hai="18,23,24,41,42,43,52,58,61,85,87,96,101,107" machi="61" ten="40,12000,1" yaku="1,1,52,2,54,1,53,0" doraHai="80" doraHaiUra="69" who="3" fromWho="1" sc="368,0,351,-120,220,0,51,130" />
</Scene>
<Scene>
<INIT seed="3,1,0,5,5,93" ten="368,231,220,181" oya="3" hai0="9,70,2,99,29,124,133,54,8,0,25,82,41" hai1="83,40,15,75,39,86,118,71,115,36,50,134,53" hai2="28,60,100,18,38,24,95,26,85,23,87,10,65" hai3="131,94,126,127,4,68,73,49,13,78,91,114,72"/><W30/><G68/><T132/><D70/><U32/><E115/><V35/><F38/><W14/><G114/><T47/><D124/><N who="3" m="47657" /><G30/><T112/><D99/><U58/><E71/><V52/><F52/><W12/><G131/><T11/><D112/><U1/><E1/><V125/><F125/><W31/><G4/><T122/><D122/><U77/><E32/><V74/><F74/><N who="3" m="28779" /><G31/><T101/><D101/><U69/><E69/><V129/><F129/><W103/><G78/><T61/><D82/><U37/><E134/><N who="0" m="51817" /><D61/><U34/><E34/><V104/><F95/><W120/><G120/><T84/><D84/><U111/><E86/><V79/><F79/><W108/><G108/><T64/><D64/><U105/><E111/><V20/><F65/><W89/><G49/><N who="0" m="26863" /><D54/><U81/><E53/><V62/><F28/><W51/><G51/><T107/><D107/><U19/><E105/><V22/><F104/><W17/><G17/><T42/><D42/><U67/><E40/><V98/><F60/><W76/><G76/><T45/><D45/><U21/><E50/><V6/><F62/><W92/><G103/><T44/><D44/><U121/><E121/><V123/><F123/><W128/><G128/><T5/><D5/><U55/><E77/><V90/><F100/><W16/><G16/><T57/><D57/><U43/><E58/><V113/><F113/><W63/><G63/><T59/><D59/><U80/><E75/><V3/><F18/><W27/><G27/><T135/><D135/><U33/><E19/><V106/><F24/><W109/><G109/><T117/><D117/><RYUUKYOKU ba="1,0" sc="368,15,231,-15,220,-15,181,15" hai0="0,2,8,9,11,25,29" hai3="12,13,14,89,91,92,94" />
</Scene>
<Scene>
<INIT seed="3,2,0,4,3,39" ten="383,216,205,196" oya="3" hai0="30,132,15,65,111,21,27,69,117,79,26,135,0" hai1="33,4,29,134,12,100,45,89,96,107,70,49,86" hai2="52,122,61,63,66,99,2,101,78,31,131,76,110" hai3="97,119,40,109,32,3,75,80,22,105,25,92,41"/><W121/><G121/><T43/><D117/><U46/><E134/><N who="0" m="51241" /><D0/><U112/><E112/><V133/><F2/><W74/><G119/><T114/><D111/><U94/><E70/><V47/><F133/><W37/><G37/><T57/><D114/><U23/><E33/><V130/><F110/><W38/><G38/><T71/><D79/><U16/><E29/><V54/><F31/><W90/><G109/><T48/><D15/><U126/><E126/><V68/><F122/><W51/><G32/><N who="0" m="20567" /><D65/><U106/><E4/><V8/><F8/><W103/><G3/><T84/><D84/><U60/><E86/><V113/><F113/><W10/><G10/><T67/><D67/><U58/><E12/><V7/><F7/><W6/><G6/><T24/><D24/><U128/><E23/><V36/><F36/><W62/><G62/><T72/><D72/><U118/><E60/><V18/><F63/><W17/><G51/><T11/><D11/><U50/><E50/><N who="2" m="28767" /><F54/><W1/><G1/><T77/><D77/><U28/><E118/><V59/><F18/><W123/><G123/><T91/><D91/><U9/><E89/><V14/><F14/><W82/><G75/><T87/><D87/><U108/><E16/><V34/><F34/><W5/><G5/><T56/><D56/><U83/><E58/><V102/><F59/><W124/><G124/><T93/><D57/><U20/><E9/><V125/><F125/><W127/><G127/><T64/><D71/><U42/><E108/><V129/><F102/><W13/><G13/><T85/><D69/><U55/><E100/><RYUUKYOKU ba="2,0" sc="383,-10,216,-10,205,30,196,-10" hai2="61,66,68,76,78,99,101,129,130,131" owari="373,46.0,206,-19.0,235,4.0,186,-31.0" />
</Scene>
</mjloggm>