<mjloggm ver="2.3"><GO type="169"/><UN n0="%E3%81%AE%E3%81%A9%E3%81%A3%E3%81%A1%2E" n1="%E3%82%82%E3%81%A3%E3%81%97%E3%83%BC" n2="%E9%BA%BB%E9%9B%80%E6%88%A6%E5%A3%AB%E2%98%86%E3%81%AA%E3%81%AE%E3%81%AF" n3="%E5%A4%AA%E3%81%8F%E3%81%AA%E3%81%84%E3%81%8A" dan="18,16,16,18" rate="2296,2133,2118,2212" sx="F,M,F,M"/><TAIKYOKU oya="0"/>

<Scene>
<INIT seed="0,0,0,1,3,130" ten="250,250,250,250" oya="0" hai0="43,116,71,7,105,95,60,115,11,100,86,6,121" hai1="73,46,23,13,75,12,68,104,134,30,110,40,5" hai2="72,119,111,106,16,58,87,93,65,3,97,18,4" hai3="88,135,128,91,66,89,17,59,82,126,57,0,50"/><T10/><D121/><U52/><E68/><V70/><F72/><W77/><G0/><T39/><D116/><U36/><E104/><V54/><F119/><W61/><G128/><T108/><D115/><U129/><E129/><V35/><F35/><W33/><G33/><T47/><D105/><U90/><E110/><V123/><F111/><W14/><G126/><T94/><D108/><U45/><E90/><V26/><F106/><W107/><G107/><T51/><D39/><U53/><E30/><V56/><F70/><W42/><G135/><T41/><D41/><U31/><E31/><V78/><F4/><W34/><G34/><T2/><D86/><U92/><E92/><V49/><F3/><W20/><G42/><T19/><D19/><U64/><E40/><V133/><F133/><W55/><REACH who="3" step="1"/><G91/><REACH who="3" ten="250,250,250,240" step="2"/><T80/><D100/><U132/><E134/><V21/><F123/><W125/><G125/><T85/><D6/><U102/><E102/><V38/><F38/><W79/><G79/><T15/><D2/><U103/><E132/><V109/><F78/><W84/><AGARI ba="0,1" hai="14,17,20,50,55,57,59,61,66,77,82,84,88,89" machi="84" ten="20,12000,2" yaku="1,1,0,1,7,1,8,1,54,1,53,1" doraHai="130" doraHaiUra="8" who="3" fromWho="3" sc="250,-60,250,-30,250,-30,240,130" />
</Scene>
<Scene>
<INIT seed="1,0,0,4,4,79" ten="190,220,220,370" oya="1" hai0="67,130,38,86,51,72,124,85,16,22,59,91,21" hai1="25,63,76,11,46,119,84,114,98,132,52,33,1" hai2="28,101,55,20,105,54,93,47,2,89,36,82,31" hai3="77,75,24,113,4,23,95,104,133,126,43,13,88"/><U14/><E114/><V35/><F2/><W17/><G113/><T106/><D72/><U6/><E119/><V19/><F105/><W0/><G104/><T122/><D38/><U45/><E132/><V92/><F36/><W71/><G71/><T97/><D122/><U74/><E74/><V117/><F117/><W12/><G133/><T62/><D130/><U9/><E98/><V57/><F35/><W73/><G126/><T99/><D124/><U53/><E33/><V68/><F68/><W56/><G43/><T60/><D21/><U27/><E27/><V65/><F47/><W111/><G111/><T94/><D60/><U108/><E25/><V115/><F115/><W26/><G0/><T44/><D86/><U96/><E96/><V30/><F65/><W7/><G56/><T112/><D106/><U80/><E108/><V40/><F40/><W109/><G109/><T69/><D69/><U61/><E53/><V32/><F55/><W18/><G77/><T110/><D112/><U116/><E116/><V64/><F64/><W8/><G26/><N who="0" m="14663" /><D110/><U121/><E121/><V87/><F101/><W83/><G73/><T10/><D10/><U58/><REACH who="1" step="1"/><E63/><REACH who="1" ten="190,210,220,370" step="2"/><N who="2" m="36279" /><F32/><W39/><G75/><T123/><D123/><U90/><E90/><V134/><F134/><W129/><G88/><T49/><D44/><U29/><E29/><V41/><F41/><W118/><G118/><T100/><D97/><U70/><E70/><V127/><F127/><W120/><G120/><T5/><D99/><U135/><E135/><V125/><F125/><W34/><G34/><T131/><D62/><RYUUKYOKU ba="0,1" sc="190,-15,210,15,220,15,370,-15" hai1="1,6,9,11,14,45,46,52,58,61,76,80,84" hai2="19,20,28,30,31,82,87,89,92,93" />
</Scene>
<Scene>
<INIT seed="1,1,1,3,1,22" ten="175,225,235,355" oya="1" hai0="34,21,47,36,20,87,61,73,133,99,101,29,108" hai1="53,2,35,111,125,41,70,97,38,82,55,93,0" hai2="121,68,8,80,96,50,71,83,66,11,52,119,26" hai3="44,98,128,90,33,13,54,69,91,6,32,131,42"/><U78/><E70/><V81/><F121/><W88/><G69/><T64/><D73/><U112/><E112/><V51/><F119/><W39/><G54/><T100/><D133/><U45/><E125/><V75/><F75/><W130/><G98/><T117/><D117/><U43/><E35/><N who="3" m="13386" /><G13/><T126/><D126/><U1/><E43/><V40/><F40/><W89/><G89/><T58/><D100/><U132/><E111/><V110/><F110/><W129/><G129/><T49/><D36/><U72/><REACH who="1" step="1"/><E132/><REACH who="1" ten="175,215,235,355" step="2"/><V95/><F71/><W76/><G130/><T79/><D108/><U105/><E105/><V48/><F68/><W86/><G128/><T116/><D34/><U120/><E120/><V115/><F115/><W46/><G131/><T10/><D116/><U134/><E134/><V28/><F66/><W135/><G135/><T24/><D64/><U114/><E114/><V3/><F52/><W7/><G42/><T124/><D124/><U5/><E5/><V74/><F74/><W18/><G6/><T85/><D47/><U57/><E57/><V122/><F122/><W31/><G7/><T127/><D58/><U109/><E109/><V113/><F113/><W123/><G123/><T102/><D127/><U30/><E30/><V77/><F28/><W60/><G44/><T15/><D29/><U16/><E16/><V103/><F3/><W37/><G46/><T92/><D79/><U17/><E17/><V4/><F4/><W27/><G76/><T94/><D94/><U65/><E65/><V25/><F77/><W56/><G31/><T23/><D92/><RYUUKYOKU ba="1,2" sc="175,-15,215,15,235,15,355,-15" hai1="0,1,2,38,41,45,53,55,72,78,82,93,97" hai2="8,11,25,26,48,50,51,80,81,83,95,96,103" />
</Scene>
<Scene>
<INIT seed="1,2,2,0,0,39" ten="160,230,250,340" oya="1" hai0="119,54,43,129,10,111,91,1,41,0,5,37,79" hai1="2,49,102,82,55,58,67,133,78,114,18,3,28" hai2="115,80,109,63,89,66,32,73,33,95,52,31,36" hai3="86,22,74,23,45,71,101,25,105,121,12,107,85"/><U122/><E114/><V72/><F115/><W57/><G71/><T48/><D37/><U135/><E122/><V75/><F36/><W125/><G74/><T113/><D113/><U19/><E28/><V42/><F109/><W11/><G121/><T104/><D104/><U90/><E102/><V17/><F42/><W64/><G125/><T98/><D119/><U106/><E106/><V110/><F110/><W21/><G25/><T59/><D111/><U30/><E30/><V13/><F80/><W116/><G116/><T69/><D69/><U24/><E90/><V87/><F31/><W40/><G105/><T51/><D79/><U112/><E67/><V7/><F7/><W134/><G101/><T8/><D129/><U68/><E68/><V76/><F76/><W35/><G35/><T77/><D77/><U131/><E112/><V126/><F126/><W44/><G44/><T20/><D20/><N who="1" m="13335" /><E19/><V14/><F14/><W96/><G107/><T50/><D8/><U127/><E131/><V100/><F100/><W94/><G11/><T108/><D0/><U62/><E62/><V97/><F66/><W4/><G64/><T38/><D38/><U9/><E9/><V15/><F33/><W6/><G6/><T65/><D65/><U29/><E127/><V124/><F32/><W92/><G4/><T83/><D108/><U103/><E103/><V27/><F124/><W93/><G22/><T117/><D117/><U120/><E120/><V46/><F75/><W56/><G21/><T70/><D70/><U61/><E29/><V81/><F73/><W88/><G23/><RYUUKYOKU ba="2,2" sc="160,0,230,0,250,0,340,0" />
</Scene>
<Scene>
<INIT seed="2,3,2,0,1,98" ten="160,230,250,340" oya="2" hai0="118,105,65,122,6,48,81,132,83,135,9,66,104" hai1="97,46,108,76,36,23,24,77,134,60,57,3,120" hai2="10,99,112,37,117,82,86,130,7,93,59,79,116" hai3="40,73,64,100,88,21,26,25,5,131,91,35,20"/><V49/><F37/><W27/><G73/><T103/><D48/><U22/><E3/><V11/><F130/><W38/><G35/><T50/><D50/><U84/><E108/><V13/><F112/><W55/><G131/><T75/><D122/><U67/><E120/><V96/><F96/><W115/><G115/><T44/><D44/><U53/><E134/><N who="0" m="51241" /><D75/><U119/><E119/><V18/><F59/><W124/><G64/><N who="0" m="24683" /><D118/><U42/><E22/><V62/><F62/><W89/><G124/><T63/><D63/><U33/><E33/><V29/><F49/><W58/><G5/><T109/><D109/><U94/><E84/><V28/><F117/><W125/><G125/><T90/><D90/><U101/><REACH who="1" step="1"/><E53/><REACH who="1" ten="160,220,250,340" step="2"/><V127/><F116/><W16/><G21/><T121/><D121/><U54/><E54/><V85/><F85/><W70/><G55/><T113/><D113/><U34/><E34/><V32/><F32/><W110/><G20/><T39/><D39/><U123/><E123/><V31/><F127/><W8/><G38/><T102/><D104/><U43/><E43/><V95/><REACH who="2" step="1"/><F99/><REACH who="2" ten="160,220,240,340" step="2"/><W107/><G110/><T2/><D105/><U56/><E56/><V128/><F128/><W71/><G58/><T87/><D87/><U41/><E41/><V69/><F69/><W19/><G40/><T78/><D78/><U129/><E129/><V15/><AGARI ba="3,4" hai="7,10,11,13,15,18,28,29,31,79,82,86,93,95" machi="15" ten="30,6000,0" yaku="1,1,0,1,8,1,53,0" doraHai="98" doraHaiUra="61" who="2" fromWho="2" sc="160,-23,220,-23,240,109,340,-23" />
</Scene>
<Scene>
<INIT seed="2,4,0,5,1,17" ten="137,197,349,317" oya="2" hai0="75,34,7,91,61,105,108,38,28,60,5,63,72" hai1="57,44,83,129,46,64,130,18,87,39,10,66,97" hai2="90,77,23,111,103,4,127,99,2,62,25,8,24" hai3="113,68,124,73,115,11,81,121,109,88,92,53,123"/><V102/><F127/><W49/><G68/><T134/><D38/><U0/><E97/><V100/><F111/><W29/><G124/><T117/><D105/><U71/><E71/><V15/><F77/><N who="3" m="44207" /><G11/><T59/><D108/><U133/><E133/><V94/><F2/><W33/><G109/><T96/><D134/><U1/><E1/><V9/><F9/><W12/><G12/><T19/><D117/><U36/><E36/><V78/><F78/><W93/><G29/><T16/><D59/><U85/><E85/><V110/><F110/><W3/><G33/><T89/><D96/><U70/><E70/><V48/><F48/><W35/><G35/><T95/><D95/><N who="3" m="36425" /><G88/><N who="0" m="33867" /><D28/><U112/><E39/><V76/><F76/><W122/><G3/><T128/><D34/><U98/><E98/><V45/><F45/><W55/><G49/><T41/><D41/><U119/><E119/><V132/><F132/><W135/><G135/><T30/><D30/><U80/><E0/><V126/><F126/><W67/><G67/><T116/><D116/><U101/><E66/><V51/><F51/><W120/><G120/><T106/><D106/><U22/><E64/><V69/><F69/><W114/><AGARI ba="4,0" hai="53,55,113,114,115,121,122,123" m="36425,44207" machi="114" ten="40,1500,0" yaku="11,1" doraHai="17" who="3" fromWho="3" sc="137,-8,197,-8,349,-11,317,27" />
</Scene>
<Scene>
<INIT seed="3,0,0,3,2,29" ten="129,189,338,344" oya="3" hai0="124,93,99,64,96,20,31,7,133,115,62,88,109" hai1="114,130,78,131,89,74,82,113,100,76,68,59,43" hai2="72,30,58,84,37,132,106,16,35,126,107,18,117" hai3="129,21,60,22,97,19,36,91,116,11,53,46,70"/><W112/><G116/><T1/><D115/><N who="1" m="44043" /><E68/><V51/><F72/><W128/><G112/><T71/><D133/><U135/><E43/><V118/><F37/><W90/><G11/><T52/><D124/><U120/><E59/><V41/><F126/><W32/><G32/><T38/><D109/><U69/><E69/><V67/><F132/><W3/><G3/><T24/><D38/><U9/><E9/><V25/><F118/><W61/><G36/><T39/><D39/><U108/><E135/><V26/><F117/><W94/><G90/><T102/><D1/><U86/><E108/><V27/><F41/><W28/><G28/><T123/><D123/><U65/><E65/><V4/><F4/><W45/><G22/><T77/><D77/><N who="1" m="44343" /><E100/><V15/><F18/><W104/><G70/><T119/><D119/><U5/><E5/><V34/><F30/><W33/><G33/><T44/><D7/><U85/><E120/><V75/><F35/><W13/><G104/><T12/><D12/><U0/><E0/><V87/><F34/><W66/><G66/><T42/><D42/><U57/><E57/><V92/><F67/><W101/><G101/><T111/><D111/><U50/><E50/><V48/><F51/><N who="3" m="28911" /><G46/><T56/><D44/><U105/><E105/><V80/><F106/><W134/><G134/><T17/><D31/><U81/><E76/><N who="2" m="44063" /><F107/><W2/><G2/><T73/><D71/><U110/><E110/><V23/><F58/><W10/><G10/><T98/><D64/><U63/><E63/><V103/><F48/><W8/><G8/><T83/><D102/><RYUUKYOKU ba="0,0" sc="129,0,189,0,338,0,344,0" hai0="17,20,24,52,56,62,73,83,88,93,96,98,99" hai1="78,81,85,86,89,130,131" hai2="15,16,23,25,26,27,84,87,92,103" hai3="13,19,21,60,61,91,94,97,128,129" />
</Scene>
<Scene>
<INIT seed="3,1,0,2,0,122" ten="129,189,338,344" oya="3" hai0="124,73,22,63,31,16,8,133,79,58,76,10,98" hai1="82,95,78,1,83,30,69,53,111,93,38,131,118" hai2="19,99,88,90,71,6,102,116,97,45,130,127,67" hai3="28,2,12,42,59,18,5,41,68,14,61,48,100"/><W62/><G28/><T110/><D110/><U17/><E69/><V103/><F116/><W101/><G2/><T129/><D129/><U128/><E38/><V15/><F130/><N who="1" m="49705" /><E118/><V4/><F127/><W51/><G68/><T135/><D124/><U117/><E117/><V96/><F45/><W34/><G34/><T44/><D31/><U46/><E30/><V49/><F49/><W108/><G59/><T56/><D44/><U105/><E105/><V89/><F67/><W134/><G5/><N who="2" m="2153" /><F71/><W126/><G126/><T50/><D98/><U65/><E65/><V0/><F0/><W92/><G92/><T33/><D33/><U7/><E7/><V121/><F121/><W115/><G18/><T112/><D112/><U35/><E35/><V80/><F80/><W47/><G47/><T32/><D32/><U81/><E1/><V54/><F54/><W60/><G60/><T66/><D73/><U55/><E78/><V107/><F107/><W64/><G64/><T11/><D76/><U113/><E113/><V72/><F72/><W43/><G43/><T39/><D79/><U91/><E46/><V20/><AGARI ba="1,0" hai="15,19,20,88,89,90,96,97,99,102,103" m="2153" machi="20" ten="40,2700,0" yaku="8,1,54,1" doraHai="122" who="2" fromWho="2" sc="129,-8,189,-8,338,30,344,-14" />
</Scene>
<Scene>
<INIT seed="4,0,0,4,0,102" ten="121,181,368,330" oya="0" hai0="60,115,46,7,8,128,77,29,84,36,54,82,55" hai1="31,109,39,10,70,28,21,100,127,75,47,6,37" hai2="67,120,124,72,113,59,111,50,83,106,107,121,22" hai3="45,20,79,130,68,104,97,73,23,63,3,44,103"/><T95/><D115/><U53/><E109/><V17/><F111/><W14/><G3/><T89/><D128/><U19/><E70/><V71/><F71/><W69/><G130/><T34/><D60/><U13/><E75/><V32/><F32/><W48/><G45/><T51/><D36/><U81/><E127/><V122/><F124/><W92/><G104/><T123/><D123/><U33/><E100/><V74/><F113/><W133/><G133/><T88/><D34/><U41/><E81/><V1/><F1/><W135/><G63/><T131/><D131/><U2/><E53/><V80/><F74/><W16/><G23/><T96/><D29/><U78/><E78/><V25/><F72/><W40/><G135/><T118/><D118/><U26/><REACH who="1" step="1"/><E31/><REACH who="1" ten="121,171,368,330" step="2"/><V101/><F101/><W93/><G79/><T87/><D54/><U94/><E94/><V30/><F30/><W126/><G73/><T27/><D27/><U114/><E114/><V38/><F25/><W62/><G126/><T116/><D116/><U12/><E12/><V5/><F106/><W85/><G69/><T52/><D55/><U58/><E58/><V66/><F59/><W117/><G117/><T105/><D105/><U18/><E18/><V35/><F17/><W112/><G112/><T57/><D57/><U42/><E42/><V125/><F107/><W4/><G68/><T129/><D129/><U99/><E99/><V9/><F125/><W110/><G110/><T132/><D132/><U90/><E90/><V119/><F122/><W15/><G40/><T134/><D134/><U0/><E0/><RYUUKYOKU ba="0,1" sc="121,-10,171,30,368,-10,330,-10" hai1="2,6,10,13,19,21,26,28,33,37,39,41,47" />
</Scene>
<Scene>
<INIT seed="5,1,1,0,2,50" ten="111,201,358,320" oya="1" hai0="51,118,85,48,28,135,109,12,30,63,4,26,7" hai1="74,17,110,19,86,114,41,87,33,45,1,60,100" hai2="61,66,102,15,117,104,129,21,123,3,80,52,67" hai3="38,16,89,10,95,46,115,31,29,113,94,36,83"/><U2/><E74/><V75/><F123/><W128/><G128/><T68/><D118/><U6/><E33/><V99/><F3/><W88/><G83/><T79/><D109/><U134/><E110/><V70/><F129/><W39/><G46/><T42/><D135/><U101/><E134/><V53/><F67/><W130/><G130/><T56/><D68/><U18/><E114/><N who="3" m="43530" /><G10/><T105/><D105/><U98/><E60/><V35/><F35/><W122/><G122/><T132/><D132/><U90/><E6/><V121/><F117/><W65/><G65/><T119/><D119/><U82/><E86/><V69/><F69/><W84/><G16/><T92/><D42/><U20/><E20/><V22/><F121/><W71/><G71/><T106/><D106/><U127/><E127/><V34/><F34/><W64/><G64/><T55/><D28/><N who="3" m="10825" /><G84/><T120/><D120/><U32/><E32/><V126/><F126/><W25/><G25/><T78/><D4/><U103/><REACH who="1" step="1"/><E98/><REACH who="1" ten="111,191,358,320" step="2"/><V93/><F22/><W9/><G9/><N who="0" m="4159" /><D30/><U43/><E43/><V40/><F40/><W58/><G36/><AGARI ba="1,2" hai="1,2,17,18,19,36,41,45,82,87,90,100,101,103" machi="36" ten="40,2000,0" yaku="1,1,53,0" doraHai="50" doraHaiUra="133" who="1" fromWho="3" sc="111,0,191,43,358,0,320,-23" />
</Scene>
<Scene>
<INIT seed="5,2,0,0,3,104" ten="111,234,358,297" oya="1" hai0="24,98,116,100,111,60,73,120,95,87,70,105,71" hai1="49,38,96,32,54,55,20,67,93,68,99,2,6" hai2="89,61,122,108,106,39,101,33,41,48,8,92,23" hai3="88,12,58,17,27,37,63,94,13,25,115,130,77"/><U132/><E32/><V133/><F122/><W107/><G37/><T4/><D111/><U46/><E132/><V44/><F133/><W57/><G107/><T81/><D116/><U118/><E118/><V112/><F108/><W69/><G69/><T85/><D120/><U66/><E38/><V80/><F33/><W42/><G42/><T91/><D85/><U135/><E135/><V124/><F124/><W15/><G115/><T5/><D24/><N who="3" m="9289" /><G77/><T114/><D114/><U28/><E28/><V134/><F134/><W16/><G130/><T79/><REACH who="0" step="1"/><D60/><REACH who="0" ten="101,234,358,297" step="2"/><U90/><E99/><V74/><F61/><W10/><G63/><T53/><D53/><U126/><E55/><V18/><F112/><W51/><G51/><T21/><D21/><U35/><E35/><V86/><F23/><N who="3" m="11655" /><G15/><T43/><D43/><U31/><E49/><V110/><F41/><W72/><G72/><T29/><D29/><U123/><E31/><V0/><F110/><W121/><G121/><T64/><D64/><U103/><E123/><V30/><F0/><W22/><G22/><T52/><D52/><U131/><E54/><V109/><F30/><W45/><G45/><T3/><D3/><U7/><E2/><V127/><F44/><W113/><G113/><T47/><D47/><U59/><E46/><V56/><F109/><W128/><G128/><T34/><D34/><U62/><E131/><V9/><F39/><W50/><G50/><T119/><D119/><U129/><E129/><V76/><F48/><W125/><G125/><T40/><D40/><U11/><E126/><V117/><F127/><RYUUKYOKU ba="2,1" sc="101,15,234,-15,358,-15,297,15" hai0="4,5,70,71,73,79,81,87,91,95,98,100,105" hai3="10,13,17,57,58,88,94" />
</Scene>
<Scene>
<INIT seed="6,3,1,4,0,22" ten="116,219,343,312" oya="2" hai0="42,92,104,95,31,86,81,62,36,110,82,121,113" hai1="38,39,30,43,134,128,88,73,69,102,56,64,98" hai2="27,83,2,15,32,70,127,3,52,124,34,33,106" hai3="108,100,65,24,79,49,37,41,23,46,5,35,17"/><V40/><F106/><W55/><G108/><T72/><D36/><U57/><E73/><V91/><F70/><W94/><G79/><N who="0" m="44263" /><D42/><U58/><E128/><V19/><F40/><W126/><G126/><N who="2" m="48169" /><F52/><W129/><G129/><T48/><D48/><U99/><E134/><V68/><F68/><W13/><G65/><T77/><D31/><U53/><E30/><N who="2" m="19551" /><F91/><W54/><G37/><T51/><D51/><U103/><E53/><V11/><F83/><W6/><G35/><AGARI ba="3,1" hai="2,3,11,15,19,33,34,35" m="19551,48169" machi="35" ten="30,11600,0" yaku="18,1,34,2,52,1" doraHai="22" who="2" fromWho="3" sc="116,0,219,0,343,135,312,-125" />
</Scene>
<Scene>
<INIT seed="6,4,0,0,2,109" ten="116,219,478,187" oya="2" hai0="44,91,89,0,53,100,111,21,76,16,49,59,46" hai1="62,90,17,8,93,107,131,29,19,67,117,128,124" hai2="63,130,79,28,22,33,7,43,35,127,50,83,108" hai3="70,129,34,119,98,115,64,4,106,125,65,45,51"/><V66/><F130/><N who="1" m="49705" /><E107/><V110/><F127/><W47/><G34/><T56/><D0/><U99/><E124/><V82/><F7/><W73/><G73/><T58/><D111/><N who="2" m="42538" /><F43/><W26/><G26/><T60/><D100/><U48/><E117/><V38/><F38/><W87/><G87/><T74/><D46/><U112/><E112/><V72/><F83/><W40/><G4/><T39/><D39/><U31/><E48/><V135/><F50/><W134/><G125/><T113/><D113/><U42/><E42/><V84/><F72/><W41/><G129/><T85/><D74/><U103/><E103/><V57/><F135/><W61/><G119/><T71/><D71/><N who="1" m="42487" /><E8/><V132/><F132/><W37/><G134/><T54/><D76/><U15/><E15/><V96/><F96/><W95/><G115/><T27/><REACH who="0" step="1"/><D89/><REACH who="0" ten="106,219,478,187" step="2"/><U75/><E75/><V20/><F28/><AGARI ba="4,1" hai="17,19,28,29,31,90,93,99" m="42487,49705" machi="28" ten="30,1000,0" yaku="19,1" doraHai="109" who="1" fromWho="2" sc="106,0,219,32,478,-22,187,0" />
</Scene>
<Scene>
<INIT seed="7,0,0,2,3,103" ten="106,251,456,187" oya="3" hai0="50,21,0,79,132,128,9,131,108,72,82,52,55" hai1="38,47,20,97,31,120,71,104,109,115,11,122,102" hai2="49,89,135,42,53,10,12,48,87,35,41,44,85" hai3="111,75,43,59,92,130,76,54,40,129,69,29,99"/><W123/><G123/><T84/><D108/><U45/><E109/><V36/><F35/><W57/><G69/><T66/><D66/><U73/><E73/><V27/><F135/><W127/><G111/><T133/><D21/><U105/><E105/><V116/><F116/><W100/><G29/><T51/><D72/><U101/><E101/><V77/><F36/><W68/><G68/><T2/><D9/><U80/><E71/><V90/><F27/><W4/><G4/><T113/><D113/><U126/><E115/><V60/><F60/><W37/><G127/><T56/><D84/><N who="2" m="32330" /><F77/><W24/><G24/><T67/><D79/><U7/><E80/><V94/><F94/><W8/><G8/><T33/><D82/><U64/><E64/><V23/><F23/><W121/><G59/><T110/><D110/><U22/><E126/><V125/><F125/><W1/><G43/><N who="2" m="16393" /><F49/><N who="0" m="18442" /><D33/><U93/><E122/><V83/><F83/><N who="3" m="45471" /><G121/><T107/><D107/><U91/><E120/><V112/><F112/><W124/><G124/><T32/><D32/><U28/><E28/><V26/><F26/><W19/><G1/><N who="0" m="619" /><D67/><U13/><E38/><V86/><F86/><W95/><G37/><T98/><D98/><N who="1" m="61527" /><E31/><V96/><F96/><W81/><G81/><T119/><D119/><U70/><E70/><V25/><F25/><W34/><G34/><T58/><D58/><U117/><E117/><V39/><F39/><W30/><G57/><T114/><D114/><U134/><E97/><V46/><F46/><W62/><G99/><T118/><D118/><U78/><E47/><V17/><AGARI ba="0,0" hai="10,12,17,44,48,53,89,90" m="16393,32330" machi="17" ten="30,2000,0" yaku="5,1,8,1" doraHai="103" who="2" fromWho="2" sc="106,-5,251,-5,456,20,187,-10" owari="101,-40.0,246,5.0,476,57.0,177,-22.0" />
</Scene>
</mjloggm>