<mjloggm ver="2.3"><GO type="169"/><UN n0="%E5%A4%AA%E3%81%8F%E3%81%AA%E3%81%84%E3%81%8A" n1="%E3%81%94%E3%82%8D%E3%81%AB%E3%82%83%E3%83%BC" n2="%67%69%6A%79%75%74%75" n3="%E6%9A%97%E3%81%84%E7%AC%A6" dan="17,16,16,16" rate="2156,2135,2085,2053" sx="M,M,M,M"/><TAIKYOKU oya="0"/>

<Scene>
<INIT seed="0,0,0,3,4,43" ten="250,250,250,250" oya="0" hai0="124,62,102,115,23,35,19,63,46,0,34,123,117" hai1="111,45,5,74,17,41,90,22,135,52,87,131,61" hai2="4,133,9,81,120,112,107,108,56,3,92,33,59" hai3="13,84,77,24,28,53,110,54,121,126,20,80,68"/><T2/><D123/><U39/><E74/><V101/><F112/><W60/><G121/><T38/><D115/><U114/><E114/><V73/><F120/><W15/><G68/><T97/><D117/><U66/><E111/><V99/><F33/><W122/><G110/><T55/><D124/><U49/><E5/><V82/><F108/><W78/><G126/><T76/><D76/><U100/><E100/><V32/><F32/><W48/><G122/><T130/><D130/><U8/><E8/><V44/><F133/><W29/><G29/><T106/><D34/><U113/><E135/><V50/><F107/><W104/><G104/><T47/><D35/><U128/><E113/><V132/><F132/><W83/><G60/><T129/><D129/><N who="1" m="49739" /><E87/><V27/><F27/><W11/><G11/><T116/><D116/><U7/><E90/><V79/><REACH who="2" step="1"/><F82/><REACH who="2" ten="250,250,240,250" step="2"/><W70/><G70/><T65/><D106/><U95/><E95/><V26/><F26/><W1/><G1/><T127/><D2/><U109/><E109/><V98/><F98/><W96/><G96/><T67/><D0/><U85/><E85/><V119/><F119/><W86/><REACH who="3" step="1"/><G54/><AGARI ba="0,1" hai="3,4,9,44,50,54,56,59,73,79,81,92,99,101" machi="54" ten="30,7700,0" yaku="1,1,7,1,52,1,53,1" doraHai="43" doraHaiUra="75" who="2" fromWho="3" sc="250,0,250,0,240,87,250,-77" />
</Scene>
<Scene>
<INIT seed="1,0,0,4,5,30" ten="250,250,327,173" oya="1" hai0="7,75,65,131,129,122,18,2,104,88,106,108,101" hai1="102,77,61,38,107,118,87,97,3,34,22,45,127" hai2="130,50,33,79,117,48,37,69,100,112,125,81,64" hai3="27,5,63,8,47,55,74,28,16,11,0,72,4"/><U36/><E118/><V133/><F117/><W110/><G110/><T135/><D75/><U51/><E3/><V84/><F37/><W59/><G47/><T24/><D108/><U93/><E127/><V25/><F125/><W43/><G43/><T103/><D65/><U46/><E61/><V119/><F119/><W134/><G134/><T90/><D7/><U52/><E45/><V114/><F133/><W15/><REACH who="3" step="1"/><G5/><REACH who="3" ten="250,250,327,163" step="2"/><T111/><D111/><U40/><E40/><V98/><F114/><W58/><G58/><T9/><D135/><U76/><E38/><V17/><F112/><W116/><G116/><T32/><D131/><U121/><E36/><V66/><F130/><W85/><G85/><T86/><D86/><U82/><E121/><V115/><F115/><W73/><G73/><T14/><D129/><U60/><E77/><V19/><F84/><W68/><G68/><T123/><D122/><U12/><E76/><V92/><F69/><W26/><G26/><T91/><D123/><U49/><E46/><V20/><F25/><W124/><G124/><T89/><D24/><U94/><E87/><V105/><F79/><W39/><G39/><T42/><D42/><U13/><E82/><V35/><F81/><W95/><G95/><T70/><D70/><U132/><E93/><V120/><F92/><W10/><G10/><T78/><D78/><U44/><E94/><V23/><F120/><W62/><G62/><T128/><D128/><U21/><E60/><V99/><F105/><W67/><G67/><T53/><D104/><U71/><E132/><V57/><F57/><RYUUKYOKU ba="0,1" sc="250,-15,250,-15,327,15,163,15" hai2="17,19,20,23,33,35,48,50,64,66,98,99,100" hai3="0,4,8,11,15,16,27,28,55,59,63,72,74" />
</Scene>
<Scene>
<INIT seed="2,1,1,5,0,89" ten="235,235,342,178" oya="2" hai0="2,19,12,118,125,119,4,48,31,121,56,128,29" hai1="86,98,80,41,87,58,13,110,17,88,114,93,46" hai2="30,97,51,11,59,67,113,66,65,104,38,84,71" hai3="40,78,53,60,105,102,133,14,27,95,34,91,135"/><V26/><F113/><W1/><G1/><T0/><D56/><U68/><E68/><V132/><F38/><W117/><G40/><T16/><D48/><N who="1" m="26703" /><E114/><V107/><F71/><W100/><G14/><T103/><D103/><N who="1" m="60879" /><E110/><V22/><F132/><N who="3" m="50763" /><G78/><T90/><D90/><U72/><E72/><V96/><F84/><W62/><G105/><T32/><D121/><U18/><E13/><V47/><F59/><N who="3" m="34927" /><G62/><T76/><D76/><N who="1" m="46343" /><E58/><V109/><F109/><W64/><G117/><N who="0" m="44555" /><D128/><U81/><AGARI ba="1,1" hai="17,18,81,87,88" m="46343,60879,26703" machi="81" ten="30,4000,0" yaku="8,1,52,1,54,1" doraHai="89" who="1" fromWho="1" sc="235,-11,235,53,342,-21,178,-11" />
</Scene>
<Scene>
<INIT seed="3,0,0,5,4,66" ten="224,288,321,167" oya="3" hai0="9,96,30,15,28,69,99,50,107,118,65,17,11" hai1="48,115,77,54,72,85,74,122,27,89,23,102,56" hai2="90,70,22,126,14,2,116,40,131,33,132,86,129" hai3="83,87,36,67,44,76,35,8,135,91,13,64,62"/><W75/><G35/><T42/><D118/><U80/><E122/><V92/><F116/><W78/><G135/><T7/><D42/><U12/><E115/><V57/><F2/><W130/><G67/><T124/><D124/><U68/><E102/><V98/><F33/><W37/><G130/><N who="2" m="49673" /><F126/><W111/><G76/><T0/><D50/><U45/><E12/><V18/><F132/><W127/><G127/><T113/><D113/><U106/><E106/><V108/><F108/><W21/><G21/><T61/><REACH who="0" step="1"/><D107/><REACH who="0" ten="214,288,321,167" step="2"/><U117/><E117/><V71/><F40/><W46/><G37/><T81/><D81/><U123/><E123/><V1/><F1/><W20/><G36/><T128/><D128/><U73/><E45/><V94/><F57/><W95/><G111/><T34/><D34/><U16/><REACH who="1" step="1"/><E68/><REACH who="1" ten="214,278,321,167" step="2"/><V10/><F10/><W55/><G46/><T59/><D59/><U5/><E5/><V82/><F94/><AGARI ba="0,2" hai="16,23,27,48,54,56,72,73,74,77,80,85,89,94" machi="94" ten="30,3900,0" yaku="1,1,7,1,54,1,53,0" doraHai="66" doraHaiUra="32" who="1" fromWho="2" sc="214,0,278,59,321,-39,167,0" />
</Scene>
<Scene>
<INIT seed="4,0,0,2,0,63" ten="214,337,282,167" oya="0" hai0="59,22,42,85,132,127,81,118,61,1,103,0,5" hai1="48,131,111,93,26,12,75,73,122,43,41,95,69" hai2="29,52,23,24,64,82,8,133,54,71,27,30,84" hai3="28,14,21,16,76,60,119,105,113,98,51,56,47"/><T13/><D118/><U100/><E111/><V130/><F130/><W90/><G76/><T25/><D103/><U124/><E122/><V128/><F128/><W96/><G119/><T80/><D42/><U134/><E131/><V107/><F107/><W32/><G105/><T38/><D38/><U55/><E69/><V78/><F133/><W31/><G113/><T116/><D116/><U115/><E134/><V92/><F8/><W10/><G32/><T50/><D50/><U44/><E115/><V70/><F92/><N who="3" m="56343" /><G98/><T110/><D132/><U46/><E100/><V106/><F106/><W91/><G91/><T7/><D110/><U117/><E117/><V114/><F114/><W87/><G87/><T39/><D39/><U135/><E135/><V20/><F70/><W57/><G57/><T102/><D102/><U15/><E26/><V53/><F71/><W77/><G77/><T45/><D45/><U68/><E68/><V34/><F34/><W35/><G10/><T17/><D127/><U67/><E48/><V36/><F36/><W62/><G62/><T126/><D126/><U94/><E55/><V88/><F64/><N who="3" m="38919" /><G35/><T37/><D37/><U58/><E58/><V83/><F78/><W66/><G66/><N who="0" m="39231" /><D80/><U40/><E67/><V99/><F82/><W2/><G2/><T33/><D5/><U6/><E6/><V79/><F79/><W65/><G65/><T129/><D129/><U108/><E108/><V89/><F89/><W19/><G19/><T49/><D7/><U97/><E124/><V74/><F74/><N who="1" m="28169" /><E97/><AGARI ba="0,0" hai="20,23,24,27,29,30,52,53,54,83,84,88,97,99" machi="97" ten="40,8000,1" yaku="9,1,8,1,54,2" doraHai="63" who="2" fromWho="1" sc="214,0,337,-80,282,80,167,0" />
</Scene>
<Scene>
<INIT seed="5,0,0,4,5,45" ten="214,257,362,167" oya="1" hai0="4,46,54,35,34,61,113,32,29,18,40,79,69" hai1="98,23,27,116,0,88,99,121,60,5,68,103,86" hai2="133,100,115,28,44,105,83,118,42,111,49,97,3" hai3="2,17,94,67,101,66,6,37,78,129,14,132,95"/><U56/><E68/><V38/><F118/><W124/><G37/><T130/><D113/><U11/><E121/><V70/><F111/><W7/><G78/><T21/><D130/><U93/><E116/><V73/><F115/><W57/><G129/><T50/><D4/><U51/><E103/><V26/><F133/><W62/><G132/><T72/><D29/><U59/><E59/><V114/><F114/><W87/><G2/><T122/><D122/><U53/><REACH who="1" step="1"/><E60/><REACH who="1" ten="214,247,362,167" step="2"/><V134/><F70/><W84/><G57/><T117/><D117/><U85/><E85/><V65/><F100/><W39/><G62/><T25/><D69/><U74/><E74/><V112/><F73/><W108/><G87/><T71/><D71/><U55/><E55/><V64/><F134/><W90/><G84/><T81/><REACH who="0" step="1"/><D61/><REACH who="0" ten="204,247,362,167" step="2"/><U33/><E33/><N who="2" m="20631" /><F112/><W58/><G108/><T77/><D77/><U19/><AGARI ba="0,2" hai="0,5,11,19,23,27,51,53,56,86,88,93,98,99" machi="19" ten="20,12000,1" yaku="1,1,0,1,7,1,52,1,54,1,53,0" doraHai="45" doraHaiUra="119" who="1" fromWho="1" sc="204,-40,247,140,362,-40,167,-40" />
</Scene>
<Scene>
<INIT seed="5,1,0,3,2,44" ten="164,387,322,127" oya="1" hai0="100,111,81,126,127,107,23,105,58,43,71,20,60" hai1="104,12,4,86,70,65,0,89,102,103,53,113,39" hai2="2,5,63,25,124,52,66,132,76,64,38,85,33" hai3="7,121,72,16,3,129,26,94,93,56,10,75,17"/><U18/><E39/><V109/><F38/><W34/><G121/><T8/><D111/><U31/><E113/><V51/><F109/><W46/><G94/><T55/><D43/><U115/><E115/><V79/><F132/><W78/><G129/><T106/><D100/><U110/><E31/><V82/><F124/><N who="0" m="47658" /><D71/><U101/><E110/><V41/><F41/><W131/><G131/><T30/><D30/><U84/><E104/><V69/><F66/><W83/><G46/><T134/><D134/><U95/><E0/><V40/><F40/><W97/><G75/><T54/><D8/><U125/><E125/><V48/><F33/><W92/><G92/><T22/><D81/><U108/><E108/><V135/><F135/><W35/><G56/><T68/><D68/><U120/><E70/><V90/><F25/><W6/><G6/><T32/><D32/><U11/><E65/><AGARI ba="1,0" hai="20,22,23,54,55,58,60,65,105,106,107" m="47658" machi="65" ten="40,1300,0" yaku="18,1" doraHai="44" who="0" fromWho="1" sc="164,16,387,-16,322,0,127,0" />
</Scene>
<Scene>
<INIT seed="6,0,0,5,0,36" ten="180,371,322,127" oya="2" hai0="132,124,104,28,131,60,33,107,81,110,1,38,12" hai1="62,37,115,122,18,9,91,52,45,8,24,103,121" hai2="2,90,39,35,6,75,51,23,79,59,112,133,46" hai3="30,120,13,34,83,111,7,76,50,102,126,70,44"/><V123/><F123/><N who="1" m="47113" /><E103/><V57/><F35/><W19/><G70/><T94/><D12/><N who="1" m="7439" /><E115/><V61/><F112/><W22/><G102/><T118/><D60/><U127/><E127/><V113/><F113/><W43/><G126/><T40/><D81/><U116/><E116/><V64/><F133/><W21/><G120/><T54/><D54/><U80/><E8/><V17/><F39/><W10/><G111/><T88/><D38/><U14/><E14/><V74/><F79/><W29/><G34/><T114/><D33/><U119/><E24/><V68/><F6/><W106/><G106/><T99/><D114/><U3/><E3/><V66/><F2/><W96/><G96/><T55/><D99/><U41/><E119/><V128/><F128/><W69/><G69/><T89/><D131/><U108/><E108/><V65/><F90/><W101/><G101/><T63/><D89/><U25/><E25/><V73/><F68/><W53/><G53/><T47/><D55/><U125/><E125/><V4/><F4/><W85/><G22/><T109/><D124/><U97/><E97/><V58/><F61/><W134/><G134/><T100/><D63/><U5/><E5/><V95/><F95/><W72/><G72/><T16/><D94/><U71/><E91/><V93/><F93/><W117/><G117/><T82/><D110/><U27/><E27/><AGARI ba="0,0" hai="7,10,13,19,21,27,29,30,43,44,50,76,83,85" machi="27" ten="30,8000,1" yaku="7,1,25,2,8,1,52,1" doraHai="36" who="3" fromWho="1" sc="180,0,371,-80,322,0,127,80" />
</Scene>
<Scene>
<INIT seed="7,0,0,0,4,88" ten="180,291,322,207" oya="3" hai0="27,34,127,58,73,18,125,86,94,30,110,13,133" hai1="37,17,118,20,96,84,28,69,99,9,72,87,55" hai2="60,122,117,129,77,51,64,95,0,2,67,106,89" hai3="54,49,75,70,6,23,113,63,61,111,1,80,91"/><W50/><G70/><T36/><D110/><U98/><E72/><V31/><F117/><W119/><G111/><T121/><D121/><U7/><E37/><V4/><F106/><W3/><G119/><T42/><D73/><U45/><E69/><V83/><F122/><W93/><G1/><T12/><D133/><U26/><E118/><V128/><F31/><W116/><G116/><T109/><D109/><U48/><REACH who="1" step="1"/><E28/><REACH who="1" ten="180,281,322,207" step="2"/><V5/><F51/><W62/><G50/><T52/><D36/><U114/><E114/><V78/><F60/><W44/><G113/><T134/><D134/><U97/><N who="1" m="24576" /><DORA hai="25" /><U43/><E43/><V71/><F71/><W53/><G63/><N who="0" m="36295" /><D42/><U76/><E76/><V10/><F89/><W101/><G75/><T131/><D131/><U21/><E21/><V47/><F10/><W19/><G61/><T120/><D120/><U11/><E11/><V38/><F38/><W16/><G23/><T68/><D68/><U32/><E32/><V8/><F8/><W100/><G3/><AGARI ba="0,1" hai="3,7,9,17,20,26,45,48,55,84,87" m="24576" machi="3" ten="50,3200,0" yaku="1,1,53,1" doraHai="88,25" doraHaiUra="41,59" who="1" fromWho="3" sc="180,0,281,42,322,0,207,-32" owari="180,-22.0,323,42.0,322,12.0,175,-32.0" />
</Scene>
</mjloggm>