<mjloggm ver="2.3"><GO type="169"/><UN n0="%E7%B7%9A%E5%BD%A2%E8%A8%88%E7%94%BB%E6%B3%95" n1="%E3%83%97%E3%83%AD%E3%82%B8%E3%83%A3%E3%83%B3%E6%B0%8F" n2="%E3%81%BE%E3%81%AA%E3%81%84%E3%81%9F%E3%82%88%E3%81%86%E3%81%98%E3%82%87" n3="%E5%A4%AA%E3%81%8F%E3%81%AA%E3%81%84%E3%81%8A" dan="16,17,16,18" rate="2023,2179,2057,2159" sx="M,M,M,M"/><TAIKYOKU oya="0"/>

<Scene>
<INIT seed="0,0,0,3,2,3" ten="250,250,250,250" oya="0" hai0="109,37,104,129,122,58,124,62,132,80,105,85,56" hai1="52,47,4,118,49,14,125,7,30,100,18,9,90" hai2="67,31,91,135,61,16,20,15,57,68,39,46,33" hai3="86,76,114,27,17,79,99,93,110,81,82,126,45"/><T106/><D122/><U133/><E125/><V92/><F135/><W74/><G126/><T22/><D124/><U113/><E133/><V36/><F68/><W121/><G121/><T111/><D132/><U127/><E127/><V87/><F33/><W42/><G110/><N who="0" m="41995" /><D37/><U59/><E118/><V117/><F117/><W24/><G17/><T75/><D75/><U94/><E113/><V32/><REACH who="2" step="1"/><F46/><REACH who="2" ten="250,250,240,250" step="2"/><W123/><G123/><T60/><D129/><U25/><E47/><V78/><F78/><W51/><G114/><T77/><D56/><U69/><E69/><V63/><F63/><W72/><REACH who="3" step="1"/><G86/><REACH who="3" ten="250,250,240,240" step="2"/><T101/><D85/><N who="1" m="52559" /><E100/><AGARI ba="0,2" hai="24,27,42,45,51,72,74,76,79,81,82,93,99,100" machi="100" ten="30,7700,0" yaku="1,1,7,1,9,1,53,1" doraHai="3" doraHaiUra="88" who="3" fromWho="1" sc="250,0,250,-77,240,0,240,97" />
</Scene>
<Scene>
<INIT seed="1,0,0,2,2,124" ten="250,173,240,337" oya="1" hai0="67,101,41,53,114,57,78,32,2,34,72,12,123" hai1="40,88,43,35,37,90,21,120,65,111,127,17,60" hai2="61,89,74,107,24,115,131,68,27,55,9,86,94" hai3="132,73,20,125,39,98,76,82,7,46,8,80,79"/><U4/><E120/><V113/><F74/><W134/><G125/><T64/><D2/><U95/><E127/><V54/><F107/><W30/><G98/><T56/><D114/><N who="2" m="43530" /><F9/><W135/><G30/><T83/><D41/><U23/><E35/><V93/><F93/><W91/><G20/><T103/><D123/><U85/><E4/><V31/><F131/><W52/><G91/><T3/><D3/><U1/><E1/><V97/><F86/><W102/><G102/><T129/><D129/><U36/><E111/><V66/><F24/><W42/><G52/><T25/><D12/><U118/><E118/><V29/><F29/><W109/><G109/><T81/><D25/><U70/><E21/><AGARI ba="0,0" hai="21,27,31,54,55,61,66,68,89,94,97" m="43530" machi="21" ten="30,1000,0" yaku="11,1" doraHai="124" who="2" fromWho="1" sc="250,0,173,-10,240,10,337,0" />
</Scene>
<Scene>
<INIT seed="2,0,0,0,0,84" ten="250,163,250,337" oya="2" hai0="19,114,131,5,33,72,32,112,127,110,126,4,55" hai1="125,57,76,10,82,113,3,115,78,107,59,101,8" hai2="21,94,13,92,133,17,93,117,132,118,56,62,111" hai3="106,66,108,87,40,70,128,36,44,47,75,119,105"/><V60/><F111/><W15/><G119/><T123/><D72/><U27/><E125/><N who="0" m="47625" /><D55/><U24/><E82/><V31/><F31/><W63/><G75/><T73/><D73/><U43/><E43/><V20/><F20/><W97/><G108/><T88/><D88/><U54/><E101/><V7/><F7/><N who="0" m="2634" /><D110/><U71/><E71/><V77/><F77/><W90/><G97/><T64/><D64/><U86/><E86/><V100/><F100/><W42/><G128/><T85/><D85/><U37/><E37/><V51/><F51/><W22/><G87/><T122/><D19/><U91/><E54/><N who="2" m="33815" /><F62/><W48/><G90/><T79/><D79/><U67/><E91/><V9/><F117/><W83/><G83/><T89/><D89/><U14/><E67/><V46/><F46/><W74/><G74/><T98/><D98/><U129/><E107/><V35/><F118/><W102/><G102/><T50/><D50/><U29/><E78/><V49/><F49/><W121/><G105/><T28/><D131/><U16/><E76/><V95/><F93/><W61/><G61/><T23/><D23/><U25/><E129/><V103/><F21/><W58/><G106/><T134/><D134/><N who="2" m="51818" /><F103/><W1/><G70/><T30/><D30/><U80/><E80/><V26/><F94/><W18/><G44/><T34/><D28/><U6/><REACH who="1" step="1"/><E29/><REACH who="1" ten="250,153,250,337" step="2"/><V38/><F38/><N who="3" m="21911" /><G42/><T2/><D2/><U0/><E0/><V99/><F99/><W130/><G1/><T12/><D12/><U135/><E135/><V120/><F92/><W53/><G36/><T45/><D45/><RYUUKYOKU ba="0,1" sc="250,15,153,15,250,-15,337,-15" hai0="32,33,34,112,114,122,123" hai1="3,6,8,10,14,16,24,25,27,57,59,113,115" />
</Scene>
<Scene>
<INIT seed="3,1,1,0,1,114" ten="265,168,235,322" oya="3" hai0="47,92,119,110,105,106,42,65,100,18,129,19,46" hai1="126,75,107,121,30,53,94,111,59,68,93,91,36" hai2="81,88,78,82,79,56,10,101,98,25,89,8,21" hai3="112,69,76,50,52,9,85,28,99,20,83,117,102"/><W133/><G112/><T23/><D65/><U87/><E111/><V124/><F124/><W22/><G69/><T57/><D110/><U128/><E121/><V122/><F122/><W2/><G133/><T134/><D134/><U127/><E128/><V86/><F79/><W72/><G117/><T24/><D119/><U34/><E75/><V116/><F116/><W15/><G2/><T37/><D129/><U32/><E68/><V66/><F89/><W11/><G72/><T12/><D57/><U96/><E107/><V40/><F40/><W67/><G67/><T55/><D55/><U118/><E36/><V63/><F81/><W62/><G62/><T54/><D54/><U70/><E70/><V58/><F58/><N who="3" m="33047" /><G28/><T1/><D1/><U38/><E38/><V123/><F78/><W13/><G102/><T131/><D131/><U6/><E6/><V44/><F44/><W4/><G99/><T5/><D47/><U60/><E118/><V125/><F125/><N who="1" m="47625" /><E30/><V120/><F120/><W104/><G104/><T33/><D106/><U35/><E35/><V14/><F123/><W17/><AGARI ba="1,1" hai="4,9,11,13,15,17,20,22,76,83,85" m="33047" machi="17" ten="30,3000,0" yaku="8,1,54,1" doraHai="114" who="3" fromWho="3" sc="265,-11,168,-11,235,-11,322,43" />
</Scene>
<Scene>
<INIT seed="3,2,0,1,2,55" ten="254,157,224,365" oya="3" hai0="134,135,65,41,126,27,117,91,75,32,109,1,20" hai1="21,14,67,10,23,53,74,127,40,72,48,17,100" hai2="95,87,81,103,82,128,105,76,9,92,119,4,84" hai3="130,94,71,3,30,0,54,6,7,77,114,89,46"/><W125/><G114/><T79/><D117/><U113/><E127/><V85/><F9/><W51/><G71/><T36/><D32/><U68/><E113/><V29/><F4/><W83/><G125/><T15/><D1/><U93/><E40/><V39/><F29/><W121/><G121/><T60/><D15/><U5/><E23/><V90/><F39/><W108/><G130/><T47/><D126/><U28/><E28/><V122/><F119/><W88/><G30/><T19/><D109/><U59/><E67/><V131/><F122/><W33/><G33/><T112/><D112/><U64/><E64/><V104/><F103/><W116/><G116/><T58/><D91/><U62/><E62/><V61/><F61/><W110/><G6/><T35/><D35/><U111/><E68/><V107/><F85/><N who="3" m="52495" /><G89/><T24/><D24/><U18/><E18/><V63/><F63/><W34/><G7/><T120/><D120/><U129/><E111/><N who="3" m="42538" /><G34/><T97/><D19/><U49/><E129/><AGARI ba="2,0" hai="76,81,82,84,87,90,92,95,104,105,107,128,129,131" machi="129" ten="50,8000,1" yaku="19,1,34,3" doraHai="55" who="2" fromWho="1" sc="254,0,157,-86,224,86,365,0" />
</Scene>
<Scene>
<INIT seed="4,0,0,5,5,3" ten="254,71,310,365" oya="0" hai0="93,129,26,56,125,118,70,62,72,79,66,54,85" hai1="131,51,132,123,34,55,15,128,33,58,32,17,23" hai2="96,71,16,45,1,28,122,25,130,112,42,10,30" hai3="7,50,59,101,95,135,64,99,20,107,134,84,57"/><T121/><D118/><U94/><E123/><V6/><F112/><W126/><G126/><T35/><D121/><U63/><E132/><N who="3" m="50730" /><G20/><T67/><D125/><U100/><E100/><V114/><F71/><W81/><G64/><T117/><D117/><U80/><E80/><V12/><F96/><N who="3" m="61863" /><G50/><T98/><D72/><U2/><E2/><V60/><F60/><W18/><G18/><T49/><D129/><U0/><E0/><V113/><F45/><W111/><G7/><T14/><D67/><U8/><E8/><N who="2" m="2127" /><F42/><W36/><G36/><T65/><D65/><U22/><E22/><N who="2" m="13511" /><F130/><W78/><G111/><T83/><D70/><U37/><E131/><V110/><F122/><W38/><G38/><T106/><D66/><U4/><E128/><V29/><F110/><W105/><G105/><T61/><D106/><U119/><E37/><V97/><F97/><W127/><G127/><T31/><REACH who="0" step="1"/><D14/><REACH who="0" ten="244,71,310,365" step="2"/><U92/><E92/><V5/><AGARI ba="0,1" hai="5,10,12,28,29,30,113,114" m="13511,2127" machi="5" ten="30,8000,1" yaku="34,2,52,2,54,1" doraHai="3" who="2" fromWho="2" sc="244,-40,71,-20,310,90,365,-20" />
</Scene>
<Scene>
<INIT seed="5,0,0,4,3,50" ten="204,51,400,345" oya="1" hai0="18,2,68,8,36,17,65,82,121,24,9,85,76" hai1="117,14,106,5,0,129,100,39,112,45,93,94,61" hai2="95,126,52,86,19,125,98,42,66,107,111,22,59" hai3="44,64,132,135,114,12,6,119,26,130,92,47,134"/><U101/><E0/><V21/><F42/><W74/><G74/><T30/><D36/><U28/><E117/><V10/><F66/><W27/><G119/><T31/><D121/><U32/><E112/><V120/><F111/><W128/><G114/><T84/><D68/><U40/><E129/><N who="3" m="49770" /><G64/><T104/><D104/><U75/><E75/><V124/><F107/><W79/><G79/><T63/><D2/><U54/><E32/><V7/><F86/><W97/><G12/><T57/><D84/><U25/><E14/><N who="2" m="7639" /><F7/><W103/><G6/><T43/><D43/><U78/><E78/><V80/><F80/><W35/><G27/><T83/><D83/><U60/><E5/><V72/><F72/><W46/><G26/><T118/><D118/><U131/><E131/><V15/><F15/><W91/><G35/><T77/><D77/><U113/><E113/><V108/><F108/><W3/><G3/><T105/><D105/><U81/><E81/><V23/><F120/><W29/><G29/><N who="0" m="10763" /><D17/><U49/><E101/><AGARI ba="0,0" hai="44,46,47,91,92,97,101,103,132,134,135" m="49770" machi="101" ten="40,2600,0" yaku="20,1,19,1" doraHai="50" who="3" fromWho="1" sc="204,0,51,-26,400,0,345,26" />
</Scene>
<Scene>
<INIT seed="6,0,0,5,3,62" ten="204,25,400,371" oya="2" hai0="109,24,112,53,44,94,116,118,133,41,42,66,101" hai1="64,8,76,36,5,127,98,114,106,77,75,65,113" hai2="107,95,130,78,0,104,125,126,90,22,91,49,38" hai3="99,23,1,119,87,55,10,30,37,86,57,80,111"/><V82/><F49/><W31/><G111/><T122/><D109/><U121/><E121/><V60/><F60/><W26/><G119/><N who="0" m="45611" /><D122/><U84/><E75/><V69/><F69/><W7/><G37/><T88/><D101/><U83/><E76/><V51/><F51/><W97/><G31/><T48/><D133/><U103/><E36/><V14/><F22/><W46/><G46/><T81/><D81/><U79/><E79/><V128/><F14/><W27/><G27/><T59/><D24/><U61/><E61/><V74/><F0/><W39/><G39/><T70/><D112/><U129/><E129/><N who="2" m="49771" /><F38/><W131/><G131/><T33/><D33/><U34/><E34/><V19/><F19/><W120/><G120/><T9/><D9/><U92/><E127/><N who="2" m="48651" /><F90/><W47/><G47/><T50/><D70/><U71/><E106/><V58/><F58/><W29/><G29/><T54/><D59/><U25/><E25/><V102/><F102/><W45/><G45/><T124/><D124/><U108/><E108/><V52/><F104/><W110/><G110/><T63/><D50/><U13/><REACH who="1" step="1"/><E71/><REACH who="1" ten="204,15,400,371" step="2"/><V93/><F107/><W21/><G21/><T100/><D63/><U72/><E72/><V123/><F74/><W89/><G57/><T43/><D44/><U73/><E73/><V35/><F78/><W135/><G135/><T105/><D105/><U18/><E18/><V11/><F35/><W134/><G134/><T6/><D48/><U4/><E4/><V56/><F123/><W15/><G1/><T68/><D6/><U85/><E85/><N who="3" m="32266" /><G55/><T12/><D54/><RYUUKYOKU ba="0,1" sc="204,-15,15,15,400,-15,371,15" hai1="5,8,13,64,65,77,83,84,92,98,103,113,114" hai3="7,10,15,23,26,30,80,89,97,99" />
</Scene>
<Scene>
<INIT seed="7,1,1,4,0,56" ten="189,30,385,386" oya="3" hai0="71,133,36,60,122,129,29,50,82,1,73,48,52" hai1="6,15,115,70,44,116,90,41,63,92,3,12,24" hai2="45,34,14,107,102,113,101,61,128,53,105,89,10" hai3="57,68,124,83,5,130,26,99,74,49,25,35,104"/><W66/><G5/><T94/><D122/><U79/><E115/><V16/><F34/><W95/><G104/><T7/><D36/><U93/><E116/><V126/><F113/><W47/><G68/><T106/><D106/><U118/><E118/><V11/><F11/><W119/><G119/><T40/><D40/><U64/><E79/><V81/><F128/><W54/><G130/><T55/><D29/><U2/><E92/><V9/><F9/><W78/><G124/><T120/><D48/><U98/><E12/><V4/><F4/><W117/><G117/><T8/><D133/><U39/><E6/><V20/><F20/><W72/><G72/><T77/><D94/><U84/><E24/><V125/><F105/><W131/><G131/><T103/><D50/><U132/><E132/><V96/><F102/><W80/><G35/><T31/><D31/><U127/><E127/><V65/><F65/><W28/><G28/><T123/><D103/><U121/><E121/><V109/><F109/><W110/><G110/><T19/><D19/><U69/><E84/><N who="2" m="50319" /><F61/><N who="3" m="38191" /><G74/><T135/><D73/><U30/><E30/><V42/><F42/><W27/><G78/><T62/><D77/><U37/><E37/><V75/><F75/><W22/><G22/><T87/><D135/><U112/><E112/><V51/><AGARI ba="1,1" hai="10,14,16,45,51,53,96,101,107,125,126" m="50319" machi="51" ten="30,2000,0" yaku="25,1,54,1" doraHai="56" who="2" fromWho="2" sc="189,-6,30,-6,385,33,386,-11" owari="183,-22.0,24,-48.0,418,52.0,375,18.0" />
</Scene>
</mjloggm>