<mjloggm ver="2.3"><GO type="169" lobby="0"/><UN n0="%E3%81%A7%E3%81%93%E3%81%98" n1="%E9%9D%9E%E5%8A%B9%E7%8E%87%E6%89%93%E6%B3%95" n2="%4B%E3%80%82" n3="%E5%A4%AA%E3%81%8F%E3%81%AA%E3%81%84%E3%81%8A" dan="17,17,18,18" rate="2136.96,2198.04,2209.70,2234.55" sx="M,M,M,F"/><TAIKYOKU oya="0"/>

<Scene>
<INIT seed="0,0,0,4,1,7" ten="250,250,250,250" oya="0" hai0="107,73,79,51,102,50,63,18,129,3,125,71,114" hai1="127,25,39,116,88,108,1,100,52,64,26,56,83" hai2="90,34,61,72,74,12,38,55,65,43,8,115,123" hai3="97,78,131,24,67,92,28,94,10,84,37,59,41"/><T9/><D114/><U135/><E116/><V57/><F115/><W32/><G131/><T62/><D129/><U30/><E39/><V103/><F123/><W13/><G37/><T53/><D125/><U130/><E130/><V70/><F34/><W76/><G41/><T19/><D107/><U69/><E127/><V11/><F103/><W96/><G67/><T58/><D102/><U20/><E1/><V48/><F90/><W81/><G59/><T120/><D120/><U95/><E108/><V124/><F124/><W40/><G40/><T87/><D73/><N who="2" m="28266" /><F12/><W111/><G111/><T6/><D71/><U42/><E42/><V0/><F0/><W134/><G76/><T4/><D4/><U75/><E100/><V86/><F86/><W66/><G66/><T80/><REACH who="0" step="1"/><D51/><REACH who="0" ten="240,250,250,250" step="2"/><U122/><E69/><V82/><F82/><W126/><G126/><T45/><D45/><AGARI ba="0,1" hai="8,11,38,43,45,48,55,57,61,65,70" m="28266" machi="45" ten="30,3900,0" yaku="24,1,52,2" doraHai="7" who="2" fromWho="0" sc="240,-39,250,0,250,49,250,0" />
</Scene>
<Scene>
<INIT seed="1,0,0,0,5,86" ten="201,250,299,250" oya="1" hai0="93,32,11,24,9,80,90,1,33,2,60,107,53" hai1="135,79,120,75,26,106,87,92,27,133,130,19,28" hai2="8,99,114,37,97,69,81,127,100,65,17,122,42" hai3="72,57,46,105,0,36,48,98,94,128,30,70,110"/><U61/><E106/><V134/><F122/><W119/><G70/><T31/><D107/><U102/><E120/><V15/><F134/><N who="1" m="51209" /><E130/><V95/><F127/><W38/><G105/><T34/><D80/><N who="1" m="45183" /><E28/><V118/><F118/><W49/><G72/><T22/><D53/><U58/><E19/><V124/><F124/><W78/><G30/><T66/><D2/><U51/><E51/><V112/><F81/><W55/><G0/><T126/><D1/><U91/><E102/><V25/><F25/><W108/><G128/><T84/><REACH who="0" step="1"/><D126/><REACH who="0" ten="191,250,299,250" step="2"/><U45/><E45/><V111/><F114/><W68/><G46/><T96/><D96/><U115/><E115/><V44/><F112/><W35/><G98/><T56/><AGARI ba="0,1" hai="9,11,22,24,31,32,33,34,56,60,66,84,90,93" machi="56" ten="30,4000,0" yaku="1,1,0,1,52,1,53,0" doraHai="86" doraHaiUra="40" who="0" fromWho="0" sc="191,50,250,-20,299,-10,250,-10" />
</Scene>
<Scene>
<INIT seed="2,0,0,4,3,86" ten="241,230,289,240" oya="2" hai0="77,128,39,33,94,55,121,49,40,134,125,13,68" hai1="58,59,88,65,118,15,100,119,116,17,111,30,0" hai2="66,106,112,74,28,117,32,54,43,82,27,123,73" hai3="44,78,99,130,90,21,64,83,84,63,135,61,38"/><V101/><F123/><W91/><G130/><T93/><D121/><U22/><E111/><V108/><F117/><W132/><G21/><T37/><D33/><U60/><E0/><V80/><F112/><W107/><G107/><T5/><D68/><U102/><E30/><V109/><F43/><N who="3" m="22647" /><G99/><T133/><D128/><U69/><REACH who="1" step="1"/><E88/><REACH who="1" ten="241,220,289,240" step="2"/><N who="3" m="33834" /><G64/><T35/><D133/><AGARI ba="0,1" hai="61,63,78,83,84,132,133,135" m="33834,22647" machi="133" ten="30,8000,1" yaku="20,1,52,3,54,1" doraHai="86" who="3" fromWho="0" sc="241,-80,220,0,289,0,240,90" />
</Scene>
<Scene>
<INIT seed="3,0,0,2,3,13" ten="161,220,289,330" oya="3" hai0="122,42,130,128,4,61,60,43,89,65,129,103,58" hai1="95,28,85,48,38,87,63,120,114,45,6,15,113" hai2="106,39,17,66,31,93,90,76,78,55,69,74,110" hai3="109,125,0,123,99,19,132,94,118,124,24,40,35"/><W12/><G123/><T56/><D103/><U34/><E120/><V96/><F110/><W5/><G118/><T1/><D89/><U53/><E38/><V18/><F39/><W26/><G40/><T86/><D86/><U21/><E34/><V20/><F69/><W27/><G94/><T68/><D4/><U64/><E113/><V16/><F66/><W134/><G99/><T108/><D1/><U73/><E73/><V80/><F106/><W104/><G104/><T133/><D122/><U115/><E115/><V41/><F41/><N who="0" m="15370" /><D108/><U23/><E114/><V3/><F3/><W59/><G35/><T88/><D88/><U117/><E117/><V10/><F10/><N who="3" m="2343" /><G59/><N who="0" m="22571" /><D60/><U71/><E95/><V70/><F76/><W101/><G101/><T32/><D32/><U44/><E87/><V7/><F7/><W102/><G102/><T77/><D77/><U9/><E85/><V127/><F70/><W126/><G109/><T49/><D49/><U62/><E62/><V30/><F20/><AGARI ba="0,0" hai="12,19,20,24,26,27,124,125,126,132,134" m="2343" machi="20" ten="40,12000,1" yaku="18,1,34,2,52,1" doraHai="13" who="3" fromWho="2" sc="161,0,220,0,289,-120,330,120" />
</Scene>
<Scene>
<INIT seed="3,1,0,2,4,131" ten="161,220,169,450" oya="3" hai0="23,8,84,41,38,19,30,57,75,96,114,82,94" hai1="130,110,37,76,107,61,85,116,17,22,129,44,43" hai2="33,15,109,26,98,97,54,117,50,64,120,111,65" hai3="2,34,100,95,10,118,66,27,86,72,134,25,125"/><W32/><G72/><T35/><D114/><U73/><E107/><V47/><F117/><W133/><G118/><T106/><D75/><U5/><E116/><V87/><F120/><W91/><G125/><T127/><D106/><U46/><E110/><N who="2" m="41995" /><F15/><W9/><G66/><N who="2" m="25705" /><F87/><W7/><G100/><T36/><D127/><U122/><E122/><V59/><F59/><W4/><G27/><T51/><D8/><U126/><E126/><V29/><AGARI ba="1,0" hai="26,29,33,47,50,54,97,98" m="25705,41995" machi="29" ten="30,1100,0" yaku="14,1" doraHai="131" who="2" fromWho="2" sc="161,-4,220,-4,169,14,450,-6" />
</Scene>
<Scene>
<INIT seed="4,0,0,3,5,133" ten="157,216,183,444" oya="0" hai0="49,122,29,38,16,103,58,113,13,71,102,35,25" hai1="101,135,121,130,127,59,6,124,73,2,68,90,8" hai2="33,28,83,17,63,14,108,44,81,40,110,120,74" hai3="69,18,57,45,1,65,32,21,67,87,4,78,96"/><T37/><D122/><U66/><E121/><V30/><F120/><W7/><G32/><T93/><D71/><U105/><E135/><V48/><F63/><W0/><G69/><T129/><D113/><U53/><E73/><V114/><F114/><W26/><G45/><T84/><D129/><U97/><E130/><V123/><F123/><W50/><G96/><T10/><D103/><U99/><E66/><N who="3" m="25098" /><G1/><T46/><D58/><U76/><E68/><V64/><F64/><W12/><G0/><T94/><D94/><U131/><E76/><V61/><F61/><W91/><G78/><T88/><REACH who="0" step="1"/><D102/><REACH who="0" ten="147,216,183,444" step="2"/><U111/><E131/><V104/><F108/><W128/><G128/><T15/><D15/><U117/><E111/><V119/><F110/><W11/><G57/><T98/><D98/><U106/><E106/><V85/><F104/><W75/><G12/><T3/><D3/><U31/><E105/><V92/><F92/><W100/><G100/><T39/><D39/><U62/><E101/><V19/><F14/><W80/><G80/><T52/><AGARI ba="0,1" hai="10,13,16,25,29,35,37,38,46,49,52,84,88,93" machi="52" ten="20,18000,2" yaku="1,1,0,1,7,1,54,3,53,0" doraHai="133" doraHaiUra="77" who="0" fromWho="0" sc="147,190,216,-60,183,-60,444,-60" />
</Scene>
<Scene>
<INIT seed="4,1,0,3,3,6" ten="337,156,123,384" oya="0" hai0="134,16,68,64,0,71,123,94,84,113,51,88,111" hai1="19,108,52,82,40,9,107,13,118,103,23,54,38" hai2="59,42,22,24,12,25,44,48,96,74,3,75,41" hai3="45,1,100,31,30,11,61,110,91,102,133,58,132"/><T127/><D123/><U32/><E118/><V18/><F3/><W60/><G110/><T120/><D120/><U126/><E108/><V34/><F42/><W67/><G45/><T72/><D111/><U47/><E32/><V57/><F96/><W119/><G119/><T80/><D113/><U90/><E126/><V130/><F130/><W27/><G91/><T78/><D127/><U105/><E103/><N who="3" m="39466" /><G61/><T39/><D39/><U21/><E105/><V53/><F57/><W106/><G106/><T37/><D37/><U135/><E107/><V69/><F69/><W4/><G27/><T129/><D129/><U116/><E135/><AGARI ba="1,0" hai="1,4,11,30,31,58,60,67,132,133,135" m="39466" machi="135" ten="30,2000,0" yaku="20,1,52,1" doraHai="6" who="3" fromWho="1" sc="337,0,156,-23,123,0,384,23" />
</Scene>
<Scene>
<INIT seed="5,0,0,3,5,97" ten="337,133,123,407" oya="1" hai0="113,135,49,66,15,83,38,75,71,133,69,129,55" hai1="104,79,3,92,72,128,89,56,76,9,78,17,21" hai2="118,29,13,27,4,16,20,5,61,93,24,64,117" hai3="18,124,6,114,47,123,54,7,32,35,62,116,39"/><U51/><E104/><V28/><F93/><W90/><G123/><T101/><D15/><U81/><E128/><V10/><F61/><W82/><G114/><T130/><D83/><U106/><E106/><V67/><F67/><W105/><G105/><T94/><D75/><U107/><E107/><V96/><F96/><W25/><G124/><T100/><D94/><U52/><E3/><V120/><F64/><W19/><G116/><N who="2" m="44649" /><F120/><W95/><G82/><T0/><D0/><U132/><E9/><V111/><F111/><W44/><G39/><T110/><D38/><U1/><E1/><V65/><F65/><W102/><G62/><N who="0" m="40151" /><D71/><U87/><REACH who="1" step="1"/><E132/><REACH who="1" ten="337,123,123,407" step="2"/><N who="0" m="50761" /><D110/><U131/><E131/><N who="0" m="50185" /><D113/><U50/><E50/><V115/><F115/><W60/><G60/><T80/><D80/><U46/><E46/><AGARI ba="0,1" hai="46,49,55,100,101" m="50185,50761,40151" machi="46" ten="30,7700,0" yaku="20,1,19,1,52,2" doraHai="97" who="0" fromWho="1" sc="337,87,123,-77,123,0,407,0" />
</Scene>
<Scene>
<INIT seed="6,0,0,1,4,124" ten="424,46,123,407" oya="2" hai0="16,21,87,89,70,66,53,90,10,104,127,130,7" hai1="88,114,42,54,97,92,44,69,32,18,2,58,76" hai2="11,77,118,22,14,12,52,105,71,96,74,73,20" hai3="6,37,86,121,17,100,94,72,25,62,125,135,112"/><V31/><F118/><W49/><G121/><T28/><D104/><U108/><E108/><V36/><F71/><W48/><G37/><T56/><D127/><U65/><E2/><V107/><F36/><W82/><G125/><T129/><D28/><U120/><E120/><V113/><F113/><W4/><G135/><T50/><D66/><U132/><E132/><V3/><F3/><W23/><G72/><T133/><D70/><U109/><E109/><V57/><F31/><W126/><G126/><T122/><D122/><U68/><E32/><V123/><F123/><W43/><G62/><T101/><D101/><U34/><E34/><V24/><F24/><W102/><G112/><T33/><D33/><U131/><E76/><V80/><F74/><W128/><G100/><T55/><D55/><U39/><E65/><V9/><F96/><N who="3" m="59671" /><G128/><N who="0" m="49259" /><D133/><U63/><E114/><V29/><F29/><W103/><G103/><T40/><D40/><U110/><E110/><V93/><F105/><W134/><G134/><T45/><D45/><U30/><E30/><V35/><F35/><W60/><G43/><T83/><D90/><U81/><E131/><V19/><F107/><W119/><G119/><T98/><D98/><U46/><E46/><V117/><F117/><W84/><G60/><T26/><D10/><U61/><E63/><V38/><F11/><W115/><G115/><T99/><D99/><U27/><E81/><V0/><F9/><W51/><G82/><T67/><D67/><U106/><E106/><V64/><F64/><W5/><AGARI ba="0,0" hai="4,5,6,17,23,25,48,49,51,84,86" m="59671" machi="5" ten="30,1100,0" yaku="8,1" doraHai="124" who="3" fromWho="3" sc="424,-3,46,-3,123,-5,407,11" />
</Scene>
<Scene>
<INIT seed="7,0,0,2,0,30" ten="421,43,118,418" oya="3" hai0="94,131,68,121,92,60,77,95,134,129,65,99,64" hai1="28,111,81,102,115,34,61,103,88,73,58,54,11" hai2="87,6,29,89,67,51,97,126,21,79,72,71,133" hai3="17,46,66,130,110,53,14,40,98,37,49,124,59"/><W26/><G130/><N who="0" m="49675" /><D121/><U23/><E111/><V114/><F114/><W118/><G118/><T36/><D36/><U48/><E115/><V62/><F126/><W7/><G124/><T119/><D119/><U113/><E113/><V83/><F133/><W43/><G110/><T18/><D134/><U52/><E11/><V47/><F6/><W127/><G127/><T91/><D77/><U86/><E73/><V116/><F116/><W27/><G7/><T5/><D5/><U45/><REACH who="1" step="1"/><E34/><REACH who="1" ten="421,33,118,418" step="2"/><V25/><F97/><W76/><G98/><T70/><D18/><U1/><E1/><V15/><F72/><W120/><G120/><T13/><D13/><U90/><E90/><V32/><F15/><W105/><G76/><T135/><D135/><U31/><E31/><V93/><F32/><W57/><G105/><T96/><D91/><U12/><E12/><V44/><F79/><W8/><REACH who="3" step="1"/><G43/><REACH who="3" ten="421,33,118,408" step="2"/><T125/><D125/><U132/><E132/><V50/><F29/><W104/><G104/><T80/><D96/><U112/><E112/><V74/><F74/><W109/><G109/><T39/><D99/><U2/><E2/><V20/><F21/><W55/><G55/><T107/><D107/><U22/><E22/><V41/><F20/><W69/><G69/><T106/><D106/><U16/><E16/><V82/><F25/><AGARI ba="0,2" hai="23,25,28,45,48,52,54,58,61,81,86,88,102,103" machi="25" ten="40,8000,1" yaku="1,1,8,1,54,2,53,0" doraHai="30" doraHaiUra="63" who="1" fromWho="2" sc="421,0,33,100,118,-80,408,0" owari="421,52.0,133,-27.0,38,-46.0,408,21.0" />
</Scene>
</mjloggm>