<mjloggm ver="2.3"><GO type="169"/><UN n0="%E4%BD%90%E5%80%89%E7%B4%97%E7%B9%94" n1="%E5%A4%AA%E3%81%8F%E3%81%AA%E3%81%84%E3%81%8A" n2="%41%6B%61%2D%75%72%61" n3="%E9%B7%B9%EF%BC%93" dan="16,18,17,16" rate="2070,2161,2092,2142" sx="F,M,M,M"/><TAIKYOKU oya="0"/>

<Scene>
<INIT seed="0,0,0,2,3,130" ten="250,250,250,250" oya="0" hai0="19,64,5,24,47,28,31,94,118,86,51,30,36" hai1="43,26,52,14,59,127,120,135,33,97,23,50,114" hai2="62,58,113,119,131,82,126,84,87,29,110,20,79" hai3="45,73,72,56,76,70,111,48,55,68,41,16,57"/><T95/><D118/><U129/><E120/><V37/><F113/><W90/><G111/><T27/><D36/><U98/><E129/><V8/><F110/><W6/><G6/><T71/><D71/><U74/><E74/><V96/><F131/><W91/><G56/><T65/><D5/><U132/><E114/><V124/><F37/><W0/><G0/><T75/><D75/><U7/><E33/><V80/><F96/><W4/><G4/><T11/><D11/><N who="1" m="4479" /><E43/><V103/><F103/><W133/><G133/><N who="1" m="51274" /><E127/><V22/><F8/><W69/><G73/><T38/><D38/><U66/><E66/><N who="0" m="25705" /><D86/><U34/><E34/><V77/><F119/><W89/><G72/><T10/><D27/><U1/><E1/><V63/><F29/><AGARI ba="0,0" hai="23,26,29,50,52,59,97,98" m="51274,4479" machi="29" ten="30,8000,1" yaku="20,1,52,3,54,1" doraHai="130" who="1" fromWho="2" sc="250,0,250,80,250,-80,250,0" />
</Scene>
<Scene>
<INIT seed="1,0,0,2,5,105" ten="250,330,170,250" oya="1" hai0="94,118,114,44,96,45,116,88,72,133,119,69,0" hai1="100,91,38,108,87,13,58,57,113,81,75,95,60" hai2="125,6,64,18,53,127,9,1,93,85,59,29,42" hai3="48,40,110,28,92,65,34,49,33,74,35,5,122"/><U83/><E113/><V31/><F64/><W82/><G110/><T132/><D69/><U16/><E38/><V11/><F42/><W115/><G122/><T80/><D0/><U99/><E108/><V62/><F18/><W129/><G115/><T78/><REACH who="0" step="1"/><D114/><REACH who="0" ten="240,330,170,250" step="2"/><U21/><REACH who="1" step="1"/><E60/><REACH who="1" ten="240,320,170,250" step="2"/><V109/><F109/><W112/><G112/><T73/><D73/><U102/><E102/><V2/><F127/><W19/><G74/><T22/><D22/><U4/><E4/><V15/><F125/><W86/><G129/><T121/><D121/><U36/><E36/><V134/><F62/><W7/><G35/><T3/><D3/><U8/><E8/><V23/><F1/><W54/><G33/><T101/><D101/><U106/><E106/><V61/><F9/><W63/><G34/><T47/><AGARI ba="0,2" hai="44,45,47,72,78,80,88,94,96,116,118,119,132,133" machi="47" ten="40,8000,1" yaku="1,1,0,1,52,1,54,1,53,0" doraHai="105" doraHaiUra="98" who="0" fromWho="0" sc="240,100,320,-40,170,-20,250,-20" />
</Scene>
<Scene>
<INIT seed="2,0,0,4,5,60" ten="340,280,150,230" oya="2" hai0="123,115,32,35,95,41,52,70,113,119,90,97,59" hai1="18,131,98,26,16,132,58,7,43,1,62,111,11" hai2="17,9,135,96,2,47,120,80,34,55,87,83,122" hai3="71,29,6,73,72,67,14,133,36,56,64,116,125"/><V65/><F34/><W69/><G116/><T100/><D70/><U37/><E111/><V118/><F118/><W45/><G29/><T107/><D119/><U126/><E126/><V91/><F135/><W105/><G105/><T12/><D123/><U102/><E132/><V129/><F129/><W24/><G24/><T104/><D104/><U25/><E131/><V114/><F114/><W101/><G133/><T15/><D35/><U117/><E117/><V124/><F124/><W8/><G101/><T106/><D107/><U0/><E0/><V20/><F96/><W103/><G125/><T40/><D32/><U84/><E84/><V57/><F83/><W10/><G103/><T31/><D31/><U82/><E82/><V22/><F65/><W77/><G45/><T112/><D41/><U89/><E89/><V38/><F20/><W3/><G36/><T92/><D40/><U50/><E37/><V130/><F47/><W108/><G108/><T61/><REACH who="0" step="1"/><D106/><REACH who="0" ten="330,280,150,230" step="2"/><U134/><E43/><V76/><F130/><W13/><G71/><T44/><D44/><U78/><E134/><V51/><F38/><W30/><G69/><T63/><D63/><U66/><E62/><V109/><F109/><W39/><G30/><T99/><AGARI ba="0,1" hai="12,15,52,59,61,90,92,95,97,99,100,112,113,115" machi="99" ten="40,5200,0" yaku="1,1,0,1,54,1,53,0" doraHai="60" doraHaiUra="42" who="0" fromWho="0" sc="330,62,280,-13,150,-26,230,-13" />
</Scene>
<Scene>
<INIT seed="3,0,0,3,0,68" ten="392,267,124,217" oya="3" hai0="42,88,77,120,89,21,135,107,45,23,12,72,122" hai1="49,87,129,16,79,6,25,108,125,92,94,103,50" hai2="57,32,65,82,8,100,132,67,30,97,60,47,121" hai3="3,7,1,93,91,43,2,128,112,86,74,109,46"/><W24/><G112/><T0/><D107/><U123/><E123/><V61/><F132/><W13/><G128/><T134/><D21/><N who="1" m="13479" /><E129/><V70/><F121/><N who="0" m="46698" /><D23/><U81/><E108/><V35/><F30/><W126/><G109/><T66/><D12/><U28/><E125/><V9/><F47/><W119/><G126/><T78/><D66/><U31/><E6/><V15/><F82/><W36/><G119/><T84/><D0/><U106/><E106/><V73/><F73/><W80/><G24/><T58/><D58/><U38/><E38/><V115/><F115/><W130/><G130/><T4/><D4/><U22/><E22/><V105/><REACH who="2" step="1"/><F9/><REACH who="2" ten="392,267,114,217" step="2"/><W95/><REACH who="3" step="1"/><G74/><REACH who="3" ten="392,267,114,207" step="2"/><T99/><D72/><U98/><E31/><V83/><F83/><W127/><G127/><T56/><D135/><U110/><E110/><V52/><F52/><W34/><G34/><T63/><D134/><U59/><E28/><V41/><F41/><W124/><G124/><T96/><D78/><U118/><E79/><V11/><F11/><AGARI ba="0,2" hai="1,2,3,7,11,13,36,43,46,80,86,91,93,95" machi="11" ten="40,3900,0" yaku="1,1,52,1,53,0" doraHai="68" doraHaiUra="14" who="3" fromWho="2" sc="392,0,267,0,114,-39,207,59" />
</Scene>
<Scene>
<INIT seed="3,1,0,4,3,31" ten="392,267,75,266" oya="3" hai0="63,93,5,75,135,68,53,66,14,120,130,114,83" hai1="128,70,54,84,85,103,49,107,17,80,19,113,131" hai2="8,73,99,0,33,78,76,27,24,40,62,37,35" hai3="4,9,124,26,52,82,117,7,81,67,125,74,72"/><W134/><G117/><T98/><D120/><U13/><E113/><V30/><F62/><W110/><G110/><T55/><D114/><U109/><E70/><V129/><F129/><N who="1" m="49737" /><E109/><V2/><F99/><W58/><G134/><T119/><D135/><U133/><E133/><V32/><F24/><W89/><G67/><T95/><D95/><U96/><E13/><V116/><F116/><W101/><G101/><T16/><D5/><N who="3" m="2121" /><G26/><T51/><D51/><U94/><E94/><V65/><F65/><W12/><G12/><T22/><D119/><U100/><E100/><V115/><F115/><W88/><G9/><T69/><D69/><U112/><E112/><V90/><F90/><N who="3" m="34923" /><G58/><T92/><D92/><U118/><E118/><V71/><F71/><W61/><G61/><T25/><D130/><U43/><E43/><V106/><F106/><W15/><G15/><T64/><D64/><U10/><E10/><V108/><F108/><W47/><G47/><T18/><D93/><U79/><E85/><V111/><F111/><W1/><G1/><N who="2" m="617" /><F8/><W127/><G52/><T36/><D68/><U86/><E84/><V57/><F57/><AGARI ba="1,0" hai="17,19,49,54,57,79,80,86,96,103,107" m="49737" machi="57" ten="30,1000,0" yaku="19,1" doraHai="31" who="1" fromWho="2" sc="392,0,267,13,75,-13,266,0" />
</Scene>
<Scene>
<INIT seed="4,0,0,4,3,3" ten="392,280,62,266" oya="0" hai0="1,131,102,23,119,114,117,9,68,34,88,38,78" hai1="125,12,11,6,63,51,46,50,57,36,79,20,112" hai2="41,56,40,111,7,47,31,42,101,39,54,32,113" hai3="27,97,75,86,15,65,123,107,55,49,129,8,62"/><T35/><D102/><U29/><E125/><V82/><F111/><W25/><G129/><T120/><D88/><U87/><E112/><V4/><F101/><W92/><G123/><T61/><D78/><U126/><E126/><V24/><F113/><W128/><G128/><T66/><D23/><U59/><E36/><V14/><F14/><W21/><G75/><T91/><D91/><U135/><E135/><V44/><F82/><W130/><G130/><T48/><D48/><U72/><E72/><V85/><F85/><W77/><G107/><T64/><D64/><U43/><E51/><V110/><F110/><W103/><G21/><T121/><D114/><U89/><E63/><V124/><F124/><W73/><G73/><T76/><D76/><U115/><E115/><V98/><F98/><W108/><G108/><T105/><D38/><U127/><E127/><V22/><F32/><N who="0" m="12330" /><D105/><U116/><E116/><N who="0" m="44617" /><D131/><U37/><E37/><V13/><F39/><W60/><G77/><T2/><D2/><U17/><E79/><V96/><F96/><W99/><G99/><T53/><D53/><U134/><E57/><V16/><F44/><N who="3" m="28071" /><G86/><T106/><D106/><U67/><E59/><V5/><F47/><W69/><G62/><T26/><D26/><N who="1" m="16583" /><E67/><V90/><F90/><W133/><G133/><T94/><D94/><N who="1" m="54591" /><E134/><V93/><F93/><W19/><G69/><T18/><D18/><AGARI ba="0,0" hai="6,11,12,17,18,43,46,50" m="54591,16583" machi="18" ten="30,2000,0" yaku="8,1,52,1" doraHai="3" who="1" fromWho="0" sc="392,-20,280,20,62,0,266,0" />
</Scene>
<Scene>
<INIT seed="5,0,0,2,3,64" ten="372,300,62,266" oya="1" hai0="38,133,44,55,50,135,15,129,0,5,7,61,70" hai1="46,40,128,39,57,63,74,3,26,24,21,78,75" hai2="53,87,71,104,14,99,76,113,49,8,82,68,132" hai3="106,34,83,108,81,52,19,105,122,17,73,123,42"/><U30/><E3/><V6/><F132/><N who="0" m="50762" /><D0/><U54/><E128/><V95/><F104/><W94/><G108/><T109/><D129/><U2/><E2/><V36/><F36/><W18/><G34/><T60/><D109/><U23/><REACH who="1" step="1"/><E78/><REACH who="1" ten="372,290,62,266" step="2"/><V29/><F113/><W69/><G123/><T32/><D38/><U43/><E43/><V47/><REACH who="2" step="1"/><F29/><AGARI ba="0,1" hai="21,23,24,26,29,30,39,40,46,54,57,63,74,75" machi="29" ten="30,5800,0" yaku="1,1,7,1,9,1,53,0" doraHai="64" doraHaiUra="91" who="1" fromWho="2" sc="372,0,290,68,62,-58,266,0" />
</Scene>
<Scene>
<INIT seed="5,1,0,3,5,114" ten="372,358,4,266" oya="1" hai0="67,73,125,6,20,118,126,15,13,98,22,24,48" hai1="31,21,59,93,79,116,50,106,123,99,102,10,58" hai2="39,17,64,44,49,88,94,5,23,80,33,16,69" hai3="57,43,89,66,75,28,120,131,134,103,19,52,70"/><U109/><E116/><V8/><F33/><W42/><G120/><T3/><D67/><U91/><E123/><V76/><F39/><W122/><G122/><T112/><D48/><U74/><E109/><V18/><F69/><W68/><G134/><T132/><D98/><U104/><E10/><V37/><F37/><W61/><G131/><T7/><D73/><U32/><E32/><V133/><F64/><W87/><G75/><T90/><D90/><U1/><E1/><V30/><F30/><W56/><G103/><T130/><D112/><U77/><E106/><V128/><F128/><W38/><G28/><N who="0" m="17415" /><D130/><U62/><E50/><V100/><F100/><W107/><G107/><T121/><D121/><U2/><E2/><V47/><F133/><W25/><G38/><T46/><D46/><N who="2" m="17450" /><F49/><N who="3" m="30735" /><G68/><T124/><D132/><U96/><E74/><V26/><F80/><N who="3" m="49383" /><G70/><T63/><D63/><U81/><E81/><V105/><F105/><W78/><G78/><T51/><D51/><U113/><E113/><V54/><F76/><W82/><G82/><T84/><D84/><U4/><E79/><V35/><F54/><W65/><G65/><T129/><D129/><U92/><E77/><V41/><F41/><W110/><G110/><T108/><D3/><U101/><E62/><V27/><F35/><W14/><G25/><T111/><D111/><U135/><E135/><V53/><F53/><W86/><G86/><T119/><D108/><U11/><E104/><V83/><F83/><W29/><G29/><T97/><D97/><U127/><E102/><V12/><F27/><W34/><G34/><RYUUKYOKU ba="1,0" sc="372,-15,358,-15,4,15,266,15" hai2="5,8,12,16,17,18,23,26,88,94" hai3="14,19,42,43,57,61,66" />
</Scene>
<Scene>
<INIT seed="6,2,0,5,2,121" ten="357,343,19,281" oya="2" hai0="5,46,76,78,9,31,7,43,71,16,70,107,90" hai1="58,48,106,34,118,63,79,116,112,100,38,62,88" hai2="44,56,131,123,26,84,0,54,39,59,108,113,25" hai3="128,55,19,14,33,42,109,22,104,80,1,103,101"/><V93/><F113/><W120/><G109/><T28/><D107/><U51/><E38/><V8/><F123/><W92/><G33/><T68/><D90/><U95/><E34/><V102/><F131/><W85/><G1/><T129/><D129/><U98/><E112/><V30/><F108/><W4/><G4/><T111/><D111/><U13/><E79/><V40/><F56/><W132/><G132/><T52/><D7/><U134/><E134/><V15/><F0/><W65/><G128/><T73/><D78/><U122/><E122/><V32/><F26/><W83/><G120/><T125/><D125/><U115/><E115/><V124/><F124/><W96/><G65/><T49/><D43/><U81/><E81/><V74/><F74/><W47/><G55/><T20/><D76/><U50/><E13/><V37/><F37/><W6/><G6/><T114/><D73/><U27/><E27/><V91/><F102/><W117/><G117/><T57/><D57/><U127/><E127/><V66/><F66/><W69/><G69/><T105/><D105/><U75/><E75/><V119/><F119/><W23/><G23/><T3/><REACH who="0" step="1"/><D114/><REACH who="0" ten="347,343,19,281" step="2"/><U41/><E41/><V72/><F72/><W35/><G35/><T64/><D64/><U89/><E89/><V2/><F2/><W21/><G21/><T82/><D82/><U87/><REACH who="1" step="1"/><E63/><REACH who="1" ten="347,333,19,281" step="2"/><N who="2" m="36343" /><F8/><W45/><G42/><T29/><D29/><U126/><E126/><V36/><F36/><W67/><G67/><AGARI ba="2,2" hai="48,50,51,58,62,67,87,88,95,98,100,106,116,118" machi="67" ten="40,5200,0" yaku="1,1,54,1,53,1" doraHai="121" doraHaiUra="94" who="1" fromWho="3" sc="347,0,333,78,19,0,281,-58" />
</Scene>
<Scene>
<INIT seed="7,0,0,5,3,128" ten="347,411,19,223" oya="3" hai0="37,115,65,73,98,48,12,9,11,105,127,68,125" hai1="70,51,129,107,27,3,54,123,39,28,42,64,126" hai2="103,20,83,119,75,135,8,90,118,114,109,26,60" hai3="61,46,22,41,58,7,80,49,74,79,124,43,104"/><W53/><G104/><T77/><D37/><U45/><E123/><V36/><F36/><W0/><G124/><T57/><D73/><U31/><E3/><V24/><F109/><W19/><G43/><T100/><D77/><U44/><E107/><V117/><F114/><W97/><G97/><T69/><D11/><U62/><E129/><V120/><F75/><W82/><G82/><T121/><D9/><U102/><E126/><N who="0" m="48137" /><D12/><U25/><REACH who="1" step="1"/><E102/><REACH who="1" ten="347,401,19,223" step="2"/><V112/><F120/><W71/><G71/><N who="0" m="27211" /><D100/><U21/><E21/><V113/><F119/><W72/><G72/><T133/><D105/><U94/><E94/><V15/><F118/><W38/><G0/><T6/><D6/><U50/><E50/><V35/><F113/><W101/><G101/><T130/><D98/><U52/><E52/><V59/><F112/><W30/><G7/><T67/><D130/><U81/><E81/><V88/><F103/><W18/><REACH who="3" step="1"/><G38/><REACH who="3" ten="347,401,19,213" step="2"/><T84/><D115/><U55/><E55/><N who="2" m="33919" /><F83/><W2/><G2/><T116/><D116/><U10/><E10/><V63/><F117/><W108/><G108/><T110/><D110/><U134/><E134/><V1/><F135/><W91/><G91/><T85/><D133/><U13/><E13/><V32/><F1/><W95/><G95/><T33/><D121/><U78/><E78/><V99/><F90/><W132/><G132/><T93/><D93/><U23/><E23/><V131/><F20/><W17/><G17/><T89/><D89/><U111/><E111/><V14/><F131/><W5/><G5/><T66/><D33/><U76/><E76/><RYUUKYOKU ba="0,2" sc="347,10,401,10,19,-30,213,10" hai0="48,57,65,66,67,84,85" hai1="25,27,28,31,39,42,44,45,51,54,62,64,70" hai3="18,19,22,30,41,46,49,53,58,61,74,79,80" owari="357,16.0,431,53.0,-11,-51.0,223,-18.0" />
</Scene>
</mjloggm>