<mjloggm ver="2.3"><GO type="97"/><UN n0="%E3%81%9F%EF%BD%9E%E3%82%8B" n1="%64%65%63%5F%73%6F%72%64" n2="%E3%81%8A%E3%81%A3%E3%81%8F%E3%82%93%E2%99%AA%E2%98%86" n3="%E5%A4%AA%E3%81%8F%E3%81%AA%E3%81%84%E3%81%8A" dan="14,15,15,14" rate="1933,1976,1975,2061" sx="M,M,M,M"/><TAIKYOKU oya="0"/>

<Scene>
<INIT seed="0,0,0,5,0,25" ten="250,250,250,250" oya="0" hai0="124,128,121,126,58,135,20,34,36,22,93,83,101" hai1="132,12,133,0,13,59,100,103,95,74,115,38,98" hai2="88,39,116,26,32,55,85,75,69,29,40,3,129" hai3="109,45,14,51,86,23,35,97,53,43,90,113,8"/><T106/><D121/><U9/><E38/><V17/><F116/><W125/><G113/><T46/><D36/><U70/><E70/><V44/><F129/><W82/><G35/><T4/><D34/><U61/><E74/><V110/><F110/><W54/><G109/><T21/><D4/><U120/><E120/><V7/><F75/><W19/><G125/><N who="0" m="48235" /><D128/><U80/><E103/><V87/><F69/><W33/><G33/><T107/><D135/><N who="1" m="51787" /><E115/><V111/><F111/><W64/><G64/><T105/><D46/><U63/><E63/><V67/><F67/><W68/><G68/><T89/><D58/><U77/><E9/><V56/><F17/><W72/><G72/><T27/><D83/><U104/><E0/><V16/><F16/><N who="3" m="8263" /><G97/><N who="0" m="61615" /><D27/><AGARI ba="0,0" hai="19,23,27,43,45,51,53,54,82,86,90" m="8263" machi="27" ten="30,2000,0" yaku="8,1,54,1" doraHai="25" who="3" fromWho="0" sc="250,-20,250,0,250,0,250,20" />
</Scene>
<Scene>
<INIT seed="1,0,0,3,2,106" ten="230,250,250,270" oya="1" hai0="5,133,0,75,20,104,4,73,46,108,28,118,87" hai1="79,36,128,21,131,121,105,49,40,82,29,83,96" hai2="31,76,59,93,98,30,42,99,16,120,71,22,84" hai3="47,56,62,103,122,1,111,116,64,6,130,34,23"/><U37/><E121/><V10/><F71/><W113/><G122/><T13/><D118/><U124/><E124/><V107/><F42/><W9/><G113/><T58/><D104/><U14/><E83/><V18/><F120/><W66/><G116/><T89/><D133/><U132/><E132/><V43/><F43/><W109/><G34/><T88/><D108/><N who="3" m="41545" /><G130/><N who="1" m="49706" /><E49/><V35/><F35/><W129/><G129/><T95/><D46/><U77/><E40/><V65/><F107/><W51/><G23/><T100/><D100/><N who="1" m="62599" /><E79/><V135/><F76/><W80/><G80/><T117/><D117/><U85/><E14/><V67/><F135/><W12/><G103/><T86/><D58/><U110/><E110/><V101/><F59/><W90/><G90/><T48/><D48/><U97/><E97/><V32/><F99/><W54/><G12/><T24/><D0/><U94/><E94/><V7/><F93/><W44/><G44/><T25/><D13/><U39/><E21/><V102/><F22/><W55/><AGARI ba="0,0" hai="1,6,9,47,51,54,55,56,62,64,66" m="41545" machi="55" ten="30,1100,0" yaku="14,1" doraHai="106" who="3" fromWho="3" sc="230,-3,250,-5,250,-3,270,11" />
</Scene>
<Scene>
<INIT seed="2,0,0,5,0,49" ten="227,245,247,281" oya="2" hai0="82,110,95,24,118,13,66,93,73,74,28,9,36" hai1="132,0,4,69,70,8,94,34,91,43,89,68,119" hai2="17,100,71,125,38,57,21,120,84,122,114,19,7" hai3="26,97,39,29,96,83,65,40,111,133,44,124,32"/><V3/><F71/><W35/><G65/><T107/><D36/><U88/><E119/><V103/><F38/><W14/><G111/><T131/><D66/><U99/><E34/><V67/><F114/><W60/><G124/><T104/><D131/><U22/><E132/><V105/><F125/><W46/><G133/><T115/><D110/><U101/><E43/><V87/><F7/><W90/><G46/><T61/><D115/><U77/><E77/><V134/><F3/><W75/><G60/><T48/><D61/><U25/><REACH who="1" step="1"/><E101/><REACH who="1" ten="227,235,247,281" step="2"/><V11/><F134/><W1/><G35/><T98/><D118/><U64/><E64/><V45/><F103/><W31/><G40/><T80/><D24/><U59/><E59/><V63/><F57/><W23/><G32/><T127/><D127/><U6/><E6/><V16/><F67/><W41/><G41/><T52/><D28/><AGARI ba="0,1" hai="0,4,8,22,25,28,68,69,70,88,89,91,94,99" machi="28" ten="40,2600,0" yaku="1,1,54,1,53,0" doraHai="49" doraHaiUra="78" who="1" fromWho="0" sc="227,-26,235,36,247,0,281,0" />
</Scene>
<Scene>
<INIT seed="3,0,0,1,1,1" ten="201,271,247,281" oya="3" hai0="77,26,38,132,28,37,21,63,39,78,119,24,93" hai1="12,6,108,86,19,32,131,47,20,2,59,14,51" hai2="62,74,114,109,22,107,126,116,48,115,71,49,75" hai3="123,10,92,95,23,27,124,53,130,15,117,34,90"/><W18/><G123/><T8/><D132/><U13/><E32/><V66/><F107/><W40/><G117/><T11/><D119/><U81/><E108/><V7/><F116/><W58/><G124/><T52/><D93/><U125/><E125/><V68/><F22/><W50/><G130/><T9/><REACH who="0" step="1"/><D26/><REACH who="0" ten="191,271,247,281" step="2"/><N who="1" m="14623" /><E131/><V102/><F126/><W112/><G112/><T99/><D99/><U54/><E2/><V79/><F115/><W55/><G95/><T56/><AGARI ba="0,1" hai="8,9,11,21,24,28,37,38,39,52,56,63,77,78" machi="56" ten="40,5200,0" yaku="1,1,0,1,54,1,53,0" doraHai="1" doraHaiUra="113" who="0" fromWho="0" sc="191,62,271,-13,247,-13,281,-26" />
</Scene>
<Scene>
<INIT seed="4,0,0,5,2,93" ten="253,258,234,255" oya="0" hai0="30,67,35,103,25,19,117,83,98,78,40,61,44" hai1="22,125,106,82,84,18,21,52,109,36,122,128,23" hai2="8,16,63,104,24,28,0,68,41,113,12,13,58" hai3="3,127,46,15,79,4,77,99,14,115,49,34,38"/><T74/><D117/><U66/><E106/><V65/><F113/><W121/><G34/><T105/><D19/><U114/><E109/><V73/><F73/><W87/><G38/><T6/><D6/><U131/><E36/><V86/><F104/><W108/><G108/><T90/><D90/><U31/><E122/><V42/><F68/><W111/><G111/><T92/><D92/><U96/><E66/><V33/><F0/><W59/><G115/><T50/><D61/><U39/><E39/><V17/><REACH who="2" step="1"/><F86/><REACH who="2" ten="253,258,224,255" step="2"/><W69/><G87/><T9/><D67/><U51/><E114/><V81/><F81/><W32/><G69/><T60/><D60/><U112/><E112/><V47/><F47/><W2/><G46/><T37/><D9/><AGARI ba="0,1" hai="8,9,12,13,16,17,24,28,33,41,42,58,63,65" machi="9" ten="30,7700,0" yaku="1,1,7,1,9,1,54,1,53,0" doraHai="93" doraHaiUra="133" who="2" fromWho="0" sc="253,-77,258,0,224,87,255,0" owari="176,-32.0,258,6.0,311,40.0,255,-14.0" />
</Scene>
</mjloggm>