<mjloggm ver="2.3"><GO type="97"/><UN n0="%E8%83%B4%E9%95%B7%E3%81%8A%E3%81%98%E3%81%95%E3%82%93" n1="%E5%A7%89%E5%B1%9E%E6%80%A7" n2="%E5%A4%AA%E3%81%8F%E3%81%AA%E3%81%84%E3%81%8A" n3="%E5%8F%8B%47%46%49" dan="13,14,13,14" rate="1823,1930,1998,1909" sx="M,F,M,M"/><TAIKYOKU oya="0"/>

<Scene>
<INIT seed="0,0,0,0,4,128" ten="250,250,250,250" oya="0" hai0="101,31,114,134,44,132,50,127,42,2,4,52,43" hai1="69,111,0,94,36,11,13,29,62,90,84,60,80" hai2="79,25,131,30,89,76,74,61,33,6,129,64,86" hai3="82,109,75,8,51,47,17,83,135,93,99,125,19"/><T27/><D114/><U119/><E119/><V10/><F74/><W46/><G109/><T100/><D127/><U9/><E36/><V73/><F73/><W106/><G125/><T18/><D4/><U37/><E37/><V133/><F89/><W116/><G116/><T26/><D2/><U66/><E60/><V34/><F34/><W59/><G106/><T53/><D53/><U77/><E111/><V54/><F54/><W68/><G68/><T85/><D85/><U118/><E118/><V98/><F98/><W21/><G75/><T107/><D27/><U92/><E29/><V96/><F96/><W91/><G135/><N who="0" m="51755" /><D18/><U49/><E49/><V130/><F86/><W35/><G17/><T15/><D15/><U16/><REACH who="1" step="1"/><E77/><REACH who="1" ten="250,240,250,250" step="2"/><V45/><F133/><W104/><G51/><T1/><D107/><U117/><E117/><V122/><F129/><W126/><G104/><T22/><D1/><U3/><E3/><V81/><F130/><W65/><G126/><T102/><AGARI ba="0,1" hai="22,26,31,42,43,44,50,52,100,101,102" m="51755" machi="102" ten="30,12000,1" yaku="20,1,52,3,54,1" doraHai="128" who="0" fromWho="0" sc="250,130,240,-40,250,-40,250,-40" />
</Scene>
<Scene>
<INIT seed="0,1,0,1,5,36" ten="380,200,210,210" oya="0" hai0="64,94,72,2,22,106,128,21,89,134,103,9,29" hai1="37,70,104,91,121,90,0,120,24,62,38,92,42" hai2="50,73,123,5,49,132,63,93,97,86,84,124,116" hai3="66,7,118,112,19,43,125,76,82,68,129,60,105"/><T28/><D72/><U99/><E104/><V75/><F123/><W51/><G112/><T6/><D134/><U109/><E109/><V85/><F5/><W131/><G118/><T15/><D128/><N who="3" m="49225" /><G105/><T16/><D64/><U77/><E77/><V10/><F132/><W114/><G114/><T59/><D59/><U8/><E90/><V14/><F116/><W3/><G125/><T101/><D106/><U71/><E24/><V108/><F108/><W35/><G35/><T54/><D54/><U95/><E92/><V56/><F124/><W65/><G65/><T133/><D133/><U79/><E79/><V23/><F23/><N who="0" m="8714" /><D2/><U30/><E30/><N who="0" m="11881" /><D6/><U1/><E1/><V110/><F110/><W126/><G126/><T61/><D61/><U127/><E127/><V69/><F69/><W34/><G34/><T98/><AGARI ba="1,0" hai="9,15,16,89,94,98,101,103" m="11881,8714" machi="98" ten="30,3000,0" yaku="8,1,54,1" doraHai="36" who="0" fromWho="0" sc="380,33,200,-11,210,-11,210,-11" />
</Scene>
<Scene>
<INIT seed="0,2,0,4,2,75" ten="413,189,199,199" oya="0" hai0="25,5,132,61,14,115,134,53,7,40,84,82,90" hai1="113,120,80,89,20,59,76,135,114,11,107,17,83" hai2="97,117,2,55,69,36,56,109,33,26,95,94,68" hai3="54,52,121,118,9,86,122,81,91,87,27,65,28"/><T112/><D40/><U57/><E120/><N who="3" m="46186" /><G118/><T62/><D25/><U38/><E38/><V15/><F2/><W44/><G65/><T127/><D127/><U60/><E107/><V37/><F117/><W19/><G44/><T93/><D14/><U79/><E11/><V131/><F109/><W105/><G105/><T42/><D42/><U8/><E8/><V73/><F73/><W106/><G106/><T34/><D34/><U126/><E126/><V4/><F131/><W123/><G123/><T77/><D53/><N who="1" m="33839" /><E135/><N who="0" m="51753" /><D112/><N who="1" m="43115" /><E59/><V45/><F56/><W49/><G49/><T23/><D23/><U16/><E17/><V21/><F55/><W35/><G86/><N who="0" m="52439" /><D115/><U74/><E89/><V64/><F37/><W47/><G47/><T133/><D133/><U108/><E108/><V43/><F45/><W103/><G103/><T10/><D10/><U31/><E31/><V99/><F43/><W13/><AGARI ba="2,0" hai="9,13,19,27,28,35,52,54,81,87,91" m="46186" machi="13" ten="30,2000,0" yaku="13,1,54,1" doraHai="75" who="3" fromWho="3" sc="413,-12,189,-7,199,-7,199,26" />
</Scene>
<Scene>
<INIT seed="1,0,0,5,0,41" ten="401,182,192,225" oya="1" hai0="77,120,124,42,43,80,21,6,84,114,113,47,54" hai1="14,128,34,69,24,122,16,118,29,23,11,103,110" hai2="98,18,62,127,9,7,53,83,88,90,123,30,86" hai3="66,65,76,46,112,22,100,71,13,50,94,108,116"/><U4/><E118/><V57/><F123/><W95/><G112/><T38/><D120/><U107/><E122/><V40/><F127/><W2/><G116/><T39/><D124/><U61/><E128/><V125/><F125/><W131/><G131/><T93/><D6/><U102/><E110/><V111/><F111/><W44/><G108/><T121/><D121/><U129/><E129/><V101/><F30/><W73/><G2/><T37/><D21/><U64/><REACH who="1" step="1"/><E107/><REACH who="1" ten="401,172,192,225" step="2"/><V79/><F40/><W8/><G71/><T104/><D104/><U134/><E134/><V106/><REACH who="2" step="1"/><F18/><REACH who="2" ten="401,172,182,225" step="2"/><W51/><G73/><T15/><D43/><U19/><E19/><V126/><F126/><W132/><G132/><T28/><D42/><U36/><E36/><V35/><F35/><W82/><G100/><T72/><D72/><U96/><E96/><V33/><F33/><W32/><G32/><T56/><D38/><U130/><E130/><V60/><F60/><W63/><G63/><T27/><D39/><U3/><AGARI ba="0,2" hai="3,4,11,14,16,23,24,29,34,61,64,69,102,103" machi="3" ten="20,18000,2" yaku="1,1,0,1,7,1,24,2,54,1,53,1" doraHai="41" doraHaiUra="58" who="1" fromWho="1" sc="401,-60,172,200,182,-60,225,-60" />
</Scene>
<Scene>
<INIT seed="1,1,0,0,0,119" ten="341,372,122,165" oya="1" hai0="16,21,107,23,95,123,129,112,98,5,76,9,126" hai1="115,116,32,8,45,43,133,28,13,93,27,84,14" hai2="50,58,72,37,127,40,64,56,63,110,71,26,86" hai3="65,24,48,17,74,132,75,105,69,33,7,31,73"/><U25/><E116/><V12/><F72/><W118/><G118/><T11/><D112/><U92/><E115/><V57/><F26/><W15/><G105/><T34/><D107/><U80/><E25/><V53/><F86/><W114/><G114/><T87/><D34/><U70/><E70/><V122/><F12/><W79/><G132/><T94/><D126/><U4/><E13/><V106/><F106/><W1/><G48/><T46/><D129/><U89/><REACH who="1" step="1"/><E133/><REACH who="1" ten="341,362,122,165" step="2"/><V42/><F127/><W128/><G69/><T82/><D5/><U19/><E19/><V49/><F110/><W117/><G17/><T91/><D123/><U104/><E104/><V83/><F122/><W121/><G15/><T97/><D16/><U134/><E134/><V0/><F0/><W90/><G24/><T41/><D11/><U44/><E44/><N who="2" m="23567" /><F83/><W85/><G1/><T101/><D9/><U103/><E103/><V124/><F124/><W52/><G128/><T111/><D111/><U100/><E100/><V67/><F67/><W125/><G65/><T130/><D130/><U39/><AGARI ba="1,1" hai="4,8,14,27,28,32,39,43,45,80,84,89,92,93" machi="39" ten="20,7800,0" yaku="1,1,0,1,7,1,53,1" doraHai="119" doraHaiUra="10" who="1" fromWho="1" sc="341,-27,362,91,122,-27,165,-27" />
</Scene>
<Scene>
<INIT seed="1,2,0,5,2,32" ten="314,453,95,138" oya="1" hai0="19,135,53,106,116,68,78,10,118,47,50,33,89" hai1="79,72,65,63,125,69,66,14,58,62,48,80,46" hai2="113,85,61,70,28,75,1,71,131,31,117,124,73" hai3="43,51,21,60,129,105,39,100,82,24,110,15,54"/><U74/><E125/><V4/><F117/><W83/><G110/><T40/><D106/><U30/><E30/><V108/><F108/><W128/><G60/><T34/><D68/><U16/><E72/><V109/><F109/><W88/><G15/><T134/><D78/><U92/><E92/><V42/><F42/><W18/><G105/><T37/><D89/><U114/><E114/><V84/><F124/><W49/><G100/><T3/><D19/><U87/><E74/><V130/><F61/><W13/><G24/><T103/><D53/><U67/><E67/><V59/><F59/><W95/><G39/><T126/><D50/><U64/><E69/><V123/><F4/><W12/><G12/><T91/><D91/><U55/><E62/><V25/><F25/><W17/><G17/><T93/><D93/><U81/><E81/><V7/><F7/><W96/><G43/><T107/><D126/><U98/><REACH who="1" step="1"/><E98/><REACH who="1" ten="314,443,95,138" step="2"/><V127/><F127/><W104/><G104/><T76/><D76/><U36/><E36/><V5/><F113/><W0/><G96/><N who="0" m="61927" /><D116/><U119/><E119/><V56/><F71/><W122/><G95/><T111/><D111/><U29/><E29/><V121/><F70/><W102/><G83/><T26/><D118/><U132/><E132/><V27/><F28/><W45/><G82/><T52/><D134/><U35/><E35/><V112/><F31/><W2/><G102/><T90/><D135/><U20/><AGARI ba="2,1" hai="14,16,20,46,48,55,58,63,64,65,66,79,80,87" machi="20" ten="20,18000,2" yaku="1,1,0,1,7,1,8,1,54,1,53,1" doraHai="32" doraHaiUra="44" who="1" fromWho="1" sc="314,-62,443,196,95,-62,138,-62" />
</Scene>
<Scene>
<INIT seed="1,3,0,4,4,133" ten="252,639,33,76" oya="1" hai0="35,34,134,118,123,7,58,126,96,28,88,4,105" hai1="117,82,33,0,53,15,61,101,84,93,102,52,72" hai2="43,9,124,78,1,121,22,135,67,73,2,125,71" hai3="12,76,18,29,114,60,45,75,55,16,5,27,94"/><U25/><E0/><V116/><F121/><W95/><G114/><T83/><D118/><U86/><E117/><V41/><F116/><W20/><G5/><T69/><D69/><U128/><E128/><V39/><F135/><W106/><G106/><T6/><D134/><U62/><E72/><V98/><F22/><W99/><G18/><T3/><D123/><U11/><E33/><V79/><F98/><W8/><G99/><T47/><D105/><U42/><E42/><N who="2" m="15883" /><F39/><W57/><REACH who="3" step="1"/><G45/><REACH who="3" ten="252,639,33,66" step="2"/><T112/><D47/><U92/><E25/><V66/><F71/><W81/><AGARI ba="3,1" hai="8,12,16,20,27,29,55,57,60,75,76,81,94,95" machi="81" ten="30,7900,0" yaku="1,1,2,1,0,1,54,1,53,0" doraHai="133" doraHaiUra="129" who="3" fromWho="3" sc="252,-23,639,-42,33,-23,66,98" />
</Scene>
<Scene>
<INIT seed="2,0,0,1,2,40" ten="229,597,10,164" oya="2" hai0="76,110,74,106,14,53,0,34,125,116,131,78,52" hai1="104,72,73,55,7,62,60,134,123,132,128,57,109" hai2="37,70,4,122,133,48,28,42,124,10,56,84,119" hai3="103,111,95,90,75,108,41,27,81,3,36,113,66"/><V99/><F122/><W77/><G3/><T63/><D106/><U96/><E128/><V93/><F119/><W2/><G2/><T86/><D0/><U82/><E123/><V26/><F70/><W67/><G113/><T32/><D131/><U85/><E7/><V88/><F124/><W92/><G27/><T105/><D105/><U11/><E11/><V17/><F133/><N who="1" m="51305" /><E60/><V33/><F37/><W18/><G18/><T65/><D125/><U12/><E12/><V31/><F31/><W83/><G83/><T97/><D97/><U24/><E24/><V102/><F17/><W98/><G36/><T107/><D107/><U135/><E109/><N who="3" m="42058" /><G41/><T64/><D76/><N who="1" m="46279" /><E135/><V121/><F121/><W91/><G103/><AGARI ba="0,0" hai="55,57,62,72,73,96,103,104" m="46279,51305" machi="103" ten="30,1000,0" yaku="20,1" doraHai="40" who="1" fromWho="3" sc="229,0,597,10,10,0,164,-10" />
</Scene>
<Scene>
<INIT seed="3,0,0,1,5,92" ten="229,607,10,154" oya="3" hai0="104,61,100,107,48,49,114,84,111,21,2,27,134" hai1="80,8,69,95,5,103,106,11,57,112,99,77,131" hai2="10,22,116,52,46,54,3,19,76,93,55,129,72" hai3="75,66,37,70,133,38,64,118,47,31,81,60,6"/><W58/><G118/><T33/><D33/><U83/><E69/><V53/><F116/><W12/><G133/><T96/><D2/><U50/><E112/><V127/><F127/><W88/><G31/><T117/><D117/><U36/><E36/><V108/><F108/><W32/><G32/><T89/><D111/><U115/><E115/><V113/><F113/><W73/><G66/><T79/><D114/><U68/><E68/><V7/><F129/><W97/><G70/><T44/><D134/><U71/><E71/><V0/><F0/><W86/><G97/><T18/><D79/><U91/><E131/><V65/><F65/><W101/><G101/><T110/><D110/><U45/><E57/><V130/><F130/><W74/><REACH who="3" step="1"/><G47/><REACH who="3" ten="229,607,10,144" step="2"/><T17/><D104/><U20/><E106/><V29/><F29/><W94/><G94/><N who="0" m="58391" /><D44/><U63/><E103/><V4/><F4/><W42/><G42/><T28/><D107/><U128/><E99/><V26/><F93/><W121/><G121/><T67/><D67/><U39/><E95/><V16/><F19/><W109/><G109/><T87/><D18/><U102/><E45/><V125/><F125/><W14/><G14/><T34/><D17/><U25/><E128/><V62/><F46/><W120/><G120/><T24/><D34/><U40/><E102/><V43/><F43/><W35/><G35/><T132/><D132/><U30/><E40/><V41/><F41/><W124/><G124/><T59/><D28/><U119/><E30/><V123/><F123/><W1/><G1/><T90/><D24/><U78/><E25/><RYUUKYOKU ba="0,1" sc="229,-10,607,-10,10,-10,144,30" hai3="6,12,37,38,58,60,64,73,74,75,81,86,88" />
</Scene>
<Scene>
<INIT seed="3,1,1,1,3,73" ten="219,597,0,174" oya="3" hai0="107,117,7,91,120,126,23,27,28,78,32,98,61" hai1="14,30,112,33,6,24,69,53,106,108,8,16,41" hai2="43,56,93,11,22,77,125,123,21,82,67,95,89" hai3="130,111,80,79,54,50,110,96,88,59,132,131,135"/><W90/><G96/><T71/><D117/><U94/><E112/><V12/><F125/><W118/><G118/><T44/><D120/><U124/><E106/><V62/><F123/><W29/><G29/><T26/><D126/><U101/><E124/><V66/><F66/><W84/><G90/><T55/><D78/><U70/><E41/><V5/><F22/><W15/><G15/><T68/><D7/><U86/><E53/><V51/><F21/><W35/><G35/><T25/><D25/><U133/><E86/><V37/><F37/><W13/><G13/><T1/><D1/><U104/><E94/><V134/><F134/><N who="3" m="51243" /><G88/><T0/><D0/><U114/><E114/><V4/><F4/><W75/><G75/><T31/><D91/><U10/><E133/><V102/><F102/><W97/><G97/><T87/><D87/><U100/><E104/><V64/><F89/><W128/><AGARI ba="1,1" hai="50,54,59,79,80,84,110,111,128,130,131" m="51243" machi="128" ten="40,7800,0" yaku="19,1,20,1,52,1" doraHai="73" who="3" fromWho="3" sc="219,-27,597,-27,0,-27,174,91" owari="192,-21.0,570,67.0,-27,-53.0,265,7.0" />
</Scene>
</mjloggm>