<mjloggm ver="2.3"><GO type="169"/><UN n0="%E5%B2%A1%E6%9D%91" n1="%E5%A4%AA%E3%81%8F%E3%81%AA%E3%81%84%E3%81%8A" n2="%68%61%79%61%74%6F%E2%98%86" n3="%E3%81%92%E3%82%93%E3%81%9F%E3%82%8D" dan="17,17,17,16" rate="2104,2175,2131,2103" sx="M,M,M,M"/><TAIKYOKU oya="0"/>

<Scene>
<INIT seed="0,0,0,3,0,87" ten="250,250,250,250" oya="0" hai0="134,36,7,21,121,39,66,127,68,37,97,123,31" hai1="12,9,23,10,85,120,28,5,32,111,128,26,88" hai2="78,59,115,110,105,96,122,73,93,108,50,53,42" hai3="62,47,20,118,38,92,13,6,74,71,30,90,35"/><T75/><D75/><U63/><E111/><V54/><F122/><W95/><G74/><T52/><D7/><U49/><E128/><V77/><F105/><W109/><G118/><T117/><D117/><U2/><E120/><V72/><F115/><W133/><G109/><N who="2" m="42089" /><F42/><W119/><G119/><T101/><D127/><U17/><E63/><N who="2" m="36335" /><F73/><W67/><G35/><T135/><D66/><U125/><E125/><V124/><F72/><W55/><G133/><N who="0" m="50699" /><D68/><U129/><E49/><V45/><F124/><W102/><G102/><AGARI ba="0,0" hai="45,50,54,77,78,93,96,102" m="36335,42089" machi="102" ten="30,1000,0" yaku="14,1" doraHai="87" who="2" fromWho="3" sc="250,0,250,0,250,10,250,-10" />
</Scene>
<Scene>
<INIT seed="1,0,0,2,5,93" ten="250,250,260,240" oya="1" hai0="92,135,82,68,59,70,102,83,25,122,97,127,69" hai1="118,44,103,7,106,19,66,27,23,35,56,96,14" hai2="132,5,2,95,64,53,94,78,45,125,34,84,77" hai3="79,117,13,41,88,74,113,61,6,73,86,120,58"/><U51/><E118/><V115/><F34/><W63/><G120/><T90/><D122/><U22/><E35/><V43/><F115/><W119/><G113/><T55/><D135/><U105/><E7/><V67/><F125/><W111/><G79/><T57/><D127/><U39/><E39/><V91/><F132/><W76/><G76/><T130/><D130/><U133/><E133/><V126/><F126/><W71/><G41/><T48/><D25/><U85/><E85/><V46/><F5/><W12/><G111/><T26/><D26/><U129/><E129/><V124/><F2/><W108/><G71/><T128/><D128/><U21/><E106/><V1/><F1/><W107/><G107/><T28/><D28/><U32/><E66/><V75/><F75/><W20/><G63/><T9/><D9/><U50/><E56/><V29/><F29/><W89/><G89/><T30/><D30/><U131/><E131/><V42/><F124/><W47/><G47/><T87/><REACH who="0" step="1"/><D59/><REACH who="0" ten="240,250,260,240" step="2"/><U8/><E32/><V49/><F43/><W134/><G134/><T38/><D38/><U81/><E27/><V72/><F72/><W15/><G74/><T17/><D17/><U112/><E112/><V4/><F4/><W65/><G73/><T114/><D114/><U37/><E37/><V80/><F42/><W104/><G6/><T98/><D98/><U110/><E96/><V3/><F46/><W116/><G116/><T60/><D60/><U10/><E44/><V123/><F123/><W31/><G119/><T33/><D33/><U109/><E19/><V36/><F36/><RYUUKYOKU ba="0,1" sc="240,30,250,-10,260,-10,240,-10" hai0="48,55,57,68,69,70,82,83,87,90,92,97,102" />
</Scene>
<Scene>
<INIT seed="2,1,1,4,4,72" ten="270,240,250,230" oya="2" hai0="108,127,63,50,37,17,2,107,134,18,57,118,4" hai1="42,52,101,0,104,8,27,106,38,133,58,78,3" hai2="53,33,123,30,34,5,114,112,23,100,99,87,46" hai3="26,126,24,92,75,91,35,40,109,76,130,113,19"/><V96/><F123/><W65/><G113/><T66/><D37/><U89/><E133/><V94/><F5/><W117/><G117/><T45/><D134/><U119/><E119/><V122/><F122/><W7/><G130/><T71/><D118/><U125/><E125/><V41/><F87/><W36/><G7/><T13/><D127/><U85/><E27/><V82/><F82/><W59/><G126/><T31/><D31/><U67/><E67/><V44/><F53/><W90/><G35/><T98/><D71/><U124/><E124/><V103/><F30/><W55/><G65/><T120/><D2/><U121/><E121/><V9/><F94/><W60/><G36/><T51/><D51/><U83/><E8/><V102/><F23/><W129/><G40/><T86/><D120/><U12/><E12/><V49/><F49/><W56/><G129/><T14/><D13/><U28/><E28/><V70/><F9/><W111/><G59/><T132/><D132/><U110/><E38/><V25/><F25/><W15/><G26/><T11/><D86/><U68/><E85/><V77/><F41/><W22/><G15/><T43/><D108/><N who="3" m="41545" /><G92/><T116/><D116/><U20/><E110/><V1/><F1/><W97/><G97/><T79/><D98/><U128/><E3/><V10/><F102/><W6/><G6/><T64/><D64/><U81/><E101/><V84/><F10/><W73/><G73/><T80/><D107/><U32/><E104/><V135/><F135/><W48/><G48/><T62/><D62/><U47/><E0/><V105/><F105/><RYUUKYOKU ba="1,1" sc="270,15,240,-15,250,-15,230,15" hai0="4,11,14,17,18,43,45,50,57,63,66,79,80" hai3="19,22,24,55,56,60,75,76,90,91" />
</Scene>
<Scene>
<INIT seed="3,2,1,3,3,33" ten="285,225,235,245" oya="3" hai0="19,134,119,43,125,133,85,131,76,65,11,25,56" hai1="39,4,70,30,102,40,21,82,14,59,68,36,62" hai2="86,50,112,91,115,121,75,92,57,97,49,114,20" hai3="63,13,48,45,118,67,103,60,117,37,38,12,31"/><W108/><G103/><T101/><D119/><U35/><E102/><V109/><F121/><W69/><G31/><T5/><D125/><U89/><E35/><V80/><F75/><W95/><G13/><T93/><D131/><U126/><E126/><V29/><F109/><W124/><G95/><T127/><D127/><U53/><E30/><V107/><F107/><W52/><G12/><T46/><D76/><U41/><E39/><N who="3" m="14858" /><G124/><T73/><D73/><U84/><E36/><V34/><F34/><W71/><G108/><T100/><D100/><U96/><E96/><V24/><REACH who="2" step="1"/><F57/><REACH who="2" ten="285,225,225,245" step="2"/><N who="3" m="34855" /><G69/><T47/><D56/><U7/><E68/><V116/><F116/><W54/><AGARI ba="2,2" hai="45,48,54,63,67,71,117,118" m="34855,14858" machi="54" ten="30,6000,0" yaku="34,2,54,1" doraHai="33" who="3" fromWho="3" sc="285,-22,225,-22,225,-22,245,86" />
</Scene>
<Scene>
<INIT seed="3,3,0,4,3,121" ten="263,203,203,331" oya="3" hai0="33,43,80,108,74,50,44,96,75,103,78,70,23" hai1="132,48,94,106,17,25,11,135,9,53,1,116,29" hai2="115,100,42,20,79,82,24,15,69,61,124,8,57" hai3="40,88,97,58,77,32,6,56,34,76,125,123,110"/><W91/><G123/><T49/><D33/><U62/><E106/><V95/><F69/><W114/><G6/><T126/><D126/><U73/><E73/><V2/><F124/><W85/><G125/><T122/><D122/><U83/><E116/><V22/><F115/><W68/><G114/><T113/><D113/><U7/><E83/><V5/><F42/><W51/><G68/><T63/><D23/><U111/><E62/><V117/><F117/><W84/><G97/><T60/><D60/><U14/><E94/><V134/><F134/><N who="1" m="51241" /><E48/><V30/><F2/><W46/><G32/><T102/><D102/><U21/><E53/><V90/><F22/><W26/><G34/><T130/><D75/><U66/><E66/><V131/><F131/><W3/><G26/><T133/><D130/><U120/><E120/><V12/><F100/><W36/><G3/><T35/><D35/><N who="1" m="20911" /><E11/><V45/><F45/><W118/><G36/><T107/><D50/><U119/><E119/><V99/><F82/><N who="3" m="49207" /><G118/><T93/><D133/><U39/><E39/><V31/><F79/><N who="3" m="30283" /><G110/><AGARI ba="3,0" hai="1,7,9,14,17,21,110,111" m="20911,51241" machi="110" ten="30,12000,2" yaku="24,1,20,1,34,2,52,2" doraHai="121" who="1" fromWho="3" sc="263,0,203,129,203,0,331,-129" />
</Scene>
<Scene>
<INIT seed="4,0,0,1,0,92" ten="263,332,203,202" oya="0" hai0="64,40,38,94,79,34,104,50,75,100,5,88,36" hai1="65,98,31,37,134,41,66,57,119,133,2,84,8" hai2="27,24,83,0,48,44,49,87,80,68,105,54,130" hai3="29,45,86,118,67,77,72,3,51,42,19,71,102"/><T10/><D34/><U132/><E119/><V12/><F68/><W112/><G118/><T116/><D116/><U21/><E84/><V121/><F0/><W99/><G72/><T15/><D64/><U81/><E81/><V16/><F105/><W9/><G112/><T91/><D75/><U32/><E32/><V90/><F121/><W109/><G109/><T101/><D79/><U113/><E113/><V103/><F130/><W35/><G71/><T14/><D104/><U17/><E31/><V53/><F103/><N who="0" m="39498" /><D36/><U23/><E37/><V128/><F80/><W108/><G67/><T73/><D38/><U47/><E57/><V115/><F128/><W78/><G108/><T55/><D73/><U120/><E120/><V126/><F126/><W33/><G29/><T58/><D40/><U114/><E114/><V30/><F30/><W76/><G86/><T69/><D69/><U56/><E65/><V127/><F127/><W60/><G60/><T124/><D124/><U63/><E2/><V62/><F62/><W110/><G110/><T70/><D70/><U122/><E122/><V7/><F7/><W93/><REACH who="3" step="1"/><G19/><REACH who="3" ten="263,332,203,192" step="2"/><T106/><D106/><U1/><E17/><V20/><REACH who="2" step="1"/><F115/><REACH who="2" ten="263,332,193,192" step="2"/><W39/><G39/><T111/><D111/><U117/><E117/><V89/><F89/><W95/><G95/><T74/><D91/><U43/><E63/><V96/><F96/><W18/><G18/><T26/><D88/><U125/><E125/><V13/><F13/><W52/><G52/><T6/><D94/><U61/><E61/><V107/><F107/><W59/><G59/><AGARI ba="0,2" hai="12,16,20,24,27,44,48,49,53,54,59,83,87,90" machi="59" ten="30,12000,2" yaku="1,1,6,1,7,1,8,1,54,1,53,2" doraHai="92" doraHaiUra="46" who="2" fromWho="3" sc="263,0,332,0,193,140,192,-120" />
</Scene>
<Scene>
<INIT seed="5,0,0,4,3,93" ten="263,332,333,72" oya="1" hai0="1,31,100,5,92,119,122,94,117,13,86,58,116" hai1="90,109,130,80,21,19,11,101,37,71,18,51,20" hai2="4,27,43,22,12,78,6,35,40,30,79,127,49" hai3="52,29,62,60,133,26,111,47,69,95,84,114,72"/><U39/><E71/><V3/><F127/><W28/><G114/><T91/><D122/><U66/><E101/><V15/><F49/><W110/><G72/><T112/><D112/><U102/><E102/><V14/><F35/><W44/><G133/><T87/><D1/><U54/><E66/><V103/><F103/><W55/><G69/><T41/><D31/><U124/><E124/><V107/><F107/><W96/><G84/><T63/><D41/><N who="2" m="15946" /><F3/><W115/><G115/><T85/><D5/><AGARI ba="0,0" hai="4,5,6,12,14,15,22,27,30,78,79" m="15946" machi="5" ten="30,1000,0" yaku="8,1" doraHai="93" who="2" fromWho="0" sc="263,-10,332,0,333,10,72,0" />
</Scene>
<Scene>
<INIT seed="6,0,0,2,5,133" ten="253,332,343,72" oya="2" hai0="39,22,37,11,65,131,8,18,36,60,130,55,17" hai1="57,125,1,81,128,51,99,20,111,59,66,2,16" hai2="75,46,122,78,98,38,135,123,73,48,85,113,94" hai3="90,101,91,14,118,83,62,21,31,26,10,80,114"/><V69/><F69/><W42/><G118/><T84/><D55/><U44/><E111/><V115/><F38/><W119/><G119/><T58/><D84/><U132/><E132/><V77/><F135/><W129/><G129/><N who="0" m="49163" /><D18/><U117/><E128/><V126/><F48/><W97/><G114/><N who="2" m="43529" /><F46/><W104/><G42/><T105/><D105/><U102/><E117/><V15/><F15/><AGARI ba="0,0" hai="8,11,15,17,22,36,37,39,58,60,65" m="49163" machi="15" ten="40,1300,0" yaku="19,1" doraHai="133" who="0" fromWho="2" sc="253,13,332,0,343,-13,72,0" />
</Scene>
<Scene>
<INIT seed="7,0,0,2,0,39" ten="266,332,330,72" oya="3" hai0="34,103,100,32,41,131,64,106,127,66,38,27,93" hai1="71,42,83,125,60,97,49,129,1,15,10,104,69" hai2="133,120,26,3,119,72,110,67,11,79,57,115,135" hai3="111,134,40,51,122,21,102,20,77,4,61,53,101"/><W98/><G122/><T37/><D106/><U0/><E129/><V24/><F119/><W35/><G111/><T36/><D131/><U65/><E71/><V109/><F120/><W45/><G35/><T76/><D127/><U18/><E125/><V86/><F72/><W105/><G134/><N who="2" m="51209" /><F115/><W5/><G102/><T17/><D76/><U112/><E112/><V8/><F79/><W70/><G77/><T88/><D17/><U75/><E75/><V54/><F67/><W118/><G118/><T12/><D12/><U63/><E83/><V107/><F86/><W116/><G116/><T28/><D34/><U56/><E49/><N who="2" m="30927" /><F107/><W113/><G113/><T130/><D130/><U25/><E25/><N who="2" m="9835" /><F3/><W47/><G70/><T62/><D66/><U13/><E104/><V48/><F48/><W78/><G78/><T84/><REACH who="0" step="1"/><D41/><REACH who="0" ten="256,332,330,72" step="2"/><U29/><E42/><V121/><F121/><W22/><REACH who="3" step="1"/><G61/><REACH who="3" ten="256,332,330,62" step="2"/><T46/><D46/><U80/><E60/><V16/><F110/><W96/><G96/><T30/><D30/><U43/><E97/><V128/><F109/><W2/><G2/><T31/><D31/><U55/><E29/><V117/><F117/><W82/><G82/><T68/><AGARI ba="0,2" hai="27,28,32,36,37,38,62,64,68,84,88,93,100,103" machi="68" ten="30,7900,0" yaku="1,1,0,1,54,1,53,1" doraHai="39" doraHaiUra="87" who="0" fromWho="0" sc="256,99,332,-20,330,-20,62,-39" owari="355,46.0,312,11.0,310,-9.0,23,-48.0" />
</Scene>
</mjloggm>