<mjloggm ver="2.3"><GO type="41"/><UN n0="%E5%A4%AA%E3%81%8F%E3%81%AA%E3%81%84%E3%81%8A" n1="%E3%82%AC%E3%83%81%E6%9D%BE" n2="%E3%83%9F%E3%83%A5%E3%82%AD%E2%98%85" n3="%74%61%6B%65%6D%75%73%75" dan="14,15,14,13" rate="1981,1942,1885,1807" sx="M,M,M,M"/><TAIKYOKU oya="0"/>

<Scene>
<INIT seed="0,0,0,5,2,101" ten="250,250,250,250" oya="0" hai0="59,31,90,20,62,102,126,47,120,42,130,21,22" hai1="19,85,17,35,7,66,32,26,36,107,64,73,67" hai2="134,34,113,124,127,82,2,108,74,1,49,117,122" hai3="23,76,28,119,5,65,29,12,40,4,89,27,121"/><T38/><D120/><U132/><E73/><V103/><F82/><W30/><G76/><T105/><D126/><U86/><E7/><N who="3" m="2634" /><G40/><T56/><D130/><U91/><E132/><V114/><F103/><W104/><G104/><T14/><D90/><U100/><E36/><V92/><F113/><W9/><G65/><T52/><D56/><U88/><E66/><V133/><F92/><W54/><G89/><T57/><D57/><U33/><E33/><V106/><F127/><W98/><G54/><T79/><D79/><U87/><E87/><V18/><F49/><W75/><G98/><T84/><D84/><U118/><E118/><V0/><F0/><W77/><G77/><T46/><D46/><U112/><E112/><V53/><F53/><W70/><G70/><T60/><D31/><N who="3" m="11849" /><G75/><T125/><D125/><U83/><E26/><V8/><F8/><W39/><G39/><T69/><D69/><U16/><E19/><V93/><F93/><W41/><G41/><T109/><D62/><U68/><E68/><V131/><F18/><N who="3" m="8463" /><G121/><T15/><REACH who="0" step="1"/><D109/><REACH who="0" ten="240,250,250,250" step="2"/><U55/><E91/><V10/><F134/><W123/><G123/><T135/><D135/><U99/><E88/><V128/><F128/><W96/><G96/><AGARI ba="0,1" hai="14,15,20,21,22,38,42,47,52,59,60,96,102,105" machi="96" ten="40,7700,0" yaku="1,1,52,1,54,1,53,0" doraHai="101" doraHaiUra="81" who="0" fromWho="3" sc="240,87,250,0,250,0,250,-77" />
</Scene>
<Scene>
<INIT seed="0,1,0,4,2,27" ten="327,250,250,173" oya="0" hai0="46,22,1,49,107,26,8,74,37,16,48,112,17" hai1="41,94,132,11,119,82,15,125,127,2,39,57,44" hai2="14,98,117,59,23,18,93,100,10,66,65,118,47" hai3="85,103,63,61,50,24,29,21,108,96,87,111,122"/><T67/><D112/><U5/><E119/><V73/><F73/><W101/><G122/><T79/><D107/><U68/><E68/><V84/><F117/><W3/><G3/><T51/><D67/><U83/><E132/><V54/><F118/><W56/><G50/><T115/><D115/><U0/><E94/><V90/><F47/><W130/><G130/><T75/><D79/><U99/><E57/><V40/><F40/><W33/><G33/><T32/><D32/><U97/><E82/><V60/><REACH who="2" step="1"/><F10/><REACH who="2" ten="327,250,240,173" step="2"/><W20/><G108/><T12/><REACH who="0" step="1"/><D1/><REACH who="0" ten="317,250,240,173" step="2"/><U53/><E2/><V9/><F9/><W106/><G111/><T52/><D52/><U13/><E53/><V80/><AGARI ba="1,2" hai="14,18,23,54,59,60,65,66,80,84,90,93,98,100" machi="80" ten="20,5200,0" yaku="1,1,0,1,7,1,8,1,53,0" doraHai="27" doraHaiUra="38" who="2" fromWho="2" sc="317,-27,250,-14,240,75,173,-14" />
</Scene>
<Scene>
<INIT seed="1,0,0,5,1,81" ten="290,236,315,159" oya="1" hai0="101,60,67,74,54,79,121,64,32,106,27,42,24" hai1="127,58,118,17,91,86,126,1,28,59,10,130,129" hai2="84,63,66,94,29,71,9,55,105,4,115,7,78" hai3="38,75,109,111,18,51,57,102,40,31,5,113,131"/><U33/><E118/><V112/><F105/><W99/><G113/><T103/><D42/><U41/><E41/><V45/><F29/><W98/><G75/><T62/><D121/><U25/><E58/><V52/><F4/><W134/><G38/><T89/><D74/><U14/><E59/><V87/><F94/><W110/><G31/><T82/><D106/><U11/><E91/><V65/><F78/><W20/><G5/><T30/><D27/><U69/><E69/><V2/><F65/><W73/><G73/><T108/><D108/><U3/><E86/><V53/><REACH who="2" step="1"/><F45/><REACH who="2" ten="290,236,305,159" step="2"/><W93/><G93/><T76/><D76/><U119/><E119/><V39/><F39/><W61/><G109/><T47/><D47/><U12/><E1/><V132/><F132/><W44/><G134/><T46/><D46/><U107/><E107/><V68/><F68/><W117/><G117/><T22/><D79/><U125/><E3/><V77/><F77/><W88/><G110/><T56/><D64/><U35/><E33/><V36/><F36/><W116/><G111/><T135/><D135/><U133/><E133/><V34/><F34/><W104/><G116/><T128/><D32/><U48/><E48/><V114/><AGARI ba="0,1" hai="2,7,9,52,53,55,63,66,71,84,87,112,114,115" machi="114" ten="40,16000,3" yaku="1,1,0,1,11,1,52,2,54,1,53,3" doraHai="81" doraHaiUra="49" who="2" fromWho="2" sc="290,-40,236,-80,305,170,159,-40" />
</Scene>
<Scene>
<INIT seed="2,0,0,5,5,75" ten="250,156,475,119" oya="2" hai0="5,53,58,103,21,34,33,115,102,15,63,101,91" hai1="70,48,95,29,59,98,116,112,36,82,67,43,40" hai2="133,120,14,4,117,93,17,19,60,125,11,127,46" hai3="73,109,132,64,9,92,78,68,16,55,35,80,57"/><V121/><F117/><W84/><G109/><T110/><D115/><U13/><E112/><V88/><F133/><W41/><G132/><T114/><D114/><U31/><E116/><V100/><F100/><W38/><G35/><T97/><D110/><U130/><E36/><V128/><F128/><W79/><G41/><T77/><D77/><U131/><E70/><V6/><F60/><W47/><G38/><T89/><D89/><U61/><E13/><V2/><F46/><W51/><G68/><T76/><D76/><N who="3" m="29225" /><G73/><T113/><D113/><U81/><E82/><V65/><F6/><W134/><G134/><T90/><D90/><U22/><E81/><V54/><F121/><W37/><G37/><T118/><D118/><U56/><E22/><V71/><F120/><W45/><G64/><T124/><D124/><N who="2" m="47690" /><F65/><W111/><G92/><N who="0" m="56479" /><D33/><U23/><E67/><V72/><F71/><W12/><G111/><T10/><D34/><U83/><E43/><V42/><F42/><W108/><G108/><T85/><D85/><U126/><E40/><V25/><F72/><W0/><G0/><T62/><D21/><U69/><E23/><N who="2" m="13551" /><F54/><W20/><G20/><T44/><D44/><N who="3" m="16969" /><G80/><T24/><D24/><U122/><E83/><V3/><F2/><W1/><G1/><T27/><D27/><U94/><E126/><V30/><F3/><W129/><G129/><T49/><AGARI ba="0,0" hai="5,10,15,49,53,58,62,63,101,102,103" m="56479" machi="49" ten="30,1100,0" yaku="8,1" doraHai="75" who="0" fromWho="0" sc="250,11,156,-3,475,-5,119,-3" />
</Scene>
<Scene>
<INIT seed="3,0,0,1,2,36" ten="261,153,470,116" oya="3" hai0="51,128,112,22,79,99,133,82,116,50,56,0,8" hai1="119,91,70,114,24,16,6,14,125,96,67,15,113" hai2="54,75,1,53,93,115,57,58,122,19,87,86,104" hai3="94,84,78,74,11,37,12,126,41,98,61,27,48"/><W13/><G74/><T29/><D116/><U49/><E125/><V134/><F104/><W132/><G37/><T88/><D133/><U30/><E119/><V107/><F107/><W90/><G132/><T18/><D29/><U59/><E70/><V103/><F115/><W38/><G126/><T102/><D112/><U131/><E131/><V3/><F75/><W47/><G38/><T65/><D128/><U109/><E109/><V63/><F19/><W52/><G11/><T64/><D0/><U25/><E113/><V5/><F5/><W85/><G27/><N who="0" m="14807" /><D8/><U35/><E114/><V124/><F122/><W77/><G84/><N who="0" m="48223" /><D102/><U26/><E30/><V110/><F110/><W76/><REACH who="3" step="1"/><G98/><REACH who="3" ten="261,153,470,106" step="2"/><T43/><D99/><U4/><E35/><V105/><F124/><W130/><G130/><T40/><D65/><U55/><E26/><V68/><F134/><W135/><G135/><T81/><D64/><U97/><E25/><V45/><F86/><W121/><G121/><T101/><D101/><U42/><E67/><V2/><F87/><W108/><G108/><T31/><D31/><U95/><E97/><V100/><F103/><W62/><G62/><T89/><D51/><U34/><E34/><V66/><F100/><W23/><G23/><T111/><D111/><U71/><E24/><V69/><F66/><W28/><G28/><T39/><D39/><U33/><E33/><V92/><F69/><W80/><G80/><T120/><D120/><U118/><E71/><V127/><F68/><W123/><G123/><T44/><D81/><U21/><E96/><V60/><F127/><RYUUKYOKU ba="0,1" sc="261,-10,153,-10,470,-10,106,30" hai3="12,13,41,47,48,52,61,76,77,78,85,90,94" />
</Scene>
<Scene>
<INIT seed="3,1,1,1,0,59" ten="251,143,460,136" oya="3" hai0="67,54,4,116,24,51,20,127,92,97,117,73,79" hai1="134,30,76,99,125,28,96,39,75,63,50,19,56" hai2="91,131,10,8,105,43,133,129,108,94,71,101,3" hai3="46,107,100,123,115,18,113,70,72,52,27,1,37"/><W23/><G72/><T45/><D127/><U80/><E39/><V57/><F71/><W124/><G123/><T69/><D4/><U135/><E50/><V111/><F43/><W13/><G1/><T31/><D73/><U17/><E125/><V49/><F133/><N who="1" m="50697" /><E17/><V120/><F3/><W42/><G124/><T9/><D79/><U110/><E19/><V38/><F38/><W82/><G70/><T21/><D9/><U83/><E80/><V62/><F49/><W11/><G100/><T29/><D69/><U98/><E110/><N who="2" m="42027" /><F105/><W68/><G68/><T44/><D44/><U61/><E56/><V86/><F101/><W77/><G107/><T35/><D51/><U114/><E114/><V16/><F16/><W15/><G52/><T6/><D54/><U2/><E2/><V53/><F120/><W58/><G58/><T7/><D45/><U12/><E12/><V121/><F121/><W74/><REACH who="3" step="1"/><G15/><REACH who="3" ten="251,143,460,126" step="2"/><T93/><D116/><U0/><E0/><V89/><F89/><W118/><G118/><T47/><D117/><U41/><E41/><V5/><F129/><W25/><G25/><T126/><D24/><U109/><E109/><V87/><F131/><W90/><G90/><T95/><D126/><U34/><E30/><AGARI ba="1,2" hai="11,13,18,23,27,30,37,42,46,74,77,82,113,115" machi="30" ten="30,5800,0" yaku="1,1,7,1,53,1" doraHai="59" doraHaiUra="40" who="3" fromWho="1" sc="251,0,143,-61,460,0,126,81" />
</Scene>
<Scene>
<INIT seed="3,2,0,0,3,44" ten="251,82,460,207" oya="3" hai0="114,131,61,11,93,129,96,105,117,19,113,45,108" hai1="133,58,59,91,12,125,6,95,46,72,132,7,3" hai2="27,9,26,102,73,60,107,55,70,124,51,112,122" hai3="86,69,76,22,13,77,42,67,0,101,33,87,99"/><W74/><G0/><T88/><D117/><U47/><E3/><V94/><F112/><N who="0" m="43114" /><D108/><U5/><E72/><V62/><F73/><W134/><G33/><T21/><D105/><U1/><E1/><V36/><F36/><W49/><G67/><T92/><D61/><U83/><E83/><V24/><F124/><W20/><G69/><T71/><D71/><U48/><E12/><V64/><F107/><W54/><G42/><T121/><D11/><U35/><E35/><V79/><F79/><N who="3" m="30283" /><G74/><T8/><D8/><U2/><E2/><V66/><F122/><W31/><G134/><T23/><D121/><U14/><E14/><V39/><F39/><W90/><G101/><N who="0" m="60551" /><D45/><U127/><E91/><V32/><F9/><W16/><G31/><T53/><D53/><U18/><E18/><V97/><F32/><W84/><G22/><N who="0" m="8203" /><D19/><U116/><E116/><V115/><F115/><W10/><G10/><T103/><D103/><U109/><E109/><V81/><F81/><N who="3" m="49423" /><G99/><AGARI ba="2,0" hai="88,93,99,129,131" m="8203,60551,43114" machi="99" ten="30,2000,0" yaku="11,1,54,1" doraHai="44" who="0" fromWho="3" sc="251,26,82,0,460,0,207,-26" />
</Scene>
<Scene>
<INIT seed="4,0,0,3,4,122" ten="277,82,460,181" oya="0" hai0="30,126,46,109,120,124,129,73,58,69,67,4,28" hai1="60,17,31,20,8,115,10,61,76,75,24,44,98" hai2="93,22,42,0,45,2,110,39,32,111,11,90,84" hai3="117,94,26,63,55,82,99,68,37,18,116,101,29"/><T53/><D120/><U48/><E98/><V89/><F32/><W62/><G37/><T96/><D73/><U57/><E75/><V36/><F36/><W52/><G116/><T34/><D129/><U92/><E115/><V79/><F79/><W133/><G117/><T130/><D130/><U107/><E107/><V47/><F47/><W13/><G133/><T49/><D4/><U134/><E134/><V78/><F78/><W50/><G82/><T40/><D96/><U118/><E118/><V127/><F127/><N who="0" m="48682" /><D34/><U51/><E76/><V16/><F89/><W56/><G68/><T23/><D23/><U132/><E132/><V6/><F2/><W112/><G112/><T86/><D86/><U21/><E92/><V25/><AGARI ba="0,0" hai="0,6,11,16,22,25,39,42,45,84,90,93,110,111" machi="25" ten="20,8000,1" yaku="0,1,7,1,52,2,54,1" doraHai="122" who="2" fromWho="2" sc="277,-40,82,-20,460,80,181,-20" />
</Scene>
<Scene>
<INIT seed="5,0,0,4,4,46" ten="237,62,540,161" oya="1" hai0="95,57,43,8,2,125,114,128,81,14,70,38,132" hai1="115,17,103,10,63,93,45,5,53,9,58,130,69" hai2="55,82,89,64,105,27,86,19,56,28,127,133,47" hai3="61,33,126,34,41,88,1,44,15,18,13,59,106"/><U52/><E69/><V99/><F133/><W51/><G126/><T24/><D70/><U83/><E130/><V49/><F19/><W90/><G106/><T120/><D2/><U87/><E115/><V42/><F127/><W48/><G1/><T96/><D125/><U12/><E103/><V77/><F105/><W108/><G108/><T3/><D3/><U60/><E93/><V124/><F64/><W123/><G123/><T31/><D114/><U119/><E119/><V116/><F116/><W21/><G13/><T54/><D81/><U97/><E97/><V117/><F117/><W112/><G112/><T36/><D43/><U7/><E10/><V85/><F99/><W26/><G34/><T78/><D78/><N who="1" m="46583" /><E63/><N who="2" m="36255" /><F86/><W104/><G104/><T37/><D128/><U73/><E73/><V76/><F124/><W22/><G33/><T72/><D72/><U6/><E6/><V102/><F102/><W113/><G113/><T111/><D120/><U39/><E39/><V65/><F65/><N who="3" m="39103" /><G48/><AGARI ba="0,0" hai="5,7,9,12,17,45,48,52,53,58,60" m="46583" machi="48" ten="30,5800,0" yaku="8,1,52,1,54,1" doraHai="46" who="1" fromWho="3" sc="237,0,62,58,540,0,161,-58" />
</Scene>
<Scene>
<INIT seed="5,1,0,3,4,46" ten="237,120,540,103" oya="1" hai0="103,118,28,22,124,130,58,19,101,14,73,106,50" hai1="38,117,80,86,51,81,110,13,2,65,115,82,132" hai2="4,27,64,66,116,55,98,127,1,119,125,76,89" hai3="62,74,104,59,6,100,32,96,68,88,111,87,105"/><U84/><E2/><V95/><F76/><W92/><G111/><T126/><D118/><U108/><E38/><V3/><F27/><W61/><G32/><T54/><D73/><U17/><E117/><N who="2" m="45131" /><F55/><W72/><G6/><T40/><D130/><U85/><E115/><V44/><F44/><W30/><G30/><T48/><D28/><U12/><E132/><V107/><F107/><N who="3" m="41035" /><G68/><T15/><D15/><N who="1" m="5707" /><E65/><N who="2" m="25195" /><F4/><W114/><G62/><N who="0" m="36183" /><D40/><U83/><N who="1" m="20992" /><DORA hai="34" /><U49/><E17/><V91/><F95/><N who="3" m="54687" /><G61/><T97/><D103/><U113/><E113/><V18/><F98/><N who="3" m="59463" /><G59/><T112/><D112/><U29/><E29/><V102/><F18/><W77/><G114/><T53/><D19/><U8/><E8/><V93/><F3/><W90/><G77/><T47/><D14/><U35/><E35/><V11/><F1/><W23/><G23/><T134/><D22/><U78/><E78/><V71/><F11/><W45/><G45/><T63/><D47/><U75/><E75/><V133/><F71/><W0/><G0/><T21/><D21/><U70/><E70/><V122/><F122/><W31/><G31/><T94/><D53/><U37/><E37/><V120/><F120/><W69/><G69/><T99/><D134/><U5/><E5/><V42/><F133/><W9/><G9/><T128/><D106/><U24/><E24/><V79/><F79/><W121/><G121/><T7/><D7/><U10/><E10/><V135/><F135/><W56/><G56/><T129/><D129/><U26/><E26/><V36/><F36/><W60/><G60/><T123/><D63/><RYUUKYOKU ba="1,0" sc="237,-15,120,15,540,-15,103,15" hai1="49,51,84,85,86,108,110" hai3="72,74,90,96" />
</Scene>
<Scene>
<INIT seed="5,2,0,5,1,98" ten="222,135,525,118" oya="1" hai0="63,103,33,39,43,121,94,19,101,67,26,60,68" hai1="134,110,51,129,42,31,36,11,59,99,114,79,10" hai2="120,135,57,20,96,56,61,118,46,62,69,117,97" hai3="48,5,29,3,65,50,75,105,8,9,16,0,38"/><U58/><E129/><V40/><F20/><W86/><G75/><T132/><D39/><U89/><E36/><V111/><F111/><W116/><G38/><T88/><D43/><U122/><E122/><V85/><F85/><W81/><G116/><T55/><D132/><U23/><E23/><V45/><F40/><W70/><G105/><T44/><D121/><U80/><E114/><V28/><F120/><W18/><G29/><T12/><D33/><U41/><E31/><V30/><F69/><W72/><G72/><T71/><D71/><U115/><E115/><V17/><F17/><W100/><G100/><N who="0" m="38475" /><D68/><U123/><E123/><V34/><F34/><W92/><G92/><T128/><D128/><U15/><E134/><AGARI ba="2,0" hai="28,30,45,46,56,57,61,62,96,97,117,118,134,135" machi="134" ten="25,1600,0" yaku="22,2" doraHai="98" who="2" fromWho="1" sc="222,0,135,-22,525,22,118,0" />
</Scene>
<Scene>
<INIT seed="6,0,0,4,5,29" ten="222,113,547,118" oya="2" hai0="112,132,113,71,128,61,125,115,88,20,56,96,62" hai1="94,9,19,130,42,89,134,69,22,14,32,24,34" hai2="10,76,126,119,8,26,37,40,52,111,83,51,104" hai3="100,118,16,21,120,82,78,110,5,47,57,63,55"/><V116/><F104/><W73/><G110/><T25/><D125/><U79/><E79/><V7/><F126/><W85/><G120/><T12/><D128/><U81/><E81/><V102/><F10/><W70/><G118/><T17/><D132/><U15/><E15/><V33/><F102/><W3/><G100/><T87/><D96/><U44/><E69/><V4/><F4/><W101/><G101/><T84/><D71/><U28/><E130/><V135/><F33/><W117/><G117/><T30/><D56/><U11/><E11/><V106/><F106/><W18/><G70/><T122/><D122/><U48/><REACH who="1" step="1"/><E134/><REACH who="1" ten="222,103,547,118" step="2"/><V6/><F135/><W23/><G3/><T97/><D12/><U54/><E54/><V1/><F111/><W114/><G73/><T59/><D113/><U68/><E68/><V109/><F109/><W123/><G114/><T38/><D115/><U91/><E91/><V92/><F83/><W95/><G123/><T45/><D88/><U58/><E58/><V129/><F52/><W131/><G131/><T127/><D59/><U107/><E107/><V0/><F8/><W108/><G108/><T121/><D121/><U124/><E124/><V74/><F0/><W105/><G105/><T50/><D127/><U86/><AGARI ba="0,1" hai="9,14,19,22,24,28,32,34,42,44,48,86,89,94" machi="86" ten="20,12000,2" yaku="1,1,0,1,7,1,52,2,53,1" doraHai="29" doraHaiUra="80" who="1" fromWho="1" sc="222,-30,103,130,547,-60,118,-30" />
</Scene>
<Scene>
<INIT seed="7,0,0,0,3,100" ten="192,233,487,88" oya="3" hai0="47,28,80,6,24,108,60,104,20,79,129,48,122" hai1="68,135,123,0,94,25,29,21,61,27,37,101,134" hai2="85,81,89,72,90,40,57,130,3,95,53,84,54" hai3="67,111,12,120,17,18,13,66,106,97,113,102,58"/><W103/><G120/><T62/><D108/><U69/><E123/><V117/><F3/><W96/><G111/><T88/><D122/><U16/><E0/><V7/><F117/><W82/><G82/><T44/><D129/><U1/><E37/><V133/><F133/><N who="1" m="50697" /><E1/><V77/><F7/><W59/><REACH who="3" step="1"/><G113/><REACH who="3" ten="192,233,487,78" step="2"/><T4/><D80/><U87/><E61/><V109/><F109/><W93/><G93/><T41/><D62/><U50/><E50/><V76/><F81/><W19/><G19/><T15/><D60/><U128/><E128/><V56/><F130/><W74/><G74/><T132/><D132/><U30/><E16/><V31/><F95/><W38/><G38/><T125/><D48/><U64/><E64/><V11/><F72/><W65/><G65/><T75/><D75/><U115/><E115/><V34/><F31/><W92/><G92/><T45/><D28/><U124/><E124/><V70/><F57/><W51/><G51/><T22/><D125/><U73/><E73/><V114/><F56/><W39/><G39/><T107/><D44/><U86/><E101/><V127/><F114/><W91/><G91/><T5/><D88/><N who="1" m="53527" /><E87/><V121/><F90/><W43/><G43/><T110/><D110/><U46/><E46/><V49/><F89/><W112/><G112/><T2/><D45/><U36/><E36/><V118/><F40/><W32/><G32/><AGARI ba="0,1" hai="21,25,27,29,30,32,68,69" m="53527,50697" machi="32" ten="30,2000,0" yaku="20,1,54,1" doraHai="100" who="1" fromWho="3" sc="192,0,233,30,487,0,78,-20" owari="192,-21.0,263,6.0,487,59.0,58,-44.0" />
</Scene>
</mjloggm>