<mjloggm ver="2.3"><GO type="169"/><UN n0="%E5%A4%AA%E3%81%8F%E3%81%AA%E3%81%84%E3%81%8A" n1="%EF%BC%A6%EF%BC%B8%E9%9B%80%E5%A3%AB" n2="%E3%81%94%E3%81%98%E3%82%83%E3%82%8B" n3="%E3%81%84%E3%81%A1%E3%81%8B%E3%82%8F%E2%99%AA" dan="18,17,17,17" rate="2167,2110,2197,2122" sx="M,M,M,M"/><TAIKYOKU oya="0"/>

<Scene>
<INIT seed="0,0,0,3,4,120" ten="250,250,250,250" oya="0" hai0="50,63,35,64,38,71,30,24,66,8,69,130,34" hai1="82,54,115,77,135,94,47,90,132,125,62,114,7" hai2="39,107,91,95,74,4,117,57,96,1,87,17,33" hai3="45,13,16,118,25,79,20,31,128,122,131,52,108"/><T56/><D38/><U99/><E7/><V26/><F117/><W88/><G79/><T113/><D113/><N who="1" m="43019" /><E47/><V93/><F107/><W126/><G122/><T129/><D8/><U65/><E54/><V123/><F74/><W44/><G118/><T109/><D35/><U80/><E125/><V110/><F123/><W116/><G126/><T12/><D12/><U106/><E106/><V55/><F39/><W46/><G116/><T59/><D50/><U111/><E82/><V6/><F1/><W67/><G67/><T3/><D3/><U61/><E61/><V73/><F73/><W72/><G72/><T75/><D75/><N who="1" m="43071" /><E65/><V0/><F0/><W121/><G121/><T19/><D19/><U43/><E43/><V105/><F105/><W84/><G108/><T49/><D49/><U127/><E62/><N who="2" m="36159" /><F110/><W9/><REACH who="3" step="1"/><G52/><REACH who="3" ten="250,250,250,240" step="2"/><N who="0" m="34183" /><D109/><U92/><E111/><V41/><F41/><W36/><G36/><T103/><D59/><U86/><E127/><V76/><F76/><W100/><G100/><AGARI ba="0,1" hai="86,90,92,94,99,100,132,135" m="43071,43019" machi="100" ten="30,3900,0" yaku="11,1,34,2" doraHai="120" who="1" fromWho="3" sc="250,0,250,49,250,0,240,-39" />
</Scene>
<Scene>
<INIT seed="1,0,0,0,0,34" ten="250,299,250,201" oya="1" hai0="93,134,30,114,5,122,9,63,123,46,129,120,70" hai1="23,103,67,35,74,72,113,57,47,71,76,16,4" hai2="7,130,39,3,117,25,33,94,29,116,27,82,43" hai3="84,44,32,55,41,126,115,98,66,100,11,91,99"/><U97/><E35/><V13/><F94/><W135/><G32/><T108/><D108/><U24/><E113/><V10/><F130/><W42/><G126/><T118/><D114/><U75/><E71/><V104/><F104/><W40/><G135/><T28/><D118/><U64/><E47/><V73/><F27/><W119/><G115/><T6/><D134/><U86/><E4/><V38/><F13/><W78/><G78/><T17/><D129/><U79/><E57/><V124/><F124/><W83/><G66/><N who="0" m="41311" /><D93/><U95/><REACH who="1" step="1"/><E79/><REACH who="1" ten="250,289,250,201" step="2"/><N who="2" m="44399" /><F38/><W60/><G119/><T90/><D46/><AGARI ba="0,1" hai="3,7,10,25,29,33,39,43,46,116,117" m="44399" machi="46" ten="30,3900,0" yaku="25,1,23,1,52,1" doraHai="34" who="2" fromWho="0" sc="250,-39,289,0,250,49,201,0" />
</Scene>
<Scene>
<INIT seed="2,0,0,0,5,119" ten="211,289,299,201" oya="2" hai0="102,9,59,101,21,56,132,55,111,76,40,61,78" hai1="5,18,72,121,125,109,90,80,127,71,27,38,105" hai2="84,52,79,82,66,91,68,10,31,4,16,1,70" hai3="93,42,130,22,11,26,33,49,126,7,95,29,69"/><V2/><F2/><W47/><G69/><T13/><D111/><U34/><E90/><V124/><F124/><W86/><G126/><T53/><D132/><U134/><E80/><V117/><F117/><W45/><G130/><T20/><D40/><U116/><E18/><V115/><F115/><W6/><G6/><T94/><D94/><U108/><E27/><V129/><F129/><W97/><G45/><T106/><D106/><U83/><E83/><V3/><F3/><W0/><G97/><T112/><D112/><U113/><E5/><V131/><F131/><W74/><G74/><T81/><D9/><U104/><E104/><V64/><F31/><W88/><REACH who="3" step="1"/><G93/><REACH who="3" ten="211,289,299,191" step="2"/><T50/><D81/><U133/><E125/><V25/><F70/><W103/><G103/><T63/><D102/><U14/><E109/><V39/><F68/><W110/><G110/><T35/><D101/><U17/><E133/><V28/><F39/><W128/><G128/><T62/><D56/><U120/><E134/><V73/><F4/><W12/><G12/><T44/><D13/><U75/><E75/><V60/><F1/><W107/><G107/><T123/><D59/><U54/><E108/><V100/><F100/><W99/><G99/><T89/><D44/><U23/><E127/><V15/><F73/><W114/><G114/><T92/><D92/><U19/><E72/><V30/><F91/><W87/><G87/><T135/><D89/><U51/><E105/><V77/><F84/><W37/><G37/><T65/><D135/><U43/><E38/><V57/><F57/><W41/><G41/><RYUUKYOKU ba="0,1" sc="211,-10,289,-10,299,-10,191,30" hai3="0,7,11,22,26,29,33,42,47,49,86,88,95" />
</Scene>
<Scene>
<INIT seed="3,1,1,5,0,122" ten="201,279,289,221" oya="3" hai0="101,42,78,84,81,44,99,77,97,116,34,114,89" hai1="132,32,39,130,117,19,131,47,41,23,105,72,27" hai2="129,83,110,22,21,36,2,45,29,52,94,54,48" hai3="98,82,86,10,96,16,9,80,68,121,108,15,55"/><W65/><G121/><T53/><D34/><U66/><E105/><V40/><F2/><W126/><G126/><T76/><D116/><U30/><E117/><V20/><F129/><N who="1" m="49161" /><E72/><V104/><F104/><W63/><G10/><T74/><D53/><U133/><E66/><V112/><F112/><W73/><G73/><T25/><D25/><AGARI ba="1,1" hai="19,23,25,27,30,32,39,41,47,132,133" m="49161" machi="25" ten="30,1000,0" yaku="19,1" doraHai="122" who="1" fromWho="0" sc="201,-13,279,23,289,0,221,0" />
</Scene>
<Scene>
<INIT seed="4,0,0,2,0,43" ten="188,302,289,221" oya="0" hai0="73,11,20,77,96,134,16,79,70,122,7,130,64" hai1="68,101,95,109,106,10,115,93,17,24,92,47,29" hai2="128,51,126,55,6,71,25,34,63,41,108,135,45" hai3="133,99,9,28,117,129,114,53,59,49,81,27,75"/><T67/><D122/><U57/><E68/><V35/><F108/><W125/><G117/><T58/><D70/><U52/><E109/><V54/><F126/><W48/><G125/><T37/><D37/><U19/><E115/><V97/><F6/><W33/><G129/><T116/><D116/><U104/><E47/><V89/><F135/><W22/><G133/><T100/><D134/><U12/><E19/><V40/><F128/><W39/><G39/><T15/><D130/><U14/><E14/><V83/><F35/><W2/><G114/><T123/><D123/><U18/><E18/><V110/><F110/><W90/><G33/><T26/><D73/><U74/><E74/><V65/><F41/><W118/><G118/><T5/><D5/><U131/><E101/><V121/><F121/><W46/><G9/><T132/><D132/><U94/><E131/><V112/><F112/><W85/><G99/><T69/><D69/><U42/><E42/><V120/><F120/><W78/><G2/><T84/><D84/><U62/><N who="1" m="24064" /><DORA hai="72" /><U103/><REACH who="1" step="1"/><E103/><REACH who="1" ten="188,292,289,221" step="2"/><V8/><F40/><N who="3" m="24647" /><G75/><T76/><REACH who="0" step="1"/><D58/><REACH who="0" ten="178,292,289,221" step="2"/><U44/><E44/><V82/><F45/><W98/><G98/><T32/><D32/><AGARI ba="0,2" hai="10,12,17,24,29,32,52,57,62,104,106" m="24064" machi="32" ten="50,3200,0" yaku="1,1,54,1,53,0" doraHai="43,72" doraHaiUra="124,107" who="1" fromWho="0" sc="178,-32,292,52,289,0,221,0" />
</Scene>
<Scene>
<INIT seed="5,0,0,0,2,53" ten="146,344,289,221" oya="1" hai0="90,99,74,49,115,50,126,105,67,45,125,98,39" hai1="101,28,3,0,122,111,109,106,36,54,14,17,132" hai2="81,19,63,66,15,123,85,64,61,27,38,114,33" hai3="89,23,86,6,42,82,13,135,68,55,118,16,80"/><U47/><E122/><V57/><F38/><W117/><G68/><T78/><D115/><U104/><E28/><V72/><F72/><W1/><G42/><N who="0" m="22751" /><D67/><U130/><E130/><V24/><F123/><W83/><G135/><T87/><D78/><U46/><E132/><V20/><F33/><W120/><G120/><T51/><D105/><N who="1" m="40555" /><E101/><V131/><F131/><W95/><G6/><T110/><D74/><U30/><E30/><V60/><F114/><W124/><G1/><N who="1" m="586" /><E54/><V65/><REACH who="2" step="1"/><F57/><REACH who="2" ten="146,344,279,221" step="2"/><W103/><G124/><N who="0" m="47723" /><D110/><N who="1" m="41995" /><E36/><V52/><F52/><W107/><REACH who="3" step="1"/><G55/><REACH who="3" ten="146,344,279,211" step="2"/><T102/><D102/><U22/><AGARI ba="0,2" hai="14,17,22,46,47" m="41995,586,40555" machi="22" ten="40,2100,0" yaku="10,1" doraHai="53" who="1" fromWho="1" sc="146,-7,344,41,279,-7,211,-7" />
</Scene>
<Scene>
<INIT seed="5,1,0,4,1,36" ten="139,385,272,204" oya="1" hai0="104,124,96,60,123,68,22,127,76,9,122,47,89" hai1="61,34,39,58,15,64,99,118,132,93,125,71,83" hai2="53,112,92,120,24,80,95,85,94,17,73,10,102" hai3="59,119,27,41,66,111,51,19,16,82,57,43,44"/><U67/><E118/><V42/><F120/><N who="0" m="46122" /><D9/><U109/><E34/><V4/><F73/><W91/><G111/><T75/><D22/><U30/><E30/><V110/><F110/><W101/><G101/><N who="0" m="62503" /><D47/><U100/><E39/><V65/><F112/><W55/><G119/><T50/><D50/><U45/><E45/><V114/><F114/><W131/><G131/><T56/><D68/><U25/><E25/><V26/><F65/><W49/><G59/><T77/><D56/><U88/><E67/><V52/><F102/><W87/><G66/><T7/><D7/><U32/><E32/><V46/><F26/><W12/><G27/><T115/><D60/><U117/><E71/><V84/><F24/><W78/><G78/><N who="0" m="30315" /><D115/><U108/><E117/><V105/><F17/><N who="3" m="6731" /><G12/><T81/><D75/><U11/><E15/><V31/><F31/><W18/><N who="3" m="6739" /><W2/><DORA hai="21" /><G2/><T121/><N who="0" m="46130" /><T28/><DORA hai="107" /><D28/><U113/><E113/><V135/><F4/><W33/><G33/><T29/><D29/><U97/><E108/><V40/><F10/><W13/><G13/><T8/><D8/><U63/><E11/><V74/><F74/><W14/><G14/><T106/><D106/><U134/><E109/><V54/><F105/><W86/><G86/><AGARI ba="1,0" hai="81,86,89,124,127" m="30315,62503,46130" machi="86" ten="50,6400,0" yaku="13,1,34,2" doraHai="36,21,107" who="0" fromWho="3" sc="139,67,385,0,272,0,204,-67" />
</Scene>
<Scene>
<INIT seed="6,0,0,2,1,60" ten="206,385,272,137" oya="2" hai0="55,0,8,97,132,87,18,68,51,77,17,33,57" hai1="10,83,69,80,91,23,89,3,49,26,14,119,45" hai2="106,85,36,76,11,22,27,54,123,84,100,42,71" hai3="21,93,15,95,134,34,64,12,81,37,4,98,126"/><V59/><F71/><W44/><G34/><T63/><D33/><U43/><E69/><V31/><F123/><W110/><G110/><T61/><D132/><U109/><E3/><V67/><F36/><W28/><G126/><T24/><D97/><U108/><E119/><V52/><F42/><W130/><G134/><T50/><D0/><U32/><E32/><V127/><F127/><W92/><G130/><T16/><D24/><U86/><E26/><V75/><F75/><W72/><G98/><T46/><D8/><U66/><E23/><V90/><F76/><W120/><G120/><T39/><D39/><U48/><E48/><V78/><F78/><W112/><G112/><T99/><D99/><U56/><E89/><V73/><F73/><W113/><G113/><T2/><D2/><U103/><E103/><V79/><F100/><W129/><G129/><T114/><D114/><U5/><E108/><V107/><F107/><W115/><G115/><T74/><D74/><U35/><E35/><V104/><F104/><W7/><G44/><T40/><REACH who="0" step="1"/><D68/><REACH who="0" ten="196,385,272,137" step="2"/><U58/><E10/><V111/><F111/><W94/><G37/><T20/><D20/><U124/><E109/><V82/><F11/><N who="3" m="4199" /><G28/><T25/><D25/><U133/><E133/><V135/><F135/><W19/><G7/><T1/><D1/><U30/><E30/><V131/><F131/><W88/><N who="3" m="23552" /><DORA hai="53" /><W102/><G72/><T13/><D13/><U70/><E70/><V38/><F38/><W118/><G102/><T62/><D62/><U105/><E124/><V29/><F29/><W125/><G125/><RYUUKYOKU ba="0,1" sc="196,30,385,-10,272,-10,137,-10" hai0="16,17,18,40,46,50,51,55,57,61,63,77,87" />
</Scene>
<Scene>
<INIT seed="7,1,1,0,5,94" ten="226,375,262,127" oya="3" hai0="21,14,69,103,98,31,50,101,108,6,92,81,84" hai1="41,72,49,83,122,10,35,109,104,132,57,88,87" hai2="105,53,45,121,42,65,33,59,62,0,127,112,24" hai3="82,91,61,70,85,129,55,5,130,115,114,37,125"/><W2/><G37/><T89/><D69/><U43/><E122/><V102/><F0/><W90/><G125/><T113/><D108/><U118/><E35/><V116/><F116/><W75/><G75/><T36/><D36/><U63/><E72/><V11/><F112/><N who="3" m="43051" /><G5/><T76/><D113/><U46/><E109/><V18/><F127/><W52/><G2/><T56/><D31/><U77/><E132/><V4/><F121/><W131/><G90/><T74/><D74/><U119/><E43/><V20/><F33/><W117/><G117/><T22/><D6/><U40/><E40/><V9/><F4/><W28/><G28/><T124/><D124/><U48/><E118/><V73/><F73/><W99/><G99/><T106/><D14/><U12/><E12/><V111/><F111/><W51/><G51/><T34/><D34/><U23/><E49/><V17/><F17/><W67/><AGARI ba="1,1" hai="52,55,61,67,70,82,85,91,129,130,131" m="43051" machi="67" ten="40,7800,0" yaku="19,1,15,1,54,1" doraHai="94" who="3" fromWho="3" sc="226,-27,375,-27,262,-27,127,91" />
</Scene>
<Scene>
<INIT seed="7,2,0,1,5,110" ten="199,348,235,218" oya="3" hai0="89,22,130,109,32,45,97,113,88,40,79,5,127" hai1="49,69,108,66,132,99,72,27,31,54,58,20,85" hai2="16,53,19,65,60,59,25,121,103,47,111,34,73" hai3="77,33,71,135,100,17,6,81,39,56,86,92,2"/><W43/><G71/><T114/><D32/><U128/><E72/><V105/><F73/><W91/><G33/><T62/><D109/><U116/><E128/><V35/><F111/><W0/><G100/><T3/><D79/><U64/><E132/><V29/><F35/><W61/><G135/><T131/><D127/><U24/><E69/><N who="2" m="42151" /><F47/><W95/><G95/><N who="0" m="56551" /><D62/><U46/><E116/><V115/><F121/><W44/><G17/><T38/><D89/><U28/><E99/><N who="2" m="61695" /><F115/><N who="0" m="44042" /><D22/><U94/><E20/><V78/><F78/><W107/><G6/><T7/><D3/><U10/><E108/><V42/><F42/><W117/><G107/><T120/><D120/><U101/><E101/><V70/><F70/><W26/><G26/><T102/><D102/><U133/><E27/><V68/><F68/><W122/><G117/><T30/><D30/><U87/><E31/><V8/><F8/><W52/><REACH who="3" step="1"/><G122/><REACH who="3" ten="199,348,235,208" step="2"/><T80/><D80/><U129/><E24/><V124/><F124/><W84/><AGARI ba="2,1" hai="0,2,39,43,44,52,56,61,77,81,84,86,91,92" machi="84" ten="20,12000,1" yaku="1,1,2,1,0,1,7,1,54,1,53,0" doraHai="110" doraHaiUra="123" who="3" fromWho="3" sc="199,-42,348,-42,235,-42,208,136" owari="157,-34.0,306,11.0,193,-21.0,344,44.0" />
</Scene>
</mjloggm>