<mjloggm ver="2.3"><GO type="97"/><UN n0="%E3%81%84%E3%81%8F%E3%82%89%E2%98%86%E3%81%A1%E3%82%83%E3%82%93" n1="%E3%83%90%E3%82%AF%E3%82%B7%E3%83%BC%E3%82%B7%EF%BC%81" n2="%2D%E6%85%B6%E6%AC%A1%2D" n3="%E5%A4%AA%E3%81%8F%E3%81%AA%E3%81%84%E3%81%8A" dan="15,14,13,13" rate="1979,1909,1949,1986" sx="M,M,M,M"/><TAIKYOKU oya="0"/>

<Scene>
<INIT seed="0,0,0,0,1,26" ten="250,250,250,250" oya="0" hai0="28,44,43,25,18,34,108,87,42,83,66,13,31" hai1="45,49,76,14,100,77,93,126,111,62,60,17,116" hai2="92,110,48,58,120,99,10,104,70,89,74,46,135" hai3="121,103,38,6,40,101,23,61,75,21,85,50,122"/><T63/><D108/><U97/><E111/><V112/><F110/><W129/><G75/><T68/><D44/><U125/><E116/><V72/><F70/><W22/><G38/><T56/><D68/><U59/><E125/><V20/><F120/><N who="3" m="46187" /><G129/><T105/><D105/><U64/><E62/><V88/><F112/><W127/><G127/><T55/><D55/><U128/><E128/><V91/><F104/><W78/><G6/><T4/><D4/><U113/><E113/><V95/><F135/><W41/><G61/><T131/><D131/><U32/><E32/><V118/><F118/><W52/><G78/><T133/><D133/><U33/><E33/><V107/><F107/><W79/><G79/><T98/><D98/><U65/><E64/><V134/><F134/><W29/><G85/><T5/><D5/><U73/><E73/><V8/><F74/><W57/><G29/><N who="0" m="11339" /><D25/><U19/><E126/><V15/><F72/><W114/><G114/><T109/><D34/><U16/><REACH who="1" step="1"/><E14/><REACH who="1" ten="250,240,250,250" step="2"/><V3/><F15/><W37/><G37/><T115/><D109/><U69/><E69/><V47/><F99/><W51/><G51/><T94/><D115/><U12/><E12/><V30/><F48/><W81/><G50/><T39/><D39/><U67/><E67/><V132/><F132/><W80/><G40/><AGARI ba="0,1" hai="16,17,19,40,45,49,59,60,65,76,77,93,97,100" machi="40" ten="40,5200,0" yaku="1,1,8,1,54,1,53,0" doraHai="26" doraHaiUra="106" who="1" fromWho="3" sc="250,0,240,62,250,0,250,-52" />
</Scene>
<Scene>
<INIT seed="1,0,0,5,1,1" ten="250,302,250,198" oya="1" hai0="63,38,99,76,77,19,108,109,113,54,47,79,18" hai1="17,29,114,89,107,62,27,104,50,132,86,83,117" hai2="16,124,128,94,33,81,37,53,67,131,51,103,35" hai3="49,96,74,122,116,2,45,101,25,125,121,12,115"/><U87/><E117/><V46/><F37/><W8/><G115/><T93/><D113/><U69/><E114/><V32/><F124/><W130/><G74/><T22/><D38/><U39/><E39/><V5/><F67/><W57/><G116/><T6/><D6/><U14/><E132/><V30/><F30/><W26/><G125/><T68/><D68/><U135/><E50/><V65/><F65/><W95/><G130/><N who="2" m="49705" /><F81/><W75/><G75/><T111/><D22/><U110/><E135/><V3/><F103/><W119/><G119/><T133/><D133/><U120/><E120/><V91/><F16/><N who="0" m="6186" /><D47/><U48/><E69/><V42/><F42/><W41/><G2/><T59/><D77/><U78/><E107/><V4/><F3/><W80/><G80/><T112/><D112/><U56/><E104/><V71/><F71/><W118/><G118/><T20/><D20/><U129/><E83/><V106/><F106/><W34/><G57/><T43/><D43/><U72/><E78/><V82/><F82/><W105/><G105/><T85/><D85/><AGARI ba="0,0" hai="4,5,32,33,35,46,51,53,85,91,94" m="49705" machi="85" ten="40,5200,0" yaku="19,1,52,2" doraHai="1" who="2" fromWho="0" sc="250,-52,302,0,250,52,198,0" />
</Scene>
<Scene>
<INIT seed="2,0,0,1,0,32" ten="198,302,302,198" oya="2" hai0="95,31,59,117,39,86,58,122,82,63,27,11,71" hai1="123,0,90,22,62,5,87,49,121,16,56,38,36" hai2="83,97,131,113,70,21,128,61,98,23,133,37,40" hai3="43,46,80,69,30,52,28,120,124,108,88,45,50"/><V116/><F116/><W101/><G120/><N who="1" m="46154" /><E49/><V93/><F113/><W77/><G69/><T55/><D39/><U25/><E5/><V17/><F37/><W118/><G118/><T7/><D71/><U29/><E29/><V111/><F40/><W72/><G108/><T74/><D122/><U2/><E36/><V6/><F111/><W85/><G124/><T100/><D74/><U3/><E38/><V115/><F6/><W19/><G101/><T91/><D117/><U76/><E76/><V134/><F115/><W65/><G65/><T33/><D59/><U18/><E18/><V129/><F83/><W53/><G46/><T15/><REACH who="0" step="1"/><D100/><REACH who="0" ten="188,302,302,198" step="2"/><U92/><E56/><V105/><F129/><W13/><G72/><T125/><D125/><U106/><E62/><V73/><F70/><W48/><G77/><T1/><D1/><U4/><E106/><V119/><F105/><W81/><G81/><AGARI ba="0,1" hai="7,11,15,27,31,33,55,58,63,81,82,86,91,95" machi="81" ten="40,1300,0" yaku="1,1,53,0" doraHai="32" doraHaiUra="132" who="0" fromWho="3" sc="188,23,302,0,302,0,198,-13" />
</Scene>
<Scene>
<INIT seed="3,0,0,4,0,49" ten="211,302,302,185" oya="3" hai0="47,41,68,123,13,105,33,111,64,125,112,89,70" hai1="128,81,29,102,108,90,62,65,58,46,25,9,42" hai2="44,129,131,107,126,8,124,1,84,98,59,19,133" hai3="73,30,24,66,53,117,94,110,113,93,51,57,3"/><W119/><G113/><T45/><D105/><U88/><E128/><N who="2" m="49227" /><F133/><W109/><G3/><T27/><D123/><U97/><E108/><N who="3" m="41578" /><G73/><T7/><D125/><U2/><E81/><V16/><F84/><W72/><G72/><T36/><D112/><U52/><E65/><V43/><F59/><W0/><G0/><T118/><D118/><N who="3" m="45065" /><G66/><T114/><D64/><U48/><E9/><V17/><F98/><W134/><G134/><T35/><D114/><U40/><E42/><V10/><F107/><W37/><G37/><T39/><D111/><U121/><E2/><V130/><F130/><W4/><G4/><T91/><D7/><U5/><E5/><N who="2" m="1071" /><F10/><W22/><AGARI ba="0,0" hai="22,24,30,51,53,57,93,94" m="45065,41578" machi="22" ten="30,6000,0" yaku="14,1,10,1,52,1" doraHai="49" who="3" fromWho="3" sc="211,-20,302,-20,302,-20,185,60" />
</Scene>
<Scene>
<INIT seed="3,1,0,3,5,33" ten="191,282,282,245" oya="3" hai0="126,37,64,93,81,73,114,17,129,63,94,45,117" hai1="80,42,132,52,9,68,92,133,95,109,108,48,34" hai2="20,49,83,24,69,76,39,111,112,23,59,118,124" hai3="70,19,78,41,72,75,1,3,107,0,65,5,62"/><W106/><G41/><T7/><D117/><U22/><E68/><V10/><F69/><W104/><G5/><T67/><D7/><U51/><E34/><V66/><F39/><W90/><G78/><T36/><D126/><U87/><E9/><V25/><F124/><W123/><G123/><T50/><D129/><U57/><E22/><V127/><F127/><W98/><REACH who="3" step="1"/><G19/><REACH who="3" ten="191,282,282,235" step="2"/><T102/><D17/><U128/><E128/><V119/><F118/><W58/><G58/><T26/><D114/><U91/><E42/><V46/><F59/><W82/><G82/><T122/><D81/><U120/><E120/><V35/><F83/><W121/><G121/><T135/><D122/><U71/><E71/><V31/><F76/><W43/><G43/><T38/><D38/><U56/><E56/><V131/><F119/><W99/><G99/><N who="0" m="59759" /><D36/><U40/><E40/><V134/><F131/><W101/><G101/><T32/><D37/><U28/><E28/><V113/><F31/><W88/><G88/><T44/><D44/><U103/><E103/><V6/><F46/><W96/><G96/><T30/><D45/><U18/><E18/><V110/><F113/><W100/><G100/><T55/><D73/><U74/><E74/><V116/><F112/><W61/><G61/><T47/><D63/><U21/><E48/><V125/><F49/><W89/><G89/><T85/><D135/><U15/><E80/><V8/><F6/><W12/><G12/><T54/><D54/><U13/><E13/><V27/><F116/><W130/><G130/><T105/><D105/><U115/><E15/><RYUUKYOKU ba="1,1" sc="191,15,282,-15,282,-15,235,15" hai0="26,30,32,47,50,55,64,67,85,94" hai3="0,1,3,62,65,70,72,75,90,98,104,106,107" />
</Scene>
<Scene>
<INIT seed="3,2,1,3,5,54" ten="206,267,267,250" oya="3" hai0="103,23,22,97,14,43,56,38,25,109,112,24,123" hai1="36,8,113,78,3,129,74,79,85,134,28,12,52" hai2="72,90,116,84,47,60,130,128,111,26,101,51,65" hai3="99,121,91,35,5,126,19,9,0,73,108,104,39"/><W125/><G121/><T44/><D123/><U132/><E36/><V40/><F116/><W127/><G39/><T34/><D109/><U69/><E69/><V15/><F111/><W135/><G108/><T105/><D112/><U6/><E113/><V32/><F72/><W80/><G35/><T67/><D34/><U106/><E106/><V31/><F101/><N who="3" m="62527" /><G135/><N who="1" m="51754" /><E129/><V88/><F15/><W33/><G33/><T124/><D124/><U46/><E74/><V100/><F100/><W1/><G19/><T75/><D75/><U70/><E70/><V118/><F118/><W71/><G71/><T20/><REACH who="0" step="1"/><D14/><REACH who="0" ten="196,267,267,250" step="2"/><U119/><E119/><V45/><F128/><W64/><G73/><T42/><D42/><U50/><E12/><V94/><F130/><W86/><G64/><T61/><AGARI ba="2,2" hai="20,22,23,24,25,38,43,44,56,61,67,97,103,105" machi="61" ten="30,8000,1" yaku="1,1,0,1,52,1,53,2" doraHai="54" doraHaiUra="21" who="0" fromWho="0" sc="196,106,267,-22,267,-22,250,-42" owari="302,39.0,245,5.0,245,-15.0,208,-29.0" />
</Scene>
</mjloggm>