<mjloggm ver="2.3"><GO type="41"/><UN n0="%E5%A4%AA%E3%81%8F%E3%81%AA%E3%81%84%E3%81%8A" n1="%E3%81%9F%E3%81%A1%E3%81%AE" n2="%28%E7%B4%B3%CF%89%E5%A3%AB%29" n3="%E3%83%8E%E3%83%96%E3%83%8A%E3%82%AC" dan="13,14,13,14" rate="2022,1930,1917,1868" sx="M,M,M,M"/><TAIKYOKU oya="0"/>

<Scene>
<INIT seed="0,0,0,5,3,78" ten="250,250,250,250" oya="0" hai0="16,11,92,65,117,37,23,9,135,73,108,81,47" hai1="113,21,14,64,101,25,12,121,32,55,95,38,87" hai2="6,22,60,46,114,1,130,83,109,115,34,105,63" hai3="76,99,0,27,86,66,58,69,120,39,122,132,20"/><T91/><D117/><U29/><E38/><V24/><F34/><W10/><G69/><T123/><D123/><U98/><E121/><N who="3" m="46698" /><G39/><T31/><D31/><U33/><E113/><V72/><F105/><W4/><G132/><T50/><D65/><U36/><E36/><V127/><F127/><W128/><G128/><T134/><D37/><U75/><E75/><V56/><F130/><W106/><G99/><N who="0" m="57759" /><D108/><U62/><E55/><V70/><F109/><W67/><G106/><T133/><D73/><U28/><E87/><V41/><F70/><W45/><G45/><T19/><D81/><U80/><E80/><V96/><F96/><W102/><G102/><T71/><D71/><U43/><E43/><V15/><F46/><W94/><G58/><T129/><D129/><U110/><E110/><V90/><F41/><W17/><G94/><T82/><D82/><AGARI ba="0,0" hai="0,4,10,17,20,27,66,67,76,82,86" m="46698" machi="82" ten="30,2000,0" yaku="13,1,52,1" doraHai="78" who="3" fromWho="0" sc="250,-20,250,0,250,0,250,20" />
</Scene>
<Scene>
<INIT seed="1,0,0,3,1,52" ten="230,250,250,270" oya="1" hai0="119,35,18,85,53,89,80,65,101,25,71,88,122" hai1="48,114,26,75,14,90,113,7,27,95,42,102,59" hai2="49,107,45,51,106,128,108,47,19,105,111,126,28" hai3="44,10,130,69,24,57,120,32,43,112,63,97,12"/><U29/><E75/><V17/><F28/><W72/><G120/><T74/><D119/><U94/><E102/><V73/><F73/><W104/><G112/><T20/><D122/><U129/><E129/><V93/><F128/><W82/><G130/><T3/><D3/><U84/><E95/><V5/><F126/><W100/><G82/><T31/><D101/><U34/><E34/><V36/><F5/><W6/><G69/><T118/><D118/><U103/><E103/><V127/><F127/><W41/><G72/><T23/><D74/><U76/><E76/><V9/><F36/><W109/><G109/><N who="2" m="42057" /><F93/><W4/><G32/><T79/><D53/><U124/><E124/><V92/><F92/><W91/><G91/><T38/><D38/><U86/><E86/><V54/><F9/><W115/><G115/><T96/><D96/><U98/><E98/><V125/><F125/><W56/><G63/><T134/><D134/><U39/><E39/><V81/><F81/><W66/><G66/><T132/><D132/><U110/><E110/><V2/><F2/><W68/><G68/><T0/><D0/><U50/><E50/><N who="2" m="18955" /><F54/><W58/><G44/><AGARI ba="0,0" hai="17,19,44,45,47,105,106,107" m="18955,42057" machi="44" ten="40,5200,0" yaku="28,2,14,1" doraHai="52" who="2" fromWho="3" sc="230,0,250,0,250,52,270,-52" />
</Scene>
<Scene>
<INIT seed="2,0,0,0,2,76" ten="230,250,302,218" oya="2" hai0="21,126,63,35,14,99,67,32,6,108,131,50,90" hai1="91,77,96,0,43,38,46,66,47,115,16,84,103" hai2="26,74,122,109,106,31,123,25,92,9,129,124,97" hai3="57,110,37,62,30,64,83,69,59,28,105,118,8"/><V85/><F106/><W45/><G118/><T39/><D39/><U49/><E115/><V70/><F74/><W54/><G110/><T68/><D108/><U58/><E0/><V135/><F70/><W121/><G105/><T120/><D120/><U82/><E66/><V52/><F109/><W41/><G59/><T104/><D126/><U94/><E58/><V71/><F71/><W98/><G98/><T60/><D131/><U4/><E4/><V116/><F135/><W56/><G56/><T10/><D63/><U61/><E61/><V24/><F116/><W53/><G53/><T3/><D50/><U27/><E38/><V93/><F129/><W114/><G8/><T22/><D22/><U7/><E7/><V51/><F9/><W119/><G114/><T36/><D36/><U95/><E47/><V86/><F124/><W55/><G55/><T2/><D2/><U5/><E5/><V12/><F12/><W11/><G11/><T34/><D90/><U13/><E27/><V42/><F31/><W107/><G107/><T102/><D21/><U75/><E13/><V81/><F42/><W19/><G19/><T132/><REACH who="0" step="1"/><D14/><REACH who="0" ten="220,250,302,218" step="2"/><U128/><REACH who="1" step="1"/><E128/><REACH who="1" ten="220,240,302,218" step="2"/><V40/><F123/><W125/><G121/><T79/><D79/><U18/><AGARI ba="0,2" hai="16,18,43,46,49,75,77,82,84,91,94,95,96,103" machi="18" ten="30,8000,1" yaku="1,1,2,1,0,1,52,1,54,1,53,0" doraHai="76" doraHaiUra="111" who="1" fromWho="1" sc="220,-20,240,100,302,-40,218,-20" />
</Scene>
<Scene>
<INIT seed="3,0,0,3,4,127" ten="200,340,262,198" oya="3" hai0="27,86,53,66,52,21,122,24,102,135,13,105,108" hai1="87,120,97,19,46,119,34,106,17,73,96,45,10" hai2="56,35,67,71,128,129,79,51,55,37,14,117,70" hai3="58,125,85,22,9,104,95,111,109,3,23,99,6"/><W115/><G125/><T57/><D122/><U113/><E120/><V88/><F35/><W92/><G115/><T42/><D108/><N who="3" m="41545" /><G104/><T36/><D135/><U63/><E34/><V77/><F117/><W74/><G74/><T50/><D36/><U25/><E113/><V31/><F37/><W68/><G68/><T75/><D75/><U29/><E73/><V49/><F31/><W78/><G58/><T41/><D66/><U133/><E119/><V103/><F103/><N who="3" m="60903" /><G95/><T76/><D105/><U62/><E133/><V61/><F14/><W94/><G94/><T124/><D124/><U20/><E106/><V11/><F11/><W54/><G54/><T107/><D107/><U0/><E0/><V47/><F88/><W69/><G69/><N who="2" m="26121" /><F49/><W38/><G38/><T7/><D102/><U83/><E97/><V72/><F72/><W116/><G116/><T28/><D53/><U32/><E96/><V121/><F121/><W90/><G90/><T16/><D7/><U40/><E10/><V64/><F67/><W2/><G3/><T1/><D1/><U98/><E98/><V65/><F65/><W132/><G132/><T110/><D110/><U33/><E33/><V112/><F112/><W60/><G60/><T114/><D114/><U30/><E30/><V81/><F81/><AGARI ba="0,0" hai="2,6,9,22,23,78,81,85" m="60903,41545" machi="81" ten="30,2900,0" yaku="14,1,10,1" doraHai="127" who="3" fromWho="2" sc="200,0,340,0,262,-29,198,29" />
</Scene>
<Scene>
<INIT seed="3,1,0,3,5,24" ten="200,340,233,227" oya="3" hai0="103,124,112,52,82,16,108,79,30,15,129,49,134" hai1="50,41,93,74,67,111,131,22,88,83,70,35,23" hai2="113,34,97,65,76,77,72,21,54,57,78,122,95" hai3="96,48,2,12,47,36,107,64,110,81,80,118,53"/><W85/><G2/><T115/><D108/><U6/><E35/><V14/><F34/><W89/><G118/><T133/><D103/><U114/><E114/><N who="0" m="43561" /><D129/><U69/><E6/><V29/><F113/><W0/><G0/><T13/><D124/><U87/><E131/><V4/><F122/><W106/><G36/><T117/><D117/><U90/><E111/><V102/><F72/><W38/><G110/><T28/><D134/><U109/><E109/><V8/><F65/><W92/><G81/><T31/><D133/><U56/><E74/><V51/><F21/><W45/><G64/><T116/><D116/><U127/><E127/><V33/><F33/><W100/><G12/><N who="0" m="4683" /><D16/><U91/><E70/><V84/><REACH who="2" step="1"/><F29/><REACH who="2" ten="200,340,223,227" step="2"/><W9/><G9/><T123/><D123/><U46/><E69/><V135/><F135/><W75/><G75/><N who="0" m="43391" /><D28/><U66/><E66/><V25/><F25/><W71/><REACH who="3" step="1"/><G71/><REACH who="3" ten="200,340,223,217" step="2"/><T60/><D60/><U98/><E67/><V32/><F32/><W119/><G119/><T55/><D55/><U26/><E26/><V101/><F101/><W130/><G130/><T39/><D39/><U104/><E104/><V125/><F125/><W37/><G37/><T44/><AGARI ba="1,2" hai="30,31,44,49,52" m="43391,4683,43561" machi="44" ten="30,7900,0" yaku="11,1,52,2,54,1" doraHai="24" who="0" fromWho="0" sc="200,102,340,-21,223,-21,217,-40" />
</Scene>
<Scene>
<INIT seed="4,0,0,3,5,72" ten="302,319,202,177" oya="0" hai0="33,8,81,66,97,20,56,23,84,3,101,126,24" hai1="41,19,9,73,98,7,108,34,51,59,11,26,135" hai2="5,32,129,17,22,109,46,83,6,27,86,107,48" hai3="112,114,10,53,64,30,55,71,39,68,15,85,125"/><T74/><D74/><U131/><E108/><V65/><F107/><W76/><G39/><T4/><D126/><U117/><E117/><V35/><F109/><W45/><G30/><T49/><D33/><U121/><E121/><V47/><F129/><W60/><G71/><T31/><D23/><U0/><E73/><V105/><F105/><W88/><G125/><T52/><D66/><U100/><E131/><V38/><F38/><W75/><G45/><T82/><REACH who="0" step="1"/><D84/><REACH who="0" ten="292,319,202,177" step="2"/><U43/><E135/><V42/><F65/><W91/><G75/><T1/><D1/><U119/><E119/><V14/><F47/><W40/><G40/><T116/><D116/><U113/><E34/><V90/><F35/><W118/><G55/><T69/><D69/><U50/><E113/><V13/><F32/><W77/><G53/><T87/><D87/><U134/><E0/><V92/><F5/><W94/><G118/><T80/><D80/><U2/><E2/><V61/><F6/><W89/><G114/><T25/><D25/><U133/><E7/><V44/><F44/><W96/><G112/><T58/><D58/><U79/><E59/><V78/><REACH who="2" step="1"/><F61/><REACH who="2" ten="292,319,192,177" step="2"/><W18/><REACH who="3" step="1"/><G85/><AGARI ba="0,2" hai="13,14,17,22,27,42,46,48,78,83,85,86,90,92" machi="85" ten="30,12000,2" yaku="1,1,2,1,7,1,8,1,52,1,53,1" doraHai="72" doraHaiUra="16" who="2" fromWho="3" sc="292,0,319,0,192,140,177,-120" />
</Scene>
<Scene>
<INIT seed="5,0,0,1,4,122" ten="292,319,332,57" oya="1" hai0="38,74,124,125,88,75,42,127,91,115,26,27,64" hai1="94,41,84,78,44,21,113,128,19,82,112,104,93" hai2="95,6,97,66,7,83,85,129,61,106,100,53,25" hai3="46,117,35,49,81,48,31,34,80,133,118,17,121"/><U3/><E104/><V98/><F129/><W9/><G121/><T56/><D115/><U123/><E3/><V47/><F25/><N who="0" m="9226" /><D38/><U12/><E123/><V4/><F106/><W16/><G31/><T15/><D42/><U32/><E32/><V5/><F98/><W0/><G9/><T131/><D131/><U43/><E128/><V54/><F47/><W126/><G46/><T63/><D15/><U101/><E101/><V45/><F45/><W119/><G0/><T130/><D130/><U10/><E10/><V105/><F105/><W68/><G68/><T62/><D62/><U23/><E23/><V77/><N who="2" m="1024" /><DORA hai="18" /><V39/><REACH who="2" step="1"/><F39/><REACH who="2" ten="292,319,322,57" step="2"/><W111/><G133/><T79/><D74/><U8/><E43/><V29/><F29/><W11/><G11/><T70/><D70/><AGARI ba="0,1" hai="53,54,61,66,70,77,83,85,95,97,100" m="1024" machi="70" ten="50,3200,0" yaku="1,1,53,1" doraHai="122,18" doraHaiUra="90,55" who="2" fromWho="0" sc="292,-32,319,0,322,42,57,0" />
</Scene>
<Scene>
<INIT seed="6,0,0,4,1,118" ten="260,319,364,57" oya="2" hai0="68,95,7,37,89,55,57,6,25,91,66,50,23" hai1="61,90,123,38,76,35,111,117,129,63,115,27,30" hai2="56,64,4,13,10,31,74,109,42,92,126,131,98" hai3="86,69,11,14,96,114,120,53,122,12,44,41,102"/><V28/><F74/><W0/><G69/><T3/><D37/><U133/><E90/><V135/><F131/><W26/><G0/><T9/><D7/><U8/><E63/><V67/><F135/><W34/><G86/><T83/><D83/><U47/><E117/><V101/><F126/><W71/><G71/><T132/><D132/><U112/><E133/><V52/><F42/><W19/><G53/><T84/><D68/><U81/><E61/><V24/><F109/><W48/><G114/><N who="1" m="43562" /><E111/><V107/><F107/><W39/><G39/><T15/><D66/><N who="2" m="25130" /><F24/><W80/><G80/><T119/><D119/><U36/><E129/><V70/><F70/><W75/><G75/><T87/><D3/><U124/><E124/><V1/><F1/><W105/><REACH who="3" step="1"/><G14/><REACH who="3" ten="260,319,364,47" step="2"/><T18/><D87/><N who="1" m="48551" /><E38/><V113/><F113/><W73/><G73/><T54/><D54/><U16/><E36/><V46/><F46/><W45/><G45/><T130/><D130/><U82/><E47/><V85/><F85/><W78/><G78/><T104/><D84/><U108/><E82/><V93/><F93/><W65/><G65/><T29/><D104/><U20/><E108/><V49/><AGARI ba="0,1" hai="4,10,13,28,31,49,52,56,92,98,101" m="25130" machi="49" ten="30,3000,0" yaku="8,1,54,1" doraHai="118" who="2" fromWho="2" sc="260,-10,319,-10,364,40,47,-10" />
</Scene>
<Scene>
<INIT seed="6,1,0,2,2,12" ten="250,309,404,37" oya="2" hai0="18,54,2,107,61,117,47,109,103,68,126,116,19" hai1="83,37,9,69,29,8,125,90,23,86,11,45,72" hai2="36,113,38,132,5,77,121,27,99,14,66,53,20" hai3="124,46,76,122,106,63,93,97,26,71,104,17,67"/><V89/><F121/><W30/><G122/><T134/><D2/><U32/><E69/><V96/><F77/><W7/><G124/><T98/><D126/><U79/><E32/><V131/><F131/><W119/><G119/><N who="0" m="45643" /><D109/><U28/><E125/><V111/><F132/><W42/><G76/><T80/><D134/><U74/><E23/><V101/><F5/><W128/><G7/><T1/><D1/><U108/><E108/><V58/><F89/><W24/><G128/><T85/><D47/><U48/><E37/><V56/><F96/><W91/><G26/><T21/><D21/><U62/><E62/><V51/><F99/><W133/><G133/><T16/><D54/><U81/><REACH who="1" step="1"/><E74/><REACH who="1" ten="250,299,404,37" step="2"/><V127/><F111/><W52/><G42/><AGARI ba="1,1" hai="8,9,11,28,29,42,45,48,72,79,81,83,86,90" machi="42" ten="40,2600,0" yaku="1,1,2,1,53,0" doraHai="12" doraHaiUra="35" who="1" fromWho="3" sc="250,0,299,39,404,0,37,-29" />
</Scene>
<Scene>
<INIT seed="7,0,0,5,2,91" ten="250,338,404,8" oya="3" hai0="80,72,59,109,107,81,135,15,75,98,46,38,102" hai1="99,115,26,126,97,4,66,128,82,1,35,33,47" hai2="83,18,9,116,13,123,61,111,120,25,105,73,54" hai3="106,44,124,24,20,42,92,53,28,19,36,17,23"/><W133/><G106/><T108/><D59/><U69/><E99/><V85/><F111/><N who="0" m="42570" /><D15/><U40/><E126/><V130/><F116/><W6/><G124/><T93/><D46/><U94/><E115/><V58/><F130/><W119/><G119/><T27/><D27/><U87/><E128/><V55/><F105/><W131/><G131/><T84/><D38/><U51/><E26/><V117/><F117/><W90/><G133/><T112/><D135/><U104/><E94/><V134/><F73/><N who="0" m="28234" /><D112/><U71/><E87/><V88/><F134/><W31/><G53/><T127/><D127/><U78/><E82/><N who="0" m="31849" /><D84/><U0/><E78/><V50/><F25/><W68/><G6/><T56/><D56/><U62/><E71/><V125/><F125/><W110/><G68/><T79/><D79/><U77/><E77/><V100/><F100/><W129/><G129/><T70/><D70/><U65/><E65/><V45/><AGARI ba="0,0" hai="9,13,18,45,50,54,55,58,61,83,85,88,120,123" machi="45" ten="30,7900,0" yaku="0,1,25,2,54,1" doraHai="91" who="2" fromWho="2" sc="250,-20,338,-20,404,79,8,-39" owari="230,-17.0,318,12.0,483,58.0,-31,-53.0" />
</Scene>
</mjloggm>