<mjloggm ver="2.3"><GO type="169" lobby="0"/><UN n0="%E5%A4%AA%E3%81%8F%E3%81%AA%E3%81%84%E3%81%8A" n1="%74%6F%6D%6F%79%75" n2="%E3%81%AD%E3%81%98%E3%81%BE%E3%81%8D%E9%B3%A5%E2%88%AE" n3="%E7%81%BC%E7%9C%BC%E3%81%AE%E3%82%B7%E3%83%A3%E3%83%8A%E3%82%BF%E3%83%B3" dan="18,16,16,16" rate="2234.57,2079.25,2087.14,2176.89" sx="F,M,M,F"/><TAIKYOKU oya="0"/>

<Scene>
<INIT seed="0,0,0,0,0,129" ten="250,250,250,250" oya="0" hai0="104,90,2,1,22,19,38,94,86,37,85,55,60" hai1="76,10,99,71,83,45,25,54,39,125,61,131,51" hai2="30,118,120,126,27,31,114,92,32,113,15,115,132" hai3="108,134,36,29,20,88,41,82,16,95,42,0,101"/><T102/><D104/><U26/><E131/><V50/><F50/><W34/><G0/><T133/><D102/><U44/><E125/><V48/><F48/><W28/><G134/><T59/><D86/><U127/><E127/><V84/><F126/><W74/><G108/><T111/><D111/><U43/><E99/><V33/><F92/><W58/><G34/><T11/><D133/><U47/><E47/><V130/><F84/><N who="3" m="50199" /><G36/><T119/><D119/><U7/><E61/><V56/><F56/><W68/><G68/><T135/><D135/><U79/><E71/><V128/><F132/><W12/><G74/><T67/><D67/><U77/><REACH who="1" step="1"/><E83/><REACH who="1" ten="250,240,250,250" step="2"/><V109/><F128/><W117/><G117/><T40/><D40/><N who="3" m="15465" /><G58/><T81/><D81/><U24/><E24/><V63/><F27/><W89/><G101/><T8/><D38/><U124/><E124/><V106/><F130/><W4/><G4/><T66/><D37/><U35/><E35/><V121/><F33/><W23/><G23/><T6/><D22/><U64/><E64/><V105/><F32/><W21/><G21/><T78/><D66/><U103/><E103/><V49/><F109/><W91/><G91/><T62/><D59/><U107/><E107/><V116/><F106/><W53/><G53/><T72/><D55/><U14/><AGARI ba="0,1" hai="7,10,14,25,26,39,43,44,45,51,54,76,77,79" machi="14" ten="30,4000,0" yaku="1,1,0,1,53,1" doraHai="129" doraHaiUra="69" who="1" fromWho="1" sc="250,-20,240,50,250,-10,250,-10" />
</Scene>
<Scene>
<INIT seed="1,0,0,5,0,19" ten="230,290,240,240" oya="1" hai0="30,9,47,124,69,83,120,38,54,103,129,26,20" hai1="24,42,71,16,134,35,98,107,3,57,128,40,66" hai2="89,28,123,73,52,131,97,109,76,46,29,110,65" hai3="96,59,31,45,118,88,93,122,2,87,104,12,102"/><U44/><E3/><V4/><F123/><W100/><G122/><T113/><D120/><U23/><E134/><V94/><F131/><W39/><G2/><T63/><D113/><U50/><E128/><V17/><F4/><W68/><G68/><T7/><D129/><U27/><E71/><V105/><F65/><W95/><G118/><T127/><D103/><U91/><E107/><V55/><F105/><W58/><G31/><N who="2" m="11849" /><F46/><W92/><G12/><T121/><D83/><U14/><E35/><V67/><F67/><W62/><G102/><T37/><D121/><U41/><E57/><V119/><F119/><W112/><G112/><T1/><D69/><U108/><E66/><V6/><F6/><W111/><G111/><N who="2" m="42505" /><F17/><W84/><G58/><N who="0" m="35287" /><D47/><U80/><E108/><V10/><F10/><W133/><G45/><T74/><D74/><U90/><E80/><AGARI ba="0,0" hai="52,55,73,76,80,89,94,97" m="42505,11849" machi="80" ten="30,2000,0" yaku="14,1,54,1" doraHai="19" who="2" fromWho="1" sc="230,0,290,-20,240,20,240,0" />
</Scene>
<Scene>
<INIT seed="2,0,0,5,3,135" ten="230,270,260,240" oya="2" hai0="45,7,47,42,102,36,20,0,30,28,89,107,40" hai1="48,56,31,83,129,64,13,1,75,78,97,134,68" hai2="58,94,69,65,66,81,114,119,131,9,5,133,71" hai3="120,118,90,85,61,37,126,115,62,124,108,122,4"/><V101/><F119/><W77/><G118/><T73/><D73/><U21/><E1/><V59/><F114/><W18/><G37/><T113/><D113/><U52/><E134/><V95/><F133/><W125/><G115/><T22/><D107/><U128/><E97/><V79/><F131/><N who="1" m="50249" /><E68/><V38/><F38/><W92/><G108/><T34/><D102/><U16/><E31/><V3/><F101/><W88/><G4/><T46/><D34/><U44/><E64/><V130/><F130/><W32/><G32/><T87/><D7/><U132/><E132/><V33/><F33/><W6/><G6/><T60/><D0/><U11/><E11/><V57/><F66/><W63/><G77/><T74/><D74/><U84/><E75/><V80/><F80/><N who="3" m="49447" /><G18/><T54/><D30/><U103/><E103/><V29/><F29/><W55/><G55/><T12/><D28/><U72/><E72/><V104/><F104/><W23/><G23/><T8/><D22/><U10/><E21/><V26/><F26/><W117/><G117/><T109/><D20/><U93/><E93/><V15/><F3/><W35/><G35/><T67/><D67/><U17/><E17/><V50/><F65/><W127/><N who="3" m="31744" /><DORA hai="2" /><W106/><G106/><T121/><D36/><U86/><E78/><V96/><F79/><W27/><G27/><T111/><D111/><U100/><E100/><V123/><F5/><W14/><G14/><T105/><D12/><U51/><E83/><V53/><F81/><W110/><G110/><T19/><D109/><U24/><E24/><V116/><F116/><RYUUKYOKU ba="0,0" sc="230,-15,270,15,260,-15,240,15" hai1="10,13,16,44,48,51,52,56,84,86" hai3="61,62,63,88,92,120,122" />
</Scene>
<Scene>
<INIT seed="3,1,0,2,0,96" ten="215,285,245,255" oya="3" hai0="12,64,2,47,86,87,15,53,112,134,56,40,99" hai1="125,73,43,131,5,133,61,52,104,6,81,74,58" hai2="113,18,4,85,33,128,13,79,82,49,116,30,23" hai3="119,21,35,126,17,90,122,55,37,109,77,111,20"/><W101/><G119/><T115/><D2/><U41/><E104/><V7/><F116/><W95/><G122/><T110/><D64/><U97/><E133/><V54/><F113/><N who="0" m="43594" /><D134/><U69/><E131/><V42/><F128/><W34/><G37/><N who="0" m="21903" /><D110/><N who="3" m="41993" /><G126/><T38/><D99/><U135/><E125/><V72/><F42/><W46/><G77/><T29/><D29/><U19/><E43/><V1/><F72/><W26/><G20/><T102/><D38/><U92/><E41/><V50/><F54/><W130/><G130/><T88/><D102/><U66/><E74/><V36/><F7/><W60/><G101/><T48/><D86/><U117/><E73/><V127/><F36/><W59/><G46/><T118/><D118/><U44/><E44/><V103/><F103/><W22/><G22/><T8/><D8/><U11/><E11/><N who="2" m="2447" /><F127/><W123/><G123/><T76/><D76/><U70/><E117/><V91/><F79/><W45/><G45/><T105/><D105/><U93/><E135/><V31/><F31/><W39/><G39/><T3/><D3/><U84/><E6/><V89/><F89/><W114/><G114/><T16/><D16/><U67/><E19/><V120/><F120/><W78/><G78/><T106/><D106/><U100/><E5/><V51/><F30/><W129/><G129/><T83/><AGARI ba="1,0" hai="12,15,48,53,56,83,87,88" m="21903,43594" machi="83" ten="30,2000,0" yaku="11,1,54,1" doraHai="96" who="0" fromWho="0" sc="215,23,285,-6,245,-6,255,-11" />
</Scene>
<Scene>
<INIT seed="4,0,0,3,1,132" ten="238,279,239,244" oya="0" hai0="62,17,91,79,59,66,60,90,41,3,13,74,70" hai1="126,0,45,12,72,94,135,47,63,97,67,109,133" hai2="28,100,8,119,1,49,84,16,35,110,27,46,38" hai3="42,122,54,40,18,31,112,53,108,71,120,98,124"/><T134/><D3/><U43/><E0/><V6/><F38/><W44/><G31/><T103/><D134/><N who="1" m="51211" /><E72/><V52/><F110/><W15/><G108/><T19/><D103/><N who="1" m="60855" /><E109/><V99/><F119/><W117/><G71/><T114/><D114/><U128/><E128/><V83/><F16/><W81/><G117/><T9/><D41/><U92/><E92/><V87/><REACH who="2" step="1"/><F83/><REACH who="2" ten="238,279,229,244" step="2"/><W86/><G18/><T93/><D19/><U69/><E12/><V20/><F20/><W82/><G15/><T68/><D17/><U77/><E77/><V80/><F80/><W39/><G81/><T75/><D79/><U61/><E61/><V58/><F58/><W7/><G82/><T37/><D59/><U88/><E47/><V4/><F4/><W76/><G7/><T21/><D13/><U30/><E45/><V5/><F5/><W89/><G44/><T104/><D62/><U118/><E118/><V131/><F131/><W56/><G56/><T129/><D129/><U51/><E63/><V10/><F10/><W34/><G39/><T96/><D9/><U111/><E111/><V11/><F11/><W102/><G120/><T29/><D37/><U36/><E36/><V65/><F65/><W127/><G122/><T125/><D60/><U101/><E67/><V116/><F116/><W55/><G112/><T64/><D66/><U115/><E115/><V57/><F57/><W95/><G34/><T14/><D64/><U26/><E69/><V123/><F123/><W113/><G113/><T25/><D70/><U50/><E26/><V22/><F22/><W73/><G76/><RYUUKYOKU ba="0,1" sc="238,-10,279,-10,229,30,244,-10" hai2="1,6,8,27,28,35,46,49,52,84,87,99,100" />
</Scene>
<Scene>
<INIT seed="5,1,1,1,0,131" ten="228,269,259,234" oya="1" hai0="120,53,89,54,85,49,45,62,78,75,92,5,96" hai1="64,36,71,83,4,59,29,70,79,44,86,88,80" hai2="133,67,91,61,35,58,7,17,101,55,104,74,30" hai3="47,134,57,34,65,43,128,112,97,114,99,40,76"/><U56/><E29/><V2/><F74/><W51/><G34/><T125/><D125/><U6/><E71/><N who="2" m="42479" /><F91/><W107/><G128/><T13/><D120/><U23/><E70/><V82/><F82/><W48/><G76/><T122/><D122/><U126/><E126/><V25/><F17/><W115/><G134/><T63/><D75/><U72/><E23/><V20/><F133/><W41/><G107/><T39/><D39/><U113/><E113/><V117/><F20/><W22/><G22/><T16/><D5/><U95/><E64/><V90/><F90/><W18/><G18/><T37/><D37/><U26/><E26/><V108/><F108/><W50/><G47/><T135/><D135/><U111/><E111/><V28/><F28/><W8/><G8/><N who="0" m="6183" /><D54/><U27/><E83/><AGARI ba="1,1" hai="45,49,53,62,63,78,83,85,89,92,96" m="6183" machi="83" ten="30,2000,0" yaku="8,1,54,1" doraHai="131" who="0" fromWho="1" sc="228,33,269,-23,259,0,234,0" />
</Scene>
<Scene>
<INIT seed="6,0,0,3,1,32" ten="261,246,259,234" oya="2" hai0="122,45,92,133,83,28,124,33,67,24,25,0,95" hai1="68,104,10,40,108,102,14,112,60,130,85,93,5" hai2="8,29,41,27,76,58,134,88,94,82,75,87,80" hai3="39,46,19,62,105,77,119,120,118,54,107,51,99"/><V63/><F134/><W100/><G120/><T128/><D122/><U84/><E108/><V38/><F8/><W123/><G123/><T16/><D67/><U115/><E40/><V66/><F41/><W15/><G105/><T71/><D71/><U9/><E130/><V129/><F129/><W18/><G77/><T106/><D106/><U70/><E104/><V53/><F38/><W127/><G127/><T35/><D128/><U3/><E102/><V61/><F80/><W42/><G62/><T20/><D124/><U103/><E103/><V23/><REACH who="2" step="1"/><F66/><REACH who="2" ten="261,246,249,234" step="2"/><W73/><G42/><T91/><D133/><U17/><E10/><V121/><F121/><W131/><G39/><T12/><D83/><U13/><E9/><V56/><F56/><W1/><G131/><T72/><D45/><U49/><E68/><V114/><F114/><W6/><G46/><T86/><D0/><U74/><E3/><V59/><F59/><W135/><G1/><T81/><D72/><U57/><E74/><V55/><F55/><W50/><G73/><T34/><D34/><U36/><E70/><V101/><F101/><W30/><G54/><T43/><D43/><U4/><E57/><V65/><F65/><W47/><G135/><T97/><D81/><U132/><E132/><V44/><F44/><W64/><G64/><T69/><D69/><U96/><E115/><V110/><F110/><W126/><G47/><T52/><D52/><U26/><E112/><V78/><F78/><W89/><G100/><N who="0" m="60455" /><D35/><U7/><E36/><V21/><F21/><W116/><G126/><T117/><D117/><RYUUKYOKU ba="0,1" sc="261,15,246,-15,249,15,234,-15" hai0="12,16,20,24,25,28,33,86,91,95" hai2="23,27,29,53,58,61,63,75,76,82,87,88,94" />
</Scene>
<Scene>
<INIT seed="6,1,1,3,4,120" ten="276,231,264,219" oya="2" hai0="59,124,9,3,82,1,2,6,4,68,132,122,66" hai1="72,23,61,84,10,46,100,52,77,48,116,39,129" hai2="78,127,32,71,38,45,117,111,5,16,76,97,58" hai3="98,40,99,101,22,85,50,92,62,133,102,83,53"/><V131/><F117/><W113/><G133/><T60/><D122/><U96/><E116/><V103/><F71/><W13/><G113/><T79/><D132/><U126/><E72/><V104/><F32/><W87/><G40/><T121/><D121/><U67/><E39/><V106/><F5/><W109/><G109/><T43/><D124/><U35/><E35/><V55/><F127/><W95/><G62/><T36/><D59/><N who="1" m="37311" /><E126/><V0/><F0/><W90/><G85/><T7/><D7/><U93/><E129/><V105/><F131/><W41/><G41/><T47/><D6/><U135/><E135/><V12/><F45/><W37/><G37/><T73/><AGARI ba="1,1" hai="1,2,3,4,9,36,43,47,60,66,68,73,79,82" machi="73" ten="20,12000,2" yaku="0,1,7,1,25,2,33,3" doraHai="120" who="0" fromWho="0" sc="276,133,231,-31,264,-61,219,-31" />
</Scene>
<Scene>
<INIT seed="7,0,0,1,5,55" ten="409,200,203,188" oya="3" hai0="77,132,106,50,12,99,25,68,2,11,110,29,129" hai1="80,3,98,128,43,58,65,17,62,102,134,23,81" hai2="115,63,19,20,47,133,103,100,120,91,46,7,31" hai3="14,71,121,6,105,97,37,96,130,48,127,36,16"/><W15/><G121/><T32/><D110/><U67/><E3/><V74/><F74/><W33/><G33/><T1/><D77/><U38/><E134/><V52/><F7/><W126/><G71/><T131/><D68/><U125/><E125/><N who="3" m="47626" /><G130/><N who="0" m="49675" /><D132/><U89/><E128/><V75/><F75/><W22/><G48/><T83/><D83/><U135/><E135/><V69/><F63/><W21/><G105/><T84/><D84/><U27/><E67/><V111/><F69/><W95/><G6/><N who="0" m="3191" /><D50/><U104/><E38/><N who="3" m="14954" /><G95/><T76/><D76/><U60/><E104/><V56/><F133/><W101/><G101/><AGARI ba="0,0" hai="1,2,25,29,32,99,101,106" m="3191,49675" machi="101" ten="30,1000,0" yaku="19,1" doraHai="55" who="0" fromWho="3" sc="409,10,200,0,203,0,188,-10" owari="419,52.0,200,-20.0,203,0.0,178,-32.0" />
</Scene>
</mjloggm>