<mjloggm ver="2.3"><GO type="169"/><UN n0="%74%61%72%6F%6F" n1="%41%53%41%50%49%4E" n2="%E8%99%8E%E5%85%90%E6%9C%97" n3="%E5%A4%AA%E3%81%8F%E3%81%AA%E3%81%84%E3%81%8A" dan="18,19,17,17" rate="2171,2247,2057,2137" sx="M,M,M,M"/><TAIKYOKU oya="0"/>

<Scene>
<INIT seed="0,0,0,2,2,43" ten="250,250,250,250" oya="0" hai0="67,124,59,109,33,126,117,8,94,130,73,37,42" hai1="48,125,46,55,121,4,62,128,25,113,133,87,76" hai2="10,68,36,24,30,52,41,129,23,3,66,132,134" hai3="93,57,135,72,127,75,6,91,110,34,90,88,49"/><T84/><D33/><U80/><E121/><V13/><F3/><W131/><G34/><T21/><D73/><U2/><E128/><V19/><F129/><W50/><G131/><T106/><D106/><U17/><E133/><N who="2" m="51307" /><F66/><W0/><G135/><T102/><D130/><U122/><E122/><V104/><F104/><W1/><G93/><T79/><D117/><U115/><E125/><V81/><F68/><W108/><G127/><T65/><D8/><U86/><E62/><V83/><F52/><N who="3" m="31887" /><G50/><T107/><D107/><U74/><E4/><V97/><F97/><W40/><G40/><T99/><D124/><U112/><E2/><N who="3" m="1130" /><G6/><T27/><D126/><U71/><E71/><V12/><F12/><W9/><G9/><T28/><D65/><U61/><E61/><V32/><F32/><W96/><G96/><T7/><D7/><U58/><E58/><V14/><F14/><W101/><G101/><T22/><D67/><U123/><E123/><V69/><F69/><W53/><G53/><T31/><D59/><U45/><REACH who="1" step="1"/><E45/><AGARI ba="0,0" hai="10,13,19,23,24,30,36,41,45,81,83" m="51307" machi="45" ten="30,2000,0" yaku="20,1,52,1" doraHai="43" who="2" fromWho="1" sc="250,0,250,-20,250,20,250,0" />
</Scene>
<Scene>
<INIT seed="1,0,0,3,3,3" ten="250,230,270,250" oya="1" hai0="69,52,96,110,132,14,82,92,6,8,32,114,78" hai1="89,107,83,1,123,44,9,26,49,50,126,37,35" hai2="61,5,53,59,131,12,25,134,106,130,116,27,104" hai3="54,81,108,15,112,135,46,55,42,67,58,40,0"/><U18/><E123/><V20/><F116/><W94/><G0/><T125/><D114/><U28/><E107/><V79/><F79/><W85/><G112/><T34/><D69/><U128/><E128/><N who="2" m="49195" /><F134/><W133/><G108/><T45/><D110/><U16/><E126/><V80/><F80/><W127/><G94/><T24/><D132/><N who="3" m="50761" /><G127/><T86/><D24/><N who="2" m="9290" /><F20/><W77/><G15/><T43/><D125/><U117/><E37/><V60/><F60/><N who="3" m="38295" /><G42/><T102/><REACH who="0" step="1"/><D52/><REACH who="0" ten="240,230,270,250" step="2"/><U48/><E117/><V103/><F53/><W95/><G54/><T98/><D98/><U66/><E66/><V115/><F115/><W19/><G55/><T10/><D10/><U88/><E44/><V2/><F59/><W63/><G46/><T73/><D73/><U72/><E72/><V23/><F61/><W31/><G63/><T4/><D4/><U121/><E121/><V21/><F5/><W76/><G40/><T93/><D93/><U109/><E109/><V11/><F11/><W68/><G95/><T90/><D90/><U62/><E62/><V47/><F47/><W118/><G68/><T39/><AGARI ba="0,1" hai="6,8,14,32,34,39,43,45,78,82,86,92,96,102" machi="39" ten="20,5200,0" yaku="1,1,0,1,7,1,52,1,53,0" doraHai="3" doraHaiUra="65" who="0" fromWho="0" sc="240,62,230,-26,270,-13,250,-13" />
</Scene>
<Scene>
<INIT seed="2,0,0,5,1,44" ten="302,204,257,237" oya="2" hai0="80,29,126,23,50,63,68,42,113,90,10,48,55" hai1="7,85,75,98,26,115,76,66,112,117,102,28,37" hai2="16,89,36,110,120,103,106,101,17,127,53,6,22" hai3="99,60,58,128,35,54,57,79,67,1,30,82,3"/><V47/><F120/><W73/><G128/><T39/><D113/><U18/><E117/><V92/><F127/><W95/><G35/><T33/><D33/><U122/><E37/><V24/><F6/><W11/><G30/><T27/><D126/><U121/><E66/><V123/><F123/><N who="1" m="47113" /><E7/><V64/><F64/><W25/><G25/><T52/><D39/><U12/><E85/><N who="2" m="52271" /><F36/><W8/><G1/><T116/><D42/><U105/><E76/><V114/><F106/><W38/><G3/><T83/><D116/><U94/><E75/><V125/><F125/><W21/><G21/><T32/><D32/><N who="1" m="20503" /><E105/><V56/><F114/><W130/><G130/><T135/><D135/><U78/><E78/><V65/><F110/><W46/><G38/><T104/><D104/><U41/><E41/><V45/><F65/><W40/><G40/><T59/><D68/><U107/><E107/><V77/><F77/><W51/><REACH who="3" step="1"/><G58/><REACH who="3" ten="302,204,257,227" step="2"/><N who="0" m="33047" /><D10/><AGARI ba="0,1" hai="10,12,18,94,98,102,112,115" m="20503,47113" machi="10" ten="30,1000,0" yaku="13,1" doraHai="44" who="1" fromWho="0" sc="302,-10,204,20,257,0,227,0" />
</Scene>
<Scene>
<INIT seed="3,0,0,4,2,112" ten="292,224,257,227" oya="3" hai0="64,21,60,17,4,126,63,88,110,38,122,84,26" hai1="133,94,45,134,19,129,95,67,103,23,34,87,90" hai2="36,119,128,101,125,115,1,65,116,80,123,105,62" hai3="121,118,98,2,72,32,83,39,52,54,130,135,31"/><W30/><G121/><T114/><D122/><U77/><E34/><V51/><F123/><W27/><G39/><T22/><D38/><U11/><E129/><V75/><F115/><W3/><G130/><T127/><D110/><U13/><E77/><N who="2" m="44095" /><F51/><W71/><G71/><T24/><D4/><U131/><E131/><V76/><F128/><W82/><G135/><N who="1" m="51722" /><E67/><V29/><F76/><W12/><G72/><T6/><D6/><N who="1" m="3319" /><E45/><V85/><F85/><W20/><G98/><T46/><D46/><U100/><E95/><V37/><F29/><W41/><G41/><T69/><D114/><U59/><E59/><V86/><F86/><W14/><G20/><T113/><D113/><U92/><E92/><V48/><F48/><W104/><G27/><AGARI ba="0,0" hai="19,23,27,87,90,94,100,103" m="3319,51722" machi="27" ten="30,1000,0" yaku="20,1" doraHai="112" who="1" fromWho="3" sc="292,0,224,10,257,0,227,-10" />
</Scene>
<Scene>
<INIT seed="4,0,0,1,4,77" ten="292,234,257,217" oya="0" hai0="14,38,107,115,72,29,30,11,19,49,111,119,0" hai1="40,66,42,52,18,4,99,84,55,92,75,21,116" hai2="28,69,1,8,62,91,98,102,13,121,65,32,83" hai3="78,15,112,89,47,63,88,25,7,37,79,73,10"/><T117/><D38/><U114/><E116/><V9/><F121/><W90/><G112/><T127/><D107/><U80/><E75/><V104/><F1/><W97/><G97/><T6/><D72/><U17/><E66/><V100/><F100/><W113/><G113/><T85/><D115/><U54/><E4/><V93/><F13/><W57/><G25/><T16/><D49/><U67/><E67/><V23/><F23/><W106/><G106/><T118/><D85/><U109/><E109/><V126/><F126/><W135/><G135/><T134/><D134/><U3/><E3/><V2/><F2/><W133/><G133/><T24/><D127/><U129/><E129/><V43/><F43/><N who="1" m="16425" /><E21/><V44/><F44/><W94/><G47/><T86/><D86/><U96/><E114/><V81/><F9/><W70/><G37/><T39/><D39/><U131/><E131/><V58/><F8/><W105/><G105/><T110/><D30/><U46/><E46/><V68/><F68/><W26/><G70/><T41/><D41/><U87/><E87/><N who="2" m="52479" /><F58/><W64/><G73/><T48/><D48/><U108/><E108/><N who="0" m="41513" /><D0/><U74/><E74/><V101/><F101/><W27/><G94/><T12/><D12/><U123/><E123/><V125/><F125/><W22/><REACH who="3" step="1"/><G26/><AGARI ba="0,0" hai="26,28,32,62,65,69,81,83,98,102,104" m="52479" machi="26" ten="30,3900,0" yaku="25,1,52,2" doraHai="77" who="2" fromWho="3" sc="292,0,234,0,257,39,217,-39" />
</Scene>
<Scene>
<INIT seed="5,0,0,0,2,79" ten="292,234,296,178" oya="1" hai0="74,15,7,63,62,33,75,92,87,23,10,122,49" hai1="31,104,61,126,93,42,14,34,96,99,12,65,134" hai2="0,28,55,4,45,70,78,119,53,8,27,106,25" hai3="90,69,36,118,113,6,41,60,22,32,46,116,40"/><U9/><E134/><V84/><F119/><N who="3" m="45611" /><G32/><T38/><D38/><U66/><E126/><V73/><F70/><W30/><G6/><T1/><D33/><U64/><E42/><V21/><F106/><W82/><G113/><T18/><D122/><U95/><E61/><V132/><F132/><W124/><G124/><T26/><D74/><U44/><E44/><V57/><F73/><W67/><G41/><T114/><D75/><U97/><E104/><V88/><F78/><W110/><G110/><T120/><D120/><U130/><E130/><V29/><F45/><W20/><G30/><T72/><D72/><U51/><E51/><V50/><F55/><W56/><G69/><T112/><D49/><U121/><E121/><V105/><F105/><W24/><G24/><T83/><D92/><U89/><E9/><V102/><F102/><W85/><AGARI ba="0,0" hai="20,22,36,40,46,56,60,67,82,85,90" m="45611" machi="85" ten="30,2000,0" yaku="12,1,52,1" doraHai="79" who="3" fromWho="3" sc="292,-5,234,-10,296,-5,178,20" />
</Scene>
<Scene>
<INIT seed="6,0,0,3,3,63" ten="287,224,291,198" oya="2" hai0="6,121,19,118,106,31,111,61,124,74,34,9,39" hai1="89,1,102,40,123,60,104,88,38,81,51,49,30" hai2="18,133,107,37,135,82,53,68,95,54,127,93,47" hai3="28,119,79,108,120,114,13,66,90,132,36,77,12"/><V26/><F107/><W17/><G120/><T21/><D106/><U35/><E1/><V33/><F68/><W84/><G108/><T130/><D74/><U86/><E123/><V46/><F127/><W24/><G119/><T122/><D39/><U57/><E89/><V22/><F33/><W129/><G36/><T71/><D111/><U52/><E35/><V0/><F0/><W44/><G132/><N who="2" m="50761" /><F82/><W48/><G129/><T113/><D130/><U10/><E30/><V29/><F18/><W16/><G114/><T105/><D113/><U126/><E126/><V83/><F83/><W27/><G28/><T67/><D105/><U100/><E10/><V15/><F15/><W45/><G90/><T8/><D124/><U92/><E104/><V55/><F37/><W115/><G115/><T73/><D73/><U2/><E2/><V109/><F109/><W134/><G48/><T75/><D75/><U98/><REACH who="1" step="1"/><E100/><REACH who="1" ten="287,214,291,198" step="2"/><V64/><F29/><W76/><G76/><T110/><D110/><U32/><E32/><V62/><F22/><W72/><G72/><T85/><D121/><U80/><E80/><V65/><F95/><W5/><G5/><T125/><D122/><U20/><E20/><V91/><F93/><W94/><G94/><T14/><D125/><U117/><E117/><V42/><F91/><W69/><G134/><T25/><D118/><U70/><E70/><V58/><F26/><W78/><G69/><T7/><D71/><U59/><E59/><V56/><F56/><W87/><G77/><T96/><D34/><U116/><E116/><V50/><F47/><AGARI ba="0,1" hai="38,40,47,49,51,52,57,60,81,86,88,92,98,102" machi="47" ten="40,8000,1" yaku="1,1,6,1,54,2,53,0" doraHai="63" doraHaiUra="131" who="1" fromWho="2" sc="287,0,214,90,291,-80,198,0" />
</Scene>
<Scene>
<INIT seed="7,0,0,0,1,69" ten="287,304,211,198" oya="3" hai0="99,101,135,46,90,86,8,67,74,123,5,54,45" hai1="104,68,20,96,129,34,30,118,24,72,120,76,102" hai2="94,115,116,134,89,119,88,131,53,33,28,14,13" hai3="21,64,2,1,130,44,121,48,112,97,9,11,55"/><W47/><G121/><T59/><D74/><U22/><E120/><V52/><F115/><W111/><G112/><T60/><D135/><U80/><E118/><V39/><F134/><W37/><G64/><T16/><D123/><U73/><E129/><V23/><F33/><W61/><G130/><T91/><D67/><U50/><E68/><V132/><F131/><W125/><G125/><T51/><D60/><U106/><E106/><V113/><F113/><W56/><G111/><T25/><D25/><U36/><E36/><V43/><F132/><W40/><G21/><T107/><D90/><U10/><E72/><V78/><F78/><W29/><G29/><T128/><D128/><U124/><E124/><V65/><F65/><W17/><G97/><T4/><D4/><U117/><E117/><V114/><F114/><W35/><G35/><T27/><D27/><U32/><E32/><V100/><F28/><W38/><G17/><T87/><D87/><U7/><E50/><V31/><F31/><W79/><G79/><T77/><D77/><U66/><E66/><V98/><F23/><W127/><G127/><T57/><D46/><U26/><E26/><V3/><F3/><AGARI ba="0,0" hai="3,7,10,20,22,24,30,34,73,76,80,96,102,104" machi="3" ten="30,1000,0" yaku="7,1" doraHai="69" who="1" fromWho="2" sc="287,0,304,10,211,-10,198,0" owari="287,9.0,314,41.0,201,-20.0,198,-30.0" />
</Scene>
</mjloggm>