<mjloggm ver="2.3"><GO type="169" lobby="0"/><UN n0="%E5%A4%AA%E3%81%8F%E3%81%AA%E3%81%84%E3%81%8A" n1="%E3%82%82%E3%81%A3%E3%81%97%E3%83%BC" n2="%4E%41%4B%37" n3="%E2%84%83%2D%75%74%65" dan="17,16,16,16" rate="2181,2157,2080,2060" sx="M,M,M,M"/><TAIKYOKU oya="0"/>

<Scene>
<INIT seed="0,0,0,1,1,62" ten="250,250,250,250" oya="0" hai0="7,126,120,119,46,3,29,116,75,8,48,84,65" hai1="77,124,81,42,133,41,6,55,22,105,47,60,69" hai2="127,28,67,58,128,85,123,39,16,2,59,122,102" hai3="115,13,118,100,4,15,31,12,1,20,106,17,36"/><T98/><D120/><U53/><E105/><V73/><F2/><W11/><G36/><T49/><D75/><U32/><E32/><V54/><F128/><W26/><G100/><T76/><D126/><U79/><E133/><V107/><F127/><W68/><G106/><T78/><D29/><U90/><E124/><V89/><F73/><W83/><G83/><T121/><D121/><U114/><E114/><V51/><F39/><W9/><G68/><T135/><D135/><U44/><E6/><V99/><F28/><W129/><G115/><T72/><D72/><U64/><E90/><V50/><F16/><N who="3" m="8223" /><G118/><T61/><D98/><U63/><E22/><V40/><F40/><W80/><G80/><T24/><D24/><U52/><E63/><V101/><F101/><W86/><G86/><T57/><D49/><U74/><REACH who="1" step="1"/><E77/><REACH who="1" ten="250,240,250,250" step="2"/><V104/><F104/><W82/><G129/><T70/><D78/><U94/><E94/><V0/><F0/><W5/><G82/><T10/><D76/><U117/><E117/><V125/><F125/><W25/><G5/><T87/><D116/><U113/><E113/><V56/><F123/><W93/><G93/><T34/><D119/><U37/><E37/><V91/><F122/><W111/><G111/><T21/><D34/><AGARI ba="0,1" hai="1,4,9,13,15,17,20,25,26,31,34" m="8223" machi="34" ten="30,12000,2" yaku="35,5,54,1" doraHai="62" who="3" fromWho="0" sc="250,-120,240,0,250,0,250,130" />
</Scene>
<Scene>
<INIT seed="1,0,0,1,1,26" ten="130,240,250,380" oya="1" hai0="72,10,30,70,97,11,117,29,15,82,23,121,85" hai1="12,76,103,43,124,61,50,112,79,57,77,56,134" hai2="58,39,6,17,24,132,131,13,5,71,88,130,42" hai3="34,116,55,115,67,122,91,123,78,118,9,44,3"/><U129/><E112/><V106/><F71/><W133/><BYE who="2" /><G78/><N who="0" m="46295" /><D117/><N who="3" m="45161" /><G67/><T31/><D72/><U105/><E134/><V90/><F90/><W113/><G91/><UN n2="%4E%41%4B%37" /><T18/><D70/><U60/><E129/><N who="2" m="49163" /><F132/><W25/><G55/><T114/><D114/><N who="3" m="43529" /><G44/><T128/><D128/><U94/><E124/><V89/><F106/><W66/><G66/><T99/><D121/><N who="3" m="46089" /><G133/><T45/><D45/><U51/><E105/><V41/><F58/><W19/><G3/><T96/><AGARI ba="0,0" hai="10,11,15,18,23,29,30,31,96,97,99" m="46295" machi="96" ten="30,7900,0" yaku="8,1,52,3" doraHai="26" who="0" fromWho="0" sc="130,79,240,-39,250,-20,380,-20" />
</Scene>
<Scene>
<INIT seed="2,0,0,5,3,118" ten="209,201,230,360" oya="2" hai0="101,43,71,112,86,105,7,52,73,4,134,50,85" hai1="110,22,94,130,32,64,16,83,70,132,133,125,23" hai2="10,55,95,117,39,20,2,36,59,42,45,33,88" hai3="115,107,25,99,48,103,26,54,121,41,91,84,68"/><V78/><F117/><W35/><G68/><T24/><D112/><U34/><E110/><V56/><F33/><N who="1" m="12905" /><E70/><V6/><F39/><W98/><G41/><T1/><D73/><U5/><E64/><V49/><F78/><W126/><G35/><T28/><D71/><U77/><E5/><V13/><F59/><W17/><G99/><T102/><D43/><U97/><E130/><V129/><F129/><W53/><G53/><T96/><D134/><N who="1" m="51819" /><E125/><V82/><F82/><W66/><G66/><T15/><D1/><U67/><E67/><V61/><F36/><W19/><G126/><T92/><D102/><N who="1" m="60727" /><E16/><V122/><F2/><W100/><G17/><T89/><D15/><U58/><E58/><V119/><F119/><W60/><G19/><T14/><D14/><U108/><E108/><V111/><F111/><W104/><G25/><T93/><D24/><U3/><E3/><V75/><F20/><W8/><G26/><T135/><D28/><U65/><E65/><V47/><F47/><W11/><G11/><T27/><D27/><U131/><E131/><V76/><F76/><W116/><G8/><T46/><REACH who="0" step="1"/><D135/><REACH who="0" ten="199,201,230,360" step="2"/><U44/><E44/><V38/><F38/><W69/><G116/><T74/><D74/><AGARI ba="0,1" hai="22,23,74,77,83" m="60727,51819,12905" machi="74" ten="30,1000,0" yaku="20,1" doraHai="118" who="1" fromWho="0" sc="199,-10,201,20,230,0,360,0" />
</Scene>
<Scene>
<INIT seed="3,0,0,4,5,28" ten="189,221,230,360" oya="3" hai0="56,32,128,83,26,81,64,105,111,125,72,95,112" hai1="67,8,74,86,132,27,57,3,14,43,31,29,71" hai2="1,61,127,30,4,69,38,108,96,115,116,33,82" hai3="73,102,25,94,91,63,59,101,77,103,7,10,52"/><W76/><G25/><T6/><D105/><U60/><E74/><V134/><F82/><W2/><REACH who="3" step="1"/><G73/><REACH who="3" ten="189,221,230,350" step="2"/><T113/><D72/><U109/><E27/><V44/><F96/><AGARI ba="0,1" hai="2,7,10,52,59,63,76,77,91,94,96,101,102,103" machi="96" ten="40,7700,0" yaku="1,1,2,1,54,1,53,0" doraHai="28" doraHaiUra="24" who="3" fromWho="2" sc="189,0,221,0,230,-77,350,87" />
</Scene>
<Scene>
<INIT seed="3,1,0,2,0,54" ten="189,221,153,437" oya="3" hai0="70,20,0,129,23,134,49,127,37,50,48,55,40" hai1="101,7,41,34,97,87,39,99,42,82,13,132,44" hai2="80,105,51,135,15,76,6,119,98,22,109,29,131" hai3="9,28,58,66,113,60,106,53,95,67,91,108,123"/><W81/><G106/><T128/><D0/><U43/><E34/><V46/><F109/><W16/><G123/><T88/><D70/><U52/><E132/><V61/><F135/><W103/><G28/><T112/><D134/><U12/><E99/><V33/><F131/><N who="0" m="50250" /><D127/><U107/><E39/><V45/><F119/><W73/><G113/><T57/><D112/><U63/><E7/><V126/><F33/><W94/><G108/><T56/><D55/><U21/><E21/><N who="0" m="8265" /><D88/><U130/><E130/><V71/><F126/><W110/><G110/><T85/><D85/><U124/><E124/><V79/><F79/><W83/><G73/><T69/><D69/><U38/><E38/><V84/><F71/><W96/><G81/><T14/><D14/><U78/><REACH who="1" step="1"/><E44/><AGARI ba="1,0" hai="37,40,44,48,49,50,56,57" m="8265,50250" machi="44" ten="40,5200,0" yaku="19,1,52,2" doraHai="54" who="0" fromWho="1" sc="189,55,221,-55,153,0,437,0" />
</Scene>
<Scene>
<INIT seed="4,0,0,1,5,114" ten="244,166,153,437" oya="0" hai0="134,56,14,1,112,21,119,36,9,102,55,19,71" hai1="57,111,52,46,105,2,50,51,110,54,24,42,3" hai2="10,123,93,0,128,97,61,68,127,115,88,77,28" hai3="130,25,58,103,122,100,106,129,96,120,12,22,118"/><T63/><D36/><U125/><E105/><V121/><F115/><W78/><G78/><T83/><D112/><U90/><E125/><V76/><F127/><W41/><G118/><T81/><D134/><U30/><E42/><V70/><F128/><N who="3" m="49259" /><G103/><T126/><D126/><U107/><E107/><V26/><F70/><W84/><G12/><T72/><D119/><U6/><E90/><V11/><F68/><W82/><G41/><T131/><D131/><U132/><E132/><V124/><F124/><W59/><G84/><T69/><D102/><U87/><E87/><V40/><F40/><W7/><G7/><T48/><D72/><U86/><E86/><V67/><F0/><W104/><G82/><T34/><D34/><U49/><E49/><V91/><F91/><W101/><G101/><T17/><D71/><U117/><E117/><V4/><F67/><W62/><G106/><T45/><D69/><U108/><REACH who="1" step="1"/><E6/><REACH who="1" ten="244,156,153,437" step="2"/><V113/><F4/><W23/><G104/><T33/><D48/><U73/><E73/><V89/><F113/><W27/><G100/><T44/><D63/><U116/><E116/><V98/><F61/><W133/><G62/><T39/><D39/><U74/><E74/><V60/><F60/><W135/><G135/><T47/><D81/><U8/><E8/><V18/><F93/><W79/><G133/><T66/><D83/><U94/><E94/><V16/><F28/><N who="3" m="17463" /><G79/><T95/><D95/><U13/><E13/><V99/><F99/><W75/><G75/><T80/><D14/><U64/><E64/><V31/><F31/><N who="3" m="17919" /><G96/><T109/><D66/><RYUUKYOKU ba="0,1" sc="244,-30,156,10,153,10,437,10" hai1="2,3,24,30,46,50,51,52,54,57,108,110,111" hai2="10,11,16,18,26,76,77,88,89,97,98,121,123" hai3="58,59,120,122" />
</Scene>
<Scene>
<INIT seed="5,1,1,0,0,78" ten="214,166,163,447" oya="1" hai0="71,19,123,26,47,12,15,88,3,2,67,98,102" hai1="120,109,4,117,68,70,66,53,50,7,22,58,106" hai2="134,90,128,132,38,55,80,97,21,104,60,17,62" hai3="61,112,48,116,57,20,0,51,96,46,94,115,49"/><U119/><E106/><V92/><F38/><W110/><G110/><T25/><D123/><U64/><E22/><V111/><F111/><W129/><G0/><T82/><D47/><N who="1" m="27871" /><E7/><V114/><F114/><N who="3" m="43563" /><G129/><T39/><D39/><U72/><E4/><V8/><F8/><W44/><G20/><T69/><D3/><U77/><E77/><V59/><F128/><W100/><G116/><N who="1" m="44618" /><E72/><V23/><F104/><W93/><G93/><T133/><D2/><U131/><E120/><V31/><F31/><W113/><G113/><T76/><D76/><U34/><E34/><V16/><F62/><W65/><AGARI ba="1,1" hai="44,46,48,49,51,57,61,65,94,96,100" m="43563" machi="65" ten="30,1100,0" yaku="15,1" doraHai="78" who="3" fromWho="3" sc="214,-4,166,-6,163,-4,447,24" />
</Scene>
<Scene>
<INIT seed="6,0,0,3,2,25" ten="210,160,159,471" oya="2" hai0="69,53,16,67,121,133,123,122,93,40,95,88,59" hai1="20,60,41,103,120,77,49,73,36,83,79,87,129" hai2="112,90,42,54,109,101,43,61,119,114,134,26,57" hai3="94,63,45,135,4,7,97,126,102,104,76,78,131"/><V50/><F119/><W23/><G135/><T13/><D133/><U22/><E129/><V56/><F134/><W96/><G131/><T108/><D108/><U113/><E113/><N who="2" m="43627" /><F101/><W15/><G126/><T71/><D40/><N who="2" m="15402" /><F90/><W81/><G45/><T107/><D107/><U17/><E120/><V8/><F8/><W106/><G63/><T65/><D71/><U21/><E36/><V98/><F98/><W62/><G62/><T44/><D44/><U34/><E34/><V37/><F26/><W9/><G4/><T12/><D69/><U115/><E115/><V125/><F37/><W38/><G38/><T111/><D111/><U127/><E127/><V118/><F118/><W75/><G76/><T100/><D100/><U51/><E103/><V3/><F3/><W74/><G74/><T31/><D12/><U32/><E32/><V2/><F2/><W80/><G80/><T99/><D93/><U5/><E5/><V84/><F84/><W72/><G72/><T70/><D121/><U64/><E73/><V27/><F27/><W58/><G23/><N who="1" m="8778" /><E77/><V105/><F105/><W11/><G11/><T130/><D123/><U28/><E79/><V24/><F24/><W47/><G104/><T89/><D122/><U18/><E83/><V30/><F109/><W124/><G106/><T1/><D1/><U10/><E10/><V33/><F125/><W68/><G124/><T39/><D39/><U14/><E87/><V46/><F61/><W52/><G97/><T48/><D99/><U92/><E60/><V110/><F110/><W66/><G96/><T132/><D132/><RYUUKYOKU ba="0,0" sc="210,-10,160,-10,159,30,471,-10" hai2="30,33,46,50,54,56,57" />
</Scene>
<Scene>
<INIT seed="6,1,0,1,3,65" ten="200,150,189,461" oya="2" hai0="53,17,14,72,61,27,75,134,84,0,41,43,85" hai1="37,86,26,33,67,99,23,74,123,129,70,30,118" hai2="114,110,81,124,77,49,94,48,11,104,63,105,126" hai3="29,96,2,57,55,68,52,25,106,88,58,15,9"/><V3/><F114/><W91/><G2/><T82/><D0/><U60/><E118/><V4/><F110/><W1/><G1/><T122/><D122/><U95/><E74/><V16/><F94/><W40/><G40/><N who="0" m="15435" /><D75/><U21/><E37/><V107/><F63/><W101/><G68/><T80/><D72/><U135/><E129/><V12/><F81/><N who="0" m="31338" /><D27/><U24/><E135/><V112/><F112/><W36/><G36/><T34/><D34/><U100/><E123/><V117/><F117/><W69/><G69/><T131/><D134/><U128/><E128/><V132/><F77/><W50/><G15/><T38/><D38/><U7/><E7/><V8/><REACH who="2" step="1"/><F132/><REACH who="2" ten="200,150,179,461" step="2"/><W46/><G106/><T79/><D79/><U103/><E26/><V28/><F28/><W22/><G29/><T76/><D76/><U20/><REACH who="1" step="1"/><E86/><REACH who="1" ten="200,140,179,461" step="2"/><V113/><F113/><W31/><G25/><T47/><D131/><U102/><AGARI ba="1,2" hai="20,21,23,24,30,33,60,67,70,95,99,100,102,103" machi="102" ten="30,7900,0" yaku="1,1,2,1,0,1,52,1,53,0" doraHai="65" doraHaiUra="10" who="1" fromWho="1" sc="200,-21,140,102,179,-40,461,-21" />
</Scene>
<Scene>
<INIT seed="7,0,0,5,4,101" ten="179,242,139,440" oya="3" hai0="91,49,63,56,46,39,95,58,60,86,80,9,88" hai1="100,71,67,69,110,132,123,38,103,18,23,126,81" hai2="112,28,83,5,105,2,20,65,10,120,97,4,125" hai3="104,98,12,131,127,78,13,16,24,117,135,52,25"/><W0/><G0/><T26/><D39/><U70/><E38/><V109/><F109/><W34/><G78/><T119/><D119/><U32/><E32/><V36/><F112/><W35/><G98/><N who="0" m="57703" /><D26/><U6/><E6/><V107/><F125/><W79/><G79/><T93/><D9/><U31/><E31/><V106/><F36/><W89/><G89/><N who="0" m="51399" /><D58/><U77/><E110/><V111/><F111/><W54/><G117/><T15/><D15/><U41/><E123/><V53/><F65/><W21/><G127/><T59/><D59/><U14/><E126/><V42/><F42/><W47/><G47/><T51/><D56/><U87/><E67/><V122/><F5/><W113/><G35/><T133/><D133/><U116/><E116/><V128/><F128/><W48/><G131/><T115/><D115/><U27/><E41/><V37/><F37/><W108/><G113/><T74/><D74/><U85/><E132/><V50/><F83/><W19/><G135/><T84/><D49/><U114/><E114/><V90/><F28/><W43/><G48/><T92/><D92/><U66/><E66/><V99/><F20/><W96/><G108/><T61/><D61/><U55/><E71/><V64/><F64/><W76/><G21/><T130/><D130/><U102/><E23/><V22/><F22/><W8/><G34/><T29/><D29/><U30/><E30/><V129/><F129/><W11/><G43/><AGARI ba="0,0" hai="43,46,51,60,63,84,91,93" m="51399,57703" machi="43" ten="30,2000,0" yaku="8,1,54,1" doraHai="101" who="0" fromWho="3" sc="179,20,242,0,139,0,440,-20" owari="199,-20.0,242,4.0,139,-36.0,420,52.0" />
</Scene>
</mjloggm>