<mjloggm ver="2.3"><GO type="97"/><UN n0="%E8%94%B5%E5%87%BA%E3%81%97" n1="%E5%A4%AA%E3%81%8F%E3%81%AA%E3%81%84%E3%81%8A" n2="%E3%83%90%E3%83%83%E3%83%86%E3%83%B3" n3="%E3%81%B9%E3%81%9F%E3%81%8A%E3%82%8A" dan="14,13,14,13" rate="1919,1985,1922,1953" sx="M,M,M,M"/><TAIKYOKU oya="0"/>

<Scene>
<INIT seed="0,0,0,1,0,85" ten="250,250,250,250" oya="0" hai0="16,122,107,6,74,114,26,0,43,45,115,33,5" hai1="105,10,55,8,53,129,116,127,87,66,100,75,17" hai2="59,61,35,58,77,93,3,72,79,37,119,14,4" hai3="88,30,106,28,126,104,9,102,32,99,7,82,63"/><T101/><D6/><U71/><E116/><V11/><F119/><W54/><G126/><T47/><D122/><U38/><E75/><V97/><F35/><W120/><G106/><T12/><D47/><U21/><E38/><V89/><F72/><W86/><G32/><T96/><D74/><U34/><E34/><V39/><F3/><W84/><G120/><T62/><D62/><U36/><E36/><V91/><F39/><W57/><REACH who="3" step="1"/><G84/><REACH who="3" ten="250,250,250,240" step="2"/><T76/><D115/><U50/><E87/><N who="2" m="52415" /><F37/><W83/><G83/><T113/><D114/><U92/><E105/><V95/><F58/><W73/><G73/><T98/><D113/><U44/><E127/><V69/><F69/><W130/><G130/><T78/><D107/><U60/><E129/><V29/><F29/><W117/><G117/><T49/><D33/><U65/><E71/><V80/><F80/><W2/><AGARI ba="0,1" hai="2,7,9,28,30,54,57,63,82,86,88,99,102,104" machi="2" ten="20,8000,1" yaku="1,1,0,1,7,1,52,1,54,1,53,0" doraHai="85" doraHaiUra="125" who="3" fromWho="3" sc="250,-40,250,-20,250,-20,240,90" />
</Scene>
<Scene>
<INIT seed="1,0,0,1,0,29" ten="210,230,230,330" oya="1" hai0="38,124,14,100,109,26,3,59,9,126,4,84,128" hai1="33,63,130,27,19,96,118,94,40,5,67,47,56" hai2="114,70,35,73,50,65,113,2,20,80,74,28,49" hai3="134,107,62,108,6,13,52,69,31,16,8,15,88"/><U12/><E118/><V55/><F2/><W51/><G107/><T58/><D128/><U132/><E130/><V1/><F1/><W135/><G108/><T60/><D38/><U82/><E132/><N who="3" m="50730" /><G31/><T98/><D109/><U89/><E5/><V32/><F70/><W37/><G37/><T105/><D14/><U44/><E82/><V23/><F65/><N who="3" m="41143" /><G13/><T125/><D84/><U116/><E116/><V42/><F80/><W45/><G6/><T97/><D97/><U112/><E112/><V87/><F87/><W53/><G88/><T115/><D115/><U75/><E75/><V121/><F55/><AGARI ba="0,0" hai="8,15,16,45,51,52,53,55" m="41143,50730" machi="55" ten="30,3900,0" yaku="20,1,54,2" doraHai="29" who="3" fromWho="2" sc="210,0,230,0,230,-39,330,39" />
</Scene>
<Scene>
<INIT seed="2,0,0,0,0,32" ten="210,230,191,369" oya="2" hai0="99,26,65,54,60,59,29,40,0,18,17,39,72" hai1="6,94,81,27,92,71,53,1,89,4,15,23,51" hai2="130,122,87,20,88,111,96,12,128,117,16,85,108" hai3="118,47,95,33,113,35,48,34,129,79,121,132,62"/><V45/><F117/><W69/><G121/><T70/><D72/><U38/><E71/><V30/><F30/><W135/><G118/><T91/><D0/><U11/><E38/><V63/><F122/><W127/><G127/><T73/><D73/><U119/><E119/><V76/><F76/><W41/><G129/><N who="2" m="49769" /><F63/><W49/><G113/><T114/><D114/><U84/><E4/><V86/><F45/><N who="3" m="25647" /><G79/><T7/><D7/><U58/><REACH who="1" step="1"/><E1/><REACH who="1" ten="210,220,191,369" step="2"/><V102/><F111/><W105/><G69/><T8/><D8/><U78/><E78/><V21/><F108/><W68/><G68/><T133/><D133/><U93/><E93/><N who="2" m="58639" /><F21/><W116/><G95/><AGARI ba="0,1" hai="12,16,20,85,86,87,88,95" m="58639,49769" machi="95" ten="30,5800,0" yaku="19,1,54,2" doraHai="32" who="2" fromWho="3" sc="210,0,220,0,191,68,369,-58" />
</Scene>
<Scene>
<INIT seed="2,1,0,2,0,13" ten="210,220,259,311" oya="2" hai0="29,132,94,58,24,31,74,118,91,34,115,22,69" hai1="98,89,2,134,65,50,82,12,62,93,40,18,126" hai2="48,6,71,104,1,123,41,105,10,114,116,57,99" hai3="5,133,78,117,135,23,33,4,8,101,53,26,43"/><V61/><F114/><W83/><G117/><T120/><D118/><U76/><E2/><V20/><F116/><W63/><G33/><T67/><D120/><U108/><E108/><V52/><F123/><W81/><G101/><T88/><D132/><N who="3" m="50761" /><G43/><T14/><D115/><U47/><E134/><V119/><F119/><W130/><G130/><T97/><D74/><U85/><E126/><V32/><F32/><W109/><G109/><T127/><D69/><U75/><E75/><V49/><F49/><W9/><G53/><T110/><D127/><U112/><E112/><V44/><F99/><W113/><G63/><T102/><D110/><U27/><E27/><V96/><F96/><W7/><G113/><T21/><D34/><U3/><E3/><V122/><F122/><W129/><G129/><T68/><D68/><U37/><E37/><N who="2" m="21551" /><F20/><W28/><G83/><T92/><D94/><U0/><E0/><V121/><F121/><W79/><G79/><T64/><D67/><AGARI ba="1,0" hai="1,6,10,48,52,57,61,67,71,104,105" m="21551" machi="67" ten="30,2900,0" yaku="24,1,54,1" doraHai="13" who="2" fromWho="0" sc="210,-32,220,0,259,32,311,0" />
</Scene>
<Scene>
<INIT seed="2,2,0,0,0,89" ten="178,220,291,311" oya="2" hai0="67,44,42,36,0,10,107,28,21,79,2,116,118" hai1="63,76,64,109,48,94,33,98,132,7,6,130,126" hai2="62,102,90,125,61,23,128,55,75,134,105,25,112" hai3="93,32,133,111,113,45,83,95,101,19,27,99,127"/><V22/><F112/><W35/><G127/><T100/><D67/><U12/><E33/><V66/><F125/><W135/><G113/><T124/><D21/><U106/><E126/><V59/><F75/><W104/><G111/><T14/><D14/><U30/><E106/><V52/><F134/><N who="3" m="51211" /><G83/><T85/><D79/><U5/><E132/><V123/><F123/><W4/><G4/><T117/><D85/><U86/><E109/><V72/><F72/><W9/><G45/><T40/><D124/><U46/><E130/><V15/><F128/><W69/><G69/><T3/><D10/><U65/><E30/><V11/><F105/><W58/><G58/><T41/><D28/><U78/><E12/><V1/><F1/><W120/><G120/><T74/><D74/><U56/><E65/><V71/><F102/><W129/><G129/><T49/><D36/><U34/><E34/><N who="3" m="12842" /><G9/><T122/><D122/><U38/><E38/><V77/><F77/><W8/><G8/><T82/><D82/><U110/><E110/><V29/><F11/><W60/><G60/><T114/><D114/><U18/><E18/><V91/><F55/><W47/><G47/><T103/><D107/><U92/><E76/><V96/><F71/><W26/><G19/><T108/><D108/><U88/><E78/><V54/><F62/><W97/><G104/><T39/><D39/><U51/><E46/><V43/><F61/><W50/><G50/><T80/><D80/><U16/><E16/><V17/><F17/><W13/><G13/><T20/><D20/><U131/><E131/><V53/><F15/><RYUUKYOKU ba="2,0" sc="178,10,220,10,291,-30,311,10" hai0="0,2,3,40,41,42,44,49,100,103,116,117,118" hai1="5,6,7,48,51,56,63,64,86,88,92,94,98" hai3="26,27,93,95,97,99,101" />
</Scene>
<Scene>
<INIT seed="3,3,0,5,5,93" ten="188,230,261,321" oya="3" hai0="48,14,34,49,59,91,5,25,110,109,114,125,27" hai1="40,42,16,65,61,55,63,127,28,111,133,41,119" hai2="67,87,71,30,77,0,8,112,3,57,36,19,62" hai3="76,43,90,10,130,113,86,95,126,50,74,44,131"/><W45/><G113/><T31/><D59/><N who="1" m="35071" /><E28/><V122/><F112/><W29/><G126/><T123/><D114/><U78/><E78/><V9/><F122/><W134/><G134/><T11/><D49/><U33/><E33/><V26/><F36/><W68/><G68/><T39/><D48/><U121/><E121/><V58/><F71/><W56/><G29/><N who="0" m="19759" /><D39/><U24/><E133/><V53/><F19/><W52/><G44/><T103/><D91/><U17/><E127/><V82/><F3/><W18/><G76/><T124/><D103/><U81/><E119/><V7/><F7/><W85/><G74/><T98/><D98/><U46/><E46/><V47/><F0/><W79/><G10/><T97/><D97/><U94/><E81/><V54/><F47/><W4/><G4/><T116/><D116/><U75/><E75/><V20/><F67/><W80/><G18/><N who="1" m="7274" /><E24/><V135/><F135/><W32/><REACH who="3" step="1"/><G32/><REACH who="3" ten="188,230,261,311" step="2"/><N who="0" m="20607" /><D123/><U104/><E40/><V129/><F77/><W101/><G101/><T115/><D115/><U92/><E42/><V51/><F58/><W66/><G66/><T89/><D89/><U2/><E41/><V23/><F57/><W106/><G106/><T22/><D22/><U1/><E104/><V83/><F20/><W60/><AGARI ba="3,1" hai="43,45,50,52,56,60,79,80,85,86,90,95,130,131" machi="60" ten="30,6000,0" yaku="1,1,0,1,54,1,53,0" doraHai="93" doraHaiUra="100" who="3" fromWho="3" sc="188,-23,230,-23,261,-23,311,79" owari="165,-33.0,207,-19.0,238,4.0,390,48.0" />
</Scene>
</mjloggm>