<mjloggm ver="2.3"><GO type="169"/><UN n0="%E5%A4%AA%E3%81%8F%E3%81%AA%E3%81%84%E3%81%8A" n1="%49%47%41" n2="%E3%81%A7%E3%81%93%E3%81%98" n3="%E8%8A%8B%EF%BC%A0%EF%BC%90%EF%BC%98%E2%80%99" dan="18,16,17,16" rate="2175,2104,2166,2092" sx="M,M,M,M"/><TAIKYOKU oya="0"/>

<Scene>
<INIT seed="0,0,0,2,4,104" ten="250,250,250,250" oya="0" hai0="40,97,22,135,20,71,62,120,112,28,24,8,0" hai1="125,78,115,106,110,53,73,27,65,127,11,122,9" hai2="5,56,31,60,17,132,45,41,123,64,129,94,85" hai3="38,124,34,92,14,12,72,23,42,126,113,39,7"/><T52/><D120/><U105/><E122/><V107/><F123/><W98/><G34/><T83/><D112/><U102/><E115/><V93/><F107/><W67/><G113/><T3/><D135/><U100/><E65/><V88/><F132/><W117/><G117/><T47/><D97/><U57/><E110/><V76/><F129/><W134/><G134/><T54/><D20/><U101/><E27/><V96/><F31/><W18/><G67/><T118/><D118/><U130/><E130/><V61/><F5/><W69/><G69/><T108/><D108/><U35/><E35/><V43/><F17/><W6/><G72/><T109/><D109/><U55/><E102/><V111/><F111/><W10/><G6/><T49/><D8/><U87/><E87/><V131/><F131/><W68/><G68/><T2/><D71/><U50/><E50/><V29/><F29/><W26/><G26/><T30/><D30/><U37/><E57/><V84/><F76/><W80/><G124/><T4/><D4/><U70/><E78/><V82/><F61/><W15/><G126/><T1/><N who="0" m="0" /><DORA hai="119" /><T66/><REACH who="0" step="1"/><D83/><REACH who="0" ten="240,250,250,250" step="2"/><U74/><REACH who="1" step="1"/><E70/><REACH who="1" ten="240,240,250,250" step="2"/><V46/><F96/><W81/><G81/><T33/><D33/><U103/><E103/><V51/><REACH who="2" step="1"/><F85/><REACH who="2" ten="240,240,240,250" step="2"/><W21/><G98/><T32/><D32/><U86/><E86/><V63/><F63/><W114/><G114/><T79/><D79/><U116/><E116/><V58/><F58/><W90/><G80/><T95/><D95/><U133/><E133/><V99/><F99/><W16/><G92/><T44/><D44/><RYUUKYOKU ba="0,3" sc="240,10,240,10,240,10,250,-30" hai0="22,24,28,40,47,49,52,54,62,66" hai1="9,11,37,53,55,73,74,100,101,105,106,125,127" hai2="41,43,45,46,51,56,60,64,82,84,88,93,94" />
</Scene>
<Scene>
<INIT seed="0,1,3,4,0,102" ten="250,250,250,220" oya="0" hai0="110,118,53,73,79,115,36,29,77,6,75,80,108" hai1="52,85,42,43,61,68,34,84,30,33,66,16,10" hai2="124,63,41,71,119,44,70,58,111,56,51,67,37" hai3="135,57,125,55,96,64,121,35,112,99,40,87,130"/><T91/><D118/><U120/><E120/><V94/><F94/><W46/><G112/><T107/><D115/><U2/><E43/><V24/><F24/><W104/><G35/><T15/><D36/><U59/><E42/><V7/><F7/><W31/><G121/><T103/><D29/><U132/><E132/><V8/><F8/><W78/><G64/><T113/><D113/><U82/><E30/><V18/><F18/><W134/><G31/><T76/><D53/><U86/><E82/><V50/><F119/><W23/><G23/><T49/><D49/><N who="2" m="18442" /><F111/><N who="0" m="42538" /><D15/><U97/><E97/><V17/><F17/><W1/><G1/><T5/><D5/><U114/><E114/><V54/><F124/><W116/><G125/><T12/><D12/><U105/><E2/><V93/><F93/><W32/><G116/><T81/><D6/><U100/><E10/><V122/><F122/><W62/><G32/><T60/><D60/><AGARI ba="1,3" hai="37,41,44,54,56,58,60,63,67,70,71" m="18442" machi="60" ten="30,8000,1" yaku="35,5" doraHai="102" who="2" fromWho="0" sc="250,-83,250,0,250,113,220,0" />
</Scene>
<Scene>
<INIT seed="1,0,0,0,1,105" ten="167,250,363,220" oya="1" hai0="94,15,58,46,47,99,55,48,110,21,5,83,2" hai1="36,81,115,31,76,37,113,89,95,60,45,116,106" hai2="71,92,25,28,134,129,108,127,29,59,10,16,62" hai3="51,109,132,84,111,103,68,42,19,98,17,133,78"/><U77/><E116/><V11/><F71/><W97/><G68/><T130/><D110/><N who="3" m="41993" /><G42/><T112/><D112/><U54/><E106/><V74/><F108/><W114/><G51/><T73/><D130/><U35/><E76/><V32/><F129/><W1/><G1/><T88/><D2/><U65/><E31/><V26/><F127/><W123/><G114/><T128/><D128/><U135/><E35/><V33/><F134/><N who="3" m="51819" /><G123/><T82/><D5/><U27/><E135/><V101/><F74/><W30/><G30/><T125/><D125/><U4/><E4/><V117/><F117/><W56/><G56/><T18/><D73/><U14/><E36/><V85/><F16/><N who="3" m="6219" /><G103/><T91/><D91/><U126/><E89/><V44/><F44/><W20/><G20/><T41/><REACH who="0" step="1"/><D47/><REACH who="0" ten="157,250,363,220" step="2"/><U80/><E45/><V75/><F75/><W90/><G78/><T43/><D43/><U34/><E77/><V104/><F101/><W119/><G119/><T67/><D67/><U61/><E65/><V38/><F32/><W6/><G6/><T100/><D100/><U86/><E34/><V52/><F33/><W124/><G124/><T102/><D102/><U7/><E126/><V107/><F29/><W49/><G49/><AGARI ba="0,1" hai="15,18,21,41,46,48,49,55,58,82,83,88,94,99" machi="49" ten="30,12000,2" yaku="1,1,7,1,8,1,54,1,53,2" doraHai="105" doraHaiUra="79" who="0" fromWho="3" sc="157,130,250,0,363,0,220,-120" />
</Scene>
<Scene>
<INIT seed="2,0,0,5,0,92" ten="287,250,363,100" oya="2" hai0="39,59,75,79,40,68,62,31,94,103,85,48,53" hai1="69,61,122,113,81,96,98,83,91,22,50,108,63" hai2="15,26,23,67,126,4,24,65,78,127,112,64,128" hai3="41,43,37,73,135,101,10,54,111,19,6,3,84"/><V21/><F112/><W118/><G118/><T80/><D31/><U5/><E113/><V77/><F4/><W12/><G111/><T107/><D107/><U132/><E108/><V1/><F15/><W95/><G73/><T55/><D39/><U17/><E5/><V70/><F70/><W131/><G131/><T0/><D0/><U120/><E132/><V44/><F44/><W97/><G135/><T36/><D36/><U102/><E50/><V30/><F1/><W87/><G54/><T27/><D27/><N who="1" m="14799" /><E81/><V49/><F49/><W51/><G51/><T110/><D110/><U42/><E42/><V74/><F128/><W28/><G28/><T20/><D40/><U57/><E69/><V124/><REACH who="2" step="1"/><F74/><REACH who="2" ten="287,250,353,100" step="2"/><W33/><G41/><T8/><D68/><U90/><E122/><V125/><N who="2" m="32256" /><DORA hai="58" /><V104/><F104/><W11/><REACH who="3" step="1"/><G33/><REACH who="3" ten="287,250,353,90" step="2"/><T72/><D72/><U89/><E120/><V105/><F105/><W16/><G16/><AGARI ba="0,2" hai="16,21,23,24,26,30,64,65,67,77,78" m="32256" machi="16" ten="70,12000,1" yaku="1,1,18,1,54,1,53,0" doraHai="92,58" doraHaiUra="46,100" who="2" fromWho="3" sc="287,0,250,0,353,140,90,-120" owari="287,9.0,250,-15.0,493,59.0,-30,-53.0" />
</Scene>
</mjloggm>