<mjloggm ver="2.3"><GO type="169"/><UN n0="%E3%82%AA%E3%82%BA%E3%82%B0%E3%83%AB%E3%83%BC%E3%83%97" n1="%6B%6F%67%65%70%61%6E" n2="%E5%A4%AA%E3%81%8F%E3%81%AA%E3%81%84%E3%81%8A" n3="%E3%81%94%E3%81%98%E3%82%83%E3%82%8B" dan="16,17,18,18" rate="2123,2159,2166,2200" sx="M,M,M,M"/><TAIKYOKU oya="0"/>

<Scene>
<INIT seed="0,0,0,2,2,115" ten="250,250,250,250" oya="0" hai0="122,17,33,98,2,8,28,87,64,1,105,77,9" hai1="61,25,30,101,107,10,69,100,47,79,45,23,127" hai2="44,46,121,40,120,74,37,57,38,34,92,84,3" hai3="76,86,125,123,48,49,67,126,131,0,21,35,113"/><T31/><D122/><U12/><E127/><V103/><F74/><W129/><G35/><T89/><D64/><U63/><E79/><V56/><F34/><W81/><G0/><T65/><D65/><U7/><E107/><V59/><F3/><N who="0" m="1034" /><D77/><U130/><E130/><N who="3" m="49674" /><G113/><T36/><D98/><U91/><E69/><V55/><F103/><N who="1" m="39497" /><E91/><V102/><F102/><W16/><G67/><T114/><D105/><U132/><E132/><V18/><F18/><W70/><G70/><T128/><D89/><U60/><AGARI ba="0,0" hai="7,10,12,23,25,30,45,47,60,61,63" m="39497" machi="60" ten="30,1100,0" yaku="8,1" doraHai="115" who="1" fromWho="1" sc="250,-5,250,11,250,-3,250,-3" />
</Scene>
<Scene>
<INIT seed="1,0,0,0,5,84" ten="245,261,247,247" oya="1" hai0="88,5,106,40,62,56,85,132,94,116,96,67,25" hai1="103,21,52,16,129,99,0,135,113,39,72,60,104" hai2="82,127,68,36,91,131,120,14,33,15,48,134,77" hai3="31,86,133,17,12,73,28,124,42,20,130,22,101"/><U74/><E113/><V76/><F36/><W53/><G73/><T69/><D116/><U105/><E39/><V92/><F120/><W34/><G34/><T90/><D132/><U112/><E112/><V63/><F33/><W51/><G133/><T122/><D122/><U55/><E135/><V97/><F134/><W35/><G35/><T19/><D5/><U41/><E41/><V70/><F131/><W102/><G130/><T117/><D117/><U58/><E0/><V8/><F127/><W54/><G42/><T32/><D40/><U79/><E129/><V87/><F48/><W118/><G118/><T59/><D106/><U71/><E105/><V37/><F37/><W29/><G124/><T7/><D7/><U108/><E108/><V89/><F15/><W78/><G20/><N who="0" m="13471" /><D32/><U24/><E71/><V18/><REACH who="2" step="1"/><F70/><REACH who="2" ten="245,261,237,247" step="2"/><W47/><G51/><T109/><D69/><U65/><REACH who="1" step="1"/><E79/><REACH who="1" ten="245,251,237,247" step="2"/><V93/><F93/><W119/><G119/><T75/><D109/><U30/><E30/><V26/><F26/><W81/><G47/><T1/><D56/><U126/><E126/><V121/><F121/><W10/><G29/><T13/><D1/><U2/><E2/><V107/><F107/><W64/><G31/><T43/><D43/><U23/><E23/><V61/><F61/><W110/><G110/><T44/><D44/><U50/><E50/><V66/><AGARI ba="0,2" hai="8,14,18,63,66,68,76,77,82,87,89,91,92,97" machi="66" ten="30,8000,1" yaku="1,1,0,1,52,2,53,1" doraHai="84" doraHaiUra="57" who="2" fromWho="2" sc="245,-20,251,-40,237,100,247,-20" />
</Scene>
<Scene>
<INIT seed="2,0,0,0,5,117" ten="225,211,337,227" oya="2" hai0="77,120,38,135,7,27,91,103,55,72,13,18,75" hai1="130,9,49,121,71,1,0,106,105,35,112,23,50" hai2="24,122,60,43,70,17,14,58,67,118,133,109,119" hai3="31,42,64,15,116,19,100,54,113,20,29,44,3"/><V4/><F133/><W104/><G116/><T65/><D38/><U46/><E35/><V63/><F43/><W85/><G113/><T16/><D65/><U47/><E112/><V10/><F109/><W61/><G3/><T86/><D135/><U41/><E71/><V80/><F80/><W132/><G132/><T92/><D103/><U124/><E124/><V73/><F73/><W62/><G104/><T52/><D77/><U101/><E130/><V59/><F70/><W96/><G54/><T30/><D7/><U126/><E126/><V57/><F57/><W107/><G85/><T40/><D40/><U11/><E23/><V99/><F99/><W90/><G90/><T129/><D129/><U110/><E110/><V131/><F131/><W25/><G64/><T95/><D95/><U115/><E115/><V88/><F88/><W48/><REACH who="3" step="1"/><G29/><REACH who="3" ten="225,211,337,217" step="2"/><T83/><D75/><U69/><E101/><V51/><F118/><W87/><G87/><T53/><D72/><U97/><E97/><V114/><F119/><W2/><G2/><T28/><D83/><U68/><E41/><V127/><F114/><W94/><G94/><T33/><D30/><U123/><AGARI ba="0,1" hai="0,1,9,11,46,47,49,50,68,69,105,106,121,123" machi="123" ten="25,8000,1" yaku="0,1,22,2,52,2" doraHai="117" who="1" fromWho="1" sc="225,-20,211,90,337,-40,217,-20" />
</Scene>
<Scene>
<INIT seed="3,0,0,3,3,52" ten="205,301,297,197" oya="3" hai0="90,96,132,3,108,102,21,119,87,50,66,88,56" hai1="129,43,16,84,7,39,74,4,116,30,51,124,45" hai2="12,131,38,110,46,37,100,97,14,114,99,8,134" hai3="28,68,92,81,55,103,71,104,120,19,35,24,80"/><W115/><G115/><T109/><D3/><U57/><E74/><V83/><F114/><W22/><G120/><T27/><D119/><U44/><E30/><V25/><F110/><N who="0" m="42602" /><D132/><U93/><E124/><V126/><F126/><W10/><G104/><N who="0" m="63559" /><D87/><U98/><E84/><V48/><F134/><W0/><G103/><T79/><D79/><U34/><E34/><V58/><F97/><W130/><G92/><T77/><D77/><U117/><E129/><V41/><F131/><W13/><G130/><T105/><D105/><U42/><E117/><V127/><F127/><W23/><G23/><T85/><D85/><U61/><E116/><V122/><F122/><W31/><G31/><N who="0" m="17903" /><D50/><U11/><E11/><V15/><F25/><W121/><G121/><T112/><D112/><U59/><E16/><V17/><F83/><N who="3" m="31819" /><G55/><T106/><D106/><U18/><E18/><V118/><F118/><W111/><G111/><T70/><D70/><U63/><E98/><V72/><F72/><W135/><G135/><T75/><D75/><U54/><REACH who="1" step="1"/><E93/><REACH who="1" ten="205,291,297,197" step="2"/><V2/><F99/><W69/><G35/><T40/><D40/><U91/><E91/><V1/><F100/><W49/><G0/><T95/><D95/><U73/><E73/><V64/><F2/><W6/><G28/><T67/><D90/><U123/><E123/><V60/><F1/><W53/><G19/><T89/><D88/><U86/><E86/><V33/><F33/><W20/><G24/><T29/><D89/><U78/><E78/><V36/><AGARI ba="0,1" hai="8,12,14,15,17,36,37,38,41,46,48,58,60,64" machi="36" ten="30,2000,0" yaku="0,1,52,1" doraHai="52" who="2" fromWho="2" sc="205,-5,291,-5,297,30,197,-10" />
</Scene>
<Scene>
<INIT seed="4,0,0,4,0,97" ten="200,286,327,187" oya="0" hai0="51,54,87,119,104,33,19,48,13,9,41,74,91" hai1="88,25,1,78,12,71,109,84,114,49,132,53,76" hai2="20,37,115,32,96,133,80,2,61,27,129,123,112" hai3="47,111,98,46,38,102,67,90,124,125,58,100,40"/><T108/><D74/><U42/><E109/><V135/><F123/><W95/><G111/><T36/><D36/><U110/><E1/><V101/><F37/><W93/><G47/><T116/><D108/><U28/><E110/><V0/><F32/><W59/><G67/><T105/><D33/><U128/><E71/><V62/><F80/><W82/><G82/><T30/><D41/><U34/><E42/><V14/><F14/><W86/><REACH who="3" step="1"/><G100/><REACH who="3" ten="200,286,327,177" step="2"/><T65/><D65/><U52/><E132/><V17/><F133/><W122/><G122/><T94/><D30/><U103/><E103/><V8/><F135/><W35/><G35/><T99/><D119/><U85/><E28/><V63/><F129/><W43/><G43/><T15/><D116/><U118/><E34/><V70/><F70/><W117/><G117/><T11/><D51/><U50/><E118/><V68/><F68/><W7/><G7/><T57/><REACH who="0" step="1"/><D99/><REACH who="0" ten="190,286,327,177" step="2"/><U45/><E128/><V29/><F29/><W26/><G26/><T134/><D134/><U18/><E25/><V55/><F27/><W6/><G6/><AGARI ba="0,2" hai="6,9,11,13,15,19,48,54,57,87,91,94,104,105" machi="6" ten="30,2900,0" yaku="1,1,7,1,53,0" doraHai="97" doraHaiUra="31" who="0" fromWho="3" sc="190,49,286,0,327,0,177,-29" />
</Scene>
<Scene>
<INIT seed="4,1,0,2,0,42" ten="239,286,327,148" oya="0" hai0="106,33,93,4,60,5,135,73,9,21,38,74,125" hai1="110,77,81,111,65,101,102,91,85,70,128,104,134" hai2="117,115,129,49,20,14,133,71,84,68,69,53,95" hai3="130,112,31,44,15,29,8,30,50,11,46,86,100"/><T119/><D106/><U63/><E128/><V2/><F2/><W98/><G130/><T1/><D33/><U64/><E134/><V26/><F129/><W59/><G112/><T118/><D5/><U124/><E124/><V16/><F115/><W78/><G78/><T90/><D125/><U24/><E65/><V40/><F133/><W10/><G86/><T25/><D135/><U108/><E104/><V67/><F117/><W36/><G36/><T27/><D27/><U83/><REACH who="1" step="1"/><E24/><REACH who="1" ten="239,276,327,148" step="2"/><V17/><F67/><W114/><G114/><T75/><D119/><U57/><E57/><V19/><F26/><W88/><G15/><T41/><D118/><U72/><AGARI ba="1,1" hai="63,64,70,72,77,81,83,85,91,101,102,108,110,111" machi="72" ten="30,2000,0" yaku="1,1,0,1,53,0" doraHai="42" doraHaiUra="113" who="1" fromWho="1" sc="239,-11,276,33,327,-6,148,-6" />
</Scene>
<Scene>
<INIT seed="5,0,0,3,2,41" ten="228,309,321,142" oya="1" hai0="128,39,8,23,56,24,106,120,127,65,81,26,89" hai1="113,67,92,117,11,28,111,9,91,88,103,59,14" hai2="15,45,43,63,114,6,134,46,132,42,124,122,75" hai3="82,4,61,110,83,70,109,118,73,64,86,98,58"/><U125/><E117/><V31/><F75/><W17/><G118/><T126/><D106/><U47/><E113/><V20/><F122/><W12/><G4/><T44/><D120/><U34/><E125/><V96/><F124/><N who="0" m="47658" /><D128/><U102/><E34/><V2/><F2/><W97/><G73/><T33/><D8/><U112/><E112/><V68/><F114/><W30/><G30/><N who="0" m="19671" /><D65/><U40/><E28/><V71/><F96/><W54/><G110/><T69/><D69/><N who="2" m="26698" /><F63/><W0/><G0/><T60/><D56/><U116/><E116/><V119/><F119/><W25/><G25/><T135/><D60/><N who="1" m="38303" /><E111/><V7/><F31/><W77/><G109/><T108/><D108/><U87/><E91/><V53/><F20/><W13/><G13/><T3/><D89/><U32/><E32/><V66/><F66/><W57/><G70/><T62/><D62/><U55/><E40/><N who="2" m="15403" /><F15/><W16/><G83/><T79/><D3/><U84/><E84/><V115/><F53/><W21/><REACH who="3" step="1"/><G17/><REACH who="3" ten="228,309,321,132" step="2"/><N who="0" m="12399" /><D81/><U74/><E74/><V93/><F115/><W99/><G99/><T35/><D35/><U19/><E103/><V80/><F80/><W107/><G107/><T52/><D79/><U10/><E102/><V50/><F7/><W51/><AGARI ba="0,1" hai="12,16,21,51,54,57,58,61,64,77,82,86,97,98" machi="51" ten="20,8000,1" yaku="1,1,0,1,7,1,8,1,54,1,53,0" doraHai="41" doraHaiUra="105" who="3" fromWho="3" sc="228,-20,309,-40,321,-20,132,90" />
</Scene>
<Scene>
<INIT seed="6,0,0,5,3,1" ten="208,269,301,222" oya="2" hai0="101,57,12,109,96,46,131,76,133,11,65,7,115" hai1="104,78,93,27,42,95,108,13,0,61,41,135,38" hai2="89,79,71,20,67,49,116,17,40,129,14,103,134" hai3="47,106,15,122,94,34,88,99,102,32,43,64,119"/><V91/><F116/><W110/><G119/><T56/><D109/><U2/><E104/><V69/><F129/><W18/><G110/><T113/><D76/><U83/><E108/><V58/><F134/><W72/><G122/><T3/><D131/><U23/><E13/><V98/><F79/><W4/><G72/><T86/><D133/><U81/><E78/><V132/><F132/><W55/><G64/><T59/><D86/><U16/><E38/><V24/><F40/><N who="1" m="15465" /><E135/><V30/><F69/><W123/><G55/><T37/><D65/><U26/><E2/><V120/><F71/><W36/><G123/><T85/><D85/><U130/><E0/><V45/><F45/><W44/><G44/><T124/><D46/><U75/><E75/><V82/><F82/><N who="1" m="31241" /><E130/><V6/><F120/><W117/><G117/><T52/><D37/><U10/><E10/><N who="2" m="4439" /><F17/><W29/><G29/><T28/><D28/><N who="1" m="17503" /><E61/><N who="2" m="38327" /><F49/><W118/><G118/><T66/><D66/><U19/><E19/><V90/><F103/><W48/><G36/><T107/><D3/><U77/><E77/><V51/><F51/><W80/><G18/><T84/><D84/><U74/><E74/><V62/><F62/><W128/><G128/><T60/><REACH who="0" step="1"/><D124/><REACH who="0" ten="198,269,301,222" step="2"/><U39/><E39/><V121/><F121/><W127/><G127/><T73/><D73/><U97/><E97/><AGARI ba="0,1" hai="20,24,30,89,90,91,97,98" m="38327,4439" machi="97" ten="30,2900,0" yaku="8,1,52,1" doraHai="1" who="2" fromWho="1" sc="198,0,269,-29,301,39,222,0" />
</Scene>
<Scene>
<INIT seed="6,1,0,3,3,107" ten="198,240,340,222" oya="2" hai0="46,22,18,15,118,123,62,122,104,25,115,39,111" hai1="124,87,16,66,101,129,81,58,20,85,78,65,106" hai2="50,27,19,90,29,117,45,67,36,71,12,53,64" hai3="97,121,49,126,59,56,40,44,60,68,24,83,42"/><V109/><F117/><W76/><G121/><T38/><D104/><U95/><E124/><V105/><F105/><W32/><G126/><T54/><D118/><U7/><E129/><V75/><F75/><W100/><G42/><T112/><D111/><U79/><E106/><V130/><F130/><W52/><G68/><T134/><D134/><U23/><E7/><V98/><F36/><W103/><G97/><T51/><D62/><U26/><E58/><V77/><F77/><W72/><G32/><T33/><D33/><U9/><E9/><N who="2" m="6543" /><F71/><W99/><G24/><T80/><D80/><N who="1" m="47255" /><E23/><N who="2" m="15615" /><F109/><W3/><G3/><T28/><D39/><U69/><E69/><V135/><F135/><W96/><G103/><T2/><D38/><U102/><E102/><V125/><F125/><W37/><REACH who="3" step="1"/><G100/><REACH who="3" ten="198,240,340,212" step="2"/><T1/><D1/><U14/><E26/><V86/><F98/><AGARI ba="1,1" hai="14,16,20,65,66,79,81,87,95,98,101" m="47255" machi="98" ten="30,2000,0" yaku="8,1,54,1" doraHai="107" who="1" fromWho="2" sc="198,0,240,33,340,-23,212,0" />
</Scene>
<Scene>
<INIT seed="7,0,0,1,2,126" ten="198,273,317,212" oya="3" hai0="65,45,85,123,31,89,35,115,57,42,5,125,24" hai1="50,25,73,21,121,3,69,105,90,108,103,118,84" hai2="130,61,97,104,119,82,32,28,128,12,92,114,37" hai3="47,54,19,16,99,70,64,133,100,11,110,76,36"/><W34/><G34/><T116/><D123/><U29/><E108/><V2/><F2/><W30/><G30/><T33/><D116/><U122/><E118/><V27/><F119/><W26/><G110/><T79/><D125/><U95/><E69/><V66/><F37/><W75/><G133/><T40/><D79/><U96/><E3/><V4/><F82/><W49/><G36/><T106/><D106/><U22/><E73/><V74/><F74/><W62/><G76/><T20/><D5/><U71/><E71/><N who="2" m="42447" /><F92/><W41/><G75/><T7/><D7/><U91/><E50/><V112/><F4/><W72/><G72/><T132/><D42/><U46/><E46/><V63/><F63/><W52/><G26/><T111/><D132/><U131/><E22/><V109/><F12/><W81/><G81/><T94/><D111/><U124/><E124/><V51/><F51/><W9/><G9/><T127/><D127/><U78/><E78/><V98/><F109/><W117/><G117/><T135/><D135/><U8/><E8/><V48/><F48/><W13/><REACH who="3" step="1"/><G19/><REACH who="3" ten="198,273,317,202" step="2"/><T6/><D6/><U107/><E122/><V1/><F1/><W23/><G23/><T53/><D35/><U0/><E121/><V134/><F134/><W55/><G55/><T38/><D33/><U77/><E0/><V87/><F32/><W83/><G83/><T60/><D53/><U93/><E77/><V68/><F28/><W129/><G129/><T15/><D15/><U86/><REACH who="1" step="1"/><E131/><REACH who="1" ten="198,263,317,202" step="2"/><V14/><F128/><W44/><G44/><T80/><D45/><U101/><E101/><RYUUKYOKU ba="0,2" sc="198,-15,263,15,317,-15,202,15" hai1="21,25,29,84,86,90,91,93,95,96,103,105,107" hai3="11,13,16,41,47,49,52,54,62,64,70,99,100" />
</Scene>
<Scene>
<INIT seed="7,1,2,5,2,122" ten="183,278,302,217" oya="3" hai0="55,37,22,88,91,13,118,47,35,0,59,87,70" hai1="131,95,125,43,8,1,58,42,9,27,46,90,6" hai2="89,112,92,49,93,39,24,114,120,7,56,110,31" hai3="40,83,94,85,25,132,129,4,69,127,130,109,113"/><W75/><G69/><T99/><D35/><U81/><E125/><V101/><F110/><W23/><G127/><T60/><D0/><U82/><E131/><N who="3" m="50186" /><G132/><T107/><D118/><U51/><E43/><V135/><F39/><W57/><G113/><N who="2" m="43625" /><F135/><W15/><G75/><T72/><D72/><U128/><E128/><V80/><F7/><W98/><G40/><T38/><D70/><U100/><E100/><V123/><F80/><W14/><G57/><T18/><D47/><U45/><E45/><V116/><F101/><N who="3" m="60631" /><G4/><T10/><D107/><U63/><E27/><V102/><F102/><W67/><G67/><T68/><D68/><U133/><E133/><V121/><F116/><W2/><G2/><T105/><D105/><U77/><E77/><V117/><F117/><W108/><G15/><T16/><D99/><U12/><E1/><V61/><F49/><W44/><G14/><T106/><D91/><U111/><E8/><V53/><F89/><N who="3" m="51391" /><G44/><T66/><D66/><U74/><E74/><V115/><N who="2" m="43633" /><V36/><DORA hai="134" /><F36/><W41/><G41/><T5/><D38/><U34/><E9/><V33/><AGARI ba="1,2" hai="24,31,33,53,56,61,92,93,120,121,123" m="43633" machi="33" ten="50,3200,0" yaku="13,1,15,1" doraHai="122,134" who="2" fromWho="2" sc="183,-9,278,-9,302,55,217,-17" owari="174,-33.0,269,7.0,357,46.0,200,-20.0" />
</Scene>
</mjloggm>