<mjloggm ver="2.3"><GO type="169" lobby="0"/><UN n0="%E3%82%B2%E3%82%AA%E3%83%AB%E3%82%B2%E3%83%8F%E3%82%B8%39%34" n1="%E5%A4%AA%E3%81%8F%E3%81%AA%E3%81%84%E3%81%8A" n2="%E3%83%9A%E3%83%81%E3%83%A7%E3%83%BC%E3%83%AA%E3%83%B3" n3="%48%75%6E%74%65%72%5F%44" dan="16,17,17,16" rate="2024.15,2174.67,2161.89,2082.55" sx="M,M,M,M"/><TAIKYOKU oya="0"/>

<Scene>
<INIT seed="0,0,0,5,5,66" ten="250,250,250,250" oya="0" hai0="54,58,33,41,50,3,118,53,18,44,131,111,73" hai1="0,21,103,17,32,57,5,38,122,34,115,99,112" hai2="31,128,90,39,113,86,117,134,30,11,98,2,120" hai3="81,67,23,19,37,82,52,89,85,110,51,76,61"/><T72/><D118/><U114/><E122/><V132/><F39/><W65/><G110/><T107/><D111/><U126/><E38/><V109/><F109/><W14/><G37/><T1/><D33/><U74/><E74/><V42/><F42/><W55/><G61/><T100/><D131/><U28/><E126/><V108/><F108/><W13/><G13/><T10/><D54/><U22/><E57/><V71/><F120/><W83/><G55/><T43/><D43/><U24/><E99/><V4/><F98/><W102/><G102/><T27/><D107/><U79/><E79/><V47/><F47/><W16/><G19/><T127/><D100/><U26/><E103/><V105/><F105/><W96/><G96/><T68/><D127/><U133/><E133/><V6/><F6/><W15/><G15/><T9/><D68/><U129/><E129/><V48/><F48/><W121/><G121/><T124/><D124/><U25/><E25/><V69/><F113/><W116/><G116/><T59/><D59/><U95/><E95/><N who="2" m="54743" /><F128/><W97/><G97/><T70/><D73/><U40/><E40/><V101/><F101/><W12/><G12/><T87/><D72/><U94/><E94/><V49/><F49/><W62/><G62/><T77/><D1/><U130/><E130/><V93/><F93/><N who="3" m="54447" /><G76/><T64/><D3/><U20/><E34/><V36/><F36/><W104/><G104/><T106/><D106/><U78/><E78/><V125/><F125/><W75/><G75/><T56/><D77/><U92/><E92/><V7/><F117/><W119/><G119/><RYUUKYOKU ba="0,0" sc="250,-15,250,15,250,-15,250,15" hai1="0,5,17,20,21,22,24,26,28,32,112,114,115" hai3="14,16,23,51,52,65,67,81,82,83" />
</Scene>
<Scene>
<INIT seed="1,1,0,4,0,78" ten="235,265,235,265" oya="1" hai0="33,28,114,42,79,49,88,132,77,26,31,73,82" hai1="11,81,18,64,58,119,3,130,105,17,84,101,29" hai2="40,57,110,111,45,4,6,72,89,48,43,95,65" hai3="99,63,118,52,71,51,87,66,54,117,120,47,94"/><U9/><E119/><N who="3" m="45578" /><G120/><T50/><D114/><U35/><E130/><V80/><F43/><N who="3" m="25087" /><G87/><N who="0" m="50295" /><D73/><U104/><E35/><V25/><F25/><W96/><G96/><T134/><D31/><U131/><E131/><V60/><F72/><W21/><G21/><T1/><D1/><U46/><E29/><V124/><F124/><W16/><G16/><T14/><D14/><U85/><E3/><V67/><F67/><W121/><G121/><T109/><D109/><N who="2" m="41482" /><F80/><W112/><G112/><T5/><D5/><U20/><E81/><V102/><F102/><AGARI ba="1,0" hai="52,54,63,66,71,94,99,102" m="25087,45578" machi="102" ten="30,2000,0" yaku="12,1,54,1" doraHai="78" who="3" fromWho="2" sc="235,0,265,0,235,-23,265,23" />
</Scene>
<Scene>
<INIT seed="2,0,0,1,4,61" ten="235,265,212,288" oya="2" hai0="99,40,38,25,35,15,53,58,89,95,28,127,87" hai1="84,81,33,16,69,122,31,10,106,97,91,119,117" hai2="70,111,120,4,6,76,8,60,98,55,67,88,80" hai3="5,62,115,82,126,90,86,104,93,44,125,19,52"/><V13/><F120/><W105/><G115/><T24/><D127/><N who="3" m="48649" /><G5/><T11/><D25/><U43/><E43/><V3/><F111/><W132/><G132/><T50/><D38/><U131/><E69/><V49/><F3/><W12/><G93/><T27/><D40/><U112/><E112/><V0/><F0/><W113/><G113/><T26/><REACH who="0" step="1"/><D99/><REACH who="0" ten="225,265,212,288" step="2"/><U56/><E97/><V29/><F29/><W85/><G85/><T130/><D130/><U30/><E131/><V21/><F21/><W73/><G86/><T124/><D124/><U46/><E31/><V7/><F98/><W37/><G73/><T63/><D63/><U1/><E30/><V39/><F39/><W68/><G62/><T109/><D109/><U72/><E72/><V94/><F94/><W133/><G37/><T71/><D71/><U79/><E84/><V101/><F101/><W74/><G68/><T129/><D129/><U41/><E122/><V114/><F114/><W51/><G74/><T64/><D64/><U100/><E100/><V42/><F42/><W32/><G105/><T118/><D118/><U77/><E106/><V2/><F2/><W108/><G104/><T22/><D22/><U83/><E1/><V116/><F116/><W65/><G65/><T14/><D14/><U17/><E41/><V78/><F13/><W96/><G12/><T48/><D48/><U59/><E119/><V54/><F8/><W103/><G51/><T57/><D57/><U110/><E10/><V66/><F66/><W92/><G108/><T36/><D36/><U18/><E117/><V34/><F49/><RYUUKYOKU ba="0,1" sc="225,30,265,-10,212,-10,288,-10" hai0="11,15,24,26,27,28,35,50,53,58,87,89,95" />
</Scene>
<Scene>
<INIT seed="3,1,1,3,1,36" ten="255,255,202,278" oya="3" hai0="49,31,129,93,57,125,109,103,120,16,135,20,65" hai1="117,114,40,56,13,134,66,111,43,128,107,1,61" hai2="2,108,127,84,60,32,90,6,118,22,24,98,100" hai3="51,115,131,35,86,52,89,37,99,8,54,67,79"/><W62/><G115/><T85/><D120/><U119/><E1/><V38/><F118/><N who="1" m="45065" /><E107/><V124/><F38/><W44/><G35/><T0/><D0/><U110/><E114/><V101/><F108/><N who="1" m="41513" /><E134/><V73/><F73/><W123/><G123/><T25/><D129/><U45/><E128/><V26/><F32/><W5/><G131/><T23/><D125/><N who="2" m="48202" /><F60/><W68/><G37/><T72/><D72/><U75/><E75/><V80/><F100/><W112/><G112/><T34/><D135/><U133/><E133/><V15/><F2/><W53/><G99/><T14/><D109/><U104/><E104/><N who="2" m="63543" /><F6/><W29/><G29/><T102/><D34/><U71/><E13/><V41/><F41/><N who="1" m="15945" /><E45/><V3/><F3/><W50/><G79/><T33/><D33/><U58/><AGARI ba="1,1" hai="56,58,61,66,71" m="15945,41513,45065" machi="58" ten="40,12000,2" yaku="12,1,14,1,34,2,52,3" doraHai="36" who="1" fromWho="1" sc="255,-31,255,133,202,-31,278,-61" />
</Scene>
<Scene>
<INIT seed="4,0,0,5,3,103" ten="224,388,171,217" oya="0" hai0="4,98,109,26,113,114,82,120,6,65,78,41,34" hai1="110,35,73,91,9,133,125,11,69,53,46,92,126" hai2="5,66,130,83,24,18,50,129,63,121,89,86,15" hai3="77,30,21,59,80,131,45,37,42,39,90,105,93"/><T67/><D120/><U14/><E110/><V16/><F121/><W132/><G132/><T27/><D109/><U33/><E69/><V28/><F50/><W102/><G131/><N who="2" m="50185" /><F5/><N who="0" m="2154" /><D41/><U95/><E73/><V117/><F117/><W20/><G39/><T61/><D98/><N who="1" m="57631" /><E95/><V19/><F15/><W71/><G71/><T104/><D104/><U49/><E133/><V124/><F124/><N who="1" m="47721" /><E11/><V58/><F19/><AGARI ba="0,0" hai="9,14,19,33,35,46,49,53" m="47721,57631" machi="19" ten="30,1000,0" yaku="18,1" doraHai="103" who="1" fromWho="2" sc="224,0,388,10,171,-10,217,0" />
</Scene>
<Scene>
<INIT seed="5,0,0,2,5,123" ten="224,398,161,217" oya="1" hai0="71,69,70,110,94,48,99,131,135,130,105,74,55" hai1="53,41,100,117,101,111,115,98,126,103,59,2,42" hai2="90,93,54,31,46,120,17,14,118,121,24,43,37" hai3="88,113,15,12,63,102,57,72,77,122,128,84,19"/><U21/><E117/><V3/><F118/><W87/><G122/><T91/><D135/><U13/><E2/><V27/><F3/><W76/><G128/><N who="0" m="49195" /><D74/><U82/><E115/><V45/><F45/><W16/><G113/><T10/><D10/><U64/><E126/><V18/><F54/><N who="3" m="34231" /><G72/><T61/><D105/><U6/><E64/><V51/><F37/><W108/><G108/><T34/><D34/><U68/><E68/><V106/><F106/><W85/><G102/><T49/><D110/><U32/><E32/><V33/><F27/><W8/><G88/><T22/><D22/><AGARI ba="0,0" hai="8,12,15,16,19,22,76,77,84,85,87" m="34231" machi="22" ten="30,2000,0" yaku="8,1,54,1" doraHai="123" who="3" fromWho="0" sc="224,-20,398,0,161,0,217,20" />
</Scene>
<Scene>
<INIT seed="6,0,0,1,3,74" ten="204,398,161,237" oya="2" hai0="65,125,79,111,124,31,51,69,112,98,92,119,108" hai1="42,46,128,62,26,72,4,40,117,86,57,60,48" hai2="67,45,41,113,7,116,6,110,94,29,20,120,100" hai3="68,27,3,123,99,82,52,55,39,89,121,1,35"/><V87/><F116/><W83/><G68/><T104/><D104/><U47/><E72/><V25/><F120/><W80/><G39/><T71/><D119/><U18/><E117/><V135/><F113/><W38/><G38/><T130/><D112/><U93/><E128/><V103/><F135/><W114/><G114/><T90/><D130/><U73/><E73/><V58/><F110/><N who="0" m="42026" /><D65/><U77/><E4/><N who="2" m="1579" /><F87/><W10/><G10/><T84/><D31/><U53/><E26/><V28/><F28/><W12/><G12/><T85/><D51/><N who="1" m="27095" /><E18/><V63/><F94/><W9/><G9/><T22/><D22/><U115/><E115/><V129/><F129/><W19/><G19/><T118/><D118/><U15/><E15/><V2/><F2/><W30/><G123/><T11/><D11/><U61/><E93/><V64/><F64/><W88/><G121/><T21/><D21/><U107/><E107/><V14/><F14/><W16/><G16/><T56/><D69/><U96/><E96/><V8/><F8/><W23/><G99/><T81/><D71/><U33/><E33/><V126/><F126/><N who="0" m="48746" /><D56/><U109/><E109/><V44/><F41/><W5/><G35/><T134/><D134/><U95/><E95/><V24/><F24/><W59/><G59/><T127/><N who="0" m="48754" /><T37/><DORA hai="102" /><D37/><U17/><E17/><V32/><F32/><W101/><G5/><T43/><D43/><U106/><E106/><V70/><F70/><W75/><G1/><T131/><D131/><U78/><E40/><V133/><F133/><W36/><G3/><T105/><D105/><RYUUKYOKU ba="0,0" sc="204,15,398,-15,161,15,237,-15" hai0="79,81,84,85,90,92,98" hai2="20,25,29,44,45,58,63,67,100,103" />
</Scene>
<Scene>
<INIT seed="6,1,0,3,1,70" ten="219,383,176,222" oya="2" hai0="77,24,32,127,22,42,2,20,65,96,30,87,51" hai1="44,94,102,11,66,133,72,115,79,103,69,111,58" hai2="19,120,129,8,21,61,132,60,114,121,45,9,54" hai3="118,31,112,29,15,82,80,23,3,59,18,89,116"/><V100/><F100/><W27/><G3/><T13/><D2/><U64/><E111/><V25/><F114/><W46/><G112/><T84/><D127/><U99/><E115/><V39/><F132/><W14/><G59/><T125/><D125/><U17/><E69/><V36/><F129/><W57/><G57/><T134/><D134/><U62/><E133/><V75/><F75/><W110/><G110/><T97/><D65/><N who="1" m="39127" /><E72/><V122/><F54/><W88/><G46/><N who="0" m="26071" /><D32/><U38/><E38/><V95/><F95/><W85/><G15/><T76/><D87/><U53/><E79/><N who="0" m="30281" /><D84/><U49/><E103/><V47/><F121/><W108/><G108/><T98/><D22/><U101/><E101/><V71/><F71/><W90/><G29/><T81/><D13/><AGARI ba="1,0" hai="11,13,17,44,49,53,64,66,94,99,102" m="39127" machi="13" ten="30,1000,0" yaku="8,1" doraHai="70" who="1" fromWho="0" sc="219,-13,383,13,176,0,222,0" />
</Scene>
<Scene>
<INIT seed="7,0,0,4,4,59" ten="206,396,176,222" oya="3" hai0="76,72,70,74,128,32,105,123,48,71,122,78,51" hai1="37,47,110,84,103,3,135,0,126,29,67,90,85" hai2="101,83,69,55,96,62,17,80,132,120,118,98,100" hai3="129,34,5,66,9,38,11,49,39,53,6,57,23"/><W56/><G34/><T97/><D97/><N who="2" m="37482" /><F118/><W77/><G77/><T125/><D32/><U113/><E84/><V88/><F132/><W33/><G33/><T54/><D54/><U4/><E67/><V45/><F69/><W121/><G121/><T104/><D125/><U10/><E113/><V124/><F124/><W58/><G129/><AGARI ba="0,0" hai="48,51,70,71,72,74,76,78,104,105,122,123,128,129" machi="129" ten="25,1600,0" yaku="22,2" doraHai="59" who="0" fromWho="3" sc="206,16,396,0,176,0,222,-16" owari="222,2.0,396,49.0,176,-32.0,206,-19.0" />
</Scene>
</mjloggm>