<mjloggm ver="2.3"><GO type="169" lobby="0"/><UN n0="%74%6F%6D%6F%79%75" n1="%E5%A4%AA%E3%81%8F%E3%81%AA%E3%81%84%E3%81%8A" n2="%E9%B7%B9%E6%AD%A3%E3%81%AE%E5%80%85%EF%BC%9D%E5%AF%8C%E7%8C%AB" n3="%E4%B8%83%E3%83%84%E7%9B%AE%E7%8E%89" dan="16,18,16,18" rate="2057.58,2241.19,2072.39,2157.30" sx="M,F,M,M"/><TAIKYOKU oya="0"/>

<Scene>
<INIT seed="0,0,0,2,5,60" ten="250,250,250,250" oya="0" hai0="30,46,97,108,14,51,122,23,26,112,65,132,87" hai1="129,79,81,39,109,59,77,114,42,89,103,3,124" hai2="12,72,133,45,10,67,63,49,16,100,61,91,47" hai3="110,93,64,134,5,19,8,94,28,58,78,98,54"/><T85/><D122/><U56/><E3/><V21/><F72/><W80/><G110/><T13/><D112/><U113/><E109/><V82/><F133/><W68/><G28/><T135/><D108/><U99/><E129/><V69/><F100/><W34/><G34/><T125/><D125/><U101/><E124/><V40/><F63/><W107/><G107/><T52/><D97/><U41/><E99/><V50/><F82/><W37/><G37/><T90/><D65/><U35/><E81/><V62/><F62/><W1/><G64/><T33/><D87/><U24/><E24/><V75/><F75/><W31/><G31/><T4/><D4/><U118/><E35/><V48/><F91/><W71/><G19/><T116/><D116/><U131/><E131/><V105/><F105/><W25/><G25/><T55/><D55/><U83/><E83/><V15/><REACH who="2" step="1"/><F47/><REACH who="2" ten="250,250,240,250" step="2"/><W7/><G134/><N who="0" m="51243" /><D33/><U76/><E114/><V53/><F53/><W95/><G54/><T111/><D111/><U127/><E113/><V20/><F20/><W22/><G22/><T9/><D9/><U36/><E127/><V120/><F120/><W117/><G8/><T115/><D115/><U102/><E118/><V96/><F96/><W128/><G98/><T6/><D90/><U2/><E89/><V29/><F29/><W106/><G117/><T84/><D84/><U119/><E119/><V73/><F73/><W57/><G106/><T66/><D85/><U44/><E102/><V27/><F27/><W38/><G80/><T126/><D126/><U74/><E101/><V18/><AGARI ba="0,1" hai="10,12,15,16,18,21,40,45,48,49,50,61,67,69" machi="18" ten="20,12000,2" yaku="1,1,5,1,0,1,7,1,52,1,54,1,53,0" doraHai="60" doraHaiUra="121" who="2" fromWho="2" sc="250,-60,250,-30,240,130,250,-30" />
</Scene>
<Scene>
<INIT seed="1,0,0,5,2,36" ten="190,220,370,220" oya="1" hai0="48,99,69,72,117,122,70,97,29,60,102,64,90" hai1="78,116,106,105,37,59,91,57,10,92,96,121,35" hai2="18,124,126,79,127,58,134,76,129,87,19,85,67" hai3="113,98,7,33,23,125,20,68,80,1,22,94,5"/><U45/><E121/><V119/><F119/><W44/><G68/><T21/><D117/><U130/><E116/><V27/><F129/><W95/><G113/><T11/><D122/><U55/><E35/><V14/><F134/><W0/><G33/><T114/><D114/><U53/><E130/><V103/><F103/><W38/><G125/><T110/><D72/><U49/><E78/><N who="2" m="29739" /><F27/><W56/><G80/><T109/><D70/><U25/><E25/><V6/><F6/><W89/><G56/><T100/><D21/><U28/><E28/><V54/><F67/><W13/><G13/><T41/><D29/><U42/><REACH who="1" step="1"/><E10/><REACH who="1" ten="190,210,370,220" step="2"/><V132/><F132/><W52/><G23/><T118/><D118/><U81/><E81/><V82/><F82/><W51/><G22/><T107/><D110/><U133/><E133/><V128/><F128/><W31/><G20/><T46/><D109/><U47/><E47/><V30/><F30/><W93/><G31/><T9/><REACH who="0" step="1"/><D90/><REACH who="0" ten="180,210,370,220" step="2"/><U84/><E84/><V65/><F87/><W135/><G135/><T73/><D73/><U50/><AGARI ba="0,2" hai="37,42,45,49,50,53,55,57,59,91,92,96,105,106" machi="50" ten="20,12000,1" yaku="1,1,0,1,7,1,9,1,52,1,53,0" doraHai="36" doraHaiUra="104" who="1" fromWho="1" sc="180,-40,210,140,370,-40,220,-40" />
</Scene>
<Scene>
<INIT seed="1,1,0,5,4,29" ten="140,350,330,180" oya="1" hai0="82,28,1,18,67,66,35,69,131,24,14,55,113" hai1="114,32,37,78,102,100,12,58,46,26,15,41,97" hai2="21,39,104,122,64,120,125,56,17,25,135,92,108" hai3="49,70,33,16,74,83,51,110,98,57,8,118,95"/><U89/><E114/><V4/><F104/><W103/><G70/><T99/><D113/><U40/><E78/><V44/><F108/><W48/><G110/><T22/><D131/><U106/><E102/><V109/><F109/><W62/><G118/><T91/><D1/><U19/><E41/><V5/><F135/><W7/><G74/><T111/><D111/><U47/><E47/><V93/><F125/><W134/><G134/><T75/><D69/><U3/><E3/><V115/><F115/><W101/><G83/><T128/><D128/><U71/><E71/><V123/><F39/><W59/><G33/><T68/><D68/><U50/><E89/><V2/><F44/><W105/><G7/><T36/><D36/><U86/><E86/><V10/><F5/><W107/><G103/><T90/><D55/><U121/><E121/><V73/><F73/><W27/><G59/><T31/><D31/><U54/><REACH who="1" step="1"/><E19/><REACH who="1" ten="140,340,330,180" step="2"/><V65/><F17/><W84/><G84/><T130/><D130/><U79/><E79/><V117/><F2/><W11/><G107/><T76/><D91/><U94/><E94/><V63/><F93/><W96/><G105/><T81/><D99/><U38/><E38/><V6/><F92/><W127/><G98/><T132/><D132/><U9/><E9/><V60/><F10/><W112/><G112/><T52/><D90/><U43/><E43/><V53/><F123/><W30/><G16/><T116/><D82/><U61/><E61/><V88/><F122/><W80/><G80/><T85/><D81/><U119/><E119/><V129/><F117/><RYUUKYOKU ba="1,1" sc="140,-10,340,30,330,-10,180,-10" hai1="12,15,26,32,37,40,46,50,54,58,97,100,106" />
</Scene>
<Scene>
<INIT seed="1,2,1,0,1,71" ten="130,370,320,170" oya="1" hai0="61,115,68,106,120,69,98,67,93,17,65,15,44" hai1="75,89,56,95,121,73,118,96,132,94,72,104,129" hai2="26,54,10,108,105,37,34,21,19,130,5,50,9" hai3="131,110,46,16,116,51,58,85,14,36,49,84,88"/><U103/><E56/><V78/><F105/><W117/><G110/><T24/><D115/><U60/><E60/><V25/><F108/><W74/><G74/><T125/><D106/><U76/><E121/><V27/><F78/><W66/><G131/><T87/><D120/><U135/><E118/><N who="3" m="45674" /><G85/><T123/><D123/><U30/><E30/><V59/><F130/><W101/><G101/><T29/><D87/><N who="1" m="52543" /><E129/><V53/><F37/><W42/><G58/><T48/><D125/><U81/><E95/><V100/><F100/><W8/><G66/><T91/><D67/><U20/><E20/><V90/><F34/><W79/><G79/><T4/><D4/><U32/><E32/><V109/><F109/><W119/><N who="3" m="45682" /><W55/><DORA hai="126" /><G55/><T31/><D24/><U83/><E83/><AGARI ba="2,1" hai="8,14,16,36,42,46,49,51,83,84,88" m="45682" machi="83" ten="40,8000,1" yaku="12,1,52,1,54,2" doraHai="71,126" who="3" fromWho="1" sc="130,0,370,-86,320,0,170,96" />
</Scene>
<Scene>
<INIT seed="2,0,0,3,3,121" ten="130,284,320,266" oya="2" hai0="130,11,73,66,43,98,28,34,32,8,54,100,15" hai1="125,104,55,30,13,3,56,25,18,46,92,51,126" hai2="106,105,129,53,20,21,23,22,102,16,41,84,2" hai3="108,82,4,0,35,52,65,33,5,7,122,123,114"/><V71/><F2/><W59/><G0/><T91/><D130/><U127/><E104/><V9/><F71/><W116/><G116/><T24/><D73/><U38/><E3/><V58/><F129/><W50/><G114/><T63/><D43/><N who="1" m="22903" /><E92/><V37/><F9/><W95/><G65/><T131/><D131/><U83/><E83/><V124/><F124/><W96/><G82/><T110/><D91/><U132/><E132/><V109/><F109/><W134/><G134/><T57/><D110/><U85/><E85/><V128/><F102/><W135/><G135/><T42/><D42/><U81/><E81/><V29/><F29/><W87/><G87/><T117/><D11/><N who="1" m="6463" /><E30/><V61/><F128/><W69/><G69/><T26/><D117/><U70/><E70/><V64/><F84/><W39/><G39/><T103/><D103/><U14/><E14/><V107/><F64/><W94/><G94/><T12/><D12/><U101/><E101/><V78/><F78/><W99/><G108/><T62/><D28/><U6/><E6/><V89/><F89/><W115/><G115/><T112/><D112/><U133/><E133/><V118/><F118/><W72/><G72/><T88/><D100/><U113/><E113/><V17/><N who="2" m="5120" /><DORA hai="45" /><V27/><REACH who="2" step="1"/><F27/><AGARI ba="0,0" hai="25,27,51,55,56,125,126,127" m="6463,22903" machi="27" ten="30,2000,0" yaku="18,1,52,1" doraHai="121,45" who="1" fromWho="2" sc="130,0,284,20,320,-20,266,0" />
</Scene>
<Scene>
<INIT seed="3,0,0,2,5,11" ten="130,304,300,266" oya="3" hai0="103,119,72,111,43,5,102,78,66,54,48,105,112" hai1="34,87,95,3,113,79,131,104,30,91,12,25,62" hai2="93,27,52,55,76,68,125,133,121,0,19,6,61" hai3="32,18,70,15,47,14,2,53,40,37,50,122,130"/><W64/><G122/><T88/><D119/><U13/><E113/><V67/><F121/><W57/><G2/><T101/><D112/><U74/><E3/><V97/><F125/><W124/><G124/><T86/><D43/><U90/><E131/><V51/><F76/><W60/><G130/><T35/><D35/><U45/><E104/><V80/><F80/><W7/><G7/><T38/><D38/><U59/><E45/><V58/><F133/><W49/><G32/><T22/><D111/><U128/><E128/><V85/><F85/><W94/><G18/><T29/><D66/><U126/><E126/><V21/><F6/><W44/><G94/><T114/><D114/><U36/><E36/><V123/><F0/><W8/><G8/><T65/><D65/><U135/><E135/><V118/><F123/><W89/><G89/><T81/><D5/><U83/><REACH who="1" step="1"/><E91/><REACH who="1" ten="130,294,300,266" step="2"/><V96/><F118/><W82/><REACH who="3" step="1"/><G82/><REACH who="3" ten="130,294,300,256" step="2"/><T33/><D105/><U69/><E69/><V107/><F107/><W1/><G1/><T17/><D88/><U23/><E23/><V106/><F106/><W24/><G24/><T134/><D134/><U98/><E98/><V26/><F26/><W20/><G20/><T41/><D33/><U100/><E100/><V108/><F108/><W132/><G132/><T9/><D103/><U129/><E129/><V71/><F71/><W120/><G120/><T99/><D102/><U10/><E10/><V56/><F93/><W46/><G46/><T116/><D9/><U39/><E39/><V63/><AGARI ba="0,2" hai="19,21,27,51,52,55,56,58,61,63,67,68,96,97" machi="63" ten="20,2700,0" yaku="0,1,7,1,54,1" doraHai="11" who="2" fromWho="2" sc="130,-7,294,-7,300,47,256,-13" />
</Scene>
<Scene>
<INIT seed="4,0,0,3,0,94" ten="123,287,347,243" oya="0" hai0="118,84,47,75,18,38,103,5,4,83,45,35,17" hai1="96,70,101,56,81,24,106,48,116,127,7,12,69" hai2="31,20,134,26,9,114,86,92,76,130,49,112,60" hai3="115,2,6,89,91,71,119,85,102,15,33,10,53"/><T125/><D118/><U3/><E116/><V68/><F130/><W107/><G119/><T111/><D75/><U77/><E3/><V73/><F134/><W108/><G33/><T131/><D131/><U88/><E127/><V79/><F73/><W19/><G71/><T55/><D125/><U1/><E1/><V27/><F9/><W46/><G108/><T32/><D111/><U40/><E24/><V110/><F110/><W34/><G34/><T57/><D103/><U104/><E104/><V39/><F39/><W95/><G115/><N who="2" m="44073" /><F49/><W63/><G107/><T44/><D38/><U67/><E67/><N who="2" m="41063" /><F27/><W50/><G2/><T105/><D105/><U13/><E13/><V121/><F121/><W64/><G6/><N who="0" m="2667" /><D32/><U51/><E51/><V8/><F8/><W28/><G28/><T59/><D35/><U36/><E36/><V98/><F86/><W30/><G30/><T133/><D133/><U90/><E12/><V21/><F20/><W135/><G135/><T80/><D84/><U97/><E7/><V78/><F79/><W122/><G122/><T37/><D37/><U58/><E77/><V113/><F113/><W99/><G85/><T14/><D14/><U128/><E128/><V22/><F22/><W126/><G126/><T100/><D100/><AGARI ba="0,0" hai="21,26,31,76,78,92,98,100" m="41063,44073" machi="100" ten="30,2000,0" yaku="15,1,52,1" doraHai="94" who="2" fromWho="0" sc="123,-20,287,0,347,20,243,0" />
</Scene>
<Scene>
<INIT seed="5,0,0,1,2,53" ten="103,287,367,243" oya="1" hai0="71,110,117,45,127,111,17,86,135,97,15,35,130" hai1="62,67,113,128,129,42,77,10,103,133,52,64,99" hai2="48,124,84,131,0,76,80,26,40,49,50,30,78" hai3="102,7,100,63,73,134,108,13,72,2,114,96,39"/><U101/><E42/><V21/><F0/><W16/><G108/><T32/><D71/><U6/><E77/><N who="2" m="46095" /><F131/><N who="1" m="50249" /><E113/><V107/><F107/><W98/><G39/><T83/><D130/><U79/><E79/><N who="2" m="30251" /><F124/><W120/><G120/><T59/><D127/><U69/><E133/><V8/><F8/><W41/><G41/><AGARI ba="0,0" hai="21,26,30,40,41,48,49,50" m="30251,46095" machi="41" ten="30,1000,0" yaku="8,1" doraHai="53" who="2" fromWho="3" sc="103,0,287,0,367,10,243,-10" />
</Scene>
<Scene>
<INIT seed="6,0,0,5,2,121" ten="103,287,377,233" oya="2" hai0="103,45,86,90,23,95,92,53,120,125,1,93,2" hai1="134,72,68,112,79,9,96,65,41,83,11,25,46" hai2="8,71,30,114,14,85,21,88,109,22,62,110,122" hai3="26,94,82,132,4,66,50,107,33,111,59,35,39"/><V129/><F122/><W0/><G107/><T12/><D120/><U81/><E112/><V98/><F114/><W101/><G39/><T19/><D125/><U34/><E134/><V77/><F77/><W87/><G132/><T52/><D1/><U43/><E83/><V105/><F129/><W126/><G126/><T57/><D2/><U89/><E65/><V61/><F98/><W58/><G101/><T117/><D117/><U16/><E68/><V73/><F73/><W102/><G102/><T67/><D67/><U27/><E41/><V64/><F62/><W113/><G94/><T7/><D7/><U104/><E34/><V37/><F37/><W47/><G35/><T55/><D45/><U118/><E118/><V29/><F105/><W10/><G66/><T75/><D75/><U76/><E76/><V130/><F130/><W128/><G128/><T13/><D13/><U51/><E104/><V119/><F119/><W24/><G113/><T38/><D38/><U116/><E116/><V32/><F30/><W6/><G6/><T18/><D18/><U20/><E27/><V60/><F60/><W28/><G26/><T99/><REACH who="0" step="1"/><D95/><REACH who="0" ten="93,287,377,233" step="2"/><U123/><E123/><V15/><F15/><W42/><G0/><T49/><AGARI ba="0,1" hai="12,19,23,49,52,53,55,57,86,90,92,93,99,103" machi="49" ten="20,16000,3" yaku="1,1,2,1,0,1,7,1,25,2,8,1,54,1,53,0" doraHai="121" doraHaiUra="133" who="0" fromWho="0" sc="93,170,287,-40,377,-80,233,-40" />
</Scene>
<Scene>
<INIT seed="7,0,0,4,0,91" ten="263,247,297,193" oya="3" hai0="76,87,77,115,16,133,28,35,114,79,68,119,61" hai1="101,84,118,8,106,122,54,88,70,94,56,99,43" hai2="123,131,22,57,67,31,116,46,58,7,10,92,108" hai3="135,69,11,38,89,65,127,39,55,26,5,40,97"/><W60/><G135/><T120/><D120/><U45/><E118/><V86/><F108/><W30/><G127/><T85/><D119/><U83/><E122/><V53/><F116/><W32/><G40/><T81/><D133/><U63/><E70/><V80/><F131/><W24/><G55/><T109/><D109/><U41/><E8/><V130/><F130/><W14/><REACH who="3" step="1"/><G26/><REACH who="3" ten="263,247,297,183" step="2"/><N who="0" m="18839" /><D115/><U75/><E45/><V27/><F123/><W72/><G72/><T25/><D25/><U9/><E9/><V111/><F111/><W64/><G64/><T34/><D114/><U47/><E47/><V128/><F128/><W124/><G124/><T129/><D129/><U98/><REACH who="1" step="1"/><E75/><REACH who="1" ten="263,237,297,183" step="2"/><V49/><F46/><W42/><G42/><T74/><D74/><U20/><E20/><V93/><F58/><W2/><G2/><T107/><D68/><U50/><E50/><V21/><F21/><W71/><G71/><T3/><D3/><U12/><E12/><N who="2" m="5215" /><F67/><W6/><G6/><T112/><D112/><U95/><E95/><AGARI ba="0,2" hai="5,11,14,24,30,32,38,39,60,65,69,89,95,97" machi="95" ten="40,3900,0" yaku="1,1,52,1,53,0" doraHai="91" doraHaiUra="134" who="3" fromWho="1" sc="263,0,237,-39,297,0,183,59" />
</Scene>
<Scene>
<INIT seed="7,1,0,5,1,135" ten="263,198,297,242" oya="3" hai0="111,58,100,74,112,76,72,91,45,110,25,119,127" hai1="41,92,17,115,18,104,36,69,86,29,109,114,40" hai2="49,68,134,79,73,34,78,52,107,0,65,44,19" hai3="126,97,43,64,39,31,113,3,94,95,123,96,42"/><W8/><G123/><T10/><D119/><U5/><E109/><V62/><F107/><W99/><G31/><T89/><D100/><U46/><E104/><V81/><F134/><W28/><G28/><T37/><D25/><U75/><E75/><V101/><F101/><W84/><G64/><T93/><D112/><N who="1" m="43051" /><E69/><V66/><F66/><W35/><G35/><T121/><D121/><U9/><E29/><V118/><F118/><W38/><G113/><T51/><D76/><U131/><E41/><N who="3" m="15370" /><G84/><T116/><D116/><U77/><E131/><V32/><F79/><W14/><G14/><T55/><D74/><U53/><E53/><V117/><F0/><W30/><G30/><T50/><D37/><N who="3" m="13833" /><G8/><T82/><D10/><U88/><E77/><V56/><F117/><W98/><G98/><T60/><D72/><U12/><AGARI ba="1,0" hai="5,9,12,17,18,36,40,46,86,88,92" m="43051" machi="12" ten="30,2000,0" yaku="15,1,54,1" doraHai="135" who="1" fromWho="1" sc="263,-6,198,23,297,-6,242,-11" />
</Scene>
<Scene>
<INIT seed="8,0,0,0,5,115" ten="257,221,291,231" oya="0" hai0="106,97,80,84,134,18,123,27,128,42,58,135,37" hai1="3,75,124,89,88,107,130,31,35,51,45,95,40" hai2="53,41,28,63,44,59,29,90,71,1,52,13,20" hai3="129,49,78,60,47,122,12,102,81,66,104,91,33"/><T25/><D123/><U54/><E107/><V46/><F1/><W126/><G122/><T125/><D128/><U108/><E108/><V120/><F71/><W34/><G129/><T98/><D125/><U110/><E110/><V100/><F100/><W99/><G91/><T9/><D42/><U77/><E130/><V96/><F120/><W121/><G12/><N who="0" m="7439" /><D37/><U127/><E3/><V114/><F114/><W74/><G126/><N who="1" m="48170" /><E40/><V22/><F41/><W48/><G121/><T4/><D4/><U133/><E133/><N who="0" m="50697" /><D58/><U43/><E43/><V116/><F116/><W5/><G5/><T117/><D117/><U6/><E6/><V113/><F113/><W92/><G47/><N who="2" m="17961" /><F53/><W7/><G7/><T119/><D119/><U69/><E69/><V85/><F96/><N who="0" m="36970" /><D106/><U57/><E45/><V93/><F22/><W111/><G111/><T24/><D24/><N who="1" m="18919" /><E95/><V131/><F131/><W30/><G92/><T72/><D72/><U67/><E67/><V21/><F20/><W56/><G34/><T105/><D105/><U101/><E101/><V19/><AGARI ba="0,0" hai="13,19,21,28,29,52,59,63,85,90,93" m="17961" machi="19" ten="30,2000,0" yaku="8,1,54,1" doraHai="115" who="2" fromWho="2" sc="257,-10,221,-5,291,20,231,-5" owari="247,5.0,216,-28.0,311,40.0,226,-17.0" />
</Scene>
</mjloggm>