<mjloggm ver="2.3"><GO type="169"/><UN n0="%E4%B8%B8%E5%8A%A9" n1="%E9%BA%BB%E9%9B%80%E6%88%A6%E5%A3%AB%E2%98%86%E3%81%AA%E3%81%AE%E3%81%AF" n2="%E5%A4%AA%E3%81%8F%E3%81%AA%E3%81%84%E3%81%8A" n3="%76%65%74%6F%6F" dan="16,16,16,16" rate="2130,2075,2108,2085" sx="M,F,M,M"/><TAIKYOKU oya="0"/>

<Scene>
<INIT seed="0,0,0,5,1,9" ten="250,250,250,250" oya="0" hai0="58,27,101,4,90,7,105,46,122,59,63,35,41" hai1="92,11,56,123,73,78,99,100,67,47,127,31,34" hai2="68,70,85,118,6,109,74,115,129,60,96,134,89" hai3="16,3,42,119,65,14,108,128,50,95,29,112,19"/><T38/><D122/><U91/><E123/><V15/><F115/><W37/><G112/><T66/><D90/><U8/><E127/><V98/><F74/><W2/><G119/><T107/><D59/><U114/><E114/><V12/><F118/><W21/><G37/><T113/><D113/><U97/><E78/><V26/><F109/><W125/><G65/><T87/><D87/><U5/><E73/><V117/><F117/><W133/><G125/><T93/><D93/><U120/><E120/><V121/><F121/><W52/><G42/><T69/><D58/><U25/><E47/><V0/><F0/><W104/><G104/><T57/><D57/><U126/><E126/><V20/><F70/><W130/><G29/><N who="0" m="19903" /><D107/><U17/><E17/><V64/><F134/><W23/><G133/><T84/><D84/><U33/><E33/><V54/><F54/><W18/><G108/><T48/><D48/><U36/><E36/><V81/><F129/><N who="3" m="49771" /><G95/><T135/><D135/><U39/><E39/><V124/><F124/><W28/><G28/><T116/><D116/><U51/><E67/><V75/><F75/><W82/><G82/><T43/><D43/><U72/><E92/><V106/><F6/><W1/><G23/><T102/><D102/><U49/><E100/><V40/><F40/><W110/><G110/><T86/><D86/><U53/><E72/><V88/><F89/><W13/><G21/><T24/><D24/><U32/><E25/><V30/><REACH who="2" step="1"/><F106/><REACH who="2" ten="250,250,240,250" step="2"/><W55/><G55/><T80/><D80/><U103/><E53/><V44/><F44/><AGARI ba="0,1" hai="1,2,3,13,14,16,18,19,44,50,52" m="49771" machi="44" ten="40,8000,1" yaku="19,1,52,2,54,2" doraHai="9" who="3" fromWho="2" sc="250,0,250,0,240,-80,250,90" />
</Scene>
<Scene>
<INIT seed="1,0,0,1,3,118" ten="250,250,160,340" oya="1" hai0="18,6,42,97,15,40,124,22,35,114,86,115,36" hai1="126,43,60,134,93,5,17,19,49,41,4,111,68" hai2="99,71,50,2,59,9,78,0,103,72,89,70,133" hai3="87,11,127,24,1,84,131,67,106,112,98,125,53"/><U46/><E134/><V23/><F133/><W28/><G112/><T73/><D73/><U38/><E126/><N who="3" m="48138" /><G131/><T21/><D124/><U83/><E111/><V92/><F23/><W56/><G67/><T45/><D35/><U130/><E130/><V51/><F70/><W81/><G106/><T90/><D42/><U74/><E43/><V128/><F71/><W39/><G39/><T76/><D6/><U3/><E93/><V75/><F128/><W110/><G110/><T135/><D135/><U102/><E102/><V26/><F26/><W100/><G81/><T25/><D76/><N who="1" m="44439" /><E5/><V64/><F64/><W79/><G79/><T119/><D97/><U12/><E12/><V132/><F132/><W61/><G11/><T107/><D107/><U44/><E60/><V101/><F75/><W13/><G13/><T120/><D119/><U7/><E7/><V113/><F113/><W47/><G47/><T65/><D65/><U32/><E32/><V10/><F72/><W95/><G1/><T66/><D66/><U52/><E68/><V116/><F116/><W48/><G61/><T94/><D115/><U20/><E20/><AGARI ba="0,0" hai="20,24,28,48,53,56,84,87,95,98,100" m="48138" machi="20" ten="30,1000,0" yaku="18,1" doraHai="118" who="3" fromWho="1" sc="250,0,250,-10,160,0,340,10" />
</Scene>
<Scene>
<INIT seed="2,0,0,2,0,120" ten="250,240,160,350" oya="2" hai0="134,98,13,85,96,15,14,38,6,53,86,32,117" hai1="23,94,114,16,79,111,8,102,87,83,67,43,127" hai2="105,135,17,68,130,30,25,113,52,49,1,47,3" hai3="56,93,7,22,82,99,95,110,54,101,129,123,62"/><V34/><F113/><W33/><G123/><T42/><D32/><U39/><E114/><V40/><F105/><W60/><G33/><T88/><D134/><U35/><E127/><V29/><F29/><W26/><G7/><T12/><D117/><U9/><E35/><V72/><F72/><W80/><G129/><T126/><D126/><U116/><E116/><V91/><F68/><W59/><G93/><N who="0" m="54415" /><D38/><U92/><E111/><V108/><F130/><W44/><G44/><T84/><D42/><U122/><E122/><V2/><F135/><W73/><G110/><T57/><D86/><U24/><E67/><V27/><F108/><W10/><G10/><N who="0" m="4183" /><D84/><U121/><E121/><V63/><F91/><W20/><G73/><T133/><D133/><U107/><E43/><V55/><REACH who="2" step="1"/><F63/><AGARI ba="0,0" hai="13,14,15,53,57,63,96,98" m="4183,54415" machi="63" ten="30,2000,0" yaku="8,1,54,1" doraHai="120" who="0" fromWho="2" sc="250,20,240,0,160,-20,350,0" />
</Scene>
<Scene>
<INIT seed="3,0,0,1,1,129" ten="270,240,140,350" oya="3" hai0="11,112,99,135,117,82,75,20,49,97,58,72,128" hai1="42,12,40,63,79,50,1,105,37,60,84,131,78" hai2="126,47,35,123,108,52,29,55,43,6,113,101,62" hai3="69,125,94,77,67,14,27,102,51,54,17,48,93"/><W61/><G125/><T104/><D117/><U80/><E105/><V2/><F113/><W109/><G109/><T96/><D128/><U74/><E1/><V70/><F126/><W7/><G77/><T103/><D112/><U98/><E131/><V121/><F108/><W81/><G81/><T115/><D115/><U30/><E37/><N who="2" m="21999" /><F101/><W116/><G116/><T21/><D99/><U36/><E36/><V91/><F91/><W134/><G48/><T64/><D97/><U119/><E119/><V86/><F86/><W66/><G66/><T34/><D34/><U25/><E79/><V85/><F85/><W71/><G71/><T31/><D11/><U127/><E74/><V22/><F35/><W38/><G7/><T124/><D124/><U10/><E98/><V32/><F32/><W5/><G5/><T26/><D21/><N who="1" m="15663" /><E42/><V13/><F2/><W16/><G38/><T106/><D106/><U107/><E107/><V18/><F29/><W4/><G4/><T65/><D75/><U23/><E23/><V28/><F28/><W111/><G111/><T33/><D33/><U57/><E57/><V0/><F0/><W46/><G27/><T15/><D72/><U39/><E39/><V88/><F6/><W83/><G83/><T53/><D82/><U3/><E3/><V87/><F87/><W118/><G118/><T100/><D100/><U68/><E84/><V110/><F110/><W59/><G102/><T73/><D73/><U120/><E80/><V45/><F70/><W130/><G69/><T90/><D103/><U132/><E127/><V133/><F88/><RYUUKYOKU ba="0,0" sc="270,0,240,0,140,0,350,0" />
</Scene>
<Scene>
<INIT seed="4,1,0,1,0,127" ten="270,240,140,350" oya="0" hai0="31,65,103,35,102,37,115,128,87,55,99,13,89" hai1="11,59,12,30,57,81,68,36,20,60,71,4,62" hai2="133,124,18,74,56,93,116,34,63,119,91,52,72" hai3="73,54,1,0,66,67,117,29,53,69,47,110,85"/><T114/><D37/><U86/><E36/><V104/><F104/><W58/><G110/><T51/><D65/><U132/><E132/><V118/><F34/><W129/><G73/><T2/><D2/><U25/><E59/><V80/><F124/><W94/><G29/><T45/><D128/><U42/><E42/><V43/><F133/><W76/><G117/><T125/><D125/><U50/><E50/><V8/><F43/><W126/><G129/><T61/><D61/><U135/><E135/><V3/><F80/><W26/><G26/><T7/><D35/><U40/><E40/><V131/><F131/><W96/><G126/><T83/><D31/><U48/><E48/><V32/><F32/><W38/><G0/><T134/><D134/><U75/><E75/><V9/><F9/><W123/><G1/><T130/><D130/><U120/><E120/><V122/><F122/><W41/><G123/><T106/><D103/><U27/><E27/><V46/><F46/><W88/><G69/><T101/><D101/><U22/><E22/><V64/><F64/><W14/><G14/><T107/><D107/><U16/><E30/><V21/><F8/><W33/><G33/><T105/><D105/><U15/><E25/><N who="2" m="14519" /><F3/><W82/><G54/><T109/><D109/><U49/><E71/><V108/><F108/><W6/><G6/><T112/><D13/><U100/><E100/><V113/><F113/><W78/><G78/><T39/><D39/><U111/><E111/><V23/><F23/><W28/><G28/><T77/><D7/><U44/><E68/><V24/><F24/><RYUUKYOKU ba="1,0" sc="270,10,240,-30,140,10,350,10" hai0="45,51,55,77,83,87,89,99,102,106,112,114,115" hai2="52,56,63,72,74,91,93,116,118,119" hai3="38,41,47,53,58,66,67,76,82,85,88,94,96" />
</Scene>
<Scene>
<INIT seed="4,2,0,1,5,17" ten="280,210,150,360" oya="0" hai0="75,5,110,52,49,18,131,121,26,114,117,64,133" hai1="32,8,14,44,65,41,12,21,29,51,74,28,56" hai2="46,2,7,98,104,57,83,127,43,42,77,19,106" hai3="55,93,111,60,100,6,109,82,115,103,84,24,31"/><T87/><D75/><U122/><E74/><V135/><F135/><W120/><G6/><T11/><D117/><U112/><E122/><V66/><F127/><W20/><G120/><T40/><D121/><U125/><E112/><V130/><F130/><W45/><G115/><T76/><D114/><U53/><E65/><V9/><F98/><W4/><G4/><T118/><D118/><U3/><E3/><V91/><F91/><W71/><G71/><T59/><D131/><U85/><E125/><V33/><F33/><W102/><G93/><T116/><D116/><U30/><E85/><V90/><F90/><W124/><G124/><T38/><D133/><U54/><E32/><V50/><F43/><W16/><G31/><T108/><D38/><U63/><E41/><V92/><F92/><W22/><G111/><N who="0" m="42539" /><D40/><U13/><REACH who="1" step="1"/><E8/><REACH who="1" ten="280,200,150,360" step="2"/><V39/><F66/><W48/><G109/><T35/><D64/><U34/><E34/><V69/><F69/><W58/><G84/><T79/><D87/><U81/><E81/><V95/><F83/><W134/><G82/><T73/><D73/><U107/><E107/><V80/><F104/><W23/><G134/><T36/><D36/><U129/><E129/><V105/><F95/><W25/><G25/><AGARI ba="2,1" hai="12,13,14,21,25,28,29,30,44,51,53,54,56,63" machi="25" ten="40,5200,0" yaku="1,1,8,1,52,1,53,0" doraHai="17" doraHaiUra="123" who="1" fromWho="3" sc="280,0,200,68,150,0,360,-58" />
</Scene>
<Scene>
<INIT seed="5,0,0,2,3,97" ten="280,268,150,302" oya="1" hai0="35,10,101,26,134,61,22,5,4,0,57,86,71" hai1="70,90,65,76,17,39,108,96,43,49,79,130,121" hai2="60,112,9,63,114,117,51,110,45,72,8,58,92" hai3="64,103,68,18,107,21,128,125,62,23,135,7,6"/><U78/><E121/><V34/><F110/><W106/><G106/><T80/><D134/><U113/><E39/><V24/><F117/><W3/><G135/><T41/><D5/><U67/><E113/><N who="2" m="43627" /><F72/><W14/><G128/><T13/><D41/><U82/><E108/><V19/><F92/><W54/><G125/><T115/><D115/><U27/><E130/><V122/><F122/><W55/><G23/><T116/><D116/><U20/><E70/><V47/><F60/><W31/><G31/><T48/><D71/><U44/><E82/><V74/><F74/><W132/><G132/><T126/><D126/><U73/><E73/><V133/><F133/><W102/><G107/><T98/><D35/><U32/><E32/><V111/><F111/><W87/><G87/><T95/><D48/><U127/><E127/><V129/><F129/><W30/><G30/><N who="0" m="17751" /><D0/><U94/><AGARI ba="0,0" hai="17,20,27,43,44,49,65,67,76,78,79,90,94,96" machi="94" ten="30,3000,0" yaku="0,1,8,1" doraHai="97" who="1" fromWho="1" sc="280,-10,268,30,150,-10,302,-10" />
</Scene>
<Scene>
<INIT seed="5,1,0,4,0,135" ten="270,298,140,292" oya="1" hai0="63,68,125,104,83,33,98,91,85,19,94,134,102" hai1="0,130,89,26,27,101,79,107,54,76,80,10,21" hai2="1,123,61,129,116,64,11,110,114,39,62,38,30" hai3="8,28,78,132,31,88,84,48,73,36,105,12,82"/><U69/><E69/><V43/><F30/><W2/><G132/><T3/><D134/><U124/><E130/><V72/><F72/><W112/><G112/><T25/><D3/><U66/><E66/><V122/><F11/><W52/><G105/><T67/><D125/><U65/><E124/><V40/><F1/><W87/><G2/><T4/><D4/><U117/><E65/><V119/><F64/><W55/><G36/><T37/><D37/><U99/><E117/><V20/><F20/><W95/><G73/><T118/><D118/><U86/><E10/><V128/><REACH who="2" step="1"/><F114/><REACH who="2" ten="270,298,130,292" step="2"/><W70/><G70/><T60/><D33/><U57/><E0/><V53/><F53/><N who="3" m="20555" /><G48/><T49/><D49/><U96/><E27/><V115/><F115/><W15/><G15/><T22/><REACH who="0" step="1"/><D63/><REACH who="0" ten="260,298,130,292" step="2"/><U29/><E99/><V16/><F16/><AGARI ba="1,2" hai="8,12,16,28,31,78,82,84,87,88,95" m="20555" machi="16" ten="30,7700,0" yaku="8,1,54,3" doraHai="135" who="3" fromWho="2" sc="260,0,298,0,130,-80,292,100" />
</Scene>
<Scene>
<INIT seed="6,0,0,1,3,91" ten="260,298,50,392" oya="2" hai0="98,85,10,13,0,80,126,57,118,16,120,50,62" hai1="6,109,78,68,3,48,86,131,72,75,94,43,26" hai2="65,119,74,82,53,20,133,59,67,125,97,46,32" hai3="90,77,4,88,1,99,96,106,36,87,30,121,92"/><V134/><F119/><W60/><G36/><T7/><D118/><U8/><E68/><V64/><F32/><W69/><G30/><T58/><D126/><U110/><E131/><V49/><F20/><W102/><G1/><T76/><D120/><U61/><E75/><V122/><F97/><N who="3" m="61775" /><G4/><T104/><D50/><U14/><E72/><V34/><F34/><W23/><G23/><T17/><D0/><U40/><E3/><V5/><F5/><W51/><G51/><T117/><D117/><U93/><E109/><V129/><F74/><W70/><G60/><T127/><D127/><U135/><E135/><N who="2" m="51723" /><F82/><N who="3" m="47567" /><G69/><T42/><D104/><U24/><E61/><N who="2" m="36079" /><F125/><W54/><G70/><T52/><D98/><N who="3" m="37417" /><G54/><N who="0" m="34103" /><D42/><N who="1" m="15915" /><E48/><V12/><F12/><W84/><G121/><T101/><D101/><U79/><E110/><V11/><F11/><W47/><G47/><T33/><D33/><U128/><E26/><V37/><F122/><W29/><G29/><T31/><D31/><U114/><E24/><V56/><F129/><W55/><G55/><T111/><D111/><U107/><E14/><V123/><F123/><W116/><G116/><T89/><D7/><U41/><E6/><V18/><F18/><W73/><G73/><T63/><D17/><U45/><E128/><V83/><F37/><W108/><G108/><T21/><D10/><U103/><E8/><V95/><F56/><W71/><G71/><T124/><D124/><U25/><E25/><V113/><F83/><W105/><G105/><T81/><D81/><U28/><E107/><V100/><F46/><W19/><G19/><T115/><D16/><RYUUKYOKU ba="0,0" sc="260,-10,298,-10,50,-10,392,30" hai3="84,88,90,92" />
</Scene>
<Scene>
<INIT seed="7,1,0,3,0,23" ten="250,288,40,422" oya="3" hai0="119,30,89,116,99,45,96,103,82,12,63,47,37" hai1="133,88,52,5,115,32,72,124,123,111,97,118,28" hai2="29,114,65,83,61,70,86,39,40,73,13,120,44" hai3="33,7,57,69,93,21,110,58,104,78,125,59,42"/><W130/><G33/><T101/><D37/><U67/><E123/><V17/><F120/><W2/><G104/><T91/><D30/><U3/><E111/><V46/><F114/><W38/><G69/><T14/><D63/><U34/><E115/><V132/><F132/><W122/><G122/><T41/><D82/><U50/><E72/><V85/><F29/><W121/><G121/><T105/><D41/><U80/><E133/><V15/><F73/><W10/><G93/><T79/><D79/><U31/><E118/><V6/><F46/><W102/><G102/><T113/><D105/><U84/><E124/><V22/><F83/><W106/><G106/><T62/><D62/><U117/><E117/><V68/><F68/><W25/><G78/><T11/><REACH who="0" step="1"/><D11/><REACH who="0" ten="240,288,40,422" step="2"/><N who="1" m="2495" /><E31/><V74/><F74/><W49/><G42/><T126/><D126/><U109/><E28/><V19/><F6/><W134/><G38/><T16/><D16/><U18/><E18/><V56/><F70/><W90/><G125/><T94/><D94/><U1/><E32/><V36/><F36/><W24/><G134/><T54/><D54/><U95/><E52/><V87/><F19/><W128/><G10/><T129/><D129/><U112/><E95/><V60/><F60/><W92/><G92/><T27/><D27/><U66/><E80/><V43/><F43/><W4/><G130/><T81/><D81/><U77/><E34/><V71/><REACH who="2" step="1"/><F71/><REACH who="2" ten="240,288,30,422" step="2"/><W55/><G128/><T48/><D48/><U51/><E50/><V76/><F76/><W75/><G49/><T8/><D8/><U98/><E51/><RYUUKYOKU ba="1,2" sc="240,15,288,-15,30,15,422,-15" hai0="12,14,45,47,89,91,96,99,101,103,113,116,119" hai2="13,15,17,22,39,40,44,56,61,65,85,86,87" owari="255,-14.0,273,7.0,45,-45.0,427,52.0" />
</Scene>
</mjloggm>