<mjloggm ver="2.3"><GO type="41"/><UN n0="%E5%A4%AA%E3%81%8F%E3%81%AA%E3%81%84%E3%81%8A" n1="%74%6F%6E%74%6F%6E" n2="%E5%88%9D%E8%8A%9D%E7%A5%9E" n3="%EF%BC%A5%EF%BC%AC%EF%BC%AD%EF%BC%AF" dan="14,13,13,15" rate="1980,1855,1936,1935" sx="M,M,M,M"/><TAIKYOKU oya="0"/>

<Scene>
<INIT seed="0,0,0,3,4,36" ten="250,250,250,250" oya="0" hai0="75,52,115,108,85,103,119,88,76,38,84,95,0" hai1="135,132,9,44,131,87,53,69,120,29,5,73,94" hai2="111,22,97,91,124,118,19,72,127,7,55,70,105" hai3="58,2,41,92,133,34,80,15,56,102,125,128,66"/><T43/><D119/><U26/><E120/><V50/><F70/><W51/><G2/><T48/><D115/><U112/><E73/><V14/><F72/><W6/><G34/><T13/><D0/><U33/><E112/><V106/><F118/><W16/><G6/><T35/><D35/><U60/><E131/><V113/><F113/><W10/><G128/><T74/><D103/><U86/><E69/><V40/><F40/><W23/><G133/><N who="1" m="51274" /><E94/><V42/><F42/><W129/><G129/><T89/><D76/><U99/><E99/><V46/><F7/><W77/><G125/><N who="2" m="48201" /><F111/><W45/><G102/><T114/><D114/><U8/><E8/><V98/><F98/><W64/><G92/><AGARI ba="0,0" hai="14,19,22,46,50,55,91,92,97,105,106" m="48201" machi="92" ten="30,1000,0" yaku="18,1" doraHai="36" who="2" fromWho="3" sc="250,0,250,0,250,10,250,-10" />
</Scene>
<Scene>
<INIT seed="1,0,0,4,2,76" ten="250,250,260,240" oya="1" hai0="30,116,6,97,110,1,9,121,112,81,99,111,109" hai1="58,32,101,59,8,127,28,120,47,91,130,133,42" hai2="119,107,11,38,96,12,78,24,92,3,125,23,19" hai3="128,87,14,132,89,57,13,102,25,10,62,83,135"/><U20/><E120/><V51/><F38/><W61/><G128/><T98/><D116/><U71/><E71/><V29/><F119/><W105/><G25/><T7/><D112/><U18/><E130/><V49/><F125/><W103/><G61/><T124/><D124/><U100/><E127/><V37/><F37/><W82/><G105/><T17/><D121/><U50/><E133/><N who="3" m="51274" /><G103/><N who="1" m="39498" /><E32/><V55/><F107/><W69/><G69/><T67/><D30/><U34/><E34/><V43/><F78/><W41/><G41/><T53/><D67/><U44/><E44/><V122/><F122/><W52/><G102/><T22/><D7/><U45/><E45/><V26/><F43/><W118/><G118/><T60/><D60/><U113/><E113/><V65/><F65/><W85/><G10/><T0/><D53/><U40/><E40/><V68/><F55/><W114/><G114/><T70/><D70/><U48/><E48/><V64/><F64/><W88/><AGARI ba="0,0" hai="13,14,52,57,62,82,83,85,87,88,89" m="51274" machi="88" ten="30,8000,1" yaku="20,1,52,2,54,2" doraHai="76" who="3" fromWho="3" sc="250,-20,250,-40,260,-20,240,80" />
</Scene>
<Scene>
<INIT seed="2,0,0,2,5,75" ten="230,210,240,320" oya="2" hai0="16,4,35,83,14,30,81,96,70,62,74,82,1" hai1="98,64,17,9,65,94,99,68,100,44,78,115,59" hai2="126,6,11,54,133,41,131,5,76,67,125,51,34" hai3="84,48,104,91,120,116,40,71,26,106,128,88,72"/><V24/><F67/><W110/><G71/><T13/><D96/><U2/><E115/><V109/><F109/><W45/><G120/><T79/><D1/><U12/><E68/><V111/><F111/><W97/><G116/><T130/><D130/><U108/><E108/><V8/><F41/><W15/><G110/><T47/><D47/><U22/><E44/><V134/><F76/><W66/><G26/><T39/><D39/><U32/><E32/><V80/><F80/><W20/><G128/><T7/><D30/><U29/><E99/><V132/><F54/><W49/><G72/><T18/><D35/><U123/><E123/><V56/><F56/><W93/><G66/><T90/><D70/><U77/><E64/><V113/><F51/><W107/><G48/><T114/><D114/><U33/><E33/><V121/><F113/><W102/><REACH who="3" step="1"/><G91/><REACH who="3" ten="230,210,240,310" step="2"/><T63/><D74/><U122/><E122/><V73/><F73/><W101/><G101/><T103/><D103/><U124/><E2/><N who="2" m="55" /><F121/><W27/><G27/><T60/><D90/><U31/><E124/><V61/><F131/><W10/><G10/><N who="0" m="6231" /><D79/><N who="1" m="30219" /><E9/><AGARI ba="0,1" hai="4,7,9,13,18,60,62,63,81,82,83" m="6231" machi="9" ten="30,2000,0" yaku="8,1,54,1" doraHai="75" who="0" fromWho="1" sc="230,30,210,-20,240,0,310,0" />
</Scene>
<Scene>
<INIT seed="3,0,0,2,3,135" ten="260,190,240,310" oya="3" hai0="46,132,89,116,82,95,14,128,117,84,85,21,129" hai1="110,94,78,72,103,35,42,43,41,55,63,126,102" hai2="4,69,113,5,115,38,68,9,39,109,7,125,127" hai3="107,51,120,79,20,87,16,10,34,22,76,29,58"/><W18/><G107/><T70/><D70/><U71/><E35/><V50/><F50/><W99/><G120/><T2/><D2/><U44/><E110/><V101/><F101/><W80/><G99/><T30/><D46/><U6/><E6/><V118/><F118/><N who="0" m="45674" /><D14/><U104/><E104/><V28/><F28/><W74/><G74/><T75/><D21/><U64/><E72/><V27/><F27/><N who="3" m="16615" /><G34/><T62/><D62/><U11/><E11/><V57/><F57/><W59/><G79/><N who="0" m="44415" /><D30/><U56/><E78/><V8/><REACH who="2" step="1"/><F7/><REACH who="2" ten="260,190,230,310" step="2"/><W90/><G51/><T15/><D132/><U134/><E134/><V53/><F53/><W32/><G32/><T106/><D106/><U130/><E103/><V112/><F112/><W124/><G59/><T119/><D119/><U26/><E26/><V100/><F100/><W48/><G58/><T65/><D129/><U67/><E130/><V73/><F73/><W96/><G48/><T3/><D128/><U108/><E55/><V40/><F40/><W60/><G60/><T33/><D33/><U121/><E42/><V92/><F92/><W91/><G76/><T12/><D95/><U13/><E94/><V86/><F86/><W0/><G87/><T37/><D84/><U49/><E43/><V66/><F66/><W24/><G80/><T93/><D65/><U47/><E67/><V36/><F36/><W77/><G77/><T88/><D37/><U122/><E56/><V23/><F23/><W105/><G22/><T19/><D85/><U31/><E63/><V1/><F1/><W45/><G0/><T131/><D131/><RYUUKYOKU ba="0,1" sc="260,-10,190,-10,230,30,310,-10" hai2="4,5,8,9,38,39,68,69,109,113,115,125,127" />
</Scene>
<Scene>
<INIT seed="4,1,1,1,5,122" ten="250,180,260,300" oya="0" hai0="25,111,104,110,109,38,47,52,19,88,60,8,63" hai1="73,115,131,125,74,127,120,102,106,45,27,31,2" hai2="48,80,41,32,124,42,37,17,15,108,28,85,16" hai3="43,46,119,100,18,112,113,7,83,114,93,55,34"/><T3/><D104/><U97/><E120/><V81/><F124/><N who="1" m="47689" /><E45/><V134/><F28/><W24/><G119/><T94/><D3/><U66/><E131/><V30/><F32/><W20/><G7/><T133/><D133/><U5/><E66/><V72/><F134/><W10/><G10/><T130/><D130/><U78/><E78/><V21/><F30/><W56/><G83/><T67/><D67/><U13/><E13/><V99/><F17/><W39/><G34/><T95/><D38/><U96/><E96/><V91/><F37/><W11/><G11/><T33/><D33/><N who="1" m="20735" /><E115/><V51/><F42/><W126/><G126/><T103/><D103/><U118/><E118/><V53/><F41/><W107/><G107/><T121/><D121/><U50/><E50/><V40/><F40/><W64/><G64/><T69/><D69/><U116/><E116/><V129/><F129/><W98/><G56/><T35/><D35/><U105/><E105/><V71/><F71/><W0/><G55/><T58/><D47/><U70/><E70/><V101/><F53/><W61/><G61/><N who="0" m="36039" /><D8/><AGARI ba="1,1" hai="2,5,8,73,74,97,102,106" m="20735,47689" machi="8" ten="30,2000,0" yaku="18,1,23,1" doraHai="122" who="1" fromWho="0" sc="250,-23,180,33,260,0,300,0" />
</Scene>
<Scene>
<INIT seed="5,0,0,0,3,123" ten="227,213,260,300" oya="1" hai0="75,127,95,118,106,102,104,34,84,4,125,12,64" hai1="129,57,30,15,135,17,5,61,21,49,82,80,101" hai2="65,59,73,3,55,131,72,107,116,133,128,19,62" hai3="96,93,77,103,26,112,38,100,88,109,28,7,92"/><U40/><E135/><V86/><F133/><W0/><G109/><T63/><D75/><U44/><E129/><N who="2" m="49739" /><F107/><W42/><G112/><T2/><D34/><U45/><E101/><V13/><F3/><W27/><G77/><T85/><D2/><U54/><E30/><V91/><F116/><W16/><G38/><T79/><D118/><U108/><E5/><V83/><F65/><W68/><G68/><T33/><D33/><U99/><E99/><V78/><F78/><W20/><G42/><T23/><D79/><U39/><REACH who="1" step="1"/><E108/><REACH who="1" ten="227,203,260,300" step="2"/><V43/><F73/><W8/><G93/><T89/><D102/><U120/><E120/><V66/><F72/><W58/><REACH who="3" step="1"/><G58/><REACH who="3" ten="227,203,260,290" step="2"/><N who="0" m="36983" /><D104/><U48/><E48/><V50/><F50/><W126/><G126/><T35/><D106/><U132/><E132/><V53/><F59/><W52/><G52/><AGARI ba="0,2" hai="15,17,21,39,40,44,45,49,52,54,57,61,80,82" machi="52" ten="30,5800,0" yaku="1,1,7,1,54,1,53,0" doraHai="123" doraHaiUra="97" who="1" fromWho="3" sc="227,0,203,78,260,0,290,-58" />
</Scene>
<Scene>
<INIT seed="5,1,0,2,0,94" ten="227,281,260,232" oya="1" hai0="17,121,14,68,79,37,86,33,23,19,109,57,131" hai1="16,91,107,30,61,42,129,80,114,8,78,88,52" hai2="28,35,95,46,92,85,104,124,12,128,100,13,115" hai3="110,74,59,7,54,105,103,133,119,5,118,72,47"/><U58/><E129/><V65/><F128/><W18/><G110/><T31/><D131/><U2/><E114/><V36/><F115/><W3/><G133/><T62/><D37/><U39/><E30/><V15/><F104/><W122/><G122/><T96/><D109/><U45/><E107/><V56/><F124/><W125/><G125/><T20/><D121/><U135/><E135/><V40/><F28/><W67/><G18/><T4/><D4/><U26/><E2/><V9/><F35/><W106/><G67/><T0/><D0/><U81/><E81/><V84/><F92/><W77/><G47/><T83/><D68/><U102/><E102/><V75/><F75/><W49/><G77/><T22/><D96/><U99/><E99/><V27/><F27/><W132/><G132/><T50/><D50/><U90/><E78/><V51/><F36/><W113/><G113/><T98/><D98/><U111/><E111/><V127/><F127/><W63/><G3/><T48/><D48/><N who="1" m="26679" /><E80/><V73/><F73/><N who="3" m="28267" /><G63/><T41/><D41/><U29/><E39/><V55/><F65/><W11/><G103/><T70/><D70/><U117/><E117/><N who="3" m="44554" /><G7/><T24/><REACH who="0" step="1"/><D19/><REACH who="0" ten="217,281,260,232" step="2"/><U43/><E43/><V134/><F134/><W123/><G123/><T53/><AGARI ba="1,1" hai="14,17,20,22,23,24,31,33,53,57,62,79,83,86" machi="53" ten="20,5200,0" yaku="1,1,2,1,0,1,7,1,53,0" doraHai="94" doraHaiUra="87" who="0" fromWho="0" sc="217,65,281,-27,260,-14,232,-14" />
</Scene>
<Scene>
<INIT seed="6,0,0,5,1,19" ten="282,254,246,218" oya="2" hai0="40,104,105,50,83,21,93,0,100,60,55,109,64" hai1="54,10,59,9,89,32,129,43,27,74,70,73,66" hai2="87,23,113,71,126,120,33,56,11,81,62,49,82" hai3="135,26,102,12,4,20,46,45,13,117,16,96,8"/><V5/><F120/><W44/><G135/><T79/><D0/><U101/><E101/><V84/><F33/><W94/><REACH who="3" step="1"/><G117/><REACH who="3" ten="282,254,246,208" step="2"/><T112/><D109/><U58/><E129/><V36/><F126/><W122/><G122/><T6/><D112/><U53/><E70/><V61/><F113/><W132/><G132/><T22/><D104/><U42/><E66/><V108/><F108/><W65/><G65/><T116/><D105/><U2/><E2/><AGARI ba="0,1" hai="2,4,8,12,13,16,20,26,44,45,46,94,96,102" machi="2" ten="40,5200,0" yaku="1,1,52,1,54,1,53,0" doraHai="19" doraHaiUra="123" who="3" fromWho="1" sc="282,0,254,-52,246,0,208,62" />
</Scene>
<Scene>
<INIT seed="7,0,0,0,5,95" ten="282,202,246,270" oya="3" hai0="125,55,58,32,26,121,102,48,92,25,127,118,20" hai1="97,31,38,28,0,88,86,73,103,15,16,75,126" hai2="43,110,114,14,91,39,100,27,40,78,133,90,6" hai3="69,84,93,2,30,37,130,24,53,83,33,96,65"/><W131/><G2/><T128/><D121/><U108/><E0/><V22/><F110/><W89/><G37/><T44/><D118/><U3/><E3/><V71/><F71/><W64/><G53/><N who="0" m="29831" /><D32/><U8/><E108/><V87/><F39/><W67/><REACH who="3" step="1"/><G69/><REACH who="3" ten="282,202,246,260" step="2"/><T29/><D127/><U47/><E126/><V74/><F133/><W132/><G132/><T120/><D55/><U105/><E73/><V70/><F70/><W82/><G82/><T50/><D125/><U98/><E75/><V122/><F122/><W81/><G81/><T79/><D120/><U5/><E38/><V11/><F114/><W99/><G99/><N who="1" m="37898" /><E105/><V134/><F134/><W115/><G115/><T54/><D54/><U9/><E103/><AGARI ba="0,1" hai="24,30,33,64,65,67,83,84,89,93,96,103,130,131" machi="103" ten="40,3900,0" yaku="1,1,52,1,53,0" doraHai="95" doraHaiUra="112" who="3" fromWho="1" sc="282,0,202,-39,246,0,260,49" owari="282,8.0,163,-34.0,246,-15.0,309,41.0" />
</Scene>
</mjloggm>