<mjloggm ver="2.3"><GO type="169" lobby="0"/><UN n0="%E3%81%91%E3%82%93%31%39%37%30" n1="%E3%81%9F%E3%81%98%E3%81%BE%E3%81%AA%E3%81%BF" n2="%E6%B0%97%E6%A5%BD%E3%81%AB%E6%89%93%E3%81%A4" n3="%E5%A4%AA%E3%81%8F%E3%81%AA%E3%81%84%E3%81%8A" dan="16,16,16,18" rate="2127.54,2162.57,2107.73,2190.33" sx="M,F,M,M"/><TAIKYOKU oya="0"/>

<Scene>
<INIT seed="0,0,0,1,1,55" ten="250,250,250,250" oya="0" hai0="34,99,105,103,127,14,58,28,33,10,27,23,40" hai1="85,4,49,102,76,96,42,54,53,65,108,16,6" hai2="22,120,80,98,32,1,115,50,70,97,90,92,121" hai3="15,62,109,12,11,43,114,61,7,46,111,3,122"/><T72/><D127/><U133/><E108/><N who="3" m="41546" /><G114/><T57/><D72/><U125/><E125/><V82/><F32/><W126/><G126/><T48/><D34/><U87/><E133/><V81/><F115/><W44/><G122/><T86/><D33/><U20/><E65/><V95/><F1/><W60/><G46/><T79/><D48/><AGARI ba="0,0" hai="3,7,11,12,15,43,44,48,60,61,62" m="41546" machi="48" ten="30,1000,0" yaku="14,1" doraHai="55" who="3" fromWho="0" sc="250,-10,250,0,250,0,250,10" />
</Scene>
<Scene>
<INIT seed="1,0,0,0,5,3" ten="240,250,250,260" oya="1" hai0="114,41,28,113,25,82,104,40,97,9,75,64,7" hai1="130,81,83,108,101,86,36,4,79,78,27,123,134" hai2="129,21,95,62,26,51,76,109,8,80,103,33,122" hai3="66,70,44,35,46,112,87,65,10,131,24,57,124"/><U39/><E123/><V128/><F122/><W98/><G112/><T91/><D64/><U1/><E130/><N who="2" m="50283" /><F109/><W63/><G131/><T88/><D41/><U121/><E121/><V23/><F62/><W102/><G124/><T12/><D40/><U20/><E134/><V132/><F132/><W93/><G66/><T111/><D111/><U52/><E101/><V89/><F103/><W127/><G127/><T17/><D104/><U45/><E108/><V0/><F51/><W72/><G72/><T50/><D91/><U96/><E96/><N who="2" m="57455" /><F33/><W11/><G70/><T34/><D50/><U15/><E1/><V90/><F90/><W126/><G126/><T106/><D106/><U16/><E39/><V115/><F115/><W42/><G87/><T58/><D58/><U31/><E36/><V73/><F26/><W69/><G69/><T105/><D105/><U2/><E2/><V100/><F100/><W117/><G46/><T59/><D59/><U92/><E92/><V54/><F54/><W107/><G107/><T47/><D47/><U6/><E52/><V55/><F55/><W118/><G35/><T94/><REACH who="0" step="1"/><D17/><REACH who="0" ten="230,250,250,260" step="2"/><U49/><E49/><V120/><F120/><W116/><G44/><T30/><D30/><U5/><E45/><V68/><F68/><W18/><G42/><T38/><D38/><U43/><E43/><V13/><F0/><W60/><G60/><T61/><D61/><U29/><E29/><V32/><F32/><W53/><G65/><T99/><D99/><U74/><E31/><V19/><AGARI ba="0,1" hai="8,13,19,21,23,73,76,80" m="57455,50283" machi="19" ten="30,1100,0" yaku="19,1" doraHai="3" who="2" fromWho="2" sc="230,-3,250,-5,250,21,260,-3" />
</Scene>
<Scene>
<INIT seed="2,0,0,2,1,29" ten="227,245,271,257" oya="2" hai0="38,78,3,13,6,50,53,32,36,116,117,134,25" hai1="41,87,92,67,64,62,93,24,12,94,108,15,76" hai2="72,79,37,101,75,10,114,46,40,118,135,19,45" hai3="39,129,60,1,43,107,83,42,33,20,111,26,90"/><V104/><F118/><W66/><G1/><T16/><D78/><U57/><E108/><V58/><F114/><W115/><G107/><T9/><D134/><U22/><E41/><V86/><F135/><W44/><G111/><T34/><D38/><U54/><E67/><V119/><F119/><N who="0" m="45642" /><D36/><U55/><E55/><V11/><F79/><W110/><G110/><T70/><D70/><U122/><E122/><V63/><F37/><W121/><G43/><T99/><D99/><U95/><E95/><V131/><F40/><W27/><G121/><T91/><D91/><U77/><E54/><V127/><F104/><W4/><G115/><T112/><D25/><U88/><E77/><V49/><F75/><W68/><G27/><T31/><D31/><U123/><E123/><V84/><F72/><W56/><G68/><T59/><D112/><U73/><E73/><V7/><F127/><W81/><G90/><T35/><D3/><U2/><E2/><V65/><F131/><W128/><G128/><T82/><D82/><N who="1" m="49271" /><E76/><V69/><F69/><W30/><G129/><T100/><D100/><U96/><E96/><V97/><F97/><W130/><G130/><T28/><D28/><AGARI ba="0,0" hai="12,15,22,24,28,57,62,64,92,93,94" m="49271" machi="28" ten="30,2000,0" yaku="8,1,54,1" doraHai="29" who="1" fromWho="0" sc="227,-20,245,20,271,0,257,0" />
</Scene>
<Scene>
<INIT seed="3,0,0,2,3,90" ten="207,265,271,257" oya="3" hai0="83,133,78,129,105,60,63,32,62,17,16,132,31" hai1="121,125,110,99,41,69,25,1,24,113,5,76,23" hai2="131,108,4,77,7,51,103,119,54,100,124,45,80" hai3="126,74,50,46,8,117,93,118,58,94,135,59,0"/><W52/><G74/><T14/><D105/><U40/><E69/><V71/><F108/><W86/><G126/><T56/><D56/><N who="3" m="21545" /><G0/><T95/><D31/><U104/><E121/><V72/><F124/><W47/><G117/><T70/><D32/><U44/><E41/><V87/><F119/><W15/><G118/><T64/><D17/><U12/><E25/><V49/><F131/><W18/><G135/><T92/><D129/><U96/><E104/><V123/><F71/><W67/><G67/><T97/><D97/><U109/><E113/><V30/><F123/><W102/><G102/><N who="2" m="38953" /><F72/><W127/><G127/><T34/><D34/><U130/><E1/><V36/><F36/><W39/><G39/><T101/><D101/><U28/><E130/><V43/><F30/><W82/><G47/><AGARI ba="0,0" hai="4,7,43,45,47,49,51,54,77,80,87" m="38953" machi="47" ten="30,1000,0" yaku="8,1" doraHai="90" who="2" fromWho="3" sc="207,0,265,0,271,10,257,-10" />
</Scene>
<Scene>
<INIT seed="4,0,0,4,3,134" ten="207,265,281,247" oya="0" hai0="83,11,76,20,90,126,59,52,133,3,72,16,62" hai1="42,24,25,60,47,17,29,18,4,110,119,37,58" hai2="5,34,35,49,31,91,87,125,94,107,79,105,23" hai3="120,113,112,2,53,121,114,115,124,78,48,104,21"/><T129/><D133/><U46/><E119/><V70/><F125/><W38/><G2/><T28/><D129/><U43/><E4/><V15/><F70/><W95/><G104/><T85/><D28/><U80/><E80/><V6/><F107/><W51/><G78/><T65/><D3/><U82/><E82/><N who="2" m="47583" /><F34/><W73/><G73/><T92/><D11/><U71/><E71/><V117/><F35/><W55/><G95/><T75/><D65/><U101/><E101/><V116/><F105/><W1/><G1/><T33/><D33/><U108/><E25/><N who="2" m="16831" /><F15/><W69/><G21/><T56/><D56/><U12/><E24/><V40/><F116/><W63/><G38/><T7/><D7/><U50/><E29/><V41/><F117/><W9/><G9/><T54/><D54/><N who="3" m="20489" /><G114/><T30/><D30/><U128/><E128/><V98/><F41/><W19/><G19/><T32/><D32/><U86/><E18/><V14/><F14/><W68/><G68/><T66/><D66/><U44/><E110/><V64/><F64/><N who="3" m="41119" /><G124/><T0/><D0/><U84/><E108/><V132/><F132/><W93/><G93/><T22/><D22/><U111/><E111/><V131/><F131/><W57/><G57/><T39/><D39/><U122/><E37/><V77/><F77/><W130/><G130/><T96/><D126/><U67/><E58/><V135/><F135/><W36/><G36/><T97/><D75/><U81/><E81/><V109/><F109/><W13/><G13/><AGARI ba="0,0" hai="13,16,20,52,59,62,72,76,83,85,90,92,96,97" machi="13" ten="30,5800,0" yaku="7,1,54,2" doraHai="134" who="0" fromWho="3" sc="207,58,265,0,281,0,247,-58" />
</Scene>
<Scene>
<INIT seed="4,1,0,1,3,17" ten="265,265,281,189" oya="0" hai0="113,81,97,55,82,86,126,79,28,36,40,2,134" hai1="6,38,59,116,31,14,68,34,48,132,127,9,123" hai2="100,85,101,42,129,77,120,45,43,16,63,37,131" hai3="8,114,53,10,58,67,121,93,78,52,84,71,110"/><T95/><D2/><U83/><E38/><V128/><F120/><W22/><G110/><T76/><D36/><U65/><E123/><V105/><F43/><W0/><G121/><T7/><D7/><U75/><E116/><V15/><F63/><N who="3" m="38391" /><G71/><T107/><D40/><U135/><E68/><V108/><F108/><W103/><G0/><T27/><D107/><U41/><E127/><V50/><F37/><W109/><G109/><T23/><D126/><U51/><E41/><V56/><F56/><W125/><G114/><T39/><D39/><U33/><E75/><V30/><F30/><W94/><G125/><T35/><D113/><U62/><E83/><N who="2" m="47343" /><F105/><W1/><G1/><T70/><D70/><U98/><E98/><V73/><F73/><W74/><G74/><T69/><D69/><U18/><E34/><V20/><AGARI ba="1,0" hai="15,16,20,42,45,50,100,101,128,129,131" m="47343" machi="20" ten="30,4000,0" yaku="19,1,52,1,54,1" doraHai="17" who="2" fromWho="2" sc="265,-21,265,-11,281,43,189,-11" />
</Scene>
<Scene>
<INIT seed="5,0,0,1,1,111" ten="244,254,324,178" oya="1" hai0="32,68,69,3,83,94,129,56,36,87,118,42,11" hai1="125,51,34,92,135,98,64,17,131,44,6,74,54" hai2="132,73,123,7,27,114,101,95,104,8,2,112,70" hai3="108,126,10,120,20,13,128,33,16,90,130,18,76"/><U97/><E74/><V60/><F123/><W91/><G76/><T31/><D118/><U26/><E125/><V99/><F132/><W39/><G39/><T109/><D109/><U106/><E135/><V80/><F95/><W86/><G108/><T124/><D94/><U100/><E6/><V29/><F73/><W110/><G110/><T57/><D57/><U62/><E131/><N who="3" m="50218" /><G120/><T24/><D124/><U113/><E34/><N who="2" m="20799" /><F80/><W4/><G33/><T119/><D119/><U22/><E97/><V82/><F82/><N who="3" m="49495" /><G126/><T65/><D32/><U21/><E21/><V133/><F133/><W48/><G91/><T49/><D83/><U66/><E106/><V117/><F117/><W127/><G127/><T61/><D87/><U77/><E77/><V53/><F53/><W5/><G48/><T0/><D49/><U72/><E72/><V79/><F79/><W55/><G55/><T12/><D36/><U14/><E64/><AGARI ba="0,0" hai="2,7,8,60,64,70,99,101,104,112,114" m="20799" machi="64" ten="30,7700,0" yaku="25,1,23,1,52,2" doraHai="111" who="2" fromWho="1" sc="244,0,254,-77,324,77,178,0" />
</Scene>
<Scene>
<INIT seed="6,0,0,0,0,25" ten="244,177,401,178" oya="2" hai0="45,94,63,72,128,48,123,112,68,75,0,90,84" hai1="21,96,67,87,38,57,98,81,17,99,44,62,23" hai2="46,19,105,118,31,11,132,124,79,12,43,85,126" hai3="49,108,32,117,111,106,58,61,34,95,109,120,42"/><V26/><F118/><W35/><G106/><T2/><D123/><U102/><E38/><V115/><F105/><W56/><G117/><T76/><D75/><U91/><E44/><V40/><F115/><W41/><G120/><T127/><D112/><U28/><E28/><V78/><F132/><W37/><G37/><T133/><D133/><U82/><E82/><N who="2" m="47319" /><F79/><W100/><G49/><T77/><D77/><U3/><E3/><V47/><F47/><W135/><G135/><T121/><D2/><U65/><E23/><N who="2" m="15839" /><F46/><W92/><G100/><T59/><D0/><U83/><E83/><V125/><AGARI ba="0,0" hai="11,12,19,40,43,124,125,126" m="15839,47319" machi="125" ten="30,3000,0" yaku="18,1,52,1" doraHai="25" who="2" fromWho="2" sc="244,-10,177,-10,401,30,178,-10" />
</Scene>
<Scene>
<INIT seed="6,1,0,5,2,56" ten="234,167,431,168" oya="2" hai0="51,92,23,134,114,35,58,11,3,113,122,19,85" hai1="84,8,41,42,62,40,94,14,68,52,57,90,130" hai2="54,70,106,99,73,129,36,63,102,109,75,21,25" hai3="59,133,5,95,17,6,67,78,74,86,71,98,30"/><V101/><F129/><W103/><G133/><T135/><D85/><U123/><E130/><V46/><F109/><W65/><G74/><T50/><D92/><U81/><E123/><V121/><F121/><W37/><G37/><T2/><D122/><U28/><E28/><V12/><F102/><W7/><G71/><T49/><D35/><U27/><E27/><V127/><F12/><W26/><G17/><T131/><D131/><U32/><E32/><V34/><F127/><W79/><G86/><T29/><D29/><U83/><REACH who="1" step="1"/><E68/><REACH who="1" ten="234,157,431,168" step="2"/><V13/><F70/><W0/><G0/><T107/><D3/><U132/><E132/><V110/><F25/><W60/><REACH who="3" step="1"/><G67/><REACH who="3" ten="234,157,431,158" step="2"/><T4/><D135/><U10/><E10/><V15/><F110/><W120/><G120/><T91/><D134/><U93/><E93/><V115/><F115/><W105/><G105/><T53/><D107/><U66/><E66/><V39/><F106/><W116/><G116/><T89/><D114/><U44/><E44/><V128/><F46/><W48/><G48/><T100/><D113/><U45/><E45/><V38/><F38/><W33/><AGARI ba="1,2" hai="5,6,7,26,30,33,59,60,65,78,79,95,98,103" machi="33" ten="30,12000,2" yaku="1,1,0,1,52,1,53,3" doraHai="56" doraHaiUra="1" who="3" fromWho="3" sc="234,-31,157,-31,431,-61,158,143" />
</Scene>
<Scene>
<INIT seed="7,0,0,3,5,27" ten="203,126,370,301" oya="3" hai0="124,94,26,117,35,134,32,65,86,131,11,85,102" hai1="41,59,22,52,31,133,54,118,106,23,1,24,45" hai2="132,49,130,104,96,15,119,29,36,112,74,71,5" hai3="116,87,47,61,126,57,3,113,115,114,33,82,13"/><W79/><G116/><T64/><D117/><U48/><E1/><V70/><F119/><W127/><G3/><T9/><D26/><U68/><E118/><V89/><F112/><W17/><G47/><T19/><D19/><U43/><E106/><V28/><F36/><W105/><G105/><T8/><D102/><U81/><E68/><V40/><F132/><W37/><G37/><T39/><D39/><U92/><E133/><V0/><F130/><W30/><G33/><T62/><D134/><U77/><E92/><V69/><F0/><W66/><REACH who="3" step="1"/><G30/><REACH who="3" ten="203,126,370,291" step="2"/><T97/><D131/><U99/><E99/><V38/><F38/><W120/><G120/><T76/><D32/><U84/><E22/><AGARI ba="0,1" hai="13,17,22,57,61,66,79,82,87,113,114,115,126,127" machi="22" ten="40,7700,0" yaku="1,1,15,1,53,1" doraHai="27" doraHaiUra="16" who="3" fromWho="1" sc="203,0,126,-77,370,0,291,87" owari="203,-20.0,49,-45.0,370,17.0,378,48.0" />
</Scene>
</mjloggm>