<mjloggm ver="2.3"><GO type="97"/><UN n0="%E3%82%84%E3%81%8D%E3%81%AB%E3%81%8F" n1="%E5%AE%85%E9%85%8D%E3%82%B3%E3%82%AE%E3%83%A3%E3%83%AB%EF%BC%99" n2="%42%4F%55%4E%53%E7%A2%BA%E5%AE%9A" n3="%E5%A4%AA%E3%81%8F%E3%81%AA%E3%81%84%E3%81%8A" dan="13,13,15,15" rate="1845,1850,2044,2048" sx="M,M,M,M"/><TAIKYOKU oya="0"/>

<Scene>
<INIT seed="0,0,0,1,4,133" ten="250,250,250,250" oya="0" hai0="73,59,90,108,64,67,119,69,50,95,14,115,98" hai1="66,110,92,56,10,27,12,79,124,113,61,7,126" hai2="100,65,77,116,86,72,26,16,35,117,45,131,36" hai3="89,91,85,94,15,53,18,40,55,70,134,132,52"/><T104/><D73/><U46/><E110/><V57/><F72/><W23/><G70/><T62/><D119/><U60/><E113/><V9/><F100/><W88/><G40/><T101/><D115/><U87/><E46/><V118/><F131/><W102/><G102/><T41/><D108/><U83/><E27/><V71/><F71/><W103/><G103/><T4/><D69/><U93/><E61/><V107/><F107/><W24/><G24/><T47/><D104/><U37/><E37/><V78/><F45/><W123/><G123/><T39/><D101/><U2/><E2/><V129/><F36/><W135/><AGARI ba="0,0" hai="15,18,23,52,53,55,85,88,89,91,94,132,134,135" machi="135" ten="40,8000,1" yaku="0,1,20,1,54,2" doraHai="133" who="3" fromWho="3" sc="250,-40,250,-20,250,-20,250,80" />
</Scene>
<Scene>
<INIT seed="1,0,0,0,1,95" ten="210,230,230,330" oya="1" hai0="14,104,25,54,122,118,35,126,74,27,23,68,69" hai1="102,28,89,103,64,58,50,117,73,10,129,22,33" hai2="39,133,59,15,21,134,2,38,96,42,8,85,24" hai3="29,60,63,82,44,11,31,13,77,1,115,78,75"/><U52/><E117/><V100/><F2/><W124/><G115/><T56/><D74/><U116/><E116/><V121/><F121/><W12/><G1/><T40/><D118/><U79/><E33/><V105/><F85/><W49/><G124/><T71/><D35/><U97/><E129/><V87/><F87/><W46/><G75/><T88/><D40/><U128/><E128/><V80/><F80/><W86/><G77/><T67/><D67/><U120/><E120/><V37/><F59/><W109/><G109/><T18/><D122/><U83/><E10/><V36/><N who="2" m="9216" /><DORA hai="107" /><V127/><F127/><W9/><G9/><T132/><D104/><U111/><E111/><V66/><F66/><W65/><G13/><T61/><D126/><U4/><E4/><V81/><F81/><W94/><G94/><T114/><D114/><U51/><E64/><V48/><F42/><N who="3" m="24727" /><G46/><T17/><D132/><U32/><E32/><V113/><F48/><W41/><G41/><T125/><D125/><U101/><E50/><V47/><F47/><W131/><G131/><T84/><REACH who="0" step="1"/><D18/><REACH who="0" ten="200,230,230,330" step="2"/><U91/><REACH who="1" step="1"/><E97/><REACH who="1" ten="200,220,230,330" step="2"/><V6/><REACH who="2" step="1"/><F113/><REACH who="2" ten="200,220,220,330" step="2"/><W34/><G65/><T19/><D19/><AGARI ba="0,3" hai="6,8,15,19,21,24,96,100,105,133,134" m="9216" machi="19" ten="70,8000,1" yaku="1,1,2,1,52,1,53,0" doraHai="95,107" doraHaiUra="72,30" who="2" fromWho="0" sc="200,-80,220,0,220,110,330,0" />
</Scene>
<Scene>
<INIT seed="2,0,0,3,4,49" ten="120,220,330,330" oya="2" hai0="85,96,4,109,83,33,90,135,117,119,73,41,5" hai1="70,76,35,132,95,101,13,97,118,19,114,104,37" hai2="127,89,14,115,77,15,110,45,42,2,20,11,112" hai3="50,21,56,86,40,71,30,98,105,26,72,91,66"/><V92/><F2/><W53/><G72/><T52/><D33/><U46/><E35/><V39/><F77/><W130/><G130/><T0/><D41/><U18/><E114/><V60/><F127/><W103/><G40/><T44/><D0/><U24/><E118/><N who="0" m="45065" /><D135/><U88/><E70/><V102/><F102/><W134/><G134/><T62/><D109/><U131/><E132/><V67/><F110/><W29/><G71/><T27/><D27/><U54/><E76/><V36/><F20/><W107/><G66/><T6/><D96/><U12/><E131/><V61/><F36/><W82/><G30/><T68/><D68/><U111/><E111/><V57/><F61/><W81/><G81/><T28/><D28/><U128/><E128/><V38/><F38/><W106/><AGARI ba="0,0" hai="21,26,29,50,53,56,82,86,91,98,103,105,106,107" machi="106" ten="20,2700,0" yaku="0,1,7,1,52,1" doraHai="49" who="3" fromWho="3" sc="120,-7,220,-7,330,-13,330,27" />
</Scene>
<Scene>
<INIT seed="3,0,0,0,0,128" ten="113,213,317,357" oya="3" hai0="6,124,112,39,55,96,82,17,92,43,123,74,105" hai1="15,121,107,94,71,22,46,59,75,122,45,84,119" hai2="33,2,78,9,133,97,32,57,49,135,115,56,87" hai3="13,66,89,11,8,40,54,28,129,62,51,113,69"/><W93/><G113/><T67/><D6/><U80/><E107/><V41/><F115/><W111/><G129/><T102/><D67/><U100/><E71/><V98/><F2/><W68/><G111/><T35/><D35/><N who="2" m="13386" /><F9/><W29/><G40/><T117/><D55/><U134/><E75/><V47/><F78/><W110/><G69/><T18/><D17/><U25/><E134/><N who="2" m="51211" /><F87/><W27/><G110/><T26/><D18/><U12/><E119/><V61/><F57/><W21/><G29/><T109/><D26/><U4/><E59/><V114/><F114/><W38/><G38/><T65/><D43/><U50/><E121/><V79/><F79/><W81/><G81/><T3/><D65/><AGARI ba="0,0" hai="41,47,49,56,61,65,97,98" m="51211,13386" machi="65" ten="30,7700,0" yaku="20,1,52,3" doraHai="128" who="2" fromWho="0" sc="113,-77,213,0,317,77,357,0" owari="36,-46.0,213,-19.0,394,49.0,357,16.0" />
</Scene>
</mjloggm>