<mjloggm ver="2.3"><GO type="41"/><UN n0="%48%49%47%41%4E" n1="%E5%A4%AA%E3%81%8F%E3%81%AA%E3%81%84%E3%81%8A" n2="%44%69%72%74%79%41%54%4D" n3="%E9%81%93%E6%88%90" dan="13,15,14,13" rate="1831,2051,1923,1896" sx="M,M,M,M"/><TAIKYOKU oya="0"/>

<Scene>
<INIT seed="0,0,0,0,1,124" ten="250,250,250,250" oya="0" hai0="126,91,40,1,101,61,22,105,46,82,62,83,12" hai1="99,55,56,47,57,95,118,9,97,86,48,30,133" hai2="36,51,100,5,20,70,93,31,28,35,119,0,3" hai3="92,58,106,85,27,4,79,14,41,134,78,77,108"/><T125/><D1/><U7/><E118/><V26/><F70/><W103/><G106/><T81/><D105/><U123/><E123/><V24/><F36/><W21/><G134/><T10/><D22/><U50/><E133/><V18/><F119/><W96/><G108/><T129/><D101/><U23/><E86/><V44/><F93/><W112/><G112/><T110/><D110/><U63/><E30/><V19/><F100/><W49/><G58/><T39/><D91/><U69/><E69/><V107/><F107/><W90/><G14/><T120/><D120/><U117/><E117/><V11/><F0/><W114/><G114/><T38/><D38/><U60/><E23/><V64/><F64/><W127/><G4/><T115/><D115/><U128/><E47/><V132/><F132/><W53/><G127/><N who="0" m="48651" /><D129/><U67/><E128/><V33/><REACH who="2" step="1"/><F20/><REACH who="2" ten="250,250,240,250" step="2"/><W122/><G122/><T80/><D80/><U54/><E67/><V2/><F2/><W73/><G73/><T65/><D65/><U29/><E95/><V113/><F113/><W13/><G103/><T34/><D34/><U59/><E63/><V94/><F94/><W104/><G104/><T84/><D62/><U109/><E60/><V88/><F88/><W37/><G37/><T74/><D61/><U16/><E109/><V121/><F121/><W43/><G92/><T6/><D74/><U15/><E99/><V87/><F87/><W111/><G96/><T76/><AGARI ba="0,1" hai="6,10,12,39,40,46,76,81,82,83,84" m="48651" machi="76" ten="30,1500,0" yaku="18,1" doraHai="124" who="0" fromWho="0" sc="250,25,250,-5,240,-5,250,-5" />
</Scene>
<Scene>
<INIT seed="0,1,0,0,1,29" ten="275,245,235,245" oya="0" hai0="131,135,77,17,27,99,22,58,59,42,115,69,119" hai1="8,57,91,15,102,56,28,43,81,70,36,47,1" hai2="89,114,21,118,31,53,123,45,121,20,16,63,94" hai3="106,97,11,92,130,133,32,0,72,6,93,78,19"/><T95/><D119/><U84/><E70/><V132/><F114/><W85/><G130/><T112/><D131/><U129/><E129/><V64/><F118/><W3/><G133/><T66/><D135/><U103/><E1/><V116/><F116/><W38/><G38/><T65/><D77/><U87/><E28/><V5/><F5/><W120/><G120/><T10/><D42/><U25/><E25/><V23/><F132/><W51/><G106/><T90/><D115/><U76/><E56/><N who="0" m="21545" /><D112/><U60/><E87/><V73/><F73/><W39/><G39/><T13/><D69/><U101/><E91/><V110/><F110/><W7/><G72/><T46/><D46/><U2/><E2/><V55/><F123/><W122/><G122/><T12/><D12/><U127/><E127/><V4/><F121/><W125/><G125/><T18/><AGARI ba="1,0" hai="10,13,17,18,22,27,65,66,90,95,99" m="21545" machi="18" ten="30,1500,0" yaku="8,1" doraHai="29" who="0" fromWho="0" sc="275,18,245,-6,235,-6,245,-6" />
</Scene>
<Scene>
<INIT seed="0,2,0,3,2,16" ten="293,239,229,239" oya="0" hai0="64,135,117,108,33,52,93,31,134,35,77,49,90" hai1="122,111,46,107,75,20,1,37,21,109,22,118,61" hai2="14,112,66,106,119,32,76,13,41,78,54,24,0" hai3="105,67,28,95,63,102,62,88,92,47,70,53,19"/><T15/><D117/><U18/><E75/><V99/><F0/><W38/><G28/><T11/><D108/><N who="1" m="41547" /><E118/><V85/><F119/><W123/><G123/><T131/><D77/><U128/><E122/><V133/><F112/><W115/><G115/><T48/><D64/><U114/><E114/><V6/><F66/><W9/><G105/><T4/><D31/><U80/><E1/><V82/><F41/><W79/><G79/><T7/><D131/><U65/><E107/><V72/><F133/><N who="0" m="50698" /><D4/><U8/><E128/><V104/><F6/><W26/><G102/><T68/><D68/><N who="1" m="42031" /><E80/><V5/><F106/><W116/><G116/><T126/><D126/><U44/><E37/><V84/><F5/><W50/><G38/><T97/><D48/><U91/><E91/><V86/><F72/><W110/><G110/><T101/><D90/><U56/><E56/><AGARI ba="2,0" hai="7,11,15,33,35,49,52,56,93,97,101" m="50698" machi="56" ten="30,2900,0" yaku="20,1,54,1" doraHai="16" who="0" fromWho="1" sc="293,35,239,-35,229,0,239,0" />
</Scene>
<Scene>
<INIT seed="0,3,0,2,2,36" ten="328,204,229,239" oya="0" hai0="33,0,127,50,101,120,16,128,28,133,82,88,77" hai1="18,48,83,107,89,67,37,15,134,13,8,63,58" hai2="56,99,6,10,95,110,19,46,65,109,73,131,85" hai3="9,7,29,111,4,68,1,87,129,42,105,30,97"/><T118/><D101/><U98/><E134/><V59/><F73/><W54/><G68/><T121/><D118/><U132/><E132/><V45/><F131/><W135/><G135/><T40/><D133/><U113/><E113/><V24/><F85/><W103/><G7/><T116/><D116/><U26/><E37/><V125/><F125/><W106/><G129/><T11/><D127/><U124/><E124/><V92/><F24/><W17/><G106/><T39/><D128/><U38/><E38/><V96/><F19/><W32/><G32/><T47/><D50/><U31/><E107/><V61/><F6/><W81/><G111/><T62/><D62/><U117/><E117/><V69/><F61/><W80/><G80/><T74/><D88/><U49/><E13/><V112/><F10/><W119/><G119/><T41/><D41/><U123/><E123/><V35/><F35/><W60/><G17/><T25/><REACH who="0" step="1"/><D16/><REACH who="0" ten="318,204,229,239" step="2"/><U78/><E89/><V22/><F112/><W104/><G42/><T12/><D12/><U115/><E115/><V43/><F43/><W100/><G100/><T34/><D34/><U102/><E102/><V51/><F51/><W70/><G104/><T5/><AGARI ba="3,1" hai="0,5,11,25,28,33,39,40,47,74,77,82,120,121" machi="5" ten="30,24000,3" yaku="1,1,0,1,25,2,23,2,52,1,53,1" doraHai="36" doraHaiUra="79" who="0" fromWho="0" sc="318,259,204,-83,229,-83,239,-83" />
</Scene>
<Scene>
<INIT seed="0,4,0,5,2,56" ten="577,121,146,156" oya="0" hai0="105,65,93,39,130,41,23,123,51,63,125,34,88" hai1="49,129,24,47,12,72,116,79,112,3,81,7,14" hai2="117,115,104,85,108,103,70,92,10,82,59,5,134" hai3="42,95,35,128,67,46,110,74,0,11,84,53,15"/><T48/><D123/><U90/><E116/><V133/><F115/><W19/><G74/><T114/><D114/><U16/><E112/><V6/><F70/><W80/><G35/><T96/><D125/><U78/><E78/><V119/><F108/><W52/><G110/><T91/><D130/><U87/><E129/><V68/><F68/><W89/><G128/><T86/><D105/><U120/><E120/><V76/><F59/><W27/><G0/><T9/><D34/><U69/><E69/><V4/><F104/><W131/><G131/><T8/><D23/><U118/><E118/><N who="2" m="45067" /><F10/><N who="0" m="4202" /><D39/><U26/><E3/><V83/><F83/><W45/><G45/><N who="0" m="25647" /><D51/><U106/><E106/><V29/><F29/><W64/><G27/><T43/><D43/><U18/><E26/><V127/><F127/><W71/><G71/><T121/><D121/><U135/><E24/><V61/><F103/><W126/><G126/><T66/><D63/><U54/><E7/><V62/><F92/><AGARI ba="4,0" hai="65,66,86,88,91,92,93,96" m="25647,4202" machi="92" ten="30,2900,0" yaku="8,1,54,1" doraHai="56" who="0" fromWho="2" sc="577,41,121,0,146,-41,156,0" />
</Scene>
<Scene>
<INIT seed="0,5,0,1,2,79" ten="618,121,105,156" oya="0" hai0="70,57,125,92,32,34,52,86,46,58,10,93,1" hai1="61,48,29,112,132,47,94,73,64,131,107,21,99" hai2="134,35,45,123,60,25,0,13,117,6,82,7,95" hai3="98,53,129,85,105,111,88,44,97,54,66,114,128"/><T42/><D70/><U24/><E73/><V38/><F123/><W108/><G114/><T51/><D125/><U37/><E112/><V55/><F117/><W135/><G66/><T118/><D118/><U103/><E131/><N who="3" m="50250" /><G135/><T40/><D32/><U19/><E132/><V124/><F124/><W121/><G121/><T87/><D34/><U77/><E37/><V68/><F134/><W120/><G120/><T106/><D106/><U20/><E77/><V3/><F35/><W84/><G84/><N who="0" m="32299" /><D1/><U102/><E102/><V122/><F0/><W14/><G14/><T49/><D10/><U8/><E8/><V71/><F13/><W63/><G63/><T76/><D76/><U90/><E90/><V41/><F3/><W62/><G62/><T133/><D133/><U5/><E5/><V69/><F60/><W113/><G113/><T9/><D9/><U22/><E107/><V17/><F122/><W2/><G2/><T39/><D39/><U109/><E19/><V116/><F116/><W72/><G72/><T15/><D15/><U16/><E16/><V11/><F38/><W23/><G23/><T43/><D58/><U104/><E104/><V33/><F11/><W96/><G105/><T119/><D119/><U100/><E21/><V28/><F33/><W110/><G44/><T4/><D4/><U115/><E22/><V27/><F6/><W18/><G18/><T65/><D65/><U59/><E115/><V130/><F69/><W30/><G30/><T80/><D80/><AGARI ba="5,0" hai="53,54,80,85,88,96,97,98,108,110,111" m="50250" machi="80" ten="40,8000,1" yaku="14,1,19,1,52,1,54,1" doraHai="79" who="3" fromWho="0" sc="618,-95,121,0,105,0,156,95" />
</Scene>
<Scene>
<INIT seed="1,0,0,3,4,54" ten="523,121,105,251" oya="1" hai0="19,44,93,127,36,101,58,99,111,3,135,21,47" hai1="53,27,119,82,131,72,1,57,46,4,75,73,90" hai2="20,43,42,28,61,83,39,96,102,11,125,24,117" hai3="132,104,124,77,64,26,79,95,56,84,115,88,65"/><U74/><E119/><V68/><F117/><W106/><G115/><T60/><D111/><U98/><E131/><V52/><F125/><W86/><G124/><T48/><D127/><U32/><E1/><V100/><F68/><W59/><G132/><T105/><D135/><U112/><E112/><V110/><F39/><W63/><G106/><T109/><D109/><U16/><E4/><V10/><F110/><W12/><G104/><T51/><D3/><U41/><E98/><V69/><F83/><W71/><G71/><T129/><D129/><U123/><E123/><V91/><F69/><W94/><G26/><T18/><D105/><U13/><E32/><V121/><F121/><W31/><G12/><T34/><D34/><U113/><E113/><V67/><F67/><W40/><G40/><N who="2" m="15401" /><F91/><N who="3" m="53607" /><G31/><T80/><D80/><U5/><E5/><V55/><F55/><W38/><G38/><T25/><D36/><U29/><E41/><V66/><F66/><W6/><G6/><T85/><D85/><N who="1" m="50487" /><E75/><V133/><F133/><W97/><G97/><T87/><D87/><U108/><E108/><V50/><F61/><AGARI ba="0,0" hai="56,59,61,63,64,65,77,79,86,88,95" m="53607" machi="61" ten="30,7700,0" yaku="8,1,52,2,54,1" doraHai="54" who="3" fromWho="2" sc="523,0,121,0,105,-77,251,77" />
</Scene>
<Scene>
<INIT seed="2,0,0,1,0,106" ten="523,121,28,328" oya="2" hai0="82,25,33,117,32,123,67,89,31,41,47,20,43" hai1="99,108,9,1,130,11,72,77,121,68,101,23,4" hai2="15,122,102,96,92,5,7,19,95,58,78,2,46" hai3="105,61,59,38,85,118,22,134,62,54,114,86,53"/><V120/><F78/><W40/><G105/><T66/><D117/><U42/><E68/><V81/><F2/><W93/><G118/><T128/><D123/><U133/><E121/><V83/><F122/><W36/><G134/><T17/><D128/><U76/><E133/><V18/><F120/><W113/><G22/><T84/><D33/><U100/><E130/><V51/><F19/><W57/><G93/><T103/><D103/><U44/><E108/><V119/><F58/><W127/><G40/><T104/><D104/><U14/><E23/><V79/><F119/><W115/><G115/><T129/><D129/><U131/><E131/><V50/><F51/><W112/><G86/><T16/><D41/><U49/><E99/><V52/><F92/><W8/><G8/><T48/><D32/><U6/><REACH who="1" step="1"/><E77/><REACH who="1" ten="523,111,28,328" step="2"/><V27/><F27/><W24/><G127/><T45/><D25/><U111/><E111/><V65/><F65/><W70/><G70/><T74/><D20/><U63/><E63/><V110/><F110/><W37/><G24/><T55/><D67/><U29/><E29/><V64/><F64/><W107/><G107/><T60/><D31/><U56/><E56/><N who="3" m="21578" /><G85/><T39/><D60/><AGARI ba="0,1" hai="36,37,38,53,54,60,61,62,112,113,114" m="21578" machi="60" ten="40,8000,1" yaku="28,2,11,1,34,2" doraHai="106" who="3" fromWho="0" sc="523,-80,111,0,28,0,328,90" />
</Scene>
<Scene>
<INIT seed="3,0,0,5,5,84" ten="443,111,28,418" oya="3" hai0="75,112,97,45,28,122,35,17,0,32,52,10,83" hai1="14,123,38,104,77,116,33,62,111,15,40,2,50" hai2="23,18,7,5,11,95,88,85,72,91,9,29,90" hai3="41,105,102,60,120,109,51,70,135,64,92,107,78"/><W134/><G120/><T36/><D112/><U127/><E123/><V4/><F72/><W129/><G78/><T13/><D122/><U101/><E2/><V87/><F29/><W126/><G129/><T130/><D0/><U89/><E33/><V100/><F100/><W125/><G41/><T113/><D130/><U57/><E77/><V79/><F79/><W8/><G8/><N who="2" m="3145" /><F95/><W42/><G42/><T132/><D113/><U93/><E38/><V44/><F44/><W20/><G51/><T34/><D132/><N who="3" m="50729" /><G20/><T131/><D131/><U12/><E116/><V71/><F71/><W98/><G109/><T96/><D28/><U67/><E111/><V27/><AGARI ba="0,0" hai="4,5,7,18,23,27,85,87,88,90,91" m="3145" machi="27" ten="40,8000,1" yaku="8,1,52,3,54,1" doraHai="84" who="2" fromWho="2" sc="443,-20,111,-20,28,80,418,-40" />
</Scene>
<Scene>
<INIT seed="4,0,0,5,2,83" ten="423,91,108,378" oya="0" hai0="16,117,40,131,119,134,110,85,104,11,130,46,100" hai1="135,97,8,103,121,3,42,55,2,35,14,106,74" hai2="7,70,34,44,63,19,89,54,43,61,118,9,78" hai3="25,51,108,36,10,114,95,62,6,80,102,22,82"/><T96/><D11/><U32/><E121/><V15/><F34/><W133/><G36/><T116/><D40/><U90/><E74/><V79/><F118/><W64/><G108/><T128/><D46/><U13/><E135/><V58/><F63/><W99/><G133/><T105/><D134/><U91/><E42/><V18/><F70/><W98/><G98/><T127/><D16/><N who="2" m="6186" /><F43/><W87/><G114/><T48/><D48/><U94/><E35/><V17/><N who="2" m="6194" /><V77/><DORA hai="21" /><F44/><W53/><G80/><T71/><D71/><U45/><E32/><V109/><F109/><W0/><G22/><T73/><D110/><U60/><E45/><V120/><F120/><W37/><G37/><T38/><D38/><U126/><E3/><V47/><F47/><W113/><G113/><T107/><D127/><U76/><E2/><V112/><F112/><W52/><G51/><T26/><D26/><U122/><E126/><V92/><F77/><W81/><G25/><T57/><D57/><U132/><E76/><V111/><F111/><W65/><G81/><T129/><N who="0" m="33280" /><DORA hai="1" /><T101/><D73/><U88/><E122/><V123/><F123/><W50/><G50/><T68/><D68/><U24/><E24/><V93/><F93/><W41/><G41/><T12/><D12/><U124/><E124/><V67/><F67/><W69/><REACH who="3" step="1"/><G65/><REACH who="3" ten="423,91,108,368" step="2"/><T86/><D96/><AGARI ba="0,1" hai="7,9,15,54,58,61,78,79,89,92,96" m="6194" machi="96" ten="30,3900,0" yaku="8,1,52,1,54,1" doraHai="83,21,1" who="2" fromWho="0" sc="423,-39,91,0,108,49,368,0" />
</Scene>
<Scene>
<INIT seed="5,0,0,1,2,37" ten="384,91,157,368" oya="1" hai0="78,87,13,67,100,92,5,121,95,77,89,130,97" hai1="112,28,16,58,125,131,68,70,80,79,132,75,114" hai2="46,81,101,73,82,72,111,135,9,93,122,64,54" hai3="29,50,49,62,88,57,113,53,134,52,32,45,44"/><U124/><E28/><V11/><F122/><W110/><G110/><T40/><D121/><U42/><E132/><V59/><F111/><W84/><G134/><T41/><D130/><U117/><E117/><V126/><F135/><W25/><G113/><N who="1" m="43626" /><E131/><V33/><F126/><N who="1" m="48745" /><E58/><V22/><F33/><W35/><G62/><T12/><D67/><U90/><E90/><V36/><F36/><W43/><G43/><N who="0" m="16459" /><D5/><U8/><E42/><V128/><F128/><W56/><G35/><T55/><D55/><U102/><E102/><V15/><F101/><W74/><G74/><T51/><D51/><U31/><E31/><V38/><F72/><W85/><G85/><T86/><D86/><U109/><E109/><V123/><F73/><W61/><G61/><T7/><D7/><U21/><E8/><V99/><F123/><W103/><G103/><T0/><D0/><U106/><E106/><V66/><F9/><W96/><G96/><T39/><D39/><U1/><E1/><V27/><F99/><W69/><G69/><T18/><D12/><AGARI ba="0,0" hai="12,16,21,68,70,75,79,80" m="48745,43626" machi="12" ten="30,5800,0" yaku="15,1,18,1,54,1" doraHai="37" who="1" fromWho="0" sc="384,-58,91,58,157,0,368,0" />
</Scene>
<Scene>
<INIT seed="5,1,0,0,1,9" ten="326,149,157,368" oya="1" hai0="127,129,85,113,70,25,123,72,119,121,19,75,11" hai1="71,28,86,128,76,82,32,44,4,63,95,24,88" hai2="8,39,56,48,108,103,3,35,31,58,27,87,15" hai3="77,134,91,41,42,73,97,101,104,66,0,100,29"/><U18/><E128/><V92/><F39/><W36/><G134/><T60/><D119/><U116/><E116/><V21/><F3/><W79/><G0/><T20/><D11/><U49/><E4/><V34/><F108/><W130/><G130/><T16/><D129/><U102/><E102/><V26/><F58/><W10/><G101/><T125/><D85/><U124/><E124/><N who="0" m="47689" /><D60/><U89/><E18/><N who="0" m="6697" /><D70/><U106/><E106/><V2/><F2/><W98/><G98/><T54/><D54/><U61/><E71/><V13/><F87/><W135/><G135/><T132/><D132/><U117/><E117/><V115/><F115/><W65/><G10/><T78/><D78/><U64/><E64/><V14/><F103/><W45/><G77/><T69/><D69/><U55/><REACH who="1" step="1"/><E89/><REACH who="1" ten="326,139,157,368" step="2"/><V33/><F31/><W53/><G91/><T51/><D113/><U118/><E118/><V81/><F35/><W67/><G29/><N who="0" m="17575" /><D51/><U22/><E22/><V133/><F34/><W110/><G67/><T90/><D90/><U84/><AGARI ba="1,1" hai="24,28,32,44,49,55,61,63,76,82,84,86,88,95" machi="84" ten="20,12000,1" yaku="1,1,0,1,7,1,54,1,53,1" doraHai="9" doraHaiUra="74" who="1" fromWho="1" sc="326,-41,139,133,157,-41,368,-41" />
</Scene>
<Scene>
<INIT seed="5,2,0,1,4,133" ten="285,272,116,327" oya="1" hai0="129,102,89,134,52,63,48,0,30,12,100,119,1" hai1="113,51,101,16,31,111,47,90,43,61,91,14,94" hai2="32,74,98,70,76,46,93,71,121,29,65,28,10" hai3="120,25,83,55,58,106,116,42,123,130,118,38,112"/><U85/><E113/><V72/><F121/><N who="3" m="46667" /><G106/><T80/><D134/><U125/><E111/><V60/><F71/><W18/><G83/><T67/><D119/><N who="3" m="45609" /><G112/><T99/><D129/><U126/><E31/><V5/><F29/><W57/><G130/><T24/><D1/><U104/><E61/><V19/><F76/><W41/><G38/><T37/><D0/><U79/><E79/><V45/><F19/><W122/><N who="3" m="46675" /><W92/><DORA hai="40" /><G92/><T131/><D131/><U132/><E132/><V34/><F72/><W86/><G86/><T73/><D37/><U87/><E101/><V23/><F74/><W110/><G110/><T59/><D73/><U11/><REACH who="1" step="1"/><E104/><REACH who="1" ten="285,262,116,327" step="2"/><V115/><F115/><W15/><G25/><T64/><D102/><U127/><E127/><V77/><F77/><W3/><G3/><T84/><D100/><U124/><E124/><V62/><F60/><N who="3" m="35903" /><G58/><T9/><D59/><U49/><E49/><V69/><F28/><W39/><G39/><T27/><D48/><U17/><E17/><V20/><F34/><W105/><G105/><T117/><D30/><U53/><E53/><V44/><F32/><W6/><G6/><T56/><D52/><U88/><E88/><V21/><F70/><W96/><G96/><T54/><D56/><U8/><E8/><AGARI ba="2,1" hai="8,15,18,41,42" m="35903,45609,46675" machi="8" ten="40,1300,0" yaku="12,1" doraHai="133,40" who="3" fromWho="1" sc="285,0,262,-19,116,0,327,29" />
</Scene>
<Scene>
<INIT seed="6,0,0,2,3,29" ten="285,243,116,356" oya="2" hai0="110,106,107,91,93,52,64,47,82,123,126,131,132" hai1="59,7,60,85,135,79,37,35,51,30,68,46,41" hai2="16,32,23,69,49,34,98,43,11,14,31,75,90" hai3="100,127,28,125,83,128,87,21,45,80,22,129,18"/><V63/><F75/><W38/><G100/><T73/><D110/><U103/><E135/><V77/><F77/><W54/><G28/><T112/><D123/><U122/><E122/><V1/><F69/><W86/><G54/><T133/><D112/><U65/><E103/><V111/><F111/><W58/><G58/><T78/><D64/><U15/><E79/><V97/><F63/><W108/><G108/><T53/><D47/><U6/><E85/><N who="3" m="32266" /><G45/><T76/><D52/><N who="1" m="32159" /><E15/><V19/><F90/><W9/><G9/><T88/><D53/><U121/><E121/><V56/><F1/><W66/><G66/><T99/><D131/><N who="3" m="50249" /><G18/><T40/><D126/><N who="3" m="48137" /><G38/><T24/><D40/><U5/><E30/><V134/><F134/><N who="0" m="51818" /><D24/><U130/><E130/><V114/><F114/><W48/><G48/><T13/><D13/><U120/><E120/><V36/><F36/><W61/><G61/><T62/><D62/><U94/><E94/><V50/><F31/><W71/><G71/><T20/><D20/><AGARI ba="0,0" hai="20,21,22,80,83" m="48137,50249,32266" machi="20" ten="40,8000,1" yaku="28,2,19,1,18,1" doraHai="29" who="3" fromWho="0" sc="285,-80,243,0,116,0,356,80" />
</Scene>
<Scene>
<INIT seed="7,0,0,4,4,107" ten="205,243,116,436" oya="3" hai0="56,108,120,70,35,90,131,14,17,28,42,115,73" hai1="77,69,121,40,53,85,64,45,122,89,78,117,25" hai2="57,30,22,54,58,61,1,93,88,52,112,96,32" hai3="39,31,4,34,82,9,27,124,24,50,79,66,0"/><W36/><G124/><T132/><D90/><U20/><E53/><V6/><F112/><W116/><G116/><T37/><D56/><U51/><E117/><V15/><F1/><W71/><G27/><T19/><D42/><U12/><E122/><V92/><F32/><W23/><G34/><T3/><D28/><U62/><E12/><V60/><F30/><W5/><G5/><T13/><D14/><U114/><E114/><V76/><F76/><W100/><G100/><T87/><D13/><U80/><E121/><V109/><F109/><W91/><G91/><T21/><D17/><AGARI ba="0,0" hai="17,20,25,40,45,51,62,64,69,77,78,80,85,89" machi="17" ten="30,1000,0" yaku="7,1" doraHai="107" who="1" fromWho="0" sc="205,-10,243,10,116,0,436,0" owari="195,-20.0,253,5.0,116,-38.0,436,53.0" />
</Scene>
</mjloggm>