<mjloggm ver="2.3"><GO type="41"/><UN n0="%E5%A4%AA%E3%81%8F%E3%81%AA%E3%81%84%E3%81%8A" n1="%47%65%6D%69%6E%69%E8%8F%96%E8%92%B2" n2="%74%61%6B%61%33%30%77" n3="%E9%9B%80%E5%8A%9B%35%33%E4%B8%87" dan="13,14,13,13" rate="1979,1898,1895,1836" sx="M,M,M,M"/><TAIKYOKU oya="0"/>

<Scene>
<INIT seed="0,0,0,4,4,117" ten="250,250,250,250" oya="0" hai0="85,37,73,9,120,104,33,30,2,22,18,134,23" hai1="74,106,90,51,111,76,84,32,89,135,100,128,10" hai2="6,43,1,39,114,91,86,24,77,79,62,122,58" hai3="65,115,31,124,75,52,40,44,29,72,34,125,8"/><T63/><D73/><U38/><E32/><V3/><F114/><W94/><G115/><T83/><D37/><U28/><E38/><V95/><F122/><W123/><G123/><T107/><D120/><U61/><E128/><V96/><F3/><W17/><G65/><T80/><D134/><U129/><E135/><V68/><F68/><W69/><G69/><T110/><D63/><U99/><E111/><V54/><F39/><W35/><G94/><T71/><D71/><U126/><E129/><V4/><F43/><W53/><G44/><T19/><D110/><U11/><E126/><V103/><F1/><W26/><G40/><T49/><D49/><U15/><E74/><V50/><F24/><W102/><G102/><T14/><D33/><U56/><E28/><V97/><F97/><W7/><G17/><T118/><D118/><U92/><E51/><V55/><F79/><W87/><G87/><T21/><D30/><U113/><E113/><V57/><F77/><W70/><G70/><T127/><D127/><N who="3" m="48713" /><G75/><T48/><D2/><U47/><E47/><V67/><REACH who="2" step="1"/><F67/><REACH who="2" ten="250,250,240,250" step="2"/><W130/><G130/><T93/><D14/><U27/><E15/><V25/><F25/><W133/><G133/><T36/><D36/><U98/><E27/><V132/><F132/><W46/><G26/><T108/><D108/><U42/><E42/><V88/><F88/><W59/><G34/><T16/><D9/><U66/><E76/><V78/><F78/><W60/><G35/><T116/><D116/><U12/><E12/><V109/><F109/><W121/><G72/><T45/><D22/><RYUUKYOKU ba="0,1" sc="250,-15,250,15,240,15,250,-15" hai1="10,11,56,61,66,84,89,90,92,98,99,100,106" hai2="4,6,50,54,55,57,58,62,86,91,95,96,103" />
</Scene>
<Scene>
<INIT seed="1,1,1,5,3,39" ten="235,265,255,235" oya="1" hai0="26,21,1,116,37,113,76,94,108,83,30,111,123" hai1="105,44,119,11,2,33,31,4,78,56,88,103,42" hai2="109,104,29,95,3,135,110,81,16,101,122,0,115" hai3="45,87,70,125,124,41,43,46,127,49,23,19,63"/><U117/><E78/><V57/><F122/><W90/><G70/><T58/><D116/><U24/><E56/><V77/><F104/><W53/><G63/><T5/><D113/><U129/><E129/><V133/><F29/><W85/><G46/><T89/><D37/><U52/><E88/><V47/><F115/><W86/><REACH who="3" step="1"/><G90/><REACH who="3" ten="235,265,255,225" step="2"/><T34/><D89/><U8/><E44/><V91/><F47/><W98/><G98/><T66/><D123/><U55/><E117/><V15/><F57/><W74/><G74/><T126/><D58/><U120/><E119/><V107/><F101/><W7/><G7/><T17/><D5/><U72/><E4/><V6/><F6/><W14/><AGARI ba="1,2" hai="14,19,23,41,43,45,49,53,85,86,87,124,125,127" machi="14" ten="40,8000,1" yaku="1,1,0,1,18,1,52,2,53,0" doraHai="39" doraHaiUra="130" who="3" fromWho="3" sc="235,-21,265,-41,255,-21,225,103" />
</Scene>
<Scene>
<INIT seed="2,0,0,5,2,32" ten="214,224,234,328" oya="2" hai0="93,66,135,128,0,74,98,114,100,25,39,99,113" hai1="57,54,84,29,7,111,27,30,34,65,59,82,102" hai2="103,46,21,63,67,118,62,58,3,132,121,19,8" hai3="36,64,75,116,127,14,120,129,109,77,108,70,22"/><V119/><F121/><W55/><G36/><T12/><D0/><U123/><E123/><V122/><F122/><W53/><G120/><T130/><D39/><U24/><E111/><V45/><F132/><W60/><G116/><T47/><D74/><U44/><E102/><V20/><F103/><W73/><G129/><N who="0" m="49771" /><D135/><U133/><E133/><V107/><F107/><W85/><G85/><T11/><D66/><U76/><E7/><V90/><F119/><W31/><G127/><T95/><D25/><U28/><E65/><V33/><F33/><W88/><G77/><T56/><D56/><U80/><E44/><V17/><F118/><W94/><G75/><T18/><D47/><N who="2" m="17930" /><F3/><W61/><G73/><T96/><D100/><U115/><E115/><AGARI ba="0,0" hai="11,12,18,93,95,96,98,99,113,114,115" m="49771" machi="115" ten="40,1300,0" yaku="19,1" doraHai="32" who="0" fromWho="1" sc="214,13,224,-13,234,0,328,0" />
</Scene>
<Scene>
<INIT seed="3,0,0,1,2,87" ten="227,211,234,328" oya="3" hai0="76,35,105,109,41,111,66,72,39,27,74,44,42" hai1="126,114,16,29,5,33,2,83,11,79,122,102,116" hai2="97,134,113,65,57,62,103,9,106,133,38,89,85" hai3="64,93,15,14,117,78,86,68,110,91,61,36,95"/><W99/><G117/><T127/><D105/><U67/><E122/><V82/><F113/><W6/><G36/><T47/><D127/><U96/><E114/><V59/><F38/><W45/><G45/><T19/><D66/><U130/><E126/><V28/><F28/><W124/><G124/><T80/><D74/><U104/><E116/><V60/><REACH who="2" step="1"/><F9/><REACH who="2" ten="227,211,224,328" step="2"/><W118/><G118/><T63/><D39/><U132/><E11/><V77/><F77/><W128/><G128/><T3/><D76/><U1/><E79/><V115/><F115/><W37/><G37/><T69/><D111/><U56/><E29/><V107/><F107/><W112/><G112/><T121/><D109/><U25/><E104/><V32/><F32/><W50/><G110/><T84/><D35/><U20/><E20/><V120/><F120/><W43/><G78/><T73/><D121/><U92/><E130/><V90/><F90/><W119/><G119/><T22/><D72/><U30/><E30/><V88/><F88/><W49/><G6/><T10/><D73/><U58/><E5/><V71/><F71/><W123/><G123/><T21/><D21/><U135/><E33/><V48/><F48/><W31/><G31/><T54/><D69/><U26/><E102/><V0/><F0/><W55/><G50/><T98/><D3/><U18/><E1/><V81/><F81/><W23/><G23/><T17/><D80/><U7/><E83/><V53/><AGARI ba="0,1" hai="53,57,59,60,62,65,82,85,89,97,103,106,133,134" machi="53" ten="30,4000,0" yaku="1,1,0,1,52,1,53,0" doraHai="87" doraHaiUra="24" who="2" fromWho="2" sc="227,-10,211,-10,224,50,328,-20" />
</Scene>
<Scene>
<INIT seed="4,0,0,2,4,49" ten="217,201,274,308" oya="0" hai0="62,23,75,37,125,134,92,109,42,58,122,52,28" hai1="0,72,7,25,26,68,46,4,83,2,56,123,43" hai2="34,57,29,16,81,94,9,135,121,33,116,131,118" hai3="66,40,69,127,19,30,101,12,105,38,10,51,54"/><T103/><D122/><U132/><E123/><V120/><F81/><W117/><G117/><N who="2" m="45161" /><F94/><W15/><G101/><T32/><D75/><U114/><E68/><V74/><F74/><W106/><G127/><T48/><D125/><U85/><E132/><V126/><F57/><W18/><G30/><T90/><D134/><U113/><E72/><V55/><F126/><W112/><G66/><T108/><D32/><N who="2" m="12394" /><F55/><W35/><G35/><T104/><D104/><U27/><E56/><V8/><F135/><W53/><G69/><T93/><D103/><U119/><E119/><V124/><F124/><W107/><G112/><N who="1" m="43114" /><E0/><V89/><F89/><W45/><REACH who="3" step="1"/><G38/><REACH who="3" ten="217,201,274,298" step="2"/><T47/><D37/><N who="1" m="21871" /><E2/><V39/><F39/><W36/><G36/><T24/><REACH who="0" step="1"/><D93/><REACH who="0" ten="207,201,274,298" step="2"/><U11/><E11/><AGARI ba="0,2" hai="10,11,12,15,18,19,40,45,51,53,54,105,106,107" machi="11" ten="40,12000,2" yaku="1,1,9,1,52,2,53,2" doraHai="49" doraHaiUra="6" who="3" fromWho="1" sc="207,0,201,-120,274,0,298,140" />
</Scene>
<Scene>
<INIT seed="5,0,0,3,0,50" ten="207,81,274,438" oya="1" hai0="24,83,59,39,40,106,92,96,85,31,128,49,108" hai1="29,95,26,117,90,121,111,55,16,80,63,74,18" hai2="81,113,64,86,1,42,79,17,41,75,65,119,133" hai3="25,67,13,73,124,52,30,11,132,115,105,6,127"/><U77/><E121/><V44/><F119/><W116/><G115/><T53/><D108/><U23/><E117/><V69/><F1/><W9/><G73/><T7/><D128/><U118/><E118/><V88/><F113/><W0/><G67/><T71/><D71/><U76/><E111/><V91/><F133/><W99/><G116/><T47/><D7/><U48/><E63/><V123/><F123/><W101/><G132/><T37/><D106/><U78/><E76/><V36/><F42/><W45/><G9/><T87/><D39/><U66/><E66/><V32/><F32/><W3/><G127/><T103/><REACH who="0" step="1"/><D83/><REACH who="0" ten="197,81,274,438" step="2"/><U56/><REACH who="1" step="1"/><E77/><REACH who="1" ten="197,71,274,438" step="2"/><V122/><F122/><W27/><G124/><T97/><D97/><AGARI ba="0,2" hai="16,18,23,26,29,48,55,56,74,78,80,90,95,97" machi="97" ten="30,18000,2" yaku="1,1,2,1,7,1,52,1,54,1,53,1" doraHai="50" doraHaiUra="19" who="1" fromWho="0" sc="197,-180,71,200,274,0,438,0" />
</Scene>
<Scene>
<INIT seed="5,1,0,4,4,110" ten="17,271,274,438" oya="1" hai0="23,30,130,61,60,89,35,17,78,67,62,91,68" hai1="125,43,55,76,121,48,104,65,107,103,69,97,38" hai2="95,5,6,98,25,73,75,122,26,101,113,58,128" hai3="127,19,74,51,108,20,54,90,42,1,49,47,33"/><U15/><E121/><V106/><F128/><W83/><G33/><T131/><D78/><U135/><E135/><V37/><F122/><W112/><G1/><T63/><D30/><U84/><E125/><V102/><F37/><W50/><G127/><T57/><D35/><U21/><E76/><V9/><F113/><W27/><G112/><T86/><D68/><U12/><E21/><V13/><F5/><W56/><G108/><T22/><D22/><U34/><E34/><V0/><F73/><W29/><G74/><T117/><D117/><U82/><E104/><V105/><F75/><W81/><G90/><T59/><D59/><U3/><E3/><V79/><F79/><W129/><G129/><N who="0" m="49163" /><D86/><U134/><E134/><V77/><F77/><W118/><G29/><T72/><D72/><U28/><E28/><V8/><F58/><W111/><G111/><T46/><D46/><U45/><E38/><V100/><F106/><W2/><G2/><T109/><D109/><U88/><REACH who="1" step="1"/><E43/><REACH who="1" ten="17,261,274,438" step="2"/><V85/><F105/><W133/><G133/><T114/><D114/><U16/><E16/><N who="2" m="8231" /><F0/><W94/><G118/><T96/><D96/><U92/><E92/><N who="2" m="58439" /><F6/><W116/><G116/><T36/><D36/><U119/><E119/><V44/><F9/><W124/><G124/><T40/><D40/><U31/><E31/><V11/><F11/><W64/><G42/><T24/><AGARI ba="1,1" hai="17,23,24,57,60,61,62,63,67,89,91" m="49163" machi="24" ten="30,1100,0" yaku="19,1" doraHai="110" who="0" fromWho="0" sc="17,24,261,-6,274,-4,438,-4" />
</Scene>
<Scene>
<INIT seed="6,0,0,4,2,40" ten="41,255,270,434" oya="2" hai0="37,1,100,101,78,21,61,91,58,74,103,5,38" hai1="7,131,93,59,20,26,14,76,119,87,128,6,125" hai2="60,123,102,75,9,124,120,16,4,109,88,63,36" hai3="94,97,126,44,35,0,95,130,47,53,79,29,104"/><V69/><F75/><W105/><G0/><T67/><D1/><U32/><E119/><V50/><F36/><W31/><G79/><T92/><D5/><U23/><E125/><V71/><F124/><W55/><G126/><T33/><D33/><U84/><E59/><V129/><F4/><W30/><G130/><N who="1" m="49706" /><E93/><V73/><F73/><W118/><G118/><T68/><D68/><U83/><E84/><V19/><F129/><W66/><G66/><T45/><D21/><N who="1" m="8267" /><E14/><V80/><F102/><W106/><G35/><T11/><D11/><U70/><E70/><V116/><F116/><W127/><G127/><T65/><D65/><U62/><E62/><N who="2" m="23595" /><F109/><W99/><G106/><T54/><D74/><U121/><E121/><N who="2" m="46667" /><F50/><W17/><G31/><AGARI ba="0,0" hai="6,7,26,31,32,76,83,87" m="8267,49706" machi="31" ten="30,1000,0" yaku="19,1" doraHai="40" who="1" fromWho="3" sc="41,0,255,10,270,0,434,-10" />
</Scene>
<Scene>
<INIT seed="7,0,0,5,0,126" ten="41,265,270,424" oya="3" hai0="61,0,28,67,2,10,110,74,95,50,122,68,3" hai1="98,99,102,59,6,85,123,83,23,4,101,19,48" hai2="128,39,69,52,94,43,71,70,35,77,100,125,13" hai3="25,38,15,65,79,66,80,114,32,44,106,115,34"/><W88/><G106/><T42/><D95/><U17/><E123/><V57/><F35/><W54/><G88/><T82/><D28/><U63/><E48/><N who="2" m="30855" /><F94/><W5/><G5/><N who="1" m="2154" /><E23/><V96/><F13/><W46/><G38/><T111/><D50/><U49/><E49/><V24/><F24/><W134/><G15/><T22/><D22/><U84/><E83/><V53/><F77/><W36/><G134/><T108/><D10/><U21/><E21/><V109/><F125/><W31/><G34/><T130/><D42/><U51/><E51/><V33/><F33/><W86/><G36/><T16/><D16/><N who="1" m="6219" /><E101/><V26/><F26/><W14/><G25/><T37/><D37/><U132/><E132/><V133/><F133/><W90/><G32/><T89/><D89/><U56/><E102/><V121/><F121/><W64/><G79/><T117/><D122/><U92/><E92/><N who="2" m="58375" /><F109/><W41/><G31/><T29/><D29/><U81/><E81/><V72/><F72/><W76/><G80/><T60/><D60/><U124/><E124/><V112/><F112/><W8/><G114/><T73/><D117/><U105/><E105/><V62/><F128/><W97/><G115/><T11/><D11/><U119/><E119/><V93/><F93/><W75/><G8/><T120/><D120/><U55/><E56/><N who="2" m="35087" /><F39/><W118/><G118/><T20/><D20/><U27/><E27/><V103/><F103/><W78/><G75/><T40/><D40/><U91/><E91/><V127/><F127/><W104/><G90/><T30/><D30/><U58/><E58/><V47/><F43/><RYUUKYOKU ba="0,0" sc="41,-15,265,15,270,15,424,-15" hai1="55,59,63,84,85,98,99" hai2="47,69,70,71" owari="26,-47.0,280,-12.0,285,9.0,409,50.0" />
</Scene>
</mjloggm>