<mjloggm ver="2.3"><GO type="41"/><UN n0="%E5%A4%AA%E3%81%8F%E3%81%AA%E3%81%84%E3%81%8A" n1="%28%E3%81%BE%C2%B4%CF%89%EF%BD%80%E3%81%AA%29%E3%83%9F" n2="%E5%88%9D%E8%8A%9D%E7%A5%9E" n3="%E3%81%8A%E3%81%AF%E3%81%98%E3%81%8D%EF%BC%92%E6%AE%B5" dan="14,15,13,13" rate="1973,1971,1916,1806" sx="M,F,M,M"/><TAIKYOKU oya="0"/>

<Scene>
<INIT seed="0,0,0,4,4,106" ten="250,250,250,250" oya="0" hai0="46,129,96,53,121,87,118,99,125,41,52,58,114" hai1="102,8,55,126,1,38,40,127,124,12,64,76,68" hai2="69,31,88,13,47,3,20,24,80,16,122,94,98" hai3="15,48,119,21,23,103,10,57,17,22,66,35,116"/><T82/><D121/><U84/><E1/><V34/><F122/><W0/><G103/><T120/><D120/><U115/><E115/><V51/><F69/><W73/><G66/><T100/><D114/><U61/><E102/><V42/><F3/><W117/><G57/><T112/><D112/><U43/><E38/><V108/><F108/><W77/><G77/><T62/><D118/><U32/><E32/><V105/><F105/><W14/><G48/><N who="0" m="26703" /><D129/><U135/><E135/><V128/><F128/><W11/><G73/><T44/><D125/><U18/><REACH who="1" step="1"/><E55/><REACH who="1" ten="250,240,250,250" step="2"/><V78/><F34/><W6/><REACH who="3" step="1"/><G35/><REACH who="3" ten="250,240,250,240" step="2"/><T92/><D100/><U59/><E59/><V95/><F47/><W37/><G37/><T2/><D44/><U79/><E79/><V93/><F78/><W113/><G113/><T107/><D58/><U36/><E36/><V109/><F109/><W56/><G56/><T54/><D107/><U50/><E50/><V72/><F51/><W30/><G30/><T4/><D54/><U75/><E75/><V9/><F72/><W63/><G63/><T89/><D62/><U5/><E5/><AGARI ba="0,2" hai="0,5,6,10,11,14,15,17,21,22,23,116,117,119" machi="5" ten="40,8000,1" yaku="1,1,34,3,53,0" doraHai="106" doraHaiUra="97" who="3" fromWho="1" sc="250,0,240,-80,250,0,240,100" />
</Scene>
<Scene>
<INIT seed="1,0,0,4,2,115" ten="250,160,250,340" oya="1" hai0="78,129,5,12,64,72,25,59,120,94,3,128,41" hai1="91,37,29,4,50,112,101,95,127,134,70,20,110" hai2="99,122,14,123,77,85,130,92,86,43,132,97,69" hai3="6,104,83,24,2,62,108,93,54,21,125,52,75"/><U117/><E37/><V76/><F69/><W121/><G121/><T131/><D120/><U63/><E112/><V48/><F48/><W103/><G108/><T114/><D114/><U51/><E134/><V89/><F43/><W53/><G125/><T27/><D3/><U82/><E110/><V28/><F28/><W60/><G104/><T1/><D1/><U16/><E127/><V7/><F132/><W124/><G124/><T87/><D41/><U34/><E4/><V31/><F31/><W98/><G2/><T81/><D64/><U13/><E117/><V88/><F14/><W65/><G6/><T8/><REACH who="0" step="1"/><D59/><REACH who="0" ten="240,160,250,340" step="2"/><U30/><E34/><V133/><F133/><W84/><G65/><T17/><D17/><U73/><E70/><V79/><F7/><W66/><G75/><T39/><D39/><U35/><E35/><V119/><F119/><W67/><G67/><T135/><D135/><U61/><E73/><V109/><F109/><W44/><G66/><T49/><D49/><U56/><E50/><V33/><F33/><W9/><G44/><T100/><D100/><U96/><E29/><V18/><F18/><N who="3" m="12343" /><G9/><T45/><D45/><U68/><E30/><V102/><F123/><W111/><G111/><T74/><D74/><U26/><E68/><V19/><F19/><W22/><G22/><T58/><D58/><U106/><E56/><V40/><F40/><W0/><G0/><T10/><D10/><N who="1" m="6199" /><E51/><V105/><F122/><W11/><G11/><T80/><D80/><U36/><E36/><V42/><F42/><W113/><G113/><T23/><D23/><RYUUKYOKU ba="0,1" sc="240,15,160,-15,250,-15,340,15" hai0="5,8,12,25,27,72,78,81,87,94,128,129,131" hai3="52,53,54,60,62,83,84,93,98,103" />
</Scene>
<Scene>
<INIT seed="2,1,1,1,0,126" ten="255,145,235,355" oya="2" hai0="54,83,55,122,96,20,58,1,85,80,31,129,0" hai1="99,115,130,121,13,68,123,18,92,8,28,118,70" hai2="132,38,12,86,73,23,103,59,22,39,119,27,128" hai3="11,104,78,37,108,56,21,82,36,67,14,71,52"/><V40/><F73/><W17/><G108/><T105/><D122/><N who="1" m="46603" /><E118/><V53/><F119/><W3/><G104/><T111/><D111/><U30/><E115/><V43/><F103/><W97/><G3/><T45/><D105/><U75/><E75/><V35/><F35/><W32/><G32/><T69/><D69/><N who="1" m="26731" /><E130/><V81/><F39/><W50/><G97/><T29/><D96/><U2/><E2/><V106/><F38/><W100/><G100/><AGARI ba="1,1" hai="8,13,18,28,30,92,99,100" m="26731,46603" machi="100" ten="30,1000,0" yaku="13,1" doraHai="126" who="1" fromWho="3" sc="255,0,145,23,235,0,355,-13" />
</Scene>
<Scene>
<INIT seed="3,0,0,5,5,19" ten="255,168,235,342" oya="3" hai0="43,45,107,122,123,80,4,100,92,66,83,87,55" hai1="5,119,105,114,128,131,70,27,50,54,76,46,101" hai2="21,69,1,95,74,6,34,94,3,135,24,102,68" hai3="48,9,104,11,96,53,29,78,20,116,62,31,126"/><W113/><G116/><T57/><D66/><U32/><E114/><V124/><F74/><W97/><G113/><T23/><D4/><U77/><E119/><V115/><F115/><W35/><G126/><T86/><D107/><U63/><E5/><V117/><F124/><W60/><G35/><T42/><D100/><U99/><E70/><V47/><F117/><W22/><G104/><T132/><D132/><U37/><E63/><N who="3" m="24106" /><G78/><T91/><D92/><U52/><E54/><V121/><F121/><W130/><G130/><N who="1" m="49706" /><E37/><V10/><F3/><W120/><G120/><T134/><D134/><U88/><E88/><V79/><F135/><W8/><G48/><N who="0" m="30951" /><D122/><U89/><E89/><V75/><F34/><W17/><G17/><T65/><D123/><U30/><AGARI ba="0,0" hai="27,30,32,46,50,52,76,77,99,101,105" m="49706" machi="30" ten="30,2000,0" yaku="19,1,54,1" doraHai="19" who="1" fromWho="1" sc="255,-5,168,20,235,-5,342,-10" />
</Scene>
<Scene>
<INIT seed="4,0,0,3,2,64" ten="250,188,230,332" oya="0" hai0="71,40,95,0,61,135,120,69,63,96,92,112,9" hai1="77,114,94,86,55,101,133,128,27,24,6,72,127" hai2="29,52,131,56,99,1,113,90,3,19,15,84,89" hai3="68,48,107,108,21,81,106,50,60,111,39,44,74"/><T16/><D120/><U73/><E133/><V126/><F126/><W76/><G21/><T59/><D40/><U51/><E127/><V79/><F131/><W8/><G50/><T104/><D104/><U100/><E128/><V119/><F119/><W83/><G48/><T130/><D130/><U5/><E114/><V110/><F113/><W75/><G8/><T124/><D112/><U118/><E118/><V20/><F29/><W46/><G46/><T34/><D34/><U82/><E72/><V109/><F79/><W65/><G111/><T62/><D124/><U102/><E94/><V115/><F115/><W10/><G10/><T105/><D135/><U13/><E73/><V41/><F109/><W67/><G67/><T123/><D123/><U36/><E36/><V54/><F110/><W26/><G26/><N who="1" m="9770" /><E13/><V7/><F7/><W58/><G58/><AGARI ba="0,0" hai="5,6,51,55,58,77,82,86,100,101,102" m="9770" machi="58" ten="30,1000,0" yaku="8,1" doraHai="64" who="1" fromWho="3" sc="250,0,188,10,230,0,332,-10" />
</Scene>
<Scene>
<INIT seed="5,0,0,0,4,41" ten="250,198,230,322" oya="1" hai0="51,87,69,109,81,89,27,103,40,107,66,118,114" hai1="75,72,112,11,18,98,68,123,12,133,23,54,73" hai2="113,20,117,57,115,16,13,96,36,106,14,134,28" hai3="116,111,122,61,128,52,131,126,7,70,42,29,102"/><U79/><E123/><V21/><F117/><W135/><G102/><T35/><D118/><U127/><E68/><V92/><F106/><W120/><G7/><T71/><D109/><U105/><E112/><N who="2" m="43083" /><F134/><W39/><G29/><T67/><D114/><U22/><E133/><V24/><F36/><W130/><G116/><T91/><D69/><U4/><E127/><V99/><F13/><W48/><G111/><T83/><D103/><U90/><E79/><V49/><F92/><W82/><G82/><T3/><D3/><U31/><E31/><V94/><F94/><W119/><G119/><T50/><D107/><U38/><E38/><V129/><F129/><W1/><G1/><T124/><D124/><U74/><N who="1" m="18944" /><DORA hai="46" /><U108/><E108/><V25/><F25/><W95/><G95/><T47/><D71/><U32/><E32/><V56/><F56/><N who="3" m="32775" /><G126/><T85/><D51/><U19/><E90/><V6/><F6/><W59/><G135/><T5/><D5/><U84/><E84/><V53/><AGARI ba="0,0" hai="14,16,20,21,24,28,49,53,57,96,99" m="43083" machi="53" ten="30,7900,0" yaku="15,1,11,1,52,1,54,1" doraHai="41,46" who="2" fromWho="2" sc="250,-20,198,-39,230,79,322,-20" />
</Scene>
<Scene>
<INIT seed="6,0,0,1,0,52" ten="230,159,309,302" oya="2" hai0="71,47,121,3,127,18,26,40,132,8,134,59,111" hai1="21,37,4,53,55,24,103,23,58,120,96,61,62" hai2="105,99,94,45,25,109,42,28,112,16,82,115,38" hai3="126,97,77,79,50,41,133,7,29,10,74,32,17"/><V78/><F105/><W33/><G74/><T73/><D111/><U72/><E37/><V84/><F109/><W31/><G126/><T130/><D121/><U88/><E72/><V46/><F45/><W68/><G68/><T76/><D71/><U69/><E120/><V6/><F6/><W49/><G133/><N who="0" m="51307" /><D127/><U19/><E4/><V20/><REACH who="2" step="1"/><F28/><REACH who="2" ten="230,159,299,302" step="2"/><W85/><G7/><T15/><D47/><U67/><E103/><AGARI ba="0,1" hai="16,20,25,38,42,46,78,82,84,94,99,103,112,115" machi="103" ten="40,7700,0" yaku="1,1,2,1,54,1,53,0" doraHai="52" doraHaiUra="128" who="2" fromWho="1" sc="230,0,159,-77,299,87,302,0" />
</Scene>
<Scene>
<INIT seed="6,1,0,1,3,119" ten="230,82,386,302" oya="2" hai0="65,113,111,80,125,10,62,13,70,127,66,135,109" hai1="1,93,12,26,5,118,7,90,21,112,14,48,28" hai2="24,116,35,4,44,52,16,36,134,3,108,25,123" hai3="60,85,22,15,34,76,56,106,94,121,115,46,122"/><V103/><F116/><W104/><G34/><T50/><D80/><U32/><E118/><V105/><F108/><N who="0" m="41546" /><D13/><U73/><E73/><V20/><F103/><W131/><G46/><T30/><D10/><N who="1" m="2351" /><E48/><V107/><F52/><W82/><G131/><T83/><D83/><U40/><E40/><V53/><F53/><W18/><G115/><T11/><D11/><N who="1" m="4223" /><E90/><V74/><F44/><W92/><G94/><T102/><D102/><U71/><E71/><V100/><F36/><W45/><G45/><T51/><D30/><U95/><E95/><V2/><F100/><W99/><G104/><T57/><D113/><U59/><E59/><V8/><F3/><W41/><G106/><T31/><D31/><U77/><E77/><V97/><F74/><W67/><REACH who="3" step="1"/><G41/><REACH who="3" ten="230,82,386,292" step="2"/><T75/><D127/><U55/><E93/><V54/><F105/><W49/><G49/><T88/><D125/><U81/><E112/><V124/><F124/><W37/><G37/><T69/><D51/><U98/><E81/><V91/><F107/><W64/><G64/><T110/><D110/><U86/><E55/><V27/><F54/><W23/><G23/><T38/><D38/><U43/><E43/><V47/><F47/><W133/><G133/><T84/><D135/><U17/><E98/><V39/><F134/><W68/><G68/><N who="0" m="26219" /><D50/><U78/><E78/><V9/><F39/><W96/><G96/><T63/><D66/><U117/><E117/><V72/><F97/><W132/><G132/><T61/><D65/><U58/><E58/><V129/><F129/><W29/><G29/><T101/><D57/><RYUUKYOKU ba="1,1" sc="230,-15,82,15,386,-15,292,15" hai1="14,17,21,26,28,32,86" hai3="15,18,22,56,60,67,76,82,85,92,99,121,122" />
</Scene>
<Scene>
<INIT seed="7,2,1,4,3,4" ten="215,97,371,307" oya="3" hai0="103,33,66,20,111,54,71,36,88,3,18,76,70" hai1="57,69,61,101,131,50,29,73,44,78,106,126,58" hai2="31,49,48,8,6,129,15,105,0,19,51,109,112" hai3="37,104,118,90,17,82,97,68,26,10,91,133,47"/><W35/><G68/><T80/><D111/><U77/><E73/><V99/><F109/><W14/><G118/><T120/><D120/><U27/><E126/><V63/><F112/><W25/><G133/><T124/><D33/><U72/><E72/><V95/><F105/><W11/><G37/><T92/><D36/><U39/><E131/><V16/><F129/><W23/><G47/><T45/><D3/><U28/><E101/><N who="2" m="60671" /><F0/><W52/><G104/><T59/><D103/><U96/><E106/><V117/><F117/><W38/><G38/><T108/><D108/><U132/><E96/><V55/><F31/><W56/><G35/><T98/><D45/><U34/><E132/><V93/><F93/><N who="3" m="56503" /><G82/><T86/><D66/><U87/><E87/><V125/><F125/><W24/><G91/><T127/><D127/><U135/><E135/><V75/><F75/><W53/><G53/><T79/><D124/><U83/><E83/><V128/><F128/><W5/><G5/><T85/><D79/><U121/><E121/><V102/><F102/><W113/><G113/><T21/><D86/><U107/><E107/><V67/><F67/><W94/><G94/><T130/><D130/><U9/><E39/><V134/><F134/><W115/><G115/><T119/><D119/><U7/><E69/><V122/><F122/><W110/><G110/><T100/><D100/><U40/><E29/><V74/><F74/><W84/><G84/><T62/><D71/><U12/><E58/><AGARI ba="2,1" hai="6,8,15,16,19,48,49,51,55,58,63" m="60671" machi="58" ten="30,3900,0" yaku="8,1,52,1,54,1" doraHai="4" who="2" fromWho="1" sc="215,0,97,-45,371,55,307,0" owari="215,-18.0,52,-45.0,426,52.0,307,11.0" />
</Scene>
</mjloggm>