<mjloggm ver="2.3"><GO type="169" lobby="0"/><UN n0="%EF%BC%BC%28%EF%BC%BE%6F%EF%BC%BE%29%EF%BC%8F%E2%98%85" n1="%E9%AB%98%E7%94%BA%E3%83%B4%E3%82%A3%E3%83%B4%E3%82%A3%E3%82%AA%E2%98%86" n2="%E5%A4%AA%E3%81%8F%E3%81%AA%E3%81%84%E3%81%8A" n3="%E3%83%8E%E3%83%B3%E3%83%A9%E3%82%B9%E6%89%93%E6%B3%95" dan="18,16,17,17" rate="2195,2099,2181,2118" sx="M,M,M,M"/><TAIKYOKU oya="0"/>

<Scene>
<INIT seed="0,0,0,1,4,20" ten="250,250,250,250" oya="0" hai0="38,5,51,60,61,73,89,3,65,113,9,111,85" hai1="114,118,36,122,39,10,112,56,83,26,108,59,2" hai2="32,63,97,68,106,79,80,14,8,131,62,99,64" hai3="67,132,69,57,123,94,21,19,30,129,134,23,28"/><T82/><D113/><N who="1" m="43627" /><E118/><V46/><F32/><W35/><G69/><T11/><D38/><N who="1" m="14379" /><E122/><V81/><F131/><W6/><G129/><T96/><D111/><U42/><E42/><V49/><F63/><N who="3" m="38383" /><G123/><T52/><D73/><U100/><E108/><V15/><F81/><W34/><G6/><T29/><D65/><U53/><E100/><V17/><F15/><N who="3" m="9471" /><G94/><T87/><D96/><U121/><E121/><V66/><F66/><W31/><G23/><T93/><D11/><U55/><E83/><V110/><F106/><W45/><G45/><T124/><D29/><U44/><E10/><V78/><F110/><W104/><G104/><T24/><D124/><U130/><E2/><V91/><F80/><W92/><G92/><T33/><D93/><U102/><E44/><V18/><F46/><W86/><G86/><T88/><D87/><U125/><E125/><V48/><F8/><W16/><G16/><T98/><D33/><U126/><E126/><V74/><F18/><W107/><G107/><T54/><D85/><U127/><E130/><V27/><F74/><W58/><G35/><T84/><D84/><U133/><E127/><V72/><F72/><W7/><G7/><T22/><D82/><U4/><E4/><V116/><F68/><W135/><G34/><T40/><D98/><U103/><E103/><V105/><F97/><W25/><G58/><N who="0" m="33055" /><D40/><U77/><E59/><V70/><F70/><W50/><G50/><T47/><D47/><U0/><E56/><V120/><F105/><W117/><G117/><T1/><D1/><U95/><E0/><V75/><F116/><RYUUKYOKU ba="0,0" sc="250,-10,250,-10,250,-10,250,30" hai3="25,28,30,31,132,134,135" />
</Scene>
<Scene>
<INIT seed="1,1,0,2,2,77" ten="240,240,240,280" oya="1" hai0="38,20,14,70,0,115,49,81,1,133,120,128,78" hai1="26,85,75,37,29,97,58,119,34,93,90,24,52" hai2="60,65,18,33,35,59,45,130,122,56,100,71,23" hai3="107,87,39,32,91,22,25,2,103,110,121,50,61"/><U36/><E75/><V79/><F122/><W66/><G121/><T112/><D38/><U116/><E26/><V99/><F130/><W95/><G39/><T129/><D120/><U83/><E37/><V12/><F45/><W94/><G2/><T108/><D70/><U105/><E105/><V82/><F35/><W80/><G110/><T19/><D108/><U63/><REACH who="1" step="1"/><E36/><REACH who="1" ten="240,230,240,280" step="2"/><V69/><F33/><W10/><G107/><T84/><D128/><U44/><E44/><V126/><F126/><W67/><G32/><T123/><D129/><U125/><E125/><V86/><F71/><W62/><G25/><T134/><D123/><U135/><E135/><V96/><F96/><W11/><G103/><AGARI ba="1,1" hai="24,29,34,52,58,63,83,85,90,93,97,103,116,119" machi="103" ten="30,12000,1" yaku="1,1,7,1,52,1,54,1,53,1" doraHai="77" doraHaiUra="54" who="1" fromWho="3" sc="240,0,230,133,240,0,280,-123" />
</Scene>
<Scene>
<INIT seed="1,2,0,1,5,10" ten="240,363,240,157" oya="1" hai0="80,25,124,63,105,123,119,4,43,125,64,65,46" hai1="51,121,72,113,19,90,67,12,1,115,0,38,52" hai2="58,116,41,82,7,61,131,53,110,112,49,14,93" hai3="89,126,128,9,120,68,100,87,75,99,76,36,15"/><U102/><E38/><V94/><F116/><W77/><G68/><T71/><D119/><U30/><E121/><V78/><F110/><W109/><G36/><T37/><D105/><U56/><E72/><V108/><F108/><W33/><G33/><T17/><D123/><U101/><E30/><V6/><F131/><W32/><G32/><T83/><D65/><U127/><E127/><N who="0" m="48713" /><D4/><U35/><E35/><V122/><F122/><W45/><G126/><T130/><D130/><U98/><E67/><V86/><F112/><W47/><G120/><T54/><D54/><U59/><E0/><V92/><REACH who="2" step="1"/><F14/><REACH who="2" ten="240,363,230,157" step="2"/><W26/><G109/><T29/><D17/><U106/><E115/><V3/><F3/><W40/><G128/><T5/><D5/><U31/><E1/><V28/><F28/><W11/><G26/><T22/><AGARI ba="2,1" hai="22,25,29,37,43,46,63,64,71,80,83" m="48713" machi="22" ten="30,1100,0" yaku="18,1" doraHai="10" who="0" fromWho="0" sc="240,27,363,-7,230,-5,157,-5" />
</Scene>
<Scene>
<INIT seed="2,0,0,1,1,90" ten="267,356,225,152" oya="2" hai0="97,19,95,10,115,89,79,86,26,66,21,28,36" hai1="47,60,98,104,9,15,73,12,48,108,6,83,74" hai2="34,96,131,110,127,8,72,13,42,76,37,64,117" hai3="106,1,91,56,126,77,121,119,3,100,71,85,92"/><V109/><F117/><W93/><G71/><T133/><D115/><U101/><E108/><N who="2" m="41579" /><F34/><W57/><G119/><T120/><D120/><U27/><E27/><V7/><F127/><W62/><G121/><T67/><D36/><U135/><E135/><V4/><F131/><W16/><G126/><T54/><D133/><U103/><E103/><V50/><F37/><W35/><G106/><T33/><D10/><U38/><E60/><V55/><F42/><W44/><G77/><T31/><D54/><U18/><E83/><N who="2" m="45447" /><F64/><N who="0" m="24618" /><D33/><U112/><E38/><V22/><F22/><W65/><G35/><T40/><D40/><U118/><E112/><V70/><F70/><W123/><G123/><T30/><D79/><U53/><E118/><V11/><F96/><AGARI ba="0,0" hai="19,21,26,28,30,31,86,89,95,96,97" m="24618" machi="96" ten="30,2000,0" yaku="8,1,52,1" doraHai="90" who="0" fromWho="2" sc="267,20,356,0,225,-20,152,0" />
</Scene>
<Scene>
<INIT seed="3,0,0,4,0,92" ten="287,356,205,152" oya="3" hai0="95,108,82,28,98,120,77,118,61,54,134,7,122" hai1="62,10,129,37,13,3,96,132,2,15,8,127,29" hai2="126,70,91,110,115,81,64,112,45,86,97,53,103" hai3="32,1,48,26,41,85,90,40,9,57,24,27,20"/><W100/><G32/><T58/><D118/><U12/><E37/><V104/><F110/><W43/><G100/><T123/><D108/><U83/><E129/><V35/><F126/><W36/><G36/><T68/><D134/><U33/><E127/><V21/><F35/><W131/><G131/><T135/><D135/><U23/><E132/><V30/><F70/><W5/><G57/><T109/><D109/><U11/><E62/><V18/><F30/><W39/><G39/><T46/><D68/><U94/><E83/><V114/><F64/><W4/><G4/><T71/><D71/><U67/><E67/><V75/><F75/><W19/><REACH who="3" step="1"/><G48/><REACH who="3" ten="287,356,205,142" step="2"/><T88/><D7/><U69/><E33/><V80/><F114/><W121/><G121/><T59/><D59/><U87/><E69/><V49/><REACH who="2" step="1"/><F81/><AGARI ba="0,1" hai="1,5,9,19,20,24,26,27,40,41,43,81,85,90" machi="81" ten="40,2000,0" yaku="1,1,53,0" doraHai="92" doraHaiUra="66" who="3" fromWho="2" sc="287,0,356,0,205,-20,142,30" />
</Scene>
<Scene>
<INIT seed="3,1,0,2,4,117" ten="287,356,185,172" oya="3" hai0="63,0,31,129,36,84,32,76,119,130,106,18,30" hai1="8,52,113,29,73,60,97,40,53,112,71,86,48" hai2="116,33,20,56,34,124,43,105,16,78,74,92,133" hai3="121,13,28,70,17,67,93,90,89,26,102,122,99"/><W127/><G127/><T61/><D119/><U55/><E73/><V111/><F116/><W57/><G70/><T27/><D106/><U125/><E29/><V103/><F105/><W2/><G2/><T94/><D36/><U131/><E97/><V11/><F124/><W104/><G67/><T108/><D0/><U109/><E8/><V35/><F111/><W46/><G46/><T39/><D39/><U85/><E125/><V6/><F133/><W132/><G57/><T96/><D31/><U69/><E85/><V58/><F43/><W1/><G1/><T80/><D18/><U47/><E86/><V107/><F107/><W42/><G42/><T72/><D72/><U98/><E98/><V68/><F68/><N who="1" m="26185" /><E109/><V123/><F103/><W77/><G77/><T38/><D38/><N who="1" m="21911" /><E131/><N who="0" m="50185" /><D108/><U7/><E7/><V81/><F92/><W49/><G49/><T5/><D5/><U25/><E25/><V79/><F79/><W4/><G4/><T128/><D128/><U135/><E135/><V118/><F118/><W19/><G132/><T95/><D95/><U23/><E23/><V21/><F21/><W9/><G19/><T126/><D126/><U45/><E60/><V62/><F62/><W15/><G15/><T24/><D27/><U59/><E59/><N who="2" m="22571" /><F6/><W51/><G51/><T65/><D65/><U88/><E88/><AGARI ba="1,0" hai="24,30,32,61,63,76,80,84,88,94,96" m="50185" machi="88" ten="30,2000,0" yaku="19,1,54,1" doraHai="117" who="0" fromWho="1" sc="287,23,356,-23,185,0,172,0" />
</Scene>
<Scene>
<INIT seed="4,0,0,0,4,29" ten="310,333,185,172" oya="0" hai0="85,49,128,24,10,110,102,103,1,32,80,115,42" hai1="15,11,90,17,120,7,97,74,33,13,68,119,16" hai2="52,92,59,53,39,4,82,88,28,135,105,54,20" hai3="112,48,56,60,43,71,104,98,2,125,133,96,116"/><T5/><D115/><U106/><E68/><V124/><F105/><W78/><G116/><T114/><D114/><U86/><E74/><V58/><F39/><W77/><G112/><T8/><D128/><U101/><E119/><V81/><F124/><W9/><G125/><T123/><D123/><U91/><E120/><V87/><F135/><W31/><G133/><T65/><D110/><U89/><E33/><V57/><F4/><W108/><G108/><T14/><D65/><U99/><E99/><V132/><F132/><W130/><G31/><T84/><D84/><U75/><E75/><V107/><F107/><W126/><G71/><T40/><D24/><AGARI ba="0,0" hai="20,24,28,52,53,54,57,58,59,81,82,87,88,92" machi="24" ten="40,5200,0" yaku="8,1,54,2" doraHai="29" who="2" fromWho="0" sc="310,-52,333,0,185,52,172,0" />
</Scene>
<Scene>
<INIT seed="5,0,0,1,1,48" ten="258,333,237,172" oya="1" hai0="80,134,36,83,132,81,57,40,97,135,46,52,119" hai1="12,110,133,131,35,10,15,2,56,26,6,45,130" hai2="42,100,73,38,121,8,102,20,113,55,101,58,32" hai3="25,91,109,30,104,67,5,107,21,63,88,77,41"/><U9/><E133/><V62/><F121/><W126/><G109/><T66/><D119/><U60/><E45/><V69/><F32/><W128/><G126/><T118/><D118/><U87/><E110/><V34/><F34/><W27/><G128/><N who="1" m="49194" /><E87/><V108/><F108/><W127/><G127/><T50/><D97/><U13/><E56/><V75/><F69/><W84/><G5/><T17/><D17/><N who="1" m="8335" /><E60/><V61/><F113/><W129/><G129/><T111/><D111/><U93/><E93/><V31/><F62/><W70/><G41/><T99/><D99/><U43/><E43/><V115/><F115/><W7/><G7/><T120/><D66/><U114/><E114/><V105/><F105/><W98/><G77/><T1/><D1/><U54/><E54/><V103/><F42/><W65/><G65/><T49/><D120/><U123/><E123/><V125/><F38/><AGARI ba="0,0" hai="36,38,40,46,49,50,52,57,80,81,83,132,134,135" machi="38" ten="50,6400,0" yaku="20,1,52,1,54,1" doraHai="48" who="0" fromWho="2" sc="258,64,333,0,237,-64,172,0" />
</Scene>
<Scene>
<INIT seed="6,0,0,3,1,91" ten="322,333,173,172" oya="2" hai0="103,51,92,56,11,36,68,27,77,41,39,129,84" hai1="13,115,109,90,48,97,42,76,134,112,7,73,87" hai2="79,123,65,124,33,71,94,6,45,78,64,19,10" hai3="66,88,85,52,1,131,18,49,106,127,22,133,5"/><V119/><F123/><W2/><G106/><T122/><D122/><U32/><E32/><V15/><F119/><W55/><G127/><T50/><D68/><U9/><E109/><V83/><F33/><W44/><G131/><T20/><D129/><U74/><E134/><V95/><F124/><W113/><G133/><T60/><D11/><U37/><E37/><V8/><F45/><W132/><G132/><T72/><D72/><U35/><E35/><V62/><F64/><W57/><G66/><N who="0" m="39175" /><D39/><U61/><E61/><V96/><F96/><W116/><G116/><T111/><D36/><U46/><E97/><V107/><F107/><W82/><G5/><T38/><D38/><U130/><E130/><V105/><F105/><W21/><G113/><N who="1" m="43594" /><E76/><V0/><REACH who="2" step="1"/><F79/><REACH who="2" ten="322,333,163,172" step="2"/><W70/><G70/><T86/><D77/><U17/><E7/><V93/><F93/><AGARI ba="0,1" hai="9,13,17,42,46,48,73,74,87,90,93" m="43594" machi="93" ten="30,2000,0" yaku="15,1,52,1" doraHai="91" who="1" fromWho="2" sc="322,0,333,30,163,-20,172,0" />
</Scene>
<Scene>
<INIT seed="7,0,0,1,4,83" ten="322,363,143,172" oya="3" hai0="76,2,82,123,68,51,12,24,30,135,38,125,86" hai1="134,39,75,70,74,60,73,106,96,69,78,57,117" hai2="81,28,55,105,107,1,98,126,114,20,33,45,52" hai3="89,48,84,0,88,113,72,91,133,10,94,46,27"/><W71/><G71/><T62/><D2/><U42/><E78/><V9/><F33/><W11/><G72/><T115/><D38/><U7/><E7/><V66/><F114/><W103/><G103/><T54/><D123/><U132/><E117/><V95/><F126/><W122/><G122/><T19/><D115/><U50/><E39/><V18/><F66/><W4/><G113/><T99/><D125/><U3/><E3/><V49/><F28/><W112/><G112/><T63/><D99/><U128/><E128/><V15/><F81/><W61/><G133/><N who="1" m="51306" /><E50/><V124/><F124/><W100/><G100/><T97/><D97/><U109/><E42/><V104/><F1/><W8/><G61/><T87/><D135/><U29/><E29/><V79/><F79/><W14/><G27/><T23/><D86/><U53/><E109/><V32/><F32/><W80/><G0/><T43/><D43/><U101/><AGARI ba="0,0" hai="53,57,60,69,70,73,74,75,96,101,106" m="51306" machi="101" ten="40,1500,0" yaku="20,1" doraHai="83" who="1" fromWho="1" sc="322,-4,363,15,143,-4,172,-7" owari="318,12.0,378,47.0,139,-36.0,165,-23.0" />
</Scene>
</mjloggm>