<mjloggm ver="2.3"><GO type="169"/><UN n0="%E3%82%86%E3%81%8D%E3%81%93%E3%81%AB%E3%82%83%E3%82%93" n1="%E5%A4%AA%E3%81%8F%E3%81%AA%E3%81%84%E3%81%8A" n2="%E3%81%97%E3%82%85%E3%81%86%E3%83%BC%E3%80%82" n3="%47%61%4B%75" dan="16,17,18,16" rate="2034,2132,2036,2081" sx="F,M,M,M"/><TAIKYOKU oya="0"/>

<Scene>
<INIT seed="0,0,0,5,4,123" ten="250,250,250,250" oya="0" hai0="48,100,44,46,101,4,27,23,51,20,65,87,58" hai1="25,68,119,30,91,106,120,99,18,88,10,72,125" hai2="55,39,126,26,0,42,128,15,107,118,36,49,98" hai3="78,38,105,95,69,41,86,14,64,6,121,124,52"/><T32/><D32/><U85/><E120/><V56/><F0/><W127/><G105/><T45/><D4/><U122/><E122/><V9/><F128/><W62/><G121/><T19/><D87/><U3/><E72/><V54/><F126/><N who="3" m="48171" /><G41/><T133/><D133/><U71/><E125/><V11/><F118/><W21/><G38/><T50/><D23/><U37/><E37/><V77/><F42/><W16/><G6/><T8/><D8/><U40/><E40/><V12/><F26/><W92/><G78/><T5/><D5/><U2/><E119/><V83/><F107/><W70/><G86/><T28/><D28/><U35/><E3/><V129/><F129/><W75/><G75/><T13/><REACH who="0" step="1"/><D27/><REACH who="0" ten="240,250,250,250" step="2"/><U7/><E18/><V110/><F11/><W67/><G21/><T131/><D131/><U31/><E30/><V112/><F9/><W111/><G16/><T34/><D34/><U109/><E35/><V22/><F22/><W114/><G14/><T76/><D76/><U82/><E31/><V117/><F77/><W134/><G134/><T17/><D17/><U80/><E25/><V47/><F12/><W66/><G114/><T33/><D33/><U96/><E10/><V60/><F15/><W113/><G113/><T53/><D53/><U61/><E7/><V59/><F112/><W90/><G52/><T73/><D73/><U132/><E132/><V74/><F74/><W24/><G24/><T115/><D115/><U63/><E2/><V84/><F84/><W104/><G66/><T116/><D116/><U89/><E85/><V94/><F117/><RYUUKYOKU ba="0,1" sc="240,30,250,-10,250,-10,250,-10" hai0="13,19,20,44,45,46,48,50,51,58,65,100,101" />
</Scene>
<Scene>
<INIT seed="0,1,1,5,2,91" ten="270,240,240,240" oya="0" hai0="94,45,49,74,116,7,32,10,69,22,16,120,87" hai1="1,31,83,106,101,112,73,72,6,54,119,65,109" hai2="115,107,36,99,98,56,4,123,50,131,37,55,21" hai3="40,108,135,34,66,82,2,80,96,24,52,97,20"/><T114/><D120/><U42/><E119/><V30/><F123/><W105/><G34/><T95/><D74/><U47/><E65/><V8/><F115/><W27/><G108/><T132/><D114/><U39/><E112/><V78/><F131/><W62/><G2/><T58/><D116/><U117/><E117/><V86/><F37/><W17/><G135/><T134/><D32/><U77/><E109/><V100/><F36/><W59/><G40/><N who="0" m="24743" /><D69/><U12/><E31/><V48/><F99/><N who="3" m="37963" /><G105/><T89/><D58/><U75/><E12/><V3/><F50/><W64/><G24/><N who="0" m="14407" /><D10/><N who="1" m="2383" /><E54/><V0/><F0/><W76/><G76/><T25/><D25/><U103/><E106/><V128/><F128/><W111/><G111/><T127/><D7/><U71/><E71/><V92/><F30/><W67/><AGARI ba="1,1" hai="17,20,27,52,59,62,64,66,67,80,82" m="37963" machi="67" ten="30,2000,0" yaku="8,1,54,1" doraHai="91" who="3" fromWho="3" sc="270,-11,240,-6,240,-6,240,33" />
</Scene>
<Scene>
<INIT seed="1,0,0,0,0,19" ten="259,234,234,273" oya="1" hai0="57,14,106,24,124,23,43,58,76,10,12,90,17" hai1="91,88,110,79,7,62,32,111,125,122,59,55,93" hai2="8,98,60,34,4,42,83,65,50,102,120,92,47" hai3="87,41,115,16,72,71,64,40,33,13,38,101,96"/><U1/><E122/><V0/><F34/><W99/><G72/><T48/><D106/><U86/><E32/><V126/><F126/><W44/><G40/><T123/><D124/><U61/><E125/><V95/><F120/><W56/><G71/><T130/><D123/><U31/><E31/><V135/><F135/><W36/><G33/><T112/><D112/><U119/><E119/><V27/><F83/><W117/><G115/><T103/><D103/><U116/><E116/><V84/><F27/><W9/><G117/><T25/><D130/><U30/><E30/><V118/><F118/><W52/><G64/><T39/><D39/><U80/><E61/><V114/><F114/><W66/><G66/><T53/><D76/><U45/><E45/><V109/><F109/><N who="1" m="41481" /><E93/><V113/><F113/><W129/><G129/><T35/><D35/><U82/><E82/><V54/><F92/><W132/><G132/><T21/><D43/><U78/><E78/><V105/><F105/><W69/><G69/><T121/><D121/><U107/><E107/><V11/><F42/><W81/><G36/><T73/><D73/><U20/><E20/><N who="0" m="7753" /><D12/><U100/><E100/><V104/><F104/><W89/><G101/><T74/><D74/><U133/><E133/><V46/><F102/><W131/><G131/><T94/><D58/><U15/><E15/><V3/><F3/><W6/><G6/><T2/><D2/><U68/><E68/><V134/><F4/><W5/><G5/><T97/><AGARI ba="0,0" hai="10,14,17,24,25,48,53,57,90,94,97" m="7753" machi="97" ten="30,7900,0" yaku="8,1,52,3" doraHai="19" who="0" fromWho="0" sc="259,79,234,-39,234,-20,273,-20" />
</Scene>
<Scene>
<INIT seed="2,0,0,1,0,129" ten="338,195,214,253" oya="2" hai0="116,84,118,31,87,88,65,61,78,13,99,131,109" hai1="79,55,72,102,42,126,105,94,103,8,134,2,133" hai2="117,58,90,20,23,86,21,122,69,33,38,54,36" hai3="29,89,18,30,7,22,3,39,92,106,46,17,130"/><V52/><F122/><W28/><G106/><T37/><D131/><U110/><E110/><V73/><F117/><N who="0" m="45162" /><D109/><U48/><E105/><V53/><F73/><W24/><G130/><T85/><D37/><U50/><E126/><V104/><F69/><W49/><G39/><T135/><D31/><N who="3" m="11849" /><G7/><T76/><D135/><N who="1" m="51723" /><E42/><V81/><F33/><W125/><G3/><T95/><D13/><U127/><E127/><V98/><REACH who="2" step="1"/><F58/><AGARI ba="0,0" hai="58,61,65,76,78,84,85,87,88,95,99" m="45162" machi="58" ten="30,2000,0" yaku="12,1,54,1" doraHai="129" who="0" fromWho="2" sc="338,20,195,0,214,-20,253,0" />
</Scene>
<Scene>
<INIT seed="3,0,0,1,4,123" ten="358,195,194,253" oya="3" hai0="93,111,40,14,119,21,122,110,130,70,17,101,108" hai1="52,8,12,3,107,47,37,22,116,135,51,95,114" hai2="32,80,42,65,31,68,98,27,92,133,134,127,99" hai3="2,46,77,78,112,129,88,48,39,56,75,86,26"/><W91/><G112/><T5/><D122/><U97/><E114/><V19/><F127/><W57/><G75/><T66/><D119/><U74/><E74/><V20/><F42/><W84/><G2/><T94/><D130/><U81/><E116/><V55/><F65/><W54/><G129/><T104/><D40/><U41/><E135/><V125/><F68/><W11/><G39/><T89/><D5/><U83/><E107/><V60/><F125/><W69/><G69/><T67/><D70/><U64/><E22/><V103/><F80/><W87/><G11/><T1/><D1/><U49/><E64/><N who="0" m="24617" /><D89/><N who="3" m="34377" /><G26/><T115/><D115/><U113/><E3/><V44/><F99/><AGARI ba="0,0" hai="14,17,21,93,94,99,101,104,108,110,111" m="24617" machi="99" ten="40,8000,1" yaku="14,1,52,3" doraHai="123" who="0" fromWho="2" sc="358,80,195,0,194,-80,253,0" />
</Scene>
<Scene>
<INIT seed="4,0,0,1,0,127" ten="438,195,114,253" oya="0" hai0="35,96,92,117,41,2,135,124,31,130,123,56,82" hai1="18,37,34,105,91,111,113,50,7,115,25,29,60" hai2="120,98,38,84,24,83,126,72,128,89,6,106,80" hai3="133,93,121,63,85,57,47,118,73,65,108,69,43"/><T20/><D124/><U125/><E125/><V90/><F126/><W71/><G73/><T48/><D2/><U62/><E37/><V17/><F38/><W112/><G108/><T68/><D68/><N who="3" m="26185" /><G85/><T81/><D117/><U110/><E105/><V30/><F120/><W94/><G93/><T12/><D35/><U53/><E7/><V55/><F6/><W44/><G94/><T95/><D123/><U103/><E103/><V119/><F119/><W46/><G118/><T102/><D135/><U86/><E18/><V51/><F17/><W99/><G99/><T70/><D70/><U33/><E33/><V78/><F90/><W79/><G79/><T28/><D28/><U122/><E122/><V32/><F98/><W22/><G22/><T9/><D20/><U114/><E110/><V45/><REACH who="2" step="1"/><F106/><REACH who="2" ten="438,195,104,253" step="2"/><W42/><G121/><T23/><D96/><U74/><E111/><V54/><F54/><W132/><G112/><T107/><D107/><U75/><E75/><V76/><F76/><W15/><G15/><T0/><D12/><U26/><E74/><V129/><AGARI ba="0,1" hai="24,30,32,45,51,55,72,78,80,83,84,89,128,129" machi="129" ten="30,7900,0" yaku="1,1,0,1,52,2,53,0" doraHai="127" doraHaiUra="109" who="2" fromWho="2" sc="438,-39,195,-20,104,89,253,-20" />
</Scene>
<Scene>
<INIT seed="5,0,0,5,5,38" ten="399,175,193,233" oya="1" hai0="108,103,62,90,134,87,109,91,69,11,5,93,16" hai1="120,47,59,114,125,28,23,77,58,65,129,26,89" hai2="31,27,4,76,115,34,20,135,71,112,132,53,117" hai3="110,86,48,63,39,54,106,113,57,3,107,97,33"/><U78/><E120/><V88/><F71/><W37/><G110/><T13/><D134/><N who="2" m="51242" /><F76/><N who="1" m="29289" /><E114/><N who="2" m="43563" /><F117/><W43/><G113/><T118/><D118/><U75/><E75/><V44/><F4/><W95/><G3/><T49/><D103/><U126/><E129/><V22/><F88/><W36/><G33/><T68/><D68/><U124/><E65/><V119/><F119/><W116/><G116/><T61/><D69/><U80/><E47/><V66/><F66/><W18/><G18/><T12/><D109/><U30/><E30/><V131/><F131/><W96/><G86/><AGARI ba="0,0" hai="23,26,28,58,59,80,86,89,124,125,126" m="29289" machi="86" ten="40,2000,0" yaku="18,1" doraHai="38" who="1" fromWho="3" sc="399,0,175,20,193,0,233,-20" />
</Scene>
<Scene>
<INIT seed="5,1,0,4,3,73" ten="399,195,193,213" oya="1" hai0="123,2,126,34,25,43,37,106,101,41,132,135,8" hai1="62,104,4,67,17,80,36,112,54,40,12,65,97" hai2="66,1,93,77,31,5,28,86,51,15,82,99,94" hai3="7,130,84,113,88,61,75,89,121,90,3,47,18"/><U119/><E119/><V129/><F1/><W59/><G121/><T69/><D123/><U38/><E4/><V11/><F129/><W111/><G111/><T20/><D34/><U110/><E110/><V107/><F107/><W91/><G75/><T29/><D69/><U116/><E116/><V14/><F94/><W79/><G130/><T6/><D126/><U39/><E40/><V92/><F93/><W0/><G113/><T125/><D125/><U48/><E112/><V122/><F122/><W115/><G115/><T33/><D20/><U74/><E104/><V13/><F66/><W102/><G102/><T52/><D52/><U45/><E97/><V50/><F14/><W55/><G47/><N who="0" m="23983" /><D43/><U60/><E65/><V23/><F28/><W21/><N who="3" m="23040" /><DORA hai="95" /><W100/><G100/><T83/><D83/><U42/><E42/><V46/><F46/><W35/><G35/><T78/><D78/><U32/><E32/><V120/><F120/><W118/><G118/><T117/><D117/><U58/><E60/><V68/><F68/><W19/><G7/><T49/><D49/><U9/><REACH who="1" step="1"/><E38/><REACH who="1" ten="399,185,193,213" step="2"/><V87/><F5/><W85/><G3/><T44/><D106/><U16/><E16/><N who="3" m="6186" /><G0/><T133/><D2/><U103/><E103/><V30/><F30/><W53/><G53/><T70/><D101/><U81/><E81/><V96/><F31/><W10/><G55/><T71/><D29/><U128/><E128/><V64/><F64/><W127/><G61/><T72/><D6/><U108/><E108/><V63/><F63/><W56/><G127/><T105/><D105/><RYUUKYOKU ba="1,1" sc="399,-10,185,30,193,-10,213,-10" hai1="9,12,17,36,39,45,48,54,58,62,67,74,80" />
</Scene>
<Scene>
<INIT seed="5,2,1,4,3,23" ten="389,215,183,203" oya="1" hai0="112,58,133,118,101,114,70,14,22,3,77,124,131" hai1="115,57,41,20,47,44,55,48,90,31,87,36,74" hai2="49,93,39,128,111,26,64,102,83,104,69,134,28" hai3="24,37,0,51,89,96,10,72,19,29,52,30,129"/><U16/><E115/><N who="0" m="44073" /><D70/><U94/><E74/><V105/><F111/><W33/><G37/><T45/><D3/><U35/><E35/><V27/><F39/><W9/><G72/><T106/><D118/><U109/><E109/><V56/><F134/><W12/><G129/><T62/><D133/><U60/><E31/><V50/><F69/><W67/><G67/><T108/><D108/><U126/><E126/><V121/><F121/><W78/><G78/><T117/><D117/><U130/><E130/><V18/><F104/><W98/><G30/><T76/><D131/><U1/><E1/><V15/><F105/><W6/><REACH who="3" step="1"/><G89/><REACH who="3" ten="389,215,183,193" step="2"/><T135/><D135/><U81/><E81/><V91/><F83/><W84/><G84/><T120/><D120/><U82/><E82/><V68/><F28/><W61/><G61/><T88/><D62/><U66/><E36/><V132/><F128/><W32/><G32/><T119/><D119/><U25/><REACH who="1" step="1"/><E41/><REACH who="1" ten="389,205,183,193" step="2"/><V80/><F80/><W123/><G123/><T5/><D124/><U42/><E42/><V38/><F38/><W21/><G21/><T95/><D22/><U46/><AGARI ba="2,3" hai="16,20,25,44,46,47,48,55,57,60,66,87,90,94" machi="46" ten="20,18000,2" yaku="1,1,0,1,7,1,8,1,52,1,54,1,53,0" doraHai="23" doraHaiUra="8" who="1" fromWho="1" sc="389,-62,205,216,183,-62,193,-62" />
</Scene>
<Scene>
<INIT seed="5,3,0,3,2,46" ten="327,421,121,131" oya="1" hai0="84,79,114,50,61,71,74,45,60,1,17,42,37" hai1="87,134,68,113,95,0,131,117,47,123,64,54,7" hai2="35,77,86,59,105,29,102,40,14,57,82,103,63" hai3="119,10,70,38,90,34,121,25,33,13,55,106,20"/><U73/><E123/><V18/><F35/><W91/><G121/><T39/><D74/><U2/><E117/><V135/><F29/><W118/><G70/><T98/><D1/><U80/><E7/><V21/><F135/><W93/><G38/><T111/><D111/><U52/><E73/><V72/><F72/><W36/><G36/><T126/><D126/><U75/><E75/><V67/><F105/><W104/><G55/><T65/><D114/><U30/><E30/><V116/><F116/><N who="3" m="44587" /><G91/><T66/><D98/><U83/><E68/><V97/><F97/><N who="3" m="57527" /><G20/><T48/><D37/><U16/><E64/><V99/><F99/><W11/><G11/><T122/><D122/><U69/><E69/><V4/><F40/><W129/><G129/><T58/><REACH who="0" step="1"/><D17/><REACH who="0" ten="317,421,121,131" step="2"/><U100/><E16/><V53/><REACH who="2" step="1"/><F4/><REACH who="2" ten="317,421,111,131" step="2"/><N who="3" m="3271" /><G106/><T51/><D51/><AGARI ba="3,2" hai="14,18,21,51,53,57,59,63,67,77,82,86,102,103" machi="51" ten="30,7700,0" yaku="1,1,7,1,8,1,52,1,53,0" doraHai="46" doraHaiUra="109" who="2" fromWho="0" sc="317,-86,421,0,111,106,131,0" />
</Scene>
<Scene>
<INIT seed="6,0,0,4,3,10" ten="231,421,217,131" oya="2" hai0="41,30,6,122,103,83,84,133,13,77,60,3,81" hai1="99,67,24,88,56,33,110,64,43,38,114,109,29" hai2="9,72,59,21,106,19,74,65,90,95,126,25,111" hai3="129,16,116,108,69,66,12,20,117,62,63,51,112"/><V94/><F106/><W34/><G34/><T48/><D122/><U50/><E38/><V15/><F126/><W58/><G108/><T113/><D3/><U132/><E114/><V45/><F111/><W49/><G129/><T123/><D113/><U93/><E132/><V119/><F119/><W31/><G31/><T82/><D123/><U23/><E33/><V7/><F95/><W80/><G112/><T18/><D6/><U92/><E110/><V87/><REACH who="2" step="1"/><F45/><REACH who="2" ten="231,421,207,131" step="2"/><W11/><G116/><T8/><D133/><U96/><E109/><V57/><F57/><W120/><G117/><T102/><D82/><U54/><E43/><V127/><F127/><W32/><G120/><T115/><D83/><U118/><E118/><V128/><F128/><W121/><G121/><T71/><D115/><U37/><E37/><V91/><F91/><AGARI ba="0,1" hai="23,24,29,50,54,56,64,67,88,91,92,93,96,99" machi="91" ten="30,7700,0" yaku="7,1,9,1,8,1,54,1" doraHai="10" who="1" fromWho="2" sc="231,0,421,87,207,-77,131,0" />
</Scene>
<Scene>
<INIT seed="7,0,0,4,1,100" ten="231,508,130,131" oya="3" hai0="80,135,64,111,50,125,110,78,6,79,92,123,89" hai1="81,97,63,126,14,19,88,121,51,66,46,33,109" hai2="57,59,26,103,45,86,71,133,94,32,101,11,77" hai3="98,113,31,12,21,38,116,118,1,56,48,23,102"/><W3/><G38/><T70/><D123/><U8/><E121/><V16/><F71/><W87/><G87/><T65/><D135/><U4/><E109/><V134/><F32/><W132/><G132/><N who="2" m="50793" /><F45/><W112/><G48/><T27/><D125/><U39/><E33/><V10/><F10/><W49/><G49/><T7/><D27/><U34/><E34/><V68/><F68/><W107/><G56/><N who="2" m="21577" /><F77/><W15/><G98/><T0/><D70/><U114/><E97/><V43/><F43/><W25/><G102/><T41/><D78/><U22/><E88/><N who="2" m="53527" /><F26/><W74/><G74/><T55/><D79/><U36/><E19/><V117/><F117/><N who="3" m="45163" /><G107/><T52/><D41/><U104/><E14/><AGARI ba="0,0" hai="11,14,16,101,103" m="53527,21577,50793" machi="14" ten="30,3900,0" yaku="20,1,54,2" doraHai="100" who="2" fromWho="1" sc="231,0,508,-39,130,39,131,0" owari="231,3.0,469,57.0,169,-23.0,131,-37.0" />
</Scene>
</mjloggm>