<mjloggm ver="2.3"><GO type="169"/><UN n0="%E3%83%AA%E3%83%84%E3%83%9F%E3%82%B5%E3%83%B3" n1="%E5%AF%BE%E5%AD%90%E3%81%AE%E7%8E%8B%E6%A7%98" n2="%E3%83%96%E3%83%83%E3%83%91%E7%A5%9E" n3="%E5%A4%AA%E3%81%8F%E3%81%AA%E3%81%84%E3%81%8A" dan="18,17,17,17" rate="2235,2156,2130,2186" sx="M,M,M,M"/><TAIKYOKU oya="0"/>

<Scene>
<INIT seed="0,0,0,4,3,131" ten="250,250,250,250" oya="0" hai0="87,54,45,25,2,102,7,37,31,124,107,1,127" hai1="51,13,16,82,33,121,52,100,5,6,28,3,35" hai2="69,89,133,22,123,8,66,129,55,71,134,78,43" hai3="20,41,106,119,27,76,93,135,30,126,114,125,44"/><T96/><D7/><U34/><E121/><V53/><F123/><W29/><G119/><T101/><D101/><U39/><E39/><V85/><F78/><W56/><G114/><T61/><D87/><U118/><E118/><V84/><F129/><W81/><G106/><T92/><D92/><U73/><E100/><V130/><F130/><W88/><G56/><T99/><D99/><U115/><E115/><V70/><F66/><W21/><G21/><T109/><D109/><U32/><E3/><V80/><F84/><W128/><G30/><T46/><D46/><U83/><N who="1" m="8704" /><DORA hai="9" /><U79/><E28/><V75/><F75/><W42/><G128/><T60/><D25/><U36/><E36/><V65/><F65/><W23/><G23/><T19/><D19/><U97/><E83/><V77/><F77/><W62/><G62/><T64/><D31/><U74/><E97/><V122/><F122/><W105/><G105/><T108/><D61/><U11/><REACH who="1" step="1"/><E74/><REACH who="1" ten="250,240,250,250" step="2"/><V26/><F80/><W103/><G103/><T0/><D37/><U86/><E86/><V112/><F85/><W48/><G81/><T91/><D102/><U4/><E4/><V98/><F98/><W132/><G76/><T95/><D107/><U113/><E113/><V111/><F112/><W67/><G29/><T12/><D0/><U58/><AGARI ba="0,1" hai="5,6,11,13,16,51,52,58,73,79,82" m="8704" machi="58" ten="60,8000,1" yaku="1,1,0,1,52,1,54,2,53,0" doraHai="131,9" doraHaiUra="38,110" who="1" fromWho="1" sc="250,-40,240,90,250,-20,250,-20" />
</Scene>
<Scene>
<INIT seed="1,0,0,5,4,98" ten="210,330,230,230" oya="1" hai0="104,96,50,51,56,8,26,86,14,4,36,19,114" hai1="32,95,99,59,118,74,135,9,133,42,0,43,83" hai2="122,15,17,41,66,2,5,89,31,124,1,37,72" hai3="94,131,53,105,112,6,128,68,125,121,60,113,64"/><U91/><E32/><V24/><F72/><W110/><G105/><T61/><D36/><U97/><E118/><V54/><F122/><W7/><G121/><T107/><D114/><U70/><E70/><V103/><F124/><W108/><G94/><T44/><D86/><U115/><E115/><N who="3" m="44106" /><G6/><T92/><D107/><U87/><E59/><V30/><F66/><W52/><G7/><T76/><D76/><U90/><E74/><V13/><F41/><W126/><G53/><T16/><D104/><U55/><E55/><V48/><F37/><W25/><G25/><T65/><D26/><U132/><E99/><V73/><F73/><W23/><G23/><T11/><D11/><U102/><E91/><V67/><F67/><W93/><G93/><T79/><D79/><U100/><E102/><V127/><F127/><N who="3" m="48651" /><G52/><T12/><D12/><U18/><E0/><V82/><F1/><W39/><G39/><T120/><D120/><U80/><E80/><V130/><F2/><W40/><G40/><T49/><REACH who="0" step="1"/><D44/><REACH who="0" ten="200,330,230,230" step="2"/><U62/><E135/><V21/><F24/><W88/><G110/><T28/><D28/><U71/><E133/><V3/><F31/><W78/><G78/><T29/><D29/><U46/><E132/><V117/><F30/><W106/><G106/><T134/><D134/><U38/><E46/><V81/><F3/><W58/><G108/><T45/><D45/><U75/><E75/><V20/><F13/><W109/><G109/><T111/><D111/><U85/><E85/><V116/><F15/><W119/><G119/><T77/><D77/><U123/><E123/><RYUUKYOKU ba="0,1" sc="200,30,330,-10,230,-10,230,-10" hai0="4,8,14,16,19,49,50,51,56,61,65,92,96" />
</Scene>
<Scene>
<INIT seed="2,1,1,2,4,75" ten="230,320,220,220" oya="2" hai0="4,54,121,118,97,42,116,119,14,52,6,47,81" hai1="133,43,35,117,101,73,69,105,104,25,24,41,100" hai2="95,113,109,111,27,131,71,38,130,92,63,23,135" hai3="61,11,30,28,84,134,8,22,79,12,74,76,108"/><V9/><F113/><W3/><G74/><T20/><D121/><U48/><E73/><V80/><F38/><W66/><G108/><N who="2" m="41545" /><F135/><W15/><G134/><T60/><D97/><U91/><E133/><V55/><F9/><N who="3" m="3659" /><G3/><T90/><D90/><U88/><E69/><V49/><F80/><W56/><G84/><T58/><D54/><U112/><E48/><V36/><F36/><W99/><G99/><T107/><D81/><U29/><E29/><N who="3" m="11370" /><G22/><T123/><D107/><U78/><E35/><V110/><F110/><W62/><G61/><T57/><D57/><U26/><E26/><V125/><F125/><W114/><G114/><T70/><D70/><U87/><E112/><V68/><F68/><W128/><G128/><N who="2" m="49193" /><F63/><W31/><N who="3" m="11378" /><W37/><DORA hai="34" /><G37/><N who="0" m="21967" /><D123/><U115/><E115/><V83/><F71/><W124/><G124/><T17/><AGARI ba="1,1" hai="4,6,14,17,20,52,58,60,116,118,119" m="21967" machi="17" ten="40,2700,0" yaku="12,1,54,1" doraHai="75,34" who="0" fromWho="0" sc="230,40,320,-8,220,-14,220,-8" />
</Scene>
<Scene>
<INIT seed="3,0,0,5,2,66" ten="270,312,206,212" oya="3" hai0="126,32,36,61,56,1,76,63,9,45,113,75,65" hai1="114,7,4,71,109,89,19,131,17,60,73,124,91" hai2="55,110,116,104,99,5,6,28,77,41,46,24,38" hai3="70,105,44,88,115,97,111,72,27,3,82,67,135"/><W11/><G115/><T112/><D32/><U20/><E73/><V122/><F116/><W95/><G135/><T132/><D132/><U33/><E33/><V80/><F110/><W94/><G111/><T29/><D29/><U31/><E109/><V48/><F122/><W90/><G105/><T102/><D102/><U85/><E85/><V14/><F14/><W23/><G44/><T125/><D76/><U84/><E84/><V62/><F62/><W93/><G72/><T35/><D35/><U26/><E60/><V16/><F28/><W92/><G82/><T123/><D9/><U130/><E31/><V18/><F104/><W107/><G107/><T86/><D86/><U68/><E26/><V118/><F118/><W106/><G106/><T100/><D100/><U103/><E103/><V49/><F99/><N who="3" m="57735" /><G70/><N who="0" m="42287" /><D1/><U96/><E20/><V10/><F38/><W47/><G3/><T34/><D34/><U120/><E114/><N who="0" m="44137" /><D75/><U22/><E22/><V30/><F80/><W40/><G11/><T121/><D45/><U78/><E120/><N who="0" m="46153" /><D36/><U54/><E78/><V57/><F77/><W43/><G47/><T58/><D58/><U108/><E108/><V64/><F10/><W101/><G101/><T79/><D79/><U39/><E39/><V98/><F30/><N who="3" m="17791" /><G97/><T69/><D69/><U83/><E96/><V15/><F98/><W37/><G37/><T42/><D42/><N who="3" m="15913" /><G90/><T53/><AGARI ba="0,0" hai="53,56,63,125,126" m="46153,44137,42287" machi="53" ten="40,8000,1" yaku="11,1,34,2,52,1" doraHai="66" who="0" fromWho="0" sc="270,80,312,-20,206,-20,212,-40" />
</Scene>
<Scene>
<INIT seed="4,0,0,5,1,106" ten="350,292,186,172" oya="0" hai0="0,118,17,126,79,99,15,133,103,25,87,120,3" hai1="52,131,116,40,59,33,113,91,56,115,95,108,2" hai2="98,92,24,122,37,135,82,16,81,114,85,35,28" hai3="123,21,60,53,100,67,129,110,11,117,50,86,101"/><T105/><D120/><U46/><E116/><V43/><F122/><W63/><G123/><T7/><D118/><U72/><E108/><V32/><F114/><N who="1" m="43529" /><E131/><V111/><F111/><W45/><G110/><T134/><D7/><U89/><E33/><V77/><F135/><W65/><G117/><T58/><D25/><U78/><E2/><V41/><F35/><W80/><G129/><T51/><D79/><U109/><E109/><V71/><F71/><W55/><G11/><T57/><D87/><N who="1" m="52671" /><E91/><V19/><F81/><W5/><G5/><T38/><D38/><N who="1" m="21783" /><E52/><V61/><F61/><W49/><G21/><T22/><D0/><U66/><E66/><V27/><F37/><W88/><G63/><T1/><D3/><U70/><E70/><V31/><F31/><W47/><REACH who="3" step="1"/><G67/><REACH who="3" ten="350,292,186,162" step="2"/><T76/><D134/><U107/><E107/><V42/><REACH who="2" step="1"/><F27/><REACH who="2" ten="350,292,176,162" step="2"/><W54/><G54/><T29/><D133/><U36/><E36/><V14/><F14/><W26/><G26/><T90/><D15/><U20/><E20/><V6/><F6/><W39/><G39/><T112/><D22/><U10/><E10/><V30/><F30/><W64/><G64/><T96/><D29/><U84/><E84/><V18/><F18/><W94/><G94/><T62/><D17/><U83/><AGARI ba="0,2" hai="56,59,72,78,83" m="21783,52671,43529" machi="83" ten="30,4000,0" yaku="15,1,11,1,52,1" doraHai="106" who="1" fromWho="1" sc="350,-20,292,60,176,-10,162,-10" />
</Scene>
<Scene>
<INIT seed="5,0,0,1,2,101" ten="330,352,166,152" oya="1" hai0="123,78,91,5,126,93,52,39,120,71,131,107,56" hai1="129,16,112,66,104,117,132,62,124,106,77,73,17" hai2="26,58,49,11,67,121,127,29,7,35,32,14,15" hai3="33,19,92,23,34,133,76,96,44,0,54,42,89"/><U70/><E117/><V79/><F121/><W111/><G111/><T3/><D71/><U48/><E112/><V31/><F127/><W86/><G0/><T130/><D39/><U85/><E73/><V21/><F79/><W8/><G133/><T45/><D78/><U40/><E40/><V108/><F108/><W6/><G54/><T24/><D45/><U100/><E100/><V134/><F134/><W20/><G20/><T68/><D68/><U110/><E132/><V50/><F67/><W115/><G115/><T65/><D65/><U37/><E37/><V1/><F58/><W55/><G55/><T64/><D64/><U103/><E103/><V90/><F90/><W113/><G113/><T10/><D24/><U53/><E110/><V87/><F87/><W28/><G28/><N who="2" m="10825" /><F50/><W94/><G6/><T114/><D126/><U25/><E124/><V72/><F49/><W18/><G8/><T2/><D114/><U135/><E135/><V81/><F81/><W63/><G63/><T46/><D46/><U80/><E129/><V82/><F82/><W9/><G9/><T95/><D10/><U57/><REACH who="1" step="1"/><E17/><REACH who="1" ten="330,342,166,152" step="2"/><N who="2" m="12591" /><F72/><W99/><G19/><T43/><D130/><U12/><E12/><AGARI ba="0,1" hai="1,7,11,12,14,15,32,35" m="12591,10825" machi="12" ten="30,8000,1" yaku="35,5" doraHai="101" who="2" fromWho="1" sc="330,0,342,-80,166,90,152,0" />
</Scene>
<Scene>
<INIT seed="6,0,0,3,5,18" ten="330,262,256,152" oya="2" hai0="121,43,60,14,32,27,107,94,30,72,134,16,12" hai1="95,91,69,109,73,129,47,31,105,78,86,37,40" hai2="8,62,126,135,133,111,128,98,127,34,118,101,39" hai3="63,5,13,15,122,59,1,50,123,90,68,53,61"/><V124/><F34/><W108/><G108/><T65/><D107/><U52/><E109/><V44/><F111/><W103/><G103/><T80/><D121/><U36/><E69/><V88/><F118/><W55/><G1/><T125/><D43/><U71/><E71/><V56/><F8/><W110/><G110/><T19/><D125/><U92/><E92/><N who="2" m="56583" /><F101/><W20/><G5/><T97/><D80/><U106/><E37/><V75/><F75/><W113/><G113/><T17/><D72/><U24/><E129/><V42/><F128/><W85/><G68/><T33/><D33/><U57/><E73/><V87/><F87/><W114/><G114/><T28/><D134/><U83/><E78/><V84/><F84/><W74/><G74/><T66/><D32/><U22/><REACH who="1" step="1"/><E83/><REACH who="1" ten="330,252,256,152" step="2"/><V64/><AGARI ba="0,1" hai="39,42,44,56,62,64,124,126,127,133,135" m="56583" machi="64" ten="40,3900,0" yaku="18,1,54,1" doraHai="18" who="2" fromWho="2" sc="330,-13,252,-13,256,49,152,-13" />
</Scene>
<Scene>
<INIT seed="6,1,0,2,2,71" ten="317,239,305,139" oya="2" hai0="7,39,105,121,0,16,96,127,18,79,9,64,30" hai1="111,20,117,49,83,43,24,32,11,15,112,92,29" hai2="129,62,13,3,44,55,72,100,25,109,125,23,113" hai3="130,28,80,106,75,104,45,74,57,134,5,120,76"/><V93/><F3/><W1/><G120/><T65/><D121/><U84/><E111/><V87/><F72/><W118/><G118/><T122/><D122/><U95/><E117/><V12/><F109/><W70/><G70/><T77/><D30/><U6/><E112/><V82/><F113/><W107/><G130/><T81/><D77/><U114/><E114/><V67/><F129/><W38/><G134/><T116/><D105/><U48/><E32/><V56/><F125/><W110/><G110/><T52/><D96/><U47/><REACH who="1" step="1"/><E49/><REACH who="1" ten="317,229,305,139" step="2"/><N who="2" m="29095" /><F100/><W135/><G135/><T41/><D116/><U40/><E40/><V27/><F93/><W19/><G106/><T131/><D131/><U60/><E60/><V90/><F27/><W66/><G104/><T69/><D41/><U61/><E61/><V89/><F90/><AGARI ba="1,1" hai="6,11,15,20,24,29,43,47,48,83,84,90,92,95" machi="90" ten="30,7700,0" yaku="1,1,7,1,8,1,53,1" doraHai="71" doraHaiUra="42" who="1" fromWho="2" sc="317,0,229,90,305,-80,139,0" />
</Scene>
<Scene>
<INIT seed="7,0,0,0,5,62" ten="317,319,225,139" oya="3" hai0="94,29,25,98,20,106,32,18,132,0,72,54,51" hai1="70,33,107,115,17,118,69,110,40,87,52,90,27" hai2="83,75,129,5,134,55,111,108,36,3,46,127,19" hai3="92,39,7,96,74,34,4,123,22,47,15,133,44"/><W11/><G123/><T23/><D72/><U82/><E110/><V86/><F75/><W91/><G34/><T57/><D0/><U9/><E107/><V24/><F127/><W49/><G74/><T126/><D126/><U80/><E40/><V38/><F129/><W76/><G133/><T114/><D132/><U1/><E82/><V63/><F134/><W116/><G116/><T99/><D114/><U81/><E81/><V28/><F19/><W103/><G76/><T48/><D106/><U12/><E1/><V102/><F102/><W58/><G4/><T119/><D119/><U45/><E118/><V88/><F5/><W31/><G39/><T26/><D32/><U43/><E115/><V122/><F3/><W10/><G10/><T78/><D78/><U124/><E124/><V35/><F122/><W93/><G58/><T120/><D120/><U30/><E52/><V130/><F130/><W16/><G31/><T67/><D67/><U2/><E2/><V8/><F8/><W135/><G135/><T6/><D6/><U109/><E109/><V125/><F125/><W37/><G37/><AGARI ba="0,0" hai="9,12,17,27,30,33,37,43,45,69,70,80,87,90" machi="37" ten="30,1000,0" yaku="7,1" doraHai="62" who="1" fromWho="3" sc="317,0,319,10,225,0,139,-10" owari="317,12.0,329,42.0,225,-17.0,129,-37.0" />
</Scene>
</mjloggm>