<mjloggm ver="2.3"><GO type="97"/><UN n0="%E5%A4%AA%E3%81%8F%E3%81%AA%E3%81%84%E3%81%8A" n1="%62%6F%69%6C%64" n2="%53%49%4E%59" n3="%E5%A5%B3%E5%AD%90%E6%9B%B4%E8%A1%A3%E5%AE%A4" dan="15,14,14,15" rate="2022,1943,1994,1974" sx="M,M,M,M"/><TAIKYOKU oya="0"/>

<Scene>
<INIT seed="0,0,0,0,1,134" ten="250,250,250,250" oya="0" hai0="9,48,76,42,75,127,112,24,21,70,93,115,49" hai1="69,41,98,74,116,131,92,39,18,79,60,97,35" hai2="59,43,132,47,71,16,90,114,37,78,101,2,95" hai3="85,130,50,118,119,103,86,1,20,34,40,44,52"/><T63/><D9/><U28/><E116/><V53/><F114/><W68/><G34/><T84/><D75/><U133/><E133/><V105/><F132/><W54/><G1/><T58/><D70/><U55/><E98/><V51/><F2/><W73/><G73/><T27/><D27/><U120/><E131/><V106/><F78/><W62/><G130/><T99/><D127/><U5/><E79/><V102/><F71/><W10/><G10/><T13/><D13/><U19/><E55/><V67/><F67/><W17/><G103/><N who="0" m="60911" /><D115/><U29/><E120/><V91/><F91/><W87/><G68/><T22/><D112/><U77/><E69/><V36/><F36/><W129/><G129/><T124/><D124/><U64/><E39/><V128/><F128/><W14/><G62/><T81/><D42/><U94/><E41/><V89/><F89/><W30/><G30/><N who="0" m="17679" /><D22/><U8/><E35/><V108/><F108/><W57/><G118/><T11/><D11/><U109/><E8/><V72/><F72/><W125/><G119/><T38/><D38/><U4/><E109/><V135/><F135/><W104/><G125/><T46/><D46/><U117/><E74/><V100/><F106/><W12/><G12/><T121/><D121/><U88/><E117/><V66/><F105/><W113/><G113/><T7/><D7/><U32/><E4/><V3/><F3/><W122/><G122/><T6/><D6/><U83/><E5/><V31/><F66/><AGARI ba="0,0" hai="48,49,58,63,66,76,81,84" m="17679,60911" machi="66" ten="30,2900,0" yaku="25,1,8,1" doraHai="134" who="0" fromWho="2" sc="250,29,250,0,250,-29,250,0" />
</Scene>
<Scene>
<INIT seed="0,1,0,4,5,91" ten="279,250,221,250" oya="0" hai0="84,90,74,64,101,35,57,24,0,29,75,9,54" hai1="40,37,3,88,123,70,7,30,135,59,106,126,85" hai2="41,93,60,47,25,16,120,79,100,107,76,58,32" hai3="121,34,89,119,39,53,46,28,26,97,78,49,42"/><T36/><D36/><U128/><E123/><V67/><F120/><W6/><G121/><T103/><D64/><U81/><E106/><V4/><F107/><W52/><G119/><T13/><D0/><U98/><E128/><V11/><F32/><W99/><G78/><T5/><D75/><U1/><E70/><V68/><F68/><W117/><G117/><T87/><D74/><U63/><E135/><V132/><F132/><W134/><G134/><T115/><D115/><U43/><E126/><V22/><F100/><W21/><G6/><T27/><D27/><U108/><E108/><V19/><F19/><W72/><G72/><T33/><D33/><U112/><E112/><V55/><F55/><N who="3" m="21067" /><G39/><T23/><D35/><U73/><E37/><V104/><F104/><W82/><G34/><T80/><REACH who="0" step="1"/><D87/><AGARI ba="1,0" hai="21,26,28,42,46,49,82,87,89,97,99" m="21067" machi="87" ten="30,2000,0" yaku="8,1,54,1" doraHai="91" who="3" fromWho="0" sc="279,-23,250,0,221,0,250,23" />
</Scene>
<Scene>
<INIT seed="1,0,0,0,3,37" ten="256,250,221,273" oya="1" hai0="29,59,25,125,83,68,96,114,10,11,33,56,66" hai1="34,108,0,4,40,3,74,7,57,70,17,80,129" hai2="63,133,110,128,23,104,64,47,113,77,106,62,116" hai3="8,49,111,124,122,9,81,86,72,119,22,97,60"/><U58/><E129/><V2/><F77/><W123/><G72/><T13/><D114/><U42/><E70/><V88/><F2/><N who="1" m="553" /><E74/><V38/><F128/><W41/><G119/><T65/><D125/><U50/><E80/><V112/><F116/><W78/><G124/><T85/><D96/><U30/><E50/><V35/><F35/><W84/><G97/><T5/><D11/><U43/><E108/><V14/><F110/><W54/><G111/><T87/><D87/><U92/><E92/><V28/><F133/><W1/><G84/><T126/><D126/><U101/><E101/><V31/><F63/><W103/><G103/><T89/><REACH who="0" step="1"/><D68/><REACH who="0" ten="246,250,221,273" step="2"/><U19/><E34/><V95/><F113/><W100/><G86/><T67/><AGARI ba="0,1" hai="5,10,13,25,29,33,56,59,65,66,67,83,85,89" machi="67" ten="30,7900,0" yaku="1,1,2,1,0,1,53,1" doraHai="37" doraHaiUra="76" who="0" fromWho="0" sc="246,89,250,-39,221,-20,273,-20" />
</Scene>
<Scene>
<INIT seed="2,0,0,2,3,126" ten="335,211,201,253" oya="2" hai0="46,53,6,114,30,108,45,93,16,94,117,55,18" hai1="89,36,129,110,61,9,119,62,11,54,34,21,3" hai2="43,97,63,74,71,23,112,10,17,25,115,50,12" hai3="44,122,121,84,99,37,132,59,90,124,47,105,32"/><V135/><F74/><W0/><G0/><T26/><D114/><U100/><E119/><V96/><F135/><W48/><G32/><T107/><D107/><U40/><E34/><V95/><F71/><W64/><G122/><T87/><D108/><U31/><E110/><V102/><F63/><W35/><G35/><T101/><D6/><U104/><E62/><V134/><F134/><W66/><G121/><T78/><D117/><U91/><E129/><V81/><F81/><W103/><G132/><T13/><D30/><U79/><E79/><V24/><F24/><W56/><G124/><T76/><D26/><U80/><E3/><V68/><F68/><W38/><G99/><N who="0" m="59631" /><D94/><U118/><E104/><V60/><F60/><W128/><G90/><T14/><D14/><U92/><E118/><V67/><F67/><W29/><G105/><T41/><D41/><U85/><E100/><V69/><F69/><W125/><G125/><T73/><D73/><U130/><E130/><V4/><REACH who="2" step="1"/><F97/><REACH who="2" ten="335,211,191,253" step="2"/><W70/><G70/><T52/><D76/><U27/><E80/><V86/><F86/><W131/><G84/><T133/><D133/><U8/><E85/><V120/><F120/><W106/><G128/><T113/><D78/><U127/><E61/><V33/><F33/><W2/><G131/><T111/><D87/><U72/><E72/><V116/><F116/><W39/><G64/><T82/><D82/><U28/><E127/><V1/><F1/><W58/><G66/><T88/><D111/><U77/><E27/><V5/><F5/><W22/><G2/><T123/><D123/><RYUUKYOKU ba="0,1" sc="335,-10,211,-10,191,30,253,-10" hai2="4,10,12,17,23,25,43,50,95,96,102,112,115" />
</Scene>
<Scene>
<INIT seed="2,1,1,0,3,70" ten="325,201,221,243" oya="2" hai0="3,86,71,5,134,129,98,79,39,68,2,65,91" hai1="26,21,113,82,19,61,0,102,54,22,44,125,133" hai2="37,41,58,51,103,105,81,56,99,100,53,38,87" hai3="24,4,7,62,111,94,75,127,31,1,40,108,27"/><V97/><F41/><W124/><G75/><T14/><D39/><U6/><E113/><V35/><F35/><W88/><G62/><T130/><D134/><U121/><E133/><V50/><F50/><W78/><G78/><T112/><D98/><U115/><E115/><V119/><F58/><W15/><G1/><N who="0" m="11" /><D79/><U126/><E121/><V33/><F33/><W85/><G40/><T25/><D25/><N who="3" m="9801" /><G31/><T18/><D5/><N who="3" m="2121" /><G15/><T128/><D65/><U73/><E61/><V123/><F123/><W69/><G69/><T131/><D131/><U16/><E102/><V47/><F119/><W9/><G9/><N who="0" m="6479" /><D112/><U32/><E73/><V84/><F47/><W116/><G116/><T104/><D104/><U120/><E82/><AGARI ba="1,1" hai="68,71,82,86,91,128,129,130" m="6479,11" machi="82" ten="40,1300,0" yaku="19,1" doraHai="70" who="0" fromWho="1" sc="325,26,201,-16,221,0,243,0" />
</Scene>
<Scene>
<INIT seed="3,0,0,4,3,115" ten="351,185,221,243" oya="3" hai0="121,53,112,114,134,86,25,27,111,49,66,12,38" hai1="57,100,37,69,97,50,104,129,127,2,78,85,1" hai2="45,93,70,88,118,67,28,68,30,8,108,24,6" hai3="4,135,11,61,60,119,5,107,16,62,47,51,84"/><W113/><G113/><N who="0" m="43627" /><D121/><U75/><E69/><V89/><F108/><W122/><G122/><T99/><D111/><U120/><E37/><V19/><F19/><W40/><G107/><T125/><D125/><U23/><E127/><V110/><F110/><W32/><G32/><T80/><D134/><U109/><E109/><V72/><F72/><W43/><G135/><T130/><D130/><U101/><E120/><V105/><F105/><W33/><G33/><T10/><D99/><U39/><E129/><V92/><F45/><W128/><G128/><T26/><D66/><U35/><E35/><V133/><F133/><W31/><G31/><T64/><D64/><U48/><E39/><V52/><F52/><N who="3" m="29823" /><G119/><T102/><D102/><U22/><E101/><V17/><F17/><W74/><G74/><T73/><D38/><U18/><E75/><V7/><F67/><W79/><G79/><N who="0" m="46367" /><D73/><U106/><E106/><V131/><F131/><W82/><G82/><T0/><D0/><U126/><E126/><V96/><F96/><W98/><G98/><T94/><D94/><U13/><E23/><V20/><F20/><W9/><G84/><T29/><D29/><U90/><E78/><V123/><F123/><W76/><G76/><T56/><D26/><U44/><E57/><V124/><F124/><W46/><G46/><T116/><D116/><U54/><E50/><V36/><F36/><W14/><G9/><T87/><D87/><U65/><E65/><V71/><F71/><W59/><G59/><T34/><D34/><U91/><E85/><V63/><F118/><W132/><G132/><RYUUKYOKU ba="0,0" sc="351,10,185,10,221,-30,243,10" hai0="10,12,25,27,49,53,56" hai1="1,2,13,18,22,44,48,54,90,91,97,100,104" hai3="4,5,11,14,16,40,43,60,61,62" />
</Scene>
<Scene>
<INIT seed="3,1,0,0,0,85" ten="361,195,191,253" oya="3" hai0="19,112,109,32,82,41,113,74,66,80,46,27,67" hai1="5,89,23,120,126,16,96,78,72,48,8,57,50" hai2="60,110,56,88,106,118,26,98,38,53,44,51,97" hai3="129,115,117,30,101,122,83,95,45,29,7,15,34"/><W71/><G122/><T20/><D109/><U37/><E120/><V6/><F118/><W13/><G117/><T130/><D130/><U63/><E37/><V52/><F110/><W1/><G115/><N who="0" m="44107" /><D32/><U102/><E126/><V40/><F106/><W132/><G71/><T3/><D3/><U2/><E72/><V73/><F73/><W42/><G1/><T116/><D116/><U75/><E78/><V0/><F26/><W105/><G105/><T12/><D12/><N who="3" m="4681" /><G34/><T135/><D135/><U77/><E77/><V121/><F121/><W70/><G70/><T33/><D33/><U31/><E31/><V36/><F36/><W55/><G42/><T28/><D28/><U76/><E76/><V9/><REACH who="2" step="1"/><F88/><REACH who="2" ten="361,195,181,253" step="2"/><W125/><G132/><T84/><D74/><U119/><E75/><V21/><F21/><W90/><G129/><T107/><D107/><U81/><E119/><V22/><F22/><W79/><G125/><T87/><D87/><U86/><E102/><V18/><F18/><W92/><G101/><T17/><D17/><U64/><REACH who="1" step="1"/><E96/><REACH who="1" ten="361,185,181,253" step="2"/><V25/><F25/><AGARI ba="1,2" hai="2,5,8,16,23,25,48,50,57,63,64,81,86,89" machi="25" ten="30,8000,1" yaku="1,1,2,1,7,1,52,1,54,1,53,0" doraHai="85" doraHaiUra="114" who="1" fromWho="2" sc="361,0,185,103,181,-83,253,0" owari="361,46.0,288,9.0,98,-40.0,253,-15.0" />
</Scene>
</mjloggm>