<mjloggm ver="2.3"><GO type="169"/><UN n0="%E3%81%94%E3%81%98%E3%82%83%E3%82%8B" n1="%73%61%70%6F%74%65%6E" n2="%E6%94%AF%E5%80%89%E6%9B%9C%E5%AD%90" n3="%E5%A4%AA%E3%81%8F%E3%81%AA%E3%81%84%E3%81%8A" dan="16,16,16,16" rate="2174,2062,2033,2117" sx="M,M,F,M"/><TAIKYOKU oya="0"/>

<Scene>
<INIT seed="0,0,0,0,2,134" ten="250,250,250,250" oya="0" hai0="120,10,121,135,90,11,104,114,41,122,56,124,113" hai1="91,100,83,71,111,18,59,3,116,23,7,46,57" hai2="62,39,68,52,117,105,49,34,76,106,80,75,65" hai3="4,44,5,133,132,81,53,88,82,86,0,112,1"/><T72/><D72/><U84/><E71/><V110/><F110/><W51/><G112/><N who="0" m="43115" /><D104/><U87/><E116/><V50/><F117/><W9/><REACH who="3" step="1"/><G82/><REACH who="3" ten="250,250,250,240" step="2"/><T16/><D135/><U123/><E83/><V73/><F80/><W127/><G127/><T67/><D67/><U61/><E111/><V8/><F65/><W15/><G15/><N who="0" m="7287" /><D41/><U107/><E3/><V108/><F108/><W78/><G78/><T131/><D56/><U125/><E59/><V129/><F76/><W45/><G45/><T98/><D98/><U93/><E57/><V22/><F68/><W77/><G77/><T60/><D60/><U19/><E61/><V101/><F62/><W13/><G13/><T12/><D90/><U25/><E91/><V28/><F73/><W94/><G94/><T47/><D47/><U31/><E93/><V115/><F75/><W74/><G74/><T48/><D48/><U70/><E46/><V35/><F49/><W79/><G79/><T118/><D118/><U37/><E70/><V64/><F50/><W14/><G14/><T17/><D124/><U20/><E125/><V26/><F39/><W36/><G36/><T32/><D131/><U103/><E37/><V97/><F129/><W109/><G109/><T128/><D128/><U2/><E2/><V126/><F126/><W130/><G130/><T42/><D42/><U54/><E107/><V33/><F115/><W85/><G85/><T24/><D122/><U27/><E123/><V40/><F64/><W30/><G30/><AGARI ba="0,1" hai="11,12,17,24,30,32,120,121" m="7287,43115" machi="30" ten="30,5800,0" yaku="34,2,54,1" doraHai="134" who="0" fromWho="3" sc="250,68,250,0,250,0,240,-58" />
</Scene>
<Scene>
<INIT seed="0,1,0,5,4,24" ten="318,250,250,182" oya="0" hai0="88,79,75,82,78,106,52,13,32,23,92,112,117" hai1="30,10,84,103,46,33,119,97,132,57,14,95,120" hai2="39,107,126,108,58,27,42,90,25,5,104,113,118" hai3="111,73,110,109,0,60,121,122,114,81,100,37,102"/><T6/><D32/><U128/><E120/><N who="3" m="46186" /><G37/><T1/><D106/><U11/><E119/><V83/><F113/><W125/><G0/><T16/><D117/><U80/><E132/><V49/><F118/><W76/><G60/><T74/><D112/><U116/><E116/><V129/><F39/><W87/><G114/><T124/><D124/><U31/><E128/><V34/><F129/><W67/><G67/><T8/><D52/><U93/><E33/><V3/><F126/><W91/><G125/><T63/><D63/><U26/><E95/><AGARI ba="1,0" hai="73,76,81,87,91,95,100,102,109,110,111" m="46186" machi="95" ten="40,8000,1" yaku="14,1,13,1,34,2" doraHai="24" who="3" fromWho="1" sc="318,0,250,-83,250,0,182,83" />
</Scene>
<Scene>
<INIT seed="1,0,0,2,1,108" ten="318,167,250,265" oya="1" hai0="18,90,32,20,107,112,56,30,98,101,59,80,15" hai1="31,17,93,5,34,10,102,39,27,75,130,110,64" hai2="122,103,71,33,100,76,83,43,63,0,113,124,16" hai3="54,84,119,69,24,46,1,109,105,132,40,73,67"/><U51/><E39/><V41/><F122/><W95/><G105/><T28/><D32/><U35/><E75/><V77/><F33/><W4/><G73/><T118/><D118/><U29/><E110/><V120/><F120/><W13/><G109/><T125/><D125/><U45/><E64/><V131/><F0/><W121/><G121/><T79/><D90/><U44/><E35/><V52/><F124/><W123/><G123/><T91/><D91/><U23/><E130/><V36/><F36/><W8/><G119/><T25/><D30/><U104/><E104/><V70/><F131/><W74/><G74/><T129/><D129/><U53/><E45/><V134/><F134/><W97/><G132/><T117/><D117/><U2/><E34/><V60/><F83/><W65/><G24/><T21/><REACH who="0" step="1"/><D112/><REACH who="0" ten="308,167,250,265" step="2"/><U82/><E31/><V128/><F128/><W86/><G69/><T127/><D127/><U106/><E29/><V126/><F126/><W66/><G1/><T19/><D19/><U37/><E17/><V68/><F68/><W55/><G97/><T6/><D6/><U116/><E5/><V72/><F16/><W87/><REACH who="3" step="1"/><G95/><REACH who="3" ten="308,167,250,255" step="2"/><T99/><D99/><U94/><E93/><V50/><F70/><W11/><G11/><T78/><D78/><U14/><E10/><V96/><F71/><W89/><G89/><T81/><D81/><U115/><E82/><N who="2" m="45319" /><F77/><W48/><AGARI ba="0,2" hai="4,8,13,40,46,48,54,55,65,66,67,84,86,87" machi="48" ten="30,4000,0" yaku="1,1,0,1,8,1,53,0" doraHai="108" doraHaiUra="92" who="3" fromWho="3" sc="308,-10,167,-20,250,-10,255,60" />
</Scene>
<Scene>
<INIT seed="2,0,0,4,5,18" ten="298,147,240,315" oya="2" hai0="0,110,85,76,108,88,36,126,103,111,22,49,53" hai1="81,67,105,70,135,133,5,102,10,109,11,78,12" hai2="97,83,25,32,128,68,6,91,89,96,113,54,104" hai3="16,41,19,107,134,73,61,26,71,62,64,15,112"/><V31/><F113/><W30/><G73/><T52/><D36/><U56/><E109/><V27/><F128/><W28/><G107/><T51/><D0/><U84/><E70/><V29/><F68/><W46/><G112/><T66/><D66/><U92/><E105/><V86/><F6/><W90/><G134/><N who="1" m="51210" /><E11/><V99/><F54/><N who="0" m="21098" /><D76/><U9/><E9/><V72/><F72/><W74/><G74/><T116/><D126/><U120/><E120/><V40/><F40/><W82/><G61/><T50/><D103/><U106/><E106/><V114/><F114/><W45/><G45/><T35/><D35/><U17/><E5/><V122/><F122/><W101/><G101/><T55/><D116/><U125/><E125/><V13/><F13/><W24/><G90/><T21/><D55/><U38/><E38/><V44/><F44/><W4/><G64/><T63/><D63/><N who="1" m="38375" /><E102/><V121/><F121/><W60/><G60/><T79/><D79/><U123/><E123/><V129/><F104/><W69/><G62/><T20/><D51/><U39/><E39/><V87/><F129/><W75/><G71/><T95/><AGARI ba="0,0" hai="20,21,22,49,50,85,88,95,108,110,111" m="21098" machi="95" ten="40,12000,2" yaku="14,1,52,3,54,2" doraHai="18" who="0" fromWho="0" sc="298,120,147,-30,240,-60,315,-30" />
</Scene>
<Scene>
<INIT seed="3,0,0,4,2,120" ten="418,117,180,285" oya="3" hai0="85,94,61,42,134,21,24,88,119,67,91,100,117" hai1="75,74,69,54,33,118,6,68,31,77,30,106,133" hai2="43,73,60,108,79,64,126,17,127,53,78,125,14" hai3="29,132,19,3,76,10,90,51,112,101,102,16,99"/><W104/><G112/><T97/><D42/><U89/><E133/><V5/><F5/><W58/><G132/><T84/><D134/><U123/><E106/><V87/><F73/><W50/><G76/><N who="2" m="29225" /><F53/><W59/><G29/><T1/><D1/><U28/><E123/><V22/><F87/><W103/><G104/><T2/><D2/><U105/><E105/><V39/><F43/><W8/><G3/><T34/><D34/><U13/><E33/><V15/><F39/><W115/><G115/><T11/><D11/><N who="3" m="4137" /><G99/><T18/><D85/><U47/><E118/><V111/><F15/><W95/><G95/><T55/><D55/><U107/><E13/><V52/><F52/><N who="3" m="32023" /><G90/><T45/><D45/><U35/><E89/><V40/><F40/><W62/><G51/><T41/><D41/><U129/><E107/><V82/><F82/><W72/><G72/><T36/><D36/><U56/><E75/><V27/><F14/><W93/><G93/><T114/><D114/><U86/><E74/><V7/><F7/><W109/><G103/><T110/><D100/><U49/><E6/><V23/><F23/><W0/><G0/><T121/><D121/><U12/><E35/><V70/><AGARI ba="0,0" hai="17,22,27,60,64,70,108,111,125,126,127" m="29225" machi="70" ten="40,5200,0" yaku="18,1,52,2" doraHai="120" who="2" fromWho="2" sc="418,-13,117,-13,180,52,285,-26" />
</Scene>
<Scene>
<INIT seed="4,0,0,4,0,78" ten="405,104,232,259" oya="0" hai0="67,121,42,26,69,71,96,8,116,63,123,45,64" hai1="127,81,52,124,10,46,60,114,38,92,97,1,120" hai2="5,113,56,99,70,11,74,90,130,68,50,22,104" hai3="73,18,25,76,62,108,125,111,106,100,59,88,53"/><T133/><D116/><U21/><E120/><V61/><F50/><W3/><G3/><T2/><D133/><U27/><E114/><V41/><F41/><W48/><G48/><T39/><D96/><U82/><E38/><V31/><F74/><W40/><G40/><T14/><D26/><U9/><E1/><V34/><F34/><W12/><G125/><N who="1" m="48202" /><E10/><V93/><F113/><W89/><G25/><T98/><D98/><U132/><E132/><V91/><F104/><W6/><G6/><N who="0" m="1111" /><D14/><U101/><E9/><V115/><F115/><W30/><G30/><T87/><D87/><U4/><E4/><V33/><F11/><W109/><G100/><T84/><D84/><U32/><E32/><V54/><F33/><W77/><G106/><T36/><D36/><U119/><E119/><V83/><F5/><W80/><REACH who="3" step="1"/><G77/><REACH who="3" ten="405,104,232,249" step="2"/><T72/><D42/><U94/><E94/><V129/><F93/><W105/><G105/><T20/><D39/><U86/><E86/><V29/><F31/><W65/><G65/><T7/><D7/><U17/><E46/><V15/><F29/><W117/><G117/><T128/><D45/><U110/><E110/><V16/><F15/><W102/><G102/><T55/><D67/><U135/><E135/><V44/><F44/><W112/><G112/><T57/><D64/><U95/><E95/><V49/><F49/><W19/><G19/><T134/><D134/><U58/><AGARI ba="0,1" hai="17,21,27,52,58,60,81,82,92,97,101" m="48202" machi="58" ten="30,7900,0" yaku="18,1,52,2,54,1" doraHai="78" who="1" fromWho="1" sc="405,-39,104,89,232,-20,249,-20" />
</Scene>
<Scene>
<INIT seed="5,0,0,5,0,62" ten="366,193,212,229" oya="1" hai0="39,129,56,63,120,127,113,134,57,69,70,130,86" hai1="87,13,98,16,43,88,1,102,19,26,104,3,126" hai2="66,74,53,7,109,131,33,125,96,54,36,111,100" hai3="9,59,0,60,67,112,65,128,29,123,78,76,15"/><U110/><E126/><V38/><F74/><W84/><G123/><T25/><D127/><U133/><E133/><V73/><F73/><W122/><G122/><T55/><D120/><U106/><E110/><V21/><F33/><W10/><G112/><T81/><D39/><U75/><E75/><V27/><F125/><W45/><G128/><N who="0" m="49259" /><D113/><U35/><E106/><V107/><F131/><W80/><G29/><T31/><D57/><U61/><E43/><V52/><F7/><W14/><G0/><T132/><D132/><U2/><E61/><V121/><F121/><W119/><G119/><T97/><D97/><U37/><E37/><V101/><F101/><W42/><G76/><N who="0" m="46375" /><D134/><U44/><E44/><V8/><F36/><W71/><G71/><T12/><D12/><N who="3" m="4649" /><G65/><T89/><D89/><U135/><E135/><V105/><F66/><W94/><G94/><T90/><D90/><U58/><E58/><V115/><F38/><W72/><G72/><T4/><D4/><U51/><E51/><AGARI ba="0,0" hai="9,10,42,45,51,59,60,67,78,80,84" m="4649" machi="51" ten="30,2000,0" yaku="8,1,52,1" doraHai="62" who="3" fromWho="1" sc="366,0,193,-20,212,0,229,20" />
</Scene>
<Scene>
<INIT seed="6,0,0,1,1,68" ten="366,173,212,249" oya="2" hai0="13,123,101,82,93,47,16,80,57,37,32,53,22" hai1="23,124,117,106,35,2,96,116,42,71,40,17,70" hai2="108,92,75,65,135,72,85,126,88,112,50,110,1" hai3="104,15,29,100,125,5,132,58,34,56,48,111,127"/><V83/><F1/><W119/><G111/><N who="2" m="42537" /><F112/><W87/><G119/><T20/><D32/><U60/><E35/><V31/><F135/><W78/><G132/><T84/><D123/><U86/><E2/><V69/><F126/><N who="3" m="48139" /><G104/><T129/><D129/><U45/><E124/><V46/><F31/><W120/><G120/><T8/><D47/><U81/><E42/><N who="2" m="24919" /><F83/><N who="0" m="31786" /><D37/><U63/><E71/><V43/><F43/><W30/><G78/><T14/><D14/><U77/><E106/><V12/><F12/><W11/><G87/><T76/><D76/><U115/><E115/><V62/><AGARI ba="0,0" hai="62,65,69,72,75,85,88,92" m="24919,42537" machi="62" ten="30,3000,0" yaku="10,1,54,1" doraHai="68" who="2" fromWho="2" sc="366,-10,173,-10,212,30,249,-10" />
</Scene>
<Scene>
<INIT seed="6,1,0,2,4,44" ten="356,163,242,239" oya="2" hai0="65,22,77,32,83,2,75,73,45,9,67,11,71" hai1="54,117,4,78,24,35,96,51,97,126,43,122,82" hai2="121,39,38,68,81,31,87,52,88,72,19,98,115" hai3="131,58,47,103,60,89,91,110,64,134,127,23,123"/><V100/><F121/><W3/><G123/><T7/><D32/><U112/><E122/><V8/><F68/><W124/><G110/><T29/><D75/><U118/><E112/><V36/><F31/><W61/><G3/><T41/><D11/><U33/><E126/><N who="3" m="48170" /><G134/><T6/><D6/><U85/><E43/><V133/><F133/><W101/><G131/><T10/><D10/><U30/><E35/><V90/><F115/><W92/><G23/><T34/><D34/><U114/><E114/><V37/><F72/><W119/><G119/><T53/><D53/><U55/><E4/><V130/><F130/><W86/><G47/><T42/><D42/><U107/><E55/><V116/><F116/><W27/><G27/><N who="0" m="16631" /><D71/><U70/><E70/><V28/><F28/><W108/><G108/><T26/><D26/><U15/><E15/><N who="2" m="7655" /><F36/><AGARI ba="1,0" hai="2,7,9,36,41,45,65,67,73,77,83" m="16631" machi="36" ten="30,1000,0" yaku="25,1" doraHai="44" who="0" fromWho="2" sc="356,13,163,0,242,-13,239,0" />
</Scene>
<Scene>
<INIT seed="7,0,0,1,3,64" ten="369,163,229,239" oya="3" hai0="89,55,93,11,102,90,17,7,91,85,103,135,112" hai1="73,3,23,14,47,63,122,101,27,127,106,72,57" hai2="28,40,99,4,104,43,53,16,26,71,9,59,97" hai3="130,66,115,39,121,132,25,78,21,110,94,67,37"/><W18/><G121/><T119/><D119/><U74/><E122/><V100/><F71/><W86/><G115/><T108/><D108/><U41/><E3/><V50/><F16/><W61/><G110/><T75/><D75/><U54/><E14/><V125/><F97/><W128/><G132/><T123/><D123/><U30/><E101/><V15/><F125/><W32/><G32/><AGARI ba="0,0" hai="4,9,15,26,28,32,40,43,50,53,59,99,100,104" machi="32" ten="30,1000,0" yaku="7,1" doraHai="64" who="2" fromWho="3" sc="369,0,163,0,229,10,239,-10" owari="369,47.0,163,-34.0,239,4.0,229,-17.0" />
</Scene>
</mjloggm>