<mjloggm ver="2.3"><GO type="169" lobby="0"/><UN n0="%E5%A4%AA%E3%81%8F%E3%81%AA%E3%81%84%E3%81%8A" n1="%E3%81%BE%E3%81%8A%E3%82%89%E3%82%93" n2="%E8%B6%85%E3%83%92%E3%83%A2%E3%83%AA%E3%83%AD" n3="%E6%A3%92%E8%A7%92" dan="18,16,18,17" rate="2182.13,2060.94,2245.85,2176.25" sx="F,F,F,M"/><TAIKYOKU oya="0"/>

<Scene>
<INIT seed="0,0,0,1,0,67" ten="250,250,250,250" oya="0" hai0="14,70,92,46,91,10,105,81,101,114,12,61,7" hai1="107,84,96,53,69,39,108,122,66,71,49,113,17" hai2="56,104,95,111,20,97,77,124,118,90,3,130,59" hai3="18,24,109,4,94,48,8,128,40,72,100,89,110"/><T80/><D114/><U76/><E39/><V60/><F111/><W6/><G72/><T37/><D105/><U120/><E113/><V0/><F124/><W52/><G128/><T117/><D117/><U54/><E108/><V82/><F130/><W29/><G100/><T33/><D33/><U27/><E66/><V86/><F118/><W21/><G40/><T74/><D101/><U135/><E96/><V43/><F43/><W65/><G65/><T13/><D61/><U121/><E107/><V88/><F104/><W26/><G110/><T129/><D129/><U131/><E131/><V119/><F119/><W41/><G41/><T28/><D28/><U55/><E49/><V123/><F123/><W16/><G109/><T87/><D37/><U64/><E64/><V133/><F133/><W78/><G78/><T112/><D46/><U22/><REACH who="1" step="1"/><E135/><REACH who="1" ten="250,240,250,250" step="2"/><V38/><F38/><W50/><G50/><T116/><D112/><U126/><E126/><V134/><F134/><W57/><G29/><T11/><D116/><U23/><E23/><V68/><F20/><N who="3" m="13319" /><G8/><T32/><D11/><U36/><E36/><V93/><F60/><W132/><G132/><T62/><D62/><U5/><E5/><V127/><F127/><W63/><G48/><T25/><D10/><U83/><AGARI ba="0,1" hai="17,22,27,53,54,55,69,71,76,83,84,120,121,122" machi="83" ten="40,8000,1" yaku="1,1,0,1,52,2,53,0" doraHai="67" doraHaiUra="103" who="1" fromWho="1" sc="250,-40,240,90,250,-20,250,-20" />
</Scene>
<Scene>
<INIT seed="1,0,0,1,4,14" ten="210,330,230,230" oya="1" hai0="40,33,114,71,135,61,44,0,130,95,93,88,63" hai1="11,43,120,54,55,129,22,67,23,12,104,98,8" hai2="110,66,119,102,13,46,132,30,16,7,121,10,25" hai3="37,65,56,118,60,17,53,77,116,57,82,6,69"/><U50/><E120/><V35/><F119/><W45/><G6/><T68/><D114/><U51/><E43/><V1/><F121/><W70/><G82/><T48/><D0/><U112/><E112/><V49/><F110/><W62/><G77/><T39/><D33/><U108/><E67/><V2/><F132/><W96/><G96/><T27/><D135/><U78/><E78/><V111/><F111/><W32/><G32/><T109/><D109/><U42/><E108/><V29/><F29/><W127/><G127/><T9/><D130/><U3/><E129/><V117/><F117/><W131/><G131/><T20/><D9/><U115/><E42/><V26/><F102/><W41/><G17/><T4/><D4/><U58/><E115/><V101/><F101/><W80/><G80/><T21/><D39/><U24/><E3/><V125/><F125/><W134/><G134/><T91/><D68/><AGARI ba="0,0" hai="37,41,45,53,56,57,60,62,65,68,69,70,116,118" machi="68" ten="40,5200,0" yaku="34,3" doraHai="14" who="3" fromWho="0" sc="210,-52,330,0,230,0,230,52" />
</Scene>
<Scene>
<INIT seed="2,0,0,5,1,31" ten="158,330,230,282" oya="2" hai0="7,122,78,86,135,117,43,101,48,72,47,38,76" hai1="95,73,70,8,123,17,128,87,36,16,25,46,20" hai2="134,32,129,125,2,91,116,90,33,120,127,97,28" hai3="74,50,19,34,88,63,102,131,104,84,30,12,58"/><V57/><F116/><W124/><G74/><T96/><D122/><U3/><E73/><V112/><F112/><W45/><G124/><N who="2" m="47689" /><F120/><W37/><G131/><T13/><D117/><U53/><E123/><V27/><F2/><W11/><G37/><T79/><D135/><U5/><E70/><V60/><F129/><W4/><G104/><T21/><D72/><U77/><E128/><V118/><F118/><W35/><G102/><T64/><D64/><U23/><E77/><V71/><F71/><W0/><G30/><T92/><D38/><U51/><E36/><V56/><F134/><W110/><G110/><T82/><REACH who="0" step="1"/><D21/><REACH who="0" ten="148,330,230,282" step="2"/><U114/><E114/><V94/><F90/><W66/><G88/><T65/><D65/><U40/><E23/><N who="2" m="15487" /><F56/><W69/><G69/><T22/><D22/><U130/><E130/><V59/><F57/><W108/><G108/><T115/><D115/><U15/><E20/><V41/><F41/><W54/><G84/><T29/><D29/><U119/><E87/><V52/><AGARI ba="0,1" hai="32,33,52,59,60,91,94,97" m="15487,47689" machi="52" ten="30,11700,0" yaku="18,1,52,2,54,1" doraHai="31" who="2" fromWho="2" sc="148,-39,330,-39,230,127,282,-39" />
</Scene>
<Scene>
<INIT seed="2,1,0,0,5,81" ten="109,291,357,243" oya="2" hai0="97,48,43,10,103,77,73,93,55,54,117,65,86" hai1="4,91,22,88,99,115,95,120,12,108,16,24,56" hai2="110,89,60,105,34,106,35,51,66,36,46,113,53" hai3="109,58,30,40,132,131,83,80,41,127,119,68,116"/><V114/><F110/><W61/><G30/><T18/><D117/><U63/><E115/><V128/><F128/><W130/><G83/><N who="0" m="47471" /><D73/><U135/><E108/><V96/><F106/><W14/><G80/><T67/><D43/><N who="3" m="16457" /><G14/><N who="0" m="7511" /><D55/><U84/><E135/><V123/><F123/><W9/><G9/><T52/><D54/><U1/><E1/><V76/><F36/><W26/><G26/><T44/><AGARI ba="1,0" hai="44,48,52,65,67,93,97,103" m="7511,47471" machi="44" ten="30,4000,0" yaku="8,1,52,1,54,1" doraHai="81" who="0" fromWho="0" sc="109,43,291,-11,357,-21,243,-11" />
</Scene>
<Scene>
<INIT seed="3,0,0,2,0,132" ten="152,280,336,232" oya="3" hai0="58,97,119,60,27,64,9,50,112,65,96,44,39" hai1="67,90,66,75,98,123,92,56,21,89,13,82,74" hai2="87,134,10,46,59,79,43,38,36,120,5,85,55" hai3="29,106,93,83,40,126,77,49,76,121,63,111,54"/><W22/><G106/><T109/><D119/><U94/><E123/><V61/><F134/><W128/><G121/><T107/><D109/><U101/><E101/><V12/><F120/><W11/><G111/><T57/><D112/><U91/><E82/><N who="2" m="47327" /><F87/><W133/><G133/><T130/><D130/><U30/><E75/><V71/><F71/><W125/><G128/><T62/><D107/><U35/><E74/><V45/><F45/><W51/><G93/><T127/><D39/><U99/><E35/><V70/><F70/><W33/><G33/><T0/><D27/><N who="1" m="16751" /><E91/><V115/><F115/><W72/><G77/><T15/><D0/><U69/><E69/><V73/><F73/><W32/><G32/><T118/><D118/><U110/><E110/><V1/><F1/><W95/><G95/><T122/><D122/><U19/><E56/><V26/><F26/><N who="3" m="16599" /><G40/><T25/><D25/><U23/><AGARI ba="0,0" hai="13,19,23,66,67,89,90,92,94,98,99" m="16751" machi="23" ten="30,1100,0" yaku="8,1" doraHai="132" who="1" fromWho="1" sc="152,-3,280,11,336,-3,232,-5" />
</Scene>
<Scene>
<INIT seed="4,0,0,0,4,38" ten="149,291,333,227" oya="0" hai0="63,94,132,59,35,97,30,32,6,123,82,72,111" hai1="70,22,41,39,93,48,19,2,36,130,116,25,77" hai2="102,11,103,57,46,68,8,10,71,115,58,56,119" hai3="26,16,99,117,60,129,55,78,75,104,128,76,108"/><T125/><D123/><U42/><E116/><V50/><F119/><W62/><G117/><T1/><D30/><U65/><E2/><V45/><F115/><W67/><G108/><T91/><D111/><U80/><E39/><V114/><F114/><W100/><G75/><T89/><D132/><U51/><E36/><V34/><F34/><W7/><G7/><T17/><D125/><U85/><E130/><V134/><F134/><W44/><G62/><T12/><D1/><U133/><E133/><V4/><F4/><W49/><G129/><T20/><D6/><U83/><E70/><N who="2" m="26667" /><F50/><N who="1" m="18985" /><E65/><V64/><F64/><W47/><G47/><AGARI ba="0,0" hai="8,10,11,45,46,47,56,57,58,102,103" m="26667" machi="47" ten="40,2600,0" yaku="28,2" doraHai="38" who="2" fromWho="3" sc="149,0,291,0,333,26,227,-26" />
</Scene>
<Scene>
<INIT seed="5,0,0,3,5,68" ten="149,291,359,201" oya="1" hai0="42,71,115,14,111,50,125,70,37,66,44,127,105" hai1="38,123,114,15,34,28,0,2,110,74,87,19,73" hai2="56,99,116,46,108,106,53,128,135,45,7,61,84" hai3="59,102,9,77,52,10,113,85,24,40,8,133,86"/><U67/><E123/><V81/><F108/><W93/><G133/><T124/><D105/><U69/><E110/><V97/><F128/><W63/><G113/><T120/><D111/><U25/><E114/><V49/><F116/><W94/><G40/><T12/><D115/><U129/><E129/><V22/><F135/><W96/><G77/><T83/><D120/><U95/><E67/><V92/><F106/><W89/><G24/><T126/><N who="0" m="31744" /><DORA hai="6" /><T76/><D50/><U13/><E69/><V26/><F7/><W104/><G104/><T80/><D80/><U3/><E38/><V16/><F92/><W32/><G32/><T43/><D43/><U62/><E62/><V100/><F100/><W39/><G39/><T121/><D121/><U134/><E134/><V107/><F107/><W78/><G78/><T20/><D66/><U11/><E15/><N who="0" m="5673" /><D20/><U117/><E117/><V75/><F75/><AGARI ba="0,0" hai="37,42,44,70,71,75,76,83" m="5673,31744" machi="75" ten="60,3900,0" yaku="18,1,52,1" doraHai="68,6" who="0" fromWho="2" sc="149,39,291,0,359,-39,201,0" />
</Scene>
<Scene>
<INIT seed="6,0,0,5,0,86" ten="188,291,320,201" oya="2" hai0="120,46,6,131,122,111,58,56,129,57,123,25,14" hai1="64,67,118,65,8,50,49,74,12,35,40,105,66" hai2="53,24,106,107,132,48,100,109,1,18,5,126,130" hai3="72,26,4,121,125,54,135,110,93,117,60,76,15"/><V102/><F126/><W7/><G117/><T59/><D25/><U91/><E118/><V28/><F130/><N who="0" m="49674" /><D6/><U98/><E74/><V77/><F132/><W38/><G121/><T71/><D14/><U119/><E119/><V52/><F109/><W99/><G110/><T128/><N who="0" m="49682" /><T134/><DORA hai="32" /><D111/><U108/><E108/><V33/><F77/><W103/><G135/><T101/><D134/><U10/><E35/><V92/><F18/><W70/><G125/><T44/><D101/><U114/><E114/><V80/><F80/><W29/><G15/><T69/><N who="0" m="14336" /><DORA hai="79" /><T97/><D97/><U90/><E40/><V31/><F31/><W47/><G4/><T2/><D2/><U61/><E10/><V73/><F5/><W11/><G26/><T88/><D88/><U124/><E124/><V84/><F24/><W16/><G16/><T115/><D115/><U41/><E41/><V45/><F100/><W42/><G29/><T13/><D13/><U30/><E30/><V87/><F1/><W68/><G11/><T113/><D113/><U81/><E91/><V116/><F28/><W127/><G7/><T43/><D46/><U34/><E34/><V133/><F133/><W22/><G22/><T9/><D9/><U27/><E27/><V82/><F33/><W63/><G127/><T51/><AGARI ba="0,0" hai="43,44,51,69,71,120,122,123" m="14336,49682" machi="51" ten="70,8000,1" yaku="19,1,34,2" doraHai="86,32,79" who="0" fromWho="0" sc="188,80,291,-20,320,-40,201,-20" />
</Scene>
<Scene>
<INIT seed="7,0,0,2,4,23" ten="268,271,280,181" oya="3" hai0="117,15,37,78,3,0,19,10,96,35,7,91,116" hai1="76,50,112,92,94,132,107,131,66,121,24,17,31" hai2="72,79,114,87,25,75,9,124,89,39,93,133,36" hai3="98,106,111,99,22,69,58,127,12,86,64,59,80"/><W125/><G69/><T63/><D37/><U13/><E107/><V4/><F75/><W122/><G122/><T32/><D78/><U68/><E121/><V61/><F114/><W51/><G111/><T128/><D63/><U43/><E112/><V113/><F113/><W28/><G106/><T77/><D77/><U33/><E76/><V135/><F124/><W8/><G127/><T47/><D47/><U1/><E1/><N who="0" m="585" /><D91/><U123/><E123/><V120/><F120/><W30/><G125/><T53/><D53/><U55/><E43/><V82/><F61/><W134/><G134/><N who="2" m="51209" /><F9/><W84/><G64/><T54/><D54/><U130/><E132/><V70/><F4/><W129/><G129/><N who="1" m="49162" /><E66/><V102/><F70/><W42/><G42/><T6/><D96/><N who="3" m="36905" /><G51/><T21/><D128/><U2/><E2/><V27/><F102/><W83/><G22/><T81/><D116/><U118/><E68/><V115/><F115/><W29/><G59/><T40/><D40/><U109/><E118/><V11/><F11/><W101/><G58/><T56/><D56/><N who="1" m="32887" /><E109/><V88/><F39/><W45/><G45/><T95/><D117/><U108/><E108/><V97/><F36/><W38/><G101/><T57/><D21/><AGARI ba="0,0" hai="13,17,21,24,31,33,92,94" m="32887,49162" machi="21" ten="30,2000,0" yaku="19,1,52,1" doraHai="23" who="1" fromWho="0" sc="268,-20,271,20,280,0,181,0" />
</Scene>
<Scene>
<INIT seed="8,0,0,1,2,84" ten="248,291,280,181" oya="0" hai0="68,119,62,41,66,112,92,18,106,110,37,72,44" hai1="49,39,65,56,85,54,1,81,6,107,127,23,99" hai2="120,74,55,124,100,22,69,126,104,31,128,58,79" hai3="109,131,46,3,2,33,8,7,21,50,77,12,111"/><T94/><D112/><U25/><E39/><V133/><F69/><W83/><G33/><T123/><D123/><U47/><E127/><N who="2" m="48683" /><F120/><W73/><G131/><T43/><D106/><U51/><E1/><V19/><F31/><W97/><G97/><T132/><D72/><U96/><E6/><V45/><F45/><W80/><G80/><T114/><D114/><U134/><E107/><V118/><F133/><W32/><G32/><T42/><D132/><U26/><E134/><V89/><F118/><W76/><G76/><T60/><D119/><U9/><E9/><V86/><F79/><W101/><G101/><T78/><D78/><N who="1" m="46263" /><E26/><V135/><F74/><W105/><G105/><T0/><D0/><U116/><E116/><V130/><F100/><W24/><G3/><T40/><D110/><U16/><E65/><V67/><F67/><W17/><G2/><T13/><REACH who="0" step="1"/><D62/><REACH who="0" ten="238,291,280,181" step="2"/><U29/><E29/><V70/><F104/><W57/><G57/><T102/><D102/><U122/><E122/><V93/><F135/><W14/><G24/><T125/><D125/><U52/><AGARI ba="0,1" hai="16,23,25,47,49,51,52,54,56,96,99" m="46263" machi="52" ten="30,4000,0" yaku="8,1,54,2" doraHai="84" who="1" fromWho="1" sc="238,-20,291,50,280,-10,181,-10" owari="218,-18.0,341,44.0,270,7.0,171,-33.0" />
</Scene>
</mjloggm>