<mjloggm ver="2.3"><GO type="41"/><UN n0="%E3%81%82%E3%81%84%E3%81%BF%E3%81%A1%E3%82%83%E3%82%93%46%43" n1="%E7%8A%AC%E3%82%82%E6%AD%A9%E3%81%91%E3%81%B0%E3%83%BB%E3%83%BB%E3%83%BB" n2="%E3%83%9D%E3%83%9D%E3%83%AD%E7%95%B0%E4%B8%96%E7%95%8C" n3="%E5%A4%AA%E3%81%8F%E3%81%AA%E3%81%84%E3%81%8A" dan="14,14,15,14" rate="2024,1904,1955,2011" sx="M,M,M,M"/><TAIKYOKU oya="0"/>

<Scene>
<INIT seed="0,0,0,2,5,103" ten="250,250,250,250" oya="0" hai0="82,52,125,114,108,12,127,89,37,84,113,59,7" hai1="69,96,90,134,65,11,83,46,122,61,16,13,26" hai2="123,15,75,58,19,64,121,39,81,10,94,49,38" hai3="110,85,102,56,45,6,2,60,34,53,76,8,92"/><T71/><D37/><U105/><E122/><V106/><F94/><W116/><G110/><T107/><D71/><U97/><E134/><V21/><F106/><W124/><G116/><T57/><D108/><U95/><E83/><V77/><F39/><W48/><G124/><N who="0" m="47691" /><D59/><U14/><E26/><V55/><F38/><W51/><G34/><T109/><D109/><U72/><E72/><V0/><F64/><W78/><G51/><N who="0" m="30879" /><D107/><U87/><E46/><V30/><F30/><W35/><G35/><T68/><D68/><U117/><E117/><V115/><F115/><W79/><G56/><T32/><D32/><U80/><E105/><V74/><F74/><W93/><G60/><T101/><D101/><U20/><E80/><V131/><F0/><W135/><G102/><T3/><D3/><U88/><E90/><V70/><F70/><W31/><G135/><T86/><D86/><U73/><E73/><V99/><F99/><W43/><G85/><T23/><D7/><AGARI ba="0,0" hai="7,11,13,14,16,20,61,65,69,87,88,95,96,97" machi="7" ten="30,3900,0" yaku="7,1,54,2" doraHai="103" who="1" fromWho="0" sc="250,-39,250,39,250,0,250,0" />
</Scene>
<Scene>
<INIT seed="1,0,0,5,1,109" ten="211,289,250,250" oya="1" hai0="29,16,56,64,127,120,90,17,3,105,51,67,59" hai1="131,66,39,126,9,35,34,14,5,81,28,78,98" hai2="27,38,89,103,125,32,134,20,24,79,112,7,70" hai3="57,46,69,135,12,71,94,43,97,133,30,11,19"/><U122/><E39/><V41/><F70/><W100/><G30/><T116/><D116/><U68/><E122/><V115/><F134/><N who="3" m="51211" /><G57/><T36/><D36/><AGARI ba="0,0" hai="11,12,19,36,43,46,69,71,94,97,100" m="51211" machi="36" ten="30,1000,0" yaku="20,1" doraHai="109" who="3" fromWho="0" sc="211,-10,289,0,250,0,250,10" />
</Scene>
<Scene>
<INIT seed="2,0,0,1,4,53" ten="201,289,250,260" oya="2" hai0="112,12,84,31,6,96,8,99,134,131,72,58,127" hai1="25,29,66,21,36,59,74,18,88,40,35,11,23" hai2="15,100,125,62,44,67,26,55,50,42,89,83,113" hai3="52,117,69,19,17,82,16,122,124,109,105,4,65"/><V37/><F113/><W30/><G122/><T1/><D112/><U9/><E74/><V79/><F125/><W34/><G117/><T93/><D134/><U107/><E107/><V103/><F89/><W78/><G105/><T46/><D127/><U70/><E70/><V102/><F26/><W92/><G124/><T3/><D72/><U128/><E128/><V95/><F95/><W121/><G121/><T56/><D131/><U43/><E36/><V76/><F15/><W130/><G130/><T45/><D31/><U33/><E66/><V20/><F20/><W24/><G109/><T86/><D12/><U120/><E59/><N who="2" m="33271" /><F83/><W39/><G39/><T32/><D93/><U51/><E120/><V60/><F60/><W116/><G116/><T98/><D8/><U77/><E77/><V132/><F132/><W80/><G92/><T47/><D6/><U101/><E101/><V13/><F13/><W81/><G4/><T38/><D32/><U104/><E104/><V2/><F2/><N who="0" m="522" /><D38/><U28/><E88/><V133/><F133/><W110/><G78/><T91/><D91/><U64/><E64/><V27/><F27/><W75/><G75/><T41/><D41/><U94/><E94/><V87/><F87/><AGARI ba="0,0" hai="45,46,47,56,58,84,86,87,96,98,99" m="522" machi="87" ten="40,8000,1" yaku="28,2,52,2" doraHai="53" who="0" fromWho="2" sc="201,80,289,0,250,-80,260,0" />
</Scene>
<Scene>
<INIT seed="3,0,0,2,1,66" ten="281,289,170,260" oya="3" hai0="130,78,43,104,85,82,26,103,0,16,129,59,18" hai1="105,8,98,71,81,91,118,11,37,10,2,101,15" hai2="32,49,31,127,25,57,7,70,56,22,41,93,17" hai3="125,135,113,6,58,112,62,133,14,90,132,20,69"/><W111/><G125/><T121/><D121/><U61/><E2/><V86/><F127/><W23/><G111/><T47/><D0/><U75/><E118/><V9/><F70/><W54/><G90/><T50/><D104/><U115/><E37/><V116/><F116/><W73/><G73/><T38/><D103/><U77/><E115/><N who="3" m="44106" /><G69/><T5/><D5/><U21/><E21/><V79/><F79/><W122/><G122/><T128/><D26/><U106/><E91/><V42/><F42/><W48/><G62/><T114/><D114/><U97/><E97/><V12/><F86/><W36/><G36/><T45/><REACH who="0" step="1"/><D59/><REACH who="0" ten="271,289,170,260" step="2"/><U95/><REACH who="1" step="1"/><E15/><REACH who="1" ten="271,279,170,260" step="2"/><V92/><F56/><W84/><G14/><T1/><D1/><U52/><E52/><AGARI ba="0,2" hai="16,18,38,43,45,47,50,52,78,82,85,128,129,130" machi="52" ten="40,8000,1" yaku="1,1,19,1,54,2,53,1" doraHai="66" doraHaiUra="74" who="0" fromWho="1" sc="271,100,279,-80,170,0,260,0" />
</Scene>
<Scene>
<INIT seed="4,0,0,3,0,61" ten="371,199,170,260" oya="0" hai0="97,103,118,47,35,7,124,31,32,28,98,15,29" hai1="66,6,76,96,70,122,0,81,24,130,89,116,91" hai2="77,44,63,83,16,8,93,133,34,19,2,120,55" hai3="104,121,23,92,85,109,3,73,58,21,20,39,1"/><T25/><D118/><U53/><E116/><V43/><F120/><W106/><G109/><T90/><D124/><U52/><E122/><V27/><F133/><W12/><G121/><T41/><D90/><U127/><E127/><V129/><F129/><W26/><G73/><T113/><D113/><U17/><E130/><V107/><F107/><W110/><G110/><T105/><D98/><U40/><E40/><V59/><F93/><W54/><G39/><T62/><D62/><U9/><E96/><V88/><F34/><W115/><G115/><T33/><D7/><U86/><E89/><V84/><F77/><W18/><G1/><T64/><D64/><U60/><REACH who="1" step="1"/><E76/><REACH who="1" ten="371,189,170,260" step="2"/><V112/><F112/><W119/><G119/><T57/><D97/><U72/><E72/><V65/><F43/><W71/><G85/><T132/><D103/><U117/><E117/><V79/><F79/><W68/><G104/><T69/><D105/><U48/><E48/><V37/><F37/><W94/><G106/><T38/><D38/><U67/><E67/><V135/><F135/><W10/><G54/><T123/><D41/><U49/><E49/><V42/><F65/><W5/><G71/><T80/><D69/><U125/><E125/><V78/><F78/><W36/><G68/><T99/><D132/><U74/><E74/><V22/><F42/><W45/><G36/><T108/><D123/><U56/><E56/><V11/><F44/><W14/><G45/><T13/><D47/><U75/><E75/><V87/><F59/><W46/><G58/><T100/><D57/><U82/><E82/><RYUUKYOKU ba="0,1" sc="371,-10,189,30,170,-10,260,-10" hai1="0,6,9,17,24,52,53,60,66,70,81,86,91" />
</Scene>
<Scene>
<INIT seed="5,1,1,2,2,48" ten="361,219,160,250" oya="1" hai0="63,66,7,78,79,34,62,80,72,96,1,121,86" hai1="129,5,65,47,64,91,51,56,36,38,9,13,84" hai2="60,43,54,87,135,8,118,83,46,128,77,103,26" hai3="21,124,69,11,50,127,29,58,16,52,6,40,115"/><U99/><E99/><V92/><F118/><W108/><G108/><T19/><D121/><U3/><E3/><V20/><F128/><W117/><G69/><T106/><D34/><U22/><E129/><V100/><F135/><W61/><G117/><T68/><D62/><U95/><E22/><V119/><F119/><W45/><G29/><T82/><D19/><U25/><E25/><V32/><F32/><W107/><G107/><T35/><D35/><U27/><E27/><V31/><F8/><W134/><G134/><T85/><D7/><U18/><E5/><V0/><F0/><W113/><G11/><T10/><D10/><U109/><E109/><V94/><F43/><W14/><G6/><T75/><D1/><U116/><E116/><V90/><F94/><W55/><G40/><T24/><D24/><U67/><REACH who="1" step="1"/><E56/><REACH who="1" ten="361,209,160,250" step="2"/><V73/><F20/><W17/><G17/><T133/><D96/><U93/><E93/><V102/><F92/><W4/><G4/><T23/><D106/><U114/><E114/><AGARI ba="1,2" hai="14,16,21,45,50,52,55,58,61,113,114,115,124,127" machi="114" ten="40,8000,1" yaku="15,1,52,2,54,2" doraHai="48" who="3" fromWho="1" sc="361,0,209,-83,160,0,250,103" />
</Scene>
<Scene>
<INIT seed="6,0,0,2,1,45" ten="361,126,160,353" oya="2" hai0="92,0,42,121,49,67,22,31,63,37,1,120,52" hai1="3,16,97,30,59,51,95,77,2,13,66,23,35" hai2="25,76,132,124,111,60,112,55,28,122,6,93,119" hai3="82,46,88,133,14,130,128,58,68,27,86,47,50"/><V21/><F119/><W56/><G68/><T9/><D120/><U43/><E77/><V65/><F122/><W127/><G127/><T70/><D121/><U131/><E131/><N who="3" m="50218" /><G133/><T26/><D9/><U87/><E87/><V83/><F124/><W126/><G126/><T116/><D116/><U123/><E123/><V57/><F132/><W75/><G14/><T103/><D103/><U73/><E73/><V104/><F104/><W34/><G75/><T15/><D15/><U32/><E66/><V117/><F117/><W96/><G96/><T109/><D109/><U135/><E135/><V101/><F111/><W53/><G56/><N who="0" m="32783" /><D92/><U19/><E19/><V17/><F6/><W44/><G27/><T72/><D72/><U69/><E69/><V94/><F93/><W71/><G71/><T41/><D41/><U11/><E43/><V110/><F110/><W24/><G24/><T125/><D125/><U7/><E2/><V107/><F94/><W134/><G134/><T4/><D4/><U61/><E30/><V33/><F28/><W54/><G34/><T118/><D118/><U62/><E32/><V98/><F33/><W115/><G115/><T108/><D108/><U79/><E35/><V64/><F112/><W102/><G102/><T8/><D8/><U81/><E95/><V84/><AGARI ba="0,0" hai="17,21,25,55,57,60,64,65,76,83,84,98,101,107" machi="84" ten="20,2100,0" yaku="0,1,7,1" doraHai="45" who="2" fromWho="2" sc="361,-7,126,-7,160,21,353,-7" />
</Scene>
<Scene>
<INIT seed="6,1,0,0,1,69" ten="354,119,181,346" oya="2" hai0="106,102,47,98,87,23,94,12,81,19,97,0,20" hai1="10,100,90,57,115,91,54,49,37,95,71,83,108" hai2="28,89,125,52,130,79,18,46,3,29,24,129,13" hai3="6,1,111,14,60,67,96,118,116,123,2,5,99"/><V132/><F79/><W117/><G111/><T8/><D0/><U84/><E108/><V112/><F112/><W128/><G123/><T55/><D55/><U32/><E32/><V56/><F132/><W103/><G128/><N who="2" m="49257" /><F125/><W104/><G96/><T63/><D63/><U119/><E71/><V59/><F3/><W25/><G6/><T88/><REACH who="0" step="1"/><D47/><REACH who="0" ten="344,119,181,346" step="2"/><U33/><E115/><V39/><F46/><W4/><G2/><T64/><D64/><U86/><E119/><V76/><F52/><W73/><G1/><T45/><D45/><U135/><E135/><V109/><F109/><W124/><G124/><T80/><D80/><U9/><E33/><V27/><F28/><W127/><G127/><T11/><D11/><U65/><E65/><V51/><F29/><W21/><G67/><T35/><D35/><U77/><E37/><V85/><F39/><W22/><G60/><T120/><D120/><U43/><E43/><V44/><F44/><W72/><G21/><T114/><D114/><U66/><E66/><V30/><F30/><W75/><G117/><T68/><D68/><U101/><REACH who="1" step="1"/><E77/><AGARI ba="1,1" hai="8,12,19,20,23,77,81,87,88,94,97,98,102,106" machi="77" ten="30,3900,0" yaku="1,1,7,1,54,1,53,0" doraHai="69" doraHaiUra="58" who="0" fromWho="1" sc="344,52,119,-42,181,0,346,0" />
</Scene>
<Scene>
<INIT seed="7,0,0,4,1,99" ten="396,77,181,346" oya="3" hai0="56,119,55,116,3,79,44,45,0,70,37,4,111" hai1="87,103,107,125,14,91,86,122,82,18,75,33,47" hai2="34,68,89,40,58,83,24,1,12,110,84,29,113" hai3="20,48,51,7,114,100,38,133,67,128,46,69,54"/><W9/><G38/><T41/><D111/><U13/><E33/><V109/><F68/><W96/><G114/><T123/><D123/><U60/><E122/><V62/><F113/><W85/><G128/><T76/><D70/><U78/><E60/><V26/><F1/><W124/><G124/><T73/><D45/><U15/><E125/><V61/><F61/><W127/><G127/><T2/><D4/><U11/><E47/><V112/><F112/><W74/><G74/><T23/><D23/><U43/><E43/><V50/><F12/><N who="3" m="5183" /><G69/><T105/><D105/><U72/><E72/><V71/><F71/><W35/><G35/><T16/><D16/><U98/><REACH who="1" step="1"/><E86/><REACH who="1" ten="396,67,181,346" step="2"/><V31/><F84/><W132/><G85/><T135/><D73/><U36/><E36/><V93/><F110/><W25/><G67/><T17/><D37/><U88/><E88/><V94/><F89/><W129/><G129/><T90/><D90/><U80/><AGARI ba="0,1" hai="11,13,14,15,18,75,78,80,82,87,91,98,103,107" machi="80" ten="20,5200,0" yaku="1,1,0,1,7,1,52,1,53,0" doraHai="99" doraHaiUra="39" who="1" fromWho="1" sc="396,-13,67,62,181,-13,346,-26" owari="383,48.0,129,-37.0,168,-23.0,320,12.0" />
</Scene>
</mjloggm>