<mjloggm ver="2.3"><GO type="41"/><UN n0="%E3%82%88%E3%81%A3%E3%81%A1%E3%82%83%E3%82%93%EF%BC%92" n1="%E4%B8%80%E8%88%AC%E5%8D%93%E3%81%AE%E9%80%86%E8%A5%B2%57%57" n2="%E3%82%89%E3%81%84%E3%81%82" n3="%E5%A4%AA%E3%81%8F%E3%81%AA%E3%81%84%E3%81%8A" dan="14,14,14,15" rate="1914,1974,1971,2054" sx="M,M,M,M"/><TAIKYOKU oya="0"/>

<Scene>
<INIT seed="0,0,0,5,1,134" ten="250,250,250,250" oya="0" hai0="32,40,116,49,91,33,101,99,6,86,15,82,81" hai1="74,42,114,50,22,83,107,97,112,127,63,108,44" hai2="88,51,12,84,62,95,85,105,34,10,1,21,103" hai3="71,24,79,72,47,4,13,135,18,17,7,118,41"/><T128/><D116/><U29/><E108/><V90/><F34/><W70/><G118/><T133/><D133/><U65/><E74/><V27/><F105/><W45/><G135/><T78/><D128/><U38/><E38/><V115/><F115/><N who="1" m="44073" /><E83/><V58/><F1/><W8/><G79/><T89/><D33/><U124/><E107/><V53/><F103/><W87/><G72/><T59/><D32/><U121/><E121/><V20/><F27/><W46/><G41/><T131/><D131/><U80/><E80/><V119/><F62/><W0/><G0/><T93/><D82/><U31/><E97/><V66/><F66/><W61/><G71/><T69/><D69/><N who="1" m="42175" /><E31/><V26/><F26/><AGARI ba="0,0" hai="22,26,29,42,44,50,124,127" m="42175,44073" machi="26" ten="30,3900,0" yaku="11,1,52,2" doraHai="134" who="1" fromWho="2" sc="250,0,250,39,250,-39,250,0" />
</Scene>
<Scene>
<INIT seed="1,0,0,4,0,86" ten="250,289,211,250" oya="1" hai0="82,99,50,23,47,16,40,92,71,110,85,63,8" hai1="105,108,89,124,58,4,74,78,81,43,77,28,98" hai2="27,62,25,14,15,44,32,35,64,76,129,88,83" hai3="36,20,128,84,117,127,10,121,130,34,114,49,5"/><U51/><E28/><V120/><F120/><W90/><G121/><T111/><D8/><U31/><E31/><V113/><F129/><N who="3" m="49771" /><G34/><T87/><D71/><U41/><E4/><V56/><F113/><W119/><G36/><T38/><D63/><U2/><E2/><V61/><F44/><W42/><G114/><T66/><D66/><U39/><E39/><V75/><F61/><W54/><G20/><T116/><D116/><U59/><E78/><V96/><F35/><W100/><G100/><T115/><D38/><U7/><E7/><V94/><REACH who="2" step="1"/><F32/><REACH who="2" ten="250,289,201,250" step="2"/><W131/><G131/><T22/><D115/><U17/><E124/><V30/><F30/><W29/><G29/><T6/><D6/><U26/><E108/><N who="0" m="41513" /><D82/><U55/><E81/><V109/><F109/><W118/><G127/><T70/><D70/><U102/><E41/><V60/><F60/><W112/><G42/><T135/><D135/><U91/><E43/><V126/><F126/><W67/><G112/><T72/><D72/><U53/><E74/><V73/><F73/><W133/><G133/><T1/><D1/><U52/><E77/><V97/><F97/><W0/><G67/><T46/><D46/><U57/><REACH who="1" step="1"/><E51/><REACH who="1" ten="250,279,201,250" step="2"/><V104/><F104/><W13/><G0/><T18/><D18/><U68/><E68/><V65/><F65/><W80/><G118/><T21/><D16/><U107/><E107/><V9/><F9/><W48/><G48/><T11/><D11/><U101/><E101/><AGARI ba="0,2" hai="21,22,23,40,47,50,85,87,92,99,101" m="41513" machi="101" ten="30,1000,0" yaku="14,1" doraHai="86" who="0" fromWho="1" sc="250,30,279,-10,201,0,250,0" />
</Scene>
<Scene>
<INIT seed="2,0,0,0,4,47" ten="280,269,201,250" oya="2" hai0="1,46,125,127,112,20,32,28,133,103,126,50,106" hai1="96,124,35,0,38,99,23,83,80,118,18,114,33" hai2="52,66,98,54,41,26,82,132,105,97,58,43,87" hai3="36,31,39,119,14,16,49,122,86,63,8,135,62"/><V10/><F132/><W2/><G122/><T29/><D112/><U129/><E114/><V57/><F66/><W85/><G119/><T77/><D77/><U12/><E118/><V101/><F98/><W53/><G135/><T42/><D1/><U81/><E0/><V76/><F10/><W109/><G2/><T51/><D133/><U56/><E38/><V4/><F4/><W60/><G109/><T102/><D32/><U88/><E129/><V89/><F26/><W121/><G121/><T79/><D79/><U131/><E131/><V110/><F110/><W68/><G68/><T111/><D111/><U67/><E124/><V6/><F6/><W115/><G115/><T65/><D65/><U9/><E9/><V55/><REACH who="2" step="1"/><F76/><REACH who="2" ten="280,269,191,250" step="2"/><W13/><G13/><T3/><D3/><U22/><E99/><V48/><F48/><N who="0" m="18474" /><D106/><U107/><E107/><V72/><F72/><W90/><G36/><N who="0" m="21831" /><D20/><U134/><E134/><V11/><F11/><W25/><G39/><T30/><AGARI ba="0,1" hai="28,29,30,102,103,125,126,127" m="21831,18474" machi="30" ten="40,8000,1" yaku="18,1,52,3" doraHai="47" who="0" fromWho="0" sc="280,90,269,-20,191,-40,250,-20" />
</Scene>
<Scene>
<INIT seed="3,0,0,3,2,31" ten="370,249,151,230" oya="3" hai0="24,107,84,85,82,21,79,110,33,80,9,49,130" hai1="88,3,16,128,132,89,90,135,2,69,55,76,114" hai2="106,11,17,73,113,126,41,121,13,124,1,103,108" hai3="119,37,72,48,7,94,5,64,14,65,75,46,53"/><W133/><G119/><T134/><D110/><U129/><E114/><V77/><F113/><W112/><G112/><T97/><D130/><N who="1" m="50283" /><E69/><V83/><F121/><W58/><G133/><N who="1" m="51274" /><E76/><V45/><F108/><W68/><G68/><T23/><D134/><U98/><E55/><V0/><F106/><W120/><G120/><T102/><D9/><U122/><E122/><V54/><F103/><W15/><G72/><T59/><D59/><U36/><E36/><V118/><F54/><N who="3" m="29975" /><G75/><T30/><D49/><U127/><E98/><V35/><F35/><W74/><G74/><T29/><REACH who="0" step="1"/><D29/><REACH who="0" ten="360,249,151,230" step="2"/><U42/><E42/><V117/><F117/><W28/><G28/><T100/><D100/><U34/><E34/><V38/><REACH who="2" step="1"/><F118/><REACH who="2" ten="360,249,141,230" step="2"/><W67/><G53/><T99/><D99/><U56/><E56/><V40/><F40/><W12/><G58/><T22/><D22/><U20/><E127/><AGARI ba="0,2" hai="0,1,11,13,17,38,41,45,73,77,83,124,126,127" machi="127" ten="40,2600,0" yaku="1,1,18,1,53,0" doraHai="31" doraHaiUra="116" who="2" fromWho="1" sc="360,0,249,-26,141,46,230,0" />
</Scene>
<Scene>
<INIT seed="4,0,0,5,2,74" ten="360,223,187,230" oya="0" hai0="35,125,24,120,68,91,50,22,43,121,75,112,86" hai1="98,66,131,57,115,19,77,134,55,3,46,16,15" hai2="48,34,9,93,53,106,71,103,90,60,59,6,31" hai3="64,20,52,130,129,54,94,69,102,124,84,113,78"/><T21/><D112/><U12/><E3/><V11/><F106/><W36/><G36/><T108/><D125/><U116/><E116/><V44/><F103/><W126/><G113/><T25/><D108/><U82/><E115/><V83/><F71/><W97/><G20/><T114/><D114/><U26/><E134/><V8/><F83/><N who="3" m="47223" /><G64/><T58/><D68/><U101/><E131/><N who="3" m="50186" /><G69/><T109/><D109/><U132/><E132/><V37/><F37/><W5/><G5/><T133/><D133/><U70/><E46/><V63/><F34/><W96/><G97/><T76/><D35/><U127/><E66/><V117/><F117/><W49/><G54/><T27/><D120/><U95/><E70/><V32/><F32/><W62/><G62/><T10/><D121/><U17/><E26/><V42/><F31/><W61/><G61/><T51/><D10/><U7/><E7/><V107/><F107/><W123/><G123/><T67/><D75/><U118/><E118/><V33/><F33/><W85/><G85/><T119/><D119/><U105/><E127/><V80/><F63/><W39/><G39/><T111/><D111/><U0/><E0/><V28/><F28/><W88/><G102/><T29/><D67/><U110/><E110/><V104/><F104/><W13/><G13/><T65/><D65/><U122/><E105/><V89/><F6/><W99/><G99/><T41/><D58/><AGARI ba="0,0" hai="49,52,58,88,94,96,124,126" m="50186,47223" machi="58" ten="30,7700,0" yaku="19,1,52,1,54,2" doraHai="74" who="3" fromWho="0" sc="360,-77,223,0,187,0,230,77" />
</Scene>
<Scene>
<INIT seed="5,0,0,4,3,66" ten="283,223,187,307" oya="1" hai0="56,28,67,22,7,15,33,13,62,61,40,5,71" hai1="107,81,10,126,48,44,1,43,101,95,130,92,97" hai2="19,111,87,16,86,9,129,49,14,98,27,37,0" hai3="85,8,123,133,76,109,80,63,17,79,46,135,29"/><U74/><E130/><V6/><F111/><W89/><G109/><T21/><D40/><U55/><E126/><V128/><F37/><W73/><G123/><T112/><D112/><U108/><E108/><V52/><F27/><W134/><G29/><T59/><D33/><U31/><E31/><V70/><F98/><W125/><G125/><T38/><D38/><U93/><E55/><V18/><F0/><W122/><G122/><T20/><D28/><U88/><E74/><V35/><F35/><W102/><G102/><T82/><D82/><U12/><E1/><V2/><F2/><W39/><G63/><T110/><D110/><U51/><E51/><V96/><F96/><W53/><G73/><T119/><D119/><U120/><E120/><V116/><F116/><W104/><G104/><T113/><D113/><U42/><E42/><V99/><F99/><W114/><G114/><T77/><D77/><U3/><E3/><V100/><F100/><W58/><G46/><T60/><D67/><U121/><E121/><V117/><F117/><W30/><G30/><T57/><D71/><U11/><REACH who="1" step="1"/><E12/><AGARI ba="0,0" hai="5,7,12,13,15,20,21,22,56,57,59,60,61,62" machi="12" ten="50,8000,1" yaku="29,2,28,2,8,1" doraHai="66" who="0" fromWho="1" sc="283,80,223,-80,187,0,307,0" /><BYE who="1" />
</Scene>
<Scene>
<INIT seed="6,0,0,1,2,54" ten="363,143,187,307" oya="2" hai0="10,61,12,67,76,21,70,114,102,78,36,68,9" hai1="125,84,52,24,97,53,77,44,14,16,119,83,124" hai2="85,86,75,18,89,8,99,101,120,108,5,57,23" hai3="35,25,55,126,58,63,92,96,33,115,130,103,123"/><V22/><F120/><W28/><G123/><T31/><D114/><U3/><E3/><V94/><F75/><W62/><G126/><T107/><D36/><U90/><E90/><V66/><F108/><W40/><G130/><T91/><D91/><U106/><E106/><V74/><F74/><W42/><G115/><T32/><D70/><U26/><E26/><V105/><F86/><W13/><G35/><T15/><D21/><U56/><E56/><V87/><F87/><W1/><G1/><T79/><D15/><U38/><E38/><V71/><F71/><W64/><REACH who="3" step="1"/><G13/><REACH who="3" ten="363,143,187,297" step="2"/><T60/><D12/><U112/><E112/><V2/><REACH who="2" step="1"/><F18/><REACH who="2" ten="363,143,177,297" step="2"/><UN n1="%E4%B8%80%E8%88%AC%E5%8D%93%E3%81%AE%E9%80%86%E8%A5%B2%57%57" /><W20/><G20/><T73/><D73/><U49/><E119/><V59/><F59/><AGARI ba="0,2" hai="25,28,33,40,42,55,58,59,62,63,64,92,96,103" machi="59" ten="30,7700,0" yaku="1,1,7,1,52,2,53,0" doraHai="54" doraHaiUra="17" who="3" fromWho="2" sc="363,0,143,0,177,-77,297,97" />
</Scene>
<Scene>
<INIT seed="7,0,0,4,2,72" ten="363,143,100,394" oya="3" hai0="1,60,13,68,46,30,105,122,64,42,76,12,115" hai1="93,79,82,38,89,69,17,116,88,31,18,45,4" hai2="48,49,108,126,83,3,123,132,29,117,20,121,134" hai3="120,26,61,78,86,96,5,84,111,66,87,65,114"/><W25/><G120/><T127/><D122/><N who="2" m="46602" /><F117/><W36/><G36/><T2/><D127/><U91/><E69/><V74/><F3/><W59/><G114/><T70/><D13/><U129/><E116/><V34/><F126/><W52/><G111/><T80/><D12/><U73/><E129/><V110/><F48/><W130/><G130/><T32/><D70/><U135/><E135/><N who="2" m="51755" /><F49/><W118/><G118/><T81/><D81/><U71/><E71/><V7/><F7/><W0/><G0/><T56/><D56/><U6/><E31/><V53/><F53/><W35/><G5/><T101/><D115/><U9/><E4/><V47/><F47/><W75/><G35/><T23/><D23/><U11/><E11/><V8/><F20/><W58/><G66/><T57/><D57/><U107/><E38/><V62/><F62/><N who="3" m="36167" /><G75/><N who="0" m="43039" /><D46/><U24/><E45/><V124/><F8/><W92/><G78/><T112/><D42/><U14/><E6/><V133/><F124/><W15/><G15/><T102/><D102/><AGARI ba="0,0" hai="25,26,59,61,65,84,86,87,92,96,102" m="36167" machi="102" ten="30,2900,0" yaku="8,1,54,1" doraHai="72" who="3" fromWho="0" sc="363,-29,143,0,100,0,394,29" owari="334,13.0,143,-26.0,100,-40.0,423,53.0" />
</Scene>
</mjloggm>