<mjloggm ver="2.3"><GO type="169"/><UN n0="%E9%AB%98%E7%94%BA%E3%83%B4%E3%82%A3%E3%83%B4%E3%82%A3%E3%82%AA%E2%98%86" n1="%E6%AF%94%E5%98%89%E7%A7%80%E4%BB%81" n2="%E5%A4%AA%E3%81%8F%E3%81%AA%E3%81%84%E3%81%8A" n3="%E4%B9%9D%E5%B0%BE%E7%99%BD%E7%8B%90" dan="16,16,17,16" rate="2076,2127,2126,2110" sx="F,M,M,M"/><TAIKYOKU oya="0"/>

<Scene>
<INIT seed="0,0,0,1,4,31" ten="250,250,250,250" oya="0" hai0="55,35,72,15,16,38,26,74,82,113,8,59,0" hai1="32,11,118,63,96,21,88,135,68,117,64,86,89" hai2="97,48,83,115,42,41,5,52,4,116,2,7,75" hai3="130,99,80,81,9,129,67,56,77,125,20,13,123"/><T93/><D38/><U46/><E135/><V100/><F115/><W127/><G123/><T23/><D113/><U24/><E11/><V22/><F2/><W18/><G99/><T84/><D93/><U19/><E46/><V121/><F121/><W37/><G37/><T12/><D0/><U73/><E73/><V51/><F116/><W105/><G105/><T25/><D25/><U58/><E68/><V10/><F10/><W47/><G47/><T92/><D92/><U62/><E62/><V28/><F75/><W44/><G44/><T1/><D1/><U36/><E36/><V132/><F83/><W79/><G67/><T107/><D107/><U111/><E111/><V6/><F6/><W71/><G56/><T122/><D15/><U102/><E32/><V85/><F85/><N who="3" m="48271" /><G20/><T29/><D23/><U101/><E101/><V124/><F22/><W119/><G71/><T87/><D87/><U61/><E89/><V69/><F69/><W134/><G119/><T120/><D120/><U109/><E109/><V90/><F100/><W131/><G134/><T108/><D108/><U57/><E96/><V112/><F112/><W70/><G70/><T39/><D39/><U30/><E102/><V40/><F132/><W3/><G3/><T126/><D122/><U103/><E103/><V95/><F28/><W91/><G91/><T104/><D104/><U14/><E30/><V43/><N who="2" m="10240" /><DORA hai="60" /><V106/><F106/><W128/><N who="3" m="32768" /><DORA hai="50" /><W65/><G65/><T76/><D126/><U98/><E98/><V53/><F124/><W49/><G49/><AGARI ba="0,0" hai="8,12,16,26,29,35,49,55,59,72,74,76,82,84" machi="49" ten="30,11600,0" yaku="7,1,52,2,54,1" doraHai="31,60,50" who="0" fromWho="3" sc="250,116,250,0,250,0,250,-116" /><AGARI ba="0,0" hai="4,5,7,48,49,51,52,53,90,95,97" m="10240" machi="49" ten="60,8000,1" yaku="8,1,52,2,54,1" doraHai="31,60,50" who="2" fromWho="3" sc="366,0,250,0,250,80,134,-80" />
</Scene>
<Scene>
<INIT seed="0,1,0,5,5,7" ten="366,250,330,54" oya="0" hai0="123,89,31,93,86,17,4,47,80,28,24,121,41" hai1="118,134,22,94,36,129,42,6,135,15,91,43,44" hai2="65,132,77,116,8,21,1,75,87,0,98,12,10" hai3="51,90,127,128,68,67,112,25,39,79,18,57,50"/><T69/><D69/><U9/><E118/><V11/><F75/><W84/><G112/><T82/><D121/><U83/><E129/><V20/><F116/><W62/><G39/><T64/><D64/><U119/><E119/><V95/><F132/><W103/><G128/><T97/><D123/><U126/><E126/><V133/><F133/><N who="1" m="50697" /><E43/><V71/><F71/><W30/><G103/><T81/><D4/><U29/><E83/><N who="2" m="47599" /><F1/><W110/><G110/><T60/><D60/><U122/><E122/><V78/><F0/><W38/><G38/><T124/><D124/><U113/><E113/><V114/><F114/><W125/><G68/><T40/><D97/><N who="1" m="57567" /><E22/><N who="2" m="8811" /><F78/><W27/><G79/><T96/><D17/><U66/><E66/><V55/><F65/><W37/><G37/><T14/><D28/><AGARI ba="1,0" hai="6,9,15,28,29,36,42,44" m="57567,50697" machi="28" ten="30,2000,0" yaku="20,1,52,1" doraHai="7" who="1" fromWho="0" sc="366,-23,250,23,330,0,54,0" />
</Scene>
<Scene>
<INIT seed="1,0,0,0,5,135" ten="343,273,330,54" oya="1" hai0="80,4,94,41,108,24,110,120,71,112,37,107,105" hai1="131,128,90,32,48,77,117,6,115,42,134,127,9" hai2="25,28,18,23,16,73,126,99,10,92,3,93,8" hai3="130,20,43,53,63,111,78,62,49,5,38,133,44"/><U103/><E32/><V22/><F73/><W87/><G111/><N who="0" m="42539" /><D112/><U85/><E134/><V29/><F126/><W15/><G130/><N who="1" m="49706" /><E117/><V76/><F76/><W1/><G1/><T95/><D71/><U75/><E115/><V39/><F39/><W52/><G133/><T100/><D4/><U64/><E103/><V2/><F99/><W57/><G20/><T101/><D24/><AGARI ba="0,0" hai="2,3,8,10,16,18,22,23,24,25,28,29,92,93" machi="24" ten="25,3200,0" yaku="22,2,54,1" doraHai="135" who="2" fromWho="0" sc="343,-32,273,0,330,32,54,0" />
</Scene>
<Scene>
<INIT seed="2,0,0,3,1,16" ten="311,273,362,54" oya="2" hai0="106,101,131,38,126,122,60,125,52,102,70,55,108" hai1="50,65,12,56,130,134,63,71,69,121,89,34,2" hai2="85,95,104,51,135,116,111,32,24,77,35,19,54" hai3="78,45,87,9,8,48,74,53,94,124,3,7,110"/><V26/><F104/><W25/><G124/><N who="0" m="47723" /><D38/><U5/><E34/><V13/><F116/><W123/><G123/><T118/><D122/><U64/><E2/><V79/><F135/><W44/><G110/><T100/><D118/><U0/><E0/><V76/><F111/><W66/><G66/><N who="0" m="41287" /><D108/><U18/><E134/><V42/><F42/><W27/><G9/><T82/><D106/><U107/><E107/><V97/><F35/><W22/><G74/><T112/><D112/><U132/><E132/><V11/><F85/><W68/><G68/><T23/><D131/><U133/><E130/><V62/><F62/><W33/><G33/><T117/><D117/><U115/><E115/><V103/><REACH who="2" step="1"/><F32/><REACH who="2" ten="311,273,352,54" step="2"/><W21/><G87/><T84/><D23/><U109/><E109/><V46/><AGARI ba="0,1" hai="11,13,19,24,26,46,51,54,76,77,79,95,97,103" machi="46" ten="30,12000,1" yaku="1,1,2,1,0,1,8,1,53,1" doraHai="16" doraHaiUra="47" who="2" fromWho="2" sc="311,-40,273,-40,352,130,54,-40" />
</Scene>
<Scene>
<INIT seed="2,1,0,4,5,76" ten="271,233,482,14" oya="2" hai0="24,67,45,29,90,59,95,6,61,133,54,129,130" hai1="113,55,58,123,28,60,21,22,1,78,103,106,77" hai2="37,100,56,117,40,8,84,3,7,87,118,23,12" hai3="114,85,125,135,134,14,25,11,13,108,128,2,116"/><V99/><F37/><W88/><G116/><T49/><D133/><N who="3" m="50697" /><G108/><T109/><D6/><U102/><E1/><V115/><F115/><W41/><G41/><T44/><D109/><U122/><E113/><V79/><F40/><W89/><G114/><T105/><D105/><U32/><E32/><V47/><F47/><W74/><G74/><T107/><D107/><U19/><E28/><V10/><F23/><W73/><G73/><T36/><D36/><U31/><E31/><V15/><F3/><W124/><G25/><T98/><REACH who="0" step="1"/><D45/><REACH who="0" ten="261,233,482,14" step="2"/><U51/><E106/><V83/><F118/><W64/><G89/><T38/><D38/><U52/><E123/><V86/><F117/><W71/><G2/><T16/><D16/><U131/><E122/><V132/><F132/><W18/><G14/><T68/><D68/><U30/><E30/><V101/><F12/><W48/><G71/><T5/><D5/><U92/><E19/><V70/><F70/><W53/><G64/><T72/><D72/><U50/><E131/><V27/><F15/><W97/><G128/><T120/><D120/><U43/><E58/><V57/><F56/><N who="3" m="32807" /><G97/><T110/><D110/><U94/><REACH who="1" step="1"/><E43/><REACH who="1" ten="261,223,482,14" step="2"/><V104/><F7/><W46/><G46/><T26/><D26/><U91/><E91/><V80/><F27/><W17/><G17/><T66/><D66/><U93/><E93/><AGARI ba="1,2" hai="11,13,18,85,88,93,124,125" m="32807,50697" machi="93" ten="30,2000,0" yaku="20,1,54,1" doraHai="76" who="3" fromWho="1" sc="261,0,223,-23,482,0,14,43" />
</Scene>
<Scene>
<INIT seed="3,0,0,1,2,63" ten="261,200,482,57" oya="3" hai0="25,31,12,24,101,91,125,79,33,36,135,77,5" hai1="80,122,111,61,32,19,47,116,75,126,113,134,121" hai2="129,55,6,84,112,114,43,0,60,120,68,92,14" hai3="16,2,98,72,108,71,88,10,44,4,76,26,65"/><W3/><G3/><T48/><D36/><U49/><E32/><V118/><F118/><W28/><G44/><T9/><D135/><U81/><E134/><V45/><F0/><W73/><G76/><T124/><D101/><U95/><E116/><V109/><F109/><W96/><G108/><T107/><D107/><U11/><E111/><V42/><F42/><W115/><G115/><T53/><D91/><U69/><E113/><V90/><F129/><W17/><G96/><T29/><D48/><U74/><E95/><V110/><F110/><W18/><G98/><T70/><D53/><U97/><E97/><V1/><F1/><W7/><G7/><T21/><REACH who="0" step="1"/><D70/><REACH who="0" ten="251,200,482,57" step="2"/><U50/><E69/><V46/><F68/><W100/><G100/><T104/><D104/><U130/><E50/><V13/><F90/><W23/><REACH who="3" step="1"/><G88/><REACH who="3" ten="251,200,482,47" step="2"/><T20/><D20/><U41/><E122/><V123/><F123/><W93/><G93/><T27/><D27/><U39/><E121/><V85/><F92/><W117/><G117/><T54/><D54/><U78/><E78/><AGARI ba="0,2" hai="5,9,12,21,24,25,29,31,33,77,78,79,124,125" machi="78" ten="40,2600,0" yaku="1,1,53,1" doraHai="63" doraHaiUra="8" who="0" fromWho="1" sc="251,46,200,-26,482,0,47,0" />
</Scene>
<Scene>
<INIT seed="4,0,0,3,3,24" ten="297,174,482,47" oya="0" hai0="60,94,131,108,37,116,35,0,72,32,36,67,15" hai1="28,30,91,85,8,90,39,75,23,126,54,105,12" hai2="45,134,104,71,46,101,128,130,103,74,124,65,113" hai3="25,114,93,86,121,31,73,4,13,110,132,55,77"/><T11/><D72/><U22/><E105/><V47/><F74/><W52/><G110/><T66/><D0/><U89/><E39/><V118/><F113/><W40/><G132/><T6/><D116/><U78/><E75/><V38/><F38/><W111/><G111/><T92/><D108/><U21/><E54/><V95/><F104/><W69/><G69/><T9/><D131/><N who="2" m="50218" /><F134/><W58/><G40/><T87/><D87/><U5/><E126/><V44/><F124/><W97/><G73/><T107/><D107/><U135/><E135/><V117/><F46/><W83/><G121/><T127/><D127/><U16/><E5/><V53/><F53/><W41/><G41/><T29/><D15/><U100/><E100/><N who="2" m="38475" /><F95/><W34/><G58/><T7/><REACH who="0" step="1"/><D60/><AGARI ba="0,0" hai="44,45,47,60,65,71,117,118" m="38475,50218" machi="60" ten="40,1300,0" yaku="19,1" doraHai="24" who="2" fromWho="0" sc="297,-13,174,0,482,13,47,0" />
</Scene>
<Scene>
<INIT seed="5,0,0,3,5,95" ten="284,174,495,47" oya="1" hai0="32,57,42,25,112,120,59,18,87,72,66,71,49" hai1="105,92,3,9,74,132,23,96,6,121,111,47,69" hai2="14,44,93,133,102,110,88,5,94,117,27,101,22" hai3="30,1,43,107,20,63,75,2,89,41,53,114,21"/><U78/><E121/><V11/><F110/><W28/><G107/><T90/><D72/><U64/><E105/><V116/><F133/><W82/><G114/><T19/><D112/><U10/><E132/><V62/><F44/><W50/><G75/><T37/><D37/><U45/><E111/><V39/><F39/><W128/><G128/><T129/><D129/><U17/><E10/><V97/><F62/><W122/><G122/><T118/><D118/><U103/><E64/><V99/><F101/><W33/><G33/><T24/><D71/><U7/><E7/><V70/><F70/><W126/><G126/><T8/><D32/><U4/><E4/><V48/><F48/><W51/><G63/><N who="0" m="38255" /><D120/><U58/><E69/><V106/><F106/><W31/><G1/><T85/><D85/><U80/><REACH who="1" step="1"/><E58/><REACH who="1" ten="284,164,495,47" step="2"/><V65/><F65/><W46/><G2/><T54/><D8/><U81/><E81/><V127/><F127/><W76/><G82/><N who="0" m="49527" /><D42/><U125/><E125/><V135/><F135/><W108/><G43/><T73/><D73/><U123/><E123/><V91/><F102/><W34/><G108/><T61/><D61/><U55/><E55/><V109/><F109/><W60/><G60/><T130/><D130/><U68/><E68/><V113/><F113/><W29/><G34/><T13/><D59/><U83/><E83/><V100/><F100/><W134/><G134/><T12/><D54/><U26/><AGARI ba="0,1" hai="3,6,9,17,23,26,45,47,74,78,80,92,96,103" machi="26" ten="20,12000,1" yaku="1,1,0,1,7,1,52,1,53,1" doraHai="95" doraHaiUra="15" who="1" fromWho="1" sc="284,-40,164,130,495,-40,47,-40" />
</Scene>
<Scene>
<INIT seed="5,1,0,2,3,42" ten="244,294,455,7" oya="1" hai0="54,12,25,53,35,83,56,110,50,123,84,105,109" hai1="26,16,78,73,27,74,44,79,19,32,135,55,8" hai2="94,24,67,103,64,20,77,39,106,121,45,10,93" hai3="132,65,21,57,69,17,102,114,126,3,11,61,23"/><U70/><E70/><V59/><F121/><W100/><G114/><T86/><D105/><U119/><E119/><V47/><F106/><W87/><G132/><T134/><D134/><U127/><E135/><V92/><F103/><N who="3" m="39467" /><G3/><T108/><D123/><U89/><E32/><V1/><F39/><W51/><G69/><T34/><D12/><U128/><E128/><V14/><F77/><W41/><G87/><T97/><D97/><U71/><E71/><V75/><F75/><W115/><G126/><T85/><D83/><U131/><E131/><V63/><F64/><W29/><G29/><T95/><D95/><U46/><E8/><V15/><F1/><W104/><G104/><T58/><REACH who="0" step="1"/><D25/><REACH who="0" ten="234,294,455,7" step="2"/><U2/><E2/><V113/><F15/><N who="3" m="7423" /><G115/><T68/><D68/><U130/><E130/><V90/><F113/><W31/><G31/><T91/><D91/><U116/><E89/><V30/><F90/><W111/><G111/><T0/><D0/><U76/><E76/><V107/><F107/><W82/><G82/><T52/><D52/><U37/><E116/><V13/><F13/><W118/><G118/><T43/><D43/><U80/><E80/><V40/><F40/><W49/><G41/><T5/><D5/><AGARI ba="1,1" hai="5,10,14,20,24,30,45,47,59,63,67,92,93,94" machi="5" ten="40,5200,0" yaku="8,1,52,2" doraHai="42" who="2" fromWho="0" sc="234,-55,294,0,455,65,7,0" />
</Scene>
<Scene>
<INIT seed="6,0,0,2,3,127" ten="179,294,520,7" oya="2" hai0="76,103,100,36,112,113,132,44,130,27,114,111,34" hai1="117,54,60,66,123,133,104,86,10,83,57,126,94" hai2="50,65,109,90,88,69,67,38,99,18,110,26,7" hai3="118,47,19,37,92,2,96,24,48,12,8,107,73"/><V68/><F38/><W43/><G73/><T75/><D111/><N who="2" m="42506" /><F99/><W89/><G118/><T56/><D132/><U72/><E104/><V20/><F7/><W134/><G134/><T40/><D130/><U105/><E117/><V95/><F50/><W93/><G107/><T58/><D76/><U106/><E72/><V62/><F95/><W41/><G2/><T77/><D77/><U9/><E126/><V0/><F0/><W31/><G92/><T3/><D3/><U21/><E123/><V61/><AGARI ba="0,0" hai="18,20,26,61,62,65,67,68,69,88,90" m="42506" machi="61" ten="30,3000,0" yaku="10,1,54,1" doraHai="127" who="2" fromWho="2" sc="179,-10,294,-10,520,30,7,-10" owari="169,-23.0,284,8.0,550,65.0,-3,-50.0" />
</Scene>
</mjloggm>