<mjloggm ver="2.3"><GO type="169" lobby="0"/><UN n0="%E5%A4%AA%E3%81%8F%E3%81%AA%E3%81%84%E3%81%8A" n1="%E3%81%8B%E3%81%92%E3%81%8D%E3%82%85%E3%81%86" n2="%47%61%4B%75" n3="%E9%BA%A6%E5%AD%90%74%7A" dan="18,16,16,16" rate="2232.30,2094.28,2064.54,2102.04" sx="F,M,M,M"/><TAIKYOKU oya="0"/>

<Scene>
<INIT seed="0,0,0,5,2,49" ten="250,250,250,250" oya="0" hai0="19,0,73,27,30,43,68,52,106,129,125,45,63" hai1="78,108,33,7,115,36,5,88,8,91,118,25,103" hai2="66,12,134,104,87,64,21,71,89,3,9,35,48" hai3="44,13,46,127,1,128,98,102,107,4,41,112,81"/><T38/><D73/><U31/><E118/><V109/><F104/><W28/><G44/><T14/><D106/><U105/><E36/><V37/><F37/><W113/><G13/><T90/><D0/><U69/><E115/><V55/><F35/><W67/><G67/><T75/><D75/><U60/><E78/><V10/><F134/><W99/><G99/><T29/><D125/><U47/><E47/><V80/><F109/><W116/><G127/><T85/><D129/><U70/><E70/><V123/><F123/><W65/><G65/><T120/><D120/><U6/><E8/><V86/><F86/><W26/><G81/><T79/><D79/><U97/><REACH who="1" step="1"/><E108/><REACH who="1" ten="250,240,250,250" step="2"/><V2/><F71/><W110/><G110/><T16/><D68/><U130/><E130/><V131/><F131/><W58/><G116/><T39/><D38/><U50/><E50/><V82/><F9/><W11/><G128/><T17/><D27/><U18/><E18/><V24/><F2/><W23/><REACH who="3" step="1"/><G58/><REACH who="3" ten="250,240,250,240" step="2"/><T121/><D14/><U83/><E83/><N who="2" m="49407" /><F3/><W53/><G53/><T95/><REACH who="0" step="1"/><D121/><REACH who="0" ten="240,240,250,240" step="2"/><U20/><E20/><V119/><F119/><W132/><G132/><T101/><D101/><U59/><E59/><AGARI ba="0,3" hai="16,17,19,29,30,39,43,45,52,59,63,85,90,95" machi="59" ten="40,12000,1" yaku="1,1,52,1,54,2,53,0" doraHai="49" doraHaiUra="61" who="0" fromWho="1" sc="240,150,240,-120,250,0,240,0" />
</Scene>
<Scene>
<INIT seed="0,1,0,1,0,111" ten="390,120,250,240" oya="0" hai0="15,127,38,14,102,27,54,133,45,121,86,58,100" hai1="5,90,69,83,3,21,64,39,34,53,101,76,18" hai2="79,97,110,35,105,93,50,31,67,41,46,9,94" hai3="23,6,37,74,61,119,131,77,124,43,71,107,135"/><T98/><D121/><U92/><E34/><V115/><F110/><W89/><G119/><T85/><D133/><U108/><E108/><V29/><F115/><W28/><G135/><T33/><D127/><U63/><E101/><V7/><F105/><W104/><G6/><T52/><D33/><U30/><E30/><V99/><F67/><W36/><G124/><T16/><D27/><U113/><E39/><V60/><F60/><W8/><G89/><T56/><D38/><U118/><E118/><V132/><F132/><W19/><G28/><T62/><D45/><U116/><E116/><V17/><F17/><W42/><G8/><N who="0" m="6215" /><D15/><U81/><E5/><V0/><F79/><W49/><G37/><T80/><D98/><U120/><E3/><V22/><F22/><W57/><G71/><T70/><D70/><U26/><E120/><V128/><F128/><W114/><G131/><T73/><D73/><U88/><E76/><V78/><F78/><W95/><G77/><N who="0" m="46223" /><D86/><U66/><E69/><V20/><F35/><W47/><G74/><T10/><D10/><U1/><E1/><V84/><F84/><W72/><G72/><T65/><D65/><N who="1" m="25195" /><E113/><V109/><F109/><W51/><G114/><T2/><D2/><U13/><E13/><V40/><F20/><W112/><G112/><T130/><D130/><U103/><E103/><V134/><F134/><W55/><G36/><T32/><D32/><U48/><E83/><V123/><F123/><W125/><G125/><T11/><D11/><U44/><E81/><V4/><F9/><W122/><G122/><T68/><D68/><RYUUKYOKU ba="1,0" sc="390,30,120,-10,250,-10,240,-10" hai0="52,54,56,58,62,100,102" />
</Scene>
<Scene>
<INIT seed="0,2,0,5,1,38" ten="420,110,240,230" oya="0" hai0="97,109,103,23,67,21,30,123,26,49,111,25,43" hai1="96,0,31,8,124,83,98,128,22,76,105,101,88" hai2="95,14,9,80,60,116,74,11,50,13,33,113,110" hai3="56,72,77,84,78,52,17,120,29,48,53,69,37"/><T94/><D123/><U1/><E128/><V82/><F113/><W45/><G72/><T63/><D49/><U4/><E124/><V125/><F33/><W27/><G69/><T10/><D10/><U41/><E0/><V79/><F125/><W99/><G120/><T42/><D111/><U40/><E31/><V108/><F116/><W18/><G99/><T6/><D6/><U39/><E39/><V65/><F82/><W24/><G24/><T58/><D109/><N who="2" m="42090" /><F95/><W59/><G37/><T54/><D54/><U89/><E22/><V32/><F32/><W104/><G104/><T135/><D135/><U71/><E71/><N who="2" m="42407" /><F50/><W2/><G2/><T16/><AGARI ba="2,0" hai="16,21,23,25,26,30,42,43,58,63,67,94,97,103" machi="16" ten="20,24000,3" yaku="0,1,7,1,25,2,8,1,52,2,54,1" doraHai="38" who="0" fromWho="0" sc="420,246,110,-82,240,-82,230,-82" />
</Scene>
<Scene>
<INIT seed="0,3,0,0,2,26" ten="666,28,158,148" oya="0" hai0="28,133,85,112,80,68,48,0,2,31,53,116,30" hai1="105,99,132,125,107,25,88,45,75,110,117,122,15" hai2="91,58,69,62,60,128,55,134,90,111,52,4,29" hai3="135,24,38,83,19,6,74,40,84,87,102,123,56"/><T34/><D116/><U98/><E15/><V126/><F4/><W92/><G6/><T54/><D112/><U42/><E117/><V33/><F111/><W93/><G40/><T73/><D34/><U89/><E25/><V86/><F126/><W32/><G38/><T12/><D73/><U41/><E45/><V115/><F115/><W79/><G135/><T3/><D68/><U17/><E17/><V71/><F134/><W108/><G108/><T59/><D133/><U94/><E132/><V101/><F101/><W131/><G131/><T39/><D39/><U118/><E118/><V36/><F128/><W67/><G123/><T11/><D53/><U18/><E18/><V97/><F36/><W121/><G121/><T113/><D113/><U21/><E21/><V43/><F43/><N who="1" m="16393" /><E94/><V57/><F97/><N who="1" m="36873" /><E122/><V77/><F77/><W50/><G102/><T35/><D35/><U106/><E75/><V76/><F76/><W109/><G109/><T22/><D22/><U51/><E110/><V124/><F124/><W9/><G92/><T104/><D104/><U27/><E27/><V44/><F44/><W61/><G93/><T127/><D127/><U47/><E125/><V10/><F10/><W20/><G32/><T120/><D120/><U70/><E70/><V129/><F129/><W78/><G78/><T13/><REACH who="0" step="1"/><D11/><REACH who="0" ten="656,28,158,148" step="2"/><U103/><E103/><V5/><F33/><W96/><G9/><T100/><D100/><U95/><E95/><V46/><F69/><N who="3" m="42223" /><G96/><T64/><D64/><U66/><E66/><V16/><F71/><W49/><G74/><T37/><D37/><RYUUKYOKU ba="3,1" sc="656,15,28,15,158,-15,148,-15" hai0="0,2,3,12,13,28,30,31,48,54,59,80,85" hai1="47,51,88,89,105,106,107" />
</Scene>
<Scene>
<INIT seed="0,4,1,1,0,102" ten="671,43,143,133" oya="0" hai0="60,30,103,73,134,25,64,118,116,78,56,112,67" hai1="50,45,5,91,31,10,43,128,22,96,49,47,124" hai2="65,48,19,82,110,21,18,127,84,36,1,93,115" hai3="27,100,32,38,130,40,15,24,69,42,39,12,2"/><T14/><D112/><U8/><E128/><V126/><F115/><W92/><G2/><T90/><D134/><U75/><E75/><V113/><F113/><W0/><G0/><T52/><D103/><U117/><E124/><N who="2" m="47659" /><F36/><W33/><G92/><T79/><D73/><U99/><E117/><V108/><F1/><W34/><G100/><T88/><D116/><U77/><E77/><N who="0" m="29193" /><D118/><U85/><E22/><V106/><F106/><W121/><G33/><T54/><D14/><N who="1" m="5391" /><E10/><V74/><F74/><W58/><G58/><N who="0" m="34887" /><D25/><U131/><E31/><V53/><F65/><N who="0" m="25162" /><D30/><U119/><E119/><V80/><F93/><W68/><REACH who="3" step="1"/><G130/><REACH who="3" ten="671,43,143,123" step="2"/><T133/><D133/><U26/><E131/><V28/><F110/><W71/><G71/><T86/><D86/><U17/><E85/><V16/><F108/><W109/><G109/><T89/><D89/><U132/><E91/><V3/><F3/><W44/><G44/><T46/><D46/><U81/><E132/><V101/><F101/><W72/><G72/><T57/><D57/><U83/><E96/><V122/><F84/><W70/><G70/><T105/><D105/><U98/><E99/><V61/><F80/><W4/><G4/><T120/><D120/><AGARI ba="4,2" hai="12,15,24,27,32,34,38,39,40,42,68,69,120,121" machi="120" ten="25,3200,0" yaku="1,1,22,2,53,0" doraHai="102" doraHaiUra="107" who="3" fromWho="0" sc="671,-44,43,0,143,0,123,64" />
</Scene>
<Scene>
<INIT seed="1,0,0,4,5,30" ten="627,43,143,187" oya="1" hai0="58,52,59,120,26,104,105,48,19,121,28,41,68" hai1="108,103,128,57,114,91,101,125,5,92,53,16,73" hai2="2,36,66,116,22,24,69,110,7,3,23,10,42" hai3="74,77,127,85,20,111,56,25,72,44,13,132,109"/><U61/><E73/><V29/><F69/><W113/><G113/><T96/><D68/><U82/><E114/><V70/><F66/><W119/><G119/><T126/><D126/><U34/><E125/><V94/><F70/><W14/><G127/><T1/><D1/><N who="2" m="10" /><F94/><W71/><G71/><T99/><D41/><U133/><E82/><V8/><F42/><W131/><G44/><T86/><D19/><U60/><E60/><V107/><F36/><W88/><G56/><T40/><D40/><U9/><E101/><V90/><F90/><W102/><G102/><T130/><D130/><U135/><E103/><V51/><F51/><W98/><G131/><T12/><D12/><N who="3" m="4713" /><G98/><N who="0" m="37419" /><D86/><U112/><E128/><V32/><F107/><W49/><G77/><T35/><D59/><U134/><E112/><V33/><F116/><W6/><G49/><T100/><D100/><U46/><E46/><V106/><F106/><W21/><G6/><T27/><D105/><U67/><E5/><V47/><F47/><W80/><G21/><N who="2" m="7689" /><F110/><N who="3" m="41995" /><G132/><T54/><D54/><U117/><E108/><V124/><F124/><W0/><G0/><T17/><D104/><U64/><E117/><V76/><F76/><W45/><G45/><T79/><D79/><U122/><E64/><V89/><F89/><W63/><G63/><T4/><D48/><U39/><E67/><V11/><F7/><W81/><G81/><T78/><D4/><U115/><E135/><V15/><F15/><W95/><G80/><T123/><D78/><U43/><E134/><V65/><F65/><W18/><AGARI ba="0,0" hai="18,20,25,72,74,85,88,95" m="41995,4713" machi="18" ten="30,2000,0" yaku="14,1,54,1" doraHai="30" who="3" fromWho="3" sc="627,-5,43,-10,143,-5,187,20" />
</Scene>
<Scene>
<INIT seed="2,0,0,4,0,86" ten="622,33,138,207" oya="2" hai0="24,49,12,52,30,84,50,125,82,134,22,63,26" hai1="10,94,113,91,53,0,93,8,105,106,66,132,69" hai2="74,5,14,11,60,83,42,99,45,68,88,87,98" hai3="2,107,109,124,46,4,40,9,31,25,131,101,33"/><V126/><F126/><W111/><G124/><T21/><D125/><U15/><E113/><V13/><F74/><W65/><G131/><T133/><D12/><U135/><E0/><V80/><F13/><W47/><G47/><T123/><D123/><U78/><E78/><V129/><F129/><W38/><REACH who="3" step="1"/><G65/><REACH who="3" ten="622,33,138,197" step="2"/><T55/><D134/><N who="1" m="51243" /><E66/><V37/><F68/><W43/><G43/><T67/><D133/><U61/><E69/><V116/><F116/><W73/><G73/><T48/><D67/><U118/><E118/><V59/><F80/><W97/><AGARI ba="0,1" hai="2,4,9,25,31,33,38,40,46,97,101,107,109,111" machi="97" ten="30,7900,0" yaku="1,1,0,1,23,2,53,0" doraHai="86" doraHaiUra="117" who="3" fromWho="3" sc="622,-20,33,-20,138,-39,197,89" />
</Scene>
<Scene>
<INIT seed="3,0,0,4,1,78" ten="602,13,99,286" oya="3" hai0="34,65,62,82,48,54,135,81,10,68,2,19,88" hai1="11,42,109,0,106,130,51,89,111,118,49,99,91" hai2="22,115,104,119,32,24,12,77,125,7,90,64,133" hai3="28,131,6,71,55,23,124,97,60,69,73,76,134"/><W16/><G6/><T29/><D135/><U58/><E118/><V36/><F64/><W95/><G28/><T116/><D116/><U20/><E130/><V107/><F77/><W1/><G131/><T101/><D101/><N who="1" m="62783" /><E20/><V120/><F90/><N who="1" m="34313" /><E58/><V67/><F67/><W14/><G134/><T102/><D102/><U3/><E42/><V43/><F43/><W21/><G124/><T79/><D34/><U26/><E26/><V33/><F22/><W84/><G1/><N who="1" m="586" /><E11/><V5/><F24/><W66/><G73/><T4/><D29/><U80/><E80/><V59/><F12/><W114/><G114/><T74/><D19/><U98/><E98/><V103/><F59/><W93/><G69/><T86/><D48/><U25/><E25/><V94/><F103/><W44/><G23/><T39/><REACH who="0" step="1"/><D54/><REACH who="0" ten="592,13,99,286" step="2"/><U85/><E49/><V108/><F32/><W96/><G55/><T52/><D52/><U57/><E51/><V117/><F33/><W17/><G17/><T128/><D128/><U31/><E31/><V13/><F117/><W56/><G71/><T47/><D47/><U61/><E57/><V35/><F119/><W53/><G44/><T75/><D75/><U9/><E61/><V129/><F133/><W72/><G72/><T15/><D15/><U132/><E132/><V30/><F13/><W121/><G121/><T63/><D63/><U70/><E70/><V37/><F129/><W87/><G53/><T27/><D27/><U122/><E122/><V50/><F120/><W126/><G60/><T100/><D100/><U112/><E112/><V83/><F115/><RYUUKYOKU ba="0,1" sc="592,30,13,-10,99,-10,286,-10" hai0="2,4,10,39,62,65,68,74,79,81,82,86,88" />
</Scene>
<Scene>
<INIT seed="4,1,1,1,2,99" ten="622,3,89,276" oya="0" hai0="113,132,25,52,60,126,11,134,32,46,117,65,30" hai1="19,131,78,68,119,31,33,51,55,73,115,120,81" hai2="70,83,93,135,67,76,48,98,24,9,109,86,61" hai3="63,1,18,44,26,41,29,27,34,121,75,95,130"/><T100/><D117/><U22/><E119/><V127/><F109/><W111/><G75/><T37/><D113/><U12/><E120/><V87/><F127/><W17/><G111/><T6/><D126/><U106/><E68/><V96/><F135/><N who="0" m="51754" /><D100/><U122/><E122/><V64/><F64/><W102/><G121/><T112/><D112/><U116/><E116/><V94/><F94/><W56/><G1/><N who="0" m="463" /><D52/><U43/><E115/><V7/><F48/><W66/><G130/><T23/><D32/><U105/><E131/><V14/><F24/><W15/><G27/><T36/><D46/><U28/><E33/><V90/><AGARI ba="1,1" hai="7,9,14,61,67,70,76,83,86,87,90,93,96,98" machi="90" ten="30,1100,0" yaku="0,1" doraHai="99" who="2" fromWho="2" sc="622,-6,3,-4,89,24,276,-4" owari="616,72.0,-1,-50.0,113,-29.0,272,7.0" />
</Scene>
</mjloggm>