<mjloggm ver="2.3"><GO type="169"/><UN n0="%E5%AF%BE%E5%AD%90%E3%81%AE%E7%8E%8B%E6%A7%98" n1="%E5%94%90%E6%8F%9A%E5%A4%A7%E5%A5%BD%E3%81%8D" n2="%E6%AF%94%E5%98%89%E7%A7%80%E4%BB%81" n3="%E5%A4%AA%E3%81%8F%E3%81%AA%E3%81%84%E3%81%8A" dan="17,17,17,17" rate="2192,2187,2199,2177" sx="M,M,M,M"/><TAIKYOKU oya="0"/>

<Scene>
<INIT seed="0,0,0,0,5,30" ten="250,250,250,250" oya="0" hai0="52,113,51,8,47,101,41,32,93,69,80,128,75" hai1="38,78,85,56,79,63,88,117,129,33,98,76,133" hai2="28,24,103,104,26,2,71,29,7,118,55,123,114" hai3="131,14,89,36,13,46,59,12,70,39,115,99,125"/><T34/><D113/><U0/><E38/><V15/><F71/><W17/><G70/><T25/><D69/><U124/><E0/><V65/><F65/><W106/><G115/><T5/><D25/><U109/><E117/><V40/><F40/><W73/><G73/><T49/><D128/><U21/><E129/><V20/><F114/><W19/><G131/><T11/><D11/><U6/><E6/><V35/><F123/><W83/><G125/><T43/><D43/><U100/><E124/><V81/><F2/><W134/><G134/><T112/><D112/><U74/><E74/><V44/><F81/><W16/><G46/><T1/><D75/><U60/><E133/><V96/><F118/><W27/><G27/><T42/><D80/><U119/><E119/><V95/><F104/><W67/><G83/><T48/><D42/><U116/><E116/><V4/><REACH who="2" step="1"/><F15/><REACH who="2" ten="250,250,240,250" step="2"/><W10/><G106/><T126/><D126/><U132/><E132/><V90/><F90/><W72/><G12/><T62/><D41/><U97/><E88/><V57/><F57/><W45/><G14/><T108/><D47/><U107/><E56/><V31/><F31/><W37/><G45/><T68/><D68/><U130/><E107/><V127/><F127/><W54/><G67/><T9/><D1/><U50/><E130/><V121/><F121/><W64/><G64/><T102/><D101/><U92/><E100/><V84/><F84/><W111/><G72/><T53/><D102/><U77/><E85/><V122/><F122/><W66/><G59/><T61/><D93/><U94/><E92/><RYUUKYOKU ba="0,1" sc="250,-10,250,-10,240,30,250,-10" hai2="4,7,20,24,26,28,29,35,44,55,95,96,103" />
</Scene>
<Scene>
<INIT seed="1,1,1,1,4,84" ten="240,240,270,240" oya="1" hai0="123,38,26,2,3,99,73,24,59,61,131,41,91" hai1="33,40,54,20,135,48,19,22,120,35,44,21,65" hai2="14,64,132,125,94,98,126,25,34,103,119,27,102" hai3="128,100,12,109,116,32,74,111,8,49,45,80,107"/><U4/><E120/><V90/><F119/><W106/><G32/><T115/><D115/><U18/><E135/><V11/><F64/><W117/><G128/><T31/><D73/><U13/><E65/><V124/><F132/><W30/><G30/><T0/><D131/><U88/><E35/><V36/><F36/><W7/><G74/><T42/><D123/><U92/><E33/><V95/><F34/><W85/><G100/><N who="2" m="38441" /><F95/><W71/><G71/><T121/><D121/><U6/><E40/><V79/><F79/><N who="3" m="46239" /><G106/><T96/><D38/><U129/><E129/><V114/><F114/><W97/><G97/><T133/><D133/><U55/><E55/><V72/><F72/><W110/><G107/><T28/><D3/><U118/><E118/><V87/><F98/><W113/><G113/><T93/><D93/><U5/><E13/><V56/><F56/><W47/><G47/><T82/><D59/><U83/><E83/><V130/><F130/><W122/><G122/><T127/><D82/><U63/><E63/><V23/><F23/><W16/><G7/><AGARI ba="1,1" hai="7,11,14,25,27,87,90,94,124,125,126" m="38441" machi="7" ten="30,2000,0" yaku="18,1,52,1" doraHai="84" who="2" fromWho="3" sc="240,0,240,0,270,33,240,-23" />
</Scene>
<Scene>
<INIT seed="2,0,0,0,0,50" ten="240,240,303,217" oya="2" hai0="133,33,41,101,64,8,102,77,118,57,104,131,10" hai1="35,46,98,43,75,106,124,51,30,48,117,58,90" hai2="19,1,92,120,52,128,2,40,13,115,11,74,15" hai3="122,36,126,83,108,45,25,123,94,88,89,116,70"/><V32/><F120/><W29/><G116/><T22/><D33/><U99/><E75/><V49/><F74/><W26/><G70/><T121/><D121/><U24/><E117/><V53/><F32/><W107/><G107/><T60/><D118/><U87/><E124/><V103/><F115/><W23/><G126/><T7/><D133/><U82/><REACH who="1" step="1"/><E106/><REACH who="1" ten="240,230,303,217" step="2"/><V3/><F128/><W62/><G123/><T78/><D104/><U119/><E119/><V134/><F134/><W76/><G122/><T4/><D131/><U111/><E111/><V66/><F66/><W105/><G105/><T63/><D64/><U110/><E110/><V21/><F3/><W81/><G108/><T18/><D41/><U54/><AGARI ba="0,1" hai="24,30,35,43,46,48,51,54,58,82,87,90,98,99" machi="54" ten="30,4000,0" yaku="1,1,0,1,52,1,53,0" doraHai="50" doraHaiUra="96" who="1" fromWho="1" sc="240,-10,230,50,303,-20,217,-10" />
</Scene>
<Scene>
<INIT seed="3,0,0,3,5,88" ten="230,280,283,207" oya="3" hai0="103,68,75,122,27,52,32,135,130,16,5,87,48" hai1="78,109,90,23,60,73,8,99,132,62,67,59,102" hai2="93,37,116,35,19,128,21,84,49,104,43,72,105" hai3="76,15,111,2,55,107,81,129,25,56,63,114,0"/><W22/><G114/><T70/><D122/><U92/><E132/><V124/><F72/><W94/><G107/><T36/><D36/><U44/><E109/><V79/><F37/><W110/><G129/><T61/><D75/><U51/><E8/><V108/><F35/><W118/><G118/><T54/><D5/><U91/><E23/><V7/><F108/><N who="3" m="41515" /><G15/><T120/><D120/><U17/><E17/><V106/><F116/><W10/><G10/><T1/><D1/><U117/><E117/><V71/><F7/><W47/><G47/><T53/><D16/><U82/><REACH who="1" step="1"/><E62/><REACH who="1" ten="230,270,283,207" step="2"/><V123/><F19/><N who="3" m="12511" /><G94/><T46/><D135/><U89/><E89/><V115/><F93/><W4/><G4/><T13/><D130/><U42/><AGARI ba="0,1" hai="42,44,51,59,60,67,73,78,82,90,91,92,99,102" machi="42" ten="20,8000,1" yaku="1,1,0,1,7,1,52,1,53,1" doraHai="88" doraHaiUra="58" who="1" fromWho="1" sc="230,-20,270,90,283,-20,207,-40" />
</Scene>
<Scene>
<INIT seed="4,0,0,2,2,110" ten="210,360,263,167" oya="0" hai0="84,27,119,82,70,77,104,8,46,72,26,99,10" hai1="7,132,9,95,59,11,56,47,114,88,118,34,111" hai2="15,100,14,122,13,78,38,6,68,130,129,50,57" hai3="35,54,53,20,96,98,1,80,101,75,5,108,125"/><T49/><D119/><U30/><E111/><V62/><F38/><W107/><G108/><T18/><D70/><U133/><E118/><V112/><F122/><W85/><G35/><T79/><D72/><U128/><E128/><V37/><F37/><W135/><G135/><N who="1" m="51786" /><E47/><V87/><F68/><W41/><G125/><T86/><D104/><U105/><E105/><V60/><F100/><W29/><G75/><T126/><D126/><U45/><E45/><V48/><F6/><W42/><G96/><T66/><D66/><U3/><E11/><V4/><F4/><W90/><G5/><T22/><D99/><N who="1" m="57831" /><E114/><V69/><F112/><W36/><G1/><T81/><REACH who="0" step="1"/><D27/><AGARI ba="0,0" hai="3,7,9,27,30,34,56,59" m="57831,51786" machi="27" ten="30,2000,0" yaku="20,1,54,1" doraHai="110" who="1" fromWho="0" sc="210,-20,360,20,263,0,167,0" />
</Scene>
<Scene>
<INIT seed="5,0,0,4,4,9" ten="190,380,263,167" oya="1" hai0="78,5,56,134,58,133,4,64,101,2,17,126,94" hai1="86,8,115,89,42,103,47,52,70,125,81,63,10" hai2="65,67,24,12,73,41,44,32,43,77,1,53,118" hai3="28,95,84,107,33,135,39,85,100,36,111,25,116"/><U29/><E125/><V92/><F1/><W3/><G111/><T37/><D37/><U62/><E115/><V57/><F118/><W112/><G3/><T117/><D117/><U83/><E103/><V13/><F73/><W102/><G116/><T48/><D126/><U106/><E106/><V109/><F77/><W124/><G124/><T23/><D78/><U76/><E29/><V123/><F123/><W45/><G112/><T46/><D2/><U72/><E70/><V15/><F109/><W113/><G113/><T66/><D94/><U51/><E63/><N who="2" m="36271" /><F32/><W71/><G71/><T108/><D101/><U68/><E68/><V79/><F79/><W20/><G135/><T38/><D38/><U128/><E128/><V7/><F7/><N who="0" m="2634" /><D108/><U30/><E30/><V59/><F24/><W80/><G107/><T18/><D18/><U27/><E27/><V88/><F59/><N who="0" m="22570" /><D134/><U132/><E132/><V121/><F121/><W61/><G61/><T93/><D93/><U49/><E62/><V54/><F54/><W40/><G33/><T55/><D133/><U105/><E105/><V82/><F82/><W91/><REACH who="3" step="1"/><G39/><REACH who="3" ten="190,380,263,157" step="2"/><T127/><D127/><U34/><E34/><V74/><F74/><W69/><G69/><T90/><D90/><AGARI ba="0,1" hai="20,25,28,36,40,45,80,84,85,90,91,95,100,102" machi="90" ten="30,3900,0" yaku="1,1,7,1,53,1" doraHai="9" doraHaiUra="16" who="3" fromWho="0" sc="190,-39,380,0,263,0,157,49" />
</Scene>
<Scene>
<INIT seed="6,0,0,3,2,21" ten="151,380,263,206" oya="2" hai0="89,104,100,107,24,30,58,17,101,40,116,28,34" hai1="16,53,31,44,126,125,23,4,96,102,66,49,36" hai2="26,15,0,76,95,10,48,57,123,62,63,50,106" hai3="80,64,108,69,117,51,7,93,19,131,135,35,97"/><V55/><F123/><W54/><G108/><T113/><D113/><U61/><E36/><V3/><F106/><W105/><G117/><T110/><D116/><U83/><E4/><V14/><F76/><W88/><G35/><T5/><D110/><U112/><E112/><V8/><F95/><W65/><G131/><T45/><D5/><U130/><E130/><V12/><F26/><W115/><G115/><T9/><D58/><N who="1" m="37175" /><E83/><V81/><F81/><W92/><G135/><T52/><D30/><U79/><E79/><V42/><F42/><W127/><G127/><N who="1" m="48650" /><E31/><V1/><REACH who="2" step="1"/><F50/><REACH who="2" ten="151,380,253,206" step="2"/><W29/><G51/><N who="0" m="28783" /><D40/><U94/><E94/><V39/><F39/><W43/><G93/><T46/><D107/><U33/><E96/><V56/><F56/><W133/><G97/><T128/><D104/><U72/><E102/><V68/><F68/><W119/><G69/><T11/><D128/><U87/><E72/><V2/><N who="2" m="0" /><DORA hai="78" /><V13/><N who="2" m="3072" /><DORA hai="82" /><V75/><F75/><W132/><G105/><T25/><D89/><U73/><E73/><V38/><F38/><W111/><G88/><T59/><D59/><U84/><E33/><V129/><F129/><W118/><G118/><T60/><D101/><U85/><E84/><V47/><F47/><W6/><G119/><T22/><D46/><U124/><E124/><V134/><F134/><W99/><G133/><T20/><D100/><U114/><E114/><V70/><F70/><W120/><G132/><T122/><D34/><U121/><E121/><V98/><F98/><W77/><G120/><T32/><D122/><U103/><E103/><RYUUKYOKU ba="0,1" sc="151,-15,380,15,253,15,206,-15" hai1="16,23,44,49,53,85,87" hai2="8,10,48,55,57,62,63" />
</Scene>
<Scene>
<INIT seed="6,1,1,4,3,34" ten="136,395,268,191" oya="2" hai0="118,27,126,107,122,9,8,43,74,100,22,79,119" hai1="115,23,14,65,20,25,96,97,88,45,24,123,78" hai2="12,77,61,98,37,11,92,59,46,28,133,111,13" hai3="131,51,116,81,117,55,6,121,39,49,47,35,64"/><V15/><F133/><W71/><G35/><T130/><D43/><U93/><E115/><V16/><F111/><W60/><G6/><T29/><D122/><U124/><E123/><V56/><F77/><W18/><G121/><T101/><D107/><U58/><E124/><V103/><F59/><W91/><G131/><T86/><D74/><U17/><E78/><V76/><F76/><W5/><G5/><T44/><D44/><U83/><E83/><V38/><F28/><W90/><G39/><T85/><D79/><U75/><E75/><V10/><F46/><W72/><G49/><T73/><D73/><U94/><E45/><V7/><REACH who="2" step="1"/><F13/><REACH who="2" ten="136,395,258,191" step="2"/><W48/><G72/><T1/><D29/><N who="1" m="17543" /><E14/><V87/><F87/><W128/><G47/><T40/><D130/><U104/><E58/><V36/><F36/><W32/><G128/><T69/><D40/><U105/><E105/><V26/><F26/><W41/><G41/><T112/><D27/><U113/><E104/><V31/><F31/><W66/><G117/><T89/><D126/><U106/><E106/><V57/><F57/><W127/><G116/><T84/><D84/><U52/><E113/><V95/><F95/><W82/><G127/><T80/><D112/><U99/><E94/><V53/><AGARI ba="1,2" hai="7,10,11,12,15,16,37,38,53,56,61,92,98,103" machi="53" ten="20,7800,0" yaku="1,1,0,1,7,1,54,1,53,0" doraHai="34" doraHaiUra="108" who="2" fromWho="2" sc="136,-27,395,-27,258,101,191,-27" />
</Scene>
<Scene>
<INIT seed="6,2,0,1,4,104" ten="109,368,359,164" oya="2" hai0="73,109,22,48,45,82,33,10,44,13,135,125,85" hai1="61,120,23,42,5,126,99,2,40,78,80,43,9" hai2="96,98,46,91,1,112,25,50,58,66,16,122,84" hai3="12,0,60,106,90,71,15,88,47,124,24,130,3"/><V101/><F122/><W36/><G106/><T52/><D109/><U8/><E120/><V93/><F1/><W123/><G123/><T111/><D111/><U26/><E126/><V110/><F110/><W74/><G124/><T59/><D125/><U103/><E61/><N who="2" m="38199" /><F112/><W57/><G71/><T68/><D68/><U94/><E9/><V89/><F101/><W6/><G130/><T56/><D33/><U20/><REACH who="1" step="1"/><E26/><REACH who="1" ten="109,358,359,164" step="2"/><V75/><F25/><W35/><G24/><T65/><D135/><U70/><E70/><V108/><F108/><W34/><G60/><N who="0" m="38023" /><D73/><AGARI ba="2,1" hai="2,5,8,20,23,40,42,43,73,78,80,94,99,103" machi="73" ten="40,2600,0" yaku="1,1,52,1,53,0" doraHai="104" doraHaiUra="115" who="1" fromWho="0" sc="109,-32,358,42,359,0,164,0" />
</Scene>
<Scene>
<INIT seed="7,0,0,4,5,40" ten="77,400,359,164" oya="3" hai0="112,131,71,94,28,10,14,39,17,129,99,30,37" hai1="57,103,34,48,117,23,80,7,63,19,107,53,55" hai2="91,2,67,54,4,15,38,50,132,3,33,101,95" hai3="36,79,44,113,98,12,84,111,90,74,81,86,21"/><W64/><G113/><T70/><D112/><U135/><E34/><V78/><F38/><N who="0" m="14346" /><D94/><U24/><E135/><V115/><F115/><W65/><G111/><T51/><D99/><U52/><E117/><V25/><F67/><W108/><G108/><T106/><D14/><U56/><E7/><V73/><F101/><W89/><G98/><T126/><D10/><U77/><E103/><V83/><F132/><W66/><G74/><T116/><D106/><U60/><E107/><V92/><F92/><W6/><G84/><T100/><D100/><U11/><E11/><V118/><F118/><W16/><G6/><T27/><D116/><U59/><E80/><V29/><F15/><W5/><G5/><T105/><D105/><U68/><E68/><N who="0" m="26153" /><D27/><U102/><E102/><V130/><F4/><W127/><G89/><T45/><D17/><U104/><E104/><V72/><F72/><W110/><G110/><T119/><D119/><U26/><E77/><V18/><F18/><W134/><G134/><T9/><D9/><U87/><E87/><V109/><F109/><W35/><G79/><T8/><D8/><U75/><E75/><V125/><F125/><W93/><G127/><T13/><D13/><AGARI ba="0,0" hai="13,19,23,24,26,48,52,53,55,56,57,59,60,63" machi="13" ten="30,7700,0" yaku="7,1,9,1,8,1,54,1" doraHai="40" who="1" fromWho="0" sc="77,-77,400,77,359,0,164,0" owari="0,-50.0,477,58.0,359,16.0,164,-24.0" />
</Scene>
</mjloggm>