<mjloggm ver="2.3"><GO type="193"/><UN n0="%79%75%6B%69%2E%2E%2E" n1="%E3%82%AB%E3%82%B4%E3%82%BF%E3%82%AF" n2="%E5%A4%AA%E3%81%8F%E3%81%AA%E3%81%84%E3%81%8A" n3="%E7%AD%8B%E9%81%95%E3%81%84%E6%A3%8B%E5%A3%AB" dan="12,12,12,12" rate="1644,1710,1911,1905" sx="M,M,M,M"/><TAIKYOKU oya="0"/>

<Scene>
<INIT seed="0,0,0,1,5,0" ten="250,250,250,250" oya="0" hai0="72,65,19,42,81,12,44,119,50,125,16,27,129" hai1="33,132,99,23,21,105,7,39,127,106,17,84,107" hai2="134,55,58,104,43,82,24,128,117,37,22,83,46" hai3="51,71,38,101,9,53,113,67,114,32,89,41,115"/><T61/><D119/><U8/><E39/><V103/><F117/><W108/><G32/><T10/><D72/><U13/><E33/><V135/><F128/><W109/><G101/><T1/><D81/><U35/><E35/><V96/><F134/><W130/><G89/><T126/><D129/><U86/><E132/><V63/><REACH who="2" step="1"/><F135/><REACH who="2" ten="250,250,240,250" step="2"/><W116/><G116/><T31/><D1/><U2/><E127/><N who="0" m="48649" /><D19/><AGARI ba="0,1" hai="19,22,24,37,43,46,55,58,63,82,83,96,103,104" machi="19" ten="30,2000,0" yaku="1,1,7,1,53,0" doraHai="0" doraHaiUra="122" who="2" fromWho="0" sc="250,-20,250,0,240,30,250,0" />
</Scene>
<Scene>
<INIT seed="1,0,0,5,3,2" ten="230,250,270,250" oya="1" hai0="87,117,65,92,96,99,84,44,29,40,134,49,131" hai1="82,85,18,42,113,23,77,101,21,22,89,52,63" hai2="130,32,124,53,10,83,106,36,27,108,57,119,115" hai3="4,11,86,103,79,125,43,62,116,28,13,74,102"/><U133/><E113/><V109/><F119/><W114/><G74/><T81/><D117/><U9/><E133/><V61/><F115/><W45/><G116/><T105/><D131/><U50/><E101/><V120/><F120/><W46/><G114/><T70/><D134/><U112/><E112/><V16/><F130/><W35/><G125/><T31/><D105/><U135/><E135/><V104/><F36/><W30/><G46/><T47/><D99/><U5/><E63/><V123/><F123/><W58/><G30/><T95/><D70/><U20/><E42/><V66/><F124/><W64/><G28/><T91/><D65/><U126/><E126/><V67/><F83/><N who="3" m="47487" /><G35/><T110/><D110/><N who="2" m="42602" /><F32/><W34/><G34/><T54/><D47/><N who="1" m="27743" /><E77/><V118/><F118/><W71/><G71/><T93/><D40/><U111/><E111/><V25/><F104/><W56/><G56/><T8/><D8/><U55/><E55/><V48/><F106/><W75/><G75/><T121/><D121/><U107/><E107/><V33/><F33/><W7/><G7/><T88/><REACH who="0" step="1"/><D95/><REACH who="0" ten="220,250,270,250" step="2"/><U38/><E38/><V60/><F67/><W94/><G94/><T51/><D51/><AGARI ba="0,1" hai="4,11,13,43,45,51,58,62,64,102,103" m="47487" machi="51" ten="30,3900,0" yaku="25,1,8,1,52,1" doraHai="2" who="3" fromWho="0" sc="220,-39,250,0,270,0,250,49" />
</Scene>
<Scene>
<INIT seed="2,0,0,1,3,103" ten="181,250,270,299" oya="2" hai0="11,28,122,3,114,125,121,21,89,5,53,70,107" hai1="94,106,130,19,12,50,14,71,41,134,102,29,127" hai2="117,113,80,98,72,17,101,32,79,58,129,24,34" hai3="112,25,54,109,65,97,38,66,88,44,36,77,60"/><V47/><F117/><W49/><G109/><T68/><D114/><U86/><E127/><V31/><F113/><W90/><G112/><T51/><D125/><U26/><E130/><V85/><F129/><W2/><G2/><T118/><D118/><U57/><E134/><V120/><F120/><W73/><G66/><T64/><D121/><U20/><E71/><V100/><F34/><W116/><G116/><T56/><D122/><U131/><E131/><V104/><F101/><W119/><G119/><T69/><D64/><U55/><E41/><V46/><F17/><W105/><G25/><T13/><D107/><U95/><E106/><V92/><F58/><W108/><G108/><T7/><D7/><U83/><E102/><V52/><F52/><W96/><G96/><T62/><D62/><U126/><E126/><V8/><F8/><W124/><G124/><T6/><D6/><U135/><E135/><V111/><F111/><W99/><G99/><T84/><D28/><U115/><E115/><V61/><F61/><W30/><G54/><T123/><D123/><U1/><E1/><V48/><F48/><W27/><G60/><T133/><D133/><U15/><REACH who="1" step="1"/><E29/><REACH who="1" ten="181,240,270,299" step="2"/><V59/><F104/><W87/><G105/><T110/><D68/><U76/><AGARI ba="0,1" hai="12,14,15,19,20,26,50,55,57,76,83,86,94,95" machi="76" ten="30,8000,1" yaku="1,1,2,1,0,1,8,1,53,1" doraHai="103" doraHaiUra="82" who="1" fromWho="1" sc="181,-20,240,90,270,-40,299,-20" />
</Scene>
<Scene>
<INIT seed="3,0,0,5,3,83" ten="161,330,230,279" oya="3" hai0="2,1,103,84,6,44,91,101,12,10,133,42,106" hai1="60,75,85,47,119,17,118,66,76,56,115,21,110" hai2="94,125,46,35,73,3,95,19,104,40,9,107,64" hai3="58,41,43,15,127,109,27,99,31,105,134,97,7"/><W59/><G134/><T36/><D133/><U61/><E110/><V72/><F35/><W50/><G109/><T96/><REACH who="0" step="1"/><D101/><REACH who="0" ten="151,330,230,279" step="2"/><U23/><E115/><V18/><F125/><W34/><G127/><T48/><D48/><U89/><E75/><V13/><F73/><W38/><G50/><T57/><D57/><U117/><E76/><V100/><F72/><W93/><G59/><T98/><D98/><U135/><E47/><V116/><F100/><W24/><G58/><T128/><D128/><U132/><E61/><V63/><F63/><W28/><G99/><T123/><D123/><U39/><E39/><V52/><F46/><W80/><G38/><T112/><D112/><U129/><E129/><V108/><F108/><W30/><G97/><T49/><D49/><U121/><E121/><V122/><F122/><W67/><G34/><T62/><D62/><U113/><E113/><V11/><F116/><W54/><G105/><T82/><AGARI ba="0,1" hai="1,2,6,10,12,36,42,44,82,84,91,96,103,106" machi="82" ten="20,8000,1" yaku="1,1,0,1,7,1,52,1,53,1" doraHai="83" doraHaiUra="92" who="0" fromWho="0" sc="151,90,330,-20,230,-20,279,-40" owari="241,4.0,310,41.0,210,-29.0,239,-16.0" />
</Scene>
</mjloggm>