<mjloggm ver="2.3"><GO type="169"/><UN n0="%72%79%6F%74%61%53%53%53" n1="%E5%A4%AA%E3%81%8F%E3%81%AA%E3%81%84%E3%81%8A" n2="%E6%94%AF%E5%80%89%E6%9B%9C%E5%AD%90" n3="%E3%83%AA%E3%83%84%E3%83%9F%E3%82%B5%E3%83%B3" dan="16,17,16,18" rate="2033,2184,2026,2217" sx="M,M,F,M"/><TAIKYOKU oya="0"/>

<Scene>
<INIT seed="0,0,0,2,2,67" ten="250,250,250,250" oya="0" hai0="26,36,98,96,130,117,81,31,93,103,122,28,125" hai1="48,56,62,37,129,0,69,16,22,112,58,9,92" hai2="27,18,6,116,55,35,105,118,119,108,44,89,49" hai3="59,60,25,121,33,15,57,120,73,23,43,40,132"/><T74/><D117/><U99/><E37/><V104/><F108/><W110/><G73/><T54/><D122/><U65/><E129/><V124/><F124/><W66/><G110/><T72/><D125/><U47/><E112/><V13/><F6/><W82/><G33/><T75/><D130/><U71/><E58/><V113/><F113/><W128/><G15/><T79/><D28/><U38/><E38/><V51/><F89/><W94/><G82/><T88/><D54/><U5/><E47/><V46/><F27/><W87/><G128/><T39/><D39/><U80/><E80/><V83/><F83/><W7/><G7/><T111/><D36/><U52/><E48/><V76/><F76/><W3/><G3/><T24/><D24/><N who="1" m="14407" /><E65/><V78/><F78/><W85/><G43/><T68/><D68/><U114/><E114/><V90/><F90/><AGARI ba="0,0" hai="0,5,9,52,56,62,69,71,90,92,99" m="14407" machi="90" ten="30,8000,1" yaku="25,1,52,2,54,2" doraHai="67" who="1" fromWho="2" sc="250,0,250,80,250,-80,250,0" />
</Scene>
<Scene>
<INIT seed="1,0,0,1,5,23" ten="250,330,170,250" oya="1" hai0="71,49,85,96,107,135,91,28,59,104,101,14,125" hai1="131,86,17,126,39,123,21,44,52,110,4,25,37" hai2="43,102,19,51,115,103,134,94,79,128,41,74,93" hai3="87,24,67,78,5,57,111,105,45,112,9,8,18"/><U84/><E123/><V53/><F128/><W10/><G105/><T29/><D71/><U100/><E131/><V62/><F134/><W33/><G112/><T133/><D104/><U31/><E126/><V32/><F115/><W65/><G111/><T35/><D125/><U60/><E100/><V30/><F62/><W89/><G78/><T72/><D72/><U122/><E122/><V3/><F3/><W6/><G45/><T1/><D1/><U58/><E4/><V124/><F124/><W40/><G40/><T66/><D14/><U121/><E121/><V129/><F129/><W56/><G56/><T132/><D35/><U34/><E110/><V47/><F79/><W81/><G33/><T13/><D13/><U119/><E119/><V97/><F74/><W75/><G75/><T70/><D70/><U26/><REACH who="1" step="1"/><E44/><REACH who="1" ten="250,320,170,250" step="2"/><V76/><F102/><W46/><G46/><T22/><D132/><U36/><AGARI ba="0,1" hai="17,21,25,26,31,34,36,37,39,52,58,60,84,86" machi="36" ten="30,24000,3" yaku="1,1,2,1,0,1,52,2,54,1,53,2" doraHai="23" doraHaiUra="80" who="1" fromWho="1" sc="250,-80,320,250,170,-80,250,-80" />
</Scene>
<Scene>
<INIT seed="1,1,0,1,5,73" ten="170,570,90,170" oya="1" hai0="44,48,81,109,100,111,85,135,96,32,56,59,108" hai1="6,91,98,62,125,45,82,35,3,121,26,119,116" hai2="117,110,37,97,114,20,12,30,55,27,22,36,86" hai3="57,120,38,102,2,76,8,79,16,112,49,58,61"/><U92/><E121/><V40/><F117/><W42/><G120/><T4/><D4/><U128/><E128/><V17/><F110/><W19/><G112/><T129/><D32/><U123/><E123/><V99/><F114/><W65/><G38/><T14/><D14/><U31/><E125/><V41/><F37/><W127/><G127/><T0/><D135/><U126/><E126/><V67/><F67/><W25/><G102/><T34/><D0/><U133/><E133/><V84/><F55/><W122/><G122/><T63/><D63/><U105/><E105/><V23/><F23/><N who="3" m="13543" /><G2/><T29/><D29/><U7/><E3/><V80/><F86/><W115/><G115/><T66/><D66/><U103/><E119/><V64/><F64/><W60/><G60/><T77/><D129/><U89/><E116/><V93/><F36/><W90/><G90/><T53/><REACH who="0" step="1"/><D34/><REACH who="0" ten="160,570,90,170" step="2"/><U47/><E62/><V33/><F33/><W39/><G39/><T132/><D132/><U71/><E35/><V131/><F131/><W28/><G28/><T70/><D70/><U118/><E71/><V50/><F12/><N who="3" m="7559" /><G42/><T51/><D51/><U21/><E118/><V130/><F50/><W124/><G124/><T101/><D101/><U69/><E69/><V5/><F130/><W1/><G1/><T54/><D54/><AGARI ba="1,1" hai="49,54,57,58,61,65,76,79" m="7559,13543" machi="54" ten="30,7700,0" yaku="8,1,52,2,54,1" doraHai="73" who="3" fromWho="0" sc="160,-80,570,0,90,0,170,90" />
</Scene>
<Scene>
<INIT seed="2,0,0,5,1,29" ten="80,570,90,260" oya="2" hai0="71,21,111,101,70,76,61,134,30,123,94,41,73" hai1="88,51,57,44,109,115,6,78,27,92,128,124,34" hai2="43,118,108,42,125,22,0,79,121,81,129,36,8" hai3="16,86,112,126,28,49,91,102,7,93,40,26,53"/><V80/><F121/><W12/><G126/><T59/><D123/><U133/><E115/><V62/><F118/><W72/><G72/><T105/><D105/><U74/><E6/><V103/><F125/><W58/><G112/><T82/><D111/><U17/><E124/><V64/><F129/><W106/><G7/><T77/><D77/><U18/><E74/><V100/><F108/><W45/><G106/><T24/><D41/><U131/><E78/><V67/><F0/><W96/><G102/><N who="2" m="38953" /><F36/><W122/><G96/><N who="0" m="59543" /><D134/><U23/><E133/><V38/><F38/><W46/><G122/><T32/><D32/><U68/><E68/><V55/><F8/><W114/><G114/><T31/><D31/><N who="1" m="17919" /><E57/><N who="2" m="35135" /><F22/><N who="3" m="11527" /><G40/><N who="2" m="15401" /><F79/><W35/><AGARI ba="0,0" hai="26,28,35,45,46,49,53,58,86,91,93" m="11527" machi="35" ten="30,4000,0" yaku="25,1,52,1,54,1" doraHai="29" who="3" fromWho="3" sc="80,-10,570,-10,90,-20,260,40" />
</Scene>
<Scene>
<INIT seed="3,0,0,2,4,130" ten="70,560,70,300" oya="3" hai0="114,56,48,31,17,98,51,46,91,93,64,80,11" hai1="6,32,115,12,2,52,24,97,124,135,74,65,30" hai2="9,26,116,5,83,4,8,133,68,49,19,33,81" hai3="13,125,23,103,126,61,36,27,42,3,109,22,127"/><W77/><G3/><T79/><D114/><U35/><E74/><V69/><F116/><W54/><G77/><T86/><D31/><U67/><E115/><V88/><F33/><W122/><G122/><T59/><D64/><U119/><E119/><V110/><F110/><W0/><G0/><T72/><D72/><U82/><E35/><V60/><F60/><W104/><G104/><T34/><D34/><U15/><E124/><V25/><F49/><W107/><G107/><T21/><D11/><U50/><E2/><V44/><F44/><W85/><G103/><T37/><D37/><U73/><E97/><V102/><F102/><W38/><G42/><N who="0" m="24663" /><D51/><U111/><E111/><V47/><F47/><W20/><G109/><T58/><D59/><U39/><E39/><V117/><F117/><W55/><G27/><AGARI ba="0,0" hai="17,21,27,56,58,79,80,86,91,93,98" m="24663" machi="27" ten="30,1000,0" yaku="8,1" doraHai="130" who="0" fromWho="3" sc="70,10,560,0,70,0,300,-10" />
</Scene>
<Scene>
<INIT seed="4,0,0,5,3,102" ten="80,560,70,290" oya="0" hai0="2,131,111,95,24,83,0,53,66,31,21,87,49" hai1="105,48,7,82,80,52,112,8,130,74,58,120,27" hai2="42,1,126,65,34,99,63,103,81,54,94,110,36" hai3="39,30,127,40,72,50,25,113,32,15,68,43,124"/><T29/><D131/><U122/><E105/><V41/><F110/><W57/><G72/><T35/><D66/><U61/><E130/><V106/><F126/><N who="3" m="48171" /><G68/><T114/><D114/><U89/><E112/><V92/><F1/><W75/><G75/><T37/><D37/><U64/><E27/><V118/><F118/><W135/><G39/><T51/><D111/><U125/><E125/><V69/><F54/><W109/><G109/><T115/><D115/><U20/><E20/><V45/><F42/><W84/><G135/><T14/><D95/><U4/><E4/><V76/><REACH who="2" step="1"/><F34/><REACH who="2" ten="80,560,60,290" step="2"/><W13/><G43/><T85/><D35/><U46/><E122/><V62/><F62/><W19/><G40/><T90/><D2/><U77/><E120/><V44/><F44/><W16/><G113/><T3/><D0/><U6/><E46/><V96/><F96/><W133/><G133/><T38/><D38/><U129/><E61/><V107/><F107/><W73/><G50/><N who="0" m="18955" /><D53/><U100/><E52/><V67/><F67/><W10/><G73/><AGARI ba="0,1" hai="36,41,45,63,65,69,73,76,81,92,94,99,103,106" machi="73" ten="30,7700,0" yaku="1,1,7,1,52,1,53,1" doraHai="102" doraHaiUra="56" who="2" fromWho="3" sc="80,0,560,0,60,87,290,-77" />
</Scene>
<Scene>
<INIT seed="5,0,0,3,2,103" ten="80,560,147,213" oya="1" hai0="133,38,91,117,51,8,93,56,35,32,65,75,30" hai1="10,57,58,11,67,108,53,81,41,92,19,127,23" hai2="82,39,36,113,37,25,22,4,77,13,71,88,20" hai3="70,6,59,73,1,106,86,134,18,99,128,14,111"/><U61/><E127/><V63/><F113/><W78/><G70/><T60/><D38/><U98/><E108/><V74/><F25/><W76/><G73/><T44/><D117/><U100/><E41/><V89/><F71/><W107/><G1/><T42/><D133/><U102/><E81/><V0/><F63/><W54/><G6/><T50/><D75/><U68/><E102/><V43/><F43/><W80/><G111/><T47/><D8/><U121/><E121/><V112/><F112/><W132/><G78/><T40/><REACH who="0" step="1"/><D30/><REACH who="0" ten="70,560,147,213" step="2"/><U109/><E109/><V46/><F37/><W114/><G114/><T27/><D27/><N who="1" m="14847" /><E68/><V104/><F36/><W12/><G134/><T83/><D83/><U116/><E116/><V5/><F39/><W135/><G132/><T101/><D101/><U31/><E31/><V94/><F74/><W26/><G135/><T72/><D72/><U66/><E10/><V129/><F82/><W3/><G26/><T55/><D55/><N who="1" m="33983" /><E11/><V45/><F0/><W119/><G3/><T69/><D69/><U24/><E24/><V123/><F123/><W125/><G119/><T17/><D17/><U21/><E21/><V2/><F20/><W64/><G18/><T126/><D126/><U48/><AGARI ba="0,1" hai="48,53,58,66,67,92,98,100" m="33983,14847" machi="48" ten="30,1500,0" yaku="8,1" doraHai="103" who="1" fromWho="1" sc="70,-5,560,25,147,-5,213,-5" />
</Scene>
<Scene>
<INIT seed="5,1,0,3,0,19" ten="65,585,142,208" oya="1" hai0="51,103,57,23,20,116,82,17,13,67,32,107,11" hai1="49,127,118,63,10,2,40,86,129,16,41,128,12" hai2="99,59,85,114,15,76,31,50,77,8,115,101,65" hai3="80,132,97,92,44,112,26,54,122,34,74,56,52"/><U83/><E118/><V81/><F31/><W130/><G122/><T39/><D39/><U3/><E127/><V35/><F35/><W123/><G123/><T62/><D32/><U47/><E63/><N who="2" m="38143" /><F50/><W43/><G132/><T5/><D116/><U61/><E61/><V110/><F110/><W46/><G130/><N who="1" m="50282" /><E40/><V14/><F8/><W21/><G34/><T72/><D5/><U70/><E70/><V29/><F29/><W84/><G74/><T6/><D6/><U124/><E124/><V25/><F25/><W90/><G43/><T120/><D120/><U133/><E133/><V94/><F77/><AGARI ba="1,0" hai="2,3,10,12,16,41,47,49,77,83,86" m="50282" machi="77" ten="30,2900,0" yaku="19,1,54,1" doraHai="19" who="1" fromWho="2" sc="65,0,585,32,142,-32,208,0" />
</Scene>
<Scene>
<INIT seed="5,2,0,0,0,132" ten="65,617,110,208" oya="1" hai0="83,105,114,97,111,119,113,74,57,55,77,19,107" hai1="23,64,133,10,40,127,80,128,33,123,66,85,44" hai2="2,75,1,24,30,20,120,58,88,13,72,9,98" hai3="63,106,46,36,122,59,96,32,47,71,25,129,124"/><U134/><E33/><V5/><F120/><W12/><G122/><T93/><D111/><U84/><E123/><V99/><F58/><W73/><G73/><T14/><D119/><U78/><E128/><V39/><F39/><W92/><G106/><T16/><D19/><U48/><E23/><V121/><F121/><W4/><G71/><T76/><D76/><U69/><E85/><V89/><F72/><W126/><G36/><T43/><D43/><U28/><E28/><V70/><F70/><W131/><G12/><T130/><D130/><N who="3" m="49673" /><G4/><T51/><D113/><U135/><E10/><V79/><F79/><W0/><G0/><T81/><D81/><U125/><E69/><V117/><F75/><W49/><G25/><T29/><D29/><U68/><E68/><V95/><REACH who="2" step="1"/><F117/><REACH who="2" ten="65,617,100,208" step="2"/><W45/><G32/><T3/><D114/><U109/><E109/><V15/><F15/><W62/><G49/><T61/><D51/><U38/><E38/><V110/><F110/><W87/><G59/><T67/><D3/><U56/><E56/><V112/><F112/><W100/><G62/><T42/><D67/><AGARI ba="2,1" hai="40,44,48,64,66,67,78,80,84,125,127,133,134,135" machi="67" ten="50,9600,0" yaku="20,1,52,2" doraHai="132" who="1" fromWho="0" sc="65,-102,617,112,100,0,208,0" owari="-37,-54.0,729,83.0,100,-30.0,208,1.0" />
</Scene>
</mjloggm>