<mjloggm ver="2.3"><GO type="169"/><UN n0="%E3%81%84%E3%81%A1%E3%81%8B%E3%82%8F%E2%99%AA" n1="%E3%81%BE%E3%81%AA%E3%81%84%E3%81%9F%E3%82%88%E3%81%86%E3%81%98%E3%82%87" n2="%E5%A4%AA%E3%81%8F%E3%81%AA%E3%81%84%E3%81%8A" n3="%E9%A2%A8%E8%BB%8A%E3%81%AE%E7%B5%B5%E7%90%86%E5%AD%90" dan="17,16,18,17" rate="2166,2057,2160,2195" sx="M,M,M,F"/><TAIKYOKU oya="0"/>

<Scene>
<INIT seed="0,0,0,0,3,83" ten="250,250,250,250" oya="0" hai0="58,93,52,95,15,67,91,32,12,6,44,29,134" hai1="76,100,74,116,92,135,57,117,86,127,63,119,10" hai2="18,11,115,112,80,105,54,7,132,20,8,130,87" hai3="41,85,19,110,26,66,96,90,56,125,9,23,77"/><T114/><D114/><U102/><E57/><V113/><F105/><W73/><G110/><T43/><D134/><U69/><E63/><V78/><F132/><W3/><G125/><T120/><D93/><U84/><E69/><V72/><F130/><W89/><G41/><T109/><D120/><U118/><E135/><V5/><F54/><W2/><G73/><T107/><D107/><U37/><E37/><V30/><F30/><W111/><G111/><T47/><D67/><U51/><E51/><V21/><F72/><W1/><G77/><T122/><D122/><U94/><E10/><V31/><F31/><W68/><G68/><T82/><D82/><N who="1" m="45335" /><E127/><V71/><F71/><W27/><G90/><T0/><D0/><U62/><E62/><V108/><F108/><W16/><G96/><T133/><D109/><U24/><E24/><V75/><F75/><W65/><G56/><T33/><D133/><U103/><E119/><V40/><F40/><W70/><G70/><T35/><D29/><U49/><E49/><V34/><F34/><W13/><REACH who="3" step="1"/><G27/><REACH who="3" ten="250,250,250,240" step="2"/><T126/><D126/><U97/><E97/><V104/><F113/><W45/><G45/><T88/><D47/><U123/><E123/><V22/><F115/><W121/><G121/><T79/><D44/><U50/><E50/><V81/><F112/><W53/><G53/><T17/><D52/><U64/><E64/><V131/><F78/><W101/><G101/><T36/><D43/><U128/><E128/><V61/><F131/><W106/><G106/><T60/><D36/><U48/><E48/><V38/><F38/><RYUUKYOKU ba="0,1" sc="250,-15,250,15,250,-15,240,15" hai1="84,86,92,94,100,102,103,116,117,118" hai3="1,2,3,9,13,16,19,23,26,65,66,85,89" />
</Scene>
<Scene>
<INIT seed="1,1,1,3,1,112" ten="235,265,235,255" oya="1" hai0="65,6,19,67,117,40,125,21,99,128,93,61,77" hai1="3,39,73,105,104,27,10,58,57,64,55,86,122" hai2="56,48,124,43,72,53,123,89,29,22,97,46,130" hai3="5,33,116,16,20,103,119,94,68,42,11,38,127"/><U45/><E27/><N who="2" m="16631" /><F72/><W34/><G68/><T108/><D6/><U83/><E86/><V66/><F123/><W106/><G106/><T59/><D108/><U75/><E75/><V111/><F111/><W52/><G127/><T44/><D125/><U4/><E64/><V115/><F124/><W47/><G103/><T18/><D128/><U114/><E114/><V41/><F130/><W54/><G94/><T98/><D77/><N who="1" m="44463" /><E122/><V28/><F28/><W132/><G132/><T102/><D99/><U8/><E8/><V134/><F134/><W49/><G34/><T120/><D120/><U71/><E71/><V110/><F110/><W74/><G33/><T63/><D21/><U95/><E95/><N who="2" m="56559" /><F115/><W62/><G62/><AGARI ba="1,1" hai="41,43,46,48,53,56,62,66" m="56559,16631" machi="62" ten="30,1000,0" yaku="8,1" doraHai="112" who="2" fromWho="3" sc="235,0,265,0,235,23,255,-13" />
</Scene>
<Scene>
<INIT seed="2,0,0,3,0,94" ten="235,265,258,242" oya="2" hai0="58,100,103,15,83,66,87,65,3,119,118,44,37" hai1="61,98,68,1,108,135,2,127,55,96,0,120,69" hai2="63,8,129,17,71,53,41,20,51,45,84,22,11" hai3="75,76,81,39,117,92,47,109,34,130,112,89,115"/><V85/><F129/><W60/><G34/><T74/><D74/><U88/><E108/><V25/><F71/><W77/><G117/><N who="0" m="44555" /><D15/><U131/><E131/><V125/><F125/><W31/><G31/><T7/><D7/><U105/><E127/><V49/><F63/><W10/><G130/><T54/><D3/><U9/><E9/><N who="2" m="3659" /><F22/><W111/><G77/><N who="0" m="46575" /><D44/><AGARI ba="0,0" hai="17,20,25,41,44,45,49,51,53,84,85" m="3659" machi="44" ten="30,1500,0" yaku="8,1" doraHai="94" who="2" fromWho="0" sc="235,-15,265,0,258,15,242,0" />
</Scene>
<Scene>
<INIT seed="2,1,0,3,0,22" ten="220,265,273,242" oya="2" hai0="84,89,100,68,34,17,19,48,32,128,129,65,38" hai1="123,14,13,98,110,67,117,9,109,63,51,39,103" hai2="46,52,40,122,69,127,27,120,96,16,73,43,121" hai3="85,125,30,74,42,66,18,75,28,55,83,108,56"/><V78/><F69/><W87/><G66/><T102/><D38/><U41/><E39/><V72/><F127/><W124/><G42/><T12/><D65/><U115/><E115/><V119/><F119/><W7/><G7/><T47/><D68/><U58/><E117/><V133/><F133/><W106/><G106/><T21/><D19/><U2/><E2/><V20/><F96/><W1/><G1/><T81/><D32/><U29/><E29/><N who="3" m="11370" /><G18/><T44/><D47/><N who="1" m="26095" /><E9/><V50/><REACH who="2" step="1"/><F72/><REACH who="2" ten="220,265,263,242" step="2"/><N who="3" m="27691" /><G83/><AGARI ba="1,1" hai="16,20,27,40,43,46,50,52,73,78,83,120,121,122" machi="83" ten="40,18000,2" yaku="1,1,52,1,54,2,53,2" doraHai="22" doraHaiUra="37" who="2" fromWho="3" sc="220,0,265,0,263,193,242,-183" />
</Scene>
<Scene>
<INIT seed="2,2,0,1,3,48" ten="220,265,456,59" oya="2" hai0="18,61,28,20,116,84,32,45,94,129,23,78,35" hai1="83,72,96,118,119,113,26,74,27,75,38,57,6" hai2="55,126,79,109,16,41,69,132,93,4,0,91,22" hai3="33,76,103,1,127,10,51,107,87,102,56,88,77"/><V81/><F69/><W44/><G33/><T82/><D129/><U92/><E6/><V62/><F41/><W54/><G127/><T133/><D116/><U63/><E38/><V30/><F126/><W105/><G1/><T49/><D133/><U2/><E2/><V97/><F132/><W14/><G107/><T11/><D35/><U100/><E83/><V29/><F109/><W37/><G37/><T71/><D32/><U31/><E113/><V50/><F4/><N who="3" m="3399" /><G105/><T135/><D135/><U19/><E19/><V25/><F0/><W53/><G103/><T115/><D115/><U17/><E17/><V108/><F108/><W110/><G102/><T5/><D94/><U7/><E7/><V68/><F68/><W46/><G110/><T42/><D28/><U80/><E80/><V3/><F3/><W67/><G67/><T12/><D18/><U13/><E13/><V60/><F60/><N who="3" m="35855" /><G46/><T120/><D120/><U73/><E26/><V34/><F34/><W125/><G125/><T70/><D70/><U112/><E112/><V59/><F50/><W15/><G15/><T52/><D71/><U58/><E74/><AGARI ba="2,0" hai="16,22,25,29,30,55,59,62,74,79,81,91,93,97" machi="74" ten="30,12000,1" yaku="7,1,25,2,52,1,54,1" doraHai="48" who="2" fromWho="1" sc="220,0,265,-126,456,126,59,0" />
</Scene>
<Scene>
<INIT seed="2,3,0,3,3,9" ten="220,139,582,59" oya="2" hai0="57,50,39,100,117,59,62,104,71,133,112,131,75" hai1="107,56,31,94,89,84,49,115,102,126,8,10,81" hai2="30,24,35,120,40,11,69,23,111,70,58,90,0" hai3="60,48,42,28,33,105,98,95,101,44,110,134,32"/><V88/><F120/><W121/><G121/><T15/><D75/><U5/><E115/><V99/><F40/><W106/><G110/><T125/><D39/><U61/><E126/><V12/><F111/><W38/><G134/><T76/><D117/><U68/><E68/><V3/><F58/><W74/><G74/><T1/><D1/><U67/><E107/><V64/><F64/><W82/><G82/><T72/><D71/><U118/><E118/><V6/><F3/><W13/><G33/><T80/><D125/><U63/><E49/><V97/><F97/><W85/><G32/><T16/><D133/><U36/><E36/><V2/><F2/><W78/><G28/><T114/><D131/><U17/><E31/><V66/><F66/><W20/><G78/><T21/><D100/><U122/><E122/><V92/><F90/><W54/><G60/><T96/><D96/><N who="1" m="59671" /><E5/><V116/><F116/><W27/><G27/><T45/><D104/><U91/><E63/><V51/><F51/><W4/><G85/><T130/><D130/><U93/><E17/><AGARI ba="3,0" hai="0,6,11,12,17,23,24,30,35,69,70,88,92,99" machi="17" ten="40,12000,1" yaku="24,2,52,1,54,1" doraHai="9" who="2" fromWho="1" sc="220,0,139,-129,582,129,59,0" />
</Scene>
<Scene>
<INIT seed="2,4,0,4,1,123" ten="220,10,711,59" oya="2" hai0="16,27,124,53,81,74,98,31,15,28,68,4,88" hai1="97,100,14,62,42,46,77,85,36,86,121,96,134" hai2="90,55,25,22,23,29,43,116,108,132,93,18,40" hai3="129,107,92,47,63,35,52,12,118,131,11,17,89"/><V87/><F116/><W105/><G35/><T61/><D124/><U41/><E134/><V64/><F108/><W8/><G118/><T24/><D4/><U21/><E121/><V9/><F132/><W39/><G8/><N who="0" m="6247" /><D68/><U54/><E41/><V106/><F106/><W45/><G45/><T0/><D74/><U38/><E38/><V114/><F64/><W2/><G2/><T84/><D98/><U101/><E54/><V19/><F114/><W75/><G75/><T113/><D0/><U82/><E62/><V94/><F55/><W70/><G70/><T109/><D109/><U51/><E36/><V119/><F119/><W56/><G47/><T110/><D110/><U95/><E21/><V126/><F126/><W44/><G44/><T69/><D69/><U67/><E67/><V128/><F128/><N who="3" m="49227" /><G39/><T66/><D66/><U135/><E135/><V78/><F78/><W3/><G3/><T30/><D113/><U91/><REACH who="1" step="1"/><E14/><REACH who="1" ten="220,0,711,59" step="2"/><N who="2" m="7503" /><F43/><W58/><G58/><T71/><D71/><U10/><E10/><V13/><F40/><W73/><G73/><T37/><D37/><U7/><E7/><V83/><AGARI ba="4,1" hai="13,19,22,23,25,29,83,87,90,93,94" m="7503" machi="83" ten="30,1500,0" yaku="8,1" doraHai="123" who="2" fromWho="2" sc="220,-9,0,-9,711,37,59,-9" owari="211,1.0,-9,-51.0,748,85.0,50,-35.0" />
</Scene>
</mjloggm>