<mjloggm ver="2.3"><GO type="97"/><UN n0="%48%59%44%52%4F" n1="%73%75%67%69%7A%61%6B%69" n2="%E4%B8%89%E6%9C%AC%E7%B7%9A" n3="%E5%A4%AA%E3%81%8F%E3%81%AA%E3%81%84%E3%81%8A" dan="15,14,14,14" rate="1968,1906,1901,2014" sx="M,M,M,M"/><TAIKYOKU oya="0"/>

<Scene>
<INIT seed="0,0,0,3,3,45" ten="250,250,250,250" oya="0" hai0="52,119,74,55,103,56,4,31,36,26,33,37,82" hai1="7,27,98,128,28,61,47,11,120,112,39,42,1" hai2="62,24,5,23,125,117,67,49,87,97,8,3,68" hai3="105,126,84,122,73,116,92,70,101,44,35,12,13"/><T60/><D119/><U16/><E120/><V17/><F117/><W63/><G116/><T6/><D103/><U111/><E112/><V78/><F125/><W57/><G73/><T127/><D127/><U133/><E128/><V85/><F78/><W59/><G126/><T104/><D104/><U75/><E75/><V86/><F97/><N who="3" m="61615" /><G44/><T130/><D130/><U93/><E111/><V19/><F19/><W131/><G131/><T79/><REACH who="0" step="1"/><D55/><REACH who="0" ten="240,250,250,250" step="2"/><U96/><E133/><V114/><F114/><W113/><G113/><T14/><D14/><U102/><E96/><V91/><REACH who="2" step="1"/><F49/><REACH who="2" ten="240,250,240,250" step="2"/><W18/><G122/><T22/><D22/><U90/><E61/><V135/><F135/><W30/><G63/><T15/><D15/><U89/><REACH who="1" step="1"/><E16/><REACH who="1" ten="240,240,240,250" step="2"/><V107/><F107/><W132/><G18/><T123/><D123/><U29/><E29/><V20/><F20/><AGARI ba="0,3" hai="1,7,11,20,27,28,39,42,47,89,90,93,98,102" machi="20" ten="30,3900,0" yaku="1,1,7,1,53,1" doraHai="45" doraHaiUra="0" who="1" fromWho="2" sc="240,0,240,69,240,-39,250,0" />
</Scene>
<Scene>
<INIT seed="1,0,0,0,4,39" ten="240,309,201,250" oya="1" hai0="18,8,14,24,132,120,26,117,38,52,126,111,77" hai1="44,15,33,93,27,25,48,47,99,116,12,75,104" hai2="3,102,4,64,34,121,43,82,78,95,45,73,30" hai3="36,76,88,86,130,51,68,55,71,97,128,16,81"/><U113/><E75/><V84/><F121/><W5/><G36/><T87/><D120/><U74/><E74/><V20/><F64/><W90/><G5/><T17/><D117/><U124/><E116/><V112/><F112/><W22/><G71/><T6/><D132/><U123/><E123/><V83/><F34/><W70/><G70/><T135/><D126/><U96/><E33/><V61/><F61/><W63/><G63/><T35/><D111/><U62/><E48/><V131/><F131/><N who="3" m="50219" /><G97/><T127/><D38/><U129/><E129/><V0/><F95/><W107/><G107/><T54/><D127/><U9/><E62/><V85/><F102/><W41/><G68/><T80/><D135/><U108/><E93/><V72/><F3/><W11/><G11/><T100/><D100/><U109/><E124/><V91/><F4/><W92/><G92/><T66/><D66/><U115/><REACH who="1" step="1"/><E9/><REACH who="1" ten="240,299,201,250" step="2"/><V28/><F0/><W103/><G103/><T98/><D35/><U122/><E122/><V105/><F105/><AGARI ba="0,1" hai="12,15,25,27,44,47,96,99,104,105,108,109,113,115" machi="105" ten="25,4800,0" yaku="1,1,22,2,53,0" doraHai="39" doraHaiUra="106" who="1" fromWho="2" sc="240,0,299,58,201,-48,250,0" />
</Scene>
<Scene>
<INIT seed="1,1,0,4,1,119" ten="240,357,153,250" oya="1" hai0="55,77,10,90,27,71,106,67,61,110,92,135,117" hai1="41,65,84,116,46,29,91,25,19,3,54,13,121" hai2="133,35,128,72,125,80,97,123,114,100,107,81,18" hai3="7,12,56,109,64,31,21,8,94,101,96,5,45"/><U126/><E116/><V9/><F35/><W42/><G109/><T122/><D117/><U75/><E75/><V124/><F123/><W63/><G8/><T108/><D106/><U23/><E3/><V51/><F114/><W40/><G40/><T24/><D135/><U79/><E65/><V86/><F133/><W2/><G2/><T26/><D77/><U129/><E121/><V73/><F128/><W111/><G111/><N who="0" m="42539" /><D55/><U69/><E69/><V17/><F51/><N who="3" m="27063" /><G12/><T120/><D10/><U49/><E129/><V130/><F130/><W115/><G115/><T15/><D15/><U102/><E102/><V93/><F9/><W112/><G112/><T127/><D127/><N who="2" m="48714" /><F18/><W89/><G89/><T104/><D104/><U66/><E66/><V103/><F17/><W68/><G68/><T43/><D43/><U4/><E126/><V37/><F37/><W60/><G60/><T99/><AGARI ba="1,0" hai="24,26,27,61,67,71,90,92,99,120,122" m="42539" machi="99" ten="40,5200,0" yaku="14,1,52,2" doraHai="119" who="0" fromWho="0" sc="240,55,357,-27,153,-14,250,-14" />
</Scene>
<Scene>
<INIT seed="2,0,0,3,3,109" ten="295,330,139,236" oya="2" hai0="9,0,42,73,82,45,77,40,130,12,83,3,72" hai1="19,14,70,55,85,106,16,33,98,36,6,93,94" hai2="8,125,10,71,66,88,84,128,132,32,53,90,52" hai3="28,68,20,81,1,100,31,112,97,2,95,105,60"/><V11/><F32/><W23/><G81/><T30/><D130/><U101/><E70/><V24/><F128/><W87/><G31/><T133/><D133/><U65/><E33/><V78/><F132/><W44/><G44/><T92/><D92/><U13/><E36/><V103/><F103/><W17/><G28/><T35/><D35/><U41/><E41/><V64/><F125/><W57/><G68/><T18/><D30/><U29/><E29/><V127/><F127/><W86/><G23/><T67/><D67/><N who="2" m="25642" /><F71/><W15/><G112/><T117/><D117/><U111/><E65/><V25/><F78/><W47/><G47/><T46/><D46/><U135/><E135/><V134/><F84/><W22/><G87/><T56/><D56/><U123/><E123/><V114/><F114/><W120/><G120/><T4/><D42/><U119/><E119/><V59/><F134/><W79/><G22/><T27/><D27/><N who="2" m="10314" /><F59/><W48/><G79/><T80/><D73/><U110/><E85/><V129/><F129/><W131/><G131/><T75/><D0/><U91/><E6/><V38/><F38/><W62/><G1/><T126/><D126/><U116/><E116/><V96/><F96/><W69/><G2/><T51/><REACH who="0" step="1"/><D75/><REACH who="0" ten="285,330,139,236" step="2"/><U39/><E94/><V104/><F104/><W122/><G69/><T113/><D113/><U54/><E106/><V26/><F26/><W102/><G122/><T107/><D107/><U76/><E93/><V74/><F74/><W63/><G105/><T34/><D34/><U118/><E118/><V58/><F58/><W61/><G57/><RYUUKYOKU ba="0,1" sc="285,15,330,-15,139,15,236,-15" hai0="3,4,9,12,18,40,45,51,72,77,80,82,83" hai2="8,10,11,52,53,88,90" />
</Scene>
<Scene>
<INIT seed="2,1,1,0,4,28" ten="300,315,154,221" oya="2" hai0="10,4,54,52,120,39,81,32,9,42,134,23,7" hai1="97,15,11,25,85,70,51,5,93,124,91,66,118" hai2="123,37,104,130,34,101,80,106,33,40,115,2,0" hai3="30,27,29,89,94,103,102,121,111,79,75,98,1"/><V17/><F123/><W65/><G121/><T6/><D120/><U64/><E118/><V77/><F115/><W62/><G1/><N who="2" m="617" /><F17/><W86/><G111/><T107/><D107/><N who="2" m="41002" /><F101/><W57/><G75/><T35/><D81/><U92/><E124/><V16/><F16/><W135/><G135/><T61/><D23/><U74/><E70/><V72/><F130/><W48/><G48/><T126/><D4/><U99/><E74/><V112/><F112/><W13/><G13/><T45/><D61/><U36/><E36/><V18/><F18/><W100/><G27/><T82/><D39/><U55/><E85/><V20/><F20/><W73/><G73/><T47/><D126/><U12/><E15/><V26/><F26/><W113/><G113/><T95/><D95/><U117/><E25/><V31/><F31/><N who="3" m="11787" /><G79/><T83/><D42/><U125/><E125/><V21/><F21/><W78/><G78/><T46/><D46/><AGARI ba="1,1" hai="33,34,37,40,46,72,77,80" m="41002,617" machi="46" ten="30,11600,0" yaku="33,2,52,2" doraHai="28" who="2" fromWho="0" sc="300,-119,315,0,154,129,221,0" />
</Scene>
<Scene>
<INIT seed="2,2,0,1,2,116" ten="181,315,283,221" oya="2" hai0="72,13,46,22,50,114,80,60,53,18,63,76,49" hai1="41,89,57,79,87,103,125,97,107,135,85,10,7" hai2="100,1,117,31,108,86,96,62,119,28,109,33,37" hai3="91,134,71,123,130,99,30,98,132,15,56,51,17"/><V59/><F37/><W36/><G71/><T121/><D114/><U0/><E125/><V106/><F1/><W105/><G36/><T61/><REACH who="0" step="1"/><D50/><REACH who="0" ten="171,315,283,221" step="2"/><U21/><E135/><V66/><F119/><W69/><G51/><T126/><D126/><U58/><E21/><V73/><F117/><W20/><G134/><T118/><D118/><U95/><E41/><V38/><F38/><W122/><G132/><T35/><D35/><U68/><E68/><V83/><F33/><W90/><G20/><T110/><D110/><N who="2" m="42602" /><F73/><W112/><G69/><T113/><D113/><U131/><E131/><V6/><F6/><W70/><G130/><T120/><AGARI ba="2,1" hai="13,18,22,46,49,53,60,61,63,72,76,80,120,121" machi="120" ten="30,7900,0" yaku="1,1,0,1,52,2,53,0" doraHai="116" doraHaiUra="55" who="0" fromWho="0" sc="171,95,315,-22,283,-41,221,-22" />
</Scene>
<Scene>
<INIT seed="3,0,0,1,1,17" ten="266,293,242,199" oya="3" hai0="62,130,68,41,110,0,14,11,81,65,44,28,20" hai1="119,124,43,106,42,86,66,22,12,34,105,132,74" hai2="67,91,101,40,53,103,122,80,13,64,133,45,39" hai3="18,4,94,70,1,78,37,54,127,115,63,9,129"/><W99/><G115/><T29/><D130/><U89/><E74/><V84/><F122/><W90/><G37/><T128/><D110/><U30/><E34/><V59/><F133/><W19/><G129/><T15/><D128/><U96/><E66/><V51/><F67/><W52/><G127/><T134/><D0/><U69/><E69/><V85/><F64/><W3/><G3/><T48/><D134/><U56/><E56/><V126/><F126/><W117/><G117/><T121/><D121/><U118/><E132/><V27/><F13/><N who="3" m="5287" /><G70/><T50/><D81/><N who="1" m="49359" /><E124/><V104/><F104/><N who="1" m="40041" /><E96/><V33/><F33/><W32/><G32/><T10/><D50/><U75/><E75/><V107/><F107/><W24/><G1/><T87/><D29/><U123/><E123/><V16/><REACH who="2" step="1"/><F85/><REACH who="2" ten="266,293,232,199" step="2"/><W97/><G78/><T35/><D87/><U2/><E118/><V8/><F8/><W23/><G99/><T131/><D35/><U77/><E119/><V47/><F47/><W93/><G93/><T55/><D44/><U73/><E77/><V38/><F38/><W112/><G112/><T82/><D131/><U114/><E73/><V36/><F36/><W25/><G63/><T7/><D62/><U116/><E116/><V72/><F72/><W95/><G95/><T125/><D125/><U76/><E76/><V88/><F88/><W6/><G6/><T57/><D7/><U109/><E114/><V60/><F60/><W120/><G120/><T5/><D5/><U92/><E92/><V21/><AGARI ba="0,1" hai="16,21,27,39,40,45,51,53,59,80,84,91,101,103" machi="21" ten="30,8000,1" yaku="1,1,0,1,52,1,54,1,53,1" doraHai="17" doraHaiUra="46" who="2" fromWho="2" sc="266,-20,293,-20,232,90,199,-40" owari="246,-15.0,273,7.0,322,42.0,159,-34.0" />
</Scene>
</mjloggm>