<mjloggm ver="2.3"><GO type="41"/><UN n0="%E5%A4%AA%E3%81%8F%E3%81%AA%E3%81%84%E3%81%8A" n1="%62%6F%62%6F%62%6F" n2="%E3%82%A4%E3%83%AB%E3%83%89%E3%83%95%E3%83%A9%E3%83%B3%E3%82%B9" n3="%E3%81%93%E3%81%AE%E7%97%94" dan="15,15,15,14" rate="2047,1869,1956,1954" sx="M,M,F,M"/><TAIKYOKU oya="0"/>

<Scene>
<INIT seed="0,0,0,3,5,44" ten="250,250,250,250" oya="0" hai0="46,107,109,93,104,100,21,33,128,85,135,66,134" hai1="64,126,20,13,31,81,54,110,119,67,99,92,75" hai2="53,70,82,133,108,38,83,5,76,120,73,8,42" hai3="89,58,14,103,112,86,121,28,62,68,125,115,9"/><T123/><D33/><U48/><E119/><V56/><F120/><W51/><G121/><T50/><D123/><U94/><E110/><V16/><F108/><W78/><G28/><T129/><D109/><U6/><E75/><V122/><F122/><W41/><G125/><T29/><D66/><U77/><E94/><V71/><F133/><N who="0" m="50698" /><D29/><U52/><E54/><V101/><F101/><W1/><G1/><T102/><D21/><U7/><E126/><V24/><F83/><W12/><G103/><N who="0" m="39467" /><D93/><U72/><E31/><V30/><F38/><W23/><G78/><T106/><D85/><U95/><E95/><V25/><F42/><AGARI ba="0,0" hai="42,46,50,104,106,107,128,129" m="39467,50698" machi="42" ten="40,3900,0" yaku="20,1,52,1" doraHai="44" who="0" fromWho="2" sc="250,39,250,0,250,-39,250,0" />
</Scene>
<Scene>
<INIT seed="0,1,0,2,0,101" ten="289,250,211,250" oya="0" hai0="100,7,104,116,21,35,41,50,39,18,53,79,126" hai1="74,107,125,98,90,59,10,20,93,40,56,14,133" hai2="29,24,92,121,54,33,131,91,51,55,71,57,135" hai3="23,87,132,122,63,88,26,47,129,65,72,16,42"/><T110/><D116/><U66/><E133/><V89/><F71/><W28/><G132/><T113/><D113/><U69/><E125/><V46/><F121/><W80/><G129/><T106/><D35/><U120/><E74/><V76/><F135/><W81/><G122/><T34/><D34/><U31/><E120/><V134/><F134/><W0/><G0/><T84/><D7/><U70/><E40/><V105/><F105/><W27/><G72/><T77/><D39/><U15/><E70/><V86/><F131/><W85/><G28/><T78/><D41/><U36/><E36/><V95/><F76/><W22/><G22/><T58/><D126/><U32/><E107/><V2/><F2/><W123/><G123/><T124/><D124/><U75/><E75/><V5/><F5/><W118/><G118/><T17/><D110/><U19/><E69/><V73/><F73/><W127/><G127/><T64/><D64/><U4/><E66/><V94/><REACH who="2" step="1"/><F89/><REACH who="2" ten="289,250,201,250" step="2"/><N who="3" m="51367" /><G65/><T128/><D128/><U8/><E32/><V96/><F96/><W83/><G63/><AGARI ba="1,1" hai="24,29,33,46,51,54,55,57,63,86,91,92,94,95" machi="63" ten="30,2000,0" yaku="1,1,7,1,53,0" doraHai="101" doraHaiUra="67" who="2" fromWho="3" sc="289,0,250,0,201,33,250,-23" />
</Scene>
<Scene>
<INIT seed="1,0,0,5,4,103" ten="289,250,234,227" oya="1" hai0="21,105,52,1,99,4,38,94,84,101,87,77,47" hai1="23,109,17,18,65,90,95,126,85,42,59,53,34" hai2="115,45,89,112,114,33,61,22,72,15,122,129,20" hai3="123,25,88,64,131,125,57,44,10,24,67,134,111"/><U41/><E34/><V119/><F33/><W7/><G123/><T97/><D1/><U83/><E126/><V37/><F119/><W26/><G125/><T98/><D4/><U102/><E65/><V27/><F122/><W69/><G111/><T36/><D36/><U58/><E109/><V40/><F129/><W106/><G131/><T110/><D110/><U71/><E71/><V124/><F124/><W14/><G134/><T133/><D133/><U107/><E59/><V121/><F121/><W128/><G128/><T96/><D21/><U30/><E30/><V68/><F72/><W32/><G32/><T16/><D16/><U31/><E31/><V118/><F118/><W49/><G69/><T93/><D38/><U76/><E18/><N who="2" m="10335" /><F89/><W86/><G106/><T62/><D62/><U66/><E66/><N who="2" m="41039" /><F22/><W113/><G57/><T135/><D135/><U12/><E107/><V82/><F27/><W54/><REACH who="3" step="1"/><G113/><REACH who="3" ten="289,250,234,217" step="2"/><T3/><D105/><U50/><REACH who="1" step="1"/><E102/><REACH who="1" ten="289,240,234,217" step="2"/><V127/><F127/><W19/><G19/><T29/><D101/><U0/><E0/><V104/><F104/><W100/><G100/><T78/><D3/><U5/><E5/><V39/><F114/><W28/><G28/><T75/><D29/><U70/><E70/><V108/><F112/><W92/><AGARI ba="0,2" hai="7,10,14,24,25,26,44,49,54,64,67,86,88,92" machi="92" ten="30,8000,1" yaku="1,1,0,1,8,1,54,1,53,1" doraHai="103" doraHaiUra="11" who="3" fromWho="3" sc="289,-20,240,-40,234,-20,217,100" />
</Scene>
<Scene>
<INIT seed="2,0,0,2,2,76" ten="269,200,214,317" oya="2" hai0="55,101,17,89,85,31,134,74,112,41,122,43,19" hai1="95,24,27,61,8,68,22,83,25,72,62,28,96" hai2="93,46,26,128,123,0,34,88,47,65,99,127,37" hai3="49,108,106,126,14,18,119,35,75,56,10,97,59"/><V12/><F123/><W135/><G75/><T36/><D122/><U132/><E132/><V102/><F0/><W39/><G135/><T52/><D112/><U100/><E8/><V7/><F128/><W91/><G39/><T90/><D74/><U86/><E72/><V82/><F127/><W53/><G126/><T98/><D134/><U110/><E110/><V20/><F34/><W11/><G108/><T69/><D69/><U6/><E6/><V114/><F114/><W50/><G35/><T15/><D31/><U78/><E68/><V42/><F65/><W70/><G70/><T45/><D43/><U73/><E73/><V40/><F12/><W64/><G119/><T23/><D19/><U131/><E131/><V104/><F7/><W66/><G10/><T87/><D87/><U125/><E125/><V79/><F104/><W92/><G106/><T77/><D77/><U3/><E3/><V105/><F79/><W5/><G5/><T33/><D33/><U117/><E117/><V67/><F67/><W32/><G32/><T81/><REACH who="0" step="1"/><D90/><REACH who="0" ten="259,200,214,317" step="2"/><U63/><AGARI ba="0,1" hai="22,24,25,27,28,61,62,63,78,83,86,95,96,100" machi="63" ten="30,4000,0" yaku="0,1,8,1,52,1" doraHai="76" who="1" fromWho="1" sc="259,-10,200,50,214,-20,317,-10" />
</Scene>
<Scene>
<INIT seed="3,0,0,4,1,71" ten="249,250,194,307" oya="3" hai0="17,123,53,45,99,130,40,23,11,31,116,25,46" hai1="115,57,100,4,74,97,24,33,78,75,21,109,60" hai2="129,16,90,15,42,29,36,3,28,131,41,70,0" hai3="77,88,92,126,49,93,91,113,55,38,128,104,37"/><W50/><G113/><T105/><D123/><U122/><E109/><V32/><F70/><W9/><G104/><T6/><D116/><U87/><E115/><V86/><F32/><W81/><G126/><T66/><D130/><N who="2" m="49674" /><F42/><W13/><G128/><T65/><D105/><U8/><E122/><V19/><F19/><W2/><G2/><N who="2" m="553" /><F41/><W48/><G55/><T135/><D135/><U34/><E33/><V56/><F56/><W62/><G62/><T89/><D17/><U118/><E34/><V10/><F36/><W125/><G125/><T95/><D53/><U26/><E118/><V120/><F120/><W44/><G44/><N who="0" m="17003" /><D40/><U101/><E75/><V7/><F7/><W124/><G124/><T102/><D102/><U83/><E74/><V1/><F1/><W108/><G108/><T133/><D133/><U43/><E43/><V69/><F69/><W59/><G59/><T84/><D99/><U68/><E68/><V117/><F117/><W12/><G77/><T96/><D96/><U132/><E132/><V22/><F10/><W67/><G67/><T35/><D35/><U52/><E97/><V63/><F63/><W94/><G81/><AGARI ba="0,0" hai="15,16,22,28,29,81,86,90" m="553,49674" machi="81" ten="30,2000,0" yaku="19,1,54,1" doraHai="71" who="2" fromWho="3" sc="249,0,250,0,194,20,307,-20" />
</Scene>
<Scene>
<INIT seed="4,0,0,5,0,7" ten="249,250,214,287" oya="0" hai0="91,53,130,60,121,122,123,8,88,117,11,62,106" hai1="58,15,135,19,97,51,85,44,52,43,5,14,76" hai2="36,6,17,68,115,82,102,45,54,125,90,40,98" hai3="103,48,49,81,2,27,16,61,95,108,56,80,50"/><T33/><D117/><U133/><E97/><V55/><F68/><W74/><G2/><T57/><D106/><U78/><E85/><V34/><F34/><W39/><G39/><T1/><D33/><U67/><E5/><V20/><F6/><W105/><G105/><T35/><D35/><U18/><E67/><V114/><F125/><W12/><G27/><T70/><D1/><U23/><E135/><V38/><F38/><W3/><G3/><T120/><D120/><U25/><E25/><V72/><F72/><W127/><G74/><T134/><D134/><U87/><E87/><N who="2" m="50551" /><F98/><N who="3" m="59871" /><G108/><T26/><D26/><U64/><E64/><V96/><F96/><W28/><G28/><T30/><D30/><U69/><E69/><V100/><F102/><W129/><G129/><T75/><D75/><U94/><E94/><V65/><F100/><W10/><G127/><T116/><D116/><U109/><E109/><V9/><F65/><AGARI ba="0,0" hai="10,12,16,48,49,50,56,61,65,80,81" m="59871" machi="65" ten="30,3900,0" yaku="8,1,52,1,54,1" doraHai="7" who="3" fromWho="2" sc="249,0,250,0,214,-39,287,39" />
</Scene>
<Scene>
<INIT seed="5,0,0,2,2,126" ten="249,250,175,326" oya="1" hai0="53,20,93,127,43,134,111,94,11,91,10,17,21" hai1="19,8,81,27,57,16,64,108,88,84,54,76,120" hai2="35,42,60,50,61,105,6,9,104,100,65,25,34" hai3="14,95,4,41,112,5,31,121,47,29,90,55,0"/><U115/><E120/><V96/><F104/><W106/><G106/><T89/><D111/><U39/><E39/><V107/><F107/><W56/><G112/><T7/><D127/><U46/><E115/><V49/><F60/><W74/><G74/><T15/><D134/><U132/><E132/><V82/><F82/><W63/><G0/><T124/><D124/><U79/><E108/><V51/><F42/><W92/><G92/><T67/><D67/><U38/><E19/><V125/><F125/><W97/><G4/><T62/><D43/><U37/><E37/><V3/><REACH who="2" step="1"/><F25/><REACH who="2" ten="249,250,165,326" step="2"/><W114/><G114/><T117/><D62/><U135/><E135/><V98/><F98/><W18/><G63/><T68/><D93/><U75/><E75/><V22/><F22/><W87/><G95/><T101/><D21/><U123/><E123/><V129/><F129/><W13/><G97/><T78/><D20/><N who="1" m="13703" /><E8/><V1/><F1/><W12/><G41/><T24/><D11/><U52/><E38/><V122/><F122/><W99/><G99/><T86/><D24/><U36/><E36/><V32/><F32/><W83/><G83/><T69/><D10/><U133/><E133/><V40/><F40/><W102/><G121/><T66/><D94/><U130/><E130/><V116/><F116/><W48/><G5/><T119/><D7/><U33/><E33/><V45/><F45/><W30/><G47/><T80/><D117/><U44/><E46/><V110/><F110/><W23/><G102/><T85/><D119/><U59/><E44/><V58/><AGARI ba="0,1" hai="3,6,9,34,35,49,50,51,58,61,65,96,100,105" machi="58" ten="30,2000,0" yaku="1,1,0,1,53,0" doraHai="126" doraHaiUra="118" who="2" fromWho="2" sc="249,-5,250,-10,165,30,326,-5" />
</Scene>
<Scene>
<INIT seed="6,0,0,4,2,43" ten="244,240,195,321" oya="2" hai0="52,7,66,1,112,133,132,76,134,6,58,51,38" hai1="37,108,125,95,28,115,124,40,48,59,129,45,119" hai2="75,36,111,41,50,60,18,79,55,19,12,130,103" hai3="78,24,105,23,53,25,98,71,20,113,47,97,29"/><V30/><F36/><W17/><G71/><T87/><D112/><U9/><E28/><V104/><F30/><W33/><G78/><T21/><D38/><U74/><E74/><V57/><F79/><W92/><G105/><T117/><D117/><U109/><E119/><V94/><F75/><W10/><G10/><T73/><D73/><U88/><E9/><V3/><F3/><W123/><G123/><T114/><D114/><U54/><E115/><V131/><F104/><W39/><G113/><T83/><D1/><U72/><E72/><V49/><F111/><W106/><G106/><T90/><D66/><U96/><REACH who="1" step="1"/><E129/><REACH who="1" ten="244,230,195,321" step="2"/><N who="2" m="49163" /><F19/><W15/><G17/><T27/><D76/><U13/><E13/><V56/><F41/><W0/><G15/><T121/><D121/><U16/><E16/><AGARI ba="0,1" hai="6,7,16,21,27,51,52,58,83,87,90,132,133,134" machi="16" ten="40,5200,0" yaku="20,1,54,2" doraHai="43" who="0" fromWho="1" sc="244,62,230,-52,195,0,321,0" />
</Scene>
<Scene>
<INIT seed="7,0,0,3,3,33" ten="306,178,195,321" oya="3" hai0="36,9,42,93,35,113,15,23,117,24,126,111,91" hai1="21,34,38,13,54,43,10,133,30,115,121,107,105" hai2="123,106,87,64,77,47,70,125,28,122,127,8,12" hai3="103,109,96,58,78,61,2,69,0,98,62,22,65"/><W39/><G39/><T71/><D111/><U104/><E121/><N who="2" m="46091" /><F106/><W60/><G78/><T29/><D117/><U124/><E115/><V49/><F64/><W135/><G135/><T89/><D71/><U57/><E133/><V63/><F63/><W4/><G4/><T7/><D113/><U11/><E124/><N who="2" m="47691" /><F70/><W85/><G62/><T94/><D126/><U37/><E43/><N who="2" m="24831" /><F28/><W52/><G61/><T92/><D36/><U27/><E38/><V55/><F55/><W18/><G65/><T119/><D119/><U86/><E37/><V20/><F77/><W108/><G69/><T112/><D112/><U45/><E45/><V110/><F110/><W14/><G108/><T132/><D132/><U134/><E134/><V46/><F87/><W131/><G85/><T102/><D42/><U120/><E86/><V25/><F46/><W16/><G109/><T6/><D102/><U84/><E84/><V66/><F66/><W128/><G103/><T118/><D118/><U130/><E130/><V1/><F25/><W19/><G128/><T100/><D100/><U76/><E76/><V41/><F41/><W32/><G131/><T17/><REACH who="0" step="1"/><D6/><REACH who="0" ten="296,178,195,321" step="2"/><U80/><E120/><V53/><F53/><W68/><G52/><T90/><D90/><U31/><E80/><V95/><F95/><W5/><G5/><T48/><D48/><U79/><E79/><V97/><F97/><W82/><G96/><T114/><D114/><U83/><E83/><V99/><F99/><W88/><G98/><T67/><D67/><U40/><E40/><V51/><F51/><W74/><G68/><RYUUKYOKU ba="0,1" sc="296,30,178,-10,195,-10,321,-10" hai0="7,9,15,17,23,24,29,35,89,91,92,93,94" owari="336,43.0,168,-33.0,185,-21.0,311,11.0" />
</Scene>
</mjloggm>