<mjloggm ver="2.3"><GO type="97"/><UN n0="%E5%A4%AA%E3%81%8F%E3%81%AA%E3%81%84%E3%81%8A" n1="%6B%65%69%33%39%33%39" n2="%E3%83%95%E3%82%A3%E3%82%AE%E3%83%B3%E3%82%B9" n3="%77%69%6C%6C%69%6E" dan="15,13,14,14" rate="2044,1838,1964,1951" sx="M,M,M,M"/><TAIKYOKU oya="0"/>

<Scene>
<INIT seed="0,0,0,3,3,44" ten="250,250,250,250" oya="0" hai0="131,34,30,102,49,119,26,129,98,46,130,8,22" hai1="5,67,83,32,106,112,13,11,55,132,27,76,69" hai2="95,120,113,93,125,37,9,52,58,75,97,78,103" hai3="6,21,62,28,99,65,54,118,109,31,19,134,107"/><T73/><D119/><U100/><E132/><V70/><F120/><W79/><G118/><T80/><D8/><U38/><E38/><V61/><F113/><W17/><G134/><T96/><D34/><U114/><E55/><V108/><F125/><W36/><G109/><T45/><D45/><U128/><E128/><V110/><F37/><W123/><G123/><T39/><D39/><U63/><E83/><V117/><F117/><W51/><G36/><T135/><D135/><U87/><E76/><V111/><F70/><W77/><G6/><T64/><D64/><U60/><E87/><V7/><F78/><N who="3" m="29707" /><G107/><N who="0" m="63943" /><D98/><N who="1" m="61719" /><E60/><V133/><F75/><W71/><G99/><T104/><D104/><U50/><E50/><N who="2" m="30999" /><F133/><W53/><G71/><T126/><D80/><U12/><E12/><N who="2" m="5183" /><F61/><W66/><G62/><T47/><D73/><U18/><E18/><V82/><F82/><W88/><G17/><T90/><D126/><U33/><E33/><V42/><F42/><W10/><G10/><T24/><D130/><U15/><E15/><V3/><F3/><W91/><G65/><T56/><D129/><U20/><E20/><V0/><F0/><W35/><G66/><T115/><D22/><U14/><E14/><V92/><AGARI ba="0,0" hai="92,93,95,97,103,108,110,111" m="5183,30999" machi="92" ten="40,5200,0" yaku="14,1,52,1,54,1" doraHai="44" who="2" fromWho="2" sc="250,-26,250,-13,250,52,250,-13" />
</Scene>
<Scene>
<INIT seed="1,0,0,2,5,80" ten="224,237,302,237" oya="1" hai0="125,108,43,98,95,132,102,6,45,19,76,48,64" hai1="134,17,38,0,96,44,88,71,75,29,117,26,25" hai2="36,84,27,11,73,107,14,10,15,109,103,120,28" hai3="13,82,92,126,78,87,74,47,54,31,99,91,68"/><U115/><E117/><V52/><F73/><W49/><G68/><T90/><D108/><U128/><E115/><V63/><F36/><W62/><G126/><T42/><D125/><U51/><E71/><V55/><F109/><W40/><G62/><T32/><D32/><U110/><E110/><V97/><F120/><W85/><G31/><T1/><D132/><U79/><E38/><V119/><F14/><W18/><REACH who="3" step="1"/><G40/><REACH who="3" ten="224,237,302,227" step="2"/><T53/><D42/><U23/><E134/><V20/><F63/><W5/><G5/><T121/><D6/><U112/><E112/><V3/><F119/><W124/><G124/><T66/><D43/><U130/><E0/><V33/><F3/><W56/><G56/><T22/><D1/><U50/><E44/><V135/><F135/><W69/><G69/><T77/><D121/><U70/><E70/><V104/><F33/><W35/><G35/><T7/><D7/><U72/><E50/><V118/><F118/><W114/><G114/><T116/><D116/><U86/><E51/><V83/><F104/><W122/><G122/><T65/><REACH who="0" step="1"/><D102/><REACH who="0" ten="214,237,302,227" step="2"/><U16/><E29/><V21/><F28/><W127/><G127/><T129/><D129/><N who="1" m="49771" /><E26/><AGARI ba="0,2" hai="19,22,26,45,48,53,64,65,66,76,77,90,95,98" machi="26" ten="40,5200,0" yaku="1,1,8,1,53,1" doraHai="80" doraHaiUra="46" who="0" fromWho="1" sc="214,72,237,-52,302,0,227,0" />
</Scene>
<Scene>
<INIT seed="2,0,0,0,1,18" ten="286,185,302,227" oya="2" hai0="57,100,116,61,30,71,115,83,63,17,85,81,44" hai1="133,77,107,123,109,19,105,98,80,96,49,76,82" hai2="129,4,103,89,7,15,39,125,68,52,59,62,127" hai3="73,117,60,97,48,134,12,113,35,54,58,93,94"/><V95/><F39/><W23/><G117/><T33/><D115/><U21/><E109/><V92/><F68/><W118/><G35/><T79/><D116/><U70/><E70/><V5/><F129/><W37/><G73/><T32/><D100/><U51/><E133/><V36/><F36/><W126/><G134/><T119/><D119/><U64/><E64/><V74/><F74/><W3/><G3/><T72/><D44/><U67/><E67/><V46/><F46/><W1/><G1/><T108/><D108/><U50/><E123/><V40/><F40/><W111/><G37/><T87/><D72/><U121/><E121/><V13/><F95/><W120/><G111/><T84/><D84/><U42/><E42/><V56/><F56/><W90/><G113/><T86/><D86/><U122/><E122/><V99/><REACH who="2" step="1"/><F103/><REACH who="2" ten="286,185,292,227" step="2"/><W65/><G120/><T131/><D71/><U29/><E29/><V104/><F104/><W41/><G41/><T75/><D75/><U106/><E98/><V28/><F28/><W91/><G118/><T24/><D131/><U0/><E96/><V9/><F9/><W2/><G97/><T8/><D8/><U26/><REACH who="1" step="1"/><E0/><REACH who="1" ten="286,175,292,227" step="2"/><V47/><F47/><W88/><G2/><T101/><D30/><U6/><E6/><V130/><F130/><W34/><G94/><T114/><D114/><U20/><E20/><V55/><F55/><W22/><G93/><T14/><D33/><U38/><E38/><V25/><F25/><W135/><G34/><T16/><D24/><U31/><E31/><V11/><F11/><W112/><G112/><RYUUKYOKU ba="0,2" sc="286,-15,175,15,292,15,227,-15" hai1="19,21,26,49,50,51,76,77,80,82,105,106,107" hai2="4,5,7,13,15,52,59,62,89,92,99,125,127" />
</Scene>
<Scene>
<INIT seed="2,1,2,2,0,11" ten="271,190,307,212" oya="2" hai0="9,61,23,90,107,110,100,54,131,31,20,122,132" hai1="77,130,93,126,47,57,8,2,105,98,62,106,5" hai2="84,117,133,69,134,113,56,127,121,128,48,66,22" hai3="52,26,89,81,72,119,44,101,50,104,12,67,55"/><V74/><F121/><W7/><G119/><T15/><D122/><U112/><E112/><V42/><F74/><W116/><G116/><T40/><D110/><U53/><E130/><V64/><F117/><W85/><G72/><T6/><D131/><U4/><E126/><V33/><F33/><W108/><G108/><T37/><D132/><N who="2" m="50794" /><F128/><W34/><G67/><T59/><D31/><U43/><E77/><V19/><F113/><W120/><G120/><T86/><D100/><U124/><E5/><V97/><F84/><W41/><G101/><T30/><D107/><U115/><E124/><V17/><F17/><W0/><G0/><T65/><D30/><U25/><E25/><N who="2" m="14559" /><F69/><W118/><G104/><T18/><D6/><U39/><REACH who="1" step="1"/><E115/><REACH who="1" ten="271,180,307,212" step="2"/><V1/><F127/><W46/><G118/><T24/><D24/><U68/><E68/><V60/><F1/><W16/><G26/><T95/><REACH who="0" step="1"/><D65/><REACH who="0" ten="261,180,307,212" step="2"/><U45/><E45/><AGARI ba="1,4" hai="9,15,18,20,23,37,40,45,54,59,61,86,90,95" machi="45" ten="40,5200,0" yaku="1,1,2,1,52,1,53,0" doraHai="11" doraHaiUra="102" who="0" fromWho="1" sc="261,95,180,-55,307,0,212,0" />
</Scene>
<Scene>
<INIT seed="3,0,0,0,5,7" ten="356,125,307,212" oya="3" hai0="84,79,96,20,25,77,82,1,19,14,127,115,92" hai1="63,10,103,53,126,12,81,58,0,100,27,95,59" hai2="68,15,39,121,108,23,26,47,74,91,8,42,9" hai3="124,107,60,2,46,5,24,61,113,54,36,117,134"/><W88/><G113/><T55/><D1/><U93/><E126/><V111/><F68/><W90/><G117/><T75/><D127/><U11/><E81/><V30/><F74/><W3/><G124/><T78/><D115/><U52/><E27/><V35/><F121/><W102/><G134/><T21/><D55/><U28/><E28/><V86/><F35/><W40/><G24/><T22/><D75/><U38/><E38/><V37/><F15/><W125/><G125/><T123/><D123/><U120/><E0/><V69/><F69/><W104/><G3/><T85/><D85/><U132/><E12/><V105/><F105/><W29/><G29/><N who="0" m="17575" /><D22/><U89/><E120/><V118/><F37/><W49/><G104/><T110/><D110/><N who="2" m="42026" /><F118/><W109/><G109/><T119/><D119/><U97/><E132/><V83/><AGARI ba="0,0" hai="8,9,23,26,30,39,42,47,83,86,91" m="42026" machi="83" ten="30,4000,0" yaku="14,1,52,2" doraHai="7" who="2" fromWho="2" sc="356,-10,125,-10,307,40,212,-20" owari="346,15.0,115,-38.0,347,44.0,192,-21.0" />
</Scene>
</mjloggm>