<mjloggm ver="2.3"><GO type="41"/><UN n0="%E5%A4%AA%E3%81%8F%E3%81%AA%E3%81%84%E3%81%8A" n1="%50%72%6F%66%2E%47%33" n2="%E7%9F%B3%E7%82%AD%E7%B4%80" n3="%E3%82%AB%E3%83%A0%E3%83%86%E3%83%BC%E3%83%97" dan="14,15,16,15" rate="1976,1991,2056,1975" sx="M,M,M,M"/><TAIKYOKU oya="0"/>

<Scene>
<INIT seed="0,0,0,4,2,26" ten="250,250,250,250" oya="0" hai0="71,119,46,130,84,15,80,131,109,102,24,100,44" hai1="91,121,56,94,89,21,132,96,25,33,97,95,52" hai2="61,47,22,0,135,39,76,62,36,58,123,114,13" hai3="41,125,63,88,55,32,75,9,124,81,2,83,115"/><T110/><D71/><U6/><E132/><V11/><F114/><W35/><G115/><T60/><D119/><U111/><E111/><N who="0" m="42505" /><D15/><U101/><E121/><V3/><F135/><W86/><G2/><T30/><D60/><N who="1" m="35847" /><E33/><V29/><F123/><W92/><G9/><T23/><D46/><U4/><E101/><N who="0" m="39017" /><D44/><U51/><E51/><V17/><F76/><AGARI ba="0,0" hai="23,24,30,76,80,84,130,131" m="39017,42505" machi="76" ten="30,5800,0" yaku="14,1,10,1,52,1" doraHai="26" who="0" fromWho="2" sc="250,58,250,0,250,-58,250,0" />
</Scene>
<Scene>
<INIT seed="0,1,0,5,5,13" ten="308,250,192,250" oya="0" hai0="90,100,116,38,89,64,86,78,35,65,119,21,19" hai1="104,96,23,33,108,62,60,5,128,112,42,59,17" hai2="135,51,25,11,93,76,12,87,70,98,130,72,61" hai3="31,40,9,83,133,73,118,36,106,81,10,18,103"/><T113/><D113/><U28/><E108/><V109/><F109/><W39/><G103/><T114/><D114/><U26/><E112/><V107/><F135/><W14/><G118/><T80/><D38/><U129/><E5/><V45/><F130/><N who="1" m="50281" /><E42/><V88/><F25/><W122/><G106/><T102/><D35/><U47/><E47/><V97/><F70/><W0/><G133/><T74/><D116/><U30/><E33/><V7/><F61/><N who="1" m="23657" /><E59/><V46/><F97/><W101/><G122/><T57/><D119/><U131/><N who="1" m="50289" /><U8/><DORA hai="79" /><E8/><V117/><F117/><W52/><G0/><T115/><D57/><U41/><E41/><V66/><F66/><N who="0" m="25706" /><D115/><U99/><E104/><V32/><F32/><W15/><G73/><T27/><D74/><U124/><E124/><V134/><F134/><W43/><G101/><AGARI ba="1,0" hai="19,21,27,78,80,86,89,90,100,101,102" m="25706" machi="101" ten="30,5800,0" yaku="8,1,52,2" doraHai="13,79" who="0" fromWho="3" sc="308,61,250,0,192,0,250,-61" />
</Scene>
<Scene>
<INIT seed="0,2,0,3,1,114" ten="369,250,192,189" oya="0" hai0="7,53,75,33,19,34,17,135,109,6,28,24,107" hai1="123,76,79,105,20,131,26,120,125,132,43,63,65" hai2="1,127,116,38,117,59,47,82,108,72,122,69,31" hai3="36,121,51,111,42,68,3,0,27,85,45,124,48"/><T96/><D75/><U118/><E43/><V126/><F122/><W134/><G121/><T4/><D53/><U112/><E76/><N who="2" m="44295" /><F69/><W115/><G85/><T102/><D135/><U84/><E84/><V80/><F1/><W70/><G115/><T58/><D109/><U55/><E55/><V15/><F80/><W106/><G106/><T94/><D58/><U41/><E79/><V46/><F59/><W66/><G111/><T50/><D50/><U32/><E20/><V22/><F108/><W61/><G134/><T89/><REACH who="0" step="1"/><D34/><REACH who="0" ten="359,250,192,189" step="2"/><U30/><E132/><V73/><F73/><W78/><G51/><T37/><D37/><U91/><E112/><V54/><F54/><W113/><G48/><T62/><D62/><U74/><E120/><V104/><F38/><W23/><G113/><T95/><D95/><U21/><E123/><V133/><F133/><W13/><G70/><T25/><D25/><U12/><E26/><N who="2" m="16855" /><F104/><W90/><G27/><T86/><AGARI ba="2,1" hai="4,6,7,17,19,24,28,33,86,89,94,96,102,107" machi="86" ten="30,12000,1" yaku="1,1,0,1,53,3" doraHai="114" doraHaiUra="2" who="0" fromWho="0" sc="359,136,250,-42,192,-42,189,-42" />
</Scene>
<Scene>
<INIT seed="0,3,0,5,2,131" ten="495,208,150,147" oya="0" hai0="57,42,52,82,87,115,50,31,38,130,101,135,26" hai1="91,7,67,56,49,4,77,95,28,24,32,48,0" hai2="89,111,109,51,133,71,112,8,84,110,74,14,34" hai3="61,78,33,107,96,88,90,118,55,45,99,79,125"/><T1/><D115/><U127/><E127/><V11/><F112/><W63/><G33/><T19/><D1/><U129/><E129/><V68/><F34/><W60/><G125/><T104/><D130/><U80/><E0/><V58/><F74/><W93/><G118/><T94/><D104/><U106/><E106/><V102/><F102/><W76/><G107/><T5/><D5/><U23/><E32/><V21/><F21/><W43/><G43/><T6/><D6/><U47/><E80/><V119/><F119/><W59/><G45/><T100/><D19/><U86/><E77/><V16/><F8/><W3/><G3/><T2/><D2/><U114/><E114/><V41/><F133/><W116/><G116/><T64/><D64/><U54/><REACH who="1" step="1"/><E67/><REACH who="1" ten="495,198,150,147" step="2"/><V117/><F117/><W10/><G10/><T13/><D82/><U20/><E20/><V124/><F124/><W75/><G75/><T73/><D73/><U70/><E70/><V30/><F71/><W65/><G65/><T105/><D105/><U22/><E22/><V123/><F68/><W27/><G27/><T103/><D26/><U40/><AGARI ba="3,1" hai="4,7,23,24,28,40,47,48,49,54,56,86,91,95" machi="40" ten="20,5200,0" yaku="1,1,0,1,7,1,8,1,53,0" doraHai="131" doraHaiUra="62" who="1" fromWho="1" sc="495,-29,198,71,150,-16,147,-16" />
</Scene>
<Scene>
<INIT seed="1,0,0,2,4,122" ten="466,269,134,131" oya="1" hai0="93,25,10,121,37,62,133,67,47,124,107,97,9" hai1="69,86,53,87,108,63,40,82,39,106,38,83,128" hai2="31,99,90,44,103,4,43,126,42,1,120,114,54" hai3="110,17,73,33,117,131,101,61,96,0,2,80,36"/><U29/><E106/><V113/><F120/><W65/><G131/><T26/><D107/><U76/><E128/><V92/><F126/><W14/><G117/><T135/><D124/><U132/><E132/><N who="0" m="50761" /><D121/><U28/><E108/><V115/><F31/><W60/><G110/><T8/><D47/><U105/><E105/><V116/><F116/><W46/><G33/><T72/><D72/><U70/><E53/><V52/><F43/><W27/><G61/><T134/><D37/><U71/><E63/><V13/><F1/><W56/><G27/><T84/><D84/><N who="1" m="32299" /><E40/><V48/><F103/><W57/><G36/><N who="1" m="13866" /><E76/><V6/><F6/><W58/><G46/><T75/><D75/><U51/><E51/><V127/><F127/><W79/><G0/><T123/><D123/><U130/><E130/><V7/><F7/><W23/><REACH who="3" step="1"/><G2/><REACH who="3" ten="466,269,134,121" step="2"/><T16/><D134/><U94/><E94/><AGARI ba="0,1" hai="14,17,23,56,57,58,60,65,73,79,80,94,96,101" machi="94" ten="30,3900,0" yaku="1,1,2,1,7,1,53,0" doraHai="122" doraHaiUra="112" who="3" fromWho="1" sc="466,0,269,-39,134,0,121,49" />
</Scene>
<Scene>
<INIT seed="2,0,0,0,3,65" ten="466,230,134,170" oya="2" hai0="1,7,99,70,16,116,131,118,40,102,85,128,48" hai1="119,5,56,29,41,27,61,9,12,122,15,129,38" hai2="81,84,113,79,54,49,50,44,132,37,33,58,71" hai3="47,32,34,105,46,94,101,10,31,115,87,125,86"/><V127/><F113/><W83/><G115/><T28/><D28/><U124/><E119/><N who="0" m="45609" /><D85/><U2/><E122/><V76/><F33/><W19/><G125/><T45/><D70/><U72/><E124/><V51/><F127/><W82/><G105/><N who="0" m="63711" /><D16/><U106/><E129/><V17/><F132/><W25/><G101/><T108/><D108/><U123/><E123/><V130/><F130/><W91/><G94/><T55/><D55/><U4/><E106/><V20/><F71/><W39/><G39/><T104/><D104/><U110/><E110/><V36/><F79/><W103/><G103/><T93/><D93/><U18/><E72/><V135/><F135/><W96/><G96/><T114/><D114/><U78/><E78/><V88/><F76/><W73/><G73/><T60/><D60/><U67/><E38/><V42/><REACH who="2" step="1"/><F49/><REACH who="2" ten="466,230,124,170" step="2"/><W90/><G34/><T57/><D131/><U14/><E41/><V3/><F3/><W117/><G117/><T89/><D128/><U59/><E2/><V109/><F109/><W120/><G120/><T13/><D48/><U35/><REACH who="1" step="1"/><E59/><REACH who="1" ten="466,220,124,170" step="2"/><V74/><F74/><W95/><G32/><T23/><D40/><U98/><E98/><V63/><F63/><W134/><G134/><T92/><D57/><U52/><E52/><V53/><F53/><W21/><REACH who="3" step="1"/><G83/><REACH who="3" ten="466,220,124,160" step="2"/><T75/><D75/><U77/><E77/><V97/><F97/><W0/><G0/><T80/><D80/><U30/><E30/><V24/><AGARI ba="0,3" hai="17,20,24,36,37,42,44,50,51,54,58,81,84,88" machi="24" ten="20,7800,0" yaku="1,1,0,1,7,1,54,1,53,0" doraHai="65" doraHaiUra="100" who="2" fromWho="2" sc="466,-26,220,-26,124,108,160,-26" />
</Scene>
<Scene>
<INIT seed="2,1,0,5,4,7" ten="440,194,232,134" oya="2" hai0="3,36,39,26,103,133,72,85,115,102,47,19,37" hai1="75,82,71,69,113,125,87,64,110,99,22,0,45" hai2="104,35,122,30,124,44,62,74,96,6,10,120,130" hai3="98,134,18,97,56,14,2,25,59,32,67,121,86"/><V90/><F74/><W112/><G134/><T40/><D115/><U66/><E110/><V49/><F130/><W57/><G112/><T31/><D72/><U105/><E113/><V46/><F124/><W84/><G2/><T65/><D3/><U33/><E125/><V111/><F111/><W16/><G121/><T131/><D65/><U77/><E33/><V128/><F128/><W55/><G67/><T101/><D131/><U123/><E123/><V79/><F79/><W15/><G32/><T132/><D85/><N who="3" m="32873" /><G25/><T34/><REACH who="0" step="1"/><D19/><REACH who="0" ten="430,194,232,134" step="2"/><N who="3" m="7209" /><G55/><T109/><D109/><U60/><E0/><V41/><F122/><W48/><G48/><AGARI ba="1,1" hai="26,31,34,36,37,39,40,47,48,101,102,103,132,133" machi="48" ten="50,1600,0" yaku="1,1,53,0" doraHai="7" doraHaiUra="117" who="0" fromWho="3" sc="430,29,194,0,232,0,134,-19" />
</Scene>
<Scene>
<INIT seed="3,0,0,2,5,36" ten="459,194,232,115" oya="3" hai0="88,56,116,58,61,132,65,74,49,59,43,0,44" hai1="130,68,38,32,117,86,52,3,94,47,51,87,82" hai2="134,110,22,85,25,104,13,91,26,83,112,1,12" hai3="62,2,106,21,76,39,108,81,53,64,95,113,66"/><W77/><G113/><T80/><D116/><U127/><E117/><V69/><F1/><W8/><G106/><T125/><D0/><U27/><E3/><V89/><F112/><W122/><G122/><T46/><D125/><U131/><E68/><V63/><F110/><W29/><G77/><T24/><D132/><U14/><E127/><V90/><F104/><W124/><G124/><T10/><D10/><U126/><E126/><V102/><F102/><W5/><G108/><T45/><D24/><N who="2" m="9322" /><F69/><W9/><G21/><T19/><D19/><U6/><E38/><V93/><F134/><W71/><G29/><T50/><D74/><U57/><E94/><V30/><F30/><W107/><G66/><T17/><D17/><U34/><E86/><N who="2" m="52407" /><F63/><W20/><G20/><T98/><D98/><U4/><E27/><V72/><F72/><W119/><G107/><T28/><D28/><U92/><E92/><V109/><F109/><W16/><G119/><T11/><D11/><N who="1" m="4455" /><E6/><V75/><F75/><W7/><G39/><T70/><REACH who="0" step="1"/><D50/><REACH who="0" ten="449,194,232,115" step="2"/><U123/><E123/><V121/><F121/><W111/><G111/><T48/><D48/><U79/><E130/><V105/><F13/><W114/><G114/><T120/><D120/><U67/><E131/><V18/><F105/><W99/><G16/><T96/><D96/><U41/><E32/><V84/><F84/><AGARI ba="0,1" hai="43,44,45,46,49,56,58,59,61,65,70,80,84,88" machi="84" ten="40,12000,2" yaku="1,1,52,1,54,1,53,3" doraHai="36" doraHaiUra="54" who="0" fromWho="2" sc="449,130,194,0,232,-120,115,0" />
</Scene>
<Scene>
<INIT seed="4,0,0,3,2,74" ten="579,194,112,115" oya="0" hai0="96,38,29,52,54,15,50,111,1,0,5,55,40" hai1="36,70,63,116,20,14,34,113,78,6,105,112,62" hai2="99,124,3,75,133,88,60,120,71,95,94,135,73" hai3="53,65,13,44,107,119,27,43,67,102,69,134,84"/><T127/><D29/><U87/><E34/><V37/><F3/><W101/><G119/><T58/><D1/><U48/><E116/><V4/><F4/><W114/><G134/><N who="2" m="51209" /><F37/><W97/><G114/><N who="1" m="44138" /><E105/><V106/><F106/><W30/><G102/><T16/><D0/><U132/><E36/><V79/><F120/><W77/><G53/><T108/><D5/><U28/><E132/><V11/><F11/><W118/><G13/><T39/><D39/><U9/><E70/><V121/><F121/><W131/><G131/><T35/><D35/><U47/><E20/><V31/><F31/><W103/><G103/><T117/><D117/><U125/><E28/><V12/><F12/><W93/><G118/><T17/><D38/><U66/><E66/><N who="2" m="41415" /><F124/><W64/><G69/><T100/><D127/><U49/><E125/><V10/><F10/><W45/><G43/><T22/><D40/><N who="1" m="24679" /><E49/><V92/><F73/><W59/><G107/><N who="0" m="63879" /><D17/><U89/><E89/><V24/><F24/><W122/><G122/><T115/><D115/><U68/><E68/><V21/><F21/><W82/><G27/><T61/><D50/><U41/><E41/><V86/><F75/><W129/><G30/><T83/><D22/><U104/><E104/><V110/><F110/><W109/><G109/><T123/><D123/><U46/><E46/><N who="3" m="18026" /><G129/><T130/><D130/><U7/><E7/><V98/><F99/><W80/><G59/><T91/><D111/><U2/><E2/><V25/><F25/><W8/><G8/><N who="0" m="6247" /><D108/><U85/><E85/><V51/><F51/><W72/><G72/><T90/><D58/><RYUUKYOKU ba="0,0" sc="579,-30,194,10,112,10,115,10" hai1="6,9,14,62,63,78,87" hai2="79,86,88,92,94,95,98" hai3="64,65,67,77,80,82,84,93,97,101" />
</Scene>
<Scene>
<INIT seed="5,1,0,2,3,60" ten="549,204,122,125" oya="1" hai0="55,9,38,6,110,74,93,76,135,71,51,124,72" hai1="101,127,8,82,114,12,103,73,91,132,113,95,47" hai2="53,20,43,62,36,18,125,13,123,90,109,5,96" hai3="10,69,89,75,44,29,1,102,129,46,128,134,57"/><U79/><E47/><V63/><F123/><W83/><G69/><T42/><D110/><U22/><E22/><V108/><F125/><W67/><G102/><N who="1" m="38922" /><E127/><V34/><F34/><W31/><G1/><T122/><D124/><U40/><E40/><V131/><F36/><W19/><G75/><T27/><D74/><U66/><E66/><V45/><F131/><W26/><G134/><T112/><D135/><U130/><E12/><V56/><F5/><W126/><G126/><T121/><D6/><U104/><E8/><V106/><F62/><W11/><G83/><T118/><D9/><U2/><E2/><V88/><F106/><W94/><G19/><T99/><D71/><U25/><E25/><V24/><F13/><W35/><G128/><T17/><D27/><U87/><E130/><V0/><F0/><W117/><G129/><T59/><D42/><U16/><E16/><N who="2" m="12295" /><F90/><W120/><G31/><T30/><D17/><U3/><E3/><V28/><F28/><W54/><G120/><T52/><D30/><U58/><E58/><V84/><F84/><W77/><G11/><T41/><D59/><U37/><E37/><N who="2" m="21743" /><F18/><W85/><G10/><T92/><D38/><U115/><E132/><V111/><F111/><W80/><G117/><T50/><D118/><U14/><E14/><V65/><F65/><W7/><G7/><T116/><D116/><U64/><E64/><V70/><F70/><W68/><G68/><T81/><D121/><U119/><E119/><V21/><F21/><W4/><G4/><T86/><D122/><U107/><AGARI ba="1,0" hai="73,79,82,87,91,95,104,107,113,114,115" m="38922" machi="107" ten="40,7800,0" yaku="15,1,34,2" doraHai="60" who="1" fromWho="1" sc="549,-27,204,81,122,-27,125,-27" />
</Scene>
<Scene>
<INIT seed="5,2,0,2,4,126" ten="522,285,95,98" oya="1" hai0="108,34,18,75,4,109,128,27,105,81,53,104,17" hai1="101,120,114,86,10,74,93,25,33,107,102,58,28" hai2="125,134,121,59,0,42,127,91,73,1,119,123,6" hai3="113,30,89,55,76,62,11,111,15,51,69,85,135"/><U39/><E120/><N who="2" m="46155" /><F59/><W40/><G113/><T14/><D4/><U57/><E114/><V56/><F56/><W65/><G135/><T49/><D75/><U45/><E107/><V26/><F91/><W100/><G111/><T21/><D81/><U83/><E74/><V115/><F42/><W66/><G65/><T72/><D72/><U94/><E10/><N who="2" m="2375" /><F73/><W118/><G118/><T2/><D2/><U106/><E106/><V132/><F115/><W60/><G60/><T130/><D104/><U78/><E94/><V99/><F99/><W70/><G100/><T22/><D34/><U47/><E101/><V5/><F26/><W112/><G112/><T7/><D7/><U44/><REACH who="1" step="1"/><E39/><REACH who="1" ten="522,275,95,98" step="2"/><V131/><F119/><W35/><G70/><T13/><D105/><U24/><E24/><V23/><F134/><W16/><G40/><T29/><D109/><U68/><E68/><V103/><F103/><W82/><G35/><T116/><D108/><U87/><E87/><V96/><F132/><W36/><G36/><T122/><D116/><U64/><E64/><V133/><F133/><W71/><G69/><T90/><D122/><U63/><E63/><V19/><F96/><AGARI ba="2,1" hai="25,28,33,44,45,47,57,58,78,83,86,93,96,102" machi="96" ten="40,2000,0" yaku="1,1,53,0" doraHai="126" doraHaiUra="84" who="1" fromWho="2" sc="522,0,275,36,95,-26,98,0" />
</Scene>
<Scene>
<INIT seed="5,3,0,5,2,69" ten="522,311,69,98" oya="1" hai0="32,23,37,52,96,12,91,97,116,31,36,48,122" hai1="127,108,124,3,118,25,53,4,80,49,61,13,27" hai2="2,8,16,85,59,74,42,104,28,60,10,68,45" hai3="88,98,70,134,64,135,22,55,35,43,121,99,101"/><U57/><E118/><V94/><F74/><W56/><G35/><T114/><D116/><U110/><E3/><V14/><F104/><W92/><G121/><T1/><D1/><U130/><E80/><V117/><F68/><W21/><G70/><T111/><D111/><N who="1" m="42539" /><E4/><V50/><F117/><W75/><G64/><T26/><D122/><U39/><E13/><N who="2" m="7207" /><F28/><W95/><G75/><T132/><D114/><U40/><E25/><V11/><F2/><W78/><G78/><T133/><D12/><U20/><E20/><V128/><F128/><W123/><G123/><T105/><D32/><U44/><E27/><V33/><F33/><W103/><G43/><T82/><D82/><U100/><E100/><V81/><F94/><W54/><G56/><N who="0" m="32775" /><D105/><U66/><E130/><V84/><F81/><W72/><G72/><T58/><D58/><AGARI ba="3,0" hai="39,40,44,49,53,57,58,61,66,124,127" m="42539" machi="58" ten="30,11600,0" yaku="10,1,34,2,52,1" doraHai="69" who="1" fromWho="0" sc="522,-125,311,125,69,0,98,0" />
</Scene>
<Scene>
<INIT seed="5,4,0,5,4,127" ten="397,436,69,98" oya="1" hai0="91,64,23,72,54,22,74,108,103,27,86,65,45" hai1="62,9,20,94,66,73,124,41,123,39,19,118,110" hai2="58,21,17,5,87,84,93,30,68,115,16,59,109" hai3="75,76,133,63,0,7,119,114,40,92,129,81,135"/><U3/><E118/><V46/><F68/><W11/><G119/><T44/><D108/><U95/><E123/><V34/><F109/><W120/><G120/><T132/><D132/><N who="3" m="50761" /><G114/><T37/><D103/><U128/><E110/><V89/><F115/><W1/><G40/><T33/><D33/><U56/><E124/><V121/><F121/><W25/><G25/><T53/><D37/><U117/><E128/><V71/><F71/><W102/><G63/><T97/><D97/><U122/><E117/><V99/><F34/><W14/><G129/><T112/><D112/><U90/><E122/><V48/><F5/><W10/><G11/><T57/><D27/><U98/><E73/><V51/><F30/><W8/><G10/><T70/><D70/><U47/><E3/><N who="3" m="1098" /><G92/><T55/><D57/><N who="2" m="21514" /><F17/><W28/><G102/><T113/><D113/><U26/><E9/><V101/><F101/><W107/><G28/><T18/><D18/><U80/><E80/><V85/><F46/><N who="0" m="18026" /><D74/><U12/><REACH who="1" step="1"/><E95/><REACH who="1" ten="397,426,69,98" step="2"/><V42/><F42/><W96/><G96/><T60/><D72/><U100/><E100/><V61/><F61/><W67/><G67/><N who="0" m="25675" /><D60/><U116/><E116/><V43/><F43/><W88/><G107/><T125/><D125/><U83/><E83/><AGARI ba="4,1" hai="22,23,53,54,55,83,86,91" m="25675,18026" machi="83" ten="30,1000,0" yaku="8,1" doraHai="127" who="0" fromWho="1" sc="397,32,426,-22,69,0,98,0" />
</Scene>
<Scene>
<INIT seed="6,0,0,0,4,12" ten="429,404,69,98" oya="2" hai0="115,95,87,57,76,68,70,40,80,103,29,60,58" hai1="107,93,123,37,83,78,88,33,69,26,25,94,126" hai2="54,23,31,71,14,105,117,85,116,133,81,27,36" hai3="10,7,4,43,47,67,59,62,96,112,119,75,24"/><V5/><F105/><W84/><G75/><T28/><D115/><U44/><E107/><V56/><F71/><W129/><G129/><T16/><D40/><U61/><E126/><V111/><F36/><W100/><G112/><T99/><D68/><U35/><E93/><V122/><F122/><W66/><G66/><N who="0" m="39191" /><D70/><U135/><E135/><V97/><F133/><W17/><G119/><T55/><D16/><U65/><E123/><V91/><F97/><W3/><G84/><T45/><D45/><U34/><E44/><V20/><F111/><W127/><G127/><T41/><D41/><U39/><E39/><V1/><F1/><W125/><G125/><T64/><D64/><U6/><E6/><V109/><F109/><W53/><G67/><T11/><D11/><U52/><E52/><V102/><F102/><W50/><G3/><T108/><D108/><U21/><E37/><V134/><F134/><W9/><G10/><T48/><AGARI ba="0,0" hai="28,29,48,55,57,76,80,87,95,99,103" m="39191" machi="48" ten="30,1100,0" yaku="8,1" doraHai="12" who="0" fromWho="0" sc="429,11,404,-3,69,-5,98,-3" />
</Scene>
<Scene>
<INIT seed="7,0,0,0,5,77" ten="440,401,64,95" oya="3" hai0="110,53,9,62,104,79,90,28,32,121,125,42,0" hai1="131,128,27,111,74,11,47,91,15,61,108,45,34" hai2="107,109,78,57,63,10,117,5,51,43,87,113,41" hai3="81,35,119,82,114,100,54,133,55,52,99,37,26"/><W96/><G119/><T126/><D110/><N who="1" m="42027" /><E91/><V98/><F117/><W85/><G37/><T60/><D121/><U84/><E84/><V6/><F109/><W124/><G114/><T38/><D104/><U21/><E61/><V127/><F127/><N who="0" m="48650" /><D79/><U130/><E47/><V12/><F113/><W106/><G124/><T129/><D129/><U95/><E95/><V18/><F107/><W29/><G133/><T48/><D90/><U24/><E45/><V7/><F98/><W102/><REACH who="3" step="1"/><G85/><REACH who="3" ten="440,401,64,85" step="2"/><T120/><D38/><U73/><E74/><V103/><F103/><W135/><G135/><T22/><D120/><U134/><E73/><V8/><F8/><W58/><G58/><T14/><D9/><U49/><E134/><V64/><F51/><W93/><AGARI ba="0,1" hai="26,29,35,52,54,55,81,82,93,96,99,100,102,106" machi="93" ten="30,18000,2" yaku="1,1,0,1,52,2,54,1,53,1" doraHai="77" doraHaiUra="88" who="3" fromWho="3" sc="440,-60,401,-60,64,-60,85,190" />
</Scene>
<Scene>
<INIT seed="7,1,0,3,0,66" ten="380,341,4,275" oya="3" hai0="72,74,20,106,27,69,46,38,71,1,105,15,33" hai1="17,9,34,56,39,58,95,45,84,35,44,118,65" hai2="100,28,51,91,80,43,11,19,75,13,96,8,40" hai3="108,101,114,94,128,102,83,131,113,115,64,48,98"/><W119/><G64/><T29/><D15/><U85/><E65/><V24/><F75/><N who="0" m="28714" /><D20/><U7/><E95/><V10/><F43/><W111/><G48/><T68/><D1/><U78/><E78/><V90/><F91/><N who="3" m="55647" /><G83/><T4/><D4/><U55/><E55/><V61/><F61/><W30/><G30/><T12/><D12/><U5/><E17/><V97/><F51/><W49/><G49/><T3/><D3/><U117/><REACH who="1" step="1"/><E9/><REACH who="1" ten="380,331,4,275" step="2"/><V122/><F40/><AGARI ba="1,1" hai="27,29,33,38,40,46,68,69,71,105,106" m="28714" machi="40" ten="40,8000,1" yaku="33,2,52,3" doraHai="66" who="0" fromWho="2" sc="380,93,331,0,4,-83,275,0" owari="473,57.0,331,13.0,-79,-58.0,275,-12.0" />
</Scene>
</mjloggm>