<mjloggm ver="2.3"><GO type="97"/><UN n0="%E3%81%A8%E3%81%85%E3%81%8B%E3%81%95" n1="%E5%A4%AA%E3%81%8F%E3%81%AA%E3%81%84%E3%81%8A" n2="%E2%98%85%E5%A4%A2%E5%96%B0%E3%81%84%E2%98%86" n3="%6F%2D%6A%75%6E%67%6C%65" dan="14,14,13,14" rate="1900,2055,1864,1992" sx="F,M,M,M"/><TAIKYOKU oya="0"/>

<Scene>
<INIT seed="0,0,0,2,0,9" ten="250,250,250,250" oya="0" hai0="7,122,85,73,44,82,135,128,38,89,120,16,57" hai1="32,113,8,45,24,97,86,78,2,87,116,35,4" hai2="18,111,100,126,43,40,25,83,104,64,93,106,13" hai3="134,30,99,105,69,92,107,14,114,36,96,56,117"/><T66/><D135/><U5/><E116/><V129/><F129/><W52/><G114/><T54/><D128/><U132/><E132/><V77/><F126/><W84/><G117/><T59/><D73/><U94/><E113/><V74/><F64/><W15/><G134/><T88/><D7/><U108/><E108/><V125/><F125/><W46/><G69/><T80/><D66/><U39/><E5/><V31/><F93/><W41/><G30/><T29/><D29/><U28/><E35/><V20/><F111/><W48/><G84/><N who="0" m="50183" /><D122/><U53/><E78/><V91/><F91/><W42/><G99/><T1/><D1/><U34/><E34/><V55/><F55/><W72/><G72/><T103/><D38/><U118/><E118/><V21/><F100/><W58/><G41/><T127/><D127/><U109/><E109/><V27/><REACH who="2" step="1"/><F25/><REACH who="2" ten="250,250,240,250" step="2"/><W22/><G105/><AGARI ba="0,1" hai="13,18,20,21,27,31,40,43,74,77,83,104,105,106" machi="105" ten="40,12000,2" yaku="1,1,2,1,52,1,53,3" doraHai="9" doraHaiUra="102" who="2" fromWho="3" sc="250,0,250,0,240,130,250,-120" />
</Scene>
<Scene>
<INIT seed="1,0,0,0,3,94" ten="250,250,370,130" oya="1" hai0="3,99,34,93,129,84,1,23,75,82,28,130,12" hai1="72,78,110,10,50,128,54,45,90,2,22,113,127" hai2="103,27,70,120,76,95,68,107,29,98,55,33,122" hai3="131,62,124,114,61,46,134,39,31,56,13,91,36"/><U119/><E119/><V60/><F76/><W14/><G114/><T132/><D75/><U64/><E113/><V118/><F118/><W67/><G31/><T6/><D132/><U97/><E127/><V49/><F95/><W87/><G134/><T59/><D34/><U42/><E128/><N who="0" m="49257" /><D28/><U133/><E133/><V4/><F4/><W123/><G131/><T109/><D109/><U8/><E110/><V74/><F74/><W105/><G105/><T0/><D59/><U16/><E64/><N who="2" m="40967" /><F70/><W58/><G124/><T47/><D47/><AGARI ba="0,0" hai="27,29,33,47,49,55,98,103,107,120,122" m="40967" machi="47" ten="30,2000,0" yaku="25,1,52,1" doraHai="94" who="2" fromWho="0" sc="250,-20,250,0,370,20,130,0" />
</Scene>
<Scene>
<INIT seed="2,0,0,1,4,22" ten="230,250,390,130" oya="2" hai0="11,103,80,14,70,60,77,63,76,64,59,48,101" hai1="12,56,130,0,51,109,133,100,127,92,117,21,114" hai2="16,129,124,33,62,46,69,96,83,86,41,67,87" hai3="88,72,39,108,49,91,104,66,119,93,97,73,9"/><V6/><F129/><W10/><G119/><T125/><D125/><U107/><E117/><V123/><F33/><W4/><G39/><T40/><D77/><U54/><E114/><V82/><F123/><W89/><G66/><T25/><D40/><U94/><E0/><V42/><F6/><W135/><G10/><T50/><D101/><U68/><E68/><V32/><F96/><W24/><G104/><T132/><D103/><U23/><E127/><V85/><F32/><W18/><G49/><T27/><D132/><U44/><E133/><V106/><F42/><W74/><G135/><T99/><D99/><U110/><E130/><V38/><F106/><W57/><G108/><N who="1" m="41578" /><E107/><V81/><F124/><W105/><G105/><T3/><D3/><U122/><E122/><V95/><F95/><N who="1" m="36393" /><E100/><V26/><F26/><W84/><G57/><T15/><D50/><N who="1" m="30807" /><E12/><V5/><F5/><W1/><REACH who="3" step="1"/><G97/><REACH who="3" ten="230,250,390,120" step="2"/><T121/><D48/><U112/><E112/><V90/><F87/><W61/><G61/><T79/><D121/><U78/><E78/><V116/><F116/><W31/><G31/><T58/><D79/><U19/><E19/><V128/><F128/><W29/><G29/><T37/><D37/><U71/><E71/><V45/><F86/><W2/><G2/><T65/><D70/><U8/><E8/><V17/><F17/><W102/><G102/><T36/><D36/><U53/><AGARI ba="0,1" hai="21,23,44,51,53" m="30807,36393,41578" machi="53" ten="30,1100,0" yaku="14,1" doraHai="22" who="1" fromWho="1" sc="230,-3,250,21,390,-5,120,-3" />
</Scene>
<Scene>
<INIT seed="3,0,0,5,0,85" ten="227,271,385,117" oya="3" hai0="96,66,17,133,107,105,98,53,112,21,121,135,115" hai1="36,55,37,70,35,75,0,114,1,91,19,90,88" hai2="48,79,126,61,74,51,117,59,27,93,10,33,20" hai3="62,39,2,78,5,45,46,34,22,41,69,38,65"/><W32/><G22/><T128/><D66/><U99/><E114/><N who="0" m="43561" /><D121/><U14/><E75/><V104/><F33/><W119/><G119/><T82/><D128/><U106/><E35/><V92/><F104/><N who="0" m="40010" /><D82/><U60/><E1/><V132/><F117/><W71/><G78/><T113/><D53/><U24/><E24/><V28/><F79/><W50/><G5/><T7/><D7/><U64/><E0/><V12/><F74/><W11/><G11/><T87/><D87/><U89/><E55/><V58/><F126/><W57/><G2/><T102/><D102/><U109/><E109/><V30/><F30/><W81/><G81/><T116/><D116/><U15/><E15/><V100/><F59/><W123/><G123/><T125/><D125/><U124/><E124/><V97/><F93/><W134/><G134/><N who="0" m="51211" /><D113/><U47/><E47/><V63/><F63/><W108/><G108/><T67/><D67/><U56/><E70/><N who="3" m="26634" /><G32/><T130/><D130/><U40/><E40/><V77/><F132/><W83/><G83/><T49/><D49/><U18/><E18/><N who="2" m="8471" /><F77/><W122/><G34/><T29/><D29/><U103/><N who="1" m="22528" /><DORA hai="4" /><U101/><REACH who="1" step="1"/><E101/><REACH who="1" ten="227,261,385,117" step="2"/><V95/><F100/><W8/><G122/><T129/><D129/><U43/><E43/><V44/><F27/><AGARI ba="0,1" hai="17,21,27,96,98" m="51211,40010,43561" machi="27" ten="40,2600,0" yaku="11,1,20,1" doraHai="85,4" who="0" fromWho="2" sc="227,36,261,0,385,-26,117,0" owari="263,6.0,261,-14.0,359,46.0,117,-38.0" />
</Scene>
</mjloggm>