<mjloggm ver="2.3"><GO type="97"/><UN n0="%49%4C%4C%2D%42%53" n1="%E3%83%8E%E3%83%8A%E3%83%A1%E3%81%A1%E3%82%83%E3%82%93" n2="%E5%A4%AA%E3%81%8F%E3%81%AA%E3%81%84%E3%81%8A" n3="%6B%6F%62%79" dan="15,14,13,14" rate="1960,1911,2015,1890" sx="M,F,M,M"/><TAIKYOKU oya="0"/>

<Scene>
<INIT seed="0,0,0,0,4,133" ten="250,250,250,250" oya="0" hai0="28,97,47,17,96,52,70,109,128,27,69,83,101" hai1="85,115,5,90,120,114,18,7,98,64,93,41,50" hai2="116,12,53,71,131,79,45,108,32,107,76,111,127" hai3="100,74,99,54,77,57,60,67,124,33,21,126,22"/><T23/><D128/><U2/><E120/><V63/><F107/><W129/><G33/><T123/><D123/><U11/><E64/><N who="2" m="41375" /><F32/><W35/><G35/><T15/><D109/><N who="2" m="42058" /><F131/><W87/><G129/><T73/><D97/><U30/><E30/><V66/><F66/><W20/><G74/><T3/><D3/><U34/><E34/><V132/><F132/><W113/><G113/><N who="1" m="43018" /><E7/><V106/><F106/><W95/><G67/><T58/><D47/><N who="1" m="25967" /><E18/><V86/><F116/><W42/><G42/><T102/><D101/><U65/><E65/><V9/><F86/><AGARI ba="0,0" hai="2,5,11,85,86,90,93,98" m="25967,43018" machi="86" ten="30,1000,0" yaku="11,1" doraHai="133" who="1" fromWho="2" sc="250,0,250,10,250,-10,250,0" />
</Scene>
<Scene>
<INIT seed="1,0,0,0,2,27" ten="250,260,240,250" oya="1" hai0="54,113,65,71,53,43,77,62,25,19,13,110,97" hai1="28,89,90,126,69,63,40,36,14,59,84,11,8" hai2="132,131,35,82,106,41,34,15,42,102,29,109,24" hai3="91,58,115,116,127,85,118,111,119,93,114,100,4"/><U22/><E69/><V33/><F109/><W75/><G58/><T83/><D113/><U86/><E126/><V104/><F104/><W72/><G4/><T121/><D110/><U108/><E36/><V99/><F131/><W47/><G47/><T107/><D121/><U79/><E40/><V26/><F132/><W95/><G111/><T134/><D134/><U125/><E108/><V44/><F15/><W46/><G46/><T20/><D43/><U92/><E79/><V78/><F24/><W5/><G5/><T98/><D97/><U88/><E125/><V135/><F135/><W17/><G17/><T10/><D98/><U64/><E90/><V80/><F41/><W73/><G127/><T57/><D107/><U49/><E49/><V37/><REACH who="2" step="1"/><F82/><REACH who="2" ten="250,260,230,250" step="2"/><W31/><G31/><T21/><D71/><U124/><E124/><V76/><F76/><W12/><G12/><T50/><D83/><N who="1" m="49183" /><E14/><V120/><F120/><W67/><G67/><T112/><D77/><U56/><E59/><V6/><F6/><W133/><G133/><T23/><D65/><U70/><E70/><V32/><F32/><W2/><G2/><T87/><D112/><U48/><E64/><V7/><F7/><W122/><G122/><T0/><D0/><U18/><E56/><V117/><F117/><W129/><G129/><T128/><D128/><U81/><E28/><V55/><F55/><W45/><G45/><T105/><D105/><U38/><E81/><V16/><F16/><W68/><G68/><T30/><D30/><U60/><E18/><V74/><AGARI ba="0,1" hai="26,29,33,34,35,37,42,44,74,78,80,99,102,106" machi="74" ten="20,16000,3" yaku="1,1,0,1,7,1,33,3,52,1,53,1" doraHai="27" doraHaiUra="39" who="2" fromWho="2" sc="250,-40,260,-80,230,170,250,-40" />
</Scene>
<Scene>
<INIT seed="2,0,0,2,1,37" ten="210,180,400,210" oya="2" hai0="105,33,22,56,116,118,24,53,20,63,100,98,2" hai1="87,106,39,69,10,72,70,49,62,115,30,17,0" hai2="101,91,113,90,6,44,26,112,123,79,27,7,28" hai3="125,130,57,122,5,50,12,121,40,34,104,81,127"/><V99/><F123/><W111/><G104/><T21/><D2/><U124/><E39/><V58/><F79/><W8/><G34/><T114/><D114/><U42/><E72/><V66/><F44/><W97/><G97/><T18/><REACH who="0" step="1"/><D33/><REACH who="0" ten="200,180,400,210" step="2"/><U126/><E115/><V45/><F113/><W85/><G130/><T93/><D93/><U80/><E106/><V11/><F112/><W41/><G111/><T48/><D48/><U38/><E49/><V43/><F101/><W119/><G119/><AGARI ba="0,1" hai="18,20,21,22,24,53,56,63,98,100,105,116,118,119" machi="119" ten="40,2600,0" yaku="1,1,12,1,53,0" doraHai="37" doraHaiUra="71" who="0" fromWho="3" sc="200,36,180,0,400,0,210,-26" />
</Scene>
<Scene>
<INIT seed="3,0,0,5,5,114" ten="236,180,400,184" oya="3" hai0="13,60,38,49,75,91,6,135,22,94,21,79,134" hai1="62,120,64,93,17,52,66,82,99,100,131,20,98" hai2="110,77,4,112,3,97,44,128,130,69,101,7,123" hai3="71,26,46,90,68,10,132,25,57,61,85,31,14"/><W56/><G132/><N who="0" m="50731" /><D38/><U125/><E131/><N who="2" m="50219" /><F112/><W127/><G127/><T19/><D6/><U24/><E125/><V37/><F69/><W2/><G2/><T117/><D117/><U74/><E120/><V96/><F123/><W118/><G118/><T12/><D49/><U104/><E74/><V126/><F126/><W88/><G46/><T27/><D22/><U40/><E40/><N who="2" m="22543" /><F110/><W116/><G116/><T33/><D33/><U16/><E82/><V108/><F108/><W67/><G57/><T73/><D60/><U63/><E52/><V83/><F3/><W8/><G8/><T23/><D79/><U43/><E43/><V41/><F41/><W70/><G31/><N who="0" m="17903" /><D12/><U11/><E66/><V103/><F103/><W84/><G26/><T54/><D54/><U47/><E47/><V76/><F97/><AGARI ba="0,0" hai="13,19,23,73,75,91,94,97" m="17903,50731" machi="97" ten="30,1000,0" yaku="20,1" doraHai="114" who="0" fromWho="2" sc="236,10,180,0,400,-10,184,0" owari="246,5.0,180,-32.0,390,49.0,184,-22.0" />
</Scene>
</mjloggm>