<mjloggm ver="2.3"><GO type="169" lobby="0"/><UN n0="%E3%81%A8%E3%83%BC%E3%82%84%E3%82%93" n1="%E6%B5%81%E5%A4%AA" n2="%73%61%70%6F%74%65%6E" n3="%E5%A4%AA%E3%81%8F%E3%81%AA%E3%81%84%E3%81%8A" dan="16,16,16,18" rate="2076.39,2040.70,2000.44,2223.76" sx="M,M,M,F"/><TAIKYOKU oya="0"/>

<Scene>
<INIT seed="0,0,0,0,2,71" ten="250,250,250,250" oya="0" hai0="122,53,109,42,21,93,44,103,127,107,37,112,62" hai1="82,99,7,105,65,35,46,29,1,47,100,14,56" hai2="57,72,30,8,96,39,79,34,115,38,54,67,132" hai3="36,131,31,51,58,119,4,26,86,69,66,25,41"/><T40/><D122/><U111/><E1/><V45/><F115/><W92/><G119/><T24/><D112/><U60/><E111/><V104/><F45/><W61/><G131/><T10/><D127/><U19/><E7/><V48/><F67/><W15/><G4/><T49/><D107/><U95/><E82/><V43/><F43/><W124/><G15/><T22/><D109/><U5/><E5/><V126/><F126/><W91/><G124/><T123/><D123/><U68/><E95/><V80/><F132/><W64/><G64/><T118/><D118/><U114/><E56/><V75/><F75/><W120/><G120/><T117/><D10/><U89/><E89/><V9/><F30/><W129/><G129/><T0/><D0/><U113/><E113/><V110/><F34/><W3/><G3/><T84/><D22/><U73/><E73/><V59/><F59/><W12/><G12/><T98/><D117/><U102/><E100/><V128/><F128/><W78/><G78/><T20/><D42/><U18/><E18/><V13/><F110/><W17/><G17/><T97/><D97/><U83/><E114/><V130/><F130/><W87/><G87/><T63/><D84/><U32/><E32/><V52/><F54/><N who="3" m="32095" /><G31/><T11/><D21/><U27/><E83/><V2/><F2/><W106/><G106/><T6/><D11/><AGARI ba="0,0" hai="11,14,19,27,29,35,46,47,60,65,68,99,102,105" machi="11" ten="30,3900,0" yaku="7,1,25,2" doraHai="71" who="1" fromWho="0" sc="250,-39,250,39,250,0,250,0" />
</Scene>
<Scene>
<INIT seed="1,0,0,3,3,1" ten="211,289,250,250" oya="1" hai0="125,22,117,88,106,118,107,52,43,128,21,13,82" hai1="119,64,40,126,60,24,0,75,114,69,54,116,135" hai2="65,92,80,104,132,111,51,95,66,14,101,26,105" hai3="16,78,38,8,129,4,67,102,5,103,70,15,113"/><U76/><E114/><V120/><F120/><W112/><G38/><T85/><D128/><U90/><E75/><V122/><F122/><W20/><G78/><T50/><D125/><U124/><E76/><V53/><F105/><W77/><G77/><T91/><D43/><U98/><E0/><V7/><F104/><W12/><G129/><T93/><D106/><U115/><E115/><V134/><F111/><W9/><G112/><T99/><D107/><U133/><E24/><V6/><F26/><W87/><G113/><T17/><REACH who="0" step="1"/><D22/><REACH who="0" ten="201,289,250,250" step="2"/><U62/><E40/><V108/><F108/><W63/><REACH who="3" step="1"/><G87/><REACH who="3" ten="201,289,250,240" step="2"/><T79/><D79/><U110/><E110/><V19/><F132/><W30/><G30/><T68/><D68/><U130/><E130/><V84/><F134/><W97/><G97/><T10/><D10/><U55/><E98/><V47/><F84/><W74/><G74/><T127/><D127/><N who="1" m="48683" /><E135/><V31/><F31/><W49/><G49/><T28/><D28/><U58/><E133/><V96/><F96/><W18/><G18/><T46/><AGARI ba="0,2" hai="13,17,21,46,50,52,82,85,88,91,93,99,117,118" machi="46" ten="20,8000,1" yaku="1,1,0,1,7,1,54,2,53,0" doraHai="1" doraHaiUra="61" who="0" fromWho="0" sc="201,100,289,-40,250,-20,240,-20" />
</Scene>
<Scene>
<INIT seed="2,0,0,2,2,131" ten="301,249,230,220" oya="2" hai0="83,113,36,128,58,103,94,117,55,78,109,134,13" hai1="56,11,25,107,129,91,19,34,37,26,52,108,126" hai2="31,46,73,92,110,114,23,123,89,101,39,10,99" hai3="47,122,85,65,130,96,116,118,124,22,127,1,82"/><V125/><F123/><W12/><G1/><T28/><D113/><U77/><E107/><V61/><F114/><W18/><G122/><T102/><D36/><U71/><E71/><V111/><F73/><W97/><G65/><T84/><D128/><U4/><E129/><V100/><F125/><N who="3" m="48203" /><G47/><T75/><D117/><N who="3" m="45161" /><G130/><T0/><D0/><U20/><E126/><V93/><F10/><W57/><G57/><T54/><D28/><U21/><E34/><V59/><F46/><W7/><G7/><T16/><D55/><U2/><E37/><V68/><F68/><W81/><G81/><T87/><D75/><U27/><E27/><N who="2" m="16895" /><F39/><W80/><G80/><T44/><D44/><U104/><E104/><V64/><F101/><W43/><G43/><T53/><D53/><U133/><E2/><V35/><F35/><W112/><G112/><T30/><D30/><U50/><E52/><V132/><F132/><W6/><G6/><T105/><D134/><U29/><E133/><V115/><F115/><W14/><G14/><T74/><D105/><U49/><E4/><V40/><F40/><W88/><AGARI ba="0,0" hai="12,18,22,82,85,88,96,97" m="45161,48203" machi="88" ten="30,2000,0" yaku="18,1,54,1" doraHai="131" who="3" fromWho="3" sc="301,-5,249,-5,230,-10,220,20" />
</Scene>
<Scene>
<INIT seed="3,0,0,1,3,48" ten="296,244,220,240" oya="3" hai0="90,45,109,84,4,60,58,6,21,99,73,59,125" hai1="131,12,40,5,69,27,135,114,37,11,95,17,1" hai2="97,121,51,79,44,87,36,26,85,127,13,134,68" hai3="42,119,67,78,115,113,54,25,104,89,0,39,81"/><W9/><G119/><T56/><D73/><U94/><E114/><V111/><F68/><W102/><G67/><T35/><D35/><U93/><E69/><V3/><F3/><W61/><G89/><T55/><D109/><U122/><E122/><V100/><F36/><W118/><G118/><T110/><D110/><U43/><E135/><V71/><F71/><W120/><G120/><T75/><D75/><U22/><E131/><V49/><F111/><W103/><G25/><T46/><D99/><U133/><E133/><V52/><F121/><W28/><G28/><T132/><D132/><U33/><REACH who="1" step="1"/><E37/><REACH who="1" ten="296,234,220,240" step="2"/><V38/><F134/><W24/><G39/><T29/><D125/><U106/><E106/><V124/><F38/><W116/><G104/><T34/><D34/><U80/><E80/><V66/><F124/><W126/><G81/><T32/><D32/><U98/><E98/><V83/><F127/><W7/><G126/><T23/><D29/><AGARI ba="0,1" hai="1,5,11,12,17,22,27,29,33,40,43,93,94,95" machi="29" ten="40,5200,0" yaku="1,1,24,2,53,0" doraHai="48" doraHaiUra="112" who="1" fromWho="0" sc="296,-52,234,62,220,0,240,0" />
</Scene>
<Scene>
<INIT seed="4,0,0,2,5,6" ten="244,296,220,240" oya="0" hai0="36,21,60,12,130,105,2,118,45,54,59,91,85" hai1="74,64,10,103,73,0,57,30,97,38,93,115,35" hai2="32,17,79,125,134,13,16,65,19,126,33,86,96" hai3="5,104,99,102,8,83,72,121,62,48,113,56,61"/><T58/><D2/><U22/><E35/><N who="2" m="13387" /><F65/><W23/><G113/><T127/><D118/><U117/><E117/><V3/><F3/><W69/><G121/><T77/><D105/><U67/><E38/><V119/><F119/><W106/><G106/><T135/><D130/><U82/><E67/><V100/><F134/><W75/><G69/><T52/><D127/><N who="2" m="48650" /><F86/><W111/><G111/><T50/><D77/><U80/><E74/><V14/><F79/><W70/><G70/><T7/><D135/><U47/><E73/><V66/><F66/><W133/><G133/><T44/><D36/><U39/><E39/><V27/><F27/><W34/><G34/><T68/><D68/><U71/><E71/><V49/><F49/><W29/><G48/><T18/><REACH who="0" step="1"/><D7/><REACH who="0" ten="234,296,220,240" step="2"/><U51/><E115/><V132/><F132/><W28/><G5/><T9/><D9/><U108/><E0/><V114/><F114/><W81/><G8/><T20/><D20/><U120/><E10/><N who="2" m="6231" /><F13/><W78/><G78/><T76/><D76/><U116/><E116/><V1/><F1/><W25/><G75/><T4/><D4/><U94/><E120/><V43/><F43/><W87/><G72/><T109/><D109/><U128/><E108/><V88/><F100/><W129/><G102/><T101/><D101/><U89/><E103/><V98/><F98/><W37/><G99/><T90/><D90/><U24/><E97/><V95/><AGARI ba="0,1" hai="17,19,88,95,96" m="6231,48650,13387" machi="95" ten="40,8000,1" yaku="18,1,52,1,54,2" doraHai="6" who="2" fromWho="2" sc="234,-40,296,-20,220,90,240,-20" />
</Scene>
<Scene>
<INIT seed="5,0,0,5,4,102" ten="194,276,310,220" oya="1" hai0="130,29,36,90,77,57,68,126,4,69,121,64,123" hai1="3,9,50,112,0,82,118,44,5,105,19,85,32" hai2="93,72,15,63,86,79,26,109,25,47,56,14,7" hai3="67,97,43,132,55,28,100,12,65,60,91,75,2"/><U30/><E118/><V98/><F72/><W76/><G2/><T54/><D36/><U94/><E3/><V115/><F115/><W128/><G43/><T24/><D126/><U21/><E112/><V40/><F109/><W52/><G28/><T88/><D130/><U70/><E70/><N who="0" m="27241" /><D77/><U49/><E94/><V22/><F7/><W129/><G91/><N who="0" m="34859" /><D4/><U104/><E30/><V83/><F47/><W73/><G12/><T131/><D64/><U124/><E32/><V74/><F74/><W84/><G84/><T48/><D131/><U108/><E108/><V133/><F40/><W45/><G76/><T33/><D29/><U20/><E124/><V101/><F133/><W106/><G132/><T119/><D119/><U111/><E111/><V81/><F81/><W38/><G75/><T59/><D24/><N who="2" m="9322" /><F22/><W135/><G73/><T87/><D87/><U103/><E21/><V18/><F18/><W122/><G135/><T10/><D10/><U11/><E9/><V62/><F62/><W39/><G60/><T127/><D127/><U120/><E20/><V35/><F35/><W27/><G129/><T117/><D117/><U125/><E125/><V61/><F61/><W1/><G128/><T17/><D17/><U37/><E19/><V80/><F80/><W13/><G1/><T107/><D33/><U31/><E31/><V96/><F96/><W42/><G27/><T8/><D8/><U89/><E11/><V23/><F23/><W16/><G16/><T34/><D34/><U58/><E0/><V114/><F114/><W113/><G113/><T6/><D6/><RYUUKYOKU ba="0,0" sc="194,-10,276,-10,310,30,220,-10" hai2="14,15,56,63,79,83,86,93,98,101" />
</Scene>
<Scene>
<INIT seed="6,1,0,4,2,64" ten="184,266,340,210" oya="2" hai0="131,63,92,100,60,65,59,84,66,82,4,109,19" hai1="40,69,35,130,41,21,24,124,111,89,36,0,103" hai2="53,97,133,95,71,43,98,121,26,83,57,49,108" hai3="32,16,90,56,125,118,102,39,55,25,93,104,115"/><V5/><F121/><W28/><G118/><T113/><D109/><U31/><E0/><V76/><F108/><W13/><G39/><T50/><D113/><U68/><E111/><V96/><F133/><W86/><G125/><T78/><D131/><U114/><E103/><V72/><F5/><W6/><G115/><T58/><D4/><U81/><E114/><V120/><F120/><W88/><G6/><T79/><D50/><U116/><E116/><V12/><F12/><W77/><G77/><T14/><D100/><U75/><E124/><V85/><F26/><W1/><G1/><T8/><REACH who="0" step="1"/><D92/><REACH who="0" ten="174,266,340,210" step="2"/><U10/><E130/><V47/><F95/><W34/><G102/><T9/><D9/><U99/><E10/><V61/><REACH who="2" step="1"/><F72/><REACH who="2" ten="174,266,330,210" step="2"/><W122/><G122/><T52/><D52/><U62/><E75/><V20/><F20/><W15/><G93/><T87/><D87/><U7/><E7/><V46/><F46/><W17/><G86/><T11/><D11/><U135/><E21/><V117/><F117/><W106/><G55/><T23/><D23/><U74/><E74/><V22/><F22/><W110/><G110/><T18/><D18/><U91/><E135/><V67/><F67/><W94/><G94/><T42/><D42/><U129/><E129/><V128/><F128/><W105/><G105/><T119/><D119/><U123/><E123/><V134/><F134/><W30/><G25/><T70/><D70/><AGARI ba="1,2" hai="43,47,49,53,57,61,70,71,76,83,85,96,97,98" machi="70" ten="40,7700,0" yaku="1,1,52,2,53,0" doraHai="64" doraHaiUra="132" who="2" fromWho="0" sc="174,-80,266,0,330,100,210,0" />
</Scene>
<Scene>
<INIT seed="6,2,0,2,4,82" ten="94,266,430,210" oya="2" hai0="74,84,5,47,21,120,126,52,78,39,109,115,118" hai1="85,76,58,50,66,18,71,100,86,93,99,80,62" hai2="83,10,19,102,67,65,48,25,95,8,3,35,13" hai3="55,73,101,41,30,9,57,113,135,131,116,127,28"/><V15/><F3/><W125/><G116/><T63/><D109/><U32/><E32/><V124/><F124/><N who="3" m="47691" /><G73/><T107/><D118/><U37/><E37/><V105/><F105/><W59/><G41/><T53/><D120/><U7/><E7/><V81/><F35/><W134/><G101/><T108/><D108/><U132/><E132/><N who="3" m="50730" /><G9/><T0/><D126/><U34/><E34/><V2/><F2/><W1/><G1/><T79/><D115/><U45/><E71/><V106/><F106/><W4/><G4/><T103/><D74/><U77/><E18/><V91/><F25/><W119/><G119/><T14/><D0/><U33/><E33/><V90/><F102/><W128/><G113/><T46/><D39/><U44/><E50/><V29/><F29/><N who="3" m="11371" /><G55/><T110/><D110/><U98/><E99/><V68/><F10/><W70/><G70/><T49/><D107/><U64/><E66/><V117/><F8/><W123/><G123/><T36/><D36/><U60/><E62/><V92/><F67/><W23/><G23/><T20/><D103/><U61/><E60/><V69/><F65/><W130/><AGARI ba="2,0" hai="57,59,128,130,131" m="11371,50730,47691" machi="130" ten="40,32000,5" yakuman="39" doraHai="82" who="3" fromWho="3" sc="94,-82,266,-82,430,-162,210,326" />
</Scene>
<Scene>
<INIT seed="7,0,0,5,0,95" ten="12,184,268,536" oya="3" hai0="117,122,55,105,71,96,58,129,83,17,104,63,80" hai1="101,59,113,116,72,46,42,66,28,32,8,31,3" hai2="0,25,79,20,94,26,5,15,30,4,88,7,112" hai3="109,90,39,65,123,10,16,61,45,77,120,86,110"/><W99/><G77/><T69/><D117/><U128/><E72/><V19/><F79/><W131/><G131/><T57/><D122/><U64/><E128/><V102/><F102/><W89/><G99/><T98/><D129/><U43/><E43/><V108/><F108/><N who="3" m="41579" /><G39/><T56/><D63/><U33/><E33/><V133/><F133/><W127/><G45/><T24/><D24/><U130/><E130/><V62/><F62/><W84/><G127/><T14/><D14/><U91/><E116/><V37/><F37/><W74/><G74/><T35/><D35/><U82/><E101/><V49/><F49/><W12/><G86/><T93/><D93/><U100/><E100/><V87/><F112/><W23/><G23/><T70/><D55/><U125/><E125/><V34/><REACH who="2" step="1"/><F26/><REACH who="2" ten="12,184,258,536" step="2"/><W44/><G61/><T40/><D40/><U135/><E135/><V121/><F121/><W67/><G120/><T106/><REACH who="0" step="1"/><D17/><REACH who="0" ten="2,184,258,536" step="2"/><U9/><E32/><V11/><AGARI ba="0,2" hai="0,4,5,7,11,15,19,20,25,30,34,87,88,94" machi="11" ten="30,12000,2" yaku="1,1,0,1,24,2,54,1,53,1" doraHai="95" doraHaiUra="21" who="2" fromWho="2" sc="2,-30,184,-30,258,140,536,-60" owari="-28,-53.0,154,-25.0,398,20.0,476,58.0" />
</Scene>
</mjloggm>