<mjloggm ver="2.3"><GO type="169"/><UN n0="%E3%81%AA%E3%83%BC%E3%81%8B%E3%82%80" n1="%45%6B%69%62%65%6E" n2="%E5%BD%B1%E5%8D%83%E4%BB%A3" n3="%E5%A4%AA%E3%81%8F%E3%81%AA%E3%81%84%E3%81%8A" dan="17,16,17,16" rate="2139,2074,2135,2086" sx="M,M,F,M"/><TAIKYOKU oya="0"/>

<Scene>
<INIT seed="0,0,0,4,0,4" ten="250,250,250,250" oya="0" hai0="86,57,95,56,92,29,22,80,117,111,27,45,41" hai1="134,132,129,130,21,37,116,23,96,104,70,49,103" hai2="15,36,55,74,76,123,120,58,30,100,28,59,69" hai3="88,119,14,40,5,84,114,48,102,113,17,131,81"/><T43/><D117/><U1/><E37/><V110/><F69/><W73/><G119/><T62/><D111/><U101/><E70/><V91/><F110/><W64/><G131/><N who="1" m="50186" /><E116/><V67/><F36/><W99/><G73/><T31/><D31/><U53/><E1/><V35/><F100/><W128/><G5/><T20/><D20/><N who="1" m="7755" /><E103/><V94/><F35/><W13/><G128/><T61/><D95/><U65/><E65/><V135/><F67/><W52/><G64/><T89/><D92/><U32/><E32/><V109/><F94/><N who="3" m="58743" /><G114/><T71/><D71/><U3/><E3/><V26/><F109/><W78/><G113/><T77/><D77/><U50/><E50/><V107/><F76/><W33/><G33/><T125/><D125/><U0/><E0/><V126/><F30/><W82/><G40/><T34/><D34/><U93/><E104/><V46/><F107/><W72/><G72/><T51/><REACH who="0" step="1"/><D43/><REACH who="0" ten="240,250,250,250" step="2"/><U118/><E118/><V79/><F28/><W121/><G78/><T39/><D39/><U60/><E60/><AGARI ba="0,1" hai="22,27,29,41,45,51,56,57,60,61,62,80,86,89" machi="60" ten="40,7700,0" yaku="1,1,8,1,53,1" doraHai="4" doraHaiUra="85" who="0" fromWho="1" sc="240,87,250,-77,250,0,250,0" />
</Scene>
<Scene>
<INIT seed="0,1,0,4,4,89" ten="327,173,250,250" oya="0" hai0="118,128,124,135,47,21,60,34,111,13,40,63,108" hai1="41,58,17,120,129,87,29,134,25,4,100,123,8" hai2="9,57,96,95,69,121,55,43,16,66,20,117,52" hai3="46,93,33,31,7,62,14,94,32,113,44,61,45"/><T3/><D3/><U1/><E129/><V116/><F121/><W98/><G113/><T131/><D34/><U74/><E134/><V77/><F77/><W122/><G122/><T115/><D115/><U15/><E74/><V5/><F43/><W86/><G31/><T27/><D13/><U42/><E100/><N who="2" m="60447" /><F69/><W73/><G73/><T82/><D82/><U26/><E26/><N who="2" m="14599" /><F66/><W90/><G33/><T67/><D21/><U51/><E87/><V125/><F57/><W114/><G32/><T79/><D79/><U23/><E42/><V106/><F106/><W71/><G71/><T2/><D2/><U126/><E126/><V78/><F78/><W127/><G127/><T84/><D84/><U53/><REACH who="1" step="1"/><E41/><REACH who="1" ten="327,163,250,250" step="2"/><V97/><F125/><W70/><G114/><T22/><D124/><U49/><E49/><V75/><F97/><W83/><G70/><T30/><D135/><U64/><E64/><V35/><F75/><W38/><G38/><N who="0" m="21911" /><D67/><U130/><E130/><N who="0" m="49705" /><D118/><N who="2" m="45674" /><F35/><AGARI ba="1,1" hai="1,4,8,15,17,23,25,29,35,51,53,58,120,123" machi="35" ten="30,7700,0" yaku="1,1,7,1,24,2,53,0" doraHai="89" doraHaiUra="68" who="1" fromWho="2" sc="327,0,163,90,250,-80,250,0" />
</Scene>
<Scene>
<INIT seed="1,0,0,0,5,117" ten="327,253,170,250" oya="1" hai0="48,1,65,3,38,126,118,26,108,47,87,76,7" hai1="16,125,6,69,34,0,114,83,95,100,2,103,22" hai2="127,20,102,119,42,81,12,11,105,88,73,4,82" hai3="68,50,8,79,56,128,120,25,21,85,98,45,96"/><U52/><E69/><V135/><F119/><W10/><G68/><T132/><D38/><U130/><E34/><V49/><F127/><W27/><G128/><T19/><D118/><U29/><E114/><V93/><F135/><W39/><G39/><T14/><D132/><U36/><E36/><V64/><F64/><W23/><G56/><T101/><D65/><U59/><E29/><V124/><F124/><W24/><G120/><T58/><D58/><U66/><E66/><V37/><F37/><W5/><G21/><T106/><D108/><U99/><E125/><V91/><F105/><W86/><G23/><T62/><D62/><U35/><E35/><V41/><F73/><W121/><G121/><T71/><D71/><U67/><E67/><V111/><F20/><W129/><G129/><T28/><D126/><U30/><E30/><V9/><F111/><W94/><G79/><T61/><D61/><N who="1" m="36071" /><E83/><N who="2" m="31755" /><F11/><W110/><G10/><N who="0" m="4447" /><D19/><U133/><E130/><V72/><F72/><W44/><G8/><T116/><D116/><U80/><E80/><V104/><F104/><W77/><G77/><T89/><D76/><U54/><E54/><V75/><F75/><W112/><G110/><T53/><D106/><U17/><E17/><V134/><F134/><W31/><G31/><T131/><D131/><U70/><E70/><V43/><F49/><W33/><G50/><T97/><D1/><N who="1" m="619" /><E133/><V78/><F78/><W92/><G33/><T109/><D3/><U18/><E6/><V51/><F51/><W13/><G5/><T46/><D109/><U107/><E22/><V40/><F40/><RYUUKYOKU ba="0,0" sc="327,-15,253,15,170,15,250,-15" hai1="16,18,95,99,100,103,107" hai2="4,9,12,41,42,43,88,91,93,102" />
</Scene>
<Scene>
<INIT seed="1,1,0,4,0,81" ten="312,268,185,235" oya="1" hai0="34,135,56,50,10,27,17,88,109,22,5,63,73" hai1="101,121,36,83,97,24,12,26,95,72,2,77,70" hai2="49,119,33,9,69,13,55,117,61,39,1,59,6" hai3="46,134,0,57,86,8,35,76,28,130,105,45,78"/><U21/><E121/><V79/><F33/><W102/><G105/><T52/><D73/><U44/><E2/><V120/><F120/><W113/><G113/><T91/><D109/><U115/><E70/><V123/><F123/><W11/><G102/><T3/><D135/><U116/><E116/><V106/><F106/><W23/><G35/><T19/><D19/><U53/><E115/><V132/><F132/><W92/><G134/><T37/><D37/><U82/><E82/><V41/><F79/><N who="3" m="30251" /><G130/><T74/><D74/><U104/><E104/><V84/><F1/><W131/><G0/><T103/><D103/><U118/><E118/><V51/><F51/><W111/><G111/><T98/><D98/><U85/><E72/><V30/><F30/><W80/><G92/><T60/><D34/><U94/><E94/><V114/><F114/><W54/><G131/><T58/><D50/><N who="1" m="28871" /><E36/><V65/><REACH who="2" step="1"/><F84/><REACH who="2" ten="312,268,175,235" step="2"/><W25/><G86/><T110/><D110/><U107/><E107/><V108/><F108/><W127/><G28/><T18/><D17/><AGARI ba="1,1" hai="12,17,21,24,26,77,83,85,95,97,101" m="28871" machi="17" ten="30,2900,0" yaku="8,1,52,1" doraHai="81" who="1" fromWho="0" sc="312,-32,268,42,175,0,235,0" />
</Scene>
<Scene>
<INIT seed="1,2,0,3,3,133" ten="280,310,175,235" oya="1" hai0="67,96,74,80,48,134,119,14,105,102,131,64,56" hai1="1,11,87,113,108,57,63,12,100,45,116,95,90" hai2="55,78,3,16,84,101,52,18,98,86,21,34,118" hai3="110,126,13,53,107,29,114,36,94,50,127,35,2"/><U71/><E113/><V62/><F34/><W58/><G114/><T8/><D119/><U77/><E116/><V38/><F3/><W43/><G2/><T89/><D131/><U10/><E71/><V70/><F38/><W31/><G107/><T4/><D134/><U129/><E129/><V83/><F118/><W37/><G110/><T72/><D89/><U22/><E1/><V115/><F115/><W73/><G73/><T65/><D80/><U6/><E11/><V128/><F86/><W79/><G79/><T124/><D124/><N who="3" m="47657" /><G35/><T60/><D48/><U47/><E22/><V104/><F128/><W19/><G94/><T39/><D39/><N who="3" m="14921" /><G43/><T41/><D41/><U0/><E0/><V109/><F109/><W54/><G54/><T92/><D105/><U88/><E77/><V99/><F104/><W30/><G30/><T81/><D81/><U120/><E120/><V49/><F55/><W68/><G68/><T25/><D72/><U75/><E75/><V135/><F70/><W121/><G121/><T122/><D74/><U15/><E108/><V125/><F125/><W27/><G27/><T42/><D42/><U20/><E45/><V24/><F78/><W93/><G93/><T117/><D117/><U5/><E47/><V17/><F83/><W132/><G132/><T44/><D44/><U51/><E95/><V76/><F135/><W97/><G97/><T69/><D69/><U40/><E40/><V106/><F99/><W111/><G111/><T103/><D122/><U9/><E15/><V7/><F76/><W61/><G50/><T33/><D103/><RYUUKYOKU ba="2,0" sc="280,15,310,-15,175,-15,235,15" hai0="4,8,14,25,33,56,60,64,65,67,92,96,102" hai3="13,19,29,31,53,58,61" />
</Scene>
<Scene>
<INIT seed="2,3,0,4,3,51" ten="295,295,160,250" oya="2" hai0="34,101,98,10,115,88,75,135,84,121,50,20,106" hai1="36,74,67,91,18,129,60,110,53,105,6,85,82" hai2="126,124,109,97,116,22,58,49,39,12,119,56,120" hai3="104,46,13,79,57,32,48,102,38,11,71,113,66"/><V29/><F120/><W61/><G32/><T52/><D34/><U128/><E105/><V37/><F97/><W132/><G79/><T99/><D99/><U118/><E118/><N who="2" m="45099" /><F29/><W23/><G132/><T112/><D135/><U3/><E74/><V100/><F100/><W55/><G113/><T7/><D75/><U86/><E36/><N who="2" m="13899" /><F22/><W93/><G104/><T107/><D107/><U24/><E6/><V0/><F0/><W83/><G83/><T130/><D130/><U43/><E3/><V21/><F12/><W35/><G35/><T65/><D65/><U1/><E1/><V134/><F21/><W40/><G23/><T78/><D78/><U9/><E9/><V111/><F134/><W125/><G102/><T68/><D121/><U90/><E18/><V64/><F64/><W114/><G93/><T28/><D115/><U77/><E24/><V54/><F58/><W108/><G114/><T123/><D112/><U89/><E67/><V26/><F26/><W69/><G13/><T2/><D123/><U25/><E25/><V117/><N who="2" m="45107" /><V96/><DORA hai="4" /><F96/><W73/><G11/><T103/><D103/><U87/><E77/><V76/><F76/><W122/><G122/><T17/><D28/><U70/><E82/><V5/><F5/><W62/><G73/><T27/><D84/><U59/><E86/><V16/><F16/><W80/><G80/><T72/><D72/><U133/><E87/><V14/><F14/><W127/><G66/><T42/><D106/><U92/><E85/><V94/><F94/><W95/><G95/><T15/><D2/><RYUUKYOKU ba="3,0" sc="295,-10,295,-10,160,30,250,-10" hai2="49,54,56,109,111,124,126" />
</Scene>
<Scene>
<INIT seed="2,4,0,2,1,73" ten="285,285,190,240" oya="2" hai0="99,61,4,82,121,59,15,125,48,104,105,80,103" hai1="10,62,128,29,123,135,98,112,109,117,77,7,16" hai2="70,53,76,38,110,72,133,130,113,46,119,11,78" hai3="0,79,1,26,127,115,88,18,100,94,49,93,31"/><V47/><F72/><W96/><G127/><T66/><D121/><U8/><E112/><V3/><F119/><W34/><G115/><T106/><D125/><U37/><E37/><V65/><F113/><W86/><G18/><T55/><D4/><U111/><E117/><V132/><F130/><W45/><REACH who="3" step="1"/><G79/><REACH who="3" ten="285,285,190,230" step="2"/><N who="2" m="30249" /><F110/><W69/><G69/><T5/><D5/><U54/><E77/><V41/><F3/><W32/><G32/><T14/><D106/><U126/><E126/><V134/><F70/><W44/><G44/><T95/><D105/><U118/><E118/><V22/><F22/><W75/><G75/><T122/><D104/><U39/><E123/><V92/><F11/><W51/><G51/><T19/><D122/><U36/><E10/><V24/><F24/><W108/><G108/><T129/><D129/><U27/><E8/><V60/><F47/><W124/><G124/><T25/><D25/><U12/><E27/><V28/><F28/><W87/><G87/><T89/><D19/><U42/><E29/><V57/><F92/><W13/><G13/><T52/><D15/><U9/><E12/><V2/><F2/><W116/><G116/><T17/><D17/><U107/><E16/><V64/><AGARI ba="4,1" hai="38,41,46,53,57,60,64,65,132,133,134" m="30249" machi="64" ten="40,12000,1" yaku="20,1,52,3" doraHai="73" who="2" fromWho="2" sc="285,-44,285,-44,190,142,230,-44" />
</Scene>
<Scene>
<INIT seed="2,5,0,5,5,124" ten="241,241,332,186" oya="2" hai0="56,98,17,73,88,47,109,13,12,90,95,69,19" hai1="29,51,31,7,41,114,20,37,92,86,65,5,27" hai2="116,130,128,16,10,106,103,64,134,9,121,82,120" hai3="112,43,89,76,52,122,40,102,67,28,83,33,22"/><V45/><F116/><W132/><G122/><T105/><D69/><U70/><E37/><V104/><F64/><W32/><G67/><T131/><D73/><U96/><E114/><V78/><F45/><W48/><G102/><T59/><D105/><N who="2" m="40554" /><F103/><W35/><G112/><T125/><D47/><N who="1" m="26095" /><E70/><V11/><F16/><W0/><G0/><T126/><D95/><U71/><E71/><V44/><F44/><W118/><G118/><T26/><D98/><U72/><E72/><N who="2" m="43335" /><F134/><W3/><G3/><T97/><D97/><U74/><E74/><V77/><F77/><W99/><G132/><T91/><D91/><N who="1" m="55327" /><E65/><V53/><F53/><W127/><G89/><T62/><D26/><N who="1" m="16583" /><E86/><V93/><F93/><W18/><G99/><T15/><D15/><U85/><E85/><V68/><F68/><W25/><G28/><T100/><D100/><U30/><E30/><V117/><F117/><W63/><G76/><T119/><D119/><U50/><E50/><V129/><AGARI ba="5,0" hai="9,10,11,120,121,128,129,130" m="43335,40554" machi="129" ten="40,12000,1" yaku="19,1,52,3" doraHai="124" who="2" fromWho="2" sc="241,-45,241,-45,332,135,186,-45" />
</Scene>
<Scene>
<INIT seed="2,6,0,4,0,95" ten="196,196,467,141" oya="2" hai0="68,36,9,2,28,89,77,82,12,103,71,35,58" hai1="113,23,3,85,67,92,123,47,30,91,0,24,4" hai2="80,49,83,63,8,130,39,98,69,112,5,87,59" hai3="108,42,70,132,51,14,33,110,61,101,118,10,97"/><V75/><F39/><W96/><G118/><T120/><D89/><U19/><E113/><V66/><F112/><W119/><G119/><T52/><D2/><U34/><E123/><V73/><F130/><W1/><G33/><T38/><D38/><U84/><E67/><V133/><F133/><W11/><G132/><T57/><D57/><U90/><E47/><V111/><F111/><N who="3" m="42539" /><G1/><T7/><D36/><U29/><E29/><V104/><F49/><W62/><G70/><T50/><D120/><U6/><E3/><V79/><F69/><W86/><G86/><T107/><D28/><U16/><E19/><V78/><F87/><W127/><G127/><T17/><D17/><U18/><E18/><V121/><F121/><W56/><G101/><T22/><D22/><U125/><E125/><V45/><F45/><N who="3" m="26039" /><G62/><T25/><D25/><U32/><E32/><V21/><F21/><W93/><G93/><T115/><D35/><U100/><E100/><V117/><F117/><W44/><G44/><T48/><D48/><U94/><E0/><V74/><F74/><W109/><N who="3" m="42547" /><W41/><DORA hai="122" /><G41/><T81/><D115/><U60/><E60/><V53/><F75/><W15/><G15/><AGARI ba="6,0" hai="4,6,15,16,23,24,30,34,84,85,90,91,92,94" machi="15" ten="30,3900,0" yaku="7,1,9,1,54,1" doraHai="95,122" who="1" fromWho="3" sc="196,0,196,57,467,0,141,-57" />
</Scene>
<Scene>
<INIT seed="3,0,0,0,1,2" ten="196,253,467,84" oya="3" hai0="95,16,11,44,66,55,71,45,79,0,106,62,127" hai1="114,124,6,72,118,39,67,134,77,1,73,13,78" hai2="43,130,113,111,64,68,36,80,87,117,60,121,88" hai3="103,90,70,8,89,92,119,42,69,3,65,26,31"/><W10/><G119/><T41/><D106/><U7/><E114/><V100/><F113/><W50/><G103/><T9/><D79/><U86/><E39/><V61/><F117/><W38/><G38/><T104/><D104/><U12/><E118/><V34/><F34/><W135/><G135/><T110/><D55/><U63/><E1/><V51/><F36/><W81/><G81/><T105/><D105/><U48/><E48/><V54/><F100/><W108/><G108/><T94/><D110/><U24/><E24/><V101/><F101/><W52/><G42/><T47/><D41/><U133/><E86/><V21/><F111/><W97/><G90/><T99/><D127/><U30/><E30/><V17/><F121/><W109/><G109/><T15/><REACH who="0" step="1"/><D99/><REACH who="0" ten="186,253,467,84" step="2"/><U22/><E124/><V46/><F43/><W14/><G65/><T23/><D23/><U53/><E53/><V5/><F64/><W20/><G3/><T19/><D19/><U96/><E22/><V107/><F17/><W74/><G74/><T128/><D128/><U76/><E96/><V131/><F21/><W40/><G40/><T37/><D37/><U29/><E29/><V84/><F54/><W98/><G98/><T18/><D18/><U32/><E32/><V57/><F87/><W58/><REACH who="3" step="1"/><G8/><REACH who="3" ten="186,253,467,74" step="2"/><T102/><D102/><U125/><E125/><V27/><F80/><W112/><G112/><T59/><D59/><N who="1" m="37375" /><E72/><V93/><F57/><W116/><G116/><T126/><D126/><U82/><E73/><V25/><F88/><W115/><G115/><T123/><D123/><U35/><E82/><RYUUKYOKU ba="0,2" sc="186,15,253,-15,467,-15,74,15" hai0="0,9,11,15,16,44,45,47,62,66,71,94,95" hai3="10,14,20,26,31,50,52,58,69,70,89,92,97" />
</Scene>
<Scene>
<INIT seed="3,1,2,2,3,85" ten="201,238,452,89" oya="3" hai0="117,69,49,58,56,126,111,79,129,46,19,15,61" hai1="103,7,73,4,110,36,102,45,28,25,84,135,120" hai2="113,16,92,14,68,99,42,88,52,124,64,44,95" hai3="57,128,62,31,93,43,80,115,83,18,24,38,2"/><W72/><G115/><T65/><D117/><U47/><E73/><V77/><F113/><W119/><G119/><T118/><D118/><U26/><E120/><V122/><F122/><W50/><G38/><T87/><D129/><U133/><E110/><V60/><F77/><W78/><G2/><T39/><D111/><U109/><E109/><V23/><F124/><W123/><G123/><T125/><D39/><U5/><E84/><V94/><F52/><W63/><G128/><T9/><D79/><U81/><E81/><V54/><F54/><W1/><G1/><T130/><D130/><U33/><E26/><V101/><F101/><N who="1" m="38409" /><E36/><AGARI ba="1,2" hai="14,16,23,36,42,44,60,64,68,88,92,94,95,99" machi="36" ten="30,7700,0" yaku="7,1,52,1,54,2" doraHai="85" who="2" fromWho="1" sc="201,0,238,-80,452,100,89,0" />
</Scene>
<Scene>
<INIT seed="4,0,0,3,0,58" ten="201,158,552,89" oya="0" hai0="124,20,82,32,47,55,91,99,65,41,18,101,44" hai1="81,85,57,90,68,5,64,38,132,77,15,106,107" hai2="24,0,19,134,26,43,69,63,114,88,72,92,126" hai3="135,125,79,29,94,3,10,1,51,46,16,45,120"/><T36/><D32/><U27/><E38/><V87/><F72/><W34/><G79/><T80/><D124/><U4/><E132/><V93/><F114/><W25/><G135/><T108/><D108/><U49/><E68/><V128/><F0/><W22/><G125/><T127/><D91/><U98/><E27/><V9/><F43/><W102/><G120/><T59/><D47/><U131/><E131/><V14/><F128/><W39/><G39/><T28/><D28/><U42/><E106/><V130/><F130/><W73/><G73/><T113/><D65/><U6/><E107/><V66/><F134/><W109/><G109/><T61/><D113/><U40/><E98/><V122/><F122/><W100/><G94/><T67/><D55/><U76/><E15/><V35/><F126/><W8/><G3/><T96/><D96/><U111/><E111/><V30/><F26/><W119/><G119/><T33/><D33/><U21/><E21/><V103/><F103/><W123/><G123/><T70/><D70/><U112/><E112/><V86/><F93/><W129/><G129/><T89/><D89/><U104/><E104/><V2/><F2/><W117/><G117/><T56/><D127/><U71/><E71/><V60/><F60/><W37/><G37/><T105/><D59/><U50/><E50/><V118/><F118/><W54/><G45/><T13/><AGARI ba="0,0" hai="13,18,20,36,41,44,56,61,67,80,82,99,101,105" machi="13" ten="20,3900,0" yaku="0,1,7,1,52,1" doraHai="58" who="0" fromWho="0" sc="201,39,158,-13,552,-13,89,-13" />
</Scene>
<Scene>
<INIT seed="4,1,0,4,4,132" ten="240,145,539,76" oya="0" hai0="29,135,30,131,20,90,120,108,49,125,88,7,72" hai1="23,66,116,87,8,91,102,0,76,92,85,2,35" hai2="1,55,61,119,118,101,41,122,5,42,79,3,40" hai3="38,54,17,109,70,128,117,74,114,73,25,134,50"/><T81/><D120/><U104/><E35/><V80/><F101/><W123/><RYUUKYOKU type="yao9" ba="1,0" sc="240,0,145,0,539,0,76,0" hai3="17,25,38,50,54,70,73,74,109,114,117,123,128,134" />
</Scene>
<Scene>
<INIT seed="4,2,0,4,1,92" ten="240,145,539,76" oya="0" hai0="38,101,90,31,105,7,8,110,26,42,20,25,109" hai1="88,106,121,23,70,16,71,66,4,100,98,81,60" hai2="130,104,40,133,14,78,19,65,5,119,114,36,94" hai3="83,13,46,44,117,29,0,89,43,50,87,95,63"/><T112/><D90/><U52/><E4/><V102/><F104/><W27/><G117/><T69/><D69/><U48/><E121/><V15/><F5/><W93/><G0/><T123/><D123/><U58/><E71/><V77/><F65/><W21/><G63/><T37/><D26/><U35/><E35/><V41/><F19/><W79/><G13/><T80/><D80/><U97/><E100/><V6/><F94/><W10/><G10/><T75/><D75/><U1/><E1/><V86/><F102/><W91/><G95/><T99/><D112/><U22/><E22/><V55/><F86/><W45/><REACH who="3" step="1"/><G91/><REACH who="3" ten="240,145,539,66" step="2"/><T118/><D118/><U68/><E106/><V24/><F15/><W132/><G132/><T62/><D62/><U49/><E68/><V39/><F14/><W125/><G125/><T116/><D116/><U17/><E70/><V135/><F114/><W54/><G54/><T122/><D122/><U85/><E17/><V84/><F55/><W59/><G59/><T34/><D8/><U103/><E103/><V127/><F119/><W18/><G18/><T47/><D7/><U120/><E120/><V74/><F6/><W3/><G3/><T111/><D111/><U33/><E33/><V32/><F32/><W11/><G11/><T113/><D113/><U57/><E49/><V12/><F135/><W134/><G134/><T128/><D34/><U115/><E115/><V129/><F133/><W53/><G53/><T51/><D109/><U124/><E124/><V126/><F127/><W108/><G108/><T61/><D110/><U28/><E16/><RYUUKYOKU ba="2,1" sc="240,-15,145,15,539,-15,66,15" hai1="23,28,48,52,57,58,60,66,81,85,88,97,98" hai3="21,27,29,43,44,45,46,50,79,83,87,89,93" />
</Scene>
<Scene>
<INIT seed="5,3,1,1,0,102" ten="225,160,524,81" oya="1" hai0="8,114,103,98,25,3,118,48,12,97,18,64,124" hai1="6,107,49,43,70,113,0,20,47,34,41,1,42" hai2="51,4,15,82,78,79,133,32,71,31,60,90,52" hai3="17,24,58,66,39,22,37,30,122,123,36,59,7"/><U67/><E34/><V40/><F133/><W93/><G7/><T9/><D118/><U106/><E20/><V105/><F105/><N who="1" m="39945" /><E6/><V99/><F40/><W77/><G77/><T56/><D25/><U68/><E67/><V13/><F71/><N who="1" m="27177" /><E47/><V44/><F32/><W53/><G66/><T76/><D76/><N who="2" m="29226" /><F31/><W125/><G93/><T132/><D132/><U5/><E5/><V120/><F120/><W87/><G87/><T84/><D84/><U96/><E49/><V19/><F4/><W62/><G122/><T80/><D64/><U27/><E27/><V130/><F60/><W54/><G123/><T86/><D86/><U94/><E94/><N who="2" m="56791" /><F130/><W26/><G26/><T75/><D48/><U135/><E96/><V110/><F13/><W81/><G30/><T134/><D12/><U126/><E135/><V109/><F82/><W104/><G81/><T117/><D134/><U55/><E55/><V116/><F52/><W50/><REACH who="3" step="1"/><G104/><REACH who="3" ten="225,160,524,71" step="2"/><N who="0" m="63599" /><D80/><U129/><E129/><V21/><F51/><W63/><G63/><T38/><D98/><U88/><E88/><V2/><F21/><W35/><G35/><T92/><D92/><U128/><E128/><V91/><F44/><W69/><G69/><T127/><D9/><U101/><E101/><V23/><F91/><W11/><G11/><T115/><D8/><U29/><E29/><V61/><F61/><W10/><G10/><T14/><D14/><U83/><E83/><V57/><F15/><W73/><G73/><T111/><D75/><U89/><E89/><V74/><F23/><W108/><G108/><T45/><D111/><RYUUKYOKU ba="3,2" sc="225,-10,160,-10,524,-10,71,30" hai3="17,22,24,36,37,39,50,53,54,58,59,62,125" />
</Scene>
<Scene>
<INIT seed="6,4,2,3,5,79" ten="215,150,514,101" oya="2" hai0="100,110,116,72,80,46,126,28,29,109,104,0,9" hai1="64,52,87,122,134,56,76,55,84,89,20,121,88" hai2="131,37,3,117,63,10,115,59,26,40,83,108,27" hai3="16,36,101,99,12,92,68,58,51,18,106,30,5"/><V120/><F117/><W74/><G36/><T128/><D28/><U24/><E76/><V71/><F120/><N who="1" m="46185" /><E134/><V112/><F108/><W93/><G68/><T32/><D126/><U11/><E11/><V6/><F71/><W123/><G123/><T130/><D46/><U107/><E107/><V35/><F40/><W111/><G111/><T8/><D8/><U33/><E33/><V133/><F37/><W75/><G30/><T44/><D44/><U81/><E64/><V85/><F133/><W73/><G5/><T53/><D53/><N who="1" m="20555" /><E56/><V14/><F3/><W22/><G58/><T41/><D41/><U25/><E20/><V124/><F124/><W2/><G2/><T23/><D23/><U69/><E69/><V127/><F127/><W48/><REACH who="3" step="1"/><G18/><REACH who="3" ten="215,150,514,91" step="2"/><T1/><D1/><U95/><AGARI ba="4,3" hai="24,25,81,84,87,88,89,95" m="20555,46185" machi="95" ten="30,7900,0" yaku="13,1,52,1,54,2" doraHai="79" who="1" fromWho="1" sc="215,-24,150,121,514,-43,91,-24" />
</Scene>
<Scene>
<INIT seed="7,0,0,5,3,35" ten="191,271,471,67" oya="3" hai0="98,13,115,71,126,79,43,86,17,39,127,109,11" hai1="103,20,125,32,85,134,74,21,82,57,91,12,105" hai2="33,42,50,69,101,81,26,18,44,59,100,132,80" hai3="77,52,90,117,95,130,37,45,56,72,27,63,22"/><W92/><G117/><T104/><D71/><U83/><E32/><V119/><F69/><W61/><G130/><T49/><D39/><U15/><E125/><N who="0" m="47625" /><D109/><U120/><E134/><V28/><F132/><W51/><G72/><T116/><D115/><U2/><E2/><V65/><F18/><W10/><G77/><T113/><D113/><U131/><E131/><V88/><F81/><W31/><G10/><T54/><D43/><U73/><E120/><V99/><F65/><W19/><G37/><T25/><D25/><U135/><E135/><V97/><F59/><W60/><G31/><T48/><D54/><U38/><E38/><V55/><F55/><W30/><G30/><T5/><D17/><U75/><E57/><V112/><F119/><W110/><G110/><T53/><D53/><U41/><E41/><V78/><F112/><W67/><REACH who="3" step="1"/><G95/><REACH who="3" ten="191,271,471,57" step="2"/><T84/><D116/><U47/><E74/><V89/><F28/><W8/><G8/><T34/><D34/><U14/><E75/><V114/><F33/><W6/><G6/><T0/><D79/><U24/><E73/><V128/><F78/><W124/><G124/><T66/><D11/><U106/><E21/><V36/><F114/><W9/><G9/><T118/><D5/><U133/><E133/><V23/><F128/><W121/><G121/><T108/><D118/><U58/><E20/><V29/><F36/><W129/><G129/><T96/><D108/><U40/><E105/><V4/><F4/><W64/><G64/><T62/><D66/><U111/><E106/><N who="2" m="63759" /><F23/><W68/><G68/><T76/><D104/><RYUUKYOKU ba="0,1" sc="191,-10,271,-10,471,-10,57,30" hai3="19,22,27,45,51,52,56,60,61,63,67,90,92" />
</Scene>
<Scene>
<INIT seed="7,1,1,1,3,120" ten="181,261,461,87" oya="3" hai0="129,60,126,41,135,5,2,53,59,78,111,27,62" hai1="122,11,50,98,33,119,52,100,88,44,101,0,29" hai2="75,130,95,10,8,57,19,102,92,90,106,21,123" hai3="28,16,6,114,110,54,89,80,17,1,124,86,40"/><W128/><G28/><T77/><D5/><U13/><E122/><V31/><F75/><W118/><G118/><T38/><D2/><U35/><E0/><V82/><F106/><W45/><G114/><T104/><D104/><U32/><E119/><V15/><F130/><W26/><G128/><T91/><D27/><U14/><E14/><V71/><F71/><W113/><G113/><T72/><D91/><U43/><E43/><V103/><F31/><W87/><G124/><T49/><D78/><U117/><E117/><V99/><F82/><W105/><G105/><T36/><D77/><U83/><E29/><V9/><F123/><W42/><G1/><T69/><D72/><U55/><E55/><V133/><F133/><W74/><G74/><T73/><D73/><U18/><E98/><N who="2" m="57623" /><F57/><W63/><G6/><T97/><D97/><U58/><E58/><V37/><F37/><N who="0" m="14442" /><D53/><U51/><E51/><V4/><F103/><W67/><G87/><AGARI ba="1,1" hai="11,13,18,32,33,35,44,50,52,83,87,88,100,101" machi="87" ten="40,8000,1" yaku="25,2,54,2" doraHai="120" who="1" fromWho="3" sc="181,0,261,93,461,0,87,-83" owari="181,-22.0,354,15.0,461,57.0,4,-50.0" />
</Scene>
</mjloggm>