<mjloggm ver="2.3"><GO type="41"/><UN n0="%E5%A4%AA%E3%81%8F%E3%81%AA%E3%81%84%E3%81%8A" n1="%E3%82%AC%E3%83%8B%E3%83%A1%E3%83%87" n2="%E3%81%A6%E3%82%93%E3%81%93%E3%81%A6%E3%82%93%E3%81%93" n3="%E4%BC%BC%E9%9D%9E%E9%81%93%E5%8C%96" dan="13,13,13,15" rate="1944,1852,1846,2058" sx="M,M,M,M"/><TAIKYOKU oya="0"/>

<Scene>
<INIT seed="0,0,0,3,4,101" ten="250,250,250,250" oya="0" hai0="121,5,26,4,32,31,127,71,72,119,56,107,105" hai1="20,131,48,80,34,129,118,73,12,104,7,108,45" hai2="62,132,86,57,110,27,94,84,100,114,112,124,24" hai3="103,28,69,70,9,61,133,51,30,14,3,126,21"/><T66/><D121/><U52/><E108/><V8/><F110/><W59/><G3/><T76/><D119/><U11/><E118/><V75/><F75/><W39/><G39/><T81/><D127/><U87/><E34/><V44/><F44/><W6/><G126/><T49/><D71/><U85/><E73/><V2/><F124/><W134/><G103/><T53/><REACH who="0" step="1"/><D66/><REACH who="0" ten="240,250,250,250" step="2"/><U55/><E129/><V54/><F114/><W16/><G70/><T95/><D95/><U10/><E131/><V109/><F109/><W33/><G69/><T91/><D91/><U64/><E104/><AGARI ba="0,1" hai="4,5,26,31,32,49,53,56,72,76,81,104,105,107" machi="104" ten="40,12000,1" yaku="1,1,52,3,53,0" doraHai="101" doraHaiUra="89" who="0" fromWho="1" sc="240,130,250,-120,250,0,250,0" />
</Scene>
<Scene>
<INIT seed="0,1,0,0,4,36" ten="370,130,250,250" oya="0" hai0="51,0,113,21,2,93,92,1,88,29,115,7,133" hai1="22,126,83,69,59,108,12,32,103,14,31,61,33" hai2="90,74,84,53,131,109,81,70,78,37,5,4,16" hai3="49,50,111,125,110,43,107,13,71,35,41,114,98"/><T122/><D122/><U91/><E108/><N who="3" m="41514" /><G35/><T58/><D133/><U28/><E126/><V101/><F109/><W15/><G71/><T25/><D7/><U97/><E103/><V17/><F70/><W40/><G125/><T30/><D30/><U10/><E69/><V135/><F37/><W57/><G114/><T52/><REACH who="0" step="1"/><D93/><REACH who="0" ten="360,130,250,250" step="2"/><U64/><E31/><V18/><F135/><W3/><G3/><T99/><AGARI ba="1,1" hai="0,1,2,21,25,29,51,52,58,88,92,99,113,115" machi="99" ten="30,12000,1" yaku="1,1,2,1,0,1,54,2,53,0" doraHai="36" doraHaiUra="129" who="0" fromWho="0" sc="360,133,130,-41,250,-41,250,-41" />
</Scene>
<Scene>
<INIT seed="0,2,0,1,4,20" ten="493,89,209,209" oya="0" hai0="68,90,44,126,99,133,102,51,101,100,92,21,34" hai1="7,81,23,48,45,95,89,134,49,135,56,104,105" hai2="17,77,107,70,27,79,14,55,9,29,69,30,63" hai3="93,22,98,1,64,86,10,76,53,8,25,127,33"/><T16/><D68/><U60/><E7/><V50/><F107/><W111/><G33/><T113/><D113/><U18/><E81/><V57/><F69/><W88/><G127/><T15/><D126/><U39/><E39/><V47/><F70/><W65/><G53/><T0/><D0/><U62/><E45/><V122/><F30/><W3/><G3/><T66/><D133/><N who="1" m="50699" /><E104/><V78/><F122/><W13/><G1/><T59/><D34/><U82/><E82/><V74/><F74/><W125/><G125/><T129/><D129/><U67/><E62/><V116/><F116/><W24/><G22/><T54/><REACH who="0" step="1"/><D66/><REACH who="0" ten="483,89,209,209" step="2"/><N who="3" m="25705" /><G111/><T12/><D12/><N who="1" m="9671" /><E105/><V43/><REACH who="2" step="1"/><F79/><REACH who="2" ten="483,89,199,209" step="2"/><W117/><G117/><T119/><D119/><U103/><E103/><V80/><F80/><N who="3" m="47367" /><G13/><T31/><D31/><U123/><E123/><V72/><F72/><W83/><G83/><T112/><D112/><U132/><E132/><V42/><F42/><W109/><G109/><T131/><D131/><U118/><E118/><V11/><F11/><AGARI ba="2,2" hai="8,10,11,24,25,88,93,98" m="47367,25705" machi="11" ten="30,7700,0" yaku="8,1,52,2,54,1" doraHai="20" who="3" fromWho="2" sc="483,0,89,0,199,-83,209,103" />
</Scene>
<Scene>
<INIT seed="1,0,0,1,2,18" ten="483,89,116,312" oya="1" hai0="33,94,10,43,25,129,54,67,118,124,74,24,103" hai1="116,115,96,45,16,19,85,32,56,15,82,114,59" hai2="57,63,42,13,7,29,89,14,108,121,76,104,11" hai3="132,17,101,122,53,36,100,60,97,88,102,73,12"/><U52/><E32/><V134/><F104/><W50/><G73/><T91/><D118/><U105/><E116/><V58/><F121/><W26/><G36/><T46/><D74/><U83/><E105/><V31/><F134/><W135/><G122/><T6/><D124/><U119/><E119/><V1/><F108/><W112/><G112/><T128/><D67/><U69/><E69/><V34/><F76/><W51/><G135/><T27/><D54/><U131/><E131/><N who="0" m="50249" /><D103/><U133/><E133/><V107/><F107/><W55/><G26/><T109/><D109/><U106/><E106/><V9/><F42/><W123/><G123/><T44/><D33/><U84/><E96/><V40/><F40/><W110/><G110/><T127/><D127/><U2/><E2/><V130/><F34/><W0/><G0/><N who="0" m="327" /><D43/><U77/><E114/><V30/><F130/><W28/><G28/><T78/><D78/><U68/><E68/><V20/><F1/><W37/><G37/><T8/><D8/><U62/><E115/><V3/><F3/><W87/><G132/><T61/><D61/><U95/><E95/><V64/><F64/><W5/><G60/><T111/><D111/><U81/><E45/><V22/><F63/><W48/><G101/><T120/><D120/><U23/><E59/><N who="2" m="22539" /><F89/><W75/><G102/><T92/><D92/><U125/><E125/><V71/><F71/><W66/><G100/><T49/><D49/><U126/><E126/><V39/><F39/><W70/><G66/><T38/><D38/><U47/><E47/><V99/><F99/><AGARI ba="0,0" hai="24,25,27,44,46,91,94,99" m="327,50249" machi="99" ten="30,1000,0" yaku="19,1" doraHai="18" who="0" fromWho="2" sc="483,10,89,0,116,-10,312,0" />
</Scene>
<Scene>
<INIT seed="2,0,0,2,0,7" ten="493,89,106,312" oya="2" hai0="45,116,46,74,83,84,19,108,104,117,26,112,131" hai1="135,69,44,110,130,13,132,127,125,62,85,124,75" hai2="99,27,90,36,65,77,82,54,29,87,134,63,32" hai3="56,120,105,40,123,18,24,101,86,52,100,57,20"/><V106/><F36/><W122/><G105/><T33/><D112/><U11/><E75/><V119/><F119/><N who="0" m="45642" /><D108/><U0/><E110/><V93/><F134/><N who="1" m="51241" /><E0/><V1/><F1/><W15/><G40/><T17/><D131/><U55/><E69/><V103/><F54/><W4/><G57/><T6/><D104/><U79/><E79/><V71/><F93/><W3/><G3/><T23/><D6/><U9/><E13/><V70/><REACH who="2" step="1"/><F71/><REACH who="2" ten="493,89,96,312" step="2"/><W89/><G122/><T76/><D33/><U133/><E133/><V102/><F102/><W53/><G123/><T92/><D92/><U42/><E85/><V35/><F35/><W34/><G53/><T14/><D84/><U2/><E2/><V73/><F73/><W37/><G37/><T129/><D129/><U114/><E114/><V8/><F8/><AGARI ba="0,1" hai="8,14,17,19,23,26,45,46,74,76,83" m="45642" machi="8" ten="30,2000,0" yaku="12,1,52,1" doraHai="7" who="0" fromWho="2" sc="493,30,89,0,96,-20,312,0" />
</Scene>
<Scene>
<INIT seed="3,0,0,0,5,78" ten="523,89,76,312" oya="3" hai0="18,10,88,86,20,55,71,3,130,37,34,19,122" hai1="57,127,61,42,11,27,80,91,43,66,35,126,58" hai2="87,115,81,16,108,123,92,53,47,119,65,106,40" hai3="31,77,112,28,7,23,50,44,73,133,90,82,125"/><W132/><G112/><T56/><D122/><U60/><E11/><V45/><F119/><W15/><G125/><N who="1" m="47626" /><E27/><V69/><F108/><W128/><G128/><T2/><D34/><U117/><E35/><V68/><F115/><W134/><G90/><T111/><D37/><U30/><E30/><V33/><F33/><W96/><G96/><T49/><D71/><U46/><E46/><V97/><F106/><W79/><G79/><T113/><D113/><U22/><E22/><V95/><F95/><W5/><G23/><T21/><D111/><U103/><E103/><V72/><F72/><W75/><G75/><T17/><D130/><U41/><E117/><V135/><F135/><W6/><REACH who="3" step="1"/><G15/><REACH who="3" ten="523,89,76,302" step="2"/><N who="0" m="7415" /><D2/><U109/><E91/><V62/><F123/><W93/><G93/><N who="0" m="54423" /><D3/><U48/><E109/><V25/><F25/><W70/><G70/><T104/><D104/><U67/><E80/><V83/><F69/><W9/><G9/><T38/><D21/><U98/><E98/><V54/><F81/><W51/><G51/><T84/><D20/><U4/><E48/><V29/><F83/><W107/><G107/><T110/><D110/><U13/><E13/><V52/><F87/><W74/><G74/><T8/><D8/><U0/><E0/><V116/><F116/><W32/><G32/><T124/><D124/><U59/><E4/><V76/><F76/><W105/><G105/><T131/><D131/><U36/><E36/><V102/><F29/><W99/><G99/><T120/><D120/><U39/><E39/><N who="2" m="21663" /><F47/><W1/><G1/><T26/><D38/><U85/><E85/><RYUUKYOKU ba="0,1" sc="523,-30,89,10,76,10,302,10" hai1="41,42,43,57,58,59,60,61,66,67" hai2="16,52,53,54,62,65,68,92,97,102" hai3="5,6,7,28,31,44,50,73,77,82,132,133,134" />
</Scene>
<Scene>
<INIT seed="3,1,1,0,5,112" ten="493,99,86,312" oya="3" hai0="53,2,69,16,28,91,118,120,81,119,48,41,130" hai1="13,52,45,82,59,68,61,65,64,56,121,72,127" hai2="62,27,106,75,98,105,133,97,60,134,103,24,30" hai3="19,126,83,96,122,33,34,73,117,78,50,42,20"/><W15/><G122/><T51/><D120/><U39/><E72/><V124/><F75/><W132/><G126/><T131/><D2/><U6/><E121/><V10/><F10/><W107/><G132/><T8/><D69/><U101/><E101/><V114/><F114/><W113/><G113/><T70/><D70/><U123/><E123/><V109/><F109/><W87/><G73/><T108/><D108/><U80/><E127/><V43/><F43/><W18/><G117/><N who="0" m="44555" /><D28/><U88/><E39/><V25/><F124/><W129/><G129/><N who="0" m="49163" /><D41/><U11/><E65/><V102/><F30/><W54/><G42/><T17/><D8/><U67/><E67/><V104/><F103/><W36/><G36/><T32/><D32/><U58/><E68/><V21/><F102/><W26/><G107/><T37/><D37/><U94/><E45/><V135/><REACH who="2" step="1"/><F21/><REACH who="2" ten="493,99,76,312" step="2"/><W4/><G34/><T55/><D17/><U76/><E76/><V89/><F89/><W57/><G33/><T71/><D16/><U46/><E46/><V3/><F3/><W115/><G115/><T128/><D128/><U1/><E1/><V85/><F85/><W0/><G0/><T111/><D111/><U29/><E29/><V63/><AGARI ba="1,2" hai="24,25,27,60,62,63,97,98,104,105,106,133,134,135" machi="63" ten="50,32000,5" yakuman="40" doraHai="112" doraHaiUra="79" who="2" fromWho="2" sc="493,-81,99,-81,76,343,312,-161" />
</Scene>
<Scene>
<INIT seed="4,0,0,0,5,17" ten="412,18,419,151" oya="0" hai0="51,61,109,120,10,55,9,94,71,135,28,29,77" hai1="56,19,89,74,7,132,47,98,64,13,35,4,43" hai2="81,105,53,68,14,126,16,102,76,115,34,24,122" hai3="70,134,118,99,93,87,32,41,113,79,31,33,108"/><T107/><D107/><U12/><E35/><V20/><F122/><W97/><G70/><T66/><D120/><U57/><E74/><V26/><F68/><W96/><G118/><T30/><D135/><U15/><E132/><V117/><F117/><W78/><G134/><T82/><D94/><U72/><E72/><V6/><F34/><W129/><G41/><T52/><D109/><U119/><E119/><V37/><F37/><W125/><G31/><T67/><D67/><U44/><E64/><V2/><F2/><W22/><G113/><T85/><REACH who="0" step="1"/><D55/><REACH who="0" ten="402,18,419,151" step="2"/><U123/><E43/><V60/><F53/><W39/><G108/><T58/><AGARI ba="0,1" hai="9,10,28,29,30,51,52,58,61,66,71,77,82,85" machi="58" ten="30,11700,0" yaku="1,1,2,1,0,1,54,1,53,0" doraHai="17" doraHaiUra="116" who="0" fromWho="0" sc="402,127,18,-39,419,-39,151,-39" owari="529,63.0,-21,-52.0,380,18.0,112,-29.0" />
</Scene>
</mjloggm>