<mjloggm ver="2.3"><GO type="97"/><UN n0="%E5%A4%AA%E3%81%8F%E3%81%AA%E3%81%84%E3%81%8A" n1="%E3%81%9A%E3%81%AB" n2="%E3%82%8B%E3%82%93%28%70%61%66%65%29" n3="%E9%8A%80%E7%8B%BC" dan="14,14,14,14" rate="2049,1885,1873,1975" sx="M,M,M,M"/><TAIKYOKU oya="0"/>

<Scene>
<INIT seed="0,0,0,5,2,89" ten="250,250,250,250" oya="0" hai0="68,33,48,103,118,53,11,90,86,45,25,111,67" hai1="135,42,3,98,106,9,1,75,104,54,60,108,120" hai2="55,59,134,20,58,107,132,5,71,92,93,114,29" hai3="10,39,40,81,27,78,2,41,57,13,35,37,110"/><T14/><D118/><U34/><E54/><V129/><F107/><W49/><G110/><T44/><D111/><U123/><E60/><V62/><F71/><W21/><G35/><T7/><D103/><U66/><E108/><V4/><F114/><W63/><G2/><T12/><D68/><U64/><E42/><V88/><F129/><W122/><G122/><T121/><D121/><N who="1" m="46667" /><E98/><V46/><F46/><W131/><G131/><T124/><D124/><U119/><E9/><V112/><F112/><W130/><G130/><T113/><D113/><U15/><E15/><V26/><F59/><W96/><G96/><T99/><D67/><N who="1" m="25643" /><E75/><V23/><F23/><W76/><G39/><T127/><D127/><U85/><E85/><V36/><F36/><W83/><G37/><T19/><D99/><U73/><E73/><V80/><F134/><W117/><G117/><T79/><D79/><N who="3" m="30249" /><G40/><T101/><D101/><U32/><E119/><V82/><F132/><W24/><G41/><T77/><D77/><U38/><E38/><V61/><F61/><W133/><G133/><T52/><D33/><N who="1" m="12907" /><E135/><V94/><F82/><N who="3" m="31243" /><G63/><T50/><D25/><N who="3" m="9801" /><G13/><T74/><D74/><U102/><E102/><V70/><F70/><W125/><G10/><T115/><D115/><U109/><E109/><V43/><F43/><W0/><G125/><T17/><D14/><U47/><E47/><V16/><F29/><W69/><G69/><T84/><D84/><AGARI ba="0,0" hai="4,5,16,20,26,55,58,62,80,84,88,92,93,94" machi="84" ten="40,12000,2" yaku="8,1,52,3,54,2" doraHai="89" who="2" fromWho="0" sc="250,-120,250,0,250,120,250,0" />
</Scene>
<Scene>
<INIT seed="1,0,0,0,1,0" ten="130,250,370,250" oya="1" hai0="48,59,26,116,65,12,134,107,53,37,22,39,47" hai1="4,77,27,23,54,73,28,17,94,118,64,16,76" hai2="9,82,115,58,33,78,62,112,7,42,45,108,36" hai3="100,79,135,126,6,52,119,44,127,63,95,96,111"/><U85/><E73/><V50/><F33/><W25/><G119/><T122/><D116/><U88/><E118/><V90/><F90/><W49/><G63/><T43/><D134/><U61/><E64/><V51/><F108/><W104/><G135/><T102/><D122/><U3/><E3/><V60/><F60/><W24/><G111/><T124/><D124/><N who="3" m="47657" /><G79/><N who="1" m="30282" /><E4/><V57/><F115/><W125/><N who="3" m="47665" /><W80/><DORA hai="131" /><G80/><T40/><D65/><U72/><E72/><V128/><F128/><W120/><G120/><T129/><D129/><U114/><E114/><V69/><F69/><W41/><G41/><T21/><D12/><U11/><E11/><V97/><F112/><W71/><G71/><T91/><D91/><U35/><E35/><V121/><F121/><W38/><G38/><T99/><REACH who="0" step="1"/><D26/><REACH who="0" ten="120,250,370,250" step="2"/><N who="3" m="10345" /><G104/><T68/><D68/><U14/><E14/><V18/><F36/><W98/><G98/><T66/><D66/><U55/><E61/><V132/><F62/><W1/><G1/><T10/><D10/><U84/><E84/><V56/><F132/><W87/><G87/><T123/><D123/><U101/><E101/><V8/><F97/><W15/><G15/><T103/><D103/><U81/><E81/><V92/><F82/><W2/><G2/><T75/><D75/><U109/><E109/><V86/><F78/><W46/><G46/><AGARI ba="0,1" hai="21,22,37,39,40,43,46,47,48,53,59,99,102,107" machi="46" ten="40,2600,0" yaku="1,1,9,1,53,0" doraHai="0,131" doraHaiUra="32,20" who="0" fromWho="3" sc="120,36,250,0,370,0,250,-26" />
</Scene>
<Scene>
<INIT seed="2,0,0,1,5,30" ten="156,250,370,224" oya="2" hai0="134,22,37,83,66,87,108,17,6,41,55,123,117" hai1="98,35,118,97,90,80,113,45,28,92,65,107,7" hai2="52,48,77,60,105,114,85,50,69,133,25,62,106" hai3="129,42,84,53,36,82,57,29,126,54,79,13,39"/><V47/><F114/><W71/><G71/><T104/><D123/><U103/><E113/><V40/><F133/><W102/><G102/><T96/><D134/><U19/><E118/><V27/><F77/><W56/><G126/><T122/><D122/><U1/><E1/><V94/><F105/><W86/><G86/><T135/><D135/><U34/><E7/><V64/><F106/><W61/><G129/><T73/><D117/><U109/><E109/><V31/><F62/><W21/><G42/><T44/><D108/><U63/><E45/><V110/><F110/><W14/><G39/><T124/><D124/><U67/><E80/><V115/><F115/><W5/><G36/><T11/><D66/><U119/><E119/><V93/><F85/><W131/><G131/><T127/><D127/><U9/><E28/><V4/><F4/><W130/><G130/><T2/><D55/><U58/><REACH who="1" step="1"/><E67/><REACH who="1" ten="156,240,370,224" step="2"/><V74/><F74/><W81/><G82/><T76/><D87/><U20/><E20/><V100/><F31/><W32/><G5/><T43/><D43/><U101/><E101/><V8/><F100/><W68/><G21/><T0/><D0/><U128/><E128/><V112/><F112/><W132/><G132/><T10/><D10/><U24/><E24/><V15/><F27/><W18/><G18/><T33/><D96/><U120/><E120/><V26/><F26/><W99/><G81/><T116/><D116/><U51/><E51/><V75/><F25/><W95/><G29/><T125/><D125/><U3/><E3/><V38/><F75/><W49/><G49/><RYUUKYOKU ba="0,1" sc="156,-10,240,30,370,-10,224,-10" hai1="9,19,34,35,58,63,65,90,92,97,98,103,107" />
</Scene>
<Scene>
<INIT seed="3,1,1,5,2,87" ten="146,270,360,214" oya="3" hai0="46,57,135,116,30,23,0,78,102,90,19,131,103" hai1="113,1,109,84,32,47,7,63,92,98,34,45,12" hai2="130,29,65,15,91,86,70,128,43,20,25,72,114" hai3="134,60,127,38,64,119,21,22,111,80,31,68,3"/><W89/><G119/><T8/><D116/><U2/><E113/><V97/><F114/><W4/><G38/><T95/><D131/><U67/><E109/><V44/><F72/><W69/><G69/><T74/><D135/><U106/><E32/><V94/><F15/><W24/><G134/><T115/><D115/><U6/><E34/><V11/><F11/><W39/><G39/><T40/><D57/><N who="1" m="37359" /><E106/><V54/><F54/><W85/><G111/><T104/><D104/><U117/><E117/><V14/><F14/><W35/><G127/><T105/><D105/><U56/><E2/><V51/><F65/><W76/><G76/><T36/><D30/><U55/><E84/><V99/><F70/><W42/><REACH who="3" step="1"/><G42/><REACH who="3" ten="146,270,360,204" step="2"/><T124/><D124/><U28/><E1/><V112/><F112/><W33/><G33/><T79/><D79/><U118/><E118/><V132/><F132/><W129/><G129/><AGARI ba="1,2" hai="20,25,29,43,44,51,86,91,94,97,99,128,129,130" machi="129" ten="40,2600,0" yaku="19,1,52,1" doraHai="87" who="2" fromWho="3" sc="146,0,270,0,360,49,204,-29" owari="146,-35.0,270,7.0,409,50.0,175,-22.0" />
</Scene>
</mjloggm>