<mjloggm ver="2.3"><GO type="193"/><UN n0="%E3%83%A9%E3%83%B3%E3%83%81" n1="%E9%AD%85" n2="%73%66%68%6E%36%30" n3="%E5%A4%AA%E3%81%8F%E3%81%AA%E3%81%84%E3%81%8A" dan="12,11,12,6" rate="1666,1471,1757,1656" sx="M,M,M,M"/><TAIKYOKU oya="0"/>

<Scene>
<INIT seed="0,0,0,3,1,127" ten="250,250,250,250" oya="0" hai0="102,25,17,101,122,57,103,28,135,29,100,64,55" hai1="16,105,87,40,67,49,99,6,77,104,108,60,52" hai2="69,45,47,61,91,23,76,134,35,44,9,106,14" hai3="85,86,121,42,22,0,46,118,129,51,63,97,131"/><T75/><D122/><U71/><E108/><V78/><F106/><W133/><G0/><T126/><D126/><U36/><E6/><V132/><F35/><W33/><G33/><T37/><D37/><U38/><E99/><V93/><F23/><W8/><G121/><T74/><D135/><N who="2" m="51754" /><F61/><W96/><G133/><T10/><D64/><U43/><E87/><N who="3" m="33290" /><G118/><T130/><N who="0" m="26112" /><DORA hai="92" /><T125/><D125/><U70/><E77/><N who="2" m="29803" /><F69/><W88/><G8/><T7/><D130/><N who="3" m="49673" /><G88/><T19/><D29/><U3/><E104/><V119/><F119/><W115/><G115/><T83/><D75/><U82/><E105/><V112/><F112/><W21/><G63/><T26/><D26/><U95/><E71/><V65/><F65/><W54/><G42/><T41/><D41/><U89/><E38/><V81/><F81/><W53/><G53/><T120/><D120/><U50/><E36/><V84/><F47/><W116/><G116/><T20/><D74/><U113/><E40/><V15/><F15/><W128/><N who="3" m="49681" /><W68/><DORA hai="34" /><G68/><T117/><D83/><U111/><E43/><V72/><F72/><W80/><G80/><T114/><D114/><U32/><E82/><V62/><F62/><W27/><G21/><T11/><D117/><U56/><E70/><V48/><F48/><W39/><G39/><T59/><D59/><U24/><E67/><V123/><F123/><W18/><AGARI ba="0,0" hai="18,22,27,46,51,54,96,97" m="49681,33290" machi="18" ten="40,12000,2" yaku="19,1,52,6" doraHai="127,92,34" who="3" fromWho="3" sc="250,-60,250,-30,250,-30,250,120" />
</Scene>
<Scene>
<INIT seed="1,0,0,2,2,96" ten="190,220,220,370" oya="1" hai0="13,33,103,135,52,51,76,75,4,62,80,56,126" hai1="127,104,87,72,61,100,93,18,65,44,91,115,101" hai2="60,23,38,27,134,2,47,95,68,117,40,118,36" hai3="58,54,39,125,109,11,110,128,124,53,111,29,57"/><U81/><E115/><V1/><F68/><W67/><G39/><T15/><D126/><N who="3" m="48745" /><G29/><T6/><D135/><U66/><E18/><V122/><F122/><W114/><G114/><T42/><D33/><U45/><E65/><V63/><F95/><W30/><G30/><T17/><D15/><U24/><E24/><V113/><F113/><W5/><G128/><T34/><D34/><U74/><E127/><V12/><F12/><N who="3" m="5231" /><G67/><T107/><D42/><U31/><E31/><V90/><F90/><W78/><G78/><T0/><D0/><U49/><E74/><V10/><F10/><W37/><G37/><N who="2" m="14441" /><F47/><W132/><G132/><T89/><D62/><N who="2" m="23594" /><F40/><W73/><G73/><T121/><D121/><U26/><E45/><V82/><F134/><W105/><G105/><T85/><D17/><U131/><E72/><V41/><F41/><W92/><G92/><T84/><D13/><U9/><E9/><V70/><F70/><W130/><G130/><T112/><D112/><U28/><E131/><V46/><F46/><W20/><G20/><T43/><D43/><U129/><E104/><V71/><F71/><W99/><G99/><N who="0" m="61951" /><D75/><U83/><E129/><V108/><F82/><W79/><G79/><T77/><D77/><U7/><E83/><V98/><F98/><W133/><G133/><T123/><D123/><U3/><E81/><V59/><F27/><W22/><G22/><T16/><D76/><U35/><E26/><V50/><F23/><W25/><G25/><T48/><D80/><U106/><E106/><V97/><F97/><W94/><G94/><T21/><D89/><RYUUKYOKU ba="0,0" sc="190,-10,220,-10,220,-10,370,30" hai3="53,54,57,58,109,110,111" />
</Scene>
<Scene>
<INIT seed="2,1,0,0,5,66" ten="180,210,210,400" oya="2" hai0="44,46,43,87,4,110,69,65,60,117,89,48,94" hai1="107,101,56,41,55,32,40,126,91,52,19,128,108" hai2="98,12,28,15,14,38,61,51,16,13,8,109,34" hai3="22,25,71,24,127,37,42,135,9,93,23,70,120"/><V119/><F38/><W83/><G120/><T104/><D117/><U131/><E32/><V73/><F73/><W5/><G127/><T113/><D110/><U81/><E108/><V26/><F109/><W80/><G135/><T36/><D113/><U54/><E126/><V1/><F61/><W58/><G93/><T76/><D104/><U118/><E19/><V116/><F98/><W35/><G35/><T62/><D76/><U49/><E118/><N who="2" m="45099" /><F51/><W88/><G58/><T0/><D60/><U129/><E107/><V21/><F15/><W6/><G42/><T27/><D27/><U97/><E101/><V30/><F30/><W77/><G37/><T79/><D79/><U59/><E97/><V99/><F99/><W106/><G106/><T3/><D4/><AGARI ba="1,0" hai="1,4,8,12,13,14,16,21,26,28,34" m="45099" machi="4" ten="30,11600,0" yaku="24,1,34,2,54,1" doraHai="66" who="2" fromWho="0" sc="180,-119,210,0,210,119,400,0" />
</Scene>
<Scene>
<INIT seed="2,2,0,0,3,52" ten="61,210,329,400" oya="2" hai0="122,22,30,121,73,42,29,51,111,14,56,83,53" hai1="74,45,82,41,17,32,115,75,20,131,37,113,25" hai2="12,50,47,93,28,57,76,1,98,92,23,62,132" hai3="55,3,119,49,18,34,78,102,97,68,58,4,60"/><V38/><F1/><W71/><G119/><T130/><D111/><U7/><E7/><V129/><F129/><W54/><G34/><T9/><D130/><U126/><E126/><V39/><F132/><W100/><G78/><T64/><D73/><U128/><E82/><V67/><F76/><W110/><G110/><T70/><D121/><U101/><E101/><V2/><F2/><W96/><G18/><T79/><D122/><U10/><E10/><V5/><F92/><W108/><G108/><T65/><D83/><U134/><E32/><V99/><F99/><W66/><G4/><T61/><D79/><U81/><E81/><V105/><F105/><W24/><G24/><T133/><D133/><U35/><E35/><V86/><F86/><W107/><G3/><T135/><D135/><U94/><E134/><V59/><F5/><W103/><G103/><T77/><D77/><U84/><E84/><V46/><F39/><W15/><G15/><T124/><D65/><U120/><E94/><V118/><F38/><W88/><G88/><T85/><D124/><U69/><E120/><V8/><F118/><W11/><G11/><T27/><D85/><U117/><E117/><V19/><F28/><W91/><G91/><T0/><D0/><U89/><E89/><N who="2" m="55599" /><F8/><W90/><G90/><T104/><D104/><U44/><E69/><V6/><F6/><W109/><G109/><T26/><D42/><U95/><E75/><V16/><F19/><W116/><G116/><T114/><D114/><U48/><E95/><V125/><F125/><W123/><G123/><T63/><D29/><RYUUKYOKU ba="2,0" sc="61,-10,210,-10,329,30,400,-10" hai2="12,16,23,46,47,50,57,59,62,67" />
</Scene>
<Scene>
<INIT seed="2,3,0,0,0,128" ten="51,200,359,390" oya="2" hai0="90,109,121,92,108,129,112,53,38,67,91,77,94" hai1="68,127,3,131,84,19,100,86,76,133,73,63,87" hai2="97,126,10,0,42,9,60,45,8,43,14,37,1" hai3="16,44,35,95,66,39,83,11,75,28,115,134,71"/><V55/><F126/><W118/><G118/><T29/><D38/><U110/><E19/><V30/><F30/><W101/><G115/><T41/><D67/><U125/><E68/><V4/><F97/><N who="3" m="59583" /><G35/><T103/><D29/><U135/><E63/><V122/><F122/><W106/><G71/><T114/><D41/><U52/><E3/><V50/><F37/><W111/><G75/><T107/><D53/><U105/><E52/><N who="2" m="29775" /><F1/><W85/><G106/><T62/><D62/><U49/><E49/><V99/><F99/><W74/><G74/><T31/><D31/><U51/><E51/><V120/><F120/><W69/><G69/><T48/><D48/><U64/><E64/><V61/><F0/><W6/><G39/><T93/><D121/><U79/><E131/><V36/><F36/><W46/><G66/><T80/><D129/><U23/><E23/><V88/><F88/><N who="0" m="33834" /><D107/><U18/><E18/><V20/><F20/><W24/><G28/><T25/><D25/><U34/><E34/><V56/><F61/><W2/><G2/><T123/><D123/><U15/><E15/><N who="2" m="5511" /><F9/><W82/><G11/><T81/><D103/><U59/><E59/><V72/><F72/><W5/><G46/><T113/><D77/><N who="1" m="29771" /><E105/><V47/><F47/><W17/><G44/><T21/><D21/><U13/><E13/><V70/><F70/><W78/><G78/><T130/><D130/><U12/><E12/><V22/><F22/><W124/><G24/><T117/><D117/><U98/><E110/><AGARI ba="3,0" hai="80,81,92,93,94,108,109,110,112,113,114" m="33834" machi="110" ten="40,12000,2" yaku="28,2,14,1,34,2,54,1" doraHai="128" who="0" fromWho="1" sc="51,129,200,-129,359,0,390,0" />
</Scene>
<Scene>
<INIT seed="3,0,0,2,1,63" ten="180,71,359,390" oya="3" hai0="24,51,118,96,87,0,48,129,58,49,119,75,62" hai1="74,67,29,27,18,54,22,37,61,39,107,2,95" hai2="40,131,78,26,133,134,99,33,98,30,7,85,70" hai3="90,125,36,57,10,97,86,3,35,84,121,28,110"/><W32/><G121/><T83/><D0/><U111/><E74/><V11/><F70/><W82/><G36/><T103/><D75/><U123/><E111/><V117/><F40/><W81/><G125/><T41/><D129/><U66/><E123/><V13/><F78/><W108/><G97/><T77/><D24/><U12/><E67/><V132/><F85/><W42/><G42/><T72/><D41/><U114/><E95/><V101/><F99/><W21/><G21/><T128/><D128/><U15/><E107/><V45/><F45/><W9/><G57/><T100/><D72/><U109/><E66/><V23/><F131/><W88/><G28/><T64/><REACH who="0" step="1"/><D96/><REACH who="0" ten="170,71,359,390" step="2"/><U4/><E61/><V91/><F98/><W105/><G3/><T8/><D8/><U1/><E54/><V53/><F53/><W44/><G105/><T94/><D94/><U16/><E39/><V60/><F101/><AGARI ba="0,1" hai="48,49,51,58,62,64,77,83,87,100,101,103,118,119" machi="101" ten="40,2600,0" yaku="1,1,52,1,53,0" doraHai="63" doraHaiUra="71" who="0" fromWho="2" sc="170,36,71,0,359,-26,390,0" owari="206,-19.0,71,-43.0,333,13.0,390,49.0" />
</Scene>
</mjloggm>