<mjloggm ver="2.3"><GO type="169" lobby="0"/><UN n0="%E5%A4%AA%E3%81%8F%E3%81%AA%E3%81%84%E3%81%8A" n1="%75%73%6B%31%31%31%35" n2="%E6%80%96%E3%81%8F%E3%81%AA%E3%81%84%E3%81%8A" n3="%E6%B0%97%E6%A5%BD%E3%81%AB%E6%89%93%E3%81%A4" dan="18,16,18,16" rate="2191.11,2139.78,2195.18,2123.37" sx="M,M,M,M"/><TAIKYOKU oya="0"/>

<Scene>
<INIT seed="0,0,0,0,5,128" ten="250,250,250,250" oya="0" hai0="30,34,70,43,86,20,103,4,87,16,119,71,120" hai1="117,102,96,101,1,123,113,92,90,24,77,21,31" hai2="83,73,134,110,116,100,67,45,125,56,81,53,88" hai3="48,72,3,49,94,112,105,124,46,84,7,63,64"/><T65/><D120/><U8/><E117/><V50/><F116/><W109/><G112/><T82/><D119/><U33/><E123/><V107/><F110/><W122/><G122/><T68/><D4/><U40/><E113/><V5/><F125/><W99/><G109/><T59/><D43/><U18/><E77/><V52/><F67/><W17/><G72/><T61/><D103/><U74/><E74/><V58/><F5/><W35/><G124/><T10/><D10/><U60/><E40/><V39/><F134/><W12/><G35/><T32/><D30/><U95/><E95/><V121/><F121/><W22/><G3/><T76/><REACH who="0" step="1"/><D87/><REACH who="0" ten="240,250,250,250" step="2"/><U28/><E31/><V89/><F100/><N who="3" m="60535" /><G7/><T29/><D29/><U135/><E8/><V6/><F6/><W36/><G36/><T54/><D54/><U97/><E1/><V66/><F39/><W38/><G38/><T75/><D75/><U91/><E28/><V98/><F73/><W129/><G129/><T62/><D62/><U104/><E33/><V51/><F107/><W78/><G105/><T127/><D127/><U93/><E104/><V9/><F9/><W80/><G46/><T44/><D44/><U2/><E2/><V132/><F45/><W55/><G55/><T41/><D41/><U47/><E47/><V114/><F114/><W108/><G108/><T79/><D79/><U26/><E60/><V130/><F130/><W133/><G133/><T111/><D111/><U115/><E135/><V118/><F118/><W69/><G78/><T106/><D106/><U85/><E115/><V19/><F132/><RYUUKYOKU ba="0,1" sc="240,15,250,-15,250,-15,250,15" hai0="16,20,32,34,59,61,65,68,70,71,76,82,86" hai3="12,17,22,48,49,63,64,69,80,84" />
</Scene>
<Scene>
<INIT seed="0,1,1,4,2,3" ten="255,235,235,265" oya="0" hai0="92,61,111,133,21,106,97,125,68,86,91,4,81" hai1="99,63,131,78,48,53,23,18,102,42,16,94,60" hai2="50,90,44,7,82,129,100,121,15,98,65,122,40" hai3="114,110,58,26,87,134,105,104,12,83,36,25,1"/><T6/><D133/><U89/><E131/><V41/><F129/><W33/><G114/><T66/><D125/><U56/><E78/><V74/><F65/><W64/><G134/><T75/><D111/><U8/><E42/><V76/><F90/><W27/><G1/><T10/><D21/><U45/><E102/><V47/><F15/><W109/><G36/><T130/><D130/><U79/><E79/><V28/><F28/><W14/><G33/><T9/><D75/><U51/><E8/><V72/><F7/><W67/><G12/><T19/><D106/><N who="3" m="41065" /><G58/><N who="0" m="37175" /><D19/><U38/><E38/><V13/><F13/><W70/><G14/><T126/><D68/><U20/><E20/><V101/><F72/><W77/><G70/><T57/><D126/><U127/><E127/><V120/><REACH who="2" step="1"/><F98/><REACH who="2" ten="255,235,225,265" step="2"/><W52/><G109/><T0/><D0/><U112/><E112/><V119/><F119/><W37/><G110/><T123/><D123/><U2/><E2/><V34/><F34/><W124/><G124/><T132/><D132/><U93/><E18/><V46/><F46/><W128/><G128/><T96/><D96/><U69/><E69/><V39/><AGARI ba="1,2" hai="39,40,41,44,47,50,74,76,82,100,101,120,121,122" machi="39" ten="30,2000,0" yaku="1,1,0,1,53,0" doraHai="3" doraHaiUra="30" who="2" fromWho="2" sc="255,-11,235,-6,225,43,265,-6" />
</Scene>
<Scene>
<INIT seed="1,0,0,4,4,3" ten="244,229,268,259" oya="1" hai0="85,24,47,74,72,65,42,32,97,46,30,10,82" hai1="7,28,80,38,17,75,84,131,81,104,58,2,76" hai2="83,48,105,27,79,119,121,34,53,127,26,66,114" hai3="62,19,77,112,120,23,113,103,129,44,78,130,31"/><U102/><E38/><V71/><F119/><W94/><G120/><T91/><D65/><U115/><E115/><N who="3" m="44106" /><G31/><T49/><D97/><U100/><E28/><V106/><F121/><W45/><G62/><T68/><D68/><U43/><E43/><V0/><F0/><W95/><G23/><T111/><D111/><U25/><E131/><N who="3" m="50186" /><G19/><T11/><REACH who="0" step="1"/><D47/><REACH who="0" ten="234,229,268,259" step="2"/><N who="3" m="17993" /><G103/><T134/><D134/><U122/><E122/><V4/><F66/><W29/><G29/><T96/><D96/><U14/><E102/><V64/><F64/><W36/><G36/><T61/><D61/><U40/><E100/><V69/><F114/><W118/><G118/><T59/><D59/><U50/><E58/><V37/><F37/><W98/><G98/><T89/><D89/><U5/><E2/><V101/><F71/><W63/><G63/><T67/><D67/><U126/><E50/><V70/><F69/><W55/><G55/><T125/><D125/><U123/><E126/><V51/><F53/><W90/><G90/><T109/><D109/><U110/><E123/><V8/><F70/><W13/><G13/><T117/><D117/><U124/><E110/><V86/><F127/><W41/><G41/><T93/><D93/><AGARI ba="0,1" hai="77,78,93,94,95" m="17993,50186,44106" machi="93" ten="40,5200,0" yaku="28,2,19,1" doraHai="3" who="3" fromWho="0" sc="234,-52,229,0,268,0,259,62" />
</Scene>
<Scene>
<INIT seed="2,0,0,2,0,126" ten="182,229,268,321" oya="2" hai0="62,133,94,84,87,115,48,20,108,58,18,92,65" hai1="34,73,74,70,36,116,105,49,51,61,57,129,23" hai2="29,81,31,12,82,53,72,4,90,24,89,69,17" hai3="35,134,42,122,59,96,13,109,97,80,38,114,27"/><V117/><F69/><W50/><G122/><T98/><D115/><U79/><E34/><V33/><F117/><W113/><G109/><T41/><D108/><U54/><E105/><V95/><F4/><W21/><G134/><T3/><D3/><U0/><E0/><V78/><F29/><N who="3" m="19903" /><G38/><T130/><D133/><U88/><E116/><V10/><F95/><W60/><G80/><T125/><D125/><U120/><E120/><V99/><F99/><W83/><G83/><T67/><D67/><U52/><E36/><V2/><F2/><W22/><G50/><T6/><D6/><U47/><E23/><N who="3" m="8714" /><G13/><T107/><D107/><U40/><E70/><V121/><F121/><W123/><G42/><T91/><D41/><U71/><E79/><V104/><F104/><W86/><G86/><T14/><D48/><U43/><E71/><V131/><F82/><W119/><G119/><T75/><D75/><U37/><E40/><V68/><F68/><W128/><G123/><T7/><D7/><U63/><E74/><V111/><F111/><W102/><G102/><T30/><D30/><U132/><E73/><V46/><F89/><W8/><G8/><T9/><D9/><U1/><E132/><V15/><F15/><W26/><G26/><T44/><D44/><U112/><E88/><V16/><F90/><W101/><G101/><N who="0" m="60615" /><D84/><U76/><E37/><V32/><F32/><W85/><G85/><T127/><D127/><U77/><E43/><V25/><F25/><W135/><G135/><T124/><D124/><U93/><E47/><V5/><F72/><W103/><G103/><RYUUKYOKU ba="0,0" sc="182,30,229,-10,268,-10,321,-10" hai0="14,18,20,58,62,65,87,91,94,130" />
</Scene>
<Scene>
<INIT seed="3,1,0,5,1,76" ten="212,219,258,311" oya="3" hai0="131,13,40,49,43,36,46,51,23,107,58,96,120" hai1="1,48,91,22,74,84,118,86,38,93,3,60,27" hai2="104,41,55,57,52,10,7,44,61,17,98,56,125" hai3="68,99,115,92,15,8,90,32,54,67,4,103,33"/><W82/><G115/><T59/><D120/><U101/><E74/><V106/><F125/><W65/><G68/><T11/><D131/><U78/><E38/><V94/><F17/><W81/><G32/><T70/><D70/><U35/><E35/><V108/><F108/><W14/><G33/><T117/><D117/><U19/><E118/><V88/><F44/><W124/><G124/><T63/><D23/><U135/><E135/><V39/><F39/><W37/><G37/><T79/><D79/><U109/><E109/><V87/><F41/><W18/><G54/><N who="0" m="32095" /><D107/><U127/><E127/><V123/><F123/><W30/><G30/><T116/><D96/><U130/><E130/><V21/><F21/><N who="3" m="11479" /><G103/><T122/><D122/><U12/><E101/><V0/><F98/><W73/><G73/><T29/><D29/><U6/><E60/><AGARI ba="1,0" hai="0,7,10,52,55,56,57,60,61,87,88,94,104,106" machi="60" ten="30,7700,0" yaku="7,1,9,1,54,2" doraHai="76" who="2" fromWho="1" sc="212,0,219,-80,258,80,311,0" />
</Scene>
<Scene>
<INIT seed="4,0,0,5,0,86" ten="212,139,338,311" oya="0" hai0="49,70,14,9,54,74,50,53,68,60,117,62,32" hai1="94,127,3,85,44,17,31,22,100,114,134,64,45" hai2="61,107,120,130,16,119,29,110,92,88,47,115,102" hai3="76,83,12,131,124,105,25,82,84,91,67,51,133"/><T103/><D117/><U69/><E3/><V30/><F120/><W35/><G124/><T56/><D32/><U98/><E127/><V24/><F110/><W99/><G133/><T2/><D2/><U80/><E134/><V13/><F107/><W7/><G131/><T55/><D74/><U122/><E122/><V28/><F102/><W40/><G67/><N who="0" m="41079" /><D14/><U27/><E114/><V79/><F115/><W10/><G105/><T41/><D9/><U1/><E1/><V0/><F130/><W37/><G37/><T126/><D103/><U23/><E69/><V21/><F0/><W6/><G6/><T116/><D116/><U87/><E64/><V106/><F106/><W71/><G71/><T111/><D126/><U72/><E72/><V63/><F79/><W121/><G121/><T96/><D96/><U101/><E101/><V97/><F119/><W33/><G25/><T128/><D128/><U89/><REACH who="1" step="1"/><E87/><REACH who="1" ten="212,129,338,311" step="2"/><V36/><REACH who="2" step="1"/><F24/><AGARI ba="0,1" hai="17,22,23,24,27,31,44,45,80,85,89,94,98,100" machi="24" ten="30,8000,1" yaku="1,1,2,1,7,1,8,1,52,1,53,0" doraHai="86" doraHaiUra="65" who="1" fromWho="2" sc="212,0,129,90,338,-80,311,0" />
</Scene>
<Scene>
<INIT seed="5,0,0,2,4,15" ten="212,219,258,311" oya="1" hai0="87,68,61,98,76,124,79,77,95,88,16,114,113" hai1="12,119,65,117,38,56,25,17,92,115,134,74,37" hai2="62,122,9,70,81,7,43,3,31,99,97,8,66" hai3="102,21,39,85,35,54,59,86,123,14,71,11,42"/><U128/><E74/><V72/><F122/><W109/><G123/><T2/><D2/><U132/><E25/><V48/><F31/><W89/><G35/><T36/><D36/><U80/><E80/><V101/><F9/><W27/><G109/><T78/><D124/><U127/><E127/><V46/><F101/><W107/><G71/><T33/><D33/><U52/><E65/><V83/><F83/><W82/><G85/><T106/><D68/><U108/><E92/><V29/><F29/><N who="3" m="17647" /><G39/><N who="1" m="14858" /><E115/><N who="0" m="44041" /><D61/><N who="1" m="35975" /><E128/><V130/><F130/><W19/><G107/><T63/><D63/><U4/><E4/><V49/><F48/><N who="3" m="31175" /><G102/><N who="0" m="62807" /><D78/><U55/><E108/><V26/><F72/><W94/><G82/><N who="0" m="47583" /><D16/><U84/><E84/><AGARI ba="0,0" hai="76,77,84,88,95" m="47583,62807,44041" machi="84" ten="30,7700,0" yaku="15,1,34,2,54,1" doraHai="15" who="0" fromWho="1" sc="212,77,219,-77,258,0,311,0" />
</Scene>
<Scene>
<INIT seed="6,0,0,2,1,110" ten="289,142,258,311" oya="2" hai0="44,125,121,134,8,72,68,66,25,79,70,135,43" hai1="24,117,3,37,65,57,39,30,122,18,40,17,119" hai2="124,45,52,73,90,61,130,116,36,59,13,15,118" hai3="81,11,91,87,12,34,29,104,28,128,106,111,132"/><V46/><F73/><W86/><G111/><T71/><D121/><U62/><E3/><V14/><F130/><W63/><G128/><T0/><D125/><U67/><E122/><V115/><F124/><W10/><G132/><N who="0" m="50731" /><D25/><U9/><E65/><V82/><F115/><W38/><G38/><N who="0" m="21623" /><D66/><U123/><E123/><V103/><F103/><W16/><G63/><T101/><D101/><U69/><E69/><V23/><F36/><W114/><G114/><T96/><D96/><U97/><E39/><V88/><F82/><W21/><G34/><T7/><D79/><U58/><E58/><V112/><F112/><W53/><G106/><T26/><D26/><U2/><E40/><V133/><F133/><W99/><G53/><T5/><D5/><U80/><E37/><V84/><F23/><W50/><G50/><T6/><D6/><U95/><E80/><V22/><F22/><W85/><G104/><T49/><D49/><U131/><E131/><V31/><F31/><N who="3" m="11851" /><G81/><T89/><D89/><N who="2" m="34410" /><F118/><W4/><G4/><T55/><D72/><U93/><E2/><V98/><F116/><N who="1" m="44617" /><E9/><V33/><F33/><W78/><G78/><T129/><D129/><U41/><E41/><V27/><F27/><W105/><G105/><T127/><D127/><U92/><E97/><V77/><F98/><W1/><G1/><T126/><D126/><U75/><E75/><V120/><F120/><W56/><G56/><T107/><D107/><U51/><E51/><V100/><F100/><W102/><G102/><T35/><D35/><N who="1" m="20935" /><E57/><V47/><F77/><W94/><AGARI ba="0,0" hai="10,11,12,16,21,85,86,87,91,94,99" m="11851" machi="94" ten="30,2000,0" yaku="8,1,54,1" doraHai="110" who="3" fromWho="3" sc="289,-5,142,-5,258,-10,311,20" />
</Scene>
<Scene>
<INIT seed="7,0,0,1,5,129" ten="284,137,248,331" oya="3" hai0="16,1,126,14,10,39,65,4,54,75,43,15,99" hai1="134,5,52,32,42,28,18,35,51,127,120,31,91" hai2="17,29,106,61,122,132,114,9,66,87,45,96,37" hai3="67,23,20,100,47,108,13,30,25,97,79,68,88"/><W116/><G116/><T27/><D65/><U90/><E120/><V112/><F29/><W78/><G108/><T74/><D126/><U6/><E42/><V77/><F122/><W81/><G47/><N who="0" m="24063" /><D74/><U125/><E51/><V124/><F124/><W48/><G48/><T121/><D54/><U70/><E70/><V22/><F9/><W44/><G44/><T111/><D99/><U82/><E18/><V71/><F45/><W3/><G68/><T58/><D58/><U57/><E82/><N who="2" m="47567" /><F96/><W123/><G97/><T86/><D86/><U19/><E19/><V63/><F106/><W40/><G123/><T26/><D121/><U102/><E102/><V83/><F83/><W131/><G81/><T92/><D92/><U56/><REACH who="1" step="1"/><E52/><REACH who="1" ten="284,127,248,331" step="2"/><V105/><F71/><W11/><G100/><T73/><D16/><U55/><E55/><V119/><F17/><W93/><G40/><T33/><D111/><U64/><E64/><V118/><F66/><W84/><G67/><T95/><D10/><U133/><AGARI ba="0,1" hai="5,6,28,31,32,35,56,57,90,91,125,127,133,134" machi="133" ten="25,12000,2" yaku="1,1,0,1,22,2,52,2,53,0" doraHai="129" doraHaiUra="49" who="1" fromWho="1" sc="284,-30,127,130,248,-30,331,-60" />
</Scene>
<Scene>
<INIT seed="8,0,0,5,3,7" ten="254,257,218,271" oya="0" hai0="47,86,124,29,119,80,5,130,131,39,116,15,67" hai1="59,127,102,64,74,21,71,93,58,34,56,60,4" hai2="114,135,24,76,98,10,53,126,81,66,30,122,77" hai3="61,125,8,55,20,84,54,65,63,51,118,83,94"/><T78/><D124/><U31/><E74/><V32/><F122/><W73/><G125/><T88/><D29/><U104/><E127/><V89/><F126/><W115/><G115/><T1/><D1/><U18/><E4/><V95/><F114/><W121/><G121/><T43/><D67/><U11/><E104/><V22/><F66/><W101/><G118/><N who="0" m="45099" /><D78/><U111/><E111/><V85/><F135/><W28/><G73/><T70/><D70/><U19/><E34/><V9/><F76/><N who="3" m="46183" /><G20/><T33/><D33/><U2/><E31/><V100/><F32/><W87/><G28/><T133/><D133/><U62/><E62/><V107/><REACH who="2" step="1"/><F53/><REACH who="2" ten="254,257,208,271" step="2"/><W109/><G55/><T106/><D106/><U99/><E64/><V41/><F41/><W12/><G65/><T44/><D44/><U72/><E71/><V35/><F35/><W3/><G54/><T49/><D39/><U37/><E37/><V91/><F91/><W113/><G113/><T120/><D120/><U132/><E132/><V69/><F69/><W42/><G42/><T134/><D134/><U27/><E60/><V17/><F17/><W0/><G61/><T14/><D5/><N who="1" m="1463" /><E18/><V75/><AGARI ba="0,1" hai="9,10,22,24,30,75,77,81,85,89,95,98,100,107" machi="75" ten="20,12000,2" yaku="1,1,0,1,7,1,24,2,52,2,53,0" doraHai="7" doraHaiUra="57" who="2" fromWho="2" sc="254,-60,257,-30,208,130,271,-30" owari="194,-31.0,227,-17.0,338,44.0,241,4.0" />
</Scene>
</mjloggm>