<mjloggm ver="2.3"><GO type="97"/><UN n0="%E3%83%8D%E3%82%AA%E3%83%A9%E3%83%B4%E3%82%A3%E3%83%B3" n1="%43%68%61%72%6F%6E" n2="%E3%82%88%E3%83%BC%E3%81%A1%E3%82%83%E3%82%93" n3="%E5%A4%AA%E3%81%8F%E3%81%AA%E3%81%84%E3%81%8A" dan="14,13,14,13" rate="1947,1899,1921,1982" sx="M,M,M,M"/><TAIKYOKU oya="0"/>

<Scene>
<INIT seed="0,0,0,2,1,80" ten="250,250,250,250" oya="0" hai0="38,125,32,56,35,63,66,39,72,27,119,100,17" hai1="23,94,48,133,8,79,61,21,75,9,11,73,71" hai2="1,25,74,55,86,120,85,123,95,96,37,14,83" hai3="7,102,16,5,13,126,40,52,131,81,4,59,103"/><T101/><D119/><U6/><E133/><V107/><F1/><W108/><G108/><T31/><D125/><U132/><E132/><V29/><F37/><W65/><G126/><T122/><D122/><U53/><E6/><V84/><F107/><W105/><G131/><T124/><D124/><U109/><E109/><V68/><F68/><W2/><G2/><T45/><D72/><U24/><E79/><V135/><F135/><W91/><G40/><T33/><D17/><U88/><E61/><V3/><F3/><W67/><G105/><T69/><D56/><U76/><E76/><N who="2" m="46183" /><F74/><W117/><G117/><T54/><D39/><U128/><E23/><N who="2" m="15551" /><F123/><W12/><G12/><T93/><D101/><N who="3" m="38409" /><G91/><T47/><D47/><U115/><E71/><V113/><F113/><W89/><G89/><T112/><D112/><U118/><E128/><V44/><F120/><W129/><G81/><T19/><D19/><N who="1" m="12351" /><E115/><V87/><F14/><W42/><G42/><T58/><D45/><N who="1" m="27791" /><E118/><V104/><F104/><W34/><G34/><T41/><D41/><U134/><E134/><V97/><F95/><W82/><G82/><T20/><D38/><U50/><E50/><AGARI ba="0,0" hai="44,50,55,85,86,87,96,97" m="15551,46183" machi="50" ten="30,8000,1" yaku="8,1,52,4" doraHai="80" who="2" fromWho="1" sc="250,0,250,-80,250,80,250,0" />
</Scene>
<Scene>
<INIT seed="1,0,0,1,5,94" ten="250,170,330,250" oya="1" hai0="97,79,17,124,110,0,120,61,133,115,82,121,92" hai1="32,118,77,51,98,28,85,41,88,19,40,52,70" hai2="39,135,50,5,20,134,89,27,112,72,60,56,21" hai3="1,2,67,45,64,59,15,10,58,16,119,33,62"/><U54/><E118/><V14/><F39/><W90/><G119/><T78/><D115/><U109/><E70/><V34/><F72/><W131/><G33/><T69/><D0/><U86/><E32/><V38/><F38/><W106/><G131/><T66/><D133/><N who="2" m="50698" /><F112/><W7/><G106/><T65/><D65/><U57/><E28/><N who="2" m="19743" /><F50/><W104/><G104/><T122/><D124/><U93/><E109/><V105/><F105/><W102/><G102/><T12/><D110/><U25/><E77/><V95/><F5/><W18/><G45/><T46/><D82/><U91/><E85/><N who="2" m="52655" /><F14/><W42/><G42/><T8/><REACH who="0" step="1"/><D46/><REACH who="0" ten="240,170,330,250" step="2"/><U84/><E84/><V37/><F37/><W48/><G2/><T53/><D53/><AGARI ba="0,1" hai="20,21,53,56,60" m="52655,19743,50698" machi="53" ten="30,1000,0" yaku="20,1" doraHai="94" who="2" fromWho="0" sc="240,-10,170,0,330,20,250,0" />
</Scene>
<Scene>
<INIT seed="2,0,0,5,1,103" ten="230,170,350,250" oya="2" hai0="19,87,5,60,127,106,82,81,65,48,10,18,8" hai1="39,95,1,83,105,84,74,30,54,102,70,26,27" hai2="101,72,35,51,43,28,66,31,62,71,36,57,20" hai3="24,125,0,63,115,59,90,91,37,117,46,45,25"/><V4/><F72/><W34/><G117/><T97/><D127/><U132/><E1/><V49/><F4/><W32/><G0/><T7/><D82/><U98/><E132/><V104/><F35/><W109/><G37/><T77/><D48/><U33/><E39/><V85/><F51/><W3/><G3/><T21/><D21/><U75/><E54/><N who="2" m="31951" /><F85/><W133/><G125/><T64/><D64/><U108/><E108/><V124/><F20/><W131/><G109/><T47/><D47/><U78/><E26/><V112/><F112/><W110/><G110/><T73/><D73/><U12/><E12/><V92/><F92/><W9/><G115/><T6/><D10/><U44/><E44/><N who="2" m="23655" /><F124/><W121/><G32/><T122/><D8/><U93/><E75/><V120/><F120/><W135/><G9/><T76/><D76/><U111/><E111/><V11/><F11/><W17/><G34/><T88/><D122/><U40/><E40/><V2/><F2/><W41/><G121/><T123/><D123/><U96/><E74/><V128/><F128/><W80/><G131/><T130/><D130/><U55/><E55/><V22/><F22/><W50/><G41/><T23/><D23/><U15/><E15/><V69/><F69/><W126/><G126/><T29/><D29/><U114/><E114/><V67/><F67/><W42/><G42/><T52/><D65/><U68/><REACH who="1" step="1"/><E93/><REACH who="1" ten="230,160,350,250" step="2"/><V94/><F94/><W79/><G133/><T129/><D129/><U99/><E99/><AGARI ba="0,1" hai="28,31,62,66,71,99,101,104" m="23655,31951" machi="99" ten="30,2900,0" yaku="24,1,52,1" doraHai="103" who="2" fromWho="1" sc="230,0,160,-29,350,39,250,0" />
</Scene>
<Scene>
<INIT seed="2,1,0,5,3,63" ten="230,131,389,250" oya="2" hai0="71,58,133,103,102,81,42,39,33,77,53,114,110" hai1="60,67,14,78,12,40,128,4,87,30,74,55,135" hai2="35,106,6,17,131,130,27,126,47,104,82,79,57" hai3="36,94,86,65,56,134,59,122,18,132,111,129,9"/><V72/><F126/><W1/><G122/><T119/><D114/><U96/><E135/><N who="3" m="51754" /><G36/><T37/><D110/><U83/><E128/><N who="2" m="49195" /><F6/><N who="3" m="1231" /><G129/><T121/><D121/><U101/><E40/><V90/><F47/><W99/><G111/><T10/><D133/><U43/><E43/><V80/><F57/><W112/><G112/><T45/><D119/><U11/><E30/><N who="2" m="19935" /><F17/><W62/><G18/><T118/><D118/><U52/><E14/><V32/><F32/><W22/><G22/><T125/><D125/><U34/><E34/><V93/><F80/><W50/><G86/><AGARI ba="1,0" hai="72,79,82,86,90,93,104,106" m="19935,49195" machi="86" ten="30,1500,0" yaku="19,1" doraHai="63" who="2" fromWho="3" sc="230,0,131,0,389,18,250,-18" />
</Scene>
<Scene>
<INIT seed="2,2,0,5,4,65" ten="230,131,407,232" oya="2" hai0="68,55,111,125,32,11,97,48,86,106,2,95,130" hai1="79,64,88,21,69,47,56,91,61,71,122,18,25" hai2="113,117,103,87,22,20,39,93,105,94,52,107,92" hai3="96,27,100,40,80,19,44,36,98,67,49,26,6"/><V99/><F117/><W7/><G67/><T17/><D130/><U124/><E124/><V37/><F113/><W112/><G112/><T29/><D125/><U102/><E122/><V121/><F121/><W78/><G36/><T54/><D111/><U9/><E79/><V10/><F10/><W74/><G96/><T77/><D32/><U82/><E102/><V57/><F87/><W43/><G43/><T45/><D29/><U131/><E131/><V66/><F66/><W16/><G26/><T110/><D110/><U33/><E33/><V5/><F5/><W123/><G123/><T108/><D108/><U1/><E47/><V135/><F135/><W81/><G81/><T42/><D106/><U85/><REACH who="1" step="1"/><E91/><REACH who="1" ten="230,121,407,232" step="2"/><V41/><F103/><W134/><G100/><T50/><D77/><U62/><E62/><V72/><F107/><W3/><G44/><T31/><D45/><U0/><E0/><V118/><F105/><W35/><G35/><T30/><D2/><U12/><E12/><V133/><F118/><W58/><G3/><T53/><D42/><U13/><E13/><V8/><F41/><W51/><G40/><T23/><D50/><U84/><E84/><V38/><F38/><W24/><G51/><T90/><D48/><U46/><E46/><V34/><F37/><W28/><G49/><T70/><D86/><U59/><E59/><V104/><F34/><W73/><G58/><T15/><D11/><U119/><E119/><V127/><F8/><W4/><G78/><T128/><D128/><U120/><E120/><V60/><F39/><W14/><G14/><RYUUKYOKU ba="2,1" sc="230,15,121,15,407,-15,232,-15" hai0="15,17,23,30,31,53,54,55,68,70,90,95,97" hai1="1,9,18,21,25,56,61,64,69,71,82,85,88" />
</Scene>
<Scene>
<INIT seed="3,3,1,1,5,113" ten="245,136,392,217" oya="3" hai0="112,129,54,97,34,110,33,90,126,101,84,60,128" hai1="8,40,15,1,28,19,61,24,105,65,73,10,53" hai2="81,20,71,46,43,42,16,96,133,27,103,119,52" hai3="95,13,41,31,117,39,127,109,111,123,69,75,116"/><W45/><G123/><T100/><D112/><U56/><E73/><V14/><F71/><W29/><G69/><T57/><D126/><U22/><E105/><V80/><F119/><N who="3" m="45643" /><G75/><T99/><D110/><N who="3" m="41993" /><G127/><T125/><D125/><U88/><E40/><V55/><F133/><W118/><N who="3" m="45651" /><W89/><DORA hai="93" /><G13/><T94/><D129/><U74/><E74/><V98/><F14/><W3/><G3/><T11/><D11/><U122/><E122/><V0/><F0/><W9/><G9/><T78/><D78/><U108/><E108/><V68/><F68/><W17/><G17/><T131/><D131/><U51/><E1/><V37/><F103/><W62/><G62/><T102/><D128/><U25/><E25/><V63/><F63/><W35/><G35/><T120/><D120/><U91/><REACH who="1" step="1"/><E8/><REACH who="1" ten="245,126,392,217" step="2"/><V12/><F27/><W92/><G92/><T66/><D66/><U82/><E82/><V26/><F26/><W7/><G7/><T58/><D34/><U38/><E38/><V135/><F37/><W21/><G21/><T115/><D33/><U49/><E49/><V23/><F42/><W83/><G83/><T106/><D115/><U48/><E48/><V76/><F81/><W18/><G18/><T44/><D106/><U32/><E32/><V77/><F80/><W85/><AGARI ba="3,2" hai="29,31,39,41,45,85,89,95" m="41993,45651" machi="85" ten="50,18000,2" yaku="14,1,10,1,52,4" doraHai="113,93" who="3" fromWho="3" sc="245,-63,126,-63,392,-63,217,209" owari="182,-22.0,63,-44.0,329,13.0,426,53.0" />
</Scene>
</mjloggm>