<mjloggm ver="2.3"><GO type="169" lobby="0"/><UN n0="%E3%83%88%E3%83%90%E3%82%BE" n1="%E5%A4%AA%E3%81%8F%E3%81%AA%E3%81%84%E3%81%8A" n2="%E4%BA%9B%E6%B8%A1%E3%82%92%E8%B6%85%E3%81%88%E3%82%8B%E8%80%85" n3="%E3%81%82%E3%82%8A%E3%81%8A%E3%81%A8" dan="18,18,16,16" rate="2203.82,2225.76,2054.08,2124.54" sx="M,F,M,M"/><TAIKYOKU oya="0"/>

<Scene>
<INIT seed="0,0,0,3,3,109" ten="250,250,250,250" oya="0" hai0="74,31,79,37,67,4,99,30,126,23,68,43,134" hai1="42,8,107,19,124,130,112,94,117,55,89,71,103" hai2="46,93,45,127,80,91,82,131,106,32,38,10,33" hai3="59,104,14,115,27,36,35,21,69,102,133,121,26"/><T92/><D134/><U41/><E117/><V125/><F106/><W28/><G133/><T73/><D126/><N who="2" m="48138" /><F131/><W50/><G36/><T78/><D67/><U65/><E124/><V116/><F116/><W81/><G69/><T105/><D105/><U86/><E130/><V20/><F10/><W84/><G121/><T122/><D68/><U53/><E107/><V62/><F62/><W100/><G14/><T24/><D122/><U135/><E135/><V128/><F128/><W11/><G11/><T39/><D4/><U88/><E103/><V63/><F63/><W83/><G104/><T16/><D31/><U114/><E65/><V49/><F20/><W70/><G70/><T57/><D57/><U13/><E71/><V132/><F38/><W9/><G9/><T72/><D39/><U52/><REACH who="1" step="1"/><E89/><REACH who="1" ten="250,240,250,250" step="2"/><V0/><F91/><W97/><G102/><T17/><D79/><U129/><E129/><V111/><F132/><W51/><G100/><T1/><D78/><U75/><E75/><V12/><F111/><W2/><G35/><T61/><D74/><U85/><E85/><V6/><F33/><W108/><G84/><T3/><D73/><U113/><AGARI ba="0,1" hai="8,13,19,41,42,52,53,55,86,88,94,112,113,114" machi="113" ten="40,16000,3" yaku="1,1,0,1,11,1,52,3,54,2,53,1" doraHai="109" doraHaiUra="5" who="1" fromWho="1" sc="250,-80,240,170,250,-40,250,-40" />
</Scene>
<Scene>
<INIT seed="1,0,0,1,3,125" ten="170,410,210,210" oya="1" hai0="108,69,118,88,110,46,32,109,21,128,133,41,5" hai1="94,49,68,105,16,98,42,76,15,107,99,8,13" hai2="64,67,4,44,31,6,102,134,123,12,127,106,130" hai3="91,1,37,84,38,135,43,80,55,95,7,33,72"/><U59/><E68/><V29/><F127/><W25/><G135/><T79/><D118/><U85/><E107/><V132/><F123/><W56/><G7/><N who="2" m="2601" /><F12/><W40/><G1/><T100/><D32/><U115/><E115/><V39/><F102/><W120/><G120/><T66/><D133/><N who="2" m="51306" /><F106/><W65/><G65/><N who="2" m="25161" /><F130/><W35/><G35/><T3/><D100/><U63/><E105/><V53/><F53/><W20/><G33/><T70/><D5/><U112/><E112/><V50/><F50/><W51/><G43/><AGARI ba="0,0" hai="29,31,39,43,44" m="25161,51306,2601" machi="43" ten="30,1000,0" yaku="20,1" doraHai="125" who="2" fromWho="3" sc="170,0,410,0,210,10,210,-10" />
</Scene>
<Scene>
<INIT seed="2,0,0,5,5,9" ten="170,410,220,200" oya="2" hai0="24,121,15,36,80,78,128,20,48,5,18,110,39" hai1="40,64,133,44,108,94,90,95,23,58,14,104,28" hai2="19,120,4,97,41,96,111,84,99,32,103,114,35" hai3="27,47,98,52,6,76,22,107,126,87,112,34,54"/><V73/><F120/><W89/><G112/><T10/><D121/><U8/><E104/><V16/><F73/><W106/><G34/><T69/><D69/><U102/><E108/><V77/><F114/><W3/><G126/><T2/><D110/><U49/><E133/><V17/><F111/><W118/><G118/><T79/><D128/><U56/><E102/><V51/><F103/><W12/><G3/><T11/><D48/><U67/><E28/><V75/><F75/><W0/><G0/><T65/><D65/><N who="1" m="25163" /><E23/><V132/><F132/><W70/><G70/><T13/><D2/><U134/><E134/><V61/><F61/><W100/><G76/><T37/><REACH who="0" step="1"/><D80/><REACH who="0" ten="160,410,220,200" step="2"/><U88/><E95/><V59/><F51/><W68/><G68/><T105/><D105/><U71/><E71/><V43/><F59/><N who="1" m="22569" /><E94/><V66/><F66/><W81/><G107/><T63/><D63/><U86/><E86/><V122/><F122/><W62/><G62/><T91/><D91/><U82/><E82/><V125/><F125/><W57/><G57/><T7/><AGARI ba="0,1" hai="5,7,10,11,13,15,18,20,24,36,37,39,78,79" machi="7" ten="30,8000,1" yaku="1,1,0,1,9,1,52,2,53,0" doraHai="9" doraHaiUra="31" who="0" fromWho="0" sc="160,90,410,-20,220,-40,200,-20" />
</Scene>
<Scene>
<INIT seed="3,0,0,2,2,127" ten="250,390,180,180" oya="3" hai0="101,83,30,94,134,122,73,67,81,25,5,88,132" hai1="24,51,7,13,17,70,112,40,82,84,63,76,126" hai2="9,28,117,107,75,48,31,91,34,22,135,111,3" hai3="4,38,79,123,27,29,53,87,20,47,131,129,86"/><W106/><G123/><T65/><D101/><U110/><E112/><V78/><F117/><W59/><G106/><T36/><D5/><U130/><E126/><V39/><F34/><W96/><G4/><T57/><D36/><U100/><E110/><V121/><F39/><W125/><G125/><T66/><D57/><U105/><E105/><V0/><F107/><W120/><G120/><T32/><D122/><U16/><E100/><V2/><F121/><W103/><G79/><T14/><D14/><U60/><E70/><V55/><F111/><W44/><G96/><T37/><D37/><U92/><E92/><V15/><F135/><N who="0" m="51754" /><D73/><U54/><E7/><V113/><F113/><W43/><G47/><T74/><D74/><U6/><E6/><V124/><F124/><W118/><G103/><T42/><D42/><U50/><E40/><V8/><F75/><W108/><G118/><T90/><D90/><U49/><E54/><V102/><F78/><W52/><G53/><T72/><D72/><U116/><E116/><V26/><F102/><W18/><G108/><T77/><D77/><U58/><E58/><V64/><F91/><W119/><G119/><T1/><D1/><U19/><E13/><V115/><F115/><W45/><G45/><T33/><D32/><U97/><E76/><V80/><F15/><W69/><G69/><T71/><D71/><U10/><E10/><N who="2" m="4203" /><F64/><W99/><G99/><AGARI ba="0,0" hai="25,30,33,65,66,67,81,83,88,94,99" m="51754" machi="99" ten="30,2000,0" yaku="20,1,54,1" doraHai="127" who="0" fromWho="3" sc="250,20,390,0,180,0,180,-20" />
</Scene>
<Scene>
<INIT seed="4,0,0,2,2,4" ten="270,390,180,160" oya="0" hai0="59,125,55,135,3,86,20,58,74,12,87,63,92" hai1="120,61,49,75,129,65,5,104,35,26,15,95,70" hai2="9,38,56,98,52,134,89,24,36,48,106,66,8" hai3="29,127,96,79,21,90,97,82,100,30,133,83,40"/><T44/><D74/><U88/><E120/><V131/><F134/><W77/><G133/><T107/><D3/><U84/><E75/><V0/><F131/><W132/><G132/><T130/><D107/><U110/><E110/><V94/><F106/><W121/><G121/><T123/><D123/><U78/><E104/><V72/><F72/><W105/><G40/><T115/><D135/><U108/><E108/><V67/><F24/><W50/><G50/><T103/><D130/><U119/><E129/><V28/><F28/><W42/><G42/><T27/><D115/><U17/><E119/><V112/><F112/><W124/><G21/><T117/><D117/><U39/><E39/><V14/><F0/><W45/><G45/><T109/><D109/><U51/><E78/><N who="3" m="29706" /><G29/><T62/><D44/><U16/><E5/><N who="2" m="3343" /><F38/><W18/><G18/><N who="0" m="12695" /><D12/><U7/><E35/><V22/><F36/><W37/><G30/><T2/><D2/><U31/><E31/><V53/><F22/><W13/><G13/><T11/><D11/><U43/><E7/><V93/><F9/><W91/><G37/><T122/><D122/><U10/><E43/><V19/><F19/><W6/><G6/><T102/><D125/><N who="3" m="48201" /><G97/><N who="0" m="59687" /><D103/><U118/><E118/><V114/><F114/><W60/><G60/><T73/><D73/><U71/><E71/><V47/><F47/><W116/><G116/><T1/><D1/><U23/><AGARI ba="0,0" hai="10,15,16,17,23,26,49,51,61,65,70,84,88,95" machi="23" ten="30,7900,0" yaku="0,1,52,1,54,2" doraHai="4" who="1" fromWho="1" sc="270,-39,390,79,180,-20,160,-20" />
</Scene>
<Scene>
<INIT seed="5,0,0,4,3,51" ten="231,469,160,140" oya="1" hai0="7,54,109,63,59,2,129,3,131,6,130,38,10" hai1="18,40,61,29,62,128,26,65,32,98,45,70,84" hai2="106,15,74,102,14,125,28,94,101,124,99,119,73" hai3="39,82,126,41,121,108,89,37,43,71,127,30,58"/><U123/><E123/><V27/><F119/><W107/><G107/><T122/><D38/><U112/><E112/><V13/><F106/><W64/><G30/><T114/><D109/><U100/><E128/><V17/><F102/><W50/><G82/><T87/><D122/><U42/><E84/><V95/><F95/><W68/><G89/><T11/><REACH who="0" step="1"/><D87/><REACH who="0" ten="221,469,160,140" step="2"/><U97/><E97/><V105/><F74/><W110/><G121/><T79/><D79/><U46/><E62/><V81/><F73/><W104/><G104/><T52/><D52/><U57/><E98/><V33/><F105/><W85/><G85/><T72/><D72/><U22/><E61/><V76/><F76/><W31/><G39/><T34/><D34/><U113/><E32/><V56/><F81/><W9/><G37/><T83/><D83/><U118/><E42/><V92/><F92/><W48/><G43/><T0/><D0/><U53/><E53/><V90/><F94/><W36/><G41/><T5/><D5/><U133/><E40/><V1/><F99/><W132/><G36/><T4/><D4/><U77/><E77/><V117/><F33/><W35/><G35/><T49/><D49/><U47/><E118/><V66/><F117/><W103/><G110/><T19/><D19/><U67/><E18/><V55/><F17/><W115/><G108/><T93/><D93/><U135/><E100/><V8/><F101/><W116/><G103/><T78/><D78/><U134/><E134/><V23/><F55/><W25/><G116/><T21/><D21/><U120/><E135/><V12/><F23/><RYUUKYOKU ba="0,1" sc="221,30,469,-10,160,-10,140,-10" hai0="2,3,6,7,10,11,54,59,63,114,129,130,131" />
</Scene>
<Scene>
<INIT seed="6,1,1,4,0,10" ten="251,459,150,130" oya="2" hai0="23,116,135,81,44,113,92,96,93,121,0,28,99" hai1="33,130,90,34,12,64,128,49,22,103,68,131,3" hai2="29,2,65,17,53,6,45,86,74,59,14,36,51" hai3="101,18,119,60,54,98,1,27,69,78,76,106,72"/><V75/><F29/><W120/><G119/><T112/><D121/><U5/><E103/><V133/><F133/><W127/><G120/><T48/><D0/><U24/><E3/><V37/><F6/><W11/><G127/><T67/><D135/><U30/><E49/><V115/><F2/><W25/><G1/><T109/><D109/><U16/><E5/><V55/><F115/><N who="0" m="44106" /><D116/><U114/><E114/><V102/><F65/><W43/><G43/><N who="0" m="24607" /><D81/><U32/><E90/><V126/><F102/><W88/><G72/><T62/><D23/><U107/><E107/><V63/><F126/><W15/><G76/><T105/><D28/><U21/><E64/><V80/><F75/><W82/><G78/><T20/><D20/><U123/><E123/><V7/><F7/><W111/><G111/><T39/><D39/><U19/><E68/><V108/><F74/><W110/><G110/><T77/><D77/><U117/><E117/><V66/><F66/><W58/><REACH who="3" step="1"/><G69/><REACH who="3" ten="251,459,150,120" step="2"/><N who="0" m="42231" /><D105/><U8/><E128/><V52/><F108/><W97/><G97/><AGARI ba="1,2" hai="92,93,96,97,99" m="42231,24607,44106" machi="97" ten="30,1000,0" yaku="15,1" doraHai="10" who="0" fromWho="3" sc="251,33,459,0,150,0,120,-13" />
</Scene>
<Scene>
<INIT seed="7,0,0,4,0,131" ten="284,459,150,107" oya="3" hai0="130,46,59,67,30,127,39,6,95,42,117,26,61" hai1="23,53,17,119,3,7,65,0,63,72,43,115,35" hai2="84,107,14,71,80,18,122,62,82,29,124,73,99" hai3="120,49,41,68,31,25,33,12,58,57,21,55,129"/><W88/><G120/><T89/><D130/><U15/><E72/><V64/><F122/><W114/><G129/><T5/><D127/><U102/><E35/><V123/><F123/><W37/><G68/><T70/><D117/><U128/><E128/><V93/><F124/><W66/><G114/><T87/><D70/><U125/><E125/><V9/><F107/><W79/><G79/><T54/><D54/><U40/><E115/><V94/><F73/><W77/><G77/><T1/><D1/><U19/><E102/><V97/><F29/><W113/><G113/><T74/><D74/><U109/><E109/><V36/><F36/><W76/><G76/><T133/><D133/><U83/><E83/><V78/><F82/><W81/><G66/><T51/><D39/><U96/><E96/><V45/><F45/><W27/><G12/><T69/><D69/><U20/><E53/><V112/><F112/><W132/><G37/><T60/><D61/><U52/><E52/><V121/><F121/><W47/><G132/><T104/><D104/><U86/><E86/><V98/><AGARI ba="0,0" hai="9,14,18,62,64,71,78,80,84,93,94,97,98,99" machi="98" ten="30,1100,0" yaku="0,1" doraHai="131" who="2" fromWho="2" sc="284,-3,459,-3,150,11,107,-5" owari="281,8.0,456,56.0,161,-24.0,102,-40.0" />
</Scene>
</mjloggm>