<mjloggm ver="2.3"><GO type="169" lobby="0"/><UN n0="%E3%83%81%E3%83%BC%E3%82%BF%E3%83%BC" n1="%74%6F%6D%6F%79%75" n2="%E8%B7%AF%E5%9C%B0%E8%A3%8F%E3%81%AE%E3%81%B2%E3%81%BE%E3%82%8F%E3%82%8A" n3="%E5%A4%AA%E3%81%8F%E3%81%AA%E3%81%84%E3%81%8A" dan="16,16,16,18" rate="2132.97,2064.36,2132.33,2224.43" sx="M,M,M,F"/><TAIKYOKU oya="0"/>

<Scene>
<INIT seed="0,0,0,3,3,69" ten="250,250,250,250" oya="0" hai0="65,115,129,114,131,61,117,0,107,126,100,124,121" hai1="84,120,41,62,96,1,51,5,49,104,106,116,45" hai2="83,67,54,113,77,68,127,102,132,88,10,98,14" hai3="134,37,48,111,20,27,50,29,11,15,57,43,53"/><T47/><D0/><U2/><E120/><V30/><F113/><N who="0" m="43018" /><D100/><U39/><E116/><V122/><F122/><W92/><G111/><T33/><D33/><U70/><E84/><V13/><F30/><W44/><G134/><T86/><D86/><U90/><E90/><V81/><F132/><W26/><G92/><T73/><D73/><U58/><E70/><V101/><F67/><W9/><G26/><T8/><D8/><U46/><E51/><V72/><F68/><W32/><G32/><T99/><D99/><U79/><E79/><V75/><F54/><W17/><REACH who="3" step="1"/><G11/><REACH who="3" ten="250,250,250,240" step="2"/><T125/><D107/><U52/><E106/><V4/><F10/><W87/><G87/><T34/><D34/><U24/><E24/><V28/><F75/><W60/><AGARI ba="0,1" hai="9,15,17,20,27,29,37,43,44,48,50,53,57,60" machi="60" ten="20,5200,0" yaku="1,1,0,1,7,1,52,1,53,0" doraHai="69" doraHaiUra="97" who="3" fromWho="3" sc="250,-26,250,-13,250,-13,240,62" />
</Scene>
<Scene>
<INIT seed="1,0,0,3,3,49" ten="224,237,237,302" oya="1" hai0="127,119,0,58,24,19,81,68,74,100,61,59,108" hai1="121,120,130,16,7,2,106,55,72,39,123,129,27" hai2="48,5,29,93,87,60,28,20,97,62,79,70,3" hai3="101,84,102,6,41,91,114,13,25,51,124,131,92"/><U99/><E72/><V36/><F36/><W73/><G114/><T116/><D0/><U132/><E39/><V88/><F70/><W110/><G73/><T66/><D127/><U118/><E118/><V23/><F3/><W43/><G124/><T134/><D100/><N who="3" m="38505" /><G110/><T35/><D108/><U85/><E99/><V22/><F5/><W77/><G131/><N who="1" m="50186" /><E106/><V33/><F48/><W117/><G117/><T94/><D134/><U133/><E85/><V86/><F33/><W103/><G103/><T111/><D111/><U4/><E55/><V90/><F79/><W83/><G77/><T65/><D94/><U89/><E89/><V9/><F9/><N who="3" m="4279" /><G92/><T47/><D81/><U42/><E42/><V107/><F107/><W115/><G115/><T10/><D74/><U109/><E109/><V126/><F126/><W78/><G91/><T67/><D68/><U96/><E96/><V69/><F69/><W45/><G43/><T57/><D119/><U37/><E37/><V15/><F97/><W98/><G98/><T64/><D116/><U30/><E30/><N who="2" m="11883" /><F15/><W50/><G41/><T135/><D61/><U52/><E7/><V104/><F104/><W95/><G78/><T53/><D67/><U80/><E4/><V1/><F1/><W82/><G84/><T76/><D76/><U63/><E2/><V113/><F113/><W56/><G51/><T32/><D66/><U128/><E128/><V31/><N who="2" m="11891" /><V75/><DORA hai="54" /><F75/><W71/><G50/><T17/><D65/><U34/><E34/><V125/><F125/><W112/><G112/><T40/><D35/><RYUUKYOKU ba="0,0" sc="224,-10,237,-10,237,30,302,-10" hai2="20,22,23,60,62,86,87,88,90,93" />
</Scene>
<Scene>
<INIT seed="2,1,0,1,2,37" ten="214,227,267,292" oya="2" hai0="97,89,1,71,102,25,70,82,108,110,59,121,13" hai1="125,75,87,26,122,123,111,78,66,48,60,57,119" hai2="42,94,99,31,64,74,46,50,88,95,7,106,41" hai3="43,65,130,131,38,107,0,77,120,36,21,135,132"/><V84/><F74/><W44/><G107/><T16/><D1/><U47/><E119/><V33/><F106/><W51/><G0/><T3/><D3/><U35/><E75/><V55/><F64/><W49/><G77/><T98/><D25/><U69/><E125/><V24/><F7/><W133/><G21/><T114/><D114/><U96/><E111/><N who="0" m="42537" /><D121/><N who="1" m="46091" /><E96/><N who="0" m="36969" /><D59/><U68/><E78/><V73/><F73/><W2/><G2/><T23/><D102/><AGARI ba="1,0" hai="24,31,33,41,42,46,50,55,84,88,94,95,99,102" machi="102" ten="30,11600,0" yaku="7,1,52,2,54,1" doraHai="37" who="2" fromWho="0" sc="214,-119,227,0,267,119,292,0" />
</Scene>
<Scene>
<INIT seed="2,2,0,0,0,13" ten="95,227,386,292" oya="2" hai0="69,5,38,7,135,77,126,98,57,115,63,101,6" hai1="87,102,25,29,79,43,10,75,93,125,30,66,21" hai2="113,26,117,131,86,61,27,59,55,47,119,46,123" hai3="14,45,109,72,92,58,62,53,132,23,118,89,134"/><V1/><F123/><W71/><G118/><T81/><D69/><U110/><E125/><V11/><F113/><W105/><G105/><T28/><D38/><U34/><E110/><V124/><F124/><W19/><G72/><T70/><D70/><U80/><E66/><V65/><F131/><W100/><G109/><T49/><D115/><U82/><E43/><V40/><F117/><W91/><G71/><T133/><D49/><U127/><E127/><V74/><F74/><W120/><G120/><T48/><D48/><U103/><E93/><V76/><F65/><W12/><G45/><T90/><D90/><U99/><E99/><V17/><F47/><W111/><G111/><T104/><D28/><U52/><E10/><V39/><F119/><W84/><G100/><T18/><D126/><U108/><E108/><V67/><F67/><W129/><G129/><T36/><D36/><U42/><E42/><V121/><F121/><W2/><G2/><T32/><D32/><U128/><E128/><V96/><F1/><W112/><G112/><T16/><D57/><U68/><E68/><V83/><REACH who="2" step="1"/><F96/><REACH who="2" ten="95,227,376,292" step="2"/><W130/><G130/><T0/><D0/><U106/><E75/><V122/><F122/><W50/><G132/><N who="0" m="50763" /><D63/><U35/><E35/><V15/><AGARI ba="2,1" hai="11,15,17,26,27,39,40,46,55,59,61,76,83,86" machi="15" ten="30,11700,0" yaku="1,1,0,1,52,1,53,1" doraHai="13" doraHaiUra="37" who="2" fromWho="2" sc="95,-41,227,-41,376,133,292,-41" />
</Scene>
<Scene>
<INIT seed="2,3,0,4,5,57" ten="54,186,509,251" oya="2" hai0="66,6,131,19,63,109,132,14,24,31,70,106,92" hai1="121,93,98,40,2,125,61,104,33,130,107,76,96" hai2="68,54,11,133,86,27,72,99,71,129,29,118,12" hai3="20,51,112,47,32,114,111,82,34,25,21,18,65"/><V85/><F72/><W36/><G36/><T78/><D106/><U5/><E33/><V80/><F118/><W22/><G65/><T103/><D109/><U28/><E28/><V46/><F129/><W16/><G82/><T17/><D131/><U75/><E130/><V52/><F99/><W45/><G111/><T38/><D38/><U115/><E115/><N who="3" m="44074" /><G47/><T110/><D78/><U90/><E76/><V81/><F133/><W134/><G134/><T44/><D132/><U74/><E121/><V7/><F85/><W67/><G67/><T1/><D110/><U105/><E98/><V15/><F81/><W127/><G127/><T83/><D83/><U108/><E125/><V10/><F46/><W39/><G39/><T100/><D44/><U135/><E108/><V64/><F64/><W126/><G126/><T9/><D92/><U56/><E135/><V119/><F71/><W128/><G128/><T13/><D13/><U53/><E40/><V26/><F68/><W102/><G102/><T23/><REACH who="0" step="1"/><D19/><REACH who="0" ten="44,186,509,251" step="2"/><U59/><E2/><V43/><F15/><W113/><G113/><T69/><D69/><U8/><E107/><V97/><F12/><W4/><G18/><T48/><D48/><N who="1" m="30759" /><E105/><V77/><F77/><W124/><G124/><T35/><AGARI ba="3,1" hai="1,6,9,14,17,23,24,31,35,63,66,70,100,103" machi="35" ten="20,12000,2" yaku="1,1,0,1,7,1,24,2,52,1,53,0" doraHai="57" doraHaiUra="42" who="0" fromWho="0" sc="44,139,186,-33,509,-63,251,-33" />
</Scene>
<Scene>
<INIT seed="3,0,0,5,0,32" ten="183,153,446,218" oya="3" hai0="80,47,81,77,135,97,109,13,118,112,65,16,30" hai1="44,21,46,39,78,91,84,63,107,95,102,17,105" hai2="51,100,116,41,131,4,36,22,50,125,75,72,45" hai3="55,27,1,128,29,104,74,3,6,73,126,54,49"/><W67/><G104/><T82/><D118/><U90/><E107/><V68/><F116/><W71/><G6/><T42/><D109/><U130/><E130/><V24/><F68/><W0/><G128/><T43/><D135/><U15/><E105/><V87/><F131/><W99/><G99/><T62/><D30/><U123/><E123/><V134/><F100/><W58/><G126/><T132/><D97/><U96/><E78/><V66/><F66/><W119/><G119/><T85/><D132/><U83/><E39/><V88/><F4/><W101/><G101/><T103/><D103/><U10/><E90/><V53/><F36/><W92/><G92/><T57/><D112/><U113/><E113/><V25/><F25/><W31/><G55/><T111/><D111/><U14/><REACH who="1" step="1"/><E63/><REACH who="1" ten="183,143,446,218" step="2"/><V19/><F134/><W115/><G115/><T5/><D77/><U76/><E76/><V26/><F88/><W9/><G73/><T18/><D62/><U23/><E23/><V114/><F72/><W7/><G74/><T56/><D85/><U122/><E122/><V59/><F87/><W129/><G129/><T120/><D120/><U108/><E108/><V34/><F75/><W20/><REACH who="3" step="1"/><G31/><REACH who="3" ten="183,143,446,208" step="2"/><T70/><D81/><U12/><E12/><V40/><F114/><W69/><G69/><T133/><D80/><U106/><E106/><V89/><F125/><W2/><G2/><T60/><D82/><U124/><E124/><V117/><F117/><W110/><G110/><T8/><D133/><U79/><E79/><V121/><F121/><W48/><G48/><T86/><D70/><RYUUKYOKU ba="0,2" sc="183,-15,143,15,446,-15,208,15" hai1="10,14,15,17,21,44,46,83,84,91,95,96,102" hai3="0,1,3,7,9,20,27,29,49,54,58,67,71" />
</Scene>
<Scene>
<INIT seed="3,1,2,1,0,75" ten="168,158,431,223" oya="3" hai0="77,69,112,133,105,118,120,108,17,62,127,56,35" hai1="29,6,46,100,33,3,134,93,22,119,104,84,80" hai2="15,116,90,103,13,54,74,97,41,0,53,44,91" hai3="106,36,16,12,68,25,113,45,95,7,50,92,20"/><W58/><G113/><T86/><RYUUKYOKU type="yao9" ba="1,2" sc="168,0,158,0,431,0,223,0" hai0="17,35,56,62,69,77,86,105,108,112,118,120,127,133" />
</Scene>
<Scene>
<INIT seed="3,2,2,5,4,75" ten="168,158,431,223" oya="3" hai0="54,77,76,133,103,52,56,82,71,27,113,57,95" hai1="91,68,84,5,43,58,45,14,88,62,83,122,7" hai2="99,73,112,21,0,50,16,31,81,38,60,30,61" hai3="9,128,109,28,118,64,134,130,25,20,115,72,34"/><W117/><G64/><T48/><D71/><U35/><E122/><V123/><F38/><W11/><G72/><T121/><D121/><U108/><E68/><V114/><F0/><W90/><G90/><T132/><D113/><U44/><E35/><V19/><F123/><W23/><G115/><T80/><D27/><U36/><E108/><V4/><F4/><W98/><G98/><N who="0" m="59871" /><D82/><U110/><E110/><V97/><F114/><W124/><G109/><T85/><D85/><U49/><E14/><V67/><F81/><W126/><G134/><N who="0" m="51819" /><D80/><U51/><E91/><V41/><F73/><W70/><G70/><T129/><D129/><N who="3" m="49769" /><G34/><T104/><D104/><U101/><E101/><V10/><F112/><W42/><G42/><T106/><D106/><U66/><REACH who="1" step="1"/><E36/><REACH who="1" ten="168,148,431,223" step="2"/><V127/><F99/><W40/><G118/><T8/><D8/><N who="3" m="3145" /><G117/><T93/><D93/><U79/><E79/><V87/><F97/><W63/><G23/><T33/><D33/><U86/><E86/><V120/><F87/><W96/><G96/><T69/><D69/><U119/><E119/><V18/><F21/><W105/><G105/><T26/><D26/><U65/><E65/><V102/><F67/><W39/><G39/><T55/><D55/><AGARI ba="2,3" hai="5,7,43,44,45,49,51,55,58,62,66,83,84,88" machi="55" ten="30,7700,0" yaku="1,1,7,1,8,1,54,1,53,0" doraHai="75" doraHaiUra="29" who="1" fromWho="0" sc="168,-83,148,113,431,0,223,0" />
</Scene>
<Scene>
<INIT seed="4,0,0,4,1,124" ten="85,261,431,223" oya="0" hai0="56,99,32,92,119,31,34,111,8,17,71,49,126" hai1="7,10,128,78,51,0,33,65,67,18,120,98,69" hai2="88,48,35,86,81,39,9,68,26,29,110,106,116" hai3="77,6,36,61,96,113,72,79,87,109,60,30,28"/><T95/><D71/><U103/><E120/><V45/><F116/><W91/><G109/><T25/><D119/><U4/><E4/><V83/><F39/><W11/><G36/><T55/><D111/><U13/><E33/><V2/><F68/><W130/><G113/><T75/><D75/><U54/><E78/><V104/><F110/><W41/><G41/><T22/><D126/><U14/><E0/><V84/><F9/><W76/><G96/><T64/><D64/><U40/><E40/><V46/><F2/><W59/><G72/><T90/><D8/><U23/><E69/><V66/><F66/><W53/><G61/><T94/><REACH who="0" step="1"/><D34/><REACH who="0" ten="75,261,431,223" step="2"/><U121/><E121/><V123/><F123/><W134/><G134/><T115/><D115/><U100/><E65/><V21/><F35/><W80/><REACH who="3" step="1"/><G130/><REACH who="3" ten="75,261,431,213" step="2"/><T112/><D112/><U133/><E128/><V70/><F70/><W85/><G85/><T135/><D135/><U125/><E133/><V105/><F86/><W1/><AGARI ba="0,2" hai="1,6,11,28,30,53,59,60,76,77,79,80,87,91" machi="1" ten="30,2000,0" yaku="1,1,0,1,53,0" doraHai="124" doraHaiUra="114" who="3" fromWho="3" sc="75,-10,261,-5,431,-5,213,40" />
</Scene>
<Scene>
<INIT seed="5,0,0,3,4,82" ten="65,256,426,253" oya="1" hai0="85,35,103,37,115,128,101,27,14,50,55,88,118" hai1="16,38,49,75,24,60,47,127,100,7,123,22,40" hai2="65,129,42,131,92,98,32,72,105,5,64,1,94" hai3="33,86,63,6,48,17,9,125,20,0,54,41,70"/><U89/><E123/><V122/><F122/><W23/><G33/><T106/><D37/><U80/><E127/><V108/><F108/><W2/><G2/><T81/><D118/><U29/><E100/><V11/><F72/><W69/><G125/><T117/><D117/><U61/><E7/><V134/><F32/><W62/><G41/><T58/><D128/><N who="2" m="49226" /><F134/><W76/><G62/><T119/><D119/><U111/><E111/><V25/><F25/><W120/><G120/><T124/><D124/><U3/><E3/><V78/><F78/><W30/><G30/><T83/><D115/><U18/><E75/><V121/><F42/><W135/><G135/><T51/><D106/><U113/><E113/><V43/><F43/><W73/><G73/><T68/><D68/><U4/><E4/><V97/><F105/><W130/><G130/><T13/><D51/><U67/><E38/><V91/><F121/><W102/><G76/><T107/><D83/><U52/><E40/><V12/><F1/><W26/><G0/><T79/><D79/><U133/><E133/><V36/><F36/><W59/><G26/><T104/><D104/><U46/><E47/><V39/><F39/><W90/><G6/><T71/><D71/><U87/><E61/><V56/><F56/><AGARI ba="0,0" hai="16,18,22,24,29,46,49,52,56,60,67,80,87,89" machi="56" ten="30,12000,1" yaku="7,1,8,1,52,1,54,2" doraHai="82" who="1" fromWho="2" sc="65,0,256,120,426,-120,253,0" />
</Scene>
<Scene>
<INIT seed="5,1,0,3,3,116" ten="65,376,306,253" oya="1" hai0="104,100,84,99,9,63,27,78,75,77,26,98,83" hai1="70,133,3,120,35,69,51,22,80,46,105,68,37" hai2="111,47,66,110,36,108,24,93,95,134,14,79,96" hai3="115,130,76,118,6,88,113,64,109,17,34,59,2"/><U8/><E35/><V101/><F134/><W32/><G109/><T112/><D112/><N who="3" m="43081" /><G76/><T41/><D41/><U72/><E105/><V127/><F127/><W39/><G39/><T58/><D9/><U7/><E133/><V85/><F66/><W124/><G124/><T23/><D98/><U57/><E22/><V10/><F24/><W135/><G135/><T29/><D27/><U91/><E57/><V81/><F95/><W40/><G40/><T31/><D31/><U60/><E60/><V33/><F33/><W5/><G118/><T74/><REACH who="0" step="1"/><D78/><REACH who="0" ten="55,376,306,253" step="2"/><U71/><E8/><V20/><F108/><W107/><G130/><T103/><D103/><U15/><E15/><V42/><REACH who="2" step="1"/><F20/><REACH who="2" ten="55,376,296,253" step="2"/><W82/><G32/><T86/><D86/><U13/><E72/><V30/><F30/><W131/><G34/><T123/><D123/><U122/><E122/><V12/><F12/><W73/><G73/><T94/><D94/><U102/><E13/><V117/><F117/><W21/><G21/><T67/><AGARI ba="1,2" hai="23,26,29,58,63,67,74,75,77,83,84,99,100,104" machi="67" ten="20,2700,0" yaku="1,1,0,1,7,1,53,0" doraHai="116" doraHaiUra="44" who="0" fromWho="0" sc="55,50,376,-14,296,-8,253,-8" />
</Scene>
<Scene>
<INIT seed="6,0,0,4,0,33" ten="105,362,288,245" oya="2" hai0="17,8,53,75,94,90,38,48,79,23,3,61,65" hai1="114,130,29,20,19,129,86,7,134,82,77,119,31" hai2="83,60,104,97,30,125,80,4,127,70,120,108,43" hai3="37,102,9,67,18,10,28,6,76,105,12,115,32"/><V101/><F120/><W54/><G37/><T66/><D38/><U88/><E119/><V69/><F108/><W128/><G128/><N who="1" m="49258" /><E114/><V87/><F43/><W14/><G67/><T109/><D109/><U132/><E7/><V24/><F4/><W122/><G122/><T35/><D35/><U92/><E29/><V100/><F100/><W25/><G76/><T78/><D75/><N who="1" m="43327" /><E31/><V121/><F121/><W21/><G54/><T68/><D66/><U89/><E89/><N who="2" m="51431" /><F83/><W126/><G102/><T51/><D51/><U133/><E133/><V111/><F111/><W74/><G74/><T27/><D8/><U124/><E124/><N who="2" m="47691" /><F60/><W50/><G126/><T47/><REACH who="0" step="1"/><D3/><REACH who="0" ten="95,362,288,245" step="2"/><U99/><E134/><V123/><F123/><W118/><G50/><T40/><D40/><U64/><E132/><V131/><F131/><W63/><G63/><T135/><D135/><U107/><E64/><V112/><F112/><W55/><G115/><T26/><D26/><U46/><E20/><AGARI ba="0,1" hai="20,24,30,69,70,97,101,104" m="47691,51431" machi="20" ten="30,1500,0" yaku="18,1" doraHai="33" who="2" fromWho="1" sc="95,0,362,-15,288,25,245,0" />
</Scene>
<Scene>
<INIT seed="6,1,0,3,0,54" ten="95,347,313,245" oya="2" hai0="29,132,73,53,107,22,108,125,19,110,123,60,24" hai1="5,69,52,15,16,26,85,67,51,92,46,113,74" hai2="1,47,96,25,83,90,49,109,77,88,34,17,117" hai3="129,59,32,119,103,36,98,64,31,30,8,122,23"/><V4/><F117/><W111/><G119/><T76/><D107/><U94/><E74/><V115/><F115/><W33/><G111/><T134/><D76/><U71/><E113/><V95/><F109/><N who="0" m="42090" /><D73/><U118/><E118/><V37/><F37/><W14/><G122/><T112/><D60/><U87/><E71/><V61/><F61/><N who="3" m="37951" /><G36/><T102/><D102/><U120/><E120/><V39/><F39/><W104/><G104/><T42/><D53/><U93/><E67/><V45/><F4/><W55/><G55/><T48/><D48/><U72/><E69/><V50/><F1/><W3/><G3/><T44/><D44/><N who="2" m="16970" /><F34/><W114/><G114/><T11/><D42/><U133/><E133/><N who="0" m="51305" /><D112/><U35/><E72/><V7/><F7/><W86/><G103/><T106/><D106/><U78/><E78/><V89/><F77/><W27/><G98/><T101/><D101/><U116/><E116/><V126/><F90/><W12/><G86/><T124/><D123/><U41/><E41/><V128/><F89/><W2/><G2/><T68/><D68/><U0/><E0/><V100/><F100/><W62/><G62/><T80/><D80/><U65/><E87/><V20/><F83/><W43/><G43/><T13/><AGARI ba="1,0" hai="11,13,19,22,24,29,124,125" m="51305,42090" machi="13" ten="40,5200,0" yaku="20,1,34,2" doraHai="54" who="0" fromWho="0" sc="95,55,347,-14,313,-27,245,-14" />
</Scene>
<Scene>
<INIT seed="7,0,0,2,0,117" ten="150,333,286,231" oya="3" hai0="110,2,116,26,78,134,130,47,19,1,12,34,3" hai1="125,96,44,98,131,29,73,59,122,133,112,126,43" hai2="74,91,71,20,84,85,92,31,4,121,49,94,27" hai3="115,5,111,70,32,58,97,105,68,16,128,50,79"/><W48/><G32/><T11/><D78/><U53/><E73/><V28/><F74/><W113/><G5/><T66/><D66/><U33/><E122/><V106/><F106/><W77/><G128/><T30/><D47/><U52/><E131/><V21/><F71/><N who="3" m="27179" /><G111/><T17/><D130/><U8/><E112/><N who="3" m="43082" /><G16/><N who="0" m="8223" /><D116/><U10/><E29/><V80/><F4/><W102/><G50/><T89/><D89/><U99/><E33/><V64/><F49/><W83/><G83/><T107/><D107/><U61/><E53/><AGARI ba="0,0" hai="48,53,58,77,79,97,102,105" m="43082,27179" machi="53" ten="30,1500,0" yaku="15,1" doraHai="117" who="3" fromWho="1" sc="150,0,333,-15,286,0,231,15" />
</Scene>
<Scene>
<INIT seed="7,1,0,2,0,9" ten="150,318,286,246" oya="3" hai0="123,75,122,67,17,54,131,50,37,51,96,52,40" hai1="66,114,89,91,8,43,27,100,23,21,15,19,109" hai2="86,56,62,88,10,18,82,99,87,24,125,104,115" hai3="42,38,63,98,83,34,39,68,57,126,97,60,79"/><W20/><G34/><T102/><D75/><U106/><E109/><V73/><F73/><W93/><G126/><T1/><D1/><U58/><E114/><V130/><F115/><W44/><G68/><T133/><D37/><U47/><E100/><V80/><F125/><W55/><G39/><T117/><D117/><U12/><E106/><V118/><F118/><W92/><G63/><T127/><D40/><U7/><E58/><V25/><F130/><W108/><G108/><T64/><D127/><U81/><E66/><N who="2" m="39239" /><F99/><W69/><G69/><T53/><D131/><U129/><E129/><V29/><F29/><W110/><G110/><T6/><D6/><U35/><E35/><V85/><F104/><W14/><G98/><T90/><D90/><U121/><E81/><V107/><F86/><W13/><G20/><T11/><D133/><U28/><E121/><V78/><F107/><W119/><G119/><T76/><D76/><U72/><E72/><V71/><F71/><W116/><G116/><T65/><D122/><U105/><E105/><V120/><F120/><W74/><REACH who="3" step="1"/><G92/><REACH who="3" ten="150,318,286,236" step="2"/><N who="0" m="58631" /><D123/><U22/><E21/><V4/><F4/><W3/><G3/><T77/><D77/><U46/><E23/><V124/><F124/><W101/><AGARI ba="1,1" hai="13,14,38,42,44,55,57,60,74,79,83,93,97,101" machi="101" ten="20,18000,2" yaku="1,1,0,1,7,1,52,2,53,1" doraHai="9" doraHaiUra="48" who="3" fromWho="3" sc="150,-61,318,-61,286,-61,236,193" owari="89,-41.0,257,6.0,225,-17.0,429,52.0" />
</Scene>
</mjloggm>