<mjloggm ver="2.3"><GO type="193"/><UN n0="%4F%52%54" n1="%75%6D%61%74%74" n2="%E5%A4%AA%E3%81%8F%E3%81%AA%E3%81%84%E3%81%8A" n3="%2A%73%75%6D%6D%65%72%2A" dan="11,11,11,12" rate="1850,1682,1781,1779" sx="M,M,M,M"/><TAIKYOKU oya="0"/>

<Scene>
<INIT seed="0,0,0,3,5,106" ten="250,250,250,250" oya="0" hai0="95,75,119,22,0,67,100,99,30,32,78,79,121" hai1="69,13,15,114,1,31,24,16,93,12,63,14,25" hai2="50,82,6,36,52,60,120,94,21,42,76,77,48" hai3="51,118,53,115,111,3,26,74,11,59,10,116,97"/><T89/><D32/><U134/><E93/><V90/><F120/><W54/><G115/><T123/><D121/><U71/><E63/><V86/><F6/><W104/><G111/><T70/><D123/><U27/><E71/><V124/><F124/><W91/><G26/><N who="1" m="10346" /><E69/><V40/><F36/><W64/><G64/><T72/><D119/><U5/><E134/><V112/><F112/><W17/><G74/><T20/><D30/><U96/><E96/><V58/><F21/><W92/><G104/><T105/><D0/><U113/><N who="1" m="3584" /><DORA hai="122" /><U43/><E43/><N who="2" m="16427" /><F77/><W28/><G118/><T37/><D37/><U57/><E57/><V44/><F44/><W127/><G116/><T73/><D67/><U7/><E1/><V125/><F125/><W8/><G127/><T129/><D70/><U131/><E131/><V47/><F47/><W83/><G3/><T103/><D129/><U65/><E65/><V45/><F45/><W135/><G135/><T128/><D128/><U109/><E109/><V107/><F107/><W101/><G59/><T117/><D117/><U80/><E80/><V29/><F29/><W18/><G28/><T56/><D56/><U34/><E16/><V61/><F61/><W133/><G17/><T46/><D46/><U41/><E41/><V110/><F110/><W68/><G18/><T49/><D49/><U2/><E5/><V132/><F132/><W102/><G133/><T4/><D4/><U19/><E19/><V38/><F38/><W98/><G68/><T23/><D105/><U81/><E81/><V9/><F82/><W88/><G83/><RYUUKYOKU ba="0,0" sc="250,15,250,15,250,-15,250,-15" hai0="20,22,23,72,73,75,78,79,89,95,99,100,103" hai1="2,7,27,31,34,113,114" />
</Scene>
<Scene>
<INIT seed="0,1,0,2,3,3" ten="265,265,235,235" oya="0" hai0="59,41,107,33,103,75,27,26,135,61,68,120,0" hai1="115,123,81,97,108,88,67,2,14,121,126,89,104" hai2="114,94,56,40,1,5,10,106,29,6,91,76,84" hai3="127,70,34,86,57,60,80,24,55,96,63,77,101"/><T45/><D120/><U116/><E2/><V18/><F106/><W113/><G113/><T39/><D59/><U133/><E116/><V110/><F114/><W95/><G127/><T111/><D26/><U38/><E38/><V8/><F110/><W122/><G122/><T131/><D111/><U130/><E126/><V53/><F29/><W54/><G54/><T31/><D131/><U87/><E108/><V9/><F40/><W30/><REACH who="3" step="1"/><G70/><REACH who="3" ten="265,265,235,225" step="2"/><T21/><D135/><U100/><E115/><V72/><F1/><W62/><AGARI ba="1,1" hai="24,30,34,55,57,60,62,63,77,80,86,95,96,101" machi="62" ten="20,8000,1" yaku="1,1,2,1,0,1,7,1,53,1" doraHai="3" doraHaiUra="98" who="3" fromWho="3" sc="265,-41,265,-21,235,-21,225,93" />
</Scene>
<Scene>
<INIT seed="1,0,0,3,2,12" ten="224,244,214,318" oya="1" hai0="65,62,70,55,114,32,0,28,117,16,43,61,71" hai1="34,73,105,18,19,102,45,52,42,116,118,69,1" hai2="46,111,39,2,13,74,87,41,21,9,84,91,134" hai3="132,77,80,60,57,59,5,88,108,82,104,122,25"/><U14/><E73/><V54/><F74/><W85/><G122/><T103/><D117/><U92/><E69/><V7/><F111/><W128/><G108/><T64/><D114/><U8/><E1/><V58/><F134/><W66/><G132/><T38/><D0/><U93/><E34/><V133/><F133/><W81/><G104/><T121/><D121/><U123/><E123/><V94/><F84/><N who="3" m="48143" /><G5/><T89/><D103/><U112/><E112/><V127/><F127/><W33/><G33/><T98/><D28/><U125/><E125/><V131/><F131/><W96/><G128/><T107/><D32/><U11/><E116/><V113/><F113/><W72/><G72/><T26/><D107/><U75/><E75/><V63/><F21/><W24/><G96/><T76/><D76/><U119/><E118/><V68/><F68/><W99/><G99/><T100/><D100/><U29/><E29/><V106/><F106/><W22/><G59/><T124/><D124/><U83/><E119/><V95/><REACH who="2" step="1"/><F2/><REACH who="2" ten="224,244,204,318" step="2"/><W15/><G22/><T86/><D71/><U6/><E105/><V79/><F79/><W30/><G85/><T109/><D70/><U135/><E135/><V56/><F56/><W20/><G57/><T120/><D120/><U78/><E78/><V44/><F44/><W27/><G20/><T130/><D109/><U10/><E45/><V31/><F31/><W126/><G30/><T48/><D130/><U51/><E42/><V40/><F40/><W47/><G126/><T67/><D38/><U50/><E83/><AGARI ba="0,1" hai="7,9,13,39,41,46,54,58,63,83,87,91,94,95" machi="83" ten="30,2000,0" yaku="1,1,7,1,53,0" doraHai="12" doraHaiUra="115" who="2" fromWho="1" sc="224,0,244,-20,204,30,318,0" />
</Scene>
<Scene>
<INIT seed="2,0,0,3,2,82" ten="224,224,234,318" oya="2" hai0="3,53,102,12,70,14,124,47,135,36,98,76,131" hai1="100,16,87,114,32,38,81,1,23,20,43,25,97" hai2="6,68,10,15,56,59,75,91,48,107,86,52,89" hai3="88,42,93,2,67,26,78,129,17,126,83,103,72"/><V18/><F68/><W132/><G2/><T111/><D70/><U96/><E114/><V123/><F123/><W44/><G129/><T40/><D3/><U37/><E1/><V45/><F75/><W29/><G126/><T4/><D131/><U66/><E66/><V58/><F107/><W74/><G132/><T109/><D135/><U101/><E43/><V27/><F27/><W130/><G130/><T57/><D124/><U108/><E32/><V46/><F46/><W127/><G127/><T61/><D76/><U95/><E108/><N who="0" m="41545" /><D4/><U39/><E23/><V92/><REACH who="2" step="1"/><F91/><REACH who="2" ten="224,224,224,318" step="2"/><W41/><G72/><T0/><D0/><U8/><E39/><V133/><F133/><W9/><G44/><T51/><D36/><U125/><E125/><V117/><F117/><W24/><G103/><T112/><D112/><U73/><E8/><V94/><F94/><AGARI ba="0,1" hai="12,14,40,47,51,53,57,61,94,98,102" m="41545" machi="94" ten="30,1000,0" yaku="14,1" doraHai="82" who="0" fromWho="2" sc="224,20,224,0,224,-10,318,0" />
</Scene>
<Scene>
<INIT seed="3,0,0,3,1,124" ten="244,224,214,318" oya="3" hai0="131,36,29,83,134,54,79,84,63,21,50,14,89" hai1="104,113,44,53,132,121,49,28,26,5,109,57,60" hai2="123,120,71,72,15,102,55,77,91,4,69,2,8" hai3="73,12,56,7,39,62,67,6,41,66,90,20,3"/><W119/><G119/><T99/><D36/><U101/><E121/><N who="2" m="46667" /><F102/><W19/><G3/><T111/><D111/><U129/><E113/><V17/><F91/><W74/><G67/><T96/><D134/><U130/><E109/><V30/><F30/><W122/><G122/><T34/><D34/><N who="1" m="20759" /><E132/><V58/><F77/><W108/><G108/><T37/><D37/><U76/><E5/><V43/><F43/><W115/><G115/><T78/><D63/><U35/><E35/><V48/><F72/><W94/><G41/><T125/><D125/><U93/><E76/><V117/><F117/><W88/><G39/><T51/><D131/><N who="1" m="50187" /><E104/><V110/><F110/><W106/><G106/><T0/><D0/><U45/><E60/><V107/><F107/><W86/><G73/><T105/><D105/><U33/><E33/><V128/><F128/><W46/><G74/><T114/><D79/><U68/><E68/><V25/><F25/><W70/><G70/><T64/><D64/><U80/><E80/><V16/><F17/><W18/><G19/><N who="0" m="10487" /><D78/><U98/><AGARI ba="0,0" hai="44,45,49,53,57,93,98,101" m="50187,20759" machi="98" ten="30,7900,0" yaku="19,1,52,3" doraHai="124" who="1" fromWho="1" sc="244,-20,224,79,214,-20,318,-39" owari="224,-18.0,303,41.0,194,-31.0,279,8.0" />
</Scene>
</mjloggm>