<mjloggm ver="2.3"><GO type="169"/><UN n0="%E2%84%83%2D%75%74%65" n1="%E7%8B%AC%E6%AD%A9" n2="%E3%81%84%E3%81%A1%E3%81%8B%E3%82%8F%E2%99%AA" n3="%E5%A4%AA%E3%81%8F%E3%81%AA%E3%81%84%E3%81%8A" dan="17,17,16,18" rate="2116,2160,2065,2193" sx="M,M,M,M"/><TAIKYOKU oya="0"/>

<Scene>
<INIT seed="0,0,0,4,4,43" ten="250,250,250,250" oya="0" hai0="133,89,74,48,93,88,37,121,38,80,52,42,14" hai1="19,123,122,18,36,1,81,5,9,75,60,96,113" hai2="76,135,97,24,16,129,23,8,45,13,7,27,22" hai3="33,99,53,109,79,102,114,62,90,82,66,17,125"/><T29/><D121/><U85/><E75/><V56/><F129/><W63/><G114/><T78/><D133/><U31/><E113/><V108/><F135/><W94/><G33/><T100/><D29/><U20/><E36/><V131/><F108/><W110/><G125/><T39/><D42/><U101/><E60/><V41/><F97/><W117/><G117/><T35/><D35/><U91/><E31/><V69/><F69/><W4/><G4/><T70/><D70/><U11/><E11/><V124/><F131/><W128/><G128/><T21/><D100/><U25/><REACH who="1" step="1"/><E18/><REACH who="1" ten="250,240,250,250" step="2"/><V61/><F124/><W54/><G17/><T95/><D38/><U40/><E40/><V58/><F76/><W92/><G62/><T47/><D39/><U126/><E126/><V111/><F111/><W2/><G63/><T127/><D127/><U118/><E118/><V106/><F61/><W51/><G110/><T83/><D37/><U107/><AGARI ba="0,1" hai="1,5,9,19,20,25,81,85,91,96,101,107,122,123" machi="107" ten="20,2700,0" yaku="1,1,0,1,7,1,53,0" doraHai="43" doraHaiUra="49" who="1" fromWho="1" sc="250,-13,240,37,250,-7,250,-7" />
</Scene>
<Scene>
<INIT seed="1,0,0,1,1,105" ten="237,277,243,243" oya="1" hai0="11,33,130,91,66,31,5,62,2,46,32,69,109" hai1="74,122,41,133,94,128,134,57,56,30,108,63,8" hai2="20,23,29,54,65,107,4,132,13,35,49,89,116" hai3="9,95,61,26,18,71,77,50,19,7,6,12,73"/><U101/><E122/><V72/><F107/><W1/><G1/><T127/><D109/><U135/><E108/><V129/><F65/><W59/><G71/><T55/><D130/><U21/><E128/><V42/><F42/><W111/><G111/><T40/><D127/><U115/><E115/><V53/><F129/><W3/><G3/><T125/><D125/><U36/><E8/><V0/><F0/><W92/><G50/><T84/><D55/><U51/><E36/><V79/><F89/><W81/><G6/><T126/><D31/><U120/><E120/><V48/><F132/><W106/><G106/><T43/><D126/><U100/><E74/><V93/><F116/><W80/><G80/><T70/><D70/><U99/><E100/><V90/><F35/><W83/><G83/><T104/><D104/><U76/><E76/><V124/><F29/><W87/><G73/><T16/><D43/><U67/><E41/><V121/><F79/><W75/><G75/><T119/><D119/><U102/><E102/><V97/><F72/><W25/><G25/><T38/><REACH who="0" step="1"/><D16/><REACH who="0" ten="227,277,243,243" step="2"/><N who="3" m="6185" /><G26/><T98/><D98/><U45/><E30/><V58/><F124/><W82/><G77/><T118/><D118/><U15/><E21/><V34/><F121/><W17/><G17/><T37/><D37/><U22/><E22/><V14/><F34/><W27/><G27/><T47/><D47/><U114/><E45/><N who="2" m="27791" /><F4/><W60/><G7/><T52/><D52/><N who="1" m="31775" /><E15/><AGARI ba="0,1" hai="13,14,15,20,23,49,54,58,90,93,97" m="27791" machi="15" ten="30,1000,0" yaku="8,1" doraHai="105" who="2" fromWho="1" sc="227,0,277,-10,243,20,243,0" />
</Scene>
<Scene>
<INIT seed="2,0,0,1,1,96" ten="227,267,263,243" oya="2" hai0="120,99,111,32,73,130,26,40,6,69,125,20,85" hai1="129,62,58,116,15,78,19,88,112,109,43,24,84" hai2="94,28,37,23,38,22,124,10,9,1,45,0,108" hai3="57,56,89,70,48,118,117,119,49,90,52,104,16"/><V134/><F28/><W30/><G70/><T128/><D120/><U97/><E116/><V7/><F134/><W11/><G104/><T41/><D73/><U5/><E112/><V54/><F124/><W131/><G131/><N who="0" m="50219" /><D32/><U80/><E129/><V135/><F135/><W83/><G30/><T91/><D69/><U17/><E109/><V95/><F108/><W8/><G83/><N who="0" m="49599" /><D6/><U107/><E43/><V93/><F54/><W2/><G2/><T18/><D125/><U133/><E133/><V46/><F95/><W87/><G87/><T29/><D111/><U34/><E34/><V36/><F38/><W100/><G100/><T67/><D67/><U64/><E24/><V74/><REACH who="2" step="1"/><F7/><REACH who="2" ten="227,267,253,243" step="2"/><W105/><G118/><T72/><D29/><U47/><E5/><V71/><F71/><W35/><G119/><T103/><D72/><AGARI ba="0,1" hai="0,1,9,10,22,23,36,37,45,46,72,74,93,94" machi="72" ten="25,4800,0" yaku="1,1,22,2,53,0" doraHai="96" doraHaiUra="39" who="2" fromWho="0" sc="227,-48,267,0,253,58,243,0" />
</Scene>
<Scene>
<INIT seed="2,1,0,0,2,12" ten="179,267,311,243" oya="2" hai0="118,53,68,25,26,78,120,41,135,83,115,23,85" hai1="65,113,89,11,72,79,98,105,30,92,14,125,29" hai2="35,121,34,19,44,108,94,45,40,81,134,97,99" hai3="132,10,74,57,111,107,61,47,82,114,84,88,71"/><V54/><F121/><W96/><G111/><T86/><D120/><U95/><E113/><V133/><F108/><W123/><G123/><T109/><D109/><U24/><E125/><V119/><F119/><W8/><G71/><T93/><D68/><U32/><E30/><V42/><F81/><W130/><G114/><T63/><D41/><U110/><E110/><V73/><F94/><W117/><G117/><T52/><D115/><U46/><E105/><V104/><F54/><W127/><G127/><T102/><D135/><U17/><E65/><V64/><F73/><W116/><G116/><T69/><D118/><U0/><E0/><V124/><F64/><W60/><G132/><T90/><D102/><U39/><E92/><V59/><F59/><W129/><G74/><T67/><REACH who="0" step="1"/><D26/><REACH who="0" ten="169,267,311,243" step="2"/><U43/><E72/><V56/><F124/><W75/><G75/><T33/><D33/><U87/><REACH who="1" step="1"/><E79/><REACH who="1" ten="169,257,311,243" step="2"/><V5/><F134/><W6/><G129/><T103/><D103/><U128/><E128/><V101/><F133/><W38/><G130/><T66/><D66/><U77/><E77/><V31/><F101/><W49/><G88/><T50/><D50/><U2/><E2/><V80/><F35/><W36/><G49/><T37/><D37/><U16/><E16/><AGARI ba="1,2" hai="16,23,25,52,53,63,67,69,78,83,85,86,90,93" machi="16" ten="30,12000,2" yaku="1,1,7,1,52,1,54,2,53,1" doraHai="12" doraHaiUra="21" who="0" fromWho="1" sc="169,143,257,-123,311,0,243,0" />
</Scene>
<Scene>
<INIT seed="3,0,0,3,4,64" ten="312,134,311,243" oya="3" hai0="93,127,20,1,6,30,72,98,3,101,41,66,76" hai1="44,57,52,43,26,84,119,104,24,115,82,40,47" hai2="75,105,39,25,51,45,112,110,86,73,38,59,35" hai3="49,67,61,117,55,28,128,71,113,11,8,53,100"/><W7/><G117/><T63/><D127/><U70/><E104/><V118/><F105/><W108/><G113/><T12/><D41/><U46/><E70/><V99/><F86/><W13/><G128/><T120/><D120/><U65/><E115/><V22/><F35/><W106/><G28/><T126/><D126/><U80/><E119/><V2/><F2/><W31/><G31/><T23/><D72/><U56/><E65/><V134/><F112/><W16/><G108/><T124/><D76/><U83/><E84/><V77/><F99/><W87/><G87/><T4/><D124/><U0/><E0/><V111/><F77/><W121/><G121/><T88/><D101/><U62/><REACH who="1" step="1"/><E57/><REACH who="1" ten="312,124,311,243" step="2"/><V21/><F59/><W85/><G85/><T114/><D114/><U79/><E79/><V129/><F118/><W135/><G135/><T95/><D1/><U10/><E10/><V92/><F134/><W69/><G71/><T9/><D3/><U107/><E107/><V17/><F111/><W50/><G11/><T18/><D9/><U133/><E133/><V74/><F110/><W78/><G78/><T116/><D116/><U27/><AGARI ba="0,1" hai="24,26,27,40,43,44,46,47,52,56,62,80,82,83" machi="27" ten="40,12000,2" yaku="1,1,0,1,29,2,8,1,54,1,53,0" doraHai="64" doraHaiUra="90" who="1" fromWho="1" sc="312,-30,124,130,311,-30,243,-60" />
</Scene>
<Scene>
<INIT seed="4,0,0,2,5,102" ten="282,254,281,183" oya="0" hai0="120,85,66,32,70,17,79,76,37,114,111,90,41" hai1="49,124,92,129,42,107,7,18,19,56,12,95,80" hai2="38,23,109,48,29,40,22,64,1,121,62,54,6" hai3="59,91,4,61,122,58,112,39,2,47,96,135,72"/><T36/><D120/><U28/><E28/><V24/><F109/><W65/><G72/><T104/><D32/><U101/><E129/><V63/><F121/><W103/><G122/><T130/><D130/><U34/><E34/><V113/><F40/><W105/><G112/><T5/><D5/><U57/><E124/><V60/><F38/><W81/><G135/><T43/><D114/><U0/><E0/><V44/><F113/><W16/><G4/><T117/><D117/><U20/><E7/><V10/><REACH who="2" step="1"/><F23/><REACH who="2" ten="282,254,271,183" step="2"/><W45/><G39/><T74/><D111/><U31/><E42/><V133/><F133/><W51/><G2/><T68/><D43/><U11/><E20/><V86/><F86/><W75/><G75/><T99/><D41/><U89/><E11/><V115/><F115/><W50/><G96/><T127/><D85/><U78/><E19/><V27/><F27/><W119/><G16/><T30/><D17/><U77/><E18/><V9/><F9/><W125/><G125/><T84/><D84/><U108/><E108/><V82/><F82/><W71/><G81/><T128/><D127/><U134/><E80/><V67/><AGARI ba="0,1" hai="1,6,10,22,24,29,44,48,54,60,62,63,64,67" machi="67" ten="30,4000,0" yaku="1,1,0,1,53,1" doraHai="102" doraHaiUra="33" who="2" fromWho="2" sc="282,-20,254,-10,271,50,183,-10" />
</Scene>
<Scene>
<INIT seed="5,0,0,5,3,90" ten="262,244,321,173" oya="1" hai0="85,115,38,97,122,40,16,18,25,42,61,48,65" hai1="129,37,72,27,121,45,112,79,130,30,56,131,100" hai2="104,80,17,3,49,103,92,69,20,11,96,83,41" hai3="6,53,14,13,9,106,8,134,78,15,23,59,95"/><U60/><E121/><V117/><F69/><W67/><G106/><T10/><D38/><U113/><E100/><V35/><F35/><W29/><G134/><T123/><D115/><N who="1" m="44107" /><E79/><V71/><F71/><W124/><G124/><T94/><D85/><U128/><E72/><V119/><F117/><W46/><G78/><T22/><D10/><U87/><E87/><V107/><F104/><W51/><G29/><T68/><D18/><U76/><E76/><V135/><F107/><W133/><G133/><T86/><D86/><U28/><N who="1" m="32768" /><DORA hai="36" /><U126/><E126/><V127/><F119/><W82/><G82/><T63/><D63/><U75/><E75/><V19/><F3/><W64/><G23/><T54/><D123/><U89/><E89/><V109/><F109/><W125/><G125/><T39/><D39/><U55/><E27/><N who="2" m="14735" /><F135/><W50/><G95/><T116/><D116/><U74/><E74/><V43/><F127/><W62/><G51/><T70/><D122/><U101/><E101/><V102/><F49/><W110/><G110/><T12/><D25/><U0/><E0/><V32/><F103/><W47/><G47/><T5/><D70/><U24/><E24/><V31/><F83/><W84/><G84/><T2/><D2/><U120/><E120/><V34/><F80/><W108/><G108/><T99/><D99/><U52/><E37/><V4/><F102/><W1/><REACH who="3" step="1"/><G9/><REACH who="3" ten="262,244,321,163" step="2"/><T118/><D118/><U132/><E132/><V57/><F11/><W21/><G21/><T66/><D22/><U77/><E77/><V88/><F92/><W73/><G73/><RYUUKYOKU ba="0,1" sc="262,-15,244,15,321,-15,163,15" hai1="28,30,45,52,55,56,60" hai3="1,6,8,13,14,15,46,50,53,59,62,64,67" />
</Scene>
<Scene>
<INIT seed="5,1,1,0,1,0" ten="247,259,306,178" oya="1" hai0="2,105,27,25,98,95,134,46,90,48,36,72,54" hai1="92,84,118,127,108,58,31,22,23,119,81,60,117" hai2="71,96,94,122,130,21,14,85,65,115,128,63,89" hai3="5,100,82,52,78,37,16,45,19,129,35,62,132"/><U116/><E108/><V76/><F122/><W24/><G129/><N who="2" m="49769" /><F115/><W107/><G132/><T43/><D72/><U109/><E109/><V28/><F76/><W9/><G107/><T8/><D105/><U114/><E114/><V15/><F85/><N who="3" m="48343" /><G37/><T42/><D134/><U3/><E3/><V4/><F4/><W77/><G35/><T126/><D126/><U61/><E127/><V99/><F96/><W41/><G100/><T33/><D33/><U11/><E117/><V38/><F38/><W80/><G41/><T70/><D70/><U124/><E124/><V110/><F110/><W57/><G24/><AGARI ba="1,1" hai="14,15,21,24,28,63,65,71,89,94,99" m="49769" machi="24" ten="30,1000,0" yaku="19,1" doraHai="0" who="2" fromWho="3" sc="247,0,259,0,306,23,178,-13" />
</Scene>
<Scene>
<INIT seed="6,0,0,4,2,59" ten="247,259,329,165" oya="2" hai0="63,70,7,37,32,1,69,24,6,104,134,112,62" hai1="17,85,87,21,93,129,115,130,58,42,120,90,80" hai2="41,117,91,14,65,128,118,106,123,111,26,25,11" hai3="99,113,92,18,127,78,22,97,31,77,43,0,83"/><V61/><F106/><W102/><G0/><T49/><D37/><U89/><E42/><V95/><F123/><W40/><G127/><T105/><D49/><U28/><E120/><V126/><F126/><W116/><G116/><T13/><D13/><U132/><E132/><V45/><F128/><W98/><G31/><T74/><D1/><U88/><E28/><V35/><F35/><W109/><G109/><T135/><D24/><U119/><E119/><V44/><F111/><W5/><G5/><T15/><D15/><U131/><E115/><V86/><F118/><W73/><G113/><T121/><D121/><U39/><E39/><V56/><F117/><W101/><G77/><T8/><D8/><U76/><REACH who="1" step="1"/><E58/><REACH who="1" ten="247,249,329,165" step="2"/><V57/><F56/><W82/><G82/><T34/><D112/><U16/><E16/><N who="2" m="8287" /><F44/><W71/><G71/><T30/><D30/><U36/><E36/><V103/><F103/><W124/><G124/><T133/><D133/><U33/><E33/><V79/><F79/><W75/><G75/><AGARI ba="0,1" hai="6,7,32,34,62,63,69,70,74,75,104,105,134,135" machi="75" ten="25,6400,0" yaku="22,2,52,2" doraHai="59" who="0" fromWho="3" sc="247,74,249,0,329,0,165,-64" />
</Scene>
<Scene>
<INIT seed="7,0,0,1,4,8" ten="321,249,329,101" oya="3" hai0="78,133,118,123,81,33,112,84,132,44,61,113,17" hai1="64,97,26,107,10,1,134,57,77,60,47,55,34" hai2="38,46,111,52,135,125,108,91,37,101,43,72,126" hai3="12,36,6,54,98,56,69,51,119,29,110,62,127"/><W31/><G119/><T11/><D123/><U65/><E77/><V131/><F131/><W83/><G36/><T2/><D118/><U74/><E74/><V18/><F101/><W73/><G127/><N who="2" m="48649" /><F37/><W109/><G98/><T25/><D44/><U86/><E86/><V89/><F72/><W76/><G69/><T16/><D61/><U87/><E87/><V103/><F103/><W122/><G122/><T100/><D100/><U79/><E79/><V68/><F68/><W95/><G95/><T128/><D128/><U85/><E85/><V94/><F135/><N who="0" m="51786" /><D2/><U66/><E134/><V14/><F52/><W59/><G110/><N who="2" m="42025" /><F94/><W63/><G109/><T39/><D39/><U96/><E107/><V27/><F27/><W32/><G32/><T30/><D11/><AGARI ba="0,0" hai="11,14,18,38,43,46,89,91" m="42025,48649" machi="11" ten="30,2000,0" yaku="18,1,52,1" doraHai="8" who="2" fromWho="0" sc="321,-20,249,0,329,20,101,0" owari="301,10.0,249,-15.0,349,45.0,101,-40.0" />
</Scene>
</mjloggm>