<mjloggm ver="2.3"><GO type="169"/><UN n0="%E3%82%A4%E3%82%BA%E3%83%9F%E3%83%B3" n1="%E3%81%B9%E3%81%A3%E3%81%93%E3%83%BC%E2%99%AA" n2="%E5%A4%AA%E3%81%8F%E3%81%AA%E3%81%84%E3%81%8A" n3="%E3%83%A4%E3%82%AD%E3%83%B3" dan="16,16,18,17" rate="2024,2159,2160,2172" sx="M,F,M,M"/><TAIKYOKU oya="0"/>

<Scene>
<INIT seed="0,0,0,3,1,15" ten="250,250,250,250" oya="0" hai0="21,31,45,14,46,93,10,90,5,19,36,67,4" hai1="7,78,57,17,68,125,18,3,6,13,124,106,48" hai2="51,77,123,98,72,35,102,59,41,96,95,92,97" hai3="61,84,65,135,26,75,60,9,87,49,56,25,12"/><T120/><D120/><U86/><E106/><V99/><F35/><W76/><G75/><T8/><D67/><U118/><E68/><V29/><F123/><W132/><G49/><T121/><D36/><U20/><E118/><V27/><F72/><W88/><G76/><T115/><D115/><U58/><E3/><V80/><F77/><W47/><G87/><T54/><D31/><U22/><E78/><V62/><F80/><W79/><G79/><T74/><D74/><U38/><E38/><V101/><F41/><W133/><G60/><T28/><D28/><U129/><E86/><V108/><F51/><W113/><G47/><T117/><D117/><U53/><E58/><V0/><F0/><W85/><G85/><T83/><D83/><U114/><E114/><V91/><F91/><W69/><G69/><T119/><D119/><U81/><E81/><V30/><F108/><W122/><G122/><T112/><D112/><U107/><E107/><V42/><F42/><W110/><G110/><T126/><D121/><U111/><E111/><V128/><F30/><W43/><G43/><T50/><D45/><U2/><E2/><V103/><F103/><W116/><G116/><T34/><D34/><U1/><E1/><V105/><F105/><W33/><G33/><T64/><D64/><U70/><E70/><V109/><F109/><W55/><G65/><T73/><D73/><U63/><E63/><V39/><F39/><W100/><G100/><T82/><D82/><U131/><E131/><V71/><F71/><W23/><G113/><T40/><D40/><U66/><E129/><RYUUKYOKU ba="0,0" sc="250,0,250,0,250,0,250,0" />
</Scene>
<Scene>
<INIT seed="1,1,0,0,5,47" ten="250,250,250,250" oya="1" hai0="128,111,42,20,10,26,9,6,77,78,38,112,15" hai1="30,75,13,123,32,41,131,44,36,43,4,60,91" hai2="96,99,27,37,86,52,45,8,85,21,98,49,33" hai3="65,5,34,39,114,84,117,61,101,70,63,113,56"/><U107/><E123/><V104/><F104/><W40/><G34/><T125/><D112/><U28/><E131/><V119/><F119/><W76/><G5/><T16/><D128/><U120/><E120/><V121/><F121/><W46/><G101/><T50/><D38/><U66/><E107/><V94/><F33/><W97/><G97/><T88/><D125/><U18/><E4/><V51/><F37/><W53/><G76/><T2/><D88/><U19/><E75/><V92/><F8/><W81/><G81/><T118/><D118/><U68/><E32/><V69/><F69/><W3/><G84/><N who="2" m="32361" /><F49/><N who="3" m="30767" /><G3/><T12/><D111/><U83/><E83/><V108/><F108/><W17/><G117/><T135/><D135/><U95/><E43/><V24/><F24/><W62/><G17/><AGARI ba="1,0" hai="17,21,27,45,51,52,92,94,96,98,99" m="32361" machi="17" ten="30,3900,0" yaku="8,1,52,1,54,1" doraHai="47" who="2" fromWho="3" sc="250,0,250,0,250,42,250,-42" />
</Scene>
<Scene>
<INIT seed="2,0,0,4,1,24" ten="250,250,292,208" oya="2" hai0="22,17,91,48,7,109,64,63,97,27,47,128,125" hai1="75,132,72,116,12,41,53,134,124,85,54,70,4" hai2="121,0,50,15,5,1,93,111,110,14,45,127,13" hai3="28,80,82,46,78,3,120,129,68,6,31,60,81"/><V23/><F121/><W42/><G120/><T11/><D125/><U10/><E70/><V123/><F123/><W113/><G129/><T112/><D128/><U118/><E41/><N who="2" m="24879" /><F127/><W8/><G113/><T104/><D112/><U105/><E105/><V58/><F58/><W94/><G94/><T26/><D26/><U73/><E124/><V38/><F38/><W102/><G102/><T115/><D115/><U37/><E37/><V122/><F122/><W114/><G114/><T100/><D91/><U86/><E53/><V133/><F133/><N who="1" m="51305" /><E54/><V83/><F83/><W89/><G89/><T90/><D90/><U59/><E59/><V67/><F67/><N who="3" m="41063" /><G82/><T135/><D135/><U34/><E34/><V35/><F35/><W79/><G81/><T44/><D48/><U56/><E56/><V43/><F43/><W69/><G79/><T71/><D109/><N who="2" m="41482" /><F93/><W40/><G40/><T51/><REACH who="0" step="1"/><D51/><REACH who="0" ten="240,250,292,208" step="2"/><U33/><E33/><V30/><F5/><W21/><G6/><T103/><D103/><U130/><E130/><V107/><F107/><W101/><G101/><T87/><D87/><AGARI ba="0,1" hai="4,10,12,72,73,75,85,86,87,116,118" m="51305" machi="87" ten="40,1300,0" yaku="20,1" doraHai="24" who="1" fromWho="0" sc="240,-13,250,23,292,0,208,0" />
</Scene>
<Scene>
<INIT seed="3,0,0,1,3,85" ten="227,273,292,208" oya="3" hai0="128,1,135,97,84,93,119,82,76,31,112,50,95" hai1="118,20,41,102,108,8,65,43,115,110,37,32,109" hai2="9,80,91,133,35,34,3,60,7,63,87,86,48" hai3="71,103,19,27,45,51,56,89,28,54,58,120,75"/><W10/><G75/><T39/><D1/><U127/><E32/><V13/><F133/><W100/><G120/><T134/><D39/><U23/><E115/><V94/><F3/><W29/><G71/><T70/><D70/><U111/><E118/><V6/><F6/><W114/><G114/><T123/><D112/><U4/><E65/><V92/><F48/><W79/><G79/><T40/><D31/><U61/><E61/><V132/><F132/><N who="0" m="50730" /><D123/><U90/><E102/><V64/><F63/><W124/><G124/><T68/><D68/><U44/><E127/><V88/><F80/><W125/><G125/><T62/><D62/><U131/><E41/><V99/><F99/><W14/><G29/><T113/><D113/><U72/><E72/><V53/><F53/><W0/><G0/><T122/><D122/><U57/><E57/><AGARI ba="0,0" hai="7,9,13,34,35,57,60,64,86,87,88,91,92,94" machi="57" ten="30,8000,1" yaku="7,1,9,1,52,2,54,1" doraHai="85" who="2" fromWho="1" sc="227,0,273,-80,292,80,208,0" />
</Scene>
<Scene>
<INIT seed="4,0,0,1,2,36" ten="227,193,372,208" oya="0" hai0="41,2,30,76,120,88,106,24,69,73,99,94,27" hai1="61,43,8,32,5,81,72,77,16,115,125,45,114" hai2="35,64,15,17,93,130,20,31,119,135,96,50,21" hai3="63,113,131,111,49,103,79,66,11,85,12,117,105"/><T97/><D69/><U14/><E32/><V67/><F35/><W13/><G111/><T1/><D120/><U100/><E100/><N who="2" m="60431" /><F135/><W83/><G117/><T6/><D6/><U90/><E90/><V26/><F130/><W10/><G105/><T126/><D126/><U95/><E95/><V4/><F119/><W108/><G103/><T51/><D73/><U28/><E28/><V70/><F70/><W53/><G108/><T29/><D76/><U58/><E125/><V37/><F37/><W127/><G113/><T34/><D106/><U101/><E101/><V84/><F4/><W123/><G131/><T134/><D99/><U89/><E89/><V78/><F50/><W48/><G123/><T71/><D71/><U102/><E102/><V59/><F59/><N who="3" m="35311" /><G66/><T42/><D134/><U107/><E107/><V25/><F25/><W75/><G75/><T82/><D82/><AGARI ba="0,0" hai="15,17,20,21,26,31,64,67,78,82,84" m="60431" machi="82" ten="30,1000,0" yaku="8,1" doraHai="36" who="2" fromWho="0" sc="227,-10,193,0,372,10,208,0" />
</Scene>
<Scene>
<INIT seed="5,0,0,2,4,133" ten="217,193,382,208" oya="1" hai0="33,3,11,93,36,72,131,96,94,77,113,6,123" hai1="61,112,74,111,29,97,42,84,92,134,124,79,73" hai2="80,101,125,120,48,25,53,95,24,59,28,109,1" hai3="34,106,85,78,27,17,30,135,39,15,108,122,132"/><U45/><E111/><V99/><F109/><W60/><G108/><T7/><D33/><U102/><E134/><N who="3" m="51242" /><G39/><T8/><D123/><U4/><E112/><V22/><F120/><W100/><G122/><T68/><D68/><U67/><E29/><V10/><F125/><W119/><G119/><T103/><D36/><U87/><E124/><V83/><F1/><W38/><G38/><T35/><D35/><U0/><E87/><V51/><F10/><N who="3" m="6391" /><G60/><T54/><D131/><U50/><E4/><V44/><REACH who="2" step="1"/><F25/><REACH who="2" ten="217,193,372,208" step="2"/><W21/><G27/><T63/><D3/><U20/><E0/><V23/><F23/><W56/><G21/><T89/><D8/><U5/><E20/><V65/><F65/><W58/><G34/><T118/><D11/><U121/><E121/><V129/><F129/><W2/><G2/><T9/><D9/><U88/><E5/><V16/><F16/><W43/><G30/><T86/><D6/><U126/><E126/><V91/><F91/><W32/><G32/><T110/><D89/><U105/><REACH who="1" step="1"/><E79/><REACH who="1" ten="217,183,372,208" step="2"/><V104/><F104/><W26/><G78/><T41/><D77/><U82/><E82/><V37/><F37/><W47/><G106/><T70/><D7/><U57/><AGARI ba="0,2" hai="42,45,50,57,61,67,73,74,84,88,92,97,102,105" machi="57" ten="20,7800,0" yaku="1,1,0,1,7,1,54,1,53,0" doraHai="133" doraHaiUra="19" who="1" fromWho="1" sc="217,-26,183,98,372,-26,208,-26" />
</Scene>
<Scene>
<INIT seed="5,1,0,1,1,39" ten="191,281,346,182" oya="1" hai0="48,4,51,50,74,79,123,121,68,66,90,105,54" hai1="67,82,14,127,80,38,129,13,21,101,12,112,65" hai2="2,27,133,28,109,111,53,87,108,40,19,15,60" hai3="35,76,128,20,7,117,41,57,5,116,64,135,10"/><U70/><E38/><V45/><F2/><W11/><G35/><T16/><D105/><U92/><E127/><V84/><F133/><W110/><G76/><T69/><D4/><N who="3" m="1609" /><G110/><T61/><D90/><U1/><E1/><V106/><F106/><W37/><G64/><N who="1" m="24650" /><E129/><V118/><F118/><N who="3" m="45675" /><G57/><N who="0" m="37167" /><D79/><U42/><E70/><N who="0" m="27241" /><D16/><N who="1" m="10375" /><E112/><V62/><F62/><W52/><G128/><T113/><D74/><U56/><E101/><V132/><F60/><W32/><G20/><T104/><D104/><U78/><E92/><V31/><F109/><W102/><G102/><T130/><D113/><U33/><E33/><V30/><F111/><W120/><G32/><T44/><D130/><U115/><E115/><V103/><F103/><W29/><G29/><T73/><D73/><U25/><E80/><V26/><F108/><W58/><G135/><T124/><D124/><U91/><E91/><V22/><F132/><W114/><G114/><T125/><D125/><U83/><E83/><V34/><F34/><W122/><G11/><T23/><D23/><U72/><E25/><V134/><F134/><W43/><G10/><T93/><D93/><U89/><E89/><V46/><F27/><W17/><G17/><T85/><D85/><U97/><E97/><V94/><F26/><W9/><G9/><T24/><D24/><U18/><E18/><V6/><F6/><W49/><G37/><T55/><D123/><AGARI ba="1,0" hai="41,43,49,52,58,120,122,123" m="45675,1609" machi="123" ten="30,7700,0" yaku="12,1,52,2,54,1" doraHai="39" who="3" fromWho="0" sc="191,-80,281,0,346,0,182,80" />
</Scene>
<Scene>
<INIT seed="6,0,0,0,3,53" ten="111,281,346,262" oya="2" hai0="80,109,83,67,19,69,104,37,96,89,74,36,16" hai1="21,87,1,62,54,26,110,122,6,3,75,44,86" hai2="100,128,43,66,32,132,22,71,55,20,130,39,70" hai3="103,63,114,79,49,72,61,9,13,23,15,98,112"/><V107/><F32/><W116/><G116/><T125/><D109/><U48/><E75/><V56/><F132/><W129/><G72/><T46/><D125/><U85/><E122/><V135/><F135/><W93/><G79/><T52/><D67/><U115/><E110/><V0/><F0/><W65/><G129/><N who="2" m="49769" /><F107/><W31/><G49/><T120/><D120/><U101/><E115/><N who="3" m="44074" /><G63/><T50/><D69/><U34/><E34/><V95/><F43/><W76/><G76/><T131/><D131/><U59/><E6/><V106/><F106/><W35/><G35/><T99/><D74/><U24/><E101/><V88/><F100/><W18/><G31/><T38/><D104/><U134/><E134/><V17/><F39/><W77/><G77/><T121/><D121/><U11/><E1/><V40/><F40/><W102/><G102/><T94/><REACH who="0" step="1"/><D99/><REACH who="0" ten="101,281,346,262" step="2"/><U126/><E126/><V68/><F66/><W28/><G65/><T60/><D60/><U7/><REACH who="1" step="1"/><E21/><REACH who="1" ten="101,271,346,262" step="2"/><V10/><F22/><W25/><G23/><T33/><D33/><U133/><E133/><V14/><F20/><W57/><G28/><T30/><D30/><U47/><E47/><V105/><F105/><W118/><G61/><T64/><D64/><AGARI ba="0,2" hai="3,7,11,24,26,44,48,54,59,62,64,85,86,87" machi="64" ten="40,2600,0" yaku="1,1,52,1,53,0" doraHai="53" doraHaiUra="91" who="1" fromWho="0" sc="101,-26,271,46,346,0,262,0" />
</Scene>
<Scene>
<INIT seed="7,0,0,5,5,131" ten="75,317,346,262" oya="3" hai0="68,92,6,64,112,32,31,62,58,11,100,65,13" hai1="73,28,35,126,78,61,121,72,66,96,5,43,107" hai2="133,114,132,12,103,76,81,85,34,122,51,84,38" hai3="116,49,101,110,55,99,69,88,90,41,108,134,106"/><W2/><G116/><T18/><D112/><U42/><E121/><V27/><F38/><W135/><G2/><T63/><D32/><U113/><E5/><V3/><F3/><W130/><G41/><T29/><D68/><U128/><E128/><V20/><F114/><W16/><G69/><T97/><D63/><U119/><E113/><V98/><F122/><W75/><G75/><T60/><D60/><U120/><E119/><V45/><F12/><W26/><G16/><T94/><D65/><U86/><E120/><V87/><F34/><W21/><G21/><T118/><D118/><U4/><E4/><V44/><F133/><N who="3" m="50699" /><G26/><T37/><D37/><U59/><E126/><V125/><F125/><W46/><G130/><T36/><D36/><U48/><E43/><N who="2" m="24991" /><F132/><W115/><G115/><T117/><D117/><U82/><E35/><V70/><F70/><W33/><G33/><T104/><D104/><U10/><E28/><N who="2" m="17511" /><F45/><W7/><G7/><T0/><D0/><U105/><E10/><V111/><F111/><AGARI ba="0,0" hai="46,49,55,88,90,99,101,106,108,110,111" m="50699" machi="111" ten="30,18000,2" yaku="10,1,20,1,52,3,54,1" doraHai="131" who="3" fromWho="2" sc="75,0,317,0,346,-180,262,180" owari="75,-42.0,317,12.0,166,-23.0,442,53.0" />
</Scene>
</mjloggm>