<mjloggm ver="2.3"><GO type="169" lobby="0"/><UN n0="%E8%B6%85%E3%83%92%E3%83%A2%E3%83%AA%E3%83%AD" n1="%73%61%77%6C%79" n2="%E5%A4%AA%E3%81%8F%E3%81%AA%E3%81%84%E3%81%8A" n3="%E3%82%AF%E3%83%A9" dan="18,17,18,16" rate="2242.34,2123.65,2168.79,2090.37" sx="F,M,F,M"/><TAIKYOKU oya="0"/>

<Scene>
<INIT seed="0,0,0,4,4,73" ten="250,250,250,250" oya="0" hai0="24,67,104,56,7,11,1,37,65,114,55,22,34" hai1="39,100,49,60,25,92,76,95,15,121,113,30,80" hai2="78,66,52,97,64,119,123,125,51,53,43,112,38" hai3="87,57,94,110,118,88,21,111,115,93,54,35,0"/><T42/><D114/><U2/><E121/><V29/><F112/><W17/><G35/><T27/><D104/><U47/><E2/><V109/><F123/><W62/><G115/><T90/><D42/><U72/><E113/><V82/><F29/><W13/><G0/><T101/><D101/><U106/><E39/><V102/><F109/><N who="3" m="41483" /><G118/><T103/><D103/><U19/><E106/><V10/><F119/><W41/><G41/><T18/><D37/><U126/><E126/><V75/><F125/><W81/><AGARI ba="0,0" hai="13,17,21,54,57,62,81,87,88,93,94" m="41483" machi="81" ten="30,2000,0" yaku="14,1,54,1" doraHai="73" who="3" fromWho="3" sc="250,-10,250,-5,250,-5,250,20" />
</Scene>
<Scene>
<INIT seed="1,0,0,4,3,31" ten="240,245,245,270" oya="1" hai0="48,123,66,4,42,104,65,71,74,88,98,101,78" hai1="120,106,44,112,92,131,83,24,132,68,1,28,119" hai2="118,15,12,38,56,108,79,43,99,39,102,25,107" hai3="77,54,45,29,50,52,87,64,35,84,75,103,62"/><U17/><E131/><V16/><F118/><W18/><G103/><T53/><D123/><U135/><E112/><V7/><F108/><W14/><G75/><T11/><D42/><U86/><E119/><V63/><F79/><W57/><G77/><T117/><D117/><U37/><E120/><V80/><F80/><W114/><G114/><T41/><D41/><U73/><E106/><V82/><F82/><W60/><G29/><T95/><D71/><U69/><E1/><V109/><F109/><W13/><G35/><T6/><D78/><U111/><E111/><V121/><F121/><W134/><G134/><T27/><D27/><U90/><E68/><V0/><F0/><W46/><G14/><T32/><D32/><U59/><E69/><V125/><F125/><W40/><G62/><T23/><D23/><U91/><E73/><V122/><F122/><W58/><G58/><T55/><D74/><U129/><E37/><V61/><F61/><W5/><G5/><T2/><D6/><U3/><E3/><V72/><F72/><W113/><G113/><T96/><REACH who="0" step="1"/><D55/><REACH who="0" ten="230,245,245,270" step="2"/><N who="3" m="21033" /><G45/><AGARI ba="0,1" hai="2,4,11,45,48,53,65,66,88,95,96,98,101,104" machi="45" ten="30,3900,0" yaku="1,1,7,1,54,1,53,0" doraHai="31" doraHaiUra="81" who="0" fromWho="3" sc="230,49,245,0,245,0,270,-39" />
</Scene>
<Scene>
<INIT seed="2,0,0,3,4,10" ten="279,245,245,231" oya="2" hai0="63,41,47,49,12,16,66,33,134,52,19,40,9" hai1="129,68,62,18,48,57,130,86,96,100,45,17,131" hai2="72,91,39,27,128,75,74,115,83,104,111,6,1" hai3="87,38,79,133,43,55,78,122,113,107,37,2,118"/><V85/><F39/><W7/><G118/><T15/><D134/><U124/><E68/><V13/><F115/><W51/><G122/><T50/><D33/><U90/><E124/><V61/><F104/><W36/><G133/><T117/><D117/><U114/><E114/><V80/><F1/><W24/><G107/><T123/><D123/><U46/><E18/><V84/><F128/><W11/><G113/><T126/><D126/><U23/><E100/><V125/><F125/><W92/><G24/><T31/><D31/><U95/><E86/><V93/><F111/><W120/><G120/><T3/><D3/><U34/><E34/><V8/><F27/><W20/><G20/><T59/><D50/><U67/><REACH who="1" step="1"/><E48/><REACH who="1" ten="279,235,245,231" step="2"/><V56/><REACH who="2" step="1"/><F85/><REACH who="2" ten="279,235,235,231" step="2"/><W25/><G87/><T112/><D112/><U4/><E4/><V103/><F103/><W73/><G73/><T32/><D32/><U60/><E60/><V82/><F82/><W53/><G38/><T135/><D135/><U22/><E22/><AGARI ba="0,2" hai="9,12,15,16,19,22,40,41,47,49,52,59,63,66" machi="22" ten="30,12000,2" yaku="7,1,8,1,52,2,54,2" doraHai="10" who="0" fromWho="1" sc="279,140,235,-120,235,0,231,0" />
</Scene>
<Scene>
<INIT seed="3,0,0,0,0,26" ten="419,115,235,231" oya="3" hai0="61,0,85,99,4,62,8,80,79,111,121,88,95" hai1="114,129,22,132,107,20,106,103,127,76,51,81,12" hai2="56,36,82,27,131,90,69,68,17,55,3,37,97" hai3="50,77,18,40,59,6,11,134,119,7,122,92,65"/><W102/><G122/><T91/><D111/><U120/><E114/><V74/><F3/><W96/><G119/><T16/><D121/><U2/><E127/><V128/><F74/><W72/><G134/><T52/><D52/><U10/><E129/><N who="2" m="49739" /><F17/><W34/><G34/><T43/><D43/><U49/><E132/><V57/><F27/><W47/><G72/><T32/><D32/><U13/><E120/><V130/><F130/><W31/><G77/><T84/><REACH who="0" step="1"/><D16/><REACH who="0" ten="409,115,235,231" step="2"/><U46/><E46/><V100/><F55/><W112/><G112/><T39/><D39/><U14/><E22/><V113/><F37/><W105/><G18/><T73/><D73/><U58/><E20/><V89/><F36/><W116/><G116/><T86/><D86/><U60/><E51/><V126/><F113/><W123/><G123/><T75/><D75/><U33/><E49/><V133/><F133/><W21/><G21/><T30/><D30/><U117/><E33/><V9/><F126/><W38/><G31/><T41/><D41/><U63/><E117/><V104/><F9/><W5/><G38/><T94/><AGARI ba="0,1" hai="0,4,8,61,62,79,80,84,85,88,91,94,95,99" machi="94" ten="20,5200,0" yaku="1,1,0,1,7,1,54,1,53,0" doraHai="26" doraHaiUra="70" who="0" fromWho="0" sc="409,62,115,-13,235,-13,231,-26" />
</Scene>
<Scene>
<INIT seed="4,0,0,3,0,63" ten="471,102,222,205" oya="0" hai0="19,75,41,24,45,48,6,64,16,88,20,93,120" hai1="82,37,95,32,53,42,87,131,49,78,86,83,73" hai2="118,39,25,108,104,0,111,129,60,72,7,130,5" hai3="3,128,18,11,54,8,125,17,13,74,14,2,133"/><T15/><D120/><U22/><E131/><N who="2" m="50187" /><F39/><W109/><G74/><T58/><D75/><U115/><E32/><V66/><F72/><W124/><G128/><T77/><D77/><U116/><E116/><V117/><F104/><W69/><G69/><T50/><D6/><N who="2" m="2058" /><F0/><W98/><G98/><T30/><D15/><U29/><E115/><V55/><F55/><W56/><G109/><N who="2" m="42057" /><F25/><W80/><G133/><T23/><D23/><U26/><E37/><V51/><F51/><W99/><G99/><N who="0" m="57767" /><D50/><U21/><E42/><V94/><F94/><W65/><G80/><T71/><D48/><U106/><E106/><V110/><N who="2" m="42065" /><V28/><DORA hai="52" /><F28/><W68/><G3/><T34/><D30/><U59/><E95/><V122/><F122/><W85/><G2/><T12/><D24/><U4/><E73/><V135/><F135/><W9/><G124/><T102/><D41/><U103/><E4/><V121/><F121/><W44/><G125/><T79/><D19/><U97/><E26/><V92/><F92/><W40/><G18/><T43/><D16/><U62/><E29/><V114/><F114/><W123/><G17/><T105/><D43/><U1/><E1/><V126/><F126/><W35/><G123/><T27/><D105/><N who="1" m="63727" /><E49/><V76/><F76/><W33/><G40/><T81/><D79/><N who="1" m="46431" /><E22/><V132/><F132/><W61/><G44/><T10/><D20/><U134/><E21/><V90/><F90/><W101/><G35/><T70/><D34/><U107/><E107/><V112/><F112/><W84/><G33/><T113/><D113/><U67/><E134/><RYUUKYOKU ba="0,0" sc="471,-15,102,15,222,15,205,-15" hai1="53,59,62,67,78,83,87" hai2="60,66,117,118" />
</Scene>
<Scene>
<INIT seed="5,1,0,4,2,28" ten="456,117,237,190" oya="1" hai0="91,3,80,63,116,29,4,13,90,8,52,18,82" hai1="14,19,85,127,110,105,62,87,23,6,46,12,58" hai2="64,94,16,57,132,54,101,130,108,1,113,99,11" hai3="83,96,7,50,102,2,72,21,109,93,103,126,67"/><U100/><E127/><V43/><F108/><W124/><G109/><T104/><D104/><U133/><E110/><V123/><F123/><W69/><G2/><T55/><D116/><U40/><E133/><V89/><F132/><W41/><G7/><T15/><D29/><U42/><E105/><V65/><F130/><W47/><G67/><T122/><D122/><U60/><E100/><V106/><F43/><W92/><G69/><T0/><D0/><U49/><E42/><V70/><F70/><W135/><G135/><T26/><D26/><U17/><E6/><V45/><F45/><W115/><G115/><T20/><D3/><U118/><E118/><V112/><F1/><W22/><G83/><N who="0" m="31787" /><D63/><U24/><E62/><N who="2" m="36151" /><F11/><W32/><G72/><T27/><D27/><U73/><E73/><V134/><F16/><W68/><G68/><T56/><D56/><U117/><E117/><V75/><F75/><W119/><G119/><T48/><D48/><U66/><REACH who="1" step="1"/><E24/><REACH who="1" ten="456,107,237,190" step="2"/><V79/><F134/><W121/><G126/><T9/><D9/><AGARI ba="1,1" hai="9,12,14,17,19,23,40,46,49,58,60,66,85,87" machi="9" ten="30,11600,0" yaku="1,1,2,1,7,1,8,1,53,0" doraHai="28" doraHaiUra="98" who="1" fromWho="0" sc="456,-119,107,129,237,0,190,0" />
</Scene>
<Scene>
<INIT seed="5,2,0,3,0,55" ten="337,236,237,190" oya="1" hai0="131,81,104,75,88,66,50,76,79,31,118,47,22" hai1="53,15,38,74,102,16,84,26,92,73,19,43,121" hai2="13,135,105,71,59,49,28,12,114,132,45,72,24" hai3="133,87,65,96,82,44,17,62,111,117,64,109,39"/><U93/><E121/><V120/><F71/><W80/><G133/><N who="2" m="51273" /><F120/><W7/><G117/><T42/><D131/><U27/><E73/><V103/><F72/><W101/><G7/><T6/><D118/><U35/><E74/><V40/><F114/><W52/><G82/><T56/><D104/><U4/><E35/><N who="2" m="20871" /><F59/><W126/><G126/><T124/><D124/><U61/><E38/><V125/><F125/><W46/><G46/><T37/><D6/><U21/><E43/><V68/><F68/><W41/><G17/><T122/><D122/><U9/><E102/><V63/><F63/><W1/><G1/><T95/><D76/><U3/><E84/><V86/><F86/><W90/><G65/><T33/><D33/><U18/><E26/><V23/><F23/><W130/><G130/><T119/><D119/><U58/><E3/><V5/><F5/><W51/><G101/><T85/><D37/><U34/><E34/><V36/><F36/><W113/><G113/><T108/><D108/><U100/><E100/><V98/><AGARI ba="2,0" hai="12,13,40,45,49,98,103,105" m="20871,51273" machi="98" ten="30,1100,0" yaku="20,1" doraHai="55" who="2" fromWho="2" sc="337,-5,236,-7,237,17,190,-5" />
</Scene>
<Scene>
<INIT seed="6,0,0,0,0,16" ten="332,229,254,185" oya="2" hai0="92,111,117,71,47,13,20,57,126,93,12,45,67" hai1="25,5,41,19,46,91,42,52,24,68,96,29,120" hai2="100,61,98,9,44,135,40,62,53,77,85,39,72" hai3="84,119,51,2,75,59,65,99,11,15,102,133,90"/><V105/><F135/><W55/><G2/><T78/><D111/><U110/><E68/><V64/><F53/><W113/><G75/><T66/><D71/><U10/><E110/><V4/><F85/><W134/><G119/><T116/><D78/><U82/><E120/><V27/><F64/><W49/><G65/><T3/><D3/><U37/><E42/><V73/><F27/><W69/><G69/><T63/><D126/><U7/><E19/><V125/><F125/><W14/><G51/><T124/><D124/><U28/><E82/><N who="2" m="45351" /><F73/><W74/><G74/><T18/><D67/><U97/><E91/><V129/><F129/><W60/><G60/><T104/><D104/><U21/><E52/><V32/><F32/><W131/><G131/><T26/><D12/><U88/><E88/><V30/><F30/><W0/><G0/><AGARI ba="0,0" hai="0,4,9,39,40,44,61,62,98,100,105" m="45351" machi="0" ten="30,1500,0" yaku="25,1" doraHai="16" who="2" fromWho="3" sc="332,0,229,0,254,15,185,-15" />
</Scene>
<Scene>
<INIT seed="6,1,0,3,4,130" ten="332,229,269,170" oya="2" hai0="34,51,57,23,97,55,35,2,71,42,101,80,33" hai1="21,70,63,1,10,0,114,40,56,110,113,124,79" hai2="98,15,26,119,95,117,18,13,3,29,84,65,14" hai3="134,90,125,69,128,43,96,75,59,86,4,49,115"/><V122/><F122/><W54/><G75/><T72/><D2/><U74/><E110/><V50/><F3/><W45/><G69/><T112/><D112/><U105/><E70/><V78/><F65/><W89/><G128/><T24/><D71/><U8/><E105/><V120/><F120/><W66/><G115/><T99/><D42/><U53/><E124/><V131/><F131/><W93/><G125/><T41/><D41/><U39/><E74/><V87/><F18/><W127/><G127/><T135/><D135/><U28/><E79/><V58/><F78/><W22/><G66/><T17/><D101/><U5/><E114/><V100/><F119/><W36/><G4/><T12/><D24/><U102/><E102/><V16/><F117/><W7/><G7/><T19/><D19/><U85/><E85/><N who="2" m="32843" /><F29/><W37/><G22/><T126/><D126/><U118/><E113/><V94/><F94/><W60/><REACH who="3" step="1"/><G134/><REACH who="3" ten="332,229,269,160" step="2"/><T62/><D72/><U109/><E118/><V108/><F108/><W104/><G104/><T31/><D35/><U73/><E109/><V27/><F16/><W46/><G46/><T30/><D34/><U20/><E73/><V81/><F58/><W132/><G132/><T116/><D33/><U32/><E32/><V106/><F106/><W11/><G11/><T44/><D116/><U9/><E5/><V48/><F81/><AGARI ba="1,1" hai="36,37,43,45,49,54,59,60,81,86,89,90,93,96" machi="81" ten="30,3900,0" yaku="1,1,7,1,53,1" doraHai="130" doraHaiUra="77" who="3" fromWho="2" sc="332,0,229,0,269,-42,160,52" />
</Scene>
<Scene>
<INIT seed="7,0,0,0,1,43" ten="332,229,227,212" oya="3" hai0="4,84,37,1,6,126,119,73,56,13,99,64,44" hai1="51,31,58,68,109,35,90,110,83,111,74,36,133" hai2="96,24,46,130,18,114,82,10,113,115,12,128,89" hai3="81,76,34,57,69,19,53,103,129,91,63,0,112"/><W123/><G123/><T60/><D73/><U75/><E68/><V20/><F46/><W65/><G129/><N who="2" m="49769" /><F82/><W131/><G131/><T25/><D1/><U87/><E36/><V29/><F89/><W104/><G112/><T100/><D119/><U77/><E133/><V33/><F96/><W88/><G0/><T14/><D126/><U21/><E35/><AGARI ba="0,0" hai="10,12,18,20,24,29,33,35,113,114,115" m="49769" machi="35" ten="40,8000,1" yaku="15,1,19,1,34,2" doraHai="43" who="2" fromWho="1" sc="332,0,229,-80,227,80,212,0" owari="332,43.0,149,-35.0,307,11.0,212,-19.0" />
</Scene>
</mjloggm>