<mjloggm ver="2.3"><GO type="97"/><UN n0="%42%52%45%45%56" n1="%E5%A4%AA%E3%81%8F%E3%81%AA%E3%81%84%E3%81%8A" n2="%72%69%6B%75%32%37%31" n3="%E3%82%89%E3%81%98%E3%81%BE%E3%82%8B" dan="14,13,14,16" rate="1878,1955,1826,1984" sx="M,M,M,F"/><TAIKYOKU oya="0"/>

<Scene>
<INIT seed="0,0,0,4,1,115" ten="250,250,250,250" oya="0" hai0="82,95,131,118,46,73,108,33,5,47,122,125,11" hai1="94,133,58,124,104,84,17,101,85,74,2,45,83" hai2="60,98,76,41,132,119,69,63,1,9,88,70,71" hai3="14,51,100,13,20,32,4,113,21,40,92,53,27"/><T42/><D122/><U34/><E34/><V81/><F132/><W38/><G113/><T91/><D33/><U79/><E2/><V3/><F41/><W96/><G38/><T48/><D125/><U43/><E133/><V127/><F127/><W102/><G40/><T126/><D47/><U59/><E124/><V16/><F63/><W64/><G64/><T8/><D8/><U36/><E17/><V62/><F60/><W130/><G130/><T28/><D28/><U103/><E85/><V117/><F62/><W66/><G66/><T89/><D131/><U25/><E25/><V37/><F37/><W135/><G135/><T77/><D126/><U134/><E134/><V29/><F29/><W128/><G128/><T97/><D108/><U35/><E35/><V12/><F76/><W56/><G32/><T22/><D22/><U19/><E19/><V39/><F39/><W67/><G67/><T57/><D57/><U23/><E23/><V55/><F55/><W109/><G109/><T30/><D30/><U52/><E52/><V87/><REACH who="2" step="1"/><F98/><REACH who="2" ten="250,250,240,250" step="2"/><W68/><G68/><T24/><D97/><U31/><E31/><V106/><F106/><W7/><G27/><T72/><D24/><U50/><E104/><V44/><F44/><W110/><G110/><T105/><D46/><U129/><E129/><V93/><F93/><W121/><G121/><T112/><D105/><U54/><E59/><V116/><AGARI ba="0,1" hai="1,3,9,12,16,69,70,71,81,87,88,116,117,119" machi="116" ten="40,16000,3" yaku="1,1,0,1,12,1,52,3,54,2,53,0" doraHai="115" doraHaiUra="0" who="2" fromWho="2" sc="250,-80,250,-40,240,170,250,-40" />
</Scene>
<Scene>
<INIT seed="1,0,0,0,0,54" ten="170,210,410,210" oya="1" hai0="61,57,82,39,28,75,130,134,2,92,97,64,73" hai1="74,109,18,50,85,94,66,91,103,6,42,13,36" hai2="112,7,124,120,15,89,108,117,127,14,55,52,71" hai3="46,78,118,4,115,43,123,67,76,121,11,125,114"/><U19/><E74/><V63/><F117/><W26/><G118/><T56/><D39/><U100/><E36/><V99/><F112/><W21/><G125/><N who="2" m="48201" /><F120/><W16/><G121/><T87/><D2/><U8/><E66/><V24/><F24/><W37/><G123/><T102/><D130/><U12/><E109/><V106/><F108/><W17/><G17/><N who="1" m="6154" /><E13/><N who="2" m="4619" /><F7/><W90/><G67/><T88/><D28/><U77/><E77/><V110/><F110/><W38/><G38/><T51/><REACH who="0" step="1"/><D134/><REACH who="0" ten="160,210,410,210" step="2"/><U33/><E33/><V3/><F3/><W96/><G114/><T122/><D122/><U58/><E42/><V68/><F68/><W1/><G115/><T86/><D86/><U53/><AGARI ba="0,1" hai="6,8,12,50,53,58,85,91,94,100,103" m="6154" machi="53" ten="30,3000,0" yaku="8,1,52,1" doraHai="54" who="1" fromWho="1" sc="160,-10,210,40,410,-10,210,-10" />
</Scene>
<Scene>
<INIT seed="1,1,0,1,3,130" ten="150,250,400,200" oya="1" hai0="61,88,76,16,114,67,12,49,63,120,53,33,78" hai1="1,89,77,46,107,79,112,111,82,40,124,128,3" hai2="34,90,20,2,129,52,43,8,30,28,94,41,74" hai3="123,4,87,26,102,81,11,14,113,47,109,70,13"/><U119/><E119/><V91/><F74/><W92/><G109/><T71/><D33/><U135/><E112/><V59/><F129/><W37/><G70/><T95/><D114/><U50/><E107/><V73/><F73/><W45/><G113/><T58/><D120/><U64/><E128/><V131/><F131/><W110/><G110/><T106/><D106/><U27/><E111/><V97/><F34/><W121/><G121/><T39/><D39/><U55/><E124/><V98/><F2/><W35/><G37/><T84/><REACH who="0" step="1"/><D61/><REACH who="0" ten="140,250,400,200" step="2"/><U69/><E1/><V133/><F28/><W5/><G35/><T6/><D6/><U101/><E3/><V22/><F30/><W19/><G4/><T42/><D42/><U56/><E40/><V54/><F43/><W103/><G5/><T31/><D31/><U116/><E116/><V9/><F41/><W65/><G123/><T134/><D134/><U132/><E132/><V99/><F133/><W29/><G29/><T68/><D68/><U48/><E69/><V36/><F36/><W23/><G103/><T66/><D66/><U32/><E101/><V57/><F54/><W96/><G65/><T127/><D127/><U85/><E135/><V72/><F52/><W60/><G60/><T62/><D62/><N who="1" m="37959" /><E48/><V0/><F0/><W86/><G102/><T75/><D75/><U17/><E32/><V100/><F72/><W122/><G122/><T80/><D80/><U15/><E82/><V18/><F100/><W104/><G81/><T115/><D115/><U7/><E50/><V117/><F117/><W126/><G126/><RYUUKYOKU ba="1,1" sc="140,30,250,-10,400,-10,200,-10" hai0="12,16,49,53,58,63,67,71,76,78,84,88,95" />
</Scene>
<Scene>
<INIT seed="2,2,1,1,2,107" ten="170,240,390,190" oya="2" hai0="22,85,68,63,105,133,51,126,16,28,9,3,106" hai1="8,12,29,65,100,118,42,73,76,127,20,24,47" hai2="17,50,54,55,93,109,38,7,101,125,99,119,86" hai3="103,78,79,110,5,35,131,122,19,58,13,59,129"/><V41/><F119/><W48/><G35/><T52/><D126/><U94/><E118/><V15/><F125/><W112/><G122/><T81/><D133/><U40/><E127/><V77/><F109/><W113/><G103/><T4/><D28/><U32/><E65/><V134/><F7/><W49/><G5/><T83/><D63/><U89/><E100/><V67/><F134/><W92/><G92/><T80/><D68/><U84/><E32/><V135/><F135/><W97/><G97/><T66/><D66/><U44/><E73/><V74/><F67/><W31/><G31/><T56/><REACH who="0" step="1"/><D85/><REACH who="0" ten="160,240,390,190" step="2"/><U64/><E64/><V87/><F86/><W104/><G110/><T53/><D53/><U116/><E116/><V62/><F87/><W124/><G124/><T111/><D111/><U11/><E84/><V117/><F62/><W57/><G104/><T75/><D75/><U10/><E29/><V71/><F117/><W34/><G34/><T90/><D90/><U37/><E89/><V69/><F71/><W120/><G120/><T1/><D1/><U21/><E94/><V91/><F69/><W36/><G79/><T102/><D102/><U61/><E76/><V114/><F101/><W128/><G78/><T25/><AGARI ba="2,2" hai="3,4,9,16,22,25,51,52,56,80,81,83,105,106" machi="25" ten="30,7900,0" yaku="1,1,0,1,54,2,53,0" doraHai="107" doraHaiUra="95" who="0" fromWho="0" sc="160,105,240,-22,390,-41,190,-22" />
</Scene>
<Scene>
<INIT seed="3,0,0,1,0,61" ten="265,218,349,168" oya="3" hai0="6,72,90,84,35,41,64,103,95,31,92,59,96" hai1="57,107,125,53,77,3,1,76,23,127,85,121,122" hai2="120,20,131,19,101,97,81,30,17,66,25,38,112" hai3="126,106,115,108,99,15,21,109,82,10,114,16,12"/><W133/><G133/><T68/><D68/><U93/><E107/><V73/><F112/><W18/><G82/><T79/><D41/><U44/><E44/><V98/><F120/><N who="1" m="46185" /><E23/><V43/><F131/><W119/><G119/><T105/><D6/><U113/><E113/><N who="3" m="43018" /><G99/><T100/><D31/><U50/><E93/><V134/><F134/><W62/><G62/><T8/><D8/><U78/><E85/><V51/><F38/><W27/><G106/><T94/><D35/><U26/><E26/><V74/><F74/><W69/><G69/><T48/><D48/><U13/><E13/><V52/><F43/><W9/><G126/><AGARI ba="0,0" hai="1,3,50,53,57,76,77,78,125,126,127" m="46185" machi="126" ten="40,1300,0" yaku="18,1" doraHai="61" who="1" fromWho="3" sc="265,0,218,13,349,0,168,-13" owari="265,7.0,231,-17.0,349,44.0,155,-34.0" />
</Scene>
</mjloggm>