<mjloggm ver="2.3"><GO type="169"/><UN n0="%E3%81%94%E3%81%98%E3%82%83%E3%82%8B" n1="%E6%A3%92%E8%A7%92" n2="%E4%BF%BA%E3%81%A4%E3%81%88%E3%81%88%E3%81%88%EF%BD%9E" n3="%E5%A4%AA%E3%81%8F%E3%81%AA%E3%81%84%E3%81%8A" dan="17,16,17,18" rate="2168,2057,2204,2168" sx="M,M,F,M"/><TAIKYOKU oya="0"/>

<Scene>
<INIT seed="0,0,0,3,0,95" ten="250,250,250,250" oya="0" hai0="39,93,60,78,64,131,1,76,120,129,48,41,80" hai1="7,133,79,65,63,13,100,32,17,130,124,36,114" hai2="107,108,117,27,67,98,123,23,77,10,15,14,11" hai3="118,94,87,21,26,34,37,50,28,91,55,74,42"/><T4/><D120/><U57/><E36/><V70/><F123/><W40/><G118/><T104/><D104/><U135/><E32/><V72/><F117/><W122/><G122/><T33/><D33/><U86/><E114/><V31/><F108/><W102/><G74/><T38/><D48/><U12/><E124/><V22/><F70/><W35/><G37/><T83/><D93/><U90/><E79/><V53/><F67/><W18/><G35/><T96/><D4/><U30/><E30/><V8/><F77/><W24/><REACH who="3" step="1"/><G102/><REACH who="3" ten="250,250,250,240" step="2"/><T115/><D115/><U5/><E100/><V52/><F72/><W29/><G29/><T101/><D39/><U84/><E135/><V47/><F47/><AGARI ba="0,1" hai="18,21,24,26,28,34,40,42,47,50,55,87,91,94" machi="47" ten="30,2000,0" yaku="1,1,7,1,53,0" doraHai="95" doraHaiUra="125" who="3" fromWho="2" sc="250,0,250,0,250,-20,240,30" />
</Scene>
<Scene>
<INIT seed="1,0,0,4,0,29" ten="250,250,230,270" oya="1" hai0="65,4,31,98,15,86,41,68,55,114,10,104,40" hai1="2,19,132,83,87,54,14,91,133,82,50,45,94" hai2="35,79,81,125,61,22,44,51,62,134,64,95,3" hai3="92,47,115,25,0,105,135,119,97,93,100,56,75"/><U34/><E2/><V121/><F121/><W23/><G115/><T72/><D72/><U70/><E70/><V38/><F3/><W57/><G75/><T90/><D114/><U28/><E28/><V21/><F38/><W106/><G0/><T60/><D55/><U33/><E83/><V67/><F95/><W32/><G135/><N who="1" m="51786" /><E94/><V84/><F134/><W127/><G92/><T96/><D96/><U99/><E99/><V9/><F9/><AGARI ba="0,0" hai="9,14,19,33,34,45,50,54,82,87,91" m="51786" machi="9" ten="30,11600,0" yaku="25,1,20,1,52,2" doraHai="29" who="1" fromWho="2" sc="250,0,250,116,230,-116,270,0" />
</Scene>
<Scene>
<INIT seed="1,1,0,5,0,1" ten="250,366,114,270" oya="1" hai0="65,16,44,99,83,8,30,52,91,18,71,34,47" hai1="126,113,5,67,94,97,104,33,59,35,128,40,14" hai2="0,117,4,46,105,24,2,107,85,134,120,45,98" hai3="37,54,115,118,36,9,108,77,133,81,38,86,53"/><U28/><E113/><V23/><F120/><W69/><G115/><T84/><D65/><U72/><E72/><V106/><F117/><W101/><G69/><T102/><D71/><U57/><E104/><V11/><F134/><W109/><G133/><T7/><D30/><U92/><E40/><V66/><F66/><W74/><G118/><T10/><D34/><U21/><E126/><V41/><F85/><W43/><G43/><T48/><D44/><U110/><E128/><V39/><F46/><W3/><G101/><T79/><D79/><U112/><E112/><V80/><F80/><W51/><G74/><T131/><D131/><U130/><E130/><V55/><F55/><W42/><G42/><T88/><D91/><U62/><E94/><V124/><F124/><W31/><G31/><T123/><D123/><U75/><E59/><V135/><F135/><W87/><G87/><T49/><D49/><U89/><E75/><V6/><F98/><W60/><G60/><T93/><D8/><U82/><E82/><V32/><F32/><W129/><G129/><T68/><D68/><U96/><E96/><V78/><F78/><W103/><G103/><T111/><D111/><N who="3" m="42569" /><G51/><T25/><D25/><N who="1" m="16431" /><E110/><V122/><F122/><W90/><G77/><T95/><D83/><U76/><E76/><V26/><F23/><W50/><G50/><T132/><D132/><U56/><E56/><V121/><F121/><W27/><G81/><T17/><D17/><U116/><E116/><V63/><F63/><W127/><G127/><T12/><AGARI ba="1,0" hai="7,10,12,16,18,47,48,52,84,88,93,95,99,102" machi="12" ten="20,12000,2" yaku="0,1,7,1,8,1,52,1,54,3" doraHai="1" who="0" fromWho="0" sc="250,123,366,-61,114,-31,270,-31" />
</Scene>
<Scene>
<INIT seed="2,0,0,1,0,114" ten="373,305,83,239" oya="2" hai0="116,86,134,28,60,109,103,9,54,23,133,73,74" hai1="115,2,4,34,107,56,53,129,16,106,93,76,5" hai2="70,91,7,46,88,126,36,41,0,40,47,37,25" hai3="104,10,50,118,21,18,26,49,95,81,119,101,111"/><V128/><F70/><W67/><G104/><T31/><D109/><U89/><E34/><V39/><F128/><W130/><G111/><T72/><D9/><U57/><E115/><V55/><F126/><W20/><G130/><T102/><D86/><U65/><E76/><V30/><F39/><W59/><G10/><T42/><D42/><U17/><E129/><V45/><F7/><W33/><G33/><T77/><D77/><U6/><E2/><V84/><F0/><W11/><G11/><T100/><D116/><U8/><E107/><V82/><F55/><W32/><G32/><T19/><D54/><U117/><E106/><V98/><F98/><W15/><G81/><T123/><D60/><N who="1" m="38023" /><E117/><V108/><F108/><W1/><G1/><T99/><D99/><N who="1" m="57775" /><E8/><V71/><F71/><W63/><G50/><AGARI ba="0,0" hai="4,5,6,16,17,50,53,57" m="57775,38023" machi="50" ten="30,2000,0" yaku="8,1,54,1" doraHai="114" who="1" fromWho="3" sc="373,0,305,20,83,0,239,-20" />
</Scene>
<Scene>
<INIT seed="3,0,0,0,1,134" ten="373,325,83,219" oya="3" hai0="51,121,4,83,1,75,16,128,12,20,122,36,89" hai1="86,92,44,38,98,22,11,8,43,6,81,49,127" hai2="45,79,99,7,63,32,94,123,68,23,40,35,76" hai3="5,2,84,37,129,70,113,110,102,125,96,130,105"/><W91/><G37/><T126/><D36/><U55/><E22/><V34/><F123/><W88/><G70/><T107/><D107/><U58/><E6/><V14/><F63/><W133/><G113/><T87/><D128/><N who="3" m="49257" /><G133/><T42/><D75/><U100/><E127/><V46/><F68/><W115/><G115/><T78/><D126/><U53/><E53/><V77/><F40/><W9/><G110/><T80/><D80/><U85/><E85/><V93/><F7/><W47/><G47/><N who="0" m="26103" /><D1/><U95/><E95/><V52/><F52/><W28/><G28/><T135/><D135/><U19/><E19/><V64/><F64/><W48/><G48/><T103/><D103/><U66/><E66/><V101/><REACH who="2" step="1"/><F94/><REACH who="2" ten="373,325,73,219" step="2"/><N who="3" m="54535" /><G125/><T33/><D122/><U131/><E131/><V0/><F0/><W13/><G2/><T3/><D121/><U82/><E82/><V24/><F24/><W17/><G5/><T65/><D65/><U117/><E117/><V106/><F106/><W108/><G108/><T57/><D3/><U112/><E112/><V124/><F124/><W15/><G15/><T27/><D4/><U54/><E54/><V10/><F10/><W90/><AGARI ba="0,1" hai="9,13,17,90,91,96,102,105" m="54535,49257" machi="90" ten="30,3000,0" yaku="19,1,54,1" doraHai="134" who="3" fromWho="3" sc="373,-10,325,-10,73,-10,219,40" />
</Scene>
<Scene>
<INIT seed="3,1,0,2,0,91" ten="363,315,63,259" oya="3" hai0="15,51,33,63,106,116,101,19,41,128,135,25,30" hai1="68,49,54,132,131,73,26,5,107,32,90,29,12" hai2="114,124,37,97,130,60,98,122,78,40,100,52,96" hai3="69,13,134,66,14,102,1,74,61,27,85,35,56"/><W75/><G1/><T58/><D116/><U126/><E73/><V133/><F114/><W42/><G134/><T22/><D135/><U2/><E132/><V36/><F133/><W18/><G42/><T34/><D128/><U65/><E107/><V46/><F130/><W99/><G85/><T9/><D106/><U0/><E126/><V38/><F124/><W80/><G56/><T67/><D41/><U62/><E131/><V64/><F122/><W48/><G48/><T123/><D123/><U8/><E90/><V53/><F78/><W79/><G74/><T28/><D51/><U50/><E50/><V77/><F77/><W88/><G88/><T129/><D129/><U57/><AGARI ba="1,0" hai="0,2,5,8,12,26,29,32,49,54,57,62,65,68" machi="57" ten="20,1500,0" yaku="0,1,7,1" doraHai="91" who="1" fromWho="1" sc="363,-5,315,18,63,-5,259,-8" />
</Scene>
<Scene>
<INIT seed="4,0,0,3,1,46" ten="358,333,58,251" oya="0" hai0="44,42,114,57,129,81,72,107,37,13,34,111,28" hai1="55,120,77,83,112,68,50,11,47,10,104,0,125" hai2="5,59,69,31,21,88,26,16,12,130,33,90,94" hai3="132,62,56,133,22,84,18,121,15,71,63,131,20"/><T99/><D114/><U124/><E120/><V75/><F69/><W39/><G39/><T113/><D113/><U3/><E104/><V100/><F75/><W6/><G121/><T53/><D129/><U2/><E68/><V27/><F130/><W65/><G131/><T35/><D111/><U4/><E112/><V101/><F90/><W7/><G84/><T96/><D13/><U45/><E45/><V89/><F89/><W78/><G78/><T8/><D8/><U19/><E19/><V85/><F26/><W32/><G32/><T23/><D23/><U1/><REACH who="1" step="1"/><E11/><REACH who="1" ten="358,323,58,251" step="2"/><V49/><REACH who="2" step="1"/><F5/><REACH who="2" ten="358,323,48,251" step="2"/><W61/><G7/><T87/><D72/><AGARI ba="0,2" hai="0,1,2,3,4,10,47,50,55,72,77,83,124,125" machi="72" ten="40,8000,1" yaku="1,1,2,1,52,1,53,2" doraHai="46" doraHaiUra="135" who="1" fromWho="0" sc="358,-80,323,100,48,0,251,0" />
</Scene>
<Scene>
<INIT seed="5,0,0,3,1,9" ten="278,423,48,251" oya="1" hai0="87,23,44,116,92,127,133,98,79,119,60,10,37" hai1="114,71,106,63,95,124,134,118,27,11,132,88,22" hai2="17,14,91,48,131,76,57,2,96,4,34,35,112" hai3="1,80,74,8,51,90,126,70,130,107,117,33,110"/><U49/><E106/><V0/><F76/><W15/><RYUUKYOKU type="yao9" ba="0,0" sc="278,0,423,0,48,0,251,0" hai3="1,8,15,33,51,70,74,80,90,107,110,117,126,130" />
</Scene>
<Scene>
<INIT seed="5,1,0,4,4,37" ten="278,423,48,251" oya="1" hai0="50,53,83,69,133,55,98,108,124,45,65,102,97" hai1="128,90,14,104,79,89,11,78,106,99,118,17,32" hai2="48,127,68,46,21,7,107,57,66,101,28,122,38" hai3="43,76,111,134,93,10,91,132,95,112,56,40,16"/><U2/><E118/><V130/><F122/><W1/><G111/><T62/><D108/><U94/><E32/><V135/><F7/><N who="3" m="1391" /><G76/><T18/><D124/><U49/><E2/><V54/><F127/><W33/><G33/><T103/><D133/><N who="3" m="51305" /><G112/><T116/><D116/><U19/><E128/><V12/><F135/><W131/><G131/><T15/><D55/><U71/><E71/><V84/><F130/><W75/><G75/><T6/><D6/><U77/><E90/><V63/><F84/><N who="3" m="52455" /><G95/><T13/><D13/><U52/><E19/><V96/><F12/><W70/><G70/><T105/><D83/><U47/><AGARI ba="1,0" hai="11,14,17,47,49,52,77,78,79,89,94,99,104,106" machi="47" ten="30,3000,0" yaku="0,1,54,1" doraHai="37" who="1" fromWho="1" sc="278,-11,423,33,48,-11,251,-11" />
</Scene>
<Scene>
<INIT seed="5,2,0,0,5,35" ten="267,456,37,240" oya="1" hai0="79,39,106,6,126,127,81,65,125,61,30,93,38" hai1="0,113,12,118,58,90,115,129,120,32,124,53,26" hai2="87,48,111,98,94,112,50,89,40,78,4,121,22" hai3="132,73,92,84,25,91,43,119,69,102,80,134,55"/><U16/><E120/><V101/><F121/><W99/><G69/><T52/><D106/><U46/><E118/><V109/><F111/><W7/><G43/><T5/><D93/><U66/><E90/><V64/><F109/><W3/><G25/><T85/><D30/><N who="1" m="19543" /><E46/><V20/><F112/><N who="1" m="43081" /><E66/><V108/><F108/><W9/><G119/><T68/><REACH who="0" step="1"/><D52/><REACH who="0" ten="257,456,37,240" step="2"/><U77/><E53/><V15/><F64/><W23/><G55/><T133/><D133/><U62/><E62/><V27/><F40/><W21/><G134/><T123/><D123/><U47/><E47/><V131/><F131/><W1/><G132/><T63/><D63/><U37/><E129/><V135/><F135/><W8/><G73/><T44/><D44/><U86/><E58/><V100/><F100/><W28/><G28/><T36/><AGARI ba="2,1" hai="5,6,36,38,39,61,65,68,79,81,85,125,126,127" machi="36" ten="40,5200,0" yaku="1,1,0,1,18,1,53,0" doraHai="35" doraHaiUra="122" who="0" fromWho="0" sc="257,68,456,-28,37,-15,240,-15" />
</Scene>
<Scene>
<INIT seed="6,0,0,5,1,74" ten="325,428,22,225" oya="2" hai0="56,110,57,40,112,49,2,26,73,105,31,41,52" hai1="75,85,19,51,28,6,34,3,42,24,117,7,21" hai2="71,119,63,23,103,38,61,59,27,89,96,1,47" hai3="104,106,86,92,95,16,14,100,124,69,4,82,53"/><V127/><F1/><W125/><G69/><T88/><D110/><U10/><E75/><V0/><F0/><W12/><G53/><T43/><D2/><N who="1" m="343" /><E85/><V65/><F119/><W70/><G70/><T130/><D105/><U118/><E51/><V107/><F127/><N who="3" m="48715" /><G4/><T91/><D130/><U20/><E42/><V46/><F38/><W8/><G14/><T11/><D112/><U15/><E21/><V80/><F80/><W90/><G100/><T133/><D133/><U72/><E72/><V111/><F89/><N who="0" m="34378" /><D73/><U25/><E25/><V62/><F111/><W98/><G98/><T18/><D31/><U64/><E64/><V33/><F63/><W128/><G128/><T67/><D67/><U81/><E81/><V5/><F5/><W60/><G60/><T36/><D36/><U77/><E118/><V39/><F39/><W122/><G122/><T134/><D134/><U13/><E13/><V54/><REACH who="2" step="1"/><F33/><REACH who="2" ten="325,428,12,225" step="2"/><W97/><G97/><T115/><D115/><U102/><E117/><V123/><F123/><W79/><G90/><T55/><D49/><U84/><E7/><V116/><F116/><W66/><G66/><T17/><D57/><U37/><E37/><V32/><F32/><W99/><G99/><T44/><D56/><U126/><E3/><V135/><F135/><W120/><G120/><T78/><D44/><U45/><E45/><V121/><F121/><W113/><G113/><T87/><D11/><U50/><E50/><V30/><AGARI ba="0,1" hai="23,27,30,46,47,54,59,61,62,65,71,96,103,107" machi="30" ten="20,3900,0" yaku="1,1,0,1,7,1,53,0" doraHai="74" doraHaiUra="131" who="2" fromWho="2" sc="325,-13,428,-13,12,49,225,-13" />
</Scene>
<Scene>
<INIT seed="6,1,0,4,5,29" ten="312,415,61,212" oya="2" hai0="23,86,122,131,24,92,89,1,100,26,31,115,53" hai1="17,67,113,50,42,48,65,120,78,135,5,3,30" hai2="101,74,70,108,51,32,105,111,76,72,82,66,88" hai3="62,33,2,34,106,18,14,25,38,6,119,71,77"/><V15/><F15/><W85/><G38/><T49/><D1/><U87/><E17/><V16/><F51/><W132/><G106/><T129/><D122/><U46/><E30/><V75/><F66/><W133/><G119/><T59/><D115/><U56/><E113/><V19/><F70/><W4/><G25/><T73/><D73/><U109/><E109/><N who="2" m="42059" /><F32/><N who="3" m="12395" /><G77/><T60/><D100/><U125/><E67/><V11/><F11/><N who="3" m="6495" /><G85/><T9/><D9/><U37/><E37/><V130/><F130/><N who="0" m="49674" /><D26/><U7/><E65/><V79/><F101/><W102/><G102/><T8/><D8/><U28/><E28/><V95/><F105/><W54/><G2/><T112/><D112/><U43/><E3/><V68/><F68/><W99/><G71/><T63/><AGARI ba="1,0" hai="23,24,31,49,53,59,60,63,86,89,92" m="49674" machi="63" ten="30,1100,0" yaku="19,1" doraHai="29" who="0" fromWho="0" sc="312,14,415,-4,61,-6,212,-4" />
</Scene>
<Scene>
<INIT seed="7,0,0,5,5,21" ten="326,411,55,208" oya="3" hai0="45,116,111,8,65,37,97,108,79,134,105,50,115" hai1="29,126,61,135,70,114,9,71,28,55,120,1,35" hai2="103,121,34,109,60,106,67,18,39,41,49,57,93" hai3="59,13,26,87,20,78,75,86,127,94,62,16,112"/><W101/><G112/><T32/><D116/><U42/><E120/><V104/><F109/><W99/><G127/><T27/><D134/><U40/><E135/><V69/><F121/><W95/><G75/><T53/><D115/><U63/><E9/><V6/><F93/><W90/><G78/><T58/><D79/><U36/><E55/><V19/><F6/><W51/><G51/><T89/><D8/><U80/><E80/><V132/><F132/><W10/><G94/><T12/><D12/><U0/><E35/><V72/><F72/><W91/><G91/><T48/><D37/><U92/><E92/><V2/><F2/><W83/><G83/><T5/><D5/><U117/><E36/><V130/><F130/><W113/><G113/><T84/><D84/><U68/><E68/><V76/><F76/><W47/><G47/><T52/><D65/><U107/><E107/><V125/><F125/><W17/><REACH who="3" step="1"/><G101/><REACH who="3" ten="326,411,55,198" step="2"/><T14/><D89/><U88/><E88/><V119/><F119/><W56/><G56/><T4/><D111/><U23/><E114/><V33/><F106/><W7/><G7/><T66/><D108/><U31/><E126/><V22/><F104/><W110/><G110/><T129/><D4/><U77/><E77/><V44/><F103/><W122/><G122/><T43/><D58/><U98/><E117/><V38/><F38/><W82/><G82/><T25/><D45/><U124/><E124/><V73/><F73/><W128/><G128/><T85/><D105/><U74/><E74/><V118/><F118/><W96/><G96/><T3/><D97/><RYUUKYOKU ba="0,1" sc="326,-10,411,-10,55,-10,198,30" hai3="10,13,16,17,20,26,59,62,86,87,90,95,99" />
</Scene>
<Scene>
<INIT seed="7,1,1,0,0,127" ten="316,401,45,228" oya="3" hai0="58,18,28,100,14,8,75,74,30,107,134,33,55" hai1="42,67,77,104,135,82,32,26,115,79,98,109,88" hai2="17,46,117,22,72,73,84,65,3,60,120,62,36" hai3="51,87,76,85,37,44,118,34,11,70,103,132,45"/><W95/><G70/><T121/><D121/><U125/><E42/><V21/><F117/><W48/><G34/><T99/><D134/><U19/><E135/><V128/><F120/><W126/><G132/><T9/><D30/><U47/><E47/><V12/><F3/><W13/><G118/><T4/><D28/><U112/><E67/><V105/><F105/><W124/><G37/><T94/><D33/><U56/><E56/><V0/><F0/><W61/><G61/><T91/><D107/><U54/><E54/><V24/><F84/><W114/><G114/><T86/><D100/><N who="1" m="62487" /><E19/><V41/><F62/><W108/><G108/><T122/><D122/><U102/><E102/><V59/><F24/><W27/><G27/><T93/><D4/><U2/><E2/><V130/><REACH who="2" step="1"/><F22/><REACH who="2" ten="316,401,35,228" step="2"/><W49/><G85/><T83/><D75/><U20/><E20/><V90/><F90/><W96/><G124/><T80/><D74/><U89/><E26/><V78/><F78/><W15/><G126/><T29/><D29/><U116/><E79/><V133/><F133/><W53/><G87/><T64/><D64/><U97/><E77/><V38/><F38/><W57/><G76/><T1/><D1/><U129/><E89/><V63/><F63/><N who="3" m="36271" /><G15/><T69/><D69/><U7/><E125/><V39/><F39/><W35/><G35/><T52/><D86/><U123/><E32/><V68/><F68/><W10/><G13/><T6/><D14/><U101/><E116/><V16/><F16/><W92/><G103/><T110/><D18/><U119/><E119/><V43/><F43/><RYUUKYOKU ba="1,2" sc="316,-10,401,-10,35,30,228,-10" hai2="12,17,21,36,41,46,59,60,65,72,73,128,130" owari="306,11.0,411,50.0,65,-43.0,218,-18.0" />
</Scene>
</mjloggm>