<mjloggm ver="2.3"><GO type="169" lobby="0"/><UN n0="%E3%83%9E%E3%83%88%E3%83%AA%E3%83%83%E3%82%AF%E3%82%B9" n1="%E5%A4%AA%E3%81%8F%E3%81%AA%E3%81%84%E3%81%8A" n2="%2D%72%6F%6E%2D" n3="%E3%82%A2%E3%83%8B%E3%82%AA%E3%83%B3" dan="16,18,16,16" rate="2090.32,2185.57,2090.81,2105.10" sx="M,M,M,F"/><TAIKYOKU oya="0"/>

<Scene>
<INIT seed="0,0,0,3,2,88" ten="250,250,250,250" oya="0" hai0="100,25,122,49,7,123,87,32,103,128,47,135,91" hai1="6,31,56,21,113,43,130,71,37,118,20,104,51" hai2="30,39,80,90,45,15,42,57,23,69,86,111,63" hai3="13,40,108,81,2,105,109,117,72,62,112,124,127"/><T26/><D135/><U16/><E118/><V66/><F111/><N who="3" m="42571" /><G2/><T121/><D128/><U14/><E104/><V96/><F96/><W79/><G40/><T48/><D7/><U78/><E71/><V4/><F4/><W44/><G117/><T19/><D32/><U50/><E130/><V107/><F107/><W60/><G44/><T133/><D133/><U94/><E113/><V3/><F3/><W29/><G112/><T119/><D119/><U12/><E78/><V10/><F10/><W59/><G29/><T28/><D19/><U54/><E37/><V64/><F15/><W46/><G46/><T67/><D67/><U27/><E43/><V115/><F115/><W36/><G36/><T0/><D0/><U131/><E131/><V106/><F106/><W99/><G13/><T132/><D132/><U9/><REACH who="1" step="1"/><E94/><REACH who="1" ten="250,240,250,250" step="2"/><V102/><F69/><W1/><G105/><T110/><D110/><U70/><E70/><V55/><F42/><W17/><G79/><T41/><D123/><U95/><E95/><V84/><F39/><W18/><G127/><T83/><D122/><U126/><E126/><V73/><F73/><W93/><G124/><T61/><D121/><U38/><E38/><V92/><F92/><W114/><G93/><T75/><D75/><U58/><E58/><V8/><F57/><W125/><G59/><T89/><D41/><U35/><E35/><V97/><F97/><W101/><G72/><T68/><D68/><U52/><E52/><V129/><F55/><W82/><G99/><T11/><D87/><N who="2" m="33322" /><F129/><W22/><G125/><T76/><D76/><RYUUKYOKU ba="0,1" sc="250,-10,240,30,250,-10,250,-10" hai1="6,9,12,14,16,20,21,27,31,50,51,54,56" />
</Scene>
<Scene>
<INIT seed="1,1,1,1,3,105" ten="240,270,240,240" oya="1" hai0="33,56,87,4,107,108,76,74,54,85,114,125,25" hai1="49,81,18,17,34,46,109,130,121,15,117,70,13" hai2="124,45,84,35,73,93,122,133,78,77,47,55,97" hai3="95,12,112,67,39,29,31,89,16,113,90,66,79"/><U50/><E121/><V92/><F122/><W104/><G39/><T91/><D114/><U42/><E117/><V32/><F133/><W94/><G104/><T120/><D120/><U106/><E106/><V60/><F124/><W51/><G79/><T102/><D125/><U30/><E70/><V44/><F73/><W101/><G51/><T88/><D108/><U69/><E69/><V71/><F71/><W36/><G36/><T9/><D107/><U53/><E130/><V65/><F32/><W82/><G82/><T134/><D134/><U40/><E109/><V10/><F35/><W86/><G101/><T98/><D74/><U48/><E34/><V26/><F26/><W1/><G1/><T3/><D76/><U28/><E81/><V131/><F131/><W129/><G129/><T41/><D41/><N who="1" m="15979" /><E53/><V80/><F78/><W27/><G27/><T75/><D75/><U64/><E64/><N who="3" m="24618" /><G113/><T8/><D25/><U23/><E46/><V59/><F65/><W63/><G63/><T118/><D33/><U38/><E38/><V96/><REACH who="2" step="1"/><F10/><AGARI ba="1,1" hai="10,13,15,17,18,23,28,30,48,49,50" m="15979" machi="10" ten="30,1500,0" yaku="8,1" doraHai="105" who="1" fromWho="2" sc="240,0,270,28,240,-18,240,0" />
</Scene>
<Scene>
<INIT seed="1,2,0,4,1,64" ten="240,298,222,240" oya="1" hai0="134,2,39,11,120,133,72,3,58,71,79,124,47" hai1="67,14,50,75,23,15,53,41,62,36,113,51,73" hai2="130,43,101,18,109,131,92,96,123,13,12,8,40" hai3="10,129,135,21,37,78,86,82,108,34,0,74,100"/><U60/><E113/><V44/><F123/><W29/><G129/><N who="2" m="49161" /><F109/><W35/><G135/><N who="0" m="51723" /><D120/><U61/><E67/><V42/><F13/><W95/><G37/><AGARI ba="2,0" hai="8,12,18,37,40,42,43,44,92,96,101" m="49161" machi="37" ten="30,1000,0" yaku="19,1" doraHai="64" who="2" fromWho="3" sc="240,0,298,0,222,16,240,-16" />
</Scene>
<Scene>
<INIT seed="2,0,0,3,1,71" ten="240,298,238,224" oya="2" hai0="132,43,44,26,64,13,80,104,116,95,4,31,129" hai1="49,20,0,48,103,6,92,76,54,83,14,41,75" hai2="109,23,79,1,2,59,24,5,40,90,22,98,117" hai3="124,85,111,33,8,55,38,127,39,89,74,77,28"/><V32/><F117/><W135/><G111/><T128/><D104/><U100/><E0/><V7/><F109/><W29/><G135/><T91/><D116/><U114/><E114/><V63/><F79/><W105/><G105/><T42/><D132/><U99/><E41/><V115/><F115/><W30/><G33/><T25/><D64/><U3/><E3/><V94/><F32/><W70/><G70/><T107/><D107/><U19/><E6/><N who="2" m="2059" /><F23/><W57/><G8/><T9/><D80/><U96/><REACH who="1" step="1"/><E54/><REACH who="1" ten="240,288,238,224" step="2"/><N who="2" m="34295" /><F40/><W130/><G127/><T12/><D43/><U56/><E56/><V62/><F62/><W47/><G57/><T123/><D123/><U126/><E126/><V73/><F73/><W17/><G74/><T11/><D42/><U119/><E119/><V122/><F122/><W113/><G124/><T118/><D118/><U106/><AGARI ba="0,1" hai="14,19,20,48,49,75,76,83,92,96,99,100,103,106" machi="106" ten="20,5200,0" yaku="1,1,0,1,7,1,53,1" doraHai="71" doraHaiUra="16" who="1" fromWho="1" sc="240,-13,288,62,238,-26,224,-13" />
</Scene>
<Scene>
<INIT seed="3,0,0,0,0,125" ten="227,350,212,211" oya="3" hai0="104,26,3,105,5,81,106,32,83,48,126,115,53" hai1="89,120,57,122,45,129,43,80,93,64,4,109,116" hai2="97,60,74,28,58,39,131,40,18,71,99,86,130" hai3="119,84,77,1,41,78,73,112,21,22,12,117,102"/><W27/><G112/><T31/><D126/><U110/><E4/><V52/><F74/><W118/><G1/><T98/><D115/><U37/><E80/><V111/><F111/><N who="1" m="42505" /><E116/><V94/><F28/><W76/><G102/><T38/><D38/><U67/><E129/><N who="2" m="49163" /><F71/><W88/><G73/><T79/><D98/><N who="1" m="57647" /><E57/><V135/><F135/><W75/><G75/><T103/><D103/><U69/><E69/><V133/><F133/><W70/><G70/><T127/><D127/><U0/><E0/><V113/><F113/><W23/><G12/><T96/><D96/><N who="2" m="36938" /><F18/><W134/><G134/><T107/><N who="0" m="26624" /><DORA hai="25" /><T85/><D81/><U95/><E95/><V17/><F17/><W44/><G117/><T16/><D3/><U50/><E37/><V92/><F86/><W6/><G119/><T10/><D5/><U7/><E7/><V128/><N who="2" m="49171" /><V42/><DORA hai="14" /><F39/><W49/><G118/><T8/><REACH who="0" step="1"/><D16/><REACH who="0" ten="217,350,212,211" step="2"/><U51/><E122/><V20/><F20/><W59/><G6/><T15/><D15/><U11/><E120/><V91/><F91/><W24/><G22/><T72/><D72/><U121/><E121/><V33/><F33/><W47/><G23/><T114/><D114/><U29/><E11/><V55/><F94/><W36/><G21/><T90/><D90/><U9/><E9/><V13/><F92/><N who="3" m="54279" /><G24/><T82/><D82/><U34/><E34/><V108/><F108/><W19/><G27/><T61/><D61/><U87/><E87/><V66/><F13/><W68/><G19/><T124/><D124/><U62/><E62/><V2/><F2/><RYUUKYOKU ba="0,1" sc="217,15,350,-15,212,15,211,-15" hai0="8,10,26,31,32,48,53,79,83,85" hai2="40,42,52,55,58,60,66" />
</Scene>
<Scene>
<INIT seed="4,1,1,3,5,2" ten="232,335,227,196" oya="0" hai0="74,50,26,120,35,113,118,75,80,64,130,67,70" hai1="88,55,56,119,90,91,65,3,46,71,23,49,135" hai2="76,16,85,4,95,101,86,61,127,7,134,82,106" hai3="69,83,109,104,11,19,37,52,43,12,97,31,51"/><T59/><D118/><U1/><E119/><V117/><F117/><W28/><G109/><T57/><D120/><U34/><E34/><V94/><F106/><W116/><G116/><T38/><D38/><U48/><E135/><V96/><F134/><W114/><G69/><T72/><D70/><U54/><REACH who="1" step="1"/><E23/><REACH who="1" ten="232,325,227,196" step="2"/><V100/><F127/><W126/><G126/><T32/><D32/><U99/><E99/><N who="2" m="59511" /><F86/><W42/><G97/><T84/><D74/><U102/><E102/><V0/><F0/><W125/><G125/><T73/><D75/><U24/><E24/><V15/><F61/><AGARI ba="1,2" hai="1,3,46,48,49,54,55,56,61,65,71,88,90,91" machi="61" ten="40,2600,0" yaku="1,1,54,1,53,0" doraHai="2" doraHaiUra="27" who="1" fromWho="2" sc="232,0,325,49,227,-29,196,0" />
</Scene>
<Scene>
<INIT seed="5,0,0,5,1,103" ten="232,374,198,196" oya="1" hai0="70,81,63,88,39,131,66,68,26,119,31,5,54" hai1="24,110,133,79,3,109,16,48,129,108,2,35,15" hai2="55,132,58,112,80,72,96,101,120,13,61,56,25" hai3="62,1,118,78,83,94,53,12,86,30,99,29,51"/><U105/><E79/><V90/><F120/><W74/><G118/><T117/><D39/><U0/><E48/><V102/><F132/><W126/><G126/><T22/><D131/><U38/><E38/><V6/><F112/><W87/><G1/><T64/><D5/><U116/><E116/><V84/><F72/><W97/><G62/><T4/><D4/><U71/><E71/><V34/><F58/><W128/><G128/><T89/><D54/><U91/><E91/><V59/><F59/><W127/><G127/><T18/><D81/><U125/><E125/><V17/><F6/><W21/><G74/><T23/><D31/><N who="3" m="11785" /><G87/><T47/><D47/><U77/><E77/><V122/><F122/><W43/><G43/><T27/><D63/><U92/><E129/><V135/><F135/><W134/><G94/><T37/><D37/><U41/><E92/><V8/><F34/><W93/><G93/><T7/><D7/><U98/><E41/><V42/><F42/><W57/><G134/><T73/><D73/><U32/><E133/><V45/><F45/><W49/><G49/><T28/><D28/><N who="1" m="19463" /><E35/><V75/><F75/><W123/><G123/><T82/><D82/><U111/><E111/><V95/><REACH who="2" step="1"/><F25/><REACH who="2" ten="232,374,188,196" step="2"/><W9/><G57/><T121/><D121/><U44/><E44/><V10/><F10/><W85/><G9/><T104/><D18/><U52/><E16/><V60/><F60/><W130/><G130/><T114/><D114/><U124/><E124/><V14/><F14/><W115/><G12/><T20/><D20/><U36/><E109/><V113/><F113/><RYUUKYOKU ba="0,1" sc="232,15,374,-15,188,15,196,-15" hai0="22,23,26,27,64,66,68,70,88,89,104,117,119" hai2="8,13,17,55,56,61,80,84,90,95,96,101,102" />
</Scene>
<Scene>
<INIT seed="6,1,1,2,0,82" ten="247,359,203,181" oya="2" hai0="92,99,18,60,86,30,64,26,85,63,66,43,2" hai1="40,1,126,101,113,100,103,46,105,54,36,20,79" hai2="84,120,52,112,58,96,108,44,25,74,49,128,27" hai3="109,10,102,94,21,73,106,76,16,53,131,32,4"/><V133/><F120/><W31/><G106/><T115/><D2/><U104/><E1/><V41/><F74/><W3/><G109/><T37/><D115/><U95/><E113/><V91/><F112/><W22/><G131/><T83/><D18/><U111/><E111/><V38/><F108/><W107/><G107/><T23/><D37/><U42/><E42/><V121/><F121/><W93/><G102/><T14/><D43/><U68/><E68/><V59/><F128/><W48/><G22/><T34/><D34/><U78/><E126/><V135/><F96/><W39/><G39/><T55/><D14/><U81/><E95/><N who="2" m="54759" /><F59/><N who="3" m="33191" /><G76/><T77/><D55/><U5/><E79/><V87/><F87/><N who="0" m="33290" /><D77/><U28/><E105/><V8/><F8/><W45/><G45/><T51/><D51/><U47/><E104/><V17/><F17/><W11/><G11/><T62/><D83/><U72/><E47/><V118/><F118/><W6/><G6/><T116/><D116/><U122/><E122/><V67/><F67/><W7/><G4/><T65/><D65/><U57/><E5/><V129/><F129/><W19/><G19/><T89/><AGARI ba="1,1" hai="23,26,30,60,62,63,64,66,89,92,99" m="33290" machi="89" ten="30,7900,0" yaku="8,1,52,3" doraHai="82" who="0" fromWho="0" sc="247,92,359,-21,203,-40,181,-21" />
</Scene>
<Scene>
<INIT seed="7,0,0,3,5,10" ten="339,338,163,160" oya="3" hai0="99,24,91,107,14,75,25,127,29,50,67,130,79" hai1="106,97,135,121,94,53,129,28,80,111,76,32,34" hai2="88,36,51,89,74,126,93,56,70,85,102,16,47" hai3="81,122,33,7,21,18,20,128,5,17,48,84,54"/><W77/><G122/><T1/><D1/><U59/><E111/><V83/><F70/><W112/><G33/><T30/><D127/><U9/><E121/><V69/><F69/><W115/><G128/><T46/><D130/><U49/><E129/><V71/><F71/><W120/><G120/><T133/><D133/><U23/><E106/><V82/><F36/><W45/><G112/><T131/><D131/><U95/><E135/><V4/><F126/><W104/><G104/><T6/><D67/><U72/><E94/><N who="2" m="54543" /><F74/><W35/><G35/><T73/><D73/><U98/><E97/><N who="2" m="59695" /><F4/><W132/><G132/><T31/><D75/><U15/><E23/><V39/><F39/><W64/><G115/><T66/><D66/><U114/><E28/><V43/><F89/><W96/><G64/><T0/><D0/><U118/><E118/><V119/><F119/><W13/><G96/><T110/><D110/><U105/><E105/><V68/><F68/><W124/><REACH who="3" step="1"/><G124/><REACH who="3" ten="339,338,163,150" step="2"/><T58/><D107/><U134/><E134/><V109/><F109/><W22/><G22/><T8/><D99/><U41/><E114/><V61/><F16/><W87/><G87/><T19/><D19/><N who="1" m="8687" /><E32/><V37/><F37/><W57/><G57/><T12/><D6/><U42/><E34/><V100/><F100/><W40/><G40/><T78/><D8/><U101/><E42/><V86/><F86/><W55/><G55/><AGARI ba="0,1" hai="43,47,51,55,56,61,82,83" m="59695,54543" machi="55" ten="30,2000,0" yaku="8,1,54,1" doraHai="10" who="2" fromWho="3" sc="339,0,338,0,163,30,150,-20" owari="339,44.0,338,14.0,193,-21.0,130,-37.0" />
</Scene>
</mjloggm>