<mjloggm ver="2.3"><GO type="169" lobby="0"/><UN n0="%E5%A4%AA%E3%81%8F%E3%81%AA%E3%81%84%E3%81%8A" n1="%E3%81%B4%E3%81%AE" n2="%E4%B8%83%E3%83%84%E7%9B%AE%E7%8E%89" n3="%68%65%61%72%74%73%40" dan="18,16,18,17" rate="2206.82,2128.13,2234.94,2170.49" sx="F,M,M,M"/><TAIKYOKU oya="0"/>

<Scene>
<INIT seed="0,0,0,0,5,55" ten="250,250,250,250" oya="0" hai0="40,12,62,125,52,91,35,94,83,66,126,132,15" hai1="49,119,16,90,68,46,72,2,61,60,31,9,82" hai2="73,57,79,81,117,67,112,124,104,1,34,29,4" hai3="78,50,63,103,36,30,129,98,20,96,111,39,0"/><T17/><D35/><U118/><E31/><V64/><F112/><W102/><G0/><T47/><D83/><U14/><E2/><V92/><F104/><W121/><G121/><T22/><D132/><U48/><E48/><V41/><F124/><N who="0" m="47722" /><D52/><N who="1" m="29751" /><E72/><V32/><F41/><W13/><G78/><T19/><D47/><U10/><E10/><V71/><F34/><W113/><G113/><T69/><D40/><U89/><E89/><V101/><F32/><W38/><G129/><T127/><D127/><U59/><E68/><V123/><F71/><W28/><G111/><T106/><D106/><U74/><E61/><V134/><F134/><W26/><G30/><T115/><D115/><U43/><E74/><V5/><F29/><W54/><G13/><N who="0" m="9519" /><D19/><U128/><E43/><V86/><F81/><W45/><G38/><T100/><D100/><U51/><E51/><V56/><F101/><N who="3" m="38411" /><G39/><T23/><D23/><U130/><E128/><V85/><F73/><W120/><G36/><T65/><D65/><N who="1" m="39071" /><E130/><V109/><F67/><W108/><G120/><T75/><D75/><U24/><E24/><V80/><F64/><W110/><G110/><T33/><D33/><U6/><E6/><V21/><F5/><W37/><G37/><T87/><AGARI ba="0,0" hai="12,15,62,66,69,87,91,94" m="9519,47722" machi="87" ten="30,1500,0" yaku="18,1" doraHai="55" who="0" fromWho="0" sc="250,15,250,-5,250,-5,250,-5" />
</Scene>
<Scene>
<INIT seed="0,1,0,5,0,126" ten="265,245,245,245" oya="0" hai0="81,100,88,108,90,5,97,17,131,121,43,9,67" hai1="49,75,104,103,124,72,77,58,7,96,99,109,36" hai2="2,122,23,125,69,21,123,133,102,3,59,129,127" hai3="44,116,46,40,93,101,91,64,37,16,6,15,19"/><T1/><D121/><N who="2" m="46090" /><F69/><W98/><G116/><T54/><D67/><U117/><E36/><V66/><F66/><W130/><G130/><T20/><D43/><U85/><E7/><V52/><F102/><W68/><G6/><T57/><D108/><U63/><E117/><V30/><F133/><W106/><G44/><T41/><D41/><U87/><E109/><V94/><F94/><W60/><REACH who="3" step="1"/><G15/><REACH who="3" ten="265,245,245,235" step="2"/><T48/><D131/><U18/><E124/><V50/><F129/><W42/><G42/><T27/><REACH who="0" step="1"/><D81/><REACH who="0" ten="255,245,245,235" step="2"/><U80/><E80/><V38/><F127/><W61/><G61/><T14/><D14/><U65/><E63/><V120/><F125/><W53/><G53/><T4/><D4/><U105/><E65/><V12/><F52/><W95/><G95/><AGARI ba="1,2" hai="1,5,9,17,20,27,48,54,57,88,90,95,97,100" machi="95" ten="30,5800,0" yaku="1,1,7,1,54,1,53,0" doraHai="126" doraHaiUra="8" who="0" fromWho="3" sc="255,81,245,0,245,0,235,-61" />
</Scene>
<Scene>
<INIT seed="0,2,0,3,0,62" ten="336,245,245,174" oya="0" hai0="82,9,36,88,27,1,57,101,102,125,126,2,135" hai1="55,50,111,18,43,29,81,76,123,128,127,25,67" hai2="24,21,46,28,61,91,92,65,32,79,56,73,38" hai3="113,118,120,5,3,52,114,34,80,47,23,69,133"/><T72/><D36/><U22/><E123/><V108/><F108/><W96/><G118/><T105/><D105/><U49/><E111/><V99/><F32/><W85/><G34/><T44/><D135/><U14/><E128/><V103/><F91/><W112/><G120/><T94/><D44/><U48/><E127/><N who="0" m="48649" /><D27/><U134/><E134/><V83/><F46/><W86/><G133/><T74/><D57/><U60/><E43/><V12/><F12/><W30/><G69/><T75/><D82/><U16/><E55/><V77/><F79/><W51/><G96/><N who="0" m="57415" /><D9/><U68/><REACH who="1" step="1"/><E14/><REACH who="1" ten="336,235,245,174" step="2"/><V131/><REACH who="2" step="1"/><F38/><REACH who="2" ten="336,235,235,174" step="2"/><W54/><G113/><T110/><D110/><U98/><E98/><V124/><F124/><W115/><G115/><T45/><D45/><U64/><E64/><V106/><F106/><W15/><G114/><T87/><D2/><U117/><E117/><V63/><F63/><W66/><G3/><T121/><D1/><U42/><E42/><V0/><F0/><W39/><G39/><T109/><D109/><U122/><E122/><V10/><F10/><W11/><G112/><T19/><D121/><U100/><E100/><V13/><F13/><W26/><G66/><T104/><D104/><U90/><E90/><V70/><F70/><W6/><G54/><T130/><D101/><U40/><E40/><V84/><F84/><AGARI ba="2,2" hai="16,18,22,25,29,48,49,50,60,67,68,76,81,84" machi="84" ten="40,5200,0" yaku="1,1,52,1,54,1,53,0" doraHai="62" doraHaiUra="97" who="1" fromWho="2" sc="336,0,235,78,235,-58,174,0" />
</Scene>
<Scene>
<INIT seed="1,0,0,0,4,74" ten="336,313,177,174" oya="1" hai0="92,107,86,104,123,59,57,47,26,111,120,7,28" hai1="90,108,102,78,29,41,72,48,76,99,44,35,55" hai2="8,130,4,109,131,122,121,40,14,84,110,63,19" hai3="95,37,18,69,33,135,50,116,32,46,75,89,93"/><U60/><E72/><V64/><F40/><W15/><G37/><T97/><D111/><N who="2" m="42506" /><F84/><W65/><G116/><T73/><D73/><U9/><E108/><V36/><F36/><W96/><G135/><T77/><D7/><U98/><E9/><N who="2" m="6607" /><F63/><W13/><G75/><T24/><D86/><U133/><E133/><V27/><F27/><W91/><G65/><T5/><D26/><U129/><E129/><N who="2" m="49163" /><F64/><W112/><G32/><T68/><D24/><U117/><E35/><V53/><F53/><W6/><G33/><T56/><D68/><U42/><E60/><V114/><F114/><W22/><G69/><T16/><D28/><U106/><E29/><V67/><F67/><W51/><G46/><T2/><D47/><U62/><E62/><V118/><F118/><W82/><G82/><T87/><D57/><U21/><E117/><V119/><F119/><W58/><G58/><T43/><D59/><U134/><E134/><V100/><F100/><W52/><G52/><T20/><D56/><U17/><E55/><V125/><F125/><W103/><G103/><T88/><D43/><U66/><E42/><V30/><F30/><W45/><G45/><T83/><D123/><U11/><E66/><V80/><F80/><W31/><G31/><T25/><REACH who="0" step="1"/><D120/><REACH who="0" ten="326,313,177,174" step="2"/><U113/><E41/><V128/><F128/><W115/><G115/><T38/><D38/><U126/><E113/><V39/><F39/><W0/><G112/><T49/><D49/><U70/><E48/><V10/><F4/><W101/><G50/><T81/><D81/><U23/><E70/><V1/><F1/><RYUUKYOKU ba="0,1" sc="326,15,313,-15,177,15,174,-15" hai0="2,5,16,20,25,77,83,87,88,92,97,104,107" hai2="8,10,121,122" />
</Scene>
<Scene>
<INIT seed="2,1,1,0,0,67" ten="341,298,192,159" oya="2" hai0="44,52,122,54,11,24,7,107,55,91,42,115,12" hai1="121,117,118,14,29,127,119,101,120,2,20,10,9" hai2="41,13,15,69,113,111,96,49,64,28,62,102,38" hai3="72,3,126,66,85,60,109,105,25,94,77,76,30"/><V88/><F113/><W87/><G126/><T90/><D115/><U37/><E37/><V46/><F111/><W108/><G3/><T71/><D122/><N who="1" m="47211" /><E101/><V110/><F110/><N who="3" m="42603" /><G105/><T21/><D107/><U89/><E89/><V34/><F38/><W79/><G72/><T8/><D8/><N who="1" m="3179" /><E2/><V78/><F78/><W95/><G94/><T61/><D61/><U40/><E40/><V99/><F99/><W31/><G95/><T103/><D103/><U106/><E106/><N who="2" m="63815" /><F88/><N who="0" m="33834" /><D71/><U86/><E86/><N who="3" m="32778" /><G25/><AGARI ba="1,1" hai="13,15,25,28,34,41,46,49,62,64,69" m="63815" machi="25" ten="30,2900,0" yaku="25,1,52,1" doraHai="67" who="2" fromWho="3" sc="341,0,298,0,192,42,159,-32" />
</Scene>
<Scene>
<INIT seed="2,2,0,3,0,20" ten="341,298,234,127" oya="2" hai0="33,127,124,29,11,56,10,107,14,135,32,17,128" hai1="125,96,108,133,1,104,78,72,75,91,27,15,55" hai2="83,73,25,88,134,51,69,103,90,74,126,92,64" hai3="89,16,42,26,120,100,37,49,102,106,47,122,87"/><V111/><F126/><N who="0" m="48170" /><D107/><U60/><E125/><V109/><F134/><W19/><G120/><T7/><D56/><U8/><E1/><V53/><F103/><W110/><G122/><T94/><D94/><U45/><E133/><V41/><F41/><W95/><G110/><N who="2" m="41993" /><F83/><W119/><G119/><T66/><D66/><U71/><E108/><V0/><F0/><W12/><G106/><T9/><D135/><U113/><E113/><V114/><F114/><W76/><G76/><T18/><D128/><U5/><E78/><V22/><F64/><W79/><G79/><T118/><D118/><U36/><E104/><V129/><F69/><W86/><G86/><T24/><D32/><U65/><E75/><N who="2" m="28683" /><F92/><W117/><G37/><T81/><D81/><U131/><E72/><V62/><F62/><W54/><G42/><T121/><D121/><U115/><E60/><V101/><F101/><W50/><G50/><T4/><D18/><U68/><E65/><V43/><F43/><W112/><G112/><T97/><D97/><U70/><E115/><V31/><F129/><W99/><G99/><T123/><D123/><U77/><E131/><V6/><F6/><AGARI ba="2,0" hai="4,6,7,9,10,11,14,17,24,29,33" m="48170" machi="6" ten="30,7700,0" yaku="18,1,34,2,52,1" doraHai="20" who="0" fromWho="2" sc="341,83,298,0,234,-83,127,0" />
</Scene>
<Scene>
<INIT seed="3,0,0,0,0,62" ten="424,298,151,127" oya="3" hai0="20,21,85,75,66,112,101,31,30,13,94,49,51" hai1="29,48,77,56,126,44,120,7,103,129,69,92,34" hai2="12,15,53,81,5,8,36,106,114,39,97,110,59" hai3="63,107,1,45,37,60,43,132,46,89,52,108,98"/><W32/><G1/><T130/><D75/><U125/><E69/><V67/><F114/><W83/><G32/><T61/><D112/><U64/><E120/><V133/><F110/><W23/><G108/><T72/><D72/><U134/><E77/><V40/><F133/><W109/><G109/><T58/><D130/><U131/><E7/><V79/><F40/><W3/><G3/><T135/><D135/><U115/><E134/><V128/><F128/><N who="1" m="49225" /><E115/><V57/><F15/><W68/><G132/><T117/><D117/><U76/><E76/><V127/><F127/><N who="1" m="48649" /><E29/><V82/><F79/><W96/><G107/><T121/><D121/><U119/><E34/><V71/><F71/><W124/><G124/><T70/><D70/><U6/><E6/><V123/><F123/><W2/><G2/><T91/><D31/><U9/><E9/><V111/><F111/><W105/><G23/><T26/><REACH who="0" step="1"/><D101/><REACH who="0" ten="414,298,151,127" step="2"/><U86/><E119/><V104/><F5/><W10/><G68/><T118/><D118/><U95/><E103/><V78/><F39/><W122/><G122/><T65/><D65/><U38/><E38/><V18/><F36/><W99/><G37/><T90/><D90/><U4/><E64/><V84/><F67/><W80/><G89/><T25/><D25/><U74/><E74/><V28/><F28/><W24/><G24/><T0/><D0/><U100/><E100/><V54/><F78/><W55/><G105/><T33/><D33/><U50/><E4/><V73/><F106/><W22/><G96/><T87/><D87/><U47/><E86/><V88/><F97/><RYUUKYOKU ba="0,1" sc="414,30,298,-10,151,-10,127,-10" hai0="13,20,21,26,30,49,51,58,61,66,85,91,94" />
</Scene>
<Scene>
<INIT seed="4,1,1,2,5,14" ten="444,288,141,117" oya="0" hai0="115,130,52,16,37,135,29,59,103,18,27,86,50" hai1="129,17,80,69,134,8,116,26,126,95,92,122,51" hai2="76,83,78,75,119,34,105,11,53,65,15,10,71" hai3="90,107,87,2,110,3,32,112,82,19,85,24,97"/><T62/><D37/><U70/><E122/><V81/><F34/><W40/><G110/><T113/><D135/><U96/><E116/><V30/><F105/><W72/><G112/><N who="0" m="43083" /><D130/><U21/><E129/><V41/><F119/><W25/><G72/><T45/><D103/><U108/><E134/><V99/><F30/><W48/><G25/><T120/><D86/><U44/><E108/><V4/><F41/><W49/><G49/><T35/><D120/><U66/><E126/><V124/><F99/><W109/><G109/><T38/><D38/><U68/><E80/><V54/><F124/><W22/><G32/><T74/><D74/><U100/><E8/><V111/><F111/><W64/><G64/><AGARI ba="1,1" hai="16,18,27,29,35,45,50,52,59,62,64" m="43083" machi="64" ten="30,12000,1" yaku="15,1,52,2,54,2" doraHai="14" who="0" fromWho="3" sc="444,133,288,0,141,0,117,-123" owari="577,68.0,288,9.0,141,-26.0,-6,-51.0" />
</Scene>
</mjloggm>