<mjloggm ver="2.3"><GO type="169"/><UN n0="%E5%A4%AA%E3%81%8F%E3%81%AA%E3%81%84%E3%81%8A" n1="%E2%98%85%E9%9B%80%E5%A8%98%E3%82%AF%E3%83%AC%E3%82%A2%E2%98%85" n2="%4B%69%53%68%69%6D%40" n3="%E6%B5%81%E5%A4%AA" dan="16,16,16,16" rate="2095,2087,2084,2097" sx="M,F,M,M"/><TAIKYOKU oya="0"/>

<Scene>
<INIT seed="0,0,0,3,4,17" ten="250,250,250,250" oya="0" hai0="79,33,46,2,62,93,10,24,89,6,42,116,54" hai1="14,52,26,45,5,125,83,80,119,84,70,4,123" hai2="51,77,38,43,19,109,35,107,65,99,115,132,104" hai3="120,133,49,53,68,28,47,76,72,97,90,121,92"/><T8/><D116/><U131/><E119/><V56/><F115/><W44/><G68/><T102/><D79/><U37/><E123/><N who="3" m="47178" /><G28/><T66/><D102/><U55/><E70/><V110/><F35/><W114/><G114/><T60/><D54/><U134/><E14/><V98/><F132/><W85/><G72/><T7/><D33/><U103/><E134/><V127/><F127/><W39/><G133/><T29/><D29/><U122/><E122/><V63/><F38/><W128/><G128/><T25/><D46/><U113/><E125/><V58/><F77/><W74/><G74/><T31/><D42/><U61/><E131/><V40/><F19/><W15/><G15/><T111/><D111/><N who="2" m="42506" /><F58/><N who="3" m="33071" /><G39/><T91/><D66/><U118/><E37/><V21/><F65/><W117/><G117/><T95/><D31/><U23/><E113/><V106/><F106/><W3/><G3/><AGARI ba="0,0" hai="2,3,6,7,8,10,24,25,60,62,89,91,93,95" machi="3" ten="25,2400,0" yaku="22,2" doraHai="17" who="0" fromWho="3" sc="250,24,250,0,250,0,250,-24" />
</Scene>
<Scene>
<INIT seed="0,1,0,0,5,31" ten="274,250,250,226" oya="0" hai0="6,24,134,124,65,104,67,63,30,132,130,0,75" hai1="102,23,25,10,66,133,71,78,64,115,40,37,59" hai2="108,87,36,97,128,33,82,121,13,118,111,79,91" hai3="17,46,114,96,123,39,68,18,86,61,53,55,51"/><T56/><D75/><U112/><E71/><V85/><F36/><W77/><G114/><N who="1" m="43562" /><E133/><N who="0" m="51305" /><D104/><U73/><E102/><V43/><F43/><W90/><G77/><T120/><D120/><U106/><E106/><V16/><F121/><W60/><G39/><T131/><D67/><U35/><E10/><V80/><F128/><N who="0" m="49194" /><D6/><U103/><E64/><V101/><F118/><W47/><G68/><T119/><D0/><U14/><E66/><V22/><REACH who="2" step="1"/><F33/><REACH who="2" ten="274,250,240,226" step="2"/><W58/><G123/><T72/><D119/><U70/><E37/><V99/><F99/><W29/><G96/><T4/><D72/><U122/><E73/><V2/><F2/><W69/><G69/><T127/><D4/><U3/><E70/><V125/><F125/><N who="0" m="48202" /><D30/><U54/><E3/><V42/><F42/><W126/><G29/><T93/><D24/><U49/><E25/><V45/><F45/><W98/><G47/><T92/><AGARI ba="1,1" hai="56,63,65,92,93" m="48202,49194,51305" machi="92" ten="40,48000,5" yakuman="39" doraHai="31" who="0" fromWho="0" paoWho="2" sc="274,493,250,0,240,-483,226,0" owari="767,86.0,250,5.0,-243,-74.0,226,-17.0" />
</Scene>
</mjloggm>