<mjloggm ver="2.3"><GO type="169"/><UN n0="%E3%83%AD%E3%83%AA%E3%83%BC%E3%82%BF%E3%81%AA%E7%84%BC%E8%82%89" n1="%E7%82%BA%E5%A4%AA%E9%83%8E" n2="%E2%98%85%E3%83%86%E3%82%AF%E3%83%8E%E3%83%8F%E3%82%A6%E3%82%B9%E2%98%85" n3="%E5%A4%AA%E3%81%8F%E3%81%AA%E3%81%84%E3%81%8A" dan="17,16,16,16" rate="2170,2026,2065,2069" sx="F,M,M,M"/><TAIKYOKU oya="0"/>

<Scene>
<INIT seed="0,0,0,4,0,40" ten="250,250,250,250" oya="0" hai0="44,130,46,92,118,106,67,120,41,127,129,103,99" hai1="56,38,89,113,86,83,111,104,53,77,58,49,84" hai2="125,47,33,85,52,5,117,32,9,70,8,28,114" hai3="13,66,93,72,115,16,79,109,42,134,0,15,74"/><T91/><BYE who="1" /><D120/><U60/><E60/><V108/><F114/><W24/><G115/><T131/><D118/><U124/><E124/><V10/><F125/><W69/><G0/><T12/><D127/><U112/><E112/><V94/><F70/><W7/><G69/><T90/><D67/><U71/><E71/><V27/><F117/><W81/><G66/><T80/><D41/><U82/><E82/><V48/><F108/><W23/><G109/><T132/><D132/><U18/><E18/><V61/><F33/><W22/><G134/><T20/><D80/><U123/><E123/><V30/><F28/><W135/><G135/><T35/><D35/><U97/><E97/><V36/><F36/><W133/><G133/><T76/><D76/><U55/><E55/><V34/><F61/><W57/><G57/><T101/><D101/><U107/><E107/><V98/><F85/><W19/><G42/><T31/><D91/><U102/><E102/><V11/><F34/><W43/><G43/><T87/><REACH who="0" step="1"/><D12/><REACH who="0" ten="240,250,250,250" step="2"/><U17/><E17/><V121/><F121/><W75/><G13/><UN n1="%E7%82%BA%E5%A4%AA%E9%83%8E" /><T65/><D65/><U4/><E113/><V116/><F116/><W95/><REACH who="3" step="1"/><G7/><REACH who="3" ten="240,250,250,240" step="2"/><T63/><D63/><U50/><E4/><V119/><F119/><W122/><G122/><T88/><D88/><U25/><E111/><V73/><F5/><W39/><G39/><T37/><D37/><U14/><E38/><V54/><F54/><W110/><G110/><T78/><D78/><U105/><E77/><V96/><F52/><W21/><G21/><T62/><D62/><U3/><E14/><RYUUKYOKU ba="0,2" sc="240,15,250,-15,250,-15,240,15" hai0="20,31,44,46,87,90,92,99,103,106,129,130,131" hai3="15,16,19,22,23,24,72,74,75,79,81,93,95" />
</Scene>
<Scene>
<INIT seed="0,1,2,3,2,21" ten="255,235,235,255" oya="0" hai0="26,71,5,15,126,109,117,115,112,52,88,119,40" hai1="66,9,80,70,86,102,83,128,130,0,17,127,87" hai2="124,45,1,95,74,18,8,20,85,134,4,93,99" hai3="54,106,37,6,56,48,43,64,132,131,82,100,7"/><T113/><D71/><U97/><E127/><V69/><F74/><W72/><G106/><T101/><D40/><U89/><E66/><V11/><F69/><W36/><G100/><T33/><D101/><U13/><E70/><V123/><F123/><W30/><G131/><T81/><D126/><U44/><E0/><V27/><F124/><W90/><G132/><T110/><D52/><U91/><REACH who="1" step="1"/><E44/><REACH who="1" ten="255,225,235,255" step="2"/><V118/><F118/><W68/><G64/><T22/><D117/><U57/><E57/><V50/><F134/><W55/><G56/><T58/><D119/><U41/><E41/><V12/><F85/><W76/><G43/><T47/><D58/><U62/><E62/><V133/><F133/><W67/><G67/><T60/><D47/><U129/><E129/><V96/><F96/><W94/><G68/><T10/><D60/><U75/><E75/><V103/><F45/><W35/><G55/><T51/><D51/><U78/><E78/><V24/><F50/><W63/><G63/><T77/><D77/><U120/><E120/><V46/><F46/><W125/><G125/><T39/><D39/><U31/><E31/><V108/><F108/><N who="0" m="41578" /><D113/><U135/><E135/><V42/><F42/><W105/><G37/><T98/><D98/><U38/><E38/><V92/><F99/><N who="3" m="57815" /><G36/><T107/><D112/><U32/><E32/><V16/><F103/><W84/><G72/><T73/><D33/><U3/><E3/><V49/><F49/><W116/><G116/><T28/><D115/><U29/><E29/><V19/><F1/><W34/><G48/><T61/><D73/><RYUUKYOKU ba="1,3" sc="255,-10,225,30,235,-10,255,-10" hai1="9,13,17,80,83,86,87,89,91,97,102,128,130" />
</Scene>
<Scene>
<INIT seed="1,2,3,5,4,83" ten="245,255,225,245" oya="1" hai0="13,14,4,82,119,107,94,0,19,120,35,103,77" hai1="133,98,76,9,110,47,81,61,30,10,78,57,39" hai2="69,16,52,96,59,2,88,116,117,62,54,124,92" hai3="40,102,11,50,84,63,66,26,12,80,122,38,104"/><U31/><E133/><V79/><F2/><W33/><G122/><T93/><D35/><U3/><E98/><V113/><F69/><W17/><G38/><T60/><D120/><U114/><E114/><V109/><F124/><W8/><G104/><T131/><D131/><U100/><E100/><V115/><F79/><W29/><G102/><T130/><D0/><U56/><E76/><V86/><F109/><W91/><G40/><T67/><D107/><U48/><E57/><V22/><F54/><W73/><G73/><T27/><D130/><U126/><E39/><V65/><F65/><W5/><G50/><T127/><D119/><U44/><E44/><V90/><F115/><W1/><G63/><T18/><D127/><U87/><E126/><V112/><F112/><W21/><REACH who="3" step="1"/><G66/><REACH who="3" ten="245,255,225,235" step="2"/><T134/><D103/><U95/><E110/><V25/><F113/><W121/><G121/><T125/><D60/><U72/><E61/><V43/><REACH who="2" step="1"/><F43/><REACH who="2" ten="245,255,215,235" step="2"/><W101/><G101/><T46/><D67/><U75/><E72/><V106/><F106/><W41/><G41/><T23/><D125/><U108/><E108/><V36/><F36/><W74/><G74/><T51/><D51/><U24/><E75/><V42/><F42/><W71/><G71/><T105/><D105/><U34/><E48/><V97/><F97/><W37/><G37/><T15/><D134/><U6/><E47/><V132/><F132/><W111/><G111/><T55/><D46/><U85/><E56/><V99/><F99/><W70/><G70/><T128/><D55/><U123/><E123/><V129/><F129/><RYUUKYOKU ba="2,5" sc="245,-15,255,-15,215,15,235,15" hai2="16,22,25,52,59,62,86,88,90,92,96,116,117" hai3="1,5,8,11,12,17,21,26,29,33,80,84,91" />
</Scene>
<Scene>
<INIT seed="2,3,5,2,1,27" ten="230,240,230,250" oya="2" hai0="128,13,62,91,38,133,32,28,15,30,131,74,58" hai1="114,124,24,57,56,134,51,104,41,59,37,96,73" hai2="125,29,65,50,70,99,64,88,135,77,1,81,26" hai3="60,22,47,107,63,31,54,68,76,102,67,98,103"/><V83/><F1/><W111/><G111/><T33/><D38/><U18/><E114/><V108/><F108/><W119/><G119/><T109/><D74/><U117/><E117/><V86/><F70/><W130/><G130/><N who="0" m="49707" /><D109/><U106/><E134/><V89/><F135/><W52/><G76/><T25/><D91/><U126/><E73/><V10/><F10/><W113/><G113/><T20/><D133/><U105/><E37/><V8/><F8/><W35/><G102/><T120/><D120/><U17/><E96/><V78/><F125/><N who="1" m="48233" /><E24/><V84/><F50/><W19/><G63/><T118/><D118/><U66/><E66/><N who="2" m="25707" /><F99/><W16/><G47/><AGARI ba="3,5" hai="17,18,41,47,51,56,57,59,104,105,106" m="48233" machi="47" ten="40,1300,0" yaku="18,1" doraHai="27" who="1" fromWho="3" sc="230,0,240,72,230,0,250,-22" />
</Scene>
<Scene>
<INIT seed="3,0,0,0,4,40" ten="230,312,230,228" oya="3" hai0="128,51,26,68,89,37,108,23,59,72,33,94,92" hai1="81,21,60,6,93,38,52,130,4,54,131,24,110" hai2="103,134,1,84,58,135,50,121,43,25,123,99,115" hai3="63,132,27,36,66,71,22,62,91,20,30,61,125"/><W70/><G132/><N who="2" m="50729" /><F1/><W7/><G125/><T16/><D72/><U109/><E38/><V76/><F115/><W126/><G126/><T53/><D68/><U19/><E81/><N who="2" m="47143" /><F25/><W49/><G36/><T9/><D108/><N who="1" m="41579" /><E93/><N who="2" m="58863" /><F58/><W75/><G75/><T80/><D128/><N who="1" m="49195" /><E60/><V79/><F50/><W129/><G129/><T35/><D37/><U78/><E78/><V77/><F43/><W56/><G7/><AGARI ba="0,0" hai="4,6,7,19,21,24,52,54" m="49195,41579" machi="7" ten="30,3900,0" yaku="14,1,19,1,54,1" doraHai="40" who="1" fromWho="3" sc="230,0,312,39,230,0,228,-39" />
</Scene>
<Scene>
<INIT seed="4,0,0,0,1,61" ten="230,351,230,189" oya="0" hai0="110,3,75,52,109,92,9,42,93,119,37,15,133" hai1="105,77,30,89,47,91,95,44,94,96,131,40,35" hai2="123,58,72,103,83,108,118,18,115,56,53,134,124" hai3="122,45,101,107,87,120,69,23,50,13,20,112,99"/><T125/><D75/><U22/><E35/><V84/><F72/><W21/><G112/><T10/><D119/><U54/><E77/><V1/><F1/><W63/><G87/><T111/><D133/><U12/><E105/><V127/><F123/><W90/><G90/><T25/><D125/><U51/><E131/><V5/><F5/><W67/><REACH who="3" step="1"/><G13/><REACH who="3" ten="230,351,230,179" step="2"/><T121/><D15/><U98/><E12/><V49/><F124/><W34/><G34/><T6/><D121/><U104/><E104/><V97/><F127/><W41/><AGARI ba="0,1" hai="20,21,23,41,45,50,63,67,69,99,101,107,120,122" machi="41" ten="30,7900,0" yaku="1,1,0,1,52,1,53,1" doraHai="61" doraHaiUra="46" who="3" fromWho="3" sc="230,-39,351,-20,230,-20,179,89" />
</Scene>
<Scene>
<INIT seed="5,0,0,3,1,26" ten="191,331,210,268" oya="1" hai0="20,4,72,129,114,5,2,56,33,46,29,99,84" hai1="124,107,64,97,82,1,81,63,31,10,53,37,116" hai2="115,15,127,134,25,11,117,17,130,38,71,35,88" hai3="58,126,76,119,100,7,122,98,13,96,59,19,121"/><U69/><E116/><V74/><RYUUKYOKU type="yao9" ba="0,0" sc="191,0,331,0,210,0,268,0" hai2="11,15,17,25,35,38,71,74,88,115,117,127,130,134" />
</Scene>
<Scene>
<INIT seed="5,1,0,4,5,31" ten="191,331,210,268" oya="1" hai0="111,70,59,113,77,112,79,67,88,72,26,40,126" hai1="4,6,82,25,76,132,89,53,81,7,28,33,74" hai2="42,135,0,2,55,99,66,64,124,37,121,116,92" hai3="30,125,78,18,21,109,5,50,68,23,91,71,102"/><U75/><E132/><V13/><F121/><W120/><G109/><T130/><D111/><U24/><E24/><V54/><F116/><W104/><G120/><T61/><D130/><U94/><E53/><V20/><F124/><W35/><G78/><T1/><D1/><U69/><E69/><V58/><F135/><W19/><G5/><T100/><D126/><U8/><E8/><V122/><F122/><W96/><G125/><T87/><D100/><U128/><E128/><V11/><F20/><W43/><G91/><T22/><D40/><U34/><E94/><V95/><F42/><W97/><G97/><T9/><D9/><U107/><E107/><V52/><F37/><W41/><G30/><N who="0" m="17751" /><D70/><U27/><E27/><V14/><F58/><W48/><G96/><T56/><D56/><U62/><E62/><V38/><F38/><W98/><G98/><T32/><D32/><U133/><E133/><V10/><F54/><W36/><G36/><T49/><D49/><U93/><E93/><V44/><F99/><W129/><G129/><T57/><D57/><U16/><E16/><V63/><REACH who="2" step="1"/><F63/><REACH who="2" ten="191,331,200,268" step="2"/><W84/><G21/><T103/><D103/><U47/><E33/><V106/><F106/><W114/><G35/><T110/><D110/><U29/><E29/><V118/><F118/><W60/><G102/><T108/><D108/><U101/><E101/><V51/><F51/><W90/><G48/><T45/><D45/><AGARI ba="1,1" hai="0,2,10,11,13,14,44,45,52,55,64,66,92,95" machi="45" ten="25,6400,0" yaku="1,1,22,2,54,1,53,0" doraHai="31" doraHaiUra="15" who="2" fromWho="0" sc="191,-67,331,0,200,77,268,0" />
</Scene>
<Scene>
<INIT seed="6,0,0,1,5,75" ten="124,331,277,268" oya="2" hai0="18,7,92,82,46,114,105,64,38,41,14,8,113" hai1="96,33,37,60,36,126,71,132,117,19,25,9,81" hai2="43,29,130,78,61,6,63,103,10,89,128,72,59" hai3="54,127,135,13,2,120,66,31,4,77,23,119,44"/><V28/><F103/><W100/><G120/><T87/><D105/><U69/><E117/><V86/><F43/><W55/><G119/><T20/><D64/><U99/><E132/><V118/><F118/><W109/><G109/><T95/><D113/><U34/><E126/><V21/><F72/><W94/><G2/><T79/><D114/><U97/><E60/><N who="2" m="23115" /><F59/><W26/><G66/><T42/><D42/><U40/><E40/><V67/><F67/><W91/><G127/><T116/><D116/><U11/><E81/><N who="2" m="47415" /><F89/><W15/><G135/><T65/><REACH who="0" step="1"/><D65/><REACH who="0" ten="114,331,277,268" step="2"/><U1/><E37/><V111/><F111/><W133/><G133/><T22/><D22/><U98/><E36/><V50/><F21/><W53/><G23/><T104/><D104/><U49/><E34/><V62/><F10/><W102/><G54/><T52/><D52/><U123/><E33/><V90/><F130/><W88/><G55/><T70/><D70/><U134/><E69/><V125/><F128/><W76/><G53/><T85/><D85/><U74/><E71/><V45/><F125/><W35/><G35/><T58/><D58/><U107/><E134/><V106/><F106/><W17/><G44/><T112/><D112/><U121/><E107/><V83/><F45/><W73/><G73/><T110/><D110/><U57/><E74/><V48/><F62/><W93/><G93/><T3/><AGARI ba="0,1" hai="3,7,8,14,18,20,38,41,46,79,82,87,92,95" machi="3" ten="20,5200,0" yaku="1,1,0,1,7,1,52,1,53,0" doraHai="75" doraHaiUra="84" who="0" fromWho="0" sc="114,62,331,-13,277,-26,268,-13" />
</Scene>
<Scene>
<INIT seed="7,0,0,3,0,95" ten="176,318,251,255" oya="3" hai0="24,58,22,112,60,19,129,48,111,122,28,77,47" hai1="41,89,120,6,27,135,115,15,96,116,132,51,134" hai2="64,42,70,66,46,63,80,61,110,33,20,3,11" hai3="114,97,75,9,31,99,105,44,101,76,62,83,106"/><W117/><G117/><T1/><D1/><U34/><E116/><V88/><F33/><W26/><G114/><T108/><D112/><U82/><E115/><V54/><F54/><W8/><G44/><T65/><D122/><U7/><E120/><V68/><F110/><W23/><G62/><T25/><D129/><U35/><E27/><V18/><F11/><W85/><G75/><T21/><D108/><U50/><E34/><V92/><F80/><W59/><G59/><T119/><D119/><U118/><E35/><V94/><F3/><W0/><G0/><T16/><D111/><U126/><E126/><V74/><F74/><W79/><G79/><T72/><D72/><U4/><E118/><V38/><REACH who="2" step="1"/><F88/><REACH who="2" ten="176,318,241,255" step="2"/><W125/><G125/><T37/><D37/><U91/><E82/><V73/><F73/><W78/><G76/><T113/><D113/><U128/><E89/><V10/><F10/><W39/><G39/><T104/><D77/><U29/><E132/><V107/><F107/><W12/><G12/><AGARI ba="0,1" hai="12,18,20,38,42,46,61,63,64,66,68,70,92,94" machi="12" ten="30,3900,0" yaku="1,1,7,1,9,1,53,0" doraHai="95" doraHaiUra="45" who="2" fromWho="3" sc="176,0,318,0,241,49,255,-39" owari="176,-32.0,318,41.0,290,9.0,216,-18.0" />
</Scene>
</mjloggm>