<mjloggm ver="2.3"><GO type="169" lobby="0"/><UN n0="%E2%99%AA%E3%83%A2%E3%83%8E%E3%82%AF%E3%83%AD" n1="%75%73%6B%31%31%31%35" n2="%E3%82%AA%E3%82%BA%E3%82%B0%E3%83%AB%E3%83%BC%E3%83%97" n3="%E5%A4%AA%E3%81%8F%E3%81%AA%E3%81%84%E3%81%8A" dan="18,16,16,18" rate="2188.69,2157.33,2176.61,2163.36" sx="F,M,M,F"/><TAIKYOKU oya="0"/>

<Scene>
<INIT seed="0,0,0,4,1,93" ten="250,250,250,250" oya="0" hai0="42,118,59,10,54,97,14,134,47,101,58,110,75" hai1="49,29,66,86,79,57,133,3,100,56,45,115,104" hai2="30,91,121,52,0,20,4,132,81,84,13,76,98" hai3="74,6,85,125,33,31,122,32,7,67,28,36,130"/><T69/><D69/><U37/><E3/><V25/><F121/><W92/><G74/><T128/><D118/><U111/><E37/><V9/><F132/><W102/><G36/><T62/><D75/><U119/><E119/><V38/><F38/><W78/><G67/><T88/><D128/><U11/><E111/><V43/><F43/><W35/><G78/><T40/><D134/><U15/><E29/><V73/><F0/><W26/><G85/><T5/><D110/><U94/><E104/><V65/><F65/><W18/><G92/><N who="0" m="56455" /><D47/><U2/><E2/><V107/><F107/><W131/><G102/><T24/><D101/><U103/><E133/><V129/><F129/><N who="3" m="49163" /><G122/><T135/><D135/><U27/><E27/><V126/><F126/><W63/><G63/><N who="0" m="36311" /><D24/><U99/><E115/><V44/><F73/><W83/><G125/><T89/><D89/><U60/><E103/><V68/><F68/><W127/><G127/><T106/><D106/><U72/><E72/><V90/><REACH who="2" step="1"/><F98/><REACH who="2" ten="250,250,240,250" step="2"/><W48/><G35/><T22/><D22/><U1/><E1/><V61/><F61/><W41/><G33/><T55/><AGARI ba="0,1" hai="5,10,14,40,42,55,59,62" m="36311,56455" machi="55" ten="30,6000,0" yaku="8,1,52,1,54,1" doraHai="93" who="0" fromWho="0" sc="250,70,250,-20,240,-20,250,-20" />
</Scene>
<Scene>
<INIT seed="0,1,0,1,2,110" ten="320,230,220,230" oya="0" hai0="2,83,15,55,47,54,46,52,34,37,75,87,80" hai1="108,39,32,129,104,134,125,6,86,99,119,33,79" hai2="19,65,92,114,82,102,36,121,53,71,101,85,23" hai3="20,38,25,120,133,21,90,8,100,135,91,57,131"/><T45/><D2/><U49/><E49/><V68/><F36/><W35/><G38/><T113/><D34/><U60/><E6/><V24/><F121/><W61/><G120/><T111/><D111/><U89/><E60/><V117/><F117/><W0/><G131/><T122/><D122/><U29/><E29/><V93/><F65/><W17/><G100/><T123/><D123/><U116/><E39/><V41/><F41/><W63/><G35/><T115/><D37/><U31/><E31/><V44/><F71/><W70/><G70/><T128/><D128/><U27/><E27/><V9/><F68/><W126/><G126/><T98/><D98/><U12/><E12/><V30/><F102/><W42/><G42/><T1/><D1/><U40/><E40/><V73/><F101/><W69/><G69/><T81/><D75/><U94/><E129/><V97/><F73/><W64/><G63/><T118/><D118/><N who="1" m="45099" /><E108/><V10/><F97/><W16/><G8/><T18/><D87/><N who="1" m="52543" /><E125/><V107/><F9/><AGARI ba="1,0" hai="9,15,18,45,46,47,52,54,55,80,81,83,113,115" machi="9" ten="50,12000,1" yaku="29,2,52,2,54,1" doraHai="110" who="0" fromWho="2" sc="320,123,230,0,220,-123,230,0" />
</Scene>
<Scene>
<INIT seed="0,2,0,5,1,23" ten="443,230,97,230" oya="0" hai0="123,40,104,37,11,125,9,31,111,72,102,52,130" hai1="44,19,87,12,55,13,100,78,62,75,4,49,122" hai2="20,1,14,79,81,107,73,110,70,86,101,84,26" hai3="92,34,108,112,132,103,22,48,57,69,35,42,45"/><T120/><D72/><U117/><E122/><V5/><F1/><W47/><G112/><T7/><D125/><U36/><E36/><V115/><F70/><W124/><G69/><T30/><D130/><U93/><E117/><V85/><F115/><W74/><G74/><T119/><D119/><U38/><E38/><V17/><F110/><W29/><G108/><T90/><D111/><U28/><E75/><V66/><F66/><W113/><G113/><T121/><D90/><U96/><E28/><V133/><F133/><W135/><G124/><T88/><D40/><U97/><E62/><V76/><F107/><W105/><G105/><T59/><D37/><U58/><E97/><V68/><F68/><W56/><G22/><T134/><D134/><N who="3" m="51241" /><G47/><T51/><D11/><N who="1" m="4199" /><E87/><V18/><F101/><W15/><G15/><T25/><D102/><U61/><E78/><V21/><F5/><W80/><G80/><T27/><D104/><U89/><E100/><V131/><F79/><W46/><G29/><T3/><D88/><U98/><E96/><V41/><F41/><N who="3" m="24623" /><G92/><T83/><D83/><U53/><E13/><V8/><F8/><W32/><G103/><T116/><D116/><U67/><E19/><V114/><REACH who="2" step="1"/><F114/><REACH who="2" ten="443,230,87,230" step="2"/><W99/><G42/><AGARI ba="2,1" hai="42,44,49,53,55,58,61,67,89,93,98" m="4199" machi="42" ten="30,1000,0" yaku="8,1" doraHai="23" who="1" fromWho="3" sc="443,0,230,26,87,0,230,-16" />
</Scene>
<Scene>
<INIT seed="1,0,0,4,0,42" ten="443,256,87,214" oya="1" hai0="82,68,102,41,90,77,89,91,31,65,116,79,17" hai1="18,24,11,30,64,5,27,120,109,35,70,133,4" hai2="114,115,127,103,119,13,34,126,128,50,12,125,106" hai3="80,96,39,48,38,20,8,66,81,51,63,118,72"/><U84/><E120/><V98/><F119/><W134/><G118/><T74/><D116/><U100/><E84/><V44/><F34/><W111/><G111/><T95/><D31/><N who="1" m="19943" /><E100/><V57/><F57/><W129/><G8/><T6/><D41/><U130/><E64/><V26/><F26/><W59/><G20/><T55/><D55/><U25/><E70/><V122/><F128/><W29/><G29/><T88/><D65/><U112/><E112/><N who="2" m="43051" /><F122/><W9/><G129/><T56/><D56/><U45/><E45/><V75/><F75/><W1/><G72/><T28/><D68/><U117/><E117/><V43/><AGARI ba="0,0" hai="12,13,43,44,50,98,103,106,125,126,127" m="43051" machi="43" ten="40,5200,0" yaku="18,1,11,1,52,1" doraHai="42" who="2" fromWho="2" sc="443,-13,256,-26,87,52,214,-13" />
</Scene>
<Scene>
<INIT seed="2,0,0,3,1,121" ten="430,230,139,201" oya="2" hai0="106,50,85,80,57,129,15,18,26,114,4,17,119" hai1="10,41,92,113,51,107,86,56,54,111,89,29,40" hai2="88,30,73,8,94,110,48,81,55,60,62,77,63" hai3="103,38,71,127,116,82,21,133,95,47,28,31,1"/><V12/><F30/><W109/><G116/><T78/><D106/><U6/><E107/><V35/><F35/><W65/><G1/><T24/><D114/><U122/><E113/><V72/><F72/><W58/><G71/><T7/><D129/><U128/><E122/><V13/><F8/><W70/><G70/><T32/><D119/><U75/><E75/><V0/><F0/><W39/><G82/><T105/><D105/><U33/><E128/><V9/><F9/><W69/><G69/><T67/><D32/><U91/><E29/><V76/><F76/><W59/><G65/><T135/><D135/><U43/><E33/><V83/><F83/><W20/><G95/><T118/><D118/><U102/><E102/><V64/><F64/><W101/><G47/><T68/><D68/><U97/><E111/><V117/><F110/><W99/><G99/><T96/><D96/><U124/><E124/><V93/><F93/><W16/><G16/><T27/><D18/><U84/><REACH who="1" step="1"/><E91/><REACH who="1" ten="430,220,139,201" step="2"/><V11/><F117/><W98/><G127/><T23/><D78/><U120/><E120/><V2/><F2/><AGARI ba="0,1" hai="2,6,10,40,41,43,51,54,56,84,86,89,92,97" machi="2" ten="40,2600,0" yaku="1,1,53,1" doraHai="121" doraHaiUra="5" who="1" fromWho="2" sc="430,0,220,36,139,-26,201,0" />
</Scene>
<Scene>
<INIT seed="3,0,0,2,0,10" ten="430,256,113,201" oya="3" hai0="67,33,9,21,116,89,84,130,39,11,92,75,48" hai1="82,29,97,68,87,124,102,135,79,23,69,53,66" hai2="30,7,47,37,45,36,32,65,115,131,62,28,5" hai3="107,90,58,20,123,60,0,110,73,81,55,35,13"/><W86/><G123/><T113/><D39/><U98/><E124/><V26/><F115/><W34/><G0/><T104/><D33/><U132/><E53/><V52/><F131/><W78/><G107/><T51/><D116/><U122/><E122/><V76/><F30/><W125/><G125/><T117/><D117/><U57/><E57/><V106/><F106/><W77/><G110/><T93/><D104/><U1/><E1/><V56/><F76/><W119/><G119/><T40/><D75/><U134/><E66/><V2/><F2/><W22/><G77/><T88/><D130/><U105/><E98/><V4/><REACH who="2" step="1"/><F65/><REACH who="2" ten="430,256,103,201" step="2"/><W99/><G78/><T44/><D67/><U128/><E128/><V38/><AGARI ba="0,1" hai="4,5,7,26,28,32,36,37,38,45,47,52,56,62" machi="38" ten="40,8000,1" yaku="1,1,2,1,0,1,54,1,53,0" doraHai="10" doraHaiUra="46" who="2" fromWho="2" sc="430,-20,256,-20,103,90,201,-40" />
</Scene>
<Scene>
<INIT seed="4,0,0,3,4,14" ten="410,236,193,161" oya="0" hai0="16,39,100,76,108,22,84,37,65,121,0,53,68" hai1="132,63,49,30,35,25,64,126,27,97,83,4,1" hai2="103,94,118,129,119,15,112,59,117,80,46,91,78" hai3="31,98,123,88,56,48,50,61,26,116,3,51,29"/><T101/><D121/><U18/><E132/><V41/><F112/><W33/><G116/><T79/><D0/><U71/><E126/><V60/><F103/><W23/><G3/><T92/><D108/><U42/><E83/><V70/><F70/><W133/><G133/><T85/><D68/><U40/><E97/><V6/><F129/><W113/><G113/><T130/><D65/><U5/><E1/><V11/><F60/><W131/><G131/><T115/><D115/><U20/><REACH who="1" step="1"/><E49/><REACH who="1" ten="410,226,193,161" step="2"/><V54/><F119/><W135/><G135/><T75/><D130/><U124/><E124/><V45/><F118/><W114/><G114/><T2/><D2/><U13/><E13/><V47/><F117/><W69/><G123/><T109/><D109/><U127/><E127/><V96/><F80/><W9/><G98/><T125/><D125/><U77/><E77/><V8/><F78/><W102/><G51/><T104/><D79/><U12/><E12/><V89/><F15/><W128/><G50/><T62/><D76/><U82/><E82/><V74/><F96/><W28/><G128/><T99/><D99/><U21/><E21/><V105/><F74/><W57/><G23/><T44/><D22/><U106/><E106/><V32/><F105/><W67/><G48/><T120/><D104/><U17/><E17/><V55/><F32/><W19/><G102/><T52/><D120/><U87/><E87/><V36/><F91/><W7/><G88/><N who="0" m="53263" /><D16/><U43/><AGARI ba="0,1" hai="4,5,18,20,25,27,30,35,40,42,43,63,64,71" machi="43" ten="30,4000,0" yaku="1,1,0,1,52,1,53,0" doraHai="14" doraHaiUra="122" who="1" fromWho="1" sc="410,-20,226,50,193,-10,161,-10" />
</Scene>
<Scene>
<INIT seed="5,0,0,0,0,52" ten="390,276,183,151" oya="1" hai0="41,135,111,108,98,42,20,119,93,126,2,71,96" hai1="129,91,122,53,11,63,12,35,134,25,29,99,125" hai2="48,84,3,86,64,104,118,120,103,1,49,56,70" hai3="131,106,62,69,133,101,75,76,110,27,50,65,97"/><U24/><E122/><V124/><F118/><W47/><G110/><T79/><D119/><U55/><E125/><V115/><F120/><W38/><G131/><T102/><D2/><U112/><E129/><V116/><F116/><W73/><G133/><T90/><D71/><U105/><E112/><V9/><F70/><W88/><G76/><T100/><D79/><U4/><E134/><V45/><F124/><W117/><G117/><T19/><D135/><U16/><E63/><V92/><F104/><W68/><G68/><T85/><D126/><U107/><E107/><V81/><F115/><W46/><G38/><T44/><D111/><U95/><REACH who="1" step="1"/><E105/><REACH who="1" ten="390,266,183,151" step="2"/><V34/><F3/><W123/><G123/><T54/><D108/><U31/><E31/><V77/><F1/><W33/><G62/><T57/><D102/><U21/><AGARI ba="0,1" hai="4,11,12,16,21,24,25,29,35,53,55,91,95,99" machi="21" ten="30,11700,0" yaku="1,1,0,1,54,1,53,1" doraHai="52" doraHaiUra="17" who="1" fromWho="1" sc="390,-39,266,127,183,-39,151,-39" />
</Scene>
<Scene>
<INIT seed="5,1,0,3,0,15" ten="351,393,144,112" oya="1" hai0="3,90,29,42,72,91,18,133,58,127,112,73,44" hai1="122,43,110,78,51,77,82,121,35,8,86,66,7" hai2="61,74,113,131,115,117,123,24,68,9,13,31,128" hai3="107,6,40,54,135,41,118,95,114,87,22,53,88"/><U45/><E35/><N who="2" m="20967" /><F61/><W79/><G107/><T124/><D3/><U102/><E110/><V39/><F74/><W2/><G114/><N who="2" m="43529" /><F68/><W130/><G130/><N who="2" m="49705" /><F39/><W111/><G111/><T37/><D112/><U64/><E77/><V116/><F123/><W0/><G79/><T17/><D73/><U119/><E119/><V81/><F81/><W108/><G118/><T11/><D72/><U10/><E102/><V50/><F50/><W19/><G108/><T12/><D37/><U21/><E122/><V16/><AGARI ba="1,0" hai="9,13,16,116,117" m="49705,43529,20967" machi="16" ten="30,12000,2" yaku="15,1,11,1,19,1,34,2,52,1,54,1" doraHai="15" who="2" fromWho="2" sc="351,-31,393,-61,144,123,112,-31" />
</Scene>
<Scene>
<INIT seed="6,0,0,0,4,66" ten="320,332,267,81" oya="2" hai0="32,70,0,10,16,39,130,107,22,118,88,98,7" hai1="134,116,6,120,48,110,81,3,95,106,30,13,41" hai2="123,15,35,69,40,122,37,4,8,112,101,73,119" hai3="18,59,77,64,65,52,75,78,82,60,46,56,135"/><V104/><F119/><W49/><G135/><T31/><D39/><U62/><E106/><V96/><F112/><W5/><G5/><T9/><D130/><U125/><E116/><V63/><F73/><W71/><G78/><T25/><D118/><U100/><E3/><V126/><F126/><W83/><G83/><T11/><D70/><U113/><E110/><V14/><F14/><W79/><G79/><T133/><D133/><U92/><E30/><V33/><F40/><W12/><REACH who="3" step="1"/><G65/><REACH who="3" ten="320,332,267,71" step="2"/><T103/><REACH who="0" step="1"/><D88/><REACH who="0" ten="310,332,267,71" step="2"/><U68/><E134/><V80/><F123/><W24/><G24/><AGARI ba="0,2" hai="0,7,9,10,11,16,22,24,25,31,32,98,103,107" machi="24" ten="30,7700,0" yaku="1,1,2,1,7,1,54,1,53,0" doraHai="66" doraHaiUra="57" who="0" fromWho="3" sc="310,97,332,0,267,0,71,-77" owari="407,51.0,332,13.0,267,-13.0,-6,-51.0" />
</Scene>
</mjloggm>