<mjloggm ver="2.3"><GO type="169"/><UN n0="%E6%83%91%E6%98%9F%E6%B3%A8" n1="%E6%AD%A6%E5%A3%AB%E6%B2%A2%E7%A7%80%E8%A1%8C" n2="%E3%81%84%E3%81%AC%E3%81%98%E3%82%83%E3%82%89%E3%81%97" n3="%E5%A4%AA%E3%81%8F%E3%81%AA%E3%81%84%E3%81%8A" dan="16,16,17,17" rate="2081,2063,2133,2144" sx="M,M,M,M"/><TAIKYOKU oya="0"/>

<Scene>
<INIT seed="0,0,0,3,1,69" ten="250,250,250,250" oya="0" hai0="120,26,61,118,70,96,60,53,19,125,74,54,33" hai1="45,85,112,92,97,129,105,101,35,55,32,133,102" hai2="2,77,41,86,99,12,80,38,57,95,25,40,48" hai3="83,43,132,28,78,128,98,130,81,16,93,23,88"/><T114/><D74/><U47/><E112/><V119/><F2/><W20/><G132/><T109/><D114/><U94/><E133/><V90/><F119/><W66/><G66/><T27/><D118/><U37/><E129/><N who="3" m="49770" /><G43/><T44/><D120/><U59/><E97/><V82/><F38/><W31/><G23/><T11/><D33/><U50/><E85/><V8/><F25/><N who="3" m="14471" /><G83/><T121/><D70/><U13/><E105/><V110/><F110/><W122/><G122/><T0/><D109/><U79/><E79/><V63/><F48/><W106/><G106/><T75/><D61/><U21/><E21/><V135/><F82/><W14/><G14/><T67/><D60/><U127/><E13/><V126/><F126/><W123/><G123/><T36/><D125/><U108/><E50/><V131/><F131/><W34/><G34/><T65/><D67/><U22/><E22/><V46/><F46/><W73/><AGARI ba="0,0" hai="28,31,73,78,81,88,93,98" m="14471,49770" machi="73" ten="30,4000,0" yaku="19,1,54,2" doraHai="69" who="3" fromWho="3" sc="250,-20,250,-10,250,-10,250,40" />
</Scene>
<Scene>
<INIT seed="1,0,0,2,4,12" ten="230,240,240,290" oya="1" hai0="35,40,71,53,84,8,70,93,120,61,59,67,79" hai1="80,65,52,81,20,50,37,100,106,89,14,56,44" hai2="96,4,123,41,117,54,99,98,110,3,58,7,21" hai3="68,75,43,60,62,13,46,27,125,55,94,115,47"/><U63/><E106/><V16/><F117/><W36/><G75/><T24/><D35/><U29/><E100/><V87/><F123/><W64/><G115/><T127/><D40/><U128/><E128/><V23/><F21/><W34/><G125/><T57/><D120/><U114/><E114/><V134/><F3/><W95/><G13/><T72/><D72/><U124/><E124/><V103/><F110/><W0/><G0/><T97/><D127/><U45/><E89/><V107/><F134/><W10/><G10/><T130/><D130/><U19/><E29/><V18/><F41/><W116/><G116/><T9/><D79/><U121/><E121/><V17/><F23/><W74/><G74/><T76/><D76/><U111/><E111/><V129/><F129/><W25/><G25/><T88/><D70/><U28/><E28/><V122/><F122/><W5/><G5/><N who="2" m="2121" /><F107/><W22/><G34/><T133/><D71/><U30/><E30/><V83/><F103/><W82/><G82/><T38/><D38/><U85/><E85/><V15/><F15/><W113/><G113/><T6/><D84/><U131/><E131/><V26/><F26/><W49/><REACH who="3" step="1"/><G62/><REACH who="3" ten="230,240,240,280" step="2"/><T105/><D24/><U33/><E33/><V77/><F99/><W69/><G69/><T91/><D97/><U90/><REACH who="1" step="1"/><E90/><REACH who="1" ten="230,230,240,280" step="2"/><V102/><F102/><W66/><G66/><T78/><D88/><U32/><E32/><V118/><F118/><W104/><G104/><T126/><D91/><U39/><E39/><V1/><F1/><W135/><G135/><T101/><D133/><U51/><E51/><AGARI ba="0,2" hai="16,17,18,51,54,58,77,83,87,96,98" m="2121" machi="51" ten="30,12000,2" yaku="6,1,8,1,52,3,54,1" doraHai="12" who="2" fromWho="1" sc="230,0,230,-120,240,140,280,0" />
</Scene>
<Scene>
<INIT seed="2,0,0,3,2,51" ten="230,110,380,280" oya="2" hai0="90,17,108,68,117,101,49,48,45,9,80,63,82" hai1="43,78,86,134,81,22,112,23,55,118,64,111,6" hai2="127,13,76,69,41,91,32,122,75,131,99,135,124" hai3="71,21,4,133,26,52,65,132,29,56,87,100,40"/><V3/><F122/><W103/><G40/><T15/><D101/><U95/><E118/><V88/><F3/><W42/><G42/><T37/><D117/><U113/><E111/><V115/><F115/><W59/><G4/><T109/><D37/><U85/><E134/><N who="3" m="51818" /><G71/><T60/><D48/><U119/><E119/><V67/><F135/><W27/><G87/><N who="0" m="50535" /><D82/><U96/><E6/><V36/><F32/><N who="3" m="20535" /><G65/><T44/><D68/><U58/><E64/><V83/><F131/><W54/><G59/><T74/><D74/><U126/><E43/><V125/><F99/><W110/><G110/><N who="0" m="42603" /><D45/><U11/><E113/><V93/><F93/><W34/><G34/><T5/><D5/><U79/><E112/><V35/><F35/><W70/><G70/><T128/><D128/><U129/><E129/><V120/><F120/><W84/><G84/><T47/><D47/><U46/><E46/><N who="2" m="23847" /><F13/><W102/><G56/><T123/><D123/><U7/><E79/><V106/><F106/><W57/><G57/><T50/><D50/><U130/><E130/><V12/><F12/><W92/><G92/><T104/><D104/><U20/><E86/><V0/><F0/><W116/><G116/><T121/><D121/><U107/><E107/><V10/><F10/><W53/><G102/><T2/><D2/><U24/><E24/><V77/><F77/><W19/><AGARI ba="0,0" hai="19,21,27,52,53,54,100,103" m="20535,51818" machi="19" ten="30,8000,1" yaku="20,1,52,3,54,1" doraHai="51" who="3" fromWho="3" sc="230,-20,110,-20,380,-40,280,80" />
</Scene>
<Scene>
<INIT seed="3,0,0,1,3,5" ten="210,90,340,360" oya="3" hai0="99,111,53,118,130,37,122,9,96,41,86,2,104" hai1="88,113,16,67,31,132,98,116,76,25,73,29,8" hai2="58,93,64,33,129,23,48,115,109,40,50,59,114" hai3="7,95,56,22,75,107,74,133,110,68,4,124,55"/><W19/><G107/><T44/><D118/><U123/><E116/><V134/><F33/><W15/><G68/><T108/><D122/><U10/><E113/><V105/><F105/><W30/><G133/><T38/><D38/><U131/><E132/><V117/><F134/><W3/><G124/><T90/><D130/><U39/><E39/><V89/><F117/><W18/><G110/><N who="0" m="42027" /><D104/><U77/><E131/><V24/><F109/><W54/><G30/><N who="1" m="11274" /><E73/><V128/><F64/><W71/><G71/><T45/><D45/><U47/><E47/><N who="2" m="25703" /><F23/><W87/><G3/><T82/><D53/><U34/><E67/><V97/><F50/><W60/><G74/><T69/><D69/><U78/><E34/><V43/><F58/><W112/><G75/><T121/><D121/><U127/><E123/><V46/><F59/><W70/><G70/><T57/><D57/><U32/><E32/><V84/><F46/><W1/><G1/><T51/><D51/><U101/><E127/><V27/><F43/><W62/><G112/><T83/><D83/><U42/><E42/><V79/><F115/><W100/><G55/><T72/><D72/><U6/><E101/><V120/><F114/><W103/><G62/><T49/><D49/><U126/><E126/><V61/><F61/><W85/><G103/><T21/><D21/><N who="1" m="13479" /><E6/><AGARI ba="0,0" hai="2,6,9,37,41,44,82,86,90,96,99" m="42027" machi="6" ten="30,2000,0" yaku="14,1,52,1" doraHai="5" who="0" fromWho="1" sc="210,20,90,-20,340,0,360,0" />
</Scene>
<Scene>
<INIT seed="4,0,0,2,2,129" ten="230,70,340,360" oya="0" hai0="132,65,110,111,116,37,42,35,77,100,68,56,16" hai1="17,52,18,67,13,89,127,97,103,107,64,36,1" hai2="10,91,38,84,95,48,3,26,47,71,104,30,69" hai3="24,23,15,50,27,19,7,78,126,70,131,94,57"/><T115/><D35/><U4/><E127/><V109/><F38/><W106/><G106/><T98/><D68/><U102/><E36/><V113/><F109/><N who="0" m="41482" /><D77/><U135/><E103/><V112/><F104/><W125/><G70/><T117/><D116/><U121/><E121/><V75/><F75/><W29/><G131/><T43/><D37/><U20/><E135/><V39/><F39/><W40/><G78/><T32/><D117/><U87/><E1/><V8/><F71/><W61/><G94/><N who="0" m="58455" /><D32/><U86/><E4/><V2/><F69/><W118/><G118/><T90/><D115/><N who="2" m="44106" /><F2/><W25/><G7/><T34/><D34/><U123/><E123/><V44/><F44/><N who="3" m="25863" /><G126/><T93/><D65/><U41/><E41/><N who="0" m="15369" /><D56/><U63/><E17/><V119/><F3/><W122/><G122/><T74/><D74/><U114/><E114/><V66/><F66/><N who="3" m="39215" /><G125/><T92/><D92/><U45/><E87/><V33/><F119/><W49/><G49/><T108/><D108/><U54/><E45/><V9/><F48/><W133/><G133/><T79/><D79/><U46/><E46/><V128/><F47/><W31/><AGARI ba="0,0" hai="15,19,23,24,25,27,29,31" m="39215,25863" machi="31" ten="30,1100,0" yaku="8,1" doraHai="129" who="3" fromWho="3" sc="230,-5,70,-3,340,-3,360,11" />
</Scene>
<Scene>
<INIT seed="5,0,0,1,4,77" ten="225,67,337,371" oya="1" hai0="38,45,98,49,102,110,83,64,34,36,126,116,44" hai1="22,5,37,18,127,8,25,54,132,105,21,107,70" hai2="57,67,27,93,41,9,66,117,10,59,75,4,47" hai3="89,114,80,112,42,69,85,31,62,124,7,71,129"/><U33/><E37/><V74/><F117/><W121/><G121/><T79/><D34/><U52/><E70/><V11/><F4/><W17/><G129/><T122/><D116/><U65/><E65/><V28/><F93/><W61/><G124/><T39/><D110/><U82/><E33/><V91/><F91/><W88/><G7/><T72/><D122/><U97/><E127/><V95/><F95/><W12/><G31/><T16/><D126/><U32/><E32/><V133/><F133/><W0/><G0/><T87/><D64/><U115/><E115/><N who="3" m="44074" /><G42/><T120/><D120/><U109/><E109/><V48/><F67/><W43/><G43/><T35/><D35/><U123/><E132/><V76/><F66/><W131/><G131/><T19/><D72/><U50/><E123/><V24/><F75/><W90/><G61/><T108/><D108/><U99/><E107/><V3/><F3/><W111/><G62/><T103/><D103/><U53/><E50/><V113/><F113/><W23/><G111/><T68/><D68/><AGARI ba="0,0" hai="12,17,23,68,69,71,80,85,88,89,90" m="44074" machi="68" ten="30,3900,0" yaku="15,1,52,1,54,1" doraHai="77" who="3" fromWho="0" sc="225,-39,67,0,337,0,371,39" />
</Scene>
<Scene>
<INIT seed="6,0,0,1,5,131" ten="186,67,337,410" oya="2" hai0="43,118,87,0,31,30,71,66,42,46,25,17,52" hai1="59,99,83,51,27,89,133,111,23,108,2,67,11" hai2="134,76,119,44,63,77,5,128,116,57,54,20,33" hai3="21,55,123,62,9,96,29,48,129,28,105,132,115"/><V107/><F33/><W94/><G123/><T47/><D0/><U127/><E127/><V34/><F34/><W22/><G105/><T68/><D66/><U35/><E35/><V32/><F32/><W80/><G129/><T56/><D118/><U64/><E108/><V109/><F107/><W98/><G115/><T37/><D17/><U16/><E111/><V91/><F109/><W84/><G62/><T61/><D87/><U73/><E133/><V72/><F128/><W130/><G132/><T10/><D10/><U117/><E117/><V78/><F72/><W50/><G9/><T7/><D7/><U120/><E120/><V75/><F75/><W41/><G130/><T1/><D1/><U100/><E73/><V135/><F119/><W12/><G41/><T15/><D15/><U103/><E67/><V125/><F116/><W24/><G94/><T45/><D45/><U102/><E2/><V26/><F125/><W92/><G92/><T18/><D18/><U49/><E11/><V60/><F63/><W85/><G12/><T79/><D79/><U114/><E114/><V93/><F44/><W65/><G65/><T3/><D3/><U53/><E64/><V74/><F5/><W90/><G84/><T70/><REACH who="0" step="1"/><D25/><REACH who="0" ten="176,67,337,410" step="2"/><U14/><E27/><V122/><F74/><W121/><G121/><T13/><D13/><U126/><E126/><V19/><REACH who="2" step="1"/><F122/><REACH who="2" ten="176,67,327,410" step="2"/><W113/><G113/><T38/><AGARI ba="0,2" hai="30,31,37,38,42,43,46,47,52,56,61,68,70,71" machi="38" ten="30,7900,0" yaku="1,1,0,1,9,1,54,1,53,0" doraHai="131" doraHaiUra="82" who="0" fromWho="0" sc="176,99,67,-20,327,-39,410,-20" />
</Scene>
<Scene>
<INIT seed="7,0,0,0,5,48" ten="275,47,288,390" oya="3" hai0="103,107,132,125,95,23,104,34,99,76,50,110,3" hai1="12,81,108,66,13,0,106,47,133,116,122,45,53" hai2="83,96,123,43,102,93,79,38,63,86,82,44,97" hai3="28,20,15,25,117,19,84,56,130,4,58,115,75"/><W27/><G75/><T54/><D3/><U65/><E122/><V64/><F123/><W134/><G117/><T33/><D34/><U59/><E116/><V119/><F119/><W57/><G115/><T88/><D110/><U80/><E106/><V52/><F96/><W94/><G134/><T131/><D33/><U11/><E0/><V35/><F35/><W22/><G130/><T31/><D132/><U37/><E133/><V9/><F9/><N who="3" m="4519" /><G94/><T2/><D2/><U111/><E11/><V46/><F83/><W124/><G124/><T109/><D109/><U120/><E120/><V118/><F118/><W16/><G84/><T51/><D76/><U24/><E24/><V135/><F135/><W67/><G19/><T74/><D74/><U29/><E29/><V41/><F41/><W36/><G36/><T70/><D70/><U21/><E37/><V6/><F6/><W49/><G49/><T42/><D131/><U89/><E21/><V100/><F100/><W90/><G90/><T92/><D125/><U26/><E26/><V32/><F32/><W128/><G128/><T129/><D129/><U87/><E89/><V71/><REACH who="2" step="1"/><F44/><REACH who="2" ten="275,47,278,390" step="2"/><W127/><G127/><T40/><D40/><U62/><E87/><V10/><F10/><W113/><G113/><T18/><D42/><U60/><REACH who="1" step="1"/><E59/><REACH who="1" ten="275,37,278,390" step="2"/><V30/><F30/><W69/><G69/><T39/><D31/><U77/><E77/><V55/><AGARI ba="0,2" hai="38,43,46,52,55,63,64,71,79,82,86,93,97,102" machi="55" ten="30,8000,1" yaku="1,1,0,1,52,2,54,1,53,0" doraHai="48" doraHaiUra="121" who="2" fromWho="2" sc="275,-20,37,-20,278,100,390,-40" owari="255,-14.0,17,-48.0,378,47.0,350,15.0" />
</Scene>
</mjloggm>