<mjloggm ver="2.3"><GO type="97"/><UN n0="%E3%81%B5%E3%83%BC%E7%88%BA" n1="%6F%2D%6D%69%6E" n2="%67%6F%68%68%61%6E" n3="%E5%A4%AA%E3%81%8F%E3%81%AA%E3%81%84%E3%81%8A" dan="15,14,14,14" rate="1982,1909,1938,1999" sx="M,M,M,M"/><TAIKYOKU oya="0"/>

<Scene>
<INIT seed="0,0,0,4,3,99" ten="250,250,250,250" oya="0" hai0="21,51,41,61,93,90,48,96,35,3,37,53,4" hai1="7,133,107,38,87,83,30,68,103,104,39,81,117" hai2="134,64,26,62,60,115,8,34,112,55,36,70,40" hai3="72,44,1,132,125,82,13,94,122,31,42,6,113"/><T65/><D35/><U101/><E7/><V92/><F115/><W88/><G113/><T77/><D77/><U78/><E117/><V17/><F34/><W28/><G13/><T58/><D21/><U24/><E133/><V128/><F134/><W84/><G132/><T111/><D111/><U52/><E68/><V110/><F112/><W50/><G125/><T124/><D124/><U119/><E119/><V102/><F110/><W16/><G122/><T95/><D95/><U66/><E66/><V76/><F76/><N who="3" m="46151" /><G1/><T135/><D135/><U121/><E121/><V33/><F33/><W129/><G6/><T126/><D126/><U47/><E81/><V109/><F109/><W43/><G72/><T89/><D89/><U131/><E131/><V106/><F128/><W67/><G67/><T97/><D97/><U20/><E39/><V105/><F36/><W32/><G32/><T116/><D116/><U19/><E30/><N who="3" m="11306" /><G129/><T57/><D37/><U69/><E69/><V100/><F40/><N who="3" m="24839" /><G16/><T75/><D75/><U91/><E78/><V2/><F2/><W59/><G59/><T79/><D79/><U123/><E123/><V127/><F127/><W49/><G49/><T9/><REACH who="0" step="1"/><D41/><REACH who="0" ten="240,250,250,250" step="2"/><U14/><E38/><V118/><F118/><W86/><AGARI ba="0,1" hai="42,43,86,88,94" m="24839,11306,46151" machi="86" ten="30,2000,0" yaku="8,1,54,1" doraHai="99" who="3" fromWho="3" sc="240,-10,250,-5,250,-5,250,30" />
</Scene>
<Scene>
<INIT seed="1,0,0,0,1,46" ten="230,245,245,280" oya="1" hai0="60,73,22,74,115,98,59,7,63,1,69,34,49" hai1="53,77,26,62,13,50,19,56,8,51,96,128,89" hai2="33,43,100,88,106,58,14,41,80,113,27,20,109" hai3="47,76,118,35,37,85,82,102,23,15,79,105,38"/><U3/><E128/><V120/><F120/><W129/><G35/><T87/><D115/><U116/><E116/><V57/><F113/><W32/><G32/><T107/><D34/><U121/><E121/><V42/><F33/><W103/><G129/><T123/><D123/><U101/><E3/><V17/><F106/><W125/><G118/><T108/><D108/><U93/><E77/><V86/><F109/><W112/><G112/><T117/><D117/><U131/><E131/><V95/><F100/><W111/><G111/><T97/><D69/><U4/><E101/><V44/><F44/><W28/><G125/><T48/><D1/><U65/><E65/><V54/><F58/><W99/><G102/><T45/><D7/><U55/><E55/><V25/><REACH who="2" step="1"/><F80/><REACH who="2" ten="230,245,235,280" step="2"/><W16/><G47/><T40/><D59/><U24/><REACH who="1" step="1"/><E4/><REACH who="1" ten="230,235,235,280" step="2"/><V84/><F84/><W9/><G85/><T127/><D87/><U94/><E94/><V83/><F83/><W2/><G82/><T114/><D114/><U110/><E110/><V91/><F91/><W104/><G104/><T29/><D107/><U124/><E124/><V132/><F132/><W126/><G126/><T75/><D127/><U30/><E30/><V133/><F133/><W68/><G28/><T92/><D92/><U12/><E12/><V72/><F72/><W21/><G2/><T52/><D29/><U90/><E90/><V31/><F31/><W66/><G79/><T36/><D75/><U61/><E61/><AGARI ba="0,2" hai="14,17,20,25,27,41,42,43,54,57,61,86,88,95" machi="61" ten="40,5200,0" yaku="1,1,8,1,54,1,53,0" doraHai="46" doraHaiUra="135" who="2" fromWho="1" sc="230,0,235,-52,235,72,280,0" />
</Scene>
<Scene>
<INIT seed="2,0,0,5,0,123" ten="230,183,307,280" oya="2" hai0="122,128,6,101,72,60,53,94,129,132,133,124,118" hai1="65,38,112,36,82,130,51,27,120,93,42,18,26" hai2="78,28,22,102,59,84,119,13,125,30,63,8,49" hai3="73,34,90,99,46,64,12,61,108,41,17,45,69"/><V96/><F119/><W126/><G73/><T5/><D122/><U134/><E112/><V79/><F125/><W74/><G74/><T92/><D60/><U107/><E120/><V77/><F84/><W111/><G34/><T127/><D53/><U70/><E130/><N who="0" m="50281" /><D72/><U103/><E134/><N who="0" m="51817" /><D118/><U86/><E107/><V24/><F49/><W67/><G126/><N who="0" m="48171" /><D101/><U7/><E7/><AGARI ba="0,0" hai="5,6,7,92,94" m="48171,51817,50281" machi="7" ten="40,32000,5" yakuman="39" doraHai="123" who="0" fromWho="1" paoWho="3" sc="230,320,183,-160,307,0,280,-160" />
</Scene>
<Scene>
<INIT seed="3,0,0,5,4,72" ten="550,23,307,120" oya="3" hai0="57,90,118,49,12,74,41,67,5,94,77,26,106" hai1="33,120,99,9,23,59,15,10,126,122,131,34,103" hai2="133,121,116,25,62,14,124,45,117,82,130,55,109" hai3="129,58,79,24,40,53,113,97,2,38,47,69,132"/><W112/><G2/><T1/><D118/><U107/><E59/><V108/><F82/><W22/><G129/><T83/><D106/><U29/><E131/><V28/><F130/><W20/><G132/><T64/><D1/><U0/><E126/><V93/><F93/><W115/><G69/><T127/><D127/><U32/><E0/><V35/><F124/><W123/><G123/><T76/><D76/><U110/><E110/><N who="2" m="42603" /><F133/><W31/><G97/><T27/><D5/><U100/><E100/><V101/><F101/><W3/><G3/><T63/><D64/><U105/><E105/><V18/><F121/><W50/><REACH who="3" step="1"/><G79/><REACH who="3" ten="550,23,307,110" step="2"/><T98/><D98/><U135/><E135/><V52/><F45/><W66/><G66/><T48/><D67/><U95/><E107/><V134/><F134/><W11/><G11/><T85/><D77/><U6/><REACH who="1" step="1"/><E10/><REACH who="1" ten="550,13,307,110" step="2"/><N who="2" m="6487" /><F62/><W4/><G4/><T104/><D63/><U54/><E54/><AGARI ba="0,2" hai="25,28,35,52,54,55,116,117" m="6487,42603" machi="54" ten="30,2000,0" yaku="14,1,54,1" doraHai="72" who="2" fromWho="1" sc="550,0,13,-20,307,40,110,0" owari="550,65.0,-7,-51.0,347,15.0,110,-29.0" />
</Scene>
</mjloggm>