<mjloggm ver="2.3"><GO type="169"/><UN n0="%E3%81%B3%E3%82%8A%E3%81%B3%E3%82%8A%E2%98%86%E3%83%93%E3%83%AA%E3%83%BC" n1="%E5%A4%AA%E3%81%8F%E3%81%AA%E3%81%84%E3%81%8A" n2="%4B%69%53%68%69%6D%40" n3="%6E%61%6F%68%69%72%6F%EF%BD%8B" dan="18,17,16,17" rate="2170,2182,2070,2156" sx="M,M,M,M"/><TAIKYOKU oya="0"/>

<Scene>
<INIT seed="0,0,0,0,0,45" ten="250,250,250,250" oya="0" hai0="34,104,53,11,83,82,109,2,60,113,26,23,122" hai1="93,19,64,5,40,10,85,67,72,108,89,115,69" hai2="130,22,44,4,120,63,84,14,99,8,18,33,71" hai3="129,107,25,98,110,46,94,103,31,68,42,12,125"/><T105/><D113/><U1/><E115/><V90/><F120/><W49/><G110/><T27/><D122/><U48/><E72/><V55/><F33/><W16/><G125/><T70/><D109/><U75/><E75/><V112/><F112/><W28/><G68/><T92/><D92/><U118/><E108/><V123/><F123/><W131/><G107/><T134/><D104/><U50/><E118/><V135/><F130/><N who="3" m="49675" /><G25/><T32/><D105/><U15/><E69/><V6/><F135/><W95/><G95/><T77/><D134/><U41/><E41/><V73/><F73/><W102/><G102/><T58/><D70/><U38/><E38/><V13/><F99/><W76/><G76/><T78/><D32/><U57/><E40/><V35/><F35/><W106/><G106/><T62/><D34/><U29/><E29/><V56/><F71/><W43/><G43/><T121/><D121/><U127/><E127/><V116/><F116/><W65/><G65/><T100/><D100/><U61/><REACH who="1" step="1"/><E67/><REACH who="1" ten="250,240,250,250" step="2"/><V117/><F117/><W88/><G103/><T126/><D126/><U81/><E81/><N who="2" m="49423" /><F44/><W21/><AGARI ba="0,1" hai="12,16,21,28,31,42,46,49,88,94,98" m="49675" machi="21" ten="30,7900,0" yaku="19,1,52,1,54,2" doraHai="45" who="3" fromWho="3" sc="250,-39,240,-20,250,-20,250,89" />
</Scene>
<Scene>
<INIT seed="1,0,0,4,2,71" ten="211,220,230,339" oya="1" hai0="33,79,11,123,132,58,120,21,101,61,5,109,112" hai1="68,29,94,118,64,77,16,36,70,130,127,32,20" hai2="40,135,69,57,95,104,19,27,91,65,106,108,18" hai3="59,129,6,48,74,15,128,134,8,110,54,42,55"/><U24/><E118/><V62/><F108/><W115/><G74/><T51/><D33/><U49/><E130/><N who="3" m="50282" /><G115/><T107/><D112/><U116/><E116/><V47/><F135/><W83/><G134/><T113/><D113/><U67/><E127/><V23/><F69/><W2/><G110/><T102/><D132/><U105/><E105/><V126/><F126/><W1/><G42/><T98/><D109/><U0/><E0/><N who="3" m="106" /><G55/><T124/><D124/><U37/><E70/><V3/><F3/><W131/><G131/><T31/><D102/><U30/><E30/><V22/><F91/><W88/><G83/><T97/><D79/><U66/><E68/><V85/><F95/><W43/><G43/><T117/><D117/><U81/><E49/><V76/><F85/><W96/><G96/><T50/><D98/><U41/><E94/><V84/><F84/><W90/><AGARI ba="0,0" hai="6,8,15,48,54,59,88,90" m="106,50282" machi="90" ten="40,2700,0" yaku="19,1,54,1" doraHai="71" who="3" fromWho="3" sc="211,-7,220,-13,230,-7,339,27" />
</Scene>
<Scene>
<INIT seed="2,0,0,2,3,68" ten="204,207,223,366" oya="2" hai0="124,29,76,8,80,57,37,120,55,117,35,114,130" hai1="96,85,67,15,19,48,113,73,6,45,39,104,7" hai2="43,131,1,18,65,126,59,128,127,72,125,23,16" hai3="21,5,81,79,134,12,49,66,22,103,62,107,41"/><V61/><F72/><W26/><G134/><T2/><D114/><U0/><E113/><V32/><F32/><W78/><G107/><T89/><D120/><U71/><E73/><V119/><F119/><W70/><G103/><T3/><D117/><U36/><E71/><V17/><F1/><W64/><G64/><T84/><D130/><N who="2" m="49706" /><F43/><W20/><G26/><AGARI ba="0,0" hai="16,17,18,23,26,59,61,65,125,126,127" m="49706" machi="26" ten="40,7700,0" yaku="18,1,19,1,54,1" doraHai="68" who="2" fromWho="3" sc="204,0,207,0,223,77,366,-77" />
</Scene>
<Scene>
<INIT seed="2,1,0,1,5,83" ten="204,207,300,289" oya="2" hai0="79,93,33,131,7,69,120,126,64,11,65,21,66" hai1="60,112,24,97,104,99,88,29,17,5,58,132,121" hai2="44,59,61,47,75,39,45,89,3,28,15,74,35" hai3="110,108,81,109,36,19,43,94,8,20,12,62,128"/><V123/><F3/><W14/><G36/><T98/><D120/><U18/><E112/><V135/><F123/><W101/><G43/><T133/><D33/><U71/><E121/><V34/><F39/><W50/><G128/><T76/><D131/><U100/><E132/><V102/><F102/><W54/><G62/><T129/><D129/><U90/><E5/><V124/><F135/><W55/><G81/><T134/><D69/><U78/><E78/><V56/><F124/><W91/><G101/><T26/><D126/><U130/><E130/><V80/><F15/><W111/><N who="3" m="27648" /><DORA hai="85" /><W67/><G67/><T37/><D37/><U52/><E71/><V6/><F6/><N who="3" m="3095" /><G50/><T38/><D38/><U107/><E107/><V1/><F1/><W40/><G40/><T84/><D84/><AGARI ba="1,0" hai="14,19,20,54,55,84,91,94" m="3095,27648" machi="84" ten="60,7700,0" yaku="14,1,52,2" doraHai="83,85" who="3" fromWho="0" sc="204,-80,207,0,300,0,289,80" />
</Scene>
<Scene>
<INIT seed="3,0,0,4,4,128" ten="124,207,300,369" oya="3" hai0="134,14,111,36,71,12,100,40,117,34,99,121,123" hai1="135,24,22,80,66,89,44,8,67,83,50,94,126" hai2="82,59,76,9,62,57,37,26,30,32,124,93,6" hai3="19,114,48,106,3,129,69,51,131,109,87,101,73"/><W4/><G114/><T68/><D117/><U115/><E115/><V96/><F124/><W23/><G73/><T103/><D34/><U65/><E126/><V11/><F37/><W108/><G69/><T97/><D36/><U7/><E135/><V21/><F32/><W102/><G87/><T113/><D113/><U15/><E94/><V81/><F76/><W130/><G4/><T98/><D111/><N who="3" m="42569" /><G3/><T104/><D104/><U54/><REACH who="1" step="1"/><E89/><REACH who="1" ten="124,197,300,369" step="2"/><V127/><F127/><W13/><G106/><T53/><D53/><U118/><E118/><V78/><F93/><W45/><G51/><T20/><D20/><U55/><E55/><AGARI ba="0,1" hai="13,19,23,45,48,55,101,102,129,130,131" m="42569" machi="55" ten="40,7700,0" yaku="19,1,14,1,10,1" doraHai="128" who="3" fromWho="1" sc="124,0,197,-77,300,0,369,87" />
</Scene>
<Scene>
<INIT seed="3,1,0,2,5,5" ten="124,120,300,456" oya="3" hai0="6,98,61,3,132,72,82,58,35,39,37,23,46" hai1="129,134,121,133,106,40,67,70,89,116,84,34,19" hai2="48,20,78,55,24,27,51,57,4,62,32,44,60" hai3="41,100,99,119,53,10,131,83,47,26,56,135,30"/><W22/><G119/><T63/><D35/><U59/><E121/><V66/><F32/><W87/><G135/><N who="1" m="51722" /><E106/><V15/><F78/><W105/><G131/><T91/><D132/><U38/><E34/><V36/><F36/><W88/><G10/><T17/><D98/><U65/><E129/><V92/><F92/><W12/><G12/><T110/><D110/><U107/><E107/><V54/><F20/><W81/><G81/><T75/><D75/><U8/><E70/><V28/><F28/><W126/><G126/><T1/><D63/><U68/><E68/><V95/><F95/><W90/><G56/><T94/><D82/><N who="1" m="49303" /><E59/><V64/><F64/><W43/><REACH who="3" step="1"/><G90/><REACH who="3" ten="124,120,300,446" step="2"/><T80/><D80/><U49/><E116/><V73/><F57/><W128/><G128/><T21/><D58/><U13/><E67/><V50/><F66/><W25/><G25/><T114/><D91/><U115/><E65/><V79/><F24/><W103/><G103/><T52/><D61/><U113/><E113/><V9/><F27/><W130/><G130/><T77/><D114/><U122/><E115/><V108/><F62/><W85/><G85/><T96/><D72/><U104/><E122/><V117/><F117/><W120/><G120/><T16/><D96/><U71/><E71/><V14/><F60/><W123/><G123/><T112/><D112/><U76/><E8/><V124/><F9/><W111/><G111/><T7/><D3/><U2/><E2/><V33/><F108/><W69/><G69/><T102/><D1/><U74/><E13/><V18/><F15/><W11/><G11/><RYUUKYOKU ba="1,1" sc="124,-10,120,-10,300,-10,446,30" hai3="22,26,30,41,43,47,53,83,87,88,99,100,105" />
</Scene>
<Scene>
<INIT seed="3,2,1,0,1,135" ten="114,110,290,476" oya="3" hai0="4,2,14,80,95,49,84,120,38,133,7,30,71" hai1="11,48,72,85,61,97,65,123,20,36,106,88,56" hai2="42,78,76,102,6,127,40,81,25,44,119,113,59" hai3="103,83,68,18,87,110,37,69,114,118,107,47,16"/><W82/><G118/><T99/><D120/><U0/><E123/><V98/><F119/><W13/><G114/><T100/><D38/><U66/><E36/><V104/><F113/><W105/><G110/><T115/><D71/><U54/><E72/><V46/><F6/><W64/><G64/><T109/><D115/><U29/><E0/><V21/><F59/><W26/><G26/><T19/><D2/><U34/><E34/><V52/><F127/><W96/><G107/><T62/><D133/><U3/><E3/><V63/><F44/><W91/><G82/><T12/><D109/><U94/><E11/><V108/><F108/><W130/><G130/><T89/><D30/><U126/><E126/><V45/><F45/><W50/><G37/><T112/><D112/><U60/><E106/><V122/><F122/><W125/><G125/><T101/><D49/><U117/><E117/><V67/><F67/><N who="1" m="25609" /><E97/><V24/><F24/><AGARI ba="2,1" hai="20,24,29,48,54,56,60,61,85,88,94" m="25609" machi="24" ten="30,2000,0" yaku="8,1,54,1" doraHai="135" who="1" fromWho="2" sc="114,0,110,36,290,-26,476,0" />
</Scene>
<Scene>
<INIT seed="4,0,0,4,5,135" ten="114,146,264,476" oya="0" hai0="29,46,2,94,14,12,15,22,115,98,103,79,38" hai1="21,91,73,0,47,51,70,84,76,123,82,54,3" hai2="52,112,124,83,110,56,16,113,100,30,64,86,107" hai3="58,72,127,77,99,129,85,40,9,74,36,20,19"/><T26/><D2/><U35/><E35/><V104/><F110/><W49/><G127/><T116/><D115/><N who="2" m="44106" /><F30/><W60/><G36/><T48/><D38/><U50/><E123/><V34/><F34/><W122/><G99/><T117/><REACH who="0" step="1"/><D79/><REACH who="0" ten="104,146,264,476" step="2"/><U24/><E70/><V134/><F134/><W65/><G77/><T118/><D118/><U11/><E11/><V1/><F1/><W97/><G9/><T71/><D71/><U109/><E109/><V33/><F124/><W69/><G69/><T10/><D10/><U4/><E4/><V128/><F128/><W67/><G129/><T102/><D102/><U18/><REACH who="1" step="1"/><E51/><REACH who="1" ten="104,136,264,476" step="2"/><V25/><F100/><W59/><G49/><T61/><D61/><U132/><E132/><V53/><F33/><W45/><G60/><T7/><D7/><U5/><E5/><V44/><F107/><W121/><G122/><T101/><D101/><U75/><E75/><V130/><F104/><W31/><G74/><T108/><D108/><U68/><E68/><V57/><F130/><W89/><G72/><T32/><D32/><U39/><E39/><V28/><F57/><W131/><G59/><T87/><D87/><U63/><E63/><V13/><F56/><W17/><G58/><T126/><D126/><U105/><E105/><V23/><F86/><W55/><G85/><T27/><D27/><U120/><E120/><V95/><F25/><W41/><G121/><T43/><AGARI ba="0,2" hai="12,14,15,22,26,29,43,46,48,94,98,103,116,117" machi="43" ten="30,6000,0" yaku="1,1,0,1,53,1" doraHai="135" doraHaiUra="88" who="0" fromWho="0" sc="104,80,136,-20,264,-20,476,-20" />
</Scene>
<Scene>
<INIT seed="4,1,0,3,2,20" ten="184,116,244,456" oya="0" hai0="31,22,11,45,24,127,117,93,38,108,69,60,120" hai1="37,95,96,129,110,68,83,67,82,125,55,9,44" hai2="32,48,135,102,36,77,50,19,1,106,27,8,100" hai3="111,105,109,122,90,34,54,14,130,71,92,17,6"/><T124/><D117/><U59/><E110/><V53/><F36/><W126/><G105/><T23/><D120/><U121/><E121/><V5/><F135/><W94/><G126/><N who="0" m="48171" /><D108/><U35/><E125/><V56/><F106/><W114/><G71/><T49/><D38/><U0/><E129/><V30/><F77/><W52/><G130/><T51/><D11/><U132/><E132/><V76/><F76/><W128/><G128/><T101/><D23/><U57/><E35/><V98/><F19/><W113/><G34/><T64/><D45/><U131/><E131/><V118/><F118/><W43/><G122/><T41/><D41/><U28/><E9/><V133/><F133/><W123/><G123/><T70/><D70/><U16/><E0/><V12/><F1/><W61/><G43/><T134/><D134/><U73/><E37/><V29/><F29/><W40/><G40/><T25/><D25/><U81/><E28/><V115/><F115/><W89/><G114/><T104/><D104/><U78/><E44/><V116/><F116/><W85/><G113/><T74/><D74/><U7/><E7/><V107/><REACH who="2" step="1"/><F102/><REACH who="2" ten="184,116,234,456" step="2"/><W26/><G111/><T2/><D2/><U103/><E103/><V91/><F91/><W79/><G90/><T87/><D101/><U80/><E78/><V21/><F21/><W99/><G79/><T112/><D112/><U18/><E73/><V33/><F33/><W10/><G109/><T119/><D119/><U46/><E18/><V63/><AGARI ba="1,1" hai="5,8,12,27,30,32,48,50,53,56,63,98,100,107" machi="63" ten="20,5200,0" yaku="1,1,0,1,7,1,52,1,53,0" doraHai="20" doraHaiUra="75" who="2" fromWho="2" sc="184,-27,116,-14,234,65,456,-14" />
</Scene>
<Scene>
<INIT seed="5,0,0,5,5,55" ten="157,102,299,442" oya="1" hai0="115,65,27,101,88,15,47,1,118,132,110,90,102" hai1="8,10,19,122,99,71,89,29,131,28,30,59,123" hai2="11,61,77,37,85,70,20,52,58,127,22,69,108" hai3="81,17,25,112,105,41,111,80,78,44,73,57,98"/><U104/><E71/><V96/><F108/><W18/><G112/><T32/><D110/><U0/><E131/><V51/><F37/><W107/><G111/><T60/><D1/><U126/><E126/><V33/><F33/><W53/><G81/><T64/><D118/><U3/><E59/><N who="2" m="33183" /><F69/><W45/><G44/><T114/><D47/><U79/><E79/><V91/><F70/><W86/><G73/><T121/><D15/><N who="1" m="7655" /><E89/><V92/><F11/><W40/><G40/><T103/><D121/><N who="1" m="46091" /><E99/><V125/><F125/><W38/><G25/><T124/><D124/><U68/><E104/><V66/><F127/><W97/><G97/><T75/><D75/><U94/><E94/><N who="2" m="54639" /><F77/><W46/><G107/><T129/><D129/><U13/><E68/><V36/><F36/><W43/><G105/><T84/><D90/><AGARI ba="0,0" hai="20,22,58,61,66,90,92,96" m="54639,33183" machi="90" ten="30,7700,0" yaku="8,1,52,2,54,1" doraHai="55" who="2" fromWho="0" sc="157,-77,102,0,299,77,442,0" />
</Scene>
<Scene>
<INIT seed="6,0,0,3,5,78" ten="80,102,376,442" oya="2" hai0="119,93,22,73,104,75,135,118,67,48,17,80,33" hai1="24,66,99,9,35,52,4,27,39,49,40,12,26" hai2="54,129,124,107,69,44,13,113,62,25,97,65,90" hai3="2,11,117,77,1,70,5,8,59,131,15,29,61"/><V0/><F0/><W134/><G70/><T21/><D33/><U122/><E122/><V101/><F113/><W51/><G117/><N who="0" m="44555" /><D104/><U72/><E72/><N who="0" m="27721" /><D67/><U47/><E66/><V68/><F68/><W64/><G134/><T130/><D135/><U110/><E110/><V71/><F71/><W55/><G131/><T92/><D130/><U37/><E35/><V18/><F129/><W76/><G29/><T127/><D48/><U46/><REACH who="1" step="1"/><E99/><REACH who="1" ten="80,92,376,442" step="2"/><V19/><F97/><W133/><G64/><T79/><D127/><U50/><AGARI ba="0,1" hai="4,9,12,24,26,27,37,39,40,46,47,49,50,52" machi="50" ten="30,7900,0" yaku="1,1,2,1,0,1,54,1,53,0" doraHai="78" doraHaiUra="91" who="1" fromWho="1" sc="80,-20,92,89,376,-39,442,-20" />
</Scene>
<Scene>
<INIT seed="7,0,0,1,4,66" ten="60,181,337,422" oya="3" hai0="76,45,61,57,17,111,7,135,27,113,58,63,91" hai1="131,50,38,82,109,23,14,126,2,89,129,34,93" hai2="105,71,121,35,55,65,39,70,62,101,11,56,102" hai3="87,52,104,68,96,20,3,21,110,77,130,83,13"/><W69/><G3/><T127/><D7/><U18/><E109/><V106/><F35/><W133/><G110/><T81/><D91/><U118/><E38/><V74/><F74/><W85/><G52/><T5/><D5/><U43/><E2/><V114/><F39/><W26/><G133/><T64/><D135/><U42/><E34/><V117/><F117/><W8/><G130/><N who="1" m="49674" /><E126/><V30/><F30/><W115/><G87/><T84/><D127/><U9/><E118/><V73/><F73/><W98/><G115/><T122/><D111/><U88/><E50/><V29/><F29/><W40/><G40/><N who="1" m="15402" /><E82/><V44/><F114/><W103/><G98/><T6/><D113/><U128/><E128/><V120/><F11/><W41/><G41/><T132/><D132/><U36/><E36/><V51/><F102/><W47/><G47/><T10/><D122/><N who="2" m="47210" /><F101/><W54/><G54/><T37/><D37/><U90/><E9/><V22/><F22/><W16/><G20/><T94/><D45/><U25/><E25/><V80/><F80/><W59/><G59/><T134/><D134/><U79/><E79/><V86/><F86/><AGARI ba="0,0" hai="14,18,23,86,88,89,90,93" m="15402,49674" machi="86" ten="30,2000,0" yaku="19,1,54,1" doraHai="66" who="1" fromWho="2" sc="60,0,181,20,337,-20,422,0" owari="60,-44.0,201,-20.0,317,12.0,422,52.0" />
</Scene>
</mjloggm>