<mjloggm ver="2.3"><GO type="169" lobby="0"/><UN n0="%4E%4F%42%55%53%48%49" n1="%E5%A4%AA%E3%81%8F%E3%81%AA%E3%81%84%E3%81%8A" n2="%40%64%6F%63%6F%6D%6F" n3="%E3%83%92%E3%82%B2%E3%83%AD%E3%83%B3%E3%82%B0" dan="16,18,16,16" rate="2044.66,2178.83,2077.29,2111.79" sx="M,F,M,M"/><TAIKYOKU oya="0"/>

<Scene>
<INIT seed="0,0,0,5,1,120" ten="250,250,250,250" oya="0" hai0="39,80,113,123,81,70,108,72,26,106,102,107,56" hai1="58,8,47,91,51,21,2,62,59,78,42,53,0" hai2="15,1,22,130,85,104,5,76,90,131,66,84,18" hai3="29,121,4,11,105,114,19,103,16,7,73,10,23"/><T129/><D123/><U50/><E78/><V100/><F76/><W13/><G73/><T40/><D70/><U115/><E115/><V93/><F66/><W101/><G121/><T118/><D113/><U122/><E122/><V110/><F85/><W96/><G114/><T20/><D118/><U31/><E8/><N who="2" m="2095" /><F100/><W32/><G103/><T94/><D40/><U33/><E33/><V35/><F104/><W37/><G37/><T38/><D56/><U82/><E82/><V135/><F35/><W34/><G29/><T134/><D102/><U125/><E91/><V116/><F116/><W127/><G127/><T75/><D94/><U36/><E125/><V119/><F119/><W69/><G69/><T61/><D61/><U9/><E62/><V126/><F135/><W30/><G30/><T124/><D134/><U79/><E79/><V86/><F86/><W64/><G64/><T83/><D83/><U68/><E68/><V99/><F99/><W46/><G46/><T92/><D92/><U3/><E31/><V52/><F52/><W98/><G98/><T89/><D89/><U71/><E71/><V63/><F63/><W95/><G105/><T43/><D107/><U25/><E58/><V14/><F14/><W55/><G55/><T67/><D106/><U97/><E97/><V88/><F88/><W112/><G112/><T74/><D67/><U117/><E117/><V54/><F54/><W41/><G96/><T132/><D75/><U24/><E59/><V87/><F87/><W109/><G34/><T49/><D132/><U111/><E53/><V6/><F126/><RYUUKYOKU ba="0,0" sc="250,0,250,0,250,0,250,0" />
</Scene>
<Scene>
<INIT seed="1,1,0,5,3,47" ten="250,250,250,250" oya="1" hai0="22,38,4,82,76,27,7,54,59,115,114,42,108" hai1="23,119,15,75,107,93,85,57,99,8,127,1,21" hai2="14,131,116,130,65,90,39,34,86,113,104,92,30" hai3="41,101,102,51,81,128,96,132,121,67,122,62,72"/><U77/><E119/><V43/><F116/><W16/><G128/><N who="2" m="49193" /><F104/><W124/><G124/><T52/><D108/><U46/><E1/><V87/><F113/><W19/><G132/><T49/><D114/><U109/><E127/><V70/><F14/><W66/><G72/><T0/><D0/><U12/><E75/><V79/><F65/><W120/><G81/><T91/><D115/><U13/><E107/><V58/><F70/><W69/><G67/><T135/><D135/><U28/><E109/><V80/><F58/><W73/><G73/><T32/><D32/><U9/><E57/><V71/><F71/><W5/><G5/><T111/><D54/><U63/><E63/><V83/><F30/><W117/><G117/><T29/><D111/><U100/><E46/><N who="2" m="23935" /><F83/><W26/><G26/><T95/><D38/><U110/><E110/><V125/><F125/><W123/><G123/><T50/><D82/><N who="1" m="47311" /><E28/><V84/><F34/><W11/><G11/><AGARI ba="1,0" hai="8,9,11,12,13,15,21,23,93,99,100" m="47311" machi="11" ten="30,1500,0" yaku="8,1" doraHai="47" who="1" fromWho="3" sc="250,0,250,18,250,0,250,-18" />
</Scene>
<Scene>
<INIT seed="1,2,0,0,1,126" ten="250,268,250,232" oya="1" hai0="69,90,12,131,85,2,49,4,25,94,23,16,66" hai1="18,45,109,54,110,129,5,67,10,3,33,60,123" hai2="11,46,36,135,14,82,99,35,77,101,112,27,28" hai3="64,98,8,63,86,32,96,104,95,115,41,103,26"/><U84/><E123/><V15/><F135/><W74/><G74/><T29/><D131/><U57/><E33/><V92/><F112/><W19/><G115/><T113/><D113/><U9/><E84/><V87/><F36/><W50/><G86/><T130/><D130/><U65/><E129/><V97/><F46/><W91/><G8/><T58/><D69/><U133/><E133/><V53/><F11/><W111/><G111/><N who="1" m="42506" /><E45/><V21/><F35/><W68/><G50/><T122/><D122/><U79/><E79/><V13/><F53/><W117/><G117/><T59/><D2/><N who="1" m="183" /><E18/><V75/><F75/><W71/><G41/><T52/><D4/><AGARI ba="2,0" hai="3,4,10,54,57,60,65,67" m="183,42506" machi="4" ten="30,2900,0" yaku="14,1,10,1" doraHai="126" who="1" fromWho="0" sc="250,-35,268,35,250,0,232,0" />
</Scene>
<Scene>
<INIT seed="1,3,0,3,3,9" ten="215,303,250,232" oya="1" hai0="39,49,110,68,11,50,26,99,109,81,123,79,25" hai1="35,24,46,27,10,91,73,44,5,58,125,119,100" hai2="82,1,12,86,70,43,120,30,3,113,135,28,2" hai3="19,32,95,114,17,112,75,89,8,122,18,118,56"/><U6/><E119/><V4/><F120/><W52/><G122/><T115/><D123/><U29/><E73/><V80/><F70/><W77/><G32/><T59/><D68/><U61/><E125/><V85/><F135/><W76/><G118/><T83/><D39/><U16/><E100/><V23/><F113/><W65/><G65/><T37/><D37/><U92/><E5/><V126/><F126/><W66/><G66/><T108/><D115/><U7/><E7/><V36/><F36/><W102/><G102/><T96/><D11/><U51/><E51/><N who="0" m="19465" /><D59/><U93/><E27/><N who="0" m="10249" /><D79/><N who="3" m="30281" /><G75/><T41/><D41/><U38/><E38/><V67/><F43/><W71/><G71/><T84/><D84/><U107/><E107/><V103/><F67/><W47/><G47/><T117/><D117/><U40/><E40/><V131/><F103/><W72/><G72/><T48/><D48/><U106/><E106/><V98/><F85/><N who="3" m="52655" /><G114/><T105/><D105/><U127/><E127/><V133/><F86/><W31/><G112/><T21/><D21/><U90/><E46/><V60/><F1/><W14/><G31/><T74/><D74/><U104/><E104/><V94/><F28/><W53/><G56/><T22/><D22/><U111/><E44/><V88/><F30/><W116/><G116/><T69/><D69/><U129/><E29/><V62/><F23/><W13/><G8/><T55/><D55/><AGARI ba="3,0" hai="13,14,17,18,19,52,53,55" m="52655,30281" machi="55" ten="30,7700,0" yaku="8,1,52,2,54,1" doraHai="9" who="3" fromWho="0" sc="215,-86,303,0,250,0,232,86" />
</Scene>
<Scene>
<INIT seed="2,0,0,5,1,113" ten="129,303,250,318" oya="2" hai0="34,122,130,59,14,98,8,18,53,101,48,110,40" hai1="117,84,68,99,70,9,102,85,63,26,58,135,94" hai2="24,108,126,123,44,116,111,78,31,86,134,4,51" hai3="19,15,29,2,25,75,46,27,89,6,80,87,7"/><V91/><F123/><W120/><G120/><T105/><D122/><U33/><E135/><V88/><F134/><W50/><G75/><T41/><D34/><U64/><E9/><V97/><F4/><N who="3" m="1579" /><G2/><T12/><D130/><U35/><E35/><V60/><F60/><W131/><G29/><T81/><D110/><N who="2" m="42026" /><F116/><W79/><G79/><T38/><D38/><U28/><E117/><V3/><F3/><W17/><G131/><T0/><D0/><U16/><E16/><N who="3" m="6218" /><G15/><T5/><REACH who="0" step="1"/><D81/><REACH who="0" ten="119,303,250,318" step="2"/><U37/><E37/><V96/><F126/><W67/><G67/><T55/><D55/><AGARI ba="0,1" hai="25,27,46,50,55,80,87,89" m="6218,1579" machi="55" ten="30,2000,0" yaku="8,1,54,1" doraHai="113" who="3" fromWho="0" sc="119,-20,303,0,250,0,318,30" />
</Scene>
<Scene>
<INIT seed="3,0,0,0,4,73" ten="99,303,250,348" oya="3" hai0="107,0,65,17,32,99,5,27,121,122,6,14,26" hai1="110,100,54,129,13,89,111,90,52,21,78,41,104" hai2="43,60,16,42,130,124,30,19,97,127,25,82,66" hai3="56,31,59,55,83,39,22,28,10,96,64,20,128"/><W29/><G39/><T118/><D65/><U75/><E129/><V74/><F130/><W132/><G128/><T76/><D118/><U133/><E133/><V135/><F135/><W38/><G38/><T117/><D117/><U12/><E41/><N who="2" m="15371" /><F97/><W105/><G132/><T106/><D99/><U49/><E100/><V1/><F1/><W63/><G10/><T36/><D36/><U123/><E104/><V48/><F48/><W70/><G70/><T18/><D14/><U81/><E123/><V134/><F134/><W68/><G68/><T95/><D95/><U113/><E113/><V98/><F98/><W46/><G46/><T11/><D11/><U88/><E54/><V15/><F15/><W103/><REACH who="3" step="1"/><G83/><REACH who="3" ten="99,303,250,338" step="2"/><T86/><D121/><U9/><E9/><V92/><F82/><W8/><G8/><T94/><D122/><U57/><E21/><V101/><F127/><W116/><G116/><T24/><D0/><U71/><E71/><V45/><F45/><W120/><G120/><T62/><D5/><U93/><E93/><V23/><F124/><W115/><G115/><T61/><D94/><U40/><E40/><V114/><F114/><W37/><G37/><T58/><D6/><U125/><E125/><V102/><F92/><W34/><G34/><T126/><D32/><U119/><E119/><V91/><F102/><W51/><AGARI ba="0,1" hai="20,22,28,29,31,51,55,56,59,63,64,96,103,105" machi="51" ten="30,3000,0" yaku="1,1,0,1,53,0" doraHai="73" doraHaiUra="72" who="3" fromWho="3" sc="99,-10,303,-10,250,-10,338,40" />
</Scene>
<Scene>
<INIT seed="3,1,0,3,2,52" ten="89,293,240,378" oya="3" hai0="39,125,34,101,13,87,9,54,17,121,49,20,100" hai1="42,109,129,108,105,71,36,86,75,119,53,113,78" hai2="115,135,66,67,117,126,26,82,5,3,116,44,61" hai3="96,29,130,21,63,127,68,114,83,0,16,30,60"/><W23/><G114/><T90/><D39/><U77/><E113/><V111/><F115/><W40/><G0/><T112/><D34/><U51/><E105/><V35/><F111/><W48/><G130/><T19/><D112/><U18/><E71/><V6/><F126/><W95/><G83/><T124/><D125/><U46/><E75/><V72/><F135/><W11/><G11/><T37/><D37/><U73/><E73/><V84/><F72/><W33/><G33/><T92/><D121/><U133/><E133/><V24/><F67/><W10/><G10/><T25/><REACH who="0" step="1"/><D124/><REACH who="0" ten="79,293,240,378" step="2"/><U89/><E36/><V43/><F35/><W32/><G32/><T97/><D97/><U94/><E109/><V99/><F99/><W93/><G96/><T134/><D134/><U41/><E108/><V22/><F117/><W2/><G127/><T128/><D128/><U59/><E129/><V106/><F116/><W7/><G30/><T28/><D28/><U27/><E119/><V38/><F38/><W102/><G29/><T132/><D132/><U15/><E27/><V103/><F26/><W50/><G21/><T131/><D131/><U110/><E110/><V76/><F24/><W85/><G23/><T14/><D14/><U47/><E15/><V58/><F22/><W12/><G12/><T80/><D80/><U74/><E18/><V88/><F3/><W69/><G16/><T1/><D1/><U107/><E107/><V8/><F106/><W123/><G2/><T98/><D98/><U45/><E74/><V64/><F82/><W56/><G123/><T104/><D104/><RYUUKYOKU ba="1,1" sc="79,15,293,15,240,-15,378,-15" hai0="9,13,17,19,20,25,49,54,87,90,92,100,101" hai1="41,42,45,46,47,51,53,59,77,78,86,89,94" />
</Scene>
<Scene>
<INIT seed="4,2,1,5,5,113" ten="94,308,225,363" oya="0" hai0="22,63,86,125,69,79,44,84,65,28,20,100,77" hai1="103,131,39,97,15,95,116,34,99,64,27,128,94" hai2="25,41,111,90,45,74,72,11,12,17,120,0,14" hai3="123,108,115,54,9,96,129,98,104,110,48,76,105"/><T29/><D125/><U49/><E39/><V10/><F120/><W85/><G115/><T114/><D114/><U132/><E132/><V121/><F111/><W82/><G123/><T16/><D100/><U80/><E64/><V43/><F0/><W50/><G9/><T47/><D65/><U56/><E80/><V81/><F121/><W31/><G31/><T7/><D63/><U42/><E15/><V88/><F25/><W23/><G23/><T102/><D102/><U124/><E124/><V91/><F81/><W36/><G36/><T75/><D69/><U117/><E34/><V130/><F130/><N who="1" m="49705" /><E27/><V92/><F92/><W73/><G129/><T106/><D16/><U33/><E33/><V68/><F68/><W126/><G126/><T32/><D32/><U109/><E109/><V3/><F3/><W8/><G8/><N who="2" m="3113" /><F17/><W1/><G1/><T61/><D61/><U57/><E42/><N who="2" m="15883" /><F45/><W112/><G112/><T70/><D70/><U107/><E107/><V4/><F4/><W5/><G5/><T37/><D37/><U118/><E49/><V59/><F59/><W67/><G50/><T93/><D93/><U66/><E66/><V134/><F134/><W38/><G67/><T53/><D7/><U46/><E46/><V6/><F6/><W13/><G38/><T19/><D19/><U51/><E51/><V30/><F30/><W101/><G13/><AGARI ba="2,1" hai="12,13,14,72,74,88,90,91" m="15883,3113" machi="13" ten="30,3900,0" yaku="28,2,54,1" doraHai="113" who="2" fromWho="3" sc="94,0,308,0,225,55,363,-45" />
</Scene>
<Scene>
<INIT seed="5,0,0,4,3,25" ten="94,308,280,318" oya="1" hai0="94,53,125,108,115,70,2,40,118,61,81,129,50" hai1="99,65,30,54,15,133,117,91,32,8,12,57,128" hai2="92,21,64,84,87,39,72,4,132,76,41,6,1" hai3="111,67,23,80,71,130,93,109,24,28,124,102,52"/><U19/><E117/><V106/><F106/><W131/><G80/><T31/><D2/><U88/><E128/><N who="3" m="49194" /><G124/><T60/><D129/><U103/><E133/><V0/><F132/><W86/><G67/><T69/><D125/><U20/><E65/><V77/><F64/><W9/><G71/><T98/><D118/><U74/><E74/><V14/><F72/><W37/><G37/><T126/><D126/><U42/><E42/><V26/><F41/><W44/><G9/><T107/><D107/><U127/><E127/><V51/><F39/><W34/><G34/><T33/><D40/><U22/><E32/><V7/><F14/><W68/><G68/><T122/><D122/><U100/><E100/><V59/><F59/><W47/><G47/><T95/><D81/><U79/><E79/><V36/><F36/><W48/><G86/><T5/><D33/><U75/><E75/><V56/><F84/><W110/><G102/><T63/><D108/><U96/><E96/><V16/><F1/><W73/><G73/><T10/><D10/><U43/><E43/><V120/><F0/><W123/><G93/><T17/><D98/><U58/><E103/><V113/><F120/><AGARI ba="0,0" hai="23,24,28,44,48,52,109,110,111,120,123" m="49194" machi="120" ten="40,5200,0" yaku="19,1,52,1,54,1" doraHai="25" who="3" fromWho="2" sc="94,0,308,0,280,-52,318,52" />
</Scene>
<Scene>
<INIT seed="6,0,0,5,0,91" ten="94,308,228,370" oya="2" hai0="27,72,103,3,109,45,108,122,102,79,34,22,21" hai1="33,20,85,39,52,110,2,113,28,88,30,43,35" hai2="82,114,59,65,46,95,76,111,61,71,37,117,97" hai3="93,90,78,87,57,29,123,73,40,81,119,15,99"/><V42/><F117/><W63/><G123/><T58/><D3/><U104/><E110/><V14/><F114/><W98/><G119/><T132/><D122/><U25/><E2/><V121/><F14/><W130/><G130/><T7/><D7/><U64/><E104/><V131/><F131/><W4/><G29/><T80/><D132/><U18/><E64/><V13/><F13/><W48/><G40/><T38/><D34/><U134/><E134/><V31/><F121/><W107/><G48/><T55/><D22/><U116/><E116/><V8/><F8/><W0/><G0/><T54/><D109/><U120/><E120/><V50/><F31/><W53/><REACH who="3" step="1"/><G107/><REACH who="3" ten="94,308,228,360" step="2"/><T17/><D108/><U32/><E30/><V126/><F111/><W51/><G51/><T41/><REACH who="0" step="1"/><D54/><REACH who="0" ten="84,308,228,360" step="2"/><U60/><E52/><V68/><F126/><W128/><G128/><T101/><D101/><U56/><E33/><V106/><F106/><W112/><G112/><T12/><D12/><U135/><E113/><V19/><F37/><W127/><G127/><T6/><D6/><U89/><E135/><V75/><F19/><W69/><G69/><T96/><D96/><U92/><E18/><V125/><F125/><W77/><G77/><T62/><AGARI ba="0,2" hai="17,21,27,38,41,45,55,58,62,72,79,80,102,103" machi="62" ten="20,5200,0" yaku="1,1,0,1,7,1,53,1" doraHai="91" doraHaiUra="16" who="0" fromWho="0" sc="84,72,308,-13,228,-26,360,-13" />
</Scene>
<Scene>
<INIT seed="7,0,0,0,1,57" ten="156,295,202,347" oya="3" hai0="49,107,67,24,106,59,3,108,118,75,52,129,65" hai1="80,74,6,61,58,124,40,47,73,66,64,41,101" hai2="16,104,35,79,87,62,18,82,39,36,28,14,21" hai3="100,56,110,20,76,90,115,131,9,117,46,98,51"/><W91/><G115/><T135/><D118/><U114/><E114/><V116/><F116/><W99/><G117/><T50/><D108/><U7/><E124/><V11/><F104/><W130/><G76/><T86/><D75/><U119/><E119/><V121/><F121/><W27/><G9/><T30/><D3/><U88/><E101/><V1/><F1/><W17/><G56/><T54/><D135/><U10/><E66/><V32/><F32/><W33/><G33/><T68/><D129/><N who="3" m="49161" /><G110/><T122/><D122/><U23/><E23/><V55/><F28/><W2/><G2/><T105/><D86/><U94/><E80/><V26/><F35/><W132/><G132/><T38/><D38/><U92/><E92/><V4/><F4/><W84/><G84/><T128/><D128/><U113/><E113/><V0/><F0/><W63/><G63/><T125/><D125/><U42/><E47/><V19/><F39/><W78/><G78/><T37/><D37/><U123/><E123/><V85/><F85/><W45/><G99/><T77/><D77/><U60/><E60/><V97/><F97/><W48/><G48/><T120/><D120/><U5/><REACH who="1" step="1"/><E10/><REACH who="1" ten="156,285,202,347" step="2"/><V109/><F109/><W8/><G8/><T34/><REACH who="0" step="1"/><D68/><REACH who="0" ten="146,285,202,347" step="2"/><U71/><E71/><V83/><F11/><W133/><G133/><T111/><D111/><U112/><E112/><V96/><F36/><W69/><G69/><T44/><AGARI ba="0,2" hai="24,30,34,44,49,50,52,54,59,65,67,105,106,107" machi="44" ten="30,4000,0" yaku="1,1,0,1,54,1,53,0" doraHai="57" doraHaiUra="89" who="0" fromWho="0" sc="146,60,285,-10,202,-10,347,-20" owari="206,-19.0,275,8.0,192,-31.0,327,42.0" />
</Scene>
</mjloggm>