<mjloggm ver="2.3"><GO type="97"/><UN n0="%44%2E%2E%4B" n1="%E9%8A%80%E7%8B%BC" n2="%E7%BE%8E%E9%A3%9F%E5%80%B6%E6%A5%BD%E9%83%A8" n3="%E5%A4%AA%E3%81%8F%E3%81%AA%E3%81%84%E3%81%8A" dan="14,14,13,14" rate="1857,1965,1947,2035" sx="M,M,M,M"/><TAIKYOKU oya="0"/>

<Scene>
<INIT seed="0,0,0,5,5,50" ten="250,250,250,250" oya="0" hai0="110,63,1,116,31,125,52,135,85,18,3,82,92" hai1="40,29,118,33,47,73,20,69,79,112,96,72,111" hai2="53,100,5,10,121,106,14,51,39,84,90,15,101" hai3="78,58,98,108,80,30,62,103,55,12,64,23,105"/><T56/><D116/><U22/><E112/><V81/><F39/><W60/><G108/><T32/><D110/><U123/><E69/><V46/><F121/><W2/><G2/><T128/><D135/><U75/><E111/><V61/><F106/><W9/><G30/><T13/><D128/><U11/><E118/><V93/><F61/><W131/><G131/><T38/><D38/><U48/><E123/><V114/><F114/><W113/><G23/><T91/><D125/><U68/><E68/><V126/><F126/><W104/><G113/><T49/><D32/><U25/><E11/><N who="2" m="4463" /><F93/><W122/><G122/><T88/><D31/><U94/><REACH who="1" step="1"/><E79/><REACH who="1" ten="250,240,250,250" step="2"/><V109/><F109/><W27/><G78/><T120/><D120/><U74/><N who="1" m="18944" /><DORA hai="65" /><U87/><E87/><V28/><F28/><W59/><G9/><T71/><D71/><U89/><AGARI ba="0,1" hai="20,22,25,29,33,40,47,48,89,94,96" m="18944" machi="89" ten="60,12000,2" yaku="1,1,0,1,53,4" doraHai="50,65" doraHaiUra="129,107" who="1" fromWho="1" sc="250,-60,240,130,250,-30,250,-30" />
</Scene>
<Scene>
<INIT seed="1,0,0,0,0,57" ten="190,370,220,220" oya="1" hai0="12,35,16,91,7,25,30,75,97,46,93,26,82" hai1="0,17,107,2,86,90,22,50,37,13,3,53,21" hai2="80,132,100,78,11,104,72,92,122,115,52,33,28" hai3="71,65,60,39,14,106,47,117,32,62,8,9,102"/><U88/><E37/><V18/><F115/><W131/><G131/><T109/><D109/><U23/><E107/><V19/><F122/><W76/><G117/><T79/><D25/><U95/><REACH who="1" step="1"/><E90/><REACH who="1" ten="190,360,220,220" step="2"/><V56/><F104/><W116/><G106/><T69/><D7/><U15/><E15/><V44/><F132/><W55/><G14/><T5/><D5/><U113/><E113/><V85/><F33/><W36/><G36/><T135/><D135/><U54/><E54/><V125/><F125/><W51/><G39/><T59/><D69/><U61/><E61/><N who="2" m="35975" /><F72/><W98/><G32/><T40/><D40/><U45/><AGARI ba="0,1" hai="0,2,3,13,17,21,22,23,45,50,53,86,88,95" machi="45" ten="30,6000,0" yaku="1,1,0,1,54,1,53,0" doraHai="57" doraHaiUra="134" who="1" fromWho="1" sc="190,-20,360,70,220,-20,220,-20" />
</Scene>
<Scene>
<INIT seed="1,1,0,4,1,67" ten="170,430,200,200" oya="1" hai0="22,34,18,29,39,1,133,54,86,102,60,85,31" hai1="76,88,116,30,113,45,5,40,17,26,49,13,10" hai2="128,38,47,135,110,103,111,107,96,123,55,131,112" hai3="134,21,87,97,70,53,117,35,27,105,119,124,125"/><U25/><E113/><V59/><F123/><W69/><G134/><T37/><D133/><U41/><E116/><N who="3" m="44618" /><G35/><T77/><D1/><U16/><E76/><V2/><F2/><W9/><G9/><T80/><D102/><U132/><E132/><V75/><F75/><W20/><G53/><T56/><D34/><U63/><E63/><V98/><F112/><W33/><G33/><T81/><D39/><U106/><E106/><V79/><F79/><W24/><G87/><T23/><D37/><U46/><E88/><V57/><F135/><W109/><G109/><N who="2" m="41481" /><F38/><W121/><G121/><T15/><REACH who="0" step="1"/><D23/><REACH who="0" ten="160,430,200,200" step="2"/><N who="1" m="15679" /><E26/><V122/><F122/><W78/><G27/><T61/><D61/><U7/><E5/><V100/><F131/><W0/><G24/><T129/><D129/><U4/><E4/><V28/><F128/><W51/><G0/><T83/><D83/><U89/><E89/><AGARI ba="1,1" hai="15,18,22,29,31,54,56,60,77,80,81,85,86,89" machi="89" ten="30,3900,0" yaku="1,1,7,1,8,1,53,0" doraHai="67" doraHaiUra="115" who="0" fromWho="1" sc="160,52,430,-42,200,0,200,0" />
</Scene>
<Scene>
<INIT seed="2,0,0,0,4,127" ten="212,388,200,200" oya="2" hai0="64,26,77,47,3,44,115,2,87,102,99,90,51" hai1="7,96,112,72,53,54,68,30,56,85,16,103,35" hai2="65,71,20,83,15,93,78,13,49,125,100,14,131" hai3="27,120,73,121,114,84,11,105,28,129,132,38,109"/><V1/><F1/><W55/><G73/><T48/><D115/><U75/><E68/><V4/><F125/><W50/><G38/><T67/><D77/><U106/><E112/><V45/><F71/><W31/><G105/><T104/><D26/><U57/><E7/><V22/><F4/><W122/><G114/><T10/><D3/><U62/><E85/><N who="2" m="48375" /><F65/><W43/><G43/><T70/><D70/><U61/><E16/><V69/><F69/><W25/><G31/><T116/><D116/><U118/><E118/><V24/><F24/><AGARI ba="0,0" hai="24,30,35,53,54,56,57,61,62,72,75,96,103,106" machi="24" ten="40,1300,0" yaku="9,1" doraHai="127" who="1" fromWho="2" sc="212,0,388,13,200,-13,200,0" />
</Scene>
<Scene>
<INIT seed="3,0,0,4,0,5" ten="212,401,187,200" oya="3" hai0="87,134,96,123,28,63,128,83,22,53,27,101,7" hai1="39,103,126,56,4,15,113,26,54,119,51,122,14" hai2="121,93,84,130,100,2,64,59,91,109,65,107,46" hai3="30,16,47,80,31,52,40,70,92,68,29,124,85"/><W127/><G92/><T71/><D123/><U116/><E39/><V44/><F2/><W114/><G114/><T132/><D7/><U133/><E122/><V102/><F121/><W0/><G0/><T72/><D72/><U58/><E113/><V11/><F109/><W8/><G40/><T74/><D74/><U32/><E126/><N who="3" m="48170" /><G47/><N who="2" m="17961" /><F130/><W125/><N who="3" m="48178" /><W110/><DORA hai="24" /><G110/><T135/><D128/><U25/><E133/><V23/><F107/><W67/><G52/><T50/><D71/><N who="3" m="27177" /><G67/><N who="2" m="25673" /><F59/><W18/><G8/><T3/><D63/><U95/><E56/><V131/><F131/><W66/><G66/><T120/><D120/><U94/><E95/><V62/><F62/><W111/><G111/><T112/><D112/><U13/><E32/><V33/><F33/><W81/><G81/><T69/><D69/><U36/><E36/><V57/><F57/><W129/><G129/><T89/><D3/><U41/><E41/><V49/><F49/><W19/><BYE who="2" /><G80/><T115/><D115/><U98/><REACH who="1" step="1"/><E4/><REACH who="1" ten="212,391,187,200" step="2"/><V60/><F60/><W82/><G82/><UN n2="%E7%BE%8E%E9%A3%9F%E5%80%B6%E6%A5%BD%E9%83%A8" /><T99/><D101/><N who="2" m="39018" /><F23/><W78/><G78/><T17/><D135/><U105/><E105/><V86/><F11/><W12/><G12/><N who="0" m="9511" /><D134/><U10/><E10/><V88/><F93/><W75/><G75/><T20/><D132/><U45/><E45/><AGARI ba="0,1" hai="20,27,28,45,50,53,83,87,89,96,99" m="9511" machi="45" ten="30,2000,0" yaku="8,1,52,1" doraHai="5,24" who="0" fromWho="1" sc="212,30,391,-20,187,0,200,0" owari="242,4.0,371,47.0,187,-31.0,200,-20.0" />
</Scene>
</mjloggm>