<mjloggm ver="2.3"><GO type="97"/><UN n0="%44%69%61%67%6F%6E%61%6C" n1="%74%61%6B%61%68%69%72%61" n2="%73%75%6B%65%2E%63%6F%6D" n3="%E5%A4%AA%E3%81%8F%E3%81%AA%E3%81%84%E3%81%8A" dan="15,13,14,15" rate="1987,1952,2003,2053" sx="M,M,M,M"/><TAIKYOKU oya="0"/>

<Scene>
<INIT seed="0,0,0,1,3,25" ten="250,250,250,250" oya="0" hai0="113,19,128,24,32,11,63,79,35,107,117,93,75" hai1="37,52,42,83,135,15,110,86,108,84,13,40,47" hai2="21,131,72,33,18,100,3,96,54,81,58,53,118" hai3="132,85,20,114,121,44,56,90,99,87,74,60,16"/><T39/><D113/><U36/><E135/><V12/><F3/><W69/><G114/><T111/><D117/><U98/><E98/><V49/><F118/><W106/><G74/><T102/><D93/><U34/><E34/><V82/><F131/><W28/><G69/><T5/><D19/><U43/><E83/><V78/><F33/><W8/><G132/><T92/><D92/><U65/><E65/><V66/><F66/><W70/><G70/><T17/><D17/><U71/><E71/><V73/><F54/><W7/><G121/><T1/><D63/><U6/><E6/><V61/><F81/><W103/><G44/><T77/><D77/><U127/><E127/><V23/><F23/><W14/><G28/><N who="0" m="19463" /><D35/><U45/><E42/><V122/><F122/><W2/><REACH who="3" step="1"/><G90/><REACH who="3" ten="250,250,250,240" step="2"/><T48/><D128/><U80/><E80/><V104/><REACH who="2" step="1"/><F73/><REACH who="2" ten="250,250,240,240" step="2"/><W129/><G129/><T130/><D130/><U55/><AGARI ba="0,2" hai="13,15,36,37,40,43,45,47,52,55,84,86,108,110" machi="55" ten="25,6400,0" yaku="0,1,22,2,54,1" doraHai="25" who="1" fromWho="1" sc="250,-32,250,84,240,-16,240,-16" />
</Scene>
<Scene>
<INIT seed="1,0,0,3,2,48" ten="218,334,224,224" oya="1" hai0="17,3,25,23,41,113,47,95,128,124,21,29,6" hai1="78,103,120,135,87,24,71,97,117,79,60,84,96" hai2="46,9,42,37,69,19,70,94,11,28,51,108,39" hai3="40,81,85,59,22,126,66,13,68,129,67,54,38"/><U73/><E24/><V99/><F28/><W90/><G126/><T57/><D124/><U2/><E71/><V50/><F108/><W0/><G0/><T105/><D113/><U15/><E2/><V121/><F121/><W44/><G129/><T62/><D105/><U75/><E15/><V77/><F77/><N who="1" m="29193" /><E60/><V88/><F50/><W8/><G22/><T114/><D95/><N who="1" m="58783" /><E120/><V133/><F133/><W31/><G31/><T131/><D114/><U80/><E117/><V123/><F123/><W27/><G27/><T49/><D6/><U132/><E97/><V72/><F72/><N who="1" m="27721" /><E80/><V83/><F83/><W102/><G68/><T122/><D122/><U56/><E56/><V98/><F69/><W111/><G67/><T74/><D3/><U1/><E1/><V106/><F70/><W36/><G66/><T32/><D74/><U118/><E118/><V4/><F19/><W53/><G38/><T134/><D32/><U112/><E112/><V115/><F115/><W104/><G59/><T101/><D23/><U33/><E33/><V61/><F61/><W107/><G13/><T110/><D62/><U125/><E125/><V58/><F58/><W86/><G8/><T109/><D57/><U127/><E127/><V82/><F82/><W12/><G12/><T63/><D63/><U119/><E119/><V93/><F11/><W92/><G81/><T5/><D29/><U16/><E16/><V64/><F64/><W65/><G65/><T91/><D17/><U76/><N who="1" m="29201" /><U20/><DORA hai="7" /><E20/><V26/><F9/><W34/><G34/><T52/><D21/><RYUUKYOKU ba="0,0" sc="218,-10,334,30,224,-10,224,-10" hai1="84,87,132,135" />
</Scene>
<Scene>
<INIT seed="1,1,0,5,3,60" ten="208,364,214,214" oya="1" hai0="64,124,46,13,94,79,100,52,40,96,119,41,23" hai1="22,53,122,135,51,44,134,88,110,120,68,108,9" hai2="17,133,84,107,80,30,102,113,32,25,89,114,49" hai3="81,11,99,39,4,58,105,126,45,14,86,35,19"/><U18/><E9/><V61/><F133/><N who="1" m="50697" /><E88/><N who="2" m="51207" /><F49/><W129/><G35/><T130/><D119/><U27/><E68/><V28/><F28/><W62/><G126/><T72/><D124/><U118/><E118/><V109/><F109/><AGARI ba="1,0" hai="18,22,27,44,51,53,108,109,110,120,122" m="50697" machi="109" ten="30,5800,0" yaku="14,1,10,1,20,1" doraHai="60" who="1" fromWho="2" sc="208,0,364,61,214,-61,214,0" />
</Scene>
<Scene>
<INIT seed="1,2,0,3,5,128" ten="208,425,153,214" oya="1" hai0="115,90,101,69,52,105,114,70,11,78,75,44,57" hai1="50,134,67,109,6,0,55,76,7,116,125,106,91" hai2="79,87,35,4,1,94,25,99,135,118,73,131,98" hai3="64,2,19,54,129,36,24,62,32,84,10,27,60"/><U127/><E116/><V22/><F118/><W29/><G36/><T126/><D126/><N who="1" m="48139" /><E106/><V107/><F35/><W5/><G129/><T12/><D44/><N who="1" m="28103" /><E0/><V33/><F131/><W15/><G27/><T92/><D70/><U9/><E109/><V45/><F33/><W30/><G30/><T122/><D69/><U31/><E76/><V120/><F120/><W40/><G40/><T66/><D122/><U103/><E9/><V72/><F45/><W51/><G84/><T53/><D66/><U85/><E103/><N who="2" m="62967" /><F22/><N who="3" m="11647" /><G64/><T20/><D20/><U26/><E67/><V58/><F25/><W71/><G71/><T63/><D78/><U110/><E134/><V42/><F42/><W59/><AGARI ba="2,0" hai="2,5,10,24,29,32,51,54,59,60,62" m="11647" machi="59" ten="30,1100,0" yaku="24,1" doraHai="128" who="3" fromWho="3" sc="208,-5,425,-7,153,-5,214,17" />
</Scene>
<Scene>
<INIT seed="2,0,0,1,0,130" ten="203,418,148,231" oya="2" hai0="1,80,32,57,124,73,39,87,16,116,107,8,74" hai1="92,129,53,85,88,62,36,101,119,100,58,67,91" hai2="44,14,0,126,38,68,4,109,59,55,23,15,78" hai3="31,40,114,10,18,134,72,65,90,24,118,64,71"/><V94/><F68/><W37/><G118/><T43/><D107/><U33/><E36/><V123/><F123/><W54/><G72/><T105/><D105/><U13/><E33/><V45/><F126/><W113/><G54/><T42/><D32/><U6/><E129/><V81/><F94/><W82/><G71/><T111/><D43/><U7/><E119/><V84/><F109/><W35/><G134/><T20/><D116/><U41/><E41/><N who="2" m="22583" /><F45/><N who="3" m="23695" /><G10/><T112/><D112/><N who="3" m="43113" /><G18/><T60/><D42/><U104/><E104/><V133/><F23/><W75/><G90/><T30/><D39/><U89/><E67/><V110/><F110/><W122/><G122/><T132/><D111/><U66/><E66/><V21/><F21/><W12/><G12/><T103/><D74/><U99/><E91/><V106/><F106/><W63/><G63/><T97/><D73/><U108/><E108/><V125/><F133/><W22/><G22/><T120/><D132/><U19/><E89/><V61/><F125/><W127/><G127/><T47/><D124/><U26/><E26/><V115/><F115/><W51/><G51/><T52/><D120/><U95/><E101/><V5/><F5/><W93/><G93/><N who="0" m="58799" /><D30/><U11/><AGARI ba="0,0" hai="6,7,11,13,19,53,58,62,85,88,92,95,99,100" machi="11" ten="20,5200,0" yaku="0,1,7,1,8,1,54,1" doraHai="130" who="1" fromWho="1" sc="203,-13,418,52,148,-26,231,-13" />
</Scene>
<Scene>
<INIT seed="3,0,0,1,2,98" ten="190,470,122,218" oya="3" hai0="128,40,44,29,66,51,110,107,17,39,49,118,67" hai1="135,78,7,83,53,11,88,3,20,94,95,18,114" hai2="123,52,25,26,131,120,6,82,84,90,63,124,72" hai3="9,57,134,59,12,105,132,70,91,129,76,34,104"/><W85/><G70/><T96/><D29/><U102/><E135/><N who="3" m="51754" /><G76/><T2/><D2/><U0/><E114/><V30/><F6/><N who="3" m="3127" /><G34/><T89/><D118/><U8/><E102/><V115/><F115/><W62/><G129/><T74/><D74/><U97/><E94/><V101/><F131/><W5/><G5/><T64/><D128/><U121/><E121/><V126/><F101/><W1/><G1/><T42/><D110/><U45/><E3/><V111/><F111/><W77/><G77/><T22/><D107/><N who="3" m="41033" /><G62/><T112/><D112/><U130/><E11/><V119/><F119/><W60/><G60/><T46/><D39/><U116/><E130/><V100/><F72/><W133/><G133/><T127/><D127/><N who="2" m="48682" /><F30/><W61/><G61/><T47/><D47/><U93/><E116/><V50/><F63/><W32/><G32/><T92/><D67/><U21/><E45/><N who="2" m="27727" /><F100/><W37/><G37/><T103/><D89/><U65/><E65/><V71/><F71/><W15/><G15/><AGARI ba="0,0" hai="15,17,22,40,42,44,46,49,51,64,66,92,96,103" machi="15" ten="30,7700,0" yaku="7,1,9,1,8,1,52,1" doraHai="98" who="0" fromWho="3" sc="190,77,470,0,122,0,218,-77" owari="267,7.0,470,57.0,122,-38.0,141,-26.0" />
</Scene>
</mjloggm>