<mjloggm ver="2.3"><GO type="169" lobby="0"/><UN n0="%73%61%77%6C%79" n1="%E6%B0%97%E6%A5%BD%E3%81%AB%E6%89%93%E3%81%A4" n2="%E5%A4%AA%E3%81%8F%E3%81%AA%E3%81%84%E3%81%8A" n3="%67%69%6A%79%75%74%75" dan="17,16,17,16" rate="2205.01,2163.26,2157.97,2086.21" sx="M,M,M,M"/><TAIKYOKU oya="0"/>

<Scene>
<INIT seed="0,0,0,2,3,51" ten="250,250,250,250" oya="0" hai0="118,44,83,125,66,91,3,2,95,96,104,59,111" hai1="70,122,112,14,110,101,79,15,34,80,94,85,36" hai2="19,102,58,50,55,86,107,119,7,126,31,135,16" hai3="73,53,11,74,113,99,8,78,1,17,42,131,75"/><T93/><D125/><U32/><E122/><V10/><F126/><W76/><G113/><T105/><D118/><U77/><E112/><V48/><F119/><W35/><G35/><T5/><D111/><U116/><E110/><V63/><F135/><W123/><G123/><T29/><D29/><U46/><E116/><V68/><F31/><W27/><G42/><T115/><D115/><U57/><E70/><V134/><F134/><W60/><G131/><T120/><D120/><U88/><E77/><V37/><F37/><W124/><G124/><T4/><D83/><U72/><E32/><V33/><F33/><W18/><G73/><T30/><D30/><U127/><E34/><V64/><F86/><W100/><G60/><T38/><D38/><U20/><E127/><V67/><F67/><W132/><G27/><T97/><D44/><U23/><E57/><V12/><REACH who="2" step="1"/><F50/><REACH who="2" ten="250,250,240,250" step="2"/><W103/><G132/><T21/><D66/><U28/><E28/><V121/><F121/><W117/><G117/><T71/><D71/><U52/><E36/><V43/><F43/><W62/><G75/><T24/><D59/><U26/><E72/><V109/><F109/><W49/><G74/><T65/><D65/><U25/><E85/><V41/><F41/><W13/><G49/><T128/><D128/><U39/><E39/><V133/><F133/><W92/><G99/><AGARI ba="0,1" hai="7,10,12,16,19,48,55,58,63,64,68,99,102,107" machi="99" ten="40,5200,0" yaku="1,1,52,1,54,1,53,0" doraHai="51" doraHaiUra="106" who="2" fromWho="3" sc="250,0,250,0,240,62,250,-52" />
</Scene>
<Scene>
<INIT seed="1,0,0,3,1,66" ten="250,250,302,198" oya="1" hai0="53,103,6,126,76,21,116,1,54,39,67,110,105" hai1="14,119,20,58,109,50,13,86,107,22,127,96,81" hai2="87,73,42,100,41,52,79,61,128,15,25,24,92" hai3="112,40,57,0,75,108,135,121,70,90,132,99,45"/><U48/><E119/><V123/><F123/><W31/><G0/><T30/><D110/><U18/><E109/><V89/><F128/><W68/><G108/><T98/><D126/><U38/><E127/><V113/><F113/><W74/><G112/><T2/><D116/><U85/><E38/><V134/><F134/><N who="3" m="51243" /><G121/><T115/><D115/><U72/><E107/><V114/><F114/><W71/><G31/><T111/><D111/><U69/><E96/><V64/><F100/><W56/><G90/><T10/><D39/><U32/><E32/><V102/><F102/><W26/><G26/><T44/><D1/><U91/><E72/><N who="3" m="27690" /><G99/><T35/><D35/><U94/><E69/><V101/><F101/><W27/><G27/><T97/><D97/><U19/><REACH who="1" step="1"/><E58/><REACH who="1" ten="250,240,302,198" step="2"/><V80/><F73/><W95/><G95/><T4/><D98/><U118/><E118/><V133/><F133/><W7/><G7/><T37/><D6/><U77/><AGARI ba="0,1" hai="13,14,18,19,20,22,48,50,77,81,85,86,91,94" machi="77" ten="20,12000,1" yaku="1,1,0,1,7,1,9,1,8,1,53,0" doraHai="66" doraHaiUra="122" who="1" fromWho="1" sc="250,-40,240,130,302,-40,198,-40" />
</Scene>
<Scene>
<INIT seed="1,1,0,4,2,101" ten="210,370,262,158" oya="1" hai0="2,122,40,49,108,45,58,107,16,70,86,32,3" hai1="92,43,118,84,97,81,46,128,34,51,130,94,87" hai2="68,95,52,12,7,123,25,112,73,65,28,18,54" hai3="8,111,120,132,67,5,66,80,79,104,69,13,119"/><U99/><E34/><V36/><F123/><W57/><G120/><T15/><D108/><U14/><E14/><V23/><F36/><W60/><G111/><T56/><D122/><U1/><E1/><V85/><F73/><W53/><G132/><T55/><D70/><U30/><E30/><V50/><F112/><W110/><G110/><T113/><D32/><U125/><E118/><V4/><F65/><W88/><G119/><T41/><D113/><U131/><E125/><V37/><F37/><W102/><G69/><T29/><D29/><U33/><E33/><V27/><F68/><W26/><G26/><T82/><D107/><U126/><E126/><V75/><F75/><W22/><G22/><T77/><D56/><U59/><E59/><V105/><F105/><W39/><G39/><T91/><D77/><N who="1" m="46127" /><E92/><V35/><F27/><W117/><G117/><T61/><REACH who="0" step="1"/><D41/><REACH who="0" ten="200,370,262,158" step="2"/><U17/><E17/><V121/><F121/><W96/><REACH who="3" step="1"/><G88/><AGARI ba="1,1" hai="43,46,51,87,88,94,97,99,128,130,131" m="46127" machi="88" ten="30,2900,0" yaku="19,1,54,1" doraHai="101" who="1" fromWho="3" sc="200,0,370,42,262,0,158,-32" />
</Scene>
<Scene>
<INIT seed="1,2,0,3,5,36" ten="200,412,262,126" oya="1" hai0="102,122,73,12,68,129,125,135,96,128,94,112,5" hai1="49,56,76,62,69,51,0,65,85,57,29,35,90" hai2="13,130,99,121,114,48,72,59,37,47,71,44,25" hai3="46,33,1,104,17,26,24,134,60,43,97,14,64"/><U75/><E0/><V117/><F121/><W45/><G1/><T7/><D68/><U91/><E35/><V89/><F117/><W28/><G134/><T115/><D12/><U105/><E105/><V67/><F72/><W55/><G24/><T3/><D7/><U116/><E116/><V16/><F130/><N who="0" m="50282" /><D5/><U103/><E103/><V42/><F114/><N who="0" m="43562" /><D3/><U110/><E29/><V66/><F25/><W132/><G55/><T133/><D122/><U61/><E75/><V109/><F71/><W78/><G78/><T77/><D125/><U100/><E76/><V107/><F109/><W27/><G27/><T98/><D98/><U30/><E110/><V86/><F59/><W113/><G113/><T53/><D53/><U80/><E69/><V21/><F99/><W101/><G132/><N who="0" m="50763" /><D77/><U87/><E30/><V81/><REACH who="2" step="1"/><F107/><REACH who="2" ten="200,412,252,126" step="2"/><W39/><G46/><T92/><D73/><U131/><E131/><V120/><F120/><W40/><G45/><T54/><D54/><AGARI ba="2,1" hai="13,16,21,37,42,44,47,48,54,66,67,81,86,89" machi="54" ten="30,7700,0" yaku="1,1,7,1,52,1,54,1,53,0" doraHai="36" doraHaiUra="95" who="2" fromWho="0" sc="200,-83,412,0,252,93,126,0" />
</Scene>
<Scene>
<INIT seed="2,0,0,5,1,97" ten="117,412,345,126" oya="2" hai0="129,1,8,49,16,44,111,7,41,126,47,112,2" hai1="17,69,115,42,62,60,125,53,86,66,40,88,98" hai2="108,110,68,87,61,107,38,92,39,84,64,63,65" hai3="104,113,13,81,79,116,90,23,76,12,114,73,22"/><V70/><REACH who="2" step="1"/><F92/><REACH who="2" ten="117,412,335,126" step="2"/><W106/><G106/><AGARI ba="0,1" hai="38,39,61,63,64,65,68,70,84,87,106,107,108,110" machi="106" ten="25,18000,2" yaku="21,2,2,1,22,2,53,2" doraHai="97" doraHaiUra="122" who="2" fromWho="3" sc="117,0,412,0,335,190,126,-180" owari="117,-28.0,412,21.0,525,62.0,-54,-55.0" />
</Scene>
</mjloggm>