<mjloggm ver="2.3"><GO type="169"/><UN n0="%E8%B7%AF%E5%9C%B0%E8%A3%8F%E3%81%AE%E3%81%B2%E3%81%BE%E3%82%8F%E3%82%8A" n1="%E3%81%A7%E3%81%93%E3%81%98" n2="%E5%A4%AA%E3%81%8F%E3%81%AA%E3%81%84%E3%81%8A" n3="%E3%82%82%E3%81%A3%E3%81%97%E3%83%BC" dan="16,17,17,17" rate="2147,2120,2181,2131" sx="M,M,M,M"/><TAIKYOKU oya="0"/>

<Scene>
<INIT seed="0,0,0,1,0,119" ten="250,250,250,250" oya="0" hai0="59,112,20,30,97,55,98,102,131,68,5,4,116" hai1="10,65,50,106,12,71,82,3,100,96,60,70,89" hai2="26,64,67,49,99,124,76,79,41,7,74,130,93" hai3="56,40,2,29,115,6,22,48,109,95,34,110,75"/><T23/><D116/><U84/><E3/><V132/><F132/><W111/><G75/><T73/><D68/><U113/><E113/><V31/><F124/><W45/><G115/><T114/><D73/><U36/><E50/><V52/><F41/><W125/><G125/><T43/><D131/><U101/><E101/><V63/><F7/><W32/><G95/><N who="0" m="58687" /><D114/><U123/><E36/><V122/><F130/><W54/><G6/><N who="0" m="2667" /><D112/><U83/><E71/><V128/><F128/><W61/><G2/><T1/><D1/><U62/><E62/><V121/><F67/><W15/><REACH who="3" step="1"/><G29/><REACH who="3" ten="250,250,250,240" step="2"/><T85/><D30/><U118/><E118/><V90/><F74/><W17/><AGARI ba="0,1" hai="15,17,22,32,34,40,45,48,54,56,61,109,110,111" machi="17" ten="40,12000,2" yaku="1,1,2,1,0,1,14,1,53,2" doraHai="119" doraHaiUra="28" who="3" fromWho="3" sc="250,-60,250,-30,250,-30,240,130" />
</Scene>
<Scene>
<INIT seed="1,0,0,2,1,89" ten="190,220,220,370" oya="1" hai0="74,6,34,127,101,28,122,4,9,133,37,116,125" hai1="104,58,7,115,0,53,19,114,66,70,49,90,56" hai2="80,102,78,54,113,88,103,123,17,47,83,130,38" hai3="11,48,108,60,118,22,43,52,27,126,73,31,67"/><U105/><E70/><V117/><F123/><W29/><G73/><T57/><D122/><U1/><E19/><V86/><F117/><W39/><G118/><T14/><D116/><U92/><E104/><V59/><F130/><W5/><G108/><T45/><D74/><U132/><E105/><V46/><F113/><W97/><G126/><N who="0" m="48139" /><D133/><U3/><E7/><V84/><F17/><W75/><G75/><T24/><D57/><U107/><E107/><V61/><REACH who="2" step="1"/><F38/><REACH who="2" ten="190,220,210,370" step="2"/><W81/><G39/><T131/><D37/><U98/><REACH who="1" step="1"/><E132/><REACH who="1" ten="190,210,210,370" step="2"/><V13/><F13/><W51/><G27/><T82/><D14/><U68/><E68/><V8/><F8/><W64/><G11/><T76/><D9/><U135/><E135/><V77/><F77/><W15/><G15/><T91/><D76/><U110/><E110/><V32/><F32/><W42/><G22/><T85/><D131/><U112/><E112/><V120/><F120/><W23/><G23/><T30/><D34/><U26/><E26/><V10/><F10/><W44/><G5/><T128/><D128/><U65/><E65/><V16/><F16/><W106/><G67/><T50/><D24/><U25/><E25/><V69/><F69/><W20/><G20/><T119/><D119/><U72/><E72/><V121/><F121/><W79/><G64/><T36/><D36/><U18/><E18/><V100/><AGARI ba="0,2" hai="46,47,54,59,61,78,80,83,84,86,88,100,102,103" machi="100" ten="30,7900,0" yaku="1,1,0,1,8,1,54,1,53,0" doraHai="89" doraHaiUra="95" who="2" fromWho="2" sc="190,-20,210,-39,210,99,370,-20" />
</Scene>
<Scene>
<INIT seed="2,0,0,3,4,46" ten="170,171,309,350" oya="2" hai0="114,43,66,128,103,81,113,44,16,91,116,1,115" hai1="108,101,134,9,105,120,23,11,51,62,94,102,129" hai2="3,58,61,70,89,95,19,76,131,27,20,88,34" hai3="13,79,40,90,50,17,35,117,93,31,73,118,130"/><V64/><F3/><W65/><G65/><T38/><D128/><U97/><E129/><V32/><F131/><W123/><G123/><T112/><D116/><U54/><E120/><V124/><F124/><W15/><G130/><T77/><D1/><U82/><E108/><V45/><F76/><W126/><G126/><T87/><D103/><U12/><E134/><V37/><F70/><W111/><G111/><T7/><D7/><U107/><E62/><V121/><F121/><W56/><G13/><T127/><D127/><U2/><E2/><V83/><F83/><W86/><G79/><T60/><N who="0" m="28672" /><DORA hai="29" /><T18/><REACH who="0" step="1"/><D77/><REACH who="0" ten="160,171,309,350" step="2"/><U28/><E105/><V68/><F68/><AGARI ba="0,1" hai="16,18,38,43,44,60,66,68,81,87,91" m="28672" machi="68" ten="70,8000,1" yaku="1,1,2,1,54,1,53,1" doraHai="46,29" doraHaiUra="36,8" who="0" fromWho="2" sc="160,90,171,0,309,-80,350,0" />
</Scene>
<Scene>
<INIT seed="3,0,0,3,4,135" ten="250,171,229,350" oya="3" hai0="120,11,117,105,83,121,77,26,122,75,54,99,8" hai1="127,17,73,44,66,22,49,3,21,55,6,71,67" hai2="94,38,47,35,96,58,34,59,132,97,27,110,64" hai3="56,28,16,40,102,90,119,100,61,9,1,5,92"/><W108/><G119/><T39/><D117/><U60/><E73/><V87/><F132/><W89/><G28/><T81/><D39/><U2/><E66/><V113/><F113/><W50/><G108/><T104/><D81/><U112/><E112/><V43/><F110/><W78/><G78/><T115/><D115/><U118/><E118/><V4/><F4/><W48/><G90/><T23/><D54/><U101/><E101/><V33/><F27/><W125/><G125/><T69/><D69/><U65/><E65/><V91/><REACH who="2" step="1"/><F58/><REACH who="2" ten="250,171,219,350" step="2"/><W93/><G5/><T46/><D26/><U31/><E6/><V84/><F84/><W98/><G56/><T95/><D120/><U128/><E128/><V15/><F15/><W85/><G1/><T36/><D121/><U7/><E7/><V19/><F19/><W88/><G16/><T10/><D122/><U32/><E17/><V18/><F18/><W130/><G130/><T20/><D75/><U111/><E111/><V52/><F52/><W79/><G9/><T13/><D8/><U29/><E29/><V62/><AGARI ba="0,1" hai="33,34,35,38,43,47,59,62,64,87,91,94,96,97" machi="62" ten="40,2700,0" yaku="1,1,0,1,53,0" doraHai="135" doraHaiUra="107" who="2" fromWho="2" sc="250,-7,171,-7,219,37,350,-13" />
</Scene>
<Scene>
<INIT seed="4,0,0,0,3,130" ten="243,164,256,337" oya="0" hai0="33,76,100,27,17,9,39,86,51,14,133,4,1" hai1="73,49,2,56,125,41,103,37,119,29,132,40,46" hai2="121,77,31,18,99,124,118,59,112,43,44,32,115" hai3="110,91,25,15,95,8,63,67,114,135,96,126,42"/><T26/><D39/><U105/><E2/><V70/><F70/><W75/><G110/><T30/><D27/><U16/><E73/><V61/><F121/><W83/><G114/><T85/><D133/><U66/><E119/><V47/><F77/><W122/><G122/><T131/><D131/><U19/><E125/><V68/><F31/><W109/><G109/><T107/><D76/><U34/><E132/><V108/><F32/><W65/><G126/><T101/><D51/><U28/><E41/><V74/><F74/><W79/><G42/><T128/><D128/><U98/><E34/><V36/><F18/><W78/><G135/><T113/><D113/><N who="2" m="43594" /><F99/><W93/><G79/><T111/><D111/><U102/><E102/><V87/><F87/><W123/><G123/><T106/><D101/><U22/><E19/><V5/><F5/><W72/><G72/><T81/><D81/><U69/><E69/><V54/><F108/><W55/><G25/><T84/><REACH who="0" step="1"/><D100/><REACH who="0" ten="233,164,256,337" step="2"/><U92/><E105/><V20/><F124/><W35/><G78/><T71/><D71/><U48/><E37/><V11/><F68/><W104/><G104/><T90/><D90/><U64/><E49/><V88/><F88/><W129/><G91/><T97/><D97/><U120/><E120/><V57/><F36/><W0/><G96/><T127/><D127/><U58/><E29/><V3/><F118/><W117/><G117/><T80/><D80/><U82/><E28/><V116/><F116/><W10/><G129/><T7/><D7/><U45/><E82/><V38/><F38/><W13/><G83/><RYUUKYOKU ba="0,1" sc="233,30,164,-10,256,-10,337,-10" hai0="1,4,9,14,17,26,30,33,84,85,86,106,107" />
</Scene>
<Scene>
<INIT seed="4,1,1,2,2,93" ten="263,154,246,327" oya="0" hai0="44,69,60,135,28,21,130,31,96,58,76,99,55" hai1="111,16,49,95,51,15,33,46,67,59,105,77,17" hai2="36,129,24,75,72,47,10,121,42,26,61,113,81" hai3="7,108,134,122,25,50,102,18,118,53,39,78,37"/><T27/><D130/><U133/><E111/><V84/><F121/><W14/><G118/><T83/><D135/><U62/><E105/><V103/><F129/><W98/><G108/><T45/><D31/><U12/><E33/><V92/><F113/><W126/><G134/><T2/><D2/><U94/><E77/><V57/><F10/><W82/><G126/><T110/><D69/><U119/><E119/><V23/><F26/><W131/><G131/><T125/><D125/><U127/><E127/><V107/><F107/><W90/><G7/><T40/><D110/><U65/><E133/><V71/><F71/><W64/><G64/><T54/><D54/><U3/><E3/><V89/><F103/><W117/><G25/><T38/><REACH who="0" step="1"/><D45/><REACH who="0" ten="253,154,246,327" step="2"/><U109/><E109/><V43/><F43/><W88/><G117/><T79/><D79/><U68/><E68/><V29/><F81/><W101/><G122/><T106/><D106/><U30/><E30/><V11/><F47/><W115/><G115/><T104/><D104/><U35/><E35/><V52/><F42/><W86/><G78/><T97/><D97/><U20/><E67/><V124/><F124/><W41/><G41/><T91/><D91/><U13/><E46/><V87/><F29/><W34/><G90/><T116/><D116/><U19/><REACH who="1" step="1"/><E20/><REACH who="1" ten="253,144,246,327" step="2"/><V128/><F23/><W48/><G34/><T74/><AGARI ba="1,3" hai="21,27,28,38,40,44,55,58,60,74,76,83,96,99" machi="74" ten="20,12000,1" yaku="1,1,0,1,7,1,52,2,53,0" doraHai="93" doraHaiUra="8" who="0" fromWho="0" sc="253,153,144,-41,246,-41,327,-41" />
</Scene>
<Scene>
<INIT seed="4,2,0,4,4,108" ten="406,103,205,286" oya="0" hai0="70,61,89,104,60,126,2,106,99,16,55,7,29" hai1="74,92,33,109,67,8,81,6,42,87,118,135,80" hai2="105,56,94,82,36,46,26,123,43,127,62,95,130" hai3="51,110,52,40,96,32,15,63,113,37,134,132,86"/><T131/><D29/><U17/><E109/><V69/><F123/><W27/><G110/><T31/><D31/><U5/><E118/><V23/><F105/><W121/><G121/><T90/><D55/><U119/><E119/><V124/><F69/><W18/><G96/><T1/><D7/><U107/><E33/><V44/><F44/><N who="3" m="23567" /><G86/><T14/><D14/><U103/><E107/><V30/><F82/><W47/><G63/><T117/><D117/><U58/><E74/><V38/><F38/><W41/><G27/><T35/><D99/><N who="1" m="59879" /><E42/><V114/><F130/><W73/><G32/><T45/><D45/><U34/><E34/><V98/><F94/><W22/><G73/><T25/><D25/><U64/><E135/><N who="3" m="51754" /><G41/><T9/><D35/><U48/><E81/><V3/><F95/><W77/><G77/><T100/><D106/><U71/><E71/><V11/><F98/><W54/><G54/><T72/><D70/><U12/><E64/><V116/><F116/><W66/><G66/><T79/><D79/><N who="1" m="46495" /><E67/><V129/><F43/><W0/><G0/><T68/><D68/><U85/><E85/><V76/><F3/><W13/><G15/><T112/><D1/><U59/><E48/><V78/><F36/><W21/><G21/><T97/><D2/><U57/><AGARI ba="2,0" hai="5,6,8,12,17,57,58,59" m="46495,59879" machi="57" ten="30,1100,0" yaku="8,1" doraHai="108" who="1" fromWho="1" sc="406,-7,103,17,205,-5,286,-5" />
</Scene>
<Scene>
<INIT seed="5,0,0,2,2,80" ten="399,120,200,281" oya="1" hai0="46,64,104,28,6,30,38,16,77,74,2,88,135" hai1="4,90,67,81,82,33,47,3,37,65,39,75,20" hai2="69,100,49,26,70,130,116,41,31,134,114,120,8" hai3="97,55,53,60,15,45,103,86,19,96,32,98,89"/><U131/><E33/><V115/><F120/><W23/><G32/><T51/><D38/><U105/><E105/><V118/><F100/><W22/><G103/><T76/><D104/><U48/><E131/><V109/><F109/><W127/><G127/><T84/><D135/><U7/><E20/><N who="2" m="15815" /><F8/><W94/><G23/><T111/><D74/><U133/><E133/><V123/><F123/><W102/><G102/><T119/><D64/><U14/><E3/><V112/><F134/><W78/><G78/><N who="0" m="30315" /><D6/><U27/><E27/><V10/><F10/><W125/><G125/><T24/><D2/><U68/><E68/><N who="2" m="26219" /><F130/><W57/><REACH who="3" step="1"/><G45/><AGARI ba="0,0" hai="41,45,49,112,114,115,116,118" m="26219,15815" machi="45" ten="40,2600,0" yaku="15,1,11,1" doraHai="80" who="2" fromWho="3" sc="399,0,120,0,200,26,281,-26" />
</Scene>
<Scene>
<INIT seed="6,0,0,0,0,22" ten="399,120,226,255" oya="2" hai0="41,18,3,30,108,94,83,24,26,68,115,32,133" hai1="129,59,6,27,45,23,98,25,125,73,33,114,130" hai2="69,74,11,127,57,77,99,46,2,17,88,16,50" hai3="21,100,10,67,135,72,111,112,56,20,116,134,109"/><V126/><F69/><W52/><G72/><T71/><D108/><U37/><E73/><V85/><F74/><W121/><G116/><T110/><D110/><N who="3" m="41993" /><G121/><T9/><D115/><U31/><E114/><V87/><F57/><W47/><G112/><T15/><D133/><N who="3" m="50697" /><G100/><T123/><D41/><N who="1" m="22703" /><E6/><N who="2" m="1495" /><F77/><W62/><G10/><T66/><D66/><U48/><E98/><V131/><F99/><W132/><G132/><T53/><D71/><U0/><E0/><V92/><F87/><W4/><G4/><T49/><D3/><U8/><E8/><V113/><F113/><W51/><AGARI ba="0,0" hai="20,21,47,51,52,56,62,67" m="50697,41993" machi="51" ten="40,2700,0" yaku="20,1,54,1" doraHai="22" who="3" fromWho="3" sc="399,-7,120,-7,226,-13,255,27" />
</Scene>
<Scene>
<INIT seed="7,0,0,5,5,2" ten="392,113,213,282" oya="3" hai0="130,72,50,18,21,1,53,95,132,93,14,124,114" hai1="131,38,6,42,12,54,112,107,59,33,127,91,90" hai2="25,57,126,11,13,74,15,70,39,27,71,87,17" hai3="61,102,96,22,69,44,78,134,66,98,111,135,119"/><W20/><G119/><T73/><D1/><U109/><E107/><V101/><F74/><W3/><G3/><T120/><D120/><U80/><E109/><V97/><F39/><W118/><G118/><T8/><D124/><U67/><E33/><V103/><F126/><W60/><G111/><T113/><D130/><U121/><E127/><V40/><F40/><W92/><G78/><T84/><D8/><U94/><E131/><V45/><F45/><W128/><G128/><T99/><D132/><N who="3" m="50729" /><G44/><N who="0" m="27847" /><D84/><U110/><E110/><V5/><F70/><W35/><G35/><T41/><D41/><U104/><E104/><V108/><F71/><N who="3" m="42439" /><G98/><T122/><D122/><U76/><E121/><V58/><F87/><W125/><G125/><T106/><D73/><U32/><E32/><V65/><F103/><W129/><G129/><T23/><D72/><U86/><E112/><N who="0" m="43113" /><D21/><U0/><E0/><V29/><F108/><W79/><G79/><T7/><D7/><U116/><E116/><V133/><F133/><W16/><G16/><T81/><D81/><U51/><E38/><V30/><F30/><W82/><G82/><T115/><D115/><U75/><E75/><V100/><F100/><AGARI ba="0,0" hai="14,18,23,93,95,99,100,106" m="43113,27847" machi="100" ten="30,2000,0" yaku="15,1,11,1" doraHai="2" who="0" fromWho="2" sc="392,20,113,0,213,-20,282,0" owari="412,52.0,113,-39.0,193,-21.0,282,8.0" />
</Scene>
</mjloggm>