<mjloggm ver="2.3"><GO type="169" lobby="0"/><UN n0="%6B%65%72%6F%62%6F%75" n1="%E3%81%A4%E3%81%B0%E3%81%8D%E3%81%A1%30%33" n2="%E5%A4%AA%E3%81%8F%E3%81%AA%E3%81%84%E3%81%8A" n3="%E3%81%AA%E3%82%93%E3%81%A1%E3%81%8F%E3%81%AF%E3%82%80" dan="16,16,18,16" rate="2063.50,2136.82,2246.02,2028.47" sx="M,M,F,M"/><TAIKYOKU oya="0"/>

<Scene>
<INIT seed="0,0,0,5,4,105" ten="250,250,250,250" oya="0" hai0="46,111,127,17,63,19,82,87,121,62,86,108,53" hai1="85,100,68,67,110,0,23,58,89,51,26,6,73" hai2="7,104,93,131,95,65,59,72,119,15,66,120,54" hai3="44,91,37,69,42,41,81,83,102,99,57,21,70"/><T3/><D121/><U39/><E110/><N who="0" m="42025" /><D3/><U27/><E39/><V35/><F104/><W133/><G133/><T55/><D127/><U32/><E100/><V4/><F35/><W76/><G42/><T25/><D25/><U107/><E107/><V49/><F120/><W18/><G57/><T38/><D38/><U112/><E112/><V79/><F131/><W2/><G91/><N who="0" m="51671" /><D87/><U123/><E123/><V118/><F15/><W115/><G115/><T109/><N who="0" m="42033" /><T92/><DORA hai="116" /><D92/><U130/><E85/><V97/><F93/><W13/><G2/><T128/><D128/><U16/><E27/><V40/><F95/><W106/><REACH who="3" step="1"/><G83/><REACH who="3" ten="250,250,250,240" step="2"/><T5/><D46/><U64/><E0/><V88/><F119/><W31/><G31/><T80/><D80/><U122/><E130/><V103/><F118/><W28/><G28/><T50/><D63/><U114/><E114/><V77/><F88/><W24/><G24/><T117/><D62/><U43/><E26/><V12/><F103/><W56/><G56/><T36/><D117/><U129/><E89/><V75/><F59/><W124/><G124/><T101/><D101/><U52/><E58/><V45/><F45/><W98/><G98/><T34/><D34/><U132/><E32/><V60/><F97/><W10/><G10/><T30/><D30/><U126/><E129/><V78/><F60/><W113/><G113/><T9/><D9/><U20/><E122/><V125/><F125/><W14/><G14/><T29/><D29/><U90/><E126/><V47/><F12/><W8/><G8/><T96/><D96/><RYUUKYOKU ba="0,1" sc="250,-10,250,-10,250,-10,240,30" hai3="13,18,21,37,41,44,69,70,76,81,99,102,106" />
</Scene>
<Scene>
<INIT seed="1,1,1,5,1,73" ten="240,240,240,270" oya="1" hai0="65,36,104,105,31,90,28,86,106,76,42,58,103" hai1="134,50,20,60,112,127,68,83,25,91,121,13,115" hai2="18,126,67,38,57,52,62,45,47,24,9,95,17" hai3="5,124,66,3,1,96,6,81,41,107,12,101,43"/><U64/><E121/><V94/><F126/><W87/><G124/><T2/><D2/><U113/><E127/><V89/><F38/><W118/><G66/><T102/><D102/><U49/><E134/><V82/><F18/><W10/><G118/><T11/><D103/><U77/><E91/><V19/><F19/><W32/><G32/><T4/><D36/><U123/><E13/><N who="2" m="7343" /><F24/><W26/><G26/><T78/><D42/><U80/><E80/><V29/><F29/><W39/><G6/><T99/><D99/><U21/><E123/><V14/><F14/><W53/><G53/><T27/><D31/><U97/><E97/><V117/><F117/><W8/><G8/><T22/><D11/><U46/><E25/><V85/><F47/><W108/><G108/><T16/><D4/><U51/><REACH who="1" step="1"/><E46/><REACH who="1" ten="240,230,240,270" step="2"/><V98/><F98/><W35/><G96/><T109/><D109/><U92/><E92/><V74/><F95/><W110/><G110/><T119/><D119/><U133/><E133/><V84/><F82/><W125/><G81/><T100/><D100/><U132/><E132/><V69/><F45/><W59/><G101/><T128/><D128/><U0/><E0/><V131/><F131/><W93/><G1/><T37/><D90/><U129/><E129/><V120/><F120/><W135/><G3/><T63/><D27/><U40/><E40/><V111/><F111/><W70/><G43/><T15/><D37/><U23/><E23/><V44/><F89/><W33/><G39/><T88/><D28/><U79/><E79/><V114/><F94/><W61/><G93/><RYUUKYOKU ba="1,2" sc="240,15,230,15,240,-15,270,-15" hai0="15,16,22,58,63,65,76,78,86,88,104,105,106" hai1="20,21,49,50,51,60,64,68,77,83,112,113,115" />
</Scene>
<Scene>
<INIT seed="1,2,2,1,0,110" ten="255,245,225,255" oya="1" hai0="107,117,69,102,12,43,74,4,109,31,44,89,32" hai1="46,26,66,37,50,2,118,115,82,119,8,13,10" hai2="61,14,121,104,56,88,21,127,99,64,60,39,98" hai3="70,85,97,125,123,48,135,73,128,86,100,30,78"/><U105/><E105/><V28/><F121/><W96/><G123/><T77/><D109/><U83/><E37/><V16/><F39/><W71/><G30/><T24/><D117/><U42/><E66/><V27/><F127/><W92/><G48/><T65/><D89/><U91/><E26/><V55/><F104/><N who="3" m="63503" /><G70/><T40/><D44/><U19/><E115/><V93/><F98/><W116/><G71/><T129/><D129/><U120/><E120/><V47/><F47/><W101/><G128/><T38/><D38/><U11/><E83/><V112/><F112/><W122/><G122/><T84/><D84/><N who="3" m="32361" /><G125/><T18/><D4/><U17/><E82/><V23/><F64/><W45/><G45/><T106/><D43/><U67/><E91/><V41/><F41/><W36/><G36/><T103/><D40/><U52/><E67/><V51/><AGARI ba="2,2" hai="14,16,21,23,27,28,51,55,56,60,61,88,93,99" machi="51" ten="20,8000,1" yaku="0,1,7,1,8,1,54,2" doraHai="110" who="2" fromWho="2" sc="255,-22,245,-42,225,106,255,-22" />
</Scene>
<Scene>
<INIT seed="2,0,0,0,0,41" ten="233,203,331,233" oya="2" hai0="112,73,7,133,80,70,43,105,121,24,79,19,16" hai1="83,104,120,26,99,63,6,31,40,74,55,56,81" hai2="54,91,62,130,101,96,126,23,122,13,89,106,97" hai3="94,32,92,88,113,60,110,69,93,57,0,17,90"/><V11/><F122/><W28/><G110/><T114/><D121/><U5/><E120/><V37/><F37/><W87/><G113/><T118/><D118/><U25/><E40/><V15/><F130/><W42/><G0/><T111/><D70/><U58/><E74/><V123/><F123/><W65/><G42/><T85/><D105/><U75/><E75/><V35/><F35/><W78/><G78/><T47/><D111/><U107/><E99/><V86/><F126/><W84/><G17/><T64/><D64/><U77/><E63/><V39/><F39/><W33/><G93/><T45/><D7/><U2/><E31/><V46/><F23/><W100/><G100/><T3/><D3/><U67/><E67/><V14/><F11/><W44/><G28/><T119/><D119/><U103/><E103/><V18/><F18/><W51/><G69/><T108/><D108/><U135/><E2/><V125/><F125/><W30/><G30/><T98/><D73/><U109/><E109/><V132/><F96/><W12/><G12/><T50/><D98/><U38/><E38/><V21/><F21/><W71/><REACH who="3" step="1"/><G57/><REACH who="3" ten="233,203,331,223" step="2"/><T124/><D124/><U61/><E77/><V36/><F13/><W49/><G49/><T68/><D68/><U53/><REACH who="1" step="1"/><E61/><REACH who="1" ten="233,193,331,223" step="2"/><V72/><F62/><W134/><G134/><AGARI ba="0,2" hai="5,6,25,26,53,55,56,58,81,83,104,107,134,135" machi="134" ten="25,12000,2" yaku="1,1,2,1,22,2,53,2" doraHai="41" doraHaiUra="20" who="1" fromWho="3" sc="233,0,193,140,331,0,223,-120" />
</Scene>
<Scene>
<INIT seed="3,0,0,4,2,125" ten="233,333,331,103" oya="3" hai0="26,107,49,91,85,119,51,47,29,133,4,74,118" hai1="80,39,79,92,104,127,61,20,130,8,57,84,97" hai2="66,16,36,34,58,105,32,71,11,54,117,48,113" hai3="102,45,33,129,35,40,62,18,95,25,116,37,122"/><W114/><G122/><T111/><D74/><U67/><E127/><V77/><F117/><W109/><G116/><T94/><D111/><U134/><E134/><V128/><F113/><W69/><G114/><T0/><D133/><U86/><E39/><V76/><F105/><W82/><G109/><T131/><D107/><U78/><E104/><V41/><F77/><N who="1" m="29193" /><E80/><V126/><F76/><W75/><G75/><T28/><D28/><U17/><E8/><V24/><F126/><W87/><G82/><T46/><D131/><U31/><E31/><V121/><F128/><W88/><G129/><T110/><D110/><U14/><E130/><V42/><F121/><W5/><G5/><T2/><D2/><U60/><E60/><N who="2" m="40391" /><F42/><W44/><G44/><T112/><D112/><U93/><E93/><V7/><F7/><W10/><G102/><AGARI ba="0,0" hai="14,17,20,57,61,67,84,86,92,97,102" m="29193" machi="102" ten="30,1000,0" yaku="8,1" doraHai="125" who="1" fromWho="3" sc="233,0,333,10,331,0,103,-10" />
</Scene>
<Scene>
<INIT seed="4,0,0,2,2,132" ten="233,343,331,93" oya="0" hai0="110,7,18,48,100,10,38,92,113,86,103,12,126" hai1="29,102,14,28,53,127,43,72,122,116,76,68,93" hai2="94,65,13,66,97,41,79,49,37,17,23,47,20" hai3="101,71,107,85,44,57,119,89,80,115,87,134,27"/><T67/><D38/><U135/><E68/><V131/><F131/><W118/><G71/><T104/><D110/><U22/><E43/><V129/><F129/><W52/><G134/><T59/><D104/><U5/><E72/><V34/><F34/><W31/><G115/><T46/><D113/><U15/><E76/><V64/><F79/><W54/><G44/><T105/><D105/><U74/><E74/><V21/><REACH who="2" step="1"/><F37/><REACH who="2" ten="233,343,321,93" step="2"/><W39/><G39/><T99/><D126/><U11/><E127/><V56/><F56/><W1/><G57/><T33/><D33/><U75/><E135/><V130/><F130/><W25/><G118/><T32/><D32/><U120/><E116/><V106/><F106/><W9/><G119/><T0/><D59/><U19/><E75/><V8/><F8/><W70/><G70/><T123/><D123/><U35/><E35/><V98/><F98/><W78/><G9/><T91/><D99/><N who="1" m="59759" /><E122/><V128/><F128/><W45/><G107/><T36/><D36/><U58/><E120/><V121/><F121/><W55/><G45/><T84/><D10/><U109/><E109/><V88/><AGARI ba="0,1" hai="13,17,20,21,23,41,47,49,64,65,66,88,94,97" machi="88" ten="30,7900,0" yaku="1,1,0,1,8,1,54,1,53,0" doraHai="132" doraHaiUra="3" who="2" fromWho="2" sc="233,-39,343,-20,321,89,93,-20" />
</Scene>
<Scene>
<INIT seed="5,0,0,0,5,134" ten="194,323,410,73" oya="1" hai0="70,100,35,21,40,112,33,104,131,125,119,123,132" hai1="79,87,109,37,67,133,42,1,64,124,41,102,118" hai2="26,82,50,91,115,86,13,29,27,62,103,127,63" hai3="53,19,96,17,49,54,16,56,73,55,108,43,88"/><U135/><E1/><V117/><F117/><W122/><G73/><T5/><RYUUKYOKU type="yao9" ba="0,0" sc="194,0,323,0,410,0,73,0" hai0="5,21,33,35,40,70,100,104,112,119,123,125,131,132" />
</Scene>
<Scene>
<INIT seed="5,1,0,1,2,13" ten="194,323,410,73" oya="1" hai0="96,50,116,9,44,129,106,40,113,62,68,124,45" hai1="19,46,98,57,20,3,94,76,120,134,34,100,135" hai2="127,41,67,25,88,26,0,99,101,110,6,92,111" hai3="22,36,18,103,27,32,28,12,29,59,63,15,39"/><U55/><E120/><V108/><F127/><W122/><G122/><T125/><D116/><U58/><E34/><V11/><F67/><W126/><G126/><N who="0" m="48747" /><D113/><U42/><E3/><V51/><REACH who="2" step="1"/><F101/><REACH who="2" ten="194,323,400,73" step="2"/><W10/><G103/><T47/><D129/><U16/><E76/><V33/><F33/><W7/><REACH who="3" step="1"/><G28/><REACH who="3" ten="194,323,400,63" step="2"/><T38/><D106/><U72/><E135/><V95/><F95/><W24/><G24/><T102/><D102/><U90/><E134/><V23/><F23/><W89/><G89/><T17/><D9/><U81/><E20/><V64/><F64/><AGARI ba="1,2" hai="7,10,12,15,18,22,27,29,32,36,39,59,63,64" machi="64" ten="30,3900,0" yaku="1,1,7,1,52,1,53,0" doraHai="13" doraHaiUra="75" who="3" fromWho="2" sc="194,0,323,0,400,-42,63,62" />
</Scene>
<Scene>
<INIT seed="6,0,0,1,2,64" ten="194,323,358,125" oya="2" hai0="76,66,92,61,104,26,75,91,32,52,71,39,125" hai1="100,6,44,13,35,63,68,38,23,15,96,134,19" hai2="46,45,111,129,2,1,131,48,8,34,80,98,36" hai3="116,128,22,33,0,47,54,81,51,60,49,108,112"/><V40/><F34/><W41/><G108/><T97/><D39/><U72/><E72/><V4/><F111/><W117/><G33/><T58/><D125/><U56/><E35/><V73/><F98/><W93/><G0/><T11/><D11/><U126/><E126/><V31/><F31/><W90/><G81/><T120/><D120/><U106/><E134/><V99/><F99/><W85/><G128/><T62/><D104/><U89/><E89/><V53/><REACH who="2" step="1"/><F2/><REACH who="2" ten="194,323,348,125" step="2"/><W37/><G116/><T14/><D32/><U16/><E96/><V122/><F122/><W86/><G117/><T55/><D97/><U124/><E100/><V118/><F118/><W115/><G112/><T69/><D91/><U57/><E124/><V74/><F74/><W50/><G115/><T28/><D75/><U132/><E106/><V42/><F42/><W109/><G109/><T77/><D76/><AGARI ba="0,1" hai="1,4,8,36,40,45,46,48,53,73,76,80,129,131" machi="76" ten="40,7700,0" yaku="1,1,25,2,53,0" doraHai="64" doraHaiUra="88" who="2" fromWho="0" sc="194,-77,323,0,348,87,125,0" />
</Scene>
<Scene>
<INIT seed="6,1,0,0,0,40" ten="117,323,435,125" oya="2" hai0="102,125,29,105,98,18,37,20,73,129,123,76,59" hai1="85,83,56,12,130,51,126,8,24,97,35,41,39" hai2="103,5,121,66,82,79,127,4,58,80,106,70,17" hai3="14,131,36,90,38,45,33,25,32,111,78,43,81"/><V133/><F70/><W72/><G111/><T11/><D123/><U60/><E130/><V47/><F121/><W67/><G131/><T34/><D129/><U10/><E126/><V55/><F106/><W122/><G122/><T118/><D118/><U6/><E39/><V50/><F127/><W2/><G36/><T132/><D125/><U99/><E10/><V54/><F66/><W93/><G67/><T117/><D117/><U71/><E24/><V65/><F65/><W68/><G68/><T23/><D132/><U44/><E35/><V91/><F103/><W119/><G119/><T61/><D37/><U22/><E22/><V101/><F101/><W26/><G14/><T21/><D34/><U27/><E27/><V113/><F113/><W104/><G104/><T46/><D46/><U42/><E42/><V69/><F69/><W19/><G25/><T75/><D29/><U28/><E28/><V49/><F133/><W48/><G2/><T0/><D76/><N who="1" m="46311" /><E71/><V30/><F30/><W3/><G3/><T120/><D120/><U108/><E108/><V114/><F114/><W9/><G38/><T135/><D135/><U96/><E96/><V64/><F17/><W74/><G74/><T31/><D31/><U107/><E107/><V124/><F4/><W92/><G72/><T89/><D89/><U95/><E95/><V134/><F5/><W16/><G93/><T86/><D0/><U52/><AGARI ba="1,0" hai="6,8,12,41,44,51,52,56,60,97,99" m="46311" machi="52" ten="30,7900,0" yaku="25,1,8,1,52,1,54,1" doraHai="40" who="1" fromWho="1" sc="117,-21,323,82,435,-40,125,-21" />
</Scene>
<Scene>
<INIT seed="7,0,0,3,1,35" ten="96,405,395,104" oya="3" hai0="4,127,92,66,61,79,113,102,114,15,37,45,110" hai1="51,30,101,6,42,80,10,52,18,67,72,126,43" hai2="124,125,71,129,89,59,21,56,77,121,105,9,90" hai3="65,29,132,32,46,48,13,82,87,25,24,128,104"/><W107/><G128/><T108/><D79/><U27/><E126/><N who="2" m="48747" /><F71/><W36/><G132/><T60/><D127/><U22/><E101/><V120/><F105/><W53/><G36/><T130/><D130/><U93/><E67/><V64/><F129/><W73/><G73/><T63/><D66/><U112/><E93/><V103/><F103/><W16/><G25/><T47/><D15/><N who="1" m="5591" /><E72/><V28/><F77/><W40/><G65/><T81/><D4/><U96/><E112/><N who="0" m="43113" /><D81/><U23/><E80/><V69/><F69/><W70/><G70/><T3/><D3/><U76/><E96/><V14/><F21/><W133/><G133/><T68/><D68/><U31/><E76/><V17/><F28/><N who="1" m="10793" /><E23/><V109/><F109/><N who="0" m="42090" /><D37/><U55/><E55/><V62/><F59/><AGARI ba="0,0" hai="18,22,27,42,43,51,52,59" m="10793,5591" machi="59" ten="30,2000,0" yaku="8,1,54,1" doraHai="35" who="1" fromWho="2" sc="96,0,405,20,395,-20,104,0" owari="96,-40.0,425,52.0,375,18.0,104,-30.0" />
</Scene>
</mjloggm>