<mjloggm ver="2.3"><GO type="41"/><UN n0="%E3%82%B9%E3%83%88%E3%83%AD%E3%83%BC%E3%83%8D" n1="%E6%9D%B1%E9%9B%B2%E7%9A%90%E6%9C%88" n2="%E3%83%AB%E3%83%95" n3="%E5%A4%AA%E3%81%8F%E3%81%AA%E3%81%84%E3%81%8A" dan="13,13,13,14" rate="1880,1948,1873,2005" sx="M,F,F,M"/><TAIKYOKU oya="0"/>

<Scene>
<INIT seed="0,0,0,0,2,43" ten="250,250,250,250" oya="0" hai0="12,135,18,23,65,105,36,21,71,47,121,118,6" hai1="97,110,0,63,64,111,40,134,59,26,127,91,80" hai2="38,46,87,2,25,94,102,28,126,86,54,50,9" hai3="57,79,78,96,88,53,13,132,70,7,101,90,76"/><T45/><D105/><U55/><E134/><V109/><F109/><N who="1" m="41481" /><E40/><V8/><F126/><W114/><G70/><T61/><D121/><U5/><E127/><V106/><F106/><W4/><G132/><T112/><D118/><U14/><E0/><V120/><F120/><W128/><G128/><T103/><D112/><U52/><E26/><V81/><F38/><W115/><G115/><T122/><D36/><U27/><E27/><V48/><F2/><W130/><G130/><T92/><D122/><U75/><E75/><V39/><F39/><W37/><G37/><T35/><D35/><U72/><E72/><V66/><F66/><W77/><G114/><T16/><D6/><U119/><E119/><V73/><F73/><W19/><G7/><T74/><D74/><U98/><E80/><V84/><F81/><W68/><G68/><T10/><D135/><U89/><E89/><V1/><F1/><W123/><G4/><T95/><D10/><N who="1" m="4431" /><E91/><V107/><F107/><W100/><G77/><T129/><D129/><U62/><E62/><V31/><F50/><N who="3" m="30903" /><G123/><T85/><D85/><U32/><E32/><V133/><F133/><W56/><G90/><T67/><D103/><N who="3" m="39497" /><G88/><T108/><D108/><U33/><E33/><V51/><F102/><W116/><G116/><T83/><D83/><U99/><AGARI ba="0,0" hai="52,55,59,63,64,97,98,99" m="4431,41481" machi="99" ten="30,2000,0" yaku="14,1,54,1" doraHai="43" who="1" fromWho="1" sc="250,-10,250,20,250,-5,250,-5" />
</Scene>
<Scene>
<INIT seed="1,0,0,1,4,2" ten="240,270,245,245" oya="1" hai0="37,112,113,14,25,0,22,42,20,56,34,47,55" hai1="97,13,117,50,78,40,49,109,76,110,77,51,35" hai2="116,9,54,75,111,118,92,4,126,29,68,7,81" hai3="1,83,125,115,106,107,64,124,65,93,130,66,18"/><U104/><E117/><N who="2" m="45163" /><F68/><W8/><G115/><T91/><D0/><U95/><E104/><V59/><F92/><W87/><G93/><T135/><D135/><U100/><E35/><V101/><F101/><W21/><G130/><T85/><D34/><U38/><E38/><V94/><F94/><W71/><G71/><T60/><D14/><U11/><REACH who="1" step="1"/><E40/><REACH who="1" ten="240,260,245,245" step="2"/><V80/><F126/><W28/><G106/><T72/><D112/><U69/><E69/><V16/><F111/><W6/><G107/><T41/><D113/><U120/><E120/><V121/><F121/><W108/><G108/><T62/><D42/><U88/><E88/><V90/><F90/><W99/><G124/><T79/><D91/><U84/><E84/><V5/><F75/><W127/><G127/><T74/><D85/><U58/><E58/><V23/><F59/><W19/><G125/><T133/><D133/><U30/><E30/><V12/><F29/><W103/><G87/><T46/><D46/><U24/><E24/><V134/><F134/><W102/><G102/><T82/><D25/><U26/><E26/><V131/><F131/><W45/><G45/><T61/><REACH who="0" step="1"/><D72/><REACH who="0" ten="230,260,245,245" step="2"/><U119/><E119/><V57/><F81/><W39/><G83/><T128/><D128/><U44/><E44/><V122/><F80/><W73/><G73/><T36/><D36/><U52/><E52/><V17/><F122/><W132/><G39/><T10/><D10/><U63/><E63/><AGARI ba="0,2" hai="20,22,37,41,47,55,56,60,61,62,63,74,79,82" machi="63" ten="40,1300,0" yaku="1,1,53,0" doraHai="2" doraHaiUra="31" who="0" fromWho="1" sc="230,33,260,-13,245,0,245,0" />
</Scene>
<Scene>
<INIT seed="2,0,0,1,1,16" ten="263,247,245,245" oya="2" hai0="98,11,42,18,41,9,75,12,117,59,121,129,28" hai1="89,31,33,90,53,80,128,74,123,94,66,87,15" hai2="0,61,34,116,48,55,51,71,118,110,107,1,32" hai3="43,56,112,38,84,60,62,70,133,67,113,78,21"/><V95/><F107/><W85/><G133/><T93/><D75/><U63/><E128/><V68/><F95/><W130/><G130/><T24/><D129/><U114/><E114/><N who="3" m="44138" /><G78/><T65/><D117/><U88/><E123/><V83/><F83/><W45/><G21/><N who="0" m="15375" /><D9/><U126/><E126/><V100/><F100/><W97/><G97/><T103/><D121/><U82/><E53/><AGARI ba="0,0" hai="38,43,45,53,56,60,62,67,70,84,85" m="44138" machi="53" ten="30,1000,0" yaku="11,1" doraHai="16" who="3" fromWho="1" sc="263,0,247,-10,245,0,245,10" />
</Scene>
<Scene>
<INIT seed="3,0,0,5,2,87" ten="263,237,245,255" oya="3" hai0="24,66,45,74,52,125,103,37,54,35,60,20,28" hai1="79,114,53,92,58,32,78,119,50,120,134,88,132" hai2="9,99,72,51,71,19,68,89,118,112,17,133,39" hai3="49,47,1,117,97,65,121,11,41,91,46,126,127"/><W95/><G121/><T69/><D125/><N who="3" m="47625" /><G117/><T82/><D103/><U48/><E114/><V3/><F39/><W5/><G47/><T102/><D102/><U15/><E120/><V2/><F72/><W21/><G21/><T106/><D106/><U10/><E32/><V16/><F118/><W124/><N who="3" m="47633" /><W33/><DORA hai="109" /><G65/><T6/><D6/><N who="1" m="3543" /><E119/><V128/><F9/><W27/><G27/><T42/><REACH who="0" step="1"/><D35/><AGARI ba="0,0" hai="1,5,11,33,35,41,46,49,91,95,97" m="47633" machi="35" ten="40,3900,0" yaku="18,1,52,1" doraHai="87,109" who="3" fromWho="0" sc="263,-39,237,0,245,0,255,39" />
</Scene>
<Scene>
<INIT seed="3,1,0,1,4,134" ten="224,237,245,294" oya="3" hai0="108,71,135,72,126,131,77,9,104,35,23,12,116" hai1="60,132,65,133,84,100,11,124,13,83,123,28,52" hai2="129,114,49,118,14,46,19,81,86,128,69,57,97" hai3="17,117,74,121,56,42,85,79,125,59,48,31,91"/><W99/><G121/><T82/><RYUUKYOKU type="yao9" ba="1,0" sc="224,0,237,0,245,0,294,0" hai0="9,12,23,35,71,72,77,82,104,108,116,126,131,135" />
</Scene>
<Scene>
<INIT seed="3,2,0,5,4,70" ten="224,237,245,294" oya="3" hai0="1,47,77,24,83,35,105,110,17,60,27,19,25" hai1="106,92,40,68,3,134,67,93,71,117,22,121,5" hai2="84,85,94,4,8,132,73,128,107,62,74,90,86" hai3="104,33,31,115,36,127,82,45,38,26,112,10,42"/><W69/><G69/><T76/><D105/><U65/><E106/><V123/><F107/><W37/><G104/><T109/><D60/><U32/><E121/><V44/><F123/><W79/><G127/><T78/><D1/><U30/><E32/><V18/><F132/><W122/><G122/><T89/><D35/><U56/><E40/><V101/><F128/><W100/><G100/><T55/><D55/><U116/><E3/><V53/><F101/><W72/><REACH who="3" step="1"/><G10/><REACH who="3" ten="224,237,245,284" step="2"/><T34/><D34/><U87/><E68/><V61/><F8/><W125/><G125/><T133/><D133/><U80/><E71/><V58/><F74/><W66/><G66/><T20/><D20/><U75/><E65/><V23/><F73/><W48/><AGARI ba="2,1" hai="26,31,33,36,37,38,42,45,48,72,79,82,112,115" machi="48" ten="30,18000,2" yaku="1,1,0,1,52,3,53,1" doraHai="70" doraHaiUra="41" who="3" fromWho="3" sc="224,-62,237,-62,245,-62,284,196" />
</Scene>
<Scene>
<INIT seed="3,3,0,5,2,101" ten="162,175,183,480" oya="3" hai0="14,47,43,49,113,9,85,4,125,38,108,66,64" hai1="34,72,11,58,94,22,54,35,123,8,105,51,80" hai2="90,131,56,48,130,106,69,45,18,89,114,93,53" hai3="109,33,135,16,24,75,55,10,52,36,84,21,119"/><W86/><G119/><T65/><D125/><U6/><E105/><V124/><F69/><W59/><G75/><T95/><D113/><U62/><E123/><V3/><F124/><W122/><G122/><T73/><D73/><U77/><E22/><V96/><F114/><W127/><G127/><T50/><D108/><U68/><E94/><V74/><F74/><W67/><G36/><T7/><D7/><U129/><E129/><N who="2" m="49163" /><F3/><W115/><G115/><T39/><D50/><U99/><E99/><V133/><F133/><W118/><G118/><T12/><D12/><U102/><E102/><N who="2" m="62791" /><F18/><W25/><G135/><T128/><D128/><U92/><E92/><V15/><F15/><N who="3" m="7287" /><G33/><T121/><D121/><U126/><E126/><V28/><F28/><N who="3" m="17423" /><G25/><T63/><D63/><U27/><E34/><V112/><F112/><W23/><G23/><T107/><D107/><U132/><E132/><V32/><F32/><W116/><G109/><T83/><REACH who="0" step="1"/><D95/><REACH who="0" ten="152,175,183,480" step="2"/><U61/><E62/><N who="2" m="36111" /><F93/><W111/><G111/><T76/><AGARI ba="3,1" hai="4,9,14,38,39,43,47,49,64,65,66,76,83,85" machi="76" ten="30,7900,0" yaku="1,1,0,1,25,2,53,0" doraHai="101" doraHaiUra="30" who="0" fromWho="0" sc="152,98,175,-23,183,-23,480,-42" />
</Scene>
<Scene>
<INIT seed="4,0,0,0,1,14" ten="250,152,160,438" oya="0" hai0="35,86,16,111,64,50,104,103,113,75,42,57,83" hai1="40,0,25,45,92,79,63,47,6,52,3,117,19" hai2="125,37,99,43,49,9,72,69,15,110,127,106,53" hai3="124,10,62,23,58,101,107,98,67,74,27,5,85"/><T114/><D35/><U12/><E117/><V1/><F72/><W8/><G124/><N who="2" m="47689" /><F69/><W129/><G129/><T39/><D75/><U68/><E79/><V121/><F121/><W71/><G74/><T89/><D104/><U122/><E122/><V26/><F1/><W112/><G112/><T130/><D130/><U80/><E80/><V55/><F110/><W100/><G100/><T109/><D103/><U11/><E92/><V44/><F26/><W93/><G71/><T60/><D39/><U7/><E68/><V135/><F135/><W65/><G65/><T116/><D116/><U132/><E132/><V4/><F37/><W126/><G126/><T76/><D76/><U18/><E25/><V120/><F120/><W78/><G5/><T91/><D89/><U24/><E24/><V46/><F46/><W94/><G107/><T108/><D16/><U59/><E45/><AGARI ba="0,0" hai="42,45,50,57,60,64,83,86,91,108,109,111,113,114" machi="45" ten="50,2400,0" yaku="10,1" doraHai="14" who="0" fromWho="1" sc="250,24,152,-24,160,0,438,0" />
</Scene>
<Scene>
<INIT seed="4,1,0,4,4,118" ten="274,128,160,438" oya="0" hai0="133,64,44,81,7,113,126,24,6,68,82,105,42" hai1="135,45,38,85,90,119,127,77,50,48,15,59,110" hai2="129,124,87,10,61,98,18,112,121,55,31,115,28" hai3="40,20,37,52,83,116,54,123,99,2,114,86,35"/><T39/><D113/><N who="2" m="43594" /><F129/><W41/><G114/><T117/><D117/><U8/><E119/><V89/><F124/><W131/><G116/><T100/><D133/><U22/><E110/><V5/><F18/><W108/><G108/><T58/><D126/><U76/><E127/><V36/><F98/><W84/><G35/><T30/><D105/><U74/><E38/><V92/><F36/><W69/><G69/><T128/><D128/><U25/><E74/><V33/><F33/><W91/><G37/><T19/><D100/><U94/><E59/><N who="2" m="35071" /><F121/><W53/><G123/><T130/><D130/><U9/><E9/><V120/><F120/><W49/><G131/><T102/><D102/><U65/><E135/><V51/><F51/><N who="1" m="19497" /><E65/><V3/><AGARI ba="1,0" hai="3,5,10,28,31,87,89,92" m="35071,43594" machi="3" ten="30,1100,0" yaku="15,1" doraHai="118" who="2" fromWho="2" sc="274,-6,128,-4,160,14,438,-4" />
</Scene>
<Scene>
<INIT seed="5,0,0,0,4,107" ten="268,124,174,434" oya="1" hai0="125,106,47,88,31,22,12,71,1,102,111,87,20" hai1="57,5,56,38,117,62,95,19,61,86,75,109,11" hai2="81,0,118,41,15,53,83,127,113,135,133,35,122" hai3="55,89,37,98,63,120,40,108,69,90,59,131,21"/><U123/><E123/><V68/><F0/><W46/><G120/><T42/><D125/><U36/><E117/><V64/><F35/><W70/><G108/><T60/><D1/><U80/><E19/><V17/><F122/><W99/><G131/><T128/><D128/><U50/><E109/><V23/><F118/><W93/><G21/><T115/><D115/><U8/><E95/><AGARI ba="0,0" hai="37,40,46,55,59,63,69,70,89,90,93,95,98,99" machi="95" ten="40,1300,0" yaku="9,1" doraHai="107" who="3" fromWho="1" sc="268,0,124,-13,174,0,434,13" />
</Scene>
<Scene>
<INIT seed="6,0,0,5,0,42" ten="268,111,174,447" oya="2" hai0="57,53,80,26,70,102,40,104,1,0,116,5,120" hai1="77,36,6,100,118,130,37,119,43,91,20,60,51" hai2="106,87,32,83,10,90,18,125,127,35,59,24,12" hai3="129,101,94,95,45,38,92,98,111,44,69,7,108"/><V27/><F106/><W103/><G69/><T2/><D70/><U79/><E100/><N who="3" m="38474" /><G38/><T132/><D120/><U65/><E6/><V75/><F75/><W56/><G129/><T22/><D5/><U71/><E91/><V76/><F76/><W62/><G7/><T85/><D116/><N who="1" m="44587" /><E20/><V78/><F78/><W3/><G3/><T52/><D132/><U48/><E77/><V93/><F83/><W82/><G82/><T30/><D57/><U61/><E79/><V19/><F59/><W134/><G134/><T73/><D73/><U105/><E105/><V16/><F35/><W54/><G108/><T68/><D68/><N who="1" m="42023" /><E130/><V64/><F64/><W34/><G111/><T49/><D85/><U117/><N who="1" m="44595" /><U89/><DORA hai="110" /><E89/><V9/><F32/><W123/><G123/><T58/><D80/><U124/><E124/><N who="2" m="47691" /><F10/><W21/><G34/><T107/><D102/><U63/><E71/><V113/><F27/><W15/><G98/><T99/><D99/><U14/><E14/><V86/><F24/><W131/><G131/><T88/><D88/><U23/><E23/><V31/><F31/><W112/><G21/><T133/><D133/><U115/><E36/><V126/><F87/><W17/><G15/><T29/><D29/><U72/><E72/><V66/><F66/><W25/><G25/><T121/><D121/><U84/><E84/><V109/><F109/><W67/><G67/><T41/><D104/><U28/><E28/><V50/><F126/><W122/><G122/><T81/><D107/><U135/><E135/><V114/><F50/><W39/><G39/><RYUUKYOKU ba="0,0" sc="268,-10,111,-10,174,30,447,-10" hai2="9,12,16,18,19,86,90,93,113,114" />
</Scene>
<Scene>
<INIT seed="6,1,0,5,1,17" ten="258,101,204,437" oya="2" hai0="126,120,34,32,105,64,121,101,29,21,129,135,10" hai1="85,89,107,106,125,0,52,123,90,51,46,88,15" hai2="20,112,70,38,102,45,117,31,39,86,116,115,63" hai3="82,30,132,83,134,37,44,108,9,53,41,16,49"/><V5/><F5/><W128/><G108/><T94/><D64/><U62/><E0/><V114/><F102/><W50/><G128/><T48/><D48/><U66/><E125/><V24/><F86/><W96/><G30/><T33/><D94/><U109/><E109/><V23/><F23/><W55/><G96/><T80/><D80/><N who="3" m="30761" /><G50/><T2/><D101/><U18/><E85/><V1/><F1/><W19/><G9/><T76/><D76/><U99/><E99/><V119/><REACH who="2" step="1"/><F45/><REACH who="2" ten="258,101,194,437" step="2"/><W103/><G103/><T13/><D105/><U69/><REACH who="1" step="1"/><E123/><REACH who="1" ten="258,91,194,437" step="2"/><V40/><F40/><W43/><G43/><T111/><D111/><U127/><E127/><V11/><F11/><AGARI ba="1,2" hai="11,15,18,46,51,52,62,66,69,88,89,90,106,107" machi="11" ten="40,8000,1" yaku="1,1,54,2,53,1" doraHai="17" doraHaiUra="7" who="1" fromWho="2" sc="258,0,91,103,194,-83,437,0" />
</Scene>
<Scene>
<INIT seed="7,0,0,4,3,75" ten="258,194,111,437" oya="3" hai0="45,126,62,92,72,84,71,110,67,36,104,128,6" hai1="38,0,56,111,22,37,10,31,89,40,5,119,28" hai2="85,24,51,99,102,117,35,1,21,69,124,46,130" hai3="4,50,11,77,63,135,57,133,109,91,13,108,132"/><W61/><G77/><T3/><D104/><U107/><E111/><N who="3" m="42570" /><G91/><T88/><D126/><U48/><E107/><V70/><F70/><W16/><G4/><T112/><D112/><U26/><E119/><V116/><F116/><W123/><BYE who="2" /><G123/><T8/><D110/><U131/><E131/><V94/><F94/><W134/><G134/><T9/><D128/><U74/><E74/><V14/><F14/><W52/><AGARI ba="0,0" hai="11,13,16,50,52,57,61,63,132,133,135" m="42570" machi="52" ten="40,12000,1" yaku="20,1,10,1,54,2" doraHai="75" who="3" fromWho="3" sc="258,-40,194,-40,111,-40,437,120" owari="218,2.0,154,-25.0,71,-43.0,557,66.0" />
</Scene>
</mjloggm>