<mjloggm ver="2.3"><GO type="193"/><UN n0="%E3%82%A2%E3%83%92%E3%83%AB" n1="%68%61%73%73%32%31" n2="%E5%A4%AA%E3%81%8F%E3%81%AA%E3%81%84%E3%81%8A" n3="%41%79%61%6B%61%7A%65" dan="13,11,6,12" rate="1744,1799,1641,1734" sx="M,M,M,M"/><TAIKYOKU oya="0"/>

<Scene>
<INIT seed="0,0,0,1,4,82" ten="250,250,250,250" oya="0" hai0="65,58,54,60,59,5,75,104,95,78,69,31,4" hai1="133,61,81,110,79,24,6,17,32,11,73,100,37" hai2="43,30,91,135,94,9,112,113,3,103,119,33,125" hai3="87,126,115,120,0,44,55,85,124,99,109,52,42"/><T77/><D104/><U88/><E37/><V96/><F135/><W10/><G115/><T63/><D31/><U2/><E133/><V39/><F125/><N who="3" m="48235" /><G120/><T34/><D34/><U20/><E110/><V67/><F119/><W70/><G70/><T8/><D95/><U132/><E100/><V107/><F67/><W53/><G109/><T22/><D22/><U38/><E38/><V106/><F43/><W128/><G128/><T18/><D75/><U21/><E61/><V86/><F39/><N who="3" m="21599" /><G99/><T117/><D117/><U72/><E132/><V134/><F134/><W26/><G26/><T90/><D69/><U23/><E32/><V47/><F47/><W116/><G116/><T19/><D90/><U7/><E7/><AGARI ba="0,0" hai="0,7,10,52,53,55,85,87" m="21599,48235" machi="7" ten="30,7700,0" yaku="18,1,52,2,54,1" doraHai="82" who="3" fromWho="1" sc="250,0,250,-77,250,0,250,77" />
</Scene>
<Scene>
<INIT seed="1,0,0,3,3,72" ten="250,173,250,327" oya="1" hai0="24,90,54,35,66,58,19,99,74,52,42,79,2" hai1="31,131,37,36,124,14,80,4,101,112,49,7,20" hai2="76,64,127,107,102,12,117,0,88,26,41,25,8" hai3="100,29,70,22,133,40,113,130,91,55,50,75,95"/><U48/><E112/><V86/><F117/><W116/><G70/><T125/><D125/><U18/><E131/><V28/><F127/><W115/><G75/><T97/><D2/><U104/><E124/><V46/><F0/><W38/><G116/><T9/><D42/><U47/><E104/><V53/><F64/><W61/><G100/><T134/><D134/><U123/><E101/><V122/><F122/><W27/><G133/><T85/><D66/><U5/><E123/><V11/><F53/><W89/><G61/><T96/><D35/><U73/><E31/><V65/><F65/><W32/><G32/><T39/><D39/><U126/><E126/><V62/><F62/><W71/><G71/><T84/><D74/><U109/><E109/><V16/><F76/><W83/><G40/><T135/><D135/><U105/><E105/><V111/><F111/><W106/><G106/><T87/><D79/><U93/><E93/><N who="2" m="54423" /><F107/><W119/><G38/><T132/><D132/><U114/><E114/><V60/><F60/><W15/><G119/><T103/><D103/><U110/><E110/><V121/><F121/><W33/><G33/><T23/><D9/><N who="2" m="3658" /><F28/><W57/><G130/><T78/><D78/><U92/><E92/><V51/><F102/><W81/><G115/><T77/><D77/><U17/><E17/><V118/><F118/><W59/><G113/><T98/><D58/><U68/><E68/><V120/><F120/><W34/><G59/><T56/><D56/><U43/><E36/><V67/><F67/><W108/><G34/><T1/><D1/><U94/><E94/><AGARI ba="0,0" hai="19,23,24,52,54,84,85,87,90,94,96,97,98,99" machi="94" ten="40,5200,0" yaku="6,1,8,1,54,1" doraHai="72" who="0" fromWho="1" sc="250,52,173,-52,250,0,327,0" />
</Scene>
<Scene>
<INIT seed="2,0,0,1,1,53" ten="302,121,250,327" oya="2" hai0="101,40,14,99,120,21,33,56,2,98,37,100,89" hai1="82,122,46,30,23,107,80,47,9,34,20,64,61" hai2="39,38,74,3,92,65,31,17,55,93,29,69,96" hai3="78,22,87,16,49,113,133,25,4,131,97,86,102"/><V135/><F74/><W28/><G133/><T8/><D33/><U7/><E107/><V66/><F3/><W35/><G131/><T121/><D2/><U104/><E122/><V1/><F1/><W91/><G4/><T63/><D37/><U41/><E104/><V77/><F77/><W32/><G113/><T118/><D40/><U6/><E34/><V110/><F135/><W132/><G78/><T12/><D118/><U85/><E30/><V119/><F119/><W11/><G86/><T59/><D21/><U123/><E123/><V44/><F110/><W106/><G132/><T115/><D115/><U126/><E126/><V52/><F17/><W62/><G11/><T79/><D79/><U71/><E80/><V105/><F105/><W127/><G28/><N who="2" m="10825" /><F69/><W51/><G35/><T83/><D121/><U90/><E7/><V19/><F19/><W24/><G24/><T26/><D26/><U57/><E47/><V124/><F124/><W15/><G25/><T67/><D120/><U18/><E18/><V129/><F129/><W81/><G32/><T117/><D117/><U111/><E71/><V50/><F55/><W48/><G127/><T125/><D125/><U88/><E90/><N who="2" m="55319" /><F93/><W60/><AGARI ba="0,0" hai="15,16,22,48,49,51,60,62,81,87,91,97,102,106" machi="60" ten="30,2000,0" yaku="0,1,54,1" doraHai="53" who="3" fromWho="3" sc="302,-5,121,-5,250,-10,327,20" />
</Scene>
<Scene>
<INIT seed="3,0,0,3,1,114" ten="297,116,240,347" oya="3" hai0="108,130,96,70,119,31,14,98,29,132,88,33,46" hai1="86,23,67,81,131,116,7,133,44,8,94,25,112" hai2="105,15,47,18,66,102,20,71,24,69,52,9,90" hai3="49,91,17,56,63,123,62,38,95,30,10,110,65"/><W127/><G38/><T101/><D70/><U107/><E116/><V82/><F66/><W85/><G123/><T113/><D119/><U5/><E112/><V32/><F32/><W55/><G127/><T59/><D113/><U28/><E107/><V3/><F3/><W45/><G110/><T76/><D108/><U16/><E133/><V126/><F126/><W93/><G30/><T42/><D76/><U43/><E131/><V118/><F118/><W61/><G93/><N who="0" m="58511" /><D130/><U103/><E67/><V99/><F82/><W73/><G73/><T53/><D33/><U115/><E115/><V40/><F90/><W77/><G77/><T0/><D0/><U35/><E8/><V39/><REACH who="2" step="1"/><F52/><REACH who="2" ten="297,116,230,347" step="2"/><W6/><G17/><AGARI ba="0,1" hai="9,15,17,18,20,24,39,40,47,69,71,99,102,105" machi="17" ten="30,3900,0" yaku="1,1,2,1,7,1,53,0" doraHai="114" doraHaiUra="57" who="2" fromWho="3" sc="297,0,116,0,230,49,347,-39" owari="297,10.0,116,-38.0,279,-12.0,308,40.0" />
</Scene>
</mjloggm>