<mjloggm ver="2.3"><GO type="169" lobby="0"/><UN n0="%6B%65%72%6F%62%6F%75" n1="%E5%A4%AA%E3%81%8F%E3%81%AA%E3%81%84%E3%81%8A" n2="%E3%83%A4%E3%82%AD%E3%83%B3" n3="%E3%83%88%E3%82%B7%E3%83%95%E3%83%BC%E3%83%8B" dan="16,18,17,17" rate="2064.60,2240.87,2215.14,2112.43" sx="M,F,M,M"/><TAIKYOKU oya="0"/>

<Scene>
<INIT seed="0,0,0,3,4,129" ten="250,250,250,250" oya="0" hai0="78,123,102,114,127,116,81,110,107,64,87,59,119" hai1="98,99,32,66,118,112,17,8,80,90,48,79,1" hai2="97,100,15,103,52,38,53,89,58,120,18,39,46" hai3="108,124,84,73,20,2,68,111,6,86,131,76,85"/><T36/><D36/><U26/><E118/><V23/><F120/><W133/><G131/><T67/><D123/><U30/><E112/><V77/><F77/><W96/><G68/><T47/><D114/><U25/><E66/><V75/><F75/><W126/><G6/><T125/><D47/><U57/><E90/><V42/><F39/><W69/><G2/><T93/><D107/><U11/><E11/><V109/><F109/><N who="3" m="42059" /><G69/><T5/><D5/><U7/><E48/><V45/><F45/><W13/><G13/><T49/><D110/><U22/><REACH who="1" step="1"/><E57/><REACH who="1" ten="250,240,250,250" step="2"/><V34/><F89/><W106/><G76/><N who="0" m="46503" /><D59/><U51/><E51/><V117/><F117/><W19/><G126/><T72/><D49/><U122/><E122/><V40/><F58/><W113/><G124/><T4/><D78/><U21/><E21/><V62/><F23/><W121/><G113/><T74/><D64/><U88/><E88/><V105/><F38/><W31/><G121/><T70/><D67/><U35/><E35/><V94/><F34/><W27/><G31/><T101/><D119/><U16/><E16/><V55/><F62/><W0/><G20/><T29/><D116/><U83/><E83/><V9/><F46/><W44/><G19/><T135/><D127/><U95/><E95/><V128/><F128/><W41/><G44/><T28/><D93/><U56/><E56/><V130/><F130/><W132/><G106/><T12/><D125/><U91/><E91/><N who="2" m="55519" /><F105/><W61/><G61/><T10/><D10/><U63/><E63/><V60/><F60/><W92/><G92/><T65/><D65/><RYUUKYOKU ba="0,1" sc="250,-15,240,15,250,15,250,-15" hai1="1,7,8,17,22,25,26,30,32,79,80,98,99" hai2="9,15,18,40,42,52,53,55,100,103" />
</Scene>
<Scene>
<INIT seed="1,1,1,5,2,69" ten="235,255,265,235" oya="1" hai0="64,84,54,102,3,10,34,109,68,66,123,125,116" hai1="32,13,134,39,72,35,14,18,57,82,133,7,135" hai2="38,85,83,70,29,127,28,97,51,73,120,26,63" hai3="19,4,48,27,93,115,108,104,128,95,80,91,65"/><U49/><E7/><V55/><F120/><W33/><G104/><T5/><D116/><U60/><E49/><V11/><F73/><W76/><G115/><T101/><D123/><U81/><E39/><V40/><F127/><W98/><G128/><T30/><D125/><U99/><E99/><V88/><F11/><W86/><G108/><T9/><D109/><U112/><E112/><V44/><F97/><W41/><G65/><T122/><D10/><N who="1" m="6455" /><E14/><V62/><F70/><W12/><G4/><T74/><D74/><U107/><E107/><V37/><F28/><W22/><G33/><N who="1" m="12874" /><E72/><V90/><F90/><W31/><G93/><T16/><D122/><U96/><E96/><V2/><F2/><W105/><G105/><T67/><D68/><U114/><E114/><V92/><F92/><W21/><G48/><T126/><D126/><U75/><E75/><V47/><REACH who="2" step="1"/><F38/><REACH who="2" ten="235,255,255,235" step="2"/><W79/><REACH who="3" step="1"/><G41/><REACH who="3" ten="235,255,255,225" step="2"/><T23/><D66/><AGARI ba="1,3" hai="57,60,66,81,82,133,134,135" m="12874,6455" machi="66" ten="40,2000,0" yaku="20,1" doraHai="69" who="1" fromWho="0" sc="235,-23,255,53,255,0,225,0" />
</Scene>
<Scene>
<INIT seed="1,2,0,0,3,62" ten="212,308,255,225" oya="1" hai0="94,44,69,53,92,120,111,98,99,130,59,70,89" hai1="90,73,126,19,71,135,15,110,114,2,88,52,87" hai2="36,42,102,107,81,8,46,12,21,32,22,58,78" hai3="122,11,28,50,1,55,18,54,3,39,79,48,74"/><U100/><E114/><V119/><F119/><W35/><G39/><T109/><D120/><U30/><E73/><V23/><F32/><W84/><G74/><T68/><D130/><U95/><E2/><V56/><F102/><W101/><G101/><T113/><D44/><U104/><E71/><V5/><REACH who="2" step="1"/><F107/><REACH who="2" ten="212,308,245,225" step="2"/><W131/><G35/><T105/><D113/><U80/><E100/><V121/><F121/><W26/><G122/><T7/><D105/><U75/><E104/><V103/><F103/><W20/><G131/><T127/><D127/><U97/><E126/><V115/><F115/><W106/><G106/><T40/><D109/><U112/><E112/><V85/><AGARI ba="2,1" hai="5,8,12,21,22,23,36,42,46,56,58,78,81,85" machi="85" ten="30,4000,0" yaku="1,1,0,1,53,1" doraHai="62" doraHaiUra="10" who="2" fromWho="2" sc="212,-12,308,-22,245,56,225,-12" />
</Scene>
<Scene>
<INIT seed="2,0,0,5,4,117" ten="200,286,301,213" oya="2" hai0="115,66,114,25,32,17,88,83,53,135,130,41,60" hai1="56,46,34,126,36,8,61,112,26,50,27,125,122" hai2="11,65,2,78,74,67,121,4,132,100,58,40,12" hai3="51,19,59,107,103,131,124,31,104,84,120,80,28"/><V29/><F100/><W87/><G124/><N who="1" m="47722" /><E112/><V68/><F68/><W72/><G72/><T30/><D41/><N who="1" m="22823" /><E34/><V20/><F40/><W64/><G64/><T0/><D0/><U49/><E8/><V70/><F70/><W45/><G59/><T106/><D106/><U101/><E101/><V92/><F58/><W22/><G131/><T116/><D116/><U55/><E122/><V13/><F121/><W39/><G39/><T134/><D130/><U42/><E42/><V69/><F69/><W105/><G103/><T52/><D17/><U127/><E127/><V44/><F29/><W89/><G87/><N who="0" m="50303" /><D114/><U1/><E1/><V98/><F2/><W90/><G90/><T129/><D115/><U5/><E5/><V93/><F4/><W97/><G97/><T7/><D129/><U3/><E3/><V81/><F98/><W110/><G110/><T118/><D7/><U133/><E133/><N who="0" m="50697" /><D118/><U47/><E47/><V21/><F44/><W24/><REACH who="3" step="1"/><G120/><REACH who="3" ten="200,286,301,203" step="2"/><T113/><D113/><U111/><E111/><V63/><F132/><W91/><G91/><T102/><D102/><U35/><E56/><AGARI ba="0,1" hai="25,30,32,52,53,56,60,66" m="50697,50303" machi="56" ten="30,3900,0" yaku="20,1,54,2" doraHai="117" who="0" fromWho="1" sc="200,49,286,-39,301,0,203,0" />
</Scene>
<Scene>
<INIT seed="3,0,0,3,5,40" ten="249,247,301,203" oya="3" hai0="76,56,106,55,78,104,85,109,121,111,57,116,130" hai1="108,36,12,93,80,65,126,35,20,101,8,124,60" hai2="33,103,29,128,89,115,31,69,38,74,9,86,88" hai3="81,22,19,90,43,118,71,135,50,45,122,27,129"/><W119/><G71/><T2/><D2/><U48/><E35/><V41/><F115/><W62/><G122/><T87/><D121/><U15/><E36/><V64/><F74/><W0/><G0/><T46/><D55/><U52/><E108/><N who="0" m="41545" /><D116/><U131/><E131/><V17/><F103/><W28/><G129/><T67/><D130/><U49/><E80/><V3/><F128/><W114/><G114/><T92/><D92/><U102/><E20/><V66/><F33/><W58/><G135/><T97/><D97/><U75/><E75/><V120/><F120/><W68/><G68/><T47/><D67/><U132/><E132/><V96/><F96/><W134/><G134/><T95/><D95/><U34/><E93/><V42/><F66/><W91/><G28/><T100/><D100/><U16/><E65/><V6/><F64/><N who="3" m="38999" /><G119/><T59/><D85/><U113/><E113/><V127/><F86/><N who="3" m="50511" /><G118/><T72/><D87/><U51/><E101/><V25/><F69/><W77/><G91/><T5/><D5/><U98/><E102/><V1/><F6/><W107/><G107/><N who="0" m="41003" /><D72/><U10/><E98/><V99/><F99/><W24/><G77/><AGARI ba="0,0" hai="46,47,56,57,59,76,77,78" m="41003,41545" machi="77" ten="40,8000,1" yaku="28,2,14,1,52,2" doraHai="40" who="0" fromWho="3" sc="249,80,247,0,301,0,203,-80" />
</Scene>
<Scene>
<INIT seed="4,0,0,1,4,4" ten="329,247,301,123" oya="0" hai0="20,19,48,135,128,126,40,87,76,41,13,47,130" hai1="90,77,53,1,26,62,31,129,46,111,98,110,71" hai2="84,32,68,79,52,81,39,72,114,30,107,89,50" hai3="2,12,93,16,58,44,28,51,94,83,112,24,9"/><T102/><D102/><U0/><E77/><V33/><F39/><W119/><G119/><T95/><D126/><U123/><E123/><V49/><F68/><W10/><G112/><T56/><D135/><U7/><E129/><V6/><F114/><W69/><G69/><T85/><D56/><U36/><E90/><V109/><F109/><W100/><G83/><T117/><D117/><U27/><E98/><V66/><F66/><W101/><G58/><T18/><D128/><U105/><E105/><V63/><F63/><W60/><G60/><T133/><D130/><U3/><E7/><V120/><F120/><W125/><G125/><T35/><D35/><N who="1" m="20983" /><E27/><V15/><F50/><W37/><G37/><T75/><D75/><U17/><E17/><V124/><F30/><W78/><G78/><T29/><D29/><U108/><E53/><V122/><F122/><W116/><G116/><T59/><D133/><U91/><E91/><V64/><F107/><W8/><G2/><T61/><D40/><N who="1" m="22791" /><E1/><V14/><F6/><W132/><G132/><T23/><D95/><N who="3" m="36361" /><G24/><N who="0" m="14367" /><D76/><U25/><E25/><V80/><F124/><W22/><G28/><T92/><D92/><U131/><E131/><V121/><F121/><W134/><G134/><T96/><D96/><U45/><E45/><N who="2" m="27695" /><F33/><W57/><G57/><T127/><D127/><U99/><E99/><V106/><F32/><W65/><G65/><AGARI ba="0,0" hai="13,18,23,41,47,48,59,61,65,85,87" m="14367" machi="65" ten="30,1500,0" yaku="8,1" doraHai="4" who="0" fromWho="3" sc="329,15,247,0,301,0,123,-15" /><AGARI ba="0,0" hai="0,3,62,65,71,108,110,111" m="22791,20983" machi="65" ten="30,1000,0" yaku="23,1" doraHai="4" who="1" fromWho="3" sc="344,0,247,10,301,0,108,-10" />
</Scene>
<Scene>
<INIT seed="4,1,0,2,5,35" ten="344,257,301,98" oya="0" hai0="122,9,2,49,61,131,117,71,40,17,113,67,118" hai1="108,66,125,29,114,39,76,4,135,102,74,56,85" hai2="119,25,1,28,15,99,89,27,43,41,42,92,23" hai3="34,86,109,101,96,7,129,8,82,104,5,70,38"/><T91/><D122/><U33/><E108/><V6/><F119/><W18/><G109/><T87/><D131/><U32/><E39/><V62/><F62/><W75/><G129/><T30/><D30/><U115/><E74/><V58/><F58/><W59/><G70/><T90/><D113/><N who="1" m="43019" /><E29/><V0/><F6/><W47/><G34/><T121/><D121/><U10/><E102/><V54/><F54/><W126/><G126/><T45/><D91/><U77/><E135/><V106/><F15/><W128/><G128/><T107/><D107/><U93/><E125/><V31/><REACH who="2" step="1"/><F106/><REACH who="2" ten="344,257,291,98" step="2"/><W51/><G59/><T24/><D117/><U127/><E127/><V21/><AGARI ba="1,1" hai="0,1,21,23,25,27,28,31,41,42,43,89,92,99" machi="21" ten="30,12000,2" yaku="1,1,2,1,0,1,9,1,52,2,53,0" doraHai="35" doraHaiUra="103" who="2" fromWho="2" sc="344,-61,257,-31,291,133,98,-31" />
</Scene>
<Scene>
<INIT seed="5,0,0,4,1,81" ten="283,226,424,67" oya="1" hai0="16,126,6,8,128,119,36,68,102,114,96,115,83" hai1="56,93,99,129,19,66,7,41,90,29,52,70,108" hai2="64,37,110,101,50,40,117,60,105,78,62,30,109" hai3="49,103,2,107,5,113,135,11,82,39,75,32,71"/><U67/><E70/><V12/><F117/><W4/><G113/><N who="0" m="43019" /><D119/><U97/><E129/><V15/><F37/><W38/><G135/><T25/><D36/><U20/><E108/><V111/><F78/><W13/><G49/><T3/><D128/><U55/><E29/><V48/><F30/><W76/><G13/><T35/><D68/><U87/><E41/><V59/><F101/><W21/><G21/><N who="0" m="13479" /><D35/><U45/><E7/><V26/><F105/><W17/><G17/><T79/><D126/><U94/><E45/><V18/><F26/><W10/><G32/><T34/><D34/><U24/><E97/><V57/><F40/><W22/><G22/><T73/><D96/><U85/><E55/><V121/><F121/><W42/><G42/><T80/><D80/><U88/><E99/><V77/><F109/><W44/><G44/><T92/><D92/><U51/><AGARI ba="0,0" hai="19,20,24,51,52,56,66,67,85,87,88,90,93,94" machi="51" ten="20,24000,3" yaku="0,1,7,1,9,1,8,1,52,2,54,2" doraHai="81" who="1" fromWho="1" sc="283,-80,226,240,424,-80,67,-80" owari="203,-20.0,466,57.0,344,14.0,-13,-51.0" />
</Scene>
</mjloggm>