<mjloggm ver="2.3"><GO type="169" lobby="0"/><UN n0="%E3%81%AA%E3%81%BE%E3%81%AF%E3%81%92%E3%83%AA%E3%83%BC%E3%83%81%E2%98%86" n1="%EF%BC%AF%EF%BC%BA" n2="%E5%A4%AA%E3%81%8F%E3%81%AA%E3%81%84%E3%81%8A" n3="%EF%BC%BC%28%EF%BC%BE%6F%EF%BC%BE%29%EF%BC%8F%E2%98%85" dan="17,17,17,18" rate="2177,2147,2175,2190" sx="M,F,M,M"/><TAIKYOKU oya="0"/>

<Scene>
<INIT seed="0,0,0,0,0,133" ten="250,250,250,250" oya="0" hai0="20,82,62,114,88,135,98,52,112,3,126,77,132" hai1="23,37,46,75,28,34,65,15,9,102,108,10,125" hai2="45,101,129,8,85,105,0,31,55,70,115,91,33" hai3="51,119,67,44,39,87,123,12,86,24,64,120,96"/><T121/><D121/><N who="3" m="46665" /><G39/><T80/><D3/><U97/><E75/><V113/><F70/><W116/><G12/><T68/><D20/><U83/><E34/><V107/><F129/><W104/><G24/><T43/><D43/><U134/><E134/><N who="0" m="51241" /><D68/><U69/><E108/><V66/><F66/><N who="3" m="25131" /><G96/><T27/><D27/><U1/><E65/><V49/><F33/><W17/><G17/><T11/><D11/><U81/><E69/><V53/><F31/><W110/><G104/><T106/><D126/><U41/><E1/><V84/><F0/><W128/><G110/><T63/><D106/><U79/><E125/><V57/><F8/><W103/><G128/><T60/><D52/><U22/><E28/><V124/><F124/><W54/><G103/><T56/><D56/><U19/><E9/><V6/><F105/><W58/><G58/><T76/><D98/><U36/><E36/><V92/><F107/><W18/><G18/><T7/><D7/><U29/><E29/><V14/><F6/><W42/><G54/><T130/><D130/><U72/><E10/><V30/><F14/><W5/><G5/><T90/><D114/><U48/><E37/><V122/><F30/><W38/><G38/><T78/><D112/><U118/><E15/><V2/><F2/><W111/><G111/><T16/><D16/><U127/><E127/><V73/><F122/><W47/><G47/><T71/><D71/><U94/><E19/><V21/><F115/><W99/><G99/><T117/><D117/><AGARI ba="0,0" hai="42,44,51,86,87,116,117,119" m="25131,46665" machi="117" ten="30,1000,0" yaku="13,1" doraHai="133" who="3" fromWho="0" sc="250,-10,250,0,250,0,250,10" />
</Scene>
<Scene>
<INIT seed="1,0,0,3,0,80" ten="240,250,250,260" oya="1" hai0="60,61,39,99,59,116,127,76,96,42,65,8,23" hai1="102,115,63,107,29,110,85,49,120,13,113,15,71" hai2="3,124,103,73,36,32,109,33,25,119,64,105,97" hai3="43,46,41,122,118,1,128,104,50,87,69,56,78"/><U35/><E120/><V90/><F119/><W121/><G104/><T74/><D116/><U47/><E110/><V28/><F36/><W11/><G118/><T77/><D127/><U134/><E134/><V27/><F3/><W26/><G69/><T14/><D23/><U57/><E115/><V12/><F73/><W48/><G128/><T68/><D42/><U79/><E113/><V22/><F124/><W4/><G26/><T89/><D39/><U111/><E111/><V37/><F37/><W129/><G129/><T86/><D74/><U81/><E71/><V135/><F109/><W82/><REACH who="3" step="1"/><G56/><REACH who="3" ten="240,250,250,250" step="2"/><T112/><D112/><U131/><E131/><V16/><F135/><W62/><G62/><T20/><D61/><U123/><E123/><V117/><F117/><W88/><G88/><T24/><D68/><U6/><E107/><V5/><F90/><W2/><G2/><T125/><D125/><U34/><E102/><V126/><F126/><W31/><G31/><N who="0" m="17799" /><D76/><U70/><E70/><V93/><F105/><W94/><G94/><N who="0" m="54583" /><D77/><U114/><E114/><V91/><F103/><W30/><G30/><T83/><D83/><U45/><E29/><V101/><F101/><W9/><G9/><T75/><D75/><U40/><E34/><V7/><F32/><W54/><G54/><T67/><D67/><U58/><E35/><N who="2" m="20879" /><F64/><W98/><G98/><T130/><D130/><U72/><E72/><V52/><F52/><W132/><G132/><T44/><D99/><U133/><E133/><V19/><F33/><W95/><G95/><T21/><D96/><U17/><E63/><RYUUKYOKU ba="0,1" sc="240,-15,250,-15,250,15,250,15" hai2="5,7,12,16,19,22,27,91,93,97" hai3="1,4,11,41,43,46,48,50,78,82,87,121,122" />
</Scene>
<Scene>
<INIT seed="2,1,1,0,1,5" ten="225,235,265,265" oya="2" hai0="1,88,115,108,117,96,36,7,135,60,133,54,134" hai1="121,38,62,40,53,101,72,71,67,50,86,87,85" hai2="126,91,111,29,109,39,105,80,34,22,70,98,124" hai3="30,127,66,132,69,125,6,118,37,123,61,75,90"/><V83/><F34/><W74/><G118/><T17/><D115/><U8/><E72/><V16/><F39/><W35/><G123/><T25/><D36/><U55/><E121/><V45/><F70/><W27/><G37/><T73/><D73/><U57/><E101/><N who="2" m="62647" /><F29/><W49/><G132/><T15/><D117/><U99/><E99/><V19/><F45/><W20/><G90/><T77/><D77/><U24/><E24/><N who="2" m="14407" /><F19/><W114/><G114/><T65/><D25/><U51/><E51/><V97/><F80/><W131/><G6/><T122/><D122/><U128/><E55/><V44/><F44/><W102/><G20/><N who="0" m="11327" /><D54/><U9/><E128/><V42/><F42/><W43/><G43/><T21/><D21/><U107/><E107/><V32/><F32/><W26/><G26/><T113/><D113/><U13/><E13/><V56/><F56/><W100/><G27/><T3/><D7/><U112/><E112/><V81/><F81/><W11/><G30/><T93/><D3/><U84/><E85/><N who="2" m="50623" /><F97/><W92/><G35/><T129/><D1/><U119/><E119/><V2/><F2/><W120/><G120/><T14/><D14/><U95/><E95/><V23/><F23/><W76/><G92/><T106/><D106/><U4/><E4/><V104/><F104/><W10/><G75/><T82/><D82/><U48/><E48/><V130/><F130/><W78/><G49/><T47/><D129/><U0/><E0/><V64/><F64/><W12/><G131/><T79/><D47/><AGARI ba="1,1" hai="8,9,38,40,47,50,53,57,62,67,71,84,86,87" machi="47" ten="40,8000,1" yaku="24,2,52,2" doraHai="5" who="1" fromWho="0" sc="225,-83,235,93,265,0,265,0" />
</Scene>
<Scene>
<INIT seed="3,0,0,3,4,36" ten="142,328,265,265" oya="3" hai0="16,111,88,57,42,35,127,134,106,100,91,84,50" hai1="89,3,61,120,13,99,119,121,98,97,129,49,9" hai2="76,109,132,104,58,125,128,81,20,17,21,83,60" hai3="27,101,107,37,69,53,39,30,19,86,62,40,38"/><W70/><G19/><T54/><D35/><U44/><E3/><V23/><F104/><W7/><G7/><T56/><D134/><U124/><E129/><V133/><F128/><W79/><G53/><N who="0" m="31799" /><D106/><U116/><E124/><V131/><F131/><W6/><G6/><T80/><D127/><U94/><E61/><V122/><F125/><W45/><G86/><N who="0" m="50247" /><D111/><U4/><E120/><V75/><F109/><W96/><G79/><T26/><D100/><U93/><E121/><V48/><F122/><W130/><G130/><T77/><D77/><U24/><E24/><N who="2" m="14351" /><F48/><W85/><G85/><T34/><D34/><U67/><E67/><N who="2" m="39319" /><F83/><W123/><G123/><T108/><D108/><U102/><REACH who="1" step="1"/><E98/><REACH who="1" ten="142,318,265,265" step="2"/><V33/><F133/><W5/><G70/><T15/><D26/><U103/><E103/><V14/><F132/><W22/><G69/><T8/><D42/><AGARI ba="0,1" hai="4,9,13,42,44,49,89,93,94,97,99,102,116,119" machi="42" ten="40,2600,0" yaku="1,1,52,1,53,0" doraHai="36" doraHaiUra="68" who="1" fromWho="0" sc="142,-26,318,36,265,0,265,0" />
</Scene>
<Scene>
<INIT seed="4,0,0,5,4,27" ten="116,354,265,265" oya="0" hai0="30,47,8,95,20,56,83,34,80,77,102,106,69" hai1="124,121,111,87,45,109,57,4,55,74,79,5,25" hai2="24,6,73,7,22,91,78,33,11,81,15,46,38" hai3="120,31,58,54,103,84,1,9,70,116,16,35,88"/><T122/><D122/><U60/><E74/><V76/><F33/><W3/><G70/><T123/><D123/><U71/><E121/><V64/><F76/><W29/><G120/><T21/><D69/><U66/><E124/><V132/><F132/><W49/><G116/><T117/><D106/><U96/><E96/><V23/><F64/><W93/><G35/><T75/><D117/><U86/><E45/><V134/><F134/><W10/><G103/><T36/><D56/><U113/><E25/><V12/><F91/><W53/><G3/><T0/><D83/><U63/><E113/><V65/><F65/><W40/><G40/><N who="0" m="22919" /><D34/><U67/><E67/><V28/><F23/><W14/><G1/><T42/><D42/><U44/><E44/><V100/><F100/><W104/><G104/><T133/><D133/><U13/><E87/><V89/><F89/><W126/><G126/><T114/><D114/><U17/><E111/><V98/><F98/><W52/><G10/><T94/><D30/><AGARI ba="0,0" hai="9,14,16,29,30,31,49,52,53,54,58,84,88,93" machi="30" ten="40,12000,2" yaku="8,1,52,3,54,3" doraHai="27" who="3" fromWho="0" sc="116,-120,354,0,265,0,265,120" owari="-4,-50.0,354,15.0,265,-13.0,385,48.0" />
</Scene>
</mjloggm>