<mjloggm ver="2.3"><GO type="169"/><UN n0="%E5%A4%AA%E3%81%8F%E3%81%AA%E3%81%84%E3%81%8A" n1="%E6%A3%92%E8%A7%92" n2="%74%6F%6D%6F%79%75" n3="%4C%49%47%48%54%53" dan="18,16,16,16" rate="2168,2055,2081,2086" sx="M,M,M,M"/><TAIKYOKU oya="0"/>

<Scene>
<INIT seed="0,0,0,5,1,109" ten="250,250,250,250" oya="0" hai0="2,81,133,5,120,38,19,74,64,10,79,75,91" hai1="92,21,135,88,63,70,43,53,99,0,40,50,15" hai2="67,20,102,94,113,12,71,110,97,96,47,4,45" hai3="122,107,126,25,24,62,128,14,26,58,104,80,117"/><T8/><D120/><U87/><E0/><V78/><F110/><W22/><G117/><T89/><D133/><U105/><E135/><V69/><F78/><W86/><G122/><T100/><D75/><U36/><E36/><V106/><F113/><W30/><G126/><T18/><D100/><U65/><E105/><V76/><F76/><W61/><G128/><T112/><D112/><U9/><E99/><V54/><F67/><W34/><G14/><T51/><D64/><U103/><E21/><V134/><F134/><W66/><G62/><T68/><D68/><U11/><E11/><V118/><F118/><W115/><G26/><T121/><D121/><U6/><REACH who="1" step="1"/><E103/><REACH who="1" ten="250,240,250,250" step="2"/><V49/><F20/><W48/><G115/><T46/><D38/><U33/><E33/><V31/><F96/><W114/><G114/><T119/><D119/><U83/><E83/><V84/><F106/><W3/><G3/><T37/><D37/><U129/><E129/><V7/><F97/><W125/><G125/><T16/><REACH who="0" step="1"/><D10/><REACH who="0" ten="240,240,250,250" step="2"/><U98/><E98/><V57/><F102/><W124/><G124/><T42/><AGARI ba="0,2" hai="2,5,8,16,18,19,42,46,51,74,79,81,89,91" machi="42" ten="30,12000,1" yaku="1,1,2,1,0,1,54,1,53,1" doraHai="109" doraHaiUra="73" who="0" fromWho="0" sc="240,140,240,-40,250,-40,250,-40" />
</Scene>
<Scene>
<INIT seed="0,1,0,0,4,66" ten="380,200,210,210" oya="0" hai0="85,89,133,123,34,82,45,1,18,86,106,68,127" hai1="58,95,8,47,41,50,131,93,113,115,117,104,4" hai2="134,74,14,67,130,84,101,91,118,75,3,30,32" hai3="112,111,79,132,87,77,52,73,55,105,96,99,36"/><T125/><D123/><U92/><E117/><V44/><F3/><W46/><G112/><T54/><D1/><U25/><E104/><V40/><F118/><W71/><G73/><T109/><D34/><U53/><E131/><V57/><F130/><W10/><G105/><T11/><D106/><U120/><E120/><V60/><F101/><W42/><G132/><T56/><D133/><U124/><E124/><V33/><F134/><W116/><G116/><T121/><D121/><U12/><REACH who="1" step="1"/><E25/><REACH who="1" ten="380,190,210,210" step="2"/><V69/><F14/><W76/><G111/><T128/><D128/><U13/><E13/><V107/><F107/><W119/><G119/><T23/><D109/><U126/><E126/><V98/><F75/><W31/><G10/><T83/><D11/><U6/><E6/><V61/><F74/><W102/><G102/><T65/><D125/><U48/><AGARI ba="1,1" hai="4,8,12,41,47,48,50,53,58,92,93,95,113,115" machi="48" ten="30,2000,0" yaku="1,1,0,1,53,0" doraHai="66" doraHaiUra="114" who="1" fromWho="1" sc="380,-11,190,33,210,-6,210,-6" />
</Scene>
<Scene>
<INIT seed="1,0,0,3,2,115" ten="369,223,204,204" oya="1" hai0="42,10,57,15,104,80,77,13,61,131,59,135,27" hai1="28,4,112,30,129,68,133,94,12,33,21,113,83" hai2="109,32,76,5,72,20,22,99,122,95,134,88,101" hai3="121,75,46,63,45,82,48,62,96,40,71,130,110"/><U67/><E83/><V86/><F122/><W41/><G96/><T70/><D104/><U117/><E94/><V87/><F32/><W29/><G29/><N who="1" m="11370" /><E67/><V120/><F120/><W89/><G89/><T103/><D103/><U126/><E68/><V8/><F134/><W58/><G82/><T14/><D135/><U1/><E133/><V44/><F109/><W64/><G75/><T2/><D42/><U118/><E33/><V91/><F44/><W52/><G121/><T74/><D70/><U55/><E55/><V107/><F91/><W105/><G105/><T51/><D80/><U92/><E92/><V19/><F86/><W54/><G110/><T100/><D74/><U24/><E1/><V6/><F76/><W60/><G130/><T38/><D131/><U7/><E126/><V11/><F72/><W34/><G34/><T127/><D2/><U53/><E53/><N who="3" m="20586" /><G71/><T26/><D127/><U73/><E73/><V84/><F84/><W123/><G123/><T106/><D77/><U9/><E7/><V56/><F5/><W17/><G17/><T81/><D81/><U43/><E43/><V31/><F19/><W108/><G108/><T97/><D97/><U116/><E129/><V50/><F6/><W125/><G125/><T3/><D106/><U128/><E128/><V79/><F79/><W90/><G90/><T119/><D3/><U69/><E69/><V111/><F111/><W124/><G124/><T39/><D100/><U49/><E49/><AGARI ba="0,0" hai="40,41,45,46,48,49,58,60,62,63,64" m="20586" machi="49" ten="30,12000,2" yaku="8,1,35,5,54,1" doraHai="115" who="3" fromWho="1" sc="369,0,223,-120,204,0,204,120" />
</Scene>
<Scene>
<INIT seed="2,0,0,4,0,134" ten="369,103,204,324" oya="2" hai0="119,121,76,114,100,96,54,120,34,19,71,64,84" hai1="128,81,65,27,63,36,58,0,46,99,75,3,123" hai2="83,61,44,26,77,30,68,125,12,91,124,15,79" hai3="40,32,111,95,110,106,31,92,25,93,78,113,127"/><V98/><F44/><W49/><G106/><T6/><D114/><U5/><E123/><V132/><F132/><W82/><G113/><T133/><D34/><U51/><E128/><V94/><F68/><W38/><G38/><T103/><D6/><U101/><E36/><V129/><F61/><W37/><G37/><T115/><D115/><U66/><E66/><V109/><F129/><W11/><G11/><T67/><D133/><U9/><E27/><V35/><F109/><N who="3" m="41483" /><G49/><T47/><D119/><U45/><E3/><V90/><F90/><W105/><G105/><T107/><D100/><U2/><E2/><V22/><F79/><W1/><G1/><T23/><D76/><U87/><E75/><V4/><F4/><W21/><G40/><T57/><D47/><U117/><E117/><V118/><F118/><W126/><G32/><T60/><D84/><AGARI ba="0,0" hai="21,25,31,78,82,84,92,93,95,126,127" m="41483" machi="84" ten="30,3900,0" yaku="14,1,52,2" doraHai="134" who="3" fromWho="0" sc="369,-39,103,0,204,0,324,39" />
</Scene>
<Scene>
<INIT seed="3,0,0,3,3,11" ten="330,103,204,363" oya="3" hai0="104,36,131,45,84,63,98,49,133,38,85,121,15" hai1="46,27,72,26,100,91,66,37,92,2,73,127,17" hai2="83,118,115,82,130,58,34,25,128,42,54,19,135" hai3="29,18,20,99,51,70,5,43,53,95,57,30,22"/><W40/><G70/><T1/><D1/><U47/><E2/><V59/><F118/><W126/><G5/><T124/><D121/><U107/><E66/><V96/><F115/><W113/><G126/><T16/><D124/><U55/><E107/><V65/><F42/><W74/><G74/><T112/><D112/><U110/><E127/><V67/><F135/><W116/><G116/><T79/><D133/><U134/><E100/><V64/><F96/><W86/><G86/><T4/><D4/><U81/><E134/><V24/><F34/><W125/><G125/><T87/><D79/><U71/><E71/><V76/><F59/><W50/><G113/><T78/><D78/><U109/><E81/><V97/><F97/><W75/><G75/><T12/><D63/><U48/><E92/><V106/><F106/><W89/><G22/><T23/><D131/><N who="2" m="50218" /><F19/><W13/><G43/><T102/><REACH who="0" step="1"/><D15/><REACH who="0" ten="320,103,204,363" step="2"/><U61/><E61/><N who="2" m="36055" /><F76/><W28/><G40/><AGARI ba="0,1" hai="12,16,23,36,38,40,45,49,84,85,87,98,102,104" machi="40" ten="40,5200,0" yaku="1,1,52,1,54,1,53,0" doraHai="11" doraHaiUra="111" who="0" fromWho="3" sc="320,62,103,0,204,0,363,-52" />
</Scene>
<Scene>
<INIT seed="4,0,0,4,0,29" ten="382,103,204,311" oya="0" hai0="121,131,96,22,113,30,90,27,10,122,81,46,31" hai1="13,91,111,37,58,19,12,82,57,89,97,64,93" hai2="88,85,49,11,86,56,98,109,28,7,43,110,69" hai3="21,62,51,120,48,14,20,83,78,106,40,84,126"/><T34/><D113/><U71/><E37/><V87/><F69/><W104/><G120/><T112/><D112/><U135/><E111/><V107/><F28/><W76/><G126/><T124/><D124/><U95/><E71/><V41/><F41/><W55/><G106/><T54/><D131/><U133/><E82/><V5/><F5/><W68/><G104/><T80/><D10/><U63/><E57/><V52/><F43/><W100/><G100/><T118/><D118/><U134/><REACH who="1" step="1"/><E19/><REACH who="1" ten="382,93,204,311" step="2"/><V127/><F127/><W39/><G39/><T36/><D36/><U6/><E6/><V119/><F119/><W103/><G83/><T47/><D47/><U61/><E61/><V60/><F60/><W32/><G62/><T101/><D81/><U129/><E129/><V18/><F18/><W74/><G68/><T75/><D80/><U24/><E24/><V99/><F110/><W92/><G78/><T8/><D46/><U128/><E128/><V17/><F17/><W33/><G76/><T66/><D27/><U59/><E59/><V38/><F38/><W79/><G79/><T23/><D121/><U115/><E115/><V117/><F117/><W73/><G73/><T50/><D122/><U16/><E16/><V70/><F70/><W42/><G74/><T102/><D75/><U108/><E108/><V72/><F72/><W3/><G3/><T94/><D22/><U130/><E130/><V67/><F109/><W53/><G21/><T0/><D23/><U114/><E114/><V123/><F123/><W45/><G20/><T132/><D0/><U1/><E1/><RYUUKYOKU ba="0,1" sc="382,-10,93,30,204,-10,311,-10" hai1="12,13,58,63,64,89,91,93,95,97,133,134,135" />
</Scene>
<Scene>
<INIT seed="5,1,1,5,5,74" ten="372,123,194,301" oya="1" hai0="86,56,18,1,6,119,2,15,96,116,107,61,22" hai1="92,112,25,103,47,70,104,29,45,77,41,44,21" hai2="59,134,122,8,66,71,9,128,101,57,126,125,3" hai3="131,113,100,120,109,106,75,72,135,89,130,85,105"/><U87/><E70/><V95/><F122/><W132/><G120/><T24/><D86/><U65/><E112/><V78/><F134/><N who="3" m="51243" /><G113/><T98/><D1/><U50/><E65/><V129/><F71/><W16/><G16/><T5/><D2/><U118/><E118/><V69/><F69/><W133/><N who="3" m="51251" /><W32/><DORA hai="81" /><G32/><T40/><D40/><U31/><E31/><V68/><F68/><W114/><G114/><T73/><D73/><N who="3" m="28233" /><G109/><T79/><D5/><U83/><REACH who="1" step="1"/><E104/><REACH who="1" ten="372,113,194,301" step="2"/><N who="3" m="40042" /><G100/><T33/><D107/><U93/><E93/><AGARI ba="1,2" hai="85,89,93,130,131" m="40042,28233,51251" machi="93" ten="50,8000,1" yaku="20,1,34,2,52,1" doraHai="74,81" who="3" fromWho="1" sc="372,0,113,-83,194,0,301,103" />
</Scene>
<Scene>
<INIT seed="6,0,0,1,1,60" ten="372,30,194,404" oya="2" hai0="12,127,68,103,98,130,87,9,117,106,23,81,120" hai1="4,77,61,57,25,105,83,78,3,76,82,86,39" hai2="67,38,95,26,70,118,102,108,27,28,85,37,10" hai3="58,109,14,44,75,62,135,123,132,92,31,115,104"/><V126/><F118/><W20/><G104/><T54/><D120/><U36/><E105/><V113/><F108/><W66/><G75/><T21/><D68/><U59/><E3/><V110/><F110/><W0/><G0/><T16/><D117/><U22/><E4/><V8/><F126/><W48/><G109/><T19/><D127/><U33/><E33/><V51/><F113/><W71/><G123/><T80/><D130/><U99/><E99/><V119/><F51/><W94/><G71/><T63/><D87/><U5/><E5/><V42/><F42/><W29/><G115/><T18/><D18/><U40/><E40/><V93/><F70/><W7/><G31/><T65/><D54/><U35/><E35/><V116/><F85/><W32/><G32/><T74/><D74/><U13/><E13/><V17/><F17/><N who="3" m="10295" /><G29/><T131/><D131/><U114/><E114/><V107/><F107/><W30/><G30/><T129/><D129/><U53/><E78/><V125/><F125/><W52/><G7/><T64/><D9/><U34/><E34/><V6/><F6/><W47/><G44/><T56/><D65/><U24/><E24/><AGARI ba="0,0" hai="12,16,19,21,23,24,56,63,64,80,81,98,103,106" machi="24" ten="30,3900,0" yaku="7,1,52,1,54,1" doraHai="60" who="0" fromWho="1" sc="372,39,30,-39,194,0,404,0" owari="411,52.0,-9,-51.0,194,-21.0,404,20.0" />
</Scene>
</mjloggm>