<mjloggm ver="2.3"><GO type="169" lobby="0"/><UN n0="%E5%A4%AA%E3%81%8F%E3%81%AA%E3%81%84%E3%81%8A" n1="%73%65%76%65%6E" n2="%E6%98%9F%E9%87%8E%E6%BA%90%E5%85%AB" n3="%E3%81%B4%E3%81%AE" dan="18,16,16,16" rate="2243.20,2050.32,2091.35,2111.50" sx="F,M,M,M"/><TAIKYOKU oya="0"/>

<Scene>
<INIT seed="0,0,0,4,0,35" ten="250,250,250,250" oya="0" hai0="118,104,110,70,27,10,64,80,127,121,87,131,100" hai1="130,63,98,115,47,28,92,26,24,66,20,116,112" hai2="8,60,52,53,101,17,18,85,22,41,3,102,109" hai3="117,88,97,21,124,105,91,50,36,25,107,73,111"/><T30/><D121/><U75/><E75/><V114/><F114/><N who="1" m="43561" /><E116/><V16/><F109/><W122/><G36/><T99/><D118/><U67/><E130/><V11/><F41/><W77/><G117/><T55/><D131/><U71/><E67/><V133/><F133/><W38/><G38/><T57/><D127/><U132/><E132/><V72/><F72/><W83/><G122/><T54/><D110/><U40/><E28/><V4/><F11/><W0/><G111/><T58/><D10/><U134/><E20/><V59/><F22/><W43/><G124/><T23/><D70/><U108/><E108/><V128/><F128/><W46/><G0/><T39/><D39/><N who="1" m="21919" /><E134/><V37/><F37/><W69/><G69/><T51/><D64/><U89/><AGARI ba="0,0" hai="24,26,63,66,71,89,92,98" m="21919,43561" machi="89" ten="30,1100,0" yaku="11,1" doraHai="35" who="1" fromWho="1" sc="250,-5,250,11,250,-3,250,-3" />
</Scene>
<Scene>
<INIT seed="1,0,0,4,5,98" ten="245,261,247,247" oya="1" hai0="123,3,16,124,8,39,0,112,46,24,70,84,28" hai1="56,82,57,29,111,5,108,9,2,76,14,7,32" hai2="73,20,30,48,64,79,116,49,100,47,103,134,22" hai3="17,94,72,125,87,78,60,95,18,23,26,6,41"/><U101/><E32/><V38/><F116/><W105/><G72/><T68/><D112/><U120/><E29/><V55/><F134/><W58/><G105/><T45/><D124/><U54/><E120/><V129/><F129/><W33/><G33/><T122/><D84/><U40/><E40/><V35/><F64/><W126/><G41/><T104/><D104/><U89/><E89/><V50/><F38/><W71/><G71/><T114/><D114/><U128/><E128/><V65/><F65/><N who="3" m="39063" /><G6/><T107/><D107/><U37/><E37/><V12/><F35/><W97/><G17/><T115/><D115/><U1/><E57/><V11/><F73/><W88/><G78/><T121/><D39/><U130/><E130/><V52/><F79/><W34/><G34/><N who="0" m="20743" /><D0/><U91/><E91/><V110/><F110/><N who="1" m="42025" /><E7/><V27/><F22/><W21/><G21/><T15/><D3/><U118/><E118/><V77/><F77/><W113/><G113/><T53/><D46/><U31/><E31/><V135/><F135/><W119/><G119/><T42/><D42/><U102/><E2/><V75/><F75/><W93/><G87/><T99/><D70/><U69/><E69/><V109/><F109/><W25/><G126/><T80/><D68/><U132/><E1/><V19/><F49/><W61/><G125/><T90/><D122/><U127/><E132/><V10/><F10/><W62/><G26/><T63/><D123/><U13/><E127/><V133/><F133/><W92/><AGARI ba="0,0" hai="18,23,25,61,62,88,92,93,94,95,97" m="39063" machi="92" ten="30,2000,0" yaku="8,1,54,1" doraHai="98" who="3" fromWho="3" sc="245,-5,261,-10,247,-5,247,20" />
</Scene>
<Scene>
<INIT seed="2,0,0,4,1,1" ten="240,251,242,267" oya="2" hai0="54,67,49,36,114,48,66,75,3,73,132,10,8" hai1="97,127,87,27,2,119,15,17,45,124,25,78,52" hai2="77,83,31,29,32,68,18,120,62,126,113,115,116" hai3="125,84,133,102,41,37,99,81,72,12,110,96,63"/><V93/><F116/><W22/><G110/><T95/><D36/><U88/><E2/><V71/><F120/><W108/><G108/><T123/><D123/><U105/><E119/><V76/><F126/><N who="1" m="48169" /><E78/><V11/><F93/><W26/><G72/><T53/><D3/><U5/><E105/><V51/><F51/><W38/><G125/><T86/><D95/><N who="1" m="54687" /><E97/><V60/><F83/><W43/><G96/><T55/><D86/><U30/><E30/><V111/><F111/><W28/><G84/><T103/><D53/><U21/><E5/><V0/><F0/><W24/><G99/><T9/><D103/><U69/><E69/><V19/><REACH who="2" step="1"/><F11/><REACH who="2" ten="240,251,232,267" step="2"/><W98/><G81/><T106/><D9/><U134/><E134/><V85/><F85/><W74/><G133/><T33/><D132/><U16/><E17/><V56/><F56/><W61/><G37/><T65/><D75/><U131/><E131/><V101/><F101/><W40/><G74/><T104/><D73/><U89/><E89/><V122/><F122/><W94/><G38/><T7/><D104/><U82/><E82/><V39/><F39/><W42/><G102/><T107/><D106/><U34/><E34/><AGARI ba="0,1" hai="18,19,29,31,32,34,60,62,68,71,76,77,113,115" machi="34" ten="25,4800,0" yaku="1,1,22,2,53,0" doraHai="1" doraHaiUra="92" who="2" fromWho="1" sc="240,0,251,-48,232,58,267,0" />
</Scene>
<Scene>
<INIT seed="2,1,0,4,2,35" ten="240,203,290,267" oya="2" hai0="7,17,75,33,113,103,127,90,73,23,110,49,48" hai1="81,58,82,85,120,134,47,108,76,65,130,60,97" hai2="72,102,101,107,1,80,96,131,2,24,3,5,36" hai3="105,64,74,79,117,71,88,37,123,83,121,13,122"/><V63/><F36/><W32/><G37/><T126/><D113/><U50/><E108/><V129/><F63/><W78/><G32/><T133/><D33/><U86/><E120/><V39/><F39/><W69/><G117/><T11/><D103/><U104/><E134/><V19/><F101/><W16/><G105/><T68/><D68/><U8/><E130/><N who="2" m="49675" /><F80/><W18/><G79/><T57/><D90/><U115/><E115/><V44/><F44/><W93/><G64/><T6/><D110/><U135/><E135/><V55/><F55/><W118/><G118/><T30/><D133/><U77/><E104/><V40/><F72/><W29/><G29/><T92/><D30/><U100/><E100/><V59/><F59/><W56/><G56/><T25/><D92/><U70/><E97/><V62/><F62/><W114/><G114/><T34/><D57/><U98/><E98/><V51/><F51/><W89/><G18/><T54/><D17/><U99/><E99/><V28/><F40/><W15/><G15/><T124/><D124/><U46/><E70/><V111/><F19/><W125/><G125/><T27/><D127/><U22/><E50/><V31/><F111/><W61/><G61/><T42/><D49/><U95/><E95/><V91/><F91/><N who="3" m="34891" /><G93/><T21/><D126/><U106/><E106/><V45/><F45/><W26/><G71/><T38/><D38/><U0/><E22/><N who="2" m="15383" /><F31/><W132/><G69/><T94/><D48/><U9/><E9/><AGARI ba="1,0" hai="1,2,3,5,9,96,102,107" m="15383,49675" machi="9" ten="30,11600,0" yaku="19,1,52,3" doraHai="35" who="2" fromWho="1" sc="240,0,203,-119,290,119,267,0" />
</Scene>
<Scene>
<INIT seed="2,2,0,2,0,125" ten="240,84,409,267" oya="2" hai0="59,130,1,39,93,109,108,119,47,65,16,112,51" hai1="120,8,128,4,18,55,127,17,95,27,38,124,40" hai2="96,117,32,80,35,71,100,28,87,131,111,56,42" hai3="14,25,36,58,26,61,89,84,29,49,13,50,97"/><V68/><F117/><W22/><G36/><T5/><D112/><U88/><E120/><V53/><F42/><W20/><G97/><T115/><D115/><U121/><E121/><V78/><F111/><W24/><G49/><T7/><D119/><U134/><E134/><V31/><F131/><W106/><G106/><T15/><D39/><U62/><E40/><V43/><F43/><W76/><G76/><T135/><D135/><U60/><E38/><V105/><F35/><W10/><G50/><T83/><D83/><U3/><E128/><V41/><F41/><W34/><G34/><T45/><D130/><U0/><E0/><V94/><F105/><W66/><G10/><N who="0" m="2351" /><D7/><U64/><E55/><V81/><F80/><W11/><G11/><N who="0" m="6271" /><D93/><U91/><E91/><V101/><F101/><W133/><G133/><T110/><D51/><U52/><E62/><AGARI ba="2,0" hai="45,47,59,62,65,108,109,110" m="6271,2351" machi="62" ten="30,2000,0" yaku="14,1,54,1" doraHai="125" who="0" fromWho="1" sc="240,26,84,-26,409,0,267,0" />
</Scene>
<Scene>
<INIT seed="3,0,0,3,1,84" ten="266,58,409,267" oya="3" hai0="66,47,15,13,59,58,51,133,27,71,48,33,130" hai1="3,18,50,17,61,65,107,87,129,19,21,20,135" hai2="56,94,80,127,89,49,7,109,45,75,83,0,12" hai3="25,30,64,62,63,97,117,60,111,98,112,29,5"/><W10/><G117/><T101/><D130/><U115/><E107/><V53/><F127/><W105/><G112/><T26/><D133/><U95/><E3/><V119/><F119/><W28/><G111/><T44/><D71/><U57/><E115/><V91/><F0/><W54/><G105/><T70/><D70/><U77/><E135/><V82/><F75/><W67/><G25/><T104/><D104/><U23/><E129/><V99/><F109/><W128/><G128/><T34/><D66/><N who="3" m="25129" /><G54/><T120/><REACH who="0" step="1"/><D101/><REACH who="0" ten="256,58,409,267" step="2"/><U22/><N who="1" m="5120" /><DORA hai="39" /><U73/><E73/><V6/><F12/><AGARI ba="0,1" hai="5,10,12,28,29,30,60,62,63,97,98" m="25129" machi="12" ten="30,1500,0" yaku="8,1" doraHai="84,39" who="3" fromWho="2" sc="256,0,58,0,409,-15,267,25" />
</Scene>
<Scene>
<INIT seed="3,1,0,5,0,67" ten="256,58,394,292" oya="3" hai0="66,26,103,84,116,83,22,38,43,117,40,108,29" hai1="48,123,119,68,3,90,125,8,134,109,120,76,72" hai2="62,52,23,89,5,81,112,126,46,57,94,64,91" hai3="10,24,124,54,39,95,74,19,25,15,121,111,80"/><W105/><G105/><T102/><D108/><U21/><E76/><V69/><F112/><W9/><G39/><T51/><D38/><U100/><E72/><V70/><F126/><W2/><G111/><T129/><D129/><U6/><E100/><N who="0" m="38441" /><D117/><U53/><E90/><V34/><F5/><W18/><G121/><T131/><D131/><U88/><E125/><V73/><F34/><W85/><G124/><T11/><D116/><U16/><E109/><V79/><F23/><W27/><G74/><T82/><D66/><U50/><E119/><V4/><F4/><W98/><G2/><T107/><D107/><U37/><E37/><V61/><F46/><W77/><G54/><T36/><D36/><U28/><E28/><V31/><F31/><W12/><REACH who="3" step="1"/><G27/><REACH who="3" ten="256,58,394,282" step="2"/><T96/><D26/><U33/><E33/><V7/><F73/><W13/><G13/><T115/><D115/><U87/><E134/><V35/><F35/><W97/><G97/><T56/><D96/><U41/><E41/><V113/><F52/><W44/><G44/><T130/><D43/><U99/><E99/><V32/><F32/><W65/><G65/><T20/><D40/><U93/><E50/><V114/><F64/><W133/><G133/><T49/><D49/><U0/><E0/><V45/><F45/><W55/><G55/><T78/><D51/><U63/><E63/><V104/><F61/><W92/><G92/><T58/><D130/><U135/><E135/><V47/><F94/><W14/><G14/><T128/><D128/><U71/><E123/><V101/><F62/><W132/><G132/><RYUUKYOKU ba="1,1" sc="256,-10,58,-10,394,-10,282,30" hai3="9,10,12,15,18,19,24,25,77,80,85,95,98" />
</Scene>
<Scene>
<INIT seed="3,2,1,1,4,44" ten="246,48,384,312" oya="3" hai0="109,79,40,118,36,33,13,38,45,112,89,19,51" hai1="119,95,69,71,105,8,7,116,114,54,59,93,108" hai2="67,130,47,128,107,26,99,32,135,10,6,68,126" hai3="1,74,18,0,17,120,43,42,84,66,70,72,104"/><W56/><G120/><T16/><D118/><N who="1" m="45099" /><E105/><V61/><F126/><W80/><G104/><T97/><D33/><U3/><E108/><V65/><F65/><W12/><G70/><N who="1" m="26634" /><E114/><V134/><F47/><W2/><G74/><T58/><D109/><U110/><E110/><V22/><F32/><W29/><G72/><T91/><D112/><U15/><E3/><N who="2" m="351" /><F99/><W64/><G29/><T115/><D115/><U62/><AGARI ba="2,1" hai="7,8,15,54,59,62,93,95" m="26634,45099" machi="62" ten="30,1100,0" yaku="12,1" doraHai="44" who="1" fromWho="1" sc="246,-5,48,27,384,-5,312,-7" />
</Scene>
<Scene>
<INIT seed="4,0,0,1,3,29" ten="241,75,379,305" oya="0" hai0="83,103,87,79,40,4,106,107,70,118,132,30,126" hai1="23,127,110,21,41,63,12,31,20,125,38,33,135" hai2="113,100,105,93,112,1,57,47,53,120,14,52,62" hai3="32,64,49,134,18,35,61,28,115,22,92,7,36"/><T0/><D118/><U17/><E41/><V101/><F120/><W55/><G36/><T109/><D70/><U86/><E38/><V91/><F1/><W133/><G115/><N who="2" m="44105" /><F105/><W48/><G7/><T43/><D132/><N who="3" m="50793" /><G28/><T16/><D30/><U56/><E135/><V46/><F14/><N who="3" m="9559" /><G92/><T50/><D126/><N who="1" m="48139" /><E110/><V24/><F24/><W58/><G48/><T73/><D109/><U88/><E31/><V9/><F9/><W97/><G97/><T128/><D107/><U119/><E119/><V54/><F47/><AGARI ba="0,0" hai="32,35,47,49,55,58,61,64" m="9559,50793" machi="47" ten="30,3900,0" yaku="20,1,52,2" doraHai="29" who="3" fromWho="2" sc="241,0,75,0,379,-39,305,39" />
</Scene>
<Scene>
<INIT seed="5,0,0,3,0,57" ten="241,75,340,344" oya="1" hai0="125,55,12,118,18,108,113,105,59,47,67,100,37" hai1="130,6,102,98,45,112,31,106,87,72,126,119,95" hai2="127,78,3,86,111,61,29,90,83,36,35,65,121" hai3="44,25,33,62,75,89,20,70,27,82,8,5,109"/><U91/><E119/><V50/><F111/><W88/><G109/><T38/><D108/><U32/><E112/><V80/><F36/><W92/><G44/><T30/><D118/><U73/><E126/><V81/><F3/><W84/><G33/><T49/><D30/><U10/><E130/><V52/><F121/><W21/><G70/><T122/><D113/><U26/><REACH who="1" step="1"/><E45/><REACH who="1" ten="241,65,340,344" step="2"/><V131/><F127/><W114/><G114/><T93/><D125/><U128/><E128/><V43/><F131/><W34/><G34/><T63/><D122/><U124/><E124/><V4/><F35/><W97/><G75/><T23/><D105/><U22/><E22/><V76/><F78/><W96/><G20/><T74/><D74/><U104/><E104/><V71/><F76/><W107/><G21/><T60/><D23/><U66/><E66/><V133/><F65/><W68/><G107/><T51/><D47/><U17/><E17/><V2/><F29/><W16/><G16/><T14/><D18/><U41/><E41/><V85/><F43/><W9/><G5/><T116/><D116/><U42/><E42/><V64/><F4/><W69/><G8/><T7/><D7/><U53/><E53/><V117/><F52/><W135/><G9/><T54/><D67/><U40/><E40/><V79/><F79/><W132/><G135/><T15/><D38/><U99/><E99/><V28/><F28/><W11/><G132/><T1/><D37/><U115/><E115/><V134/><F117/><W129/><G129/><T56/><D55/><U94/><E94/><V39/><F133/><RYUUKYOKU ba="0,1" sc="241,-10,65,30,340,-10,344,-10" hai1="6,10,26,31,32,72,73,87,91,95,98,102,106" />
</Scene>
<Scene>
<INIT seed="5,1,1,4,3,34" ten="231,95,330,334" oya="1" hai0="123,93,108,103,49,133,71,37,76,35,87,99,31" hai1="32,63,23,68,124,111,11,135,69,89,98,65,24" hai2="110,38,59,100,127,97,132,42,44,53,58,8,60" hai3="134,0,15,26,40,13,96,18,85,86,43,125,118"/><U83/><E111/><V66/><F110/><W57/><G26/><T21/><D37/><U79/><E32/><V88/><F132/><W51/><G134/><T67/><D133/><U91/><E135/><V27/><F127/><W61/><G125/><T102/><D108/><U50/><E124/><V47/><F27/><W56/><G96/><T104/><D123/><U120/><E120/><V30/><F30/><W101/><G101/><T19/><D35/><U33/><E33/><V22/><F22/><W75/><G75/><T3/><D31/><U90/><E69/><V78/><F78/><W106/><G106/><T55/><D3/><U12/><E50/><V115/><F115/><W105/><G105/><T39/><D39/><U14/><E98/><V45/><F8/><W25/><G51/><T74/><D103/><U122/><E122/><V6/><F6/><W1/><G25/><T92/><D74/><U121/><E121/><V10/><F10/><W70/><G61/><T48/><D48/><U113/><E113/><V126/><F126/><W36/><G18/><T131/><D19/><U129/><E129/><V52/><F100/><W81/><G36/><T4/><D131/><U95/><E95/><N who="2" m="56551" /><F66/><W62/><G70/><T5/><D71/><U128/><E128/><V2/><F2/><W73/><G73/><T116/><D104/><U28/><REACH who="1" step="1"/><E11/><REACH who="1" ten="231,85,330,334" step="2"/><V80/><F38/><W119/><G62/><T82/><D93/><U109/><E109/><V16/><F60/><W9/><G9/><T41/><D92/><U94/><E94/><V112/><F112/><W77/><G81/><RYUUKYOKU ba="1,2" sc="231,-15,85,15,330,-15,334,15" hai1="12,14,23,24,28,63,65,68,79,83,89,90,91" hai3="0,1,13,15,40,43,56,57,77,85,86,118,119" />
</Scene>
<Scene>
<INIT seed="5,2,2,1,4,108" ten="216,100,315,349" oya="1" hai0="6,55,92,12,27,7,103,66,68,134,83,112,52" hai1="46,111,127,79,110,81,89,63,85,126,54,118,44" hai2="95,125,8,33,129,10,36,101,73,2,65,26,30" hai3="88,56,20,11,49,94,21,53,3,132,60,22,40"/><U41/><E118/><V25/><F36/><W23/><G132/><T59/><D68/><U14/><E14/><V37/><F37/><W124/><G124/><N who="1" m="47658" /><E63/><V96/><F73/><W114/><G114/><T117/><D112/><U48/><E79/><V70/><F125/><W16/><G3/><T87/><D117/><U91/><E89/><V35/><F129/><W99/><G11/><T115/><D12/><U34/><E34/><V45/><F45/><N who="3" m="25767" /><G23/><T69/><D115/><U104/><E104/><V122/><F122/><W17/><AGARI ba="2,2" hai="16,17,20,21,22,53,56,60,88,94,99" m="25767" machi="17" ten="30,4000,0" yaku="8,1,54,2" doraHai="108" who="3" fromWho="3" sc="216,-12,100,-22,315,-12,349,66" />
</Scene>
<Scene>
<INIT seed="6,0,0,0,0,12" ten="204,78,303,415" oya="2" hai0="72,3,108,110,20,47,5,114,16,41,116,127,63" hai1="88,39,62,2,60,106,49,85,77,91,123,53,4" hai2="83,73,8,74,46,133,101,93,134,120,25,43,23" hai3="125,61,42,32,35,132,86,33,28,75,64,109,104"/><V22/><F120/><W6/><G75/><T0/><D72/><U130/><E106/><V115/><F115/><W51/><G104/><T27/><D114/><U124/><E39/><V126/><F8/><W30/><G109/><T103/><D127/><U65/><E123/><V38/><F126/><W29/><G6/><T1/><D116/><U76/><E124/><V94/><F22/><W44/><G132/><N who="2" m="50793" /><F83/><W99/><G125/><T82/><D103/><U81/><E130/><V56/><F56/><W79/><G99/><T97/><D97/><U131/><E131/><V21/><F21/><W117/><G117/><T128/><D128/><U26/><E4/><V129/><F129/><W59/><G86/><T68/><D5/><U69/><E2/><V58/><F58/><W15/><G79/><T50/><REACH who="0" step="1"/><D82/><REACH who="0" ten="194,78,303,415" step="2"/><U105/><E105/><V7/><F7/><W36/><G35/><T78/><D78/><U89/><E77/><V90/><F101/><W66/><G33/><T112/><D112/><U37/><E37/><V92/><F90/><W31/><G32/><T113/><D113/><U107/><E107/><V11/><F11/><W135/><G36/><T70/><D70/><U18/><E69/><V40/><F40/><W9/><G42/><T80/><D80/><U119/><E119/><V14/><F14/><W54/><G15/><T57/><D57/><N who="1" m="32943" /><E65/><AGARI ba="0,1" hai="0,1,3,16,20,27,41,47,50,63,65,68,108,110" machi="65" ten="40,8000,1" yaku="1,1,52,1,54,1,53,1" doraHai="12" doraHaiUra="19" who="0" fromWho="1" sc="194,90,78,-80,303,0,415,0" owari="284,-12.0,-2,-50.0,303,10.0,415,52.0" />
</Scene>
</mjloggm>