<mjloggm ver="2.3"><GO type="169"/><UN n0="%6E%69%6A%69" n1="%E3%83%AA%E3%83%84%E3%83%9F%E3%82%B5%E3%83%B3" n2="%E7%B4%85%E9%89%84%E5%A7%AB" n3="%E5%A4%AA%E3%81%8F%E3%81%AA%E3%81%84%E3%81%8A" dan="16,18,18,17" rate="2093,2218,2206,2190" sx="F,M,F,M"/><TAIKYOKU oya="0"/>

<Scene>
<INIT seed="0,0,0,4,4,11" ten="250,250,250,250" oya="0" hai0="42,112,32,2,131,47,100,8,123,60,129,53,86" hai1="101,58,25,128,30,76,124,89,92,62,48,135,71" hai2="12,90,6,46,44,14,24,83,41,87,103,117,56" hai3="120,59,98,113,40,17,7,106,36,75,104,110,29"/><T38/><D32/><U81/><E124/><V84/><F117/><W61/><G113/><T10/><D112/><U109/><E128/><N who="0" m="49225" /><D123/><U45/><E71/><V9/><F103/><W102/><G75/><T4/><D100/><U127/><E127/><V66/><F24/><W54/><G120/><T91/><D8/><U125/><E125/><V15/><F84/><W74/><G74/><T50/><D60/><U95/><E135/><V93/><F93/><W122/><G122/><T65/><D65/><U111/><E101/><V20/><F20/><W33/><G106/><T72/><D72/><U19/><E95/><V114/><F114/><W16/><G110/><T80/><D53/><U108/><E62/><N who="2" m="38215" /><F41/><W105/><G105/><T43/><D43/><U35/><E111/><V132/><F132/><W0/><G33/><T26/><D26/><U67/><E25/><V51/><F51/><AGARI ba="0,0" hai="2,4,10,38,42,47,50,51,80,86,91" m="49225" machi="51" ten="30,1500,0" yaku="19,1" doraHai="11" who="0" fromWho="2" sc="250,15,250,0,250,-15,250,0" />
</Scene>
<Scene>
<INIT seed="0,1,0,5,1,129" ten="265,250,235,250" oya="0" hai0="6,112,36,96,12,60,31,78,128,49,28,70,79" hai1="13,87,117,120,110,63,130,50,125,29,18,113,17" hai2="74,34,9,40,65,26,123,55,75,106,131,119,57" hai3="15,16,14,80,22,98,46,82,88,116,0,43,59"/><T77/><D36/><U8/><E120/><V107/><F123/><W1/><G116/><T73/><D73/><U89/><E117/><V38/><F65/><W81/><G59/><T23/><D112/><U61/><E130/><V19/><F119/><W102/><G15/><T71/><D128/><U45/><E125/><V92/><F131/><W21/><G21/><T20/><D96/><U83/><E113/><V25/><F40/><W32/><G32/><T33/><D33/><U5/><E29/><V35/><F38/><W122/><G122/><T68/><D60/><U91/><E110/><V99/><F9/><W53/><G53/><T124/><D124/><U7/><E91/><V93/><F57/><W11/><G11/><T44/><D6/><U134/><E18/><V126/><F126/><W67/><G67/><T69/><D69/><U10/><E7/><V105/><F107/><W42/><G88/><T101/><D101/><U95/><E95/><V72/><F72/><W76/><G76/><T48/><D48/><U54/><REACH who="1" step="1"/><E134/><REACH who="1" ten="265,240,235,250" step="2"/><V47/><F19/><W4/><G4/><T52/><D28/><U109/><E109/><V118/><F118/><W39/><REACH who="3" step="1"/><G43/><REACH who="3" ten="265,240,235,240" step="2"/><T41/><D41/><U108/><E108/><V24/><F99/><W132/><G132/><T58/><D77/><U64/><E64/><V84/><F105/><AGARI ba="1,2" hai="0,1,14,16,22,39,42,46,80,81,82,98,102,105" machi="105" ten="40,5200,0" yaku="1,1,54,1,53,1" doraHai="129" doraHaiUra="103" who="3" fromWho="2" sc="265,0,240,0,235,-55,240,75" />
</Scene>
<Scene>
<INIT seed="1,0,0,1,3,109" ten="265,240,180,315" oya="1" hai0="95,66,1,87,85,6,55,113,4,79,112,34,68" hai1="133,120,15,65,12,74,76,125,134,119,73,31,57" hai2="11,62,46,38,2,88,118,128,29,94,39,63,21" hai3="23,5,7,43,53,32,97,71,0,22,124,33,99"/><U101/><E120/><V105/><F105/><W80/><G71/><T75/><D75/><U86/><E119/><V52/><F118/><W127/><G43/><T56/><D34/><N who="3" m="13417" /><G80/><T132/><D66/><U100/><E31/><V42/><F128/><W122/><G53/><T82/><D68/><U98/><E86/><V84/><F38/><W10/><G122/><T16/><D132/><U114/><E76/><V72/><F72/><W59/><G59/><T19/><D95/><U27/><E27/><V60/><F29/><W17/><G99/><T123/><D123/><U93/><E57/><V49/><F21/><N who="3" m="7691" /><G97/><T25/><D25/><U44/><E98/><V110/><F110/><W83/><G83/><T91/><D79/><U111/><E93/><V126/><F126/><N who="3" m="48171" /><G7/><T108/><D108/><U30/><E125/><V26/><F26/><W36/><G36/><T54/><D82/><U3/><E111/><V121/><F121/><W14/><G17/><T50/><D56/><U131/><E30/><V90/><F90/><W69/><G69/><T35/><D91/><U37/><E37/><V81/><F81/><W77/><G77/><T103/><D35/><U104/><E104/><V40/><REACH who="2" step="1"/><F39/><REACH who="2" ten="265,240,170,315" step="2"/><W45/><G45/><T116/><D116/><U129/><E74/><V28/><F28/><W13/><AGARI ba="0,1" hai="0,5,10,13,14" m="48171,7691,13417" machi="13" ten="40,5200,0" yaku="18,1,34,2" doraHai="109" who="3" fromWho="3" sc="265,-13,240,-26,170,-13,315,62" />
</Scene>
<Scene>
<INIT seed="2,0,0,1,3,92" ten="252,214,157,377" oya="2" hai0="104,34,50,113,35,124,110,18,109,60,102,29,71" hai1="121,15,76,14,91,52,117,75,25,81,44,123,54" hai2="101,105,26,47,97,39,13,134,99,107,2,20,53" hai3="85,19,41,89,32,63,86,135,132,131,127,77,114"/><V82/><F2/><W43/><G32/><T17/><D113/><U36/><E117/><V95/><F134/><N who="3" m="51243" /><G114/><T59/><D124/><U61/><E25/><V118/><F118/><W72/><G127/><T8/><D71/><U49/><E36/><V58/><F82/><N who="3" m="45351" /><G131/><T6/><D50/><U128/><E128/><V88/><F13/><W68/><G19/><T80/><D80/><U66/><E54/><V40/><F107/><W73/><G73/><T103/><D104/><U62/><E91/><V78/><F78/><W125/><G125/><T11/><D6/><U0/><E0/><V83/><F83/><N who="3" m="49343" /><G86/><T115/><D115/><U112/><E62/><V111/><F111/><W3/><G3/><T84/><D60/><U70/><REACH who="1" step="1"/><E112/><REACH who="1" ten="252,204,157,377" step="2"/><V96/><F53/><W22/><G63/><T65/><D109/><U126/><E126/><V98/><F58/><W129/><G129/><T48/><D59/><U4/><E4/><V12/><F12/><AGARI ba="0,1" hai="12,14,15,44,49,52,61,66,70,75,76,81,121,123" machi="12" ten="40,2600,0" yaku="1,1,54,1,53,0" doraHai="92" doraHaiUra="87" who="1" fromWho="2" sc="252,0,204,36,157,-26,377,0" />
</Scene>
<Scene>
<INIT seed="3,0,0,1,0,47" ten="252,240,131,377" oya="3" hai0="74,84,16,107,65,124,7,11,104,100,44,42,94" hai1="69,105,132,91,55,31,62,5,71,87,63,80,75" hai2="85,97,101,29,131,77,59,52,129,122,6,57,113" hai3="8,92,109,60,90,73,53,61,28,108,83,88,117"/><W24/><G117/><T135/><D74/><U123/><E105/><V89/><F113/><W45/><G8/><T3/><D135/><U66/><E123/><V21/><F6/><W19/><G19/><T121/><D121/><U116/><E116/><V22/><F77/><N who="3" m="44463" /><G45/><T43/><D43/><U114/><E132/><V93/><F122/><W70/><G70/><T125/><D65/><U67/><E75/><V14/><F59/><N who="3" m="34927" /><G92/><T103/><D16/><U41/><E41/><V49/><F29/><W34/><G61/><T30/><D30/><U95/><E114/><V17/><REACH who="2" step="1"/><F22/><REACH who="2" ten="252,240,121,377" step="2"/><W13/><G13/><T38/><D7/><U134/><E5/><V9/><F9/><W2/><G2/><T130/><D11/><U4/><E4/><V112/><F112/><W39/><G39/><T46/><D3/><U1/><E1/><V96/><F96/><W50/><G28/><T82/><D38/><U37/><E31/><V68/><F68/><W119/><G119/><T25/><D44/><U10/><E37/><V120/><F120/><W79/><G24/><T64/><D46/><U126/><E10/><V48/><F48/><W15/><G50/><T133/><D25/><U102/><E134/><V51/><F51/><W81/><G15/><T98/><D133/><U18/><E71/><V118/><F118/><W72/><G34/><T58/><D58/><U127/><E69/><V40/><F40/><W78/><G78/><T54/><D42/><U12/><E12/><V128/><F128/><W27/><G27/><T86/><D130/><U110/><E18/><V36/><F36/><RYUUKYOKU ba="0,1" sc="252,-15,240,-15,121,15,377,15" hai2="14,17,21,49,52,57,85,89,93,97,101,129,131" hai3="72,79,81,88,90,108,109" />
</Scene>
<Scene>
<INIT seed="3,1,1,2,5,103" ten="237,225,136,392" oya="3" hai0="64,75,9,6,81,132,94,100,96,35,135,122,56" hai1="5,133,72,69,54,15,48,41,8,125,17,78,112" hai2="12,95,105,90,111,63,47,113,97,117,10,98,57" hai3="116,40,107,66,115,13,26,93,14,121,61,23,58"/><W134/><G121/><T33/><D122/><U51/><E112/><V82/><F113/><W84/><G116/><T110/><D110/><U42/><E69/><V1/><F117/><W24/><G115/><T101/><D101/><U124/><E133/><N who="0" m="51273" /><D56/><U67/><E67/><V77/><F111/><W83/><G134/><T50/><D50/><U85/><E72/><V130/><F1/><W60/><G107/><N who="0" m="63879" /><D64/><U11/><E78/><V44/><F130/><W37/><G93/><T32/><D94/><U30/><E30/><V46/><F98/><W19/><G37/><T80/><D75/><U68/><E85/><V29/><F29/><W71/><G40/><T20/><D20/><U79/><E51/><V38/><F105/><W52/><REACH who="3" step="1"/><G26/><REACH who="3" ten="237,225,136,382" step="2"/><T65/><D65/><U131/><E41/><V104/><F104/><W92/><G92/><T39/><D39/><U91/><E42/><V70/><F38/><W45/><G45/><T34/><N who="0" m="8704" /><DORA hai="123" /><T2/><AGARI ba="1,2" hai="2,6,9,80,81" m="8704,63879,51273" machi="2" ten="60,7900,0" yaku="4,1,20,1,52,1" doraHai="103,123" who="0" fromWho="0" sc="237,102,225,-21,136,-21,382,-40" />
</Scene>
<Scene>
<INIT seed="4,0,0,1,4,96" ten="339,204,115,342" oya="0" hai0="11,22,84,91,49,58,116,134,32,110,72,124,52" hai1="75,125,5,18,24,59,27,62,1,120,25,35,44" hai2="34,76,94,105,100,67,83,64,39,119,122,29,9" hai3="88,81,70,85,68,7,127,36,98,97,61,33,10"/><T53/><D72/><U19/><E75/><V63/><F122/><W86/><G36/><T3/><D32/><U95/><E120/><V26/><F119/><W87/><G33/><T17/><D116/><U37/><E35/><V21/><F67/><W2/><G127/><T42/><D124/><U117/><E125/><V80/><F9/><W0/><G0/><T48/><D42/><U14/><E1/><V46/><F21/><W28/><G28/><T109/><D134/><U129/><E129/><V113/><F113/><W114/><G114/><T8/><D3/><U107/><E107/><V43/><F94/><W79/><G86/><T30/><D30/><U130/><E37/><V123/><F123/><W13/><G2/><T16/><D17/><U90/><E44/><V115/><F115/><W77/><G77/><T108/><D91/><U74/><E74/><V69/><REACH who="2" step="1"/><F76/><REACH who="2" ten="339,204,105,342" step="2"/><W60/><G70/><T89/><D8/><N who="1" m="4367" /><E130/><V31/><F31/><W104/><G68/><T101/><D11/><U93/><E93/><V99/><AGARI ba="0,1" hai="26,29,34,39,43,46,63,64,69,80,83,99,100,105" machi="99" ten="30,8000,1" yaku="1,1,0,1,25,2,52,1,53,0" doraHai="96" doraHaiUra="82" who="2" fromWho="2" sc="339,-40,204,-20,105,90,342,-20" />
</Scene>
<Scene>
<INIT seed="5,0,0,3,0,37" ten="299,184,195,322" oya="1" hai0="1,89,121,57,98,10,106,46,80,58,14,109,86" hai1="108,112,70,42,4,64,65,131,3,72,17,62,118" hai2="19,104,31,2,55,114,111,85,73,16,122,117,69" hai3="53,135,48,15,32,71,47,45,120,113,51,115,18"/><U12/><E118/><V99/><F85/><W40/><G120/><T124/><D1/><U66/><E72/><V41/><F31/><W100/><G135/><T127/><D109/><U26/><E108/><V24/><F69/><W54/><G71/><T75/><D75/><U56/><E112/><N who="3" m="43082" /><G32/><T125/><D121/><U95/><E131/><V102/><F114/><W82/><G100/><T36/><D106/><U29/><E3/><V81/><F111/><W8/><G82/><T134/><D98/><U132/><E4/><V88/><F122/><W78/><G78/><T94/><D94/><U61/><E132/><V92/><F117/><W68/><G68/><T110/><D110/><U43/><E66/><V123/><F123/><W96/><G96/><T107/><D107/><U93/><E93/><V105/><F2/><W101/><G101/><T91/><D91/><U90/><E12/><V83/><F55/><AGARI ba="0,0" hai="8,15,18,40,45,47,48,51,53,54,55" m="43082" machi="55" ten="30,2000,0" yaku="15,1,52,1" doraHai="37" who="3" fromWho="2" sc="299,0,184,0,195,-20,322,20" />
</Scene>
<Scene>
<INIT seed="6,0,0,1,5,124" ten="299,184,175,342" oya="2" hai0="126,45,37,85,95,25,105,134,52,51,108,82,116" hai1="8,40,63,106,47,57,20,130,30,2,70,76,117" hai2="64,35,15,73,68,74,79,36,19,46,34,10,23" hai3="83,18,111,55,107,77,110,104,41,87,101,66,42"/><V58/><F68/><W11/><G66/><T119/><D105/><U90/><E117/><V29/><F36/><W44/><G55/><T16/><D108/><U62/><E106/><V7/><F46/><W31/><G31/><T96/><D126/><U132/><E76/><V5/><F64/><W114/><G107/><T67/><D67/><U86/><E70/><V128/><F58/><W78/><G78/><T27/><D134/><U24/><E132/><V39/><F39/><W98/><G114/><T92/><D37/><U75/><E75/><V121/><F121/><W59/><G59/><T93/><D96/><U22/><E22/><V4/><F79/><W94/><G104/><T1/><D1/><U80/><E2/><V65/><F65/><W129/><G42/><T71/><D71/><U113/><E113/><V17/><F74/><W56/><G56/><T9/><D116/><U97/><E8/><V88/><F88/><W109/><G11/><T118/><D118/><U99/><E57/><V133/><F73/><W60/><G60/><T131/><D119/><U32/><E32/><N who="2" m="12331" /><F133/><W115/><G115/><T123/><D123/><U135/><E135/><V61/><F61/><N who="1" m="23049" /><E97/><V0/><F128/><W49/><G129/><T127/><D131/><U3/><E130/><V43/><F43/><W6/><G41/><T100/><D127/><U28/><E99/><V38/><F38/><W112/><G112/><T89/><D100/><U72/><E72/><V120/><F120/><W50/><G101/><T48/><D48/><U33/><E40/><V102/><F0/><W81/><G110/><RYUUKYOKU ba="0,0" sc="299,30,184,-10,175,-10,342,-10" hai0="9,16,25,27,45,51,52,82,85,89,92,93,95" />
</Scene>
<Scene>
<INIT seed="7,1,0,1,4,102" ten="329,174,165,332" oya="3" hai0="130,47,91,20,124,29,69,88,133,62,13,77,73" hai1="119,35,68,60,107,49,82,1,2,6,38,63,44" hai2="17,28,16,70,66,123,80,100,12,98,9,105,54" hai3="90,32,23,92,37,127,111,40,34,67,115,50,126"/><W79/><G115/><T39/><D130/><U78/><E119/><V14/><F123/><W116/><G116/><T120/><D120/><U15/><E35/><V30/><F54/><W89/><G111/><T99/><D77/><U51/><E38/><V21/><REACH who="2" step="1"/><F80/><REACH who="2" ten="329,174,155,332" step="2"/><W109/><G109/><T87/><D133/><U57/><E68/><V83/><F83/><W75/><G127/><T128/><D69/><U108/><E108/><V18/><F18/><W85/><G126/><T74/><D124/><U114/><E114/><V24/><F24/><W33/><G67/><T31/><D128/><U56/><E82/><V113/><F113/><W121/><G121/><T86/><D31/><U8/><E78/><V103/><F103/><W132/><G79/><T4/><D29/><U129/><E129/><V76/><F76/><W45/><G132/><T5/><D5/><U97/><E1/><V117/><F117/><W53/><G75/><T22/><D4/><U96/><E2/><V134/><F134/><W41/><G89/><T81/><D91/><U7/><E107/><V48/><F48/><W71/><G71/><T19/><D88/><U55/><E7/><V93/><F93/><W61/><G37/><T72/><D39/><U106/><E106/><V101/><F101/><W94/><G94/><T118/><D118/><U112/><E112/><V122/><F122/><W58/><G92/><T10/><D81/><U36/><E36/><V59/><F59/><N who="1" m="22601" /><E51/><V3/><F3/><W26/><G90/><T43/><D72/><U0/><E0/><V104/><F104/><W135/><G135/><RYUUKYOKU ba="1,1" sc="329,-15,174,15,155,15,332,-15" hai1="6,8,15,44,49,55,60,63,96,97" hai2="9,12,14,16,17,21,28,30,66,70,98,100,105" owari="314,11.0,189,-21.0,170,-33.0,327,43.0" />
</Scene>
</mjloggm>