<mjloggm ver="2.3"><GO type="33"/><UN n0="%E6%B7%B1%E6%B0%B4%E8%97%8D" n1="%E8%A6%AA%E6%8C%87%E7%BE%A4%E9%9D%92" n2="%E5%A4%AA%E3%81%8F%E3%81%AA%E3%81%84%E3%81%8A" n3="%E4%B8%80%E8%88%AC%E5%8D%93%E3%81%AE%E9%80%86%E8%A5%B2%57%57" dan="15,15,14,14" rate="1970,1971,2021,1973" sx="F,M,M,M"/><TAIKYOKU oya="0"/>

<Scene>
<INIT seed="0,0,0,0,0,122" ten="250,250,250,250" oya="0" hai0="67,68,72,66,26,29,11,56,128,113,34,110,0" hai1="10,131,12,62,97,91,118,127,19,105,95,88,78" hai2="107,114,2,43,71,103,37,27,49,38,52,75,134" hai3="6,112,45,13,86,35,57,125,119,129,135,108,18"/><T74/><D113/><U30/><E118/><V123/><F114/><W65/><G112/><T5/><D56/><U8/><E131/><V60/><F75/><N who="0" m="28714" /><D66/><U51/><E127/><V42/><F2/><W58/><G119/><T106/><D106/><U63/><E105/><V3/><F3/><W92/><G125/><T7/><D7/><U20/><E78/><V64/><F123/><W87/><G129/><T85/><D85/><U36/><E36/><N who="2" m="13931" /><F27/><W96/><G35/><T25/><D25/><N who="1" m="16679" /><E51/><V77/><F77/><W46/><G6/><T40/><D40/><N who="2" m="15402" /><F103/><W31/><G31/><T130/><D110/><U121/><E121/><V82/><F82/><W124/><G108/><T70/><D70/><U94/><E10/><V48/><F107/><W32/><G32/><T23/><D23/><U102/><E102/><V24/><F24/><W83/><G124/><T109/><D109/><U89/><E89/><V126/><F126/><W76/><G86/><AGARI ba="0,0" hai="8,12,19,62,63,86,88,91,94,95,97" m="16679" machi="86" ten="30,2000,0" yaku="8,1,54,1" doraHai="122" who="1" fromWho="3" sc="250,0,250,20,250,0,250,-20" />
</Scene>
<Scene>
<INIT seed="1,0,0,1,4,20" ten="250,270,250,230" oya="1" hai0="80,123,101,8,97,63,4,34,125,116,57,12,35" hai1="56,39,6,106,9,84,96,49,24,87,45,79,58" hai2="94,65,25,83,99,69,60,22,73,105,81,130,127" hai3="126,110,10,50,32,78,61,37,66,82,36,48,42"/><U77/><E39/><V100/><F127/><W54/><G126/><T93/><D125/><U43/><E106/><V16/><F130/><W76/><G110/><T41/><D116/><U133/><E133/><V75/><REACH who="2" step="1"/><F105/><REACH who="2" ten="250,270,240,230" step="2"/><W86/><G32/><T3/><D35/><U29/><E79/><V122/><F122/><W67/><G10/><T132/><D34/><U121/><E121/><V72/><AGARI ba="0,1" hai="16,22,25,60,65,69,72,73,75,81,83,94,99,100" machi="72" ten="30,7900,0" yaku="1,1,0,1,52,1,54,1,53,0" doraHai="20" doraHaiUra="113" who="2" fromWho="2" sc="250,-20,270,-39,240,89,230,-20" />
</Scene>
<Scene>
<INIT seed="2,0,0,3,5,10" ten="230,231,329,210" oya="2" hai0="127,62,83,24,11,122,100,23,53,26,101,114,77" hai1="57,33,82,98,5,31,105,128,30,97,60,15,44" hai2="134,135,81,41,89,104,125,4,32,19,67,34,49" hai3="69,91,37,17,110,25,59,51,79,56,73,106,7"/><V61/><F104/><W40/><G106/><T20/><D114/><U103/><E128/><V36/><F36/><W55/><G110/><T14/><D122/><U21/><E98/><V85/><F125/><W84/><G7/><T13/><D127/><U46/><E33/><V75/><F75/><W18/><G69/><T102/><D62/><U1/><E1/><V90/><F4/><W107/><G107/><T68/><D68/><U131/><E131/><V74/><F74/><W96/><G96/><T95/><D53/><U123/><E123/><V45/><F90/><W133/><G133/><N who="2" m="50697" /><F19/><W63/><G73/><T93/><D77/><U99/><E5/><V109/><F109/><W120/><G120/><T72/><D72/><U70/><E105/><V43/><F43/><W35/><G79/><T28/><D83/><U52/><E82/><V78/><F78/><W3/><G3/><T132/><D132/><U8/><E103/><V80/><F81/><W29/><G40/><T39/><D39/><U121/><E121/><V12/><F12/><N who="0" m="4714" /><D11/><U16/><E31/><AGARI ba="0,0" hai="20,23,24,26,28,31,93,95,100,101,102" m="4714" machi="31" ten="30,7700,0" yaku="8,1,52,3" doraHai="10" who="0" fromWho="1" sc="230,77,231,-77,329,0,210,0" />
</Scene>
<Scene>
<INIT seed="3,0,0,5,2,65" ten="307,154,329,210" oya="3" hai0="43,8,44,79,87,92,93,14,38,19,21,3,70" hai1="100,52,106,76,31,80,61,97,86,42,102,49,5" hai2="114,128,81,122,116,41,47,28,51,10,118,105,64" hai3="29,108,54,110,96,98,39,126,103,68,63,40,101"/><W77/><G126/><T32/><D70/><U57/><E102/><V17/><F114/><W7/><G77/><T16/><D32/><U134/><E134/><V91/><F105/><W13/><G29/><T111/><D111/><N who="3" m="42537" /><G40/><T69/><D69/><U84/><E31/><V45/><F28/><W131/><G39/><T109/><D109/><U124/><E124/><V78/><F128/><W121/><G121/><T125/><D125/><U71/><E5/><V94/><F122/><W24/><G24/><T95/><D3/><U23/><E23/><V26/><F47/><W53/><G131/><T115/><D115/><U11/><E11/><V37/><F37/><W56/><G7/><T83/><REACH who="0" step="1"/><D95/><REACH who="0" ten="297,154,329,210" step="2"/><U20/><E20/><V15/><F94/><N who="3" m="58519" /><G68/><T89/><D89/><U82/><E82/><V75/><F91/><W58/><G13/><AGARI ba="0,1" hai="8,13,14,16,19,21,38,43,44,79,83,87,92,93" machi="13" ten="30,3900,0" yaku="1,1,7,1,54,1,53,0" doraHai="65" doraHaiUra="85" who="0" fromWho="3" sc="297,49,154,0,329,0,210,-39" owari="346,45.0,154,-35.0,329,13.0,171,-23.0" />
</Scene>
</mjloggm>