<mjloggm ver="2.3"><GO type="169"/><UN n0="%E3%81%98%E3%81%9A%E3%83%BC" n1="%E5%A4%AA%E3%81%8F%E3%81%AA%E3%81%84%E3%81%8A" n2="%E3%81%A9%E3%82%80%E3%81%93" n3="%E3%83%9D%E3%83%81%E3%83%A7%E3%83%A0%E3%82%AD%E3%83%B3%E2%98%85" dan="16,17,17,17" rate="2163,2148,2127,2148" sx="M,M,M,M"/><TAIKYOKU oya="0"/>

<Scene>
<INIT seed="0,0,0,2,3,61" ten="250,250,250,250" oya="0" hai0="38,21,13,130,23,94,110,124,40,36,87,67,127" hai1="22,114,31,125,57,33,112,11,106,17,97,66,52" hai2="12,59,108,24,107,118,134,51,80,71,15,128,117" hai3="115,122,70,76,63,96,75,73,27,91,82,78,3"/><T119/><D119/><U28/><E125/><N who="0" m="48201" /><D130/><U98/><E11/><V7/><F128/><W90/><G115/><N who="1" m="44074" /><E33/><V111/><F107/><W0/><G122/><T74/><D74/><U44/><E44/><V89/><F71/><W2/><G27/><T25/><D110/><N who="2" m="42026" /><F134/><W109/><G109/><T84/><D13/><N who="2" m="5194" /><F7/><W55/><G96/><N who="1" m="36970" /><E106/><V35/><F80/><W19/><G19/><T88/><D84/><U42/><E42/><V72/><F89/><W49/><G78/><T101/><D40/><U99/><E99/><V120/><F72/><W77/><G77/><T121/><D121/><U104/><E104/><V16/><F120/><W39/><G39/><T37/><D101/><U92/><E92/><V81/><F81/><W68/><G75/><T4/><D4/><U43/><E43/><V95/><F95/><W56/><REACH who="3" step="1"/><G70/><REACH who="3" ten="250,250,250,240" step="2"/><T93/><D25/><U29/><E17/><V46/><F16/><W133/><G133/><T30/><D38/><U20/><E29/><V64/><F24/><W100/><G100/><T129/><D30/><U18/><E31/><V116/><F35/><W14/><G14/><T69/><D37/><U131/><E28/><V50/><F46/><W54/><G54/><T105/><D36/><U65/><E131/><V6/><F6/><W5/><G5/><T113/><D129/><U62/><E18/><V85/><F85/><W1/><N who="3" m="512" /><DORA hai="41" /><W48/><G48/><N who="2" m="18473" /><F59/><W83/><G83/><N who="0" m="49279" /><D113/><U79/><E79/><V123/><F123/><W32/><G32/><T103/><D105/><U53/><E53/><V58/><F58/><W8/><G8/><RYUUKYOKU ba="0,1" sc="250,-30,250,10,250,10,240,10" hai1="20,22,52,57,62,65,66" hai2="64,116,117,118" hai3="49,55,56,63,68,73,76,82,90,91" />
</Scene>
<Scene>
<INIT seed="1,1,1,1,4,43" ten="220,260,260,250" oya="1" hai0="89,108,20,132,58,124,110,8,121,10,59,100,70" hai1="2,93,41,9,71,16,118,102,130,60,46,98,84" hai2="30,126,37,54,133,135,6,36,64,38,29,80,28" hai3="62,76,66,3,31,86,51,69,79,26,11,1,83"/><U21/><E118/><V35/><F64/><W24/><G76/><T15/><D70/><U120/><E120/><V7/><F35/><W78/><G78/><T113/><D113/><U127/><E127/><V123/><F123/><W34/><G11/><T17/><D121/><U75/><E75/><V40/><F80/><W18/><REACH who="3" step="1"/><G51/><REACH who="3" ten="220,260,260,240" step="2"/><T42/><D10/><U82/><E9/><V125/><F126/><W67/><G67/><T109/><D8/><U96/><E130/><V22/><F125/><W97/><G97/><T87/><D124/><U63/><E98/><V115/><F115/><W95/><G95/><T107/><D110/><U53/><E2/><V114/><F114/><W4/><G4/><T50/><D50/><N who="1" m="28887" /><E71/><V119/><F6/><W49/><G49/><T45/><D109/><U25/><E41/><V101/><F7/><W0/><G0/><T65/><D65/><U32/><E32/><V74/><F40/><W128/><G128/><T105/><D42/><U85/><E85/><V5/><F5/><W72/><G72/><T122/><D87/><U33/><E33/><V27/><F74/><W12/><G12/><T48/><D15/><U91/><AGARI ba="1,2" hai="16,21,25,60,63,82,84,91,93,96,102" m="28887" machi="91" ten="30,6000,0" yaku="8,1,52,1,54,1" doraHai="43" who="1" fromWho="1" sc="220,-21,260,83,260,-21,240,-21" />
</Scene>
<Scene>
<INIT seed="1,2,0,1,2,74" ten="199,343,239,219" oya="1" hai0="6,18,118,87,121,9,16,13,56,115,67,109,53" hai1="122,102,80,117,133,38,112,120,7,23,57,81,68" hai2="91,29,25,132,62,55,119,66,39,110,47,69,50" hai3="131,0,99,46,37,71,77,2,14,52,10,96,35"/><U75/><E117/><V26/><F132/><W60/><G131/><T22/><D118/><U100/><E68/><V12/><F119/><W107/><G35/><T73/><D115/><U86/><E38/><V82/><F110/><W129/><G129/><T123/><D109/><U8/><E112/><V20/><F39/><W42/><G77/><T85/><D73/><U44/><E133/><V113/><F113/><W72/><G72/><T17/><D67/><U30/><E44/><V49/><F12/><W125/><G125/><T90/><D22/><U84/><E75/><V89/><F82/><W64/><G107/><T45/><D45/><U51/><E30/><V103/><F103/><W130/><G130/><T83/><REACH who="0" step="1"/><D87/><REACH who="0" ten="189,343,239,219" step="2"/><U61/><E23/><V124/><F124/><W111/><G111/><T27/><D27/><U31/><E86/><V40/><F26/><W1/><REACH who="3" step="1"/><G52/><REACH who="3" ten="189,343,239,209" step="2"/><T106/><D106/><U98/><E122/><V63/><F55/><W114/><G114/><T79/><D79/><U54/><E120/><V43/><F43/><W28/><G28/><T88/><D88/><U59/><E31/><V126/><F126/><W128/><G128/><T70/><D70/><U5/><E54/><V24/><F40/><W32/><G32/><T94/><D94/><U134/><E134/><V11/><F91/><W48/><G48/><AGARI ba="2,2" hai="6,9,13,16,17,18,48,53,56,83,85,90,121,123" machi="48" ten="40,2600,0" yaku="1,1,54,1,53,0" doraHai="74" doraHaiUra="135" who="0" fromWho="3" sc="189,52,343,0,239,0,209,-32" />
</Scene>
<Scene>
<INIT seed="2,0,0,1,2,71" ten="241,343,239,177" oya="2" hai0="116,77,79,31,91,106,51,34,46,97,36,90,61" hai1="83,125,99,29,85,18,102,131,72,17,109,11,38" hai2="33,134,64,47,120,68,117,87,94,49,56,88,59" hai3="128,45,70,9,75,62,98,20,132,30,95,60,26"/><V63/><F117/><W16/><G132/><T39/><D116/><U55/><E72/><V78/><F134/><W100/><G128/><T65/><D91/><U40/><E29/><V32/><F120/><W104/><G75/><T21/><D21/><U8/><E131/><V110/><F78/><W66/><G45/><T6/><D6/><U52/><E109/><V126/><F110/><W54/><G104/><T37/><D31/><U48/><E125/><V86/><F126/><W15/><G60/><T57/><D34/><U82/><E40/><V107/><F107/><W2/><G2/><T12/><D12/><U103/><E48/><V44/><F87/><W123/><REACH who="3" step="1"/><G54/><REACH who="3" ten="241,343,239,167" step="2"/><T114/><D106/><U14/><E55/><V1/><F1/><W129/><G129/><T80/><D46/><U111/><E52/><V89/><F47/><W119/><G119/><T112/><D61/><U81/><E111/><V76/><F44/><W69/><G69/><T23/><D114/><U84/><E82/><V115/><F68/><W3/><G3/><T108/><D80/><U28/><E83/><V93/><F115/><W67/><G67/><T50/><D65/><U19/><E81/><V7/><F64/><W121/><AGARI ba="0,1" hai="9,15,16,20,26,30,62,66,70,95,98,100,121,123" machi="121" ten="30,4000,0" yaku="1,1,0,1,54,1,53,0" doraHai="71" doraHaiUra="41" who="3" fromWho="3" sc="241,-10,343,-10,239,-20,167,50" />
</Scene>
<Scene>
<INIT seed="3,0,0,4,0,50" ten="231,333,219,217" oya="3" hai0="132,99,83,123,111,72,92,107,58,59,88,6,54" hai1="100,30,52,135,102,9,10,24,5,81,73,57,115" hai2="109,78,37,28,105,74,128,11,134,33,13,91,0" hai3="82,56,32,76,47,118,125,22,49,70,61,12,124"/><W120/><G120/><T68/><D123/><U45/><E115/><V95/><F105/><W113/><G118/><T104/><D68/><U29/><E135/><V43/><F134/><W108/><G113/><T75/><D132/><U17/><E45/><V93/><F128/><W79/><G108/><T84/><D111/><U62/><E73/><V131/><F131/><W101/><G32/><T130/><D6/><U103/><E81/><V67/><F0/><W87/><G70/><T2/><D2/><U63/><E63/><V65/><F93/><W96/><G79/><T89/><D59/><U106/><E106/><V86/><F28/><N who="1" m="10857" /><E5/><V64/><F33/><W114/><G114/><T34/><D34/><U80/><E80/><V41/><F37/><W133/><G133/><T3/><D3/><U4/><E4/><V16/><F109/><W27/><G12/><T40/><D40/><N who="2" m="15434" /><F74/><W121/><G121/><T112/><D112/><U55/><E55/><V31/><F31/><N who="3" m="17911" /><G47/><T77/><D130/><U15/><E24/><V25/><F25/><W119/><G119/><T71/><D71/><U18/><E18/><V23/><F78/><W19/><G19/><T39/><D39/><U60/><E60/><V44/><F44/><W26/><G49/><N who="0" m="31055" /><D72/><U127/><E127/><N who="3" m="48714" /><G26/><T8/><D75/><U116/><E116/><V69/><F69/><W7/><G7/><T51/><D51/><U36/><E36/><V21/><AGARI ba="0,0" hai="11,13,16,21,23,64,65,67,86,91,95" m="15434" machi="21" ten="30,2000,0" yaku="8,1,54,1" doraHai="50" who="2" fromWho="2" sc="231,-5,333,-5,219,20,217,-10" />
</Scene>
<Scene>
<INIT seed="4,0,0,1,2,129" ten="226,328,239,207" oya="0" hai0="105,19,132,36,10,12,121,28,100,33,21,94,16" hai1="98,127,126,53,73,89,40,32,76,3,131,20,80" hai2="41,68,106,52,62,101,48,115,58,18,86,22,23" hai3="38,81,72,97,27,54,128,39,90,65,93,43,77"/><T74/><D121/><U61/><E32/><V95/><F115/><W60/><G128/><T104/><D36/><U84/><E3/><V25/><F106/><W63/><G43/><T31/><D74/><U133/><E131/><V91/><F101/><W34/><G54/><T82/><D82/><U56/><E40/><V6/><F6/><W96/><G96/><T47/><D47/><U49/><E98/><V118/><F118/><W122/><G122/><T79/><D79/><U113/><E113/><V17/><F68/><W50/><G50/><T78/><D78/><U11/><E11/><V109/><F109/><W108/><G108/><T9/><D94/><N who="1" m="54567" /><E20/><V123/><F123/><W116/><G116/><T1/><D100/><U88/><E88/><V117/><F117/><W107/><G60/><T135/><D33/><U57/><E57/><V64/><F41/><W83/><G83/><T125/><D1/><U75/><E75/><V35/><F35/><W66/><G66/><T87/><D87/><U15/><E15/><N who="2" m="9535" /><F64/><W30/><REACH who="3" step="1"/><G107/><REACH who="3" ten="226,328,239,197" step="2"/><T5/><D105/><U55/><E61/><AGARI ba="0,1" hai="18,23,25,48,52,58,61,62,86,91,95" m="9535" machi="61" ten="30,3900,0" yaku="25,1,8,1,54,1" doraHai="129" who="2" fromWho="1" sc="226,0,328,-39,239,49,197,0" />
</Scene>
<Scene>
<INIT seed="5,0,0,2,1,86" ten="226,289,288,197" oya="1" hai0="123,42,34,63,52,0,36,81,44,15,92,1,54" hai1="107,78,20,12,35,93,105,2,68,88,45,38,74" hai2="48,117,60,122,6,103,10,71,135,126,46,18,108" hai3="33,102,83,26,55,57,128,41,9,100,114,24,134"/><U112/><E35/><V116/><F122/><W32/><G128/><T11/><D34/><U111/><E68/><V40/><F108/><W97/><G114/><T17/><D123/><U75/><E2/><V99/><F135/><W109/><G134/><T58/><D81/><U121/><E121/><V70/><F126/><W119/><G109/><T5/><D54/><U67/><E67/><V101/><F103/><W50/><G119/><T43/><D42/><U29/><E111/><V51/><F18/><W85/><G41/><T56/><D56/><U127/><E38/><V8/><F51/><W49/><G9/><T65/><D65/><U130/><E45/><V106/><F10/><W129/><G129/><T13/><REACH who="0" step="1"/><D92/><REACH who="0" ten="216,289,288,197" step="2"/><U113/><E93/><V47/><F117/><W14/><G83/><T31/><D31/><U84/><E29/><V110/><F116/><W120/><G120/><T64/><D64/><U19/><E130/><V30/><F30/><W87/><G57/><T132/><D132/><U73/><E112/><V28/><F28/><W16/><G55/><T131/><D131/><U4/><E113/><V79/><F110/><W72/><G72/><T77/><D77/><U61/><E78/><V80/><F79/><W76/><G76/><T82/><D82/><U118/><E74/><V3/><F80/><W98/><REACH who="3" step="1"/><G14/><REACH who="3" ten="216,289,288,187" step="2"/><T115/><D115/><U95/><E12/><V133/><F133/><W90/><G90/><T124/><D124/><U39/><E75/><V69/><F40/><W96/><G96/><T125/><D125/><U21/><E127/><V22/><F70/><RYUUKYOKU ba="0,2" sc="216,15,289,-15,288,-15,187,15" hai0="0,1,5,11,13,15,17,36,43,44,52,58,63" hai3="16,24,26,32,33,49,50,85,87,97,98,100,102" />
</Scene>
<Scene>
<INIT seed="6,1,2,2,3,52" ten="231,274,273,202" oya="2" hai0="60,89,56,71,18,68,91,1,90,102,29,83,129" hai1="92,79,6,19,105,61,134,107,114,124,87,2,50" hai2="31,66,64,128,73,81,108,14,131,115,67,133,122" hai3="4,95,65,82,40,101,57,12,35,127,58,34,20"/><V0/><F122/><W93/><G127/><T112/><D112/><U119/><E119/><V98/><F115/><W76/><G35/><T123/><D123/><U106/><E114/><V28/><F0/><W118/><G118/><T125/><D125/><U38/><E38/><V44/><F108/><W41/><G34/><T25/><D102/><U15/><E124/><V11/><F133/><W111/><G111/><T24/><D1/><U97/><E134/><V130/><F44/><W78/><G65/><T26/><D129/><U36/><E36/><V10/><F98/><N who="3" m="59599" /><G95/><T5/><D5/><U96/><E50/><V94/><F94/><W37/><G37/><T42/><D42/><N who="3" m="16489" /><G4/><T99/><D99/><U85/><E96/><V30/><F14/><W109/><G109/><T104/><D104/><U51/><E6/><V48/><F48/><W45/><G45/><T63/><D83/><U39/><E39/><V116/><F116/><W135/><G135/><T46/><D46/><U53/><E2/><V21/><F21/><W16/><G82/><T7/><D7/><U121/><E121/><V13/><F13/><W62/><G62/><T23/><D63/><U113/><E61/><V86/><F73/><W49/><G49/><T59/><D60/><U132/><E132/><V27/><F27/><W77/><AGARI ba="1,2" hai="12,16,20,57,58,76,77,78" m="16489,59599" machi="77" ten="30,7900,0" yaku="8,1,52,2,54,1" doraHai="52" who="3" fromWho="3" sc="231,-21,274,-21,273,-40,202,102" />
</Scene>
<Scene>
<INIT seed="7,0,0,2,5,106" ten="210,253,233,304" oya="3" hai0="23,42,44,90,24,125,111,68,3,81,1,73,19" hai1="13,103,70,27,7,78,26,86,75,107,22,87,39" hai2="5,12,14,17,119,15,129,59,134,67,83,57,127" hai3="32,64,91,121,98,105,133,58,114,117,9,53,63"/><W102/><G114/><T56/><D68/><U4/><E39/><V62/><F119/><W132/><G121/><T61/><D111/><U25/><E70/><V8/><F134/><N who="3" m="51819" /><G117/><T50/><D125/><U130/><E130/><V101/><F127/><W65/><G32/><T0/><D90/><U122/><E122/><V72/><F129/><W47/><G9/><T48/><D48/><U80/><E22/><V37/><F37/><W29/><G29/><T113/><D113/><U41/><E41/><V30/><F30/><W82/><G47/><T40/><D40/><U2/><E2/><V46/><F46/><W97/><G97/><T123/><D123/><U74/><E87/><AGARI ba="0,0" hai="53,58,63,64,65,82,87,91,98,102,105" m="51819" machi="87" ten="30,1500,0" yaku="20,1" doraHai="106" who="3" fromWho="1" sc="210,0,253,-15,233,0,304,15" owari="210,-29.0,238,4.0,233,-17.0,319,42.0" />
</Scene>
</mjloggm>