<mjloggm ver="2.3"><GO type="169"/><UN n0="%E3%82%A2%E3%83%8A%E3%83%AB%E5%85%84%E5%BC%9F" n1="%E3%83%88%E3%83%9E%E3%82%BD%E3%83%B3" n2="%E3%83%8F%E3%83%94%E3%83%8A%E5%90%8D%E6%8E%9B%E4%B8%81" n3="%E5%A4%AA%E3%81%8F%E3%81%AA%E3%81%84%E3%81%8A" dan="16,17,16,18" rate="2077,2086,2094,2149" sx="M,M,M,M"/><TAIKYOKU oya="0"/>

<Scene>
<INIT seed="0,0,0,2,4,7" ten="250,250,250,250" oya="0" hai0="74,76,33,88,15,96,60,132,106,133,44,25,27" hai1="21,95,82,107,10,86,34,8,29,2,61,19,43" hai2="98,63,35,92,56,80,90,79,71,115,87,101,12" hai3="45,128,41,78,42,93,4,16,26,100,130,28,59"/><T0/><D0/><U54/><E107/><V108/><F71/><W14/><G78/><T68/><D44/><U9/><E43/><V94/><F35/><W124/><G124/><T31/><D25/><N who="1" m="16559" /><E34/><V52/><F115/><W38/><G42/><T6/><D76/><N who="1" m="46407" /><E2/><V121/><F121/><W57/><G4/><T111/><D74/><U77/><E77/><V85/><F108/><W22/><G100/><N who="0" m="62727" /><D111/><U18/><E95/><V99/><REACH who="2" step="1"/><F12/><REACH who="2" ten="250,250,240,250" step="2"/><W70/><G70/><T39/><D39/><U110/><E110/><V103/><F103/><W48/><G130/><T46/><D88/><U67/><E67/><V117/><F117/><W30/><G128/><T125/><D125/><U72/><E72/><AGARI ba="0,1" hai="52,56,63,72,79,80,85,87,90,92,94,98,99,101" machi="72" ten="30,3900,0" yaku="1,1,7,1,54,1,53,0" doraHai="7" doraHaiUra="62" who="2" fromWho="1" sc="250,0,250,-39,240,49,250,0" />
</Scene>
<Scene>
<INIT seed="1,0,0,2,4,108" ten="250,211,289,250" oya="1" hai0="41,66,101,124,39,43,133,113,135,42,58,59,2" hai1="47,8,125,128,74,15,120,3,78,117,36,7,126" hai2="12,104,98,60,86,14,1,114,40,97,34,55,127" hai3="102,79,64,92,89,94,95,54,116,27,11,77,112"/><U110/><E120/><V121/><F1/><W91/><G116/><T21/><D2/><U96/><E117/><V16/><F121/><W29/><G64/><T20/><D101/><U80/><E110/><V44/><F34/><W131/><G131/><T93/><D93/><U56/><E128/><V46/><F127/><W87/><G11/><T71/><D21/><U70/><E70/><V76/><F104/><W24/><G54/><T22/><D20/><U75/><E75/><V49/><F14/><W107/><G107/><T50/><D22/><U18/><E96/><V84/><F114/><W118/><G118/><T65/><D39/><U26/><E26/><V83/><F84/><W82/><G112/><T132/><D124/><U72/><E72/><V81/><F81/><W115/><G115/><T130/><D130/><U37/><E37/><V62/><F62/><W134/><G134/><T61/><D113/><U57/><E126/><V25/><F25/><W63/><G63/><N who="0" m="38143" /><D50/><U69/><E69/><AGARI ba="0,0" hai="41,42,43,58,61,66,69,71,132,133,135" m="38143" machi="69" ten="40,5200,0" yaku="20,1,34,2" doraHai="108" who="0" fromWho="1" sc="250,52,211,-52,289,0,250,0" />
</Scene>
<Scene>
<INIT seed="2,0,0,5,4,117" ten="302,159,289,250" oya="2" hai0="2,57,54,61,64,23,131,43,74,41,116,59,90" hai1="75,103,4,112,134,8,21,99,25,6,66,48,51" hai2="67,32,96,22,104,92,3,9,105,87,98,115,107" hai3="17,80,135,114,14,12,118,47,20,89,119,71,122"/><V7/><F32/><W18/><G71/><T5/><D74/><U27/><E75/><V16/><F115/><W40/><G114/><T83/><D116/><U132/><E112/><V76/><F67/><W62/><G135/><T95/><D83/><U24/><E66/><V94/><F76/><W120/><G62/><T133/><D131/><U106/><E21/><V15/><REACH who="2" step="1"/><F87/><REACH who="2" ten="302,159,279,250" step="2"/><W88/><G118/><T124/><D133/><N who="1" m="51307" /><E6/><V121/><F121/><W37/><G119/><T34/><D34/><U97/><E97/><AGARI ba="0,1" hai="3,7,9,15,16,22,92,94,96,97,98,104,105,107" machi="97" ten="40,3900,0" yaku="1,1,54,1,53,0" doraHai="117" doraHaiUra="79" who="2" fromWho="1" sc="302,0,159,-39,279,49,250,0" />
</Scene>
<Scene>
<INIT seed="2,1,0,5,5,127" ten="302,120,328,250" oya="2" hai0="6,106,0,92,60,17,89,55,98,82,64,78,54" hai1="52,77,105,124,39,125,131,3,102,59,42,112,63" hai2="22,79,120,8,68,44,2,95,101,107,49,24,117" hai3="32,116,16,84,108,94,91,14,132,50,80,48,81"/><V104/><F117/><W36/><G36/><T100/><D0/><U103/><E3/><V97/><F120/><W129/><G116/><T15/><D6/><U51/><E112/><V71/><F79/><W34/><G108/><T29/><D29/><U43/><E77/><V123/><F123/><W33/><G129/><T56/><D100/><U111/><E105/><V45/><F45/><W37/><G37/><T76/><D106/><U90/><E111/><V126/><F126/><N who="1" m="48745" /><E90/><V30/><F107/><W4/><G4/><T96/><D78/><U73/><E73/><V20/><F104/><W119/><G132/><T13/><D98/><U26/><E26/><V133/><F133/><W113/><G113/><T122/><D15/><U74/><E74/><V88/><F101/><N who="1" m="38409" /><E39/><V23/><F2/><W65/><G65/><T18/><D122/><U67/><E131/><V9/><F68/><AGARI ba="1,0" hai="42,43,51,52,59,63,67,68" m="38409,48745" machi="68" ten="30,2000,0" yaku="18,1,54,1" doraHai="127" who="1" fromWho="2" sc="302,0,120,23,328,-23,250,0" />
</Scene>
<Scene>
<INIT seed="3,0,0,3,3,71" ten="302,143,305,250" oya="3" hai0="51,100,74,58,41,24,105,27,47,114,103,124,6" hai1="107,87,45,23,92,16,54,94,44,89,50,35,127" hai2="34,125,98,118,2,30,33,111,122,131,90,85,83" hai3="123,18,17,26,66,29,48,4,67,7,101,112,86"/><W32/><G123/><T62/><D74/><U130/><E127/><V113/><F118/><W31/><G112/><T68/><D68/><U46/><E130/><V79/><F113/><W84/><G101/><T13/><D114/><U28/><E107/><V5/><F125/><W102/><G102/><N who="0" m="38955" /><D105/><U3/><E3/><V11/><F131/><W63/><G48/><T55/><D124/><U78/><E78/><V82/><F122/><W129/><G129/><T106/><D106/><U108/><E108/><V19/><F98/><W132/><G132/><T117/><D117/><U21/><E35/><V97/><F97/><W109/><G109/><T65/><D65/><U76/><E76/><V116/><F116/><W99/><G99/><T53/><D53/><U1/><E1/><V95/><F111/><W22/><G32/><T0/><D0/><U121/><E121/><V110/><F110/><W72/><G72/><T120/><D120/><U52/><E54/><V57/><F34/><W12/><G63/><T96/><D96/><U81/><E28/><N who="3" m="10826" /><G66/><T135/><D135/><U43/><E23/><V61/><F30/><W15/><G67/><T59/><D59/><N who="1" m="33175" /><E43/><V25/><F33/><W49/><G49/><T70/><D70/><U40/><E40/><V56/><F56/><W80/><G26/><AGARI ba="0,0" hai="16,21,26,44,45,46,81,87,89,92,94" m="33175" machi="26" ten="30,3900,0" yaku="8,1,54,2" doraHai="71" who="1" fromWho="3" sc="302,0,143,39,305,0,250,-39" />
</Scene>
<Scene>
<INIT seed="4,0,0,0,5,36" ten="302,182,305,211" oya="0" hai0="90,122,113,63,38,75,45,123,86,107,84,33,41" hai1="121,89,93,92,119,96,46,108,124,133,76,72,37" hai2="77,82,116,59,58,17,62,60,120,24,4,16,132" hai3="18,134,102,79,70,25,114,55,68,106,26,71,23"/><T47/><D33/><U98/><E108/><V97/><F120/><W29/><G114/><T39/><D75/><U27/><E121/><V126/><F132/><W67/><G134/><T22/><D107/><U118/><E133/><V13/><F126/><W6/><G6/><T7/><D7/><U66/><E66/><V52/><F116/><W44/><G79/><T19/><D63/><U21/><E124/><V105/><F105/><W10/><G67/><T129/><D86/><U56/><E56/><V99/><F4/><W49/><G10/><T109/><D113/><U80/><E46/><V32/><F32/><W83/><G83/><T128/><D109/><U1/><E37/><V104/><F104/><W91/><G91/><T5/><D5/><U101/><E1/><V34/><F34/><W100/><REACH who="3" step="1"/><G106/><REACH who="3" ten="302,182,305,201" step="2"/><T131/><D38/><U31/><AGARI ba="0,1" hai="21,27,31,72,76,80,89,92,93,96,98,101,118,119" machi="31" ten="20,1500,0" yaku="0,1,7,1" doraHai="36" who="1" fromWho="1" sc="302,-7,182,25,305,-4,201,-4" />
</Scene>
<Scene>
<INIT seed="5,0,0,4,1,15" ten="295,207,301,197" oya="1" hai0="84,132,90,119,7,99,3,70,76,29,88,39,115" hai1="20,124,48,130,68,127,117,60,34,6,17,95,85" hai2="66,62,100,41,49,126,55,106,112,44,110,38,101" hai3="8,54,96,45,18,51,31,108,25,42,111,89,72"/><U56/><E117/><V58/><F110/><W43/><G72/><T11/><D70/><U116/><E116/><V97/><F126/><N who="1" m="48169" /><E34/><V94/><F112/><W22/><G111/><T52/><D39/><U59/><E6/><V64/><F64/><W74/><G74/><T91/><D119/><U109/><E109/><V83/><F83/><W47/><G108/><T78/><D29/><U125/><E125/><V71/><REACH who="2" step="1"/><F101/><REACH who="2" ten="295,207,291,197" step="2"/><W67/><G67/><T63/><D115/><U23/><E130/><V79/><F79/><W33/><G33/><T12/><D132/><U37/><E37/><V13/><F13/><N who="3" m="7463" /><G47/><T118/><D3/><U114/><E114/><V102/><F102/><W107/><G107/><AGARI ba="0,1" hai="38,41,44,49,55,58,62,66,71,94,97,100,106,107" machi="107" ten="40,5200,0" yaku="1,1,24,2,53,0" doraHai="15" doraHaiUra="26" who="2" fromWho="3" sc="295,0,207,0,291,62,197,-52" />
</Scene>
<Scene>
<INIT seed="6,0,0,2,4,46" ten="295,207,353,145" oya="2" hai0="58,66,74,33,117,129,11,45,34,65,26,79,105" hai1="0,133,47,98,85,73,54,82,123,19,42,130,97" hai2="132,60,83,62,44,94,84,7,106,21,18,41,80" hai3="76,103,67,127,95,56,124,99,36,92,16,15,112"/><V91/><F106/><W68/><G36/><T118/><D105/><U23/><E123/><V131/><F7/><W81/><G68/><T49/><D129/><U125/><E0/><V28/><F28/><W39/><G39/><T126/><D79/><U29/><E73/><V35/><F35/><W70/><G70/><T53/><D74/><U38/><E130/><V115/><F115/><W113/><G95/><T3/><D126/><N who="3" m="48169" /><G67/><T12/><D3/><U102/><E133/><V48/><F132/><W20/><G56/><T8/><D8/><U78/><E29/><V110/><F110/><W87/><AGARI ba="0,0" hai="15,16,20,76,81,87,92,99,103,112,113" m="48169" machi="87" ten="30,2000,0" yaku="18,1,54,1" doraHai="46" who="3" fromWho="3" sc="295,-5,207,-5,353,-10,145,20" />
</Scene>
<Scene>
<INIT seed="7,0,0,2,5,61" ten="290,202,343,165" oya="3" hai0="27,120,48,49,40,45,123,67,102,37,100,64,43" hai1="51,57,119,81,4,11,75,79,6,105,0,18,134" hai2="116,84,109,98,85,19,117,129,132,97,12,23,53" hai3="107,133,3,17,28,104,8,66,22,89,95,126,94"/><W10/><G133/><T121/><D27/><U101/><E134/><V30/><F132/><W93/><G126/><T115/><D102/><U72/><E119/><V111/><F30/><W124/><G124/><T63/><D100/><U73/><E6/><V127/><F127/><W36/><G36/><T90/><D90/><U2/><E2/><V5/><F5/><W42/><G42/><N who="0" m="22735" /><D115/><U26/><E51/><N who="0" m="19529" /><D63/><U9/><E101/><V68/><F117/><W77/><G77/><T65/><AGARI ba="0,0" hai="40,43,64,65,67,120,121,123" m="19529,22735" machi="65" ten="40,8000,1" yaku="34,2,52,3" doraHai="61" who="0" fromWho="0" sc="290,80,202,-20,343,-20,165,-40" owari="370,47.0,182,-22.0,323,12.0,125,-37.0" />
</Scene>
</mjloggm>