<mjloggm ver="2.3"><GO type="169"/><UN n0="%40%E9%A6%AC%E6%9D%89%E5%AF%A7%E9%A6%99" n1="%E5%A4%BE%2E" n2="%E3%81%8F%E3%82%89%E3%81%8F%E3%82%89" n3="%E5%A4%AA%E3%81%8F%E3%81%AA%E3%81%84%E3%81%8A" dan="17,16,16,18" rate="2179,2072,2091,2177" sx="M,F,M,M"/><TAIKYOKU oya="0"/>

<Scene>
<INIT seed="0,0,0,2,2,66" ten="250,250,250,250" oya="0" hai0="55,6,57,85,86,117,78,80,123,81,14,70,3" hai1="83,71,27,68,116,93,51,49,67,77,112,45,94" hai2="56,9,122,15,50,63,60,44,11,126,28,103,97" hai3="87,131,95,129,118,53,133,82,37,48,92,130,46"/><T109/><D3/><U30/><E116/><V1/><F122/><W96/><G118/><T110/><D117/><U125/><E125/><V113/><F113/><W121/><G121/><T32/><D32/><U41/><E112/><V72/><F72/><W114/><G114/><T61/><D123/><U31/><E51/><V134/><F28/><W59/><G133/><T20/><D70/><U91/><E67/><V98/><F134/><W75/><G75/><T2/><D2/><U100/><E100/><V25/><F25/><W64/><G96/><N who="2" m="36969" /><F103/><W47/><G37/><T5/><D20/><U99/><E94/><N who="3" m="35882" /><G64/><T39/><D39/><U40/><E40/><N who="2" m="24839" /><F1/><W104/><G104/><T84/><D14/><U79/><E79/><AGARI ba="0,0" hai="46,47,48,53,59,79,82,87,129,130,131" m="35882" machi="79" ten="30,1000,0" yaku="19,1" doraHai="66" who="3" fromWho="1" sc="250,0,250,-10,250,0,250,10" />
</Scene>
<Scene>
<INIT seed="1,0,0,0,2,118" ten="250,240,250,260" oya="1" hai0="62,132,30,67,82,26,65,123,49,59,71,42,97" hai1="3,77,50,2,20,126,58,15,105,52,11,53,84" hai2="25,28,83,131,37,10,117,69,91,100,78,43,16" hai3="5,38,89,81,104,44,63,79,110,134,18,74,120"/><U27/><E105/><V55/><F69/><W127/><G104/><T66/><D132/><U115/><E115/><V39/><F91/><W121/><G134/><T135/><D135/><U128/><E128/><V34/><F100/><W103/><G103/><T48/><D123/><U98/><E126/><V129/><F117/><W106/><G106/><T4/><D4/><U46/><E98/><V22/><F10/><W119/><G127/><T21/><D97/><U86/><E77/><V0/><F0/><W35/><G35/><T32/><D32/><U54/><E2/><V24/><F55/><W56/><G119/><T9/><D9/><U90/><E3/><V61/><F61/><W19/><G5/><T114/><D114/><U75/><E75/><V102/><F102/><W36/><G89/><T111/><D111/><U17/><E58/><V88/><F78/><W122/><G110/><T31/><D31/><N who="1" m="17895" /><E84/><N who="2" m="50207" /><F43/><W47/><G47/><N who="0" m="25719" /><D71/><U125/><E125/><V45/><F45/><W57/><G57/><T8/><D8/><U112/><E112/><V68/><F68/><W64/><REACH who="3" step="1"/><G44/><REACH who="3" ten="250,240,250,250" step="2"/><T130/><D59/><U95/><AGARI ba="0,1" hai="11,15,17,46,50,52,53,54,86,90,95" m="17895" machi="95" ten="30,3000,0" yaku="8,1,54,1" doraHai="118" who="1" fromWho="1" sc="250,-10,240,40,250,-10,250,-10" />
</Scene>
<Scene>
<INIT seed="1,1,0,3,1,81" ten="240,280,240,240" oya="1" hai0="37,33,4,47,78,123,44,63,135,32,68,88,71" hai1="114,76,54,35,133,56,59,127,50,121,26,10,93" hai2="89,97,125,62,49,113,95,3,134,38,45,55,101" hai3="106,100,96,131,84,48,20,1,15,39,18,109,61"/><U17/><E121/><V117/><F3/><W25/><G39/><T115/><D78/><U43/><E114/><V2/><F2/><W9/><G109/><T86/><D115/><U74/><E133/><V5/><F117/><W102/><G131/><T118/><D118/><U0/><E127/><V14/><F113/><W64/><G1/><T65/><D135/><U83/><E93/><V57/><F134/><W104/><G48/><T98/><D123/><U22/><E35/><V73/><F38/><W60/><G64/><T11/><D71/><U70/><E70/><V79/><F125/><W119/><G119/><T130/><D98/><U42/><REACH who="1" step="1"/><E59/><REACH who="1" ten="240,270,240,240" step="2"/><V77/><F73/><W129/><G129/><T112/><D112/><U75/><E75/><V85/><F5/><AGARI ba="1,1" hai="0,5,10,17,22,26,42,43,50,54,56,74,76,83" machi="5" ten="40,2000,0" yaku="1,1,53,0" doraHai="81" doraHaiUra="122" who="1" fromWho="2" sc="240,0,270,33,240,-23,240,0" />
</Scene>
<Scene>
<INIT seed="1,2,0,2,3,33" ten="240,303,217,240" oya="1" hai0="101,79,26,107,17,35,74,1,23,131,80,9,81" hai1="19,83,93,16,128,119,56,133,6,28,7,10,123" hai2="126,15,45,86,24,106,8,2,22,67,12,40,94" hai3="111,36,57,63,97,99,32,58,96,14,127,89,84"/><U5/><E123/><V76/><F106/><W65/><G32/><T0/><D131/><U95/><E119/><V29/><F126/><W98/><G36/><T53/><D35/><U13/><E128/><V68/><F68/><W43/><G127/><T130/><D130/><U108/><E133/><V64/><F2/><W122/><G122/><T117/><D117/><U51/><E28/><V125/><F125/><W92/><G111/><T120/><D120/><U41/><E83/><N who="2" m="47463" /><F94/><N who="1" m="35849" /><E108/><V78/><F78/><W113/><G113/><T110/><D110/><U129/><E129/><V71/><F71/><W85/><G43/><T52/><D81/><U18/><E41/><V69/><F69/><W70/><N who="3" m="24576" /><DORA hai="103" /><W116/><G116/><T31/><D101/><U135/><E135/><V104/><F104/><W48/><G85/><T3/><REACH who="0" step="1"/><D107/><REACH who="0" ten="230,303,217,240" step="2"/><U11/><E11/><V60/><F60/><W66/><G63/><T109/><D109/><U87/><E87/><V34/><F34/><W27/><G84/><T124/><D124/><U132/><E132/><V55/><F8/><W88/><G92/><T30/><D30/><U72/><E72/><V49/><F40/><W20/><G89/><T59/><D59/><U62/><E62/><V38/><F38/><W114/><G88/><T102/><D102/><U134/><E134/><V47/><F47/><W4/><G58/><T21/><D21/><U121/><E121/><V105/><F105/><W50/><G57/><T25/><D25/><U82/><E82/><V90/><F90/><W112/><G70/><T42/><D42/><U39/><E39/><RYUUKYOKU ba="2,1" sc="230,10,303,10,217,10,240,-30" hai0="0,1,3,9,17,23,26,31,52,53,74,79,80" hai1="5,6,7,10,13,16,18,19,51,56" hai2="12,15,22,24,29,45,49,55,64,67" />
</Scene>
<Scene>
<INIT seed="1,3,1,0,5,96" ten="240,313,227,210" oya="1" hai0="52,122,20,75,134,125,95,44,118,36,56,54,0" hai1="67,29,50,14,71,15,45,119,72,124,85,68,13" hai2="24,30,18,79,126,112,106,99,2,73,80,12,97" hai3="76,7,88,21,89,41,35,82,26,108,63,128,40"/><U90/><E119/><V129/><F2/><W4/><G35/><T121/><D0/><U111/><E72/><V78/><F112/><W65/><G108/><T109/><D75/><U46/><E111/><V34/><F126/><W104/><G104/><T32/><D32/><U47/><E124/><V39/><F39/><W94/><G128/><T116/><D109/><U93/><E29/><V28/><F129/><W92/><G76/><T84/><D125/><U130/><E130/><V5/><F79/><W23/><G82/><T123/><D134/><U19/><E19/><V86/><F73/><W17/><G63/><N who="0" m="36231" /><D20/><U53/><REACH who="1" step="1"/><E67/><REACH who="1" ten="240,303,227,210" step="2"/><V11/><F30/><W101/><G65/><T81/><D118/><U37/><E37/><V77/><F18/><W83/><G17/><T70/><D36/><U57/><AGARI ba="3,2" hai="13,14,15,45,46,47,50,53,57,68,71,85,90,93" machi="57" ten="30,3000,0" yaku="1,1,0,1,53,0" doraHai="96" doraHaiUra="110" who="1" fromWho="1" sc="240,-13,303,59,227,-13,210,-13" />
</Scene>
<Scene>
<INIT seed="1,4,0,2,1,8" ten="227,362,214,197" oya="1" hai0="81,9,13,25,114,30,132,0,3,14,79,113,2" hai1="126,37,69,122,23,67,45,49,68,62,130,71,52" hai2="115,21,51,11,106,111,17,10,117,91,75,63,96" hai3="56,128,50,82,29,127,101,94,100,104,40,54,116"/><U70/><E23/><V24/><F75/><W129/><G104/><T55/><D55/><U27/><E27/><V80/><F117/><W47/><G116/><T46/><D46/><U112/><E122/><V39/><F39/><W12/><G127/><T61/><D61/><U53/><E112/><N who="0" m="43113" /><D81/><U89/><E89/><V135/><F63/><W107/><G107/><T64/><D64/><U6/><E6/><V41/><F106/><W109/><G82/><T88/><D88/><U36/><E126/><V28/><F115/><W58/><G94/><T73/><D79/><U57/><E130/><V16/><F96/><W110/><G40/><T44/><D44/><U7/><E7/><V72/><F72/><W76/><G47/><T48/><D48/><AGARI ba="4,0" hai="36,37,45,48,49,52,53,57,62,67,68,69,70,71" machi="48" ten="40,18000,2" yaku="35,6,54,1" doraHai="8" who="1" fromWho="0" sc="227,-192,362,192,214,0,197,0" />
</Scene>
<Scene>
<INIT seed="1,5,0,5,4,62" ten="35,554,214,197" oya="1" hai0="43,30,73,77,131,37,39,29,121,5,104,14,48" hai1="24,10,42,55,65,66,83,116,75,110,7,38,11" hai2="135,84,124,126,128,44,130,58,79,105,47,86,40" hai3="16,35,13,72,93,108,102,88,36,132,91,23,71"/><U8/><E116/><V70/><F105/><W15/><G36/><T3/><D104/><U92/><E24/><V97/><F97/><W111/><G72/><T22/><D131/><N who="2" m="50218" /><F79/><W133/><G35/><T41/><D121/><U61/><E7/><V80/><F80/><W49/><G71/><T19/><D48/><U54/><E92/><V76/><F76/><W6/><G102/><T63/><D63/><U59/><E110/><N who="3" m="42026" /><G49/><T117/><D43/><U101/><E101/><V107/><F107/><W120/><G120/><T123/><D39/><U122/><E122/><V69/><F58/><W113/><G113/><T103/><D103/><U0/><E83/><V18/><F18/><N who="3" m="10703" /><G6/><T64/><D123/><U20/><E75/><V96/><F96/><N who="3" m="57383" /><G91/><T32/><D37/><U34/><E38/><V56/><F56/><W114/><G114/><T45/><D73/><U90/><E90/><V28/><F86/><W52/><G52/><T94/><D94/><U33/><E54/><V82/><F84/><W98/><G98/><T100/><D100/><U27/><E42/><V119/><F119/><W89/><G89/><T112/><D41/><U12/><E55/><V129/><F82/><W67/><G67/><T50/><D64/><U95/><E66/><V134/><F129/><W118/><G118/><T21/><D117/><U26/><E34/><V115/><F115/><W109/><N who="3" m="42034" /><W17/><DORA hai="99" /><G17/><T46/><D112/><U4/><E33/><V85/><F85/><W81/><G81/><T125/><D32/><U60/><E4/><V106/><F70/><W57/><G57/><RYUUKYOKU ba="5,0" sc="35,-10,554,-10,214,-10,197,30" hai3="15,16,132,133" />
</Scene>
<Scene>
<INIT seed="2,6,0,4,3,25" ten="25,544,204,227" oya="2" hai0="116,1,106,96,88,36,45,37,55,98,72,119,58" hai1="111,62,44,105,68,42,123,69,15,8,100,80,46" hai2="21,35,6,94,67,110,66,12,27,4,40,23,133" hai3="20,87,49,79,99,31,10,135,132,53,102,51,7"/><V95/><F133/><N who="3" m="51275" /><G79/><T32/><D1/><U120/><E111/><V63/><F110/><W103/><G87/><T108/><D72/><U77/><E105/><V128/><F35/><W71/><G71/><T17/><D108/><U64/><E100/><N who="3" m="38442" /><G99/><T81/><D32/><U92/><E92/><N who="2" m="35371" /><F128/><W82/><G82/><T125/><D96/><U118/><E69/><V129/><F129/><W34/><G34/><T75/><D98/><U28/><E118/><V117/><F117/><W59/><G20/><T115/><D119/><U38/><E123/><V43/><F63/><N who="3" m="36335" /><G31/><T41/><D116/><U70/><E120/><V54/><F54/><W22/><G22/><N who="2" m="8201" /><F27/><W30/><G30/><T107/><D55/><U127/><E70/><V18/><F18/><W121/><G121/><T73/><D17/><U14/><E68/><V78/><F78/><W93/><G93/><T24/><D107/><U126/><E77/><V90/><F90/><W89/><G89/><T19/><D88/><U2/><E38/><V50/><F12/><AGARI ba="6,0" hai="7,10,12,49,51" m="36335,38442,51275" machi="12" ten="30,1000,0" yaku="20,1" doraHai="25" who="3" fromWho="2" sc="25,0,544,0,204,-28,227,28" />
</Scene>
<Scene>
<INIT seed="3,0,0,3,2,134" ten="25,544,176,255" oya="3" hai0="132,100,19,111,105,16,74,112,22,56,5,0,124" hai1="32,15,51,23,133,60,118,85,69,88,58,7,6" hai2="81,95,117,110,119,87,55,78,37,94,26,131,75" hai3="98,36,52,123,91,65,20,109,49,93,47,129,99"/><W114/><G123/><T63/><D132/><U17/><E32/><V21/><F37/><W12/><G114/><T8/><D111/><U1/><E133/><V92/><F55/><W9/><G129/><T34/><D34/><U29/><E118/><V101/><F110/><W120/><G109/><T128/><D74/><U97/><E29/><V126/><F21/><W79/><G120/><T18/><D128/><U121/><E121/><V125/><F26/><W57/><G79/><T67/><D112/><U84/><E69/><V113/><F113/><W68/><G68/><T27/><REACH who="0" step="1"/><D124/><REACH who="0" ten="15,544,176,255" step="2"/><N who="2" m="47722" /><F131/><W43/><G65/><T106/><D106/><U59/><E1/><V50/><F50/><W76/><G49/><T44/><D44/><U115/><E51/><V80/><F101/><W40/><G36/><T28/><D28/><U66/><E115/><V38/><F38/><W89/><G47/><T122/><D122/><U10/><E60/><V135/><F135/><W14/><G43/><T54/><D54/><U13/><E66/><V64/><F64/><W33/><G40/><T70/><D70/><U46/><E46/><V45/><F45/><W130/><G130/><T31/><D31/><U83/><E59/><V96/><F96/><AGARI ba="0,1" hai="0,5,8,16,18,19,22,27,56,63,67,96,100,105" machi="96" ten="40,5200,0" yaku="1,1,54,1,53,1" doraHai="134" doraHaiUra="102" who="0" fromWho="2" sc="15,62,544,0,176,-52,255,0" />
</Scene>
<Scene>
<INIT seed="4,0,0,0,3,59" ten="77,544,124,255" oya="0" hai0="69,72,122,41,112,102,1,36,16,35,79,51,71" hai1="7,11,135,88,127,121,119,95,24,80,113,18,74" hai2="52,107,45,43,25,75,3,40,134,46,125,62,27" hai3="91,92,84,19,2,47,118,28,31,78,76,96,54"/><T126/><D35/><U48/><E121/><V111/><F107/><W120/><G118/><T64/><D102/><U38/><E119/><V14/><F75/><W37/><G2/><T124/><D1/><U56/><E38/><V26/><F3/><W85/><G120/><T98/><D122/><U100/><E100/><V58/><F111/><W115/><G115/><T8/><D98/><U99/><E113/><V108/><F108/><W70/><G70/><T77/><D36/><U93/><E93/><V4/><F125/><N who="0" m="48234" /><D112/><U68/><E127/><V66/><F134/><W116/><G116/><T81/><D77/><N who="3" m="29801" /><G37/><T50/><D41/><N who="2" m="15946" /><F66/><W133/><G133/><T0/><D0/><U129/><E135/><V110/><F110/><W53/><G96/><T20/><D8/><AGARI ba="0,0" hai="4,8,14,25,26,27,45,46,52,58,62" m="15946" machi="8" ten="30,3900,0" yaku="8,1,52,1,54,1" doraHai="59" who="2" fromWho="0" sc="77,-39,544,0,124,39,255,0" />
</Scene>
<Scene>
<INIT seed="5,0,0,2,5,103" ten="38,544,163,255" oya="1" hai0="47,59,58,55,57,93,71,113,73,62,115,123,110" hai1="14,44,87,28,102,119,46,84,5,40,60,114,3" hai2="118,104,76,64,70,97,82,66,74,120,6,98,38" hai3="0,88,10,30,65,111,27,132,80,91,26,116,43"/><U2/><E119/><V75/><F118/><W105/><G116/><T130/><D73/><U39/><E114/><N who="0" m="43529" /><D93/><U9/><E102/><N who="2" m="62543" /><F98/><W99/><G111/><T117/><D117/><U68/><E28/><V107/><F66/><W100/><G132/><T37/><D110/><U69/><E46/><V20/><F20/><W7/><G43/><N who="0" m="23023" /><D130/><U49/><E2/><V122/><F75/><W24/><G65/><N who="0" m="41399" /><D123/><N who="2" m="47146" /><F6/><W83/><REACH who="3" step="1"/><G30/><REACH who="3" ten="38,544,163,245" step="2"/><T31/><D31/><U131/><E131/><V95/><F64/><W124/><G124/><T77/><D77/><U108/><E108/><V29/><F29/><W51/><G51/><AGARI ba="0,1" hai="51,55,57,58,59" m="41399,23023,43529" machi="51" ten="30,7700,0" yaku="24,1,15,1,34,2" doraHai="103" who="0" fromWho="3" sc="38,87,544,0,163,0,245,-77" />
</Scene>
<Scene>
<INIT seed="6,0,0,5,4,123" ten="125,544,163,168" oya="2" hai0="78,23,16,116,94,115,30,74,27,40,83,60,125" hai1="14,127,21,67,62,118,56,79,8,35,26,100,82" hai2="45,55,109,90,131,92,112,22,49,110,66,97,84" hai3="25,117,5,52,54,130,73,80,50,0,135,99,33"/><V43/><F131/><W93/><G117/><T36/><D116/><U64/><E118/><V104/><F66/><W37/><G37/><T124/><D115/><U12/><E100/><N who="2" m="62479" /><F112/><W3/><G130/><T69/><D94/><U122/><E122/><V102/><F22/><W47/><G135/><T7/><D7/><U103/><E35/><V134/><F102/><W11/><G73/><T101/><D101/><U53/><E103/><V95/><F95/><W34/><G80/><T63/><D30/><U126/><E67/><V133/><F43/><W68/><G68/><T91/><D91/><U129/><E64/><V20/><F20/><W107/><G107/><T48/><D36/><U10/><E10/><V105/><F105/><W58/><G3/><T108/><D69/><U119/><E119/><V114/><F114/><W17/><G17/><T75/><D75/><U120/><E120/><V89/><F89/><W61/><G25/><T85/><D74/><U71/><E71/><V59/><F59/><W132/><G132/><AGARI ba="0,0" hai="45,49,55,84,90,92,109,110,132,133,134" m="62479" machi="132" ten="30,5800,0" yaku="20,1,52,2" doraHai="123" who="2" fromWho="3" sc="125,0,544,0,163,58,168,-58" />
</Scene>
<Scene>
<INIT seed="6,1,0,2,1,69" ten="125,544,221,110" oya="2" hai0="57,20,99,43,17,18,29,71,128,40,55,56,52" hai1="127,100,130,89,132,103,41,37,51,80,93,61,2" hai2="10,84,28,38,66,104,85,131,24,44,19,72,45" hai3="65,81,63,8,117,42,88,106,59,35,0,107,9"/><V16/><F104/><W115/><G117/><T58/><D71/><U102/><E2/><V129/><F72/><W30/><G42/><N who="0" m="15915" /><D128/><N who="2" m="49226" /><F66/><W64/><G64/><T126/><D126/><U83/><E130/><V74/><F74/><W50/><G115/><T47/><D99/><U4/><E127/><V120/><F120/><W124/><G124/><T46/><D29/><U110/><E132/><V98/><F98/><W31/><G31/><T1/><D1/><U15/><E110/><V13/><F19/><N who="0" m="7178" /><D20/><U78/><E61/><V60/><F60/><W105/><G0/><T101/><D101/><U67/><E102/><V25/><F38/><W108/><G108/><T48/><D48/><U39/><E103/><V109/><F109/><W90/><G50/><T91/><D91/><U21/><E100/><V62/><F62/><W32/><G90/><T134/><D134/><U116/><E116/><V27/><F28/><W92/><G30/><T112/><D112/><U114/><E114/><V79/><F79/><W11/><REACH who="3" step="1"/><G81/><REACH who="3" ten="125,544,221,100" step="2"/><T23/><D23/><U49/><E21/><V77/><F77/><W5/><G5/><T94/><D94/><U82/><E93/><V3/><F3/><W12/><G12/><T133/><D133/><U33/><E15/><V75/><F13/><W34/><G34/><T95/><D95/><U119/><E78/><V6/><F6/><W68/><G68/><T76/><D76/><U54/><E80/><V96/><F10/><W125/><G125/><T121/><D121/><U14/><E82/><V7/><F7/><W135/><G135/><T97/><D97/><AGARI ba="1,1" hai="8,9,11,32,35,59,63,65,88,92,97,105,106,107" machi="97" ten="50,6400,0" yaku="1,1,6,1,54,1,53,0" doraHai="69" doraHaiUra="22" who="3" fromWho="0" sc="125,-67,544,0,221,0,100,77" />
</Scene>
<Scene>
<INIT seed="7,0,0,1,1,104" ten="58,544,221,177" oya="3" hai0="57,125,121,63,66,109,19,116,15,73,0,135,31" hai1="14,124,45,120,108,118,84,130,76,106,128,82,40" hai2="87,58,60,105,48,54,49,50,26,21,92,88,126" hai3="65,80,12,72,85,100,59,99,129,8,95,113,69"/><W35/><G35/><T70/><D0/><U51/><E108/><V43/><F105/><W134/><G69/><T22/><D109/><U102/><E120/><V18/><F126/><W110/><G110/><T112/><D121/><U101/><E124/><V28/><F28/><W13/><G113/><T30/><D116/><U114/><E114/><V62/><F62/><N who="3" m="38111" /><G72/><T107/><D125/><U122/><E122/><V4/><F4/><W97/><G129/><N who="1" m="49770" /><E118/><V29/><F29/><W27/><G134/><T67/><D135/><U52/><E106/><V131/><F131/><W117/><G27/><T123/><D123/><U38/><E14/><V46/><AGARI ba="0,0" hai="18,21,26,43,46,48,49,50,54,58,60,87,88,92" machi="46" ten="30,4000,0" yaku="0,1,8,1,54,1" doraHai="104" who="2" fromWho="2" sc="58,-10,544,-10,221,40,177,-20" owari="48,-45.0,534,63.0,261,6.0,157,-24.0" />
</Scene>
</mjloggm>