<mjloggm ver="2.3"><GO type="169"/><UN n0="%E5%A4%AA%E3%81%8F%E3%81%AA%E3%81%84%E3%81%8A" n1="%E3%81%94%E3%81%98%E3%82%83%E3%82%8B" n2="%E5%8F%8D%E9%99%BD%E5%AD%90%E3%81%95%E3%82%93" n3="%E3%83%9A%E3%83%81%E3%83%A7%E3%83%BC%E3%83%AA%E3%83%B3" dan="17,18,18,17" rate="2192,2262,2247,2096" sx="M,M,F,M"/><TAIKYOKU oya="0"/>

<Scene>
<INIT seed="0,0,0,3,5,44" ten="250,250,250,250" oya="0" hai0="89,110,32,13,90,123,107,25,35,0,75,97,57" hai1="68,14,127,22,6,42,115,78,21,58,27,87,30" hai2="111,70,48,95,71,122,132,129,50,49,63,19,61" hai3="128,31,60,104,67,40,105,16,69,96,120,20,98"/><T102/><D123/><U79/><E68/><V36/><F122/><W85/><G120/><T77/><D0/><U80/><E127/><V106/><F106/><W24/><G128/><T5/><D110/><U101/><E115/><V65/><F111/><W94/><G40/><T126/><D126/><U125/><E125/><V2/><F2/><W59/><G85/><T41/><D41/><U62/><E101/><V91/><F129/><W74/><G74/><T86/><D57/><U18/><E42/><V47/><F36/><W124/><G124/><T121/><D121/><U72/><E6/><V88/><F132/><W9/><G69/><T114/><D114/><U17/><E72/><V54/><F19/><W83/><G83/><N who="0" m="45503" /><D89/><U28/><REACH who="1" step="1"/><E78/><REACH who="1" ten="250,240,250,250" step="2"/><V1/><F91/><W109/><G109/><T11/><D25/><U15/><E15/><V52/><F1/><W112/><G112/><T76/><D76/><U100/><E100/><V82/><F82/><W133/><G133/><T37/><D37/><U113/><E113/><V135/><F135/><W64/><G24/><T43/><D43/><U39/><E39/><V56/><F71/><W51/><G105/><T45/><D107/><U92/><E92/><V130/><REACH who="2" step="1"/><F130/><REACH who="2" ten="250,240,240,250" step="2"/><W23/><G104/><T38/><D38/><U131/><E131/><V46/><F46/><W108/><G108/><T81/><D45/><U116/><E116/><V29/><F29/><W66/><G31/><T34/><D102/><U103/><E103/><V84/><AGARI ba="0,2" hai="47,48,49,50,52,54,56,61,63,65,70,84,88,95" machi="84" ten="20,16000,3" yaku="1,1,0,1,7,1,52,3,54,2,53,0" doraHai="44" doraHaiUra="10" who="2" fromWho="2" sc="250,-80,240,-40,240,180,250,-40" />
</Scene>
<Scene>
<INIT seed="1,0,0,4,3,99" ten="170,200,420,210" oya="1" hai0="110,122,66,98,111,5,132,55,89,14,130,11,100" hai1="78,29,70,9,6,117,83,28,68,8,112,118,79" hai2="1,90,80,38,26,50,72,135,125,62,20,109,18" hai3="45,106,13,87,104,3,49,71,95,119,12,67,120"/><U27/><E112/><V115/><F115/><W63/><G3/><T61/><D130/><U37/><E83/><V88/><F38/><W40/><G120/><T102/><D122/><U103/><E37/><V82/><F1/><W4/><G119/><T44/><D132/><U64/><E27/><V129/><F129/><W35/><G35/><T23/><D23/><U19/><E19/><V7/><F7/><W25/><G25/><T121/><D121/><U92/><E92/><V15/><F135/><W32/><G32/><T2/><D2/><U41/><E6/><V21/><F125/><W47/><G47/><T65/><D89/><N who="2" m="34410" /><F109/><N who="0" m="41482" /><D98/><U74/><E64/><N who="0" m="24681" /><D44/><U86/><E86/><V126/><F126/><W101/><G87/><T54/><D61/><U85/><E85/><V30/><F72/><W0/><G0/><T77/><D77/><U56/><E56/><V84/><F84/><W73/><G63/><T128/><D128/><U134/><E134/><V53/><F62/><W91/><G91/><T81/><D81/><U96/><E96/><V113/><F113/><W97/><G97/><T93/><D93/><U48/><E74/><V34/><F34/><W124/><G124/><T42/><D42/><U108/><E108/><V17/><F17/><W43/><G40/><T36/><D36/><U107/><E41/><V133/><F133/><W105/><G43/><T33/><D33/><U22/><E118/><V10/><F21/><W59/><G73/><T69/><D69/><U46/><E117/><V127/><F127/><W116/><G71/><T52/><AGARI ba="0,0" hai="5,11,14,52,54,55,100,102" m="24681,41482" machi="52" ten="40,8000,1" yaku="14,1,52,2,54,1" doraHai="99" who="0" fromWho="0" sc="170,80,200,-40,420,-20,210,-20" />
</Scene>
<Scene>
<INIT seed="2,0,0,3,4,86" ten="250,160,400,190" oya="2" hai0="9,13,119,53,124,43,114,118,26,103,85,131,95" hai1="17,62,50,117,3,123,22,110,94,102,58,10,19" hai2="81,56,1,23,97,20,105,135,60,51,41,125,34" hai3="112,31,45,116,87,12,48,129,120,40,76,89,64"/><V91/><F1/><W39/><G120/><T14/><D114/><U36/><E36/><V30/><F34/><W109/><G116/><N who="0" m="44587" /><D43/><U92/><E117/><V78/><F135/><W90/><G112/><T68/><D68/><U33/><E33/><V98/><F125/><W71/><G129/><T54/><D131/><U128/><E128/><V108/><F108/><W46/><G109/><T106/><D124/><U32/><E32/><V88/><F105/><W72/><G72/><T111/><D111/><U59/><E110/><V29/><F78/><W38/><G31/><N who="2" m="11785" /><F41/><W65/><G12/><N who="0" m="4715" /><D26/><U82/><E123/><V104/><F51/><W7/><G7/><T44/><D9/><U127/><E127/><V122/><F104/><W5/><G5/><T21/><D21/><N who="2" m="8266" /><F122/><W100/><G38/><T93/><D44/><U80/><E3/><V70/><F70/><W99/><G39/><T75/><D75/><U42/><E42/><V83/><F83/><N who="3" m="47591" /><G46/><T18/><D18/><U107/><E107/><V28/><F81/><W57/><G71/><T63/><D63/><U11/><E62/><V113/><F113/><W47/><G47/><T69/><D69/><U55/><E22/><V52/><F28/><W0/><G0/><T130/><D130/><U73/><E73/><V35/><F35/><W2/><G2/><T24/><D24/><U132/><E50/><V133/><F133/><W115/><G115/><T25/><D25/><U49/><E132/><V8/><F8/><W121/><G121/><T66/><D106/><U27/><E27/><V61/><F61/><N who="3" m="37935" /><G65/><T101/><D66/><RYUUKYOKU ba="0,0" sc="250,-15,160,-15,400,15,190,15" hai2="52,56,60,88,91,97,98" hai3="40,45,48,89,90,99,100" />
</Scene>
<Scene>
<INIT seed="2,1,0,1,3,30" ten="235,145,415,205" oya="2" hai0="64,34,120,20,114,66,111,47,70,51,100,92,78" hai1="123,87,52,94,0,74,6,129,23,135,119,116,134" hai2="81,43,80,61,112,63,5,16,104,41,54,13,113" hai3="7,91,3,26,4,83,108,95,117,79,38,59,45"/><V46/><F104/><W18/><G117/><T60/><D114/><U105/><E74/><V73/><F5/><W27/><G108/><T90/><D120/><U29/><E105/><V1/><F1/><W72/><G59/><T11/><D111/><U44/><E123/><V28/><F28/><W118/><G118/><T21/><D34/><U50/><E129/><V126/><F126/><W55/><G55/><T124/><D124/><U39/><E39/><V32/><F32/><W128/><G128/><T19/><D100/><U24/><E6/><V10/><F113/><W76/><G76/><T132/><D78/><U130/><E0/><V101/><F101/><W127/><G127/><T56/><D132/><N who="1" m="50731" /><E130/><V62/><F112/><W84/><G18/><T85/><D66/><U107/><E107/><V42/><F73/><W17/><G17/><T125/><D70/><U122/><E122/><V109/><F109/><W2/><G7/><T86/><D125/><U14/><E14/><V67/><F67/><W97/><G97/><N who="0" m="57495" /><D11/><U89/><AGARI ba="1,0" hai="23,24,29,44,50,52,87,89,94,116,119" m="50731" machi="89" ten="30,2000,0" yaku="20,1,54,1" doraHai="30" who="1" fromWho="1" sc="235,-6,145,23,415,-11,205,-6" />
</Scene>
<Scene>
<INIT seed="3,0,0,4,4,98" ten="229,168,404,199" oya="3" hai0="106,27,115,69,28,54,117,19,73,81,37,95,76" hai1="66,12,1,82,11,94,21,92,3,63,114,97,130" hai2="107,105,129,90,60,125,23,68,29,46,22,109,103" hai3="52,59,39,26,17,121,13,0,48,87,96,77,113"/><W71/><G113/><T75/><D117/><U8/><E114/><V133/><F109/><W41/><G0/><T6/><D115/><U15/><E130/><V93/><F129/><W50/><G71/><T101/><D37/><U123/><E123/><V61/><F133/><W119/><G119/><T134/><D69/><U124/><E124/><V128/><F128/><W74/><G74/><T91/><D6/><U32/><E32/><V43/><F125/><W86/><G121/><T126/><D126/><U131/><E131/><V55/><F68/><W14/><G39/><T84/><D134/><U104/><E104/><V24/><F23/><N who="3" m="13679" /><G96/><N who="0" m="61735" /><D75/><U88/><E82/><V108/><F108/><W132/><G132/><T58/><D19/><U9/><E21/><V112/><F112/><W100/><G100/><T25/><D28/><U79/><E79/><V99/><F55/><N who="3" m="32231" /><G41/><T65/><D65/><U111/><E111/><V85/><REACH who="2" step="1"/><F107/><REACH who="2" ten="229,168,394,199" step="2"/><W70/><G70/><T102/><D102/><N who="1" m="60711" /><E1/><V30/><F30/><W18/><G77/><T45/><D45/><U56/><E3/><V53/><F53/><W10/><G14/><T5/><D54/><U122/><E122/><V35/><F35/><W44/><AGARI ba="0,1" hai="10,13,18,44,50,52,86,87" m="32231,13679" machi="44" ten="30,3000,0" yaku="8,1,54,1" doraHai="98" who="3" fromWho="3" sc="229,-10,168,-10,394,-10,199,40" />
</Scene>
<Scene>
<INIT seed="3,1,0,4,1,33" ten="219,158,384,239" oya="3" hai0="80,60,40,68,85,73,121,61,15,24,135,14,5" hai1="76,46,87,69,58,127,10,56,29,35,117,111,110" hai2="66,36,26,83,105,118,104,27,102,101,7,70,4" hai3="96,122,38,129,113,132,125,79,19,11,88,130,86"/><W62/><G38/><T98/><D121/><U1/><E69/><V49/><F36/><W28/><G28/><T131/><D73/><U114/><E114/><V47/><F118/><W65/><G113/><T78/><D131/><N who="3" m="50185" /><G122/><T59/><D135/><U31/><E46/><V72/><F70/><N who="3" m="42295" /><G125/><T134/><D134/><U52/><E58/><V90/><F66/><W48/><G48/><T12/><D40/><U97/><E97/><V100/><F105/><W18/><G132/><T17/><D68/><U93/><E127/><V16/><F104/><W103/><G79/><T22/><D98/><U55/><E55/><N who="2" m="30143" /><F72/><W77/><G77/><T50/><REACH who="0" step="1"/><D5/><REACH who="0" ten="209,158,384,239" step="2"/><N who="1" m="1327" /><E117/><V32/><F7/><W64/><G96/><T44/><D44/><U53/><E35/><V120/><F32/><W39/><G39/><T0/><D0/><U51/><E53/><AGARI ba="1,1" hai="12,14,15,17,22,24,50,53,59,60,61,78,80,85" machi="53" ten="40,2600,0" yaku="1,1,8,1,53,0" doraHai="33" doraHaiUra="84" who="0" fromWho="1" sc="209,39,158,-29,384,0,239,0" />
</Scene>
<Scene>
<INIT seed="4,0,0,1,1,105" ten="248,129,384,239" oya="0" hai0="2,81,24,89,72,54,12,44,62,42,51,39,17" hai1="26,40,78,60,15,37,120,47,94,46,71,128,7" hai2="118,34,122,66,75,133,50,0,20,73,28,117,95" hai3="25,115,30,35,45,101,41,92,52,58,125,90,36"/><T27/><D2/><U108/><E108/><V18/><F122/><W49/><G125/><T93/><D62/><U134/><E120/><V127/><F0/><W6/><G6/><T9/><D72/><U22/><E128/><V79/><F79/><W29/><G29/><T31/><D31/><U103/><E134/><V116/><F133/><W87/><REACH who="3" step="1"/><G101/><REACH who="3" ten="248,129,384,229" step="2"/><T102/><D102/><U111/><E7/><V19/><F127/><W82/><G82/><T98/><REACH who="0" step="1"/><D81/><REACH who="0" ten="238,129,384,229" step="2"/><U83/><E103/><V8/><F117/><W119/><G119/><T99/><D99/><U77/><E83/><V56/><F116/><W70/><G70/><T13/><D13/><U132/><E15/><V1/><F118/><W32/><G32/><T65/><D65/><U48/><E71/><V3/><F66/><W135/><G135/><T130/><D130/><U131/><E132/><V69/><F34/><W121/><G121/><T74/><D74/><U106/><E131/><V104/><F75/><W91/><G91/><T14/><D14/><U59/><E78/><V4/><F73/><W61/><G61/><T113/><D113/><AGARI ba="0,2" hai="25,30,35,36,41,45,49,52,58,87,90,92,113,115" machi="113" ten="40,2600,0" yaku="1,1,54,1,53,0" doraHai="105" doraHaiUra="100" who="3" fromWho="0" sc="238,-26,129,0,384,0,229,46" />
</Scene>
<Scene>
<INIT seed="5,0,0,3,2,37" ten="212,129,384,275" oya="1" hai0="76,54,131,101,104,57,68,46,110,7,14,0,127" hai1="135,25,21,16,44,107,100,5,85,41,113,52,39" hai2="125,89,31,94,53,74,77,24,6,130,128,47,71" hai3="11,30,123,13,103,3,134,69,26,17,96,66,109"/><U70/><E70/><V2/><F71/><W112/><G109/><T45/><D110/><U111/><E111/><V43/><F125/><W59/><G69/><T67/><D0/><U82/><E5/><V9/><F53/><W22/><G112/><T88/><D76/><U1/><E1/><V48/><F77/><W63/><G134/><T92/><D127/><U119/><E119/><V64/><F64/><W20/><G3/><T86/><D131/><U115/><E135/><V49/><F74/><W15/><G123/><T80/><D104/><U124/><E124/><V120/><F49/><W73/><G73/><T40/><D67/><U18/><E18/><V133/><F120/><W90/><G90/><T78/><D101/><U79/><REACH who="1" step="1"/><E52/><REACH who="1" ten="212,119,384,275" step="2"/><V117/><F117/><W23/><G15/><T56/><D68/><U84/><E84/><V12/><F2/><W99/><G99/><AGARI ba="0,1" hai="16,21,25,39,41,44,79,82,85,99,100,107,113,115" machi="99" ten="40,7700,0" yaku="1,1,52,1,54,1,53,0" doraHai="37" doraHaiUra="58" who="1" fromWho="3" sc="212,0,119,87,384,0,275,-77" />
</Scene>
<Scene>
<INIT seed="5,1,0,4,3,24" ten="212,206,384,198" oya="1" hai0="95,130,58,17,80,41,132,89,2,42,67,99,50" hai1="39,131,5,65,45,134,18,92,83,68,128,28,20" hai2="116,101,84,125,94,59,33,76,120,108,75,57,124" hai3="88,14,113,74,62,48,133,77,111,78,43,56,30"/><U104/><E104/><V61/><F108/><W36/><G111/><T86/><D2/><U129/><E134/><V91/><F116/><W117/><G36/><T114/><D114/><U96/><E5/><V37/><F37/><W115/><G117/><T119/><D119/><U34/><E83/><N who="2" m="45471" /><F120/><W123/><G123/><T53/><D130/><U112/><E112/><N who="3" m="43082" /><G133/><T3/><D3/><U103/><E34/><V100/><F33/><W38/><G38/><T63/><D17/><U11/><E11/><V126/><F59/><W69/><G69/><T15/><D15/><U49/><E39/><V110/><F110/><W26/><G14/><T8/><D8/><U10/><E10/><V0/><F0/><W79/><G74/><T81/><D132/><U85/><E85/><V93/><F93/><W107/><G107/><T1/><D1/><U71/><E65/><AGARI ba="1,0" hai="57,61,65,84,91,94,100,101,124,125,126" m="45471" machi="65" ten="30,1000,0" yaku="18,1" doraHai="24" who="2" fromWho="1" sc="212,0,206,-13,384,13,198,0" />
</Scene>
<Scene>
<INIT seed="6,0,0,1,5,40" ten="212,193,397,198" oya="2" hai0="127,105,75,65,51,91,56,10,121,34,104,7,85" hai1="133,134,115,55,61,33,18,23,74,93,57,45,102" hai2="49,48,124,87,122,24,73,20,9,26,31,60,69" hai3="94,11,110,15,114,78,88,38,128,42,72,41,28"/><V103/><F122/><W118/><G110/><T98/><D121/><U16/><E33/><V46/><F73/><W50/><G128/><T52/><D75/><U30/><E74/><V53/><F124/><W5/><G118/><T81/><D34/><U79/><E79/><V71/><F103/><W3/><G38/><T37/><D37/><U106/><E106/><V70/><F9/><W92/><G114/><T13/><D127/><U66/><E115/><V100/><F100/><W123/><G123/><T112/><D112/><U120/><E120/><V39/><F39/><W107/><G107/><T135/><D135/><N who="1" m="51723" /><E30/><V109/><F109/><W63/><G63/><T95/><D65/><U22/><E102/><AGARI ba="0,0" hai="7,10,13,51,52,56,81,85,91,95,98,102,104,105" machi="102" ten="30,2000,0" yaku="7,1,54,1" doraHai="40" who="0" fromWho="1" sc="212,20,193,-20,397,0,198,0" />
</Scene>
<Scene>
<INIT seed="7,0,0,5,1,109" ten="232,173,397,198" oya="3" hai0="107,21,99,29,18,115,37,85,78,73,35,20,121" hai1="127,33,26,34,117,81,69,134,89,25,113,101,49" hai2="1,7,98,57,64,16,59,118,100,131,66,9,114" hai3="53,124,79,43,30,5,122,110,28,97,56,119,106"/><W40/><G119/><T19/><D37/><U76/><E69/><V10/><F118/><W74/><G122/><T61/><D73/><U130/><E117/><V58/><F131/><W103/><G110/><T68/><D121/><U31/><E130/><V22/><F114/><W96/><G124/><T72/><D72/><U104/><E127/><V84/><F84/><W83/><G5/><T82/><D115/><U125/><E125/><V41/><F41/><W12/><G12/><T128/><D20/><U70/><E70/><V8/><F7/><W27/><G97/><T65/><D21/><U0/><E0/><V87/><F87/><W3/><G3/><T102/><D128/><U77/><E134/><V111/><F1/><W14/><G14/><T46/><D46/><U123/><E123/><V63/><F66/><W94/><G106/><T95/><D95/><U126/><E126/><V75/><F75/><W4/><G4/><T23/><D23/><U2/><E2/><V52/><F64/><W88/><G103/><T17/><D17/><U86/><E113/><V50/><F63/><W116/><G116/><T67/><D67/><U39/><E39/><V44/><F44/><W135/><G135/><T47/><D47/><U129/><E129/><V24/><REACH who="2" step="1"/><F111/><REACH who="2" ten="232,173,387,198" step="2"/><W6/><G6/><T92/><D61/><U42/><E34/><V112/><F112/><W62/><G30/><T11/><D29/><U54/><E33/><AGARI ba="0,1" hai="27,28,33,40,43,53,56,62,74,79,83,88,94,96" machi="33" ten="30,2900,0" yaku="7,1,54,1" doraHai="109" who="3" fromWho="1" sc="232,0,173,-29,387,0,198,39" />
</Scene>
<Scene>
<INIT seed="7,1,0,3,3,126" ten="232,144,387,237" oya="3" hai0="120,67,115,27,49,132,107,123,59,53,101,5,23" hai1="133,121,36,130,63,14,116,3,135,18,96,48,42" hai2="50,24,117,43,38,21,66,20,51,34,47,41,105" hai3="113,128,103,52,61,57,95,7,37,119,19,104,78"/><W71/><G119/><T90/><D132/><U124/><E3/><V32/><F117/><W39/><G104/><T111/><D111/><U74/><E116/><V84/><F105/><W89/><G103/><T106/><D5/><U97/><E36/><V10/><F66/><W114/><G78/><T11/><D115/><N who="3" m="44041" /><G7/><T100/><D11/><U35/><E35/><V75/><F75/><W8/><G71/><T93/><D106/><U56/><E74/><V127/><F127/><W82/><G82/><T102/><D107/><U12/><E124/><V46/><F38/><W98/><G128/><T31/><D67/><U68/><E121/><V45/><F47/><W91/><G89/><T28/><D31/><U129/><E68/><V16/><F10/><W110/><G110/><T69/><D69/><U29/><E29/><V79/><F21/><W65/><G65/><T1/><D1/><U0/><E0/><V64/><F64/><W72/><G72/><T13/><D13/><AGARI ba="1,0" hai="8,13,19,37,39,52,57,61,91,95,98" m="44041" machi="13" ten="30,2900,0" yaku="15,1,54,1" doraHai="126" who="3" fromWho="0" sc="232,-32,144,0,387,0,237,32" />
</Scene>
<Scene>
<INIT seed="7,2,0,4,3,19" ten="200,144,387,269" oya="3" hai0="6,134,22,104,93,27,119,97,90,36,126,52,99" hai1="12,21,5,133,59,72,28,42,8,51,120,50,54" hai2="128,135,100,23,70,114,96,105,57,29,111,34,85" hai3="98,31,86,108,2,53,46,122,0,84,101,106,121"/><W10/><G108/><T83/><D119/><U41/><E72/><V68/><F111/><W7/><G2/><T45/><D6/><U33/><E120/><V69/><F34/><W44/><G31/><T39/><D134/><U24/><E133/><V32/><F135/><W65/><G65/><T107/><D126/><U115/><E115/><V87/><F32/><W94/><G84/><T9/><D9/><U95/><E33/><V127/><F127/><W62/><G62/><T76/><D99/><U71/><E71/><V117/><F117/><W78/><G78/><T61/><D39/><U125/><E125/><V18/><F114/><W37/><G46/><T81/><D36/><U92/><REACH who="1" step="1"/><E51/><REACH who="1" ten="200,134,387,269" step="2"/><V56/><F70/><W13/><G122/><T73/><D83/><U102/><E102/><V49/><F69/><W38/><G101/><T74/><D73/><U89/><E89/><V30/><F68/><W88/><G88/><T80/><D81/><U77/><E77/><V17/><F49/><W15/><G121/><T64/><D74/><U14/><E14/><V25/><F100/><W110/><G38/><T63/><D76/><U129/><E129/><V130/><F128/><W123/><G37/><T4/><D80/><U82/><E82/><V112/><F130/><W103/><G103/><T118/><D90/><U113/><E113/><V75/><F75/><W132/><G132/><T48/><D118/><U66/><E66/><V11/><F112/><W131/><G131/><T60/><D64/><U55/><E55/><V35/><F35/><W1/><G123/><T20/><D48/><RYUUKYOKU ba="2,1" sc="200,-10,134,30,387,-10,269,-10" hai1="5,8,12,21,24,28,41,42,50,54,59,92,95" owari="190,-21.0,164,-34.0,387,49.0,259,6.0" />
</Scene>
</mjloggm>