<mjloggm ver="2.3"><GO type="225"/><UN n0="%E3%83%AA%E3%83%A7%E3%82%AA" n1="%E2%98%85%E3%81%AA%E3%82%8A%E3%81%BD%E3%81%9F%E2%98%85" n2="%E5%85%88%E2%99%80%E7%94%9F" n3="%E5%A4%AA%E3%81%8F%E3%81%AA%E3%81%84%E3%81%8A" dan="16,16,17,16" rate="2145,2078,2123,2072" sx="M,F,F,M"/><TAIKYOKU oya="0"/>

<Scene>
<INIT seed="0,0,0,3,3,4" ten="250,250,250,250" oya="0" hai0="70,9,19,84,48,61,17,16,3,101,88,123,79" hai1="135,13,127,49,45,71,115,104,25,90,15,1,23" hai2="50,105,29,110,75,129,96,31,114,69,111,107,12" hai3="86,51,37,55,133,26,30,128,97,59,98,117,78"/><T21/><D123/><U20/><E104/><V66/><F114/><W124/><G117/><T113/><D113/><U32/><E71/><V36/><F36/><W2/><G37/><T47/><D101/><U119/><E115/><V116/><F75/><W77/><G2/><T87/><D79/><N who="3" m="30217" /><G133/><T44/><D3/><U76/><E127/><V121/><F121/><W64/><G124/><T81/><D70/><U27/><E32/><V33/><F116/><W132/><G132/><T93/><D61/><U63/><E76/><V38/><F38/><W120/><G120/><T134/><D134/><U85/><E63/><V58/><F69/><W6/><G128/><T10/><D21/><N who="1" m="8267" /><E1/><V100/><F129/><W73/><G73/><T91/><D47/><U28/><E135/><V80/><F107/><W39/><G39/><T46/><REACH who="0" step="1"/><D44/><REACH who="0" ten="240,250,250,250" step="2"/><U68/><E68/><V83/><F100/><W99/><G59/><T43/><AGARI ba="0,1" hai="9,10,16,17,19,43,46,48,81,84,87,88,91,93" machi="43" ten="30,24000,3" yaku="1,1,2,1,0,1,8,1,52,2,54,2,53,0" doraHai="4" doraHaiUra="57" who="0" fromWho="0" sc="240,250,250,-80,250,-80,250,-80" />
</Scene>
<Scene>
<INIT seed="0,1,0,4,1,29" ten="490,170,170,170" oya="0" hai0="105,125,5,122,107,115,80,110,10,18,35,14,61" hai1="135,7,113,32,33,117,106,54,25,34,60,101,31" hai2="73,36,94,84,119,131,66,57,49,1,3,17,104" hai3="134,30,92,64,26,45,20,112,69,78,109,72,50"/><T85/><D122/><U108/><E117/><V98/><F36/><W16/><G112/><T22/><D35/><U114/><E108/><V59/><F73/><W116/><G116/><T19/><D115/><N who="1" m="44043" /><E135/><V100/><F119/><W63/><G109/><T41/><D19/><U15/><E101/><V71/><F131/><W79/><G134/><T87/><D125/><U37/><E106/><V8/><F71/><W4/><G4/><T42/><D87/><U46/><E60/><V95/><F104/><W12/><G92/><T120/><D120/><U0/><E0/><V76/><F3/><W75/><G75/><T111/><D105/><U56/><E56/><V88/><F76/><W126/><G72/><T91/><D107/><U93/><E93/><V121/><F121/><W77/><G126/><T123/><D123/><U89/><E89/><V118/><F118/><W52/><REACH who="3" step="1"/><G78/><REACH who="3" ten="490,170,170,160" step="2"/><T103/><D111/><U133/><E133/><V90/><F95/><W62/><G62/><T27/><D61/><U55/><E37/><V129/><F94/><W99/><G99/><T65/><D110/><U102/><E102/><V6/><F98/><W132/><G132/><T127/><D103/><U47/><E7/><V67/><F100/><W70/><G70/><T86/><D5/><U21/><E15/><V51/><F6/><W2/><G2/><T74/><D14/><U43/><E43/><V130/><F1/><W40/><G40/><T68/><D42/><U96/><E96/><V48/><F130/><W23/><AGARI ba="1,1" hai="12,16,20,23,26,30,45,50,52,63,64,69,77,79" machi="23" ten="20,8000,1" yaku="1,1,0,1,7,1,54,2,53,0" doraHai="29" doraHaiUra="83" who="3" fromWho="3" sc="490,-41,170,-21,170,-21,160,93" />
</Scene>
<Scene>
<INIT seed="1,0,0,3,5,68" ten="449,149,149,253" oya="1" hai0="132,0,105,32,58,50,14,60,97,94,72,113,71" hai1="111,89,42,85,44,62,101,110,34,87,26,130,79" hai2="81,36,28,4,90,17,121,7,91,106,11,117,2" hai3="8,103,134,23,104,98,48,107,35,100,126,49,33"/><U56/><E101/><V96/><F117/><W95/><G126/><T122/><D0/><U24/><E130/><V46/><F121/><W99/><G134/><T129/><D132/><U135/><E135/><V92/><F106/><W22/><G95/><T52/><D32/><U31/><E26/><V55/><F28/><W37/><G8/><T65/><D129/><U43/><E79/><V59/><F7/><W3/><G3/><T63/><D105/><U67/><E43/><V6/><F6/><W20/><G20/><T118/><D122/><U114/><E114/><V38/><F46/><W93/><G93/><T123/><D123/><U74/><E74/><V54/><F17/><W128/><G128/><T10/><D72/><U13/><E13/><V12/><F2/><W39/><AGARI ba="0,0" hai="22,23,33,35,37,39,48,49,98,99,100,103,104,107" machi="39" ten="25,8000,1" yaku="0,1,22,2,52,2" doraHai="68" who="3" fromWho="3" sc="449,-20,149,-40,149,-20,253,80" />
</Scene>
<Scene>
<INIT seed="2,0,0,0,0,129" ten="429,109,129,333" oya="2" hai0="25,117,36,116,74,43,67,76,35,41,118,90,128" hai1="78,125,88,103,111,133,31,29,46,110,135,6,119" hai2="95,10,82,55,81,45,11,34,80,18,64,92,56" hai3="127,86,3,0,38,65,58,122,13,79,83,104,1"/><V113/><F113/><W27/><G122/><T108/><D108/><N who="1" m="41515" /><E119/><V40/><F34/><W20/><G38/><T66/><D128/><U101/><E78/><V132/><F64/><N who="0" m="24618" /><D36/><U134/><E125/><V73/><F73/><W49/><G104/><T121/><D121/><U124/><E124/><V48/><F132/><W61/><G127/><T53/><D53/><U4/><E46/><V57/><F57/><W26/><G49/><T28/><D90/><U114/><E88/><V9/><REACH who="2" step="1"/><F18/><REACH who="2" ten="429,109,119,333" step="2"/><W32/><G32/><T63/><D74/><U102/><E114/><V21/><F21/><W106/><G20/><T52/><D35/><U68/><E68/><V75/><F75/><W96/><G58/><T72/><D72/><U62/><E62/><AGARI ba="0,1" hai="9,10,11,40,45,48,55,56,62,80,81,82,92,95" machi="62" ten="40,3900,0" yaku="1,1,8,1,53,0" doraHai="129" doraHaiUra="87" who="2" fromWho="1" sc="429,0,109,-39,119,49,333,0" />
</Scene>
<Scene>
<INIT seed="2,1,0,1,2,71" ten="429,70,168,333" oya="2" hai0="121,118,38,120,117,104,51,2,81,85,15,110,97" hai1="106,84,58,134,20,100,86,80,93,17,73,76,98" hai2="133,8,23,3,92,5,107,24,12,33,87,45,6" hai3="32,27,83,39,119,135,99,25,13,30,72,79,7"/><V75/><F107/><W96/><G119/><N who="0" m="45579" /><D110/><U122/><E58/><V102/><F75/><W91/><G135/><T22/><D38/><U123/><E20/><V44/><F133/><W114/><G114/><T50/><D2/><U128/><E17/><V61/><F33/><W89/><G39/><T101/><D22/><U14/><E14/><V129/><F129/><W90/><G27/><T126/><D15/><U21/><E21/><V112/><F112/><W41/><G41/><T124/><D50/><U82/><E134/><V95/><F61/><W111/><G111/><T40/><D51/><U4/><E4/><V48/><F3/><W46/><G46/><T29/><D29/><U66/><E66/><V1/><F1/><W132/><G132/><T69/><D69/><U77/><E128/><V94/><F5/><W74/><G74/><T88/><D40/><U49/><E49/><V34/><F34/><W18/><G7/><T9/><D9/><U47/><E47/><N who="2" m="17995" /><F48/><W115/><G115/><T36/><D36/><U64/><E64/><V42/><F42/><W109/><G109/><T16/><D16/><U37/><E37/><V11/><F11/><W65/><G65/><T70/><D70/><U19/><E19/><N who="2" m="12415" /><F102/><W67/><G67/><T28/><D28/><U130/><E130/><V53/><F53/><W0/><G0/><T127/><AGARI ba="1,0" hai="81,85,88,97,101,104,120,121,124,126,127" m="45579" machi="127" ten="40,8000,1" yaku="18,1,12,1,34,2,54,1" doraHai="71" who="0" fromWho="0" sc="429,83,70,-21,168,-41,333,-21" />
</Scene>
<Scene>
<INIT seed="3,0,0,1,4,126" ten="512,49,127,312" oya="3" hai0="133,52,31,90,112,122,58,69,49,101,19,114,110" hai1="13,50,135,79,35,70,12,71,39,76,29,43,104" hai2="53,113,65,94,20,88,9,59,89,18,7,128,48" hai3="82,106,26,80,66,36,95,92,115,116,96,86,93"/><W42/><G66/><T103/><D110/><U109/><E43/><V68/><F113/><N who="0" m="43626" /><D133/><U6/><E6/><V45/><F128/><W78/><G115/><T17/><D69/><U40/><E40/><V75/><F75/><N who="3" m="43103" /><G26/><T55/><D31/><U57/><E57/><V24/><F68/><W91/><G42/><T0/><D0/><U1/><E1/><V63/><F94/><N who="3" m="36459" /><G36/><T33/><D90/><U97/><E104/><V67/><F67/><W74/><G116/><T124/><D124/><U41/><E97/><V15/><AGARI ba="0,0" hai="7,9,15,18,20,24,45,48,53,59,63,65,88,89" machi="15" ten="20,5200,0" yaku="0,1,7,1,8,1,54,1" doraHai="126" who="2" fromWho="2" sc="512,-13,49,-13,127,52,312,-26" owari="499,59.0,36,-46.0,179,-22.0,286,9.0" />
</Scene>
</mjloggm>