<mjloggm ver="2.3"><GO type="169"/><UN n0="%E9%8A%80%E9%81%8A%E7%A7%81%E4%BA%BA" n1="%E5%A4%AA%E3%81%8F%E3%81%AA%E3%81%84%E3%81%8A" n2="%49%47%41" n3="%E2%99%AA%E3%83%A2%E3%83%8E%E3%82%AF%E3%83%AD" dan="16,17,16,18" rate="2076,2148,2065,2185" sx="M,M,M,F"/><TAIKYOKU oya="0"/>

<Scene>
<INIT seed="0,0,0,5,3,58" ten="250,250,250,250" oya="0" hai0="13,74,17,57,106,130,36,11,40,38,3,73,76" hai1="56,39,110,47,20,0,128,33,45,22,49,122,43" hai2="102,48,112,65,134,69,86,9,83,116,18,120,91" hai3="131,114,24,105,96,35,90,66,28,81,29,82,75"/><T118/><D118/><U79/><E122/><V34/><F34/><W10/><G114/><T4/><D106/><U99/><E33/><V32/><F32/><W16/><G29/><T135/><D135/><U88/><E0/><V68/><F120/><W52/><G75/><T123/><D123/><U98/><E79/><V31/><F31/><W23/><G131/><T133/><D133/><U92/><E128/><V71/><F112/><W129/><G129/><T55/><D130/><U101/><E110/><V25/><F134/><W14/><G66/><T107/><D107/><U89/><E56/><V85/><F102/><W30/><G30/><T125/><D125/><U63/><E63/><V67/><F48/><W19/><G52/><T104/><D104/><U15/><E15/><V1/><F116/><W124/><G124/><T12/><D12/><U21/><REACH who="1" step="1"/><E99/><REACH who="1" ten="250,240,250,250" step="2"/><V2/><F1/><W37/><G35/><T132/><D132/><U126/><E126/><V78/><F2/><W64/><G14/><T103/><D76/><U94/><E94/><V42/><F71/><W61/><G105/><T119/><D119/><U108/><E108/><V44/><F69/><W54/><G96/><T6/><D3/><U109/><E109/><V97/><F97/><W7/><G61/><T41/><D57/><U80/><E80/><N who="2" m="49607" /><F68/><W62/><G82/><T87/><D4/><U113/><E113/><V93/><F93/><W100/><G7/><T8/><D6/><U111/><E111/><V127/><F127/><W59/><G59/><T26/><D13/><U121/><E121/><V27/><F83/><RYUUKYOKU ba="0,1" sc="250,-10,240,30,250,-10,250,-10" hai1="20,21,22,39,43,45,47,49,88,89,92,98,101" />
</Scene>
<Scene>
<INIT seed="1,1,1,3,0,107" ten="240,270,240,240" oya="1" hai0="66,58,120,18,68,13,112,32,70,31,94,45,99" hai1="55,87,15,51,6,81,83,12,92,79,39,47,128" hai2="116,75,61,111,50,49,105,126,125,34,97,114,96" hai3="103,25,23,52,135,62,33,91,65,90,63,88,38"/><U0/><E128/><V28/><F116/><W93/><G38/><T85/><D112/><U35/><E35/><V56/><F75/><W44/><G33/><T11/><D120/><U117/><E117/><V46/><F114/><W30/><G135/><T110/><D110/><U124/><E124/><N who="2" m="47723" /><F111/><W54/><G44/><T67/><D85/><U109/><E109/><V27/><F105/><W106/><G106/><T2/><D2/><U121/><E121/><V127/><F127/><W20/><G20/><T71/><D45/><U130/><E130/><V60/><F60/><W72/><G72/><T17/><D31/><U53/><E39/><V78/><F78/><W10/><G10/><T122/><D32/><U48/><E92/><V89/><F89/><W3/><G3/><T134/><D134/><U119/><E119/><V80/><F80/><W133/><G133/><T84/><D122/><U59/><REACH who="1" step="1"/><E83/><REACH who="1" ten="240,260,240,240" step="2"/><V132/><F132/><W14/><G14/><T102/><D13/><U100/><E100/><V86/><F34/><W36/><G36/><T95/><D102/><U21/><E21/><V8/><F27/><W26/><G25/><T5/><D95/><U4/><E4/><V76/><F8/><AGARI ba="1,2" hai="0,6,8,12,15,47,48,51,53,55,59,79,81,87" machi="8" ten="40,2000,0" yaku="1,1,53,0" doraHai="107" doraHaiUra="37" who="1" fromWho="2" sc="240,0,260,43,240,-23,240,0" />
</Scene>
<Scene>
<INIT seed="1,2,0,0,0,68" ten="240,303,217,240" oya="1" hai0="16,7,74,130,84,60,106,44,128,129,6,89,8" hai1="17,132,90,110,14,64,28,107,126,70,24,134,49" hai2="39,18,26,63,94,13,116,69,19,114,30,9,67" hai3="95,34,115,52,33,108,120,46,12,1,124,121,61"/><U131/><E107/><V37/><F116/><W127/><G1/><T41/><D74/><U51/><E131/><V76/><F114/><W20/><G115/><T40/><D106/><U3/><E3/><V79/><F19/><N who="3" m="10343" /><G95/><T123/><D123/><N who="3" m="47177" /><G108/><T93/><D60/><N who="1" m="40199" /><E90/><V122/><F122/><W66/><G66/><T0/><D7/><U101/><E101/><V111/><F111/><W109/><G109/><T88/><D44/><U112/><E112/><V104/><F104/><W29/><G29/><T23/><REACH who="0" step="1"/><D89/><REACH who="0" ten="230,303,217,240" step="2"/><U80/><E110/><V27/><F94/><W59/><G46/><T85/><D85/><U54/><E132/><V118/><F118/><W65/><G65/><T87/><D87/><U73/><E73/><V117/><F117/><W10/><G61/><T32/><D32/><U45/><E45/><V99/><F99/><W21/><G33/><T4/><D4/><U31/><E134/><V91/><F91/><W96/><G34/><T36/><D36/><U98/><E98/><V125/><F125/><W78/><G96/><T81/><D81/><U100/><E80/><V82/><F82/><W56/><G127/><T62/><D62/><U11/><E126/><V71/><F71/><W113/><G124/><T133/><D133/><U15/><E51/><V53/><F63/><W5/><G113/><T58/><D58/><U103/><E49/><V38/><F69/><W57/><G59/><T55/><D55/><U83/><E54/><V77/><F53/><W2/><G52/><T50/><D50/><U35/><E83/><V75/><F75/><W97/><G57/><RYUUKYOKU ba="2,1" sc="230,30,303,-10,217,-10,240,-10" hai0="0,6,8,16,23,40,41,84,88,93,128,129,130" />
</Scene>
<Scene>
<INIT seed="2,3,1,5,4,14" ten="260,293,207,230" oya="2" hai0="23,124,72,50,109,82,40,122,116,125,12,24,107" hai1="9,62,3,37,132,84,35,101,93,104,32,126,41" hai2="112,117,10,115,11,92,90,54,100,67,57,127,43" hai3="91,99,22,52,102,71,70,98,45,119,27,34,48"/><V85/><F117/><W74/><G119/><T60/><D116/><U28/><E28/><V130/><F67/><W76/><G34/><T46/><D122/><U135/><E104/><V21/><F127/><N who="0" m="48714" /><D107/><U0/><E126/><V118/><F118/><W19/><G91/><T56/><D109/><U26/><E26/><V123/><F123/><W31/><G31/><T69/><D69/><U59/><E41/><V94/><F43/><W58/><G98/><T97/><D97/><N who="1" m="59567" /><E84/><V36/><F36/><W13/><G27/><T131/><D131/><U17/><E37/><V120/><F120/><W128/><G128/><T105/><D105/><U1/><E9/><N who="2" m="3083" /><F130/><W114/><G114/><T65/><D12/><U5/><E1/><V8/><F115/><W134/><G134/><T15/><D15/><U49/><E3/><V121/><F112/><W89/><G89/><T77/><D23/><U106/><E0/><V133/><F133/><W25/><G25/><AGARI ba="3,1" hai="24,25,40,46,50,56,60,65,72,77,82" m="48714" machi="25" ten="30,1000,0" yaku="18,1" doraHai="14" who="0" fromWho="3" sc="260,29,293,0,207,0,230,-19" />
</Scene>
<Scene>
<INIT seed="3,0,0,1,5,20" ten="289,293,207,211" oya="3" hai0="54,31,120,51,22,25,18,35,122,127,27,109,50" hai1="7,117,41,75,44,132,13,103,12,89,107,3,5" hai2="126,87,64,88,92,34,62,23,116,114,4,84,60" hai3="113,80,16,45,73,95,42,123,100,56,48,118,96"/><W108/><G113/><T81/><D109/><U30/><E75/><V68/><F34/><W97/><G118/><T70/><D70/><U79/><E79/><V38/><F114/><W130/><G123/><T10/><D127/><U67/><E67/><V134/><F116/><W112/><G112/><T14/><D81/><U121/><E121/><V55/><F38/><W17/><G130/><T32/><D32/><U101/><E30/><V129/><F126/><W39/><G108/><T90/><D90/><U36/><E89/><V72/><F72/><W110/><G110/><T1/><D1/><U77/><E77/><V128/><F4/><W65/><G97/><T19/><REACH who="0" step="1"/><D51/><REACH who="0" ten="279,293,207,211" step="2"/><U11/><E117/><V9/><F128/><W24/><G80/><T63/><D63/><U8/><E3/><V33/><F129/><W76/><G76/><T49/><D49/><U125/><E125/><V69/><F33/><W105/><G39/><T29/><D29/><U6/><E36/><V40/><F69/><W28/><G73/><T93/><D93/><U47/><E107/><V124/><F62/><N who="3" m="38087" /><G105/><T46/><AGARI ba="0,1" hai="10,14,18,19,22,25,27,31,35,46,50,54,120,122" machi="46" ten="20,8000,1" yaku="1,1,0,1,7,1,52,2,53,0" doraHai="20" doraHaiUra="58" who="0" fromWho="0" sc="279,90,293,-20,207,-20,211,-40" />
</Scene>
<Scene>
<INIT seed="4,0,0,3,2,62" ten="369,273,187,171" oya="0" hai0="118,134,79,95,101,18,34,23,2,41,125,11,61" hai1="27,14,109,96,12,122,71,0,59,75,42,76,3" hai2="32,13,135,83,67,1,8,26,88,36,66,121,92" hai3="7,51,123,54,53,107,56,102,100,69,68,133,15"/><T70/><D34/><U81/><E71/><V116/><F121/><W22/><G133/><T99/><D118/><U104/><E122/><V33/><F1/><W86/><G123/><T57/><D70/><U110/><E42/><V93/><F36/><W55/><G69/><T73/><D134/><U105/><E59/><V114/><F135/><W28/><G68/><T103/><D125/><U78/><E27/><V46/><F116/><W90/><G107/><T77/><D41/><U6/><E96/><V31/><F33/><W19/><G7/><T130/><D130/><U38/><E81/><V21/><F32/><W98/><G28/><T30/><D30/><U131/><E6/><N who="2" m="3223" /><F114/><W9/><G9/><T45/><D45/><U128/><E75/><V52/><F83/><W37/><G37/><AGARI ba="0,0" hai="0,3,12,14,37,38,76,78,104,105,109,110,128,131" machi="37" ten="25,1600,0" yaku="22,2" doraHai="62" who="1" fromWho="3" sc="369,0,273,16,187,0,171,-16" />
</Scene>
<Scene>
<INIT seed="5,0,0,3,1,22" ten="369,289,187,155" oya="1" hai0="128,59,124,90,83,135,52,71,82,32,30,101,118" hai1="19,60,67,26,44,27,117,121,50,33,116,41,9" hai2="93,51,115,112,120,74,80,36,65,17,34,29,109" hai3="134,113,69,73,1,87,6,89,43,81,46,14,3"/><U127/><E121/><V57/><F120/><W7/><G69/><T53/><D71/><U108/><E127/><V20/><F109/><W10/><G113/><N who="2" m="43593" /><F36/><W70/><G70/><T129/><D118/><U119/><E108/><V95/><F29/><W77/><G134/><T47/><D124/><U55/><E33/><V94/><F34/><W58/><G58/><T111/><D111/><U28/><E28/><V40/><F74/><W76/><G6/><T37/><D135/><U66/><E41/><V91/><F80/><W79/><REACH who="3" step="1"/><G73/><REACH who="3" ten="369,289,187,145" step="2"/><T4/><D4/><U100/><E116/><V38/><F57/><W62/><G62/><T133/><D59/><U98/><E119/><V68/><F68/><W99/><G99/><T126/><D133/><U96/><E96/><N who="2" m="57407" /><F65/><W39/><AGARI ba="0,1" hai="1,3,7,10,14,39,43,46,76,77,79,81,87,89" machi="39" ten="30,2000,0" yaku="1,1,0,1,53,0" doraHai="22" doraHaiUra="63" who="3" fromWho="3" sc="369,-5,289,-10,187,-5,145,30" />
</Scene>
<Scene>
<INIT seed="6,0,0,0,5,76" ten="364,279,182,175" oya="2" hai0="92,96,28,111,68,99,25,20,127,45,40,13,52" hai1="27,65,95,132,86,89,18,72,108,81,133,113,117" hai2="115,125,53,21,19,1,135,67,7,74,79,42,35" hai3="43,61,93,123,4,44,101,16,87,41,32,80,24"/><V126/><F35/><W75/><G123/><T69/><D111/><U116/><E65/><V48/><F42/><W77/><G4/><T122/><D122/><U104/><E104/><V102/><F115/><W131/><G131/><T56/><D127/><N who="2" m="48650" /><F135/><N who="1" m="51785" /><E108/><V34/><F34/><W112/><G112/><T97/><D92/><U0/><E0/><V8/><F102/><W37/><G41/><T107/><D107/><U29/><E18/><V110/><F67/><W10/><G61/><T121/><D121/><U128/><E113/><V114/><F114/><W100/><G32/><T120/><D120/><U118/><E128/><V106/><F106/><W46/><G46/><T50/><REACH who="0" step="1"/><D13/><REACH who="0" ten="354,279,182,175" step="2"/><U88/><E117/><V90/><F110/><W91/><REACH who="3" step="1"/><G24/><REACH who="3" ten="354,279,182,165" step="2"/><T15/><D15/><AGARI ba="0,2" hai="10,15,16,37,43,44,75,77,80,87,91,93,100,101" machi="15" ten="40,8000,1" yaku="1,1,2,1,52,1,54,1,53,0" doraHai="76" doraHaiUra="49" who="3" fromWho="0" sc="354,-80,279,0,182,0,165,100" />
</Scene>
<Scene>
<INIT seed="7,0,0,5,5,30" ten="274,279,182,265" oya="3" hai0="28,92,24,59,116,65,89,117,86,88,98,37,34" hai1="22,10,105,25,43,69,114,131,32,80,27,17,12" hai2="64,14,40,57,132,47,84,39,48,119,110,101,52" hai3="133,23,87,77,56,21,71,129,13,95,111,16,15"/><W99/><G71/><T121/><D121/><U97/><E69/><V124/><F110/><W91/><G129/><T0/><D0/><U104/><E131/><V90/><F119/><W109/><G133/><T113/><D37/><U11/><E114/><V44/><F132/><W112/><G112/><T96/><D113/><U67/><E67/><V61/><F124/><W19/><G56/><T120/><D120/><U66/><E66/><V1/><F1/><W100/><G77/><T130/><D130/><U103/><E43/><V123/><F123/><W127/><G127/><T134/><D134/><U3/><E105/><AGARI ba="0,0" hai="13,15,16,19,21,23,87,91,95,99,100,105,109,111" machi="105" ten="40,3900,0" yaku="9,1,54,1" doraHai="30" who="3" fromWho="1" sc="274,0,279,-39,182,0,265,39" owari="274,7.0,240,-16.0,182,-32.0,304,41.0" />
</Scene>
</mjloggm>