<mjloggm ver="2.3"><GO type="169"/><UN n0="%E5%94%90%E6%8F%9A%E5%A4%A7%E5%A5%BD%E3%81%8D" n1="%E5%A4%AA%E3%81%8F%E3%81%AA%E3%81%84%E3%81%8A" n2="%E3%83%87%E3%82%B8%E3%82%BF%E3%83%AB%E4%BB%99%E4%BA%BA" n3="%E3%82%AF%E3%83%A9" dan="17,17,17,17" rate="2187,2141,2129,2148" sx="M,M,F,M"/><TAIKYOKU oya="0"/>

<Scene>
<INIT seed="0,0,0,4,3,79" ten="250,250,250,250" oya="0" hai0="68,131,99,127,126,55,42,77,5,64,109,117,90" hai1="118,108,88,4,92,83,101,35,87,47,37,22,66" hai2="41,84,32,60,51,26,65,106,14,111,86,70,2" hai3="104,133,21,56,105,129,25,20,94,123,102,61,98"/><T6/><D117/><U132/><E118/><V24/><F2/><W93/><G133/><T120/><D120/><U43/><E35/><V112/><F112/><W33/><G129/><T49/><D131/><U8/><E132/><V97/><F111/><W29/><G94/><N who="0" m="56791" /><D42/><U57/><E108/><V48/><F14/><W125/><G125/><N who="0" m="47627" /><D109/><U31/><E66/><V128/><F128/><W134/><G134/><T45/><D77/><U114/><E114/><V38/><F38/><W12/><G12/><T85/><D85/><U69/><E69/><V18/><F41/><W82/><G123/><T67/><D67/><U23/><E57/><V39/><F39/><W74/><G74/><T75/><D75/><U54/><E54/><V16/><F86/><W19/><G33/><T40/><D40/><U30/><E30/><N who="2" m="19527" /><F84/><W46/><G46/><T135/><D135/><U116/><E31/><V27/><F27/><N who="3" m="14751" /><G105/><T13/><D13/><U121/><E121/><V100/><F26/><W28/><G104/><T96/><D96/><U52/><E116/><V91/><F91/><W50/><G29/><T71/><D71/><U107/><E107/><V34/><F34/><W10/><G28/><T115/><D115/><U3/><E52/><V44/><F44/><W36/><G25/><T103/><D103/><U15/><E15/><V122/><F122/><W53/><G53/><T7/><D68/><U9/><E9/><V73/><F73/><W119/><G10/><T1/><D64/><U62/><E62/><V130/><F130/><W110/><G61/><T11/><AGARI ba="0,0" hai="1,5,6,7,11,45,49,55" m="47627,56791" machi="11" ten="30,1500,0" yaku="18,1" doraHai="79" who="0" fromWho="0" sc="250,15,250,-5,250,-5,250,-5" />
</Scene>
<Scene>
<INIT seed="0,1,0,2,4,41" ten="265,245,245,245" oya="0" hai0="76,115,48,19,28,40,74,27,113,84,55,93,49" hai1="73,89,114,131,65,121,57,22,1,97,112,78,94" hai2="71,60,38,110,52,88,39,129,135,64,5,11,124" hai3="56,17,21,15,90,100,9,47,35,44,68,95,83"/><T43/><D74/><U7/><E121/><V96/><F110/><W125/><G68/><T127/><D127/><U4/><E131/><V104/><F129/><W130/><G35/><T123/><D123/><U116/><E116/><V82/><F124/><W53/><G125/><T92/><D19/><U8/><E7/><V118/><F135/><W32/><G32/><T85/><D27/><U117/><E117/><V26/><F26/><N who="3" m="14639" /><G83/><T132/><D132/><U2/><E22/><V51/><F118/><W25/><G100/><T46/><D76/><U122/><E122/><V0/><F104/><W133/><G25/><T67/><D67/><U10/><E78/><V58/><REACH who="2" step="1"/><F82/><REACH who="2" ten="265,245,235,245" step="2"/><W13/><G133/><T87/><D115/><U54/><E114/><V134/><F134/><W61/><G130/><T103/><D113/><U128/><E128/><V20/><F20/><W16/><G15/><T69/><D28/><U3/><E112/><V37/><F37/><W18/><G18/><T106/><D106/><U36/><E36/><V99/><F99/><AGARI ba="1,1" hai="9,13,16,44,47,53,56,61,90,95,99" m="14639" machi="99" ten="30,8000,1" yaku="25,1,8,1,52,2,54,1" doraHai="41" who="3" fromWho="2" sc="265,0,245,0,235,-83,245,93" />
</Scene>
<Scene>
<INIT seed="1,0,0,1,3,65" ten="265,245,152,338" oya="1" hai0="130,45,59,90,71,132,135,87,118,72,117,107,35" hai1="11,30,54,24,121,64,63,99,115,91,95,67,12" hai2="84,14,123,7,125,68,79,112,29,6,55,57,62" hai3="86,102,18,9,76,36,105,106,2,31,131,34,37"/><U78/><E121/><V40/><F123/><W44/><G18/><T82/><D72/><U101/><E115/><V77/><F112/><W83/><G131/><T42/><D107/><U3/><E3/><V120/><F125/><W53/><G53/><T48/><D35/><U43/><E43/><V50/><F120/><W5/><G102/><T51/><D130/><U22/><E78/><V126/><F126/><W25/><REACH who="3" step="1"/><G37/><REACH who="3" ten="265,245,152,328" step="2"/><T46/><D118/><U93/><E54/><V1/><F29/><W27/><G27/><T75/><D117/><U60/><E67/><V122/><F122/><W116/><G116/><T38/><D38/><U73/><E64/><V15/><F55/><W0/><G0/><T10/><D42/><AGARI ba="0,1" hai="2,5,9,25,31,34,36,42,44,76,83,86,105,106" machi="42" ten="40,1300,0" yaku="1,1,53,0" doraHai="65" doraHaiUra="134" who="3" fromWho="0" sc="265,-13,245,0,152,0,328,23" />
</Scene>
<Scene>
<INIT seed="2,0,0,0,4,113" ten="252,245,152,351" oya="2" hai0="122,63,39,112,131,80,89,81,43,31,135,76,85" hai1="103,12,56,116,2,46,100,1,67,117,74,68,94" hai2="0,33,77,54,75,49,124,36,58,128,123,114,101" hai3="50,47,45,87,17,98,13,133,99,10,14,127,60"/><V102/><F123/><W34/><G34/><T64/><D112/><U130/><E74/><V96/><F114/><W62/><G133/><T41/><D122/><U104/><E68/><V69/><F0/><W82/><G127/><T132/><D31/><U25/><E104/><V93/><F124/><W72/><G72/><T3/><D3/><U19/><E25/><V29/><F36/><W30/><G30/><T121/><D121/><U52/><E67/><V83/><F128/><W55/><G47/><T61/><D131/><U78/><E78/><V119/><F69/><W111/><G111/><T23/><D23/><U4/><E46/><V70/><F70/><W27/><G27/><T32/><D32/><U84/><E84/><V51/><F51/><W109/><G109/><T21/><D21/><U110/><E110/><V125/><F125/><W20/><G60/><T115/><D115/><U95/><E4/><V37/><F37/><W57/><G14/><T66/><D39/><U7/><E7/><V92/><F29/><W40/><G20/><T59/><D135/><U48/><E130/><V91/><F33/><W26/><G26/><T65/><D132/><U35/><E35/><V5/><F5/><W126/><G126/><T88/><D66/><U105/><E105/><V15/><F15/><W24/><G24/><T79/><D85/><U90/><E2/><V118/><F101/><N who="1" m="38985" /><E1/><V73/><F75/><W11/><G11/><T106/><D106/><U9/><E90/><AGARI ba="0,0" hai="10,13,17,40,45,50,55,57,62,82,87,90,98,99" machi="90" ten="30,2000,0" yaku="7,1,8,1" doraHai="113" who="3" fromWho="1" sc="252,0,245,-20,152,0,351,20" />
</Scene>
<Scene>
<INIT seed="3,0,0,1,5,97" ten="252,225,152,371" oya="3" hai0="115,121,25,3,98,124,80,129,56,78,85,91,93" hai1="99,86,12,15,41,18,6,101,71,103,48,52,24" hai2="74,133,105,34,32,117,132,33,50,31,127,47,40" hai3="43,44,125,54,66,8,45,30,130,89,68,108,84"/><W119/><G119/><T46/><D3/><U73/><E73/><V123/><F74/><W17/><G30/><T20/><D121/><U75/><E75/><V120/><F105/><W37/><G130/><T118/><D118/><U111/><E71/><V51/><F117/><W55/><G125/><T83/><D124/><U65/><E111/><V61/><F127/><W60/><G108/><T1/><D1/><U77/><E65/><V5/><F5/><W11/><G45/><T42/><D129/><U16/><E41/><V82/><F82/><W69/><G69/><T114/><D56/><N who="1" m="32775" /><E24/><V29/><F61/><W22/><G55/><T113/><D80/><N who="1" m="47375" /><E99/><V7/><F7/><W76/><G54/><T90/><D42/><U19/><E6/><V28/><REACH who="2" step="1"/><F51/><REACH who="2" ten="252,225,142,371" step="2"/><W49/><G49/><T79/><REACH who="0" step="1"/><D46/><REACH who="0" ten="242,225,142,371" step="2"/><U2/><E2/><V72/><F72/><W26/><G44/><T106/><D106/><U38/><E38/><V57/><F57/><W67/><G37/><T0/><D0/><U102/><AGARI ba="0,2" hai="12,15,16,18,19,101,102,103" m="47375,32775" machi="102" ten="30,12000,2" yaku="8,1,52,3,54,2" doraHai="97" who="1" fromWho="1" sc="242,-30,225,140,142,-30,371,-60" />
</Scene>
<Scene>
<INIT seed="4,0,0,5,0,131" ten="212,365,112,311" oya="0" hai0="83,42,5,24,56,39,40,103,86,106,80,111,47" hai1="25,10,79,48,76,134,61,102,77,2,67,31,93" hai2="81,59,135,119,70,118,36,23,108,116,43,100,109" hai3="124,51,114,30,117,104,91,3,7,129,113,26,85"/><T33/><D111/><N who="2" m="42570" /><F81/><W87/><G117/><T95/><D5/><U44/><E2/><V6/><F6/><W84/><G104/><T0/><D0/><U15/><E134/><V4/><F4/><W64/><G64/><T130/><D130/><U22/><E102/><V41/><F100/><W58/><G124/><T54/><D40/><N who="2" m="15434" /><F23/><W45/><G58/><T49/><D106/><U57/><E93/><V94/><F94/><W55/><G129/><T82/><D103/><U46/><REACH who="1" step="1"/><E48/><REACH who="1" ten="212,355,112,311" step="2"/><V28/><F135/><W89/><G3/><T115/><D95/><U112/><E112/><N who="3" m="43114" /><G7/><AGARI ba="0,1" hai="7,10,15,22,25,31,44,46,57,61,67,76,77,79" machi="7" ten="40,2600,0" yaku="1,1,8,1,53,0" doraHai="131" doraHaiUra="105" who="1" fromWho="3" sc="212,0,355,36,112,0,311,-26" />
</Scene>
<Scene>
<INIT seed="5,0,0,1,4,41" ten="212,391,112,285" oya="1" hai0="109,67,21,76,126,99,9,61,66,79,78,14,47" hai1="16,72,86,36,97,132,52,127,59,122,107,5,50" hai2="100,30,95,105,131,80,24,130,46,57,116,112,103" hai3="25,17,8,104,74,60,0,135,32,110,115,23,81"/><U10/><E122/><V31/><F116/><W48/><G104/><T43/><D109/><U12/><E72/><V37/><F112/><W15/><G110/><T58/><D126/><U124/><E36/><V55/><F80/><W53/><G60/><T34/><D34/><U73/><E73/><V40/><F105/><W77/><G135/><T20/><D99/><U26/><E132/><V92/><F103/><W33/><G0/><T49/><REACH who="0" step="1"/><D67/><REACH who="0" ten="202,391,112,285" step="2"/><U111/><E111/><V2/><F2/><W106/><G115/><T13/><D13/><U1/><E26/><V89/><F100/><W133/><G133/><T128/><D128/><N who="2" m="49194" /><F24/><W118/><G118/><T119/><D119/><U29/><E97/><N who="2" m="57487" /><F95/><W63/><G106/><T91/><D91/><U83/><E107/><V62/><AGARI ba="0,1" hai="30,31,37,40,46,55,57,62" m="57487,49194" machi="62" ten="30,2000,0" yaku="19,1,52,1" doraHai="41" who="2" fromWho="2" sc="202,-5,391,-10,112,30,285,-5" />
</Scene>
<Scene>
<INIT seed="6,0,0,5,2,107" ten="197,381,142,280" oya="2" hai0="102,122,27,69,10,119,17,26,24,34,129,49,13" hai1="110,89,97,135,83,72,90,84,118,87,100,25,79" hai2="54,8,74,80,58,37,85,57,63,130,11,61,133" hai3="101,19,53,47,31,0,132,93,59,66,7,82,120"/><V4/><F133/><W29/><G120/><T62/><D122/><U18/><E110/><V78/><F130/><W14/><G0/><T21/><D129/><U124/><E118/><V96/><F37/><W51/><G7/><T104/><D119/><U111/><E111/><V131/><F131/><W127/><G127/><T30/><D49/><U5/><E5/><V91/><F96/><N who="3" m="59535" /><G132/><T9/><D9/><U38/><E38/><V121/><F121/><W28/><G82/><T35/><D35/><U46/><E135/><V6/><F6/><W64/><G59/><T115/><D115/><U20/><E124/><V45/><F45/><W109/><G109/><T39/><D39/><U41/><E46/><V60/><F4/><W56/><G56/><T68/><D10/><AGARI ba="0,0" hai="10,14,19,28,29,31,47,51,53,64,66" m="59535" machi="10" ten="30,1000,0" yaku="8,1" doraHai="107" who="3" fromWho="0" sc="197,-10,381,0,142,0,280,10" />
</Scene>
<Scene>
<INIT seed="7,0,0,0,4,40" ten="187,381,142,290" oya="3" hai0="75,66,36,102,51,94,100,56,20,39,131,65,135" hai1="95,14,128,59,54,44,3,118,107,32,72,116,81" hai2="6,55,17,80,126,26,60,121,127,28,125,70,19" hai3="45,57,61,69,103,111,52,22,76,29,21,43,46"/><W93/><G111/><T34/><D75/><U79/><E3/><V133/><F121/><W71/><G76/><T12/><D34/><U7/><E128/><V110/><F110/><W24/><G71/><T67/><D131/><U78/><E107/><V53/><F6/><W85/><G69/><T58/><D135/><U89/><E32/><V82/><F133/><W115/><G115/><T35/><D35/><U30/><E30/><V97/><F97/><N who="3" m="59823" /><G43/><T1/><D1/><U4/><E79/><V25/><F70/><W108/><G108/><T96/><D102/><U123/><E44/><N who="3" m="17002" /><G22/><T11/><D20/><U38/><E38/><V62/><F127/><W114/><G114/><T119/><D119/><N who="1" m="45611" /><E123/><V98/><F98/><W113/><G113/><T105/><D105/><U48/><E14/><V8/><REACH who="2" step="1"/><F8/><REACH who="2" ten="187,381,132,290" step="2"/><W117/><G117/><T87/><D96/><AGARI ba="0,1" hai="4,7,48,54,59,72,78,81,89,95,96" m="45611" machi="96" ten="30,1000,0" yaku="12,1" doraHai="40" who="1" fromWho="0" sc="187,-10,381,20,132,0,290,0" owari="177,-22.0,401,50.0,132,-37.0,290,9.0" />
</Scene>
</mjloggm>