<mjloggm ver="2.3"><GO type="169"/><UN n0="%E8%8A%8B%EF%BC%A0%EF%BC%90%EF%BC%98%E2%80%99" n1="%E5%A4%AA%E3%81%8F%E3%81%AA%E3%81%84%E3%81%8A" n2="%67%6F%6F%64%62%79%65" n3="%E3%81%84%E3%81%97%E3%81%97%E3%82%93%49%44%E7%B4%9B%E5%A4%B1" dan="16,16,16,17" rate="2099,2113,2040,2121" sx="M,M,F,M"/><TAIKYOKU oya="0"/>

<Scene>
<INIT seed="0,0,0,1,3,106" ten="250,250,250,250" oya="0" hai0="46,90,102,112,134,94,33,69,51,87,0,135,63" hai1="53,17,115,27,9,83,64,66,89,96,77,29,3" hai2="62,113,99,6,4,1,110,2,91,47,23,80,28" hai3="58,125,78,41,13,100,54,126,37,123,50,88,107"/><T121/><D112/><U65/><E115/><V101/><F113/><W73/><G123/><T120/><D33/><U16/><E53/><V79/><F110/><W68/><G68/><T44/><D0/><U11/><E96/><V43/><F62/><W45/><G100/><T86/><D102/><U34/><E89/><V130/><F91/><W119/><G107/><T60/><D86/><U109/><E109/><V82/><F82/><W131/><G119/><T39/><D39/><U35/><E35/><V59/><F59/><W40/><G40/><N who="0" m="24967" /><D46/><U7/><REACH who="1" step="1"/><E11/><REACH who="1" ten="250,240,250,250" step="2"/><V12/><F99/><W57/><G54/><T129/><D121/><U128/><E128/><V49/><F130/><W75/><G131/><T61/><D129/><U32/><E32/><V122/><F122/><W20/><G88/><T42/><D120/><U76/><E76/><V70/><F79/><W118/><G78/><T103/><D103/><U98/><E98/><V74/><F101/><W108/><G118/><T19/><D42/><U124/><E124/><V85/><F43/><W18/><G108/><T132/><D69/><U81/><E81/><V14/><F80/><W71/><G71/><T36/><D36/><U52/><E52/><V117/><F70/><W92/><G92/><T67/><D67/><U104/><E104/><V48/><F117/><W21/><G37/><T8/><D8/><U30/><E30/><V55/><F28/><W56/><G21/><T93/><D93/><U22/><E22/><V105/><F23/><W116/><G116/><T5/><D61/><U95/><E95/><V127/><F55/><RYUUKYOKU ba="0,1" sc="250,-15,240,15,250,-15,250,15" hai1="3,7,9,16,17,27,29,34,64,65,66,77,83" hai3="13,18,20,41,45,50,56,57,58,73,75,125,126" />
</Scene>
<Scene>
<INIT seed="1,1,1,4,3,72" ten="235,255,235,265" oya="1" hai0="110,19,47,53,121,8,37,2,27,23,133,104,107" hai1="20,62,5,109,71,70,16,66,78,58,52,28,45" hai2="76,75,43,64,96,34,17,31,99,86,116,97,95" hai3="24,115,128,73,7,49,91,126,93,0,98,15,135"/><U25/><E5/><V77/><F116/><W119/><G115/><T55/><D110/><U50/><E109/><V67/><F75/><W22/><G0/><T26/><D133/><U1/><E1/><V125/><F125/><W113/><G113/><T90/><D121/><U80/><E28/><V36/><F34/><W94/><G73/><AGARI ba="1,1" hai="16,20,25,45,50,52,58,62,66,70,71,73,78,80" machi="73" ten="30,11600,0" yaku="7,1,52,1,54,2" doraHai="72" who="1" fromWho="3" sc="235,0,255,129,235,0,265,-119" />
</Scene>
<Scene>
<INIT seed="1,2,0,5,3,114" ten="235,384,235,146" oya="1" hai0="127,40,13,65,104,89,75,100,82,118,120,93,36" hai1="74,43,113,78,90,27,61,50,134,22,66,56,72" hai2="9,47,64,69,131,102,34,20,95,63,83,37,16" hai3="92,17,10,97,88,129,42,76,46,108,68,44,51"/><U49/><E113/><V35/><F131/><W96/><G68/><T8/><D127/><U79/><E134/><V3/><F83/><W30/><G129/><T81/><D120/><U54/><E74/><V28/><F28/><W123/><G123/><T111/><D111/><U132/><E132/><V85/><F9/><W71/><G71/><T91/><D65/><U116/><E116/><V33/><F3/><W70/><G70/><T110/><D110/><U41/><E90/><V73/><F73/><W21/><G108/><T29/><D29/><U105/><E105/><V45/><F37/><W109/><G109/><T103/><D104/><U112/><E112/><V48/><F48/><N who="3" m="26647" /><G76/><N who="1" m="29226" /><E72/><V67/><F67/><W52/><G10/><T26/><D75/><U11/><E11/><V18/><F18/><W121/><G30/><T115/><D115/><U98/><E98/><V57/><F69/><W126/><G126/><T32/><D36/><U59/><E50/><V130/><F130/><W23/><G121/><T119/><D8/><U19/><AGARI ba="2,0" hai="19,22,27,41,43,49,54,56,59,61,66" m="29226" machi="19" ten="30,1500,0" yaku="8,1" doraHai="114" who="1" fromWho="1" sc="235,-7,384,21,235,-7,146,-7" />
</Scene>
<Scene>
<INIT seed="1,3,0,2,3,10" ten="228,405,228,139" oya="1" hai0="61,17,69,20,130,97,93,91,113,81,37,73,1" hai1="122,104,44,94,68,67,101,103,43,36,134,50,121" hai2="53,34,111,42,126,59,12,98,132,62,83,45,102" hai3="21,63,85,23,80,100,86,15,72,78,90,128,115"/><U40/><E94/><V123/><F123/><N who="1" m="47113" /><E101/><V25/><F132/><W32/><G32/><T7/><D37/><U57/><E103/><V16/><F126/><W99/><G115/><T127/><D113/><U27/><E27/><V48/><F111/><W74/><G128/><T5/><D127/><U41/><E104/><V87/><F34/><W88/><G63/><T19/><D130/><U76/><E76/><V96/><F25/><W33/><G33/><T75/><D19/><U95/><E95/><V105/><F102/><W64/><G64/><T114/><D114/><U84/><E84/><V26/><F26/><W51/><G51/><T35/><D35/><U2/><E2/><V117/><F117/><W108/><G108/><T120/><D120/><U60/><E134/><V54/><F105/><W71/><G71/><T131/><D131/><U89/><E89/><N who="2" m="51455" /><F42/><W0/><G0/><T39/><D1/><U24/><E24/><V56/><F56/><W124/><G124/><T6/><D81/><U58/><E58/><V11/><AGARI ba="3,0" hai="11,12,16,45,48,53,54,59,62,96,98" m="51455" machi="11" ten="30,7900,0" yaku="25,1,8,1,52,1,54,1" doraHai="10" who="2" fromWho="2" sc="228,-23,405,-42,228,88,139,-23" />
</Scene>
<Scene>
<INIT seed="2,0,0,3,2,0" ten="205,363,316,116" oya="2" hai0="107,3,111,6,40,41,76,64,65,80,18,110,20" hai1="119,52,19,66,27,69,58,74,68,72,99,29,42" hai2="51,2,35,16,135,12,113,70,95,132,14,17,98" hai3="94,37,133,21,60,75,8,61,54,78,81,26,128"/><V28/><F70/><W134/><G37/><T25/><D107/><U97/><E119/><V34/><F51/><W108/><G108/><N who="0" m="41515" /><D3/><U90/><E42/><N who="0" m="16489" /><D6/><U24/><E66/><V114/><F95/><W82/><G128/><T96/><D96/><U88/><E29/><V103/><F103/><W124/><G124/><T115/><D115/><N who="2" m="44042" /><F98/><W48/><G8/><T22/><D20/><U38/><E58/><V15/><F2/><W57/><G82/><T59/><D59/><U91/><E91/><V73/><F73/><AGARI ba="0,0" hai="18,22,25,64,65,73,76,80" m="16489,41515" machi="73" ten="30,1000,0" yaku="14,1" doraHai="0" who="0" fromWho="2" sc="205,10,363,0,316,-10,116,0" />
</Scene>
<Scene>
<INIT seed="3,0,0,4,1,19" ten="215,363,306,116" oya="3" hai0="75,74,39,119,41,123,104,0,5,18,37,99,64" hai1="28,24,10,97,26,43,55,112,14,108,84,77,50" hai2="13,89,57,61,96,20,60,8,66,124,134,21,27" hai3="131,4,88,76,71,54,114,133,9,12,125,117,92"/><W48/><G117/><T63/><D18/><N who="1" m="8535" /><E112/><V115/><F115/><W35/><G114/><T78/><D119/><U73/><E73/><V83/><F134/><W103/><G133/><T46/><D123/><U129/><E108/><V72/><F124/><W87/><G125/><T29/><D29/><U94/><E43/><V128/><F128/><W93/><G71/><N who="0" m="42399" /><D78/><U127/><E129/><V105/><F27/><W81/><G35/><T98/><D98/><U106/><E106/><V17/><F72/><W126/><G126/><T31/><D31/><U11/><E11/><V67/><F105/><W65/><G65/><T40/><D5/><U51/><E28/><V90/><F90/><W2/><G131/><T101/><D0/><U47/><E51/><V79/><F79/><W45/><G103/><T85/><D85/><U100/><E127/><V120/><F120/><W23/><G23/><T25/><D25/><U32/><E32/><V80/><F80/><AGARI ba="0,0" hai="24,26,47,50,55,77,80,84,94,97,100" m="8535" machi="80" ten="30,1000,0" yaku="8,1" doraHai="19" who="1" fromWho="2" sc="215,0,363,10,306,-10,116,0" />
</Scene>
<Scene>
<INIT seed="4,0,0,3,0,69" ten="215,373,296,116" oya="0" hai0="46,125,92,12,76,57,22,19,23,73,80,106,0" hai1="98,120,32,59,87,31,89,94,130,28,113,111,30" hai2="26,75,132,68,101,56,15,67,112,45,29,122,108" hai3="70,41,96,49,7,104,63,16,11,39,86,21,65"/><T42/><D106/><U54/><E111/><V62/><F122/><W78/><G39/><T88/><D125/><U90/><E120/><V121/><F121/><W34/><G34/><T4/><D57/><U72/><E72/><V114/><F108/><W64/><G64/><T129/><D129/><U17/><E130/><V134/><F101/><W84/><G104/><T47/><D47/><U74/><E74/><V119/><F75/><W83/><G96/><T103/><D103/><U43/><E43/><V8/><F45/><W18/><G86/><T124/><D124/><U3/><E3/><V61/><F119/><W1/><REACH who="3" step="1"/><G21/><REACH who="3" ten="215,373,296,106" step="2"/><T115/><D23/><U40/><E32/><V102/><F67/><W5/><G5/><T37/><D115/><U24/><E87/><V126/><F112/><W82/><G82/><T48/><D4/><U71/><E98/><V50/><F114/><W36/><G36/><T100/><D100/><U10/><E113/><V107/><F102/><W128/><G128/><T135/><D37/><U133/><E94/><V9/><F107/><W14/><G14/><T66/><D0/><U33/><E33/><V95/><F126/><W52/><G52/><T60/><D66/><U58/><E54/><V51/><F95/><W77/><G77/><T110/><D110/><U118/><E118/><V53/><F15/><W25/><G25/><T81/><D81/><U44/><E24/><V127/><F26/><W27/><G27/><T117/><D117/><U116/><E116/><V123/><F53/><W93/><G93/><T35/><D35/><U6/><E6/><RYUUKYOKU ba="0,1" sc="215,-10,373,-10,296,-10,106,30" hai3="1,7,11,16,18,41,49,63,65,70,78,83,84" />
</Scene>
<Scene>
<INIT seed="5,1,1,3,3,117" ten="205,363,286,136" oya="1" hai0="90,116,55,85,66,126,38,101,39,17,9,129,62" hai1="134,76,79,89,132,87,27,0,122,20,77,91,105" hai2="133,58,34,99,68,118,45,115,72,57,102,131,15" hai3="70,114,44,86,49,71,112,54,61,7,5,108,4"/><U81/><E0/><V6/><F118/><W75/><G75/><T123/><D116/><U12/><E105/><V53/><F72/><W135/><G108/><T69/><D101/><U64/><E64/><V52/><F34/><W94/><G135/><N who="1" m="51754" /><E12/><V48/><F133/><W78/><G61/><T93/><D129/><U109/><E109/><V40/><F131/><W23/><G23/><T33/><D33/><U119/><E119/><V100/><F115/><W11/><G11/><T41/><D126/><U51/><E51/><V63/><F68/><W106/><G106/><T29/><D29/><N who="1" m="17639" /><E89/><V16/><F6/><W73/><G4/><T83/><D9/><U120/><AGARI ba="1,1" hai="76,77,79,81,87,91,120,122" m="17639,51754" machi="120" ten="40,7800,0" yaku="20,1,52,2" doraHai="117" who="1" fromWho="1" sc="205,-27,363,91,286,-27,136,-27" />
</Scene>
<Scene>
<INIT seed="5,2,0,0,0,48" ten="178,454,259,109" oya="1" hai0="91,108,83,38,100,42,15,127,103,18,13,49,45" hai1="17,109,2,7,5,90,29,69,118,77,82,128,84" hai2="40,117,80,95,85,28,131,26,97,61,125,37,92" hai3="10,54,16,35,56,73,21,132,22,106,70,55,4"/><U12/><E118/><V68/><F117/><W78/><G35/><T76/><D108/><U53/><E69/><V43/><F131/><W46/><G70/><T129/><D129/><U114/><E128/><V120/><F120/><W126/><G106/><T135/><D135/><U67/><E67/><V88/><F125/><W33/><G33/><T79/><D127/><U134/><E134/><V104/><F104/><W86/><G73/><T105/><D105/><U124/><E124/><V20/><F37/><W58/><G46/><T63/><D38/><U107/><E107/><V32/><F32/><W130/><G130/><T89/><D63/><U119/><E119/><V87/><F68/><W24/><G22/><T51/><D83/><U25/><E114/><V99/><F61/><N who="3" m="35991" /><G126/><T9/><D9/><U115/><E2/><V113/><F113/><W11/><G4/><T30/><D45/><U34/><E109/><V36/><F36/><W57/><G57/><T74/><D74/><U71/><E71/><V47/><F47/><W6/><G6/><T65/><D42/><N who="2" m="15914" /><F80/><N who="3" m="47383" /><G132/><T66/><REACH who="0" step="1"/><D18/><REACH who="0" ten="168,454,259,109" step="2"/><U3/><E17/><V1/><F1/><W93/><G93/><T72/><D72/><U64/><E3/><V52/><F95/><W111/><G111/><T121/><D121/><U122/><E122/><V19/><F19/><W27/><G24/><T31/><AGARI ba="2,1" hai="13,15,30,31,49,51,65,66,76,79,89,91,100,103" machi="31" ten="25,8000,1" yaku="1,1,0,1,22,2,8,1,53,0" doraHai="48" doraHaiUra="110" who="0" fromWho="0" sc="168,96,454,-42,259,-22,109,-22" />
</Scene>
<Scene>
<INIT seed="6,0,0,3,3,27" ten="264,412,237,87" oya="2" hai0="44,20,16,130,109,26,49,7,67,131,14,122,64" hai1="114,55,84,128,120,43,98,74,104,72,132,65,93" hai2="106,47,1,36,85,69,121,12,97,50,82,46,101" hai3="126,124,2,108,11,75,77,0,78,10,59,9,107"/><V129/><F121/><W42/><G42/><T110/><D122/><U38/><E120/><V45/><F1/><N who="3" m="619" /><G75/><T118/><D118/><U112/><E65/><N who="0" m="25161" /><D7/><U68/><E68/><V83/><F129/><N who="0" m="49162" /><D26/><U4/><E4/><V99/><F69/><W115/><G107/><T21/><D20/><U79/><E128/><V52/><F97/><W48/><G108/><T62/><D62/><U24/><E104/><V89/><F36/><W127/><G115/><T8/><D21/><U111/><E24/><V123/><F123/><W95/><G95/><T117/><D117/><U103/><E111/><V30/><F30/><W76/><G48/><T66/><N who="0" m="25169" /><T94/><DORA hai="34" /><D94/><U71/><E71/><V90/><F12/><W92/><G92/><T113/><D113/><U54/><E38/><V41/><F41/><AGARI ba="0,0" hai="8,14,16,41,44,49,109,110" m="49162,25169" machi="41" ten="40,2600,0" yaku="19,1,54,1" doraHai="27,34" who="0" fromWho="2" sc="264,26,412,0,237,-26,87,0" />
</Scene>
<Scene>
<INIT seed="7,0,0,2,5,128" ten="290,412,211,87" oya="3" hai0="3,42,4,5,20,84,34,14,61,112,51,118,6" hai1="77,117,91,13,94,17,74,67,30,109,124,121,52" hai2="89,33,111,83,9,7,100,29,22,97,126,123,36" hai3="71,49,28,55,82,45,60,39,31,102,12,75,70"/><W101/><G39/><T115/><D34/><U79/><E109/><V107/><F111/><W62/><G12/><T92/><D118/><U127/><E121/><V108/><F108/><W40/><G75/><T96/><D3/><U73/><E67/><V106/><F123/><W87/><G71/><T125/><D125/><N who="1" m="48203" /><E30/><N who="3" m="11306" /><G70/><T57/><D84/><N who="1" m="52583" /><E117/><V68/><F126/><W44/><G44/><N who="0" m="26007" /><D115/><U90/><E90/><V78/><F68/><W129/><G129/><T120/><D112/><U76/><E52/><V135/><F36/><W47/><G47/><T59/><D120/><U15/><E15/><V16/><F106/><W50/><G50/><T35/><D35/><U105/><E105/><V72/><F29/><W24/><G24/><T69/><D69/><U131/><E131/><V1/><F33/><W54/><G40/><T48/><D48/><U132/><E132/><V113/><F113/><W86/><G86/><T130/><D130/><U63/><E63/><N who="3" m="24106" /><G55/><T0/><D0/><U116/><E116/><V19/><F89/><AGARI ba="0,0" hai="45,49,54,82,87,89,101,102" m="24106,11306" machi="89" ten="30,1500,0" yaku="8,1" doraHai="128" who="3" fromWho="2" sc="290,0,412,0,211,-15,87,15" />
</Scene>
<Scene>
<INIT seed="7,1,0,3,5,70" ten="290,412,196,102" oya="3" hai0="48,21,33,19,52,35,79,102,58,101,38,68,34" hai1="120,6,64,57,121,80,25,117,32,135,2,55,118" hai2="43,8,22,26,20,3,74,17,114,97,5,89,99" hai3="86,123,13,37,47,90,105,134,63,109,28,112,40"/><W127/><G123/><T95/><D68/><U0/><E64/><V42/><F74/><W122/><G122/><N who="1" m="47210" /><E6/><V45/><F114/><W77/><G105/><T75/><D75/><U73/><E135/><V11/><F43/><W54/><G77/><T132/><D79/><N who="1" m="44143" /><E25/><V128/><F128/><W30/><G134/><T107/><D107/><U108/><E32/><V96/><F11/><W61/><G112/><T131/><D132/><U10/><E10/><V15/><F22/><W60/><G109/><T87/><D131/><U113/><E108/><V104/><F104/><W115/><G115/><T41/><D41/><U44/><E44/><V67/><F67/><W119/><G119/><N who="1" m="45578" /><E113/><V84/><F3/><W31/><G13/><N who="0" m="9455" /><D38/><U94/><E94/><V50/><F99/><W66/><G54/><T103/><D103/><U62/><AGARI ba="1,0" hai="0,2,55,57,62" m="45578,44143,47210" machi="62" ten="30,1100,0" yaku="12,1" doraHai="70" who="1" fromWho="1" sc="290,-4,412,14,196,-4,102,-6" owari="286,9.0,426,52.0,192,-21.0,96,-40.0" />
</Scene>
</mjloggm>