<mjloggm ver="2.3"><GO type="97"/><UN n0="%E3%83%8F%E3%82%A4%E3%82%B8%EF%BC%88%EF%BC%91%EF%BC%98%E7%A6%81%EF%BC%89" n1="%E3%82%B1%E3%83%B3%E3%83%89%E3%83%BC%E3%82%B3%E3%83%90%E3%83%A4%E3%82%B7" n2="%E3%81%A8%E3%81%85%E3%81%8B%E3%81%95" n3="%E5%A4%AA%E3%81%8F%E3%81%AA%E3%81%84%E3%81%8A" dan="15,14,14,14" rate="2094,1891,1957,2031" sx="M,M,F,M"/><TAIKYOKU oya="0"/>

<Scene>
<INIT seed="0,0,0,2,5,44" ten="250,250,250,250" oya="0" hai0="85,89,12,10,58,32,34,121,21,22,133,35,20" hai1="47,25,105,108,75,63,115,104,87,53,23,17,111" hai2="72,97,113,128,132,18,48,110,123,38,57,92,81" hai3="13,96,9,3,86,27,36,56,114,129,52,94,84"/><T69/><D69/><U50/><E75/><V101/><F123/><W95/><G114/><T117/><D121/><U66/><E87/><N who="3" m="33322" /><G3/><T131/><D117/><U126/><E115/><V60/><F113/><W78/><G36/><T80/><D133/><U70/><REACH who="1" step="1"/><E126/><REACH who="1" ten="250,240,250,250" step="2"/><V30/><F72/><W76/><G129/><T26/><D131/><U31/><E31/><V42/><F128/><W7/><G27/><T99/><D99/><U5/><E5/><V102/><F30/><W135/><G135/><T55/><D26/><U2/><E2/><V73/><F73/><W4/><G4/><T14/><REACH who="0" step="1"/><D10/><REACH who="0" ten="240,240,250,250" step="2"/><U79/><E79/><N who="3" m="30250" /><G96/><T120/><D120/><U112/><E112/><V24/><F97/><W64/><G64/><T100/><D100/><U68/><E68/><V28/><F101/><W8/><G9/><T33/><N who="0" m="8192" /><DORA hai="51" /><T15/><D15/><U65/><E65/><V119/><F102/><W107/><G107/><AGARI ba="0,2" hai="17,23,25,47,50,53,63,66,70,104,105,107,108,111" machi="107" ten="40,8000,1" yaku="1,1,52,2,53,2" doraHai="44,51" doraHaiUra="122,29" who="1" fromWho="3" sc="240,0,240,100,250,0,250,-80" />
</Scene>
<Scene>
<INIT seed="1,0,0,2,0,9" ten="240,340,250,170" oya="1" hai0="88,40,123,85,48,92,53,73,118,66,70,134,87" hai1="132,21,59,10,60,36,31,113,110,13,24,58,105" hai2="45,37,27,16,14,107,76,6,94,57,102,35,50" hai3="41,104,26,19,125,130,122,83,20,63,77,79,74"/><U127/><E113/><V62/><F37/><W56/><G122/><T43/><D73/><U81/><E36/><V42/><F107/><W15/><G104/><T111/><D118/><U47/><E105/><V120/><F120/><W133/><G133/><T1/><D123/><U12/><E132/><V78/><F6/><W46/><G130/><T7/><D134/><U129/><E129/><V61/><F35/><W91/><G125/><T84/><D111/><U116/><E116/><V64/><F27/><W5/><G91/><T52/><D70/><U115/><E115/><V8/><F62/><W69/><G69/><T97/><D66/><U114/><E114/><V51/><F51/><W124/><G124/><T126/><D126/><U0/><E127/><V11/><F11/><W108/><G108/><T39/><D39/><U29/><E47/><V101/><F101/><W121/><G121/><T22/><D53/><U89/><E0/><V117/><F117/><W106/><G106/><T54/><D54/><N who="1" m="33879" /><E10/><V93/><F93/><W99/><G99/><AGARI ba="0,0" hai="8,14,16,42,45,50,57,61,64,76,78,94,99,102" machi="99" ten="40,5200,0" yaku="8,1,52,1,54,1" doraHai="9" who="2" fromWho="3" sc="240,0,340,0,250,52,170,-52" />
</Scene>
<Scene>
<INIT seed="2,0,0,2,3,77" ten="240,340,302,118" oya="2" hai0="94,84,58,34,56,55,107,82,85,113,115,88,99" hai1="62,11,132,118,72,114,101,53,83,128,103,100,1" hai2="93,7,37,119,44,110,109,40,0,25,41,90,124" hai3="8,105,70,122,48,57,125,65,126,121,89,28,87"/><V74/><F119/><W98/><G28/><T135/><D34/><U26/><E114/><V2/><F124/><N who="3" m="47723" /><G8/><T86/><D135/><U46/><E118/><V78/><F41/><W6/><G6/><T63/><D107/><U43/><E132/><V117/><F117/><W23/><G23/><T127/><D127/><U96/><E128/><V39/><F39/><W21/><G21/><T10/><D10/><U24/><E96/><V108/><F25/><W81/><G70/><T71/><D71/><U76/><E62/><V50/><F50/><W27/><G27/><T17/><D17/><U66/><E53/><V129/><F129/><W92/><G65/><N who="0" m="39143" /><D115/><U69/><E66/><V68/><F68/><W12/><G12/><T14/><D14/><U73/><E73/><V29/><F29/><W75/><G57/><T20/><D20/><U133/><E69/><V31/><F31/><W123/><G48/><N who="0" m="31079" /><D113/><U104/><E104/><V5/><F2/><W22/><G22/><T54/><D54/><U38/><E133/><V33/><F33/><W42/><G42/><T18/><D18/><U80/><E80/><AGARI ba="0,0" hai="80,82,84,85,86,88,94,99" m="31079,39143" machi="80" ten="30,7700,0" yaku="8,1,52,2,54,1" doraHai="77" who="0" fromWho="1" sc="240,77,340,-77,302,0,118,0" />
</Scene>
<Scene>
<INIT seed="3,0,0,1,2,100" ten="317,263,302,118" oya="3" hai0="79,113,32,105,90,45,24,10,76,124,58,106,52" hai1="66,16,39,11,35,23,31,46,6,3,127,87,121" hai2="41,102,129,62,91,49,123,54,93,132,128,53,71" hai3="125,117,112,18,110,22,19,120,88,75,44,7,8"/><W27/><G120/><T86/><D106/><U12/><E121/><V135/><F123/><W47/><G117/><T95/><D105/><U40/><E66/><N who="2" m="41431" /><F102/><W118/><G118/><T109/><D109/><U0/><E87/><N who="2" m="52479" /><F49/><W96/><G112/><T17/><D113/><U61/><E61/><V28/><F28/><N who="3" m="17527" /><G75/><T15/><D124/><U36/><E127/><V77/><F77/><N who="0" m="29770" /><D32/><U57/><E57/><V84/><F84/><W37/><G37/><T51/><D24/><N who="1" m="18919" /><E0/><V134/><F41/><W99/><G125/><T9/><D9/><U50/><AGARI ba="0,0" hai="3,6,11,12,16,23,36,39,40,46,50" m="18919" machi="50" ten="30,2000,0" yaku="24,1,54,1" doraHai="100" who="1" fromWho="1" sc="317,-5,263,20,302,-5,118,-10" owari="312,41.0,283,-12.0,297,10.0,108,-39.0" />
</Scene>
</mjloggm>