<mjloggm ver="2.3"><GO type="137"/><UN n0="%E5%A4%AA%E3%81%8F%E3%81%AA%E3%81%84%E3%81%8A" n1="%63%68%69%63%6F%72%79%40" n2="%36%30%35%39%32%31%44%44" n3="%E3%82%B3%E3%83%BC%E3%82%AF%E3%82%B9" dan="8,12,11,13" rate="1598,1683,1708,1743" sx="M,M,M,M"/><TAIKYOKU oya="0"/>

<Scene>
<INIT seed="0,0,0,5,1,19" ten="250,250,250,250" oya="0" hai0="104,30,28,110,113,122,80,49,48,45,120,132,8" hai1="131,10,130,5,50,64,66,93,94,90,128,87,81" hai2="69,18,76,96,103,23,89,105,36,67,86,117,9" hai3="65,72,40,57,44,127,125,52,21,118,98,51,78"/><T74/><D113/><U114/><E50/><V29/><F117/><W77/><G118/><T39/><D104/><U108/><E114/><V20/><F36/><W58/><G72/><T73/><D39/><U123/><E123/><V47/><F76/><W24/><G98/><T16/><D80/><U15/><REACH who="1" step="1"/><E108/><REACH who="1" ten="250,240,250,250" step="2"/><V68/><F47/><W133/><G133/><T0/><D132/><U7/><E7/><V71/><F29/><W22/><G58/><T79/><D110/><U63/><E63/><V38/><F38/><W102/><G65/><AGARI ba="0,1" hai="5,10,15,64,65,66,81,87,90,93,94,128,130,131" machi="65" ten="40,2600,0" yaku="1,1,19,1,53,0" doraHai="19" doraHaiUra="97" who="1" fromWho="3" sc="250,0,240,36,250,0,250,-26" />
</Scene>
<Scene>
<INIT seed="1,0,0,5,2,124" ten="250,276,250,224" oya="1" hai0="130,66,15,54,120,121,12,49,128,88,14,48,93" hai1="17,37,20,61,60,35,101,19,29,133,65,107,110" hai2="10,81,72,91,50,45,87,25,103,84,8,85,100" hai3="111,55,21,39,89,22,47,23,95,76,132,1,109"/><U58/><E37/><V24/><F72/><W105/><G1/><T112/><D66/><U115/><E115/><V134/><F134/><W41/><G105/><T75/><D75/><U59/><E133/><V51/><F81/><W79/><G132/><T96/><D112/><U99/><E110/><V9/><F91/><W26/><G26/><N who="2" m="10345" /><F45/><W67/><G67/><T62/><D62/><U57/><E57/><V46/><F46/><W117/><G117/><T43/><D43/><U102/><E102/><AGARI ba="0,0" hai="8,9,10,50,51,84,85,87,100,102,103" m="10345" machi="102" ten="40,5200,0" yaku="28,2,8,1" doraHai="124" who="2" fromWho="1" sc="250,0,276,-52,250,52,224,0" />
</Scene>
<Scene>
<INIT seed="2,0,0,3,1,14" ten="250,224,302,224" oya="2" hai0="95,71,8,94,59,110,50,53,12,70,130,112,122" hai1="93,57,7,77,9,121,37,75,90,25,76,64,100" hai2="132,120,79,89,101,15,88,66,127,28,97,20,43" hai3="52,125,16,56,42,29,124,134,91,63,13,84,40"/><V18/><F120/><W115/><G115/><T119/><D112/><U30/><E37/><V23/><F127/><N who="3" m="48715" /><G134/><T44/><D122/><U73/><E121/><V21/><F132/><W27/><G29/><T108/><D130/><U99/><E100/><V46/><F66/><W54/><G54/><T80/><D119/><U92/><E73/><V6/><F79/><W39/><G27/><T65/><D80/><U67/><E92/><N who="0" m="35369" /><D44/><U0/><E75/><V26/><F6/><W41/><G84/><T129/><D65/><U33/><REACH who="1" step="1"/><E67/><REACH who="1" ten="250,214,302,224" step="2"/><V131/><F131/><W106/><G106/><T113/><D129/><U135/><E135/><V58/><F58/><W45/><G91/><T32/><D113/><U114/><E114/><V102/><F102/><W82/><G82/><T123/><D123/><U36/><E36/><V22/><F43/><W116/><G116/><T34/><D71/><U35/><E35/><V17/><F46/><W3/><G3/><T19/><D70/><U55/><E55/><V105/><F28/><W85/><G85/><T83/><D83/><U51/><E51/><V49/><REACH who="2" step="1"/><F49/><REACH who="2" ten="250,214,292,224" step="2"/><W5/><G5/><T103/><D103/><U74/><E74/><V24/><F24/><W107/><G107/><T111/><AGARI ba="0,2" hai="8,12,19,32,34,50,53,59,108,110,111" m="35369" machi="111" ten="40,2700,0" yaku="14,1,52,1" doraHai="14" who="0" fromWho="0" sc="250,47,214,-7,292,-13,224,-7" />
</Scene>
<Scene>
<INIT seed="3,0,0,0,2,59" ten="297,207,279,217" oya="3" hai0="63,132,36,31,86,61,126,16,22,14,111,119,80" hai1="4,44,64,98,52,101,112,19,9,30,20,35,1" hai2="33,7,93,65,69,104,75,92,135,107,29,15,24" hai3="3,85,47,26,56,94,39,116,95,48,46,68,113"/><W12/><G116/><T34/><D119/><U67/><E112/><V38/><F38/><W105/><G105/><T110/><D36/><U45/><E35/><V81/><F135/><W78/><G68/><T0/><D0/><U127/><E127/><V128/><F128/><W123/><G123/><T76/><D132/><U70/><E30/><V109/><F109/><N who="0" m="41482" /><D126/><U41/><E70/><V17/><F7/><W106/><G106/><T120/><D120/><U58/><E44/><N who="3" m="16938" /><G39/><T71/><D71/><U53/><E41/><V134/><F134/><W83/><G3/><T121/><D121/><U37/><E37/><V11/><F107/><W131/><G131/><T27/><AGARI ba="0,0" hai="14,16,22,27,31,34,61,63,76,80,86" m="41482" machi="27" ten="30,7900,0" yaku="14,1,52,2,54,1" doraHai="59" who="0" fromWho="0" sc="297,79,207,-20,279,-20,217,-39" />
</Scene>
<Scene>
<INIT seed="4,0,0,1,5,45" ten="376,187,259,178" oya="0" hai0="123,97,103,10,85,26,113,4,1,62,70,3,90" hai1="119,18,51,36,102,110,73,106,67,79,2,44,74" hai2="5,21,81,94,50,93,37,112,121,41,124,133,23" hai3="80,30,8,114,59,46,68,34,109,71,24,92,76"/><T19/><D123/><U115/><E110/><V130/><F50/><W7/><G114/><T128/><D113/><U47/><E119/><V48/><F81/><W60/><G109/><T86/><D3/><U108/><E115/><V131/><F48/><W125/><G125/><T100/><D128/><U52/><E108/><V12/><F5/><W66/><G46/><T135/><D135/><U126/><E2/><V56/><F12/><W25/><G92/><T40/><D40/><U13/><E126/><V35/><F56/><W0/><G24/><T117/><D117/><U69/><E79/><V116/><F41/><W33/><G34/><T63/><D86/><U87/><E36/><V57/><F57/><W77/><REACH who="3" step="1"/><G77/><REACH who="3" ten="376,187,259,168" step="2"/><T9/><D26/><U82/><E44/><V134/><F93/><W31/><G31/><T58/><D103/><U107/><E106/><V78/><F94/><W54/><G54/><T14/><D100/><U65/><E107/><V96/><F78/><W64/><G64/><T28/><D28/><U122/><E102/><V111/><F131/><W75/><AGARI ba="0,1" hai="0,7,8,25,30,33,59,60,66,68,71,75,76,80" machi="75" ten="20,5200,0" yaku="1,1,0,1,7,1,53,1" doraHai="45" doraHaiUra="55" who="3" fromWho="3" sc="376,-26,187,-13,259,-13,168,62" />
</Scene>
<Scene>
<INIT seed="5,0,0,1,0,111" ten="350,174,246,230" oya="1" hai0="48,15,43,120,81,51,71,88,63,91,7,58,21" hai1="9,87,133,54,73,31,26,110,113,41,75,39,49" hai2="61,46,86,59,121,22,76,66,112,55,18,8,97" hai3="83,24,89,99,79,84,64,129,130,2,44,108,10"/><U69/><E69/><V78/><F121/><W134/><G134/><T28/><D71/><U118/><E118/><V132/><F132/><W131/><G108/><T32/><D32/><U77/><E110/><V0/><F0/><W104/><G64/><N who="0" m="39031" /><D120/><U105/><E133/><V109/><F109/><W122/><G122/><T38/><D38/><U117/><E117/><V33/><F33/><W29/><G44/><N who="0" m="25631" /><D51/><U67/><E105/><V94/><F112/><W19/><G104/><T96/><D96/><U23/><E113/><V135/><F8/><W16/><G10/><N who="0" m="4575" /><D81/><U36/><E9/><V5/><F135/><W12/><G2/><T125/><D125/><U27/><E36/><V1/><F5/><W107/><G12/><T68/><D68/><U106/><E39/><V53/><F1/><W25/><G25/><AGARI ba="0,0" hai="21,25,28,88,91" m="4575,25631,39031" machi="25" ten="30,2000,0" yaku="8,1,54,1" doraHai="111" who="0" fromWho="3" sc="350,20,174,0,246,0,230,-20" />
</Scene>
<Scene>
<INIT seed="6,0,0,4,2,93" ten="370,174,246,210" oya="2" hai0="30,70,11,8,6,52,92,82,65,36,51,5,101" hai1="102,71,64,60,131,53,3,78,104,24,13,26,34" hai2="118,46,57,0,117,68,43,35,59,40,23,73,123" hai3="129,31,79,132,119,111,105,108,25,27,75,21,95"/><V67/><F0/><W76/><G75/><T107/><D36/><U54/><E3/><V126/><F35/><W10/><G119/><N who="2" m="45577" /><F23/><W106/><G132/><T125/><D107/><U20/><E131/><V89/><F89/><W17/><G129/><T91/><D30/><U128/><E128/><V14/><F14/><W1/><G95/><T61/><D125/><U127/><E127/><V55/><F73/><W124/><G124/><T100/><D82/><U29/><E13/><V48/><F126/><W130/><G130/><T112/><D112/><U9/><E9/><V98/><F98/><W77/><G10/><T58/><D11/><U2/><E78/><V88/><F88/><W83/><G1/><T97/><D6/><U22/><E2/><AGARI ba="0,0" hai="2,5,8,51,52,58,61,65,70,91,92,97,100,101" machi="2" ten="30,3900,0" yaku="7,1,52,1,54,1" doraHai="93" who="0" fromWho="1" sc="370,39,174,-39,246,0,210,0" />
</Scene>
<Scene>
<INIT seed="7,0,0,3,4,111" ten="409,135,246,210" oya="3" hai0="44,32,124,133,129,42,47,20,118,125,50,56,86" hai1="24,77,107,132,94,3,10,121,69,63,106,16,130" hai2="116,113,134,68,0,74,7,58,41,60,103,55,123" hai3="102,26,70,95,23,13,40,27,17,104,84,37,71"/><W4/><G104/><T53/><D32/><U45/><E121/><V135/><F74/><W51/><G37/><T39/><D118/><U76/><E132/><V119/><F7/><W8/><G26/><T62/><D133/><N who="2" m="50698" /><F103/><W108/><G108/><T73/><D73/><U49/><E130/><V67/><F0/><W57/><G84/><T89/><D20/><U81/><E77/><V85/><F85/><W99/><REACH who="3" step="1"/><G57/><REACH who="3" ten="409,135,246,200" step="2"/><T9/><D129/><U48/><E24/><V83/><F123/><W25/><G25/><T28/><D28/><U87/><E107/><V110/><F110/><W52/><G52/><T72/><D72/><U21/><E106/><V120/><F120/><W127/><G127/><T88/><D86/><U54/><E48/><N who="2" m="31079" /><F83/><W117/><G117/><N who="2" m="45129" /><F41/><W97/><G97/><T101/><D124/><U36/><E36/><V61/><F61/><W93/><G93/><T11/><D125/><U1/><E63/><V15/><F15/><W128/><G128/><T92/><D62/><U29/><E69/><V18/><F18/><W22/><G22/><T43/><D43/><U6/><E1/><V91/><F91/><W19/><G19/><T82/><D89/><U90/><E29/><V126/><F126/><W34/><G34/><T96/><D88/><U98/><E21/><V79/><F79/><W100/><G100/><T33/><D33/><U35/><E35/><V31/><F31/><W75/><G75/><T114/><D82/><U30/><E30/><V12/><F12/><W5/><G5/><T38/><D101/><U2/><E2/><V115/><AGARI ba="0,1" hai="60,67,68,113,115" m="45129,31079,50698" machi="115" ten="40,12000,2" yaku="5,1,20,1,34,2,52,2" doraHai="111" who="2" fromWho="2" sc="409,-30,135,-30,246,130,200,-60" owari="379,47.0,105,-39.0,376,18.0,140,-26.0" />
</Scene>
</mjloggm>