<mjloggm ver="2.3"><GO type="169"/><UN n0="%E3%81%94%E3%81%98%E3%82%83%E3%82%8B" n1="%59%48%56%48" n2="%E5%A4%AA%E3%81%8F%E3%81%AA%E3%81%84%E3%81%8A" n3="%4E%49%53%48%49" dan="17,16,18,16" rate="2154,2068,2186,2049" sx="M,F,M,M"/><TAIKYOKU oya="0"/>

<Scene>
<INIT seed="0,0,0,0,4,4" ten="250,250,250,250" oya="0" hai0="14,5,48,46,129,36,76,27,102,120,29,105,118" hai1="83,15,25,12,32,67,107,87,96,22,98,75,103" hai2="134,50,38,37,72,101,35,109,6,7,110,113,88" hai3="55,26,47,63,40,54,23,73,44,104,119,99,18"/><T81/><D118/><U52/><E75/><V135/><F113/><W90/><G73/><T91/><D120/><U61/><E32/><V64/><F72/><W86/><G119/><T42/><D129/><U21/><E96/><V45/><F35/><W93/><G47/><T28/><D102/><U122/><E122/><V114/><F101/><W131/><G131/><T39/><D105/><U17/><E22/><V77/><F77/><W62/><G104/><T0/><D0/><U126/><E126/><V43/><F114/><W65/><G99/><T89/><D39/><N who="2" m="14858" /><F7/><W108/><G108/><N who="2" m="41577" /><F6/><W53/><G65/><T106/><D36/><U100/><E100/><V125/><F125/><W117/><G117/><T57/><D106/><U24/><E24/><V116/><F116/><W124/><G124/><T20/><D29/><U2/><E2/><V66/><F88/><W16/><REACH who="3" step="1"/><G18/><REACH who="3" ten="250,250,250,240" step="2"/><T121/><D121/><U112/><E112/><V60/><F66/><W56/><G56/><AGARI ba="0,1" hai="43,45,50,56,60,64,134,135" m="41577,14858" machi="56" ten="30,3900,0" yaku="14,1,34,2" doraHai="4" who="2" fromWho="3" sc="250,0,250,0,250,49,240,-39" />
</Scene>
<Scene>
<INIT seed="1,0,0,0,4,53" ten="250,250,299,201" oya="1" hai0="120,84,72,22,0,44,131,34,111,105,81,123,59" hai1="48,63,36,52,45,132,15,67,126,129,23,43,133" hai2="125,10,16,91,87,124,19,2,77,21,115,20,35" hai3="76,68,73,104,96,78,110,49,24,37,90,4,25"/><U5/><E5/><N who="2" m="1335" /><F77/><W109/><G37/><T130/><D34/><U80/><E80/><V39/><F39/><W83/><G68/><T32/><D32/><U114/><E114/><V9/><F35/><W107/><G4/><T64/><D0/><U54/><E15/><N who="2" m="7279" /><F115/><W47/><G78/><N who="0" m="46135" /><D105/><U121/><E23/><N who="2" m="8779" /><F91/><W65/><G65/><T55/><D111/><N who="3" m="42505" /><G107/><T134/><D134/><N who="1" m="51819" /><E121/><N who="0" m="46665" /><D22/><U128/><E126/><N who="2" m="48747" /><F87/><W6/><G90/><T135/><D72/><U70/><E54/><V17/><AGARI ba="0,0" hai="17,19" m="48747,8779,7279,1335" machi="17" ten="30,7900,0" yaku="18,1,34,2,54,1" doraHai="53" who="2" fromWho="2" sc="250,-20,250,-39,299,79,201,-20" />
</Scene>
<Scene>
<INIT seed="2,0,0,4,0,114" ten="230,211,378,181" oya="2" hai0="119,123,7,48,75,110,34,6,47,129,10,86,124" hai1="115,127,112,31,55,61,15,102,49,19,108,105,39" hai2="116,3,8,28,52,51,46,0,103,38,66,69,76" hai3="41,73,97,22,45,121,80,118,53,37,13,90,56"/><V84/><F103/><W26/><G121/><T20/><D34/><U1/><E39/><V89/><F76/><W50/><G13/><T67/><D75/><U83/><E1/><V92/><F28/><W62/><G37/><T68/><D123/><U99/><E108/><V59/><F8/><W135/><G135/><T94/><D110/><U88/><E127/><V134/><F134/><W87/><G73/><T12/><D124/><U33/><E61/><N who="2" m="40143" /><F116/><W79/><G118/><T104/><D104/><U32/><E32/><V130/><F130/><W77/><REACH who="3" step="1"/><G97/><REACH who="3" ten="230,211,378,171" step="2"/><T91/><D119/><U81/><E112/><V17/><F0/><W16/><AGARI ba="0,1" hai="16,22,26,41,45,50,53,56,62,77,79,80,87,90" machi="16" ten="20,12000,2" yaku="1,1,2,1,0,1,7,1,8,1,54,1,53,0" doraHai="114" doraHaiUra="125" who="3" fromWho="3" sc="230,-30,211,-30,378,-60,171,130" />
</Scene>
<Scene>
<INIT seed="3,0,0,0,5,80" ten="200,181,318,301" oya="3" hai0="37,25,14,121,5,74,90,0,61,101,72,69,124" hai1="56,86,55,35,91,57,6,115,31,64,134,19,96" hai2="18,68,34,105,122,79,75,46,58,70,16,3,99" hai3="119,20,135,84,108,81,128,77,50,39,100,59,129"/><W11/><G39/><T93/><D121/><U125/><E115/><V83/><F34/><W114/><G119/><T78/><D124/><U36/><E36/><V98/><F3/><W43/><G114/><T103/><D37/><U1/><E125/><V110/><F122/><W7/><G100/><T41/><D41/><U104/><E134/><V2/><F2/><W82/><G135/><T97/><D0/><U21/><E64/><V118/><F118/><W17/><G11/><T66/><D25/><U63/><E35/><V85/><F110/><W126/><G7/><T33/><D33/><U9/><E31/><V88/><F46/><W40/><G126/><T8/><D78/><U87/><E57/><V52/><F70/><W76/><G108/><T67/><D67/><U30/><E30/><V23/><F68/><W32/><G32/><T73/><AGARI ba="0,0" hai="5,8,14,61,66,69,72,73,74,90,93,97,101,103" machi="73" ten="30,1100,0" yaku="0,1" doraHai="80" who="0" fromWho="0" sc="200,11,181,-3,318,-3,301,-5" />
</Scene>
<Scene>
<INIT seed="4,0,0,1,0,35" ten="211,178,315,296" oya="0" hai0="110,52,132,66,95,26,9,114,39,54,100,111,47" hai1="14,25,112,50,61,128,81,85,41,15,90,89,3" hai2="103,6,99,74,64,10,40,80,30,27,46,125,92" hai3="113,13,124,83,105,55,63,45,129,7,53,38,4"/><T60/><D26/><U59/><E128/><V106/><F125/><W69/><G124/><T65/><D9/><U130/><E130/><V31/><F64/><W67/><G105/><T48/><D100/><U79/><E3/><N who="2" m="351" /><F92/><W36/><G113/><T98/><D98/><U72/><E112/><V33/><F27/><W0/><G0/><T11/><D95/><U97/><E97/><V56/><F56/><W12/><G83/><T82/><D82/><U17/><E25/><V118/><F33/><W94/><G94/><T23/><D23/><U87/><E72/><V1/><F1/><W108/><G129/><T21/><D21/><U77/><E41/><V44/><F44/><W133/><G45/><T88/><D88/><U122/><E50/><V57/><F57/><W43/><G7/><T29/><D29/><U93/><E122/><V131/><F131/><W73/><G4/><T123/><D11/><U71/><E71/><V76/><F118/><W109/><G69/><T24/><D24/><U19/><E15/><V120/><F120/><W8/><G12/><T37/><D114/><U91/><E79/><V135/><F135/><W2/><G13/><T34/><D34/><U96/><E14/><V28/><F28/><W102/><G2/><T58/><D132/><U20/><E20/><V78/><F76/><W121/><G133/><T126/><D126/><U107/><E107/><V117/><F117/><W75/><G121/><T86/><D123/><U42/><E42/><V32/><F32/><W22/><G43/><T5/><D111/><U62/><E77/><V101/><F101/><RYUUKYOKU ba="0,0" sc="211,-10,178,-10,315,30,296,-10" hai2="30,31,40,46,74,78,80,99,103,106" />
</Scene>
<Scene>
<INIT seed="5,1,0,0,5,44" ten="201,168,345,286" oya="1" hai0="63,12,86,129,65,37,41,103,3,29,127,11,85" hai1="120,58,134,67,14,4,119,33,107,48,106,68,55" hai2="26,52,18,70,92,88,0,9,87,24,104,30,73" hai3="81,34,121,100,95,46,118,99,98,79,60,82,75"/><U5/><E119/><V6/><F73/><W130/><G34/><T42/><D3/><U16/><E120/><V123/><F123/><W102/><G121/><T114/><D114/><U47/><E33/><V36/><F36/><W90/><G118/><T91/><D129/><U131/><E131/><V2/><F70/><W115/><G60/><T32/><D103/><U117/><E117/><V94/><F104/><W96/><G46/><T93/><D127/><U25/><E68/><V13/><F0/><W27/><G27/><T122/><D122/><U28/><E134/><V77/><F77/><N who="3" m="44223" /><G130/><T7/><D37/><U39/><E107/><V49/><F94/><W21/><G21/><T80/><D29/><U125/><E106/><V108/><F30/><W72/><G115/><T15/><D15/><U66/><E125/><V83/><F108/><W74/><G72/><T112/><D32/><U113/><E113/><V51/><F51/><W53/><G53/><T111/><D111/><U56/><E39/><V110/><F110/><W105/><G105/><T59/><REACH who="0" step="1"/><D112/><REACH who="0" ten="191,168,345,286" step="2"/><U69/><E69/><V19/><F2/><W40/><G40/><T89/><AGARI ba="1,1" hai="7,11,12,41,42,59,63,65,80,85,86,89,91,93" machi="89" ten="20,8000,1" yaku="1,1,2,1,0,1,7,1,8,1,53,0" doraHai="44" doraHaiUra="64" who="0" fromWho="0" sc="191,93,168,-41,345,-21,286,-21" />
</Scene>
<Scene>
<INIT seed="6,0,0,2,5,7" ten="284,127,324,265" oya="2" hai0="52,120,135,72,75,9,100,95,102,79,57,48,2" hai1="4,132,82,50,112,19,104,63,69,121,46,96,127" hai2="119,38,70,88,83,106,111,11,60,115,116,89,58" hai3="3,81,33,134,0,107,86,6,47,34,80,55,5"/><V43/><F106/><W30/><G86/><T77/><D120/><U108/><E108/><V62/><F70/><W18/><G47/><T85/><D135/><U36/><E19/><V105/><F105/><W101/><G107/><T99/><D102/><U128/><E4/><V66/><F111/><W68/><G68/><T126/><D126/><U15/><E15/><V61/><F115/><W37/><G101/><T54/><D75/><U98/><E82/><V24/><F38/><W44/><G37/><T93/><D72/><U123/><E127/><V20/><F43/><W28/><G44/><T49/><D2/><U129/><E36/><V67/><F11/><W53/><G18/><T65/><D9/><U122/><E112/><V42/><F42/><W1/><G1/><T73/><D65/><U76/><E76/><V117/><F83/><W8/><G8/><T87/><D73/><U92/><E104/><V14/><F14/><W110/><G110/><T133/><D133/><AGARI ba="0,0" hai="0,3,5,6,28,30,33,34,53,55,80,81,133,134" machi="133" ten="25,1600,0" yaku="22,2" doraHai="7" who="3" fromWho="0" sc="284,-16,127,0,324,0,265,16" />
</Scene>
<Scene>
<INIT seed="7,0,0,1,1,5" ten="268,127,324,281" oya="3" hai0="47,106,135,61,117,132,59,134,14,93,24,111,3" hai1="75,51,6,34,109,33,21,53,48,124,116,60,26" hai2="31,91,96,94,77,56,92,114,8,86,68,13,113" hai3="72,79,4,101,64,41,38,122,45,70,95,49,108"/><W107/><G122/><T88/><D3/><U85/><E116/><V131/><F68/><W36/><G108/><T110/><D106/><U25/><E75/><V10/><F131/><W57/><G107/><T125/><D117/><U84/><E6/><V37/><F37/><W11/><G70/><T16/><D24/><U104/><E104/><V28/><F56/><W80/><G101/><T97/><D47/><U29/><E124/><V63/><F63/><W115/><G115/><N who="2" m="44041" /><F77/><W20/><G20/><N who="0" m="11287" /><D125/><U121/><E121/><V1/><F1/><W76/><G95/><T55/><AGARI ba="0,0" hai="55,59,61,88,93,97,110,111,132,134,135" m="11287" machi="55" ten="30,4000,0" yaku="20,1,54,2" doraHai="5" who="0" fromWho="0" sc="268,40,127,-10,324,-10,281,-20" owari="308,11.0,117,-38.0,314,41.0,261,-14.0" />
</Scene>
</mjloggm>