<mjloggm ver="2.3"><GO type="97"/><UN n0="%61%65%72%69%74%68%35%33" n1="%E5%A4%AA%E3%81%8F%E3%81%AA%E3%81%84%E3%81%8A" n2="%E3%82%B0%E3%83%81%E3%83%A7%E6%BF%A1%E3%82%8C%E3%83%9E%E3%83%A0%E3%82%B3" n3="%53%45%41%47%55%4C%4C" dan="14,14,14,14" rate="1949,2026,1875,2076" sx="F,M,F,M"/><TAIKYOKU oya="0"/>

<Scene>
<INIT seed="0,0,0,1,4,36" ten="250,250,250,250" oya="0" hai0="83,127,52,99,5,30,71,121,64,130,104,67,69" hai1="93,125,110,27,33,129,66,58,16,48,76,57,126" hai2="132,37,1,54,91,49,46,61,65,31,34,19,78" hai3="135,50,11,35,95,124,96,98,0,45,70,122,111"/><T6/><D121/><U74/><E110/><V68/><F1/><W120/><G111/><T63/><D127/><N who="1" m="48651" /><E129/><V53/><F78/><W72/><G72/><T85/><D130/><U13/><E93/><V32/><F31/><W14/><G35/><T47/><D30/><N who="1" m="19679" /><E66/><V94/><F132/><W62/><G135/><T109/><D109/><U100/><E100/><V24/><F24/><W113/><G124/><T42/><D42/><U3/><E3/><V23/><F37/><W60/><G0/><T56/><D47/><U119/><E119/><V86/><F54/><W18/><G95/><T8/><D67/><U2/><E2/><V106/><F106/><W28/><G120/><T88/><D69/><U131/><E131/><V4/><F4/><W103/><G70/><T12/><D99/><U87/><E74/><V51/><F49/><W15/><G103/><T75/><D75/><U102/><E102/><V10/><F10/><N who="3" m="6487" /><G122/><T79/><D104/><U90/><E76/><V105/><F105/><W133/><G133/><T26/><D79/><U92/><E48/><V9/><F9/><AGARI ba="0,0" hai="9,13,16,57,58,87,90,92" m="19679,48651" machi="9" ten="30,2000,0" yaku="18,1,54,1" doraHai="36" who="1" fromWho="2" sc="250,0,250,20,250,-20,250,0" />
</Scene>
<Scene>
<INIT seed="1,0,0,2,0,52" ten="250,270,230,250" oya="1" hai0="17,108,92,44,16,87,80,81,63,33,43,6,19" hai1="18,82,117,30,97,74,48,79,42,32,37,45,72" hai2="9,88,113,10,110,40,128,50,104,114,134,65,51" hai3="58,125,111,119,118,66,84,120,68,0,70,86,29"/><U53/><E117/><N who="3" m="44554" /><G111/><T90/><D108/><U67/><E67/><V93/><F110/><W27/><G0/><T3/><D33/><U5/><E18/><V22/><F104/><W95/><G125/><T130/><D130/><U49/><E97/><V115/><F65/><W59/><G120/><T133/><D133/><U55/><E72/><V41/><F134/><W83/><G95/><T56/><D6/><U20/><E32/><V39/><F128/><W69/><G66/><N who="0" m="39271" /><D3/><U38/><E5/><V46/><F22/><N who="3" m="15607" /><G86/><T122/><D122/><U7/><E7/><V2/><F2/><W21/><G21/><T124/><D124/><U64/><E64/><V57/><F57/><N who="3" m="21515" /><G70/><T36/><D36/><U100/><E38/><V101/><F101/><W89/><AGARI ba="0,0" hai="68,69,83,84,89" m="21515,15607,44554" machi="89" ten="30,7900,0" yaku="12,1,52,3" doraHai="52" who="3" fromWho="3" sc="250,-20,270,-39,230,-20,250,79" />
</Scene>
<Scene>
<INIT seed="2,0,0,3,4,94" ten="230,231,210,329" oya="2" hai0="122,65,62,6,118,90,55,127,48,4,135,71,120" hai1="106,85,58,16,36,128,97,38,27,68,22,26,11" hai2="59,12,9,98,30,50,113,42,89,121,34,70,37" hai3="109,73,8,53,87,5,47,32,114,33,56,96,111"/><V79/><F113/><W78/><G73/><T103/><D135/><U119/><E68/><V91/><F121/><W93/><G47/><T132/><D132/><U43/><E119/><V112/><F70/><W10/><G87/><T82/><D118/><U13/><E128/><V133/><F112/><W66/><G66/><T25/><D127/><U1/><E58/><V125/><F133/><W18/><G78/><T95/><D25/><U28/><E1/><V49/><F125/><W100/><G18/><T72/><D72/><U77/><E43/><V101/><F37/><W108/><G114/><T31/><D31/><U40/><E40/><V81/><F34/><N who="3" m="13419" /><G5/><T130/><D130/><U35/><E77/><V64/><F30/><W60/><AGARI ba="0,0" hai="8,10,53,56,60,93,96,100,108,109,111" m="13419" machi="60" ten="40,2700,0" yaku="14,1,52,1" doraHai="94" who="3" fromWho="3" sc="230,-7,231,-7,210,-13,329,27" />
</Scene>
<Scene>
<INIT seed="3,0,0,2,5,61" ten="223,224,197,356" oya="3" hai0="93,39,15,60,87,135,113,71,103,104,47,63,40" hai1="17,44,46,55,78,29,74,42,116,111,24,121,68" hai2="0,1,3,85,134,52,131,16,118,57,18,98,86" hai3="72,110,51,79,77,76,9,126,59,67,49,75,123"/><W66/><G123/><T50/><D135/><U120/><E68/><V37/><F118/><W133/><G133/><T108/><D104/><U14/><E116/><V99/><F134/><W33/><G33/><T132/><D132/><U117/><E117/><V32/><F32/><W80/><G126/><T13/><D113/><U2/><E2/><V89/><F37/><W101/><G101/><T53/><D108/><U119/><E119/><V58/><F131/><W4/><G75/><T54/><D39/><U8/><E111/><V106/><F106/><W38/><G38/><T28/><D28/><U19/><E19/><V114/><F114/><W94/><G94/><T95/><D71/><U129/><E129/><V92/><F58/><W91/><G51/><T62/><D93/><U84/><E74/><V48/><REACH who="2" step="1"/><F85/><REACH who="2" ten="223,224,187,356" step="2"/><N who="3" m="50599" /><G72/><T25/><D87/><U73/><E73/><V127/><F127/><W109/><G109/><T11/><D25/><U20/><E84/><V125/><F125/><W69/><G69/><T124/><D124/><U36/><E78/><V112/><F112/><W107/><G107/><T64/><D64/><U23/><E121/><V65/><F65/><W26/><G110/><T35/><D35/><N who="1" m="20903" /><E120/><V31/><F31/><W7/><G76/><T115/><D115/><U105/><E105/><V88/><F88/><W122/><G77/><T97/><D15/><U21/><E46/><V12/><F12/><W82/><G79/><T56/><D56/><U102/><E102/><V83/><F83/><W81/><G82/><T34/><D34/><U100/><E100/><V96/><AGARI ba="0,1" hai="0,1,3,16,18,48,52,57,86,89,92,96,98,99" machi="96" ten="40,12000,2" yaku="1,1,5,1,0,1,54,2,53,1" doraHai="61" doraHaiUra="90" who="2" fromWho="2" sc="223,-30,224,-30,187,130,356,-60" owari="193,-31.0,194,-21.0,317,42.0,296,10.0" />
</Scene>
</mjloggm>