<mjloggm ver="2.3"><GO type="41"/><UN n0="%E7%A5%9E%E7%AE%97%E9%AC%BC%E8%AC%80%E3%81%AE%E6%A5%B5%E3%81%BF" n1="%E9%B0%BB%E5%B1%8B%E7%AB%9C%E7%8E%8B" n2="%E5%A4%AA%E3%81%8F%E3%81%AA%E3%81%84%E3%81%8A" n3="%E5%BE%A1%E5%9D%82%E3%82%B9%E3%83%8D%E3%82%A4%E3%82%AF" dan="14,14,15,13" rate="2041,1849,2025,1857" sx="M,M,M,F"/><TAIKYOKU oya="0"/>

<Scene>
<INIT seed="0,0,0,1,0,107" ten="250,250,250,250" oya="0" hai0="51,45,66,75,16,103,81,70,4,129,28,49,100" hai1="26,90,108,33,42,34,116,54,126,93,79,68,92" hai2="134,9,131,76,40,37,80,67,35,73,8,29,124" hai3="119,105,82,20,85,10,95,56,15,62,31,46,83"/><T0/><D28/><U27/><E68/><V109/><F67/><W14/><G105/><T87/><D75/><U7/><E116/><V86/><F35/><W13/><G119/><T78/><D129/><U36/><E36/><V58/><F29/><W52/><G10/><T21/><D4/><U132/><E42/><V38/><F131/><W11/><G11/><T77/><D0/><U71/><E71/><V12/><F109/><W59/><G46/><T120/><D77/><U24/><E108/><V96/><F58/><W91/><REACH who="3" step="1"/><G59/><REACH who="3" ten="250,250,250,240" step="2"/><T18/><D45/><U106/><E106/><V99/><F8/><W110/><G110/><T135/><D70/><U122/><E7/><V41/><F9/><W101/><G101/><T25/><D103/><U133/><E132/><V113/><F134/><W114/><G114/><T65/><D100/><U1/><E133/><V88/><F113/><W123/><G123/><T128/><D120/><U57/><E122/><V69/><F69/><W64/><G64/><N who="0" m="24683" /><D135/><U94/><E57/><V19/><F38/><W23/><G23/><N who="0" m="13543" /><D128/><U32/><E1/><V97/><F37/><W17/><G17/><T125/><D125/><U60/><E126/><V43/><F124/><W115/><G115/><T44/><D44/><U6/><E6/><V30/><F30/><W3/><G3/><T50/><D18/><U2/><E2/><V112/><F112/><W130/><G130/><T22/><AGARI ba="0,1" hai="21,22,49,50,51,78,81,87" m="13543,24683" machi="22" ten="30,3000,0" yaku="8,1,54,1" doraHai="107" who="0" fromWho="0" sc="250,40,250,-10,250,-10,240,-10" />
</Scene>
<Scene>
<INIT seed="0,1,0,0,2,57" ten="290,240,240,230" oya="0" hai0="32,104,76,40,79,28,122,127,30,63,126,38,128" hai1="87,64,77,11,112,86,51,25,27,62,0,85,31" hai2="44,82,109,123,94,46,119,50,14,47,60,98,13" hai3="37,49,17,34,48,45,97,22,89,24,20,75,91"/><T1/><D122/><U69/><E112/><V95/><F123/><W100/><G34/><T6/><D104/><U36/><E36/><V42/><F109/><W88/><G75/><T72/><D128/><U115/><E115/><V70/><F119/><W102/><G37/><T130/><D130/><U59/><E77/><V41/><F82/><W101/><G97/><T15/><D1/><U110/><E110/><V10/><F46/><W135/><G135/><T19/><D6/><U90/><E27/><V114/><F114/><W83/><G83/><T23/><D32/><U80/><E11/><V121/><F121/><W43/><G43/><T132/><D132/><U84/><E0/><V56/><F70/><W107/><G107/><T108/><D108/><U111/><E111/><V58/><F10/><W39/><G39/><T66/><D40/><U35/><REACH who="1" step="1"/><E51/><REACH who="1" ten="290,230,240,230" step="2"/><V134/><F50/><W106/><G106/><T33/><D38/><U21/><E21/><V5/><F134/><W81/><G81/><T71/><D33/><U26/><E26/><V125/><F13/><N who="3" m="9263" /><G45/><T67/><D76/><U16/><E16/><AGARI ba="1,1" hai="16,22,24,48,49,88,89,91,100,101,102" m="9263" machi="16" ten="30,3900,0" yaku="8,1,54,2" doraHai="57" who="3" fromWho="1" sc="290,0,230,-42,240,0,230,52" />
</Scene>
<Scene>
<INIT seed="1,0,0,0,5,111" ten="290,188,240,282" oya="1" hai0="19,46,135,110,107,56,75,4,53,132,13,133,108" hai1="44,129,32,27,84,22,114,72,117,33,20,81,134" hai2="99,59,98,71,109,120,10,50,54,55,125,103,45" hai3="76,74,42,65,126,9,130,24,38,34,31,12,96"/><U52/><E117/><V104/><F120/><W36/><G130/><T83/><D107/><U122/><E129/><V70/><F109/><N who="0" m="42090" /><D4/><U30/><E122/><V67/><F125/><W94/><G126/><T89/><D46/><U40/><E72/><V0/><F67/><W101/><G42/><T11/><D89/><U88/><E134/><V115/><F98/><W60/><G76/><N who="0" m="44447" /><D56/><U121/><E121/><V85/><F85/><W86/><G86/><T58/><D58/><U14/><E40/><V112/><F10/><W113/><G113/><N who="2" m="43593" /><F0/><W26/><G26/><T102/><D53/><U41/><E114/><V16/><F16/><W5/><REACH who="3" step="1"/><G74/><REACH who="3" ten="290,188,240,272" step="2"/><T17/><D135/><U47/><E41/><V57/><F45/><W48/><G48/><AGARI ba="0,1" hai="48,50,54,55,57,59,70,71,99,103,104" m="43593" machi="48" ten="30,7700,0" yaku="11,1,52,3" doraHai="111" who="2" fromWho="3" sc="290,0,188,0,240,87,272,-77" />
</Scene>
<Scene>
<INIT seed="2,0,0,0,3,49" ten="290,188,327,195" oya="2" hai0="74,94,66,34,60,48,80,108,45,30,124,78,105" hai1="77,93,83,61,52,57,25,33,134,101,29,96,103" hai2="59,15,65,28,35,17,16,53,12,20,58,118,39" hai3="43,104,54,79,11,64,3,106,122,129,50,46,87"/><V71/><F118/><W120/><G64/><T127/><D105/><U114/><E114/><V38/><F71/><W44/><G129/><T6/><D6/><U41/><E41/><V26/><F65/><W4/><G106/><T126/><D108/><U99/><E134/><V112/><F112/><W111/><G111/><T5/><D5/><U90/><REACH who="1" step="1"/><E99/><REACH who="1" ten="290,178,327,195" step="2"/><V47/><F47/><W107/><G46/><T1/><D127/><U31/><E31/><V119/><F119/><W125/><G125/><T117/><D117/><U23/><E23/><V19/><F20/><W133/><G133/><T75/><D30/><U14/><E14/><V76/><F12/><W37/><G43/><T82/><D34/><U95/><E95/><V81/><F15/><W69/><G37/><T91/><D124/><U86/><AGARI ba="0,1" hai="25,29,33,52,57,61,77,83,86,90,93,96,101,103" machi="86" ten="20,8000,1" yaku="1,1,0,1,7,1,52,1,54,1,53,0" doraHai="49" doraHaiUra="36" who="1" fromWho="1" sc="290,-20,178,90,327,-40,195,-20" />
</Scene>
<Scene>
<INIT seed="3,0,0,0,4,112" ten="270,268,287,175" oya="3" hai0="130,33,80,91,67,38,92,8,25,106,121,7,135" hai1="110,43,54,29,46,27,87,32,12,40,82,34,89" hai2="23,79,63,53,26,113,120,90,119,61,132,104,4" hai3="48,74,88,57,96,41,9,21,60,108,10,28,99"/><W62/><G74/><T85/><D121/><U56/><E40/><V31/><F113/><W20/><G108/><T51/><D38/><U5/><E110/><V97/><F120/><W35/><G35/><T2/><D106/><U102/><E102/><V3/><F132/><W1/><G99/><T70/><D135/><U94/><E34/><V98/><F79/><W47/><G62/><T114/><D114/><U78/><E5/><V100/><F3/><W77/><G77/><T126/><D130/><U109/><E109/><V125/><F125/><W131/><G131/><T65/><D126/><U105/><E105/><V127/><F127/><W107/><G107/><T133/><D70/><U86/><E12/><V118/><F4/><W14/><G1/><T103/><D133/><U58/><REACH who="1" step="1"/><E54/><REACH who="1" ten="270,258,287,175" step="2"/><V83/><F53/><N who="3" m="33839" /><G14/><T49/><D67/><U15/><E15/><V44/><F104/><W6/><G6/><T81/><D65/><U116/><E116/><V84/><F100/><W93/><G21/><T36/><D103/><U19/><E19/><V117/><F117/><W24/><AGARI ba="0,1" hai="9,10,20,24,28,41,47,48,88,93,96" m="33839" machi="24" ten="30,3000,0" yaku="8,1,54,1" doraHai="112" who="3" fromWho="3" sc="270,-10,258,-10,287,-10,175,40" />
</Scene>
<Scene>
<INIT seed="3,1,0,2,0,33" ten="260,248,277,215" oya="3" hai0="102,43,83,78,50,25,128,79,120,86,18,52,27" hai1="90,19,81,26,69,56,114,37,20,10,74,134,119" hai2="30,65,61,47,94,57,123,14,125,109,54,59,85" hai3="51,7,97,126,117,36,5,12,63,131,24,93,4"/><W107/><G36/><T32/><D120/><U130/><E69/><V15/><F123/><W48/><G117/><T99/><D43/><U112/><E37/><V40/><F109/><W34/><G107/><T84/><D128/><U95/><E130/><V121/><F121/><W75/><G75/><T92/><D32/><U115/><E119/><V108/><F108/><W41/><G131/><T22/><D86/><U38/><E38/><V66/><F125/><W110/><G126/><T100/><D78/><U135/><E56/><V55/><F30/><W127/><G127/><T35/><D35/><U88/><E10/><V17/><F40/><W42/><G110/><T71/><D71/><U45/><E45/><V132/><F47/><W129/><G129/><T103/><REACH who="0" step="1"/><D27/><REACH who="0" ten="250,248,277,215" step="2"/><U44/><E135/><V133/><F133/><W13/><G24/><T0/><D0/><U16/><E134/><V62/><F132/><W104/><G34/><T80/><D80/><U28/><E81/><V49/><F85/><W105/><G42/><T87/><D87/><U70/><E74/><V82/><F82/><W91/><G41/><T46/><AGARI ba="1,1" hai="18,22,25,46,50,52,79,83,84,92,99,100,102,103" machi="46" ten="20,12000,2" yaku="1,1,0,1,7,1,8,1,54,1,53,1" doraHai="33" doraHaiUra="21" who="0" fromWho="0" sc="250,133,248,-31,277,-31,215,-61" />
</Scene>
<Scene>
<INIT seed="4,0,0,2,1,20" ten="383,217,246,154" oya="0" hai0="78,8,97,107,129,51,0,119,88,124,40,28,33" hai1="96,5,71,61,36,27,15,121,120,31,68,101,117" hai2="73,131,13,128,26,77,67,98,95,18,58,17,43" hai3="1,54,60,24,22,7,63,122,115,105,102,125,127"/><T99/><D119/><U2/><E36/><V92/><F43/><W14/><G1/><T11/><D78/><U4/><E117/><V132/><F132/><W48/><G122/><T130/><D124/><N who="3" m="47689" /><G115/><T64/><D64/><U72/><E72/><V79/><F67/><W118/><G118/><T47/><D107/><U12/><E5/><V38/><F38/><W83/><G83/><T134/><D134/><U32/><E15/><V82/><F58/><N who="3" m="33095" /><G102/><T65/><D65/><U23/><E12/><V35/><F79/><W108/><G108/><T19/><D0/><U45/><E23/><N who="2" m="13687" /><F35/><W3/><G3/><T76/><D76/><U25/><E45/><V109/><F109/><W69/><G69/><T113/><D113/><U21/><E71/><V103/><F103/><W53/><G53/><T9/><D33/><U133/><E133/><V30/><F82/><W42/><G42/><T56/><D40/><U111/><E111/><V57/><F77/><W16/><G105/><T126/><D126/><U6/><E6/><V46/><F92/><W116/><G116/><T10/><D99/><U52/><E4/><V74/><F98/><W41/><G41/><T85/><D97/><U104/><E2/><V50/><F95/><W44/><G44/><T66/><D47/><U106/><E106/><V86/><F46/><W114/><G114/><T100/><D66/><U29/><E68/><V55/><F55/><W135/><G135/><T62/><D100/><U123/><E123/><V91/><F57/><W75/><G75/><T87/><D56/><U80/><E80/><V81/><F74/><RYUUKYOKU ba="0,0" sc="383,-15,217,15,246,-15,154,15" hai1="21,25,27,29,31,32,52,61,96,101,104,120,121" hai3="7,14,16,22,24,60,63" />
</Scene>
<Scene>
<INIT seed="5,1,0,3,3,98" ten="368,232,231,169" oya="1" hai0="41,67,50,51,101,39,100,111,76,96,85,22,49" hai1="43,17,35,97,124,113,15,72,62,78,81,102,134" hai2="59,95,93,133,94,126,89,103,32,104,42,114,73" hai3="118,53,83,48,28,125,64,8,106,77,86,116,65"/><U4/><E35/><V121/><F32/><W3/><G125/><T130/><D111/><U24/><E124/><V108/><F42/><W69/><G69/><T60/><D39/><U6/><E24/><V131/><F59/><W26/><G3/><T107/><D130/><U129/><E129/><V66/><F66/><W63/><G63/><T47/><D100/><U61/><E134/><V92/><F126/><W115/><G115/><T27/><D85/><U36/><E113/><V45/><F45/><W105/><G105/><T34/><D76/><U18/><E18/><V5/><F5/><W2/><G2/><T68/><D22/><U123/><E123/><V14/><F14/><W70/><G70/><T88/><D88/><U30/><E30/><AGARI ba="1,0" hai="27,30,34,41,47,49,50,51,60,67,68,96,101,107" machi="30" ten="40,5200,0" yaku="25,2,52,1" doraHai="98" who="0" fromWho="1" sc="368,55,232,-55,231,0,169,0" />
</Scene>
<Scene>
<INIT seed="6,0,0,2,5,130" ten="423,177,231,169" oya="2" hai0="102,81,0,135,97,31,122,18,126,50,109,127,117" hai1="133,44,69,73,48,38,112,107,80,74,46,35,51" hai2="85,92,75,4,23,54,43,78,65,1,30,55,93" hai3="37,32,47,53,9,49,2,29,98,101,15,108,42"/><V10/><F65/><W21/><G108/><T129/><D31/><U28/><E69/><V71/><F71/><W96/><G2/><T27/><D109/><U57/><E107/><V5/><F5/><W124/><G124/><T134/><D122/><U95/><E38/><V66/><F66/><W64/><G64/><T106/><D0/><U33/><E28/><V25/><F43/><W77/><G77/><T114/><D114/><U99/><E112/><V88/><REACH who="2" step="1"/><F93/><REACH who="2" ten="423,177,221,169" step="2"/><W72/><G42/><T120/><D120/><U125/><E95/><V40/><F40/><W83/><G37/><T59/><D129/><U3/><E125/><V6/><F6/><W119/><G119/><T100/><D117/><U67/><E67/><V63/><F63/><W110/><G110/><T7/><D7/><U13/><E48/><V12/><F12/><W26/><G15/><T76/><D126/><U52/><E51/><V36/><F36/><W24/><G49/><T8/><D127/><U123/><E13/><V41/><F41/><W39/><G39/><T19/><D50/><U105/><E123/><V45/><F45/><W86/><G47/><T68/><D68/><U58/><E46/><V132/><F132/><W22/><G53/><T82/><D134/><U128/><E133/><V118/><F118/><W116/><G116/><T104/><D135/><U70/><E52/><V11/><F11/><W84/><G9/><T91/><D8/><U62/><E44/><V90/><F90/><W115/><G115/><T89/><D91/><U60/><E62/><V131/><F131/><W121/><G121/><RYUUKYOKU ba="0,1" sc="423,-10,177,-10,221,30,169,-10" hai2="1,4,10,23,25,30,54,55,75,78,85,88,92" />
</Scene>
<Scene>
<INIT seed="6,1,1,0,0,19" ten="413,167,251,159" oya="2" hai0="94,58,8,131,125,55,66,9,40,69,110,105,48" hai1="74,95,78,22,60,54,34,20,35,71,13,42,85" hai2="25,0,32,14,115,45,100,132,107,114,43,76,111" hai3="113,81,37,24,80,57,56,106,119,16,62,122,31"/><V75/><F14/><W83/><G119/><T72/><D110/><U33/><E74/><V88/><F0/><W123/><G37/><T101/><D105/><U96/><E42/><V38/><F111/><W112/><G106/><T73/><D72/><U29/><E29/><N who="2" m="19503" /><F88/><W84/><G84/><T133/><D73/><U70/><E13/><V21/><F21/><N who="3" m="13351" /><G31/><T28/><D28/><U52/><E60/><V17/><F17/><W97/><G97/><T77/><D77/><U5/><E5/><V11/><F11/><W30/><G30/><T12/><D9/><U46/><E71/><V65/><F107/><W50/><G50/><T44/><D69/><U27/><E70/><V61/><F38/><W4/><G4/><T102/><D48/><U99/><E27/><V7/><F7/><W91/><G91/><T36/><D36/><U41/><E78/><V127/><F76/><W53/><G57/><T109/><D58/><U129/><E85/><V51/><F51/><W49/><G49/><T67/><D109/><U26/><E99/><V118/><F118/><W124/><G123/><T121/><D121/><U47/><E26/><V128/><F75/><W116/><G122/><T79/><D79/><U3/><E3/><V10/><F43/><W103/><G103/><T120/><D102/><U1/><E1/><V59/><F100/><W82/><G116/><T86/><D101/><U90/><E41/><V134/><F59/><W63/><N who="3" m="20480" /><DORA hai="108" /><W98/><G98/><T92/><D120/><U104/><E96/><V18/><F61/><W135/><G63/><T68/><D40/><RYUUKYOKU ba="1,1" sc="413,0,167,0,251,0,159,0" />
</Scene>
<Scene>
<INIT seed="7,2,1,2,2,74" ten="413,167,251,159" oya="3" hai0="53,30,116,27,75,81,51,107,97,39,5,125,32" hai1="1,38,23,94,106,120,52,91,70,112,79,118,46" hai2="117,2,25,101,119,123,103,44,62,85,43,67,121" hai3="55,130,60,80,102,18,42,82,9,68,7,34,108"/><W134/><G34/><T45/><D116/><N who="2" m="44618" /><F2/><W86/><G42/><T115/><D115/><U28/><E112/><V72/><F72/><W73/><G102/><T13/><D39/><U0/><E70/><N who="2" m="42359" /><F85/><W105/><G105/><T49/><D51/><U77/><E106/><V41/><F25/><W4/><G18/><T78/><D125/><U90/><E90/><V99/><F103/><W133/><G108/><T19/><D107/><U54/><E38/><N who="2" m="21559" /><F43/><W109/><G109/><T26/><D26/><U88/><E1/><V92/><F92/><W56/><G68/><T12/><D97/><U96/><E94/><V31/><F31/><W83/><G130/><T128/><D128/><U11/><E96/><V6/><F6/><N who="3" m="2091" /><G9/><T66/><D5/><U87/><E11/><V35/><F35/><W111/><G111/><T110/><D110/><U71/><E28/><V3/><F3/><W113/><G113/><T65/><D13/><U63/><E0/><V24/><F24/><W15/><G15/><T29/><D29/><U122/><E120/><N who="2" m="46155" /><F101/><W57/><G73/><T17/><D17/><U98/><E122/><V47/><F99/><W129/><G129/><T114/><D19/><U36/><E98/><V69/><F69/><W14/><G14/><T40/><D114/><U89/><E71/><V95/><F95/><W22/><G22/><T76/><D12/><U132/><E23/><V104/><F104/><W8/><G8/><T20/><D32/><U16/><E16/><V59/><F47/><W21/><G21/><T37/><D45/><U100/><E46/><V50/><F59/><RYUUKYOKU ba="2,1" sc="413,-10,167,-10,251,30,159,-10" hai2="50" owari="413,51.0,157,-24.0,281,8.0,149,-35.0" />
</Scene>
</mjloggm>