<mjloggm ver="2.3"><GO type="169"/><UN n0="%E5%A4%AA%E3%81%8F%E3%81%AA%E3%81%84%E3%81%8A" n1="%4C%49%54%48%49%55%4D" n2="%E3%81%A8%E3%83%BC%E3%82%84%E3%82%93" n3="%67%61%72%75%63%69%61" dan="17,17,16,16" rate="2211,2139,2100,2043" sx="M,F,M,M"/><TAIKYOKU oya="0"/>

<Scene>
<INIT seed="0,0,0,0,3,20" ten="250,250,250,250" oya="0" hai0="66,95,113,105,78,94,131,92,115,81,135,54,85" hai1="42,19,13,67,27,93,45,84,51,72,15,69,47" hai2="127,60,132,32,26,30,110,129,6,64,17,106,25" hai3="63,14,133,87,2,10,128,38,0,65,120,108,73"/><T75/><D66/><U40/><E72/><V24/><F106/><W89/><G73/><T55/><D105/><U86/><E69/><V36/><F36/><W9/><G38/><T22/><D135/><U49/><E67/><V82/><F132/><W74/><G74/><T114/><D131/><U111/><E111/><V98/><F129/><W23/><G133/><T112/><N who="0" m="28672" /><DORA hai="7" /><T124/><D124/><U130/><E130/><V103/><F127/><W31/><G128/><T100/><D100/><U70/><E70/><N who="2" m="42247" /><F110/><W68/><G108/><T8/><D75/><U41/><E41/><V76/><F17/><N who="3" m="10679" /><G0/><T29/><REACH who="0" step="1"/><D8/><REACH who="0" ten="240,250,250,250" step="2"/><N who="3" m="3177" /><G68/><T117/><D117/><U126/><E126/><V125/><F125/><W107/><G107/><T122/><D122/><U97/><E27/><AGARI ba="0,1" hai="22,27,29,54,55,78,81,85,92,94,95" m="28672" machi="27" ten="70,6800,0" yaku="1,1,52,1,53,0" doraHai="20,7" doraHaiUra="52,33" who="0" fromWho="1" sc="240,78,250,-68,250,0,250,0" />
</Scene>
<Scene>
<INIT seed="0,1,0,0,4,23" ten="318,182,250,250" oya="0" hai0="29,5,44,122,21,20,63,92,10,17,118,84,106" hai1="61,79,109,4,28,115,69,16,94,39,60,45,53" hai2="120,6,74,81,89,7,34,52,11,125,95,2,36" hai3="123,85,18,15,46,32,121,35,37,13,48,80,111"/><T49/><D122/><N who="3" m="46601" /><G37/><T91/><D118/><U54/><E109/><V58/><F120/><W64/><G111/><T55/><D106/><U41/><E115/><V40/><F7/><W72/><G64/><T26/><D63/><U56/><E4/><V12/><F34/><N who="3" m="12843" /><G72/><T1/><REACH who="0" step="1"/><D21/><REACH who="0" ten="308,182,250,250" step="2"/><U27/><E60/><V24/><F125/><W73/><G73/><T102/><D102/><U99/><E61/><V116/><F116/><W114/><G114/><T70/><D70/><U50/><E69/><V83/><F74/><W14/><G48/><T67/><D67/><U42/><E50/><V82/><F36/><W126/><G126/><T47/><D47/><U98/><E45/><V62/><F40/><W101/><G46/><T68/><D68/><U124/><E42/><V96/><F2/><W22/><G101/><T59/><D59/><U107/><E56/><V127/><F127/><W51/><G51/><T43/><D43/><U86/><E41/><V88/><F89/><AGARI ba="1,1" hai="13,14,15,18,22,80,85,89" m="12843,46601" machi="89" ten="30,1000,0" yaku="13,1" doraHai="23" who="3" fromWho="2" sc="308,0,182,0,250,-13,250,23" />
</Scene>
<Scene>
<INIT seed="1,0,0,0,3,117" ten="308,182,237,273" oya="1" hai0="44,6,51,0,87,95,22,131,32,120,59,45,132" hai1="40,27,62,47,91,78,5,118,100,67,103,126,12" hai2="94,114,14,13,86,97,4,92,127,109,84,105,70" hai3="29,63,7,54,93,111,119,113,38,2,102,104,36"/><U11/><E118/><V133/><F70/><W129/><G104/><T8/><D32/><U20/><E126/><V112/><F109/><W96/><G113/><N who="2" m="43625" /><F127/><W53/><G119/><T101/><D132/><U128/><E128/><V43/><F133/><W135/><G135/><T15/><D131/><U125/><E125/><V57/><F105/><W98/><G129/><T48/><D59/><U130/><E130/><V49/><F94/><W52/><G29/><T18/><D101/><U85/><E78/><V76/><F4/><W64/><G111/><T21/><D21/><U134/><E134/><V68/><F68/><W58/><REACH who="3" step="1"/><G98/><REACH who="3" ten="308,182,237,263" step="2"/><T28/><D28/><U99/><E99/><V121/><F97/><W50/><G50/><T23/><D51/><N who="1" m="27111" /><E62/><V66/><F49/><W37/><G37/><T88/><D48/><U108/><E108/><V35/><F43/><W34/><G34/><T116/><D116/><U33/><E33/><V123/><F35/><W107/><G107/><T17/><REACH who="0" step="1"/><D120/><REACH who="0" ten="298,182,237,263" step="2"/><U55/><E103/><V115/><F123/><W124/><G124/><T26/><AGARI ba="0,2" hai="0,6,8,15,17,18,22,23,26,44,45,87,88,95" machi="26" ten="20,8000,1" yaku="1,1,2,1,0,1,7,1,54,1,53,0" doraHai="117" doraHaiUra="24" who="0" fromWho="0" sc="298,100,182,-40,237,-20,263,-20" />
</Scene>
<Scene>
<INIT seed="2,0,0,3,4,106" ten="398,142,217,243" oya="2" hai0="72,40,60,18,116,127,28,44,39,9,35,69,110" hai1="55,43,54,17,51,102,135,108,21,115,74,84,66" hai2="95,123,79,13,12,45,64,81,19,24,90,76,36" hai3="130,119,8,99,38,2,5,52,131,6,114,56,124"/><V91/><F123/><W49/><G119/><T26/><D116/><U94/><E115/><V132/><F132/><W80/><G38/><T15/><D110/><U25/><E108/><V101/><F64/><W61/><G114/><T107/><D127/><U48/><E135/><V22/><F36/><W122/><G122/><T129/><D129/><N who="3" m="49161" /><G124/><T30/><D107/><U58/><E43/><V33/><F33/><W1/><G99/><T73/><REACH who="0" step="1"/><D30/><REACH who="0" ten="388,142,217,243" step="2"/><U29/><E29/><V92/><F101/><W37/><G37/><T70/><D70/><U10/><E102/><V46/><F24/><W125/><G125/><T16/><D16/><U78/><E25/><V59/><F19/><W126/><G126/><T34/><D34/><U57/><E17/><V32/><F32/><W0/><G6/><T14/><D14/><U53/><E10/><V96/><F13/><N who="3" m="5263" /><G80/><T68/><D68/><U88/><E21/><V82/><F12/><W86/><G86/><T7/><D7/><U31/><E31/><V112/><F112/><W23/><G23/><T50/><D50/><AGARI ba="0,1" hai="0,1,2,49,50,52,56,61" m="5263,49161" machi="50" ten="40,2600,0" yaku="19,1,54,1" doraHai="106" who="3" fromWho="0" sc="388,-26,142,0,217,0,243,36" />
</Scene>
<Scene>
<INIT seed="3,0,0,3,5,113" ten="362,142,217,279" oya="3" hai0="68,60,124,92,42,15,123,57,55,24,10,40,76" hai1="100,37,95,38,43,62,61,44,96,110,45,129,25" hai2="63,56,66,126,104,14,13,49,4,9,133,5,135" hai3="47,79,35,117,33,127,105,77,112,119,69,107,111"/><W99/><G69/><T98/><D123/><U103/><E110/><V51/><F104/><W67/><G67/><T21/><D124/><U23/><E129/><V6/><F126/><W34/><G127/><T108/><D108/><U65/><E103/><V46/><F51/><W18/><G111/><T132/><D132/><U75/><E75/><V17/><F133/><W84/><G112/><T19/><D76/><U36/><E45/><V29/><F29/><W131/><G131/><T121/><D68/><U22/><E22/><V32/><F32/><W1/><G1/><T16/><REACH who="0" step="1"/><D121/><REACH who="0" ten="352,142,217,279" step="2"/><U91/><E91/><AGARI ba="0,1" hai="10,15,16,19,21,24,40,42,55,57,60,91,92,98" machi="91" ten="30,12000,2" yaku="1,1,2,1,7,1,25,2,8,1,54,1,53,0" doraHai="113" doraHaiUra="125" who="0" fromWho="1" sc="352,130,142,-120,217,0,279,0" />
</Scene>
<Scene>
<INIT seed="4,0,0,0,2,19" ten="482,22,217,279" oya="0" hai0="90,118,129,112,31,5,3,52,109,30,70,98,130" hai1="48,20,15,126,87,21,69,113,78,55,72,12,121" hai2="13,95,7,132,135,85,74,65,92,100,4,82,60" hai3="124,2,93,77,96,40,47,49,11,41,9,8,45"/><T18/><D118/><U91/><E121/><V43/><F43/><W81/><G124/><T104/><D70/><U127/><E69/><V105/><F74/><W111/><G111/><T131/><D109/><U36/><E36/><V53/><F53/><W116/><G116/><T50/><D112/><U51/><E113/><V88/><F105/><W107/><G107/><T10/><D18/><U64/><E64/><V122/><F122/><W117/><G117/><T67/><D67/><U39/><E39/><V102/><F95/><W115/><G115/><T0/><D0/><U24/><E78/><V97/><F102/><W33/><G33/><T75/><D75/><U114/><E72/><V32/><F32/><W63/><G63/><T37/><D37/><U61/><E61/><V133/><REACH who="2" step="1"/><F13/><REACH who="2" ten="482,22,207,279" step="2"/><N who="1" m="5193" /><E114/><V73/><F73/><W120/><G120/><T119/><D119/><U108/><E108/><V123/><F123/><W101/><G2/><T83/><D104/><U106/><E106/><V1/><F1/><W110/><G110/><T84/><D98/><U103/><E103/><V66/><F66/><W76/><REACH who="3" step="1"/><G81/><REACH who="3" ten="482,22,207,269" step="2"/><T62/><D62/><U99/><E127/><V128/><F128/><W35/><G35/><T71/><D71/><AGARI ba="0,2" hai="4,7,60,65,71,82,85,88,92,97,100,132,133,135" machi="71" ten="40,5200,0" yaku="1,1,20,1,54,1,53,0" doraHai="19" doraHaiUra="68" who="2" fromWho="0" sc="482,-52,22,0,207,72,269,0" />
</Scene>
<Scene>
<INIT seed="5,0,0,5,5,133" ten="430,22,279,269" oya="1" hai0="101,26,61,24,96,25,127,30,42,111,21,118,129" hai1="27,80,69,92,104,19,79,74,82,34,41,55,135" hai2="85,131,130,93,29,102,128,75,11,90,114,0,8" hai3="121,72,115,62,39,113,86,1,43,73,120,109,4"/><U32/><E104/><V46/><F75/><N who="3" m="28747" /><G62/><T108/><D118/><U103/><E80/><V35/><F35/><W99/><G86/><T119/><D119/><U125/><E69/><V45/><F29/><W15/><G15/><T6/><D129/><U38/><E135/><V76/><F76/><W95/><G95/><T70/><D6/><U20/><E55/><V97/><F114/><N who="3" m="43531" /><G99/><T54/><D70/><U48/><E38/><V9/><REACH who="2" step="1"/><F0/><REACH who="2" ten="430,22,269,269" step="2"/><W53/><G109/><T40/><D108/><U94/><E32/><V83/><AGARI ba="0,1" hai="8,9,11,45,46,83,85,90,93,97,102,128,130,131" machi="83" ten="40,8000,1" yaku="1,1,2,1,0,1,19,1,53,0" doraHai="133" doraHaiUra="60" who="2" fromWho="2" sc="430,-20,22,-40,269,90,269,-20" owari="410,51.0,-18,-52.0,359,16.0,249,-15.0" />
</Scene>
</mjloggm>