<mjloggm ver="2.3"><GO type="169"/><UN n0="%E5%A4%AA%E3%81%8F%E3%81%AA%E3%81%84%E3%81%8A" n1="%E6%88%A6%E5%8A%9B%E5%A4%96%E3%83%9D%E3%83%BC%E3%82%AF%E2%99%82" n2="%E3%83%92%E3%82%B2%E3%83%AD%E3%83%B3%E3%82%B0" n3="%67%69%6A%79%75%74%75" dan="18,16,17,16" rate="2200,2076,2199,2046" sx="M,M,M,M"/><TAIKYOKU oya="0"/>

<Scene>
<INIT seed="0,0,0,3,1,27" ten="250,250,250,250" oya="0" hai0="66,33,73,116,82,58,96,113,35,31,64,105,51" hai1="23,9,107,20,88,7,15,67,43,5,68,14,119" hai2="25,32,22,108,112,0,70,3,54,56,65,17,115" hai3="42,50,123,63,104,45,99,57,55,47,69,126,26"/><T44/><D116/><U18/><E107/><V132/><F108/><W91/><G104/><T37/><D37/><U102/><E102/><V2/><F132/><W86/><G99/><T79/><D113/><U30/><E119/><V76/><F76/><W28/><G126/><T36/><D36/><U46/><E67/><V10/><F65/><W71/><G47/><T134/><D134/><U84/><E68/><V94/><F70/><W130/><G130/><T111/><D111/><U110/><E110/><V74/><F74/><W135/><G123/><T128/><D128/><U34/><E34/><V19/><F32/><W106/><G106/><T101/><D33/><U81/><E30/><V109/><F109/><W8/><G8/><T87/><D58/><U95/><E95/><V6/><F19/><W49/><G63/><T129/><D129/><U16/><REACH who="1" step="1"/><E9/><REACH who="1" ten="250,240,250,250" step="2"/><V121/><F121/><W60/><G135/><T85/><D66/><U52/><E52/><V29/><F94/><W1/><G55/><T62/><D35/><U120/><E120/><V80/><F29/><W100/><G28/><T59/><REACH who="0" step="1"/><D31/><REACH who="0" ten="240,240,250,250" step="2"/><U127/><E127/><V78/><F115/><W11/><G71/><T92/><D92/><U38/><AGARI ba="0,2" hai="5,7,14,15,16,18,20,23,38,43,46,81,84,88" machi="38" ten="20,12000,2" yaku="1,1,0,1,7,1,9,1,54,2,53,0" doraHai="27" doraHaiUra="61" who="1" fromWho="1" sc="240,-60,240,140,250,-30,250,-30" />
</Scene>
<Scene>
<INIT seed="1,0,0,2,5,46" ten="180,380,220,220" oya="1" hai0="86,126,65,47,96,36,67,116,123,125,51,13,87" hai1="63,128,30,102,9,33,6,61,77,56,4,98,94" hai2="121,10,76,100,18,60,14,105,31,37,69,20,0" hai3="111,114,2,3,50,35,83,44,89,73,108,81,92"/><U1/><E128/><V79/><F121/><W68/><G68/><T135/><D116/><U127/><E127/><N who="0" m="48649" /><D123/><U80/><E6/><V106/><F37/><W57/><G35/><T59/><D135/><U120/><E120/><V8/><F8/><W124/><G124/><T29/><D29/><U85/><REACH who="1" step="1"/><E56/><REACH who="1" ten="180,370,220,220" step="2"/><V49/><F69/><W95/><G57/><T22/><D59/><U93/><E93/><V115/><F106/><W52/><G95/><T82/><D82/><U72/><E72/><V5/><F105/><W55/><G73/><T74/><D74/><U71/><E71/><V110/><F5/><W19/><G81/><T104/><D104/><U97/><E97/><V17/><F115/><W70/><G83/><T7/><D96/><U40/><E40/><V38/><F79/><W99/><G70/><T42/><D7/><U24/><AGARI ba="0,1" hai="1,4,9,24,30,33,61,63,77,80,85,94,98,102" machi="24" ten="30,3000,0" yaku="1,1,0,1,53,0" doraHai="46" doraHaiUra="39" who="1" fromWho="1" sc="180,-10,370,40,220,-10,220,-10" />
</Scene>
<Scene>
<INIT seed="1,1,0,3,1,26" ten="170,410,210,210" oya="1" hai0="13,91,53,92,25,37,47,6,87,10,113,114,54" hai1="129,126,73,107,93,48,61,24,111,85,55,71,7" hai2="79,20,14,104,78,74,41,95,135,40,124,43,80" hai3="30,31,45,36,35,67,11,42,90,76,70,110,123"/><U101/><E73/><V58/><F104/><W23/><G123/><T46/><D37/><U100/><E107/><V19/><F124/><W17/><G35/><T63/><D63/><U94/><E126/><V12/><F135/><W128/><G11/><T130/><D130/><U29/><E129/><V105/><F105/><W83/><G128/><T4/><D4/><U15/><E111/><V68/><F68/><W59/><G70/><T44/><REACH who="0" step="1"/><D25/><REACH who="0" ten="160,410,210,210" step="2"/><U118/><E61/><V109/><F109/><W131/><G110/><T122/><D122/><U106/><E24/><V119/><F119/><W127/><G131/><T108/><D108/><U51/><E7/><V56/><F79/><W120/><G120/><T49/><D49/><U134/><E51/><V3/><F3/><W89/><G127/><T52/><AGARI ba="1,1" hai="6,10,13,44,46,47,52,53,54,87,91,92,113,114" machi="52" ten="30,4000,0" yaku="1,1,0,1,54,1,53,0" doraHai="26" doraHaiUra="97" who="0" fromWho="0" sc="160,53,410,-21,210,-11,210,-11" />
</Scene>
<Scene>
<INIT seed="2,0,0,1,1,72" ten="213,389,199,199" oya="2" hai0="90,31,66,97,11,2,64,78,38,56,114,103,29" hai1="65,129,119,16,123,122,73,86,51,117,134,68,76" hai2="70,0,24,13,47,110,10,79,7,92,58,37,88" hai3="121,50,15,108,115,18,71,17,54,6,35,85,126"/><V23/><F70/><W12/><G71/><T75/><D114/><U93/><E134/><V96/><F110/><W74/><G74/><T89/><D38/><U34/><E34/><V3/><F58/><W55/><G35/><T4/><D31/><U8/><E129/><V135/><F135/><W20/><G121/><N who="1" m="46090" /><E68/><V104/><F104/><W133/><G133/><T111/><D111/><U62/><E51/><V112/><F112/><W61/><G108/><T32/><D29/><U69/><E93/><V57/><F57/><N who="3" m="35007" /><G126/><T77/><D32/><U98/><E98/><V63/><F63/><W107/><G107/><T118/><D118/><U105/><E86/><V36/><F79/><W49/><G6/><T128/><D128/><U83/><E105/><V91/><F91/><W67/><G67/><T52/><D66/><U19/><E19/><V39/><REACH who="2" step="1"/><F47/><REACH who="2" ten="213,389,189,199" step="2"/><N who="3" m="27967" /><G115/><T87/><D64/><U100/><E119/><V53/><F53/><W59/><G59/><T125/><D89/><U21/><E117/><V27/><F27/><W40/><G40/><T84/><D75/><U102/><E102/><V14/><F14/><W124/><G12/><N who="0" m="5223" /><D103/><U28/><E100/><V132/><F132/><W9/><G15/><T113/><D113/><U42/><E42/><V46/><F46/><W44/><G44/><T80/><D78/><U95/><E65/><V60/><F60/><W43/><G43/><T120/><D120/><U109/><E62/><V22/><F22/><W101/><G20/><T94/><D77/><U131/><E69/><V99/><F99/><W106/><G106/><T81/><D97/><RYUUKYOKU ba="0,1" sc="213,-10,389,-10,189,30,199,-10" hai2="0,3,7,10,13,23,24,36,37,39,88,92,96" />
</Scene>
<Scene>
<INIT seed="2,1,1,3,5,67" ten="203,379,219,189" oya="2" hai0="10,19,72,103,113,112,93,12,41,135,24,75,7" hai1="65,63,62,42,129,104,17,11,69,60,131,79,126" hai2="14,36,31,108,84,28,107,25,8,78,133,56,1" hai3="35,77,109,111,74,90,115,68,5,58,23,73,55"/><V39/><F107/><W130/><G35/><T43/><D135/><U83/><E104/><V46/><F1/><W99/><G5/><T48/><D75/><U81/><E126/><V15/><F133/><W21/><G130/><N who="1" m="49674" /><E42/><V64/><F108/><N who="3" m="41547" /><G115/><T80/><D112/><U91/><E91/><V125/><F125/><W87/><G99/><N who="0" m="59887" /><D72/><N who="3" m="27753" /><G77/><T27/><D113/><U18/><E79/><V124/><F124/><W98/><G98/><T51/><D80/><N who="1" m="30795" /><E11/><V52/><F78/><W30/><G30/><T4/><D43/><U0/><E0/><V32/><F84/><W66/><G87/><T76/><D76/><U92/><E92/><V110/><F110/><W88/><G66/><T9/><D41/><U71/><E65/><V70/><F31/><W57/><G68/><AGARI ba="1,1" hai="17,18,60,62,63,68,69,71" m="30795,49674" machi="68" ten="40,12000,2" yaku="28,2,19,1,52,3" doraHai="67" who="1" fromWho="3" sc="203,0,379,133,219,0,189,-123" />
</Scene>
<Scene>
<INIT seed="3,0,0,1,3,54" ten="203,512,219,66" oya="3" hai0="57,24,44,98,70,60,61,91,17,19,12,71,1" hai1="85,101,42,89,39,16,132,113,62,5,83,29,125" hai2="80,82,78,123,131,64,100,106,13,27,111,7,77" hai3="23,58,2,48,104,52,10,97,35,3,14,50,31"/><W56/><G35/><T18/><D1/><U110/><E113/><V117/><F117/><W108/><G108/><T68/><D44/><U129/><E110/><V79/><F111/><W115/><G115/><T121/><D121/><U112/><E112/><V92/><F27/><N who="3" m="16895" /><G104/><T26/><D12/><U43/><E39/><V90/><F64/><W105/><G105/><T135/><D135/><U6/><E132/><V126/><F13/><W102/><G2/><T118/><D118/><U67/><E129/><V40/><F7/><N who="3" m="3423" /><G3/><T59/><D98/><U130/><E130/><V9/><F9/><W103/><G97/><T119/><D91/><U37/><E37/><V107/><F40/><W116/><G116/><T81/><D81/><N who="2" m="31338" /><F131/><W124/><G124/><T20/><D119/><U109/><E109/><V51/><F126/><W33/><G33/><T30/><REACH who="0" step="1"/><D26/><REACH who="0" ten="193,512,219,66" step="2"/><U38/><E125/><V73/><F123/><W63/><G48/><T53/><D53/><AGARI ba="0,1" hai="50,52,53,56,58,63,102,103" m="3423,16895" machi="53" ten="30,11600,0" yaku="8,1,52,2,54,1" doraHai="54" who="3" fromWho="0" sc="193,-116,512,0,219,0,66,126" />
</Scene>
<Scene>
<INIT seed="3,1,0,2,0,26" ten="77,512,219,192" oya="3" hai0="28,58,95,33,112,24,34,11,3,18,81,49,99" hai1="44,93,16,71,123,20,103,102,94,84,69,36,15" hai2="108,88,47,37,129,79,60,62,77,125,43,116,50" hai3="53,48,22,83,10,14,68,130,9,8,80,91,59"/><W92/><G68/><T41/><D112/><U72/><E72/><V46/><F116/><W67/><G67/><T12/><D3/><U82/><E123/><V32/><F108/><W127/><G127/><T121/><D121/><U45/><E36/><V31/><F125/><W61/><G130/><T7/><D81/><U23/><E82/><V104/><F104/><W40/><G40/><T51/><D41/><U98/><E84/><V52/><F129/><W13/><G61/><T87/><D87/><U76/><E76/><V86/><F79/><W66/><G66/><T39/><D39/><U73/><E73/><V63/><F77/><W65/><G65/><T126/><D126/><U118/><E118/><V55/><F32/><W115/><G115/><T117/><D117/><U113/><E113/><V0/><F0/><W133/><G133/><T119/><D119/><U17/><E15/><N who="3" m="5642" /><G22/><T25/><D58/><U89/><E89/><V122/><F122/><W56/><G59/><T74/><D74/><U128/><E128/><V70/><F70/><W64/><G64/><T85/><D85/><AGARI ba="1,0" hai="8,9,10,48,53,56,80,83,85,91,92" m="5642" machi="85" ten="30,1500,0" yaku="8,1" doraHai="26" who="3" fromWho="0" sc="77,-18,512,0,219,0,192,18" />
</Scene>
<Scene>
<INIT seed="3,2,0,5,5,62" ten="59,512,219,210" oya="3" hai0="30,93,114,104,66,28,135,29,11,33,98,69,117" hai1="58,131,54,132,73,83,42,129,82,84,123,68,32" hai2="31,94,19,39,22,71,92,55,77,0,111,86,53" hai3="5,127,35,75,56,90,87,125,25,15,81,64,112"/><W45/><G112/><T27/><D117/><U43/><E32/><V59/><F71/><W49/><G75/><T60/><D114/><U67/><E123/><V115/><F115/><W36/><G36/><T21/><D135/><U4/><E4/><V76/><F0/><W110/><G110/><T40/><D40/><U106/><E106/><V133/><F39/><W14/><G35/><T95/><D11/><U41/><E132/><V78/><F133/><W126/><G25/><T1/><D1/><U48/><E73/><V74/><F74/><W134/><G5/><T101/><D21/><U122/><E122/><V34/><F34/><W2/><G2/><T51/><D51/><U109/><E109/><V20/><F111/><W128/><G128/><N who="1" m="49226" /><E84/><V89/><F92/><AGARI ba="2,0" hai="27,28,29,30,33,60,66,69,92,93,95,98,101,104" machi="92" ten="40,5200,0" yaku="25,2,52,1" doraHai="62" who="0" fromWho="2" sc="59,58,512,0,219,-58,210,0" />
</Scene>
<Scene>
<INIT seed="4,0,0,5,2,59" ten="117,512,161,210" oya="0" hai0="39,7,68,61,98,18,69,3,29,2,101,131,76" hai1="111,83,43,64,24,72,44,80,94,116,32,133,27" hai2="37,115,89,117,26,66,31,102,53,106,25,54,123" hai3="127,51,81,1,16,28,134,5,49,65,41,62,71"/><T119/><D119/><U86/><E111/><V22/><F123/><W6/><G28/><T84/><D39/><U82/><E116/><V103/><F37/><W99/><G134/><T95/><D131/><U92/><E133/><V45/><F117/><W93/><G127/><T129/><D129/><U19/><E72/><V73/><F73/><W50/><G41/><T4/><D29/><U108/><E32/><V118/><F118/><W126/><G1/><T38/><D38/><U48/><E64/><V87/><F66/><W30/><G30/><T114/><D114/><U107/><E107/><V23/><F106/><W11/><G81/><N who="1" m="31338" /><E108/><V67/><F67/><W56/><G71/><T10/><D76/><N who="1" m="46439" /><E19/><N who="2" m="12511" /><F115/><W132/><G126/><T46/><D18/><U85/><E94/><N who="2" m="54591" /><F45/><W55/><G65/><T57/><D46/><U60/><E92/><V63/><F54/><W33/><G33/><T58/><D84/><U47/><E85/><V88/><F88/><N who="3" m="55719" /><G132/><T14/><D58/><AGARI ba="0,0" hai="23,26,31,53,58,63,102,103" m="54591,12511" machi="58" ten="30,2000,0" yaku="8,1,52,1" doraHai="59" who="2" fromWho="0" sc="117,-20,512,0,161,20,210,0" />
</Scene>
<Scene>
<INIT seed="5,0,0,3,5,116" ten="97,512,181,210" oya="1" hai0="62,124,67,109,83,28,64,16,52,79,49,26,80" hai1="126,81,128,56,3,29,60,13,63,1,6,91,51" hai2="129,135,105,78,53,69,35,57,17,98,38,100,92" hai3="77,45,111,0,10,87,8,25,104,18,114,20,107"/><U133/><E133/><V74/><F69/><W97/><G111/><T33/><D109/><U117/><E117/><V50/><F38/><W115/><G45/><T32/><D124/><U90/><E126/><V42/><F42/><W121/><G121/><T86/><D33/><U125/><E128/><V113/><F35/><W5/><G10/><T101/><D101/><U4/><E29/><V46/><F135/><W102/><G107/><T71/><D67/><U12/><E125/><V66/><F129/><W23/><G23/><T84/><D16/><U118/><E118/><V123/><F123/><W82/><AGARI ba="0,0" hai="0,5,8,18,20,25,77,82,87,97,102,104,114,115" machi="82" ten="30,1100,0" yaku="0,1" doraHai="116" who="3" fromWho="3" sc="97,-3,512,-5,181,-3,210,11" />
</Scene>
<Scene>
<INIT seed="6,0,0,3,2,87" ten="94,507,178,221" oya="2" hai0="74,5,50,106,58,121,92,22,38,10,48,128,95" hai1="28,47,29,61,15,127,25,129,97,6,14,62,110" hai2="79,126,83,107,69,7,135,52,3,100,94,54,85" hai3="102,109,86,75,122,2,68,98,24,56,132,105,124"/><V4/><F69/><W53/><G75/><T101/><D121/><U1/><E110/><V78/><F126/><W130/><G109/><T36/><D74/><U18/><E127/><V12/><F3/><W82/><G124/><T35/><D35/><U51/><E129/><V17/><F107/><W8/><G130/><T71/><D71/><U91/><E1/><V96/><F135/><W104/><G68/><T33/><D33/><U133/><E29/><V93/><F93/><W115/><G122/><T63/><D128/><U119/><E119/><V60/><F79/><W64/><G64/><T114/><D114/><U34/><E133/><V66/><F66/><W44/><G44/><T45/><D106/><U76/><E76/><V11/><REACH who="2" step="1"/><F60/><REACH who="2" ten="94,507,168,221" step="2"/><N who="3" m="35855" /><G105/><T27/><D92/><U0/><E0/><V46/><F46/><W134/><G104/><T80/><D45/><U77/><E77/><V70/><F70/><W112/><G2/><T81/><D95/><U9/><E47/><V31/><F31/><W21/><G134/><T19/><D38/><U117/><E28/><V32/><F32/><W67/><G67/><N who="0" m="39415" /><D36/><U40/><E34/><V55/><AGARI ba="0,1" hai="4,7,11,12,17,52,54,55,78,83,85,94,96,100" machi="55" ten="30,11700,0" yaku="1,1,0,1,8,1,54,1,53,0" doraHai="87" doraHaiUra="41" who="2" fromWho="2" sc="94,-39,507,-39,168,127,221,-39" />
</Scene>
<Scene>
<INIT seed="6,1,0,0,2,41" ten="55,468,295,182" oya="2" hai0="54,134,7,20,5,15,99,79,81,4,80,66,105" hai1="48,8,2,110,115,18,103,74,111,123,49,126,118" hai2="104,51,107,88,0,29,71,38,114,28,37,90,31" hai3="23,11,77,100,6,34,75,3,120,46,106,128,129"/><V85/><F71/><W69/><G69/><T12/><D134/><U39/><E118/><V76/><F0/><W45/><G34/><T42/><D66/><U130/><E74/><V50/><F76/><W78/><G120/><T82/><D79/><N who="3" m="30217" /><G75/><T67/><D67/><U117/><E39/><V73/><F73/><W131/><G23/><T30/><D42/><U9/><E2/><V16/><F114/><W10/><G10/><T83/><N who="0" m="20480" /><DORA hai="14" /><T109/><D109/><U33/><E33/><V59/><F29/><W19/><G19/><T24/><REACH who="0" step="1"/><D54/><REACH who="0" ten="45,468,295,182" step="2"/><U40/><E40/><V132/><F132/><W17/><G17/><T27/><D27/><U13/><E18/><V68/><F16/><W70/><G70/><T55/><D55/><U57/><E111/><V56/><F68/><W97/><AGARI ba="1,1" hai="3,6,11,45,46,97,100,106,128,129,131" m="30217" machi="97" ten="40,5200,0" yaku="19,1,52,2" doraHai="41,14" who="3" fromWho="3" sc="45,-14,468,-14,295,-27,182,65" />
</Scene>
<Scene>
<INIT seed="7,0,0,2,2,73" ten="31,454,268,247" oya="3" hai0="64,90,100,30,106,33,69,7,34,14,104,62,132" hai1="78,17,66,37,18,85,93,56,79,84,122,125,43" hai2="89,20,74,39,49,15,94,50,58,134,109,12,29" hai3="23,113,96,103,98,54,42,110,95,131,80,117,63"/><W70/><G117/><T44/><D132/><U51/><E37/><V124/><F39/><W72/><G42/><T22/><D34/><U3/><E3/><V1/><F1/><W21/><G113/><T123/><D123/><U53/><E122/><V9/><F109/><W81/><G110/><T91/><D104/><U16/><E125/><V71/><F71/><W128/><G70/><T32/><D32/><U92/><E66/><V35/><F35/><W6/><G6/><T127/><D127/><U114/><E43/><V19/><F74/><W11/><G11/><T59/><D44/><U55/><E55/><V68/><F68/><W36/><G36/><T2/><D59/><U105/><E105/><V75/><F75/><W5/><G5/><T28/><D28/><U46/><E46/><V25/><F134/><W86/><G72/><T40/><D40/><U52/><E53/><V27/><F27/><W112/><G112/><T47/><D47/><U57/><E57/><V116/><F116/><W8/><G8/><T135/><D135/><U38/><E38/><V129/><F129/><N who="3" m="49739" /><G98/><N who="0" m="61719" /><D2/><U102/><E114/><V10/><F124/><W13/><G13/><T88/><D33/><U48/><E48/><V118/><F118/><W60/><G80/><T99/><D7/><U4/><E4/><N who="2" m="3111" /><F58/><N who="3" m="34903" /><G63/><T61/><D62/><U76/><E93/><V126/><F126/><W26/><G26/><N who="0" m="16727" /><D14/><U41/><E41/><V87/><AGARI ba="0,0" hai="10,15,19,20,25,29,49,50,87,89,94" m="3111" machi="87" ten="30,1100,0" yaku="8,1" doraHai="73" who="2" fromWho="2" sc="31,-3,454,-3,268,11,247,-5" owari="28,-47.0,451,55.0,279,8.0,242,-16.0" />
</Scene>
</mjloggm>