<mjloggm ver="2.3"><GO type="193"/><UN n0="%4D%4A%2D%47%47" n1="%E3%81%97%E3%81%87%E3%81%84%E3%81%88%E3%81%99" n2="%E3%82%AC%E3%83%BC%E3%83%8D%E3%83%83%E3%83%88%E3%82%AF%E3%83%AD%E3%82%A6" n3="%E5%A4%AA%E3%81%8F%E3%81%AA%E3%81%84%E3%81%8A" dan="13,13,12,11" rate="1748,1766,1817,1843" sx="M,M,M,M"/><TAIKYOKU oya="0"/>

<Scene>
<INIT seed="0,0,0,5,2,53" ten="250,250,250,250" oya="0" hai0="104,30,127,109,81,93,69,92,14,96,112,3,16" hai1="17,35,78,83,8,114,57,22,43,91,70,124,45" hai2="128,24,82,23,80,110,119,132,68,11,6,41,40" hai3="98,122,34,63,60,76,87,121,54,134,101,25,129"/><T117/><D117/><U79/><E114/><V85/><F119/><W12/><G129/><T84/><D69/><U126/><E70/><V103/><F128/><W111/><G111/><T86/><D3/><U9/><E35/><V49/><F68/><W37/><G37/><T42/><D30/><U89/><E79/><V31/><F132/><W62/><G134/><T115/><D42/><U94/><E89/><V75/><F110/><W18/><G54/><T77/><D109/><U39/><E91/><V120/><F120/><N who="3" m="46187" /><G25/><T131/><D131/><U56/><E94/><V130/><F130/><W108/><G34/><T72/><D127/><N who="1" m="48683" /><E9/><V7/><F103/><W21/><G108/><T61/><D61/><U125/><E8/><V52/><F7/><W27/><G27/><T74/><D92/><U32/><E32/><V99/><F99/><W113/><G113/><T58/><D104/><U67/><E67/><V73/><F75/><W123/><G123/><T133/><D74/><N who="1" m="43479" /><E125/><V15/><F73/><W0/><G0/><T116/><D133/><U1/><E1/><V102/><F102/><W26/><G76/><T59/><D116/><U2/><E2/><V50/><F82/><W46/><G87/><N who="0" m="33323" /><D115/><U95/><E95/><V20/><F23/><N who="3" m="11719" /><G98/><T90/><D112/><U44/><E44/><N who="2" m="27687" /><F50/><W4/><G101/><T19/><D19/><U65/><E65/><V71/><F71/><W97/><G97/><T48/><D48/><U88/><E88/><AGARI ba="0,0" hai="6,11,15,20,24,31,40,41,80,85,88" m="27687" machi="88" ten="30,3900,0" yaku="8,1,54,2" doraHai="53" who="2" fromWho="1" sc="250,0,250,-39,250,39,250,0" />
</Scene>
<Scene>
<INIT seed="1,0,0,2,1,43" ten="250,211,289,250" oya="1" hai0="75,107,86,42,132,11,120,77,101,96,28,92,29" hai1="45,24,133,90,78,49,16,66,20,104,123,103,60" hai2="89,119,22,129,6,131,70,14,97,88,68,8,13" hai3="115,106,46,62,51,37,121,135,100,71,65,105,117"/><U25/><E123/><V54/><F119/><W38/><G121/><T9/><D120/><U81/><E133/><V126/><F126/><W57/><G115/><T7/><D132/><U40/><E104/><V30/><F70/><W84/><G135/><T33/><D11/><U19/><E103/><V125/><F68/><W134/><G134/><T0/><D33/><U91/><E24/><V44/><F125/><W3/><G3/><T5/><D5/><U93/><E19/><V122/><F122/><W85/><G117/><T102/><D102/><U99/><E91/><V83/><F89/><W80/><G100/><T109/><D109/><U48/><E48/><V56/><F44/><W59/><G85/><T47/><D92/><U21/><E21/><V79/><F88/><N who="3" m="51207" /><G57/><T12/><D86/><U110/><E110/><V87/><F97/><W95/><G95/><T69/><D12/><U114/><E114/><V23/><F14/><W34/><G37/><N who="0" m="21967" /><D69/><U31/><E31/><V26/><REACH who="2" step="1"/><F22/><REACH who="2" ten="250,211,279,250" step="2"/><W52/><G34/><T72/><D72/><U36/><E36/><V55/><F55/><W111/><G111/><T118/><D118/><U32/><E32/><V50/><AGARI ba="0,1" hai="6,8,13,23,26,30,50,54,56,79,83,87,129,131" machi="50" ten="30,2000,0" yaku="1,1,0,1,53,0" doraHai="43" doraHaiUra="98" who="2" fromWho="2" sc="250,-5,211,-10,279,30,250,-5" />
</Scene>
<Scene>
<INIT seed="2,0,0,5,2,104" ten="245,201,309,245" oya="2" hai0="117,95,21,134,132,51,131,60,133,27,125,62,20" hai1="105,81,130,42,50,65,9,73,93,116,113,31,70" hai2="1,119,7,24,114,87,115,127,35,123,109,34,98" hai3="75,135,82,58,55,19,11,80,25,72,28,41,40"/><V64/><F119/><W30/><G135/><T2/><D95/><U13/><E116/><V74/><F74/><W10/><G19/><T23/><D117/><U67/><E113/><V94/><F123/><W126/><G126/><T92/><D92/><U112/><E112/><V46/><F127/><W33/><G25/><T69/><D51/><U54/><E105/><V14/><F109/><W5/><G5/><T49/><D125/><U63/><E130/><V26/><F1/><W83/><G33/><T39/><D39/><U56/><E31/><N who="3" m="11818" /><G55/><T17/><D49/><U89/><E70/><V29/><F64/><W129/><G58/><T44/><D44/><U86/><E42/><N who="3" m="16490" /><G129/><T22/><D69/><U43/><E43/><V61/><F46/><W90/><G90/><T121/><D121/><U68/><E68/><V97/><F34/><W101/><G101/><T106/><D106/><U91/><E50/><V8/><F26/><W102/><G102/><T48/><D48/><U0/><E0/><V107/><F61/><W100/><G100/><T4/><D131/><U77/><REACH who="1" step="1"/><E91/><REACH who="1" ten="245,191,309,245" step="2"/><V12/><F115/><W118/><G118/><T103/><D103/><U45/><E45/><V47/><F114/><W15/><G15/><T108/><D108/><U79/><E79/><V88/><F47/><W6/><G6/><AGARI ba="0,1" hai="6,9,13,54,56,63,65,67,73,77,81,86,89,93" machi="6" ten="30,7700,0" yaku="1,1,7,1,52,1,53,1" doraHai="104" doraHaiUra="3" who="1" fromWho="3" sc="245,0,191,87,309,0,245,-77" />
</Scene>
<Scene>
<INIT seed="3,0,0,5,1,102" ten="245,278,309,168" oya="3" hai0="70,29,89,111,40,77,95,46,129,27,103,63,107" hai1="43,109,65,80,122,37,92,45,86,100,115,1,44" hai2="108,82,98,85,117,75,112,31,101,18,39,14,42" hai3="34,50,23,94,83,87,35,96,119,52,132,113,88"/><W99/><G119/><T51/><D129/><U57/><E122/><V131/><F117/><W6/><G113/><T118/><D111/><U48/><E115/><V91/><F131/><W15/><G132/><T126/><D77/><U8/><E109/><V49/><F108/><W97/><G83/><T116/><D126/><U64/><E57/><V62/><F112/><W38/><G38/><T22/><D70/><U79/><E100/><V134/><F134/><W90/><G90/><T12/><D63/><U68/><E92/><V21/><F75/><W125/><G125/><T76/><D76/><U73/><E68/><V32/><F39/><W72/><G72/><T66/><D66/><U20/><E20/><V128/><F128/><W78/><G78/><T133/><D133/><U13/><E1/><V30/><F32/><W0/><G0/><T17/><D107/><U55/><E73/><V60/><F42/><W59/><G6/><T123/><D103/><U74/><REACH who="1" step="1"/><E74/><REACH who="1" ten="245,268,309,168" step="2"/><V106/><F106/><W61/><REACH who="3" step="1"/><G61/><REACH who="3" ten="245,268,309,158" step="2"/><T110/><D110/><U26/><E26/><V9/><F60/><W54/><G54/><T81/><D123/><U53/><E53/><V47/><F62/><W121/><G121/><T36/><D118/><U16/><AGARI ba="0,2" hai="8,13,16,37,43,44,45,48,55,64,65,79,80,86" machi="16" ten="20,5200,0" yaku="1,1,0,1,7,1,54,1,53,0" doraHai="102" doraHaiUra="56" who="1" fromWho="1" sc="245,-13,268,72,309,-13,158,-26" owari="232,-17.0,340,44.0,296,10.0,132,-37.0" />
</Scene>
</mjloggm>