<mjloggm ver="2.3"><GO type="225"/><UN n0="%E6%AD%A6%E5%A3%AB%E6%B2%A2%E7%A7%80%E8%A1%8C" n1="%E3%82%AF%E3%83%9E%E3%83%89" n2="%E5%A4%AA%E3%81%8F%E3%81%AA%E3%81%84%E3%81%8A" n3="%72%61%72%61%70%70%65" dan="16,16,16,16" rate="2103,2075,2073,2110" sx="M,M,M,M"/><TAIKYOKU oya="0"/>

<Scene>
<INIT seed="0,0,0,2,3,87" ten="250,250,250,250" oya="0" hai0="125,78,8,6,43,115,121,35,112,95,15,56,50" hai1="0,69,30,97,104,82,22,46,32,123,88,21,133" hai2="13,130,23,54,37,116,28,92,20,90,120,119,93" hai3="71,49,111,106,47,10,70,59,18,34,27,51,126"/><T122/><D35/><U103/><E123/><V41/><F120/><W19/><G106/><T4/><D122/><U7/><E133/><V31/><F130/><W2/><G126/><T16/><D121/><U102/><E102/><V114/><F114/><W68/><G111/><T53/><D125/><U36/><E0/><V29/><F54/><W118/><G118/><N who="2" m="45097" /><F13/><W58/><G49/><T86/><D43/><U65/><E7/><N who="0" m="2601" /><D112/><U101/><E101/><V128/><F128/><W100/><G100/><T45/><D115/><U79/><E36/><V107/><F107/><W75/><G75/><T63/><D78/><U60/><E46/><N who="2" m="23855" /><F93/><W96/><G2/><T76/><D76/><U42/><E42/><V129/><F129/><W127/><G127/><T110/><D110/><U57/><E57/><V74/><F74/><W84/><G59/><T52/><D95/><U98/><E79/><V85/><AGARI ba="0,0" hai="20,23,28,29,31,85,90,92" m="23855,45097" machi="85" ten="30,2000,0" yaku="12,1,52,1" doraHai="87" who="2" fromWho="2" sc="250,-10,250,-5,250,20,250,-5" />
</Scene>
<Scene>
<INIT seed="1,0,0,1,0,17" ten="240,245,270,245" oya="1" hai0="95,48,11,27,121,4,105,89,94,102,71,6,111" hai1="59,82,135,30,55,107,122,92,1,106,67,19,32" hai2="116,22,86,69,21,127,25,42,91,47,114,125,28" hai3="5,12,112,26,104,72,131,115,108,97,23,124,29"/><U99/><E122/><V37/><F116/><W53/><G72/><T38/><D121/><U128/><E128/><V132/><F69/><W96/><G131/><T64/><D38/><U7/><E135/><V93/><F132/><W126/><G108/><T39/><D39/><U74/><E67/><V79/><F114/><N who="3" m="43563" /><G104/><T120/><D120/><U15/><E7/><V56/><F79/><W113/><G53/><T52/><D111/><U103/><E1/><V41/><F41/><W16/><G5/><T66/><D105/><U70/><E70/><V8/><F8/><N who="3" m="6151" /><G113/><T73/><D73/><U35/><E74/><V80/><F80/><W20/><G97/><N who="0" m="59703" /><D71/><U76/><E76/><V133/><F133/><W118/><G96/><N who="0" m="57455" /><D6/><U54/><E82/><V14/><F56/><W51/><G118/><T18/><D4/><U134/><E134/><V100/><F100/><W33/><G51/><T50/><D48/><U123/><E123/><V85/><F85/><W40/><G40/><T88/><D88/><U119/><E119/><V36/><F37/><W81/><G81/><T9/><D9/><U63/><E107/><V31/><F14/><W57/><G57/><N who="0" m="32919" /><D27/><AGARI ba="0,0" hai="21,22,25,27,28,31,36,42,47,86,91,93,125,127" machi="27" ten="40,5200,0" yaku="9,1,52,2" doraHai="17" who="2" fromWho="0" sc="240,-52,245,0,270,52,245,0" />
</Scene>
<Scene>
<INIT seed="2,0,0,3,0,50" ten="188,245,322,245" oya="2" hai0="124,16,4,110,10,19,6,123,112,127,83,41,62" hai1="20,105,125,130,3,106,82,134,80,68,88,5,29" hai2="60,115,114,53,64,56,39,36,97,87,72,47,48" hai3="119,21,33,129,92,17,102,85,49,31,0,2,113"/><V8/><F72/><W81/><G119/><T71/><D123/><U30/><E68/><N who="2" m="41991" /><F87/><W66/><G66/><T44/><D112/><N who="2" m="43050" /><F97/><W65/><G65/><N who="0" m="41399" /><D83/><U28/><E3/><V103/><F8/><W11/><G113/><T86/><D86/><U58/><E5/><V95/><F95/><W89/><G33/><T9/><D9/><U32/><E32/><V122/><F103/><W38/><G38/><N who="2" m="14377" /><F122/><W76/><G31/><T45/><D10/><U109/><E20/><V91/><F91/><W111/><G11/><T27/><D4/><U93/><E30/><V84/><F84/><W75/><G102/><T104/><D6/><U108/><E93/><V133/><F133/><W79/><G2/><T18/><D104/><U14/><E14/><V67/><F67/><W63/><G0/><T132/><D27/><U34/><E34/><V55/><F56/><W107/><G76/><T25/><D132/><U128/><E88/><V26/><F26/><W12/><G107/><T22/><D25/><U59/><E134/><V77/><F77/><W57/><G79/><T120/><D22/><U118/><E118/><V96/><F96/><W99/><G99/><T94/><D94/><U98/><E98/><V131/><F131/><W69/><G129/><T126/><D19/><U54/><E130/><V90/><F90/><W70/><G92/><T35/><D18/><U101/><E128/><V100/><F100/><W52/><G75/><T73/><D16/><U24/><E101/><V51/><F51/><W37/><G37/><T78/><D73/><U1/><E24/><V135/><F48/><RYUUKYOKU ba="0,0" sc="188,0,245,0,322,0,245,0" />
</Scene>
<Scene>
<INIT seed="3,1,0,2,4,116" ten="188,245,322,245" oya="3" hai0="50,89,39,5,40,125,16,67,92,69,73,2,123" hai1="34,128,27,74,109,68,0,71,25,41,8,94,81" hai2="86,35,124,114,70,22,14,80,57,19,64,12,7" hai3="72,82,20,51,24,117,85,10,87,58,1,66,77"/><W63/><G117/><T83/><D125/><U17/><E128/><V126/><F114/><W78/><G78/><T38/><D5/><U106/><E106/><V59/><F35/><W3/><G51/><T31/><D2/><U76/><E109/><V44/><F44/><W11/><G3/><T47/><D31/><U120/><E120/><V28/><F28/><W13/><G1/><T4/><D4/><U52/><E27/><V18/><F7/><W88/><G72/><T97/><D67/><U65/><E65/><V98/><F98/><W30/><G13/><T112/><D69/><U23/><E41/><V56/><F70/><W103/><G103/><T101/><D112/><U84/><E34/><V9/><F64/><W26/><G26/><T60/><D60/><U21/><E21/><V111/><F111/><W45/><G45/><T121/><D16/><U33/><E33/><V100/><F100/><W49/><G49/><T43/><D43/><U91/><E8/><V62/><F62/><W95/><AGARI ba="1,0" hai="10,11,20,24,30,58,63,66,77,82,85,87,88,95" machi="95" ten="20,7800,0" yaku="0,1,7,1,8,1,54,1" doraHai="116" who="3" fromWho="3" sc="188,-27,245,-27,322,-27,245,81" owari="161,-34.0,218,-18.0,295,10.0,326,42.0" />
</Scene>
</mjloggm>