<mjloggm ver="2.3"><GO type="169" lobby="0"/><UN n0="%E5%A4%AA%E3%81%8F%E3%81%AA%E3%81%84%E3%81%8A" n1="%E5%AF%BE%E5%AD%90%E3%81%AE%E7%8E%8B%E6%A7%98" n2="%E6%B0%97%E6%A5%BD%E3%81%AB%E6%89%93%E3%81%A4" n3="%E5%A4%A9%E7%A9%BA%E3%81%AE%E7%99%BD%E3%82%82%E3%82%93%E3%81%9F" dan="17,17,16,16" rate="2158.68,2163.15,2144.75,2111.97" sx="M,M,M,F"/><TAIKYOKU oya="0"/>

<Scene>
<INIT seed="0,0,0,1,4,50" ten="250,250,250,250" oya="0" hai0="11,13,23,44,60,1,102,84,85,2,3,10,100" hai1="58,0,89,39,26,55,7,52,31,47,74,115,54" hai2="5,72,21,68,48,91,34,112,20,98,86,128,110" hai3="127,124,43,121,82,114,120,134,113,56,87,116,69"/><T108/><D108/><U109/><E74/><V93/><F112/><N who="3" m="43115" /><G69/><T78/><D60/><U61/><E115/><V16/><F110/><W117/><G43/><T132/><D132/><U9/><E109/><V59/><F34/><W122/><G56/><T45/><D23/><U71/><E71/><V19/><F72/><W62/><G62/><T103/><D78/><U22/><REACH who="1" step="1"/><E89/><REACH who="1" ten="250,240,250,250" step="2"/><N who="2" m="55599" /><F68/><W104/><G134/><T42/><D42/><AGARI ba="0,1" hai="0,7,9,22,26,31,39,42,47,52,54,55,58,61" machi="42" ten="40,16000,3" yaku="1,1,52,3,54,1,53,3" doraHai="50" doraHaiUra="51" who="1" fromWho="0" sc="250,-160,240,170,250,0,250,0" />
</Scene>
<Scene>
<INIT seed="1,0,0,1,4,121" ten="90,410,250,250" oya="1" hai0="0,66,85,24,101,28,115,128,44,119,62,96,23" hai1="29,79,6,116,51,83,81,46,13,95,106,99,76" hai2="73,129,54,30,118,9,107,134,122,48,11,86,32" hai3="39,127,74,94,5,43,124,1,42,87,123,57,36"/><U82/><E116/><V31/><F122/><W68/><G68/><T19/><D119/><U45/><E106/><V25/><F118/><W90/><G123/><T40/><D128/><U38/><E38/><V117/><F117/><W113/><G74/><T130/><D130/><U108/><E29/><V37/><F129/><W59/><G113/><T8/><D115/><U84/><E108/><V53/><F73/><W97/><G5/><T70/><D85/><U20/><E79/><V104/><F37/><W131/><G1/><T72/><D72/><U77/><E77/><V109/><F134/><W58/><G131/><T50/><D0/><U14/><E14/><V35/><F86/><W47/><G87/><T60/><D60/><U27/><E27/><V17/><F25/><W110/><G110/><T126/><D126/><U18/><E6/><V21/><F21/><W105/><G105/><T112/><D112/><U120/><E120/><V22/><F22/><W16/><G16/><T55/><D8/><U64/><E64/><V26/><F26/><W100/><G100/><T15/><D40/><N who="1" m="24999" /><E46/><AGARI ba="0,0" hai="36,39,42,43,46,47,57,58,59,90,94,97,124,127" machi="46" ten="40,1300,0" yaku="9,1" doraHai="121" who="3" fromWho="1" sc="90,0,410,-13,250,0,250,13" />
</Scene>
<Scene>
<INIT seed="2,0,0,3,1,91" ten="90,397,250,263" oya="2" hai0="102,36,135,134,78,34,111,89,120,122,9,69,40" hai1="90,133,28,10,12,123,25,64,5,27,119,19,126" hai2="100,55,58,39,50,22,57,14,81,117,32,116,96" hai3="62,68,86,79,15,125,76,21,83,92,80,109,53"/><V35/><F39/><W33/><G33/><T47/><D34/><U11/><E119/><V60/><F81/><W59/><G68/><T130/><D69/><U128/><E128/><V104/><F32/><W17/><G125/><T85/><D130/><U20/><E126/><V52/><REACH who="2" step="1"/><F35/><REACH who="2" ten="90,397,240,263" step="2"/><W129/><G129/><T94/><D122/><U112/><E123/><V113/><F113/><W101/><G109/><T87/><D120/><U37/><E37/><V95/><F95/><W7/><G83/><T110/><D111/><U23/><E112/><V124/><F124/><W132/><G132/><T38/><D110/><U107/><E133/><V115/><F115/><W118/><G118/><T24/><D36/><U51/><E107/><V29/><F29/><W131/><G131/><T3/><D135/><U16/><E90/><V74/><F74/><W88/><G7/><T46/><D134/><U30/><E5/><V72/><F72/><W97/><AGARI ba="0,1" hai="15,17,21,53,59,62,76,79,80,86,88,92,97,101" machi="97" ten="30,7900,0" yaku="0,1,8,1,52,1,54,1" doraHai="91" who="3" fromWho="3" sc="90,-20,397,-20,240,-39,263,89" />
</Scene>
<Scene>
<INIT seed="3,0,0,5,1,122" ten="70,377,201,352" oya="3" hai0="110,65,93,42,75,72,87,78,74,134,62,55,47" hai1="107,49,113,108,22,41,7,98,91,64,86,33,111" hai2="58,59,46,114,25,135,79,44,120,69,126,68,20" hai3="5,24,82,11,54,112,2,118,60,106,125,66,26"/><W45/><G118/><T99/><D134/><U116/><E33/><V104/><F104/><W101/><G112/><T43/><D55/><U36/><E113/><V17/><F114/><W92/><G106/><T83/><D110/><N who="1" m="42027" /><E116/><V1/><F135/><W52/><G82/><T95/><D99/><U109/><E109/><V4/><F120/><W16/><G125/><T40/><REACH who="0" step="1"/><D47/><REACH who="0" ten="60,377,201,352" step="2"/><N who="1" m="23975" /><E64/><V121/><F121/><W3/><G45/><T39/><D39/><U77/><E98/><V119/><F119/><W27/><G66/><T31/><D31/><U8/><E107/><V81/><F126/><W71/><G54/><T13/><D13/><N who="1" m="5279" /><E49/><V127/><F127/><W133/><G133/><T30/><D30/><U23/><E77/><V131/><F79/><W48/><G48/><T89/><D89/><U103/><E103/><V105/><F105/><W19/><G101/><T34/><D34/><U90/><E91/><V56/><F44/><W115/><G115/><T10/><D10/><U63/><E63/><V6/><F46/><W80/><G11/><T9/><D9/><U132/><E132/><V76/><F6/><W14/><G5/><T85/><D85/><U35/><E35/><V84/><F4/><W50/><G50/><T12/><D12/><U73/><E73/><V70/><REACH who="2" step="1"/><F1/><REACH who="2" ten="60,377,191,352" step="2"/><W124/><G3/><T100/><D100/><U129/><E129/><AGARI ba="0,2" hai="17,20,25,56,58,59,68,69,70,76,81,84,129,131" machi="129" ten="50,3200,0" yaku="1,1,2,1,53,0" doraHai="122" doraHaiUra="117" who="2" fromWho="1" sc="60,0,377,-32,191,52,352,0" />
</Scene>
<Scene>
<INIT seed="4,0,0,5,4,94" ten="60,345,243,352" oya="0" hai0="93,54,86,103,70,44,40,9,42,130,125,30,62" hai1="123,131,35,38,66,83,122,116,87,13,10,39,101" hai2="67,49,53,85,46,19,17,95,4,108,68,56,133" hai3="134,21,74,5,36,7,29,22,90,52,120,99,34"/><T76/><D130/><U107/><E116/><V37/><F108/><W43/><G74/><T112/><D112/><U97/><E35/><V121/><F121/><W104/><G120/><T110/><D110/><U118/><E118/><V58/><F133/><W50/><G134/><T8/><D125/><U135/><E135/><V71/><F4/><W114/><G34/><T2/><D30/><U47/><E131/><V51/><F85/><W63/><G36/><T64/><D54/><U88/><E39/><V115/><F115/><W78/><G78/><T77/><D40/><U41/><REACH who="1" step="1"/><E66/><REACH who="1" ten="60,335,243,352" step="2"/><V124/><F67/><W69/><G114/><T61/><D61/><U102/><E102/><V129/><F37/><W82/><G63/><T126/><D126/><U27/><E27/><V81/><F124/><W3/><G3/><T128/><D128/><U25/><E25/><V113/><F129/><W11/><G29/><T55/><D2/><U48/><E48/><V33/><F33/><W75/><G50/><T106/><D103/><U0/><E0/><V119/><F119/><W79/><G43/><T80/><D42/><U92/><E92/><V100/><F95/><W26/><G26/><T65/><D93/><U20/><E20/><V73/><F113/><W60/><G22/><T28/><D65/><U15/><E15/><V57/><F100/><W45/><G21/><T23/><D23/><U14/><E14/><V127/><F127/><W109/><G109/><T6/><D64/><U111/><E111/><V96/><F51/><W105/><G60/><T117/><D117/><U84/><E84/><RYUUKYOKU ba="0,1" sc="60,-10,335,30,243,-10,352,-10" hai1="10,13,38,41,47,83,87,88,97,101,107,122,123" />
</Scene>
<Scene>
<INIT seed="5,1,1,2,5,88" ten="50,365,233,342" oya="1" hai0="108,79,122,85,44,81,133,57,116,130,5,52,118" hai1="8,46,70,6,128,17,28,38,75,35,40,3,132" hai2="1,67,14,54,123,100,7,102,74,113,10,24,30" hai3="90,73,69,107,33,106,80,86,135,105,112,11,103"/><U16/><E70/><V42/><F123/><W83/><G33/><T131/><D108/><U31/><E132/><V0/><F74/><W4/><G69/><T109/><D109/><U43/><E43/><V25/><F67/><W82/><G11/><T124/><D133/><U91/><E91/><V32/><F113/><W47/><G47/><T41/><D122/><U22/><E128/><N who="0" m="49193" /><D5/><U26/><E75/><V121/><F121/><W29/><G4/><T48/><D124/><U110/><E110/><V96/><F42/><W64/><G64/><T115/><D115/><U56/><E56/><V15/><F15/><W71/><G71/><T94/><D94/><U2/><E2/><V119/><F119/><W18/><G18/><T76/><D76/><U77/><REACH who="1" step="1"/><E77/><REACH who="1" ten="50,355,233,342" step="2"/><V23/><F102/><W20/><G135/><T45/><D45/><U39/><E39/><AGARI ba="1,2" hai="39,41,44,48,52,57,79,81,85,116,118" m="49193" machi="39" ten="30,2000,0" yaku="19,1,54,1" doraHai="88" who="0" fromWho="1" sc="50,43,355,-23,233,0,342,0" />
</Scene>
<Scene>
<INIT seed="6,0,0,1,5,39" ten="93,332,233,342" oya="2" hai0="52,60,42,33,130,17,35,71,122,115,18,63,34" hai1="75,76,57,48,64,89,45,25,24,43,95,68,80" hai2="66,36,91,111,90,127,84,135,29,99,40,58,31" hai3="30,124,49,9,106,109,105,65,67,88,53,100,54"/><V113/><F113/><W13/><G109/><T92/><D122/><U6/><E68/><V112/><F112/><W27/><G124/><T83/><D115/><U134/><E134/><V47/><F127/><W87/><G106/><T86/><D130/><U5/><E64/><V101/><F135/><W0/><G0/><T56/><D92/><U62/><E62/><V61/><F111/><W85/><G85/><T93/><D93/><U2/><E57/><V8/><F8/><W37/><G37/><T21/><D21/><U46/><E5/><V132/><F132/><W120/><G54/><T77/><REACH who="0" step="1"/><D42/><REACH who="0" ten="83,332,233,342" step="2"/><U119/><E43/><V78/><F78/><W22/><G120/><T133/><D133/><U117/><E95/><V81/><REACH who="2" step="1"/><F91/><REACH who="2" ten="83,332,223,342" step="2"/><W32/><G88/><T97/><D97/><U74/><E89/><V102/><F102/><W23/><G100/><T38/><D38/><U126/><E76/><V121/><F121/><W69/><G9/><T82/><D82/><U16/><E80/><V103/><F103/><W3/><G105/><AGARI ba="0,2" hai="29,31,36,40,47,58,61,66,81,84,90,99,101,105" machi="105" ten="30,11600,0" yaku="1,1,7,1,52,1,53,1" doraHai="39" doraHaiUra="59" who="2" fromWho="3" sc="83,0,332,0,223,136,342,-116" />
</Scene>
<Scene>
<INIT seed="6,1,0,4,4,26" ten="83,332,359,226" oya="2" hai0="1,55,4,77,56,65,118,46,113,43,103,17,9" hai1="73,114,86,3,68,19,93,49,129,12,24,99,122" hai2="69,25,29,111,33,82,127,31,112,124,76,71,135" hai3="23,54,84,2,98,123,30,45,16,5,115,90,64"/><V83/><F112/><W47/><G123/><T59/><D113/><U41/><E114/><V78/><F135/><W106/><G115/><T92/><D118/><U57/><E68/><V44/><F44/><N who="3" m="16971" /><G64/><T102/><D77/><U104/><E41/><V27/><REACH who="2" step="1"/><F33/><REACH who="2" ten="83,332,349,226" step="2"/><W40/><G40/><T18/><D43/><U61/><E122/><V62/><F62/><W79/><G2/><T109/><D46/><U15/><E61/><V80/><F80/><W42/><G42/><T13/><D1/><U34/><E3/><V66/><F66/><W21/><G54/><T119/><D65/><U6/><E34/><V14/><F14/><W48/><G48/><T11/><D55/><U132/><E15/><V108/><AGARI ba="1,1" hai="25,27,29,31,69,71,76,78,82,83,108,111,124,127" machi="108" ten="25,18000,2" yaku="1,1,0,1,22,2,52,2,53,0" doraHai="26" doraHaiUra="28" who="2" fromWho="2" sc="83,-61,332,-61,349,193,226,-61" />
</Scene>
<Scene>
<INIT seed="6,2,0,5,4,30" ten="22,271,542,165" oya="2" hai0="101,19,52,107,129,10,60,15,85,25,23,8,89" hai1="90,106,38,76,12,3,20,1,116,119,22,57,67" hai2="56,58,26,115,41,134,82,88,97,7,31,37,96" hai3="44,135,86,133,92,87,16,33,14,95,69,79,98"/><V110/><F115/><W51/><G69/><T94/><D129/><U127/><E106/><V123/><F123/><W46/><G33/><T75/><D75/><U5/><E38/><V104/><F134/><N who="3" m="51211" /><G79/><T61/><D107/><U71/><E71/><V105/><F110/><W93/><G98/><T74/><D74/><U113/><E76/><V59/><F7/><W13/><G13/><T121/><D121/><U130/><E90/><V103/><F37/><W6/><G6/><T83/><D10/><N who="1" m="4175" /><E57/><V24/><F41/><N who="3" m="24975" /><G46/><T122/><D122/><U35/><E67/><V9/><F9/><AGARI ba="2,0" hai="9,14,16,86,87,92,93,95" m="24975,51211" machi="9" ten="30,2000,0" yaku="20,1,54,1" doraHai="30" who="3" fromWho="2" sc="22,0,271,0,542,-26,165,26" />
</Scene>
<Scene>
<INIT seed="7,0,0,1,3,48" ten="22,271,516,191" oya="3" hai0="30,15,103,92,106,40,91,12,110,41,129,14,99" hai1="111,0,46,122,87,27,20,67,88,102,115,132,70" hai2="109,9,59,76,3,49,90,85,98,79,84,60,133" hai3="55,63,37,94,4,120,83,128,22,75,38,58,19"/><W127/><G120/><T93/><D110/><U114/><E111/><V26/><F109/><W25/><G127/><T123/><D123/><U124/><E122/><V64/><F133/><W65/><G128/><T17/><D129/><U50/><E132/><V74/><F74/><W2/><G94/><T71/><D71/><U119/><E119/><V39/><F39/><W72/><G75/><T42/><D30/><U130/><E130/><V13/><F3/><W61/><G2/><T89/><REACH who="0" step="1"/><D17/><REACH who="0" ten="12,271,516,191" step="2"/><U117/><E117/><V95/><F26/><W82/><G72/><T134/><D134/><U112/><E124/><V43/><F43/><W24/><G24/><T107/><D107/><U51/><E70/><V80/><F49/><W23/><G38/><T131/><D131/><U73/><E73/><V45/><F45/><W53/><G37/><T105/><D105/><U11/><E51/><V44/><F44/><W6/><G19/><T126/><D126/><U52/><E67/><V18/><F85/><W104/><G25/><T118/><D118/><U66/><E66/><V34/><F34/><W5/><G104/><T78/><D78/><AGARI ba="0,1" hai="9,13,18,59,60,64,76,78,79,80,84,90,95,98" machi="78" ten="30,2000,0" yaku="7,1,8,1" doraHai="48" who="2" fromWho="0" sc="12,-20,271,0,516,30,191,0" owari="-8,-51.0,271,7.0,546,65.0,191,-21.0" />
</Scene>
</mjloggm>