<mjloggm ver="2.3"><GO type="193"/><UN n0="%E5%A4%AA%E3%81%8F%E3%81%AA%E3%81%84%E3%81%8A" n1="%E3%81%8F%E3%82%8B%E3%81%BE%E3%81%A0%E3%82%93%E3%81%8D%E3%81%A1" n2="%E3%81%A8%E3%82%93%E3%81%A7%E3%81%AA%E3%81%84%E3%81%99" n3="%EF%BD%8B%EF%BD%84%EF%BD%88%EF%BD%88%EF%BD%86%EF%BD%84%EF%BD%93%EF%BD%86" dan="11,12,12,12" rate="1791,1892,1932,1692" sx="M,M,F,M"/><TAIKYOKU oya="0"/>

<Scene>
<INIT seed="0,0,0,5,2,93" ten="250,250,250,250" oya="0" hai0="16,1,3,28,109,111,104,125,92,7,6,110,98" hai1="97,42,31,29,121,26,117,106,115,64,36,33,96" hai2="83,79,123,101,14,113,82,114,63,59,124,89,20" hai3="13,118,122,102,0,11,45,134,73,71,131,87,94"/><T60/><D28/><U103/><E121/><V66/><F123/><W55/><G102/><N who="0" m="62551" /><D125/><U91/><E117/><V78/><F124/><W77/><G94/><T127/><D127/><U57/><E115/><V105/><F89/><W5/><G87/><T76/><D76/><U2/><E2/><N who="0" m="521" /><D60/><U107/><E57/><V38/><F38/><W15/><G118/><T17/><D92/><U56/><E56/><V65/><F65/><W129/><G122/><T130/><D130/><U8/><E8/><V116/><F116/><W108/><G71/><T68/><D68/><U43/><E64/><V119/><F119/><W40/><G55/><T54/><D54/><U48/><E48/><V44/><F44/><W99/><G134/><T75/><D75/><U35/><E91/><V18/><F82/><W12/><G99/><T30/><D30/><U112/><E112/><V80/><F83/><W51/><G108/><T126/><D126/><U34/><E31/><V135/><F79/><W53/><G53/><T4/><AGARI ba="0,0" hai="4,6,7,16,17,109,110,111" m="521,62551" machi="4" ten="40,12000,1" yaku="14,1,10,1,52,1,54,1" doraHai="93" who="0" fromWho="0" sc="250,120,250,-40,250,-40,250,-40" />
</Scene>
<Scene>
<INIT seed="0,1,0,0,2,107" ten="370,210,210,210" oya="0" hai0="103,128,119,121,100,76,34,89,29,61,133,96,11" hai1="73,97,52,81,126,80,104,4,27,71,37,85,90" hai2="6,113,48,74,60,99,110,106,7,31,109,112,62" hai3="130,98,47,0,53,79,84,36,16,54,129,15,118"/><T32/><D121/><U44/><E71/><V59/><F106/><W67/><G0/><T5/><D119/><U69/><E69/><V2/><F99/><W14/><G118/><T66/><D128/><U123/><E123/><V72/><F31/><W19/><G67/><T82/><D133/><U41/><E126/><V57/><F48/><W111/><G98/><T75/><D89/><U22/><E4/><V127/><REACH who="2" step="1"/><F2/><REACH who="2" ten="370,210,200,210" step="2"/><W51/><G36/><T49/><D49/><U68/><E68/><V46/><F46/><W92/><G111/><T101/><D96/><U108/><E108/><V91/><F91/><W124/><G130/><T43/><D29/><U134/><E134/><V56/><F56/><W116/><G129/><T30/><D30/><U77/><E104/><V95/><F95/><W102/><G102/><T18/><D103/><U23/><E97/><V132/><F132/><W40/><G51/><T8/><D100/><U122/><E122/><V87/><F87/><W93/><G47/><T1/><D101/><U58/><E27/><V21/><F21/><W125/><G84/><T120/><D120/><U38/><E38/><V12/><F12/><W17/><G79/><T3/><D76/><U50/><AGARI ba="1,1" hai="22,23,37,41,44,50,52,58,73,77,80,81,85,90" machi="50" ten="20,5200,0" yaku="0,1,7,1,52,1,54,1" doraHai="107" who="1" fromWho="1" sc="370,-27,210,65,200,-14,210,-14" />
</Scene>
<Scene>
<INIT seed="1,0,0,4,5,93" ten="343,275,186,196" oya="1" hai0="50,35,86,55,96,115,90,32,113,28,42,33,72" hai1="65,5,85,82,106,84,0,103,107,78,4,101,23" hai2="125,25,21,34,20,73,127,81,100,38,64,69,43" hai3="122,123,52,110,46,13,30,61,31,17,15,104,105"/><U128/><E65/><V133/><F69/><W10/><G110/><T95/><D72/><U16/><E128/><V6/><F64/><W48/><G105/><T118/><D118/><U92/><E0/><V112/><F38/><W59/><G104/><T22/><D42/><U8/><E107/><V120/><F43/><W40/><G123/><T87/><D28/><U39/><E39/><V47/><F73/><W66/><G122/><T51/><D22/><U56/><E106/><V11/><F47/><W99/><G15/><T77/><D50/><U19/><E56/><V27/><F81/><W70/><REACH who="3" step="1"/><G99/><REACH who="3" ten="343,275,186,186" step="2"/><T129/><D129/><U80/><E8/><V124/><F120/><W102/><G102/><N who="1" m="38922" /><E92/><V63/><F100/><W44/><G44/><T111/><D111/><U98/><E98/><V29/><F112/><W41/><G41/><T131/><D131/><U67/><E67/><V14/><F63/><AGARI ba="0,1" hai="10,13,17,30,31,40,46,48,52,59,61,63,66,70" machi="63" ten="30,7700,0" yaku="1,1,7,1,54,1,53,1" doraHai="93" doraHaiUra="9" who="3" fromWho="2" sc="343,0,275,0,186,-77,186,87" />
</Scene>
<Scene>
<INIT seed="2,0,0,1,0,116" ten="343,275,109,273" oya="2" hai0="40,11,106,83,7,118,77,60,70,72,100,86,128" hai1="37,122,87,109,76,48,16,120,90,8,108,50,35" hai2="9,15,117,107,66,52,101,105,130,55,3,2,5" hai3="133,132,51,4,134,73,64,80,111,49,129,42,39"/><V24/><F117/><W114/><G4/><T115/><D118/><U124/><E37/><V32/><F2/><W93/><G93/><T20/><D115/><U98/><E35/><V18/><F66/><W13/><G13/><T30/><D128/><U19/><E76/><V121/><F130/><W112/><G80/><T69/><D40/><U12/><E98/><V94/><F121/><N who="1" m="46697" /><E124/><V67/><F67/><W123/><G73/><T47/><D47/><U96/><E96/><V91/><F101/><W54/><G123/><T85/><D100/><U119/><E119/><V1/><F1/><W65/><G129/><T71/><D106/><U89/><E19/><V88/><F91/><N who="1" m="34825" /><E87/><V79/><F79/><W25/><G25/><T31/><D85/><U61/><E61/><V103/><F103/><W6/><G6/><T0/><D60/><U43/><E43/><V29/><F107/><W110/><G39/><T97/><D97/><U104/><E104/><V21/><F105/><W38/><G38/><T81/><D86/><AGARI ba="0,0" hai="3,5,9,15,18,21,24,29,32,52,55,86,88,94" machi="86" ten="30,12000,1" yaku="7,1,24,2,54,2" doraHai="116" who="2" fromWho="0" sc="343,-120,275,0,109,120,273,0" />
</Scene>
<Scene>
<INIT seed="2,1,0,0,0,17" ten="223,275,229,273" oya="2" hai0="69,79,44,102,83,46,21,120,111,80,125,95,67" hai1="76,20,129,99,33,7,97,53,92,63,11,10,103" hai2="23,88,130,89,86,105,78,4,90,126,34,77,68" hai3="117,5,3,31,36,37,72,56,42,66,133,61,116"/><V27/><F68/><W71/><G133/><T119/><D120/><U14/><E33/><V118/><F34/><W85/><G85/><T12/><D111/><U84/><E129/><V110/><F105/><W123/><G123/><T26/><D125/><U104/><E104/><V18/><F126/><W98/><G98/><N who="0" m="59743" /><D69/><U122/><E122/><V109/><F118/><W94/><G94/><T6/><D67/><U132/><E132/><V25/><F130/><W40/><G31/><N who="0" m="17871" /><D119/><U45/><E99/><V115/><F115/><W62/><G72/><T135/><D135/><U8/><E76/><V106/><F106/><W15/><G15/><T87/><D83/><U41/><E84/><V16/><F4/><W70/><G5/><T127/><D127/><U100/><E100/><V113/><F113/><W51/><G3/><T47/><D47/><U35/><E35/><V50/><F50/><W124/><G124/><T81/><D81/><U28/><E41/><N who="3" m="15978" /><G117/><T38/><D38/><N who="3" m="14953" /><G116/><T58/><D58/><N who="1" m="35279" /><E45/><V54/><F54/><N who="3" m="31839" /><G66/><T107/><D107/><U29/><E7/><V128/><F86/><W112/><G112/><T64/><D64/><U13/><E13/><V2/><F2/><W0/><G0/><T93/><D93/><U55/><E55/><V65/><F65/><W57/><G71/><T134/><D134/><U49/><E49/><V19/><F128/><W24/><G70/><T52/><D52/><U121/><E121/><V101/><F101/><W32/><G57/><T131/><D131/><U75/><E75/><V74/><F74/><W59/><G59/><T1/><D1/><RYUUKYOKU ba="1,0" sc="223,10,275,10,229,-30,273,10" hai0="6,12,44,46,79,80,87" hai1="8,10,11,14,20,28,29,92,97,103" hai3="24,32,61,62" />
</Scene>
<Scene>
<INIT seed="3,2,0,3,2,127" ten="233,285,199,283" oya="3" hai0="41,58,10,20,98,39,2,119,31,45,79,29,80" hai1="113,67,77,61,54,123,107,78,44,47,42,102,13" hai2="108,66,104,40,126,36,91,5,19,103,37,125,4" hai3="116,60,55,97,118,50,89,122,124,43,28,1,100"/><W62/><G122/><T99/><D119/><U75/><E123/><V30/><F30/><N who="0" m="11274" /><D58/><U111/><E113/><V38/><F40/><W88/><G1/><T71/><D20/><U83/><E111/><V16/><F108/><W73/><G73/><N who="0" m="43119" /><D71/><U115/><E115/><V94/><F104/><W93/><G124/><N who="2" m="47721" /><F103/><W34/><G118/><T72/><D72/><U84/><E107/><V106/><F106/><W23/><G34/><T33/><D33/><U132/><E102/><V11/><F66/><W69/><G116/><T64/><D64/><U49/><E132/><V70/><F70/><W32/><G32/><T135/><D135/><U21/><E75/><V12/><F5/><AGARI ba="2,0" hai="2,5,10,39,41,45,98,99" m="43119,11274" machi="5" ten="30,1000,0" yaku="25,1" doraHai="127" who="0" fromWho="2" sc="233,16,285,0,199,-16,283,0" />
</Scene>
<Scene>
<INIT seed="4,0,0,3,1,88" ten="249,285,183,283" oya="0" hai0="43,29,14,57,84,35,120,121,19,23,50,135,98" hai1="67,104,79,133,15,49,108,111,40,110,126,0,101" hai2="60,103,100,9,12,64,8,118,80,21,71,42,99" hai3="13,122,68,83,96,87,127,105,30,63,36,22,78"/><T55/><D135/><U75/><E0/><V89/><F118/><W66/><G36/><T128/><D128/><U7/><E7/><V51/><F100/><W113/><G113/><T2/><D2/><U17/><E67/><V132/><F132/><W77/><G122/><T34/><D43/><U70/><E70/><V115/><F115/><W28/><G127/><T18/><D98/><U26/><E133/><V114/><F114/><W16/><REACH who="3" step="1"/><G78/><REACH who="3" ten="249,285,183,273" step="2"/><T117/><D117/><U72/><E126/><V123/><F123/><W73/><G73/><T95/><D121/><U6/><E79/><V20/><F8/><W48/><G48/><T5/><D50/><U27/><E75/><V52/><F42/><W53/><G53/><T59/><D55/><U41/><E72/><V74/><F74/><W91/><G91/><T11/><D120/><U25/><E49/><V93/><F89/><W116/><G116/><T107/><D11/><U109/><E41/><V90/><F90/><W1/><G1/><T47/><D84/><U82/><E40/><V86/><F86/><W119/><G119/><T69/><D47/><U38/><E38/><V44/><REACH who="2" step="1"/><F80/><REACH who="2" ten="249,285,173,273" step="2"/><W32/><G32/><T45/><D35/><U106/><E82/><V112/><F112/><W37/><G37/><T31/><D34/><U131/><N who="1" m="28160" /><DORA hai="92" /><U134/><E131/><V58/><F58/><W76/><G76/><T94/><D57/><U81/><E81/><V39/><F39/><W3/><G3/><T102/><D59/><U61/><E134/><V54/><F54/><W56/><G56/><T10/><D10/><RYUUKYOKU ba="0,2" sc="249,-15,285,-15,173,15,273,15" hai2="9,12,20,21,44,51,52,60,64,71,93,99,103" hai3="13,16,22,28,30,63,66,68,77,83,87,96,105" />
</Scene>
<Scene>
<INIT seed="5,1,2,1,5,3" ten="234,270,188,288" oya="1" hai0="131,35,111,36,74,17,127,27,135,126,19,62,42" hai1="95,58,110,119,89,59,48,32,76,83,120,65,53" hai2="40,26,72,115,118,33,133,121,122,28,73,29,34" hai3="2,86,82,52,22,132,80,117,101,49,128,31,103"/><U94/><E120/><V68/><F68/><W70/><G70/><T10/><D111/><U107/><E107/><V108/><F40/><W39/><G39/><T41/><D74/><N who="2" m="28778" /><F108/><W14/><G2/><T66/><D131/><U81/><E110/><V9/><F115/><W45/><G128/><T61/><D135/><U69/><E69/><V23/><F133/><W90/><G117/><T92/><D92/><N who="1" m="35371" /><E32/><N who="2" m="12395" /><F118/><W57/><G132/><T98/><D98/><U51/><E119/><V124/><F124/><N who="0" m="47658" /><D36/><U93/><E76/><V44/><F44/><W96/><G80/><N who="1" m="30794" /><E65/><V54/><F54/><W0/><G0/><T60/><D66/><U100/><E100/><V21/><F9/><W8/><G96/><T71/><D71/><U84/><E58/><V109/><F109/><W79/><G79/><T104/><D104/><U85/><E51/><V99/><F99/><AGARI ba="1,2" hai="48,53,59,84,85,89,93,99" m="30794,35371" machi="99" ten="30,1500,0" yaku="8,1" doraHai="3" who="1" fromWho="2" sc="234,0,270,38,188,-18,288,0" owari="234,-17.0,308,41.0,170,-33.0,288,9.0" />
</Scene>
</mjloggm>