<mjloggm ver="2.3"><GO type="225"/><UN n0="%E3%83%AF%E3%82%A4%E3%83%AB%E3%83%89" n1="%E7%82%BA%E5%A4%AA%E9%83%8E" n2="%E3%83%81%E3%83%A3%E3%82%AA%E3%83%AA" n3="%E5%A4%AA%E3%81%8F%E3%81%AA%E3%81%84%E3%81%8A" dan="16,16,16,16" rate="2109,2025,2059,2074" sx="M,M,M,M"/><TAIKYOKU oya="0"/>

<Scene>
<INIT seed="0,0,0,5,5,131" ten="250,250,250,250" oya="0" hai0="102,42,93,132,69,81,85,56,98,38,35,49,134" hai1="64,7,126,89,104,41,130,121,32,115,80,116,100" hai2="108,71,117,9,119,45,133,31,92,19,37,94,65" hai3="90,79,73,114,86,44,18,135,26,10,16,63,0"/><T96/><D69/><U127/><E130/><V24/><F108/><W36/><G114/><T84/><D35/><U11/><E115/><V57/><F71/><W59/><G26/><T128/><D128/><U4/><E121/><V95/><F133/><N who="0" m="51306" /><D38/><U106/><E116/><V6/><F19/><W47/><G73/><T55/><D42/><U118/><E118/><N who="2" m="45067" /><F57/><W97/><G59/><T74/><D98/><U123/><E4/><V13/><F65/><W105/><G97/><T52/><D55/><U22/><E64/><V14/><F37/><W111/><G36/><T23/><D23/><U27/><E41/><V109/><F45/><W88/><G47/><T43/><D43/><U17/><E100/><V1/><F109/><W68/><G44/><T50/><D50/><U58/><E123/><V39/><F39/><W120/><G111/><T51/><D51/><U62/><E58/><V34/><AGARI ba="0,0" hai="1,6,9,13,14,24,31,34,92,94,95" m="45067" machi="34" ten="30,1100,0" yaku="12,1" doraHai="131" who="2" fromWho="2" sc="250,-5,250,-3,250,11,250,-3" />
</Scene>
<Scene>
<INIT seed="1,0,0,4,4,6" ten="245,247,261,247" oya="1" hai0="109,32,117,104,8,97,54,38,46,65,73,16,74" hai1="88,41,102,44,81,68,113,58,18,35,91,7,11" hai2="40,48,61,66,13,23,115,15,60,4,19,98,133" hai3="50,20,21,125,105,93,87,24,108,94,111,128,70"/><U67/><E113/><V34/><F34/><W129/><G105/><T86/><D32/><U69/><E35/><V116/><F116/><W53/><G70/><T89/><D117/><U121/><E121/><V31/><F133/><W78/><G125/><T120/><D120/><U124/><E102/><V118/><F118/><W56/><G78/><T22/><D109/><N who="3" m="42057" /><G21/><T1/><D65/><U14/><E124/><V3/><F66/><W17/><G87/><T30/><D30/><U72/><E18/><V110/><F31/><W51/><G50/><T12/><D97/><U0/><E14/><V103/><F3/><W64/><G64/><T49/><D104/><U29/><E29/><V39/><F39/><W45/><G45/><T63/><D63/><U9/><E69/><V95/><F115/><W71/><G71/><T47/><D1/><U119/><E68/><V82/><F82/><W131/><AGARI ba="0,0" hai="17,20,24,51,53,56,93,94,128,129,131" m="42057" machi="131" ten="40,2700,0" yaku="19,1,14,1" doraHai="6" who="3" fromWho="3" sc="245,-7,247,-13,261,-7,247,27" />
</Scene>
<Scene>
<INIT seed="2,0,0,1,0,75" ten="238,234,254,274" oya="2" hai0="7,109,77,85,88,122,135,125,68,90,50,100,44" hai1="58,36,42,25,16,97,45,20,31,89,28,105,8" hai2="129,106,101,131,27,14,69,54,126,87,18,61,60" hai3="34,127,117,49,33,17,93,48,123,128,51,47,110"/><V10/><F126/><W73/><G123/><T41/><D68/><U120/><E120/><V9/><F69/><W37/><G117/><T118/><D122/><U40/><E40/><V6/><F54/><W5/><G73/><T26/><D125/><U59/><E31/><V57/><F57/><W79/><G127/><T103/><D118/><U39/><E39/><V30/><F87/><W3/><G110/><T38/><D109/><U65/><E65/><V23/><F101/><W1/><G128/><N who="2" m="49225" /><F106/><W70/><G70/><T55/><D135/><U72/><E72/><V24/><F24/><W22/><G93/><T108/><D108/><U102/><E89/><V29/><F29/><W82/><G47/><T2/><D7/><U80/><E80/><V67/><F67/><W13/><G37/><T19/><D2/><AGARI ba="0,0" hai="2,6,9,10,14,18,23,27,30,60,61" m="49225" machi="2" ten="30,1500,0" yaku="19,1" doraHai="75" who="2" fromWho="0" sc="238,-15,234,0,254,15,274,0" />
</Scene>
<Scene>
<INIT seed="2,1,0,2,0,86" ten="223,234,269,274" oya="2" hai0="101,28,20,68,111,24,15,74,60,52,49,120,19" hai1="80,23,14,96,128,99,35,0,69,3,125,79,31" hai2="117,53,105,78,70,37,6,124,134,87,130,47,84" hai3="46,42,113,39,1,132,16,67,56,36,18,4,55"/><V38/><F105/><W21/><G132/><T106/><D74/><U108/><E108/><V85/><F70/><W9/><G113/><T115/><D120/><U118/><E118/><V43/><F117/><W89/><G67/><T61/><D115/><U112/><E112/><V44/><F124/><W76/><G76/><T103/><D111/><U104/><E69/><V29/><F29/><W102/><G102/><T119/><D119/><U100/><E99/><V8/><F130/><W92/><G39/><T83/><D83/><U54/><E128/><V71/><F71/><W114/><G21/><T122/><D122/><U91/><E79/><V10/><F134/><W88/><G114/><T63/><D68/><U75/><E75/><V64/><F64/><W22/><G92/><T12/><D106/><U94/><E80/><V133/><F133/><W73/><G73/><T25/><D15/><U95/><E104/><V97/><F6/><W40/><G40/><T33/><REACH who="0" step="1"/><D12/><REACH who="0" ten="213,234,269,274" step="2"/><U72/><E72/><V13/><F13/><W98/><G1/><T2/><D2/><U109/><E109/><V50/><F78/><W121/><G121/><T135/><D135/><U32/><E0/><V127/><F127/><W66/><G4/><T58/><AGARI ba="1,1" hai="19,20,24,25,28,33,49,52,58,60,61,63,101,103" machi="58" ten="30,4000,0" yaku="1,1,0,1,54,1,53,0" doraHai="86" doraHaiUra="131" who="0" fromWho="0" sc="213,53,234,-11,269,-21,274,-11" />
</Scene>
<Scene>
<INIT seed="3,0,0,3,4,98" ten="266,223,248,263" oya="3" hai0="62,33,75,29,122,16,77,132,102,32,34,36,47" hai1="54,28,35,109,96,42,24,40,135,93,79,3,99" hai2="101,41,60,94,4,125,65,115,58,10,39,124,8" hai3="67,50,45,103,78,129,134,43,87,69,61,71,23"/><W131/><G134/><T80/><D122/><U27/><E135/><V85/><F115/><W128/><G23/><T6/><D132/><U111/><E3/><V44/><F4/><W38/><G103/><T37/><D29/><U133/><E133/><V53/><F65/><W55/><G78/><T108/><D108/><N who="1" m="41547" /><E99/><N who="2" m="59639" /><F85/><W7/><G87/><T12/><D6/><U18/><E79/><V13/><F13/><W22/><G22/><T95/><D62/><U88/><E54/><V116/><F116/><W91/><G91/><T72/><D72/><U11/><E27/><V56/><F56/><N who="3" m="32887" /><G7/><T82/><D82/><U19/><E11/><V59/><F59/><AGARI ba="0,0" hai="38,43,45,59,61,67,69,71,128,129,131" m="32887" machi="59" ten="30,5800,0" yaku="19,1,34,2" doraHai="98" who="3" fromWho="2" sc="266,0,223,0,248,-58,263,58" owari="266,7.0,223,-18.0,190,-31.0,321,42.0" />
</Scene>
</mjloggm>