<mjloggm ver="2.3"><GO type="41"/><UN n0="%4D%49%55%52%41" n1="%E5%B4%A9%E5%A3%8A%E6%88%A6%E7%B7%9A" n2="%E5%A4%AA%E3%81%8F%E3%81%AA%E3%81%84%E3%81%8A" n3="%E3%81%A7%E3%81%8B%E3%81%B0%E3%81%A4%E3%81%93%E3%81%A1%E3%82%83%E3%82%93" dan="14,14,15,14" rate="1948,1921,2059,1866" sx="M,M,M,M"/><TAIKYOKU oya="0"/>

<Scene>
<INIT seed="0,0,0,3,1,54" ten="250,250,250,250" oya="0" hai0="44,49,101,74,13,14,4,107,19,83,118,79,8" hai1="41,68,117,135,20,25,96,1,133,42,37,128,31" hai2="124,91,16,84,57,47,121,77,82,28,50,122,51" hai3="112,43,109,113,87,2,131,108,33,111,88,94,6"/><T102/><D118/><U35/><E68/><V116/><F116/><W32/><G43/><T78/><D79/><U52/><E1/><V48/><F124/><W70/><G70/><T38/><D107/><U76/><E76/><V29/><F121/><W9/><REACH who="3" step="1"/><G131/><REACH who="3" ten="250,250,250,240" step="2"/><T80/><D38/><U103/><E128/><V39/><F122/><W72/><G72/><T21/><REACH who="0" step="1"/><D83/><REACH who="0" ten="240,250,250,240" step="2"/><U17/><E37/><V46/><F39/><W18/><G18/><T69/><D69/><U40/><E117/><V123/><F123/><W73/><G73/><T66/><D66/><U24/><REACH who="1" step="1"/><E52/><AGARI ba="0,2" hai="4,8,13,14,19,21,44,49,52,74,78,80,101,102" machi="52" ten="30,5800,0" yaku="1,1,7,1,54,1,53,0" doraHai="54" doraHaiUra="53" who="0" fromWho="1" sc="240,78,250,-58,250,0,240,0" />
</Scene>
<Scene>
<INIT seed="0,1,0,3,2,60" ten="318,192,250,240" oya="0" hai0="128,82,80,39,92,59,72,88,1,24,118,100,57" hai1="120,108,113,77,67,5,96,87,61,75,48,71,73" hai2="121,81,11,52,10,36,41,43,17,56,114,6,101" hai3="29,122,8,4,103,69,21,55,14,83,99,13,98"/><T97/><D118/><U20/><E120/><V63/><F121/><W90/><G122/><T102/><D39/><U27/><E113/><V47/><F114/><W30/><G69/><T58/><D1/><U115/><E115/><V42/><F101/><N who="0" m="39018" /><D72/><U32/><E32/><V68/><F68/><W62/><G98/><T74/><D74/><U119/><E96/><V34/><F34/><W117/><G117/><T22/><D128/><U123/><E119/><V0/><REACH who="2" step="1"/><F81/><REACH who="2" ten="318,192,240,240" step="2"/><W109/><G83/><T2/><D2/><U31/><E123/><V106/><F106/><W105/><G105/><T45/><D45/><U18/><E108/><V95/><F95/><W125/><G109/><T89/><D89/><U133/><E71/><V104/><F104/><W65/><G125/><T116/><D116/><U53/><E77/><V111/><F111/><W124/><G124/><T66/><D80/><U110/><E110/><V26/><F26/><W49/><G90/><T37/><D82/><U16/><E27/><V79/><F79/><W33/><G33/><T130/><D130/><U91/><E91/><V7/><F7/><W76/><G76/><T135/><D92/><U50/><E5/><V23/><F23/><W51/><G21/><T38/><D24/><U86/><E20/><V131/><F131/><W40/><G4/><T44/><D22/><U132/><E133/><V64/><F64/><W70/><G70/><T35/><D135/><U107/><E67/><V84/><F84/><W78/><G65/><T129/><D129/><U54/><E107/><V93/><F93/><W28/><G78/><RYUUKYOKU ba="1,1" sc="318,-10,192,-10,240,30,240,-10" hai2="0,6,10,11,17,36,41,42,43,47,52,56,63" />
</Scene>
<Scene>
<INIT seed="1,2,1,0,4,21" ten="308,182,270,230" oya="1" hai0="30,66,71,125,22,40,36,38,56,95,33,25,17" hai1="49,39,54,55,46,65,14,0,89,72,63,112,101" hai2="108,100,2,27,111,87,20,106,11,80,3,122,74" hai3="113,68,123,75,86,19,59,32,51,105,28,1,50"/><U8/><E0/><V104/><F74/><W24/><G123/><T29/><D125/><U45/><E72/><V31/><F122/><W115/><G113/><T129/><D71/><U133/><E133/><V135/><F135/><W90/><G105/><N who="2" m="40553" /><F11/><W110/><G75/><T62/><D129/><U9/><E9/><V99/><F99/><W88/><G110/><N who="2" m="42025" /><F100/><W118/><G68/><T76/><D76/><AGARI ba="2,1" hai="2,3,20,27,31,76,80,87" m="42025,40553" machi="76" ten="30,2000,0" yaku="14,1,52,1" doraHai="21" who="2" fromWho="0" sc="308,-26,182,0,270,36,230,0" />
</Scene>
<Scene>
<INIT seed="2,0,0,3,1,39" ten="282,182,306,230" oya="2" hai0="127,31,76,95,123,105,54,116,134,100,42,125,99" hai1="96,61,58,91,107,55,90,1,56,119,98,15,24" hai2="35,133,108,60,33,93,16,40,30,132,88,112,109" hai3="19,7,9,78,126,57,44,115,94,124,47,29,131"/><V59/><F112/><W8/><G115/><T49/><D123/><U72/><E1/><V69/><F69/><W10/><G131/><T97/><D76/><U17/><E72/><V14/><F40/><W79/><G29/><T83/><D83/><U36/><E36/><V32/><F30/><W22/><G94/><T118/><D31/><U70/><E70/><V26/><F26/><W104/><G104/><T0/><D0/><U28/><E119/><N who="0" m="45609" /><D134/><N who="2" m="51818" /><F59/><W63/><G7/><T27/><D27/><U74/><E74/><V117/><F60/><W101/><G101/><N who="0" m="60607" /><D54/><U110/><E58/><V80/><F80/><W12/><G79/><T37/><D49/><U21/><E110/><N who="2" m="42603" /><F117/><W85/><G78/><T73/><D73/><U66/><E66/><V3/><F3/><W82/><G82/><T5/><D5/><U103/><REACH who="1" step="1"/><E98/><REACH who="1" ten="282,172,306,230" step="2"/><N who="2" m="57639" /><F35/><AGARI ba="0,1" hai="15,17,21,24,28,35,55,56,61,90,91,96,103,107" machi="35" ten="30,2000,0" yaku="1,1,7,1,53,0" doraHai="39" doraHaiUra="89" who="1" fromWho="2" sc="282,0,172,30,306,-20,230,0" />
</Scene>
<Scene>
<INIT seed="3,0,0,4,4,28" ten="282,202,286,230" oya="3" hai0="35,3,84,52,125,122,37,83,48,1,80,132,101" hai1="51,105,29,40,95,63,53,4,128,54,67,114,43" hai2="104,72,135,90,17,107,79,119,74,10,58,57,106" hai3="31,112,69,49,68,85,94,131,109,120,111,39,108"/><W127/><G120/><T81/><D122/><U55/><E105/><V75/><F119/><W121/><G121/><T38/><D101/><U44/><E4/><V36/><F36/><W30/><G39/><T59/><D84/><U60/><E29/><N who="3" m="10762" /><G112/><T113/><D113/><U99/><E114/><V56/><F135/><W96/><G127/><T118/><D118/><U91/><E128/><V123/><F123/><W82/><G131/><T50/><D132/><U133/><E133/><V76/><F90/><N who="3" m="55383" /><G49/><T124/><D81/><U15/><E15/><AGARI ba="0,0" hai="10,15,17,56,57,58,72,74,75,76,79,104,106,107" machi="15" ten="60,3900,0" yaku="29,2" doraHai="28" who="2" fromWho="1" sc="282,0,202,-39,286,39,230,0" />
</Scene>
<Scene>
<INIT seed="4,0,0,0,0,52" ten="282,163,325,230" oya="0" hai0="34,128,43,8,104,117,91,102,132,55,93,131,119" hai1="114,87,53,47,26,74,48,60,105,16,27,70,73" hai2="7,78,21,50,68,38,10,121,124,45,44,54,67" hai3="20,108,23,17,97,120,135,71,25,125,127,56,109"/><T115/><D34/><U35/><E105/><V118/><F121/><W19/><G71/><T58/><D8/><U42/><E114/><V32/><F32/><W33/><G135/><T95/><D115/><U37/><E87/><V92/><F124/><N who="3" m="47691" /><G97/><N who="0" m="59695" /><D43/><U49/><E35/><V36/><F118/><W63/><G120/><T80/><D80/><U4/><E4/><V39/><F78/><W41/><G41/><T134/><D104/><U3/><E3/><V0/><F92/><W85/><G85/><N who="0" m="52719" /><D58/><N who="1" m="33063" /><E49/><V83/><F83/><W31/><G33/><T46/><D55/><U66/><E27/><V129/><F38/><W9/><G9/><T116/><D46/><U101/><E101/><V62/><F39/><W51/><G51/><T110/><D110/><U2/><E2/><V65/><F36/><W133/><G133/><AGARI ba="0,0" hai="116,117,119,128,131,132,133,134" m="52719,59695" machi="133" ten="40,7700,0" yaku="20,1,34,2" doraHai="52" who="0" fromWho="3" sc="282,77,163,0,325,0,230,-77" />
</Scene>
<Scene>
<INIT seed="4,1,0,3,2,69" ten="359,163,325,153" oya="0" hai0="134,46,97,48,98,125,1,7,42,26,11,109,53" hai1="110,83,17,33,65,40,71,78,90,68,28,117,19" hai2="12,126,24,38,92,99,76,82,74,130,31,6,75" hai3="29,107,79,111,18,16,81,0,88,30,2,43,95"/><T4/><D125/><U5/><E5/><V22/><F126/><W80/><G111/><T52/><D109/><U8/><E110/><V66/><F130/><W62/><G107/><T3/><D134/><U57/><E28/><N who="3" m="10858" /><G43/><T47/><D26/><U44/><E33/><V108/><F108/><W129/><G129/><T54/><D46/><U85/><E57/><V60/><F38/><W102/><G102/><T86/><D86/><U55/><E55/><V73/><F12/><W45/><G2/><T103/><REACH who="0" step="1"/><D103/><REACH who="0" ten="349,163,325,153" step="2"/><U20/><E117/><V36/><F74/><W9/><G45/><T51/><D51/><U89/><E44/><V23/><F75/><W113/><G113/><T101/><D101/><U132/><E132/><V64/><F73/><W61/><G79/><T96/><D96/><U58/><E78/><V120/><F99/><N who="3" m="57831" /><G0/><T131/><D131/><U106/><E85/><V15/><F76/><W128/><G128/><T35/><D35/><U114/><E114/><V122/><F24/><W50/><G50/><T133/><D133/><U67/><E89/><V13/><F122/><W39/><G39/><T116/><D116/><U32/><E90/><V112/><F36/><W21/><G9/><AGARI ba="1,1" hai="1,3,4,7,9,11,42,47,48,52,53,54,97,98" machi="9" ten="40,7700,0" yaku="1,1,9,1,54,1,53,0" doraHai="69" doraHaiUra="87" who="0" fromWho="3" sc="349,90,163,0,325,0,153,-80" />
</Scene>
<Scene>
<INIT seed="4,2,0,1,5,67" ten="439,163,325,73" oya="0" hai0="9,86,111,92,95,71,102,63,22,70,5,93,53" hai1="68,50,40,135,73,109,41,15,121,44,82,6,66" hai2="127,39,51,43,114,54,8,101,125,91,18,38,116" hai3="37,7,85,120,77,59,81,48,117,83,130,58,57"/><T94/><D22/><U10/><E121/><V72/><F72/><W96/><G117/><T115/><D86/><U34/><E109/><V80/><F101/><W89/><G120/><T12/><D111/><U47/><E135/><V90/><F116/><W108/><G130/><T4/><D5/><U23/><E23/><V79/><F114/><W104/><G108/><T11/><D9/><U113/><E34/><V3/><F43/><W99/><G104/><T123/><D123/><U31/><E31/><V131/><F131/><W30/><G37/><T126/><D126/><N who="2" m="48138" /><F91/><W60/><G30/><T122/><D122/><U69/><E66/><V16/><F90/><W0/><G48/><T78/><D78/><U76/><E113/><V17/><F8/><W105/><G105/><T20/><D20/><U61/><E61/><V106/><F106/><W56/><G7/><T42/><D42/><U118/><E118/><V84/><F3/><W33/><G33/><T52/><D115/><U134/><E134/><V103/><F103/><W36/><G36/><AGARI ba="2,0" hai="6,10,15,36,40,41,44,47,50,68,69,73,76,82" machi="36" ten="30,3900,0" yaku="7,1,52,2" doraHai="67" who="1" fromWho="3" sc="439,0,163,45,325,0,73,-45" />
</Scene>
<Scene>
<INIT seed="5,0,0,5,2,100" ten="439,208,325,28" oya="1" hai0="5,76,88,34,61,41,2,135,15,124,81,104,113" hai1="33,42,97,6,112,85,22,39,128,132,32,122,105" hai2="95,0,78,64,55,48,69,12,102,7,4,84,91" hai3="66,130,103,49,58,80,117,108,70,94,54,23,40"/><U19/><E122/><V44/><F0/><W116/><G108/><T24/><D2/><U93/><E6/><V65/><F69/><W60/><G80/><T52/><D41/><U14/><E132/><V26/><F78/><W56/><G103/><T68/><D15/><U27/><E128/><V18/><F26/><W57/><G94/><T71/><D5/><N who="2" m="2122" /><F102/><W51/><G23/><AGARI ba="0,0" hai="12,18,23,44,48,55,64,65,84,91,95" m="2122" machi="23" ten="30,1000,0" yaku="8,1" doraHai="100" who="2" fromWho="3" sc="439,0,208,0,325,10,28,-10" />
</Scene>
<Scene>
<INIT seed="6,0,0,2,2,52" ten="439,208,335,18" oya="2" hai0="116,93,70,17,123,67,76,43,26,66,133,86,6" hai1="51,45,28,21,77,108,82,56,118,112,44,99,65" hai2="114,15,34,74,110,78,103,19,1,8,121,87,35" hai3="37,12,113,129,120,100,24,31,95,54,96,7,130"/><V9/><F121/><W104/><G37/><T63/><D123/><U126/><E108/><V131/><F74/><W72/><G120/><T80/><D6/><U23/><E118/><V83/><F110/><W73/><G113/><T0/><D0/><U69/><E69/><V46/><F114/><W11/><G104/><T50/><D67/><U102/><E126/><V71/><F71/><W88/><G100/><T62/><D133/><U97/><E97/><V61/><F131/><W106/><G106/><T135/><D135/><U10/><E10/><V128/><F128/><W109/><G109/><T105/><D105/><U22/><E65/><V2/><F103/><W117/><G117/><T14/><D26/><U55/><E28/><V89/><F1/><W90/><G90/><T85/><D66/><U68/><E68/><V111/><F111/><W42/><G42/><T122/><D70/><U58/><E45/><V98/><F61/><W27/><G27/><T115/><D115/><U38/><E38/><V53/><F98/><W3/><G3/><T64/><D64/><U124/><E124/><V16/><F78/><W94/><G130/><T47/><D116/><U60/><E60/><V125/><F125/><W107/><G107/><T32/><D32/><U33/><E33/><V119/><F119/><W57/><G95/><T81/><D93/><N who="1" m="58735" /><E112/><V84/><F84/><AGARI ba="0,0" hai="21,22,23,44,51,55,56,58,77,82,84" m="58735" machi="84" ten="30,3900,0" yaku="8,1,52,2" doraHai="52" who="1" fromWho="2" sc="439,0,208,39,335,-39,18,0" />
</Scene>
<Scene>
<INIT seed="7,0,0,0,4,32" ten="439,247,296,18" oya="3" hai0="98,3,25,4,58,122,88,35,123,20,73,0,100" hai1="56,45,85,114,125,38,126,75,94,66,109,42,37" hai2="31,111,68,46,133,53,39,135,10,19,115,107,128" hai3="28,104,63,64,89,80,121,120,34,132,97,5,102"/><W9/><G132/><N who="2" m="50761" /><F111/><W92/><G80/><T117/><D73/><U76/><E75/><V15/><F115/><W95/><G104/><T14/><D117/><U30/><E109/><V118/><F118/><W112/><G112/><T7/><D35/><U116/><E116/><V74/><F74/><W6/><G6/><T59/><D14/><U69/><E30/><V127/><F127/><N who="1" m="48649" /><E76/><V44/><F128/><W106/><G92/><T84/><D84/><U49/><E94/><V77/><F77/><W11/><G11/><T23/><D25/><U33/><E85/><V1/><F68/><N who="3" m="42015" /><G95/><T99/><D88/><U8/><E33/><V86/><F107/><W61/><G61/><T91/><D91/><U108/><E8/><V93/><F31/><W27/><G89/><T57/><D57/><U29/><E29/><V54/><F86/><W60/><G60/><T13/><D13/><AGARI ba="0,0" hai="5,9,13,27,28,34,97,102,106,120,121" m="42015" machi="13" ten="30,1500,0" yaku="25,1" doraHai="32" who="3" fromWho="0" sc="439,-15,247,0,296,0,18,15" />
</Scene>
<Scene>
<INIT seed="7,1,0,0,5,97" ten="424,247,296,33" oya="3" hai0="50,103,114,14,96,55,110,13,94,0,16,49,48" hai1="135,40,59,29,27,122,44,127,54,108,64,74,36" hai2="71,128,1,17,7,93,31,119,47,12,82,69,132" hai3="100,67,33,80,81,83,57,123,53,120,72,2,18"/><W51/><G2/><T85/><D110/><U89/><E74/><V41/><F119/><W68/><G33/><T6/><D0/><U52/><E108/><V60/><F31/><W130/><G72/><T107/><D114/><U124/><E122/><V39/><F128/><W98/><G130/><T118/><D118/><U45/><E89/><V84/><F132/><W63/><REACH who="3" step="1"/><G18/><REACH who="3" ten="424,247,296,23" step="2"/><T106/><D16/><U56/><E135/><V129/><F129/><W90/><G90/><T9/><D103/><U62/><E124/><V8/><F1/><W131/><G131/><T111/><D111/><U125/><E127/><V87/><F17/><W42/><G42/><T115/><D115/><U5/><E125/><V75/><F75/><W66/><G66/><T86/><D14/><U121/><E121/><V91/><F60/><W109/><G109/><T22/><D13/><U43/><E5/><V15/><F15/><W10/><G10/><T19/><D19/><U34/><E56/><V133/><F133/><W126/><G126/><T78/><D9/><U65/><E65/><V11/><F11/><W4/><G4/><T88/><D88/><AGARI ba="1,1" hai="7,8,12,39,41,47,69,71,82,84,87,88,91,93" machi="88" ten="30,2000,0" yaku="7,1,54,1" doraHai="97" who="2" fromWho="0" sc="424,-23,247,0,296,33,23,0" owari="401,50.0,247,-15.0,329,13.0,23,-48.0" />
</Scene>
</mjloggm>