<mjloggm ver="2.3"><GO type="41"/><UN n0="%E5%A4%AA%E3%81%8F%E3%81%AA%E3%81%84%E3%81%8A" n1="%E2%98%85%E6%A8%B9%E2%98%85" n2="%E3%82%A2%E3%83%8A%E3%83%AB%E5%85%84%E5%BC%9F" n3="%E4%B8%89%E6%9C%A8%E8%B0%B7%E7%A4%BE%E9%95%B7" dan="15,13,15,14" rate="2044,1810,1982,1899" sx="M,M,M,M"/><TAIKYOKU oya="0"/>

<Scene>
<INIT seed="0,0,0,2,2,23" ten="250,250,250,250" oya="0" hai0="92,62,13,76,124,12,30,102,88,60,103,95,28" hai1="75,86,66,112,101,10,106,135,39,64,35,48,133" hai2="22,108,73,98,37,93,51,125,91,24,127,115,45" hai3="114,90,44,49,16,72,126,50,79,54,85,120,9"/><T82/><D124/><N who="2" m="47690" /><F73/><W104/><G114/><T26/><D82/><U94/><E112/><V3/><F3/><W58/><G126/><T61/><D76/><U111/><E75/><V78/><F115/><W107/><G120/><T40/><D40/><U122/><E122/><V15/><F78/><W97/><G72/><T14/><D95/><U70/><E39/><V99/><F15/><W74/><G74/><T69/><D69/><U80/><E111/><V43/><F108/><W84/><G104/><T32/><REACH who="0" step="1"/><D30/><REACH who="0" ten="240,250,250,250" step="2"/><U123/><E123/><V0/><F37/><W130/><G79/><T77/><D77/><U18/><E106/><V109/><F109/><W56/><G107/><T67/><D67/><U116/><E66/><V1/><F98/><AGARI ba="0,1" hai="12,13,14,26,28,32,60,61,62,88,92,98,102,103" machi="98" ten="40,12000,1" yaku="1,1,52,1,54,1,53,1" doraHai="23" doraHaiUra="89" who="0" fromWho="2" sc="240,130,250,0,250,-120,250,0" />
</Scene>
<Scene>
<INIT seed="0,1,0,5,3,5" ten="370,250,130,250" oya="0" hai0="12,71,58,38,66,39,77,109,124,93,15,85,126" hai1="82,41,105,8,9,33,25,87,76,113,42,122,53" hai2="28,30,123,29,75,107,40,73,132,95,129,134,20" hai3="23,31,79,47,26,97,18,55,52,114,22,51,133"/><T49/><D71/><U96/><E122/><V54/><F107/><W24/><G114/><T103/><D109/><U27/><E113/><V86/><F123/><W115/><G133/><N who="2" m="51305" /><F40/><N who="1" m="15465" /><E33/><V11/><F129/><W72/><G115/><T21/><D103/><U120/><E120/><V65/><F54/><W117/><G117/><T10/><D21/><U14/><E14/><V118/><F20/><W99/><G72/><N who="2" m="27721" /><F65/><W91/><G79/><T80/><D15/><U48/><E96/><V74/><N who="2" m="27729" /><V57/><DORA hai="70" /><F57/><W104/><G104/><T111/><D111/><U19/><E105/><V121/><F121/><W108/><G108/><T60/><D49/><U110/><E110/><V89/><F118/><W16/><G31/><T135/><D135/><U35/><E35/><V92/><F92/><W101/><G101/><T17/><REACH who="0" step="1"/><D93/><REACH who="0" ten="360,250,130,250" step="2"/><U56/><E27/><V34/><F34/><W4/><G4/><T2/><D2/><U45/><E45/><V88/><F89/><W6/><G6/><T7/><D7/><U83/><E83/><V13/><F30/><W67/><G91/><T62/><D62/><U106/><E106/><V102/><F102/><W3/><G3/><T68/><D68/><U44/><E44/><V94/><F94/><W128/><G128/><T63/><D63/><U36/><E36/><AGARI ba="1,1" hai="10,12,17,36,38,39,58,60,66,77,80,85,124,126" machi="36" ten="40,12000,1" yaku="1,1,52,4,53,0" doraHai="5,70" doraHaiUra="50,46" who="0" fromWho="1" sc="360,133,250,-123,130,0,250,0" />
</Scene>
<Scene>
<INIT seed="0,2,0,5,2,112" ten="493,127,130,250" oya="0" hai0="65,54,4,67,16,20,84,93,73,83,103,1,66" hai1="46,120,77,43,90,127,94,63,32,49,72,61,13" hai2="9,129,18,45,62,12,130,39,29,33,79,85,40" hai3="3,76,51,114,124,41,110,44,75,95,135,22,17"/><T132/><D132/><U89/><E120/><V92/><F62/><W30/><G114/><T70/><D70/><U104/><E127/><V27/><REACH who="2" step="1"/><F92/><REACH who="2" ten="493,127,120,250" step="2"/><W80/><G124/><T69/><D93/><U81/><E104/><V99/><F99/><W53/><G95/><T50/><D69/><U111/><E111/><V87/><F87/><W47/><G110/><T10/><D84/><U21/><E32/><V24/><F24/><W52/><G135/><T68/><D68/><U2/><E2/><V116/><F116/><W74/><G3/><T91/><D1/><U118/><E118/><V96/><F96/><W23/><G30/><T71/><D71/><U58/><E94/><V115/><F115/><W7/><G7/><T14/><D4/><U42/><E63/><V37/><F37/><W107/><G107/><T82/><D73/><U55/><REACH who="1" step="1"/><E42/><REACH who="1" ten="493,117,120,250" step="2"/><V34/><F34/><W56/><G41/><T97/><D97/><U57/><E57/><V86/><F86/><W35/><G56/><T123/><D123/><U113/><E113/><V25/><F25/><W15/><G74/><T59/><D59/><U134/><E134/><V38/><F38/><W78/><G75/><T8/><D82/><AGARI ba="2,2" hai="9,12,18,27,29,33,39,40,45,79,82,85,129,130" machi="82" ten="40,1300,0" yaku="1,1,53,0" doraHai="112" doraHaiUra="102" who="2" fromWho="0" sc="493,-19,117,0,120,39,250,0" />
</Scene>
<Scene>
<INIT seed="1,0,0,1,0,4" ten="474,117,159,250" oya="1" hai0="73,112,43,5,104,45,135,10,107,67,64,69,7" hai1="70,99,83,115,52,12,8,77,97,82,33,127,98" hai2="133,72,17,109,62,113,2,65,74,78,92,0,123" hai3="18,1,51,87,24,102,110,25,126,29,103,131,46"/><U134/><E115/><V128/><F92/><W14/><G1/><T36/><D67/><U117/><E117/><V54/><F123/><W63/><G110/><T122/><D7/><N who="1" m="3103" /><E70/><V3/><F109/><W6/><G131/><T68/><D112/><U94/><E33/><V84/><F113/><W39/><G39/><T86/><D86/><N who="1" m="48463" /><E127/><V85/><F128/><W22/><G126/><T20/><D20/><U21/><E134/><V34/><F133/><W80/><G63/><N who="0" m="39967" /><D69/><U76/><E76/><V23/><F34/><W26/><G6/><T11/><D11/><U116/><E83/><V79/><F78/><W60/><G60/><T81/><D135/><U125/><E125/><V53/><F79/><W129/><G129/><T27/><D81/><U35/><E35/><V15/><F74/><W108/><G108/><T28/><D73/><U114/><E114/><V89/><F72/><W93/><G93/><T55/><D122/><U90/><E116/><V61/><F89/><W38/><G38/><T44/><D36/><U106/><E106/><V49/><F62/><W120/><G120/><T48/><D5/><U30/><E52/><V56/><REACH who="2" step="1"/><F54/><REACH who="2" ten="474,117,149,250" step="2"/><N who="3" m="30071" /><G29/><T88/><D55/><U105/><E105/><V75/><F75/><W47/><G102/><T41/><D104/><U19/><E30/><V91/><F91/><W13/><G103/><T57/><D88/><U96/><N who="1" m="25088" /><DORA hai="124" /><U95/><E90/><V66/><F66/><W42/><G42/><T130/><D28/><U37/><E37/><V121/><F121/><W59/><G80/><T71/><D107/><U16/><E19/><RYUUKYOKU ba="0,1" sc="474,-15,117,15,149,15,250,-15" hai1="16,21,94,95" hai2="0,2,3,15,17,23,49,53,56,61,65,84,85" />
</Scene>
<Scene>
<INIT seed="1,1,1,2,2,17" ten="459,132,164,235" oya="1" hai0="75,76,134,96,1,51,92,65,106,4,84,11,67" hai1="82,112,110,28,54,104,57,52,97,121,124,68,109" hai2="69,6,66,49,53,50,22,27,123,56,116,38,58" hai3="39,3,33,43,93,98,89,23,128,18,79,64,83"/><U114/><E121/><V31/><F6/><W59/><G3/><T0/><D0/><U19/><E124/><V113/><F38/><W108/><G108/><N who="1" m="41578" /><E28/><V61/><F123/><W71/><G71/><T101/><D134/><U74/><E68/><V118/><REACH who="2" step="1"/><F113/><REACH who="2" ten="459,132,154,235" step="2"/><N who="1" m="43625" /><E57/><V129/><F129/><W130/><G39/><T119/><D4/><U73/><E73/><V105/><F105/><W107/><G59/><T125/><D106/><U132/><E132/><V35/><F35/><W103/><G33/><T47/><D75/><U44/><E74/><V42/><F42/><W80/><G43/><T41/><D41/><U120/><E120/><V29/><F29/><W32/><G32/><T131/><D131/><U10/><E82/><V111/><F111/><W127/><G80/><T14/><D125/><U24/><E44/><V102/><F102/><W78/><G127/><T117/><D101/><N who="1" m="62511" /><E24/><V81/><F81/><W55/><G83/><T30/><D47/><U8/><E19/><V7/><F7/><W70/><G18/><T126/><D30/><U60/><E60/><V16/><F16/><W15/><G128/><T85/><D126/><U133/><E133/><V37/><F37/><W26/><G26/><T25/><D25/><U36/><E36/><V87/><F87/><W135/><G130/><T34/><D85/><U115/><N who="1" m="43633" /><U90/><DORA hai="122" /><E90/><V20/><F20/><W63/><G89/><T72/><D84/><U77/><E77/><V21/><F21/><W62/><G23/><T94/><D76/><U46/><E46/><V40/><F40/><W12/><G78/><RYUUKYOKU ba="1,2" sc="459,-15,132,15,154,15,235,-15" hai1="8,10,52,54" hai2="22,27,31,49,50,53,56,58,61,66,69,116,118" />
</Scene>
<Scene>
<INIT seed="1,2,2,5,4,54" ten="444,147,169,220" oya="1" hai0="95,64,114,11,75,17,117,133,123,131,63,40,78" hai1="60,112,98,79,135,127,29,132,118,30,92,74,128" hai2="70,13,61,99,2,26,81,107,1,85,110,9,31" hai3="108,96,3,111,19,69,18,68,34,22,102,106,134"/><U76/><E112/><V8/><F8/><W103/><G3/><T126/><D114/><U93/><E118/><V16/><F110/><N who="3" m="42027" /><G134/><N who="1" m="51242" /><E127/><V25/><F25/><N who="3" m="14551" /><G102/><T109/><D126/><U35/><E128/><V15/><F15/><W41/><G34/><T21/><D131/><U90/><E92/><V45/><F107/><W113/><G113/><T32/><D95/><U23/><E35/><V88/><F99/><W105/><G41/><T66/><D40/><U0/><E0/><V5/><F5/><W24/><G105/><T10/><D32/><U49/><E49/><V59/><F70/><W56/><G56/><T4/><D117/><U53/><E74/><V115/><F45/><W77/><G77/><N who="1" m="29770" /><E23/><AGARI ba="2,2" hai="19,23,24,68,69,96,103,106" m="14551,42027" machi="23" ten="30,1000,0" yaku="14,1" doraHai="54" who="3" fromWho="1" sc="444,0,147,-16,169,0,220,36" />
</Scene>
<Scene>
<INIT seed="2,0,0,4,5,80" ten="444,131,169,256" oya="2" hai0="113,135,0,59,131,73,58,104,51,32,70,45,5" hai1="63,64,33,79,69,26,116,61,7,75,57,118,129" hai2="78,55,127,76,89,74,6,90,71,126,20,88,123" hai3="121,16,48,12,4,130,13,108,117,81,105,52,95"/><V37/><F71/><W10/><G117/><T111/><RYUUKYOKU type="yao9" ba="0,0" sc="444,0,131,0,169,0,256,0" hai0="0,5,32,45,51,58,59,70,73,104,111,113,131,135" />
</Scene>
<Scene>
<INIT seed="2,1,0,2,2,107" ten="444,131,169,256" oya="2" hai0="11,108,36,1,62,106,17,87,129,12,119,20,4" hai1="100,64,3,98,57,103,116,66,71,15,120,93,60" hai2="48,13,42,78,101,110,82,31,33,132,50,83,122" hai3="34,84,76,14,51,128,21,92,69,70,7,125,79"/><V61/><F101/><W95/><G34/><T16/><D106/><U6/><E116/><V63/><F122/><W111/><G111/><T25/><D36/><U44/><E120/><V94/><F31/><W2/><G2/><T53/><D108/><U133/><E133/><V112/><F33/><W27/><G128/><T77/><D129/><U46/><E3/><V18/><F110/><W47/><G125/><T0/><D119/><U135/><E135/><V104/><F104/><W102/><G70/><T28/><D77/><N who="3" m="29769" /><G69/><T23/><D87/><U65/><E103/><V73/><F112/><W85/><G102/><T118/><D118/><U130/><E130/><V41/><F83/><W86/><G14/><N who="0" m="9239" /><D53/><N who="1" m="33839" /><E71/><V74/><F94/><W52/><G7/><T10/><D62/><U117/><E117/><V9/><F132/><W5/><G5/><N who="0" m="1327" /><D0/><U127/><E127/><V90/><F90/><W8/><G8/><AGARI ba="1,0" hai="6,8,15,44,46,64,65,66,93,98,100" m="33839" machi="8" ten="30,1000,0" yaku="8,1" doraHai="107" who="1" fromWho="3" sc="444,0,131,13,169,0,256,-13" />
</Scene>
<Scene>
<INIT seed="3,0,0,3,5,98" ten="444,144,169,243" oya="3" hai0="107,115,39,105,67,20,53,89,100,134,9,92,6" hai1="62,114,46,3,52,116,117,73,13,23,68,77,34" hai2="21,125,124,44,121,71,76,109,63,110,88,86,85" hai3="60,130,112,24,113,90,31,49,5,8,94,120,25"/><W106/><G120/><T96/><D39/><U58/><E114/><V79/><F44/><W83/><G130/><T84/><D115/><U99/><E34/><V95/><F21/><W65/><G83/><T28/><D134/><U126/><E126/><N who="2" m="48747" /><F63/><W18/><G106/><T133/><D133/><U11/><E3/><V69/><F71/><W81/><G81/><T108/><D108/><N who="2" m="41578" /><F69/><W48/><G18/><T57/><D67/><U123/><E123/><V122/><F86/><W55/><G48/><T66/><D66/><U54/><E23/><V50/><F50/><W61/><G61/><T51/><D20/><U32/><E32/><V102/><F102/><W82/><G82/><T26/><D26/><N who="3" m="10345" /><G113/><T38/><D38/><U78/><E68/><V128/><F128/><W45/><G112/><T10/><D28/><U0/><E0/><V4/><F4/><W135/><G135/><T70/><D70/><U118/><E99/><V22/><F22/><W16/><G31/><T104/><D10/><U47/><E73/><V19/><F19/><W37/><G37/><T59/><D59/><U1/><E1/><AGARI ba="0,0" hai="1,6,9,51,53,57,84,89,92,96,100,104,105,107" machi="1" ten="30,2000,0" yaku="7,1,52,1" doraHai="98" who="0" fromWho="1" sc="444,20,144,-20,169,0,243,0" />
</Scene>
<Scene>
<INIT seed="4,0,0,5,0,55" ten="464,124,169,243" oya="0" hai0="130,13,126,77,104,93,80,68,65,1,90,83,123" hai1="89,42,37,45,15,34,12,41,72,14,133,94,49" hai2="64,17,76,121,91,40,27,32,25,87,54,2,113" hai3="120,102,62,74,6,84,70,36,73,134,21,107,57"/><T92/><D1/><U53/><E133/><V103/><F2/><W79/><G134/><T109/><D13/><U43/><E72/><V24/><F64/><W5/><G36/><T88/><D65/><U110/><E110/><V95/><F40/><W111/><G111/><T35/><D35/><U99/><REACH who="1" step="1"/><E34/><REACH who="1" ten="464,114,169,243" step="2"/><V122/><F32/><W50/><G73/><T20/><D109/><U67/><E67/><V44/><F121/><W75/><G75/><T48/><D123/><U56/><AGARI ba="0,1" hai="12,14,15,37,41,42,43,45,49,53,56,89,94,99" machi="56" ten="30,4000,0" yaku="1,1,0,1,52,1,53,0" doraHai="55" doraHaiUra="124" who="1" fromWho="1" sc="464,-20,114,50,169,-10,243,-10" />
</Scene>
<Scene>
<INIT seed="5,0,0,1,2,41" ten="444,164,159,233" oya="1" hai0="82,65,1,72,116,46,33,40,85,80,131,103,43" hai1="109,9,50,73,23,96,22,32,128,90,62,13,91" hai2="135,69,123,63,112,52,119,49,134,74,125,39,35" hai3="130,6,29,84,68,61,20,117,64,19,98,126,102"/><U77/><E128/><V86/><F74/><W17/><G130/><T36/><D131/><U15/><E109/><V56/><F35/><W113/><G126/><T76/><D116/><U101/><E32/><V94/><F86/><W16/><G117/><T27/><D1/><U83/><E15/><V88/><F119/><W18/><G113/><T120/><D120/><U38/><E38/><V54/><F123/><W114/><G114/><T21/><D33/><U115/><E115/><V26/><F39/><W12/><G84/><T124/><D43/><U99/><E62/><V53/><F26/><W30/><G6/><T78/><D124/><U11/><E11/><V89/><F112/><W104/><AGARI ba="0,0" hai="12,16,17,18,19,20,29,30,61,64,68,98,102,104" machi="104" ten="30,2000,0" yaku="0,1,54,1" doraHai="41" who="3" fromWho="3" sc="444,-5,164,-10,159,-5,233,20" />
</Scene>
<Scene>
<INIT seed="6,0,0,1,3,73" ten="439,154,154,253" oya="2" hai0="106,4,37,41,60,93,17,74,125,38,34,9,95" hai1="43,59,92,67,47,30,108,100,63,115,134,24,33" hai2="135,127,120,128,14,101,53,130,13,50,77,58,10" hai3="107,26,3,36,7,61,20,70,68,28,111,94,82"/><V112/><F101/><W49/><G111/><T117/><D106/><U83/><E108/><V110/><F120/><W79/><G36/><T84/><D74/><U75/><E115/><V105/><F110/><W86/><G107/><T104/><D104/><U102/><E134/><V8/><F105/><W39/><G39/><T99/><D34/><U116/><E116/><V96/><F112/><W2/><G7/><T81/><D117/><U62/><E62/><V78/><F96/><W121/><G121/><T42/><D17/><U12/><E12/><N who="2" m="4715" /><F135/><W22/><G68/><T18/><D99/><U35/><E35/><V51/><F127/><W5/><G5/><T54/><D60/><U52/><E67/><V65/><F65/><W126/><G22/><T90/><D125/><U56/><E56/><V103/><F103/><W97/><G126/><T87/><D37/><U23/><E33/><V25/><F25/><W98/><G98/><T89/><D38/><U114/><E114/><V16/><F51/><W1/><G49/><T64/><D64/><U29/><E29/><V15/><F10/><W69/><REACH who="3" step="1"/><G61/><REACH who="3" ten="439,154,154,243" step="2"/><T0/><D9/><U11/><E11/><V113/><F113/><W72/><G72/><T85/><D4/><U118/><E118/><V27/><F27/><W19/><G19/><T129/><D18/><U46/><E46/><V66/><F66/><W124/><G124/><T91/><D0/><U133/><E133/><V123/><F123/><W131/><G131/><AGARI ba="0,1" hai="8,15,16,50,53,58,77,78,128,130,131" m="4715" machi="131" ten="30,11600,0" yaku="19,1,52,2,54,1" doraHai="73" who="2" fromWho="3" sc="439,0,154,0,154,126,243,-116" />
</Scene>
<Scene>
<INIT seed="6,1,0,5,3,83" ten="439,154,280,127" oya="2" hai0="118,119,24,46,5,18,10,129,78,12,28,80,100" hai1="98,108,109,114,49,90,32,71,89,117,14,96,94" hai2="43,101,74,88,106,1,9,37,111,33,19,92,47" hai3="59,87,54,134,69,70,26,130,45,67,79,126,85"/><V84/><F33/><W31/><G134/><T66/><D129/><U102/><E71/><V25/><F74/><W95/><G130/><T107/><D66/><U22/><E32/><V13/><F111/><W4/><G126/><T65/><D65/><U2/><E2/><V104/><F101/><W20/><G70/><T42/><D18/><U16/><E117/><N who="0" m="44553" /><D100/><U57/><E114/><V23/><REACH who="2" step="1"/><F1/><REACH who="2" ten="439,154,270,127" step="2"/><W113/><G113/><T103/><D103/><U58/><E109/><V115/><F115/><W77/><G69/><T6/><D107/><U124/><E108/><V40/><F40/><W75/><G75/><N who="0" m="43103" /><D42/><U44/><E124/><V56/><F56/><W132/><G132/><T35/><D46/><U34/><E34/><V0/><F0/><W72/><G72/><T41/><D41/><U61/><E58/><V73/><F73/><W76/><G45/><T121/><D121/><U52/><REACH who="1" step="1"/><E98/><REACH who="1" ten="439,144,270,127" step="2"/><V120/><F120/><W133/><G133/><T64/><D35/><U68/><E68/><V7/><AGARI ba="1,2" hai="7,9,13,19,23,25,37,43,47,84,88,92,104,106" machi="7" ten="20,12000,1" yaku="1,1,0,1,7,1,52,1,54,1,53,0" doraHai="83" doraHaiUra="110" who="2" fromWho="2" sc="439,-41,144,-41,270,143,127,-41" />
</Scene>
<Scene>
<INIT seed="6,2,0,5,1,97" ten="398,103,413,86" oya="2" hai0="23,52,64,2,39,114,22,65,80,126,61,83,10" hai1="35,11,122,7,94,70,85,108,34,121,86,113,28" hai2="127,90,40,106,128,25,87,3,59,82,27,116,107" hai3="19,48,29,118,131,130,26,123,84,100,32,102,55"/><V13/><F3/><W92/><G123/><T69/><D39/><U37/><E37/><V60/><F116/><W76/><G118/><T46/><D114/><U58/><E70/><V56/><F128/><N who="3" m="49195" /><G19/><T91/><D126/><U17/><E113/><V112/><F127/><W47/><G76/><T15/><D2/><U20/><E108/><V67/><F106/><W38/><G38/><T68/><D68/><U74/><E74/><V57/><F107/><W132/><G132/><T14/><D65/><U79/><E86/><V110/><F110/><W43/><G43/><T129/><D129/><U89/><E79/><V93/><F40/><W24/><G26/><N who="2" m="9737" /><F112/><W49/><G48/><N who="0" m="28695" /><D15/><U6/><E58/><N who="2" m="37271" /><F13/><W115/><G115/><T4/><D69/><U44/><E44/><V30/><F30/><W125/><G125/><T12/><D64/><U8/><E94/><AGARI ba="2,0" hai="56,57,59,82,87,90,93,94" m="37271,9737" machi="94" ten="30,1500,0" yaku="8,1" doraHai="97" who="2" fromWho="1" sc="398,0,103,-21,413,21,86,0" />
</Scene>
<Scene>
<INIT seed="6,3,0,3,5,71" ten="398,82,434,86" oya="2" hai0="44,92,24,11,23,128,102,40,63,119,66,85,49" hai1="43,16,133,129,29,111,53,88,121,87,75,57,6" hai2="116,34,105,36,95,22,91,42,1,28,33,64,0" hai3="2,98,58,113,48,27,38,120,117,124,112,41,14"/><V7/><F64/><W84/><G2/><T61/><D128/><U90/><E111/><V51/><F105/><W108/><G117/><T13/><D119/><U104/><E121/><V76/><F76/><W68/><G108/><T80/><D92/><U110/><E133/><V3/><F51/><W94/><G120/><T25/><D102/><U8/><E129/><V4/><F116/><W60/><G124/><T82/><D82/><U10/><E110/><V5/><F22/><W106/><G106/><T39/><D39/><U125/><E104/><V79/><F28/><W52/><G84/><T78/><D66/><U54/><E125/><V32/><F79/><W96/><G27/><N who="0" m="10315" /><D23/><U109/><E75/><V9/><F9/><W101/><G14/><T93/><D93/><U81/><E109/><V21/><F21/><W18/><G18/><AGARI ba="3,0" hai="11,13,18,40,44,49,61,63,78,80,85" m="10315" machi="18" ten="30,1000,0" yaku="8,1" doraHai="71" who="0" fromWho="3" sc="398,19,82,0,434,0,86,-19" />
</Scene>
<Scene>
<INIT seed="7,0,0,4,2,40" ten="417,82,434,67" oya="3" hai0="27,49,115,28,134,106,102,65,126,109,127,119,11" hai1="116,60,34,85,132,55,37,77,71,75,108,93,74" hai2="45,38,6,90,24,57,105,52,8,133,122,128,64" hai3="13,83,41,98,46,69,111,78,125,94,120,73,70"/><W0/><G120/><T54/><D109/><U113/><E108/><V104/><F105/><W30/><G111/><T86/><D119/><U91/><E116/><V53/><F104/><W97/><G125/><N who="0" m="47627" /><D65/><U31/><E113/><V129/><F122/><W16/><G98/><N who="0" m="61783" /><D115/><U50/><E132/><V17/><F133/><W61/><G30/><T131/><D134/><U3/><E3/><N who="2" m="95" /><F90/><W15/><G0/><T7/><D131/><N who="2" m="50250" /><F57/><W67/><G16/><T72/><D72/><U25/><E75/><V92/><F92/><W20/><G20/><N who="0" m="15463" /><D86/><U14/><E74/><V103/><F103/><W51/><REACH who="3" step="1"/><G70/><REACH who="3" ten="417,82,434,57" step="2"/><T59/><D11/><U43/><E71/><V56/><F17/><W99/><G99/><T39/><D7/><U79/><E31/><V42/><F24/><W81/><G81/><T118/><D118/><U9/><E25/><V87/><F87/><W123/><G123/><T26/><D26/><U10/><E85/><V110/><F110/><W19/><G19/><T35/><D35/><U58/><E34/><V135/><F135/><W1/><G1/><T12/><D12/><U130/><E14/><V21/><F21/><W47/><G47/><T66/><D66/><U76/><E130/><V80/><F80/><W82/><G82/><T48/><D39/><U5/><E37/><V68/><F68/><W101/><AGARI ba="0,1" hai="13,15,41,46,51,61,67,69,73,78,83,94,97,101" machi="101" ten="20,12000,1" yaku="1,1,0,1,7,1,52,1,53,1" doraHai="40" doraHaiUra="44" who="3" fromWho="3" sc="417,-40,82,-40,434,-40,57,130" />
</Scene>
<Scene>
<INIT seed="7,1,0,5,1,74" ten="377,42,394,187" oya="3" hai0="89,2,34,4,85,82,95,70,86,123,111,100,36" hai1="40,47,21,32,130,13,61,27,101,37,106,38,41" hai2="126,59,9,48,19,75,80,112,33,90,104,18,39" hai3="20,3,23,49,122,109,131,65,118,117,116,115,5"/><W44/><G65/><T77/><D111/><U0/><E130/><V103/><F39/><W97/><G131/><T67/><D123/><U92/><E106/><V50/><F33/><W62/><G62/><T10/><D34/><U17/><E101/><V54/><F103/><W76/><G122/><T12/><D36/><U11/><E92/><V15/><F104/><W96/><G109/><T25/><D100/><U125/><E125/><V84/><F126/><W35/><G115/><T64/><D25/><N who="1" m="14511" /><E61/><V107/><F107/><W55/><G35/><T99/><D70/><U88/><E88/><V132/><F112/><W43/><G76/><N who="0" m="46279" /><D2/><U108/><E108/><V102/><F102/><W110/><G110/><T6/><D6/><N who="1" m="1479" /><E41/><V60/><F132/><W114/><G114/><T81/><AGARI ba="1,0" hai="4,10,12,64,67,77,81,86,89,95,99" m="46279" machi="81" ten="30,4000,0" yaku="8,1,52,2" doraHai="74" who="0" fromWho="0" sc="377,43,42,-11,394,-11,187,-21" owari="420,52.0,31,-47.0,383,18.0,166,-23.0" />
</Scene>
</mjloggm>