<mjloggm ver="2.3"><GO type="169"/><UN n0="%E5%A4%AA%E3%81%8F%E3%81%AA%E3%81%84%E3%81%8A" n1="%74%65%6E%68%6F%75%28%E7%AC%91" n2="%E3%83%9A%E3%83%81%E3%83%A7%E3%83%BC%E3%83%AA%E3%83%B3" n3="%E8%B5%A4%E6%9C%A8%E3%81%97%E3%81%92%E3%82%8B%61%73" dan="18,16,17,16" rate="2206,2076,2160,2079" sx="M,M,M,F"/><TAIKYOKU oya="0"/>

<Scene>
<INIT seed="0,0,0,4,0,60" ten="250,250,250,250" oya="0" hai0="104,63,6,132,102,83,41,100,126,87,124,32,53" hai1="4,105,115,118,19,48,64,76,38,3,61,39,2" hai2="125,15,119,51,93,134,12,111,107,77,91,98,57" hai3="127,37,112,82,108,97,5,45,99,73,22,29,89"/><T17/><D32/><U21/><E118/><V69/><F69/><W8/><G112/><T121/><D121/><U106/><E115/><V34/><F34/><W46/><G108/><T128/><D6/><U40/><E76/><V75/><F107/><W67/><G127/><N who="0" m="48683" /><D41/><U66/><E48/><V56/><F125/><W110/><G110/><T27/><D104/><U7/><E40/><V1/><F1/><W65/><G73/><T86/><D128/><U135/><E61/><V129/><F111/><W59/><G59/><N who="0" m="35311" /><D132/><U131/><E131/><V55/><F134/><W62/><G62/><T133/><D133/><U31/><E135/><V23/><F129/><W81/><G37/><T9/><D9/><U90/><E90/><V0/><F0/><W35/><G35/><T44/><D44/><N who="3" m="17001" /><G8/><T18/><D87/><U84/><E84/><V122/><F122/><W117/><G5/><T120/><D120/><U50/><E21/><V26/><F119/><W95/><G117/><T80/><D80/><N who="3" m="30825" /><G99/><T74/><D74/><U70/><E50/><N who="2" m="30839" /><F75/><W10/><G10/><T88/><D27/><AGARI ba="0,0" hai="22,27,29,65,67,89,95,97" m="30825,17001" machi="27" ten="30,3900,0" yaku="8,1,52,2" doraHai="60" who="3" fromWho="0" sc="250,-39,250,0,250,0,250,39" />
</Scene>
<Scene>
<INIT seed="1,0,0,3,2,71" ten="211,250,250,289" oya="1" hai0="22,40,56,50,98,68,55,47,20,5,80,114,24" hai1="21,113,57,76,75,39,123,52,30,100,119,92,69" hai2="105,96,117,109,125,15,12,129,31,16,36,44,78" hai3="63,73,7,135,115,58,18,77,62,87,94,0,82"/><U89/><E69/><V134/><F117/><W126/><G115/><T132/><D114/><U29/><E113/><V2/><F2/><W102/><G135/><T43/><D132/><U49/><E119/><V3/><F3/><W65/><G126/><T110/><D110/><U111/><E123/><V99/><F78/><W33/><G33/><T108/><D108/><U107/><E111/><V13/><F31/><W35/><G35/><T41/><D68/><U116/><E116/><V10/><F134/><W81/><G7/><T46/><D5/><U128/><E128/><V25/><F129/><W84/><G0/><T133/><D133/><U38/><E21/><V130/><F130/><W45/><G45/><T90/><D20/><U124/><E124/><V64/><F64/><W34/><G34/><T23/><D22/><U61/><E61/><V54/><F125/><W127/><G127/><T51/><D47/><U104/><E107/><V48/><F36/><W42/><G42/><T86/><REACH who="0" step="1"/><D98/><REACH who="0" ten="201,250,250,289" step="2"/><N who="1" m="61463" /><E29/><AGARI ba="0,1" hai="23,24,29,40,41,43,46,50,51,55,56,80,86,90" machi="29" ten="30,3900,0" yaku="1,1,7,1,8,1,53,0" doraHai="71" doraHaiUra="11" who="0" fromWho="1" sc="201,49,250,-39,250,0,289,0" />
</Scene>
<Scene>
<INIT seed="2,0,0,4,3,110" ten="250,211,250,289" oya="2" hai0="9,58,55,62,28,95,68,35,39,72,33,104,13" hai1="30,75,17,90,38,111,78,59,135,8,36,128,71" hai2="101,129,10,47,102,19,89,60,4,27,11,50,6" hai3="7,133,42,76,77,108,66,113,106,131,16,57,48"/><V45/><F129/><W74/><G131/><T103/><D72/><U123/><E128/><V97/><F60/><W70/><G108/><T34/><D39/><U73/><E111/><V44/><F50/><W134/><G106/><T84/><D68/><U130/><E71/><V98/><F27/><W114/><G7/><N who="2" m="2601" /><F89/><W81/><G76/><T18/><D104/><U132/><E123/><V79/><F79/><W43/><G70/><T119/><D119/><U21/><E38/><V115/><F115/><N who="3" m="44043" /><G16/><T107/><D107/><U25/><E36/><V31/><F31/><W116/><G116/><T124/><D28/><U118/><E130/><V14/><F11/><W92/><G92/><T0/><D95/><U37/><E37/><V109/><F109/><W20/><G20/><T29/><D29/><U2/><E75/><V24/><F24/><W56/><G56/><T83/><D35/><U86/><E2/><V82/><F82/><W1/><G1/><T85/><D34/><U65/><E73/><V64/><F19/><W105/><G105/><T26/><D33/><U32/><E32/><V91/><F10/><W54/><G66/><T127/><D26/><U117/><E117/><V126/><F64/><W125/><G125/><T88/><D0/><U96/><E118/><V94/><F126/><W46/><G43/><T93/><D127/><U23/><E135/><V112/><F112/><W80/><G80/><T41/><D124/><U49/><E132/><V122/><F94/><W63/><AGARI ba="0,0" hai="42,46,48,54,57,63,74,77,81,133,134" m="44043" machi="63" ten="30,7900,0" yaku="11,1,52,3" doraHai="110" who="3" fromWho="3" sc="250,-20,211,-20,250,-39,289,79" />
</Scene>
<Scene>
<INIT seed="3,0,0,4,5,100" ten="230,191,211,368" oya="3" hai0="24,50,122,113,76,84,65,43,126,94,16,74,118" hai1="70,4,90,58,87,124,71,7,131,121,120,38,72" hai2="46,128,103,62,18,41,108,75,132,25,89,78,48" hai3="11,15,125,13,129,22,17,123,67,31,105,96,114"/><W101/><G123/><T77/><D122/><U34/><E72/><V109/><F128/><W68/><G114/><T8/><D118/><U80/><E38/><V110/><F132/><W0/><G129/><T27/><D113/><U91/><E34/><V111/><F103/><W35/><G125/><T26/><D126/><U10/><E131/><V55/><F89/><W93/><G0/><T73/><D65/><U12/><E124/><V2/><F2/><W29/><G35/><T86/><D74/><U133/><E133/><V135/><F135/><W85/><G67/><T99/><D73/><U95/><E58/><V69/><F69/><W81/><G68/><T59/><D84/><U14/><E71/><V30/><F18/><W1/><G1/><T28/><D28/><U21/><E70/><V102/><F102/><W33/><G105/><T6/><D86/><U54/><E54/><V5/><F5/><W39/><G39/><T3/><D16/><U63/><E63/><V52/><N who="2" m="27648" /><DORA hai="37" /><V104/><F104/><W49/><G49/><T92/><D92/><U130/><E130/><V47/><F62/><W23/><G33/><T82/><D82/><U42/><E121/><V45/><F55/><W112/><G112/><T83/><D83/><U98/><E120/><V117/><F117/><W40/><G29/><T53/><REACH who="0" step="1"/><D43/><REACH who="0" ten="220,191,211,368" step="2"/><U107/><E42/><V64/><F64/><W20/><G40/><T9/><D9/><N who="1" m="4135" /><E107/><V57/><F41/><W88/><G31/><T32/><D32/><U66/><E66/><V36/><F75/><W60/><G15/><T51/><D51/><RYUUKYOKU ba="0,1" sc="220,10,191,10,211,-30,368,10" hai0="3,6,8,24,26,27,50,53,59,76,77,94,99" hai1="7,10,14,21,80,87,90,91,95,98" hai3="11,13,17,20,22,23,60,81,85,88,93,96,101" />
</Scene>
<Scene>
<INIT seed="3,1,1,0,1,129" ten="230,201,181,378" oya="3" hai0="46,84,43,27,19,34,39,128,55,88,118,28,52" hai1="107,98,116,95,111,121,21,40,134,20,68,33,100" hai2="119,48,131,6,5,65,64,105,123,120,41,32,132" hai3="109,71,47,11,96,112,62,0,115,97,124,73,108"/><W67/><G73/><T45/><D118/><U22/><E121/><N who="2" m="46667" /><F119/><W92/><G124/><T42/><D128/><U72/><E116/><V79/><F105/><W9/><G47/><T2/><D2/><U113/><E113/><V13/><F32/><W101/><G96/><T63/><D19/><U7/><E72/><V56/><F131/><W125/><G125/><T76/><D76/><U117/><E68/><V61/><F79/><W58/><G0/><T66/><D66/><U103/><E117/><V38/><F38/><W82/><G82/><T135/><D63/><U1/><E33/><V90/><F64/><W10/><REACH who="3" step="1"/><G71/><REACH who="3" ten="230,201,181,368" step="2"/><T37/><D135/><U54/><E134/><V44/><F44/><W122/><G122/><T81/><AGARI ba="1,2" hai="27,28,34,37,39,42,43,45,46,52,55,81,84,88" machi="81" ten="20,8000,1" yaku="0,1,7,1,9,1,54,2" doraHai="129" who="0" fromWho="0" sc="230,103,201,-21,181,-21,368,-41" />
</Scene>
<Scene>
<INIT seed="4,0,0,5,3,115" ten="333,180,160,327" oya="0" hai0="108,110,0,11,36,76,127,96,121,66,98,95,81" hai1="12,15,119,23,29,63,3,38,84,53,83,49,93" hai2="42,43,26,74,67,55,116,34,65,62,123,9,86" hai3="87,10,117,58,25,130,54,7,92,61,71,13,59"/><T70/><D121/><U105/><E105/><V82/><F123/><W90/><G130/><T47/><D127/><U134/><E38/><V69/><F74/><W79/><G71/><T2/><D70/><U28/><E134/><V102/><F67/><W72/><G72/><N who="0" m="43143" /><D66/><U68/><E3/><V132/><F132/><W101/><G79/><T128/><D128/><U56/><E93/><V77/><F102/><W114/><G114/><T30/><D30/><U16/><E119/><V120/><F120/><W109/><G101/><N who="0" m="60575" /><D98/><U112/><E112/><V41/><F9/><W103/><G103/><T97/><D97/><U22/><E68/><V20/><F55/><W8/><G54/><T88/><D88/><N who="1" m="51231" /><E63/><V57/><F34/><W99/><G61/><T125/><D125/><U5/><E5/><V48/><F69/><W122/><G99/><T124/><D124/><U45/><E56/><V104/><F104/><W19/><G58/><T17/><D17/><AGARI ba="0,0" hai="12,15,16,17,22,23,28,29,45,49,53" m="51231" machi="17" ten="30,3900,0" yaku="8,1,54,2" doraHai="115" who="1" fromWho="0" sc="333,-39,180,39,160,0,327,0" />
</Scene>
<Scene>
<INIT seed="5,0,0,4,1,32" ten="294,219,160,327" oya="1" hai0="113,105,94,114,66,96,23,0,87,25,48,44,30" hai1="135,46,118,119,64,52,132,120,35,63,65,17,9" hai2="80,60,124,134,56,125,107,49,89,38,28,16,4" hai3="75,26,121,106,12,102,59,2,67,3,24,73,45"/><U58/><E35/><V51/><F38/><W36/><G121/><T53/><D105/><U72/><E72/><V83/><F107/><W62/><G75/><T39/><D39/><U22/><E120/><V110/><F110/><W10/><G73/><T27/><D87/><U31/><E31/><V111/><F111/><W81/><G81/><N who="2" m="31305" /><F28/><W115/><G115/><N who="0" m="44043" /><D66/><N who="1" m="25707" /><E9/><V95/><F134/><N who="1" m="51241" /><E22/><V116/><F116/><N who="1" m="44585" /><E17/><V127/><F16/><W126/><G10/><T122/><D122/><U18/><E18/><V78/><F78/><W104/><G26/><N who="0" m="16735" /><D0/><U79/><E79/><V92/><F4/><W50/><G2/><T76/><D76/><U13/><E13/><V37/><F37/><W42/><G3/><T69/><D69/><U21/><E21/><V70/><F70/><W40/><G12/><T133/><D133/><U97/><E97/><N who="2" m="57487" /><F95/><W8/><G104/><T93/><D93/><U47/><AGARI ba="0,0" hai="46,47,52,58,63" m="44585,51241,25707" machi="47" ten="40,12000,1" yaku="20,1,34,2,54,1" doraHai="32" who="1" fromWho="1" sc="294,-40,219,120,160,-40,327,-40" />
</Scene>
<Scene>
<INIT seed="5,1,0,3,3,78" ten="254,339,120,287" oya="1" hai0="92,86,29,76,111,91,89,75,27,10,98,3,121" hai1="24,16,115,105,44,110,135,119,61,57,85,48,123" hai2="109,22,59,69,54,81,2,21,40,43,112,93,125" hai3="47,101,6,8,37,97,131,20,63,66,15,88,71"/><U34/><E123/><V31/><F69/><W100/><G131/><T33/><D111/><U50/><E119/><V79/><F2/><W132/><G132/><T128/><D128/><U87/><E115/><V84/><F109/><W106/><G100/><T28/><D121/><U46/><E105/><V65/><F125/><W12/><G20/><T41/><D41/><U116/><E116/><V68/><F112/><W126/><G126/><T124/><D124/><U38/><E38/><V49/><F22/><W18/><G37/><T95/><D29/><U113/><E113/><V42/><F93/><W5/><G47/><T30/><D30/><U102/><E102/><V39/><F39/><W104/><G15/><T107/><D107/><U99/><E99/><V90/><F68/><W134/><G106/><T83/><D10/><U82/><E34/><V114/><F114/><W55/><G134/><T80/><REACH who="0" step="1"/><D3/><REACH who="0" ten="244,339,120,287" step="2"/><U1/><E1/><V67/><REACH who="2" step="1"/><F79/><REACH who="2" ten="244,339,110,287" step="2"/><W130/><G104/><T45/><D45/><U117/><E46/><V103/><F103/><W94/><G101/><T120/><D120/><U96/><E44/><V11/><F11/><W127/><G127/><T19/><D19/><U64/><E16/><V56/><F56/><W60/><G130/><T32/><D32/><U74/><E57/><V13/><F13/><W133/><G133/><T36/><D36/><U129/><E135/><V122/><F122/><W73/><G18/><T51/><D51/><U58/><E50/><V53/><F53/><W26/><G8/><T9/><D9/><U23/><E129/><V7/><F7/><RYUUKYOKU ba="1,2" sc="244,15,339,-15,110,15,287,-15" hai0="27,28,33,75,76,80,83,86,89,91,92,95,98" hai2="21,31,40,42,43,49,54,59,65,67,81,84,90" />
</Scene>
<Scene>
<INIT seed="6,2,2,5,3,93" ten="259,324,125,272" oya="2" hai0="8,48,94,39,50,13,129,71,31,53,103,104,12" hai1="51,20,41,69,61,28,113,133,44,11,84,45,4" hai2="83,118,109,63,75,97,87,1,127,15,116,117,3" hai3="122,38,114,107,81,92,29,26,78,125,46,9,74"/><V79/><F127/><W77/><G122/><T128/><D39/><U49/><E113/><V121/><F121/><W96/><G107/><T124/><D71/><U21/><E133/><V34/><F34/><W14/><G78/><T106/><D31/><U95/><E69/><V67/><F109/><W115/><G125/><T119/><D124/><U62/><E84/><V58/><F75/><W37/><G46/><N who="0" m="27799" /><D50/><U72/><E72/><V16/><REACH who="2" step="1"/><F97/><REACH who="2" ten="259,324,115,272" step="2"/><W52/><G114/><T24/><D119/><U56/><E41/><V27/><F27/><W60/><G115/><T23/><D24/><U85/><E85/><V64/><F64/><W131/><G26/><T36/><D129/><U76/><E45/><V32/><F32/><W112/><G131/><T132/><D128/><U25/><E44/><V66/><F66/><W30/><G112/><T6/><D132/><U110/><E25/><V42/><F42/><W40/><G40/><T120/><D120/><U70/><E110/><V86/><F86/><W91/><G29/><T22/><D36/><U73/><E73/><V134/><F134/><W88/><G30/><T54/><D54/><U19/><E28/><V82/><F82/><W123/><G123/><T89/><D106/><U105/><E105/><V99/><F99/><W80/><G80/><T102/><D104/><U33/><E33/><V90/><F90/><W135/><G91/><T65/><D65/><U35/><E35/><V108/><F108/><W43/><G43/><T17/><D103/><U98/><E98/><V101/><F101/><W59/><G135/><T2/><D102/><RYUUKYOKU ba="2,3" sc="259,-15,324,-15,115,15,272,15" hai2="1,3,15,16,58,63,67,79,83,87,116,117,118" hai3="9,14,37,38,52,59,60,74,77,81,88,92,96" />
</Scene>
<Scene>
<INIT seed="6,3,3,5,3,82" ten="244,309,130,287" oya="2" hai0="54,22,79,17,34,1,50,130,81,116,119,21,51" hai1="36,53,135,45,100,60,110,68,121,120,112,41,63" hai2="47,12,62,104,118,10,75,33,87,4,39,74,14" hai3="3,99,126,96,2,15,107,18,37,102,111,88,83"/><V58/><F118/><N who="0" m="45098" /><D34/><U71/><E110/><V8/><F104/><W91/><G111/><T9/><D130/><U35/><E35/><V42/><F33/><W65/><G37/><T127/><D127/><U109/><E109/><V78/><F78/><W55/><G126/><T129/><D129/><U6/><E6/><V52/><REACH who="2" step="1"/><F87/><REACH who="2" ten="244,309,120,287" step="2"/><W113/><G113/><T114/><D114/><U24/><E112/><V105/><F105/><W85/><G99/><T92/><D79/><U28/><E121/><V80/><F80/><W94/><G107/><T69/><D81/><U16/><E120/><V46/><F46/><W64/><G83/><T89/><D92/><U124/><E45/><V25/><F25/><W66/><G85/><T32/><D32/><U11/><E24/><V13/><F13/><W43/><G15/><T125/><D125/><U61/><E124/><V93/><F93/><W20/><G94/><T90/><D1/><U38/><E135/><V72/><F72/><W40/><G2/><T73/><D73/><U134/><E134/><V97/><F97/><W103/><G3/><T132/><D132/><U57/><E71/><V30/><F30/><W122/><G96/><T98/><D69/><U101/><E28/><V31/><F31/><W19/><G122/><T59/><D98/><U133/><E68/><V131/><F131/><W0/><G0/><T117/><D117/><U123/><E133/><V48/><F48/><W77/><G77/><T49/><D51/><N who="1" m="30911" /><E123/><V115/><F115/><W67/><N who="3" m="16384" /><DORA hai="56" /><W128/><G128/><T84/><D50/><U70/><E70/><RYUUKYOKU ba="3,4" sc="244,-10,309,-10,120,30,287,-10" hai2="4,8,10,12,14,39,42,47,52,58,62,74,75" />
</Scene>
<Scene>
<INIT seed="6,4,4,0,3,109" ten="234,299,150,277" oya="2" hai0="118,30,27,61,125,41,64,94,134,123,107,48,121" hai1="28,29,120,117,114,10,6,128,37,63,96,116,92" hai2="111,89,87,19,8,133,104,44,85,105,80,39,70" hai3="83,77,93,119,0,24,54,35,74,67,88,40,78"/><V4/><F70/><W68/><G119/><T129/><D107/><U124/><E120/><V58/><F111/><W22/><G35/><T98/><D118/><U50/><E37/><V25/><F133/><W97/><G0/><T62/><D134/><U2/><E124/><V51/><F39/><W23/><G77/><T38/><D38/><U55/><E128/><V17/><F58/><W81/><G83/><T86/><D86/><U43/><E63/><V91/><F105/><W52/><G40/><T14/><D14/><U66/><E66/><V90/><F104/><W127/><G127/><T5/><D5/><U112/><E43/><N who="2" m="24991" /><F25/><W99/><G99/><T100/><D125/><U75/><E75/><V26/><F26/><W33/><G33/><T135/><D129/><U57/><E117/><V130/><F130/><W21/><REACH who="3" step="1"/><G24/><REACH who="3" ten="234,299,150,267" step="2"/><T113/><D135/><U46/><E116/><V101/><F101/><W7/><G7/><T103/><D100/><N who="1" m="60423" /><E46/><V9/><F4/><W15/><G15/><T84/><D121/><U31/><E2/><V122/><F122/><W13/><G13/><T53/><D123/><U16/><E6/><V132/><F132/><W79/><G79/><T36/><D41/><U12/><E12/><V65/><F65/><W56/><G56/><T60/><D64/><U73/><E73/><V20/><F20/><W131/><G131/><T59/><D36/><U34/><E34/><V3/><F3/><W1/><G1/><T45/><D59/><U102/><E102/><V11/><F80/><W115/><G115/><N who="1" m="44074" /><E10/><V18/><AGARI ba="4,5" hai="8,9,11,17,18,19,85,87,89,90,91" m="24991" machi="18" ten="40,7800,0" yaku="29,2,8,1" doraHai="109" who="2" fromWho="2" sc="234,-30,299,-30,150,140,267,-30" />
</Scene>
<Scene>
<INIT seed="6,5,0,5,2,126" ten="204,269,290,237" oya="2" hai0="134,125,112,42,43,46,13,104,128,51,17,16,130" hai1="4,99,120,71,103,55,47,11,97,80,61,86,32" hai2="44,127,7,37,21,56,33,10,89,135,110,66,28" hai3="62,18,85,72,122,29,131,108,106,67,115,31,81"/><V119/><F119/><W22/><G122/><T39/><D104/><U124/><E124/><V53/><F33/><W5/><G108/><T88/><D125/><U100/><E32/><V36/><F127/><W79/><G106/><T40/><D112/><U121/><E71/><V6/><F66/><W2/><G115/><T57/><D134/><U1/><E97/><V95/><F7/><W34/><G34/><T133/><D133/><U8/><E8/><V129/><F44/><W65/><G131/><N who="0" m="50219" /><D88/><N who="1" m="51271" /><E99/><V77/><F77/><W20/><G5/><T26/><D26/><U83/><E83/><V24/><F110/><W76/><G2/><T118/><D118/><U49/><E61/><V123/><F123/><AGARI ba="5,0" hai="1,4,11,47,49,55,100,103,120,121,123" m="51271" machi="123" ten="30,2000,0" yaku="13,1,54,1" doraHai="126" who="1" fromWho="2" sc="204,0,269,35,290,-35,237,0" />
</Scene>
<Scene>
<INIT seed="7,0,0,0,2,64" ten="204,304,255,237" oya="3" hai0="74,116,33,85,10,90,114,53,11,40,78,62,124" hai1="95,9,117,107,92,109,71,49,63,94,82,97,67" hai2="87,47,130,52,4,76,102,115,66,125,6,27,129" hai3="73,18,46,111,75,131,99,7,5,126,2,22,91"/><W86/><G131/><N who="2" m="50185" /><F115/><W112/><G112/><T89/><D114/><U48/><E109/><V119/><F119/><W24/><G126/><T134/><D116/><U79/><E9/><V34/><F102/><W15/><G111/><T113/><D113/><U32/><E32/><V12/><F66/><W31/><G99/><T108/><D108/><U80/><E80/><N who="2" m="47495" /><F12/><W37/><G37/><T123/><D33/><U58/><E117/><V45/><F125/><W20/><G46/><N who="2" m="17417" /><F52/><W42/><G42/><T26/><D124/><U28/><E28/><AGARI ba="0,0" hai="4,6,27,28,34" m="17417,47495,50185" machi="28" ten="30,1000,0" yaku="19,1" doraHai="64" who="2" fromWho="1" sc="204,0,304,-10,255,10,237,0" />
</Scene>
<Scene>
<INIT seed="8,0,0,2,5,41" ten="204,294,265,237" oya="0" hai0="132,118,81,18,29,33,119,77,48,115,87,129,73" hai1="79,123,130,64,112,3,106,14,55,105,108,135,75" hai2="36,23,76,40,111,124,70,113,86,34,85,91,84" hai3="101,63,24,78,122,16,1,30,52,39,22,126,92"/><T116/><D115/><U133/><E112/><V80/><F34/><W5/><G126/><T32/><D132/><N who="1" m="50763" /><E3/><V100/><F70/><W6/><G39/><T43/><D129/><U12/><E130/><V13/><F100/><W99/><G122/><T54/><D43/><U134/><E108/><V88/><F111/><W109/><G109/><T94/><D29/><U37/><E37/><V25/><F124/><W2/><G78/><T98/><D18/><U38/><E38/><V67/><F67/><W62/><G1/><T121/><D73/><U11/><E11/><V74/><F13/><N who="1" m="5225" /><E123/><V127/><F127/><W103/><G2/><T19/><D19/><U20/><E20/><V83/><F113/><W42/><G42/><T7/><D7/><N who="3" m="2569" /><G30/><T9/><D9/><U61/><E55/><V128/><F128/><W10/><G10/><T50/><D121/><U131/><E131/><V26/><F26/><W102/><G62/><T65/><D65/><U60/><E60/><V89/><F36/><W31/><G31/><T56/><REACH who="0" step="1"/><D50/><REACH who="0" ten="194,294,265,237" step="2"/><U71/><E134/><V97/><F40/><W104/><G104/><T35/><D35/><U0/><E0/><V110/><F110/><W114/><G114/><T53/><D53/><U125/><E125/><V57/><F74/><W45/><G63/><T96/><D96/><U69/><E71/><V27/><F97/><W93/><G99/><T49/><D49/><AGARI ba="0,1" hai="16,22,24,45,49,52,92,93,101,102,103" m="2569" machi="49" ten="30,7700,0" yaku="8,1,52,1,54,2" doraHai="41" who="3" fromWho="0" sc="194,-77,294,0,265,0,237,87" owari="117,-38.0,294,9.0,265,-13.0,324,42.0" />
</Scene>
</mjloggm>