<mjloggm ver="2.3"><GO type="41"/><UN n0="%65%69%74%61%72%6F%37%37" n1="%E3%83%8B%E3%83%A5%E3%83%BC%E3%83%A8%E3%83%BC%E3%82%AB%E3%83%BC" n2="%E3%81%8A%E3%81%8A%E3%81%8D%E3%81%AB" n3="%E5%A4%AA%E3%81%8F%E3%81%AA%E3%81%84%E3%81%8A" dan="15,14,15,13" rate="2010,1836,1961,1962" sx="M,M,M,M"/><TAIKYOKU oya="0"/>

<Scene>
<INIT seed="0,0,0,3,1,63" ten="250,250,250,250" oya="0" hai0="126,125,82,6,30,68,69,35,41,87,33,94,1" hai1="91,18,16,13,131,65,53,25,75,22,101,95,98" hai2="44,74,106,60,14,73,27,102,107,26,42,11,109" hai3="80,89,31,105,64,110,15,46,103,56,84,135,17"/><T116/><D116/><U52/><E75/><V117/><F117/><W120/><G110/><T48/><D94/><U62/><E131/><V57/><F109/><W36/><G135/><T127/><D30/><U47/><E47/><V71/><F71/><N who="0" m="27210" /><D6/><U51/><E51/><N who="2" m="27031" /><F107/><W2/><G2/><T113/><D1/><U24/><E91/><V97/><F74/><W132/><G132/><T122/><D113/><U124/><E124/><N who="0" m="31745" /><T134/><DORA hai="61" /><D122/><U59/><E25/><V83/><F73/><W10/><G31/><T9/><D134/><U133/><E133/><V0/><F0/><W112/><G112/><T21/><D9/><AGARI ba="0,0" hai="9,13,16,18,22,24,52,53,59,62,65,95,98,101" machi="9" ten="30,12000,2" yaku="7,1,8,1,52,2,54,2" doraHai="63,61" who="1" fromWho="0" sc="250,-120,250,120,250,0,250,0" />
</Scene>
<Scene>
<INIT seed="1,0,0,4,0,120" ten="130,370,250,250" oya="1" hai0="14,70,46,2,45,122,60,30,28,18,36,4,38" hai1="68,11,69,135,129,100,72,15,84,80,8,66,65" hai2="106,82,25,10,119,52,49,56,43,0,94,121,131" hai3="115,12,118,99,126,109,113,44,40,32,37,90,114"/><U3/><E3/><V17/><F106/><W104/><G32/><T73/><D122/><U23/><E72/><V33/><F121/><W6/><G126/><T110/><D4/><U35/><E35/><V29/><F131/><W97/><G118/><T47/><D2/><U20/><E100/><V48/><F119/><W50/><G104/><T112/><D73/><U39/><E39/><V79/><F94/><W51/><G109/><T62/><D112/><U67/><E129/><V21/><F43/><W81/><G81/><T31/><D110/><U128/><E128/><V55/><F0/><W102/><G90/><T103/><D103/><U88/><E135/><V124/><F124/><W9/><REACH who="3" step="1"/><G102/><REACH who="3" ten="130,370,250,240" step="2"/><T16/><D14/><U107/><E107/><V130/><F130/><W86/><G86/><T5/><D5/><U64/><N who="1" m="16896" /><DORA hai="27" /><U87/><E69/><V53/><F33/><W92/><G92/><T13/><D70/><U116/><E68/><V57/><F82/><W95/><G95/><T77/><D13/><U101/><E116/><V42/><F79/><W19/><G19/><N who="0" m="7211" /><D77/><N who="1" m="46095" /><E101/><V34/><F34/><W76/><G76/><T58/><D58/><N who="2" m="22634" /><F17/><W117/><G117/><T93/><D93/><N who="1" m="54431" /><E15/><V111/><F111/><W22/><G22/><AGARI ba="0,1" hai="8,11,20,22,23" m="54431,46095,16896" machi="22" ten="40,3900,0" yaku="8,1,54,1" doraHai="120,27" who="1" fromWho="3" sc="130,0,370,49,250,0,240,-39" />
</Scene>
<Scene>
<INIT seed="1,1,0,1,2,84" ten="130,419,250,201" oya="1" hai0="131,85,132,53,57,66,28,6,46,78,24,31,44" hai1="97,109,61,30,106,118,104,14,86,112,45,56,125" hai2="21,39,113,101,120,11,94,41,134,18,126,35,110" hai3="88,25,67,130,100,38,98,63,50,49,111,129,12"/><U2/><E112/><V1/><F39/><W128/><G38/><T90/><D131/><U26/><E2/><V96/><F41/><W58/><G111/><T74/><D132/><U133/><E118/><V69/><F120/><W27/><G12/><T52/><D78/><U107/><E133/><V87/><F134/><W64/><G64/><T70/><D74/><U79/><E125/><V72/><F110/><W105/><REACH who="3" step="1"/><G88/><REACH who="3" ten="130,419,250,191" step="2"/><T102/><D70/><U116/><E109/><V127/><F113/><W0/><G0/><T13/><D102/><U135/><E116/><V115/><F69/><W17/><G17/><T32/><D6/><U121/><E135/><V65/><F115/><W91/><G91/><T19/><D31/><U68/><E121/><V124/><F65/><W81/><G81/><T40/><D66/><U29/><E68/><V122/><F122/><W123/><G123/><T108/><D108/><U3/><E3/><V89/><F1/><W55/><G55/><T8/><D53/><U54/><E54/><V83/><F11/><W16/><G16/><T119/><D119/><U62/><E14/><N who="2" m="9431" /><F72/><W47/><G47/><T59/><D46/><U23/><E45/><V117/><F117/><W33/><G33/><AGARI ba="1,1" hai="33,35,83,87,89,94,96,101,124,126,127" m="9431" machi="33" ten="30,2000,0" yaku="18,1,52,1" doraHai="84" who="2" fromWho="3" sc="130,0,419,0,250,33,191,-23" />
</Scene>
<Scene>
<INIT seed="2,0,0,3,1,113" ten="130,419,283,168" oya="2" hai0="89,38,63,43,29,78,28,37,80,0,79,26,83" hai1="57,39,32,100,69,121,76,60,44,15,106,65,88" hai2="74,114,1,59,96,66,132,72,21,127,25,91,84" hai3="112,41,85,10,16,97,2,109,62,17,133,7,56"/><V50/><F114/><W123/><G112/><T23/><D0/><U55/><E76/><V73/><F1/><W92/><G123/><T117/><D43/><U9/><E121/><V34/><F34/><W58/><G109/><T68/><D89/><U24/><E44/><V116/><F116/><W135/><G41/><T19/><D63/><U98/><E39/><V90/><F132/><N who="3" m="50763" /><G85/><T46/><D68/><U3/><E3/><V101/><F127/><W5/><G5/><T134/><D46/><U108/><E108/><V131/><F131/><W27/><G27/><T64/><D134/><U81/><E81/><V13/><F13/><W48/><G48/><T122/><D64/><U49/><E88/><V47/><F84/><W130/><G130/><T105/><D122/><U119/><E119/><V77/><F77/><W103/><G58/><T71/><D117/><U86/><E15/><V45/><F66/><AGARI ba="0,0" hai="2,7,10,16,17,56,62,66,92,97,103" m="50763" machi="66" ten="30,2000,0" yaku="20,1,54,1" doraHai="113" who="3" fromWho="2" sc="130,0,419,0,283,-20,168,20" />
</Scene>
<Scene>
<INIT seed="3,0,0,3,4,49" ten="130,419,263,188" oya="3" hai0="131,3,122,133,30,13,68,12,17,48,128,132,106" hai1="61,105,34,79,56,18,36,69,120,93,57,31,84" hai2="129,135,71,55,25,53,2,38,114,99,104,6,9" hai3="65,33,64,130,80,40,82,45,60,113,50,127,29"/><W54/><G113/><T92/><D122/><U97/><E36/><V1/><F71/><W91/><G127/><T62/><D68/><U8/><E105/><V95/><F114/><W59/><G130/><N who="0" m="49707" /><D106/><U100/><E69/><V81/><F129/><W98/><G33/><T88/><D62/><U119/><E119/><V86/><F104/><W27/><G98/><N who="0" m="57607" /><D3/><U125/><E125/><V108/><F1/><W23/><REACH who="3" step="1"/><G91/><REACH who="3" ten="130,419,263,178" step="2"/><T47/><D30/><U15/><E120/><V10/><F135/><N who="0" m="51786" /><D17/><U74/><E34/><V24/><F108/><W75/><G75/><T76/><D76/><U41/><E74/><V32/><F32/><W111/><G111/><T0/><D0/><U44/><E79/><V19/><F19/><W121/><G121/><T118/><D118/><U85/><E31/><V107/><F2/><W96/><G96/><T43/><AGARI ba="0,1" hai="12,13,43,47,48" m="51786,57607,49707" machi="43" ten="30,4000,0" yaku="19,1,20,1,54,1" doraHai="49" who="0" fromWho="0" sc="130,50,419,-10,263,-10,178,-20" />
</Scene>
<Scene>
<INIT seed="4,0,0,4,2,134" ten="180,409,253,158" oya="0" hai0="39,91,41,64,44,29,108,121,59,104,67,25,105" hai1="84,40,77,130,30,47,62,58,97,50,2,69,81" hai2="14,123,129,12,0,33,125,132,79,90,21,37,76" hai3="8,117,131,124,119,88,114,122,66,93,7,101,9"/><T118/><D121/><U116/><E2/><V120/><F0/><W68/><G122/><T16/><D118/><U31/><E116/><V94/><F33/><W15/><G114/><T28/><D108/><U35/><E130/><V6/><F132/><W17/><G131/><T83/><D67/><U92/><E69/><V45/><F129/><W3/><G101/><T5/><D5/><U55/><REACH who="1" step="1"/><E35/><REACH who="1" ten="180,399,253,158" step="2"/><V56/><F123/><W78/><G119/><T36/><D36/><U87/><E87/><N who="2" m="52575" /><F120/><W65/><G117/><T53/><D105/><U19/><E19/><N who="2" m="10471" /><F125/><W23/><G124/><T20/><D104/><U73/><E73/><V115/><F115/><W89/><G68/><T112/><D112/><U86/><E86/><V52/><F37/><W63/><G3/><T107/><D107/><U127/><E127/><V13/><F45/><W46/><G46/><T24/><D29/><U80/><E80/><V98/><F98/><W22/><G93/><T18/><D28/><U49/><E49/><N who="2" m="30735" /><F6/><W54/><G7/><T70/><D70/><U32/><E32/><V34/><F34/><W51/><G51/><T26/><D18/><U27/><E27/><V48/><F48/><W61/><G17/><T1/><D1/><U95/><E95/><V71/><F71/><W106/><G106/><T126/><D126/><U82/><E82/><V113/><F113/><W102/><G15/><AGARI ba="0,1" hai="13,14,15,76,79" m="30735,10471,52575" machi="15" ten="30,3900,0" yaku="25,1,8,1,54,1" doraHai="134" who="2" fromWho="3" sc="180,0,399,0,253,49,158,-39" />
</Scene>
<Scene>
<INIT seed="5,0,0,4,5,22" ten="180,399,302,119" oya="1" hai0="85,39,27,118,51,100,97,129,111,5,10,63,43" hai1="87,59,57,98,78,108,4,120,73,48,109,21,75" hai2="44,84,14,64,103,1,90,65,16,91,55,25,17" hai3="102,96,60,81,119,135,113,53,8,32,95,76,56"/><U18/><E120/><V133/><F1/><W66/><G113/><T54/><D39/><U83/><E4/><V11/><F133/><W89/><G135/><T35/><D43/><U117/><E117/><V36/><F103/><W74/><G119/><T41/><D118/><U24/><E98/><V9/><F91/><W115/><G115/><T0/><D41/><U80/><E75/><V15/><F36/><W126/><G126/><T23/><D129/><U3/><E3/><V40/><F40/><W72/><G32/><T107/><D35/><U7/><E7/><V130/><F130/><W37/><G37/><T12/><D85/><U13/><E13/><V70/><F70/><W77/><G8/><T50/><D0/><U29/><E29/><V61/><F25/><W112/><G112/><T26/><D26/><U34/><E34/><V88/><F90/><W105/><G77/><T132/><D111/><N who="1" m="42571" /><E48/><N who="2" m="29063" /><F61/><W6/><G6/><T101/><D101/><U49/><E49/><V79/><F79/><AGARI ba="0,0" hai="18,21,24,57,59,73,78,79,80,83,87" m="42571" machi="79" ten="30,2900,0" yaku="10,1,52,1" doraHai="22" who="1" fromWho="2" sc="180,0,399,29,302,-29,119,0" />
</Scene>
<Scene>
<INIT seed="5,1,0,5,3,6" ten="180,428,273,119" oya="1" hai0="28,26,90,54,55,97,9,40,109,59,119,82,94" hai1="29,116,50,121,20,16,52,58,123,34,37,22,131" hai2="2,87,15,63,129,128,41,62,79,130,115,67,91" hai3="23,124,98,49,104,70,126,36,99,89,32,51,47"/><U88/><E116/><V44/><F2/><W60/><G32/><T86/><D119/><U17/><E37/><V8/><F79/><W39/><G23/><N who="1" m="8746" /><E123/><V85/><F115/><W18/><G18/><N who="1" m="7274" /><E121/><V45/><F45/><W13/><G13/><T134/><D109/><U133/><E131/><V95/><F85/><W96/><G104/><T78/><D134/><U42/><E34/><V101/><F101/><W92/><G39/><T105/><D105/><U76/><E133/><V35/><F35/><W43/><G70/><T113/><D113/><U25/><E42/><V81/><F81/><W4/><G4/><T110/><D110/><U33/><E76/><V114/><F114/><W11/><G60/><T74/><D40/><U112/><E112/><V84/><F63/><W93/><G11/><T48/><D55/><U120/><E120/><V56/><F87/><W53/><G36/><T12/><D74/><U127/><E127/><N who="3" m="48682" /><G89/><T24/><REACH who="0" step="1"/><D28/><REACH who="0" ten="170,428,273,119" step="2"/><U21/><E33/><V77/><F77/><W19/><G19/><AGARI ba="1,1" hai="9,12,19,24,26,48,54,59,78,82,86,90,94,97" machi="19" ten="30,8000,1" yaku="1,1,2,1,7,1,8,1,52,1,53,0" doraHai="6" doraHaiUra="125" who="0" fromWho="3" sc="170,93,428,0,273,0,119,-83" />
</Scene>
<Scene>
<INIT seed="6,0,0,3,5,63" ten="263,428,273,36" oya="2" hai0="73,107,81,123,10,4,105,20,94,115,43,78,74" hai1="44,89,80,75,130,100,68,21,87,51,83,110,90" hai2="30,92,77,69,48,99,0,8,61,102,9,60,85" hai3="23,56,79,29,129,57,70,5,121,54,82,91,18"/><V88/><F30/><W7/><G121/><T3/><D123/><U101/><E68/><V134/><F134/><W116/><G116/><T132/><D74/><U128/><E21/><V36/><F36/><W35/><G70/><T15/><D132/><U34/><E34/><V135/><F135/><W98/><G129/><N who="1" m="49770" /><E44/><V1/><F48/><W118/><G118/><T86/><D115/><U64/><E64/><V41/><F41/><W84/><G35/><T25/><D3/><U12/><E12/><V24/><F77/><W55/><G29/><T93/><D43/><U112/><E51/><V39/><F39/><W103/><G79/><T16/><REACH who="0" step="1"/><D73/><REACH who="0" ten="253,428,273,36" step="2"/><U119/><E112/><V2/><F24/><W66/><G66/><T117/><D117/><U19/><E119/><V17/><F69/><W40/><G40/><T97/><D97/><U13/><E110/><V33/><F33/><W38/><G38/><T58/><D58/><N who="3" m="22633" /><G98/><T109/><D109/><U72/><E72/><V28/><F0/><W113/><G113/><T122/><D122/><U67/><E75/><V52/><F1/><W14/><G103/><T32/><D32/><U45/><E100/><V65/><F2/><W47/><G47/><T6/><D6/><AGARI ba="0,1" hai="5,6,7,14,18,23,54,55,82,84,91" m="22633" machi="6" ten="30,1000,0" yaku="8,1" doraHai="63" who="3" fromWho="0" sc="253,-10,428,0,273,0,36,20" />
</Scene>
<Scene>
<INIT seed="7,0,0,4,3,77" ten="243,428,273,56" oya="3" hai0="79,44,119,100,80,2,75,67,5,70,125,93,17" hai1="11,112,65,6,124,66,8,54,83,122,61,24,28" hai2="94,10,41,43,39,40,82,121,92,132,37,135,128" hai3="21,127,45,31,114,35,36,51,15,99,101,46,110"/><W106/><G114/><T74/><D119/><U34/><E112/><V86/><F10/><W25/><G127/><T59/><D74/><U13/><E124/><V55/><F55/><W63/><G110/><T98/><D125/><U20/><E122/><V90/><F121/><W27/><G63/><T73/><D73/><U53/><E65/><V47/><F128/><W105/><G15/><T113/><D113/><U117/><E117/><V131/><F131/><W104/><G36/><T33/><D33/><U50/><E11/><V130/><F130/><W109/><G109/><T71/><D5/><U133/><E133/><V4/><F4/><W64/><G64/><T126/><D2/><U123/><E123/><V16/><F16/><W116/><G116/><T18/><D126/><U72/><E50/><V88/><F47/><W3/><G3/><T7/><D7/><U134/><E134/><N who="2" m="51243" /><F90/><W29/><REACH who="3" step="1"/><G45/><REACH who="3" ten="243,428,273,46" step="2"/><T48/><D67/><U19/><E66/><V22/><F37/><W30/><G30/><T56/><D59/><U118/><E61/><V1/><F1/><W9/><G9/><T58/><D56/><U103/><E118/><V97/><F39/><W89/><G89/><T49/><D58/><U115/><E103/><V26/><F26/><W76/><G76/><T120/><D49/><U87/><E115/><V84/><F22/><W32/><G32/><T57/><D57/><U23/><E34/><V12/><F12/><W68/><G68/><N who="0" m="26155" /><D120/><U60/><E60/><V129/><F129/><W108/><G108/><T95/><D44/><U85/><E23/><V42/><F88/><RYUUKYOKU ba="0,1" sc="243,-10,428,-10,273,-10,46,30" hai3="21,25,27,29,31,35,46,51,99,101,104,105,106" />
</Scene>
<Scene>
<INIT seed="7,1,1,2,0,127" ten="233,418,263,76" oya="3" hai0="10,8,75,15,58,4,102,81,109,31,25,70,73" hai1="19,133,6,135,12,32,122,59,62,37,89,87,113" hai2="85,28,55,131,132,20,123,82,121,17,56,84,2" hai3="76,117,50,5,1,116,39,101,88,40,11,126,35"/><W71/><G71/><T130/><D109/><U90/><E37/><V22/><F2/><W118/><G35/><T63/><D70/><U106/><E106/><V24/><F132/><N who="1" m="50761" /><E32/><V29/><F29/><W16/><G126/><T33/><D10/><N who="1" m="4183" /><E113/><V41/><F41/><W80/><G101/><T57/><D57/><U125/><E125/><V107/><F107/><W53/><G16/><T111/><D111/><U9/><E122/><V45/><F123/><W52/><G50/><T103/><D130/><U42/><E42/><V95/><F121/><W7/><G7/><T78/><REACH who="0" step="1"/><D75/><REACH who="0" ten="223,418,263,76" step="2"/><U93/><E9/><V97/><F131/><W69/><G69/><T105/><D105/><U91/><E19/><V120/><F120/><W43/><G88/><T36/><D36/><U48/><E48/><N who="2" m="29071" /><F56/><W119/><N who="3" m="29696" /><DORA hai="83" /><W23/><G23/><T72/><D72/><U38/><E38/><V27/><F82/><W13/><G1/><T92/><D92/><U134/><N who="1" m="50769" /><U51/><DORA hai="3" /><E51/><V86/><F95/><W74/><REACH who="3" step="1"/><G43/><REACH who="3" ten="223,418,263,66" step="2"/><T104/><D104/><U110/><E110/><V60/><F60/><W112/><G112/><T61/><D61/><U66/><AGARI ba="1,3" hai="59,62,66,87,89,90,91,93" m="4183,50769" machi="66" ten="40,5200,0" yaku="20,1,52,2" doraHai="127,83,3" who="1" fromWho="1" sc="223,-14,418,85,263,-14,66,-27" owari="209,-19.0,503,60.0,249,5.0,39,-46.0" />
</Scene>
</mjloggm>