<mjloggm ver="2.3"><GO type="169" lobby="0"/><UN n0="%E8%B6%85%E3%83%92%E3%83%A2%E3%83%AA%E3%83%AD" n1="%E3%82%B3%E3%83%AD%E3%83%A9%E3%83%89" n2="%E5%B1%B1%E4%B8%8B%E3%83%80%E3%82%A4%E3%82%B9%E3%82%B1" n3="%E5%A4%AA%E3%81%8F%E3%81%AA%E3%81%84%E3%81%8A" dan="18,17,16,18" rate="2204.50,2137.62,2030.92,2247.66" sx="M,M,M,F"/><TAIKYOKU oya="0"/>

<Scene>
<INIT seed="0,0,0,0,0,29" ten="250,250,250,250" oya="0" hai0="127,73,90,32,48,55,61,101,26,114,59,80,97" hai1="110,6,75,36,122,70,135,128,124,40,78,103,18" hai2="39,88,115,52,107,108,118,109,87,130,64,89,17" hai3="111,131,44,28,121,117,96,133,42,74,27,91,93"/><T11/><D127/><U116/><RYUUKYOKU type="yao9" ba="0,0" sc="250,0,250,0,250,0,250,0" hai1="6,18,36,40,70,75,78,103,110,116,122,124,128,135" />
</Scene>
<Scene>
<INIT seed="0,1,0,1,4,12" ten="250,250,250,250" oya="0" hai0="55,21,2,117,111,130,67,8,83,92,115,62,15" hai1="16,128,49,11,70,84,20,107,87,17,94,57,54" hai2="23,4,33,5,125,28,48,32,63,105,53,127,93" hai3="41,134,120,65,7,77,121,75,74,76,61,73,47"/><T45/><D130/><U59/><E107/><V86/><F105/><W131/><G7/><N who="2" m="2633" /><F63/><W24/><G131/><T126/><D126/><N who="2" m="48138" /><F86/><W122/><G24/><T0/><D115/><U37/><E37/><V66/><F66/><W102/><G102/><T104/><D104/><U39/><E39/><V116/><F93/><W114/><G114/><T79/><D117/><U78/><E70/><V14/><F116/><W50/><REACH who="3" step="1"/><G134/><REACH who="3" ten="250,250,250,240" step="2"/><T72/><D0/><U129/><E129/><V69/><F14/><W119/><G119/><T13/><D2/><U85/><E128/><V68/><F33/><W101/><G101/><T80/><D15/><N who="1" m="7295" /><E94/><V81/><F32/><W82/><G82/><T97/><D83/><N who="1" m="47223" /><E59/><AGARI ba="1,1" hai="41,47,50,59,61,65,73,74,75,76,77,120,121,122" machi="59" ten="50,3200,0" yaku="1,1,13,1,53,0" doraHai="12" doraHaiUra="91" who="3" fromWho="1" sc="250,0,250,-35,250,0,240,45" />
</Scene>
<Scene>
<INIT seed="1,0,0,4,1,98" ten="250,215,250,285" oya="1" hai0="66,113,69,71,116,107,95,55,27,4,102,87,15" hai1="33,99,17,63,45,110,1,22,88,25,104,97,109" hai2="81,6,100,7,124,47,70,28,34,50,46,24,78" hai3="16,114,26,94,59,115,79,84,14,43,135,129,65"/><U38/><E1/><V80/><F124/><W126/><G126/><T32/><D113/><U42/><E33/><V23/><F70/><W5/><G43/><T134/><D134/><U89/><E63/><V121/><F121/><W75/><G75/><T51/><D116/><U133/><E133/><V49/><F34/><W37/><G37/><T61/><D71/><U93/><E104/><V112/><F112/><W132/><G5/><T29/><D4/><U67/><E67/><V130/><F130/><W90/><G129/><T117/><D117/><U122/><E122/><V54/><F81/><W74/><G135/><T8/><D8/><U58/><E58/><V111/><F100/><W96/><G74/><T92/><D87/><U127/><E127/><V72/><REACH who="2" step="1"/><F111/><REACH who="2" ten="250,215,240,285" step="2"/><N who="1" m="42505" /><E99/><V103/><F103/><AGARI ba="0,1" hai="17,22,25,38,42,45,88,89,93,97,103" m="42505" machi="103" ten="30,11600,0" yaku="14,1,10,1,52,1,54,1" doraHai="98" who="1" fromWho="2" sc="250,0,215,126,240,-116,285,0" />
</Scene>
<Scene>
<INIT seed="1,1,0,3,0,114" ten="250,341,124,285" oya="1" hai0="134,128,31,71,110,123,59,55,73,112,17,101,19" hai1="57,109,43,84,9,2,26,96,69,8,132,44,104" hai2="119,91,51,98,83,135,36,14,129,65,47,58,62" hai3="102,122,61,131,48,79,7,117,42,6,111,23,18"/><U105/><E69/><V1/><F1/><W56/><G122/><T86/><D31/><U130/><E130/><V63/><F129/><W30/><G131/><T94/><D73/><U92/><E132/><V53/><F135/><W87/><G30/><T118/><D71/><U66/><E84/><V13/><F36/><W20/><G102/><T76/><D112/><U40/><E40/><V50/><F119/><W106/><G106/><T127/><D127/><U70/><E70/><V28/><F28/><W32/><G32/><T4/><D123/><U37/><E26/><V68/><F63/><W75/><G75/><T103/><D128/><U97/><E109/><V34/><F34/><W10/><G18/><T25/><D110/><U93/><E93/><V21/><F21/><W133/><G111/><T24/><D4/><U80/><E80/><V126/><F126/><W45/><G133/><T113/><D113/><U77/><E77/><V115/><F115/><W116/><G87/><T121/><D121/><U125/><E125/><V72/><F98/><W100/><G100/><T22/><D134/><U5/><E9/><V95/><F95/><W41/><G79/><T3/><D3/><U64/><E96/><V74/><F74/><W78/><G78/><T124/><D124/><U0/><E0/><V27/><F72/><W81/><G81/><N who="0" m="47399" /><D94/><U16/><E16/><V29/><F83/><W12/><G7/><T67/><D19/><U52/><E92/><V108/><F108/><W38/><G38/><T54/><D25/><U85/><E105/><V107/><F107/><W35/><G6/><RYUUKYOKU ba="1,0" sc="250,0,341,0,124,0,285,0" />
</Scene>
<Scene>
<INIT seed="2,2,0,0,2,22" ten="250,341,124,285" oya="2" hai0="45,2,111,53,28,18,27,14,122,3,64,124,63" hai1="50,72,117,116,120,89,98,31,59,26,96,35,40" hai2="79,47,87,121,25,32,118,80,68,15,108,1,126" hai3="52,76,29,23,129,62,67,101,56,20,97,85,123"/><V48/><F121/><W75/><G123/><T21/><D111/><U133/><E120/><V41/><F118/><W55/><G75/><T132/><D124/><U43/><E72/><V82/><F1/><W115/><G129/><T19/><D132/><U54/><E133/><V88/><F126/><W36/><G36/><T38/><D122/><U135/><E135/><V73/><F108/><W9/><G9/><T112/><D112/><U17/><E17/><V130/><F130/><W74/><G74/><T105/><D105/><U92/><REACH who="1" step="1"/><E98/><REACH who="1" ten="250,331,124,285" step="2"/><V5/><F5/><W81/><G115/><T103/><D19/><U61/><E61/><V60/><F60/><W100/><G97/><T0/><D63/><U93/><E93/><V90/><F68/><W65/><G67/><T69/><D64/><U10/><E10/><V128/><F128/><W119/><G119/><AGARI ba="2,1" hai="26,31,35,40,43,50,54,59,89,92,96,116,117,119" machi="119" ten="40,5200,0" yaku="1,1,52,1,53,1" doraHai="22" doraHaiUra="91" who="1" fromWho="3" sc="250,0,331,68,124,0,285,-58" />
</Scene>
<Scene>
<INIT seed="3,0,0,5,3,40" ten="250,399,124,227" oya="3" hai0="80,44,51,36,84,63,131,28,111,17,96,92,21" hai1="1,75,29,42,68,15,134,69,132,124,90,89,114" hai2="33,4,67,130,2,5,41,129,99,66,127,94,119" hai3="57,34,110,103,70,20,95,121,6,47,98,11,79"/><W61/><G121/><T76/><D111/><U117/><E1/><V19/><F119/><W108/><G34/><T86/><D131/><N who="2" m="50186" /><F127/><W48/><G70/><T74/><D36/><U128/><E128/><V109/><F109/><N who="3" m="42091" /><G79/><T104/><D63/><U14/><E124/><V112/><F112/><W30/><G30/><T45/><D28/><U16/><E114/><V72/><F72/><W25/><G20/><T24/><D104/><U58/><E29/><V18/><F33/><W12/><G25/><T31/><D31/><U122/><E122/><V135/><F41/><N who="3" m="24687" /><G61/><T53/><REACH who="0" step="1"/><D44/><REACH who="0" ten="240,399,124,227" step="2"/><U49/><E117/><V73/><F135/><W46/><G46/><T55/><D55/><U52/><E134/><V62/><F62/><W120/><G120/><T9/><D9/><U126/><E132/><V107/><F107/><W38/><G57/><T8/><D8/><U102/><E58/><V37/><F37/><AGARI ba="0,1" hai="6,11,12,37,38,95,98,103" m="24687,42091" machi="37" ten="30,5800,0" yaku="14,1,10,1,52,1" doraHai="40" who="3" fromWho="2" sc="240,0,399,0,124,-58,227,68" />
</Scene>
<Scene>
<INIT seed="3,1,0,4,3,85" ten="240,399,66,295" oya="3" hai0="2,47,72,103,37,86,71,28,119,64,40,63,17" hai1="48,78,36,82,106,94,93,115,43,1,90,58,13" hai2="5,38,125,83,68,126,120,101,109,33,116,91,66" hai3="121,100,27,51,104,102,123,75,129,41,8,53,30"/><W21/><G75/><T39/><D72/><U11/><E115/><V73/><F5/><W26/><G129/><T46/><D2/><U70/><E70/><V80/><F66/><W57/><G41/><T15/><D119/><U89/><E106/><V32/><F68/><W7/><G27/><T131/><D131/><U29/><E1/><V95/><F38/><W60/><G51/><T92/><D28/><U105/><E105/><V132/><F116/><W35/><G35/><T59/><D71/><U50/><E29/><V76/><F32/><W127/><G127/><N who="2" m="48649" /><F33/><W0/><REACH who="3" step="1"/><G104/><REACH who="3" ten="240,399,66,285" step="2"/><T4/><D39/><U114/><E36/><V9/><F120/><AGARI ba="1,1" hai="0,7,8,21,26,30,53,57,60,100,102,120,121,123" machi="120" ten="40,3900,0" yaku="1,1,2,1,53,0" doraHai="85" doraHaiUra="134" who="3" fromWho="2" sc="240,0,399,0,66,-42,285,52" />
</Scene>
<Scene>
<INIT seed="3,2,0,0,0,23" ten="240,399,24,337" oya="3" hai0="134,31,119,7,116,72,121,89,83,54,28,129,6" hai1="4,115,102,39,41,118,52,40,55,3,2,47,38" hai2="8,32,132,128,78,46,127,62,24,95,1,69,73" hai3="35,45,65,79,112,11,133,20,108,53,13,25,130"/><W107/><G107/><T135/><D54/><U60/><E115/><V71/><F95/><W86/><G35/><T103/><D103/><U18/><E118/><N who="0" m="45097" /><D89/><U97/><E18/><V131/><F127/><W57/><G112/><T81/><D72/><U96/><E4/><N who="0" m="1577" /><D121/><U21/><E21/><V56/><F56/><W49/><G79/><T16/><D129/><N who="2" m="49738" /><F132/><N who="0" m="50730" /><D16/><U44/><E102/><V91/><F91/><W30/><G130/><T101/><D101/><U5/><E5/><N who="2" m="1071" /><F46/><W123/><G123/><T17/><D17/><U12/><E60/><V109/><F109/><W126/><G108/><T106/><D106/><U68/><E68/><V120/><F62/><N who="3" m="38095" /><G133/><T43/><D43/><U76/><E76/><V19/><F19/><N who="3" m="8639" /><G86/><T124/><D124/><U93/><E93/><V77/><F120/><W42/><G126/><T70/><D70/><N who="2" m="26634" /><F73/><W75/><G75/><T0/><D0/><U110/><E110/><V87/><F87/><W90/><G90/><T84/><D84/><U94/><E94/><V61/><F61/><W99/><G99/><T100/><D100/><U36/><E36/><V48/><F48/><W58/><G58/><T51/><D51/><U37/><E37/><V92/><F92/><W67/><G67/><T27/><D83/><U26/><E2/><V74/><F74/><W111/><G111/><T122/><D81/><U117/><E3/><V14/><F14/><W80/><G80/><T34/><D122/><U64/><E39/><V50/><F50/><W10/><G10/><T98/><D98/><U113/><E96/><V85/><F85/><W88/><G88/><RYUUKYOKU ba="2,0" sc="240,10,399,-30,24,10,337,10" hai0="27,28,31,34" hai2="24,32,77,78" hai3="20,25,30,42,45,49,53" />
</Scene>
<Scene>
<INIT seed="3,3,0,1,1,46" ten="250,369,34,347" oya="3" hai0="49,28,99,100,27,93,103,72,85,95,55,129,18" hai1="108,75,32,7,87,14,22,25,124,43,88,54,127" hai2="39,110,2,38,98,101,13,0,132,92,106,36,34" hai3="29,16,24,1,109,71,60,56,128,97,133,116,70"/><W69/><G116/><T11/><D129/><U134/><E108/><V21/><F110/><W3/><G109/><T125/><D125/><N who="1" m="48203" /><E75/><V50/><F132/><W94/><G133/><T121/><D72/><U131/><E134/><V48/><F34/><W26/><G128/><T8/><D121/><U19/><E131/><V5/><F106/><W123/><G123/><T52/><D55/><U102/><E43/><V58/><F58/><W62/><G26/><T113/><D113/><U64/><E102/><V66/><F66/><W4/><G4/><T17/><D11/><N who="1" m="4479" /><E64/><V74/><F74/><W82/><G82/><T89/><D103/><U53/><E32/><V33/><F33/><W77/><G77/><T86/><D86/><U45/><E45/><V83/><F83/><AGARI ba="3,0" hai="19,22,25,53,54,83,87,88" m="4479,48203" machi="83" ten="30,2000,0" yaku="18,1,54,1" doraHai="46" who="1" fromWho="2" sc="250,0,369,29,34,-29,347,0" />
</Scene>
<Scene>
<INIT seed="4,0,0,5,5,76" ten="250,398,5,347" oya="0" hai0="105,60,32,48,131,7,97,108,40,58,118,67,49" hai1="117,2,125,101,13,52,86,107,55,110,78,53,91" hai2="98,28,72,119,61,126,73,16,24,79,59,21,47" hai3="122,95,71,114,129,135,56,92,15,0,113,75,112"/><T29/><D131/><U70/><E110/><V39/><F126/><W69/><G0/><T85/><D118/><U65/><E2/><V123/><F123/><W33/><G33/><T111/><D7/><U87/><E117/><V34/><F119/><W103/><G75/><T36/><D36/><U20/><E125/><V44/><F79/><W22/><G129/><T5/><D5/><U128/><E128/><V25/><F98/><N who="3" m="59847" /><G122/><T42/><D85/><U41/><E41/><N who="0" m="15977" /><D29/><U66/><E70/><V10/><F47/><W94/><G135/><T121/><D32/><U116/><E116/><V120/><F120/><W30/><G56/><N who="0" m="37255" /><D121/><U26/><E107/><V54/><F10/><W11/><G69/><T23/><D23/><U115/><E115/><V51/><F39/><W106/><G71/><T74/><D74/><U38/><E38/><V17/><F17/><N who="3" m="8447" /><G106/><T89/><D89/><U90/><E101/><V96/><F96/><W81/><G22/><T102/><D58/><U19/><E78/><V77/><F77/><W83/><G30/><T1/><D1/><U46/><E46/><V64/><AGARI ba="0,0" hai="16,21,24,25,28,34,44,51,54,59,61,64,72,73" machi="64" ten="20,2700,0" yaku="0,1,7,1,54,1" doraHai="76" who="2" fromWho="2" sc="250,-13,398,-7,5,27,347,-7" />
</Scene>
<Scene>
<INIT seed="5,0,0,5,2,112" ten="237,391,32,340" oya="1" hai0="131,113,80,31,115,122,77,65,1,76,38,123,97" hai1="36,72,132,52,11,56,61,92,45,95,127,37,48" hai2="59,89,51,53,103,3,20,64,41,30,4,46,86" hai3="114,12,130,54,19,17,118,99,0,25,33,9,23"/><U14/><E127/><V50/><F3/><W126/><G99/><T93/><D38/><U125/><E125/><V109/><F109/><W79/><G79/><T85/><D65/><U35/><E35/><V107/><F4/><N who="3" m="1159" /><G54/><T105/><D31/><U81/><E132/><V116/><F107/><W84/><G84/><T75/><D1/><U90/><E72/><V27/><F103/><W62/><G62/><T129/><D85/><N who="1" m="50479" /><E37/><V133/><F133/><W39/><G39/><T117/><D77/><U13/><E36/><V135/><F135/><W21/><G126/><T10/><D10/><U2/><E2/><V68/><F68/><W69/><G69/><T111/><D111/><U63/><E14/><V66/><REACH who="2" step="1"/><F116/><REACH who="2" ten="237,391,22,340" step="2"/><W102/><G102/><N who="0" m="60719" /><D105/><U71/><E71/><V47/><F47/><W82/><G118/><T104/><D104/><U22/><E45/><V74/><F74/><W78/><G114/><N who="0" m="43531" /><D117/><U40/><E56/><V87/><F87/><W119/><G119/><T43/><D43/><U16/><E40/><V101/><F101/><W73/><G73/><T8/><D8/><U55/><E11/><V6/><F6/><W106/><G106/><T28/><D28/><U94/><E55/><V96/><F96/><W15/><G19/><T98/><D98/><U29/><E29/><V83/><AGARI ba="0,1" hai="20,27,30,41,46,50,51,53,59,64,66,83,86,89" machi="83" ten="20,5200,0" yaku="1,1,0,1,7,1,8,1,53,0" doraHai="112" doraHaiUra="5" who="2" fromWho="2" sc="237,-13,391,-26,22,62,340,-13" />
</Scene>
<Scene>
<INIT seed="6,0,0,0,0,68" ten="224,365,84,327" oya="2" hai0="72,64,93,128,96,76,87,82,65,63,1,106,29" hai1="21,117,4,60,104,123,110,3,22,116,103,66,74" hai2="112,53,42,5,115,120,10,114,26,84,129,127,9" hai3="55,94,2,14,47,119,57,20,98,100,105,131,0"/><V125/><F42/><W78/><G119/><T52/><D128/><U33/><E110/><V40/><F40/><W49/><G131/><T48/><D1/><U90/><E74/><V67/><F67/><W124/><G124/><N who="2" m="47689" /><F129/><W75/><G75/><T31/><D106/><U99/><E123/><V107/><F107/><W91/><G78/><T39/><D39/><U51/><E51/><V45/><F120/><W58/><G58/><N who="0" m="36983" /><D65/><U24/><E90/><V85/><F45/><W108/><G108/><T59/><D72/><U44/><E44/><V6/><F53/><W25/><G47/><T69/><D69/><N who="1" m="42183" /><E4/><N who="2" m="1643" /><F26/><W15/><G15/><T23/><D23/><N who="1" m="8715" /><E3/><V56/><F56/><W37/><G37/><T113/><D113/><N who="2" m="28930" /><V130/><DORA hai="35" /><F130/><W34/><G14/><T88/><AGARI ba="0,0" hai="29,31,48,52,59,76,82,87,88,93,96" m="36983" machi="88" ten="30,4000,0" yaku="8,1,54,2" doraHai="68,35" who="0" fromWho="0" sc="224,40,365,-10,84,-20,327,-10" />
</Scene>
<Scene>
<INIT seed="7,0,0,3,4,99" ten="264,355,64,317" oya="3" hai0="130,53,132,78,4,39,61,125,22,96,9,100,117" hai1="102,113,72,135,17,32,48,122,92,37,57,103,8" hai2="104,51,101,82,14,18,36,105,7,110,62,13,91" hai3="12,95,43,111,54,83,71,134,119,2,24,46,10"/><W11/><G119/><T69/><D125/><U114/><E122/><V112/><F36/><W49/><G71/><T29/><D130/><U129/><E129/><V21/><F51/><W90/><G134/><T40/><D132/><U65/><E37/><V41/><F41/><W128/><G128/><T88/><D117/><U133/><E72/><V126/><F82/><W59/><G111/><T23/><D78/><U45/><E32/><V31/><F21/><W5/><G24/><T1/><D29/><U84/><E133/><V76/><F76/><W120/><G83/><T74/><D74/><U58/><E135/><V19/><F7/><W63/><G120/><T30/><D30/><U123/><E123/><V121/><F121/><W34/><G34/><T73/><D73/><U89/><E103/><V85/><F85/><W38/><G38/><T47/><D88/><U106/><E102/><V93/><F91/><W116/><G116/><T108/><D108/><U97/><E106/><V35/><F31/><W109/><G109/><T26/><D26/><U20/><E8/><V94/><F35/><W80/><G80/><T115/><D115/><N who="1" m="44043" /><E65/><V3/><F3/><W64/><G11/><T6/><D6/><U44/><E84/><V79/><F79/><W67/><REACH who="3" step="1"/><G2/><REACH who="3" ten="264,355,64,307" step="2"/><T0/><D0/><U25/><E44/><V16/><F110/><W52/><G52/><AGARI ba="0,1" hai="17,20,25,45,48,52,57,58,89,92,97" m="44043" machi="52" ten="30,2000,0" yaku="15,1,54,1" doraHai="99" who="1" fromWho="3" sc="264,0,355,30,64,0,307,-20" owari="264,-14.0,385,49.0,64,-44.0,287,9.0" />
</Scene>
</mjloggm>