<mjloggm ver="2.3"><GO type="193"/><UN n0="%E5%A4%AA%E3%81%8F%E3%81%AA%E3%81%84%E3%81%8A" n1="%E6%B4%BE%E3%80%85%E4%BC%8A%E5%A4%9C" n2="%E3%82%86%E3%83%BC%E3%81%98%32%30%31%30" n3="%E3%82%B0%E3%82%A4%E3%83%B3" dan="8,10,11,11" rate="1651,1715,1662,1560" sx="M,F,M,F"/><TAIKYOKU oya="0"/>

<Scene>
<INIT seed="0,0,0,3,5,24" ten="250,250,250,250" oya="0" hai0="32,7,58,22,28,43,129,44,1,56,20,119,110" hai1="65,49,54,91,115,133,35,9,5,52,25,17,3" hai2="121,100,50,89,73,48,23,6,12,64,117,31,103" hai3="96,38,61,26,16,122,11,68,128,76,113,134,18"/><T60/><D119/><U135/><E115/><V95/><F121/><W85/><G113/><T21/><D129/><U27/><E65/><V105/><F73/><W46/><G38/><T104/><D104/><U13/><E91/><V77/><F105/><W98/><G68/><T116/><D116/><U118/><E118/><V14/><F117/><W102/><G122/><T126/><D126/><U33/><E35/><V57/><F77/><W108/><G134/><N who="1" m="51210" /><E33/><V36/><F36/><W92/><G108/><T114/><D114/><U15/><E54/><V82/><F82/><N who="3" m="47303" /><G128/><T101/><D101/><N who="2" m="38986" /><F6/><W83/><G46/><T94/><D94/><U51/><E15/><N who="2" m="5675" /><F64/><W132/><G132/><T71/><D71/><U47/><E51/><N who="2" m="19499" /><F57/><W39/><G39/><T86/><D110/><U80/><E80/><V72/><F72/><W97/><G61/><T62/><D7/><U10/><AGARI ba="0,0" hai="3,5,9,10,13,17,25,27,47,49,52" m="51210" machi="10" ten="30,2000,0" yaku="20,1,54,1" doraHai="24" who="1" fromWho="1" sc="250,-10,250,20,250,-5,250,-5" />
</Scene>
<Scene>
<INIT seed="1,0,0,5,3,2" ten="240,270,245,245" oya="1" hai0="24,75,19,81,100,56,43,13,94,129,62,82,66" hai1="117,90,0,61,39,77,22,45,18,65,14,60,8" hai2="46,85,64,79,124,113,76,105,78,44,103,7,12" hai3="15,9,48,121,26,71,55,134,47,118,86,119,115"/><U135/><E117/><N who="3" m="44554" /><G86/><T23/><D129/><U34/><E34/><V80/><F124/><W4/><G121/><T125/><D125/><U17/><E0/><V112/><F105/><W52/><G115/><T28/><D43/><U98/><E135/><V84/><F103/><W91/><G71/><T5/><D75/><U54/><E77/><V74/><F64/><W114/><G134/><T41/><D41/><U35/><E35/><V70/><F70/><W31/><G114/><N who="2" m="44137" /><F74/><W126/><G126/><T30/><D5/><U99/><E39/><V109/><F80/><W127/><G127/><T89/><D100/><U58/><E45/><N who="2" m="17515" /><F109/><W32/><G32/><T130/><D130/><U27/><REACH who="1" step="1"/><E90/><REACH who="1" ten="240,260,245,245" step="2"/><V93/><F93/><W108/><G108/><T97/><REACH who="0" step="1"/><D30/><REACH who="0" ten="230,260,245,245" step="2"/><U132/><E132/><V111/><F111/><W63/><G91/><T83/><D83/><U33/><E33/><AGARI ba="0,2" hai="13,19,23,24,28,33,56,62,66,81,82,89,94,97" machi="33" ten="30,3900,0" yaku="1,1,7,1,53,1" doraHai="2" doraHaiUra="88" who="0" fromWho="1" sc="230,59,260,-39,245,0,245,0" />
</Scene>
<Scene>
<INIT seed="2,0,0,1,3,9" ten="289,221,245,245" oya="2" hai0="5,41,97,128,93,56,34,76,115,78,72,121,80" hai1="82,60,2,24,12,7,59,55,20,102,51,42,43" hai2="74,37,83,118,44,88,92,33,68,123,11,129,3" hai3="96,28,67,26,61,13,16,91,21,27,52,133,66"/><V70/><BYE who="1" /><F118/><W131/><G133/><T95/><D121/><U30/><E30/><V40/><F123/><UN n1="%E6%B4%BE%E3%80%85%E4%BC%8A%E5%A4%9C" /><W119/><G131/><T54/><D115/><U135/><E135/><V104/><F33/><W94/><G119/><T73/><D34/><U134/><E134/><V14/><F104/><W127/><G127/><T6/><D128/><U107/><E82/><V10/><F129/><W1/><G1/><T36/><D36/><U53/><E2/><V15/><F3/><W46/><G46/><T17/><D41/><U132/><E132/><V57/><F74/><W39/><G39/><T64/><D64/><N who="3" m="24617" /><G28/><T108/><D108/><U106/><E107/><V4/><F83/><W100/><G100/><T98/><D80/><U8/><E102/><V105/><F57/><AGARI ba="0,0" hai="13,16,21,26,27,52,57,61,91,94,96" m="24617" machi="57" ten="30,7700,0" yaku="8,1,52,1,54,2" doraHai="9" who="3" fromWho="2" sc="289,0,221,0,245,-77,245,77" />
</Scene>
<Scene>
<INIT seed="3,0,0,3,3,133" ten="289,221,168,322" oya="3" hai0="36,82,63,25,102,27,86,85,31,57,42,15,56" hai1="58,17,59,98,64,37,52,122,6,76,115,2,30" hai2="0,18,87,127,35,125,134,11,106,107,9,49,32" hai3="77,135,113,43,74,103,70,5,112,108,129,46,4"/><W90/><G70/><T21/><D102/><U117/><E122/><V29/><F49/><W7/><G135/><T55/><D15/><U34/><E115/><V10/><F134/><W69/><G69/><T67/><D36/><U20/><E117/><V130/><F0/><W60/><G60/><T39/><D39/><U53/><E37/><V94/><F94/><W13/><G129/><T23/><D42/><U51/><E64/><V119/><F18/><W124/><G124/><N who="2" m="47689" /><F87/><W26/><G113/><T100/><D100/><U118/><E98/><V45/><F45/><W73/><G112/><T128/><D82/><U97/><E97/><V92/><F92/><W16/><G108/><T65/><D128/><U101/><E101/><V111/><F130/><W114/><G114/><T12/><D12/><U33/><E76/><V121/><F29/><W88/><G74/><T132/><D132/><U1/><E30/><V96/><F96/><W28/><G73/><T126/><D126/><U3/><E6/><N who="3" m="1538" /><W104/><DORA hai="61" /><G104/><N who="2" m="39977" /><F111/><W24/><G77/><T41/><D41/><U123/><E123/><V105/><N who="2" m="39985" /><V79/><DORA hai="62" /><F79/><W50/><G103/><T54/><D63/><U89/><E89/><N who="3" m="34410" /><G26/><T75/><D75/><U120/><E120/><V81/><F121/><W71/><G71/><T22/><D22/><U14/><E118/><V38/><F119/><W99/><G99/><T40/><D40/><U78/><E78/><V48/><F48/><AGARI ba="0,0" hai="1,2,3,14,17,20,33,34,48,51,52,53,58,59" machi="48" ten="40,2600,0" yaku="9,1,54,1" doraHai="133,61,62" who="1" fromWho="2" sc="289,0,221,26,168,-26,322,0" owari="289,9.0,247,-15.0,142,-36.0,322,42.0" />
</Scene>
</mjloggm>