<mjloggm ver="2.3"><GO type="169"/><UN n0="%E8%8D%89%E5%8E%9F%E3%81%AE%E6%B6%BC%E9%A2%A8" n1="%43%4F%52%41%4C" n2="%E5%A4%AA%E3%81%8F%E3%81%AA%E3%81%84%E3%81%8A" n3="%65%69%63%68%69%72%6F" dan="16,16,18,16" rate="2139,2047,2169,2112" sx="F,M,M,M"/><TAIKYOKU oya="0"/>

<Scene>
<INIT seed="0,0,0,5,2,127" ten="250,250,250,250" oya="0" hai0="115,124,34,108,120,109,96,81,9,78,25,59,117" hai1="118,43,47,121,131,84,111,45,4,11,15,48,134" hai2="54,69,90,1,8,123,58,6,60,132,27,51,66" hai3="88,61,41,71,20,12,24,116,29,128,68,101,3"/><T89/><D120/><U112/><E118/><V32/><F132/><W44/><G3/><T100/><D115/><U79/><E121/><V36/><F123/><W49/><G116/><T125/><D89/><U40/><E134/><V74/><F74/><W67/><G101/><T122/><D122/><U28/><E28/><V103/><F103/><W33/><G128/><T42/><D42/><U55/><E111/><N who="0" m="42569" /><D117/><U7/><E112/><V91/><REACH who="2" step="1"/><F36/><REACH who="2" ten="250,250,240,250" step="2"/><W18/><REACH who="3" step="1"/><G88/><REACH who="3" ten="250,250,240,240" step="2"/><T57/><D124/><U86/><E131/><V63/><F63/><W97/><G97/><T30/><D125/><U94/><E79/><V65/><F65/><W21/><G21/><T10/><D10/><U62/><E62/><V129/><F129/><W106/><G106/><N who="0" m="63751" /><D9/><U31/><E11/><V52/><F52/><W2/><G2/><T38/><D38/><U110/><E55/><V13/><F13/><W26/><G26/><T104/><D104/><U114/><E15/><V99/><F99/><W5/><G5/><T83/><D83/><U56/><E110/><V98/><F98/><W19/><G19/><T39/><D39/><U92/><E114/><V133/><F133/><W70/><AGARI ba="0,2" hai="12,18,20,24,29,33,41,44,49,61,67,68,70,71" machi="70" ten="20,2700,0" yaku="1,1,0,1,7,1,53,0" doraHai="127" doraHaiUra="50" who="3" fromWho="3" sc="250,-13,250,-7,240,-7,240,47" />
</Scene>
<Scene>
<INIT seed="1,0,0,4,1,111" ten="237,243,233,287" oya="1" hai0="83,117,131,6,62,56,81,30,71,24,23,129,118" hai1="54,127,3,112,124,41,130,94,38,98,121,103,10" hai2="134,51,104,95,35,79,128,135,25,1,133,28,61" hai3="101,68,64,37,69,33,52,19,90,80,106,100,102"/><U91/><E121/><V8/><F104/><W5/><G37/><T29/><D71/><U13/><E3/><V16/><F128/><N who="0" m="49226" /><D6/><U9/><E130/><V82/><F61/><W116/><G33/><T70/><D70/><U36/><E10/><V0/><F95/><W65/><G69/><T109/><D30/><U114/><E54/><V18/><F51/><W39/><G39/><N who="1" m="14890" /><E41/><V55/><F55/><W132/><G5/><T119/><D109/><U86/><E86/><V57/><F57/><W110/><G132/><T11/><D11/><U77/><E77/><V2/><REACH who="2" step="1"/><F8/><REACH who="2" ten="237,243,223,287" step="2"/><W96/><G106/><T26/><D62/><U105/><E105/><V122/><F122/><W107/><G107/><T12/><D56/><U123/><E123/><V97/><F97/><W7/><G110/><T85/><D81/><U42/><E42/><V120/><F120/><W59/><G68/><T113/><D83/><U53/><E53/><V84/><AGARI ba="0,1" hai="0,1,2,16,18,25,28,35,79,82,84,133,134,135" machi="84" ten="40,8000,1" yaku="1,1,0,1,20,1,54,1,53,1" doraHai="111" doraHaiUra="31" who="2" fromWho="2" sc="237,-20,243,-40,223,90,287,-20" />
</Scene>
<Scene>
<INIT seed="2,0,0,4,2,25" ten="217,203,313,267" oya="2" hai0="126,107,71,39,96,42,99,61,29,16,86,109,69" hai1="134,66,41,7,135,63,102,45,27,36,110,127,22" hai2="72,43,129,89,5,115,18,65,90,15,81,33,38" hai3="20,49,53,9,0,59,37,24,6,67,50,83,55"/><V105/><F115/><W58/><G37/><T48/><D39/><U19/><E110/><V97/><F33/><W30/><G83/><T82/><D109/><U2/><E127/><V12/><F65/><W32/><REACH who="3" step="1"/><G67/><REACH who="3" ten="217,203,313,257" step="2"/><T74/><D126/><U70/><REACH who="1" step="1"/><E102/><REACH who="1" ten="217,193,313,257" step="2"/><N who="2" m="62671" /><F38/><W85/><G85/><T23/><D74/><U79/><E79/><V98/><F72/><W11/><G11/><AGARI ba="0,2" hai="2,7,11,19,22,27,36,41,45,63,66,70,134,135" machi="11" ten="40,2600,0" yaku="1,1,53,1" doraHai="25" doraHaiUra="4" who="1" fromWho="3" sc="217,0,193,46,313,0,257,-26" />
</Scene>
<Scene>
<INIT seed="3,0,0,1,5,74" ten="217,239,313,231" oya="3" hai0="106,1,39,72,114,110,111,55,9,28,80,47,87" hai1="19,37,7,117,0,34,90,133,78,83,61,58,53" hai2="113,15,116,20,44,35,104,77,4,84,131,16,126" hai3="60,12,99,21,41,79,71,2,85,17,26,25,36"/><W68/><G2/><T33/><D106/><U112/><E34/><V32/><F116/><W130/><G130/><T81/><D114/><U43/><E112/><V6/><F113/><W49/><G36/><T22/><D22/><U56/><E117/><V105/><F105/><W23/><G68/><T65/><D65/><U45/><E133/><V134/><F104/><W103/><G71/><T128/><D128/><U121/><E121/><V57/><F131/><W13/><G60/><T18/><D72/><N who="1" m="43463" /><E56/><V129/><F44/><N who="3" m="25743" /><G99/><T29/><D81/><U5/><E5/><V88/><F134/><W94/><G103/><T51/><D39/><U91/><E19/><V24/><F129/><W108/><G108/><N who="0" m="41515" /><D33/><U8/><AGARI ba="0,0" hai="0,7,8,37,43,45,53,58,61,90,91" m="43463" machi="8" ten="30,2000,0" yaku="25,1,52,1" doraHai="74" who="1" fromWho="1" sc="217,-5,239,20,313,-5,231,-10" />
</Scene>
<Scene>
<INIT seed="4,0,0,4,1,10" ten="212,259,308,221" oya="0" hai0="92,55,39,79,102,31,88,71,86,2,68,131,78" hai1="19,76,95,134,7,8,13,135,51,106,109,130,115" hai2="69,40,123,59,43,64,33,21,30,32,61,107,47" hai3="121,66,52,118,63,127,117,6,90,101,89,44,11"/><T103/><D2/><U17/><E106/><V3/><F123/><W5/><G121/><T112/><D39/><U46/><E109/><V80/><F3/><W93/><G127/><T119/><D119/><U75/><E75/><V125/><F107/><W77/><G77/><T122/><D122/><U27/><E76/><N who="0" m="29225" /><D131/><U4/><E130/><V36/><F80/><W126/><G126/><T12/><D31/><U16/><E95/><V70/><F125/><W58/><G5/><N who="1" m="2122" /><E27/><V22/><F43/><W56/><G44/><T29/><D29/><U116/><E116/><V128/><F128/><W9/><G9/><T42/><D42/><N who="1" m="25047" /><E115/><V49/><F70/><W54/><G89/><T35/><D35/><N who="2" m="13386" /><F30/><W73/><G73/><T97/><D112/><U34/><E34/><V37/><F37/><W114/><G114/><T85/><D68/><U132/><AGARI ba="0,0" hai="8,13,16,17,19,132,134,135" m="25047,2122" machi="132" ten="40,5200,0" yaku="20,1,52,1,54,1" doraHai="10" who="1" fromWho="1" sc="212,-26,259,52,308,-13,221,-13" />
</Scene>
<Scene>
<INIT seed="5,0,0,4,3,130" ten="186,311,295,208" oya="1" hai0="85,49,33,47,34,129,82,46,118,59,25,71,115" hai1="68,64,89,29,28,98,69,117,8,113,105,15,1" hai2="55,94,23,56,131,36,112,24,122,110,70,111,6" hai3="48,97,43,5,32,101,35,100,108,96,120,3,20"/><U74/><E74/><V107/><F107/><W126/><G108/><T26/><D71/><U125/><E1/><V10/><F122/><W65/><G65/><T87/><D118/><U11/><E117/><V60/><F36/><W51/><G120/><T67/><D115/><U61/><E69/><V132/><F131/><W14/><G3/><T86/><D129/><U121/><E121/><V44/><F70/><W79/><G79/><T40/><D82/><U128/><E128/><V133/><F44/><W95/><G126/><T114/><D114/><U123/><E123/><V93/><F112/><W83/><G83/><T9/><D9/><U91/><E113/><V45/><F45/><W42/><G5/><T30/><D47/><U77/><E77/><V19/><F94/><N who="3" m="58391" /><G35/><T38/><D49/><N who="3" m="19017" /><G32/><T84/><N who="0" m="21504" /><DORA hai="63" /><T116/><D116/><U62/><E125/><V88/><F111/><W16/><AGARI ba="0,0" hai="14,16,20,42,43,95,97,101" m="19017,58391" machi="16" ten="30,2000,0" yaku="8,1,54,1" doraHai="130,63" who="3" fromWho="3" sc="186,-5,311,-10,295,-5,208,20" />
</Scene>
<Scene>
<INIT seed="6,0,0,0,5,30" ten="181,301,290,228" oya="2" hai0="19,75,22,26,69,65,124,59,54,16,43,7,23" hai1="103,96,111,33,91,60,133,134,46,13,84,105,79" hai2="47,34,3,99,120,71,110,41,2,122,77,8,95" hai3="108,80,56,116,53,50,32,39,28,83,115,48,106"/><V63/><F110/><W27/><G39/><T0/><D75/><U104/><E111/><V6/><F3/><W1/><G108/><T15/><D124/><U93/><E46/><V38/><F77/><W40/><G106/><T73/><D73/><U102/><E60/><V5/><F5/><W126/><G116/><T112/><D112/><U92/><E33/><V113/><F113/><W94/><G115/><T87/><D43/><U31/><E31/><V74/><F74/><W68/><G68/><T64/><D69/><U72/><E13/><V21/><F21/><W127/><G1/><T78/><D7/><U35/><E35/><V58/><F34/><W97/><G40/><T18/><D18/><U29/><E29/><V98/><F71/><W129/><G48/><T67/><D0/><U130/><E130/><V12/><F2/><W44/><G44/><T10/><D10/><U114/><E114/><V119/><F119/><W45/><G45/><T85/><REACH who="0" step="1"/><D78/><REACH who="0" ten="171,301,290,228" step="2"/><U55/><E72/><V107/><F122/><W52/><G129/><T90/><D90/><U88/><E79/><V14/><F120/><W131/><G131/><T128/><D128/><U4/><E4/><V76/><F76/><W101/><G53/><T20/><D20/><U86/><E55/><V66/><F8/><W17/><G17/><T118/><D118/><U135/><E135/><V11/><F11/><W82/><AGARI ba="0,1" hai="27,28,32,50,52,56,80,82,83,94,97,101,126,127" machi="82" ten="30,4000,0" yaku="0,1,52,1,54,1" doraHai="30" who="3" fromWho="3" sc="171,-10,301,-10,290,-20,228,50" />
</Scene>
<Scene>
<INIT seed="7,0,0,3,5,64" ten="161,291,270,278" oya="3" hai0="23,3,95,30,93,133,122,92,9,134,124,91,120" hai1="90,60,46,96,24,12,126,113,83,48,94,76,89" hai2="101,6,81,32,58,106,84,56,75,51,98,14,112" hai3="42,45,55,97,22,4,67,121,50,59,115,70,85"/><W110/><G121/><N who="0" m="46699" /><D91/><U114/><E126/><V104/><F32/><W116/><G116/><T25/><D124/><U105/><E105/><V118/><F118/><W40/><G4/><T127/><D127/><U107/><E107/><V102/><F75/><W21/><G115/><N who="1" m="44042" /><E24/><V61/><F112/><W44/><G110/><T37/><D37/><U77/><E60/><V130/><F130/><W17/><G97/><T27/><D27/><U78/><E12/><V54/><F6/><W131/><G131/><T36/><D36/><U65/><E65/><V20/><F101/><W11/><G11/><T41/><D41/><N who="1" m="24655" /><E90/><V63/><F104/><W53/><G70/><T49/><D49/><U34/><E34/><V16/><REACH who="2" step="1"/><F58/><REACH who="2" ten="161,291,260,278" step="2"/><W103/><G103/><T66/><D66/><U19/><E19/><V57/><F57/><W62/><G85/><AGARI ba="0,1" hai="76,77,78,83,85,89,94,96" m="24655,44042" machi="85" ten="30,1000,0" yaku="15,1" doraHai="64" who="1" fromWho="3" sc="161,0,291,20,260,0,278,-10" owari="161,-34.0,311,41.0,260,-14.0,268,7.0" />
</Scene>
</mjloggm>