<mjloggm ver="2.3"><GO type="97"/><UN n0="%EF%BC%96%EF%BC%96" n1="%E5%A4%AA%E3%81%8F%E3%81%AA%E3%81%84%E3%81%8A" n2="%E8%8B%A5%E6%A7%BB%E5%8D%83%E5%A4%8F" n3="%E5%8D%B5%E3%81%A8%E3%81%98" dan="15,14,13,15" rate="1951,2049,1874,1990" sx="M,M,M,M"/><TAIKYOKU oya="0"/>

<Scene>
<INIT seed="0,0,0,2,0,79" ten="250,250,250,250" oya="0" hai0="100,86,7,18,41,127,92,2,9,78,117,29,129" hai1="23,25,105,44,1,68,131,20,82,59,50,120,4" hai2="42,47,8,124,36,95,109,134,73,33,99,115,62" hai3="63,72,19,46,122,116,91,98,40,39,101,60,128"/><T10/><D117/><U111/><E120/><V114/><F33/><W118/><G122/><T58/><D29/><U61/><E105/><V53/><F73/><W104/><G128/><T69/><D69/><U130/><E68/><V54/><F134/><W51/><G72/><T70/><D70/><U16/><E111/><V49/><F109/><W27/><G91/><T14/><D129/><N who="1" m="49163" /><E23/><V119/><F119/><W52/><G118/><T77/><D127/><U37/><E37/><V0/><F124/><W71/><G71/><T11/><D41/><N who="1" m="24847" /><E4/><V133/><F133/><W89/><G89/><N who="0" m="53303" /><D100/><U135/><E1/><V81/><F81/><W15/><G27/><T30/><D30/><U64/><E135/><V5/><F62/><W74/><G74/><T87/><D2/><U75/><E75/><V108/><F54/><W57/><REACH who="3" step="1"/><G116/><REACH who="3" ten="250,250,250,240" step="2"/><T6/><D78/><U48/><E25/><V132/><F132/><W121/><G121/><T12/><D7/><U102/><E102/><V96/><F108/><W103/><G103/><T107/><D77/><U90/><E90/><V24/><F24/><W26/><G26/><T83/><D87/><U45/><E16/><V125/><F125/><W88/><G88/><T65/><D6/><U110/><E110/><V32/><F5/><W113/><G113/><T34/><D83/><U112/><E112/><V80/><F115/><W22/><AGARI ba="0,1" hai="15,19,22,39,40,46,51,52,57,60,63,98,101,104" machi="22" ten="20,5200,0" yaku="1,1,0,1,7,1,54,1,53,0" doraHai="79" doraHaiUra="84" who="3" fromWho="3" sc="250,-26,250,-13,250,-13,240,62" />
</Scene>
<Scene>
<INIT seed="1,0,0,5,1,6" ten="224,237,237,302" oya="1" hai0="115,45,97,79,9,40,67,66,107,15,74,78,55" hai1="108,41,53,42,76,33,69,92,99,34,77,36,28" hai2="119,87,134,84,111,60,124,5,39,52,110,125,17" hai3="47,135,19,7,98,18,2,71,128,129,54,14,132"/><U8/><E69/><V90/><F39/><W68/><G2/><T11/><D115/><U131/><E131/><N who="3" m="50250" /><G98/><T27/><D107/><U13/><E108/><N who="2" m="41515" /><F119/><W101/><G101/><T96/><D74/><U65/><E65/><N who="0" m="24585" /><D40/><U102/><E42/><V35/><F35/><W12/><G47/><T103/><D15/><N who="3" m="5673" /><G7/><T75/><D75/><U29/><E33/><V127/><F5/><W117/><G54/><T30/><D45/><U25/><E28/><V126/><F125/><W26/><G26/><T94/><D96/><U62/><E41/><V51/><F60/><W44/><G44/><T22/><D55/><U133/><E36/><V57/><F90/><W20/><G20/><T123/><D123/><U80/><E53/><V120/><F120/><W58/><G58/><T64/><N who="0" m="24593" /><T50/><DORA hai="48" /><D50/><U113/><E62/><V91/><F91/><W130/><G117/><T112/><D112/><U85/><E113/><V61/><F61/><W37/><G37/><T83/><D83/><U1/><E1/><V46/><F46/><W31/><G31/><T106/><D106/><U109/><E109/><V21/><F134/><N who="3" m="51243" /><G130/><T72/><D72/><U100/><E133/><V4/><F4/><W10/><G10/><AGARI ba="0,0" hai="9,10,11,22,27,30,78,79,94,97,103" m="24593" machi="10" ten="30,7700,0" yaku="8,1,52,3" doraHai="6,48" who="0" fromWho="3" sc="224,77,237,0,237,0,302,-77" />
</Scene>
<Scene>
<INIT seed="2,0,0,5,3,86" ten="301,237,237,225" oya="2" hai0="90,0,34,41,73,131,63,108,45,52,120,122,51" hai1="14,74,61,1,66,84,58,36,37,20,9,17,7" hai2="71,4,39,110,16,103,100,10,11,95,32,59,28" hai3="23,60,56,48,94,91,12,109,107,21,80,85,57"/><V81/><F71/><W30/><G107/><T79/><D34/><U128/><E74/><V98/><F39/><W89/><G109/><T15/><D0/><U54/><E128/><V99/><F110/><W64/><G30/><T119/><D108/><U134/><E134/><V2/><F81/><W67/><G12/><T76/><D73/><U104/><E104/><V35/><F28/><W83/><G48/><N who="0" m="26671" /><D63/><U77/><E66/><V105/><F59/><W40/><G40/><T114/><D131/><U87/><E87/><V50/><F50/><W101/><G85/><T3/><D114/><U42/><E42/><V112/><F112/><W125/><G125/><T43/><D3/><U27/><E1/><V68/><F68/><W8/><G8/><T97/><D43/><U49/><E61/><V70/><F70/><W47/><G60/><T106/><D106/><U111/><E111/><V24/><REACH who="2" step="1"/><F11/><REACH who="2" ten="301,237,227,225" step="2"/><W19/><G47/><N who="0" m="27775" /><D76/><U117/><E117/><V102/><F102/><W96/><G101/><T25/><D79/><U72/><E72/><V93/><F93/><W78/><G94/><T132/><D119/><U121/><E121/><V18/><F18/><W38/><G78/><T33/><D122/><U6/><E6/><V126/><F126/><W75/><G19/><T116/><D120/><U92/><E77/><V69/><F69/><W130/><G38/><T62/><D116/><U29/><E29/><V115/><F115/><W53/><G130/><T5/><D90/><N who="1" m="53319" /><E37/><V129/><F129/><W13/><G89/><T22/><D33/><U113/><E36/><V55/><F55/><RYUUKYOKU ba="0,1" sc="301,-15,237,15,227,15,225,-15" hai1="7,9,14,17,20,27,49,54,58,113" hai2="2,4,10,16,24,32,35,95,98,99,100,103,105" />
</Scene>
<Scene>
<INIT seed="2,1,1,4,0,23" ten="286,252,242,210" oya="2" hai0="113,41,114,105,123,33,50,7,20,14,27,55,124" hai1="87,88,69,4,63,67,103,42,65,75,97,64,24" hai2="80,10,100,116,51,49,129,72,90,134,19,94,108" hai3="96,120,133,95,101,56,125,102,93,98,39,111,53"/><V135/><F116/><W44/><G120/><T0/><D105/><U13/><E75/><V25/><F100/><W8/><G125/><T112/><D124/><U18/><E42/><V121/><F121/><W11/><G133/><N who="2" m="50697" /><F129/><W21/><G111/><T40/><D123/><U81/><E4/><V16/><F108/><W46/><G21/><T127/><D0/><U6/><E6/><V28/><F10/><W15/><G15/><T106/><D106/><U1/><E1/><V43/><F43/><W22/><G22/><T128/><D128/><U110/><E110/><V45/><F72/><W85/><G85/><T126/><D33/><U54/><E54/><N who="2" m="29999" /><F80/><W74/><G74/><T31/><D127/><U48/><E48/><V89/><F51/><W52/><REACH who="3" step="1"/><G56/><REACH who="3" ten="286,252,242,200" step="2"/><T109/><D126/><U117/><E117/><V79/><F79/><W35/><G35/><T104/><D109/><U36/><E13/><V78/><F78/><W107/><G107/><T38/><D104/><U5/><E87/><N who="2" m="52543" /><F90/><W3/><G3/><T2/><D2/><U32/><E88/><V73/><F73/><W29/><G29/><T84/><D113/><U92/><E69/><V37/><F37/><AGARI ba="1,2" hai="8,11,37,39,44,46,52,53,93,95,96,98,101,102" machi="37" ten="25,6400,0" yaku="1,1,22,2,54,1,53,0" doraHai="23" doraHaiUra="131" who="3" fromWho="2" sc="286,0,252,0,242,-67,200,87" />
</Scene>
<Scene>
<INIT seed="3,0,0,1,3,115" ten="286,252,175,287" oya="3" hai0="3,116,105,123,68,97,10,47,111,73,33,65,127" hai1="35,76,27,20,15,113,120,37,54,86,72,79,132" hai2="134,0,41,85,25,77,89,135,124,13,55,83,119" hai3="45,131,52,108,80,7,18,100,122,48,46,62,104"/><W4/><G122/><T44/><RYUUKYOKU type="yao9" ba="0,0" sc="286,0,252,0,175,0,287,0" hai0="3,10,33,44,47,65,68,73,97,105,111,116,123,127" />
</Scene>
<Scene>
<INIT seed="3,1,0,2,0,121" ten="286,252,175,287" oya="3" hai0="126,128,2,86,78,47,108,23,71,66,131,82,10" hai1="52,73,125,18,68,65,9,7,103,96,117,28,41" hai2="26,90,29,120,101,56,13,61,115,97,37,50,132" hai3="74,53,27,17,72,130,16,44,112,89,76,111,22"/><W64/><G111/><T32/><D32/><U129/><E73/><V3/><F115/><W110/><G110/><T116/><D108/><U59/><E125/><V36/><F3/><W109/><G130/><N who="0" m="49707" /><D116/><U12/><E129/><V43/><F120/><W69/><G109/><T62/><D126/><U0/><E117/><V107/><F132/><W24/><G112/><T25/><D47/><U100/><E41/><V4/><F90/><W123/><G89/><T67/><D67/><U135/><E135/><V1/><F1/><W83/><G123/><T55/><D10/><U20/><E28/><V84/><F84/><W122/><G122/><T79/><D2/><U105/><E103/><V88/><F88/><W124/><G124/><T94/><D55/><U19/><E19/><V60/><F60/><W98/><G98/><T51/><D51/><U118/><E118/><V93/><F107/><W34/><G34/><T91/><D94/><U77/><E77/><V42/><F37/><W114/><G114/><T87/><D86/><U6/><E6/><V15/><F36/><W81/><G69/><T40/><D40/><U70/><REACH who="1" step="1"/><E65/><REACH who="1" ten="286,242,175,287" step="2"/><N who="2" m="39079" /><F4/><W57/><G64/><T92/><D82/><U63/><AGARI ba="1,1" hai="0,7,9,12,18,20,52,59,63,68,70,96,100,105" machi="63" ten="20,8000,1" yaku="1,1,0,1,7,1,54,1,53,1" doraHai="121" doraHaiUra="35" who="1" fromWho="1" sc="286,-21,242,93,175,-21,287,-41" owari="265,7.0,335,43.0,154,-35.0,246,-15.0" />
</Scene>
</mjloggm>