<mjloggm ver="2.3"><GO type="97"/><UN n0="%E3%82%AC%E3%83%9F%E3%83%8D%E3%83%BC" n1="%6D%6F%6E%64%61%79" n2="%64%61%72%6A%65%6C%69%6E" n3="%E5%A4%AA%E3%81%8F%E3%81%AA%E3%81%84%E3%81%8A" dan="14,14,14,15" rate="1903,1977,1849,2066" sx="M,M,M,M"/><TAIKYOKU oya="0"/>

<Scene>
<INIT seed="0,0,0,3,4,97" ten="250,250,250,250" oya="0" hai0="41,103,100,75,15,71,118,52,11,111,47,126,48" hai1="65,44,55,86,18,57,54,122,84,45,37,32,30" hai2="116,127,0,85,74,63,113,31,17,13,27,43,91" hai3="62,9,6,95,123,34,79,40,53,120,19,10,14"/><T78/><D118/><U96/><E122/><N who="3" m="46634" /><G34/><T16/><D71/><U130/><E130/><V94/><F113/><W117/><G117/><T4/><D75/><U129/><E129/><V83/><F116/><W104/><G104/><T132/><D132/><U73/><E73/><V105/><F0/><N who="3" m="199" /><G40/><T81/><D126/><U24/><E37/><V21/><F127/><W106/><G106/><T99/><D111/><U49/><E96/><V76/><F105/><W90/><G79/><T22/><D99/><U12/><E65/><V70/><F43/><W61/><G53/><T25/><D41/><U20/><E44/><V5/><F5/><W93/><G93/><T64/><REACH who="0" step="1"/><D64/><REACH who="0" ten="240,250,250,250" step="2"/><U23/><E32/><V26/><F70/><W3/><G3/><T69/><D69/><U35/><REACH who="1" step="1"/><E35/><REACH who="1" ten="240,240,250,250" step="2"/><V67/><F74/><W115/><G115/><T80/><D80/><U38/><E38/><V133/><F83/><W92/><G92/><T36/><D36/><U131/><E131/><V58/><F133/><W87/><AGARI ba="0,2" hai="10,14,19,61,62,87,90,95" m="199,46634" machi="87" ten="30,1100,0" yaku="13,1" doraHai="97" who="3" fromWho="3" sc="240,-5,240,-3,250,-3,250,31" />
</Scene>
<Scene>
<INIT seed="1,0,0,3,2,135" ten="235,237,247,281" oya="1" hai0="108,80,83,72,64,89,36,77,78,2,5,94,101" hai1="50,73,120,134,122,53,37,96,33,128,27,60,132" hai2="35,133,125,86,16,49,38,106,107,51,52,88,109" hai3="110,65,97,7,103,130,126,29,11,9,42,28,102"/><U18/><E73/><V93/><F38/><W63/><G110/><T104/><D36/><U8/><E37/><V14/><F35/><W31/><G130/><T127/><D64/><U45/><E128/><V12/><F109/><W75/><G75/><N who="0" m="43071" /><D5/><U22/><E96/><V69/><F69/><W54/><G42/><T17/><D17/><U131/><E131/><V70/><F70/><W123/><G123/><T79/><D2/><U21/><E33/><V71/><F71/><W10/><G54/><T129/><D108/><U119/><E119/><V98/><F133/><N who="1" m="51305" /><E60/><V4/><F4/><W41/><G41/><T6/><D6/><U66/><E66/><V84/><F106/><W3/><G103/><T90/><D129/><U99/><E99/><V55/><F107/><W91/><G102/><T68/><D68/><U34/><E34/><V56/><F12/><W32/><G32/><T48/><D79/><U39/><E39/><V82/><F82/><W115/><G63/><T44/><D104/><U58/><E8/><N who="3" m="3178" /><G65/><T1/><D101/><U100/><E100/><V24/><F98/><W67/><G67/><T81/><D72/><U61/><E21/><V26/><F86/><W118/><G97/><T105/><D105/><U117/><E117/><V121/><F84/><W62/><G118/><T76/><D78/><U111/><E111/><V30/><F121/><W87/><G11/><T0/><D76/><U113/><E122/><V114/><F114/><W92/><G115/><T15/><D1/><U124/><E120/><V20/><F20/><W19/><G7/><T40/><D0/><RYUUKYOKU ba="0,0" sc="235,0,237,0,247,0,281,0" />
</Scene>
<Scene>
<INIT seed="2,1,0,2,4,110" ten="235,237,247,281" oya="2" hai0="74,131,67,122,107,22,129,25,125,130,10,73,121" hai1="8,97,38,62,20,51,135,14,31,6,7,94,13" hai2="17,120,92,113,103,119,56,2,44,69,133,1,32" hai3="11,5,71,104,75,101,86,29,123,49,21,3,26"/><V95/><F120/><N who="0" m="46186" /><D67/><U118/><E38/><V105/><F119/><W79/><G123/><T59/><D59/><U96/><E118/><V87/><F69/><W40/><G71/><T89/><D89/><U34/><E34/><V52/><F32/><W78/><G75/><T108/><D107/><U124/><E135/><V117/><F117/><W116/><G116/><T111/><D125/><U33/><E33/><V80/><F133/><W53/><G40/><T63/><D63/><U64/><E124/><V102/><F113/><W42/><G42/><T77/><D77/><U37/><E51/><V16/><F44/><W88/><G101/><T54/><D54/><U132/><E37/><V41/><F41/><W15/><G3/><T65/><D65/><U45/><E45/><V60/><F105/><W72/><G72/><N who="0" m="27755" /><D10/><N who="1" m="4311" /><E94/><N who="2" m="35883" /><F2/><W19/><G104/><T12/><D12/><U4/><E132/><V28/><F28/><AGARI ba="1,0" hai="22,25,28,108,111,129,130,131" m="27755,46186" machi="28" ten="40,1300,0" yaku="19,1" doraHai="110" who="0" fromWho="2" sc="235,16,237,0,247,-16,281,0" />
</Scene>
<Scene>
<INIT seed="3,0,0,3,3,125" ten="251,237,231,281" oya="3" hai0="51,8,10,57,62,122,55,16,99,85,115,1,77" hai1="32,128,108,118,20,23,91,70,59,113,100,52,79" hai2="56,124,117,2,67,130,111,126,105,43,80,114,66" hai3="88,106,12,13,18,116,29,134,78,71,95,120,44"/><W25/><G120/><T63/><D115/><U46/><E70/><V28/><F2/><W135/><G116/><T27/><D122/><U109/><E32/><V33/><F114/><W110/><G106/><T75/><D75/><U104/><E113/><V93/><F117/><W94/><G71/><T4/><D99/><N who="1" m="61471" /><E118/><V47/><F105/><W131/><G131/><T34/><D34/><U48/><E79/><V60/><F80/><W39/><G78/><T123/><D123/><U15/><E91/><V54/><F111/><N who="1" m="42569" /><E15/><V36/><F93/><W58/><G58/><T69/><D69/><U83/><E83/><V129/><F28/><W26/><G110/><T30/><D77/><U61/><E128/><N who="2" m="49259" /><F33/><W133/><G29/><T6/><D85/><U38/><E38/><V127/><AGARI ba="0,0" hai="36,43,47,54,56,60,66,67,124,126,127" m="49259" machi="127" ten="40,12000,2" yaku="18,1,19,1,34,2,52,3" doraHai="125" who="2" fromWho="2" sc="251,-30,237,-30,231,120,281,-60" owari="221,2.0,207,-29.0,351,45.0,221,-18.0" />
</Scene>
</mjloggm>