<mjloggm ver="2.3"><GO type="233"/><UN n0="%E3%81%82%E3%81%A4%E3%81%82%E3%81%A4%E6%B9%AF%E8%B1%86%E8%85%90" n1="%E3%81%BF%E3%81%BF%E3%81%9A" n2="%53%48%49%53%55%4B%45" n3="%E5%A4%AA%E3%81%8F%E3%81%AA%E3%81%84%E3%81%8A" dan="18,17,16,17" rate="2238,2156,2074,2147" sx="M,M,M,M"/><TAIKYOKU oya="0"/>

<Scene>
<INIT seed="0,0,0,5,1,77" ten="250,250,250,250" oya="0" hai0="84,47,23,99,54,94,98,79,108,67,7,50,119" hai1="56,59,18,4,97,31,124,91,40,95,16,61,100" hai2="123,28,115,9,106,89,10,90,92,49,111,135,29" hai3="81,76,19,58,17,73,63,110,102,15,72,130,101"/><T69/><D119/><U14/><E124/><V93/><F106/><W26/><G110/><T68/><D108/><U1/><E1/><V13/><F111/><W117/><G117/><T118/><D118/><U134/><E134/><V11/><F115/><W128/><G73/><T132/><D132/><U12/><E31/><N who="2" m="11851" /><F123/><W53/><G26/><T86/><D7/><U20/><E40/><V87/><F49/><W112/><G112/><T45/><D67/><U35/><E35/><V37/><F37/><W57/><G57/><T38/><D23/><U83/><E4/><N who="2" m="3239" /><F135/><W34/><G34/><T114/><D114/><U120/><E61/><V36/><F36/><W74/><G74/><T52/><D98/><AGARI ba="0,0" hai="10,11,87,89,90,92,93,98" m="3239,11851" machi="98" ten="30,1000,0" yaku="8,1" doraHai="77" who="2" fromWho="0" sc="250,-10,250,0,250,10,250,0" />
</Scene>
<Scene>
<INIT seed="1,0,0,0,4,127" ten="240,250,260,250" oya="1" hai0="69,43,102,33,112,11,124,129,34,13,12,18,21" hai1="75,121,8,48,59,89,132,51,84,106,104,56,123" hai2="117,66,50,42,10,78,99,79,47,94,28,72,114" hai3="39,108,120,86,113,24,57,17,122,90,15,95,35"/><U46/><E75/><V118/><F114/><W128/><G113/><T98/><D112/><U41/><E8/><V36/><F28/><W125/><G39/><T0/><D124/><U58/><E132/><V68/><F68/><W37/><G37/><T109/><D0/><U2/><E2/><V1/><F66/><W97/><G125/><T82/><D69/><U4/><E4/><N who="2" m="1295" /><F79/><W119/><G108/><T29/><D109/><U27/><E51/><V74/><F50/><W52/><G119/><T64/><D64/><U116/><E116/><V3/><F3/><W23/><G35/><T45/><D82/><U67/><E67/><V126/><F74/><W62/><G128/><T131/><D45/><U16/><E121/><V101/><F126/><W135/><G135/><T88/><D43/><U134/><E134/><V25/><F25/><W7/><G86/><T100/><D100/><U6/><E6/><V87/><F87/><W38/><G38/><T111/><D111/><U65/><E65/><V80/><AGARI ba="0,0" hai="36,42,47,72,78,80,94,99,101,117,118" m="1295" machi="80" ten="30,1100,0" yaku="25,1" doraHai="127" who="2" fromWho="2" sc="240,-3,250,-5,260,11,250,-3" />
</Scene>
<Scene>
<INIT seed="2,0,0,2,2,80" ten="237,245,271,247" oya="2" hai0="85,51,50,122,88,109,10,26,17,16,64,70,23" hai1="96,45,79,105,72,29,25,3,103,128,111,60,74" hai2="120,47,6,107,48,116,41,90,115,13,59,24,76" hai3="106,32,52,92,49,117,44,100,62,77,33,54,39"/><V63/><F115/><W131/><G117/><T121/><D121/><U20/><E111/><V135/><F120/><W38/><G106/><T127/><D122/><U84/><E128/><V66/><F116/><W56/><G131/><T71/><D71/><U27/><E3/><V126/><F107/><W15/><G77/><T21/><D109/><U78/><E45/><V99/><F76/><W97/><REACH who="3" step="1"/><G15/><REACH who="3" ten="237,245,271,237" step="2"/><N who="0" m="7287" /><D127/><U40/><E78/><V130/><F126/><W133/><G133/><T4/><D4/><U73/><E79/><V0/><F130/><W53/><G53/><T113/><D64/><U46/><E27/><V31/><F135/><W55/><G55/><T19/><D113/><U58/><E73/><V14/><F13/><W36/><AGARI ba="0,1" hai="32,33,36,38,39,44,49,52,54,56,62,92,97,100" machi="36" ten="30,8000,1" yaku="1,1,0,1,54,1,53,2" doraHai="80" doraHaiUra="30" who="3" fromWho="3" sc="237,-20,245,-20,271,-40,237,90" />
</Scene>
<Scene>
<INIT seed="3,0,0,3,2,29" ten="217,225,231,327" oya="3" hai0="12,68,16,33,103,52,112,21,90,40,63,57,59" hai1="98,76,83,45,124,71,80,50,115,75,134,107,77" hai2="118,31,79,11,69,128,122,87,24,54,9,116,121" hai3="48,92,130,100,70,4,2,133,110,131,97,125,95"/><W56/><G70/><T74/><D74/><U14/><E71/><V81/><F69/><W126/><G2/><T23/><D112/><U94/><E115/><V38/><F38/><W127/><G4/><T99/><D68/><U10/><E124/><V41/><F41/><W123/><G123/><N who="2" m="47113" /><F54/><N who="3" m="31815" /><G110/><T36/><D33/><U53/><E107/><V17/><F128/><N who="3" m="49195" /><G92/><N who="0" m="58855" /><D36/><U8/><E134/><AGARI ba="0,0" hai="95,97,100,125,126,127,133,134" m="49195,31815" machi="134" ten="40,12000,1" yaku="30,2,18,1,19,1" doraHai="29" who="3" fromWho="1" sc="217,0,225,-120,231,0,327,120" />
</Scene>
<Scene>
<INIT seed="3,1,0,1,5,21" ten="217,105,231,447" oya="3" hai0="13,110,111,0,25,64,18,68,87,12,60,134,121" hai1="115,100,122,105,30,49,45,135,39,124,101,44,52" hai2="32,40,7,47,29,70,57,109,131,19,85,117,66" hai3="75,3,99,127,89,26,33,74,112,128,72,59,91"/><W114/><G3/><T90/><D121/><U84/><E122/><V15/><F117/><W31/><G127/><T126/><D0/><U95/><E115/><V81/><F70/><W27/><G128/><T77/><D77/><U119/><E124/><V22/><F131/><W46/><G59/><T86/><D126/><U97/><E119/><V37/><F109/><N who="0" m="41482" /><D134/><U10/><E135/><V129/><F129/><W58/><G58/><T42/><D42/><U17/><E30/><V123/><F123/><W83/><G46/><T104/><D104/><U5/><E17/><V82/><F7/><W14/><G14/><N who="0" m="5739" /><D90/><U63/><E63/><V106/><F106/><W6/><G6/><T120/><D120/><U118/><E118/><V78/><F78/><W28/><G91/><T9/><D9/><U38/><E44/><V96/><F47/><W23/><REACH who="3" step="1"/><G83/><REACH who="3" ten="217,105,231,437" step="2"/><T2/><D2/><U62/><E62/><N who="2" m="38223" /><F82/><W130/><G130/><T8/><D8/><U56/><E45/><V43/><F81/><W116/><G116/><T34/><D68/><U80/><E101/><V102/><F15/><W98/><G98/><T50/><D60/><U48/><E48/><V11/><F102/><W93/><AGARI ba="1,1" hai="23,26,27,28,31,33,72,74,75,89,93,99,112,114" machi="93" ten="40,12000,1" yaku="1,1,0,1,52,2,53,0" doraHai="21" doraHaiUra="125" who="3" fromWho="3" sc="217,-41,105,-41,231,-41,437,133" />
</Scene>
<Scene>
<INIT seed="3,2,0,4,5,68" ten="176,64,190,570" oya="3" hai0="130,92,124,127,63,51,87,82,38,46,17,49,126" hai1="4,122,53,15,26,52,54,7,19,58,8,39,55" hai2="85,16,113,1,2,59,43,131,71,90,110,114,5" hai3="135,30,95,118,70,80,11,91,10,97,66,105,9"/><W120/><G120/><T37/><D92/><U112/><E122/><V128/><F71/><W94/><G118/><T117/><D117/><U22/><E112/><V69/><F69/><W20/><G135/><T64/><D17/><U21/><E39/><N who="0" m="14857" /><D46/><U99/><E99/><V83/><F16/><W45/><G45/><T119/><D119/><U121/><E121/><V123/><F59/><W62/><G105/><T27/><D27/><U75/><E75/><V60/><F60/><W29/><G80/><T56/><D130/><U42/><E42/><V93/><F43/><W125/><G94/><T47/><D47/><U116/><E116/><V35/><F35/><W133/><G30/><T98/><D98/><U111/><E111/><V78/><F110/><W74/><G29/><T12/><D12/><U79/><E79/><AGARI ba="2,0" hai="49,51,56,63,64,79,82,87,124,126,127" m="14857" machi="79" ten="40,8000,1" yaku="18,1,52,3" doraHai="68" who="0" fromWho="1" sc="176,86,64,-86,190,0,570,0" owari="262,6.0,-22,-52.0,190,-21.0,570,67.0" />
</Scene>
</mjloggm>