<mjloggm ver="2.3"><GO type="169" lobby="0"/><UN n0="%E5%A5%94%E6%94%BE%E9%9B%80%E5%A3%AB" n1="%E5%A4%AA%E3%81%8F%E3%81%AA%E3%81%84%E3%81%8A" n2="%E3%81%99%E3%81%9F%E3%81%A1%E3%81%AA%2E" n3="%E3%83%AD%E3%83%AA%E3%83%BC%E3%82%BF%E3%81%AA%E7%84%BC%E8%82%89" dan="16,17,16,17" rate="2054.61,2166.47,2051.24,2096.94" sx="M,M,M,M"/><TAIKYOKU oya="0"/>

<Scene>
<INIT seed="0,0,0,3,5,83" ten="250,250,250,250" oya="0" hai0="19,105,103,104,73,70,47,94,87,100,28,8,93" hai1="10,108,129,25,64,132,74,130,135,36,23,72,128" hai2="119,71,18,2,118,30,101,48,12,91,13,54,109" hai3="20,126,29,4,65,51,86,11,112,133,110,43,66"/><T59/><D70/><U127/><E36/><V122/><F122/><W32/><G112/><T115/><D73/><N who="1" m="28267" /><E64/><V34/><F2/><W80/><G110/><T134/><D115/><U75/><E75/><V58/><F101/><W89/><G133/><N who="1" m="51274" /><E10/><V111/><F71/><W67/><G126/><T39/><D28/><N who="1" m="17471" /><E108/><N who="2" m="41547" /><F91/><W114/><G32/><T68/><D68/><U95/><E95/><V116/><F18/><W78/><G114/><T102/><D104/><U90/><E90/><V120/><F120/><W62/><G89/><T21/><D105/><U81/><E81/><V3/><F3/><W16/><G29/><T40/><D8/><U82/><E82/><V55/><F55/><W0/><G62/><T76/><D134/><U121/><E121/><V124/><F124/><AGARI ba="0,0" hai="124,127,128,129,130" m="17471,51274,28267" machi="124" ten="40,8000,1" yaku="30,2,19,1,20,1" doraHai="83" who="1" fromWho="2" sc="250,0,250,80,250,-80,250,0" />
</Scene>
<Scene>
<INIT seed="1,0,0,5,3,14" ten="250,330,170,250" oya="1" hai0="20,28,23,131,67,99,29,48,39,15,78,88,52" hai1="30,119,94,85,32,22,27,40,116,123,134,62,86" hai2="61,63,51,79,89,84,21,1,16,101,112,9,90" hai3="92,50,114,128,4,26,82,121,108,60,10,33,57"/><U44/><E123/><V97/><F112/><W91/><G121/><T42/><D78/><U55/><E134/><V37/><F37/><W133/><G114/><T17/><D67/><U127/><E127/><V56/><F79/><W135/><G128/><T125/><D131/><U70/><E32/><V111/><F111/><W130/><G130/><T49/><D39/><U122/><E122/><V54/><F1/><W76/><G50/><T68/><D68/><U46/><E46/><V65/><F9/><W0/><G108/><T73/><D73/><U104/><E104/><V83/><F65/><W43/><G43/><T2/><D2/><U64/><E55/><V93/><REACH who="2" step="1"/><F90/><REACH who="2" ten="250,330,160,250" step="2"/><W109/><G109/><T95/><D125/><U59/><E70/><V6/><F6/><W5/><G5/><T80/><D23/><U25/><E119/><V106/><F106/><W100/><G91/><T98/><D88/><U19/><E116/><V72/><F72/><W7/><G7/><T107/><D107/><U45/><E64/><V81/><F81/><W36/><G36/><T69/><D80/><U53/><E94/><V31/><F31/><N who="0" m="11850" /><D69/><U126/><E126/><V58/><F58/><W11/><G82/><T113/><D95/><U124/><E124/><V12/><AGARI ba="0,1" hai="12,16,21,51,54,56,61,63,83,84,89,93,97,101" machi="12" ten="20,12000,2" yaku="1,1,0,1,7,1,8,1,52,1,54,1,53,0" doraHai="14" doraHaiUra="35" who="2" fromWho="2" sc="250,-30,330,-60,160,130,250,-30" />
</Scene>
<Scene>
<INIT seed="2,0,0,1,4,90" ten="220,270,290,220" oya="2" hai0="4,17,38,135,133,2,11,50,19,68,100,79,18" hai1="123,102,108,46,53,41,57,61,88,122,86,69,25" hai2="58,95,124,104,105,59,113,94,24,51,27,7,65" hai3="63,67,99,15,39,91,70,76,29,130,22,80,52"/><V114/><F65/><W132/><G39/><T120/><D68/><U42/><E108/><V75/><F75/><W98/><G132/><T107/><D120/><N who="1" m="46123" /><E69/><V106/><F51/><W0/><G0/><T119/><D79/><U125/><E125/><V34/><F7/><W62/><G130/><T97/><D38/><U12/><E102/><V56/><F124/><W111/><G111/><T48/><REACH who="0" step="1"/><D119/><REACH who="0" ten="210,270,290,220" step="2"/><U32/><E42/><V37/><F37/><W103/><G76/><T66/><D66/><U49/><E41/><V31/><REACH who="2" step="1"/><F27/><REACH who="2" ten="210,270,280,220" step="2"/><N who="3" m="16631" /><G67/><T126/><D126/><U36/><E36/><V5/><F5/><W73/><G70/><T83/><D83/><U84/><E25/><V55/><F55/><W92/><G52/><T77/><D77/><U23/><E53/><V72/><F72/><W115/><G73/><T93/><D93/><AGARI ba="0,2" hai="24,31,34,56,58,59,93,94,95,104,105,106,113,114" machi="93" ten="50,12000,1" yaku="1,1,52,3,53,0" doraHai="90" doraHaiUra="74" who="2" fromWho="0" sc="210,-120,270,0,280,140,220,0" />
</Scene>
<Scene>
<INIT seed="2,1,0,3,3,59" ten="90,270,420,220" oya="2" hai0="36,91,10,15,52,7,69,112,108,28,79,31,65" hai1="81,134,14,61,49,1,41,97,130,5,114,56,133" hai2="103,24,46,34,128,115,6,119,122,23,83,87,9" hai3="8,25,99,44,20,98,35,42,51,26,124,131,38"/><V55/><F115/><W22/><G131/><T129/><D112/><U78/><E114/><V33/><F119/><W68/><G68/><T116/><D116/><U88/><E1/><V101/><F128/><W4/><G124/><T94/><D129/><U117/><E130/><V84/><F122/><W135/><G135/><N who="1" m="51722" /><E117/><V12/><F33/><W50/><G35/><T75/><D108/><U86/><E41/><V118/><F34/><W126/><G126/><T85/><D36/><U104/><E49/><N who="2" m="29111" /><F118/><W82/><G82/><T58/><D75/><U120/><E120/><V17/><F84/><W21/><G50/><T71/><D79/><AGARI ba="1,0" hai="6,9,12,17,23,24,79,83,87,101,103" m="29111" machi="79" ten="30,1500,0" yaku="8,1" doraHai="59" who="2" fromWho="0" sc="90,-18,270,0,420,18,220,0" />
</Scene>
<Scene>
<INIT seed="2,2,0,1,3,96" ten="72,270,438,220" oya="2" hai0="73,25,46,84,125,3,132,131,128,34,129,88,98" hai1="124,6,59,80,95,117,12,71,119,21,108,43,51" hai2="7,91,4,60,32,45,106,50,126,78,8,18,105" hai3="53,74,107,58,33,5,9,127,38,63,28,40,97"/><V72/><F32/><W31/><G74/><T93/><D3/><U27/><E71/><V57/><F126/><W109/><G109/><T83/><D125/><U22/><E124/><V70/><F70/><W121/><G121/><T112/><D112/><U36/><E108/><V116/><F116/><W16/><G127/><T47/><D132/><U86/><E36/><V92/><F72/><W101/><G33/><T1/><D1/><U62/><E95/><V135/><F78/><W99/><G99/><T19/><D73/><U2/><E2/><V13/><F105/><W118/><G118/><T30/><REACH who="0" step="1"/><D19/><REACH who="0" ten="62,270,438,220" step="2"/><U67/><E119/><V26/><F18/><W90/><G16/><T76/><AGARI ba="2,1" hai="25,30,34,46,47,76,83,84,88,93,98,128,129,131" machi="76" ten="30,12000,2" yaku="1,1,2,1,0,1,19,1,54,1,53,1" doraHai="96" doraHaiUra="77" who="0" fromWho="0" sc="62,136,270,-32,438,-62,220,-32" />
</Scene>
<Scene>
<INIT seed="3,0,0,2,1,30" ten="198,238,376,188" oya="3" hai0="10,122,106,15,69,4,34,127,115,107,52,101,56" hai1="80,45,43,131,36,9,84,67,93,48,129,60,12" hai2="116,97,92,109,3,55,50,96,35,89,123,7,83" hai3="25,19,57,39,73,63,79,24,135,82,125,8,26"/><W114/><G39/><T111/><D122/><U100/><E36/><V68/><F68/><W20/><G114/><T85/><D69/><U62/><E100/><V11/><F116/><W46/><G135/><T102/><D115/><U58/><E93/><V2/><F2/><W70/><G125/><T90/><D111/><U128/><E62/><V17/><F109/><W23/><G70/><T53/><D127/><U14/><REACH who="1" step="1"/><E9/><REACH who="1" ten="198,228,376,188" step="2"/><V72/><F11/><W74/><G8/><T120/><D102/><U49/><E49/><V6/><F50/><W47/><G73/><T59/><D120/><U113/><E113/><V119/><F72/><W71/><G71/><T66/><D101/><U51/><E51/><V112/><F92/><W126/><G126/><T87/><D106/><U133/><E133/><V37/><F123/><W130/><G130/><T76/><D107/><U110/><E110/><V16/><F37/><W64/><REACH who="3" step="1"/><G25/><REACH who="3" ten="198,228,376,178" step="2"/><T29/><D10/><U18/><E18/><AGARI ba="0,2" hai="18,19,20,23,24,26,46,47,57,63,64,74,79,82" machi="18" ten="30,11600,0" yaku="1,1,2,1,7,1,9,1,53,0" doraHai="30" doraHaiUra="28" who="3" fromWho="1" sc="198,0,228,-116,376,0,178,136" />
</Scene>
<Scene>
<INIT seed="3,1,0,0,3,19" ten="198,112,376,314" oya="3" hai0="116,129,108,105,43,40,107,2,11,79,87,133,74" hai1="102,49,100,69,76,30,128,10,84,127,131,117,93" hai2="92,89,42,86,1,26,64,33,115,13,68,23,41" hai3="126,122,123,38,112,80,91,111,103,97,119,114,55"/><W101/><G38/><T20/><D116/><U134/><E69/><V17/><F1/><W37/><G37/><T44/><D74/><U85/><E10/><V24/><F115/><N who="3" m="44075" /><G55/><T65/><D65/><U71/><E71/><V95/><F33/><W54/><G54/><T132/><D43/><N who="2" m="16394" /><F68/><W31/><G31/><T22/><D2/><U60/><E60/><V104/><F104/><W51/><G51/><T7/><D7/><U109/><E49/><V15/><F64/><W99/><G126/><T28/><D11/><U36/><E36/><V121/><F121/><N who="3" m="46091" /><G80/><T6/><D28/><U12/><E30/><V70/><F70/><W75/><G75/><T98/><D40/><U14/><E127/><V53/><F53/><W46/><G46/><T9/><D44/><U56/><E56/><V73/><F73/><W39/><G39/><T82/><D82/><U88/><E117/><V59/><F59/><W78/><G78/><T47/><D79/><U120/><E120/><V32/><F32/><W58/><G58/><T3/><D47/><U29/><E29/><V63/><F63/><W0/><G0/><T5/><D3/><U4/><E76/><V135/><F24/><W118/><G91/><T48/><D48/><U110/><E88/><V113/><F26/><W72/><G72/><T21/><D5/><U125/><E125/><V77/><F89/><W83/><G83/><T66/><D6/><U81/><E4/><V52/><F77/><W34/><G34/><T106/><D66/><U27/><E27/><V62/><F113/><W90/><G119/><T61/><D61/><RYUUKYOKU ba="1,0" sc="198,0,112,0,376,0,314,0" />
</Scene>
<Scene>
<INIT seed="4,2,0,5,2,21" ten="198,112,376,314" oya="0" hai0="39,44,84,41,61,52,68,92,27,60,130,123,81" hai1="43,100,80,66,51,7,114,30,28,46,13,127,31" hai2="58,0,89,134,135,76,40,103,4,112,87,2,86" hai3="125,83,101,38,77,53,131,57,62,102,117,82,70"/><T24/><D123/><U133/><E133/><N who="2" m="50699" /><F112/><W105/><G117/><T99/><D130/><U15/><E127/><V97/><F4/><W104/><G38/><T115/><D115/><U20/><E114/><V98/><F40/><W128/><G70/><T90/><D61/><U9/><E66/><V67/><F76/><W122/><G122/><T69/><D69/><U63/><E63/><N who="2" m="38391" /><F98/><W111/><G125/><T1/><D1/><N who="2" m="618" /><F89/><W55/><G111/><T65/><REACH who="0" step="1"/><D52/><REACH who="0" ten="188,112,376,314" step="2"/><U33/><E43/><V34/><F34/><W50/><G53/><T26/><D26/><U49/><E33/><V119/><F119/><W88/><G62/><T47/><D47/><U32/><E32/><V64/><F64/><W107/><G128/><T75/><D75/><U11/><E46/><V113/><F113/><W79/><G131/><T37/><D37/><U3/><E3/><V132/><F132/><W110/><G110/><T45/><D45/><U48/><E48/><V16/><F16/><W10/><G55/><T25/><D25/><N who="1" m="16423" /><E51/><V95/><AGARI ba="2,1" hai="86,87,95,97,103" m="618,38391,50699" machi="95" ten="30,1100,0" yaku="20,1" doraHai="21" who="2" fromWho="2" sc="188,-7,112,-5,376,27,314,-5" />
</Scene>
<Scene>
<INIT seed="5,0,0,0,1,109" ten="181,107,403,309" oya="1" hai0="66,110,60,117,34,45,72,81,58,51,4,24,20" hai1="23,130,47,3,50,69,105,103,88,41,12,28,30" hai2="6,86,64,92,10,32,133,82,11,40,49,83,68" hai3="7,129,116,25,75,15,44,127,36,17,65,99,114"/><U87/><E3/><V2/><F32/><W96/><G75/><T78/><D110/><U76/><E69/><V108/><F108/><W104/><G129/><T1/><D117/><U121/><E121/><V100/><F133/><W122/><G122/><T14/><D34/><U71/><E71/><V97/><F68/><W19/><G127/><T33/><D33/><U43/><E130/><V5/><F64/><W111/><G111/><T125/><D125/><U106/><E76/><V79/><F83/><W63/><G116/><T59/><D59/><U73/><E73/><V8/><F2/><W38/><G25/><T62/><D62/><U115/><E43/><V84/><F84/><W29/><G29/><T112/><D112/><U55/><E41/><V126/><F126/><W39/><G114/><T46/><D51/><U131/><E131/><V57/><F57/><W134/><G134/><T16/><REACH who="0" step="1"/><D24/><REACH who="0" ten="171,107,403,309" step="2"/><U107/><E115/><V124/><F124/><W120/><G63/><T37/><D37/><U98/><E30/><V26/><F26/><W42/><G38/><T22/><D22/><U132/><E132/><V90/><F49/><W54/><G39/><T135/><D135/><U101/><E28/><V53/><F8/><AGARI ba="0,1" hai="1,4,8,14,16,20,45,46,58,60,66,72,78,81" machi="8" ten="40,2600,0" yaku="1,1,54,1,53,0" doraHai="109" doraHaiUra="89" who="0" fromWho="2" sc="171,36,107,0,403,-26,309,0" />
</Scene>
<Scene>
<INIT seed="6,0,0,1,1,126" ten="207,107,377,309" oya="2" hai0="97,118,18,50,134,129,32,5,115,94,74,8,13" hai1="117,39,3,105,19,0,40,78,55,90,85,92,103" hai2="26,93,124,106,104,45,14,121,83,114,107,30,80" hai3="34,113,110,123,22,135,52,62,133,23,49,20,43"/><V66/><F121/><W24/><G123/><T76/><D32/><U122/><E122/><V120/><F120/><W119/><G110/><T6/><D118/><U21/><E117/><V88/><F114/><W41/><G119/><T64/><D134/><N who="3" m="51209" /><G62/><T84/><D64/><U37/><E78/><V28/><F66/><W31/><G113/><T65/><D65/><U7/><E40/><V33/><F28/><W131/><G131/><T102/><D74/><U54/><E105/><V58/><F124/><W29/><G29/><T11/><D129/><U101/><E39/><V10/><F58/><AGARI ba="0,0" hai="20,22,23,24,31,34,41,43,49,52,58" m="51209" machi="58" ten="30,2000,0" yaku="20,1,54,1" doraHai="126" who="3" fromWho="2" sc="207,0,107,0,377,-20,309,20" />
</Scene>
<Scene>
<INIT seed="7,0,0,0,2,15" ten="207,107,357,329" oya="3" hai0="115,50,91,11,48,45,104,6,23,55,73,10,37" hai1="62,47,41,28,44,59,29,30,9,84,14,89,134" hai2="66,38,39,108,17,32,86,112,75,26,18,52,46" hai3="1,107,82,135,25,5,113,21,85,65,67,98,129"/><W121/><G121/><T119/><D119/><U20/><E134/><V27/><F108/><W4/><G135/><T131/><D37/><U69/><E69/><V99/><F75/><W40/><G129/><T57/><D104/><U114/><E114/><V92/><F66/><N who="3" m="25099" /><G40/><T120/><D73/><U124/><E124/><V61/><F112/><W118/><G107/><T16/><D131/><U133/><E133/><V56/><F86/><W116/><G1/><T36/><D36/><U68/><E68/><V60/><F60/><W132/><G113/><T53/><D120/><U33/><E33/><V74/><F74/><W102/><G132/><T24/><D115/><U101/><E101/><V122/><F122/><W97/><G116/><T31/><D6/><N who="3" m="2665" /><G102/><T130/><D130/><U81/><E20/><N who="2" m="13583" /><F46/><W80/><G118/><T88/><D10/><U35/><E35/><V94/><F94/><W125/><G125/><T123/><D123/><U3/><E3/><V12/><F27/><W63/><G63/><T87/><D87/><U64/><REACH who="1" step="1"/><E41/><REACH who="1" ten="207,97,357,329" step="2"/><V42/><F42/><W100/><G100/><T70/><D70/><U128/><E128/><V79/><F32/><W19/><G82/><T78/><D78/><AGARI ba="0,1" hai="19,21,25,78,80,85,97,98" m="2665,25099" machi="78" ten="30,2900,0" yaku="8,1,52,1" doraHai="15" who="3" fromWho="0" sc="207,-29,97,0,357,0,329,39" owari="178,-22.0,97,-40.0,357,16.0,368,46.0" />
</Scene>
</mjloggm>