<mjloggm ver="2.3"><GO type="225"/><UN n0="%E5%85%88%E2%99%80%E7%94%9F" n1="%E3%83%AF%E3%82%A4%E3%83%AB%E3%83%89" n2="%E2%98%86%E6%97%A5%E5%90%91%E5%A4%8F%E7%BE%8E%E2%98%86" n3="%E5%A4%AA%E3%81%8F%E3%81%AA%E3%81%84%E3%81%8A" dan="17,16,16,16" rate="2139,2103,2102,2079" sx="F,M,F,M"/><TAIKYOKU oya="0"/>

<Scene>
<INIT seed="0,0,0,2,5,107" ten="250,250,250,250" oya="0" hai0="3,118,35,46,19,12,58,57,56,23,69,91,55" hai1="21,28,73,22,70,129,68,48,62,30,78,126,20" hai2="128,5,10,60,81,45,24,71,17,116,27,127,117" hai3="34,47,93,124,14,65,33,121,43,112,90,39,134"/><T25/><D118/><N who="2" m="45674" /><F127/><W101/><G112/><T119/><D119/><U108/><E126/><V87/><F128/><W36/><G124/><T9/><D69/><U1/><E129/><V131/><F131/><W113/><G113/><T92/><D35/><U99/><E1/><N who="2" m="303" /><F17/><W40/><G101/><T16/><D3/><U54/><E108/><V44/><F60/><W79/><G134/><T94/><D91/><U82/><E99/><V97/><F97/><W29/><G90/><T84/><D84/><U135/><E135/><V6/><F6/><W109/><G109/><T105/><D105/><U64/><REACH who="1" step="1"/><E70/><REACH who="1" ten="250,240,250,250" step="2"/><V66/><F71/><W18/><G121/><T132/><D132/><U125/><E125/><V52/><F66/><W123/><G65/><T76/><D76/><U80/><E80/><V104/><F104/><W0/><G79/><T83/><D83/><U7/><E7/><V13/><F13/><W98/><G0/><T100/><D100/><U88/><E88/><N who="2" m="51311" /><F44/><AGARI ba="0,1" hai="20,21,22,28,30,44,48,54,62,64,68,73,78,82" machi="44" ten="40,2600,0" yaku="1,1,52,1,53,0" doraHai="107" doraHaiUra="4" who="1" fromWho="2" sc="250,0,240,36,250,-26,250,0" />
</Scene>
<Scene>
<INIT seed="1,0,0,3,3,76" ten="250,276,224,250" oya="1" hai0="37,81,125,26,77,113,80,60,21,35,16,27,25" hai1="50,85,127,56,126,117,116,120,130,40,106,59,84" hai2="96,121,109,57,24,94,72,129,6,64,39,131,90" hai3="3,13,2,135,87,62,92,74,103,99,55,30,107"/><U101/><E120/><V52/><F121/><W82/><G135/><T42/><D113/><U43/><E101/><V68/><F39/><W83/><G30/><T1/><D1/><U19/><E19/><V8/><F109/><W91/><G13/><N who="0" m="9359" /><D37/><U132/><E50/><V115/><F115/><W48/><G62/><T9/><D35/><U110/><E106/><V0/><F24/><W7/><G7/><T10/><D125/><N who="1" m="47627" /><E110/><V54/><F72/><W86/><G74/><T45/><D60/><U78/><E78/><V17/><F17/><W33/><G33/><T88/><D77/><U32/><E32/><V14/><F0/><W15/><G15/><T69/><D69/><U11/><E11/><N who="0" m="4105" /><D88/><U133/><E130/><N who="2" m="49675" /><F68/><W93/><G2/><T124/><D124/><U104/><E104/><V36/><F36/><W65/><G3/><T102/><D102/><U49/><E49/><N who="2" m="30863" /><F54/><W100/><G100/><T63/><D27/><U23/><E23/><V95/><F94/><W134/><G134/><N who="1" m="51818" /><E117/><V5/><F6/><W79/><REACH who="3" step="1"/><G65/><AGARI ba="0,0" hai="5,8,14,64,65,90,95,96" m="30863,49675" machi="65" ten="30,2000,0" yaku="19,1,54,1" doraHai="76" who="2" fromWho="3" sc="250,0,276,0,224,20,250,-20" />
</Scene>
<Scene>
<INIT seed="2,0,0,5,3,132" ten="250,276,244,230" oya="2" hai0="50,107,72,73,112,92,103,113,9,88,16,44,80" hai1="17,128,101,3,67,95,7,93,104,98,11,85,99" hai2="111,26,22,114,56,41,117,25,116,115,57,105,39" hai3="21,131,75,8,100,124,5,120,86,42,24,19,65"/><V134/><F105/><W43/><G120/><T129/><D129/><U60/><E128/><V28/><F39/><W18/><G131/><T74/><D107/><U36/><E36/><V133/><F41/><W123/><G75/><T69/><D103/><U77/><E17/><N who="2" m="12495" /><F56/><W68/><G123/><T89/><D69/><U125/><E125/><V62/><F57/><W14/><G100/><T51/><D51/><U118/><E118/><N who="2" m="45675" /><F62/><W10/><G124/><T27/><D27/><U84/><E77/><V135/><F111/><W46/><G46/><T40/><D80/><U130/><E130/><V54/><F54/><W53/><G53/><T66/><D66/><U82/><E82/><V47/><F47/><W38/><G38/><T78/><D78/><U55/><E55/><V121/><F121/><W91/><G65/><T63/><D63/><U49/><E49/><V4/><F4/><W33/><G68/><T20/><D89/><U61/><E104/><V32/><AGARI ba="0,0" hai="26,28,32,114,115,133,134,135" m="45675,12495" machi="32" ten="40,7800,0" yaku="20,1,34,2" doraHai="132" who="2" fromWho="2" sc="250,-26,276,-26,244,78,230,-26" />
</Scene>
<Scene>
<INIT seed="2,1,0,0,5,11" ten="224,250,322,204" oya="2" hai0="65,78,12,36,37,61,27,88,33,1,48,9,4" hai1="57,76,19,82,72,46,119,115,117,100,134,26,120" hai2="87,91,124,96,42,35,2,67,10,99,98,81,16" hai3="104,106,39,114,13,68,130,126,6,14,60,52,40"/><V28/><F124/><W45/><G126/><T73/><D48/><U77/><E115/><V116/><F116/><W121/><G121/><T47/><D88/><U59/><E120/><V51/><F67/><W135/><G114/><T18/><D47/><U75/><E134/><V90/><F2/><W127/><G127/><T5/><D5/><U107/><E100/><V84/><F35/><W102/><G135/><T128/><D128/><U95/><E107/><V110/><F110/><W108/><G108/><T49/><D49/><U23/><E95/><N who="2" m="54751" /><F28/><W86/><G130/><T83/><D27/><U43/><E76/><V56/><F56/><W111/><G111/><T17/><D33/><U50/><REACH who="1" step="1"/><E75/><REACH who="1" ten="224,240,322,204" step="2"/><V7/><F91/><W38/><G102/><T70/><REACH who="0" step="1"/><D18/><REACH who="0" ten="214,240,322,204" step="2"/><U122/><E122/><V22/><F16/><W74/><G6/><T63/><D63/><U44/><E44/><V105/><F7/><W129/><G129/><T66/><D66/><U41/><E41/><V32/><F42/><W25/><G60/><T113/><D113/><U3/><E3/><V30/><F30/><W133/><G133/><T125/><D125/><U31/><E31/><V132/><F132/><W94/><G40/><T0/><D0/><U53/><E53/><V101/><F101/><W15/><G52/><T92/><D92/><U64/><E64/><V131/><F131/><W85/><G94/><T71/><D71/><U54/><E54/><V29/><F29/><W62/><G68/><T20/><AGARI ba="1,2" hai="1,4,9,12,17,20,36,37,61,65,70,73,78,83" machi="20" ten="20,5200,0" yaku="1,1,0,1,7,1,52,1,53,0" doraHai="11" doraHaiUra="24" who="0" fromWho="0" sc="214,75,240,-14,322,-27,204,-14" />
</Scene>
<Scene>
<INIT seed="3,0,0,0,3,73" ten="289,226,295,190" oya="3" hai0="6,12,86,64,22,3,50,46,123,98,111,119,13" hai1="17,25,45,122,35,15,120,85,82,124,74,115,29" hai2="69,54,126,26,58,112,101,108,7,8,5,48,55" hai3="87,118,30,78,132,83,2,16,113,121,56,127,33"/><W114/><G121/><T100/><D111/><U24/><E74/><V49/><F112/><W84/><G118/><T10/><D119/><U44/><E115/><V93/><F69/><W133/><G2/><T21/><D123/><U131/><E124/><V18/><F108/><W47/><G127/><T11/><D64/><U104/><E104/><V43/><F126/><W62/><G47/><T99/><D3/><U107/><E107/><V61/><F43/><W116/><G116/><T1/><D1/><U79/><E131/><V76/><F76/><W94/><G30/><T68/><D68/><U90/><E25/><V59/><F61/><W130/><G33/><T39/><D39/><U41/><E90/><V128/><F128/><W63/><G130/><T37/><D37/><U135/><E45/><V4/><F101/><W9/><G63/><T95/><D86/><U20/><REACH who="1" step="1"/><E135/><REACH who="1" ten="289,216,295,190" step="2"/><N who="3" m="51786" /><G87/><T109/><D109/><U60/><E60/><V53/><F26/><W134/><G134/><T23/><D99/><U72/><E72/><V97/><F97/><W0/><G94/><T38/><D95/><U31/><E31/><V67/><F93/><W106/><G106/><T28/><D98/><U92/><E92/><V34/><F67/><N who="3" m="39367" /><G0/><T70/><D46/><U129/><E129/><V89/><F89/><W96/><G96/><T66/><D100/><U52/><E52/><V71/><F54/><W103/><G103/><T91/><D91/><U19/><E19/><V102/><F102/><W57/><G57/><T125/><D125/><U117/><E117/><V75/><F75/><W27/><G27/><RYUUKYOKU ba="0,1" sc="289,-15,216,15,295,-15,190,15" hai1="15,17,20,24,29,35,41,44,79,82,85,120,122" hai3="9,16,78,83,84,113,114" />
</Scene>
<Scene>
<INIT seed="3,1,1,5,0,58" ten="274,231,280,205" oya="3" hai0="94,107,104,126,7,16,83,19,2,105,67,61,106" hai1="31,128,62,64,97,121,91,111,46,34,24,93,33" hai2="109,15,70,9,28,135,59,12,108,122,27,45,5" hai3="74,17,90,73,96,63,114,88,14,116,50,1,29"/><W3/><G116/><T130/><D107/><U11/><E121/><V120/><F70/><W30/><G114/><T79/><D126/><U76/><E111/><N who="2" m="42571" /><F135/><W131/><G131/><T48/><D130/><U66/><E128/><V85/><F45/><W113/><G113/><T101/><D48/><U25/><E76/><V22/><F59/><W95/><G50/><T23/><D7/><U8/><E46/><V32/><F85/><W44/><G44/><T49/><D49/><U40/><E40/><V35/><F15/><W78/><G78/><T54/><D54/><U10/><REACH who="1" step="1"/><E62/><REACH who="1" ten="274,221,280,205" step="2"/><V119/><F119/><W77/><G77/><T89/><D61/><U127/><E127/><V80/><F122/><W110/><G110/><T43/><D43/><U0/><E0/><V99/><F120/><W112/><G112/><T71/><D2/><U42/><E42/><V124/><F124/><W87/><G1/><T38/><D79/><U72/><E72/><V92/><F80/><N who="3" m="49255" /><G3/><T20/><D83/><U13/><E13/><V56/><F56/><W41/><G41/><T37/><D71/><U21/><E21/><V86/><F86/><W53/><G74/><T132/><D23/><U98/><E98/><V39/><F39/><W134/><G73/><T51/><D37/><U115/><E115/><V55/><F55/><W36/><G36/><T129/><D38/><U26/><E26/><V69/><F69/><W65/><G134/><T57/><D132/><U125/><E125/><V18/><F18/><W84/><G53/><T117/><D129/><U52/><E52/><V118/><F118/><RYUUKYOKU ba="1,2" sc="274,-15,221,15,280,15,205,-15" hai1="8,10,11,24,25,31,33,34,64,66,91,93,97" hai2="5,9,12,22,27,28,32,35,92,99" />
</Scene>
<Scene>
<INIT seed="4,2,2,0,0,80" ten="259,236,295,190" oya="0" hai0="108,50,35,43,26,78,94,18,31,101,122,1,34" hai1="49,107,91,20,79,117,61,67,8,81,46,82,134" hai2="123,85,66,11,65,58,127,102,40,47,86,113,116" hai3="76,87,128,44,27,132,68,9,24,10,55,125,97"/><T7/><D122/><U23/><E107/><V106/><F116/><W104/><G68/><T38/><D38/><U72/><E117/><V120/><F127/><W69/><G69/><T39/><D39/><U54/><E134/><V70/><F70/><W89/><G125/><T57/><D108/><U100/><E100/><V73/><F73/><W21/><G132/><T37/><D34/><U4/><E91/><V59/><F11/><N who="3" m="4107" /><G104/><T13/><D7/><U56/><REACH who="1" step="1"/><E82/><REACH who="1" ten="259,226,295,190" step="2"/><V83/><F106/><W33/><G128/><T129/><D101/><U32/><E32/><V119/><F102/><W22/><G33/><T135/><D35/><U5/><E5/><V96/><F83/><N who="3" m="47591" /><G89/><T103/><D135/><U84/><E84/><V111/><F86/><W6/><G6/><T92/><D129/><U99/><E99/><V93/><F96/><W0/><G97/><T131/><D131/><U52/><E52/><V114/><F119/><W41/><G55/><T14/><D103/><U19/><E19/><V63/><F123/><W60/><G0/><AGARI ba="2,3" hai="0,4,8,20,23,46,49,54,56,61,67,72,79,81" machi="0" ten="30,2000,0" yaku="1,1,7,1,53,0" doraHai="80" doraHaiUra="118" who="1" fromWho="3" sc="259,0,226,56,295,0,190,-26" />
</Scene>
<Scene>
<INIT seed="5,0,0,0,4,36" ten="259,282,295,164" oya="1" hai0="78,35,128,129,49,135,81,40,63,43,17,80,15" hai1="5,101,31,30,77,102,1,133,50,27,2,127,108" hai2="105,47,26,67,54,123,75,33,12,21,60,55,61" hai3="92,107,6,114,106,23,38,65,79,111,9,8,119"/><U22/><E133/><V90/><F123/><W0/><G111/><T25/><D135/><U68/><E68/><V134/><F75/><W51/><G38/><T28/><D63/><U11/><E108/><V89/><F105/><W104/><G114/><T58/><D58/><U74/><E127/><V70/><F134/><W124/><G124/><T62/><D62/><U93/><E1/><V10/><F33/><W131/><G131/><N who="0" m="50251" /><D49/><U85/><E31/><V122/><F122/><W53/><G119/><T14/><D14/><U59/><E74/><V72/><F72/><W126/><G126/><T24/><D24/><U125/><E125/><V13/><F13/><W76/><G65/><T3/><D3/><U52/><REACH who="1" step="1"/><E93/><REACH who="1" ten="259,272,295,164" step="2"/><V110/><F110/><W45/><G92/><T48/><D28/><U84/><E84/><V57/><F70/><W96/><G96/><T32/><D81/><AGARI ba="0,1" hai="2,5,11,22,27,30,50,52,59,77,81,85,101,102" machi="81" ten="40,3900,0" yaku="1,1,54,1,53,0" doraHai="36" doraHaiUra="41" who="1" fromWho="0" sc="259,-39,272,49,295,0,164,0" owari="220,-18.0,321,42.0,295,10.0,164,-34.0" />
</Scene>
</mjloggm>