<mjloggm ver="2.3"><GO type="169"/><UN n0="%E2%98%85%E3%83%86%E3%82%AF%E3%83%8E%E3%83%8F%E3%82%A6%E3%82%B9%E2%98%85" n1="%E5%A4%A7%E6%AD%A3%E9%BA%BB%E9%9B%80%E5%A8%98%E3%80%82" n2="%E5%A4%AA%E3%81%8F%E3%81%AA%E3%81%84%E3%81%8A" n3="%E7%8B%AC%E6%AD%A9" dan="16,17,16,16" rate="2066,2137,2087,2151" sx="M,F,M,M"/><TAIKYOKU oya="0"/>

<Scene>
<INIT seed="0,0,0,0,0,57" ten="250,250,250,250" oya="0" hai0="118,23,54,106,19,101,70,25,112,81,124,1,51" hai1="50,79,48,4,30,63,95,127,59,130,20,78,129" hai2="34,56,8,69,55,72,44,39,104,113,84,62,110" hai3="38,76,7,73,119,58,121,29,120,16,33,123,60"/><T64/><D118/><U18/><E30/><V43/><F113/><W83/><G119/><T77/><D112/><U45/><E4/><V117/><F117/><W87/><G38/><T88/><D1/><U12/><E127/><V40/><F72/><W90/><G7/><T92/><D124/><U134/><E134/><V37/><F34/><W132/><G132/><T17/><D101/><U122/><E122/><V114/><F114/><W97/><G97/><T0/><D106/><U86/><E95/><V61/><F104/><W102/><G102/><T52/><D0/><U89/><E89/><V28/><F28/><W26/><G16/><T75/><D19/><U107/><E107/><V105/><F105/><W49/><G49/><N who="1" m="19050" /><E86/><V14/><F84/><W27/><G27/><T47/><D64/><N who="1" m="39039" /><E45/><V41/><F110/><W91/><REACH who="3" step="1"/><G73/><REACH who="3" ten="250,250,250,240" step="2"/><T65/><D65/><AGARI ba="0,1" hai="26,29,33,58,60,65,76,83,87,90,91,120,121,123" machi="65" ten="40,8000,1" yaku="1,1,2,1,13,1,52,1,53,0" doraHai="57" doraHaiUra="100" who="3" fromWho="0" sc="250,-80,250,0,250,0,240,90" />
</Scene>
<Scene>
<INIT seed="1,0,0,0,1,0" ten="170,250,250,330" oya="1" hai0="59,72,124,22,84,130,85,62,57,97,19,27,93" hai1="41,119,120,87,61,1,105,134,80,48,100,95,114" hai2="15,6,5,92,33,46,29,88,102,123,30,90,71" hai3="7,32,94,43,20,135,69,45,54,89,117,82,109"/><U78/><E120/><V86/><F123/><W23/><G32/><T25/><D72/><U64/><E119/><V50/><F71/><W74/><G69/><T112/><D112/><U39/><E39/><V58/><F33/><W2/><G54/><T52/><D130/><U126/><E114/><V12/><F58/><W35/><G35/><T125/><D27/><U107/><E1/><V65/><F65/><W63/><G63/><T116/><D116/><U79/><E79/><V37/><F37/><N who="3" m="21743" /><G109/><T4/><D4/><N who="2" m="1642" /><F102/><W10/><G135/><T47/><D47/><U26/><E105/><V81/><F29/><W13/><G13/><N who="2" m="5193" /><F30/><W70/><G70/><T17/><D17/><U44/><E134/><V128/><F128/><W131/><G131/><T8/><D8/><U36/><E36/><V34/><F34/><W67/><G67/><T103/><REACH who="0" step="1"/><D59/><REACH who="0" ten="160,250,250,330" step="2"/><U99/><E26/><V38/><F38/><W18/><G117/><T108/><D108/><U51/><E44/><V111/><F111/><W77/><G18/><T110/><D110/><U122/><E122/><V104/><F104/><W60/><G60/><T14/><D14/><U115/><E115/><V113/><F113/><W76/><G10/><T127/><AGARI ba="0,1" hai="19,22,25,52,57,62,84,85,93,97,103,124,125,127" machi="127" ten="30,7900,0" yaku="1,1,0,1,18,1,54,1,53,0" doraHai="0" doraHaiUra="101" who="0" fromWho="0" sc="160,89,250,-39,250,-20,330,-20" />
</Scene>
<Scene>
<INIT seed="2,0,0,1,5,21" ten="249,211,230,310" oya="2" hai0="13,104,125,8,117,43,12,26,121,79,57,100,20" hai1="129,127,37,61,75,38,54,71,69,91,31,9,112" hai2="53,17,120,2,87,15,90,107,133,60,128,58,101" hai3="10,72,103,36,132,73,45,29,119,85,92,74,16"/><V6/><F120/><W96/><G119/><T19/><D121/><U122/><E112/><V50/><F133/><W131/><G132/><T52/><D125/><U78/><E122/><V68/><F128/><W30/><G131/><T94/><D104/><U42/><E129/><V126/><F126/><W113/><G113/><T4/><D117/><U33/><E127/><V70/><F2/><W84/><G30/><T115/><D115/><U93/><E71/><V130/><F6/><W116/><G29/><T28/><D79/><U5/><E78/><V66/><F130/><W32/><G32/><T114/><D43/><U123/><E75/><V99/><F60/><W76/><G116/><T56/><D114/><U41/><E38/><V40/><F66/><W3/><G76/><T1/><D1/><U109/><E37/><V82/><REACH who="2" step="1"/><F40/><REACH who="2" ten="249,211,220,310" step="2"/><W106/><G3/><T111/><D52/><U18/><E42/><V39/><F39/><W46/><G36/><T95/><D111/><U88/><E109/><V105/><F105/><W11/><G106/><T108/><D108/><U0/><E41/><V110/><F110/><W34/><G74/><T62/><D62/><U23/><E123/><V55/><F55/><W118/><G73/><T98/><REACH who="0" step="1"/><D94/><REACH who="0" ten="239,211,220,310" step="2"/><U97/><E54/><V49/><F49/><W35/><G92/><T25/><D25/><N who="1" m="18671" /><E61/><V86/><F86/><W124/><G84/><T83/><D83/><U22/><E0/><V63/><F63/><W59/><G85/><T24/><D24/><U81/><E81/><V14/><F14/><W51/><G124/><T44/><D44/><RYUUKYOKU ba="0,2" sc="239,15,211,-15,220,15,310,-15" hai0="4,8,12,13,19,20,26,28,56,57,95,98,100" hai2="15,17,50,53,58,68,70,82,87,90,99,101,107" />
</Scene>
<Scene>
<INIT seed="2,1,2,0,0,105" ten="254,196,235,295" oya="2" hai0="74,113,67,126,80,94,68,28,69,53,132,38,47" hai1="103,5,127,128,26,14,11,133,7,89,109,107,33" hai2="87,130,71,17,31,2,114,62,72,96,1,119,39" hai3="65,9,86,35,15,13,20,55,30,116,83,104,41"/><V122/><F87/><W51/><G104/><T8/><D113/><U48/><E107/><V95/><F114/><W117/><G65/><T84/><D74/><U102/><E7/><V0/><F122/><W135/><G135/><T131/><D28/><U50/><E133/><V44/><F119/><W40/><G35/><T32/><D32/><U22/><E33/><V90/><F31/><W37/><G37/><T99/><D8/><U52/><E128/><V6/><F130/><W70/><G70/><T27/><D27/><U75/><E75/><V16/><F6/><N who="3" m="3255" /><G117/><T88/><D67/><U81/><E127/><V54/><F72/><W58/><G116/><T29/><D126/><U78/><E78/><V123/><F123/><W77/><G15/><T79/><D132/><U3/><E3/><V92/><F92/><W111/><G111/><T93/><D131/><U110/><E50/><V19/><F71/><W4/><G4/><T134/><D134/><U76/><E76/><V129/><F129/><W108/><G108/><T18/><D29/><N who="1" m="17623" /><E109/><V63/><REACH who="2" step="1"/><F54/><REACH who="2" ten="254,196,225,295" step="2"/><W21/><G30/><T100/><D53/><U112/><E110/><V12/><F12/><W10/><G10/><T24/><D69/><U66/><E112/><V82/><F82/><W42/><AGARI ba="1,3" hai="20,21,40,41,42,51,55,58,77,83,86" m="3255" machi="42" ten="30,1100,0" yaku="8,1" doraHai="105" who="3" fromWho="3" sc="254,-4,196,-4,225,-6,295,44" />
</Scene>
<Scene>
<INIT seed="3,0,0,1,3,125" ten="250,192,219,339" oya="3" hai0="129,43,17,36,7,49,128,90,47,114,83,13,48" hai1="94,4,8,111,105,106,91,100,69,122,28,66,124" hai2="39,37,64,20,60,11,130,84,42,12,10,46,38" hai3="77,59,54,98,81,40,87,135,89,127,6,67,1"/><W44/><G127/><T92/><D7/><U22/><E124/><V75/><F75/><W19/><G135/><T32/><D32/><U58/><E69/><V113/><F113/><W35/><G35/><T15/><D83/><U78/><E122/><V51/><F84/><W126/><G126/><T45/><D114/><U27/><E78/><V63/><F63/><W26/><G67/><T68/><D68/><U50/><E111/><V24/><F12/><W56/><G6/><T25/><D25/><U2/><E100/><V14/><F14/><W57/><G1/><T108/><D15/><U95/><E95/><V61/><F61/><W21/><G98/><T71/><D71/><U134/><E134/><V116/><F116/><W34/><G34/><T85/><D108/><U101/><E101/><V96/><F96/><W73/><G73/><T52/><REACH who="0" step="1"/><D36/><REACH who="0" ten="240,192,219,339" step="2"/><U103/><E2/><V74/><F74/><W110/><G110/><T82/><D82/><U119/><E119/><V41/><F38/><W120/><G120/><T33/><D33/><U93/><E4/><V104/><F37/><W70/><G70/><T53/><D53/><N who="1" m="32055" /><E66/><V31/><F39/><W29/><G54/><T133/><D133/><U131/><E27/><V118/><F24/><W121/><G121/><T5/><D5/><U107/><E28/><V55/><F31/><W72/><G29/><T109/><D109/><U86/><E8/><AGARI ba="0,1" hai="8,13,17,43,45,47,48,49,52,85,90,92,128,129" machi="8" ten="40,8000,1" yaku="1,1,52,2,54,1,53,0" doraHai="125" doraHaiUra="18" who="0" fromWho="1" sc="240,90,192,-80,219,0,339,0" />
</Scene>
<Scene>
<INIT seed="4,0,0,2,5,69" ten="330,112,219,339" oya="0" hai0="73,115,21,49,68,4,66,101,104,133,81,75,114" hai1="130,17,8,80,35,42,32,87,113,60,76,123,37" hai2="117,100,92,103,84,121,89,20,74,26,70,135,40" hai3="127,118,56,59,78,25,2,96,107,45,16,53,129"/><T110/><D4/><U14/><E123/><V51/><F121/><W11/><G118/><T131/><D81/><U47/><E130/><V36/><F70/><W108/><G127/><T61/><D131/><U82/><E113/><N who="0" m="43017" /><D133/><U112/><E112/><V10/><F74/><W63/><G129/><T65/><D65/><U94/><E60/><V43/><F135/><W64/><G108/><T93/><D104/><U120/><E120/><V97/><F117/><W18/><G78/><T52/><D21/><U126/><E126/><V77/><F36/><W98/><G45/><N who="0" m="27695" /><D110/><U33/><E82/><N who="2" m="47183" /><F10/><W83/><G83/><T3/><D3/><U19/><E94/><V62/><F62/><N who="3" m="36111" /><G107/><T119/><D119/><U39/><REACH who="1" step="1"/><E19/><REACH who="1" ten="330,102,219,339" step="2"/><N who="2" m="12575" /><F51/><AGARI ba="0,1" hai="8,14,17,32,33,35,37,39,42,47,51,76,80,87" machi="51" ten="40,5200,0" yaku="1,1,52,2,53,0" doraHai="69" doraHaiUra="91" who="1" fromWho="2" sc="330,0,102,62,219,-52,339,0" />
</Scene>
<Scene>
<INIT seed="5,0,0,5,0,47" ten="330,164,167,339" oya="1" hai0="73,27,7,17,79,87,63,93,19,95,76,57,44" hai1="29,67,39,92,117,71,91,74,50,59,43,1,53" hai2="12,103,68,22,55,82,86,38,72,127,104,35,131" hai3="34,122,30,48,118,135,114,51,69,66,33,119,78"/><U42/><E74/><V16/><F35/><W46/><G122/><T4/><D73/><U54/><E1/><V113/><F38/><W32/><G135/><T40/><D93/><U62/><E29/><V45/><F68/><W106/><G106/><T100/><D4/><U8/><E117/><N who="3" m="44554" /><G114/><T65/><D7/><U110/><E8/><V123/><F123/><W37/><G78/><N who="0" m="29739" /><D27/><U41/><E110/><V31/><F72/><W101/><G101/><T11/><D11/><U98/><REACH who="1" step="1"/><E54/><REACH who="1" ten="330,154,167,339" step="2"/><V60/><F31/><W10/><G10/><T77/><D65/><U96/><E96/><V9/><F9/><W88/><G30/><T3/><D3/><U120/><E120/><V80/><F55/><W124/><G32/><T102/><D40/><U13/><E13/><V109/><F12/><W125/><G34/><T111/><D111/><U81/><E81/><V128/><F80/><W121/><G33/><T133/><D133/><U107/><E107/><V2/><F82/><W49/><G121/><T28/><D28/><U25/><E25/><V15/><F104/><W134/><G134/><T116/><D116/><U21/><E21/><V75/><F22/><W70/><G66/><T18/><D77/><U112/><E112/><V61/><F113/><W90/><G125/><T26/><D26/><U84/><E84/><V94/><F127/><W14/><G124/><T0/><D0/><U89/><E89/><N who="3" m="34410" /><G14/><T5/><D87/><U83/><E83/><V115/><F15/><W130/><G130/><T36/><D95/><U56/><E56/><V97/><F128/><W132/><G132/><RYUUKYOKU ba="0,1" sc="330,-15,154,15,167,-15,339,15" hai1="39,41,42,43,50,53,59,62,67,71,91,92,98" hai3="37,46,48,49,51,69,70" />
</Scene>
<Scene>
<INIT seed="5,1,1,4,2,110" ten="315,169,152,354" oya="1" hai0="82,123,75,23,80,7,92,83,12,126,120,129,122" hai1="90,84,48,78,132,107,28,64,53,89,6,46,45" hai2="93,117,79,135,103,109,0,40,118,134,25,96,114" hai3="95,35,36,18,130,51,98,127,41,29,43,73,44"/><U100/><E132/><N who="2" m="50731" /><F0/><W113/><G73/><T55/><D129/><U20/><E64/><V115/><F40/><W91/><G127/><T9/><D126/><U88/><E6/><V56/><F109/><W62/><G130/><T108/><D108/><U10/><E10/><V8/><F8/><W121/><G121/><T4/><D7/><U111/><E111/><V97/><F25/><W15/><G29/><T72/><D55/><U42/><E28/><V3/><F3/><W124/><G35/><T59/><D59/><U116/><E116/><N who="2" m="44651" /><F56/><W30/><G30/><T58/><D58/><U57/><E20/><V133/><N who="2" m="50739" /><V21/><DORA hai="81" /><F21/><W16/><G124/><T31/><D92/><U34/><E34/><V11/><F11/><W102/><G41/><T77/><D77/><U76/><E46/><V125/><F125/><W33/><G33/><T67/><D67/><U52/><E53/><V85/><F97/><W38/><G36/><T65/><D65/><U2/><E2/><V128/><F128/><W32/><G32/><T26/><AGARI ba="1,1" hai="4,9,12,23,26,31,72,75,80,82,83,120,122,123" machi="26" ten="40,2700,0" yaku="0,1,13,1" doraHai="110,81" who="0" fromWho="0" sc="315,40,169,-14,152,-8,354,-8" />
</Scene>
<Scene>
<INIT seed="6,0,0,2,4,134" ten="355,155,144,346" oya="2" hai0="21,61,118,85,56,75,27,91,122,14,53,105,135" hai1="95,70,88,81,31,36,28,72,8,132,16,82,11" hai2="92,37,1,66,49,129,18,120,116,33,73,86,93" hai3="7,4,59,125,15,89,5,68,108,96,25,35,54"/><V6/><F120/><W50/><G68/><T87/><D75/><U0/><E132/><V22/><F116/><W90/><G108/><T113/><D122/><U74/><E70/><V65/><F37/><W104/><G15/><T46/><D105/><U57/><E36/><V84/><F73/><W100/><G125/><T60/><D135/><U32/><E74/><V107/><F107/><W124/><G124/><T127/><D127/><U34/><E34/><V94/><F33/><W23/><REACH who="3" step="1"/><G35/><REACH who="3" ten="355,155,144,336" step="2"/><T99/><D118/><U45/><E32/><V128/><F1/><W10/><G10/><T83/><D14/><U131/><E11/><V109/><F109/><W48/><G48/><T103/><D113/><U62/><E8/><V130/><F6/><W102/><G102/><T42/><D60/><U112/><E0/><V47/><F66/><W26/><G26/><T52/><D27/><U44/><E112/><V51/><F65/><W121/><G121/><T117/><D117/><U76/><E62/><V106/><F106/><W67/><G67/><T29/><D61/><U126/><E126/><V43/><REACH who="2" step="1"/><F51/><REACH who="2" ten="355,155,134,336" step="2"/><W9/><G9/><T77/><D21/><U123/><E123/><V133/><F133/><W58/><G58/><T71/><D56/><U80/><E57/><V114/><F114/><W41/><G41/><T24/><D42/><U13/><E72/><V78/><F78/><W40/><G40/><T115/><D77/><U19/><E76/><V3/><F3/><W79/><G79/><T119/><D119/><U55/><E45/><V63/><F63/><W69/><G69/><RYUUKYOKU ba="0,2" sc="355,-15,155,-15,134,15,336,15" hai2="18,22,43,47,49,84,86,92,93,94,128,129,130" hai3="4,5,7,23,25,50,54,59,89,90,96,100,104" />
</Scene>
<Scene>
<INIT seed="6,1,2,2,0,64" ten="340,140,149,351" oya="2" hai0="108,48,43,93,15,66,61,5,63,84,110,59,0" hai1="81,13,27,19,17,80,79,29,128,73,65,7,8" hai2="96,92,55,109,22,28,51,116,86,76,101,39,120" hai3="46,122,127,97,104,6,131,90,75,133,38,82,85"/><V71/><F120/><W94/><G122/><T11/><D0/><U30/><E128/><V53/><F116/><W117/><G117/><T112/><D112/><U18/><E65/><V1/><F39/><W44/><G131/><T77/><D63/><U58/><E58/><V16/><F1/><W41/><G44/><N who="0" m="25631" /><D93/><U60/><E60/><V118/><F118/><W20/><G20/><T52/><D66/><U91/><E27/><N who="2" m="16503" /><F71/><W35/><G35/><T40/><D40/><U36/><E36/><V135/><F135/><W83/><G133/><T2/><D2/><U126/><E126/><V99/><F109/><W34/><G34/><T37/><D37/><U4/><E4/><V121/><F121/><W102/><G6/><T25/><D25/><U78/><REACH who="1" step="1"/><E91/><REACH who="1" ten="340,130,149,351" step="2"/><N who="2" m="55327" /><F51/><W26/><G127/><T12/><D110/><U24/><E24/><V130/><F130/><W14/><G26/><T88/><D108/><U124/><E124/><V72/><F16/><W113/><G38/><T114/><D5/><U100/><E100/><V103/><F103/><W111/><G102/><T106/><D61/><U89/><E89/><V87/><F101/><W119/><G90/><T95/><D88/><U134/><E134/><V62/><F62/><W68/><G119/><T115/><D114/><U125/><E125/><V47/><F47/><W70/><G113/><T132/><D115/><U3/><E3/><V123/><F123/><W31/><G46/><T57/><D132/><U21/><E21/><V69/><F99/><W67/><G97/><T45/><D45/><U105/><E105/><V74/><F53/><RYUUKYOKU ba="1,3" sc="340,-10,130,30,149,-10,351,-10" hai1="7,8,13,17,18,19,29,30,73,78,79,80,81" />
</Scene>
<Scene>
<INIT seed="7,2,3,2,4,66" ten="330,160,139,341" oya="3" hai0="110,64,109,22,10,16,65,93,133,2,75,33,34" hai1="96,130,28,46,68,106,135,25,134,51,56,124,118" hai2="55,11,98,29,81,26,99,45,19,4,111,131,14" hai3="57,82,84,97,35,104,20,115,107,23,117,129,125"/><W120/><G35/><T53/><D75/><U101/><E124/><V132/><F111/><W49/><G117/><T36/><D36/><U5/><E118/><V90/><F132/><N who="1" m="50729" /><E130/><V54/><F131/><W77/><G120/><T44/><D133/><U52/><E5/><V83/><F4/><W80/><G115/><T6/><D33/><N who="1" m="20623" /><E68/><V24/><F24/><W121/><G121/><T100/><D34/><U37/><E37/><V0/><F0/><W86/><G129/><T71/><D71/><U30/><E30/><V43/><F43/><W32/><G32/><T94/><D110/><U3/><E3/><V41/><F41/><W128/><G128/><T12/><D109/><U67/><E67/><V50/><F55/><W76/><G125/><T126/><D126/><U103/><E101/><V8/><F8/><W114/><G114/><T112/><D112/><U59/><AGARI ba="2,3" hai="46,51,52,56,59,96,103,106" m="20623,50729" machi="59" ten="30,2000,0" yaku="20,1,54,1" doraHai="66" who="1" fromWho="1" sc="330,-7,160,56,139,-7,341,-12" owari="323,12.0,216,-18.0,132,-37.0,329,43.0" />
</Scene>
</mjloggm>