<mjloggm ver="2.3"><GO type="169"/><UN n0="%E3%83%9A%E3%83%81%E3%83%A7%E3%83%BC%E3%83%AA%E3%83%B3" n1="%E8%99%8E%E5%85%90%E6%9C%97" n2="%E2%99%AA%E3%83%A2%E3%83%8E%E3%82%AF%E3%83%AD" n3="%E5%A4%AA%E3%81%8F%E3%81%AA%E3%81%84%E3%81%8A" dan="17,18,18,17" rate="2187,2145,2222,2160" sx="M,M,F,M"/><TAIKYOKU oya="0"/>

<Scene>
<INIT seed="0,0,0,1,3,4" ten="250,250,250,250" oya="0" hai0="14,30,124,25,94,100,78,57,58,62,96,75,43" hai1="35,135,131,108,34,21,115,132,1,82,126,85,123" hai2="66,73,95,37,83,67,117,110,91,133,54,31,87" hai3="121,101,76,56,3,107,53,7,80,90,27,11,44"/><T112/><D112/><U41/><E123/><V45/><F110/><W111/><G111/><T116/><D116/><U36/><E108/><V52/><F133/><N who="1" m="51273" /><E1/><V42/><F117/><W127/><G121/><T120/><D120/><U88/><E115/><V59/><F31/><W15/><G127/><T134/><D134/><U86/><E126/><V113/><F113/><W63/><G27/><T46/><D124/><U106/><E106/><V20/><F20/><W23/><G44/><T29/><D75/><U51/><E36/><V40/><F40/><W77/><G90/><T92/><D78/><N who="1" m="46295" /><E131/><V72/><F54/><W17/><REACH who="3" step="1"/><G80/><REACH who="3" ten="250,250,250,240" step="2"/><T10/><D92/><N who="1" m="54295" /><E21/><V68/><F95/><W103/><G103/><T81/><D81/><U125/><E125/><V130/><F130/><W24/><G24/><T8/><D14/><U2/><E2/><V49/><REACH who="2" step="1"/><F67/><REACH who="2" ten="250,250,240,240" step="2"/><W22/><G22/><N who="0" m="15543" /><D30/><U38/><E34/><V128/><F128/><W89/><G89/><T16/><D94/><U102/><E35/><V104/><F104/><W0/><G0/><T33/><D33/><U98/><E102/><V55/><F55/><W9/><G9/><T79/><D10/><U129/><E129/><V99/><F99/><AGARI ba="0,2" hai="3,7,11,15,17,23,53,56,63,76,77,99,101,107" machi="99" ten="40,2600,0" yaku="1,1,52,1,53,0" doraHai="4" doraHaiUra="69" who="3" fromWho="2" sc="250,0,250,0,240,-26,240,46" />
</Scene>
<Scene>
<INIT seed="1,0,0,3,2,36" ten="250,250,214,286" oya="1" hai0="72,92,30,44,24,14,21,52,116,69,108,114,51" hai1="123,84,46,0,18,34,77,29,66,54,15,20,87" hai2="17,65,31,95,133,50,96,124,5,71,75,81,126" hai3="68,86,33,91,78,122,90,89,107,104,32,98,134"/><U118/><E118/><V132/><F31/><W130/><G68/><T88/><D114/><U112/><E123/><V3/><F17/><W129/><G122/><T23/><D116/><U76/><E112/><V102/><F65/><W60/><G60/><T93/><D108/><U120/><E120/><V16/><F71/><W125/><G125/><N who="2" m="48233" /><F16/><W43/><G134/><N who="2" m="51817" /><F50/><W62/><G62/><T121/><D72/><U105/><E66/><V2/><F5/><W40/><G78/><AGARI ba="0,0" hai="2,3,75,78,81,95,96,102" m="51817,48233" machi="78" ten="30,2000,0" yaku="18,1,20,1" doraHai="36" who="2" fromWho="3" sc="250,0,250,0,214,20,286,-20" />
</Scene>
<Scene>
<INIT seed="2,0,0,4,4,0" ten="250,250,234,266" oya="2" hai0="117,114,22,70,14,108,133,33,32,127,18,39,81" hai1="121,119,88,96,134,30,130,75,17,35,67,47,71" hai2="26,3,52,95,59,5,85,38,43,7,16,49,92" hai3="73,50,79,110,23,100,58,128,99,40,97,41,55"/><V12/><F3/><W46/><G110/><T102/><D70/><U123/><E75/><V11/><F38/><W104/><G128/><T51/><D39/><U68/><E119/><V93/><F43/><W63/><G97/><T37/><D37/><U126/><E130/><V34/><REACH who="2" step="1"/><F85/><REACH who="2" ten="250,250,224,266" step="2"/><W132/><G40/><T1/><D1/><U36/><E36/><V77/><F77/><W74/><G79/><T98/><D117/><U66/><E123/><V31/><AGARI ba="0,1" hai="5,7,11,12,16,26,31,34,49,52,59,92,93,95" machi="31" ten="30,18000,2" yaku="1,1,0,1,52,2,54,2,53,0" doraHai="0" doraHaiUra="57" who="2" fromWho="2" sc="250,-60,250,-60,224,190,266,-60" />
</Scene>
<Scene>
<INIT seed="2,1,0,0,2,25" ten="190,190,414,206" oya="2" hai0="110,61,26,37,30,126,67,111,100,87,35,97,128" hai1="74,38,125,62,24,43,66,88,40,71,45,79,69" hai2="77,18,108,104,123,2,60,5,102,116,90,21,44" hai3="85,23,91,6,48,3,117,114,93,70,27,39,19"/><V22/><F116/><W31/><G117/><T68/><D37/><U75/><E125/><V0/><F123/><W1/><G39/><T101/><D126/><U14/><E43/><V49/><F77/><W72/><G70/><T124/><D124/><U121/><E121/><V78/><F78/><W41/><G72/><T8/><D128/><U10/><E71/><V119/><F119/><W29/><G114/><T57/><D87/><U15/><E79/><V130/><F130/><W28/><REACH who="3" step="1"/><G6/><REACH who="3" ten="190,190,414,196" step="2"/><T58/><D8/><U96/><E75/><V109/><F5/><W47/><AGARI ba="1,1" hai="1,3,19,23,27,28,29,31,41,47,48,85,91,93" machi="47" ten="30,12000,2" yaku="1,1,2,1,0,1,52,3,53,0" doraHai="25" doraHaiUra="73" who="3" fromWho="3" sc="190,-31,190,-31,414,-61,196,133" />
</Scene>
<Scene>
<INIT seed="3,0,0,5,1,25" ten="159,159,353,329" oya="3" hai0="128,80,82,101,34,28,18,114,108,66,112,86,105" hai1="123,93,69,57,107,122,44,6,52,1,32,134,30" hai2="58,63,24,54,124,61,113,127,29,5,19,109,74" hai3="118,104,22,11,76,72,36,37,3,116,133,39,132"/><W130/><G104/><T47/><D128/><U16/><E107/><V31/><F113/><N who="0" m="43626" /><D108/><U96/><E69/><V13/><F74/><W103/><G103/><T99/><D66/><U84/><E6/><V27/><F5/><N who="3" m="1471" /><G22/><T115/><N who="0" m="43634" /><T110/><DORA hai="121" /><D110/><U46/><E1/><V131/><F131/><W78/><G130/><T33/><D18/><U129/><E129/><V87/><F109/><W111/><G111/><T71/><D71/><U73/><E73/><V56/><F87/><W26/><G26/><N who="2" m="9769" /><F127/><W50/><G50/><T91/><D28/><N who="2" m="10826" /><F124/><W70/><G70/><T125/><D125/><U62/><E122/><V40/><F40/><W83/><G78/><N who="0" m="46359" /><D47/><U77/><E44/><V45/><F45/><W79/><G76/><T85/><AGARI ba="0,0" hai="33,34,82,85,91,99,101,105" m="46359,43634" machi="85" ten="40,1500,0" yaku="11,1" doraHai="25,121" who="0" fromWho="0" sc="159,15,159,-4,353,-4,329,-7" />
</Scene>
<Scene>
<INIT seed="4,0,0,1,5,22" ten="174,155,349,322" oya="0" hai0="4,101,39,54,93,121,62,126,1,34,130,48,96" hai1="41,78,64,57,112,50,118,86,98,122,92,79,52" hai2="45,94,127,43,3,29,134,81,71,40,16,114,19" hai3="76,36,82,107,6,66,12,133,14,84,46,38,74"/><T70/><D121/><U26/><E122/><V103/><F3/><W131/><G107/><T119/><D39/><U105/><E118/><V23/><F71/><W113/><G113/><T75/><D119/><U125/><E125/><V88/><F114/><W91/><G133/><T8/><D75/><U89/><E112/><V15/><F134/><W44/><G131/><T116/><D116/><U53/><E64/><V47/><F29/><W102/><G66/><T123/><D123/><U106/><E41/><N who="2" m="15947" /><F127/><W55/><G102/><T59/><D34/><U65/><E65/><V5/><F5/><W20/><G6/><T7/><D126/><U83/><E79/><V2/><F2/><W18/><G12/><T17/><D130/><U99/><E99/><N who="2" m="59895" /><F19/><W30/><G30/><T56/><D70/><U31/><REACH who="1" step="1"/><E53/><REACH who="1" ten="174,145,349,322" step="2"/><V124/><F124/><W95/><G55/><N who="0" m="34175" /><D1/><U63/><E63/><V117/><F117/><W33/><G76/><T128/><D128/><U68/><E68/><V9/><F9/><W58/><G36/><T132/><D132/><U85/><E85/><AGARI ba="0,1" hai="15,16,23,45,47,81,85,88" m="59895,15947" machi="85" ten="30,3900,0" yaku="8,1,54,2" doraHai="22" who="2" fromWho="1" sc="174,0,145,-39,349,49,322,0" />
</Scene>
<Scene>
<INIT seed="5,0,0,4,4,127" ten="174,106,398,322" oya="1" hai0="129,126,51,109,6,60,86,22,128,52,50,101,88" hai1="31,95,89,73,15,103,91,44,45,87,98,124,1" hai2="125,20,57,99,8,33,113,123,78,41,56,79,130" hai3="96,19,37,27,106,18,131,7,14,119,115,114,65"/><U17/><E1/><V116/><F33/><W133/><G37/><T82/><D109/><U24/><E124/><V135/><F116/><W54/><G119/><T40/><D126/><U72/><E72/><V66/><F125/><W48/><G133/><T118/><D118/><U38/><E73/><V81/><F123/><W10/><G65/><T61/><D101/><U132/><E132/><V30/><F135/><W105/><G131/><N who="0" m="50251" /><D6/><U55/><E38/><V110/><F8/><W70/><G70/><T11/><D11/><U102/><E102/><V90/><F66/><W47/><G96/><T28/><D40/><U2/><E2/><V75/><F41/><W16/><REACH who="3" step="1"/><G27/><REACH who="3" ten="174,106,398,312" step="2"/><N who="0" m="16503" /><D51/><U39/><E39/><V83/><F130/><W62/><G62/><T80/><D80/><U122/><E122/><V76/><F83/><W94/><G94/><T53/><D53/><U74/><E55/><V64/><F81/><W63/><G63/><T13/><D13/><U100/><E15/><V35/><F64/><W58/><G58/><AGARI ba="0,1" hai="50,52,58,60,61,82,86,88" m="16503,50251" machi="58" ten="30,12000,2" yaku="19,1,52,3,54,2" doraHai="127" who="0" fromWho="3" sc="174,130,106,0,398,0,312,-120" />
</Scene>
<Scene>
<INIT seed="6,0,0,1,0,135" ten="304,106,398,192" oya="2" hai0="29,8,62,96,30,105,77,9,119,67,107,83,115" hai1="131,85,31,47,86,125,33,59,74,103,108,65,64" hai2="116,61,109,25,102,78,91,49,57,43,133,36,89" hai3="42,2,26,71,124,100,22,17,111,95,118,54,130"/><V104/><F116/><W92/><G118/><T0/><D119/><U99/><E108/><V5/><F36/><W112/><G111/><T53/><D115/><U127/><E74/><V56/><F109/><W21/><G2/><T121/><D121/><U18/><E47/><V6/><F133/><W98/><G71/><T35/><D53/><U3/><E3/><V10/><F78/><W79/><G130/><T90/><D90/><U88/><E131/><V93/><F104/><W7/><G7/><T129/><D129/><U97/><E18/><V46/><F56/><W50/><G112/><T123/><D123/><U82/><E85/><V128/><F128/><W106/><G42/><T81/><D0/><U40/><E40/><V126/><F25/><W15/><G79/><T48/><D48/><U134/><E134/><V16/><F102/><W20/><G124/><N who="1" m="47690" /><E59/><V44/><F44/><W32/><G32/><T58/><D35/><U60/><E60/><V4/><F126/><W41/><G41/><T120/><D62/><U11/><E11/><V132/><F132/><W63/><G63/><T110/><D8/><U84/><E84/><V117/><F117/><W75/><G75/><T51/><D9/><U76/><E76/><V66/><F10/><W24/><G24/><T68/><D68/><U122/><E122/><V87/><F61/><W69/><G69/><T12/><D120/><U13/><E13/><V101/><F43/><W70/><G70/><T14/><D12/><U114/><E114/><V113/><F113/><W37/><G15/><T19/><D77/><U94/><E99/><RYUUKYOKU ba="0,0" sc="304,-10,106,30,398,-10,192,-10" hai1="31,33,64,65,82,86,88,94,97,103" />
</Scene>
<Scene>
<INIT seed="7,1,0,0,3,96" ten="294,136,388,182" oya="3" hai0="91,29,48,72,12,110,86,54,31,6,17,121,79" hai1="30,7,106,32,22,71,73,135,5,69,80,25,77" hai2="97,45,107,47,15,124,35,23,101,41,127,50,76" hai3="131,103,4,18,132,98,59,117,115,57,9,1,134"/><W119/><G115/><T75/><D110/><U43/><E135/><N who="3" m="51754" /><G131/><T120/><D6/><U85/><E43/><V70/><F35/><W90/><G90/><T111/><D111/><U10/><E106/><V61/><F76/><W87/><G87/><T114/><D114/><U82/><E32/><V27/><F15/><W46/><G18/><T94/><D31/><U122/><E122/><V128/><F128/><W38/><G46/><T64/><D64/><U49/><E49/><V116/><F116/><N who="3" m="44619" /><G38/><T78/><D29/><U108/><E108/><V92/><F45/><W21/><G21/><T81/><D79/><U84/><E73/><V88/><F23/><W129/><G129/><T2/><D2/><U125/><E125/><N who="2" m="48203" /><F27/><W74/><G74/><T53/><D75/><U11/><E7/><V95/><F88/><W105/><AGARI ba="1,0" hai="1,4,9,57,59,98,103,105" m="44619,51754" machi="105" ten="30,3000,0" yaku="20,1,52,1" doraHai="96" who="3" fromWho="3" sc="294,-11,136,-11,388,-11,182,33" />
</Scene>
<Scene>
<INIT seed="7,2,0,1,1,26" ten="283,125,377,215" oya="3" hai0="85,83,42,7,125,34,129,25,75,115,64,62,35" hai1="101,32,123,18,117,119,60,52,31,74,114,4,126" hai2="49,108,53,76,103,95,100,51,110,113,131,90,116" hai3="39,24,91,67,20,79,22,48,135,14,57,98,112"/><W132/><G39/><T87/><D75/><U71/><E123/><V97/><F116/><W40/><G112/><T47/><D7/><U84/><E74/><V44/><F76/><W16/><G79/><T63/><D129/><U15/><E114/><V111/><F113/><W19/><G40/><T45/><D115/><U54/><E126/><V120/><F131/><W133/><G67/><T9/><D9/><U58/><E71/><V88/><F120/><W38/><G38/><T82/><D25/><U94/><E4/><V78/><F78/><W128/><G128/><T61/><D61/><U27/><E54/><V3/><F3/><W130/><G130/><T2/><D42/><U41/><E41/><V122/><F122/><W104/><G91/><T96/><D96/><U89/><REACH who="1" step="1"/><E101/><REACH who="1" ten="283,115,377,215" step="2"/><V29/><F103/><N who="3" m="62583" /><G57/><T65/><D125/><U69/><E69/><V37/><F53/><W50/><AGARI ba="2,1" hai="14,16,19,20,22,24,48,50,132,133,135" m="62583" machi="50" ten="40,3900,0" yaku="20,1,54,1" doraHai="26" who="3" fromWho="3" sc="283,-15,115,-15,377,-15,215,55" />
</Scene>
<Scene>
<INIT seed="7,3,0,3,5,25" ten="268,100,362,270" oya="3" hai0="72,84,114,16,79,76,95,45,47,10,19,132,135" hai1="94,7,29,2,22,48,97,100,15,1,44,98,102" hai2="113,91,28,127,110,80,75,46,133,108,43,116,129" hai3="119,38,63,37,69,106,55,14,40,0,39,124,27"/><W58/><G0/><T109/><D109/><U3/><E7/><V61/><F116/><W82/><G106/><T125/><D125/><U105/><E15/><V12/><F113/><W122/><G119/><T104/><D104/><U33/><E22/><V88/><F129/><W51/><G122/><T93/><D84/><U74/><E74/><V92/><F133/><N who="0" m="51274" /><D114/><U123/><E123/><V70/><F127/><W62/><G124/><T81/><D79/><U54/><REACH who="1" step="1"/><E33/><REACH who="1" ten="268,90,362,270" step="2"/><V73/><F12/><W26/><G14/><N who="0" m="7255" /><D19/><U64/><E64/><V49/><F75/><W53/><G26/><T36/><D36/><U60/><E60/><V77/><F61/><W85/><G27/><T101/><D101/><U87/><E87/><V103/><F103/><W32/><G32/><T5/><D5/><U117/><E117/><V50/><F73/><W8/><G63/><T107/><D107/><U115/><E115/><V59/><F110/><W23/><G23/><T128/><D128/><U126/><E126/><V90/><F108/><W118/><G118/><T112/><D112/><U66/><E66/><V9/><F9/><W18/><G8/><T134/><D134/><U78/><E78/><V52/><F77/><N who="3" m="46287" /><G18/><T35/><D35/><U17/><E17/><V83/><F91/><W42/><G69/><T86/><D72/><U13/><E13/><V96/><F70/><W121/><G121/><T120/><D120/><U6/><E6/><V34/><F90/><W20/><G20/><T130/><D130/><U30/><AGARI ba="3,1" hai="1,2,3,29,30,44,48,54,94,97,98,100,102,105" machi="30" ten="40,8000,1" yaku="1,1,0,1,52,2,53,0" doraHai="25" doraHaiUra="71" who="1" fromWho="1" sc="268,-23,90,99,362,-23,270,-43" owari="245,5.0,189,-31.0,339,43.0,227,-17.0" />
</Scene>
</mjloggm>