<mjloggm ver="2.3"><GO type="169"/><UN n0="%E3%81%A4%E3%81%AE%E3%81%A0%E2%98%86%E3%81%B2%E3%82%8D" n1="%2D%72%6F%6E%2D" n2="%E5%A4%AA%E3%81%8F%E3%81%AA%E3%81%84%E3%81%8A" n3="%E2%98%85%E9%9B%80%E5%A8%98%E3%82%AF%E3%83%AC%E3%82%A2%E2%98%85" dan="18,16,17,16" rate="2226,2109,2140,2083" sx="F,M,M,F"/><TAIKYOKU oya="0"/>

<Scene>
<INIT seed="0,0,0,2,5,84" ten="250,250,250,250" oya="0" hai0="117,129,23,55,45,71,87,82,132,85,98,22,19" hai1="123,61,48,116,72,80,39,44,67,96,91,103,77" hai2="10,25,43,54,49,65,40,11,93,26,47,114,4" hai3="38,24,100,41,1,0,99,59,83,46,126,9,119"/><T52/><D117/><U18/><E116/><V95/><F114/><W56/><G119/><T2/><D2/><U76/><E123/><V115/><F115/><W127/><G83/><T81/><D71/><U79/><E39/><V36/><F65/><W104/><G24/><N who="2" m="9321" /><F36/><W14/><G1/><T135/><D98/><U13/><E103/><V102/><F4/><N who="3" m="3367" /><G0/><T5/><D5/><U32/><E32/><V92/><F102/><W108/><G108/><T70/><D70/><U125/><E125/><AGARI ba="0,0" hai="38,41,46,56,59,99,100,104,125,126,127" m="3367" machi="125" ten="30,1000,0" yaku="18,1" doraHai="84" who="3" fromWho="1" sc="250,0,250,-10,250,0,250,10" />
</Scene>
<Scene>
<INIT seed="1,0,0,3,4,16" ten="250,240,250,260" oya="1" hai0="55,84,59,11,79,2,66,47,83,20,6,96,43" hai1="40,48,12,38,15,120,88,116,33,82,44,45,22" hai2="81,109,30,13,14,62,69,29,101,19,61,49,4" hai3="118,0,75,104,72,100,121,58,125,108,133,91,5"/><U110/><E116/><V122/><F122/><W129/><RYUUKYOKU type="yao9" ba="0,0" sc="250,0,240,0,250,0,260,0" hai3="0,5,58,72,75,91,100,104,108,118,121,125,129,133" />
</Scene>
<Scene>
<INIT seed="1,1,0,1,2,107" ten="250,240,250,260" oya="1" hai0="99,112,81,88,61,47,11,33,53,44,118,125,129" hai1="115,39,23,96,117,7,50,72,75,126,119,40,41" hai2="36,15,93,58,19,80,56,65,30,28,31,109,67" hai3="62,82,121,22,48,63,130,8,1,132,59,101,57"/><U122/><E115/><V131/><F36/><W2/><G121/><T104/><D118/><U128/><E122/><V73/><F109/><W49/><G101/><T91/><D112/><U3/><E39/><V55/><F131/><W106/><G106/><T133/><D33/><U24/><E128/><V69/><F69/><W64/><G130/><T46/><D129/><U5/><E126/><V98/><F73/><W68/><G68/><T12/><D125/><U45/><E3/><V79/><F79/><W134/><G82/><T14/><D133/><N who="3" m="51305" /><G22/><T120/><D120/><U89/><E41/><V103/><F80/><W86/><G86/><N who="0" m="50255" /><D104/><U26/><E117/><V95/><F95/><W13/><G2/><T92/><D11/><U116/><E23/><N who="2" m="11775" /><F58/><AGARI ba="1,0" hai="12,14,44,46,47,53,58,61,91,92,99" m="50255" machi="58" ten="30,2000,0" yaku="8,1,54,1" doraHai="107" who="0" fromWho="2" sc="250,23,240,0,250,-23,260,0" />
</Scene>
<Scene>
<INIT seed="2,0,0,3,0,52" ten="273,240,227,260" oya="2" hai0="42,95,3,59,131,27,84,8,29,134,97,73,88" hai1="135,99,86,11,6,24,54,50,18,116,122,118,114" hai2="124,49,108,75,5,120,45,68,55,21,81,26,31" hai3="15,74,46,79,109,37,36,117,35,39,69,115,47"/><V22/><F120/><W85/><G35/><T9/><D73/><U72/><E114/><V80/><F68/><W12/><G117/><T64/><D134/><U105/><E72/><V101/><F124/><W60/><G74/><T53/><D131/><U48/><E135/><V7/><F101/><W38/><G115/><T14/><D42/><U10/><E122/><V16/><F108/><W40/><G109/><T0/><D64/><U106/><E48/><V128/><F128/><W94/><G47/><T130/><D130/><U63/><E63/><V23/><F23/><W132/><G132/><T19/><D97/><U77/><E99/><V25/><REACH who="2" step="1"/><F75/><REACH who="2" ten="273,240,217,260" step="2"/><W104/><G69/><T129/><D129/><U111/><E111/><V43/><F43/><W70/><G40/><T62/><D9/><U20/><E118/><V33/><F33/><AGARI ba="0,1" hai="0,3,8,14,19,27,29,33,53,59,62,84,88,95" machi="33" ten="30,3900,0" yaku="7,1,52,1,54,1" doraHai="52" who="0" fromWho="2" sc="273,49,240,0,217,-39,260,0" />
</Scene>
<Scene>
<INIT seed="3,0,0,3,3,121" ten="322,240,178,260" oya="3" hai0="67,94,54,107,10,129,5,26,60,88,105,68,114" hai1="17,69,110,111,3,23,7,31,43,98,123,14,76" hai2="62,63,85,50,32,124,97,49,53,74,112,29,132" hai3="83,20,131,64,42,55,78,48,6,24,46,117,39"/><W133/><G117/><T27/><D114/><U73/><E123/><V93/><F112/><W59/><G6/><T84/><D129/><U125/><E125/><V72/><F124/><W34/><G131/><T79/><D79/><U135/><E135/><V9/><F132/><W36/><G133/><T11/><D11/><N who="1" m="2559" /><E69/><V57/><F85/><W61/><G34/><T113/><D113/><U66/><E66/><V120/><F120/><W51/><G20/><T58/><D105/><U38/><E98/><V16/><F32/><W90/><G90/><T18/><D18/><U119/><E119/><V99/><F29/><W22/><G22/><T21/><D107/><U87/><E87/><V75/><F62/><W91/><G91/><T108/><D21/><U115/><E115/><V130/><F130/><W25/><G39/><T65/><D10/><U77/><E31/><V47/><F93/><W70/><REACH who="3" step="1"/><G51/><REACH who="3" ten="322,240,178,250" step="2"/><N who="0" m="31071" /><D88/><U35/><E35/><V95/><F50/><W118/><G118/><T101/><D5/><U116/><E116/><V127/><F127/><W86/><AGARI ba="0,1" hai="24,25,36,42,46,48,55,59,61,64,70,78,83,86" machi="86" ten="20,18000,2" yaku="1,1,0,1,7,1,24,2,53,1" doraHai="121" doraHaiUra="44" who="3" fromWho="3" sc="322,-60,240,-60,178,-60,250,190" />
</Scene>
<Scene>
<INIT seed="3,1,0,4,1,61" ten="262,180,118,440" oya="3" hai0="86,112,122,84,11,134,71,115,58,77,55,109,90" hai1="33,80,63,85,7,75,34,129,39,53,133,73,5" hai2="4,79,45,89,20,82,1,96,117,40,97,21,30" hai3="119,54,0,126,59,67,23,15,130,27,107,12,76"/><W29/><G0/><T47/><D122/><U60/><E39/><V93/><F117/><W62/><G107/><T24/><D71/><U100/><E100/><V92/><F30/><W28/><G119/><T2/><D134/><U31/><E129/><V88/><F4/><W125/><G130/><T16/><D109/><U66/><E53/><V19/><F1/><W106/><G106/><T10/><D47/><U44/><E44/><V51/><REACH who="2" step="1"/><F19/><REACH who="2" ten="262,180,108,440" step="2"/><W123/><G28/><T124/><D2/><U81/><E31/><V64/><F64/><W42/><G67/><T95/><D112/><U121/><E121/><V94/><F94/><W25/><G29/><T101/><D115/><U52/><E133/><V68/><F68/><W132/><G132/><T50/><D124/><U87/><E52/><V83/><F83/><W127/><G54/><T38/><D55/><U9/><E66/><V99/><F99/><W57/><G123/><T43/><D95/><U110/><E110/><V131/><F131/><W91/><G127/><T49/><D16/><U48/><E7/><V102/><F102/><W35/><G126/><T8/><D101/><U18/><E5/><V26/><F26/><W78/><G25/><T103/><D24/><U72/><E18/><V65/><F65/><W22/><G27/><T32/><D103/><U13/><E81/><V120/><F120/><W37/><G125/><T114/><D114/><U36/><E80/><V135/><F135/><W14/><G14/><T56/><D56/><U116/><E13/><V74/><AGARI ba="1,1" hai="20,21,40,45,51,74,79,82,88,89,92,93,96,97" machi="74" ten="20,12000,2" yaku="1,1,0,1,7,1,9,1,54,1,53,1" doraHai="61" doraHaiUra="104" who="2" fromWho="2" sc="262,-31,180,-31,108,133,440,-61" />
</Scene>
<Scene>
<INIT seed="4,0,0,4,5,126" ten="231,149,241,379" oya="0" hai0="17,7,50,102,131,60,129,44,12,87,89,32,68" hai1="29,100,75,130,119,47,9,45,26,31,123,88,37" hai2="80,2,105,6,86,94,64,65,95,16,99,54,63" hai3="110,15,56,78,81,13,1,53,42,97,20,55,43"/><T58/><D68/><U8/><E123/><V38/><F38/><W62/><G1/><T121/><D32/><U14/><E119/><V132/><F132/><W77/><G110/><T67/><D102/><U70/><E70/><V113/><F113/><W111/><G111/><T18/><D7/><U109/><E109/><V48/><F105/><W40/><G97/><T5/><D5/><U104/><E75/><V125/><F125/><W21/><G55/><N who="0" m="30151" /><D121/><U61/><E61/><V79/><F2/><W92/><G92/><T73/><D73/><U19/><E8/><V69/><F6/><W74/><G78/><T71/><D71/><U114/><E114/><V41/><F41/><W118/><G118/><T33/><D33/><U85/><E100/><V11/><F65/><W101/><G101/><T52/><D67/><U24/><E104/><V124/><F124/><W112/><G112/><T107/><D107/><U84/><E37/><V25/><F99/><W49/><G74/><T66/><D66/><U106/><E106/><V39/><F39/><W76/><G43/><T59/><D58/><U90/><E9/><V127/><F127/><W122/><G56/><T135/><D135/><U96/><E96/><V117/><F117/><W72/><G122/><T134/><D134/><U133/><E133/><V3/><F3/><W30/><G72/><T98/><D98/><U36/><E36/><V34/><F34/><W108/><G108/><T91/><D87/><U103/><E103/><V57/><F11/><W28/><G40/><T35/><D35/><U46/><E84/><V27/><F86/><RYUUKYOKU ba="0,0" sc="231,0,149,0,241,0,379,0" />
</Scene>
<Scene>
<INIT seed="5,1,0,2,0,22" ten="231,149,241,379" oya="1" hai0="1,85,122,43,27,119,89,24,42,115,45,73,117" hai1="92,112,84,65,18,38,94,41,59,76,100,51,12" hai2="28,109,66,11,88,104,37,46,21,96,30,49,107" hai3="0,82,124,26,40,87,14,123,95,54,69,33,126"/><U19/><E112/><V133/><F109/><W2/><G69/><T125/><D73/><U8/><E38/><V44/><F133/><W108/><G108/><T130/><D1/><U7/><E65/><V101/><F66/><W60/><G40/><T34/><D115/><U70/><E70/><V16/><F11/><W118/><G14/><T75/><D75/><U47/><E59/><V67/><F67/><W68/><G95/><N who="1" m="36394" /><E100/><V72/><F72/><W127/><G123/><T25/><D34/><U31/><E31/><V103/><F37/><W61/><G118/><T134/><D134/><U48/><E51/><V83/><F103/><W128/><G68/><T23/><D122/><U39/><E39/><V56/><F107/><W13/><G61/><T105/><D105/><U71/><E71/><V6/><F56/><W113/><G60/><T98/><D98/><U120/><E120/><V114/><F114/><W91/><G113/><T74/><D74/><U5/><E5/><V20/><F6/><W35/><G127/><T15/><D125/><U86/><E86/><N who="2" m="50271" /><F44/><W132/><G126/><T90/><D85/><U63/><E63/><V64/><F64/><W79/><G124/><T93/><D45/><U80/><AGARI ba="1,0" hai="7,8,12,18,19,41,47,48,76,80,84" m="36394" machi="80" ten="30,3000,0" yaku="25,1,8,1" doraHai="22" who="1" fromWho="1" sc="231,-11,149,33,241,-11,379,-11" />
</Scene>
<Scene>
<INIT seed="5,2,0,2,4,2" ten="220,182,230,368" oya="1" hai0="99,51,94,6,1,59,110,14,55,96,43,50,61" hai1="130,132,84,44,31,52,5,47,27,83,71,131,30" hai2="129,116,13,29,88,78,74,108,12,98,3,125,46" hai3="121,70,123,58,53,134,79,133,95,112,9,124,90"/><U7/><E71/><V63/><F108/><W135/><G112/><T117/><D117/><U40/><E132/><V105/><F116/><W26/><G124/><T114/><D110/><U22/><E31/><V100/><F3/><W66/><G79/><T23/><D114/><U80/><E80/><V93/><F125/><W25/><G9/><N who="0" m="4407" /><D1/><U69/><E69/><V57/><F129/><N who="1" m="49161" /><E47/><V67/><F29/><W92/><G66/><T122/><D122/><N who="3" m="46601" /><G70/><T91/><D43/><U10/><E10/><V77/><F46/><W106/><G106/><T127/><D127/><U28/><E28/><V37/><F37/><W33/><G33/><T56/><D56/><U75/><E75/><V126/><F126/><W38/><G38/><T128/><D128/><U15/><E15/><V111/><F111/><W20/><G20/><T4/><D23/><U107/><E107/><V65/><F78/><W24/><G90/><N who="0" m="55383" /><D4/><N who="1" m="1611" /><E40/><V109/><F109/><W16/><G16/><T115/><D115/><U86/><E83/><V104/><F104/><W85/><G135/><T82/><D82/><U17/><E30/><V0/><F0/><W64/><G134/><T48/><D91/><U36/><E36/><V89/><F74/><W49/><G133/><T60/><D59/><U73/><E73/><V72/><F72/><W87/><G58/><T113/><D113/><U45/><E45/><V81/><F105/><W18/><G18/><T62/><D55/><U11/><E11/><V97/><F81/><W42/><G53/><T41/><D41/><U101/><E101/><V19/><F100/><W8/><G42/><RYUUKYOKU ba="2,0" sc="220,15,182,15,230,-15,368,-15" hai0="48,50,51,60,61,62,99" hai1="17,22,27,44,52,84,86" />
</Scene>
<Scene>
<INIT seed="5,3,0,5,2,80" ten="235,197,215,353" oya="1" hai0="32,69,12,11,86,124,63,116,5,83,89,45,119" hai1="75,44,113,26,27,23,107,7,57,123,95,8,74" hai2="87,122,65,73,135,82,48,43,105,81,18,36,84" hai3="109,129,92,68,112,108,98,50,76,4,78,94,0"/><U91/><E107/><V111/><F122/><W131/><G68/><T28/><D124/><U15/><E123/><V21/><F111/><N who="3" m="42571" /><G50/><T90/><D45/><U34/><E113/><V35/><F35/><W24/><G24/><T67/><D28/><U114/><E114/><V79/><F105/><W125/><G4/><T100/><D32/><U59/><E34/><V3/><F3/><W88/><G0/><T54/><D100/><U110/><E110/><V10/><F135/><W128/><G112/><T13/><D54/><U31/><E26/><V53/><F65/><W77/><G125/><T46/><D46/><U61/><E44/><N who="2" m="25631" /><F73/><W104/><G104/><T117/><REACH who="0" step="1"/><D13/><REACH who="0" ten="225,197,215,353" step="2"/><U47/><E47/><V20/><F36/><W126/><G126/><T64/><D64/><U132/><E59/><V9/><F53/><W38/><G38/><T121/><D121/><U30/><E30/><V106/><F106/><W133/><G133/><T115/><D115/><U56/><E132/><V101/><F101/><N who="3" m="60615" /><G131/><T17/><D17/><U97/><REACH who="1" step="1"/><E57/><REACH who="1" ten="225,187,215,353" step="2"/><V103/><F103/><W1/><G129/><T42/><D42/><U16/><E16/><V96/><F18/><W39/><G128/><T85/><D85/><U19/><E19/><V70/><F87/><W6/><G39/><T66/><D66/><AGARI ba="3,2" hai="7,8,15,23,27,31,56,61,66,74,75,91,95,97" machi="66" ten="30,5800,0" yaku="1,1,7,1,53,1" doraHai="80" doraHaiUra="55" who="1" fromWho="0" sc="225,-67,187,87,215,0,353,0" />
</Scene>
<Scene>
<INIT seed="5,4,0,2,5,42" ten="158,274,215,353" oya="1" hai0="33,1,73,49,116,55,12,120,34,17,92,7,48" hai1="46,0,97,77,44,41,10,90,82,47,124,15,30" hai2="71,74,31,65,129,133,9,126,123,87,54,70,18" hai3="127,20,51,125,61,105,93,102,68,134,112,135,8"/><U62/><E0/><V110/><F110/><W19/><G112/><T99/><D73/><U59/><E124/><N who="3" m="47690" /><G105/><T108/><D116/><U37/><E30/><V40/><F126/><W98/><G8/><T3/><D108/><U101/><E90/><V43/><F123/><W52/><G61/><T56/><D120/><U23/><E23/><V50/><F74/><W35/><G68/><T66/><D66/><U100/><E37/><V91/><F133/><W83/><G83/><T64/><D64/><N who="1" m="39007" /><E41/><V79/><F40/><W60/><G60/><T118/><D118/><U5/><E97/><V27/><F43/><W117/><G35/><T94/><D34/><U81/><E77/><V122/><F79/><W53/><G117/><T45/><D33/><U78/><E78/><V21/><F122/><W36/><G36/><T13/><D3/><U130/><E130/><V29/><F129/><W58/><G53/><N who="0" m="29839" /><D1/><U39/><E39/><V103/><F65/><W4/><G4/><T22/><D99/><U24/><E24/><AGARI ba="4,0" hai="19,20,24,51,52,58,93,98,102,134,135" m="47690" machi="24" ten="30,2000,0" yaku="18,1,54,1" doraHai="42" who="3" fromWho="1" sc="158,0,274,-32,215,0,353,32" />
</Scene>
<Scene>
<INIT seed="6,0,0,4,1,103" ten="158,242,215,385" oya="2" hai0="133,22,50,1,81,32,120,36,52,83,111,5,123" hai1="35,107,4,14,37,79,10,132,9,87,65,66,94" hai2="61,19,7,109,30,80,41,105,47,101,12,100,85" hai3="0,91,18,74,34,122,27,16,71,56,104,89,129"/><V131/><F131/><W43/><G71/><T8/><D111/><U90/><E37/><V58/><F109/><W96/><G74/><T63/><D36/><U33/><E132/><V98/><F30/><W108/><G108/><T17/><D32/><U117/><E117/><V26/><F26/><W112/><G0/><T124/><D133/><U44/><E44/><V95/><F7/><W99/><G43/><T125/><D63/><U116/><E116/><V38/><F101/><W62/><G122/><T20/><D20/><U3/><E79/><V113/><F113/><W134/><G134/><T72/><D120/><U127/><E127/><N who="0" m="48713" /><D72/><U45/><E45/><V46/><F46/><W53/><G96/><T106/><D123/><U126/><E126/><V55/><F95/><W49/><G91/><T40/><D40/><U130/><E130/><V23/><F85/><W6/><G6/><T88/><D88/><U119/><E119/><V31/><F31/><W118/><G27/><N who="0" m="14799" /><D106/><U97/><E35/><V110/><F110/><W15/><G104/><T77/><D77/><U69/><E33/><V93/><F80/><W51/><G118/><T86/><D86/><U67/><E69/><V2/><F93/><W102/><G129/><T48/><D48/><U70/><E70/><V57/><F2/><W11/><G51/><T42/><D42/><U82/><E107/><V24/><F24/><W54/><G49/><T73/><D73/><U29/><E29/><V64/><F64/><W25/><G34/><T13/><D1/><U68/><E68/><V92/><F105/><W28/><G28/><RYUUKYOKU ba="0,0" sc="158,15,242,-15,215,15,385,-15" hai0="5,8,13,50,52,81,83" hai2="12,19,23,38,41,47,55,57,58,61,92,98,100" />
</Scene>
<Scene>
<INIT seed="6,1,0,4,4,65" ten="173,227,230,370" oya="2" hai0="61,24,100,52,112,28,23,117,114,73,118,16,90" hai1="48,31,109,89,102,54,62,56,110,69,127,25,130" hai2="126,37,111,125,129,84,107,2,99,17,115,75,76" hai3="119,11,5,13,123,68,116,81,108,134,92,39,49"/><V6/><F37/><W87/><G108/><T66/><D73/><U8/><E130/><V45/><F129/><W29/><G123/><T72/><D72/><U0/><E127/><N who="2" m="48651" /><F111/><W33/><G39/><T94/><D100/><U9/><E102/><N who="2" m="62943" /><F115/><N who="0" m="44074" /><D28/><U46/><E69/><V35/><F35/><W51/><G68/><N who="0" m="42063" /><D52/><U121/><E121/><V103/><F45/><W21/><G33/><T71/><D71/><U1/><E109/><V30/><F30/><W60/><G29/><T120/><D120/><U67/><E110/><V59/><F103/><W57/><G119/><N who="0" m="45579" /><D94/><U44/><E44/><V42/><F75/><W14/><G92/><T20/><D20/><N who="1" m="15783" /><E0/><V47/><F59/><W36/><G57/><T53/><D53/><U80/><E1/><V85/><F2/><W7/><G116/><T34/><D34/><U10/><E80/><V101/><F101/><W122/><G81/><T15/><D90/><AGARI ba="1,0" hai="8,9,10,46,48,54,56,62,67,89,90" m="15783" machi="90" ten="30,1000,0" yaku="8,1" doraHai="65" who="1" fromWho="0" sc="173,-13,227,13,230,0,370,0" />
</Scene>
<Scene>
<INIT seed="7,0,0,4,5,56" ten="160,240,230,370" oya="3" hai0="14,23,72,62,84,123,70,100,34,11,48,130,27" hai1="131,118,63,121,12,77,35,3,8,114,89,120,37" hai2="88,69,49,81,59,119,2,117,39,44,28,66,13" hai3="116,57,52,83,127,65,106,7,115,126,4,51,6"/><W61/><G106/><T87/><D72/><U134/><E3/><V76/><F2/><W19/><G116/><T113/><D123/><U64/><E118/><V110/><F110/><W17/><G83/><T91/><D130/><U129/><E37/><V111/><F111/><W122/><G122/><T1/><D100/><U42/><E35/><V104/><F104/><W32/><G32/><T60/><D70/><N who="1" m="42271" /><E114/><V99/><F28/><W31/><G31/><T20/><D113/><U45/><E89/><V103/><F13/><W0/><G0/><T43/><D1/><U94/><E94/><V10/><F10/><W55/><G115/><T36/><D36/><N who="1" m="21703" /><E77/><V33/><F33/><W105/><G105/><T112/><D112/><U15/><E134/><V5/><F5/><W133/><G133/><T47/><D34/><U21/><E21/><V79/><F39/><W73/><G7/><T74/><D74/><U29/><E29/><V135/><F135/><W30/><G73/><T85/><D91/><U71/><E71/><V86/><F69/><W92/><G30/><T50/><D50/><U102/><E102/><V53/><F119/><W107/><G92/><T124/><D124/><U93/><E93/><N who="2" m="58863" /><F117/><W82/><G127/><T67/><D67/><U98/><E98/><V128/><F128/><N who="1" m="49225" /><E12/><V68/><F68/><W26/><G126/><T18/><D23/><U46/><E46/><V16/><F79/><W108/><G108/><T22/><D22/><U96/><E96/><V24/><F76/><W78/><G78/><T58/><D58/><U41/><E41/><V95/><F59/><RYUUKYOKU ba="0,0" sc="160,15,240,15,230,-15,370,-15" hai0="11,14,18,20,27,43,47,48,60,62,84,85,87" hai1="8,15,120,121" owari="175,-32.0,255,6.0,215,-18.0,355,44.0" />
</Scene>
</mjloggm>