<mjloggm ver="2.3"><GO type="193"/><UN n0="%74%61%6D%69%7A%6F%6D%61" n1="%6C%61%6B%65%62%69%77%61" n2="%62%61%72%62%69%65" n3="%E5%A4%AA%E3%81%8F%E3%81%AA%E3%81%84%E3%81%8A" dan="12,11,11,12" rate="1701,1575,1784,1959" sx="M,M,M,M"/><TAIKYOKU oya="0"/>

<Scene>
<INIT seed="0,0,0,0,5,34" ten="250,250,250,250" oya="0" hai0="107,60,23,43,116,95,68,93,10,48,32,111,7" hai1="3,119,78,121,105,94,126,99,75,63,101,108,69" hai2="50,67,122,132,45,112,86,72,54,97,12,124,26" hai3="2,118,13,96,44,11,41,129,8,91,35,62,52"/><T51/><D32/><U19/><E119/><V79/><F122/><W77/><G118/><T110/><D116/><U90/><E121/><V57/><F112/><W17/><G35/><T127/><D107/><U73/><E108/><N who="0" m="41513" /><D23/><U81/><E126/><V128/><F72/><W36/><G129/><T15/><D127/><U56/><E69/><V64/><F124/><W88/><G77/><T22/><D22/><U5/><E19/><V85/><F128/><W1/><G11/><T76/><D76/><U98/><E75/><V109/><F132/><W83/><G83/><T80/><D80/><U31/><E31/><V40/><F79/><W87/><G96/><T113/><D113/><U39/><E39/><V38/><F109/><W130/><G130/><T16/><D43/><U30/><E30/><V0/><F97/><W102/><G102/><T70/><D7/><U123/><E123/><V59/><F26/><W37/><G37/><T14/><D14/><U58/><E63/><V46/><F0/><W114/><G114/><T53/><D60/><U82/><REACH who="1" step="1"/><E81/><REACH who="1" ten="250,240,250,250" step="2"/><V6/><F6/><W49/><G62/><T84/><D51/><U61/><E61/><V29/><F29/><W25/><G36/><T117/><D117/><U104/><E104/><V65/><F12/><W66/><G13/><T33/><D33/><U42/><E42/><V21/><F38/><W74/><G41/><T115/><D115/><U89/><E89/><V47/><F40/><W125/><G91/><N who="0" m="53479" /><D95/><U131/><E131/><V9/><F50/><N who="3" m="28743" /><G125/><T120/><D120/><U20/><E20/><V100/><F21/><RYUUKYOKU ba="0,1" sc="250,15,240,15,250,-15,250,-15" hai0="10,15,16,48,53,68,70" hai1="3,5,56,58,73,78,82,90,94,98,99,101,105" />
</Scene>
<Scene>
<INIT seed="0,1,1,5,3,49" ten="265,255,235,235" oya="0" hai0="104,67,88,97,83,7,18,125,111,72,0,58,101" hai1="48,62,126,70,73,45,16,133,27,9,40,99,1" hai2="96,134,85,105,68,32,76,78,34,61,119,129,122" hai3="36,6,31,42,4,130,8,118,127,131,103,25,39"/><T33/><D33/><U115/><E73/><V121/><F119/><W81/><G118/><T113/><D113/><U114/><E133/><V14/><F134/><W75/><G127/><T109/><D125/><U65/><E126/><V47/><F129/><N who="3" m="49163" /><G103/><T20/><D0/><U43/><E99/><V44/><F14/><N who="3" m="5383" /><G6/><T132/><D132/><U10/><E1/><V71/><F61/><W50/><G42/><T60/><D7/><U23/><REACH who="1" step="1"/><E40/><REACH who="1" ten="265,245,235,235" step="2"/><V102/><F85/><W46/><G75/><T22/><D72/><U28/><E28/><V64/><F96/><W2/><G2/><T35/><D35/><U116/><E116/><V57/><F102/><W37/><G31/><T91/><D83/><U54/><E54/><V3/><F3/><W87/><G81/><T117/><D117/><U51/><E51/><V52/><F105/><W82/><G82/><T93/><D104/><U55/><E55/><V13/><F52/><N who="3" m="29783" /><G87/><T90/><REACH who="0" step="1"/><D22/><REACH who="0" ten="255,245,235,235" step="2"/><U17/><E17/><V84/><F34/><W12/><G39/><T120/><D120/><U11/><AGARI ba="1,3" hai="9,10,11,16,23,27,43,45,48,62,65,70,114,115" machi="11" ten="30,7900,0" yaku="1,1,0,1,54,1,53,1" doraHai="49" doraHaiUra="19" who="1" fromWho="1" sc="255,-40,245,112,235,-21,235,-21" />
</Scene>
<Scene>
<INIT seed="1,0,0,5,3,70" ten="215,357,214,214" oya="1" hai0="88,129,35,114,81,134,41,49,95,54,9,74,133" hai1="11,63,6,44,57,92,32,52,82,5,39,3,51" hai2="36,47,112,45,103,73,99,100,53,107,50,98,121" hai3="8,126,17,58,2,1,40,65,12,25,96,76,106"/><U90/><E32/><V20/><F121/><W69/><G69/><T130/><D35/><U0/><E82/><V128/><F112/><W14/><G126/><T55/><D114/><U67/><E39/><V28/><F128/><N who="0" m="49258" /><D9/><U23/><E23/><V19/><F73/><W48/><G76/><N who="0" m="44183" /><D41/><U75/><E75/><V29/><F45/><W78/><G78/><T124/><D124/><U56/><E92/><V85/><F85/><W59/><G40/><T61/><D61/><U31/><E31/><V42/><F53/><W122/><G122/><T68/><D68/><U13/><E6/><V87/><F50/><W34/><G48/><T38/><D38/><U86/><E86/><V83/><F87/><W123/><G123/><T104/><D104/><U4/><E90/><V127/><F83/><W43/><G43/><T108/><D108/><U46/><REACH who="1" step="1"/><E13/><REACH who="1" ten="215,347,214,214" step="2"/><V116/><F116/><W79/><G14/><T71/><D71/><U115/><E115/><V111/><F127/><W93/><G12/><T91/><D91/><U84/><E84/><V120/><F120/><W118/><G34/><T30/><D30/><U66/><E66/><V119/><F119/><W37/><G65/><T131/><D131/><U80/><E80/><V18/><F111/><W132/><G118/><T16/><D16/><U117/><E117/><V102/><F19/><W10/><G17/><T110/><D110/><U15/><E15/><V33/><F33/><W72/><G37/><T26/><D26/><U89/><E89/><V97/><F107/><W21/><G25/><T135/><D49/><U125/><E125/><RYUUKYOKU ba="0,1" sc="215,10,347,10,214,10,214,-30" hai0="54,55,88,95,133,134,135" hai1="0,3,4,5,11,44,46,51,52,56,57,63,67" hai2="18,20,28,29,36,42,47,97,98,99,100,102,103" />
</Scene>
<Scene>
<INIT seed="1,1,1,2,2,102" ten="225,357,224,184" oya="1" hai0="82,76,9,71,98,66,42,15,46,57,78,55,120" hai1="111,70,93,131,107,119,135,12,58,109,122,60,75" hai2="80,3,85,67,21,38,127,87,30,62,81,36,49" hai3="103,124,128,25,130,2,37,28,79,23,94,33,56"/><U83/><E70/><V63/><F3/><W110/><G37/><T68/><D120/><U22/><E122/><V108/><F127/><W86/><G2/><T115/><D115/><U112/><E119/><V72/><F72/><W27/><G110/><N who="1" m="41994" /><E107/><V8/><F108/><W61/><G124/><T44/><D44/><U69/><E112/><V24/><F8/><W104/><G104/><T11/><D11/><U125/><E93/><V39/><F49/><W132/><G132/><T133/><D133/><U97/><E97/><V29/><F29/><N who="3" m="17599" /><G79/><T43/><D43/><U48/><E48/><V7/><F7/><W54/><G86/><T123/><D98/><U95/><E95/><V16/><F30/><W50/><G50/><T96/><D96/><U116/><E116/><V100/><F100/><W90/><G103/><T64/><D123/><U1/><E1/><V117/><F117/><W126/><G126/><T118/><D118/><U113/><E125/><V129/><F129/><N who="3" m="49771" /><G94/><T74/><D78/><U45/><E131/><V134/><F134/><W18/><G18/><T17/><D71/><U6/><E69/><V35/><F35/><N who="3" m="20895" /><G90/><T89/><D89/><U14/><E113/><V114/><F114/><W88/><G88/><T26/><D26/><U121/><E135/><V4/><F4/><W5/><G5/><T13/><D13/><U52/><E14/><V31/><F31/><W53/><G33/><T10/><D68/><U59/><E121/><V0/><F0/><W101/><G101/><T92/><D92/><U47/><E12/><V34/><F34/><W32/><G32/><RYUUKYOKU ba="1,1" sc="225,-10,357,-10,224,-10,184,30" hai3="53,54,56,61" />
</Scene>
<Scene>
<INIT seed="2,2,1,0,2,56" ten="215,347,214,214" oya="2" hai0="95,58,52,70,115,41,47,121,36,33,116,43,103" hai1="134,34,1,79,10,54,37,129,23,18,40,101,133" hai2="108,50,5,24,61,126,102,64,88,120,46,135,15" hai3="42,0,105,128,74,55,131,62,123,2,124,20,78"/><V57/><F120/><W76/><G123/><T96/><D121/><U35/><E129/><N who="3" m="49738" /><G105/><T6/><D115/><U69/><E69/><V73/><F73/><W84/><G124/><T130/><D33/><U19/><E101/><V122/><F122/><W16/><G42/><T99/><D130/><U11/><E79/><N who="3" m="30250" /><G84/><T8/><D70/><U66/><E66/><V65/><F135/><W127/><G74/><T26/><D116/><U110/><E40/><N who="2" m="24903" /><F126/><W104/><G104/><T89/><D26/><U93/><E54/><N who="2" m="33975" /><F108/><W119/><G119/><T132/><D132/><N who="1" m="50795" /><E93/><V72/><F72/><W125/><G0/><T83/><D83/><U118/><E118/><V17/><F102/><W59/><G2/><T113/><D113/><U12/><E37/><V4/><F24/><AGARI ba="2,1" hai="16,20,24,55,59,62,125,127" m="30250,49738" machi="24" ten="30,3900,0" yaku="19,1,52,1,54,1" doraHai="56" who="3" fromWho="2" sc="215,0,347,0,214,-45,214,55" />
</Scene>
<Scene>
<INIT seed="3,0,0,4,0,96" ten="215,347,169,269" oya="3" hai0="15,5,52,60,12,80,90,57,104,24,100,14,53" hai1="114,22,82,55,30,18,58,86,38,32,40,39,111" hai2="108,107,9,132,43,68,83,70,11,129,115,126,77" hai3="99,128,46,51,71,105,135,101,121,120,133,69,61"/><W92/><G128/><T116/><D116/><U91/><E114/><V19/><F115/><W89/><G61/><T63/><D24/><U79/><E40/><V98/><F132/><N who="3" m="50763" /><G69/><T26/><D26/><U118/><E30/><V35/><F35/><W131/><G71/><T50/><D5/><U85/><E118/><V48/><F48/><W49/><G131/><T102/><D104/><U75/><E111/><V37/><F37/><W31/><G31/><T93/><D80/><U94/><E75/><V36/><F36/><W72/><G72/><T81/><D81/><U2/><E32/><V64/><F64/><W47/><G51/><T59/><REACH who="0" step="1"/><D50/><REACH who="0" ten="205,347,169,269" step="2"/><N who="1" m="31095" /><E2/><V84/><F84/><AGARI ba="0,1" hai="12,14,15,52,53,57,59,60,63,84,90,93,100,102" machi="84" ten="40,12000,2" yaku="1,1,9,1,8,1,52,2,54,1,53,0" doraHai="96" doraHaiUra="23" who="0" fromWho="2" sc="205,130,347,0,169,-120,269,0" owari="335,14.0,347,44.0,49,-45.0,269,-13.0" />
</Scene>
</mjloggm>