<mjloggm ver="2.3"><GO type="41"/><UN n0="%E3%83%84%E3%82%A4%E3%82%B9%E3%83%88" n1="%E5%B1%B1%E7%94%B0%E3%83%9D%E3%83%B3%E5%A4%AA%E9%83%8E" n2="%E5%A4%AA%E3%81%8F%E3%81%AA%E3%81%84%E3%81%8A" n3="%E3%83%A0%E3%83%83%E3%82%B7%E3%83%A5%E3%83%AB" dan="13,14,14,14" rate="1939,1836,1988,1864" sx="M,M,M,M"/><TAIKYOKU oya="0"/>

<Scene>
<INIT seed="0,0,0,3,1,80" ten="250,250,250,250" oya="0" hai0="94,115,28,52,93,43,118,107,104,3,90,102,16" hai1="58,106,133,65,30,89,128,86,40,8,22,14,95" hai2="81,9,127,62,45,31,99,1,70,103,42,5,75" hai3="114,135,2,32,76,130,126,11,96,60,132,74,87"/><T50/><D118/><U91/><E106/><V77/><F127/><W105/><G114/><T34/><D115/><U125/><E125/><V110/><F31/><W36/><G126/><T120/><D120/><U56/><E133/><N who="3" m="51274" /><G74/><T59/><D3/><U37/><E128/><V78/><F78/><W129/><G36/><T46/><D28/><U61/><E37/><N who="2" m="21711" /><F110/><W10/><G32/><T57/><D34/><U112/><E112/><V98/><F103/><N who="3" m="62695" /><G60/><T47/><D107/><U71/><E40/><V67/><AGARI ba="0,0" hai="1,5,9,62,67,70,75,77,81,98,99" m="21711" machi="67" ten="30,1100,0" yaku="25,1" doraHai="80" who="2" fromWho="2" sc="250,-5,250,-3,250,11,250,-3" />
</Scene>
<Scene>
<INIT seed="1,0,0,5,3,13" ten="245,247,261,247" oya="1" hai0="53,6,9,112,82,51,91,67,72,128,2,56,76" hai1="54,58,0,16,92,19,27,130,59,125,64,127,96" hai2="77,22,34,98,5,126,33,40,110,81,73,61,74" hai3="88,38,11,124,28,10,14,79,102,8,50,132,86"/><U42/><E130/><V101/><F110/><W120/><G38/><T23/><D128/><U75/><E0/><V65/><F126/><N who="1" m="48137" /><E75/><V133/><F133/><W129/><G124/><T113/><D91/><N who="1" m="55327" /><E42/><V87/><F40/><W135/><G120/><T85/><D72/><U116/><E116/><V121/><F121/><W62/><G129/><T106/><D106/><U117/><E117/><V93/><F5/><W41/><G79/><T21/><REACH who="0" step="1"/><D67/><REACH who="0" ten="235,247,261,247" step="2"/><U30/><E64/><V29/><F74/><W100/><G135/><T57/><D57/><N who="1" m="21515" /><E54/><V97/><F73/><W44/><G132/><T31/><D31/><U123/><E123/><V49/><F29/><W60/><G28/><T119/><D119/><U111/><E111/><V20/><F65/><W99/><G14/><T115/><AGARI ba="0,1" hai="2,6,9,21,23,51,53,56,76,82,85,112,113,115" machi="115" ten="30,2000,0" yaku="1,1,0,1,53,0" doraHai="13" doraHaiUra="122" who="0" fromWho="0" sc="235,30,247,-10,261,-5,247,-5" />
</Scene>
<Scene>
<INIT seed="2,0,0,5,4,40" ten="265,237,256,242" oya="2" hai0="16,50,51,11,0,101,87,75,127,70,90,3,45" hai1="82,14,89,120,24,1,86,31,109,6,43,104,122" hai2="117,37,38,67,106,74,88,126,121,54,113,110,123" hai3="34,115,114,60,19,59,100,39,124,130,62,55,49"/><V85/><F106/><W18/><G34/><T76/><D70/><U131/><E104/><V36/><F74/><W103/><G39/><T65/><D65/><U95/><E109/><V52/><F117/><W69/><G130/><T8/><D101/><U134/><E131/><V119/><F119/><W64/><G103/><T17/><D127/><U68/><E68/><V71/><F113/><N who="3" m="43019" /><G100/><T80/><D51/><U41/><E134/><V25/><F25/><W112/><N who="3" m="43027" /><W116/><DORA hai="44" /><G116/><T118/><D118/><U42/><E1/><V21/><F21/><W9/><G9/><T15/><D17/><N who="3" m="6153" /><G124/><T84/><D75/><U78/><E14/><V46/><F126/><W132/><G132/><T102/><D102/><U111/><E6/><V94/><F110/><W83/><G83/><T129/><D129/><U97/><REACH who="1" step="1"/><E111/><REACH who="1" ten="265,227,256,242" step="2"/><V99/><F71/><W66/><G69/><T12/><D0/><U28/><E28/><V29/><F29/><W98/><G98/><T53/><D3/><U96/><E96/><V107/><F107/><W77/><G77/><T133/><D133/><U105/><E105/><V5/><F99/><W48/><G66/><T58/><D15/><U10/><E10/><V63/><F67/><W22/><G22/><AGARI ba="0,1" hai="22,24,31,41,42,43,78,82,86,89,95,97,120,122" machi="22" ten="40,1300,0" yaku="1,1,53,0" doraHai="40,44" doraHaiUra="4,125" who="1" fromWho="3" sc="265,0,227,23,256,0,242,-13" />
</Scene>
<Scene>
<INIT seed="3,0,0,4,5,54" ten="265,250,256,229" oya="3" hai0="75,19,70,111,101,39,35,73,16,96,28,68,22" hai1="92,83,80,126,0,41,44,93,106,77,72,58,9" hai2="53,5,11,27,17,2,52,1,49,122,117,85,128" hai3="57,21,33,84,34,79,23,100,61,14,50,56,37"/><W6/><G37/><T94/><D39/><N who="1" m="21567" /><E106/><V95/><F117/><W32/><G100/><T108/><D73/><U76/><E126/><V12/><F128/><W10/><G50/><T105/><D75/><N who="1" m="43039" /><E58/><V38/><F38/><W86/><G57/><T8/><D105/><U103/><E103/><V81/><F122/><W74/><G74/><T129/><D129/><U45/><E45/><V31/><F95/><W90/><G79/><T26/><D8/><U24/><E24/><V30/><F30/><W109/><G109/><N who="0" m="42059" /><D19/><U133/><E133/><V123/><F123/><W64/><REACH who="3" step="1"/><G86/><REACH who="3" ten="265,250,256,219" step="2"/><T99/><D99/><U124/><E124/><V55/><F49/><W89/><G89/><T134/><D134/><U97/><E97/><V132/><F132/><W82/><AGARI ba="0,1" hai="6,10,14,21,23,32,33,34,56,61,64,82,84,90" machi="82" ten="30,6000,0" yaku="1,1,0,1,52,1,53,0" doraHai="54" doraHaiUra="40" who="3" fromWho="3" sc="265,-20,250,-20,256,-20,219,70" />
</Scene>
<Scene>
<INIT seed="3,1,0,3,5,108" ten="245,230,236,289" oya="3" hai0="89,105,131,53,96,119,114,24,85,74,84,86,42" hai1="125,4,122,7,83,50,56,110,71,30,21,77,49" hai2="40,0,36,3,101,80,93,68,33,94,46,43,103" hai3="22,133,18,6,51,34,106,99,48,5,28,70,66"/><W65/><G133/><T126/><D119/><U95/><E110/><V117/><F117/><W11/><G34/><T58/><D74/><U75/><E122/><V9/><F33/><W102/><G28/><T115/><D42/><U59/><E71/><V107/><F68/><W81/><G81/><T67/><D67/><U57/><E125/><V8/><F80/><W98/><G98/><T82/><D126/><U29/><E95/><V13/><F107/><W128/><G128/><T19/><D131/><U61/><E61/><V109/><F109/><W37/><G37/><T97/><D82/><U54/><E50/><V64/><F64/><W47/><G70/><T123/><D123/><U69/><E69/><V62/><F62/><W55/><G48/><N who="0" m="31015" /><D89/><U73/><E73/><V26/><F26/><W12/><REACH who="3" step="1"/><G5/><REACH who="3" ten="245,230,236,279" step="2"/><T135/><D135/><U1/><E29/><V116/><F36/><W91/><G91/><T2/><D97/><U111/><E30/><V76/><F116/><W41/><G41/><T14/><D96/><U25/><E7/><V39/><F39/><W79/><G79/><T127/><D127/><U10/><E111/><V134/><F134/><W87/><G87/><T129/><D129/><U27/><E4/><V78/><F78/><W45/><G45/><T52/><D85/><U44/><E83/><V121/><F76/><W92/><G92/><T15/><D84/><U104/><E44/><V23/><F46/><W63/><G63/><T118/><D86/><U88/><E77/><V100/><F121/><W72/><G72/><T113/><D118/><U124/><E75/><RYUUKYOKU ba="1,1" sc="245,-10,230,-10,236,-10,279,30" hai3="6,11,12,18,22,47,51,55,65,66,99,102,106" />
</Scene>
<Scene>
<INIT seed="3,2,1,1,4,117" ten="235,220,226,309" oya="3" hai0="27,56,100,130,92,61,87,81,17,20,132,83,60" hai1="84,63,28,16,125,72,53,69,41,19,105,0,127" hai2="75,57,38,59,106,26,98,85,89,71,51,21,74" hai3="54,121,103,23,120,118,4,32,8,77,7,104,48"/><W58/><G118/><T13/><D132/><U66/><E72/><V18/><F71/><W129/><G32/><T37/><D37/><U49/><E105/><V93/><F38/><W25/><G104/><T123/><D123/><U40/><E0/><V131/><F131/><W15/><G103/><T86/><D130/><U5/><E5/><V62/><F51/><W2/><G129/><T113/><D113/><U124/><E84/><V101/><REACH who="2" step="1"/><F59/><REACH who="2" ten="235,220,216,309" step="2"/><W50/><G77/><T47/><D61/><U133/><E133/><V42/><F42/><W3/><G48/><T31/><D47/><U126/><E126/><V128/><F128/><W99/><G99/><N who="0" m="59495" /><D56/><U34/><E41/><V114/><F114/><W90/><G7/><T111/><D60/><U46/><E40/><V91/><F91/><W22/><G2/><T107/><D107/><U64/><REACH who="1" step="1"/><E64/><AGARI ba="2,2" hai="18,21,26,57,62,64,74,75,85,89,93,98,101,106" machi="64" ten="30,3900,0" yaku="1,1,7,1,53,1" doraHai="117" doraHaiUra="94" who="2" fromWho="1" sc="235,0,220,-45,216,65,309,0" />
</Scene>
<Scene>
<INIT seed="4,0,0,2,3,85" ten="235,175,281,309" oya="0" hai0="44,18,81,58,113,38,7,135,87,90,128,54,119" hai1="110,42,111,95,14,39,35,66,3,46,115,12,97" hai2="92,118,65,41,106,62,77,30,48,125,75,19,72" hai3="13,31,53,64,73,29,5,43,27,10,94,91,82"/><T20/><D119/><U93/><E3/><V11/><F106/><W22/><G73/><T4/><D135/><U100/><E35/><V86/><F30/><N who="3" m="17783" /><G82/><T124/><D124/><U26/><E115/><V98/><F125/><W63/><G43/><T130/><D113/><U107/><E66/><V133/><F133/><W60/><G64/><T2/><D44/><U51/><E26/><V101/><F118/><W33/><G33/><T45/><D45/><U76/><E76/><V104/><F41/><W24/><G24/><T67/><D67/><U47/><E110/><V68/><F48/><W70/><G70/><T8/><D38/><U108/><E111/><V120/><F120/><W78/><G78/><T96/><D96/><U132/><E132/><V57/><F68/><W28/><G53/><T88/><D90/><U37/><E37/><V36/><F36/><W15/><G15/><T9/><D7/><U79/><E79/><V56/><F77/><W49/><G49/><T123/><D123/><U17/><E108/><V89/><REACH who="2" step="1"/><F57/><REACH who="2" ten="235,175,271,309" step="2"/><W59/><G59/><T83/><D83/><U127/><E127/><V131/><F131/><W129/><G129/><T80/><D80/><U61/><E42/><V105/><F105/><W112/><G112/><T16/><D130/><U69/><E107/><V74/><F74/><W71/><G71/><T1/><D128/><U116/><E69/><V109/><F109/><W103/><G103/><T114/><D114/><U122/><E122/><V102/><F102/><W6/><G6/><N who="0" m="1103" /><D20/><U34/><E39/><V134/><F134/><W117/><G117/><RYUUKYOKU ba="0,1" sc="235,10,175,-30,271,10,309,10" hai0="2,4,9,16,18,54,58,81,87,88" hai2="11,19,56,62,65,72,75,86,89,92,98,101,104" hai3="5,10,13,28,29,31,60,63,91,94" />
</Scene>
<Scene>
<INIT seed="4,1,1,3,5,112" ten="245,145,281,319" oya="0" hai0="55,118,101,18,72,31,99,46,80,43,77,47,95" hai1="104,133,106,37,63,0,8,103,127,56,70,97,23" hai2="14,19,76,102,11,35,40,29,21,59,71,131,91" hai3="92,3,22,24,28,105,12,58,15,64,82,123,90"/><T51/><D31/><U67/><E37/><V2/><F71/><W54/><G3/><T107/><D18/><U117/><E133/><V33/><F76/><W128/><G105/><T32/><D32/><U125/><E106/><V50/><F102/><W7/><G128/><T49/><REACH who="0" step="1"/><D107/><REACH who="0" ten="235,145,281,319" step="2"/><U16/><E0/><V124/><F35/><W17/><G123/><T30/><D30/><U20/><E8/><V44/><F33/><W48/><G7/><T119/><AGARI ba="1,2" hai="43,46,47,49,51,55,72,77,80,95,99,101,118,119" machi="119" ten="30,11700,0" yaku="1,1,0,1,52,2,53,0" doraHai="112" doraHaiUra="1" who="0" fromWho="0" sc="235,140,145,-40,281,-40,319,-40" />
</Scene>
<Scene>
<INIT seed="4,2,0,2,2,64" ten="375,105,241,279" oya="0" hai0="117,23,92,98,102,94,42,39,133,110,112,101,89" hai1="34,43,31,35,130,83,85,19,74,6,105,95,67" hai2="10,53,15,78,18,124,4,132,54,9,56,36,97" hai3="77,50,62,128,86,52,17,131,91,70,63,87,104"/><T33/><D33/><U66/><E105/><V60/><F36/><W22/><G104/><T120/><D117/><U123/><E123/><V114/><F114/><W129/><G77/><T24/><D120/><U21/><E130/><V44/><F124/><W71/><G63/><T49/><D39/><U90/><E6/><V79/><F132/><W75/><G75/><T135/><D112/><U16/><E43/><V2/><REACH who="2" step="1"/><F97/><REACH who="2" ten="375,105,231,279" step="2"/><W127/><G62/><T51/><D135/><U84/><E74/><V41/><F41/><W8/><G127/><T82/><D133/><U11/><E11/><V121/><F121/><W134/><G134/><T99/><D42/><U108/><E108/><V111/><F111/><W25/><G8/><T40/><D40/><U122/><E122/><V61/><F61/><W57/><REACH who="3" step="1"/><G86/><REACH who="3" ten="375,105,231,269" step="2"/><N who="0" m="50391" /><D110/><U96/><E85/><V3/><F3/><W58/><G58/><T107/><D107/><U27/><E84/><V65/><F65/><W37/><G37/><T26/><D99/><U103/><E67/><V116/><F116/><W126/><G126/><T119/><D98/><U76/><E66/><V59/><F59/><W7/><G7/><T48/><D119/><U12/><E103/><V47/><F47/><W1/><G1/><T115/><D115/><U13/><E96/><V72/><F72/><W80/><AGARI ba="2,2" hai="17,22,25,50,52,57,70,71,80,87,91,128,129,131" machi="80" ten="30,16000,3" yaku="1,1,0,1,19,1,52,2,54,1,53,3" doraHai="64" doraHaiUra="125" who="3" fromWho="3" sc="375,-82,105,-42,231,-42,269,186" />
</Scene>
<Scene>
<INIT seed="5,0,0,1,2,115" ten="293,63,189,455" oya="1" hai0="24,42,94,104,58,105,3,7,117,34,82,135,4" hai1="84,60,63,118,88,95,90,57,36,39,69,31,37" hai2="75,2,13,12,80,93,92,52,119,50,30,124,64" hai3="128,133,112,129,97,54,22,85,40,89,106,125,21"/><U123/><E123/><V81/><F2/><W77/><G112/><T6/><D3/><U25/><E69/><V79/><F124/><W66/><G125/><T130/><D130/><N who="3" m="50281" /><G133/><T15/><D135/><U103/><E103/><V108/><F108/><W72/><G72/><T113/><D113/><U14/><E14/><V8/><F30/><W126/><G77/><T114/><D114/><U26/><E118/><V0/><F64/><W76/><G76/><T83/><D117/><U28/><E90/><V122/><F122/><W78/><G78/><T107/><D15/><U55/><REACH who="1" step="1"/><E60/><REACH who="1" ten="293,53,189,455" step="2"/><V32/><F119/><W29/><G126/><T134/><D134/><U33/><E33/><V41/><F32/><W127/><G89/><T47/><D34/><U111/><E111/><V61/><F61/><W1/><G1/><T35/><D35/><U27/><AGARI ba="0,1" hai="25,26,27,28,31,36,37,39,55,57,63,84,88,95" machi="27" ten="40,18000,2" yaku="1,1,0,1,54,1,53,3" doraHai="115" doraHaiUra="68" who="1" fromWho="1" sc="293,-60,53,190,189,-60,455,-60" />
</Scene>
<Scene>
<INIT seed="5,1,0,5,3,120" ten="233,243,129,395" oya="1" hai0="69,26,113,39,52,25,45,74,78,0,126,27,121" hai1="72,102,14,16,28,65,92,115,116,95,134,59,129" hai2="49,66,83,104,68,17,107,56,84,111,12,91,22" hai3="117,108,53,8,31,2,135,103,77,73,40,18,132"/><U124/><E116/><V33/><F33/><W64/><G117/><T75/><D0/><U11/><E72/><V3/><F3/><W35/><G108/><T9/><D121/><U93/><E115/><V97/><F111/><W118/><G118/><T82/><D113/><U79/><E134/><N who="3" m="51242" /><G103/><T58/><D69/><U46/><E129/><V38/><F38/><W127/><G127/><T123/><D123/><U80/><E124/><V87/><F97/><W131/><G131/><T29/><D9/><U19/><E28/><V133/><F133/><W4/><G18/><T51/><D126/><U105/><E46/><V60/><F68/><W1/><G40/><T90/><D90/><U106/><E102/><V7/><F7/><W89/><G64/><T130/><D130/><U67/><E19/><V128/><F128/><W63/><G89/><T81/><D39/><U71/><E71/><V85/><F107/><W47/><G53/><T86/><D29/><U36/><E36/><V42/><REACH who="2" step="1"/><F104/><REACH who="2" ten="233,243,119,395" step="2"/><W50/><G1/><T119/><D119/><U5/><E5/><V57/><F57/><W37/><G37/><T99/><D99/><U94/><E59/><V112/><F112/><W34/><G34/><T6/><D6/><U88/><E105/><V20/><F20/><W32/><G32/><T70/><D70/><U125/><E106/><V41/><F41/><N who="3" m="24943" /><G31/><T61/><REACH who="0" step="1"/><D81/><REACH who="0" ten="223,243,119,395" step="2"/><U62/><E125/><V114/><F114/><W13/><G35/><T48/><D48/><U23/><E80/><V21/><F21/><W96/><G8/><T10/><D10/><U101/><E11/><RYUUKYOKU ba="1,2" sc="223,15,243,-15,119,15,395,-15" hai0="25,26,27,45,51,52,58,61,74,75,78,82,86" hai2="12,17,22,42,49,56,60,66,83,84,85,87,91" />
</Scene>
<Scene>
<INIT seed="6,2,2,3,1,76" ten="238,228,134,380" oya="2" hai0="18,26,84,48,0,39,120,73,93,11,72,101,126" hai1="19,112,134,87,104,44,89,2,22,51,5,53,127" hai2="62,115,133,49,37,61,68,28,106,60,82,132,113" hai3="119,16,15,97,69,128,56,107,86,125,42,100,109"/><V29/><F106/><W94/><G119/><T77/><D39/><U95/><E104/><V55/><F37/><W80/><G109/><T30/><D120/><U110/><E110/><V33/><F68/><W67/><G69/><T57/><D126/><U108/><E108/><V79/><F33/><W14/><G107/><T46/><D57/><U122/><E127/><V105/><F105/><W35/><G35/><T64/><D64/><U31/><E122/><V102/><F102/><W45/><G125/><T43/><D101/><U66/><E112/><N who="2" m="43083" /><F29/><W99/><G128/><T96/><D96/><U63/><E134/><N who="2" m="51819" /><F28/><W9/><G99/><T12/><D0/><U124/><E124/><V52/><F49/><N who="3" m="26807" /><G15/><T118/><D118/><U59/><E31/><V71/><F71/><W23/><G9/><T65/><D65/><U91/><E2/><V13/><F13/><W78/><G67/><T114/><D114/><U24/><E5/><V36/><F36/><W58/><AGARI ba="2,2" hai="14,16,23,56,58,78,80,86,94,97,100" m="26807" machi="58" ten="30,4000,0" yaku="8,1,52,1,54,1" doraHai="76" who="3" fromWho="3" sc="238,-12,228,-12,134,-22,380,66" />
</Scene>
<Scene>
<INIT seed="7,0,0,2,5,18" ten="226,216,112,446" oya="3" hai0="44,11,60,2,26,92,124,77,17,130,73,86,105" hai1="101,81,7,50,63,95,62,48,72,96,38,6,13" hai2="88,119,79,31,19,120,98,28,64,133,25,24,61" hai3="12,27,82,57,91,47,99,34,67,14,39,103,117"/><W70/><G117/><T74/><D105/><U51/><E38/><V37/><F119/><W4/><G57/><T123/><D123/><U15/><E72/><V107/><F37/><W30/><G91/><T54/><D130/><U106/><E106/><V3/><F3/><W1/><G82/><T109/><D109/><U118/><E118/><V69/><F120/><W129/><G129/><T102/><D124/><U90/><E15/><V56/><F133/><W97/><G97/><T122/><D122/><U87/><REACH who="1" step="1"/><E13/><REACH who="1" ten="226,206,112,446" step="2"/><V94/><F107/><W116/><G116/><T0/><D74/><U32/><E32/><V131/><F131/><W55/><G14/><T85/><D73/><U78/><E78/><V40/><F79/><W75/><G12/><N who="0" m="7327" /><D0/><U42/><E42/><V68/><F40/><W41/><G75/><T126/><D2/><U22/><E22/><V93/><F93/><W84/><G84/><T113/><D126/><U45/><E45/><V53/><F19/><W49/><G1/><T115/><D77/><U59/><E59/><V66/><F68/><W33/><G4/><AGARI ba="0,1" hai="4,6,7,48,50,51,62,63,81,87,90,95,96,101" machi="4" ten="40,2600,0" yaku="1,1,8,1,53,0" doraHai="18" doraHaiUra="112" who="1" fromWho="3" sc="226,0,206,36,112,0,446,-26" owari="226,-17.0,242,4.0,112,-39.0,420,52.0" />
</Scene>
</mjloggm>