<mjloggm ver="2.3"><GO type="169"/><UN n0="%E5%88%BB%E5%AD%90%E5%B8%82%E6%B0%91" n1="%E3%81%93%E3%81%98%E3%82%8D" n2="%E5%A4%AA%E3%81%8F%E3%81%AA%E3%81%84%E3%81%8A" n3="%E8%8A%8B%EF%BC%A0%EF%BC%90%EF%BC%98%E2%80%99" dan="16,17,16,16" rate="2041,2198,2074,2060" sx="M,M,M,M"/><TAIKYOKU oya="0"/>

<Scene>
<INIT seed="0,0,0,3,3,125" ten="250,250,250,250" oya="0" hai0="8,108,130,102,71,5,68,133,29,98,40,107,1" hai1="101,27,131,18,32,93,33,135,90,62,112,19,105" hai2="92,82,21,109,124,132,126,75,134,44,6,17,121" hai3="34,120,97,11,111,37,96,12,24,38,43,66,94"/><T88/><D133/><N who="2" m="51306" /><F121/><W41/><G120/><T22/><D108/><U54/><E135/><V110/><F44/><W80/><G111/><N who="2" m="42505" /><F92/><W123/><G94/><T14/><D130/><U127/><E112/><V99/><F99/><W70/><G97/><T117/><D117/><U55/><E127/><N who="2" m="48683" /><F6/><W106/><G96/><T84/><D40/><U47/><E47/><V9/><F9/><W50/><G11/><T63/><D63/><U25/><E101/><V69/><F69/><W85/><G70/><T86/><D86/><U36/><E93/><V60/><F60/><W0/><G43/><T129/><D71/><U119/><E105/><V45/><F45/><W46/><G46/><T61/><D61/><U77/><E62/><V49/><F49/><W26/><G50/><T35/><D68/><U39/><E90/><V4/><F4/><W56/><G41/><T122/><D122/><U3/><E77/><N who="2" m="44351" /><F21/><W78/><G123/><T42/><D42/><U118/><REACH who="1" step="1"/><E3/><REACH who="1" ten="250,240,250,250" step="2"/><V76/><F76/><W58/><G0/><T59/><D88/><U113/><E113/><V67/><F67/><W65/><G65/><T89/><D102/><U114/><E114/><V74/><F74/><W72/><G72/><T115/><D89/><U31/><E31/><V30/><F30/><W100/><G66/><T2/><D29/><U52/><E52/><V83/><F83/><W28/><G80/><T64/><D2/><U81/><E81/><V87/><F87/><W16/><G85/><T73/><D84/><U20/><E20/><V128/><F17/><W23/><G28/><T103/><D22/><RYUUKYOKU ba="0,1" sc="250,-15,240,15,250,15,250,-15" hai1="18,19,25,27,32,33,36,39,54,55,118,119,131" hai2="128" />
</Scene>
<Scene>
<INIT seed="1,1,1,0,4,12" ten="235,255,265,235" oya="1" hai0="38,70,33,34,54,68,13,80,6,102,27,100,66" hai1="64,87,3,118,74,90,31,9,112,93,135,2,20" hai2="86,103,92,59,99,130,113,17,4,133,35,26,16" hai3="49,106,134,120,84,71,107,124,128,47,24,62,129"/><U50/><E74/><V56/><F4/><W5/><G120/><T69/><D66/><U111/><E118/><V60/><F133/><W52/><G134/><T45/><D80/><U105/><E105/><V19/><F130/><N who="3" m="50283" /><G124/><T40/><D54/><U14/><E135/><V127/><F127/><W7/><G84/><T121/><D121/><U51/><E112/><V91/><F113/><W32/><G7/><T57/><D57/><U122/><E122/><V77/><F77/><W131/><G5/><T65/><D65/><U83/><E64/><V53/><F56/><N who="3" m="35079" /><G71/><T23/><D13/><U61/><E61/><V37/><F37/><W96/><G96/><T30/><REACH who="0" step="1"/><D6/><REACH who="0" ten="225,255,265,235" step="2"/><U28/><E83/><N who="2" m="49631" /><F35/><AGARI ba="1,2" hai="23,27,30,33,34,35,38,40,45,68,69,70,100,102" machi="35" ten="50,1600,0" yaku="1,1,53,0" doraHai="12" doraHaiUra="75" who="0" fromWho="2" sc="225,39,255,0,265,-19,235,0" />
</Scene>
<Scene>
<INIT seed="2,0,0,2,4,21" ten="264,255,246,235" oya="2" hai0="116,55,90,122,82,51,131,20,25,39,8,115,13" hai1="36,53,14,84,3,31,1,17,132,67,110,12,35" hai2="7,18,4,41,44,32,24,64,98,85,60,83,86" hai3="38,128,114,127,134,73,117,69,48,65,19,89,75"/><V23/><F32/><W30/><G73/><T99/><D39/><U100/><E36/><V56/><F98/><W15/><G38/><T57/><D122/><U101/><E67/><V76/><REACH who="2" step="1"/><F86/><REACH who="2" ten="264,255,236,235" step="2"/><W62/><G75/><T47/><D115/><U29/><E84/><V125/><F125/><W16/><G127/><T34/><D116/><U28/><E35/><V2/><F2/><W129/><G117/><T72/><D34/><U66/><E3/><V104/><F104/><W5/><G114/><T108/><D131/><U109/><E1/><V9/><F9/><W106/><G106/><T10/><D72/><U105/><E105/><V123/><F123/><W94/><G129/><T63/><D108/><U130/><E130/><V119/><F119/><W91/><G128/><T40/><D13/><U33/><E33/><V54/><F54/><W112/><G15/><T59/><D59/><U68/><E53/><V77/><F77/><W0/><G112/><T102/><D102/><U80/><E100/><V71/><F71/><W42/><G69/><T26/><D20/><U79/><E101/><V118/><F118/><W92/><G0/><T124/><D124/><U113/><E68/><V11/><F11/><N who="0" m="4138" /><D99/><U50/><E113/><V74/><F74/><W107/><G107/><T49/><D90/><U96/><E109/><V43/><F43/><W97/><G89/><T46/><D82/><U95/><E80/><V126/><F126/><W6/><G91/><T22/><D22/><U88/><E110/><V133/><F133/><W93/><G134/><T52/><AGARI ba="0,1" hai="25,26,40,46,47,49,51,52,55,57,63" m="4138" machi="52" ten="30,7900,0" yaku="8,1,52,2,54,1" doraHai="21" who="0" fromWho="0" sc="264,89,255,-20,236,-39,235,-20" />
</Scene>
<Scene>
<INIT seed="3,0,0,1,3,36" ten="353,235,197,215" oya="3" hai0="10,72,130,104,125,16,115,105,43,109,52,19,56" hai1="21,0,74,112,90,22,88,87,8,38,84,62,60" hai2="32,76,51,133,108,116,34,106,68,135,77,118,129" hai3="18,128,7,55,102,6,27,30,47,2,123,61,99"/><W69/><G123/><T83/><D109/><U97/><E74/><V89/><F68/><W82/><G18/><T45/><D130/><U64/><E38/><V12/><F106/><N who="3" m="63839" /><G2/><T122/><D125/><U53/><E112/><V94/><F12/><W100/><G100/><T5/><D122/><U95/><E0/><V134/><F51/><N who="3" m="29183" /><G82/><T117/><D117/><N who="2" m="45162" /><F108/><W29/><G29/><T85/><D115/><U39/><E8/><V93/><F129/><W78/><G78/><N who="2" m="30313" /><F89/><W79/><G79/><N who="0" m="44519" /><D85/><U57/><E39/><V91/><F91/><W65/><G128/><T24/><D105/><U1/><E1/><V20/><F20/><W92/><G92/><AGARI ba="0,0" hai="32,34,92,93,94,133,134,135" m="30313,45162" machi="92" ten="40,5200,0" yaku="28,2,20,1" doraHai="36" who="2" fromWho="3" sc="353,0,235,0,197,52,215,-52" />
</Scene>
<Scene>
<INIT seed="4,0,0,4,2,129" ten="353,235,249,163" oya="0" hai0="29,31,103,98,133,17,80,120,35,108,11,32,20" hai1="127,28,124,94,61,62,77,13,9,86,128,54,5" hai2="126,67,121,91,3,84,41,15,116,45,105,65,30" hai3="4,2,71,25,59,22,53,51,93,34,101,72,55"/><T70/><D80/><U58/><E128/><V37/><F121/><W75/><G71/><T122/><D98/><U69/><E28/><V57/><F3/><W123/><G34/><T117/><D103/><U60/><E69/><V125/><F105/><W119/><G119/><T82/><D82/><U14/><E77/><V78/><F78/><W46/><G123/><T109/><D70/><U43/><E43/><V83/><F116/><W110/><G110/><T16/><D117/><U21/><E21/><V44/><F30/><W23/><G23/><T102/><D102/><U87/><E14/><V40/><F15/><W10/><G93/><T134/><D20/><U26/><E26/><V76/><F76/><W49/><REACH who="3" step="1"/><G101/><REACH who="3" ten="353,235,249,153" step="2"/><T106/><D106/><U12/><E94/><V135/><F125/><W1/><G1/><T131/><D131/><U36/><E13/><V132/><F126/><W64/><G64/><T96/><D96/><U68/><E68/><V8/><F8/><AGARI ba="0,1" hai="8,11,16,17,29,31,32,35,108,109,120,122,133,134" machi="8" ten="25,24000,3" yaku="22,2,34,3,52,2,54,1" doraHai="129" who="0" fromWho="2" sc="353,250,235,0,249,-240,153,0" />
</Scene>
<Scene>
<INIT seed="4,1,0,3,5,85" ten="603,235,9,153" oya="0" hai0="28,9,101,2,27,95,16,50,124,112,48,93,114" hai1="14,97,22,17,5,61,72,104,60,38,117,109,133" hai2="24,81,57,132,54,63,100,116,4,78,122,91,8" hai3="103,44,115,94,66,56,10,51,42,69,111,37,41"/><T127/><D2/><U87/><E72/><V62/><F122/><W49/><G111/><T68/><D68/><U73/><E38/><V20/><F132/><W43/><G115/><N who="0" m="44075" /><D9/><U92/><E73/><V26/><F116/><W121/><G121/><T12/><D12/><U55/><E104/><V82/><F100/><W99/><G10/><T80/><D80/><U120/><E120/><V76/><F62/><N who="3" m="40151" /><G51/><N who="0" m="19499" /><D16/><U75/><E109/><V52/><F54/><AGARI ba="1,0" hai="37,41,42,43,44,49,54,56,94,99,103" m="40151" machi="54" ten="30,1000,0" yaku="24,1" doraHai="85" who="3" fromWho="2" sc="603,0,235,0,9,-13,153,13" owari="603,69.0,235,4.0,-4,-50.0,166,-23.0" />
</Scene>
</mjloggm>