<mjloggm ver="2.3"><GO type="169" lobby="0"/><UN n0="%E4%B8%83%E3%83%84%E7%9B%AE%E7%8E%89" n1="%E5%88%BB%E5%AD%90%E5%B8%82%E6%B0%91" n2="%61%68%68%68%68%68%68%61" n3="%E5%A4%AA%E3%81%8F%E3%81%AA%E3%81%84%E3%81%8A" dan="17,16,16,18" rate="2167.60,2106.79,2039.57,2176.79" sx="M,M,M,M"/><TAIKYOKU oya="0"/>

<Scene>
<INIT seed="0,0,0,0,0,21" ten="250,250,250,250" oya="0" hai0="70,33,32,58,95,110,76,96,82,133,49,126,44" hai1="120,107,27,54,89,37,81,25,40,93,130,113,83" hai2="43,46,72,61,30,77,22,102,74,5,4,47,88" hai3="62,103,104,114,124,63,128,115,51,59,2,118,97"/><T20/><D70/><U36/><E107/><V0/><F102/><W41/><G118/><T112/><D112/><U132/><E120/><V15/><F47/><W53/><G2/><T34/><D126/><U12/><E113/><V125/><F125/><W121/><G124/><T56/><D133/><U31/><E132/><V48/><F61/><W135/><G135/><T28/><D110/><U119/><E119/><V116/><F116/><W67/><G121/><T71/><D71/><U7/><E54/><V57/><F57/><W18/><G128/><T106/><D106/><U50/><E130/><V1/><F1/><W13/><G41/><T64/><D20/><U6/><E50/><V45/><F45/><W129/><G62/><T108/><D108/><U84/><E40/><V91/><F0/><W73/><G73/><T123/><D123/><U117/><E117/><V14/><F14/><W100/><G100/><T111/><D111/><U68/><E68/><V9/><F5/><W109/><G129/><T98/><D64/><U38/><E12/><V105/><F105/><W131/><G131/><T87/><D28/><U75/><E75/><V42/><F42/><W35/><G35/><T79/><D79/><U10/><E31/><V17/><F30/><W69/><REACH who="3" step="1"/><G109/><REACH who="3" ten="250,250,250,240" step="2"/><T8/><D33/><U3/><E6/><V127/><F127/><W19/><G19/><T65/><D34/><U26/><AGARI ba="0,1" hai="3,7,10,25,26,27,36,37,38,81,83,84,89,93" machi="26" ten="40,8000,1" yaku="0,1,52,3" doraHai="21" who="1" fromWho="1" sc="250,-40,250,90,250,-20,240,-20" />
</Scene>
<Scene>
<INIT seed="1,0,0,0,3,41" ten="210,340,230,220" oya="1" hai0="55,108,89,130,53,49,116,102,106,16,91,35,34" hai1="4,67,40,56,109,1,92,117,28,44,111,114,87" hai2="32,61,17,127,43,86,118,93,124,104,60,26,45" hai3="77,82,85,12,64,122,100,101,79,125,96,103,76"/><U84/><E117/><V20/><F104/><W132/><G64/><T62/><D116/><U33/><E114/><V74/><F74/><W48/><G12/><T37/><D37/><U15/><E1/><V121/><F118/><W69/><G69/><T23/><D130/><U126/><E126/><N who="2" m="48171" /><F32/><W75/><G125/><T105/><D108/><N who="1" m="41547" /><E92/><V7/><F7/><W97/><G122/><T68/><D68/><U78/><E78/><N who="3" m="30314" /><G48/><T24/><D62/><N who="1" m="38343" /><E28/><V135/><F121/><W110/><G110/><T113/><D113/><U73/><E73/><V129/><F129/><W112/><G112/><T123/><D123/><U30/><E30/><V94/><F135/><W70/><G70/><T71/><D71/><U3/><E3/><V38/><F94/><N who="3" m="58391" /><G132/><T14/><D105/><U52/><E33/><V133/><F133/><W88/><G97/><T58/><D106/><U42/><E15/><V119/><F119/><W2/><G2/><T59/><D35/><U21/><E4/><V54/><F54/><W25/><G25/><T46/><D34/><U51/><E21/><V95/><F61/><W98/><G98/><T10/><D24/><U83/><E83/><AGARI ba="0,0" hai="75,79,82,83,85,88,101,103" m="58391,30314" machi="83" ten="30,12000,2" yaku="35,5,54,1" doraHai="41" who="3" fromWho="1" sc="210,0,340,-120,230,0,220,120" />
</Scene>
<Scene>
<INIT seed="2,0,0,1,4,3" ten="210,220,230,340" oya="2" hai0="8,35,61,126,27,29,46,111,52,51,112,88,57" hai1="119,13,47,100,34,95,110,1,11,70,107,26,99" hai2="97,74,101,49,9,66,37,72,76,92,121,87,56" hai3="77,83,118,113,98,78,33,134,59,81,127,18,135"/><V4/><F121/><W130/><G33/><T117/><D112/><U22/><E119/><V123/><F123/><W40/><G118/><T58/><D117/><U21/><E110/><V93/><F37/><W116/><G116/><T86/><D111/><U24/><E70/><V25/><F25/><W67/><G40/><T128/><D128/><U6/><E34/><V28/><F28/><W69/><G69/><T31/><D31/><U43/><E107/><V96/><F87/><W19/><G130/><T132/><D132/><U20/><REACH who="1" step="1"/><E1/><REACH who="1" ten="210,210,230,340" step="2"/><V109/><F109/><W38/><G134/><T54/><D126/><U64/><E64/><V30/><F66/><W122/><G67/><T82/><REACH who="0" step="1"/><D8/><REACH who="0" ten="200,210,230,340" step="2"/><U10/><E10/><V39/><F9/><W7/><G127/><T91/><D91/><U94/><E94/><V106/><F93/><W63/><G135/><T60/><D60/><U36/><AGARI ba="0,2" hai="6,11,13,20,21,22,24,26,36,43,47,95,99,100" machi="36" ten="30,4000,0" yaku="1,1,0,1,52,1,53,0" doraHai="3" doraHaiUra="50" who="1" fromWho="1" sc="200,-10,210,60,230,-20,340,-10" />
</Scene>
<Scene>
<INIT seed="3,0,0,1,0,52" ten="190,270,210,330" oya="3" hai0="8,0,131,113,107,17,35,101,110,55,106,105,46" hai1="124,18,6,53,12,87,39,108,83,89,97,73,71" hai2="72,76,41,94,47,98,31,3,109,91,114,62,56" hai3="120,85,5,7,34,15,40,104,74,44,79,117,132"/><W80/><G120/><T69/><D35/><U133/><E39/><V11/><F114/><W68/><G117/><T111/><D69/><U99/><E71/><V75/><F31/><W130/><G68/><T128/><D101/><U78/><E73/><V67/><F109/><N who="0" m="41482" /><D113/><U10/><E108/><V100/><F76/><W50/><G34/><T57/><D46/><U58/><E124/><V16/><F100/><W86/><G104/><N who="0" m="26627" /><T121/><DORA hai="43" /><D121/><U88/><E133/><V134/><F134/><W82/><G132/><T135/><D135/><U60/><E6/><V33/><F33/><W49/><G130/><N who="0" m="49707" /><D0/><U103/><E103/><V45/><F45/><N who="3" m="25767" /><G74/><T84/><D84/><U42/><E42/><V4/><REACH who="2" step="1"/><F16/><REACH who="2" ten="190,270,200,330" step="2"/><W70/><G7/><T24/><D17/><U23/><E23/><V27/><F27/><W115/><G115/><T129/><D129/><U61/><E78/><V122/><F122/><W20/><G20/><T96/><D24/><U51/><E89/><V2/><F2/><W95/><G5/><T30/><D30/><U112/><E112/><V14/><F14/><W116/><G15/><T37/><D8/><U1/><E1/><V66/><F66/><W119/><G79/><T126/><D126/><U127/><E127/><V32/><F32/><W9/><G9/><T19/><D19/><U25/><E25/><V102/><F102/><W63/><G44/><T38/><D38/><AGARI ba="0,1" hai="3,4,11,38,41,47,56,62,67,72,75,91,94,98" machi="38" ten="30,8000,1" yaku="1,1,7,1,52,2,53,1" doraHai="52,43" doraHaiUra="36,81" who="2" fromWho="0" sc="190,-80,270,0,200,90,330,0" />
</Scene>
<Scene>
<INIT seed="4,0,0,0,5,40" ten="110,270,290,330" oya="0" hai0="2,0,81,9,125,86,83,32,120,36,122,108,11" hai1="61,105,130,14,127,18,79,100,123,82,51,87,16" hai2="68,126,89,134,62,21,88,31,107,131,106,5,45" hai3="54,52,25,65,91,20,121,39,34,101,98,113,10"/><T49/><D32/><U128/><E123/><V33/><F33/><W67/><G34/><T28/><D49/><U94/><E105/><V3/><F3/><W27/><G39/><T71/><D36/><U115/><E115/><V111/><F5/><W64/><G113/><T12/><D71/><U99/><E127/><V69/><F111/><W90/><G10/><T118/><D125/><U57/><E51/><V119/><F126/><W104/><G121/><T77/><D28/><U85/><E85/><V22/><F31/><W47/><G27/><T55/><D118/><U58/><E57/><V117/><F62/><W110/><G110/><T73/><D108/><U8/><REACH who="1" step="1"/><E18/><REACH who="1" ten="110,260,290,330" step="2"/><V63/><F63/><W109/><G109/><T42/><D120/><U132/><E132/><V26/><F134/><W76/><G104/><T37/><D122/><U23/><E23/><V124/><F124/><W56/><G56/><T43/><D11/><U35/><E35/><V24/><F131/><W92/><G20/><T46/><D43/><U70/><E70/><V96/><F96/><W38/><G98/><T15/><D55/><AGARI ba="0,1" hai="8,14,16,55,58,61,79,82,87,94,99,100,128,130" machi="55" ten="40,2600,0" yaku="1,1,54,1,53,0" doraHai="40" doraHaiUra="84" who="1" fromWho="0" sc="110,-26,260,36,290,0,330,0" />
</Scene>
<Scene>
<INIT seed="5,0,0,4,4,116" ten="84,296,290,330" oya="1" hai0="59,25,62,124,68,43,105,99,28,120,56,2,131" hai1="45,93,12,7,18,77,53,114,70,85,16,71,14" hai2="5,48,26,133,128,39,102,13,64,83,89,52,95" hai3="73,51,108,92,0,115,41,55,129,81,122,76,98"/><U19/><E114/><V8/><F39/><W74/><G108/><T101/><D2/><U126/><E126/><V106/><F133/><W75/><G0/><T118/><D118/><U125/><E125/><V54/><F64/><W94/><G115/><T121/><D124/><U134/><E134/><V3/><F128/><W46/><G129/><T78/><D131/><U33/><E33/><V31/><F106/><W34/><G34/><N who="0" m="20751" /><D78/><U17/><E7/><V79/><F102/><W109/><G109/><T69/><D43/><U72/><E72/><V119/><F3/><W117/><G117/><T10/><D10/><U4/><E4/><V65/><F65/><W107/><G107/><T67/><D69/><U23/><E12/><V1/><F1/><W57/><G92/><T113/><D113/><U111/><E111/><V27/><F119/><W88/><REACH who="3" step="1"/><G122/><AGARI ba="0,0" hai="56,59,62,67,68,99,101,105,120,121,122" m="20751" machi="122" ten="30,8000,1" yaku="25,1,13,1,52,3" doraHai="116" who="0" fromWho="3" sc="84,80,296,0,290,0,330,-80" />
</Scene>
<Scene>
<INIT seed="6,0,0,4,5,26" ten="164,296,290,250" oya="2" hai0="11,120,64,70,133,123,75,38,109,130,84,17,12" hai1="15,81,86,0,117,37,115,98,114,33,54,76,62" hai2="66,83,16,30,85,6,89,47,35,5,101,82,39" hai3="104,1,132,94,125,13,99,74,134,57,93,97,90"/><V18/><F66/><W105/><G1/><T27/><D75/><U21/><E0/><V7/><F101/><N who="3" m="60599" /><G57/><T29/><D109/><U121/><E37/><V20/><F35/><W102/><G13/><T131/><D38/><U58/><E33/><V31/><F83/><W61/><G61/><N who="0" m="40207" /><D84/><U49/><E117/><V51/><F39/><W52/><G52/><T56/><D56/><U108/><E108/><V119/><F119/><W107/><G125/><T25/><D25/><U129/><E121/><V96/><F96/><N who="3" m="57399" /><G74/><T10/><D10/><U24/><E15/><N who="2" m="9247" /><F18/><W23/><G23/><N who="0" m="15615" /><D133/><AGARI ba="0,0" hai="99,102,104,105,107,132,133,134" m="57399,60599" machi="133" ten="30,3900,0" yaku="20,1,34,2" doraHai="26" who="3" fromWho="0" sc="164,-39,296,0,290,0,250,39" />
</Scene>
<Scene>
<INIT seed="7,0,0,1,5,23" ten="125,296,290,289" oya="3" hai0="7,17,0,16,66,31,125,70,89,9,56,72,104" hai1="6,30,115,102,121,42,19,135,132,77,130,47,101" hai2="90,85,36,79,15,29,88,120,91,95,49,4,119" hai3="111,44,58,52,65,78,124,129,74,37,98,22,76"/><W38/><G129/><T97/><D72/><U64/><E130/><V81/><F36/><W20/><G124/><T32/><D125/><U116/><E121/><V50/><F119/><W8/><G111/><T93/><D70/><U27/><E115/><V83/><F120/><W21/><G65/><T106/><D66/><U73/><E6/><V134/><F134/><N who="1" m="51241" /><E116/><V48/><F29/><W113/><G113/><T28/><D56/><U61/><E19/><V68/><F68/><W45/><G74/><T96/><D31/><U41/><E77/><N who="3" m="29802" /><G38/><T39/><D39/><N who="1" m="21951" /><E42/><V62/><F62/><N who="3" m="36167" /><G37/><T80/><D80/><N who="2" m="30794" /><F79/><W100/><G8/><AGARI ba="0,0" hai="4,8,15,48,49,50,85,88,90,91,95" m="30794" machi="8" ten="30,2000,0" yaku="8,1,54,1" doraHai="23" who="2" fromWho="3" sc="125,0,296,0,290,20,289,-20" owari="125,-37.0,296,10.0,310,40.0,269,-13.0" />
</Scene>
</mjloggm>