<mjloggm ver="2.3"><GO type="169"/><UN n0="%E5%A4%AA%E3%81%8F%E3%81%AA%E3%81%84%E3%81%8A" n1="%74%6A%2D%6D%69%63%72%6F" n2="%E7%88%86%E7%89%8C%E3%82%A6%E3%82%B7%E3%82%B8%E3%83%9E%E3%81%8F%E3%82%93" n3="%31%E6%9C%88%31%31%E6%97%A5" dan="17,16,18,16" rate="2178,2079,2173,2114" sx="M,M,M,M"/><TAIKYOKU oya="0"/>

<Scene>
<INIT seed="0,0,0,0,5,117" ten="250,250,250,250" oya="0" hai0="101,36,125,29,79,15,122,0,14,111,51,43,82" hai1="104,71,57,123,35,4,131,37,127,93,46,54,129" hai2="100,63,128,17,55,133,11,74,34,69,80,45,28" hai3="110,114,53,135,70,13,38,61,20,124,134,62,109"/><T59/><D0/><U83/><E104/><V10/><F128/><W91/><G91/><T41/><D122/><U2/><E71/><V33/><F133/><N who="3" m="50699" /><G13/><T47/><D125/><U40/><E35/><V78/><F100/><W6/><G6/><T24/><D101/><U60/><E127/><V65/><F28/><W52/><G20/><T18/><D111/><N who="3" m="42505" /><G124/><T76/><D76/><U99/><E83/><V39/><F39/><W44/><G114/><T86/><D18/><U26/><E26/><V19/><F19/><W98/><G98/><T27/><D27/><U21/><E21/><V115/><F115/><W56/><G70/><T23/><REACH who="0" step="1"/><D43/><REACH who="0" ten="240,250,250,250" step="2"/><U75/><E2/><V30/><F17/><W116/><G116/><T3/><D3/><U119/><E119/><V130/><F78/><W96/><G96/><T81/><D81/><U88/><E4/><V49/><F80/><W64/><G62/><T132/><D132/><U67/><E75/><V121/><F63/><W77/><G77/><T42/><D42/><AGARI ba="0,1" hai="38,42,44,52,53,56,61,64" m="42505,50699" machi="42" ten="30,8000,1" yaku="20,1,14,1,34,2,54,1" doraHai="117" who="3" fromWho="0" sc="240,-80,250,0,250,0,250,90" />
</Scene>
<Scene>
<INIT seed="1,0,0,4,5,62" ten="160,250,250,340" oya="1" hai0="66,91,67,4,40,48,38,68,56,34,10,83,89" hai1="90,109,5,112,132,44,46,32,22,43,0,88,64" hai2="61,111,53,3,52,85,18,51,63,71,17,102,14" hai3="103,108,75,23,73,15,127,123,106,93,120,133,124"/><U57/><E32/><V129/><F3/><W87/><G23/><T104/><D104/><U39/><E112/><V11/><F129/><W42/><G42/><T29/><D68/><U25/><E132/><V105/><F111/><W41/><G41/><T100/><D38/><U118/><E118/><V35/><F35/><W2/><G2/><T28/><D100/><U7/><E44/><V59/><F105/><W78/><G15/><N who="0" m="5575" /><D34/><U8/><E109/><V95/><F71/><W1/><G1/><T101/><D101/><U37/><E7/><V113/><F113/><W97/><G108/><T72/><D72/><U6/><E6/><V16/><F61/><W82/><G133/><T79/><D79/><U131/><E131/><V98/><F85/><W9/><G9/><T126/><D126/><N who="3" m="48169" /><G106/><T55/><D40/><U36/><E39/><V81/><F81/><W13/><G13/><T65/><D83/><U47/><E37/><V69/><F69/><W45/><G45/><AGARI ba="0,0" hai="11,14,16,17,18,45,51,52,53,59,63,95,98,102" machi="45" ten="30,7700,0" yaku="7,1,8,1,54,2" doraHai="62" who="2" fromWho="3" sc="160,0,250,0,250,77,340,-77" />
</Scene>
<Scene>
<INIT seed="2,0,0,2,3,125" ten="160,250,327,263" oya="2" hai0="17,24,118,103,99,69,11,66,30,49,67,42,21" hai1="80,37,108,121,2,6,119,94,43,56,31,74,131" hai2="61,126,60,18,134,36,58,76,71,4,82,104,105" hai3="81,127,70,48,10,59,107,52,128,22,110,113,106"/><V50/><F36/><W39/><G110/><T54/><D118/><U27/><E119/><V3/><F126/><W75/><G127/><T116/><D42/><U112/><E108/><V5/><F134/><W133/><G70/><T1/><D116/><U89/><E112/><V135/><F135/><W62/><G133/><T114/><D114/><U117/><E117/><V111/><F111/><W101/><G113/><T23/><D69/><U14/><E121/><V35/><F35/><W9/><G39/><T57/><D11/><U85/><E2/><V84/><F50/><W123/><G123/><T33/><D1/><U130/><E56/><V41/><F41/><W45/><G128/><N who="1" m="49194" /><E43/><V88/><F71/><W7/><G22/><T16/><D33/><N who="1" m="20735" /><E37/><V65/><F58/><W97/><G107/><T92/><REACH who="0" step="1"/><D30/><REACH who="0" ten="150,250,327,263" step="2"/><U90/><E74/><V29/><F29/><W34/><G75/><T8/><D8/><N who="1" m="4375" /><E94/><V83/><F3/><W91/><G34/><T20/><D20/><U15/><E15/><AGARI ba="0,1" hai="15,16,17,21,23,24,49,54,57,66,67,92,99,103" machi="15" ten="30,7700,0" yaku="1,1,7,1,8,1,54,1,53,0" doraHai="125" doraHaiUra="79" who="0" fromWho="1" sc="150,87,250,-77,327,0,263,0" />
</Scene>
<Scene>
<INIT seed="3,0,0,2,2,116" ten="237,173,327,263" oya="3" hai0="108,18,21,24,135,63,22,55,48,83,17,51,0" hai1="61,89,109,103,125,15,40,59,120,70,115,5,60" hai2="47,84,114,72,111,7,123,100,67,66,29,86,30" hai3="58,102,113,28,49,112,37,19,98,25,57,44,76"/><W95/><G37/><T2/><D108/><U1/><E1/><V56/><F72/><W107/><G76/><T36/><D36/><U68/><E115/><V69/><F69/><W6/><G6/><T77/><D135/><U131/><E109/><V16/><F111/><W119/><G119/><T11/><D63/><U3/><E3/><V91/><F7/><W133/><G133/><T134/><D134/><U41/><E103/><V38/><F100/><W92/><G107/><T13/><D11/><U64/><E89/><V46/><F38/><W126/><G126/><T39/><D39/><U117/><E15/><V26/><F56/><W127/><G127/><T78/><D78/><U73/><E5/><V54/><F26/><W93/><G19/><T45/><REACH who="0" step="1"/><D51/><REACH who="0" ten="227,173,327,263" step="2"/><U101/><E125/><V71/><F114/><W128/><G113/><T31/><D31/><U65/><E117/><V90/><F30/><W42/><G112/><T81/><D81/><U82/><E82/><V85/><F29/><W14/><G128/><T110/><D110/><U118/><E131/><V80/><F80/><W75/><G75/><AGARI ba="0,1" hai="0,2,13,17,18,21,22,24,45,48,55,75,77,83" machi="75" ten="30,3900,0" yaku="1,1,7,1,53,1" doraHai="116" doraHaiUra="23" who="0" fromWho="3" sc="227,49,173,0,327,0,263,-39" />
</Scene>
<Scene>
<INIT seed="4,0,0,2,0,94" ten="276,173,327,224" oya="0" hai0="92,38,123,124,10,61,102,14,17,126,82,16,7" hai1="93,25,12,15,107,129,85,0,78,81,110,24,76" hai2="21,80,33,69,127,48,119,62,132,131,11,100,74" hai3="71,54,50,23,39,101,75,73,34,91,26,89,60"/><T116/><D123/><U103/><E0/><V56/><F33/><W28/><G89/><T83/><D38/><U121/><E110/><V64/><F127/><N who="0" m="48682" /><D116/><U122/><E107/><V44/><F119/><W32/><G32/><T67/><D102/><U125/><E125/><V135/><F131/><W118/><G118/><T113/><D92/><U98/><E129/><V66/><F11/><W96/><G39/><T49/><D49/><U130/><E130/><V8/><F100/><W59/><G91/><T9/><D113/><U117/><E117/><V27/><F8/><W63/><G63/><T42/><D42/><U31/><E78/><V112/><F112/><W5/><G5/><T51/><D51/><U87/><E87/><V41/><F80/><N who="0" m="30762" /><D10/><U128/><E128/><V109/><F109/><W68/><G23/><T79/><D79/><U65/><E121/><V86/><F48/><W57/><G73/><T97/><D97/><U22/><E122/><V36/><F74/><W104/><REACH who="3" step="1"/><G75/><REACH who="3" ten="276,173,327,214" step="2"/><T29/><D29/><U106/><E31/><V111/><F111/><W46/><G46/><T2/><D2/><U53/><E76/><V3/><F44/><W114/><G114/><T47/><D47/><U43/><E81/><V52/><F3/><W19/><G19/><T4/><D4/><U105/><E22/><V90/><F21/><W1/><G1/><T77/><D77/><U40/><E85/><V84/><F84/><W88/><G88/><T120/><D120/><U18/><E18/><V115/><F86/><W58/><G58/><AGARI ba="0,1" hai="7,9,14,16,17,58,61,67" m="30762,48682" machi="58" ten="30,2900,0" yaku="18,1,54,1" doraHai="94" who="0" fromWho="3" sc="276,39,173,0,327,0,214,-29" />
</Scene>
<Scene>
<INIT seed="4,1,0,5,5,33" ten="315,173,327,185" oya="0" hai0="72,74,43,56,122,71,17,2,106,52,70,83,113" hai1="97,76,78,39,20,54,102,87,59,13,15,134,92" hai2="93,79,89,66,30,104,14,10,8,49,31,5,130" hai3="32,53,27,42,45,119,0,116,90,36,47,23,126"/><T95/><D106/><U131/><E39/><V108/><F104/><W107/><G126/><T50/><D122/><U28/><E131/><V86/><F130/><W41/><G53/><T58/><D2/><U21/><E134/><V7/><F108/><W62/><G62/><T127/><D127/><U67/><E67/><V115/><F115/><W85/><G107/><T91/><D113/><U133/><E133/><V9/><F66/><W63/><G63/><T121/><D121/><U68/><E68/><V112/><F112/><W125/><G32/><T135/><D135/><U101/><E101/><V16/><F79/><N who="1" m="30249" /><E87/><V105/><F105/><W81/><G0/><T12/><D83/><U80/><E80/><V103/><F103/><W46/><G46/><T44/><D74/><U35/><E35/><V100/><F100/><W111/><G111/><T73/><D73/><U118/><E118/><V109/><F109/><W99/><G99/><T114/><D72/><U69/><E69/><V132/><F132/><W38/><REACH who="3" step="1"/><G125/><REACH who="3" ten="315,173,327,175" step="2"/><T3/><D3/><U51/><E28/><AGARI ba="1,1" hai="23,27,28,36,38,41,42,45,47,81,85,90,116,119" machi="28" ten="30,7700,0" yaku="1,1,2,1,7,1,9,1,53,0" doraHai="33" doraHaiUra="88" who="3" fromWho="1" sc="315,0,173,-80,327,0,175,90" />
</Scene>
<Scene>
<INIT seed="5,0,0,1,3,125" ten="315,93,327,265" oya="1" hai0="38,105,126,68,120,129,5,77,85,49,52,45,41" hai1="12,44,14,6,15,133,43,127,100,128,29,8,87" hai2="112,7,70,57,39,66,123,110,76,79,25,71,34" hai3="121,73,51,53,90,72,0,23,104,109,67,124,130"/><U1/><E127/><V94/><F39/><W74/><G0/><T111/><D111/><U10/><E133/><V64/><F110/><W83/><G67/><T115/><D105/><U82/><E100/><V40/><F40/><W50/><G23/><T42/><D126/><U135/><E29/><V24/><F7/><W97/><G109/><T62/><D115/><U84/><E135/><V55/><F112/><W119/><G119/><T63/><D5/><U60/><E60/><V26/><F34/><W4/><G4/><T54/><D85/><U37/><E84/><V56/><F123/><W31/><G31/><T35/><D77/><U96/><E96/><V118/><F94/><W75/><G50/><T131/><D35/><U9/><REACH who="1" step="1"/><E128/><REACH who="1" ten="315,83,327,265" step="2"/><N who="0" m="49225" /><D120/><U95/><E95/><V22/><F118/><W108/><G130/><T27/><D62/><U11/><E11/><V32/><F32/><W91/><G121/><T80/><D63/><U21/><E21/><V117/><F22/><W99/><G124/><T81/><D81/><U106/><E106/><V113/><F117/><W2/><G108/><T122/><D80/><U116/><E116/><V59/><F113/><W48/><G104/><T13/><D122/><U17/><E17/><V107/><F107/><W134/><G134/><T89/><D38/><U98/><E98/><V33/><F33/><W20/><G74/><T19/><D19/><U16/><E16/><V61/><F66/><W65/><G75/><T86/><D86/><U132/><E132/><V92/><F64/><W18/><G72/><T114/><D114/><U28/><E28/><RYUUKYOKU ba="0,1" sc="315,-10,83,30,327,-10,265,-10" hai1="1,6,8,9,10,12,14,15,37,43,44,82,87" />
</Scene>
<Scene>
<INIT seed="5,1,1,5,4,106" ten="305,113,317,255" oya="1" hai0="35,88,4,104,1,133,92,34,2,113,89,75,37" hai1="45,99,125,128,116,40,129,26,111,131,12,46,78" hai2="65,25,27,91,13,76,69,122,126,109,123,134,81" hai3="85,132,117,130,15,21,41,95,11,28,72,55,54"/><U119/><E125/><V61/><F109/><W63/><G117/><T36/><D104/><U67/><E111/><V82/><F126/><W112/><G112/><T90/><D92/><U20/><E67/><V93/><F134/><W84/><G132/><T38/><D133/><U48/><E12/><V18/><F27/><W120/><G41/><T79/><D113/><U16/><E78/><V57/><F25/><W51/><G95/><T115/><D115/><U97/><REACH who="1" step="1"/><E45/><REACH who="1" ten="305,103,317,255" step="2"/><V19/><F13/><W43/><G15/><T98/><D79/><U107/><E107/><V87/><F123/><W101/><G120/><T100/><D2/><U56/><E56/><V71/><F122/><W73/><G130/><T14/><D1/><U77/><E77/><V118/><F118/><AGARI ba="1,2" hai="16,20,26,40,46,48,97,99,116,118,119,128,129,131" machi="118" ten="50,12000,1" yaku="1,1,19,1,54,1,53,1" doraHai="106" doraHaiUra="47" who="1" fromWho="2" sc="305,0,103,143,317,-123,255,0" />
</Scene>
<Scene>
<INIT seed="5,2,0,1,0,17" ten="305,246,194,255" oya="1" hai0="84,129,55,68,19,38,67,131,120,88,75,45,113" hai1="70,110,99,81,127,49,9,121,77,23,72,95,106" hai2="100,5,65,60,58,13,71,118,26,112,125,90,108" hai3="126,85,64,51,94,15,31,7,92,135,109,30,41"/><U39/><E39/><V114/><F118/><W54/><G109/><T96/><D75/><U40/><E70/><V59/><F108/><W78/><G135/><T83/><D113/><N who="2" m="43626" /><F100/><W132/><G132/><T11/><D120/><U107/><E121/><V0/><F0/><W122/><G126/><T61/><D96/><U1/><E127/><V47/><F125/><W52/><G64/><T48/><D38/><U14/><E1/><V27/><F47/><W103/><G122/><T102/><D102/><U133/><E133/><V105/><F105/><W6/><G41/><T82/><D82/><U76/><E76/><V37/><F37/><W111/><G111/><T97/><D97/><U62/><E62/><V128/><F128/><W69/><G69/><T57/><D68/><U16/><E110/><V80/><F59/><W29/><G103/><T46/><D45/><U119/><E119/><V18/><F5/><W101/><G101/><T2/><D2/><U89/><E40/><V24/><F71/><W44/><G54/><T66/><D67/><U117/><E117/><V33/><F33/><W73/><G73/><T63/><D61/><U20/><REACH who="1" step="1"/><E49/><REACH who="1" ten="305,236,194,255" step="2"/><V8/><F90/><N who="3" m="53327" /><G78/><T32/><D32/><U3/><E3/><V104/><F104/><AGARI ba="2,1" hai="9,14,16,20,23,72,77,81,89,95,99,104,106,107" machi="104" ten="40,12000,1" yaku="1,1,52,2,54,1,53,0" doraHai="17" doraHaiUra="42" who="1" fromWho="2" sc="305,0,236,136,194,-126,255,0" />
</Scene>
<Scene>
<INIT seed="5,3,0,0,0,23" ten="305,372,68,255" oya="1" hai0="1,5,93,126,106,111,50,57,86,92,31,118,64" hai1="45,75,32,116,72,83,101,40,15,96,108,11,51" hai2="26,104,98,85,90,127,43,8,123,55,25,97,17" hai3="42,124,48,114,13,10,73,20,36,19,44,130,9"/><U69/><E69/><V107/><F123/><W63/><G73/><T119/><D106/><U61/><E32/><V65/><F127/><W115/><G124/><T95/><D126/><U47/><E116/><V46/><F65/><W128/><G36/><T71/><D111/><U102/><E61/><V68/><F68/><W84/><G84/><T28/><D71/><U81/><E108/><V29/><F107/><W109/><G109/><T80/><D1/><U121/><E121/><V112/><F104/><W22/><G22/><T52/><D5/><U14/><E96/><N who="2" m="36971" /><F29/><W38/><G38/><T16/><D64/><U79/><E47/><V59/><F43/><W132/><G63/><T78/><D119/><U70/><E15/><N who="2" m="7399" /><F112/><N who="3" m="43051" /><G132/><T49/><D118/><U87/><E70/><V110/><F110/><W6/><G9/><T39/><D39/><U82/><E75/><V117/><F117/><W58/><G58/><T135/><D135/><U34/><E34/><V30/><F30/><W94/><G94/><T54/><REACH who="0" step="1"/><D16/><REACH who="0" ten="295,372,68,255" step="2"/><N who="1" m="8287" /><E72/><V120/><F120/><W122/><G122/><T103/><D103/><AGARI ba="3,1" hai="40,45,51,79,81,82,83,87,101,102,103" m="8287" machi="103" ten="30,2900,0" yaku="8,1,54,1" doraHai="23" who="1" fromWho="0" sc="295,-38,372,48,68,0,255,0" />
</Scene>
<Scene>
<INIT seed="5,4,0,2,2,93" ten="257,420,68,255" oya="1" hai0="65,46,125,23,129,108,114,97,122,7,33,133,112" hai1="8,68,128,92,48,41,57,19,21,39,80,90,25" hai2="75,79,83,95,35,24,121,76,70,31,29,58,20" hai3="69,124,59,117,56,89,109,54,28,40,135,67,91"/><U15/><E68/><V66/><F70/><W10/><G28/><T62/><D33/><U134/><E39/><V107/><F107/><W12/><G109/><T84/><D108/><U99/><E128/><V127/><F121/><W43/><G69/><T100/><D129/><U86/><E134/><V118/><F118/><W53/><G124/><T81/><D125/><U0/><E0/><V50/><F127/><W126/><G126/><T47/><D7/><U51/><E41/><V74/><F74/><W116/><G12/><T61/><D23/><U77/><E57/><V130/><F76/><W131/><G131/><T27/><D27/><U85/><E85/><V49/><F130/><W132/><REACH who="3" step="1"/><G10/><REACH who="3" ten="257,420,68,245" step="2"/><T14/><D14/><U113/><E113/><V42/><F31/><AGARI ba="4,1" hai="8,15,19,21,25,31,48,51,77,80,86,90,92,99" machi="31" ten="30,5800,0" yaku="7,1,8,1,52,1" doraHai="93" who="1" fromWho="2" sc="257,0,420,80,68,-70,245,0" owari="257,6.0,500,59.0,-2,-50.0,245,-15.0" />
</Scene>
</mjloggm>