<mjloggm ver="2.3"><GO type="169"/><UN n0="%E5%A4%AA%E3%81%8F%E3%81%AA%E3%81%84%E3%81%8A" n1="%E6%AF%94%E5%98%89%E7%A7%80%E4%BB%81" n2="%E5%8F%A4%E6%B8%85%E6%B0%B4%E5%87%9B" n3="%74%6F%73%68%69%35%32%33" dan="18,16,17,16" rate="2142,2101,2106,2079" sx="M,M,F,M"/><TAIKYOKU oya="0"/>

<Scene>
<INIT seed="0,0,0,5,0,69" ten="250,250,250,250" oya="0" hai0="26,123,48,115,12,70,6,101,21,63,57,76,81" hai1="37,79,28,44,135,1,8,103,14,50,85,75,100" hai2="17,97,18,45,43,27,80,59,46,116,126,110,88" hai3="66,55,67,60,31,96,108,86,23,78,33,51,32"/><T39/><D123/><U131/><E131/><V91/><F126/><W98/><G108/><T13/><D115/><U2/><E135/><V77/><F110/><W15/><G32/><T117/><D117/><U54/><E75/><V20/><F116/><W36/><G33/><T41/><D101/><U104/><E28/><V72/><F97/><W82/><G36/><T89/><D70/><U0/><E104/><V61/><F18/><W29/><G29/><T134/><D134/><U111/><E111/><V127/><F127/><W53/><G53/><T125/><D125/><U30/><E30/><V65/><REACH who="2" step="1"/><F46/><REACH who="2" ten="250,250,240,250" step="2"/><W102/><G98/><T9/><D6/><U90/><E44/><V133/><F133/><W10/><G96/><T58/><D9/><U25/><E8/><V11/><F11/><W128/><G10/><T68/><D13/><U105/><E14/><V124/><F124/><W35/><G15/><T94/><D12/><U132/><E132/><V49/><AGARI ba="0,1" hai="17,20,27,43,45,49,59,61,65,72,77,80,88,91" machi="49" ten="20,5200,0" yaku="1,1,0,1,7,1,54,1,53,0" doraHai="69" doraHaiUra="122" who="2" fromWho="2" sc="250,-26,250,-13,240,62,250,-13" />
</Scene>
<Scene>
<INIT seed="1,0,0,2,2,123" ten="224,237,302,237" oya="1" hai0="60,69,121,96,24,108,0,40,89,90,68,36,13" hai1="65,95,39,29,64,72,130,73,110,102,14,55,120" hai2="134,42,12,50,133,33,57,5,131,107,76,52,101" hai3="26,128,115,112,59,99,19,17,88,71,16,116,106"/><U1/><E120/><V49/><F33/><W105/><G71/><T86/><D121/><U126/><E1/><V31/><F31/><W20/><G128/><T82/><D0/><U100/><E130/><V10/><F131/><W2/><G2/><T23/><D13/><U85/><E39/><V124/><F76/><W48/><G116/><T37/><D40/><U103/><E29/><V34/><F34/><W81/><G106/><T6/><D6/><U7/><E126/><V84/><F124/><W67/><G105/><T18/><D69/><U47/><E73/><V70/><F70/><W25/><G25/><T66/><D108/><U3/><E72/><V21/><F84/><W75/><G75/><T27/><D27/><U30/><E30/><V94/><F107/><W93/><G81/><T118/><D118/><U11/><E3/><V74/><F21/><W125/><G125/><T58/><D68/><U38/><E110/><V22/><F22/><W135/><G135/><T32/><D32/><U43/><REACH who="1" step="1"/><E55/><REACH who="1" ten="224,227,302,237" step="2"/><V79/><F74/><W80/><G115/><T15/><D37/><U97/><E97/><V117/><F52/><W41/><G112/><T4/><D36/><U119/><E119/><V98/><F117/><W91/><G99/><T77/><D96/><U78/><E78/><V83/><F79/><W51/><G41/><T54/><D54/><U62/><E62/><V9/><F42/><W61/><G61/><T28/><D28/><U63/><E63/><V35/><F98/><W109/><G109/><T104/><D104/><U44/><E44/><V132/><F133/><RYUUKYOKU ba="0,1" sc="224,15,227,15,302,-15,237,-15" hai0="4,15,18,23,24,58,60,66,77,82,86,89,90" hai1="7,11,14,38,43,47,64,65,85,95,100,102,103" />
</Scene>
<Scene>
<INIT seed="1,1,1,4,3,113" ten="239,242,287,222" oya="1" hai0="132,90,13,32,124,130,49,78,4,79,21,127,46" hai1="37,129,81,118,75,67,39,63,101,0,98,34,10" hai2="27,61,16,128,70,76,86,99,38,111,54,62,19" hai3="57,96,48,131,103,45,84,11,94,1,59,88,133"/><U95/><E118/><V109/><F38/><W51/><G133/><T53/><D32/><U114/><E114/><V26/><F128/><W28/><G131/><T56/><D130/><U72/><E34/><V55/><F99/><W47/><G28/><T5/><D132/><U68/><E129/><V120/><F76/><N who="0" m="29226" /><D90/><U135/><E135/><V23/><F86/><W110/><G110/><N who="2" m="41993" /><F120/><W35/><G35/><T31/><D46/><U43/><E81/><V112/><F112/><W119/><G119/><T108/><D108/><U15/><E0/><V69/><F19/><W12/><G1/><T17/><D31/><U107/><E39/><V123/><F27/><W50/><G47/><T100/><D100/><U52/><E107/><V60/><F123/><W102/><G45/><T92/><D92/><U9/><E43/><V106/><F106/><W83/><REACH who="3" step="1"/><G103/><REACH who="3" ten="239,242,287,212" step="2"/><T97/><D124/><U77/><E37/><V41/><F41/><W105/><G105/><T33/><D33/><U93/><E101/><V7/><F7/><AGARI ba="1,2" hai="7,11,12,48,50,51,57,59,83,84,88,94,96,102" machi="7" ten="40,5200,0" yaku="1,1,8,1,54,1,53,0" doraHai="113" doraHaiUra="126" who="3" fromWho="2" sc="239,0,242,0,287,-55,212,75" />
</Scene>
<Scene>
<INIT seed="2,0,0,3,2,73" ten="239,242,232,287" oya="2" hai0="92,90,50,111,71,85,18,7,125,34,19,41,66" hai1="8,2,21,60,70,0,105,64,11,127,46,89,88" hai2="25,108,96,3,39,17,22,121,129,61,126,15,37" hai3="122,63,77,44,78,118,49,114,14,86,107,106,47"/><V27/><F3/><W104/><G118/><T59/><D34/><U43/><E105/><V38/><F121/><W110/><G122/><T74/><D74/><U57/><E70/><V84/><F126/><W23/><G63/><N who="0" m="38271" /><D71/><U87/><E127/><V26/><F129/><W112/><G86/><T94/><D125/><U117/><E117/><V55/><F108/><W65/><G65/><T24/><D111/><U28/><E89/><V131/><F131/><W95/><G95/><N who="0" m="54735" /><D7/><U6/><E2/><V109/><F109/><W130/><G130/><T12/><D24/><U97/><E97/><V67/><F84/><W80/><G80/><T10/><D19/><U133/><E133/><V81/><F81/><W58/><G58/><T132/><D132/><U128/><E128/><V124/><F96/><W101/><G101/><T56/><D56/><U35/><E35/><V13/><F124/><W119/><G119/><T123/><D123/><U99/><E99/><V30/><F15/><W31/><G110/><T134/><D134/><U33/><E33/><V72/><F72/><W54/><G47/><AGARI ba="0,0" hai="10,12,18,41,47,50,92,94" m="54735,38271" machi="47" ten="30,1000,0" yaku="8,1" doraHai="73" who="0" fromWho="3" sc="239,10,242,0,232,0,287,-10" />
</Scene>
<Scene>
<INIT seed="3,0,0,0,2,126" ten="249,242,232,277" oya="3" hai0="32,69,67,80,14,73,117,79,87,13,1,4,84" hai1="16,0,40,44,81,129,65,3,28,88,19,77,10" hai2="133,53,66,82,42,102,23,49,30,75,64,63,134" hai3="35,52,2,71,9,90,62,123,98,36,70,34,94"/><W33/><G36/><T29/><D117/><U60/><E28/><V115/><F115/><W109/><G123/><T18/><D69/><U7/><E3/><V97/><F42/><W120/><G120/><T121/><D67/><U135/><E135/><V45/><F75/><W91/><G91/><T15/><D121/><U31/><E31/><V118/><F82/><W41/><G41/><T37/><D37/><U131/><E88/><V124/><F118/><W78/><G78/><T20/><D14/><U5/><E5/><V59/><F66/><W125/><G125/><T72/><D15/><U17/><E60/><V39/><F124/><W76/><G76/><T21/><D21/><U111/><E65/><V96/><F39/><W57/><REACH who="3" step="1"/><G109/><REACH who="3" ten="249,242,232,267" step="2"/><T26/><D73/><N who="1" m="43183" /><E111/><V54/><F134/><W114/><G114/><T58/><D72/><U132/><E132/><V93/><F133/><W95/><G95/><T43/><D79/><U113/><E113/><V105/><F93/><W107/><G107/><T12/><D80/><U24/><E24/><V25/><F105/><W104/><G104/><T11/><D26/><U127/><E127/><V8/><F25/><W112/><G112/><T50/><D84/><U83/><E83/><V122/><F122/><W89/><G89/><T119/><D87/><U55/><E40/><V56/><F97/><W85/><G85/><T61/><D43/><U99/><E99/><V130/><F96/><W51/><G51/><T108/><D50/><U48/><E48/><V68/><F49/><W27/><G27/><N who="0" m="18495" /><D108/><U46/><E46/><V6/><F45/><RYUUKYOKU ba="0,1" sc="249,-15,242,15,232,-15,267,15" hai1="0,7,10,16,17,19,44,55,129,131" hai3="2,9,33,34,35,52,57,62,70,71,90,94,98" />
</Scene>
<Scene>
<INIT seed="3,1,1,3,5,70" ten="234,257,217,282" oya="3" hai0="71,74,21,40,11,63,32,119,7,126,80,109,9" hai1="104,30,36,127,53,57,38,107,121,101,37,14,28" hai2="88,43,124,78,23,45,117,128,102,92,118,50,18" hai3="129,69,59,83,61,27,131,99,65,84,5,123,64"/><W58/><G123/><T95/><D119/><U97/><E121/><V41/><F102/><W105/><G5/><T0/><D32/><U112/><E112/><V135/><F78/><W111/><G111/><T116/><D116/><U90/><E107/><V46/><F124/><W26/><G69/><T10/><D126/><U125/><E125/><V133/><F128/><N who="3" m="49227" /><G65/><T1/><D109/><U29/><E127/><V56/><F56/><W25/><G59/><T93/><D21/><U110/><E110/><V8/><F8/><W48/><G48/><T86/><D74/><U122/><E122/><V34/><F34/><W66/><G66/><T114/><D114/><U96/><E14/><V108/><F108/><W22/><G99/><T130/><D130/><U85/><E97/><V77/><F118/><W16/><G105/><T19/><D7/><U39/><N who="1" m="9216" /><DORA hai="54" /><U47/><E47/><V79/><F46/><W68/><G68/><T87/><D71/><U132/><E132/><N who="2" m="50763" /><F43/><W113/><G113/><T15/><D40/><U42/><E42/><V13/><F117/><W44/><G44/><T12/><D1/><U106/><E106/><V55/><F41/><W73/><G73/><T134/><D0/><U6/><E6/><V98/><AGARI ba="1,1" hai="13,18,23,45,50,55,77,79,88,92,98" m="50763" machi="98" ten="30,2000,0" yaku="20,1,54,1" doraHai="70,54" who="2" fromWho="2" sc="234,-6,257,-6,217,33,282,-11" />
</Scene>
<Scene>
<INIT seed="4,0,0,5,0,12" ten="228,251,250,271" oya="0" hai0="73,8,98,17,30,76,47,64,49,2,107,82,67" hai1="81,44,92,19,109,102,13,91,99,74,75,94,40" hai2="51,45,36,29,20,31,103,23,28,120,135,100,79" hai3="108,113,87,89,18,72,114,88,61,130,37,112,97"/><T46/><D30/><U77/><E109/><V69/><F36/><W48/><G37/><T33/><D33/><U60/><E60/><V90/><F69/><W134/><G72/><T1/><D67/><U71/><E71/><V35/><F35/><W32/><G32/><T24/><D64/><U68/><E68/><V55/><F120/><W57/><G108/><T62/><D62/><U0/><E0/><V53/><F79/><W115/><G115/><T63/><D63/><U78/><E77/><V80/><F135/><W3/><G134/><T124/><D124/><U42/><E75/><V133/><F133/><W26/><G3/><T127/><D127/><U83/><E83/><V101/><REACH who="2" step="1"/><F55/><REACH who="2" ten="228,251,240,271" step="2"/><W34/><G34/><T86/><D76/><U50/><E42/><V117/><F117/><W116/><G116/><T6/><D73/><U125/><E125/><V110/><F110/><W58/><G114/><T7/><D2/><U22/><REACH who="1" step="1"/><E91/><REACH who="1" ten="228,241,240,271" step="2"/><V21/><F21/><W131/><G88/><T111/><D111/><U59/><E59/><V104/><F104/><AGARI ba="0,2" hai="13,19,22,40,44,50,74,78,81,92,94,99,102,104" machi="104" ten="30,3900,0" yaku="1,1,7,1,52,1,53,0" doraHai="12" doraHaiUra="52" who="1" fromWho="2" sc="228,0,241,59,240,-39,271,0" />
</Scene>
<Scene>
<INIT seed="5,0,0,5,0,4" ten="228,300,201,271" oya="1" hai0="36,133,119,50,18,87,74,1,134,92,51,105,104" hai1="124,41,13,70,2,121,53,11,88,47,54,86,3" hai2="110,102,15,85,122,32,37,31,107,91,16,89,111" hai3="83,60,129,90,116,12,130,56,5,109,99,82,33"/><U61/><E121/><V23/><F37/><W80/><G109/><T63/><D119/><U73/><E73/><V132/><F122/><W72/><G33/><T29/><D36/><U68/><E124/><V75/><F75/><W48/><G48/><N who="0" m="18475" /><D74/><U19/><E3/><V94/><F132/><N who="0" m="50794" /><D1/><U69/><E2/><V28/><F32/><W76/><G116/><T62/><D29/><U7/><E7/><V95/><F102/><W127/><G127/><T79/><D18/><U117/><E117/><V125/><F107/><N who="0" m="41034" /><D92/><U114/><E41/><V120/><F125/><W14/><G83/><AGARI ba="0,0" hai="62,63,79,83,87" m="41034,50794,18475" machi="83" ten="40,1300,0" yaku="20,1" doraHai="4" who="0" fromWho="3" sc="228,13,300,0,201,0,271,-13" />
</Scene>
<Scene>
<INIT seed="6,0,0,3,4,9" ten="241,300,201,258" oya="2" hai0="86,79,114,103,113,70,7,108,41,87,111,68,48" hai1="121,16,19,120,81,38,73,20,35,118,28,47,58" hai2="43,96,91,131,126,49,89,85,10,5,112,53,67" hai3="46,14,109,64,4,95,57,65,135,31,105,54,117"/><V23/><F112/><N who="0" m="43114" /><D103/><U60/><E118/><V83/><F126/><W55/><G105/><T52/><D41/><N who="1" m="22967" /><E35/><V122/><F122/><N who="1" m="47209" /><E28/><V74/><F74/><W27/><G135/><T0/><D0/><U133/><E133/><V134/><F134/><W3/><G3/><T127/><D7/><U101/><E101/><V115/><F115/><W116/><G109/><N who="0" m="42059" /><D127/><U50/><E50/><V69/><F131/><W8/><G117/><T33/><D33/><U123/><E123/><V124/><F124/><W13/><G8/><T56/><D79/><N who="1" m="44271" /><E20/><V18/><F43/><W21/><G4/><T72/><D72/><U59/><E59/><N who="2" m="33199" /><F67/><AGARI ba="0,0" hai="16,19,58,60,67" m="44271,47209,22967" machi="67" ten="30,2000,0" yaku="13,1,54,1" doraHai="9" who="1" fromWho="2" sc="241,0,300,20,201,-20,258,0" />
</Scene>
<Scene>
<INIT seed="7,0,0,0,0,116" ten="241,320,181,258" oya="3" hai0="27,3,126,2,29,40,107,1,65,10,66,44,36" hai1="122,18,86,55,9,7,88,117,100,48,72,82,98" hai2="51,11,131,108,109,119,6,58,78,64,59,46,25" hai3="60,56,47,37,94,31,20,93,106,62,21,99,16"/><W42/><G31/><T13/><D107/><U113/><E122/><V41/><F119/><W4/><G4/><T26/><D126/><U115/><E117/><V129/><F25/><W0/><G0/><T53/><D53/><U70/><E70/><V77/><F77/><W23/><G106/><T52/><D52/><U73/><E18/><V67/><F78/><W104/><G104/><T69/><D69/><U135/><E98/><V91/><F91/><W112/><G112/><N who="1" m="43082" /><E100/><V87/><F87/><W57/><G99/><T123/><D123/><U125/><E125/><V8/><F6/><W101/><G101/><T75/><D75/><U63/><E63/><V61/><F8/><W19/><G62/><T111/><D111/><N who="2" m="42570" /><F11/><W76/><G76/><T17/><REACH who="0" step="1"/><D26/><REACH who="0" ten="231,320,181,258" step="2"/><U68/><E68/><N who="2" m="41999" /><F67/><W81/><G19/><T85/><D85/><U95/><E73/><V12/><F12/><W114/><G16/><T50/><D50/><U15/><E72/><V92/><F92/><W71/><G93/><T79/><D79/><U54/><E95/><V105/><F105/><W96/><G94/><T35/><AGARI ba="0,1" hai="1,2,3,10,13,17,27,29,35,36,40,44,65,66" machi="35" ten="30,2000,0" yaku="1,1,0,1,53,0" doraHai="116" doraHaiUra="121" who="0" fromWho="0" sc="231,30,320,-5,181,-5,258,-10" owari="261,6.0,315,41.0,176,-32.0,248,-15.0" />
</Scene>
</mjloggm>