<mjloggm ver="2.3"><GO type="169" lobby="0"/><UN n0="%E5%A4%AA%E3%81%8F%E3%81%AA%E3%81%84%E3%81%8A" n1="%41%6B%61%2D%75%72%61" n2="%E3%82%82%E3%81%97%E3%83%A9%E3%82%B9%E3%81%A7" n3="%E9%9D%9E%E5%8A%B9%E7%8E%87%E6%89%93%E6%B3%95" dan="18,16,16,17" rate="2218.51,2079.83,2092.43,2201.29" sx="F,M,M,M"/><TAIKYOKU oya="0"/>

<Scene>
<INIT seed="0,0,0,5,0,131" ten="250,250,250,250" oya="0" hai0="130,63,42,94,129,16,53,128,71,7,89,127,100" hai1="96,113,92,115,11,39,134,78,81,36,13,79,105" hai2="99,57,2,85,35,120,69,75,102,48,77,98,61" hai3="80,37,112,116,56,119,10,0,20,114,117,55,4"/><T65/><D127/><U15/><E105/><V125/><F2/><W54/><G37/><N who="1" m="14410" /><E134/><V83/><F35/><W104/><G104/><T12/><D42/><U17/><E13/><V107/><F125/><W66/><G66/><T87/><D100/><U86/><E79/><V28/><F28/><W27/><G80/><T122/><D122/><U64/><E64/><V40/><F120/><W31/><REACH who="3" step="1"/><G55/><REACH who="3" ten="250,250,250,240" step="2"/><T124/><D124/><U123/><E123/><V41/><F107/><W22/><G22/><N who="0" m="11527" /><D7/><U23/><E113/><V76/><F83/><W93/><G93/><N who="0" m="54463" /><D53/><U82/><E82/><V84/><F41/><W101/><G101/><T95/><AGARI ba="0,1" hai="63,65,71,94,95,128,129,130" m="54463,11527" machi="95" ten="40,3900,0" yaku="19,1,54,1" doraHai="131" who="0" fromWho="0" sc="250,49,250,-13,250,-13,240,-13" />
</Scene>
<Scene>
<INIT seed="0,1,0,3,1,31" ten="299,237,237,227" oya="0" hai0="60,112,102,108,134,66,82,114,25,125,29,0,13" hai1="123,41,89,36,77,53,18,83,132,128,117,104,4" hai2="20,28,113,101,105,33,35,70,10,130,78,34,43" hai3="127,65,45,39,19,131,23,58,122,79,120,93,90"/><T56/><D0/><U100/><E117/><V81/><F70/><W14/><G79/><T55/><D125/><U96/><E123/><N who="3" m="47146" /><G127/><T54/><D134/><U12/><E128/><V51/><F113/><W116/><G131/><T95/><D82/><U86/><E4/><V75/><F130/><W52/><G116/><T11/><D108/><U9/><E132/><V106/><F101/><W99/><G65/><T63/><D102/><U129/><E129/><V59/><F10/><W110/><G110/><T121/><D95/><U97/><E97/><V135/><F135/><W15/><G45/><T85/><D85/><U133/><E133/><V44/><REACH who="2" step="1"/><F59/><REACH who="2" ten="299,237,227,227" step="2"/><W3/><G3/><T94/><D121/><U91/><E100/><V118/><F118/><W62/><G39/><T103/><D103/><U73/><E36/><V76/><F76/><W71/><G71/><T40/><D114/><U50/><E104/><V111/><F111/><W5/><G5/><T92/><D112/><U47/><E77/><V87/><F87/><W84/><G84/><T57/><D66/><U30/><E73/><V38/><F38/><W27/><AGARI ba="1,1" hai="14,15,19,23,27,52,58,62,90,93,99" m="47146" machi="27" ten="30,4000,0" yaku="25,1,13,1,54,1" doraHai="31" who="3" fromWho="3" sc="299,-21,237,-11,227,-11,227,53" />
</Scene>
<Scene>
<INIT seed="1,0,0,4,1,126" ten="278,226,216,280" oya="1" hai0="14,110,77,131,108,49,125,73,61,100,2,51,25" hai1="75,27,50,1,30,81,35,44,80,56,130,98,119" hai2="129,132,31,86,107,16,4,71,12,106,113,104,13" hai3="32,127,121,17,15,33,42,72,47,63,46,92,38"/><U26/><E119/><V123/><F123/><W91/><G121/><T114/><D2/><U122/><E122/><V21/><F71/><W95/><G127/><T83/><D125/><U85/><E1/><V68/><F68/><W28/><G72/><T117/><D117/><U24/><E56/><V70/><F70/><W7/><G7/><T134/><D114/><U19/><E98/><V55/><F113/><W53/><G28/><T41/><D100/><U20/><E75/><V97/><F31/><W60/><G92/><T120/><D120/><U93/><E26/><V40/><F132/><W116/><G60/><T11/><D61/><U89/><REACH who="1" step="1"/><E130/><REACH who="1" ten="278,216,216,280" step="2"/><V124/><F129/><W29/><G116/><T54/><D131/><U58/><E58/><V99/><F124/><W128/><G128/><T105/><D25/><U118/><E118/><V37/><F99/><W133/><G133/><T90/><D134/><U62/><E62/><V103/><F86/><N who="3" m="52727" /><G63/><T45/><D73/><U115/><E115/><V79/><F97/><W34/><G47/><T39/><D45/><U48/><E48/><V23/><F37/><W66/><G66/><T78/><D51/><U5/><E5/><V96/><F4/><W69/><G69/><T36/><D49/><U22/><E22/><V84/><F96/><W3/><G3/><T59/><D39/><U88/><E88/><V18/><F23/><N who="3" m="11711" /><G53/><AGARI ba="0,1" hai="19,20,24,27,30,35,44,50,53,80,81,85,89,93" machi="53" ten="30,2900,0" yaku="1,1,7,1,53,0" doraHai="126" doraHaiUra="64" who="1" fromWho="3" sc="278,0,216,39,216,0,280,-29" />
</Scene>
<Scene>
<INIT seed="1,1,0,3,0,60" ten="278,255,216,251" oya="1" hai0="107,25,39,38,102,43,78,126,40,15,87,1,18" hai1="81,47,83,73,114,95,30,97,125,14,92,35,66" hai2="44,128,46,2,0,127,61,8,19,26,48,106,89" hai3="49,70,28,68,117,13,112,98,67,101,110,75,132"/><U11/><E114/><V29/><F128/><W133/><G112/><T20/><D1/><U79/><E125/><V103/><F127/><W3/><G3/><T55/><D126/><U16/><E81/><V93/><F46/><W115/><G115/><T111/><D111/><U130/><E130/><V84/><F103/><W5/><G75/><T116/><D116/><U58/><E47/><V105/><F2/><W62/><G117/><T135/><D135/><N who="3" m="51785" /><G110/><T7/><D107/><U72/><E72/><V99/><F99/><W54/><G28/><T52/><D102/><U51/><E97/><V41/><F61/><W90/><G90/><T63/><D39/><U74/><E74/><V33/><REACH who="2" step="1"/><F19/><REACH who="2" ten="278,255,206,251" step="2"/><W71/><G5/><AGARI ba="1,1" hai="0,5,8,26,29,33,41,44,48,84,89,93,105,106" machi="5" ten="40,5200,0" yaku="1,1,2,1,53,1" doraHai="60" doraHaiUra="34" who="2" fromWho="3" sc="278,0,255,0,206,65,251,-55" />
</Scene>
<Scene>
<INIT seed="2,0,0,1,5,85" ten="278,255,271,196" oya="2" hai0="57,40,44,128,71,43,105,39,6,122,51,118,7" hai1="46,45,119,29,81,27,131,104,54,35,52,26,99" hai2="124,49,76,48,133,121,61,9,97,66,110,87,74" hai3="36,126,107,94,33,106,112,111,0,109,98,2,4"/><V1/><F74/><W21/><G33/><T22/><D105/><U62/><E119/><V25/><F121/><W63/><G36/><T135/><D122/><U79/><E131/><V37/><F37/><W91/><G126/><T73/><D73/><U42/><E27/><V130/><F124/><W92/><G112/><T83/><D71/><U134/><E134/><V89/><F133/><W68/><G68/><T77/><D135/><U41/><E62/><V5/><F130/><W117/><G117/><T8/><D128/><U20/><E35/><V100/><F76/><W16/><G63/><T23/><D118/><U28/><E28/><V67/><F25/><N who="3" m="14503" /><G4/><T129/><D6/><U10/><E10/><V15/><F1/><N who="3" m="619" /><G94/><T47/><D129/><U103/><E45/><V12/><F12/><W3/><N who="3" m="627" /><W30/><DORA hai="75" /><G30/><T32/><D32/><U14/><E14/><V38/><F38/><W59/><G59/><T69/><D69/><U31/><E31/><V58/><F67/><W34/><G34/><T70/><D70/><U115/><E115/><V90/><F49/><W120/><G120/><T50/><D39/><U55/><REACH who="1" step="1"/><E46/><REACH who="1" ten="278,245,271,196" step="2"/><V127/><F127/><W88/><G109/><T13/><D57/><U93/><E93/><N who="2" m="58415" /><F110/><W19/><G111/><T86/><AGARI ba="0,1" hai="7,8,13,22,23,40,43,44,47,50,51,77,83,86" machi="86" ten="20,12000,2" yaku="0,1,7,1,9,1,25,2,8,1,52,1" doraHai="85,75" who="0" fromWho="0" sc="278,130,245,-30,271,-60,196,-30" />
</Scene>
<Scene>
<INIT seed="3,0,0,1,2,40" ten="408,215,211,166" oya="3" hai0="20,110,67,76,112,84,5,10,72,7,111,54,4" hai1="52,19,98,131,56,88,46,9,91,126,6,100,21" hai2="125,25,58,114,13,107,129,122,45,35,87,85,44" hai3="26,12,23,82,50,0,42,63,2,15,61,70,128"/><W115/><G115/><T96/><D112/><U24/><E126/><V134/><F114/><W49/><G128/><T108/><D67/><U123/><E131/><V79/><F129/><W80/><G23/><T37/><D37/><U117/><E123/><V41/><F107/><W109/><G42/><T132/><D132/><U133/><E133/><V121/><F134/><W38/><G38/><T27/><D72/><U77/><E77/><V47/><F125/><W34/><G70/><T29/><D96/><U17/><E17/><V8/><F41/><W62/><G26/><T75/><D75/><U130/><E130/><V51/><F58/><W59/><G59/><T11/><D54/><U65/><E65/><V30/><F51/><N who="3" m="19467" /><G34/><T48/><D48/><U95/><E117/><V28/><F28/><W71/><G71/><T105/><D105/><U18/><E18/><N who="2" m="8487" /><F79/><W22/><G22/><T33/><D33/><U101/><E91/><V94/><F94/><W103/><G103/><T36/><D36/><U83/><E83/><AGARI ba="0,0" hai="4,5,7,10,11,20,27,29,76,83,84,108,110,111" machi="83" ten="50,1600,0" yaku="14,1" doraHai="40" who="0" fromWho="1" sc="408,16,215,-16,211,0,166,0" />
</Scene>
<Scene>
<INIT seed="4,0,0,3,3,132" ten="424,199,211,166" oya="0" hai0="60,24,118,107,70,53,129,111,5,64,45,102,119" hai1="8,65,43,109,20,100,29,121,98,28,63,88,48" hai2="105,15,85,99,91,39,41,56,87,93,120,115,3" hai3="84,44,4,18,73,9,23,66,46,16,42,67,96"/><T90/><D5/><U135/><E121/><V106/><F3/><W55/><G73/><T68/><D90/><U104/><E135/><V31/><F56/><W36/><G96/><T103/><D103/><U50/><E109/><V12/><F31/><W83/><G55/><T11/><D11/><U57/><E8/><V133/><F41/><W72/><G46/><T47/><D24/><U131/><E131/><V58/><F58/><W71/><G71/><N who="0" m="42375" /><D102/><U26/><E43/><V76/><F39/><W77/><G84/><T49/><D107/><U86/><REACH who="1" step="1"/><E28/><REACH who="1" ten="424,189,211,166" step="2"/><V79/><F133/><W35/><G18/><T17/><D17/><U81/><AGARI ba="0,1" hai="20,26,29,48,50,57,63,65,81,86,88,98,100,104" machi="81" ten="20,8000,1" yaku="1,1,2,1,0,1,7,1,54,1,53,0" doraHai="132" doraHaiUra="134" who="1" fromWho="1" sc="424,-40,189,90,211,-20,166,-20" />
</Scene>
<Scene>
<INIT seed="5,0,0,0,4,66" ten="384,279,191,146" oya="1" hai0="57,134,39,127,75,106,67,5,114,100,18,133,35" hai1="118,105,76,15,68,8,30,72,4,44,104,121,123" hai2="33,23,58,27,2,24,45,38,93,84,63,102,116" hai3="29,101,96,117,125,51,129,48,59,32,81,131,13"/><U20/><E118/><V61/><F2/><W37/><G37/><T108/><D108/><U19/><E30/><V115/><F116/><W40/><G117/><T6/><D75/><U71/><E44/><V77/><F115/><W36/><G125/><T73/><D73/><U112/><E112/><V85/><F33/><W26/><G81/><T49/><D39/><U41/><E41/><V34/><F34/><W132/><G132/><T126/><D35/><U43/><E43/><V97/><F38/><W110/><G110/><T107/><D18/><U86/><E72/><V130/><F45/><N who="3" m="23687" /><G13/><T10/><D114/><U78/><E104/><N who="0" m="39977" /><D100/><U9/><E105/><V74/><F130/><N who="3" m="49675" /><G59/><T94/><D57/><U55/><E9/><V135/><F135/><W89/><G101/><T62/><D134/><U98/><E98/><V65/><F27/><W64/><G64/><T46/><D67/><U21/><E55/><V119/><F63/><W103/><G103/><T25/><D62/><U88/><E123/><V95/><F119/><W1/><G1/><T52/><D133/><U122/><E122/><V87/><F74/><W99/><G99/><T60/><D60/><U111/><E121/><V90/><REACH who="2" step="1"/><F77/><REACH who="2" ten="384,279,181,146" step="2"/><W22/><G32/><T128/><D128/><U120/><E120/><V47/><F47/><W42/><G42/><T56/><D46/><U69/><E111/><V3/><F3/><W53/><G53/><T16/><D52/><U50/><E78/><V91/><F91/><W54/><G54/><T14/><D126/><U70/><E76/><V0/><F0/><W109/><G109/><RYUUKYOKU ba="0,1" sc="384,-15,279,-15,181,15,146,15" hai2="23,24,58,61,65,84,85,87,90,93,95,97,102" hai3="22,26,29,48,51,89,96" />
</Scene>
<Scene>
<INIT seed="6,1,1,4,1,32" ten="369,264,196,161" oya="2" hai0="117,121,54,47,3,112,93,24,53,118,2,4,104" hai1="133,34,85,75,123,134,81,119,110,73,60,23,42" hai2="40,57,97,41,130,65,19,13,1,9,107,122,17" hai3="84,83,68,15,16,126,91,21,129,88,22,37,78"/><V108/><F122/><W33/><G33/><T131/><D104/><U103/><E34/><V100/><F130/><W62/><G129/><T11/><D131/><U113/><E110/><V98/><F108/><W124/><G37/><T18/><D121/><U44/><E119/><N who="0" m="45577" /><D112/><U90/><E113/><V71/><F71/><W39/><G39/><T102/><D2/><U56/><E103/><V64/><F1/><W76/><G91/><T114/><D114/><U96/><E96/><V99/><F107/><W43/><G43/><N who="2" m="16457" /><F100/><W58/><G68/><T5/><D5/><U46/><E23/><V79/><F79/><W105/><G105/><T30/><D18/><N who="2" m="6666" /><F57/><W135/><G135/><N who="1" m="51722" /><E123/><V82/><F82/><W61/><G22/><T115/><D115/><U69/><E69/><V51/><F51/><W59/><G124/><T67/><D102/><U8/><E8/><V92/><F92/><W36/><G36/><T80/><D93/><U48/><E44/><V25/><F25/><W125/><G125/><T70/><D47/><U10/><E10/><V38/><F38/><W66/><G126/><T45/><D45/><U52/><AGARI ba="1,1" hai="42,46,48,52,56,60,73,75,81,85,90" m="51722" machi="52" ten="30,2000,0" yaku="20,1,54,1" doraHai="32" who="1" fromWho="1" sc="369,-6,264,33,196,-11,161,-6" />
</Scene>
<Scene>
<INIT seed="7,0,0,3,5,68" ten="363,297,185,155" oya="3" hai0="32,63,72,104,50,28,109,21,13,3,41,58,9" hai1="44,6,69,66,52,15,85,120,135,111,48,116,64" hai2="33,73,2,105,43,95,130,84,87,119,102,19,92" hai3="70,89,83,53,78,81,75,8,45,34,114,96,101"/><W55/><G70/><T10/><D72/><U1/><E111/><V46/><F73/><W5/><G34/><T93/><D104/><U65/><E1/><V7/><F33/><W91/><G114/><T97/><D32/><U106/><E120/><V132/><F105/><W37/><G83/><T107/><D107/><U86/><E106/><V0/><F119/><W98/><G101/><N who="0" m="60591" /><D3/><U131/><E69/><V124/><F124/><W17/><G17/><N who="0" m="10415" /><D109/><U59/><E131/><V22/><F130/><W71/><G71/><T88/><D28/><U76/><E135/><V74/><F74/><W112/><G112/><T54/><D88/><N who="3" m="33865" /><G98/><T11/><D41/><N who="1" m="24591" /><E116/><V29/><F132/><W126/><G96/><T35/><D35/><U27/><E76/><V129/><F102/><W80/><G126/><T125/><D125/><U16/><E6/><V36/><F129/><W110/><G110/><T39/><D39/><U25/><E86/><V133/><F133/><W26/><G81/><T121/><D121/><U47/><E85/><V117/><F117/><W51/><G26/><T113/><D113/><U122/><E122/><V123/><F123/><W62/><G37/><T100/><D100/><U30/><E30/><V115/><F115/><W49/><G62/><AGARI ba="0,0" hai="9,10,11,50,54,58,62,63" m="10415,60591" machi="62" ten="30,1000,0" yaku="8,1" doraHai="68" who="0" fromWho="3" sc="363,10,297,0,185,0,155,-10" owari="373,46.0,297,10.0,185,-21.0,145,-35.0" />
</Scene>
</mjloggm>