<mjloggm ver="2.3"><GO type="97"/><UN n0="%E2%85%B9%68%6F%75" n1="%E5%A4%AA%E3%81%8F%E3%81%AA%E3%81%84%E3%81%8A" n2="%E5%B0%91%E5%B9%B4%EF%BC%A2" n3="%E6%9C%89%E7%82%BA" dan="15,15,14,14" rate="2004,2043,1888,1850" sx="M,M,M,M"/><TAIKYOKU oya="0"/>

<Scene>
<INIT seed="0,0,0,3,2,61" ten="250,250,250,250" oya="0" hai0="91,83,64,120,85,65,41,81,7,9,18,114,86" hai1="29,123,130,125,28,71,127,132,90,52,4,23,133" hai2="14,103,1,49,20,84,104,95,57,116,3,89,55" hai3="102,77,87,8,50,72,11,101,19,39,36,68,60"/><T10/><D120/><U108/><E71/><V32/><F32/><W129/><G72/><T118/><D118/><U88/><E123/><V34/><F34/><W115/><G115/><T73/><D114/><U46/><E4/><V53/><F116/><W75/><G75/><T13/><D73/><U16/><E108/><V21/><F104/><W110/><G110/><T17/><D41/><U111/><E111/><V131/><F131/><W42/><G129/><T100/><D100/><U66/><E66/><N who="0" m="25705" /><D10/><U79/><E79/><AGARI ba="0,0" hai="7,9,13,17,18,79,81,83,85,86,91" m="25705" machi="79" ten="30,11600,0" yaku="8,1,52,3" doraHai="61" who="0" fromWho="1" sc="250,116,250,-116,250,0,250,0" />
</Scene>
<Scene>
<INIT seed="0,1,0,3,2,130" ten="366,134,250,250" oya="0" hai0="78,106,27,58,83,62,43,97,67,119,48,56,128" hai1="42,11,25,84,94,65,134,15,16,133,2,123,104" hai2="45,82,103,132,105,109,61,26,73,40,114,120,96" hai3="85,54,49,1,53,28,112,77,107,76,90,44,116"/><T79/><D119/><U72/><E72/><V9/><F114/><W22/><G112/><T70/><D128/><U18/><E104/><V121/><F109/><W7/><G116/><T88/><D27/><U24/><E123/><V108/><F108/><W35/><G107/><T21/><D21/><U115/><E115/><V3/><F26/><N who="1" m="10345" /><E2/><V129/><F129/><W47/><G35/><T57/><D106/><U122/><E122/><V29/><F29/><W125/><G28/><T135/><D135/><N who="1" m="51723" /><E65/><V68/><F132/><W124/><G22/><T93/><REACH who="0" step="1"/><D83/><REACH who="0" ten="356,134,250,250" step="2"/><U101/><E42/><V69/><F9/><W81/><G124/><T14/><D14/><U110/><E110/><V63/><F120/><W41/><G125/><T20/><D20/><U0/><E0/><V60/><F121/><W86/><G41/><T50/><D50/><U92/><E92/><V10/><F82/><N who="3" m="49463" /><G1/><T5/><D5/><N who="1" m="3567" /><E101/><V117/><F117/><W30/><G7/><T87/><D87/><U66/><E66/><V100/><F73/><W33/><G86/><T64/><D64/><U91/><AGARI ba="1,1" hai="16,18,84,91,94" m="3567,51723,10345" machi="91" ten="30,8000,1" yaku="20,1,52,3,54,1" doraHai="130" who="1" fromWho="1" sc="356,-41,134,93,250,-21,250,-21" />
</Scene>
<Scene>
<INIT seed="1,0,0,1,5,75" ten="315,227,229,229" oya="1" hai0="81,20,69,53,93,86,3,39,51,125,24,42,36" hai1="87,119,79,70,37,121,111,104,71,95,8,50,100" hai2="62,88,109,48,18,0,31,41,29,127,105,131,91" hai3="124,49,116,12,74,21,84,123,128,10,52,40,97"/><U98/><E121/><V78/><F0/><W130/><G123/><T25/><D69/><U45/><E119/><V46/><F109/><W22/><G116/><T27/><D3/><U96/><E37/><V28/><F105/><W110/><G74/><T133/><D133/><U115/><E115/><V56/><F127/><W73/><G124/><T17/><D125/><U5/><E111/><V61/><F131/><N who="3" m="50219" /><G110/><T30/><D93/><U129/><E129/><V58/><F18/><N who="3" m="8471" /><G40/><T19/><D42/><U14/><E96/><V90/><F78/><W80/><G73/><T57/><D39/><U83/><REACH who="1" step="1"/><E104/><REACH who="1" ten="315,217,229,229" step="2"/><V38/><REACH who="2" step="1"/><F38/><REACH who="2" ten="315,217,219,229" step="2"/><W32/><G97/><T108/><D36/><U44/><E44/><V82/><F82/><W64/><G80/><T54/><D108/><U65/><E65/><V7/><F7/><W76/><G64/><T60/><D81/><U6/><E6/><V55/><F55/><AGARI ba="0,2" hai="5,8,14,45,50,55,70,71,79,83,87,95,98,100" machi="55" ten="30,5800,0" yaku="1,1,7,1,52,1,53,0" doraHai="75" doraHaiUra="23" who="1" fromWho="2" sc="315,0,217,78,219,-58,229,0" />
</Scene>
<Scene>
<INIT seed="1,1,0,1,0,7" ten="315,295,161,229" oya="1" hai0="52,91,10,44,36,13,87,20,82,94,21,30,104" hai1="38,74,78,118,95,66,12,117,129,3,64,18,37" hai2="9,90,31,88,76,50,115,105,109,127,93,113,14" hai3="100,2,107,65,92,89,132,130,45,96,1,46,114"/><U135/><E3/><V106/><F109/><W23/><G114/><N who="2" m="43529" /><F127/><W98/><G130/><T99/><D104/><N who="2" m="40042" /><F76/><W83/><G132/><T133/><D133/><U122/><E135/><V39/><F39/><W121/><G121/><T101/><D30/><U102/><E122/><V79/><F79/><W111/><G111/><T5/><D36/><U28/><E78/><V0/><F0/><W27/><G65/><T41/><D41/><U77/><E77/><V48/><F31/><W131/><G131/><T35/><D35/><U6/><E28/><V86/><F90/><W29/><REACH who="3" step="1"/><G83/><REACH who="3" ten="315,295,161,219" step="2"/><T51/><AGARI ba="1,1" hai="5,10,13,20,21,44,51,52,82,87,91,94,99,101" machi="51" ten="30,7900,0" yaku="0,1,8,1,52,1,54,1" doraHai="7" who="0" fromWho="0" sc="315,92,295,-40,161,-21,219,-21" />
</Scene>
<Scene>
<INIT seed="2,0,0,5,5,15" ten="407,255,140,198" oya="2" hai0="44,6,93,55,54,121,100,116,74,90,80,78,76" hai1="86,31,84,105,12,47,33,50,104,21,119,16,28" hai2="125,38,18,39,45,63,91,134,92,88,117,107,67" hai3="81,69,64,62,118,73,71,2,24,60,56,9,20"/><V101/><F117/><W77/><G118/><T37/><D121/><U112/><E119/><V102/><F107/><W97/><G97/><T36/><D116/><U53/><E112/><V51/><F125/><W75/><G73/><T135/><D135/><U29/><E33/><V120/><F120/><W14/><G2/><T11/><D78/><U82/><REACH who="1" step="1"/><E86/><REACH who="1" ten="407,245,140,198" step="2"/><V48/><F134/><W35/><G35/><T40/><D100/><N who="2" m="38506" /><F38/><W17/><G62/><T49/><D37/><U94/><E94/><V131/><F39/><W109/><G109/><T25/><D36/><U103/><E103/><V66/><F131/><W42/><G42/><T4/><D40/><U10/><E10/><V115/><F115/><W122/><G122/><T8/><D11/><U34/><E34/><V133/><F133/><W108/><G108/><T128/><D8/><U132/><E132/><V23/><F92/><W58/><G71/><T59/><D128/><U96/><E96/><V124/><F124/><W70/><G69/><T5/><D93/><U52/><E52/><N who="2" m="29711" /><F51/><W32/><G32/><T1/><D49/><U114/><E114/><V95/><F95/><W30/><AGARI ba="0,1" hai="9,14,17,20,24,30,56,58,60,64,70,75,77,81" machi="30" ten="20,2700,0" yaku="0,1,7,1,52,1" doraHai="15" who="3" fromWho="3" sc="407,-7,245,-7,140,-13,198,37" />
</Scene>
<Scene>
<INIT seed="3,0,0,0,1,21" ten="400,238,127,235" oya="3" hai0="12,70,97,90,62,112,80,103,113,30,35,60,50" hai1="93,115,29,23,75,119,77,5,108,38,32,6,78" hai2="11,55,56,104,121,99,79,127,25,69,132,54,94" hai3="14,57,91,19,68,135,85,22,0,81,64,96,120"/><W13/><G120/><T76/><D90/><U66/><E115/><N who="0" m="44105" /><D70/><U126/><E38/><V123/><F69/><W28/><G0/><T105/><D50/><U43/><E23/><V63/><F127/><W10/><G68/><T122/><D122/><U107/><E93/><V18/><F132/><W129/><G135/><T31/><D12/><U41/><E78/><V71/><F104/><W88/><G129/><T61/><D35/><U109/><E32/><V131/><F79/><N who="3" m="46271" /><G96/><T110/><D110/><U15/><E77/><V34/><F131/><W59/><G28/><T7/><D7/><U100/><E29/><V39/><F39/><W47/><G47/><T73/><AGARI ba="0,0" hai="30,31,60,61,62,73,76,80,97,103,105" m="44105" machi="73" ten="30,1100,0" yaku="11,1" doraHai="21" who="0" fromWho="0" sc="400,11,238,-3,127,-3,235,-5" owari="411,51.0,235,4.0,124,-38.0,230,-17.0" />
</Scene>
</mjloggm>