<mjloggm ver="2.3"><GO type="169" lobby="0"/><UN n0="%E3%81%AD%E3%82%8A%E3%82%B4%E3%83%9E" n1="%E5%A4%AA%E3%81%8F%E3%81%AA%E3%81%84%E3%81%8A" n2="%45%55%52%45%4B%41%31%34" n3="%6E%65%6F%40%75%6E%69" dan="16,18,17,18" rate="2134.62,2242.76,2139.23,2195.70" sx="M,F,M,M"/><TAIKYOKU oya="0"/>

<Scene>
<INIT seed="0,0,0,0,2,120" ten="250,250,250,250" oya="0" hai0="7,114,47,112,85,109,59,80,30,54,76,71,46" hai1="79,29,118,43,89,10,57,110,108,70,39,15,130" hai2="44,115,49,121,92,98,24,132,124,72,134,99,103" hai3="94,14,84,100,19,11,111,6,35,81,62,95,96"/><T77/><D71/><U55/><E118/><V106/><F121/><W82/><G35/><T113/><D76/><U133/><E70/><V122/><F122/><W56/><G111/><N who="1" m="42538" /><E133/><V119/><F72/><W73/><G73/><T33/><D109/><U131/><E79/><V87/><F115/><W83/><G94/><T102/><D102/><U128/><E29/><V58/><F119/><W125/><G125/><T104/><D104/><U22/><E22/><V41/><F124/><W5/><G84/><T93/><D93/><U31/><E31/><V2/><F87/><W68/><G68/><T65/><D30/><U101/><E101/><V18/><F92/><W9/><REACH who="3" step="1"/><G11/><REACH who="3" ten="250,250,250,240" step="2"/><T40/><D33/><U12/><E10/><V64/><F132/><W78/><G78/><T75/><D75/><U48/><E89/><V16/><F134/><W25/><G25/><T51/><D113/><U28/><E28/><V86/><F24/><W135/><G135/><T107/><D112/><U13/><E130/><V117/><F117/><W74/><G74/><T8/><D114/><U27/><E27/><V4/><F103/><W69/><G69/><T123/><D123/><U66/><E66/><AGARI ba="0,1" hai="5,6,9,14,19,56,62,66,81,82,83,95,96,100" machi="66" ten="40,2600,0" yaku="1,1,8,1,53,0" doraHai="120" doraHaiUra="36" who="3" fromWho="1" sc="250,0,250,-26,250,0,240,36" />
</Scene>
<Scene>
<INIT seed="1,0,0,1,1,32" ten="250,224,250,276" oya="1" hai0="134,120,62,72,91,131,3,106,24,90,129,125,59" hai1="107,135,35,101,8,124,74,123,75,38,52,132,14" hai2="78,76,0,5,82,110,133,40,126,46,65,23,122" hai3="17,103,33,53,34,92,64,104,99,112,9,68,45"/><U113/><E123/><V18/><F122/><W105/><G112/><T43/><D120/><U6/><E113/><V58/><F110/><W57/><G45/><T83/><D106/><U127/><E35/><V118/><F133/><N who="1" m="51273" /><E38/><V79/><F126/><N who="1" m="48169" /><E52/><V49/><F118/><W70/><G34/><T66/><D43/><U12/><E14/><V100/><F100/><W61/><G33/><T41/><D41/><U10/><E10/><V115/><F115/><W80/><G80/><T54/><D125/><U93/><E93/><V102/><F102/><W22/><G9/><T119/><D134/><U73/><E101/><V86/><F58/><W128/><G105/><AGARI ba="0,0" hai="6,8,12,73,74,75,105,107" m="48169,51273" machi="105" ten="40,3900,0" yaku="20,1,18,1" doraHai="32" who="1" fromWho="3" sc="250,0,224,39,250,0,276,-39" />
</Scene>
<Scene>
<INIT seed="1,1,0,1,0,81" ten="250,263,250,237" oya="1" hai0="10,5,127,33,45,105,92,2,9,89,66,41,47" hai1="46,7,69,67,30,22,73,118,99,119,1,80,3" hai2="131,40,122,25,121,36,117,51,23,11,26,21,135" hai3="94,12,35,58,55,86,85,130,102,120,18,17,128"/><U129/><E69/><V24/><F36/><W16/><G35/><T76/><D105/><U74/><E67/><V91/><F117/><W107/><G107/><T106/><D106/><U39/><E99/><V28/><F135/><W78/><G120/><T60/><D33/><U109/><E129/><N who="3" m="49770" /><G78/><T53/><D127/><U77/><E74/><V79/><F79/><W61/><G12/><T103/><D103/><U34/><E22/><V112/><F131/><W97/><AGARI ba="1,0" hai="16,17,18,55,58,61,85,86,94,97,102" m="49770" machi="97" ten="40,8000,1" yaku="19,1,52,2,54,1" doraHai="81" who="3" fromWho="3" sc="250,-21,263,-41,250,-21,237,83" />
</Scene>
<Scene>
<INIT seed="2,0,0,5,1,89" ten="229,222,229,320" oya="2" hai0="109,3,117,100,47,118,38,51,27,42,23,96,114" hai1="134,108,60,37,94,67,112,99,111,77,120,86,78" hai2="36,128,68,54,73,29,64,17,21,44,131,93,124" hai3="7,75,56,104,76,119,59,70,20,18,25,127,61"/><V15/><F73/><W28/><G104/><T91/><D114/><U33/><E112/><V72/><F72/><W101/><G101/><T34/><D3/><U6/><E33/><V19/><F124/><W123/><G119/><N who="0" m="45579" /><D91/><N who="1" m="55775" /><E37/><V63/><F29/><W30/><G7/><T135/><D34/><U0/><E86/><V39/><F17/><W40/><G40/><T122/><D122/><U24/><E24/><V98/><F54/><W87/><G75/><T129/><D129/><N who="2" m="49738" /><F44/><W71/><G123/><T121/><D135/><U83/><E134/><V80/><F80/><W81/><G127/><T10/><D10/><N who="1" m="2375" /><E83/><V1/><F1/><W88/><G76/><T116/><D121/><U65/><E120/><V45/><F45/><W31/><REACH who="3" step="1"/><G56/><REACH who="3" ten="229,222,229,310" step="2"/><T9/><D116/><U97/><E77/><V5/><F5/><W43/><G43/><T12/><D42/><U69/><E78/><V55/><F55/><AGARI ba="0,1" hai="18,20,25,28,30,31,55,59,61,70,71,81,87,88" machi="55" ten="40,2600,0" yaku="1,1,54,1,53,0" doraHai="89" doraHaiUra="102" who="3" fromWho="2" sc="229,0,222,0,229,-26,310,36" />
</Scene>
<Scene>
<INIT seed="3,0,0,4,3,83" ten="229,222,203,346" oya="3" hai0="96,57,67,122,98,1,4,26,81,135,90,15,34" hai1="92,78,8,86,126,128,74,32,37,129,30,115,48" hai2="107,80,27,124,13,17,52,119,40,91,29,95,111" hai3="76,31,120,71,12,44,25,36,75,23,73,134,108"/><W45/><G120/><T55/><D1/><U116/><E37/><V41/><F107/><W130/><G71/><T97/><D122/><U82/><E8/><V49/><F111/><W79/><G108/><T133/><D67/><U61/><E61/><V51/><F124/><W64/><G64/><T132/><D26/><U28/><E32/><V63/><F80/><W113/><G113/><T47/><D47/><U3/><E3/><V104/><F104/><W125/><G125/><T2/><D34/><U58/><E115/><V118/><F63/><W68/><G79/><T72/><D2/><U33/><E126/><V121/><F121/><W89/><G76/><N who="0" m="44167" /><D4/><U94/><E116/><V22/><F118/><W0/><G12/><T103/><D15/><U102/><E102/><V46/><F51/><W7/><G68/><T6/><D6/><U70/><E70/><V66/><F66/><W35/><G35/><T21/><D21/><U10/><E10/><V110/><F110/><W106/><G23/><T59/><D59/><U53/><E33/><V101/><F101/><W9/><G0/><T62/><D103/><U65/><E65/><V16/><F119/><W131/><G7/><T42/><D42/><N who="2" m="16490" /><F13/><W18/><G36/><T93/><AGARI ba="0,0" hai="55,57,62,90,93,96,97,98,132,133,135" m="44167" machi="93" ten="40,1500,0" yaku="20,1" doraHai="83" who="0" fromWho="0" sc="229,15,222,-4,203,-4,346,-7" />
</Scene>
<Scene>
<INIT seed="4,0,0,3,3,32" ten="244,218,199,339" oya="0" hai0="85,82,22,96,65,64,43,25,134,116,117,4,35" hai1="132,70,60,106,129,114,100,122,112,36,45,93,69" hai2="103,42,51,17,33,73,107,66,58,18,39,84,108" hai3="115,81,130,72,62,56,13,75,9,78,110,113,12"/><T21/><D35/><U52/><E106/><V79/><F33/><W10/><G130/><T3/><D43/><N who="1" m="22759" /><E100/><V50/><F108/><W68/><G68/><N who="1" m="26218" /><E93/><V29/><F39/><W57/><G110/><T98/><D117/><U126/><E129/><V54/><F29/><W5/><G72/><T125/><D116/><U86/><E86/><V41/><F66/><W59/><REACH who="3" step="1"/><G62/><REACH who="3" ten="244,218,199,329" step="2"/><T83/><D125/><U94/><E126/><V71/><F73/><W48/><G48/><T67/><D134/><U55/><E132/><V92/><F71/><W19/><AGARI ba="0,1" hai="5,9,10,12,13,19,56,57,59,75,78,81,113,115" machi="19" ten="30,2000,0" yaku="1,1,0,1,53,0" doraHai="32" doraHaiUra="133" who="3" fromWho="3" sc="244,-10,218,-5,199,-5,329,30" />
</Scene>
<Scene>
<INIT seed="5,0,0,1,1,37" ten="234,213,194,359" oya="1" hai0="4,42,75,2,53,132,112,49,72,13,41,27,17" hai1="26,65,35,47,100,62,134,14,55,50,120,74,34" hai2="16,107,131,48,1,110,111,114,58,118,85,108,25" hai3="113,109,70,116,93,115,19,123,12,88,130,38,36"/><U76/><E120/><V82/><F107/><W66/><G109/><T84/><D2/><U78/><E134/><V44/><F1/><W20/><G123/><T95/><D132/><U127/><E127/><V80/><F118/><W102/><G102/><T22/><D72/><U29/><E100/><V125/><F125/><W33/><G33/><T61/><D75/><U6/><E35/><V10/><F131/><W15/><G130/><T103/><D61/><U122/><E122/><V18/><F58/><W69/><G15/><T43/><D112/><N who="3" m="43081" /><G116/><T81/><D103/><U135/><E135/><V60/><F60/><N who="3" m="40135" /><G70/><T9/><D95/><U101/><E101/><V91/><F114/><W77/><G77/><N who="0" m="46127" /><D53/><U86/><E74/><V104/><F104/><W106/><G106/><T126/><D126/><U128/><E128/><V96/><F96/><AGARI ba="0,0" hai="12,19,20,36,38,88,93,96" m="40135,43081" machi="96" ten="30,2000,0" yaku="15,1,54,1" doraHai="37" who="3" fromWho="2" sc="234,0,213,0,194,-20,359,20" />
</Scene>
<Scene>
<INIT seed="6,0,0,2,1,96" ten="234,213,174,379" oya="2" hai0="29,91,30,54,50,16,122,46,0,104,82,13,78" hai1="35,37,31,73,44,38,36,55,52,94,100,27,28" hai2="125,126,65,66,132,84,124,93,87,48,9,70,60" hai3="108,76,12,112,79,103,6,11,20,116,68,53,98"/><V102/><F132/><W83/><G68/><T42/><D0/><U105/><E73/><V26/><F66/><W72/><G79/><T130/><D130/><U64/><E31/><N who="0" m="11785" /><D122/><U90/><E64/><V127/><N who="2" m="31744" /><DORA hai="75" /><V80/><F26/><W61/><G108/><T117/><D104/><U99/><REACH who="1" step="1"/><E44/><REACH who="1" ten="234,203,174,379" step="2"/><V95/><F48/><W56/><G72/><T63/><D50/><U21/><E21/><V107/><F9/><W34/><G20/><T120/><D120/><U59/><E59/><V67/><F67/><W24/><G56/><T4/><D46/><U111/><E111/><V47/><F47/><W115/><G11/><T32/><D32/><U119/><E119/><V15/><F15/><W10/><G12/><T113/><D13/><U1/><E1/><V8/><F8/><W57/><G34/><T74/><D117/><U129/><E129/><V97/><REACH who="2" step="1"/><F84/><AGARI ba="0,1" hai="27,28,35,36,37,38,52,55,84,90,94,99,100,105" machi="84" ten="40,12000,2" yaku="1,1,52,1,54,1,53,3" doraHai="96,75" doraHaiUra="51,25" who="1" fromWho="2" sc="234,0,203,130,174,-120,379,0" />
</Scene>
<Scene>
<INIT seed="7,0,0,0,3,102" ten="234,333,54,379" oya="3" hai0="63,50,111,120,126,85,9,107,118,26,30,71,7" hai1="27,124,132,89,70,115,129,0,47,14,112,3,15" hai2="110,73,87,43,78,38,80,103,40,51,122,19,4" hai3="46,17,36,1,16,33,60,131,29,130,116,20,67"/><W74/><G74/><T69/><D85/><U56/><E47/><V52/><F110/><W48/><G36/><T35/><D111/><U134/><E70/><V79/><F79/><W13/><G1/><N who="1" m="586" /><E56/><V75/><F4/><W77/><G77/><T106/><D118/><U34/><E89/><V91/><F75/><W113/><G116/><T23/><D120/><U45/><E45/><V101/><F122/><W57/><G17/><T76/><D76/><U64/><E64/><V99/><F101/><W58/><G58/><T117/><D117/><U6/><E129/><N who="3" m="49162" /><G113/><N who="1" m="43594" /><E124/><V100/><F100/><W31/><G33/><T62/><D126/><U84/><E84/><V86/><F38/><W125/><G125/><T65/><D50/><U82/><E82/><V127/><F127/><W21/><G21/><T2/><D23/><U41/><E41/><AGARI ba="0,0" hai="13,16,20,29,31,41,46,48,57,60,67" m="49162" machi="41" ten="30,2900,0" yaku="19,1,54,1" doraHai="102" who="3" fromWho="1" sc="234,0,333,-29,54,0,379,29" owari="234,-17.0,304,10.0,54,-45.0,408,52.0" />
</Scene>
</mjloggm>