<mjloggm ver="2.3"><GO type="169"/><UN n0="%E5%A4%AA%E3%81%8F%E3%81%AA%E3%81%84%E3%81%8A" n1="%70%61%75%73%65" n2="%E3%82%82%E3%81%8D%E3%82%85%E3%82%92%E5%BC%84%E3%82%8B%E8%80%85" n3="%E3%81%A1%E3%81%8F%E3%81%8D" dan="16,16,16,18" rate="2101,2106,2024,2172" sx="M,F,M,M"/><TAIKYOKU oya="0"/>

<Scene>
<INIT seed="0,0,0,5,1,28" ten="250,250,250,250" oya="0" hai0="78,100,30,125,43,64,61,25,39,73,52,16,96" hai1="2,75,14,87,98,76,79,130,42,55,90,83,113" hai2="97,121,115,51,74,117,128,68,46,29,101,31,93" hai3="37,104,1,7,9,48,11,132,69,32,92,36,119"/><T33/><D125/><U105/><E2/><V62/><F115/><W8/><G104/><T23/><D39/><U108/><E42/><V82/><F121/><W131/><G119/><T3/><D3/><U44/><E113/><V13/><F128/><W63/><G131/><T35/><D43/><U129/><E108/><V15/><F117/><W133/><G48/><T116/><D116/><U5/><E5/><V24/><F31/><W12/><G92/><T56/><D73/><U4/><E14/><V59/><F68/><W85/><G85/><T0/><D0/><U27/><E27/><V67/><F82/><W57/><G69/><T135/><D135/><N who="3" m="51785" /><G32/><T81/><D30/><U45/><E87/><V94/><F94/><W103/><G103/><T34/><D81/><U110/><E83/><V71/><F71/><W126/><G11/><T102/><D78/><U112/><E105/><V66/><F66/><N who="3" m="39279" /><G126/><T21/><D21/><U111/><E112/><V95/><F95/><W80/><G80/><T18/><D18/><AGARI ba="0,0" hai="1,7,8,9,12,18,36,37" m="39279,51785" machi="18" ten="30,1000,0" yaku="20,1" doraHai="28" who="3" fromWho="0" sc="250,-10,250,0,250,0,250,10" />
</Scene>
<Scene>
<INIT seed="1,0,0,2,1,119" ten="240,250,250,260" oya="1" hai0="22,112,65,67,99,100,83,0,53,59,1,86,127" hai1="122,12,84,55,51,13,115,56,126,64,54,24,102" hai2="15,98,101,79,91,97,78,50,108,93,3,16,52" hai3="121,7,44,92,10,2,35,81,89,28,31,96,95"/><U110/><E115/><V70/><F108/><W43/><G35/><T90/><D112/><U94/><E110/><V57/><F70/><W37/><G121/><T66/><D127/><U85/><E126/><V29/><F29/><W107/><G107/><T116/><D116/><U106/><E106/><V82/><F3/><W38/><G38/><T88/><D90/><U133/><E133/><V4/><F4/><W129/><G129/><T19/><D99/><N who="1" m="59767" /><E64/><V87/><REACH who="2" step="1"/><F98/><REACH who="2" ten="240,250,240,260" step="2"/><W23/><G31/><T62/><REACH who="0" step="1"/><D100/><REACH who="0" ten="230,250,240,260" step="2"/><U80/><E122/><V105/><F105/><W77/><G96/><T132/><D132/><U14/><E85/><V39/><F39/><W124/><G124/><T9/><D9/><AGARI ba="0,2" hai="9,15,16,50,52,57,78,79,82,87,91,93,97,101" machi="9" ten="30,8000,1" yaku="1,1,7,1,8,1,54,2,53,0" doraHai="119" doraHaiUra="40" who="2" fromWho="0" sc="230,-80,250,0,240,100,260,0" />
</Scene>
<Scene>
<INIT seed="2,0,0,0,4,99" ten="150,250,340,260" oya="2" hai0="58,47,126,18,134,59,21,23,60,73,84,74,100" hai1="56,24,119,63,125,6,51,70,65,111,80,86,19" hai2="11,113,22,75,120,97,98,112,50,33,55,94,7" hai3="91,26,118,121,72,9,92,30,135,108,77,66,3"/><V82/><F120/><W17/><G121/><T103/><D126/><U129/><E119/><V49/><F33/><W54/><G118/><T71/><D71/><U31/><E125/><V76/><F22/><W41/><G66/><T68/><D68/><U114/><E114/><V95/><F98/><W87/><G41/><T131/><D131/><U29/><E129/><V5/><F95/><W88/><G108/><T122/><D122/><U104/><E104/><V28/><F28/><W40/><G40/><T130/><D130/><U45/><E70/><V116/><F116/><W0/><G135/><T101/><D134/><U107/><E107/><V106/><F106/><W117/><G117/><T102/><D102/><U128/><E6/><V64/><F64/><W10/><G91/><T15/><D47/><U53/><E111/><V34/><F34/><W57/><G77/><T123/><D123/><U89/><REACH who="1" step="1"/><E128/><REACH who="1" ten="150,240,340,260" step="2"/><V38/><F7/><W42/><G3/><T43/><D43/><U14/><E14/><V32/><F112/><W4/><G42/><T27/><D84/><U37/><E37/><V13/><F38/><W124/><G124/><T36/><D36/><U85/><E85/><V110/><F113/><W62/><G72/><T35/><D35/><U79/><E79/><V2/><F110/><W48/><G4/><T109/><D109/><U115/><E115/><V133/><F32/><W39/><G0/><T69/><D74/><U61/><E61/><V25/><F133/><W83/><G39/><T132/><D73/><U96/><E96/><V46/><F2/><W127/><G127/><RYUUKYOKU ba="0,1" sc="150,-10,240,30,340,-10,260,-10" hai1="19,24,29,31,45,51,53,56,63,65,80,86,89" />
</Scene>
<Scene>
<INIT seed="3,1,1,5,5,122" ten="140,270,330,250" oya="3" hai0="86,37,84,6,98,79,100,128,85,57,42,23,112" hai1="126,69,80,132,8,49,60,52,99,105,111,7,27" hai2="90,13,43,93,125,103,39,3,55,97,102,28,51" hai3="68,108,12,95,66,120,113,96,127,76,121,35,40"/><W9/><G113/><T24/><D112/><U134/><E126/><V46/><F3/><W64/><G35/><T78/><D128/><U114/><E80/><V109/><F125/><W70/><G127/><T16/><D6/><U133/><E27/><V32/><F32/><W38/><G76/><T107/><REACH who="0" step="1"/><D57/><REACH who="0" ten="130,270,330,250" step="2"/><U130/><E130/><V118/><F118/><W25/><G121/><T81/><D81/><U101/><E114/><V65/><F28/><W71/><G120/><T77/><D77/><U131/><E131/><V17/><F102/><W119/><G119/><T41/><D41/><U54/><E69/><V20/><F103/><W56/><G56/><T104/><D104/><U44/><E134/><V75/><F75/><W92/><G40/><T106/><D106/><U91/><E133/><V89/><F89/><W0/><G70/><T73/><D73/><U47/><E132/><V2/><F93/><W33/><G92/><T21/><D21/><U14/><E91/><V110/><F90/><W74/><G95/><T29/><D29/><U87/><E101/><V31/><F97/><W63/><G71/><T18/><D18/><U67/><E99/><V59/><F31/><W19/><G68/><T48/><D48/><U116/><E105/><V135/><F135/><W15/><G96/><T61/><D61/><U53/><E116/><V94/><F94/><W129/><G63/><T22/><D22/><U34/><E60/><V36/><F39/><W5/><G74/><T82/><D82/><U123/><E123/><V45/><F36/><W115/><G38/><T50/><D50/><RYUUKYOKU ba="1,2" sc="130,30,270,-10,330,-10,250,-10" hai0="16,23,24,37,42,78,79,84,85,86,98,100,107" />
</Scene>
<Scene>
<INIT seed="4,2,2,0,1,83" ten="160,260,320,240" oya="0" hai0="79,87,14,8,129,72,35,82,7,33,57,100,54" hai1="132,1,40,102,38,37,51,97,60,64,103,5,23" hai2="44,46,45,67,114,109,71,52,9,10,76,29,90" hai3="66,107,89,56,26,3,73,19,22,111,74,32,43"/><T39/><D129/><U98/><E132/><V0/><F109/><W2/><G111/><T47/><D100/><U118/><E118/><V34/><F76/><W92/><G107/><T59/><D72/><U117/><E117/><V15/><F0/><W13/><G43/><T127/><D127/><U108/><E108/><V16/><F9/><W128/><G128/><T126/><D126/><U70/><E51/><V25/><F114/><W93/><G2/><T31/><D31/><U106/><E40/><V104/><F104/><W131/><G3/><T55/><D47/><U120/><E120/><V61/><REACH who="2" step="1"/><F90/><REACH who="2" ten="160,260,310,240" step="2"/><W63/><G131/><T42/><D39/><U20/><E37/><V121/><F121/><W58/><G89/><T4/><D4/><U135/><E38/><V81/><F81/><W21/><G74/><T119/><D119/><U48/><E135/><V12/><F12/><W85/><G73/><T91/><D79/><U53/><E5/><V101/><F101/><W122/><G13/><T78/><D78/><U84/><E1/><V65/><F65/><W17/><G66/><T99/><D14/><U115/><E115/><V113/><F113/><W36/><G36/><T112/><D7/><U62/><E103/><V124/><F124/><W77/><G77/><T123/><D123/><U27/><E102/><V94/><F94/><W75/><G93/><T88/><D112/><U116/><E106/><V95/><F95/><W11/><G92/><T133/><D133/><U24/><E116/><V125/><F125/><W18/><G122/><T105/><D105/><U69/><E64/><RYUUKYOKU ba="2,3" sc="160,-10,260,-10,310,30,240,-10" hai2="10,15,16,25,29,34,44,45,46,52,61,67,71" />
</Scene>
<Scene>
<INIT seed="5,3,3,2,4,89" ten="150,250,340,230" oya="1" hai0="13,65,91,124,123,103,110,135,41,46,30,58,43" hai1="78,44,62,18,51,134,87,71,40,19,3,35,54" hai2="84,59,128,68,119,94,132,117,22,77,48,131,102" hai3="111,96,16,66,5,82,106,76,92,83,64,12,33"/><U122/><E122/><V4/><F68/><W86/><G33/><T99/><D110/><U29/><E3/><V70/><F70/><W10/><G111/><T14/><D123/><U126/><E126/><V67/><F132/><W20/><G106/><T133/><D124/><U55/><E134/><N who="0" m="51209" /><D30/><U127/><E127/><V36/><F36/><W88/><REACH who="3" step="1"/><G82/><REACH who="3" ten="150,250,340,220" step="2"/><T38/><D43/><U120/><E120/><V80/><F131/><W97/><G97/><T34/><D34/><U112/><E40/><V31/><F128/><W21/><G21/><T72/><D72/><U113/><E35/><V63/><F119/><W121/><G121/><T8/><D8/><U9/><E9/><V26/><F117/><W105/><G105/><N who="0" m="63743" /><D91/><U74/><E74/><V56/><F4/><W129/><G129/><T50/><D38/><U116/><E116/><V108/><F108/><W98/><G98/><T79/><D79/><U69/><E78/><V107/><F107/><W61/><G61/><AGARI ba="3,4" hai="13,14,41,46,50,58,61,65" m="63743,51209" machi="61" ten="30,1000,0" yaku="20,1" doraHai="89" who="0" fromWho="3" sc="150,59,250,0,340,0,220,-19" />
</Scene>
<Scene>
<INIT seed="6,0,0,5,4,31" ten="209,250,340,201" oya="2" hai0="24,73,7,43,8,71,102,107,42,44,50,129,15" hai1="80,21,122,120,64,118,40,84,135,14,10,56,95" hai2="26,0,125,100,134,116,81,72,98,133,76,128,55" hai3="87,13,89,130,79,34,121,123,110,35,46,111,99"/><V52/><F116/><W90/><G46/><T70/><D73/><U60/><E118/><V65/><F0/><W82/><G130/><T91/><D129/><U69/><E135/><N who="2" m="51723" /><F128/><W32/><G13/><T61/><D43/><U119/><E119/><V6/><F6/><W37/><G37/><T45/><D45/><U106/><E106/><N who="2" m="63767" /><F125/><W36/><G36/><T96/><D61/><U19/><E40/><V86/><F65/><W4/><G4/><T23/><REACH who="0" step="1"/><D91/><REACH who="0" ten="199,250,340,201" step="2"/><U57/><E122/><V22/><F72/><W88/><REACH who="3" step="1"/><G99/><REACH who="3" ten="199,250,340,191" step="2"/><T62/><D62/><U9/><E60/><V49/><F49/><W67/><G67/><T58/><D58/><U48/><E57/><V2/><F2/><W41/><G41/><T108/><D108/><AGARI ba="0,2" hai="32,34,35,79,82,87,88,89,90,108,110,111,121,123" machi="108" ten="50,8000,1" yaku="1,1,52,3,54,1,53,0" doraHai="31" doraHaiUra="51" who="3" fromWho="0" sc="199,-80,250,0,340,0,191,100" />
</Scene>
<Scene>
<INIT seed="7,0,0,2,5,44" ten="119,250,340,291" oya="3" hai0="33,82,65,81,71,26,72,113,14,63,13,45,15" hai1="48,2,75,114,111,116,108,128,76,64,34,90,56" hai2="55,5,17,69,47,97,53,77,23,110,21,22,89" hai3="51,29,36,80,61,3,31,30,70,88,122,35,24"/><W12/><G36/><T135/><D135/><U1/><E34/><V126/><F69/><W46/><G3/><T101/><D113/><U98/><E114/><V54/><F110/><W16/><G122/><T131/><D131/><U95/><E116/><V10/><F77/><W49/><G70/><T94/><D72/><U93/><E128/><V59/><F47/><W96/><G61/><T107/><D94/><U9/><E76/><V129/><F126/><W28/><G46/><T58/><D58/><U125/><E75/><V115/><F17/><W102/><G80/><T134/><D134/><U52/><E125/><V127/><F127/><W92/><REACH who="3" step="1"/><G102/><REACH who="3" ten="119,250,340,281" step="2"/><T79/><D45/><U112/><E112/><V50/><F115/><W123/><G123/><T0/><D0/><U7/><E1/><V66/><F129/><W19/><G19/><T11/><D79/><U25/><E25/><V20/><N who="2" m="5120" /><DORA hai="38" /><V73/><F66/><W99/><G99/><T40/><D40/><U27/><E27/><V60/><F60/><W8/><AGARI ba="0,1" hai="8,12,16,24,28,29,30,31,35,49,51,88,92,96" machi="8" ten="30,24000,3" yaku="1,1,0,1,52,2,54,2,53,2" doraHai="44,38" doraHaiUra="6,84" who="3" fromWho="3" sc="119,-80,250,-80,340,-80,281,250" owari="39,-46.0,170,-23.0,260,6.0,531,63.0" />
</Scene>
</mjloggm>