<mjloggm ver="2.3"><GO type="97"/><UN n0="%E5%A4%AA%E3%81%8F%E3%81%AA%E3%81%84%E3%81%8A" n1="%E3%83%9D%E3%83%AF%E3%82%BD%E3%83%B3%E6%AF%94%CE%BD" n2="%E3%82%82%E3%81%97%E3%81%8B%E3%81%97%E3%81%A6" n3="%6E%65%6B%6F%33%31" dan="13,14,14,15" rate="1981,1912,1922,1953" sx="M,M,M,F"/><TAIKYOKU oya="0"/>

<Scene>
<INIT seed="0,0,0,5,1,69" ten="250,250,250,250" oya="0" hai0="71,109,128,43,114,123,39,130,74,48,2,90,112" hai1="13,38,101,31,129,120,124,126,15,33,24,135,10" hai2="11,133,3,75,22,78,89,35,121,116,93,95,34" hai3="25,132,72,45,122,86,30,18,80,99,20,111,68"/><T55/><D2/><U127/><E120/><V60/><F121/><W6/><G122/><T12/><D74/><U21/><E101/><V84/><F116/><W0/><G68/><T96/><D123/><U65/><E65/><V37/><F133/><W50/><G72/><T79/><D79/><U106/><E106/><V102/><F60/><W41/><G132/><T83/><D71/><U108/><E38/><V97/><F22/><W9/><G9/><T110/><BYE who="3" /><D12/><U7/><E108/><N who="0" m="41577" /><D96/><U46/><E46/><V54/><F54/><W16/><G16/><T66/><D66/><U49/><E49/><V28/><F28/><W100/><G100/><T44/><D90/><UN n3="%6E%65%6B%6F%33%31" /><U103/><E103/><V82/><REACH who="2" step="1"/><F37/><REACH who="2" ten="250,250,240,250" step="2"/><W52/><G111/><T57/><D83/><U59/><E135/><V67/><F67/><W92/><G80/><T70/><D70/><U113/><E113/><AGARI ba="0,1" hai="39,43,44,48,55,57,112,113,114,128,130" m="41577" machi="113" ten="30,12000,1" yaku="14,1,10,1,34,2,52,1" doraHai="69" who="0" fromWho="1" sc="250,130,250,-120,240,0,250,0" />
</Scene>
<Scene>
<INIT seed="0,1,0,3,3,43" ten="380,130,240,250" oya="0" hai0="1,25,114,19,74,128,55,36,120,14,131,51,24" hai1="31,106,115,100,126,72,86,124,27,70,69,119,42" hai2="132,94,73,11,34,57,13,93,111,64,77,49,84" hai3="123,81,37,101,68,135,76,112,105,4,121,133,122"/><T90/><D120/><U30/><E72/><V54/><F34/><W2/><G68/><T87/><D1/><U92/><E119/><V85/><F111/><W103/><G37/><T33/><D36/><U58/><E106/><V32/><F32/><W104/><G4/><T16/><D74/><U40/><E115/><V71/><F132/><N who="3" m="50763" /><G2/><T108/><D114/><U79/><E58/><V83/><F73/><N who="3" m="43151" /><G112/><T6/><D6/><U88/><E31/><V9/><F9/><W59/><G59/><T61/><D61/><U3/><E3/><V28/><F28/><W98/><G101/><T125/><D108/><U52/><E52/><V113/><F113/><W18/><G18/><T91/><D19/><U17/><E17/><V60/><REACH who="2" step="1"/><F85/><REACH who="2" ten="380,130,230,250" step="2"/><W127/><G127/><T95/><D125/><U80/><E126/><V117/><F117/><W10/><G10/><T56/><D33/><U21/><E124/><V116/><F116/><W47/><G47/><T7/><D87/><U66/><E70/><V82/><F82/><W63/><G63/><T23/><D128/><U102/><E69/><V78/><F78/><W96/><G96/><T5/><D131/><U109/><E109/><V15/><F15/><W97/><G97/><T26/><D95/><AGARI ba="1,1" hai="95,98,103,104,105,121,122,123" m="43151,50763" machi="95" ten="40,8000,1" yaku="13,1,20,1,34,2" doraHai="43" who="3" fromWho="0" sc="380,-83,130,0,230,0,250,93" />
</Scene>
<Scene>
<INIT seed="1,0,0,3,3,36" ten="297,130,230,343" oya="1" hai0="23,123,5,132,26,120,81,76,101,118,135,95,90" hai1="59,130,91,97,34,62,17,8,78,108,67,116,124" hai2="45,41,60,4,46,44,13,15,40,105,93,19,70" hai3="131,71,83,121,29,61,110,88,31,33,104,24,52"/><U48/><E116/><V79/><F105/><W38/><G121/><N who="0" m="46667" /><D5/><U112/><E112/><V16/><F70/><W126/><G110/><T57/><D118/><U103/><E78/><V50/><F60/><W7/><G104/><T39/><D39/><U64/><E108/><V20/><F79/><W72/><G131/><T56/><D101/><U12/><E34/><V9/><F50/><W84/><G72/><N who="0" m="43143" /><D56/><U73/><E130/><V96/><F19/><W42/><G7/><T99/><D57/><U22/><E124/><V69/><F69/><W66/><G126/><T51/><D51/><U55/><E73/><V32/><F32/><W86/><G31/><AGARI ba="0,0" hai="23,26,31,90,95,99,132,135" m="43143,46667" machi="31" ten="30,1000,0" yaku="13,1" doraHai="36" who="0" fromWho="3" sc="297,10,130,0,230,0,343,-10" />
</Scene>
<Scene>
<INIT seed="2,0,0,5,4,96" ten="307,130,230,333" oya="2" hai0="62,102,127,60,13,122,22,130,123,87,79,45,114" hai1="52,85,53,49,0,25,75,118,134,92,98,68,56" hai2="95,43,15,90,11,40,124,28,94,44,19,27,93" hai3="6,131,121,64,20,33,31,120,1,89,116,110,18"/><V86/><F124/><W2/><G116/><T70/><D114/><U103/><E118/><V61/><F61/><W21/><G64/><T39/><D127/><U99/><E75/><V126/><F126/><W83/><G89/><T132/><D132/><U105/><E68/><V88/><F44/><W108/><G83/><T117/><D117/><U5/><E134/><V55/><F55/><W111/><G131/><T51/><D39/><U71/><E71/><V100/><F100/><W26/><G20/><T82/><D130/><U59/><E85/><V107/><F107/><W7/><G7/><T76/><D76/><U8/><E25/><V67/><F67/><W109/><G109/><T12/><D102/><U72/><E72/><V133/><F133/><W4/><G4/><T106/><D106/><U36/><E36/><V29/><F29/><W47/><G47/><T14/><D22/><U128/><E128/><V65/><F65/><W57/><G57/><T50/><D70/><U32/><E32/><V91/><REACH who="2" step="1"/><F86/><REACH who="2" ten="307,130,220,333" step="2"/><W77/><G121/><T3/><D122/><U63/><REACH who="1" step="1"/><E99/><REACH who="1" ten="307,120,220,333" step="2"/><V37/><F37/><W9/><G120/><T58/><D123/><U10/><E10/><V104/><F104/><AGARI ba="0,2" hai="0,5,8,49,52,53,56,59,63,92,98,103,104,105" machi="104" ten="40,5200,0" yaku="1,1,52,1,54,1,53,0" doraHai="96" doraHaiUra="30" who="1" fromWho="2" sc="307,0,120,72,220,-52,333,0" />
</Scene>
<Scene>
<INIT seed="3,0,0,5,3,28" ten="307,192,168,333" oya="3" hai0="13,101,90,60,66,110,12,131,47,25,46,69,2" hai1="78,61,121,89,68,11,84,0,126,18,123,58,27" hai2="19,52,115,87,106,93,5,64,108,4,107,91,94" hai3="130,83,37,79,24,116,129,23,31,95,88,109,132"/><W117/><G37/><T63/><D2/><U42/><E68/><V96/><F115/><W67/><G67/><T112/><D112/><U75/><E126/><V134/><F134/><W77/><G132/><T128/><D110/><U76/><E42/><V98/><F108/><W113/><G109/><T29/><D63/><U103/><E103/><V16/><F64/><W85/><G113/><T38/><D90/><U43/><E43/><V99/><F87/><N who="3" m="48623" /><G79/><T81/><D81/><U133/><E133/><V49/><F91/><W40/><G40/><N who="0" m="22807" /><D47/><U119/><E119/><V53/><F99/><W26/><G26/><T70/><D101/><U35/><E75/><V65/><F65/><W135/><G135/><T100/><D100/><U86/><E86/><V1/><F49/><W120/><G120/><T15/><D70/><U50/><E50/><V125/><REACH who="2" step="1"/><F1/><REACH who="2" ten="307,192,158,333" step="2"/><W36/><G36/><T22/><D69/><U127/><E0/><V118/><F118/><W74/><G116/><T34/><D66/><U104/><E123/><V71/><F71/><W17/><G117/><T7/><D60/><U6/><E121/><V54/><F54/><W8/><G88/><T30/><D7/><U32/><E6/><V57/><F57/><W59/><G59/><T21/><D30/><U73/><E58/><V10/><F10/><W80/><G8/><T105/><D105/><U122/><E61/><V14/><F14/><W124/><G31/><T3/><D3/><U111/><E122/><V48/><F48/><W9/><G9/><T56/><D56/><U44/><E111/><V41/><F41/><RYUUKYOKU ba="0,1" sc="307,15,192,-15,158,15,333,-15" hai0="12,13,15,21,22,25,29,34,128,131" hai2="4,5,16,19,52,53,93,94,96,98,106,107,125" owari="332,43.0,177,-22.0,173,-33.0,318,12.0" />
</Scene>
</mjloggm>