<mjloggm ver="2.3"><GO type="97"/><UN n0="%6A%75%6D%70%2D%75%70" n1="%40%62%65%61%6E%73" n2="%E5%A4%AA%E3%81%8F%E3%81%AA%E3%81%84%E3%81%8A" n3="%69%6E%6F%75%65%30%35" dan="14,14,14,15" rate="1907,1941,2028,1960" sx="M,M,M,M"/><TAIKYOKU oya="0"/>

<Scene>
<INIT seed="0,0,0,0,1,132" ten="250,250,250,250" oya="0" hai0="122,105,45,114,102,124,120,127,47,76,40,36,2" hai1="90,116,37,83,61,131,33,89,117,79,111,96,101" hai2="44,92,58,17,135,28,14,52,21,77,38,103,35" hai3="70,32,34,8,109,20,91,24,50,69,19,6,22"/><T95/><D105/><U112/><E37/><V84/><F135/><W130/><G50/><T72/><D2/><U18/><E33/><N who="3" m="12906" /><G91/><T118/><D118/><U49/><E111/><V74/><F74/><W30/><G69/><T81/><D114/><U7/><E112/><V115/><F115/><W5/><G70/><T97/><REACH who="0" step="1"/><D47/><REACH who="0" ten="240,250,250,250" step="2"/><U46/><E117/><V87/><F44/><W27/><G109/><T23/><D23/><U63/><E116/><V125/><F21/><W15/><G130/><T51/><D51/><U42/><E131/><V110/><F35/><W31/><AGARI ba="0,1" hai="5,6,8,15,19,20,22,24,27,30,31" m="12906" machi="31" ten="30,8000,1" yaku="35,5" doraHai="132" who="3" fromWho="3" sc="240,-40,250,-20,250,-20,250,90" />
</Scene>
<Scene>
<INIT seed="1,0,0,3,5,70" ten="200,230,230,340" oya="1" hai0="47,21,65,105,32,71,50,115,123,90,100,132,36" hai1="77,133,129,107,0,26,110,108,28,46,9,14,92" hai2="113,76,103,59,86,66,6,131,17,127,81,109,31" hai3="60,19,57,96,42,63,87,52,7,64,39,4,38"/><U1/><E107/><V121/><F113/><W49/><G96/><T18/><D32/><U97/><E77/><V119/><F121/><W85/><G38/><T114/><D115/><U35/><E133/><V89/><F119/><W94/><G19/><T74/><D114/><U75/><E46/><V112/><F112/><W51/><G63/><T83/><D74/><U106/><E106/><V80/><F109/><N who="1" m="42089" /><E75/><V130/><F127/><W15/><G51/><T45/><D123/><U16/><E129/><N who="2" m="49163" /><F103/><AGARI ba="0,0" hai="0,1,9,14,16,26,28,35,92,97,103" m="42089" machi="103" ten="30,5800,0" yaku="14,1,10,1,54,1" doraHai="70" who="1" fromWho="2" sc="200,0,230,58,230,-58,340,0" />
</Scene>
<Scene>
<INIT seed="1,1,0,4,5,28" ten="200,288,172,340" oya="1" hai0="44,129,43,85,54,62,49,22,97,84,61,128,36" hai1="40,25,5,29,31,76,100,47,9,122,15,96,123" hai2="109,125,108,37,77,71,3,124,21,131,26,130,107" hai3="105,66,119,53,52,92,73,80,78,56,32,81,42"/><U114/><E114/><V127/><F37/><W63/><G105/><T101/><D84/><U70/><E70/><V17/><F71/><W111/><G111/><N who="2" m="42569" /><F107/><W1/><G1/><T91/><D97/><U30/><E76/><V99/><F77/><W7/><G7/><T110/><D101/><U82/><E82/><V41/><F41/><W102/><G81/><N who="0" m="49583" /><D110/><U48/><REACH who="1" step="1"/><E25/><REACH who="1" ten="200,278,172,340" step="2"/><V4/><F99/><W18/><G78/><T23/><D129/><N who="2" m="49162" /><F4/><W83/><G80/><T104/><D128/><U117/><E117/><V118/><F3/><W133/><G83/><T27/><D104/><AGARI ba="1,1" hai="5,9,15,29,30,31,40,47,48,96,100,104,122,123" machi="104" ten="40,3900,0" yaku="1,1,53,1" doraHai="28" doraHaiUra="95" who="1" fromWho="0" sc="200,-42,278,52,172,0,340,0" />
</Scene>
<Scene>
<INIT seed="1,2,0,1,4,22" ten="158,330,172,340" oya="1" hai0="51,24,87,13,109,84,45,126,9,68,46,35,50" hai1="15,100,91,19,92,124,67,88,20,29,70,76,33" hai2="98,56,47,114,43,102,120,11,83,85,121,31,0" hai3="10,105,49,133,5,2,18,36,73,16,61,7,86"/><U37/><E37/><V40/><F114/><W81/><G36/><T54/><D68/><U66/><E124/><V115/><F115/><W62/><G73/><T42/><D126/><U12/><E76/><V123/><F56/><W23/><G105/><T34/><D109/><U55/><E100/><V6/><F31/><W127/><G127/><T95/><D24/><U108/><E91/><V131/><F131/><W38/><G38/><T103/><D103/><U53/><E108/><V104/><REACH who="2" step="1"/><F47/><REACH who="2" ten="158,330,162,340" step="2"/><W1/><G133/><T113/><D113/><U63/><E33/><V135/><F135/><W72/><G1/><T78/><D35/><U112/><E29/><V28/><F28/><W90/><G2/><T4/><D34/><U118/><E118/><V17/><F17/><W77/><G16/><T130/><D130/><U101/><E112/><V48/><F48/><W27/><G49/><T26/><D26/><U132/><E132/><V116/><F116/><W65/><G18/><T8/><D8/><U71/><E12/><V3/><F3/><W21/><G10/><T75/><D75/><U89/><E70/><V44/><F44/><W129/><G72/><T32/><D32/><U64/><E71/><V25/><F25/><W79/><G27/><T97/><REACH who="0" step="1"/><D78/><AGARI ba="2,1" hai="0,6,11,40,43,78,83,85,98,102,104,120,121,123" machi="78" ten="40,5200,0" yaku="1,1,53,2" doraHai="22" doraHaiUra="39" who="2" fromWho="0" sc="158,-58,330,0,162,68,340,0" />
</Scene>
<Scene>
<INIT seed="2,0,0,3,0,90" ten="100,330,230,340" oya="2" hai0="124,29,37,46,71,0,135,14,54,82,67,40,32" hai1="55,115,27,10,57,68,94,17,19,112,121,20,3" hai2="38,66,99,13,2,133,105,83,127,72,123,84,122" hai3="104,95,87,88,100,36,91,109,4,48,70,114,116"/><V24/><F2/><W77/><G36/><T45/><D14/><U16/><E68/><V11/><F38/><W85/><G70/><T60/><D29/><U25/><E121/><V86/><F66/><W56/><G4/><T101/><D82/><U130/><E130/><V103/><F24/><W63/><G48/><N who="0" m="28943" /><D101/><U69/><E69/><V92/><F127/><W9/><G9/><T34/><D34/><U8/><E115/><V33/><F33/><W7/><G7/><T73/><D73/><U79/><E79/><N who="2" m="44519" /><F13/><W97/><G116/><T62/><D32/><U44/><E44/><V81/><F11/><N who="1" m="4137" /><E112/><V125/><F125/><W106/><G114/><T126/><D0/><U118/><E118/><V117/><F117/><W89/><G77/><T78/><D78/><U6/><E6/><V64/><F64/><W30/><G30/><T52/><D126/><U18/><E3/><V15/><F15/><W74/><G74/><T110/><D124/><U1/><E1/><V42/><F42/><W80/><G63/><N who="0" m="40447" /><D135/><U134/><E134/><V12/><F12/><W51/><G51/><N who="0" m="28791" /><D110/><U131/><E25/><V111/><F133/><W35/><G35/><T102/><D102/><U65/><E27/><V59/><F111/><W47/><G109/><T128/><D128/><U120/><E131/><V31/><F31/><W96/><G100/><T23/><D23/><U26/><E120/><N who="2" m="46123" /><F105/><W76/><G106/><T5/><D5/><U129/><E129/><V43/><F103/><W50/><G104/><T49/><D37/><U39/><E39/><V108/><F108/><W98/><G76/><RYUUKYOKU ba="0,0" sc="100,30,330,-10,230,-10,340,-10" hai0="40,49,60,62" />
</Scene>
<Scene>
<INIT seed="3,1,0,3,2,26" ten="130,320,220,330" oya="3" hai0="130,56,90,120,76,124,125,58,71,29,37,6,108" hai1="99,103,10,104,133,82,101,86,116,119,131,95,100" hai2="70,79,28,67,135,64,32,33,23,55,35,13,126" hai3="57,111,113,96,102,128,66,30,52,8,73,5,39"/><W22/><G73/><T48/><D90/><N who="1" m="51543" /><E10/><V87/><F126/><N who="0" m="48746" /><D76/><U118/><E131/><V62/><F135/><W38/><G113/><T115/><D6/><U54/><E133/><V112/><F112/><W94/><G128/><T7/><D115/><U24/><E24/><V122/><F122/><W127/><G52/><N who="0" m="31751" /><D7/><U109/><E109/><V12/><F67/><W11/><G127/><T41/><D130/><U3/><E3/><V97/><F55/><W72/><G72/><T31/><D71/><U15/><E15/><V18/><F12/><N who="3" m="5135" /><G11/><T16/><D120/><U84/><E54/><V134/><F134/><W89/><G89/><AGARI ba="1,0" hai="84,89,95,99,100,101,103,104,116,118,119" m="51543" machi="89" ten="30,3900,0" yaku="12,1,34,2" doraHai="26" who="1" fromWho="3" sc="130,0,320,42,220,0,330,-42" owari="130,-37.0,362,46.0,220,-18.0,288,9.0" />
</Scene>
</mjloggm>