<mjloggm ver="2.3"><GO type="137"/><UN n0="%E5%A4%AA%E3%81%8F%E3%81%AA%E3%81%84%E3%81%8A" n1="%E3%83%8C%E3%83%A1%E3%83%AA%E3%83%83%E3%82%AF" n2="%70%78%6B%78%64%78%73" n3="%E3%83%9E%E3%82%A4%E3%82%B1%E3%83%AB%E2%99%AA" dan="10,12,10,13" rate="1707,1882,1572,1784" sx="M,M,M,M"/><TAIKYOKU oya="0"/>

<Scene>
<INIT seed="0,0,0,3,2,115" ten="250,250,250,250" oya="0" hai0="58,110,128,44,1,18,112,27,12,13,125,126,69" hai1="49,26,117,59,7,118,100,54,133,47,73,61,127" hai2="97,55,129,3,57,91,122,24,32,120,2,8,21" hai3="62,28,15,89,135,9,106,19,87,116,78,25,96"/><T51/><D69/><U104/><E73/><V107/><F129/><W45/><G135/><T11/><D112/><U4/><E133/><V68/><F68/><W6/><G78/><T131/><D58/><U74/><E74/><V90/><F32/><W66/><G45/><T103/><D103/><U43/><E127/><N who="0" m="48649" /><D110/><U29/><E100/><V72/><F72/><W130/><G130/><N who="0" m="49707" /><D51/><U16/><E104/><V83/><F107/><W88/><G6/><N who="0" m="1487" /><D44/><U53/><E53/><V94/><F83/><W102/><G87/><T93/><D93/><U41/><E41/><V86/><F8/><W34/><REACH who="3" step="1"/><G116/><REACH who="3" ten="250,250,250,240" step="2"/><T81/><D81/><U40/><E118/><V0/><F122/><W39/><G39/><T109/><D109/><U50/><E117/><V75/><F120/><W42/><G42/><T111/><D111/><U76/><E43/><V113/><F113/><W70/><AGARI ba="0,1" hai="9,15,19,25,28,34,62,66,70,88,89,96,102,106" machi="70" ten="20,12000,2" yaku="1,1,0,1,7,1,25,2,54,1,53,1" doraHai="115" doraHaiUra="98" who="3" fromWho="3" sc="250,-60,250,-30,250,-30,240,130" />
</Scene>
<Scene>
<INIT seed="1,0,0,3,5,50" ten="190,220,220,370" oya="1" hai0="29,12,55,10,18,111,97,60,8,110,20,93,91" hai1="26,47,82,118,40,119,23,117,127,69,52,75,122" hai2="7,114,1,105,79,134,14,63,68,78,24,4,83" hai3="19,99,25,39,72,133,58,59,116,27,54,92,11"/><U31/><E122/><V42/><F134/><W88/><G133/><T102/><D29/><U131/><E127/><V85/><F105/><W35/><G72/><T98/><D110/><U53/><E131/><V130/><F130/><W107/><G39/><T34/><D34/><U51/><REACH who="1" step="1"/><E69/><REACH who="1" ten="190,210,220,370" step="2"/><V77/><F114/><W112/><G112/><T73/><D111/><U106/><E106/><V125/><F125/><W94/><G107/><T2/><D2/><U56/><E56/><V62/><F1/><W38/><G59/><N who="0" m="34943" /><D73/><U37/><E37/><V66/><F42/><W74/><G74/><T15/><D15/><U28/><E28/><V128/><F128/><W65/><G38/><T109/><D109/><U129/><E129/><V95/><F95/><AGARI ba="0,1" hai="8,10,12,18,20,91,93,95,97,98,102" m="34943" machi="95" ten="30,2000,0" yaku="8,1,52,1" doraHai="50" who="0" fromWho="2" sc="190,30,210,0,220,-20,370,0" />
</Scene>
<Scene>
<INIT seed="2,0,0,4,1,105" ten="220,210,200,370" oya="2" hai0="70,27,16,92,81,29,123,64,89,126,35,1,113" hai1="122,106,22,102,61,2,51,21,63,59,30,8,73" hai2="36,114,15,84,48,43,44,41,69,86,99,124,5" hai3="54,58,62,109,67,38,55,121,39,112,52,125,49"/><V53/><F114/><W110/><G121/><T111/><D113/><U37/><E122/><V107/><F69/><W104/><G104/><T95/><D123/><U127/><E37/><N who="3" m="13834" /><G112/><T80/><D1/><U119/><E119/><V77/><F124/><W85/><G125/><T128/><D126/><U4/><E127/><V91/><F107/><W135/><G85/><T131/><D111/><N who="3" m="42505" /><G135/><T97/><D92/><U0/><E0/><V6/><F99/><W25/><G25/><T68/><D16/><U93/><E106/><V3/><F3/><W79/><G79/><T100/><D100/><U33/><E33/><V40/><F77/><W19/><G19/><T88/><D89/><U103/><E103/><V20/><F36/><W26/><G26/><T98/><D98/><U83/><E102/><V120/><F120/><W32/><G32/><T18/><D18/><U82/><E93/><V24/><F15/><W11/><G11/><T71/><REACH who="0" step="1"/><D64/><REACH who="0" ten="210,210,200,370" step="2"/><U34/><E2/><V74/><F91/><W13/><G13/><T129/><AGARI ba="0,1" hai="27,29,35,68,70,71,80,81,88,95,97,128,129,131" machi="129" ten="40,8000,1" yaku="1,1,2,1,0,1,19,1,54,1,53,0" doraHai="105" doraHaiUra="101" who="0" fromWho="0" sc="210,90,210,-20,200,-40,370,-20" />
</Scene>
<Scene>
<INIT seed="3,0,0,2,5,112" ten="300,190,160,350" oya="3" hai0="42,12,33,134,18,100,115,41,130,29,32,108,59" hai1="38,10,81,67,14,74,65,122,15,50,39,49,85" hai2="34,64,60,129,24,69,82,9,2,44,40,46,23" hai3="127,106,103,56,5,125,117,102,45,113,6,87,71"/><W8/><G113/><T17/><D115/><U16/><E122/><V76/><F34/><W47/><G71/><T77/><D100/><U116/><E74/><V118/><F118/><W78/><G5/><T53/><D77/><U86/><E116/><V63/><F129/><W109/><G106/><T119/><D119/><U107/><E107/><V30/><F63/><W123/><G123/><T91/><D130/><U1/><E1/><V121/><F121/><W58/><G117/><T97/><D108/><U99/><E99/><V26/><F26/><W73/><G73/><T111/><D111/><U110/><E110/><V133/><F133/><W35/><G35/><T61/><D134/><U54/><E54/><V95/><F95/><W68/><G68/><T4/><D4/><U120/><E120/><V96/><F96/><W19/><G19/><T21/><D29/><U94/><E94/><V104/><F104/><W88/><G78/><T57/><D33/><U22/><E39/><V27/><F27/><W7/><G8/><N who="0" m="6279" /><D32/><U128/><E38/><V28/><F28/><W101/><G109/><T83/><D59/><N who="3" m="22569" /><G7/><T75/><D75/><U124/><E128/><V48/><F46/><N who="3" m="17419" /><G6/><T43/><D43/><U79/><E79/><V126/><F126/><N who="3" m="48139" /><G87/><N who="0" m="50687" /><D97/><U62/><E124/><V25/><F24/><AGARI ba="0,0" hai="18,21,24,41,42,53,57,61" m="50687,6279" machi="24" ten="30,1000,0" yaku="8,1" doraHai="112" who="0" fromWho="2" sc="300,10,190,0,160,-10,350,0" />
</Scene>
<Scene>
<INIT seed="4,0,0,1,2,119" ten="310,190,150,350" oya="0" hai0="111,50,108,27,128,28,130,9,97,115,14,60,2" hai1="95,105,6,32,133,127,71,102,64,114,77,112,68" hai2="48,16,52,120,72,23,55,33,53,37,79,113,34" hai3="54,109,43,26,10,84,51,90,45,135,134,25,1"/><T65/><D115/><N who="1" m="44075" /><E32/><V107/><F113/><W123/><G109/><N who="0" m="42059" /><D50/><U74/><E133/><N who="3" m="50698" /><G10/><T100/><D2/><U103/><E127/><V19/><F37/><W132/><N who="3" m="50706" /><W24/><DORA hai="44" /><G1/><T118/><D118/><U67/><E105/><V61/><F120/><W87/><G43/><T46/><D46/><U30/><E30/><V104/><F72/><W13/><G13/><T82/><D82/><N who="1" m="45367" /><E6/><V75/><F75/><W12/><G12/><T88/><D14/><U83/><E83/><V86/><F61/><W39/><G39/><T78/><D78/><U98/><E103/><V66/><F66/><AGARI ba="0,0" hai="64,66,67,68,71,95,98,102" m="45367,44075" machi="66" ten="30,2000,0" yaku="15,1,11,1" doraHai="119,44" who="1" fromWho="2" sc="310,0,190,20,150,-20,350,0" />
</Scene>
<Scene>
<INIT seed="5,0,0,3,3,73" ten="310,210,130,350" oya="1" hai0="30,81,108,98,35,62,91,90,89,36,26,39,23" hai1="68,126,66,95,93,116,94,22,112,131,85,124,82" hai2="28,50,3,132,117,109,45,20,111,60,47,63,57" hai3="10,33,87,80,37,92,78,77,65,119,9,5,2"/><U121/><E121/><V25/><F117/><W44/><G33/><T74/><D108/><U79/><E116/><V32/><F3/><W97/><G119/><T115/><D115/><U15/><E112/><V114/><F132/><W70/><G10/><T61/><D35/><U27/><E131/><V17/><F114/><W56/><G70/><T14/><D14/><U52/><E15/><V133/><F133/><W99/><G99/><T88/><D98/><U19/><E68/><V83/><F111/><W130/><G130/><T125/><D125/><U134/><E134/><V8/><F109/><W4/><G4/><T71/><D91/><U12/><E66/><V59/><F8/><W76/><G56/><T127/><D127/><U86/><E86/><V1/><F1/><W72/><G87/><T84/><D84/><U120/><E120/><V41/><F83/><W43/><G65/><T128/><D128/><U102/><E102/><AGARI ba="0,0" hai="2,5,9,37,43,44,72,76,77,78,80,92,97,102" machi="102" ten="30,12000,2" yaku="7,1,25,2,52,3" doraHai="73" who="3" fromWho="1" sc="310,0,210,-120,130,0,350,120" />
</Scene>
<Scene>
<INIT seed="6,0,0,4,0,100" ten="310,90,130,470" oya="2" hai0="62,15,44,81,43,73,111,123,103,20,14,19,64" hai1="1,108,129,55,93,51,3,128,90,120,33,89,72" hai2="99,76,79,125,110,134,36,119,68,46,105,107,116" hai3="53,8,98,88,25,5,39,35,58,77,50,11,66"/><V87/><F134/><W4/><G39/><T49/><D111/><U27/><E108/><V97/><F125/><W47/><G35/><T78/><D123/><U42/><E120/><V130/><F130/><N who="1" m="50281" /><E72/><V112/><F110/><W26/><G77/><T115/><D115/><U106/><E42/><V28/><F112/><W9/><G66/><T124/><D124/><U48/><E33/><V54/><F68/><W114/><G47/><T67/><D103/><U126/><E126/><V40/><F28/><W13/><G11/><T18/><D62/><U31/><E31/><V71/><F71/><W82/><G114/><T30/><D30/><U34/><E34/><V32/><F32/><W127/><G127/><T95/><REACH who="0" step="1"/><D95/><REACH who="0" ten="300,90,130,470" step="2"/><U133/><E93/><V84/><F36/><W118/><G118/><T80/><D80/><U91/><E133/><V117/><F116/><W121/><G121/><T74/><D74/><U24/><E106/><V38/><F38/><W10/><G82/><T59/><D59/><U109/><E109/><V17/><F17/><W122/><G122/><T16/><D16/><U57/><E51/><V2/><F2/><AGARI ba="0,1" hai="1,2,3,24,27,48,55,57,89,90,91" m="50281" machi="2" ten="40,1300,0" yaku="19,1" doraHai="100" who="1" fromWho="2" sc="300,0,90,23,130,-13,470,0" />
</Scene>
<Scene>
<INIT seed="7,0,0,3,4,94" ten="300,113,117,470" oya="3" hai0="4,61,65,28,101,34,103,69,97,81,105,36,91" hai1="87,120,44,21,71,55,111,126,107,100,58,67,93" hai2="98,13,47,79,130,37,53,64,22,133,51,109,63" hai3="42,82,110,27,31,35,108,45,127,117,77,135,88"/><W1/><G117/><T116/><D116/><U52/><E120/><V118/><F118/><W132/><G127/><T85/><D36/><U74/><E74/><V70/><F133/><N who="3" m="51275" /><G1/><T29/><D4/><U43/><E111/><V38/><F130/><W76/><G76/><T46/><D46/><U3/><E3/><V49/><F109/><W24/><G24/><T16/><D103/><U10/><E126/><V9/><F22/><W122/><G88/><T50/><D50/><N who="1" m="26911" /><E107/><V66/><F79/><W119/><G119/><T95/><D34/><U33/><E33/><V104/><F66/><W20/><G20/><T54/><D54/><U23/><E71/><V129/><F129/><W6/><G6/><T59/><D69/><U89/><E100/><V72/><F72/><N who="3" m="43303" /><G122/><T73/><D73/><U68/><E68/><V12/><F104/><W2/><G2/><T26/><REACH who="0" step="1"/><D105/><REACH who="0" ten="290,113,117,470" step="2"/><U124/><E124/><V114/><F114/><W102/><G102/><T30/><D30/><U84/><E67/><V112/><F112/><W128/><G128/><T18/><D18/><U134/><E134/><V113/><F113/><W0/><G0/><T48/><D48/><AGARI ba="0,1" hai="27,31,35,42,45,48,108,110" m="43303,51275" machi="48" ten="30,1500,0" yaku="20,1" doraHai="94" who="3" fromWho="0" sc="290,-15,113,0,117,0,470,25" owari="275,8.0,113,-39.0,117,-28.0,495,59.0" />
</Scene>
</mjloggm>