<mjloggm ver="2.3"><GO type="41"/><UN n0="%E3%81%93%E3%81%BE%E3%81%A3%E3%81%95%E3%82%93" n1="%E5%A4%AA%E3%81%8F%E3%81%AA%E3%81%84%E3%81%8A" n2="%E3%81%8A%E3%81%97%E3%82%83%E3%81%BE%E3%83%9C%E3%83%BC%E3%82%A4" n3="%E5%A5%94%E6%94%BE%E9%9B%80%E5%A3%AB" dan="15,15,15,14" rate="2022,2042,1967,1930" sx="M,M,M,M"/><TAIKYOKU oya="0"/>

<Scene>
<INIT seed="0,0,0,5,1,80" ten="250,250,250,250" oya="0" hai0="114,105,2,46,75,112,120,47,63,36,53,126,42" hai1="67,55,7,83,82,128,9,77,93,87,95,65,111" hai2="84,61,12,62,94,66,27,78,117,35,118,19,51" hai3="85,56,54,125,133,15,92,89,59,127,60,70,100"/><T41/><D105/><U68/><E111/><V108/><F108/><W86/><G133/><T124/><D75/><U37/><E37/><V103/><F51/><W39/><G100/><T4/><D4/><U38/><E38/><V21/><F103/><W90/><G39/><N who="0" m="21823" /><D2/><U11/><E128/><V29/><F66/><W123/><G70/><T20/><D120/><U25/><E55/><V134/><F134/><W49/><G123/><T76/><D76/><U130/><E130/><V131/><F131/><W110/><G15/><T121/><D20/><U1/><E25/><V97/><F97/><W16/><G110/><T135/><D135/><U13/><E82/><N who="2" m="47191" /><F94/><W88/><G16/><T8/><D121/><U115/><E115/><N who="0" m="44073" /><D8/><U81/><E81/><V101/><F101/><W17/><G17/><T106/><D106/><U99/><E68/><V0/><F0/><W23/><G23/><T6/><D6/><U10/><E93/><V26/><F26/><W73/><G73/><T45/><D45/><U48/><E1/><V91/><F91/><W74/><G74/><T31/><D31/><U69/><E7/><V57/><F35/><W104/><G104/><T18/><D18/><U28/><E28/><V122/><F122/><W129/><G129/><T5/><D5/><U30/><E30/><V24/><F29/><W119/><G119/><N who="2" m="45577" /><F27/><W43/><G92/><T32/><D32/><U79/><E95/><V40/><F24/><W132/><G132/><T116/><D116/><U98/><E83/><V107/><F107/><W44/><G90/><T102/><D102/><U113/><E113/><RYUUKYOKU ba="0,0" sc="250,30,250,-10,250,-10,250,-10" hai0="36,42,47,53,63,124,126" />
</Scene>
<Scene>
<INIT seed="0,1,0,3,3,87" ten="280,240,240,240" oya="0" hai0="44,10,1,11,53,111,33,0,47,133,112,127,86" hai1="130,97,81,135,50,30,99,22,26,66,65,39,93" hai2="95,27,52,88,42,106,114,117,15,54,9,131,69" hai3="73,83,32,46,56,84,122,68,17,70,40,41,108"/><T125/><D33/><U100/><E39/><V92/><F106/><W43/><G73/><T25/><D112/><U24/><E130/><V119/><F114/><W79/><G32/><T3/><D25/><U85/><E135/><V77/><F69/><W80/><G122/><T76/><D133/><U94/><E50/><V38/><F131/><W134/><G46/><T49/><D111/><U113/><E113/><V55/><F77/><W14/><G80/><T7/><D47/><U110/><E110/><V98/><F38/><W71/><G108/><T121/><D121/><U57/><E26/><V60/><F42/><W75/><G75/><T2/><D10/><U89/><REACH who="1" step="1"/><E57/><REACH who="1" ten="280,230,240,240" step="2"/><N who="2" m="34855" /><F27/><W23/><G134/><T8/><D7/><U132/><E132/><V34/><F34/><W109/><G109/><T74/><D127/><U12/><E12/><V6/><F119/><W101/><G56/><T19/><D0/><U16/><E16/><N who="2" m="8303" /><F117/><W72/><G70/><T91/><D125/><U61/><E61/><V45/><F6/><W31/><G71/><T96/><D1/><U28/><E28/><V78/><F45/><W59/><G68/><T126/><D44/><U48/><E48/><V118/><F118/><W123/><G59/><T62/><D2/><U51/><E51/><V105/><F105/><W124/><G124/><T21/><D3/><U120/><E120/><V63/><F63/><W129/><G123/><T104/><D62/><U20/><E20/><V64/><F78/><AGARI ba="1,1" hai="22,24,30,65,66,78,81,85,89,93,94,97,99,100" machi="78" ten="30,7700,0" yaku="1,1,7,1,8,1,52,1,53,0" doraHai="87" doraHaiUra="29" who="1" fromWho="2" sc="280,0,230,90,240,-80,240,0" />
</Scene>
<Scene>
<INIT seed="1,0,0,1,0,6" ten="280,320,160,240" oya="1" hai0="126,81,5,98,86,58,2,124,76,29,7,134,11" hai1="68,78,46,24,121,125,53,84,85,35,12,92,45" hai2="73,48,33,70,41,104,26,20,103,61,91,27,93" hai3="28,54,79,34,89,25,1,82,116,95,57,101,99"/><U10/><E121/><V37/><F73/><W114/><G1/><T39/><D39/><U16/><E68/><V94/><F37/><W83/><G114/><T42/><D134/><U122/><E122/><V123/><F123/><W106/><G116/><T0/><D29/><U112/><E112/><V129/><F129/><W51/><REACH who="3" step="1"/><G79/><REACH who="3" ten="280,320,160,230" step="2"/><T74/><D0/><U23/><E78/><V66/><F33/><W127/><G127/><T64/><D126/><U44/><E35/><V19/><F104/><W55/><G55/><T105/><D124/><U38/><E125/><V102/><F27/><W133/><G133/><T120/><D2/><U14/><E38/><V118/><F118/><W17/><G17/><T3/><D3/><U69/><E69/><V71/><F71/><W87/><AGARI ba="0,1" hai="25,28,34,51,54,57,82,83,87,89,95,99,101,106" machi="87" ten="20,2700,0" yaku="1,1,0,1,7,1,53,0" doraHai="6" doraHaiUra="110" who="3" fromWho="3" sc="280,-7,320,-13,160,-7,230,37" />
</Scene>
<Scene>
<INIT seed="2,0,0,5,0,14" ten="273,307,153,267" oya="2" hai0="85,35,26,79,57,8,46,4,101,64,120,127,38" hai1="40,25,110,78,23,9,10,28,65,73,3,54,114" hai2="100,86,43,98,32,83,41,103,99,16,105,125,132" hai3="19,56,115,74,117,59,18,30,75,6,36,118,129"/><V104/><F132/><W15/><G30/><T53/><D120/><U1/><E65/><V82/><F32/><W107/><G15/><T126/><D64/><U87/><E73/><V113/><F113/><W109/><G6/><T0/><D101/><U47/><E114/><V44/><F125/><W76/><G115/><T92/><D35/><U123/><E110/><V88/><F44/><W27/><G109/><T55/><D53/><U106/><E106/><V13/><F82/><W24/><G76/><T96/><D26/><U69/><E69/><V81/><F81/><W89/><G89/><T62/><D85/><U102/><E102/><V37/><F37/><W2/><G129/><T121/><D121/><U60/><E1/><V42/><F42/><W72/><G107/><T122/><D79/><U84/><E3/><V112/><F112/><W51/><G74/><T130/><D122/><U17/><E28/><V90/><F90/><W29/><G29/><T131/><D92/><U95/><E78/><V94/><F94/><W133/><G51/><T7/><D96/><U34/><E34/><V77/><F77/><W97/><G97/><T11/><D38/><N who="1" m="21911" /><E123/><V119/><F119/><W58/><G36/><T111/><D111/><U116/><E116/><V70/><F70/><W124/><G2/><N who="0" m="23" /><D46/><U61/><E95/><V135/><F135/><W39/><G133/><T49/><D49/><U71/><E87/><V31/><F31/><W52/><G39/><T108/><D108/><U63/><E84/><V45/><F45/><W128/><G117/><T33/><D33/><U66/><E60/><RYUUKYOKU ba="0,0" sc="273,10,307,10,153,10,267,-30" hai0="0,7,11,55,57,62,126,127,130,131" hai1="9,10,17,23,25,54,61,63,66,71" hai2="13,16,41,43,83,86,88,98,99,100,103,104,105" />
</Scene>
<Scene>
<INIT seed="2,1,0,4,0,97" ten="283,317,163,237" oya="2" hai0="37,135,62,91,131,5,64,115,125,89,6,14,35" hai1="13,43,10,66,58,74,109,52,106,3,81,111,12" hai2="46,54,50,17,86,2,102,61,126,69,59,128,9" hai3="0,120,60,25,15,38,118,32,67,122,31,101,90"/><V114/><F114/><W134/><G38/><T116/><D37/><U42/><E66/><V96/><F128/><W51/><G0/><T82/><D115/><U29/><E106/><V36/><F126/><W26/><G134/><T123/><D35/><U76/><E29/><V4/><F86/><W83/><G26/><T133/><D123/><U104/><E104/><V7/><F7/><W68/><G51/><T121/><D121/><U95/><E3/><V55/><F17/><W63/><G60/><T41/><D41/><U93/><E93/><V16/><F16/><W45/><G45/><T80/><D116/><U72/><E72/><V49/><F36/><W19/><G101/><T113/><D113/><U94/><E94/><V1/><F69/><W107/><G107/><T110/><D131/><U77/><E95/><V30/><F30/><W39/><G39/><T18/><D125/><U21/><E21/><V71/><F71/><W56/><G68/><T105/><D105/><U70/><E76/><V124/><F124/><W92/><G83/><T103/><D80/><U87/><E74/><V27/><F27/><W73/><G73/><T129/><D82/><U47/><E70/><V112/><F112/><W75/><G75/><T117/><D129/><U78/><E78/><V84/><F84/><W22/><G118/><T108/><D117/><U24/><E24/><V11/><F61/><W85/><AGARI ba="1,0" hai="15,19,22,25,31,32,56,63,67,85,90,92,120,122" machi="85" ten="20,1500,0" yaku="0,1,7,1" doraHai="97" who="3" fromWho="3" sc="283,-5,317,-5,163,-8,237,18" />
</Scene>
<Scene>
<INIT seed="3,0,0,3,4,46" ten="278,312,155,255" oya="3" hai0="80,116,31,78,71,133,22,107,87,103,92,26,121" hai1="25,14,45,76,16,74,42,5,81,82,95,49,24" hai2="35,134,96,86,115,97,30,132,75,1,123,114,4" hai3="29,124,59,64,122,106,109,117,28,54,99,104,0"/><W91/><G0/><T83/><D71/><U61/><E5/><V125/><F75/><W55/><G124/><T10/><D121/><U126/><E126/><V11/><F125/><W32/><G29/><T63/><D107/><U51/><E61/><V37/><F37/><W131/><G106/><T112/><D116/><U33/><E33/><V67/><F67/><W110/><G64/><T17/><D112/><U23/><E82/><V53/><F123/><W135/><G55/><T70/><D133/><U93/><REACH who="1" step="1"/><E51/><REACH who="1" ten="278,302,155,255" step="2"/><V3/><F115/><W20/><G122/><T119/><D83/><U84/><E84/><V36/><F86/><W129/><G32/><T58/><D70/><U98/><E98/><V43/><F114/><W73/><G73/><T113/><D113/><U19/><E19/><V9/><F97/><W88/><G135/><T39/><D39/><U69/><E69/><V15/><F96/><W105/><G117/><T57/><D119/><U48/><E48/><V21/><F134/><W127/><G127/><T68/><D68/><U47/><E47/><N who="2" m="24039" /><F35/><W27/><G99/><N who="0" m="59879" /><D63/><U13/><E13/><AGARI ba="0,1" hai="10,13,17,22,26,31,57,58,78,80,87" m="59879" machi="13" ten="30,1000,0" yaku="8,1" doraHai="46" who="0" fromWho="1" sc="278,20,302,-10,155,0,255,0" />
</Scene>
<Scene>
<INIT seed="4,0,0,3,0,113" ten="298,292,155,255" oya="0" hai0="22,114,4,75,49,65,95,93,74,85,33,50,122" hai1="17,53,52,133,47,15,67,108,55,129,70,23,102" hai2="76,25,82,12,36,44,59,20,98,134,14,115,5" hai3="125,10,18,2,116,42,78,46,21,77,6,97,34"/><T71/><D33/><U54/><E108/><V29/><F115/><W30/><G125/><T109/><D114/><U39/><E129/><V119/><F134/><W123/><G97/><T121/><D4/><U19/><E133/><V66/><F98/><W69/><G69/><T110/><D65/><U31/><E102/><V84/><F36/><W91/><G91/><T96/><D85/><U48/><E39/><V131/><F131/><W40/><G116/><T43/><D71/><U100/><E100/><V1/><F44/><W9/><G42/><T26/><D96/><U83/><E83/><V127/><F127/><W62/><G62/><T90/><D22/><U104/><E104/><V32/><F32/><W80/><G10/><T111/><D26/><N who="1" m="16863" /><E70/><V61/><F119/><W124/><G123/><N who="0" m="47115" /><D90/><U112/><E112/><V3/><REACH who="2" step="1"/><F5/><REACH who="2" ten="298,292,145,255" step="2"/><W0/><G6/><T8/><D43/><U38/><E38/><V58/><F58/><W64/><G40/><T89/><D111/><U27/><E47/><V117/><F117/><W37/><G37/><T92/><D110/><U135/><E135/><V72/><F72/><W24/><G124/><T126/><D75/><U51/><E51/><V88/><F88/><W63/><G46/><T41/><D74/><U118/><E48/><V35/><F35/><W105/><G34/><T79/><D50/><U73/><E73/><V99/><F99/><W107/><G63/><T57/><D49/><U87/><E118/><V16/><F16/><W86/><G18/><T106/><D109/><U45/><E19/><V11/><F11/><W103/><G9/><RYUUKYOKU ba="0,1" sc="298,-10,292,-10,145,30,255,-10" hai2="1,3,12,14,20,25,29,59,61,66,76,82,84" />
</Scene>
<Scene>
<INIT seed="5,1,1,0,5,55" ten="288,282,175,245" oya="1" hai0="73,39,16,106,87,14,77,17,21,113,123,34,43" hai1="31,80,128,93,10,40,66,89,79,127,83,56,4" hai2="133,28,84,72,49,69,78,95,68,114,71,9,5" hai3="94,33,121,13,48,100,132,42,105,120,88,65,20"/><U29/><E127/><V3/><F133/><W61/><G33/><T36/><D106/><U38/><E128/><V135/><F135/><W130/><G130/><T74/><D34/><U19/><E19/><V116/><F116/><W108/><G105/><T51/><D87/><U110/><E110/><V54/><F28/><W90/><G100/><T26/><D123/><U129/><E129/><V115/><F72/><W23/><G90/><T112/><D51/><U101/><E101/><V67/><F67/><W131/><G108/><T111/><D43/><U41/><E38/><V50/><F54/><W118/><G118/><T7/><D7/><U92/><E79/><V96/><F78/><W63/><G132/><T70/><D111/><U134/><E134/><V22/><F84/><W126/><G126/><T59/><D77/><U35/><E35/><V81/><F22/><W30/><G20/><N who="0" m="11287" /><D39/><U102/><E102/><N who="2" m="60703" /><F81/><W25/><G131/><T109/><D36/><U60/><E83/><V125/><F125/><W12/><G120/><T62/><D109/><U27/><E80/><V122/><F122/><W2/><G2/><T86/><D86/><N who="1" m="52279" /><E93/><V99/><F99/><W1/><G1/><T44/><D70/><N who="2" m="17922" /><V97/><DORA hai="52" /><F97/><W75/><G75/><T15/><D74/><U64/><E64/><V107/><F107/><W6/><G65/><N who="0" m="39135" /><D73/><U119/><E119/><V91/><F115/><N who="0" m="44106" /><D26/><U58/><E27/><V117/><F114/><W82/><G25/><T53/><D53/><N who="1" m="33807" /><E40/><V18/><F117/><W47/><G42/><T46/><AGARI ba="1,1" hai="15,17,21,44,46" m="44106,39135,11287" machi="46" ten="30,7900,0" yaku="15,1,52,2,54,1" doraHai="55,52" who="0" fromWho="0" sc="288,92,282,-40,175,-21,245,-21" />
</Scene>
<Scene>
<INIT seed="6,0,0,1,5,102" ten="380,242,154,224" oya="2" hai0="51,22,89,46,111,14,44,65,39,91,110,131,30" hai1="115,75,42,74,112,100,61,50,13,101,2,96,83" hai2="25,35,114,24,92,58,55,29,81,122,71,66,120" hai3="59,85,127,106,26,28,33,105,90,53,128,31,93"/><V20/><F114/><N who="1" m="43561" /><E2/><V36/><F36/><W9/><G127/><T79/><D79/><U124/><E124/><V134/><F134/><W18/><G128/><T23/><D65/><U34/><E34/><V56/><F71/><W72/><G72/><T126/><D131/><U52/><E42/><V107/><F81/><W57/><G31/><T77/><D77/><U1/><E1/><V0/><F0/><W108/><G108/><T129/><D126/><U76/><E61/><V87/><F66/><W123/><G123/><T11/><D129/><U48/><E48/><V109/><F109/><W6/><G18/><T4/><D39/><U64/><E64/><V99/><F58/><W7/><G57/><T3/><D46/><N who="1" m="27735" /><E13/><V67/><F67/><W121/><G121/><T47/><D47/><U125/><E125/><V60/><F87/><W133/><G133/><T19/><D111/><U97/><E74/><V21/><F107/><W104/><REACH who="3" step="1"/><G9/><REACH who="3" ten="380,242,154,214" step="2"/><T88/><D110/><U68/><E68/><V15/><F15/><W86/><G86/><T63/><D3/><U118/><E118/><V84/><F84/><W117/><G117/><T62/><D30/><U116/><E116/><V45/><F45/><W8/><G8/><T38/><D11/><U40/><E40/><V70/><F70/><W119/><G119/><T80/><D38/><U78/><E78/><V94/><F35/><W132/><G132/><T95/><D19/><U82/><E82/><V41/><F41/><W130/><G130/><T5/><D80/><U17/><E75/><V27/><F29/><W32/><G32/><RYUUKYOKU ba="0,1" sc="380,-10,242,-10,154,-10,214,30" hai3="6,7,26,28,33,53,59,85,90,93,104,105,106" />
</Scene>
<Scene>
<INIT seed="7,1,1,1,3,119" ten="370,232,144,244" oya="3" hai0="6,68,24,11,112,97,48,36,26,108,114,113,53" hai1="122,104,27,21,1,51,67,74,3,71,20,38,116" hai2="29,28,32,110,10,58,127,59,107,42,7,117,14" hai3="79,80,124,22,8,81,9,121,60,17,73,130,72"/><W0/><G130/><T133/><D108/><U132/><E38/><V86/><F110/><W129/><G124/><T115/><D36/><U63/><E104/><V37/><F117/><W45/><G121/><T100/><D68/><U66/><E74/><V65/><F107/><W5/><G129/><T125/><D125/><U15/><E116/><V123/><F127/><W70/><G45/><N who="0" m="27791" /><D133/><U84/><E122/><V95/><F32/><W82/><G9/><T31/><D31/><U62/><E51/><V52/><F65/><W93/><G93/><N who="0" m="58415" /><D115/><U76/><E132/><V35/><F35/><W85/><G85/><T19/><D19/><U135/><E135/><V89/><F59/><W98/><G98/><T91/><D91/><U47/><E47/><V109/><F109/><W13/><G73/><T2/><AGARI ba="1,1" hai="2,6,11,24,26,112,113,114" m="58415,27791" machi="2" ten="30,2000,0" yaku="15,1,11,1" doraHai="119" who="0" fromWho="0" sc="370,33,232,-6,144,-6,244,-11" owari="403,50.0,226,-17.0,138,-36.0,233,3.0" />
</Scene>
</mjloggm>