<mjloggm ver="2.3"><GO type="41"/><UN n0="%E5%A4%AA%E3%81%8F%E3%81%AA%E3%81%84%E3%81%8A" n1="%E3%82%B1%E3%83%B3%E3%82%B1%E3%83%B3%EF%BC%92%EF%BC%90%EF%BC%90%EF%BC%99" n2="%E9%AD%82%E3%81%AB%E5%88%BB%E3%82%81" n3="%E3%82%A8%E3%83%AA%E3%82%AB" dan="15,14,15,15" rate="2054,1899,1978,2013" sx="M,M,M,F"/><TAIKYOKU oya="0"/>

<Scene>
<INIT seed="0,0,0,4,3,92" ten="250,250,250,250" oya="0" hai0="107,123,102,66,121,118,73,49,15,117,1,62,78" hai1="45,31,81,41,65,63,70,5,2,120,88,50,67" hai2="94,114,52,129,64,59,46,113,119,135,127,56,47" hai3="103,53,69,91,3,27,36,48,20,13,74,9,122"/><T125/><D15/><U14/><E120/><N who="0" m="46153" /><D49/><U93/><E81/><V32/><F32/><W68/><G36/><T6/><D78/><U115/><E115/><V8/><F8/><W57/><G122/><T71/><D73/><U85/><E2/><V72/><F72/><W35/><G74/><T134/><D134/><U109/><E109/><V112/><F94/><W82/><G103/><T30/><D125/><U131/><E131/><V17/><F17/><N who="3" m="10287" /><G91/><T24/><D6/><U16/><E31/><V75/><F75/><W90/><G90/><T116/><D1/><U61/><E5/><V26/><F26/><W38/><G82/><T60/><D60/><U34/><E34/><V54/><F129/><W33/><G38/><T132/><D132/><U44/><E44/><N who="2" m="16939" /><F135/><W10/><G10/><T104/><D102/><U77/><E77/><V130/><F130/><W124/><G124/><T99/><D99/><U80/><E80/><V133/><F133/><W22/><G22/><T86/><D86/><U40/><E40/><V55/><F127/><W106/><G35/><AGARI ba="0,0" hai="24,30,35,62,66,71,104,107,116,117,118" m="46153" machi="35" ten="40,2000,0" yaku="23,1" doraHai="92" who="0" fromWho="3" sc="250,20,250,0,250,0,250,-20" />
</Scene>
<Scene>
<INIT seed="0,1,0,4,0,116" ten="270,250,250,230" oya="0" hai0="60,128,13,122,134,29,135,74,131,111,11,130,40" hai1="125,59,85,126,43,56,68,92,57,117,38,4,80" hai2="89,78,81,18,67,63,21,101,45,79,95,25,96" hai3="54,107,33,50,127,8,7,73,47,20,9,109,77"/><T129/><D74/><U99/><E117/><V6/><F6/><W102/><G33/><T0/><D40/><U14/><E68/><V32/><F45/><W94/><G107/><T17/><D60/><U123/><E38/><V69/><F32/><W22/><G109/><T55/><D55/><U88/><E43/><V48/><F48/><W42/><G127/><T82/><D82/><U5/><E14/><V121/><F121/><W119/><G119/><T16/><D129/><U44/><E44/><V61/><F63/><W24/><G73/><T71/><D71/><U70/><E70/><V114/><F114/><W3/><G77/><T41/><D41/><U10/><E123/><V66/><F67/><W91/><G102/><T19/><D122/><U34/><E34/><V49/><F49/><W105/><G105/><T87/><D87/><U84/><E10/><V106/><F81/><W97/><G42/><T83/><D83/><U124/><REACH who="1" step="1"/><E84/><AGARI ba="1,0" hai="18,21,25,61,66,69,78,79,84,89,95,96,101,106" machi="84" ten="30,1000,0" yaku="7,1" doraHai="116" who="2" fromWho="1" sc="270,0,250,-13,250,13,230,0" />
</Scene>
<Scene>
<INIT seed="1,0,0,4,2,36" ten="270,237,263,230" oya="1" hai0="10,126,9,132,61,77,26,70,47,24,88,94,91" hai1="104,128,51,17,58,131,64,4,12,97,22,46,42" hai2="33,66,74,114,129,16,68,6,101,92,78,76,63" hai3="0,100,83,14,72,20,34,85,67,56,107,125,57"/><U123/><E123/><V112/><F33/><W29/><G0/><T108/><D108/><U15/><E64/><V55/><F74/><W59/><G72/><T62/><D126/><U117/><E117/><V32/><F32/><W82/><G125/><T31/><D132/><U49/><E58/><V135/><F6/><W119/><G119/><T35/><D77/><U23/><E51/><V38/><F38/><W25/><G107/><T98/><D26/><U95/><E104/><V106/><F135/><W28/><G100/><T102/><D47/><U43/><E4/><V71/><F129/><W30/><G34/><T11/><REACH who="0" step="1"/><D70/><REACH who="0" ten="260,237,263,230" step="2"/><U105/><E105/><V79/><F71/><W116/><G116/><T54/><D54/><N who="1" m="30007" /><E128/><V18/><F55/><W41/><G67/><T89/><AGARI ba="0,1" hai="9,10,11,24,31,35,61,62,88,89,91,94,98,102" machi="89" ten="30,7900,0" yaku="1,1,0,1,54,1,53,1" doraHai="36" doraHaiUra="90" who="0" fromWho="0" sc="260,89,237,-39,263,-20,230,-20" />
</Scene>
<Scene>
<INIT seed="2,0,0,0,0,87" ten="349,198,243,210" oya="2" hai0="50,61,40,11,49,135,58,56,128,36,112,0,1" hai1="65,129,24,119,21,120,122,133,3,16,32,38,90" hai2="89,118,102,110,64,57,100,10,86,28,108,70,43" hai3="80,30,44,29,23,35,107,5,25,78,81,7,116"/><V104/><F118/><W98/><G116/><T74/><D74/><U20/><E38/><V117/><F117/><W27/><G44/><T93/><D112/><U17/><E119/><V42/><F70/><W68/><G68/><T15/><D36/><U126/><E65/><V53/><F28/><W76/><G98/><T13/><D135/><U106/><E106/><V88/><F10/><W103/><G103/><N who="2" m="39465" /><F64/><W62/><G62/><T83/><D128/><U34/><E129/><V71/><F71/><W94/><G94/><T127/><D93/><U99/><E133/><V9/><F9/><W12/><G12/><T59/><D13/><U41/><E41/><N who="2" m="15371" /><F86/><W97/><G97/><T132/><D11/><U121/><E126/><V125/><F104/><W37/><G37/><T123/><D127/><U45/><E45/><V91/><F125/><W51/><G107/><T114/><D114/><U96/><E3/><V101/><N who="2" m="39473" /><V105/><DORA hai="79" /><F105/><W69/><G69/><T109/><D1/><U26/><REACH who="1" step="1"/><E121/><REACH who="1" ten="349,188,243,210" step="2"/><V54/><F57/><W33/><G51/><T47/><D50/><U85/><E85/><V19/><F19/><W66/><G66/><T134/><D123/><U46/><E46/><V72/><F72/><W124/><G124/><T14/><D0/><U115/><E115/><V130/><F130/><W82/><G23/><T6/><D40/><U111/><E111/><AGARI ba="0,1" hai="53,54,88,89,91,108,110,111" m="15371,39473" machi="111" ten="40,24000,3" yaku="28,2,14,1,10,1,52,3,54,1" doraHai="87,79" who="2" fromWho="1" sc="349,0,188,-240,243,250,210,0" owari="349,15.0,-52,-55.0,493,59.0,210,-19.0" />
</Scene>
</mjloggm>