<mjloggm ver="2.3"><GO type="169"/><UN n0="%E3%83%88%E3%83%90%E3%82%BE" n1="%E5%A4%AA%E3%81%8F%E3%81%AA%E3%81%84%E3%81%8A" n2="%E3%81%84%E3%81%A1%E3%81%8B%E3%82%8F%E2%99%AA" n3="%E3%82%86%E3%81%8D%E3%81%93%E3%81%AB%E3%82%83%E3%82%93" dan="17,17,17,16" rate="2179,2148,2146,2038" sx="M,M,M,F"/><TAIKYOKU oya="0"/>

<Scene>
<INIT seed="0,0,0,4,5,67" ten="250,250,250,250" oya="0" hai0="79,80,81,14,20,76,59,127,95,121,40,72,46" hai1="77,24,83,113,48,86,8,9,135,78,0,44,61" hai2="102,50,15,57,117,3,58,16,130,88,94,123,18" hai3="85,84,73,7,34,64,65,5,90,53,124,62,12"/><T30/><D121/><U91/><E135/><V103/><F3/><W118/><G73/><T56/><D127/><U119/><E119/><V109/><F123/><W6/><G118/><T111/><D111/><U126/><E126/><V21/><F117/><W47/><G34/><T114/><D114/><U104/><E104/><V89/><F130/><W38/><G124/><T99/><D30/><U68/><E113/><V106/><F109/><W108/><G65/><T11/><D20/><U101/><E101/><N who="2" m="38411" /><F106/><W31/><G31/><T49/><D95/><U110/><E110/><V112/><F112/><W32/><G32/><T92/><D92/><U107/><E107/><V132/><F132/><W63/><G63/><T54/><D99/><U134/><E134/><V116/><F116/><W97/><G97/><T70/><D70/><U41/><E0/><V66/><F18/><W17/><G108/><T2/><D2/><U36/><E36/><V26/><F26/><W22/><G90/><N who="2" m="34921" /><F66/><W133/><G133/><T45/><D45/><U71/><E24/><V33/><F33/><W39/><G39/><T131/><D131/><U105/><E105/><V75/><F75/><W43/><REACH who="3" step="1"/><G53/><REACH who="3" ten="250,250,250,240" step="2"/><T125/><D125/><U96/><E96/><V25/><F94/><W115/><G115/><T35/><D35/><U52/><E91/><V4/><F50/><W23/><G23/><T100/><D100/><U55/><E48/><V51/><F51/><W10/><G10/><AGARI ba="0,1" hai="4,10,15,16,21,25,57,58" m="34921,38411" machi="10" ten="30,3900,0" yaku="8,1,54,2" doraHai="67" who="2" fromWho="3" sc="250,0,250,0,250,49,240,-39" />
</Scene>
<Scene>
<INIT seed="1,0,0,2,2,111" ten="250,250,299,201" oya="1" hai0="80,70,100,7,132,118,103,85,28,39,43,4,99" hai1="61,124,56,127,63,101,15,130,41,78,51,42,92" hai2="22,89,116,55,25,23,82,87,60,121,36,105,119" hai3="44,13,109,27,18,72,108,68,84,31,53,126,35"/><U114/><E78/><V6/><F36/><W75/><G68/><T14/><D118/><U62/><E15/><V95/><F105/><W12/><G126/><N who="1" m="48170" /><E101/><V32/><F121/><W47/><G84/><T66/><D132/><U104/><E104/><V34/><F6/><W59/><G12/><T49/><D103/><U122/><E92/><V3/><F3/><W67/><G67/><T102/><D102/><U112/><E122/><V10/><F22/><W96/><G96/><T77/><D28/><U98/><E98/><V88/><F10/><N who="3" m="6455" /><G72/><T24/><D24/><U57/><E130/><V52/><F119/><W133/><G75/><T76/><D76/><U86/><E86/><V11/><F11/><W115/><G133/><T9/><D7/><U69/><E69/><V81/><F116/><W50/><G115/><N who="1" m="44074" /><E51/><V2/><F2/><W93/><G93/><T90/><D77/><U1/><E1/><V65/><F82/><W94/><G94/><T106/><D49/><U40/><AGARI ba="0,0" hai="40,41,42,56,57,61,62,63" m="44074,48170" machi="40" ten="40,24000,3" yaku="28,2,18,1,34,2,52,3" doraHai="111" who="1" fromWho="1" sc="250,-80,250,240,299,-80,201,-80" />
</Scene>
<Scene>
<INIT seed="1,1,0,0,2,133" ten="170,490,219,121" oya="1" hai0="84,62,98,4,20,82,92,115,36,39,18,125,16" hai1="35,81,47,130,107,29,99,63,24,28,0,77,38" hai2="94,6,69,131,135,7,1,101,58,65,123,23,60" hai3="106,93,43,15,89,120,79,32,88,5,90,105,110"/><U71/><E0/><V56/><F123/><W40/><G32/><T124/><D115/><U57/><E130/><V72/><F72/><W31/><G31/><T127/><D62/><U91/><E29/><V116/><F135/><W97/><G5/><T54/><D54/><U103/><E91/><N who="3" m="34890" /><G15/><N who="0" m="9247" /><D4/><U64/><E57/><V27/><F131/><W109/><G40/><T134/><D134/><U34/><E34/><V52/><F116/><W111/><G43/><T61/><D61/><U113/><E113/><V17/><F1/><W76/><G120/><T9/><D92/><U73/><E47/><V70/><F69/><W14/><G14/><N who="0" m="7503" /><D98/><U96/><E99/><N who="2" m="59639" /><F70/><W67/><G67/><T41/><D41/><U126/><E38/><V48/><AGARI ba="1,0" hai="6,7,17,23,27,48,52,56,58,60,65" m="59639" machi="48" ten="30,2000,0" yaku="8,1,54,1" doraHai="133" who="2" fromWho="2" sc="170,-6,490,-11,219,23,121,-6" />
</Scene>
<Scene>
<INIT seed="2,0,0,4,4,101" ten="164,479,242,115" oya="2" hai0="103,126,69,86,9,66,117,24,46,59,74,30,71" hai1="109,7,47,61,132,44,26,36,41,68,73,97,89" hai2="51,21,80,48,42,81,113,12,134,17,52,84,111" hai3="31,133,108,130,62,70,122,94,116,118,127,33,27"/><V104/><F104/><W100/><G122/><T15/><D74/><U0/><E73/><V60/><F113/><W53/><G108/><T55/><D126/><U37/><E109/><V114/><F114/><W131/><G127/><T29/><D117/><U67/><E132/><V35/><F35/><W50/><G133/><T75/><D75/><U115/><E115/><V22/><F134/><W85/><G62/><T56/><D46/><U90/><E26/><V1/><F1/><W88/><G100/><T23/><D30/><U107/><E107/><V95/><F111/><W14/><G14/><T120/><D120/><U123/><E123/><V4/><F22/><W65/><G65/><T72/><D72/><U40/><E97/><V77/><F4/><W82/><G82/><T102/><D102/><U92/><E92/><V25/><F80/><W45/><REACH who="3" step="1"/><G70/><REACH who="3" ten="164,479,242,105" step="2"/><T58/><D71/><U19/><E61/><V39/><F12/><W106/><G106/><T10/><D103/><U43/><E67/><V16/><F95/><W119/><AGARI ba="0,1" hai="27,31,33,45,50,53,85,88,94,116,118,119,130,131" machi="119" ten="40,8000,1" yaku="1,1,0,1,54,1,53,1" doraHai="101" doraHaiUra="20" who="3" fromWho="3" sc="164,-20,479,-20,242,-40,105,90" />
</Scene>
<Scene>
<INIT seed="3,0,0,4,2,48" ten="144,459,202,195" oya="3" hai0="99,2,83,54,19,14,131,119,104,29,74,84,115" hai1="66,36,20,3,88,135,134,60,114,122,96,82,52" hai2="34,72,58,37,118,80,75,1,7,89,46,86,128" hai3="109,120,113,76,4,93,129,10,130,18,22,100,79"/><W67/><G120/><T16/><D119/><U42/><E122/><V27/><F128/><N who="3" m="49259" /><G113/><T64/><D131/><U69/><E114/><V23/><F118/><W45/><G67/><T116/><D2/><U21/><E3/><V33/><F72/><W95/><G109/><T133/><D116/><U124/><E124/><V127/><F75/><W32/><G32/><T70/><D115/><U53/><E42/><V63/><F127/><W57/><G57/><T11/><D74/><U117/><E36/><V94/><F7/><W90/><G100/><T9/><D29/><U6/><E6/><V8/><F8/><W85/><G95/><T5/><D133/><N who="1" m="50699" /><E117/><V123/><F1/><N who="3" m="271" /><G45/><T107/><D64/><U108/><E108/><V44/><F123/><W111/><G111/><T87/><D70/><U59/><E69/><V126/><F126/><W106/><G106/><T49/><D11/><U71/><E71/><V12/><F33/><W110/><G110/><T81/><D104/><U13/><E96/><V68/><F68/><W51/><G51/><T125/><D125/><U15/><E21/><V102/><F37/><W62/><G62/><T38/><D38/><U65/><E65/><N who="2" m="39159" /><F102/><W30/><G30/><T47/><D99/><U56/><E56/><V105/><F94/><W31/><G31/><T17/><D107/><U40/><E20/><V0/><F0/><W43/><G43/><T77/><D5/><U50/><E40/><V112/><F105/><W41/><G41/><T26/><D26/><AGARI ba="0,0" hai="18,22,26,76,79,85,90,93" m="271,49259" machi="26" ten="30,1500,0" yaku="19,1" doraHai="48" who="3" fromWho="0" sc="144,-15,459,0,202,0,195,15" />
</Scene>
<Scene>
<INIT seed="3,1,0,4,0,123" ten="129,459,202,210" oya="3" hai0="127,64,61,52,92,129,45,79,94,69,101,76,75" hai1="134,50,87,77,26,18,109,73,24,74,22,12,85" hai2="49,135,34,20,88,128,97,100,60,36,91,44,110" hai3="96,7,16,102,28,66,108,4,56,104,112,132,6"/><W54/><G112/><T80/><D79/><U113/><E113/><V1/><F34/><W2/><G28/><T65/><D129/><U105/><E105/><V25/><F36/><W107/><G132/><T89/><D127/><U72/><E134/><V125/><F1/><W13/><G66/><T131/><D131/><U68/><E68/><V122/><F135/><W106/><G2/><T78/><D78/><U32/><E109/><V37/><F37/><W33/><G33/><T3/><D3/><U119/><E119/><V90/><F125/><W53/><G53/><T99/><D69/><U39/><E39/><V121/><F128/><W15/><G15/><T118/><D118/><U35/><E50/><V5/><F5/><W126/><G126/><T42/><D61/><U116/><E116/><V0/><F60/><W70/><G70/><T84/><REACH who="0" step="1"/><D52/><REACH who="0" ten="119,459,202,210" step="2"/><U98/><E77/><V40/><F0/><W86/><G54/><T38/><AGARI ba="1,1" hai="38,42,45,64,65,75,76,80,84,89,92,94,99,101" machi="38" ten="20,5200,0" yaku="1,1,2,1,0,1,7,1,53,0" doraHai="123" doraHaiUra="31" who="0" fromWho="0" sc="119,65,459,-14,202,-14,210,-27" />
</Scene>
<Scene>
<INIT seed="4,0,0,1,5,132" ten="184,445,188,183" oya="0" hai0="74,40,118,18,83,44,48,116,117,133,57,22,114" hai1="120,19,98,66,14,28,122,53,81,23,27,32,45" hai2="127,75,97,80,123,135,9,93,25,130,112,15,8" hai3="7,12,77,17,102,106,103,82,47,13,71,4,76"/><T113/><D133/><U108/><E108/><V46/><F123/><W0/><G71/><T20/><D57/><U88/><E66/><V11/><F112/><N who="0" m="43114" /><D18/><U73/><E73/><V35/><F135/><W33/><G33/><T39/><D39/><U124/><E124/><V69/><F69/><W16/><G47/><T64/><D64/><U67/><E67/><V36/><F130/><W62/><G62/><T68/><D68/><U121/><E98/><V100/><F15/><W38/><G38/><T111/><D111/><U61/><E61/><V128/><F128/><W1/><REACH who="3" step="1"/><G82/><REACH who="3" ten="184,445,188,173" step="2"/><T2/><D2/><U34/><E34/><V63/><F63/><W30/><G30/><T131/><D131/><U37/><E37/><V55/><F36/><W3/><G3/><T96/><D96/><U134/><E134/><V70/><F70/><W105/><AGARI ba="0,1" hai="0,1,4,7,12,13,16,17,76,77,102,103,105,106" machi="105" ten="25,8000,1" yaku="1,1,0,1,22,2,54,1,53,0" doraHai="132" doraHaiUra="92" who="3" fromWho="3" sc="184,-40,445,-20,188,-20,173,90" />
</Scene>
<Scene>
<INIT seed="5,0,0,2,4,17" ten="144,425,168,263" oya="1" hai0="39,14,24,124,80,93,92,53,70,128,110,90,52" hai1="13,105,68,65,91,37,112,119,97,135,86,26,0" hai2="96,61,126,36,79,117,7,20,67,113,82,71,87" hai3="3,15,133,18,88,30,6,10,33,74,59,49,63"/><U54/><E119/><V11/><F36/><W109/><G74/><T116/><D110/><U32/><E0/><V127/><F117/><W41/><G109/><T108/><D116/><U85/><E37/><V100/><F20/><W111/><G111/><T77/><D108/><U57/><E13/><V58/><F71/><W23/><G133/><T81/><D70/><U69/><E69/><V95/><REACH who="2" step="1"/><F113/><REACH who="2" ten="144,425,158,263" step="2"/><W9/><G9/><T27/><D39/><U72/><E68/><V4/><F4/><W29/><G10/><T114/><D114/><U64/><E112/><V115/><F115/><W83/><G6/><T106/><D128/><U120/><E135/><V5/><F5/><W78/><G33/><T56/><D124/><U121/><E32/><V103/><F103/><W98/><G23/><T102/><D102/><U16/><E121/><V12/><AGARI ba="0,1" hai="7,11,12,58,61,67,79,82,87,95,96,100,126,127" machi="12" ten="30,4000,0" yaku="1,1,0,1,53,1" doraHai="17" doraHaiUra="89" who="2" fromWho="2" sc="144,-10,425,-20,158,50,263,-10" />
</Scene>
<Scene>
<INIT seed="6,0,0,4,0,29" ten="134,405,208,253" oya="2" hai0="70,109,31,57,32,59,132,50,6,118,68,115,65" hai1="55,21,112,51,25,20,71,16,80,41,99,36,74" hai2="110,77,40,62,24,114,13,103,98,94,0,38,87" hai3="131,104,96,90,100,102,101,61,45,30,54,127,33"/><V2/><F114/><W120/><G120/><T9/><D109/><U67/><E112/><V48/><F38/><W89/><G131/><T47/><D115/><U107/><E36/><V95/><F110/><W73/><G73/><T4/><D132/><U97/><E41/><V37/><F37/><W122/><G122/><T121/><D121/><U53/><E71/><V134/><F134/><W17/><G127/><T35/><D118/><U23/><E67/><V126/><F126/><W1/><G1/><T84/><D84/><U91/><E107/><V113/><F113/><W135/><G135/><T119/><D119/><U130/><E130/><V79/><F13/><W88/><G17/><T75/><D75/><U26/><E74/><V86/><F2/><W27/><G45/><T72/><D72/><U49/><E80/><N who="2" m="47375" /><F0/><W129/><G129/><T5/><D47/><N who="1" m="27839" /><E91/><N who="2" m="53631" /><F24/><N who="1" m="9321" /><E16/><V111/><F111/><W8/><G8/><T56/><D65/><U28/><E28/><V63/><F79/><W43/><G27/><T11/><D50/><U42/><E42/><V133/><F133/><W7/><G30/><T123/><D123/><U14/><E14/><V15/><F15/><W125/><G43/><T83/><D83/><U19/><E19/><V18/><F18/><W106/><G125/><T78/><D78/><U81/><E81/><V39/><F39/><W92/><G106/><T116/><D116/><U52/><E55/><V34/><F34/><N who="0" m="12842" /><D31/><U128/><E128/><V93/><F93/><W44/><G92/><T58/><N who="0" m="14336" /><DORA hai="64" /><T66/><D66/><U60/><E51/><V3/><F3/><RYUUKYOKU ba="0,0" sc="134,10,405,10,208,10,253,-30" hai0="4,5,6,9,11,68,70" hai1="20,21,23,52,60,97,99" hai2="40,48,62,63,95,98,103" />
</Scene>
<Scene>
<INIT seed="6,1,0,2,2,53" ten="144,415,218,223" oya="2" hai0="116,127,39,5,133,23,134,64,50,123,10,88,18" hai1="86,33,58,25,114,69,28,17,100,101,27,2,1" hai2="121,77,82,62,61,129,125,128,14,106,135,44,54" hai3="75,115,6,89,56,126,112,130,65,49,87,107,19"/><V84/><F106/><W3/><G75/><T117/><D39/><U98/><E69/><V67/><F121/><W110/><G107/><T96/><D64/><U97/><E114/><N who="3" m="43562" /><G110/><T31/><D123/><U74/><E74/><V92/><F125/><W80/><G126/><T45/><D127/><U76/><E76/><V42/><F135/><N who="0" m="51722" /><D31/><U46/><E86/><V12/><F54/><N who="3" m="31823" /><G65/><T81/><D18/><U38/><E17/><V47/><F62/><W120/><G120/><T16/><D5/><U109/><E109/><V102/><F129/><W111/><G111/><T113/><D113/><U8/><E38/><V79/><F79/><W29/><G29/><T91/><D10/><U104/><E8/><V71/><F128/><W122/><G122/><T105/><D81/><U93/><E27/><V7/><F7/><W57/><G19/><T9/><D9/><U83/><E83/><V24/><F24/><W108/><G108/><T99/><D105/><U94/><E104/><V43/><F14/><W73/><G73/><T132/><N who="0" m="51730" /><T90/><DORA hai="51" /><D117/><U21/><E25/><V66/><F12/><W63/><G130/><T34/><D34/><U26/><E33/><V60/><F67/><N who="3" m="39407" /><G6/><T41/><D116/><U35/><E35/><V15/><F66/><W0/><AGARI ba="1,0" hai="0,3,80,87,89" m="39407,31823,43562" machi="0" ten="30,8000,1" yaku="15,1,11,1,52,3" doraHai="53,51" who="3" fromWho="3" sc="144,-21,415,-21,218,-41,223,83" />
</Scene>
<Scene>
<INIT seed="7,0,0,0,2,54" ten="123,394,177,306" oya="3" hai0="52,25,45,33,0,108,28,64,35,23,134,30,77" hai1="94,66,49,103,36,84,59,72,58,57,81,42,16" hai2="107,102,97,51,87,106,27,120,116,73,114,96,37" hai3="117,135,95,3,29,100,13,40,129,78,76,113,88"/><W128/><G3/><T43/><D134/><U132/><E72/><V15/><F37/><W71/><G117/><T92/><D108/><U65/><E36/><V12/><F73/><W7/><G71/><T4/><D64/><U91/><E132/><V99/><F116/><W85/><G135/><T86/><D30/><U80/><E16/><V20/><F114/><W47/><G29/><T111/><D111/><U124/><E124/><V104/><F120/><W127/><G100/><T69/><D69/><U56/><E56/><V130/><F102/><W18/><G7/><T109/><D109/><U82/><E103/><V10/><F87/><W62/><G113/><T32/><D4/><U119/><E119/><V83/><F83/><W55/><G127/><T90/><D0/><U14/><E14/><V21/><F130/><N who="3" m="50283" /><G40/><T68/><D68/><U9/><E9/><V74/><F74/><W110/><G110/><T50/><D77/><U63/><E66/><V101/><F101/><W105/><G105/><T44/><REACH who="0" step="1"/><D35/><REACH who="0" ten="113,394,177,306" step="2"/><U93/><E65/><V38/><F10/><N who="3" m="6455" /><G76/><T75/><D75/><U79/><E79/><V48/><F38/><AGARI ba="0,1" hai="23,25,28,32,33,38,43,44,45,50,52,86,90,92" machi="38" ten="30,3900,0" yaku="1,1,7,1,54,1,53,0" doraHai="54" doraHaiUra="112" who="0" fromWho="2" sc="113,49,394,0,177,-39,306,0" owari="162,-24.0,394,49.0,138,-36.0,306,11.0" />
</Scene>
</mjloggm>