<mjloggm ver="2.3"><GO type="169"/><UN n0="%E3%83%80%E3%83%A1%E9%9B%80%E5%A3%AB" n1="%E3%83%AD%E3%83%AA%E3%83%BC%E3%82%BF%E3%81%AA%E7%84%BC%E8%82%89" n2="%2D%61%76%61%74%61%72%2D" n3="%E5%A4%AA%E3%81%8F%E3%81%AA%E3%81%84%E3%81%8A" dan="16,16,17,18" rate="2124,2103,2141,2209" sx="M,F,M,M"/><TAIKYOKU oya="0"/>

<Scene>
<INIT seed="0,0,0,5,3,121" ten="250,250,250,250" oya="0" hai0="15,20,70,9,67,31,41,26,4,112,108,103,61" hai1="24,76,82,111,72,96,13,8,7,37,119,22,132" hai2="80,52,66,75,62,50,17,32,117,56,10,74,33" hai3="78,125,68,130,109,34,69,30,58,97,81,43,87"/><T1/><D112/><U16/><E119/><V29/><F117/><W0/><G0/><T46/><D103/><U73/><E37/><V105/><F105/><W36/><G130/><T3/><REACH who="0" step="1"/><D108/><REACH who="0" ten="240,250,250,250" step="2"/><U12/><E111/><V134/><F134/><W55/><G109/><T116/><D116/><U77/><E132/><V28/><F32/><W44/><G125/><T95/><D95/><U64/><E64/><V84/><F33/><W91/><G34/><T2/><D2/><U94/><E77/><V124/><F124/><W131/><G131/><T110/><D110/><U65/><E65/><V104/><F104/><W102/><G78/><T120/><D120/><U40/><E40/><V114/><F66/><W92/><REACH who="3" step="1"/><G30/><REACH who="3" ten="240,250,250,240" step="2"/><T5/><D5/><U86/><REACH who="1" step="1"/><E24/><REACH who="1" ten="240,240,250,240" step="2"/><V45/><F114/><W49/><AGARI ba="0,3" hai="36,43,44,49,55,58,68,69,81,87,91,92,97,102" machi="49" ten="20,5200,0" yaku="1,1,2,1,0,1,7,1,53,0" doraHai="121" doraHaiUra="123" who="3" fromWho="3" sc="240,-26,240,-13,250,-13,240,82" />
</Scene>
<Scene>
<INIT seed="1,0,0,4,2,123" ten="214,227,237,322" oya="1" hai0="41,76,6,111,112,102,97,52,119,29,122,42,36" hai1="93,75,63,10,21,132,49,3,16,72,100,34,1" hai2="113,14,74,79,20,94,129,81,18,133,114,57,91" hai3="31,25,26,130,115,84,89,37,62,120,78,82,48"/><U92/><E34/><V124/><F124/><W11/><G120/><T73/><D122/><U99/><E132/><V44/><F133/><W121/><G121/><T33/><D112/><U98/><E63/><V71/><F71/><W43/><G115/><T104/><D119/><U35/><E35/><V109/><F129/><W67/><G130/><T61/><D6/><U24/><E49/><V86/><F44/><N who="3" m="25631" /><G37/><T131/><D131/><U69/><E69/><V58/><F114/><W0/><G0/><T12/><D12/><U17/><E3/><V45/><F113/><W95/><G11/><T126/><D126/><U134/><E134/><V28/><F28/><W38/><G38/><T32/><D76/><U30/><E1/><V9/><F45/><W19/><G31/><T39/><D73/><U118/><E118/><V4/><REACH who="2" step="1"/><F109/><REACH who="2" ten="214,227,227,322" step="2"/><W27/><G19/><T83/><D111/><U46/><E46/><V51/><F51/><W101/><G101/><T66/><D29/><U110/><E110/><V103/><F103/><W105/><G105/><T106/><D102/><U90/><E17/><V47/><F47/><W60/><G67/><T117/><D66/><U54/><E54/><V68/><F68/><W13/><G62/><T85/><D61/><U96/><E30/><V22/><F22/><W128/><G60/><T55/><D117/><U2/><REACH who="1" step="1"/><E98/><REACH who="1" ten="214,217,227,322" step="2"/><V77/><F77/><W80/><G128/><T108/><D97/><U70/><E70/><V56/><F56/><W53/><G53/><T15/><D108/><U107/><E107/><V116/><F116/><W50/><G78/><RYUUKYOKU ba="0,2" sc="214,-15,217,15,227,15,322,-15" hai1="2,10,16,21,24,72,75,90,92,93,96,99,100" hai2="4,9,14,18,20,57,58,74,79,81,86,91,94" />
</Scene>
<Scene>
<INIT seed="1,1,2,0,1,50" ten="199,232,242,307" oya="1" hai0="112,37,4,57,39,99,36,47,20,14,81,106,75" hai1="127,88,66,28,71,72,49,94,42,114,103,70,64" hai2="104,41,97,122,87,22,108,2,77,38,65,80,96" hai3="120,0,16,31,130,61,123,126,90,79,111,131,128"/><U74/><E114/><V133/><F2/><W124/><G0/><T43/><D112/><U132/><E132/><V101/><F38/><W32/><G79/><T121/><D121/><N who="3" m="46665" /><G90/><T113/><D113/><U1/><E1/><V135/><F133/><W98/><G98/><T40/><D106/><U12/><E127/><N who="3" m="48682" /><G61/><T95/><D81/><U129/><E103/><V59/><F97/><W19/><G111/><T24/><D75/><U35/><E74/><V82/><F108/><W52/><G52/><T8/><D57/><U6/><E72/><V91/><F59/><W69/><G69/><T107/><D107/><U18/><E71/><V44/><F104/><W117/><G117/><T73/><D43/><U76/><E70/><V53/><F41/><W13/><G13/><T68/><D73/><U89/><E76/><V92/><F77/><W33/><G31/><T25/><D68/><U115/><E89/><V116/><F91/><W105/><G105/><T63/><D63/><U26/><E115/><V17/><F116/><W109/><G109/><T3/><D3/><U46/><E64/><V21/><F65/><W48/><G48/><T54/><D54/><U119/><E66/><V125/><F53/><W100/><G100/><T83/><D83/><U58/><E58/><V5/><F101/><W9/><G9/><T78/><D78/><U60/><E60/><V110/><F96/><W102/><G102/><N who="0" m="60799" /><D25/><U55/><E42/><V29/><F125/><W134/><G134/><T56/><D56/><U51/><E119/><V7/><F135/><W45/><G45/><T27/><D27/><RYUUKYOKU ba="1,2" sc="199,15,232,-15,242,-15,307,15" hai0="4,8,14,20,24,36,37,39,40,47" hai3="16,19,32,33,128,130,131" />
</Scene>
<Scene>
<INIT seed="2,2,2,1,2,127" ten="214,217,227,322" oya="2" hai0="27,67,34,108,68,62,132,107,97,3,65,129,53" hai1="110,88,102,70,73,113,126,99,59,95,37,135,72" hai2="58,100,31,90,94,20,50,35,98,21,14,89,75" hai3="63,133,77,64,22,51,52,117,131,76,4,24,81"/><V109/><F75/><W56/><G117/><T91/><D3/><U32/><E126/><V124/><F124/><W106/><G106/><T86/><D132/><U83/><E70/><V130/><F35/><W9/><G133/><T12/><D67/><U101/><E135/><V119/><F119/><W2/><G81/><T120/><D120/><U78/><E32/><V6/><F109/><W25/><G131/><T17/><D53/><U57/><E37/><V44/><F58/><W85/><G85/><T42/><D42/><U43/><E43/><V23/><F31/><W30/><REACH who="3" step="1"/><G25/><REACH who="3" ten="214,217,227,312" step="2"/><T18/><D108/><U125/><E110/><V11/><REACH who="2" step="1"/><F130/><REACH who="2" ten="214,217,217,312" step="2"/><W104/><G104/><T128/><D129/><U69/><E125/><V38/><F38/><W46/><AGARI ba="2,4" hai="2,4,9,22,24,30,46,51,52,56,63,64,76,77" machi="46" ten="20,8000,1" yaku="1,1,0,1,7,1,54,1,53,1" doraHai="127" doraHaiUra="7" who="3" fromWho="3" sc="214,-22,217,-22,217,-42,312,126" />
</Scene>
<Scene>
<INIT seed="3,0,0,3,1,1" ten="192,195,175,438" oya="3" hai0="2,77,133,29,64,37,121,100,51,129,14,92,42" hai1="36,102,0,87,99,82,26,23,104,122,73,115,21" hai2="33,70,78,91,44,63,81,5,54,110,35,84,9" hai3="34,49,46,125,13,83,106,97,18,12,71,95,25"/><W41/><G71/><T31/><D2/><U32/><E122/><V74/><F110/><W58/><G106/><T103/><D121/><U10/><E115/><V68/><F68/><W20/><G125/><T24/><D37/><U80/><E36/><V66/><F54/><W45/><G34/><T69/><D133/><U67/><E67/><V57/><F57/><W28/><G83/><T132/><D132/><U134/><E134/><V116/><F116/><W61/><G46/><T107/><D107/><U89/><E32/><V19/><F19/><W16/><G18/><T113/><D77/><U79/><REACH who="1" step="1"/><E26/><REACH who="1" ten="192,185,175,438" step="2"/><V60/><F66/><N who="3" m="39223" /><G28/><T15/><D31/><U123/><E123/><V76/><F33/><W101/><AGARI ba="0,1" hai="12,13,16,20,25,41,45,49,95,97,101" m="39223" machi="101" ten="30,3000,0" yaku="8,1,54,1" doraHai="1" who="3" fromWho="3" sc="192,-10,185,-10,175,-10,438,40" />
</Scene>
<Scene>
<INIT seed="3,1,0,0,0,96" ten="182,175,165,478" oya="3" hai0="123,39,74,131,86,94,42,41,100,82,10,52,72" hai1="107,28,80,68,90,122,83,25,22,2,127,97,63" hai2="65,37,104,99,23,31,29,105,129,64,115,75,16" hai3="109,110,126,30,114,66,34,76,89,8,38,11,120"/><W14/><G38/><T55/><D123/><U73/><E122/><V21/><F75/><W124/><G120/><T106/><D106/><U133/><E133/><V36/><F99/><W113/><G76/><T49/><D131/><U87/><E2/><V112/><REACH who="2" step="1"/><F16/><REACH who="2" ten="182,175,155,478" step="2"/><N who="3" m="8263" /><G114/><T91/><D74/><U24/><E73/><V35/><F35/><W101/><G113/><T26/><D72/><U84/><E127/><V102/><F102/><W27/><G101/><T56/><D26/><U121/><E24/><V7/><F7/><W1/><G126/><T134/><D10/><U43/><E121/><V9/><F9/><W6/><G124/><T85/><D134/><U44/><E97/><V67/><F67/><W51/><G66/><T132/><D100/><U116/><E116/><V46/><F46/><W95/><G109/><T61/><D132/><U45/><E45/><V111/><F111/><W108/><G108/><T40/><D39/><U0/><E107/><V69/><F69/><W70/><G70/><T103/><D103/><U135/><E135/><V119/><F119/><W12/><G110/><T59/><D86/><U118/><E118/><V79/><F79/><W32/><G32/><T93/><AGARI ba="1,1" hai="40,41,42,49,52,55,56,59,61,82,85,91,93,94" machi="93" ten="30,4000,0" yaku="0,1,8,1,54,1" doraHai="96" who="0" fromWho="0" sc="182,53,175,-11,155,-11,478,-21" />
</Scene>
<Scene>
<INIT seed="4,0,0,4,5,9" ten="235,164,144,457" oya="0" hai0="62,34,6,56,64,122,110,58,42,39,134,111,71" hai1="131,63,82,57,118,124,93,86,80,108,22,105,112" hai2="106,75,87,91,100,68,1,67,132,55,41,53,90" hai3="45,24,123,99,79,19,115,121,5,21,36,2,114"/><T127/><D122/><N who="3" m="46601" /><G79/><T46/><D134/><U12/><E105/><V47/><F75/><W129/><G99/><T92/><D34/><U54/><E118/><V25/><F1/><W32/><G36/><T120/><D120/><U52/><E108/><N who="0" m="41513" /><D6/><U77/><E124/><V60/><F132/><W31/><G45/><T50/><D92/><U76/><E131/><V84/><F100/><W7/><G129/><T49/><D127/><U17/><E112/><N who="3" m="43050" /><G2/><T26/><D26/><AGARI ba="0,0" hai="5,7,19,21,24,26,31,32" m="43050,46601" machi="26" ten="30,7700,0" yaku="13,1,15,1,34,2" doraHai="9" who="3" fromWho="0" sc="235,-77,164,0,144,0,457,77" />
</Scene>
<Scene>
<INIT seed="5,0,0,3,2,120" ten="158,164,144,534" oya="1" hai0="126,122,21,0,68,17,19,26,92,97,14,89,124" hai1="32,90,51,87,53,82,116,12,104,1,48,63,115" hai2="52,110,135,35,130,128,36,7,96,56,38,65,46" hai3="64,31,76,47,57,61,121,59,93,91,83,80,55"/><U15/><E1/><V67/><F35/><W101/><G121/><T22/><D68/><U131/><E116/><V88/><F7/><W127/><G127/><T129/><D122/><U9/><E104/><V42/><F135/><W86/><G31/><T108/><D0/><U39/><E39/><V40/><F96/><N who="3" m="59535" /><G47/><T8/><D129/><N who="2" m="49770" /><F88/><W99/><G99/><T18/><D108/><U49/><E32/><V45/><F110/><W111/><G111/><T5/><D126/><U132/><E131/><V105/><F105/><W74/><G74/><T37/><D37/><U44/><E132/><V34/><F34/><W27/><G27/><T114/><D124/><U6/><E115/><V10/><F10/><W69/><G69/><T29/><REACH who="0" step="1"/><D114/><REACH who="0" ten="148,164,144,534" step="2"/><U54/><E15/><V109/><F109/><W106/><G106/><T28/><D28/><U84/><E84/><V70/><F70/><W71/><G71/><T58/><D58/><AGARI ba="0,1" hai="6,9,12,44,48,49,51,53,54,58,63,82,87,90" machi="58" ten="40,2000,0" yaku="8,1" doraHai="120" who="1" fromWho="0" sc="148,-20,164,30,144,0,534,0" />
</Scene>
<Scene>
<INIT seed="5,1,0,4,2,112" ten="128,194,144,534" oya="1" hai0="98,92,37,77,24,67,50,21,5,75,68,19,89" hai1="1,94,91,14,88,101,80,45,29,48,62,38,110" hai2="134,9,83,107,104,11,103,119,18,135,100,127,43" hai3="66,51,118,23,125,36,63,44,17,73,28,115,16"/><U41/><E1/><V26/><F43/><W54/><G73/><T81/><D37/><U22/><E110/><V10/><F83/><W39/><G115/><T34/><D34/><U87/><E38/><V86/><F86/><W79/><G79/><T111/><D111/><U3/><E3/><V12/><F26/><N who="3" m="16479" /><G36/><T96/><D5/><U76/><E62/><V120/><F120/><W99/><G39/><T42/><D68/><U90/><E101/><V84/><F84/><W130/><G130/><T93/><D67/><U122/><E122/><V131/><F131/><W113/><G113/><T60/><D60/><U109/><E109/><V69/><F69/><W72/><G72/><T30/><D42/><U13/><E94/><V49/><F49/><W6/><G6/><T129/><D129/><U78/><E78/><V64/><F64/><W82/><G82/><T52/><D30/><U61/><E61/><V46/><F46/><W71/><G71/><T40/><D40/><U35/><E35/><V31/><F31/><W128/><G128/><T58/><D93/><U56/><E56/><V116/><F18/><W33/><G17/><T117/><REACH who="0" step="1"/><D96/><REACH who="0" ten="118,194,144,534" step="2"/><U70/><E70/><V126/><REACH who="2" step="1"/><F9/><REACH who="2" ten="118,194,134,534" step="2"/><W0/><G66/><T74/><D74/><U32/><E32/><V65/><F65/><W133/><G33/><T121/><D121/><U53/><E41/><V85/><F85/><W97/><G16/><T55/><D55/><U102/><E29/><V105/><F105/><W47/><G54/><T4/><D4/><U57/><E53/><V27/><F27/><W7/><G7/><RYUUKYOKU ba="1,2" sc="118,15,194,-15,134,15,534,-15" hai0="19,21,24,50,52,58,75,77,81,89,92,98,117" hai2="10,11,12,100,103,104,107,116,119,126,127,134,135" />
</Scene>
<Scene>
<INIT seed="6,2,2,4,5,32" ten="133,179,149,519" oya="2" hai0="38,12,61,98,108,103,1,120,37,73,57,59,107" hai1="123,75,90,69,20,122,74,129,62,41,118,42,92" hai2="82,58,64,96,11,104,27,45,5,54,28,26,47" hai3="114,85,13,134,130,21,53,68,89,100,48,115,25"/><V79/><F64/><W19/><G68/><T66/><D120/><N who="1" m="46123" /><E118/><V16/><F96/><W55/><G130/><T109/><D108/><U87/><E129/><V128/><F104/><W2/><G2/><T49/><D109/><U50/><E20/><V121/><F128/><W70/><G70/><T44/><D73/><N who="1" m="27659" /><E50/><V40/><F121/><W78/><G100/><T111/><D111/><U63/><E69/><V131/><F131/><W95/><G134/><T14/><D59/><U29/><E29/><V3/><F40/><AGARI ba="2,2" hai="40,41,42,62,63,87,90,92" m="27659,46123" machi="40" ten="30,1000,0" yaku="13,1" doraHai="32" who="1" fromWho="2" sc="133,0,179,36,149,-16,519,0" />
</Scene>
<Scene>
<INIT seed="7,0,0,1,5,59" ten="133,215,133,519" oya="3" hai0="114,89,4,111,75,91,100,7,69,126,77,57,102" hai1="64,71,31,9,53,52,38,6,112,79,73,108,61" hai2="95,98,44,103,16,120,76,68,124,101,10,50,41" hai3="51,135,113,125,83,17,19,23,46,72,60,49,65"/><W110/><G49/><T107/><D111/><U58/><E31/><V90/><F68/><W34/><G19/><T122/><D69/><U123/><E112/><V87/><F120/><W121/><G23/><T24/><D122/><U21/><E21/><V131/><F124/><W62/><G65/><T39/><D39/><U117/><E117/><V97/><F131/><W85/><G85/><T8/><D126/><U129/><E129/><V67/><F67/><W128/><G51/><T109/><D109/><U132/><E132/><V12/><F76/><W63/><G17/><T78/><D114/><U14/><E38/><V30/><F30/><W54/><G54/><T82/><D78/><U35/><E53/><V28/><F28/><W1/><G46/><T92/><D91/><U25/><E79/><V106/><F106/><W96/><G96/><AGARI ba="0,0" hai="10,12,16,41,44,50,87,90,95,96,97,98,101,103" machi="96" ten="40,2600,0" yaku="8,1,54,1" doraHai="59" who="2" fromWho="3" sc="133,0,215,0,133,26,519,-26" owari="133,-37.0,215,2.0,159,-24.0,493,59.0" />
</Scene>
</mjloggm>