<mjloggm ver="2.3"><GO type="169"/><UN n0="%E3%81%B9%E3%81%A3%E3%81%93%E3%83%BC%E2%99%AA" n1="%E3%82%AA%E3%82%BA%E3%82%B0%E3%83%AB%E3%83%BC%E3%83%97" n2="%E5%A4%AA%E3%81%8F%E3%81%AA%E3%81%84%E3%81%8A" n3="%E3%83%99%E3%82%BF%E3%82%AA%E3%83%AA%E3%82%B9%E3%82%AF" dan="17,16,17,16" rate="2144,2105,2144,2129" sx="F,M,M,M"/><TAIKYOKU oya="0"/>

<Scene>
<INIT seed="0,0,0,2,4,52" ten="250,250,250,250" oya="0" hai0="65,133,129,120,18,19,81,37,101,92,66,47,82" hai1="70,6,28,130,91,100,60,48,118,46,31,102,72" hai2="132,13,49,98,58,74,57,2,85,25,34,14,63" hai3="117,64,121,30,115,125,95,108,113,88,54,73,32"/><T71/><D120/><U124/><E118/><V42/><F2/><W75/><G117/><T90/><D133/><U110/><E72/><V106/><F74/><W10/><G121/><T21/><D129/><U9/><E130/><V50/><F132/><W89/><G108/><T27/><D101/><U53/><E110/><V68/><F85/><W45/><G64/><T104/><D104/><U116/><E116/><V23/><F34/><W107/><G107/><T135/><D135/><U41/><E124/><V93/><F106/><W111/><G111/><T55/><D71/><U134/><E134/><V114/><F68/><W77/><G125/><T0/><D0/><U86/><E70/><V78/><F78/><W20/><G32/><T83/><D19/><U79/><E79/><V15/><F114/><W44/><G77/><T16/><D18/><U67/><E41/><V112/><F112/><W22/><G54/><T36/><D36/><U96/><E96/><V4/><F4/><W123/><G123/><T51/><REACH who="0" step="1"/><D37/><REACH who="0" ten="240,250,250,250" step="2"/><U7/><E102/><N who="2" m="60751" /><F42/><W33/><G115/><T61/><D61/><U1/><E100/><V38/><F38/><W17/><G113/><T35/><D35/><U109/><E7/><V122/><F122/><W5/><G33/><T97/><AGARI ba="0,1" hai="16,21,27,47,51,55,65,66,81,82,83,90,92,97" machi="97" ten="30,12000,1" yaku="1,1,0,1,8,1,54,1,53,1" doraHai="52" doraHaiUra="87" who="0" fromWho="0" sc="240,130,250,-40,250,-40,250,-40" />
</Scene>
<Scene>
<INIT seed="0,1,0,0,3,4" ten="370,210,210,210" oya="0" hai0="47,93,3,46,126,101,64,132,60,81,9,133,30" hai1="23,92,62,124,96,55,78,59,11,91,135,70,19" hai2="118,0,44,117,40,13,18,14,7,10,109,42,45" hai3="68,63,107,39,83,71,84,73,25,94,37,15,87"/><T29/><D81/><U134/><E70/><V108/><F0/><W114/><G107/><T48/><D126/><U43/><E124/><V61/><F61/><W121/><G114/><T67/><D101/><U34/><E34/><V20/><F45/><W88/><G121/><T129/><D129/><U80/><E43/><V85/><F85/><W105/><G105/><T50/><D93/><U127/><E127/><V76/><F76/><W24/><G73/><T66/><D60/><U82/><E11/><N who="2" m="4351" /><F20/><W65/><G71/><T110/><D110/><N who="2" m="42602" /><F42/><W32/><G15/><T103/><D103/><U113/><E113/><V106/><F106/><W21/><G32/><T95/><D95/><U16/><E19/><V102/><F102/><W77/><REACH who="3" step="1"/><G25/><REACH who="3" ten="370,210,210,200" step="2"/><T17/><D3/><U100/><E100/><V97/><F97/><W49/><G49/><AGARI ba="1,1" hai="10,14,18,40,44,49,117,118" m="42602,4351" machi="49" ten="30,3900,0" yaku="14,1,52,2" doraHai="4" who="2" fromWho="3" sc="370,0,210,0,210,52,200,-42" />
</Scene>
<Scene>
<INIT seed="1,0,0,1,3,2" ten="370,210,262,158" oya="1" hai0="12,111,122,128,15,35,28,46,73,24,121,104,19" hai1="52,67,9,14,36,18,102,113,34,87,83,85,70" hai2="84,8,11,114,82,62,44,40,135,101,86,68,63" hai3="88,30,92,124,72,42,77,93,117,37,16,78,27"/><U23/><E34/><V22/><F135/><W97/><G124/><T10/><D104/><U31/><E113/><V125/><F125/><W110/><G110/><T53/><D73/><U51/><E36/><V21/><F114/><W29/><G117/><T123/><D111/><U131/><E131/><V41/><F101/><W49/><G37/><T126/><D126/><U55/><E102/><V59/><F68/><W99/><G72/><T56/><D46/><U26/><E85/><V71/><F71/><W50/><G27/><T94/><D94/><U89/><E70/><V127/><F127/><W98/><G98/><T0/><D128/><U4/><E67/><V91/><F44/><W119/><G119/><T58/><D53/><N who="1" m="20555" /><E51/><V43/><F84/><W76/><G76/><T7/><REACH who="0" step="1"/><D12/><REACH who="0" ten="360,210,262,158" step="2"/><U109/><E109/><V90/><F41/><W60/><G42/><T20/><AGARI ba="0,1" hai="0,7,10,15,19,20,24,28,35,56,58,121,122,123" machi="20" ten="30,16000,3" yaku="1,1,2,1,0,1,24,2,13,1,52,1,53,1" doraHai="2" doraHaiUra="1" who="0" fromWho="0" sc="360,170,210,-80,262,-40,158,-40" />
</Scene>
<Scene>
<INIT seed="2,0,0,3,5,95" ten="530,130,222,118" oya="2" hai0="129,45,6,34,48,82,22,25,92,96,3,130,2" hai1="39,78,91,62,89,114,10,100,105,61,75,101,68" hai2="66,1,72,97,12,11,71,79,40,93,124,99,135" hai3="104,111,33,119,53,55,85,67,20,57,23,46,8"/><V18/><F124/><W108/><G119/><T133/><D34/><U65/><E114/><V41/><F135/><W112/><G33/><T69/><D69/><U106/><E39/><V31/><F1/><W15/><G112/><T70/><D70/><U90/><E10/><V88/><F31/><W98/><G67/><T13/><D82/><U38/><E38/><V60/><REACH who="2" step="1"/><F99/><REACH who="2" ten="530,130,212,118" step="2"/><W110/><G98/><T109/><D133/><U128/><E128/><V32/><F32/><W43/><G111/><T7/><D2/><U54/><E106/><V113/><F113/><W73/><G104/><T83/><D3/><U30/><E105/><V42/><F42/><W77/><G43/><T5/><D130/><U94/><E30/><V35/><F35/><W80/><G110/><T21/><D109/><U14/><E94/><V9/><F9/><W37/><G108/><T56/><D129/><U49/><E68/><V87/><F87/><W132/><G85/><T27/><D92/><U81/><E65/><V36/><F36/><W47/><G37/><T125/><D125/><U50/><E75/><V122/><F122/><W102/><G132/><T84/><D84/><U59/><E54/><V134/><F134/><W51/><G55/><T131/><D131/><U118/><E118/><V86/><F86/><W4/><G53/><T17/><D83/><AGARI ba="0,1" hai="11,12,18,40,41,60,66,71,72,79,83,88,93,97" machi="83" ten="40,7700,0" yaku="1,1,52,1,54,1,53,0" doraHai="95" doraHaiUra="127" who="2" fromWho="0" sc="530,-77,130,0,212,87,118,0" />
</Scene>
<Scene>
<INIT seed="2,1,0,2,1,24" ten="453,130,299,118" oya="2" hai0="87,125,126,80,72,18,43,8,11,130,109,19,103" hai1="75,23,128,10,7,0,76,48,79,2,120,46,118" hai2="102,123,25,27,41,114,51,55,61,112,108,94,22" hai3="3,42,40,110,127,65,117,67,70,13,63,116,71"/><V97/><F123/><W17/><G3/><T124/><D109/><U64/><E120/><V38/><F108/><W106/><G106/><T34/><D72/><U53/><E118/><V69/><F38/><W29/><G110/><T49/><D103/><U91/><E128/><V121/><F121/><W85/><G127/><T104/><D104/><U86/><E0/><V77/><F77/><W93/><G42/><T52/><D43/><U66/><E75/><V56/><F27/><W20/><G40/><T82/><D34/><U60/><E23/><V81/><F81/><N who="0" m="31338" /><D87/><U129/><E129/><V5/><F5/><W6/><G6/><T30/><D30/><U31/><E31/><V1/><F1/><W90/><REACH who="3" step="1"/><G29/><REACH who="3" ten="453,130,299,108" step="2"/><T37/><D130/><U50/><E2/><V119/><F119/><W26/><G26/><T58/><D37/><U9/><E7/><V35/><F35/><W36/><G36/><T88/><D124/><U16/><E79/><V96/><F41/><W92/><G92/><T83/><D125/><U74/><E76/><V59/><F112/><W134/><G134/><T4/><D4/><U28/><E74/><V105/><F114/><W62/><AGARI ba="1,1" hai="13,17,20,62,63,65,67,70,71,85,90,93,116,117" machi="62" ten="30,4000,0" yaku="1,1,0,1,9,1,53,0" doraHai="24" doraHaiUra="78" who="3" fromWho="3" sc="453,-11,130,-11,299,-21,108,53" />
</Scene>
<Scene>
<INIT seed="3,0,0,1,2,49" ten="442,119,278,161" oya="3" hai0="81,113,106,53,56,111,41,73,18,20,88,5,38" hai1="54,100,2,108,80,59,45,67,76,27,43,64,86" hai2="107,125,90,48,99,15,133,82,11,130,52,83,77" hai3="101,63,0,89,25,21,123,40,62,91,6,87,12"/><W102/><G0/><T103/><D113/><U117/><E2/><V96/><F133/><W36/><G123/><T129/><D5/><U47/><E117/><V126/><F130/><W115/><G115/><T61/><D129/><U46/><E108/><V135/><F135/><W39/><G40/><T29/><D29/><U4/><E4/><N who="2" m="3559" /><F90/><W13/><G6/><T105/><D103/><U57/><E100/><V14/><F14/><W3/><G3/><T70/><D70/><U33/><E43/><V55/><F83/><W121/><G121/><T8/><D8/><U7/><E7/><V104/><F96/><W32/><G21/><T74/><D74/><U30/><REACH who="1" step="1"/><E59/><REACH who="1" ten="442,109,278,161" step="2"/><V114/><F114/><W112/><G112/><T79/><D111/><U26/><E26/><V10/><F125/><W85/><G25/><T92/><D41/><U110/><E110/><V93/><F126/><W118/><REACH who="3" step="1"/><G32/><REACH who="3" ten="442,109,278,151" step="2"/><T50/><D38/><U37/><E37/><V72/><F10/><W42/><G42/><T116/><D116/><AGARI ba="0,2" hai="12,13,36,39,62,63,85,87,89,91,101,102,116,118" machi="116" ten="25,4800,0" yaku="1,1,22,2,53,0" doraHai="49" doraHaiUra="60" who="3" fromWho="0" sc="442,-48,109,0,278,0,151,68" />
</Scene>
<Scene>
<INIT seed="3,1,0,3,4,43" ten="394,109,278,219" oya="3" hai0="10,79,17,87,133,30,92,51,135,131,100,48,22" hai1="55,91,93,80,42,1,23,70,56,2,111,66,20" hai2="96,126,63,29,50,129,60,124,34,127,38,4,68" hai3="0,65,73,15,8,71,67,106,74,116,72,128,26"/><W113/><G113/><T108/><D131/><U49/><E111/><V45/><F4/><W78/><G116/><T37/><D37/><U19/><E23/><V112/><F112/><W101/><G0/><T35/><D108/><U114/><E114/><V7/><F7/><W94/><G106/><T84/><D35/><U119/><E119/><V90/><F38/><W115/><G115/><T64/><D64/><U99/><E70/><V57/><F68/><W5/><G128/><T28/><D10/><U46/><E66/><V52/><F129/><W41/><G78/><T86/><D79/><U77/><E77/><V105/><F57/><W21/><G71/><T58/><D100/><U102/><E80/><V59/><F59/><W130/><G130/><T82/><D92/><U3/><E102/><N who="2" m="62663" /><F90/><W47/><G94/><T39/><D39/><U32/><E32/><V104/><F104/><W109/><G101/><T76/><D58/><U88/><E91/><V98/><F98/><W97/><G97/><T132/><D76/><U125/><E125/><V36/><F36/><W107/><G107/><T95/><D82/><U14/><REACH who="1" step="1"/><E1/><REACH who="1" ten="394,99,278,219" step="2"/><V6/><F34/><W44/><G109/><T83/><D83/><U61/><AGARI ba="1,1" hai="2,3,14,19,20,42,46,49,55,56,61,88,93,99" machi="61" ten="20,12000,2" yaku="1,1,2,1,0,1,7,1,52,1,54,1,53,0" doraHai="43" doraHaiUra="62" who="1" fromWho="1" sc="394,-31,99,133,278,-31,219,-61" />
</Scene>
<Scene>
<INIT seed="4,0,0,0,0,53" ten="363,232,247,158" oya="0" hai0="18,68,15,52,112,66,77,48,32,123,61,134,84" hai1="51,10,21,31,4,98,26,97,130,28,122,81,95" hai2="92,36,38,70,83,54,17,76,96,71,5,125,90" hai3="99,57,41,113,37,114,20,82,87,19,106,127,74"/><T9/><D134/><U89/><E122/><V46/><F125/><W121/><G74/><T111/><D111/><U8/><E130/><V72/><F5/><W13/><G127/><T62/><D123/><U22/><E81/><V75/><F75/><W30/><G121/><T100/><D112/><N who="3" m="43113" /><G30/><T128/><D32/><U3/><E10/><V126/><F126/><W79/><G37/><T14/><D128/><U129/><E129/><V25/><F38/><W49/><G41/><T120/><D100/><U102/><E51/><V118/><F118/><W78/><G78/><T58/><D120/><U45/><E45/><V108/><F108/><W103/><G49/><T93/><D15/><U29/><REACH who="1" step="1"/><E22/><REACH who="1" ten="363,222,247,158" step="2"/><V104/><F36/><W7/><G7/><T94/><D48/><U59/><E59/><AGARI ba="0,1" hai="13,19,20,57,59,79,82,87,99,103,106" m="43113" machi="59" ten="30,3900,0" yaku="15,1,52,2" doraHai="53" who="3" fromWho="1" sc="363,0,222,-39,247,0,158,49" />
</Scene>
<Scene>
<INIT seed="5,0,0,2,5,30" ten="363,183,247,207" oya="1" hai0="133,17,110,21,43,59,94,66,120,60,23,76,115" hai1="47,119,6,22,124,64,80,118,84,71,95,12,46" hai2="51,62,58,117,27,112,19,67,54,48,0,26,87" hai3="128,90,29,79,8,103,7,131,74,4,44,111,104"/><U36/><E124/><V86/><F117/><W69/><G111/><T55/><D110/><U49/><E36/><V20/><F0/><W34/><G69/><T129/><D120/><U125/><E125/><V126/><F126/><W85/><G79/><T16/><D129/><N who="3" m="49737" /><G74/><T81/><D133/><U42/><E47/><V25/><F112/><W53/><G103/><T96/><D115/><U65/><E95/><V45/><REACH who="2" step="1"/><F51/><REACH who="2" ten="363,183,237,207" step="2"/><W1/><G1/><T3/><D3/><U50/><E50/><V106/><F106/><W132/><G104/><T9/><D43/><U130/><E130/><V35/><F35/><W38/><G34/><T116/><D116/><U72/><E72/><V13/><AGARI ba="0,1" hai="13,19,20,25,26,27,45,48,54,58,62,67,86,87" machi="13" ten="30,4000,0" yaku="1,1,0,1,8,1,53,0" doraHai="30" doraHaiUra="91" who="2" fromWho="2" sc="363,-10,183,-20,237,50,207,-10" />
</Scene>
<Scene>
<INIT seed="6,0,0,3,1,26" ten="353,163,287,197" oya="2" hai0="67,124,18,110,22,36,103,108,116,69,95,42,55" hai1="27,77,121,76,50,122,1,73,128,0,9,60,113" hai2="13,100,118,131,68,120,111,23,135,31,101,57,63" hai3="43,90,38,81,91,16,105,79,29,71,112,4,98"/><V54/><F120/><N who="1" m="46185" /><E73/><V3/><F118/><W6/><G71/><T119/><D124/><U92/><E9/><V10/><F3/><N who="1" m="1097" /><E60/><V130/><F135/><W28/><G112/><T44/><D55/><U123/><N who="1" m="46193" /><U17/><DORA hai="74" /><E92/><V126/><F126/><W41/><G105/><T84/><D110/><U19/><E113/><V96/><F111/><W64/><G64/><T39/><D69/><U83/><E83/><V88/><F68/><W70/><G70/><T5/><D67/><U61/><E61/><V33/><F33/><W80/><G38/><T32/><D32/><U134/><E134/><V62/><F63/><W51/><G98/><T75/><D108/><U30/><E50/><V115/><F115/><W45/><G51/><T20/><D75/><U72/><E72/><V21/><F130/><W34/><G34/><T46/><D39/><U86/><E86/><V2/><F2/><W82/><G82/><T14/><D84/><U114/><E114/><V7/><F131/><W125/><G125/><T107/><D107/><U102/><E102/><V93/><F21/><W25/><G81/><T40/><D22/><N who="1" m="15735" /><E128/><V37/><F37/><W132/><G80/><T87/><D116/><U15/><E15/><V56/><F56/><W94/><G132/><T127/><D119/><U99/><E99/><V85/><F96/><W52/><G94/><T53/><D127/><U65/><E65/><V133/><F133/><W117/><G117/><T66/><D66/><U12/><E12/><V24/><AGARI ba="0,0" hai="7,10,13,23,24,31,54,57,62,85,88,93,100,101" machi="24" ten="30,11700,0" yaku="0,1,8,1,52,1,54,1" doraHai="26,74" who="2" fromWho="2" sc="353,-39,163,-39,287,117,197,-39" />
</Scene>
<Scene>
<INIT seed="6,1,0,1,3,86" ten="314,124,404,158" oya="2" hai0="44,134,102,77,27,123,26,71,94,24,64,5,79" hai1="73,130,38,116,55,133,25,126,85,80,0,81,31" hai2="121,2,105,125,104,63,1,83,17,101,112,95,21" hai3="109,111,88,65,7,49,120,122,60,97,74,76,59"/><V69/><F121/><W90/><G7/><T132/><D123/><U22/><E38/><V46/><F112/><W40/><G122/><T51/><D5/><U42/><E0/><V131/><F131/><W56/><G120/><T48/><D71/><U32/><E116/><V107/><F125/><W30/><G30/><T78/><D64/><U115/><E130/><V35/><F35/><W10/><G10/><T124/><D124/><U50/><E126/><V92/><F83/><W53/><G40/><T9/><D9/><U37/><E115/><V75/><F75/><W58/><G58/><T108/><D108/><U18/><E133/><V47/><F69/><W118/><G118/><T52/><D102/><U14/><E73/><V29/><F29/><W34/><G34/><T12/><D12/><U23/><E32/><V70/><F70/><W15/><G15/><T113/><D113/><U20/><E37/><V99/><F63/><W43/><G43/><T89/><REACH who="0" step="1"/><D48/><REACH who="0" ten="304,124,404,158" step="2"/><U6/><E6/><V96/><F2/><W28/><G49/><T66/><D66/><U36/><E36/><V33/><F1/><W106/><G65/><T91/><D91/><U41/><E23/><V84/><F33/><W13/><G111/><T19/><D19/><U93/><E42/><V135/><F17/><W67/><G109/><T87/><AGARI ba="1,1" hai="24,26,27,44,51,52,77,78,79,87,89,94,132,134" machi="87" ten="40,8000,1" yaku="1,1,0,1,52,1,54,1,53,1" doraHai="86" doraHaiUra="45" who="0" fromWho="0" sc="304,93,124,-21,404,-41,158,-21" />
</Scene>
<Scene>
<INIT seed="7,0,0,5,0,53" ten="397,103,363,137" oya="3" hai0="9,84,7,52,93,62,102,86,92,18,43,51,50" hai1="15,91,105,0,10,58,87,119,55,56,45,99,135" hai2="109,116,113,73,37,29,44,118,131,6,128,4,79" hai3="34,32,77,108,59,95,83,107,132,125,40,94,5"/><W46/><G107/><T11/><D43/><U71/><E0/><V67/><F73/><W90/><G125/><T123/><D123/><U49/><E71/><V30/><F79/><W120/><G120/><T126/><D126/><U70/><E70/><V47/><F67/><W22/><G132/><T115/><D115/><U64/><E64/><V54/><F54/><W104/><G104/><T17/><D62/><U74/><E74/><V65/><F65/><W3/><G108/><T101/><D52/><U28/><E28/><N who="2" m="10859" /><F37/><W39/><G22/><T24/><D24/><U72/><E72/><V103/><F103/><W42/><G42/><T48/><D48/><U23/><E23/><V106/><F106/><W78/><G78/><T81/><D81/><N who="1" m="49647" /><E135/><V88/><F88/><W36/><G90/><T133/><D133/><U117/><E99/><V16/><F109/><W124/><G39/><T66/><D66/><U2/><E2/><V1/><F113/><W82/><G36/><T85/><D85/><U68/><E68/><V27/><F47/><W21/><G46/><T122/><D122/><U127/><E105/><V80/><F80/><W111/><G83/><T114/><D114/><U31/><E31/><V33/><F44/><W75/><G75/><T20/><D20/><U98/><E98/><V38/><F38/><W100/><G34/><T60/><D60/><U41/><E127/><V63/><F63/><W129/><G124/><T25/><D25/><U35/><E35/><V110/><F110/><W14/><G32/><T69/><D69/><U26/><E41/><V130/><F33/><RYUUKYOKU ba="0,0" sc="397,30,103,-10,363,-10,137,-10" hai0="7,9,11,17,18,50,51,84,86,92,93,101,102" owari="427,53.0,93,-41.0,353,15.0,127,-27.0" />
</Scene>
</mjloggm>