<mjloggm ver="2.3"><GO type="225"/><UN n0="%E5%85%88%E2%99%80%E7%94%9F" n1="%E5%A4%AA%E3%81%8F%E3%81%AA%E3%81%84%E3%81%8A" n2="%E3%83%AF%E3%82%A4%E3%83%AB%E3%83%89" n3="%E3%83%81%E3%83%A3%E3%82%AA%E3%83%AA" dan="17,16,16,16" rate="2137,2073,2109,2071" sx="F,M,M,M"/><TAIKYOKU oya="0"/>

<Scene>
<INIT seed="0,0,0,3,3,34" ten="250,250,250,250" oya="0" hai0="47,80,117,86,1,28,20,6,76,7,37,26,45" hai1="132,118,97,22,88,48,70,75,13,65,0,35,83" hai2="12,16,38,108,126,72,69,36,125,49,23,85,124" hai3="19,94,33,105,56,42,93,61,8,101,27,41,106"/><T116/><D7/><U73/><E118/><V113/><F72/><W135/><G135/><T43/><REACH who="0" step="1"/><D47/><REACH who="0" ten="240,250,250,250" step="2"/><U44/><E44/><V51/><F113/><W131/><G131/><T21/><D21/><U87/><E22/><V107/><F108/><W100/><G33/><T59/><D59/><U130/><E35/><V78/><F69/><W9/><G56/><T133/><D133/><U89/><E132/><V2/><F2/><W50/><G9/><AGARI ba="0,1" hai="1,6,9,20,26,28,37,43,45,76,80,86,116,117" machi="9" ten="40,7700,0" yaku="1,1,52,1,53,1" doraHai="34" doraHaiUra="25" who="0" fromWho="3" sc="240,87,250,0,250,0,250,-77" />
</Scene>
<Scene>
<INIT seed="0,1,0,4,2,119" ten="327,250,250,173" oya="0" hai0="53,101,46,82,59,57,9,71,94,6,65,125,84" hai1="100,104,75,98,29,18,128,52,81,108,20,111,103" hai2="90,1,116,85,55,67,61,122,34,15,47,63,77" hai3="60,112,39,49,78,3,120,32,42,2,95,38,24"/><T115/><D115/><U36/><E36/><V73/><F1/><W105/><G105/><T121/><D121/><U91/><E128/><V109/><F34/><W19/><G112/><T92/><D125/><U134/><E134/><V130/><F130/><W86/><G60/><T89/><D71/><U129/><E129/><V74/><F109/><N who="1" m="42057" /><E29/><V110/><F110/><W113/><G113/><T41/><D65/><U43/><E43/><V26/><F116/><W27/><G32/><T79/><D101/><N who="1" m="62519" /><E52/><V102/><F122/><W93/><G42/><T127/><D127/><U99/><E20/><V45/><F102/><N who="1" m="38953" /><E18/><V97/><F26/><W88/><G19/><T0/><D53/><U16/><E16/><V44/><F15/><W21/><G49/><T131/><D131/><U14/><E14/><V17/><F17/><W123/><G21/><T7/><D7/><U68/><E68/><V135/><F135/><W126/><G126/><T54/><D54/><U114/><E114/><V35/><F35/><W118/><G118/><T10/><D10/><U50/><E50/><V13/><F13/><W22/><G22/><T106/><D57/><U4/><E4/><V12/><F12/><W37/><G37/><N who="0" m="21807" /><D59/><U83/><E75/><V124/><F124/><W80/><G39/><T66/><D66/><U133/><E133/><V62/><F55/><W132/><G38/><T5/><D5/><U28/><E28/><V11/><F11/><W31/><G132/><T51/><D51/><U76/><E76/><V58/><F67/><W48/><G120/><T69/><D6/><U56/><E56/><RYUUKYOKU ba="1,0" sc="327,-10,250,30,250,-10,173,-10" hai1="81,83,91,99" />
</Scene>
<Scene>
<INIT seed="1,2,0,1,5,33" ten="317,280,240,163" oya="1" hai0="75,131,128,58,87,43,114,20,108,40,13,8,116" hai1="61,95,83,38,82,86,51,110,127,15,71,30,48" hai2="28,76,60,4,9,119,36,78,74,104,134,19,90" hai3="117,47,80,99,107,88,10,92,7,118,103,35,56"/><U132/><E38/><V130/><F104/><W0/><G35/><T94/><D114/><U64/><E127/><V67/><F119/><N who="3" m="45579" /><G56/><T113/><D75/><U65/><E65/><V77/><F36/><W55/><G80/><T34/><D20/><U39/><E39/><V122/><F122/><W121/><G121/><T16/><D58/><U27/><E132/><V85/><F134/><W98/><G47/><T126/><D34/><U37/><E37/><V66/><F130/><W22/><G22/><T125/><D113/><U21/><E110/><V24/><F74/><W63/><G63/><T59/><D59/><U1/><E51/><V49/><F49/><W70/><G70/><T53/><D53/><AGARI ba="2,0" hai="0,7,10,53,55,88,92,98,99,103,107" m="45579" machi="53" ten="30,3900,0" yaku="12,1,52,1,54,1" doraHai="33" who="3" fromWho="0" sc="317,-45,280,0,240,0,163,45" />
</Scene>
<Scene>
<INIT seed="2,0,0,0,2,46" ten="272,280,240,208" oya="2" hai0="90,3,82,101,13,67,74,10,36,122,118,103,51" hai1="29,19,2,127,85,121,115,124,130,55,113,88,125" hai2="95,38,117,12,77,84,129,111,102,50,14,83,28" hai3="64,35,135,16,112,45,61,57,131,69,100,75,53"/><V123/><F38/><W114/><G35/><T40/><D122/><U104/><E104/><V73/><F123/><W20/><G75/><T98/><D118/><U22/><E121/><V94/><F117/><W132/><G100/><T66/><D3/><U78/><E2/><V24/><F129/><W39/><G131/><T54/><D40/><U56/><E78/><V25/><F111/><W134/><G45/><N who="0" m="28015" /><D74/><U63/><E29/><V72/><F102/><N who="0" m="38922" /><D36/><U60/><E60/><V0/><F0/><W133/><N who="3" m="33792" /><DORA hai="97" /><W15/><REACH who="3" step="1"/><G39/><REACH who="3" ten="272,280,240,198" step="2"/><T108/><D108/><U79/><E130/><V4/><F72/><W92/><G92/><N who="0" m="56599" /><D82/><N who="1" m="49207" /><E79/><V128/><F73/><W6/><G6/><AGARI ba="0,1" hai="6,10,13,66,67" m="56599,38922,28015" machi="6" ten="30,8000,1" yaku="8,1,52,4" doraHai="46,97" who="0" fromWho="3" sc="272,90,280,0,240,0,198,-80" />
</Scene>
<Scene>
<INIT seed="3,0,0,2,3,39" ten="362,280,240,118" oya="3" hai0="34,8,118,64,105,90,29,99,117,112,27,78,119" hai1="41,28,17,19,51,55,46,71,107,31,52,18,91" hai2="101,104,22,126,15,74,98,45,92,76,94,32,54" hai3="66,73,24,5,60,40,11,37,69,30,42,106,57"/><W35/><G37/><T33/><D112/><U124/><E71/><V2/><F2/><W9/><G73/><T108/><D108/><U21/><E107/><V81/><F32/><W3/><G11/><T26/><D78/><U77/><E124/><V80/><F126/><W95/><G106/><T4/><D64/><U86/><E77/><V103/><F81/><W25/><G25/><T0/><D90/><U13/><E13/><V93/><F103/><W50/><REACH who="3" step="1"/><G95/><REACH who="3" ten="362,280,240,108" step="2"/><T75/><D75/><U79/><E79/><V63/><F94/><W130/><G130/><T96/><D105/><U68/><E68/><V115/><F93/><W84/><G84/><T38/><D38/><U123/><E123/><V16/><F92/><W97/><G97/><T83/><D83/><N who="1" m="49631" /><E28/><AGARI ba="0,1" hai="0,4,8,26,27,28,29,33,34,96,99,117,118,119" machi="28" ten="40,1300,0" yaku="9,1" doraHai="39" who="0" fromWho="1" sc="362,23,280,-13,240,0,108,0" owari="385,48.0,267,7.0,240,-16.0,108,-39.0" />
</Scene>
</mjloggm>