<mjloggm ver="2.3"><GO type="169" lobby="0"/><UN n0="%E9%AB%98%E7%94%BA%EF%BC%A0%E3%81%AA%E3%81%AE%E3%81%AF" n1="%E5%A4%AA%E3%81%8F%E3%81%AA%E3%81%84%E3%81%8A" n2="%E7%8B%AC%E6%AD%A9" n3="%E3%81%9F%E3%81%98%E3%81%BE%E3%81%AA%E3%81%BF" dan="16,17,17,16" rate="2045.71,2181.14,2206.24,2132.25" sx="F,M,M,F"/><TAIKYOKU oya="0"/>

<Scene>
<INIT seed="0,0,0,5,2,66" ten="250,250,250,250" oya="0" hai0="127,133,68,26,129,104,132,95,116,50,112,102,109" hai1="126,9,35,45,47,19,4,43,76,14,90,0,124" hai2="97,89,107,119,65,12,44,51,131,134,5,92,93" hai3="130,98,13,99,122,82,87,77,56,31,24,110,113"/><T18/><D116/><U81/><E35/><V115/><F115/><W61/><G113/><T46/><D112/><U78/><E90/><V33/><F33/><W103/><G110/><T125/><D109/><U123/><E123/><V108/><F131/><W135/><G130/><T118/><D118/><U6/><E47/><V36/><F36/><W37/><G37/><T1/><D1/><U25/><E25/><V94/><F134/><N who="0" m="51818" /><D104/><U29/><E29/><V59/><F107/><W121/><G135/><T114/><D114/><U62/><E62/><N who="2" m="38111" /><F108/><W57/><G13/><T67/><D129/><U40/><E40/><N who="2" m="24967" /><F119/><W72/><G72/><T91/><D102/><U15/><E0/><V30/><F30/><W100/><G57/><T23/><D91/><U41/><E41/><V48/><F48/><W83/><G121/><T101/><D95/><U128/><E128/><V34/><F34/><W27/><G122/><T70/><D101/><N who="3" m="38985" /><G82/><T69/><D67/><U53/><E81/><V55/><F55/><AGARI ba="0,0" hai="18,23,26,46,50,55,68,69,70,125,127" m="51818" machi="55" ten="40,12000,1" yaku="20,1,52,3" doraHai="66" who="0" fromWho="2" sc="250,120,250,0,250,-120,250,0" />
</Scene>
<Scene>
<INIT seed="0,1,0,0,1,51" ten="370,250,130,250" oya="0" hai0="41,21,60,52,132,74,65,122,12,95,10,84,5" hai1="82,85,69,105,2,79,18,117,107,20,0,13,99" hai2="29,103,127,32,50,124,97,106,111,25,89,129,116" hai3="126,123,59,36,46,114,130,6,78,31,54,3,76"/><T81/><D122/><U66/><E117/><V121/><F121/><W17/><G123/><T75/><D41/><U125/><E125/><V91/><F116/><W48/><G126/><N who="2" m="48169" /><F129/><W55/><G114/><T104/><D104/><U27/><E107/><V19/><F111/><W23/><G36/><T35/><D35/><U101/><E69/><V37/><F37/><W109/><G109/><T72/><D95/><U135/><E66/><V100/><F100/><W93/><G130/><T8/><D132/><U26/><E135/><V113/><F113/><W11/><G93/><T33/><D33/><U71/><E71/><V133/><F133/><W98/><G98/><T49/><D10/><U86/><E27/><V87/><F19/><W15/><REACH who="3" step="1"/><G31/><REACH who="3" ten="370,250,130,240" step="2"/><T92/><D92/><U44/><E99/><V94/><F106/><W22/><G22/><T118/><D21/><U42/><E105/><V115/><F115/><W120/><G120/><T24/><D118/><U88/><E101/><V67/><F103/><W70/><G70/><T40/><D81/><U43/><E26/><V53/><F97/><W108/><G108/><T112/><D24/><U9/><E20/><V90/><F67/><W63/><AGARI ba="1,1" hai="3,6,11,15,17,23,46,48,54,55,59,63,76,78" machi="63" ten="20,8000,1" yaku="1,1,0,1,7,1,52,2,53,0" doraHai="51" doraHaiUra="61" who="3" fromWho="3" sc="370,-41,250,-21,130,-21,240,93" />
</Scene>
<Scene>
<INIT seed="1,0,0,2,2,43" ten="329,229,109,333" oya="1" hai0="122,81,92,27,59,11,44,123,114,134,69,103,71" hai1="117,98,107,63,111,130,47,0,70,106,33,57,96" hai2="93,83,37,112,15,58,2,9,31,56,61,75,125" hai3="128,52,85,78,5,49,55,60,16,90,51,1,39"/><U91/><E117/><V20/><F112/><W7/><G39/><T48/><D114/><U45/><E70/><V66/><F125/><W118/><G78/><T46/><D81/><U94/><E0/><V127/><F127/><W95/><G118/><T38/><D134/><U50/><E33/><V62/><F37/><W102/><G1/><T110/><D110/><U12/><E130/><V8/><F2/><W82/><G60/><T42/><D27/><U121/><E121/><N who="0" m="46089" /><D59/><U76/><E76/><V68/><F68/><W64/><G64/><T25/><D25/><U17/><E111/><V79/><F93/><W34/><G34/><T131/><D11/><U24/><E24/><V77/><F77/><W119/><G119/><T100/><D131/><U35/><E35/><V97/><F97/><W73/><G73/><T113/><D113/><U124/><E124/><V67/><REACH who="2" step="1"/><F31/><REACH who="2" ten="329,229,99,333" step="2"/><W132/><G128/><T126/><D126/><U80/><E98/><V19/><AGARI ba="0,1" hai="8,9,15,19,20,56,58,61,62,66,67,75,79,83" machi="19" ten="30,7900,0" yaku="1,1,2,1,0,1,9,1,53,0" doraHai="43" doraHaiUra="87" who="2" fromWho="2" sc="329,-20,229,-39,99,89,333,-20" />
</Scene>
<Scene>
<INIT seed="2,0,0,4,2,72" ten="309,190,188,313" oya="2" hai0="55,131,3,36,52,102,122,5,56,82,27,32,117" hai1="96,135,129,109,14,88,70,21,85,43,118,40,74" hai2="98,108,35,25,63,23,45,0,83,38,16,113,68" hai3="123,31,107,8,99,116,65,17,50,86,128,13,105"/><V67/><F113/><W125/><G123/><T97/><D122/><U110/><E118/><V111/><F0/><W66/><G116/><T33/><D36/><U81/><E70/><V18/><F35/><W2/><G125/><T44/><D117/><U59/><E74/><V119/><F119/><W79/><G128/><T51/><D82/><U58/><E129/><V4/><F4/><W26/><G2/><T134/><D131/><U77/><E135/><V76/><F98/><W115/><G115/><T20/><D134/><U106/><E43/><V92/><F92/><W133/><G133/><T114/><D114/><U100/><E40/><V101/><F101/><W120/><G120/><T22/><D5/><U90/><E58/><V132/><F132/><W41/><G99/><T37/><D3/><U61/><E21/><V49/><F38/><W104/><G50/><T1/><D1/><U94/><E14/><V80/><F18/><W48/><G48/><T6/><D6/><U42/><E42/><N who="2" m="24759" /><F76/><W130/><G41/><T24/><D37/><U89/><REACH who="1" step="1"/><E106/><REACH who="1" ten="309,180,188,313" step="2"/><V69/><F69/><W73/><G130/><T127/><D33/><U9/><E9/><V28/><F28/><W7/><G73/><T19/><D32/><U93/><E93/><V64/><F64/><AGARI ba="0,1" hai="59,61,64,77,81,85,88,89,90,94,96,100,109,110" machi="64" ten="40,5200,0" yaku="1,1,52,1,54,1,53,0" doraHai="72" doraHaiUra="12" who="1" fromWho="2" sc="309,0,180,62,188,-52,313,0" />
</Scene>
<Scene>
<INIT seed="3,0,0,1,3,91" ten="309,242,136,313" oya="3" hai0="80,123,54,90,98,81,87,35,122,78,100,48,22" hai1="84,126,116,34,7,40,74,70,57,86,124,76,59" hai2="99,43,27,38,26,119,21,15,131,121,25,96,125" hai3="4,55,42,65,111,130,93,45,3,73,66,132,120"/><W14/><G120/><T39/><D35/><U110/><E70/><V30/><F119/><W97/><G73/><T44/><D39/><U17/><E34/><V129/><F121/><W107/><G107/><T31/><D31/><U88/><E7/><V18/><F30/><W51/><G130/><T5/><D5/><U12/><E116/><V24/><N who="2" m="6144" /><DORA hai="6" /><V115/><F115/><W89/><G132/><T113/><D22/><U95/><E74/><V29/><F29/><W56/><G3/><T0/><D0/><U23/><E40/><V135/><F135/><W52/><G111/><T13/><D13/><U82/><REACH who="1" step="1"/><E110/><REACH who="1" ten="309,232,136,313" step="2"/><V106/><F43/><W102/><G42/><T79/><D113/><U46/><E46/><V10/><F38/><W62/><G4/><T71/><D71/><U109/><E109/><V114/><F114/><W69/><G69/><T75/><D123/><U33/><E33/><V53/><F129/><W19/><REACH who="3" step="1"/><G102/><REACH who="3" ten="309,232,136,303" step="2"/><T60/><D122/><U20/><E20/><AGARI ba="0,2" hai="14,19,20,45,51,52,55,56,62,65,66,89,93,97" machi="20" ten="30,18000,2" yaku="1,1,2,1,7,1,8,1,52,1,54,1,53,1" doraHai="91,6" doraHaiUra="8,83" who="3" fromWho="1" sc="309,0,232,-180,136,0,303,200" />
</Scene>
<Scene>
<INIT seed="3,1,0,1,0,5" ten="309,52,136,503" oya="3" hai0="75,1,41,63,89,34,57,93,20,130,50,97,134" hai1="54,107,53,82,88,35,115,51,38,85,15,56,29" hai2="122,101,48,110,126,135,70,86,123,7,6,30,37" hai3="121,108,118,18,92,103,125,39,3,74,12,116,9"/><W83/><G39/><T14/><D34/><U40/><E115/><V96/><F37/><W23/><G121/><N who="2" m="46089" /><F126/><W19/><G125/><T69/><D1/><U64/><E107/><V91/><F135/><W84/><G108/><T10/><D75/><U104/><E104/><N who="2" m="63527" /><F70/><W119/><G3/><T124/><D69/><U31/><E35/><V32/><F110/><W17/><G74/><T120/><D120/><U132/><E132/><V72/><F72/><W61/><G61/><T55/><D130/><U45/><E64/><V16/><F48/><W113/><G113/><T81/><D134/><U133/><E133/><V111/><F111/><W128/><G128/><T100/><D124/><U102/><E102/><V59/><F59/><W0/><G0/><T68/><D20/><U27/><E27/><N who="2" m="18527" /><F16/><W112/><G112/><T24/><D68/><U28/><E54/><V62/><F62/><W105/><G105/><T21/><D41/><U66/><E66/><V80/><AGARI ba="1,0" hai="6,7,80,86,91" m="18527,63527,46089" machi="80" ten="30,1100,0" yaku="13,1" doraHai="5" who="2" fromWho="2" sc="309,-4,52,-4,136,14,503,-6" />
</Scene>
<Scene>
<INIT seed="4,0,0,3,5,31" ten="305,48,150,497" oya="0" hai0="80,83,51,74,96,44,120,118,27,46,67,59,109" hai1="127,78,133,20,48,36,34,101,88,86,87,11,2" hai2="104,19,56,39,35,18,21,69,28,70,40,79,58" hai3="98,126,55,102,30,105,97,94,65,17,112,92,15"/><T43/><D118/><U68/><E36/><V61/><F79/><W84/><G112/><T82/><D120/><U134/><E68/><V22/><F40/><W64/><G126/><T50/><D109/><U71/><E71/><V132/><F28/><W42/><G42/><T76/><D27/><U114/><E101/><V135/><F61/><W113/><G113/><T9/><D9/><U41/><E114/><V77/><F77/><W110/><G84/><T38/><D38/><U115/><E115/><V54/><F54/><W124/><G105/><T1/><D1/><U23/><E127/><V66/><F39/><W103/><G124/><T5/><D5/><N who="1" m="1463" /><E78/><V95/><F95/><W131/><G131/><T4/><D4/><U128/><E86/><V7/><F7/><W16/><G30/><T24/><D24/><U53/><E41/><V57/><F57/><W49/><G110/><T6/><D6/><U129/><E34/><V63/><F63/><W107/><G107/><T47/><D96/><U125/><E125/><V122/><F104/><W25/><G25/><T12/><D12/><U52/><E20/><V91/><F35/><W26/><G26/><T85/><D74/><U121/><E23/><V60/><F60/><W10/><G17/><T0/><D0/><U90/><E121/><V119/><F122/><W111/><G111/><T93/><D43/><U117/><E117/><V123/><F123/><W45/><AGARI ba="0,0" hai="10,15,16,45,49,55,64,65,92,94,97,98,102,103" machi="45" ten="20,8000,1" yaku="0,1,7,1,9,1,8,1,54,1" doraHai="31" who="3" fromWho="3" sc="305,-40,48,-20,150,-20,497,80" />
</Scene>
<Scene>
<INIT seed="5,0,0,4,5,127" ten="265,28,130,577" oya="1" hai0="91,65,135,97,132,108,114,20,5,32,74,42,68" hai1="6,72,45,117,99,98,88,56,2,116,64,106,53" hai2="47,122,95,101,75,81,10,0,103,61,104,76,129" hai3="37,59,48,134,121,58,28,60,26,17,96,86,125"/><U63/><E72/><V49/><F122/><W80/><G37/><T82/><D32/><U46/><E106/><V19/><F104/><W33/><G121/><T120/><D120/><U89/><E2/><V79/><F79/><W62/><G134/><N who="0" m="51243" /><D108/><U12/><E117/><V133/><F133/><W3/><G3/><T50/><D5/><U107/><E116/><V113/><F113/><W131/><G48/><T110/><D110/><U111/><E111/><V52/><F129/><W15/><G131/><T126/><D126/><U87/><E107/><V55/><F95/><W112/><G96/><N who="1" m="36906" /><E64/><V7/><F19/><W4/><G112/><T66/><D68/><U39/><E39/><V102/><REACH who="2" step="1"/><F61/><REACH who="2" ten="265,28,120,577" step="2"/><W69/><G62/><T13/><D114/><U44/><E87/><V100/><N who="2" m="25600" /><DORA hai="41" /><V51/><F51/><W90/><G86/><N who="0" m="50647" /><D74/><U18/><E6/><V14/><F14/><W31/><G4/><T115/><D115/><U11/><AGARI ba="0,1" hai="11,12,18,44,45,46,53,56,63,88,89" m="36906" machi="11" ten="30,12000,1" yaku="8,1,52,3,54,1" doraHai="127,41" who="1" fromWho="1" sc="265,-40,28,130,120,-40,577,-40" />
</Scene>
<Scene>
<INIT seed="5,1,0,2,4,121" ten="225,158,80,537" oya="1" hai0="97,134,45,14,40,41,103,120,31,58,124,13,64" hai1="90,93,71,123,33,83,2,54,1,113,107,43,22" hai2="109,82,4,53,87,38,25,96,111,56,10,85,125" hai3="47,20,42,29,84,104,105,11,72,34,74,78,63"/><U46/><E33/><V99/><F38/><W24/><G34/><T118/><D118/><U23/><E107/><V18/><F125/><W91/><G63/><N who="0" m="38007" /><D124/><U62/><E123/><V73/><F73/><W106/><G11/><T94/><D120/><U98/><E113/><V39/><F39/><W110/><G78/><T70/><D70/><U61/><E61/><V68/><F68/><W80/><REACH who="3" step="1"/><G110/><REACH who="3" ten="225,158,80,527" step="2"/><T9/><D134/><U75/><E62/><V67/><F111/><W129/><G129/><T30/><D9/><U127/><E127/><V35/><F109/><W49/><AGARI ba="1,1" hai="20,24,29,42,47,49,72,74,80,84,91,104,105,106" machi="49" ten="30,4000,0" yaku="1,1,0,1,53,1" doraHai="121" doraHaiUra="81" who="3" fromWho="3" sc="225,-11,158,-21,80,-11,527,53" />
</Scene>
<Scene>
<INIT seed="6,0,0,1,0,60" ten="214,137,69,580" oya="2" hai0="94,7,61,72,4,92,53,9,56,37,99,105,121" hai1="127,8,16,126,43,63,125,51,25,70,58,30,104" hai2="28,66,39,98,24,114,62,85,78,118,135,0,11" hai3="50,119,95,77,122,79,101,108,110,69,133,124,10"/><V106/><F118/><W49/><G69/><T81/><D121/><U20/><E104/><V21/><F39/><W64/><G119/><T59/><D37/><U65/><E43/><V26/><F135/><W40/><G10/><T57/><D105/><U74/><E74/><V116/><F116/><W82/><G40/><T15/><D4/><U27/><E8/><V103/><F114/><W23/><G95/><T13/><D13/><N who="1" m="9231" /><E30/><V19/><F78/><W36/><G36/><T130/><D130/><U113/><E113/><V12/><F85/><W80/><G23/><T134/><D134/><U38/><E38/><V129/><F129/><W123/><G101/><T76/><D94/><U22/><E22/><V93/><F106/><W100/><G100/><AGARI ba="0,0" hai="7,9,15,53,56,57,59,61,72,76,81,92,99,100" machi="100" ten="30,1000,0" yaku="7,1" doraHai="60" who="0" fromWho="3" sc="214,10,137,0,69,0,580,-10" />
</Scene>
<Scene>
<INIT seed="7,0,0,0,3,30" ten="224,137,69,570" oya="3" hai0="29,110,8,93,52,115,133,54,124,44,39,123,58" hai1="61,34,33,23,28,134,79,83,50,129,86,35,107" hai2="13,132,97,18,40,76,0,117,92,45,69,12,119" hai3="36,95,49,98,116,109,125,118,130,122,126,1,7"/><W9/><G36/><T22/><D110/><U74/><E107/><V14/><F69/><W96/><G109/><T100/><D123/><U15/><E129/><V68/><F68/><W112/><G130/><T59/><D124/><U127/><E127/><V121/><F121/><W82/><G82/><T5/><D133/><U24/><E134/><V64/><F132/><W113/><G49/><T21/><D39/><U47/><E61/><V84/><F0/><W53/><G53/><T70/><D44/><U57/><E57/><V41/><F64/><W80/><G80/><T114/><D70/><U11/><E74/><V20/><F117/><W77/><G77/><T51/><D93/><U135/><E135/><V75/><F75/><W42/><G42/><T120/><D100/><U32/><E23/><V25/><F119/><W46/><G46/><T91/><D91/><U38/><E38/><V2/><F2/><W103/><G122/><T101/><D101/><U72/><E72/><V108/><F108/><W43/><G43/><T73/><D73/><U102/><E102/><V37/><F41/><W62/><G62/><N who="0" m="36167" /><D29/><U94/><E94/><V87/><REACH who="2" step="1"/><F76/><REACH who="2" ten="224,137,59,570" step="2"/><W19/><G116/><T17/><D120/><U55/><E34/><V89/><AGARI ba="0,1" hai="12,13,14,18,20,25,37,40,45,84,87,89,92,97" machi="89" ten="30,8000,1" yaku="1,1,2,1,0,1,53,2" doraHai="30" doraHaiUra="81" who="2" fromWho="2" sc="224,-20,137,-20,59,90,570,-40" owari="204,0.0,117,-38.0,149,-25.0,530,63.0" />
</Scene>
</mjloggm>