<mjloggm ver="2.3"><GO type="193"/><UN n0="%E6%9C%80%E5%BE%8C%E3%82%84%E3%81%8B%E3%82%89%E3%81%AD%E3%81%A3%E3%80%82" n1="%E5%A4%AA%E3%81%8F%E3%81%AA%E3%81%84%E3%81%8A" n2="%E3%83%99%E3%83%B3%E3%83%BB%E3%83%88%E3%83%BC" n3="%6E%61%6B%61%63%68%75" dan="11,12,12,11" rate="1603,1921,1612,1705" sx="M,M,M,M"/><TAIKYOKU oya="0"/>

<Scene>
<INIT seed="0,0,0,3,2,109" ten="250,250,250,250" oya="0" hai0="68,100,6,118,135,74,77,34,73,88,67,8,72" hai1="82,43,80,84,31,126,101,16,123,61,40,9,33" hai2="63,41,29,89,3,103,115,1,10,24,38,81,30" hai3="7,76,50,12,124,91,75,131,93,104,133,90,39"/><T19/><D34/><U112/><E123/><V22/><F115/><W122/><G133/><T132/><D118/><U102/><E112/><V113/><F113/><W13/><G131/><T36/><D36/><U51/><E126/><V66/><F41/><W58/><G122/><T35/><D35/><U26/><E61/><V2/><F38/><W130/><G39/><T125/><D100/><U69/><E69/><V94/><F103/><W111/><G130/><T86/><D125/><U117/><E117/><V32/><F81/><W119/><G111/><T95/><D19/><U45/><E40/><V70/><F10/><W28/><G119/><T134/><D77/><U64/><E64/><V106/><F106/><W49/><G104/><T108/><D108/><U23/><E9/><V59/><F70/><W55/><G75/><T85/><D67/><U83/><REACH who="1" step="1"/><E84/><REACH who="1" ten="250,240,250,250" step="2"/><V11/><F11/><W105/><G124/><T78/><D68/><U42/><E42/><V48/><F48/><W21/><G50/><T37/><D37/><U54/><E54/><V15/><F32/><W46/><G49/><T62/><D62/><U57/><E57/><V65/><F65/><W121/><G55/><T27/><D135/><U97/><E97/><V47/><F47/><W116/><G46/><T79/><D132/><U44/><E44/><V17/><REACH who="2" step="1"/><F24/><AGARI ba="0,1" hai="16,23,24,26,31,33,43,45,51,80,82,83,101,102" machi="24" ten="40,2600,0" yaku="1,1,54,1,53,0" doraHai="109" doraHaiUra="129" who="1" fromWho="2" sc="250,0,240,36,250,-26,250,0" />
</Scene>
<Scene>
<INIT seed="1,0,0,5,1,60" ten="250,276,224,250" oya="1" hai0="23,10,99,107,121,135,101,2,11,18,62,37,3" hai1="80,103,114,126,102,133,75,12,9,57,8,131,36" hai2="88,117,116,98,68,45,22,67,7,72,74,1,95" hai3="118,86,122,109,70,54,111,94,32,83,5,26,64"/><U13/><E114/><V0/><F0/><W132/><G118/><T78/><D37/><U17/><E36/><V115/><F115/><W16/><G122/><T38/><D38/><U76/><E126/><V91/><F7/><W69/><G132/><T93/><D121/><U120/><E120/><V31/><F1/><W50/><G64/><T56/><D135/><U92/><E133/><V40/><F117/><W90/><G5/><T41/><D41/><U19/><E131/><V134/><F134/><W63/><G63/><T58/><D56/><U30/><E30/><V53/><F116/><W24/><G32/><T65/><D78/><U51/><E92/><V100/><F74/><W44/><G26/><T84/><D3/><U85/><E75/><V106/><F72/><W6/><G6/><T49/><D2/><U77/><E77/><V35/><F35/><W113/><G113/><T130/><D130/><U97/><E97/><V52/><F31/><W46/><G46/><T108/><D49/><U112/><E112/><V59/><F22/><W28/><G94/><T81/><D107/><U104/><E104/><V61/><F106/><W79/><G79/><T21/><D21/><U96/><E96/><V20/><F20/><W71/><G28/><T14/><D108/><U105/><E105/><V129/><F53/><AGARI ba="0,0" hai="8,9,12,13,17,19,51,53,57,76,80,85,102,103" machi="53" ten="40,3900,0" yaku="9,1,8,1" doraHai="60" who="1" fromWho="2" sc="250,0,276,39,224,-39,250,0" />
</Scene>
<Scene>
<INIT seed="1,1,0,2,0,36" ten="250,315,185,250" oya="1" hai0="104,48,102,70,107,68,111,115,76,52,96,75,118" hai1="30,86,20,3,58,125,56,71,132,46,15,74,124" hai2="61,39,84,127,7,26,98,126,35,62,27,59,88" hai3="105,83,9,97,28,38,34,94,19,123,10,135,42"/><U31/><E3/><V37/><F35/><W63/><G105/><T130/><D115/><U6/><E71/><V90/><F7/><W129/><G123/><T40/><D118/><U112/><E74/><V64/><F98/><W51/><G129/><T79/><D130/><U25/><E112/><V106/><F106/><W128/><G38/><N who="2" m="14345" /><F59/><N who="1" m="22569" /><E132/><V23/><F84/><W78/><G135/><T54/><D111/><U12/><E46/><V66/><F23/><W134/><G63/><N who="2" m="24073" /><F66/><W131/><G134/><T103/><D75/><U41/><E86/><V114/><F64/><W77/><G77/><T122/><D68/><U108/><E108/><V117/><F117/><W44/><G131/><T17/><D70/><U5/><E31/><V82/><F82/><W32/><G28/><T65/><D65/><U89/><E89/><N who="2" m="34411" /><F114/><W100/><G128/><T87/><D17/><U93/><E6/><V11/><F11/><W50/><G50/><T1/><D96/><U73/><E5/><V109/><F109/><W116/><G116/><T120/><D107/><U29/><E73/><V18/><F18/><W53/><G42/><T91/><D104/><U121/><E29/><V99/><F99/><W119/><G119/><T22/><D120/><U2/><E121/><V101/><F101/><N who="0" m="38410" /><D122/><U85/><E30/><V24/><AGARI ba="1,0" hai="24,26,27,126,127" m="34411,24073,14345" machi="24" ten="40,5200,0" yaku="28,2,54,1" doraHai="36" who="2" fromWho="2" sc="250,-14,315,-27,185,55,250,-14" />
</Scene>
<Scene>
<INIT seed="2,0,0,4,3,17" ten="236,288,240,236" oya="2" hai0="82,128,62,49,25,54,125,127,96,104,30,34,42" hai1="80,89,32,35,72,51,12,40,7,27,124,105,129" hai2="69,68,120,44,94,95,133,50,58,1,135,101,61" hai3="65,18,119,93,108,20,46,4,83,121,26,3,45"/><V43/><F120/><W113/><G119/><T123/><D123/><U111/><E105/><V71/><F1/><W75/><G113/><T8/><D128/><U70/><E70/><V19/><F19/><W88/><G121/><T85/><D42/><U87/><E72/><V16/><F101/><W115/><G115/><T106/><D62/><U29/><E129/><V63/><F16/><W53/><G4/><T13/><D96/><U86/><E111/><V59/><F95/><W74/><G3/><T55/><D54/><U132/><E132/><N who="2" m="50763" /><F94/><W73/><G108/><T41/><D41/><U6/><E124/><V76/><F76/><W98/><G83/><T28/><D28/><U52/><E40/><V77/><F77/><W118/><G118/><T23/><D34/><U130/><E130/><V64/><F68/><W31/><G31/><T131/><D131/><U37/><E37/><V107/><F107/><W14/><G14/><T21/><D106/><U22/><E86/><V122/><F122/><W15/><G15/><T84/><D104/><U66/><E6/><V92/><F92/><W116/><G116/><T103/><D103/><U134/><E134/><V110/><F110/><W36/><G36/><T38/><D38/><U100/><E100/><V81/><F81/><W56/><REACH who="3" step="1"/><G65/><AGARI ba="0,0" hai="43,44,50,58,59,61,63,64,65,69,71" m="50763" machi="65" ten="30,5800,0" yaku="20,1,34,2" doraHai="17" who="2" fromWho="3" sc="236,0,288,0,240,58,236,-58" />
</Scene>
<Scene>
<INIT seed="2,1,0,0,1,122" ten="236,288,298,178" oya="2" hai0="44,105,71,47,100,12,2,38,82,107,115,109,85" hai1="99,130,84,45,51,54,76,131,1,49,104,101,32" hai2="9,11,4,42,57,77,94,60,121,89,66,58,13" hai3="86,36,135,111,67,28,14,17,41,98,56,114,103"/><V134/><F121/><W46/><G114/><T102/><D115/><U31/><E1/><V80/><F134/><W15/><G135/><T119/><D12/><U113/><E113/><V72/><F42/><W25/><G15/><T63/><D63/><U75/><E75/><V97/><REACH who="2" step="1"/><F11/><REACH who="2" ten="236,288,288,178" step="2"/><W81/><G111/><T5/><D109/><U19/><E131/><V124/><F124/><W83/><G86/><T61/><D119/><U108/><E84/><V96/><F96/><W65/><G83/><T16/><D38/><U95/><E99/><V70/><AGARI ba="1,1" hai="4,9,13,57,58,60,66,70,72,77,80,89,94,97" machi="70" ten="20,3900,0" yaku="1,1,0,1,7,1,53,0" doraHai="122" doraHaiUra="33" who="2" fromWho="2" sc="236,-14,288,-14,288,52,178,-14" />
</Scene>
<Scene>
<INIT seed="2,2,0,2,2,130" ten="222,274,340,164" oya="2" hai0="18,121,9,122,2,98,40,87,100,97,105,89,81" hai1="20,14,37,30,114,135,113,45,67,66,107,29,69" hai2="128,13,33,63,54,85,44,84,93,25,5,22,17" hai3="133,106,7,131,110,35,21,75,134,56,0,60,74"/><V111/><F128/><W24/><G131/><T49/><D98/><U94/><E107/><V118/><F118/><W86/><G35/><T125/><D125/><U43/><E135/><N who="3" m="51722" /><G110/><T82/><D82/><U120/><E120/><V92/><F111/><W3/><G106/><T28/><D28/><U112/><E94/><N who="2" m="36459" /><F33/><W52/><G7/><T64/><D64/><U55/><E55/><V68/><F68/><W11/><G11/><T42/><D49/><U50/><E37/><V71/><F71/><W32/><G32/><T83/><D81/><U65/><E69/><V119/><F119/><W95/><G0/><T51/><D42/><U91/><E91/><V1/><F1/><W46/><G3/><T41/><D40/><U47/><E47/><V36/><F36/><W34/><G34/><T78/><D51/><U4/><E4/><V127/><F127/><W116/><G116/><T26/><D41/><U72/><E72/><V124/><F124/><W73/><G46/><T76/><D26/><U79/><E79/><N who="0" m="30249" /><D18/><U101/><E101/><V132/><F132/><W108/><G108/><T15/><D2/><U90/><E90/><V58/><F44/><W109/><G109/><T10/><D15/><U88/><E88/><V104/><F104/><W126/><G95/><T38/><D38/><U23/><E23/><V129/><F129/><W27/><G126/><T103/><D100/><U31/><E20/><V70/><F70/><W53/><G86/><T117/><D117/><U102/><E102/><V62/><F63/><W39/><G39/><T115/><D115/><U57/><E57/><RYUUKYOKU ba="2,0" sc="222,10,274,10,340,10,164,-30" hai0="9,10,83,87,89,97,103,105,121,122" hai1="14,29,30,31,43,45,50,65,66,67,112,113,114" hai2="5,13,17,22,25,54,58,62,84,85" />
</Scene>
<Scene>
<INIT seed="2,3,0,1,3,64" ten="232,284,350,134" oya="2" hai0="131,21,93,110,5,54,40,20,82,29,18,3,44" hai1="19,114,67,17,13,111,33,28,2,94,73,74,129" hai2="36,120,72,45,14,53,0,41,38,49,121,61,39" hai3="130,65,43,112,11,30,52,104,125,23,35,47,50"/><V69/><F72/><W42/><G104/><T134/><D134/><U107/><E107/><V51/><F0/><W68/><G112/><T26/><D131/><U22/><E114/><V7/><F7/><W63/><G130/><T15/><D82/><U59/><E129/><V101/><F101/><W48/><G125/><T124/><D54/><U8/><E111/><V60/><F14/><W46/><G35/><T12/><D93/><U86/><E33/><V62/><REACH who="2" step="1"/><F69/><REACH who="2" ten="232,284,340,134" step="2"/><W84/><G11/><T105/><D105/><U56/><E2/><V132/><F132/><W27/><REACH who="3" step="1"/><G84/><REACH who="3" ten="232,284,340,124" step="2"/><T10/><D124/><U126/><E86/><V91/><F91/><W119/><G119/><T57/><D110/><U92/><E8/><V90/><F90/><W24/><G24/><T55/><D26/><U32/><E126/><V79/><F79/><W88/><G88/><T58/><D29/><U78/><E28/><V9/><F9/><W80/><G80/><T81/><D81/><U122/><E78/><V102/><F102/><W71/><G71/><T95/><D5/><U16/><E73/><V128/><F128/><W70/><G70/><T37/><D10/><U96/><E74/><V113/><F113/><W117/><G117/><T89/><D3/><U66/><E13/><V115/><F115/><W103/><G103/><T100/><D15/><U83/><E83/><V25/><F25/><W123/><G123/><T87/><D100/><U135/><E122/><V118/><F118/><W76/><G76/><T133/><D133/><U31/><E135/><V109/><F109/><W1/><G1/><RYUUKYOKU ba="3,2" sc="232,-15,284,-15,340,15,124,15" hai2="36,38,39,41,45,49,51,53,60,61,62,120,121" hai3="23,27,30,42,43,46,47,48,50,52,63,65,68" />
</Scene>
<Scene>
<INIT seed="2,4,2,2,5,11" ten="217,269,355,139" oya="2" hai0="52,108,21,126,9,102,19,76,127,79,74,97,124" hai1="40,134,82,73,117,8,111,91,110,72,18,47,27" hai2="96,50,24,43,35,70,86,17,104,129,51,66,118" hai3="67,133,115,135,44,23,80,10,42,20,128,85,61"/><V94/><F118/><W3/><G128/><T49/><D9/><U26/><E117/><V41/><F129/><W114/><G115/><T63/><D63/><U14/><E134/><N who="3" m="51210" /><G114/><T77/><D108/><N who="1" m="41515" /><E91/><V38/><F38/><N who="3" m="21591" /><G10/><T30/><D30/><U84/><E84/><V31/><F104/><W98/><G3/><T45/><D74/><N who="1" m="28779" /><E82/><V120/><F120/><W4/><G4/><T75/><D75/><U83/><E83/><V100/><F70/><N who="3" m="42351" /><G98/><T95/><REACH who="0" step="1"/><D77/><AGARI ba="4,2" hai="20,23,77,80,85" m="42351,21591,51210" machi="77" ten="30,1000,0" yaku="20,1" doraHai="11" who="3" fromWho="0" sc="217,-22,269,0,355,0,139,42" />
</Scene>
<Scene>
<INIT seed="3,0,0,5,3,100" ten="195,269,355,181" oya="3" hai0="123,59,66,73,20,52,107,49,90,114,45,32,125" hai1="3,78,51,65,14,130,122,25,24,101,22,105,27" hai2="97,46,81,111,50,74,71,79,67,106,87,126,63" hai3="96,118,57,128,28,98,2,16,135,104,85,48,10"/><W84/><G118/><T129/><D32/><U56/><E122/><V110/><F126/><W108/><G128/><T53/><D73/><U37/><E37/><V102/><REACH who="2" step="1"/><F74/><REACH who="2" ten="195,269,345,181" step="2"/><W95/><G135/><T103/><D125/><U4/><E130/><V40/><AGARI ba="0,1" hai="40,46,50,63,67,71,79,81,87,97,102,106,110,111" machi="40" ten="30,7900,0" yaku="1,1,2,1,0,1,52,1,53,0" doraHai="100" doraHaiUra="70" who="2" fromWho="2" sc="195,-20,269,-20,345,89,181,-39" owari="175,-22.0,249,5.0,434,53.0,142,-36.0" />
</Scene>
</mjloggm>