<mjloggm ver="2.3"><GO type="97"/><UN n0="%68%61%6E%77%61%72%61%69" n1="%E3%81%AA%E3%81%8B%E3%81%98%E3%82%82" n2="%E5%A4%AA%E3%81%8F%E3%81%AA%E3%81%84%E3%81%8A" n3="%48%45%59%21%54%41%4B" dan="13,13,15,14" rate="1839,1859,2019,1921" sx="M,M,M,M"/><TAIKYOKU oya="0"/>

<Scene>
<INIT seed="0,0,0,4,0,83" ten="250,250,250,250" oya="0" hai0="135,49,97,46,90,8,107,33,116,0,73,133,57" hai1="29,76,62,84,63,120,122,59,95,68,93,128,55" hai2="28,118,9,105,72,88,111,79,87,81,130,124,19" hai3="102,85,16,3,58,44,109,127,114,104,110,65,129"/><T22/><D33/><U78/><E128/><V108/><F105/><W53/><G114/><T74/><D116/><U64/><E29/><V82/><F130/><W123/><G129/><T121/><D121/><U6/><E6/><V50/><F118/><W91/><G123/><T94/><D107/><U80/><E122/><V119/><F119/><W14/><G3/><T12/><D0/><U89/><REACH who="1" step="1"/><E120/><REACH who="1" ten="250,240,250,250" step="2"/><V43/><F28/><W17/><G127/><T96/><D73/><U20/><E20/><V99/><F124/><W25/><G25/><T30/><D74/><U52/><E52/><V66/><F66/><W125/><G65/><T37/><D135/><U86/><E86/><V5/><F99/><N who="3" m="61535" /><G125/><T7/><D133/><U132/><E132/><V75/><F75/><W36/><G36/><T39/><D97/><U31/><E31/><V1/><REACH who="2" step="1"/><F19/><REACH who="2" ten="250,240,240,250" step="2"/><W21/><G17/><T47/><D39/><U106/><E106/><V4/><F4/><W18/><G18/><T45/><D37/><U92/><AGARI ba="0,2" hai="55,59,62,63,64,68,76,78,80,84,89,92,93,95" machi="92" ten="30,7900,0" yaku="1,1,0,1,52,1,53,1" doraHai="83" doraHaiUra="54" who="1" fromWho="1" sc="250,-39,240,99,240,-20,250,-20" />
</Scene>
<Scene>
<INIT seed="1,0,0,2,3,15" ten="211,339,220,230" oya="1" hai0="105,133,130,104,81,83,7,124,17,84,22,93,50" hai1="54,79,121,98,67,53,127,49,32,43,56,39,126" hai2="2,90,0,20,19,6,106,108,52,11,13,111,57" hai3="135,58,14,95,24,100,132,35,92,30,28,65,116"/><U9/><E32/><V63/><F106/><W8/><G116/><T77/><D130/><U112/><E112/><V4/><F90/><W74/><G74/><T102/><D133/><N who="3" m="51273" /><G100/><T131/><D131/><U12/><E121/><V51/><F63/><N who="3" m="38135" /><G30/><T80/><D7/><AGARI ba="0,0" hai="7,8,14,24,28,35,92,95" m="38135,51273" machi="7" ten="30,1000,0" yaku="20,1" doraHai="15" who="3" fromWho="0" sc="211,-10,339,0,220,0,230,10" />
</Scene>
<Scene>
<INIT seed="2,0,0,4,4,118" ten="201,339,220,240" oya="2" hai0="113,135,125,70,84,29,54,68,55,41,77,67,18" hai1="63,47,98,1,116,97,80,89,134,115,38,2,88" hai2="120,86,21,124,75,10,30,112,93,76,108,58,59" hai3="24,101,111,13,23,132,27,28,46,103,79,92,94"/><V66/><F120/><W85/><G111/><T131/><D29/><U123/><E115/><V91/><F112/><W33/><G132/><T110/><D84/><U82/><E116/><V45/><F124/><W15/><G46/><T64/><D18/><U26/><E134/><V40/><F108/><W83/><G33/><T73/><D77/><U104/><E47/><V129/><F129/><W121/><G121/><T5/><D5/><U53/><E63/><V19/><F30/><W31/><G31/><T3/><D73/><U20/><E104/><V105/><F105/><W32/><G32/><T0/><D110/><U57/><E57/><V126/><F10/><W56/><G56/><T99/><D99/><U7/><E7/><V36/><F126/><W48/><G48/><T43/><D125/><U49/><E49/><V95/><F95/><N who="3" m="36395" /><G24/><T72/><D72/><U69/><E69/><V65/><F65/><W61/><G61/><T22/><D131/><U39/><E26/><V14/><REACH who="2" step="1"/><F66/><REACH who="2" ten="201,339,210,240" step="2"/><W11/><G11/><T81/><D113/><U25/><E123/><V52/><F52/><W8/><G8/><T127/><D127/><U130/><E130/><V16/><F16/><W51/><G51/><T109/><D109/><U87/><E53/><V50/><F50/><W6/><G6/><T42/><D42/><U9/><E9/><V90/><F90/><W44/><G103/><T128/><D128/><U35/><E25/><V37/><F37/><W4/><G101/><T60/><D60/><U78/><E38/><V122/><F122/><W114/><G4/><T34/><D135/><RYUUKYOKU ba="0,1" sc="201,-10,339,-10,210,30,240,-10" hai2="14,19,21,36,40,45,58,59,75,76,86,91,93" />
</Scene>
<Scene>
<INIT seed="2,1,1,3,4,106" ten="191,329,240,230" oya="2" hai0="118,83,105,99,36,126,65,51,115,113,50,103,81" hai1="6,68,135,26,122,67,95,37,4,38,128,31,62" hai2="22,39,129,107,43,52,79,9,46,110,72,111,59" hai3="90,41,60,55,127,124,27,63,98,78,133,86,134"/><V89/><F107/><W92/><G41/><T85/><D36/><U69/><E122/><V73/><F129/><W12/><G27/><T13/><D65/><U58/><E128/><V102/><F102/><W2/><G2/><T91/><D51/><U94/><E135/><N who="3" m="51722" /><G12/><T35/><D35/><U93/><E31/><V44/><F44/><W33/><G33/><T0/><D0/><U121/><E26/><V30/><F9/><W125/><G55/><T45/><D126/><N who="3" m="32257" /><W96/><DORA hai="108" /><G98/><T88/><D118/><U23/><E23/><V109/><F79/><W19/><G19/><T49/><D13/><U25/><E25/><N who="2" m="16695" /><F89/><N who="3" m="55311" /><G78/><T82/><D49/><AGARI ba="1,1" hai="39,43,46,49,52,59,72,73,109,110,111" m="16695" machi="49" ten="30,12000,1" yaku="14,1,10,1,52,2,54,1" doraHai="106,108" who="2" fromWho="0" sc="191,-123,329,0,240,133,230,0" />
</Scene>
<Scene>
<INIT seed="2,2,0,5,0,83" ten="68,329,373,230" oya="2" hai0="71,62,135,130,80,59,74,95,31,118,44,58,43" hai1="85,55,65,94,47,28,7,105,87,37,10,29,61" hai2="112,76,75,133,90,52,115,77,3,22,40,122,21" hai3="78,119,11,92,35,124,57,32,100,5,30,9,25"/><V68/><F122/><W64/><G119/><T67/><D95/><U69/><E105/><V91/><F68/><W27/><G78/><T60/><D80/><U108/><E108/><V42/><F3/><W66/><G124/><T73/><D31/><U82/><E94/><V117/><F133/><W106/><G106/><T63/><D74/><U24/><E29/><V13/><F13/><W132/><G132/><T114/><D73/><U8/><E8/><V102/><F75/><W93/><G57/><T15/><D15/><U19/><E19/><V48/><F48/><W16/><G100/><T84/><D84/><U2/><E82/><V51/><F51/><W88/><G30/><T129/><D118/><U18/><E18/><V54/><F117/><W111/><G111/><T41/><D114/><U56/><E37/><V50/><F50/><W36/><G36/><T89/><D89/><U20/><E47/><V107/><F107/><W134/><G134/><T72/><D72/><U103/><E103/><AGARI ba="2,0" hai="21,22,40,42,52,54,76,77,90,91,102,103,112,115" machi="103" ten="25,4800,0" yaku="22,2,54,1" doraHai="83" who="2" fromWho="1" sc="68,0,329,-54,373,54,230,0" />
</Scene>
<Scene>
<INIT seed="2,3,0,1,1,131" ten="68,275,427,230" oya="2" hai0="133,119,66,115,33,6,92,100,38,86,70,24,2" hai1="80,46,120,72,71,83,4,130,22,48,77,39,7" hai2="117,34,102,14,91,79,129,52,17,62,84,59,47" hai3="128,55,51,135,45,98,60,114,5,49,16,127,40"/><V82/><F117/><W90/><G128/><T28/><D86/><U101/><E130/><V97/><F129/><W53/><G5/><T36/><D92/><U11/><E71/><V132/><F34/><W13/><G127/><T26/><D26/><U116/><E116/><V21/><F132/><W54/><G135/><T57/><D57/><U88/><E39/><V134/><F134/><W109/><G109/><T10/><D115/><U124/><E124/><V96/><F102/><W107/><G114/><T112/><D112/><U8/><E101/><V23/><F47/><W104/><G60/><T56/><D56/><U3/><E22/><V94/><F23/><N who="3" m="11663" /><G104/><T1/><D1/><U123/><E11/><V126/><F126/><W25/><G25/><T61/><D133/><U113/><E7/><V125/><F125/><W110/><G110/><T65/><D119/><U35/><E35/><V68/><F68/><W78/><G78/><T0/><D66/><U19/><E19/><V41/><F41/><W50/><G107/><T75/><D0/><U73/><E113/><V15/><F15/><W27/><G27/><T18/><D18/><U93/><E73/><AGARI ba="3,0" hai="14,17,21,52,59,62,73,79,82,84,91,94,96,97" machi="73" ten="30,2900,0" yaku="7,1,54,1" doraHai="131" who="2" fromWho="1" sc="68,0,275,-38,427,38,230,0" />
</Scene>
<Scene>
<INIT seed="2,4,0,4,5,92" ten="68,237,465,230" oya="2" hai0="119,95,135,29,99,52,4,38,85,35,60,45,70" hai1="0,83,69,118,64,121,117,6,73,30,130,21,67" hai2="62,55,110,128,26,75,41,11,37,57,90,53,44" hai3="9,19,48,80,116,27,36,20,127,1,16,84,71"/><V79/><F128/><W132/><G71/><T47/><D135/><U33/><E130/><V122/><F122/><W7/><G36/><T103/><D119/><N who="1" m="45579" /><E64/><V94/><F110/><W126/><G116/><T120/><D4/><U2/><E121/><V107/><F107/><W49/><G19/><T59/><D120/><U129/><E6/><V51/><F26/><W46/><G132/><T28/><D70/><U14/><E14/><V40/><F37/><W22/><G22/><T66/><D35/><U131/><E21/><V82/><F11/><W13/><G1/><N who="1" m="618" /><E83/><V134/><F134/><W96/><G96/><AGARI ba="4,0" hai="40,41,44,51,53,55,57,62,75,79,82,90,94,96" machi="96" ten="30,2900,0" yaku="7,1,52,1" doraHai="92" who="2" fromWho="3" sc="68,0,237,0,465,41,230,-41" />
</Scene>
<Scene>
<INIT seed="2,5,0,4,3,77" ten="68,237,506,189" oya="2" hai0="16,114,39,118,13,74,85,54,69,34,109,95,116" hai1="23,86,72,92,6,129,94,127,73,46,105,89,41" hai2="21,57,28,112,107,11,128,65,87,97,111,55,26" hai3="51,104,18,63,62,45,58,48,84,7,68,20,2"/><V15/><F112/><W135/><G104/><T117/><D34/><U67/><E105/><V40/><F128/><W33/><G33/><T32/><D32/><U78/><E127/><V82/><F111/><W49/><G135/><T59/><D74/><U3/><E129/><V14/><F65/><W37/><G37/><T125/><D69/><U134/><E134/><V66/><F66/><W4/><G68/><T17/><D39/><U10/><E67/><V132/><F132/><W80/><G2/><T88/><D114/><U100/><E23/><V120/><F120/><W76/><G45/><T29/><D17/><U79/><E100/><V133/><F133/><W131/><G131/><T47/><D47/><U56/><E56/><V106/><F40/><W101/><G101/><T52/><D29/><U70/><E70/><V124/><F124/><W130/><G130/><T44/><D44/><U119/><E119/><N who="0" m="30465" /><T19/><DORA hai="90" /><D109/><U60/><E60/><N who="3" m="23082" /><G58/><T91/><D19/><U123/><E123/><V43/><F57/><W12/><AGARI ba="5,0" hai="4,7,12,18,20,48,49,51,76,80,84" m="23082" machi="12" ten="30,2000,0" yaku="8,1,52,1" doraHai="77,90" who="3" fromWho="3" sc="68,-10,237,-10,506,-15,189,35" />
</Scene>
<Scene>
<INIT seed="3,0,0,2,4,80" ten="58,227,491,224" oya="3" hai0="132,48,61,108,67,29,76,38,79,43,95,62,11" hai1="19,25,107,94,74,56,133,15,104,39,110,2,34" hai2="126,112,105,16,87,47,26,58,14,51,55,82,113" hai3="111,117,40,115,71,96,30,1,72,13,130,102,52"/><W44/><G117/><T46/><D29/><U3/><E74/><V68/><F68/><W99/><G71/><T114/><D95/><U53/><E39/><V88/><F105/><W24/><G115/><T98/><D98/><U9/><E110/><V18/><F126/><W129/><G72/><T35/><D79/><U0/><E133/><V124/><F124/><W65/><G65/><T91/><D35/><U49/><REACH who="1" step="1"/><E94/><REACH who="1" ten="58,217,491,224" step="2"/><V54/><F26/><W97/><G111/><T10/><D108/><U89/><E89/><V86/><F86/><W36/><G1/><T22/><D91/><U135/><E135/><V45/><F18/><W92/><G13/><T20/><D76/><U83/><E83/><V7/><F7/><W121/><G121/><T37/><D132/><U103/><E103/><V5/><F5/><W131/><G52/><T122/><D114/><N who="2" m="44138" /><F55/><W57/><G57/><T119/><D122/><U23/><E23/><AGARI ba="0,1" hai="23,24,30,36,40,44,92,96,97,99,102,129,130,131" machi="23" ten="40,2000,0" yaku="19,1" doraHai="80" who="3" fromWho="1" sc="58,0,217,-20,491,0,224,30" />
</Scene>
<Scene>
<INIT seed="3,1,0,3,5,8" ten="58,197,491,254" oya="3" hai0="66,86,20,85,105,116,106,110,46,75,78,50,129" hai1="83,88,57,121,67,134,80,53,126,72,104,120,9" hai2="42,11,74,100,96,31,93,1,5,61,98,15,28" hai3="25,22,19,81,44,29,73,125,16,39,133,70,89"/><W2/><G2/><T77/><D20/><U71/><E104/><V82/><F42/><W32/><G70/><T111/><D50/><U12/><E126/><V26/><F61/><W40/><G125/><T4/><D46/><U94/><E134/><V35/><F31/><W10/><G133/><T97/><D4/><U103/><E103/><V64/><F64/><W119/><G119/><T65/><D66/><U130/><E130/><V127/><F127/><W45/><G45/><T91/><D65/><U115/><E115/><V79/><REACH who="2" step="1"/><F98/><REACH who="2" ten="58,197,481,254" step="2"/><W69/><G69/><T118/><D97/><U36/><E71/><V38/><F38/><W7/><G32/><T49/><D49/><U24/><E67/><V55/><F55/><W90/><G90/><T56/><D56/><U99/><E36/><V84/><F84/><W17/><G89/><T21/><D21/><U124/><E124/><V59/><F59/><W3/><REACH who="3" step="1"/><G29/><REACH who="3" ten="58,197,481,244" step="2"/><T68/><D68/><U114/><E114/><V102/><F102/><W37/><G37/><T0/><D0/><AGARI ba="1,2" hai="0,1,5,11,15,26,28,35,74,79,82,93,96,100" machi="0" ten="40,5200,0" yaku="1,1,52,1,53,1" doraHai="8" doraHaiUra="92" who="2" fromWho="0" sc="58,-55,197,0,481,75,244,0" owari="3,-50.0,197,-20.0,556,66.0,244,4.0" />
</Scene>
</mjloggm>