<mjloggm ver="2.3"><GO type="41"/><UN n0="%E5%A4%AA%E3%81%8F%E3%81%AA%E3%81%84%E3%81%8A" n1="%E3%83%90%E3%83%AB%E3%81%B0%E3%82%8B" n2="%4D%43%E4%BA%8C%E6%9D%A1" n3="%E9%BB%84%E9%BE%8D%E5%85%84%E8%B2%B4%EF%BC%84" dan="15,14,14,14" rate="2062,1895,1902,2064" sx="M,M,M,M"/><TAIKYOKU oya="0"/>

<Scene>
<INIT seed="0,0,0,3,4,81" ten="250,250,250,250" oya="0" hai0="52,106,24,28,134,104,53,38,82,22,84,11,131" hai1="37,2,93,121,40,64,36,91,117,14,5,44,122" hai2="118,35,116,115,68,8,71,57,30,94,132,21,114" hai3="39,80,72,107,90,67,42,123,16,120,79,6,76"/><T3/><D38/><U124/><E117/><N who="2" m="45163" /><F35/><W125/><G107/><T112/><D112/><N who="2" m="43050" /><F132/><W119/><G119/><T12/><D3/><U41/><E124/><V17/><F30/><W77/><G125/><T60/><D134/><U47/><E64/><V88/><F8/><W63/><G6/><N who="0" m="3191" /><D106/><U103/><E2/><V130/><F130/><W46/><G72/><T10/><D104/><U43/><E5/><V135/><F135/><W100/><G100/><T66/><D10/><U32/><E103/><V31/><F31/><W13/><G90/><N who="0" m="51479" /><D131/><U98/><E32/><V74/><F74/><W4/><G4/><T133/><D133/><U20/><E37/><V102/><F102/><W92/><G92/><T87/><D87/><U101/><E36/><V105/><F105/><W129/><G129/><T25/><D25/><U58/><E101/><V127/><F127/><W95/><G95/><T61/><D66/><U45/><E93/><V1/><F1/><W89/><G89/><T86/><D86/><U110/><E91/><V62/><F71/><W73/><G73/><T126/><D126/><U29/><E122/><V113/><F68/><W19/><G80/><T51/><D53/><U56/><E121/><N who="3" m="46666" /><G13/><T78/><D78/><U109/><E14/><V111/><F113/><W7/><G7/><T48/><D48/><U69/><E69/><AGARI ba="0,0" hai="16,19,39,42,46,63,67,69,76,77,79" m="46666" machi="69" ten="30,2000,0" yaku="13,1,54,1" doraHai="81" who="3" fromWho="1" sc="250,0,250,-20,250,0,250,20" />
</Scene>
<Scene>
<INIT seed="1,0,0,4,5,77" ten="250,230,250,270" oya="1" hai0="70,128,49,87,124,24,25,66,98,115,21,31,91" hai1="33,58,0,37,30,47,62,82,6,15,35,93,131" hai2="75,5,27,129,48,32,39,99,95,117,57,34,80" hai3="121,4,110,127,97,113,120,56,13,83,1,42,64"/><U114/><E131/><V125/><F129/><W134/><G1/><T135/><D128/><U104/><E114/><V107/><F107/><W28/><G113/><T78/><D115/><U88/><E104/><V101/><F117/><W123/><G134/><T63/><D135/><U8/><E0/><V53/><F39/><W71/><G71/><T60/><D124/><U59/><E59/><V14/><F125/><W105/><G127/><T2/><D2/><U18/><E6/><V84/><F75/><W65/><G42/><T29/><D60/><U40/><E30/><V44/><F27/><W112/><G112/><T55/><D78/><U38/><E38/><V19/><F5/><W126/><G126/><T74/><D74/><U23/><E8/><V61/><F61/><W109/><G28/><T108/><D98/><U20/><E20/><V12/><F57/><W81/><G97/><T90/><D108/><N who="3" m="41577" /><G105/><T68/><D68/><U3/><E3/><V111/><F111/><W92/><G92/><T85/><D85/><N who="1" m="50231" /><E93/><V51/><F51/><W79/><G79/><T17/><D87/><U86/><E86/><V116/><F116/><W103/><G103/><T43/><D29/><U100/><E100/><V72/><F72/><W22/><G56/><T118/><D118/><U76/><E76/><V73/><F73/><W41/><G4/><T119/><D119/><U46/><E46/><V36/><F36/><W102/><G102/><T132/><D132/><U9/><E9/><N who="2" m="6543" /><F14/><W52/><G121/><T94/><D70/><U130/><E130/><V122/><F122/><W106/><G123/><RYUUKYOKU ba="0,0" sc="250,-15,230,15,250,15,270,-15" hai1="15,18,23,33,35,37,40,47,58,62" hai2="32,34,44,48,53,80,84,95,99,101" />
</Scene>
<Scene>
<INIT seed="1,1,0,5,3,4" ten="235,245,265,255" oya="1" hai0="64,51,135,23,20,55,35,106,117,112,65,78,114" hai1="49,84,127,101,5,0,96,46,66,123,68,14,7" hai2="133,1,73,125,111,134,33,122,43,132,3,108,40" hai3="15,98,81,118,92,79,99,90,29,2,94,58,57"/><U102/><E123/><V69/><F122/><W24/><G2/><N who="2" m="521" /><F33/><W128/><G128/><T110/><D117/><U87/><E127/><V61/><F125/><W9/><G118/><T18/><D35/><U91/><E84/><V54/><F73/><W48/><G48/><T103/><D78/><U34/><E34/><V107/><F107/><W53/><G53/><T120/><D120/><U12/><E101/><V47/><F54/><W72/><G24/><T62/><D110/><N who="2" m="42026" /><F47/><W17/><REACH who="3" step="1"/><G29/><REACH who="3" ten="235,245,265,245" step="2"/><T95/><D55/><N who="1" m="30135" /><E0/><V85/><F85/><W27/><G27/><T83/><D112/><U11/><E87/><V113/><F113/><W82/><G82/><T63/><D83/><U77/><E77/><V31/><F31/><W105/><G105/><T119/><D106/><U89/><E102/><AGARI ba="1,1" hai="9,15,17,57,58,72,79,81,90,92,94,98,99,102" machi="102" ten="30,3900,0" yaku="1,1,7,1,52,1,53,0" doraHai="4" doraHaiUra="124" who="3" fromWho="1" sc="235,0,245,-42,265,0,245,52" />
</Scene>
<Scene>
<INIT seed="2,0,0,2,0,107" ten="235,203,265,297" oya="2" hai0="64,67,129,121,135,42,14,21,110,106,79,112,0" hai1="98,32,61,25,115,49,4,57,10,103,24,124,5" hai2="12,20,15,84,76,116,77,63,55,46,8,66,132" hai3="81,120,28,38,130,87,40,47,2,125,128,85,53"/><V100/><F116/><W60/><G120/><T72/><D121/><U23/><E124/><V118/><F118/><W26/><G2/><T117/><D117/><U114/><E49/><V123/><F123/><W58/><G125/><T99/><D0/><U11/><E32/><V113/><F113/><W94/><G94/><T119/><D119/><U6/><E25/><V75/><F132/><W89/><REACH who="3" step="1"/><G87/><REACH who="3" ten="235,203,265,287" step="2"/><T82/><D135/><U41/><E114/><V71/><F84/><W109/><G109/><T1/><D110/><U97/><E115/><V3/><F3/><W16/><G16/><T30/><D1/><U48/><E98/><V39/><F75/><W37/><G37/><T88/><D112/><U105/><E6/><V52/><F39/><W95/><G95/><T34/><D99/><U86/><E5/><V90/><F15/><W56/><G56/><T111/><D14/><U54/><E86/><V43/><F12/><W131/><G131/><T122/><D129/><U126/><E4/><V18/><F18/><W19/><G19/><T134/><D72/><U96/><E96/><V22/><F71/><W31/><G31/><T50/><D30/><U93/><E126/><V7/><F7/><W102/><G102/><T68/><D68/><U92/><E92/><V70/><F100/><W17/><G17/><T27/><D111/><U78/><E105/><V36/><F70/><W80/><G80/><T101/><D106/><U127/><E127/><V33/><F36/><W69/><G69/><T51/><D134/><U133/><E133/><V83/><F83/><W108/><G108/><RYUUKYOKU ba="0,1" sc="235,-10,203,-10,265,-10,287,30" hai3="26,28,38,40,47,53,58,60,81,85,89,128,130" />
</Scene>
<Scene>
<INIT seed="3,1,1,1,0,62" ten="225,193,255,317" oya="3" hai0="59,105,106,110,120,90,0,91,67,23,114,15,93" hai1="53,9,123,108,17,77,74,35,66,55,42,124,94" hai2="22,34,30,1,29,65,14,27,109,45,51,101,5" hai3="119,70,111,16,122,73,40,6,87,78,121,96,89"/><W32/><G32/><T125/><D120/><U19/><E123/><V86/><F30/><W82/><G119/><T88/><D0/><U7/><E35/><V131/><F131/><W21/><G6/><T116/><D116/><U50/><E108/><V104/><F109/><W97/><G111/><T48/><D110/><U46/><E94/><V28/><F28/><W127/><G127/><T20/><D125/><U68/><E124/><V81/><F104/><W61/><G40/><T99/><D114/><U100/><E55/><V26/><F101/><W13/><G122/><T71/><D71/><U80/><E100/><V130/><F130/><W126/><G126/><T31/><D31/><U39/><E53/><V58/><F27/><W103/><G121/><T79/><D79/><U11/><E50/><V107/><F107/><W118/><G103/><N who="0" m="60911" /><D106/><U60/><REACH who="1" step="1"/><E11/><REACH who="1" ten="225,183,255,317" step="2"/><N who="2" m="4463" /><F34/><W3/><G118/><T112/><D105/><U49/><E49/><V132/><F51/><W10/><G10/><T36/><D112/><U43/><E43/><V44/><F22/><W41/><G41/><T2/><D23/><U113/><E113/><V47/><F47/><W64/><G3/><AGARI ba="1,2" hai="3,7,9,17,19,39,42,46,60,66,68,74,77,80" machi="3" ten="30,12000,2" yaku="1,1,7,1,25,2,52,1,53,1" doraHai="62" doraHaiUra="33" who="1" fromWho="3" sc="225,0,183,143,255,0,317,-123" />
</Scene>
<Scene>
<INIT seed="4,0,0,0,0,33" ten="225,326,255,194" oya="0" hai0="55,9,89,35,13,56,46,57,26,103,51,70,80" hai1="125,112,96,24,47,113,38,131,83,90,109,81,15" hai2="44,21,79,45,102,71,7,30,88,121,118,134,97" hai3="3,67,2,106,127,27,10,100,105,110,75,36,1"/><T5/><D70/><U73/><E109/><V129/><F71/><W124/><G110/><T64/><D103/><U108/><E24/><V91/><F121/><W23/><G75/><T68/><D68/><U94/><E108/><V87/><F118/><W54/><G67/><T99/><D64/><U119/><E15/><V98/><F134/><W122/><G36/><T95/><D35/><U43/><E119/><V61/><F61/><W107/><G122/><T128/><D128/><U29/><E125/><N who="3" m="48202" /><G54/><T22/><REACH who="0" step="1"/><D80/><REACH who="0" ten="215,326,255,194" step="2"/><U40/><E83/><V19/><F129/><W133/><G133/><T16/><AGARI ba="0,1" hai="5,9,13,16,22,26,46,51,55,56,57,89,95,99" machi="16" ten="20,24000,3" yaku="1,1,2,1,0,1,7,1,8,1,54,1,53,2" doraHai="33" doraHaiUra="53" who="0" fromWho="0" sc="215,250,326,-80,255,-80,194,-80" />
</Scene>
<Scene>
<INIT seed="4,1,0,0,1,110" ten="465,246,175,114" oya="0" hai0="58,47,30,87,0,67,62,111,52,116,51,85,118" hai1="105,33,95,27,102,21,88,28,3,109,23,37,25" hai2="122,61,99,20,56,9,101,14,112,63,68,104,17" hai3="50,10,57,44,86,119,5,120,43,34,100,13,7"/><T129/><D0/><U78/><E78/><V90/><F122/><W83/><G34/><T106/><D106/><U8/><E37/><V74/><F74/><W31/><G120/><T54/><D30/><U65/><E109/><V26/><F68/><W69/><G69/><N who="0" m="42231" /><D87/><U84/><E65/><V72/><F72/><W133/><G133/><T103/><D85/><U107/><E102/><V36/><F36/><W11/><G31/><T29/><D103/><U113/><E33/><V40/><F40/><W81/><G119/><N who="0" m="45611" /><D29/><U134/><E8/><V55/><F90/><W19/><G100/><T115/><D111/><U114/><E3/><V94/><F104/><W41/><G83/><T24/><D24/><U46/><E84/><V59/><F26/><W93/><G93/><T42/><D129/><U1/><E95/><V35/><F35/><W49/><G11/><T15/><D15/><U64/><E28/><V16/><F20/><W80/><G80/><T18/><D18/><U22/><E1/><V70/><F17/><W45/><G57/><T77/><D77/><AGARI ba="1,0" hai="5,7,10,13,19,41,43,44,45,49,50,77,81,86" machi="77" ten="30,3900,0" yaku="7,1,9,1,8,1" doraHai="110" who="3" fromWho="0" sc="465,-42,246,0,175,0,114,42" />
</Scene>
<Scene>
<INIT seed="5,0,0,0,4,120" ten="423,246,175,156" oya="1" hai0="125,54,13,92,134,126,31,86,84,5,106,30,34" hai1="32,45,62,99,57,22,4,95,64,61,98,112,9" hai2="101,115,25,121,3,28,35,42,8,67,79,55,58" hai3="2,7,71,49,114,122,56,78,12,39,104,33,43"/><U81/><E112/><V75/><F121/><W82/><G122/><T53/><D106/><U119/><E32/><V63/><F115/><W16/><G71/><T108/><D108/><U65/><E119/><V107/><F42/><W38/><G33/><T23/><D34/><U60/><E45/><V118/><F118/><W27/><G104/><T97/><D134/><U131/><E131/><V15/><F3/><W91/><G91/><N who="0" m="55455" /><D125/><U94/><E81/><V85/><F75/><W11/><G114/><T47/><D126/><U14/><E22/><V44/><F107/><W52/><G27/><N who="0" m="16767" /><D31/><U26/><E26/><V36/><F36/><W46/><G2/><T83/><D47/><U17/><E4/><V50/><F101/><W130/><G130/><T123/><D123/><U0/><E0/><V88/><F79/><W110/><G110/><T87/><D83/><U124/><E124/><V76/><F76/><W133/><G133/><T70/><D70/><U89/><REACH who="1" step="1"/><E65/><REACH who="1" ten="423,236,175,156" step="2"/><V117/><F117/><W69/><G7/><T77/><D77/><U100/><AGARI ba="0,1" hai="9,14,17,57,60,61,62,64,89,94,95,98,99,100" machi="100" ten="20,18000,2" yaku="1,1,2,1,0,1,7,1,8,1,53,2" doraHai="120" doraHaiUra="90" who="1" fromWho="1" sc="423,-60,236,190,175,-60,156,-60" />
</Scene>
<Scene>
<INIT seed="5,1,0,3,5,77" ten="363,426,115,96" oya="1" hai0="40,49,91,121,120,67,74,101,78,47,126,99,21" hai1="109,123,104,61,12,135,114,48,58,87,127,51,75" hai2="108,4,100,92,16,0,133,44,117,42,62,37,18" hai3="50,102,70,110,131,14,134,22,6,88,41,17,39"/><U119/><E104/><V66/><F117/><W64/><G39/><T8/><D126/><U105/><E75/><V31/><F108/><W10/><G110/><T98/><D67/><U2/><E105/><V71/><F133/><W45/><G134/><T19/><D8/><U56/><E2/><V20/><F0/><W60/><G102/><T25/><D91/><U32/><E32/><V89/><F100/><W79/><G79/><T53/><D53/><U1/><E1/><V97/><F4/><W3/><G131/><T65/><D65/><U38/><E38/><V72/><F72/><W73/><G73/><T112/><D112/><U27/><E114/><V9/><F9/><W103/><G103/><T132/><D132/><U63/><E119/><V116/><F116/><W93/><G3/><T81/><REACH who="0" step="1"/><D101/><REACH who="0" ten="353,426,115,96" step="2"/><U13/><E127/><V95/><F89/><W94/><G6/><T55/><D55/><U118/><E118/><V124/><F124/><W46/><G10/><T33/><D33/><U57/><E135/><V15/><F66/><W35/><G35/><T130/><D130/><U122/><E109/><V80/><F71/><W111/><G111/><T7/><D7/><U34/><E34/><V83/><F42/><W69/><G69/><T85/><D85/><U52/><E122/><AGARI ba="1,1" hai="19,21,25,40,47,49,74,78,81,98,99,120,121,122" machi="122" ten="40,5200,0" yaku="1,1,13,1,52,1,53,0" doraHai="77" doraHaiUra="115" who="0" fromWho="1" sc="353,65,426,-55,115,0,96,0" />
</Scene>
<Scene>
<INIT seed="6,0,0,1,0,66" ten="418,371,115,96" oya="2" hai0="40,95,43,29,104,28,55,15,77,21,71,94,133" hai1="131,73,50,11,78,31,16,17,53,111,5,69,121" hai2="74,49,13,90,4,80,129,93,34,116,12,117,85" hai3="46,65,113,119,124,35,123,67,126,32,79,20,61"/><V26/><F129/><W1/><G1/><T33/><D104/><U118/><E118/><V41/><F13/><W134/><G119/><T0/><D0/><U98/><E131/><V122/><F122/><W58/><G123/><T120/><D71/><U88/><E111/><V97/><F74/><W103/><G67/><T135/><D120/><U72/><E31/><N who="0" m="11849" /><D77/><U75/><E69/><V76/><F26/><W9/><G9/><T56/><D33/><U68/><E68/><V100/><F34/><W51/><G79/><T115/><D115/><U47/><E78/><V112/><F112/><W38/><G38/><T86/><D135/><U14/><E121/><V91/><F117/><W45/><G113/><T27/><D15/><U62/><E62/><V81/><F81/><W39/><G134/><T89/><D95/><U36/><E36/><V57/><F116/><W82/><G82/><T7/><D7/><U105/><E105/><V19/><F57/><W2/><G2/><T92/><D92/><N who="1" m="56583" /><E75/><V22/><REACH who="2" step="1"/><F4/><REACH who="2" ten="418,371,105,96" step="2"/><W125/><G32/><T130/><D130/><U96/><E73/><V25/><F25/><W101/><G35/><T83/><D83/><U59/><E72/><V54/><F54/><N who="3" m="30063" /><G20/><T24/><D133/><U132/><E132/><V63/><F63/><W64/><G64/><T30/><D27/><U107/><E59/><V127/><F127/><W110/><G110/><T18/><D30/><U48/><E5/><V37/><F37/><W108/><G108/><T114/><D114/><U99/><E50/><AGARI ba="0,1" hai="18,21,24,40,43,50,55,56,86,89,94" m="11849" machi="50" ten="30,1000,0" yaku="8,1" doraHai="66" who="0" fromWho="1" sc="418,20,371,-10,105,0,96,0" />
</Scene>
<Scene>
<INIT seed="7,0,0,1,3,17" ten="438,361,105,96" oya="3" hai0="69,96,43,102,119,76,51,123,80,67,105,61,5" hai1="82,129,107,116,135,75,92,58,78,0,4,70,42" hai2="31,122,127,30,134,108,62,128,32,117,8,97,72" hai3="81,106,60,6,110,74,57,87,11,34,125,84,27"/><W114/><G106/><T120/><D119/><U15/><E116/><V121/><F117/><W89/><G74/><T49/><D5/><U35/><E129/><V103/><F134/><W66/><G125/><T10/><D10/><U1/><E135/><V18/><F127/><W94/><G114/><T132/><D132/><U59/><E70/><V56/><F128/><W40/><G110/><T21/><D21/><U130/><E107/><V64/><F108/><W16/><G40/><T63/><D63/><U115/><E35/><V36/><F36/><W37/><G37/><T3/><D3/><U101/><E0/><V39/><F39/><W22/><G34/><T98/><D98/><U28/><E1/><V52/><F64/><W65/><G65/><T100/><D100/><U83/><E115/><V126/><F126/><W33/><G33/><T85/><REACH who="0" step="1"/><D43/><REACH who="0" ten="428,361,105,96" step="2"/><U99/><E42/><V50/><F103/><W71/><G71/><T90/><D90/><U112/><E112/><V104/><F97/><W29/><G29/><T23/><D23/><U26/><E130/><V38/><F31/><W79/><G11/><T46/><D46/><U47/><E47/><V41/><F30/><W118/><G118/><T88/><D88/><U124/><E124/><V14/><F41/><W20/><G6/><T111/><D111/><U48/><E4/><V25/><F32/><W9/><G27/><T55/><D55/><U95/><E26/><V7/><F25/><W53/><G53/><T13/><D13/><AGARI ba="0,1" hai="9,13,16,20,22,57,60,66,79,81,84,87,89,94" machi="13" ten="40,12000,1" yaku="8,1,52,2,54,1" doraHai="17" who="3" fromWho="0" sc="428,-120,361,0,105,0,96,130" />
</Scene>
<Scene>
<INIT seed="7,1,0,5,1,46" ten="308,361,105,226" oya="3" hai0="14,86,5,108,77,81,72,74,3,119,113,110,134" hai1="49,12,83,99,112,58,105,50,7,16,43,73,11" hai2="100,19,2,32,127,37,75,64,45,131,106,126,98" hai3="132,18,111,30,78,17,91,124,24,4,65,116,29"/><W62/><G116/><T82/><D3/><U39/><E112/><V68/><F19/><W57/><G111/><T102/><D119/><U76/><E58/><V130/><F2/><W85/><G132/><T123/><D123/><U63/><E63/><V122/><F75/><W96/><G4/><T107/><D5/><U47/><E105/><V52/><F122/><W59/><G124/><T41/><D41/><U34/><E34/><V36/><F32/><W70/><G70/><T44/><D44/><U135/><E99/><V89/><F89/><W61/><G78/><N who="0" m="44247" /><D14/><U6/><E135/><V0/><F0/><W56/><G96/><N who="0" m="61895" /><D134/><U22/><E6/><V101/><F101/><W115/><G115/><T67/><D67/><U120/><E120/><V133/><F133/><W8/><G59/><T1/><D1/><AGARI ba="1,0" hai="1,7,11,12,16,22,39,43,47,49,50,73,76,83" machi="1" ten="30,12000,2" yaku="7,1,25,2,52,2,54,1" doraHai="46" who="1" fromWho="0" sc="308,-123,361,123,105,0,226,0" owari="185,-21.0,484,57.0,105,-39.0,226,3.0" />
</Scene>
</mjloggm>