<mjloggm ver="2.3"><GO type="169"/><UN n0="%E5%A4%A7%E7%8E%89%E5%B0%86" n1="%E5%A4%AA%E3%81%8F%E3%81%AA%E3%81%84%E3%81%8A" n2="%6E%65%6F%40%75%6E%69" n3="%68%65%61%72%74%73%40" dan="16,16,17,16" rate="2093,2092,2178,2060" sx="M,M,M,M"/><TAIKYOKU oya="0"/>

<Scene>
<INIT seed="0,0,0,0,2,57" ten="250,250,250,250" oya="0" hai0="35,117,31,101,134,48,80,98,0,28,118,5,127" hai1="36,108,86,123,81,14,4,43,10,130,52,21,79" hai2="54,125,39,78,76,88,132,62,7,22,68,84,120" hai3="40,18,56,61,27,106,115,133,91,128,30,33,82"/><T75/><D127/><U73/><E123/><V26/><F132/><W19/><G115/><T96/><D134/><U83/><E108/><V109/><F109/><W93/><G106/><T13/><D13/><U70/><E70/><V67/><F125/><W103/><G128/><T77/><D48/><U12/><E130/><V119/><F119/><W131/><G131/><T45/><D45/><U122/><E122/><V121/><F7/><W23/><G133/><T55/><D55/><U53/><E43/><V32/><F32/><W38/><G38/><T94/><D98/><U58/><E36/><V9/><F9/><W102/><G40/><T3/><D31/><U124/><E124/><V90/><F90/><W87/><G33/><T114/><D114/><U64/><E64/><V17/><F39/><W110/><G110/><T85/><D85/><U97/><E97/><V105/><F105/><W50/><G50/><T95/><D95/><U29/><E58/><V51/><F121/><W99/><REACH who="3" step="1"/><G103/><REACH who="3" ten="250,250,250,240" step="2"/><T16/><D117/><U72/><E72/><V126/><F120/><W46/><G46/><T2/><D118/><U92/><E73/><V74/><F74/><W112/><G112/><T15/><D35/><U65/><E4/><V25/><F126/><W37/><G37/><T66/><D5/><U8/><E8/><V111/><F111/><W41/><G41/><T63/><D75/><U1/><E10/><V113/><F113/><W6/><G6/><T116/><D116/><U104/><E104/><V34/><F34/><W11/><G11/><T107/><D107/><U129/><E129/><RYUUKYOKU ba="0,1" sc="250,-10,250,-10,250,-10,240,30" hai3="18,19,23,27,30,56,61,82,87,91,93,99,102" />
</Scene>
<Scene>
<INIT seed="1,1,1,1,2,42" ten="240,240,240,270" oya="1" hai0="47,8,14,95,69,98,96,2,71,49,22,112,84" hai1="7,67,122,35,23,44,87,28,134,63,128,15,51" hai2="111,53,41,105,78,29,65,58,30,81,68,1,97" hai3="91,16,46,45,77,127,126,121,86,113,73,17,93"/><U11/><E122/><V110/><F1/><W38/><G121/><T24/><D112/><U94/><E128/><V18/><F41/><W129/><G38/><T99/><D2/><U57/><E134/><V20/><F65/><W21/><G113/><T89/><D71/><U62/><E35/><V80/><F68/><W102/><G129/><T75/><D69/><U13/><E63/><V48/><F97/><W74/><G17/><T82/><D75/><U135/><E135/><V70/><F105/><W61/><G102/><T131/><D131/><U76/><E28/><V39/><F39/><W79/><G61/><T59/><D59/><U92/><E23/><V40/><F40/><W10/><G10/><T50/><D82/><N who="1" m="47559" /><E15/><V52/><F53/><AGARI ba="1,1" hai="7,11,13,44,51,53,57,62,67,92,94" m="47559" machi="53" ten="30,2900,0" yaku="8,1,52,1" doraHai="42" who="1" fromWho="2" sc="240,0,240,42,240,-32,270,0" />
</Scene>
<Scene>
<INIT seed="1,2,0,3,0,22" ten="240,282,208,270" oya="1" hai0="40,91,37,25,31,117,36,90,50,122,55,135,128" hai1="115,121,28,132,65,12,53,42,1,5,105,71,38" hai2="30,95,4,13,46,96,76,24,20,99,16,18,94" hai3="68,14,80,85,119,64,61,106,81,15,125,54,48"/><U134/><E121/><V124/><F124/><W9/><G125/><T108/><D117/><U120/><E120/><V129/><F129/><W123/><G106/><T33/><D122/><U69/><E115/><V116/><F116/><W41/><G119/><T39/><D128/><U23/><E105/><V10/><F76/><W56/><G123/><T109/><D40/><U88/><E1/><V87/><F87/><W101/><G101/><T6/><D6/><U8/><E53/><V102/><F46/><W107/><G107/><T2/><D2/><U110/><E110/><N who="0" m="42601" /><D135/><N who="1" m="51755" /><E65/><V83/><F83/><W60/><G41/><T59/><AGARI ba="2,0" hai="25,31,33,36,37,39,50,55,59,90,91" m="42601" machi="59" ten="40,2700,0" yaku="14,1,52,1" doraHai="22" who="0" fromWho="0" sc="240,33,282,-15,208,-9,270,-9" />
</Scene>
<Scene>
<INIT seed="2,0,0,5,0,36" ten="273,267,199,261" oya="2" hai0="74,62,18,22,5,94,101,17,97,78,117,4,65" hai1="8,55,54,96,33,133,37,23,24,79,93,2,112" hai2="85,60,14,109,61,6,107,111,125,124,28,46,1" hai3="25,91,113,12,39,53,118,123,57,102,69,51,87"/><V106/><F1/><W99/><G118/><T104/><D117/><U7/><E112/><V16/><F28/><W132/><G113/><T41/><D104/><U88/><E133/><V11/><F85/><W105/><G132/><T34/><D34/><U29/><E37/><V122/><F122/><W67/><G123/><T127/><D127/><N who="2" m="48714" /><F46/><W9/><G39/><T13/><D62/><N who="2" m="24170" /><F6/><W52/><G25/><T134/><D5/><U72/><REACH who="1" step="1"/><E33/><REACH who="1" ten="273,257,199,261" step="2"/><V44/><F44/><W63/><G53/><T119/><D134/><U89/><E89/><V15/><F14/><W10/><REACH who="3" step="1"/><G12/><REACH who="3" ten="273,257,199,251" step="2"/><T116/><D13/><U38/><E38/><V80/><F80/><AGARI ba="0,2" hai="9,10,51,52,57,63,67,69,80,87,91,99,102,105" machi="80" ten="30,7700,0" yaku="1,1,2,1,7,1,54,1,53,0" doraHai="36" doraHaiUra="128" who="3" fromWho="2" sc="273,0,257,0,199,-77,251,97" /><AGARI ba="0,0" hai="2,7,8,23,24,29,54,55,72,79,80,88,93,96" machi="80" ten="40,2600,0" yaku="1,1,54,1,53,0" doraHai="36" doraHaiUra="128" who="1" fromWho="2" sc="273,0,257,26,122,-26,348,0" />
</Scene>
<Scene>
<INIT seed="3,0,0,1,2,26" ten="273,283,96,348" oya="3" hai0="11,19,25,104,133,15,37,102,16,31,36,90,113" hai1="20,9,131,132,62,66,101,67,32,65,44,75,63" hai2="106,3,69,12,24,47,117,71,23,60,127,114,120" hai3="77,79,68,51,58,6,30,116,122,22,125,45,129"/><W64/><G116/><T121/><D121/><U105/><E32/><V57/><F117/><W119/><G119/><T54/><D133/><U21/><E75/><V99/><F114/><W98/><G122/><T28/><D113/><U46/><E132/><V70/><F120/><W53/><G125/><T128/><D128/><U39/><E131/><V48/><F127/><W107/><G129/><T118/><D118/><U81/><E105/><V17/><F3/><W29/><G6/><T115/><D115/><U92/><E81/><V2/><F2/><W83/><G68/><T86/><D37/><U50/><E39/><V94/><F106/><W5/><G5/><T96/><D36/><U100/><E9/><V111/><F111/><W78/><G107/><T40/><D40/><U34/><E34/><V73/><F12/><W74/><G98/><T97/><D97/><U49/><E66/><V76/><F76/><W88/><G22/><T13/><D25/><U109/><REACH who="1" step="1"/><E92/><REACH who="1" ten="273,273,96,348" step="2"/><V27/><F73/><W56/><G74/><T103/><D103/><U61/><E61/><V43/><F24/><W0/><G0/><T7/><D54/><U84/><E84/><V108/><F108/><AGARI ba="0,1" hai="20,21,44,46,49,50,62,63,65,67,100,101,108,109" machi="108" ten="25,8000,1" yaku="1,1,22,2,53,2" doraHai="26" doraHaiUra="123" who="1" fromWho="2" sc="273,0,273,90,96,-80,348,0" />
</Scene>
<Scene>
<INIT seed="4,0,0,1,2,23" ten="273,363,16,348" oya="0" hai0="35,27,1,77,36,75,51,78,45,103,110,61,102" hai1="70,126,129,124,93,66,135,24,118,14,37,127,19" hai2="58,108,109,43,99,119,116,34,106,104,41,128,73" hai3="95,112,21,52,6,18,91,64,107,5,122,46,87"/><T40/><D1/><U48/><E37/><V15/><F34/><W117/><G112/><T79/><D75/><U105/><E105/><V76/><F128/><W97/><G117/><N who="2" m="45129" /><F15/><W39/><G122/><T90/><D110/><N who="2" m="42602" /><F58/><W28/><G28/><T2/><D2/><U83/><E118/><V84/><F73/><W131/><G131/><T7/><D7/><N who="3" m="2569" /><G39/><T85/><D36/><U111/><E111/><V88/><F76/><W49/><G64/><T10/><D10/><U101/><E129/><V82/><F99/><W96/><G107/><AGARI ba="0,0" hai="41,43,82,84,88,104,106,107" m="42602,45129" machi="107" ten="40,2600,0" yaku="12,1,54,1" doraHai="23" who="2" fromWho="3" sc="273,0,363,0,16,26,348,-26" />
</Scene>
<Scene>
<INIT seed="5,0,0,0,2,33" ten="273,363,42,322" oya="1" hai0="119,17,10,109,88,97,77,58,116,94,37,96,1" hai1="79,80,59,131,76,68,62,99,5,6,60,105,39" hai2="36,0,24,53,93,46,65,111,122,18,3,72,23" hai3="28,16,128,102,32,71,41,120,114,15,38,2,25"/><U126/><E39/><V26/><F111/><W45/><G120/><T98/><D109/><U87/><E126/><V81/><F122/><W12/><G114/><T117/><D37/><U69/><E131/><V73/><F65/><W56/><G71/><T124/><D124/><U48/><E48/><V104/><F104/><W121/><G121/><T135/><D135/><U27/><E27/><V47/><F93/><W127/><G127/><T30/><D30/><U61/><E79/><V123/><F123/><W134/><G134/><T13/><D77/><U57/><E69/><V29/><F81/><W82/><G82/><T4/><REACH who="0" step="1"/><D58/><REACH who="0" ten="263,363,42,322" step="2"/><U89/><E68/><V92/><F73/><W42/><G56/><T129/><D129/><U7/><E105/><V49/><F72/><W86/><G128/><T20/><AGARI ba="0,1" hai="1,4,10,13,17,20,88,94,96,97,98,116,117,119" machi="20" ten="30,12000,2" yaku="1,1,0,1,52,1,54,1,53,3" doraHai="33" doraHaiUra="112" who="0" fromWho="0" sc="263,130,363,-60,42,-30,322,-30" />
</Scene>
<Scene>
<INIT seed="6,0,0,2,2,67" ten="393,303,12,292" oya="2" hai0="81,119,69,134,113,42,14,60,7,104,6,38,125" hai1="89,99,29,80,21,84,112,31,53,43,82,122,70" hai2="91,72,124,66,15,12,51,5,30,40,62,58,64" hai3="133,101,95,46,44,32,33,76,11,27,55,71,88"/><V63/><F72/><W105/><G133/><T97/><D134/><U28/><E112/><V100/><F124/><W79/><G71/><T54/><D113/><U56/><E122/><V94/><F100/><W10/><G105/><T109/><D109/><U131/><E131/><V48/><F30/><W128/><G128/><T36/><D125/><U110/><E110/><V135/><F135/><W59/><G101/><T17/><D119/><U24/><E70/><V18/><F5/><W50/><G32/><T106/><D81/><U20/><E43/><V87/><F40/><W78/><G33/><T49/><D104/><U123/><E123/><V129/><F129/><W117/><G117/><T108/><D97/><U1/><E1/><V8/><REACH who="2" step="1"/><F15/><REACH who="2" ten="393,303,2,292" step="2"/><W111/><G111/><T26/><D42/><U126/><E126/><V3/><F3/><W68/><G27/><T2/><D26/><N who="1" m="16455" /><E31/><V16/><F16/><W37/><G37/><T77/><D17/><U83/><E99/><V39/><F39/><W85/><G68/><AGARI ba="0,1" hai="8,12,18,48,51,58,62,63,64,66,68,87,91,94" machi="68" ten="30,5800,0" yaku="1,1,7,1,52,1,53,0" doraHai="67" doraHaiUra="22" who="2" fromWho="3" sc="393,0,303,0,2,68,292,-58" />
</Scene>
<Scene>
<INIT seed="6,1,0,0,1,30" ten="393,303,70,234" oya="2" hai0="27,68,126,134,92,118,135,34,87,123,74,93,69" hai1="71,63,6,73,3,117,5,115,23,88,66,48,70" hai2="120,94,104,101,47,32,24,17,54,89,103,111,52" hai3="67,43,10,72,119,124,57,19,40,21,20,46,133"/><V29/><F111/><W1/><G119/><T45/><D123/><U131/><E117/><V99/><F120/><W76/><G72/><T55/><D118/><U82/><E115/><V116/><F116/><W56/><G124/><T64/><D74/><U80/><E131/><V11/><F47/><W60/><G133/><N who="0" m="50699" /><D126/><U35/><E35/><V95/><F104/><W51/><G76/><T110/><D110/><U33/><E33/><V112/><F112/><W25/><G1/><T79/><D79/><U14/><E73/><V106/><F106/><W100/><G100/><T91/><D92/><U13/><E3/><V97/><REACH who="2" step="1"/><F89/><REACH who="2" ten="393,303,60,234" step="2"/><W130/><G130/><T15/><D45/><U108/><E108/><V22/><F22/><W18/><G46/><T84/><D91/><U83/><E23/><V31/><F31/><W121/><G121/><T58/><D34/><U39/><E88/><V38/><F38/><W132/><G132/><T49/><D68/><U7/><E39/><V105/><F105/><W28/><G28/><T96/><D69/><U107/><E107/><V16/><F16/><W59/><G10/><T61/><D58/><U44/><REACH who="1" step="1"/><E71/><REACH who="1" ten="393,293,60,234" step="2"/><V50/><F50/><W129/><G129/><T81/><D49/><U65/><E65/><V41/><F41/><AGARI ba="1,2" hai="5,6,7,13,14,41,44,48,63,66,70,80,82,83" machi="41" ten="40,1300,0" yaku="1,1,53,0" doraHai="30" doraHaiUra="53" who="1" fromWho="2" sc="393,0,293,36,60,-16,234,0" />
</Scene>
<Scene>
<INIT seed="7,0,0,2,2,30" ten="393,329,44,234" oya="3" hai0="11,14,129,64,131,23,51,69,91,15,28,92,9" hai1="126,115,102,135,58,20,52,93,82,122,134,88,10" hai2="24,4,32,16,112,40,17,113,54,0,12,22,33" hai3="37,95,59,104,25,27,38,123,57,111,125,78,97"/><W29/><G123/><T101/><D101/><U46/><E122/><V83/><F83/><W2/><G2/><T100/><D100/><U35/><E115/><N who="2" m="44107" /><F54/><W3/><G111/><T44/><D64/><U61/><E126/><V117/><F40/><W48/><G125/><T107/><D69/><U56/><E20/><N who="2" m="11271" /><F117/><W109/><G109/><T1/><D107/><U74/><E10/><N who="0" m="3593" /><D1/><U99/><E35/><N who="2" m="13387" /><F0/><W62/><G104/><T119/><D119/><U105/><E46/><V19/><F4/><W121/><G3/><T71/><D71/><U6/><E6/><V84/><F84/><W5/><G5/><T68/><D68/><U39/><E39/><V77/><F77/><W87/><G38/><T118/><D118/><U41/><E41/><V120/><F120/><W128/><G121/><T18/><D51/><U73/><E58/><V8/><F8/><W13/><G37/><T45/><D44/><U47/><E47/><V106/><F106/><W114/><G87/><T67/><D67/><U110/><E110/><V34/><N who="2" m="13395" /><V31/><AGARI ba="0,0" hai="17,19,22,24,31" m="13395,11271,44107" machi="31" ten="50,16000,3" yaku="4,1,15,1,34,2,52,4,54,1" doraHai="30" who="2" fromWho="2" sc="393,-40,329,-40,44,160,234,-80" owari="353,46.0,289,9.0,204,-20.0,154,-35.0" />
</Scene>
</mjloggm>