<mjloggm ver="2.3"><GO type="169"/><UN n0="%E3%83%9D%E3%83%B3%E5%8A%A9" n1="%E6%B0%97%E6%A5%BD%E3%81%AB%E6%89%93%E3%81%A4" n2="%50%72%6F%66%2E%47%33" n3="%E5%A4%AA%E3%81%8F%E3%81%AA%E3%81%84%E3%81%8A" dan="17,16,16,17" rate="2153,2117,2074,2190" sx="M,M,M,M"/><TAIKYOKU oya="0"/>

<Scene>
<INIT seed="0,0,0,4,5,54" ten="250,250,250,250" oya="0" hai0="127,134,41,22,98,106,61,30,63,105,68,86,83" hai1="132,18,24,27,20,99,9,37,79,50,110,75,13" hai2="85,47,28,8,92,128,93,102,15,120,82,49,11" hai3="104,135,70,80,66,78,55,103,96,114,126,76,87"/><T25/><D134/><U14/><E37/><V118/><F120/><W10/><G114/><T59/><D127/><U23/><E132/><V71/><F128/><W21/><G135/><T107/><D41/><U57/><E110/><V123/><F123/><W2/><G126/><T4/><D4/><U29/><E75/><V52/><F71/><W117/><G117/><T113/><D113/><U40/><E79/><N who="2" m="46303" /><F118/><W48/><G21/><T60/><D68/><U34/><E99/><N who="2" m="59751" /><F28/><W121/><G121/><T36/><D36/><U19/><E40/><V5/><F93/><W3/><G78/><T109/><D109/><U45/><E45/><V111/><F111/><W115/><G115/><T77/><REACH who="0" step="1"/><D98/><REACH who="0" ten="240,250,250,250" step="2"/><U1/><E1/><V0/><F0/><W129/><G2/><T131/><D131/><U7/><REACH who="1" step="1"/><E50/><REACH who="1" ten="240,240,250,250" step="2"/><V95/><F49/><W51/><G51/><T64/><AGARI ba="0,2" hai="22,25,30,59,60,61,63,64,77,83,86,105,106,107" machi="64" ten="30,6000,0" yaku="1,1,0,1,52,1,53,0" doraHai="54" doraHaiUra="90" who="0" fromWho="0" sc="240,80,240,-20,250,-20,250,-20" />
</Scene>
<Scene>
<INIT seed="0,1,0,5,0,73" ten="320,220,230,230" oya="0" hai0="126,97,134,108,91,135,124,45,27,98,65,85,109" hai1="46,16,121,119,112,36,132,128,18,77,71,67,9" hai2="79,6,35,49,43,5,56,104,123,24,41,47,66" hai3="51,42,39,88,82,20,13,120,48,25,125,89,72"/><T14/><D65/><U122/><E119/><V23/><F35/><W105/><G105/><T40/><D27/><U74/><E132/><N who="0" m="50729" /><D14/><U118/><E118/><V131/><F123/><W15/><G120/><T37/><D85/><U117/><E117/><V96/><F131/><W12/><G125/><N who="0" m="48235" /><D91/><U102/><E67/><V61/><F43/><W83/><G72/><T21/><D21/><U87/><E74/><V64/><F64/><W95/><G42/><T33/><D33/><U111/><E87/><V3/><F24/><W57/><G89/><T101/><D98/><U60/><E122/><V4/><F23/><W62/><G25/><T11/><D11/><U100/><E9/><V50/><F96/><W130/><G20/><T19/><D19/><U103/><E16/><V31/><F5/><W114/><G13/><T30/><D30/><U29/><E18/><V17/><F31/><W10/><G15/><T116/><D116/><U34/><E29/><V99/><F17/><W58/><G88/><T55/><D55/><U70/><E34/><V86/><F6/><W32/><G32/><T76/><D76/><U107/><E77/><V69/><F79/><W115/><G12/><T110/><D97/><U54/><E54/><N who="2" m="31831" /><F86/><W80/><G10/><T93/><D93/><U92/><E92/><V28/><F28/><W106/><G95/><T1/><D101/><U7/><E102/><N who="2" m="62559" /><F4/><W133/><G133/><T94/><D94/><U59/><E121/><V78/><F78/><W53/><G53/><T0/><AGARI ba="1,0" hai="0,1,37,40,45,108,109,110" m="48235,50729" machi="0" ten="40,12000,1" yaku="14,1,10,1,20,1,18,1,23,1" doraHai="73" who="0" fromWho="0" sc="320,123,220,-41,230,-41,230,-41" />
</Scene>
<Scene>
<INIT seed="0,2,0,4,3,60" ten="443,179,189,189" oya="0" hai0="5,134,125,47,133,33,108,67,25,115,28,82,39" hai1="90,35,119,58,16,37,126,4,104,103,75,135,10" hai2="0,41,130,52,114,40,111,8,71,87,86,17,20" hai3="50,94,110,9,74,24,85,63,131,2,83,73,6"/><T127/><D115/><U34/><E119/><V19/><F111/><W109/><G131/><T92/><D108/><N who="3" m="41577" /><G94/><T23/><D82/><U102/><E126/><N who="0" m="48137" /><D92/><U59/><E75/><V18/><F130/><W99/><G99/><T84/><D84/><U1/><E37/><V54/><F71/><W101/><G101/><T46/><D39/><U95/><E135/><N who="0" m="51721" /><D5/><U81/><E81/><V62/><F114/><W100/><G100/><T117/><D117/><U43/><E103/><V68/><F87/><W116/><G116/><T49/><D67/><U70/><E102/><V31/><F86/><W15/><G85/><T129/><D129/><U55/><E4/><V89/><F89/><W26/><G83/><T105/><D105/><U13/><E104/><V57/><F68/><W61/><G73/><T98/><D98/><U29/><E70/><V97/><F97/><W30/><G74/><T112/><D112/><U66/><E90/><V42/><F8/><W12/><G9/><T53/><D47/><U120/><E95/><V22/><F0/><W124/><G2/><T36/><D36/><U21/><E1/><V132/><F132/><W78/><G124/><T122/><D122/><U91/><E120/><V56/><F31/><W65/><G30/><T11/><D11/><U93/><E10/><V72/><F72/><W123/><G123/><T51/><D49/><AGARI ba="2,0" hai="17,18,19,20,22,40,41,42,49,52,54,56,57,62" machi="49" ten="40,2600,0" yaku="8,1,54,1" doraHai="60" who="2" fromWho="0" sc="443,-32,179,0,189,32,189,0" />
</Scene>
<Scene>
<INIT seed="1,0,0,2,0,11" ten="411,179,221,189" oya="1" hai0="39,32,78,99,68,93,42,37,123,119,28,33,7" hai1="10,54,130,40,80,76,106,104,95,90,24,14,47" hai2="82,100,18,111,46,118,88,58,107,74,45,6,19" hai3="102,89,0,84,2,9,52,49,57,26,134,44,63"/><U12/><E130/><V64/><F111/><W13/><G134/><T86/><D68/><U43/><E106/><V51/><F118/><W116/><G26/><T59/><D119/><U60/><E104/><V8/><F107/><W56/><G102/><T66/><D123/><U20/><E80/><V16/><F100/><W22/><G22/><T92/><D7/><U5/><E76/><V48/><F74/><W36/><G36/><T55/><D66/><U133/><E133/><V126/><F126/><W103/><G103/><T67/><D67/><U128/><E128/><V81/><F64/><W83/><G116/><T34/><D28/><N who="1" m="17415" /><E14/><N who="2" m="5399" /><F58/><W73/><G73/><T131/><D131/><U61/><E54/><N who="2" m="29967" /><F88/><W35/><G35/><T79/><D42/><AGARI ba="0,0" hai="16,18,19,42,46,51,81,82" m="29967,5399" machi="42" ten="30,3900,0" yaku="8,1,52,1,54,1" doraHai="11" who="2" fromWho="0" sc="411,-39,179,0,221,39,189,0" />
</Scene>
<Scene>
<INIT seed="2,0,0,0,0,134" ten="372,179,260,189" oya="2" hai0="3,10,32,115,46,80,73,83,67,44,129,111,98" hai1="95,36,108,38,6,72,88,61,74,1,4,24,113" hai2="33,57,55,8,23,106,49,53,13,86,50,56,105" hai3="51,41,63,47,107,28,65,82,103,125,14,132,126"/><V62/><F33/><W119/><G119/><T22/><D32/><U92/><E113/><V109/><F109/><W9/><G132/><T118/><D111/><U35/><E108/><V59/><F23/><W130/><G130/><T110/><D110/><U117/><E117/><V84/><F105/><W77/><G28/><T71/><D3/><U5/><E1/><V20/><F20/><W26/><G26/><T122/><D71/><U79/><E61/><V7/><REACH who="2" step="1"/><F106/><REACH who="2" ten="372,179,250,189" step="2"/><W76/><G107/><T128/><D128/><U11/><E35/><V0/><F0/><W15/><G103/><T94/><D129/><U135/><E135/><V116/><F116/><W30/><G30/><T133/><D118/><U52/><E11/><V18/><F18/><W12/><G9/><T69/><D133/><U121/><E4/><V85/><F85/><W127/><REACH who="3" step="1"/><G82/><REACH who="3" ten="372,179,250,179" step="2"/><T90/><D80/><U16/><E24/><V25/><F25/><W120/><G120/><T112/><D122/><U40/><E121/><V34/><F34/><W31/><G31/><T104/><D104/><U45/><E5/><V17/><F17/><W60/><G60/><T96/><D10/><U114/><E16/><V81/><F81/><W131/><G131/><T70/><D83/><U68/><E6/><V39/><F39/><W48/><G48/><T75/><D112/><U91/><E114/><V54/><AGARI ba="0,2" hai="7,8,13,49,50,53,54,55,56,57,59,62,84,86" machi="54" ten="20,12000,1" yaku="1,1,0,1,7,1,9,1,8,1,53,0" doraHai="134" doraHaiUra="102" who="2" fromWho="2" sc="372,-40,179,-40,250,140,179,-40" />
</Scene>
<Scene>
<INIT seed="2,1,0,3,1,87" ten="332,139,390,139" oya="2" hai0="120,98,47,95,56,132,96,4,77,119,41,81,35" hai1="61,51,40,112,127,46,79,121,89,0,92,111,100" hai2="33,71,125,105,108,20,54,67,106,115,3,29,22" hai3="104,117,2,133,91,86,39,102,52,66,53,94,131"/><V16/><F115/><W50/><G117/><T58/><D35/><U80/><E112/><V85/><F3/><W118/><G118/><T12/><D119/><U103/><E111/><V15/><F108/><W101/><G39/><T114/><D114/><U32/><E127/><V134/><F33/><W65/><G2/><T26/><D120/><U129/><E121/><V135/><F125/><W49/><G131/><T62/><D26/><U78/><E129/><V97/><F54/><W48/><G133/><N who="2" m="50697" /><F85/><W45/><G49/><N who="0" m="26863" /><D132/><U30/><E0/><V68/><F97/><W73/><G73/><T109/><D109/><U113/><E113/><V130/><F130/><W37/><G37/><T88/><D98/><N who="1" m="57615" /><E32/><V69/><F67/><N who="3" m="25611" /><G104/><N who="2" m="40041" /><F29/><W5/><G5/><T55/><D58/><AGARI ba="1,0" hai="45,48,50,52,53,58,86,91,94,101,102" m="25611" machi="58" ten="30,3900,0" yaku="8,1,52,1,54,1" doraHai="87" who="3" fromWho="0" sc="332,-42,139,0,390,0,139,42" />
</Scene>
<Scene>
<INIT seed="3,0,0,0,4,1" ten="290,139,390,181" oya="3" hai0="78,107,47,27,54,126,99,28,70,128,106,88,14" hai1="36,97,117,118,122,103,134,39,87,46,63,18,95" hai2="21,83,25,56,0,105,33,19,127,59,76,45,102" hai3="8,120,129,17,44,66,96,104,108,32,121,65,79"/><W58/><G32/><T100/><D70/><U5/><E122/><V90/><F127/><W116/><G116/><N who="1" m="44650" /><E134/><V11/><F33/><W111/><G129/><T22/><D128/><U113/><E113/><V2/><F90/><W13/><G79/><T124/><D78/><U89/><E18/><V41/><F102/><N who="3" m="62535" /><G44/><T80/><D14/><U133/><E133/><V37/><F105/><W64/><G58/><T110/><D107/><N who="1" m="63983" /><E63/><V4/><F0/><W130/><G130/><T52/><D47/><U30/><E30/><V92/><F92/><W43/><G43/><T23/><D23/><U84/><E46/><V68/><F68/><W72/><G72/><AGARI ba="0,0" hai="2,4,11,19,21,25,37,41,45,56,59,72,76,83" machi="72" ten="30,7700,0" yaku="7,1,25,2,52,1" doraHai="1" who="2" fromWho="3" sc="290,0,139,0,390,77,181,-77" />
</Scene>
<Scene>
<INIT seed="4,0,0,2,4,28" ten="290,139,467,104" oya="0" hai0="0,37,86,125,46,23,114,57,99,113,1,131,117" hai1="73,4,121,85,40,124,94,120,24,104,74,87,134" hai2="61,75,25,89,15,96,118,30,13,69,130,97,48" hai3="8,68,45,54,123,9,31,62,111,36,21,128,18"/><T93/><D117/><U16/><E4/><V27/><F118/><W52/><G111/><T90/><D125/><U38/><E40/><V63/><F75/><N who="1" m="28681" /><E24/><N who="2" m="9291" /><F30/><W10/><G31/><T83/><D131/><U70/><E70/><V44/><F89/><W49/><G128/><T35/><D35/><U56/><E56/><V84/><F84/><N who="1" m="32329" /><E38/><V133/><F133/><W81/><G81/><T55/><D23/><U92/><E16/><V72/><F72/><W65/><G123/><N who="1" m="47178" /><E124/><V126/><F126/><W39/><REACH who="3" step="1"/><G54/><REACH who="3" ten="290,139,467,94" step="2"/><T7/><D55/><U76/><E134/><V116/><F130/><W95/><G95/><N who="1" m="36394" /><E76/><V22/><F116/><W67/><G67/><T17/><D93/><U105/><AGARI ba="0,1" hai="104,105" m="36394,47178,32329,28681" machi="105" ten="40,8000,1" yaku="28,2,34,2" doraHai="28" who="1" fromWho="1" sc="290,-40,139,90,467,-20,94,-20" />
</Scene>
<Scene>
<INIT seed="5,0,0,0,1,120" ten="250,229,447,74" oya="1" hai0="127,62,73,35,98,114,24,74,100,29,99,23,28" hai1="65,75,31,69,123,40,49,5,71,132,133,36,6" hai2="95,125,101,83,38,80,22,128,134,82,117,70,107" hai3="122,59,7,45,112,54,8,113,55,84,12,2,25"/><U124/><E123/><V119/><F70/><N who="1" m="26633" /><E75/><V20/><F38/><W78/><G122/><T13/><D99/><U104/><E36/><V51/><F51/><N who="3" m="29039" /><G25/><T121/><D62/><U32/><E104/><V43/><F43/><W14/><G78/><T58/><D58/><U102/><E102/><V103/><F107/><W106/><G106/><T97/><D97/><U37/><E37/><V3/><F3/><W52/><G84/><T76/><D98/><U61/><E124/><V15/><F125/><W110/><G55/><T63/><D63/><U9/><E49/><V44/><F119/><W109/><G12/><T30/><D74/><U53/><E40/><V10/><F117/><W18/><G2/><T17/><D73/><U27/><E53/><V88/><F44/><W47/><G47/><T135/><D121/><U56/><E9/><V66/><F10/><W77/><G77/><T21/><D76/><U93/><E93/><V16/><F95/><W1/><G1/><T81/><D127/><U72/><E72/><V92/><F101/><W64/><G64/><T85/><D100/><U11/><E11/><V126/><F103/><W86/><G86/><T89/><D85/><U46/><E46/><V42/><F126/><W108/><G7/><T130/><D30/><U57/><E56/><V50/><F66/><W111/><N who="3" m="27648" /><DORA hai="60" /><W105/><G105/><T41/><D29/><U129/><E5/><V96/><F96/><W94/><G94/><T0/><D28/><U34/><E6/><V87/><F92/><W48/><G59/><T39/><D0/><U79/><E57/><RYUUKYOKU ba="0,0" sc="250,-10,229,-10,447,-10,74,30" hai3="8,14,18,48,52,112,113" />
</Scene>
<Scene>
<INIT seed="6,1,0,4,2,48" ten="240,219,437,104" oya="2" hai0="57,124,108,93,50,18,114,4,97,44,21,96,13" hai1="56,54,131,10,55,110,81,64,133,34,87,42,5" hai2="98,28,9,85,17,103,69,30,26,3,113,80,15" hai3="123,70,12,8,74,76,46,35,71,36,65,121,106"/><V73/><F73/><W49/><G35/><T104/><D108/><U128/><E110/><V125/><F125/><W1/><G106/><T59/><D124/><U0/><E133/><V11/><F113/><W101/><G101/><T126/><D126/><U112/><E112/><V82/><F69/><W94/><G94/><T109/><D109/><U95/><E34/><V116/><F116/><W52/><G1/><T88/><D114/><U122/><E122/><V60/><F60/><W90/><G36/><T66/><D66/><U61/><E95/><V62/><F62/><W43/><G43/><T115/><D115/><U7/><E42/><V23/><F3/><W120/><G65/><T6/><D97/><U19/><E7/><N who="0" m="2601" /><D104/><U119/><E19/><V129/><F17/><W41/><G90/><T38/><D38/><U22/><E22/><V27/><F23/><W75/><G41/><AGARI ba="1,0" hai="13,18,21,41,44,50,57,59,88,93,96" m="2601" machi="41" ten="30,2000,0" yaku="8,1,54,1" doraHai="48" who="0" fromWho="3" sc="240,23,219,0,437,0,104,-23" />
</Scene>
<Scene>
<INIT seed="7,0,0,0,4,108" ten="263,219,437,81" oya="3" hai0="11,50,9,4,35,113,42,107,6,30,57,135,70" hai1="64,81,3,125,49,54,80,103,76,28,94,83,62" hai2="91,110,56,31,118,37,120,18,15,14,45,78,65" hai3="114,43,47,133,106,127,82,96,88,77,72,63,129"/><W89/><G133/><T39/><D70/><U102/><E125/><V121/><F110/><W36/><G127/><T101/><D39/><U116/><E3/><V23/><F118/><W8/><G129/><T134/><D107/><U68/><E116/><V5/><F31/><W131/><G131/><T1/><D101/><U84/><E28/><V100/><F78/><W66/><G8/><T10/><D42/><U44/><REACH who="1" step="1"/><E76/><REACH who="1" ten="263,209,437,81" step="2"/><V34/><F121/><W79/><G79/><T86/><D30/><U104/><E104/><V46/><F120/><W97/><G114/><T25/><D113/><U119/><E119/><V21/><F21/><W74/><G74/><T53/><D1/><U20/><E20/><V87/><F15/><W61/><G61/><T109/><D109/><U59/><E59/><V117/><F56/><W98/><REACH who="3" step="1"/><G106/><REACH who="3" ten="263,209,437,71" step="2"/><T0/><D134/><U58/><E58/><AGARI ba="0,2" hai="36,43,47,58,63,66,72,77,82,88,89,96,97,98" machi="58" ten="40,12000,1" yaku="1,1,2,1,54,1,53,2" doraHai="108" doraHaiUra="85" who="3" fromWho="1" sc="263,0,209,-120,437,0,71,140" />
</Scene>
<Scene>
<INIT seed="7,1,0,4,5,1" ten="263,89,437,211" oya="3" hai0="112,39,116,131,68,33,107,23,110,127,70,134,14" hai1="46,92,40,135,53,132,43,82,27,32,98,37,18" hai2="124,76,79,91,123,29,13,62,130,120,103,19,47" hai3="126,106,96,118,64,113,122,57,99,54,5,125,60"/><W12/><G122/><N who="2" m="46633" /><F124/><N who="3" m="47723" /><G118/><T108/><D23/><U4/><E43/><V93/><F130/><W90/><G113/><T0/><D14/><U114/><E114/><V8/><F29/><W16/><G90/><T105/><D105/><U95/><E82/><V3/><F3/><W26/><G106/><T49/><D49/><U77/><E77/><V101/><F62/><N who="3" m="36151" /><G26/><T22/><D22/><U9/><E53/><V71/><F47/><W78/><G78/><N who="2" m="29737" /><F71/><N who="3" m="42375" /><G5/><T86/><D70/><U83/><E83/><V65/><F65/><W59/><G59/><T85/><D85/><AGARI ba="1,0" hai="8,13,19,85,91,93,101,103" m="29737,46633" machi="85" ten="30,1000,0" yaku="13,1" doraHai="1" who="2" fromWho="0" sc="263,-13,89,0,437,13,211,0" owari="250,5.0,89,-41.0,450,55.0,211,-19.0" />
</Scene>
</mjloggm>