<mjloggm ver="2.3"><GO type="97"/><UN n0="%E5%A4%AA%E3%81%8F%E3%81%AA%E3%81%84%E3%81%8A" n1="%E3%81%AF%E3%81%A1%E3%81%BF%E3%81%A4%E3%82%86%E3%81%9A" n2="%E5%B6%BA%E4%B8%8A%E9%96%89%E8%8A%B1" n3="%E3%81%9D%E3%82%89%E3%83%8D%E3%82%B3" dan="14,14,13,13" rate="2016,1951,1858,1855" sx="M,M,F,M"/><TAIKYOKU oya="0"/>

<Scene>
<INIT seed="0,0,0,5,2,122" ten="250,250,250,250" oya="0" hai0="92,16,124,118,40,94,83,15,131,12,5,2,47" hai1="6,73,117,19,84,77,60,85,80,29,120,50,108" hai2="72,112,44,100,26,9,8,14,133,30,27,78,123" hai3="114,98,116,45,17,107,1,32,42,79,87,104,13"/><T0/><D118/><U36/><E120/><V71/><F123/><W103/><G116/><T54/><D124/><U127/><E36/><V74/><F112/><W130/><G1/><T93/><D131/><U18/><E127/><V97/><F133/><W62/><G114/><T63/><D83/><U82/><E117/><V37/><F71/><W70/><G32/><T76/><D76/><U96/><E6/><V35/><F27/><W109/><G130/><T7/><D2/><U68/><E73/><V64/><F64/><W59/><G107/><T101/><D101/><U81/><E81/><V21/><F35/><W10/><G70/><T125/><D0/><U53/><E29/><V49/><F37/><W55/><G87/><T110/><D125/><U61/><E96/><V43/><F78/><W31/><G79/><T41/><D110/><U46/><E68/><V102/><F102/><W113/><G113/><T24/><D24/><U135/><E135/><V99/><F99/><W119/><G119/><T51/><D15/><U67/><E67/><V58/><F58/><W106/><G106/><T95/><N who="0" m="23552" /><DORA hai="132" /><T91/><D91/><N who="1" m="51591" /><E108/><V121/><F121/><W105/><G105/><T65/><D65/><U86/><E85/><V69/><F69/><W57/><G57/><N who="0" m="35255" /><D41/><U90/><E77/><V25/><F74/><W11/><G109/><T34/><D34/><U52/><E53/><V89/><F72/><W134/><G134/><T75/><D75/><U126/><E126/><V28/><F100/><W22/><G31/><T38/><D38/><AGARI ba="0,0" hai="10,11,13,17,22,38,42,45,55,59,62,98,103,104" machi="38" ten="30,1000,0" yaku="7,1" doraHai="122,132" who="3" fromWho="0" sc="250,-10,250,0,250,0,250,10" />
</Scene>
<Scene>
<INIT seed="1,0,0,1,5,49" ten="240,250,250,260" oya="1" hai0="58,98,9,57,86,72,125,21,17,129,26,119,14" hai1="8,73,52,67,134,74,135,1,85,32,131,18,118" hai2="84,90,34,45,82,110,3,65,79,10,6,108,28" hai3="123,112,41,48,55,115,63,87,107,83,62,76,78"/><U89/><E118/><V130/><F130/><W120/><G107/><T93/><D119/><U71/><E131/><V5/><F5/><W11/><G11/><T50/><D72/><U47/><E32/><V44/><F65/><W29/><G29/><T97/><D129/><U117/><E67/><V42/><F79/><W19/><G19/><T61/><D125/><U116/><E71/><V91/><F91/><W13/><G13/><T22/><D86/><U92/><E116/><V95/><F82/><W20/><G20/><T111/><D111/><N who="2" m="42538" /><F42/><W12/><G12/><T105/><D105/><U37/><E117/><V51/><F51/><W16/><G16/><N who="0" m="12615" /><D9/><U101/><E37/><V33/><F28/><W88/><G41/><T133/><D133/><N who="1" m="50699" /><E101/><V106/><F106/><W15/><G15/><T122/><D122/><U60/><E18/><V100/><F100/><W94/><G123/><T39/><D39/><U99/><E47/><AGARI ba="0,0" hai="3,6,10,33,34,44,45,47,84,90,95" m="42538" machi="47" ten="30,1000,0" yaku="14,1" doraHai="49" who="2" fromWho="1" sc="240,0,250,-10,250,10,260,0" />
</Scene>
<Scene>
<INIT seed="2,0,0,0,3,90" ten="240,240,260,260" oya="2" hai0="53,81,116,60,80,79,91,96,34,69,56,28,126" hai1="93,110,82,98,66,10,73,54,111,18,74,42,59" hai2="103,120,124,20,85,119,37,39,70,123,51,41,4" hai3="6,108,30,125,114,134,46,76,14,88,50,121,38"/><V131/><F119/><W16/><G121/><T43/><D116/><U36/><E66/><V83/><F70/><W9/><G108/><N who="1" m="41514" /><E36/><V95/><F4/><W33/><G38/><T78/><D126/><U0/><E42/><V122/><F124/><W15/><G125/><T1/><D1/><U118/><E118/><V64/><F64/><W27/><G134/><T115/><D115/><U71/><E71/><V62/><F62/><W12/><G114/><T100/><D43/><U65/><E65/><V107/><F107/><W7/><G76/><N who="0" m="29227" /><D34/><U127/><E82/><N who="0" m="31849" /><D69/><U106/><E106/><V55/><F41/><W101/><G101/><T72/><D72/><U48/><E127/><V45/><F20/><W24/><G88/><T44/><D28/><U21/><E10/><V57/><F45/><W25/><G50/><N who="0" m="28871" /><D100/><N who="1" m="60495" /><E0/><V89/><F37/><W26/><G46/><T75/><D75/><U17/><E17/><V104/><F39/><W52/><G52/><N who="0" m="33799" /><D91/><U68/><E68/><V61/><F104/><W117/><G117/><T129/><D129/><U23/><E23/><V5/><F131/><W105/><G105/><T102/><D102/><U19/><E19/><V8/><F103/><W84/><G84/><T32/><D32/><U63/><E63/><V77/><F61/><W67/><G67/><T109/><D109/><U128/><E128/><V35/><F35/><W132/><G132/><T2/><D2/><U133/><E133/><V86/><F5/><AGARI ba="0,0" hai="5,6,7,9,12,14,15,16,24,25,26,27,30,33" machi="5" ten="40,12000,2" yaku="35,6,54,1" doraHai="90" who="3" fromWho="2" sc="240,0,240,0,260,-120,260,120" />
</Scene>
<Scene>
<INIT seed="3,0,0,0,3,64" ten="240,240,140,380" oya="3" hai0="59,108,83,33,110,131,114,1,0,22,111,53,99" hai1="109,102,132,71,45,50,121,67,19,46,120,112,70" hai2="95,74,128,27,116,129,127,42,113,18,21,40,93" hai3="35,122,5,135,31,44,75,47,117,48,28,12,107"/><W105/><G122/><N who="1" m="47210" /><E102/><V91/><F74/><W133/><G75/><T61/><D131/><U72/><E19/><V51/><F116/><W88/><G117/><T11/><D114/><U36/><E72/><V123/><F113/><W100/><G100/><T126/><D126/><U23/><E23/><V98/><F123/><W125/><G125/><T65/><D33/><U15/><E15/><V30/><F127/><W85/><G47/><N who="1" m="17930" /><E112/><V9/><F51/><W92/><G35/><T7/><D99/><U89/><E89/><V17/><F93/><W73/><G73/><T29/><D83/><U8/><E8/><V41/><REACH who="2" step="1"/><F9/><REACH who="2" ten="240,240,130,380" step="2"/><N who="3" m="4143" /><G107/><T63/><D11/><U69/><E50/><V43/><N who="2" m="10752" /><DORA hai="97" /><V57/><F57/><W10/><G105/><T49/><D49/><U55/><E55/><V24/><F24/><W6/><G10/><T20/><D53/><U66/><E36/><V68/><F68/><N who="1" m="17409" /><U14/><DORA hai="76" /><E14/><V115/><F115/><W130/><G48/><T4/><D110/><U79/><E109/><V118/><F118/><W82/><G44/><T16/><D108/><U13/><E13/><V38/><F38/><W101/><G92/><T32/><D111/><U80/><E80/><V56/><F56/><W34/><G82/><T96/><D59/><U3/><E79/><V54/><F54/><W58/><G58/><T106/><D106/><U124/><E124/><V26/><F26/><W2/><G34/><T104/><D32/><U119/><E119/><V60/><F60/><W39/><G39/><T90/><D61/><U77/><E77/><V81/><F81/><RYUUKYOKU ba="0,1" sc="240,-10,240,-10,130,30,380,-10" hai2="17,18,21,27,30,91,95,98,128,129" owari="230,3.0,230,-17.0,160,-34.0,380,48.0" />
</Scene>
</mjloggm>