<mjloggm ver="2.3"><GO type="169" lobby="0"/><UN n0="%E3%82%A2%E3%83%AD%E3%82%A8%E3%82%AF%E3%83%B3" n1="%E3%83%AA%E3%83%84%E3%83%9F%E3%82%B5%E3%83%B3" n2="%E3%81%AF%E3%81%9B%E3%81%99%E3%81%91%EF%BC%8E" n3="%E5%A4%AA%E3%81%8F%E3%81%AA%E3%81%84%E3%81%8A" dan="16,18,17,18" rate="2132.79,2157.95,2157.86,2183.49" sx="M,M,M,M"/><TAIKYOKU oya="0"/>

<Scene>
<INIT seed="0,0,0,3,3,73" ten="250,250,250,250" oya="0" hai0="117,50,109,3,128,7,24,58,17,35,126,124,106" hai1="108,127,70,64,20,65,57,47,15,122,102,84,12" hai2="48,95,33,134,89,75,25,23,40,85,107,93,36" hai3="121,82,6,81,60,118,72,45,99,66,8,44,104"/><T80/><D106/><U83/><E122/><V13/><F134/><W90/><G118/><T41/><D117/><U131/><E70/><V119/><F119/><W18/><G121/><T92/><D128/><U30/><E131/><V19/><F107/><W38/><G18/><T77/><D92/><U32/><E32/><V135/><F75/><W129/><G129/><T123/><D123/><U14/><E102/><V2/><F36/><W62/><G62/><T1/><D109/><U87/><E127/><N who="0" m="48681" /><D7/><U22/><E108/><V69/><F69/><W4/><G4/><T27/><D17/><U125/><E125/><V31/><F31/><W54/><G6/><T133/><D133/><U88/><E47/><V55/><F55/><W29/><G45/><N who="0" m="25903" /><D58/><U94/><E57/><V10/><F10/><W34/><G8/><T49/><D49/><U97/><E30/><V56/><F2/><N who="0" m="522" /><D35/><U26/><E97/><V51/><F33/><W42/><G34/><T16/><D16/><N who="1" m="12551" /><E22/><V76/><F135/><W113/><G99/><T78/><D80/><U53/><E53/><V79/><F79/><AGARI ba="0,0" hai="24,27,77,78,79" m="522,25903,48681" machi="79" ten="30,11600,0" yaku="18,1,52,3" doraHai="73" who="0" fromWho="2" sc="250,116,250,0,250,-116,250,0" /><AGARI ba="0,0" hai="12,14,15,64,65,79,83,84,87,88,94" m="12551" machi="79" ten="30,7700,0" yaku="8,1,52,1,54,2" doraHai="73" who="1" fromWho="2" sc="366,0,250,77,134,-77,250,0" />
</Scene>
<Scene>
<INIT seed="0,1,0,1,5,50" ten="366,327,57,250" oya="0" hai0="48,106,22,91,120,76,13,7,80,49,45,94,116" hai1="78,105,118,109,112,56,70,115,102,97,37,122,108" hai2="86,60,52,42,129,82,57,20,87,59,98,101,69" hai3="75,124,126,111,8,29,23,125,131,51,34,5,46"/><T47/><D106/><U24/><E70/><V117/><F117/><W121/><G75/><T43/><D116/><U103/><E37/><V14/><F14/><W68/><G68/><T134/><D134/><U38/><E38/><V40/><F40/><W107/><G107/><T135/><D135/><U21/><E118/><V44/><F44/><W119/><G119/><T25/><D120/><U99/><E56/><V67/><F67/><W83/><G121/><T3/><D3/><U31/><E78/><V110/><F110/><N who="1" m="42601" /><E122/><V54/><F54/><N who="3" m="30071" /><G111/><T90/><D94/><AGARI ba="1,0" hai="21,24,31,94,97,99,102,103,105,112,115" m="42601" machi="94" ten="30,1000,0" yaku="14,1" doraHai="50" who="1" fromWho="0" sc="366,-13,327,13,57,0,250,0" />
</Scene>
<Scene>
<INIT seed="1,0,0,2,3,4" ten="353,340,57,250" oya="1" hai0="5,16,21,74,6,19,73,0,56,39,131,82,13" hai1="24,35,122,23,134,10,26,112,17,45,34,92,104" hai2="125,85,31,101,105,106,126,130,71,80,93,99,102" hai3="111,124,127,2,8,7,129,14,83,36,108,63,29"/><U12/><E104/><V135/><F135/><W100/><G36/><T18/><D39/><U9/><E122/><V15/><F15/><W69/><G100/><T76/><D131/><U98/><E134/><V46/><F46/><W97/><G97/><T47/><D74/><U40/><E112/><V30/><F30/><W25/><G83/><T118/><D118/><U123/><E123/><V72/><F72/><W113/><G63/><T59/><D47/><U96/><E96/><V49/><F49/><W38/><G69/><T42/><D42/><U121/><E121/><V78/><F78/><W53/><G53/><T77/><D77/><U60/><E60/><V89/><F89/><W86/><G86/><T132/><D132/><U48/><E26/><V107/><F107/><W66/><G66/><T115/><D115/><U44/><E44/><V109/><F109/><N who="3" m="42059" /><G38/><T81/><D82/><U103/><REACH who="1" step="1"/><E10/><REACH who="1" ten="353,330,57,250" step="2"/><V41/><F41/><W57/><G113/><T133/><D133/><U94/><E94/><V1/><F1/><W70/><G70/><T62/><D0/><U75/><E75/><V117/><F117/><W88/><G57/><T90/><D59/><U128/><E128/><V50/><F50/><W3/><G129/><T55/><D73/><U68/><E68/><V95/><F95/><W61/><G61/><T119/><D56/><U65/><E65/><V33/><F33/><N who="3" m="20655" /><G3/><T67/><D62/><U32/><E32/><V116/><F116/><W114/><G114/><T120/><D119/><U43/><E43/><V11/><F11/><W54/><G2/><T110/><D120/><RYUUKYOKU ba="0,1" sc="353,-10,330,30,57,-10,250,-10" hai1="9,12,17,23,24,34,35,40,45,48,92,98,103" />
</Scene>
<Scene>
<INIT seed="1,1,1,3,3,124" ten="343,360,47,240" oya="1" hai0="107,2,32,10,30,85,27,59,33,88,28,11,132" hai1="128,3,46,116,45,95,47,69,75,24,19,110,98" hai2="123,121,57,65,54,50,63,92,113,38,106,71,5" hai3="122,6,58,101,120,39,119,74,37,26,97,31,103"/><U130/><E75/><V100/><F100/><W15/><G74/><T99/><D132/><U48/><E116/><V8/><F8/><W108/><G58/><T43/><D43/><U44/><E69/><V77/><F77/><W105/><G119/><T87/><D2/><U83/><E3/><V109/><F109/><W14/><G108/><T94/><D59/><U91/><E110/><V67/><F67/><W76/><G76/><T60/><D60/><U0/><E0/><V21/><F21/><W52/><G6/><T112/><D112/><U80/><E19/><V126/><F126/><W135/><G135/><T18/><D18/><U72/><E24/><V13/><F13/><W129/><G26/><T81/><D107/><U61/><E61/><V64/><F64/><W134/><G134/><T55/><D55/><U93/><E93/><V117/><F117/><W70/><G52/><T17/><D17/><U51/><E51/><V56/><F56/><W16/><G16/><T79/><D99/><U7/><E7/><V104/><F104/><W35/><G97/><T9/><REACH who="0" step="1"/><D30/><REACH who="0" ten="333,360,47,240" step="2"/><U96/><E96/><V1/><F123/><W34/><G105/><T29/><D29/><U127/><E127/><V82/><F121/><W73/><G31/><T111/><D111/><U42/><REACH who="1" step="1"/><E72/><REACH who="1" ten="333,350,47,240" step="2"/><V89/><F106/><W78/><G73/><T36/><D36/><U84/><E84/><N who="2" m="50327" /><F38/><W20/><G39/><T131/><D131/><AGARI ba="1,3" hai="42,44,45,46,47,48,80,83,91,95,98,128,130,131" machi="131" ten="40,24000,3" yaku="1,1,19,1,52,3,53,3" doraHai="124" doraHaiUra="125" who="1" fromWho="0" sc="333,-243,350,273,47,0,240,0" />
</Scene>
<Scene>
<INIT seed="1,2,0,2,0,24" ten="90,623,47,240" oya="1" hai0="105,42,6,43,40,9,130,117,22,71,45,87,2" hai1="68,4,131,16,20,49,13,125,23,46,77,31,72" hai2="21,15,54,129,99,104,113,121,76,82,120,103,122" hai3="75,50,3,37,29,106,89,28,134,73,59,63,91"/><U127/><E68/><V83/><F129/><W70/><G37/><T64/><D117/><U41/><E131/><V66/><F66/><W97/><G3/><T19/><D130/><U95/><E72/><N who="2" m="43271" /><F54/><W112/><G70/><T10/><D105/><U58/><E77/><V84/><F21/><W101/><G112/><T79/><D10/><U85/><E4/><V62/><F15/><W47/><G75/><T69/><D45/><U108/><E108/><V57/><F62/><W94/><G73/><T26/><REACH who="0" step="1"/><D64/><REACH who="0" ten="80,623,47,240" step="2"/><U53/><E127/><V128/><F113/><W33/><G106/><T38/><D38/><U107/><E125/><V119/><F128/><W34/><G47/><T111/><D111/><U27/><E107/><V7/><F119/><W78/><G134/><T25/><D25/><U135/><E135/><V36/><F122/><W30/><G34/><T17/><D17/><U123/><E123/><V52/><F52/><W60/><G33/><T93/><D93/><U133/><E133/><V18/><F121/><W116/><G116/><T12/><D12/><U109/><E109/><V32/><F120/><W81/><G81/><AGARI ba="2,1" hai="2,6,9,19,22,26,40,42,43,69,71,79,81,87" machi="81" ten="40,1300,0" yaku="1,1,53,0" doraHai="24" doraHaiUra="115" who="0" fromWho="3" sc="80,29,623,0,47,0,240,-19" />
</Scene>
<Scene>
<INIT seed="2,0,0,2,5,23" ten="109,623,47,221" oya="2" hai0="108,88,47,80,63,135,56,117,53,98,78,112,126" hai1="131,36,104,74,6,42,118,77,132,4,49,5,101" hai2="30,48,27,68,20,69,59,32,107,14,116,71,10" hai3="50,92,94,2,95,90,91,60,31,87,3,79,127"/><V41/><F107/><W129/><G129/><T17/><D112/><U75/><E36/><V28/><F116/><W111/><G111/><T44/><D108/><U106/><E101/><V45/><F59/><W0/><G127/><T103/><D117/><U46/><E77/><V26/><REACH who="2" step="1"/><F69/><REACH who="2" ten="109,623,37,221" step="2"/><W73/><G2/><T96/><D126/><U29/><E106/><V19/><AGARI ba="0,1" hai="10,14,19,20,26,27,28,30,32,41,45,48,68,71" machi="19" ten="20,18000,2" yaku="1,1,2,1,0,1,7,1,52,2,53,0" doraHai="23" doraHaiUra="120" who="2" fromWho="2" sc="109,-60,623,-60,37,190,221,-60" />
</Scene>
<Scene>
<INIT seed="2,1,0,5,5,55" ten="49,563,227,161" oya="2" hai0="99,90,109,36,80,66,112,111,54,3,84,118,69" hai1="9,134,35,126,108,56,51,33,44,22,68,19,89" hai2="48,133,105,29,124,15,59,26,104,24,106,53,25" hai3="47,94,50,27,97,81,102,23,40,46,103,121,62"/><V52/><F133/><W61/><G121/><T67/><D3/><U13/><E68/><V120/><F124/><W37/><G81/><T113/><D36/><U49/><E134/><V0/><F0/><W82/><G82/><T58/><D69/><U78/><E78/><V75/><F75/><W1/><G102/><T88/><D67/><U30/><E30/><V42/><F120/><W6/><G6/><T12/><D66/><U131/><E131/><V107/><N who="2" m="26624" /><DORA hai="87" /><V115/><F115/><N who="0" m="44106" /><D12/><U85/><E108/><N who="0" m="41545" /><D118/><U39/><E39/><V4/><F42/><W18/><REACH who="3" step="1"/><G1/><REACH who="3" ten="49,563,227,151" step="2"/><T129/><D129/><U123/><E123/><V95/><F95/><W41/><AGARI ba="1,1" hai="18,23,27,37,40,41,46,47,50,61,62,94,97,103" machi="41" ten="20,8000,1" yaku="1,1,2,1,0,1,7,1,53,1" doraHai="55,87" doraHaiUra="130,92" who="3" fromWho="3" sc="49,-21,563,-21,227,-41,151,93" />
</Scene>
<Scene>
<INIT seed="3,0,0,0,0,129" ten="28,542,186,244" oya="3" hai0="51,26,75,100,1,57,89,78,38,44,70,111,93" hai1="12,80,105,32,3,81,135,21,97,76,2,11,109" hai2="59,30,67,45,114,117,77,53,34,86,64,47,127" hai3="50,92,73,112,10,128,35,19,29,79,69,66,102"/><W8/><G112/><T133/><D70/><U115/><E32/><V134/><F117/><W108/><G73/><T18/><D1/><U15/><E105/><V7/><F114/><W107/><G79/><T23/><D100/><U120/><E97/><V25/><F127/><W132/><G92/><T31/><D111/><U9/><E21/><V33/><F134/><W106/><G128/><T37/><D57/><U71/><E71/><V60/><F34/><W27/><G108/><T122/><D122/><U113/><E109/><V96/><F7/><W98/><G107/><T85/><D133/><U42/><E42/><V123/><F123/><W49/><G132/><T24/><D78/><U110/><E110/><V99/><F67/><W101/><G101/><T63/><D63/><U72/><E135/><V125/><F125/><W61/><G19/><T4/><D4/><U68/><E68/><V131/><F131/><W126/><G126/><T83/><D93/><U124/><E124/><V55/><F64/><W88/><G88/><T74/><D75/><U56/><E76/><V40/><F47/><W52/><G50/><T43/><REACH who="0" step="1"/><D74/><REACH who="0" ten="18,542,186,244" step="2"/><U48/><E72/><V104/><F104/><W119/><G119/><T58/><D58/><AGARI ba="0,1" hai="8,10,27,29,35,49,52,58,61,66,69,98,102,106" machi="58" ten="30,11600,0" yaku="7,1,25,2,54,1" doraHai="129" who="3" fromWho="0" sc="18,-116,542,0,186,0,244,126" owari="-98,-60.0,542,64.0,186,-21.0,370,17.0" />
</Scene>
</mjloggm>