<mjloggm ver="2.3"><GO type="137"/><UN n0="%E5%A4%AA%E3%81%8F%E3%81%AA%E3%81%84%E3%81%8A" n1="%6B%7A%2E%69%74" n2="%E3%82%B5%E3%82%AF%E3%83%A2" n3="%32%34%2D%4B%2E%63%6F" dan="11,12,13,12" rate="1754,1819,1792,1766" sx="M,M,M,F"/><TAIKYOKU oya="0"/>

<Scene>
<INIT seed="0,0,0,5,3,7" ten="250,250,250,250" oya="0" hai0="51,13,20,127,115,104,114,77,106,50,16,107,10" hai1="85,4,47,133,97,11,37,131,101,112,33,21,3" hai2="73,59,19,6,35,110,39,14,17,95,120,62,96" hai3="56,93,22,132,81,24,91,117,134,18,32,26,46"/><T36/><D36/><U135/><E33/><V128/><F73/><W113/><G117/><T84/><D127/><U79/><E37/><V69/><F35/><W92/><G113/><T25/><D77/><U67/><E67/><V86/><F120/><W64/><G46/><T78/><D78/><U42/><E112/><V111/><F69/><W102/><G102/><T5/><D51/><U94/><E131/><V108/><F39/><W89/><G32/><T31/><D84/><U55/><E55/><V60/><F128/><W27/><G134/><T2/><REACH who="0" step="1"/><D50/><REACH who="0" ten="240,250,250,250" step="2"/><U126/><E126/><V52/><F86/><N who="3" m="50383" /><G132/><N who="1" m="50762" /><E79/><V121/><F121/><W8/><G91/><T61/><D61/><U40/><E85/><V75/><F75/><W72/><G72/><T43/><D43/><N who="1" m="16427" /><E47/><V30/><F62/><N who="3" m="37959" /><G93/><T66/><D66/><U130/><E130/><V49/><F49/><W87/><G92/><T99/><D99/><U98/><E97/><V76/><F76/><W0/><G87/><T15/><D15/><U23/><AGARI ba="0,1" hai="3,4,11,21,23,94,98,101" m="16427,50762" machi="23" ten="30,2000,0" yaku="20,1,52,1" doraHai="7" who="1" fromWho="1" sc="240,-10,250,30,250,-5,250,-5" />
</Scene>
<Scene>
<INIT seed="1,0,0,1,4,2" ten="230,280,245,245" oya="1" hai0="24,135,89,87,99,133,13,28,63,74,76,112,78" hai1="117,77,42,52,9,73,83,81,41,6,118,19,90" hai2="75,80,111,65,17,35,18,45,27,50,131,107,64" hai3="44,20,40,70,100,103,7,49,119,10,36,16,88"/><U58/><E19/><V68/><F107/><W114/><G114/><T46/><D112/><U0/><E118/><V3/><F3/><W32/><G32/><T128/><D128/><U51/><E117/><V108/><F131/><W54/><G119/><T115/><D115/><U34/><E34/><V95/><F68/><W67/><G88/><T37/><D99/><U47/><E90/><V25/><F80/><W14/><G67/><T113/><D113/><U91/><E91/><V61/><F75/><W57/><G70/><T72/><D63/><U30/><E30/><V59/><F65/><W125/><G125/><T1/><D1/><AGARI ba="0,0" hai="1,7,10,14,16,20,36,40,44,49,54,57,100,103" machi="1" ten="30,3900,0" yaku="7,1,52,1,54,1" doraHai="2" who="3" fromWho="0" sc="230,-39,280,0,245,0,245,39" />
</Scene>
<Scene>
<INIT seed="2,0,0,5,2,5" ten="191,280,245,284" oya="2" hai0="120,93,48,123,130,105,63,80,88,135,36,77,84" hai1="127,124,68,64,23,104,133,51,115,97,35,22,99" hai2="20,24,37,69,107,108,116,76,112,11,21,54,57" hai3="39,29,79,122,38,114,43,102,128,60,119,45,34"/><V75/><F107/><W12/><G119/><T82/><D36/><U9/><E115/><V110/><F116/><W113/><G122/><N who="0" m="46635" /><D48/><U49/><E35/><V131/><F69/><W30/><G39/><T129/><D63/><U85/><E85/><V40/><F112/><N who="3" m="43115" /><G128/><N who="0" m="49259" /><D135/><U31/><E64/><V25/><F131/><W2/><G2/><T87/><D105/><U55/><E68/><V86/><F75/><W81/><G102/><T14/><D14/><U89/><E133/><V125/><F125/><N who="1" m="48201" /><E99/><V10/><F37/><W83/><G12/><T6/><D6/><U62/><E9/><N who="2" m="3083" /><F40/><W90/><G60/><T103/><D103/><N who="1" m="62575" /><E89/><V18/><F76/><W121/><G121/><T13/><D13/><U134/><E134/><V50/><F86/><N who="3" m="50511" /><G34/><T15/><D15/><U106/><E106/><V95/><F95/><AGARI ba="0,0" hai="77,80,82,84,87,88,93,95" m="49259,46635" machi="95" ten="30,7700,0" yaku="19,1,34,2,54,1" doraHai="5" who="0" fromWho="2" sc="191,77,280,0,245,-77,284,0" />
</Scene>
<Scene>
<INIT seed="3,0,0,2,1,66" ten="268,280,168,284" oya="3" hai0="26,28,76,23,12,118,78,43,71,120,55,114,134" hai1="14,63,7,51,87,46,57,129,109,88,41,112,50" hai2="84,48,68,70,21,110,107,82,5,74,30,2,116" hai3="75,96,126,37,98,27,52,128,69,8,90,86,119"/><W73/><G119/><T135/><D118/><U95/><E112/><V72/><F107/><W32/><G128/><T59/><D120/><U47/><E129/><V4/><F116/><W133/><G133/><N who="0" m="50699" /><D114/><U106/><E106/><V121/><F110/><W77/><G126/><T85/><D43/><U38/><E109/><V100/><F100/><W130/><G130/><T19/><D85/><U25/><E25/><V108/><F108/><W124/><G124/><T123/><D71/><U42/><E38/><V29/><F48/><W111/><G111/><T102/><D102/><U15/><REACH who="1" step="1"/><E7/><REACH who="1" ten="268,270,168,284" step="2"/><V99/><F121/><W122/><G122/><T89/><D123/><U18/><E18/><V11/><F4/><W83/><G37/><T79/><D28/><U91/><E91/><V33/><F30/><W60/><G27/><T54/><D89/><U56/><E56/><V93/><F33/><W53/><G32/><T45/><D59/><U10/><E10/><V127/><F127/><W132/><G8/><T13/><D45/><U31/><E31/><V125/><F125/><W80/><G73/><T9/><D26/><U44/><E44/><V103/><F29/><W35/><G35/><T39/><D39/><U131/><E131/><V36/><F36/><W61/><G132/><T81/><D9/><U34/><E34/><V117/><F117/><W94/><G69/><T17/><D17/><U58/><E58/><V40/><F21/><W115/><G115/><T67/><D19/><U92/><E92/><V24/><F70/><W113/><G113/><T65/><D23/><U104/><E104/><RYUUKYOKU ba="0,1" sc="268,-10,270,30,168,-10,284,-10" hai1="14,15,41,42,46,47,50,51,57,63,87,88,95" />
</Scene>
<Scene>
<INIT seed="4,1,1,1,2,59" ten="258,300,158,274" oya="0" hai0="61,131,83,107,71,33,80,110,46,99,98,86,20" hai1="67,125,133,102,11,22,120,27,94,130,41,26,2" hai2="53,78,54,100,132,91,76,43,115,111,45,30,114" hai3="134,128,10,23,50,88,16,34,15,109,1,119,89"/><T117/><D33/><U74/><E74/><V48/><F111/><W5/><G119/><T116/><D110/><U51/><E120/><V96/><F30/><W95/><G109/><T13/><D83/><U8/><E2/><V90/><F132/><W57/><G128/><T113/><D131/><U126/><E130/><V127/><F127/><N who="1" m="48649" /><E133/><V108/><F108/><W3/><G134/><T93/><D107/><U97/><E41/><V7/><F7/><W112/><G112/><T12/><D113/><N who="2" m="43018" /><F76/><W135/><G135/><T17/><D46/><U9/><E51/><N who="2" m="27071" /><F78/><W82/><G82/><T103/><D98/><U36/><E36/><V47/><F54/><N who="3" m="31959" /><G89/><T81/><D13/><U104/><E104/><AGARI ba="1,1" hai="47,48,53,90,91,96,100,104" m="27071,43018" machi="104" ten="30,1000,0" yaku="15,1" doraHai="59" who="2" fromWho="1" sc="258,0,300,-13,158,23,274,0" />
</Scene>
<Scene>
<INIT seed="5,0,0,1,5,43" ten="258,287,181,274" oya="1" hai0="97,35,55,116,16,80,4,49,52,26,41,18,125" hai1="93,50,48,34,46,11,89,51,75,132,101,60,67" hai2="71,135,5,1,59,61,92,58,56,117,85,72,134" hai3="121,45,66,27,112,100,63,40,44,109,126,98,23"/><U3/><E34/><V111/><F72/><W131/><G109/><T37/><D116/><U113/><E75/><V119/><F111/><W10/><G121/><T68/><D68/><U120/><E120/><V54/><F71/><W91/><G131/><T57/><D125/><U19/><E101/><V102/><F1/><W15/><G126/><T99/><D4/><U32/><E32/><V124/><F5/><W130/><G130/><T33/><D80/><U95/><E132/><V70/><F70/><W103/><G112/><T118/><D118/><U105/><E105/><V128/><F128/><W7/><G91/><T42/><D37/><U87/><E113/><V83/><F124/><W96/><G40/><N who="0" m="15467" /><D99/><N who="3" m="37929" /><G63/><N who="0" m="36263" /><D35/><U9/><E95/><V20/><F119/><W127/><G66/><T29/><D33/><U13/><E9/><V64/><F117/><W76/><G76/><T78/><D78/><U30/><E30/><V106/><F106/><W94/><G94/><T133/><D133/><N who="2" m="50698" /><F102/><N who="3" m="38955" /><G127/><T22/><D97/><U86/><E87/><V108/><F92/><W123/><G123/><T77/><D77/><U39/><E39/><V47/><F108/><W14/><G14/><T65/><D65/><U88/><E89/><N who="2" m="51391" /><F64/><W8/><G8/><T82/><D82/><U17/><E19/><AGARI ba="0,0" hai="7,10,15,19,23,27,44,45" m="38955,37929" machi="19" ten="30,3900,0" yaku="8,1,52,2" doraHai="43" who="3" fromWho="1" sc="258,0,287,-39,181,0,274,39" />
</Scene>
<Scene>
<INIT seed="6,0,0,5,2,39" ten="258,248,181,313" oya="2" hai0="100,108,23,31,14,7,99,33,2,125,84,17,118" hai1="55,110,18,38,126,94,32,120,131,129,49,114,45" hai2="77,48,95,6,29,102,25,47,15,74,65,0,75" hai3="13,86,3,80,16,4,27,82,130,46,88,5,20"/><V66/><F0/><W70/><G70/><T63/><D108/><U111/><E32/><V89/><F102/><W81/><G130/><N who="1" m="49674" /><E94/><V116/><F116/><W83/><G3/><T121/><D121/><U87/><E18/><V37/><F37/><W132/><G132/><T22/><D118/><U92/><E92/><V135/><F135/><W71/><G71/><T58/><D125/><U36/><E87/><V123/><F123/><W119/><G119/><T101/><D84/><U30/><E30/><V73/><F77/><W54/><G27/><N who="0" m="18687" /><D23/><U128/><E120/><V107/><F107/><W53/><G54/><N who="0" m="34263" /><D99/><U127/><N who="1" m="49682" /><U91/><DORA hai="34" /><E91/><V76/><F76/><W78/><G78/><T1/><D1/><U52/><E114/><V61/><F6/><W103/><G103/><T35/><D35/><U69/><E69/><V26/><F15/><W90/><G90/><T57/><D57/><U96/><E96/><V98/><F65/><W43/><REACH who="3" step="1"/><G53/><REACH who="3" ten="258,248,181,303" step="2"/><N who="1" m="20554" /><E49/><AGARI ba="0,1" hai="4,5,13,16,20,43,46,49,80,81,82,83,86,88" machi="49" ten="40,12000,2" yaku="1,1,8,1,52,1,54,2,53,1" doraHai="39,34" doraHaiUra="11,64" who="3" fromWho="1" sc="258,0,248,-120,181,0,303,130" />
</Scene>
<Scene>
<INIT seed="7,0,0,3,2,81" ten="258,128,181,433" oya="3" hai0="47,30,27,117,103,6,112,37,73,58,104,76,72" hai1="88,33,49,4,95,110,60,25,122,63,0,75,86" hai2="17,51,135,96,50,111,101,35,44,39,102,15,99" hai3="90,68,41,107,83,45,85,48,134,28,8,108,92"/><W70/><G107/><T13/><D117/><U55/><E75/><V65/><F35/><W115/><G134/><T71/><D76/><U54/><E122/><V62/><F111/><W133/><G133/><T26/><D26/><U93/><E110/><V74/><F74/><W105/><G105/><T1/><D13/><U32/><E0/><V77/><F39/><W61/><G108/><T40/><D58/><U113/><E113/><V125/><F77/><W31/><G115/><T42/><D42/><U78/><E4/><V57/><F125/><W132/><G132/><T79/><D79/><U53/><E78/><V114/><F114/><W52/><G70/><T128/><D71/><U66/><E25/><V59/><F59/><N who="3" m="35047" /><G68/><T21/><D112/><U10/><E10/><V131/><F131/><W91/><G8/><N who="0" m="2127" /><D21/><U82/><E49/><V38/><F38/><W130/><G130/><T43/><D43/><U124/><E124/><V94/><F44/><W36/><G36/><T118/><D118/><U129/><E129/><V5/><F135/><W23/><G23/><T67/><D67/><U119/><E119/><V20/><REACH who="2" step="1"/><F5/><REACH who="2" ten="258,128,171,433" step="2"/><W126/><G126/><T100/><D128/><U24/><E24/><V123/><F123/><W80/><G31/><T89/><D73/><U18/><E18/><V7/><F7/><W116/><G28/><T69/><D72/><U56/><REACH who="1" step="1"/><E63/><REACH who="1" ten="258,118,171,433" step="2"/><V19/><F19/><W9/><G116/><T120/><D120/><U97/><E97/><V3/><F3/><W14/><G45/><N who="0" m="23695" /><D30/><U127/><E127/><V84/><F84/><W46/><G85/><RYUUKYOKU ba="0,2" sc="258,-15,118,15,171,15,433,-15" hai1="32,33,53,54,55,56,60,66,82,86,88,93,95" hai2="15,17,20,50,51,57,62,65,94,96,99,101,102" owari="243,4.0,133,-37.0,186,-21.0,438,54.0" />
</Scene>
</mjloggm>