<mjloggm ver="2.3"><GO type="193"/><UN n0="%2A%68%61%6E%61%6B%6F%2A" n1="%E5%A4%AA%E3%81%8F%E3%81%AA%E3%81%84%E3%81%8A" n2="%E6%9C%AC%E6%A5%BD%E7%9D%A6%E8%91%89" n3="%E3%81%BE%E3%81%81%78%31" dan="11,11,12,11" rate="1651,1772,1860,1600" sx="F,M,F,M"/><TAIKYOKU oya="0"/>

<Scene>
<INIT seed="0,0,0,0,1,44" ten="250,250,250,250" oya="0" hai0="85,0,23,57,66,116,45,86,94,122,1,27,130" hai1="59,35,118,36,135,132,63,25,22,107,61,80,50" hai2="51,115,82,68,134,56,46,87,127,67,106,92,49" hai3="17,81,128,113,42,72,100,47,133,21,38,121,93"/><T65/><D122/><U9/><E118/><V131/><F127/><W91/><G121/><T28/><D116/><U2/><E36/><V14/><F134/><N who="1" m="51241" /><E107/><V31/><F131/><W20/><G133/><T123/><D123/><U41/><E35/><V98/><F115/><W18/><G128/><T69/><D130/><U84/><E9/><V129/><F129/><W55/><G113/><T75/><D75/><U97/><E97/><V30/><F106/><W24/><G72/><T7/><D69/><U96/><E96/><V34/><F34/><W112/><G112/><T6/><D1/><U60/><E2/><V4/><F68/><W125/><G125/><T33/><D33/><U95/><E95/><V104/><F104/><W111/><G111/><T103/><D0/><U12/><E12/><V70/><F70/><W117/><G117/><T109/><D109/><U110/><E110/><V37/><F37/><W29/><G100/><T15/><D45/><N who="1" m="25903" /><E59/><V73/><F73/><W43/><G43/><T3/><D3/><U39/><E39/><V89/><F67/><N who="0" m="25610" /><D57/><U108/><E108/><V5/><F56/><W79/><G55/><T64/><N who="0" m="25618" /><T62/><DORA hai="101" /><D62/><U88/><E61/><V13/><F46/><W114/><G114/><T19/><D103/><U26/><E26/><V76/><F14/><W32/><G32/><T52/><D52/><U78/><E78/><V40/><F40/><W10/><G10/><N who="0" m="6647" /><D94/><U90/><E90/><V102/><F89/><W120/><G120/><T83/><D86/><U48/><E48/><N who="2" m="18507" /><F13/><W54/><G54/><T58/><D58/><RYUUKYOKU ba="0,0" sc="250,10,250,10,250,10,250,-30" hai0="6,7,23,27,28,83,85" hai1="22,25,60,63,80,84,88" hai2="4,5,30,31,76,82,87,92,98,102" />
</Scene>
<Scene>
<INIT seed="0,1,0,1,1,47" ten="260,260,260,220" oya="0" hai0="21,85,131,89,51,32,118,13,92,102,37,133,103" hai1="9,119,15,117,6,56,94,127,81,36,18,1,34" hai2="121,3,71,29,68,115,111,28,101,99,79,86,63" hai3="82,55,67,49,61,90,91,0,44,19,25,113,105"/><T23/><D32/><U120/><E120/><V104/><F111/><W24/><G113/><T78/><D37/><U108/><E36/><V41/><F115/><W128/><G128/><T134/><D131/><U14/><E108/><V97/><F121/><W8/><G105/><T38/><D118/><U109/><E109/><V66/><F3/><W45/><G45/><T96/><D38/><U59/><E34/><V33/><F41/><W107/><G107/><T52/><D78/><U35/><E35/><V22/><F22/><W122/><G122/><T123/><D123/><U54/><E127/><V110/><F110/><W112/><G112/><T125/><D125/><U132/><E132/><N who="0" m="50793" /><D13/><U26/><E26/><N who="2" m="18583" /><F29/><W135/><G135/><T98/><D98/><U57/><E81/><N who="2" m="47423" /><F97/><W95/><G0/><T42/><D42/><U62/><E1/><V70/><AGARI ba="1,0" hai="63,66,68,70,71,99,101,104" m="47423,18583" machi="70" ten="30,1100,0" yaku="25,1" doraHai="47" who="2" fromWho="2" sc="260,-6,260,-4,260,14,220,-4" />
</Scene>
<Scene>
<INIT seed="1,0,0,2,5,100" ten="254,256,274,216" oya="1" hai0="116,47,3,76,130,16,31,22,60,68,118,13,89" hai1="39,124,30,32,79,85,131,98,7,19,24,95,86" hai2="54,70,74,119,58,36,97,8,26,41,117,93,128" hai3="37,20,133,57,114,110,10,53,78,71,4,123,25"/><U121/><E121/><V112/><F74/><W64/><G123/><T27/><D130/><U134/><E39/><V81/><F70/><W106/><G114/><T5/><D68/><U125/><E131/><V11/><F128/><W52/><G133/><T65/><D47/><U2/><E134/><V67/><F112/><W28/><G110/><T15/><D76/><U12/><E79/><V50/><F67/><W75/><G37/><T42/><D65/><U122/><E122/><V82/><F26/><W21/><G71/><T88/><D42/><U135/><E135/><V132/><F132/><W72/><G21/><T35/><D60/><U113/><E113/><V59/><F59/><W48/><G64/><T63/><D63/><U96/><E7/><V73/><F117/><W80/><G72/><T69/><D69/><U101/><E2/><V49/><F36/><W61/><G61/><T126/><D126/><N who="1" m="48747" /><E98/><V84/><F119/><W66/><G66/><T23/><D118/><U6/><E6/><V40/><F73/><W77/><G77/><T104/><D116/><U62/><E62/><V51/><F84/><W99/><G53/><T18/><D104/><U38/><E38/><V46/><F97/><W9/><G4/><T127/><D127/><U43/><E43/><V56/><F41/><W0/><G0/><T105/><D105/><U109/><E109/><V44/><F40/><W55/><G55/><T90/><D90/><U29/><E29/><V45/><F54/><W107/><G99/><T92/><D92/><U129/><E129/><V108/><F108/><W94/><G94/><RYUUKYOKU ba="0,0" sc="254,10,256,10,274,-30,216,10" hai0="3,5,13,15,16,18,22,23,27,31,35,88,89" hai1="12,19,24,30,32,85,86,95,96,101" hai3="9,10,20,25,28,48,52,57,75,78,80,106,107" />
</Scene>
<Scene>
<INIT seed="1,1,0,5,1,93" ten="264,266,244,226" oya="1" hai0="56,111,55,38,48,63,29,8,58,44,51,133,13" hai1="121,25,67,104,39,112,82,21,115,87,123,71,49" hai2="65,46,108,34,86,26,17,84,66,100,37,31,95" hai3="15,127,98,132,52,28,40,14,124,6,113,79,81"/><U94/><E104/><V30/><F108/><W68/><G113/><T91/><D133/><U23/><E39/><V59/><F31/><W72/><G68/><T2/><D111/><U102/><E112/><V9/><F37/><W101/><G132/><T41/><D2/><U12/><E115/><V57/><F46/><W70/><G70/><T97/><D29/><U18/><E71/><V92/><F100/><W61/><G40/><T22/><D22/><U0/><E0/><V117/><F117/><W27/><G6/><T24/><D24/><U50/><E67/><V99/><F99/><W85/><G72/><T35/><D35/><U54/><E121/><V105/><F105/><N who="3" m="63671" /><G27/><T32/><D32/><U128/><E128/><V110/><F110/><W60/><G28/><T4/><D91/><N who="1" m="51703" /><E123/><V45/><F45/><W64/><G64/><T20/><D20/><U16/><E54/><V11/><F34/><W1/><G1/><T42/><D42/><U109/><E109/><V131/><F131/><W47/><G47/><T96/><D48/><U69/><E69/><V77/><F77/><W19/><G19/><T36/><REACH who="0" step="1"/><D36/><REACH who="0" ten="254,266,244,226" step="2"/><U125/><E125/><N who="3" m="48202" /><G61/><T43/><D43/><U73/><E50/><V53/><F30/><W83/><G83/><T90/><D90/><U10/><E49/><V78/><F26/><W5/><G5/><T76/><D76/><U118/><E21/><V135/><F78/><W119/><G119/><T62/><D62/><U3/><E118/><V114/><F135/><W33/><G33/><T7/><D7/><U120/><E3/><V129/><F114/><RYUUKYOKU ba="1,1" sc="254,15,266,-15,244,-15,226,15" hai0="4,8,13,38,41,44,51,55,56,58,63,96,97" hai3="14,15,52,60,79,81,85" />
</Scene>
<Scene>
<INIT seed="2,2,1,2,2,131" ten="269,251,229,241" oya="2" hai0="127,78,130,40,58,85,62,75,76,4,57,71,22" hai1="20,109,51,6,126,43,2,87,33,122,116,53,119" hai2="12,9,11,97,115,17,7,5,94,34,92,114,118" hai3="19,24,31,108,41,29,93,18,63,79,3,28,70"/><V89/><F118/><W10/><G108/><T65/><D130/><U66/><E33/><V44/><F44/><W60/><G41/><T121/><D127/><U117/><E109/><V59/><F59/><W36/><G36/><T15/><D121/><U104/><E104/><V105/><F34/><W106/><G106/><T21/><D75/><U77/><E126/><V46/><F46/><W98/><G79/><T91/><D40/><U23/><E66/><V54/><F54/><W135/><G70/><T133/><D133/><U35/><E35/><V84/><F105/><W72/><G72/><T42/><D42/><U111/><E43/><V86/><F17/><N who="3" m="6155" /><G3/><T67/><D71/><U49/><E111/><V26/><F26/><W16/><G135/><T101/><D101/><U113/><E122/><V88/><REACH who="2" step="1"/><F97/><REACH who="2" ten="269,251,219,241" step="2"/><W95/><G98/><T14/><D4/><U38/><E38/><V69/><F69/><W56/><G56/><T82/><D67/><U37/><E37/><V52/><F52/><W81/><G24/><T134/><D134/><U80/><E51/><V47/><F47/><W99/><G99/><T1/><D58/><U128/><E49/><V90/><F90/><W27/><G27/><T13/><D1/><AGARI ba="2,2" hai="1,5,7,9,11,12,84,86,88,89,92,94,114,115" machi="1" ten="30,12000,1" yaku="1,1,7,1,9,1,54,1,53,1" doraHai="131" doraHaiUra="8" who="2" fromWho="0" sc="269,-126,251,0,219,146,241,0" />
</Scene>
<Scene>
<INIT seed="2,3,0,4,3,59" ten="143,251,365,241" oya="2" hai0="26,13,41,114,15,81,109,47,51,65,30,104,123" hai1="128,62,84,121,97,119,56,99,132,35,37,125,82" hai2="9,17,85,107,64,116,32,48,69,122,29,24,70" hai3="83,42,28,18,40,14,74,16,88,45,44,133,8"/><V27/><F122/><W131/><G131/><T31/><D123/><U49/><E37/><V20/><F116/><W118/><G118/><T6/><D114/><U115/><E121/><V23/><F107/><W96/><G133/><T25/><D109/><U21/><E119/><V57/><F85/><W117/><G117/><T72/><D104/><U22/><E35/><V60/><F9/><W43/><G74/><T61/><D72/><U38/><E38/><V110/><F110/><W126/><G126/><T58/><D81/><U134/><E125/><V93/><F93/><W12/><G28/><T7/><D15/><U98/><E49/><V89/><F89/><W0/><G0/><T95/><D13/><U79/><E128/><V101/><F101/><W63/><G63/><T10/><D95/><U124/><E115/><V100/><F100/><W103/><G83/><T50/><D10/><U108/><E124/><V111/><F111/><W33/><G33/><T5/><D50/><U66/><REACH who="1" step="1"/><E108/><REACH who="1" ten="143,241,365,241" step="2"/><V3/><F48/><W94/><REACH who="3" step="1"/><G103/><REACH who="3" ten="143,241,365,231" step="2"/><T67/><D67/><U34/><E34/><V87/><F32/><W113/><G113/><T86/><D86/><U120/><E120/><V78/><F87/><W75/><G75/><T53/><D65/><U112/><E112/><V129/><F64/><W55/><G55/><T52/><REACH who="0" step="1"/><D53/><REACH who="0" ten="133,241,365,231" step="2"/><U4/><E4/><V127/><F127/><W19/><G19/><T2/><D2/><U135/><AGARI ba="3,3" hai="21,22,56,62,66,79,82,84,97,98,99,132,134,135" machi="135" ten="40,8000,1" yaku="1,1,0,1,20,1,52,1,53,0" doraHai="59" doraHaiUra="102" who="1" fromWho="1" sc="133,-23,241,119,365,-43,231,-23" />
</Scene>
<Scene>
<INIT seed="3,0,0,2,4,116" ten="110,360,322,208" oya="3" hai0="13,1,77,2,42,64,53,6,20,22,62,37,12" hai1="39,18,110,104,41,78,73,122,35,32,120,123,55" hai2="45,19,52,72,47,17,115,44,133,51,114,88,67" hai3="132,59,74,26,87,10,124,34,71,111,89,36,25"/><W49/><G124/><T101/><D37/><U79/><E55/><V27/><F72/><W40/><G36/><T91/><D101/><U90/><E90/><V117/><F117/><W80/><G74/><T0/><D77/><U118/><E118/><V112/><F133/><W29/><G71/><T63/><D42/><U125/><E18/><V96/><F67/><W102/><G132/><T126/><D126/><U5/><E79/><V109/><F109/><W16/><G111/><T7/><D91/><U48/><E48/><V30/><F47/><W4/><G102/><T8/><D53/><U121/><E121/><V131/><F45/><W9/><G9/><N who="0" m="4151" /><D62/><U97/><E5/><V23/><REACH who="2" step="1"/><F131/><REACH who="2" ten="110,360,312,208" step="2"/><W43/><G59/><T113/><D64/><U70/><E110/><V15/><F15/><W130/><G130/><T14/><D113/><U61/><E125/><V119/><F119/><W100/><G43/><T86/><D86/><U103/><E41/><V94/><AGARI ba="0,1" hai="17,19,23,27,30,44,51,52,88,94,96,112,114,115" machi="94" ten="40,8000,1" yaku="1,1,0,1,54,2,53,0" doraHai="116" doraHaiUra="134" who="2" fromWho="2" sc="110,-20,360,-20,312,90,208,-40" owari="90,-41.0,340,14.0,402,50.0,168,-23.0" />
</Scene>
</mjloggm>